<mjloggm ver="2.3"><GO type="225" lobby="0"/><UN n0="%E3%82%8F%E3%81%A3%E3%81%97%E3%82%87%E3%81%84%E5%90%9B%32%E5%8F%B7" n1="%E3%83%B4%E3%83%A0%EF%BC%99%E3%81%A6" n2="%E3%82%A4%E3%83%8A%E3%82%BA%E3%83%9E%E8%91%AC%E5%84%80" n3="%E2%98%85%E3%83%9F%E3%83%BC%E3%82%B3%E2%98%85" dan="16,17,17,17" rate="2137.77,2216.26,2198.75,2233.94" sx="M,M,F,F"/><TAIKYOKU oya="0"/><INIT seed="0,0,0,3,5,63" ten="250,250,250,250" oya="0" hai0="110,37,108,98,52,115,130,104,45,44,129,83,80" hai1="94,75,60,5,132,59,9,6,76,135,92,77,18" hai2="126,41,48,70,23,109,7,0,84,4,3,20,106" hai3="116,8,33,55,62,127,16,50,93,131,38,56,120"/><T133/><D115/><U72/><E60/><V73/><F73/><N who="1" m="28233" /><E59/><V114/><F84/><W69/><G116/><T125/><D125/><U134/><E9/><V122/><F106/><W17/><G33/><T53/><D133/><U118/><E18/><V61/><F126/><W89/><G127/><T39/><D104/><U117/><E117/><V13/><F109/><W96/><G131/><T46/><D46/><U34/><E34/><V29/><F122/><W21/><G120/><T78/><D98/><U123/><E123/><V11/><F114/><W47/><G38/><T1/><REACH who="0" step="1"/><D78/><REACH who="0" ten="240,250,250,250" step="2"/><N who="1" m="30315" /><E118/><V57/><F0/><AGARI ba="0,1" hai="0,1,37,39,44,45,52,53,80,83,108,110,129,130" machi="0" ten="25,9600,0" yaku="1,1,22,2,54,1,53,0" doraHai="63" doraHaiUra="102" who="0" fromWho="2" sc="240,106,250,0,250,-96,250,0" /><INIT seed="0,1,0,2,2,24" ten="346,250,154,250" oya="0" hai0="134,60,104,42,130,29,123,1,64,30,39,79,53" hai1="68,73,8,62,125,80,102,35,124,38,10,126,91" hai2="17,114,25,0,116,128,75,43,13,34,52,70,74" hai3="47,66,111,56,89,59,6,117,94,67,90,3,127"/><T85/><D123/><U63/><E38/><V50/><F114/><W51/><G117/><T20/><D104/><U135/><E135/><V78/><F116/><W28/><G111/><T77/><D1/><U15/><E35/><V97/><F128/><W115/><G115/><T76/><D134/><U120/><E120/><V31/><F0/><W107/><G107/><T4/><D130/><U40/><E40/><V9/><F70/><W7/><G127/><T105/><D105/><U12/><E102/><V131/><F131/><W122/><G122/><T14/><D42/><U21/><E21/><V92/><F78/><W113/><G113/><T133/><D39/><U132/><E132/><V5/><F5/><N who="3" m="1547" /><G28/><N who="0" m="10859" /><D133/><U22/><E73/><V16/><F17/><W54/><G3/><T57/><D64/><N who="3" m="24617" /><G90/><T69/><D69/><U98/><E91/><V71/><F71/><W72/><G72/><T18/><D4/><U83/><E68/><V2/><F2/><W106/><G106/><T86/><AGARI ba="1,0" hai="14,18,20,53,57,60,76,77,79,85,86" m="10859" machi="86" ten="30,11700,0" yaku="8,1,52,3" doraHai="24" who="0" fromWho="0" sc="346,120,250,-40,154,-40,250,-40" /><INIT seed="0,2,0,3,5,127" ten="466,210,114,210" oya="0" hai0="23,20,14,51,10,21,33,17,73,116,55,34,25" hai1="75,41,72,89,49,118,107,3,100,133,26,87,69" hai2="13,105,96,4,48,5,8,88,70,46,65,67,101" hai3="104,120,27,29,11,43,108,35,114,9,16,110,98"/><T111/><D73/><U94/><E3/><V24/><F70/><W106/><G114/><T66/><D66/><U0/><E0/><V82/><F5/><W40/><G120/><T125/><D116/><U131/><E69/><V74/><F24/><W115/><G115/><T2/><D125/><U134/><E118/><V58/><F58/><W79/><G79/><T61/><D61/><U97/><E26/><V28/><F28/><W45/><G43/><T47/><D111/><N who="3" m="42537" /><G98/><T37/><D37/><U128/><E49/><V86/><REACH who="2" step="1"/><F74/><REACH who="2" ten="466,210,104,210" step="2"/><N who="1" m="28201" /><E41/><AGARI ba="2,1" hai="4,8,13,41,46,48,65,67,82,86,88,96,101,105" machi="41" ten="30,8000,1" yaku="1,1,7,1,54,1,53,2" doraHai="127" doraHaiUra="62" who="2" fromWho="1" sc="466,0,210,-86,104,96,210,0" /><INIT seed="1,0,0,4,0,35" ten="466,124,200,210" oya="1" hai0="107,36,115,102,31,85,34,68,125,18,15,110,8" hai1="86,78,29,53,103,104,92,61,2,27,5,64,70" hai2="120,37,90,130,11,84,30,106,133,105,126,22,76" hai3="32,67,41,80,55,26,16,129,116,14,87,10,96"/><U81/><E104/><N who="2" m="40043" /><F22/><W71/><G129/><T50/><D110/><U123/><E123/><V118/><F11/><W23/><G116/><T119/><D125/><U38/><E38/><V95/><F30/><W72/><G72/><T21/><D115/><U89/><E103/><V82/><F37/><W47/><G32/><T13/><D68/><U3/><E5/><V54/><F54/><W101/><G55/><T56/><D119/><U12/><E12/><V24/><F24/><W40/><G67/><T69/><D69/><U113/><E113/><V122/><F118/><W58/><G58/><T127/><D127/><U98/><REACH who="1" step="1"/><E53/><REACH who="1" ten="466,114,200,210" step="2"/><V83/><F126/><W99/><G14/><N who="0" m="9431" /><D36/><U128/><E128/><V49/><F130/><W1/><G101/><T46/><D102/><U73/><E73/><V17/><F122/><W44/><G40/><T9/><D107/><U59/><E59/><V135/><F120/><W117/><G41/><T134/><D56/><U43/><E43/><V74/><F74/><W57/><G57/><T112/><D112/><U65/><E65/><V25/><F49/><W97/><G71/><T111/><D50/><U6/><E6/><V108/><F108/><W109/><G109/><T94/><D111/><U48/><E48/><V62/><F135/><W93/><G117/><T7/><D134/><U66/><E66/><V132/><F133/><W52/><G52/><T39/><D39/><U79/><E79/><V77/><F77/><N who="3" m="46479" /><G47/><T114/><D46/><U88/><E88/><V0/><F76/><W121/><G44/><T28/><D114/><U42/><E42/><RYUUKYOKU ba="0,1" sc="466,-10,114,30,200,-10,210,-10" hai1="2,3,27,29,61,64,70,78,81,86,89,92,98" /><INIT seed="1,1,1,4,1,63" ten="456,144,190,200" oya="1" hai0="33,21,2,113,5,9,44,35,55,77,29,119,116" hai1="108,24,47,13,68,42,40,73,79,65,87,27,41" hai2="60,50,11,110,15,86,129,75,67,103,4,99,90" hai3="74,131,133,22,80,69,122,7,94,93,45,30,127"/><U70/><E73/><V91/><F110/><W49/><G122/><T48/><D113/><U132/><E108/><V62/><F129/><W17/><G131/><T3/><D3/><U82/><E132/><V95/><F75/><W84/><G74/><T125/><D125/><U61/><E47/><V46/><F62/><W89/><G127/><T51/><D77/><U28/><E13/><V57/><REACH who="2" step="1"/><F86/><REACH who="2" ten="456,144,180,200" step="2"/><W92/><G133/><T128/><D128/><U88/><E68/><V78/><F78/><W118/><G69/><T124/><D124/><U23/><E24/><V56/><F56/><W123/><G123/><T8/><D119/><U43/><N who="1" m="10752" /><DORA hai="32" /><U121/><E121/><V105/><F105/><W37/><G84/><T14/><D116/><U120/><E120/><V115/><F115/><W31/><G118/><T83/><D51/><U135/><E135/><V126/><F126/><W12/><G49/><T96/><D48/><U59/><E70/><V98/><F98/><W19/><G45/><T39/><D96/><U16/><E79/><V25/><F25/><W64/><G37/><T106/><D39/><U54/><E65/><V34/><F34/><W112/><G64/><T1/><D33/><U36/><E36/><V107/><F107/><W134/><G112/><T85/><D35/><U52/><REACH who="1" step="1"/><E54/><AGARI ba="1,2" hai="4,11,15,46,50,54,57,60,67,90,91,95,99,103" machi="54" ten="30,7700,0" yaku="1,1,7,1,8,1,52,1,53,0" doraHai="63,32" doraHaiUra="109,81" who="2" fromWho="1" sc="456,0,144,-80,180,100,200,0" /><INIT seed="2,0,0,5,4,7" ten="456,64,280,200" oya="2" hai0="15,73,54,64,90,59,99,45,91,41,88,134,103" hai1="68,42,19,130,72,58,106,2,97,46,114,127,109" hai2="53,113,32,38,132,60,66,67,129,29,16,70,5" hai3="43,79,26,28,135,84,75,27,47,23,117,63,107"/><V128/><F113/><W123/><BYE who="1" /><G117/><T34/><D73/><U50/><E50/><V31/><F132/><W51/><G123/><T80/><D34/><U69/><E69/><V119/><F119/><W124/><G135/><T125/><D134/><U24/><E24/><V35/><F38/><W87/><G124/><T111/><D111/><U14/><E14/><V18/><F5/><W100/><G75/><T10/><D125/><U49/><E49/><V9/><F53/><W57/><G79/><T40/><D64/><U121/><E121/><V11/><F60/><W131/><G131/><T86/><D45/><U93/><E93/><V104/><F104/><W78/><G78/><N who="0" m="46359" /><D103/><U115/><E115/><V12/><F12/><W39/><G39/><T118/><D99/><U3/><E3/><V30/><F31/><W44/><G44/><T77/><D77/><U96/><E96/><V55/><F55/><W48/><G48/><N who="0" m="31175" /><D118/><U61/><E61/><V83/><REACH who="2" step="1"/><F83/><REACH who="2" ten="456,64,270,200" step="2"/><W33/><G107/><T81/><D81/><U126/><E126/><V82/><F82/><W62/><G62/><T8/><D15/><U85/><E85/><V112/><F112/><W116/><G116/><T52/><D52/><U102/><E102/><V105/><F105/><W76/><G100/><T94/><D94/><U120/><E120/><V95/><F95/><W0/><G87/><T1/><D1/><U22/><E22/><V21/><F21/><W25/><G0/><T4/><D4/><U6/><E6/><V74/><F74/><W71/><G23/><T98/><D98/><U17/><E17/><RYUUKYOKU ba="0,1" sc="456,15,64,-15,270,15,200,-15" hai0="8,10,40,41,88,90,91" hai2="9,11,16,18,29,30,32,35,66,67,70,128,129" /><INIT seed="2,1,1,4,5,15" ten="471,49,285,185" oya="2" hai0="33,81,44,108,109,77,122,116,110,40,112,72,48" hai1="124,70,6,114,53,104,58,50,125,79,0,95,32" hai2="97,20,115,113,74,52,49,102,55,101,117,87,5" hai3="13,83,21,132,8,103,127,18,119,57,19,45,29"/><V25/><F74/><W91/><G119/><T82/><D116/><U26/><E26/><V34/><F34/><W69/><G69/><T111/><D111/><U38/><E38/><V68/><F117/><W98/><G132/><T128/><D128/><U54/><E54/><V76/><F68/><W107/><G127/><T51/><D112/><U93/><E93/><V14/><F55/><W129/><G129/><T12/><D33/><U46/><E46/><V4/><F115/><W130/><G130/><T94/><D122/><UN n1="%E3%83%B4%E3%83%A0%EF%BC%99%E3%81%A6" /><U63/><E63/><V118/><BYE who="1" /><F118/><W105/><G105/><T47/><D82/><U67/><E67/><V24/><F113/><W131/><G131/><T60/><D60/><U27/><E27/><BYE who="0" /><N who="2" m="10315" /><F87/><UN n0="%E3%82%8F%E3%81%A3%E3%81%97%E3%82%87%E3%81%84%E5%90%9B%32%E5%8F%B7" /><UN n1="%E3%83%B4%E3%83%A0%EF%BC%99%E3%81%A6" /><W37/><BYE who="1" /><G29/><T56/><D94/><U86/><E86/><V133/><F76/><W71/><G71/><T31/><D31/><U11/><E11/><V62/><F62/><W61/><G45/><N who="0" m="25639" /><D12/><U134/><E134/><V41/><F41/><W3/><G37/><T36/><D36/><U43/><E43/><V66/><F66/><W84/><G3/><T88/><D44/><U85/><E85/><V123/><F123/><W28/><G28/><T1/><D1/><U35/><E35/><V7/><F133/><W59/><REACH who="3" step="1"/><G61/><REACH who="3" ten="471,49,285,175" step="2"/><T120/><D120/><U121/><E121/><V90/><F49/><W30/><G30/><T126/><D108/><UN n1="%E3%83%B4%E3%83%A0%EF%BC%99%E3%81%A6" /><U23/><E23/><V17/><BYE who="1" /><F20/><W42/><G42/><N who="0" m="25079" /><D109/><U135/><E135/><V99/><F4/><W2/><G2/><T92/><D110/><U106/><E106/><V10/><F5/><RYUUKYOKU ba="1,2" sc="471,-10,49,-10,285,-10,175,30" hai3="8,13,18,19,21,57,59,83,84,91,98,103,107" /><INIT seed="3,2,2,3,2,60" ten="461,39,275,205" oya="3" hai0="122,94,114,31,5,85,86,38,109,117,50,92,0" hai1="128,126,24,135,39,27,107,87,47,42,77,34,119" hai2="54,35,23,112,46,68,51,134,96,80,13,48,17" hai3="73,22,26,121,78,113,74,93,56,115,41,102,130"/><W32/><G121/><T98/><D38/><U53/><E53/><V82/><F35/><W129/><G32/><T6/><D50/><U70/><E70/><V75/><F68/><W79/><G41/><T37/><D37/><U125/><E125/><V28/><F112/><N who="3" m="43083" /><G56/><T45/><D114/><U65/><E65/><V81/><F134/><W72/><G22/><T19/><D45/><U118/><E118/><V11/><F75/><N who="3" m="19203" /><W90/><DORA hai="10" /><G26/><T58/><D58/><U105/><E105/><V69/><F69/><W40/><G102/><T71/><D71/><U88/><E88/><V89/><F51/><W44/><G44/><T123/><D123/><U16/><E16/><V67/><F67/><W111/><G40/><T100/><D19/><U106/><E106/><V4/><F28/><W103/><G103/><T63/><D100/><U64/><E64/><V7/><F23/><W110/><G79/><T66/><D66/><U14/><E14/><V20/><F20/><W18/><G78/><T25/><D122/><U29/><E29/><V1/><F1/><W33/><G18/><T49/><D31/><U84/><E84/><V52/><F54/><W61/><G61/><T120/><D85/><U95/><E95/><AGARI ba="2,2" hai="4,7,11,13,17,46,48,52,80,81,82,89,95,96" machi="95" ten="40,5200,0" yaku="8,1,52,1,54,1" doraHai="60,10" who="2" fromWho="1" sc="461,0,39,-58,275,78,205,0" owari="461,56.0,-19,-52.0,353,15.0,205,-19.0" /></mjloggm>