<mjloggm ver="2.3"><GO type="225" lobby="0"/><UN n0="%E3%83%B4%E3%83%A0%EF%BC%99%E3%81%A6" n1="%E3%82%A4%E3%83%8A%E3%82%BA%E3%83%9E%E8%91%AC%E5%84%80" n2="%E3%82%8F%E3%81%A3%E3%81%97%E3%82%87%E3%81%84%E5%90%9B%32%E5%8F%B7" n3="%E7%88%86%E7%89%8C%E3%82%A6%E3%82%B7%E3%82%B8%E3%83%9E%E3%81%8F%E3%82%93" dan="17,17,16,16" rate="2216.26,2200.74,2144.07,2103.39" sx="M,F,M,M"/><TAIKYOKU oya="0"/><INIT seed="0,0,0,5,3,13" ten="250,250,250,250" oya="0" hai0="75,48,110,132,36,15,59,66,11,50,79,135,37" hai1="20,51,39,87,68,6,21,99,85,101,22,12,19" hai2="119,70,128,3,106,124,0,27,92,42,134,2,80" hai3="126,8,96,43,131,100,104,23,88,129,32,63,67"/><T91/><D75/><U115/><E39/><N who="0" m="14921" /><D79/><U71/><E6/><V97/><F80/><W24/><G43/><T64/><D91/><U10/><E115/><V118/><F42/><W113/><G113/><T28/><D28/><U69/><REACH who="1" step="1"/><E51/><REACH who="1" ten="250,240,250,250" step="2"/><N who="0" m="19497" /><D110/><U116/><E116/><V40/><F119/><W57/><G129/><T33/><D33/><U94/><AGARI ba="0,1" hai="10,12,19,20,21,22,68,69,71,85,87,94,99,101" machi="94" ten="40,5200,0" yaku="1,1,0,1,52,1,53,0" doraHai="13" doraHaiUra="76" who="1" fromWho="1" sc="250,-26,240,62,250,-13,250,-13" /><INIT seed="1,0,0,3,5,67" ten="224,302,237,237" oya="1" hai0="7,84,36,109,92,15,103,133,3,63,97,123,122" hai1="59,39,93,37,104,98,77,101,25,52,83,58,125" hai2="105,110,38,44,72,131,69,9,56,94,115,68,17" hai3="61,57,48,82,34,132,64,90,113,43,60,99,2"/><U102/><E125/><V29/><F105/><W51/><G113/><T33/><D36/><U112/><E112/><V13/><F115/><W134/><G2/><T107/><D3/><U89/><E25/><V135/><F72/><W100/><G34/><T87/><D33/><U47/><E47/><V95/><F29/><W53/><G90/><T128/><D109/><U10/><E10/><V4/><F110/><W18/><G82/><T21/><D133/><N who="3" m="51305" /><G18/><N who="0" m="10463" /><D7/><U46/><E46/><V5/><F135/><W126/><G126/><T27/><D27/><U50/><E59/><V71/><F131/><W79/><G79/><T78/><D78/><U129/><E129/><V114/><F114/><W11/><G11/><T35/><D35/><U26/><E26/><V62/><F4/><W118/><G43/><T74/><D74/><U81/><E81/><V1/><F1/><W23/><G23/><T16/><D16/><U30/><E30/><V121/><F17/><W49/><G118/><T40/><D40/><U86/><REACH who="1" step="1"/><E102/><REACH who="1" ten="224,292,237,237" step="2"/><V96/><F9/><W124/><G124/><T91/><D128/><U106/><E106/><V73/><F5/><W6/><G6/><T119/><D119/><U14/><E14/><V19/><F13/><W65/><G100/><T70/><D107/><U8/><E8/><V55/><F19/><W54/><G99/><AGARI ba="0,1" hai="37,39,50,52,58,77,83,86,89,93,98,99,101,104" machi="99" ten="30,5800,0" yaku="1,1,7,1,54,1,53,0" doraHai="67" doraHaiUra="42" who="1" fromWho="3" sc="224,0,292,68,237,0,237,-58" /><INIT seed="1,1,0,1,1,26" ten="224,360,237,179" oya="1" hai0="39,35,61,100,133,91,81,110,49,69,12,87,44" hai1="45,114,23,78,18,30,68,89,102,116,123,99,19" hai2="101,25,95,53,84,98,7,13,54,42,0,8,50" hai3="52,90,106,129,41,27,109,119,16,51,24,57,15"/><U126/><E68/><V32/><F0/><W67/><G106/><T3/><D3/><U73/><E114/><V113/><F113/><W117/><G109/><T14/><D110/><U125/><E116/><N who="3" m="44618" /><G129/><T79/><D39/><U37/><E123/><V92/><F32/><W127/><G127/><N who="1" m="48650" /><E89/><N who="2" m="53287" /><F25/><W56/><G41/><T111/><D111/><U38/><E78/><V63/><F63/><N who="3" m="38383" /><G90/><T55/><D91/><U72/><E45/><AGARI ba="1,0" hai="7,8,13,42,45,50,53,54,95,98,101" m="53287" machi="45" ten="30,1000,0" yaku="8,1" doraHai="26" who="2" fromWho="1" sc="224,0,360,-13,237,13,179,0" /><INIT seed="2,0,0,3,3,135" ten="224,347,250,179" oya="2" hai0="67,4,77,115,29,39,112,130,92,123,119,83,56" hai1="86,43,105,6,3,40,5,127,11,102,50,54,65" hai2="99,87,75,23,8,107,7,41,12,100,120,69,133" hai3="72,28,81,45,131,24,73,38,106,126,1,33,58"/><V89/><F133/><W104/><G58/><T22/><D39/><U125/><E65/><V14/><F69/><W21/><G21/><T59/><D123/><U18/><E86/><V78/><F120/><W76/><G131/><T44/><D4/><U82/><E82/><V42/><F75/><W16/><G16/><T36/><D92/><U31/><E31/><V101/><F78/><W124/><G73/><T103/><D103/><U70/><E70/><V64/><F64/><W93/><G93/><T17/><D29/><U34/><E34/><V118/><F118/><W0/><G45/><T2/><D119/><U61/><E61/><V46/><F101/><W68/><G38/><T90/><D67/><U94/><E94/><V122/><F122/><W32/><G32/><T80/><D44/><N who="1" m="27975" /><E18/><V108/><F87/><W121/><G68/><T35/><D35/><U47/><E6/><V19/><F19/><W9/><G9/><T98/><D17/><U57/><E57/><V66/><F66/><W52/><G52/><T91/><D56/><U95/><E95/><V13/><F8/><W60/><G60/><T114/><D59/><U128/><E128/><V111/><F7/><W55/><G55/><T48/><D130/><U74/><E74/><V26/><F100/><W84/><G84/><T71/><D71/><U132/><E132/><V63/><F63/><W62/><G62/><T53/><D53/><U109/><E109/><V96/><F46/><W113/><G113/><T15/><D114/><U49/><E43/><V116/><F42/><W51/><G121/><T30/><D112/><RYUUKYOKU ba="0,0" sc="224,-10,347,30,250,-10,179,-10" hai1="3,5,11,40,47,49,102,105,125,127" /><INIT seed="3,1,0,4,0,35" ten="214,377,240,169" oya="3" hai0="37,32,49,128,29,123,103,94,18,38,26,53,44" hai1="55,33,119,76,117,126,15,101,133,122,42,8,115" hai2="64,86,96,88,92,87,82,135,109,105,108,125,21" hai3="120,113,131,100,1,91,34,9,43,60,3,118,104"/><W63/><G113/><T130/><D123/><U31/><E122/><V74/><F64/><W56/><G120/><T90/><D103/><U110/><E110/><N who="2" m="42603" /><F21/><W85/><G118/><T52/><D53/><U106/><E126/><V107/><F125/><W111/><G111/><T73/><D73/><U65/><E133/><V59/><F59/><W24/><G131/><N who="0" m="50219" /><D18/><U51/><E42/><V98/><F135/><W78/><G78/><T69/><D69/><U114/><E76/><N who="2" m="44311" /><F86/><AGARI ba="1,0" hai="26,29,32,37,38,44,49,52,86,90,94" m="50219" machi="86" ten="30,2000,0" yaku="19,1,54,1" doraHai="35" who="0" fromWho="2" sc="214,23,377,0,240,-23,169,0" owari="237,4.0,377,47.0,217,-18.0,169,-33.0" /></mjloggm>