<mjloggm ver="2.3"><GO type="169" lobby="0"/><UN n0="%52%45%49%4E%E6%A3%AE%E4%B9%85%E4%BF%9D%50" n1="%E3%81%88%E3%81%8C%E3%82%8F%E3%82%8A%E3%81%8A" n2="%E4%BD%8E%E3%82%81%E3%82%B9%E3%83%A9%E3%82%A4%E3%83%80%E3%83%BC" n3="%E7%9F%B3%E5%A1%9A" dan="16,16,16,16" rate="2131.90,2066.95,2157.68,2088.05" sx="M,M,F,M"/><TAIKYOKU oya="0"/><INIT seed="0,0,0,1,1,78" ten="250,250,250,250" oya="0" hai0="26,99,87,8,29,49,110,88,104,36,80,77,109" hai1="105,15,31,82,65,10,12,94,85,106,124,74,28" hai2="62,30,134,14,16,133,24,107,9,103,57,71,121" hai3="66,2,43,33,83,25,58,73,27,48,118,72,96"/><T0/><D36/><U60/><E124/><V47/><F121/><W115/><G115/><T122/><D122/><U93/><E74/><V39/><F71/><W76/><G2/><T45/><D0/><U22/><E106/><V81/><F81/><W51/><G118/><T126/><D8/><U42/><E105/><V116/><F116/><W38/><G38/><T123/><D123/><U7/><E42/><V113/><F113/><W89/><G33/><T35/><D126/><U17/><E28/><V54/><F39/><W102/><G73/><T95/><REACH who="0" step="1"/><D104/><REACH who="0" ten="240,250,250,250" step="2"/><U1/><E1/><V131/><F107/><W44/><G48/><T135/><D135/><U128/><E128/><V125/><F131/><W92/><REACH who="3" step="1"/><G102/><REACH who="3" ten="240,250,250,240" step="2"/><T120/><D120/><U3/><E3/><V101/><F101/><W79/><G79/><T129/><D129/><U6/><E6/><V86/><F103/><W70/><G70/><T91/><D91/><U59/><REACH who="1" step="1"/><E31/><REACH who="1" ten="240,240,250,240" step="2"/><V75/><F134/><W19/><G19/><T21/><D21/><U4/><E4/><V97/><F133/><W108/><G108/><T13/><D13/><U68/><E68/><V41/><F16/><W5/><G5/><T111/><D111/><U63/><E63/><AGARI ba="0,3" hai="25,27,43,44,51,58,63,66,72,76,83,89,92,96" machi="63" ten="40,2600,0" yaku="1,1,52,1,53,0" doraHai="78" doraHaiUra="11" who="3" fromWho="1" sc="240,0,240,-26,250,0,240,56" /><INIT seed="1,0,0,2,2,95" ten="240,214,250,296" oya="1" hai0="135,34,53,65,128,104,11,24,126,109,29,60,84" hai1="38,57,69,108,44,5,7,47,72,71,129,99,67" hai2="85,118,81,122,31,51,32,94,12,134,56,88,100" hai3="40,63,127,15,124,58,14,61,73,46,80,19,102"/><U110/><E72/><V79/><F122/><W76/><G102/><T36/><D36/><U3/><E3/><V27/><F134/><W92/><G92/><T133/><D135/><U54/><E129/><V87/><F118/><W17/><G14/><T35/><D133/><U23/><E23/><V114/><F114/><W82/><G80/><T119/><D119/><U8/><E8/><V50/><F100/><W78/><G78/><T52/><D126/><N who="3" m="48169" /><G15/><T68/><D109/><N who="1" m="42091" /><E67/><V41/><F41/><W10/><G10/><T16/><D35/><U4/><E38/><V25/><F25/><W97/><G97/><T107/><D84/><U101/><E69/><V112/><F112/><W86/><G86/><T1/><D128/><U9/><E71/><V90/><F12/><W42/><G42/><T20/><D11/><U116/><E9/><V93/><REACH who="2" step="1"/><F56/><REACH who="2" ten="240,214,240,296" step="2"/><W55/><G40/><T131/><D131/><U43/><E43/><V77/><F77/><W6/><G46/><T66/><D1/><U121/><E116/><V48/><F48/><N who="3" m="31079" /><G6/><T2/><D2/><U59/><E121/><V21/><F21/><W45/><G45/><T130/><D130/><U37/><E37/><V106/><F106/><W113/><G113/><T91/><D107/><N who="1" m="63935" /><E59/><V98/><AGARI ba="0,1" hai="27,31,32,50,51,79,81,85,87,88,90,93,94,98" machi="98" ten="20,8000,1" yaku="1,1,0,1,7,1,52,1,54,1,53,0" doraHai="95" doraHaiUra="105" who="2" fromWho="2" sc="240,-20,214,-40,240,90,296,-20" /><INIT seed="2,0,0,0,0,101" ten="220,174,330,276" oya="2" hai0="128,118,41,72,77,94,34,132,0,32,97,106,82" hai1="126,62,49,28,92,87,100,95,130,48,84,19,25" hai2="112,125,129,120,79,113,116,108,14,124,134,88,75" hai3="107,98,33,46,1,51,45,8,53,57,21,91,40"/><V7/><F7/><W61/><G33/><T117/><D0/><U23/><E130/><V74/><F14/><W110/><G110/><T20/><D128/><U85/><E126/><N who="2" m="48747" /><F129/><W13/><G1/><T59/><D41/><U39/><E39/><V42/><F42/><W114/><G114/><N who="2" m="44137" /><F120/><W63/><G21/><T58/><D132/><U22/><E62/><V50/><F50/><N who="1" m="19561" /><E100/><V35/><F35/><W4/><G45/><T99/><D20/><U24/><AGARI ba="0,0" hai="19,22,23,24,25,28,84,85,87,92,95" m="19561" machi="24" ten="30,1100,0" yaku="8,1" doraHai="101" who="1" fromWho="1" sc="220,-3,174,11,330,-5,276,-3" /><INIT seed="3,0,0,2,5,86" ten="217,185,325,273" oya="3" hai0="48,65,11,113,112,62,51,85,37,6,54,80,7" hai1="134,87,128,132,26,130,70,101,124,118,13,114,44" hai2="68,76,5,75,83,63,40,95,27,77,59,125,119" hai3="29,117,115,107,64,90,100,129,17,14,108,46,82"/><W38/><G115/><N who="0" m="44107" /><D37/><U60/><E114/><V1/><F119/><W53/><G117/><T36/><D36/><U2/><E118/><V121/><F125/><W31/><G64/><T110/><D110/><U67/><E2/><V105/><F105/><W116/><G116/><T120/><D120/><U4/><E101/><V47/><F121/><W89/><G129/><N who="1" m="49770" /><E44/><V109/><F109/><W22/><G108/><T23/><D23/><U106/><E106/><V126/><F126/><W103/><G38/><T79/><D54/><U21/><E124/><V28/><F77/><W61/><G82/><T92/><D92/><U9/><E87/><V35/><F95/><W41/><G41/><T81/><D81/><U56/><E70/><V71/><F5/><N who="0" m="1546" /><D11/><U3/><E3/><V66/><F1/><W122/><G122/><T43/><D43/><U93/><E93/><V88/><F40/><W49/><G107/><T19/><D19/><AGARI ba="0,0" hai="4,9,13,19,21,26,56,60,67,132,134" m="49770" machi="19" ten="30,1000,0" yaku="19,1" doraHai="86" who="1" fromWho="0" sc="217,-10,185,10,325,0,273,0" /><INIT seed="4,0,0,3,0,63" ten="207,195,325,273" oya="0" hai0="3,111,115,51,87,28,83,61,34,53,79,134,1" hai1="72,120,7,96,130,133,0,43,26,31,102,114,15" hai2="35,124,66,104,103,107,8,119,81,38,33,112,80" hai3="99,10,88,73,123,6,89,84,4,69,46,97,25"/><T39/><D39/><U23/><E120/><V94/><F38/><W78/><G123/><T40/><D115/><U106/><E133/><V71/><F112/><W27/><G73/><T42/><D134/><U67/><E130/><V47/><F47/><W49/><G78/><T29/><D111/><U22/><E114/><V113/><F113/><W105/><G69/><T82/><D34/><U65/><E72/><V135/><F135/><W64/><G89/><T116/><D116/><U127/><E127/><V126/><F8/><W98/><G105/><N who="2" m="40521" /><F94/><W2/><G4/><T117/><D117/><U41/><E0/><V55/><F55/><W92/><REACH who="3" step="1"/><G64/><REACH who="3" ten="207,195,325,263" step="2"/><T37/><D79/><U56/><E7/><V36/><F66/><W108/><G108/><T85/><D37/><U70/><E67/><V68/><F36/><W121/><G121/><T77/><D77/><U57/><E70/><N who="2" m="26667" /><F103/><W75/><G75/><T95/><D3/><U59/><E65/><V12/><F119/><W24/><G24/><T16/><D1/><U20/><REACH who="1" step="1"/><E15/><REACH who="1" ten="207,185,325,263" step="2"/><V13/><F12/><W86/><G86/><T74/><D87/><U30/><E30/><V109/><F13/><W45/><G45/><T11/><D74/><U32/><AGARI ba="0,2" hai="20,22,23,26,31,32,41,43,56,57,59,96,102,106" machi="32" ten="30,2000,0" yaku="1,1,0,1,53,0" doraHai="63" doraHaiUra="132" who="1" fromWho="1" sc="207,-10,185,40,325,-5,263,-5" /><INIT seed="5,0,0,3,2,29" ten="197,225,320,258" oya="1" hai0="43,55,72,122,53,121,103,132,60,130,42,15,93" hai1="77,94,73,23,99,76,28,31,126,105,91,6,35" hai2="66,46,119,25,110,5,32,44,97,100,47,57,41" hai3="8,87,127,70,38,109,125,1,120,56,7,88,36"/><U39/><E39/><V118/><F110/><W85/><G120/><N who="0" m="46187" /><D72/><U84/><E126/><N who="3" m="48138" /><G70/><T129/><D15/><U113/><E113/><V133/><F133/><W104/><G104/><T68/><D93/><U2/><E23/><V63/><F5/><W54/><G87/><T114/><D103/><U101/><E35/><V19/><F41/><N who="0" m="15370" /><D114/><U89/><E89/><V34/><F19/><W27/><G109/><T116/><D116/><U98/><E77/><V83/><F83/><N who="3" m="49215" /><G27/><T22/><D22/><U62/><E98/><V79/><F25/><W134/><G134/><T18/><D18/><U86/><E86/><V106/><F119/><W17/><G17/><T16/><D16/><U123/><E123/><V82/><REACH who="2" step="1"/><F118/><REACH who="2" ten="197,225,310,258" step="2"/><W65/><G65/><N who="0" m="40999" /><D132/><U131/><E6/><V48/><F48/><AGARI ba="0,1" hai="1,7,8,36,38,48,54,56" m="49215,48138" machi="48" ten="30,2000,0" yaku="18,1,54,1" doraHai="29" who="3" fromWho="2" sc="197,0,225,0,310,-20,258,30" /><INIT seed="6,0,0,2,2,65" ten="197,225,290,288" oya="2" hai0="106,12,9,45,118,101,110,58,46,56,48,8,127" hai1="130,77,11,29,89,27,4,133,64,94,86,132,47" hai2="53,67,117,25,93,51,90,42,78,87,59,105,102" hai3="104,49,34,5,131,26,66,123,84,1,39,109,62"/><V24/><F117/><W107/><G109/><T83/><D110/><U19/><E130/><V116/><F116/><W23/><G123/><T61/><D118/><U37/><E77/><V76/><F105/><W38/><G34/><T74/><D127/><U96/><E64/><V82/><F78/><W18/><G38/><T71/><D106/><U81/><E19/><V36/><F102/><W16/><G39/><T32/><D32/><U15/><E37/><V13/><F67/><W122/><G122/><T79/><D101/><U22/><E47/><V28/><F13/><W129/><G18/><T54/><D9/><U60/><E60/><V0/><F0/><W98/><G84/><T97/><D97/><U128/><E128/><N who="3" m="49226" /><G98/><T124/><D71/><U14/><E14/><V108/><F108/><W114/><G49/><T20/><D20/><U75/><E75/><V73/><F28/><W17/><G17/><T112/><D112/><U33/><E33/><V99/><F73/><W115/><G5/><T50/><D124/><U43/><E43/><V111/><F111/><W80/><G80/><T57/><D61/><U103/><AGARI ba="0,0" hai="4,11,15,22,27,29,81,86,89,94,96,103,132,133" machi="103" ten="30,1100,0" yaku="0,1" doraHai="65" who="1" fromWho="1" sc="197,-3,225,11,290,-5,288,-3" /><INIT seed="7,0,0,3,4,117" ten="194,236,285,285" oya="3" hai0="38,114,58,14,10,81,33,65,37,86,93,108,98" hai1="115,34,5,24,15,80,92,118,128,132,103,2,26" hai2="66,52,111,23,74,119,43,20,62,94,11,7,104" hai3="17,95,0,25,41,30,70,113,60,85,96,121,49"/><W64/><G121/><T125/><D33/><U31/><E103/><V110/><F104/><W28/><G0/><T79/><D108/><U112/><E92/><V21/><F74/><W19/><G113/><N who="1" m="43594" /><E80/><V91/><F43/><W90/><G30/><T133/><D125/><U59/><E59/><N who="2" m="35175" /><F111/><W51/><G51/><T27/><D133/><U67/><E67/><V22/><F110/><W53/><G41/><T6/><D27/><N who="1" m="18815" /><E132/><V46/><F119/><W71/><G70/><T68/><D68/><U97/><E97/><N who="2" m="57567" /><F66/><W131/><G131/><T102/><REACH who="0" step="1"/><D114/><REACH who="0" ten="184,236,285,285" step="2"/><U116/><E128/><V100/><F100/><W83/><G25/><N who="1" m="9834" /><E2/><V99/><F99/><W126/><G28/><T124/><D124/><U47/><E47/><V123/><F46/><W88/><G126/><T40/><D40/><U55/><E55/><V130/><F130/><W78/><G90/><T127/><D127/><U84/><E118/><V101/><F101/><W61/><G60/><AGARI ba="0,1" hai="6,10,14,37,38,58,60,65,79,81,86,93,98,102" machi="60" ten="40,5200,0" yaku="1,1,53,2" doraHai="117" doraHaiUra="69" who="0" fromWho="3" sc="184,62,236,0,285,0,285,-52" /><INIT seed="8,0,0,1,5,66" ten="246,236,285,233" oya="0" hai0="15,1,92,72,40,41,104,46,107,33,27,80,114" hai1="2,35,10,90,20,91,21,43,34,79,82,63,125" hai2="84,64,134,57,122,133,13,129,111,25,7,19,3" hai3="0,4,58,83,116,99,60,77,94,95,53,8,39"/><T128/><D1/><U16/><E125/><V52/><F111/><W132/><G39/><T89/><D114/><U65/><E43/><V76/><F129/><W12/><G132/><N who="2" m="50793" /><F122/><W50/><G116/><T11/><D41/><U119/><E34/><V59/><F3/><W109/><G109/><T103/><D103/><U47/><E35/><V131/><F131/><W130/><G130/><T115/><D115/><U5/><E47/><V42/><F42/><W49/><G0/><T32/><D32/><U51/><E51/><V126/><F126/><W29/><G29/><T31/><D80/><U121/><E21/><V69/><F25/><W55/><G99/><T88/><D89/><U101/><E101/><V102/><F7/><W105/><G105/><T18/><D72/><U106/><E106/><V124/><F102/><W113/><G113/><T74/><D74/><U71/><E121/><V70/><F64/><W81/><G60/><T38/><REACH who="0" step="1"/><D128/><REACH who="0" ten="236,236,285,233" step="2"/><U97/><E119/><V75/><F75/><W123/><G123/><T22/><D22/><U9/><E9/><N who="2" m="6575" /><F124/><W14/><G77/><T62/><D62/><U78/><E2/><V96/><F96/><AGARI ba="0,1" hai="11,15,18,27,31,33,38,40,46,88,92,96,104,107" machi="96" ten="30,11600,0" yaku="1,1,7,1,54,1,53,1" doraHai="66" doraHaiUra="26" who="0" fromWho="2" sc="236,126,236,0,285,-116,233,0" owari="362,46.0,236,4.0,169,-33.0,233,-17.0" /></mjloggm>