<mjloggm ver="2.3"><GO type="185" lobby="0"/><UN n0="%E3%83%A6%E3%82%A6%E3%83%8B%E3%83%A3" n1="%E9%95%B7%E5%85%89%E9%BA%BB%E5%A4%9C" n2="%E3%82%B5%E3%83%B3%E3%83%9E%E6%BC%81%E5%B8%AB%4B" n3="" dan="18,17,17,0" rate="2268.82,2214.22,2247.97,1500.00" sx="M,M,M,C"/><TAIKYOKU oya="0"/><INIT seed="0,0,0,3,1,134" ten="350,350,350,0" oya="0" hai0="0,64,60,128,102,92,84,38,124,100,70,96,62" hai1="67,35,81,3,120,91,122,41,76,106,63,88,48" hai2="75,36,135,80,104,50,46,55,77,110,2,115,59" hai3=""/><T65/><D0/><U39/><N who="1" m="30752" /><U108/><N who="1" m="31264" /><U103/><E35/><V118/><F115/><T49/><D128/><U79/><E3/><V74/><F2/><T52/><D38/><U117/><E117/><V42/><F118/><T113/><D124/><U109/><E39/><V72/><F135/><T57/><D84/><U56/><E103/><V33/><F33/><T89/><REACH who="0" step="1"/><D113/><REACH who="0" ten="340,350,350,0" step="2"/><U99/><E99/><V32/><F32/><T107/><D107/><U53/><E106/><V119/><F119/><T111/><D111/><N who="1" m="42571" /><E41/><V130/><F110/><T114/><D114/><U133/><E133/><V45/><F104/><T73/><D73/><U43/><E43/><V1/><F1/><T86/><D86/><U129/><E129/><V112/><F112/><T98/><D98/><U125/><E125/><V54/><F130/><T69/><AGARI ba="0,1" hai="49,52,57,60,62,64,65,69,70,89,92,96,100,102" machi="69" ten="20,8000,1" yaku="1,1,0,1,7,1,9,1,54,1,53,0" doraHai="134" doraHaiUra="78" who="0" fromWho="0" sc="340,90,350,-40,350,-40,0,0" /><INIT seed="0,1,0,0,3,97" ten="430,310,310,0" oya="0" hai0="89,57,1,55,130,113,47,132,53,80,72,108,70" hai1="129,84,106,135,48,52,51,88,38,60,44,98,78" hai2="122,34,35,73,42,69,54,32,86,71,33,36,133" hai3=""/><T50/><D113/><U58/><E135/><V120/><N who="2" m="30752" /><V104/><N who="2" m="31264" /><V2/><F2/><T62/><D132/><U59/><E129/><V43/><F73/><T90/><D130/><U81/><E38/><V85/><F133/><T64/><D1/><U68/><E68/><V0/><F0/><T105/><D105/><U49/><E59/><V46/><F104/><T95/><D108/><U131/><E131/><V118/><F118/><T127/><D127/><U65/><E106/><V107/><F107/><T82/><D89/><U39/><E39/><V74/><F74/><T111/><D72/><U112/><E112/><V77/><F36/><T124/><D111/><U56/><E56/><V128/><F71/><T134/><D124/><U92/><AGARI ba="1,0" hai="44,48,49,51,52,58,60,65,78,81,84,88,92,98" machi="92" ten="30,5900,0" yaku="0,1,8,1,54,2" doraHai="97" who="1" fromWho="1" sc="430,-40,310,61,310,-21,0,0" /><INIT seed="1,0,0,4,5,94" ten="390,371,289,0" oya="1" hai0="125,2,64,131,123,54,40,69,36,86,58,133,128" hai1="91,102,115,78,67,126,127,89,3,98,121,60,70" hai2="75,88,45,113,46,53,55,118,114,85,83,68,32" hai3=""/><U135/><N who="1" m="31008" /><U120/><N who="1" m="30752" /><U132/><E3/><V41/><F118/><T56/><N who="0" m="31520" /><T95/><D2/><U44/><E44/><V59/><F68/><T112/><D112/><N who="2" m="43114" /><F32/><T0/><D0/><U106/><E78/><V49/><F75/><T37/><D86/><U48/><E48/><V51/><F59/><T81/><D81/><U52/><E52/><AGARI ba="0,0" hai="41,45,46,49,51,52,53,55,83,85,88" m="43114" machi="52" ten="30,3900,0" yaku="11,1,54,2" doraHai="94" who="2" fromWho="1" sc="390,0,371,-39,289,39,0,0" /><INIT seed="2,0,0,4,1,61" ten="390,332,328,0" oya="2" hai0="83,38,54,34,89,130,47,119,69,81,106,92,105" hai1="41,107,124,98,134,117,73,71,43,97,118,87,112" hai2="99,110,94,65,88,120,113,58,123,32,101,48,84" hai3=""/><V70/><N who="2" m="30752" /><V67/><N who="2" m="31520" /><V116/><F32/><T46/><D119/><N who="1" m="45579" /><E71/><V68/><F116/><T64/><D34/><U135/><E73/><V35/><F35/><T91/><D130/><U125/><E112/><V33/><F33/><T115/><D92/><U128/><E128/><V75/><F75/><T49/><D115/><U133/><E107/><V109/><F113/><T2/><D2/><U80/><E43/><V104/><F68/><T85/><D46/><U40/><E40/><V82/><F70/><T100/><D100/><U45/><E45/><V102/><F102/><T59/><D69/><U122/><N who="1" m="31264" /><U36/><E36/><V90/><F48/><T131/><D131/><U76/><E41/><V72/><F58/><T42/><D38/><U37/><E37/><V77/><F90/><T56/><D91/><U0/><E0/><V66/><AGARI ba="0,0" hai="65,66,67,72,77,82,84,88,94,99,101,104,109,110" m="31520,30752" machi="66" ten="30,16000,3" yaku="0,1,24,2,52,5,54,1" doraHai="61" who="2" fromWho="2" sc="390,-80,332,-80,328,160,0,0" /><INIT seed="2,1,0,0,1,116" ten="310,252,488,0" oya="2" hai0="73,79,87,100,77,99,57,83,61,39,85,103,98" hai1="105,69,74,49,84,129,106,59,101,102,48,41,67" hai2="32,68,54,121,46,119,115,0,92,44,118,112,1" hai3=""/><V55/><N who="2" m="31008" /><V93/><REACH who="2" step="1"/><F68/><REACH who="2" ten="310,252,478,0" step="2"/><T131/><D131/><U75/><E129/><V128/><F128/><T2/><D2/><U64/><E69/><V43/><F43/><T58/><D39/><U62/><E41/><V63/><F63/><T42/><D42/><U109/><E109/><V130/><F130/><T36/><D36/><U53/><E67/><V104/><F104/><T94/><D61/><U108/><E108/><V134/><F134/><T40/><D40/><U95/><E64/><V72/><F72/><T78/><D73/><U97/><E75/><V80/><F80/><T96/><D83/><U120/><N who="1" m="30752" /><U76/><E74/><V133/><F133/><T51/><D51/><U50/><E105/><V47/><F47/><T126/><D58/><U91/><E106/><V88/><F88/><T117/><D57/><U81/><AGARI ba="1,1" hai="48,49,50,53,59,62,76,81,84,91,95,97,101,102" m="30752" machi="81" ten="30,5900,0" yaku="0,1,8,1,52,2" doraHai="116" who="1" fromWho="1" sc="310,-21,252,71,478,-40,0,0" /><INIT seed="4,0,0,4,5,123" ten="289,323,438,0" oya="0" hai0="72,51,108,60,102,77,2,66,118,84,116,97,52" hai1="79,75,70,129,57,119,55,36,42,34,115,86,1" hai2="48,124,103,82,76,41,130,53,81,33,43,94,44" hai3=""/><T92/><D72/><U117/><E34/><V83/><F33/><T47/><D2/><U58/><E1/><V71/><F71/><T126/><D126/><U107/><E107/><V46/><F130/><T40/><D108/><U132/><E129/><V96/><F124/><T38/><D77/><U131/><E131/><V133/><F133/><T39/><D84/><U64/><E132/><V127/><F127/><T45/><REACH who="0" step="1"/><D39/><REACH who="0" ten="279,323,438,0" step="2"/><U68/><E75/><V78/><REACH who="2" step="1"/><F41/><REACH who="2" ten="279,323,428,0" step="2"/><T112/><D112/><U54/><E115/><V85/><F85/><T125/><D125/><U101/><E42/><V135/><F135/><T88/><D88/><U134/><E134/><V63/><F63/><T69/><AGARI ba="0,2" hai="38,40,45,47,51,52,60,66,69,92,97,102,116,118" machi="69" ten="20,8000,1" yaku="1,1,0,1,7,1,54,1,53,1" doraHai="123" doraHaiUra="90" who="0" fromWho="0" sc="279,100,323,-40,428,-40,0,0" /><INIT seed="4,1,0,4,3,60" ten="379,283,388,0" oya="0" hai0="106,99,36,80,112,114,100,83,70,85,86,130,135" hai1="97,81,49,59,110,82,32,41,93,61,74,73,76" hai2="62,109,46,65,47,128,71,77,67,33,126,124,123" hai3=""/><T90/><D36/><U87/><E32/><V89/><N who="2" m="31520" /><V58/><F33/><T51/><D70/><U113/><E110/><V78/><F109/><T101/><D51/><U52/><E113/><N who="0" m="43625" /><D130/><U56/><E81/><V75/><F89/><T92/><D135/><U84/><E74/><V129/><F75/><T38/><D38/><U39/><E39/><V115/><F115/><T120/><N who="0" m="30752" /><T69/><D69/><U50/><E50/><V54/><F78/><T44/><D44/><N who="2" m="16938" /><F77/><T95/><D86/><U118/><E118/><V1/><F1/><T88/><D88/><U105/><E87/><V102/><F102/><T134/><D134/><U35/><E35/><V63/><F54/><T53/><D53/><U111/><E111/><V68/><F68/><T94/><D80/><U127/><E73/><V72/><F72/><T64/><D100/><U45/><E76/><V91/><F91/><T66/><AGARI ba="1,0" hai="64,66,83,85,90,92,94,95,99,101,106" m="30752,43625" machi="66" ten="40,8000,1" yaku="15,1,52,3" doraHai="60" who="0" fromWho="0" sc="379,82,283,-41,388,-41,0,0" /><INIT seed="4,2,0,5,1,78" ten="461,242,347,0" oya="0" hai0="87,91,88,101,104,132,117,125,86,60,131,83,2" hai1="134,130,71,35,32,127,54,39,89,44,3,105,84" hai2="115,109,43,70,94,135,76,111,116,128,55,99,120" hai3=""/><T114/><D2/><U34/><E3/><V36/><N who="2" m="30752" /><V68/><F76/><T33/><D33/><U85/><E134/><V45/><F135/><T93/><D132/><U57/><E127/><V53/><F115/><T62/><D114/><U79/><E71/><N who="2" m="27179" /><F94/><T56/><D117/><U67/><E105/><V106/><F99/><T49/><D131/><U38/><E67/><V98/><F98/><T95/><D125/><U63/><E130/><V121/><N who="2" m="31008" /><V97/><F97/><T77/><D104/><U129/><E129/><V73/><F73/><T40/><D101/><U75/><E75/><V133/><F128/><T113/><D113/><U102/><E102/><V108/><F133/><T81/><D40/><U47/><E79/><V96/><F96/><T126/><D126/><U59/><E59/><V123/><N who="2" m="31520" /><V41/><F106/><T107/><D107/><U100/><E85/><V122/><N who="2" m="31264" /><V82/><F82/><N who="0" m="31242" /><D77/><U0/><E100/><V80/><F80/><T58/><D58/><U61/><E0/><V119/><F43/><T110/><D93/><U51/><E35/><V69/><N who="2" m="27187" /><V46/><DORA hai="72" /><F46/><N who="1" m="17449" /><E34/><V37/><F37/><N who="1" m="13833" /><E32/><V50/><F36/><T103/><D103/><U42/><E42/><RYUUKYOKU ba="2,0" sc="461,-20,242,10,347,10,0,0" hai1="51,54,57,61,63,84,89" hai2="41,45,50,53,55,108,109,111,116,119" /><INIT seed="5,3,0,1,0,85" ten="441,252,357,0" oya="1" hai0="44,105,84,71,81,68,43,115,54,57,73,65,100" hai1="86,48,66,104,39,117,103,74,45,62,52,51,126" hai2="60,53,92,75,129,127,111,2,63,87,41,106,78" hai3=""/><U89/><E117/><V119/><F75/><T76/><D65/><U3/><E3/><V91/><F106/><T123/><N who="0" m="31520" /><T131/><D115/><U88/><E74/><V113/><F119/><T0/><D0/><U77/><E39/><V112/><F2/><T32/><D32/><U94/><E126/><V90/><F111/><T108/><D108/><U34/><E34/><V82/><F127/><T114/><D114/><N who="2" m="44138" /><F129/><T93/><D131/><U134/><E134/><V97/><F41/><T110/><D105/><U107/><E77/><V102/><F53/><T1/><D110/><U70/><E103/><V135/><F135/><T109/><D109/><U47/><REACH who="1" step="1"/><E89/><AGARI ba="3,0" hai="60,63,78,82,87,89,90,91,92,97,102" m="44138" machi="89" ten="30,8000,1" yaku="15,1,11,1,52,3" doraHai="85" who="2" fromWho="1" sc="441,0,252,-86,357,86,0,0" /><INIT seed="6,0,0,2,4,54" ten="441,166,443,0" oya="2" hai0="46,103,47,109,85,89,113,79,53,59,73,119,1" hai1="72,37,66,126,104,78,33,108,71,99,57,35,86" hai2="93,3,45,102,67,128,48,120,60,55,94,124,58" hai3=""/><V56/><N who="2" m="30752" /><V69/><F3/><T81/><D109/><U38/><E57/><V65/><F128/><T41/><D119/><U100/><E86/><V0/><F0/><T88/><D113/><U62/><E78/><V131/><F131/><T82/><D1/><U130/><E99/><V132/><F132/><T116/><D116/><U129/><E62/><V76/><F124/><T117/><D117/><U122/><E66/><V63/><F76/><T84/><D103/><U92/><E92/><N who="2" m="35435" /><F69/><T125/><D125/><U77/><E77/><V118/><F118/><T112/><D112/><U91/><E100/><AGARI ba="0,0" hai="45,48,55,56,58,60,63,65,67,100,102" m="35435,30752" machi="100" ten="30,11600,0" yaku="8,1,52,3" doraHai="54" who="2" fromWho="1" sc="441,0,166,-116,443,116,0,0" owari="441,4.0,50,-55.0,559,51.0,0,0.0" /></mjloggm>