<mjloggm ver="2.3"><GO type="169" lobby="0"/><UN n0="%E3%83%AB%E3%82%A2%E3%82%B4%E3%82%A4%E3%83%95" n1="%63%6C%75%74%63%68%37%33" n2="%E4%B9%BE%E5%9D%A4%E5%8D%81%E4%BA%94%E6%93%B2" n3="%E3%81%9F%E3%81%91%E3%81%AB%E3%81%8D" dan="17,17,16,17" rate="2077.22,2158.87,2127.14,2169.91" sx="M,M,M,F"/><TAIKYOKU oya="0"/><INIT seed="0,0,0,5,3,103" ten="250,250,250,250" oya="0" hai0="75,117,114,92,67,30,93,57,50,52,61,122,129" hai1="123,120,105,3,21,43,112,135,96,63,37,12,8" hai2="90,48,38,132,34,115,79,33,111,6,27,104,127" hai3="85,39,5,84,65,29,56,31,77,23,4,89,49"/><T119/><D114/><U116/><E116/><V15/><F115/><W94/><G39/><T91/><D122/><U46/><E112/><V130/><F130/><W107/><G107/><T76/><D129/><U95/><E135/><V41/><F104/><W11/><G4/><T106/><D106/><U19/><E63/><V0/><F132/><W26/><G31/><T118/><D30/><U66/><E66/><V22/><F38/><W62/><G49/><T97/><D92/><U110/><E110/><V113/><F111/><W124/><G124/><T20/><D20/><U82/><E82/><V59/><F127/><W44/><G44/><T40/><D40/><U134/><E134/><V36/><F36/><W109/><G109/><T99/><D99/><U1/><E1/><V69/><F69/><W81/><G5/><T7/><D7/><U131/><E131/><V53/><F113/><W133/><G11/><T72/><REACH who="0" step="1"/><D76/><REACH who="0" ten="240,250,250,250" step="2"/><U10/><E105/><V55/><F34/><W98/><REACH who="3" step="1"/><G133/><REACH who="3" ten="240,250,250,240" step="2"/><T13/><D13/><U86/><E3/><V25/><F0/><W28/><G28/><T9/><D9/><U35/><E8/><V101/><F6/><W68/><G68/><AGARI ba="0,2" hai="50,52,57,61,67,68,72,75,91,93,97,117,118,119" machi="68" ten="40,3900,0" yaku="1,1,54,1,53,0" doraHai="103" doraHaiUra="126" who="0" fromWho="3" sc="240,59,250,0,250,0,240,-39" /><INIT seed="0,1,0,1,1,109" ten="299,250,250,201" oya="0" hai0="126,65,82,31,49,36,52,25,12,32,4,37,83" hai1="99,119,1,16,115,94,9,123,92,2,86,131,87" hai2="48,41,76,68,70,116,74,81,15,39,108,117,118" hai3="8,19,111,11,103,24,55,113,114,47,23,84,93"/><T67/><D126/><U96/><E123/><V44/><F108/><W40/><G111/><T97/><D97/><U110/><E110/><V63/><F15/><W33/><G33/><T5/><D65/><U45/><E45/><V98/><F98/><W29/><G55/><T130/><D67/><U133/><E131/><V120/><F120/><W95/><G103/><T61/><D61/><U13/><E133/><V59/><REACH who="2" step="1"/><F39/><REACH who="2" ten="299,250,240,201" step="2"/><W18/><G84/><T78/><D12/><U89/><E119/><V51/><F51/><W42/><G24/><T104/><D37/><U58/><E2/><V26/><F26/><W6/><G6/><T88/><D36/><U50/><E1/><V85/><F85/><W10/><G10/><T100/><D4/><U27/><E27/><V66/><AGARI ba="1,1" hai="41,44,48,59,63,66,68,70,74,76,81,116,117,118" machi="66" ten="30,4000,0" yaku="1,1,0,1,12,1,53,0" doraHai="109" doraHaiUra="80" who="2" fromWho="2" sc="299,-21,250,-11,240,53,201,-11" /><INIT seed="1,0,0,3,1,130" ten="278,239,293,190" oya="1" hai0="51,70,57,105,110,28,64,74,59,54,45,9,43" hai1="96,71,38,102,97,115,92,48,62,101,106,12,50" hai2="0,8,89,25,116,56,94,10,60,69,66,24,98" hai3="1,27,91,16,2,126,68,23,122,87,37,103,36"/><U53/><E115/><V18/><F116/><W128/><G122/><T104/><D74/><U11/><E38/><V15/><F69/><W41/><G128/><T135/><D28/><U129/><E129/><V3/><REACH who="2" step="1"/><F10/><REACH who="2" ten="278,239,283,190" step="2"/><W6/><G68/><T35/><D9/><U108/><E108/><V46/><F46/><W47/><G126/><T77/><D70/><U30/><E30/><V134/><F134/><W20/><G103/><T124/><D135/><U118/><E118/><V113/><F113/><W4/><G36/><T79/><D124/><U49/><E71/><V86/><F86/><W29/><G1/><AGARI ba="0,1" hai="0,1,3,8,15,18,24,25,56,60,66,89,94,98" machi="1" ten="40,1300,0" yaku="1,1,53,0" doraHai="130" doraHaiUra="127" who="2" fromWho="3" sc="278,0,239,0,283,23,190,-13" /><INIT seed="2,0,0,1,5,24" ten="278,239,306,177" oya="2" hai0="4,66,58,124,99,30,6,119,117,129,96,92,109" hai1="35,68,79,91,81,46,45,132,61,80,84,77,14" hai2="75,87,36,112,95,125,22,57,98,114,3,111,48" hai3="127,31,135,29,88,133,55,13,19,85,94,65,9"/><V41/><F3/><W18/><G127/><T51/><D124/><U103/><E132/><N who="3" m="50762" /><G65/><T62/><D109/><U130/><E130/><V106/><F125/><W93/><G19/><T107/><D129/><U121/><E121/><V82/><F111/><W115/><G115/><T113/><D113/><U28/><E103/><V64/><F36/><W10/><G10/><T7/><D107/><U126/><E126/><V108/><F108/><W78/><G78/><T25/><D51/><U23/><E35/><V122/><F122/><W131/><G131/><T11/><D11/><U67/><E91/><V1/><F1/><W101/><G55/><T76/><D76/><U0/><E0/><V73/><F73/><W83/><G93/><T15/><D15/><U102/><E102/><V34/><F75/><W39/><G39/><T40/><D40/><U26/><REACH who="1" step="1"/><E14/><REACH who="1" ten="278,229,306,177" step="2"/><V89/><F114/><W42/><G42/><T54/><D117/><U86/><AGARI ba="0,1" hai="23,26,28,45,46,61,67,68,77,79,80,81,84,86" machi="86" ten="20,12000,2" yaku="1,1,2,1,0,1,7,1,9,1,52,1,53,0" doraHai="24" doraHaiUra="38" who="1" fromWho="1" sc="278,-30,229,130,306,-60,177,-30" /><INIT seed="3,0,0,4,3,27" ten="248,359,246,147" oya="3" hai0="89,65,5,74,45,2,38,50,33,127,17,54,16" hai1="118,75,43,28,40,112,124,108,39,80,48,104,70" hai2="56,117,57,125,102,30,46,32,90,10,53,73,77" hai3="113,52,68,114,88,110,9,123,92,85,100,42,63"/><W11/><G123/><T94/><D127/><U109/><E104/><V134/><F125/><W4/><G110/><T58/><D74/><U6/><E112/><V86/><F117/><W14/><G42/><T120/><D120/><U23/><E70/><V78/><F134/><W49/><G100/><T61/><D33/><U111/><E39/><V51/><F102/><W119/><G119/><T76/><D76/><N who="1" m="44063" /><E118/><V135/><F135/><W18/><G63/><T79/><D79/><U98/><E6/><V106/><F106/><W95/><G95/><T87/><REACH who="0" step="1"/><D38/><REACH who="0" ten="238,359,246,147" step="2"/><U121/><E121/><V41/><F78/><W60/><G68/><T96/><D96/><U29/><E124/><V93/><F77/><W47/><REACH who="3" step="1"/><G60/><REACH who="3" ten="238,359,246,137" step="2"/><T81/><D81/><U107/><E111/><V131/><F41/><W26/><G26/><T20/><D20/><U130/><E23/><V122/><F122/><W97/><G97/><T116/><D116/><U35/><E43/><V64/><F32/><W91/><G91/><T7/><D7/><U105/><E98/><V83/><F90/><W99/><G99/><T0/><D0/><AGARI ba="0,2" hai="0,4,9,11,14,18,47,49,52,85,88,92,113,114" machi="0" ten="30,11600,0" yaku="1,1,7,1,54,2,53,0" doraHai="27" doraHaiUra="24" who="3" fromWho="0" sc="238,-116,359,0,246,0,137,136" /><INIT seed="3,1,0,3,0,92" ten="122,359,246,273" oya="3" hai0="27,83,9,81,25,30,121,89,109,49,39,0,64" hai1="32,19,53,126,40,71,18,54,15,122,37,110,58" hai2="129,108,90,12,128,79,29,7,63,23,114,69,76" hai3="65,6,106,112,51,26,77,93,5,96,85,17,34"/><W14/><G112/><T60/><D121/><U97/><E122/><V46/><F114/><W123/><G123/><T56/><D109/><U24/><E71/><V82/><F108/><W22/><G65/><T88/><D39/><U101/><E126/><V35/><F35/><W8/><G106/><T100/><D100/><U41/><E54/><V125/><F125/><W111/><G111/><T119/><D119/><U50/><E37/><V117/><F117/><W21/><G34/><T135/><D135/><U36/><E36/><V78/><F46/><W132/><G132/><T72/><D27/><U131/><E131/><V13/><F69/><W45/><G85/><T75/><D49/><U42/><E110/><V1/><F63/><W99/><G77/><T118/><D118/><U91/><E91/><V55/><F55/><N who="3" m="30191" /><G93/><T62/><D62/><U11/><E32/><V87/><F1/><W95/><G95/><T86/><D0/><U113/><E113/><V115/><F115/><W70/><G70/><T31/><D72/><U107/><REACH who="1" step="1"/><E24/><REACH who="1" ten="122,349,246,273" step="2"/><N who="2" m="16543" /><F7/><AGARI ba="1,1" hai="7,11,15,18,19,40,41,42,50,53,58,97,101,107" machi="7" ten="40,5200,0" yaku="1,1,52,1,53,1" doraHai="92" doraHaiUra="52" who="1" fromWho="2" sc="122,0,349,65,246,-55,273,0" /><INIT seed="4,0,0,2,3,128" ten="122,414,191,273" oya="0" hai0="31,109,74,36,132,26,73,53,89,33,123,23,37" hai1="35,97,61,3,83,8,106,80,90,48,17,6,42" hai2="111,82,46,49,79,135,95,56,63,75,70,29,64" hai3="116,9,93,34,19,52,117,81,77,0,92,113,18"/><T118/><D118/><U27/><E61/><V99/><F111/><W105/><G105/><T38/><D123/><U39/><E39/><V88/><F29/><W62/><G113/><T121/><D121/><U25/><E25/><V76/><F135/><W55/><G34/><T59/><D109/><U127/><E127/><V66/><F79/><W133/><G133/><T54/><D132/><U50/><E42/><V112/><F112/><W108/><G108/><T120/><D120/><U84/><E80/><V115/><F115/><W68/><G0/><T20/><D89/><U40/><E40/><V134/><F134/><W7/><G7/><T130/><D130/><U67/><E67/><V85/><F70/><W125/><G9/><T12/><D12/><U69/><E69/><V13/><F13/><W107/><G107/><T126/><D126/><U11/><E11/><V86/><REACH who="2" step="1"/><F66/><REACH who="2" ten="122,414,181,273" step="2"/><W21/><G68/><T57/><D31/><U16/><E35/><V119/><F119/><W72/><G77/><T51/><D33/><U14/><E3/><V45/><F45/><W2/><G2/><T78/><D78/><U24/><E14/><V110/><F110/><W4/><G125/><T87/><D74/><U71/><E71/><V47/><F47/><W94/><G72/><T65/><D73/><U131/><E27/><V124/><F124/><W10/><G117/><T44/><D65/><U58/><E24/><V41/><AGARI ba="0,1" hai="41,46,49,56,63,64,75,76,82,85,86,88,95,99" machi="41" ten="20,5200,0" yaku="1,1,0,1,7,1,54,1,53,0" doraHai="128" doraHaiUra="96" who="2" fromWho="2" sc="122,-26,414,-13,181,62,273,-13" /><INIT seed="5,0,0,2,4,20" ten="96,401,243,260" oya="1" hai0="60,83,79,92,101,86,119,25,91,105,50,32,48" hai1="49,55,44,106,75,97,88,15,18,107,45,38,87" hai2="16,128,81,72,31,10,47,109,17,94,117,35,78" hai3="46,23,64,123,98,2,95,3,102,27,53,54,108"/><U22/><E75/><V41/><F117/><W70/><G108/><T77/><D119/><U73/><E73/><V24/><F109/><W130/><G123/><T7/><D7/><U61/><E97/><V56/><F128/><W74/><G74/><T132/><D132/><U131/><E131/><V65/><F94/><W19/><G130/><T42/><D105/><U100/><E100/><V63/><REACH who="2" step="1"/><F10/><REACH who="2" ten="96,401,233,260" step="2"/><W76/><G95/><T33/><D92/><U26/><E107/><V30/><F30/><W21/><G102/><T135/><D101/><U84/><E106/><V28/><F28/><W59/><G98/><T113/><D135/><U34/><E34/><V104/><F104/><W80/><G80/><T93/><D113/><U124/><E124/><V13/><F13/><W114/><G114/><T52/><D93/><U127/><E127/><V126/><F126/><W134/><G134/><T111/><D111/><U11/><E11/><V66/><F66/><W5/><G2/><T133/><D133/><U1/><E15/><V0/><F0/><W122/><G3/><T89/><D33/><U57/><E1/><V68/><F68/><W43/><G70/><T71/><D71/><U67/><E38/><AGARI ba="0,1" hai="16,17,24,31,35,38,41,47,56,63,65,72,78,81" machi="38" ten="30,7700,0" yaku="1,1,7,1,52,1,54,1,53,0" doraHai="20" doraHaiUra="112" who="2" fromWho="1" sc="96,0,401,-77,233,87,260,0" /><INIT seed="6,0,0,1,4,59" ten="96,324,320,260" oya="2" hai0="102,12,55,98,112,56,129,82,77,113,135,78,125" hai1="62,10,0,3,38,69,101,94,6,39,57,37,117" hai2="2,124,42,4,31,15,65,81,28,7,50,107,36" hai3="134,40,9,115,116,108,43,71,97,16,106,61,80"/><V95/><F107/><W22/><G116/><T47/><D47/><U49/><E117/><V17/><F124/><W5/><G108/><T83/><D12/><U66/><E3/><V67/><F36/><W19/><G134/><T32/><D32/><U110/><E110/><V109/><F109/><W132/><G132/><T103/><D135/><U130/><E130/><V119/><F119/><W58/><G71/><T93/><D55/><U60/><E49/><V114/><F114/><N who="0" m="44138" /><D56/><U63/><REACH who="1" step="1"/><E69/><REACH who="1" ten="96,314,320,260" step="2"/><V13/><F2/><W1/><G115/><T128/><D125/><U64/><E64/><V92/><F50/><W72/><G43/><T46/><D46/><U88/><E88/><V131/><F42/><W105/><G40/><T126/><D126/><U122/><E122/><V127/><F127/><W14/><G1/><T133/><D133/><U20/><E20/><V87/><F131/><N who="0" m="50250" /><D103/><U53/><E53/><V90/><F67/><W121/><G22/><T100/><D100/><U35/><E35/><V8/><F65/><W70/><G70/><T48/><D48/><U34/><E34/><V21/><F4/><W76/><G5/><T89/><D102/><U75/><E75/><V25/><F31/><W26/><G72/><T24/><D24/><U68/><E68/><V11/><AGARI ba="0,1" hai="7,8,11,13,15,17,21,25,28,81,87,90,92,95" machi="11" ten="20,3900,0" yaku="0,1,7,1,8,1" doraHai="59" who="2" fromWho="2" sc="96,-13,314,-13,320,49,260,-13" /><INIT seed="6,1,0,5,1,80" ten="83,301,369,247" oya="2" hai0="94,46,68,34,65,74,107,126,98,121,48,133,2" hai1="50,105,27,58,0,66,122,95,33,25,35,85,110" hai2="89,77,72,52,59,16,23,55,29,111,39,132,51" hai3="118,73,10,49,45,62,36,92,56,104,57,81,20"/><V82/><F39/><W26/><G104/><T130/><RYUUKYOKU type="yao9" ba="1,0" sc="83,0,301,0,369,0,247,0" hai0="2,34,46,48,65,68,74,94,98,107,121,126,130,133" /><INIT seed="6,2,0,0,0,0" ten="83,301,369,247" oya="2" hai0="32,46,31,2,91,51,48,87,83,14,86,45,27" hai1="37,6,118,5,117,125,20,63,1,85,133,108,96" hai2="44,61,75,134,121,49,58,71,76,34,106,35,69" hai3="4,95,116,56,55,66,119,104,24,109,113,128,47"/><V8/><F121/><W114/><G104/><T54/><D2/><U89/><E108/><V94/><F106/><W52/><G109/><T59/><D14/><U7/><E37/><V43/><F134/><W38/><G128/><T135/><D135/><U21/><E133/><V126/><F126/><W25/><G95/><T80/><REACH who="0" step="1"/><D48/><REACH who="0" ten="73,301,369,247" step="2"/><U107/><E1/><V74/><F35/><W17/><G116/><T65/><D65/><U16/><E118/><V72/><F34/><W19/><G66/><T92/><D92/><U10/><E117/><V88/><F76/><W82/><G119/><T33/><D33/><U18/><E125/><V77/><F77/><W15/><G15/><T101/><D101/><U9/><E107/><V50/><F50/><W22/><G82/><T78/><AGARI ba="2,1" hai="27,31,32,45,46,51,54,59,78,80,83,86,87,91" machi="78" ten="20,2700,0" yaku="1,1,0,1,7,1,53,0" doraHai="0" doraHaiUra="60" who="0" fromWho="0" sc="73,43,301,-9,369,-15,247,-9" /><INIT seed="7,0,0,1,0,9" ten="116,292,354,238" oya="3" hai0="24,100,43,47,72,15,115,55,95,114,94,20,34" hai1="40,99,66,132,81,93,58,31,83,13,104,22,53" hai2="127,21,64,70,97,86,125,133,60,61,110,2,10" hai3="62,77,103,42,131,52,49,105,16,74,5,18,28"/><W92/><G105/><T75/><D34/><U78/><E104/><V50/><F110/><W36/><G36/><T122/><D122/><U8/><E132/><V19/><F133/><W51/><G74/><T17/><D55/><U3/><E3/><V130/><F130/><W6/><G77/><T35/><D75/><U98/><E40/><V108/><F108/><W12/><G28/><T76/><D72/><U134/><E134/><V96/><F50/><N who="3" m="18955" /><G42/><T39/><D76/><U46/><E99/><V102/><F86/><W90/><G103/><T14/><D35/><U63/><E78/><V135/><F61/><W109/><G18/><T120/><D120/><U38/><E38/><V23/><F135/><W89/><G89/><T80/><D80/><U119/><E119/><V117/><F117/><W82/><G82/><T118/><D118/><U54/><E46/><V123/><F123/><W113/><G131/><T11/><D100/><N who="1" m="60495" /><E83/><V121/><F121/><W27/><G27/><T88/><D24/><N who="1" m="16791" /><E81/><V0/><F102/><W112/><G109/><T48/><D39/><U116/><E116/><V33/><F33/><W41/><G41/><T57/><D57/><U124/><E124/><N who="2" m="47691" /><F0/><W111/><G111/><T45/><D45/><U1/><E1/><V7/><F23/><W107/><G52/><T30/><D94/><U26/><E26/><AGARI ba="0,0" hai="2,7,10,19,21,26,60,64,70,96,97" m="47691" machi="26" ten="30,1000,0" yaku="18,1" doraHai="9" who="2" fromWho="1" sc="116,0,292,-10,354,10,238,0" owari="116,-38.0,282,8.0,364,46.0,238,-16.0" /></mjloggm>