<mjloggm ver="2.3"><GO type="169" lobby="0"/><UN n0="%E3%81%B5%E3%81%98%E3%81%8B%E3%81%A4" n1="%75%34%6B%61%6D%6F%31%30" n2="%E3%83%AA%E3%83%92%E3%83%A3" n3="%E3%82%B3%E3%82%AB%E3%83%A9%E3%82%A4%E3%82%A2" dan="16,16,16,17" rate="2181.67,2067.66,2068.41,2168.81" sx="M,M,M,M"/><TAIKYOKU oya="0"/><INIT seed="0,0,0,5,0,26" ten="250,250,250,250" oya="0" hai0="61,55,115,43,117,34,95,114,111,112,48,96,37" hai1="64,80,70,42,33,10,6,25,129,54,89,28,50" hai2="128,9,57,66,127,56,113,134,32,82,92,135,2" hai3="104,1,75,98,105,101,17,31,88,18,52,83,15"/><T13/><D117/><U67/><E129/><V131/><F113/><W97/><G1/><T51/><D111/><U120/><E120/><V122/><F122/><W94/><G105/><T44/><D34/><U40/><E89/><V65/><F32/><W124/><G124/><T35/><D35/><U79/><E42/><V58/><F82/><W68/><G68/><T108/><D108/><U76/><E76/><V123/><F123/><W60/><G31/><T84/><D84/><U116/><E116/><V78/><F78/><W8/><G83/><T0/><D0/><U103/><E103/><V41/><F92/><W20/><G75/><T11/><D61/><U132/><E40/><V87/><F87/><W46/><G46/><T7/><REACH who="0" step="1"/><D55/><REACH who="0" ten="240,250,250,250" step="2"/><U109/><E109/><V93/><F2/><W118/><G118/><T53/><D53/><U49/><E54/><V23/><F131/><W24/><REACH who="3" step="1"/><G52/><REACH who="3" ten="240,250,250,240" step="2"/><T99/><D99/><U110/><E110/><V72/><F128/><W29/><G29/><T4/><D4/><U86/><E6/><V62/><F72/><W39/><G39/><T12/><D12/><U63/><E28/><V74/><F74/><W71/><G71/><T16/><D16/><U19/><E19/><V14/><F62/><AGARI ba="0,2" hai="8,15,17,18,20,24,60,62,88,94,97,98,101,104" machi="62" ten="40,2600,0" yaku="1,1,54,1,53,0" doraHai="26" doraHaiUra="107" who="3" fromWho="2" sc="240,0,250,0,250,-26,240,46" /><INIT seed="1,0,0,4,1,34" ten="240,250,224,286" oya="1" hai0="97,58,78,18,104,87,51,20,14,46,17,85,77" hai1="103,16,38,43,26,68,109,8,48,113,128,40,131" hai2="41,33,54,2,30,25,72,37,62,110,15,105,132" hai3="126,118,0,98,53,22,120,23,13,69,59,115,79"/><U24/><E68/><V56/><F110/><W91/><G115/><T88/><D104/><U5/><E113/><V65/><F132/><W64/><G120/><T32/><D32/><U94/><E38/><V45/><F105/><W4/><G126/><T112/><D112/><U35/><E109/><V116/><F72/><W114/><G114/><T106/><D106/><U6/><E35/><V29/><F29/><W50/><G118/><T27/><D87/><U96/><E48/><V1/><F116/><W76/><G0/><T101/><D101/><U73/><E73/><V11/><REACH who="2" step="1"/><F65/><REACH who="2" ten="240,250,214,286" step="2"/><W52/><G64/><T135/><D135/><U123/><E123/><V3/><F3/><W124/><G124/><T99/><D77/><U12/><E131/><V70/><F70/><W31/><G69/><T117/><D78/><U100/><E128/><V92/><F92/><N who="3" m="56607" /><G31/><T28/><D117/><U83/><E83/><V44/><F44/><W122/><G122/><T102/><D58/><U129/><E129/><V81/><F81/><W93/><G93/><N who="0" m="54415" /><D28/><U127/><E127/><V55/><F55/><W67/><G53/><N who="0" m="29943" /><D102/><U86/><E103/><V47/><F47/><W75/><G75/><T42/><D42/><N who="1" m="15915" /><E86/><V36/><F36/><W111/><G111/><T134/><D134/><U119/><E119/><V125/><F125/><W9/><G67/><T84/><D84/><U7/><AGARI ba="0,1" hai="5,6,7,8,12,16,24,26,94,96,100" m="15915" machi="7" ten="30,3000,0" yaku="8,1,54,1" doraHai="34" who="1" fromWho="1" sc="240,-10,250,40,214,-10,286,-10" /><INIT seed="1,1,0,0,0,87" ten="230,290,204,276" oya="1" hai0="42,19,125,89,56,8,29,111,12,27,49,134,103" hai1="62,73,57,55,76,46,21,83,72,97,3,109,47" hai2="15,64,126,107,44,95,22,68,69,9,28,37,78" hai3="124,53,123,113,90,105,14,117,131,96,6,30,116"/><U31/><E3/><V50/><F107/><W132/><G113/><T133/><D103/><U10/><E73/><V120/><F120/><W52/><G123/><T17/><D42/><U91/><E10/><V60/><F126/><W130/><G30/><T34/><D125/><U36/><E36/><V54/><F37/><W1/><G1/><T61/><D49/><U26/><REACH who="1" step="1"/><E109/><REACH who="1" ten="230,280,204,276" step="2"/><V74/><F74/><W66/><G124/><T7/><D111/><U77/><E77/><V79/><F78/><W71/><G117/><T39/><D39/><U114/><E114/><V25/><F79/><W108/><G116/><T45/><D134/><U98/><E98/><V129/><F129/><W24/><G96/><T135/><D135/><U35/><E35/><V104/><F9/><W99/><G108/><T67/><D133/><U23/><E23/><V75/><F75/><W82/><G99/><T2/><D2/><U70/><E70/><V85/><F69/><W127/><G71/><T93/><REACH who="0" step="1"/><D45/><REACH who="0" ten="220,280,204,276" step="2"/><U13/><E13/><V128/><F15/><W106/><G14/><T65/><D65/><U81/><E81/><V32/><F64/><W121/><G82/><T80/><D80/><U88/><E88/><V38/><F44/><W86/><G90/><T20/><D20/><U0/><E0/><V58/><F22/><W33/><G66/><T4/><D4/><U48/><E48/><V100/><F50/><W18/><G127/><T5/><D5/><U101/><E101/><V122/><F100/><W41/><G6/><T112/><D112/><U119/><E119/><V51/><F38/><RYUUKYOKU ba="1,2" sc="220,15,280,15,204,-15,276,-15" hai0="7,8,12,17,19,27,29,34,56,61,67,89,93" hai1="21,26,31,46,47,55,57,62,72,76,83,91,97" /><INIT seed="1,2,2,3,5,134" ten="235,295,189,261" oya="1" hai0="114,83,91,133,107,94,17,36,130,22,110,43,111" hai1="19,76,9,12,61,13,51,59,5,122,128,53,39" hai2="66,27,57,58,25,89,14,121,120,52,108,75,124" hai3="15,125,8,109,71,127,68,98,21,69,115,1,99"/><U80/><E128/><V87/><F75/><W30/><G115/><T23/><D114/><U38/><E122/><V100/><F100/><W126/><G109/><N who="0" m="41483" /><D107/><U63/><E38/><V48/><F108/><W20/><G1/><T45/><D133/><U62/><E39/><V40/><F40/><W113/><G113/><T56/><D130/><U7/><REACH who="1" step="1"/><E13/><REACH who="1" ten="235,285,189,261" step="2"/><V18/><F121/><W81/><G126/><T70/><D36/><U82/><E82/><N who="2" m="49399" /><F124/><N who="3" m="47691" /><G81/><T118/><D83/><U129/><E129/><V31/><F120/><W47/><G47/><T42/><D45/><U74/><AGARI ba="2,3" hai="5,7,9,12,19,51,53,59,61,62,63,74,76,80" machi="74" ten="30,6000,0" yaku="1,1,0,1,53,1" doraHai="134" doraHaiUra="79" who="1" fromWho="1" sc="235,-22,285,96,189,-22,261,-22" /><INIT seed="1,3,0,1,2,80" ten="213,381,167,239" oya="1" hai0="9,73,43,28,75,21,37,109,106,52,10,113,98" hai1="86,13,36,30,20,71,2,32,99,44,124,116,117" hai2="3,59,60,97,31,108,66,5,55,104,51,72,77" hai3="61,127,129,24,89,112,95,91,18,101,64,56,103"/><U102/><E71/><V40/><F108/><W23/><G112/><T57/><D113/><U132/><E132/><V54/><F31/><W63/><G127/><T15/><D109/><U39/><E124/><V110/><F110/><W69/><G129/><T65/><D65/><U119/><E2/><V33/><F33/><W82/><G82/><T92/><D106/><U134/><E134/><V123/><F72/><W130/><G130/><T29/><D9/><U135/><E135/><V19/><F77/><W38/><G38/><T14/><D14/><U17/><E44/><V115/><F40/><W48/><G48/><T105/><D105/><U42/><E42/><V79/><F79/><W96/><REACH who="3" step="1"/><G91/><REACH who="3" ten="213,381,167,229" step="2"/><T12/><D37/><U27/><E39/><V68/><F51/><W88/><G88/><T6/><D75/><U111/><E36/><V11/><F115/><W93/><G93/><T22/><D73/><U53/><E111/><V7/><F104/><W4/><G4/><T76/><D76/><U90/><E119/><V121/><F5/><W84/><G84/><T126/><D126/><U34/><E117/><V125/><F125/><W62/><G62/><N who="0" m="36135" /><D43/><U100/><E116/><V58/><F97/><W25/><G25/><N who="0" m="16431" /><D6/><U0/><E27/><V41/><F7/><W8/><G8/><T78/><D10/><U35/><E0/><V50/><F3/><W131/><G131/><T47/><D78/><U128/><E128/><V120/><F41/><W74/><G74/><T133/><D133/><U16/><E17/><V94/><F19/><W46/><G46/><T83/><D47/><RYUUKYOKU ba="3,1" sc="213,-10,381,-10,167,-10,229,30" hai3="18,23,24,56,61,63,64,69,89,95,96,101,103" /><INIT seed="2,4,1,2,1,57" ten="203,371,157,259" oya="2" hai0="5,62,21,88,68,70,72,95,31,87,126,78,128" hai1="9,91,107,116,26,32,3,0,83,79,20,124,65" hai2="15,76,135,118,115,6,67,51,63,98,22,73,39" hai3="77,89,92,103,23,90,96,71,117,11,121,43,109"/><V131/><F39/><W123/><G71/><T1/><D128/><U94/><E116/><V80/><F115/><W134/><G117/><T119/><D119/><U16/><E107/><V113/><F113/><W100/><G109/><T25/><D126/><U60/><E124/><V54/><F118/><W127/><G43/><T99/><D72/><U18/><E32/><V40/><F135/><W19/><G127/><T85/><D1/><U120/><E120/><V130/><F40/><W61/><G134/><T82/><D5/><U101/><E101/><V28/><F98/><W86/><G77/><T55/><D87/><U14/><E91/><V74/><F73/><W2/><G11/><T75/><D55/><U53/><E94/><V106/><F106/><W58/><G2/><T47/><D47/><U30/><E30/><V45/><F28/><W110/><G110/><T46/><D46/><U33/><E53/><V38/><F38/><W13/><G121/><T108/><D108/><U35/><E0/><V36/><F36/><W56/><G56/><T52/><D75/><U17/><E17/><V29/><F29/><W8/><G8/><T34/><D34/><U122/><E3/><V129/><F6/><W64/><REACH who="3" step="1"/><G123/><REACH who="3" ten="203,371,157,249" step="2"/><T81/><D70/><N who="1" m="42279" /><E122/><V50/><F130/><W69/><G69/><T66/><D68/><U59/><E59/><N who="2" m="37375" /><F131/><W102/><G102/><T7/><D78/><U48/><E79/><V12/><F129/><W41/><G41/><T125/><D125/><U44/><E9/><V93/><F76/><W24/><G24/><T111/><D25/><U37/><E26/><RYUUKYOKU ba="4,2" sc="203,-10,371,-10,157,-10,249,30" hai3="13,19,23,58,61,64,86,89,90,92,96,100,103" /><INIT seed="3,5,2,4,5,82" ten="193,361,147,279" oya="3" hai0="121,83,2,68,8,134,117,93,43,46,36,56,118" hai1="129,79,106,32,24,34,94,101,99,111,17,126,72" hai2="77,64,114,57,100,13,112,124,84,45,80,85,109" hai3="95,9,116,23,0,108,25,19,98,37,113,51,131"/><W88/><G113/><T78/><D121/><U76/><E111/><V12/><F109/><W122/><G108/><T3/><D93/><U15/><E129/><V1/><F1/><N who="0" m="10" /><D56/><U96/><E126/><V91/><F124/><W59/><G116/><N who="0" m="44651" /><D8/><U28/><E34/><V135/><F135/><W104/><G131/><T74/><D68/><U11/><REACH who="1" step="1"/><E72/><REACH who="1" ten="193,351,147,279" step="2"/><V26/><F114/><W38/><G122/><T53/><D53/><U21/><E21/><V42/><F112/><W90/><G23/><T97/><D97/><U89/><AGARI ba="5,3" hai="11,15,17,24,28,32,76,79,89,94,96,99,101,106" machi="89" ten="20,5200,0" yaku="1,1,0,1,7,1,53,1" doraHai="82" doraHaiUra="102" who="1" fromWho="1" sc="193,-18,351,97,147,-18,279,-31" /><INIT seed="4,0,0,3,0,54" ten="175,448,129,248" oya="0" hai0="31,24,78,5,90,98,3,67,30,99,36,127,46" hai1="34,72,12,93,49,33,84,76,89,77,117,61,97" hai2="64,0,85,122,14,15,107,8,57,37,88,1,81" hai3="19,106,118,111,28,96,126,79,82,87,29,13,135"/><T18/><D127/><U101/><E117/><V69/><F122/><W112/><G111/><T23/><D78/><U124/><E124/><V116/><F116/><W110/><G110/><T128/><D67/><U130/><E130/><V108/><F108/><W47/><G118/><T53/><D128/><U21/><E61/><V75/><F37/><W11/><G126/><T50/><D30/><U38/><E38/><V131/><F107/><W80/><G135/><T6/><D36/><U27/><E76/><V52/><F75/><W105/><G112/><T109/><D109/><U63/><E77/><V71/><F131/><W40/><G82/><T2/><D2/><U92/><E72/><V120/><F120/><W83/><G80/><T56/><D3/><U59/><E49/><V42/><F42/><W22/><G96/><N who="0" m="36907" /><D90/><U35/><E12/><V100/><F15/><N who="3" m="9599" /><G105/><T95/><D95/><U9/><E9/><V134/><F100/><W41/><G106/><T132/><D132/><U103/><E103/><V129/><F134/><W74/><G74/><T113/><D113/><U7/><E35/><V43/><F69/><W20/><G20/><N who="0" m="15751" /><D46/><U114/><E114/><V58/><F71/><W26/><G47/><T86/><D86/><U65/><REACH who="1" step="1"/><E7/><REACH who="1" ten="175,438,129,248" step="2"/><V48/><F129/><W70/><G79/><T62/><D50/><U55/><E55/><V73/><F73/><W44/><G11/><T51/><D51/><U119/><E119/><V66/><F0/><W16/><G13/><AGARI ba="0,1" hai="5,6,13,18,23,53,56,62" m="15751,36907" machi="13" ten="30,2900,0" yaku="8,1,52,1" doraHai="54" who="0" fromWho="3" sc="175,39,438,0,129,0,248,-29" /><INIT seed="4,1,0,5,3,4" ten="214,438,129,219" oya="0" hai0="117,58,55,127,69,65,82,77,104,3,98,50,19" hai1="92,95,124,46,106,0,123,21,36,22,5,102,118" hai2="109,40,33,90,103,87,42,30,27,11,78,132,9" hai3="39,31,128,101,91,23,25,93,76,62,119,15,135"/><T20/><D117/><U63/><E118/><V110/><F78/><W59/><G119/><T60/><D3/><U115/><E123/><V84/><F132/><W130/><G39/><T88/><D127/><U66/><E124/><V38/><F103/><W47/><G135/><T43/><D104/><U37/><E37/><V70/><F70/><W89/><G76/><T121/><D121/><U1/><E106/><V73/><F73/><W79/><G79/><T96/><D43/><U100/><E36/><V85/><F90/><W122/><G47/><T114/><D114/><U51/><E5/><V28/><F38/><W45/><G45/><T8/><D77/><U48/><E46/><V125/><F125/><W14/><G122/><T113/><D113/><U131/><E115/><V64/><F64/><W133/><G133/><T24/><REACH who="0" step="1"/><D8/><REACH who="0" ten="204,438,129,219" step="2"/><U26/><E1/><V13/><F42/><W86/><G128/><T112/><D112/><U116/><E0/><V18/><F40/><W71/><G130/><T107/><D107/><U7/><E116/><V41/><F41/><W57/><G101/><T68/><D68/><U72/><E131/><V97/><F9/><W111/><G71/><T56/><D56/><U61/><E72/><V35/><F11/><W32/><G59/><T16/><D16/><U105/><E105/><V108/><F18/><W10/><G10/><T75/><D75/><U12/><E7/><V99/><F13/><W53/><G15/><T44/><D44/><U29/><E12/><V126/><F126/><W94/><G14/><T67/><D67/><U6/><E6/><RYUUKYOKU ba="1,1" sc="204,15,438,-15,129,15,219,-15" hai0="19,20,24,50,55,58,60,65,69,82,88,96,98" hai2="27,28,30,33,35,84,85,87,97,99,108,109,110" /><INIT seed="4,2,1,3,0,32" ten="219,423,144,204" oya="0" hai0="109,34,94,21,86,41,88,53,61,12,75,101,126" hai1="26,1,13,98,51,74,67,44,128,47,31,63,24" hai2="78,33,90,100,115,29,58,76,43,121,80,6,15" hai3="117,134,30,7,84,103,81,124,27,111,108,85,42"/><T35/><D75/><U122/><E122/><V46/><F121/><W9/><G117/><T23/><D41/><U110/><E110/><V40/><F115/><W59/><G134/><T77/><D109/><U39/><E74/><V99/><F29/><W57/><G124/><T5/><D126/><U119/><E119/><V68/><F33/><W60/><G103/><T0/><D0/><U8/><E1/><V79/><F68/><W10/><G42/><T95/><D77/><U25/><E31/><V118/><F118/><W55/><G59/><N who="0" m="35055" /><D35/><U96/><E128/><V48/><F58/><W64/><G64/><T22/><D34/><U133/><E133/><V20/><F43/><W129/><G129/><T125/><D125/><U49/><E39/><V130/><F90/><W28/><G28/><T127/><D127/><U71/><E47/><V113/><F113/><W54/><G55/><T37/><D37/><U104/><E104/><V116/><F130/><W69/><G69/><T114/><D114/><U73/><E73/><V102/><F116/><W72/><G72/><T62/><D62/><U66/><E66/><V17/><F6/><W14/><G9/><N who="0" m="4143" /><D101/><U38/><E38/><V120/><F102/><W87/><REACH who="3" step="1"/><G81/><AGARI ba="2,1" hai="21,22,23,81,86,88,94,95" m="4143,35055" machi="81" ten="30,2900,0" yaku="8,1,54,1" doraHai="32" who="0" fromWho="3" sc="219,45,423,0,144,0,204,-35" /><INIT seed="4,3,0,3,4,51" ten="264,423,144,169" oya="0" hai0="77,16,70,2,46,21,117,119,27,90,97,61,26" hai1="101,64,121,78,24,49,42,81,124,13,108,12,40" hai2="58,68,19,71,41,134,100,102,125,20,43,14,109" hai3="120,132,31,111,93,118,75,65,69,106,104,123,116"/><T60/><D2/><U73/><E108/><V86/><F109/><W105/><G31/><T37/><D77/><U133/><E121/><N who="3" m="46666" /><G111/><T114/><D114/><U56/><E124/><V84/><F125/><W98/><G65/><T28/><D61/><U82/><E133/><V62/><F71/><W72/><G69/><T63/><D63/><U44/><E101/><N who="2" m="39019" /><F134/><W30/><G30/><T35/><D37/><U52/><E64/><N who="2" m="38999" /><F68/><W79/><G132/><T80/><D46/><U1/><E1/><V74/><F74/><N who="3" m="28203" /><G79/><T85/><REACH who="0" step="1"/><D97/><REACH who="0" ten="254,423,144,169" step="2"/><U112/><E44/><V129/><F129/><W89/><AGARI ba="3,1" hai="89,93,98,104,105,106,116,118" m="28203,46666" machi="89" ten="40,5200,0" yaku="13,1,34,2" doraHai="51" who="3" fromWho="3" sc="254,-29,423,-16,144,-16,169,71" /><INIT seed="5,0,0,3,2,94" ten="225,407,128,240" oya="1" hai0="47,106,123,121,84,3,2,64,60,95,61,30,23" hai1="15,38,67,127,102,133,22,78,35,5,129,103,77" hai2="114,56,118,71,52,101,66,93,72,135,12,17,24" hai3="54,8,81,112,33,53,125,48,39,59,134,110,51"/><U131/><E38/><V50/><F135/><W116/><G110/><T21/><D106/><U25/><E133/><V70/><F118/><W31/><G116/><T109/><D109/><U11/><E35/><V104/><F72/><W45/><G134/><T75/><D75/><U40/><E40/><V57/><F104/><W44/><G125/><T9/><D47/><U79/><E67/><V36/><F36/><W6/><G112/><T19/><D64/><U14/><E14/><V37/><F37/><W82/><G39/><T92/><D84/><U119/><E127/><V128/><F128/><N who="1" m="49225" /><E119/><V16/><F114/><W20/><G59/><T91/><D91/><U126/><E126/><V96/><F24/><W87/><G33/><T132/><D132/><U46/><E46/><V105/><F105/><W90/><G20/><N who="0" m="7755" /><D30/><AGARI ba="0,0" hai="5,11,15,22,25,30,77,78,79,102,103" m="49225" machi="30" ten="30,1500,0" yaku="19,1" doraHai="94" who="1" fromWho="0" sc="225,-15,407,15,128,0,240,0" /><INIT seed="5,1,0,0,0,4" ten="210,422,128,240" oya="1" hai0="132,106,2,73,101,122,53,85,68,31,18,27,114" hai1="54,119,120,80,9,79,71,103,20,89,117,28,83" hai2="17,60,93,70,43,91,123,61,125,112,57,104,51" hai3="24,87,29,58,12,46,44,1,63,78,128,41,6"/><U126/><E120/><V47/><F123/><W39/><G128/><T129/><D53/><U90/><E71/><V55/><F104/><W134/><G134/><T26/><D85/><U0/><E103/><V69/><F17/><W37/><G1/><T66/><D26/><U113/><E113/><V92/><F93/><W77/><G87/><T115/><D18/><U109/><E109/><V108/><F108/><W102/><G102/><T14/><D14/><U45/><E126/><V50/><F125/><W33/><G44/><T81/><D129/><U13/><E0/><V10/><F112/><W131/><G39/><T67/><D67/><U118/><E20/><V116/><F10/><W88/><G131/><T62/><D122/><U59/><E45/><N who="2" m="25919" /><F92/><W22/><G88/><T74/><D132/><U8/><E28/><V99/><F91/><W130/><G130/><T86/><D2/><U42/><E90/><V97/><F99/><W82/><G82/><T65/><D65/><U32/><E89/><V48/><F97/><W84/><G84/><T35/><D115/><U98/><E83/><V72/><F116/><W19/><G6/><T7/><D7/><U133/><E133/><V15/><F15/><W105/><G105/><T49/><D114/><U38/><E98/><V56/><F72/><W127/><G127/><T76/><REACH who="0" step="1"/><D49/><REACH who="0" ten="200,422,128,240" step="2"/><N who="2" m="19018" /><F47/><W121/><G121/><T95/><D95/><U64/><E13/><V5/><F5/><W40/><G41/><T16/><D16/><U100/><E42/><V110/><F110/><W23/><G22/><T52/><D52/><AGARI ba="1,1" hai="52,55,56,57,60,61,69,70" m="19018,25919" machi="52" ten="30,12000,2" yaku="35,5,54,1" doraHai="4" who="2" fromWho="0" sc="200,-123,422,0,128,133,240,0" /><AGARI ba="1,0" hai="12,19,23,24,29,33,37,40,46,52,58,63,77,78" machi="52" ten="30,2000,0" yaku="7,1,54,1" doraHai="4" who="3" fromWho="0" sc="77,-20,422,0,261,0,240,20" /><INIT seed="6,0,0,5,0,11" ten="57,422,261,260" oya="2" hai0="82,17,120,31,9,100,5,89,43,24,83,98,6" hai1="3,86,39,132,127,10,26,115,2,95,23,35,13" hai2="108,28,48,126,99,60,18,59,53,8,29,75,52" hai3="112,32,133,63,119,135,134,49,101,110,1,66,58"/><V79/><F126/><W33/><G1/><T46/><D120/><U37/><E127/><V22/><F108/><W111/><G101/><T80/><D89/><U103/><E115/><V81/><F8/><W67/><G33/><T69/><D69/><U14/><E35/><V20/><F99/><W84/><G84/><T72/><D17/><U15/><E10/><V40/><F40/><W96/><G96/><T57/><D57/><U55/><E132/><V64/><F22/><W88/><G32/><T128/><D128/><U104/><E104/><V125/><F125/><W44/><G119/><T78/><D6/><U42/><E42/><V50/><F53/><N who="3" m="29863" /><G88/><T54/><D54/><U109/><E103/><V118/><F50/><W121/><G121/><T85/><D24/><U19/><E109/><N who="3" m="41482" /><G112/><T41/><D31/><U30/><E95/><V124/><F118/><W102/><G102/><T47/><D41/><U61/><E86/><V105/><F105/><W93/><G93/><T91/><D47/><U92/><E92/><V27/><REACH who="2" step="1"/><F124/><REACH who="2" ten="57,422,251,260" step="2"/><W117/><G117/><T25/><D98/><U87/><E23/><V51/><F51/><W56/><G66/><T123/><D123/><U107/><E107/><V16/><F16/><W7/><G7/><T130/><D130/><U122/><E19/><V113/><F113/><W77/><G67/><T116/><D116/><U38/><E122/><V114/><F114/><W45/><G134/><T21/><D21/><U62/><E30/><V74/><F74/><W131/><G135/><T36/><D72/><U65/><E65/><V106/><F106/><RYUUKYOKU ba="0,1" sc="57,-10,422,-10,251,30,260,-10" hai2="18,20,27,28,29,48,52,59,60,64,75,79,81" /><INIT seed="6,1,1,4,5,62" ten="47,412,281,250" oya="2" hai0="12,78,73,84,123,7,106,109,88,36,37,15,20" hai1="93,126,98,51,66,19,21,31,18,121,119,63,74" hai2="129,79,115,30,45,67,68,14,104,9,101,96,130" hai3="29,1,87,32,64,75,116,113,56,58,33,125,40"/><V80/><F115/><W133/><G116/><T57/><D123/><U132/><E119/><V120/><F120/><W3/><G75/><T54/><D106/><U6/><E121/><V26/><F45/><W92/><G133/><T110/><D15/><U2/><E74/><V39/><F39/><W35/><G113/><T25/><D110/><U16/><E126/><V59/><F68/><W111/><G111/><T94/><D109/><U134/><E51/><V90/><F90/><W70/><G40/><T76/><D36/><U72/><E72/><V52/><F67/><W49/><G49/><T46/><D46/><U43/><E43/><V53/><F80/><W89/><G125/><T27/><D37/><U103/><E6/><V99/><F79/><W83/><G29/><T82/><D78/><U50/><E50/><V60/><F53/><W114/><G114/><T86/><D73/><U95/><E95/><V131/><F99/><W5/><G5/><T102/><D102/><U85/><E85/><V8/><REACH who="2" step="1"/><F14/><REACH who="2" ten="47,412,271,250" step="2"/><W13/><G13/><T34/><D27/><N who="1" m="16879" /><E2/><V38/><F38/><W28/><G3/><T105/><D105/><U97/><E97/><V23/><AGARI ba="1,2" hai="8,9,23,26,30,52,59,60,96,101,104,129,130,131" machi="23" ten="30,12000,1" yaku="1,1,0,1,19,1,54,1,53,1" doraHai="62" doraHaiUra="22" who="2" fromWho="2" sc="47,-41,412,-41,271,143,250,-41" /><INIT seed="6,2,0,0,5,126" ten="6,371,414,209" oya="2" hai0="98,2,25,29,38,4,30,70,120,97,18,91,39" hai1="31,130,12,0,99,21,42,74,28,6,37,9,16" hai2="118,125,107,14,119,58,80,52,104,86,1,11,44" hai3="40,49,109,108,76,71,95,105,75,116,112,106,83"/><V15/><F1/><W121/><G121/><T65/><D120/><U53/><E74/><V88/><F125/><W59/><G59/><T133/><D133/><U81/><E81/><V41/><F15/><W61/><G116/><T89/><D65/><U123/><E123/><V60/><F104/><N who="3" m="40043" /><G49/><T128/><D4/><U63/><E99/><V110/><F107/><W78/><G40/><T96/><D2/><U23/><E53/><V79/><F79/><W46/><G46/><T85/><D85/><U66/><E42/><V127/><F110/><W72/><G95/><T33/><D18/><U20/><E37/><V132/><F132/><W122/><G122/><T35/><D25/><U45/><E45/><V34/><F34/><W114/><G61/><T124/><D124/><U113/><E31/><V82/><F82/><N who="3" m="45319" /><G71/><T134/><D70/><U100/><E63/><V64/><F127/><W8/><G8/><T51/><D51/><U87/><E9/><V54/><F54/><W92/><G92/><T102/><D102/><U26/><E21/><V77/><F77/><W129/><G109/><T10/><D10/><U7/><E23/><V68/><F68/><W101/><G101/><T22/><D22/><U67/><E20/><V57/><F57/><W32/><G32/><N who="0" m="12363" /><D134/><U93/><E100/><V47/><F47/><W62/><G108/><T13/><D13/><U94/><E12/><V36/><F64/><W55/><G62/><T3/><D3/><U17/><E0/><V111/><F111/><W135/><G135/><T69/><D69/><U5/><E67/><V84/><F86/><RYUUKYOKU ba="2,0" sc="6,-10,371,-10,414,30,209,-10" hai2="11,14,36,41,44,52,58,60,80,84,88,118,119" owari="-4,-50.0,361,16.0,444,54.0,199,-20.0" /></mjloggm>