<mjloggm ver="2.3"><GO type="169" lobby="0"/><UN n0="%6F%66" n1="%79%75%36%31%39%7A%69" n2="%72%79%6F%31%37" n3="%63%6C%75%74%63%68%37%33" dan="16,16,16,17" rate="2171.50,2120.00,2004.55,2161.10" sx="M,M,M,M"/><TAIKYOKU oya="0"/><BYE who="3" /><UN n3="%63%6C%75%74%63%68%37%33" /><INIT seed="0,0,0,1,2,108" ten="250,250,250,250" oya="0" hai0="129,25,22,99,132,50,32,112,127,33,103,14,65" hai1="35,71,89,116,13,36,125,81,19,85,117,29,86" hai2="16,51,104,56,28,82,6,94,83,49,38,128,92" hai3="17,4,47,70,1,95,126,10,68,12,79,34,105"/><T75/><BYE who="1" /><D75/><UN n1="%79%75%36%31%39%7A%69" /><U113/><E36/><V11/><F104/><W27/><G105/><T131/><D65/><U88/><E71/><V119/><F38/><W84/><G126/><T61/><D61/><U67/><E67/><V46/><F128/><N who="0" m="49226" /><D50/><U100/><E100/><V62/><F119/><W54/><G54/><T18/><D99/><U37/><E37/><V122/><F122/><W80/><G95/><T110/><D103/><U134/><E125/><V98/><F28/><W115/><G115/><T111/><D127/><U7/><E113/><V74/><F74/><W57/><G57/><T109/><D112/><U24/><E7/><V23/><F94/><W73/><G84/><T78/><D78/><U118/><E118/><V60/><F51/><W0/><G0/><T55/><D55/><U9/><REACH who="1" step="1"/><E134/><REACH who="1" ten="250,240,250,250" step="2"/><V87/><F6/><W133/><G133/><T3/><D132/><U77/><E77/><V45/><F45/><W101/><G47/><T130/><N who="0" m="49234" /><T20/><DORA hai="121" /><D3/><U76/><E76/><V53/><F46/><W21/><G101/><T106/><D106/><U107/><E107/><V44/><F44/><W93/><G93/><AGARI ba="0,1" hai="9,13,19,24,29,35,81,85,86,88,89,93,116,117" machi="93" ten="30,3900,0" yaku="1,1,7,1,54,1,53,0" doraHai="108,121" doraHaiUra="123,102" who="1" fromWho="3" sc="250,0,240,49,250,0,250,-39" /><INIT seed="1,0,0,2,4,3" ten="250,289,250,211" oya="1" hai0="91,50,31,36,77,132,11,100,37,133,114,76,126" hai1="121,42,101,79,64,68,70,130,119,53,43,122,103" hai2="22,86,38,21,88,4,54,40,84,65,104,72,83" hai3="20,109,7,82,39,81,0,2,55,17,52,14,95"/><U118/><E79/><V57/><F72/><W48/><G39/><T117/><D114/><U78/><E78/><V51/><F104/><W23/><G109/><T63/><D117/><U120/><E53/><V28/><F65/><W25/><G55/><T115/><D115/><U80/><E80/><V35/><F35/><W47/><G0/><T98/><D31/><U59/><E59/><V18/><F28/><W6/><G2/><T85/><D50/><U56/><E56/><V116/><F116/><W97/><G82/><T111/><D63/><U92/><E121/><V32/><F32/><W1/><G1/><T15/><D37/><U127/><E92/><V66/><F66/><W71/><G81/><N who="0" m="49583" /><D36/><U135/><E64/><V12/><F86/><W107/><G107/><N who="0" m="63895" /><D111/><U8/><E8/><N who="2" m="4103" /><F38/><W45/><G45/><T29/><D29/><U96/><E96/><V69/><F69/><W5/><G71/><T9/><D9/><U33/><E33/><V62/><F18/><N who="3" m="12439" /><G7/><N who="0" m="3583" /><D126/><U128/><E127/><V41/><F62/><W125/><G125/><T113/><D113/><U44/><E44/><V30/><F30/><W49/><G49/><T99/><D99/><U87/><E87/><V13/><F13/><W73/><G73/><T110/><D110/><U61/><E61/><V19/><F19/><W93/><G93/><T16/><D77/><U24/><E24/><V102/><F102/><AGARI ba="0,0" hai="5,6,14,17,23,47,48,52,95,97,102" m="12439" machi="102" ten="30,7700,0" yaku="8,1,52,2,54,1" doraHai="3" who="3" fromWho="2" sc="250,0,289,0,250,-77,211,77" /><INIT seed="2,0,0,1,2,93" ten="250,289,173,288" oya="2" hai0="95,135,115,62,41,121,131,4,22,102,80,2,106" hai1="45,47,104,91,88,1,129,99,82,32,24,81,49" hai2="10,68,118,87,26,128,126,7,38,96,90,110,53" hai3="113,98,34,54,8,50,39,79,16,124,109,33,60"/><V48/><F118/><W86/><G109/><T37/><D121/><U61/><E1/><V69/><F38/><W134/><G39/><T57/><D106/><U73/><E32/><V77/><F110/><W6/><G113/><T75/><D115/><U100/><E129/><V19/><F128/><W107/><G134/><T30/><D131/><U119/><E119/><V72/><F126/><W103/><G60/><T92/><D92/><U5/><E5/><V18/><F72/><W123/><G124/><T83/><D135/><U85/><E24/><V111/><F111/><W23/><G86/><T29/><D4/><U71/><E49/><V67/><F67/><W74/><G79/><T105/><D105/><U58/><E71/><V13/><F69/><W27/><G74/><T55/><D2/><U89/><E73/><V125/><F68/><W11/><G11/><T31/><D22/><U35/><E35/><V14/><F125/><W36/><G36/><T66/><D66/><U42/><E42/><V116/><F116/><W64/><G64/><T120/><D120/><U78/><REACH who="1" step="1"/><E82/><REACH who="1" ten="250,279,173,288" step="2"/><N who="2" m="47567" /><F26/><W97/><G123/><T40/><D75/><U112/><E112/><V28/><F28/><W76/><G34/><T59/><D37/><U12/><E12/><V51/><F14/><W127/><G33/><T84/><D80/><U20/><E20/><V17/><F53/><AGARI ba="0,1" hai="45,47,53,58,61,78,81,85,88,89,91,99,100,104" machi="53" ten="40,5200,0" yaku="1,1,52,1,54,1,53,0" doraHai="93" doraHaiUra="63" who="1" fromWho="2" sc="250,0,279,62,173,-52,288,0" /><INIT seed="3,0,0,1,4,88" ten="250,341,121,288" oya="3" hai0="72,13,107,61,74,66,64,23,102,27,101,78,59" hai1="99,24,105,122,49,67,63,133,89,82,126,79,93" hai2="135,103,95,35,68,65,62,1,47,48,86,4,33" hai3="37,53,112,127,21,115,6,77,71,55,20,45,131"/><W15/><G71/><T0/><D0/><U16/><E122/><V18/><F135/><W2/><G131/><T25/><D66/><U132/><E105/><V8/><F18/><W94/><G127/><T7/><D27/><U83/><E49/><V111/><F111/><W100/><G77/><T91/><D107/><U17/><E83/><V134/><F134/><N who="1" m="51817" /><E24/><V58/><F68/><W60/><G2/><T80/><D74/><N who="1" m="43383" /><E126/><V104/><F104/><W22/><G37/><T5/><D91/><U38/><E38/><V110/><F110/><W12/><G60/><T52/><D64/><U119/><E119/><V50/><F50/><W14/><G6/><T98/><D13/><U87/><E99/><V56/><F56/><AGARI ba="0,0" hai="16,17,56,63,67,87,89,93" m="43383,51817" machi="56" ten="30,3900,0" yaku="20,1,52,1,54,1" doraHai="88" who="1" fromWho="2" sc="250,0,341,39,121,-39,288,0" /><INIT seed="4,0,0,4,3,82" ten="250,380,82,288" oya="0" hai0="116,12,98,86,7,1,125,76,26,15,77,79,69" hai1="10,31,13,110,30,8,27,35,87,38,71,103,60" hai2="56,11,63,40,81,23,14,131,123,105,90,128,65" hai3="43,88,64,25,104,112,132,39,74,33,95,96,119"/><T62/><D116/><U18/><E38/><V36/><F123/><W113/><G119/><T16/><D125/><U46/><E110/><V101/><F101/><W102/><G132/><T49/><D1/><U2/><E31/><V92/><F105/><W57/><G39/><T130/><D130/><U42/><E103/><V17/><F81/><W51/><G43/><T58/><D69/><U52/><E71/><V83/><F83/><W3/><G3/><T61/><D98/><U97/><E97/><V109/><F109/><W59/><G74/><T89/><D49/><U117/><E117/><V115/><F115/><N who="3" m="44107" /><G64/><T29/><D7/><U9/><E87/><V134/><F134/><W6/><G6/><T50/><D50/><U80/><E80/><V32/><F32/><W129/><G51/><T75/><D75/><U93/><E93/><V120/><F120/><W68/><G68/><T47/><D47/><U37/><REACH who="1" step="1"/><E2/><REACH who="1" ten="250,370,82,288" step="2"/><V135/><F135/><W106/><G129/><T70/><D70/><U66/><E66/><V114/><F114/><W41/><G106/><T126/><D29/><U121/><E121/><V21/><F128/><W91/><G104/><T54/><D126/><U44/><E44/><N who="2" m="23559" /><F131/><W53/><G41/><T124/><D124/><U48/><E48/><V28/><F28/><N who="3" m="19599" /><G57/><AGARI ba="0,1" hai="8,9,10,13,18,27,30,35,37,42,46,52,57,60" machi="57" ten="40,2600,0" yaku="1,1,54,1,53,0" doraHai="82" doraHaiUra="111" who="1" fromWho="3" sc="250,0,370,36,82,0,288,-26" /><INIT seed="5,0,0,3,3,19" ten="250,406,82,262" oya="1" hai0="118,32,17,47,56,77,128,34,18,126,78,38,94" hai1="112,41,27,121,46,85,132,31,55,45,12,64,3" hai2="116,73,30,63,26,58,13,69,66,14,33,8,5" hai3="123,23,60,15,7,4,89,62,10,122,91,117,37"/><U135/><E3/><V9/><F116/><W0/><G37/><T59/><D118/><U68/><E121/><V104/><F73/><W102/><G117/><T92/><D47/><U50/><E12/><V93/><F93/><W110/><G102/><T106/><D128/><U72/><E72/><V130/><F130/><W6/><G110/><T70/><D70/><U115/><E85/><V103/><F58/><W101/><G101/><T65/><D38/><N who="1" m="21687" /><E27/><V127/><F127/><W83/><G83/><T1/><D1/><U44/><E46/><V133/><F133/><N who="1" m="51273" /><E31/><V49/><F49/><W105/><G0/><T87/><D87/><U96/><E96/><V84/><F84/><W100/><G100/><T113/><D106/><U67/><E68/><V61/><F61/><W40/><G6/><T134/><D126/><U53/><E55/><V79/><F79/><W52/><G52/><T57/><D57/><U81/><E81/><V131/><F131/><W107/><G15/><T90/><D134/><U21/><E21/><V98/><REACH who="2" step="1"/><F9/><REACH who="2" ten="250,406,72,262" step="2"/><W54/><G10/><T2/><D59/><U80/><E80/><V35/><F35/><W36/><G123/><T16/><D56/><U28/><E28/><V39/><F39/><W119/><G36/><T124/><D124/><U29/><E29/><V48/><F48/><W51/><G122/><T114/><D78/><U99/><E99/><V108/><F108/><W95/><G51/><T42/><D77/><U22/><E22/><V109/><F109/><W82/><G119/><T129/><D129/><U24/><E50/><V86/><F86/><RYUUKYOKU ba="0,1" sc="250,-10,406,-10,72,30,262,-10" hai2="5,8,13,14,26,30,33,63,66,69,98,103,104" /><INIT seed="6,1,1,5,2,60" ten="240,396,102,252" oya="2" hai0="23,52,50,110,83,76,67,102,124,99,34,69,77" hai1="20,135,71,103,94,55,54,18,98,46,107,43,9" hai2="117,80,118,130,120,31,113,73,65,19,30,27,131" hai3="87,84,56,88,63,22,114,45,57,86,61,127,128"/><V3/><F73/><W33/><G33/><T96/><D34/><U2/><E71/><V5/><F80/><W13/><G128/><N who="2" m="49193" /><F65/><N who="3" m="39079" /><G127/><T15/><D124/><U92/><E92/><V47/><F47/><W91/><G114/><T108/><D23/><U11/><E135/><V68/><F68/><W40/><G22/><T64/><D15/><U29/><E29/><N who="2" m="10763" /><F120/><W48/><G13/><T32/><D32/><U17/><E107/><V90/><F90/><W109/><G109/><T112/><D69/><U14/><E2/><V132/><F132/><W133/><G133/><T78/><D112/><U72/><E72/><V41/><F41/><W70/><G70/><T58/><D110/><U85/><E85/><V24/><F113/><W21/><G21/><T89/><D108/><U0/><E43/><V111/><F111/><W28/><G28/><T7/><D7/><U12/><E46/><V53/><F53/><AGARI ba="1,1" hai="40,45,48,53,57,63,84,86,87,88,91" m="39079" machi="53" ten="30,3900,0" yaku="8,1,52,1,54,1" doraHai="60" who="3" fromWho="2" sc="240,0,396,0,102,-42,252,52" /><INIT seed="7,0,0,3,4,80" ten="240,396,60,304" oya="3" hai0="30,25,112,132,111,49,28,91,106,98,35,87,4" hai1="114,100,63,53,94,110,116,68,6,33,66,79,61" hai2="74,69,2,108,59,90,70,45,77,21,133,121,124" hai3="60,23,97,22,82,24,11,5,73,34,19,38,84"/><W81/><G38/><T75/><D75/><U129/><E33/><V95/><F108/><W131/><G131/><T71/><D71/><N who="2" m="27146" /><F133/><W93/><G73/><T65/><D111/><U64/><E110/><V37/><F124/><W126/><G126/><T3/><D132/><U105/><E105/><V55/><F121/><W42/><G42/><T62/><D112/><U1/><E79/><V125/><F21/><W26/><G34/><T119/><D119/><U57/><E116/><V50/><F90/><W13/><G60/><T107/><D30/><U117/><E117/><V47/><F95/><W32/><G32/><T9/><D49/><U44/><E114/><V86/><F86/><W135/><G135/><T102/><D62/><U96/><E129/><V17/><F17/><W8/><G8/><T89/><D65/><U41/><E6/><V118/><F77/><W115/><G115/><T85/><D107/><U27/><E27/><V56/><F74/><W72/><G72/><T20/><D91/><U40/><E1/><V7/><F7/><W54/><G54/><T76/><D76/><U134/><E134/><V99/><F2/><W43/><G43/><T15/><D89/><U14/><E14/><V51/><F118/><W36/><G36/><T127/><D127/><U31/><E31/><V123/><F125/><W16/><G84/><T46/><D46/><N who="2" m="17418" /><F123/><W52/><G52/><T39/><D39/><U128/><E128/><V113/><F113/><W0/><G0/><T109/><D109/><U10/><E10/><V103/><F37/><W130/><G130/><T18/><AGARI ba="0,0" hai="3,4,9,15,18,20,25,28,35,85,87,98,102,106" machi="18" ten="30,12000,2" yaku="5,1,0,1,24,2,52,2" doraHai="80" who="0" fromWho="0" sc="240,120,396,-30,60,-30,304,-60" owari="360,16.0,366,47.0,30,-47.0,244,-16.0" /></mjloggm>