<mjloggm ver="2.3"><GO type="169" lobby="0"/><UN n0="%4E%41%4B%41%48%41%52%41" n1="%E3%81%8A%E7%9F%A5%E3%82%89%E3%81%9B" n2="%E3%81%99%E3%81%B1%E3%81%95%E3%81%B6" n3="%E7%9C%9F%E3%82%A8%E3%83%88%E3%83%9A%E3%83%B3" dan="16,19,17,18" rate="2088.83,2313.89,2197.69,2310.76" sx="M,M,M,M"/><TAIKYOKU oya="0"/><INIT seed="0,0,0,1,5,63" ten="250,250,250,250" oya="0" hai0="20,113,42,5,122,19,50,46,123,25,97,54,117" hai1="51,26,0,24,8,6,111,135,69,133,102,18,71" hai2="13,75,57,103,90,14,23,38,7,16,35,88,105" hai3="110,39,41,21,83,22,124,116,31,125,27,48,52"/><T126/><D113/><U106/><E51/><V134/><F35/><W76/><G116/><T81/><D117/><U15/><E102/><V80/><F38/><W17/><G110/><T82/><D126/><U121/><E106/><V45/><F134/><N who="1" m="51209" /><E121/><V89/><F45/><W66/><G41/><T36/><D97/><U98/><E98/><V86/><F75/><W4/><G4/><T49/><D36/><U9/><E111/><V28/><F28/><W67/><G39/><T53/><D42/><U30/><E24/><V3/><F103/><W72/><G125/><T104/><D104/><U1/><E0/><V43/><F105/><W55/><G124/><T70/><D70/><U78/><E78/><V118/><F118/><W130/><G130/><T132/><D132/><U64/><E64/><V33/><F43/><W77/><G77/><T93/><D93/><U87/><E87/><V107/><F107/><W58/><G55/><T108/><D108/><U12/><E1/><V74/><F74/><W129/><G129/><T37/><D37/><U99/><E99/><V59/><F3/><W101/><G101/><T61/><D61/><U128/><E128/><V73/><F73/><W60/><G60/><T65/><D65/><U95/><E95/><V2/><F2/><W32/><G32/><AGARI ba="0,0" hai="6,8,9,12,15,18,26,30,32,69,71" m="51209" machi="32" ten="30,1000,0" yaku="20,1" doraHai="63" who="1" fromWho="3" sc="250,0,250,10,250,0,250,-10" /><INIT seed="1,0,0,0,0,115" ten="250,260,250,240" oya="1" hai0="30,113,3,15,52,28,130,78,62,74,121,123,32" hai1="90,92,24,37,25,38,76,59,39,94,13,99,54" hai2="133,124,111,89,27,64,98,57,34,56,87,19,122" hai3="106,1,12,85,21,23,135,14,18,86,16,44,84"/><U120/><E120/><N who="0" m="46153" /><D3/><U46/><E76/><V50/><F122/><W51/><G106/><T7/><D32/><U107/><E107/><V4/><F111/><W114/><G1/><T83/><D130/><U127/><E127/><V31/><F124/><W129/><G135/><T20/><D113/><U5/><E46/><V40/><F4/><W55/><G114/><T95/><D95/><U75/><E75/><V35/><F35/><W6/><G129/><T70/><D20/><U45/><E45/><V58/><F98/><W117/><G6/><T66/><D52/><U29/><E92/><V26/><F64/><W134/><G134/><T41/><D41/><U22/><E25/><V109/><F40/><W132/><G132/><T60/><D62/><U105/><E105/><V91/><F34/><W80/><REACH who="3" step="1"/><G117/><REACH who="3" ten="250,260,250,230" step="2"/><T0/><D0/><U10/><REACH who="1" step="1"/><E37/><REACH who="1" ten="250,250,250,230" step="2"/><V8/><F133/><W9/><G9/><AGARI ba="0,2" hai="7,9,15,28,30,60,66,70,74,78,83" m="46153" machi="9" ten="30,1000,0" yaku="13,1" doraHai="115" who="0" fromWho="3" sc="250,30,250,0,250,0,230,-10" /><INIT seed="2,0,0,5,0,8" ten="280,250,250,220" oya="2" hai0="31,104,85,66,50,13,61,129,96,28,49,44,51" hai1="97,0,16,130,45,27,17,70,47,92,23,59,77" hai2="110,133,83,58,84,72,33,40,34,29,126,89,73" hai3="35,53,81,30,65,122,79,62,26,95,91,105,7"/><V20/><F133/><W78/><G105/><T82/><D129/><U21/><E70/><V123/><F123/><W1/><G122/><T93/><D104/><U94/><E130/><V108/><F126/><W101/><G1/><T125/><D44/><U67/><E0/><V48/><F20/><W88/><G7/><T80/><D125/><U63/><E77/><V107/><F107/><W4/><G4/><T38/><D38/><U25/><REACH who="1" step="1"/><E92/><REACH who="1" ten="280,240,250,220" step="2"/><V118/><F118/><W55/><G79/><T128/><D128/><U64/><E64/><V114/><F114/><W135/><G135/><T39/><D93/><U22/><E22/><V98/><F34/><W57/><G101/><AGARI ba="0,1" hai="16,17,21,23,25,27,45,47,59,63,67,94,97,101" machi="101" ten="30,8000,1" yaku="1,1,7,1,9,1,8,1,54,1,53,0" doraHai="8" doraHaiUra="109" who="1" fromWho="3" sc="280,0,240,90,250,0,220,-80" /><INIT seed="3,0,0,2,4,34" ten="280,330,250,140" oya="3" hai0="27,69,63,52,25,96,89,128,26,57,20,108,8" hai1="5,129,93,49,1,43,102,64,133,35,74,105,9" hai2="22,85,130,30,70,100,46,56,88,17,16,83,65" hai3="4,109,71,115,106,40,79,77,24,114,86,107,55"/><W122/><G122/><T60/><D108/><U21/><E35/><V38/><F70/><W80/><G71/><T23/><D128/><U117/><E74/><V90/><F100/><W101/><G40/><T32/><D32/><U62/><E129/><V50/><F38/><W33/><G109/><T125/><D125/><U116/><E105/><V121/><F121/><W110/><G110/><T18/><D8/><U44/><E133/><V119/><F119/><W67/><G67/><N who="0" m="41191" /><D23/><U72/><E72/><V6/><F6/><W99/><G107/><T31/><D31/><U73/><E73/><V68/><F68/><W81/><G55/><T2/><D2/><U113/><E113/><V28/><F90/><W78/><G4/><T54/><D54/><U39/><E21/><V51/><F17/><W29/><REACH who="3" step="1"/><G78/><REACH who="3" ten="280,330,250,130" step="2"/><T132/><D132/><U91/><E117/><V53/><F130/><W36/><G36/><T112/><D112/><U97/><E39/><V48/><F65/><W127/><G127/><T0/><D52/><U84/><E116/><V45/><F46/><W98/><G98/><T126/><D96/><U19/><E64/><V124/><F124/><W7/><G7/><T13/><D126/><U103/><E97/><V75/><F45/><W66/><G66/><T41/><D41/><U111/><E111/><V123/><F123/><W76/><G76/><T47/><D47/><U12/><E44/><V118/><F118/><W82/><G82/><T37/><D37/><U15/><E43/><V131/><F131/><W95/><G95/><T135/><D135/><U14/><E93/><RYUUKYOKU ba="0,1" sc="280,-10,330,-10,250,-10,130,30" hai3="24,29,33,77,79,80,81,86,99,101,106,114,115" /><INIT seed="3,1,1,1,2,19" ten="270,320,240,160" oya="3" hai0="63,72,55,102,22,120,116,34,131,75,59,11,62" hai1="4,76,106,104,18,53,43,48,135,50,132,84,122" hai2="51,70,90,45,73,86,37,109,17,64,128,16,97" hai3="69,10,26,9,39,98,113,126,85,101,115,56,36"/><W87/><G69/><T65/><D34/><U49/><E122/><V67/><F73/><W105/><G126/><T125/><D116/><U94/><E43/><V130/><F37/><W66/><G39/><T44/><D131/><N who="2" m="50218" /><F97/><W29/><G36/><T14/><D125/><U129/><E129/><V83/><F109/><W124/><G124/><T100/><D120/><U6/><E53/><N who="2" m="29935" /><F70/><W7/><G9/><T127/><D72/><U123/><E123/><V77/><F77/><W8/><G8/><T134/><D75/><U30/><E30/><V12/><F17/><W111/><G111/><T117/><D117/><U32/><E32/><V71/><F71/><W27/><G27/><T79/><D79/><U112/><E112/><V15/><F15/><W24/><G24/><T92/><D14/><U2/><E18/><V42/><F42/><W107/><G107/><T61/><D127/><U5/><E2/><V57/><F57/><W99/><G99/><T21/><D59/><U133/><E76/><V20/><AGARI ba="1,1" hai="12,16,20,64,67,83,86,90" m="29935,50218" machi="20" ten="30,4000,0" yaku="19,1,52,1,54,1" doraHai="19" who="2" fromWho="2" sc="270,-11,320,-11,240,53,160,-21" /><INIT seed="4,0,0,3,1,97" ten="259,309,293,139" oya="0" hai0="128,36,78,80,46,115,4,59,60,5,89,33,111" hai1="13,41,8,9,74,71,103,135,57,126,16,52,61" hai2="75,35,6,28,119,83,21,56,15,73,49,108,69" hai3="123,88,7,77,50,133,22,64,42,45,20,134,79"/><T99/><D33/><U65/><E74/><V54/><F108/><W29/><G64/><T129/><D115/><U98/><E135/><N who="3" m="51722" /><G7/><T105/><D111/><U47/><E126/><V92/><F69/><W19/><G29/><T11/><D46/><U113/><E113/><V27/><F119/><W127/><G127/><T104/><D36/><U25/><E25/><V131/><F131/><N who="0" m="50250" /><D89/><U100/><E98/><V23/><F23/><N who="3" m="8747" /><G19/><T32/><D32/><U0/><E0/><V130/><F130/><W39/><G39/><T31/><D31/><U125/><E8/><V1/><F1/><W95/><G123/><T62/><D5/><U51/><E125/><V17/><F6/><W12/><G12/><T106/><D11/><U38/><AGARI ba="0,0" hai="9,13,16,38,41,47,51,52,57,61,65,71,100,103" machi="38" ten="20,16000,3" yaku="0,1,7,1,24,2,52,2,54,2" doraHai="97" who="1" fromWho="1" sc="259,-80,309,160,293,-40,139,-40" /><INIT seed="5,0,0,2,0,112" ten="179,469,253,99" oya="1" hai0="86,0,90,47,40,28,118,2,123,108,87,15,49" hai1="97,124,79,76,65,27,117,1,111,62,126,120,129" hai2="88,84,94,128,21,41,35,39,16,106,42,122,20" hai3="81,3,69,77,55,11,31,9,38,109,75,134,98"/><U80/><E1/><V116/><F35/><W18/><G109/><T114/><D108/><U95/><E120/><V135/><F122/><W19/><G134/><T119/><D123/><U66/><E111/><V71/><F135/><W32/><G69/><T67/><D28/><U113/><E113/><V56/><F71/><W50/><G38/><T121/><D114/><U7/><E7/><V64/><F106/><W4/><G32/><T60/><D121/><U53/><E129/><V57/><F21/><W14/><G31/><T92/><D15/><U83/><E53/><V78/><F116/><W68/><G68/><T59/><REACH who="0" step="1"/><D86/><REACH who="0" ten="169,469,253,99" step="2"/><U26/><E26/><V51/><F128/><W91/><G3/><AGARI ba="0,1" hai="0,2,3,40,47,49,59,60,67,87,90,92,118,119" machi="3" ten="40,12000,2" yaku="1,1,2,1,52,2,53,2" doraHai="112" doraHaiUra="115" who="0" fromWho="3" sc="169,130,469,0,253,0,99,-120" owari="299,10.0,469,57.0,253,-15.0,-21,-52.0" /></mjloggm>