<mjloggm ver="2.3"><GO type="185" lobby="0"/><UN n0="%E5%A4%9A%E6%9E%97%E6%99%8B" n1="%E3%81%B6%E3%82%8B%E3%81%AF%E3%81%A4" n2="%E6%A2%B6%E9%9A%86%E8%87%A3" n3="" dan="16,16,17,0" rate="2192.94,2159.80,2261.68,1500.00" sx="M,M,M,C"/><TAIKYOKU oya="0"/><INIT seed="0,0,0,0,2,110" ten="350,350,350,0" oya="0" hai0="44,116,115,55,40,49,109,32,56,132,87,113,74" hai1="112,91,3,75,97,66,52,130,48,111,63,84,77" hai2="90,81,47,106,61,35,86,103,70,78,38,34,105" hai3=""/><T131/><D32/><U43/><E3/><V68/><F34/><T92/><D74/><U73/><E111/><V37/><F35/><T100/><D109/><U46/><E130/><V108/><F108/><T128/><D116/><U69/><E97/><V41/><F38/><T124/><D124/><U54/><E112/><N who="0" m="43081" /><D87/><U71/><E71/><V83/><F103/><T89/><D89/><U98/><E98/><V134/><F134/><T118/><D118/><U99/><E99/><V33/><F68/><T120/><N who="0" m="30752" /><T0/><D92/><U102/><E102/><V80/><F33/><T53/><D0/><U2/><E2/><V133/><F133/><T39/><D132/><U58/><E77/><V57/><F70/><T125/><D125/><U129/><E129/><N who="0" m="49737" /><D100/><U65/><E75/><V76/><F78/><T42/><D39/><U104/><E73/><V1/><F1/><T119/><D119/><U64/><E91/><V123/><N who="2" m="31520" /><V121/><N who="2" m="31008" /><V94/><REACH who="2" step="1"/><F76/><REACH who="2" ten="350,350,340,0" step="2"/><T93/><D93/><U79/><E79/><V107/><F107/><T114/><N who="0" m="43089" /><T101/><DORA hai="36" /><D101/><U62/><E104/><V95/><F95/><T60/><AGARI ba="0,1" hai="40,42,44,49,53,55,56,60" m="49737,30752,43089" machi="60" ten="50,16000,3" yaku="19,1,34,2,52,7" doraHai="110,36" who="0" fromWho="0" sc="350,170,350,-80,340,-80,0,0" /><INIT seed="0,1,0,4,2,90" ten="520,270,260,0" oya="0" hai0="87,114,71,120,124,83,74,133,129,2,115,44,110" hai1="38,132,69,48,81,65,135,116,75,84,72,106,86" hai2="111,67,94,121,98,3,0,78,42,63,36,54,95" hai3=""/><T51/><RYUUKYOKU type="yao9" ba="1,0" sc="520,0,270,0,260,0,0,0" hai0="2,44,51,71,74,83,87,110,114,115,120,124,129,133" /><INIT seed="0,2,0,2,1,1" ten="520,270,260,0" oya="0" hai0="134,63,119,91,78,115,72,71,123,110,94,98,99" hai1="46,100,111,93,0,54,42,52,35,80,87,59,95" hai2="77,43,92,103,56,66,125,51,104,122,88,109,101" hai3=""/><T48/><N who="0" m="31520" /><T41/><D119/><U3/><E111/><V75/><N who="2" m="31264" /><V45/><F109/><T128/><D110/><U62/><E54/><V74/><F125/><T2/><D2/><U86/><E0/><V124/><F124/><T120/><N who="0" m="30752" /><T68/><D115/><U83/><E3/><V130/><F130/><T127/><D127/><U57/><E57/><V108/><F108/><T96/><D128/><U40/><E35/><V36/><F104/><T121/><N who="0" m="31008" /><T117/><D117/><U73/><E73/><V116/><F116/><T131/><D131/><U84/><E40/><V65/><F65/><T34/><D34/><U76/><E100/><V70/><F75/><T60/><D134/><U61/><E61/><V67/><F66/><T32/><D32/><U133/><E133/><V38/><F38/><T89/><D63/><U106/><E106/><V47/><F45/><T102/><D60/><U107/><E107/><V132/><F70/><T58/><D71/><U114/><E114/><V113/><F113/><T33/><D33/><U44/><E62/><V55/><F67/><T85/><D68/><U129/><E129/><V64/><F64/><T118/><D118/><U126/><E126/><V69/><F132/><RYUUKYOKU ba="2,0" sc="520,0,270,0,260,0,0,0" /><INIT seed="1,3,0,1,3,96" ten="520,270,260,0" oya="1" hai0="134,112,123,39,128,63,94,76,107,73,38,87,40" hai1="88,97,121,130,69,129,119,81,44,35,86,34,85" hai2="115,42,50,111,91,71,2,56,83,64,75,106,57" hai3=""/><U131/><N who="1" m="31008" /><U46/><E119/><V67/><F111/><T62/><N who="0" m="31520" /><T51/><D107/><U58/><E69/><V36/><F2/><T48/><D112/><U122/><N who="1" m="31264" /><U79/><E97/><V120/><N who="2" m="30752" /><V72/><F106/><T68/><D134/><U70/><E58/><V80/><F36/><T132/><D132/><U90/><E70/><V125/><F71/><T0/><D0/><U55/><E55/><V33/><F42/><T82/><D128/><U126/><E126/><V53/><F33/><N who="1" m="12297" /><E79/><V45/><F115/><T32/><D32/><U54/><E54/><V84/><F125/><T135/><D135/><U102/><E102/><V59/><F64/><T98/><D68/><U113/><E113/><V66/><F67/><T109/><D40/><U99/><E99/><V3/><F66/><T78/><D78/><U110/><E110/><V41/><F3/><T43/><D109/><U49/><E49/><V101/><F41/><T60/><D43/><U118/><E118/><V100/><F72/><T1/><D1/><U103/><E103/><V108/><F108/><T124/><D124/><U95/><AGARI ba="3,0" hai="44,46,81,85,86,88,90,95,129,130,131" m="12297,31264,31008" machi="95" ten="40,8000,1" yaku="19,1,52,2,54,1" doraHai="96" who="1" fromWho="1" sc="520,-43,270,86,260,-43,0,0" /><INIT seed="1,4,0,3,3,37" ten="477,356,217,0" oya="1" hai0="64,60,38,42,69,57,54,55,103,118,84,106,49" hai1="82,128,71,132,119,112,52,68,41,83,135,124,32" hai2="95,74,102,59,127,123,92,1,94,104,105,120,63" hai3=""/><U36/><E32/><V58/><N who="2" m="30752" /><V2/><N who="2" m="31520" /><V79/><F127/><T75/><D75/><U113/><E119/><V134/><F134/><N who="1" m="51241" /><E124/><V76/><F74/><T100/><D118/><U125/><E125/><V131/><F131/><T86/><D54/><U117/><E117/><V111/><F111/><T62/><D60/><U107/><E107/><N who="2" m="41035" /><F102/><N who="0" m="38954" /><D106/><U47/><E128/><V91/><F91/><T34/><D34/><U61/><E83/><V89/><F89/><T78/><D78/><N who="2" m="29738" /><F63/><T110/><D110/><U65/><E82/><V101/><F101/><T56/><D56/><AGARI ba="4,0" hai="1,2,56,58,59,92,94,95" m="29738,41035,31520,30752" machi="56" ten="40,8000,1" yaku="28,2,52,2" doraHai="37" who="2" fromWho="0" sc="477,-88,356,0,217,88,0,0" /><INIT seed="2,0,0,3,3,66" ten="389,356,305,0" oya="2" hai0="55,109,47,77,60,114,59,67,118,74,50,81,75" hai1="79,70,89,122,130,38,37,68,98,61,88,93,131" hai2="101,39,57,58,104,33,116,119,121,42,115,34,49" hai3=""/><V134/><N who="2" m="31008" /><V80/><F115/><T65/><D118/><U87/><N who="1" m="31264" /><U45/><E79/><V112/><F112/><T32/><D114/><U35/><E35/><V103/><F39/><T95/><D32/><U96/><E61/><V78/><F134/><T120/><N who="0" m="30752" /><T117/><D117/><U52/><E52/><V97/><F103/><T128/><D128/><N who="1" m="49195" /><E98/><V124/><F116/><T123/><N who="0" m="31520" /><T92/><D75/><U64/><E64/><V76/><F76/><T73/><D74/><U82/><E45/><V36/><F119/><T69/><D109/><U132/><E132/><V83/><F78/><T91/><D67/><U127/><E127/><V46/><F124/><T44/><D47/><U48/><E48/><V110/><F110/><T53/><D91/><U108/><E108/><V62/><F33/><T125/><D125/><U105/><E105/><V102/><F34/><T129/><D129/><U43/><E43/><V126/><F126/><T86/><D73/><U1/><E1/><V133/><F133/><T90/><D77/><U85/><E96/><V111/><F111/><T99/><D99/><U54/><E54/><V135/><F135/><T94/><D53/><U63/><E63/><V84/><F62/><RYUUKYOKU ba="0,0" sc="389,10,356,10,305,-20,0,0" hai0="44,50,55,59,60,65,69,81,86,90,92,94,95" hai1="37,38,68,70,82,85,87,88,89,93" /><INIT seed="4,1,0,4,4,129" ten="399,366,285,0" oya="0" hai0="68,49,116,45,128,107,127,109,56,95,134,37,67" hai1="69,73,72,40,1,123,112,102,77,99,32,36,118" hai2="88,97,110,59,43,55,120,74,51,81,2,87,79" hai3=""/><T42/><D116/><U57/><E40/><V98/><N who="2" m="30752" /><V61/><F110/><T124/><D107/><U113/><N who="1" m="31520" /><U105/><E1/><V39/><F39/><T60/><D109/><U92/><E118/><V121/><N who="2" m="31008" /><V62/><F2/><T126/><D95/><U66/><E32/><V58/><F43/><T53/><D128/><U132/><E36/><V86/><F74/><T117/><D117/><U70/><E132/><AGARI ba="1,0" hai="37,42,45,49,53,56,60,67,68,124,126,127,132,134" machi="132" ten="50,24000,3" yaku="24,2,18,1,34,3,52,2" doraHai="129" who="0" fromWho="1" sc="399,242,366,-242,285,0,0,0" /><INIT seed="4,2,0,3,4,88" ten="641,124,285,0" oya="0" hai0="46,118,95,75,66,106,63,129,109,89,50,51,105" hai1="58,87,45,35,2,54,49,131,34,122,134,135,76" hai2="126,104,65,74,99,42,101,108,37,97,48,53,36" hai3=""/><T119/><D75/><U91/><N who="1" m="31264" /><U67/><E2/><V94/><F108/><T120/><N who="0" m="30752" /><T84/><D109/><U52/><E76/><V114/><F74/><T39/><D39/><U115/><E131/><V128/><F128/><T127/><D129/><U38/><E67/><V70/><F42/><T130/><D130/><U72/><E72/><V125/><F114/><T40/><D127/><N who="2" m="48650" /><F70/><T69/><REACH who="0" step="1"/><D51/><REACH who="0" ten="631,124,285,0" step="2"/><U112/><E38/><V57/><F65/><T59/><D59/><U55/><E58/><V64/><F64/><T1/><D1/><U116/><E49/><V81/><F37/><T85/><D85/><U78/><E45/><V33/><F36/><T41/><D41/><U103/><E87/><V82/><F33/><T124/><D124/><U62/><E34/><V47/><F47/><T73/><D73/><U71/><E35/><V98/><F99/><T123/><N who="0" m="31520" /><T44/><D44/><U90/><E71/><V100/><AGARI ba="2,1" hai="48,53,57,81,82,94,97,98,100,101,104" m="48650" machi="100" ten="30,1500,0" yaku="18,1,52,1" doraHai="88" who="2" fromWho="2" sc="631,-12,124,-7,285,29,0,0" /><INIT seed="5,0,0,3,1,109" ten="619,117,314,0" oya="1" hai0="90,67,41,3,70,57,32,51,45,84,108,102,113" hai1="77,69,82,42,68,99,2,103,122,63,97,83,111" hai2="88,94,120,104,118,128,39,92,56,115,65,89,117" hai3=""/><U36/><N who="1" m="31264" /><U132/><E2/><V71/><N who="2" m="30752" /><V58/><F39/><T96/><D3/><U125/><E111/><V121/><N who="2" m="31008" /><V80/><F104/><T79/><D79/><U47/><E125/><V59/><F80/><T124/><D124/><U38/><E132/><V112/><F128/><T127/><D70/><U119/><E119/><V60/><F94/><T105/><D32/><U116/><E116/><V74/><F74/><T33/><D33/><U66/><E36/><V54/><F89/><T64/><D67/><U129/><E129/><V76/><F76/><T43/><D41/><U40/><E40/><V50/><F118/><T106/><D105/><U95/><E77/><V98/><REACH who="2" step="1"/><F117/><REACH who="2" ten="619,117,304,0" step="2"/><T48/><D106/><U78/><E78/><V1/><F1/><T37/><D37/><U110/><E110/><V44/><AGARI ba="0,1" hai="44,50,54,56,58,59,60,65,71,88,92,98,112,115" m="31008,30752" machi="44" ten="30,9000,2" yaku="1,1,0,1,52,4,54,1,53,0" doraHai="109" doraHaiUra="133" who="2" fromWho="2" sc="619,-30,117,-60,304,100,0,0" /><INIT seed="6,0,0,3,4,71" ten="589,57,404,0" oya="2" hai0="47,80,103,42,1,98,89,84,70,129,93,116,128" hai1="121,105,117,97,118,0,68,92,108,43,99,95,81" hai2="102,123,112,74,73,66,115,49,113,44,64,91,59" hai3=""/><V35/><N who="2" m="31520" /><V96/><F35/><T58/><D70/><U78/><N who="1" m="31008" /><U119/><E68/><V135/><F135/><T120/><N who="0" m="30752" /><T53/><D116/><U126/><E0/><V109/><F91/><T41/><D1/><U40/><E108/><V83/><F109/><T60/><REACH who="0" step="1"/><D41/><REACH who="0" ten="579,57,404,0" step="2"/><U67/><E126/><V46/><F44/><T86/><D86/><U87/><E67/><N who="2" m="25643" /><F59/><T61/><D61/><U63/><E63/><V57/><F57/><T65/><D65/><U132/><E132/><V56/><F56/><T127/><D127/><U75/><E40/><V134/><F134/><T133/><D133/><U62/><E62/><V82/><F73/><T76/><D76/><U110/><E43/><V52/><F74/><T50/><AGARI ba="0,1" hai="42,47,50,53,58,60,80,84,89,93,98,103,128,129" m="30752" machi="50" ten="30,3000,0" yaku="1,1,0,1,52,1,53,0" doraHai="71" doraHaiUra="100" who="0" fromWho="0" sc="579,40,57,-10,404,-20,0,0" owari="619,57.0,47,-55.0,384,-2.0,0,0.0" /></mjloggm>