<mjloggm ver="2.3"><GO type="169" lobby="0"/><UN n0="%E3%81%B2%E3%81%A3%E3%81%93%E3%82%8D%32%36" n1="%E8%B7%AF%E5%9C%B0%E8%A3%8F%E3%81%AE%E3%81%B2%E3%81%BE%E3%82%8F%E3%82%8A" n2="%E3%83%A4%E3%83%9E%E3%83%80%E3%81%95%E3%82%93" n3="%E3%81%98%E3%81%98%E3%81%84%E3%81%8C%E5%91%BC%E3%82%93%E3%81%A0" dan="16,16,16,16" rate="2067.86,2127.64,2111.51,2129.56" sx="M,M,M,M"/><TAIKYOKU oya="0"/><INIT seed="0,0,0,5,2,24" ten="250,250,250,250" oya="0" hai0="113,16,76,52,40,55,20,125,69,23,118,59,30" hai1="6,107,50,99,27,7,26,38,48,53,101,131,122" hai2="57,92,41,36,9,104,21,22,66,1,100,85,117" hai3="35,13,44,54,0,45,82,19,106,81,33,62,111"/><T51/><D118/><U56/><E38/><V64/><F104/><W126/><G0/><T11/><D69/><U25/><E122/><V68/><F68/><W109/><G106/><T73/><D113/><U71/><E71/><V70/><F57/><N who="3" m="35127" /><G126/><T17/><D40/><U123/><E123/><V116/><F9/><N who="3" m="6575" /><G33/><T3/><D3/><U31/><E131/><V10/><F10/><W108/><G35/><T121/><D121/><U39/><E39/><V110/><F64/><W2/><G2/><T83/><D125/><U49/><REACH who="1" step="1"/><E31/><REACH who="1" ten="250,240,250,250" step="2"/><V29/><F29/><W61/><G111/><T80/><D30/><U37/><E37/><V134/><F110/><W93/><G109/><T128/><D128/><U58/><E58/><V72/><F70/><W42/><G44/><T103/><D59/><U18/><E18/><V63/><F36/><W95/><G45/><T88/><D17/><U89/><E89/><V28/><F28/><W84/><G108/><T90/><D103/><U65/><E65/><V133/><F66/><W60/><G60/><AGARI ba="0,1" hai="6,7,25,26,27,48,49,50,53,56,60,99,101,107" machi="60" ten="40,1300,0" yaku="1,1,53,0" doraHai="24" doraHaiUra="4" who="1" fromWho="3" sc="250,0,240,23,250,0,250,-13" /><INIT seed="1,0,0,4,3,31" ten="250,263,250,237" oya="1" hai0="24,105,110,26,86,85,36,64,135,63,57,3,4" hai1="96,32,62,127,119,114,12,80,71,90,56,45,16" hai2="128,109,0,61,44,40,21,84,91,52,18,8,2" hai3="68,54,58,87,124,130,35,89,13,78,15,101,38"/><U82/><E114/><V53/><F109/><W95/><G68/><T132/><D105/><U121/><E119/><V48/><F128/><W83/><G130/><T37/><D110/><U106/><E121/><V39/><F61/><W30/><G38/><T6/><D3/><U81/><E71/><V111/><F111/><W73/><G124/><T1/><D1/><U122/><E122/><V5/><F0/><W70/><G70/><T29/><D37/><U113/><E113/><V79/><F79/><W131/><G131/><T76/><D36/><U22/><E127/><V88/><F39/><W59/><G59/><T51/><D51/><U98/><E45/><V34/><F34/><W28/><G28/><T103/><D76/><U33/><E98/><V77/><F77/><W97/><G30/><T126/><D26/><U100/><REACH who="1" step="1"/><E90/><REACH who="1" ten="250,253,250,237" step="2"/><V75/><F91/><W46/><G46/><T47/><D47/><U107/><E107/><V43/><F75/><W125/><G125/><T25/><D126/><U23/><E23/><V27/><REACH who="2" step="1"/><F43/><REACH who="2" ten="250,253,240,237" step="2"/><W65/><G73/><T9/><D29/><U41/><E41/><V129/><F129/><W115/><G115/><T112/><D112/><U66/><AGARI ba="0,2" hai="12,16,22,32,33,56,62,66,80,81,82,96,100,106" machi="66" ten="30,12000,1" yaku="1,1,0,1,52,2,54,1,53,0" doraHai="31" doraHaiUra="117" who="1" fromWho="1" sc="250,-40,253,140,240,-40,237,-40" /><INIT seed="1,1,0,0,4,46" ten="210,393,200,197" oya="1" hai0="98,9,29,47,73,119,86,58,38,41,17,7,24" hai1="129,105,133,97,50,32,13,12,111,132,42,62,108" hai2="87,115,33,101,34,20,35,63,52,10,8,114,68" hai3="125,131,49,51,96,110,61,30,81,54,0,31,107"/><U14/><E32/><V15/><F101/><N who="3" m="62887" /><G0/><T59/><D98/><U25/><E25/><V85/><F68/><W123/><G123/><T106/><D17/><U44/><E129/><V65/><F65/><W55/><G81/><T36/><D106/><U104/><E62/><V72/><F72/><W48/><G61/><T74/><D38/><U39/><E39/><V75/><F75/><W60/><G60/><T28/><D28/><U82/><E82/><V88/><F85/><W19/><G19/><T53/><D59/><U57/><E57/><N who="2" m="35239" /><F20/><W56/><G56/><T23/><D86/><U92/><E105/><V130/><F15/><W27/><G30/><T3/><D119/><U1/><E1/><V22/><F22/><W95/><G95/><T93/><D93/><U78/><E78/><V67/><F67/><W45/><G55/><T116/><D116/><U134/><REACH who="1" step="1"/><E104/><REACH who="1" ten="210,383,200,197" step="2"/><V26/><F26/><W6/><G131/><T126/><D74/><U117/><E117/><V118/><F118/><W79/><G79/><T70/><D73/><U18/><E18/><V80/><F130/><W113/><G27/><T91/><D70/><U112/><E112/><AGARI ba="1,1" hai="8,10,33,34,35,80,87,88,112,114,115" m="35239" machi="112" ten="40,5200,0" yaku="11,1,54,2" doraHai="46" who="2" fromWho="1" sc="210,0,383,-55,200,65,197,0" /><INIT seed="2,0,0,2,3,119" ten="210,328,265,197" oya="2" hai0="62,100,56,82,128,96,97,124,87,26,95,118,134" hai1="18,68,25,109,89,32,107,94,15,3,125,84,99" hai2="52,31,113,77,44,61,130,38,73,116,53,60,83" hai3="43,23,64,36,86,39,122,133,1,16,58,35,114"/><V24/><F116/><W19/><G35/><T47/><D134/><U66/><E3/><V131/><F113/><W50/><G133/><T127/><D128/><N who="2" m="49194" /><F38/><W88/><G114/><T37/><D97/><U71/><E109/><V40/><F61/><W14/><G1/><T63/><D26/><U81/><E125/><V13/><F13/><W112/><G112/><T78/><D118/><U28/><E66/><V106/><F106/><W120/><G19/><T30/><D30/><U85/><E107/><V111/><F60/><W104/><G104/><T33/><D33/><U6/><E6/><V12/><F12/><W115/><G115/><T67/><D63/><U135/><E135/><V91/><F91/><W0/><G0/><T4/><D4/><U11/><REACH who="1" step="1"/><E85/><REACH who="1" ten="210,318,265,197" step="2"/><V49/><F111/><W69/><G64/><T27/><D127/><U57/><E57/><V20/><AGARI ba="0,1" hai="20,24,31,40,44,49,52,53,73,77,83" m="49194" machi="20" ten="30,3000,0" yaku="19,1,54,1" doraHai="119" who="2" fromWho="2" sc="210,-10,318,-10,265,40,197,-10" /><INIT seed="2,1,0,2,3,11" ten="200,308,305,187" oya="2" hai0="35,104,24,23,106,38,21,42,115,54,17,83,80" hai1="49,100,45,120,9,57,19,97,6,47,5,88,87" hai2="79,123,8,53,67,122,44,135,121,28,93,116,51" hai3="3,132,0,103,108,107,130,90,32,84,41,92,66"/><V112/><F112/><W61/><G108/><T75/><D115/><U20/><E120/><V26/><F116/><W102/><G130/><T30/><D38/><U131/><E131/><V76/><F135/><W65/><G132/><T59/><D42/><U96/><E57/><V128/><F128/><W101/><G107/><T16/><D75/><U33/><E33/><V89/><F67/><W86/><G32/><T77/><D77/><U52/><E45/><V70/><F70/><W105/><G105/><T18/><D106/><U81/><E100/><V133/><F133/><W134/><G134/><T68/><D68/><U85/><E85/><V4/><F26/><W119/><G119/><T63/><REACH who="0" step="1"/><D104/><REACH who="0" ten="190,308,305,187" step="2"/><U94/><E81/><AGARI ba="1,1" hai="16,17,18,21,23,24,30,35,54,59,63,80,81,83" machi="81" ten="40,5200,0" yaku="1,1,2,1,54,1,53,0" doraHai="11" doraHaiUra="10" who="0" fromWho="1" sc="190,65,308,-55,305,0,187,0" /><INIT seed="3,0,0,1,3,88" ten="255,253,305,187" oya="3" hai0="129,68,87,16,52,31,130,6,33,54,112,99,109" hai1="36,39,40,42,108,104,45,9,78,50,55,86,71" hai2="116,1,22,123,98,13,17,19,48,97,119,77,80" hai3="118,84,107,69,10,12,0,60,7,94,131,95,72"/><W27/><G118/><T23/><D109/><U70/><E104/><V64/><F1/><W28/><G107/><T61/><D6/><U18/><E108/><V100/><F64/><W124/><G72/><T79/><D112/><U46/><E78/><V101/><F98/><W25/><G124/><T105/><D33/><U110/><E110/><V47/><F17/><W24/><G131/><N who="0" m="50187" /><D31/><U65/><E86/><V67/><F67/><W132/><G132/><T106/><D68/><U38/><E18/><V81/><F81/><W59/><G69/><N who="1" m="26122" /><E9/><V126/><F101/><W2/><G28/><T62/><D105/><U121/><E121/><V120/><F126/><W133/><G133/><T113/><D113/><U34/><E34/><V4/><F4/><W43/><G43/><N who="1" m="16426" /><E65/><V35/><F35/><W122/><G122/><T135/><D99/><U93/><E93/><N who="3" m="35338" /><G0/><T32/><D32/><U115/><E115/><V111/><F111/><W11/><G2/><T102/><D102/><U127/><E127/><V26/><F120/><W91/><G7/><T53/><D135/><U75/><E75/><V83/><F123/><W74/><G74/><T90/><D106/><U92/><E92/><V44/><F97/><W128/><G128/><T57/><D79/><U29/><E29/><V30/><F100/><W20/><G84/><T89/><D87/><U63/><E63/><N who="0" m="24073" /><D57/><AGARI ba="0,0" hai="36,38,39,45,46,50,55,57" m="16426,26122" machi="57" ten="40,8000,1" yaku="35,5" doraHai="88" who="1" fromWho="0" sc="255,-80,253,80,305,0,187,0" /><INIT seed="4,0,0,5,0,104" ten="175,333,305,187" oya="0" hai0="58,5,76,41,90,25,30,0,2,121,23,118,127" hai1="38,88,17,125,52,112,1,20,57,40,72,56,50" hai2="45,133,46,95,32,15,107,60,29,9,126,69,81" hai3="6,110,96,117,62,86,43,14,130,79,27,13,42"/><T61/><D121/><U36/><E1/><V37/><F107/><W82/><G110/><T102/><D118/><U120/><E120/><V128/><F32/><W47/><G117/><T71/><D76/><U75/><E125/><V12/><F29/><W97/><G130/><T84/><D71/><U4/><E4/><V94/><F81/><W16/><G62/><T65/><D102/><U106/><E106/><V18/><F37/><W34/><G34/><T68/><D127/><U33/><E33/><V116/><F60/><W83/><G83/><T39/><D68/><U74/><E112/><V19/><F69/><W3/><G3/><T11/><D39/><U131/><E131/><V78/><F9/><N who="3" m="4279" /><G27/><T28/><D41/><N who="3" m="15369" /><G47/><T51/><D51/><U49/><E40/><V77/><F128/><W21/><AGARI ba="0,0" hai="14,16,21,79,82,86,96,97" m="15369,4279" machi="21" ten="30,2000,0" yaku="8,1,54,1" doraHai="104" who="3" fromWho="3" sc="175,-10,333,-5,305,-5,187,20" /><INIT seed="5,0,0,2,4,8" ten="165,328,300,207" oya="1" hai0="12,71,130,110,16,77,4,128,121,49,29,57,65" hai1="125,60,124,1,43,120,11,106,107,118,33,37,7" hai2="51,134,131,47,22,17,85,75,19,101,6,36,2" hai3="59,32,3,58,48,38,80,5,30,64,61,109,28"/><U21/><E118/><V102/><F75/><W0/><G109/><T94/><D110/><U98/><E120/><V79/><F6/><W89/><G38/><T114/><D71/><U45/><E33/><V68/><F2/><W25/><G30/><T27/><D121/><U111/><E111/><V50/><F36/><W26/><G26/><T95/><D77/><U82/><E82/><V56/><F68/><W119/><G119/><T96/><D4/><U81/><E60/><V23/><F131/><N who="0" m="50218" /><D114/><U74/><E21/><V84/><F56/><W76/><G5/><T127/><D127/><N who="1" m="48715" /><E98/><V10/><F10/><W54/><REACH who="3" step="1"/><G89/><REACH who="3" ten="165,328,300,197" step="2"/><T132/><D132/><U113/><E113/><V67/><F134/><W126/><G126/><T15/><D96/><U105/><E105/><V63/><F17/><W93/><G93/><N who="0" m="35339" /><D16/><U31/><E31/><V66/><F19/><W133/><G133/><T69/><D69/><U108/><E108/><V117/><F117/><W44/><G44/><T103/><D103/><U62/><E107/><V100/><F47/><W53/><G53/><N who="0" m="31919" /><D65/><U78/><E106/><V112/><F112/><W20/><G20/><AGARI ba="0,1" hai="12,15,20,27,29" m="31919,35339,50218" machi="20" ten="30,3900,0" yaku="19,1,52,2" doraHai="8" who="0" fromWho="3" sc="165,49,328,0,300,0,197,-39" /><INIT seed="6,0,0,5,0,6" ten="214,328,300,158" oya="2" hai0="56,71,117,4,94,129,125,40,111,16,107,10,28" hai1="38,124,87,103,83,82,52,76,104,67,131,22,51" hai2="46,133,20,85,77,32,14,58,33,79,110,50,75" hai3="116,17,23,21,63,18,57,96,39,2,42,30,90"/><V48/><F75/><W120/><G116/><T45/><D111/><U126/><E38/><V60/><F20/><W54/><G120/><T100/><D71/><U62/><E131/><V101/><F101/><W86/><G2/><T105/><D28/><U53/><E22/><V74/><F74/><W8/><G39/><T134/><D56/><U127/><E51/><V26/><F26/><W64/><G42/><T109/><D109/><U12/><E12/><V97/><F97/><W65/><G30/><T25/><D129/><U102/><E83/><V81/><F50/><W49/><G96/><T24/><D4/><U93/><E104/><V15/><F79/><W3/><G3/><T95/><D107/><U108/><E108/><V41/><F133/><W36/><G36/><T91/><D105/><U7/><E7/><V99/><F99/><W61/><G8/><T78/><D100/><N who="1" m="38443" /><E93/><V69/><F69/><AGARI ba="0,0" hai="52,53,62,67,69,76,82,87,124,126,127" m="38443" machi="69" ten="30,2000,0" yaku="18,1,54,1" doraHai="6" who="1" fromWho="2" sc="214,0,328,20,300,-20,158,0" /><INIT seed="7,0,0,5,4,41" ten="214,348,280,158" oya="3" hai0="130,73,120,23,59,82,123,129,33,37,4,62,16" hai1="68,119,7,133,29,109,125,5,19,53,78,94,64" hai2="126,93,102,103,60,92,131,50,86,14,48,63,118" hai3="18,46,61,0,51,56,20,98,106,122,75,32,26"/><W52/><G122/><T104/><D104/><U66/><E109/><V87/><F14/><W89/><G75/><T74/><D33/><U47/><E29/><V85/><F85/><W101/><G0/><T127/><D37/><U44/><E68/><V27/><F27/><W34/><REACH who="3" step="1"/><G89/><REACH who="3" ten="214,348,280,148" step="2"/><T21/><D73/><U71/><E119/><V110/><F118/><W100/><G100/><T57/><D123/><U9/><E78/><V11/><F103/><W113/><G113/><T105/><D74/><U134/><E134/><V112/><F102/><W69/><G69/><T117/><D120/><U1/><E71/><V96/><F112/><W72/><G72/><T40/><D117/><U6/><E133/><V31/><F110/><W15/><G15/><T3/><D3/><U115/><E1/><V80/><F126/><W25/><G25/><T42/><D127/><U135/><E125/><V10/><F131/><W38/><G38/><T45/><D130/><U95/><E135/><V111/><F111/><W108/><G108/><T128/><D129/><U43/><E115/><V58/><F80/><W107/><G107/><T116/><D105/><U99/><E95/><V65/><F92/><W8/><G8/><T28/><D116/><U30/><E9/><V91/><F10/><W39/><G39/><T67/><D128/><U55/><E94/><V81/><F11/><W132/><G132/><T79/><D82/><U77/><E77/><V35/><F81/><W121/><G121/><T49/><D79/><U76/><E76/><V84/><F93/><W70/><G70/><T124/><D124/><RYUUKYOKU ba="0,1" sc="214,-10,348,-10,280,-10,148,30" hai3="18,20,26,32,34,46,51,52,56,61,98,101,106" /><INIT seed="7,1,1,0,2,44" ten="204,338,270,178" oya="3" hai0="76,67,126,124,91,68,121,134,32,30,37,48,59" hai1="65,116,53,78,52,100,83,31,21,114,80,17,127" hai2="45,66,62,61,82,56,115,51,129,27,47,108,107" hai3="81,14,117,28,131,7,97,73,26,23,88,119,133"/><W46/><G131/><T8/><D37/><U57/><E114/><V101/><F107/><W42/><G133/><T16/><D121/><U105/><E127/><N who="0" m="48681" /><D68/><U15/><E116/><V79/><F101/><W75/><G119/><T25/><D76/><U60/><E31/><V4/><F4/><W5/><G117/><T18/><D8/><U125/><E125/><V128/><F108/><W50/><G5/><T63/><D134/><U49/><E53/><N who="2" m="31807" /><F27/><W41/><G41/><T96/><D48/><U106/><E100/><V43/><F61/><W24/><G24/><T85/><D96/><U69/><E83/><AGARI ba="1,1" hai="16,18,25,30,32,59,63,67,83,85,91" m="48681" machi="83" ten="30,2000,0" yaku="18,1,54,1" doraHai="44" who="0" fromWho="1" sc="204,33,338,-23,270,0,178,0" owari="237,-16.0,315,41.0,270,7.0,178,-32.0" /></mjloggm>