<mjloggm ver="2.3"><GO type="169" lobby="0"/><UN n0="%E7%9F%B3%E5%A1%9A" n1="%6D%6F%73%61" n2="%E5%8D%97%E5%B8%9D%E5%8D%97%E6%B5%A6" n3="%E4%BF%9D%E7%99%92%E8%BA%AB" dan="16,16,16,17" rate="2085.96,2113.34,2088.39,2120.22" sx="M,M,F,M"/><TAIKYOKU oya="0"/><INIT seed="0,0,0,3,3,127" ten="250,250,250,250" oya="0" hai0="95,102,43,48,96,118,52,44,133,77,78,108,42" hai1="11,61,39,62,50,79,6,84,49,81,74,0,25" hai2="73,21,5,13,20,14,60,9,35,86,72,98,93" hai3="22,28,119,83,67,24,36,41,123,70,101,88,105"/><T66/><D118/><U18/><E39/><V100/><F35/><W117/><G123/><T55/><D133/><U113/><E113/><V109/><F109/><W114/><G114/><T51/><D66/><U16/><E74/><V90/><F60/><W19/><G41/><T26/><D108/><U128/><E128/><V29/><F20/><W63/><G36/><T8/><D26/><U40/><E50/><V82/><REACH who="2" step="1"/><F29/><REACH who="2" ten="250,250,240,250" step="2"/><W131/><G28/><T47/><REACH who="0" step="1"/><D8/><REACH who="0" ten="240,250,240,250" step="2"/><U124/><E11/><V37/><F37/><W68/><G119/><T69/><D69/><U65/><E65/><V89/><F89/><W111/><G70/><T59/><D59/><U80/><E124/><V38/><F38/><W76/><G117/><T15/><D15/><U71/><E71/><V107/><F107/><W4/><G111/><T116/><D116/><U126/><E126/><V104/><F104/><W75/><G88/><T121/><D121/><U58/><E58/><V112/><F112/><W97/><G68/><T27/><D27/><U134/><E25/><V7/><F7/><W120/><G4/><T122/><D122/><U91/><E6/><V56/><F56/><W45/><G120/><T23/><D23/><U87/><E134/><V3/><F3/><W103/><G67/><T34/><D34/><U31/><E0/><V12/><F12/><W64/><G64/><T30/><D30/><U92/><E31/><V94/><F94/><W46/><G105/><T106/><D106/><U132/><E132/><V130/><F130/><W17/><G131/><T135/><D135/><U2/><E2/><RYUUKYOKU ba="0,2" sc="240,15,250,-15,240,15,250,-15" hai0="42,43,44,47,48,51,52,55,77,78,95,96,102" hai2="5,9,13,14,21,72,73,82,86,90,93,98,100" /><INIT seed="0,1,2,5,1,42" ten="255,235,255,235" oya="0" hai0="1,24,107,69,101,66,103,94,34,6,38,133,126" hai1="27,60,98,113,86,2,87,128,62,116,63,30,120" hai2="129,0,132,89,58,28,97,19,80,14,37,115,100" hai3="111,93,12,4,99,15,46,35,67,124,75,95,17"/><T134/><D126/><U32/><E116/><V25/><F115/><W117/><G117/><T73/><D94/><U41/><E120/><V51/><F129/><W106/><G75/><T54/><D54/><U36/><E128/><V50/><F37/><W52/><G35/><T108/><D73/><U49/><E113/><V29/><F0/><W90/><G106/><T71/><D103/><U135/><E135/><V7/><F7/><W21/><G67/><T96/><D108/><U48/><E2/><V127/><F127/><W122/><G124/><T81/><D81/><U8/><E8/><V104/><F132/><N who="0" m="50794" /><D66/><U114/><E114/><V39/><F39/><W53/><G122/><T59/><D59/><U26/><E26/><V47/><F58/><W74/><G74/><T13/><D13/><U68/><E68/><V70/><F70/><W10/><G111/><T22/><D38/><U65/><E65/><V77/><F51/><N who="3" m="28791" /><G93/><T118/><D118/><U78/><E36/><V72/><F89/><N who="3" m="55791" /><G53/><T11/><D34/><U55/><E55/><V121/><F121/><W9/><G90/><T40/><D40/><U57/><E41/><V5/><F5/><W18/><G4/><T105/><D107/><U33/><E33/><V109/><F109/><W82/><G82/><T88/><D88/><U20/><E32/><V112/><F112/><W3/><G3/><T79/><D79/><U23/><E78/><V44/><F50/><W43/><G43/><T61/><D61/><U31/><E62/><V85/><F72/><W123/><G123/><T76/><D76/><U64/><E60/><RYUUKYOKU ba="1,2" sc="255,15,235,-15,255,-15,235,15" hai0="1,6,11,22,24,69,71,96,101,105" hai3="9,10,12,15,17,18,21" /><INIT seed="0,2,2,4,4,123" ten="270,220,240,250" oya="0" hai0="103,85,131,77,129,13,117,36,108,134,99,3,48" hai1="42,68,75,98,124,52,58,26,6,87,50,43,135" hai2="1,63,119,62,120,114,8,28,105,29,73,37,57" hai3="60,104,24,41,81,121,14,64,100,70,118,78,126"/><T97/><D36/><U15/><E75/><V84/><F105/><W17/><G121/><T72/><D3/><U34/><E124/><V89/><F73/><W86/><G126/><T106/><D117/><U45/><E135/><V54/><F37/><W74/><G118/><T115/><D115/><U128/><E128/><N who="0" m="49225" /><D48/><U16/><E68/><V22/><F114/><W110/><G41/><T101/><D13/><U65/><E6/><V23/><F120/><W59/><G24/><T56/><D56/><U27/><E98/><V40/><F40/><N who="1" m="15401" /><E34/><V11/><F119/><W31/><G74/><T10/><D10/><N who="2" m="3626" /><F1/><W125/><G70/><T107/><D134/><U61/><E87/><V21/><F63/><W76/><G60/><T93/><D108/><U109/><E109/><V4/><F4/><W116/><G125/><T53/><D53/><U30/><E30/><V82/><AGARI ba="2,2" hai="21,22,23,28,29,54,57,62,82,84,89" m="3626" machi="82" ten="30,1100,0" yaku="8,1" doraHai="123" who="2" fromWho="2" sc="270,-7,220,-5,240,37,250,-5" /><INIT seed="1,0,0,2,4,20" ten="263,215,277,245" oya="1" hai0="29,1,62,45,69,99,26,72,66,93,126,71,83" hai1="15,55,77,120,133,102,61,35,79,9,25,100,84" hai2="43,57,121,81,13,127,49,115,0,4,36,109,23" hai3="96,17,95,107,135,119,94,30,103,58,106,11,38"/><U98/><E120/><V113/><F121/><W7/><G38/><T3/><D126/><U118/><E118/><V59/><F127/><W27/><G135/><T92/><D92/><U21/><E133/><V89/><F109/><W2/><G119/><T41/><D71/><U50/><E35/><V47/><F0/><W134/><G134/><T48/><D72/><U110/><E61/><V91/><F36/><W40/><G40/><T44/><D44/><U97/><E110/><V85/><F89/><W111/><G111/><T125/><D83/><N who="1" m="47215" /><E79/><V86/><F86/><W108/><G108/><T74/><D74/><U82/><E82/><V46/><F46/><W75/><G75/><T5/><D5/><N who="1" m="3503" /><E97/><V10/><REACH who="2" step="1"/><F23/><REACH who="2" ten="263,215,267,245" step="2"/><W63/><G2/><T116/><D125/><U52/><E98/><V22/><F22/><W87/><G87/><T39/><D116/><U51/><E100/><V56/><AGARI ba="0,1" hai="4,10,13,43,47,49,56,57,59,81,85,91,113,115" machi="56" ten="30,2000,0" yaku="1,1,0,1,53,0" doraHai="20" doraHaiUra="88" who="2" fromWho="2" sc="263,-5,215,-10,267,30,245,-5" /><INIT seed="2,0,0,4,3,33" ten="258,205,297,240" oya="2" hai0="14,132,111,93,62,18,119,64,35,86,97,55,0" hai1="58,9,6,3,104,25,10,38,117,23,120,28,95" hai2="84,72,66,47,57,63,45,21,5,89,20,130,87" hai3="8,16,99,126,133,19,46,40,41,50,61,116,31"/><V71/><F72/><W106/><G116/><T92/><D111/><U11/><E117/><V90/><F130/><W13/><G126/><T73/><D73/><U94/><E120/><V121/><F121/><W101/><G133/><T127/><D119/><U114/><E114/><V125/><F125/><W34/><G41/><T26/><D127/><U56/><E104/><V44/><F5/><W67/><G34/><T48/><D0/><U69/><E38/><V17/><F71/><W32/><G32/><T79/><D35/><U74/><E69/><V81/><REACH who="2" step="1"/><F17/><REACH who="2" ten="258,205,287,240" step="2"/><W15/><G31/><T22/><D132/><U42/><E74/><V68/><F68/><W82/><G19/><T24/><D18/><U103/><E6/><V131/><F131/><W29/><G29/><T88/><D14/><U108/><E28/><V39/><F39/><W124/><G124/><T96/><D26/><U107/><E25/><V53/><F53/><W4/><G16/><T118/><D118/><U65/><E11/><V54/><F54/><W128/><G128/><T37/><D37/><U60/><E10/><V105/><F105/><W70/><REACH who="3" step="1"/><G82/><AGARI ba="0,1" hai="20,21,44,45,47,57,63,66,81,82,84,87,89,90" machi="82" ten="40,7700,0" yaku="1,1,9,1,8,1,53,0" doraHai="33" doraHaiUra="115" who="2" fromWho="3" sc="258,0,205,0,287,87,240,-77" /><INIT seed="2,1,0,1,4,101" ten="258,205,374,163" oya="2" hai0="103,71,16,45,119,135,123,90,46,104,102,52,122" hai1="9,125,23,27,34,18,7,28,63,68,72,114,120" hai2="47,92,85,8,15,70,129,64,41,76,5,66,93" hai3="69,31,130,13,117,44,50,105,39,19,14,32,109"/><V110/><F70/><W38/><G117/><T121/><D71/><U22/><E72/><V36/><F129/><W107/><G69/><T79/><D119/><U11/><E63/><V17/><F110/><W29/><G32/><T57/><D135/><U99/><E99/><V21/><F92/><W24/><G24/><T132/><D132/><U134/><E68/><V58/><F58/><W2/><G2/><T56/><D79/><U82/><E82/><V51/><F36/><W30/><G109/><T112/><D112/><U108/><E108/><V59/><F59/><W111/><G111/><T49/><D57/><U128/><E114/><V100/><F100/><W65/><G65/><T91/><D103/><U126/><E134/><V113/><F113/><W97/><G97/><T115/><D115/><U35/><E128/><V75/><F75/><W40/><G13/><T48/><D16/><N who="1" m="12743" /><E120/><V73/><F73/><W118/><G118/><T81/><D81/><U74/><E74/><V60/><F60/><W80/><G80/><T20/><D20/><U12/><E11/><V6/><F6/><W54/><G130/><T96/><REACH who="0" step="1"/><D56/><REACH who="0" ten="248,205,374,163" step="2"/><U53/><E28/><V3/><REACH who="2" step="1"/><F76/><REACH who="2" ten="248,205,364,163" step="2"/><W67/><G67/><T1/><D1/><U37/><E7/><V55/><F55/><AGARI ba="1,2" hai="45,46,48,49,52,55,90,91,96,102,104,121,122,123" machi="55" ten="40,8000,1" yaku="1,1,9,1,52,1,54,1,53,0" doraHai="101" doraHaiUra="25" who="0" fromWho="2" sc="248,103,205,0,364,-83,163,0" /><INIT seed="3,0,0,4,2,4" ten="351,205,281,163" oya="3" hai0="125,0,51,105,69,68,48,64,49,102,101,96,95" hai1="126,9,131,15,25,35,114,120,127,110,108,42,128" hai2="56,98,32,106,85,90,89,91,28,123,119,129,23" hai3="46,61,13,72,63,2,24,79,5,40,135,124,82"/><W55/><G13/><T132/><D132/><U113/><E42/><V81/><F119/><W107/><G135/><T54/><D125/><N who="1" m="47627" /><E35/><V29/><F32/><W7/><G124/><T6/><D54/><U26/><E120/><V103/><F129/><N who="1" m="49737" /><E25/><V34/><F123/><W37/><G7/><T83/><D64/><U99/><E26/><V66/><F34/><W57/><G107/><T21/><D21/><U10/><E99/><V121/><F121/><W87/><G87/><T47/><D47/><U20/><E20/><V39/><F39/><W133/><G133/><T8/><D69/><U17/><E10/><V97/><F97/><W92/><G24/><T104/><D68/><U58/><E58/><V33/><F33/><W93/><REACH who="3" step="1"/><G63/><REACH who="3" ten="351,205,281,153" step="2"/><T88/><D105/><U134/><E134/><V71/><F106/><W3/><G3/><T45/><D104/><U36/><E36/><V30/><F85/><W43/><G43/><T14/><D0/><U122/><E122/><V111/><F98/><W53/><G53/><T18/><D6/><U19/><E19/><V11/><F29/><W118/><G118/><T112/><D18/><U62/><E62/><V109/><F30/><W100/><G100/><T31/><D31/><U27/><E27/><N who="2" m="16511" /><F103/><W74/><G74/><T52/><D102/><U86/><E86/><V80/><F66/><W76/><G76/><T38/><D38/><U59/><E17/><V73/><F73/><W115/><G115/><T65/><D112/><U117/><E113/><V44/><F71/><W12/><G12/><T84/><D65/><U67/><E114/><RYUUKYOKU ba="0,1" sc="351,15,205,-15,281,-15,153,15" hai0="8,14,45,48,49,51,52,83,84,88,95,96,101" hai3="2,5,37,40,46,55,57,61,72,79,82,92,93" /><INIT seed="3,1,1,0,2,57" ten="366,190,266,168" oya="3" hai0="97,55,5,88,134,32,117,122,92,52,34,33,21" hai1="105,84,50,8,4,24,31,44,93,11,111,106,119" hai2="0,127,131,13,90,94,129,125,66,82,20,38,49" hai3="104,26,15,73,130,80,64,102,47,71,132,72,40"/><W123/><G123/><T12/><D117/><U113/><E113/><V54/><F38/><W110/><G104/><T109/><D122/><U81/><E119/><V9/><F66/><W101/><G101/><T85/><D109/><U2/><E11/><V116/><F82/><W112/><G102/><T86/><D134/><U62/><E93/><V124/><F116/><W59/><G71/><T78/><D78/><U69/><E111/><V114/><F114/><W126/><G112/><T133/><D133/><U19/><E19/><N who="2" m="10351" /><F9/><W96/><G96/><T83/><D86/><U53/><E69/><V42/><F42/><W118/><G118/><T10/><REACH who="0" step="1"/><D21/><REACH who="0" ten="356,190,266,168" step="2"/><U95/><E84/><N who="2" m="52551" /><F0/><W79/><G110/><T51/><D51/><U35/><E2/><V89/><F89/><W61/><G132/><T75/><D75/><U56/><E50/><V65/><F65/><W135/><G135/><T29/><D29/><U63/><E31/><V58/><AGARI ba="1,2" hai="49,54,58,124,125,127,129,131" m="52551,10351" machi="58" ten="40,2700,0" yaku="25,1,18,1" doraHai="57" who="2" fromWho="2" sc="356,-8,190,-8,266,50,168,-14" /><INIT seed="4,0,0,0,5,58" ten="348,182,316,154" oya="0" hai0="130,56,108,63,3,32,111,79,102,34,47,25,36" hai1="22,75,96,101,54,118,17,66,132,26,55,104,30" hai2="67,88,98,112,28,45,116,117,61,121,21,12,11" hai3="128,129,86,122,51,53,29,78,4,76,100,42,7"/><T71/><D3/><U46/><E118/><N who="2" m="45675" /><F121/><W44/><G29/><T13/><D71/><U113/><E132/><V50/><F112/><W93/><G122/><T133/><D79/><N who="3" m="30249" /><G53/><T16/><D130/><N who="3" m="50281" /><G100/><T125/><D133/><U114/><E75/><V18/><F28/><W72/><G72/><T95/><D25/><U69/><E17/><V6/><F50/><W124/><G124/><T20/><D125/><U110/><E110/><N who="0" m="42025" /><D47/><U2/><E46/><V38/><F45/><W23/><G23/><T19/><D36/><U27/><E22/><V33/><F38/><W52/><G42/><T85/><D19/><U109/><E109/><V107/><F33/><W8/><G8/><T62/><D56/><U80/><E30/><V40/><F40/><W43/><G43/><T90/><D102/><U48/><E113/><V120/><F120/><W59/><G44/><T41/><D41/><U99/><E101/><V10/><F6/><W82/><G82/><T134/><D134/><U49/><E80/><V57/><F107/><W24/><G24/><T97/><D97/><U127/><E127/><V94/><AGARI ba="0,0" hai="10,11,12,18,21,57,61,67,88,94,98" m="45675" machi="94" ten="30,4000,0" yaku="12,1,52,1,54,1" doraHai="58" who="2" fromWho="2" sc="348,-20,182,-10,316,40,154,-10" /><INIT seed="5,0,0,0,2,129" ten="328,172,356,144" oya="1" hai0="22,126,89,33,87,70,61,125,95,5,62,16,59" hai1="27,48,111,119,38,91,37,14,96,41,83,102,8" hai2="66,24,108,78,17,10,13,28,25,106,73,46,120" hai3="7,15,105,26,2,117,77,23,127,107,18,88,74"/><U80/><E119/><V135/><F120/><W114/><G117/><T6/><D33/><U110/><E27/><V31/><F106/><W104/><G127/><T93/><D70/><U130/><E130/><V39/><F66/><W60/><G114/><T84/><D62/><U85/><E80/><V116/><F116/><W47/><G60/><T98/><D126/><U34/><E34/><V40/><F108/><N who="1" m="41513" /><E48/><V128/><F128/><W36/><G2/><T1/><D1/><U86/><E86/><V94/><F94/><W44/><G36/><T64/><D125/><U124/><E41/><V99/><F99/><W133/><G133/><T12/><REACH who="0" step="1"/><D84/><REACH who="0" ten="318,172,356,144" step="2"/><U55/><E124/><V132/><F73/><W49/><G74/><T118/><D118/><U92/><E55/><V29/><REACH who="2" step="1"/><F78/><REACH who="2" ten="318,172,346,144" step="2"/><W101/><G77/><T21/><D21/><U51/><E96/><V43/><F43/><W79/><G79/><T32/><D32/><U67/><E67/><V113/><F113/><W100/><G23/><T109/><D109/><U103/><E8/><V42/><F42/><W123/><G123/><T122/><D122/><U57/><E85/><V82/><F82/><W76/><G76/><T72/><D72/><U30/><E83/><V115/><F115/><W4/><G105/><T0/><D0/><U9/><E9/><V112/><F112/><W58/><G107/><T11/><D11/><U56/><E92/><V54/><F54/><W63/><G104/><T121/><D121/><U81/><E81/><V19/><F19/><W97/><G18/><T20/><D20/><U69/><E69/><RYUUKYOKU ba="0,2" sc="318,15,172,-15,346,15,144,-15" hai0="5,6,12,16,22,59,61,64,87,89,93,95,98" hai2="10,13,17,24,25,28,29,31,39,40,46,132,135" /><INIT seed="6,1,2,3,3,113" ten="333,157,361,129" oya="2" hai0="115,85,90,128,8,65,11,4,119,13,79,17,49" hai1="131,45,117,91,23,100,20,75,108,134,99,3,95" hai2="129,31,132,29,1,54,125,2,61,5,89,53,130" hai3="43,73,86,69,64,59,105,52,57,104,88,6,55"/><V14/><F125/><W47/><G73/><T135/><D115/><U110/><E3/><V106/><F106/><W58/><G6/><T124/><D119/><U66/><E117/><V44/><F132/><W126/><G126/><T32/><D124/><U25/><E75/><V116/><F116/><W36/><G104/><T72/><D32/><U92/><E134/><V30/><F89/><W101/><G101/><T12/><D135/><U93/><E131/><N who="2" m="50187" /><F61/><N who="3" m="40079" /><G86/><T80/><D128/><U74/><E74/><V60/><F60/><N who="3" m="35879" /><G105/><T21/><D65/><U46/><E66/><V15/><F44/><N who="1" m="17001" /><E110/><V77/><F77/><W62/><G88/><T112/><D49/><U51/><E108/><V103/><F103/><W40/><G59/><T81/><REACH who="0" step="1"/><D112/><REACH who="0" ten="323,157,361,129" step="2"/><U70/><E51/><V63/><F1/><W26/><G26/><T10/><AGARI ba="1,3" hai="4,8,10,11,12,13,17,21,72,79,80,81,85,90" machi="10" ten="30,4000,0" yaku="1,1,2,1,0,1,53,0" doraHai="113" doraHaiUra="68" who="0" fromWho="0" sc="323,73,157,-11,361,-21,129,-11" /><INIT seed="7,0,0,3,3,94" ten="396,146,340,118" oya="3" hai0="14,0,57,85,31,17,98,4,81,12,76,15,25" hai1="132,88,38,110,101,123,87,55,127,124,3,121,37" hai2="96,106,33,74,91,18,90,27,16,60,10,22,32" hai3="135,45,39,2,65,109,9,129,1,42,97,64,111"/><W102/><G129/><T5/><D0/><U23/><E110/><N who="3" m="41994" /><G135/><T86/><D98/><U44/><E132/><V133/><F74/><W62/><G9/><T131/><D131/><U108/><E108/><V11/><F133/><W119/><G119/><T51/><D17/><U20/><E3/><N who="3" m="1034" /><G62/><T89/><D51/><N who="1" m="29159" /><E101/><V104/><F60/><W52/><G52/><T49/><D49/><U35/><E35/><V8/><F22/><N who="1" m="8233" /><E37/><V130/><F130/><W115/><G115/><T75/><D75/><U63/><E38/><V113/><F113/><W69/><G69/><T118/><D118/><U58/><E58/><V48/><F48/><W103/><G103/><T72/><D72/><U120/><E63/><V80/><F8/><W79/><G79/><T126/><D57/><U54/><E54/><V67/><F67/><W122/><G122/><T50/><D50/><U30/><E121/><V73/><F73/><W26/><G26/><T92/><D25/><U24/><E24/><V112/><F27/><W59/><G59/><T47/><D4/><U40/><E40/><V107/><F112/><W78/><G78/><T43/><D5/><U83/><E30/><V61/><F61/><W70/><G70/><T28/><D28/><U7/><E7/><V34/><F10/><W84/><G84/><T41/><D31/><U68/><E68/><V114/><F11/><W105/><AGARI ba="0,0" hai="39,42,45,64,65,97,102,105" m="1034,41994" machi="105" ten="30,3000,0" yaku="10,1,52,1" doraHai="94" who="3" fromWho="3" sc="396,-10,146,-10,340,-10,118,30" /><INIT seed="7,1,0,5,0,26" ten="386,136,330,148" oya="3" hai0="12,7,66,46,95,103,4,6,68,112,48,70,27" hai1="109,35,25,124,127,75,44,119,99,102,13,134,128" hai2="132,38,84,73,37,17,100,104,135,53,16,14,49" hai3="31,80,24,36,85,42,72,64,96,120,101,52,88"/><W61/><G120/><T11/><D112/><U76/><E109/><V106/><F73/><W116/><G116/><T115/><D115/><U10/><E119/><V9/><F84/><W110/><G72/><T65/><D70/><U67/><E128/><V39/><F17/><W32/><G110/><T129/><D129/><U107/><E134/><V19/><F19/><W123/><G123/><T86/><D27/><U58/><E44/><V133/><F100/><W15/><G15/><T51/><D51/><U77/><E35/><V114/><REACH who="2" step="1"/><F114/><REACH who="2" ten="386,136,320,148" step="2"/><W82/><G101/><T59/><D103/><U22/><E75/><V18/><F18/><W45/><G96/><T78/><D68/><U130/><E130/><V23/><F23/><W2/><G85/><T90/><D78/><U3/><E76/><V21/><F21/><W118/><G88/><T33/><D33/><U20/><E77/><V62/><F62/><W69/><G118/><T50/><D4/><N who="1" m="1311" /><E22/><V93/><F93/><W71/><G71/><T98/><D6/><U34/><E34/><V126/><F126/><W111/><G111/><T60/><D98/><U91/><E91/><V63/><F63/><W81/><G81/><T40/><D95/><U57/><E25/><V55/><F55/><W94/><G52/><T41/><D90/><U105/><E105/><V83/><F83/><W113/><G113/><T87/><D66/><U108/><E108/><V79/><F79/><W92/><G92/><T121/><D121/><U29/><E29/><V47/><AGARI ba="1,1" hai="9,14,16,37,38,39,47,49,53,104,106,132,133,135" machi="47" ten="40,8000,1" yaku="1,1,0,1,20,1,54,1,53,0" doraHai="26" doraHaiUra="89" who="2" fromWho="2" sc="386,-21,136,-21,320,93,148,-41" owari="365,17.0,115,-28.0,413,50.0,107,-39.0" /></mjloggm>