<mjloggm ver="2.3"><GO type="169" lobby="0"/><UN n0="%E9%97%98%E5%A3%AB%E2%98%86%E6%B8%8B%E5%B7%9D%E8%80%81" n1="%E3%83%AA%E3%83%92%E3%83%A3" n2="%E3%81%B5%E3%81%8B" n3="%E3%83%8F%E3%83%83%E3%83%88%E3%83%AA%E3%82%B9" dan="18,16,18,17" rate="2115.18,2069.99,2248.32,2175.42" sx="M,M,M,M"/><TAIKYOKU oya="0"/><INIT seed="0,0,0,5,1,130" ten="250,250,250,250" oya="0" hai0="2,114,51,7,61,3,92,79,47,121,59,42,16" hai1="126,82,5,74,84,122,102,78,50,128,100,26,90" hai2="64,76,32,127,65,133,113,107,0,120,36,110,21" hai3="19,10,56,29,103,88,109,97,105,108,115,15,70"/><T81/><D121/><U67/><E126/><V9/><RYUUKYOKU type="yao9" ba="0,0" sc="250,0,250,0,250,0,250,0" hai2="0,9,21,32,36,64,65,76,107,110,113,120,127,133" /><INIT seed="0,1,0,3,3,7" ten="250,250,250,250" oya="0" hai0="99,79,45,34,43,2,36,28,131,132,68,109,12" hai1="126,72,26,77,110,30,97,119,71,54,103,57,95" hai2="96,128,4,48,37,125,121,38,31,22,107,104,82" hai3="111,127,44,25,88,61,85,23,15,87,35,0,21"/><T133/><D2/><U101/><E110/><V16/><F121/><W6/><G111/><T69/><D109/><U94/><E126/><V66/><F125/><W11/><G127/><T105/><D79/><U17/><E71/><V3/><F31/><W13/><G85/><T65/><D12/><U32/><E119/><V60/><F128/><W116/><G116/><T41/><D43/><U49/><E72/><V120/><F120/><W70/><G35/><T20/><D20/><U84/><E77/><V47/><F82/><W81/><G44/><T115/><D115/><U80/><E80/><V130/><F130/><W118/><G118/><T122/><D122/><U9/><E84/><V59/><F4/><W50/><G50/><T92/><D131/><U135/><E135/><N who="0" m="51785" /><D65/><U56/><E56/><V90/><F3/><W10/><G0/><T124/><D105/><U52/><E54/><V123/><F123/><W98/><G25/><N who="0" m="18703" /><D124/><U113/><E113/><V46/><F104/><W78/><G70/><T112/><D112/><U24/><E24/><V86/><F107/><W58/><G78/><T14/><D14/><U39/><E39/><V83/><F38/><W108/><G108/><T134/><N who="0" m="51793" /><T19/><DORA hai="93" /><D19/><U42/><E42/><V100/><F37/><W27/><G27/><T102/><AGARI ba="1,0" hai="36,41,45,68,69,92,99,102" m="18703,51793" machi="102" ten="40,3900,0" yaku="20,1,52,1" doraHai="7,93" who="0" fromWho="0" sc="250,42,250,-14,250,-14,250,-14" /><INIT seed="0,2,0,4,4,110" ten="292,236,236,236" oya="0" hai0="21,66,44,13,121,3,10,87,22,64,41,28,122" hai1="7,58,14,126,39,80,42,29,106,12,77,67,134" hai2="61,62,127,70,97,57,51,132,36,30,53,17,9" hai3="35,92,128,131,25,76,52,20,46,47,99,71,50"/><T54/><D3/><U123/><E106/><V4/><F36/><W11/><G71/><T81/><D121/><U5/><E123/><V112/><F132/><W119/><G119/><T32/><D32/><U130/><E29/><V111/><F111/><W40/><G35/><T118/><D118/><U101/><E101/><V68/><F30/><W38/><G11/><T8/><D8/><U90/><E90/><V0/><F127/><W48/><G76/><T19/><D122/><U114/><E130/><V105/><F68/><W59/><G38/><T26/><D22/><U79/><E39/><V113/><F17/><W60/><G48/><N who="0" m="28935" /><D41/><U43/><E134/><V91/><F62/><W55/><G47/><T85/><D85/><U120/><E126/><V104/><F104/><W24/><G40/><T37/><D37/><U16/><E42/><V88/><F105/><W6/><G6/><T83/><D83/><U2/><E43/><V95/><REACH who="2" step="1"/><F91/><AGARI ba="2,0" hai="10,13,19,21,26,28,64,66,81,87,91" m="28935" machi="91" ten="30,2900,0" yaku="25,1,8,1" doraHai="110" who="0" fromWho="2" sc="292,35,236,0,236,-35,236,0" /><INIT seed="0,3,0,0,3,127" ten="327,236,201,236" oya="0" hai0="48,89,33,26,61,70,90,59,39,54,62,15,17" hai1="80,60,101,36,27,67,69,96,95,135,92,130,45" hai2="18,93,37,106,77,124,117,35,47,46,43,0,71" hai3="7,1,126,109,49,100,86,31,104,63,122,97,116"/><T119/><D39/><U13/><E135/><V6/><F106/><W84/><G116/><T53/><D119/><U58/><E80/><V111/><F35/><W68/><G109/><T42/><D42/><U73/><E73/><V76/><F71/><W14/><G1/><T40/><D40/><U123/><E123/><V103/><F46/><W128/><G122/><T38/><D38/><U55/><E130/><V65/><F65/><W81/><G126/><T91/><D70/><U66/><E67/><V94/><F94/><W125/><G125/><T114/><D114/><U9/><E36/><V118/><F18/><W10/><G81/><T72/><D72/><U113/><E45/><V108/><F76/><W11/><G11/><T74/><D74/><U16/><E113/><V4/><F77/><W133/><G49/><T105/><D105/><U29/><E96/><N who="2" m="59791" /><F124/><W129/><G31/><T78/><D78/><U28/><E101/><V98/><F98/><W24/><G24/><T25/><D33/><U19/><E19/><V79/><F79/><W30/><G30/><T99/><D99/><U110/><E29/><V21/><F117/><W102/><G102/><T120/><D120/><U121/><E121/><V75/><F75/><W56/><G68/><T82/><D82/><U83/><E83/><V88/><F118/><W64/><G133/><T20/><D54/><U32/><REACH who="1" step="1"/><E110/><REACH who="1" ten="327,226,201,236" step="2"/><V132/><F132/><W134/><G134/><T2/><D17/><U107/><E107/><V23/><F108/><W3/><G3/><T8/><D2/><U115/><E115/><V12/><F111/><RYUUKYOKU ba="3,1" sc="327,-15,226,15,201,-15,236,15" hai1="9,13,16,27,28,32,55,58,60,66,69,92,95" hai3="7,10,14,56,63,64,84,86,97,100,104,128,129" /><INIT seed="1,4,1,4,4,34" ten="312,241,186,251" oya="1" hai0="20,78,111,44,86,7,76,123,53,12,121,45,122" hai1="49,21,1,92,64,87,103,23,17,48,95,55,6" hai2="52,62,98,90,30,125,72,100,18,97,73,83,132" hai3="66,93,65,16,58,32,77,38,105,42,67,60,84"/><U14/><E64/><V107/><F132/><W133/><G105/><T113/><D113/><U40/><E40/><V63/><F125/><W94/><G32/><T9/><D111/><U126/><E126/><V57/><F30/><W33/><G33/><T56/><D20/><U116/><E116/><V85/><F97/><W15/><G133/><T22/><D22/><U27/><E49/><V47/><F18/><W89/><G77/><N who="0" m="29803" /><D86/><U88/><E103/><V36/><REACH who="2" step="1"/><F62/><AGARI ba="4,1" hai="7,9,12,44,45,53,56,62,121,122,123" m="29803" machi="62" ten="30,1000,0" yaku="13,1" doraHai="34" who="0" fromWho="2" sc="312,32,241,0,186,-22,251,0" /><INIT seed="2,0,0,4,1,107" ten="344,241,164,251" oya="2" hai0="121,129,114,123,81,44,115,98,91,95,73,33,93" hai1="11,127,6,80,40,19,15,36,24,72,8,122,111" hai2="47,135,87,86,104,7,103,0,113,42,74,67,133" hai3="108,4,28,27,59,92,61,134,53,106,116,49,65"/><V3/><F113/><N who="0" m="43018" /><D33/><U51/><E111/><V31/><F31/><W46/><G106/><T96/><D129/><U120/><E127/><V85/><F67/><W64/><G134/><N who="2" m="51209" /><F7/><W83/><G116/><T118/><D44/><N who="1" m="23559" /><E51/><N who="2" m="27127" /><F103/><W132/><G108/><T75/><D118/><U50/><E50/><V94/><F104/><W88/><G4/><T77/><D73/><U84/><E72/><V45/><F45/><W124/><G124/><T20/><D20/><U16/><E11/><V26/><F26/><W22/><G132/><T70/><D70/><U41/><E24/><V69/><F69/><W2/><G2/><N who="2" m="553" /><F74/><W125/><G125/><T68/><D68/><U21/><E41/><V29/><F29/><W56/><G56/><T30/><D30/><U1/><E1/><V10/><F10/><W110/><G110/><T89/><AGARI ba="0,0" hai="75,77,81,89,91,93,95,96,98,121,123" m="43018" machi="89" ten="30,4000,0" yaku="34,2,52,1" doraHai="107" who="0" fromWho="0" sc="344,40,241,-10,164,-20,251,-10" /><INIT seed="3,0,0,4,2,109" ten="384,231,144,241" oya="3" hai0="46,27,108,87,50,54,55,61,57,76,65,98,74" hai1="118,4,71,3,25,99,66,19,103,16,26,132,42" hai2="32,62,8,41,134,96,77,11,15,89,60,102,119" hai3="20,91,30,82,67,88,95,125,38,59,104,21,127"/><W56/><G104/><T133/><D74/><U121/><E121/><V97/><F119/><W39/><G67/><T2/><D2/><U90/><E42/><V48/><F32/><W33/><G33/><T14/><D108/><U31/><E132/><V28/><F28/><W110/><G110/><T43/><D27/><U113/><E90/><V107/><F77/><W100/><G100/><T53/><D133/><U29/><E66/><V44/><F134/><W114/><G95/><T34/><D34/><U52/><E71/><V81/><F8/><W80/><REACH who="3" step="1"/><G30/><REACH who="3" ten="384,231,144,231" step="2"/><T63/><D65/><U120/><E29/><V84/><REACH who="2" step="1"/><F96/><REACH who="2" ten="384,231,134,231" step="2"/><W75/><G75/><T10/><D98/><U93/><E31/><V112/><F112/><AGARI ba="0,2" hai="20,21,38,39,56,59,80,82,88,91,112,114,125,127" machi="112" ten="25,18000,2" yaku="1,1,22,2,52,2,54,1,53,0" doraHai="109" doraHaiUra="83" who="3" fromWho="2" sc="384,0,231,0,134,-180,231,200" owari="384,18.0,231,-17.0,-46,-55.0,431,54.0" /></mjloggm>