<mjloggm ver="2.3"><GO type="169" lobby="0"/><UN n0="%62%75%72%65%61%36" n1="%E3%81%98%E3%81%98%E3%81%84%E3%81%8C%E5%91%BC%E3%82%93%E3%81%A0" n2="%E3%82%A2%E3%83%BC%E3%82%AF%EF%BC%AB" n3="%E9%9B%AA%E6%9C%88%E9%A2%A8%E8%8A%B1" dan="16,16,17,16" rate="2152.98,2131.32,2220.82,2205.73" sx="M,M,M,F"/><TAIKYOKU oya="0"/><INIT seed="0,0,0,3,2,4" ten="250,250,250,250" oya="0" hai0="9,79,106,122,62,99,103,132,37,98,48,96,101" hai1="10,129,42,87,6,12,78,29,76,1,72,36,75" hai2="80,53,90,108,56,47,86,83,16,131,71,130,120" hai3="77,67,89,124,24,0,100,21,11,31,93,92,109"/><T5/><D122/><U43/><E129/><V119/><F71/><W112/><G112/><T28/><D132/><U94/><E29/><V61/><F120/><W84/><G109/><T19/><D37/><U91/><E36/><V88/><F108/><W68/><G124/><T49/><D28/><U121/><E121/><V34/><F34/><W70/><G67/><T125/><D125/><U38/><E38/><V51/><F119/><W117/><G117/><T123/><D123/><U54/><E1/><V33/><F33/><W14/><G0/><T58/><D79/><N who="1" m="30251" /><E75/><V69/><F69/><W115/><G115/><T135/><D19/><U114/><E72/><V126/><F126/><W55/><G55/><T85/><D85/><N who="1" m="52591" /><E114/><V26/><F90/><W41/><G41/><T17/><D17/><U35/><E35/><V45/><F83/><W110/><G110/><T20/><D135/><U40/><E54/><V7/><F7/><W50/><G77/><T63/><D20/><U128/><E128/><N who="2" m="49195" /><F61/><W97/><REACH who="3" step="1"/><G50/><REACH who="3" ten="250,250,250,240" step="2"/><T32/><D49/><U64/><E64/><V27/><F51/><W57/><G57/><T18/><D48/><U111/><E111/><V105/><F56/><W81/><G81/><T60/><D58/><U116/><E116/><V102/><F53/><W52/><G52/><T44/><D60/><U8/><E42/><V66/><F66/><W23/><G23/><T30/><D62/><U25/><E43/><V3/><F80/><W95/><G95/><T104/><D63/><U46/><E40/><V107/><F3/><W73/><G73/><T133/><D133/><RYUUKYOKU ba="0,1" sc="250,-10,250,-10,250,-10,240,30" hai3="11,14,21,24,31,68,70,84,89,92,93,97,100" /><INIT seed="1,1,1,4,5,77" ten="240,240,240,270" oya="1" hai0="125,119,96,21,29,32,9,47,36,48,72,71,130" hai1="46,11,93,89,107,87,86,42,70,30,135,2,31" hai2="95,38,103,44,111,23,73,58,110,57,1,115,64" hai3="63,81,129,123,3,15,50,20,128,82,106,67,116"/><U27/><E107/><V80/><F1/><W13/><G123/><T26/><D119/><U14/><E135/><V134/><F134/><W74/><G116/><T85/><D125/><U55/><E2/><V61/><F115/><W117/><G106/><T105/><D130/><N who="3" m="50281" /><G74/><T39/><D72/><U51/><E70/><V35/><F35/><W66/><G3/><T118/><D71/><U34/><E31/><V98/><F58/><N who="3" m="37239" /><G67/><T97/><D118/><U131/><E131/><V62/><F62/><W7/><G50/><T28/><D39/><U133/><E133/><V84/><F73/><W92/><G92/><T17/><D36/><U79/><E42/><V18/><F44/><W12/><G117/><T91/><D105/><U100/><E100/><V24/><REACH who="2" step="1"/><F38/><REACH who="2" ten="240,240,230,270" step="2"/><W109/><G109/><T52/><D32/><U108/><E108/><V37/><F37/><W19/><G7/><T33/><D33/><U122/><E122/><V53/><F53/><W75/><G75/><T6/><D6/><N who="1" m="3447" /><E55/><V0/><F0/><W5/><G5/><T25/><D52/><U126/><E46/><V104/><F104/><W49/><G49/><T4/><D48/><U8/><E51/><V113/><F113/><W101/><G101/><T76/><D47/><U43/><E126/><V16/><F16/><W65/><G65/><T88/><D4/><U124/><E124/><V59/><F59/><W120/><G120/><T56/><D17/><U78/><E34/><V54/><F54/><W60/><G60/><T69/><D69/><U99/><E43/><V94/><F94/><W121/><G121/><RYUUKYOKU ba="1,2" sc="240,-15,240,-15,230,15,270,15" hai2="18,23,24,57,61,64,80,84,95,98,103,110,111" hai3="12,13,15,19,20,81,82" /><INIT seed="2,2,2,2,0,94" ten="225,225,245,285" oya="2" hai0="112,2,66,7,42,131,109,76,87,108,19,36,14" hai1="29,43,121,96,0,104,86,11,39,70,8,55,34" hai2="100,97,117,23,33,28,16,68,82,12,24,135,46" hai3="30,54,93,1,57,111,105,13,71,80,77,110,17"/><V44/><F117/><W21/><G105/><T102/><D112/><U59/><E70/><V114/><F114/><W79/><G71/><T128/><D66/><U119/><E119/><V122/><F122/><W134/><G1/><T4/><D42/><U49/><E121/><V10/><F68/><W38/><G38/><T120/><D36/><U3/><E34/><V20/><F135/><W118/><G134/><T72/><D72/><U127/><E29/><V51/><F82/><W90/><G30/><T56/><D56/><U63/><E39/><V69/><F69/><W65/><G65/><T52/><D52/><U107/><E86/><V58/><F58/><W85/><G118/><T25/><D102/><U124/><E0/><V53/><REACH who="2" step="1"/><F46/><REACH who="2" ten="225,225,235,285" step="2"/><W101/><G110/><T130/><D120/><U78/><E127/><V95/><AGARI ba="2,3" hai="10,12,16,20,23,24,28,33,44,51,53,95,97,100" machi="95" ten="20,18000,2" yaku="1,1,2,1,0,1,7,1,52,1,54,1,53,1" doraHai="94" doraHaiUra="88" who="2" fromWho="2" sc="225,-62,225,-62,235,216,285,-62" /><INIT seed="2,3,0,2,2,55" ten="163,163,451,223" oya="2" hai0="69,22,94,123,12,27,48,47,24,62,92,68,43" hai1="116,50,81,96,57,37,58,128,26,38,82,76,54" hai2="105,53,17,18,117,32,132,129,67,72,5,44,11" hai3="122,91,15,89,20,95,73,109,30,101,134,39,108"/><V8/><F105/><W99/><G122/><T60/><D123/><U118/><E128/><V88/><F72/><W21/><G73/><T23/><D12/><U51/><E96/><V29/><F117/><W35/><G39/><T130/><D130/><U131/><E54/><V33/><F129/><W135/><G35/><T66/><D69/><U126/><E131/><V93/><F67/><W14/><G30/><T85/><D62/><U40/><E40/><V124/><F124/><W65/><G99/><T100/><D85/><U61/><E61/><V0/><F132/><W7/><G95/><T83/><D83/><U70/><E26/><V127/><F127/><W41/><G41/><T2/><D2/><U56/><E56/><V34/><F29/><W71/><G7/><T28/><D100/><U107/><E126/><V74/><F74/><W90/><G90/><T111/><D111/><U86/><E86/><V63/><F8/><W4/><G4/><T133/><D133/><U79/><E70/><V19/><F63/><W119/><G71/><T6/><D6/><U110/><E110/><V104/><F104/><AGARI ba="3,0" hai="37,38,50,51,57,58,76,79,81,82,104,107,116,118" machi="104" ten="25,6400,0" yaku="22,2,52,2" doraHai="55" who="1" fromWho="2" sc="163,0,163,73,451,-73,223,0" /><INIT seed="3,0,0,3,2,80" ten="163,236,378,223" oya="3" hai0="26,66,74,32,47,23,121,132,78,9,70,75,46" hai1="87,37,59,73,35,63,110,39,94,34,33,10,127" hai2="115,22,106,16,135,93,107,130,31,81,65,19,116" hai3="125,123,45,14,91,89,3,38,92,72,43,40,60"/><W50/><G123/><T21/><D121/><U24/><E73/><V124/><F116/><W7/><G72/><T5/><D132/><U18/><E110/><V85/><F115/><W48/><G125/><T0/><D32/><U112/><E112/><V83/><F124/><W4/><G3/><T100/><D100/><U105/><E105/><V114/><F114/><W30/><G30/><T61/><D23/><U122/><E122/><V120/><F106/><W129/><G129/><T68/><D68/><U2/><E127/><V62/><F107/><W41/><G60/><T131/><D131/><U117/><E117/><V90/><F120/><W99/><G38/><T11/><D11/><U95/><E2/><V98/><F83/><W108/><G108/><T12/><D0/><U49/><E39/><V44/><F44/><W118/><G118/><T8/><D8/><U67/><E37/><V15/><F135/><W55/><G14/><T88/><D78/><U134/><E134/><V111/><F111/><W20/><G20/><T6/><D6/><N who="3" m="2089" /><G91/><T54/><D88/><U28/><E34/><V56/><F130/><W97/><G99/><T71/><D71/><U104/><E35/><V69/><F69/><W51/><AGARI ba="0,0" hai="40,41,43,45,48,50,51,55,89,92,97" m="2089" machi="51" ten="30,1500,0" yaku="8,1" doraHai="80" who="3" fromWho="3" sc="163,-5,236,-5,378,-5,223,15" /><INIT seed="3,1,0,3,5,113" ten="158,231,373,238" oya="3" hai0="114,81,75,103,99,124,121,21,105,12,44,48,6" hai1="106,83,14,39,18,85,132,55,24,133,65,69,86" hai2="130,22,108,9,53,126,84,71,102,122,76,78,19" hai3="56,41,94,109,127,37,58,63,101,118,38,64,59"/><W4/><G4/><T70/><D121/><U52/><E106/><V51/><F71/><N who="3" m="42399" /><G101/><T62/><D114/><U98/><E39/><N who="3" m="14858" /><G94/><T8/><D21/><U26/><E65/><V115/><F115/><W131/><G131/><T125/><D75/><U128/><E69/><V79/><F130/><W50/><G127/><T5/><D81/><U111/><E98/><V17/><F126/><W35/><G35/><T104/><D104/><U7/><E7/><V23/><F102/><W29/><G29/><T67/><REACH who="0" step="1"/><D6/><REACH who="0" ten="148,231,373,238" step="2"/><U129/><E129/><V89/><F122/><W95/><G95/><T87/><D87/><U46/><E128/><V61/><F22/><W57/><G109/><T88/><D88/><U73/><E111/><V82/><F108/><W47/><N who="3" m="14336" /><DORA hai="33" /><W135/><G135/><T117/><D117/><AGARI ba="1,1" hai="41,47,50,117,118" m="14336,14858,42399" machi="117" ten="50,12000,1" yaku="34,2,52,2" doraHai="113,33" who="3" fromWho="0" sc="148,-123,231,0,373,0,238,133" /><INIT seed="3,2,0,3,3,98" ten="25,231,373,371" oya="3" hai0="32,132,78,94,15,109,47,38,24,99,125,131,133" hai1="19,114,87,4,67,102,107,27,113,35,117,8,34" hai2="92,63,13,46,122,116,95,42,134,64,12,36,121" hai3="54,29,55,62,17,31,75,56,103,10,22,23,68"/><W21/><G75/><T124/><D109/><U91/><E117/><V84/><F116/><W100/><G68/><T53/><D78/><U28/><E35/><V82/><F134/><N who="0" m="51818" /><D15/><U127/><E127/><N who="0" m="48713" /><D24/><U111/><E67/><V40/><F40/><W97/><G97/><T106/><D32/><U86/><E111/><V58/><F13/><N who="3" m="7351" /><G54/><T14/><D14/><U104/><E19/><V96/><F12/><W39/><G39/><T18/><D18/><U52/><E8/><V101/><F92/><W129/><G29/><T110/><D110/><U65/><E107/><V7/><REACH who="2" step="1"/><F7/><REACH who="2" ten="25,231,363,371" step="2"/><W49/><G31/><T20/><D20/><U45/><E4/><V126/><F126/><W5/><G5/><T73/><D73/><U11/><E104/><V120/><F120/><W33/><G33/><T119/><D119/><U57/><E34/><V2/><F2/><W112/><G22/><T1/><D1/><U128/><E11/><V83/><F83/><W60/><G21/><T79/><D106/><U61/><E27/><V26/><F26/><W123/><G23/><T130/><D79/><AGARI ba="2,1" hai="36,42,46,58,63,64,79,82,84,95,96,101,121,122" machi="79" ten="40,2600,0" yaku="1,1,52,1,53,0" doraHai="98" doraHaiUra="16" who="2" fromWho="0" sc="25,-32,231,0,363,42,371,0" owari="-7,-51.0,231,-17.0,405,51.0,371,17.0" /></mjloggm>