<mjloggm ver="2.3"><GO type="169" lobby="0"/><UN n0="%E5%AE%9F%E5%AD%98" n1="%4D%6F%6E%6F%69%64" n2="%E3%81%A4%E3%82%80%E3%81%90" n3="%52%59%4F%40%53%53" dan="17,16,16,18" rate="2163.80,2146.06,2059.32,2213.17" sx="M,F,M,M"/><TAIKYOKU oya="0"/><INIT seed="0,0,0,2,0,38" ten="250,250,250,250" oya="0" hai0="130,120,54,2,116,40,98,39,79,57,50,49,88" hai1="89,56,84,94,9,90,67,68,113,125,107,80,111" hai2="45,99,51,3,53,32,28,132,27,126,18,87,112" hai3="85,37,92,60,13,58,108,83,96,121,65,33,44"/><T4/><D120/><U77/><E68/><V62/><F112/><W36/><G33/><T24/><D116/><U104/><E9/><V122/><F122/><W23/><G108/><T15/><D2/><U6/><E6/><V82/><F3/><W43/><G121/><T81/><D130/><U72/><E67/><V26/><F126/><W74/><G74/><T103/><D39/><U63/><E56/><V93/><F132/><W16/><G37/><T14/><D4/><U133/><E63/><V75/><F75/><W78/><G92/><N who="0" m="56583" /><D103/><U73/><E111/><V109/><F109/><W101/><G96/><T123/><D123/><U110/><E110/><V106/><F62/><W7/><G101/><T19/><D79/><U118/><E118/><V102/><F18/><W128/><REACH who="3" step="1"/><G7/><REACH who="3" ten="250,250,250,240" step="2"/><T47/><D81/><U71/><E113/><V52/><F93/><W48/><G48/><T129/><D129/><AGARI ba="0,1" hai="13,16,23,36,43,44,58,60,65,78,83,85,128,129" machi="129" ten="40,5200,0" yaku="1,1,52,1,54,1,53,0" doraHai="38" doraHaiUra="31" who="3" fromWho="0" sc="250,-52,250,0,250,0,240,62" /><INIT seed="1,0,0,5,4,114" ten="198,250,250,302" oya="1" hai0="132,98,32,56,1,106,45,104,116,107,110,49,72" hai1="86,21,44,73,40,82,6,95,38,20,131,94,5" hai2="59,71,75,122,46,134,129,0,25,12,63,88,92" hai3="52,11,83,27,115,4,112,42,113,133,87,81,53"/><U121/><E121/><V127/><F0/><W8/><G133/><T66/><D32/><U130/><E73/><V65/><F75/><W39/><G27/><T108/><D1/><U109/><E109/><V14/><F122/><W102/><G102/><T96/><D72/><U7/><E95/><V99/><F134/><W97/><G97/><T89/><D132/><U28/><E94/><V67/><F129/><N who="1" m="49161" /><E28/><V90/><F127/><W123/><G123/><T78/><D78/><AGARI ba="0,0" hai="5,6,7,20,21,38,40,44,78,82,86" m="49161" machi="78" ten="30,1500,0" yaku="19,1" doraHai="114" who="1" fromWho="0" sc="198,-15,250,15,250,0,302,0" /><INIT seed="1,1,0,1,5,59" ten="183,265,250,302" oya="1" hai0="97,50,13,58,94,37,4,69,45,86,129,131,75" hai1="61,120,34,1,134,14,66,41,22,81,83,76,68" hai2="60,124,33,35,49,89,6,20,77,39,88,47,101" hai3="17,21,80,91,93,112,119,132,114,85,70,117,64"/><U130/><E120/><V73/><F101/><W111/><G132/><T115/><D75/><U123/><E123/><V62/><F39/><W3/><G3/><T19/><D69/><U102/><E1/><V26/><F6/><W51/><G111/><T90/><D115/><U2/><E2/><V12/><F12/><W135/><G135/><T42/><D4/><U31/><E134/><V100/><F100/><W103/><G51/><T54/><REACH who="0" step="1"/><D97/><REACH who="0" ten="173,265,250,302" step="2"/><U27/><E68/><V122/><F73/><W23/><G70/><T5/><D5/><U106/><E130/><V82/><F122/><W96/><G114/><T116/><D116/><U104/><E104/><V7/><F7/><W95/><G112/><T25/><D25/><U30/><E106/><V53/><F124/><W133/><G133/><T10/><AGARI ba="1,1" hai="10,13,19,37,42,45,50,54,58,86,90,94,129,131" machi="10" ten="30,2000,0" yaku="1,1,0,1,53,0" doraHai="59" doraHaiUra="128" who="0" fromWho="0" sc="173,33,265,-11,250,-6,302,-6" /><INIT seed="2,0,0,2,5,38" ten="206,254,244,296" oya="2" hai0="91,3,31,77,17,85,55,93,62,78,107,69,96" hai1="112,99,30,95,70,4,115,103,41,34,111,128,39" hai2="45,49,50,135,5,118,110,57,56,98,126,8,102" hai3="134,130,100,12,89,133,71,35,58,46,131,6,18"/><V94/><F118/><W82/><G71/><T76/><D3/><U32/><E70/><V28/><F126/><W48/><G35/><T67/><D31/><U54/><E111/><V124/><F124/><W61/><G6/><T83/><D55/><U116/><E116/><V60/><F110/><W53/><G100/><T122/><D122/><U16/><E128/><N who="3" m="49194" /><G89/><T92/><D92/><U81/><E4/><V79/><F135/><W80/><G80/><T29/><D29/><U64/><E64/><V90/><F79/><W84/><G84/><T108/><D108/><U59/><E115/><V7/><F28/><W66/><G82/><T22/><REACH who="0" step="1"/><D107/><REACH who="0" ten="196,254,244,296" step="2"/><U52/><E30/><V20/><F94/><W75/><G75/><T73/><D73/><U44/><E54/><V127/><F127/><W86/><G86/><T65/><D65/><U10/><E52/><V87/><F87/><W97/><G97/><T120/><D120/><U19/><E99/><V11/><F98/><W37/><G66/><T26/><AGARI ba="0,1" hai="17,22,26,62,67,69,76,77,78,83,85,91,93,96" machi="26" ten="20,2700,0" yaku="1,1,0,1,7,1,53,0" doraHai="38" doraHaiUra="129" who="0" fromWho="0" sc="196,37,254,-7,244,-13,296,-7" /><INIT seed="3,0,0,0,5,121" ten="233,247,231,289" oya="3" hai0="13,115,17,129,49,25,43,57,111,81,60,72,31" hai1="94,104,30,77,114,100,28,5,1,35,122,83,45" hai2="14,62,67,58,109,20,23,85,120,76,56,74,98" hai3="124,102,106,79,128,53,134,78,123,133,116,113,65"/><W135/><G65/><T6/><D129/><U87/><E114/><V130/><F130/><W118/><G53/><T10/><D115/><U2/><E122/><V55/><F120/><W19/><G19/><T36/><D36/><U88/><E35/><V132/><F132/><W131/><G123/><T105/><D105/><U89/><E1/><V82/><F109/><W96/><G113/><T68/><D68/><U26/><E45/><V90/><F14/><W110/><G110/><T73/><D111/><U61/><E61/><V15/><F15/><W112/><G124/><T22/><D81/><U126/><E126/><V80/><REACH who="2" step="1"/><F98/><REACH who="2" ten="233,247,221,289" step="2"/><W93/><G112/><T12/><D12/><U24/><E2/><V39/><F39/><W52/><G131/><T38/><D38/><U101/><E24/><V125/><F125/><W97/><G128/><T32/><D10/><U69/><E26/><V42/><F42/><W46/><G118/><T3/><D3/><U64/><E5/><V99/><F99/><W34/><G116/><T103/><D6/><U21/><E69/><V37/><F37/><W51/><REACH who="3" step="1"/><G34/><REACH who="3" ten="233,247,221,279" step="2"/><T0/><D32/><U4/><E4/><V95/><F95/><W27/><G27/><T117/><D25/><U54/><E94/><V48/><AGARI ba="0,2" hai="20,23,48,55,56,58,62,67,74,76,80,82,85,90" machi="48" ten="20,5200,0" yaku="1,1,0,1,7,1,53,1" doraHai="121" doraHaiUra="75" who="2" fromWho="2" sc="233,-13,247,-13,221,72,279,-26" /><INIT seed="4,0,0,0,3,15" ten="220,234,293,253" oya="0" hai0="82,99,41,38,70,12,44,126,7,98,71,124,35" hai1="80,16,59,117,27,121,87,26,17,47,10,131,67" hai2="111,78,11,112,37,92,39,65,0,53,20,8,97" hai3="77,106,93,62,76,34,127,52,132,5,69,2,104"/><T79/><D35/><U113/><E117/><V61/><F111/><W129/><G34/><T130/><D130/><U119/><E119/><V81/><F112/><W135/><G129/><T118/><D118/><U83/><E131/><V21/><F39/><W120/><G120/><T31/><D31/><U72/><E121/><V64/><F37/><W25/><G127/><N who="0" m="48683" /><D7/><U123/><E123/><V6/><F11/><W84/><G5/><T88/><D12/><U18/><E113/><V63/><F53/><W128/><G2/><T85/><D79/><U125/><E125/><V33/><F63/><W100/><G128/><T30/><D30/><U75/><E75/><V19/><F65/><W57/><G76/><T40/><D40/><U9/><E72/><V74/><F33/><W45/><G77/><T102/><D99/><U22/><E47/><V90/><REACH who="2" step="1"/><F19/><REACH who="2" ten="220,234,283,253" step="2"/><N who="1" m="7241" /><E27/><V28/><F28/><W94/><G25/><T122/><D122/><U115/><E115/><V49/><F49/><W42/><G62/><T32/><D32/><U43/><E43/><V133/><F133/><W96/><G42/><T110/><D110/><U56/><E67/><V29/><F29/><W23/><G135/><T51/><D38/><U116/><E116/><V46/><F46/><W108/><G45/><T66/><D66/><U58/><E87/><V48/><F48/><W103/><G132/><T24/><D24/><U91/><E91/><V3/><F3/><W13/><G108/><T50/><D50/><U68/><E68/><AGARI ba="0,1" hai="0,6,8,20,21,61,64,68,74,78,81,90,92,97" machi="68" ten="30,3900,0" yaku="1,1,7,1,53,1" doraHai="15" doraHaiUra="60" who="2" fromWho="1" sc="220,0,234,-39,283,49,253,0" /><INIT seed="5,0,0,2,1,86" ten="220,195,332,253" oya="1" hai0="0,1,50,95,55,57,87,85,12,73,108,35,69" hai1="44,112,119,121,6,40,97,56,30,124,23,79,66" hai2="88,77,127,25,17,65,48,75,54,67,52,98,68" hai3="116,107,22,128,38,130,11,32,71,39,63,122,28"/><U31/><E119/><V96/><F127/><W123/><G22/><T133/><D73/><U26/><E121/><N who="3" m="46090" /><G11/><T118/><D118/><U61/><E124/><V111/><F77/><W89/><G89/><T102/><D108/><U4/><E112/><V19/><F75/><W80/><G80/><T131/><D35/><U53/><E31/><V20/><F68/><W126/><G126/><T132/><D69/><U103/><E79/><V27/><F48/><W74/><G74/><T113/><D113/><U49/><REACH who="1" step="1"/><E40/><REACH who="1" ten="220,185,332,253" step="2"/><V2/><F111/><W58/><G28/><T110/><D110/><U14/><E14/><V51/><F2/><W134/><G116/><T33/><D0/><U5/><E5/><V70/><F25/><W7/><G7/><T16/><D1/><U64/><E64/><V135/><F65/><W8/><G128/><T46/><D131/><U41/><E41/><V42/><F42/><W10/><G130/><T92/><D12/><U36/><E36/><V29/><F67/><W104/><G39/><T120/><D120/><U125/><E125/><V43/><F43/><W47/><G38/><T34/><D132/><U72/><E72/><V129/><F29/><W18/><G134/><T84/><D133/><U59/><E59/><V101/><F135/><W100/><G58/><T91/><D57/><U93/><AGARI ba="0,1" hai="4,6,23,26,30,44,49,53,56,61,66,93,97,103" machi="93" ten="20,18000,2" yaku="1,1,0,1,7,1,25,2,8,1,53,1" doraHai="86" doraHaiUra="24" who="1" fromWho="1" sc="220,-60,185,190,332,-60,253,-60" /><INIT seed="5,1,0,0,1,54" ten="160,375,272,193" oya="1" hai0="82,121,80,69,114,71,73,1,28,130,96,108,112" hai1="8,16,88,53,42,79,65,85,9,99,23,128,59" hai2="109,31,68,64,14,0,33,43,120,22,10,20,117" hai3="131,50,124,77,106,46,70,5,102,94,66,126,19"/><U86/><E128/><V93/><F68/><W97/><G131/><T2/><D130/><U90/><E42/><V47/><F117/><W133/><G133/><T116/><D116/><U113/><E113/><N who="0" m="43625" /><D28/><U61/><E65/><V4/><F109/><W26/><G77/><T110/><D73/><U52/><E53/><V12/><F64/><W119/><G5/><T57/><D96/><U25/><E79/><V41/><F41/><W123/><G123/><T111/><D121/><U74/><E74/><V39/><F93/><W3/><G3/><N who="0" m="1035" /><D57/><U30/><E30/><V72/><F120/><W104/><G119/><T40/><D40/><U44/><E44/><V6/><F6/><W100/><G70/><AGARI ba="1,0" hai="69,70,71,80,82,108,110,111" m="1035,43625" machi="70" ten="40,5200,0" yaku="28,2,15,1" doraHai="54" who="0" fromWho="3" sc="160,55,375,0,272,0,193,-55" /><INIT seed="6,0,0,3,4,80" ten="215,375,272,138" oya="2" hai0="56,57,17,5,101,114,122,81,36,28,25,126,45" hai1="89,71,102,22,82,119,58,39,62,79,3,129,112" hai2="98,134,120,104,108,63,31,85,61,117,133,110,13" hai3="59,113,1,4,46,103,68,99,92,43,24,40,30"/><V93/><F117/><W87/><G68/><T49/><D122/><U7/><E119/><V34/><F120/><W48/><G113/><T35/><D36/><U27/><E71/><V66/><F104/><W60/><G1/><T70/><D70/><U53/><E39/><V127/><F127/><W10/><G10/><T116/><D116/><U123/><E123/><V125/><F125/><W131/><G131/><T115/><D126/><U111/><E111/><V12/><F31/><W73/><G73/><T88/><D101/><U0/><E112/><N who="0" m="43049" /><D5/><U94/><E129/><V15/><F34/><W19/><G4/><T41/><D17/><N who="1" m="12751" /><E102/><V95/><F98/><W14/><G43/><T100/><D100/><U109/><E109/><N who="2" m="42091" /><F85/><AGARI ba="0,0" hai="25,28,35,41,45,49,56,57,81,85,88" m="43049" machi="85" ten="30,3900,0" yaku="15,1,52,1,54,1" doraHai="80" who="0" fromWho="2" sc="215,39,375,0,272,-39,138,0" /><INIT seed="7,0,0,4,4,109" ten="254,375,233,138" oya="3" hai0="115,126,1,31,90,100,113,91,6,74,0,82,84" hai1="118,20,129,108,71,125,127,33,57,98,72,65,27" hai2="39,112,9,86,45,99,50,8,35,106,81,102,79" hai3="110,29,36,103,42,131,88,63,26,46,37,135,111"/><W40/><G103/><T47/><D126/><N who="1" m="48139" /><E108/><N who="3" m="41514" /><G131/><T83/><D100/><U55/><E129/><V49/><F49/><N who="3" m="26823" /><G42/><T15/><D47/><U21/><E118/><V28/><F112/><N who="0" m="43082" /><D31/><N who="1" m="19711" /><E72/><V124/><F39/><W68/><G135/><T19/><D6/><U17/><E98/><V34/><F124/><W123/><G123/><T51/><D51/><N who="1" m="30975" /><E17/><V16/><F102/><W59/><G68/><T52/><D52/><U128/><E128/><V48/><F45/><W95/><G63/><AGARI ba="0,0" hai="20,21,63,65,71" m="30975,19711,48139" machi="63" ten="30,1000,0" yaku="18,1" doraHai="109" who="1" fromWho="3" sc="254,0,375,10,233,0,138,-10" owari="254,5.0,385,49.0,233,-17.0,128,-37.0" /></mjloggm>