<mjloggm ver="2.3"><GO type="169" lobby="0"/><UN n0="%E3%81%B4%E3%81%8A%E3%81%B4%E3%81%8A%EF%BC%91%EF%BC%91" n1="%E3%81%A9%E3%81%8F%E3%81%A1%E3%81%8F%E3%82%8F" n2="%E8%87%AA%E6%83%9A%E3%82%8C%E3%83%AA%E3%83%BC%E3%83%81" n3="%4C%69%53%41" dan="18,16,16,16" rate="2311.91,2094.15,2072.93,2175.11" sx="M,M,M,F"/><TAIKYOKU oya="0"/><INIT seed="0,0,0,1,2,94" ten="250,250,250,250" oya="0" hai0="97,113,6,126,30,104,133,119,60,37,49,5,112" hai1="131,87,64,50,12,111,51,58,54,68,108,107,53" hai2="46,117,59,18,62,21,122,82,110,13,77,135,78" hai3="39,93,23,75,127,2,63,47,128,109,3,130,72"/><T90/><D119/><U7/><E107/><V26/><F110/><W123/><G109/><N who="1" m="42058" /><E87/><V79/><F135/><W41/><G127/><T91/><D37/><U96/><E12/><V32/><F122/><W115/><G115/><T120/><D120/><U43/><E7/><V42/><F117/><W25/><G63/><T31/><D133/><U65/><E131/><N who="3" m="50218" /><G123/><T69/><D126/><U114/><E96/><V16/><F32/><W45/><G45/><T35/><D35/><U118/><E43/><V38/><F82/><W20/><G20/><T88/><D104/><U24/><E24/><V101/><F101/><W33/><G93/><T83/><D83/><U66/><E118/><V57/><REACH who="2" step="1"/><F62/><REACH who="2" ten="250,250,240,250" step="2"/><W99/><G33/><T0/><D60/><N who="1" m="40007" /><E114/><V34/><F34/><W70/><G72/><T95/><D112/><U11/><E11/><AGARI ba="0,1" hai="11,13,16,18,21,26,38,42,46,57,59,77,78,79" machi="11" ten="40,2600,0" yaku="1,1,54,1,53,0" doraHai="94" doraHaiUra="67" who="2" fromWho="1" sc="250,0,250,-26,240,36,250,0" /><INIT seed="1,0,0,4,5,38" ten="250,224,276,250" oya="1" hai0="59,107,49,35,132,30,56,8,37,78,40,65,24" hai1="127,130,28,119,62,84,118,73,98,27,129,93,91" hai2="94,124,50,80,51,126,92,95,125,79,67,15,16" hai3="133,123,52,88,74,55,34,19,9,2,71,86,53"/><U14/><E73/><V90/><F90/><W46/><G123/><T63/><D132/><U17/><E127/><V113/><F67/><W100/><G74/><T22/><D107/><U104/><E62/><V87/><REACH who="2" step="1"/><F113/><REACH who="2" ten="250,224,266,250" step="2"/><W31/><G88/><T4/><D78/><U25/><E118/><V26/><F26/><W108/><G133/><T60/><D65/><U69/><E119/><V36/><F36/><W33/><G100/><T134/><D37/><U10/><E69/><V12/><F12/><W64/><G71/><T3/><D134/><U7/><E27/><V131/><F131/><N who="1" m="50185" /><E7/><V29/><F29/><W13/><G31/><T43/><D24/><U110/><E110/><V5/><F5/><W54/><G64/><T77/><D30/><U1/><E1/><V122/><F122/><W66/><G66/><T101/><D3/><U21/><E104/><V109/><F109/><W75/><G108/><T82/><D4/><U48/><E48/><V44/><F44/><W121/><G46/><T114/><D49/><U6/><E6/><V23/><AGARI ba="0,1" hai="15,16,23,50,51,79,80,87,92,94,95,124,125,126" machi="23" ten="40,12000,2" yaku="1,1,0,1,18,1,54,1,53,2" doraHai="38" doraHaiUra="47" who="2" fromWho="2" sc="250,-30,224,-60,266,130,250,-30" /><INIT seed="2,0,0,5,1,58" ten="220,164,396,220" oya="2" hai0="51,95,49,38,36,24,89,122,120,60,10,104,100" hai1="57,113,2,103,128,16,82,20,107,91,15,12,35" hai2="9,66,53,119,133,6,17,130,87,121,63,37,30" hai3="22,70,50,62,0,19,131,134,96,7,41,42,73"/><V68/><F130/><W77/><G131/><T111/><D111/><U39/><E128/><V85/><F133/><W88/><G134/><T74/><D74/><U78/><E39/><V118/><F30/><W28/><G28/><T29/><D38/><U26/><E113/><V116/><F37/><W27/><G73/><T132/><D36/><U4/><E91/><V47/><F17/><W23/><G77/><T13/><D132/><U64/><E2/><V34/><F34/><W90/><G23/><T112/><D112/><U56/><E35/><V59/><F47/><W115/><G50/><T101/><D104/><U76/><E76/><V44/><F44/><W129/><G115/><T40/><D40/><U110/><E56/><V14/><F121/><W135/><G90/><T81/><D81/><U11/><E110/><V72/><F72/><W5/><G135/><T99/><D120/><U65/><E15/><V109/><F109/><W43/><G0/><T98/><D89/><U108/><E108/><V54/><F54/><W102/><G129/><T105/><D60/><U61/><E103/><V86/><F119/><W79/><G79/><T32/><D122/><U45/><E107/><V3/><F3/><W48/><G48/><T75/><D75/><U117/><E117/><V114/><F114/><W67/><REACH who="3" step="1"/><G88/><REACH who="3" ten="220,164,396,210" step="2"/><T94/><REACH who="0" step="1"/><D105/><AGARI ba="0,1" hai="5,7,19,22,27,41,42,43,62,67,70,96,102,105" machi="105" ten="40,5200,0" yaku="1,1,2,1,52,1,53,0" doraHai="58" doraHaiUra="69" who="3" fromWho="0" sc="220,-52,164,0,396,0,210,62" /><INIT seed="3,0,0,5,3,10" ten="168,164,396,272" oya="3" hai0="111,47,71,28,134,40,79,3,108,69,94,30,114" hai1="63,104,17,133,121,9,67,81,48,51,115,24,19" hai2="64,46,95,110,59,84,43,61,123,66,90,78,75" hai3="36,89,101,42,131,91,15,14,62,50,37,74,72"/><W44/><G101/><T11/><D134/><U129/><E115/><V76/><F110/><N who="0" m="42026" /><D94/><U27/><E121/><V18/><F123/><W126/><G131/><T85/><D114/><U53/><E129/><V38/><F75/><W112/><G112/><T127/><D127/><U68/><E133/><V105/><F105/><W96/><G62/><T58/><D58/><U106/><E51/><V16/><F64/><W8/><G126/><T33/><D85/><U130/><E130/><V34/><F34/><W31/><G31/><N who="0" m="11819" /><D79/><U87/><E17/><V52/><F78/><W82/><G96/><T117/><D117/><U119/><E119/><V60/><F76/><W132/><G132/><T65/><D65/><U35/><E104/><V116/><F116/><W57/><G57/><AGARI ba="0,0" hai="16,18,38,43,46,52,57,59,60,61,66,84,90,95" machi="57" ten="30,3900,0" yaku="7,1,54,2" doraHai="10" who="2" fromWho="3" sc="168,0,164,0,396,39,272,-39" /><INIT seed="4,0,0,5,0,92" ten="168,164,435,233" oya="0" hai0="73,122,126,5,64,109,99,22,47,123,20,62,14" hai1="120,60,97,45,98,12,95,101,57,11,132,52,121" hai2="68,16,61,9,44,3,38,55,93,21,1,34,29" hai3="27,7,41,58,129,76,85,25,26,106,42,78,90"/><T74/><D126/><U125/><E125/><V86/><F34/><W133/><G106/><T17/><D109/><U119/><E132/><V116/><F29/><W131/><G7/><T2/><D22/><U33/><E33/><V69/><F3/><W40/><G133/><T135/><D135/><U66/><E119/><V82/><F1/><W24/><G24/><T111/><D111/><U94/><E45/><V4/><F9/><W88/><G58/><T103/><D47/><U100/><E66/><V0/><F0/><W117/><G117/><T23/><D23/><U46/><E46/><V104/><F104/><W18/><G18/><AGARI ba="0,0" hai="11,12,18,52,57,60,94,95,97,98,100,101,120,121" machi="18" ten="30,8000,1" yaku="7,1,9,1,52,2,54,1" doraHai="92" who="1" fromWho="3" sc="168,0,164,80,435,0,233,-80" /><INIT seed="5,0,0,5,3,72" ten="168,244,435,153" oya="1" hai0="114,58,117,75,59,43,113,65,104,105,6,21,118" hai1="8,47,66,123,99,102,98,33,2,57,119,132,26" hai2="9,93,88,73,130,38,107,79,83,96,126,120,40" hai3="10,94,135,95,85,60,89,29,23,69,52,70,62"/><U124/><E123/><V28/><F130/><W50/><G135/><T54/><D75/><U67/><E119/><N who="0" m="45577" /><D6/><U37/><E124/><V116/><F38/><W15/><G70/><T22/><D43/><U110/><E132/><V111/><F40/><W76/><G69/><T34/><D65/><U32/><E37/><V101/><F111/><W46/><G94/><T97/><D54/><U109/><E47/><V115/><F126/><W0/><G0/><T121/><D97/><N who="1" m="36875" /><E57/><N who="0" m="21513" /><D34/><N who="1" m="13419" /><E26/><V24/><F120/><W125/><G125/><T25/><D25/><U133/><E133/><V90/><F116/><W100/><G100/><T42/><D42/><U127/><E102/><V92/><F92/><W11/><G76/><T5/><D5/><U91/><E127/><V68/><F68/><W20/><G11/><T1/><D1/><U18/><E8/><V36/><F36/><W55/><G55/><T35/><D35/><U87/><E2/><V64/><F64/><W16/><G29/><T84/><D84/><U48/><E67/><V63/><F9/><W74/><G74/><T4/><D4/><U128/><E66/><V134/><F134/><W71/><G71/><T122/><D22/><AGARI ba="0,0" hai="10,15,16,20,22,23,46,50,52,60,62,85,89,95" machi="22" ten="40,5200,0" yaku="8,1,54,2" doraHai="72" who="3" fromWho="0" sc="168,-52,244,0,435,0,153,52" /><INIT seed="6,0,0,1,4,111" ten="116,244,435,205" oya="2" hai0="61,64,10,130,57,11,5,24,132,122,100,112,30" hai1="91,41,7,19,59,65,70,85,62,73,43,103,60" hai2="23,58,71,55,121,102,97,48,117,44,80,66,109" hai3="101,56,119,135,92,33,133,14,50,95,20,46,76"/><V118/><F121/><W0/><G0/><T99/><D130/><U13/><E73/><V6/><F109/><W116/><G33/><T3/><D132/><N who="3" m="50761" /><G76/><T107/><D122/><U9/><E103/><V114/><F6/><W12/><G56/><T27/><D11/><U32/><E19/><V84/><F23/><W54/><G101/><T69/><D27/><U35/><E35/><V113/><F71/><W51/><G51/><T78/><D78/><U88/><E91/><N who="2" m="51591" /><F58/><W29/><G14/><T129/><D129/><U1/><E1/><V17/><F66/><W74/><G74/><T39/><D57/><N who="1" m="37071" /><E32/><V86/><F86/><W82/><G82/><T42/><D24/><U105/><E105/><V134/><F17/><N who="3" m="10279" /><G29/><T47/><REACH who="0" step="1"/><D30/><REACH who="0" ten="106,244,435,205" step="2"/><U37/><E70/><V53/><F134/><W77/><G77/><T45/><D45/><U96/><E59/><V52/><F44/><W131/><G131/><T89/><D89/><U40/><E60/><V81/><F102/><W128/><G128/><T67/><D67/><U34/><E9/><V115/><F118/><AGARI ba="0,1" hai="46,50,54,92,95,116,118,119" m="10279,50761" machi="118" ten="30,1000,0" yaku="20,1" doraHai="111" who="3" fromWho="2" sc="106,0,244,0,435,-10,205,20" /><INIT seed="7,0,0,0,4,2" ten="106,244,425,225" oya="3" hai0="61,112,89,107,128,108,97,76,73,21,126,45,16" hai1="7,129,100,69,78,85,81,4,51,63,53,46,64" hai2="95,109,119,47,22,116,113,102,120,56,110,118,49" hai3="41,28,106,133,75,86,11,9,18,117,57,74,34"/><W58/><G106/><T17/><D108/><U3/><E3/><V55/><F102/><W105/><G105/><T123/><D123/><U115/><E115/><V1/><F1/><W121/><G41/><T0/><D128/><U125/><E129/><V23/><F95/><W37/><G37/><T8/><D126/><U12/><E125/><V65/><F23/><W25/><G117/><T111/><D111/><N who="2" m="42506" /><F22/><W77/><G121/><T80/><D112/><U48/><E100/><V134/><F113/><W39/><G39/><T98/><D107/><U20/><E20/><V13/><F13/><W104/><G133/><T71/><D89/><U127/><E12/><V15/><F15/><W32/><G18/><T90/><D90/><U79/><E127/><V82/><F82/><W103/><G86/><T87/><D87/><U66/><E79/><V130/><F130/><W59/><G34/><T93/><D45/><U132/><E132/><V131/><F131/><W88/><G88/><T5/><D93/><U40/><E66/><V44/><F134/><W38/><G38/><T101/><D101/><U50/><E50/><V42/><F120/><W70/><G70/><T92/><D92/><U67/><E67/><V19/><F19/><W6/><G77/><T124/><D124/><U72/><E85/><V35/><F35/><W99/><G11/><T54/><D17/><U52/><E40/><V27/><F119/><W14/><AGARI ba="0,0" hai="6,9,14,25,28,32,57,58,59,74,75,99,103,104" machi="14" ten="30,3000,0" yaku="0,1,52,1" doraHai="2" who="3" fromWho="3" sc="106,-10,244,-10,425,-10,225,30" /><INIT seed="7,1,0,1,1,120" ten="96,234,415,255" oya="3" hai0="0,70,114,93,131,127,125,41,42,75,61,84,29" hai1="7,23,48,90,66,60,46,51,31,63,87,57,68" hai2="101,53,14,34,81,115,124,104,64,106,13,128,67" hai3="74,129,85,32,94,59,88,92,96,6,82,118,4"/><W134/><G118/><T44/><D0/><U45/><E7/><V30/><F34/><W91/><G32/><T9/><D75/><U99/><E99/><V135/><F115/><W116/><G116/><T133/><D29/><U73/><E73/><V62/><F30/><W69/><G69/><T38/><D9/><U11/><E11/><V27/><F135/><W52/><G134/><T19/><D19/><U119/><E119/><V37/><F27/><W72/><G129/><T1/><D1/><U58/><E31/><V112/><F37/><W16/><G74/><T54/><D93/><U122/><E122/><V56/><F101/><W107/><G107/><T36/><D84/><U126/><E126/><V50/><F124/><W103/><G16/><T17/><D17/><U95/><E23/><V79/><F112/><W26/><G26/><T111/><D133/><U105/><E105/><V25/><F25/><W49/><G72/><T113/><D131/><U86/><E86/><AGARI ba="1,0" hai="4,6,49,52,59,82,85,86,88,91,92,94,96,103" machi="86" ten="30,11600,0" yaku="7,1,8,1,54,2" doraHai="120" who="3" fromWho="1" sc="96,0,234,-119,415,0,255,119" /><INIT seed="7,2,0,4,5,73" ten="96,115,415,374" oya="3" hai0="49,36,120,99,20,67,107,12,93,38,3,109,117" hai1="42,33,132,18,29,76,78,28,43,60,114,135,97" hai2="111,106,14,134,23,61,92,51,77,71,21,72,24" hai3="79,32,119,59,47,1,85,87,101,82,15,30,86"/><W69/><G119/><T116/><D109/><U104/><E33/><V37/><F106/><W94/><G69/><T5/><D120/><U102/><E114/><V90/><F37/><W129/><G1/><T65/><D107/><U91/><E18/><V80/><F111/><W55/><G129/><T9/><D38/><U0/><E0/><V105/><F105/><W41/><G15/><T113/><D36/><U11/><E11/><V83/><F134/><N who="1" m="51241" /><E91/><V123/><F14/><W10/><G10/><T68/><D113/><U17/><E17/><V31/><F23/><W8/><G8/><T44/><D116/><U34/><E60/><V13/><F13/><W22/><G32/><T88/><D117/><U112/><E112/><V50/><F123/><W46/><G41/><N who="1" m="15370" /><E34/><V58/><F71/><W62/><G101/><T133/><D133/><U125/><E125/><V54/><F80/><W98/><G98/><AGARI ba="2,0" hai="21,24,31,50,51,54,58,61,72,77,83,90,92,98" machi="98" ten="30,2000,0" yaku="7,1,52,1" doraHai="73" who="2" fromWho="3" sc="96,0,115,0,415,26,374,-26" owari="96,-40.0,115,-28.0,441,53.0,348,15.0" /></mjloggm>