<mjloggm ver="2.3"><GO type="169" lobby="0"/><UN n0="%E3%81%92%E3%81%A1%E3%81%87%E3%81%AA%30%34" n1="%73%61%6E%64%69%72%69%73" n2="%74%61%63%6F%73" n3="%E3%82%AD%E3%83%B3%E3%82%B0%E3%81%82%E3%81%A4%E3%81%97" dan="16,17,17,17" rate="2121.46,2209.03,2148.91,2178.95" sx="M,M,F,M"/><TAIKYOKU oya="0"/><INIT seed="0,0,0,3,3,104" ten="250,250,250,250" oya="0" hai0="88,36,28,67,47,117,11,126,62,81,13,132,92" hai1="71,74,72,107,85,66,68,130,102,113,86,127,125" hai2="75,38,118,27,93,76,24,70,89,42,133,21,14" hai3="48,135,22,33,12,30,4,54,114,109,101,98,115"/><T90/><D117/><U129/><E66/><V73/><F70/><N who="1" m="26665" /><E102/><V65/><F65/><W94/><G33/><T77/><D28/><U10/><E10/><V78/><F38/><W2/><G2/><T50/><D36/><U19/><E19/><V122/><F42/><W124/><G124/><N who="1" m="47690" /><E107/><V100/><F122/><W123/><G135/><T18/><D132/><U5/><E5/><V51/><F133/><W120/><G109/><T57/><D126/><U8/><E8/><V80/><F118/><W34/><G34/><T53/><REACH who="0" step="1"/><D92/><REACH who="0" ten="240,250,250,250" step="2"/><U97/><E113/><V91/><F93/><W17/><G30/><T43/><D43/><U32/><E32/><V64/><F80/><W79/><G114/><T40/><D40/><U108/><E108/><V7/><F27/><W23/><G115/><T63/><D63/><U111/><E111/><V49/><F24/><W105/><G105/><T46/><D46/><U84/><E97/><V37/><F37/><W3/><G94/><T55/><D55/><U31/><E31/><V41/><F41/><W25/><G98/><T82/><D82/><U121/><E121/><V15/><F49/><W131/><G48/><T103/><D103/><U99/><E99/><V16/><F51/><W56/><G101/><T1/><D1/><U60/><E60/><V128/><F100/><W44/><G3/><T96/><D96/><U6/><E6/><V58/><F7/><W20/><G120/><T87/><AGARI ba="0,1" hai="11,13,18,47,50,53,57,62,67,77,81,87,88,90" machi="87" ten="20,12000,1" yaku="1,1,0,1,7,1,8,1,54,1,53,0" doraHai="104" doraHaiUra="0" who="0" fromWho="0" sc="240,130,250,-40,250,-40,250,-40" /><INIT seed="0,1,0,4,4,121" ten="370,210,210,210" oya="0" hai0="68,16,91,131,42,108,7,49,52,24,126,134,66" hai1="116,11,29,93,80,89,84,115,63,39,41,67,110" hai2="98,99,40,88,43,10,90,82,47,54,0,4,44" hai3="21,106,123,109,79,70,57,119,65,56,34,23,113"/><T36/><D131/><U26/><E116/><V135/><F135/><W6/><G113/><T102/><D102/><U30/><E115/><V94/><F54/><W132/><G119/><T72/><D72/><U76/><E110/><V25/><F25/><W28/><G106/><T133/><D7/><U101/><E101/><V35/><F35/><W83/><G132/><T2/><D2/><U27/><E39/><V50/><F82/><W71/><G6/><T120/><D120/><U8/><E41/><V127/><F127/><W122/><G34/><T14/><D24/><U53/><E53/><V32/><F32/><W33/><G33/><T38/><D38/><U92/><E92/><V85/><REACH who="2" step="1"/><F90/><REACH who="2" ten="370,210,200,210" step="2"/><W104/><G83/><T31/><D91/><U86/><E27/><V46/><F46/><W13/><G122/><T18/><D126/><U64/><E64/><V1/><F1/><W3/><G3/><T48/><D66/><U95/><E26/><V55/><F55/><W97/><G65/><T117/><D117/><U59/><REACH who="1" step="1"/><E95/><REACH who="1" ten="370,200,200,210" step="2"/><V128/><F128/><W130/><G130/><T45/><D134/><U118/><E118/><V75/><F75/><W100/><G123/><T96/><D133/><U9/><AGARI ba="1,2" hai="8,9,11,29,30,59,63,67,76,80,84,86,89,93" machi="9" ten="30,4000,0" yaku="1,1,0,1,8,1,53,0" doraHai="121" doraHaiUra="37" who="1" fromWho="1" sc="370,-21,200,63,200,-11,210,-11" /><INIT seed="1,0,0,3,5,62" ten="349,263,189,199" oya="1" hai0="55,90,46,110,107,33,83,27,64,56,43,133,34" hai1="60,108,51,97,100,80,65,47,109,44,15,11,119" hai2="7,24,13,72,132,50,14,32,95,6,9,118,131" hai3="121,77,23,52,76,8,120,117,91,70,1,54,45"/><U81/><E119/><V135/><F72/><W40/><G70/><T71/><D107/><U31/><E31/><N who="2" m="19559" /><F95/><W85/><G117/><T112/><D112/><U28/><E28/><V41/><F50/><N who="3" m="26919" /><G1/><T74/><D110/><N who="1" m="42603" /><E97/><V102/><F102/><W103/><G121/><T84/><D74/><U125/><E100/><V19/><F41/><W35/><G35/><T111/><D111/><U68/><E125/><V104/><F104/><W87/><G120/><T48/><D133/><N who="2" m="51274" /><F118/><W73/><G8/><T42/><D42/><N who="1" m="24983" /><E47/><V58/><F58/><W57/><G103/><T10/><D33/><U94/><E94/><V113/><F113/><W38/><G38/><T93/><D93/><U49/><E49/><V78/><F78/><W69/><G77/><T21/><D34/><U2/><E2/><V20/><F131/><W129/><G76/><T22/><D46/><U105/><E105/><V122/><F122/><W123/><G129/><T63/><D43/><U0/><E0/><V126/><F126/><W98/><G98/><T30/><D30/><U12/><E12/><V29/><F29/><W17/><G123/><T106/><D106/><U86/><E86/><V3/><F3/><W67/><G73/><T36/><D36/><U16/><AGARI ba="0,0" hai="11,15,16,60,65,68,80,81" m="24983,42603" machi="16" ten="30,11700,0" yaku="14,1,10,1,52,1,54,1" doraHai="62" who="1" fromWho="1" sc="349,-39,263,117,189,-39,199,-39" /><INIT seed="1,1,0,1,0,50" ten="310,380,150,160" oya="1" hai0="89,120,99,113,71,107,108,79,31,35,110,116,90" hai1="13,56,59,60,114,49,129,32,74,61,93,109,134" hai2="8,36,18,19,77,128,21,17,111,130,38,105,29" hai3="135,91,69,95,58,123,40,43,122,73,82,87,112"/><U92/><E114/><V53/><F77/><W131/><G69/><T57/><D71/><U5/><E32/><V70/><F70/><W63/><G112/><T78/><D31/><U106/><E106/><V41/><F105/><W3/><G3/><T6/><D6/><U117/><E117/><V46/><F38/><W7/><G7/><T16/><D35/><U0/><E74/><V51/><F111/><W115/><G115/><T2/><D2/><U66/><E134/><V45/><REACH who="2" step="1"/><F8/><REACH who="2" ten="310,380,140,160" step="2"/><W67/><G135/><T127/><D113/><U9/><E109/><V37/><F37/><W54/><G122/><T85/><D120/><U132/><E132/><V101/><F101/><W121/><G121/><T83/><D110/><U52/><E129/><V55/><F55/><W68/><G131/><T15/><D108/><U88/><E0/><V23/><F23/><W102/><G123/><T86/><D107/><U22/><E22/><V34/><F34/><W33/><G33/><T10/><D10/><U81/><E61/><V96/><F96/><W12/><G102/><T24/><D99/><U124/><E124/><V72/><F72/><W75/><G75/><T4/><D127/><U64/><E64/><V80/><F80/><W98/><G73/><T125/><D125/><U44/><E44/><V14/><F14/><W25/><G12/><T119/><D15/><U84/><AGARI ba="1,1" hai="5,9,13,49,52,56,59,60,66,81,84,88,92,93" machi="84" ten="30,12000,1" yaku="0,1,8,1,52,1,54,2" doraHai="50" who="1" fromWho="1" sc="310,-41,380,133,140,-41,160,-41" /><INIT seed="1,2,0,3,4,13" ten="269,513,99,119" oya="1" hai0="9,126,99,125,82,27,74,95,40,25,91,66,112" hai1="20,71,3,114,93,113,22,87,97,77,73,12,96" hai2="85,23,33,132,90,62,21,37,124,78,18,81,17" hai3="52,47,68,123,103,58,119,48,105,19,108,50,109"/><U44/><E3/><V129/><F33/><W53/><G123/><T54/><D112/><U101/><E71/><V35/><F35/><W121/><G121/><T6/><D66/><U41/><E73/><V30/><F37/><W115/><G115/><T51/><D40/><U2/><E2/><V43/><F129/><W69/><G105/><T67/><D67/><U8/><E114/><V34/><F34/><W29/><G29/><T98/><D98/><U111/><E111/><N who="3" m="42570" /><G103/><T7/><D7/><U15/><E15/><V60/><F43/><N who="3" m="24703" /><G119/><T4/><D4/><N who="1" m="3079" /><E97/><V72/><F30/><W10/><G10/><T46/><D9/><U120/><E120/><V32/><F32/><W55/><G19/><T133/><D6/><U118/><E118/><V83/><F17/><W86/><G86/><N who="0" m="50647" /><D74/><U127/><E113/><V110/><F72/><W49/><G55/><T39/><D39/><U59/><E87/><V130/><F85/><W117/><G117/><T134/><D25/><U80/><E101/><V102/><F102/><W1/><G1/><T31/><D27/><U135/><E96/><V76/><F110/><W57/><AGARI ba="2,0" hai="49,50,52,53,57,58,68,69" m="24703,42570" machi="57" ten="30,7900,0" yaku="14,1,34,2,54,1" doraHai="13" who="3" fromWho="3" sc="269,-22,513,-41,99,-22,119,85" /><INIT seed="2,0,0,5,1,13" ten="247,472,77,204" oya="2" hai0="2,15,124,60,1,5,106,41,53,19,38,105,45" hai1="85,80,39,59,88,93,94,65,117,123,51,113,16" hai2="50,109,119,115,91,72,43,6,63,69,87,110,57" hai3="40,31,22,64,52,130,92,100,42,9,86,62,47"/><V49/><F115/><W71/><G130/><T76/><D124/><U90/><E117/><V4/><F119/><W25/><G9/><T75/><D76/><U30/><E30/><V28/><F72/><W89/><G100/><T82/><D82/><U135/><E39/><V103/><F103/><W23/><G52/><T102/><D75/><U79/><E135/><V126/><F28/><W78/><G78/><T132/><D132/><U61/><E123/><V108/><F69/><W17/><REACH who="3" step="1"/><G47/><REACH who="3" ten="247,472,77,194" step="2"/><T112/><D102/><U32/><E79/><V11/><F126/><W125/><G125/><T35/><D53/><U131/><E131/><V84/><F43/><W21/><G21/><T134/><D134/><U29/><E32/><V56/><F11/><W37/><G37/><T36/><D35/><U34/><E34/><V48/><F63/><W133/><G133/><T26/><D60/><U120/><E61/><V8/><F8/><W129/><G129/><T101/><D38/><U54/><E54/><V98/><F91/><W70/><G70/><T107/><D101/><U46/><E46/><V18/><F49/><W122/><G122/><T0/><D107/><U127/><E120/><V58/><F58/><W66/><G66/><T83/><D106/><U99/><E65/><V77/><F77/><W96/><G96/><T14/><D105/><U33/><E59/><V121/><F121/><W116/><G116/><T111/><D41/><U118/><E118/><V74/><F98/><W24/><AGARI ba="0,1" hai="17,22,23,24,25,31,40,42,62,64,71,86,89,92" machi="24" ten="20,8000,1" yaku="1,1,0,1,7,1,52,1,53,1" doraHai="13" doraHaiUra="12" who="3" fromWho="3" sc="247,-20,472,-20,77,-40,194,90" /><INIT seed="3,0,0,2,3,122" ten="227,452,37,284" oya="3" hai0="124,25,127,43,59,74,71,55,111,67,69,114,117" hai1="0,50,76,134,120,28,118,78,97,10,130,106,75" hai2="70,66,62,4,109,133,6,65,1,18,132,115,33" hai3="11,91,96,85,98,56,105,110,39,26,99,57,2"/><W126/><G39/><T83/><D117/><U119/><E120/><V121/><F121/><W58/><G126/><T102/><D102/><N who="1" m="62799" /><E28/><V12/><F33/><W93/><G105/><T54/><D25/><U86/><E50/><V72/><F72/><W101/><G26/><T7/><D7/><U123/><E10/><V95/><F115/><W89/><G101/><T128/><D74/><U16/><E0/><V135/><F1/><W116/><G116/><N who="1" m="44586" /><E16/><V24/><F66/><W45/><G45/><T47/><D114/><U81/><E123/><V63/><F63/><W42/><G42/><T20/><D20/><U19/><E19/><V53/><F53/><W92/><G2/><T15/><D15/><U84/><E134/><V103/><F24/><W51/><G51/><T31/><D31/><U108/><E130/><V80/><F80/><W46/><G46/><T34/><D83/><N who="1" m="47223" /><E75/><V5/><F18/><W3/><G3/><T49/><D34/><U82/><E82/><V94/><F12/><W13/><REACH who="3" step="1"/><G110/><AGARI ba="0,0" hai="76,81,86,108,110" m="47223,44586,62799" machi="110" ten="30,8000,1" yaku="12,1,34,2,52,2" doraHai="122" who="1" fromWho="3" sc="227,0,452,80,37,0,284,-80" /><INIT seed="4,0,0,0,2,57" ten="227,532,37,204" oya="0" hai0="34,123,54,102,12,27,88,96,109,41,112,3,13" hai1="5,68,65,36,25,60,61,90,42,33,98,99,73" hai2="110,53,1,2,80,121,44,15,70,39,74,26,47" hai3="115,118,49,10,6,66,124,67,83,127,120,9,0"/><T95/><D3/><U101/><E73/><V63/><F110/><W79/><G118/><T52/><D123/><U119/><E119/><V72/><F121/><W131/><G115/><T89/><D112/><U84/><E5/><V4/><F26/><W21/><G131/><T86/><D41/><U48/><E36/><V55/><F15/><W51/><G120/><T40/><D40/><U46/><E101/><V134/><F4/><W59/><G21/><T78/><D109/><U132/><E132/><V69/><F80/><W130/><G130/><T133/><D133/><U100/><E100/><V43/><F43/><W135/><G10/><T117/><D117/><U85/><E85/><V107/><F134/><W93/><G93/><T35/><D78/><U81/><E33/><V29/><F107/><W20/><G20/><T114/><D114/><U45/><E45/><V7/><F7/><W106/><G106/><T94/><D102/><U17/><E17/><V50/><F50/><N who="3" m="18955" /><G59/><T116/><D116/><U18/><E18/><V14/><F14/><W71/><G71/><T76/><D76/><U30/><E25/><V128/><F29/><W113/><G113/><T22/><D35/><U11/><E30/><V32/><F32/><W31/><G31/><N who="0" m="17911" /><D34/><U58/><E11/><V82/><F39/><W122/><G122/><T108/><D108/><U111/><E111/><V91/><F128/><W126/><G135/><T105/><D105/><U37/><E37/><V104/><F104/><W28/><G28/><T56/><D56/><U125/><E125/><V87/><F70/><W62/><G62/><RYUUKYOKU ba="0,0" sc="227,10,532,10,37,-30,204,10" hai0="12,13,52,54,86,88,89,94,95,96" hai1="42,46,48,58,60,61,65,68,81,84,90,98,99" hai3="0,6,9,66,67,79,83,124,126,127" /><INIT seed="4,1,0,2,2,3" ten="237,542,7,214" oya="0" hai0="38,37,60,8,17,74,128,122,25,97,43,111,32" hai1="48,41,125,10,126,31,49,19,102,36,103,12,100" hai2="69,56,47,86,121,46,44,53,124,112,14,39,63" hai3="61,88,15,24,91,71,27,90,58,134,127,21,98"/><T101/><D122/><U68/><E68/><V135/><F86/><W6/><G71/><T113/><D74/><U107/><E107/><V34/><F14/><W50/><G127/><N who="1" m="48650" /><E31/><V13/><F13/><W104/><G134/><T114/><D128/><U118/><E118/><V81/><F81/><W22/><G104/><T23/><D111/><U64/><E64/><N who="2" m="41119" /><F34/><W105/><G50/><N who="1" m="19562" /><E41/><N who="2" m="22591" /><F124/><W96/><G105/><T78/><D78/><U7/><E36/><V20/><F20/><N who="3" m="7787" /><G15/><N who="0" m="7399" /><D32/><U106/><E106/><V57/><F121/><W82/><G6/><AGARI ba="1,0" hai="6,7,10,12,19,100,102,103" m="19562,48650" machi="6" ten="40,5200,0" yaku="18,1,52,2" doraHai="3" who="1" fromWho="3" sc="237,0,542,55,7,0,214,-55" /><INIT seed="5,0,0,1,0,71" ten="237,597,7,159" oya="1" hai0="77,102,47,89,14,62,16,120,129,128,29,38,41" hai1="66,132,49,6,17,52,86,1,101,46,106,100,42" hai2="131,40,92,78,99,30,74,117,59,45,83,97,61" hai3="123,85,13,116,3,55,112,54,51,68,87,108,84"/><U44/><E132/><V31/><F117/><W107/><G108/><T22/><D120/><U18/><E66/><V7/><F131/><W94/><G123/><T28/><D102/><N who="1" m="39531" /><E106/><V118/><F118/><W125/><G107/><T58/><D77/><U109/><E1/><V79/><F79/><W39/><G3/><T134/><D134/><U21/><E109/><V121/><F121/><W104/><G104/><T133/><D133/><U11/><E21/><V25/><F7/><W0/><G0/><T34/><D89/><U50/><E6/><V82/><F82/><W9/><G68/><T5/><D5/><U27/><E27/><V96/><F92/><W64/><G116/><T111/><D111/><U23/><E11/><V90/><F90/><W57/><G112/><T113/><D113/><U43/><E86/><V60/><F59/><W115/><G115/><T4/><D4/><U93/><E93/><V72/><F72/><W126/><G64/><N who="0" m="38999" /><D34/><U103/><E103/><V37/><F30/><W48/><G94/><T69/><D69/><U88/><E88/><V122/><F122/><W19/><G39/><T32/><D32/><U33/><E33/><V67/><F67/><W12/><G12/><T76/><D76/><U20/><E43/><V130/><F130/><AGARI ba="0,0" hai="14,16,22,28,29,38,41,47,128,129,130" m="38999" machi="130" ten="30,3900,0" yaku="19,1,52,1,54,1" doraHai="71" who="0" fromWho="2" sc="237,39,597,0,7,-39,159,0" owari="276,8.0,597,69.0,-32,-53.0,159,-24.0" /></mjloggm>