<mjloggm ver="2.3"><GO type="185" lobby="0"/><UN n0="%E4%B8%8D%E5%B9%B8%E7%94%9F%E5%91%BD%E4%BD%93" n1="%E3%83%91%E3%83%AA%E3%83%94%69%6E%63%61%72" n2="%E8%83%A1%E6%A4%92%E5%B0%91%E3%80%85" n3="" dan="16,16,16,0" rate="2159.95,2124.09,2153.22,1500.00" sx="M,M,F,C"/><TAIKYOKU oya="0"/><INIT seed="0,0,0,2,2,121" ten="350,350,350,0" oya="0" hai0="134,135,118,80,58,59,52,92,104,36,93,124,88" hai1="2,97,119,76,98,56,57,60,70,84,106,117,105" hai2="100,68,122,38,79,0,115,126,133,109,65,102,103" hai3=""/><T53/><D36/><U127/><E2/><V120/><N who="2" m="30752" /><V62/><N who="2" m="31264" /><V69/><F0/><T129/><D104/><U83/><E70/><V54/><F115/><T131/><D80/><U108/><E60/><V41/><F133/><N who="0" m="50698" /><D93/><U32/><E32/><V101/><F126/><T40/><D40/><U33/><E127/><V35/><F35/><T74/><D74/><U45/><E33/><V51/><F79/><T112/><D112/><U132/><E76/><V114/><F114/><T47/><D118/><U72/><E72/><V1/><F69/><T95/><D95/><U64/><E83/><V48/><F1/><T87/><D124/><U125/><E125/><V3/><F3/><T90/><D90/><U130/><E132/><V82/><F102/><T44/><D58/><U42/><E117/><V39/><F82/><T94/><D92/><U86/><E106/><V34/><F34/><T99/><D99/><U128/><E105/><V77/><F77/><T75/><D75/><U63/><E119/><V49/><F41/><T73/><D73/><U107/><E42/><V37/><F54/><N who="0" m="21098" /><D59/><U66/><E107/><V71/><F71/><T50/><D44/><U110/><E45/><V55/><F55/><T89/><D89/><RYUUKYOKU ba="0,0" sc="350,0,350,0,350,0,0,0" hai0="47,50,87,88,94,129,131" hai1="56,57,63,64,66,84,86,97,98,108,110,128,130" hai2="37,38,39,48,49,51,62,65,68,100,101,103,109" /><INIT seed="0,1,0,2,5,104" ten="350,350,350,0" oya="0" hai0="96,41,67,65,40,57,35,132,106,87,51,119,97" hai1="69,44,68,94,130,58,115,82,124,112,120,61,118" hai2="90,103,78,37,66,121,36,71,89,107,127,108,48" hai3=""/><T34/><D132/><U117/><N who="1" m="30752" /><U0/><E0/><V70/><N who="2" m="31008" /><V33/><F108/><T126/><D126/><U84/><E124/><V59/><F127/><T135/><D135/><U129/><E94/><V98/><F33/><T73/><D106/><U122/><N who="1" m="31264" /><U52/><E84/><V85/><F90/><T88/><D119/><N who="1" m="45579" /><E44/><V64/><F78/><T54/><D73/><U38/><E38/><V131/><F36/><T114/><D114/><N who="1" m="43563" /><E82/><V99/><F37/><T111/><D111/><U79/><E79/><V55/><F99/><N who="0" m="37962" /><D35/><U60/><E60/><V83/><F83/><T75/><D75/><U125/><E125/><V116/><F116/><T123/><N who="0" m="31520" /><T63/><D34/><U113/><N who="1" m="43571" /><U134/><DORA hai="109" /><E134/><V3/><F3/><T95/><D63/><U72/><E72/><V128/><F107/><T47/><D47/><U80/><E80/><V92/><F92/><T105/><D105/><U1/><E1/><V91/><F85/><T133/><D133/><U100/><E100/><V62/><F103/><T39/><D39/><U56/><E56/><V42/><F59/><T110/><D110/><U32/><E32/><V77/><F62/><T50/><D50/><U101/><E101/><RYUUKYOKU ba="1,0" sc="350,10,350,10,350,-20,0,0" hai0="40,41,51,54,57,65,67,87,88,95" hai1="52,58,61,68,69,129,130" /><INIT seed="0,2,0,5,2,54" ten="360,360,330,0" oya="0" hai0="131,1,36,104,123,93,120,43,103,76,80,44,69" hai1="101,99,38,133,41,55,106,88,61,77,135,2,89" hai2="121,68,119,94,116,52,47,128,127,48,108,65,100" hai3=""/><T32/><N who="0" m="30752" /><T107/><N who="0" m="31520" /><T40/><D32/><U71/><E2/><V50/><N who="2" m="31008" /><V109/><F128/><T49/><D1/><U114/><E114/><V73/><F73/><T64/><D131/><U34/><E34/><V134/><F127/><T132/><D132/><N who="1" m="50763" /><E77/><V0/><F0/><T33/><D33/><U98/><E98/><V117/><F134/><T45/><D69/><U66/><E55/><V56/><F94/><T91/><D64/><U95/><E106/><V112/><F100/><T85/><REACH who="0" step="1"/><D103/><REACH who="0" ten="350,360,330,0" step="2"/><U72/><E72/><AGARI ba="2,1" hai="36,40,43,44,45,49,72,76,80,85,91,93,104,107" m="31520,30752" machi="72" ten="30,12000,1" yaku="1,1,2,1,7,1,52,2,53,0" doraHai="54" doraHaiUra="115" who="0" fromWho="1" sc="350,134,360,-124,330,0,0,0" /><INIT seed="0,3,0,4,3,88" ten="484,236,330,0" oya="0" hai0="103,74,134,80,97,63,125,93,123,0,60,95,58" hai1="62,78,118,59,54,52,65,126,2,71,33,56,45" hai2="47,110,46,37,89,66,44,79,85,1,76,73,51" hai3=""/><T117/><N who="0" m="31520" /><T100/><D134/><U114/><E2/><V36/><F1/><T41/><D125/><U105/><E105/><V102/><F110/><T127/><D127/><U57/><E126/><V67/><F102/><T112/><D112/><U77/><E33/><V87/><F51/><T40/><D117/><U32/><E32/><V128/><F128/><T94/><D0/><U70/><E118/><V115/><F115/><T108/><D108/><U111/><E114/><V39/><F73/><T75/><D80/><U98/><E98/><V84/><REACH who="2" step="1"/><F89/><REACH who="2" ten="484,236,320,0" step="2"/><T135/><D103/><U119/><E111/><V106/><F106/><T90/><D90/><U120/><N who="1" m="30752" /><U122/><N who="1" m="31264" /><U96/><E119/><V38/><N who="2" m="9216" /><DORA hai="55" /><V132/><F132/><T43/><D135/><U68/><E96/><V107/><F107/><T104/><REACH who="0" step="1"/><D63/><REACH who="0" ten="474,236,320,0" step="2"/><U133/><E133/><V35/><F35/><T129/><D129/><U109/><E109/><V86/><N who="2" m="21504" /><DORA hai="124" /><V131/><F131/><T50/><D50/><U69/><REACH who="1" step="1"/><E45/><REACH who="1" ten="474,226,320,0" step="2"/><V49/><F49/><T72/><D72/><U53/><AGARI ba="3,3" hai="52,53,54,56,57,59,62,65,68,69,70,71,77,78" m="31264,30752" machi="53" ten="40,18000,4" yaku="1,1,2,1,0,1,29,2,52,5,54,1,53,1" doraHai="88,55,124" doraHaiUra="82,61,34" who="1" fromWho="1" sc="474,-123,226,216,320,-63,0,0" /><INIT seed="1,0,0,5,0,58" ten="351,442,257,0" oya="1" hai0="126,46,116,36,41,130,39,135,50,91,89,105,132" hai1="97,61,37,73,34,70,128,121,82,48,113,68,119" hai2="125,55,81,112,1,92,87,32,115,117,114,69,104" hai3=""/><U98/><N who="1" m="31008" /><U80/><E113/><V71/><F1/><T47/><D116/><U51/><E119/><V77/><F117/><T2/><D2/><U43/><E43/><V54/><F104/><T90/><D105/><U84/><E84/><V131/><F32/><T129/><D39/><U53/><E53/><N who="2" m="19979" /><F125/><T123/><N who="0" m="31520" /><T62/><D62/><U108/><E37/><V60/><F131/><N who="0" m="50186" /><D46/><U100/><E128/><V134/><F134/><N who="0" m="51242" /><D36/><U102/><E73/><V74/><F60/><T85/><D85/><U67/><E34/><V63/><F63/><T110/><D110/><U88/><E61/><V49/><F49/><T109/><D109/><U118/><E118/><V122/><N who="2" m="31264" /><V106/><F106/><T133/><N who="0" m="51250" /><T96/><DORA hai="79" /><D96/><U59/><E108/><V3/><F3/><T57/><D57/><U66/><E59/><V75/><F75/><T40/><D40/><U78/><E78/><V72/><F72/><T124/><AGARI ba="0,0" hai="41,47,50,89,90,91,124,126" m="51250,50186,31520" machi="124" ten="50,6000,1" yaku="30,2,19,1,20,1,52,1" doraHai="58,79" who="0" fromWho="0" sc="351,60,442,-40,257,-20,0,0" /><INIT seed="2,0,0,5,2,1" ten="411,402,237,0" oya="2" hai0="109,33,120,118,81,78,44,95,36,93,59,106,46" hai1="125,74,53,3,107,35,45,100,89,63,32,76,83" hai2="66,134,60,94,50,128,55,117,84,113,115,129,110" hai3=""/><V126/><F117/><T68/><N who="0" m="30752" /><T114/><D109/><U75/><E3/><V98/><F84/><T58/><D68/><U116/><E75/><V99/><F110/><T79/><D36/><U130/><E116/><V0/><F0/><T112/><D118/><U104/><E130/><N who="2" m="50283" /><F134/><T38/><D38/><U92/><E125/><V131/><N who="2" m="50291" /><V61/><DORA hai="34" /><F126/><T73/><D73/><U52/><E53/><V37/><F37/><T67/><D67/><U111/><E111/><V47/><F99/><T43/><D43/><U96/><E107/><V82/><F82/><T133/><D133/><U64/><E64/><V127/><F127/><T135/><D135/><U65/><E65/><V101/><F61/><T102/><D81/><U49/><REACH who="1" step="1"/><E63/><REACH who="1" ten="411,392,237,0" step="2"/><V62/><F62/><T124/><D124/><U72/><E72/><V87/><F60/><T71/><D106/><U122/><N who="1" m="31264" /><U54/><E54/><V41/><F66/><T77/><D71/><U42/><E42/><V56/><F41/><T108/><D108/><U39/><E39/><V97/><F55/><T88/><D114/><U85/><AGARI ba="0,1" hai="32,35,45,49,52,74,76,83,85,89,92,96,100,104" m="31264" machi="85" ten="20,18000,4" yaku="1,1,0,1,7,1,24,2,52,3,54,1,53,2" doraHai="1,34" doraHaiUra="69,2" who="1" fromWho="1" sc="411,-60,392,190,237,-120,0,0" /><INIT seed="4,0,0,2,4,111" ten="351,582,117,0" oya="0" hai0="71,100,117,102,64,61,54,125,107,113,36,3,33" hai1="75,109,108,69,65,104,72,37,2,118,89,90,60" hai2="68,129,52,79,115,132,93,47,112,122,135,96,126" hai3=""/><T82/><D3/><U105/><E2/><V40/><N who="2" m="31264" /><V38/><F68/><T110/><D33/><U121/><N who="1" m="31008" /><U101/><E118/><V99/><F129/><T49/><D117/><U106/><E101/><V67/><F67/><T124/><D110/><U127/><E37/><V46/><F79/><T87/><D36/><U80/><E127/><N who="0" m="48713" /><D107/><U123/><N who="1" m="31520" /><U59/><E69/><V44/><F126/><T57/><D113/><N who="2" m="43594" /><F99/><T120/><N who="0" m="30752" /><T45/><D71/><U76/><E75/><V62/><F62/><T131/><D131/><U70/><E70/><V32/><F32/><T98/><D98/><U133/><E109/><V86/><F86/><T81/><D81/><U74/><E74/><V35/><F35/><T56/><D45/><N who="2" m="17514" /><F52/><T0/><D0/><U128/><E108/><V42/><F42/><T91/><AGARI ba="0,0" hai="49,54,56,57,61,64,82,87,91,100,102" m="30752,48713" machi="91" ten="30,2000,0" yaku="18,1,52,1" doraHai="111" who="0" fromWho="0" sc="351,20,582,-10,117,-10,0,0" /><INIT seed="4,1,0,5,0,100" ten="371,572,107,0" oya="0" hai0="130,90,73,133,129,3,62,35,109,67,40,44,128" hai1="83,131,112,124,80,43,118,89,101,39,86,46,38" hai2="49,78,72,69,65,68,115,120,42,71,134,74,102" hai3=""/><T77/><D3/><U81/><E118/><V0/><N who="2" m="30752" /><V58/><F0/><T63/><D35/><U79/><E124/><V56/><F134/><T99/><D133/><U54/><E131/><V51/><F102/><T96/><D109/><U117/><E117/><V59/><F78/><T121/><N who="0" m="31008" /><T64/><D77/><U66/><E39/><V126/><F126/><T97/><D90/><U84/><E66/><N who="0" m="25129" /><D73/><U123/><N who="1" m="31520" /><U57/><E112/><V116/><F116/><T119/><D119/><U127/><E127/><V105/><F115/><T107/><D107/><U103/><E83/><V53/><F105/><T76/><D76/><U88/><E79/><V106/><F106/><T95/><D95/><U1/><E1/><V114/><F114/><T47/><D40/><U110/><E110/><V61/><F74/><T125/><D125/><U94/><E94/><V82/><F72/><T87/><D87/><U52/><E54/><V75/><F75/><T122/><N who="0" m="31264" /><T36/><D36/><U113/><E113/><V132/><F132/><T60/><AGARI ba="1,0" hai="44,47,60,62,63,96,97,99,128,129,130" m="31264,25129,31008" machi="60" ten="40,12000,2" yaku="29,2,28,2,19,1,52,2" doraHai="100" who="0" fromWho="0" sc="371,122,572,-61,107,-61,0,0" /><INIT seed="4,2,0,4,5,95" ten="493,511,46,0" oya="0" hai0="101,116,92,81,124,3,111,1,131,78,35,114,70" hai1="106,50,39,73,60,2,63,61,41,130,113,65,80" hai2="133,85,109,132,46,57,74,56,128,84,108,34,104" hai3=""/><T49/><D35/><U45/><E2/><V91/><F34/><T123/><D70/><U66/><E106/><V86/><F128/><T47/><D116/><U48/><E80/><V100/><F46/><T54/><D131/><U64/><E73/><V135/><F74/><T134/><D111/><U37/><E130/><V97/><REACH who="2" step="1"/><F91/><REACH who="2" ten="493,511,36,0" step="2"/><T68/><N who="0" m="31520" /><T51/><D3/><U58/><E113/><V96/><F96/><T72/><D1/><U90/><E90/><V126/><F126/><T62/><D124/><U89/><E89/><V112/><F112/><T118/><D114/><U94/><E94/><V32/><F32/><T52/><D118/><U117/><E117/><V103/><F103/><T33/><D33/><U76/><E76/><V69/><F69/><T42/><D92/><U121/><N who="1" m="31008" /><U93/><E93/><V88/><F88/><T87/><D101/><U71/><E71/><V38/><F38/><T40/><D72/><U98/><E98/><V119/><F119/><T77/><D68/><U75/><E75/><V55/><F55/><AGARI ba="2,1" hai="37,39,41,45,48,50,55,58,60,61,63,64,65,66" m="31008" machi="55" ten="40,12000,2" yaku="35,6,52,1" doraHai="95" who="1" fromWho="2" sc="493,0,511,134,36,-124,0,0" owari="493,9.0,645,60.0,-88,-69.0,0,0.0" /></mjloggm>