<mjloggm ver="2.3"><GO type="169" lobby="0"/><UN n0="%E8%A6%8B%E7%9F%A5%E3%82%89%E3%81%AC%E9%9D%92%E5%A4%A9%E4%BA%95" n1="%E5%88%A5%E5%BD%93" n2="%E4%B8%AD%E5%B7%9D%E5%86%85%E9%9B%AA%E9%9F%B3" n3="%31%74%61" dan="16,17,16,17" rate="2040.84,2172.77,2136.76,2170.06" sx="M,M,F,M"/><TAIKYOKU oya="0"/><INIT seed="0,0,0,4,2,129" ten="250,250,250,250" oya="0" hai0="79,37,103,28,106,78,118,108,124,70,11,98,133" hai1="66,21,109,30,131,87,84,51,123,8,39,58,4" hai2="10,22,56,7,114,18,134,97,135,17,14,36,1" hai3="74,6,46,96,61,42,110,33,43,35,128,55,119"/><T89/><D70/><U52/><E109/><V44/><F56/><W57/><G119/><T60/><D118/><U19/><E123/><V122/><F97/><W67/><G110/><T111/><D37/><U80/><E30/><V5/><F36/><W24/><G74/><T117/><D117/><U132/><E131/><V13/><F44/><W125/><G128/><T100/><D60/><U121/><E121/><V101/><F101/><W120/><G120/><T32/><D11/><U115/><E115/><V29/><F122/><W83/><G125/><T27/><D124/><U15/><E66/><V130/><F130/><W90/><G6/><T88/><D28/><U31/><E31/><V127/><F127/><W102/><G24/><T94/><D27/><U72/><E132/><N who="2" m="50731" /><F114/><W9/><G102/><T48/><D133/><U26/><E39/><V16/><F7/><W64/><G96/><T62/><D62/><U93/><E93/><V107/><F107/><W92/><G92/><T105/><D94/><U77/><AGARI ba="0,0" hai="4,8,15,19,21,26,51,52,58,72,77,80,84,87" machi="77" ten="30,2000,0" yaku="0,1,54,1" doraHai="129" who="1" fromWho="1" sc="250,-10,250,20,250,-5,250,-5" /><INIT seed="1,0,0,2,1,5" ten="240,270,245,245" oya="1" hai0="120,43,122,33,112,81,86,134,57,99,45,94,108" hai1="132,34,12,13,39,76,93,109,64,16,95,72,102" hai2="110,69,87,17,118,18,29,71,7,100,124,66,91" hai3="37,59,65,48,104,60,130,123,77,80,101,113,54"/><U2/><E2/><V98/><F118/><W105/><G113/><T75/><D112/><U88/><E39/><V129/><F110/><W0/><G123/><T10/><D108/><U58/><E34/><V35/><F124/><W47/><G130/><T15/><D33/><U50/><E109/><V1/><F129/><W114/><G114/><T121/><D57/><U74/><E132/><V25/><F7/><W107/><G0/><T28/><D28/><U68/><E68/><V44/><F1/><W119/><G119/><T23/><D75/><U20/><E76/><V26/><F44/><W22/><G22/><T67/><D67/><U11/><E95/><V89/><F25/><W126/><G126/><T6/><D23/><U83/><E83/><V115/><F91/><W19/><G19/><T84/><D134/><U116/><E116/><V3/><F3/><W55/><G37/><N who="0" m="21743" /><D81/><U46/><E102/><AGARI ba="0,0" hai="6,10,15,84,86,94,99,102,120,121,122" m="21743" machi="102" ten="30,2000,0" yaku="13,1,52,1" doraHai="5" who="0" fromWho="1" sc="240,20,270,-20,245,0,245,0" /><INIT seed="2,0,0,1,0,3" ten="260,250,245,245" oya="2" hai0="21,120,67,65,11,29,22,62,52,2,70,103,84" hai1="87,33,72,20,108,0,34,18,23,91,77,79,69" hai2="59,25,73,93,12,43,57,49,39,117,28,135,86" hai3="99,46,89,100,80,122,45,118,42,27,56,61,30"/><V104/><F117/><W124/><G118/><T92/><D120/><U24/><E108/><V83/><F104/><W96/><G124/><T66/><D22/><U112/><E112/><V14/><F135/><W5/><G122/><T85/><D2/><U4/><E69/><V60/><F73/><W98/><G5/><T8/><D70/><U90/><E72/><V31/><F93/><W133/><G133/><T15/><D85/><U82/><E90/><V64/><F39/><W10/><G10/><T129/><D129/><U44/><E44/><V132/><F132/><W101/><G80/><T54/><D62/><U106/><E106/><V36/><F36/><W53/><G89/><N who="0" m="53287" /><D103/><U121/><E23/><V55/><F43/><W19/><G19/><N who="0" m="8703" /><D8/><N who="1" m="2055" /><E34/><V50/><F50/><W17/><G17/><T26/><AGARI ba="0,0" hai="21,26,29,52,54,65,66,67" m="8703,53287" machi="26" ten="30,2000,0" yaku="8,1,54,1" doraHai="3" who="0" fromWho="0" sc="260,20,250,-5,245,-10,245,-5" /><INIT seed="3,0,0,4,1,59" ten="280,245,235,240" oya="3" hai0="91,31,79,101,135,10,8,87,96,44,50,71,2" hai1="128,42,110,5,125,33,1,37,14,67,53,104,12" hai2="51,34,129,29,52,58,63,117,116,78,99,62,24" hai3="130,82,118,55,45,26,0,121,66,73,21,3,68"/><W127/><G118/><T132/><D31/><U43/><E1/><V4/><F129/><W103/><G121/><T49/><D79/><U25/><E67/><V105/><F4/><W115/><G115/><T27/><D27/><U41/><E104/><V35/><F35/><W90/><G130/><T124/><D124/><U48/><E125/><V72/><F116/><W19/><G127/><T38/><D71/><U93/><E37/><V16/><F117/><W36/><G103/><T88/><D38/><U95/><E110/><V98/><F16/><W64/><G64/><T54/><D50/><U28/><E128/><V75/><F99/><W112/><G112/><T46/><D46/><U86/><E86/><V114/><F114/><W13/><G13/><T7/><D10/><U74/><E74/><V6/><F6/><W77/><G90/><T107/><REACH who="0" step="1"/><D91/><REACH who="0" ten="270,245,235,240" step="2"/><U94/><REACH who="1" step="1"/><E5/><REACH who="1" ten="270,235,235,240" step="2"/><V81/><REACH who="2" step="1"/><F75/><REACH who="2" ten="270,235,225,240" step="2"/><W69/><G36/><T122/><D122/><U123/><E123/><V20/><F20/><W32/><G32/><T85/><D85/><U120/><E120/><V80/><F80/><AGARI ba="0,3" hai="2,7,8,44,49,54,80,87,88,96,101,107,132,135" machi="80" ten="40,5200,0" yaku="1,1,54,1,53,1" doraHai="59" doraHaiUra="84" who="0" fromWho="2" sc="270,82,235,0,225,-52,240,0" /><INIT seed="4,0,0,1,5,107" ten="352,235,173,240" oya="0" hai0="11,10,132,23,101,129,71,41,17,52,85,70,115" hai1="102,1,46,111,44,19,66,30,61,79,86,121,84" hai2="133,125,63,33,20,93,89,47,72,119,65,69,22" hai3="64,68,55,8,82,83,27,122,36,77,18,81,3"/><T95/><D129/><U9/><E111/><V91/><F133/><W92/><G122/><T73/><D41/><U124/><E124/><V120/><F120/><W75/><G55/><T110/><D132/><U43/><E30/><V7/><F125/><W32/><G92/><T105/><D115/><U134/><E134/><V108/><F108/><W25/><G36/><T40/><D40/><U51/><E102/><V12/><F119/><W50/><G50/><T80/><D52/><U90/><E121/><V24/><F33/><W38/><G38/><T118/><D118/><U26/><E46/><V34/><F34/><W114/><G114/><T74/><D11/><U98/><E1/><V100/><F100/><W67/><G32/><T14/><D110/><U103/><E90/><V56/><F69/><W116/><G116/><T59/><D59/><U135/><E79/><V62/><F62/><W112/><G112/><T94/><D105/><U60/><E60/><V37/><F72/><W54/><G54/><T88/><D95/><U99/><E135/><V117/><F117/><W21/><G27/><T109/><D109/><U15/><E26/><V131/><F24/><W58/><G68/><T127/><D127/><U0/><E61/><V97/><F131/><W35/><G35/><T45/><D71/><U130/><E130/><V5/><F37/><W39/><G39/><T6/><D70/><U104/><E66/><N who="3" m="25130" /><G58/><T76/><D45/><U31/><E0/><V48/><F12/><W4/><G3/><N who="0" m="351" /><D101/><N who="1" m="62519" /><E31/><V53/><F89/><W128/><G128/><T29/><D29/><U113/><E113/><RYUUKYOKU ba="0,0" sc="352,0,235,0,173,0,240,0" hai0="14,17,23,73,74,76,80,85,88,94" hai1="9,15,19,43,44,51,84,86,99,103" hai2="5,7,20,22,47,48,53,56,63,65,91,93,97" hai3="4,8,18,21,25,75,77,81,82,83" /><INIT seed="4,1,0,1,1,72" ten="352,235,173,240" oya="0" hai0="64,123,129,58,118,46,63,82,60,85,117,59,36" hai1="127,130,2,110,132,99,26,103,35,107,5,94,7" hai2="47,15,111,22,74,116,54,20,91,44,115,1,39" hai3="125,14,18,65,121,134,97,9,52,4,11,87,126"/><T33/><D33/><U8/><E110/><V119/><F111/><W50/><G134/><T3/><D123/><U21/><E130/><V31/><F1/><W25/><G121/><T92/><D3/><U38/><E38/><V77/><F115/><W19/><G65/><T79/><D129/><U101/><E7/><V86/><F44/><W133/><G133/><T71/><D92/><U68/><E68/><V23/><F31/><W80/><G97/><T93/><D93/><U24/><E127/><N who="3" m="48650" /><G25/><T45/><D71/><U100/><E107/><V73/><F15/><W105/><G105/><T75/><D45/><U69/><E69/><V89/><F74/><W13/><G4/><T112/><D75/><U81/><E132/><V70/><F70/><W61/><G61/><T88/><D112/><U28/><REACH who="1" step="1"/><E81/><REACH who="1" ten="352,225,173,240" step="2"/><N who="2" m="47407" /><F39/><W124/><G124/><T16/><D36/><U102/><E102/><V131/><F131/><W57/><G80/><T113/><D113/><U106/><E106/><V0/><F0/><W96/><G96/><T32/><D118/><U12/><E12/><V104/><F104/><W78/><G87/><T34/><D117/><N who="2" m="45130" /><F73/><W83/><G83/><T42/><D82/><U62/><E62/><V114/><F114/><W108/><G108/><T128/><D60/><U51/><E51/><AGARI ba="1,1" hai="20,22,23,47,51,54,89,91" m="45130,47407" machi="51" ten="30,2000,0" yaku="12,1,52,1" doraHai="72" who="2" fromWho="1" sc="352,0,225,-23,173,33,240,0" /><INIT seed="5,0,0,2,5,93" ten="352,202,206,240" oya="1" hai0="130,127,42,88,76,29,58,126,73,133,82,95,129" hai1="89,55,116,47,36,5,48,84,128,83,53,39,96" hai2="108,102,122,22,57,119,43,109,34,37,11,97,59" hai3="85,63,78,4,67,87,92,21,132,131,38,94,125"/><U100/><E128/><N who="0" m="49257" /><D29/><U2/><E116/><V26/><F34/><W52/><G38/><T118/><D118/><U35/><E35/><V112/><F119/><W44/><G4/><T61/><D42/><U110/><E110/><V14/><F122/><W117/><G125/><N who="0" m="47627" /><D61/><U107/><REACH who="1" step="1"/><E55/><REACH who="1" ten="352,192,206,240" step="2"/><V8/><F109/><W30/><G52/><T98/><D58/><U72/><E72/><V60/><F108/><W17/><G131/><T105/><D133/><U81/><E81/><V40/><F59/><W114/><G132/><T24/><D24/><U64/><E64/><V111/><F111/><W91/><G117/><T18/><D18/><U69/><E69/><V134/><F134/><W135/><G135/><T71/><D71/><U51/><E51/><V50/><F50/><W49/><G17/><T103/><D82/><U1/><E1/><V77/><F57/><W10/><G49/><T62/><D62/><U86/><E86/><V27/><F60/><W25/><G85/><T121/><D73/><U54/><E54/><V3/><F27/><W28/><G87/><N who="0" m="52639" /><D121/><U90/><E90/><V23/><F26/><W65/><G91/><T124/><D124/><U41/><E41/><V6/><F43/><W123/><G63/><T7/><D7/><U101/><E101/><V15/><F40/><W46/><G123/><T56/><D56/><U32/><E32/><V113/><F6/><W70/><G70/><T66/><D66/><U115/><E115/><V13/><F113/><W106/><G114/><T75/><D75/><U33/><E33/><V80/><F112/><W104/><G67/><RYUUKYOKU ba="0,1" sc="352,15,192,15,206,-15,240,-15" hai0="76,98,103,105" hai1="2,5,36,39,47,48,53,83,84,89,96,100,107" /><INIT seed="5,1,1,3,1,109" ten="367,207,191,225" oya="1" hai0="107,75,36,2,7,108,130,120,29,72,111,32,127" hai1="56,59,35,4,101,96,11,25,63,58,99,134,126" hai2="119,49,16,117,135,38,67,97,86,77,15,74,37" hai3="22,125,65,132,128,14,84,17,71,12,33,91,94"/><U44/><E134/><V69/><F74/><W92/><G132/><T110/><RYUUKYOKU type="yao9" ba="1,1" sc="367,0,207,0,191,0,225,0" hai0="2,7,29,32,36,72,75,107,108,110,111,120,127,130" /><INIT seed="5,2,1,2,1,116" ten="367,207,191,225" oya="1" hai0="120,28,0,85,108,67,72,25,5,38,66,127,126" hai1="61,129,124,8,1,2,71,122,105,60,9,34,130" hai2="10,100,37,121,40,20,57,111,89,134,45,97,12" hai3="27,62,41,47,112,91,76,77,55,113,99,65,107"/><U73/><E73/><V92/><F134/><W87/><G55/><T115/><D72/><U93/><E105/><V42/><F111/><W101/><G27/><T95/><D108/><U78/><E78/><V119/><F119/><W51/><G91/><T15/><D0/><N who="1" m="107" /><E93/><V74/><F74/><W125/><G125/><N who="0" m="47627" /><D38/><U63/><E124/><V128/><F128/><N who="1" m="49257" /><E34/><V30/><F100/><W46/><G46/><T82/><D95/><U43/><E43/><V3/><F42/><W133/><G133/><T58/><D115/><N who="3" m="44105" /><G87/><T118/><D118/><U31/><E31/><V52/><F30/><W110/><G110/><T49/><D28/><U90/><E90/><V75/><F75/><W81/><G81/><T83/><D83/><U102/><E102/><V96/><F96/><W26/><G26/><T131/><D131/><U114/><E114/><V48/><F89/><W7/><G7/><T33/><D33/><U88/><E88/><V29/><F29/><W39/><G39/><T50/><D82/><U36/><E36/><V98/><F37/><W109/><G109/><T21/><D85/><U56/><E56/><AGARI ba="2,1" hai="41,47,51,56,62,65,76,77,99,101,107" m="44105" machi="56" ten="30,1000,0" yaku="15,1" doraHai="116" who="3" fromWho="1" sc="367,0,207,-16,191,0,225,26" /><INIT seed="6,0,0,2,4,79" ten="367,191,191,251" oya="2" hai0="93,1,17,42,30,110,76,60,75,70,54,124,2" hai1="101,58,34,98,43,66,19,91,65,95,56,72,120" hai2="13,32,113,122,133,38,46,117,44,6,48,123,12" hai3="106,109,15,84,100,132,78,16,35,22,31,0,115"/><V4/><F117/><W27/><G109/><T128/><D30/><U107/><E34/><V127/><F32/><W85/><G132/><T125/><D42/><U89/><E72/><V63/><F63/><W97/><G115/><T135/><D93/><U96/><E120/><N who="2" m="46123" /><F48/><W53/><G53/><T25/><D2/><U40/><E19/><V130/><F38/><W9/><G78/><T114/><D17/><U11/><E11/><V105/><F113/><W33/><G33/><T102/><D60/><U18/><E18/><V99/><F133/><W28/><G28/><T111/><D54/><U26/><E26/><V129/><F127/><W67/><G67/><T10/><D25/><U94/><E101/><V119/><F119/><W73/><G73/><T69/><D102/><U24/><E24/><V87/><F87/><W116/><G116/><T47/><D124/><U88/><E91/><V57/><F57/><W50/><G50/><T52/><D111/><U7/><E107/><V92/><F105/><W21/><G21/><T71/><D71/><U61/><E61/><V86/><F86/><W74/><G74/><T118/><D69/><U62/><E62/><V134/><F134/><W5/><AGARI ba="0,0" hai="0,5,9,15,16,22,27,31,35,84,85,97,100,106" machi="5" ten="30,7900,0" yaku="0,1,24,2,54,1" doraHai="79" who="3" fromWho="3" sc="367,-20,191,-20,191,-39,251,79" /><INIT seed="7,0,0,0,4,105" ten="347,171,152,330" oya="3" hai0="5,111,101,35,32,34,95,119,59,6,60,46,128" hai1="64,51,15,82,120,27,40,86,41,4,75,133,87" hai2="52,49,9,68,78,131,115,56,58,100,88,93,36" hai3="50,106,110,76,91,45,77,28,83,8,33,42,107"/><W11/><G110/><T48/><D111/><U94/><E75/><V21/><F68/><W74/><G77/><T57/><D119/><U96/><E120/><V122/><F36/><W31/><G91/><T55/><D128/><U92/><E133/><V69/><F69/><W117/><G117/><T25/><D25/><U3/><E3/><V109/><F109/><W97/><G107/><T38/><D101/><U23/><E64/><V37/><F37/><W67/><G67/><T10/><D95/><U47/><E41/><V98/><F131/><W114/><G114/><T123/><D123/><U89/><E87/><V0/><F122/><W13/><G33/><T19/><D38/><U113/><E113/><V63/><F115/><W124/><G124/><T66/><D59/><U29/><E96/><V126/><F126/><W7/><REACH who="3" step="1"/><G8/><AGARI ba="0,0" hai="4,8,15,23,27,29,40,47,51,82,86,89,92,94" machi="8" ten="40,1300,0" yaku="8,1" doraHai="105" who="1" fromWho="3" sc="347,0,171,13,152,0,330,-13" owari="347,45.0,184,-22.0,152,-35.0,317,12.0" /></mjloggm>