<mjloggm ver="2.3"><GO type="169" lobby="0"/><UN n0="%73%61%6C%61%6D%61%6E" n1="%E3%83%8E%E3%82%AA%E3%83%81%E3%83%A3%E3%83%99%E3%82%B9" n2="%E3%82%B7%E3%82%A7%E3%82%A4%E3%83%97%E3%82%B7%E3%83%95%E3%82%BF%E3%83%BC" n3="%41%6E%74%69%64%6F%74%65" dan="16,16,16,16" rate="2102.19,2091.80,2136.82,2192.81" sx="M,M,M,M"/><TAIKYOKU oya="0"/><INIT seed="0,0,0,3,5,105" ten="250,250,250,250" oya="0" hai0="128,13,100,68,62,87,94,78,4,80,72,124,119" hai1="33,110,129,19,123,90,116,0,51,71,47,25,17" hai2="130,127,49,58,23,27,111,125,64,63,98,46,113" hai3="75,44,134,15,41,82,69,16,48,8,93,2,22"/><T91/><D119/><U115/><E71/><V73/><F113/><W106/><G106/><T84/><D124/><N who="2" m="47690" /><F111/><W26/><G69/><T66/><D128/><U52/><E116/><V83/><F98/><W39/><G134/><T18/><D4/><U95/><E123/><V55/><F130/><W32/><G93/><T1/><D1/><U126/><E129/><V5/><F5/><W96/><G96/><T31/><D31/><U108/><E0/><V59/><F83/><W11/><G32/><T103/><REACH who="0" step="1"/><D84/><REACH who="0" ten="240,250,250,250" step="2"/><U74/><E126/><V79/><F73/><W101/><G2/><T85/><D85/><U6/><E6/><V60/><F60/><W45/><G75/><T34/><D34/><U77/><E115/><V57/><F79/><W10/><G16/><AGARI ba="0,1" hai="16,23,27,46,49,55,57,58,59,63,64" m="47690" machi="16" ten="30,2000,0" yaku="18,1,54,1" doraHai="105" who="2" fromWho="3" sc="240,0,250,0,250,30,250,-20" /><INIT seed="1,0,0,2,3,64" ten="240,250,280,230" oya="1" hai0="55,121,29,116,127,51,111,68,109,19,62,65,97" hai1="101,28,6,89,49,48,95,12,88,125,73,11,87" hai2="18,93,80,30,135,69,8,100,26,60,9,102,22" hai3="37,63,117,99,83,32,130,114,14,92,98,113,71"/><U56/><E73/><V3/><F135/><W36/><G32/><T4/><D4/><U96/><E125/><V46/><F80/><W25/><G25/><T34/><D34/><U106/><E28/><V5/><F46/><W105/><G105/><T23/><D29/><U42/><E42/><V85/><F85/><W133/><G133/><T31/><D31/><U53/><E89/><V79/><F79/><W108/><G108/><N who="0" m="41547" /><D116/><U21/><E21/><V104/><F104/><W128/><G117/><T81/><D127/><U41/><E41/><V43/><F43/><W74/><G14/><T131/><D131/><U115/><E115/><V122/><F122/><W35/><G35/><T134/><D134/><U27/><E27/><V16/><F9/><W75/><G92/><T61/><D121/><U2/><E2/><V72/><F72/><W120/><G83/><T90/><D61/><AGARI ba="0,0" hai="6,11,12,48,49,53,56,61,87,88,95,96,101,106" machi="61" ten="30,2900,0" yaku="7,1,54,1" doraHai="64" who="1" fromWho="0" sc="240,-29,250,29,280,0,230,0" /><INIT seed="1,1,0,2,3,39" ten="211,279,280,230" oya="1" hai0="56,84,72,0,36,123,61,48,23,6,89,116,128" hai1="38,2,70,98,55,132,120,4,95,81,42,71,47" hai2="24,135,26,31,91,34,64,87,78,85,22,15,90" hai3="14,10,27,63,19,127,75,125,73,58,20,52,112"/><U99/><E120/><V69/><F135/><W134/><G112/><T44/><D116/><U110/><E132/><V33/><F78/><W88/><G134/><T82/><D123/><U35/><E35/><V13/><F69/><W3/><G3/><T21/><D128/><U40/><E99/><V100/><F100/><W41/><G41/><N who="0" m="24591" /><D36/><U43/><E110/><V83/><F64/><W119/><G119/><T8/><D0/><U121/><E121/><V108/><F108/><W117/><G117/><T122/><D72/><U101/><E38/><V45/><F45/><W96/><G75/><T32/><D32/><U106/><E106/><V74/><F74/><W80/><G73/><T53/><D122/><U102/><E102/><V105/><F105/><W124/><G80/><T60/><D60/><U12/><E2/><V18/><REACH who="2" step="1"/><F34/><REACH who="2" ten="211,279,270,230" step="2"/><W57/><G57/><T65/><D65/><U17/><E71/><V37/><F37/><W133/><G133/><T131/><D131/><U7/><E70/><V126/><F126/><W51/><G124/><T67/><D67/><U54/><E81/><AGARI ba="1,1" hai="13,15,18,22,24,26,31,33,81,83,85,87,90,91" machi="81" ten="30,7700,0" yaku="1,1,7,1,9,1,53,1" doraHai="39" doraHaiUra="25" who="2" fromWho="1" sc="211,0,279,-80,270,90,230,0" /><INIT seed="2,0,0,1,1,18" ten="211,199,360,230" oya="2" hai0="66,84,83,77,5,130,32,68,24,17,112,129,25" hai1="14,2,119,3,58,44,19,69,127,45,51,41,63" hai2="126,56,48,101,125,37,50,93,96,128,64,73,86" hai3="12,117,89,55,105,75,6,36,103,123,38,99,116"/><V39/><F73/><W120/><G75/><T78/><D112/><U100/><E119/><V52/><F128/><N who="0" m="49258" /><D5/><U23/><E127/><N who="2" m="48651" /><F64/><W91/><G55/><T76/><D68/><U59/><E69/><V65/><F65/><W11/><G91/><N who="0" m="51615" /><D66/><U30/><E100/><V92/><F48/><W15/><G15/><T0/><D0/><U67/><E59/><V82/><F93/><W121/><REACH who="3" step="1"/><G89/><AGARI ba="0,0" hai="37,39,50,52,56,82,86,89,92,96,101" m="48651" machi="89" ten="30,2900,0" yaku="18,1,54,1" doraHai="18" who="2" fromWho="3" sc="211,0,199,0,360,29,230,-29" /><INIT seed="2,1,0,2,3,7" ten="211,199,389,201" oya="2" hai0="57,26,103,27,86,96,64,18,14,102,1,24,107" hai1="66,94,21,73,63,72,8,74,53,47,5,12,90" hai2="119,19,89,31,38,43,108,35,78,117,92,29,25" hai3="52,97,83,59,91,128,126,34,82,16,44,131,58"/><V0/><F0/><W106/><G34/><T129/><D1/><U50/><E21/><V77/><F31/><W104/><G126/><T127/><D127/><U68/><REACH who="1" step="1"/><E72/><REACH who="1" ten="211,189,389,201" step="2"/><V55/><F35/><W46/><G128/><T80/><D129/><U22/><E22/><V132/><F117/><W70/><G131/><T67/><D27/><U84/><AGARI ba="1,1" hai="5,8,12,47,50,53,63,66,68,73,74,84,90,94" machi="84" ten="20,8000,1" yaku="1,1,0,1,7,1,52,1,53,1" doraHai="7" doraHaiUra="40" who="1" fromWho="1" sc="211,-21,189,93,389,-41,201,-21" /><INIT seed="3,0,0,1,5,109" ten="190,282,348,180" oya="3" hai0="111,84,66,120,82,92,79,11,1,30,20,52,88" hai1="21,101,6,125,68,121,49,104,89,69,110,8,19" hai2="7,128,87,4,54,58,99,55,64,90,47,33,40" hai3="2,102,37,103,119,74,94,36,80,34,124,135,96"/><W45/><G119/><T23/><D120/><U85/><E121/><V51/><F33/><W105/><G34/><T131/><D111/><U18/><E110/><V44/><F128/><W63/><G2/><T81/><D131/><U112/><E125/><V38/><F99/><W61/><G124/><T123/><D123/><U134/><E134/><V72/><F64/><W107/><G135/><T71/><D71/><U46/><E101/><V67/><F67/><W59/><G61/><T43/><D66/><U56/><E104/><V73/><F73/><W17/><G17/><T113/><D43/><U106/><E106/><V117/><F72/><W97/><G45/><T83/><D79/><U70/><E56/><V57/><F44/><W16/><G94/><T62/><D30/><U27/><E19/><V98/><F98/><W127/><G127/><T25/><D25/><U122/><E122/><V114/><F117/><W115/><G115/><T65/><D65/><U32/><E32/><V12/><F12/><W9/><G80/><T39/><D39/><U108/><E112/><V3/><F3/><W126/><G74/><T75/><D75/><U76/><E76/><V14/><F14/><N who="3" m="7247" /><G126/><T26/><D26/><U24/><E27/><V130/><F114/><W86/><G86/><T50/><D62/><U132/><E132/><V10/><F130/><W31/><G31/><T93/><D93/><N who="1" m="54447" /><E108/><V100/><F47/><W48/><G63/><T42/><D113/><U78/><E78/><V53/><F38/><W41/><G59/><N who="0" m="33175" /><D42/><N who="1" m="24791" /><E70/><V0/><F0/><W77/><G77/><T35/><D35/><RYUUKYOKU ba="0,0" sc="190,10,282,10,348,-30,180,10" hai0="1,11,20,23,81,82,83,84,88,92" hai1="6,8,18,21,24,68,69" hai3="36,37,41,48,96,97,102,103,105,107" /><INIT seed="3,1,0,5,2,46" ten="200,292,318,190" oya="3" hai0="85,49,109,84,102,91,92,37,123,59,119,27,60" hai1="32,55,45,93,101,97,125,1,58,52,61,9,99" hai2="80,116,39,81,129,127,29,120,70,134,7,113,28" hai3="23,41,135,124,31,38,114,82,48,128,78,131,76"/><W104/><G114/><T12/><D37/><U130/><E32/><V24/><F39/><W30/><G104/><T10/><D119/><U108/><E108/><V112/><F70/><W42/><G38/><T21/><D123/><U35/><E35/><V74/><F120/><W72/><G135/><T88/><D102/><U73/><E73/><V65/><F65/><W50/><G124/><T22/><D27/><U53/><E130/><N who="3" m="49706" /><G76/><T110/><D110/><U33/><E33/><V51/><F74/><W20/><G20/><T111/><D111/><U40/><E125/><V62/><F116/><W132/><G132/><T11/><D11/><U83/><E83/><V106/><F106/><W103/><G103/><T133/><D133/><U5/><E99/><V64/><F127/><W43/><G23/><T68/><D68/><U107/><E107/><V118/><F118/><W117/><G117/><T16/><D49/><AGARI ba="1,0" hai="1,5,9,40,45,49,52,53,55,58,61,93,97,101" machi="49" ten="30,3900,0" yaku="7,1,52,1,54,1" doraHai="46" who="1" fromWho="0" sc="200,-42,292,42,318,0,190,0" /><AGARI ba="1,0" hai="30,31,41,42,43,48,49,50,72,78,82" m="49706" machi="49" ten="30,11600,0" yaku="19,1,52,3" doraHai="46" who="3" fromWho="0" sc="158,-116,334,0,318,0,190,116" /><INIT seed="3,2,0,5,3,65" ten="42,334,318,306" oya="3" hai0="90,114,121,30,88,116,119,122,53,78,50,86,87" hai1="25,107,96,16,80,48,112,58,54,15,5,55,31" hai2="109,23,66,67,36,127,101,100,61,37,18,129,135" hai3="28,131,33,64,41,120,117,91,69,79,9,83,24"/><W103/><G117/><N who="0" m="45131" /><D30/><U62/><E5/><V2/><F2/><W133/><G120/><N who="0" m="46187" /><D50/><U134/><E112/><V8/><F109/><W106/><G91/><N who="0" m="34859" /><D53/><U59/><E80/><V72/><F8/><W89/><G89/><T73/><D114/><U124/><E107/><V11/><F11/><W123/><G123/><T45/><D45/><U13/><E96/><V34/><F66/><W130/><G41/><T32/><D32/><U1/><E1/><V115/><F34/><W46/><G46/><T49/><D49/><U68/><E15/><V81/><F67/><W39/><G9/><T76/><D73/><U99/><E25/><V98/><F72/><W35/><G39/><T126/><D126/><U95/><E31/><V7/><F37/><W29/><G29/><T26/><D26/><U4/><E4/><V108/><F7/><W102/><G35/><T63/><D63/><U92/><E124/><V19/><F61/><W118/><G118/><T113/><D113/><U128/><E62/><V75/><F75/><W94/><G33/><T132/><D132/><U17/><E134/><V10/><F135/><W93/><G133/><T57/><D57/><U82/><E48/><V6/><F127/><W0/><G28/><T44/><D44/><U70/><E13/><V12/><F12/><W47/><G24/><T21/><D21/><U3/><E3/><V20/><F23/><W110/><G47/><T111/><D111/><U14/><E14/><V40/><F20/><W43/><G110/><T104/><D104/><U71/><E59/><V97/><F115/><W56/><G56/><RYUUKYOKU ba="2,0" sc="42,30,334,-10,318,-10,306,-10" hai0="76,78,86,87" /><INIT seed="4,3,0,4,2,64" ten="72,324,308,296" oya="0" hai0="47,82,95,133,50,16,90,57,74,4,55,24,28" hai1="63,53,42,44,17,124,134,10,115,87,110,118,98" hai2="0,127,132,56,121,83,79,36,85,61,32,62,26" hai3="45,65,40,48,120,107,122,112,13,6,129,15,135"/><T22/><D133/><U35/><E35/><V67/><F121/><N who="3" m="46699" /><G107/><T33/><D4/><U46/><E118/><V7/><F36/><W73/><G73/><T8/><D8/><U54/><E110/><V80/><F127/><W59/><G129/><T43/><D82/><U51/><E124/><V96/><F96/><W20/><G112/><T93/><D74/><U38/><E115/><V111/><F111/><W11/><G135/><T14/><REACH who="0" step="1"/><D90/><REACH who="0" ten="62,324,308,296" step="2"/><U60/><E10/><V109/><F80/><W130/><G11/><T108/><D108/><U116/><E134/><V9/><F109/><W1/><G6/><T30/><D30/><U103/><E17/><V89/><F89/><W101/><G1/><T119/><D119/><U25/><E116/><V131/><F132/><W21/><G101/><T75/><D75/><U71/><E103/><V19/><F19/><W23/><G130/><T91/><D91/><U41/><E87/><V52/><F131/><W69/><G15/><T99/><D99/><U76/><E98/><V49/><F0/><W128/><G13/><T3/><D3/><U126/><E126/><V102/><F102/><W18/><G128/><T37/><AGARI ba="3,1" hai="14,16,22,24,28,33,37,43,47,50,55,57,93,95" machi="37" ten="20,12000,1" yaku="1,1,0,1,7,1,54,1,53,1" doraHai="64" doraHaiUra="70" who="0" fromWho="0" sc="62,139,324,-43,308,-43,296,-43" /><INIT seed="4,4,0,4,3,46" ten="201,281,265,253" oya="0" hai0="19,20,134,127,95,22,63,85,110,61,42,69,113" hai1="67,70,1,44,115,100,12,34,58,73,71,28,52" hai2="62,126,56,88,77,122,103,16,5,14,27,112,125" hai3="72,105,64,118,76,98,97,26,15,81,124,35,23"/><T4/><D113/><U50/><E1/><V99/><F122/><W31/><G118/><T101/><D127/><N who="2" m="48650" /><F77/><W93/><G124/><T17/><D134/><U94/><E73/><V106/><F5/><W132/><G132/><T45/><D4/><U78/><E78/><V37/><F37/><W74/><G105/><T120/><D120/><U48/><E115/><V90/><F27/><W9/><G64/><T96/><D110/><U51/><E12/><V47/><F47/><W89/><G72/><T39/><D69/><U3/><E3/><V121/><F121/><W116/><G116/><T8/><D8/><U41/><E67/><N who="2" m="39367" /><F112/><W66/><G66/><T6/><D6/><U65/><E65/><V111/><F111/><W84/><G35/><T10/><D10/><AGARI ba="4,0" hai="10,14,16,88,90,99,103,106" m="39367,48650" machi="10" ten="30,3900,0" yaku="18,1,54,2" doraHai="46" who="2" fromWho="0" sc="201,-51,281,0,265,51,253,0" /><INIT seed="5,0,0,3,5,7" ten="150,281,316,253" oya="1" hai0="59,66,31,135,68,61,91,53,80,115,26,123,120" hai1="79,121,77,103,101,122,28,56,85,29,6,113,71" hai2="42,37,114,134,117,41,93,106,65,126,108,51,132" hai3="15,64,11,22,57,72,92,73,62,112,127,38,5"/><U70/><E6/><V40/><F106/><W27/><G38/><T84/><D115/><U87/><REACH who="1" step="1"/><E56/><REACH who="1" ten="150,271,316,253" step="2"/><V82/><F114/><AGARI ba="0,1" hai="28,29,70,71,77,79,85,87,101,103,113,114,121,122" machi="114" ten="25,9600,0" yaku="1,1,2,1,22,2,53,0" doraHai="7" doraHaiUra="18" who="1" fromWho="2" sc="150,0,271,106,316,-96,253,0" /><INIT seed="5,1,0,3,3,1" ten="150,377,220,253" oya="1" hai0="107,128,43,127,19,129,98,51,11,38,76,36,47" hai1="96,31,17,110,39,23,106,123,22,135,32,124,119" hai2="102,95,133,84,79,126,68,132,25,74,26,88,117" hai3="4,20,83,5,67,114,130,44,103,108,18,104,97"/><U41/><E119/><V89/><F117/><W66/><G108/><T78/><D127/><U93/><E106/><V8/><F68/><W3/><G114/><T6/><D19/><U61/><E123/><V131/><F102/><W92/><G130/><N who="0" m="50283" /><D107/><U12/><E32/><V86/><F131/><W54/><G3/><N who="0" m="479" /><D98/><U10/><E124/><V50/><F126/><W46/><G104/><T134/><D134/><N who="2" m="51818" /><F50/><N who="3" m="28999" /><G46/><T62/><D62/><U27/><E135/><V85/><F74/><W13/><G83/><T125/><D125/><U80/><E110/><V105/><F105/><W75/><G75/><T65/><D65/><AGARI ba="1,0" hai="4,5,13,18,20,65,66,67,92,97,103" m="28999" machi="65" ten="30,3900,0" yaku="8,1,52,2" doraHai="1" who="3" fromWho="0" sc="150,-42,377,0,220,0,253,42" /><INIT seed="6,0,0,0,3,42" ten="108,377,220,295" oya="2" hai0="17,74,88,113,24,59,112,114,61,118,101,54,60" hai1="57,104,11,128,5,20,46,102,111,96,87,48,129" hai2="77,10,132,65,43,95,68,44,40,6,49,52,34" hai3="125,86,53,36,47,84,80,106,108,15,14,38,122"/><V115/><F34/><W66/><G122/><T58/><D118/><U73/><E73/><V31/><F31/><W119/><G119/><T72/><D101/><U75/><E75/><V83/><F115/><W35/><G35/><T98/><D74/><U127/><E111/><V124/><F124/><W116/><G116/><T64/><D72/><U130/><E127/><V121/><F121/><W29/><G29/><T133/><D133/><U67/><E20/><V55/><F68/><W1/><G1/><T107/><D107/><U81/><E57/><V134/><F65/><W91/><G106/><T28/><D17/><U76/><E67/><V93/><F40/><W3/><G3/><T7/><D7/><U26/><E26/><V22/><F22/><W90/><G108/><T99/><REACH who="0" step="1"/><D88/><REACH who="0" ten="98,377,220,295" step="2"/><U39/><E5/><V97/><F134/><W110/><G90/><T9/><D9/><U21/><E11/><V41/><F132/><W27/><G91/><T63/><D63/><U4/><E4/><V100/><F10/><W33/><G125/><T79/><D79/><U18/><E21/><AGARI ba="0,1" hai="21,24,28,54,58,59,60,61,64,98,99,112,113,114" machi="21" ten="40,8000,1" yaku="1,1,15,1,53,3" doraHai="42" doraHaiUra="109" who="0" fromWho="1" sc="98,90,377,-80,220,0,295,0" /><INIT seed="7,0,0,5,2,60" ten="188,297,220,295" oya="3" hai0="69,17,29,127,111,88,124,72,117,73,19,0,131" hai1="100,130,56,78,51,114,32,50,90,107,84,2,92" hai2="68,115,37,14,103,39,63,48,13,80,36,23,55" hai3="108,109,54,134,24,15,123,22,65,70,43,40,12"/><W26/><G123/><T118/><D111/><N who="3" m="42569" /><G134/><T133/><D133/><U121/><E121/><V7/><F103/><W44/><G54/><T16/><D131/><U10/><E32/><V120/><F23/><W57/><G70/><T126/><D69/><U116/><E130/><V45/><F14/><N who="3" m="5163" /><G22/><T8/><D29/><U74/><E114/><V122/><F80/><W46/><G65/><T66/><D66/><U53/><E116/><N who="0" m="44649" /><D88/><U101/><E51/><N who="2" m="29167" /><F13/><W33/><G57/><T49/><D49/><U52/><E53/><V104/><F104/><W91/><G91/><T59/><D59/><U95/><E107/><V102/><F7/><AGARI ba="0,0" hai="0,7,8,16,17,19,72,73,124,126,127" m="44649" machi="7" ten="40,2600,0" yaku="18,1,54,1" doraHai="60" who="0" fromWho="2" sc="188,26,297,0,220,-26,295,0" /><INIT seed="8,0,0,5,4,82" ten="214,297,194,295" oya="0" hai0="126,63,83,65,6,89,59,134,97,121,110,135,66" hai1="85,58,30,88,60,46,43,18,70,107,44,108,39" hai2="96,8,114,115,33,69,84,86,95,28,106,10,54" hai3="119,61,25,5,92,76,105,127,49,99,0,26,129"/><T9/><D121/><U124/><E108/><V50/><F106/><W16/><G105/><T100/><D110/><U53/><E107/><V118/><F69/><W94/><G76/><T42/><D42/><U27/><E18/><V32/><F28/><W34/><G34/><T4/><D126/><U101/><E101/><V2/><F2/><W112/><G112/><T19/><D66/><U45/><E70/><V38/><F38/><W14/><G119/><T22/><D100/><U52/><E53/><V64/><F64/><W13/><G5/><T91/><D97/><U15/><E15/><V29/><F118/><W68/><G68/><T122/><D122/><U104/><E104/><V90/><F115/><W81/><G0/><T133/><D9/><N who="2" m="3690" /><F114/><W131/><G127/><T75/><D75/><U48/><E39/><V77/><F33/><W47/><G129/><T78/><D78/><U113/><E124/><V67/><F77/><W98/><G131/><T3/><D3/><U130/><E130/><V17/><F67/><W71/><G71/><T11/><D11/><U55/><E55/><V40/><F40/><W102/><G13/><N who="0" m="9583" /><D83/><N who="1" m="49215" /><E113/><V12/><F32/><W72/><G72/><T23/><D23/><N who="1" m="15743" /><E43/><V120/><F120/><W7/><G81/><T87/><D91/><U36/><E36/><V123/><F123/><W35/><G35/><T79/><D79/><U93/><E93/><V132/><F29/><W73/><G73/><T62/><D62/><U125/><E125/><V117/><F117/><W56/><G61/><T20/><D20/><U21/><E21/><N who="2" m="11431" /><F132/><W80/><G102/><RYUUKYOKU ba="0,0" sc="214,10,297,10,194,10,295,-30" hai0="4,6,59,63,65,87,89,133,134,135" hai1="44,45,46,48,52,58,60" hai2="50,54,84,86,90,95,96" /><INIT seed="8,1,0,1,3,103" ten="224,307,204,265" oya="0" hai0="134,107,88,4,68,77,53,72,84,51,110,104,90" hai1="95,67,93,75,43,10,106,49,76,132,25,7,11" hai2="39,133,102,21,87,61,12,32,105,40,120,46,63" hai3="27,36,60,58,28,130,37,73,97,69,57,22,0"/><T34/><D68/><U59/><E106/><N who="0" m="40489" /><D34/><U112/><E112/><V62/><F120/><W79/><G0/><T86/><D4/><U122/><E122/><V54/><F133/><W116/><G116/><T13/><D13/><U109/><E132/><V29/><F32/><W124/><G69/><T96/><D134/><U66/><E76/><V94/><F105/><W31/><G58/><T23/><D23/><U114/><E75/><V115/><F115/><W80/><G31/><T30/><D30/><U35/><E114/><V89/><F102/><W82/><G37/><T2/><D2/><U55/><E109/><V56/><REACH who="2" step="1"/><F12/><REACH who="2" ten="224,307,194,265" step="2"/><W123/><G123/><T8/><D110/><U16/><E35/><V64/><F64/><W100/><G100/><T42/><D96/><U65/><E65/><V111/><F111/><W74/><G97/><T117/><D117/><U91/><E67/><V9/><F9/><W108/><G108/><T47/><D8/><U126/><E66/><V98/><F98/><W127/><G22/><T5/><D72/><U6/><E11/><V17/><F17/><W99/><G74/><T20/><D20/><U38/><E10/><V81/><F81/><W125/><G80/><N who="0" m="47119" /><D5/><U83/><E7/><V131/><F131/><W128/><G99/><T78/><D78/><U118/><E6/><V14/><F14/><W41/><G128/><T121/><D121/><U18/><E18/><V50/><F50/><W52/><G130/><T135/><D135/><U3/><E16/><V15/><F15/><W129/><G129/><T19/><D19/><U24/><E3/><RYUUKYOKU ba="1,1" sc="224,-10,307,-10,194,30,265,-10" hai2="21,29,39,40,46,54,56,61,62,63,87,89,94" /><INIT seed="9,2,1,3,2,46" ten="214,297,224,255" oya="1" hai0="115,54,85,0,84,36,59,40,32,134,107,82,126" hai1="30,104,23,3,11,123,73,20,6,62,122,94,25" hai2="57,68,105,65,53,17,100,74,12,106,83,90,111" hai3="69,56,33,61,24,60,92,35,108,26,120,129,128"/><U96/><E73/><V2/><F2/><W15/><G120/><T91/><D115/><U1/><E104/><V16/><F100/><W77/><G108/><T130/><D32/><N who="3" m="12361" /><G77/><T114/><D114/><U50/><E3/><V67/><F106/><W79/><G79/><T13/><D0/><U34/><E62/><N who="3" m="24170" /><G56/><T44/><D107/><U89/><E50/><N who="2" m="30903" /><F68/><W66/><G69/><T63/><D126/><U112/><E112/><V9/><F74/><W95/><G15/><T124/><D124/><U5/><E5/><N who="2" m="3119" /><F111/><W4/><G4/><T21/><D130/><N who="3" m="50281" /><G66/><N who="2" m="25097" /><F105/><W93/><AGARI ba="2,1" hai="24,26,92,93,95" m="50281,24170,12361" machi="93" ten="40,5200,0" yaku="28,2,19,1" doraHai="46" who="3" fromWho="3" sc="214,-15,297,-28,224,-15,255,68" owari="199,-30.0,269,7.0,209,-19.0,323,42.0" /></mjloggm>