<mjloggm ver="2.3"><GO type="169" lobby="0"/><UN n0="%E3%82%AD%E3%83%B3%E3%82%B0%E3%81%82%E3%81%A4%E3%81%97" n1="%E7%B7%91%E3%81%AE%E3%83%A9%E3%83%B3%E3%83%97" n2="%E3%82%B7%E3%83%B3%E3%83%95%E3%82%A9%E3%83%8B%E3%82%A2" n3="%E3%82%B8%E3%83%A5%E3%82%BF%32" dan="17,16,18,16" rate="2176.88,2078.10,2244.99,2050.94" sx="M,M,M,M"/><TAIKYOKU oya="0"/><INIT seed="0,0,0,5,0,131" ten="250,250,250,250" oya="0" hai0="38,56,21,45,123,117,116,103,12,37,2,124,128" hai1="87,102,114,42,132,18,19,47,24,55,43,106,115" hai2="28,16,82,4,73,3,75,58,8,108,22,27,122" hai3="79,13,101,9,1,62,74,105,85,69,78,126,40"/><T77/><D2/><U95/><E106/><V63/><F108/><W130/><G130/><T20/><D128/><U6/><E6/><V10/><F122/><W51/><G1/><T39/><D123/><U60/><E60/><V41/><F41/><W14/><G74/><T118/><D124/><U135/><E55/><V111/><F111/><W44/><G126/><T0/><D0/><U92/><E87/><V129/><F129/><W97/><G14/><T119/><D103/><U104/><E104/><V100/><F100/><W70/><G62/><T89/><D77/><U15/><E24/><V32/><F82/><W84/><G85/><T57/><D45/><U113/><E19/><V133/><F10/><W107/><G105/><T46/><D46/><U30/><E30/><V99/><F99/><W59/><G59/><N who="0" m="22603" /><D119/><U96/><E95/><V98/><F98/><W93/><G79/><T34/><D12/><U64/><E64/><V110/><F110/><W7/><REACH who="3" step="1"/><G107/><REACH who="3" ten="250,250,250,240" step="2"/><T81/><D118/><U91/><E102/><V94/><F73/><W90/><G90/><T54/><D89/><U35/><E35/><V65/><F75/><W120/><G120/><T121/><D34/><U52/><E43/><V80/><F80/><AGARI ba="0,1" hai="7,9,13,40,44,51,69,70,78,80,84,93,97,101" machi="80" ten="40,8000,1" yaku="1,1,25,2,53,1" doraHai="131" doraHaiUra="36" who="3" fromWho="2" sc="250,0,250,0,250,-80,240,90" /><INIT seed="1,0,0,2,4,75" ten="250,250,170,330" oya="1" hai0="6,47,126,97,48,56,134,37,79,106,43,85,26" hai1="21,18,52,120,128,15,118,130,62,119,80,125,111" hai2="113,34,99,12,20,67,54,84,60,31,9,66,70" hai3="123,133,5,83,39,103,78,76,13,35,116,28,19"/><U129/><E120/><V30/><F113/><W96/><G123/><T102/><D126/><U25/><E125/><V107/><F34/><W117/><G39/><T40/><D134/><U36/><E36/><V32/><F32/><W14/><G133/><T86/><D6/><U51/><E62/><V110/><F110/><W88/><G5/><T92/><D106/><U29/><E80/><V98/><F107/><W89/><G28/><T90/><D79/><N who="3" m="30249" /><G35/><T53/><D40/><U55/><E111/><V127/><F127/><W101/><G83/><T87/><REACH who="0" step="1"/><D26/><REACH who="0" ten="240,250,170,330" step="2"/><U74/><E74/><V10/><F30/><W17/><G116/><N who="1" m="44586" /><E51/><V121/><F31/><W68/><G117/><T0/><D0/><U1/><E1/><V64/><F121/><W95/><G68/><T41/><D41/><U46/><E46/><V4/><F70/><W65/><G65/><T124/><D124/><U7/><E7/><V58/><F4/><W73/><G73/><T27/><D27/><U42/><E42/><V93/><F66/><W131/><G131/><T122/><D122/><U105/><E105/><V72/><F72/><W61/><G13/><T81/><AGARI ba="0,1" hai="37,43,47,48,53,56,81,85,86,87,90,92,97,102" machi="81" ten="20,2700,0" yaku="1,1,0,1,7,1,53,0" doraHai="75" doraHaiUra="132" who="0" fromWho="0" sc="240,37,250,-13,170,-7,330,-7" /><INIT seed="2,0,0,2,0,65" ten="277,237,163,323" oya="2" hai0="60,120,64,101,44,77,4,39,43,88,110,1,78" hai1="29,135,83,16,79,0,20,74,127,33,11,116,87" hai2="17,5,12,55,10,45,40,117,105,21,93,53,50" hai3="85,107,32,108,48,41,30,49,69,80,25,3,121"/><V89/><F105/><W100/><G121/><T103/><D120/><U23/><E116/><V57/><F117/><W82/><G3/><T131/><D4/><U104/><E104/><V133/><F133/><W6/><G6/><T126/><D1/><U26/><E135/><V13/><REACH who="2" step="1"/><F57/><REACH who="2" ten="277,237,153,323" step="2"/><W22/><G107/><T42/><D126/><U67/><E127/><V118/><F118/><W128/><G128/><T96/><D131/><U14/><E0/><V84/><AGARI ba="0,1" hai="5,10,12,13,17,21,40,45,50,53,55,84,89,93" machi="84" ten="20,7800,0" yaku="1,1,0,1,7,1,8,1,53,0" doraHai="65" doraHaiUra="27" who="2" fromWho="2" sc="277,-26,237,-26,153,88,323,-26" /><INIT seed="2,1,0,5,1,82" ten="251,211,241,297" oya="2" hai0="91,56,60,0,9,55,120,106,76,74,98,35,19" hai1="30,132,54,125,57,20,65,61,80,67,49,107,22" hai2="59,127,115,105,94,15,3,75,97,52,83,79,69" hai3="6,96,66,99,111,119,47,46,93,124,40,31,103"/><V37/><F115/><W135/><G119/><T36/><D120/><U129/><E107/><V84/><F127/><W87/><G124/><T5/><D35/><U86/><E125/><V29/><F3/><W90/><G111/><T16/><D36/><U17/><E132/><V73/><F69/><W112/><G135/><T102/><D76/><U48/><E129/><V64/><F37/><W51/><G6/><T123/><D74/><U71/><E30/><V108/><F64/><N who="1" m="24649" /><E71/><V2/><F2/><W21/><G66/><T78/><D78/><N who="1" m="46359" /><E22/><V18/><F29/><W26/><G112/><T95/><REACH who="0" step="1"/><D123/><REACH who="0" ten="241,211,241,297" step="2"/><U121/><E121/><V43/><F108/><W7/><G103/><T1/><D1/><U39/><E39/><V81/><F75/><W101/><G101/><T27/><D27/><AGARI ba="1,1" hai="17,20,27,48,49,54,57,61" m="46359,24649" machi="27" ten="30,2000,0" yaku="8,1,52,1" doraHai="82" who="1" fromWho="0" sc="241,-23,211,33,241,0,297,0" /><INIT seed="3,0,0,2,4,79" ten="218,244,241,297" oya="3" hai0="123,98,80,94,78,108,61,91,76,58,60,39,85" hai1="42,37,66,126,55,48,15,67,24,20,44,100,70" hai2="9,87,75,112,68,119,59,54,33,127,18,92,1" hai3="10,49,41,65,45,129,105,14,97,131,62,21,8"/><W111/><G21/><T135/><D108/><U5/><E126/><V34/><F75/><W93/><G105/><T53/><D135/><U95/><E5/><V57/><F68/><W29/><G29/><T0/><D123/><U38/><E15/><V84/><F112/><W35/><G35/><T110/><D110/><U46/><E38/><V106/><F106/><W82/><G82/><T89/><D0/><U32/><E32/><V86/><F119/><W11/><G14/><T90/><D39/><U43/><E100/><V88/><F127/><W64/><G111/><T12/><D78/><U114/><E95/><V19/><F57/><W30/><G30/><T28/><D28/><U16/><E70/><V17/><F33/><W99/><G99/><T107/><D107/><U116/><E114/><V104/><F34/><W130/><REACH who="3" step="1"/><G62/><REACH who="3" ten="218,244,241,287" step="2"/><N who="0" m="36175" /><D12/><U132/><E116/><V51/><REACH who="2" step="1"/><F104/><REACH who="2" ten="218,244,231,287" step="2"/><W7/><G7/><AGARI ba="0,2" hai="1,7,9,17,18,19,51,54,59,84,86,87,88,92" machi="7" ten="40,5200,0" yaku="1,1,2,1,54,1,53,0" doraHai="79" doraHaiUra="118" who="2" fromWho="3" sc="218,0,244,0,231,72,287,-52" /><INIT seed="4,0,0,0,5,79" ten="218,244,303,235" oya="0" hai0="132,103,60,0,104,44,112,71,27,97,11,5,30" hai1="118,68,18,128,110,69,24,54,130,99,13,87,46" hai2="105,86,8,51,42,108,1,94,83,58,57,93,67" hai3="72,131,92,101,109,20,33,52,32,64,82,3,134"/><T16/><D112/><U78/><E24/><V41/><F108/><W61/><G109/><T123/><D123/><U10/><E99/><V90/><F105/><W7/><G134/><T26/><D132/><U121/><E118/><V98/><F1/><W48/><G131/><N who="1" m="50218" /><E110/><V12/><F93/><W122/><G20/><T43/><D16/><U63/><E121/><V91/><F67/><W47/><G122/><T84/><D84/><U25/><E25/><V95/><F95/><W53/><G53/><T45/><D26/><U56/><E46/><N who="2" m="26063" /><F42/><W85/><G72/><T23/><REACH who="0" step="1"/><D43/><REACH who="0" ten="208,244,303,235" step="2"/><U31/><E31/><V65/><F65/><AGARI ba="0,1" hai="0,5,11,23,27,30,44,45,60,65,71,97,103,104" machi="65" ten="40,3900,0" yaku="1,1,2,1,53,0" doraHai="79" doraHaiUra="14" who="0" fromWho="2" sc="208,49,244,0,303,-39,235,0" /><INIT seed="4,1,0,4,1,59" ten="257,244,264,235" oya="0" hai0="56,72,97,84,118,49,70,102,112,130,92,85,98" hai1="110,81,2,65,13,86,122,101,134,23,79,82,37" hai2="125,40,60,117,94,17,104,10,88,58,124,50,51" hai3="111,77,80,53,19,93,21,90,5,123,126,12,61"/><T120/><D70/><U108/><E2/><V115/><F104/><W48/><G111/><T1/><D1/><U29/><E37/><V99/><F115/><W43/><G126/><N who="2" m="48745" /><F117/><W64/><G43/><T15/><D118/><U41/><E41/><V25/><F40/><W78/><G80/><T89/><D120/><U107/><E122/><V6/><F6/><W7/><G5/><T116/><D116/><U74/><E107/><V30/><F10/><W18/><G18/><T34/><D72/><U96/><E134/><V76/><F17/><W33/><G33/><T46/><D34/><U54/><E29/><V135/><F76/><W9/><G123/><T16/><D56/><U32/><E23/><N who="2" m="15679" /><F135/><W57/><G9/><N who="0" m="6255" /><D130/><U71/><E32/><V87/><F87/><N who="0" m="33354" /><D112/><U95/><E13/><V69/><F69/><W83/><G7/><T131/><D131/><U52/><E110/><V0/><F0/><W105/><G83/><T8/><D8/><U91/><REACH who="1" step="1"/><E108/><REACH who="1" ten="257,234,264,235" step="2"/><V22/><F22/><W127/><G127/><T129/><D129/><U62/><AGARI ba="1,1" hai="52,54,62,65,71,74,79,81,82,86,91,95,96,101" machi="62" ten="30,8000,1" yaku="1,1,2,1,0,1,52,1,54,1,53,0" doraHai="59" doraHaiUra="38" who="1" fromWho="1" sc="257,-41,234,93,264,-21,235,-21" /><INIT seed="5,0,0,5,3,125" ten="216,327,243,214" oya="1" hai0="97,121,102,44,41,17,78,101,132,27,84,34,110" hai1="70,69,118,122,128,88,67,24,2,54,81,20,0" hai2="107,22,15,123,76,59,4,45,55,129,35,73,90" hai3="60,115,98,86,82,61,63,117,72,31,29,12,74"/><U94/><E122/><V28/><F107/><W32/><G115/><T9/><D110/><U68/><E67/><V21/><F123/><W33/><G98/><T95/><D132/><U100/><E100/><V93/><F45/><W80/><G12/><N who="0" m="7311" /><D34/><U23/><E23/><V66/><F66/><W3/><G3/><T56/><D121/><U19/><E81/><V14/><F76/><W89/><G117/><T114/><D114/><U116/><E2/><V10/><F73/><W48/><G48/><N who="0" m="26639" /><D27/><U71/><E0/><V36/><F36/><W130/><G130/><T103/><D56/><U58/><N who="1" m="17408" /><DORA hai="135" /><U40/><E128/><V11/><F28/><W46/><G46/><T30/><D30/><U105/><E40/><V96/><F35/><W42/><G42/><T120/><D120/><U1/><E1/><V127/><F129/><W75/><G32/><T37/><D37/><U62/><E105/><V131/><F131/><W133/><G133/><T119/><D119/><U104/><E104/><V113/><F113/><W5/><G5/><T49/><D49/><U6/><E6/><N who="2" m="3415" /><F22/><W53/><G33/><T108/><D108/><U92/><REACH who="1" step="1"/><E92/><REACH who="1" ten="216,317,243,214" step="2"/><V39/><F21/><W111/><G111/><T91/><D78/><U25/><E25/><V26/><F26/><W134/><G134/><T112/><D112/><U18/><E18/><V64/><F64/><W8/><G8/><T16/><D16/><U51/><E51/><N who="2" m="31231" /><F39/><W47/><G31/><T99/><AGARI ba="0,1" hai="84,91,95,97,99,101,102,103" m="26639,7311" machi="99" ten="30,1100,0" yaku="8,1" doraHai="125,135" who="0" fromWho="0" sc="216,21,317,-5,243,-3,214,-3" /><INIT seed="6,0,0,0,0,62" ten="237,312,240,211" oya="2" hai0="89,126,115,86,93,54,96,3,75,44,122,119,1" hai1="2,26,87,19,5,110,129,63,114,84,16,128,70" hai2="101,133,60,72,25,30,131,125,39,15,94,112,67" hai3="31,82,130,95,103,57,50,48,36,106,108,73,117"/><V27/><F72/><W81/><G108/><T105/><D122/><U99/><E110/><V134/><F39/><W46/><G106/><T12/><D115/><U51/><E99/><N who="2" m="59639" /><F112/><W22/><G117/><T35/><D35/><U59/><E114/><V53/><F125/><W90/><G103/><N who="0" m="62695" /><D12/><U132/><E132/><N who="2" m="50795" /><F131/><N who="1" m="50249" /><E5/><V61/><F15/><W113/><G130/><T107/><D107/><U18/><E2/><V104/><F104/><W41/><G36/><T56/><D44/><U52/><E26/><V124/><F124/><W58/><G73/><T42/><D42/><U28/><E28/><V8/><F8/><W78/><G113/><T83/><D126/><U33/><E33/><V74/><F74/><W88/><G31/><T43/><D43/><U68/><E68/><N who="2" m="42087" /><F30/><W6/><G6/><T127/><D127/><U38/><E38/><V64/><F53/><W121/><G121/><T0/><D0/><U100/><E100/><V29/><F29/><W17/><G78/><N who="0" m="44511" /><D119/><U13/><E13/><V92/><F92/><W77/><G95/><T24/><D24/><U69/><E69/><AGARI ba="0,0" hai="25,27,61,64,69" m="42087,50795,59639" machi="69" ten="30,5800,0" yaku="20,1,52,2" doraHai="62" who="2" fromWho="1" sc="237,0,312,-58,240,58,211,0" /><INIT seed="6,1,0,3,5,3" ten="237,254,298,211" oya="2" hai0="102,119,104,47,56,44,24,131,28,121,87,76,69" hai1="68,49,123,98,60,48,135,117,122,63,97,112,118" hai2="50,133,8,113,52,18,26,86,31,127,99,91,90" hai3="124,67,57,107,88,34,101,4,23,114,125,64,72"/><V73/><F113/><W42/><G34/><T35/><D121/><U1/><E1/><V71/><F73/><W61/><G72/><T89/><D76/><U7/><E68/><V13/><F133/><W111/><G111/><T109/><D109/><U5/><REACH who="1" step="1"/><E112/><REACH who="1" ten="237,244,298,211" step="2"/><V96/><F71/><W59/><G114/><T17/><D69/><U54/><E54/><V129/><F52/><W128/><G42/><T30/><D119/><U40/><E40/><V53/><F53/><W39/><G128/><T12/><D131/><U62/><E62/><V115/><F129/><W134/><G61/><T77/><D56/><U46/><E46/><V37/><F115/><W105/><G59/><T95/><D47/><U22/><E22/><V2/><F2/><W79/><G23/><T6/><D44/><U75/><E75/><V92/><F37/><W58/><G39/><T32/><D32/><U126/><E126/><V9/><F127/><W38/><G38/><T70/><D70/><U78/><E78/><V83/><F50/><W74/><G79/><T45/><D45/><U100/><E100/><V94/><F91/><W84/><G101/><T41/><D41/><U51/><E51/><V110/><F90/><W116/><G74/><T85/><D77/><U80/><E80/><V15/><F83/><W36/><G36/><T106/><D102/><U130/><E130/><V103/><F103/><W93/><G124/><T55/><D55/><U43/><E43/><V82/><F82/><W14/><G88/><T20/><D35/><U19/><E19/><V65/><F18/><W81/><G125/><RYUUKYOKU ba="1,1" sc="237,-10,244,30,298,-10,211,-10" hai1="5,7,48,49,60,63,97,98,117,118,122,123,135" /><INIT seed="7,2,1,4,1,56" ten="227,274,288,201" oya="3" hai0="21,62,72,9,65,64,124,52,123,53,106,96,73" hai1="50,18,32,49,87,74,43,45,84,27,59,83,76" hai2="57,14,42,133,2,100,99,1,61,115,54,60,19" hai3="15,35,70,38,110,118,82,119,34,39,23,101,5"/><W79/><G70/><T8/><D123/><U3/><E3/><V7/><F42/><W126/><G126/><T30/><D106/><U104/><E104/><V11/><F115/><W22/><G110/><T47/><D73/><U55/><REACH who="1" step="1"/><E18/><REACH who="1" ten="227,264,288,201" step="2"/><V108/><F19/><W105/><G119/><T26/><D124/><U69/><E69/><V121/><F1/><W44/><G118/><T0/><D0/><U6/><E6/><V10/><F7/><W88/><G5/><T94/><D72/><U4/><E4/><V135/><F2/><W40/><G38/><T127/><D127/><U24/><E24/><V120/><F121/><W113/><G113/><T75/><D75/><U109/><E109/><V90/><F108/><W17/><G105/><T63/><D26/><U29/><AGARI ba="2,2" hai="27,29,32,43,45,49,50,55,59,74,76,83,84,87" machi="29" ten="30,2000,0" yaku="1,1,0,1,53,0" doraHai="56" doraHaiUra="111" who="1" fromWho="1" sc="227,-7,264,46,288,-7,201,-12" owari="220,-18.0,310,41.0,281,8.0,189,-31.0" /></mjloggm>