<mjloggm ver="2.3"><GO type="169" lobby="0"/><UN n0="%E8%BD%9F%E9%8B%BC%E9%89%84" n1="%E3%82%81%E3%82%93%E3%81%9F%E3%82%93%6F" n2="%79%61%73%73%61%6E" n3="%79%75%36%31%39%7A%69" dan="16,16,16,16" rate="2206.38,2117.59,2141.37,2125.98" sx="M,F,M,M"/><TAIKYOKU oya="0"/><INIT seed="0,0,0,0,5,113" ten="250,250,250,250" oya="0" hai0="15,68,47,72,83,73,116,104,55,82,54,100,118" hai1="39,85,66,44,70,28,120,22,4,133,121,34,19" hai2="132,12,35,130,18,103,26,5,76,88,127,20,33" hai3="90,1,96,38,23,11,13,89,108,40,37,114,31"/><T102/><D68/><U60/><E133/><V42/><F132/><W129/><G114/><T74/><D15/><U80/><E34/><V106/><F76/><W27/><G1/><T97/><D47/><U65/><E28/><V84/><F42/><W62/><G129/><T71/><D71/><U87/><E65/><V98/><F127/><W51/><G51/><T16/><D16/><U2/><E85/><V59/><F59/><W3/><G3/><T110/><D110/><U53/><E4/><V79/><F79/><W123/><G123/><T107/><D73/><U25/><E2/><V8/><REACH who="2" step="1"/><F130/><REACH who="2" ten="250,250,240,250" step="2"/><W67/><G40/><T24/><REACH who="0" step="1"/><D97/><REACH who="0" ten="240,250,240,250" step="2"/><U45/><E121/><V56/><F56/><W43/><G96/><T131/><D131/><U86/><E120/><V30/><F30/><W92/><G43/><T32/><D32/><U17/><E39/><V9/><F9/><W105/><G38/><T49/><D49/><U75/><E45/><V58/><F58/><W63/><G37/><T46/><D46/><U109/><E44/><V93/><AGARI ba="0,2" hai="5,8,12,18,20,26,33,35,84,88,93,98,103,106" machi="93" ten="20,8000,1" yaku="1,1,0,1,7,1,54,1,53,1" doraHai="113" doraHaiUra="14" who="2" fromWho="2" sc="240,-40,250,-20,240,100,250,-20" /><INIT seed="1,0,0,1,4,2" ten="200,230,340,230" oya="1" hai0="111,118,89,102,23,12,106,116,48,41,96,87,24" hai1="133,103,0,40,115,104,107,82,93,88,91,132,38" hai2="84,94,42,90,56,19,35,31,130,86,66,60,126" hai3="27,62,16,58,61,49,36,44,108,32,34,99,129"/><U109/><E40/><V9/><F126/><W50/><G36/><T14/><D111/><U5/><E38/><V57/><F130/><W83/><G108/><T46/><D118/><U33/><E33/><V119/><F42/><W3/><G129/><T110/><D110/><U131/><E109/><V47/><F47/><W71/><G71/><T124/><D124/><U59/><E131/><V117/><F31/><W64/><G62/><T39/><D116/><U70/><E70/><V72/><F72/><W122/><G122/><T53/><D89/><N who="1" m="34379" /><E115/><V121/><F86/><W29/><G34/><T15/><D87/><U73/><E59/><V97/><F35/><W100/><G44/><T81/><D81/><U1/><E0/><V51/><F84/><W68/><G68/><T128/><D128/><U92/><E1/><V69/><F69/><W123/><G123/><T127/><D127/><U105/><E5/><V25/><F121/><W77/><G3/><T22/><REACH who="0" step="1"/><D24/><REACH who="0" ten="190,230,340,230" step="2"/><U55/><E55/><N who="2" m="31871" /><F25/><W114/><G114/><T74/><D74/><U79/><E103/><V10/><F119/><W98/><G100/><T78/><D78/><U80/><E80/><V30/><F117/><W28/><G83/><T17/><D17/><U45/><E45/><AGARI ba="0,1" hai="12,14,15,22,23,39,41,45,46,48,53,96,102,106" machi="45" ten="40,8000,1" yaku="1,1,53,3" doraHai="2" doraHaiUra="11" who="0" fromWho="1" sc="190,90,230,-80,340,0,230,0" /><INIT seed="2,0,0,2,2,77" ten="280,150,340,230" oya="2" hai0="3,2,92,107,81,51,122,111,39,84,26,80,14" hai1="64,120,56,1,73,132,8,86,102,105,47,44,114" hai2="96,23,21,130,88,124,31,63,119,25,97,104,76" hai3="98,109,85,10,93,108,9,106,62,78,41,125,45"/><V116/><F76/><W129/><G106/><T30/><D107/><U53/><E73/><V4/><F4/><W27/><G129/><T40/><D39/><U38/><E114/><V127/><F104/><W91/><G125/><N who="2" m="48201" /><F130/><W117/><G117/><N who="2" m="45129" /><F63/><W36/><G27/><T83/><D14/><U43/><E132/><V54/><F54/><W50/><G36/><T49/><D111/><N who="3" m="42569" /><G62/><T95/><D122/><U115/><E102/><V74/><F74/><W60/><G60/><T15/><D15/><U103/><E8/><V118/><N who="2" m="45137" /><V68/><DORA hai="61" /><F68/><W69/><G69/><T67/><D67/><U22/><E1/><V133/><F133/><W24/><G24/><T0/><D40/><U90/><E120/><V13/><F88/><N who="3" m="55591" /><G78/><T72/><D72/><U58/><E115/><V35/><F35/><W121/><G121/><T19/><D19/><AGARI ba="0,0" hai="13,19,21,23,25,31,96,97" m="45137,48201" machi="19" ten="50,2400,0" yaku="18,1" doraHai="77,61" who="2" fromWho="0" sc="280,-24,150,0,340,24,230,0" /><INIT seed="2,1,0,4,5,111" ten="256,150,364,230" oya="2" hai0="93,126,89,17,102,100,64,69,85,106,62,99,74" hai1="87,77,19,83,15,76,105,97,28,56,98,55,33" hai2="120,31,20,70,2,38,81,29,58,115,127,49,96" hai3="52,118,11,22,44,82,27,119,46,24,23,132,107"/><V128/><F70/><W16/><G107/><T72/><D126/><U54/><E105/><V35/><F38/><W108/><G108/><T66/><D100/><U68/><E68/><V21/><F2/><W32/><G32/><T110/><D110/><U114/><E33/><V6/><F6/><W18/><G132/><T59/><D17/><U104/><E28/><V73/><F35/><W61/><G82/><T47/><D47/><U121/><E121/><V37/><F37/><W129/><G129/><T1/><D1/><U79/><E114/><V103/><F115/><W0/><G0/><T51/><D64/><U40/><E40/><V12/><F21/><W80/><G80/><T48/><D69/><U135/><E135/><V65/><F65/><W5/><G5/><T109/><D109/><U75/><E75/><V84/><F73/><W91/><G91/><T43/><D43/><U63/><E104/><V86/><F128/><W92/><G92/><T117/><D117/><U10/><REACH who="1" step="1"/><E55/><REACH who="1" ten="256,140,364,230" step="2"/><N who="2" m="32111" /><F29/><W94/><G119/><T14/><D74/><U8/><E8/><V101/><F31/><W113/><G118/><T53/><D72/><U4/><E4/><V131/><F120/><W71/><G113/><T95/><D106/><U112/><E112/><V26/><F131/><W124/><G11/><T41/><D41/><U50/><E50/><V88/><F20/><W9/><G9/><T60/><D51/><U133/><E133/><V116/><F116/><W122/><G122/><T13/><D48/><U45/><E45/><V25/><F127/><W134/><G124/><T125/><D125/><RYUUKYOKU ba="1,1" sc="256,15,140,15,364,-15,230,-15" hai0="13,14,53,59,60,62,66,85,89,93,95,99,102" hai1="10,15,19,54,56,63,76,77,79,83,87,97,98" /><INIT seed="3,2,1,3,5,38" ten="271,155,349,215" oya="3" hai0="128,66,69,104,107,77,11,48,53,132,2,52,72" hai1="54,60,65,83,75,34,118,92,18,73,22,124,120" hai2="23,117,91,76,134,78,57,90,9,131,101,87,99" hai3="81,115,31,15,6,121,74,58,45,7,44,94,51"/><W133/><G121/><T127/><D128/><U111/><E120/><V47/><F117/><W19/><G115/><T93/><D66/><U108/><E118/><V8/><F134/><W86/><G74/><T114/><D69/><U26/><E34/><V119/><F57/><W130/><G31/><T56/><D132/><U116/><E116/><V109/><F109/><N who="1" m="42057" /><E124/><V67/><F67/><W3/><G3/><T79/><D127/><U10/><E54/><V29/><F47/><N who="3" m="17995" /><G94/><T24/><D93/><U49/><E49/><V110/><F110/><W71/><G71/><T5/><D24/><U98/><E10/><V59/><F29/><W1/><G1/><T28/><D28/><U106/><E83/><V84/><F131/><W135/><G130/><T89/><D114/><U129/><E106/><V21/><F119/><W55/><G135/><T33/><D33/><U12/><E26/><V88/><F59/><W35/><G35/><T103/><D107/><U17/><E17/><V113/><F113/><W68/><G68/><T13/><D2/><U105/><E105/><V62/><F8/><N who="3" m="6631" /><G133/><T0/><D0/><U14/><E14/><V63/><F9/><W122/><G122/><T43/><D13/><U112/><E129/><V95/><F21/><W16/><G16/><T25/><D11/><U82/><E82/><N who="2" m="47175" /><F23/><W123/><G123/><T50/><D104/><U61/><E112/><V32/><F32/><W126/><G126/><T36/><D72/><N who="1" m="27723" /><E65/><V20/><F20/><W102/><G102/><AGARI ba="2,1" hai="12,18,22,60,61,92,98,102" m="27723,42057" machi="102" ten="30,1000,0" yaku="14,1" doraHai="38" who="1" fromWho="3" sc="271,0,155,26,349,0,215,-16" /><INIT seed="4,0,0,4,4,132" ten="271,181,349,199" oya="0" hai0="70,101,69,127,74,43,97,114,95,24,87,90,53" hai1="72,85,21,34,19,61,48,29,73,45,47,89,58" hai2="122,52,39,67,6,17,130,88,51,128,83,41,120" hai3="115,11,10,131,37,9,92,103,124,123,46,12,86"/><T135/><D135/><U59/><E34/><V107/><F107/><W99/><G115/><T25/><D114/><U121/><E121/><V84/><F6/><W81/><G131/><N who="2" m="50217" /><F67/><W64/><G123/><T44/><D53/><U76/><E29/><V56/><F17/><W129/><G129/><T65/><D74/><U28/><E28/><V16/><F16/><W109/><G109/><T80/><D127/><U23/><E76/><V40/><F40/><W98/><G99/><T55/><D55/><U117/><E117/><V22/><F22/><W32/><G32/><T119/><D119/><U0/><E0/><V134/><F134/><W82/><G64/><T71/><REACH who="0" step="1"/><D65/><REACH who="0" ten="261,181,349,199" step="2"/><U93/><E73/><V108/><F108/><W78/><G124/><T68/><N who="0" m="17408" /><DORA hai="4" /><T106/><D106/><U96/><E72/><V104/><F104/><W13/><G46/><AGARI ba="0,1" hai="39,41,46,51,52,56,83,84,88,120,122" m="50217" machi="46" ten="30,3900,0" yaku="19,1,54,2" doraHai="132,4" who="2" fromWho="3" sc="261,0,181,0,349,49,199,-39" /><INIT seed="5,0,0,5,0,33" ten="261,181,398,160" oya="1" hai0="106,10,28,131,16,62,0,68,132,127,27,80,116" hai1="9,37,112,107,118,57,129,130,78,134,53,39,93" hai2="46,90,22,124,64,88,54,25,29,83,7,49,19" hai3="123,102,91,135,72,5,81,56,67,17,52,121,24"/><U117/><E107/><V95/><F124/><W84/><G135/><T87/><D106/><U13/><E78/><V70/><F70/><W126/><G126/><T38/><D38/><N who="1" m="14347" /><E93/><V97/><F64/><W71/><G102/><T94/><D132/><U99/><E99/><V47/><F7/><W59/><G72/><T89/><D127/><U55/><E134/><V76/><F46/><W69/><G5/><T21/><D116/><N who="1" m="44651" /><E13/><V100/><F29/><W101/><G101/><T4/><D131/><N who="1" m="50187" /><E9/><V125/><F125/><W110/><G67/><T122/><D94/><U104/><E104/><V128/><F128/><W105/><G105/><T26/><D26/><U74/><E74/><AGARI ba="0,0" hai="19,22,25,47,49,54,74,76,83,88,90,95,97,100" machi="74" ten="30,2000,0" yaku="7,1,54,1" doraHai="33" who="2" fromWho="1" sc="261,0,181,-20,398,20,160,0" /><INIT seed="6,0,0,1,2,105" ten="261,161,418,160" oya="2" hai0="29,30,33,82,81,54,26,52,23,120,93,42,92" hai1="59,24,86,48,95,79,14,90,117,32,116,102,99" hai2="66,47,106,111,69,134,89,34,119,17,104,114,110" hai3="39,124,7,40,25,84,128,18,94,77,112,68,3"/><V74/><F34/><W65/><G7/><T58/><D120/><U108/><E108/><V70/><F47/><W35/><G3/><T27/><D42/><U64/><E79/><V15/><F119/><W9/><G9/><T115/><D115/><U121/><E121/><V122/><F122/><W135/><G18/><T6/><D6/><U1/><E1/><V45/><F45/><W28/><G94/><T63/><D54/><U127/><E127/><V5/><F5/><W87/><G84/><T76/><REACH who="0" step="1"/><D82/><REACH who="0" ten="251,161,418,160" step="2"/><U78/><E117/><V100/><F114/><W36/><G112/><T53/><D53/><U67/><E116/><V133/><F111/><W60/><G124/><T37/><D37/><U4/><E4/><V73/><F110/><W109/><G109/><T85/><AGARI ba="0,1" hai="23,26,27,29,30,33,52,58,63,76,81,85,92,93" machi="85" ten="20,8000,1" yaku="1,1,0,1,7,1,54,1,53,1" doraHai="105" doraHaiUra="55" who="0" fromWho="0" sc="251,90,161,-20,418,-40,160,-20" /><INIT seed="7,0,0,2,0,109" ten="341,141,378,140" oya="3" hai0="70,85,46,61,23,57,68,17,98,82,122,19,121" hai1="112,55,83,75,29,7,41,8,105,10,76,127,125" hai2="44,35,45,101,92,14,77,25,106,3,18,117,102" hai3="91,11,113,59,84,95,40,107,79,36,108,111,126"/><W5/><G107/><T39/><D17/><U2/><E29/><V120/><F3/><N who="3" m="447" /><G126/><N who="1" m="48138" /><E112/><V53/><F106/><W86/><G59/><T51/><D39/><U65/><E65/><V30/><F120/><W128/><G40/><T28/><D28/><U62/><E105/><V116/><F77/><W130/><G36/><T97/><D68/><U34/><E34/><V80/><F80/><N who="3" m="47135" /><G113/><T89/><D70/><U90/><E90/><V104/><F104/><W52/><G52/><T110/><D110/><AGARI ba="0,0" hai="86,91,95,108,110,111,128,130" m="47135,447" machi="110" ten="30,1500,0" yaku="10,1" doraHai="109" who="3" fromWho="0" sc="341,-15,141,0,378,0,140,15" /><INIT seed="7,1,0,0,4,73" ten="326,141,378,155" oya="3" hai0="11,83,64,1,61,59,89,128,135,117,36,26,79" hai1="54,74,62,9,66,131,76,103,108,127,35,27,86" hai2="67,91,115,122,3,47,112,23,31,25,52,87,107" hai3="21,95,43,72,19,0,102,80,118,123,100,114,32"/><W28/><G123/><T69/><D117/><U53/><E108/><V8/><F107/><W119/><G0/><T24/><D128/><U99/><E74/><V57/><F67/><W38/><G32/><T120/><D120/><U16/><E131/><V41/><F122/><W39/><G28/><T50/><D135/><U44/><E44/><V90/><F8/><W75/><G75/><T81/><D36/><U58/><E127/><V111/><F3/><W71/><G71/><T34/><D89/><U68/><E35/><V46/><F91/><W30/><G30/><T126/><D126/><U106/><E68/><V109/><F46/><W124/><G124/><T121/><D83/><U94/><E106/><V125/><F125/><W110/><G110/><T63/><D50/><U55/><E86/><V129/><F129/><W13/><G43/><T88/><D121/><U10/><E76/><V70/><F70/><W15/><G72/><T130/><D79/><U105/><E105/><V77/><F77/><W56/><G56/><T101/><D101/><N who="3" m="39017" /><G95/><T134/><D134/><U5/><E5/><V40/><F111/><W98/><G98/><T33/><D130/><U6/><E6/><V60/><F109/><W22/><G80/><T17/><D1/><U65/><E65/><V116/><F116/><N who="3" m="44587" /><G114/><N who="2" m="43561" /><F47/><W45/><G45/><T12/><D34/><U14/><E10/><V132/><F132/><W97/><G97/><T104/><D33/><U113/><E113/><V96/><F96/><W133/><G133/><T37/><D104/><U2/><E2/><V92/><AGARI ba="1,0" hai="23,25,31,40,41,52,57,60,87,90,92" m="43561" machi="92" ten="30,2000,0" yaku="15,1,54,1" doraHai="73" who="2" fromWho="2" sc="326,-6,141,-6,378,23,155,-11" owari="320,12.0,135,-36.0,401,50.0,144,-26.0" /></mjloggm>