<mjloggm ver="2.3"><GO type="185" lobby="0"/><UN n0="%72%61%73%62%65%72%72%79" n1="%E3%82%B5%E3%83%B3%E3%83%9E%E6%BC%81%E5%B8%AB%4B" n2="%E8%83%A1%E6%A4%92%E5%B0%91%E3%80%85" n3="" dan="17,17,16,0" rate="2275.51,2259.57,2147.19,1500.00" sx="F,M,F,C"/><TAIKYOKU oya="0"/><INIT seed="0,0,0,4,2,52" ten="350,350,350,0" oya="0" hai0="115,37,105,59,116,83,128,114,44,124,34,40,48" hai1="35,122,51,81,41,0,84,71,119,42,61,36,102" hai2="93,131,33,32,86,88,125,127,89,43,92,98,62" hai3=""/><T107/><D34/><U108/><N who="1" m="31264" /><U91/><E119/><V118/><F118/><T53/><D116/><U63/><E35/><V82/><F131/><T54/><D128/><U49/><E0/><V45/><F62/><T76/><D124/><N who="2" m="47690" /><F82/><T129/><D129/><U103/><E36/><AGARI ba="0,0" hai="32,33,36,43,45,86,88,89,92,93,98" m="47690" machi="36" ten="30,2000,0" yaku="18,1,54,1" doraHai="52" who="2" fromWho="1" sc="350,0,350,-20,350,20,0,0" /><INIT seed="1,0,0,4,3,131" ten="350,330,370,0" oya="1" hai0="83,104,69,60,79,39,130,40,71,114,121,129,53" hai1="45,33,38,67,122,0,123,58,51,99,98,59,128" hai2="64,116,109,66,36,102,100,76,46,74,135,78,87" hai3=""/><U43/><N who="1" m="31264" /><U54/><N who="1" m="31520" /><U70/><E0/><V88/><F116/><T126/><N who="0" m="31008" /><T81/><D114/><U93/><E128/><V118/><F118/><T44/><D126/><U47/><E33/><V52/><F109/><T107/><D130/><U90/><REACH who="1" step="1"/><E98/><REACH who="1" ten="350,320,370,0" step="2"/><V86/><F74/><T80/><D129/><U2/><E2/><V125/><F125/><T92/><D71/><U57/><E57/><V113/><F113/><T34/><D34/><U89/><E89/><V68/><F68/><T3/><D3/><U72/><E72/><V49/><F88/><T96/><D69/><U77/><E77/><V106/><F78/><T119/><D119/><U127/><E127/><V41/><F76/><T101/><REACH who="0" step="1"/><D79/><REACH who="0" ten="340,320,370,0" step="2"/><U95/><E95/><V117/><F117/><T55/><D55/><U103/><E103/><V37/><F52/><T84/><D84/><U62/><AGARI ba="0,2" hai="38,43,45,47,51,54,58,59,62,67,70,90,93,99" m="31520,31264" machi="62" ten="30,8000,1" yaku="1,1,0,1,52,2,53,1" doraHai="131" doraHaiUra="91" who="1" fromWho="1" sc="340,-40,320,100,370,-40,0,0" /><INIT seed="1,1,0,3,0,89" ten="300,420,330,0" oya="1" hai0="95,62,68,112,73,65,87,75,1,39,41,76,99" hai1="94,119,45,122,47,35,115,56,98,109,48,86,50" hai2="135,72,131,133,102,125,74,127,106,70,134,132,66" hai3=""/><U0/><N who="1" m="31264" /><U46/><E0/><V54/><N who="2" m="33792" /><DORA hai="113" /><V37/><F37/><T93/><D112/><U117/><E115/><V67/><F106/><T126/><D1/><U114/><E114/><V91/><F102/><T124/><D41/><U79/><E35/><V53/><F91/><T92/><D39/><U42/><E109/><V78/><F131/><T51/><D51/><U129/><E129/><V100/><F100/><T84/><D99/><U59/><E47/><V60/><F67/><T118/><D118/><U49/><E49/><V103/><F103/><T105/><D105/><U63/><E98/><V40/><F40/><T33/><D33/><U38/><E38/><V81/><REACH who="2" step="1"/><F74/><REACH who="2" ten="300,420,320,0" step="2"/><T43/><D43/><U85/><E42/><V120/><N who="2" m="30752" /><V116/><F116/><T83/><REACH who="0" step="1"/><D75/><REACH who="0" ten="290,420,320,0" step="2"/><U32/><E32/><V36/><F36/><T44/><D44/><U71/><E45/><V107/><F107/><T57/><D57/><U104/><E46/><V123/><N who="2" m="31520" /><V128/><F128/><T2/><D2/><U80/><E104/><V121/><N who="2" m="31008" /><V52/><AGARI ba="1,2" hai="52,53,54,60,66,70,72,78,81,125,127" m="31008,31520,30752,33792" machi="52" ten="60,12000,3" yaku="1,1,4,1,0,1,20,1,52,3,54,1,53,0" doraHai="89,113" doraHaiUra="69,82" who="2" fromWho="2" sc="290,-41,420,-81,320,142,0,0" /><INIT seed="2,0,0,4,1,132" ten="249,339,462,0" oya="2" hai0="52,55,114,111,118,110,87,69,127,102,39,123,34" hai1="125,95,134,37,63,89,81,108,59,2,121,62,73" hai2="49,106,44,109,35,91,96,46,119,50,60,133,0" hai3=""/><V84/><F133/><T79/><N who="0" m="31520" /><T98/><D118/><U48/><N who="1" m="31008" /><U92/><E37/><V75/><F75/><T33/><D114/><U74/><E2/><V64/><F35/><T72/><D72/><U122/><N who="1" m="31264" /><U100/><E134/><V104/><F0/><T58/><D69/><U103/><E48/><V57/><F109/><N who="0" m="41482" /><D39/><U42/><E42/><V41/><F96/><T54/><D127/><U113/><E108/><V130/><F130/><T67/><D67/><U77/><E113/><V76/><F76/><T101/><D58/><U86/><E125/><V97/><F97/><T43/><D43/><U99/><E63/><V112/><F112/><T56/><D56/><U78/><E59/><V128/><F128/><T94/><D102/><U51/><E51/><V53/><REACH who="2" step="1"/><F119/><REACH who="2" ten="249,339,452,0" step="2"/><T117/><D117/><U61/><E103/><V107/><F107/><T124/><D124/><U90/><E100/><V82/><AGARI ba="0,1" hai="41,44,46,49,50,53,57,60,64,82,84,91,104,106" machi="82" ten="20,2600,0" yaku="1,1,0,1,7,1,53,0" doraHai="132" doraHaiUra="1" who="2" fromWho="2" sc="249,-13,339,-13,452,36,0,0" /><INIT seed="2,1,0,2,0,82" ten="236,326,488,0" oya="2" hai0="67,65,96,93,50,53,131,89,87,37,132,2,101" hai1="3,90,85,70,125,98,75,100,41,64,112,0,33" hai2="121,111,94,45,1,81,46,52,115,80,88,44,83" hai3=""/><V62/><N who="2" m="31008" /><V78/><F115/><T118/><D118/><U35/><E75/><V124/><F1/><T123/><N who="0" m="31520" /><T84/><D2/><U34/><E112/><V119/><F119/><T66/><D132/><U107/><E125/><V60/><F124/><T38/><D131/><U32/><N who="1" m="8192" /><DORA hai="72" /><U95/><REACH who="1" step="1"/><E41/><REACH who="1" ten="236,316,488,0" step="2"/><V61/><F111/><T39/><REACH who="0" step="1"/><D101/><REACH who="0" ten="226,316,488,0" step="2"/><U91/><E91/><V126/><F126/><T43/><D43/><U56/><E56/><AGARI ba="1,2" hai="37,38,39,50,53,56,65,66,67,84,87,89,93,96" m="31520" machi="56" ten="50,8000,1" yaku="1,1,52,3,53,0" doraHai="82,72" doraHaiUra="106,58" who="0" fromWho="1" sc="226,102,316,-82,488,0,0,0" /><INIT seed="4,0,0,2,0,42" ten="328,234,488,0" oya="0" hai0="83,54,67,3,51,40,53,114,46,2,127,106,41" hai1="113,64,103,39,134,130,98,48,62,78,52,55,116" hai2="91,1,97,89,118,79,49,135,115,102,81,38,93" hai3=""/><T107/><D114/><U131/><E116/><V90/><F1/><T105/><D127/><U111/><E111/><V33/><F33/><T85/><D67/><U59/><E113/><V35/><F35/><T57/><D41/><U84/><E39/><V124/><F38/><T117/><D117/><U77/><E134/><V76/><F118/><T94/><D94/><U108/><E108/><V119/><F119/><T120/><N who="0" m="30752" /><T104/><N who="0" m="26624" /><DORA hai="65" /><T32/><D32/><U58/><E98/><V56/><F135/><T88/><REACH who="0" step="1"/><D54/><REACH who="0" ten="318,234,488,0" step="2"/><U75/><E64/><V69/><F124/><T82/><D82/><U36/><E55/><V112/><F81/><T128/><D128/><U132/><E52/><V71/><F115/><T101/><D101/><U122/><E103/><V43/><F43/><T100/><D100/><U129/><E132/><V86/><F112/><T60/><AGARI ba="0,1" hai="2,3,40,46,51,53,57,60,83,85,88" m="26624,30752" machi="60" ten="60,12000,2" yaku="1,1,0,1,52,2,54,1,53,1" doraHai="42,65" doraHaiUra="126,45" who="0" fromWho="0" sc="318,130,234,-60,488,-60,0,0" /><INIT seed="4,1,0,5,3,1" ten="448,174,428,0" oya="0" hai0="128,134,85,42,116,98,76,107,118,45,62,61,74" hai1="40,39,96,3,41,55,86,32,67,34,59,51,102" hai2="133,35,121,113,125,64,95,36,60,127,135,87,33" hai3=""/><T122/><N who="0" m="31264" /><T99/><D74/><U78/><E3/><V97/><N who="2" m="31008" /><V43/><F113/><T71/><D134/><N who="2" m="51210" /><F87/><T58/><D128/><U93/><E67/><V103/><F43/><T84/><D71/><U108/><E108/><V119/><F36/><T92/><D107/><U90/><E78/><V117/><F127/><T75/><D75/><U81/><REACH who="1" step="1"/><E39/><REACH who="1" ten="448,164,428,0" step="2"/><V73/><F125/><T115/><D76/><U83/><E83/><V106/><F73/><T56/><D115/><U82/><E82/><V91/><F119/><T2/><D2/><U126/><E126/><V112/><F112/><T37/><D37/><U38/><E38/><V46/><F117/><T72/><D72/><U65/><E65/><V79/><F79/><T123/><N who="0" m="31520" /><T109/><D109/><U57/><E57/><V69/><F46/><T110/><D110/><U53/><E53/><V48/><F48/><T101/><D45/><U120/><N who="1" m="30752" /><U129/><E129/><V80/><F80/><T94/><D118/><U47/><E47/><V52/><F52/><T104/><D116/><U89/><E89/><V130/><F130/><T68/><D58/><U44/><E44/><V132/><F132/><T49/><D56/><U63/><E63/><RYUUKYOKU ba="1,1" sc="448,-20,164,10,428,10,0,0" hai1="32,34,40,41,51,55,59,81,86,90,93,96,102" hai2="33,35,60,64,69,91,95,97,103,106" /><INIT seed="5,2,1,2,4,48" ten="428,174,438,0" oya="1" hai0="37,112,52,125,116,35,60,65,81,82,44,57,92" hai1="127,86,98,113,75,134,103,128,64,78,71,133,67" hai2="105,66,54,2,88,96,0,69,97,132,36,85,122" hai3=""/><U124/><E71/><V84/><N who="2" m="31264" /><V33/><F33/><T95/><D35/><U70/><E70/><V62/><F36/><T91/><D112/><U3/><E3/><V49/><F132/><N who="1" m="50793" /><E64/><V108/><F108/><T117/><D125/><N who="1" m="48203" /><E67/><V118/><F118/><N who="0" m="45674" /><D95/><U106/><E113/><V79/><F79/><T63/><D63/><U32/><E32/><V121/><N who="2" m="31008" /><V46/><F85/><T100/><D100/><U41/><E41/><V1/><F105/><T58/><D58/><U83/><E75/><V90/><F2/><T43/><D65/><U123/><N who="1" m="31520" /><U73/><E73/><V120/><N who="2" m="30752" /><V50/><F1/><T130/><D43/><U80/><E80/><V93/><F0/><T119/><D119/><U76/><E128/><V61/><F66/><T135/><D130/><U110/><E110/><V42/><F69/><T40/><D135/><U129/><E129/><V51/><F42/><T39/><D37/><U45/><E45/><V89/><F46/><T94/><D82/><U99/><E99/><V126/><F126/><T59/><D59/><U109/><E109/><V68/><F68/><T114/><D114/><U56/><E56/><V131/><F131/><T53/><D40/><U72/><E72/><RYUUKYOKU ba="2,1" sc="428,-10,174,20,438,-10,0,0" hai1="76,78,83,86,98,103,106" /><INIT seed="5,3,1,2,2,44" ten="418,194,428,0" oya="1" hai0="2,34,39,129,133,97,36,127,66,116,53,42,113" hai1="54,86,48,95,132,122,135,126,51,59,1,100,105" hai2="88,130,83,47,72,111,60,87,63,52,109,46,121" hai3=""/><U50/><N who="1" m="31264" /><U49/><E1/><V107/><N who="2" m="31008" /><V99/><F130/><T128/><D2/><U131/><E131/><V77/><F111/><T35/><D97/><U80/><E105/><V3/><F3/><T57/><D113/><U134/><E126/><V61/><F109/><T91/><D127/><U75/><E75/><V108/><F108/><T81/><D81/><U85/><E80/><V101/><REACH who="2" step="1"/><F52/><REACH who="2" ten="418,194,418,0" step="2"/><T64/><D53/><U40/><E40/><V96/><F96/><AGARI ba="3,2" hai="48,49,50,51,54,59,85,86,95,96,100,132,134,135" m="31264" machi="96" ten="50,18000,2" yaku="20,1,52,5" doraHai="44" who="1" fromWho="2" sc="418,0,194,206,418,-186,0,0" /><INIT seed="5,4,0,2,0,123" ten="418,400,232,0" oya="1" hai0="78,71,116,44,88,97,75,46,118,33,69,126,119" hai1="70,125,121,47,127,81,58,90,94,89,92,61,35" hai2="67,65,100,114,132,66,3,96,60,130,32,62,57" hai3=""/><U63/><N who="1" m="31008" /><U84/><E35/><V36/><F32/><T104/><D33/><U101/><E70/><N who="0" m="26633" /><D126/><U108/><E47/><N who="0" m="17961" /><D104/><U135/><E135/><V83/><F3/><T99/><D88/><U56/><E101/><V86/><F36/><T42/><D42/><U85/><E81/><AGARI ba="4,0" hai="75,78,81,97,99,116,118,119" m="17961,26633" machi="81" ten="40,1300,0" yaku="12,1" doraHai="123" who="0" fromWho="1" sc="418,21,400,-21,232,0,0,0" /><INIT seed="6,0,0,5,5,47" ten="439,379,232,0" oya="2" hai0="87,105,35,2,65,84,60,100,92,110,58,0,59" hai1="97,131,43,54,116,124,103,75,38,67,68,133,127" hai2="41,32,121,55,40,91,63,117,128,57,90,82,71" hai3=""/><V61/><N who="2" m="31008" /><V1/><F1/><T135/><D110/><U66/><E75/><V46/><F32/><T129/><D35/><U113/><E97/><V96/><F128/><T45/><D135/><U98/><E98/><V126/><F117/><T70/><D129/><U56/><E103/><V107/><F126/><N who="1" m="48169" /><E131/><V37/><F40/><T119/><D119/><U120/><N who="1" m="30752" /><U122/><N who="1" m="31264" /><U3/><E3/><V76/><F107/><T77/><D105/><U111/><E116/><V52/><F96/><T88/><D100/><U51/><E111/><V89/><F71/><T48/><D2/><U53/><E113/><V102/><F102/><T134/><D134/><U112/><E112/><V81/><REACH who="2" step="1"/><F76/><REACH who="2" ten="439,379,222,0" step="2"/><T123/><N who="0" m="31520" /><T39/><D0/><U72/><E133/><V99/><F99/><T132/><D132/><U94/><E68/><V95/><F95/><T125/><D125/><U85/><E94/><V42/><F42/><T33/><D33/><U83/><E43/><V36/><F36/><T49/><D39/><U69/><E38/><V62/><F62/><T78/><D70/><U101/><E101/><V73/><F73/><T44/><D92/><U108/><E72/><V130/><F130/><T106/><D106/><RYUUKYOKU ba="0,1" sc="439,-10,379,-10,222,20,0,0" hai2="37,41,46,52,55,57,61,63,81,82,89,90,91" /><INIT seed="6,1,1,3,3,84" ten="429,369,242,0" oya="2" hai0="57,72,81,68,87,60,114,82,105,1,89,80,42" hai1="41,50,71,91,109,131,53,44,85,112,3,101,63" hai2="97,64,76,39,48,67,79,43,110,69,46,116,111" hai3=""/><V75/><F116/><T113/><D1/><U92/><E109/><N who="2" m="41483" /><F75/><T96/><D68/><U88/><E3/><V34/><F34/><T125/><D125/><U58/><E112/><N who="0" m="43113" /><D72/><U118/><E131/><V52/><F97/><T95/><D42/><U49/><E118/><V103/><F103/><T107/><D96/><U51/><E101/><V134/><F134/><T100/><D100/><U104/><E104/><V132/><F132/><T90/><D90/><U2/><E2/><V70/><F70/><T65/><AGARI ba="1,1" hai="57,60,65,80,81,82,87,89,95,105,107" m="43113" machi="65" ten="30,3000,0" yaku="15,1,11,1,52,1" doraHai="84" who="0" fromWho="0" sc="429,42,369,-11,242,-21,0,0" owari="471,42.0,358,-4.0,221,-38.0,0,0.0" /></mjloggm>