<mjloggm ver="2.3"><GO type="225" lobby="0"/><UN n0="%E6%97%A5%E6%9B%9C%E6%97%A5%E3%82%88%E3%82%8A%E3%81%AE%E4%BD%BF%E8%80%85" n1="%E8%88%B9%E8%A6%8B%E7%B5%90%E8%A1%A3%E3%81%A1%E3%82%83%E3%82%93" n2="%E6%9D%A5%E9%80%B1%E3%81%AE%E7%B3%B8%E4%BA%95" n3="%E2%98%85%E3%83%9F%E3%83%BC%E3%82%B3%E2%98%85" dan="16,16,16,17" rate="2165.57,2132.12,2139.09,2231.76" sx="M,F,M,F"/><TAIKYOKU oya="0"/><INIT seed="0,0,0,3,3,24" ten="250,250,250,250" oya="0" hai0="29,46,37,0,81,88,115,102,76,28,113,75,119" hai1="90,132,111,123,35,134,39,56,57,95,74,30,117" hai2="124,58,73,96,97,12,16,108,19,104,79,112,5" hai3="85,127,78,17,128,2,92,49,7,27,33,67,103"/><T87/><D119/><U15/><E117/><V83/><F112/><W50/><G128/><T133/><D133/><N who="1" m="51307" /><E123/><V84/><F108/><W59/><G127/><T45/><D0/><U69/><E69/><V43/><F124/><W36/><G36/><T8/><D8/><U61/><E111/><V53/><F43/><W1/><G1/><T9/><D9/><U109/><E109/><V38/><F38/><W47/><G7/><T99/><D113/><U86/><E39/><V116/><F116/><W120/><G2/><T22/><D115/><U122/><E122/><V51/><F73/><W121/><G121/><T71/><D71/><U25/><E74/><V32/><F32/><W54/><G120/><T106/><D22/><U60/><E15/><V101/><F5/><W118/><G118/><T135/><D135/><U91/><E91/><V107/><REACH who="2" step="1"/><F12/><REACH who="2" ten="250,250,240,250" step="2"/><W31/><G33/><T64/><D64/><U41/><E41/><V40/><F40/><W77/><G67/><T65/><D65/><U44/><E44/><N who="0" m="17001" /><D37/><U110/><E110/><V55/><F55/><W66/><G54/><T72/><D72/><U80/><E57/><V131/><F131/><W14/><G59/><T6/><D6/><U126/><E126/><V11/><F11/><W4/><G66/><T98/><D98/><U114/><E114/><V129/><F129/><W93/><G4/><T20/><D20/><U13/><E56/><V89/><F89/><W26/><G47/><T105/><D105/><U18/><E13/><V10/><F10/><W82/><G14/><T68/><D68/><U125/><E125/><RYUUKYOKU ba="0,1" sc="250,15,250,-15,240,15,250,-15" hai0="28,29,75,76,81,87,88,99,102,106" hai2="16,19,51,53,58,79,83,84,96,97,101,104,107" /><INIT seed="0,1,1,4,5,72" ten="265,235,255,235" oya="0" hai0="4,87,12,44,133,38,109,8,131,24,19,23,6" hai1="92,115,97,100,130,86,17,135,59,99,95,20,58" hai2="18,119,105,32,121,111,0,102,35,116,117,113,27" hai3="34,52,77,26,85,47,70,76,80,36,13,67,78"/><T69/><D131/><U107/><E130/><V31/><F121/><W79/><G13/><T64/><D133/><U63/><E135/><V101/><F113/><W126/><G126/><T9/><D109/><U48/><E115/><V56/><F111/><W118/><G118/><T89/><D69/><U123/><E123/><V49/><F0/><W132/><G132/><T21/><D64/><U7/><E7/><V74/><F35/><W108/><G108/><T3/><D38/><U45/><E86/><V106/><F74/><W16/><G34/><T129/><D44/><U94/><E107/><N who="2" m="40971" /><F18/><W46/><G36/><T2/><D129/><U62/><E99/><V51/><F56/><W134/><G134/><T11/><REACH who="0" step="1"/><D24/><REACH who="0" ten="255,235,255,235" step="2"/><N who="1" m="14351" /><E59/><V42/><F42/><W68/><G67/><T83/><AGARI ba="1,2" hai="2,3,4,6,8,9,11,12,19,21,23,83,87,89" machi="83" ten="20,7800,0" yaku="1,1,0,1,7,1,9,1,53,0" doraHai="72" doraHaiUra="28" who="0" fromWho="0" sc="255,101,235,-27,255,-27,235,-27" /><INIT seed="0,2,0,1,3,133" ten="356,208,228,208" oya="0" hai0="18,51,102,47,124,126,13,76,16,91,73,53,66" hai1="45,58,90,97,39,59,114,63,80,31,75,4,127" hai2="111,65,131,94,38,119,78,29,56,123,42,122,88" hai3="108,15,125,112,128,132,60,81,67,27,28,46,64"/><T71/><D102/><U12/><E114/><V26/><F111/><W5/><G112/><T11/><D91/><U54/><E31/><V74/><F131/><W68/><G108/><T98/><D98/><U83/><E75/><V52/><F65/><W121/><G132/><T55/><D71/><U9/><E127/><N who="0" m="48681" /><D66/><U69/><E69/><V135/><F119/><W79/><G67/><T8/><D55/><U35/><E35/><V20/><F135/><W92/><G125/><T107/><D107/><U106/><E106/><V43/><F123/><W37/><G121/><T104/><D104/><U19/><E39/><V72/><F38/><W2/><G128/><T3/><D3/><U129/><E129/><V101/><F101/><W41/><G92/><T115/><D115/><U134/><E97/><V1/><F1/><W14/><G2/><T50/><D51/><U96/><E134/><V44/><F88/><W110/><G110/><T116/><D116/><U113/><E113/><V24/><F52/><W93/><G93/><T34/><D34/><U40/><E96/><V49/><F94/><W36/><G36/><T48/><D50/><N who="1" m="26919" /><E90/><V70/><F70/><W87/><REACH who="3" step="1"/><G5/><REACH who="3" ten="356,208,228,198" step="2"/><N who="0" m="3215" /><D11/><U23/><E9/><V99/><F122/><W100/><G100/><T117/><D117/><U10/><E10/><V95/><F95/><W25/><G25/><T86/><D73/><U21/><E4/><V103/><F74/><W33/><AGARI ba="2,1" hai="14,15,27,28,33,37,41,46,60,64,68,79,81,87" machi="33" ten="20,2700,0" yaku="1,1,0,1,7,1,53,0" doraHai="133" doraHaiUra="0" who="3" fromWho="3" sc="356,-15,208,-9,228,-9,198,43" /><INIT seed="1,0,0,2,0,84" ten="341,199,219,241" oya="1" hai0="75,99,61,73,2,39,44,17,121,74,102,38,86" hai1="40,78,134,49,42,65,113,28,4,67,110,82,35" hai2="107,124,7,5,114,95,22,32,91,25,85,100,63" hai3="34,1,30,89,54,123,0,45,126,15,133,52,117"/><U70/><E113/><V14/><F114/><W105/><G123/><T41/><D121/><U16/><E134/><V20/><F32/><W122/><G122/><T12/><D2/><U93/><E110/><V10/><F124/><W55/><G105/><T64/><D86/><U101/><E35/><V131/><F131/><W59/><G126/><T6/><D6/><U77/><E28/><V13/><F63/><W62/><G133/><T9/><D39/><U83/><E70/><V3/><F7/><W127/><G127/><T29/><D29/><U33/><E33/><V106/><F22/><W60/><G117/><T72/><D72/><U18/><E4/><V115/><F115/><W81/><G15/><T11/><D11/><U31/><E31/><V24/><F24/><W79/><G89/><T98/><REACH who="0" step="1"/><D102/><REACH who="0" ten="331,199,219,241" step="2"/><U46/><E101/><V119/><F100/><W135/><G135/><T109/><D109/><U23/><E23/><V47/><F20/><W108/><G108/><T53/><D53/><U48/><E93/><V51/><F107/><W111/><G111/><T104/><D104/><U132/><E132/><V130/><F106/><W58/><G30/><T76/><D76/><U129/><E129/><V128/><F128/><W56/><G34/><T57/><AGARI ba="0,1" hai="9,12,17,38,41,44,57,61,64,73,74,75,98,99" machi="57" ten="30,2000,0" yaku="1,1,0,1,53,0" doraHai="84" doraHaiUra="116" who="0" fromWho="0" sc="331,30,199,-10,219,-5,241,-5" /><INIT seed="2,0,0,4,5,67" ten="361,189,214,236" oya="2" hai0="74,47,85,64,109,80,73,27,129,87,81,97,28" hai1="14,76,2,99,113,31,105,46,56,123,50,98,3" hai2="75,23,6,100,119,114,121,132,70,96,63,122,12" hai3="78,51,91,88,48,95,127,126,120,128,38,102,52"/><V82/><F119/><W79/><G120/><T19/><D109/><U61/><E123/><V118/><F118/><W55/><G38/><T49/><D129/><U107/><E113/><V26/><F114/><W125/><G102/><T54/><D64/><U1/><E76/><N who="3" m="29226" /><G128/><T133/><D133/><U135/><E135/><V124/><F132/><W71/><G71/><T29/><D97/><U112/><E112/><V20/><F75/><W90/><G95/><T101/><D101/><U60/><E31/><N who="0" m="11849" /><D74/><U5/><E5/><V68/><F82/><N who="0" m="31850" /><D73/><U111/><E14/><V72/><F72/><W115/><G115/><T36/><D36/><U33/><E33/><V93/><F122/><W130/><G130/><T18/><D27/><U30/><E30/><V65/><F121/><W108/><G108/><T83/><D87/><U4/><E111/><V110/><F110/><W7/><G7/><T77/><AGARI ba="0,0" hai="18,19,47,49,54,77,83,85" m="31850,11849" machi="77" ten="30,1100,0" yaku="8,1" doraHai="67" who="0" fromWho="0" sc="361,11,189,-3,214,-5,236,-3" /><INIT seed="3,0,0,3,4,46" ten="372,186,209,233" oya="3" hai0="71,79,56,119,99,110,104,135,70,2,124,15,48" hai1="11,65,36,42,37,89,52,121,103,62,55,115,9" hai2="51,47,18,53,4,77,50,132,116,17,105,81,3" hai3="126,44,80,75,88,95,5,14,92,13,23,12,30"/><W69/><G69/><T57/><D2/><U28/><E121/><V120/><F116/><W73/><G126/><T125/><D110/><U97/><E115/><V72/><F120/><W22/><G95/><T49/><D79/><U38/><E42/><V25/><F132/><W67/><G67/><T85/><D85/><U114/><E114/><V128/><F128/><W133/><G5/><T83/><D83/><U26/><E89/><V54/><F105/><W111/><G111/><T90/><D15/><U74/><E74/><V33/><F33/><W20/><G30/><T106/><D90/><U78/><E78/><V98/><F98/><W113/><G113/><T66/><D66/><U82/><E82/><V118/><F25/><W16/><G133/><T8/><D8/><U61/><E9/><V58/><REACH who="2" step="1"/><F118/><REACH who="2" ten="372,186,199,233" step="2"/><W32/><G32/><T24/><D24/><U123/><E123/><V29/><F29/><W109/><G109/><T10/><D119/><U87/><E87/><V94/><F94/><W101/><G92/><T96/><D135/><U108/><E108/><V63/><F63/><W40/><G75/><T45/><D104/><N who="1" m="63599" /><E61/><V93/><F93/><W6/><G73/><T41/><D106/><U112/><E112/><V39/><F39/><N who="1" m="9985" /><U1/><DORA hai="129" /><E1/><V100/><F100/><W91/><G101/><T64/><D99/><U102/><E102/><V7/><F7/><W107/><G6/><T68/><D96/><U34/><E11/><AGARI ba="0,1" hai="3,4,11,17,18,47,50,51,53,54,58,72,77,81" machi="11" ten="40,5200,0" yaku="1,1,52,2,53,0" doraHai="46,129" doraHaiUra="84,122" who="2" fromWho="1" sc="372,0,186,-52,199,62,233,0" owari="372,48.0,134,-37.0,261,6.0,233,-17.0" /></mjloggm>