<mjloggm ver="2.3"><GO type="169" lobby="0"/><UN n0="%E3%83%92%E3%83%AB%E3%83%99%E3%83%AB%E3%83%88" n1="%6D%61%74%6F%30%36%30%33" n2="%E7%B4%A0%E6%8C%AF%E3%82%8A%E7%8C%AB" n3="%E3%81%9F%E3%81%A3%E3%81%B4%E3%83%BC" dan="17,18,17,16" rate="2227.32,2282.99,2154.00,2136.40" sx="M,M,M,M"/><TAIKYOKU oya="0"/><INIT seed="0,0,0,4,5,133" ten="250,250,250,250" oya="0" hai0="116,129,124,17,9,61,135,87,126,45,7,96,6" hai1="74,130,71,25,63,27,108,100,125,37,38,34,14" hai2="67,104,70,39,93,23,128,79,83,29,0,36,134" hai3="86,88,91,20,10,120,92,113,19,54,33,114,99"/><T28/><D116/><U12/><E74/><V98/><F0/><W72/><G72/><T118/><D118/><U42/><E108/><V11/><F134/><W90/><G33/><T51/><D135/><U52/><E130/><V62/><F128/><W53/><G120/><T3/><D129/><U75/><E75/><V16/><F104/><W109/><G109/><T115/><D115/><U4/><E100/><V44/><F29/><W89/><G10/><T78/><D28/><U31/><E25/><V80/><F11/><W112/><REACH who="3" step="1"/><G86/><REACH who="3" ten="250,250,250,240" step="2"/><T69/><D96/><U47/><E34/><V60/><F79/><W123/><G123/><T50/><D87/><U132/><E132/><V105/><F105/><W56/><G56/><T73/><D78/><U111/><E111/><V106/><F106/><W32/><G32/><T107/><D73/><U48/><E71/><V43/><F70/><W57/><G57/><T94/><D107/><U35/><E35/><V30/><F98/><W97/><G97/><T76/><D76/><U102/><E47/><V85/><F85/><W131/><G131/><T21/><D45/><U58/><E58/><V122/><F44/><W55/><G55/><T66/><D7/><U49/><E4/><V65/><F122/><W101/><G101/><T81/><D81/><U40/><E102/><V1/><F67/><W103/><G103/><T82/><D82/><U95/><E42/><V2/><F80/><W5/><G5/><T119/><D119/><U64/><E64/><V68/><F83/><W127/><G127/><N who="0" m="48683" /><D94/><U46/><E125/><V13/><F93/><RYUUKYOKU ba="0,1" sc="250,15,250,-15,250,-15,240,15" hai0="3,6,9,17,21,50,51,61,66,69" hai3="19,20,53,54,88,89,90,91,92,99,112,113,114" /><INIT seed="0,1,1,0,3,1" ten="265,235,235,255" oya="0" hai0="8,123,23,33,62,47,77,48,102,103,81,24,88" hai1="57,71,83,94,114,42,70,6,112,74,106,34,59" hai2="31,36,127,58,110,27,63,5,119,133,32,113,80" hai3="99,121,7,21,54,92,105,55,30,115,20,11,104"/><T10/><D33/><U120/><E106/><V44/><F119/><W50/><G121/><T66/><D123/><U111/><E120/><V82/><F113/><N who="1" m="43625" /><E34/><V68/><F68/><N who="1" m="26153" /><E94/><V128/><F110/><W41/><G41/><T38/><D38/><U53/><E42/><V35/><F35/><W135/><G135/><T9/><D66/><U13/><E111/><V108/><F133/><W51/><G30/><T117/><D62/><U130/><E53/><V126/><F108/><W97/><G115/><T39/><D39/><U29/><E29/><V86/><F128/><W79/><G79/><T40/><D117/><U125/><E125/><N who="2" m="47627" /><F36/><W61/><G61/><T118/><D118/><U89/><E130/><V69/><F69/><W116/><G116/><T49/><D49/><U124/><E124/><V131/><F44/><W84/><G92/><T85/><REACH who="0" step="1"/><D77/><REACH who="0" ten="255,235,235,255" step="2"/><N who="1" m="44471" /><E89/><V122/><F131/><W43/><G43/><T3/><D3/><U129/><E129/><V56/><F122/><W65/><G65/><T134/><D134/><U72/><E72/><V0/><F63/><W4/><G84/><T17/><AGARI ba="1,2" hai="8,9,10,17,23,24,40,47,48,81,85,88,102,103" machi="17" ten="30,12000,1" yaku="1,1,0,1,8,1,54,1,53,1" doraHai="1" doraHaiUra="19" who="0" fromWho="0" sc="255,143,235,-41,235,-41,255,-41" /><INIT seed="0,2,0,5,3,65" ten="398,194,194,214" oya="0" hai0="98,3,91,36,72,45,37,18,117,75,119,82,22" hai1="92,55,132,31,71,38,0,79,83,103,81,40,112" hai2="26,49,135,102,111,11,61,97,96,27,126,133,57" hai3="122,44,100,28,78,118,9,42,110,34,101,109,47"/><T93/><D3/><U6/><E132/><V5/><F111/><W48/><G122/><T51/><D37/><U60/><E112/><V16/><F49/><W63/><G118/><T41/><D36/><U107/><E107/><V123/><F123/><W89/><G78/><T59/><D59/><U104/><E104/><V128/><F126/><W20/><G34/><T56/><D56/><U50/><E31/><V121/><F121/><W113/><G44/><T68/><D68/><U99/><E79/><V116/><F116/><W106/><G106/><T10/><D10/><U86/><E86/><V24/><F128/><W74/><G74/><T134/><D134/><N who="2" m="51210" /><F102/><W14/><G63/><T127/><D127/><U1/><E6/><V69/><F57/><W85/><G113/><T114/><D114/><U32/><E32/><V15/><F5/><W80/><G110/><T105/><D105/><U2/><E60/><V7/><F7/><N who="3" m="3391" /><G109/><T64/><D64/><AGARI ba="2,0" hai="11,15,16,24,26,27,61,64,69,96,97" m="51210" machi="64" ten="30,3900,0" yaku="20,1,52,1,54,1" doraHai="65" who="2" fromWho="0" sc="398,-45,194,0,194,45,214,0" /><INIT seed="1,0,0,2,2,95" ten="353,194,239,214" oya="1" hai0="59,118,73,21,82,129,41,111,116,16,115,5,50" hai1="94,108,11,117,31,80,25,71,135,113,10,85,58" hai2="105,35,8,128,55,49,27,87,96,78,76,64,29" hai3="20,88,15,112,14,60,74,121,106,114,83,17,7"/><U75/><E113/><V125/><F128/><W9/><G121/><T54/><D115/><U107/><E107/><V65/><F125/><W98/><G60/><T3/><D129/><U67/><E71/><V0/><F78/><W6/><G6/><T122/><D122/><U123/><E123/><V103/><F0/><W91/><G91/><T133/><D133/><U77/><E117/><V42/><F42/><W47/><G47/><T33/><D33/><U84/><E135/><V110/><F8/><W70/><G70/><T89/><D111/><U63/><E108/><V32/><F32/><W23/><G23/><T104/><D104/><U40/><E40/><V93/><F110/><W38/><G38/><T131/><D131/><U81/><E94/><V109/><F109/><W68/><G68/><T34/><D34/><U30/><E75/><V79/><F79/><W92/><REACH who="3" step="1"/><G106/><REACH who="3" ten="353,194,239,204" step="2"/><T19/><D5/><U134/><E134/><V66/><F105/><W48/><G48/><T72/><D21/><N who="1" m="15663" /><E31/><V101/><F49/><W39/><G39/><T43/><D50/><U100/><E100/><V124/><F103/><W132/><G132/><T24/><D118/><U4/><E4/><V69/><F69/><W56/><G56/><T51/><D59/><U44/><E44/><V99/><F101/><W45/><G45/><T130/><D116/><U46/><E46/><V86/><F29/><W90/><G90/><AGARI ba="0,1" hai="10,11,58,63,67,77,80,81,84,85,90" m="15663" machi="90" ten="30,1500,0" yaku="8,1" doraHai="95" who="1" fromWho="3" sc="353,0,194,25,239,0,204,-15" /><INIT seed="1,1,0,5,0,37" ten="353,219,239,189" oya="1" hai0="56,66,130,110,62,103,134,80,8,128,109,11,44" hai1="72,107,33,118,108,35,123,23,85,106,120,24,77" hai2="12,63,21,48,27,95,79,32,58,125,5,40,111" hai3="0,90,124,60,9,13,69,81,2,31,38,82,42"/><U135/><E72/><V88/><F111/><N who="0" m="42506" /><D103/><U100/><E108/><V127/><F32/><W51/><G38/><T50/><D80/><U91/><E77/><V59/><F79/><W105/><G105/><T14/><D134/><U18/><E118/><V116/><F116/><W75/><G75/><T43/><D11/><U133/><E35/><V26/><F12/><W61/><G31/><T3/><D3/><U131/><E33/><V57/><F63/><W93/><G124/><N who="2" m="47689" /><F5/><AGARI ba="1,0" hai="5,8,14,43,44,50,56,62,66,128,130" m="42506" machi="5" ten="30,2000,0" yaku="14,1,52,1" doraHai="37" who="0" fromWho="2" sc="353,23,219,0,239,-23,189,0" /><INIT seed="2,0,0,1,3,117" ten="376,219,216,189" oya="2" hai0="112,60,67,63,59,103,72,98,29,91,48,90,88" hai1="26,116,54,52,109,36,85,14,126,40,16,6,42" hai2="21,38,107,113,20,62,7,78,57,17,97,125,8" hai3="19,129,119,130,23,94,53,93,75,83,5,64,81"/><V131/><F113/><W124/><G124/><T79/><D112/><U80/><E116/><V84/><F38/><W56/><G64/><T11/><D29/><U121/><E126/><V92/><F125/><W134/><G134/><T41/><D79/><U46/><E109/><V32/><F32/><W4/><G75/><T31/><D72/><U24/><E42/><V37/><F37/><W25/><G119/><T128/><D31/><U18/><E6/><N who="3" m="2666" /><G94/><T3/><D3/><U108/><E108/><V82/><F107/><W10/><G10/><T77/><D77/><U127/><E127/><V73/><F73/><W22/><G23/><T27/><D27/><U99/><E99/><V69/><F69/><W95/><G95/><N who="0" m="58847" /><D11/><U132/><E132/><V45/><F45/><W47/><G47/><N who="0" m="25711" /><D128/><N who="3" m="49257" /><G93/><T65/><D63/><AGARI ba="0,0" hai="19,22,25,53,56,63,81,83" m="49257,2666" machi="63" ten="30,1000,0" yaku="19,1" doraHai="117" who="3" fromWho="0" sc="376,-10,219,0,216,0,189,10" /><INIT seed="3,0,0,1,0,53" ten="366,219,216,199" oya="3" hai0="56,118,57,110,81,0,130,79,20,68,114,17,41" hai1="65,49,27,54,75,1,126,60,123,55,50,29,77" hai2="38,34,96,28,5,135,31,62,69,37,111,22,113" hai3="82,78,25,87,24,101,9,119,46,90,116,8,127"/><W4/><G127/><T48/><D118/><U106/><E106/><V102/><F111/><W108/><G108/><T132/><D68/><N who="1" m="42023" /><E27/><V59/><F135/><W121/><G121/><T44/><D110/><U32/><E29/><V85/><F5/><W89/><G101/><T104/><D104/><U30/><E30/><V134/><F113/><W19/><G46/><T117/><D117/><U112/><E77/><V93/><F134/><W115/><G115/><T61/><D0/><U122/><E75/><V26/><F69/><W18/><G78/><T35/><D35/><U42/><E32/><V128/><F128/><W67/><G67/><T64/><D132/><U120/><E1/><V3/><F3/><W52/><G87/><N who="0" m="48575" /><D130/><U51/><E112/><V84/><F31/><W98/><G98/><T131/><D131/><U73/><E73/><V6/><F6/><W11/><G4/><T70/><D70/><U71/><E126/><V94/><F34/><W47/><G8/><T125/><D125/><U23/><E23/><V33/><F33/><W100/><G100/><T74/><D74/><U133/><E133/><V97/><F85/><W63/><G47/><T2/><D2/><U107/><E107/><V21/><F21/><W83/><REACH who="3" step="1"/><G63/><REACH who="3" ten="366,219,216,189" step="2"/><N who="0" m="37999" /><D114/><U95/><E122/><V72/><F72/><W91/><G91/><T36/><D36/><U105/><E123/><V43/><F84/><W13/><G13/><N who="0" m="9263" /><D61/><U40/><E120/><V103/><F43/><W80/><G80/><T76/><D76/><U92/><E40/><V58/><F62/><W88/><G88/><T99/><D99/><RYUUKYOKU ba="0,1" sc="366,10,219,-30,216,10,189,10" hai0="41,44,48,56" hai2="22,26,28,37,38,58,59,93,94,96,97,102,103" hai3="9,11,18,19,24,25,52,82,83,89,90,116,119" /><INIT seed="3,1,1,2,3,106" ten="376,189,226,199" oya="3" hai0="87,132,28,29,9,60,80,39,115,130,10,127,99" hai1="32,119,95,69,120,35,77,67,1,71,94,78,50" hai2="56,98,55,31,51,15,27,11,64,105,16,86,81" hai3="52,18,126,104,62,111,74,2,0,8,20,13,101"/><W125/><G111/><T42/><D115/><U17/><E50/><V102/><F64/><W40/><G40/><T25/><D127/><N who="3" m="48649" /><G74/><T76/><D132/><U121/><E67/><V6/><F6/><W70/><G104/><T44/><D130/><U12/><E12/><V26/><REACH who="2" step="1"/><F31/><REACH who="2" ten="376,189,216,199" step="2"/><W66/><G101/><T22/><D29/><U4/><E4/><V83/><F83/><W103/><G103/><T114/><D114/><U112/><E112/><V59/><F59/><N who="3" m="35175" /><G70/><T24/><D24/><U135/><E135/><V118/><F118/><W129/><G66/><T54/><D54/><U58/><E58/><V133/><F133/><W84/><G129/><T21/><D25/><U128/><E128/><V38/><F38/><W110/><G110/><T63/><D28/><U53/><E53/><V36/><F36/><W124/><G124/><T122/><D39/><U45/><E119/><V131/><F131/><W85/><G8/><T5/><D9/><U96/><E71/><V107/><F107/><W92/><G92/><T43/><D10/><U123/><E69/><V3/><F3/><AGARI ba="1,2" hai="0,2,3,13,18,20,84,85" m="35175,48649" machi="3" ten="30,2900,0" yaku="18,1,54,1" doraHai="106" who="3" fromWho="2" sc="376,0,189,0,216,-32,199,52" /><INIT seed="3,2,0,5,3,22" ten="376,189,184,251" oya="3" hai0="72,2,86,99,127,28,92,132,60,17,90,40,59" hai1="113,133,16,27,20,56,131,64,4,55,119,34,100" hai2="25,41,104,110,114,122,3,54,11,49,18,130,111" hai3="125,29,115,45,24,31,135,121,77,129,93,103,85"/><W112/><G121/><T83/><D127/><U105/><E113/><V107/><F41/><W109/><G125/><T75/><D132/><U123/><E123/><V106/><F114/><W126/><G45/><T57/><D2/><U5/><E133/><V30/><F122/><W61/><G85/><T124/><D124/><U39/><E39/><V7/><F18/><W65/><G93/><T80/><D40/><U32/><E64/><V62/><F130/><W95/><G31/><T14/><D28/><U37/><E37/><V74/><F62/><W48/><G48/><T69/><D69/><U8/><E131/><V82/><F82/><W46/><G95/><T26/><D80/><U51/><E119/><V88/><F74/><W38/><G103/><T13/><D72/><U76/><E76/><V128/><F88/><W71/><G77/><T118/><D75/><U81/><E81/><V19/><F19/><W36/><G109/><T73/><D118/><U67/><E67/><V68/><F68/><W70/><G129/><T102/><D73/><U96/><REACH who="1" step="1"/><E4/><REACH who="1" ten="376,179,184,251" step="2"/><V6/><F6/><W42/><G126/><T108/><D83/><U9/><E9/><V35/><REACH who="2" step="1"/><F128/><REACH who="2" ten="376,179,174,251" step="2"/><W94/><G135/><T47/><D90/><U89/><E89/><V33/><F33/><W44/><G115/><T15/><D102/><U120/><E120/><V134/><F134/><W21/><G112/><T78/><D78/><U1/><AGARI ba="2,2" hai="1,5,8,16,20,27,32,34,51,55,56,96,100,105" machi="1" ten="20,8000,1" yaku="1,1,0,1,7,1,52,1,54,1,53,0" doraHai="22" doraHaiUra="10" who="1" fromWho="1" sc="376,-22,179,106,174,-22,251,-42" /><INIT seed="4,0,0,0,4,29" ten="354,285,152,209" oya="0" hai0="13,103,124,130,74,96,60,100,49,87,109,5,71" hai1="15,37,125,14,30,83,75,107,77,84,41,90,101" hai2="81,43,57,121,85,115,67,113,11,4,126,70,91" hai3="86,92,69,7,95,53,61,129,108,133,131,72,82"/><T104/><D109/><U47/><E125/><V116/><F121/><W48/><G7/><T80/><D124/><U56/><E30/><V31/><F70/><W52/><G108/><T22/><D130/><N who="3" m="49673" /><G72/><T76/><D103/><U10/><E56/><V50/><F126/><W35/><G35/><T51/><D71/><U58/><E58/><V118/><F31/><W2/><G2/><T26/><D60/><U1/><E101/><V89/><F91/><W98/><G98/><T111/><D111/><U46/><E46/><N who="2" m="25951" /><F57/><N who="3" m="34983" /><G69/><T119/><D119/><N who="2" m="45610" /><F67/><W66/><G66/><T114/><D114/><U134/><E90/><V3/><AGARI ba="0,0" hai="3,4,11,81,85,89,113,115" m="45610,25951" machi="3" ten="30,1100,0" yaku="12,1" doraHai="29" who="2" fromWho="2" sc="354,-5,285,-3,152,11,209,-3" /><INIT seed="5,0,0,5,0,52" ten="349,282,163,206" oya="1" hai0="79,64,21,109,7,101,47,95,6,134,3,43,29" hai1="14,98,36,60,42,67,73,125,77,102,33,35,22" hai2="99,90,127,44,34,94,51,86,45,5,131,9,82" hai3="110,81,118,53,122,32,39,65,120,12,112,83,23"/><U130/><E130/><V25/><F127/><W84/><G118/><T56/><D109/><U16/><E125/><V50/><F131/><W13/><G110/><T4/><D134/><U75/><E36/><V58/><F34/><W69/><G32/><T97/><D79/><U63/><E42/><V62/><F25/><W89/><G39/><T20/><D3/><U38/><E38/><V128/><F128/><W133/><G133/><T26/><D21/><U28/><E77/><V87/><F87/><W10/><G69/><T105/><D105/><U61/><E67/><V30/><F30/><W72/><G65/><T108/><D108/><U18/><E18/><V113/><F113/><W76/><G112/><T114/><D114/><U40/><E40/><V41/><F45/><W126/><G126/><T31/><D31/><U111/><E111/><V107/><F107/><W11/><G23/><T37/><D6/><U85/><E85/><V8/><F51/><W2/><G2/><T68/><D68/><U123/><E123/><V78/><REACH who="2" step="1"/><F5/><REACH who="2" ten="349,282,153,206" step="2"/><W132/><G132/><T70/><D4/><U121/><E121/><V19/><F19/><W91/><G122/><T103/><D7/><U116/><E116/><V88/><F88/><W15/><G120/><T24/><D26/><N who="1" m="18583" /><E35/><V93/><F93/><W129/><G91/><T48/><D37/><U71/><E75/><V1/><F1/><W115/><G115/><T104/><D104/><N who="1" m="63575" /><E73/><V106/><F106/><W135/><G135/><T59/><D103/><U49/><E49/><V74/><F74/><W46/><G129/><T100/><D101/><RYUUKYOKU ba="0,1" sc="349,0,282,0,153,0,206,0" hai0="20,24,29,43,47,48,56,59,64,70,95,97,100" hai1="14,16,22,60,61,63,71" hai2="8,9,41,44,50,58,62,78,82,86,90,94,99" hai3="10,11,12,13,15,46,53,72,76,81,83,84,89" /><INIT seed="5,1,1,2,2,90" ten="349,282,153,206" oya="1" hai0="46,17,132,36,38,128,42,82,113,127,131,93,74" hai1="71,25,21,5,77,86,60,41,40,76,84,63,47" hai2="96,31,108,13,43,29,16,28,45,18,32,120,100" hai3="107,7,79,87,112,15,59,85,92,24,69,49,88"/><U39/><E5/><V126/><F108/><W106/><G69/><T62/><D113/><U20/><E71/><V50/><F120/><W99/><G112/><T122/><D122/><U73/><E73/><V8/><F126/><W72/><G72/><T51/><D127/><U121/><E121/><V70/><F70/><W33/><G85/><T67/><D132/><U55/><E55/><V1/><F1/><W115/><G115/><T97/><D17/><U26/><E47/><V130/><F130/><N who="0" m="49706" /><D82/><U30/><E30/><V95/><REACH who="2" step="1"/><F18/><REACH who="2" ten="349,282,143,206" step="2"/><W65/><G7/><T44/><D74/><U81/><E81/><V101/><F101/><W61/><G15/><T133/><D133/><U109/><E109/><V105/><F105/><W83/><G107/><T52/><D38/><AGARI ba="1,2" hai="20,21,25,26,38,39,40,41,60,63,76,77,84,86" machi="38" ten="25,2400,0" yaku="22,2" doraHai="90" who="1" fromWho="0" sc="349,-27,282,47,143,0,206,0" /><INIT seed="5,2,0,3,1,119" ten="322,329,143,206" oya="1" hai0="22,12,133,53,4,101,57,104,121,21,89,55,94" hai1="87,61,88,45,122,109,81,91,54,115,116,43,106" hai2="114,73,58,70,117,2,95,39,5,44,32,31,23" hai3="64,103,29,118,93,62,42,46,18,128,36,127,13"/><U48/><E116/><V28/><F70/><W82/><G118/><T37/><D37/><U98/><E115/><V74/><F117/><W107/><G107/><T78/><D78/><U56/><E109/><V67/><F32/><W47/><G128/><T0/><D0/><U123/><REACH who="1" step="1"/><E91/><REACH who="1" ten="322,319,143,206" step="2"/><V52/><F114/><W25/><G127/><T102/><D89/><U75/><E75/><V110/><F74/><W113/><G113/><T3/><D133/><U66/><E66/><V24/><F73/><W125/><G125/><T132/><D132/><U71/><E71/><V38/><F67/><W11/><G64/><T6/><D101/><AGARI ba="2,1" hai="43,45,48,54,56,61,81,87,88,98,101,106,122,123" machi="101" ten="40,12000,1" yaku="1,1,52,2,54,1,53,0" doraHai="119" doraHaiUra="20" who="1" fromWho="0" sc="322,-126,319,136,143,0,206,0" /><INIT seed="5,3,0,2,2,27" ten="196,455,143,206" oya="1" hai0="81,131,28,80,53,44,6,58,89,104,43,127,111" hai1="42,106,45,120,105,135,49,114,121,82,129,62,1" hai2="96,70,9,22,41,13,84,130,91,65,125,56,99" hai3="68,12,116,97,38,115,35,102,78,85,66,87,51"/><U0/><E114/><V21/><F70/><W17/><G115/><T18/><D104/><U110/><E135/><V94/><F130/><W39/><G35/><T123/><D111/><U61/><E129/><V69/><F69/><W34/><G34/><T90/><D123/><U55/><E82/><V29/><F125/><W71/><G116/><T25/><D6/><U101/><E110/><V93/><F41/><W26/><G68/><T113/><D113/><U73/><E73/><V24/><F22/><W133/><G71/><T50/><D18/><U109/><E109/><V128/><F128/><W36/><G66/><T86/><D127/><U79/><E79/><V7/><REACH who="2" step="1"/><F93/><REACH who="2" ten="196,455,133,206" step="2"/><W74/><G133/><T15/><D131/><U124/><E42/><V122/><F122/><W2/><G36/><T76/><D81/><U40/><E40/><V95/><F95/><W98/><G38/><T8/><D43/><U92/><E92/><V5/><F5/><W11/><G39/><T54/><D54/><U48/><E55/><V75/><F75/><W132/><G74/><T46/><D44/><U60/><E124/><V100/><F100/><W117/><G102/><T37/><D46/><U83/><E45/><V77/><F77/><W4/><G132/><T32/><D37/><U126/><E126/><V20/><F20/><W19/><G4/><T31/><D76/><U59/><E83/><V107/><F107/><W47/><G78/><T108/><D108/><U52/><E106/><V67/><F67/><W119/><G47/><T112/><D112/><U30/><E121/><V88/><F88/><RYUUKYOKU ba="3,1" sc="196,-10,455,-10,133,30,206,-10" hai2="7,9,13,21,24,29,56,65,84,91,94,96,99" /><INIT seed="6,4,1,1,4,46" ten="186,445,163,196" oya="2" hai0="84,106,89,113,16,133,9,120,135,103,126,125,129" hai1="19,33,2,11,79,49,118,96,50,128,100,37,73" hai2="110,55,34,91,130,95,115,29,80,22,26,38,104" hai3="43,42,122,74,76,112,6,77,75,45,127,21,121"/><V116/><F116/><W27/><G6/><T24/><D120/><U131/><E118/><V51/><F104/><W107/><G107/><T41/><D41/><U86/><E73/><V18/><F38/><W58/><G58/><T30/><D113/><U23/><E37/><V85/><F115/><W66/><G66/><T123/><D123/><U105/><E33/><V111/><F80/><W47/><G21/><T32/><D103/><U1/><E86/><V82/><F82/><W114/><REACH who="3" step="1"/><G27/><REACH who="3" ten="186,445,163,186" step="2"/><T69/><D106/><U68/><E105/><V67/><F67/><W3/><G3/><T119/><D119/><U57/><E23/><V65/><F65/><W28/><G28/><T54/><D69/><U117/><E57/><N who="2" m="33023" /><F130/><W99/><G99/><T5/><D129/><U72/><E68/><V20/><F20/><W78/><G78/><T102/><D5/><U109/><E117/><V62/><F62/><W7/><G7/><T60/><D24/><U25/><E131/><V124/><F124/><AGARI ba="4,2" hai="42,43,45,47,74,75,76,77,112,114,121,122,124,127" machi="124" ten="25,8000,1" yaku="1,1,22,2,53,2" doraHai="46" doraHaiUra="40" who="3" fromWho="2" sc="186,0,445,0,163,-92,186,112" /><INIT seed="7,0,0,2,1,47" ten="186,445,71,298" oya="3" hai0="83,38,39,58,90,88,119,33,9,40,13,21,1" hai1="67,45,19,56,12,60,115,86,78,31,91,27,69" hai2="28,62,20,14,22,3,0,10,104,99,121,97,34" hai3="37,53,30,98,23,122,107,80,106,25,52,29,18"/><W114/><G37/><T113/><D119/><U17/><E115/><V32/><F97/><W72/><G114/><T24/><D113/><U100/><E69/><V26/><F62/><W41/><G41/><T111/><D111/><U84/><E100/><V79/><F99/><W89/><G122/><T63/><D40/><U93/><E45/><V96/><F96/><W75/><G72/><T36/><D83/><N who="1" m="47223" /><E12/><V7/><F79/><W50/><G53/><T118/><D118/><U77/><E77/><V125/><F104/><W16/><G18/><N who="1" m="6666" /><E31/><N who="3" m="11786" /><G75/><T117/><D117/><U129/><E129/><V46/><F46/><N who="3" m="27735" /><G107/><T120/><D120/><U87/><E87/><V95/><F121/><W5/><G106/><T71/><D71/><U109/><E109/><V8/><F95/><N who="3" m="56687" /><G5/><T51/><D1/><N who="2" m="586" /><F125/><W134/><G134/><T35/><D38/><U61/><E61/><V70/><F70/><W44/><G44/><T85/><D36/><U132/><E132/><V92/><F92/><W82/><AGARI ba="0,0" hai="16,23,25,80,82" m="56687,27735,11786" machi="82" ten="30,11700,0" yaku="8,1,52,1,54,2" doraHai="47" who="3" fromWho="3" sc="186,-39,445,-39,71,-39,298,117" owari="147,-25.0,406,21.0,32,-47.0,415,51.0" /></mjloggm>