<mjloggm ver="2.3"><GO type="225" lobby="0"/><UN n0="%E8%A8%88%E7%AE%97%E6%A9%9F%E8%87%AA%E7%84%B6" n1="%E3%82%A4%E3%83%8A%E3%82%BA%E3%83%9E%E8%91%AC%E5%84%80" n2="%E8%87%AA%E7%A7%B0%E6%9C%80%E5%BC%B7%E9%9B%80%E5%A3%AB%EF%BC%93" n3="%E5%A4%A9%E3%83%8E%E5%B7%9D%E6%B2%99%E5%A4%9C" dan="17,17,16,16" rate="2299.75,2225.79,2116.59,2160.54" sx="M,F,M,F"/><TAIKYOKU oya="0"/><INIT seed="0,0,0,1,1,91" ten="250,250,250,250" oya="0" hai0="40,105,77,20,88,115,68,71,19,81,46,95,54" hai1="64,27,61,2,87,28,16,39,49,104,78,103,37" hai2="36,83,23,102,114,31,79,41,126,121,25,4,134" hai3="93,26,33,66,113,135,42,51,120,106,18,108,44"/><T52/><D105/><U57/><E2/><V14/><F121/><W65/><G106/><T72/><D115/><U122/><E122/><V29/><F114/><W74/><G113/><T97/><D68/><U11/><E49/><V1/><F134/><W124/><G135/><T132/><D71/><U94/><E104/><V47/><F126/><W22/><G124/><T96/><D96/><U69/><E69/><V67/><F67/><W111/><G120/><T84/><D72/><U38/><E38/><V12/><F102/><W131/><G131/><T43/><D132/><U99/><E87/><V117/><F31/><W89/><G74/><T10/><D10/><U32/><REACH who="1" step="1"/><E78/><REACH who="1" ten="250,240,250,250" step="2"/><V133/><F117/><W101/><G33/><T63/><D63/><U86/><E86/><V75/><F133/><W100/><G111/><T55/><D46/><U109/><E109/><V80/><REACH who="2" step="1"/><F83/><REACH who="2" ten="250,240,240,250" step="2"/><W35/><G108/><T92/><D92/><U48/><E48/><V34/><F34/><W6/><G35/><T58/><D58/><U70/><E70/><V112/><F112/><W130/><G93/><T119/><D119/><U45/><E45/><V116/><F116/><W15/><G44/><T129/><D129/><U17/><E17/><V62/><F62/><W7/><G18/><T82/><D82/><U30/><E30/><V0/><F0/><W118/><G130/><T110/><D110/><U59/><E59/><V5/><F5/><W98/><G7/><T90/><D77/><U56/><E56/><V8/><AGARI ba="0,2" hai="1,4,8,12,14,23,25,29,36,41,47,75,79,80" machi="8" ten="30,7900,0" yaku="1,1,0,1,25,2,53,0" doraHai="91" doraHaiUra="125" who="2" fromWho="2" sc="250,-39,240,-20,240,99,250,-20" /><INIT seed="1,0,0,2,3,11" ten="211,220,339,230" oya="1" hai0="6,84,12,123,37,9,47,133,105,64,77,36,122" hai1="103,91,24,10,118,86,98,22,21,67,115,3,117" hai2="114,124,16,28,34,58,111,8,72,40,25,101,7" hai3="62,100,97,130,54,87,76,131,50,48,51,49,0"/><U94/><E115/><V89/><F111/><W53/><G0/><T13/><D105/><U39/><E39/><V110/><F110/><W116/><G116/><T27/><D133/><U30/><E22/><V61/><F124/><W93/><N who="3" m="12288" /><DORA hai="26" /><W55/><REACH who="3" step="1"/><G62/><REACH who="3" ten="211,220,339,220" step="2"/><T113/><D113/><U134/><E134/><V128/><F114/><W88/><G88/><T112/><D112/><U81/><REACH who="1" step="1"/><E67/><REACH who="1" ten="211,210,339,220" step="2"/><V107/><F128/><W1/><G1/><T135/><D64/><U129/><E129/><V52/><F34/><W90/><G90/><T44/><D135/><U59/><E59/><V18/><F89/><W127/><G127/><T108/><D108/><U14/><E14/><V60/><F58/><W4/><G4/><AGARI ba="0,2" hai="3,4,10,21,24,30,81,86,91,94,98,103,117,118" machi="4" ten="40,7700,0" yaku="1,1,52,1,53,1" doraHai="11,26" doraHaiUra="74,17" who="1" fromWho="3" sc="211,0,210,97,339,0,220,-77" /><INIT seed="1,1,0,1,4,134" ten="211,307,339,143" oya="1" hai0="36,103,19,131,125,66,74,128,85,48,5,88,109" hai1="98,99,100,119,4,10,16,73,45,63,135,2,62" hai2="124,55,34,92,118,40,9,58,97,70,130,43,50" hai3="41,94,126,129,22,133,13,114,44,101,127,90,52"/><U77/><E119/><V112/><F118/><W56/><G114/><T72/><D36/><U65/><E135/><V57/><F70/><W12/><G133/><T23/><D103/><U117/><E117/><V106/><F106/><W61/><G101/><T68/><D5/><U132/><E132/><V30/><F130/><N who="0" m="49706" /><D109/><U1/><E1/><V37/><F37/><W86/><G129/><T115/><D115/><U15/><E45/><V53/><F112/><W47/><G47/><T95/><D48/><U71/><E63/><V29/><F9/><W108/><G108/><T110/><D110/><U17/><E99/><V33/><F33/><W120/><G120/><T21/><D21/><U93/><REACH who="1" step="1"/><E2/><REACH who="1" ten="211,297,339,143" step="2"/><V27/><F30/><W20/><G20/><T6/><D23/><U84/><E84/><V102/><F124/><N who="3" m="47659" /><G22/><T104/><D125/><U38/><E38/><AGARI ba="1,1" hai="12,13,38,41,44,52,56,61,86,90,94" m="47659" machi="38" ten="30,8000,1" yaku="18,1,52,3,54,1" doraHai="134" who="3" fromWho="1" sc="211,0,297,-83,339,0,143,93" /><INIT seed="2,0,0,0,0,50" ten="211,214,339,236" oya="2" hai0="44,4,0,113,83,132,68,104,108,45,99,28,82" hai1="97,10,47,69,107,89,14,116,72,121,102,93,118" hai2="64,66,36,55,24,111,18,92,129,96,71,84,8" hai3="46,53,7,105,48,2,21,131,73,110,98,100,5"/><V23/><F36/><W26/><G73/><T34/><D113/><U86/><E69/><V39/><F39/><W59/><G110/><T63/><D108/><U52/><E72/><V27/><F111/><W1/><G131/><T124/><D124/><U94/><E121/><V78/><F129/><W33/><G33/><T67/><D132/><U16/><REACH who="1" step="1"/><E107/><REACH who="1" ten="211,204,339,236" step="2"/><V91/><F71/><W30/><REACH who="3" step="1"/><G46/><REACH who="3" ten="211,204,339,226" step="2"/><T130/><D130/><U35/><E35/><V74/><F74/><W42/><G42/><T126/><D44/><U101/><E101/><V57/><F66/><W19/><G19/><T31/><D45/><U122/><E122/><V135/><F64/><W12/><G12/><T54/><D34/><U29/><E29/><V117/><F135/><W56/><G56/><T114/><D28/><U87/><E87/><V60/><F84/><W85/><G85/><T6/><D31/><U80/><E80/><V115/><F57/><W79/><G79/><T106/><D82/><U20/><E20/><V125/><F78/><W128/><G128/><T41/><D83/><U95/><E95/><V112/><F23/><W109/><G109/><T127/><D67/><U62/><E62/><V134/><F134/><W77/><G77/><T76/><D63/><U61/><E61/><V133/><F60/><W17/><G17/><T88/><D76/><U120/><E120/><V58/><F133/><W43/><G43/><T123/><D41/><U49/><AGARI ba="0,2" hai="10,14,16,47,49,52,86,89,93,94,97,102,116,118" machi="49" ten="30,8000,1" yaku="1,1,0,1,52,1,54,2,53,0" doraHai="50" doraHaiUra="119" who="1" fromWho="1" sc="211,-20,204,100,339,-40,226,-20" /><INIT seed="3,0,0,1,1,134" ten="191,304,299,206" oya="3" hai0="89,113,108,115,14,84,82,101,57,100,88,30,29" hai1="3,35,27,135,128,75,56,68,62,119,34,77,64" hai2="120,4,54,92,127,80,55,44,60,96,15,106,114" hai3="0,45,33,21,83,49,37,47,76,131,19,58,67"/><W12/><G33/><T53/><D108/><U11/><E56/><N who="2" m="34839" /><F106/><W122/><G122/><T46/><D46/><N who="3" m="17417" /><G0/><T129/><D129/><U111/><E111/><V22/><F114/><N who="0" m="43530" /><D14/><U91/><E135/><V81/><F127/><W95/><G131/><T86/><D101/><U72/><E119/><V110/><F110/><W70/><G70/><T125/><D100/><U36/><E36/><V5/><F120/><W133/><G133/><T117/><D117/><U130/><E91/><N who="2" m="55327" /><F44/><W42/><G37/><T104/><D104/><U17/><E77/><V78/><F55/><W93/><G42/><T24/><D24/><U28/><E35/><V123/><F123/><W6/><G6/><N who="2" m="2665" /><F78/><W87/><G67/><T20/><D125/><U7/><E130/><V9/><F22/><W107/><G107/><T40/><D20/><U105/><E128/><V103/><F103/><W69/><G69/><T74/><D74/><U43/><E43/><V41/><F41/><W1/><G1/><T18/><D40/><U79/><E105/><V97/><F97/><W48/><G58/><T112/><N who="0" m="43538" /><T121/><DORA hai="90" /><D121/><U38/><E38/><V71/><F71/><W116/><G116/><T13/><D89/><U98/><E79/><V39/><F39/><W85/><G85/><T10/><D86/><U50/><E98/><V52/><F52/><W16/><G21/><T132/><D132/><U23/><E75/><V59/><F59/><W109/><G109/><T32/><D32/><U118/><E72/><V2/><F2/><W61/><G76/><T63/><AGARI ba="0,0" hai="10,13,18,29,30,53,57,63,82,84,88" m="43538" machi="63" ten="40,2700,0" yaku="11,1,54,1" doraHai="134,90" who="0" fromWho="0" sc="191,27,304,-7,299,-7,206,-13" /><INIT seed="4,0,0,2,0,127" ten="218,297,292,193" oya="0" hai0="57,118,8,98,33,87,58,29,43,28,42,25,34" hai1="77,85,72,110,64,86,56,103,69,65,52,125,79" hai2="15,61,106,117,94,75,41,50,54,97,129,18,104" hai3="3,32,67,134,53,93,89,121,81,133,83,7,130"/><T27/><D118/><U92/><E110/><V21/><F75/><W51/><G32/><T23/><D23/><U66/><E125/><V113/><F117/><W96/><G67/><T112/><D112/><U78/><E72/><V26/><F113/><W17/><G17/><T13/><D98/><N who="1" m="59847" /><E69/><V76/><F76/><W2/><G121/><T122/><D122/><U63/><AGARI ba="0,0" hai="52,56,63,64,65,66,77,78,79,85,86" m="59847" machi="63" ten="30,2000,0" yaku="8,1,54,1" doraHai="127" who="1" fromWho="1" sc="218,-10,297,20,292,-5,193,-5" owari="208,-19.0,317,41.0,287,9.0,188,-31.0" /></mjloggm>