<mjloggm ver="2.3"><GO type="185" lobby="0"/><UN n0="%E3%81%B6%E3%82%8B%E3%81%AF%E3%81%A4" n1="%E3%82%BF%E3%83%AD%E3%81%95" n2="%E6%96%B0%E4%B8%96%E7%95%8C%E3%81%AE%E7%B4%99" n3="" dan="16,16,17,0" rate="2136.05,2108.74,2286.27,1500.00" sx="M,M,F,C"/><TAIKYOKU oya="0"/><INIT seed="0,0,0,1,1,128" ten="350,350,350,0" oya="0" hai0="101,81,90,54,1,74,118,61,67,58,122,65,59" hai1="107,123,83,43,133,94,113,57,109,53,35,119,45" hai2="70,132,89,37,79,114,87,76,42,111,104,71,72" hai3=""/><T41/><N who="0" m="31264" /><T82/><D1/><U97/><N who="1" m="31520" /><U108/><E119/><V69/><F114/><T62/><D118/><U34/><E107/><V125/><F111/><N who="1" m="42569" /><E83/><V88/><F125/><T110/><D110/><U49/><E113/><V48/><F72/><T63/><D101/><U131/><E131/><V77/><F37/><T99/><D41/><U105/><E105/><V46/><F104/><T78/><D82/><U66/><E66/><V91/><REACH who="2" step="1"/><F132/><REACH who="2" ten="350,350,340,0" step="2"/><T47/><D47/><U56/><E133/><V92/><AGARI ba="0,1" hai="42,46,48,69,70,71,76,77,79,87,88,89,91,92" machi="92" ten="40,9000,2" yaku="1,1,2,1,0,1,54,1,53,3" doraHai="128" doraHaiUra="75" who="2" fromWho="2" sc="350,-60,350,-30,340,100,0,0" /><INIT seed="1,0,0,4,1,89" ten="290,320,440,0" oya="1" hai0="33,80,101,53,61,126,92,62,47,36,84,100,128" hai1="120,121,39,113,82,105,118,38,88,131,103,51,133" hai2="129,83,46,41,108,114,95,54,69,123,90,112,116" hai3=""/><U65/><N who="1" m="30752" /><U44/><N who="1" m="31008" /><U40/><E118/><V58/><N who="2" m="31520" /><V125/><F116/><T48/><D33/><U135/><E113/><N who="2" m="43627" /><F108/><T67/><D128/><U122/><N who="1" m="31264" /><U35/><E65/><V71/><F83/><T85/><D126/><U60/><E60/><V55/><F129/><T107/><D107/><U3/><E131/><V66/><F66/><T109/><D109/><U56/><E3/><V77/><F77/><T2/><D2/><U50/><E103/><V134/><F134/><N who="1" m="51209" /><E105/><V97/><F125/><T81/><D36/><U70/><E70/><N who="2" m="26635" /><F58/><T64/><D64/><U87/><E35/><V52/><F55/><AGARI ba="0,0" hai="38,39,40,44,50,51,55,56,82,87,88" m="51209,31264,31008,30752" machi="55" ten="30,12000,1" yaku="20,1,52,3,54,1" doraHai="89" who="1" fromWho="2" sc="290,0,320,120,440,-120,0,0" /><INIT seed="1,1,0,2,5,59" ten="290,440,320,0" oya="1" hai0="66,118,69,74,92,75,52,104,57,86,36,115,122" hai1="53,129,78,98,51,50,119,44,102,48,105,101,55" hai2="107,130,2,63,84,80,103,100,95,114,33,88,124" hai3=""/><U64/><E119/><V68/><F33/><T90/><N who="0" m="31264" /><T45/><D115/><U99/><E129/><V89/><F2/><T81/><D104/><U133/><E133/><V0/><F0/><T65/><D118/><U62/><E78/><V46/><F130/><T38/><D69/><U32/><E32/><V94/><F114/><T42/><D36/><U128/><E128/><V132/><F132/><T96/><D75/><U60/><E64/><V125/><F107/><T77/><REACH who="0" step="1"/><D74/><REACH who="0" ten="280,440,320,0" step="2"/><U43/><E105/><V37/><F125/><T1/><D1/><U134/><E134/><V83/><F124/><T117/><D117/><U110/><E43/><V113/><F113/><T126/><D126/><U76/><E44/><V82/><F37/><T56/><D56/><U108/><E76/><V41/><F41/><T106/><D106/><U54/><E102/><V109/><F46/><T40/><D40/><U71/><E101/><V91/><F91/><T85/><D85/><U123/><N who="1" m="31520" /><U70/><E70/><V67/><REACH who="2" step="1"/><F109/><REACH who="2" ten="280,440,310,0" step="2"/><N who="1" m="42089" /><E71/><V73/><F73/><T35/><D35/><U3/><E3/><V127/><F127/><T34/><D34/><U120/><N who="1" m="30752" /><U87/><E87/><AGARI ba="1,2" hai="63,67,68,80,82,83,84,87,88,89,94,95,100,103" machi="87" ten="40,8000,1" yaku="1,1,9,1,52,1,54,1,53,0" doraHai="59" doraHaiUra="131" who="2" fromWho="1" sc="280,0,440,-82,310,102,0,0" /><INIT seed="2,0,0,5,0,41" ten="280,358,412,0" oya="2" hai0="100,96,3,1,36,103,130,78,107,73,56,118,0" hai1="80,111,70,133,99,104,55,45,94,91,97,109,85" hai2="37,88,125,69,75,93,82,116,108,54,64,48,65" hai3=""/><V123/><N who="2" m="31520" /><V50/><F116/><T79/><D118/><U122/><N who="1" m="31264" /><U121/><N who="1" m="31008" /><U51/><E70/><V68/><F37/><T117/><D117/><U135/><E104/><V59/><F125/><T86/><D36/><U34/><E99/><V81/><F108/><N who="1" m="41545" /><E34/><V71/><F50/><T124/><D124/><U53/><E55/><V134/><F134/><T72/><D130/><U132/><E132/><V120/><N who="2" m="30752" /><V114/><F114/><T2/><D103/><AGARI ba="0,0" hai="45,51,53,80,85,91,94,97,103,133,135" m="41545,31008,31264" machi="103" ten="30,7700,0" yaku="14,1,52,3" doraHai="41" who="1" fromWho="0" sc="280,-77,358,77,412,0,0,0" /><INIT seed="4,0,0,0,2,111" ten="203,435,412,0" oya="0" hai0="33,129,114,133,69,49,50,89,41,36,39,92,70" hai1="43,124,46,131,60,62,78,94,52,79,55,88,106" hai2="53,120,95,127,67,104,103,63,93,64,119,107,128" hai3=""/><T45/><D33/><U56/><E124/><V57/><N who="2" m="30752" /><V91/><F127/><T61/><D129/><U96/><E106/><V80/><F128/><T54/><D133/><U72/><E72/><V81/><F119/><T75/><D75/><U135/><E131/><V100/><F104/><T32/><D32/><U38/><E135/><V112/><F107/><T83/><D83/><N who="2" m="31818" /><F112/><T109/><D109/><U118/><E118/><V74/><F74/><T117/><D117/><U37/><E38/><N who="0" m="14377" /><D89/><U86/><E96/><V130/><F130/><T59/><D92/><N who="2" m="35402" /><F91/><T87/><D87/><U34/><E34/><V121/><N who="2" m="31008" /><V122/><N who="2" m="31264" /><V99/><F99/><T35/><D35/><U125/><E125/><V71/><F71/><N who="0" m="27146" /><D114/><U40/><E79/><V2/><F2/><T113/><D113/><U98/><E78/><V3/><F3/><T66/><D66/><AGARI ba="0,0" hai="53,57,63,64,66,67,100,103" m="31264,31008,35402,31818,30752" machi="66" ten="30,7700,0" yaku="8,1,52,3" doraHai="111" who="2" fromWho="0" sc="203,-77,435,0,412,77,0,0" /><INIT seed="5,0,0,2,4,51" ten="126,435,489,0" oya="1" hai0="48,123,98,134,103,106,58,61,93,114,116,45,1" hai1="89,94,62,133,46,88,102,107,40,67,68,96,95" hai2="55,53,117,69,82,77,87,90,36,47,104,115,78" hai3=""/><U113/><E113/><V60/><F117/><T84/><N who="0" m="31520" /><T2/><D116/><U71/><E133/><V73/><F104/><T34/><D34/><U118/><E118/><V79/><F115/><T38/><D114/><U49/><E71/><V39/><F73/><T66/><D134/><U59/><E68/><V119/><F119/><T135/><D135/><U128/><E128/><V130/><F130/><T37/><D84/><U120/><N who="1" m="30752" /><U99/><E107/><V129/><F129/><T72/><D72/><U122/><N who="1" m="31264" /><U131/><E131/><V42/><REACH who="2" step="1"/><F39/><REACH who="2" ten="126,435,479,0" step="2"/><T33/><D33/><U125/><E125/><V74/><F74/><T92/><D37/><U81/><E81/><V121/><N who="2" m="31008" /><V32/><F32/><T64/><D38/><U91/><AGARI ba="0,1" hai="40,46,49,59,62,67,88,89,91,94,95,96,99,102" m="31264,30752" machi="91" ten="20,12000,2" yaku="0,1,7,1,8,1,52,2,54,1" doraHai="51" who="1" fromWho="1" sc="126,-60,435,130,479,-60,0,0" /><INIT seed="5,1,0,1,4,50" ten="66,565,419,0" oya="1" hai0="71,83,92,42,102,37,128,116,54,52,69,121,62" hai1="63,107,34,98,82,33,60,0,65,113,39,48,43" hai2="77,49,45,119,75,61,132,89,124,67,131,111,126" hai3=""/><U85/><E113/><V35/><F119/><T100/><N who="0" m="31008" /><T36/><D83/><U59/><E0/><V38/><F111/><T95/><D128/><U76/><E39/><N who="0" m="14921" /><D42/><U114/><E114/><V58/><F35/><T90/><D62/><U68/><E43/><V72/><F131/><T129/><D90/><U1/><E48/><V135/><F38/><T97/><D129/><U104/><E1/><V3/><F3/><T47/><D97/><U41/><E41/><V93/><F77/><T79/><D47/><U84/><E84/><V122/><N who="2" m="31264" /><V74/><F49/><T57/><D57/><U87/><E87/><V109/><F45/><T125/><D79/><U2/><E2/><V134/><REACH who="2" step="1"/><F109/><REACH who="2" ten="66,565,409,0" step="2"/><T96/><D96/><AGARI ba="1,1" hai="58,61,67,72,74,75,89,93,96,124,126,132,134,135" m="31264" machi="96" ten="50,8000,1" yaku="1,1,2,1,20,1,52,1,53,0" doraHai="50" doraHaiUra="101" who="2" fromWho="0" sc="66,-82,565,0,409,92,0,0" owari="-16,-62.0,565,52.0,501,10.0,0,0.0" /></mjloggm>