<mjloggm ver="2.3"><GO type="169" lobby="0"/><UN n0="%E9%81%8A%E3%81%B3%E5%BF%83" n1="%63%61%70%64%75%63%61%6C" n2="%E9%B4%A8%E8%91%B1%E5%A4%AA%E9%83%8E" n3="%E2%91%A3%E3%82%BB%E3%83%B3%E3%83%81" dan="18,16,17,18" rate="2200.20,2142.10,2165.85,2234.50" sx="M,M,M,M"/><TAIKYOKU oya="0"/><INIT seed="0,0,0,3,2,12" ten="250,250,250,250" oya="0" hai0="126,13,124,86,23,21,74,6,132,89,38,100,72" hai1="33,53,2,48,82,20,55,119,57,115,17,22,44" hai2="99,25,97,27,130,49,110,69,98,29,0,51,30" hai3="8,73,121,32,87,94,81,112,111,85,43,109,88"/><T61/><D38/><U122/><E33/><V62/><F0/><W19/><G112/><T39/><D39/><U129/><E2/><V108/><F62/><W131/><G32/><T54/><D100/><U3/><E3/><V35/><F69/><W36/><G73/><T60/><D132/><U120/><E115/><V90/><F90/><W95/><G131/><T24/><D54/><U46/><E129/><V107/><F107/><W10/><G121/><T37/><D37/><U117/><E82/><V7/><F7/><W65/><G65/><T28/><D61/><U1/><E1/><V105/><F105/><W5/><G5/><T79/><D60/><U15/><E57/><V106/><F106/><W116/><G116/><T104/><D104/><U47/><E47/><V42/><F42/><W102/><G102/><T68/><D68/><U80/><E80/><V84/><F84/><W66/><G66/><T114/><D79/><U34/><E34/><V52/><F52/><W125/><G125/><N who="0" m="48235" /><D6/><U56/><E56/><V11/><F130/><W76/><G43/><T14/><D114/><U96/><E96/><V31/><F11/><W58/><G36/><T18/><D13/><U59/><E59/><V134/><F134/><W78/><G58/><T133/><D133/><U83/><E119/><V123/><F123/><W70/><G70/><T26/><D14/><U63/><E122/><V50/><F35/><W91/><G81/><AGARI ba="0,0" hai="18,21,23,24,26,28,72,74,81,86,89" m="48235" machi="81" ten="30,2900,0" yaku="18,1,52,1" doraHai="12" who="0" fromWho="3" sc="250,29,250,0,250,0,250,-29" /><INIT seed="0,1,0,5,5,84" ten="279,250,250,221" oya="0" hai0="47,17,119,75,31,57,32,12,123,115,125,66,71" hai1="16,96,30,135,60,55,72,117,109,39,89,7,56" hai2="68,95,2,62,74,42,38,1,8,54,107,22,81" hai3="44,35,6,63,45,93,33,134,106,18,122,15,128"/><T52/><D119/><U67/><E72/><V97/><F107/><W28/><G106/><T127/><D123/><U46/><E30/><V21/><F38/><W86/><G122/><T105/><D115/><U100/><E7/><V131/><F42/><W83/><G6/><T3/><D105/><U92/><E117/><V40/><F40/><W78/><G134/><T61/><D75/><U114/><E135/><V48/><F131/><W9/><G128/><T4/><D47/><U90/><E114/><V101/><F74/><W121/><G121/><T113/><D113/><U79/><E79/><V73/><F73/><W11/><G11/><N who="0" m="2463" /><D31/><U130/><E130/><V5/><F81/><W69/><G93/><T0/><D0/><U91/><E109/><V43/><F43/><W58/><G69/><T77/><D77/><U59/><E39/><V99/><F99/><W49/><G49/><N who="0" m="30863" /><D12/><U10/><E46/><V51/><F51/><W25/><REACH who="3" step="1"/><G35/><REACH who="3" ten="279,250,250,211" step="2"/><T41/><D32/><U103/><E103/><V36/><F2/><W50/><G50/><T14/><D41/><U76/><E76/><V112/><F36/><W64/><AGARI ba="1,1" hai="9,15,18,25,28,33,44,45,58,63,64,78,83,86" machi="64" ten="20,2700,0" yaku="1,1,0,1,7,1,53,0" doraHai="84" doraHaiUra="70" who="3" fromWho="3" sc="279,-14,250,-8,250,-8,211,40" /><INIT seed="1,0,0,3,3,7" ten="265,242,242,251" oya="1" hai0="117,91,94,93,102,12,103,42,132,31,96,35,75" hai1="9,26,95,53,50,46,84,68,64,30,5,71,3" hai2="36,74,82,25,20,98,8,60,107,133,122,63,115" hai3="27,92,19,44,89,127,85,70,116,11,131,81,1"/><U62/><E84/><V100/><F36/><W17/><G70/><T10/><D117/><U80/><E80/><V0/><F122/><W124/><G116/><T88/><D75/><U119/><E119/><V57/><F115/><W106/><G106/><T118/><D118/><U101/><E101/><V67/><F133/><W21/><G131/><T87/><D132/><U73/><E73/><V66/><F82/><W24/><G44/><T78/><D78/><U65/><E95/><V113/><F113/><W51/><G51/><T69/><D69/><U134/><E134/><V23/><F74/><W52/><G52/><T4/><D42/><U105/><E105/><V130/><F130/><W86/><G1/><T14/><D12/><U72/><E72/><V49/><F49/><W47/><G47/><T97/><D87/><U43/><E43/><V128/><F128/><W112/><G112/><T120/><D120/><U15/><E3/><V56/><F25/><AGARI ba="0,0" hai="4,10,14,25,31,35,88,91,93,94,96,97,102,103" machi="25" ten="40,5200,0" yaku="9,1,52,1,54,1" doraHai="7" who="0" fromWho="2" sc="265,52,242,0,242,-52,251,0" /><INIT seed="2,0,0,1,2,26" ten="317,242,190,251" oya="2" hai0="51,100,28,134,54,34,1,125,4,38,91,81,23" hai1="27,133,63,106,43,82,16,53,13,84,115,8,131" hai2="32,69,35,94,3,24,46,22,36,107,64,56,60" hai3="30,57,18,89,97,130,78,44,6,11,0,88,42"/><V93/><F107/><W80/><G130/><T95/><D38/><U112/><E106/><V101/><F3/><W85/><G18/><T31/><D34/><U87/><E131/><V127/><F127/><W40/><G40/><T58/><D125/><U83/><E43/><V120/><F120/><W10/><G10/><T108/><D108/><U59/><E133/><V39/><F69/><W50/><G30/><N who="0" m="11307" /><D1/><U122/><E27/><V61/><F61/><W62/><REACH who="3" step="1"/><G97/><REACH who="3" ten="317,242,190,241" step="2"/><N who="0" m="59455" /><D134/><U123/><E123/><V116/><F35/><W124/><G124/><T52/><D4/><U49/><E122/><V14/><F32/><W68/><G68/><T79/><D23/><U76/><REACH who="1" step="1"/><E49/><REACH who="1" ten="317,232,190,241" step="2"/><V129/><F129/><W41/><G41/><T47/><D51/><U17/><E17/><V33/><F39/><W67/><AGARI ba="0,2" hai="0,6,11,42,44,50,57,62,67,78,80,85,88,89" machi="67" ten="20,5200,0" yaku="1,1,0,1,7,1,54,1,53,0" doraHai="26" doraHaiUra="102" who="3" fromWho="3" sc="317,-13,232,-13,190,-26,241,72" /><INIT seed="3,0,0,2,0,18" ten="304,219,164,313" oya="3" hai0="73,108,9,6,134,100,95,128,49,19,123,22,115" hai1="16,56,69,41,98,129,131,34,133,28,118,17,112" hai2="40,2,3,94,29,15,63,35,135,38,116,13,109" hai3="48,127,72,5,11,87,81,55,61,66,91,30,120"/><W105/><G120/><T4/><D73/><U36/><E69/><V1/><F116/><W130/><G105/><T104/><D104/><U8/><E118/><V77/><F77/><W132/><G127/><T12/><D123/><U125/><E125/><V0/><F135/><W70/><G132/><T44/><D108/><U110/><E110/><V74/><F74/><W75/><G30/><T51/><D51/><U88/><E133/><V26/><F109/><W37/><G37/><T124/><D128/><N who="1" m="49227" /><E112/><V47/><N who="2" m="0" /><DORA hai="50" /><V117/><F117/><W106/><G106/><T43/><D124/><U46/><E8/><V83/><F83/><W7/><G130/><T92/><D134/><U79/><E79/><V119/><F119/><W78/><G11/><T97/><D115/><U113/><E113/><V96/><REACH who="2" step="1"/><F63/><REACH who="2" ten="304,219,154,313" step="2"/><W53/><G75/><T25/><D4/><U111/><E111/><V21/><F21/><W114/><G114/><T27/><D92/><N who="1" m="56583" /><E34/><V59/><F59/><W58/><G78/><T121/><D121/><U24/><E56/><V14/><F14/><AGARI ba="0,1" hai="6,9,12,14,19,22,25,27,43,44,49,95,97,100" machi="14" ten="30,3900,0" yaku="7,1,8,1,52,1" doraHai="18,50" who="0" fromWho="2" sc="304,49,219,0,154,-39,313,0" /><INIT seed="4,0,0,3,4,92" ten="353,219,115,313" oya="0" hai0="121,126,87,95,19,56,6,93,99,38,10,70,102" hai1="109,62,100,98,30,9,40,39,43,24,15,73,103" hai2="129,117,81,18,110,47,111,112,106,71,80,67,27" hai3="135,32,125,63,51,132,4,72,53,88,65,35,90"/><T104/><D70/><U45/><E109/><V49/><F117/><W97/><G72/><T123/><D38/><U34/><E103/><V58/><F106/><W114/><G4/><T50/><D126/><U33/><E73/><V96/><F71/><W0/><G0/><T20/><D87/><U17/><E43/><V77/><F129/><W107/><G114/><T79/><D79/><U26/><E62/><V16/><F112/><W23/><G23/><T122/><D56/><U85/><E85/><V31/><F81/><W86/><G125/><T116/><D50/><U1/><E1/><V131/><F131/><W133/><G63/><T115/><D116/><U91/><E91/><N who="3" m="34858" /><G65/><T113/><D113/><U76/><E76/><V46/><F46/><N who="3" m="27895" /><G86/><T13/><REACH who="0" step="1"/><D115/><REACH who="0" ten="343,219,115,313" step="2"/><U5/><E39/><V2/><F110/><W68/><G68/><T59/><D59/><U124/><E124/><V105/><F111/><W120/><G120/><T101/><D101/><AGARI ba="0,1" hai="32,35,97,101,107,132,133,135" m="27895,34858" machi="101" ten="40,5200,0" yaku="20,1,52,1,54,1" doraHai="92" who="3" fromWho="0" sc="343,-52,219,0,115,0,313,62" /><INIT seed="5,0,0,5,5,134" ten="291,219,115,375" oya="1" hai0="88,46,113,96,105,59,69,57,84,32,22,135,77" hai1="86,20,81,44,35,106,115,24,17,53,13,31,79" hai2="19,14,75,70,80,111,71,78,48,73,51,112,87" hai3="54,123,50,120,29,72,82,12,49,21,61,56,91"/><U3/><E106/><V92/><F111/><W1/><G1/><T9/><D32/><U133/><E133/><V131/><F131/><W7/><G50/><T63/><D69/><U83/><E115/><V125/><F112/><W52/><G7/><T85/><D57/><U128/><E128/><V104/><F104/><W65/><G54/><T132/><D77/><U30/><E30/><V99/><F70/><W109/><G109/><T47/><D84/><U38/><E3/><V6/><F71/><W74/><G74/><T34/><D34/><U4/><E4/><V2/><F6/><W62/><G62/><T16/><D9/><U36/><E83/><V95/><F95/><W130/><G130/><T93/><D113/><U15/><E15/><V101/><F2/><W118/><G118/><T68/><D68/><U42/><E53/><V41/><F51/><AGARI ba="0,0" hai="13,17,20,24,31,35,36,38,42,44,51,79,81,86" machi="51" ten="30,1500,0" yaku="7,1" doraHai="134" who="1" fromWho="2" sc="291,0,219,15,115,-15,375,0" /><INIT seed="5,1,0,5,0,29" ten="291,234,100,375" oya="1" hai0="46,134,97,43,28,3,80,89,82,86,11,103,83" hai1="81,104,22,93,121,130,70,72,67,110,120,78,24" hai2="98,35,77,45,62,12,50,74,61,113,52,36,60" hai3="112,115,91,111,0,31,59,100,25,108,7,129,23"/><U41/><E104/><V87/><F74/><W4/><G100/><T116/><D116/><U63/><E41/><V114/><F98/><W54/><G91/><T106/><D134/><U48/><E130/><V32/><F36/><W124/><G129/><T69/><D69/><U6/><E6/><N who="3" m="2090" /><G0/><T119/><D119/><U53/><E93/><V96/><F96/><W79/><G79/><T38/><D3/><U133/><E133/><V128/><F128/><W123/><G123/><T56/><D11/><U84/><E72/><V68/><F12/><W2/><G2/><T71/><D71/><U65/><E65/><V88/><F77/><W117/><G117/><T92/><D28/><U37/><E37/><V47/><F45/><W51/><G124/><T90/><D56/><U66/><E66/><V34/><REACH who="2" step="1"/><F68/><REACH who="2" ten="291,234,90,375" step="2"/><W33/><G111/><T40/><D40/><U39/><E110/><V75/><F75/><W131/><G108/><T8/><D97/><U94/><E39/><V101/><F101/><W95/><G131/><T14/><D46/><U118/><E118/><V109/><F109/><W44/><G44/><T126/><D43/><U49/><E121/><V127/><F127/><W9/><G59/><T13/><D38/><U26/><E120/><V30/><F30/><W10/><G31/><T16/><D103/><U85/><E70/><V58/><F58/><W73/><G73/><T76/><D126/><U5/><E78/><V132/><F132/><W99/><G99/><T15/><D76/><U55/><E84/><V18/><F18/><W27/><G27/><T21/><D86/><RYUUKYOKU ba="1,1" sc="291,-10,234,-10,90,30,375,-10" hai2="32,34,35,47,50,52,60,61,62,87,88,113,114" /><INIT seed="6,2,1,2,1,1" ten="281,224,120,365" oya="2" hai0="111,78,64,54,59,60,112,92,87,37,47,75,119" hai1="113,44,73,74,126,9,110,23,38,28,63,91,50" hai2="30,107,70,71,15,134,83,76,45,13,46,89,4" hai3="14,88,43,124,95,103,8,12,3,55,52,117,106"/><V20/><F107/><W133/><G117/><T56/><D111/><U57/><E38/><V51/><F134/><W94/><G106/><T130/><D75/><U34/><E34/><V132/><F132/><W98/><G133/><T65/><D112/><U80/><E113/><V7/><F89/><W0/><G124/><T16/><D130/><U32/><E32/><V118/><F118/><W122/><G122/><T104/><D104/><U129/><E126/><V72/><F46/><W85/><G43/><T115/><D37/><U109/><E73/><V131/><F131/><W33/><G33/><T48/><D59/><U82/><E82/><V24/><F15/><W66/><G66/><N who="0" m="39175" /><D119/><U125/><E129/><V67/><F13/><W96/><G14/><T97/><D16/><U127/><E127/><V36/><F36/><W2/><REACH who="3" step="1"/><G98/><REACH who="3" ten="281,224,120,355" step="2"/><T114/><D115/><U121/><E125/><V99/><F99/><W42/><G42/><T31/><D114/><U86/><E121/><V61/><REACH who="2" step="1"/><F71/><REACH who="2" ten="281,224,110,355" step="2"/><W35/><G35/><T10/><D97/><U17/><E110/><V81/><F81/><W5/><AGARI ba="2,3" hai="0,2,3,5,8,12,52,55,85,88,94,95,96,103" machi="5" ten="30,8000,1" yaku="1,1,0,1,52,1,54,2,53,0" doraHai="1" doraHaiUra="77" who="3" fromWho="3" sc="281,-22,224,-22,110,-42,355,116" /><INIT seed="7,0,0,5,3,84" ten="259,202,68,471" oya="3" hai0="105,23,67,34,36,100,103,54,55,119,62,51,133" hai1="75,77,61,52,32,111,124,80,91,46,25,106,90" hai2="99,31,40,92,70,21,71,65,9,37,13,85,123" hai3="115,29,73,49,74,114,45,26,86,12,4,0,1"/><W98/><G12/><T101/><D34/><U66/><E106/><V39/><F123/><W83/><G98/><T43/><D119/><U134/><E111/><V130/><F130/><W96/><G96/><T14/><D133/><U50/><E134/><V120/><F120/><W64/><G64/><T41/><D105/><U11/><E124/><V28/><F65/><W19/><G19/><N who="0" m="10743" /><D36/><U35/><E35/><V102/><F70/><W10/><G1/><T129/><D129/><U108/><E108/><V48/><F71/><W69/><G69/><T78/><D78/><U59/><REACH who="1" step="1"/><E11/><REACH who="1" ten="259,192,68,471" step="2"/><V47/><F39/><W118/><G10/><T16/><D103/><U128/><E128/><V56/><F21/><W81/><G115/><T44/><D101/><U24/><E24/><V7/><F37/><W113/><G26/><T27/><D100/><U3/><E3/><V8/><F9/><W42/><G0/><T135/><D135/><U6/><E6/><V131/><F131/><W68/><G4/><T18/><D27/><U116/><E116/><V112/><F112/><W122/><G118/><T126/><D126/><U125/><E125/><V38/><F38/><W20/><G114/><T79/><D18/><U109/><E109/><V93/><REACH who="2" step="1"/><F56/><REACH who="2" ten="259,192,58,471" step="2"/><W107/><G68/><T22/><D22/><U82/><E82/><V2/><F2/><W88/><G83/><T110/><D110/><U121/><E121/><V15/><F15/><W87/><G122/><T72/><D67/><U33/><E33/><V17/><F17/><W97/><G113/><T127/><D127/><U94/><E94/><RYUUKYOKU ba="0,2" sc="259,-15,192,15,58,15,471,-15" hai1="25,32,46,50,52,59,61,66,75,77,80,90,91" hai2="7,8,13,28,31,40,47,48,85,92,93,99,102" owari="244,4.0,207,-19.0,73,-43.0,476,58.0" /></mjloggm>