<mjloggm ver="2.3"><GO type="169" lobby="0"/><UN n0="%E3%81%BE%E3%81%93%E3%81%A8%E3%81%95%E3%82%93" n1="%E3%83%89%E3%83%B3%E3%82%AB%E3%83%A9%E3%82%B9" n2="%4D%6F%6E%6F%69%64" n3="%E3%82%B7%E3%83%A5%E3%83%9E%E3%82%A4%E3%82%B1%E3%83%AB" dan="16,16,16,16" rate="2127.52,2084.77,2160.40,2144.08" sx="M,M,F,M"/><TAIKYOKU oya="0"/><INIT seed="0,0,0,3,0,71" ten="250,250,250,250" oya="0" hai0="2,52,106,8,114,131,14,48,9,99,133,87,75" hai1="83,116,26,42,79,86,125,68,19,132,16,5,17" hai2="129,94,34,80,85,107,113,117,98,41,39,47,32" hai3="134,115,70,67,96,110,54,100,89,81,45,92,130"/><T4/><D114/><U65/><E116/><V43/><F113/><W119/><G115/><T27/><D131/><U95/><E125/><V58/><F107/><W40/><G119/><T57/><D133/><U118/><E118/><V93/><F117/><W6/><G130/><T126/><D126/><U0/><E132/><V111/><F129/><W72/><G134/><T30/><D75/><U120/><E120/><V122/><F122/><W24/><G110/><T20/><D87/><U25/><E68/><V101/><F111/><W18/><G6/><T127/><D127/><U29/><E65/><V73/><F43/><W104/><G54/><T1/><REACH who="0" step="1"/><D9/><REACH who="0" ten="240,250,250,250" step="2"/><U84/><E84/><V3/><F73/><W59/><G72/><T66/><D66/><U23/><E86/><V12/><F85/><W62/><G67/><T31/><D31/><U76/><E76/><V88/><F98/><W13/><G96/><T60/><D60/><U51/><E79/><V64/><F64/><W77/><G77/><T91/><D91/><U10/><E83/><V105/><F80/><W69/><G70/><T37/><D37/><U109/><E109/><V128/><F128/><W135/><G69/><T63/><D63/><U61/><E61/><V11/><F88/><W28/><G62/><T103/><AGARI ba="0,1" hai="1,2,4,8,14,20,27,30,48,52,57,99,103,106" machi="103" ten="30,11700,0" yaku="1,1,0,1,54,1,53,1" doraHai="71" doraHaiUra="49" who="0" fromWho="0" sc="240,127,250,-39,250,-39,250,-39" /><INIT seed="0,1,0,0,3,75" ten="367,211,211,211" oya="0" hai0="12,20,116,6,88,73,134,117,57,48,42,17,82" hai1="78,109,106,126,119,97,125,18,130,74,3,133,123" hai2="113,27,124,127,19,55,93,35,31,11,132,23,24" hai3="39,131,72,61,58,128,41,32,107,15,33,45,54"/><T108/><D134/><U103/><E3/><V46/><F93/><W81/><G107/><T122/><D122/><U99/><E18/><V114/><F55/><W44/><G44/><T120/><D120/><U1/><E1/><V2/><F46/><W69/><G69/><T98/><D108/><U8/><E8/><V90/><F90/><W79/><REACH who="3" step="1"/><G15/><REACH who="3" ten="367,211,211,201" step="2"/><T53/><D116/><U47/><E47/><V85/><F132/><W96/><G96/><T14/><D117/><U84/><E133/><V4/><REACH who="2" step="1"/><F85/><REACH who="2" ten="367,211,201,201" step="2"/><W16/><G16/><T89/><D17/><U7/><E84/><V100/><F100/><W30/><G30/><T10/><D98/><U60/><E99/><V104/><F104/><W51/><G51/><T76/><D42/><U22/><E103/><V56/><F56/><W0/><G0/><T62/><D48/><U110/><E97/><V9/><F9/><W68/><G68/><T52/><D10/><U86/><E86/><V67/><F67/><W50/><G50/><T129/><D57/><U5/><E106/><V71/><F71/><W87/><G87/><T21/><D6/><U66/><E66/><V64/><F64/><W111/><G111/><T135/><D135/><U29/><E5/><V118/><F118/><W80/><G80/><T70/><D82/><N who="1" m="45399" /><E7/><V13/><F13/><W112/><G112/><AGARI ba="1,2" hai="2,4,11,19,23,24,27,31,35,112,113,114,124,127" machi="112" ten="40,8000,1" yaku="1,1,34,3,53,0" doraHai="75" doraHaiUra="101" who="2" fromWho="3" sc="367,0,211,0,201,103,201,-83" /><INIT seed="1,0,0,0,3,81" ten="367,211,304,118" oya="1" hai0="98,89,17,63,18,107,123,58,96,90,95,68,104" hai1="82,29,134,61,71,86,31,36,55,93,26,19,42" hai2="45,85,92,121,129,119,27,28,101,128,54,49,132" hai3="87,14,46,0,79,105,135,12,69,1,99,106,67"/><U32/><E134/><V100/><F119/><W30/><G30/><T60/><D123/><U59/><E31/><V112/><F121/><W3/><G135/><T124/><D124/><U11/><E93/><V127/><F132/><W102/><G105/><T115/><D115/><U35/><E71/><V70/><F70/><W73/><G73/><T44/><D44/><U24/><E36/><V39/><F127/><W74/><G74/><T83/><D68/><U109/><E42/><V91/><F39/><W126/><G126/><T8/><D63/><U41/><E41/><V113/><F100/><W2/><N who="3" m="0" /><DORA hai="22" /><W21/><G46/><T78/><D90/><U80/><E80/><V9/><F9/><W43/><G43/><T57/><D57/><U37/><E37/><V4/><F4/><W5/><G5/><T130/><D130/><N who="2" m="50282" /><F101/><W65/><G69/><T76/><D76/><U53/><E109/><V25/><F25/><W125/><G125/><T52/><D98/><U131/><E131/><V111/><F111/><W33/><G33/><AGARI ba="0,0" hai="27,28,33,45,49,54,85,91,92,112,113" m="50282" machi="33" ten="30,3900,0" yaku="19,1,52,2" doraHai="81,22" who="2" fromWho="3" sc="367,0,211,0,304,39,118,-39" /><INIT seed="2,0,0,0,4,132" ten="367,211,343,79" oya="2" hai0="64,79,39,78,133,86,29,85,94,65,84,5,109" hai1="57,125,33,40,91,34,112,115,111,71,81,118,72" hai2="1,89,45,116,10,104,77,30,93,83,128,44,68" hai3="117,60,62,99,41,43,48,28,35,6,19,27,101"/><V50/><F116/><W70/><G117/><T126/><D133/><U31/><E71/><V23/><F104/><W24/><G6/><T38/><D109/><U42/><E118/><V124/><F68/><W4/><G4/><T103/><D5/><U13/><E57/><V119/><F119/><W134/><G134/><T66/><D29/><U108/><E13/><V63/><F128/><W47/><G43/><T67/><N who="0" m="16384" /><DORA hai="96" /><T7/><D7/><U2/><E72/><V90/><F63/><W127/><G70/><T80/><D126/><U113/><E81/><V102/><F124/><W16/><G127/><T55/><D55/><U18/><E18/><V14/><F1/><W105/><REACH who="3" step="1"/><G27/><REACH who="3" ten="367,211,343,69" step="2"/><T46/><D39/><U17/><E125/><V20/><F14/><W61/><AGARI ba="0,1" hai="16,19,24,28,35,41,47,48,60,61,62,99,101,105" machi="61" ten="30,12000,2" yaku="1,1,2,1,0,1,52,1,54,1,53,2" doraHai="132,96" doraHaiUra="15,130" who="3" fromWho="3" sc="367,-30,211,-30,343,-60,69,130" /><INIT seed="3,0,0,5,2,62" ten="337,181,283,199" oya="3" hai0="16,55,9,131,0,39,132,106,68,34,124,13,88" hai1="79,58,112,4,91,56,46,121,22,7,71,32,23" hai2="114,70,1,74,54,109,20,93,118,120,78,107,19" hai3="119,122,47,53,84,87,40,77,11,100,127,102,12"/><W81/><G119/><T125/><D131/><U98/><E71/><V41/><F118/><W49/><G122/><T128/><D128/><U51/><E32/><V90/><F114/><W113/><G127/><N who="0" m="48715" /><D132/><U129/><E121/><V6/><F120/><W135/><G113/><T50/><D39/><U28/><E79/><V15/><F107/><W75/><G135/><T3/><D106/><U64/><E129/><V105/><F105/><W86/><G75/><T36/><D36/><U92/><E112/><V101/><F70/><W43/><G43/><T57/><D68/><U26/><E23/><V61/><F109/><W8/><G8/><T108/><D34/><U52/><E58/><V104/><F41/><W21/><G21/><T59/><D108/><U66/><REACH who="1" step="1"/><E56/><REACH who="1" ten="337,171,283,199" step="2"/><V29/><F78/><W103/><REACH who="3" step="1"/><G53/><REACH who="3" ten="337,171,283,189" step="2"/><T65/><D55/><U5/><AGARI ba="0,2" hai="4,5,7,22,26,28,46,51,52,64,66,91,92,98" machi="5" ten="30,12000,2" yaku="1,1,2,1,0,1,8,1,52,2,54,1,53,0" doraHai="62" doraHaiUra="82" who="1" fromWho="1" sc="337,-30,171,140,283,-30,189,-60" /><INIT seed="4,0,0,0,5,52" ten="307,311,253,129" oya="0" hai0="108,54,51,11,17,84,94,105,48,96,22,101,59" hai1="61,127,37,126,2,63,49,10,29,87,107,115,50" hai2="1,91,134,135,130,103,88,9,102,76,106,72,41" hai3="81,53,57,19,109,8,114,111,129,77,66,119,131"/><T30/><D108/><U42/><E107/><V93/><F41/><W90/><G66/><T43/><D30/><U128/><E29/><V99/><F1/><W6/><G90/><N who="2" m="34345" /><F9/><W68/><G19/><T124/><D124/><U121/><E2/><V92/><F130/><N who="3" m="49675" /><G68/><T83/><D11/><U16/><E128/><V32/><F32/><W110/><G119/><T65/><D65/><U25/><E37/><V122/><F122/><W64/><G64/><T24/><D105/><U62/><E121/><V98/><F106/><W70/><G70/><T125/><D125/><N who="1" m="47627" /><E115/><V116/><F116/><W113/><G53/><T86/><D83/><AGARI ba="0,0" hai="72,76,83,92,93,98,99,102,103,134,135" m="34345" machi="83" ten="30,3900,0" yaku="34,2,54,1" doraHai="52" who="2" fromWho="0" sc="307,-39,311,0,253,39,129,0" /><INIT seed="5,0,0,3,3,62" ten="268,311,292,129" oya="1" hai0="104,132,111,94,128,122,115,72,53,68,15,45,46" hai1="116,106,11,92,57,103,39,42,59,78,35,12,1" hai2="31,22,134,4,38,85,17,7,109,84,56,99,21" hai3="18,88,37,58,29,121,91,80,89,43,119,97,19"/><U117/><E35/><V81/><F109/><W26/><G121/><T98/><D111/><U47/><E106/><V27/><F38/><W2/><G2/><T54/><D122/><U25/><E25/><V95/><F134/><W76/><G119/><T28/><D132/><U13/><E103/><N who="2" m="60927" /><F56/><W87/><G97/><T33/><D115/><U49/><E92/><V9/><F9/><W14/><G58/><T107/><D72/><U126/><E126/><V100/><F100/><W63/><G63/><T110/><D128/><U34/><E34/><V50/><F50/><W90/><N who="3" m="22528" /><DORA hai="113" /><W65/><G65/><T48/><D68/><U86/><E13/><N who="2" m="9391" /><F85/><W70/><G70/><T133/><D133/><U66/><E1/><V101/><F101/><W129/><G129/><T124/><D124/><U52/><E59/><V6/><F84/><W130/><G130/><T114/><D114/><U0/><E0/><V108/><F108/><W5/><G5/><T67/><D110/><U135/><E66/><V8/><F8/><W105/><G105/><T118/><D67/><U123/><E123/><V61/><F61/><W69/><G69/><T55/><D104/><U44/><E44/><V82/><AGARI ba="0,0" hai="4,6,7,22,27,31,81,82" m="9391,60927" machi="82" ten="30,1100,0" yaku="8,1" doraHai="62,113" who="2" fromWho="2" sc="268,-3,311,-5,292,11,129,-3" /><INIT seed="6,0,0,2,5,10" ten="265,306,303,126" oya="2" hai0="101,56,55,94,48,43,77,135,16,24,89,28,97" hai1="46,36,37,29,30,7,78,76,81,130,87,39,96" hai2="42,31,14,15,115,73,125,106,9,100,2,116,86" hai3="99,61,67,88,51,74,3,129,82,68,1,54,107"/><V127/><F116/><W12/><G129/><T75/><D135/><U134/><E130/><V49/><F73/><W18/><G107/><T128/><D128/><U70/><E134/><V52/><F115/><W60/><G60/><T19/><D43/><U133/><E133/><V6/><F42/><W98/><G74/><T11/><D75/><U65/><E46/><V44/><F31/><W110/><G110/><T132/><D77/><U33/><E78/><V4/><F86/><W0/><G82/><T123/><D132/><U53/><E53/><V20/><F20/><W17/><G17/><T62/><D123/><U57/><E70/><V45/><F45/><W8/><REACH who="3" step="1"/><G88/><REACH who="3" ten="265,306,303,116" step="2"/><T72/><D72/><U38/><E81/><V25/><F6/><W120/><G120/><T21/><D89/><U34/><E7/><V80/><F80/><W119/><G119/><T79/><D79/><U131/><E76/><V40/><F106/><W103/><G103/><T71/><D71/><U58/><E131/><V91/><F100/><W114/><G114/><T117/><D117/><U124/><E87/><V66/><F91/><W108/><G108/><T126/><D126/><U22/><E124/><V105/><F105/><W26/><G26/><T83/><D83/><U23/><E30/><V122/><F122/><W112/><G112/><T85/><D85/><U59/><E29/><V64/><F25/><W35/><G35/><T27/><D27/><U102/><E34/><V121/><F121/><W111/><G111/><T113/><D113/><U90/><N who="1" m="9216" /><DORA hai="5" /><U69/><E33/><V104/><F127/><RYUUKYOKU ba="0,1" sc="265,-10,306,-10,303,-10,116,30" hai3="0,1,3,8,12,18,51,54,61,67,68,98,99" /><INIT seed="7,1,1,3,4,52" ten="255,296,293,146" oya="3" hai0="118,15,105,95,76,9,86,83,94,114,38,0,1" hai1="66,31,61,27,63,71,91,69,121,97,96,109,120" hai2="98,73,126,58,55,129,67,57,119,81,4,125,64" hai3="65,72,93,134,39,13,22,88,115,92,111,24,48"/><W117/><G39/><T16/><D118/><U40/><E109/><V135/><F119/><W14/><G72/><T11/><D105/><U3/><E3/><V42/><F129/><W50/><G117/><T131/><D131/><U104/><E40/><V112/><F112/><W89/><G111/><T36/><D114/><U100/><E91/><N who="3" m="34890" /><G115/><T10/><D36/><U8/><E8/><V80/><F135/><W28/><G65/><N who="2" m="25161" /><F42/><W33/><G33/><T54/><D38/><U133/><E133/><V132/><F132/><W32/><G32/><T7/><REACH who="0" step="1"/><D54/><REACH who="0" ten="245,296,293,146" step="2"/><U20/><E71/><V49/><F55/><W102/><G134/><T47/><D47/><U26/><E69/><V123/><F123/><W85/><G85/><T45/><D45/><U110/><E66/><V29/><F73/><W43/><G43/><T74/><D74/><U124/><E121/><V53/><F53/><W59/><G59/><T79/><D79/><U56/><E56/><V23/><F57/><W113/><G113/><T44/><D44/><U107/><E120/><V99/><F58/><W84/><G84/><T122/><D122/><U30/><E110/><V130/><F130/><W108/><G108/><T17/><D17/><U12/><E107/><V25/><F49/><N who="3" m="19051" /><G93/><T68/><D68/><U82/><E104/><V51/><F51/><W2/><G2/><T6/><AGARI ba="1,2" hai="0,1,6,7,9,10,11,15,16,76,83,86,94,95" machi="6" ten="30,7900,0" yaku="1,1,0,1,9,1,54,1,53,0" doraHai="52" doraHaiUra="70" who="0" fromWho="0" sc="245,102,296,-21,293,-21,146,-40" owari="347,44.0,275,8.0,272,-13.0,106,-39.0" /></mjloggm>