<mjloggm ver="2.3"><GO type="169" lobby="0"/><UN n0="%31%74%61" n1="%67%75%73%68" n2="%6D%69%7A%75%79%6F%75" n3="%E6%A0%97%E7%94%B0%E6%81%AD%E5%AE%8F" dan="17,16,16,16" rate="2171.71,2121.27,2180.61,2079.72" sx="M,M,M,M"/><TAIKYOKU oya="0"/><INIT seed="0,0,0,2,5,17" ten="250,250,250,250" oya="0" hai0="58,1,45,51,131,18,24,101,127,85,95,12,96" hai1="80,118,82,87,99,135,62,21,120,122,19,119,70" hai2="81,91,108,67,6,106,64,56,116,10,35,117,123" hai3="60,52,128,132,114,97,65,63,77,107,38,36,26"/><T75/><D75/><U133/><E62/><V112/><F123/><N who="1" m="47145" /><E70/><V39/><F39/><W54/><G114/><T125/><D1/><U14/><E99/><V28/><F112/><W79/><G132/><N who="1" m="50762" /><E82/><V50/><F108/><W78/><G128/><T40/><D131/><U130/><E130/><V71/><F106/><W0/><G0/><T3/><D3/><U22/><E87/><V110/><F110/><W105/><G26/><T9/><D85/><U7/><E80/><V31/><F71/><W126/><G126/><N who="0" m="48139" /><D58/><U84/><E84/><V83/><F91/><W11/><G11/><T129/><D129/><U55/><E55/><N who="3" m="21034" /><G65/><T100/><D24/><N who="1" m="14399" /><E22/><V113/><F113/><W73/><G97/><T2/><D2/><U43/><E43/><V68/><F68/><W44/><G44/><T109/><D109/><U124/><E124/><V48/><F56/><W104/><G73/><T16/><D100/><U98/><E98/><V72/><F72/><W42/><G42/><T121/><D121/><U5/><E5/><AGARI ba="0,0" hai="5,9,12,16,18,40,45,51,95,96,101" m="48139" machi="5" ten="30,2900,0" yaku="18,1,54,1" doraHai="17" who="0" fromWho="1" sc="250,29,250,-29,250,0,250,0" /><INIT seed="0,1,0,3,2,22" ten="279,221,250,250" oya="0" hai0="31,28,7,114,104,92,128,96,118,11,62,81,54" hai1="23,36,5,51,56,24,116,47,42,19,124,134,43" hai2="26,125,39,79,16,126,68,97,0,57,12,73,53" hai3="10,78,27,45,83,9,131,60,29,70,4,105,61"/><T17/><D114/><U14/><E116/><V59/><F68/><W98/><G131/><T88/><D118/><U113/><E113/><V74/><F0/><W77/><G77/><T95/><D128/><U25/><E134/><V89/><F39/><W40/><G105/><T21/><D104/><U117/><E117/><V82/><F73/><W107/><G107/><T103/><D81/><U55/><E124/><V127/><F53/><W123/><G98/><N who="0" m="57607" /><D7/><U13/><REACH who="1" step="1"/><E42/><REACH who="1" ten="279,211,250,250" step="2"/><V64/><F127/><W121/><G121/><T109/><D109/><U76/><E76/><V52/><F126/><W58/><G123/><T132/><D132/><U130/><E130/><V33/><F125/><W37/><G78/><T71/><D71/><U3/><E3/><V50/><F79/><W86/><G70/><T87/><D87/><U66/><E66/><V111/><F74/><W119/><G86/><T112/><D112/><U72/><E72/><V108/><F97/><W35/><G119/><T115/><D115/><U90/><E90/><V32/><F89/><W120/><G120/><T49/><D96/><U80/><E80/><V44/><F82/><W85/><G85/><T84/><D84/><U106/><E106/><V6/><F64/><W101/><G83/><T46/><D103/><U129/><E129/><V41/><F41/><W99/><G101/><T1/><D1/><U38/><E38/><V15/><F111/><W94/><G99/><T65/><D65/><U93/><E93/><V110/><F108/><W20/><G94/><T102/><D95/><U69/><E69/><V30/><F110/><RYUUKYOKU ba="1,1" sc="279,-10,211,30,250,-10,250,-10" hai1="5,13,14,19,23,24,25,36,43,47,51,55,56" /><INIT seed="1,2,1,5,0,27" ten="269,241,240,240" oya="1" hai0="114,93,53,68,104,86,54,55,112,41,67,100,20" hai1="12,35,28,89,23,135,2,108,0,126,70,78,77" hai2="113,19,98,34,40,110,101,122,3,57,58,22,123" hai3="52,33,125,82,76,39,121,26,63,99,119,91,25"/><U13/><E70/><V42/><F3/><N who="1" m="1065" /><E89/><V16/><F34/><W14/><G39/><T84/><D104/><U66/><E66/><V116/><F116/><W21/><G33/><T36/><D68/><U95/><E95/><V5/><F5/><W87/><G121/><T129/><D67/><U133/><E35/><V103/><F98/><W92/><G125/><T94/><D100/><U38/><E38/><V17/><F22/><W75/><G119/><T43/><D36/><U59/><E59/><V9/><F9/><W131/><G131/><T97/><D97/><U62/><E62/><V106/><F106/><W45/><G75/><T117/><D117/><U1/><N who="1" m="1073" /><U47/><DORA hai="90" /><E47/><V88/><F88/><N who="3" m="55687" /><G76/><N who="1" m="29290" /><E126/><V107/><F107/><W49/><G63/><T48/><D54/><U109/><E23/><V6/><F6/><W81/><G81/><T69/><D20/><U61/><E61/><V31/><F17/><AGARI ba="2,1" hai="14,17,21,25,26,45,49,52,82,87,91" m="55687" machi="17" ten="30,7700,0" yaku="8,1,52,1,54,2" doraHai="27,90" who="3" fromWho="2" sc="269,0,241,0,240,-83,240,93" /><INIT seed="2,0,0,2,5,121" ten="269,241,157,333" oya="2" hai0="13,62,84,72,47,7,130,103,43,89,86,85,38" hai1="83,98,52,113,124,125,118,120,33,19,45,95,65" hai2="102,57,94,73,116,35,123,71,5,76,74,93,36" hai3="27,135,12,69,64,37,97,34,111,104,53,108,55"/><V90/><F71/><W80/><G37/><T1/><D130/><U99/><E120/><V81/><F35/><W41/><G41/><T24/><D103/><U25/><E113/><V92/><F36/><W22/><G135/><T78/><D13/><U2/><E2/><V75/><F5/><W39/><G39/><T110/><D24/><U63/><E83/><V50/><F123/><W29/><G80/><N who="0" m="45127" /><D62/><U8/><E118/><V60/><F50/><W100/><G22/><T15/><D15/><N who="1" m="7655" /><E25/><V58/><F116/><W4/><G4/><T23/><D23/><U107/><E33/><V101/><F60/><N who="3" m="40071" /><G12/><T119/><D119/><U127/><E107/><V79/><F90/><W56/><G53/><T42/><D42/><U82/><E82/><V115/><F115/><W91/><G91/><T40/><D40/><U70/><E95/><V32/><F32/><W67/><G67/><T26/><D26/><U112/><E112/><V28/><F28/><W128/><G128/><T117/><D117/><U77/><E77/><N who="2" m="29771" /><F81/><W20/><G20/><T132/><D132/><U134/><E134/><V30/><F30/><W3/><G3/><T88/><D1/><U46/><E46/><V106/><F106/><W21/><G21/><T109/><D7/><U49/><AGARI ba="0,0" hai="45,49,52,63,65,70,98,99,124,125,127" m="7655" machi="49" ten="40,2700,0" yaku="18,1,54,1" doraHai="121" who="1" fromWho="1" sc="269,-7,241,27,157,-13,333,-7" /><INIT seed="3,0,0,1,2,21" ten="262,268,144,326" oya="3" hai0="82,78,26,23,33,132,117,111,108,18,52,57,133" hai1="44,125,11,85,135,92,62,75,6,15,98,89,64" hai2="31,30,83,49,5,110,86,124,120,74,134,60,4" hai3="50,96,65,24,42,7,1,43,71,29,14,99,40"/><W90/><G1/><T70/><D70/><U54/><E75/><V102/><F74/><W105/><G105/><T80/><D117/><U123/><E123/><V19/><F120/><W101/><G101/><T28/><D80/><U130/><E125/><V67/><F110/><N who="0" m="42026" /><D82/><U129/><E135/><N who="0" m="51785" /><D78/><U88/><E44/><V128/><F128/><W93/><G71/><T127/><D127/><U81/><REACH who="1" step="1"/><E54/><REACH who="1" ten="262,258,144,326" step="2"/><V100/><F124/><W68/><G40/><T13/><D57/><AGARI ba="0,1" hai="6,11,15,57,62,64,81,85,88,89,92,98,129,130" machi="57" ten="40,5200,0" yaku="1,1,2,1,54,1,53,0" doraHai="21" doraHaiUra="66" who="1" fromWho="0" sc="262,-52,258,62,144,0,326,0" /><INIT seed="4,0,0,1,2,0" ten="210,320,144,326" oya="0" hai0="111,23,66,56,127,53,55,129,119,2,120,4,30" hai1="63,112,113,10,59,84,9,14,24,99,21,50,58" hai2="80,41,48,11,105,96,79,128,67,65,72,130,76" hai3="26,61,102,89,134,54,20,131,45,106,83,133,7"/><T6/><D119/><U109/><E109/><V28/><F28/><W68/><G131/><N who="2" m="50217" /><F79/><W104/><G68/><T18/><D120/><U15/><E84/><V40/><F11/><W57/><G45/><T39/><D129/><U31/><E99/><V90/><F90/><W22/><G22/><T73/><D73/><U71/><E9/><V64/><F48/><W126/><G126/><T123/><D123/><U47/><E71/><V88/><F105/><W93/><G83/><T78/><D78/><U125/><E125/><V19/><F19/><N who="3" m="12575" /><G102/><T69/><D127/><U49/><E49/><V60/><F60/><W115/><G115/><N who="1" m="44106" /><E63/><V95/><AGARI ba="0,0" hai="40,41,64,65,67,72,76,80,88,95,96" m="50217" machi="95" ten="40,2700,0" yaku="19,1,54,1" doraHai="0" who="2" fromWho="2" sc="210,-13,320,-7,144,27,326,-7" /><INIT seed="5,0,0,4,1,122" ten="197,313,171,319" oya="1" hai0="80,61,49,1,72,2,115,9,114,83,106,85,18" hai1="68,135,71,81,110,34,108,44,24,89,111,43,120" hai2="95,96,132,53,109,87,15,107,48,59,45,103,4" hai3="74,131,32,77,50,130,63,25,36,16,76,62,93"/><U128/><E120/><V21/><F132/><W37/><G50/><T127/><D106/><U26/><E135/><V57/><F109/><W117/><G117/><T92/><D127/><U112/><E112/><N who="0" m="43049" /><D72/><U67/><E128/><N who="3" m="49194" /><G93/><T97/><D49/><N who="1" m="26783" /><E67/><V3/><F3/><N who="0" m="1034" /><D85/><N who="1" m="50351" /><E34/><V28/><F107/><W125/><G125/><T23/><D9/><U73/><E73/><V102/><F102/><W38/><G32/><T19/><D61/><N who="3" m="23049" /><G74/><T86/><D86/><U0/><E0/><V5/><F87/><W54/><G54/><T39/><D39/><U134/><E134/><V31/><F59/><W65/><G65/><T29/><D29/><N who="2" m="11338" /><F57/><W41/><G41/><T82/><D23/><AGARI ba="0,0" hai="16,23,25,36,37,38,76,77" m="23049,49194" machi="23" ten="40,2600,0" yaku="19,1,54,1" doraHai="122" who="3" fromWho="0" sc="197,-26,313,0,171,0,319,26" /><INIT seed="6,0,0,4,5,40" ten="171,313,171,345" oya="2" hai0="114,104,41,115,107,81,121,98,85,12,6,50,127" hai1="74,130,94,33,29,109,86,65,48,91,118,135,117" hai2="13,79,92,67,129,0,119,1,43,93,58,34,32" hai3="66,77,38,126,110,122,128,88,45,4,108,105,75"/><V133/><F119/><W100/><G122/><T10/><D121/><U112/><E109/><V89/><F79/><W9/><G66/><T60/><D127/><U71/><E74/><V134/><F129/><W101/><G101/><T52/><D60/><U99/><E130/><V49/><F13/><W106/><G88/><N who="0" m="51247" /><D41/><U53/><E112/><N who="0" m="43049" /><D98/><U20/><E33/><N who="2" m="12907" /><F67/><W19/><G126/><T131/><D131/><U46/><E135/><N who="2" m="51723" /><F93/><W96/><G105/><T84/><D84/><U18/><E29/><V51/><F58/><AGARI ba="0,0" hai="6,10,12,50,52,58,104,107" m="43049,51247" machi="58" ten="30,3900,0" yaku="15,1,54,2" doraHai="40" who="0" fromWho="2" sc="171,39,313,0,171,-39,345,0" /><INIT seed="7,0,0,5,5,97" ten="210,313,132,345" oya="3" hai0="54,80,22,58,66,109,53,45,68,61,63,2,33" hai1="1,127,123,133,135,7,79,21,65,75,10,0,20" hai2="12,81,59,40,9,86,77,117,128,110,91,120,41" hai3="50,55,106,30,19,48,113,15,130,122,32,37,49"/><W100/><G37/><T56/><D33/><U51/><E65/><V4/><F117/><W47/><G122/><T90/><D2/><N who="1" m="375" /><E79/><V89/><F110/><W39/><G39/><T64/><D109/><U18/><E51/><V44/><F120/><W101/><G106/><T17/><D45/><U76/><E76/><V74/><F128/><W13/><G113/><T3/><D3/><N who="1" m="1099" /><E75/><V57/><F74/><W94/><G130/><T103/><D103/><N who="3" m="39497" /><G32/><T129/><D68/><U6/><E123/><V11/><F41/><W95/><G30/><T132/><D129/><U69/><E69/><V96/><F9/><N who="3" m="6575" /><G15/><N who="0" m="9535" /><D132/><N who="1" m="50763" /><E6/><V78/><F78/><W124/><G124/><T85/><AGARI ba="0,0" hai="53,54,56,58,61,63,64,66,80,85,90" m="9535" machi="85" ten="30,1100,0" yaku="8,1" doraHai="97" who="0" fromWho="0" sc="210,11,313,-3,132,-3,345,-5" owari="221,-18.0,310,11.0,129,-37.0,340,44.0" /></mjloggm>