<mjloggm ver="2.3"><GO type="169" lobby="0"/><UN n0="%E8%BC%9D%E5%A4%9C%E6%9C%88" n1="%E3%81%B5%E3%81%98%E3%81%8B%E3%81%A4" n2="%CE%BC%E3%81%97%E3%82%82%E3%81%A7" n3="%E4%B9%BE%E5%9D%A4%E5%8D%81%E4%BA%94%E6%93%B2" dan="17,16,17,16" rate="2228.87,2183.58,2154.34,2130.12" sx="F,M,M,M"/><TAIKYOKU oya="0"/><INIT seed="0,0,0,5,2,70" ten="250,250,250,250" oya="0" hai0="54,103,8,124,95,15,46,13,39,11,79,128,75" hai1="45,5,40,111,25,88,44,71,80,0,122,66,47" hai2="121,89,4,31,26,59,27,1,17,51,123,12,129" hai3="60,116,50,28,18,84,7,55,100,131,6,32,92"/><T118/><D118/><U126/><E122/><V72/><F72/><W112/><G116/><T82/><D128/><U56/><E126/><V78/><F78/><W76/><G112/><T21/><D124/><U68/><E111/><V130/><F89/><W91/><G131/><N who="2" m="50185" /><F51/><W69/><G28/><T104/><D104/><U106/><E106/><V19/><F59/><W119/><G32/><T33/><D33/><U42/><E25/><N who="2" m="9227" /><F31/><W133/><G119/><T34/><D34/><U53/><E80/><V113/><F113/><W41/><G100/><T115/><D115/><U125/><E0/><V81/><F81/><W3/><G76/><T35/><D35/><U67/><E5/><V120/><F1/><W37/><G3/><T63/><D103/><U109/><E88/><V20/><F19/><W86/><G18/><N who="0" m="10447" /><D95/><U90/><E109/><V83/><F83/><W110/><G92/><T48/><D63/><N who="1" m="36239" /><E90/><V2/><F2/><W114/><G91/><T127/><D127/><U9/><E125/><V132/><F4/><W85/><G114/><T52/><D82/><U101/><E101/><V22/><F132/><W102/><G133/><T65/><D79/><U134/><E9/><AGARI ba="0,0" hai="9,12,17,20,22,120,121,123" m="9227,50185" machi="9" ten="40,5200,0" yaku="19,1,34,2" doraHai="70" who="2" fromWho="1" sc="250,0,250,-52,250,52,250,0" /><INIT seed="1,0,0,0,5,111" ten="250,198,302,250" oya="1" hai0="95,22,45,8,10,5,28,108,41,85,69,53,119" hai1="105,46,16,4,37,14,117,79,130,62,121,115,135" hai2="120,31,73,6,132,30,18,72,59,63,110,104,133" hai3="2,109,126,11,64,80,26,103,129,86,106,77,102"/><U61/><E121/><V19/><F104/><W90/><G109/><T98/><D108/><U40/><E117/><V23/><F110/><W49/><G64/><T65/><D119/><U128/><E105/><V124/><F120/><W82/><G26/><T127/><D127/><U100/><E100/><V112/><F6/><W29/><G29/><T91/><D69/><U20/><E79/><V67/><F124/><W101/><G49/><T66/><D53/><U52/><E4/><V1/><F1/><W42/><G42/><T93/><D22/><U48/><E135/><N who="2" m="51787" /><F18/><W118/><G11/><T134/><D28/><N who="2" m="10794" /><F112/><W47/><G2/><T78/><D134/><U51/><E115/><V12/><AGARI ba="0,0" hai="12,19,23,59,63,67,72,73" m="10794,51787" machi="12" ten="30,1100,0" yaku="20,1" doraHai="111" who="2" fromWho="2" sc="250,-3,198,-5,302,11,250,-3" /><INIT seed="2,0,0,2,5,119" ten="247,193,313,247" oya="2" hai0="37,131,106,83,120,129,3,46,36,117,32,88,115" hai1="95,33,47,108,98,77,102,85,123,107,31,72,52" hai2="70,21,76,105,5,62,127,15,124,82,116,97,27" hai3="109,104,28,30,67,1,59,41,56,133,89,112,103"/><V65/><F116/><W38/><G1/><T34/><D117/><U69/><E69/><V91/><F5/><W11/><G109/><T58/><D115/><U16/><E33/><N who="0" m="12905" /><D58/><U126/><E31/><V26/><F15/><W8/><G112/><T130/><D106/><U61/><E108/><V66/><F66/><W125/><G125/><T60/><D60/><U78/><E126/><V84/><F27/><W57/><G133/><T6/><D46/><U64/><E64/><V44/><F44/><W121/><G121/><T29/><D29/><U93/><E72/><V40/><F40/><W111/><G111/><T55/><D55/><U135/><E135/><V122/><F122/><W45/><G30/><T132/><D132/><U24/><E107/><V79/><F127/><W73/><G67/><T53/><D53/><U25/><E25/><V49/><F49/><W9/><G73/><T128/><D128/><U71/><E71/><V86/><F124/><W63/><G63/><T2/><D120/><U92/><E123/><V110/><F110/><W19/><G28/><T68/><D68/><U114/><E114/><V94/><F105/><W87/><G104/><T118/><D118/><U43/><E43/><V20/><F26/><W13/><G103/><T22/><D22/><N who="1" m="13383" /><E85/><V14/><F14/><W101/><G101/><T50/><D50/><N who="1" m="28767" /><E61/><V39/><F39/><N who="0" m="14922" /><D6/><U10/><E10/><V96/><F20/><W51/><G38/><T134/><D134/><U81/><E78/><N who="2" m="46167" /><F21/><W0/><G0/><T42/><D42/><U100/><E102/><V113/><F113/><W74/><G74/><RYUUKYOKU ba="0,0" sc="247,0,193,0,313,0,247,0" hai0="2,3,83,88,129,130,131" hai1="77,81,92,93,95,98,100" hai2="62,65,70,76,79,86,91,94,96,97" hai3="8,9,11,13,19,41,45,51,56,57,59,87,89" /><INIT seed="2,1,0,2,0,65" ten="247,193,313,247" oya="2" hai0="12,73,67,49,98,114,50,5,100,48,18,33,31" hai1="43,70,96,51,3,79,56,120,62,109,102,64,108" hai2="39,121,21,7,78,55,74,52,30,42,123,22,10" hai3="37,112,76,115,16,77,6,46,122,25,40,41,68"/><V83/><F123/><W118/><G118/><T133/><D114/><N who="3" m="43561" /><G122/><T132/><D73/><U87/><E120/><V59/><F30/><W99/><G6/><T0/><D0/><U88/><E3/><N who="2" m="383" /><F55/><W44/><G99/><T29/><D5/><U9/><E79/><V130/><F130/><W60/><G25/><T93/><D67/><U119/><E119/><V126/><F126/><W14/><G60/><T1/><D1/><U53/><E9/><V20/><F121/><W63/><G63/><T124/><D124/><U58/><E58/><V90/><F90/><W135/><G68/><T113/><D113/><U72/><E72/><V13/><F13/><W8/><G135/><N who="0" m="51787" /><D33/><U129/><E129/><V11/><F11/><AGARI ba="1,0" hai="11,12,18,29,31,48,49,50,93,98,100" m="51787" machi="11" ten="30,1000,0" yaku="20,1" doraHai="65" who="0" fromWho="2" sc="247,13,193,0,313,-13,247,0" /><INIT seed="3,0,0,4,0,118" ten="260,193,300,247" oya="3" hai0="17,107,60,95,63,22,113,98,75,16,52,85,62" hai1="83,7,90,68,20,121,24,84,43,132,119,117,6" hai2="57,34,109,36,72,105,91,42,135,73,61,12,77" hai3="129,101,11,99,47,130,96,125,18,74,115,37,10"/><W66/><G115/><T54/><D75/><U32/><E68/><V19/><F34/><W79/><G66/><T124/><D113/><U69/><E69/><V8/><F105/><W134/><G125/><T131/><D124/><U46/><E32/><V41/><F135/><W133/><G79/><T55/><D131/><N who="3" m="50185" /><G74/><T102/><D107/><U78/><E132/><N who="3" m="50794" /><G18/><N who="0" m="7275" /><D85/><U128/><E128/><V67/><F109/><W26/><G26/><T86/><D86/><U53/><E119/><V31/><F31/><W64/><G64/><T89/><D22/><U100/><E117/><V94/><F36/><W50/><G37/><T49/><D89/><U5/><E100/><V38/><F38/><W93/><G99/><T28/><D28/><U29/><E78/><V30/><F30/><W106/><G106/><T33/><D33/><U1/><E1/><V92/><F72/><W126/><G126/><T25/><D25/><U2/><E2/><V27/><F27/><W48/><G48/><AGARI ba="0,0" hai="48,49,52,54,55,60,62,63,95,98,102" m="7275" machi="48" ten="40,5200,0" yaku="8,1,54,2" doraHai="118" who="0" fromWho="3" sc="260,52,193,0,300,0,247,-52" /><INIT seed="4,0,0,3,3,93" ten="312,193,300,195" oya="0" hai0="46,71,116,20,65,120,79,55,58,41,102,110,86" hai1="29,23,36,5,130,37,134,77,73,109,121,45,101" hai2="84,8,90,135,103,126,67,74,100,99,14,83,117" hai3="87,98,64,66,61,47,33,76,80,129,3,124,27"/><T133/><D116/><U42/><E121/><V11/><F117/><W59/><G3/><T1/><D120/><U40/><E5/><V114/><F114/><W0/><G0/><T17/><D1/><U123/><E123/><V10/><F135/><W57/><G124/><T13/><D133/><U6/><E134/><V26/><F74/><W30/><G129/><T15/><D110/><U18/><E130/><V44/><F103/><W92/><G47/><T16/><D71/><U52/><E109/><V25/><F67/><W131/><G131/><T105/><D65/><U94/><E6/><V49/><F126/><W85/><G66/><T68/><D68/><U75/><E29/><V78/><F14/><W56/><G87/><T88/><D79/><U53/><E77/><V19/><F78/><W43/><G43/><T72/><D72/><U7/><E7/><V118/><F19/><W113/><G113/><T39/><D105/><U70/><E70/><V111/><F118/><W21/><REACH who="3" step="1"/><G33/><REACH who="3" ten="312,193,300,185" step="2"/><T38/><D46/><N who="1" m="23815" /><E75/><V69/><F111/><W48/><G48/><T63/><D41/><U34/><E73/><V82/><F69/><W54/><G54/><T4/><D38/><U128/><E34/><V22/><F49/><W97/><G97/><T12/><D39/><U125/><E128/><V96/><F44/><W112/><G112/><T60/><D55/><U2/><E125/><V31/><F96/><W28/><G28/><T108/><D108/><U81/><E2/><V9/><N who="2" m="2048" /><DORA hai="119" /><V127/><F127/><W51/><G51/><T115/><D4/><U132/><E132/><RYUUKYOKU ba="0,1" sc="312,-10,193,-10,300,-10,185,30" hai3="21,27,30,56,57,59,61,64,76,80,85,92,98" /><INIT seed="5,1,1,1,5,17" ten="302,183,290,215" oya="1" hai0="122,100,67,91,94,51,59,21,27,81,54,11,98" hai1="85,28,18,134,44,16,126,25,5,57,116,87,83" hai2="95,110,108,99,117,72,65,113,71,77,19,78,114" hai3="76,0,2,48,61,15,105,86,31,43,106,84,24"/><U82/><E116/><V32/><F32/><W73/><G15/><T23/><D122/><U14/><E134/><V36/><F36/><W12/><G12/><T20/><D11/><N who="1" m="4463" /><E126/><V135/><F19/><N who="1" m="7209" /><E44/><V34/><F65/><W101/><G86/><N who="1" m="32778" /><E57/><V6/><F6/><W35/><G84/><N who="0" m="50575" /><D67/><U130/><E130/><V75/><F34/><W38/><G61/><T41/><D41/><U128/><E128/><V26/><F71/><W119/><G48/><T45/><D59/><U96/><E96/><V123/><F135/><W69/><G119/><T58/><D58/><U93/><E93/><V102/><F117/><W112/><G69/><T33/><D33/><U129/><E129/><V74/><F123/><W53/><G2/><T104/><D104/><U70/><E70/><V10/><F10/><W80/><G0/><T9/><D9/><U1/><E1/><V64/><F72/><W118/><G118/><T90/><D90/><U109/><E109/><V111/><F111/><W107/><G53/><T50/><D50/><U3/><E3/><V103/><F95/><W49/><G49/><T7/><D7/><U4/><E4/><V66/><F99/><W132/><G132/><T120/><D120/><U39/><E39/><V55/><F110/><W47/><G101/><T92/><D92/><U97/><E97/><V121/><F108/><W52/><G52/><T8/><D8/><U30/><E30/><AGARI ba="1,1" hai="20,21,23,27,30,45,51,54,94,98,100" m="50575" machi="30" ten="30,7700,0" yaku="8,1,52,3" doraHai="17" who="0" fromWho="1" sc="302,90,183,-80,290,0,215,0" /><INIT seed="6,0,0,5,2,67" ten="392,103,290,215" oya="2" hai0="70,117,4,73,133,112,26,55,61,123,93,51,54" hai1="89,25,105,86,101,18,116,97,84,10,59,90,37" hai2="38,43,77,109,107,15,128,7,85,16,58,28,135" hai3="0,118,83,111,130,129,68,81,41,50,121,47,13"/><V103/><F109/><W33/><G111/><T39/><D123/><U113/><E116/><V71/><F128/><N who="3" m="49259" /><G118/><T44/><D73/><U1/><E37/><V63/><F135/><W78/><G121/><T104/><D104/><U80/><E113/><V9/><F28/><W126/><G126/><T134/><D112/><U76/><E1/><V60/><F38/><W88/><G0/><T132/><D4/><U106/><E59/><V35/><F43/><W110/><G110/><T57/><D117/><U72/><E25/><V29/><F29/><W21/><G33/><T100/><D26/><U22/><E22/><V66/><F35/><W40/><G68/><T6/><D6/><U79/><E18/><V102/><F107/><N who="1" m="40969" /><E10/><V23/><F85/><N who="1" m="32873" /><E76/><V114/><F77/><W19/><G78/><T36/><D70/><U92/><AGARI ba="0,0" hai="72,79,80,89,90,92,97,101" m="32873,40969" machi="92" ten="30,8000,1" yaku="35,5" doraHai="67" who="1" fromWho="1" sc="392,-20,103,80,290,-40,215,-20" /><INIT seed="7,0,0,5,1,129" ten="372,183,250,195" oya="3" hai0="107,134,30,75,41,67,125,8,31,65,24,28,109" hai1="48,22,6,57,43,115,111,49,40,76,33,127,27" hai2="97,58,47,81,23,124,88,77,42,74,62,29,90" hai3="84,89,98,17,104,103,12,70,20,85,7,116,105"/><W54/><G70/><T114/><D109/><U93/><E111/><V21/><F124/><W106/><G116/><T128/><D107/><U101/><E33/><V52/><F29/><W120/><G120/><T50/><D75/><U68/><E68/><V55/><F55/><W99/><G99/><T15/><D114/><U13/><E127/><V10/><F10/><W130/><G130/><T4/><D128/><U39/><E39/><V34/><F34/><W117/><G117/><T121/><D121/><U0/><E0/><V123/><F123/><W59/><G7/><T51/><D125/><U72/><E72/><V91/><REACH who="2" step="1"/><F97/><REACH who="2" ten="372,183,240,195" step="2"/><W122/><G122/><T26/><D30/><U9/><E115/><V80/><F80/><W1/><G85/><T3/><D28/><N who="1" m="17527" /><E76/><V36/><AGARI ba="0,1" hai="21,23,36,42,47,52,58,62,74,77,81,88,90,91" machi="36" ten="30,8000,1" yaku="1,1,0,1,54,2,53,1" doraHai="129" doraHaiUra="78" who="2" fromWho="2" sc="372,-20,183,-20,240,90,195,-40" owari="352,45.0,163,-24.0,330,13.0,155,-34.0" /></mjloggm>