<mjloggm ver="2.3"><GO type="225" lobby="0"/><UN n0="%E3%81%AF%E3%82%88%E3%81%8A%E3%81%98%E3%81%95%E3%82%93" n1="%E3%82%A4%E3%83%8A%E3%82%BA%E3%83%9E%E8%91%AC%E5%84%80" n2="%E5%A4%A7%E5%AE%AE%E5%BF%8D%76" n3="%E3%83%8A%E3%83%99%E3%83%AA%E3%83%B3" dan="17,17,17,16" rate="2136.19,2231.67,2186.84,2091.86" sx="M,F,M,M"/><TAIKYOKU oya="0"/><INIT seed="0,0,0,5,5,46" ten="250,250,250,250" oya="0" hai0="77,20,76,91,96,83,98,120,8,47,10,13,31" hai1="112,79,100,65,126,67,124,88,107,70,19,59,132" hai2="61,111,85,101,72,118,53,55,4,95,60,39,103" hai3="5,0,122,127,119,62,18,40,43,35,78,94,66"/><T28/><D120/><U117/><E117/><V75/><F4/><W26/><G119/><T58/><D58/><U109/><E109/><V50/><F85/><W102/><G122/><T25/><D31/><U33/><E132/><V34/><F95/><W113/><G113/><T57/><D57/><U23/><E112/><V63/><F118/><W104/><G78/><T54/><D10/><U6/><E33/><V24/><F24/><W135/><G135/><T133/><D133/><U15/><E70/><V44/><F34/><W131/><G127/><T86/><D77/><U73/><E6/><V37/><F111/><W130/><G104/><T30/><D30/><U69/><E69/><V97/><F97/><N who="3" m="59703" /><G0/><T89/><D89/><U128/><E88/><V17/><F17/><W121/><G5/><T56/><D47/><U93/><E59/><V2/><F2/><W134/><G121/><T21/><D21/><U129/><E107/><V99/><F99/><W1/><G1/><T82/><D13/><U92/><E100/><V41/><F101/><W116/><G116/><T74/><REACH who="0" step="1"/><D8/><REACH who="0" ten="240,250,250,250" step="2"/><U7/><E126/><V87/><F103/><W52/><G134/><T115/><D115/><U27/><E124/><V90/><F90/><W36/><G35/><T9/><D9/><U84/><E79/><V71/><F71/><N who="3" m="42455" /><G18/><T64/><D64/><U80/><E67/><V49/><F87/><W38/><G26/><T16/><D16/><U123/><E65/><V29/><F29/><W68/><G68/><T32/><D32/><U11/><E123/><V110/><F110/><W81/><G81/><RYUUKYOKU ba="0,1" sc="240,30,250,-10,250,-10,250,-10" hai0="20,25,28,54,56,74,76,82,83,86,91,96,98" /><INIT seed="0,1,1,3,5,69" ten="270,240,240,240" oya="0" hai0="130,8,31,89,61,125,80,98,12,40,62,16,51" hai1="19,28,100,58,68,52,131,110,55,97,1,122,36" hai2="82,103,6,101,50,85,115,9,39,112,111,44,78" hai3="5,60,81,134,119,74,35,54,25,24,117,102,21"/><T116/><D116/><U88/><E122/><V76/><F111/><W13/><G35/><T107/><D125/><U42/><E68/><V65/><F65/><W53/><G102/><T93/><D130/><U57/><E110/><V48/><F39/><W133/><G74/><T45/><D107/><U90/><E131/><V15/><F50/><W106/><G106/><T4/><D31/><U77/><E1/><V120/><F120/><W75/><G75/><T34/><D34/><U49/><E28/><V7/><F78/><W70/><G81/><T32/><D32/><U95/><E77/><V26/><F26/><W73/><G73/><T83/><D4/><U10/><E42/><V84/><F84/><W135/><G70/><T22/><D8/><U66/><E36/><V96/><F6/><W87/><G87/><T113/><D113/><U64/><E64/><V114/><REACH who="2" step="1"/><F96/><REACH who="2" ten="270,240,230,240" step="2"/><W72/><G72/><T99/><D99/><U46/><E66/><V79/><F79/><W17/><G5/><T108/><D108/><U126/><E126/><V18/><F18/><W37/><G37/><T109/><D109/><U105/><E55/><AGARI ba="1,2" hai="7,9,15,44,48,55,76,82,85,101,103,112,114,115" machi="55" ten="40,1300,0" yaku="1,1,53,0" doraHai="69" doraHaiUra="124" who="2" fromWho="1" sc="270,0,240,-16,230,36,240,0" /><INIT seed="1,0,0,2,1,80" ten="270,224,266,240" oya="1" hai0="8,34,44,18,0,24,53,133,48,51,37,93,16" hai1="114,61,19,103,11,134,20,100,107,32,39,26,131" hai2="57,75,2,27,85,99,82,65,47,124,50,62,70" hai3="49,72,111,130,116,78,109,15,129,87,36,52,66"/><U112/><E131/><N who="3" m="50186" /><G36/><T86/><D37/><U7/><E134/><V127/><F2/><W128/><G128/><T117/><D117/><U125/><E125/><V89/><F75/><W68/><G116/><T77/><D133/><U40/><E32/><V35/><F99/><W56/><G72/><T121/><D121/><U101/><E107/><V55/><F35/><W132/><G132/><T126/><D126/><N who="2" m="48170" /><F27/><W38/><G38/><T118/><D118/><U96/><E96/><V102/><F102/><W5/><G68/><AGARI ba="0,0" hai="47,50,55,57,62,65,68,70,82,85,89" m="48170" machi="68" ten="30,2000,0" yaku="18,1,52,1" doraHai="80" who="2" fromWho="3" sc="270,0,224,0,266,20,240,-20" /><INIT seed="2,0,0,4,0,31" ten="270,224,286,220" oya="2" hai0="29,113,84,108,37,24,85,10,3,123,12,2,101" hai1="50,89,6,16,98,116,133,75,30,124,8,94,112" hai2="110,60,78,119,53,15,132,38,74,111,7,109,35" hai3="106,82,33,59,41,21,95,76,81,20,63,66,44"/><V62/><F119/><W13/><G106/><T135/><D113/><U32/><E112/><V27/><F132/><W130/><G130/><T23/><D123/><U1/><E116/><V91/><F38/><W92/><G82/><T120/><D120/><U90/><E124/><V25/><F91/><W11/><G33/><T100/><D37/><U34/><E133/><V42/><F42/><W54/><G54/><T96/><D108/><U46/><E75/><V45/><F78/><W129/><G129/><T88/><D85/><U67/><E67/><V69/><F74/><W19/><G95/><T9/><D135/><U71/><E71/><V97/><F97/><W114/><G92/><T4/><D96/><U57/><E57/><N who="2" m="34863" /><F45/><W131/><G131/><T47/><D47/><U52/><E30/><N who="2" m="19919" /><F27/><W134/><G114/><T61/><D61/><U43/><E43/><V49/><F49/><W126/><G126/><T122/><D122/><U102/><REACH who="1" step="1"/><E16/><REACH who="1" ten="270,214,286,220" step="2"/><V64/><F7/><W104/><G134/><T83/><D29/><U68/><E68/><V93/><F93/><W79/><G104/><T28/><D28/><U107/><E107/><V87/><F87/><W73/><G79/><T77/><D77/><U121/><E121/><V105/><F105/><W70/><G70/><T58/><D4/><U26/><E26/><V22/><F22/><W18/><G18/><T5/><D23/><U0/><E0/><V127/><F127/><W86/><G73/><T117/><D24/><U55/><E55/><V65/><F65/><W36/><AGARI ba="0,1" hai="11,13,19,20,21,36,41,44,59,63,66,76,81,86" machi="36" ten="20,1500,0" yaku="0,1,7,1" doraHai="31" who="3" fromWho="3" sc="270,-4,214,-4,286,-7,220,25" /><INIT seed="3,0,0,1,1,133" ten="266,210,279,245" oya="3" hai0="59,6,117,23,81,120,85,32,24,51,129,132,105" hai1="27,125,88,76,30,119,78,71,128,108,84,82,19" hai2="56,126,53,38,96,2,41,52,67,123,11,18,135" hai3="107,70,21,110,116,114,106,12,31,63,28,7,8"/><W0/><G116/><T98/><D117/><U112/><E112/><V103/><F135/><W64/><G114/><T124/><D120/><U49/><E108/><V77/><F77/><W79/><G79/><T94/><D32/><U113/><E113/><V45/><F123/><W43/><G43/><T134/><D129/><U66/><E128/><V86/><F86/><W13/><G13/><T60/><D105/><U39/><E39/><V35/><F35/><W90/><G90/><T9/><D51/><U37/><E37/><V40/><F40/><W122/><G122/><T26/><D26/><U5/><E119/><V14/><F2/><W3/><G3/><T42/><D42/><U55/><E5/><V104/><F67/><W34/><G110/><T89/><D9/><U130/><E19/><V36/><F36/><W15/><G15/><T47/><D47/><U50/><E50/><V22/><F53/><W58/><G70/><T92/><D92/><U131/><E131/><V73/><F73/><W57/><G57/><T17/><D6/><U61/><E130/><V62/><REACH who="2" step="1"/><F11/><REACH who="2" ten="266,210,269,245" step="2"/><W72/><G72/><T83/><D134/><U80/><E80/><V20/><F20/><W25/><G31/><T74/><D83/><U115/><E115/><V99/><F99/><W87/><G87/><T29/><D29/><U54/><E54/><V69/><F69/><W16/><AGARI ba="0,1" hai="0,7,8,12,16,21,25,28,34,58,63,64,106,107" machi="16" ten="30,11700,0" yaku="0,1,24,2,54,1" doraHai="133" who="3" fromWho="3" sc="266,-39,210,-39,269,-39,245,127" owari="227,-17.0,171,-33.0,230,3.0,372,47.0" /></mjloggm>