<mjloggm ver="2.3"><GO type="169" lobby="0"/><UN n0="%E3%83%97%E3%83%AD%E3%83%86%E3%82%A4%E3%83%B3%E5%BE%97%E7%9B%9B" n1="%E3%83%99%E3%82%B8%E2%80%95%E3%82%BF" n2="%73%69%6E%73%69%73%74" n3="%E4%BB%8A%E6%97%A5%E4%B8%80" dan="17,16,18,16" rate="2261.93,2138.66,2241.39,2052.83" sx="M,M,M,F"/><TAIKYOKU oya="0"/><INIT seed="0,0,0,4,5,40" ten="250,250,250,250" oya="0" hai0="134,99,93,43,47,36,28,61,15,0,41,29,71" hai1="62,31,39,7,101,118,92,44,64,102,87,70,86" hai2="19,120,3,85,6,81,111,10,51,30,78,97,22" hai3="127,110,119,113,58,33,124,26,76,60,12,114,8"/><T72/><D134/><U123/><E118/><V32/><F120/><W48/><G119/><T132/><D132/><U35/><E123/><V20/><F111/><W55/><G76/><T67/><D0/><U82/><E7/><V103/><F19/><W63/><G110/><T90/><D72/><U54/><E92/><V52/><F32/><W74/><G74/><T130/><D130/><U18/><E18/><V89/><F78/><W46/><G60/><T129/><D129/><U126/><E126/><N who="3" m="48170" /><G26/><T104/><D104/><U121/><E121/><V125/><F30/><W91/><G91/><T24/><D24/><U42/><E31/><V122/><F122/><W49/><G33/><T135/><D135/><U38/><E38/><V77/><F77/><W115/><G46/><T96/><D43/><U95/><E35/><V80/><F80/><W108/><G108/><T112/><D112/><U45/><E95/><V59/><REACH who="2" step="1"/><F125/><REACH who="2" ten="250,250,240,250" step="2"/><W11/><G11/><T69/><D69/><U83/><E82/><V128/><F128/><W131/><G131/><T2/><D2/><U116/><E116/><V37/><F37/><W1/><G1/><T9/><REACH who="0" step="1"/><D99/><REACH who="0" ten="240,250,240,250" step="2"/><U109/><E109/><V88/><F88/><W94/><G113/><T25/><D25/><U57/><E102/><V16/><F16/><AGARI ba="0,2" hai="9,15,16,28,29,36,41,47,61,67,71,90,93,96" machi="16" ten="30,12000,1" yaku="1,1,7,1,52,1,54,1,53,1" doraHai="40" doraHaiUra="5" who="0" fromWho="2" sc="240,140,250,0,240,-120,250,0" /><INIT seed="0,1,0,0,1,33" ten="380,250,120,250" oya="0" hai0="5,32,79,75,88,92,133,35,68,38,57,74,80" hai1="86,14,99,50,13,123,10,120,105,58,56,103,98" hai2="41,8,17,11,124,85,65,23,37,116,130,97,101" hai3="12,2,129,134,26,106,31,25,102,69,19,0,100"/><T49/><D133/><U53/><E99/><V6/><F124/><W30/><G69/><T111/><D68/><U40/><E40/><V89/><F130/><W118/><G106/><T22/><D38/><U34/><E34/><V64/><F116/><W112/><G118/><T127/><D127/><U71/><E71/><V21/><F41/><W132/><G112/><T109/><D75/><U42/><E42/><V39/><F39/><W70/><G70/><T46/><D57/><U60/><E86/><V48/><F48/><W81/><G81/><T7/><D35/><U51/><E14/><V122/><F122/><W66/><G66/><T29/><D32/><U59/><E59/><V77/><F77/><W117/><G117/><T61/><D61/><U20/><E20/><V126/><F37/><W55/><G55/><N who="0" m="30135" /><D29/><N who="3" m="10761" /><G102/><T135/><D22/><U119/><E119/><V16/><F126/><W83/><G100/><T95/><D95/><U73/><E73/><V44/><F44/><W94/><G94/><T108/><D135/><N who="3" m="51753" /><G83/><T67/><D67/><U28/><E28/><V15/><F65/><W4/><G4/><T72/><D72/><U115/><E115/><V76/><F64/><W54/><G54/><T27/><D27/><N who="3" m="10249" /><G129/><T121/><D121/><N who="1" m="46667" /><E56/><V110/><F6/><W45/><G45/><T47/><D47/><U82/><E82/><N who="2" m="47303" /><F101/><W104/><G104/><T18/><D18/><N who="1" m="8503" /><E60/><V43/><F43/><W128/><G128/><T52/><D52/><U87/><E51/><V63/><F63/><W107/><G107/><T93/><D93/><U36/><E36/><V84/><F17/><RYUUKYOKU ba="1,0" sc="380,10,250,10,120,-30,250,10" hai0="5,7,74,79,80,88,92,108,109,111" hai1="50,53,58,87,98,103,105" hai3="0,2,12,19" /><INIT seed="0,2,0,4,2,1" ten="390,260,90,260" oya="0" hai0="106,8,99,83,42,124,113,20,66,78,25,52,56" hai1="115,81,60,22,129,13,98,93,31,87,101,48,127" hai2="103,76,33,68,41,89,109,51,32,54,57,120,53" hai3="112,16,3,28,0,29,5,21,37,75,55,18,59"/><T128/><D113/><U116/><E116/><V19/><F120/><W30/><G75/><T85/><D124/><U90/><E127/><V105/><F109/><W15/><G37/><T102/><D128/><U43/><E129/><V74/><F68/><W107/><G107/><T121/><D121/><U7/><E115/><V39/><F39/><W91/><G112/><T17/><D42/><U69/><E69/><V92/><F41/><W67/><G67/><T88/><D8/><N who="1" m="4255" /><E60/><V34/><F105/><W26/><G91/><T12/><D66/><U117/><E117/><V126/><F126/><W82/><G82/><T80/><D25/><N who="1" m="16823" /><E43/><V95/><F103/><W23/><REACH who="3" step="1"/><G5/><REACH who="3" ten="390,260,90,250" step="2"/><T133/><D83/><U71/><E71/><V70/><F70/><W125/><G125/><T64/><D64/><U11/><E81/><V14/><F74/><W134/><G134/><T108/><D133/><U132/><E90/><V114/><F114/><W100/><G100/><T38/><D38/><U24/><E101/><V72/><F72/><W79/><G79/><T77/><REACH who="0" step="1"/><D108/><REACH who="0" ten="380,260,90,250" step="2"/><U36/><E36/><V63/><F76/><W58/><G58/><T97/><D97/><U35/><E98/><V10/><REACH who="2" step="1"/><F89/><REACH who="2" ten="380,260,80,250" step="2"/><W46/><G46/><AGARI ba="2,3" hai="10,14,19,32,33,34,46,51,53,54,57,63,92,95" machi="46" ten="40,2600,0" yaku="1,1,2,1,53,0" doraHai="1" doraHaiUra="123" who="2" fromWho="3" sc="380,0,260,0,80,62,250,-32" /><INIT seed="1,0,0,4,3,35" ten="380,260,142,218" oya="1" hai0="129,106,57,37,125,28,109,16,47,98,51,55,128" hai1="8,120,19,67,15,70,132,54,29,46,26,130,95" hai2="82,30,52,115,103,90,116,58,81,23,84,61,12" hai3="108,7,60,27,64,45,127,40,43,63,13,11,133"/><U112/><E112/><V94/><F116/><W34/><G127/><T6/><D125/><U48/><E120/><V24/><F115/><W41/><G133/><T114/><D114/><U75/><E132/><V99/><REACH who="2" step="1"/><F12/><REACH who="2" ten="380,260,132,218" step="2"/><W71/><G108/><T105/><D109/><U122/><E15/><V1/><F1/><W93/><G93/><AGARI ba="0,1" hai="23,24,30,52,58,61,81,82,84,90,93,94,99,103" machi="93" ten="30,8000,1" yaku="1,1,7,1,8,1,54,1,53,1" doraHai="35" doraHaiUra="56" who="2" fromWho="3" sc="380,0,260,0,132,90,218,-80" /><INIT seed="2,0,0,1,0,102" ten="380,260,222,138" oya="2" hai0="121,117,1,88,42,28,79,126,86,95,38,23,133" hai1="24,47,43,10,22,82,66,58,21,32,73,129,118" hai2="90,111,13,5,107,81,8,119,108,130,45,12,54" hai3="109,39,65,69,50,135,55,30,97,83,105,112,49"/><V96/><F119/><W52/><G39/><T94/><D121/><U127/><E118/><V75/><F130/><W37/><G37/><T114/><D114/><U116/><E116/><V18/><F75/><W33/><G109/><N who="2" m="42057" /><F45/><W93/><G135/><T125/><D1/><U61/><E129/><V70/><F70/><W132/><G132/><T77/><D133/><U25/><E127/><N who="0" m="48649" /><D117/><U29/><E10/><N who="2" m="4175" /><F54/><W0/><G0/><T59/><D59/><U78/><E25/><V31/><F31/><W41/><G41/><T44/><D95/><U110/><E110/><V16/><F81/><W100/><G83/><T53/><D53/><N who="3" m="20553" /><G93/><T80/><D80/><U34/><E34/><V4/><F90/><W64/><G64/><T71/><D71/><U85/><E73/><V2/><F2/><W26/><G112/><T84/><D84/><U120/><E120/><V115/><F115/><W122/><G122/><T92/><D92/><U128/><E128/><V103/><AGARI ba="0,0" hai="4,8,13,16,18,96,103,107" m="4175,42057" machi="103" ten="30,11700,0" yaku="14,1,10,1,52,1,54,1" doraHai="102" who="2" fromWho="2" sc="380,-39,260,-39,222,117,138,-39" /><INIT seed="2,1,0,2,5,83" ten="341,221,339,99" oya="2" hai0="34,0,78,124,13,57,54,43,61,9,1,23,31" hai1="119,97,74,27,42,4,108,109,106,77,95,120,116" hai2="93,115,94,128,75,19,81,26,90,84,49,117,17" hai3="86,5,32,29,64,112,50,67,88,107,79,15,48"/><V73/><F115/><W101/><G112/><T11/><D124/><U21/><E4/><V99/><F117/><W22/><G79/><T134/><D134/><U123/><E42/><V126/><F126/><W56/><G32/><T66/><D43/><U71/><E71/><V65/><F128/><W30/><G101/><T3/><D34/><U87/><E21/><V132/><F132/><W44/><G107/><T121/><D121/><N who="1" m="46667" /><E27/><V68/><F68/><W53/><G5/><T8/><D78/><U113/><E113/><V59/><F93/><W25/><G15/><T69/><D23/><U89/><E74/><V37/><F37/><W70/><G70/><T92/><D31/><U40/><E40/><V60/><F49/><W52/><REACH who="3" step="1"/><G30/><REACH who="3" ten="341,221,339,89" step="2"/><T98/><D69/><U41/><E77/><N who="2" m="46127" /><F73/><W125/><G125/><T14/><D14/><U16/><E119/><V36/><F75/><W6/><G6/><T28/><D28/><U129/><E116/><V118/><F118/><W7/><G7/><T24/><D13/><U82/><E106/><V104/><F104/><W85/><G85/><T122/><D122/><U133/><E133/><V76/><F76/><W58/><G58/><T46/><D24/><U63/><E87/><V110/><F26/><W127/><G127/><T135/><BYE who="3" /><D135/><U130/><E130/><V51/><F99/><W105/><G105/><T35/><D35/><U103/><E129/><V111/><F59/><W114/><G114/><T62/><D0/><U2/><E97/><V39/><F17/><W131/><G131/><T55/><D1/><U20/><E2/><RYUUKYOKU ba="1,1" sc="341,-10,221,-10,339,-10,89,30" hai3="22,25,29,44,48,50,52,53,56,64,67,86,88" /><INIT seed="3,2,1,2,2,31" ten="331,211,329,119" oya="3" hai0="37,26,70,54,114,134,48,79,5,58,108,52,77" hai1="28,98,78,109,95,122,86,76,74,94,92,63,113" hai2="51,102,36,4,65,99,25,69,90,110,33,127,129" hai3="1,46,84,107,50,116,13,123,130,32,121,106,3"/><W87/><G87/><T124/><D70/><U64/><E109/><V45/><F110/><W47/><G47/><T104/><D104/><U43/><E113/><V17/><F127/><W24/><G24/><T126/><D37/><UN n3="%E4%BB%8A%E6%97%A5%E4%B8%80" /><U53/><E122/><V7/><F90/><W34/><G84/><T18/><D108/><U85/><E74/><V62/><F36/><W120/><G116/><T133/><D5/><U27/><E43/><V135/><F135/><N who="0" m="51722" /><D114/><U29/><E53/><V9/><F129/><W117/><G13/><T103/><D103/><U23/><E29/><N who="2" m="19631" /><F17/><W35/><G117/><T80/><D54/><U56/><E85/><V91/><F91/><W57/><G57/><T125/><D80/><N who="1" m="47367" /><E78/><V11/><F4/><W75/><G75/><T83/><D83/><U38/><E38/><V128/><F7/><W72/><G72/><T61/><D48/><U115/><E115/><V101/><F101/><AGARI ba="2,1" hai="23,27,28,56,63,64,92,94,95,98,101" m="47367" machi="101" ten="30,2000,0" yaku="25,1,8,1" doraHai="31" who="1" fromWho="2" sc="331,0,211,36,329,-26,119,0" /><INIT seed="4,0,0,5,1,25" ten="331,247,303,119" oya="0" hai0="31,33,15,54,93,89,46,47,0,58,85,24,66" hai1="26,131,4,126,38,52,111,123,81,9,118,99,124" hai2="70,35,100,18,68,122,12,130,96,62,135,34,30" hai3="91,53,108,41,39,72,74,7,10,80,57,119,132"/><T115/><D115/><U60/><E111/><V105/><F122/><W27/><G108/><T129/><D0/><U102/><E123/><V48/><F130/><W50/><G119/><T103/><D129/><U16/><E118/><V120/><F120/><W37/><G132/><T71/><D103/><U128/><E38/><V5/><F5/><W23/><G91/><T29/><D71/><U69/><E81/><V101/><F135/><W121/><G121/><T110/><D66/><U21/><E69/><V14/><F100/><W78/><G41/><T95/><D110/><U106/><E60/><V49/><F35/><W98/><G98/><T45/><D15/><U113/><E113/><V92/><F92/><W1/><REACH who="3" step="1"/><G74/><REACH who="3" ten="331,247,303,109" step="2"/><T61/><D89/><U43/><E43/><V90/><F90/><W51/><G51/><T3/><D85/><U84/><E84/><V109/><F48/><W134/><G134/><T97/><D97/><U87/><E87/><V2/><F49/><W82/><G82/><T17/><BYE who="3" /><D3/><N who="1" m="159" /><E52/><UN n3="%E4%BB%8A%E6%97%A5%E4%B8%80" /><V19/><F109/><W67/><G67/><T65/><D65/><U104/><E104/><V75/><F75/><W28/><AGARI ba="0,1" hai="1,7,10,23,27,28,37,39,50,53,57,72,78,80" machi="28" ten="20,5200,0" yaku="1,1,0,1,7,1,52,1,53,0" doraHai="25" doraHaiUra="116" who="3" fromWho="3" sc="331,-26,247,-13,303,-13,109,62" /><INIT seed="5,0,0,4,5,91" ten="305,234,290,171" oya="1" hai0="70,134,108,98,59,3,92,87,6,114,16,116,36" hai1="40,104,60,23,51,58,132,105,67,55,17,66,5" hai2="100,128,56,63,78,68,90,24,53,18,10,49,121" hai3="42,93,71,64,83,111,135,39,124,126,4,1,125"/><U120/><E120/><V32/><F121/><W54/><G111/><T79/><D70/><U26/><E132/><V103/><F128/><W76/><G135/><T52/><D36/><U113/><E113/><V20/><F32/><W107/><G107/><T19/><D134/><U112/><E112/><V133/><F133/><W86/><G54/><T21/><D114/><U30/><E5/><V97/><F78/><W110/><G110/><T81/><D108/><U77/><E77/><V13/><F68/><W12/><G1/><T7/><D116/><U84/><E84/><V94/><REACH who="2" step="1"/><F49/><REACH who="2" ten="305,234,280,171" step="2"/><W80/><G76/><T9/><D3/><U119/><E119/><V95/><F95/><W33/><G33/><T14/><D92/><U82/><E82/><V85/><F85/><W2/><G93/><T15/><D98/><U129/><E129/><V131/><F131/><W122/><G86/><T27/><D27/><U106/><E106/><V127/><F127/><W123/><G123/><T57/><D57/><U25/><E105/><V35/><F35/><W50/><G122/><T89/><D79/><U29/><E104/><V11/><F11/><N who="3" m="4199" /><G80/><T101/><D101/><U99/><E99/><V45/><F45/><N who="3" m="23775" /><G83/><T88/><D89/><U74/><E74/><V115/><F115/><W72/><G72/><T31/><D31/><AGARI ba="0,1" hai="10,13,18,20,24,31,53,56,63,90,94,97,100,103" machi="31" ten="30,7700,0" yaku="1,1,7,1,8,1,52,1,53,0" doraHai="91" doraHaiUra="61" who="2" fromWho="0" sc="305,-77,234,0,280,87,171,0" /><INIT seed="6,0,0,5,0,41" ten="228,234,367,171" oya="2" hai0="127,55,72,132,83,60,11,30,134,96,7,33,99" hai1="61,124,97,63,24,16,70,118,45,38,133,98,59" hai2="128,62,51,58,135,40,36,74,115,75,26,88,122" hai3="129,31,84,101,20,106,95,113,23,27,130,48,64"/><V6/><F122/><W78/><G113/><T87/><D72/><U92/><E118/><V114/><F36/><W109/><G109/><T100/><D127/><U8/><E124/><V65/><F128/><N who="3" m="49259" /><G106/><T86/><D33/><U73/><E73/><V44/><F135/><N who="0" m="51754" /><D30/><U37/><E70/><V32/><F6/><W103/><G64/><T10/><D99/><U17/><E133/><V67/><F67/><W108/><G108/><T123/><D123/><U119/><E119/><V131/><F131/><W5/><G5/><T21/><D21/><U94/><E59/><V104/><F104/><W76/><G23/><T13/><D11/><U79/><E8/><V1/><F1/><W0/><G0/><T56/><D83/><U50/><E24/><V71/><F71/><W42/><G84/><T105/><AGARI ba="0,0" hai="7,10,13,55,56,60,86,87,96,100,105" m="51754" machi="105" ten="30,1100,0" yaku="20,1" doraHai="41" who="0" fromWho="0" sc="228,11,234,-3,367,-5,171,-3" /><INIT seed="7,0,0,1,5,69" ten="239,231,362,168" oya="3" hai0="14,53,23,31,115,111,22,72,87,124,88,24,42" hai1="8,30,134,112,96,109,0,71,79,132,65,74,49" hai2="64,43,55,113,16,98,38,125,13,128,44,28,110" hai3="51,56,75,50,40,17,78,54,119,117,33,66,120"/><W12/><G120/><T21/><D72/><U29/><E109/><V5/><F110/><W129/><G33/><T46/><D124/><U15/><E0/><V89/><F125/><W86/><G75/><T82/><D115/><U85/><E74/><V63/><F28/><W39/><G129/><T68/><D68/><U26/><E112/><V114/><F5/><W58/><G39/><T7/><D53/><U11/><E96/><V52/><F128/><W4/><G4/><T94/><D111/><U121/><E121/><V3/><F3/><W18/><G18/><T81/><D7/><U1/><E1/><V62/><F62/><W97/><G97/><T48/><REACH who="0" step="1"/><D14/><REACH who="0" ten="229,231,362,168" step="2"/><U2/><E15/><V76/><F13/><W77/><G117/><T122/><D122/><U45/><E2/><V36/><F114/><W101/><G119/><T37/><D37/><U34/><E71/><V27/><F38/><W32/><G32/><AGARI ba="0,1" hai="21,22,23,24,31,32,42,46,48,81,82,87,88,94" machi="32" ten="40,5200,0" yaku="1,1,54,1,53,1" doraHai="69" doraHaiUra="25" who="0" fromWho="3" sc="229,62,231,0,362,0,168,-52" owari="291,9.0,231,-17.0,362,46.0,116,-38.0" /></mjloggm>