<mjloggm ver="2.3"><GO type="169" lobby="0"/><UN n0="%67%75%73%68" n1="%E3%83%89%E3%83%A9%E3%81%8F%E3%82%8C" n2="%E4%BB%8A%E6%97%A5%E4%B8%80" n3="%4E%4F%42%55%53%48%49" dan="16,16,16,17" rate="2123.36,2055.93,2047.44,2187.27" sx="M,M,F,M"/><TAIKYOKU oya="0"/><INIT seed="0,0,0,2,5,51" ten="250,250,250,250" oya="0" hai0="87,114,25,54,3,7,26,57,50,107,108,95,14" hai1="100,36,93,90,55,35,39,77,81,6,13,62,33" hai2="12,29,53,44,103,2,23,109,118,58,1,48,129" hai3="89,104,92,24,106,60,28,63,52,74,128,124,20"/><T46/><D107/><U31/><E100/><V5/><F109/><W102/><G74/><T10/><D114/><U79/><E79/><V42/><F129/><W112/><G128/><T9/><D108/><U15/><E31/><V11/><F118/><W49/><G112/><T8/><D8/><U73/><E15/><V116/><F116/><W111/><G111/><T43/><D95/><U45/><E6/><V30/><F103/><W133/><G124/><T126/><D87/><U78/><E13/><V80/><F80/><W96/><G133/><T21/><D21/><U110/><E78/><V59/><F59/><W34/><G34/><T70/><D70/><U117/><E117/><V66/><F66/><W115/><G115/><T76/><D76/><U119/><E119/><V37/><REACH who="2" step="1"/><F30/><REACH who="2" ten="250,250,240,250" step="2"/><W98/><G106/><T67/><D126/><U88/><E110/><V131/><F131/><W120/><G120/><T0/><D67/><U99/><E90/><V41/><F41/><W121/><G121/><T123/><D123/><U85/><E73/><V135/><F135/><W71/><G71/><T75/><D75/><U69/><E69/><V40/><F40/><W127/><G127/><T113/><D113/><U101/><E101/><V16/><F16/><W134/><G134/><T64/><D64/><U47/><E47/><AGARI ba="0,1" hai="20,24,28,47,49,52,60,63,89,92,96,98,102,104" machi="47" ten="30,3900,0" yaku="7,1,52,1,54,1" doraHai="51" who="3" fromWho="1" sc="250,0,250,-39,240,0,250,49" /><INIT seed="1,0,0,0,1,93" ten="250,211,240,299" oya="1" hai0="41,73,85,16,21,6,98,11,48,91,5,52,26" hai1="2,114,66,135,122,101,109,34,132,106,77,88,124" hai2="12,27,7,78,116,47,79,89,83,94,62,55,110" hai3="134,58,115,84,61,25,8,111,86,71,32,0,131"/><U44/><E66/><V82/><F116/><W14/><G71/><T100/><D73/><U80/><E34/><V95/><F110/><W104/><G111/><T121/><D41/><U36/><E2/><V81/><F27/><W13/><G115/><T112/><D121/><U119/><E109/><V40/><F95/><W92/><G104/><T117/><D112/><U90/><E44/><V74/><F62/><W118/><G0/><T19/><D19/><U96/><E36/><V30/><F30/><W42/><G42/><T24/><D24/><U20/><E114/><V43/><F55/><W35/><G25/><T10/><D117/><U38/><E38/><V3/><F3/><W99/><G14/><T68/><D68/><U54/><E54/><V133/><F133/><N who="1" m="51273" /><E119/><V57/><F57/><W120/><G120/><T76/><D76/><U125/><E20/><V59/><F59/><W97/><G35/><T45/><D10/><U75/><E122/><V56/><F56/><W1/><G32/><T15/><D5/><U18/><E18/><V72/><F47/><W51/><G1/><T123/><D123/><U53/><E53/><V31/><F31/><W107/><G58/><T65/><D65/><U108/><E108/><V63/><F63/><W67/><G61/><T105/><REACH who="0" step="1"/><D85/><REACH who="0" ten="240,211,240,299" step="2"/><U126/><AGARI ba="0,1" hai="75,77,80,88,90,96,101,106,124,125,126" m="51273" machi="126" ten="40,18000,2" yaku="18,1,20,1,34,2,52,1,54,1" doraHai="93" who="1" fromWho="1" sc="240,-60,211,190,240,-60,299,-60" /><INIT seed="1,1,0,0,0,80" ten="180,401,180,239" oya="1" hai0="129,70,8,111,115,49,122,1,10,127,107,56,12" hai1="52,97,5,19,73,109,30,117,40,118,126,15,62" hai2="101,2,94,68,96,91,13,23,110,105,44,25,63" hai3="76,119,83,36,134,65,43,61,20,121,86,26,7"/><U54/><E73/><V9/><F110/><W114/><G121/><T125/><D70/><U39/><E126/><V112/><F112/><W82/><G114/><T16/><D115/><U38/><E5/><V81/><F2/><W89/><G119/><T102/><D107/><U28/><E109/><V67/><F44/><W78/><G134/><T64/><D111/><U6/><E6/><V98/><F81/><W74/><G7/><N who="0" m="1135" /><D102/><U100/><E118/><V47/><F47/><W84/><G36/><T37/><D37/><U90/><E90/><V0/><F0/><W87/><G43/><T99/><D99/><U29/><E40/><V79/><F79/><W35/><G35/><T88/><D122/><U75/><E75/><V71/><F9/><W27/><G89/><T123/><D123/><U77/><E77/><V133/><F13/><W55/><G55/><N who="0" m="31855" /><D64/><U51/><E62/><V3/><F3/><W104/><G104/><T31/><D31/><U11/><E54/><V66/><F133/><W34/><G34/><T57/><D57/><U48/><E48/><V124/><F67/><W120/><G120/><T21/><D88/><U46/><REACH who="1" step="1"/><E117/><REACH who="1" ten="180,391,180,239" step="2"/><V116/><F116/><W106/><G78/><T33/><D127/><U103/><E103/><V92/><F124/><W95/><G74/><T18/><D125/><U130/><E130/><V24/><F63/><W53/><G76/><T17/><D129/><U135/><E135/><V32/><F101/><W93/><G61/><T131/><D131/><U113/><E113/><V69/><F91/><W85/><N who="3" m="21504" /><DORA hai="14" /><W58/><G53/><RYUUKYOKU ba="1,1" sc="180,-10,391,30,180,-10,239,-10" hai1="11,15,19,28,29,30,38,39,46,51,52,97,100" /><INIT seed="1,2,1,2,3,112" ten="170,421,170,229" oya="1" hai0="101,42,95,33,96,126,125,129,131,6,0,46,32" hai1="107,34,110,47,119,12,90,40,17,60,49,122,10" hai2="18,132,11,124,77,21,7,106,75,37,116,2,88" hai3="57,104,13,71,79,105,100,29,26,85,30,36,123"/><U128/><E122/><V111/><F106/><W86/><G36/><T8/><D95/><U68/><E107/><V45/><F111/><W108/><G71/><T97/><D97/><U67/><E110/><V94/><F124/><N who="0" m="47722" /><D96/><U70/><E128/><N who="0" m="49225" /><D101/><U118/><E34/><N who="0" m="13417" /><D46/><U23/><E70/><V115/><F94/><W53/><G100/><T16/><D42/><U56/><E90/><V31/><F88/><W9/><G85/><T72/><D72/><U120/><E120/><V80/><F45/><W28/><G86/><T14/><D0/><U135/><E135/><V59/><F132/><W15/><G104/><T58/><D58/><U83/><E83/><V61/><F59/><W102/><G57/><T44/><D44/><U24/><REACH who="1" step="1"/><E56/><REACH who="1" ten="170,411,170,229" step="2"/><V113/><F80/><W74/><G105/><T5/><AGARI ba="2,2" hai="5,6,8,14,16" m="13417,49225,47722" machi="5" ten="40,8000,1" yaku="18,1,19,1,34,2,54,1" doraHai="112" who="0" fromWho="0" sc="170,106,411,-42,170,-22,229,-22" /><INIT seed="2,0,0,2,5,83" ten="276,369,148,207" oya="2" hai0="17,108,67,63,55,9,112,105,20,35,12,103,26" hai1="115,113,69,73,70,110,28,45,40,131,4,119,0" hai2="100,56,58,1,53,92,127,38,133,109,59,87,11" hai3="7,77,25,132,135,57,34,31,78,122,54,101,43"/><V106/><F38/><W24/><G122/><T61/><D112/><U21/><E21/><V76/><F106/><W91/><G101/><T95/><D108/><U36/><E110/><V81/><F109/><W124/><G124/><T107/><D35/><U117/><E28/><V111/><F111/><W130/><G130/><T96/><D55/><U60/><E73/><V32/><F32/><W10/><G25/><T134/><D134/><N who="3" m="51241" /><G91/><T15/><D15/><U118/><E131/><V37/><F37/><W126/><G43/><T89/><D89/><U71/><REACH who="1" step="1"/><E60/><REACH who="1" ten="276,359,148,207" step="2"/><V79/><F133/><W86/><G126/><T88/><D61/><U42/><E42/><V94/><F127/><W114/><G114/><T16/><REACH who="0" step="1"/><D103/><REACH who="0" ten="266,359,148,207" step="2"/><U102/><E102/><V104/><F100/><W46/><G34/><T29/><D29/><U13/><E13/><V98/><F1/><W84/><G31/><T90/><D90/><U22/><E22/><V65/><F76/><W74/><G78/><T30/><D30/><U64/><E64/><V85/><F65/><W62/><G24/><T44/><D44/><U120/><E120/><V125/><F125/><W8/><G46/><T129/><D129/><U51/><E51/><V128/><F128/><W66/><G66/><T50/><D50/><U6/><E6/><V33/><F33/><W41/><G41/><T97/><D97/><U82/><E82/><V93/><F98/><W68/><G7/><T99/><D99/><U3/><E3/><V52/><F81/><W18/><G77/><T47/><D47/><U39/><E39/><V48/><F48/><RYUUKYOKU ba="0,2" sc="266,15,359,15,148,-15,207,-15" hai0="9,12,16,17,20,26,63,67,88,95,96,105,107" hai1="0,4,36,40,45,69,70,71,113,115,117,118,119" /><INIT seed="3,1,2,1,4,30" ten="281,374,133,192" oya="3" hai0="10,127,53,48,118,13,117,133,14,73,25,39,76" hai1="65,29,79,0,121,84,103,87,86,41,78,40,95" hai2="33,38,64,101,102,66,17,74,32,68,12,45,75" hai3="81,130,27,61,128,116,37,42,129,69,6,122,3"/><W77/><G116/><T28/><D39/><U67/><E0/><V26/><F38/><W5/><G122/><T4/><D127/><U82/><E121/><V18/><F12/><W36/><G27/><T90/><D133/><U108/><E29/><V55/><F26/><W98/><G98/><T16/><D90/><U134/><E108/><V15/><F15/><W96/><G96/><T19/><D76/><N who="1" m="29227" /><E134/><V62/><F55/><W100/><G100/><T110/><D73/><U60/><E60/><V125/><F62/><W49/><G49/><T120/><D120/><U109/><E109/><V80/><F45/><N who="3" m="23751" /><G37/><T105/><D105/><U7/><E7/><V115/><F80/><W131/><G3/><T113/><D110/><U35/><E82/><V23/><F23/><W112/><G112/><T93/><D93/><U72/><E72/><V47/><F47/><W135/><G135/><T88/><D88/><U31/><E95/><V1/><F1/><W119/><G119/><T83/><D83/><U11/><E103/><V97/><F97/><W56/><G69/><T126/><D113/><U21/><E21/><V107/><F115/><W71/><G71/><T111/><D111/><U94/><E94/><V91/><F91/><W89/><N who="3" m="32768" /><DORA hai="70" /><W43/><G89/><T34/><D126/><U132/><E132/><V114/><F68/><W52/><G43/><T124/><D124/><U8/><E41/><V57/><F125/><W44/><G44/><T46/><D19/><U9/><E40/><V24/><F114/><W106/><G106/><T51/><D48/><U85/><E31/><RYUUKYOKU ba="1,2" sc="281,15,374,-15,133,-15,192,15" hai0="4,10,13,14,16,25,28,34,46,51,53,117,118" hai3="5,6,52,56,61,77,81" /><INIT seed="3,2,2,5,4,44" ten="296,359,118,207" oya="3" hai0="29,54,45,134,103,111,12,28,71,2,98,40,23" hai1="35,3,81,83,127,10,9,27,55,119,49,62,6" hai2="32,80,37,135,18,22,51,63,8,58,42,77,0" hai3="69,89,39,16,67,79,4,19,97,84,86,94,87"/><W47/><G4/><T38/><D111/><U132/><E132/><V120/><F32/><W7/><G7/><T50/><D2/><U108/><E108/><V131/><F0/><W122/><G122/><T118/><D71/><U104/><E104/><V133/><F8/><W117/><G117/><T99/><D118/><U1/><E119/><V123/><F37/><W26/><G79/><T129/><D134/><N who="2" m="51210" /><F131/><W130/><G130/><T72/><D72/><U15/><E62/><V105/><F105/><W17/><G67/><T110/><D110/><U36/><E36/><V96/><F96/><W14/><G69/><T124/><D124/><U31/><E127/><V43/><F43/><W128/><G26/><T30/><D129/><U106/><E106/><V34/><F34/><W125/><G125/><T48/><D54/><U91/><E91/><V52/><F42/><W5/><G128/><T66/><D66/><U93/><E93/><V76/><F63/><W13/><G5/><T68/><D68/><U73/><E73/><N who="2" m="43023" /><F77/><W114/><G114/><T90/><D90/><U109/><E109/><V24/><AGARI ba="2,2" hai="18,22,24,51,52,58,120,123" m="43023,51210" machi="24" ten="30,4000,0" yaku="20,1,52,1,54,1" doraHai="44" who="2" fromWho="2" sc="296,-12,359,-12,118,66,207,-22" /><INIT seed="4,0,0,0,3,91" ten="284,347,184,185" oya="0" hai0="134,120,133,5,108,72,79,55,128,77,62,50,30" hai1="0,51,57,97,2,94,132,86,58,45,81,54,38" hai2="26,19,33,36,25,64,107,130,48,127,1,49,40" hai3="123,59,90,109,63,34,99,23,22,61,32,124,43"/><T21/><D120/><U74/><E74/><V69/><F1/><W103/><G123/><T47/><D5/><U44/><E132/><N who="0" m="50793" /><D72/><U129/><E129/><V105/><F33/><W111/><G43/><T135/><N who="0" m="50801" /><T42/><DORA hai="17" /><D128/><U67/><E38/><V56/><F36/><W35/><G90/><T15/><D108/><N who="3" m="41545" /><G124/><T73/><D73/><U88/><E2/><V28/><F40/><W78/><G78/><T20/><D30/><U46/><E0/><V112/><F69/><W82/><G82/><T121/><D121/><U37/><E37/><V9/><F64/><W83/><G83/><T53/><D15/><U6/><E6/><V84/><F56/><N who="1" m="21609" /><E67/><V4/><F127/><W122/><G59/><N who="0" m="35183" /><D42/><U126/><E126/><V110/><F110/><W117/><G122/><T104/><D104/><U96/><E96/><V8/><F107/><W7/><G7/><T66/><D66/><U125/><E125/><V75/><F105/><W29/><G99/><T70/><D70/><U95/><E81/><V11/><F75/><W18/><G117/><T113/><D113/><U100/><AGARI ba="0,0" hai="44,45,46,51,54,86,88,94,95,97,100" m="21609" machi="100" ten="30,7900,0" yaku="8,1,52,2,54,1" doraHai="91,17" who="1" fromWho="1" sc="284,-39,347,79,184,-20,185,-20" /><INIT seed="5,0,0,3,5,1" ten="245,426,164,165" oya="1" hai0="89,100,123,84,99,48,35,134,8,65,98,42,111" hai1="70,127,107,108,22,18,133,24,2,79,95,87,109" hai2="124,9,39,97,76,47,27,105,116,0,81,38,112" hai3="37,19,93,16,60,101,103,31,80,67,122,23,4"/><U69/><E107/><V11/><F116/><W33/><G37/><T68/><D123/><U132/><E2/><V74/><F124/><W129/><G122/><T25/><D111/><N who="1" m="42571" /><E127/><V30/><F112/><W15/><G129/><T7/><D134/><N who="1" m="51819" /><E95/><V20/><F47/><W113/><G113/><T28/><D42/><U41/><E41/><V77/><F77/><W115/><G33/><T66/><D48/><U26/><E26/><V126/><F126/><W10/><G115/><T45/><D45/><U106/><E106/><V114/><F114/><W78/><G93/><T125/><D125/><U71/><E87/><V92/><F105/><W121/><G121/><T56/><D68/><U110/><N who="1" m="42579" /><U88/><DORA hai="91" /><E88/><V64/><F64/><W17/><G31/><T83/><D56/><U29/><E79/><V120/><F120/><W73/><REACH who="3" step="1"/><G23/><REACH who="3" ten="245,426,164,155" step="2"/><T3/><D99/><U51/><E29/><V90/><F39/><W72/><G72/><T61/><REACH who="0" step="1"/><D61/><REACH who="0" ten="235,426,164,155" step="2"/><U82/><E51/><V12/><F38/><W96/><G96/><T85/><D85/><U130/><E130/><V57/><F74/><W86/><G86/><T94/><AGARI ba="0,2" hai="3,7,8,25,28,35,65,66,83,84,89,94,98,100" machi="94" ten="20,8000,1" yaku="1,1,0,1,7,1,52,2,53,0" doraHai="1,91" doraHaiUra="13,128" who="0" fromWho="0" sc="235,100,426,-40,164,-20,155,-20" /><INIT seed="6,0,0,0,1,124" ten="335,386,144,135" oya="2" hai0="30,104,67,135,88,128,42,14,130,31,117,33,39" hai1="106,7,112,32,17,16,75,96,38,99,78,102,119" hai2="9,18,108,25,49,84,2,116,44,105,34,95,54" hai3="58,68,63,86,103,10,50,13,132,40,1,97,127"/><V100/><F116/><W70/><G127/><T57/><D117/><U69/><E119/><V81/><F105/><W93/><G132/><T113/><D104/><U46/><E69/><V83/><F108/><W82/><G1/><T114/><D135/><U52/><E32/><V131/><F2/><W8/><G8/><T109/><D109/><U73/><E7/><V21/><F34/><W94/><G94/><T36/><D14/><U26/><E26/><V122/><F122/><W98/><G98/><T64/><D88/><U111/><E112/><N who="0" m="43113" /><D33/><U55/><E78/><V23/><F23/><W101/><G101/><T28/><D42/><U115/><E115/><V90/><F131/><N who="0" m="50218" /><D57/><U118/><E118/><V37/><F37/><AGARI ba="0,0" hai="28,30,31,36,37,39,64,67" m="50218,43113" machi="37" ten="40,12000,2" yaku="28,2,15,1,19,1,52,3" doraHai="124" who="0" fromWho="2" sc="335,120,386,0,144,-120,135,0" /><INIT seed="7,0,0,1,0,90" ten="455,386,24,135" oya="3" hai0="84,86,123,20,41,134,109,75,40,53,15,42,60" hai1="37,88,119,12,25,38,8,85,31,103,22,72,112" hai2="55,34,99,49,97,78,80,4,94,3,35,96,71" hai3="43,73,120,135,45,9,131,126,101,132,98,92,59"/><W51/><G73/><T23/><D75/><U129/><E119/><V36/><F71/><W102/><G120/><T117/><D123/><U122/><E122/><V128/><F128/><W107/><G131/><T48/><D109/><U65/><E129/><V6/><F36/><W79/><G126/><T26/><D134/><U62/><E103/><V30/><F3/><W114/><G79/><T58/><D117/><U74/><E112/><V127/><F127/><W13/><G114/><T66/><D15/><U77/><E77/><V7/><F30/><W104/><G59/><N who="0" m="33191" /><D20/><U95/><E74/><V70/><F70/><W93/><G102/><T47/><D47/><U52/><E72/><V105/><F105/><W118/><G107/><T67/><D67/><U46/><E46/><V56/><F78/><W81/><G81/><T63/><D63/><U130/><E52/><V100/><F80/><W5/><G118/><T1/><D1/><U57/><REACH who="1" step="1"/><E130/><REACH who="1" ten="455,376,24,135" step="2"/><V29/><F29/><AGARI ba="0,1" hai="23,26,29,40,41,42,58,60,66,84,86" m="33191" machi="29" ten="30,1000,0" yaku="8,1" doraHai="90" who="0" fromWho="2" sc="455,20,376,0,24,-10,135,0" owari="475,57.0,376,18.0,14,-49.0,135,-26.0" /></mjloggm>