<mjloggm ver="2.3"><GO type="225" lobby="0"/><UN n0="%E3%83%94%E3%82%B3%E3%83%9E%E3%82%B9%E3%83%86%E3%82%A3%E3%83%95" n1="%48%4F%4D%4F%E5%A5%B3" n2="%E8%A8%88%E7%AE%97%E6%A9%9F%E8%87%AA%E7%84%B6" n3="%E3%82%AB%E3%83%9C%E3%83%81%E3%83%A3%E3%82%BF%E3%83%8D" dan="17,16,17,16" rate="2180.92,2117.19,2297.26,2074.70" sx="M,M,M,M"/><TAIKYOKU oya="0"/><INIT seed="0,0,0,5,1,100" ten="250,250,250,250" oya="0" hai0="13,113,7,5,38,46,62,82,43,39,55,33,107" hai1="85,73,56,49,48,76,123,115,110,128,50,126,31" hai2="16,26,23,47,88,74,24,3,27,45,96,98,19" hai3="17,125,108,92,124,61,58,127,84,93,112,120,105"/><T11/><D113/><U37/><E123/><V95/><F74/><W34/><G112/><T64/><D33/><U130/><E115/><V101/><F3/><W81/><G34/><T14/><D55/><U32/><E126/><V109/><F109/><W54/><G108/><T57/><D82/><N who="1" m="45327" /><E37/><V90/><F90/><W51/><G120/><T59/><D39/><U114/><E110/><V30/><F19/><W44/><G17/><T65/><D107/><U83/><E114/><V2/><F2/><W75/><G75/><T102/><D102/><U106/><E106/><V20/><F26/><W29/><G29/><T69/><REACH who="0" step="1"/><D65/><REACH who="0" ten="240,250,250,250" step="2"/><U41/><E32/><V117/><F117/><W116/><G116/><T79/><D79/><U15/><E83/><V53/><F53/><N who="3" m="33999" /><G105/><AGARI ba="0,1" hai="16,20,23,24,27,30,45,47,88,95,96,98,101,105" machi="105" ten="30,7700,0" yaku="7,1,52,1,54,2" doraHai="100" who="2" fromWho="3" sc="240,0,250,0,250,87,250,-77" /><INIT seed="1,0,0,5,3,26" ten="240,250,337,173" oya="1" hai0="61,123,80,9,88,115,75,73,36,103,49,30,67" hai1="113,22,90,10,128,47,86,87,96,109,85,17,0" hai2="68,3,34,83,119,133,79,6,2,104,4,43,13" hai3="108,35,15,31,8,60,37,12,99,106,122,91,130"/><U82/><E113/><V29/><F119/><W41/><G122/><T111/><D115/><U54/><E128/><V132/><F104/><W11/><G130/><T19/><D36/><U58/><E47/><V124/><F68/><W134/><G134/><N who="2" m="51817" /><F124/><W42/><G108/><T64/><D123/><U24/><E109/><V102/><F102/><W78/><G78/><T129/><D111/><U63/><E0/><N who="2" m="43" /><F13/><W28/><G35/><T40/><D129/><U112/><E112/><V55/><F43/><N who="3" m="16395" /><G106/><T118/><D103/><U120/><E120/><V44/><F29/><N who="3" m="11339" /><G60/><T5/><D61/><U16/><REACH who="1" step="1"/><E96/><REACH who="1" ten="240,240,337,173" step="2"/><V107/><F44/><W25/><G37/><T20/><D118/><U1/><E1/><V131/><F131/><W121/><G121/><T14/><D40/><U77/><E77/><V18/><F79/><W116/><G116/><T50/><D73/><U126/><E126/><V74/><F74/><W45/><G45/><T101/><D75/><U56/><E56/><V27/><F34/><W32/><G32/><T62/><D30/><U92/><E92/><V94/><F94/><N who="3" m="56799" /><G25/><T93/><D93/><U7/><E7/><V105/><F4/><W89/><G89/><T33/><D33/><U48/><E48/><V38/><F6/><W70/><G70/><T53/><D101/><U110/><E110/><V117/><F117/><W66/><G66/><N who="0" m="25131" /><D88/><U51/><E51/><V39/><F39/><W100/><G100/><T23/><D49/><U81/><E81/><V65/><F83/><W97/><G97/><T76/><D50/><U46/><E46/><V98/><F38/><RYUUKYOKU ba="0,1" sc="240,-15,240,15,337,-15,173,15" hai1="10,16,17,22,24,54,58,63,82,85,86,87,90" hai3="8,11,12,15" /><INIT seed="1,1,1,3,5,44" ten="225,255,322,188" oya="1" hai0="116,82,28,57,95,63,72,65,58,108,39,56,62" hai1="122,75,100,94,105,71,124,0,67,38,49,32,64" hai2="52,15,11,114,34,83,74,5,36,60,8,50,35" hai3="79,40,45,111,37,43,19,6,104,96,107,125,89"/><U27/><E122/><V103/><F36/><W131/><G111/><T69/><D116/><U46/><E124/><V21/><F114/><W12/><G131/><T23/><D108/><U90/><E75/><V86/><F74/><W110/><G110/><T130/><D39/><U121/><E0/><V4/><F103/><W98/><G125/><T26/><D130/><U92/><E38/><V85/><F60/><W112/><G112/><T18/><D72/><U135/><E121/><V132/><F132/><W99/><G6/><T68/><D82/><U55/><E135/><V129/><F21/><W54/><G79/><T127/><D127/><U123/><E123/><V115/><F115/><W22/><G40/><T59/><D63/><N who="1" m="40351" /><E67/><V87/><F129/><W117/><G117/><T31/><D31/><N who="1" m="19583" /><E90/><V80/><F34/><W70/><G70/><T77/><D77/><U109/><E109/><V133/><F35/><W119/><G119/><T24/><D24/><U30/><E30/><V3/><REACH who="2" step="1"/><F133/><REACH who="2" ten="225,255,312,188" step="2"/><W33/><G33/><T134/><D134/><U78/><E100/><V7/><F7/><W25/><G25/><T51/><D28/><U73/><E73/><V113/><F113/><W128/><G128/><T81/><D68/><U102/><E102/><V53/><F53/><W47/><REACH who="3" step="1"/><G89/><REACH who="3" ten="225,255,312,178" step="2"/><T41/><N who="0" m="14336" /><DORA hai="16" /><T17/><D69/><U10/><E78/><V97/><F97/><W66/><G66/><T88/><D65/><U9/><E55/><V42/><F42/><W106/><G106/><T120/><D88/><U1/><E105/><V13/><F13/><W84/><G84/><RYUUKYOKU ba="1,3" sc="225,-15,255,-15,312,15,178,15" hai2="3,4,5,8,11,15,50,52,80,83,85,86,87" hai3="12,19,22,37,43,45,47,54,96,98,99,104,107" /><INIT seed="2,2,3,2,4,109" ten="210,240,327,193" oya="2" hai0="67,54,123,84,69,125,27,110,106,121,83,71,97" hai1="107,77,73,17,129,25,127,105,117,30,120,92,79" hai2="8,39,12,76,34,31,119,102,47,53,50,111,90" hai3="64,99,55,86,112,13,21,68,80,131,18,46,104"/><V14/><F119/><W133/><G133/><T60/><D110/><U74/><E120/><V72/><F111/><W65/><G68/><T87/><D69/><U1/><E117/><V5/><F102/><W62/><G131/><T19/><D125/><U37/><E37/><V103/><F103/><W101/><G112/><T45/><D106/><U23/><E127/><V91/><F39/><W41/><G62/><T2/><D2/><U9/><E129/><V124/><F124/><W44/><G55/><T0/><D0/><U28/><E105/><V33/><F14/><W75/><G75/><T66/><D97/><U24/><E107/><V63/><F63/><W126/><G126/><T96/><D96/><U135/><E135/><V26/><REACH who="2" step="1"/><F34/><REACH who="2" ten="210,240,317,193" step="2"/><W113/><G113/><T108/><D108/><U32/><E32/><V57/><F57/><W56/><G56/><N who="0" m="34839" /><D71/><U10/><E1/><V88/><F88/><W51/><G46/><T40/><D123/><U38/><E38/><V115/><F115/><W118/><G118/><T81/><D121/><U42/><E79/><AGARI ba="2,4" hai="13,18,21,41,44,51,64,65,79,80,86,99,101,104" machi="79" ten="30,1000,0" yaku="7,1" doraHai="109" who="3" fromWho="1" sc="210,0,240,-16,317,0,193,56" /><INIT seed="3,0,0,2,5,65" ten="210,224,317,249" oya="3" hai0="99,110,51,34,85,89,67,6,122,105,33,8,101" hai1="108,20,86,118,127,38,36,115,52,21,90,59,49" hai2="25,107,104,80,87,134,120,57,93,62,40,12,17" hai3="125,68,72,113,24,83,18,64,131,75,35,121,31"/><W39/><G113/><T53/><D122/><U116/><E115/><V92/><F120/><W11/><G121/><T23/><D67/><U74/><E74/><V61/><F134/><W19/><G125/><T63/><D63/><U97/><E127/><V48/><F107/><W54/><G131/><T132/><D23/><N who="1" m="8779" /><E97/><V128/><F104/><W102/><G39/><T32/><D132/><U47/><E108/><V66/><F25/><W10/><G102/><T123/><D123/><U95/><E47/><N who="2" m="25703" /><F62/><W117/><G54/><T43/><D43/><U96/><E96/><V100/><F100/><W77/><G75/><T94/><D110/><U114/><E114/><V60/><F60/><W81/><G81/><T84/><D84/><U91/><E91/><N who="2" m="51687" /><F128/><W135/><G135/><T14/><REACH who="0" step="1"/><D33/><REACH who="0" ten="200,224,317,249" step="2"/><U37/><E38/><V28/><F61/><W50/><G64/><T13/><D13/><U112/><E112/><V103/><F12/><W130/><G130/><T46/><AGARI ba="0,1" hai="6,8,14,32,34,46,51,53,85,89,94,99,101,105" machi="46" ten="20,2700,0" yaku="1,1,0,1,7,1,53,0" doraHai="65" doraHaiUra="22" who="0" fromWho="0" sc="200,37,224,-7,317,-7,249,-13" owari="237,4.0,217,-28.0,310,40.0,236,-16.0" /></mjloggm>