<mjloggm ver="2.3"><GO type="169" lobby="0"/><UN n0="%EF%BC%BC%28%EF%BC%BE%6F%EF%BC%BE%29%EF%BC%8F%E2%98%85" n1="%E3%82%AE%E3%82%AC%E3%83%9E%E3%82%A4%E3%83%B3" n2="%4E%4F%42%55%53%48%49" n3="%E8%91%B5%E3%81%A1%E3%82%83%E3%82%93" dan="17,16,17,16" rate="2239.97,2126.16,2189.33,2148.84" sx="M,M,M,F"/><TAIKYOKU oya="0"/><INIT seed="0,0,0,2,4,53" ten="250,250,250,250" oya="0" hai0="121,114,15,119,69,94,57,133,103,105,66,123,61" hai1="32,48,63,129,130,37,112,76,90,96,54,92,78" hai2="42,117,110,22,82,86,106,107,31,18,44,62,83" hai3="0,88,11,100,80,49,23,87,4,33,89,51,113"/><T14/><D114/><U135/><E37/><V55/><F117/><W109/><G113/><T40/><D119/><U128/><E112/><V122/><F31/><W134/><G33/><T16/><D105/><U25/><E135/><V24/><F83/><W5/><G134/><T21/><D133/><U17/><E63/><V77/><F110/><W58/><G109/><T118/><D118/><U81/><E81/><V127/><F127/><W29/><G100/><T64/><D40/><U116/><E116/><V131/><F131/><W91/><G5/><T120/><D15/><U38/><E38/><V95/><F95/><W3/><G3/><T74/><D74/><U39/><E39/><V126/><F126/><W71/><G71/><T73/><D73/><U26/><E17/><V79/><F79/><N who="1" m="30249" /><E32/><V50/><F122/><W60/><G23/><T132/><D132/><U75/><E75/><V46/><F62/><W65/><REACH who="3" step="1"/><G29/><REACH who="3" ten="250,250,250,240" step="2"/><T72/><D72/><U43/><E43/><V10/><F10/><W98/><G98/><T30/><D30/><U68/><E68/><V67/><F42/><W9/><G9/><T111/><D111/><U13/><E13/><V124/><F124/><W1/><G1/><T104/><D104/><U6/><E6/><V2/><F2/><W52/><G52/><N who="0" m="33959" /><D69/><U97/><E97/><V8/><F107/><W93/><G93/><T20/><D20/><U125/><E125/><V85/><F106/><W45/><G45/><AGARI ba="0,1" hai="25,26,45,48,54,90,92,96,128,129,130" m="30249" machi="45" ten="30,1000,0" yaku="19,1" doraHai="53" who="1" fromWho="3" sc="250,0,250,20,250,0,240,-10" /><INIT seed="1,0,0,1,2,104" ten="250,270,250,230" oya="1" hai0="97,114,119,36,101,41,30,2,49,62,120,12,105" hai1="79,60,129,112,76,121,13,34,1,32,39,58,71" hai2="106,8,46,7,107,54,6,0,3,109,134,5,25" hai3="45,51,10,100,44,23,56,77,15,68,98,88,20"/><U90/><E121/><V52/><F134/><W118/><G68/><T80/><D2/><U40/><E112/><V86/><F109/><W24/><G118/><T9/><D114/><U47/><E1/><V128/><F128/><W64/><G77/><T123/><D119/><U66/><E129/><V94/><F25/><W27/><G64/><T63/><D36/><U91/><E79/><V122/><F7/><W65/><G27/><T50/><D30/><U22/><E76/><V57/><F46/><W92/><G100/><T29/><D80/><U99/><E71/><V78/><F94/><W70/><G70/><T11/><D29/><U73/><E73/><V89/><F78/><W81/><G81/><T131/><D11/><U135/><E135/><V130/><F130/><W18/><G23/><T84/><D84/><U55/><E66/><V67/><F67/><W132/><G132/><T133/><D131/><U95/><REACH who="1" step="1"/><E91/><REACH who="1" ten="250,260,250,230" step="2"/><V69/><F89/><W72/><G72/><T74/><D74/><U102/><E102/><V115/><F69/><W14/><G65/><T87/><D101/><U103/><E103/><V38/><F3/><W111/><G111/><T96/><D133/><U113/><E113/><V26/><F0/><W61/><G88/><T126/><D123/><U37/><E37/><V124/><F38/><W82/><G82/><T125/><D120/><U83/><E83/><V48/><F122/><W31/><G92/><T33/><D105/><U19/><AGARI ba="0,1" hai="13,19,22,32,34,39,40,47,55,58,60,90,95,99" machi="19" ten="30,6000,0" yaku="1,1,0,1,53,1" doraHai="104" doraHaiUra="93" who="1" fromWho="1" sc="250,-20,260,70,250,-20,230,-20" /><INIT seed="1,1,0,0,5,86" ten="230,330,230,210" oya="1" hai0="71,49,112,105,14,44,13,3,130,109,8,26,120" hai1="22,114,28,124,36,135,63,84,7,30,125,132,60" hai2="70,42,91,37,78,41,128,73,99,81,23,62,31" hai3="92,5,27,51,20,64,108,87,101,131,40,6,50"/><U93/><E114/><V59/><F128/><W122/><G131/><T115/><D71/><U29/><E36/><V55/><F70/><W74/><G122/><T102/><D130/><U133/><E7/><V80/><F37/><W0/><G74/><T57/><D120/><U72/><E72/><V17/><F31/><W83/><G108/><T10/><D3/><U9/><E9/><V100/><F81/><W97/><G64/><T54/><D109/><U39/><E22/><V4/><F4/><N who="3" m="1643" /><G40/><T77/><D77/><U32/><E39/><V94/><REACH who="2" step="1"/><F100/><REACH who="2" ten="230,330,220,210" step="2"/><W75/><G0/><T38/><D102/><U34/><E93/><V104/><F104/><W67/><G75/><T56/><D105/><U2/><E2/><V43/><F43/><W123/><G123/><T58/><D38/><U1/><E1/><V19/><F19/><N who="3" m="12703" /><G67/><T48/><D115/><U103/><E103/><V35/><F35/><N who="1" m="13353" /><E84/><V107/><F107/><W24/><G24/><AGARI ba="1,1" hai="17,23,24,41,42,55,59,62,73,78,80,91,94,99" machi="24" ten="30,8000,1" yaku="1,1,7,1,25,2,52,1,53,0" doraHai="86" doraHaiUra="111" who="2" fromWho="3" sc="230,0,330,0,220,93,210,-83" /><INIT seed="2,0,0,5,0,120" ten="230,330,313,127" oya="2" hai0="37,82,131,92,67,73,13,129,55,112,117,135,26" hai1="42,0,123,127,81,45,98,76,128,8,126,99,61" hai2="50,75,10,16,103,65,121,109,68,17,84,3,19" hai3="108,41,79,118,35,90,74,62,23,72,59,33,18"/><V102/><F121/><W86/><G118/><T1/><D67/><U83/><E123/><V40/><F75/><W64/><G41/><T119/><D37/><U107/><E61/><V44/><F109/><W14/><G108/><T39/><D13/><U113/><E113/><V29/><F29/><W12/><G35/><T60/><D26/><U114/><E114/><V58/><F68/><W5/><G33/><T22/><D22/><U94/><E128/><V101/><F84/><W89/><G79/><T52/><D1/><U106/><E8/><V69/><F69/><W87/><G5/><T116/><D112/><U49/><E0/><V54/><F65/><W111/><G14/><T88/><D39/><U57/><E57/><V95/><F95/><W85/><REACH who="3" step="1"/><G111/><REACH who="3" ten="230,330,313,117" step="2"/><T77/><D135/><U31/><E76/><V34/><F34/><W47/><G47/><T53/><REACH who="0" step="1"/><D60/><REACH who="0" ten="220,330,313,117" step="2"/><U2/><E2/><V97/><F3/><W133/><G133/><T71/><D71/><U6/><E6/><V110/><F110/><W124/><G124/><T20/><D20/><U96/><E127/><V51/><F10/><W9/><G9/><T122/><D122/><U38/><E126/><V27/><F27/><W56/><G56/><T66/><D66/><U28/><E38/><V21/><F21/><W46/><G46/><T93/><D93/><U4/><E94/><V78/><F44/><W134/><G134/><T100/><D100/><U36/><E4/><V25/><F25/><W63/><G63/><T91/><D91/><AGARI ba="0,2" hai="12,18,23,59,62,64,72,74,85,86,87,89,90,91" machi="91" ten="40,5200,0" yaku="1,1,53,2" doraHai="120" doraHaiUra="104" who="3" fromWho="0" sc="220,-52,330,0,313,0,117,72" /><INIT seed="3,0,0,2,5,32" ten="168,330,313,189" oya="3" hai0="66,102,18,44,49,38,16,57,125,127,79,114,133" hai1="55,126,3,65,51,75,123,54,98,24,88,129,8" hai2="103,76,50,4,68,56,47,2,90,26,48,40,124" hai3="46,60,86,0,70,105,14,101,67,121,15,113,5"/><W12/><G121/><T31/><D38/><U73/><E123/><V92/><F68/><W130/><G113/><T122/><D122/><U10/><E65/><V110/><F124/><N who="0" m="47690" /><D114/><U111/><E126/><V97/><F110/><W33/><G130/><T91/><D79/><U6/><E111/><V45/><F76/><W17/><G33/><T30/><D102/><U11/><E129/><V74/><F74/><W83/><G46/><T94/><D57/><U71/><E71/><V27/><F56/><W72/><G72/><T28/><D66/><U64/><E64/><V135/><F135/><W78/><G17/><T80/><D80/><U58/><E75/><V109/><F109/><W59/><G70/><T9/><D9/><U42/><E73/><V85/><F4/><W29/><G29/><N who="0" m="7427" /><T63/><DORA hai="81" /><D63/><U69/><E69/><V62/><F62/><W7/><REACH who="3" step="1"/><G0/><REACH who="3" ten="168,330,313,179" step="2"/><T104/><D133/><U116/><E3/><V96/><F2/><W128/><G128/><T134/><D134/><U23/><E58/><V43/><REACH who="2" step="1"/><F97/><AGARI ba="0,1" hai="5,7,12,14,15,59,60,67,78,83,86,97,101,105" machi="97" ten="40,7700,0" yaku="1,1,52,1,53,1" doraHai="32,81" doraHaiUra="61,112" who="3" fromWho="2" sc="168,0,330,0,313,-77,179,87" /><INIT seed="3,1,0,1,0,112" ten="168,330,236,266" oya="3" hai0="59,53,16,61,34,58,77,131,129,8,17,94,5" hai1="110,71,107,89,64,132,66,123,42,22,82,87,86" hai2="30,29,78,37,109,31,44,96,74,113,95,45,88" hai3="24,105,91,1,80,92,46,134,99,28,32,83,69"/><W40/><G134/><T84/><D34/><U70/><E123/><V108/><F113/><W73/><G69/><T48/><D131/><U25/><E107/><V103/><F78/><W135/><G135/><T85/><D129/><U118/><E132/><V102/><F74/><W11/><G105/><T101/><D85/><U126/><E110/><N who="2" m="42603" /><F37/><W60/><G60/><T98/><D84/><U111/><E111/><V54/><F54/><W6/><REACH who="3" step="1"/><G73/><REACH who="3" ten="168,330,236,256" step="2"/><T117/><D117/><U56/><E118/><V120/><F120/><W76/><G76/><T122/><D77/><U97/><E71/><V72/><F72/><W43/><G43/><T41/><D122/><U7/><E42/><V104/><F104/><W10/><G10/><T21/><D41/><U3/><E70/><V90/><F103/><W35/><G35/><T49/><D21/><U0/><E22/><V81/><F102/><W33/><G33/><T36/><D36/><AGARI ba="1,1" hai="1,6,11,24,28,32,36,40,46,80,83,91,92,99" machi="36" ten="30,2900,0" yaku="1,1,7,1,53,0" doraHai="112" doraHaiUra="51" who="3" fromWho="0" sc="168,-32,330,0,236,0,256,42" /><INIT seed="3,2,0,5,4,126" ten="136,330,236,298" oya="3" hai0="54,59,104,111,26,16,32,101,66,121,125,15,68" hai1="130,2,123,100,133,50,4,10,67,14,76,21,56" hai2="112,53,87,42,31,134,57,61,93,89,18,62,129" hai3="49,28,40,48,97,80,27,128,72,23,20,46,11"/><W92/><G128/><T37/><D37/><U29/><E123/><V51/><F112/><W81/><G72/><T75/><D75/><U58/><E133/><V127/><F129/><W120/><G120/><T122/><D111/><U96/><E130/><V115/><F127/><W64/><G64/><T105/><D125/><U6/><E76/><V94/><F115/><W86/><G86/><T114/><D114/><U135/><E135/><V19/><F31/><W52/><G20/><T113/><D113/><U108/><E108/><V30/><F30/><W71/><G11/><T90/><D104/><U60/><E6/><V9/><F134/><W22/><G22/><T73/><D73/><U109/><E109/><V25/><F42/><W102/><REACH who="3" step="1"/><G71/><REACH who="3" ten="136,330,236,288" step="2"/><T84/><D68/><U7/><E21/><V103/><F9/><W83/><G83/><T99/><D66/><U1/><E29/><V91/><F25/><W131/><G131/><T38/><D26/><U65/><E65/><V45/><F87/><W35/><G35/><T44/><D32/><U95/><E7/><V118/><F118/><W63/><G63/><T78/><D122/><U116/><E116/><V12/><F62/><W39/><G39/><T41/><D121/><U13/><E13/><V117/><F61/><W79/><G79/><T8/><D78/><U24/><E24/><V119/><F117/><W82/><G82/><T106/><D84/><U85/><E85/><V33/><F119/><W34/><G34/><T0/><D0/><U88/><E100/><V107/><F103/><W47/><AGARI ba="2,1" hai="23,27,28,40,46,47,48,49,52,80,81,92,97,102" machi="47" ten="20,12000,1" yaku="1,1,0,1,7,1,8,1,54,1,53,0" doraHai="126" doraHaiUra="69" who="3" fromWho="3" sc="136,-42,330,-42,236,-42,288,136" /><INIT seed="3,3,0,0,1,112" ten="94,288,194,424" oya="3" hai0="93,120,83,49,53,62,109,116,50,56,76,102,52" hai1="61,101,72,115,44,43,54,113,89,77,38,105,14" hai2="15,103,74,131,122,69,29,92,57,10,9,91,21" hai3="84,32,58,31,17,96,59,106,79,127,123,6,19"/><W82/><G123/><T80/><D120/><U7/><E89/><V42/><F69/><W66/><G127/><T129/><D109/><U41/><E54/><V11/><F74/><W12/><G32/><T27/><D129/><U88/><E43/><V20/><F131/><W121/><G121/><T124/><D124/><U39/><E39/><V133/><F133/><W0/><G31/><T60/><D116/><U55/><E55/><V75/><F75/><W45/><G45/><T111/><D111/><U108/><E61/><V132/><F132/><W26/><G26/><T64/><D27/><U65/><E65/><V67/><F42/><W34/><G34/><T117/><D117/><U8/><E108/><V97/><F122/><W126/><G0/><T114/><D114/><U87/><E77/><V107/><F29/><W71/><G71/><T98/><D62/><U46/><E46/><V22/><F57/><W86/><G86/><T2/><D2/><U125/><E72/><V94/><F67/><W1/><G1/><T135/><D135/><U134/><E125/><V81/><F81/><W24/><G66/><T100/><D100/><U78/><E78/><V5/><F107/><W18/><G59/><N who="0" m="36895" /><D76/><U104/><E134/><V47/><F47/><AGARI ba="3,0" hai="47,49,50,52,53,56,80,83,93,98,102" m="36895" machi="47" ten="30,2000,0" yaku="8,1,54,1" doraHai="112" who="0" fromWho="2" sc="94,29,288,0,194,-29,424,0" /><INIT seed="4,0,0,0,1,35" ten="123,288,165,424" oya="0" hai0="2,60,24,40,63,1,90,53,33,112,62,109,9" hai1="72,84,117,126,20,91,79,76,115,102,98,125,123" hai2="51,75,10,16,132,57,55,85,118,133,46,94,64" hai3="129,71,113,49,96,134,17,13,6,47,83,54,15"/><T130/><D112/><U93/><E123/><V104/><F104/><W69/><G113/><T36/><D53/><U31/><E115/><V58/><F75/><W67/><G129/><T26/><D130/><U114/><E114/><V34/><F34/><W122/><G122/><T127/><D127/><N who="1" m="48651" /><E72/><V39/><F118/><W135/><G83/><T80/><D109/><U97/><E117/><V74/><F74/><W106/><G67/><T12/><D36/><U92/><E31/><V86/><F39/><W45/><G6/><T103/><D40/><U19/><E98/><V43/><F64/><W121/><G121/><T100/><D33/><U81/><E93/><V116/><F58/><W7/><G96/><T38/><D38/><U111/><E111/><V8/><F8/><W4/><G106/><T22/><D80/><U68/><E68/><V3/><F94/><W23/><G71/><T108/><D90/><U99/><E99/><V50/><F16/><N who="3" m="10639" /><G69/><T65/><D108/><U48/><E48/><V87/><F116/><W73/><G73/><T105/><D65/><U52/><E52/><V21/><F21/><N who="3" m="11455" /><G47/><T131/><D131/><U41/><E41/><V5/><AGARI ba="0,0" hai="3,5,10,43,46,50,51,55,57,85,86,87,132,133" machi="5" ten="30,2000,0" yaku="0,1,52,1" doraHai="35" who="2" fromWho="2" sc="123,-10,288,-5,165,20,424,-5" /><INIT seed="5,0,0,5,1,112" ten="113,283,185,419" oya="1" hai0="73,109,113,108,12,133,94,37,5,27,134,63,8" hai1="75,32,29,95,130,18,7,83,4,89,30,100,53" hai2="26,76,120,131,80,38,23,3,84,107,132,42,110" hai3="60,56,68,28,127,44,122,70,77,88,135,17,102"/><U93/><E130/><V117/><F107/><W16/><G122/><T98/><D73/><U114/><E114/><V1/><F110/><W115/><G115/><T92/><D113/><U46/><E32/><V11/><F120/><W79/><G102/><T50/><D37/><U58/><E46/><V64/><F132/><N who="0" m="50794" /><D50/><U39/><E39/><V35/><F35/><W25/><G56/><T15/><D63/><U34/><E18/><V67/><F42/><W33/><G16/><N who="0" m="8199" /><D94/><U36/><E36/><V19/><F38/><W43/><G60/><T78/><D78/><U72/><E100/><V13/><F64/><W54/><G77/><T97/><D97/><U9/><E72/><V51/><F51/><W14/><G79/><T41/><D41/><U52/><E53/><V85/><F84/><W66/><G66/><T6/><D27/><U124/><E75/><V10/><F67/><W99/><G54/><T111/><D15/><U128/><E83/><V116/><F131/><W57/><G44/><T24/><D24/><U59/><E128/><V62/><F62/><W40/><G25/><T118/><D118/><U21/><E52/><V104/><F104/><W103/><G40/><T126/><D126/><U86/><E124/><V61/><F61/><W105/><G43/><T71/><D71/><N who="3" m="27177" /><G57/><T47/><D47/><U31/><E95/><V90/><F76/><W48/><G105/><T55/><D55/><U82/><E93/><V119/><REACH who="2" step="1"/><F11/><REACH who="2" ten="113,283,175,419" step="2"/><W49/><G135/><T45/><D45/><U91/><E9/><V22/><F22/><W81/><G49/><T2/><D2/><RYUUKYOKU ba="0,1" sc="113,15,283,-15,175,15,419,-15" hai0="5,6,92,98,108,109,111" hai2="1,3,10,13,19,23,26,80,85,90,116,117,119" /><INIT seed="6,1,1,0,3,132" ten="128,268,190,404" oya="2" hai0="105,66,50,134,125,48,23,108,123,55,70,61,6" hai1="41,62,126,122,0,131,10,129,102,121,46,86,73" hai2="28,57,83,45,89,118,11,85,35,79,21,115,29" hai3="58,37,20,93,117,88,101,30,72,87,56,71,127"/><V39/><F115/><W15/><G71/><T112/><D105/><U95/><E73/><V12/><F35/><W47/><G117/><T68/><D6/><N who="1" m="1351" /><E62/><V64/><F118/><W8/><G72/><T19/><D123/><N who="1" m="47115" /><E126/><V40/><F21/><W82/><G47/><T44/><D108/><U42/><E42/><V14/><F14/><W133/><G37/><T80/><D134/><U124/><E124/><V111/><F111/><W60/><G60/><T2/><D2/><U36/><E86/><V65/><F57/><W24/><G127/><T104/><D104/><U77/><E77/><V100/><F100/><W128/><G128/><T97/><D125/><U53/><E53/><V5/><F79/><N who="3" m="46559" /><G101/><T34/><D34/><U18/><E18/><V43/><REACH who="2" step="1"/><F40/><REACH who="2" ten="128,268,180,404" step="2"/><W9/><G133/><T75/><D112/><U120/><N who="1" m="47123" /><U116/><DORA hai="67" /><E116/><V38/><F38/><W92/><G56/><T54/><D70/><U107/><E107/><V13/><F13/><W52/><G58/><T135/><D135/><U63/><E63/><V16/><F16/><W33/><G15/><T76/><D50/><U98/><AGARI ba="1,2" hai="36,41,46,95,98,102,129,131" m="47123,1351" machi="98" ten="50,1600,0" yaku="13,1" doraHai="132,67" who="1" fromWho="1" sc="128,-5,268,39,180,-9,404,-5" /><INIT seed="7,0,0,1,4,66" ten="123,307,171,399" oya="3" hai0="15,47,67,69,83,111,25,118,17,129,96,51,108" hai1="98,43,72,122,82,31,16,59,9,110,6,38,10" hai2="116,11,128,77,46,35,94,24,115,40,30,34,76" hai3="93,127,101,123,62,5,126,56,103,113,33,89,71"/><W54/><G123/><T13/><D118/><U57/><E110/><V95/><F116/><W41/><G113/><T78/><D25/><U107/><E122/><V32/><F115/><W58/><G71/><T104/><D15/><U99/><E31/><V36/><F128/><W18/><G41/><T65/><D65/><U106/><E72/><V92/><F11/><W19/><G5/><T39/><D39/><U29/><E82/><V112/><F112/><W91/><G33/><T73/><D129/><U52/><E29/><V120/><F120/><W22/><G91/><T3/><D3/><U109/><E109/><V119/><F119/><W131/><G58/><T27/><D27/><U42/><E52/><V37/><F37/><W21/><G21/><T135/><D135/><U90/><E90/><V53/><F53/><W102/><G22/><T1/><D1/><U88/><E88/><V7/><F7/><W60/><G60/><T68/><D67/><U2/><E38/><V132/><F132/><W80/><G80/><T4/><D4/><U125/><E6/><V75/><F77/><W20/><G20/><T105/><D111/><U48/><E48/><V64/><F64/><W74/><G74/><T8/><D108/><U14/><E2/><V87/><F35/><W134/><G134/><T86/><D73/><U50/><E50/><V28/><F75/><W63/><G63/><T45/><D45/><U133/><E133/><V26/><F34/><W70/><G62/><T84/><D84/><U117/><E117/><V23/><F32/><W100/><N who="3" m="25600" /><DORA hai="49" /><W12/><G131/><RYUUKYOKU ba="0,0" sc="123,0,307,0,171,0,399,0" owari="123,-38.0,307,11.0,171,-23.0,399,50.0" /></mjloggm>