<mjloggm ver="2.3"><GO type="225" lobby="0"/><UN n0="%E9%B3%B3%E6%9D%B1%E3%81%AE%E3%81%86%E3%81%95%E3%81%8E%E3%81%95%E3%82%93" n1="%E5%BE%80%E5%B9%B4%E3%81%AE%E3%82%B4%E3%83%AA%E3%83%A9" n2="%E8%88%B9%E8%A6%8B%E7%B5%90%E8%A1%A3%E3%81%A1%E3%82%83%E3%82%93" n3="%E3%83%94%E3%82%B3%E3%83%9E%E3%82%B9%E3%83%86%E3%82%A3%E3%83%95" dan="18,16,16,17" rate="2131.02,2080.30,2151.66,2181.45" sx="F,M,F,M"/><TAIKYOKU oya="0"/><INIT seed="0,0,0,0,3,87" ten="250,250,250,250" oya="0" hai0="6,129,125,36,57,20,42,3,111,114,33,50,81" hai1="100,22,83,15,134,105,132,43,117,45,34,64,108" hai2="101,103,65,44,107,0,63,84,128,29,86,82,10" hai3="12,102,66,46,53,14,95,110,124,121,2,75,94"/><T49/><D114/><U115/><E34/><V113/><F113/><W52/><G2/><T106/><D33/><U58/><E117/><V7/><F128/><W48/><G75/><T70/><D70/><U5/><E105/><V90/><F107/><W37/><G110/><T77/><D129/><U120/><E100/><V127/><F127/><W109/><G109/><T26/><D125/><U69/><E69/><V41/><F29/><W35/><G35/><T130/><D130/><U39/><E108/><V123/><F86/><W59/><G66/><T18/><D106/><U8/><E120/><V38/><REACH who="2" step="1"/><F123/><REACH who="2" ten="250,250,240,250" step="2"/><W9/><G124/><T133/><D111/><U25/><E115/><V71/><AGARI ba="0,1" hai="0,7,10,38,41,44,63,65,71,82,84,90,101,103" machi="71" ten="20,8000,1" yaku="1,1,2,1,0,1,7,1,52,1,53,0" doraHai="87" doraHaiUra="131" who="2" fromWho="2" sc="250,-40,250,-20,240,90,250,-20" /><INIT seed="1,0,0,4,1,42" ten="210,230,330,230" oya="1" hai0="49,26,133,87,30,19,112,91,70,57,53,20,129" hai1="55,59,85,44,61,94,24,14,2,43,127,39,113" hai2="99,9,78,31,47,89,102,46,82,126,21,11,74" hai3="98,135,18,84,116,110,124,58,62,16,36,10,92"/><U66/><E2/><V103/><F126/><W76/><G124/><T118/><D129/><U130/><BYE who="0" /><E127/><V37/><F89/><UN n0="%E9%B3%B3%E6%9D%B1%E3%81%AE%E3%81%86%E3%81%95%E3%81%8E%E3%81%95%E3%82%93" /><W40/><G110/><T93/><D133/><U72/><E72/><V104/><F102/><W100/><G135/><T131/><D131/><U108/><E130/><V105/><F105/><W4/><G116/><T121/><D112/><U97/><E113/><V5/><F37/><W35/><G35/><T50/><D118/><U120/><E120/><V123/><F123/><W101/><G101/><T0/><D70/><U125/><E125/><V71/><F71/><W33/><G33/><T107/><D107/><U122/><E122/><V12/><REACH who="2" step="1"/><F11/><REACH who="2" ten="210,230,320,230" step="2"/><W96/><G96/><T17/><D121/><U48/><E97/><V81/><F81/><W7/><G10/><T73/><D91/><U22/><E94/><V51/><F51/><W28/><G36/><T68/><D50/><U3/><E39/><V63/><F63/><W25/><G98/><T1/><D68/><U29/><E108/><V67/><F67/><W13/><G92/><T38/><D38/><U95/><E95/><V115/><F115/><W23/><G62/><T52/><D93/><U86/><E66/><V80/><F80/><W27/><G100/><T114/><D114/><U106/><E106/><V15/><F15/><W83/><G13/><T32/><D49/><U77/><E14/><V65/><F65/><W90/><G83/><T119/><D119/><U8/><E77/><V45/><F45/><W34/><G76/><T64/><D64/><U69/><E69/><V79/><F79/><RYUUKYOKU ba="0,1" sc="210,-15,230,15,320,15,230,-15" hai1="3,8,22,24,29,43,44,48,55,59,61,85,86" hai2="5,9,12,21,31,46,47,74,78,82,99,103,104" /><INIT seed="1,1,1,2,5,106" ten="195,245,335,215" oya="1" hai0="66,119,96,56,43,101,35,127,75,105,100,134,12" hai1="33,9,80,104,125,8,67,117,120,7,44,30,64" hai2="95,23,94,17,124,5,102,61,109,74,85,65,25" hai3="81,31,110,97,55,24,135,21,86,16,84,73,29"/><U131/><E104/><V2/><F74/><W98/><G110/><T36/><D119/><U19/><E117/><V3/><F109/><W51/><G135/><T103/><D134/><U118/><E118/><V128/><F128/><W107/><G73/><T22/><D35/><U14/><E120/><V20/><F124/><W0/><G0/><T126/><D75/><U82/><E131/><V57/><F5/><W40/><G40/><T70/><D70/><U113/><E113/><V132/><F132/><W91/><G86/><T32/><D32/><U89/><E44/><V59/><F59/><N who="3" m="33279" /><G107/><T38/><D66/><U92/><E67/><V42/><F42/><W79/><G91/><T52/><D101/><U18/><E64/><V39/><F39/><W87/><G87/><T62/><D103/><U99/><E125/><N who="0" m="47625" /><D43/><U130/><E130/><V27/><F94/><W71/><G71/><T63/><D63/><U93/><E33/><V76/><F76/><W10/><G29/><T78/><D78/><U123/><E30/><N who="2" m="17727" /><F85/><W116/><G116/><T15/><D15/><AGARI ba="1,1" hai="10,15,16,21,24,31,79,81,84,97,98" m="33279" machi="15" ten="30,2000,0" yaku="8,1,54,1" doraHai="106" who="3" fromWho="0" sc="195,-23,245,0,335,0,215,33" /><INIT seed="2,0,0,0,0,135" ten="172,245,335,248" oya="2" hai0="59,64,99,42,27,61,30,37,84,123,89,106,120" hai1="7,20,5,128,44,124,126,1,67,122,35,9,0" hai2="81,72,48,125,98,115,95,83,77,107,43,69,50" hai3="80,2,97,23,112,58,25,51,16,130,57,131,100"/><V82/><F69/><W60/><G2/><T11/><D11/><N who="1" m="2471" /><E128/><N who="3" m="49194" /><G112/><T132/><D132/><U134/><E134/><V113/><F48/><W18/><G51/><T85/><D42/><U32/><E44/><V104/><F50/><W73/><G18/><T46/><D46/><U117/><E67/><V3/><F43/><W22/><G22/><T33/><D37/><U14/><E117/><V90/><F3/><W62/><G73/><T49/><D49/><U15/><E122/><V34/><F34/><N who="1" m="12841" /><E20/><V54/><F54/><W21/><G80/><N who="2" m="30825" /><F115/><W109/><G23/><T12/><D120/><U68/><E68/><V111/><F113/><W127/><G109/><T133/><D133/><U88/><E88/><N who="2" m="55655" /><F111/><W91/><G58/><T79/><D123/><U78/><E78/><V45/><F45/><W66/><G60/><T55/><D79/><U118/><E118/><V53/><F53/><W75/><G75/><T31/><D55/><U92/><E92/><V17/><F17/><W87/><G62/><T119/><D119/><U76/><E76/><V101/><F101/><W86/><G57/><T6/><D59/><U28/><E28/><V65/><F65/><W93/><G66/><T108/><D30/><U26/><E26/><V116/><F116/><W103/><G103/><N who="0" m="62847" /><D108/><U102/><E102/><V70/><F70/><W110/><G110/><T96/><D64/><U129/><E129/><V4/><F77/><W52/><G52/><T71/><D71/><U114/><E114/><V63/><F72/><W19/><G100/><T10/><D61/><U105/><E105/><V121/><F104/><RYUUKYOKU ba="0,0" sc="172,15,245,15,335,-15,248,-15" hai0="6,10,12,27,31,33,84,85,89,96" hai1="1,7,9,14,15,124,126" /><INIT seed="3,1,0,5,5,131" ten="187,260,320,233" oya="3" hai0="82,118,33,109,96,55,24,90,31,53,133,26,128" hai1="62,104,9,0,124,54,39,66,105,92,76,47,10" hai2="112,8,113,94,78,64,40,15,81,70,110,126,19" hai3="75,120,111,49,52,56,6,102,72,88,34,46,41"/><W5/><G120/><T17/><D109/><U89/><E76/><V59/><F110/><W119/><G111/><T68/><D128/><U69/><E124/><V50/><F126/><W87/><G34/><T1/><D118/><U74/><E74/><V80/><F70/><W3/><G119/><T11/><D68/><U91/><E91/><V85/><F94/><W30/><G30/><T114/><D114/><U127/><E127/><V23/><F64/><W117/><G102/><T122/><D122/><U73/><E73/><V18/><F80/><W35/><G35/><T7/><D96/><U45/><E45/><V93/><F93/><N who="3" m="54431" /><G3/><T21/><D90/><U79/><E79/><V86/><F86/><W135/><G75/><T38/><D38/><U132/><E39/><V71/><F71/><W129/><G72/><T125/><D82/><U108/><E0/><V107/><F107/><W106/><G106/><T100/><D100/><U2/><E2/><V20/><F113/><W121/><G121/><T123/><D123/><U101/><E101/><V67/><F112/><W16/><G129/><T77/><D77/><U22/><E105/><V116/><F116/><W42/><G117/><T36/><D36/><U99/><E104/><V57/><F67/><W115/><G115/><T44/><D125/><U28/><E108/><V12/><F8/><W27/><G42/><T14/><D44/><AGARI ba="1,0" hai="12,15,18,19,20,23,40,44,50,57,59,78,81,85" machi="44" ten="40,2600,0" yaku="9,1,8,1" doraHai="131" who="2" fromWho="0" sc="187,-29,260,0,320,29,233,0" owari="158,-34.0,260,6.0,349,45.0,233,-17.0" /></mjloggm>