<mjloggm ver="2.3"><GO type="169" lobby="0"/><UN n0="%E3%81%B4%E3%81%8A%E3%81%B4%E3%81%8A%EF%BC%91%EF%BC%91" n1="%E6%B2%B3%E5%B6%8B%4B%4B" n2="%62%69%67%6D%6F%75%74%68" n3="%E5%8F%A4%E6%9C%AC" dan="18,19,16,16" rate="2316.55,2265.84,2074.61,2069.67" sx="M,M,M,M"/><TAIKYOKU oya="0"/><INIT seed="0,0,0,2,4,104" ten="250,250,250,250" oya="0" hai0="4,70,61,5,37,11,107,84,59,110,16,115,97" hai1="77,65,85,78,3,58,89,29,31,129,69,6,22" hai2="21,44,57,92,14,33,122,68,93,46,125,123,95" hai3="96,74,39,10,119,26,100,117,99,53,113,56,131"/><T114/><D37/><U108/><E69/><V23/><F33/><W76/><G113/><T12/><D70/><U38/><E38/><V66/><F68/><W9/><G39/><T102/><D110/><U64/><E108/><V2/><F2/><W41/><G41/><T79/><D79/><U75/><E3/><V94/><F125/><W30/><G99/><T71/><D71/><U63/><E6/><V40/><F14/><W48/><G131/><T98/><D84/><U86/><E129/><V49/><F46/><W91/><G91/><T25/><D98/><U133/><E133/><V73/><F73/><W1/><G1/><T51/><D51/><U116/><E116/><V118/><F118/><W28/><G28/><T43/><D43/><U60/><E89/><V55/><F66/><W124/><G124/><T34/><D5/><U127/><E22/><V62/><N who="2" m="23552" /><DORA hai="83" /><V81/><REACH who="2" step="1"/><F81/><REACH who="2" ten="250,250,240,250" step="2"/><W80/><G119/><T52/><REACH who="0" step="1"/><D4/><REACH who="0" ten="240,250,240,250" step="2"/><U13/><E127/><V47/><F47/><W0/><G117/><T54/><D54/><U67/><E67/><V42/><F42/><W105/><REACH who="3" step="1"/><G0/><REACH who="3" ten="240,250,240,240" step="2"/><T90/><D90/><U82/><E78/><V101/><F101/><W112/><G112/><T120/><D120/><AGARI ba="0,3" hai="21,23,40,44,49,55,57,62,120,122,123" m="23552" machi="120" ten="50,8000,1" yaku="1,1,53,3" doraHai="104,83" doraHaiUra="45,18" who="2" fromWho="0" sc="240,-80,250,0,240,110,240,0" /><INIT seed="1,0,0,0,3,29" ten="160,250,350,240" oya="1" hai0="112,51,31,50,80,73,42,57,7,41,115,96,86" hai1="21,117,124,59,106,53,111,78,15,114,16,23,24" hai2="0,43,95,55,79,39,81,128,20,76,38,98,82" hai3="83,135,84,123,5,125,54,61,120,121,87,91,119"/><U70/><E114/><V110/><F0/><W90/><G119/><T56/><D73/><U108/><E117/><V104/><F110/><W9/><G135/><T64/><D7/><U10/><E70/><V127/><F104/><W34/><G125/><T32/><D96/><U11/><E106/><V71/><F71/><W40/><G40/><T4/><D4/><U8/><E78/><V107/><F107/><W46/><G46/><T105/><D105/><U17/><REACH who="1" step="1"/><E124/><REACH who="1" ten="160,240,350,240" step="2"/><V101/><F127/><W25/><G123/><T116/><D116/><U88/><E88/><V37/><F79/><W102/><G91/><T58/><D112/><U66/><E66/><V69/><F69/><W85/><G90/><T26/><D64/><U36/><E36/><V27/><F76/><W28/><G121/><T13/><D115/><U67/><E67/><V94/><F39/><W12/><G120/><T77/><REACH who="0" step="1"/><D13/><REACH who="0" ten="150,240,350,240" step="2"/><U14/><E14/><V113/><F113/><W48/><G12/><T122/><D122/><U35/><E35/><V22/><F38/><W109/><G34/><T130/><D130/><U2/><E2/><V52/><F128/><W33/><G33/><T126/><D126/><U72/><E72/><V89/><F37/><W6/><G102/><T131/><D131/><U45/><E45/><V68/><F101/><W92/><G25/><T97/><D97/><U47/><E47/><V129/><F129/><W103/><G103/><T44/><D44/><U3/><E3/><V63/><F98/><W74/><G74/><T99/><D99/><U118/><E118/><V75/><F27/><RYUUKYOKU ba="0,2" sc="150,15,240,15,350,-15,240,-15" hai0="26,31,32,41,42,50,51,56,57,58,77,80,86" hai1="8,10,11,15,16,17,21,23,24,53,59,108,111" /><INIT seed="1,1,2,1,0,98" ten="165,255,335,225" oya="1" hai0="56,89,125,84,124,71,122,38,37,65,79,12,53" hai1="104,57,10,90,52,59,123,3,1,74,11,51,107" hai2="70,97,40,115,22,34,76,67,66,7,111,23,6" hai3="130,118,14,17,110,61,48,85,128,64,63,102,15"/><U5/><E123/><V27/><F34/><W55/><G110/><T31/><D79/><U73/><E90/><V30/><F111/><W33/><G33/><T99/><D122/><U92/><E92/><V106/><F115/><W72/><G72/><T16/><D31/><U29/><E29/><V126/><F126/><N who="0" m="48746" /><D65/><U24/><E24/><V109/><F109/><W19/><G85/><T47/><D47/><U133/><E133/><V62/><F67/><W45/><G118/><T8/><D71/><U81/><E81/><V44/><F76/><W36/><G36/><T86/><D99/><U100/><E100/><V39/><REACH who="2" step="1"/><F23/><REACH who="2" ten="165,255,325,225" step="2"/><W58/><G64/><T135/><D135/><U93/><E74/><V83/><F83/><W4/><G130/><T54/><D86/><U41/><E73/><V82/><F82/><W50/><G128/><T43/><D43/><U117/><E41/><V114/><F114/><W78/><G78/><T32/><D32/><U13/><E117/><V113/><F113/><W134/><G134/><T75/><D75/><U105/><E11/><V2/><F2/><W116/><G116/><T88/><D54/><U87/><E87/><V35/><F35/><W94/><G55/><T26/><D84/><U112/><E112/><V25/><F25/><W46/><G15/><T119/><D26/><U129/><E129/><V121/><F121/><W28/><G14/><T120/><D120/><U108/><E108/><V101/><AGARI ba="1,3" hai="6,7,22,27,30,39,40,44,62,66,70,97,101,106" machi="101" ten="30,4000,0" yaku="1,1,0,1,52,1,53,0" doraHai="98" doraHaiUra="131" who="2" fromWho="2" sc="165,-11,255,-21,325,73,225,-11" /><INIT seed="2,0,0,1,5,25" ten="154,234,398,214" oya="2" hai0="56,122,60,87,68,91,12,73,51,23,103,0,107" hai1="126,67,98,45,57,100,127,21,4,80,84,120,38" hai2="86,131,62,54,112,96,64,46,108,18,5,110,55" hai3="8,19,59,40,63,53,7,128,31,70,42,9,29"/><V85/><F112/><W13/><G70/><T102/><D0/><U61/><E120/><V89/><F131/><W88/><G128/><T2/><D2/><U101/><E4/><V74/><F74/><W6/><G19/><T119/><D73/><U75/><E75/><V123/><F123/><W58/><G58/><T1/><D1/><U81/><E81/><V93/><F5/><W24/><G24/><T30/><D122/><U114/><E114/><V90/><F18/><W134/><G134/><T111/><D111/><N who="2" m="42538" /><F46/><W36/><G36/><T77/><D77/><U76/><E21/><V11/><F11/><W99/><G42/><T66/><D107/><U117/><E117/><V3/><F3/><W26/><G26/><T95/><D119/><U41/><REACH who="1" step="1"/><E101/><REACH who="1" ten="154,224,398,214" step="2"/><V109/><F109/><W125/><G7/><T33/><D23/><U106/><AGARI ba="0,1" hai="38,41,45,57,61,67,76,80,84,98,100,106,126,127" machi="106" ten="30,4000,0" yaku="1,1,2,1,0,1,53,0" doraHai="25" doraHaiUra="47" who="1" fromWho="1" sc="154,-10,224,50,398,-20,214,-10" /><INIT seed="3,0,0,4,3,39" ten="144,274,378,204" oya="3" hai0="15,122,16,32,111,118,135,63,7,93,9,2,116" hai1="46,132,20,129,36,52,74,67,101,23,68,4,28" hai2="61,66,91,44,94,54,40,62,98,55,84,76,53" hai3="95,82,45,69,19,103,86,78,60,100,30,125,48"/><W57/><G69/><T89/><D122/><U90/><E74/><V37/><REACH who="2" step="1"/><F66/><REACH who="2" ten="144,274,368,204" step="2"/><N who="3" m="39183" /><G125/><T27/><D111/><U50/><E67/><V97/><F97/><N who="3" m="59455" /><G30/><T38/><D135/><U41/><E28/><V128/><F128/><W123/><G123/><T96/><D116/><U72/><E129/><V24/><F24/><W1/><G1/><T83/><D118/><U107/><E132/><V102/><F102/><W25/><G103/><T58/><D27/><U43/><E101/><V79/><F79/><W56/><G25/><T85/><D32/><U13/><E107/><V80/><AGARI ba="0,1" hai="37,40,44,53,54,55,61,62,76,80,84,91,94,98" machi="80" ten="30,7900,0" yaku="21,2,0,1,52,1,53,0" doraHai="39" doraHaiUra="26" who="2" fromWho="2" sc="144,-20,274,-20,368,89,204,-39" /><INIT seed="4,0,0,0,0,122" ten="124,254,457,165" oya="0" hai0="21,43,78,73,19,22,110,74,41,36,7,101,59" hai1="49,30,62,56,123,117,60,125,54,29,97,80,57" hai2="9,13,27,114,42,26,28,133,61,86,34,82,106" hai3="51,87,1,84,17,105,90,127,115,113,14,107,130"/><T20/><D7/><U99/><E123/><V2/><F106/><W47/><G1/><T53/><D101/><U31/><E117/><V16/><F42/><N who="3" m="25079" /><G127/><T134/><D134/><U12/><E125/><V32/><F133/><W109/><G130/><T77/><D19/><U98/><E80/><V69/><F114/><N who="3" m="43531" /><G87/><T103/><D103/><U4/><E57/><V116/><F116/><W8/><G109/><T66/><D66/><U128/><E128/><V111/><F111/><W100/><G100/><T15/><D15/><U88/><E88/><V124/><F124/><W131/><G131/><T3/><D3/><U0/><E0/><V104/><F104/><W55/><G55/><T112/><D112/><U76/><E76/><V35/><F2/><W71/><G71/><T129/><D129/><U96/><E96/><V58/><F69/><W48/><G48/><T126/><D126/><U92/><E92/><AGARI ba="0,0" hai="8,14,17,84,90,92,105,107" m="43531,25079" machi="92" ten="30,1000,0" yaku="15,1" doraHai="122" who="3" fromWho="1" sc="124,0,254,-10,457,0,165,10" /><INIT seed="5,0,0,5,5,124" ten="124,244,457,175" oya="1" hai0="92,0,42,79,128,19,16,66,105,29,77,15,11" hai1="33,31,120,69,113,35,55,73,34,24,127,40,45" hai2="116,135,60,93,5,123,56,53,133,111,49,126,101" hai3="108,14,118,52,107,63,110,46,62,86,32,18,23"/><U96/><E120/><V26/><F123/><W104/><G32/><T20/><D105/><U91/><E127/><V68/><F126/><W64/><G118/><T54/><D29/><U70/><E113/><V28/><F116/><W37/><G104/><T95/><D66/><U85/><E73/><V7/><F111/><W82/><G107/><T129/><D42/><U25/><E96/><V61/><F61/><W47/><G37/><T78/><D54/><U121/><E55/><V103/><F7/><W36/><G36/><T2/><D2/><U99/><E99/><V17/><F5/><W3/><G3/><T44/><D44/><U10/><E10/><V97/><F17/><W83/><G83/><T130/><D0/><U65/><E121/><V50/><F103/><W4/><G4/><T84/><D84/><U59/><E59/><V8/><F8/><W100/><G100/><T27/><AGARI ba="0,0" hai="11,15,16,19,20,27,77,78,79,92,95,128,129,130" machi="27" ten="40,12000,2" yaku="0,1,19,1,52,3,54,1" doraHai="124" who="0" fromWho="0" sc="124,120,244,-60,457,-30,175,-30" /><INIT seed="6,0,0,5,1,31" ten="244,184,427,145" oya="2" hai0="75,24,77,104,93,68,84,49,128,41,1,129,91" hai1="80,107,72,88,67,69,112,132,92,53,47,78,66" hai2="123,108,54,115,83,62,114,86,130,127,103,21,33" hai3="4,23,39,131,50,37,113,6,134,65,55,11,19"/><V36/><F123/><W121/><G121/><T82/><D68/><U26/><E112/><N who="2" m="43051" /><F36/><W12/><G113/><T81/><D1/><U43/><E132/><V29/><F130/><N who="0" m="50282" /><D104/><U42/><E107/><V111/><F127/><W105/><G105/><T122/><D122/><U89/><E69/><V94/><F21/><W116/><G131/><T15/><D15/><U46/><E53/><V96/><F62/><W118/><G65/><T70/><D70/><U28/><E47/><V38/><F54/><W7/><G11/><T0/><D0/><U124/><E89/><N who="2" m="51423" /><F38/><W85/><G134/><T44/><D24/><AGARI ba="0,0" hai="24,29,33,94,96,103,108,111" m="51423,43051" machi="24" ten="30,2900,0" yaku="15,1,52,1" doraHai="31" who="2" fromWho="0" sc="244,-29,184,0,427,29,145,0" /><INIT seed="6,1,0,1,5,129" ten="215,184,456,145" oya="2" hai0="7,34,79,15,98,13,125,92,91,10,53,59,78" hai1="90,49,3,41,103,25,26,126,75,23,109,100,38" hai2="131,57,9,54,120,70,61,133,37,52,104,64,127" hai3="130,16,14,80,31,67,0,117,44,21,95,99,72"/><V6/><F120/><W42/><G117/><T8/><D125/><U113/><E109/><V135/><F127/><W11/><G130/><T19/><REACH who="0" step="1"/><D34/><REACH who="0" ten="205,184,456,145" step="2"/><U58/><E126/><V18/><F131/><W112/><G112/><T48/><AGARI ba="1,1" hai="7,8,10,13,15,19,48,53,59,78,79,91,92,98" machi="48" ten="20,12000,2" yaku="1,1,2,1,0,1,7,1,8,1,53,1" doraHai="129" doraHaiUra="87" who="0" fromWho="0" sc="205,133,184,-31,456,-61,145,-31" /><INIT seed="7,0,0,2,3,88" ten="338,153,395,114" oya="3" hai0="39,76,2,60,19,13,91,31,3,78,101,29,134" hai1="80,127,53,67,132,57,16,7,75,70,82,117,85" hai2="71,36,65,20,109,90,121,56,96,133,51,122,93" hai3="84,26,25,111,10,34,77,105,48,4,54,8,95"/><W87/><G105/><T33/><D39/><U83/><E75/><V1/><F109/><W37/><G37/><T128/><D128/><U94/><E7/><V73/><F73/><W9/><G111/><T79/><D134/><U131/><E132/><V59/><F36/><W112/><G112/><T0/><D101/><U49/><E131/><V99/><F1/><W116/><G116/><T97/><D60/><U58/><E70/><V18/><F99/><W17/><G34/><T69/><D69/><U114/><E127/><V129/><F129/><W68/><G68/><T64/><D64/><U41/><E41/><V123/><F133/><W98/><G4/><T126/><D126/><U6/><E6/><V124/><F124/><W35/><G35/><T23/><REACH who="0" step="1"/><D33/><REACH who="0" ten="328,153,395,114" step="2"/><U27/><E67/><V107/><F71/><W47/><G77/><T110/><D110/><U42/><E117/><V106/><F65/><W89/><REACH who="3" step="1"/><G26/><REACH who="3" ten="328,153,395,104" step="2"/><T50/><D50/><U108/><E27/><N who="2" m="14743" /><F51/><W130/><G130/><T11/><D11/><U102/><E108/><V62/><F123/><W21/><AGARI ba="0,2" hai="8,9,10,17,21,25,47,48,54,84,87,89,95,98" machi="21" ten="30,11700,0" yaku="1,1,0,1,8,1,52,1,53,0" doraHai="88" doraHaiUra="115" who="3" fromWho="3" sc="328,-39,153,-39,395,-39,104,137" /><INIT seed="7,1,0,5,1,46" ten="289,114,356,241" oya="3" hai0="84,123,27,10,42,78,13,102,4,25,3,127,65" hai1="21,124,2,51,73,114,75,92,76,97,100,63,93" hai2="49,108,56,106,112,117,0,5,120,44,24,118,85" hai3="43,41,48,40,86,59,54,135,18,11,81,53,95"/><W7/><G135/><T131/><D123/><U98/><E2/><V1/><F108/><W126/><G126/><T91/><D127/><U129/><E124/><V50/><F106/><W9/><G18/><T57/><D131/><U29/><E129/><V72/><F72/><W115/><G95/><T99/><D78/><U8/><E114/><V45/><F112/><W110/><G115/><T15/><D42/><U61/><E76/><V33/><F120/><W122/><G110/><T71/><D71/><U89/><E8/><V111/><F111/><W119/><G122/><T60/><D3/><U77/><E77/><V83/><F56/><N who="3" m="32807" /><G7/><T104/><REACH who="0" step="1"/><D15/><REACH who="0" ten="279,114,356,241" step="2"/><U19/><E75/><V69/><F69/><W79/><G119/><T87/><D87/><U22/><E73/><V113/><F113/><W134/><G134/><T133/><D133/><U109/><E109/><V66/><F85/><W23/><G23/><T132/><D132/><U62/><E29/><V39/><F1/><W74/><G74/><T20/><D20/><U107/><E107/><V37/><F0/><W90/><G79/><T36/><D36/><U35/><E35/><V32/><F39/><W88/><G90/><T28/><D28/><U130/><E130/><V34/><F37/><W128/><G128/><T96/><D96/><U38/><E38/><V116/><F33/><W80/><G81/><AGARI ba="1,1" hai="4,10,13,25,27,57,60,65,81,84,91,99,102,104" machi="81" ten="30,3900,0" yaku="1,1,7,1,53,1" doraHai="46" doraHaiUra="101" who="0" fromWho="3" sc="279,52,114,0,356,0,241,-42" owari="331,13.0,114,-39.0,356,46.0,199,-20.0" /></mjloggm>