<mjloggm ver="2.3"><GO type="185" lobby="0"/><UN n0="%E3%82%B3%E3%82%B3%E3%82%A2%E3%81%AF%E4%BF%BA%E3%81%AE%E5%AB%81" n1="%E3%81%82%E3%81%96%E3%81%B6" n2="%70%6F%6E%5F%6B%61%73%75" n3="" dan="17,17,16,0" rate="2202.22,2258.23,2144.00,1500.00" sx="F,M,M,C"/><TAIKYOKU oya="0"/><INIT seed="0,0,0,4,1,92" ten="350,350,350,0" oya="0" hai0="127,103,2,105,57,77,63,44,81,121,79,110,91" hai1="46,83,122,95,89,124,94,109,33,40,100,58,107" hai2="75,52,90,36,97,43,115,65,3,101,53,119,117" hai3=""/><T120/><N who="0" m="30752" /><T50/><N who="0" m="31008" /><T49/><D2/><U59/><N who="1" m="31264" /><U45/><E33/><V126/><F115/><T68/><D127/><U104/><E83/><V102/><F75/><T62/><D68/><U61/><E89/><V85/><F101/><T80/><D110/><U56/><E109/><V99/><F126/><T82/><D105/><U70/><E58/><V51/><F102/><T106/><D106/><U47/><E47/><V78/><F78/><T67/><D103/><U48/><E100/><V32/><F65/><T93/><D63/><U34/><E34/><V125/><F53/><T123/><N who="0" m="31520" /><T111/><D111/><U1/><E124/><V108/><F3/><T133/><D133/><U55/><E70/><V128/><F32/><T42/><REACH who="0" step="1"/><D50/><REACH who="0" ten="340,350,350,0" step="2"/><U35/><E35/><V0/><F0/><T71/><D71/><U76/><E48/><V66/><F125/><T86/><AGARI ba="0,1" hai="42,44,49,57,62,67,77,79,80,81,82,86,91,93" m="31520,31008,30752" machi="86" ten="30,16000,3" yaku="1,1,0,1,8,1,52,3,53,2" doraHai="92" doraHaiUra="73" who="0" fromWho="0" sc="340,170,350,-80,350,-80,0,0" /><INIT seed="0,1,0,4,4,74" ten="510,270,270,0" oya="0" hai0="42,59,61,37,98,33,106,102,44,104,113,35,114" hai1="68,112,127,117,72,0,122,115,80,39,107,125,70" hai2="135,119,56,49,32,126,78,83,40,99,84,67,45" hai3=""/><T46/><D106/><U124/><RYUUKYOKU type="yao9" ba="1,0" sc="510,0,270,0,270,0,0,0" hai1="0,39,68,70,72,80,107,112,115,117,122,124,125,127" /><INIT seed="0,2,0,1,1,81" ten="510,270,270,0" oya="0" hai0="62,47,86,126,94,33,106,55,118,87,78,100,79" hai1="77,89,35,97,64,74,95,84,52,85,57,38,54" hai2="93,75,65,99,40,0,61,71,50,72,110,132,134" hai3=""/><T101/><D118/><U103/><E35/><V36/><F110/><T113/><D113/><U41/><E74/><V2/><F36/><T128/><D128/><U111/><E111/><V58/><F75/><T46/><D33/><U125/><E125/><V56/><F72/><T69/><D126/><U112/><E112/><V130/><F130/><T98/><D69/><U60/><E38/><V45/><F58/><T91/><D101/><U102/><E41/><V127/><F127/><T34/><D34/><U63/><E77/><V44/><F44/><T82/><REACH who="0" step="1"/><D79/><REACH who="0" ten="500,270,270,0" step="2"/><U120/><N who="1" m="30752" /><U88/><E102/><V68/><F71/><T53/><D53/><N who="1" m="20587" /><E63/><V133/><F68/><T51/><D51/><U121/><N who="1" m="31008" /><U59/><E59/><AGARI ba="2,1" hai="46,47,55,59,62,78,82,86,87,91,94,98,100,106" machi="59" ten="40,7700,0" yaku="1,1,52,2,53,0" doraHai="81" doraHaiUra="119" who="0" fromWho="1" sc="500,91,270,-81,270,0,0,0" /><INIT seed="0,3,0,5,4,113" ten="591,189,270,0" oya="0" hai0="114,65,81,40,59,109,94,96,116,48,126,80,55" hai1="42,68,97,76,56,41,86,67,89,44,69,74,105" hai2="77,128,100,102,51,115,70,118,85,45,98,134,135" hai3=""/><T90/><D114/><U107/><E42/><V88/><F128/><T61/><D126/><U33/><E33/><V123/><N who="2" m="31520" /><V72/><F70/><T111/><D116/><U3/><E3/><V92/><F115/><T101/><D40/><U75/><E76/><V117/><F77/><T32/><D32/><U131/><E131/><V112/><F72/><T2/><D2/><U110/><E110/><N who="0" m="41993" /><D101/><N who="2" m="39018" /><F85/><T43/><D43/><U127/><E41/><V39/><F39/><T57/><AGARI ba="3,0" hai="48,55,57,59,61,65,80,81,90,94,96" m="41993" machi="57" ten="30,2000,0" yaku="14,1,10,1" doraHai="113" who="0" fromWho="0" sc="591,26,189,-13,270,-13,0,0" /><INIT seed="0,4,0,3,1,80" ten="617,176,257,0" oya="0" hai0="32,60,38,115,0,116,65,108,92,118,73,62,122" hai1="45,124,44,106,129,39,53,54,49,98,55,58,37" hai2="134,40,52,94,77,83,3,109,69,57,34,133,89" hai3=""/><T33/><N who="0" m="31264" /><T126/><D0/><U47/><E106/><V64/><F109/><T56/><D115/><U84/><E98/><V76/><F34/><T102/><D108/><U96/><E96/><V112/><F40/><T66/><D73/><U117/><E117/><V85/><F64/><T119/><D126/><U42/><E124/><V86/><F69/><T107/><D38/><N who="1" m="14347" /><E84/><V35/><F35/><T2/><D107/><U68/><E68/><V99/><F112/><T46/><D2/><U95/><E95/><V97/><F3/><T74/><D74/><U87/><E87/><V67/><F67/><T120/><N who="0" m="30752" /><T51/><D92/><U125/><E125/><V123/><N who="2" m="31520" /><V63/><F99/><T131/><D131/><U111/><E129/><V128/><F128/><T78/><D102/><U127/><E127/><V82/><AGARI ba="4,0" hai="52,57,63,76,77,82,83,85,86,89,94,97,133,134" m="31520" machi="82" ten="30,9000,2" yaku="0,1,9,1,52,3,54,1" doraHai="80" who="2" fromWho="2" sc="617,-64,176,-34,257,98,0,0" /><INIT seed="1,0,0,2,0,128" ten="553,142,355,0" oya="1" hai0="111,115,134,59,78,108,35,52,65,106,96,41,37" hai1="127,58,103,120,0,130,101,3,81,80,110,77,39" hai2="126,70,46,85,2,42,44,91,51,94,122,104,34" hai3=""/><U95/><N who="1" m="30752" /><U116/><E116/><V74/><N who="2" m="31264" /><V112/><F2/><T45/><D115/><U32/><E32/><V117/><F112/><T82/><D35/><U56/><E39/><V76/><F70/><T105/><D65/><U61/><E130/><V83/><F126/><T33/><D33/><U63/><E95/><V114/><F114/><T38/><D38/><U66/><E77/><V100/><F34/><T55/><D134/><U60/><E60/><V98/><F46/><T113/><D113/><U49/><E49/><V1/><F1/><T84/><D55/><U121/><N who="1" m="31008" /><U89/><E89/><V54/><F117/><T125/><D125/><U40/><E127/><V62/><F62/><T118/><D118/><U97/><E97/><V50/><F50/><T71/><D71/><U92/><E92/><V99/><F99/><T79/><D79/><U107/><E66/><V47/><F47/><T102/><REACH who="0" step="1"/><D106/><REACH who="0" ten="543,142,355,0" step="2"/><U68/><E68/><V64/><REACH who="2" step="1"/><F64/><REACH who="2" ten="543,142,345,0" step="2"/><T36/><D36/><U67/><E67/><V69/><F69/><T131/><D131/><U88/><E107/><V109/><F109/><T135/><D135/><U123/><N who="1" m="31520" /><U119/><E110/><V73/><F73/><T133/><D133/><RYUUKYOKU ba="0,2" sc="543,10,142,-20,345,10,0,0" hai0="37,41,45,52,59,78,82,84,96,102,105,108,111" hai2="42,44,51,54,74,76,83,85,91,94,98,100,104" /><INIT seed="2,1,2,5,1,111" ten="553,122,355,0" oya="2" hai0="108,33,35,74,3,44,110,89,82,128,1,48,45" hai1="52,57,46,130,56,116,80,34,125,86,65,97,61" hai2="39,32,96,121,124,43,36,106,37,93,91,118,107" hai3=""/><V66/><N who="2" m="31008" /><V64/><F32/><T53/><D128/><U54/><E34/><V95/><F118/><T67/><D35/><U104/><E116/><V112/><F112/><T68/><D33/><U90/><E130/><V105/><F124/><T87/><D74/><U69/><E125/><V115/><F115/><T131/><D131/><U114/><E114/><V134/><F134/><T100/><D100/><U59/><E104/><V92/><F43/><T76/><D45/><U2/><E2/><V113/><F113/><T120/><N who="0" m="30752" /><T75/><D67/><U109/><E109/><N who="0" m="42089" /><D68/><U122/><N who="1" m="31264" /><U71/><E71/><V77/><F77/><T73/><D73/><U40/><REACH who="1" step="1"/><E97/><REACH who="1" ten="553,112,355,0" step="2"/><V58/><F96/><T63/><D63/><U47/><E47/><V126/><F126/><T88/><D89/><U123/><N who="1" m="31520" /><U62/><E62/><V132/><F91/><T101/><D101/><U78/><E78/><V135/><F135/><T41/><D1/><U129/><E129/><V103/><F103/><T81/><D3/><U42/><E42/><AGARI ba="1,3" hai="41,42,44,48,53,75,76,81,82,87,88" m="42089,30752" machi="42" ten="30,3900,0" yaku="14,1,52,1,54,1" doraHai="111" who="0" fromWho="1" sc="553,71,112,-41,355,0,0,0" /><INIT seed="4,0,0,4,1,89" ten="624,71,355,0" oya="0" hai0="51,124,81,65,85,66,90,50,62,2,61,77,71" hai1="134,133,118,52,108,78,93,135,117,91,68,83,97" hai2="74,43,1,129,122,48,39,131,111,119,3,72,76" hai3=""/><T32/><D32/><U92/><E68/><V60/><N who="2" m="31264" /><V112/><F111/><T95/><D2/><U86/><E52/><V126/><F112/><T123/><N who="0" m="31520" /><T47/><D124/><U55/><E55/><V70/><F119/><T69/><REACH who="0" step="1"/><D47/><REACH who="0" ten="614,71,355,0" step="2"/><U37/><E37/><V114/><F126/><T49/><D49/><U105/><E108/><V80/><F1/><T102/><D102/><U40/><E40/><V116/><F3/><T87/><AGARI ba="0,1" hai="50,51,61,62,65,66,69,71,77,81,85,87,90,95" m="31520" machi="87" ten="20,16000,3" yaku="1,1,0,1,7,1,9,1,52,2,53,2" doraHai="89" doraHaiUra="63" who="0" fromWho="0" sc="614,170,71,-80,355,-80,0,0" owari="784,73.0,-9,-61.0,275,-12.0,0,0.0" /></mjloggm>