<mjloggm ver="2.3"><GO type="169" lobby="0"/><UN n0="%E3%81%8A%E7%9F%A5%E3%82%89%E3%81%9B" n1="%E3%81%9F%E3%81%8B%E3%81%A3%E3%81%A6%E3%81%83%E3%83%BC" n2="%E3%83%9E%E3%83%8A%E3%83%96%E9%9B%B6" n3="%E4%BB%8A%E6%97%A5%E4%B8%80" dan="19,17,16,16" rate="2316.55,2214.95,2133.29,2058.21" sx="M,F,M,F"/><TAIKYOKU oya="0"/><INIT seed="0,0,0,3,2,131" ten="250,250,250,250" oya="0" hai0="0,87,110,89,125,122,126,24,7,83,73,19,38" hai1="33,57,64,29,6,109,26,60,113,59,129,105,74" hai2="25,23,127,75,16,93,35,111,130,51,46,68,65" hai3="77,3,67,27,91,45,2,4,47,108,121,92,39"/><T98/><D122/><U10/><E74/><V97/><F130/><W15/><G121/><T52/><D38/><U43/><E129/><V84/><F75/><W95/><G77/><T71/><D71/><U30/><E105/><V49/><F111/><W106/><G106/><T70/><D70/><U55/><E109/><V116/><F127/><W86/><G67/><T101/><D110/><U18/><E113/><V66/><F116/><W72/><G72/><T21/><D73/><U123/><E123/><V115/><F115/><W118/><G15/><T40/><D40/><U58/><E43/><V114/><F114/><W50/><G118/><T99/><D0/><U85/><E30/><V53/><F35/><W135/><G39/><T20/><D7/><U11/><E18/><V22/><F68/><W79/><G79/><T120/><D120/><U34/><E34/><V104/><F104/><W124/><G47/><T8/><D8/><U134/><E11/><V96/><F51/><W81/><G124/><N who="0" m="47723" /><D101/><U90/><E64/><N who="2" m="24683" /><F22/><W107/><G4/><T31/><D52/><U94/><E134/><V17/><F17/><W63/><G135/><T14/><AGARI ba="0,0" hai="14,19,20,21,24,31,83,87,89,98,99" m="47723" machi="14" ten="30,1500,0" yaku="18,1" doraHai="131" who="0" fromWho="0" sc="250,15,250,-5,250,-5,250,-5" /><INIT seed="0,1,0,3,3,64" ten="265,245,245,245" oya="0" hai0="89,10,16,49,17,86,27,72,135,98,34,54,110" hai1="35,26,102,78,91,120,63,43,70,32,69,96,33" hai2="58,0,11,66,74,24,55,22,111,15,31,99,28" hai3="131,97,13,56,113,6,126,79,132,48,2,9,119"/><T20/><D72/><U19/><E120/><V130/><F74/><W71/><G119/><T75/><D75/><U127/><E78/><V128/><F111/><W59/><G113/><T37/><D37/><U114/><E114/><V12/><F99/><W8/><G79/><T101/><D135/><U41/><E91/><V129/><F66/><W122/><G132/><T124/><D124/><U67/><E127/><V94/><F94/><W73/><G73/><T93/><D34/><U106/><REACH who="1" step="1"/><E70/><REACH who="1" ten="265,235,245,245" step="2"/><V104/><F104/><W30/><G71/><T46/><D110/><U116/><E116/><V100/><F100/><W65/><G122/><T108/><D108/><U60/><E60/><V42/><F129/><W5/><G131/><T14/><REACH who="0" step="1"/><D101/><REACH who="0" ten="255,235,245,245" step="2"/><U77/><E77/><V109/><F130/><W62/><G126/><T21/><D21/><AGARI ba="1,2" hai="19,21,26,32,33,35,41,43,63,67,69,96,102,106" machi="21" ten="40,2600,0" yaku="1,1,52,1,53,0" doraHai="64" doraHaiUra="76" who="1" fromWho="0" sc="255,-29,235,49,245,0,245,0" /><INIT seed="1,0,0,1,1,122" ten="226,284,245,245" oya="1" hai0="69,51,32,116,52,11,111,33,47,90,123,39,115" hai1="78,121,29,117,119,128,81,23,55,77,107,89,104" hai2="132,125,45,0,18,34,82,86,83,22,97,54,76" hai3="16,66,24,62,103,40,17,43,92,53,71,106,28"/><U113/><E29/><V67/><F34/><W9/><G92/><T10/><D115/><U14/><E23/><V80/><F0/><W100/><G53/><T84/><D116/><U85/><E14/><V58/><F132/><W68/><G68/><T27/><D69/><U91/><E55/><V127/><F97/><W120/><G100/><T93/><D123/><U118/><E121/><V101/><F101/><W126/><G126/><N who="2" m="48137" /><F45/><W35/><G120/><T79/><D111/><U108/><E113/><V42/><F67/><W102/><G102/><T19/><D39/><U134/><E134/><V46/><F46/><W65/><G65/><T50/><D79/><N who="1" m="30219" /><E128/><V96/><F96/><N who="3" m="61799" /><G9/><T41/><D33/><U13/><E13/><N who="2" m="9551" /><F42/><AGARI ba="0,0" hai="16,17,24,28,35,40,42,43,62,66,71" m="61799" machi="42" ten="30,2000,0" yaku="25,1,54,1" doraHai="122" who="3" fromWho="2" sc="226,0,284,0,245,-20,245,20" /><INIT seed="2,0,0,3,1,98" ten="226,284,225,265" oya="2" hai0="11,115,35,6,93,57,66,38,108,67,3,87,83" hai1="61,116,86,97,64,39,18,63,56,132,130,119,113" hai2="41,124,91,9,100,76,43,0,82,60,37,94,50" hai3="15,103,106,127,16,134,62,1,74,45,107,84,2"/><V118/><F118/><W133/><G74/><T89/><D115/><U28/><E113/><V12/><F124/><W79/><G127/><T47/><D108/><U49/><E39/><V8/><F37/><W70/><G45/><T109/><D109/><U21/><E130/><V72/><F60/><W90/><G79/><T31/><D35/><U17/><E132/><N who="3" m="50794" /><G62/><T30/><D57/><U104/><E28/><V88/><F0/><N who="3" m="107" /><G103/><T111/><D111/><U121/><E121/><V55/><F43/><W68/><G106/><T69/><D69/><U129/><E129/><V128/><F41/><W26/><G26/><T52/><D38/><U48/><E48/><V71/><F71/><W92/><G107/><T5/><D5/><U102/><E49/><V125/><F125/><W36/><G36/><T105/><D105/><U73/><E73/><V117/><F117/><W32/><G32/><T78/><D66/><U53/><E86/><N who="2" m="48455" /><F128/><W126/><G126/><T54/><D67/><U65/><E65/><V120/><F120/><W77/><G77/><T19/><D47/><U20/><E64/><V44/><F72/><W80/><G80/><T135/><D135/><U25/><REACH who="1" step="1"/><E63/><REACH who="1" ten="226,274,225,265" step="2"/><V14/><F14/><AGARI ba="0,1" hai="14,17,18,20,21,25,53,56,61,97,102,104,116,119" machi="14" ten="30,8000,1" yaku="1,1,2,1,7,1,52,1,53,1" doraHai="98" doraHaiUra="95" who="1" fromWho="2" sc="226,0,274,90,225,-80,265,0" /><INIT seed="3,0,0,1,3,31" ten="226,364,145,265" oya="3" hai0="98,116,39,119,56,76,55,35,80,102,19,37,44" hai1="131,88,133,104,61,93,86,81,127,106,53,59,94" hai2="77,36,114,7,121,11,63,108,28,20,42,49,100" hai3="18,92,72,3,109,29,8,128,130,57,71,74,21"/><W13/><G71/><T14/><D44/><U124/><E131/><N who="3" m="50218" /><G109/><T1/><D1/><U113/><E113/><V132/><F114/><W115/><G115/><T45/><D45/><U10/><E133/><V34/><F49/><W67/><G92/><N who="1" m="35434" /><E10/><V126/><F20/><W82/><G82/><T123/><D123/><U99/><E99/><V101/><F126/><AGARI ba="0,0" hai="53,59,61,81,86,88,104,106,124,126,127" m="35434" machi="126" ten="30,2000,0" yaku="18,1,54,1" doraHai="31" who="1" fromWho="2" sc="226,0,364,20,145,-20,265,0" /><INIT seed="4,0,0,0,1,44" ten="226,384,125,265" oya="0" hai0="99,24,114,77,73,113,116,76,120,6,98,135,35" hai1="122,90,30,125,97,134,102,11,59,64,87,21,110" hai2="57,132,31,61,108,32,100,2,3,49,63,1,56" hai3="13,72,91,45,133,42,52,36,4,74,107,29,75"/><T16/><D120/><U121/><E110/><V130/><F108/><W85/><G107/><T80/><D116/><U48/><E125/><V124/><F132/><W65/><G65/><T117/><D117/><U51/><E11/><V54/><F124/><W33/><G133/><T115/><D135/><U46/><E134/><V105/><F130/><W129/><G129/><T37/><D37/><U9/><E9/><V128/><F128/><W70/><G70/><T126/><D126/><U118/><E118/><V19/><F19/><W27/><G13/><T88/><D6/><U95/><E30/><V26/><REACH who="2" step="1"/><F57/><REACH who="2" ten="226,384,115,265" step="2"/><W41/><G4/><T101/><D16/><U71/><E71/><V43/><F43/><W82/><G42/><T67/><D114/><U83/><E121/><V131/><F131/><W94/><REACH who="3" step="1"/><G52/><REACH who="3" ten="226,384,115,255" step="2"/><T22/><D115/><U23/><E122/><V66/><F66/><W50/><G50/><N who="1" m="18986" /><E46/><V14/><F14/><W5/><G5/><T86/><D113/><U40/><E40/><V127/><F127/><W62/><G62/><AGARI ba="0,2" hai="21,23,59,62,64,83,87,90,95,97,102" m="18986" machi="62" ten="30,7700,0" yaku="8,1,52,3" doraHai="44" who="1" fromWho="3" sc="226,0,384,97,115,0,255,-77" /><INIT seed="5,0,0,4,4,67" ten="226,481,115,178" oya="1" hai0="94,111,132,89,100,80,131,31,78,115,12,92,90" hai1="107,42,97,40,66,22,49,102,38,5,74,116,7" hai2="37,81,106,127,85,39,87,83,32,21,118,59,4" hai3="50,17,133,76,52,14,28,84,20,114,44,13,123"/><U33/><E33/><V55/><F32/><W70/><G123/><T27/><D111/><U18/><E74/><V26/><F118/><W58/><G114/><T23/><D115/><U126/><E38/><V30/><F106/><W101/><G133/><T117/><D117/><U15/><E116/><V69/><F127/><W51/><G70/><T119/><D119/><U73/><E73/><V129/><F129/><W68/><G68/><T53/><D131/><U16/><E66/><V2/><F69/><W95/><G28/><T65/><D65/><U54/><E126/><V105/><F105/><W29/><G29/><T0/><D0/><U113/><E113/><V93/><F93/><N who="0" m="35946" /><D100/><U130/><E130/><V120/><F120/><W62/><G13/><T91/><D132/><U35/><E35/><V61/><F4/><W75/><G75/><T88/><D53/><U41/><REACH who="1" step="1"/><E18/><REACH who="1" ten="226,471,115,178" step="2"/><V47/><F39/><W98/><G44/><AGARI ba="0,1" hai="5,7,15,16,22,40,41,42,44,49,54,97,102,107" machi="44" ten="40,7700,0" yaku="1,1,2,1,54,1,53,0" doraHai="67" doraHaiUra="64" who="1" fromWho="3" sc="226,0,471,87,115,0,178,-77" /><INIT seed="5,1,0,2,1,47" ten="226,558,115,101" oya="1" hai0="32,91,116,125,82,40,72,81,28,101,92,15,53" hai1="8,44,69,129,26,35,109,20,73,39,123,93,75" hai2="94,6,0,119,62,54,131,106,66,97,22,126,117" hai3="55,41,42,10,132,13,43,51,85,5,107,46,134"/><U18/><E69/><V102/><F131/><W121/><G107/><T71/><D116/><U3/><E123/><V90/><F126/><W1/><G121/><T21/><D71/><U29/><E129/><V130/><F130/><W74/><G74/><T23/><D101/><U95/><E109/><V88/><F22/><W112/><G112/><T49/><D40/><U60/><E60/><V57/><F90/><W7/><G7/><T99/><D72/><U100/><E93/><V77/><F77/><W105/><G105/><T68/><D68/><U52/><E100/><V111/><F111/><W124/><G124/><T65/><D65/><U64/><E64/><V89/><F89/><W58/><G85/><T4/><D32/><U27/><E95/><V84/><REACH who="2" step="1"/><F66/><REACH who="2" ten="226,558,105,101" step="2"/><W70/><G70/><T31/><D23/><U14/><E3/><V2/><F2/><W30/><G30/><T16/><D28/><U19/><REACH who="1" step="1"/><E39/><REACH who="1" ten="226,548,105,101" step="2"/><V108/><F108/><W80/><G1/><T78/><D125/><U25/><E25/><V61/><F61/><W11/><G80/><T9/><D82/><U12/><E12/><V113/><F113/><W133/><REACH who="3" step="1"/><G10/><AGARI ba="1,2" hai="0,6,10,54,57,62,84,88,94,97,102,106,117,119" machi="10" ten="40,5200,0" yaku="1,1,54,1,53,1" doraHai="47" doraHaiUra="34" who="2" fromWho="3" sc="226,0,548,0,105,75,101,-55" /><INIT seed="6,0,0,2,4,26" ten="226,548,180,46" oya="2" hai0="83,33,77,112,23,1,35,73,61,28,126,99,11" hai1="72,29,68,114,40,8,67,133,120,19,32,60,6" hai2="111,63,90,20,65,117,45,42,44,96,0,125,59" hai3="18,105,55,4,51,38,115,110,109,31,12,62,56"/><V13/><F117/><W97/><G97/><T3/><D112/><U116/><E72/><V10/><F125/><W94/><G94/><T46/><D126/><U34/><E116/><V74/><F74/><W103/><G103/><T15/><D61/><U135/><E114/><V5/><F111/><W41/><G105/><T81/><D46/><U52/><E120/><V92/><F0/><W132/><G115/><T71/><D71/><U14/><E40/><V113/><F113/><W119/><G119/><T24/><D81/><U85/><E85/><V106/><F106/><W43/><G4/><T86/><D86/><U30/><E52/><V70/><F42/><W82/><G82/><T16/><D99/><U49/><E49/><V27/><REACH who="2" step="1"/><F70/><REACH who="2" ten="226,548,170,46" step="2"/><W84/><G110/><T130/><D1/><U9/><E68/><V80/><F80/><W78/><G109/><T104/><D104/><U58/><E133/><V129/><F129/><W128/><G128/><T2/><D130/><U37/><E135/><V64/><F64/><W50/><G132/><T122/><D122/><U93/><E67/><V47/><F47/><W76/><G41/><T124/><D124/><U91/><E93/><V22/><F22/><W88/><G43/><T57/><D57/><U134/><E58/><V25/><F25/><W89/><G38/><T131/><D131/><U75/><E37/><V21/><F21/><W127/><G127/><T118/><D118/><U108/><E108/><V87/><F87/><W48/><G84/><T54/><D54/><U102/><E75/><V53/><F53/><W95/><G55/><RYUUKYOKU ba="0,1" sc="226,15,548,-15,170,15,46,-15" hai0="2,3,11,15,16,23,24,28,33,35,73,77,83" hai2="5,10,13,20,27,44,45,59,63,65,90,92,96" /><INIT seed="6,1,1,4,1,26" ten="241,533,185,31" oya="2" hai0="75,91,112,102,88,79,34,105,61,40,5,29,17" hai1="100,42,97,36,134,2,95,13,106,116,18,25,8" hai2="20,35,56,71,27,129,59,128,21,39,74,70,76" hai3="117,123,120,85,115,99,57,23,81,15,77,119,46"/><V6/><F39/><W127/><G46/><T7/><D40/><U72/><E72/><V101/><F101/><W87/><G57/><N who="2" m="22089" /><F6/><W130/><G23/><N who="2" m="8777" /><F76/><W132/><G15/><T54/><D79/><U118/><E2/><V55/><F74/><W109/><G109/><T37/><D37/><U44/><E134/><V43/><F43/><W104/><G132/><T66/><D75/><U48/><E36/><V69/><F55/><W0/><G0/><T51/><D5/><U30/><E106/><V108/><F108/><W31/><G31/><T68/><D7/><U89/><E100/><V133/><F133/><W19/><G19/><T67/><D17/><U60/><E60/><V3/><F3/><W1/><G1/><T50/><D54/><U22/><AGARI ba="1,1" hai="8,13,18,22,25,30,42,44,48,89,95,97,116,118" machi="22" ten="20,2700,0" yaku="0,1,7,1,52,1" doraHai="26" who="1" fromWho="1" sc="241,-8,533,40,185,-14,31,-8" /><INIT seed="7,0,0,0,4,133" ten="233,573,171,23" oya="3" hai0="59,104,93,120,124,17,41,31,109,51,30,13,76" hai1="81,28,72,33,79,90,118,48,108,2,9,112,11" hai2="45,64,4,52,70,50,35,122,56,73,38,32,92" hai3="100,94,117,66,23,69,111,126,123,12,87,61,44"/><W98/><G123/><T125/><D104/><U105/><E105/><V43/><F122/><W21/><G117/><T67/><D109/><U130/><E108/><V34/><F73/><W58/><G111/><T97/><D76/><U3/><E118/><V36/><F4/><W82/><G126/><N who="0" m="48747" /><D120/><U71/><E71/><V113/><F113/><W107/><G107/><T54/><D41/><U0/><E112/><V46/><F92/><W47/><G69/><T88/><D67/><U99/><E130/><V8/><F8/><AGARI ba="0,0" hai="8,13,17,30,31,51,54,59,88,93,97" m="48747" machi="8" ten="30,8000,1" yaku="18,1,52,3,54,1" doraHai="133" who="0" fromWho="2" sc="233,80,573,0,171,-80,23,0" owari="313,11.0,573,68.0,91,-31.0,23,-48.0" /></mjloggm>