<mjloggm ver="2.3"><GO type="169" lobby="0"/><UN n0="%6D%69%7A%75%79%6F%75" n1="%31%74%61" n2="%E9%B4%A8%E8%91%B1%E5%A4%AA%E9%83%8E" n3="%E6%A0%97%E7%94%B0%E6%81%AD%E5%AE%8F" dan="16,17,17,16" rate="2174.40,2169.55,2159.95,2086.02" sx="M,M,M,M"/><TAIKYOKU oya="0"/><INIT seed="0,0,0,2,4,84" ten="250,250,250,250" oya="0" hai0="36,41,42,108,1,92,116,134,63,57,31,29,16" hai1="131,11,120,98,75,71,100,97,3,7,99,30,67" hai2="21,76,55,122,46,5,135,61,79,62,68,82,73" hai3="86,80,59,113,132,117,38,48,44,128,0,111,4"/><T50/><D116/><U94/><E120/><V124/><F122/><W78/><G113/><T66/><D1/><U104/><E131/><V102/><F135/><W70/><G70/><T20/><D134/><U106/><E75/><V60/><F124/><W56/><G38/><T88/><D36/><U90/><E30/><N who="0" m="11273" /><D50/><U26/><E26/><V2/><F79/><W28/><G117/><T15/><D108/><U85/><REACH who="1" step="1"/><E100/><REACH who="1" ten="250,240,250,250" step="2"/><V105/><F102/><W123/><G28/><T6/><D6/><U107/><E107/><V23/><F105/><W27/><G27/><T119/><D119/><U74/><E74/><V37/><F5/><W91/><G123/><T127/><D127/><U35/><E35/><V19/><F73/><W13/><G128/><T125/><D125/><U58/><E58/><V52/><F68/><W109/><G109/><T93/><D93/><U24/><E24/><V110/><F110/><W43/><G111/><T89/><D92/><U54/><E54/><V34/><F52/><W45/><G132/><T47/><D47/><U121/><E121/><V83/><F55/><W101/><G101/><T69/><D69/><U18/><E18/><V40/><F19/><W95/><G45/><T118/><D118/><U96/><N who="1" m="24576" /><DORA hai="103" /><U133/><E133/><V87/><F34/><W64/><G4/><T17/><D17/><U129/><E129/><V81/><F2/><W130/><G0/><T49/><D49/><U65/><E65/><V72/><F72/><W33/><G130/><T126/><D126/><U12/><E12/><V32/><F32/><W51/><G33/><RYUUKYOKU ba="0,1" sc="250,10,240,10,250,10,250,-30" hai0="15,16,20,41,42,57,63,66,88,89" hai1="3,7,11,67,71,85,90,94,104,106" hai2="21,23,37,40,46,60,61,62,76,81,82,83,87" /><INIT seed="0,1,1,4,1,87" ten="260,250,260,220" oya="0" hai0="47,19,56,120,117,102,116,49,86,40,64,115,1" hai1="34,84,12,62,31,80,108,67,77,25,82,75,99" hai2="130,107,15,2,70,131,133,0,10,121,9,91,72" hai3="135,6,118,42,81,54,112,110,61,124,41,21,106"/><T123/><D1/><U22/><E108/><V24/><F107/><W13/><G106/><T18/><D102/><U78/><E99/><V38/><F38/><W101/><G101/><T44/><D18/><U129/><E129/><V114/><F70/><W98/><G98/><T68/><D68/><U66/><E34/><V50/><F72/><W97/><G97/><T111/><D19/><U71/><E67/><V60/><F60/><W128/><G112/><T88/><D115/><U11/><E12/><V94/><F121/><W8/><G118/><T83/><D111/><U23/><REACH who="1" step="1"/><E22/><REACH who="1" ten="260,240,260,220" step="2"/><V74/><F114/><W59/><G21/><T43/><D123/><U119/><E119/><V51/><F2/><W14/><G128/><T58/><D120/><U37/><E37/><V35/><F0/><W95/><G14/><T90/><D64/><U92/><E92/><V52/><F130/><W57/><G95/><T103/><D117/><U5/><E5/><V126/><F131/><W39/><G39/><T127/><D116/><U4/><E4/><V113/><F94/><W33/><G33/><T20/><D20/><U79/><E79/><V134/><F35/><W30/><G6/><T104/><D104/><U96/><E96/><V85/><F113/><W76/><G76/><T122/><D122/><U55/><E55/><V105/><F15/><W132/><G13/><T28/><D103/><U63/><E63/><V29/><F52/><W26/><G110/><T109/><D109/><U17/><E17/><V48/><F105/><W65/><G65/><T100/><D100/><U93/><E93/><RYUUKYOKU ba="1,2" sc="260,-10,240,30,260,-10,220,-10" hai1="11,23,25,31,62,66,71,75,77,78,80,82,84" /><INIT seed="1,2,2,4,5,84" ten="250,270,250,210" oya="1" hai0="115,129,113,109,81,28,97,102,120,16,96,49,27" hai1="55,60,22,72,52,87,125,15,19,61,104,133,79" hai2="123,33,83,75,46,14,1,99,85,25,98,119,78" hai3="103,93,2,80,105,92,7,76,4,71,9,118,121"/><U94/><E104/><V108/><F1/><W88/><G121/><T38/><D38/><U107/><E107/><V54/><F123/><W106/><G71/><T30/><D120/><U26/><E125/><V18/><F119/><W90/><G118/><T56/><D109/><U101/><E133/><V58/><F46/><W40/><G103/><T134/><D134/><U42/><E42/><V132/><F108/><W124/><G124/><T63/><D129/><U59/><E72/><V35/><F75/><W89/><G40/><T74/><D49/><U130/><E130/><V117/><F117/><W77/><G80/><T67/><D97/><N who="1" m="59575" /><E26/><V68/><F68/><W8/><G90/><T128/><D128/><U44/><E44/><V70/><F70/><W20/><G20/><T0/><D0/><AGARI ba="2,2" hai="0,2,4,7,8,9,76,77,88,89,92,93,105,106" machi="0" ten="25,8000,1" yaku="22,2,52,2,54,1" doraHai="84" who="3" fromWho="0" sc="250,-86,270,0,250,0,210,106" /><INIT seed="2,0,0,5,1,94" ten="164,270,250,316" oya="2" hai0="118,82,22,54,65,132,131,43,102,59,117,45,86" hai1="113,53,51,12,27,130,125,21,88,78,16,9,134" hai2="112,111,75,35,126,100,23,105,106,19,36,104,79" hai3="26,18,10,71,17,135,70,99,74,98,84,40,93"/><V6/><F112/><W127/><G74/><T129/><D65/><U37/><E113/><V63/><F36/><W72/><G72/><T97/><D22/><U80/><E125/><V44/><F35/><W57/><G135/><T115/><D115/><U60/><E134/><V31/><F31/><W133/><G133/><T64/><D64/><U15/><E37/><V108/><F6/><W34/><G40/><T81/><D132/><U55/><E130/><N who="0" m="49673" /><D54/><U123/><E123/><V38/><F63/><W85/><G127/><T116/><D59/><N who="1" m="34943" /><E78/><V73/><F126/><W67/><G67/><T48/><D86/><N who="1" m="50247" /><E9/><V1/><F1/><W114/><G114/><T11/><D11/><U90/><E90/><V8/><F79/><W76/><G76/><T47/><D45/><AGARI ba="0,0" hai="12,15,16,21,27,45,51,53" m="50247,34943" machi="45" ten="30,3900,0" yaku="8,1,54,2" doraHai="94" who="1" fromWho="0" sc="164,-39,270,39,250,0,316,0" /><INIT seed="3,0,0,5,1,23" ten="125,309,250,316" oya="3" hai0="82,55,109,120,96,131,115,133,63,7,84,29,56" hai1="108,94,99,95,53,45,34,3,10,124,129,100,125" hai2="67,90,48,75,79,15,40,123,6,52,70,88,2" hai3="103,58,11,105,59,35,91,5,57,135,12,24,49"/><W68/><G68/><T73/><D73/><U104/><E108/><V81/><F123/><W71/><G71/><T42/><D120/><U60/><E129/><V0/><F40/><W93/><G135/><T74/><D74/><U4/><E34/><V9/><F67/><W111/><G111/><T32/><D109/><U27/><E27/><V121/><F70/><W38/><G38/><T66/><D133/><U72/><E72/><V46/><F121/><W97/><G49/><T87/><D131/><U44/><E44/><V107/><REACH who="2" step="1"/><F107/><REACH who="2" ten="125,309,240,316" step="2"/><W1/><G105/><T106/><D42/><U119/><E104/><V126/><F126/><W25/><G35/><T41/><D41/><U14/><E125/><V26/><F26/><N who="3" m="10347" /><G1/><AGARI ba="0,1" hai="0,1,2,6,9,15,46,48,52,75,79,81,88,90" machi="1" ten="40,5200,0" yaku="1,1,54,2,53,0" doraHai="23" doraHaiUra="118" who="2" fromWho="3" sc="125,0,309,0,240,62,316,-52" /><INIT seed="4,0,0,3,5,117" ten="125,309,302,264" oya="0" hai0="65,60,120,130,87,50,31,70,67,22,49,35,104" hai1="80,66,48,105,12,102,121,72,132,77,62,4,91" hai2="84,111,7,46,24,44,25,20,109,37,74,112,75" hai3="5,93,110,127,134,16,125,14,96,133,26,19,108"/><T33/><D104/><U78/><E121/><V15/><F7/><W29/><G5/><T36/><D36/><U88/><E132/><N who="3" m="50794" /><G96/><T30/><D130/><U119/><E119/><V122/><F37/><W115/><G115/><T85/><D22/><U128/><E128/><V3/><F3/><W83/><G83/><T97/><D97/><U1/><E1/><V92/><F15/><W71/><G71/><T51/><D120/><U106/><E102/><V116/><F84/><N who="0" m="32330" /><D60/><U57/><E77/><V69/><F69/><W55/><G55/><T118/><D70/><U90/><REACH who="1" step="1"/><E48/><REACH who="1" ten="125,299,302,264" step="2"/><V23/><F122/><W52/><G108/><T54/><D118/><U81/><E81/><V135/><F116/><W6/><G110/><T39/><D39/><U63/><E63/><V13/><F135/><W101/><G101/><T94/><D94/><U27/><E27/><V68/><F92/><W124/><G93/><T32/><D54/><U98/><E98/><V47/><F111/><W18/><G6/><T95/><D95/><U11/><AGARI ba="0,1" hai="4,11,12,57,62,66,72,78,80,88,90,91,105,106" machi="11" ten="30,4000,0" yaku="1,1,0,1,54,1,53,0" doraHai="117" doraHaiUra="45" who="1" fromWho="1" sc="125,-20,299,50,302,-10,264,-10" /><INIT seed="5,0,0,3,5,120" ten="105,349,292,254" oya="1" hai0="82,54,20,72,42,122,106,33,73,12,126,2,84" hai1="85,9,0,68,57,121,132,112,102,89,108,31,110" hai2="129,34,51,133,56,88,131,35,81,8,77,130,101" hai3="78,15,104,90,74,117,22,55,23,53,75,46,118"/><U16/><E121/><V94/><F101/><W96/><G90/><T40/><D122/><U18/><E68/><V67/><F8/><W27/><G96/><T91/><D33/><U100/><E112/><V123/><F123/><W124/><G104/><T105/><D2/><U17/><E132/><V109/><F133/><W32/><G32/><N who="2" m="12329" /><F51/><W41/><G124/><T49/><D126/><U63/><E31/><V48/><F48/><W21/><G27/><T71/><D71/><U29/><E29/><V38/><F38/><N who="3" m="21815" /><G15/><T113/><D113/><U70/><E70/><V52/><F67/><W92/><G92/><T25/><D12/><U60/><E0/><V4/><F4/><W1/><G1/><T6/><D6/><U3/><E3/><V95/><F95/><W65/><G65/><T99/><D72/><N who="3" m="27689" /><G78/><T66/><D66/><U86/><E9/><V26/><F26/><W11/><G11/><T128/><D73/><U135/><E135/><V14/><F14/><W58/><G58/><T59/><D106/><U119/><E119/><AGARI ba="0,0" hai="21,22,23,53,55,117,118,119" m="27689,21815" machi="119" ten="40,1300,0" yaku="12,1" doraHai="120" who="3" fromWho="1" sc="105,0,349,-13,292,0,254,13" /><INIT seed="6,0,0,3,3,101" ten="105,336,292,267" oya="2" hai0="92,61,121,131,5,46,67,72,60,127,113,52,80" hai1="27,34,20,56,111,53,124,100,118,57,115,117,2" hai2="108,40,123,55,107,104,97,25,45,129,63,128,23" hai3="116,59,105,17,87,3,102,14,132,11,77,39,122"/><V90/><F123/><W134/><G39/><T76/><D121/><U38/><E111/><V98/><F108/><W30/><G116/><T15/><D113/><U94/><E2/><V75/><F75/><W85/><G122/><T81/><D131/><N who="2" m="50250" /><F63/><W65/><G30/><T110/><D110/><U10/><E115/><V103/><F55/><W62/><G3/><T33/><D33/><U47/><E34/><V12/><F12/><W16/><G17/><T26/><D127/><U41/><E124/><V69/><F69/><W133/><G77/><T86/><D92/><U42/><E42/><V13/><F13/><W1/><G1/><T96/><D96/><AGARI ba="0,0" hai="11,14,16,59,62,65,85,87,96,102,105,132,133,134" machi="96" ten="40,5200,0" yaku="20,1,52,1,54,1" doraHai="101" who="3" fromWho="0" sc="105,-52,336,0,292,0,267,52" /><INIT seed="7,0,0,4,5,63" ten="53,336,292,319" oya="3" hai0="102,73,40,21,114,125,54,89,96,71,120,64,108" hai1="29,34,11,42,45,48,132,60,10,76,30,35,17" hai2="116,99,84,123,22,87,59,7,55,111,85,133,52" hai3="78,39,25,126,3,18,122,51,115,121,9,128,47"/><W106/><G39/><T93/><D21/><U50/><E132/><V28/><F111/><W88/><G106/><T92/><D102/><U104/><E104/><V69/><F69/><W67/><G115/><T97/><D40/><U32/><E76/><V68/><F68/><W110/><G126/><T127/><D54/><U24/><E60/><V75/><F75/><W5/><G128/><T26/><D26/><U1/><E1/><V19/><F133/><W46/><G110/><T70/><D89/><U4/><E34/><V95/><F123/><W62/><G78/><T72/><D108/><U130/><E130/><V81/><F116/><W101/><G101/><T38/><D114/><U66/><E66/><V98/><F28/><W117/><G117/><T0/><D120/><U15/><E48/><V124/><F7/><W31/><G88/><T41/><D41/><U119/><E119/><V58/><F124/><W44/><G18/><T37/><REACH who="0" step="1"/><D0/><REACH who="0" ten="43,336,292,319" step="2"/><U86/><E32/><V36/><F81/><W135/><G135/><T82/><D82/><U103/><E35/><V79/><F79/><W65/><G65/><AGARI ba="0,1" hai="37,38,64,65,70,71,72,73,92,93,96,97,125,127" machi="65" ten="25,8000,1" yaku="1,1,22,2,52,2,53,0" doraHai="63" doraHaiUra="80" who="0" fromWho="3" sc="43,90,336,0,292,0,319,-80" owari="133,-37.0,336,44.0,292,9.0,239,-16.0" /></mjloggm>