<mjloggm ver="2.3"><GO type="185" lobby="0"/><UN n0="%68%69%72%6F%6E%6E%32%30" n1="%79%61%6D%61%64%61%35%35" n2="%E5%A4%A9%E3%83%B6%E7%80%AC%E5%A5%88%E6%9C%88" n3="" dan="17,16,17,0" rate="2195.47,2189.06,2227.83,1500.00" sx="M,M,M,C"/><TAIKYOKU oya="0"/><INIT seed="0,0,0,5,4,59" ten="350,350,350,0" oya="0" hai0="37,3,90,105,109,1,64,101,95,123,79,131,116" hai1="97,70,74,42,44,108,40,68,93,99,57,110,60" hai2="33,135,121,127,84,112,2,106,41,86,104,96,76" hai3=""/><T120/><N who="0" m="30752" /><T132/><N who="0" m="31520" /><T77/><D116/><U45/><E74/><V133/><N who="2" m="31008" /><V81/><F2/><T103/><D37/><U39/><E93/><V50/><F33/><T71/><D132/><N who="2" m="50762" /><F112/><T94/><D131/><U89/><E89/><V0/><F0/><T47/><D47/><U111/><E97/><V102/><F41/><T85/><D109/><U80/><E80/><V107/><F50/><T92/><D1/><U58/><E99/><V126/><F86/><T115/><D115/><U38/><REACH who="1" step="1"/><E57/><REACH who="1" ten="350,340,350,0" step="2"/><V51/><F51/><T32/><D3/><U67/><AGARI ba="0,1" hai="38,39,40,42,44,45,58,60,67,68,70,108,110,111" machi="67" ten="30,12000,3" yaku="1,1,2,1,0,1,9,1,14,1,34,3,52,1,53,0" doraHai="59" doraHaiUra="82" who="1" fromWho="1" sc="350,-80,340,130,350,-40,0,0" /><INIT seed="1,0,0,3,4,132" ten="270,470,310,0" oya="1" hai0="75,36,107,102,87,91,122,112,33,73,127,101,58" hai1="124,83,3,118,97,50,134,48,70,69,89,44,38" hai2="64,115,56,42,121,71,68,0,111,72,41,105,80" hai3=""/><U131/><E118/><V77/><N who="2" m="31008" /><V61/><F0/><T110/><N who="0" m="31264" /><T46/><D33/><U120/><N who="1" m="30752" /><U93/><E3/><V94/><F105/><T104/><D112/><U98/><E134/><V43/><F115/><T2/><D36/><U113/><E113/><V133/><F133/><T130/><D58/><U117/><E117/><V129/><F111/><T82/><D46/><U90/><E131/><V128/><REACH who="2" step="1"/><F94/><REACH who="2" ten="270,470,300,0" step="2"/><T47/><D2/><U114/><E114/><V119/><F119/><T84/><D110/><U86/><E93/><V59/><F59/><T108/><D108/><U125/><E69/><AGARI ba="0,1" hai="41,42,43,56,61,64,68,69,71,72,77,80,128,129" m="31008" machi="69" ten="40,2600,0" yaku="1,1,52,1,53,0" doraHai="132" doraHaiUra="49" who="2" fromWho="1" sc="270,0,470,-26,300,36,0,0" /><INIT seed="2,0,0,5,0,71" ten="270,444,336,0" oya="2" hai0="102,87,93,76,77,123,48,58,1,86,114,88,70" hai1="127,91,44,47,59,57,3,117,101,69,34,81,99" hai2="62,94,37,40,79,51,126,73,2,42,61,53,66" hai3=""/><V35/><F35/><T118/><N who="0" m="31520" /><T104/><D70/><U64/><E34/><V80/><F2/><T82/><D1/><U74/><E3/><V108/><F108/><T36/><D118/><U56/><E127/><V128/><F126/><T106/><D114/><U133/><E133/><V130/><F94/><T52/><D36/><U75/><E117/><V65/><F65/><T60/><D102/><U0/><E0/><V39/><F42/><T122/><N who="0" m="31264" /><T84/><D60/><U41/><E69/><V115/><F115/><T105/><REACH who="0" step="1"/><D82/><REACH who="0" ten="260,444,336,0" step="2"/><U43/><E81/><V89/><F62/><T72/><D72/><U85/><E75/><V54/><F61/><T38/><D38/><U83/><E74/><V49/><F37/><T124/><D124/><U107/><REACH who="1" step="1"/><E64/><REACH who="1" ten="260,434,336,0" step="2"/><V113/><F66/><T68/><D68/><U110/><E110/><V103/><F73/><T96/><AGARI ba="0,2" hai="48,52,58,76,77,84,86,87,88,93,96,104,105,106" m="31264,31520" machi="96" ten="40,9000,2" yaku="1,1,0,1,52,2,54,2,53,1" doraHai="71" doraHaiUra="95" who="0" fromWho="0" sc="260,110,434,-30,336,-60,0,0" /><INIT seed="4,0,0,3,4,0" ten="370,404,276,0" oya="0" hai0="132,57,62,134,48,59,73,78,37,61,84,51,60" hai1="38,65,97,119,114,98,95,128,81,89,135,54,71" hai2="79,109,133,50,86,1,90,100,3,124,85,106,92" hai3=""/><T91/><D73/><U93/><E119/><V117/><F117/><T75/><D75/><U39/><E128/><V68/><F109/><T82/><D37/><U56/><E135/><N who="0" m="51753" /><D78/><U129/><E129/><V58/><F133/><T105/><D105/><U2/><E2/><V42/><F68/><T69/><D69/><U113/><E65/><V120/><N who="2" m="30752" /><V76/><F124/><T45/><D48/><U107/><E81/><V131/><F131/><T127/><D127/><U121/><N who="1" m="31008" /><U47/><E71/><V77/><F85/><T53/><AGARI ba="0,0" hai="45,51,53,57,59,60,61,62,82,84,91" m="51753" machi="53" ten="30,1000,0" yaku="20,1" doraHai="0" who="0" fromWho="0" sc="370,10,404,-5,276,-5,0,0" /><INIT seed="4,1,0,4,2,52" ten="380,399,271,0" oya="0" hai0="51,34,112,43,88,122,36,116,71,134,0,40,121" hai1="98,38,101,61,103,53,105,54,91,86,49,104,131" hai2="94,46,58,117,119,82,130,32,41,84,83,1,57" hai3=""/><T68/><N who="0" m="31008" /><T89/><N who="0" m="31264" /><T99/><D116/><N who="2" m="44618" /><F1/><T90/><D0/><U47/><E131/><V44/><F32/><T81/><D34/><U128/><E128/><V79/><F130/><T2/><D2/><U113/><E113/><V102/><F82/><T129/><D129/><U123/><N who="1" m="31520" /><U110/><E38/><V120/><N who="2" m="30752" /><V59/><F41/><T64/><D112/><U127/><E127/><V85/><F85/><T45/><D134/><U72/><E72/><V109/><F109/><T69/><D81/><U106/><E110/><V77/><F77/><T95/><D40/><U133/><E133/><V55/><F55/><T100/><REACH who="0" step="1"/><D51/><REACH who="0" ten="370,399,271,0" step="2"/><U107/><E49/><V37/><F37/><T73/><D73/><U60/><E106/><V75/><F75/><T42/><D42/><U80/><E105/><V50/><F50/><T67/><AGARI ba="1,1" hai="36,43,45,64,67,68,69,71,88,89,90,95,99,100" m="31264,31008" machi="67" ten="40,8000,1" yaku="1,1,0,1,52,2,54,1,53,0" doraHai="52" doraHaiUra="126" who="0" fromWho="0" sc="370,92,399,-41,271,-41,0,0" /><INIT seed="4,2,0,3,4,67" ten="462,358,230,0" oya="0" hai0="61,128,45,127,104,73,111,117,96,124,63,77,110" hai1="101,84,74,133,36,70,56,89,32,37,108,99,66" hai2="51,38,134,107,43,54,118,116,50,42,64,44,95" hai3=""/><T55/><D117/><N who="2" m="45162" /><F107/><T121/><N who="0" m="31008" /><T57/><D128/><U48/><E32/><V87/><F87/><T85/><D73/><U102/><E74/><V100/><F95/><T71/><D45/><U75/><E75/><V41/><F100/><T1/><D1/><U91/><E108/><N who="0" m="41513" /><D96/><U79/><E133/><V88/><F88/><T126/><D104/><U80/><E36/><V46/><F134/><T58/><D77/><U90/><E37/><V0/><F0/><T123/><N who="0" m="31520" /><T35/><D35/><U59/><E99/><V93/><F93/><T113/><D113/><U120/><N who="1" m="30752" /><U3/><E3/><V119/><N who="2" m="45170" /><V60/><DORA hai="2" /><F38/><T62/><D85/><U112/><E102/><V125/><F125/><T135/><D135/><U131/><E101/><V130/><F130/><T83/><D83/><U122/><E80/><V49/><F44/><T109/><D109/><U82/><E131/><V53/><F46/><T68/><D58/><AGARI ba="2,0" hai="41,42,43,49,50,51,53,54,58,60,64" m="45170" machi="58" ten="50,6400,0" yaku="12,1,34,2" doraHai="67,2" who="2" fromWho="0" sc="462,-68,358,0,230,68,0,0" /><INIT seed="5,0,0,3,5,56" ten="394,358,298,0" oya="1" hai0="83,132,3,2,93,44,74,110,59,39,81,103,69" hai1="86,53,109,67,85,112,107,129,99,71,37,45,105" hai2="92,46,113,65,117,48,66,134,42,130,123,50,98" hai3=""/><U94/><E112/><V133/><N who="2" m="31520" /><V64/><F117/><T47/><D110/><U57/><E109/><V60/><F130/><T1/><D69/><U79/><E129/><V135/><F113/><T106/><D106/><U34/><E34/><V54/><F92/><T122/><N who="0" m="31264" /><T97/><D132/><U104/><E67/><V90/><F90/><T120/><N who="0" m="30752" /><T61/><D39/><U100/><E71/><V115/><F98/><T131/><D131/><U89/><E45/><V84/><F84/><T116/><D116/><U68/><E68/><V126/><F126/><T101/><D101/><U55/><E37/><V32/><F32/><T40/><D40/><U114/><E114/><V73/><F73/><T121/><N who="0" m="31008" /><T95/><D95/><U0/><E0/><V111/><F111/><T72/><D72/><U124/><E124/><V78/><F78/><T76/><REACH who="0" step="1"/><D83/><REACH who="0" ten="384,358,298,0" step="2"/><U77/><E77/><V35/><F115/><T87/><D87/><U75/><E75/><V49/><F35/><T118/><D118/><U88/><E79/><V102/><F102/><T125/><D125/><U38/><E100/><V43/><F43/><T52/><AGARI ba="0,1" hai="1,2,3,44,47,52,59,61,74,76,81,93,97,103" m="31008,30752,31264" machi="52" ten="30,12000,3" yaku="1,1,0,1,52,4,54,1,53,3" doraHai="56" doraHaiUra="119" who="0" fromWho="0" sc="384,130,358,-80,298,-40,0,0" /><INIT seed="6,0,0,1,3,91" ten="514,278,258,0" oya="2" hai0="129,69,88,67,134,1,54,115,132,50,46,66,106" hai1="33,64,82,98,121,128,133,78,47,38,111,72,56" hai2="105,61,95,101,94,120,76,0,51,127,90,117,80" hai3=""/><V35/><N who="2" m="30752" /><V68/><F0/><T74/><D74/><U130/><N who="1" m="31008" /><U45/><E111/><V109/><F117/><T119/><D106/><U70/><E33/><V62/><F35/><T135/><D1/><U73/><E70/><V93/><F109/><T100/><D119/><U59/><E133/><V39/><F39/><T84/><D100/><U60/><E73/><V116/><F116/><T104/><D104/><U81/><E81/><V110/><F110/><T42/><D129/><N who="1" m="49771" /><E38/><V57/><F127/><T102/><D102/><U2/><E2/><V114/><F114/><T37/><D69/><U32/><E32/><V113/><F113/><T65/><D115/><U125/><E125/><V55/><F90/><T107/><D107/><U124/><E124/><V123/><N who="2" m="31520" /><V97/><REACH who="2" step="1"/><F68/><REACH who="2" ten="514,278,248,0" step="2"/><T34/><D34/><U77/><E77/><V40/><F40/><T96/><D37/><U53/><E98/><V41/><F41/><T112/><D96/><U43/><E43/><V99/><F99/><T58/><D112/><U122/><N who="1" m="31264" /><U131/><N who="1" m="49779" /><U71/><DORA hai="3" /><E71/><V89/><F89/><T44/><D42/><U36/><E36/><V87/><AGARI ba="0,1" hai="51,55,57,61,62,76,80,87,93,94,95,97,101,105" m="31520,30752" machi="87" ten="30,16000,3" yaku="1,1,0,1,52,5,53,1" doraHai="91,3" doraHaiUra="48,126" who="2" fromWho="2" sc="514,-80,278,-80,248,170,0,0" /><INIT seed="6,1,0,5,1,93" ten="434,198,418,0" oya="2" hai0="72,42,61,37,69,51,81,114,34,106,119,3,120" hai1="92,39,134,75,36,89,83,112,85,123,135,94,127" hai2="33,70,87,102,132,130,73,128,40,88,2,32,82" hai3=""/><V58/><F2/><T100/><RYUUKYOKU type="yao9" ba="1,0" sc="434,0,198,0,418,0,0,0" hai0="3,34,37,42,51,61,69,72,81,100,106,114,119,120" /><INIT seed="6,2,0,1,4,105" ten="434,198,418,0" oya="2" hai0="112,134,116,95,99,127,41,108,62,67,107,133,93" hai1="102,90,110,126,71,94,113,98,89,81,131,37,75" hai2="49,50,40,61,103,97,72,52,0,63,43,53,124" hai3=""/><V83/><F0/><T74/><D108/><U2/><E37/><V69/><F124/><T120/><N who="0" m="30752" /><T45/><D116/><U70/><E70/><V38/><F38/><T122/><N who="0" m="31264" /><T128/><D74/><U60/><E71/><V59/><F72/><T34/><D34/><U76/><E60/><N who="2" m="23115" /><F83/><T117/><D117/><U92/><E2/><V135/><F69/><T66/><D107/><U100/><E110/><V1/><F1/><T106/><D106/><U114/><E126/><V73/><F73/><T44/><D127/><U55/><E55/><V118/><F135/><T3/><D3/><U88/><REACH who="1" step="1"/><E131/><REACH who="1" ten="434,188,418,0" step="2"/><V65/><F118/><T58/><D128/><U115/><E115/><V57/><F65/><T78/><D112/><U82/><E82/><V51/><F51/><T42/><D134/><U109/><E109/><V86/><F86/><T33/><D133/><U129/><E129/><V119/><F119/><T79/><D33/><U54/><E54/><V121/><N who="2" m="31008" /><V36/><F36/><T64/><D64/><U91/><N who="1" m="22528" /><DORA hai="56" /><U104/><E104/><V130/><F130/><T48/><D48/><U35/><E35/><V80/><F80/><T125/><D125/><U132/><E132/><V68/><F68/><RYUUKYOKU ba="2,1" sc="434,-20,188,10,418,10,0,0" hai1="75,76,81,92,94,98,100,102,113,114" hai2="40,43,49,50,52,53,57,59,97,103" owari="414,1.0,198,-40.0,438,39.0,0,0.0" /></mjloggm>