<mjloggm ver="2.3"><GO type="169" lobby="0"/><UN n0="%43%72%65%2E%43" n1="%E9%8A%80%E8%89%B2%E3%81%84%E3%81%8C%E3%81%90%E3%82%8A" n2="%6E%65%6B%6F%6E%65%6B%6F" n3="%64%61%6E%6E%63%68%69" dan="16,18,16,17" rate="2134.43,2287.81,2113.49,2169.53" sx="F,M,M,M"/><TAIKYOKU oya="0"/><INIT seed="0,0,0,3,2,89" ten="250,250,250,250" oya="0" hai0="91,113,112,94,50,56,9,30,96,120,130,4,55" hai1="93,69,75,73,14,57,62,58,12,134,70,31,78" hai2="13,108,17,63,102,79,109,122,25,66,127,21,19" hai3="46,123,18,37,90,103,3,84,35,132,129,98,126"/><T53/><D120/><U34/><E134/><V2/><F122/><W68/><G68/><T59/><D130/><U107/><E107/><V28/><F79/><W115/><G123/><T135/><D135/><U133/><E133/><V33/><F102/><W42/><G132/><T124/><D124/><U83/><E73/><V92/><F127/><W44/><G126/><T105/><D30/><U95/><E58/><V101/><F2/><W40/><G129/><T27/><D27/><U77/><E78/><V10/><F66/><W45/><G3/><T11/><D105/><U15/><E31/><V49/><F49/><W65/><G65/><T71/><D71/><U41/><E41/><V81/><F81/><W99/><G115/><T111/><D111/><N who="2" m="42570" /><F63/><W64/><G64/><T47/><D47/><U54/><E34/><V87/><F87/><W43/><G35/><T61/><REACH who="0" step="1"/><D9/><REACH who="0" ten="240,250,250,250" step="2"/><U76/><E70/><V0/><F33/><W52/><G37/><T117/><D117/><U38/><E69/><V60/><F28/><W36/><G36/><T85/><D85/><N who="1" m="48359" /><E38/><V80/><F25/><W100/><G84/><T24/><D24/><U86/><E75/><V8/><F8/><W51/><G99/><T97/><D97/><U7/><E7/><V67/><F10/><W128/><G128/><T114/><D114/><U5/><E5/><V23/><F23/><W26/><G46/><T119/><D119/><U116/><E116/><V6/><F21/><N who="3" m="13623" /><G45/><T125/><D125/><U22/><E22/><V72/><F72/><W106/><G106/><T88/><D88/><N who="1" m="53399" /><E77/><V32/><F32/><RYUUKYOKU ba="0,1" sc="240,10,250,10,250,-30,250,10" hai0="4,11,50,53,55,56,59,61,91,94,96,112,113" hai1="12,14,15,54,57,62,95" hai3="40,42,43,44,51,52,90,98,100,103" /><INIT seed="0,1,1,5,0,65" ten="250,260,220,260" oya="0" hai0="102,26,88,93,67,75,51,33,21,10,38,74,7" hai1="120,97,24,61,57,72,32,69,56,39,125,89,81" hai2="22,76,103,18,55,115,114,110,41,62,40,117,84" hai3="135,12,132,78,63,134,90,54,118,34,106,0,66"/><T11/><D38/><U86/><E120/><V28/><F110/><W23/><G118/><T60/><D33/><U92/><E125/><V50/><F117/><W82/><G106/><T119/><D102/><U108/><E108/><V25/><F103/><W35/><G0/><T128/><D51/><U46/><E72/><V127/><F127/><W85/><G54/><T52/><D128/><U96/><E96/><V123/><F123/><W95/><G23/><T13/><D11/><U129/><E129/><V48/><F115/><W37/><G37/><T130/><D130/><U17/><E46/><V113/><F113/><W112/><G112/><T111/><D119/><U45/><E45/><V30/><F114/><W29/><G12/><T5/><D7/><U53/><E39/><V133/><F133/><W6/><G6/><T8/><D8/><U94/><E69/><V101/><F101/><W44/><G44/><T58/><D67/><U122/><E122/><V20/><F62/><W131/><G29/><N who="2" m="11369" /><F20/><W126/><G126/><T98/><D111/><U124/><E32/><V91/><F76/><W105/><G105/><T104/><D104/><U64/><E97/><V77/><F77/><W116/><G116/><T31/><AGARI ba="1,1" hai="5,10,13,21,26,31,52,58,60,74,75,88,93,98" machi="31" ten="20,7800,0" yaku="0,1,7,1,54,2" doraHai="65" who="0" fromWho="0" sc="250,91,260,-27,220,-27,260,-27" /><INIT seed="0,2,0,3,5,127" ten="341,233,193,233" oya="0" hai0="41,95,7,35,27,78,33,93,50,24,108,123,15" hai1="45,16,103,34,26,30,131,99,2,70,63,89,67" hai2="4,32,105,116,91,113,14,10,85,79,88,22,122" hai3="8,110,135,97,56,69,102,62,13,118,12,54,75"/><T132/><D123/><U59/><E2/><V115/><F105/><W58/><G118/><T77/><D41/><U36/><E131/><V71/><F71/><W83/><G110/><T53/><D132/><U96/><E96/><V29/><F32/><W104/><G135/><T114/><D114/><U3/><E3/><V87/><F122/><W49/><G69/><T61/><D61/><U44/><E36/><V20/><F116/><W39/><G39/><T19/><D7/><U31/><E31/><V84/><F79/><W101/><G101/><T66/><D66/><U60/><E89/><N who="2" m="34379" /><F115/><W55/><REACH who="3" step="1"/><G8/><REACH who="3" ten="341,233,193,223" step="2"/><T130/><D108/><U17/><E45/><V121/><F113/><W111/><G111/><T106/><D35/><U1/><E44/><V21/><F121/><W40/><G40/><T120/><D33/><U18/><E1/><V64/><F64/><W86/><G86/><N who="2" m="22017" /><V109/><DORA hai="90" /><F109/><W74/><G74/><T9/><D120/><U38/><E38/><V94/><F29/><W42/><G42/><T51/><D53/><U48/><E67/><V100/><F22/><W11/><G11/><T57/><D9/><U5/><E70/><V128/><F128/><W125/><G125/><T0/><D0/><U92/><E30/><V80/><F80/><W72/><G72/><T134/><D134/><U52/><E34/><V43/><F43/><W81/><G81/><T112/><D112/><U68/><E68/><V25/><F25/><W107/><G107/><T46/><D106/><U119/><E26/><V129/><F129/><W47/><G47/><T28/><D130/><RYUUKYOKU ba="2,1" sc="341,-15,233,-15,193,15,223,15" hai2="4,10,14,20,21,94,100" hai3="12,13,49,54,55,56,58,62,75,83,97,102,104" /><INIT seed="1,3,1,4,3,40" ten="326,218,208,238" oya="1" hai0="59,58,29,51,88,101,54,16,48,91,77,64,75" hai1="20,128,100,109,31,120,61,12,43,9,126,66,98" hai2="121,73,110,85,3,108,69,47,53,7,35,24,83" hai3="124,84,94,115,80,114,22,97,125,92,26,72,74"/><U36/><E120/><V135/><F69/><W127/><G26/><T70/><D70/><U99/><E128/><V86/><F121/><W2/><G2/><T17/><D29/><U68/><E126/><V134/><F3/><W131/><G131/><T117/><D117/><U0/><E0/><V87/><F7/><W116/><G22/><T76/><D101/><U60/><E109/><N who="2" m="42091" /><F35/><W50/><G116/><T119/><D119/><U79/><E79/><N who="0" m="30281" /><D75/><N who="3" m="28713" /><G50/><N who="0" m="18987" /><D64/><U129/><E61/><V103/><F103/><N who="3" m="60839" /><G94/><T21/><D17/><U63/><E63/><V133/><F73/><W6/><G6/><T107/><D107/><U130/><E20/><V27/><F83/><W4/><G4/><T89/><D54/><U46/><E31/><V111/><F111/><W38/><G38/><T56/><D59/><U13/><E13/><AGARI ba="3,1" hai="13,16,21,56,58,88,89,91" m="18987,30281" machi="13" ten="30,3900,0" yaku="8,1,54,2" doraHai="40" who="0" fromWho="1" sc="326,58,218,-48,208,0,238,0" /><INIT seed="2,0,0,0,1,99" ten="384,170,208,238" oya="2" hai0="133,122,106,21,68,102,49,58,28,48,29,26,101" hai1="54,74,112,63,72,51,128,35,73,19,71,104,90" hai2="67,16,39,3,118,40,85,45,70,44,27,50,95" hai3="125,1,5,69,115,88,117,103,42,25,130,87,32"/><V80/><F3/><W61/><G117/><T86/><D122/><U79/><E112/><V4/><F118/><W78/><G115/><T131/><D68/><U76/><E128/><V119/><F4/><W57/><G130/><T52/><D106/><U0/><E104/><V91/><F119/><W134/><G69/><T96/><D133/><U77/><E35/><V120/><F120/><W53/><G134/><T12/><D131/><U97/><E0/><V24/><F70/><W55/><G42/><T108/><D108/><U126/><E126/><V121/><F67/><W93/><G125/><T83/><D12/><U113/><E113/><V92/><F121/><W2/><G78/><N who="0" m="46455" /><D96/><U9/><E9/><V23/><REACH who="2" step="1"/><F27/><REACH who="2" ten="384,170,198,238" step="2"/><W18/><G5/><T43/><D29/><U8/><E72/><V84/><F84/><W111/><G2/><T129/><D129/><U135/><E135/><V110/><F110/><W123/><G1/><T124/><D124/><U37/><E73/><V6/><F6/><W22/><G111/><T94/><D94/><N who="1" m="56535" /><E74/><V127/><F127/><W10/><G123/><T82/><D82/><U34/><E71/><V65/><F65/><W114/><G114/><T116/><D116/><U13/><E37/><V31/><F31/><W46/><G25/><T30/><D28/><U47/><E34/><V36/><F36/><W17/><G93/><T14/><D14/><U7/><E7/><V38/><F38/><W15/><G87/><T107/><D107/><U105/><E105/><V20/><F20/><W59/><G22/><T56/><D21/><U75/><E75/><RYUUKYOKU ba="0,1" sc="384,-15,170,15,198,15,238,-15" hai1="8,13,19,47,51,54,63,76,77,79" hai2="16,23,24,39,40,44,45,50,80,85,91,92,95" /><INIT seed="2,1,1,4,4,127" ten="369,185,213,223" oya="2" hai0="73,106,37,117,20,22,77,29,99,32,53,15,55" hai1="129,135,108,56,18,4,126,74,28,133,44,72,31" hai2="87,17,115,43,84,88,107,11,71,51,124,82,34" hai3="122,66,45,100,102,6,103,8,63,92,125,58,109"/><V16/><F34/><W134/><G122/><T5/><D37/><U119/><E119/><V113/><F71/><W131/><G125/><T89/><D32/><U114/><E126/><V54/><F107/><W9/><G109/><T65/><D65/><U67/><E114/><V14/><F124/><W93/><G134/><N who="1" m="51210" /><E108/><V57/><F43/><W96/><G45/><T41/><D77/><U123/><E123/><V19/><REACH who="2" step="1"/><F87/><REACH who="2" ten="369,185,203,223" step="2"/><W70/><G70/><T76/><D41/><U36/><E36/><V33/><F33/><W38/><G38/><T49/><D106/><U60/><E72/><V111/><F111/><W52/><G96/><T21/><D99/><U101/><E74/><V86/><F86/><W27/><G66/><T120/><D73/><U68/><E68/><V62/><F62/><W26/><G63/><T0/><D120/><U128/><E60/><V42/><F42/><W23/><G52/><T98/><D55/><U59/><E67/><V61/><F61/><W105/><G105/><T7/><D53/><U121/><E121/><V1/><F1/><W91/><G58/><T97/><D98/><U132/><E132/><V30/><F30/><N who="1" m="11305" /><E44/><V110/><F110/><W78/><G102/><T104/><D97/><U35/><E101/><V3/><F3/><W69/><G100/><T10/><D0/><U81/><E35/><V13/><F13/><W12/><G103/><T48/><D15/><U39/><E59/><V75/><F75/><W118/><G69/><T79/><D29/><U64/><E64/><V85/><F85/><W112/><G12/><N who="0" m="5199" /><D104/><U116/><E56/><RYUUKYOKU ba="1,2" sc="369,-10,185,-10,203,30,223,-10" hai2="11,14,16,17,19,51,54,57,82,84,88,113,115" /><INIT seed="2,2,2,3,5,54" ten="359,175,233,213" oya="2" hai0="43,8,134,70,2,99,38,124,123,128,81,17,77" hai1="76,4,0,86,108,135,98,27,60,21,7,120,111" hai2="74,125,117,16,11,133,82,20,39,22,9,131,29" hai3="91,107,102,72,64,48,78,1,31,49,101,58,66"/><V71/><F71/><W67/><G1/><T73/><D123/><U85/><E135/><V33/><F39/><W88/><G31/><T75/><D70/><U13/><E120/><V36/><F36/><W40/><G107/><T44/><D17/><U80/><E0/><V104/><F104/><W56/><G72/><T51/><D124/><U47/><E13/><V106/><F106/><W122/><G78/><T119/><D128/><U93/><E85/><V83/><F133/><W112/><G122/><T100/><D134/><U118/><E47/><V96/><F117/><W18/><G18/><T94/><D119/><U14/><E14/><V37/><F37/><W121/><G121/><T126/><D126/><U62/><E118/><V32/><F131/><W10/><G10/><T127/><D127/><U57/><E62/><V19/><F125/><W3/><G3/><T26/><D26/><U84/><E84/><V55/><F74/><W59/><G112/><T25/><D25/><U115/><E115/><V28/><F55/><W109/><G40/><T130/><D130/><U24/><E24/><V41/><REACH who="2" step="1"/><F96/><REACH who="2" ten="359,175,223,213" step="2"/><W35/><G109/><T30/><D73/><U6/><E108/><V45/><F45/><W12/><G35/><T52/><D38/><U61/><E111/><V63/><F63/><W69/><G69/><T90/><D44/><U15/><E60/><V114/><F114/><W23/><G67/><T68/><D68/><U53/><E98/><V50/><F50/><W97/><G97/><T110/><D110/><U132/><E132/><V5/><F5/><W95/><G49/><RYUUKYOKU ba="2,3" sc="359,-10,175,-10,223,30,213,-10" hai2="9,11,16,19,20,22,28,29,32,33,41,82,83" /><INIT seed="2,3,3,4,3,7" ten="349,165,253,203" oya="2" hai0="15,30,76,11,113,99,126,14,53,96,29,128,62" hai1="47,114,4,59,103,130,65,46,84,41,106,56,89" hai2="38,36,110,74,0,121,111,116,118,24,75,80,8" hai3="109,48,26,12,57,40,73,131,100,87,68,19,18"/><V77/><F24/><W60/><G73/><T134/><D113/><U34/><E114/><V9/><F121/><W43/><G109/><N who="2" m="41481" /><F75/><W88/><G131/><T108/><D108/><U123/><E34/><V63/><F63/><W35/><G100/><T22/><D134/><U37/><E130/><V102/><F102/><W52/><G35/><T95/><D76/><U92/><E123/><V45/><F45/><W64/><G26/><T50/><D62/><U122/><E122/><V86/><F86/><W129/><G129/><T104/><D99/><U98/><E65/><V28/><F28/><W66/><G66/><T20/><D29/><U1/><REACH who="1" step="1"/><E47/><REACH who="1" ten="349,155,253,203" step="2"/><V27/><F27/><W5/><G5/><T67/><D67/><U39/><E39/><N who="2" m="14891" /><F0/><W21/><REACH who="3" step="1"/><G19/><REACH who="3" ten="349,155,253,193" step="2"/><T16/><D16/><U78/><E78/><V72/><F72/><W79/><G79/><T97/><D128/><U70/><E70/><V17/><F17/><W120/><G120/><T71/><D71/><U124/><E124/><V132/><F132/><W119/><G119/><AGARI ba="3,5" hai="8,9,74,77,80,116,118,119" m="14891,41481" machi="119" ten="40,12000,1" yaku="14,1,10,1,52,2" doraHai="7" who="2" fromWho="3" sc="349,0,155,0,253,179,193,-129" /><INIT seed="2,4,0,5,3,92" ten="349,155,432,64" oya="2" hai0="23,120,90,41,34,53,1,113,86,81,2,97,103" hai1="125,31,14,83,42,54,95,105,91,108,3,48,4" hai2="85,98,62,135,55,127,69,101,77,112,71,64,128" hai3="46,115,44,50,82,8,123,6,104,89,39,57,84"/><V30/><F112/><W129/><G123/><T28/><D34/><U72/><E105/><V121/><F121/><W51/><G115/><T75/><D113/><U21/><E3/><V131/><F127/><W13/><G104/><T79/><D41/><U70/><E70/><V19/><F30/><W100/><G100/><T134/><D134/><U114/><E125/><V33/><F135/><W56/><G39/><T40/><D40/><U16/><E108/><V94/><F33/><W74/><G74/><T29/><D53/><U37/><E114/><V102/><F19/><W11/><G129/><N who="2" m="49737" /><F55/><W7/><G46/><T110/><D110/><U45/><E4/><V59/><F102/><W132/><G132/><T65/><D28/><U35/><E31/><V126/><F126/><W22/><G22/><T133/><D23/><U116/><E116/><V17/><F17/><W106/><G106/><T93/><D29/><U38/><E35/><V67/><F67/><W60/><G60/><T24/><D65/><U111/><E111/><V130/><N who="2" m="49745" /><V20/><DORA hai="66" /><F20/><W15/><REACH who="3" step="1"/><G51/><REACH who="3" ten="349,155,432,54" step="2"/><T124/><D124/><U58/><E38/><V5/><F5/><W10/><G10/><T49/><D49/><U96/><E37/><V47/><F47/><W76/><G76/><T32/><D133/><U63/><E48/><V25/><F69/><W99/><G99/><T119/><D120/><U52/><E45/><V122/><F71/><W43/><AGARI ba="4,1" hai="6,7,8,11,13,15,43,44,50,56,57,82,84,89" machi="43" ten="20,8000,1" yaku="1,1,0,1,7,1,9,1,8,1,53,0" doraHai="92,66" doraHaiUra="109,27" who="3" fromWho="3" sc="349,-24,155,-24,432,-44,54,102" /><INIT seed="3,0,0,4,1,35" ten="325,131,388,156" oya="3" hai0="23,66,88,10,98,45,60,83,67,0,107,108,80" hai1="112,119,19,118,94,1,76,37,58,12,127,133,115" hai2="102,104,128,130,101,121,9,47,70,8,42,87,71" hai3="13,72,77,105,38,29,132,20,89,25,63,6,73"/><W22/><G38/><T123/><D123/><U21/><E37/><V59/><F121/><W64/><G105/><T16/><D108/><U68/><E68/><V116/><F59/><W41/><G41/><T85/><D98/><U124/><E76/><V3/><F87/><W51/><G51/><T36/><D107/><U96/><E94/><V106/><F116/><N who="1" m="44585" /><E58/><V15/><F15/><W113/><G113/><N who="1" m="43594" /><E96/><V44/><F42/><W84/><G77/><T134/><D45/><U90/><E90/><V125/><F3/><W126/><G126/><AGARI ba="0,0" hai="8,9,44,47,70,71,101,102,104,106,125,126,128,130" machi="126" ten="25,1600,0" yaku="22,2" doraHai="35" who="2" fromWho="3" sc="325,0,131,0,388,16,156,-16" /><INIT seed="4,0,0,0,4,25" ten="325,131,404,140" oya="0" hai0="77,91,110,114,3,59,19,8,106,86,56,67,35" hai1="13,125,76,92,108,44,15,69,63,74,58,104,23" hai2="82,9,60,31,116,128,129,41,115,94,14,97,32" hai3="4,36,80,71,101,33,20,55,126,123,0,66,78"/><T127/><D114/><U2/><E108/><V81/><F115/><W99/><G33/><T42/><D127/><U100/><E125/><V132/><F41/><W117/><G126/><T119/><D119/><U49/><E69/><V96/><F116/><W54/><G117/><T83/><D106/><U57/><E2/><V111/><F111/><W48/><G36/><T130/><D130/><U109/><E104/><V85/><F132/><W124/><G124/><T84/><D35/><U6/><E109/><V10/><F31/><W88/><G123/><T61/><D42/><U29/><E76/><V45/><F32/><W89/><G4/><T68/><D110/><U62/><E74/><V87/><F45/><W79/><G0/><T1/><D1/><U93/><E100/><V37/><F60/><N who="1" m="23081" /><E15/><V12/><F94/><N who="1" m="36457" /><E6/><V102/><F37/><W11/><G11/><T113/><D113/><U27/><E13/><V34/><F34/><W133/><G133/><T131/><D131/><U135/><E135/><V26/><F26/><W28/><G71/><T107/><D107/><U38/><E38/><V39/><F39/><W40/><G66/><T17/><D3/><U46/><E46/><V122/><REACH who="2" step="1"/><F102/><REACH who="2" ten="325,131,394,140" step="2"/><W7/><G101/><T112/><D112/><U22/><E23/><V30/><F30/><W47/><G20/><T50/><D68/><U43/><AGARI ba="0,1" hai="22,27,29,43,44,49,57,58" m="36457,23081" machi="43" ten="30,2000,0" yaku="8,1,52,1" doraHai="25" who="1" fromWho="1" sc="325,-10,131,30,394,-5,140,-5" /><INIT seed="5,0,0,1,2,10" ten="315,161,389,135" oya="1" hai0="97,40,65,17,9,114,16,115,119,92,23,46,116" hai1="51,5,4,84,107,36,126,88,61,117,60,118,125" hai2="86,83,55,77,14,106,128,0,105,64,96,59,72" hai3="6,44,47,41,62,79,94,34,110,99,56,26,123"/><U87/><E36/><V3/><F128/><W21/><G123/><T50/><D65/><U130/><E107/><V134/><F134/><W133/><G110/><T48/><D48/><U25/><E51/><V12/><F72/><W49/><G133/><T81/><D81/><U13/><E25/><V131/><F131/><W7/><G34/><T53/><D40/><U112/><E130/><V69/><F69/><W43/><G79/><T109/><D109/><U39/><E39/><V132/><F64/><W127/><G127/><N who="1" m="48650" /><E87/><V28/><F28/><W32/><G32/><T98/><D50/><U33/><E112/><V91/><F132/><W1/><G1/><T30/><D114/><U75/><E33/><V18/><F0/><W66/><G44/><T70/><D30/><U20/><E75/><V121/><F3/><W108/><G43/><T68/><D46/><U102/><E102/><V124/><F124/><W113/><G113/><T95/><D115/><U82/><E4/><V101/><F121/><W78/><G78/><T58/><D98/><U129/><E129/><V8/><F106/><W74/><G74/><T19/><D97/><U15/><E5/><V76/><F12/><N who="1" m="4681" /><E20/><V135/><F135/><W73/><G73/><T57/><D23/><U89/><E89/><V104/><F104/><W38/><G38/><T100/><D100/><U42/><E42/><V90/><F90/><N who="3" m="55767" /><G108/><T63/><D9/><U29/><E29/><AGARI ba="0,0" hai="6,7,21,26,29,41,47,49,56,62,66" m="55767" machi="29" ten="30,1000,0" yaku="8,1" doraHai="10" who="3" fromWho="1" sc="315,0,161,-10,389,0,135,10" /><INIT seed="6,0,0,1,3,32" ten="315,151,389,145" oya="2" hai0="31,54,90,7,1,100,2,95,24,65,46,41,127" hai1="37,26,3,97,43,96,113,114,12,57,33,38,11" hai2="4,108,55,106,27,124,87,101,53,98,123,104,83" hai3="21,79,129,105,42,103,34,56,69,133,116,82,58"/><V110/><F27/><W85/><G34/><T60/><D127/><U29/><E57/><V76/><F124/><W49/><G116/><T119/><D7/><N who="1" m="1535" /><E43/><V13/><F123/><W39/><G69/><T77/><D77/><U50/><E50/><V48/><F13/><W117/><G117/><T128/><D54/><U25/><E26/><V35/><F35/><W70/><G70/><T10/><D10/><U88/><E12/><V86/><F4/><W18/><G129/><T66/><D100/><U9/><E9/><V67/><F67/><W62/><G133/><T121/><D121/><U81/><E97/><V8/><F8/><W131/><G131/><T51/><D128/><U28/><E29/><V84/><F106/><W93/><G105/><T61/><D65/><U118/><E118/><V134/><F53/><W78/><G39/><T80/><D80/><U36/><E96/><V22/><F22/><W15/><G79/><T122/><D122/><U19/><E19/><V74/><REACH who="2" step="1"/><F134/><REACH who="2" ten="315,151,379,145" step="2"/><W44/><G21/><T125/><D119/><U6/><E6/><V91/><F91/><W107/><G107/><T5/><D5/><U132/><E132/><V64/><F64/><N who="3" m="38983" /><G15/><T52/><D125/><U102/><E102/><V17/><F17/><W120/><G18/><T73/><D66/><U94/><E33/><V14/><F14/><W99/><G120/><T112/><D24/><U63/><E25/><V126/><F126/><W68/><G68/><T75/><D90/><U23/><E23/><V72/><F72/><W115/><G115/><N who="1" m="44042" /><E28/><V30/><F30/><W130/><G130/><RYUUKYOKU ba="0,1" sc="315,-15,151,-15,379,15,145,15" hai2="48,55,74,76,83,84,86,87,98,101,104,108,110" hai3="42,44,49,58,78,82,85,93,99,103" /><INIT seed="6,1,1,4,2,92" ten="300,136,394,160" oya="2" hai0="7,74,88,39,114,84,20,82,83,38,17,90,25" hai1="128,123,47,71,60,42,4,122,14,105,63,101,100" hai2="54,98,117,49,1,80,51,121,48,62,129,50,18" hai3="81,0,31,102,35,36,115,15,97,111,116,65,21"/><V70/><F1/><W27/><G111/><T32/><D114/><U69/><E128/><V19/><F121/><N who="1" m="46089" /><E4/><V8/><F129/><W23/><G116/><T72/><D32/><U78/><E78/><V29/><F117/><W89/><G36/><T107/><D107/><U103/><E14/><V87/><F29/><W37/><G37/><T79/><D7/><U96/><E63/><V133/><F133/><W46/><G0/><T76/><REACH who="0" step="1"/><D90/><REACH who="0" ten="290,136,394,160" step="2"/><U86/><E101/><V59/><F18/><W64/><G35/><T24/><D24/><U131/><E131/><V30/><F30/><W26/><G89/><T5/><D5/><U110/><E110/><V109/><F109/><W130/><G115/><T53/><D53/><U34/><E34/><V132/><F132/><W68/><G130/><T57/><D57/><U118/><E103/><V10/><F70/><N who="1" m="26633" /><E118/><V95/><F19/><W126/><G68/><T120/><D120/><U9/><E42/><V45/><F8/><W67/><G27/><T44/><D44/><U113/><E47/><V3/><F10/><W28/><G46/><T73/><D73/><U125/><E113/><V6/><F6/><W11/><G11/><T77/><D77/><U33/><E33/><V40/><F3/><W58/><G26/><T124/><D124/><U119/><E125/><V55/><N who="2" m="12288" /><DORA hai="66" /><V127/><F127/><W135/><G126/><T56/><D56/><U12/><E119/><V61/><F59/><W52/><G135/><T22/><D22/><N who="3" m="8201" /><G15/><T91/><D91/><U134/><E134/><V106/><F106/><W94/><G58/><RYUUKYOKU ba="1,2" sc="290,30,136,-10,394,-10,160,-10" hai0="17,20,25,38,39,72,74,76,79,82,83,84,88" /><INIT seed="7,2,2,1,1,119" ten="320,126,384,150" oya="3" hai0="18,124,122,135,46,128,69,99,95,9,42,49,28" hai1="87,74,118,36,73,52,44,51,102,37,25,0,114" hai2="85,93,47,13,65,81,111,8,131,72,127,80,12" hai3="75,77,83,116,134,115,70,19,104,97,35,14,53"/><W130/><G116/><T30/><D69/><U62/><E118/><V54/><F111/><W48/><G70/><T16/><D128/><U121/><E0/><V79/><F127/><W34/><G130/><T23/><D135/><U88/><E121/><V123/><F131/><W60/><G134/><T7/><D122/><U56/><E102/><V84/><F123/><W3/><G3/><T92/><D124/><U40/><E114/><V71/><F71/><W64/><G60/><T5/><D18/><U24/><E37/><V1/><F65/><W63/><G63/><T21/><D23/><U17/><E36/><V43/><F54/><W100/><G64/><T78/><D78/><U20/><E25/><V29/><F29/><N who="0" m="11370" /><D9/><U94/><AGARI ba="2,2" hai="17,20,24,40,44,51,52,56,62,73,74,87,88,94" machi="94" ten="20,5200,0" yaku="0,1,7,1,54,2" doraHai="119" who="1" fromWho="1" sc="320,-15,126,78,384,-15,150,-28" owari="305,11.0,204,-20.0,369,47.0,122,-38.0" /></mjloggm>