<mjloggm ver="2.3"><GO type="185" lobby="0"/><UN n0="%E3%81%B5%E3%81%96%E3%81%91%E3%82%8B%E3%83%9F%EF%BC%81" n1="%63%61%6C%63%2E" n2="%E3%81%AE%E3%83%BC%E3%81%97" n3="" dan="17,19,18,0" rate="2214.30,2373.90,2272.44,1500.00" sx="M,M,M,C"/><TAIKYOKU oya="0"/><INIT seed="0,0,0,3,3,101" ten="350,350,350,0" oya="0" hai0="133,62,84,52,130,56,120,47,82,113,97,67,81" hai1="90,78,51,126,100,89,46,80,92,115,44,66,48" hai2="75,38,60,50,77,55,37,61,71,68,95,116,45" hai3=""/><T79/><N who="0" m="30752" /><T33/><D133/><U110/><E110/><V87/><F116/><T105/><D130/><U59/><E126/><V94/><F75/><T74/><D113/><U39/><E39/><N who="2" m="14859" /><F95/><T85/><D33/><U134/><E100/><V76/><F94/><T1/><D1/><U41/><E134/><V123/><N who="2" m="31520" /><V129/><F87/><T125/><D125/><U65/><E59/><V99/><F99/><T118/><D118/><U42/><E115/><V70/><F77/><T104/><D97/><U86/><REACH who="1" step="1"/><E90/><REACH who="1" ten="350,340,350,0" step="2"/><V36/><F129/><T34/><D34/><U63/><E63/><N who="2" m="24139" /><F76/><T124/><D124/><U122/><N who="1" m="31264" /><U102/><E102/><V121/><F36/><T54/><D74/><AGARI ba="0,1" hai="41,42,44,46,48,51,65,66,74,78,80,86,89,92" m="31264" machi="74" ten="30,12000,2" yaku="1,1,7,1,9,1,52,1,53,2" doraHai="101" doraHaiUra="40" who="1" fromWho="0" sc="350,-120,340,130,350,0,0,0" /><INIT seed="1,0,0,3,2,97" ten="230,470,350,0" oya="1" hai0="74,112,105,88,48,104,56,38,84,50,121,123,127" hai1="41,106,87,118,54,128,46,82,3,90,53,102,64" hai2="44,1,72,35,75,60,37,91,80,77,32,119,2" hai3=""/><U98/><E118/><V69/><F119/><T113/><N who="0" m="31008" /><T124/><N who="0" m="31520" /><T63/><D74/><U125/><E3/><V129/><F129/><T40/><D38/><U132/><E128/><V92/><F75/><T93/><D105/><U81/><E132/><V36/><F1/><T59/><D104/><U110/><E125/><N who="0" m="48201" /><D56/><U101/><E110/><V47/><F2/><T133/><D133/><U62/><E81/><V57/><F69/><T103/><D103/><U100/><E102/><V79/><F37/><T131/><D131/><U71/><E101/><V117/><F117/><T109/><D109/><U55/><REACH who="1" step="1"/><E55/><REACH who="1" ten="230,460,350,0" step="2"/><V76/><F32/><T68/><D113/><U49/><AGARI ba="0,1" hai="41,46,49,53,54,62,64,71,82,87,90,98,100,106" machi="49" ten="20,8000,1" yaku="1,1,2,1,0,1,7,1,52,1,53,0" doraHai="97" doraHaiUra="114" who="1" fromWho="1" sc="230,-40,460,90,350,-40,0,0" /><INIT seed="1,1,0,2,0,106" ten="190,550,310,0" oya="1" hai0="109,63,111,125,130,134,94,1,46,77,32,50,122" hai1="90,119,124,118,104,87,97,41,60,121,55,36,101" hai2="116,38,72,89,88,112,39,99,81,117,75,133,66" hai3=""/><U51/><N who="1" m="31008" /><U126/><E60/><V53/><F66/><T68/><N who="0" m="31264" /><T85/><D1/><U86/><E41/><V84/><F53/><T57/><D32/><U80/><E36/><V34/><F34/><T42/><D130/><U129/><E129/><V37/><F112/><T48/><D134/><U69/><E69/><V102/><F133/><T40/><D125/><N who="1" m="48235" /><E87/><V35/><F35/><T100/><D68/><U54/><E54/><V71/><F71/><T2/><D2/><U47/><AGARI ba="1,0" hai="47,51,55,80,86,90,97,101,104,118,119" m="48235,31008" machi="47" ten="30,2000,0" yaku="18,1,52,1" doraHai="106" who="1" fromWho="1" sc="190,-11,550,22,310,-11,0,0" /><INIT seed="1,2,0,0,1,110" ten="179,572,299,0" oya="1" hai0="131,58,134,72,52,90,97,73,113,75,98,95,130" hai1="39,126,56,44,66,81,63,32,94,91,69,35,50" hai2="117,128,80,109,88,62,3,92,76,93,71,47,133" hai3=""/><U82/><BYE who="2" /><E126/><UN n2="%E3%81%AE%E3%83%BC%E3%81%97" /><V68/><F117/><T54/><D134/><U61/><E82/><V120/><N who="2" m="30752" /><V107/><F3/><T112/><D54/><U48/><E81/><V36/><F107/><T49/><REACH who="0" step="1"/><D97/><REACH who="0" ten="169,572,299,0" step="2"/><U96/><E35/><V87/><F133/><T108/><D108/><U60/><E32/><V64/><F64/><T42/><BYE who="2" /><D42/><U43/><E61/><V38/><F38/><T34/><D34/><U79/><REACH who="1" step="1"/><E79/><REACH who="1" ten="169,562,299,0" step="2"/><UN n2="%E3%81%AE%E3%83%BC%E3%81%97" /><V122/><N who="2" m="31264" /><V89/><F109/><T51/><D51/><U0/><E0/><V37/><F37/><T123/><N who="0" m="31520" /><T57/><D57/><U33/><E33/><V85/><F36/><T55/><D55/><AGARI ba="2,2" hai="39,43,44,48,50,55,56,60,63,66,69,91,94,96" machi="55" ten="30,2900,0" yaku="1,1,7,1,53,0" doraHai="110" doraHaiUra="118" who="1" fromWho="0" sc="169,-33,562,53,299,0,0,0" /><INIT seed="1,3,0,1,1,52" ten="136,615,299,0" oya="1" hai0="119,54,92,131,45,105,116,58,66,117,67,110,0" hai1="109,50,123,129,90,64,115,72,101,130,107,120,60" hai2="113,2,132,3,36,118,37,100,126,47,62,68,122" hai3=""/><U39/><N who="1" m="30752" /><U1/><N who="1" m="31520" /><U114/><E39/><V82/><N who="2" m="31264" /><V102/><F118/><T33/><D105/><U74/><E1/><V104/><F113/><T96/><D33/><U79/><E50/><V73/><F132/><T35/><D35/><U43/><E43/><V76/><F126/><T91/><D0/><U69/><E109/><V112/><F112/><N who="1" m="43049" /><E90/><V78/><F78/><T40/><D110/><U95/><E95/><V128/><F37/><T75/><D40/><U71/><E71/><V125/><F36/><T34/><D91/><U121/><N who="1" m="31008" /><U61/><E61/><V127/><F62/><T80/><D92/><U81/><E74/><V97/><F68/><T59/><D34/><U57/><E57/><V63/><F63/><T89/><D58/><U65/><E65/><V124/><F47/><T70/><D45/><U77/><E77/><V88/><F88/><T103/><D70/><U38/><E38/><V44/><F44/><T85/><D89/><U41/><E41/><V55/><F2/><T106/><D117/><U42/><E42/><V86/><F3/><T46/><D119/><U87/><E87/><V83/><F86/><T135/><D116/><U108/><E108/><V134/><F76/><RYUUKYOKU ba="3,0" sc="136,-10,615,20,299,-10,0,0" hai1="60,64,69,72,79,81,101,107,129,130" /><INIT seed="1,4,0,2,2,125" ten="126,635,289,0" oya="1" hai0="99,62,37,59,119,41,58,116,74,79,104,46,118" hai1="1,117,71,82,87,127,124,93,56,113,115,64,112" hai2="68,54,101,40,77,81,33,85,38,35,66,123,129" hai3=""/><U3/><E117/><V103/><N who="2" m="31520" /><V95/><F54/><T83/><REACH who="0" step="1"/><D62/><REACH who="0" ten="116,635,289,0" step="2"/><U50/><E112/><V47/><F33/><T63/><D63/><U90/><E113/><V97/><F35/><T78/><D78/><U135/><E115/><V120/><N who="2" m="30752" /><V94/><F66/><T98/><D98/><U73/><E64/><V36/><F68/><T110/><D110/><U100/><E71/><V105/><F101/><AGARI ba="4,1" hai="37,41,46,58,59,74,79,83,99,101,104,116,118,119" machi="101" ten="40,2600,0" yaku="1,1,12,1,53,0" doraHai="125" doraHaiUra="131" who="0" fromWho="2" sc="116,44,635,0,289,-34,0,0" /><INIT seed="2,0,0,0,4,67" ten="160,635,255,0" oya="2" hai0="106,92,55,69,122,52,110,132,90,76,133,116,56" hai1="113,112,120,100,134,65,125,123,135,107,79,34,64" hai2="91,3,53,61,129,32,117,2,36,40,80,57,74" hai3=""/><V104/><F32/><T118/><N who="0" m="31264" /><T72/><D110/><U81/><N who="1" m="30752" /><U111/><N who="1" m="31520" /><U68/><E111/><V73/><F104/><T88/><D106/><U46/><E46/><V128/><F117/><N who="0" m="45162" /><D56/><U109/><E125/><V121/><N who="2" m="31008" /><V96/><F40/><T37/><D37/><U41/><E41/><V78/><F74/><T71/><D76/><U44/><E44/><V97/><F36/><T38/><D38/><U60/><E65/><V0/><REACH who="2" step="1"/><F91/><REACH who="2" ten="160,635,245,0" step="2"/><N who="0" m="34858" /><D72/><U42/><E42/><V54/><F54/><N who="0" m="20522" /><D92/><U126/><E109/><V49/><F49/><T108/><D108/><U48/><E48/><V103/><F103/><T35/><D35/><U127/><E34/><V98/><AGARI ba="0,1" hai="0,2,3,53,57,61,73,78,80,96,97,98,128,129" m="31008" machi="98" ten="40,5200,0" yaku="1,1,0,1,52,1,53,0" doraHai="67" doraHaiUra="84" who="2" fromWho="2" sc="160,-26,635,-26,245,62,0,0" /><INIT seed="2,1,0,4,0,112" ten="134,609,307,0" oya="2" hai0="101,59,87,98,2,49,128,93,83,115,132,45,51" hai1="116,104,90,123,73,118,34,92,91,111,81,77,41" hai2="79,1,120,134,125,66,63,46,95,108,61,89,113" hai3=""/><V130/><N who="2" m="30752" /><V42/><F1/><T122/><D132/><U121/><N who="1" m="31008" /><U37/><N who="1" m="31520" /><U48/><E34/><V68/><F113/><T47/><N who="0" m="31264" /><T40/><D115/><U82/><E37/><V53/><F134/><T64/><D128/><U114/><E114/><V54/><F130/><T106/><D2/><U135/><E135/><V71/><F125/><T35/><D35/><U72/><E104/><V94/><F79/><T32/><D32/><U97/><E111/><V117/><F108/><T70/><D70/><U43/><E48/><V85/><F117/><N who="1" m="45161" /><E90/><V124/><F95/><T105/><D105/><U44/><E44/><V3/><F3/><T36/><D106/><U127/><E127/><V119/><F119/><T39/><D39/><U69/><E69/><V133/><F133/><T99/><D47/><U102/><E102/><V57/><F124/><T88/><D36/><U78/><AGARI ba="1,0" hai="41,43,72,73,77,78,81,82,91,92,97" m="45161,31520,31008" machi="78" ten="30,9000,2" yaku="12,1,52,5" doraHai="112" who="1" fromWho="1" sc="134,-31,609,92,307,-61,0,0" /><INIT seed="4,0,0,1,4,109" ten="103,701,246,0" oya="0" hai0="95,80,49,77,99,58,106,135,72,85,46,32,50" hai1="40,59,84,124,88,112,2,122,3,53,114,44,133" hai2="93,36,91,132,52,63,74,55,89,57,82,103,130" hai3=""/><T110/><D135/><U47/><N who="1" m="31264" /><U67/><E67/><V92/><F132/><T104/><D110/><U90/><E124/><V78/><F36/><T108/><D108/><U125/><E125/><V42/><F42/><T37/><D32/><U113/><E133/><V97/><F130/><T33/><D33/><U64/><E64/><V45/><F45/><N who="1" m="17481" /><E40/><V62/><F93/><T121/><N who="0" m="31008" /><T48/><D72/><U79/><E79/><V123/><N who="2" m="31520" /><V66/><REACH who="2" step="1"/><F55/><REACH who="2" ten="103,701,236,0" step="2"/><T41/><REACH who="0" step="1"/><D58/><AGARI ba="0,1" hai="52,57,58,62,63,66,74,78,82,89,91,92,97,103" m="31520" machi="58" ten="30,8000,1" yaku="1,1,2,1,7,1,52,1,54,1,53,0" doraHai="109" doraHaiUra="0" who="2" fromWho="0" sc="103,-80,701,0,236,90,0,0" /><INIT seed="5,0,0,0,0,43" ten="23,701,326,0" oya="1" hai0="117,57,98,74,77,46,70,90,124,91,67,94,87" hai1="68,102,75,113,56,73,125,132,131,63,128,133,60" hai2="115,110,55,35,127,71,104,129,121,51,40,134,85" hai3=""/><U42/><BYE who="0" /><E102/><V99/><RYUUKYOKU type="yao9" ba="0,0" sc="23,0,701,0,326,0,0,0" hai2="35,40,51,55,71,85,99,104,110,115,121,127,129,134" /><INIT seed="5,1,0,4,1,43" ten="23,701,326,0" oya="1" hai0="109,33,88,82,90,91,78,133,76,111,112,36,93" hai1="77,0,118,131,34,132,45,59,134,69,124,47,99" hai2="48,106,42,58,49,130,101,44,3,55,37,129,60" hai3=""/><U119/><E69/><V81/><F101/><T116/><D116/><UN n0="%E3%81%B5%E3%81%96%E3%81%91%E3%82%8B%E3%83%9F%EF%BC%81" /><U46/><E34/><V122/><N who="2" m="31264" /><V52/><F106/><T71/><D36/><U126/><E0/><V110/><F81/><T89/><D71/><U98/><E59/><V79/><F79/><T65/><D65/><U104/><E77/><V62/><F3/><T54/><D54/><U67/><E67/><V51/><F110/><T57/><D57/><AGARI ba="1,0" hai="37,42,44,48,49,51,52,55,57,58,60,62,129,130" m="31264" machi="57" ten="40,12000,2" yaku="9,1,34,3,52,2,54,1" doraHai="43" who="2" fromWho="0" sc="23,-122,701,0,326,122,0,0" owari="-99,-70.0,701,65.0,448,5.0,0,0.0" /></mjloggm>