<mjloggm ver="2.3"><GO type="169" lobby="0"/><UN n0="%E3%81%8B%E3%81%A5%E3%81%8D%EF%BC%B8%EF%BC%A9" n1="%E6%AD%A6%E5%89%87%E8%BC%9D%E6%B5%B7" n2="%E5%B0%8F%E6%89%8B%E8%BF%94%E6%92%B2%E6%BB%85%E4%BC%9A%E9%95%B7" n3="%E3%81%8F%E3%81%85%E3%81%A1%E3%82%83%E3%82%93%EF%BC%A0%50%45" dan="16,16,17,16" rate="2122.25,2104.43,2174.39,2179.03" sx="M,M,F,M"/><TAIKYOKU oya="0"/><INIT seed="0,0,0,5,2,84" ten="250,250,250,250" oya="0" hai0="93,12,18,95,102,68,63,104,82,56,80,87,103" hai1="83,65,114,6,25,58,26,17,55,78,112,28,85" hai2="29,41,16,123,100,73,76,34,134,52,66,38,101" hai3="96,3,130,120,61,7,113,131,77,35,90,22,42"/><T15/><D68/><U81/><E6/><V71/><F123/><W33/><G113/><T57/><D104/><U48/><E114/><V30/><F76/><W46/><G120/><T60/><D87/><U44/><E112/><V129/><F73/><W37/><G77/><T40/><REACH who="0" step="1"/><D18/><REACH who="0" ten="240,250,250,250" step="2"/><U14/><E85/><V126/><F16/><W47/><G130/><T2/><D2/><U109/><E78/><V45/><F71/><W59/><G131/><T51/><D51/><U133/><E17/><V50/><F50/><W20/><G3/><T31/><D31/><U36/><E28/><V67/><F29/><W75/><G75/><T105/><D105/><U122/><E48/><V72/><F30/><W0/><G0/><T117/><D117/><U91/><E122/><V92/><F72/><W108/><G37/><T125/><D125/><U62/><E36/><V99/><F126/><W124/><G124/><T135/><D135/><U88/><E133/><V110/><F134/><W24/><G7/><T21/><D21/><U39/><E39/><V86/><F86/><W115/><G22/><T79/><D79/><U94/><E83/><V118/><F118/><W8/><G20/><T10/><D10/><U69/><E81/><V89/><F129/><W9/><G8/><T70/><D70/><U97/><E69/><V107/><F107/><W111/><G9/><T98/><D98/><U119/><E97/><V23/><F23/><W132/><G96/><T128/><D128/><U1/><E1/><V19/><F38/><W27/><G132/><T121/><D121/><U5/><E119/><RYUUKYOKU ba="0,1" sc="240,30,250,-10,250,-10,250,-10" hai0="12,15,40,56,57,60,63,80,82,93,95,102,103" /><INIT seed="0,1,1,2,0,63" ten="270,240,240,240" oya="0" hai0="54,58,61,93,6,122,49,110,53,29,87,68,134" hai1="86,120,27,13,126,19,37,52,109,60,129,0,74" hai2="92,8,100,42,70,132,59,57,102,55,130,28,118" hai3="79,105,101,64,125,11,7,75,33,131,117,45,81"/><T24/><D122/><U38/><E0/><V3/><F70/><W78/><G117/><T62/><D134/><U23/><E74/><V121/><F121/><W127/><G33/><T91/><D6/><U80/><E120/><V4/><F132/><W99/><G45/><T88/><D91/><U44/><E109/><V30/><F130/><W104/><G104/><T10/><D10/><U103/><E129/><V50/><F118/><W66/><G79/><T89/><D89/><U116/><E126/><N who="3" m="48138" /><G131/><T47/><D110/><U35/><E103/><V34/><F34/><W90/><G90/><T65/><D24/><U2/><E2/><AGARI ba="1,1" hai="2,7,11,64,66,75,78,81,99,101,105" m="48138" machi="2" ten="30,3900,0" yaku="18,1,52,2" doraHai="63" who="3" fromWho="1" sc="270,0,240,-42,240,0,240,52" /><INIT seed="1,0,0,1,3,8" ten="270,198,240,292" oya="1" hai0="83,113,49,99,47,3,123,76,61,36,79,80,71" hai1="103,92,2,102,93,97,73,120,14,112,38,105,111" hai2="127,135,94,110,69,42,50,43,77,54,121,6,46" hai3="67,90,30,9,65,68,56,7,62,45,41,44,40"/><U64/><E2/><V128/><F121/><W60/><G30/><T33/><D3/><U84/><E38/><V55/><F77/><W86/><G41/><T5/><D5/><U122/><E64/><V96/><F127/><W87/><G44/><T53/><D33/><U29/><E29/><V115/><F115/><W31/><G31/><T114/><D123/><U20/><E112/><V39/><F135/><W104/><G104/><T74/><D36/><U17/><E73/><V18/><F6/><W101/><G101/><T134/><D99/><U51/><E111/><V35/><F35/><W48/><REACH who="3" step="1"/><G90/><REACH who="3" ten="270,198,240,282" step="2"/><T24/><D113/><U116/><E105/><V129/><F43/><W109/><G109/><T27/><D114/><U12/><E122/><V21/><F110/><W91/><G91/><T23/><D134/><U4/><E120/><V133/><F69/><W108/><G108/><T131/><D71/><U88/><E103/><N who="2" m="60823" /><F133/><W32/><G32/><T13/><D79/><U28/><E28/><V72/><F42/><W66/><G66/><T95/><D76/><U85/><E116/><V124/><F46/><W11/><G11/><T70/><D47/><U15/><E4/><V89/><F89/><W125/><G125/><T57/><D70/><U16/><E17/><V26/><F124/><W132/><G132/><T78/><D78/><U119/><E119/><V82/><F18/><W0/><AGARI ba="0,1" hai="0,7,9,40,45,48,56,60,62,65,67,68,86,87" machi="0" ten="20,2700,0" yaku="1,1,0,1,7,1,53,0" doraHai="8" doraHaiUra="10" who="3" fromWho="3" sc="270,-7,198,-13,240,-7,282,37" /><INIT seed="2,0,0,5,3,43" ten="263,185,233,319" oya="2" hai0="42,72,19,0,130,69,38,7,47,124,108,90,41" hai1="15,39,26,91,73,123,111,101,119,37,86,135,110" hai2="126,30,21,84,116,107,24,62,99,100,28,12,54" hai3="63,1,32,4,22,74,81,83,85,49,127,67,103"/><V25/><F116/><W115/><G32/><T80/><D108/><U93/><E119/><V52/><F126/><W70/><G127/><T113/><D90/><U131/><E131/><V40/><F40/><W55/><G115/><T14/><D42/><U5/><E73/><V13/><F84/><W75/><G103/><T77/><D113/><U112/><E112/><V36/><F36/><W59/><G83/><T66/><D19/><U10/><E135/><V117/><F117/><W58/><G22/><T104/><D14/><U34/><E123/><V95/><F107/><W134/><G134/><T121/><D121/><U96/><E26/><V20/><F62/><W106/><G106/><T27/><D27/><U46/><E34/><V109/><F109/><N who="1" m="41481" /><E46/><V57/><F57/><W98/><G98/><T125/><D104/><AGARI ba="0,0" hai="5,10,15,37,39,86,91,93,96,101,104" m="41481" machi="104" ten="30,1000,0" yaku="14,1" doraHai="43" who="1" fromWho="0" sc="263,-10,185,10,233,0,319,0" /><INIT seed="3,0,0,4,5,65" ten="253,195,233,319" oya="3" hai0="76,87,133,73,63,79,108,125,12,71,135,16,94" hai1="114,100,45,42,105,54,132,119,57,120,30,13,134" hai2="52,11,70,37,93,64,101,121,2,129,21,107,117" hai3="92,60,127,29,15,67,123,8,1,112,78,89,58"/><W84/><G112/><T48/><D125/><U46/><E30/><V7/><F117/><W47/><G123/><T72/><D108/><U43/><E105/><V22/><F37/><W56/><G127/><T88/><D48/><U99/><E13/><V104/><F129/><W44/><G1/><T90/><D90/><U98/><E100/><V116/><F116/><W19/><G29/><T62/><D62/><U113/><E119/><V35/><F35/><W53/><REACH who="3" step="1"/><G78/><REACH who="3" ten="253,195,233,309" step="2"/><T124/><D124/><U61/><E120/><V27/><F2/><W6/><G6/><T130/><D130/><U96/><E114/><V28/><F7/><W86/><G86/><T80/><D79/><U66/><E113/><V97/><F28/><W85/><G85/><T40/><D73/><U41/><E132/><V10/><F121/><W5/><G5/><T75/><D40/><U83/><E134/><N who="0" m="51209" /><D76/><U103/><E41/><V118/><F118/><W17/><G17/><T3/><D3/><U24/><E42/><V91/><F97/><W109/><G109/><T69/><D80/><U95/><E83/><V68/><F107/><W23/><G23/><N who="0" m="11655" /><D72/><U49/><E98/><V126/><F104/><W26/><G26/><T51/><D75/><U81/><E99/><V34/><F22/><W31/><G31/><T0/><D0/><U4/><E81/><V18/><F21/><W39/><G39/><T111/><D111/><U9/><E24/><V32/><F27/><W74/><G74/><T55/><D63/><AGARI ba="0,1" hai="8,15,19,44,47,53,56,58,60,63,67,84,89,92" machi="63" ten="30,5800,0" yaku="1,1,7,1,8,1,53,0" doraHai="65" doraHaiUra="38" who="3" fromWho="0" sc="253,-58,195,0,233,0,309,68" /><INIT seed="3,1,0,0,0,19" ten="195,195,233,377" oya="3" hai0="117,75,68,129,21,15,38,70,23,3,48,53,74" hai1="42,110,63,44,27,41,20,82,84,121,31,98,43" hai2="2,16,60,113,22,94,83,64,24,104,49,79,109" hai3="32,107,69,8,54,6,9,33,95,5,103,13,119"/><W29/><G69/><T118/><D3/><U10/><E121/><V35/><F104/><W57/><G107/><T115/><D38/><U55/><E110/><V46/><F109/><W71/><G71/><T122/><D122/><U28/><E28/><V106/><F106/><W100/><G119/><T36/><D36/><U39/><E98/><V131/><F113/><W61/><G29/><T130/><D15/><U97/><E97/><V59/><F2/><W1/><REACH who="3" step="1"/><G95/><REACH who="3" ten="195,195,233,367" step="2"/><T17/><D115/><U45/><E39/><V30/><F30/><W102/><AGARI ba="1,1" hai="1,5,6,8,9,13,32,33,54,57,61,100,102,103" machi="102" ten="30,6000,0" yaku="1,1,2,1,0,1,53,0" doraHai="19" doraHaiUra="127" who="3" fromWho="3" sc="195,-21,195,-21,233,-21,367,73" /><INIT seed="3,2,0,3,5,43" ten="174,174,212,440" oya="3" hai0="103,71,91,54,41,11,53,30,63,20,13,89,61" hai1="110,115,101,6,85,107,66,59,21,114,116,28,77" hai2="67,125,97,65,104,19,64,100,108,123,35,130,58" hai3="112,25,10,117,128,49,31,22,83,15,82,106,56"/><W96/><G112/><T40/><D103/><U74/><E6/><V26/><F108/><W12/><G117/><T52/><D71/><U90/><E28/><V78/><F130/><W60/><G128/><T44/><D30/><U38/><E21/><V105/><F125/><W109/><G109/><T46/><D20/><U133/><E38/><V126/><F126/><W75/><G75/><T2/><D2/><U68/><E68/><V34/><F105/><W45/><G106/><T36/><D89/><U118/><E110/><V4/><F4/><W69/><G96/><T37/><REACH who="0" step="1"/><D91/><REACH who="0" ten="164,174,212,440" step="2"/><U32/><E101/><V7/><F100/><W55/><G69/><T50/><D50/><U1/><E90/><V119/><F119/><W88/><G88/><T132/><D132/><U72/><E133/><V18/><F104/><W42/><REACH who="3" step="1"/><G15/><REACH who="3" ten="164,174,212,430" step="2"/><T86/><D86/><U5/><E85/><V3/><F3/><W8/><G8/><T9/><D9/><U111/><E107/><V121/><F97/><W135/><G135/><T33/><D33/><U73/><E111/><V134/><F134/><W39/><G39/><T17/><AGARI ba="2,2" hai="11,13,17,36,37,40,41,44,46,52,53,54,61,63" machi="17" ten="30,12000,2" yaku="1,1,0,1,9,1,52,2,54,1,53,0" doraHai="43" doraHaiUra="124" who="0" fromWho="0" sc="164,146,174,-32,212,-32,430,-62" /><INIT seed="4,0,0,2,5,63" ten="310,142,180,368" oya="0" hai0="44,32,58,99,118,45,65,31,89,106,17,85,93" hai1="105,91,88,64,97,10,115,84,34,9,102,1,33" hai2="40,24,70,3,77,26,134,7,2,67,69,42,79" hai3="73,57,135,36,35,127,61,46,87,132,8,90,72"/><T76/><D118/><U14/><E115/><V27/><F7/><W19/><G35/><T22/><D32/><U111/><E111/><V94/><F94/><W120/><G120/><T95/><D31/><U125/><E125/><V92/><F92/><W13/><G127/><T100/><D76/><U56/><E1/><V59/><F59/><W6/><G6/><T23/><D23/><U16/><E10/><V128/><F134/><N who="3" m="51243" /><G36/><T11/><D11/><U86/><E86/><V18/><F18/><W54/><G46/><T15/><D106/><U117/><E91/><V104/><F27/><W109/><G109/><T21/><D21/><U129/><E117/><V114/><F114/><W108/><G108/><T71/><D71/><U20/><E9/><V82/><F82/><AGARI ba="0,0" hai="8,13,19,54,57,61,72,73,82,87,90" m="51243" machi="82" ten="30,1000,0" yaku="20,1" doraHai="63" who="3" fromWho="2" sc="310,0,142,0,180,-10,368,10" /><INIT seed="5,0,0,1,3,64" ten="310,142,170,378" oya="1" hai0="131,73,25,53,39,92,105,74,47,75,28,58,118" hai1="8,31,122,27,107,63,40,102,78,120,94,6,79" hai2="56,108,42,23,110,1,126,18,130,97,71,99,49" hai3="68,45,29,26,60,81,14,100,72,12,103,65,37"/><U7/><E107/><V13/><F1/><W44/><G72/><T85/><D105/><U0/><E7/><V3/><F3/><W98/><G81/><T112/><D118/><U57/><E40/><V41/><F130/><W33/><G100/><T19/><D112/><U117/><E117/><V34/><F34/><W116/><G116/><T62/><D131/><U24/><E24/><V76/><F76/><W95/><G37/><T9/><D9/><U21/><E122/><V5/><F5/><W51/><G44/><T48/><D19/><U89/><E120/><V67/><F126/><W30/><REACH who="3" step="1"/><G29/><REACH who="3" ten="310,142,170,368" step="2"/><T114/><D39/><U111/><E102/><V124/><F124/><W127/><G127/><T66/><D114/><U80/><E80/><V52/><F42/><AGARI ba="0,1" hai="12,14,26,30,33,42,45,51,60,65,68,95,98,103" machi="42" ten="30,3900,0" yaku="1,1,7,1,52,1,53,0" doraHai="64" doraHaiUra="69" who="3" fromWho="2" sc="310,0,142,0,170,-39,368,49" /><INIT seed="6,0,0,1,3,97" ten="310,142,131,417" oya="2" hai0="64,91,115,14,74,27,59,20,81,29,39,126,38" hai1="117,113,40,42,76,35,84,22,46,123,62,114,3" hai2="47,68,24,55,52,119,61,99,121,23,18,111,129" hai3="33,54,94,16,112,8,44,83,116,25,105,102,71"/><V32/><F119/><W5/><G116/><T122/><D122/><U51/><E35/><V31/><F121/><W57/><G71/><T48/><D115/><N who="1" m="44043" /><E117/><V107/><F129/><W49/><G112/><T43/><D126/><U63/><E123/><V85/><F111/><W132/><G105/><T15/><D39/><U7/><E42/><V2/><F2/><W79/><G132/><T130/><D38/><U92/><E22/><V6/><F6/><W96/><G33/><T53/><D43/><U65/><E65/><V110/><F85/><N who="3" m="48383" /><G5/><T133/><D133/><U104/><E104/><V124/><F124/><W9/><G44/><T10/><D130/><U12/><E3/><V118/><F110/><W45/><G45/><T41/><D41/><U17/><E17/><V108/><F108/><W70/><G70/><T88/><D64/><U34/><E34/><V67/><F47/><W36/><G36/><T90/><D74/><U1/><E1/><V82/><F82/><W60/><G60/><T103/><D81/><N who="1" m="47143" /><E92/><V95/><F118/><W30/><G30/><T128/><D128/><U86/><E86/><V19/><F107/><W127/><G127/><T78/><D78/><U58/><E58/><V26/><REACH who="2" step="1"/><F19/><REACH who="2" ten="310,142,121,417" step="2"/><W75/><G75/><T13/><D10/><AGARI ba="0,1" hai="7,10,12,40,46,51,62,63" m="47143,44043" machi="10" ten="30,2000,0" yaku="25,1,15,1" doraHai="97" who="1" fromWho="0" sc="310,-20,142,30,121,0,417,0" /><INIT seed="7,0,0,1,0,117" ten="290,172,121,417" oya="3" hai0="28,6,96,113,120,89,81,34,119,52,106,36,59" hai1="68,67,80,22,71,49,3,45,102,47,121,72,97" hai2="109,63,30,20,127,0,46,88,111,86,7,108,17" hai3="42,132,64,26,12,103,92,116,105,1,35,23,87"/><W101/><G1/><T24/><D36/><U75/><E3/><V14/><F127/><W60/><G105/><T74/><D119/><U56/><E47/><V84/><F30/><W50/><G35/><T57/><D57/><U83/><E75/><V129/><F129/><W9/><G132/><T61/><D74/><U65/><E71/><V99/><F46/><W27/><G27/><T125/><D125/><U44/><E68/><V76/><F76/><W10/><G10/><T104/><D6/><U5/><E5/><V128/><F128/><W37/><G37/><T2/><D2/><U95/><E45/><V16/><F17/><W18/><G50/><T15/><D15/><U73/><E73/><V13/><F13/><W58/><G42/><T53/><D53/><U130/><E72/><V78/><F78/><W85/><G116/><T33/><D33/><U90/><E56/><V11/><REACH who="2" step="1"/><F63/><REACH who="2" ten="290,172,111,417" step="2"/><W134/><G134/><T115/><D61/><U38/><E130/><V107/><F107/><W66/><G66/><T40/><D104/><U29/><E67/><V62/><F62/><W122/><G122/><T91/><D106/><U25/><E121/><V51/><F51/><W110/><G110/><T43/><D120/><U82/><E65/><V124/><F124/><W112/><G64/><T114/><D43/><N who="1" m="24735" /><E38/><V118/><F118/><W93/><G60/><T133/><D40/><U55/><E55/><V70/><F70/><W21/><G58/><T4/><D133/><U123/><E123/><V32/><F32/><W94/><G12/><T126/><D59/><U48/><E48/><RYUUKYOKU ba="0,1" sc="290,-15,172,15,111,15,417,-15" hai1="22,25,29,80,82,83,90,95,97,102" hai2="0,7,11,14,16,20,84,86,88,99,108,109,111" owari="275,8.0,187,-21.0,126,-37.0,412,50.0" /></mjloggm>