<mjloggm ver="2.3"><GO type="225" lobby="0"/><UN n0="%E5%A4%A7%E5%AE%AE%E5%BF%8D%76" n1="%E5%A4%A9%E3%83%8E%E5%B7%9D%E6%B2%99%E5%A4%9C" n2="%E8%87%AA%E7%A7%B0%E6%9C%80%E5%BC%B7%E9%9B%80%E5%A3%AB%EF%BC%93" n3="%48%4F%4D%4F%E5%A5%B3" dan="17,16,16,16" rate="2181.17,2164.69,2116.30,2118.87" sx="M,F,M,M"/><TAIKYOKU oya="0"/><INIT seed="0,0,0,0,2,94" ten="250,250,250,250" oya="0" hai0="112,34,10,125,123,83,97,60,38,29,126,49,11" hai1="98,82,59,4,50,0,66,84,1,7,109,8,113" hai2="103,47,74,26,57,65,28,122,89,124,3,64,80" hai3="127,46,39,17,33,119,31,133,69,73,111,117,20"/><T90/><D112/><U13/><E109/><V30/><F3/><W106/><G46/><T52/><D123/><U88/><E113/><V96/><F122/><W62/><G31/><T101/><D38/><U14/><E98/><V118/><F118/><W78/><G62/><T9/><D60/><U16/><E7/><V129/><F129/><W120/><G78/><T95/><D29/><U128/><E128/><V5/><F5/><W42/><G20/><T25/><D25/><U116/><E116/><V107/><F124/><N who="0" m="47722" /><D34/><U79/><E79/><V27/><F47/><W18/><G42/><T51/><D51/><U115/><E115/><V132/><F57/><W99/><G18/><T54/><D49/><U81/><E81/><V121/><F121/><W134/><G17/><T32/><D32/><U41/><E41/><V21/><F132/><W44/><G44/><T12/><D12/><U114/><E114/><V131/><F131/><W104/><G120/><T67/><D67/><U37/><E37/><V15/><F15/><W43/><G39/><T6/><D6/><U56/><E66/><V2/><F2/><W110/><G127/><T68/><D68/><U58/><REACH who="1" step="1"/><E50/><REACH who="1" ten="250,240,250,250" step="2"/><V100/><F64/><W40/><G111/><T130/><D130/><U70/><E70/><V22/><F65/><W91/><G69/><T72/><D72/><U71/><E71/><V63/><F74/><W77/><G110/><T19/><D19/><U36/><E36/><V76/><F30/><W24/><G119/><T85/><AGARI ba="0,1" hai="9,10,11,52,54,83,85,90,95,97,101" m="47722" machi="85" ten="40,7800,0" yaku="18,1,52,1,54,1" doraHai="94" who="0" fromWho="0" sc="250,88,240,-26,250,-26,250,-26" /><INIT seed="0,1,0,3,2,89" ten="338,214,224,224" oya="0" hai0="79,128,44,118,127,7,103,67,64,62,4,13,97" hai1="91,92,0,133,98,10,16,24,126,17,46,15,21" hai2="37,132,25,75,104,117,55,93,100,35,106,30,96" hai3="61,74,8,43,58,101,72,71,108,54,83,63,130"/><T68/><D118/><U5/><E126/><V95/><F37/><W102/><G130/><T31/><D67/><U99/><E133/><V94/><F75/><W114/><G114/><T50/><D127/><U38/><E38/><V33/><F132/><W2/><G108/><T124/><D124/><U84/><REACH who="1" step="1"/><E46/><REACH who="1" ten="338,204,224,224" step="2"/><V116/><F106/><W42/><G72/><T22/><D44/><U69/><E69/><V57/><REACH who="2" step="1"/><F33/><REACH who="2" ten="338,204,214,224" step="2"/><W45/><G74/><T14/><D128/><U88/><E88/><V113/><F113/><W28/><G71/><T52/><D68/><U121/><E121/><V40/><F40/><W77/><G43/><T115/><D115/><U1/><E1/><V36/><F36/><W12/><G2/><T109/><D109/><U60/><E60/><AGARI ba="1,2" hai="25,30,35,55,57,60,93,94,95,96,100,104,116,117" machi="60" ten="40,8000,1" yaku="1,1,52,3,53,1" doraHai="89" doraHaiUra="48" who="2" fromWho="1" sc="338,0,204,-83,214,103,224,0" /><INIT seed="1,0,0,4,2,126" ten="338,121,317,224" oya="1" hai0="89,38,99,102,42,80,62,81,17,7,129,96,124" hai1="34,41,28,70,115,3,123,36,75,11,92,61,14" hai2="101,9,132,53,78,94,44,111,21,48,0,87,71" hai3="127,26,63,83,50,32,12,19,103,82,59,112,51"/><U31/><E75/><V106/><F71/><W116/><G127/><T114/><D114/><U1/><E115/><V130/><F111/><W119/><G103/><T85/><D124/><U55/><E123/><V86/><F132/><W97/><G97/><T77/><D7/><U10/><E92/><V52/><F106/><W2/><G2/><T39/><D62/><U72/><E72/><V30/><F101/><W4/><G4/><T90/><D17/><U118/><E118/><N who="3" m="45098" /><G26/><T121/><D121/><U100/><E100/><V104/><F104/><W113/><G32/><T16/><D16/><U20/><E34/><V15/><F0/><W24/><G24/><T76/><D102/><U69/><E20/><V88/><F30/><N who="1" m="11305" /><E41/><V29/><F29/><W35/><G35/><T68/><D42/><U60/><E36/><V49/><F21/><N who="3" m="11495" /><G112/><T37/><D37/><U54/><E3/><V79/><F86/><W64/><G113/><T33/><D33/><U67/><E1/><V122/><F122/><W134/><G134/><T91/><D38/><U117/><E117/><V6/><F130/><W133/><G133/><T98/><D129/><U47/><E47/><AGARI ba="0,0" hai="6,9,15,44,47,48,49,52,53,78,79,87,88,94" machi="47" ten="30,8000,1" yaku="7,1,9,1,8,1,54,2" doraHai="126" who="2" fromWho="1" sc="338,0,121,-80,317,80,224,0" /><INIT seed="2,0,0,0,0,95" ten="338,41,397,224" oya="2" hai0="56,114,83,29,14,129,34,128,108,117,70,44,104" hai1="13,84,35,49,116,125,32,2,115,126,81,67,132" hai2="46,27,53,88,80,68,9,71,78,92,51,26,43" hai3="5,24,106,23,90,121,47,20,89,99,91,86,33"/><V76/><F9/><W25/><G121/><T48/><D70/><U36/><E115/><V74/><F78/><W123/><G5/><T82/><D114/><U111/><E116/><V107/><F107/><W45/><G123/><T73/><D104/><U3/><E36/><V134/><F134/><W120/><G33/><T103/><D103/><U16/><E67/><V37/><F68/><W77/><G77/><T17/><D56/><U28/><E49/><V79/><F79/><W112/><G112/><T54/><D108/><U31/><E84/><V94/><F94/><N who="3" m="56799" /><G106/><T124/><D124/><N who="1" m="47723" /><E81/><V52/><F71/><W66/><G66/><T119/><D29/><N who="1" m="11339" /><E111/><V6/><F6/><W72/><G72/><T12/><D34/><N who="1" m="12843" /><E132/><V131/><F53/><W7/><G120/><T57/><D73/><U41/><E41/><V19/><F37/><W4/><G89/><T87/><D57/><U75/><E75/><V63/><F43/><W133/><G90/><N who="0" m="51575" /><D83/><U55/><E55/><V15/><F63/><W50/><G133/><T11/><D117/><U21/><AGARI ba="0,0" hai="2,3,13,16,21" m="12843,11339,47723" machi="21" ten="40,8000,1" yaku="18,1,34,2,54,1" doraHai="95" who="1" fromWho="1" sc="338,-20,41,80,397,-40,224,-20" /><INIT seed="3,0,0,1,3,92" ten="318,121,357,204" oya="3" hai0="128,26,40,68,38,111,51,84,70,121,33,130,62" hai1="22,45,6,77,14,23,30,67,75,19,93,69,105" hai2="17,89,87,12,64,78,54,13,118,115,1,20,25" hai3="126,96,86,59,39,95,3,132,5,66,37,113,106"/><W50/><G113/><T129/><D121/><U8/><E105/><V71/><F118/><W110/><G126/><T47/><D84/><U117/><E117/><V43/><F115/><W83/><G132/><T31/><D111/><U18/><E75/><V94/><F1/><W58/><G106/><T44/><REACH who="0" step="1"/><D62/><REACH who="0" ten="308,121,357,204" step="2"/><U108/><E108/><V114/><F114/><W133/><G86/><T109/><D109/><U11/><E77/><V100/><F78/><W4/><G110/><T27/><D27/><U7/><E45/><V79/><F79/><W28/><G133/><T24/><D24/><N who="1" m="16671" /><E93/><V57/><F43/><AGARI ba="0,1" hai="26,31,33,38,40,43,44,47,51,68,70,128,129,130" machi="43" ten="40,2600,0" yaku="1,1,19,1,53,0" doraHai="92" doraHaiUra="81" who="0" fromWho="2" sc="308,36,121,0,357,-26,204,0" owari="344,45.0,121,-38.0,331,13.0,204,-20.0" /></mjloggm>