<mjloggm ver="2.3"><GO type="225" lobby="0"/><UN n0="%E3%83%94%E3%83%B3%E3%83%9D%E3%83%B3%E3%83%91%E3%83%BC%E3%83%AB" n1="%E9%9F%93%E8%A1%9B%E9%9D%92" n2="%E8%83%83%E3%81%A8%E8%85%B8" n3="%E5%A4%A9%E7%A9%BA%73%61%79%61" dan="16,16,18,17" rate="2089.84,2181.06,2189.02,2158.20" sx="F,F,M,M"/><TAIKYOKU oya="0"/><INIT seed="0,0,0,5,2,112" ten="250,250,250,250" oya="0" hai0="114,77,34,26,39,47,37,54,58,11,25,135,94" hai1="97,19,92,130,113,108,63,125,22,99,133,100,111" hai2="121,24,62,27,75,20,73,67,128,70,64,46,48" hai3="51,7,42,36,59,127,52,89,120,134,124,65,10"/><T68/><D114/><U72/><E113/><V74/><F121/><W61/><G120/><T131/><D68/><U122/><E122/><V35/><F128/><W3/><G134/><T41/><D131/><U33/><E130/><V90/><F64/><W104/><G104/><T118/><D37/><U116/><E133/><V60/><F60/><W93/><G42/><T81/><D135/><U126/><E72/><V9/><F9/><W38/><G124/><N who="1" m="47722" /><E33/><V17/><F90/><W55/><G55/><T15/><D94/><N who="1" m="58423" /><E63/><V8/><F8/><W23/><G23/><T43/><D43/><U50/><E50/><V110/><F110/><N who="1" m="42025" /><E22/><V83/><F35/><W109/><G127/><T66/><D34/><U91/><E19/><V84/><F24/><W18/><G18/><T6/><D66/><U103/><E103/><V4/><F4/><W106/><G109/><T2/><D15/><U56/><E56/><V98/><F73/><W31/><G31/><T95/><D95/><U86/><E99/><V82/><F98/><W78/><G106/><T30/><D30/><U69/><E69/><V16/><F17/><W107/><G107/><T12/><D12/><U28/><E28/><V96/><F96/><W57/><G38/><T80/><D26/><U0/><E0/><V88/><F74/><W5/><G36/><T117/><D25/><U129/><E129/><V71/><F75/><W44/><G3/><T123/><D123/><U76/><E76/><V101/><F70/><W40/><G78/><T132/><D132/><U87/><E87/><V21/><F84/><W53/><G53/><RYUUKYOKU ba="0,0" sc="250,-10,250,30,250,-10,250,-10" hai1="86,91,92,116" /><INIT seed="1,1,0,4,5,6" ten="240,280,240,240" oya="1" hai0="71,8,124,34,37,14,97,96,33,72,50,54,85" hai1="113,74,133,108,5,76,84,15,66,48,101,115,53" hai2="58,119,43,131,38,44,123,25,11,22,106,12,134" hai3="21,83,104,32,68,116,55,121,19,120,13,20,57"/><U16/><E66/><V23/><F119/><W126/><G68/><T127/><D37/><U27/><E133/><V4/><F123/><W135/><G104/><T42/><D72/><U109/><E74/><V51/><F134/><W117/><G135/><T7/><D71/><U45/><E101/><V132/><F132/><W111/><G32/><T122/><D122/><U103/><E103/><V94/><F106/><W80/><G111/><N who="1" m="42570" /><E5/><V67/><F131/><W93/><G126/><N who="0" m="48171" /><D42/><U89/><E27/><V99/><F25/><W75/><G75/><T49/><D34/><U9/><E76/><V30/><F30/><W70/><G70/><T92/><D33/><U129/><E129/><V0/><F0/><W69/><G69/><T86/><D50/><U61/><E61/><N who="2" m="38327" /><F38/><W63/><G121/><T79/><D79/><U28/><E28/><V118/><F118/><W26/><G120/><T125/><D125/><U102/><E102/><AGARI ba="1,0" hai="4,11,12,22,23,43,44,51,94,99,102" m="38327" machi="102" ten="30,2000,0" yaku="8,1,52,1" doraHai="6" who="2" fromWho="1" sc="240,0,280,-23,240,23,240,0" /><INIT seed="2,0,0,1,1,87" ten="240,257,263,240" oya="2" hai0="108,27,51,81,16,123,61,115,52,84,94,86,131" hai1="43,7,31,92,3,75,34,103,24,54,126,13,68" hai2="110,73,67,15,57,109,100,122,76,105,44,80,62" hai3="0,6,133,70,64,50,93,89,111,28,91,42,53"/><V97/><F122/><W26/><G111/><N who="2" m="42505" /><F15/><W8/><G133/><T125/><D108/><U14/><E68/><V63/><F63/><W124/><G124/><T72/><D125/><U40/><E75/><V9/><F44/><W66/><G42/><T106/><D123/><U69/><E43/><V113/><F9/><W21/><G70/><T29/><D106/><U46/><E69/><N who="2" m="42231" /><F113/><W132/><G132/><T55/><D115/><U47/><E47/><V134/><F57/><W10/><G10/><T121/><D121/><U59/><E14/><V99/><F99/><W33/><G21/><N who="0" m="13735" /><D72/><U11/><E126/><V114/><F114/><W19/><G19/><T18/><D29/><U45/><E13/><V58/><F58/><W82/><G82/><T83/><D131/><U107/><E40/><V37/><F134/><W30/><G30/><T39/><D39/><AGARI ba="0,0" hai="37,39,73,76,80,97,100,105" m="42231,42505" machi="39" ten="30,5800,0" yaku="14,1,10,1,23,1" doraHai="87" who="2" fromWho="0" sc="240,-58,257,0,263,58,240,0" /><INIT seed="2,1,0,3,1,62" ten="182,257,321,240" oya="2" hai0="110,115,68,55,72,106,23,31,20,18,6,123,34" hai1="91,134,84,9,53,117,98,75,42,76,22,116,111" hai2="5,7,128,63,24,39,19,4,124,127,15,122,37" hai3="120,40,101,38,60,74,112,105,57,58,21,104,93"/><V1/><F122/><W44/><G120/><T30/><D123/><U108/><E42/><V71/><F1/><W119/><G119/><N who="1" m="45642" /><E53/><V102/><F24/><W43/><G74/><T66/><D72/><U125/><E9/><V27/><F27/><W126/><G126/><N who="2" m="48169" /><F102/><W47/><G112/><T107/><D115/><U16/><E125/><V52/><F128/><W82/><G82/><T86/><D110/><N who="1" m="42027" /><E134/><V46/><F46/><W67/><G21/><T77/><D34/><U54/><E54/><V78/><F78/><W90/><G101/><T99/><D6/><U109/><E109/><V95/><F95/><W80/><G80/><T0/><D0/><U100/><E76/><V85/><F37/><W103/><G38/><T132/><D132/><U135/><E75/><V48/><F39/><W12/><G43/><T29/><D77/><U65/><E135/><V10/><F48/><W61/><G40/><T130/><D130/><U87/><E91/><V88/><F88/><W70/><G90/><T35/><D35/><U3/><E3/><V131/><F131/><W8/><G8/><T11/><D11/><U45/><E45/><V89/><F89/><W81/><G47/><T50/><D86/><U17/><E84/><V56/><F85/><W94/><G44/><N who="0" m="28103" /><D99/><U26/><E87/><V118/><F118/><W92/><G81/><T96/><D96/><U2/><E2/><V13/><F13/><W33/><G33/><T69/><D107/><N who="1" m="63895" /><E17/><V25/><F25/><W49/><G104/><T97/><D18/><U121/><E121/><V36/><F36/><W51/><G105/><RYUUKYOKU ba="1,0" sc="182,-15,257,15,321,15,240,-15" hai1="16,22,26,65" hai2="4,5,7,10,15,19,52,56,63,71" /><INIT seed="2,2,0,5,3,39" ten="167,272,336,225" oya="2" hai0="61,99,129,1,16,66,28,7,29,44,51,74,6" hai1="49,71,4,93,126,54,30,128,37,26,132,78,84" hai2="80,107,133,22,36,106,85,109,57,87,76,116,97" hai3="0,98,108,27,101,82,94,3,10,62,60,59,125"/><V65/><F116/><W20/><G108/><T110/><D74/><U63/><E37/><V112/><F112/><W92/><G125/><T5/><D110/><U127/><E4/><V8/><F109/><W25/><G82/><T95/><D129/><U21/><E128/><V77/><F133/><W35/><G35/><T41/><D1/><U47/><E132/><V46/><F8/><W18/><G27/><T89/><REACH who="0" step="1"/><D16/><REACH who="0" ten="157,272,336,225" step="2"/><U43/><E126/><V134/><F134/><W72/><G72/><T67/><D67/><U40/><E127/><V105/><F65/><W121/><G0/><T122/><D122/><U17/><E71/><V14/><F14/><W117/><G121/><T64/><D64/><U96/><E17/><V120/><F120/><W135/><G135/><T104/><D104/><U34/><E34/><V32/><F32/><W131/><G131/><T23/><D23/><U70/><E70/><V102/><F22/><W115/><G115/><T24/><D24/><U124/><E124/><V103/><F105/><W55/><G117/><T111/><D111/><U19/><E19/><V38/><F106/><W15/><G3/><T53/><D53/><U75/><E75/><V86/><F107/><W13/><G13/><T130/><D130/><U83/><E63/><V2/><F2/><W56/><G60/><T91/><D91/><AGARI ba="2,1" hai="21,26,30,40,43,47,49,54,78,83,84,91,93,96" machi="91" ten="30,7700,0" yaku="7,1,8,1,52,2" doraHai="39" who="1" fromWho="0" sc="157,-83,272,93,336,0,225,0" /><INIT seed="3,0,0,1,4,18" ten="74,365,336,225" oya="3" hai0="25,17,40,83,87,45,35,2,4,70,128,64,27" hai1="120,124,7,68,12,61,33,21,19,82,90,42,86" hai2="16,123,81,94,1,24,34,62,129,3,26,112,72" hai3="99,88,20,71,93,132,36,104,79,85,127,38,69"/><W111/><G127/><T8/><D128/><U63/><E124/><V41/><F112/><W80/><G132/><T131/><D131/><U115/><E115/><V39/><F129/><W122/><G122/><T50/><D70/><U37/><E68/><V11/><F123/><W49/><G111/><T100/><D64/><U133/><E120/><V55/><F94/><W43/><G104/><T97/><D35/><U0/><E33/><V58/><F34/><W13/><G71/><T103/><D103/><U67/><E133/><V77/><F1/><W125/><G69/><T114/><D114/><U89/><E67/><V6/><REACH who="2" step="1"/><F16/><REACH who="2" ten="74,365,326,225" step="2"/><N who="3" m="10255" /><G36/><T116/><D116/><U44/><E0/><V126/><F126/><W73/><G38/><T92/><D17/><U98/><E7/><V121/><F121/><W75/><G75/><T60/><D2/><U51/><E37/><V109/><F109/><W54/><G125/><T84/><D84/><N who="1" m="50327" /><E98/><V108/><F108/><W135/><G135/><T56/><D4/><U76/><E76/><V23/><F23/><W59/><G73/><T74/><D74/><U105/><E105/><V30/><F30/><W14/><G14/><T66/><D87/><U22/><E21/><V117/><F117/><W52/><G59/><T134/><D56/><U32/><E32/><V28/><F28/><W107/><G107/><T113/><D134/><U31/><E31/><V15/><F15/><W118/><G118/><T48/><D113/><U110/><E110/><V96/><F96/><W101/><G99/><T53/><D97/><U46/><E46/><AGARI ba="0,1" hai="3,6,11,24,26,39,41,46,55,58,62,72,77,81" machi="46" ten="40,5200,0" yaku="1,1,25,2,53,0" doraHai="18" doraHaiUra="29" who="2" fromWho="1" sc="74,0,365,-52,326,62,225,0" owari="74,-43.0,313,11.0,388,49.0,225,-17.0" /></mjloggm>