<mjloggm ver="2.3"><GO type="185" lobby="0"/><UN n0="%E3%81%B6%E3%82%8B%E3%81%AF%E3%81%A4" n1="%E6%96%B0%E5%AE%BF%E6%96%B9%E9%9D%A2%E3%80%82" n2="%67%6C%61%6E%7A%39%30" n3="" dan="16,16,18,0" rate="2130.26,2090.63,2371.10,1500.00" sx="M,M,M,C"/><TAIKYOKU oya="0"/><INIT seed="0,0,0,3,0,87" ten="350,350,350,0" oya="0" hai0="119,115,99,103,121,48,129,112,117,94,41,59,70" hai1="62,133,42,45,73,63,39,80,53,102,109,126,108" hai2="106,0,43,86,90,67,132,40,84,75,61,32,105" hai3=""/><T110/><N who="0" m="31008" /><T2/><D2/><U68/><E102/><V44/><F75/><T100/><D70/><U47/><E80/><V72/><F72/><T82/><D129/><U69/><E73/><V91/><F132/><T93/><D41/><U36/><E42/><V89/><F0/><T60/><D48/><U96/><E96/><V122/><N who="2" m="31264" /><V135/><F135/><T81/><D59/><U97/><E97/><V123/><N who="2" m="31520" /><V58/><F32/><T98/><D60/><U88/><E88/><V113/><F113/><T78/><D110/><U85/><E85/><V125/><F125/><T51/><D51/><U46/><E46/><V116/><F116/><T92/><D92/><U52/><E133/><V95/><F43/><T64/><D64/><U127/><AGARI ba="0,0" hai="36,39,45,47,52,53,62,63,68,69,108,109,126,127" machi="127" ten="25,9000,2" yaku="0,1,22,2,34,3,54,1" doraHai="87" who="1" fromWho="1" sc="350,-60,350,90,350,-30,0,0" /><INIT seed="1,0,0,1,1,107" ten="290,440,320,0" oya="1" hai0="93,36,81,37,112,33,114,120,105,38,106,88,72" hai1="73,68,115,40,1,39,125,65,133,123,83,34,91" hai2="46,49,43,55,45,122,63,110,96,54,67,80,79" hai3=""/><U66/><RYUUKYOKU type="yao9" ba="0,0" sc="290,0,440,0,320,0,0,0" hai1="1,34,39,40,65,66,68,73,83,91,115,123,125,133" /><INIT seed="1,1,0,4,2,44" ten="290,440,320,0" oya="1" hai0="1,61,125,59,73,112,132,42,53,51,38,131,36" hai1="121,39,70,114,134,122,108,40,78,129,58,80,86" hai2="0,90,115,126,64,37,87,98,35,2,63,77,109" hai3=""/><U41/><N who="1" m="31008" /><U56/><N who="1" m="31264" /><U49/><E114/><V52/><F35/><T54/><D73/><U3/><E3/><V75/><F115/><T91/><D112/><U95/><E70/><V96/><F37/><N who="0" m="14442" /><D1/><U135/><E39/><V88/><F2/><T67/><D91/><U46/><E40/><V133/><F0/><T113/><D113/><U92/><E108/><V85/><F109/><T119/><D131/><U103/><E129/><V84/><F126/><T79/><D79/><U62/><E58/><V74/><F133/><N who="1" m="50697" /><E103/><V106/><F64/><AGARI ba="1,0" hai="41,46,49,56,62,64,78,80,86,92,95" m="50697,31264,31008" machi="64" ten="30,11600,0" yaku="20,1,52,3" doraHai="44" who="1" fromWho="2" sc="290,0,440,118,320,-118,0,0" /><INIT seed="1,2,0,0,5,62" ten="290,558,202,0" oya="1" hai0="84,121,125,71,51,131,134,122,127,69,98,48,35" hai1="87,47,63,61,119,90,40,114,34,67,60,56,66" hai2="135,97,57,101,79,75,88,41,32,102,64,103,42" hai3=""/><U54/><E114/><V38/><F32/><T68/><N who="0" m="31008" /><T49/><N who="0" m="31264" /><T39/><D35/><U104/><E34/><V59/><F135/><T76/><D134/><U73/><E104/><V70/><F70/><T65/><D39/><U126/><E73/><V108/><F108/><T93/><D131/><U115/><E115/><V118/><F118/><T52/><D76/><U36/><E119/><V96/><F79/><T112/><D84/><U99/><E99/><V109/><F109/><T110/><D110/><U130/><E130/><V78/><F78/><T91/><D112/><U3/><E3/><V50/><F38/><T45/><D65/><U2/><E2/><V85/><F75/><T128/><D128/><U123/><N who="1" m="31520" /><U100/><E100/><V132/><F132/><T82/><D82/><U105/><E105/><V92/><F64/><T83/><D83/><U77/><E77/><V81/><F97/><T117/><D117/><U0/><E0/><V46/><F42/><T74/><D74/><U89/><E87/><V111/><F111/><T55/><REACH who="0" step="1"/><D49/><REACH who="0" ten="280,558,202,0" step="2"/><U95/><E67/><V124/><F81/><T106/><D106/><U33/><E66/><V80/><F80/><T120/><N who="0" m="30752" /><T43/><D43/><RYUUKYOKU ba="2,1" sc="280,20,558,-10,202,-10,0,0" hai0="45,48,51,52,55,68,69,71,91,93,98,125,127" /><INIT seed="2,3,1,0,1,64" ten="300,548,192,0" oya="2" hai0="87,125,2,39,97,113,96,57,42,85,46,71,72" hai1="110,104,114,76,82,73,56,54,132,118,92,134,58" hai2="69,133,130,81,50,107,106,95,1,32,63,40,124" hai3=""/><V33/><F1/><T0/><D72/><U90/><E114/><V103/><F130/><T131/><D113/><U3/><E3/><V59/><F124/><T36/><D131/><U47/><E104/><V129/><F129/><T88/><D125/><U65/><E118/><V122/><N who="2" m="31264" /><V112/><F112/><T116/><D116/><U102/><E102/><V67/><F133/><N who="1" m="51305" /><E65/><V74/><F107/><T94/><D39/><U115/><E115/><V128/><F128/><T79/><D0/><U68/><E68/><V49/><F106/><T84/><D2/><U93/><E93/><V83/><F103/><T60/><D71/><U109/><E47/><V135/><F95/><T41/><D41/><U127/><E127/><V101/><F101/><T108/><D108/><N who="1" m="41579" /><E54/><V86/><F135/><T34/><D34/><U55/><E55/><V62/><F33/><T52/><REACH who="0" step="1"/><D97/><AGARI ba="3,1" hai="56,58,73,76,82,90,92,97" m="41579,51305" machi="97" ten="30,2000,0" yaku="20,1,14,1" doraHai="64" who="1" fromWho="0" sc="300,-26,548,36,192,0,0,0" /><INIT seed="4,0,0,5,5,112" ten="274,584,192,0" oya="0" hai0="115,116,109,33,65,131,48,37,129,128,75,106,83" hai1="71,77,104,91,66,132,76,99,108,134,130,43,100" hai2="79,74,42,70,96,92,1,36,121,72,56,107,133" hai3=""/><T73/><D33/><U46/><E108/><V52/><N who="2" m="31008" /><V98/><F1/><T78/><D37/><U114/><E114/><V32/><F32/><T58/><D115/><U102/><E102/><V84/><F70/><T81/><D109/><U90/><E66/><V57/><F133/><N who="1" m="51305" /><E71/><V101/><F57/><T113/><D113/><U125/><E125/><V94/><F84/><T87/><D106/><U89/><E130/><V86/><F86/><T69/><D69/><U124/><E124/><V51/><F79/><T63/><D48/><AGARI ba="0,0" hai="43,46,48,76,77,89,90,91,99,100,104" m="51305" machi="48" ten="30,1000,0" yaku="20,1" doraHai="112" who="1" fromWho="0" sc="274,-10,584,10,192,0,0,0" /><INIT seed="5,0,0,5,0,85" ten="264,594,192,0" oya="1" hai0="77,35,57,51,128,49,124,41,114,132,94,66,37" hai1="70,120,73,102,134,115,92,34,126,72,118,101,59" hai2="87,110,45,0,116,100,74,55,44,82,58,106,52" hai3=""/><U39/><RYUUKYOKU type="yao9" ba="0,0" sc="264,0,594,0,192,0,0,0" hai1="34,39,59,70,72,73,92,101,102,115,118,120,126,134" /><INIT seed="5,1,0,1,4,50" ten="264,594,192,0" oya="1" hai0="80,106,0,46,87,125,113,124,75,66,70,74,105" hai1="114,120,86,98,123,89,40,121,1,79,3,35,67" hai2="37,47,32,72,63,68,111,69,51,107,119,130,33" hai3=""/><U84/><N who="1" m="30752" /><U73/><N who="1" m="31008" /><U122/><N who="1" m="31264" /><U100/><N who="1" m="31520" /><U42/><E67/><V52/><F111/><T2/><D46/><U131/><E35/><V110/><F110/><T55/><D55/><U116/><E116/><V77/><F119/><T38/><D38/><U133/><E133/><V126/><F107/><N who="0" m="40970" /><D113/><U60/><E131/><V57/><F130/><T127/><D66/><U58/><E58/><V76/><F126/><N who="0" m="32258" /><T64/><DORA hai="96" /><D64/><U134/><E114/><V65/><F69/><T93/><D93/><U48/><BYE who="0" /><E89/><V78/><F72/><T41/><D41/><AGARI ba="1,0" hai="32,33,37,41,47,51,52,57,63,65,68,76,77,78" machi="41" ten="40,8000,1" yaku="24,2,52,1,54,1" doraHai="50,96" who="2" fromWho="0" sc="264,-82,594,0,192,82,0,0" /><INIT seed="6,0,0,2,2,114" ten="182,594,274,0" oya="2" hai0="89,44,86,36,120,72,45,75,130,56,68,48,84" hai1="78,49,58,74,0,102,135,71,112,33,122,134,52" hai2="70,61,55,108,79,124,59,42,95,1,133,60,128" hai3=""/><V83/><F1/><T90/><D90/><U103/><N who="1" m="31264" /><U41/><E0/><V116/><F116/><T94/><D94/><U115/><E71/><V132/><F108/><T85/><D85/><U100/><E41/><V87/><F128/><T35/><D35/><U57/><E33/><V37/><F124/><T67/><D67/><U98/><E98/><V113/><F113/><N who="1" m="43593" /><E57/><V47/><F95/><T81/><D81/><AGARI ba="0,0" hai="49,52,58,74,78,81,100,102,103,134,135" m="43593,31264" machi="81" ten="40,5200,0" yaku="15,1,52,1,54,1" doraHai="114" who="1" fromWho="0" sc="182,-52,594,52,274,0,0,0" owari="130,-47.0,646,60.0,274,-13.0,0,0.0" /></mjloggm>