<mjloggm ver="2.3"><GO type="185" lobby="0"/><UN n0="%4B%69%64%6F%37%35%30%30" n1="%E3%82%B3%E3%82%B3%E3%82%A2%E3%81%AF%E4%BF%BA%E3%81%AE%E5%AB%81" n2="%79%61%6D%61%64%61%35%35" n3="" dan="16,17,16,0" rate="2126.64,2208.22,2183.14,1500.00" sx="M,F,M,C"/><TAIKYOKU oya="0"/><INIT seed="0,0,0,4,1,110" ten="350,350,350,0" oya="0" hai0="128,114,50,100,73,75,62,76,111,68,81,77,106" hai1="67,115,108,131,36,32,64,93,78,1,47,105,113" hai2="94,42,55,56,109,44,117,54,74,87,69,123,49" hai3=""/><T88/><D128/><U86/><E105/><V3/><N who="2" m="31520" /><V63/><F74/><T79/><D111/><U104/><E108/><V66/><F3/><T126/><D68/><U43/><E1/><V34/><F109/><T124/><D62/><U95/><E32/><V53/><F34/><T101/><D50/><U51/><E104/><V52/><F117/><T35/><D35/><U130/><E36/><V90/><REACH who="2" step="1"/><F55/><REACH who="2" ten="350,350,340,0" step="2"/><T57/><D75/><U70/><E131/><V112/><F112/><N who="1" m="43081" /><E130/><V91/><F91/><T89/><D114/><U135/><E135/><V125/><F125/><N who="0" m="48234" /><D73/><U83/><E67/><V96/><F96/><T98/><D101/><U127/><E127/><V45/><F45/><T122/><N who="0" m="31264" /><T133/><D133/><U59/><E70/><AGARI ba="0,1" hai="42,44,49,52,53,54,56,63,66,69,70,87,90,94" m="31520" machi="70" ten="40,12000,2" yaku="1,1,52,1,54,1,53,3" doraHai="110" doraHaiUra="48" who="2" fromWho="1" sc="350,0,350,-120,340,130,0,0" /><INIT seed="1,0,0,2,0,40" ten="350,230,470,0" oya="1" hai0="121,50,41,54,134,107,130,128,116,34,106,111,75" hai1="62,122,77,32,94,56,109,132,133,64,86,57,88" hai2="66,114,112,127,102,67,85,61,90,65,49,0,81" hai3=""/><U69/><N who="1" m="31264" /><U108/><E32/><V39/><F0/><T105/><N who="0" m="31008" /><T110/><D75/><U89/><E77/><V129/><F129/><N who="0" m="49770" /><D34/><U135/><REACH who="1" step="1"/><E89/><REACH who="1" ten="350,220,470,0" step="2"/><V79/><F90/><T45/><D116/><U59/><AGARI ba="0,1" hai="56,57,59,62,64,69,86,88,94,108,109,132,133,135" m="31264" machi="59" ten="40,12000,2" yaku="1,1,2,1,0,1,20,1,52,1,54,1,53,1" doraHai="40" doraHaiUra="91" who="1" fromWho="1" sc="350,-60,220,130,470,-60,0,0" /><INIT seed="1,1,0,3,2,32" ten="290,350,410,0" oya="1" hai0="107,120,91,61,66,108,106,131,119,79,135,50,112" hai1="110,39,37,95,123,74,41,2,53,3,49,130,46" hai2="121,93,113,105,76,57,65,44,126,114,129,55,87" hai3=""/><U101/><N who="1" m="31520" /><U80/><E130/><V58/><N who="2" m="31008" /><V127/><F105/><T52/><N who="0" m="30752" /><T36/><D108/><U81/><E110/><V133/><F129/><T98/><D112/><N who="2" m="43114" /><F133/><T124/><D36/><U34/><E34/><V60/><F76/><T90/><D135/><U75/><E95/><V92/><F87/><T122/><N who="0" m="31264" /><T118/><D131/><U43/><E101/><V134/><F134/><T99/><D124/><N who="2" m="47658" /><F44/><T86/><D79/><U71/><E71/><V40/><F40/><T72/><D72/><U89/><E46/><V35/><F35/><T83/><D91/><U0/><E0/><V128/><F128/><T56/><D107/><U102/><E102/><V68/><F68/><T132/><D132/><U78/><E89/><V111/><F111/><T77/><D77/><U62/><E78/><V94/><F94/><T103/><REACH who="0" step="1"/><D99/><REACH who="0" ten="280,350,410,0" step="2"/><U73/><E73/><V69/><F69/><AGARI ba="1,1" hai="50,52,56,61,66,69,83,86,90,98,103,106,118,119" m="31264,30752" machi="69" ten="40,12000,2" yaku="1,1,2,1,52,2,54,1,53,1" doraHai="32" doraHaiUra="64" who="0" fromWho="2" sc="280,132,350,0,410,-122,0,0" /><INIT seed="2,0,0,2,5,113" ten="412,350,288,0" oya="2" hai0="45,93,63,109,121,102,64,34,90,100,78,37,48" hai1="83,86,75,114,135,119,76,53,57,99,81,92,59" hai2="55,132,70,97,66,134,44,67,120,96,125,123,33" hai3=""/><V39/><N who="2" m="30752" /><V94/><N who="2" m="31520" /><V112/><F33/><T52/><N who="0" m="31008" /><T82/><D34/><U108/><E108/><V127/><F112/><T107/><D37/><U133/><E114/><V80/><F80/><T42/><D42/><U117/><E57/><V87/><F87/><T62/><D107/><U65/><E65/><N who="2" m="24587" /><F70/><T116/><D116/><N who="1" m="44619" /><E53/><V51/><F39/><T105/><D109/><U50/><E59/><V54/><F54/><T72/><D105/><U1/><E50/><V3/><F3/><T106/><D106/><U73/><E1/><V84/><F84/><T85/><D63/><U115/><E115/><V41/><F55/><T2/><REACH who="0" step="1"/><D2/><REACH who="0" ten="402,350,288,0" step="2"/><U110/><E110/><V89/><F97/><T69/><AGARI ba="0,1" hai="45,48,52,62,64,69,72,78,82,85,90,93,100,102" m="31008" machi="69" ten="20,9000,2" yaku="1,1,2,1,0,1,7,1,52,1,54,1,53,0" doraHai="113" doraHaiUra="35" who="0" fromWho="0" sc="402,100,350,-30,288,-60,0,0" /><INIT seed="4,0,0,3,0,78" ten="502,320,228,0" oya="0" hai0="95,45,97,131,102,119,35,101,68,65,96,84,69" hai1="51,118,60,98,99,40,86,107,73,117,49,62,58" hai2="133,55,64,56,105,36,120,54,38,116,66,48,2" hai3=""/><T89/><D119/><U39/><E73/><V91/><N who="2" m="30752" /><V3/><F105/><T44/><D35/><U63/><E86/><V42/><F116/><T128/><D69/><U87/><E87/><V92/><F133/><T75/><D75/><U115/><E115/><V59/><F2/><T126/><D68/><U130/><E130/><N who="0" m="49705" /><D65/><U135/><E135/><V93/><F3/><T112/><D112/><U106/><E117/><V111/><F111/><T33/><D33/><U82/><E118/><V80/><F42/><T53/><D53/><U61/><E82/><V103/><F103/><N who="0" m="39434" /><D126/><U0/><E0/><V122/><N who="2" m="31264" /><V67/><F67/><T74/><D74/><U57/><E107/><V43/><F43/><T132/><D132/><U125/><E125/><V41/><F41/><T90/><D97/><U88/><E106/><V108/><F64/><T94/><AGARI ba="0,0" hai="44,45,84,89,90,94,95,96" m="39434,49705" machi="94" ten="30,1000,0" yaku="19,1" doraHai="78" who="0" fromWho="0" sc="502,10,320,-5,228,-5,0,0" /><INIT seed="4,1,0,3,5,55" ten="512,315,223,0" oya="0" hai0="32,99,72,37,85,36,96,87,46,67,89,77,65" hai1="82,44,58,124,78,116,102,42,68,60,2,126,100" hai2="113,83,98,81,41,125,92,91,74,75,120,1,59" hai3=""/><T76/><D32/><U90/><E2/><V135/><N who="2" m="30752" /><V3/><F113/><T130/><D130/><U66/><E116/><V43/><F135/><T34/><D34/><U73/><E90/><V70/><F70/><T51/><D89/><U50/><REACH who="1" step="1"/><E68/><REACH who="1" ten="512,305,223,0" step="2"/><V97/><F3/><T108/><D108/><U79/><E79/><V106/><F1/><T117/><D117/><U94/><E94/><V115/><F92/><T129/><D129/><U56/><E56/><V134/><F59/><T101/><D77/><U95/><E95/><V35/><F35/><T39/><D76/><U38/><E38/><V114/><F91/><T104/><D39/><U132/><E132/><V84/><F134/><T112/><D37/><U121/><N who="1" m="31008" /><U110/><E110/><V103/><F106/><T123/><N who="0" m="31520" /><T49/><D36/><U118/><E118/><V57/><F57/><T122/><N who="0" m="31264" /><T119/><D119/><U133/><E133/><V127/><F103/><AGARI ba="1,1" hai="42,44,50,58,60,66,73,78,82,100,102,103,124,126" m="31008" machi="103" ten="40,5200,0" yaku="1,1,52,2,53,0" doraHai="55" doraHaiUra="0" who="1" fromWho="2" sc="512,0,305,64,223,-54,0,0" /><INIT seed="5,0,0,2,2,63" ten="512,369,169,0" oya="1" hai0="101,117,88,71,39,42,129,44,94,45,125,75,82" hai1="126,34,89,72,132,100,73,79,123,114,134,113,135" hai2="64,80,0,99,110,121,52,41,95,111,133,104,106" hai3=""/><U48/><N who="1" m="31520" /><U46/><E34/><V107/><N who="2" m="31008" /><V43/><F0/><T97/><D71/><U55/><E126/><V67/><F133/><T78/><D125/><U1/><E1/><V87/><F111/><T70/><D70/><U90/><E100/><V59/><F110/><T119/><D129/><U83/><REACH who="1" step="1"/><E72/><REACH who="1" ten="512,359,169,0" step="2"/><V91/><F41/><T65/><D101/><U128/><E128/><V60/><REACH who="2" step="1"/><F43/><REACH who="2" ten="512,359,159,0" step="2"/><T124/><D124/><U108/><E108/><V130/><F130/><T127/><D127/><U51/><E51/><V62/><F62/><T38/><D42/><U112/><AGARI ba="0,2" hai="46,48,55,73,79,83,89,90,112,113,114,132,134,135" m="31520" machi="112" ten="40,8000,1" yaku="1,1,0,1,15,1,20,1,52,1,53,0" doraHai="63" doraHaiUra="37" who="1" fromWho="1" sc="512,-40,359,100,159,-40,0,0" /><INIT seed="5,1,0,4,0,60" ten="472,459,119,0" oya="1" hai0="103,78,79,109,70,117,65,102,59,51,116,66,53" hai1="41,49,62,134,64,68,42,121,36,81,135,2,83" hai2="88,56,108,54,67,120,94,35,44,48,1,37,63" hai3=""/><U130/><N who="1" m="31008" /><U132/><E2/><V85/><N who="2" m="30752" /><V43/><F108/><T80/><D109/><U124/><E124/><V106/><F1/><T82/><D70/><U101/><E130/><V119/><F119/><N who="0" m="45642" /><D102/><U92/><E36/><V77/><F106/><T107/><D103/><U122/><N who="1" m="31264" /><U40/><E49/><V74/><F35/><T95/><D95/><U87/><E87/><V39/><F74/><T93/><D93/><U52/><E52/><V55/><F77/><N who="0" m="29194" /><D107/><U123/><N who="1" m="31520" /><U61/><REACH who="1" step="1"/><E61/><REACH who="1" ten="472,449,119,0" step="2"/><V33/><F33/><T97/><D97/><AGARI ba="1,1" hai="40,41,42,62,64,68,81,83,92,97,101,132,134,135" m="31520,31264,31008" machi="97" ten="50,18000,2" yaku="1,1,2,1,20,1,52,4,53,0" doraHai="60" doraHaiUra="32" who="1" fromWho="0" sc="472,-182,449,192,119,0,0,0" /><INIT seed="5,2,0,2,1,2" ten="290,641,119,0" oya="1" hai0="47,76,53,129,105,69,0,71,60,61,116,37,34" hai1="39,3,107,120,59,126,97,110,90,83,63,46,102" hai2="124,50,130,101,70,42,66,131,112,93,133,118,119" hai3=""/><U135/><N who="1" m="30752" /><U1/><E126/><V43/><F124/><T134/><D105/><U91/><E135/><V85/><F133/><T106/><D0/><U114/><E114/><V64/><F112/><T74/><D34/><U67/><E110/><V33/><F33/><T128/><D106/><U89/><REACH who="1" step="1"/><E83/><REACH who="1" ten="290,631,119,0" step="2"/><V87/><F119/><T40/><D134/><U95/><E95/><V38/><F118/><T35/><D116/><U92/><E92/><V62/><F93/><T108/><D35/><U56/><E56/><V127/><F127/><T68/><D108/><U86/><E86/><V113/><F87/><T55/><D74/><U41/><AGARI ba="2,1" hai="1,3,39,41,46,59,63,67,89,90,91,97,102,107" m="30752" machi="41" ten="30,4000,0" yaku="1,1,0,1,52,1,53,0" doraHai="2" doraHaiUra="73" who="1" fromWho="1" sc="290,-22,631,54,119,-22,0,0" /><INIT seed="5,3,0,4,0,69" ten="268,685,97,0" oya="1" hai0="98,111,59,94,34,105,117,118,64,82,134,108,106" hai1="76,49,114,39,56,58,51,131,128,97,62,125,93" hai2="41,44,133,35,57,40,107,3,124,53,74,104,91" hai3=""/><U45/><E114/><V135/><F35/><T127/><D34/><U50/><E76/><V110/><F110/><N who="0" m="42026" /><D59/><U71/><E125/><V88/><F3/><T55/><D64/><U89/><E71/><V103/><F124/><T130/><D55/><U68/><E68/><V121/><N who="2" m="31008" /><V0/><F0/><T85/><D127/><U67/><E58/><V42/><F74/><T119/><D130/><N who="1" m="49707" /><E39/><V126/><F44/><AGARI ba="3,0" hai="44,45,49,50,51,56,62,67,89,93,97" m="49707" machi="44" ten="30,1500,0" yaku="19,1" doraHai="69" who="1" fromWho="2" sc="268,0,685,21,97,-21,0,0" /><INIT seed="5,4,0,1,1,93" ten="268,706,76,0" oya="1" hai0="66,45,134,79,50,38,100,110,119,82,3,80,32" hai1="53,111,33,85,99,104,0,72,103,54,117,92,63" hai2="114,126,102,49,84,95,121,69,71,128,62,48,46" hai3=""/><U120/><BYE who="0" /><N who="1" m="30752" /><U37/><E117/><UN n0="%4B%69%64%6F%37%35%30%30" /><V47/><N who="2" m="31008" /><V52/><F126/><T98/><D119/><U51/><E0/><V109/><F109/><T40/><D32/><U135/><E33/><V97/><F128/><T96/><D3/><U94/><E37/><V113/><F84/><T60/><D110/><U68/><E111/><V133/><F133/><T77/><D134/><U101/><E135/><V124/><F124/><T88/><D38/><U57/><E72/><V73/><F73/><T41/><D41/><U108/><E108/><V75/><F75/><T131/><D131/><U125/><E125/><V1/><F1/><T56/><D100/><U132/><E132/><V118/><F118/><T106/><D106/><U2/><E2/><V115/><REACH who="2" step="1"/><F62/><REACH who="2" ten="268,706,66,0" step="2"/><T116/><D116/><U105/><E85/><V67/><F67/><T34/><D34/><U83/><E63/><V76/><F76/><T58/><D77/><U35/><E35/><V70/><F70/><T123/><N who="0" m="31520" /><T78/><D78/><U43/><E68/><V65/><F65/><T107/><D60/><U55/><E105/><V74/><F74/><T64/><D107/><U87/><E104/><V36/><F36/><T127/><D127/><U122/><E122/><RYUUKYOKU ba="4,1" sc="268,-10,706,-10,66,20,0,0" hai2="46,47,48,49,52,69,71,95,97,102,113,114,115" /><INIT seed="6,5,1,0,3,74" ten="258,696,86,0" oya="2" hai0="101,88,45,115,102,124,58,106,61,32,95,131,111" hai1="62,116,79,50,76,129,99,127,40,85,112,94,96" hai2="48,84,1,103,86,38,93,81,47,104,121,133,114" hai3=""/><V78/><N who="2" m="31008" /><V128/><F1/><T130/><D111/><U65/><E112/><V0/><F0/><T56/><D32/><U67/><E129/><N who="0" m="49161" /><D115/><U59/><E127/><V97/><F128/><T89/><D124/><U113/><E113/><V69/><F114/><T123/><N who="0" m="31520" /><T126/><D45/><U63/><E116/><V66/><F38/><T64/><D126/><U52/><E40/><V35/><F35/><T117/><D117/><U108/><E108/><V33/><F33/><T98/><D56/><U42/><E42/><V75/><F133/><T68/><D68/><U46/><E85/><V83/><F104/><T36/><D36/><U92/><E92/><V107/><F107/><T53/><D64/><U100/><E99/><AGARI ba="5,1" hai="53,58,61,88,89,95,98,99,101,102,106" m="31520,49161" machi="99" ten="30,3900,0" yaku="19,1,52,1,54,1" doraHai="74" who="0" fromWho="1" sc="258,59,696,-49,86,0,0,0" owari="317,-8.0,647,59.0,86,-51.0,0,0.0" /></mjloggm>