<mjloggm ver="2.3"><GO type="169" lobby="0"/><UN n0="%E3%83%8F%E3%82%B9%E5%A4%AA" n1="%E6%82%A0%E3%80%85%2E" n2="%E3%81%B5%E3%81%98%E3%81%8B%E3%81%A4" n3="%E3%82%82%E3%83%BC%E3%82%8A%E3%83%BC" dan="16,17,16,16" rate="2136.93,2198.56,2181.54,2175.34" sx="M,M,M,M"/><TAIKYOKU oya="0"/><INIT seed="0,0,0,2,4,19" ten="250,250,250,250" oya="0" hai0="26,114,123,103,35,70,52,22,88,39,99,89,130" hai1="129,4,82,9,92,55,72,2,106,83,127,63,126" hai2="105,135,54,64,45,87,5,21,61,90,109,41,18" hai3="100,121,71,13,34,125,81,14,36,24,7,113,95"/><T47/><D114/><U33/><E106/><V68/><F135/><W132/><G36/><T77/><D123/><U60/><E33/><V131/><F109/><W53/><G113/><T78/><D35/><U6/><E129/><V30/><F131/><W12/><G71/><T31/><D130/><U84/><E6/><V94/><F105/><W108/><G108/><T117/><D117/><U122/><E122/><V11/><F54/><W124/><G121/><T25/><D70/><U3/><E3/><V110/><F110/><W48/><G81/><T134/><D134/><U66/><E55/><V69/><F69/><W79/><G79/><N who="0" m="30219" /><D26/><U115/><E115/><V111/><F111/><W96/><G132/><T86/><D86/><U80/><E72/><V59/><F59/><W27/><G7/><T118/><D118/><U76/><E76/><V38/><F5/><W51/><G34/><T8/><D8/><U17/><E9/><V40/><F11/><W0/><G0/><T73/><D73/><U91/><E4/><V128/><F128/><W112/><G112/><T62/><D39/><U49/><E2/><V101/><F41/><W1/><G1/><T23/><D23/><U93/><E84/><V57/><F68/><W29/><G29/><T74/><D74/><U102/><E17/><V50/><F38/><W67/><G67/><T32/><D32/><U65/><E66/><V120/><F120/><W42/><G42/><T56/><D47/><U43/><E65/><V119/><F119/><W116/><G116/><T85/><D85/><U28/><E43/><V15/><F30/><RYUUKYOKU ba="0,0" sc="250,15,250,-15,250,15,250,-15" hai0="22,25,31,52,56,62,88,89,99,103" hai2="15,18,21,40,45,50,57,61,64,87,90,94,101" /><INIT seed="0,1,0,3,5,33" ten="265,235,265,235" oya="0" hai0="89,115,37,0,126,13,92,62,71,23,91,42,24" hai1="116,113,3,122,34,135,80,16,65,118,59,99,17" hai2="52,41,107,108,63,90,20,131,78,10,60,79,85" hai3="4,88,6,14,123,32,35,39,129,56,86,98,101"/><T47/><D115/><U119/><E122/><V1/><F107/><W112/><G39/><T48/><D126/><U102/><E113/><V7/><F41/><W18/><G112/><T81/><D13/><U132/><E34/><V82/><F63/><W76/><G76/><T84/><D37/><U117/><E117/><V45/><F131/><W70/><G70/><T109/><D109/><U44/><E80/><V66/><F108/><W110/><G110/><T38/><D38/><U134/><E3/><V55/><F20/><W120/><G129/><T124/><D124/><U31/><E31/><V121/><F121/><N who="3" m="46667" /><G56/><T64/><D0/><U43/><E59/><V27/><F27/><W67/><G67/><T100/><D100/><U94/><REACH who="1" step="1"/><E65/><REACH who="1" ten="265,225,265,235" step="2"/><V125/><F125/><W2/><G32/><T36/><D36/><AGARI ba="1,1" hai="16,17,36,43,44,94,99,102,116,118,119,132,134,135" machi="36" ten="50,8000,1" yaku="1,1,2,1,20,1,54,1,53,0" doraHai="33" doraHaiUra="73" who="1" fromWho="0" sc="265,-83,225,93,265,0,235,0" /><INIT seed="1,0,0,3,3,97" ten="182,318,265,235" oya="1" hai0="131,94,23,53,88,108,105,92,10,21,122,35,96" hai1="0,48,52,76,26,113,124,72,117,99,24,121,71" hai2="43,86,128,30,129,77,61,2,55,104,32,115,64" hai3="29,47,20,51,116,14,106,89,42,90,119,87,120"/><U65/><E121/><V31/><F2/><W91/><G120/><T69/><D122/><U67/><E0/><V132/><F43/><W70/><G70/><T27/><D105/><U3/><E3/><V13/><F132/><W4/><G106/><T18/><D108/><U98/><E113/><V130/><F115/><W112/><G112/><T74/><D131/><U17/><E124/><V109/><F109/><W11/><G29/><T6/><D74/><U133/><E117/><V5/><F32/><W28/><G28/><T9/><D69/><U60/><E67/><V16/><F55/><W1/><G1/><T126/><D126/><U118/><E118/><N who="3" m="45098" /><G20/><T93/><D35/><U79/><E24/><V127/><F5/><W135/><G135/><T62/><D23/><U34/><E133/><V7/><F7/><W103/><G103/><N who="0" m="60807" /><D94/><AGARI ba="0,0" hai="4,11,14,42,47,51,87,89,90,91,94" m="45098" machi="94" ten="30,1000,0" yaku="12,1" doraHai="97" who="3" fromWho="0" sc="182,-10,318,0,265,0,235,10" /><INIT seed="2,0,0,0,4,94" ten="172,318,265,245" oya="2" hai0="104,110,132,133,103,123,32,69,84,26,37,27,14" hai1="107,92,55,0,109,49,62,15,18,80,66,116,99" hai2="76,134,19,87,91,72,121,4,35,1,3,65,6" hai3="113,122,63,42,40,98,58,22,39,52,59,70,115"/><V86/><F121/><W118/><G118/><T48/><D123/><U88/><E0/><V79/><F35/><W11/><G122/><T43/><D37/><U31/><E109/><V106/><F72/><W36/><G11/><T74/><D110/><U23/><E116/><V125/><F106/><W83/><G83/><T13/><D74/><U17/><E107/><V7/><F134/><W67/><G22/><T105/><D32/><U41/><E80/><V9/><F125/><W114/><G59/><T16/><D48/><U89/><E41/><N who="3" m="15978" /><G98/><T60/><D60/><AGARI ba="0,0" hai="36,39,52,58,60,63,67,70,113,114,115" m="15978" machi="60" ten="40,8000,1" yaku="11,1,34,2,54,1" doraHai="94" who="3" fromWho="0" sc="172,-80,318,0,265,0,245,80" /><INIT seed="3,0,0,1,3,88" ten="92,318,265,325" oya="3" hai0="129,127,111,24,19,13,0,39,103,11,2,123,10" hai1="135,130,133,45,18,84,50,90,41,68,109,71,35" hai2="75,80,16,125,92,28,14,59,17,91,108,47,43" hai3="42,112,102,8,63,120,105,1,126,76,36,34,56"/><W46/><G120/><T38/><D123/><U57/><E109/><V85/><F125/><W70/><G56/><T49/><D103/><U37/><E35/><V86/><F108/><W115/><G126/><T65/><D111/><U7/><E130/><V12/><F75/><W99/><G76/><T5/><D127/><U31/><E31/><V20/><F28/><W121/><G121/><T132/><D129/><U27/><E7/><V25/><F59/><W73/><G73/><T9/><D65/><U67/><E18/><V118/><F118/><W131/><G131/><T100/><D100/><U6/><E6/><V60/><F60/><W21/><G21/><T66/><D132/><N who="1" m="50763" /><E27/><V3/><F3/><N who="0" m="1066" /><D49/><U107/><E107/><V26/><F43/><W113/><G34/><T106/><D66/><U22/><E22/><N who="2" m="11543" /><F47/><W101/><G101/><T124/><D106/><U104/><E104/><V114/><F114/><W110/><G110/><T89/><D38/><U116/><E116/><V78/><AGARI ba="0,0" hai="12,17,20,25,26,78,80,85,86,91,92" m="11543" machi="78" ten="30,4000,0" yaku="8,1,52,1,54,1" doraHai="88" who="2" fromWho="2" sc="92,-10,318,-10,265,40,325,-20" /><INIT seed="4,0,0,3,2,2" ten="82,308,305,305" oya="0" hai0="31,27,121,19,72,52,113,104,64,83,13,9,79" hai1="28,21,61,22,49,15,118,85,53,80,30,108,127" hai2="128,129,130,103,122,74,16,11,65,131,134,76,3" hai3="66,69,40,68,77,126,119,123,132,99,124,81,20"/><T114/><D121/><U38/><E38/><V0/><F65/><W56/><G119/><T101/><D64/><U91/><E108/><V34/><F122/><W78/><G123/><T25/><D25/><U109/><E127/><N who="3" m="48682" /><G78/><T73/><D101/><U87/><E109/><V97/><F134/><W51/><G99/><T32/><D104/><U88/><E61/><V63/><F63/><N who="3" m="38247" /><G20/><N who="1" m="7786" /><E15/><N who="2" m="7295" /><F34/><W67/><G132/><T18/><D73/><U84/><E84/><V50/><F50/><W96/><G96/><T125/><D125/><U42/><E118/><V102/><N who="2" m="32768" /><DORA hai="1" /><V37/><F37/><W117/><G117/><T26/><REACH who="0" step="1"/><D52/><REACH who="0" ten="72,308,305,305" step="2"/><U46/><E53/><V135/><F103/><W98/><G67/><T33/><D33/><U54/><E54/><V5/><F135/><W94/><G69/><T44/><D44/><U120/><E120/><V17/><F102/><W71/><G68/><T36/><D36/><U105/><E105/><V24/><F74/><W62/><G71/><T95/><D95/><AGARI ba="0,1" hai="28,30,42,46,49,80,85,87,88,91,95" m="7786" machi="95" ten="30,2000,0" yaku="8,1,54,1" doraHai="2,1" who="1" fromWho="0" sc="72,-20,308,30,305,0,305,0" /><INIT seed="5,0,0,5,3,72" ten="52,338,305,305" oya="1" hai0="115,53,2,21,20,39,83,110,47,15,122,54,35" hai1="43,30,81,57,19,48,17,109,121,91,99,9,16" hai2="45,103,40,52,111,10,89,128,127,101,25,123,77" hai3="73,11,38,24,135,44,78,80,60,50,42,86,118"/><U92/><E121/><V74/><F123/><W62/><G135/><T5/><D122/><U75/><E109/><V108/><F128/><W65/><G118/><T107/><D107/><U51/><E30/><V82/><F127/><W125/><G125/><T98/><D35/><U36/><E36/><V85/><F25/><W97/><G97/><T84/><D98/><U93/><E93/><V27/><F27/><W28/><G65/><T102/><D110/><U112/><E112/><V55/><F103/><W23/><G38/><T33/><D115/><U116/><E116/><V129/><F129/><W134/><G134/><T100/><D33/><U7/><E43/><V114/><F114/><W26/><G73/><T1/><D39/><U56/><E81/><V67/><F67/><W113/><G113/><T4/><D83/><U126/><E75/><V3/><F101/><W63/><G26/><T90/><D84/><U95/><E95/><N who="2" m="54703" /><F111/><W41/><G41/><T66/><D90/><U0/><E126/><V71/><F71/><W96/><G96/><T31/><D66/><U46/><E51/><V6/><F108/><W132/><G132/><T124/><D124/><U49/><E49/><V133/><F133/><W131/><G131/><T32/><D32/><U59/><E48/><V119/><F119/><W79/><G11/><T117/><D117/><U88/><E9/><V37/><AGARI ba="0,0" hai="3,6,10,37,40,45,52,55,74,77,82" m="54703" machi="37" ten="30,4000,0" yaku="25,1,52,1,54,1" doraHai="72" who="2" fromWho="2" sc="52,-10,338,-20,305,40,305,-10" /><INIT seed="6,0,0,3,5,120" ten="42,318,345,295" oya="2" hai0="104,55,23,72,118,126,34,81,13,67,11,111,60" hai1="90,44,80,130,8,99,17,96,109,101,10,132,53" hai2="100,2,78,42,82,123,0,46,54,97,43,32,115" hai3="113,52,58,26,12,69,73,79,45,85,9,50,88"/><V105/><F123/><W110/><G69/><T19/><D34/><U51/><E109/><V47/><F54/><W91/><G110/><T65/><D126/><U4/><E132/><V56/><F56/><W84/><G73/><T25/><D118/><U16/><E130/><V64/><F64/><W102/><G102/><T114/><D104/><U108/><E108/><V134/><F115/><W24/><G113/><T87/><D111/><U62/><E62/><V117/><F117/><W124/><G79/><T71/><D72/><U30/><E30/><V49/><F134/><W35/><G35/><T31/><D71/><U128/><E10/><V21/><F21/><W86/><G124/><T5/><D114/><U125/><E128/><V89/><F89/><N who="3" m="34379" /><G58/><T1/><D55/><U63/><E63/><V95/><F32/><W92/><G92/><T29/><D60/><U122/><E122/><V83/><F105/><W66/><G66/><T57/><D57/><U127/><E127/><V129/><F129/><W74/><G74/><T103/><D103/><U75/><E75/><V7/><F7/><AGARI ba="0,0" hai="7,9,12,24,26,45,50,52,84,85,86" m="34379" machi="7" ten="30,3900,0" yaku="8,1,54,2" doraHai="120" who="3" fromWho="2" sc="42,0,318,0,345,-39,295,39" /><INIT seed="7,0,0,5,4,123" ten="42,318,306,334" oya="3" hai0="61,113,93,23,122,52,125,20,131,41,10,24,54" hai1="71,85,132,32,60,133,81,91,86,33,102,45,76" hai2="98,39,9,27,30,128,124,4,134,106,17,101,43" hai3="74,79,1,56,77,100,72,114,48,50,6,118,119"/><W63/><G114/><T16/><D122/><U70/><E102/><V13/><F134/><N who="1" m="51817" /><E45/><V40/><F128/><W108/><G108/><T126/><D131/><U26/><E26/><V80/><F124/><W92/><G72/><T99/><D113/><U104/><E104/><V5/><F80/><W73/><G1/><T18/><D41/><U83/><E60/><V19/><F19/><W112/><G112/><T115/><D115/><U22/><E22/><V135/><F135/><W116/><G6/><T97/><D10/><U8/><E8/><V59/><F59/><W117/><G117/><T44/><D61/><U109/><E109/><V57/><F57/><W34/><G34/><AGARI ba="0,0" hai="32,33,34,70,71,76,81,83,85,86,91" m="51817" machi="34" ten="30,1000,0" yaku="20,1" doraHai="123" who="1" fromWho="3" sc="42,0,318,10,306,0,334,-10" owari="42,-46.0,328,43.0,306,-9.0,324,12.0" /></mjloggm>