<mjloggm ver="2.3"><GO type="169" lobby="0"/><UN n0="%E3%81%B5%E3%81%9F%E3%81%B0" n1="%E3%82%B7%E3%83%A5%E3%83%9E%E3%82%A4%E3%82%B1%E3%83%AB" n2="%72%52%66%44%79%55%66" n3="%E3%81%BE%E3%81%93%E3%81%A8%E3%81%95%E3%82%93" dan="16,16,16,16" rate="2138.17,2150.16,2119.10,2125.48" sx="F,M,M,M"/><TAIKYOKU oya="0"/><INIT seed="0,0,0,1,3,10" ten="250,250,250,250" oya="0" hai0="44,122,52,43,134,124,91,73,47,102,88,60,93" hai1="103,117,13,41,110,67,115,32,6,87,72,37,17" hai2="38,26,131,66,27,36,25,40,35,79,54,80,127" hai3="90,16,61,135,120,8,128,3,113,99,98,130,75"/><T118/><D118/><U50/><E72/><V51/><F35/><W129/><G113/><T28/><D122/><U107/><E37/><V114/><F114/><W121/><G75/><T59/><D124/><U105/><E32/><V101/><F40/><W14/><G135/><T49/><D134/><U20/><E117/><V56/><F66/><W125/><G125/><T112/><D112/><U97/><E110/><V9/><F127/><W4/><G61/><T74/><D28/><U33/><E33/><V108/><F108/><W18/><G18/><T15/><D47/><U119/><E119/><V83/><F131/><W82/><G82/><T94/><D102/><U19/><E6/><V68/><F68/><W23/><REACH who="3" step="1"/><G90/><REACH who="3" ten="250,250,250,240" step="2"/><N who="0" m="34347" /><D73/><U86/><E115/><V100/><F83/><W12/><G12/><T77/><D74/><U45/><E105/><V64/><F80/><W53/><G53/><T111/><D111/><U39/><E67/><V2/><F64/><W31/><G31/><T21/><D77/><U1/><E1/><V24/><F79/><W132/><G132/><T85/><D85/><U63/><E63/><V29/><F29/><W81/><G81/><T48/><D60/><U109/><E109/><V58/><F100/><W96/><AGARI ba="0,1" hai="3,4,8,14,16,23,96,98,99,120,121,128,129,130" machi="96" ten="40,8000,1" yaku="1,1,0,1,19,1,52,1,54,1,53,0" doraHai="10" doraHaiUra="123" who="3" fromWho="3" sc="250,-40,250,-20,250,-20,240,90" /><INIT seed="1,0,0,3,5,98" ten="210,230,230,330" oya="1" hai0="8,26,114,106,132,9,109,17,90,110,53,73,32" hai1="51,48,130,102,49,65,23,86,47,134,81,41,2" hai2="29,21,61,67,68,0,42,36,14,66,100,93,24" hai3="75,30,76,113,135,94,85,52,43,58,122,37,129"/><U92/><E130/><V87/><F0/><W111/><G122/><T19/><D73/><U84/><E2/><V117/><F117/><W115/><G129/><T33/><D90/><U46/><E134/><V77/><F66/><W35/><G135/><T69/><D69/><U71/><E71/><V120/><F120/><W16/><G111/><T28/><D53/><U83/><E65/><V22/><F77/><W45/><G75/><T44/><D44/><U118/><E118/><V40/><F36/><W97/><G30/><T18/><D106/><U99/><E23/><V11/><F22/><W15/><G35/><T126/><D132/><U50/><REACH who="1" step="1"/><E47/><REACH who="1" ten="210,220,230,330" step="2"/><V64/><F67/><W34/><G34/><T108/><D114/><U79/><E79/><V103/><F42/><W57/><G76/><T54/><D126/><U59/><E59/><V123/><F40/><W20/><G58/><T70/><D70/><U107/><E107/><V121/><F121/><W91/><REACH who="3" step="1"/><G97/><REACH who="3" ten="210,220,230,320" step="2"/><T56/><REACH who="0" step="1"/><D32/><REACH who="0" ten="200,220,230,320" step="2"/><U116/><E116/><V101/><F123/><W124/><G124/><T39/><D39/><U62/><E62/><AGARI ba="0,3" hai="15,16,20,37,43,45,52,57,62,85,91,94,113,115" machi="62" ten="30,7700,0" yaku="1,1,7,1,54,2,53,0" doraHai="98" doraHaiUra="31" who="3" fromWho="1" sc="200,0,220,-77,230,0,320,107" /><AGARI ba="0,0" hai="8,9,17,18,19,26,28,33,54,56,62,108,109,110" machi="62" ten="50,6400,0" yaku="1,1,14,1,53,1" doraHai="98" doraHaiUra="31" who="0" fromWho="1" sc="200,64,143,-64,230,0,427,0" /><INIT seed="2,0,0,3,1,80" ten="264,79,230,427" oya="2" hai0="4,93,118,63,123,98,38,3,45,59,105,60,42" hai1="33,48,24,125,94,23,47,85,133,64,15,49,53" hai2="73,41,22,76,36,97,117,111,72,109,88,2,113" hai3="56,34,43,115,107,57,35,40,14,99,32,89,82"/><V70/><F113/><W5/><G115/><T13/><D123/><U28/><E125/><V132/><F117/><W1/><G1/><T114/><D114/><U55/><E133/><V29/><F70/><W131/><G131/><T46/><D118/><U106/><E106/><V103/><F2/><W12/><G40/><T39/><D105/><U104/><E104/><V44/><F132/><W110/><G43/><T54/><D3/><U120/><E120/><V19/><F29/><W75/><G107/><T31/><D31/><U119/><E64/><V84/><F76/><W69/><G110/><N who="2" m="41993" /><F97/><W66/><G66/><T86/><D46/><U58/><E119/><V9/><F9/><W130/><G69/><T50/><D63/><U16/><REACH who="1" step="1"/><E94/><REACH who="1" ten="264,69,230,427" step="2"/><N who="2" m="54535" /><F103/><W91/><G130/><T20/><D93/><U83/><E83/><V124/><F124/><W61/><G82/><T101/><D101/><U134/><E134/><V18/><F18/><W8/><G5/><T62/><D4/><U79/><E79/><V100/><F100/><W10/><G91/><T17/><D38/><U51/><E51/><V26/><AGARI ba="0,1" hai="19,22,26,36,41,44,72,73" m="54535,41993" machi="26" ten="30,11700,0" yaku="14,1,10,1,52,1,54,1" doraHai="80" who="2" fromWho="2" sc="264,-39,69,-39,230,127,427,-39" /><INIT seed="2,1,0,1,3,79" ten="225,30,357,388" oya="2" hai0="47,99,73,101,20,75,78,107,36,48,18,53,120" hai1="23,65,44,3,64,118,25,58,91,61,42,126,116" hai2="30,38,17,66,45,22,119,108,19,39,14,0,122" hai3="34,70,57,4,134,125,60,94,67,92,24,93,110"/><V121/><F119/><W41/><G110/><T7/><D120/><U85/><E3/><V15/><F0/><W106/><G134/><T82/><D7/><U95/><E126/><V83/><F30/><W21/><G125/><T80/><D36/><U8/><E8/><V88/><F66/><W127/><G106/><T71/><D71/><U90/><E90/><V37/><F45/><W40/><G34/><T76/><D20/><U28/><REACH who="1" step="1"/><E65/><REACH who="1" ten="225,20,357,388" step="2"/><V87/><REACH who="2" step="1"/><F108/><REACH who="2" ten="225,20,347,388" step="2"/><W43/><G127/><T54/><REACH who="0" step="1"/><D18/><REACH who="0" ten="215,20,347,388" step="2"/><U46/><E46/><V117/><F117/><W96/><G70/><T33/><D33/><U11/><E11/><AGARI ba="1,3" hai="11,14,15,17,19,22,37,38,39,83,87,88,121,122" machi="11" ten="40,7700,0" yaku="1,1,52,1,54,1,53,0" doraHai="79" doraHaiUra="130" who="2" fromWho="1" sc="215,0,20,-80,347,110,388,0" owari="215,-18.0,-60,-56.0,457,55.0,388,19.0" /></mjloggm>