<mjloggm ver="2.3"><GO type="185" lobby="0"/><UN n0="%E4%BD%8D%E9%B3%B3%E5%A4%A9" n1="%4B%69%64%6F%37%35%30%30" n2="%63%61%6C%63%2E" n3="" dan="17,16,19,0" rate="2186.07,2126.13,2368.60,1500.00" sx="M,M,M,C"/><TAIKYOKU oya="0"/><INIT seed="0,0,0,4,0,47" ten="350,350,350,0" oya="0" hai0="1,42,69,84,34,88,45,32,96,82,103,80,130" hai1="61,73,119,111,77,116,127,37,121,112,72,89,78" hai2="105,98,110,35,0,107,117,101,68,113,51,38,93" hai3=""/><T57/><D1/><U71/><N who="1" m="31008" /><U79/><E37/><V95/><F38/><T66/><D69/><U124/><E71/><V65/><F113/><T60/><D130/><U52/><E112/><V106/><F35/><T104/><REACH who="0" step="1"/><D82/><REACH who="0" ten="340,350,350,0" step="2"/><U128/><E128/><V63/><F0/><T3/><D3/><U55/><E119/><V115/><F115/><T75/><D75/><U40/><E116/><V134/><F117/><T129/><D129/><U48/><E73/><V125/><F134/><T102/><D102/><U86/><E72/><V41/><F125/><T83/><D83/><U100/><E100/><V122/><N who="2" m="31264" /><V67/><F68/><T120/><N who="0" m="30752" /><T97/><D97/><U109/><E127/><V131/><F131/><T81/><D81/><U135/><E135/><V90/><F101/><T50/><AGARI ba="0,1" hai="32,34,42,45,50,57,60,66,80,84,88,96,103,104" m="30752" machi="50" ten="20,12000,2" yaku="1,1,0,1,7,1,52,2,54,1,53,1" doraHai="47" doraHaiUra="62" who="0" fromWho="0" sc="340,130,350,-60,350,-60,0,0" /><INIT seed="0,1,0,0,1,76" ten="470,290,290,0" oya="0" hai0="99,85,55,128,134,57,125,86,90,126,54,91,106" hai1="58,117,100,35,66,38,82,122,67,83,59,42,105" hai2="71,96,65,37,47,135,84,129,101,70,50,81,114" hai3=""/><T103/><D134/><U2/><N who="1" m="31264" /><U98/><E117/><V87/><F114/><T41/><D41/><U124/><E35/><V45/><F135/><T39/><D39/><U121/><N who="1" m="31008" /><U116/><E2/><V93/><F129/><T130/><D55/><U115/><E116/><V36/><F87/><N who="0" m="33290" /><D54/><U74/><E74/><V48/><F50/><T123/><N who="0" m="31520" /><T49/><D49/><U62/><E115/><V43/><F65/><T53/><D57/><U107/><E124/><N who="0" m="47721" /><D53/><U64/><E107/><V52/><REACH who="2" step="1"/><F37/><REACH who="2" ten="470,290,280,0" step="2"/><T109/><D109/><U61/><REACH who="1" step="1"/><E67/><REACH who="1" ten="470,280,280,0" step="2"/><V79/><AGARI ba="1,2" hai="36,43,45,47,48,52,70,71,79,81,84,93,96,101" machi="79" ten="20,9000,2" yaku="1,1,2,1,0,1,7,1,52,1,54,1,53,0" doraHai="76" doraHaiUra="120" who="2" fromWho="2" sc="470,-61,280,-31,280,112,0,0" /><INIT seed="1,0,0,5,4,108" ten="409,249,392,0" oya="1" hai0="47,88,94,71,39,3,41,70,110,81,103,63,126" hai1="93,61,117,89,120,50,46,54,0,52,98,49,109" hai2="92,119,33,114,128,42,82,45,1,116,57,56,118" hai3=""/><U123/><N who="1" m="30752" /><U44/><N who="1" m="31520" /><U55/><E117/><V66/><F33/><T135/><D110/><U111/><E0/><V85/><F1/><T124/><D3/><U125/><E125/><N who="0" m="48233" /><D135/><U38/><E38/><V91/><F128/><T77/><D103/><U132/><E132/><V79/><F66/><T127/><D63/><U51/><E61/><V60/><F60/><T48/><D39/><U76/><E76/><V74/><REACH who="2" step="1"/><F114/><REACH who="2" ten="409,249,382,0" step="2"/><T53/><D127/><U58/><AGARI ba="0,1" hai="44,46,49,50,51,52,54,55,58,89,93,98,109,111" m="31520,30752" machi="58" ten="30,8000,1" yaku="0,1,9,1,52,2,54,1" doraHai="108" who="1" fromWho="1" sc="409,-40,249,90,382,-40,0,0" /><INIT seed="1,1,0,0,5,68" ten="369,339,342,0" oya="1" hai0="0,57,90,2,58,50,121,40,72,71,85,132,84" hai1="69,86,46,130,91,89,35,38,120,129,131,87,42" hai2="97,74,81,122,82,135,133,80,117,60,125,62,63" hai3=""/><U73/><N who="1" m="30752" /><U39/><E73/><V75/><N who="2" m="31264" /><V102/><F117/><T96/><N who="0" m="31008" /><T124/><D71/><U92/><E35/><V105/><REACH who="2" step="1"/><F125/><REACH who="2" ten="369,339,332,0" step="2"/><T88/><D124/><U106/><E69/><V110/><F110/><T128/><D0/><U70/><E70/><V36/><F36/><T109/><D2/><U33/><E33/><V115/><F115/><T65/><D109/><U32/><E32/><V126/><F126/><T47/><D132/><AGARI ba="1,1" hai="60,62,63,74,75,80,81,82,97,102,105,132,133,135" m="31264" machi="132" ten="50,8000,1" yaku="1,1,20,1,52,1,53,1" doraHai="68" doraHaiUra="116" who="2" fromWho="0" sc="369,-82,339,0,332,92,0,0" /><INIT seed="2,0,0,5,3,70" ten="287,339,424,0" oya="2" hai0="58,125,112,92,91,123,47,95,3,106,122,45,42" hai1="74,128,85,79,99,120,81,84,50,40,41,78,48" hai2="86,90,117,97,60,126,69,109,65,0,52,73,134" hai3=""/><V44/><F117/><T132/><N who="0" m="31264" /><T80/><N who="0" m="31520" /><T118/><D118/><U55/><N who="1" m="30752" /><U51/><E128/><V76/><F0/><T34/><D3/><U36/><E99/><V2/><F2/><T93/><D34/><U63/><E41/><V72/><F134/><T46/><D132/><U101/><E101/><V116/><F116/><T75/><D106/><U56/><REACH who="1" step="1"/><E79/><REACH who="1" ten="287,329,424,0" step="2"/><V37/><F76/><T135/><D135/><U111/><E111/><V115/><F97/><T71/><D42/><U89/><E89/><V67/><F90/><T43/><D43/><U110/><E110/><V108/><F109/><T127/><D91/><U57/><E57/><V119/><F108/><T77/><D71/><U114/><E114/><V130/><F115/><T121/><N who="0" m="31008" /><T88/><D112/><U32/><E32/><V124/><F130/><T102/><D102/><U82/><E82/><V113/><F113/><T62/><REACH who="0" step="1"/><D88/><REACH who="0" ten="277,329,424,0" step="2"/><U87/><E87/><V96/><F119/><T66/><AGARI ba="0,2" hai="45,46,47,58,62,66,75,77,80,92,93,95,125,127" m="31008,31520,31264" machi="66" ten="40,9000,2" yaku="1,1,2,1,0,1,52,3,53,0" doraHai="70" doraHaiUra="1" who="0" fromWho="0" sc="277,110,329,-30,424,-60,0,0" /><INIT seed="4,0,0,2,5,107" ten="387,299,364,0" oya="0" hai0="32,59,86,60,90,69,47,46,77,74,98,108,45" hai1="102,122,80,79,129,114,58,68,91,67,93,73,115" hai2="72,113,95,116,100,118,76,99,131,123,51,103,97" hai3=""/><T66/><D32/><U104/><N who="1" m="31264" /><U120/><N who="1" m="30752" /><U71/><E129/><V135/><N who="2" m="31520" /><V50/><F135/><T106/><D108/><U70/><E58/><V62/><F62/><T88/><D69/><U96/><REACH who="1" step="1"/><E67/><REACH who="1" ten="387,289,364,0" step="2"/><V75/><F131/><T101/><REACH who="0" step="1"/><D86/><AGARI ba="0,1" hai="68,70,71,73,79,80,86,91,93,96,102,104,114,115" m="30752,31264" machi="86" ten="50,12000,2" yaku="1,1,2,1,24,2,52,3,53,0" doraHai="107" doraHaiUra="56" who="1" fromWho="0" sc="387,-120,289,130,364,0,0,0" /><INIT seed="5,0,0,1,1,115" ten="267,419,364,0" oya="1" hai0="91,114,118,68,82,58,102,132,135,98,134,63,37" hai1="71,97,131,116,130,133,108,103,48,106,92,104,60" hai2="127,80,90,33,73,100,34,43,87,65,3,85,93" hai3=""/><U101/><E108/><V47/><F3/><T124/><D114/><U50/><E133/><V72/><F127/><T110/><D124/><U75/><E75/><V57/><F73/><T111/><D110/><U88/><E71/><V49/><F72/><T76/><D111/><U122/><N who="1" m="31264" /><U35/><E60/><V59/><F100/><N who="1" m="38473" /><E48/><V79/><REACH who="2" step="1"/><F65/><REACH who="2" ten="267,419,354,0" step="2"/><T0/><D0/><U128/><E35/><AGARI ba="0,1" hai="33,34,35,43,47,49,57,59,79,80,85,87,90,93" machi="35" ten="40,5200,0" yaku="1,1,2,1,53,1" doraHai="115" doraHaiUra="42" who="2" fromWho="1" sc="267,0,419,-52,354,62,0,0" /><INIT seed="6,0,0,4,1,112" ten="267,367,416,0" oya="2" hai0="53,100,68,85,83,57,133,108,131,103,58,125,78" hai1="40,32,118,124,115,64,90,74,39,109,111,99,129" hai2="50,92,0,91,93,128,86,46,36,65,51,33,61" hai3=""/><V47/><F33/><T37/><D108/><U3/><RYUUKYOKU type="yao9" ba="0,0" sc="267,0,367,0,416,0,0,0" hai1="3,32,39,40,64,74,90,99,109,111,115,118,124,129" /><INIT seed="6,1,0,4,4,131" ten="267,367,416,0" oya="2" hai0="111,69,54,38,34,114,72,36,44,33,99,90,95" hai1="128,103,35,89,108,56,104,133,116,118,63,120,1" hai2="73,117,58,42,102,76,66,94,39,110,62,60,92" hai3=""/><V46/><F117/><N who="1" m="45161" /><E35/><V86/><F73/><T49/><D111/><U3/><N who="1" m="30752" /><U107/><E108/><V98/><F110/><T79/><D69/><U100/><E89/><V53/><F76/><T91/><D114/><U123/><N who="1" m="31520" /><U126/><E126/><V112/><F112/><T132/><D90/><U45/><E45/><V119/><F119/><T122/><N who="0" m="31264" /><T97/><D97/><U87/><E87/><V83/><F83/><T68/><D68/><U71/><E71/><V127/><F127/><T47/><D44/><U109/><E109/><V67/><F62/><T43/><D36/><U93/><E93/><V52/><F86/><T32/><D79/><U77/><E77/><V85/><F85/><T75/><D38/><U134/><E128/><V113/><F113/><T70/><D70/><U74/><E74/><V84/><F84/><T41/><REACH who="0" step="1"/><D132/><REACH who="0" ten="257,367,416,0" step="2"/><N who="1" m="50795" /><E103/><V2/><F102/><T51/><D51/><U65/><E100/><V115/><F115/><T50/><D50/><U88/><E88/><V0/><F46/><T96/><D96/><U57/><E57/><V106/><F98/><T101/><D101/><U61/><E61/><V40/><F60/><T129/><D129/><U48/><E48/><V64/><F58/><RYUUKYOKU ba="1,1" sc="257,10,367,10,416,-20,0,0" hai0="32,33,34,41,43,47,49,54,72,75,91,95,99" hai1="1,3,56,63,65,104,107" /><INIT seed="8,2,1,0,3,64" ten="267,377,396,0" oya="0" hai0="36,98,93,121,71,87,110,95,108,83,52,34,100" hai1="103,55,120,76,84,43,72,62,119,133,99,32,42" hai2="53,33,126,82,117,112,46,63,66,81,41,102,54" hai3=""/><T90/><N who="0" m="31008" /><T91/><D34/><U49/><N who="1" m="30752" /><U128/><E119/><V115/><F33/><T77/><D36/><U88/><E32/><V51/><F102/><T57/><D71/><U60/><E133/><V58/><F117/><T114/><D114/><U2/><E128/><V44/><F126/><T45/><D45/><U122/><N who="1" m="31264" /><U47/><E2/><V39/><F82/><T56/><D56/><U101/><E76/><V125/><F125/><T70/><D70/><U106/><E72/><V111/><F111/><N who="0" m="42538" /><D95/><U73/><E103/><V80/><F112/><T132/><D132/><U109/><E73/><V50/><F115/><T37/><D37/><U92/><REACH who="1" step="1"/><E109/><REACH who="1" ten="267,367,396,0" step="2"/><V135/><F135/><T69/><D69/><AGARI ba="2,2" hai="39,41,44,46,50,51,53,54,58,63,66,69,80,81" machi="69" ten="30,7700,0" yaku="7,1,24,2,52,1" doraHai="64" who="2" fromWho="0" sc="267,-81,367,0,396,101,0,0" owari="186,-41.0,367,-3.0,497,44.0,0,0.0" /></mjloggm>