<mjloggm ver="2.3"><GO type="169" lobby="0"/><UN n0="%6D%6F%72%65%6B%6F%75" n1="%4B%45%4E%2D%4F%47%41%53" n2="%E3%83%94%E3%83%A8%E3%81%A3%E3%81%99" n3="%52%45%49%4E%E6%A3%AE%E4%B9%85%E4%BF%9D%50" dan="16,16,17,16" rate="2077.29,2130.85,2169.67,2131.67" sx="M,M,M,M"/><TAIKYOKU oya="0"/><INIT seed="0,0,0,2,3,3" ten="250,250,250,250" oya="0" hai0="14,0,20,49,38,59,85,83,86,131,79,42,120" hai1="19,124,119,47,132,57,29,129,50,67,51,2,75" hai2="61,69,98,100,82,41,87,114,74,108,72,103,68" hai3="105,7,5,94,135,110,65,91,109,99,122,36,10"/><T46/><D120/><U6/><E75/><V63/><F114/><W9/><G36/><T28/><D0/><U15/><E119/><V92/><F108/><N who="3" m="41579" /><G122/><T23/><D131/><U13/><E129/><V117/><F117/><W101/><G65/><T16/><D86/><U24/><E124/><V1/><F1/><W45/><G45/><T71/><D71/><U30/><E132/><V53/><F41/><W64/><G64/><T62/><D38/><U56/><E2/><V25/><F25/><W89/><G135/><T33/><D33/><U113/><E113/><V31/><F31/><N who="1" m="11785" /><E24/><V134/><F103/><W107/><G10/><N who="0" m="6231" /><D28/><U95/><E95/><V80/><F134/><W121/><G9/><T81/><D81/><U12/><E67/><AGARI ba="0,0" hai="20,23,42,46,49,59,62,67,79,83,85" m="6231" machi="67" ten="30,2900,0" yaku="8,1,54,1" doraHai="3" who="0" fromWho="1" sc="250,29,250,-29,250,0,250,0" /><INIT seed="0,1,0,0,0,51" ten="279,221,250,250" oya="0" hai0="10,41,108,69,17,47,65,107,19,52,32,64,37" hai1="43,85,13,127,60,12,20,3,11,14,89,77,34" hai2="79,57,93,103,30,82,36,117,120,7,38,46,4" hai3="31,132,76,92,0,18,58,130,131,129,102,66,105"/><T128/><D32/><U21/><E127/><V84/><F120/><W56/><G0/><T73/><D107/><U125/><E125/><V50/><F117/><W119/><G105/><T5/><D128/><U135/><E135/><V70/><F70/><W78/><G119/><T48/><D73/><U83/><E34/><V49/><F36/><W44/><G31/><T81/><D81/><U26/><E43/><V116/><F38/><W133/><G18/><T28/><D28/><U90/><E3/><V80/><F30/><W109/><G44/><T25/><D108/><U118/><E118/><V59/><F82/><W68/><G109/><T61/><D65/><U16/><E20/><V6/><F50/><W86/><G68/><T98/><D98/><U91/><REACH who="1" step="1"/><E60/><REACH who="1" ten="279,211,250,250" step="2"/><V100/><F116/><W22/><G22/><T114/><D114/><U111/><E111/><V55/><F103/><W97/><G66/><T123/><D123/><U110/><E110/><V121/><F121/><W27/><G133/><T71/><D41/><U15/><E15/><V126/><F126/><W53/><G132/><T124/><D61/><U67/><E67/><V94/><F100/><W87/><G27/><T134/><D124/><U23/><E23/><V75/><F75/><W35/><G35/><T9/><D25/><U106/><E106/><V62/><REACH who="2" step="1"/><F59/><REACH who="2" ten="279,211,240,250" step="2"/><W112/><G58/><T99/><D71/><U72/><E72/><V63/><F63/><N who="3" m="36239" /><G112/><T104/><D69/><U95/><E95/><V101/><F101/><W8/><G102/><N who="0" m="62559" /><D134/><U96/><E96/><V33/><F33/><W74/><G97/><RYUUKYOKU ba="1,2" sc="279,-15,211,15,240,15,250,-15" hai1="11,12,13,14,16,21,26,77,83,85,89,90,91" hai2="4,6,7,46,49,55,57,62,79,80,84,93,94" /><INIT seed="1,2,2,3,5,14" ten="264,226,255,235" oya="1" hai0="97,55,48,121,44,25,87,75,45,114,119,31,7" hai1="2,115,129,52,93,54,15,125,96,38,89,57,113" hai2="68,13,36,22,27,74,95,16,66,79,128,64,24" hai3="109,86,122,0,103,34,39,127,77,116,72,90,51"/><U20/><E129/><V6/><F36/><W123/><G51/><T82/><D119/><U135/><E135/><V30/><F128/><W32/><G103/><T100/><D114/><U88/><E125/><V130/><F130/><W112/><G90/><T60/><D75/><U131/><E131/><V40/><F40/><W94/><G86/><T84/><D7/><U83/><E2/><V23/><F68/><W101/><G94/><T3/><D3/><U126/><E126/><V9/><REACH who="2" step="1"/><F95/><REACH who="2" ten="264,226,245,235" step="2"/><W133/><G39/><T33/><D121/><U102/><E38/><V106/><F106/><W43/><G123/><T110/><D110/><U104/><E104/><V118/><F118/><W76/><G43/><T49/><D82/><AGARI ba="2,3" hai="6,9,13,16,22,23,24,27,30,64,66,74,79,82" machi="82" ten="40,5200,0" yaku="1,1,52,1,54,1,53,0" doraHai="14" doraHaiUra="134" who="2" fromWho="0" sc="264,-58,226,0,245,88,235,0" /><INIT seed="2,0,0,1,0,129" ten="206,226,333,235" oya="2" hai0="99,90,28,114,25,47,131,34,88,42,37,36,73" hai1="115,80,49,107,72,135,70,20,117,105,19,26,69" hai2="15,3,112,60,21,24,13,132,43,45,17,50,134" hai3="52,93,121,18,16,104,56,65,101,87,81,10,95"/><V40/><F112/><W120/><G104/><T58/><D114/><U91/><E115/><V33/><F3/><W27/><G65/><T106/><D73/><U122/><E117/><V92/><F40/><W6/><G101/><T12/><D131/><U103/><E122/><V59/><F92/><W8/><G121/><T110/><D37/><U108/><E108/><V74/><F74/><W39/><G39/><T55/><D110/><U57/><E107/><V68/><F68/><W94/><G120/><T71/><D71/><U51/><E49/><V2/><F2/><W4/><G4/><T82/><D82/><U48/><E51/><V133/><F33/><W96/><G96/><T116/><D116/><U61/><E48/><V109/><F109/><W77/><G27/><T31/><D31/><U64/><E91/><V113/><F113/><W54/><G8/><T46/><D47/><U1/><E1/><V76/><F76/><W84/><G84/><T41/><D41/><U62/><E62/><V118/><F118/><W14/><G54/><AGARI ba="0,0" hai="13,15,17,21,24,43,45,50,54,59,60,132,133,134" machi="54" ten="40,12000,1" yaku="20,1,52,3" doraHai="129" who="2" fromWho="3" sc="206,0,226,0,333,120,235,-120" /><INIT seed="2,1,0,2,1,58" ten="206,226,453,115" oya="2" hai0="45,18,83,94,117,20,101,34,15,39,96,124,50" hai1="41,38,32,131,59,121,120,24,84,47,77,31,52" hai2="67,7,92,10,43,119,116,112,0,62,99,40,1" hai3="60,9,8,2,113,75,49,57,27,46,128,79,105"/><V61/><F112/><W42/><G105/><T135/><D124/><U29/><E131/><V72/><F72/><W63/><G128/><T3/><D135/><U12/><E12/><V30/><F0/><W68/><G113/><T109/><D34/><U114/><E114/><V6/><F6/><W91/><G75/><T19/><D39/><U88/><E77/><V118/><F30/><W51/><G79/><T37/><D37/><U70/><E70/><V81/><F81/><W104/><G104/><T33/><D33/><U64/><E64/><V123/><F123/><N who="1" m="47177" /><E24/><V106/><F106/><W55/><G2/><T16/><D3/><U25/><E25/><V53/><F53/><W74/><G74/><T134/><D134/><U127/><E32/><V126/><F126/><W69/><G91/><T86/><D109/><U56/><E56/><V90/><REACH who="2" step="1"/><F62/><REACH who="2" ten="206,226,443,115" step="2"/><N who="3" m="23595" /><G69/><AGARI ba="1,1" hai="1,7,10,40,43,61,67,69,90,92,99,116,118,119" machi="69" ten="40,3900,0" yaku="1,1,52,1,53,0" doraHai="58" doraHaiUra="73" who="2" fromWho="3" sc="206,0,226,0,443,52,115,-42" /><INIT seed="2,2,0,3,1,72" ten="206,226,495,73" oya="2" hai0="89,7,124,48,37,128,53,5,119,49,3,10,60" hai1="109,61,103,122,121,27,133,85,59,68,83,134,129" hai2="15,24,93,0,8,98,81,30,96,52,118,14,127" hai3="110,130,114,67,132,2,9,113,63,47,77,116,39"/><V34/><F118/><W11/><G116/><T75/><D37/><U13/><E68/><V56/><F127/><W25/><G110/><T44/><D124/><U42/><E42/><V65/><F65/><W115/><G132/><N who="1" m="50794" /><E109/><V45/><F45/><W94/><G130/><T26/><D128/><U69/><E69/><V19/><F81/><W22/><G2/><T135/><D135/><U84/><E129/><V117/><F117/><W125/><G94/><T99/><D75/><U86/><E103/><V123/><F123/><N who="1" m="47113" /><E13/><V36/><F36/><W108/><G108/><T31/><D119/><U70/><E27/><V18/><F0/><W50/><G39/><T76/><D5/><U88/><E70/><V105/><F105/><W23/><G125/><T28/><D60/><U71/><E71/><V38/><F38/><W32/><G63/><T92/><D26/><U64/><AGARI ba="2,0" hai="59,61,64,83,84,85,86,88" m="47113,50794" machi="64" ten="30,4000,0" yaku="20,1,13,1,54,1" doraHai="72" who="1" fromWho="1" sc="206,-12,226,46,495,-22,73,-12" /><INIT seed="3,0,0,5,0,125" ten="194,272,473,61" oya="3" hai0="43,77,127,33,114,95,88,113,25,112,36,26,109" hai1="120,111,56,60,54,90,115,9,69,97,5,13,103" hai2="100,27,123,110,52,31,21,98,78,28,92,133,134" hai3="23,19,0,102,30,70,86,14,73,85,48,81,71"/><W74/><G0/><T51/><D127/><U39/><E111/><V1/><F110/><W105/><G30/><T68/><D109/><U67/><E120/><V75/><F1/><W53/><G86/><T35/><D68/><U131/><E115/><V66/><F66/><W12/><G71/><T84/><D36/><U10/><E39/><V18/><F123/><W17/><G70/><T15/><D77/><U45/><E45/><V11/><F52/><W32/><G32/><N who="0" m="12363" /><D15/><U72/><E72/><V104/><F104/><W50/><G105/><T41/><D41/><U7/><E90/><V22/><F11/><W58/><G50/><T96/><D84/><U46/><E46/><AGARI ba="0,0" hai="25,26,43,46,51,88,95,96,112,113,114" m="12363" machi="46" ten="40,2600,0" yaku="11,1,54,1" doraHai="125" who="0" fromWho="1" sc="194,26,272,-26,473,0,61,0" /><INIT seed="4,0,0,1,3,99" ten="220,246,473,61" oya="0" hai0="29,132,36,34,46,72,49,13,6,126,71,64,74" hai1="90,61,21,127,84,45,108,118,63,51,95,40,7" hai2="113,60,101,39,96,3,20,26,120,47,11,50,9" hai3="41,114,77,24,16,4,109,43,86,17,82,48,97"/><T18/><D126/><U79/><E108/><V10/><F39/><W89/><G109/><T133/><D6/><U122/><E122/><V85/><F113/><W92/><G114/><T78/><D36/><U128/><E128/><V68/><F85/><W38/><G38/><T59/><D71/><U121/><E118/><V75/><F75/><W135/><G135/><N who="0" m="51787" /><D78/><U31/><E127/><V119/><F60/><W0/><G0/><T32/><D59/><U91/><E121/><V107/><F68/><W81/><G4/><T35/><D29/><U80/><E7/><V14/><F3/><W93/><G48/><T19/><D64/><U58/><E58/><V8/><F119/><W2/><G2/><T106/><D106/><U42/><E42/><V130/><F130/><W87/><G24/><T56/><D56/><U23/><E91/><V129/><F26/><W115/><G115/><T55/><D18/><U66/><E31/><V116/><F107/><W100/><REACH who="3" step="1"/><G82/><REACH who="3" ten="220,246,473,51" step="2"/><T98/><D98/><U104/><E80/><V88/><F96/><W102/><G102/><T125/><D125/><U30/><E63/><V27/><F101/><W44/><G44/><T134/><D134/><U52/><E61/><V83/><F47/><W53/><G53/><T70/><D70/><U54/><E54/><V33/><F83/><W1/><G1/><T12/><D13/><U105/><E66/><V111/><F14/><W15/><G15/><T25/><D25/><U73/><E45/><V65/><F27/><W103/><G103/><T131/><D131/><U123/><E123/><V62/><F120/><RYUUKYOKU ba="0,1" sc="220,15,246,-15,473,-15,51,15" hai0="12,19,32,34,35,46,49,55,72,74" hai3="16,17,41,43,77,81,86,87,89,92,93,97,100" /><INIT seed="4,1,1,4,2,103" ten="235,231,458,66" oya="0" hai0="100,58,82,50,85,53,127,87,61,42,45,25,48" hai1="123,119,8,120,104,71,131,34,52,63,105,4,43" hai2="7,132,94,27,60,22,38,92,14,3,15,95,1" hai3="12,90,39,81,73,134,2,77,109,118,67,130,129"/><T19/><D127/><U23/><E23/><V56/><F38/><W49/><G39/><T84/><D100/><U18/><E18/><V108/><F108/><W78/><G2/><T26/><D82/><U57/><E119/><V68/><F68/><W113/><G67/><T126/><D126/><U21/><E34/><V29/><F132/><W79/><G49/><T66/><REACH who="0" step="1"/><D19/><REACH who="0" ten="225,231,458,66" step="2"/><U32/><E123/><V98/><F95/><W125/><G125/><T86/><N who="0" m="21504" /><DORA hai="89" /><T5/><D5/><U75/><E120/><V55/><F94/><W28/><G118/><T121/><D121/><U47/><E75/><V80/><F80/><W107/><G107/><T37/><D37/><U88/><E105/><V116/><F116/><W115/><G109/><T72/><D72/><U11/><E104/><V10/><REACH who="2" step="1"/><F1/><REACH who="2" ten="225,231,448,66" step="2"/><W117/><G117/><T36/><D36/><U46/><E71/><AGARI ba="1,3" hai="25,26,42,45,48,50,53,58,61,66,71" m="21504" machi="71" ten="50,12000,1" yaku="1,1,53,3" doraHai="103,89" doraHaiUra="44,40" who="0" fromWho="1" sc="225,153,231,-123,448,0,66,0" /><INIT seed="4,2,0,5,1,52" ten="378,108,448,66" oya="0" hai0="41,53,0,23,38,117,32,79,26,63,84,78,87" hai1="6,102,72,129,19,128,7,4,96,69,89,24,111" hai2="17,70,31,35,103,12,104,86,62,13,113,1,80" hai3="90,34,25,123,98,105,45,97,130,54,2,94,108"/><T3/><D32/><U28/><E111/><V100/><F1/><W85/><G2/><T135/><D117/><U55/><E72/><V131/><F113/><W93/><G108/><T132/><D41/><U74/><E74/><V37/><F37/><W61/><G123/><T65/><D53/><U57/><E69/><V75/><F75/><W66/><G130/><N who="1" m="50282" /><E89/><V15/><F17/><W39/><G105/><T115/><D38/><U119/><E19/><V29/><F131/><W99/><G34/><T101/><D101/><N who="2" m="38986" /><F70/><W22/><G39/><T77/><D115/><U58/><E55/><V112/><F35/><W40/><G40/><T51/><D51/><U36/><E36/><V133/><F104/><W91/><G45/><T30/><D3/><U122/><E119/><V48/><F48/><W127/><G127/><T124/><D0/><U27/><E122/><V44/><F133/><N who="0" m="51274" /><D124/><U76/><E76/><N who="0" m="19457" /><T56/><AGARI ba="2,0" hai="23,26,30,56,63,65,84,87" m="19457,51274" machi="56" ten="40,7800,0" yaku="4,1,20,1,52,1" doraHai="52" who="0" fromWho="0" sc="378,84,108,-28,448,-28,66,-28" /><INIT seed="4,3,0,1,0,36" ten="462,80,420,38" oya="0" hai0="8,25,20,21,45,89,58,51,57,43,44,132,122" hai1="24,96,1,80,53,16,133,48,30,66,10,107,50" hai2="127,0,103,75,56,112,120,35,23,5,125,129,4" hai3="28,18,40,105,72,3,93,82,102,9,97,128,84"/><T114/><D122/><U109/><E109/><V121/><F75/><W81/><G128/><T22/><D114/><U118/><E118/><V76/><F76/><W71/><G71/><T12/><D132/><U60/><E133/><V85/><F85/><W77/><G28/><T110/><D110/><U59/><E80/><V115/><F103/><W13/><G3/><T117/><D117/><U19/><E48/><V34/><F23/><W26/><G26/><T68/><D68/><U55/><E53/><V79/><F79/><W104/><REACH who="3" step="1"/><G40/><REACH who="3" ten="462,80,420,28" step="2"/><T15/><D25/><U99/><E1/><V123/><F129/><W131/><G131/><T92/><D15/><N who="1" m="7287" /><E30/><V7/><F0/><W42/><G42/><T32/><D32/><N who="2" m="12330" /><F56/><W31/><G31/><T83/><D45/><N who="1" m="28111" /><E107/><V49/><F49/><W78/><AGARI ba="3,1" hai="9,13,18,72,77,78,81,82,84,93,97,102,104,105" machi="78" ten="20,2700,0" yaku="1,1,0,1,7,1,53,0" doraHai="36" doraHaiUra="33" who="3" fromWho="3" sc="462,-16,80,-10,420,-10,28,46" /><INIT seed="5,0,0,5,1,3" ten="446,70,410,74" oya="1" hai0="36,43,13,12,109,66,17,72,98,18,11,33,6" hai1="8,84,117,93,64,19,85,27,24,126,42,107,21" hai2="111,47,108,74,40,1,88,16,83,26,68,125,34" hai3="41,62,32,71,23,101,133,51,30,92,44,25,60"/><U80/><E107/><V67/><F1/><W75/><G75/><T129/><D109/><U91/><E126/><V128/><F125/><W123/><G133/><T0/><D33/><U100/><E117/><V135/><F135/><W61/><G123/><T81/><D129/><U49/><E64/><V38/><F128/><W37/><G32/><T31/><D31/><U22/><E8/><V118/><F118/><W95/><G71/><T99/><D66/><U70/><E70/><V77/><F88/><W10/><G37/><T132/><D132/><U9/><E9/><V127/><F127/><W119/><G119/><T65/><D65/><U87/><E100/><V89/><F89/><W103/><REACH who="3" step="1"/><G10/><REACH who="3" ten="446,70,410,64" step="2"/><T73/><D72/><U29/><REACH who="1" step="1"/><E80/><REACH who="1" ten="446,60,410,64" step="2"/><V122/><F83/><W104/><G104/><T116/><D81/><U46/><AGARI ba="0,2" hai="19,21,22,24,27,29,42,46,49,84,85,87,91,93" machi="46" ten="30,11700,0" yaku="1,1,2,1,0,1,8,1,53,0" doraHai="3" doraHaiUra="131" who="1" fromWho="1" sc="446,-39,60,137,410,-39,64,-39" /><INIT seed="5,1,0,4,2,61" ten="407,197,371,25" oya="1" hai0="76,34,8,107,62,105,130,52,98,5,102,57,106" hai1="31,84,66,46,94,118,64,115,92,60,119,78,129" hai2="74,15,42,103,40,114,73,101,120,83,80,18,127" hai3="37,135,67,133,116,110,20,22,77,55,79,112,123"/><U26/><E60/><V54/><F54/><W95/><G123/><T81/><D34/><U125/><E115/><V39/><F15/><W53/><G37/><T24/><D24/><U44/><E78/><V12/><F12/><W28/><G112/><T21/><D21/><U58/><E58/><V33/><F33/><W87/><G110/><T59/><D57/><U117/><E84/><V90/><F90/><W122/><G122/><T11/><D130/><U108/><E129/><V19/><F114/><W41/><G87/><T9/><REACH who="0" step="1"/><D5/><REACH who="0" ten="397,197,371,25" step="2"/><U93/><E108/><V96/><F120/><W25/><G25/><T56/><D56/><U47/><REACH who="1" step="1"/><E125/><REACH who="1" ten="397,187,371,25" step="2"/><V109/><F109/><W3/><G116/><T111/><D111/><U48/><E48/><V13/><F127/><W85/><G85/><AGARI ba="1,2" hai="8,9,11,52,59,62,76,81,85,98,102,105,106,107" machi="85" ten="40,2600,0" yaku="1,1,54,1,53,0" doraHai="61" doraHaiUra="10" who="0" fromWho="3" sc="397,49,187,0,371,0,25,-29" owari="446,54.0,187,-21.0,371,17.0,-4,-50.0" /></mjloggm>