<mjloggm ver="2.3"><GO type="169" lobby="0"/><UN n0="%E3%81%96%E3%82%8A%E3%81%8C%E3%81%AB%E3%81%8F%E3%82%93" n1="%E9%9B%B6%E7%95%AA%E9%9A%8A%E9%9A%8A%E9%95%B7" n2="%52%45%49%4E%E6%A3%AE%E4%B9%85%E4%BF%9D%50" n3="%E3%81%A6%E3%82%93%E3%81%A6%E3%81%93%E7%8B%90" dan="17,18,16,16" rate="2217.20,2265.40,2125.65,2169.48" sx="M,M,M,M"/><TAIKYOKU oya="0"/><INIT seed="0,0,0,5,1,52" ten="250,250,250,250" oya="0" hai0="80,13,113,99,18,86,16,132,82,2,105,112,123" hai1="35,66,26,50,128,44,40,114,131,45,85,47,127" hai2="65,91,98,30,116,102,62,88,24,126,78,46,135" hai3="95,38,73,57,48,69,43,19,124,61,56,84,130"/><T27/><D123/><U42/><E35/><V15/><F116/><W7/><G73/><T106/><D2/><U6/><E6/><V60/><F135/><W12/><G38/><T36/><D36/><U119/><E26/><V21/><F126/><W94/><G124/><T54/><D132/><U96/><E127/><V110/><F110/><W41/><G130/><N who="1" m="49706" /><E85/><V101/><F46/><N who="1" m="18025" /><E96/><V1/><F1/><W97/><G7/><T59/><D27/><U122/><E122/><V90/><F62/><W63/><G69/><T79/><D82/><U5/><E5/><V4/><F78/><W17/><G48/><T129/><D129/><U133/><E133/><V74/><F74/><W83/><G84/><T9/><D18/><U20/><E20/><V58/><F98/><W31/><G31/><T55/><D55/><N who="1" m="30175" /><E119/><V120/><F120/><W49/><G49/><T72/><D72/><U87/><E87/><V11/><AGARI ba="0,0" hai="4,11,15,21,24,30,58,60,65,88,90,91,101,102" machi="11" ten="30,7900,0" yaku="0,1,8,1,52,1,54,1" doraHai="52" who="2" fromWho="2" sc="250,-39,250,-20,250,79,250,-20" /><INIT seed="1,0,0,3,5,69" ten="211,230,329,230" oya="1" hai0="128,126,82,38,105,34,119,10,44,13,129,36,71" hai1="23,41,5,19,62,22,115,32,30,8,87,55,78" hai2="106,50,77,4,110,123,57,51,60,131,108,86,27" hai3="122,88,20,67,83,133,64,85,118,92,29,12,16"/><U40/><E115/><V9/><F106/><W73/><G122/><T90/><D119/><U134/><E134/><V43/><F123/><W101/><G133/><T15/><D34/><U35/><E35/><V42/><F27/><W24/><G118/><T59/><D71/><U120/><E120/><V65/><F86/><W107/><G107/><T104/><D126/><U31/><E32/><V111/><F77/><W7/><G7/><T114/><D114/><U117/><E117/><V26/><F26/><W45/><G45/><T63/><D104/><U37/><E31/><V68/><F131/><N who="0" m="50250" /><D44/><U74/><E30/><V56/><F9/><W98/><REACH who="3" step="1"/><G73/><REACH who="3" ten="211,230,329,220" step="2"/><T81/><D105/><U95/><E74/><V18/><F4/><W99/><G99/><T80/><D90/><U46/><E5/><V1/><F1/><W72/><G72/><T52/><D15/><U109/><E46/><V125/><F125/><W100/><G100/><T113/><D113/><U39/><E78/><V11/><F18/><AGARI ba="0,1" hai="10,13,18,36,38,52,59,63,80,81,82" m="50250" machi="18" ten="30,7700,0" yaku="19,1,52,2,54,1" doraHai="69" who="0" fromWho="2" sc="211,87,230,0,329,-77,220,0" /><INIT seed="2,0,0,3,1,89" ten="298,230,252,220" oya="2" hai0="6,10,13,4,54,121,62,84,101,56,117,98,82" hai1="16,28,22,57,99,45,134,109,72,11,124,7,94" hai2="74,118,59,128,110,46,51,76,41,126,53,73,111" hai3="122,44,2,108,23,26,58,34,71,20,64,81,116"/><V119/><F76/><W97/><G116/><N who="2" m="44585" /><F74/><W1/><G108/><N who="2" m="41513" /><F73/><W50/><G122/><T102/><D117/><U112/><E72/><V123/><F128/><W130/><G130/><T19/><D121/><U37/><E112/><V40/><F123/><W9/><G81/><T95/><REACH who="0" step="1"/><D102/><REACH who="0" ten="288,230,252,220" step="2"/><U80/><E109/><V36/><F126/><W129/><G129/><T18/><D18/><U83/><E124/><V115/><F40/><W63/><G1/><T61/><D61/><U17/><E17/><V66/><F66/><W113/><G63/><T55/><D55/><U107/><E16/><V65/><F65/><W92/><G2/><T24/><D24/><U114/><E114/><AGARI ba="0,1" hai="36,41,46,51,53,59,114,115" m="41513,44585" machi="114" ten="30,11600,0" yaku="14,1,10,1,34,2" doraHai="89" who="2" fromWho="1" sc="288,0,230,-116,252,126,220,0" /><INIT seed="2,1,0,3,2,11" ten="288,114,378,220" oya="2" hai0="22,128,96,48,56,42,15,68,53,121,70,100,120" hai1="102,77,113,0,57,1,94,40,105,66,87,79,10" hai2="19,123,17,7,55,80,61,122,8,47,31,117,116" hai3="24,73,135,3,23,134,41,62,82,92,109,25,30"/><V91/><F80/><W78/><G109/><T5/><D128/><U16/><E113/><V126/><F91/><W89/><G3/><T93/><D42/><U98/><E40/><V9/><F61/><W71/><G41/><T124/><D124/><U125/><E125/><V129/><F55/><W58/><G24/><T29/><D29/><U84/><E1/><V86/><F47/><W39/><G71/><T63/><D63/><N who="1" m="38255" /><E0/><V20/><F86/><N who="1" m="32809" /><E105/><V106/><F106/><W95/><G39/><T13/><D5/><U38/><E38/><V54/><F54/><W46/><G46/><T132/><D132/><N who="3" m="50729" /><G89/><T2/><D2/><U33/><E33/><V27/><F126/><W111/><G111/><T69/><REACH who="0" step="1"/><D22/><REACH who="0" ten="278,114,378,220" step="2"/><U110/><E110/><V65/><F129/><W115/><G115/><T107/><D107/><U74/><E74/><V83/><F20/><W18/><G30/><T131/><D131/><U32/><E32/><V28/><F7/><W85/><G73/><T43/><D43/><U36/><E36/><V26/><F83/><W64/><AGARI ba="1,1" hai="18,23,25,58,62,64,78,82,85,92,95" m="50729" machi="64" ten="30,1100,0" yaku="20,1" doraHai="11" who="3" fromWho="3" sc="278,-4,114,-4,378,-6,220,24" /><INIT seed="3,0,0,1,3,14" ten="274,110,372,244" oya="3" hai0="51,126,82,53,10,118,72,132,120,19,52,66,90" hai1="46,105,39,0,25,6,79,8,70,103,106,17,7" hai2="96,32,122,115,56,34,55,18,99,89,83,60,97" hai3="86,54,62,123,35,71,15,108,49,26,125,124,128"/><W22/><G123/><T133/><D118/><U113/><E113/><V42/><F115/><W75/><G75/><T33/><D120/><U29/><E7/><V37/><F122/><W9/><G35/><T45/><D33/><U74/><E70/><V1/><F1/><W30/><G128/><T130/><D126/><U81/><E103/><V91/><F42/><W131/><G131/><T112/><D130/><U92/><E92/><V23/><F37/><W76/><G108/><T135/><D112/><U68/><E68/><V80/><F34/><W41/><G41/><N who="0" m="25007" /><D66/><U31/><E46/><V2/><F2/><W38/><G38/><T107/><D107/><U5/><E5/><V59/><F59/><W44/><G71/><T27/><D90/><N who="2" m="34314" /><F32/><W101/><G101/><T43/><D43/><U40/><E40/><V102/><F102/><W58/><G76/><N who="0" m="44295" /><D10/><U78/><E78/><V21/><F21/><AGARI ba="0,0" hai="19,21,27,52,53,132,133,135" m="44295,25007" machi="21" ten="30,3900,0" yaku="20,1,52,1,54,1" doraHai="14" who="0" fromWho="2" sc="274,39,110,0,372,-39,244,0" /><INIT seed="4,0,0,3,4,9" ten="313,110,333,244" oya="0" hai0="44,34,65,68,40,122,26,95,62,87,13,81,55" hai1="134,106,3,96,15,54,38,128,56,28,108,4,91" hai2="70,58,99,49,124,11,59,125,61,21,80,109,133" hai3="76,63,51,6,107,66,32,5,78,57,94,114,89"/><T73/><D122/><U67/><E108/><V118/><F109/><W71/><G114/><T132/><D132/><U77/><E134/><V33/><F33/><W92/><G107/><T75/><D95/><U22/><E128/><V113/><F133/><W8/><G32/><T120/><D120/><U119/><E119/><V98/><F113/><W116/><G116/><T135/><D135/><U74/><E38/><V25/><F80/><W45/><G71/><T0/><D0/><U41/><E41/><V16/><F70/><W7/><G94/><T88/><D55/><U131/><E67/><V53/><F11/><W31/><G31/><T97/><D97/><U79/><E74/><V2/><F2/><W110/><G8/><T48/><REACH who="0" step="1"/><D13/><REACH who="0" ten="303,110,333,244" step="2"/><U90/><E3/><V82/><F118/><W112/><G112/><T101/><D101/><U20/><E96/><V111/><F111/><W69/><G110/><T27/><D27/><U121/><E121/><V103/><F99/><N who="3" m="57743" /><G69/><T123/><D123/><U42/><E106/><V126/><F82/><W85/><G85/><T36/><D36/><U127/><E131/><V10/><F98/><W12/><G12/><T17/><D17/><U43/><E15/><V1/><F103/><W115/><G115/><T60/><D60/><U129/><E129/><V47/><F61/><W23/><G5/><AGARI ba="0,1" hai="1,5,10,16,21,25,47,49,53,58,59,124,125,126" machi="5" ten="40,2600,0" yaku="18,1,54,1" doraHai="9" who="2" fromWho="3" sc="303,0,110,0,333,36,244,-26" /><INIT seed="5,0,0,0,5,119" ten="303,110,369,218" oya="1" hai0="103,61,88,38,106,43,127,31,29,4,90,123,64" hai1="70,92,115,45,52,111,135,100,99,7,66,22,26" hai2="55,65,13,50,85,23,121,93,102,25,44,76,130" hai3="42,79,20,56,21,98,19,83,105,40,36,41,2"/><U48/><E115/><V32/><F130/><W0/><G36/><T131/><D131/><U60/><E135/><V101/><F121/><W15/><G56/><T71/><D127/><U96/><E111/><V132/><F132/><W116/><G116/><T10/><D43/><U97/><REACH who="1" step="1"/><E7/><REACH who="1" ten="303,100,369,218" step="2"/><V27/><F32/><W28/><G0/><T84/><D4/><U95/><E95/><V75/><F93/><W113/><G2/><T126/><D126/><U39/><E39/><V124/><F124/><W33/><G33/><T68/><D38/><U128/><E128/><V62/><F102/><W30/><G113/><T129/><D103/><U72/><E72/><V16/><F101/><W5/><G5/><T67/><D129/><U81/><E81/><N who="2" m="47271" /><F75/><W18/><G105/><T63/><D106/><U37/><E37/><V24/><F65/><W69/><G69/><T107/><D107/><U104/><E104/><V35/><F35/><W8/><G98/><T53/><D67/><U6/><E6/><V34/><F34/><W82/><G82/><T54/><D64/><U114/><E114/><V86/><F86/><N who="3" m="48511" /><G8/><T1/><D84/><U117/><E117/><V110/><F110/><W80/><G80/><T112/><D112/><U51/><E51/><V125/><F125/><W17/><G21/><T57/><D10/><U59/><E59/><V109/><F109/><W73/><G73/><T94/><D94/><U87/><E87/><V78/><F62/><W11/><G11/><T134/><D57/><U47/><E47/><N who="2" m="28127" /><F78/><W3/><G3/><T122/><D1/><U108/><E108/><RYUUKYOKU ba="0,1" sc="303,0,100,0,369,0,218,0" hai0="29,31,53,54,61,63,68,71,88,90,122,123,134" hai1="22,26,45,48,52,60,66,70,92,96,97,99,100" hai2="13,16,23,24,25,27,44" hai3="15,17,18,19,20,28,30,40,41,42" /><INIT seed="5,1,1,3,5,49" ten="303,100,369,218" oya="1" hai0="35,74,32,87,135,81,15,45,101,84,73,99,116" hai1="38,100,110,57,107,69,26,112,36,125,90,78,92" hai2="23,70,24,113,97,50,33,37,115,28,54,4,75" hai3="95,67,129,104,55,58,124,27,40,10,117,18,30"/><U6/><E69/><V20/><F70/><W52/><G104/><T114/><D116/><U131/><E112/><N who="2" m="43083" /><F75/><W31/><G129/><T130/><D114/><U2/><E131/><V43/><F4/><W61/><G124/><T85/><D130/><U108/><E125/><V128/><F128/><W11/><G117/><T64/><D135/><U65/><E78/><V119/><F119/><W12/><G40/><T102/><D64/><U118/><E118/><V72/><F72/><W62/><G95/><T9/><D45/><U88/><E26/><V34/><F34/><W103/><G103/><T126/><D126/><U14/><E2/><V56/><F97/><W86/><G86/><T127/><D127/><U19/><E6/><V123/><F123/><W44/><G10/><T47/><D47/><AGARI ba="1,1" hai="20,23,24,28,33,37,43,47,50,54,56" m="43083" machi="47" ten="30,3900,0" yaku="15,1,11,1,52,1" doraHai="49" who="2" fromWho="0" sc="303,-42,100,0,369,52,218,0" /><INIT seed="6,0,0,2,3,2" ten="261,100,421,218" oya="2" hai0="88,39,100,41,74,60,11,107,10,46,75,101,105" hai1="124,16,57,80,133,85,45,25,53,84,112,40,96" hai2="24,122,5,56,78,7,63,17,67,59,33,104,119" hai3="79,127,97,13,126,98,83,43,1,29,68,81,106"/><V116/><F104/><W27/><G1/><T20/><D20/><U113/><E124/><V8/><F122/><W91/><G68/><T117/><D117/><U3/><E3/><V118/><F78/><W134/><G134/><T21/><D21/><U62/><E133/><V37/><F37/><W111/><G111/><T109/><D109/><U120/><E120/><V132/><F132/><W128/><G128/><T72/><D88/><U131/><E131/><V135/><F135/><W48/><G106/><T55/><D107/><U92/><E80/><V69/><F33/><W50/><G43/><T130/><D130/><U12/><E25/><V108/><F108/><W28/><G13/><T6/><D105/><U36/><E112/><V22/><F8/><W93/><G93/><T9/><D6/><U58/><E58/><V89/><F89/><W15/><G15/><T86/><D86/><U18/><E113/><V121/><F121/><W73/><G91/><T102/><D55/><U71/><E71/><V115/><F115/><W44/><G27/><T0/><D0/><U103/><REACH who="1" step="1"/><E18/><REACH who="1" ten="261,90,421,218" step="2"/><V114/><F114/><W4/><G83/><T30/><D72/><U94/><E94/><V14/><F24/><W99/><G127/><T125/><D74/><U70/><E70/><V76/><F76/><W35/><G126/><T95/><D95/><U64/><E64/><V82/><F82/><W42/><G81/><T31/><D75/><U110/><E110/><V51/><F69/><W65/><G73/><T26/><D125/><U38/><E38/><V54/><AGARI ba="0,1" hai="5,7,14,17,22,51,54,56,59,63,67,116,118,119" machi="54" ten="40,7800,0" yaku="0,1,52,2" doraHai="2" who="2" fromWho="2" sc="261,-26,90,-26,421,88,218,-26" /><INIT seed="6,1,0,5,2,101" ten="235,64,509,192" oya="2" hai0="60,92,36,99,57,87,29,69,76,56,2,8,78" hai1="25,39,110,124,0,96,112,97,61,59,79,65,91" hai2="119,55,83,32,43,49,127,109,93,19,121,108,9" hai3="33,102,6,28,88,44,20,21,14,133,131,90,86"/><V118/><F32/><W42/><G133/><T74/><D36/><U89/><E110/><N who="2" m="42603" /><F43/><W67/><G131/><T128/><D128/><U37/><E0/><V116/><F83/><W123/><G123/><T24/><D74/><U17/><E112/><V4/><F19/><W71/><G90/><T72/><D72/><U35/><E124/><V98/><F127/><W50/><G102/><T75/><D75/><U11/><E79/><V47/><F121/><W52/><G33/><T51/><D69/><U1/><E39/><V85/><F85/><W64/><G71/><T34/><D87/><U70/><E37/><V10/><F4/><W100/><G100/><AGARI ba="1,0" hai="9,10,47,49,55,93,98,100,116,118,119" m="42603" machi="100" ten="40,2000,0" yaku="10,1" doraHai="101" who="2" fromWho="3" sc="235,0,64,0,509,23,192,-23" /><INIT seed="6,2,0,3,4,87" ten="235,64,532,169" oya="2" hai0="36,40,100,13,107,78,20,84,130,18,41,42,5" hai1="37,28,81,22,116,30,4,44,90,23,109,67,72" hai2="111,125,104,9,77,70,59,132,17,45,127,75,126" hai3="65,47,112,134,118,57,74,114,115,117,60,35,131"/><V34/><F104/><W51/><G35/><T102/><D130/><U21/><E116/><N who="3" m="44650" /><G74/><T98/><D36/><U83/><E109/><V105/><F105/><W101/><G101/><N who="0" m="39019" /><D107/><U106/><E106/><V122/><F70/><W99/><G99/><T97/><D5/><U88/><E67/><V76/><F34/><W7/><G7/><T120/><D120/><U80/><E72/><V92/><F111/><W29/><G29/><N who="1" m="11370" /><E37/><V89/><F122/><W133/><G131/><T129/><D129/><U54/><E4/><V27/><F132/><W33/><G33/><T63/><D63/><U6/><E6/><V94/><F94/><W55/><AGARI ba="2,0" hai="47,51,55,57,60,65,112,114,115,133,134" m="44650" machi="55" ten="40,8000,1" yaku="15,1,11,1,34,2" doraHai="87" who="3" fromWho="3" sc="235,-22,64,-22,532,-42,169,86" /><INIT seed="7,0,0,2,2,62" ten="213,42,490,255" oya="3" hai0="84,114,109,55,130,99,31,58,123,14,75,64,91" hai1="93,82,3,29,118,65,76,69,20,116,2,21,60" hai2="97,67,86,38,128,1,77,22,36,85,43,57,47" hai3="30,87,48,111,135,27,113,73,72,10,80,61,15"/><W8/><G113/><T37/><D109/><U32/><E93/><V5/><F128/><W132/><G111/><T9/><D114/><U0/><E82/><V49/><F22/><W52/><G61/><T112/><D112/><U44/><E44/><V7/><F97/><W131/><G131/><T23/><D130/><U115/><E76/><V19/><F19/><W17/><G8/><T121/><D75/><U92/><E92/><V59/><F67/><W106/><G106/><T46/><D99/><U104/><E115/><V124/><F77/><W51/><G51/><T16/><D37/><U95/><E95/><V74/><F49/><W25/><G73/><T4/><D31/><U101/><E21/><V94/><F94/><W33/><G25/><T133/><D133/><U108/><E20/><V6/><F74/><W42/><G42/><T102/><D102/><U54/><E54/><V26/><F26/><W127/><G72/><T24/><D46/><U41/><E41/><V70/><F70/><W78/><G78/><T12/><D24/><U89/><E89/><V122/><F1/><W120/><G120/><T110/><D110/><U56/><E56/><V96/><F122/><W79/><G79/><T28/><D28/><U88/><E88/><V90/><F38/><W81/><G135/><T103/><D103/><U50/><E50/><V100/><F90/><W68/><G48/><T83/><D55/><U11/><E108/><V13/><F100/><W129/><G52/><T40/><D40/><U98/><E11/><V105/><F43/><W18/><G10/><T39/><D121/><RYUUKYOKU ba="0,0" sc="213,-10,42,30,490,-10,255,-10" hai1="0,2,3,29,32,60,65,69,98,101,104,116,118" owari="203,-20.0,72,-43.0,480,58.0,245,5.0" /></mjloggm>