<mjloggm ver="2.3"><GO type="225" lobby="0"/><UN n0="%48%4F%4D%4F%E5%A5%B3" n1="%E5%A4%A9%E3%83%8E%E5%B7%9D%E6%B2%99%E5%A4%9C" n2="%E5%A4%A7%E5%AE%AE%E5%BF%8D%76" n3="%E8%87%AA%E7%A7%B0%E6%9C%80%E5%BC%B7%E9%9B%80%E5%A3%AB%EF%BC%93" dan="16,16,17,16" rate="2117.01,2158.60,2187.00,2118.45" sx="M,F,M,M"/><TAIKYOKU oya="0"/><INIT seed="0,0,0,2,4,36" ten="250,250,250,250" oya="0" hai0="39,28,15,74,78,52,96,107,99,75,25,10,81" hai1="59,134,88,135,40,60,70,54,130,61,47,22,64" hai2="7,68,100,102,124,31,132,41,101,43,17,79,87" hai3="37,77,2,86,34,113,108,112,0,33,119,127,42"/><T131/><D131/><U114/><E130/><V18/><F68/><W117/><G86/><T16/><D75/><U29/><E29/><V76/><F132/><N who="1" m="50729" /><E22/><V55/><F124/><W23/><G23/><T97/><D39/><N who="1" m="21919" /><E88/><V19/><F31/><W32/><G77/><N who="2" m="29769" /><F7/><W129/><G127/><T24/><D107/><U90/><E90/><V92/><F55/><W50/><G50/><T128/><D128/><U56/><E114/><N who="3" m="44138" /><G129/><T6/><D52/><U20/><E20/><V67/><F67/><W121/><G121/><T9/><REACH who="0" step="1"/><D28/><REACH who="0" ten="240,250,250,250" step="2"/><U120/><E120/><V123/><F123/><W103/><G117/><T126/><D126/><U118/><E118/><V133/><F133/><W125/><G119/><T122/><D122/><U21/><E21/><V27/><F27/><W116/><G125/><T48/><D48/><U30/><E30/><V38/><F38/><W91/><G116/><T73/><D73/><U98/><E98/><V8/><F8/><W3/><G37/><T93/><D93/><U82/><E82/><V11/><F11/><W115/><G115/><T69/><D69/><AGARI ba="0,1" hai="54,56,59,60,61,64,69,70" m="21919,50729" machi="69" ten="30,7700,0" yaku="20,1,34,2,52,1" doraHai="36" who="1" fromWho="0" sc="240,-77,250,87,250,0,250,0" /><INIT seed="1,0,0,2,5,1" ten="163,337,250,250" oya="1" hai0="22,135,128,19,10,108,15,72,58,4,35,55,65" hai1="11,118,18,28,90,119,59,105,112,91,2,34,125" hai2="16,127,88,98,87,111,92,41,102,129,40,8,133" hai3="14,99,122,21,54,94,63,13,82,130,85,52,80"/><U126/><E105/><V37/><F37/><W74/><G122/><T78/><D128/><U107/><E107/><V26/><F111/><W0/><G0/><T53/><D135/><U7/><E59/><V114/><F133/><W96/><G130/><T69/><D108/><U131/><E131/><V66/><F129/><W75/><G63/><T81/><D35/><U51/><E51/><V77/><F127/><N who="1" m="48649" /><E112/><V36/><F114/><W49/><G21/><T23/><D69/><U71/><E71/><V48/><F36/><W123/><G123/><T106/><D106/><U47/><E47/><V64/><F77/><W6/><G6/><T24/><REACH who="0" step="1"/><D23/><REACH who="0" ten="153,337,250,250" step="2"/><U84/><E34/><V79/><F79/><W5/><G75/><T9/><D9/><U46/><E11/><V134/><F134/><W27/><G74/><T89/><D89/><U110/><E91/><V132/><F132/><W32/><G32/><T45/><D45/><U121/><E46/><N who="2" m="25671" /><F41/><W12/><G85/><T101/><D101/><U56/><E84/><V113/><F113/><W29/><G99/><T124/><D124/><U104/><E110/><V97/><F98/><W62/><G96/><T115/><D115/><U93/><E104/><V95/><F8/><W76/><G76/><T38/><D38/><U39/><E39/><V109/><F109/><W116/><G116/><T100/><D100/><U31/><E119/><V25/><F102/><W50/><G50/><T42/><D42/><U43/><E118/><V30/><F97/><W86/><G49/><T68/><D68/><U57/><E43/><V120/><F88/><RYUUKYOKU ba="0,1" sc="153,30,337,-10,250,-10,250,-10" hai0="4,10,15,19,22,24,53,55,58,65,72,78,81" /><INIT seed="2,1,1,4,3,125" ten="183,327,240,240" oya="2" hai0="120,51,23,47,135,70,16,19,116,62,45,66,72" hai1="24,101,96,82,50,17,121,36,11,28,39,110,63" hai2="128,49,40,64,41,8,83,109,132,20,107,88,21" hai3="13,38,94,84,3,87,124,77,53,127,111,32,61"/><V113/><F113/><W29/><G3/><T114/><D120/><U56/><E121/><V86/><F107/><W122/><G122/><T69/><D114/><U5/><E110/><V18/><F132/><W12/><G38/><T4/><D135/><U30/><E50/><V65/><F109/><W123/><G123/><T92/><D116/><U42/><E82/><V76/><F76/><W37/><G37/><T131/><D72/><U73/><E73/><V129/><F8/><W52/><G111/><T79/><D79/><U48/><E48/><V99/><F99/><W97/><G32/><T133/><D133/><U106/><E17/><V85/><F85/><W2/><G2/><T14/><D4/><U91/><E91/><V119/><F119/><W22/><G29/><T59/><D131/><N who="2" m="50250" /><F21/><W108/><G108/><T115/><D115/><U74/><E74/><V93/><F83/><W89/><G77/><T134/><D134/><U1/><E11/><V9/><F9/><W60/><G87/><T35/><D35/><U105/><E96/><V75/><F75/><W34/><G34/><T15/><D92/><U126/><E105/><V71/><F71/><W58/><G84/><T0/><D0/><U102/><E106/><V95/><F95/><W112/><G112/><T100/><D100/><U43/><E101/><V67/><F49/><W44/><G22/><N who="0" m="11543" /><D51/><U10/><E102/><V90/><F90/><W6/><G44/><N who="0" m="16971" /><D69/><U98/><E10/><V26/><AGARI ba="1,1" hai="18,20,26,40,41,64,65,67,86,88,93" m="50250" machi="26" ten="30,12000,1" yaku="19,1,52,3,54,1" doraHai="125" who="2" fromWho="2" sc="183,-41,327,-41,240,133,240,-41" /><INIT seed="2,2,0,2,2,12" ten="142,286,373,199" oya="2" hai0="128,34,121,81,89,63,133,4,31,105,88,109,53" hai1="57,72,52,122,18,55,75,11,33,76,134,86,98" hai2="61,21,40,66,16,77,71,45,127,9,58,6,96" hai3="30,91,118,78,95,44,42,23,114,56,24,64,36"/><V115/><F115/><W130/><G118/><T5/><D121/><U131/><E33/><V62/><F127/><W119/><G119/><T106/><D128/><U69/><E69/><V83/><F96/><W60/><G114/><T20/><D133/><U87/><E134/><V120/><F120/><W99/><G130/><T112/><D112/><U90/><E131/><V22/><F22/><W126/><G126/><T68/><D34/><U10/><E122/><V19/><F21/><W123/><G123/><T32/><D32/><U107/><E75/><V38/><F62/><W94/><G94/><T26/><D109/><U49/><E72/><N who="2" m="43431" /><F71/><W125/><G125/><T117/><D117/><U84/><E76/><V93/><F93/><W124/><G124/><T97/><D68/><U132/><E132/><V29/><F29/><W43/><G43/><T3/><D3/><AGARI ba="2,0" hai="3,6,9,16,19,38,40,45,58,61,66" m="43431" machi="3" ten="30,11600,0" yaku="25,1,52,2,54,1" doraHai="12" who="2" fromWho="0" sc="142,-122,286,0,373,122,199,0" /><INIT seed="2,3,0,4,1,118" ten="20,286,495,199" oya="2" hai0="41,30,124,122,78,13,129,84,93,126,131,85,104" hai1="72,95,116,110,2,86,61,3,22,111,55,117,94" hai2="123,49,108,26,75,65,92,119,9,25,40,59,107" hai3="47,109,114,81,50,21,130,29,80,128,73,68,48"/><V46/><F119/><N who="1" m="45641" /><E72/><V53/><F107/><W82/><G114/><T37/><D30/><U135/><E22/><V12/><F75/><W10/><G68/><T17/><D37/><U100/><E86/><N who="0" m="33385" /><D41/><U102/><E55/><V132/><F132/><W19/><G73/><T71/><D17/><U56/><E56/><V106/><F106/><W134/><G134/><T4/><D13/><U16/><E61/><V32/><F65/><W23/><G109/><N who="1" m="41482" /><E16/><V38/><F108/><W87/><G87/><T62/><D4/><U115/><E135/><V54/><F54/><W44/><G10/><T20/><D62/><U97/><E3/><V28/><F26/><W127/><G29/><T89/><D20/><U1/><E1/><V43/><F43/><W57/><G23/><T11/><D71/><U77/><E2/><V120/><REACH who="2" step="1"/><F92/><REACH who="2" ten="20,286,485,199" step="2"/><N who="1" m="35369" /><E115/><V79/><F79/><W8/><G130/><N who="0" m="49675" /><D78/><U52/><E52/><V5/><AGARI ba="3,1" hai="5,9,12,25,28,32,38,40,46,49,53,59,120,123" machi="5" ten="20,18000,2" yaku="1,1,0,1,7,1,52,2,53,1" doraHai="118" doraHaiUra="45" who="2" fromWho="2" sc="20,-63,286,-63,485,199,199,-63" owari="-43,-54.0,223,2.0,684,78.0,136,-26.0" /></mjloggm>