<mjloggm ver="2.3"><GO type="169" lobby="0"/><UN n0="%E8%BC%9D%E5%A4%9C%E6%9C%88" n1="%E3%82%B5%E3%83%96%E3%82%A2%E3%83%A9%E3%83%89" n2="%E5%AE%89%E9%81%94%E3%81%95%E3%81%8F%E3%82%89" n3="%E7%89%8C%E5%BB%83%E4%BA%BA" dan="17,16,17,17" rate="2228.25,2066.85,2184.25,2170.01" sx="F,M,M,M"/><TAIKYOKU oya="0"/><INIT seed="0,0,0,4,0,55" ten="250,250,250,250" oya="0" hai0="127,14,72,16,37,50,102,45,42,112,113,2,62" hai1="75,61,118,10,93,123,19,83,107,35,85,78,103" hai2="25,44,134,17,110,48,3,32,96,100,95,114,36" hai3="66,70,101,57,26,129,74,38,76,65,18,51,126"/><T117/><D117/><U94/><E35/><V105/><F114/><W69/><G38/><T12/><D2/><U64/><E118/><V99/><F110/><W68/><G126/><T120/><D120/><U53/><E123/><V116/><F116/><W108/><G108/><T89/><D127/><U4/><E53/><V73/><F73/><W128/><G101/><T56/><D72/><U121/><E19/><V132/><F36/><W54/><G76/><T119/><D119/><U13/><E121/><V46/><F3/><W81/><G81/><T79/><D79/><U15/><E15/><V88/><F17/><W29/><G74/><T115/><D102/><U0/><E0/><V80/><F80/><W43/><G18/><T124/><D124/><U8/><E8/><V39/><F39/><W133/><G43/><T92/><D37/><U22/><E22/><V104/><F104/><W91/><G91/><T34/><D34/><U31/><E31/><V131/><F131/><N who="3" m="50251" /><G133/><N who="2" m="51305" /><F48/><W5/><G5/><T41/><D41/><U33/><E33/><AGARI ba="0,0" hai="26,29,33,51,54,57,65,66,68,69,70" m="50251" machi="33" ten="40,2600,0" yaku="19,1,52,1" doraHai="55" who="3" fromWho="1" sc="250,0,250,-26,250,0,250,26" /><INIT seed="1,0,0,1,5,62" ten="250,224,250,276" oya="1" hai0="53,32,83,66,36,8,59,75,84,17,29,39,110" hai1="38,100,51,56,30,91,79,18,28,42,52,20,63" hai2="5,44,7,49,129,122,123,10,99,35,97,88,57" hai3="130,117,107,58,46,14,1,106,80,19,47,133,127"/><U41/><E38/><V81/><F35/><W90/><G1/><T116/><D116/><U3/><E3/><V109/><F109/><W98/><G117/><T131/><D110/><U103/><E79/><V87/><F129/><W92/><G130/><T132/><D131/><U26/><E91/><V128/><F128/><W72/><G133/><T64/><D75/><U74/><E74/><V104/><F57/><W115/><G115/><T85/><D132/><U118/><E118/><V111/><F111/><W13/><G127/><T119/><D119/><U120/><E120/><V54/><F5/><W96/><G13/><N who="0" m="7335" /><D32/><U101/><E51/><V93/><F99/><W134/><G134/><T114/><D36/><U61/><REACH who="1" step="1"/><E61/><REACH who="1" ten="250,214,250,276" step="2"/><V22/><F123/><W55/><G72/><T37/><D37/><U4/><E4/><V12/><F122/><W86/><G106/><T69/><D39/><U124/><E124/><V121/><F121/><W105/><G107/><T73/><D73/><U71/><E71/><V102/><REACH who="2" step="1"/><F22/><REACH who="2" ten="250,214,240,276" step="2"/><W40/><G105/><AGARI ba="0,2" hai="7,10,12,44,49,54,81,87,88,93,97,102,104,105" machi="105" ten="40,8000,1" yaku="1,1,2,1,54,1,53,1" doraHai="62" doraHaiUra="89" who="2" fromWho="3" sc="250,0,214,0,240,100,276,-80" /><INIT seed="2,0,0,4,5,75" ten="250,214,340,196" oya="2" hai0="116,91,72,102,92,114,14,87,10,58,74,60,54" hai1="104,48,134,95,27,57,98,9,64,63,78,96,130" hai2="2,25,39,44,131,40,66,67,135,22,46,6,19" hai3="29,15,26,41,86,80,59,12,4,23,129,37,31"/><V45/><F135/><W33/><G129/><T120/><D114/><U123/><E130/><V124/><F131/><W112/><G112/><T42/><D120/><U8/><E134/><V7/><F124/><W106/><G106/><T93/><D116/><U88/><E123/><V126/><F126/><W52/><G4/><T24/><D74/><U119/><E119/><V90/><F46/><W76/><G37/><T21/><D72/><U61/><E27/><V127/><F127/><W32/><G41/><T89/><D102/><U117/><E117/><V109/><F109/><W113/><G113/><T35/><D35/><U101/><E63/><V43/><F90/><W1/><G1/><T49/><D42/><U30/><E30/><V51/><REACH who="2" step="1"/><F7/><REACH who="2" ten="250,214,330,196" step="2"/><W62/><REACH who="3" step="1"/><G29/><REACH who="3" ten="250,214,330,186" step="2"/><T47/><D91/><U50/><E104/><V115/><F115/><W3/><G3/><T132/><D132/><U94/><E101/><V83/><F83/><W70/><G70/><T5/><D93/><U11/><E95/><V69/><F69/><W121/><G121/><T55/><D89/><U118/><E118/><V20/><F20/><W128/><G128/><T84/><REACH who="0" step="1"/><D92/><REACH who="0" ten="240,214,330,186" step="2"/><U81/><E98/><V133/><F133/><W108/><G108/><T36/><D36/><U122/><E122/><V18/><F18/><AGARI ba="0,3" hai="5,10,14,18,21,24,47,49,54,55,58,60,84,87" machi="18" ten="30,3900,0" yaku="1,1,7,1,8,1,53,0" doraHai="75" doraHaiUra="105" who="0" fromWho="2" sc="240,69,214,0,330,-39,186,0" /><INIT seed="3,0,0,5,1,74" ten="309,214,291,186" oya="3" hai0="58,96,11,16,42,70,131,21,47,103,41,17,67" hai1="29,14,24,35,59,87,130,89,128,83,108,13,114" hai2="19,121,27,127,30,88,98,62,71,2,112,82,107" hai3="129,22,80,26,109,9,76,119,40,110,118,66,99"/><W92/><G40/><T120/><D120/><U86/><E114/><V77/><F112/><W4/><G66/><T56/><D131/><U122/><E122/><V12/><F121/><W32/><G32/><T25/><D70/><U7/><E108/><N who="3" m="41578" /><G129/><N who="1" m="49770" /><E7/><V125/><F2/><N who="3" m="151" /><G92/><N who="0" m="58759" /><D67/><U134/><E134/><V57/><F71/><W64/><G99/><T6/><D6/><U10/><E10/><V78/><F107/><W93/><G93/><T63/><D63/><U94/><E59/><N who="0" m="22569" /><D47/><U97/><E87/><N who="2" m="50295" /><F98/><W23/><G64/><T46/><D46/><U91/><AGARI ba="0,0" hai="13,14,24,29,35,83,86,89,91,94,97" m="49770" machi="91" ten="30,1100,0" yaku="19,1" doraHai="74" who="1" fromWho="1" sc="309,-3,214,11,291,-3,186,-5" /><INIT seed="4,0,0,3,0,127" ten="306,225,288,181" oya="0" hai0="71,105,93,42,3,120,6,31,70,57,63,12,118" hai1="67,32,39,4,86,132,10,116,73,78,43,79,82" hai2="64,65,22,0,124,98,133,56,18,112,134,1,34" hai3="47,129,59,28,74,17,75,80,77,76,130,66,52"/><T55/><D118/><U85/><E116/><V53/><F34/><W23/><G66/><N who="2" m="25705" /><F98/><W11/><G28/><T25/><D120/><U100/><E132/><N who="2" m="50795" /><F112/><W9/><G47/><T29/><D105/><U19/><E32/><V8/><F8/><W94/><G94/><T51/><D3/><U30/><E30/><V5/><F5/><W88/><G88/><T97/><D71/><U90/><E100/><V50/><F124/><W44/><G44/><N who="0" m="26007" /><D70/><U115/><E115/><V128/><F128/><N who="3" m="49259" /><G76/><T41/><D93/><U15/><E79/><V96/><F96/><W125/><G75/><T87/><D97/><U111/><E73/><V27/><AGARI ba="0,0" hai="0,1,18,22,27,50,53,56" m="50795,25705" machi="27" ten="30,1100,0" yaku="20,1" doraHai="127" who="2" fromWho="2" sc="306,-5,225,-3,288,11,181,-3" /><INIT seed="5,0,0,0,2,0" ten="301,222,299,178" oya="1" hai0="8,53,112,113,37,49,29,38,27,131,106,79,104" hai1="48,132,114,89,117,45,32,47,125,123,77,82,135" hai2="70,67,39,40,23,72,56,15,81,13,1,124,58" hai3="119,19,30,20,76,75,94,25,50,11,68,83,130"/><U24/><E123/><V61/><F1/><W121/><G121/><T55/><D79/><U52/><E117/><V103/><F124/><W111/><G111/><T66/><D66/><U35/><E125/><V134/><F134/><N who="1" m="51241" /><E114/><N who="0" m="44137" /><D8/><U22/><E89/><V44/><F103/><W69/><G119/><T57/><D131/><U71/><E45/><V9/><F23/><W10/><G130/><T133/><D133/><U127/><E71/><V99/><F99/><W97/><G50/><T17/><D17/><N who="1" m="12367" /><E127/><V129/><F129/><W16/><G11/><T18/><D38/><U80/><E80/><V46/><F81/><W95/><G19/><T120/><D37/><U115/><E115/><V64/><F46/><W51/><G68/><T78/><D78/><U118/><E118/><V107/><F70/><W93/><G69/><T54/><D18/><U33/><E33/><V98/><F9/><W128/><G128/><T12/><D120/><U60/><E60/><V90/><F90/><W85/><G51/><T34/><D49/><U91/><E91/><V28/><F44/><W62/><G62/><T109/><D57/><U2/><E2/><V122/><F58/><W108/><G108/><T101/><D109/><U126/><E126/><V116/><F56/><W5/><G16/><T96/><D12/><U26/><E26/><V6/><F61/><W7/><G10/><T110/><D110/><U73/><AGARI ba="0,0" hai="32,35,47,48,52,73,77,82" m="12367,51241" machi="73" ten="30,3000,0" yaku="20,1,54,1" doraHai="0" who="1" fromWho="1" sc="301,-10,222,30,299,-10,178,-10" /><INIT seed="5,1,0,2,0,30" ten="291,252,289,168" oya="1" hai0="47,44,132,89,76,24,123,70,72,120,68,28,59" hai1="69,57,113,0,15,130,66,110,36,119,19,61,108" hai2="25,20,86,96,43,53,56,111,124,128,131,71,109" hai3="16,22,4,33,23,54,8,84,52,31,17,73,55"/><U64/><E119/><V80/><F71/><N who="0" m="27178" /><D89/><U118/><E118/><V129/><F43/><W114/><G73/><T6/><D6/><U11/><E113/><V34/><F96/><W135/><G114/><T38/><D76/><U2/><E130/><V75/><F75/><W3/><G135/><T112/><D72/><U93/><E36/><V91/><F124/><W39/><G39/><T127/><D112/><U48/><E66/><V60/><REACH who="2" step="1"/><F34/><REACH who="2" ten="291,252,279,168" step="2"/><W121/><G121/><T49/><D127/><U67/><E69/><V117/><F117/><W83/><G33/><T46/><D132/><U32/><E32/><V26/><F26/><W106/><G106/><T29/><D24/><U14/><E110/><V51/><F51/><W21/><REACH who="3" step="1"/><G31/><AGARI ba="1,1" hai="20,25,31,53,56,60,80,86,91,109,111,128,129,131" machi="31" ten="40,2600,0" yaku="1,1,19,1,53,0" doraHai="30" doraHaiUra="90" who="2" fromWho="3" sc="291,0,252,0,279,39,168,-29" /><INIT seed="6,0,0,4,5,53" ten="291,252,318,139" oya="2" hai0="122,32,127,105,109,118,31,48,117,6,0,23,54" hai1="41,85,50,89,52,67,88,121,80,112,71,65,91" hai2="103,17,44,102,108,33,81,114,25,12,130,58,111" hai3="34,36,76,29,39,2,134,10,82,98,110,72,45"/><V60/><F114/><W3/><G110/><N who="2" m="42025" /><F130/><W99/><G134/><T46/><D109/><U26/><E112/><V107/><F107/><W8/><G8/><N who="0" m="2119" /><D122/><U7/><E121/><V97/><F97/><W132/><G132/><T106/><D32/><U75/><E75/><V90/><F44/><W93/><G2/><T70/><D70/><U62/><E7/><V94/><F81/><W79/><G98/><T115/><D115/><U119/><E119/><N who="0" m="45577" /><D127/><U64/><E41/><V133/><F133/><W123/><G123/><T35/><D35/><U69/><E26/><AGARI ba="0,0" hai="23,26,31,46,48,54,105,106" m="45577,2119" machi="26" ten="30,1000,0" yaku="12,1" doraHai="53" who="0" fromWho="1" sc="291,10,252,-10,318,0,139,0" /><INIT seed="7,0,0,0,2,119" ten="301,242,318,139" oya="3" hai0="69,34,99,53,131,54,40,89,21,8,31,74,11" hai1="50,84,37,127,81,24,71,60,91,118,92,26,76" hai2="43,66,133,36,124,32,47,17,73,65,13,55,27" hai3="132,134,111,80,19,20,83,109,5,94,44,15,56"/><W126/><G126/><T114/><D74/><U64/><E127/><V42/><F73/><W116/><G116/><T9/><D69/><U108/><E108/><N who="3" m="41546" /><G5/><T102/><D34/><U67/><E67/><V39/><F133/><N who="3" m="51307" /><G44/><T33/><D33/><U4/><E37/><V120/><F47/><W10/><G94/><T48/><D131/><U3/><E118/><V52/><F39/><W95/><G95/><T101/><D40/><U25/><E50/><V72/><F43/><W45/><G45/><T63/><D48/><U125/><E125/><V129/><F42/><W104/><G104/><T85/><D99/><U12/><E3/><V100/><F129/><W30/><G56/><T49/><D114/><U2/><E2/><V130/><F130/><W115/><G115/><T58/><D102/><U90/><E92/><V70/><F100/><W123/><G123/><T46/><D101/><U82/><E82/><N who="3" m="31274" /><G30/><T112/><D112/><U23/><E4/><V98/><F120/><W18/><G18/><T22/><D31/><U35/><E35/><V110/><F36/><W75/><G75/><T96/><D96/><U38/><E38/><V135/><F32/><W86/><G86/><T57/><D46/><U87/><E87/><V41/><F72/><W103/><G103/><T79/><D79/><U77/><E77/><V59/><F135/><W0/><G0/><T61/><D49/><U88/><E76/><V122/><F110/><W1/><G1/><T128/><D128/><U105/><E105/><V62/><F124/><W117/><G117/><T7/><D7/><U93/><E93/><AGARI ba="0,0" hai="8,9,11,21,22,53,54,57,58,61,63,85,89,93" machi="93" ten="40,5200,0" yaku="6,1,9,1,8,1" doraHai="119" who="0" fromWho="1" sc="301,52,242,-52,318,0,139,0" owari="353,45.0,190,-21.0,318,12.0,139,-36.0" /></mjloggm>