<mjloggm ver="2.3"><GO type="169" lobby="0"/><UN n0="%E3%82%A6%E3%83%AB%E3%83%88%E3%83%A9%E7%AB%8B%E7%9B%B4" n1="%E3%83%80%E3%83%9C" n2="%70%69%6E%63%65%72%73" n3="%E5%BD%A9%E4%BA%AC" dan="20,17,16,17" rate="2176.00,2193.80,2142.09,2209.19" sx="M,M,M,M"/><TAIKYOKU oya="0"/><INIT seed="0,0,0,3,0,51" ten="250,250,250,250" oya="0" hai0="124,20,12,16,2,81,11,61,74,30,64,107,1" hai1="69,35,38,87,29,110,101,27,26,73,40,96,36" hai2="7,115,58,127,94,83,89,17,33,18,42,116,60" hai3="24,3,109,111,15,31,98,106,134,77,128,43,85"/><T34/><D107/><U103/><E110/><N who="3" m="41994" /><G3/><T9/><D124/><U129/><E129/><V135/><F115/><W105/><G128/><T72/><D11/><U102/><E73/><V28/><F127/><W53/><G43/><T50/><D50/><U37/><E69/><V6/><F42/><W93/><G15/><T117/><D117/><U14/><E87/><V32/><F116/><W88/><G134/><T4/><D81/><U48/><E14/><V118/><F135/><W120/><G120/><T22/><D22/><U90/><E90/><V108/><F83/><N who="3" m="47343" /><G53/><T44/><D2/><U82/><E82/><V95/><F118/><W132/><G132/><T113/><D113/><U84/><E84/><V121/><F121/><W71/><G71/><T8/><D8/><U55/><E26/><V25/><F32/><AGARI ba="0,0" hai="24,31,32,88,93,98,105,106" m="47343,41994" machi="32" ten="30,2000,0" yaku="14,1,54,1" doraHai="51" who="3" fromWho="2" sc="250,0,250,0,250,-20,250,20" /><INIT seed="1,0,0,5,2,86" ten="250,250,230,270" oya="1" hai0="113,80,14,72,61,133,114,89,74,31,90,39,134" hai1="106,115,88,15,121,51,46,9,0,98,6,108,44" hai2="49,123,33,71,84,93,19,10,16,50,91,27,119" hai3="92,57,4,132,110,69,99,11,23,128,52,94,41"/><U120/><E115/><N who="0" m="44041" /><D39/><U55/><E108/><V2/><F119/><W20/><G69/><T12/><D31/><U96/><E0/><V66/><F123/><W37/><G110/><T38/><D61/><U85/><E46/><V78/><F78/><W82/><G41/><T26/><D26/><U42/><E42/><V62/><F33/><W83/><G37/><T107/><D38/><U3/><E3/><V105/><F105/><W112/><G112/><T76/><D74/><U43/><E43/><V59/><F71/><W47/><G47/><T87/><D72/><U60/><E60/><V40/><F40/><W1/><G23/><T17/><D107/><U21/><E21/><N who="2" m="13735" /><F2/><W131/><G20/><N who="0" m="11303" /><D14/><AGARI ba="0,0" hai="10,14,19,49,50,59,62,66,84,91,93" m="13735" machi="14" ten="30,3900,0" yaku="8,1,52,1,54,1" doraHai="86" who="2" fromWho="0" sc="250,-39,250,0,230,39,270,0" /><INIT seed="2,0,0,1,2,6" ten="211,250,269,270" oya="2" hai0="118,39,8,117,45,67,135,127,55,47,18,29,50" hai1="102,75,110,27,63,131,112,46,2,93,66,54,70" hai2="26,52,1,69,99,106,78,44,53,98,71,116,65" hai3="23,134,61,3,114,82,83,126,0,129,84,72,10"/><V80/><F116/><N who="0" m="44650" /><D29/><U64/><E75/><V20/><F1/><W109/><G114/><T95/><D95/><U124/><E2/><V51/><F53/><W60/><G23/><T85/><D85/><U21/><E112/><V49/><F49/><W97/><G84/><T40/><D18/><U121/><E121/><V31/><F65/><W22/><G22/><T34/><D34/><U108/><E66/><V122/><F122/><W120/><G97/><T87/><D87/><U132/><E124/><V15/><F98/><W91/><G91/><T103/><D103/><U81/><E81/><V89/><F15/><W58/><G72/><T9/><D127/><U59/><E46/><V92/><REACH who="2" step="1"/><F106/><REACH who="2" ten="211,250,259,270" step="2"/><W11/><G3/><T19/><D67/><U100/><E64/><V41/><F41/><W38/><G0/><T101/><D101/><U37/><E102/><V4/><F4/><W7/><G7/><T35/><D55/><U133/><E100/><V77/><F77/><W24/><G120/><T86/><D50/><U90/><E37/><V94/><F94/><W17/><G38/><T73/><D39/><U43/><E43/><V79/><F79/><W111/><G126/><T107/><D40/><U33/><E54/><V96/><F96/><W68/><G83/><T42/><D42/><U123/><E123/><V48/><F48/><W113/><G82/><T56/><D107/><U13/><E93/><V36/><F36/><W62/><G113/><T128/><D73/><AGARI ba="0,1" hai="20,26,31,44,51,52,69,71,73,78,80,89,92,99" machi="73" ten="30,5800,0" yaku="1,1,7,1,54,1,53,0" doraHai="6" doraHaiUra="125" who="2" fromWho="0" sc="211,-58,250,0,259,68,270,0" /><INIT seed="2,1,0,2,0,134" ten="153,250,327,270" oya="2" hai0="107,8,57,64,91,51,96,40,29,123,112,82,114" hai1="76,21,122,101,129,78,72,10,67,53,7,133,89" hai2="115,31,110,27,106,24,32,128,100,61,127,97,71" hai3="26,94,68,119,44,0,92,58,87,38,109,63,135"/><V98/><F115/><W1/><G119/><T15/><D123/><U73/><E67/><N who="2" m="41455" /><F128/><W56/><G135/><T81/><D29/><U124/><E133/><V59/><F110/><W121/><G26/><T25/><D25/><U39/><E39/><V132/><F97/><W46/><G63/><T30/><D30/><U43/><E129/><V18/><F59/><W2/><G87/><T28/><D28/><U17/><E122/><V116/><F132/><W131/><G131/><T9/><D57/><U104/><E101/><V99/><F99/><W80/><G2/><T70/><D96/><U93/><E93/><V45/><F45/><W118/><G68/><T14/><D70/><U86/><E89/><V11/><F116/><W130/><G130/><T83/><D91/><U120/><E120/><V47/><F47/><W126/><G121/><T34/><D112/><U12/><E53/><V35/><F35/><W79/><G118/><T111/><D34/><U42/><E43/><V65/><F65/><W113/><G38/><T62/><D114/><U54/><E54/><V75/><F75/><W103/><G113/><T20/><D64/><U22/><E42/><V90/><F90/><W88/><G88/><T50/><D40/><U52/><E52/><V74/><F74/><W85/><G46/><T36/><D111/><U41/><E41/><V66/><F66/><W13/><G44/><T102/><D62/><U6/><E72/><V69/><F69/><W84/><G109/><T49/><D36/><U77/><E73/><V37/><F37/><W4/><G58/><T117/><D117/><RYUUKYOKU ba="1,0" sc="153,0,250,0,327,0,270,0" /><INIT seed="3,2,0,4,3,103" ten="153,250,327,270" oya="3" hai0="45,9,112,14,88,89,31,125,60,90,123,100,121" hai1="61,81,55,78,99,59,130,56,54,105,104,23,127" hai2="0,24,69,98,132,87,10,97,120,133,20,17,49" hai3="63,80,51,4,116,27,33,32,58,119,95,34,12"/><W42/><G27/><T68/><D125/><U38/><E38/><V40/><F69/><W28/><G28/><T22/><D112/><U46/><E46/><N who="2" m="25799" /><F120/><W85/><G95/><T52/><D100/><U96/><E127/><V43/><F43/><W110/><G110/><T74/><D74/><U70/><E70/><V82/><F0/><W117/><G4/><T79/><D79/><U21/><E130/><V3/><F3/><W72/><G12/><T93/><D68/><U5/><E5/><V86/><F86/><W39/><G72/><T50/><D60/><U114/><E114/><V30/><F132/><W19/><G19/><N who="0" m="8655" /><D123/><U109/><E109/><V67/><F67/><W107/><G39/><T102/><D121/><U41/><E41/><V108/><F133/><W36/><G36/><T126/><D126/><U73/><E96/><V122/><F122/><W29/><G119/><T83/><D83/><U76/><E99/><V124/><F108/><W101/><G80/><T53/><D53/><U15/><E78/><N who="2" m="46551" /><F124/><W18/><G117/><T1/><D1/><U11/><E11/><V37/><F37/><W65/><G33/><T134/><D134/><U62/><E15/><AGARI ba="2,0" hai="10,15,17,20,24,30,97,98" m="46551,25799" machi="15" ten="30,1000,0" yaku="8,1" doraHai="103" who="2" fromWho="1" sc="153,0,250,-16,327,16,270,0" /><INIT seed="4,0,0,4,5,3" ten="153,234,343,270" oya="0" hai0="125,59,93,112,132,88,29,75,37,69,13,6,85" hai1="116,40,73,64,103,51,101,114,130,57,76,82,81" hai2="99,27,38,68,58,19,84,46,92,128,122,48,36" hai3="102,66,7,60,115,89,10,15,108,1,2,47,104"/><T91/><D69/><U21/><E116/><V79/><F68/><W78/><G108/><T98/><D75/><U113/><E21/><N who="2" m="13759" /><F36/><W110/><G110/><T4/><D37/><U49/><E130/><V74/><F38/><W8/><G115/><N who="1" m="44042" /><E82/><N who="2" m="47199" /><F74/><W42/><G104/><T123/><D123/><U72/><E73/><V134/><F128/><W17/><G102/><N who="1" m="38922" /><E40/><N who="2" m="24647" /><F134/><W96/><G78/><T55/><D112/><U35/><E35/><V106/><F106/><W25/><G2/><T50/><D132/><U41/><E41/><V0/><F0/><W32/><G32/><T120/><D120/><U131/><E131/><V127/><F127/><W63/><G25/><T14/><D125/><U11/><E11/><V26/><F26/><W9/><G10/><T45/><D29/><U31/><E31/><V12/><F12/><N who="0" m="4714" /><D45/><U71/><E71/><V77/><F77/><W119/><G119/><T28/><D28/><U67/><E49/><V135/><F135/><W54/><G1/><T100/><D100/><U97/><E97/><V22/><F22/><W16/><G96/><T118/><D118/><U95/><E95/><AGARI ba="0,0" hai="4,6,50,55,59,85,88,91,93,95,98" m="4714" machi="95" ten="30,11600,0" yaku="8,1,52,2,54,1" doraHai="3" who="0" fromWho="1" sc="153,116,234,-116,343,0,270,0" /><INIT seed="4,1,0,3,5,47" ten="269,118,343,270" oya="0" hai0="4,52,36,8,16,19,67,58,50,34,35,114,71" hai1="129,133,13,43,123,97,134,48,79,107,87,101,38" hai2="18,29,94,80,32,61,25,119,99,9,20,112,113" hai3="72,75,76,57,46,127,23,73,12,28,116,31,111"/><T109/><D114/><N who="2" m="44138" /><F119/><W68/><G111/><T85/><D109/><U110/><E38/><V42/><F80/><W39/><G116/><T90/><D36/><U37/><E37/><V21/><F61/><W56/><G68/><T89/><D71/><U7/><E110/><V64/><F64/><W131/><G76/><T6/><D67/><U74/><E74/><V130/><F42/><W2/><G75/><T51/><D8/><U100/><E100/><N who="2" m="60535" /><F130/><W63/><G131/><T15/><D15/><AGARI ba="1,0" hai="9,15,18,20,21,25,29,32" m="60535,44138" machi="15" ten="30,1000,0" yaku="15,1" doraHai="47" who="2" fromWho="0" sc="269,-13,118,0,343,13,270,0" /><INIT seed="5,0,0,4,1,82" ten="256,118,356,270" oya="1" hai0="78,27,102,63,23,84,122,132,18,20,110,127,61" hai1="38,86,80,2,131,64,46,83,77,24,57,126,98" hai2="65,123,87,73,3,108,81,85,0,45,28,115,114" hai3="133,33,62,118,90,32,112,75,15,9,5,36,54"/><U116/><E2/><N who="2" m="555" /><F108/><W117/><G36/><T70/><D110/><U30/><E116/><V71/><F123/><W103/><G75/><T68/><D122/><U121/><E121/><V135/><F28/><W67/><G54/><T60/><D132/><U74/><E126/><V100/><F100/><W69/><G133/><T111/><D111/><U10/><E131/><V53/><F135/><W130/><G112/><N who="2" m="43049" /><F65/><W14/><G130/><T92/><D127/><U8/><E98/><V134/><F71/><W40/><G103/><T11/><D70/><U76/><E64/><V125/><F134/><W42/><G15/><T79/><D68/><U72/><E57/><V119/><F119/><W44/><G33/><T25/><D11/><U104/><E104/><V105/><F105/><W21/><G32/><T35/><D35/><U1/><E1/><V120/><F120/><W89/><G118/><T16/><D102/><U48/><E38/><V41/><F53/><W99/><G117/><T29/><D29/><U109/><E109/><V128/><F128/><W97/><G67/><T22/><D22/><U129/><E129/><V19/><F19/><W124/><G69/><T113/><D113/><U39/><E39/><N who="2" m="21695" /><F125/><W49/><G42/><T101/><D101/><U37/><E37/><V91/><F91/><AGARI ba="0,0" hai="16,18,20,23,25,27,60,61,63,78,79,84,91,92" machi="91" ten="40,8000,1" yaku="9,1,8,1,52,1,54,1" doraHai="82" who="0" fromWho="2" sc="256,80,118,0,356,-80,270,0" /><INIT seed="6,0,0,4,0,8" ten="336,118,276,270" oya="2" hai0="106,59,100,120,4,64,75,82,135,60,121,110,13" hai1="67,21,91,30,81,94,104,61,132,32,111,44,89" hai2="96,55,116,101,69,36,6,27,114,48,71,88,23" hai3="83,5,50,76,92,78,127,39,7,102,73,1,103"/><V26/><F36/><W80/><G127/><T119/><D110/><U10/><E32/><V57/><F114/><W24/><G39/><T35/><D35/><U9/><E104/><V115/><F115/><W90/><G24/><N who="2" m="9257" /><F69/><W122/><G122/><T42/><D42/><U98/><E111/><V31/><F71/><W38/><G38/><T28/><D28/><U118/><E118/><V14/><F116/><W97/><G7/><T15/><D4/><U108/><E108/><V68/><F68/><W25/><G5/><T19/><D119/><U20/><E30/><V131/><F131/><W77/><G1/><T79/><D135/><U3/><E3/><V54/><F54/><W126/><G25/><T47/><D47/><U95/><E132/><V87/><F31/><W109/><G50/><T128/><D128/><U70/><E44/><V52/><F55/><W129/><G129/><T43/><D43/><U18/><E81/><N who="3" m="31306" /><G126/><T134/><D134/><U2/><E2/><V11/><F23/><W45/><G45/><T86/><D75/><U133/><E21/><V85/><F101/><N who="3" m="38411" /><G109/><T0/><D0/><U65/><E133/><V56/><F56/><W16/><G16/><T84/><D19/><U125/><E125/><V33/><F33/><W113/><G113/><T93/><D121/><U123/><E123/><V105/><F105/><W51/><G51/><T117/><D120/><U34/><E34/><V17/><F6/><W72/><AGARI ba="0,0" hai="72,73,76,77,78,90,92,97" m="38411,31306" machi="72" ten="40,8000,1" yaku="35,5" doraHai="8" who="3" fromWho="3" sc="336,-20,118,-20,276,-40,270,80" /><INIT seed="7,0,0,4,3,119" ten="316,98,236,350" oya="3" hai0="77,9,106,66,51,84,113,105,100,16,75,120,12" hai1="74,107,88,130,68,101,23,81,85,57,28,89,15" hai2="72,6,27,132,48,78,7,62,41,96,43,135,25" hai3="121,90,65,86,32,24,1,55,0,49,47,123,126"/><W82/><G126/><T34/><D75/><U21/><E68/><V4/><F62/><W44/><G65/><T42/><D34/><U111/><E111/><V59/><F96/><W22/><G32/><T91/><D120/><U127/><E127/><V134/><F78/><W10/><G47/><T29/><D29/><U53/><E130/><V93/><F72/><W97/><G1/><T118/><D118/><U104/><E74/><V117/><F93/><W70/><G70/><T98/><D66/><U83/><E101/><V13/><F13/><W50/><G50/><T131/><D131/><U26/><E15/><V80/><F80/><W122/><G97/><T124/><D124/><U30/><E21/><V38/><F38/><W60/><G60/><T102/><D77/><U110/><E110/><V103/><F103/><W128/><G128/><T92/><D113/><U8/><E8/><V56/><F117/><W63/><G63/><T112/><D112/><U64/><E64/><V95/><F95/><W14/><G0/><T61/><D61/><U31/><E107/><V116/><F116/><W76/><G76/><T17/><D102/><U45/><E45/><V2/><F2/><W87/><G87/><T46/><REACH who="0" step="1"/><D105/><REACH who="0" ten="306,98,236,350" step="2"/><U108/><E104/><V18/><F134/><W125/><G125/><T133/><D133/><U35/><E108/><V20/><F135/><W114/><G114/><T67/><D67/><U11/><E35/><V129/><F132/><W94/><G123/><T19/><AGARI ba="0,1" hai="9,12,16,17,19,42,46,51,84,91,92,98,100,106" machi="19" ten="20,5200,0" yaku="1,1,0,1,7,1,54,1,53,0" doraHai="119" doraHaiUra="73" who="0" fromWho="0" sc="306,62,98,-13,236,-13,350,-26" owari="368,47.0,85,-41.0,223,-18.0,324,12.0" /></mjloggm>