<mjloggm ver="2.3"><GO type="169" lobby="0"/><UN n0="%E6%AD%A6%E5%89%87%E8%BC%9D%E6%B5%B7" n1="%E6%A9%8B%E5%A0%B4" n2="%E3%82%82%E3%82%8A%E3%81%96%E3%81%AD" n3="%73%61%6C%61%6D%61%6E" dan="16,17,16,16" rate="2102.64,2192.58,2150.71,2098.86" sx="M,M,M,M"/><TAIKYOKU oya="0"/><INIT seed="0,0,0,5,0,10" ten="250,250,250,250" oya="0" hai0="68,85,128,63,126,71,95,132,100,99,52,88,15" hai1="11,110,122,77,28,45,72,29,73,130,5,30,54" hai2="13,103,1,26,48,75,119,134,62,35,50,125,38" hai3="90,36,92,18,17,104,65,74,113,20,76,66,87"/><T16/><D128/><U61/><E122/><V91/><F1/><W8/><G113/><T23/><D132/><U57/><E130/><V12/><F38/><W21/><G36/><T94/><D126/><U105/><E105/><V112/><F112/><W115/><G115/><T25/><D25/><U44/><E110/><V56/><F75/><W27/><G104/><T14/><D14/><N who="2" m="5738" /><F103/><W118/><G8/><T69/><REACH who="0" step="1"/><D52/><REACH who="0" ten="240,250,250,250" step="2"/><U24/><E24/><V60/><F125/><W22/><G27/><T49/><D49/><N who="2" m="19050" /><F35/><W58/><G118/><T3/><D3/><U40/><E40/><V83/><F134/><W116/><G116/><T108/><D108/><U129/><E129/><V124/><F124/><W89/><G74/><T127/><D127/><U51/><E72/><V97/><F119/><W98/><G66/><AGARI ba="0,1" hai="15,16,23,63,66,68,69,71,85,88,94,95,99,100" machi="66" ten="40,12000,1" yaku="1,1,52,1,54,2,53,1" doraHai="10" doraHaiUra="82" who="0" fromWho="3" sc="240,130,250,0,250,0,250,-120" /><INIT seed="0,1,0,3,3,48" ten="370,250,250,130" oya="0" hai0="32,1,108,95,4,102,93,71,105,85,119,6,91" hai1="2,80,92,94,38,51,40,14,120,114,19,77,101" hai2="45,23,133,126,47,13,41,58,50,116,103,129,104" hai3="0,75,59,74,57,121,28,83,135,128,65,118,68"/><T97/><D119/><U27/><E120/><V90/><F133/><W130/><G118/><T46/><D32/><U25/><E2/><V100/><F116/><W56/><G121/><T131/><D71/><U60/><E38/><V89/><F129/><N who="3" m="49771" /><G135/><T43/><D131/><U132/><E132/><V10/><F126/><W62/><G0/><T55/><D108/><U64/><E114/><V63/><F45/><W33/><G83/><T106/><D1/><U99/><E94/><V5/><F23/><W81/><G81/><T12/><D43/><U127/><E127/><V96/><REACH who="2" step="1"/><F103/><REACH who="2" ten="370,250,240,130" step="2"/><W84/><G84/><T70/><D46/><U53/><E40/><V86/><F86/><W26/><AGARI ba="1,1" hai="26,28,33,56,57,59,62,65,68,74,75" m="49771" machi="26" ten="40,1500,0" yaku="19,1" doraHai="48" who="3" fromWho="3" sc="370,-8,250,-5,240,-5,130,28" /><INIT seed="1,0,0,1,1,70" ten="362,245,235,158" oya="1" hai0="64,94,54,96,48,83,99,135,21,27,119,130,118" hai1="34,58,59,109,24,66,0,69,49,41,85,28,30" hai2="29,52,122,115,16,72,38,97,60,126,26,93,35" hai3="80,47,103,120,89,117,110,65,63,55,106,73,90"/><U33/><E0/><V1/><F122/><W92/><G117/><T107/><D130/><U13/><E109/><V68/><F72/><W74/><G120/><T108/><D108/><U50/><E69/><V53/><F1/><W36/><G110/><T5/><D64/><U116/><E116/><V77/><F77/><W22/><G106/><T102/><D5/><U113/><E113/><V42/><F126/><W43/><G103/><T129/><D129/><U51/><E41/><V56/><F68/><W19/><G55/><T125/><D135/><U81/><E66/><V61/><F115/><W67/><G80/><T86/><D125/><U6/><E13/><V20/><F42/><W101/><G101/><T82/><D82/><U12/><E12/><V25/><F38/><W31/><G31/><T88/><D21/><U131/><E6/><V111/><F111/><W124/><G89/><T46/><REACH who="0" step="1"/><D27/><REACH who="0" ten="352,245,235,158" step="2"/><U78/><REACH who="1" step="1"/><E131/><REACH who="1" ten="352,235,235,158" step="2"/><V95/><F26/><AGARI ba="0,2" hai="24,26,28,30,33,34,49,50,51,58,59,78,81,85" machi="26" ten="40,12000,1" yaku="1,1,2,1,9,1,53,1" doraHai="70" doraHaiUra="75" who="1" fromWho="2" sc="352,0,235,140,235,-120,158,0" /><INIT seed="1,1,0,0,5,48" ten="352,375,115,158" oya="1" hai0="9,115,29,64,79,95,132,112,98,40,23,105,104" hai1="97,100,111,91,126,134,56,92,135,75,4,107,55" hai2="39,84,72,88,14,65,52,68,74,82,101,73,32" hai3="20,1,80,37,50,109,13,66,6,108,24,58,90"/><U129/><E75/><V61/><F39/><W96/><G37/><T5/><D132/><N who="1" m="50731" /><E4/><V120/><F120/><W86/><G1/><T33/><D33/><U83/><E129/><V45/><F32/><W127/><G127/><T128/><D128/><U93/><E126/><V85/><F101/><W34/><G34/><T16/><D29/><U2/><E2/><V70/><F65/><W113/><G113/><T122/><D122/><U17/><E17/><V44/><F44/><W117/><G117/><T77/><D40/><U30/><E30/><V119/><F119/><W0/><G0/><T118/><D118/><U31/><E31/><V60/><F60/><W94/><G13/><T38/><D38/><U121/><E121/><V3/><F3/><W102/><G6/><T12/><D64/><U11/><E11/><V47/><F47/><W131/><G131/><T7/><D7/><U25/><E25/><V103/><F103/><W43/><G43/><T41/><D41/><U53/><E111/><V69/><F14/><W18/><REACH who="3" step="1"/><G66/><REACH who="3" ten="352,375,115,148" step="2"/><T125/><D125/><U133/><E133/><V76/><F45/><W110/><G110/><T15/><D115/><U10/><E10/><V71/><N who="2" m="17408" /><DORA hai="67" /><V28/><F28/><W35/><G35/><T116/><D112/><U63/><E55/><AGARI ba="1,1" hai="18,20,24,50,55,58,80,86,90,94,96,102,108,109" machi="55" ten="40,8000,1" yaku="1,1,52,1,53,2" doraHai="48,67" doraHaiUra="19,99" who="3" fromWho="1" sc="352,0,375,-83,115,0,148,93" /><INIT seed="2,0,0,2,1,120" ten="352,292,115,241" oya="2" hai0="81,5,34,8,47,11,106,40,48,24,26,82,114" hai1="3,64,105,88,111,16,36,131,113,78,89,116,22" hai2="107,99,86,62,56,98,10,115,71,19,54,42,95" hai3="60,66,27,44,109,110,125,28,17,126,112,100,0"/><V87/><F115/><W122/><G122/><T74/><D114/><U128/><E113/><V103/><F42/><W9/><G112/><T118/><D106/><U93/><E105/><V21/><F10/><W55/><G100/><T123/><D123/><U46/><E3/><V35/><F35/><N who="3" m="20895" /><G55/><T37/><D118/><U130/><E116/><V50/><F50/><W18/><G44/><T129/><D11/><U121/><E121/><V33/><F33/><W104/><G104/><T127/><D82/><U84/><E64/><V65/><F65/><W53/><G53/><T102/><D102/><U117/><E117/><V59/><F59/><N who="3" m="37151" /><G18/><T58/><D58/><U124/><E78/><V43/><F43/><W135/><G135/><T134/><D48/><U23/><E46/><V57/><F57/><W45/><G45/><T52/><D52/><U77/><E77/><V20/><F20/><W83/><G83/><T2/><D134/><U96/><E36/><V4/><F4/><N who="3" m="1159" /><G17/><T39/><D39/><U91/><E23/><V7/><F7/><W85/><G85/><T67/><D67/><U69/><E69/><V80/><F80/><W90/><G90/><T70/><D70/><U1/><E22/><V41/><F41/><W12/><G12/><T108/><D81/><U29/><E16/><V63/><F63/><W94/><G94/><T72/><D34/><U15/><E15/><N who="2" m="9471" /><F71/><W38/><G38/><T101/><D37/><U76/><E1/><V49/><F62/><W31/><G31/><T13/><D2/><U75/><E29/><V51/><F49/><W14/><G14/><RYUUKYOKU ba="0,0" sc="352,-15,292,-15,115,15,241,15" hai2="51,54,56,86,87,95,98,99,103,107" hai3="109,110,125,126" /><INIT seed="2,1,0,2,4,129" ten="337,277,130,256" oya="2" hai0="128,15,108,54,56,11,82,71,25,83,91,106,125" hai1="111,67,89,116,24,133,26,79,36,65,16,101,92" hai2="94,117,27,17,58,47,130,29,2,126,43,61,68" hai3="123,41,49,88,28,63,134,20,12,13,1,14,118"/><V99/><F117/><W18/><G118/><T95/><D106/><U8/><E116/><V80/><F130/><W50/><G123/><T33/><D71/><U0/><E36/><V42/><F126/><W66/><G1/><T115/><D115/><U23/><E111/><V114/><F114/><W103/><G28/><T45/><D108/><U6/><E101/><V124/><F124/><W112/><G103/><T64/><D125/><U120/><E120/><V135/><F2/><W40/><G112/><T105/><D105/><U32/><E79/><V85/><F68/><W39/><G39/><T76/><D64/><U51/><E51/><V52/><F135/><W98/><G50/><T46/><D25/><U104/><E104/><V3/><F3/><W44/><G40/><T122/><D33/><U131/><E133/><V75/><F75/><W93/><REACH who="3" step="1"/><G134/><REACH who="3" ten="337,277,130,246" step="2"/><T127/><D122/><U107/><E131/><V81/><F29/><W48/><G48/><T55/><D127/><U30/><REACH who="1" step="1"/><E107/><REACH who="1" ten="337,267,130,246" step="2"/><V74/><F47/><W84/><G84/><AGARI ba="1,2" hai="0,6,8,16,23,24,26,30,32,65,67,84,89,92" machi="84" ten="30,8000,1" yaku="1,1,2,1,7,1,54,1,53,1" doraHai="129" doraHaiUra="87" who="1" fromWho="3" sc="337,0,267,103,130,0,246,-83" /><INIT seed="3,0,0,2,0,127" ten="337,370,130,163" oya="3" hai0="9,29,125,4,42,69,88,130,115,102,105,47,100" hai1="55,57,80,104,121,43,14,122,40,117,98,34,3" hai2="65,63,89,133,59,46,66,95,56,24,26,101,53" hai3="51,28,58,49,108,124,8,61,84,23,77,72,113"/><W103/><G113/><T32/><D69/><U83/><E3/><V116/><F133/><W94/><G124/><T111/><D125/><U82/><E34/><V2/><F2/><W35/><G35/><T0/><D111/><U114/><E114/><V17/><F116/><W39/><G39/><T36/><D115/><U96/><E117/><V74/><F74/><W68/><G68/><T22/><D105/><U21/><E104/><V107/><F107/><W90/><G108/><T48/><D32/><U106/><E106/><V85/><F101/><W109/><G109/><T118/><D118/><U76/><E76/><V7/><F7/><W30/><G72/><T45/><D29/><N who="3" m="11369" /><G77/><T50/><D36/><U135/><E135/><V99/><F85/><W52/><G103/><T71/><D71/><U134/><E134/><V6/><F6/><W75/><G75/><T110/><D110/><U67/><E67/><V64/><F46/><W15/><G23/><T62/><D62/><N who="1" m="36159" /><E122/><V20/><REACH who="2" step="1"/><F26/><REACH who="2" ten="337,370,120,163" step="2"/><W5/><AGARI ba="0,1" hai="5,8,15,49,51,52,58,61,84,90,94" m="11369" machi="5" ten="30,3000,0" yaku="8,1,54,1" doraHai="127" who="3" fromWho="3" sc="337,-10,370,-10,120,-10,163,40" /><INIT seed="3,1,0,2,1,14" ten="327,360,110,203" oya="3" hai0="96,73,76,58,12,104,37,25,114,135,123,70,31" hai1="29,75,47,129,64,62,122,77,17,43,45,109,48" hai2="59,94,8,57,6,119,41,133,38,60,84,68,7" hai3="39,40,116,98,118,130,50,18,26,10,115,88,13"/><W4/><G115/><T71/><D37/><U106/><E106/><V67/><F119/><W9/><G130/><T66/><D123/><U28/><E122/><V103/><F133/><W102/><G39/><T20/><D135/><U113/><E113/><V124/><F124/><W81/><G102/><T132/><D132/><U36/><E129/><V89/><F6/><W22/><G10/><T101/><D114/><U53/><E109/><V97/><F41/><W44/><REACH who="3" step="1"/><G81/><REACH who="3" ten="327,360,110,193" step="2"/><T30/><D101/><U51/><E36/><V95/><F38/><W52/><G52/><T63/><D66/><U42/><E53/><V55/><F55/><W21/><G21/><T90/><D20/><U74/><E64/><V23/><F23/><W54/><G54/><T112/><D112/><U99/><E62/><V24/><F24/><W108/><G108/><T82/><D25/><U0/><E42/><V49/><F49/><W93/><AGARI ba="1,1" hai="4,9,13,18,22,26,40,44,50,88,93,98,116,118" machi="93" ten="30,12000,1" yaku="1,1,0,1,52,1,54,1,53,1" doraHai="14" doraHaiUra="16" who="3" fromWho="3" sc="327,-41,360,-41,110,-41,193,133" /><INIT seed="3,2,0,0,5,112" ten="286,319,69,326" oya="3" hai0="57,68,93,49,83,16,70,82,36,125,45,101,43" hai1="122,2,129,22,26,135,78,114,102,18,86,48,111" hai2="96,90,9,89,27,39,55,46,41,47,115,59,60" hai3="4,85,110,73,63,126,24,58,8,5,84,100,23"/><W52/><G73/><T91/><D125/><U6/><E102/><V81/><F115/><W10/><G126/><T40/><D101/><U132/><E114/><V29/><F46/><W77/><G100/><T109/><D109/><U120/><E48/><V94/><F9/><N who="3" m="3691" /><G110/><T66/><D70/><U79/><E111/><V53/><F81/><N who="3" m="47151" /><G85/><T87/><D43/><U95/><E6/><V105/><F105/><W62/><G62/><N who="0" m="40023" /><D16/><AGARI ba="2,0" hai="4,5,16,23,24,52,58,63" m="47151,3691" machi="16" ten="30,5800,0" yaku="8,1,54,2" doraHai="112" who="3" fromWho="0" sc="286,-64,319,0,69,0,326,64" /><INIT seed="3,3,0,4,0,25" ten="222,319,69,390" oya="3" hai0="95,125,66,103,132,94,49,2,23,104,135,97,53" hai1="12,116,26,79,68,133,114,77,120,20,109,43,90" hai2="121,48,105,124,1,87,3,9,44,123,92,19,83" hai3="45,40,0,8,130,107,46,14,73,5,89,76,117"/><W36/><G117/><T128/><D2/><U62/><E114/><V86/><F105/><W106/><G130/><T61/><D128/><U70/><E120/><N who="2" m="46155" /><F124/><W54/><G89/><T57/><D125/><U21/><E116/><V28/><F28/><W31/><G14/><T102/><D23/><U63/><E12/><N who="2" m="7567" /><F92/><W32/><G54/><T38/><D38/><U108/><E26/><V112/><F112/><W101/><G46/><T115/><D115/><U127/><E127/><V24/><F24/><N who="3" m="18535" /><G101/><T74/><D74/><U47/><E47/><V75/><F75/><W56/><G56/><T80/><D80/><AGARI ba="3,0" hai="0,5,8,36,40,45,73,76,80,106,107" m="18535" machi="80" ten="30,11600,0" yaku="25,1,33,2,52,1" doraHai="25" who="3" fromWho="0" sc="222,-125,319,0,69,0,390,125" /><INIT seed="3,4,0,2,5,113" ten="97,319,69,515" oya="3" hai0="95,132,83,36,64,82,61,15,6,72,0,135,65" hai1="74,20,4,48,28,57,34,75,45,124,110,70,12" hai2="59,44,43,102,105,89,2,79,125,103,114,41,81" hai3="25,92,109,33,5,118,66,91,37,129,90,68,60"/><W87/><G118/><T58/><D36/><U39/><E70/><V8/><F114/><W40/><G129/><T56/><D0/><U32/><E39/><V11/><F125/><W47/><G109/><T98/><D72/><U133/><E57/><V46/><F89/><W76/><G5/><T121/><D121/><U106/><E106/><V84/><F59/><W97/><G76/><T3/><D3/><U122/><E122/><V35/><F35/><W117/><G117/><T31/><D31/><U51/><E28/><V104/><F2/><W19/><G33/><T86/><D86/><U53/><E110/><V93/><F93/><W88/><REACH who="3" step="1"/><G97/><REACH who="3" ten="97,319,69,505" step="2"/><T131/><D131/><U49/><E32/><V77/><F84/><W130/><G130/><T23/><D6/><U69/><E34/><V100/><F81/><W80/><G80/><T9/><D83/><U94/><E4/><V127/><F127/><W55/><G55/><T50/><D82/><U96/><E124/><V52/><F52/><W112/><G112/><T42/><D98/><U99/><E99/><V38/><F38/><W67/><G67/><T134/><D65/><U116/><E116/><V24/><F102/><W17/><G17/><T21/><D135/><U1/><E133/><V62/><F100/><W27/><G27/><T108/><D108/><U126/><E126/><V30/><F103/><W119/><G119/><T73/><D134/><U29/><E96/><V16/><F24/><W115/><G115/><T71/><D132/><U111/><E111/><V78/><F16/><W85/><G85/><T120/><D64/><RYUUKYOKU ba="4,1" sc="97,-10,319,-10,69,-10,505,30" hai3="19,25,37,40,47,60,66,68,87,88,90,91,92" /><INIT seed="3,5,1,1,1,62" ten="87,309,59,535" oya="3" hai0="135,39,43,16,19,90,40,72,105,107,125,55,30" hai1="117,9,80,1,38,89,42,29,66,132,92,13,6" hai2="91,52,14,33,110,58,31,24,98,82,127,20,109" hai3="5,77,2,3,12,119,126,88,57,67,85,64,73"/><W116/><G126/><T22/><D72/><U101/><E117/><V63/><F127/><W17/><G73/><T100/><D125/><U102/><E132/><V28/><F82/><W74/><G74/><T93/><D135/><U79/><E29/><V4/><F4/><W68/><G77/><T99/><D107/><U18/><E66/><N who="3" m="25130" /><G68/><T25/><D39/><U60/><E60/><V7/><F7/><W69/><G69/><T113/><D113/><U81/><E42/><V112/><F112/><W103/><G2/><T86/><D19/><U124/><E38/><V23/><F14/><W131/><G3/><T114/><D114/><U118/><E118/><V83/><F23/><N who="3" m="11687" /><G116/><T120/><D120/><U26/><E1/><V51/><F51/><W48/><G119/><T41/><D55/><U45/><E79/><V70/><F70/><W134/><G131/><T50/><D30/><U53/><E124/><V47/><F47/><W15/><G134/><T78/><D78/><U46/><E45/><V10/><F10/><N who="3" m="4559" /><G103/><T75/><D75/><U129/><E101/><V65/><F65/><W76/><G76/><T35/><D35/><U21/><E102/><V61/><F33/><W8/><G8/><T54/><D105/><U36/><E129/><V108/><F108/><W44/><G57/><N who="0" m="32983" /><D100/><U97/><E36/><V84/><F109/><W11/><G11/><T71/><D71/><U115/><E115/><V95/><F110/><W104/><G104/><T27/><D27/><U133/><E133/><V49/><F28/><W123/><G123/><T87/><AGARI ba="5,1" hai="16,22,25,40,41,43,86,87,90,93,99" m="32983" machi="87" ten="30,2000,0" yaku="8,1,54,1" doraHai="62" who="0" fromWho="0" sc="87,45,309,-10,59,-10,535,-15" /><INIT seed="4,0,0,1,5,45" ten="132,299,49,520" oya="0" hai0="76,52,65,17,109,48,84,102,100,91,16,62,117" hai1="103,64,15,27,107,47,105,58,13,118,50,104,53" hai2="122,54,87,8,125,51,12,88,92,94,132,56,128" hai3="32,49,31,40,9,127,59,24,90,99,0,126,81"/><T133/><D117/><U77/><E118/><V97/><F122/><W111/><G111/><T14/><D109/><U120/><E120/><V3/><F125/><W4/><G99/><T114/><D76/><U131/><E131/><V79/><F128/><W85/><REACH who="3" step="1"/><G59/><REACH who="3" ten="132,299,49,510" step="2"/><N who="0" m="37087" /><D114/><U2/><E58/><V10/><F132/><W119/><G119/><T98/><D133/><U28/><E105/><V75/><F75/><W57/><G57/><N who="0" m="32903" /><D98/><U93/><E104/><V34/><F34/><W72/><G72/><T116/><D116/><U74/><E107/><V61/><F3/><W43/><G43/><T96/><D96/><U5/><E2/><V73/><F73/><W115/><G115/><T11/><D17/><U22/><E74/><V121/><F121/><W46/><AGARI ba="0,1" hai="0,4,9,24,31,32,40,46,49,81,85,90,126,127" machi="46" ten="30,4000,0" yaku="1,1,0,1,52,1,53,0" doraHai="45" doraHaiUra="55" who="3" fromWho="3" sc="132,-20,299,-10,49,-10,510,50" /><INIT seed="5,0,0,4,4,71" ten="112,289,39,560" oya="1" hai0="18,135,81,113,3,15,30,21,14,73,79,130,51" hai1="40,63,69,46,48,13,76,24,124,68,116,2,65" hai2="60,20,50,85,53,23,128,19,101,83,117,132,16" hai3="98,12,27,32,89,80,74,29,82,106,88,112,11"/><U54/><E2/><V96/><F117/><W6/><G112/><T87/><D3/><U92/><E76/><V28/><F128/><W31/><G31/><T115/><D130/><U4/><E116/><V100/><F132/><W111/><G111/><T77/><D135/><U64/><E24/><V62/><F28/><W108/><G108/><T7/><D30/><U129/><E129/><V61/><F23/><W86/><G74/><T109/><D109/><U42/><E92/><V114/><F114/><N who="0" m="43530" /><D51/><U9/><E124/><V25/><F19/><W8/><G8/><N who="0" m="4383" /><D79/><U133/><E133/><V41/><F41/><W17/><G17/><T34/><D34/><U122/><E122/><V33/><F33/><W47/><G47/><T125/><D125/><U127/><E127/><V123/><F123/><W70/><G70/><T107/><D107/><U10/><E10/><V26/><F26/><W66/><G66/><T44/><D44/><U58/><E46/><V134/><F96/><W91/><G82/><T52/><D52/><U36/><E64/><V90/><REACH who="2" step="1"/><F134/><REACH who="2" ten="112,289,29,560" step="2"/><W121/><G121/><T97/><D97/><U55/><E42/><V57/><AGARI ba="0,1" hai="16,20,25,50,53,57,60,61,62,83,85,90,100,101" machi="57" ten="30,8000,1" yaku="1,1,2,1,0,1,8,1,54,1,53,0" doraHai="71" doraHaiUra="35" who="2" fromWho="2" sc="112,-20,289,-40,29,90,560,-20" /><INIT seed="6,0,0,0,3,35" ten="92,249,119,540" oya="2" hai0="48,0,24,107,71,7,83,29,100,72,43,18,5" hai1="59,56,34,129,130,104,1,52,25,67,8,19,93" hai2="125,46,33,54,44,126,78,9,97,69,39,82,86" hai3="109,92,81,89,53,10,14,16,60,102,87,40,37"/><V51/><F69/><W122/><G109/><T28/><D71/><U111/><E104/><V31/><F33/><W63/><G122/><T113/><D113/><U15/><E111/><V77/><F31/><W98/><G37/><T64/><D64/><U132/><E132/><V12/><F97/><W22/><G40/><T121/><D121/><U110/><E110/><V74/><F77/><W120/><G120/><T57/><D107/><U27/><E1/><V112/><F112/><W42/><G42/><T79/><D100/><U88/><E56/><V114/><F114/><W118/><G118/><T105/><D105/><U47/><E47/><V30/><F30/><W96/><G53/><T13/><D28/><U70/><E67/><V49/><F39/><W6/><G98/><T85/><D72/><U66/><E66/><V55/><REACH who="2" step="1"/><F74/><REACH who="2" ten="92,249,109,540" step="2"/><W95/><G95/><T75/><D75/><U76/><E76/><V133/><F133/><W90/><G102/><T103/><D103/><U134/><E70/><V108/><F108/><W119/><G119/><T61/><D29/><U101/><E101/><V58/><F58/><W73/><G73/><T99/><D99/><N who="1" m="57767" /><E34/><V91/><F91/><W41/><G96/><T124/><D57/><U65/><E134/><V117/><F117/><W11/><G92/><T4/><D79/><U106/><E106/><V84/><F84/><W127/><G90/><T116/><D85/><U128/><E65/><V32/><F32/><W62/><G89/><T135/><D135/><U38/><E38/><V2/><F2/><W45/><G87/><T94/><D116/><RYUUKYOKU ba="0,1" sc="92,-15,249,15,109,15,540,-15" hai1="8,15,19,25,27,52,59,128,129,130" hai2="9,12,44,46,49,51,54,55,78,82,86,125,126" /><INIT seed="6,1,1,3,0,17" ten="77,264,124,525" oya="2" hai0="126,56,109,77,65,129,59,55,70,90,107,131,60" hai1="127,18,114,43,116,2,115,46,12,130,68,35,48" hai2="5,24,134,45,25,117,30,81,6,133,125,97,78" hai3="103,13,82,128,31,61,64,119,52,83,102,57,29"/><V9/><F117/><W58/><G119/><T93/><D107/><U4/><E116/><V39/><F125/><W62/><G128/><N who="0" m="49227" /><D77/><U71/><E35/><V11/><F97/><W118/><G118/><T121/><D93/><U37/><E130/><V104/><F104/><W72/><G13/><T94/><D94/><U3/><E37/><V15/><F39/><W38/><G38/><T63/><D90/><U66/><E4/><V42/><F42/><W27/><G72/><T19/><D19/><U0/><E127/><V110/><F45/><W135/><G135/><N who="2" m="51721" /><F110/><W76/><G76/><T88/><D88/><U44/><E44/><V106/><F106/><W74/><G74/><T8/><D8/><N who="2" m="3146" /><F15/><W23/><G31/><T40/><D126/><U14/><E14/><V113/><F113/><N who="1" m="43017" /><E66/><V67/><F67/><W20/><G64/><N who="0" m="38919" /><D40/><U108/><E108/><V99/><F99/><W33/><G102/><T95/><D95/><U47/><E47/><V1/><F1/><W122/><G103/><T124/><D124/><U111/><E111/><V10/><N who="2" m="3154" /><AGARI ba="1,1" hai="0,2,3,10,12,18,43,46,48,68,71" m="43017" machi="10" ten="40,2600,0" yaku="3,1,15,1" doraHai="17" who="1" fromWho="2" sc="77,0,264,39,124,-29,525,0" /><INIT seed="7,0,0,5,1,29" ten="77,303,95,525" oya="3" hai0="90,128,47,3,72,32,49,95,37,87,127,73,35" hai1="61,81,74,77,66,41,80,134,120,67,110,6,4" hai2="118,91,30,116,121,42,48,14,109,62,71,22,96" hai3="38,107,75,13,36,129,99,125,28,98,103,85,40"/><W34/><G75/><T86/><D3/><U106/><E106/><V65/><F109/><W12/><G85/><T101/><D37/><U97/><E110/><V102/><F91/><W16/><G12/><T39/><D39/><U63/><E120/><V19/><F121/><W18/><G18/><T124/><D128/><U9/><E41/><V88/><F88/><W104/><G34/><T113/><D113/><U23/><E23/><V82/><F82/><W130/><G28/><T25/><D25/><U26/><E26/><V79/><F79/><W53/><G53/><T57/><D57/><U44/><E44/><V17/><F30/><W119/><G119/><T8/><D8/><U1/><E97/><V5/><F5/><W56/><G56/><T122/><D122/><U33/><E33/><N who="0" m="12873" /><D101/><U21/><E21/><V117/><F17/><W84/><G84/><T76/><D87/><U24/><E24/><V126/><F126/><N who="0" m="48170" /><D76/><U115/><E77/><V50/><REACH who="2" step="1"/><F42/><AGARI ba="0,0" hai="42,47,49,72,73,86,90,95" m="48170,12873" machi="42" ten="30,7700,0" yaku="18,1,52,3" doraHai="29" who="0" fromWho="2" sc="77,77,303,0,95,-77,525,0" owari="154,-25.0,303,10.0,18,-48.0,525,63.0" /></mjloggm>