<mjloggm ver="2.3"><GO type="169" lobby="0"/><UN n0="%6C%65%6F%6E%6C%65%6F%6E" n1="%E6%9D%B1%E4%BA%AC%E9%9B%BB%E5%8A%9B" n2="%E5%8F%A4%E6%9C%AC" n3="%E3%81%B4%E3%81%8A%E3%81%B4%E3%81%8A%EF%BC%91%EF%BC%91" dan="16,17,16,18" rate="2146.05,2230.78,2075.09,2311.15" sx="M,M,M,M"/><TAIKYOKU oya="0"/><INIT seed="0,0,0,0,4,127" ten="250,250,250,250" oya="0" hai0="73,36,112,72,79,110,135,105,44,1,47,16,24" hai1="54,37,103,32,52,77,4,104,57,67,60,132,109" hai2="45,83,0,86,84,128,123,40,97,89,68,129,92" hai3="7,119,118,99,19,134,69,75,122,74,9,106,130"/><T27/><D112/><U10/><E109/><V114/><F114/><W115/><G19/><T62/><D105/><U2/><E132/><V6/><F68/><W13/><G115/><T121/><D121/><U58/><E32/><V87/><F123/><W12/><G12/><T93/><D1/><U26/><E37/><V33/><F33/><W116/><G122/><T117/><D117/><U70/><E77/><V88/><F6/><W61/><G134/><T22/><D135/><U82/><E82/><V43/><F0/><W34/><G34/><T98/><D110/><U11/><E11/><V29/><F29/><W76/><G76/><T66/><D27/><U96/><REACH who="1" step="1"/><E26/><REACH who="1" ten="250,240,250,250" step="2"/><V55/><F83/><W94/><G118/><T126/><D79/><U46/><E46/><V42/><REACH who="2" step="1"/><F89/><REACH who="2" ten="250,240,240,250" step="2"/><W63/><G116/><T8/><D36/><U53/><AGARI ba="0,2" hai="2,4,10,52,53,54,57,58,60,67,70,96,103,104" machi="53" ten="30,7900,0" yaku="1,1,0,1,54,1,53,1" doraHai="127" doraHaiUra="59" who="1" fromWho="1" sc="250,-39,240,99,240,-20,250,-20" /><INIT seed="1,0,0,4,5,68" ten="211,339,220,230" oya="1" hai0="51,116,121,21,49,26,36,106,120,0,71,105,43" hai1="108,72,41,70,45,15,93,77,9,63,66,124,7" hai2="60,104,54,81,46,102,47,64,48,69,98,133,96" hai3="34,79,33,115,17,18,107,132,89,82,57,134,122"/><U58/><E124/><V50/><F133/><N who="3" m="51307" /><G122/><N who="0" m="47211" /><D0/><U92/><E108/><V12/><F96/><W1/><G1/><T74/><D74/><U13/><E70/><V110/><F110/><W6/><G107/><N who="0" m="40971" /><D71/><U5/><E77/><V99/><F99/><W73/><G6/><T117/><D43/><U59/><E72/><V135/><F135/><W19/><G115/><T111/><D36/><U24/><E24/><V25/><F25/><W14/><G14/><T94/><D94/><U44/><E59/><V130/><F130/><W29/><G29/><N who="0" m="17615" /><D111/><U80/><E80/><V4/><F81/><W35/><G89/><T88/><D88/><U22/><E22/><V31/><F31/><W32/><G32/><T118/><AGARI ba="0,0" hai="49,51,116,117,118" m="17615,40971,47211" machi="118" ten="40,1500,0" yaku="13,1" doraHai="68" who="0" fromWho="0" sc="211,15,339,-7,220,-4,230,-4" /><INIT seed="2,0,0,4,0,72" ten="226,332,216,226" oya="2" hai0="51,46,54,55,64,45,63,100,122,39,101,110,105" hai1="6,107,109,19,104,48,121,21,86,33,108,74,29" hai2="120,118,71,70,4,27,125,131,76,128,93,98,94" hai3="111,103,73,28,66,75,129,123,40,58,102,12,53"/><V3/><F120/><W132/><G123/><T47/><D110/><U124/><E74/><V14/><F118/><W80/><G111/><T112/><D105/><U126/><E121/><V77/><F3/><W133/><G129/><N who="2" m="49737" /><F125/><W50/><G28/><T59/><D122/><U24/><E107/><V26/><F94/><W67/><G40/><N who="0" m="22687" /><D100/><N who="3" m="38441" /><G12/><T52/><D101/><U31/><E104/><V114/><F114/><W106/><G106/><T60/><D112/><U11/><E108/><V83/><F83/><W81/><G75/><T88/><D88/><U18/><E109/><V34/><F14/><W69/><G69/><N who="2" m="26121" /><F4/><W115/><G115/><T116/><D116/><U9/><E6/><V135/><F135/><N who="3" m="51787" /><G81/><T42/><D63/><U2/><E2/><V99/><F99/><W84/><G73/><T62/><D62/><U43/><E124/><V79/><F34/><W90/><AGARI ba="0,0" hai="50,53,58,66,67,80,84,90" m="51787,38441" machi="90" ten="30,1100,0" yaku="20,1" doraHai="72" who="3" fromWho="3" sc="226,-3,332,-3,216,-5,226,11" /><INIT seed="3,0,0,3,4,53" ten="223,329,211,237" oya="3" hai0="111,57,100,112,24,21,92,128,106,6,101,17,18" hai1="90,81,130,55,1,89,63,73,15,134,74,9,103" hai2="49,123,0,91,39,31,12,68,64,29,133,97,36" hai3="11,20,88,58,120,87,127,37,28,65,47,46,33"/><W59/><G120/><T124/><D111/><U117/><E1/><V19/><F0/><W76/><G33/><T23/><D128/><U118/><E103/><V77/><F77/><W25/><G127/><T75/><D124/><U51/><E63/><V8/><F123/><W62/><G76/><T41/><D106/><U99/><E134/><V5/><F133/><W4/><G58/><T42/><D75/><U86/><E99/><V109/><F109/><W43/><G43/><N who="0" m="16395" /><D6/><N who="1" m="3511" /><E90/><V16/><F68/><W40/><G40/><T113/><D92/><U56/><E130/><V114/><F114/><N who="0" m="44138" /><D57/><U69/><E69/><V125/><F125/><W44/><G37/><T82/><D82/><U107/><E107/><V98/><F39/><W67/><G67/><T54/><D54/><U94/><E81/><V50/><F36/><W119/><G119/><AGARI ba="0,0" hai="51,55,56,73,74,86,89,94,117,118,119" m="3511" machi="119" ten="30,2000,0" yaku="12,1,52,1" doraHai="53" who="1" fromWho="3" sc="223,0,329,20,211,0,237,-20" /><INIT seed="4,0,0,5,0,53" ten="223,349,211,217" oya="0" hai0="5,43,22,12,119,68,71,79,24,76,102,75,123" hai1="65,60,104,133,31,113,46,101,26,0,89,88,109" hai2="49,19,134,91,57,50,37,6,47,86,7,107,126" hai3="127,38,90,87,96,42,116,78,17,18,106,14,36"/><T124/><D119/><U120/><E0/><V130/><F107/><W28/><G116/><T84/><D123/><U55/><E109/><V51/><F37/><W83/><G127/><T21/><D75/><U70/><E120/><V59/><F126/><W95/><G28/><T77/><D124/><U135/><E113/><V15/><F130/><W41/><G38/><T98/><D43/><U35/><E55/><V118/><F47/><W9/><G36/><T16/><D84/><U39/><E46/><V69/><F69/><W72/><REACH who="3" step="1"/><G17/><REACH who="3" ten="223,349,211,207" step="2"/><T27/><D5/><N who="2" m="1546" /><F118/><W3/><G3/><T11/><D16/><U85/><E39/><V61/><F134/><N who="1" m="51209" /><E85/><V13/><F19/><W25/><G25/><T45/><D24/><U1/><E1/><V67/><F15/><W132/><G132/><T23/><D27/><U128/><E128/><V115/><F13/><W110/><G110/><T74/><D12/><U92/><E26/><V131/><F131/><W63/><G63/><T52/><D74/><U129/><E60/><V122/><F122/><W117/><G117/><T2/><D2/><U64/><E31/><V4/><F4/><W100/><AGARI ba="0,1" hai="9,14,18,41,42,72,78,83,87,90,95,96,100,106" machi="100" ten="30,7900,0" yaku="1,1,0,1,24,2,53,0" doraHai="53" doraHaiUra="29" who="3" fromWho="3" sc="223,-39,349,-20,211,-20,207,89" /><INIT seed="5,0,0,3,5,36" ten="184,329,191,296" oya="1" hai0="80,2,63,108,6,10,53,19,134,99,135,118,20" hai1="105,112,3,26,85,15,95,48,0,16,103,29,54" hai2="88,109,96,46,4,22,27,1,17,64,9,98,83" hai3="119,11,51,21,35,25,125,32,93,47,55,8,117"/><U52/><E105/><V30/><F109/><W39/><G39/><T86/><D108/><U124/><E112/><V24/><F64/><W129/><G93/><T132/><D118/><N who="3" m="45065" /><G129/><T14/><D99/><U126/><E103/><V5/><F4/><W123/><G123/><T28/><D28/><U72/><E72/><V37/><F37/><W40/><G55/><T58/><REACH who="0" step="1"/><D132/><REACH who="0" ten="174,329,191,296" step="2"/><U65/><E29/><V90/><F98/><W81/><G125/><T78/><AGARI ba="0,1" hai="2,6,10,14,19,20,53,58,63,78,80,86,134,135" machi="78" ten="30,4000,0" yaku="1,1,2,1,0,1,53,0" doraHai="36" doraHaiUra="62" who="0" fromWho="0" sc="174,50,329,-20,191,-10,296,-10" /><INIT seed="6,0,0,1,0,102" ten="224,309,181,286" oya="2" hai0="66,76,107,74,64,77,56,93,17,7,112,81,89" hai1="27,48,126,57,123,33,53,120,106,4,100,11,119" hai2="108,32,127,31,109,124,8,42,113,105,25,62,87" hai3="19,39,15,83,49,122,34,20,23,94,51,118,82"/><V1/><F113/><W110/><G110/><N who="2" m="42601" /><F87/><W13/><G118/><T9/><D112/><U85/><E85/><V121/><F121/><W6/><G39/><T60/><D77/><U35/><E119/><V111/><N who="2" m="42609" /><V38/><DORA hai="52" /><F62/><W63/><G34/><T88/><D107/><U70/><E126/><N who="2" m="48171" /><F105/><W29/><G63/><T98/><D17/><U45/><E106/><V78/><F78/><W91/><G122/><T86/><D66/><U79/><E79/><V68/><F68/><W46/><G82/><T5/><D9/><U71/><E70/><V61/><F61/><W3/><G83/><AGARI ba="0,0" hai="5,7,56,60,64,74,76,81,83,86,88,89,93,98" machi="83" ten="30,3900,0" yaku="7,1,52,1,54,1" doraHai="102,52" who="0" fromWho="3" sc="224,39,309,0,181,0,286,-39" /><INIT seed="7,0,0,4,5,102" ten="263,309,181,247" oya="3" hai0="20,60,35,86,48,106,119,7,131,122,33,59,40" hai1="0,111,5,82,121,105,57,133,29,123,101,45,104" hai2="93,85,74,23,63,83,8,61,73,34,124,72,55" hai3="2,115,16,80,54,127,52,64,12,30,67,41,14"/><W10/><G2/><T62/><D119/><U134/><E111/><V126/><F34/><W18/><G115/><T97/><D122/><N who="1" m="46603" /><E101/><V25/><F93/><W13/><G127/><T38/><D60/><U50/><E29/><V118/><F118/><W31/><G41/><T36/><D20/><U56/><E82/><V17/><F8/><N who="3" m="6215" /><G80/><T129/><D7/><U42/><E5/><V32/><F32/><W114/><G114/><T125/><D86/><U116/><E0/><V15/><F25/><W39/><G39/><T68/><D48/><U81/><E81/><V44/><F44/><W89/><G89/><T21/><D21/><U26/><E26/><V49/><F49/><W47/><G47/><T95/><D68/><U94/><E94/><V109/><F109/><W27/><G13/><T37/><D40/><U1/><E1/><V66/><F55/><N who="3" m="21035" /><G27/><T11/><D125/><U70/><E70/><V112/><F112/><W132/><G132/><N who="1" m="50794" /><E116/><V71/><REACH who="2" step="1"/><F63/><REACH who="2" ten="263,309,171,247" step="2"/><W110/><G110/><T78/><D62/><U135/><E135/><V28/><F28/><AGARI ba="0,1" hai="10,12,18,28,30,31,64,67" m="21035,6215" machi="28" ten="30,5800,0" yaku="8,1,54,2" doraHai="102" who="3" fromWho="2" sc="263,0,309,0,171,-58,247,68" owari="263,-14.0,309,11.0,113,-39.0,315,42.0" /></mjloggm>