<mjloggm ver="2.3"><GO type="225" lobby="0"/><UN n0="%E3%83%8A%E3%83%99%E3%83%AA%E3%83%B3" n1="%E3%83%94%E3%82%B3%E3%83%9E%E3%82%B9%E3%83%86%E3%82%A3%E3%83%95" n2="%E5%BE%80%E5%B9%B4%E3%81%AE%E3%82%B4%E3%83%AA%E3%83%A9" n3="%48%4F%4D%4F%E5%A5%B3" dan="16,17,16,16" rate="2093.74,2179.23,2082.58,2111.16" sx="M,M,M,M"/><TAIKYOKU oya="0"/><INIT seed="0,0,0,2,1,5" ten="250,250,250,250" oya="0" hai0="88,62,125,72,106,32,81,1,83,34,21,130,74" hai1="12,121,108,10,100,53,17,67,115,64,55,13,52" hai2="15,134,84,112,116,7,29,6,71,109,85,57,105" hai3="133,8,47,4,46,75,126,94,114,69,131,77,68"/><T35/><D106/><U27/><E121/><V26/><F71/><W0/><G114/><T132/><D125/><U44/><E115/><V9/><F105/><W118/><G131/><T41/><D130/><U92/><E108/><V43/><F109/><W24/><G126/><T51/><D132/><U95/><E44/><V30/><F134/><W96/><G118/><T36/><D36/><U82/><E27/><V54/><F43/><W107/><G107/><T123/><D123/><U28/><E28/><V90/><F30/><W56/><G56/><T120/><D1/><U11/><E82/><V3/><F116/><W103/><G133/><T93/><D120/><U101/><E53/><V63/><F85/><W50/><G24/><T102/><D102/><U59/><E17/><V89/><F89/><W98/><G96/><T91/><D21/><U14/><E13/><V38/><F38/><W22/><G22/><T117/><D62/><U65/><E65/><V39/><F39/><W135/><G135/><T99/><D117/><U122/><E122/><V25/><F25/><W76/><G47/><T48/><D48/><U87/><E87/><V31/><F31/><W111/><G111/><T20/><D20/><U80/><E80/><N who="0" m="30793" /><D91/><U60/><E60/><V33/><F112/><W78/><REACH who="3" step="1"/><G75/><REACH who="3" ten="250,250,250,240" step="2"/><T66/><D74/><U61/><E61/><V79/><F63/><W124/><G124/><T40/><D72/><U37/><E37/><V58/><F26/><W113/><G113/><T86/><D99/><U73/><E73/><V128/><F128/><W119/><G119/><T19/><D32/><RYUUKYOKU ba="0,1" sc="250,-15,250,15,250,-15,240,15" hai1="10,11,12,14,52,55,59,64,67,92,95,100,101" hai3="0,4,8,46,50,68,69,76,77,78,94,98,103" /><INIT seed="1,1,1,5,5,73" ten="235,265,235,255" oya="1" hai0="93,113,39,84,98,48,133,33,126,110,35,101,36" hai1="105,20,114,24,131,116,100,119,68,130,52,134,7" hai2="74,132,6,45,43,99,108,124,75,14,12,67,121" hai3="112,120,128,80,71,94,54,96,10,86,47,106,41"/><U125/><E114/><V64/><F121/><W103/><G120/><T77/><D113/><U25/><E68/><V89/><F132/><W122/><G112/><T34/><D133/><U115/><E115/><V26/><F124/><W9/><G128/><N who="1" m="49194" /><E134/><V70/><F108/><W135/><G135/><T78/><D110/><U42/><E125/><V23/><F74/><W37/><G122/><T117/><D117/><U79/><E42/><V82/><F70/><W3/><G3/><T90/><D126/><U8/><E100/><V109/><F75/><W22/><G71/><T15/><D48/><U19/><E105/><V0/><F0/><W88/><G54/><T44/><D15/><N who="1" m="5535" /><E79/><V102/><F102/><W31/><REACH who="3" step="1"/><G106/><REACH who="3" ten="235,265,235,245" step="2"/><T1/><D1/><U97/><E52/><V72/><F109/><W27/><AGARI ba="1,2" hai="9,10,22,27,31,37,41,47,80,86,88,94,96,103" machi="27" ten="30,7900,0" yaku="1,1,2,1,0,1,54,1,53,0" doraHai="73" doraHaiUra="129" who="3" fromWho="3" sc="235,-21,265,-40,235,-21,245,102" /><INIT seed="2,0,0,1,1,9" ten="214,225,214,347" oya="2" hai0="1,21,52,31,50,77,63,128,118,4,55,3,122" hai1="82,69,89,5,16,124,104,126,46,39,68,48,36" hai2="61,75,11,80,117,72,20,8,88,38,107,34,66" hai3="56,18,90,40,108,93,30,58,65,25,113,101,129"/><V71/><F34/><W53/><G129/><T13/><D122/><U17/><E104/><V73/><F107/><W116/><G108/><T47/><D128/><U114/><E114/><V62/><F117/><W84/><G116/><T32/><D118/><U12/><E5/><V102/><F102/><W42/><G101/><T127/><D127/><N who="1" m="48683" /><E82/><V24/><F61/><N who="3" m="38071" /><G30/><T37/><D37/><N who="1" m="14411" /><E89/><V26/><F38/><W29/><G29/><T54/><D77/><U130/><E130/><V14/><F20/><N who="3" m="13463" /><G113/><T70/><D32/><U115/><E115/><V92/><F80/><W105/><G105/><T132/><D132/><U23/><E17/><V112/><F112/><W15/><G15/><T91/><D91/><U33/><E33/><V0/><F0/><W27/><G27/><T125/><D125/><U98/><E98/><V100/><F100/><W134/><G134/><T67/><D1/><U96/><E96/><V64/><F14/><W94/><G93/><T57/><D3/><U74/><E74/><V7/><F72/><W119/><G119/><T85/><D85/><U123/><E123/><V121/><F121/><W87/><G87/><T111/><D111/><U135/><E135/><V83/><F92/><W51/><AGARI ba="0,0" hai="40,42,51,53,56,84,90,94" m="13463,38071" machi="51" ten="30,1100,0" yaku="8,1" doraHai="9" who="3" fromWho="3" sc="214,-3,225,-3,214,-5,347,11" /><INIT seed="3,0,0,2,0,71" ten="211,222,209,358" oya="3" hai0="127,57,35,96,58,105,12,52,123,126,21,62,38" hai1="77,100,72,45,124,4,31,130,109,16,34,106,50" hai2="132,74,82,32,42,110,11,37,114,94,78,53,70" hai3="28,93,0,86,2,64,102,92,14,47,22,129,128"/><W23/><G64/><T103/><D123/><U18/><E4/><V27/><F114/><W43/><G102/><T54/><D35/><U135/><E109/><V56/><F70/><W60/><G60/><T131/><D131/><N who="3" m="50249" /><G28/><T108/><D108/><U125/><E130/><V116/><F110/><W111/><G111/><T9/><D21/><N who="3" m="7689" /><G14/><T118/><D118/><U15/><E100/><V55/><F116/><W91/><G92/><T117/><D117/><U68/><E68/><V113/><F113/><W89/><G89/><T75/><D75/><U122/><E72/><V10/><F94/><W39/><AGARI ba="0,0" hai="0,2,39,43,47,86,91,93" m="7689,50249" machi="39" ten="30,3000,0" yaku="19,1,52,1" doraHai="71" who="3" fromWho="3" sc="211,-10,222,-10,209,-10,358,30" owari="201,-20.0,212,1.0,199,-30.0,388,49.0" /></mjloggm>