<mjloggm ver="2.3"><GO type="169" lobby="0"/><UN n0="%E6%B3%A2%E7%91%A0" n1="%43%72%65%2E%43" n2="%E3%81%96%E3%82%8A%E3%81%8C%E3%81%AB%E3%81%8F%E3%82%93" n3="%6B%61%74%65%72%69%6E%61" dan="16,16,17,17" rate="2170.06,2132.24,2219.45,2151.35" sx="F,F,M,M"/><TAIKYOKU oya="0"/><INIT seed="0,0,0,5,1,37" ten="250,250,250,250" oya="0" hai0="58,57,95,123,47,133,38,1,33,110,117,55,87" hai1="126,40,18,129,72,121,48,0,54,111,85,77,135" hai2="14,100,75,61,53,13,88,46,122,7,34,69,91" hai3="35,9,86,23,94,44,82,116,70,83,2,66,107"/><T24/><D1/><U119/><E119/><V59/><F122/><W22/><G116/><T5/><D5/><U105/><E121/><V64/><F34/><W76/><G107/><T19/><D123/><U6/><E105/><V29/><F75/><W104/><G104/><T120/><D120/><U67/><E72/><V98/><F29/><W93/><G35/><T20/><D117/><U30/><E111/><V114/><F114/><W74/><G66/><T73/><D73/><U97/><E97/><V134/><F134/><W118/><G70/><T3/><D3/><U28/><E54/><V12/><F7/><W63/><G118/><T127/><D133/><U43/><E48/><N who="2" m="28823" /><F69/><W42/><G63/><T50/><D110/><U89/><E6/><V115/><F115/><W103/><G9/><T10/><D127/><U96/><E126/><V26/><F26/><W62/><G62/><T27/><D27/><U41/><E0/><V51/><F51/><W65/><G65/><T128/><D128/><U11/><E67/><V132/><F132/><W90/><G2/><T52/><D38/><U99/><E129/><V31/><F31/><N who="1" m="11817" /><E77/><V25/><F25/><W56/><G56/><T21/><D33/><U124/><E124/><V113/><F113/><W36/><REACH who="3" step="1"/><G103/><REACH who="3" ten="250,250,250,240" step="2"/><T39/><D58/><U71/><E71/><V125/><F125/><W109/><G109/><T32/><D32/><U4/><E135/><V49/><F64/><W15/><G15/><T84/><D57/><U8/><E8/><V68/><F68/><W106/><G106/><T131/><D131/><U45/><E11/><RYUUKYOKU ba="0,1" sc="250,-10,250,-10,250,-10,240,30" hai3="22,23,36,42,44,74,76,82,83,86,90,93,94" /><INIT seed="1,1,1,3,0,38" ten="240,240,240,270" oya="1" hai0="46,94,18,12,81,37,56,77,118,97,123,4,110" hai1="32,66,16,6,7,135,114,10,89,25,33,30,80" hai2="13,73,127,27,0,79,57,116,119,43,55,35,75" hai3="2,44,90,112,41,19,53,100,107,85,50,122,48"/><U34/><E66/><V69/><F0/><W129/><G122/><T67/><D118/><U36/><E36/><V51/><F69/><W96/><G112/><T82/><D4/><N who="1" m="1579" /><E89/><V58/><F127/><W120/><G120/><T45/><D123/><U17/><E80/><V104/><F104/><W131/><G19/><N who="1" m="7242" /><E114/><V63/><F13/><W42/><G2/><T93/><D93/><U5/><E135/><V78/><F75/><W84/><G84/><T3/><D3/><AGARI ba="1,1" hai="3,5,10,25,30,32,33,34" m="7242,1579" machi="3" ten="30,18000,2" yaku="35,5,54,1" doraHai="38" who="1" fromWho="0" sc="240,-183,240,193,240,0,270,0" /><INIT seed="1,2,0,4,4,71" ten="57,433,240,270" oya="1" hai0="83,119,0,51,24,23,101,65,55,132,11,117,40" hai1="38,118,74,87,27,104,7,129,79,43,131,6,39" hai2="100,114,17,105,89,93,106,10,59,9,64,52,46" hai3="12,85,26,4,28,110,108,22,14,57,47,115,36"/><U112/><E112/><V33/><F33/><W19/><G115/><T130/><D101/><U128/><E118/><V50/><F114/><W124/><G124/><T78/><D65/><U90/><E104/><V68/><F68/><W31/><G57/><T15/><D0/><U88/><E43/><V76/><F76/><W109/><G85/><T45/><D55/><U135/><E135/><V134/><F134/><W107/><G107/><T48/><D48/><U67/><E67/><V8/><F100/><W102/><G102/><T1/><D1/><U84/><E27/><V111/><F111/><W13/><REACH who="3" step="1"/><G4/><REACH who="3" ten="57,433,240,260" step="2"/><N who="1" m="1578" /><E74/><V70/><F106/><W127/><G127/><T103/><D103/><U62/><E79/><V86/><F105/><W54/><G54/><T53/><D132/><U30/><E62/><N who="2" m="37983" /><F70/><W122/><G122/><T133/><D133/><U20/><E87/><V3/><F3/><W69/><G69/><T113/><D113/><U73/><E73/><V41/><F41/><AGARI ba="2,1" hai="12,13,14,19,22,26,28,31,36,41,47,108,109,110" machi="41" ten="50,6400,0" yaku="1,1,14,1,52,1,53,0" doraHai="71" doraHaiUra="2" who="3" fromWho="2" sc="57,0,433,0,240,-70,260,80" /><INIT seed="2,0,0,4,0,100" ten="57,433,170,340" oya="2" hai0="104,91,121,32,29,49,77,99,116,120,72,38,24" hai1="131,2,46,125,0,13,93,102,50,75,111,124,56" hai2="18,15,112,89,134,31,115,1,80,88,83,135,16" hai3="69,105,30,52,43,97,34,94,96,114,68,51,70"/><V67/><F1/><W119/><G119/><T12/><D38/><U4/><E75/><V42/><F67/><W19/><G114/><N who="2" m="43561" /><F31/><W61/><G43/><T123/><D116/><U107/><E4/><V23/><F42/><W7/><G7/><T58/><D77/><U118/><E13/><V8/><F80/><W17/><G61/><T86/><D72/><U85/><E2/><V87/><F89/><W122/><G122/><T101/><D12/><U28/><E28/><V26/><F26/><W21/><G34/><T53/><REACH who="0" step="1"/><D123/><REACH who="0" ten="47,433,170,340" step="2"/><U79/><E0/><V47/><F15/><W41/><G70/><T132/><D132/><U76/><E76/><V106/><F135/><W39/><G69/><T117/><D117/><U108/><E79/><V98/><F134/><W27/><G68/><T20/><D20/><U81/><E118/><V84/><F23/><W45/><G39/><T11/><D11/><U57/><E124/><V54/><F8/><W5/><G21/><T59/><D59/><U129/><E56/><V9/><F9/><W126/><G126/><T127/><D127/><U73/><E57/><V103/><F47/><W33/><G45/><T14/><D14/><U62/><E125/><V37/><F37/><W90/><G33/><T128/><D128/><U3/><E129/><V6/><F6/><W109/><G27/><T110/><D110/><U78/><E131/><V133/><F133/><W35/><G109/><T130/><D130/><U44/><E3/><V63/><F18/><W64/><G19/><T36/><D36/><U60/><E44/><V113/><F113/><RYUUKYOKU ba="0,1" sc="47,30,433,-10,170,-10,340,-10" hai0="24,29,32,49,53,58,86,91,99,101,104,120,121" /><INIT seed="3,1,1,5,1,133" ten="77,423,160,330" oya="3" hai0="56,45,42,126,26,104,107,111,106,23,109,120,5" hai1="121,84,88,81,27,132,39,105,15,6,61,43,18" hai2="122,79,103,47,57,100,14,94,64,72,13,96,66" hai3="68,69,0,117,115,32,77,52,10,3,119,101,75"/><W8/><G101/><T35/><D35/><U74/><E121/><V24/><F122/><W55/><G77/><T2/><D56/><U60/><E105/><V53/><F103/><W29/><G32/><T63/><D63/><U17/><E132/><V124/><F124/><W113/><REACH who="3" step="1"/><G29/><REACH who="3" ten="77,423,160,320" step="2"/><T38/><D120/><U102/><E102/><V28/><F79/><W97/><G97/><T41/><D126/><U87/><E84/><V58/><F96/><W83/><G83/><T36/><D107/><U22/><E87/><V46/><F100/><W70/><G70/><T31/><D106/><U7/><E81/><V54/><F28/><W116/><G116/><T19/><D104/><U78/><E78/><V118/><F118/><W48/><G48/><T125/><D31/><U37/><E74/><AGARI ba="1,2" hai="0,3,8,10,52,55,68,69,74,75,113,115,117,119" machi="74" ten="25,9600,0" yaku="1,1,22,2,54,1,53,0" doraHai="133" doraHaiUra="30" who="3" fromWho="1" sc="77,0,423,-99,160,0,320,119" /><INIT seed="3,2,0,0,0,111" ten="77,324,160,439" oya="3" hai0="40,39,86,77,101,25,12,81,96,42,73,63,109" hai1="124,41,122,115,11,97,51,78,100,26,8,23,89" hai2="108,38,24,91,62,32,49,95,120,14,106,57,56" hai3="34,37,67,85,113,1,50,134,98,35,121,5,116"/><W119/><G37/><T105/><D109/><U84/><E122/><V80/><F108/><W128/><G121/><T126/><D126/><U3/><E124/><V133/><F106/><W36/><G36/><T13/><D25/><U72/><E115/><V54/><F133/><W103/><G134/><T99/><D99/><U10/><E72/><V48/><F120/><W71/><G113/><T92/><D63/><U104/><E78/><V53/><F38/><W87/><G128/><T2/><D2/><U21/><E3/><V110/><F110/><W20/><G20/><T61/><D61/><U123/><E123/><V68/><F80/><W30/><G67/><T65/><D65/><U74/><E74/><V130/><F130/><W90/><G71/><T70/><D70/><U94/><E26/><V59/><F14/><W43/><G87/><T66/><D66/><U58/><E58/><V107/><F107/><W132/><G132/><T29/><D29/><U4/><E4/><V125/><F68/><W45/><G5/><T127/><D127/><U31/><E31/><V27/><F32/><W118/><G30/><T44/><REACH who="0" step="1"/><D40/><REACH who="0" ten="67,324,160,439" step="2"/><U19/><E41/><V117/><F125/><W83/><REACH who="3" step="1"/><G1/><REACH who="3" ten="67,324,160,429" step="2"/><T17/><D17/><U6/><E19/><V33/><F33/><W76/><G76/><T7/><D7/><U112/><E6/><V15/><F62/><W102/><G102/><T9/><D9/><U46/><E8/><V47/><F27/><W18/><G18/><T64/><D64/><U82/><E10/><V75/><F24/><W28/><G28/><T55/><D55/><RYUUKYOKU ba="2,2" sc="67,15,324,-15,160,-15,429,15" hai0="12,13,39,42,44,73,77,81,86,92,96,101,105" hai3="34,35,43,45,50,83,85,90,98,103,116,118,119" /><INIT seed="3,3,2,3,4,46" ten="82,309,145,444" oya="3" hai0="98,97,114,2,128,8,102,94,87,19,83,49,124" hai1="22,62,20,34,23,17,43,116,42,32,70,111,120" hai2="72,73,63,50,11,52,16,9,21,59,44,24,100" hai3="79,113,48,51,38,33,31,112,131,54,105,12,109"/><W27/><G105/><T67/><D128/><U75/><E120/><V56/><F100/><W119/><G119/><T118/><D118/><U57/><E70/><V26/><F73/><W40/><G131/><T88/><D124/><U36/><E75/><V74/><F74/><W15/><G79/><T101/><D114/><U66/><E116/><V47/><F72/><W60/><G60/><T95/><D67/><U81/><E111/><V130/><F130/><W125/><G125/><T3/><REACH who="0" step="1"/><D49/><REACH who="0" ten="72,309,145,444" step="2"/><U96/><E66/><N who="2" m="39271" /><F26/><W6/><G109/><T106/><D106/><U18/><E62/><N who="2" m="36199" /><F47/><W64/><G113/><T1/><D1/><U39/><E39/><V55/><AGARI ba="3,3" hai="9,11,16,21,24,44,50,55" m="36199,39271" machi="55" ten="30,7900,0" yaku="8,1,52,1,54,2" doraHai="46" who="2" fromWho="2" sc="72,-23,309,-23,145,118,444,-42" /><INIT seed="4,0,0,5,3,0" ten="49,286,263,402" oya="0" hai0="118,26,74,88,62,63,65,5,22,16,53,81,32" hai1="52,40,130,69,56,2,121,91,64,92,126,60,21" hai2="116,110,29,57,84,14,77,72,61,109,94,28,106" hai3="25,73,11,135,119,23,102,113,18,8,124,127,128"/><T97/><D118/><U35/><E121/><V46/><F106/><W93/><G119/><T71/><D32/><U43/><E35/><V38/><F116/><W83/><G113/><T36/><D36/><U111/><E111/><V68/><F68/><W123/><G123/><T103/><D5/><U67/><E2/><V101/><F72/><W108/><G108/><T19/><D19/><U80/><E126/><N who="3" m="48170" /><G135/><T30/><D30/><U45/><E130/><V17/><F38/><W70/><G70/><T133/><D133/><U34/><E34/><V37/><F37/><W15/><G128/><T4/><D4/><U99/><E69/><V3/><F3/><W41/><G41/><N who="1" m="15946" /><E21/><V131/><F131/><W86/><G73/><T87/><D74/><U90/><E45/><V78/><F46/><W50/><G50/><T134/><D134/><U104/><E104/><V20/><F109/><W117/><G117/><T98/><REACH who="0" step="1"/><D103/><REACH who="0" ten="39,286,263,402" step="2"/><U96/><E99/><V100/><F101/><W115/><G102/><T107/><D107/><U44/><E44/><V1/><F100/><W12/><G18/><T9/><D9/><U95/><E96/><V10/><F110/><W85/><G8/><T31/><D31/><U51/><E90/><N who="2" m="53575" /><F29/><W7/><G11/><T122/><D122/><U24/><E91/><V120/><F120/><W75/><G75/><T76/><D76/><U55/><E24/><N who="2" m="16391" /><F1/><W49/><G25/><T6/><D6/><U33/><E33/><V105/><F105/><W114/><G7/><T42/><D42/><U112/><E112/><V27/><F27/><W54/><G115/><RYUUKYOKU ba="0,1" sc="39,15,286,-15,263,15,402,-15" hai0="16,22,26,53,62,63,65,71,81,87,88,97,98" hai2="10,14,17,57,61,77,78" /><INIT seed="4,1,1,5,2,96" ten="54,271,278,387" oya="0" hai0="112,5,60,135,120,85,19,54,48,116,71,29,20" hai1="52,35,31,132,115,38,34,16,11,32,123,44,86" hai2="24,57,23,14,41,64,55,90,28,49,91,102,108" hai3="59,110,1,111,33,68,95,8,105,130,89,67,13"/><T87/><D120/><U113/><E123/><V124/><F108/><W88/><G33/><T62/><D116/><U2/><E132/><V77/><F124/><W134/><G134/><T104/><D135/><U114/><E86/><N who="0" m="32777" /><D104/><U12/><E2/><V30/><F77/><W94/><G105/><T70/><D70/><U45/><E38/><V97/><F64/><W43/><G1/><T18/><D5/><U119/><E119/><V133/><F133/><W103/><G68/><T22/><D71/><U39/><E39/><V51/><F30/><W122/><G122/><T129/><D112/><U47/><E52/><N who="2" m="31887" /><F41/><W121/><G121/><T42/><D42/><U126/><E126/><V25/><F14/><W131/><G43/><T106/><D106/><U93/><E93/><N who="2" m="58671" /><F25/><AGARI ba="1,1" hai="11,12,16,25,31,32,34,35,44,45,47,113,114,115" machi="25" ten="50,6400,0" yaku="15,1,11,1,54,1" doraHai="96" who="1" fromWho="2" sc="54,0,271,77,278,-67,387,0" /><INIT seed="5,0,0,3,1,39" ten="54,348,211,387" oya="1" hai0="37,96,109,119,93,23,3,0,77,59,113,85,47" hai1="15,72,66,107,6,61,122,82,5,38,13,103,74" hai2="20,18,115,84,55,21,86,104,46,73,58,90,32" hai3="35,4,130,1,100,42,69,17,110,27,24,95,29"/><U67/><E122/><V132/><F32/><W53/><G130/><T40/><D109/><U126/><E126/><V44/><F73/><W129/><G110/><T105/><D119/><U34/><E34/><V33/><F33/><W11/><G129/><T131/><D131/><U108/><E108/><V118/><F118/><W19/><G69/><T79/><D113/><U64/><E61/><V51/><F104/><W36/><G53/><T2/><D85/><U43/><E103/><V49/><F132/><W10/><G27/><T7/><D7/><U52/><E107/><V97/><F115/><W83/><G83/><T75/><D75/><U134/><E134/><V91/><F97/><W81/><G81/><T16/><D59/><U76/><E74/><V68/><F68/><W8/><G8/><T31/><D31/><U89/><E89/><V28/><F28/><W65/><G65/><T12/><REACH who="0" step="1"/><D105/><REACH who="0" ten="44,348,211,387" step="2"/><U63/><E5/><V117/><F117/><W70/><G4/><T111/><D111/><U60/><E6/><V112/><F112/><W50/><G70/><T120/><D120/><U88/><E72/><V116/><F116/><W102/><G29/><T78/><D78/><U94/><E76/><V14/><F58/><W71/><G71/><T106/><D106/><U124/><E82/><V80/><F86/><W121/><G121/><T127/><D127/><U87/><E124/><V56/><F56/><W22/><G1/><T98/><D98/><U26/><E87/><V99/><F99/><W48/><G95/><T62/><D62/><U133/><E94/><V30/><F80/><RYUUKYOKU ba="0,1" sc="44,30,348,-10,211,-10,387,-10" hai0="0,2,3,12,16,23,37,40,47,77,79,93,96" /><INIT seed="6,1,1,2,0,130" ten="74,338,201,377" oya="2" hai0="57,89,1,8,34,45,30,62,66,88,54,17,93" hai1="20,47,126,60,96,16,43,38,97,4,64,118,114" hai2="72,44,94,84,49,75,77,29,15,78,125,85,63" hai3="117,127,19,70,12,27,31,18,134,135,103,112,109"/><V68/><F125/><W100/><G117/><T22/><D34/><U40/><E118/><V52/><F29/><W110/><G70/><T69/><D45/><U91/><E114/><V56/><F68/><W48/><G48/><T7/><D93/><U33/><E33/><V74/><F15/><W90/><G90/><T123/><D30/><U101/><E4/><V13/><F13/><W26/><G127/><T82/><D82/><U81/><E126/><V79/><REACH who="2" step="1"/><F94/><REACH who="2" ten="74,338,191,377" step="2"/><W121/><G12/><T107/><D107/><U41/><E38/><V76/><N who="2" m="19456" /><DORA hai="115" /><V5/><F5/><W99/><G31/><T55/><D123/><U11/><E16/><V120/><F120/><W124/><G121/><T3/><D3/><U83/><E83/><V10/><F10/><W39/><G124/><T14/><REACH who="0" step="1"/><D55/><AGARI ba="1,2" hai="44,49,52,55,56,63,72,74,75,84,85" m="19456" machi="55" ten="60,5800,0" yaku="1,1,54,1,53,0" doraHai="130,115" doraHaiUra="25,23" who="2" fromWho="0" sc="74,-61,338,0,191,81,377,0" /><INIT seed="6,2,0,5,5,51" ten="13,338,272,377" oya="2" hai0="29,59,115,93,12,121,21,64,13,32,31,52,116" hai1="42,101,24,89,46,71,97,8,6,49,35,113,102" hai2="58,134,127,2,69,90,38,124,99,60,0,55,34" hai3="65,125,108,130,91,37,78,48,135,22,74,30,72"/><V9/><F34/><W118/><G37/><T77/><D121/><U132/><E71/><V15/><F134/><W106/><G106/><T3/><D3/><U14/><E113/><V27/><F27/><W110/><G65/><T50/><D116/><U104/><E132/><V131/><F131/><W18/><G130/><T129/><D129/><U94/><REACH who="1" step="1"/><E104/><REACH who="1" ten="13,328,272,377" step="2"/><V11/><F69/><W23/><G135/><T44/><D115/><U66/><E66/><V76/><F38/><W111/><G118/><T123/><D123/><U84/><E84/><V88/><F76/><W120/><G120/><T81/><D93/><U4/><E4/><N who="2" m="1175" /><F99/><W19/><G111/><T126/><D126/><N who="2" m="48170" /><F0/><W39/><G125/><T67/><D64/><U122/><E122/><V75/><F75/><W54/><G74/><T36/><D32/><U83/><E83/><V68/><F68/><W17/><G72/><T63/><D36/><U70/><E70/><V80/><F80/><W87/><G39/><T45/><D45/><U86/><E86/><V28/><F28/><AGARI ba="2,1" hai="6,8,14,24,28,35,42,46,49,89,94,97,101,102" machi="28" ten="40,2600,0" yaku="1,1,53,1" doraHai="51" doraHaiUra="5" who="1" fromWho="2" sc="13,0,328,42,272,-32,377,0" /><INIT seed="7,0,0,4,4,6" ten="13,370,240,377" oya="3" hai0="39,1,98,83,66,16,77,91,86,43,14,29,41" hai1="23,74,81,87,115,55,44,100,30,78,107,19,110" hai2="90,12,5,117,64,8,32,50,134,35,125,67,85" hai3="13,112,82,28,71,88,70,96,17,24,31,106,56"/><W129/><G56/><T2/><D43/><U130/><E110/><V84/><F134/><W119/><G119/><T60/><D29/><U7/><E115/><V37/><F125/><W11/><G129/><T109/><D109/><U99/><E130/><V73/><F73/><W135/><G135/><T3/><D3/><U22/><E7/><V25/><F37/><W57/><G31/><T9/><D41/><U122/><E122/><V76/><F35/><W68/><G112/><T4/><D39/><U45/><E55/><V127/><F32/><W120/><G120/><T80/><D4/><U65/><E65/><V105/><F105/><W89/><G57/><T26/><D26/><U116/><E116/><V18/><F127/><W21/><REACH who="3" step="1"/><G82/><REACH who="3" ten="13,370,240,367" step="2"/><T95/><D98/><U102/><E30/><V94/><F117/><W72/><G72/><T113/><D113/><U20/><E74/><V133/><F133/><W36/><G36/><T54/><D54/><U69/><E69/><V59/><F59/><W97/><G97/><T40/><D40/><U10/><REACH who="1" step="1"/><E102/><AGARI ba="0,1" hai="11,13,17,21,24,28,68,70,71,88,89,96,102,106" machi="102" ten="40,7700,0" yaku="1,1,52,1,54,1,53,0" doraHai="6" doraHaiUra="33" who="3" fromWho="1" sc="13,0,370,-77,240,0,367,87" owari="13,-49.0,293,9.0,240,-16.0,454,56.0" /></mjloggm>