<mjloggm ver="2.3"><GO type="169" lobby="0"/><UN n0="%E3%81%8B%E3%81%A4%E3%81%A9%E3%82%93" n1="%E3%81%8F%E3%81%BE%E3%81%96%E3%82%8F" n2="%E7%9F%A5%E3%82%89%E3%82%93%E3%81%8C%E3%81%AA" n3="%E3%83%81%E3%83%83%E3%83%97%E3%82%B3%E3%83%AC%E3%82%AF%E3%82%BF%E3%83%BC" dan="17,16,16,16" rate="2250.21,2117.27,2105.41,2132.97" sx="F,M,F,M"/><TAIKYOKU oya="0"/><INIT seed="0,0,0,4,2,93" ten="250,250,250,250" oya="0" hai0="61,68,16,89,102,62,88,24,34,98,116,112,120" hai1="12,55,1,135,13,106,104,33,14,75,74,39,60" hai2="49,40,65,9,82,4,59,69,58,78,18,109,47" hai3="36,21,42,0,81,128,30,107,92,84,117,26,114"/><T57/><D112/><U45/><E33/><V31/><F109/><W22/><G117/><T132/><D116/><U121/><E121/><V17/><F31/><W100/><G107/><T38/><D120/><U10/><E60/><V32/><F32/><W2/><G114/><T90/><D38/><U7/><E135/><V71/><F71/><W5/><G128/><T25/><D132/><U95/><E55/><V134/><F134/><W123/><G123/><T41/><D41/><U72/><REACH who="1" step="1"/><E95/><REACH who="1" ten="250,240,250,250" step="2"/><V43/><F65/><W105/><G92/><N who="0" m="58695" /><D34/><U97/><E97/><V37/><F43/><AGARI ba="0,1" hai="1,7,10,12,13,14,39,43,45,72,74,75,104,106" machi="43" ten="50,1600,0" yaku="1,1,53,0" doraHai="93" doraHaiUra="129" who="1" fromWho="2" sc="250,0,240,26,250,-16,250,0" /><INIT seed="1,0,0,3,4,31" ten="250,266,234,250" oya="1" hai0="70,49,20,42,48,87,130,83,52,9,76,17,34" hai1="90,102,133,71,96,1,86,38,19,67,2,127,132" hai2="46,58,84,47,41,88,97,5,101,0,135,10,57" hai3="109,115,114,78,27,15,111,99,121,113,122,69,117"/><U53/><E38/><V50/><F135/><N who="1" m="51785" /><E127/><V25/><F47/><W62/><G78/><T123/><D70/><U55/><E19/><V131/><F131/><W39/><G39/><T61/><D130/><U126/><E126/><V98/><F25/><W21/><G99/><T64/><D123/><N who="3" m="47113" /><G15/><T91/><D9/><U118/><E118/><V23/><F23/><W112/><G112/><T125/><D125/><U105/><E67/><V60/><F101/><W134/><G134/><T43/><D34/><U77/><E71/><V33/><F33/><W103/><G103/><T11/><D11/><U124/><E77/><V82/><REACH who="2" step="1"/><F57/><REACH who="2" ten="250,266,224,250" step="2"/><W14/><G21/><T94/><D20/><U28/><E124/><V12/><F12/><W73/><G14/><T120/><D120/><U110/><E28/><V45/><F45/><W54/><G27/><T95/><D42/><U100/><E102/><V75/><F75/><W129/><G73/><T6/><D43/><U85/><E100/><V24/><F24/><W108/><G129/><T35/><D35/><U65/><E1/><V40/><F40/><W56/><G69/><T18/><D6/><U66/><E2/><V22/><F22/><W13/><G13/><T74/><D74/><U106/><E106/><V79/><F79/><W7/><G7/><T116/><D76/><U63/><E105/><V16/><F16/><W80/><G80/><T32/><D17/><U44/><E44/><V89/><F89/><W36/><G36/><T29/><D18/><U93/><E90/><V81/><F81/><W51/><G117/><T59/><D91/><RYUUKYOKU ba="0,1" sc="250,-15,266,-15,224,15,250,15" hai2="0,5,10,41,46,50,58,60,82,84,88,97,98" hai3="51,54,56,62,108,109,111,113,114,115" /><INIT seed="2,1,1,2,5,18" ten="235,251,239,265" oya="2" hai0="47,14,51,5,15,83,39,116,86,4,127,30,91" hai1="76,90,23,24,0,48,77,97,17,21,72,114,93" hai2="42,101,88,38,122,49,52,66,121,28,45,89,31" hai3="108,115,107,105,33,74,55,11,125,27,59,71,103"/><V57/><F101/><W35/><G108/><T75/><D127/><U87/><E114/><V84/><F89/><W70/><G115/><T9/><D39/><U98/><E0/><V124/><F124/><W67/><G125/><T64/><D116/><U32/><E32/><N who="3" m="12362" /><G74/><T80/><D30/><N who="1" m="17679" /><E72/><V53/><F66/><W40/><G67/><T82/><D64/><U2/><E2/><V134/><F134/><W36/><G103/><T129/><D129/><U41/><E41/><V132/><F132/><W126/><G126/><T102/><D102/><U26/><E48/><V133/><F133/><W96/><G96/><AGARI ba="1,1" hai="17,23,26,76,77,87,90,93,96,97,98" m="17679" machi="96" ten="30,3900,0" yaku="8,1,52,2" doraHai="18" who="1" fromWho="3" sc="235,0,251,52,239,0,265,-42" /><INIT seed="3,0,0,5,3,63" ten="235,303,239,223" oya="3" hai0="23,20,89,47,0,133,25,112,101,90,38,81,106" hai1="83,24,26,87,61,48,16,68,4,113,43,42,119" hai2="41,69,128,129,99,30,6,75,31,131,71,121,107" hai3="109,127,84,125,117,70,135,79,53,51,103,50,17"/><W39/><G117/><T111/><D0/><U1/><E113/><V27/><F31/><W98/><G39/><T54/><D112/><U10/><E119/><V96/><F75/><W15/><G135/><T5/><D5/><U108/><E108/><V126/><F6/><W46/><G70/><T104/><D111/><U78/><E48/><V105/><F41/><W95/><G109/><T85/><D133/><U35/><E26/><V130/><N who="2" m="32768" /><DORA hai="91" /><V36/><F36/><W55/><G84/><T73/><D73/><U57/><E68/><N who="2" m="26187" /><F126/><W132/><G79/><T59/><D38/><U8/><E35/><N who="2" m="20959" /><F121/><W32/><G32/><T64/><D25/><U19/><E24/><V116/><F116/><W62/><G62/><T45/><D45/><U134/><E134/><V123/><F123/><W74/><G74/><T114/><D47/><U77/><E4/><V80/><F80/><W3/><G132/><T102/><D81/><N who="1" m="47535" /><E19/><V97/><AGARI ba="0,0" hai="96,97,99,105,107" m="20959,26187,32768" machi="97" ten="70,2400,0" yaku="19,1" doraHai="63,91" who="2" fromWho="2" sc="235,-6,303,-6,239,24,223,-12" /><INIT seed="4,0,0,5,3,98" ten="229,297,263,211" oya="0" hai0="124,64,47,11,107,122,28,55,90,80,49,133,46" hai1="39,32,45,9,40,85,20,96,14,126,62,4,63" hai2="121,76,26,61,92,117,134,21,33,38,101,69,73" hai3="23,54,50,13,51,112,94,114,110,116,43,37,22"/><T108/><D122/><U130/><E126/><V16/><F121/><W125/><G116/><T111/><D124/><U48/><E32/><V57/><F117/><W15/><G125/><T18/><D133/><U109/><E109/><N who="0" m="42057" /><D64/><U71/><E130/><V10/><F69/><W3/><G3/><T97/><D28/><U70/><E70/><V113/><F38/><W52/><G110/><T66/><D66/><U65/><E63/><V127/><F33/><W7/><G94/><N who="0" m="56535" /><D80/><U129/><E129/><V41/><F134/><W0/><G0/><T132/><D132/><U100/><E85/><V75/><F127/><W2/><G2/><T19/><D107/><U17/><E39/><V123/><F123/><W53/><G37/><T106/><D106/><U95/><REACH who="1" step="1"/><E20/><REACH who="1" ten="229,287,263,211" step="2"/><V68/><F21/><W89/><G22/><T30/><D11/><U102/><E102/><V44/><F101/><W24/><G23/><T93/><D49/><U104/><E104/><V82/><F10/><W118/><G50/><T5/><D30/><U60/><E60/><V86/><F61/><W79/><G51/><T103/><D103/><U59/><E59/><V58/><F58/><W119/><G119/><T6/><D47/><U81/><E81/><V99/><F44/><W77/><G118/><T12/><D46/><U91/><E91/><V67/><F57/><W27/><G89/><T31/><D31/><U35/><E35/><V42/><F68/><W8/><G8/><T78/><D93/><U84/><E84/><V115/><F92/><W1/><G24/><T29/><D29/><U131/><E131/><RYUUKYOKU ba="0,1" sc="229,-10,287,30,263,-10,211,-10" hai1="4,9,14,17,40,45,48,62,65,71,95,96,100" /><INIT seed="5,1,1,4,0,56" ten="219,317,253,201" oya="1" hai0="43,11,105,134,122,58,51,71,65,23,115,44,38" hai1="96,25,135,8,2,77,40,111,53,19,100,112,89" hai2="93,41,108,35,31,61,127,59,55,49,42,90,131" hai3="73,54,4,130,88,69,21,48,99,36,28,79,34"/><U121/><E121/><V81/><F108/><W94/><G36/><T13/><D122/><U85/><E111/><V50/><F131/><W12/><G69/><T119/><D119/><U27/><E112/><V63/><F127/><W76/><G130/><T117/><D117/><U26/><E40/><V47/><F35/><W67/><G34/><T68/><D115/><U86/><E77/><N who="3" m="29770" /><G73/><T126/><D126/><U10/><E135/><V129/><F129/><W82/><G82/><T104/><D134/><U116/><E116/><V52/><F31/><W107/><G107/><T18/><D68/><U124/><E19/><V125/><F81/><W14/><G67/><T9/><D9/><U7/><E10/><V118/><F118/><W110/><G110/><T20/><D20/><U133/><E133/><V114/><F125/><W92/><G92/><T101/><D23/><U33/><E124/><V64/><F114/><W15/><G4/><T97/><D104/><U3/><E3/><V62/><F64/><W0/><G0/><T75/><D75/><U32/><E32/><V132/><F132/><W1/><G1/><T98/><D71/><U95/><E33/><V128/><F128/><W16/><G28/><T113/><D113/><U102/><E86/><AGARI ba="1,1" hai="41,42,47,49,50,52,55,59,61,62,63,86,90,93" machi="86" ten="40,8000,1" yaku="8,1,52,3,54,1" doraHai="56" who="2" fromWho="1" sc="219,0,317,-83,253,93,201,0" /><INIT seed="6,0,0,4,5,114" ten="219,234,346,201" oya="2" hai0="113,108,40,121,6,66,0,46,125,119,34,76,95" hai1="90,63,111,10,104,65,106,133,67,52,33,87,72" hai2="32,22,31,93,81,8,86,61,45,36,89,82,15" hai3="92,122,126,96,69,118,131,53,123,11,3,78,30"/><V14/><F32/><W127/><G69/><T26/><D108/><U24/><E111/><V75/><F75/><W9/><G30/><N who="0" m="19799" /><D121/><N who="3" m="46089" /><G53/><T55/><D66/><U64/><E72/><V74/><F74/><W102/><G3/><T38/><D95/><U43/><E43/><V99/><F81/><W21/><G21/><T71/><D71/><U44/><E10/><V56/><F36/><W60/><G60/><T25/><D76/><U130/><E63/><V12/><F45/><W47/><G47/><T83/><D83/><U41/><E52/><N who="2" m="33927" /><F31/><W68/><G68/><T105/><D25/><U17/><E24/><V59/><F22/><W94/><G9/><N who="0" m="2247" /><D105/><U101/><E104/><V51/><F51/><W5/><G11/><T134/><D55/><U29/><E106/><V57/><F8/><W80/><G5/><T7/><D7/><U50/><E33/><V112/><F112/><W128/><G92/><T49/><D113/><U132/><E29/><V37/><F37/><W129/><G118/><T77/><D119/><U84/><E44/><V135/><F135/><W116/><G116/><T54/><D134/><U117/><E117/><V124/><F124/><W42/><G42/><T19/><D125/><U2/><E41/><V100/><AGARI ba="0,0" hai="12,14,15,57,59,82,86,89,93,99,100" m="33927" machi="100" ten="30,3000,0" yaku="8,1,54,1" doraHai="114" who="2" fromWho="2" sc="219,-10,234,-10,346,30,201,-10" /><INIT seed="6,1,0,5,3,66" ten="209,224,376,191" oya="2" hai0="135,61,65,8,16,92,33,104,29,120,127,128,85" hai1="42,22,115,15,25,119,98,124,84,116,12,77,97" hai2="89,134,47,74,118,17,6,102,130,96,38,70,40" hai3="93,37,31,20,90,57,39,105,67,88,60,81,78"/><V76/><F118/><W107/><G107/><T75/><D120/><U117/><E115/><V24/><F70/><W110/><G110/><T59/><D75/><U121/><E121/><V114/><F89/><W132/><G132/><T13/><D104/><U126/><E42/><V9/><F114/><W99/><G105/><T32/><D135/><U2/><E2/><V7/><F130/><W54/><G90/><T28/><D128/><U14/><E84/><V58/><F58/><W113/><G113/><T46/><D127/><N who="1" m="48683" /><E77/><V95/><F134/><W53/><G37/><T51/><D33/><U94/><E94/><V64/><F64/><W21/><G39/><T45/><D32/><U44/><E44/><N who="0" m="17001" /><D51/><U72/><E72/><V36/><F36/><W63/><G31/><AGARI ba="1,0" hai="12,14,15,22,25,31,97,98,116,117,119" m="48683" machi="31" ten="40,1300,0" yaku="18,1" doraHai="66" who="1" fromWho="3" sc="209,0,224,16,376,0,191,-16" /><INIT seed="7,0,0,3,2,94" ten="209,240,376,175" oya="3" hai0="112,90,83,73,74,49,72,12,92,126,41,33,63" hai1="45,11,59,14,130,31,66,71,32,96,102,69,131" hai2="65,21,87,28,54,34,43,46,57,1,104,99,70" hai3="42,60,5,2,36,62,118,82,110,81,19,107,10"/><W76/><G107/><T98/><D33/><U123/><E123/><V27/><F1/><W116/><G110/><T132/><D132/><U95/><E45/><V13/><F70/><W52/><G19/><T55/><D126/><U67/><E32/><V37/><F65/><N who="1" m="24585" /><E59/><V111/><F87/><W103/><G103/><T68/><D112/><U122/><E31/><V97/><F104/><W109/><G109/><T9/><D68/><U128/><E122/><V124/><F124/><W38/><G82/><T77/><D63/><U40/><E40/><V129/><F129/><W25/><G25/><T61/><D61/><U78/><E78/><V88/><F88/><W26/><G26/><T79/><D41/><U64/><N who="1" m="24593" /><U84/><DORA hai="114" /><E84/><V58/><F58/><N who="3" m="34887" /><G62/><T17/><D79/><U30/><E30/><V86/><F111/><W8/><G8/><T24/><D24/><U121/><E121/><V134/><F134/><W105/><G105/><T0/><D0/><U29/><E29/><V22/><F34/><W101/><G101/><T6/><D17/><AGARI ba="0,0" hai="11,14,17,69,71,95,96,102,128,130,131" m="24593" machi="17" ten="40,2600,0" yaku="19,1,52,1" doraHai="94,114" who="1" fromWho="0" sc="209,-26,240,26,376,0,175,0" owari="183,-22.0,266,7.0,376,47.0,175,-32.0" /></mjloggm>