<mjloggm ver="2.3"><GO type="169" lobby="0"/><UN n0="%E3%81%8B%E3%82%8A%E3%82%93%E3%81%95%E3%82%93" n1="%E3%82%82%E3%82%8A%E3%81%96%E3%81%AD" n2="%E8%A5%BF%E5%B2%A1%E8%82%B2%E6%9C%AA%E2%99%AA" n3="%E3%81%99%E3%81%B1%E3%81%95%E3%81%B6" dan="18,16,16,17" rate="2205.88,2144.60,2118.48,2192.80" sx="M,M,F,M"/><TAIKYOKU oya="0"/><INIT seed="0,0,0,1,3,42" ten="250,250,250,250" oya="0" hai0="35,63,81,10,128,131,118,49,62,12,110,104,71" hai1="48,126,58,32,96,44,80,125,130,88,39,78,0" hai2="119,56,95,108,83,133,3,134,11,34,89,94,74" hai3="50,16,28,8,54,20,102,69,93,25,61,100,38"/><T24/><D118/><U18/><E0/><V97/><F34/><W64/><G38/><T60/><D104/><U67/><E32/><V31/><F31/><W91/><G8/><T129/><D110/><U14/><E130/><V41/><F119/><W116/><G28/><N who="0" m="19847" /><D81/><U15/><E39/><V30/><F30/><W82/><G82/><T120/><D120/><U4/><E4/><N who="2" m="1439" /><F108/><W1/><G1/><T29/><D29/><U21/><E14/><V47/><F56/><W103/><G116/><T51/><D71/><U86/><E67/><V40/><F95/><W68/><G68/><T123/><D123/><U73/><E96/><V26/><F26/><W106/><G106/><T7/><AGARI ba="0,0" hai="7,10,12,49,51,60,62,63,128,129,131" m="19847" machi="7" ten="40,2100,0" yaku="19,1" doraHai="42" who="0" fromWho="0" sc="250,21,250,-7,250,-7,250,-7" /><INIT seed="0,1,0,2,5,123" ten="271,243,243,243" oya="0" hai0="66,26,47,55,102,82,125,48,39,23,106,86,38" hai1="89,72,76,41,17,78,115,7,109,90,120,54,19" hai2="13,75,73,67,6,3,85,32,88,45,118,61,103" hai3="8,121,53,25,130,117,34,59,36,0,56,37,92"/><T15/><D125/><U80/><E120/><V83/><F118/><W68/><G68/><T112/><D112/><U93/><E7/><V44/><F32/><W134/><G121/><T70/><D70/><U135/><E41/><V42/><F3/><W129/><G117/><T105/><D66/><U16/><E115/><V119/><F119/><W18/><G134/><T57/><D15/><U107/><E135/><V97/><F6/><N who="3" m="1095" /><G92/><T51/><D39/><U104/><E76/><V65/><F44/><W52/><G53/><T71/><D38/><U2/><E2/><V9/><F9/><W74/><G56/><T64/><D71/><U31/><E31/><V21/><F21/><N who="3" m="13495" /><G74/><T110/><D64/><U30/><E30/><V33/><F33/><W22/><G22/><T114/><D114/><U29/><E29/><V96/><F96/><W133/><G34/><T131/><D57/><U5/><E5/><V10/><F65/><W50/><G133/><T20/><D55/><U4/><E4/><V24/><F24/><W11/><G11/><T95/><D26/><U1/><E1/><V28/><F28/><W40/><G40/><T100/><D47/><U116/><E19/><V27/><F27/><W60/><G60/><T124/><D23/><U81/><E17/><N who="2" m="8375" /><F61/><W79/><G79/><T49/><D20/><U122/><E16/><V12/><F12/><W94/><G94/><T84/><D95/><U127/><E122/><V69/><F67/><W111/><G111/><T62/><D110/><U99/><E109/><V132/><F132/><W98/><G98/><N who="0" m="61591" /><D62/><U128/><E116/><RYUUKYOKU ba="1,0" sc="271,-10,243,-10,243,-10,243,30" hai3="36,37,50,52,59,129,130" /><INIT seed="1,2,0,0,4,107" ten="261,233,233,273" oya="1" hai0="8,53,129,118,17,45,111,58,71,56,67,25,5" hai1="20,19,29,51,38,126,66,24,127,110,102,128,50" hai2="63,35,43,86,84,61,108,72,59,27,2,91,54" hai3="48,1,21,74,115,47,15,12,42,57,130,26,55"/><U114/><E114/><V3/><F108/><W75/><G1/><T134/><D118/><U31/><E38/><V131/><F131/><W36/><G115/><T60/><D111/><U135/><E110/><V70/><F72/><W32/><G130/><T89/><D129/><U99/><E128/><V30/><F43/><W7/><G32/><T120/><D120/><U10/><E66/><V112/><F112/><W104/><G104/><T105/><D105/><U6/><E135/><V9/><F70/><W28/><REACH who="3" step="1"/><G15/><REACH who="3" ten="261,233,233,263" step="2"/><T92/><D134/><U96/><E126/><V82/><F2/><W83/><G83/><T62/><D71/><U125/><E125/><V37/><F3/><W73/><G73/><T116/><D116/><U113/><E113/><V101/><F82/><W69/><G69/><T22/><D45/><U34/><E127/><V65/><F35/><W121/><G121/><T64/><D5/><U85/><E34/><V0/><F0/><W23/><G23/><T119/><D119/><U44/><E44/><V68/><F68/><W18/><G18/><T76/><D8/><AGARI ba="2,1" hai="7,8,12,21,26,28,36,42,47,48,55,57,74,75" machi="8" ten="40,5200,0" yaku="1,1,52,2,53,0" doraHai="107" doraHaiUra="93" who="3" fromWho="0" sc="261,-58,233,0,233,0,263,68" /><INIT seed="2,0,0,1,5,58" ten="203,233,233,331" oya="2" hai0="77,88,122,130,42,87,79,95,61,22,21,110,92" hai1="28,108,29,70,106,44,107,89,59,116,11,55,117" hai2="45,101,34,82,38,114,71,135,104,16,75,41,36" hai3="10,33,72,18,3,99,30,118,40,2,25,128,90"/><V123/><F114/><W102/><G118/><T5/><D122/><U52/><E59/><V48/><F123/><W19/><G72/><T50/><D130/><U9/><E44/><V32/><F71/><W15/><G40/><T67/><D110/><U56/><E56/><V63/><F135/><W65/><G90/><T98/><D5/><U62/><E89/><V17/><F104/><W76/><G76/><T39/><D39/><U64/><E64/><V129/><F129/><W24/><G65/><T132/><D132/><U91/><E91/><V43/><F101/><W121/><G121/><T7/><D7/><U68/><E108/><V4/><F4/><W81/><G81/><T31/><D31/><U23/><E23/><N who="0" m="8713" /><D67/><U126/><REACH who="1" step="1"/><E126/><REACH who="1" ten="203,223,233,331" step="2"/><V6/><F45/><W0/><G128/><T133/><D133/><U66/><E66/><V12/><F82/><W57/><G57/><T8/><D77/><U74/><E74/><V1/><F75/><W97/><G102/><N who="0" m="60743" /><D79/><U111/><E111/><V134/><F134/><W103/><G103/><T109/><D109/><U69/><E69/><V84/><F38/><W80/><G80/><T37/><D37/><U115/><E115/><V131/><F36/><W53/><G53/><T113/><D113/><U14/><E14/><V86/><F12/><W93/><G15/><T119/><D88/><U46/><E46/><V47/><F47/><W35/><G97/><T54/><D54/><U51/><E51/><V120/><F120/><W49/><G99/><T94/><D50/><U127/><E127/><V26/><F131/><W78/><G49/><RYUUKYOKU ba="0,1" sc="203,-10,223,30,233,-10,331,-10" hai1="9,11,28,29,52,55,62,68,70,106,107,116,117" /><INIT seed="3,1,1,4,3,17" ten="193,253,223,321" oya="3" hai0="102,60,27,58,66,63,99,106,26,4,98,36,57" hai1="91,48,94,92,41,109,11,29,20,116,0,101,87" hai2="131,115,45,130,50,75,73,31,46,85,76,15,68" hai3="34,96,125,82,37,117,114,44,123,135,28,122,93"/><W62/><G114/><T42/><D4/><U19/><E109/><V25/><F68/><W9/><G117/><T129/><D129/><N who="2" m="49162" /><F115/><W35/><G9/><T128/><D128/><U14/><E116/><V52/><F15/><W110/><G82/><T47/><REACH who="0" step="1"/><D99/><REACH who="0" ten="183,253,223,321" step="2"/><U112/><E112/><V88/><F76/><W133/><G96/><T8/><D8/><U121/><E121/><V86/><F85/><W72/><G123/><T13/><D13/><U77/><E77/><V113/><F113/><W23/><G122/><T134/><D134/><U104/><E0/><V39/><F75/><W69/><G72/><T95/><D95/><N who="1" m="54783" /><E104/><V100/><F73/><W124/><G93/><T89/><D89/><U54/><E101/><V6/><F100/><W3/><G3/><T64/><AGARI ba="1,2" hai="26,27,36,42,47,57,58,60,63,64,66,98,102,106" machi="64" ten="20,5200,0" yaku="1,1,0,1,7,1,9,1,53,0" doraHai="17" doraHaiUra="18" who="0" fromWho="0" sc="183,75,253,-14,223,-14,321,-27" /><INIT seed="4,0,0,2,2,53" ten="258,239,209,294" oya="0" hai0="80,22,101,40,25,34,92,76,120,35,73,112,87" hai1="62,95,59,86,105,122,36,7,39,128,49,10,94" hai2="63,109,123,102,43,1,3,9,11,114,32,16,12" hai3="17,108,56,81,100,65,75,131,83,117,107,5,96"/><T57/><D120/><U121/><E105/><V42/><F123/><W61/><G108/><T6/><D112/><U69/><E128/><V8/><F109/><W99/><G117/><T119/><D119/><U45/><E121/><V67/><F32/><W93/><G5/><T14/><D40/><U18/><E122/><V103/><F114/><W89/><G75/><T71/><D71/><U116/><E116/><V28/><F28/><W111/><G111/><T38/><D38/><U68/><E18/><V31/><F31/><W74/><G74/><T115/><D115/><U30/><E30/><V77/><F77/><W118/><G118/><T130/><D130/><U85/><E69/><V50/><F1/><W47/><G131/><T15/><D6/><U126/><E126/><V132/><F132/><W125/><G125/><T97/><D34/><U133/><E133/><V2/><F2/><W48/><REACH who="3" step="1"/><G17/><REACH who="3" ten="258,239,209,284" step="2"/><N who="0" m="12495" /><D73/><U55/><E39/><V20/><F3/><W88/><G88/><N who="0" m="55431" /><D35/><U135/><E36/><V58/><F42/><AGARI ba="0,1" hai="42,47,48,56,61,65,81,83,89,93,96,99,100,107" machi="42" ten="30,3900,0" yaku="1,1,7,1,52,1,53,0" doraHai="53" doraHaiUra="19" who="3" fromWho="2" sc="258,0,239,0,209,-39,284,49" /><INIT seed="5,0,0,0,3,131" ten="258,239,170,333" oya="1" hai0="32,82,120,69,89,87,127,26,85,20,58,18,13" hai1="102,83,73,39,72,101,6,92,29,53,81,94,1" hai2="8,24,22,11,71,5,115,15,40,77,33,123,44" hai3="46,95,62,12,111,79,121,42,118,129,52,78,47"/><U113/><E39/><V126/><F123/><W66/><G121/><T75/><D69/><U116/><E29/><V117/><F117/><W35/><G111/><T34/><D120/><U45/><E1/><V99/><F71/><W43/><G35/><T74/><D127/><U50/><E6/><V109/><F109/><W25/><G25/><T14/><D32/><U98/><E116/><V16/><F126/><W51/><G129/><T37/><D37/><U114/><E50/><V122/><F122/><W100/><G12/><T59/><D34/><U70/><E70/><V10/><F115/><N who="1" m="44041" /><E53/><V88/><F77/><W64/><G52/><T90/><D74/><N who="1" m="28779" /><E45/><V9/><F33/><W19/><G51/><T57/><REACH who="0" step="1"/><D75/><REACH who="0" ten="248,239,170,333" step="2"/><U124/><E124/><V104/><F104/><W68/><G118/><T133/><D133/><U97/><AGARI ba="0,1" hai="81,83,92,94,97,98,101,102" m="28779,44041" machi="97" ten="40,7800,0" yaku="15,1,34,2" doraHai="131" who="1" fromWho="1" sc="248,-26,239,88,170,-26,333,-26" /><INIT seed="5,1,0,5,4,4" ten="222,327,144,307" oya="1" hai0="112,60,130,52,46,126,88,39,66,96,18,58,41" hai1="35,7,110,61,55,85,43,34,24,40,107,49,23" hai2="109,50,120,68,73,123,31,22,95,64,30,124,75" hai3="89,11,84,77,72,0,42,115,21,116,128,51,105"/><U26/><E107/><V106/><F106/><W121/><G121/><T27/><D112/><U114/><E114/><V101/><F68/><W53/><G115/><T82/><D130/><U119/><E119/><V45/><F109/><W92/><G128/><T12/><D126/><U134/><E110/><V99/><F124/><W62/><G105/><T19/><D27/><U57/><E134/><V38/><F38/><W37/><G62/><T108/><D108/><U8/><E34/><V16/><F64/><W122/><G21/><T29/><D29/><U9/><E7/><V3/><F3/><W78/><G72/><T87/><D96/><U63/><E26/><V100/><F100/><W54/><G54/><T113/><D113/><U133/><E133/><V70/><F70/><W90/><G42/><N who="1" m="15914" /><E85/><V132/><F132/><W118/><G37/><T83/><D83/><U20/><E20/><V48/><F75/><W2/><G122/><T25/><D25/><U36/><E36/><V81/><F120/><W69/><G69/><T94/><D82/><U91/><E91/><V125/><F125/><W67/><G90/><T15/><D66/><N who="1" m="39215" /><E63/><V74/><F74/><W17/><G2/><T117/><D117/><N who="3" m="45161" /><G0/><T47/><D47/><N who="1" m="28095" /><E35/><V86/><F73/><W32/><G32/><T1/><D1/><U93/><E93/><V129/><F129/><W14/><G67/><T98/><D87/><U56/><E56/><AGARI ba="1,0" hai="11,14,17,51,53,56,77,78,84,89,92" m="45161" machi="56" ten="30,2000,0" yaku="12,1,52,1" doraHai="4" who="3" fromWho="1" sc="222,0,327,-23,144,0,307,23" /><INIT seed="6,0,0,1,5,6" ten="222,304,144,330" oya="2" hai0="90,97,93,1,9,126,5,73,135,107,55,114,28" hai1="86,109,66,54,79,80,110,35,108,95,16,36,130" hai2="76,33,58,65,125,21,129,34,111,23,131,72,91" hai3="41,99,127,119,31,27,29,4,62,84,2,49,0"/><V13/><F72/><W26/><G119/><T38/><D114/><U10/><E35/><N who="2" m="13323" /><F76/><W101/><G62/><T60/><D38/><U112/><E36/><V22/><F91/><W61/><G61/><T14/><D73/><U42/><E112/><V43/><F43/><W122/><G84/><T12/><D107/><U116/><E116/><V96/><F96/><W7/><G49/><T51/><D28/><U47/><E42/><V78/><F78/><W85/><G85/><T113/><D113/><U32/><E32/><V17/><F111/><W81/><G101/><T8/><D135/><U94/><E66/><V120/><F120/><W89/><G99/><T128/><D1/><U82/><E82/><V75/><F75/><W63/><G63/><T46/><D60/><U83/><E83/><V70/><F58/><W133/><G81/><T102/><D126/><U64/><E64/><V87/><F87/><W45/><G41/><T24/><D24/><U100/><E100/><V25/><F65/><W77/><G127/><T3/><D102/><U52/><E54/><V11/><F70/><W53/><G77/><T50/><D51/><N who="1" m="28799" /><E94/><V115/><F125/><W132/><G122/><T68/><D68/><U67/><E95/><V37/><F115/><W124/><G124/><T56/><D46/><U19/><E67/><V59/><F59/><W88/><G45/><T98/><D98/><U20/><E108/><V57/><F57/><W40/><G40/><T105/><D56/><U103/><E109/><V30/><F37/><W106/><G53/><T104/><D55/><U118/><E110/><RYUUKYOKU ba="0,0" sc="222,-15,304,-15,144,15,330,15" hai2="11,13,17,21,22,23,25,30,129,131" hai3="0,2,4,7,26,27,29,31,88,89,106,132,133" /><INIT seed="6,1,0,3,3,104" ten="207,289,159,345" oya="2" hai0="24,131,56,6,107,50,79,8,52,117,109,114,46" hai1="67,11,58,27,133,29,84,21,135,32,34,38,2" hai2="81,106,108,39,30,72,113,80,121,7,91,42,17" hai3="101,45,86,1,97,20,37,77,63,110,33,53,115"/><V5/><F106/><W119/><G110/><T89/><D109/><U9/><E38/><V48/><F39/><W54/><G33/><N who="1" m="12906" /><E84/><N who="2" m="50567" /><F108/><W16/><G115/><T93/><D107/><U92/><E92/><V3/><F3/><W82/><G119/><T64/><D114/><U99/><E99/><V122/><F30/><W130/><G130/><T125/><D131/><U23/><E2/><V28/><F28/><W83/><G1/><T112/><D112/><U70/><E70/><V13/><F72/><W44/><G82/><T126/><D79/><U116/><E116/><V75/><F75/><W74/><G74/><T134/><D117/><U59/><E67/><V129/><F129/><W85/><G85/><T18/><D64/><U35/><E58/><V10/><F113/><W49/><G37/><T55/><D56/><U120/><E59/><V100/><F122/><W43/><G45/><T14/><D55/><U4/><E120/><V68/><F68/><W51/><G54/><T111/><D111/><U132/><E4/><N who="2" m="1611" /><F100/><W90/><G101/><T40/><D46/><U102/><E102/><V62/><F121/><W66/><G77/><T95/><D89/><U76/><E76/><V87/><F62/><W128/><G63/><T61/><D61/><U88/><E88/><N who="2" m="51311" /><F48/><W12/><G128/><T71/><D50/><U41/><E41/><AGARI ba="1,0" hai="10,13,17,41,42" m="51311,1611,50567" machi="41" ten="30,2900,0" yaku="8,1,54,1" doraHai="104" who="2" fromWho="1" sc="207,0,289,-32,159,32,345,0" /><INIT seed="6,2,0,4,4,86" ten="207,257,191,345" oya="2" hai0="80,11,105,70,0,129,78,75,132,98,64,135,115" hai1="83,42,67,122,40,85,125,25,62,57,79,112,107" hai2="10,99,41,95,68,51,63,89,133,23,60,17,5" hai3="87,71,93,14,84,91,8,44,22,2,103,48,81"/><V49/><F133/><N who="0" m="51274" /><D115/><U131/><E107/><V90/><F68/><W119/><G119/><T97/><D129/><U20/><E112/><V53/><F41/><W77/><G2/><T124/><D124/><U72/><E131/><V94/><F10/><W92/><G22/><T36/><D36/><U38/><E125/><V58/><F5/><W65/><G65/><T128/><D105/><U16/><E38/><V1/><F1/><W29/><G29/><T35/><D35/><U9/><E122/><V52/><F17/><W21/><G21/><T56/><D70/><U106/><E106/><V88/><F23/><W18/><G71/><T66/><D128/><U111/><E111/><V33/><F33/><W24/><G24/><T27/><D27/><U6/><E72/><V32/><F32/><W13/><G13/><AGARI ba="2,0" hai="6,9,13,16,20,25,40,42,57,62,67,79,83,85" machi="13" ten="30,3900,0" yaku="7,1,8,1,54,1" doraHai="86" who="1" fromWho="3" sc="207,0,257,45,191,0,345,-45" /><INIT seed="7,0,0,2,1,119" ten="207,302,191,300" oya="3" hai0="22,130,94,8,87,18,44,15,28,0,11,26,59" hai1="29,85,88,116,73,61,132,53,62,13,2,5,21" hai2="80,41,68,14,38,126,93,95,121,70,96,42,84" hai3="43,117,19,90,49,7,66,16,46,111,86,112,120"/><W67/><G120/><T89/><D130/><U50/><E73/><V64/><F38/><W125/><G117/><T135/><D135/><U97/><E2/><V55/><F126/><W75/><G75/><T115/><D115/><U109/><E109/><V56/><F68/><W58/><G125/><T10/><D44/><N who="1" m="27847" /><E132/><V114/><F114/><W23/><G112/><T57/><REACH who="0" step="1"/><D0/><REACH who="0" ten="197,302,191,300" step="2"/><U110/><E110/><V6/><F121/><W113/><G113/><T60/><D60/><U131/><E131/><V101/><F70/><W33/><G111/><T1/><D1/><U102/><E116/><V124/><F124/><W83/><G33/><AGARI ba="0,1" hai="8,10,11,15,18,22,26,28,33,57,59,87,89,94" machi="33" ten="40,2600,0" yaku="1,1,53,1" doraHai="119" doraHaiUra="82" who="0" fromWho="3" sc="197,36,302,0,191,0,300,-26" owari="233,-17.0,302,41.0,191,-31.0,274,7.0" /></mjloggm>