<mjloggm ver="2.3"><GO type="169" lobby="0"/><UN n0="%64%61%6E%6E%63%68%69" n1="%E8%BC%9D%E5%A4%9C%E6%9C%88" n2="%E3%81%B5%E3%81%98%E3%81%8B%E3%81%A4" n3="%E5%90%8D%E5%89%8D%E6%9C%AA%E5%AE%9A" dan="17,17,16,17" rate="2157.39,2235.15,2185.61,2132.33" sx="M,F,M,M"/><TAIKYOKU oya="0"/><INIT seed="0,0,0,3,0,47" ten="250,250,250,250" oya="0" hai0="8,54,113,32,49,18,38,4,5,130,1,25,41" hai1="51,35,101,14,19,109,111,39,62,15,67,116,80" hai2="75,64,30,11,115,58,118,33,7,61,124,105,127" hai3="72,131,56,97,133,74,79,29,86,42,63,135,77"/><T43/><D113/><U95/><E39/><V37/><F115/><W110/><G110/><T13/><D130/><U73/><E35/><V88/><F75/><W57/><G29/><T16/><D38/><U84/><E116/><V70/><F105/><W6/><G6/><N who="0" m="2667" /><D32/><U102/><E73/><N who="3" m="28266" /><G131/><T28/><D28/><U45/><E95/><V119/><F37/><W125/><G125/><N who="2" m="48201" /><F30/><W44/><G97/><T132/><D132/><N who="3" m="50761" /><G86/><T50/><D1/><U20/><E14/><N who="2" m="5503" /><F33/><W98/><G98/><T23/><D54/><U104/><E104/><V59/><F88/><W114/><G114/><T123/><D123/><U65/><E111/><V96/><F96/><W55/><G57/><AGARI ba="0,0" hai="57,58,59,61,64,70,118,119" m="5503,48201" machi="57" ten="30,1000,0" yaku="18,1" doraHai="47" who="2" fromWho="3" sc="250,0,250,0,250,10,250,-10" /><INIT seed="1,0,0,5,0,19" ten="250,250,260,240" oya="1" hai0="41,57,131,117,65,90,103,64,55,81,89,0,52" hai1="34,29,120,82,116,36,1,53,17,23,102,93,70" hai2="133,25,85,69,72,105,121,4,106,35,114,118,104" hai3="130,28,24,122,66,60,18,87,61,39,101,5,62"/><U126/><E116/><V76/><F4/><W45/><G122/><T86/><D117/><U49/><E120/><V27/><F25/><W74/><G74/><T30/><D0/><U71/><E36/><V80/><F35/><W48/><G39/><T95/><D131/><U59/><E1/><V107/><F69/><W119/><G130/><T50/><D41/><U44/><E126/><V123/><F27/><W94/><G5/><T75/><D103/><U112/><E112/><V15/><F15/><W68/><G18/><T42/><D42/><U67/><E34/><V3/><F3/><W109/><G109/><T11/><D30/><U22/><E29/><V8/><F8/><W127/><G127/><T92/><D11/><U9/><E71/><V100/><F118/><W134/><G134/><T91/><D75/><U13/><E70/><V97/><F114/><W20/><G119/><T10/><D10/><U77/><E102/><V31/><F31/><W83/><G94/><N who="0" m="35883" /><D55/><U16/><E93/><V79/><F133/><W129/><G101/><T14/><D14/><U78/><E82/><AGARI ba="0,0" hai="72,76,79,80,82,85,97,100,104,105,106,107,121,123" machi="82" ten="40,5200,0" yaku="34,3" doraHai="19" who="2" fromWho="1" sc="250,0,250,-52,260,52,240,0" /><INIT seed="2,0,0,0,3,99" ten="250,198,312,240" oya="2" hai0="30,85,15,3,34,83,89,84,107,113,27,28,134" hai1="19,60,49,95,54,44,87,127,125,68,11,118,111" hai2="96,88,70,4,80,102,75,66,71,114,123,92,18" hai3="116,61,38,115,5,46,72,16,105,67,119,8,12"/><V2/><F123/><W57/><G115/><T90/><D3/><U121/><E118/><V109/><F114/><W108/><G108/><T98/><D113/><U126/><E111/><V91/><F109/><W94/><G105/><T39/><D39/><U10/><E121/><V74/><F2/><W120/><G72/><T14/><D134/><U73/><E73/><V56/><F4/><W86/><G120/><T53/><D30/><U117/><E117/><V45/><F45/><W78/><G5/><T79/><D53/><U21/><E68/><V82/><F18/><W103/><G78/><T35/><D35/><U65/><E65/><V40/><F40/><W1/><G1/><T59/><D59/><U122/><E60/><N who="2" m="38151" /><F71/><W43/><REACH who="3" step="1"/><G86/><REACH who="3" ten="250,198,312,230" step="2"/><T51/><D79/><U26/><E122/><V37/><F74/><W97/><AGARI ba="0,1" hai="8,12,16,38,43,46,57,61,67,94,97,103,116,119" machi="97" ten="30,12000,2" yaku="1,1,2,1,0,1,52,1,54,1,53,1" doraHai="99" doraHaiUra="52" who="3" fromWho="3" sc="250,-30,198,-30,312,-60,230,130" /><INIT seed="3,0,0,5,2,26" ten="220,168,252,360" oya="3" hai0="129,66,118,67,46,76,43,78,27,22,86,108,77" hai1="0,33,101,17,124,60,18,13,72,50,114,94,117" hai2="107,65,28,91,102,68,55,23,20,51,8,93,131" hai3="2,90,100,97,7,74,34,37,40,6,98,35,106"/><W110/><G110/><T89/><D118/><U44/><E114/><V3/><F131/><W113/><G113/><T36/><D129/><U112/><E112/><V57/><F107/><W1/><G90/><T38/><D38/><U19/><E0/><V120/><F120/><W96/><G74/><T75/><D75/><U88/><E124/><V42/><F102/><W63/><G63/><T105/><D105/><U9/><E72/><V70/><F3/><W127/><G97/><T71/><D71/><U128/><E128/><V4/><F42/><W52/><G127/><T109/><D66/><U95/><E33/><V59/><F23/><W84/><G84/><T15/><D15/><U64/><E95/><V121/><F121/><W56/><G98/><T80/><REACH who="0" step="1"/><D67/><REACH who="0" ten="210,168,252,360" step="2"/><U5/><E117/><V24/><F65/><W49/><G1/><T53/><D53/><U122/><E122/><V134/><F70/><W39/><G39/><T31/><AGARI ba="0,1" hai="22,27,31,36,43,46,76,77,78,80,86,89,108,109" machi="31" ten="30,7900,0" yaku="1,1,0,1,52,1,53,1" doraHai="26" doraHaiUra="85" who="0" fromWho="0" sc="210,89,168,-20,252,-20,360,-39" /><INIT seed="4,0,0,1,5,28" ten="299,148,232,321" oya="0" hai0="124,118,16,117,36,107,13,22,61,60,131,4,94" hai1="104,26,129,82,14,69,77,103,46,59,25,20,95" hai2="32,38,123,31,1,125,37,30,78,110,81,98,92" hai3="109,79,74,0,55,52,97,114,83,93,120,21,76"/><T34/><D107/><U8/><E69/><V108/><F123/><W132/><G109/><T63/><D36/><U115/><E104/><V49/><F1/><W6/><G120/><T112/><D112/><U80/><E129/><V106/><F106/><W58/><G114/><T44/><D131/><U12/><E115/><V75/><F125/><W45/><G79/><T41/><D124/><U35/><E46/><V67/><F30/><W11/><G132/><T39/><D4/><U72/><E35/><V130/><F130/><W48/><G21/><T84/><REACH who="0" step="1"/><D34/><REACH who="0" ten="289,148,232,321" step="2"/><U66/><E80/><V5/><F5/><W102/><REACH who="3" step="1"/><G58/><REACH who="3" ten="289,148,232,311" step="2"/><T89/><AGARI ba="0,2" hai="13,16,22,39,41,44,60,61,63,84,89,94,117,118" machi="89" ten="30,11700,0" yaku="1,1,2,1,0,1,54,1,53,0" doraHai="28" doraHaiUra="135" who="0" fromWho="0" sc="289,137,148,-39,232,-39,311,-39" /><INIT seed="4,1,0,1,4,19" ten="426,109,193,272" oya="0" hai0="34,111,36,88,56,31,18,12,28,74,89,121,46" hai1="80,45,23,114,83,103,1,63,85,60,118,41,108" hai2="115,107,133,99,128,64,48,30,14,125,132,129,100" hai3="76,134,120,109,8,47,54,130,124,102,26,20,51"/><T104/><D121/><U43/><E118/><V0/><F0/><W87/><G109/><T65/><D104/><U58/><E108/><V84/><F64/><W94/><G134/><N who="2" m="51817" /><F30/><N who="0" m="11306" /><D36/><U92/><E1/><V21/><F48/><W2/><G120/><T69/><D69/><U123/><E123/><V98/><F14/><W27/><G27/><T10/><D74/><U13/><E63/><V6/><F6/><W68/><G68/><T42/><D34/><U52/><E114/><V11/><F11/><W37/><G37/><T90/><D111/><U57/><E57/><V86/><F21/><W91/><G8/><T110/><D110/><U7/><E7/><V32/><F32/><W106/><G2/><T101/><D101/><U61/><E61/><V82/><F115/><W127/><G26/><T3/><D3/><U113/><E113/><V55/><F55/><W17/><G54/><T135/><D135/><U93/><E45/><V40/><F40/><N who="1" m="15433" /><E103/><N who="2" m="62967" /><F125/><W24/><G124/><T105/><D105/><U119/><E119/><V81/><F81/><N who="3" m="47527" /><G106/><T122/><D122/><U62/><E62/><V116/><F116/><W49/><G127/><T126/><D126/><U39/><E39/><V79/><F86/><N who="3" m="52599" /><G49/><N who="0" m="26839" /><D65/><U78/><E80/><V112/><F112/><W25/><G51/><T22/><D56/><U9/><E9/><AGARI ba="1,0" hai="9,10,12,18,22,88,89,90" m="26839,11306" machi="9" ten="30,5800,0" yaku="8,1,52,1,54,1" doraHai="19" who="0" fromWho="1" sc="426,61,109,-61,193,0,272,0" /><INIT seed="4,2,0,2,3,59" ten="487,48,193,272" oya="0" hai0="30,68,98,22,123,32,113,118,134,48,117,86,5" hai1="120,114,73,49,7,42,55,46,129,102,96,14,108" hai2="64,91,107,78,53,18,112,63,128,43,119,21,12" hai3="76,89,19,121,56,125,131,127,74,69,16,44,4"/><T88/><D68/><U50/><E120/><V110/><F110/><W132/><G69/><T10/><D32/><U67/><E108/><V3/><F119/><W15/><G121/><T70/><D70/><U36/><E73/><V93/><F112/><W72/><G132/><T84/><D123/><U105/><E114/><V54/><F128/><W65/><G131/><T115/><D134/><U124/><E129/><V17/><F107/><W6/><G44/><T8/><D115/><U0/><E0/><V24/><F3/><W25/><G89/><T23/><D113/><U27/><E124/><N who="3" m="47690" /><G25/><T33/><D33/><U80/><E27/><V100/><F43/><W87/><G19/><T66/><D66/><U101/><E67/><V38/><F38/><W13/><G87/><T97/><D5/><U103/><E36/><V77/><F100/><W39/><G39/><T126/><D126/><U104/><E104/><V109/><F109/><W90/><G90/><T58/><D30/><U47/><REACH who="1" step="1"/><E80/><REACH who="1" ten="487,38,193,272" step="2"/><V99/><F64/><W37/><G37/><T133/><D133/><U95/><E95/><V29/><F24/><W71/><G74/><T116/><D116/><U61/><E61/><V51/><F63/><N who="3" m="38119" /><G71/><T81/><D117/><U130/><E130/><V11/><F12/><W82/><G15/><T94/><D81/><U20/><E20/><AGARI ba="2,1" hai="4,6,13,16,20,72,76,82" m="38119,47690" machi="20" ten="30,3900,0" yaku="18,1,52,1,54,1" doraHai="59" who="3" fromWho="1" sc="487,0,38,-45,193,0,272,55" owari="487,59.0,-7,-51.0,193,-21.0,327,13.0" /></mjloggm>