<mjloggm ver="2.3"><GO type="169" lobby="0"/><UN n0="%E3%81%8B%E3%82%8A%E3%82%93%E3%81%95%E3%82%93" n1="%4E%65%67%69%74%6F%72%6F" n2="%E3%83%99%E3%82%B8%E2%80%95%E3%82%BF" n3="%31%74%61" dan="18,16,16,17" rate="2204.08,2142.51,2140.54,2165.72" sx="M,M,M,M"/><TAIKYOKU oya="0"/><INIT seed="0,0,0,1,4,69" ten="250,250,250,250" oya="0" hai0="22,46,30,76,7,38,9,110,49,37,120,2,128" hai1="4,35,68,17,71,101,42,29,103,61,39,112,98" hai2="70,32,47,107,84,11,105,6,48,45,16,134,31" hai3="106,41,33,24,93,116,28,135,89,132,10,40,83"/><T36/><D120/><U97/><E4/><V92/><F70/><W8/><G106/><T81/><D128/><U117/><E117/><V51/><F134/><N who="3" m="51243" /><G83/><T104/><D104/><N who="1" m="63535" /><E17/><V66/><F66/><W114/><G114/><T73/><D110/><U115/><E42/><N who="3" m="16490" /><G116/><T26/><D49/><U34/><E68/><V80/><F92/><W27/><G24/><T3/><REACH who="0" step="1"/><D46/><REACH who="0" ten="240,250,250,250" step="2"/><U57/><E112/><V111/><F51/><W52/><G52/><T99/><D99/><AGARI ba="0,1" hai="8,10,27,28,33,89,93,99" m="16490,51243" machi="99" ten="30,1000,0" yaku="20,1" doraHai="69" who="3" fromWho="0" sc="240,-10,250,0,250,0,250,20" /><INIT seed="1,0,0,4,2,70" ten="230,250,250,270" oya="1" hai0="97,57,11,73,45,65,71,15,124,62,66,9,63" hai1="13,101,91,111,53,26,17,58,132,72,49,19,29" hai2="10,23,106,89,2,3,127,90,24,50,5,104,84" hai3="27,95,12,74,119,80,129,121,21,0,34,130,108"/><U67/><E132/><V55/><F127/><W113/><G0/><T48/><D73/><U109/><E72/><V76/><F2/><W93/><G113/><T110/><D124/><U131/><E131/><N who="3" m="50186" /><G121/><T42/><D110/><N who="1" m="41995" /><E101/><V25/><F76/><N who="3" m="44055" /><G108/><T114/><D114/><U61/><E91/><V4/><F4/><W123/><G123/><T18/><D97/><U64/><E13/><V100/><F90/><W102/><G119/><T16/><REACH who="0" step="1"/><D9/><REACH who="0" ten="220,250,250,270" step="2"/><U1/><E1/><V81/><F100/><W86/><G102/><T7/><AGARI ba="0,1" hai="7,11,15,16,18,42,45,48,57,62,63,65,66,71" machi="7" ten="20,8000,1" yaku="1,1,2,1,0,1,7,1,54,1,53,0" doraHai="70" doraHaiUra="98" who="0" fromWho="0" sc="220,90,250,-40,250,-20,270,-20" /><INIT seed="2,0,0,3,1,57" ten="310,210,230,250" oya="2" hai0="12,88,128,43,51,107,17,64,48,104,4,85,6" hai1="31,67,14,114,97,52,133,116,60,103,5,68,20" hai2="22,46,38,109,96,49,112,63,110,78,129,91,1" hai3="7,111,108,23,15,29,118,102,13,86,16,44,36"/><V58/><F38/><W3/><G118/><T92/><D128/><U0/><E0/><V10/><F112/><W119/><G119/><T80/><D104/><U101/><E116/><V66/><F78/><W75/><G75/><T83/><D107/><U93/><E133/><V95/><F129/><W115/><G102/><T127/><D127/><U113/><E103/><V25/><F10/><N who="3" m="2431" /><G86/><T47/><D64/><U26/><E5/><V53/><REACH who="2" step="1"/><F1/><REACH who="2" ten="310,210,220,250" step="2"/><W81/><G115/><T19/><D6/><U28/><E113/><V34/><F34/><W2/><G2/><T117/><D117/><U130/><E114/><V90/><F90/><W18/><G36/><T74/><D4/><U32/><E130/><V69/><F69/><W41/><G111/><T100/><D100/><U126/><E126/><V77/><F77/><W56/><G108/><T27/><D74/><U35/><E35/><V106/><F106/><W125/><G125/><T94/><D88/><U21/><E32/><V54/><F54/><W134/><G134/><T99/><D43/><U8/><E52/><V105/><F105/><W87/><G41/><T65/><D65/><U55/><E55/><V9/><F9/><W61/><G23/><T123/><D123/><U30/><REACH who="1" step="1"/><E20/><REACH who="1" ten="310,200,220,250" step="2"/><V50/><F50/><W59/><G61/><T135/><D48/><U79/><E79/><V42/><F42/><W62/><G62/><T70/><D51/><U73/><E73/><V132/><F132/><W71/><G71/><T120/><D70/><U72/><E72/><V124/><F124/><W33/><G33/><T84/><D135/><RYUUKYOKU ba="0,2" sc="310,-15,200,15,220,15,250,-15" hai1="8,14,21,26,28,30,31,60,67,68,93,97,101" hai2="22,25,46,49,53,58,63,66,91,95,96,109,110" /><INIT seed="2,1,2,1,0,47" ten="295,215,235,235" oya="2" hai0="72,125,87,56,8,11,91,129,113,95,88,54,64" hai1="65,28,58,24,79,101,63,82,77,0,68,98,44" hai2="53,135,131,70,123,32,59,10,49,12,20,40,117" hai3="105,112,57,2,61,111,86,26,42,109,100,38,22"/><V114/><F117/><W52/><G2/><T124/><D72/><U6/><E68/><V13/><F32/><W66/><G112/><T4/><D113/><U73/><E77/><V116/><F116/><W30/><G86/><N who="0" m="52631" /><D64/><U108/><E108/><N who="3" m="41546" /><G66/><T50/><D4/><U41/><E6/><V71/><F114/><W94/><G105/><T62/><D129/><U102/><E98/><V14/><F123/><W45/><G94/><N who="0" m="54655" /><D62/><U128/><E0/><V18/><F131/><W80/><G80/><T35/><D35/><U37/><REACH who="1" step="1"/><E128/><REACH who="1" ten="295,205,235,235" step="2"/><V89/><F135/><W90/><G90/><T21/><D125/><U78/><E78/><V76/><F76/><W93/><G93/><T5/><D124/><U104/><E104/><V69/><F89/><W74/><G74/><T97/><D5/><U17/><E17/><V31/><F31/><W103/><AGARI ba="1,3" hai="22,26,30,38,42,45,52,57,61,100,103" m="41546" machi="103" ten="30,2000,0" yaku="14,1,54,1" doraHai="47" who="3" fromWho="3" sc="295,-6,205,-6,235,-11,235,53" /><INIT seed="3,0,0,2,4,92" ten="289,199,224,288" oya="3" hai0="109,68,81,95,12,66,67,55,2,133,13,25,51" hai1="111,21,34,28,94,19,20,90,76,11,108,52,49" hai2="15,62,5,130,54,69,79,89,45,41,77,44,53" hai3="98,14,71,33,113,36,84,78,58,112,9,4,101"/><W128/><G71/><T91/><D2/><U123/><E123/><V22/><F130/><W83/><G36/><T63/><D109/><N who="1" m="42059" /><E76/><V73/><F73/><W57/><G33/><T0/><D0/><U116/><E116/><V125/><F125/><W110/><G110/><T40/><D133/><U47/><E34/><V132/><F132/><W24/><G128/><T61/><D40/><U29/><E11/><V122/><F122/><W102/><G102/><T7/><D81/><U99/><E21/><V120/><F120/><W70/><G70/><T75/><D75/><U131/><E131/><V72/><F72/><W23/><G113/><T82/><D82/><U134/><E134/><V88/><F69/><W129/><G112/><T100/><D7/><U74/><E74/><V80/><F80/><W31/><REACH who="3" step="1"/><G129/><REACH who="3" ten="289,199,224,278" step="2"/><T37/><D100/><U107/><E107/><AGARI ba="0,1" hai="4,9,14,23,24,31,57,58,78,83,84,98,101,107" machi="107" ten="30,11600,0" yaku="1,1,2,1,7,1,52,1,53,0" doraHai="92" doraHaiUra="86" who="3" fromWho="1" sc="289,0,199,-116,224,0,278,126" /><INIT seed="3,1,0,3,1,39" ten="289,83,224,404" oya="3" hai0="67,21,38,54,128,125,47,77,59,18,52,5,113" hai1="81,124,22,29,57,121,134,98,32,1,28,51,87" hai2="135,104,15,73,93,102,25,119,95,48,14,78,10" hai3="58,92,96,76,2,4,66,82,36,35,90,31,107"/><W115/><G36/><T26/><D125/><U130/><E121/><V70/><F119/><W34/><G115/><T108/><D108/><U131/><E1/><V53/><F70/><W100/><G2/><T84/><D128/><N who="1" m="49195" /><E32/><V40/><F135/><W44/><G4/><T8/><D113/><U74/><E74/><V85/><F73/><W50/><G31/><T86/><D67/><U120/><E120/><V89/><F104/><W133/><G133/><T68/><D68/><U122/><E122/><V24/><F78/><W112/><G112/><T83/><D84/><U23/><E98/><N who="2" m="59727" /><F40/><N who="3" m="24839" /><G58/><T127/><D127/><U9/><E124/><V101/><F101/><W62/><G62/><T33/><D33/><U19/><E134/><V71/><F71/><W105/><G105/><T41/><REACH who="0" step="1"/><D59/><REACH who="0" ten="279,83,224,404" step="2"/><U132/><E57/><N who="2" m="32935" /><F14/><AGARI ba="1,1" hai="5,8,14,18,21,26,38,41,47,52,54,77,83,86" machi="14" ten="30,8000,1" yaku="1,1,7,1,52,1,54,1,53,1" doraHai="39" doraHaiUra="75" who="0" fromWho="2" sc="279,93,83,0,224,-83,404,0" /><INIT seed="4,0,0,3,1,28" ten="372,83,141,404" oya="0" hai0="1,48,58,93,83,67,132,42,120,65,50,95,8" hai1="114,104,103,134,44,109,38,0,133,112,25,49,57" hai2="9,3,6,61,96,131,73,76,126,5,113,30,71" hai3="102,116,51,75,52,17,77,45,62,101,121,118,26"/><T33/><D120/><U91/><E0/><V36/><F36/><W12/><G121/><T7/><D132/><N who="1" m="50795" /><E91/><V129/><F6/><W128/><G128/><N who="2" m="49225" /><F113/><N who="1" m="43625" /><E25/><V59/><F126/><W98/><G26/><T31/><D31/><U87/><E87/><V127/><F127/><W119/><G62/><T35/><D83/><U94/><E94/><V10/><F71/><W123/><G123/><T15/><D1/><U60/><E103/><V78/><F30/><W23/><G98/><T125/><D125/><U130/><E104/><V13/><F96/><W135/><G135/><T81/><D81/><U64/><E130/><V108/><F108/><W80/><AGARI ba="0,0" hai="12,17,23,45,51,52,75,77,80,101,102,116,118,119" machi="80" ten="40,2700,0" yaku="0,1,54,1" doraHai="28" who="3" fromWho="3" sc="372,-13,83,-7,141,-7,404,27" /><INIT seed="5,0,0,2,3,104" ten="359,76,134,431" oya="1" hai0="95,94,121,86,37,49,58,48,116,114,135,128,82" hai1="96,31,3,99,65,74,15,71,56,77,107,9,127" hai2="22,133,118,103,10,11,5,55,78,16,51,130,60" hai3="80,19,122,91,30,123,1,87,117,108,34,97,92"/><U21/><E3/><V18/><F118/><W41/><G108/><T59/><D116/><U106/><E71/><V126/><F126/><W76/><G1/><T4/><D4/><N who="1" m="3495" /><E106/><V50/><F103/><W2/><G2/><T120/><D37/><U75/><E107/><V17/><F133/><W115/><G117/><T134/><D82/><U13/><E77/><V125/><F125/><W129/><G129/><T109/><D86/><U43/><E43/><V23/><F130/><W110/><G110/><T38/><D38/><U20/><E74/><V89/><F78/><W61/><G41/><T105/><D105/><U112/><E75/><V84/><F60/><W26/><G61/><T100/><D109/><U131/><E131/><V73/><F51/><N who="0" m="19530" /><D128/><U111/><E111/><V83/><F73/><W7/><G7/><T66/><D114/><U93/><E127/><V54/><F54/><W67/><G115/><T42/><D66/><U64/><E112/><V33/><F33/><W46/><G67/><N who="1" m="25674" /><E56/><N who="0" m="21545" /><D42/><U45/><E45/><N who="2" m="28111" /><F5/><W40/><G19/><N who="2" m="7241" /><F22/><N who="1" m="8809" /><E31/><V79/><F79/><W6/><G6/><T39/><D39/><AGARI ba="0,0" hai="26,30,34,39,40,46,76,80,87,91,92,97,122,123" machi="39" ten="30,1000,0" yaku="7,1" doraHai="104" who="3" fromWho="0" sc="359,-10,76,0,134,0,431,10" /><INIT seed="6,0,0,2,5,75" ten="349,76,134,441" oya="2" hai0="88,127,42,82,110,109,117,16,61,132,100,78,7" hai1="62,19,38,13,74,105,122,93,15,34,68,128,120" hai2="84,114,71,9,31,76,92,4,25,11,130,113,40" hai3="1,2,80,33,94,5,103,85,135,65,54,90,39"/><V104/><F104/><W79/><G33/><T22/><D127/><U6/><E38/><V131/><F71/><W53/><G135/><T43/><D132/><U67/><E105/><V47/><F92/><W95/><G65/><T112/><D112/><N who="2" m="43114" /><F84/><W108/><G108/><T48/><D7/><U52/><E128/><N who="2" m="49195" /><F4/><W98/><G39/><T26/><D109/><U35/><E74/><V70/><F70/><W124/><G124/><T101/><D110/><U57/><E93/><V50/><F76/><W87/><G5/><T37/><D37/><U55/><E6/><V12/><F12/><W51/><G53/><T119/><D43/><U77/><E77/><V10/><F10/><W14/><G14/><T91/><D101/><U125/><E125/><V64/><F64/><W102/><G103/><T111/><D100/><U118/><E118/><N who="0" m="45065" /><D111/><U99/><E99/><V30/><F30/><W46/><AGARI ba="0,0" hai="1,2,46,51,54,79,80,85,87,90,94,95,98,102" machi="46" ten="20,2700,0" yaku="0,1,7,1,52,1" doraHai="75" who="3" fromWho="3" sc="349,-7,76,-7,134,-13,441,27" /><INIT seed="7,0,0,2,5,17" ten="342,69,121,468" oya="3" hai0="14,80,114,87,33,7,81,122,74,89,46,37,126" hai1="18,134,57,119,131,50,92,34,135,52,36,23,61" hai2="40,118,54,93,70,32,1,132,86,49,65,21,62" hai3="26,27,68,43,9,100,116,64,91,25,104,38,51"/><W4/><G38/><T83/><D33/><U66/><E34/><V128/><F118/><W77/><G91/><T73/><D122/><U123/><E123/><V19/><F32/><W44/><G77/><T84/><D126/><U79/><E119/><V28/><F1/><W13/><G116/><T127/><D127/><U55/><E79/><V99/><F132/><N who="1" m="50729" /><E92/><V10/><F40/><W63/><G104/><T109/><D109/><U59/><E18/><V41/><F41/><W60/><G60/><T11/><D37/><U105/><E105/><V56/><F128/><W71/><G100/><T8/><D114/><U31/><E31/><V75/><F75/><W48/><G48/><T22/><D46/><N who="1" m="27735" /><E23/><V78/><F78/><W112/><G112/><T90/><D80/><U69/><E131/><V88/><F28/><W106/><G106/><T124/><D124/><U110/><E110/><V120/><F10/><W97/><G97/><T12/><REACH who="0" step="1"/><D22/><REACH who="0" ten="332,69,121,468" step="2"/><U5/><E5/><AGARI ba="0,1" hai="5,7,8,11,12,14,73,74,81,83,84,87,89,90" machi="5" ten="30,12000,2" yaku="1,1,2,1,7,1,32,3,53,0" doraHai="17" doraHaiUra="15" who="0" fromWho="1" sc="332,130,69,-120,121,0,468,0" owari="462,26.0,-51,-55.0,121,-28.0,468,57.0" /></mjloggm>