<mjloggm ver="2.3"><GO type="225" lobby="0"/><UN n0="%EF%BC%AE%EF%BC%AF%EF%BD%90%EF%BD%90%EF%BC%AF" n1="%E9%B3%B3%E6%9D%B1%E3%81%AE%E3%81%86%E3%81%95%E3%81%8E%E3%81%95%E3%82%93" n2="%E8%A8%88%E7%AE%97%E6%A9%9F%E8%87%AA%E7%84%B6" n3="%E5%BE%80%E5%B9%B4%E3%81%AE%E3%82%B4%E3%83%AA%E3%83%A9" dan="16,18,17,16" rate="2104.05,2132.91,2294.45,2085.95" sx="M,F,M,M"/><TAIKYOKU oya="0"/><INIT seed="0,0,0,5,0,17" ten="250,250,250,250" oya="0" hai0="26,65,49,31,27,44,39,109,18,45,131,88,90" hai1="117,75,64,19,66,29,63,14,108,28,59,99,111" hai2="68,118,107,33,135,60,126,42,11,22,79,96,47" hai3="30,110,132,62,3,116,76,54,61,5,114,37,24"/><T38/><D131/><U34/><E117/><V6/><F33/><W2/><G37/><T0/><D0/><U113/><E75/><V12/><F118/><W94/><G116/><T92/><D109/><N who="1" m="42059" /><E113/><V133/><F126/><W121/><G114/><T122/><D122/><U73/><E73/><V112/><F112/><W4/><G121/><T57/><D39/><U16/><E34/><V41/><F79/><W36/><G36/><T15/><D38/><U56/><E99/><V91/><F68/><W48/><G76/><T115/><D115/><U85/><E85/><V46/><F60/><W127/><G127/><T101/><D101/><U25/><E64/><V40/><F91/><N who="0" m="34858" /><D92/><U78/><E78/><V35/><F35/><W105/><G94/><T1/><D1/><U84/><E84/><V86/><F86/><W128/><G128/><T58/><D31/><U95/><E95/><V80/><F80/><W8/><G110/><T32/><D32/><U50/><E28/><V67/><F67/><W23/><G105/><T81/><D81/><U106/><E106/><V103/><F107/><W71/><G71/><T53/><D27/><U93/><E93/><V51/><F103/><W55/><G48/><T74/><D26/><U43/><E14/><N who="2" m="5495" /><F96/><W87/><G87/><T7/><D74/><U20/><E56/><V98/><F98/><W10/><G132/><N who="2" m="50761" /><F46/><AGARI ba="0,0" hai="16,19,20,25,29,43,46,50,59,63,66" m="42059" machi="46" ten="30,3900,0" yaku="14,1,52,1,54,1" doraHai="17" who="1" fromWho="2" sc="250,0,250,39,250,-39,250,0" /><INIT seed="1,0,0,3,0,47" ten="250,289,211,250" oya="1" hai0="131,22,32,90,41,99,2,92,77,30,38,132,28" hai1="94,135,1,43,57,96,93,10,61,3,129,56,75" hai2="0,104,53,51,5,95,59,67,127,85,12,40,21" hai3="73,78,101,117,80,70,84,71,33,103,55,63,29"/><U19/><E129/><V11/><F104/><W112/><G112/><T17/><D131/><U81/><E135/><V62/><F127/><W6/><G117/><T52/><D132/><U42/><E75/><V23/><F40/><W15/><G73/><T68/><D2/><U82/><E19/><V119/><F119/><W114/><G70/><T76/><D68/><U105/><E10/><V4/><F4/><W50/><G114/><T26/><D30/><U34/><E105/><V49/><F0/><W20/><G71/><T79/><D41/><U36/><E61/><V125/><F125/><W98/><G33/><T16/><D38/><U123/><E96/><V87/><F87/><W115/><G63/><T27/><D17/><U45/><E45/><V24/><F67/><W72/><G98/><T13/><D27/><U25/><E25/><V100/><F23/><W83/><G20/><N who="0" m="11279" /><D32/><U91/><E34/><V66/><F53/><AGARI ba="0,0" hai="22,26,28,52,53,76,77,79,90,92,99" m="11279" machi="53" ten="30,3900,0" yaku="8,1,54,2" doraHai="47" who="0" fromWho="2" sc="250,39,289,0,211,-39,250,0" /><INIT seed="2,0,0,2,4,128" ten="289,289,172,250" oya="2" hai0="64,113,38,97,70,35,94,112,89,105,12,126,16" hai1="91,5,114,122,107,54,13,68,75,77,36,129,39" hai2="23,29,104,130,55,63,78,101,9,6,124,48,80" hai3="84,74,127,82,18,30,134,53,50,19,132,92,44"/><V10/><F130/><W96/><G74/><T69/><D38/><U37/><E114/><V66/><F124/><W51/><G30/><T71/><D35/><U119/><E129/><V20/><F104/><W106/><G106/><T41/><D126/><U61/><E119/><V52/><F101/><W115/><G115/><T121/><D121/><U72/><E13/><V45/><F55/><W123/><G123/><T99/><D69/><U0/><E91/><V62/><F29/><W103/><G51/><T1/><D70/><U133/><E122/><V110/><F110/><W86/><G127/><T83/><D71/><U3/><E54/><V111/><F111/><W47/><G47/><T31/><D1/><N who="1" m="587" /><E5/><V120/><F120/><W81/><G81/><T24/><D83/><N who="1" m="45479" /><E75/><V85/><F9/><W125/><G125/><T46/><D113/><U108/><E107/><V15/><REACH who="2" step="1"/><F63/><REACH who="2" ten="289,289,162,250" step="2"/><W79/><REACH who="3" step="1"/><G86/><REACH who="3" ten="289,289,162,240" step="2"/><T21/><D31/><U95/><E108/><V43/><F43/><W116/><G116/><T2/><D105/><U33/><E61/><V100/><F100/><W22/><G22/><T14/><D21/><U49/><E33/><V8/><F8/><W93/><G93/><T56/><D94/><U135/><E95/><V109/><F109/><W90/><G90/><T34/><D89/><U117/><E117/><V87/><F87/><W28/><G28/><T60/><D34/><U73/><E73/><V57/><AGARI ba="0,2" hai="6,10,15,20,23,45,48,52,57,62,66,78,80,85" machi="57" ten="20,12000,1" yaku="1,1,0,1,7,1,8,1,54,1,53,0" doraHai="128" doraHaiUra="118" who="2" fromWho="2" sc="289,-40,289,-40,162,140,240,-40" /><INIT seed="2,1,0,5,3,120" ten="249,249,302,200" oya="2" hai0="23,14,93,55,75,10,125,68,76,67,102,134,32" hai1="135,124,35,31,2,5,105,129,121,114,106,79,83" hai2="99,107,16,100,117,64,9,24,62,20,133,73,86" hai3="122,63,46,29,103,25,58,11,41,101,88,77,65"/><V59/><F133/><W78/><G122/><T61/><D32/><U12/><E121/><V109/><F117/><W128/><G128/><T38/><D134/><U7/><E135/><V119/><F119/><W8/><G101/><T49/><D125/><U1/><E114/><V72/><F109/><W47/><G47/><T92/><D38/><U51/><E124/><V71/><F86/><W39/><G103/><T54/><D23/><U69/><E129/><V4/><REACH who="2" step="1"/><F71/><REACH who="2" ten="249,249,292,200" step="2"/><W52/><G88/><T110/><D110/><U19/><E69/><V126/><F126/><W113/><G113/><T111/><D111/><U116/><E116/><V95/><F95/><W87/><G87/><T15/><D93/><U82/><E105/><V131/><F131/><W81/><G81/><T43/><D92/><U115/><E106/><V18/><F18/><W97/><G97/><T85/><D102/><U60/><E19/><V22/><F22/><W48/><G78/><T94/><D94/><U112/><E79/><V66/><F66/><W3/><G77/><T57/><D85/><U26/><E83/><V98/><F98/><W0/><G11/><T17/><D76/><U33/><E82/><V108/><F108/><W96/><G8/><N who="0" m="6343" /><D68/><U27/><E112/><V127/><F127/><W118/><G118/><T50/><D75/><U28/><E115/><V80/><F80/><W70/><G96/><T21/><D10/><U74/><E74/><V53/><F53/><N who="0" m="19978" /><D43/><U84/><E84/><V13/><AGARI ba="1,1" hai="4,9,13,16,20,24,59,62,64,72,73,99,100,107" machi="13" ten="20,7800,0" yaku="1,1,0,1,7,1,54,1,53,0" doraHai="120" doraHaiUra="42" who="2" fromWho="2" sc="249,-27,249,-27,292,91,200,-27" /><INIT seed="2,2,0,0,4,131" ten="222,222,383,173" oya="2" hai0="104,101,59,125,11,90,40,69,72,66,52,2,133" hai1="130,18,4,32,119,17,84,19,74,109,117,22,43" hai2="28,97,48,33,135,102,47,100,42,55,116,61,60" hai3="0,88,111,54,132,58,67,9,3,118,29,15,53"/><V62/><F116/><W25/><G118/><T8/><D125/><U83/><E32/><V21/><F33/><W10/><G111/><T12/><D72/><U134/><E109/><V26/><F135/><W87/><G67/><T103/><D133/><U126/><E134/><V113/><F113/><W6/><G10/><T107/><D40/><U115/><E115/><V91/><F91/><W75/><G75/><T20/><D66/><U1/><E74/><V50/><REACH who="2" step="1"/><F97/><REACH who="2" ten="222,222,373,173" step="2"/><W44/><G132/><T98/><D90/><U122/><E119/><V35/><F35/><W106/><G88/><T71/><D2/><U76/><E1/><V73/><F73/><W57/><G3/><T70/><D103/><U108/><E117/><V80/><F80/><W85/><G0/><T14/><D98/><U51/><E83/><V112/><F112/><W89/><G89/><T82/><D82/><U27/><E108/><V5/><F5/><W127/><G6/><T128/><D101/><U64/><E4/><V31/><F31/><W86/><G29/><T92/><D128/><U123/><E130/><V129/><F129/><W114/><G114/><T7/><D7/><U121/><E121/><V110/><F110/><W38/><G127/><T36/><D107/><U13/><E126/><V56/><AGARI ba="2,1" hai="21,26,28,42,47,48,50,55,56,60,61,62,100,102" machi="56" ten="30,6000,0" yaku="1,1,0,1,8,1,53,0" doraHai="131" doraHaiUra="77" who="2" fromWho="2" sc="222,-22,222,-22,373,76,173,-22" /><INIT seed="2,3,0,5,1,46" ten="200,200,449,151" oya="2" hai0="63,12,7,74,59,16,78,84,40,69,108,88,23" hai1="105,11,35,4,17,13,19,42,118,9,53,61,126" hai2="65,75,37,67,73,90,5,129,82,114,135,95,45" hai3="1,30,49,62,10,55,134,32,106,25,26,132,104"/><V43/><F114/><W98/><G62/><T87/><D108/><U39/><E118/><V76/><F135/><W3/><G26/><T41/><D69/><U6/><E105/><V100/><F129/><W97/><G106/><T92/><D74/><U125/><E42/><V47/><F75/><W122/><G122/><T2/><D2/><U127/><E39/><V109/><F109/><W120/><G120/><T72/><D72/><U22/><E35/><V8/><F47/><W110/><G110/><T68/><D68/><U117/><E117/><V91/><F100/><W50/><G3/><T31/><D31/><U71/><E22/><V36/><F36/><W101/><G55/><N who="0" m="34303" /><D7/><U113/><E113/><V121/><F121/><W56/><G56/><T103/><D103/><U107/><E107/><V57/><F57/><W21/><G32/><T111/><D111/><U15/><E53/><V94/><F94/><W33/><G33/><T133/><D133/><N who="3" m="51305" /><G98/><T79/><D87/><U60/><E60/><V20/><F73/><W124/><G124/><T96/><D96/><U70/><REACH who="1" step="1"/><E71/><REACH who="1" ten="200,190,449,151" step="2"/><V123/><F123/><W81/><G81/><T18/><D41/><U52/><E52/><V115/><F43/><W51/><G51/><T54/><D54/><U44/><E44/><V112/><F45/><W0/><G10/><N who="0" m="6167" /><D40/><U99/><E99/><V64/><F115/><W86/><G86/><T48/><D48/><U102/><E102/><V29/><F37/><W130/><G130/><T116/><D116/><U80/><E80/><V83/><F83/><W77/><G77/><T14/><AGARI ba="3,1" hai="14,18,23,78,79,84,88,92" m="6167,34303" machi="14" ten="30,7900,0" yaku="5,1,8,1,54,2" doraHai="46" who="0" fromWho="0" sc="200,98,190,-23,449,-42,151,-23" /><INIT seed="3,0,0,1,2,95" ten="298,167,407,128" oya="3" hai0="41,50,85,80,102,106,8,40,119,26,84,104,105" hai1="51,5,12,65,127,59,76,112,128,57,7,96,23" hai2="55,107,134,113,135,44,42,74,0,73,24,43,133" hai3="4,36,47,17,22,61,27,86,88,10,9,32,124"/><W72/><G72/><N who="2" m="27753" /><F113/><W125/><G32/><T92/><D8/><U78/><E112/><V35/><F107/><N who="0" m="41034" /><D26/><U19/><E128/><V111/><F111/><W93/><G61/><T116/><D50/><U64/><E127/><N who="3" m="48714" /><G4/><N who="1" m="1610" /><E96/><V123/><F123/><W28/><G28/><T30/><D30/><U49/><E49/><N who="2" m="29095" /><F0/><W75/><G75/><T58/><D58/><N who="1" m="22027" /><E51/><V90/><F90/><W71/><G71/><T48/><D48/><U37/><E37/><V122/><F122/><W121/><G121/><T66/><D66/><AGARI ba="0,0" hai="12,19,23,64,65,66,76,78" m="22027,1610" machi="66" ten="30,1000,0" yaku="8,1" doraHai="95" who="1" fromWho="0" sc="298,-10,167,10,407,0,128,0" owari="288,9.0,177,-22.0,407,50.0,128,-37.0" /></mjloggm>