<mjloggm ver="2.3"><GO type="169" lobby="0"/><UN n0="%E3%81%82%E3%81%84%E3%81%A0%E3%81%A6" n1="%E3%81%86%E3%81%95%E3%81%8E%E3%83%95%E3%82%A1%E3%83%B3%E3%82%B7%E3%83%BC" n2="%E3%81%BE%E3%81%93%E3%81%A8%E3%81%95%E3%82%93" n3="%6E%65%6B%6F%6E%65%6B%6F" dan="16,17,16,16" rate="2090.32,2147.53,2127.51,2119.48" sx="M,F,M,M"/><TAIKYOKU oya="0"/><INIT seed="0,0,0,5,2,94" ten="250,250,250,250" oya="0" hai0="73,64,81,19,85,68,102,90,79,11,118,41,59" hai1="48,100,130,120,119,40,51,89,67,84,43,127,37" hai2="4,25,80,66,82,28,42,10,92,103,129,95,23" hai3="45,75,33,77,50,78,5,105,17,134,93,29,38"/><T35/><D118/><U8/><E119/><V26/><F129/><W49/><G105/><T135/><D135/><U104/><E120/><V31/><F42/><W16/><G134/><T9/><D68/><U98/><E130/><V61/><F10/><W87/><G75/><T123/><D123/><U56/><E127/><V32/><F4/><W91/><G38/><T113/><D113/><U108/><E108/><V30/><F30/><W71/><G71/><T2/><D35/><U126/><E126/><V27/><F27/><W44/><G5/><T110/><D110/><U21/><E37/><V115/><F115/><W131/><G131/><T128/><D128/><U69/><E69/><V36/><F36/><W96/><G29/><T58/><D41/><U125/><E125/><V6/><F6/><W47/><G33/><T122/><D122/><U60/><E43/><V22/><F32/><W0/><G0/><T111/><D111/><U46/><E8/><V76/><F76/><N who="3" m="29291" /><G87/><T20/><D2/><U18/><E51/><AGARI ba="0,0" hai="16,17,44,45,47,49,50,51,91,93,96" m="29291" machi="51" ten="30,3900,0" yaku="8,1,52,1,54,1" doraHai="94" who="3" fromWho="1" sc="250,0,250,-39,250,0,250,39" /><INIT seed="1,0,0,3,1,75" ten="250,211,250,289" oya="1" hai0="2,63,84,124,48,12,44,92,28,96,70,97,86" hai1="61,77,42,113,51,116,23,88,58,98,54,9,103" hai2="30,110,43,38,22,47,107,25,79,19,83,120,14" hai3="13,68,18,135,67,133,122,117,5,95,102,57,37"/><U66/><E113/><V78/><F110/><W128/><G37/><T105/><D2/><U131/><E131/><V21/><F120/><W87/><G122/><T114/><D114/><U15/><E116/><V60/><F107/><W29/><G29/><T50/><D28/><U45/><E23/><V130/><F130/><W134/><G68/><T106/><D70/><U27/><E27/><V35/><F83/><W76/><G5/><T129/><D63/><U101/><E77/><V10/><REACH who="2" step="1"/><F60/><REACH who="2" ten="250,211,240,289" step="2"/><N who="3" m="38287" /><G128/><T91/><D105/><U126/><E126/><V8/><F8/><W65/><G117/><T89/><D106/><U108/><E108/><V80/><F80/><N who="3" m="47495" /><G95/><N who="0" m="54711" /><D124/><U36/><E36/><V20/><AGARI ba="0,1" hai="10,14,19,20,21,22,25,30,35,38,43,47,78,79" machi="20" ten="30,7900,0" yaku="1,1,0,1,52,2,53,0" doraHai="75" doraHaiUra="59" who="2" fromWho="2" sc="250,-20,211,-39,240,89,289,-20" /><INIT seed="2,0,0,1,5,117" ten="230,172,329,269" oya="2" hai0="42,84,19,0,106,36,54,28,86,32,26,41,101" hai1="71,75,104,72,121,7,80,103,21,13,88,100,110" hai2="95,10,81,46,94,70,68,4,85,77,14,5,3" hai3="120,2,66,35,12,112,53,18,97,99,69,51,132"/><V125/><F125/><W39/><G39/><T119/><D0/><U59/><E71/><V56/><F68/><W30/><G2/><T129/><D119/><U61/><E110/><V83/><F70/><W87/><G112/><T76/><D129/><U128/><E128/><V43/><F56/><W108/><G108/><T131/><D131/><U63/><E104/><V29/><F29/><W82/><G132/><T74/><D74/><U40/><E40/><V107/><F107/><W34/><G69/><T23/><D54/><U22/><E7/><V115/><F115/><W8/><G66/><T47/><D41/><U33/><E33/><V38/><F5/><W52/><G53/><T93/><D106/><U91/><E80/><V49/><F3/><W92/><G30/><T130/><D76/><U60/><E60/><V9/><F9/><W96/><G92/><T31/><D31/><U89/><E89/><V105/><F105/><W45/><REACH who="3" step="1"/><G120/><REACH who="3" ten="230,172,329,259" step="2"/><T79/><D130/><U50/><E50/><V27/><F38/><W98/><N who="3" m="24576" /><DORA hai="20" /><W127/><G127/><T37/><D37/><U126/><E126/><V1/><F1/><W6/><G6/><T67/><D101/><U109/><E109/><V48/><F48/><W123/><G123/><T64/><D93/><N who="2" m="35338" /><F83/><W65/><G65/><T118/><D118/><U15/><REACH who="1" step="1"/><E59/><REACH who="1" ten="230,162,329,259" step="2"/><V122/><F122/><AGARI ba="0,2" hai="13,15,21,22,61,63,72,75,88,91,100,103,121,122" machi="122" ten="25,16000,3" yaku="1,1,2,1,22,2,52,2,54,1,53,2" doraHai="117,20" doraHaiUra="57,124" who="1" fromWho="2" sc="230,0,162,180,329,-160,259,0" /><INIT seed="3,0,0,4,1,34" ten="230,342,169,259" oya="3" hai0="113,78,83,77,129,26,37,98,125,73,134,96,115" hai1="102,35,106,23,117,11,28,10,70,110,13,54,40" hai2="62,12,20,49,27,68,109,116,101,120,33,90,15" hai3="108,127,86,43,65,63,46,87,0,41,81,17,42"/><W123/><G123/><T133/><D37/><U79/><E70/><V92/><F120/><W122/><G122/><T93/><D26/><U59/><E110/><V60/><F116/><W48/><G108/><T114/><D125/><U74/><E117/><V128/><F109/><W52/><G127/><T29/><D29/><U135/><E135/><N who="0" m="51721" /><D129/><U130/><E130/><V22/><F128/><W21/><G0/><T95/><D78/><U55/><E40/><V51/><F33/><W4/><G4/><T97/><AGARI ba="0,0" hai="73,77,83,93,95,96,97,98,113,114,115" m="51721" machi="97" ten="40,8000,1" yaku="11,1,20,1,34,2" doraHai="34" who="0" fromWho="0" sc="230,80,342,-20,169,-20,259,-40" /><INIT seed="4,0,0,0,2,131" ten="310,322,149,219" oya="0" hai0="50,53,117,16,97,99,123,80,2,129,47,76,5" hai1="135,102,72,133,134,6,40,7,118,55,25,63,104" hai2="48,103,96,14,89,17,62,35,29,41,70,86,66" hai3="54,125,81,24,75,27,64,83,59,121,132,113,111"/><T73/><D129/><U15/><E118/><V127/><F127/><W56/><G125/><T61/><D117/><U101/><E72/><V13/><F41/><W106/><G106/><T42/><D123/><U18/><E40/><V69/><F48/><W109/><G121/><T82/><D5/><N who="1" m="1547" /><E25/><V90/><F70/><W77/><G113/><T114/><D2/><U126/><E104/><V98/><F98/><W108/><G64/><T115/><D80/><U87/><E126/><V44/><F44/><W34/><G83/><T58/><REACH who="0" step="1"/><D16/><REACH who="0" ten="300,322,149,219" step="2"/><U60/><E87/><V49/><F17/><W36/><G109/><T43/><D43/><U9/><E60/><V128/><F86/><W0/><G0/><T68/><D68/><U130/><E130/><V94/><F62/><W22/><G108/><T88/><D88/><U31/><E31/><V37/><F89/><W122/><G111/><T21/><D21/><U78/><E78/><V93/><F90/><W107/><G22/><T105/><D105/><U100/><E63/><V84/><F29/><W85/><G107/><T65/><D65/><U26/><E26/><V120/><F66/><W52/><G122/><T57/><D57/><U30/><E30/><V19/><F120/><W28/><G24/><T33/><D33/><U79/><E79/><V23/><F35/><W39/><G59/><T119/><D119/><U38/><E55/><N who="3" m="21034" /><G56/><T95/><D95/><U8/><E38/><N who="3" m="14378" /><G85/><T12/><D12/><U92/><E92/><V1/><F84/><W45/><G45/><T10/><D10/><AGARI ba="0,1" hai="8,9,10,15,18,100,101,102,133,134,135" m="1547" machi="10" ten="40,8000,1" yaku="20,1,52,3" doraHai="131" who="1" fromWho="0" sc="300,-80,322,90,149,0,219,0" /><INIT seed="5,0,0,3,3,18" ten="220,412,149,219" oya="1" hai0="129,11,61,22,53,127,114,62,117,119,88,52,75" hai1="63,107,44,49,113,108,46,64,67,84,50,86,60" hai2="102,93,35,92,128,132,7,33,120,43,16,55,101" hai3="74,123,89,6,8,68,38,109,79,13,110,40,28"/><U41/><E107/><V32/><F120/><W58/><G68/><T24/><D75/><U21/><E113/><V48/><F128/><W96/><G123/><T87/><D114/><U51/><E108/><V131/><F131/><W5/><G28/><N who="0" m="17431" /><D129/><U1/><E1/><V130/><F7/><W19/><G58/><N who="0" m="35015" /><D127/><U71/><E21/><V14/><F43/><W104/><G110/><T78/><D119/><U133/><E133/><V103/><F132/><W3/><G109/><T39/><D39/><N who="1" m="21567" /><E86/><V69/><F69/><W121/><G121/><T115/><D115/><U124/><E84/><V85/><F85/><W91/><G104/><T34/><D34/><U65/><E124/><V106/><F106/><W57/><G57/><N who="0" m="35119" /><D117/><U37/><E71/><V23/><REACH who="2" step="1"/><F130/><REACH who="2" ten="220,412,139,219" step="2"/><W80/><G5/><T95/><D11/><U81/><E81/><V54/><F54/><W98/><G98/><T134/><D134/><U45/><E37/><V0/><F0/><W77/><G96/><T31/><D31/><U30/><E30/><V42/><F42/><W9/><G79/><AGARI ba="0,1" hai="78,79,87,88,95" m="35119,35015,17431" machi="79" ten="30,7700,0" yaku="8,1,52,1,54,2" doraHai="18" who="0" fromWho="3" sc="220,87,412,0,139,0,219,-77" /><INIT seed="6,0,0,5,2,62" ten="307,412,139,142" oya="2" hai0="120,114,77,100,64,14,41,133,52,45,125,86,1" hai1="90,9,127,92,111,104,69,48,68,50,94,119,22" hai2="3,32,134,55,46,42,129,122,131,16,57,116,121" hai3="18,33,79,54,107,75,89,97,67,123,39,87,71"/><V43/><F3/><W15/><G39/><T36/><D1/><U59/><E111/><V132/><F32/><W88/><G123/><N who="2" m="47113" /><F116/><W11/><G33/><T82/><D120/><U78/><E119/><V117/><F16/><W19/><G75/><T24/><D125/><U73/><E127/><V105/><F105/><W38/><G38/><T70/><D133/><N who="2" m="51306" /><F117/><W8/><G79/><T130/><D114/><U81/><E78/><V0/><F0/><W63/><G54/><T5/><D130/><N who="2" m="49674" /><F46/><W6/><G8/><T113/><D113/><U26/><E9/><V106/><F106/><W51/><G51/><AGARI ba="0,0" hai="42,43,51,55,57" m="49674,51306,47113" machi="51" ten="40,12000,1" yaku="20,1,19,1,34,2" doraHai="62" who="2" fromWho="3" sc="307,0,412,0,139,120,142,-120" /><INIT seed="6,1,0,4,4,10" ten="307,412,259,22" oya="2" hai0="130,19,30,72,120,122,42,36,112,109,29,83,52" hai1="76,51,75,106,119,8,26,23,61,108,66,28,55" hai2="77,32,69,89,135,88,115,49,24,58,5,34,128" hai3="60,110,18,100,81,95,44,134,54,90,4,27,93"/><V129/><F115/><W84/><G110/><T132/><D109/><U103/><E108/><V57/><F69/><W105/><G134/><T85/><D132/><U111/><E111/><V40/><F135/><W91/><G4/><T114/><D72/><U102/><E119/><V2/><F77/><W7/><G7/><T16/><D42/><U82/><E106/><V31/><F32/><W70/><G70/><T17/><D36/><U71/><E8/><N who="2" m="2103" /><F40/><W48/><G105/><T78/><D130/><N who="2" m="50282" /><F49/><W79/><G100/><T118/><D118/><U98/><E98/><V86/><F89/><W117/><G117/><T113/><D52/><U20/><E20/><V80/><AGARI ba="1,0" hai="24,31,34,57,58,80,86,88" m="50282,2103" machi="80" ten="30,3000,0" yaku="19,1,54,1" doraHai="10" who="2" fromWho="2" sc="307,-11,412,-11,259,33,22,-11" /><INIT seed="6,2,0,5,3,37" ten="296,401,292,11" oya="2" hai0="96,46,106,29,111,85,34,67,82,102,28,10,87" hai1="89,78,103,131,104,84,92,2,21,9,120,91,64" hai2="25,59,8,43,4,38,128,36,124,133,93,62,44" hai3="33,56,113,27,98,71,32,17,119,13,129,115,3"/><V61/><F128/><W19/><G71/><T69/><D111/><U35/><E35/><N who="3" m="13386" /><G98/><T105/><D105/><U60/><E131/><V50/><F133/><W80/><G80/><T122/><D122/><U40/><E120/><V75/><F124/><W112/><G129/><T65/><D65/><U12/><E78/><V68/><F75/><W42/><G56/><T39/><D10/><U58/><E104/><V30/><F93/><W118/><G3/><T123/><D123/><U116/><E116/><N who="3" m="44586" /><G27/><N who="0" m="18751" /><D82/><U41/><E103/><V49/><F49/><W110/><G110/><T6/><D6/><N who="1" m="3127" /><E2/><V55/><F25/><W109/><G109/><T76/><D76/><U88/><E89/><V121/><F30/><W99/><G99/><T127/><D28/><U97/><E91/><V81/><F81/><W7/><G42/><N who="1" m="16490" /><E21/><V130/><F130/><W72/><G72/><T77/><D77/><U101/><E101/><V51/><F121/><W48/><G48/><T107/><D107/><U114/><E114/><V53/><F4/><W47/><G47/><T15/><D46/><U24/><E97/><V95/><F95/><W135/><G135/><T74/><D39/><U90/><E90/><V22/><F22/><W83/><G83/><T66/><D74/><U11/><E24/><V108/><F108/><W63/><G63/><N who="0" m="40159" /><D15/><U70/><E70/><V132/><F132/><W100/><G100/><T86/><D67/><U94/><E94/><V134/><F134/><W54/><G54/><T52/><D52/><U79/><E79/><V20/><F20/><W23/><G7/><T16/><D106/><RYUUKYOKU ba="2,0" sc="296,-15,401,15,292,-15,11,15" hai1="11,58,60,64,84,88,92" hai3="13,17,19,23,112,113,115" /><INIT seed="7,3,0,2,1,42" ten="281,416,277,26" oya="3" hai0="31,9,12,93,13,94,80,89,125,21,98,38,116" hai1="7,33,14,10,129,26,92,101,18,27,61,54,66" hai2="117,111,5,90,106,17,97,99,59,36,127,113,64" hai3="132,88,0,16,41,121,44,35,70,58,24,71,67"/><W135/><G0/><T79/><D116/><U34/><E129/><V23/><F117/><W78/><G78/><T87/><D125/><U118/><E118/><V123/><F127/><W29/><G121/><T83/><D38/><U19/><E54/><V112/><F123/><W96/><G58/><T62/><D62/><U60/><E34/><V6/><F111/><W63/><G71/><T15/><D9/><U100/><E33/><V56/><F36/><W74/><G74/><T124/><D124/><U108/><E108/><V40/><F40/><W91/><G16/><N who="1" m="6186" /><E92/><N who="2" m="56471" /><F99/><W52/><G96/><T68/><D68/><U109/><E109/><V8/><F106/><W75/><G75/><T69/><D69/><U25/><E66/><V110/><F110/><W76/><G76/><T128/><D128/><U120/><E120/><V82/><F82/><N who="0" m="31274" /><D79/><U28/><E28/><V115/><F64/><W73/><G73/><T72/><D72/><U57/><E57/><N who="2" m="22091" /><F8/><W4/><G4/><T130/><D130/><U2/><E2/><V46/><F46/><W51/><REACH who="3" step="1"/><G41/><REACH who="3" ten="281,416,277,16" step="2"/><T20/><D31/><U103/><AGARI ba="3,1" hai="7,10,14,25,26,27,60,61,100,101,103" m="6186" machi="103" ten="40,2700,0" yaku="8,1,54,1" doraHai="42" who="1" fromWho="1" sc="281,-10,416,46,277,-10,16,-16" owari="271,7.0,462,56.0,267,-13.0,0,-50.0" /></mjloggm>