<mjloggm ver="2.3"><GO type="169" lobby="0"/><UN n0="%E3%83%AB%E3%82%A2%E3%82%B4%E3%82%A4%E3%83%95" n1="%E8%A5%BF%E5%B2%A1%E8%82%B2%E6%9C%AA%E2%99%AA" n2="%E9%89%84%E7%A8%9A%E9%AD%9A%E3%82%AB%E3%83%A2%E9%A4%8A%E5%88%86" n3="%E3%81%8B%E3%82%8A%E3%82%93%E3%81%95%E3%82%93" dan="17,16,18,18" rate="2080.51,2112.72,2206.91,2203.68" sx="M,F,F,M"/><TAIKYOKU oya="0"/><INIT seed="0,0,0,0,4,45" ten="250,250,250,250" oya="0" hai0="5,53,77,124,7,118,128,35,0,2,29,105,49" hai1="120,30,57,48,108,11,27,68,126,133,12,37,112" hai2="39,70,65,74,100,121,52,44,132,104,102,16,83" hai3="119,9,25,22,4,125,41,50,36,110,127,123,101"/><T129/><D105/><U89/><E120/><V21/><F121/><W33/><G123/><T131/><D77/><U8/><E108/><V95/><F104/><W47/><G110/><T86/><D118/><U23/><E126/><N who="3" m="48138" /><G33/><T31/><D124/><U26/><E68/><V58/><F132/><W34/><G34/><T113/><D86/><U135/><E37/><V43/><F95/><W92/><G119/><T79/><D79/><U59/><E112/><V3/><F3/><N who="0" m="1066" /><D53/><N who="1" m="31911" /><E89/><V122/><F122/><W54/><G101/><T17/><D49/><U82/><E12/><V66/><F74/><W94/><G36/><T63/><D63/><U99/><E99/><V90/><F90/><W111/><G41/><T14/><D113/><U81/><E59/><V40/><F83/><N who="1" m="31753" /><E26/><V10/><F10/><W6/><G111/><T64/><D64/><U80/><E80/><V87/><F87/><W93/><G9/><N who="1" m="3658" /><E135/><V109/><F109/><W76/><G76/><T115/><D115/><U46/><E133/><V1/><F1/><W55/><G54/><T24/><D31/><AGARI ba="0,0" hai="4,6,22,25,31,47,50,55,92,93,94" m="48138" machi="31" ten="30,2000,0" yaku="18,1,52,1" doraHai="45" who="3" fromWho="0" sc="250,-20,250,0,250,0,250,20" /><INIT seed="1,0,0,2,1,121" ten="230,250,250,270" oya="1" hai0="10,63,90,20,44,14,28,70,101,55,102,109,126" hai1="62,0,4,48,133,13,129,132,18,106,94,96,7" hai2="89,36,5,79,119,120,29,82,30,43,81,54,33" hai3="112,97,47,98,2,60,105,37,46,75,110,127,85"/><U74/><E74/><V34/><F120/><W19/><G75/><T99/><D126/><U100/><E129/><V40/><F119/><W21/><G2/><T6/><D70/><U69/><E0/><V65/><F65/><W39/><G112/><T77/><D77/><U76/><E76/><V53/><F79/><W66/><G127/><T9/><D90/><U88/><E48/><V23/><F23/><W26/><G85/><T135/><D135/><N who="1" m="51787" /><E62/><V1/><F1/><W108/><G47/><T134/><D134/><U61/><E61/><V103/><F89/><W8/><G8/><T122/><D10/><N who="1" m="6455" /><E69/><V35/><F36/><N who="3" m="13899" /><G105/><T56/><D122/><U78/><E78/><V80/><F103/><W32/><G46/><T57/><D44/><U72/><E72/><V113/><F113/><W22/><G32/><T50/><D102/><U118/><E118/><V91/><F91/><W130/><G22/><T16/><D101/><U3/><E3/><V67/><F5/><W93/><G130/><T95/><D6/><U131/><E131/><V17/><F17/><W107/><G107/><T42/><D50/><U86/><AGARI ba="0,0" hai="4,7,86,88,94,96,100,106" m="6455,51787" machi="86" ten="30,3000,0" yaku="20,1,54,1" doraHai="121" who="1" fromWho="1" sc="230,-10,250,30,250,-10,270,-10" /><INIT seed="1,1,0,4,1,109" ten="220,280,240,260" oya="1" hai0="88,4,6,95,35,43,58,27,131,126,133,118,107" hai1="66,76,85,24,99,129,5,46,110,10,68,7,115" hai2="113,39,105,91,134,69,16,20,64,56,13,84,15" hai3="98,100,75,123,29,22,57,112,77,114,73,55,21"/><U53/><E68/><V40/><F105/><W89/><G123/><T48/><D118/><U96/><E129/><V18/><F134/><W117/><G117/><T63/><D107/><U97/><E110/><V30/><F69/><W106/><G89/><T116/><D116/><U78/><E115/><V50/><F30/><W31/><G77/><N who="1" m="29802" /><E66/><V92/><F39/><W1/><G1/><T38/><D131/><U49/><E24/><V32/><F32/><W83/><G83/><T125/><D38/><U41/><E85/><V87/><F113/><W19/><G75/><T9/><D133/><U122/><E122/><V130/><F130/><W59/><G73/><T101/><D101/><U65/><E65/><V8/><F64/><W94/><G106/><T3/><D6/><N who="1" m="2059" /><E10/><V67/><F67/><W11/><G11/><T0/><D0/><U120/><E120/><V25/><F25/><W103/><G98/><T132/><D132/><U127/><E127/><N who="0" m="48649" /><D27/><U82/><E82/><V2/><F2/><W47/><G94/><T86/><D35/><U119/><E119/><V51/><F87/><W45/><REACH who="3" step="1"/><G19/><REACH who="3" ten="220,280,240,250" step="2"/><T26/><D95/><U61/><E97/><V74/><F74/><W36/><G36/><T128/><D128/><U60/><E99/><V71/><F71/><W121/><G121/><T33/><D86/><U54/><E96/><V62/><F84/><W80/><G80/><T124/><D124/><U108/><E108/><V52/><F92/><W17/><G17/><T23/><D88/><U14/><E14/><V37/><F91/><W12/><G12/><T90/><D90/><RYUUKYOKU ba="1,1" sc="220,-30,280,10,240,10,250,10" hai1="41,46,49,53,54,60,61" hai2="8,13,15,16,18,20,37,40,50,51,52,56,62" hai3="21,22,29,31,45,47,55,57,59,100,103,112,114" /><INIT seed="1,2,1,5,5,120" ten="190,290,250,260" oya="1" hai0="1,49,17,103,26,51,36,79,112,123,116,69,67" hai1="74,132,10,134,57,39,47,122,37,2,93,88,24" hai2="104,102,31,131,135,128,73,25,111,29,106,52,118" hai3="91,68,115,85,18,45,19,129,130,38,89,86,12"/><U125/><E122/><V87/><F118/><W81/><G68/><T28/><D123/><U63/><E74/><V97/><F73/><W15/><G45/><T133/><D116/><U119/><E119/><V71/><F71/><W22/><G38/><T95/><D112/><U77/><E77/><V110/><F135/><N who="1" m="51753" /><E125/><V55/><F87/><W75/><G75/><T3/><D36/><U101/><E101/><V82/><F82/><W44/><G44/><T78/><D17/><U9/><E24/><V70/><F70/><W42/><G42/><T66/><D133/><U43/><E2/><V0/><F0/><W41/><G41/><T46/><D69/><U99/><E37/><V107/><F25/><W11/><REACH who="3" step="1"/><G115/><REACH who="3" ten="190,290,250,250" step="2"/><T23/><D46/><U32/><E32/><V76/><F131/><W53/><G53/><AGARI ba="2,2" hai="9,10,39,43,47,53,57,63,88,93,99" m="51753" machi="53" ten="30,2900,0" yaku="20,1,54,1" doraHai="120" who="1" fromWho="3" sc="190,0,290,55,250,0,250,-35" /><INIT seed="1,3,0,5,2,110" ten="190,345,250,215" oya="1" hai0="116,117,97,22,8,107,25,42,129,104,4,130,29" hai1="115,48,1,82,40,84,98,87,78,52,71,7,38" hai2="90,106,37,19,49,51,111,73,60,68,118,76,133" hai3="102,57,100,108,72,9,123,89,15,61,24,113,54"/><U65/><E71/><V74/><F118/><N who="0" m="45674" /><D97/><U80/><E65/><V81/><F37/><W62/><G123/><T20/><D42/><U122/><E122/><V58/><F68/><W35/><G72/><T28/><D104/><U124/><E124/><V95/><F74/><W6/><G108/><T128/><D107/><U33/><E33/><V43/><F111/><W47/><G62/><T70/><D70/><U88/><E115/><V45/><F133/><W99/><G113/><T125/><D125/><U83/><E1/><V63/><F106/><W77/><G77/><T5/><D8/><U101/><E7/><N who="0" m="2633" /><D25/><U30/><E30/><AGARI ba="3,0" hai="20,22,28,29,30,128,129,130" m="2633,45674" machi="30" ten="40,8000,1" yaku="28,2,19,1,34,2" doraHai="110" who="0" fromWho="1" sc="190,89,345,-89,250,0,215,0" /><INIT seed="2,0,0,3,1,4" ten="279,256,250,215" oya="2" hai0="58,96,22,57,37,94,61,76,87,98,9,2,93" hai1="81,89,27,70,42,117,49,69,30,31,92,116,120" hai2="127,13,129,43,50,97,32,1,102,41,82,62,125" hai3="23,80,51,38,86,54,115,111,6,12,71,10,132"/><V126/><F1/><W59/><G111/><T24/><D37/><U114/><E114/><V8/><F32/><W68/><G132/><T65/><D57/><U106/><E106/><V84/><F62/><W118/><G118/><T100/><D2/><U133/><E133/><V63/><F63/><W46/><G115/><T85/><D76/><U88/><E120/><V73/><F73/><W95/><G95/><T44/><D44/><U36/><E36/><V91/><F50/><W74/><G74/><T52/><D9/><U29/><E69/><V25/><F25/><W39/><G39/><T77/><D77/><U28/><E70/><V79/><F79/><W45/><G45/><T48/><D48/><U26/><E116/><V16/><F129/><W40/><G23/><T122/><D122/><U108/><E108/><V131/><F131/><W83/><G83/><T60/><D60/><U3/><E3/><V90/><F90/><AGARI ba="0,0" hai="6,10,12,38,40,46,51,54,59,68,71,80,86,90" machi="90" ten="30,2000,0" yaku="7,1,52,1" doraHai="4" who="3" fromWho="2" sc="279,0,256,0,250,-20,215,20" /><INIT seed="3,0,0,4,5,94" ten="279,256,230,235" oya="3" hai0="85,82,46,79,119,130,51,24,47,45,64,39,11" hai1="69,134,35,41,104,135,36,98,81,113,125,75,4" hai2="9,112,42,52,59,70,116,122,114,58,118,126,92" hai3="121,89,20,90,128,124,103,53,131,68,50,67,61"/><W109/><G121/><T117/><D130/><N who="3" m="49705" /><G124/><T33/><D39/><U30/><E4/><V5/><F70/><W105/><G109/><T34/><D64/><U80/><E113/><V77/><F126/><W84/><G20/><T0/><D34/><U57/><E69/><V60/><F122/><W66/><G66/><T1/><D1/><U132/><E125/><V25/><F42/><W32/><G32/><T86/><D86/><U23/><E35/><V17/><F77/><W28/><G28/><T43/><D33/><U74/><E57/><V72/><F72/><N who="1" m="27689" /><E41/><V31/><F17/><W44/><G84/><T14/><D24/><N who="1" m="16671" /><E36/><V93/><F59/><W107/><G103/><AGARI ba="0,0" hai="80,81,98,103,104,132,134,135" m="16671,27689" machi="103" ten="40,2600,0" yaku="20,1,52,1" doraHai="94" who="1" fromWho="3" sc="279,0,256,26,230,0,235,-26" /><INIT seed="4,0,0,0,3,56" ten="279,282,230,209" oya="0" hai0="27,129,20,107,7,121,51,65,97,24,135,118,82" hai1="116,63,54,49,88,2,99,70,102,25,131,41,127" hai2="14,106,52,57,126,59,111,0,33,35,43,83,6" hai3="96,75,100,60,103,29,84,12,38,114,133,31,128"/><T19/><D118/><U64/><E116/><V50/><F111/><W74/><G38/><T85/><D121/><U119/><E131/><V48/><F0/><W123/><G128/><T39/><D129/><U76/><E2/><V69/><F69/><W130/><G130/><T117/><D39/><U42/><E127/><V55/><F126/><W101/><G123/><T30/><D117/><U16/><E76/><V34/><F43/><W46/><G46/><T125/><D135/><U71/><E71/><V73/><F106/><W67/><G133/><T95/><D107/><U32/><E88/><V15/><F6/><W91/><G96/><T11/><D51/><U112/><E112/><V68/><F68/><W8/><G114/><T124/><D65/><U120/><E120/><V78/><AGARI ba="0,0" hai="14,15,33,34,35,48,50,52,55,57,59,73,78,83" machi="78" ten="40,5200,0" yaku="0,1,9,1,54,1" doraHai="56" who="2" fromWho="2" sc="279,-26,282,-13,230,52,209,-13" /><INIT seed="5,0,0,5,1,62" ten="253,269,282,196" oya="1" hai0="101,8,84,61,118,51,108,5,112,33,75,93,94" hai1="29,114,63,69,59,19,107,88,125,128,130,91,89" hai2="36,100,17,20,47,129,132,14,55,87,134,26,10" hai3="34,97,22,124,86,40,105,66,76,27,6,1,12"/><U85/><E114/><V37/><F129/><N who="1" m="49769" /><E107/><V82/><F100/><W58/><G124/><T67/><D108/><U122/><E122/><V106/><F106/><W74/><G74/><T41/><D118/><U13/><E29/><V3/><F3/><W92/><G40/><T25/><D75/><U64/><E125/><V21/><F21/><W133/><G133/><N who="2" m="51305" /><F55/><W16/><G105/><T39/><D39/><U113/><E113/><V103/><F47/><W35/><G1/><T31/><D84/><U54/><E85/><V126/><F103/><N who="3" m="60839" /><G34/><T24/><D101/><U83/><E83/><V45/><F45/><W71/><G71/><T18/><D112/><U119/><E119/><V78/><F126/><W70/><G70/><T9/><D94/><U98/><E98/><V77/><F78/><W0/><G35/><T38/><D33/><U30/><E30/><AGARI ba="0,0" hai="10,14,17,20,26,30,36,37,77,82,87" m="51305" machi="30" ten="30,1000,0" yaku="20,1" doraHai="62" who="2" fromWho="1" sc="253,0,269,-10,282,10,196,0" /><INIT seed="6,0,0,2,1,74" ten="253,259,292,196" oya="2" hai0="9,70,132,23,44,86,27,5,79,103,1,61,32" hai1="111,95,125,50,76,100,29,24,105,102,13,69,123" hai2="91,134,85,11,133,56,135,110,18,30,40,126,45" hai3="19,38,72,77,93,31,106,6,113,67,43,25,119"/><V15/><F110/><W115/><G106/><T60/><D132/><U65/><E111/><V20/><F126/><W104/><G104/><T51/><D103/><U130/><E130/><V52/><F30/><W66/><G119/><T121/><D32/><U22/><E123/><V99/><F99/><W89/><G6/><T42/><D121/><U92/><E125/><V63/><F11/><W10/><G43/><T116/><D116/><U48/><E69/><V47/><F40/><W90/><G38/><T83/><REACH who="0" step="1"/><D70/><REACH who="0" ten="243,259,292,196" step="2"/><U127/><E102/><V49/><F134/><W117/><G117/><T55/><D55/><U54/><E54/><N who="2" m="34199" /><F135/><W73/><G67/><T17/><AGARI ba="0,1" hai="1,5,9,17,23,27,42,44,51,60,61,79,83,86" machi="17" ten="20,5200,0" yaku="1,1,0,1,7,1,52,1,53,0" doraHai="74" doraHaiUra="131" who="0" fromWho="0" sc="243,62,259,-13,292,-26,196,-13" /><INIT seed="7,0,0,4,5,2" ten="305,246,266,183" oya="3" hai0="97,22,66,85,84,121,71,113,37,32,50,72,48" hai1="12,18,129,45,100,38,75,101,87,118,23,25,106" hai2="60,122,16,132,43,4,73,123,105,56,99,133,59" hai3="107,28,83,55,117,44,17,57,64,49,51,79,98"/><W36/><G117/><T52/><D32/><U11/><E75/><V77/><F43/><W114/><G114/><T89/><D37/><U0/><E0/><V39/><F39/><W35/><G36/><T1/><D72/><U27/><E129/><V63/><F4/><W74/><G17/><T20/><D1/><U110/><E110/><V58/><F16/><W10/><G10/><T86/><D121/><N who="2" m="46090" /><F105/><W91/><G64/><T130/><D113/><U103/><E118/><V94/><F77/><W125/><G125/><T19/><D130/><U119/><E119/><V31/><F73/><W93/><G107/><T95/><D71/><U40/><E106/><V54/><F31/><W102/><G102/><N who="0" m="60735" /><D66/><U90/><E23/><N who="0" m="8745" /><D19/><U34/><E34/><V21/><F21/><W81/><G81/><N who="0" m="49359" /><D48/><U115/><REACH who="1" step="1"/><E115/><REACH who="1" ten="305,236,266,183" step="2"/><V120/><F120/><W82/><G82/><AGARI ba="0,1" hai="11,12,18,25,27,38,40,45,82,87,90,100,101,103" machi="82" ten="40,2600,0" yaku="1,1,2,1,53,0" doraHai="2" doraHaiUra="62" who="1" fromWho="3" sc="305,0,236,36,266,0,183,-26" owari="305,40.0,272,7.0,266,-13.0,157,-34.0" /></mjloggm>