<mjloggm ver="2.3"><GO type="225" lobby="0"/><UN n0="%E7%84%A1%E3%81%84%EF%BC%81%EF%BC%81" n1="%E3%83%94%E3%83%B3%E3%83%9D%E3%83%B3%E3%83%91%E3%83%BC%E3%83%AB" n2="%E9%9F%93%E8%A1%9B%E9%9D%92" n3="%E5%A4%A9%E7%A9%BA%73%61%79%61" dan="16,16,16,17" rate="2090.66,2083.61,2183.33,2156.33" sx="M,F,F,M"/><TAIKYOKU oya="0"/><INIT seed="0,0,0,2,0,30" ten="250,250,250,250" oya="0" hai0="84,8,118,91,29,92,52,113,71,12,124,6,44" hai1="18,109,123,116,69,131,105,114,100,99,57,37,76" hai2="48,38,2,59,78,127,101,119,45,98,55,128,31" hai3="47,14,40,126,70,53,85,42,10,132,106,22,102"/><T46/><D113/><U129/><E69/><V90/><F128/><N who="1" m="49225" /><E37/><V80/><F127/><W89/><G70/><T66/><D118/><U11/><E57/><V35/><F119/><W5/><G126/><T3/><D124/><U94/><E116/><V50/><F2/><W83/><G132/><T20/><D52/><U86/><E18/><V87/><F38/><W73/><G73/><T135/><D135/><U61/><E11/><V16/><F31/><W56/><G47/><T43/><D43/><U133/><E61/><V60/><F35/><W121/><G121/><T93/><D93/><U1/><E1/><V15/><F78/><W32/><G32/><T110/><D110/><U134/><E123/><V122/><F122/><W28/><G42/><T111/><D111/><U36/><E36/><V62/><F98/><W112/><G40/><T104/><D104/><U81/><E109/><V72/><F101/><W120/><G102/><T130/><D130/><U26/><E26/><V0/><F72/><W25/><G120/><T58/><D71/><U103/><E114/><V107/><F107/><W54/><G106/><T77/><D77/><U13/><E13/><V96/><F96/><AGARI ba="0,0" hai="76,81,86,94,96,99,100,103,105,133,134" m="49225" machi="96" ten="30,3900,0" yaku="19,1,34,2" doraHai="30" who="1" fromWho="2" sc="250,0,250,39,250,-39,250,0" /><BYE who="2" /><UN n2="%E9%9F%93%E8%A1%9B%E9%9D%92" /><INIT seed="1,0,0,3,3,20" ten="250,289,211,250" oya="1" hai0="65,97,127,37,115,120,54,7,135,131,78,129,47" hai1="24,16,90,66,10,57,118,63,99,113,17,55,105" hai2="92,112,1,34,79,33,11,22,58,70,98,83,5" hai3="87,14,89,114,44,81,121,124,53,93,41,25,110"/><U4/><E118/><V40/><F70/><W61/><G114/><T52/><D115/><U119/><E119/><V109/><F112/><W91/><G121/><T116/><D116/><U3/><E113/><V100/><F109/><W125/><G110/><T128/><D120/><U95/><E105/><V94/><F40/><W133/><G133/><T122/><D122/><U0/><E0/><V50/><F92/><W15/><G61/><T82/><D135/><U132/><E132/><V23/><F23/><W130/><G53/><T62/><D127/><N who="3" m="48713" /><G25/><T72/><D7/><U104/><E104/><V123/><F123/><W2/><G2/><T32/><D32/><U77/><E77/><V28/><F58/><W35/><G35/><T46/><D97/><U75/><E75/><V69/><F69/><W134/><G130/><T26/><D26/><U68/><REACH who="1" step="1"/><E24/><REACH who="1" ten="250,279,211,250" step="2"/><V43/><F79/><W45/><G134/><T19/><D128/><U42/><E42/><V18/><F43/><W31/><G41/><T38/><D129/><U49/><AGARI ba="0,1" hai="3,4,10,16,17,49,55,57,63,66,68,90,95,99" machi="49" ten="20,7800,0" yaku="1,1,0,1,7,1,54,1,53,0" doraHai="20" doraHaiUra="106" who="1" fromWho="1" sc="250,-26,279,88,211,-26,250,-26" /><INIT seed="1,1,0,5,5,30" ten="224,367,185,224" oya="1" hai0="108,32,111,9,66,10,51,50,92,84,47,40,37" hai1="52,23,62,106,12,122,14,135,132,98,7,131,57" hai2="77,69,17,88,96,100,93,116,73,64,75,105,35" hai3="68,55,72,44,110,65,21,80,97,16,85,102,82"/><U18/><E122/><V104/><F116/><W70/><G110/><N who="0" m="42027" /><D66/><U101/><REACH who="1" step="1"/><E131/><REACH who="1" ten="224,357,185,224" step="2"/><V119/><F119/><W28/><G68/><T36/><D36/><U123/><E123/><V79/><F69/><W81/><G70/><T120/><D37/><U103/><E103/><V95/><F64/><W49/><G65/><T61/><D120/><U29/><E29/><V2/><F2/><W63/><G28/><T115/><D115/><U130/><E130/><V107/><F35/><W4/><G72/><N who="2" m="27721" /><F17/><W124/><G102/><T0/><D32/><U129/><E129/><V45/><F45/><W33/><G16/><T89/><D0/><U67/><E67/><V22/><F22/><W78/><G21/><T38/><D38/><U71/><E71/><V27/><F27/><W1/><G44/><T117/><D117/><U19/><E19/><V34/><F34/><W87/><G33/><T20/><D20/><U56/><E56/><V42/><F42/><W112/><G1/><T54/><D40/><U121/><E121/><V25/><F25/><W90/><G112/><T127/><D47/><U60/><E60/><V5/><F5/><W94/><G63/><T8/><D61/><U133/><E133/><V58/><F58/><W6/><G6/><T53/><D10/><AGARI ba="1,1" hai="7,10,12,14,18,23,52,57,62,98,101,106,132,135" machi="10" ten="40,3900,0" yaku="1,1,54,1,53,0" doraHai="30" doraHaiUra="24" who="1" fromWho="0" sc="224,-42,357,52,185,0,224,0" /><INIT seed="1,2,0,4,2,58" ten="182,409,185,224" oya="1" hai0="121,17,38,102,72,64,39,93,4,53,73,85,47" hai1="36,118,97,109,0,71,8,45,62,68,125,50,59" hai2="11,14,103,1,9,75,87,55,76,77,135,115,19" hai3="13,34,37,134,2,28,114,98,3,96,89,44,79"/><U35/><E35/><V80/><F135/><W51/><G114/><T33/><D121/><U70/><E0/><V101/><F115/><W30/><G37/><T24/><D4/><U26/><E8/><V84/><F75/><W16/><G134/><T104/><D104/><U43/><E26/><V48/><F1/><W42/><G79/><T127/><D127/><U25/><E25/><V91/><F9/><W113/><G113/><T78/><D64/><N who="1" m="40983" /><E97/><N who="3" m="37482" /><G34/><T123/><D123/><U32/><E32/><V82/><REACH who="2" step="1"/><F91/><REACH who="2" ten="182,409,175,224" step="2"/><W100/><G2/><T56/><D73/><U122/><E122/><V133/><F133/><W74/><G3/><T7/><D72/><U88/><E88/><V112/><F112/><W20/><G74/><T107/><D78/><U18/><E125/><V23/><F23/><W95/><G100/><T69/><D33/><U132/><E132/><V22/><F22/><W86/><AGARI ba="2,1" hai="13,16,20,28,30,42,44,51,86,89,95" m="37482" machi="86" ten="30,2000,0" yaku="8,1,54,1" doraHai="58" who="3" fromWho="3" sc="182,-7,409,-12,175,-7,224,36" /><INIT seed="2,0,0,4,4,112" ten="175,397,168,260" oya="2" hai0="40,71,26,27,28,128,25,48,69,33,34,72,50" hai1="103,133,37,99,82,65,41,115,113,32,8,114,15" hai2="131,124,45,90,9,121,53,117,120,127,17,49,64" hai3="39,111,0,110,116,93,92,29,91,123,56,59,60"/><V67/><F90/><W43/><G123/><N who="2" m="47177" /><F9/><W63/><G0/><T51/><D72/><U130/><E32/><N who="0" m="12393" /><D40/><U73/><E133/><V75/><F17/><W22/><G43/><T62/><D28/><U66/><E73/><V125/><F75/><W5/><G39/><T109/><D62/><U1/><E82/><V30/><F30/><W70/><G29/><T135/><D109/><U94/><E1/><V13/><F13/><W23/><G91/><T74/><D74/><U76/><E76/><V57/><F131/><W36/><G36/><T47/><D47/><U78/><E78/><V88/><F88/><W55/><G5/><T119/><D135/><U14/><E130/><V35/><F35/><W106/><G106/><T21/><D21/><U46/><REACH who="1" step="1"/><E15/><REACH who="1" ten="175,387,168,260" step="2"/><V10/><F10/><W86/><G111/><T85/><D128/><U98/><E98/><V118/><F45/><W87/><G110/><T11/><D11/><U52/><E52/><V89/><F89/><W20/><G55/><T102/><D85/><U129/><E129/><V80/><F80/><W95/><G87/><T61/><D102/><U12/><E12/><V7/><F7/><AGARI ba="0,1" hai="7,8,14,37,41,46,65,66,94,99,103,113,114,115" machi="7" ten="40,1300,0" yaku="1,1,53,0" doraHai="112" doraHaiUra="122" who="1" fromWho="2" sc="175,0,387,23,168,-13,260,0" /><BYE who="2" /><UN n2="%E9%9F%93%E8%A1%9B%E9%9D%92" /><INIT seed="3,0,0,5,0,56" ten="175,410,155,260" oya="3" hai0="88,14,69,120,121,127,70,78,134,24,4,13,95" hai1="5,21,71,65,96,53,10,103,35,59,63,110,83" hai2="55,8,122,28,9,3,79,128,51,11,22,107,31" hai3="16,64,106,30,52,112,84,12,20,133,58,102,43"/><W100/><G112/><T48/><D78/><U1/><E35/><V109/><F107/><W126/><G126/><T135/><D127/><U82/><E110/><V62/><F109/><W32/><G106/><T76/><D76/><U117/><E21/><V92/><F3/><W99/><G99/><T113/><D113/><U38/><E38/><V111/><F111/><W19/><G43/><T60/><D48/><U97/><E117/><V57/><F128/><W0/><G0/><T94/><D24/><U61/><E97/><V23/><F122/><N who="0" m="47210" /><D94/><AGARI ba="0,0" hai="1,5,10,53,59,61,63,65,71,82,83,94,96,103" machi="94" ten="30,3900,0" yaku="7,1,52,2" doraHai="56" who="1" fromWho="0" sc="175,-39,410,39,155,0,260,0" owari="136,-36.0,449,54.0,155,-24.0,260,6.0" /></mjloggm>