<mjloggm ver="2.3"><GO type="169" lobby="0"/><UN n0="%6B%6F%7A%61%6B%69%6E%67" n1="%E3%83%89%E3%83%B3%E3%82%AB%E3%83%A9%E3%82%B9" n2="%E3%81%A1%27%E3%82%93%E3%81%BD%E3%81%A3%E3%81%BD" n3="%E3%81%BE%E3%81%99%E3%81%9E%E3%81%88" dan="16,16,16,16" rate="2082.20,2078.65,2138.23,2110.32" sx="M,M,M,M"/><TAIKYOKU oya="0"/><INIT seed="0,0,0,3,3,93" ten="250,250,250,250" oya="0" hai0="3,118,37,36,124,11,31,9,24,49,98,52,97" hai1="6,81,0,42,21,60,44,50,128,92,112,62,34" hai2="102,96,13,133,119,33,7,69,99,131,28,5,107" hai3="18,1,22,91,72,23,108,63,86,126,88,95,78"/><T67/><D118/><U111/><E34/><V16/><F119/><W116/><G116/><T40/><D124/><U25/><E111/><V75/><F75/><W83/><G108/><T127/><D127/><U46/><E128/><V106/><F69/><W54/><G126/><T55/><D3/><U101/><E112/><V29/><F131/><W61/><G1/><T89/><D37/><U59/><E81/><V68/><F68/><W90/><G23/><N who="0" m="15775" /><D36/><U65/><E62/><V132/><F33/><W58/><REACH who="3" step="1"/><G63/><REACH who="3" ten="250,250,250,240" step="2"/><T20/><D20/><U19/><E0/><V4/><F133/><W114/><G114/><T17/><D9/><U66/><E60/><V64/><F132/><W123/><G123/><T30/><D30/><U27/><E21/><V48/><F64/><W56/><G56/><T74/><D67/><U103/><E59/><V53/><F28/><W113/><G113/><T117/><D117/><U32/><E32/><V73/><F29/><W105/><G105/><T41/><D11/><U38/><E66/><V47/><F107/><W57/><G57/><N who="0" m="32911" /><D74/><U51/><E65/><V8/><F73/><W26/><AGARI ba="0,1" hai="18,22,26,54,58,61,72,78,83,86,88,90,91,95" machi="26" ten="20,5200,0" yaku="1,1,0,1,7,1,54,1,53,0" doraHai="93" doraHaiUra="71" who="3" fromWho="3" sc="250,-26,250,-13,250,-13,240,62" /><INIT seed="1,0,0,4,5,31" ten="224,237,237,302" oya="1" hai0="17,54,96,87,13,57,111,8,12,36,25,126,69" hai1="127,23,49,65,129,100,0,64,53,50,99,105,27" hai2="118,76,22,83,2,70,86,30,75,102,45,11,112" hai3="56,3,85,67,94,107,29,81,24,93,78,41,121"/><U59/><E127/><V6/><F118/><W46/><G121/><T4/><D126/><U97/><E129/><V79/><F112/><W35/><G3/><T48/><D69/><U104/><E0/><V55/><F70/><W21/><G107/><T37/><D111/><U58/><E23/><V9/><F9/><W110/><G110/><T84/><D25/><U88/><E27/><V109/><F109/><W124/><G124/><T103/><D37/><U120/><E120/><V68/><F68/><W95/><G67/><T123/><D36/><U61/><E88/><V117/><F102/><W60/><G21/><T92/><REACH who="0" step="1"/><D123/><REACH who="0" ten="214,237,237,302" step="2"/><U16/><E100/><V130/><F117/><W15/><G15/><T122/><D122/><U115/><E115/><V32/><F130/><W44/><G41/><T28/><D28/><U132/><E132/><V66/><F30/><W18/><G24/><T71/><D71/><U73/><E105/><V134/><F134/><W34/><G29/><T1/><D1/><U26/><E104/><V14/><F2/><W125/><G125/><T39/><D39/><U40/><E26/><V90/><F14/><W91/><G18/><T38/><D38/><U131/><E131/><V114/><F114/><W62/><G95/><T74/><D74/><U77/><E16/><V63/><F75/><W98/><G94/><T19/><D19/><U43/><E73/><V101/><F6/><W7/><G93/><T10/><AGARI ba="0,1" hai="4,8,10,12,13,17,48,54,57,84,87,92,96,103" machi="10" ten="20,5200,0" yaku="1,1,0,1,7,1,8,1,53,0" doraHai="31" doraHaiUra="106" who="0" fromWho="0" sc="214,62,237,-26,237,-13,302,-13" /><INIT seed="2,0,0,0,1,83" ten="276,211,224,289" oya="2" hai0="55,132,123,93,18,106,109,125,49,52,97,37,6" hai1="19,7,77,22,27,9,92,117,129,1,44,28,135" hai2="81,130,91,33,66,54,20,96,43,110,99,121,103" hai3="8,85,34,30,39,11,119,71,35,105,104,134,24"/><V102/><BYE who="1" /><F121/><UN n1="%E3%83%89%E3%83%B3%E3%82%AB%E3%83%A9%E3%82%B9" /><W88/><G119/><T2/><D123/><U21/><E117/><V84/><F33/><W16/><G39/><T17/><D37/><U4/><E135/><V86/><F130/><W23/><G71/><T69/><D69/><U112/><E129/><V38/><F66/><W41/><G134/><T98/><D109/><U133/><E133/><V57/><F110/><W50/><G35/><T89/><D132/><U64/><E112/><V131/><F131/><W29/><G105/><T108/><D108/><U10/><E77/><V113/><F113/><W15/><G104/><T45/><D125/><U74/><E74/><V26/><F43/><W116/><G116/><T5/><D2/><U101/><E44/><V95/><F38/><W58/><G30/><T48/><D106/><U67/><E101/><V40/><F40/><W78/><G78/><T82/><D82/><U0/><REACH who="1" step="1"/><E92/><REACH who="1" ten="276,201,224,289" step="2"/><V107/><F107/><W62/><G41/><T3/><D45/><U126/><E126/><V73/><F73/><W59/><G59/><T61/><D93/><U32/><E32/><V114/><F114/><W47/><G47/><T46/><D46/><U76/><E76/><N who="2" m="46119" /><F103/><W94/><G50/><T13/><D49/><U122/><E122/><V56/><F102/><W63/><G63/><T31/><D48/><U36/><E36/><V115/><F115/><W124/><G124/><T120/><D61/><U12/><AGARI ba="0,1" hai="0,1,4,7,9,10,12,19,21,22,27,28,64,67" machi="12" ten="20,8000,1" yaku="1,1,0,1,7,1,9,1,53,1" doraHai="83" doraHaiUra="14" who="1" fromWho="1" sc="276,-20,201,90,224,-40,289,-20" /><INIT seed="3,0,0,4,5,37" ten="256,291,184,269" oya="3" hai0="52,63,102,17,120,8,43,65,130,129,88,50,123" hai1="38,121,40,109,99,83,35,117,16,25,113,20,94" hai2="95,53,1,7,86,133,76,79,91,119,107,59,27" hai3="74,14,125,131,55,46,9,66,81,11,22,97,115"/><W41/><G115/><T12/><D102/><U5/><E121/><V23/><F119/><W13/><G131/><N who="0" m="50187" /><D123/><U80/><E113/><V21/><F107/><W103/><G125/><T114/><D114/><U73/><E109/><V72/><F133/><W34/><G34/><T118/><D118/><U84/><E117/><V51/><F72/><W3/><G3/><T104/><D104/><U112/><E112/><V39/><F39/><W105/><G66/><T62/><D65/><U15/><E73/><V42/><F23/><W93/><G105/><T29/><D29/><U124/><E124/><V2/><F2/><W33/><G33/><T85/><D43/><U87/><E35/><V128/><F128/><W49/><G74/><T70/><D70/><U90/><E40/><V101/><F101/><W0/><G0/><T61/><D120/><U31/><E38/><V122/><F122/><W132/><G132/><T78/><D78/><U10/><REACH who="1" step="1"/><E31/><REACH who="1" ten="256,281,184,269" step="2"/><V19/><F1/><W44/><G41/><T92/><D63/><U48/><E48/><V96/><F42/><W69/><G49/><T108/><D108/><U82/><AGARI ba="0,1" hai="5,10,15,16,20,25,80,82,83,84,87,90,94,99" machi="82" ten="30,7900,0" yaku="1,1,0,1,8,1,54,1,53,0" doraHai="37" doraHaiUra="54" who="1" fromWho="1" sc="256,-20,281,89,184,-20,269,-39" /><INIT seed="4,0,0,5,3,117" ten="236,370,164,230" oya="0" hai0="58,129,89,6,127,36,76,108,85,98,42,119,97" hai1="38,53,21,22,81,122,54,105,78,100,104,0,33" hai2="83,45,30,32,50,62,43,115,84,11,96,75,61" hai3="106,103,47,111,116,101,71,107,16,65,2,79,19"/><T92/><D119/><U102/><E33/><V18/><F75/><W34/><G116/><T109/><D6/><U8/><E38/><V59/><F115/><W99/><G111/><N who="0" m="42571" /><D58/><U1/><E81/><V64/><F96/><W51/><G2/><T130/><D42/><U88/><E78/><V63/><F30/><W4/><G34/><T134/><D36/><U17/><E88/><N who="2" m="51231" /><F32/><W39/><G39/><T80/><D134/><U90/><E90/><V14/><AGARI ba="0,0" hai="11,14,18,43,45,50,59,61,62,63,64" m="51231" machi="14" ten="30,2000,0" yaku="8,1,54,1" doraHai="117" who="2" fromWho="2" sc="236,-10,370,-5,164,20,230,-5" /><INIT seed="5,0,0,5,0,122" ten="226,365,184,225" oya="1" hai0="110,81,125,132,47,73,31,129,3,16,107,131,75" hai1="127,83,2,63,71,53,13,45,19,17,25,120,20" hai2="60,56,128,37,28,18,79,9,34,133,106,24,41" hai3="69,103,70,39,119,51,117,94,134,0,55,30,102"/><U121/><E2/><V96/><F128/><W101/><G39/><T50/><D3/><U26/><E127/><V21/><F133/><W4/><G134/><T61/><D132/><U82/><E26/><V62/><F79/><W115/><G115/><T27/><D125/><U32/><E71/><V64/><F60/><W97/><G30/><T7/><D107/><U78/><E83/><V42/><F37/><W114/><G114/><T6/><D61/><U87/><E32/><V88/><F9/><N who="3" m="2183" /><G69/><T66/><D66/><U112/><E112/><V99/><F99/><W58/><G70/><T95/><D95/><U52/><E45/><V93/><REACH who="2" step="1"/><F106/><REACH who="2" ten="226,365,174,225" step="2"/><W1/><G119/><T10/><D10/><U72/><E63/><V36/><F36/><W104/><G117/><T123/><D131/><U43/><E43/><V84/><F84/><W22/><G104/><T124/><BYE who="1" /><D129/><U57/><E57/><V67/><F67/><W85/><G97/><UN n1="%E3%83%89%E3%83%B3%E3%82%AB%E3%83%A9%E3%82%B9" /><T44/><D124/><U54/><REACH who="1" step="1"/><E87/><REACH who="1" ten="226,355,174,225" step="2"/><V8/><F8/><AGARI ba="0,2" hai="8,13,17,19,20,25,52,53,54,72,78,82,120,121" machi="8" ten="40,18000,2" yaku="1,1,2,1,54,1,53,3" doraHai="122" doraHaiUra="48" who="1" fromWho="2" sc="226,0,355,200,174,-180,225,0" owari="226,3.0,555,65.0,-6,-51.0,225,-17.0" /></mjloggm>