<mjloggm ver="2.3"><GO type="169" lobby="0"/><UN n0="%61%70%70%6C%61%75%73%65" n1="%E6%9D%91%E6%9D%BE%E3%80%90%E6%9C%AC%E7%89%A9%E3%80%91" n2="%E3%83%8E%E3%82%AA%E3%83%81%E3%83%A3%E3%83%99%E3%82%B9" n3="%E9%B4%A8%E8%91%B1%E5%A4%AA%E9%83%8E" dan="16,16,16,17" rate="2125.13,2115.50,2085.24,2172.08" sx="F,M,M,M"/><TAIKYOKU oya="0"/><INIT seed="0,0,0,5,1,57" ten="250,250,250,250" oya="0" hai0="17,2,42,15,91,124,61,99,41,20,76,80,121" hai1="114,51,74,16,103,101,38,77,36,108,63,131,11" hai2="84,86,128,115,62,111,129,126,106,34,105,87,104" hai3="18,9,118,47,12,66,93,78,133,29,26,33,64"/><T95/><D121/><U25/><E114/><V44/><F34/><W85/><G118/><T107/><D124/><U82/><E131/><N who="2" m="50251" /><F44/><W0/><G133/><T54/><D2/><U112/><E112/><V110/><F115/><W79/><G79/><T43/><D107/><U72/><E108/><N who="2" m="41515" /><F62/><W125/><G125/><AGARI ba="0,0" hai="84,86,87,104,105,106,125,126" m="41515,50251" machi="125" ten="50,12000,2" yaku="28,2,19,1,14,1,34,2" doraHai="57" who="2" fromWho="3" sc="250,0,250,0,250,120,250,-120" /><INIT seed="1,0,0,5,0,37" ten="250,250,370,130" oya="1" hai0="18,97,98,40,87,105,132,104,41,123,51,112,100" hai1="16,49,46,125,92,76,110,60,83,13,39,0,128" hai2="5,103,24,28,11,95,93,133,50,72,7,127,26" hai3="21,106,56,135,69,12,59,2,77,48,96,38,114"/><U79/><E0/><V22/><F72/><W113/><G38/><T15/><D112/><U31/><E125/><V27/><F127/><W58/><G2/><T99/><D132/><U52/><E39/><V47/><F133/><W29/><G69/><T71/><D71/><U81/><E128/><V25/><F103/><W82/><G135/><T42/><D123/><U85/><E110/><V111/><F111/><W129/><G129/><T65/><D65/><U6/><E6/><V45/><F45/><W68/><G68/><T30/><D30/><U107/><E107/><V108/><F108/><W62/><G62/><T33/><D33/><U74/><E31/><V20/><F20/><W4/><G29/><T32/><D32/><U57/><E92/><N who="2" m="35403" /><F11/><W44/><G96/><T102/><D87/><U3/><E3/><V70/><F70/><W116/><G106/><T94/><D94/><U19/><REACH who="1" step="1"/><E13/><REACH who="1" ten="250,240,370,130" step="2"/><V119/><F119/><W1/><G1/><T120/><D98/><U124/><E124/><V109/><F109/><W115/><G116/><T64/><D120/><U101/><E101/><V23/><F7/><W86/><G114/><T130/><D130/><U63/><E63/><V80/><F5/><W131/><G131/><T34/><D34/><U9/><E9/><V54/><F80/><W55/><G4/><T61/><D61/><U118/><E118/><V35/><F35/><W10/><G10/><T91/><D64/><AGARI ba="0,1" hai="16,19,46,49,52,57,60,64,74,76,79,81,83,85" machi="64" ten="30,18000,2" yaku="1,1,7,1,54,2,53,2" doraHai="37" doraHaiUra="75" who="1" fromWho="0" sc="250,-180,240,190,370,0,130,0" /><INIT seed="1,1,0,3,5,36" ten="70,430,370,130" oya="1" hai0="45,119,25,129,75,53,64,92,127,3,81,134,56" hai1="97,38,60,55,51,102,70,1,111,84,93,14,101" hai2="82,120,116,117,15,80,107,108,132,26,39,52,94" hai3="48,79,19,109,67,68,123,100,58,22,135,20,122"/><U95/><E38/><V37/><F107/><W126/><G68/><T35/><D119/><U133/><E1/><V44/><F120/><W41/><G135/><T42/><D134/><U72/><E72/><V103/><F132/><W131/><G131/><T4/><D129/><U2/><E2/><V18/><F26/><W23/><G126/><T28/><D127/><U87/><E133/><V99/><F39/><W47/><G100/><T63/><D92/><U114/><E114/><V78/><F82/><W104/><G104/><T54/><D4/><U89/><E111/><V7/><F7/><W125/><G125/><T16/><D3/><U46/><E14/><V24/><F24/><W85/><G109/><T27/><D81/><U77/><E77/><V12/><F12/><W124/><G124/><T50/><REACH who="0" step="1"/><D75/><REACH who="0" ten="60,430,370,130" step="2"/><U10/><E101/><V98/><F108/><W91/><G123/><T121/><D121/><U128/><E128/><V30/><F117/><W13/><G122/><T113/><D113/><U66/><E87/><V74/><F116/><W130/><G130/><T5/><D5/><U88/><E102/><V71/><F94/><W43/><G85/><T0/><D0/><U62/><E62/><V73/><F73/><W33/><G13/><T69/><D69/><U34/><E95/><V32/><F103/><W29/><G29/><T57/><D57/><U61/><E61/><V105/><F71/><W90/><G58/><T118/><D118/><U65/><E60/><V9/><F74/><W21/><G19/><T110/><D110/><U86/><E93/><V8/><F105/><RYUUKYOKU ba="1,1" sc="60,30,430,-10,370,-10,130,-10" hai0="16,25,27,28,35,42,45,50,53,54,56,63,64" /><INIT seed="2,2,1,3,2,43" ten="90,420,360,120" oya="2" hai0="91,72,93,131,37,49,103,95,4,117,62,92,127" hai1="124,133,73,96,28,69,70,116,2,104,36,64,130" hai2="29,68,134,100,75,5,114,23,16,6,31,8,59" hai3="12,45,13,135,78,86,113,41,84,26,42,112,53"/><V56/><F68/><W66/><G66/><T119/><D37/><U1/><RYUUKYOKU type="yao9" ba="2,1" sc="90,0,420,0,360,0,120,0" hai1="1,2,28,36,64,69,70,73,96,104,116,124,130,133" /><INIT seed="2,3,1,0,1,35" ten="90,420,360,120" oya="2" hai0="51,9,44,116,91,107,119,38,0,45,95,31,117" hai1="94,28,131,104,32,58,112,125,129,20,56,122,40" hai2="77,113,2,42,102,24,79,47,88,50,29,126,23" hai3="11,12,13,133,53,61,64,78,49,74,3,27,68"/><V114/><F102/><W57/><G133/><T108/><D107/><U37/><E104/><V25/><F126/><W97/><G74/><T110/><D31/><U118/><E32/><V135/><F135/><W18/><G78/><T30/><D30/><U84/><E118/><V72/><F24/><W48/><G49/><T41/><D9/><U66/><E122/><V36/><F50/><W99/><G3/><T106/><D106/><U132/><E132/><V134/><F134/><W87/><G87/><T34/><D34/><U1/><E112/><V115/><F72/><W96/><G27/><T70/><D70/><U111/><E111/><N who="0" m="42537" /><D95/><U124/><E1/><V123/><F123/><W26/><G26/><T17/><D17/><U67/><E37/><V81/><REACH who="2" step="1"/><F2/><REACH who="2" ten="90,420,350,120" step="2"/><W75/><G75/><T76/><D0/><U22/><E124/><V19/><F19/><W65/><G13/><T120/><D120/><U69/><E125/><V71/><F71/><W109/><G109/><T4/><D4/><U59/><E69/><V7/><F7/><W6/><G6/><T86/><D38/><U128/><E128/><V85/><AGARI ba="3,2" hai="23,25,29,36,42,47,77,79,81,85,88,113,114,115" machi="85" ten="40,7800,0" yaku="1,1,0,1,54,1,53,0" doraHai="35" doraHaiUra="103" who="2" fromWho="2" sc="90,-29,420,-29,350,107,120,-29" /><INIT seed="2,4,0,4,3,104" ten="61,391,457,91" oya="2" hai0="20,130,85,98,55,70,121,37,125,36,88,96,50" hai1="89,25,23,129,65,68,92,135,19,100,101,115,17" hai2="60,109,128,134,63,26,14,45,13,113,73,1,71" hai3="56,58,108,114,120,54,132,86,124,12,105,57,97"/><V79/><F1/><W95/><G105/><T41/><D121/><U67/><E115/><V90/><F113/><W72/><G120/><T119/><D70/><U2/><E2/><V116/><F116/><W83/><G114/><T74/><D74/><U66/><E129/><V82/><F128/><W8/><G124/><T5/><D130/><U30/><E135/><V42/><F134/><W16/><G72/><T7/><D125/><U40/><E40/><V84/><F26/><W62/><G132/><T28/><D36/><U53/><E68/><V18/><F109/><W4/><G4/><N who="0" m="1611" /><D37/><U61/><E19/><V43/><F14/><W34/><G34/><T126/><D41/><U127/><E30/><V31/><F31/><W35/><G35/><T29/><D126/><U39/><E39/><V47/><F43/><W87/><G108/><T15/><D28/><U46/><E127/><V49/><F47/><W99/><G99/><T94/><D119/><U27/><E27/><V110/><F71/><W21/><G8/><T122/><D122/><U75/><E75/><V33/><F33/><W117/><G117/><T112/><D112/><U80/><E80/><V22/><F110/><W6/><G6/><T10/><D10/><U118/><E46/><V69/><F69/><W52/><G62/><T11/><D11/><U123/><E123/><V64/><F64/><W3/><G3/><T76/><D76/><U44/><E44/><V131/><F131/><W107/><G107/><T0/><D0/><U51/><E118/><V77/><F77/><N who="3" m="46447" /><G97/><T111/><D111/><U91/><E65/><RYUUKYOKU ba="4,0" sc="61,-15,391,-15,457,15,91,15" hai2="13,18,22,42,45,49,60,63,73,79,82,84,90" hai3="12,16,21,52,54,56,57,58,87,95" /><INIT seed="2,5,0,5,5,120" ten="46,376,472,106" oya="2" hai0="106,67,28,40,50,114,76,23,3,109,116,115,4" hai1="9,12,30,81,93,51,71,99,75,97,20,29,45" hai2="35,22,83,74,112,39,73,77,91,79,122,13,43" hai3="133,10,1,59,6,126,21,117,111,134,124,92,72"/><V101/><F35/><W44/><G72/><T104/><D67/><U34/><E34/><V70/><F122/><W128/><G117/><T82/><D116/><U61/><E71/><V37/><F70/><W78/><G78/><T107/><D23/><U62/><E75/><V5/><F101/><W95/><G44/><T54/><D28/><U90/><E81/><V130/><F112/><W53/><G21/><T89/><D89/><U42/><E97/><V2/><F91/><W14/><G1/><T49/><D49/><U24/><REACH who="1" step="1"/><E30/><REACH who="1" ten="46,366,472,106" step="2"/><V113/><F74/><W38/><G133/><T96/><D82/><U16/><AGARI ba="5,1" hai="9,12,16,20,24,29,42,45,51,61,62,90,93,99" machi="16" ten="20,12000,2" yaku="1,1,2,1,0,1,7,1,8,1,54,1,53,0" doraHai="120" doraHaiUra="69" who="1" fromWho="1" sc="46,-35,366,145,472,-65,106,-35" /><INIT seed="3,0,0,0,0,134" ten="11,511,407,71" oya="3" hai0="0,96,11,111,16,57,23,63,120,68,22,6,43" hai1="64,1,15,59,12,72,73,28,105,49,118,14,66" hai2="53,108,33,55,56,117,113,54,102,109,86,107,32" hai3="129,124,42,119,38,47,18,85,106,131,37,83,74"/><W101/><G119/><T27/><D120/><U114/><E1/><V100/><F56/><W65/><G65/><T80/><D111/><N who="2" m="42570" /><F86/><W40/><G18/><T5/><D68/><U39/><E105/><V84/><F84/><W99/><G124/><T67/><D43/><U17/><E39/><V41/><F41/><W121/><G121/><T45/><D45/><U36/><E36/><V9/><F9/><W58/><G58/><T88/><D23/><U126/><E126/><V81/><F81/><W89/><REACH who="3" step="1"/><G74/><REACH who="3" ten="11,511,407,61" step="2"/><T97/><D5/><U7/><E118/><V135/><F117/><W24/><G24/><T110/><D110/><U62/><E72/><V35/><F107/><W112/><G112/><T52/><D67/><U50/><E73/><V82/><F82/><W125/><G125/><T20/><D20/><U44/><E114/><V128/><F113/><W98/><G98/><T26/><REACH who="0" step="1"/><D27/><REACH who="0" ten="1,511,407,61" step="2"/><U92/><E64/><V76/><F35/><W116/><G116/><T34/><D34/><U46/><E66/><V90/><F33/><W132/><G132/><T29/><D29/><U60/><E28/><V127/><F32/><W70/><G70/><T4/><D4/><U94/><E7/><V10/><F135/><W133/><G133/><T87/><AGARI ba="0,2" hai="0,6,11,16,22,26,52,57,63,80,87,88,96,97" machi="87" ten="30,12000,2" yaku="1,1,0,1,54,3,53,1" doraHai="134" doraHaiUra="78" who="0" fromWho="0" sc="1,140,511,-30,407,-30,61,-60" /><INIT seed="4,0,0,5,2,99" ten="141,481,377,1" oya="0" hai0="38,102,84,109,108,24,58,90,96,33,27,114,4" hai1="76,67,122,53,105,120,94,29,30,71,49,12,126" hai2="43,48,62,87,81,134,89,60,5,123,26,107,135" hai3="31,39,36,72,77,17,15,68,44,119,25,131,20"/><T7/><D38/><U59/><E105/><V14/><F107/><W104/><G68/><T41/><D58/><U86/><E126/><V112/><F123/><W13/><G104/><T101/><D96/><U57/><E71/><V16/><F112/><W2/><G119/><T55/><D41/><U34/><E34/><V82/><F5/><W22/><G2/><T97/><D97/><U95/><E120/><V128/><F26/><W56/><G131/><T130/><D130/><U79/><E122/><V121/><F121/><W73/><G77/><T1/><D114/><U132/><E132/><N who="2" m="50731" /><F128/><W100/><G100/><N who="0" m="38507" /><D55/><U113/><E113/><V98/><F98/><W61/><G39/><T106/><D106/><U93/><E12/><V69/><F82/><W117/><G117/><T75/><D75/><U64/><E86/><V80/><F81/><W37/><G37/><T9/><D7/><U92/><E57/><V111/><F111/><N who="0" m="42570" /><D33/><U42/><E42/><V11/><F69/><W116/><G116/><T23/><D23/><U125/><E125/><V28/><F43/><N who="3" m="22631" /><G73/><T118/><D118/><U3/><E64/><V32/><F48/><W74/><G74/><T40/><D40/><U124/><E67/><V91/><F32/><W51/><G72/><T103/><N who="0" m="38515" /><T35/><DORA hai="19" /><D35/><U46/><E124/><V54/><F54/><N who="3" m="33943" /><G51/><T8/><D8/><U65/><E49/><V78/><F62/><W45/><G45/><T115/><D115/><U63/><E46/><V21/><F60/><W50/><G50/><T18/><D18/><U88/><E63/><V110/><F110/><RYUUKYOKU ba="0,0" sc="141,10,481,-30,377,10,1,10" hai0="1,4,9,24,27,84,90" hai2="11,14,16,21,28,78,80,87,89,91" hai3="13,15,17,20,22,25,31" /><INIT seed="4,1,0,3,4,88" ten="151,451,387,11" oya="0" hai0="92,24,64,39,58,49,0,14,52,46,130,120,51" hai1="118,123,115,89,15,84,28,48,9,18,102,112,98" hai2="53,56,62,103,65,71,5,57,67,7,29,70,86" hai3="104,10,113,41,110,31,26,124,38,132,126,72,108"/><T32/><D0/><U96/><E118/><V22/><F71/><W25/><G104/><T34/><D120/><U19/><E123/><V42/><F70/><W78/><G78/><T2/><D2/><U76/><E28/><V21/><F42/><W105/><G105/><T101/><D130/><U83/><E48/><V134/><F134/><W61/><G72/><T8/><D39/><U125/><E125/><N who="3" m="48234" /><G132/><T127/><D127/><U69/><E69/><V131/><F131/><W20/><G61/><T54/><D64/><U114/><E102/><V6/><F29/><N who="3" m="17575" /><G41/><T60/><D60/><U45/><E45/><V17/><F22/><N who="3" m="15831" /><G38/><T73/><D73/><U4/><E76/><V74/><F74/><W91/><G91/><T109/><D109/><U44/><E44/><V95/><F57/><W82/><G82/><T94/><D101/><U12/><E96/><V23/><F23/><W36/><G36/><T106/><D106/><U1/><E98/><V133/><F133/><W99/><G99/><T97/><D97/><U50/><E50/><V66/><F103/><W87/><G87/><T33/><REACH who="0" step="1"/><D24/><REACH who="0" ten="141,451,387,11" step="2"/><U3/><E114/><V135/><F135/><W59/><G113/><T63/><D63/><U85/><E112/><V80/><F67/><W16/><G59/><T93/><D93/><U121/><E115/><V90/><REACH who="2" step="1"/><F80/><REACH who="2" ten="141,451,377,11" step="2"/><W129/><G129/><T117/><D117/><U75/><E121/><V107/><F107/><W81/><G81/><T11/><D11/><U40/><E9/><V27/><AGARI ba="1,2" hai="5,6,7,17,21,27,53,56,62,65,66,86,90,95" machi="27" ten="30,7900,0" yaku="1,1,0,1,8,1,52,1,53,0" doraHai="88" doraHaiUra="35" who="2" fromWho="2" sc="141,-40,451,-21,377,102,11,-21" owari="101,-30.0,430,23.0,479,58.0,-10,-51.0" /></mjloggm>