<mjloggm ver="2.3"><GO type="225" lobby="0"/><UN n0="%48%2E%4D%65%74%61%6C" n1="%E3%83%94%E3%83%B3%E3%83%9D%E3%83%B3%E3%83%91%E3%83%BC%E3%83%AB" n2="%E3%83%8A%E3%83%99%E3%83%AA%E3%83%B3" n3="%E5%A4%A9%E7%A9%BA%73%61%79%61" dan="16,16,16,17" rate="2035.27,2083.14,2095.75,2154.64" sx="M,F,M,M"/><TAIKYOKU oya="0"/><INIT seed="0,0,0,0,2,53" ten="250,250,250,250" oya="0" hai0="123,99,43,111,57,32,116,115,63,90,41,50,74" hai1="1,133,129,80,65,14,42,112,113,13,49,119,122" hai2="12,36,8,72,84,64,38,40,82,126,76,46,66" hai3="4,107,20,45,7,134,79,125,86,55,109,85,21"/><T88/><D115/><N who="1" m="44107" /><E1/><V16/><F126/><W24/><G107/><T94/><D116/><U87/><E119/><V31/><F38/><W89/><G125/><T9/><D123/><U83/><E122/><V3/><F31/><W100/><G100/><T22/><D74/><U15/><E65/><V101/><F101/><W131/><G131/><T73/><D73/><U51/><E129/><V96/><F96/><W77/><G109/><T81/><D32/><U118/><E118/><V71/><F71/><W110/><G134/><T23/><D9/><U102/><E133/><V103/><F103/><W52/><G45/><N who="0" m="25903" /><D43/><U30/><E30/><V105/><F105/><W60/><G24/><T120/><D120/><U61/><E61/><V104/><F104/><W58/><G60/><T54/><D111/><U0/><E0/><V130/><F130/><W68/><G110/><T98/><D98/><U35/><E102/><V37/><F37/><W5/><G68/><T17/><D17/><U91/><E35/><V44/><F44/><W39/><G39/><T2/><D2/><U11/><E42/><V121/><F121/><W117/><G117/><T10/><D10/><U48/><E11/><N who="2" m="6175" /><F84/><AGARI ba="0,0" hai="22,23,54,57,63,81,84,88,90,94,99" m="25903" machi="84" ten="30,5800,0" yaku="8,1,52,1,54,1" doraHai="53" who="0" fromWho="2" sc="250,58,250,0,250,-58,250,0" /><INIT seed="0,1,0,4,1,4" ten="308,250,192,250" oya="0" hai0="37,69,32,85,94,11,33,13,49,19,61,53,96" hai1="55,17,84,26,131,44,101,89,125,25,128,5,1" hai2="87,42,110,57,54,67,119,52,8,123,90,118,24" hai3="28,113,117,60,97,111,46,76,93,34,103,38,108"/><T121/><D37/><U105/><E125/><V124/><F123/><W132/><G113/><T16/><D121/><U63/><E105/><V31/><F124/><W45/><G117/><N who="2" m="44553" /><F42/><W91/><G132/><T74/><D74/><U36/><E101/><V86/><F110/><N who="3" m="42027" /><G38/><T66/><D85/><N who="2" m="32266" /><F90/><W59/><G76/><T134/><D19/><U43/><E1/><V135/><F135/><W18/><G18/><T21/><D21/><U12/><E5/><V133/><F133/><W81/><G81/><T95/><D134/><U7/><E7/><V70/><F70/><W41/><G41/><T23/><D23/><U29/><E55/><N who="2" m="21035" /><F57/><W126/><G91/><T78/><D78/><U102/><E102/><V77/><F77/><W100/><G103/><T27/><D94/><U127/><E127/><V9/><F67/><N who="3" m="39327" /><G126/><T129/><D69/><U73/><E73/><V68/><F68/><W6/><G6/><T92/><D95/><U122/><E122/><V106/><F106/><W104/><G104/><T58/><D92/><U109/><E109/><V107/><F107/><W116/><G116/><T80/><D66/><U40/><E43/><V82/><F82/><W83/><G83/><T62/><D80/><U0/><E40/><V88/><F88/><W20/><G100/><T15/><D58/><U22/><E89/><V120/><F120/><W30/><G93/><T72/><D72/><U65/><E36/><V115/><F115/><W3/><G3/><T39/><D39/><U98/><E0/><V79/><F79/><W2/><G2/><T14/><D33/><AGARI ba="1,0" hai="8,9,24,31,33" m="21035,32266,44553" machi="33" ten="30,7700,0" yaku="12,1,52,2,54,1" doraHai="4" who="2" fromWho="0" sc="308,-80,250,0,192,80,250,0" /><INIT seed="1,0,0,4,2,102" ten="228,250,272,250" oya="1" hai0="133,79,54,57,103,65,26,127,98,36,35,32,0" hai1="105,51,121,20,22,24,19,30,55,1,6,34,88" hai2="23,74,110,62,61,77,12,126,18,64,69,84,82" hai3="85,120,114,41,31,117,76,122,124,47,123,60,63"/><U45/><E121/><V48/><F110/><W131/><G114/><T15/><D36/><U16/><E105/><V91/><F126/><W112/><G112/><T58/><D0/><U9/><E34/><V7/><F7/><W125/><G131/><T99/><D127/><N who="3" m="48713" /><G31/><T132/><D79/><U94/><REACH who="1" step="1"/><E22/><REACH who="1" ten="228,240,272,250" step="2"/><V92/><F69/><W46/><G122/><T44/><D35/><U13/><E13/><V17/><F64/><W10/><G123/><T4/><D15/><U14/><E14/><V50/><F18/><W107/><G120/><T33/><D32/><U108/><E108/><V104/><F104/><W89/><G107/><T106/><D33/><U27/><E27/><V134/><F134/><W111/><G111/><T25/><D26/><U59/><E59/><V135/><F135/><W113/><G113/><T56/><D25/><U5/><E5/><V90/><F90/><W72/><G89/><T29/><D4/><U53/><E53/><V109/><F109/><W42/><G42/><T66/><D133/><U87/><AGARI ba="0,1" hai="1,6,9,16,19,20,24,30,45,51,55,87,88,94" machi="87" ten="20,12000,1" yaku="1,1,0,1,7,1,54,2,53,0" doraHai="102" doraHaiUra="130" who="1" fromWho="1" sc="228,-40,240,130,272,-40,250,-40" /><INIT seed="1,1,0,3,5,117" ten="188,370,232,210" oya="1" hai0="62,76,72,103,120,114,55,86,102,14,42,22,52" hai1="126,87,49,38,10,78,28,53,40,95,30,96,47" hai2="104,36,51,97,133,123,125,1,26,106,85,57,83" hai3="75,46,44,70,35,50,79,92,107,68,130,105,48"/><U129/><E129/><V56/><F36/><W61/><G35/><T9/><D72/><U119/><E119/><V2/><F26/><W109/><G130/><T4/><D114/><U67/><E126/><V16/><F125/><W73/><G61/><T111/><D111/><U80/><E67/><V20/><F133/><W110/><REACH who="3" step="1"/><G92/><REACH who="3" ten="188,370,232,200" step="2"/><T66/><D42/><U69/><E69/><V12/><F106/><W81/><G81/><N who="0" m="47399" /><D120/><U131/><E131/><V60/><F123/><W122/><G122/><T5/><D5/><U17/><E40/><V93/><F104/><W45/><G45/><T82/><D82/><U32/><E32/><V15/><F60/><W108/><G108/><T29/><D62/><U89/><E38/><V88/><F83/><W6/><G6/><T124/><D124/><U37/><E37/><V41/><F41/><W63/><G63/><T112/><D66/><U90/><E78/><AGARI ba="1,1" hai="44,46,48,50,68,70,73,75,78,79,105,107,109,110" machi="78" ten="25,3200,0" yaku="1,1,22,2,53,0" doraHai="117" doraHaiUra="31" who="3" fromWho="1" sc="188,0,370,-35,232,0,200,45" /><INIT seed="2,0,0,0,0,112" ten="188,335,232,245" oya="2" hai0="18,117,122,129,105,33,3,111,55,38,45,132,101" hai1="9,36,98,19,62,102,48,22,47,7,44,6,13" hai2="96,58,66,109,123,118,23,0,31,78,17,11,53" hai3="103,27,56,24,106,26,72,92,21,82,2,76,87"/><V67/><F123/><W35/><G35/><T16/><RYUUKYOKU type="yao9" ba="0,0" sc="188,0,335,0,232,0,245,0" hai0="3,16,18,33,38,45,55,101,105,111,117,122,129,132" /><INIT seed="2,1,0,5,0,126" ten="188,335,232,245" oya="2" hai0="46,94,113,73,45,64,18,22,5,21,91,74,59" hai1="14,77,34,67,111,17,116,7,29,129,39,92,61" hai2="44,128,85,101,48,11,93,43,31,36,132,37,3" hai3="106,6,120,1,53,33,0,96,15,66,97,35,105"/><V99/><F132/><W112/><G15/><T54/><D113/><U121/><E39/><V81/><F31/><W55/><G112/><T107/><D107/><N who="3" m="40969" /><G66/><T49/><D5/><U134/><E116/><V10/><F128/><W109/><G6/><T80/><D22/><U40/><E129/><V127/><F127/><W26/><G26/><T9/><D9/><U84/><E134/><V82/><F82/><W104/><G104/><T68/><D68/><U118/><E118/><V86/><F86/><W79/><G79/><T135/><D135/><U60/><E34/><N who="3" m="12810" /><G109/><T100/><D100/><U12/><E111/><V98/><F98/><N who="3" m="37995" /><G120/><T119/><D119/><U75/><E121/><V125/><F125/><W78/><G78/><T2/><D80/><U8/><E29/><V63/><F63/><W117/><G117/><T24/><D2/><AGARI ba="1,0" hai="0,1,2,53,55" m="37995,12810,40969" machi="2" ten="40,2600,0" yaku="28,2" doraHai="126" who="3" fromWho="0" sc="188,-29,335,0,232,0,245,29" /><INIT seed="3,0,0,0,3,119" ten="159,335,232,274" oya="3" hai0="40,42,106,34,83,30,59,118,29,12,43,71,38" hai1="35,22,74,105,129,68,55,52,116,23,103,65,99" hai2="123,90,2,36,97,107,79,84,121,4,62,134,21" hai3="58,44,19,81,120,117,18,76,24,67,127,130,131"/><W111/><G117/><T104/><D38/><U51/><E116/><V1/><F36/><W77/><G127/><T54/><D118/><U94/><E74/><V100/><F79/><W41/><G111/><T5/><D71/><U72/><E72/><V0/><F134/><W33/><G76/><T6/><D34/><U73/><E73/><V63/><F21/><W14/><G67/><T86/><D12/><U109/><E35/><V92/><REACH who="2" step="1"/><F4/><REACH who="2" ten="159,335,222,274" step="2"/><W53/><G77/><T27/><D5/><U16/><E22/><V39/><F39/><W17/><G131/><T80/><D6/><U135/><E129/><V98/><F98/><W126/><G130/><T32/><D30/><U8/><E99/><V108/><F108/><W9/><G33/><T91/><REACH who="0" step="1"/><D83/><REACH who="0" ten="149,335,222,274" step="2"/><U20/><E135/><V64/><F64/><W11/><G81/><T28/><D28/><U115/><E65/><V31/><F31/><W114/><G114/><T25/><D25/><U10/><E115/><V101/><F101/><W88/><G18/><T60/><AGARI ba="0,2" hai="27,29,32,40,42,43,54,59,60,80,86,91,104,106" machi="60" ten="30,2000,0" yaku="1,1,0,1,53,0" doraHai="119" doraHaiUra="7" who="0" fromWho="0" sc="149,40,335,-5,222,-5,274,-10" owari="189,-31.0,330,43.0,217,-18.0,264,6.0" /></mjloggm>