<mjloggm ver="2.3"><GO type="169" lobby="0"/><UN n0="%E3%83%8B%E3%83%A3%E3%83%83%E3%83%94%E3%83%BC%E5%A4%8F%E7%9B%AE" n1="%E5%BC%B7%E6%89%93%E6%84%9B%E5%A5%BD%E5%AE%B6" n2="%28%3B%E3%83%BB%E2%88%80%E3%83%BB%29" n3="%E3%81%9F%E3%81%91%E3%81%AB%E3%81%8D" dan="18,16,16,17" rate="2308.73,2148.64,2175.14,2167.73" sx="M,M,M,F"/><TAIKYOKU oya="0"/><INIT seed="0,0,0,2,2,109" ten="250,250,250,250" oya="0" hai0="38,69,32,76,130,82,88,7,104,9,63,89,27" hai1="42,29,95,83,36,93,25,0,30,107,114,77,67" hai2="116,34,8,73,68,102,72,55,110,117,37,45,123" hai3="21,28,65,11,14,80,71,115,135,132,47,105,99"/><T101/><D130/><U19/><E107/><V48/><F110/><W18/><G47/><T39/><D104/><U56/><E19/><V131/><F123/><W112/><G65/><T62/><D101/><U23/><E0/><V86/><F131/><W12/><G71/><T97/><D32/><U10/><E10/><V81/><F68/><W124/><G80/><T133/><D133/><N who="3" m="51273" /><G124/><T22/><D38/><U87/><E30/><V1/><F34/><W4/><G28/><T96/><D39/><U43/><E114/><N who="3" m="43562" /><G105/><T5/><D69/><U127/><E127/><V51/><F102/><W90/><G90/><T119/><D88/><U54/><E67/><V16/><F37/><W98/><AGARI ba="0,0" hai="4,11,12,14,18,21,98,99" m="43562,51273" machi="98" ten="40,8000,1" yaku="20,1,52,3" doraHai="109" who="3" fromWho="3" sc="250,-40,250,-20,250,-20,250,80" /><INIT seed="1,0,0,3,1,53" ten="210,230,230,330" oya="1" hai0="122,99,109,94,125,134,77,3,74,11,135,24,104" hai1="59,68,123,128,66,44,34,18,17,12,28,63,48" hai2="45,85,106,86,120,56,47,89,69,118,8,71,14" hai3="92,117,132,88,112,32,124,29,30,81,13,61,93"/><U5/><E123/><V113/><F120/><W121/><G121/><T57/><D122/><RYUUKYOKU type="kaze4" ba="0,0" sc="210,0,230,0,230,0,330,0" /><INIT seed="1,1,0,2,2,129" ten="210,230,230,330" oya="1" hai0="102,109,19,59,53,10,27,133,32,42,84,92,119" hai1="105,37,86,113,14,65,127,64,60,56,31,33,114" hai2="103,78,36,57,46,48,108,100,116,71,40,6,134" hai3="38,0,50,135,13,90,16,39,98,122,77,81,45"/><U69/><E105/><V121/><F116/><W7/><G135/><T106/><D119/><U93/><E37/><V47/><F121/><W18/><G122/><T30/><D109/><U61/><E127/><V44/><F108/><W34/><G34/><T83/><D106/><U55/><E31/><V125/><F78/><W111/><G111/><T11/><D42/><U97/><E33/><V132/><F6/><W62/><G62/><T74/><D74/><U43/><E43/><V22/><F22/><W20/><G7/><T41/><D41/><U24/><E86/><V89/><F89/><W28/><G0/><T29/><D29/><U95/><E95/><V128/><F128/><W112/><G112/><T124/><D124/><U104/><E104/><V2/><F2/><W1/><G28/><T9/><D92/><U66/><E66/><V118/><F118/><W94/><G18/><T101/><D19/><U26/><E14/><V54/><F125/><W88/><G90/><T120/><D120/><U82/><E82/><V126/><F126/><W67/><G67/><T49/><REACH who="0" step="1"/><D133/><REACH who="0" ten="200,230,230,330" step="2"/><N who="2" m="51306" /><F71/><W68/><G68/><T91/><AGARI ba="1,1" hai="9,10,11,27,30,32,49,53,59,83,84,91,101,102" machi="91" ten="30,4000,0" yaku="1,1,0,1,53,1" doraHai="129" doraHaiUra="25" who="0" fromWho="0" sc="200,53,230,-21,230,-11,330,-11" /><INIT seed="2,0,0,1,1,128" ten="253,209,219,319" oya="2" hai0="38,126,50,43,104,35,23,79,64,1,37,99,72" hai1="113,95,58,15,109,13,25,8,78,89,134,54,51" hai2="68,61,47,132,31,90,5,20,108,103,45,59,11" hai3="119,3,121,83,41,16,135,123,74,2,62,70,96"/><V106/><F68/><W71/><G119/><T0/><D35/><U26/><E113/><V29/><F106/><W115/><G115/><T76/><D126/><U120/><E120/><V28/><F103/><W133/><G41/><T40/><D50/><U93/><E109/><V94/><F20/><W100/><G16/><T34/><D34/><U129/><E129/><V114/><F114/><W7/><G96/><T9/><D23/><U44/><E134/><N who="3" m="51210" /><G100/><T66/><D99/><U21/><E25/><V92/><F108/><W85/><G74/><T73/><REACH who="0" step="1"/><D104/><REACH who="0" ten="243,209,219,319" step="2"/><U124/><E124/><V53/><F132/><W60/><G60/><T48/><D48/><U32/><E51/><V10/><F10/><AGARI ba="0,1" hai="0,1,9,10,37,38,40,43,64,66,72,73,76,79" machi="10" ten="25,3200,0" yaku="1,1,22,2,53,0" doraHai="128" doraHaiUra="87" who="0" fromWho="2" sc="243,42,209,0,219,-32,319,0" /><INIT seed="3,0,0,1,3,119" ten="285,209,187,319" oya="3" hai0="69,97,12,135,66,62,46,0,120,2,104,48,78" hai1="74,58,123,84,50,29,107,20,89,76,134,56,98" hai2="114,126,77,27,103,53,9,110,52,96,106,19,26" hai3="64,60,31,25,65,105,116,54,112,73,111,18,133"/><W85/><G73/><T14/><D135/><U88/><E134/><V24/><F114/><W38/><G38/><T80/><D120/><U113/><E113/><V10/><F110/><W49/><G116/><T81/><D81/><U87/><E123/><V57/><F126/><W37/><G37/><T128/><D128/><U86/><E107/><V94/><F77/><W132/><G112/><T22/><D104/><U7/><E7/><V13/><F106/><W90/><G105/><T1/><D97/><U91/><E98/><V83/><F83/><W45/><G65/><T121/><D121/><U39/><E39/><V130/><F130/><W33/><G111/><T59/><D69/><U41/><E74/><V67/><F67/><W118/><G18/><T63/><D63/><U117/><E76/><V16/><F57/><N who="1" m="22121" /><E117/><V127/><F127/><W95/><REACH who="3" step="1"/><G118/><REACH who="3" ten="285,209,187,309" step="2"/><T70/><D66/><U71/><E71/><AGARI ba="0,1" hai="25,31,33,45,49,54,60,64,71,85,90,95,132,133" machi="71" ten="40,7700,0" yaku="1,1,2,1,53,1" doraHai="119" doraHaiUra="30" who="3" fromWho="1" sc="285,0,209,-77,187,0,309,87" /><INIT seed="3,1,0,1,2,118" ten="285,132,187,396" oya="3" hai0="9,59,102,25,73,47,6,78,127,89,3,71,38" hai1="28,45,13,130,54,75,114,61,37,10,24,55,58" hai2="50,14,18,57,101,103,77,46,122,12,35,31,69" hai3="92,100,90,105,0,95,19,62,91,83,53,128,96"/><W117/><G0/><T66/><D59/><U41/><E75/><V97/><F69/><W67/><G117/><T121/><D89/><U109/><E109/><V94/><F77/><W64/><G128/><T26/><D102/><U68/><E130/><V5/><F35/><W82/><G53/><T131/><D127/><U134/><E114/><V132/><F31/><W40/><G40/><N who="0" m="22935" /><D131/><U133/><E68/><V43/><F132/><W49/><G49/><T42/><D42/><U15/><E55/><V98/><F5/><W32/><G32/><T84/><D84/><U107/><E107/><V81/><F81/><N who="3" m="30731" /><G105/><T126/><D126/><U65/><E65/><N who="3" m="25162" /><G62/><N who="0" m="40407" /><D121/><U34/><REACH who="1" step="1"/><E15/><REACH who="1" ten="285,122,187,396" step="2"/><V135/><F135/><W2/><G2/><T8/><D73/><U76/><E76/><V1/><F1/><W112/><G112/><T33/><D78/><U4/><AGARI ba="1,1" hai="4,10,13,24,28,34,37,41,45,54,58,61,133,134" machi="4" ten="30,4000,0" yaku="1,1,0,1,53,1" doraHai="118" doraHaiUra="70" who="1" fromWho="1" sc="285,-11,122,53,187,-11,396,-21" /><INIT seed="4,0,0,5,3,48" ten="274,175,176,375" oya="0" hai0="44,98,97,131,35,85,21,17,10,115,102,49,63" hai1="41,4,120,28,15,134,62,80,78,58,81,69,104" hai2="73,23,0,113,16,31,128,110,29,24,60,122,91" hai3="43,12,124,61,87,57,18,135,96,133,103,50,64"/><T129/><D35/><U46/><E120/><V42/><F110/><W20/><G124/><T7/><D115/><U13/><E69/><V2/><F122/><W53/><G43/><T77/><D63/><U54/><E134/><N who="3" m="51210" /><G87/><T99/><D102/><U92/><E104/><V105/><F105/><N who="3" m="63719" /><G50/><T66/><D66/><AGARI ba="0,0" hai="12,18,20,53,57,61,64,66" m="63719,51210" machi="66" ten="30,2000,0" yaku="20,1,52,1" doraHai="48" who="3" fromWho="0" sc="274,-20,175,0,176,0,375,20" /><INIT seed="5,0,0,1,4,92" ten="254,175,176,395" oya="1" hai0="50,36,48,58,117,29,43,126,9,2,120,33,7" hai1="76,19,122,17,32,56,57,135,123,86,118,67,84" hai2="103,94,39,77,30,95,55,34,129,80,125,78,65" hai3="121,100,54,127,64,87,22,71,130,42,98,12,132"/><U91/><E118/><V4/><F39/><W59/><G121/><T10/><D117/><U111/><E32/><V0/><F125/><W93/><G42/><T45/><D126/><U13/><E135/><V115/><F129/><W5/><G132/><T109/><D109/><U82/><E111/><V72/><F65/><W73/><G73/><T112/><D112/><U106/><E106/><V24/><F115/><W41/><G41/><T1/><D120/><U11/><E122/><V97/><F77/><W116/><G130/><T23/><D33/><U31/><E123/><V133/><F133/><W16/><G127/><T85/><D85/><U38/><E38/><V74/><F74/><W99/><G116/><T75/><D75/><U124/><E124/><V26/><F26/><W49/><G5/><T131/><D131/><U69/><E31/><V61/><F4/><W119/><G119/><T51/><D10/><U28/><E28/><V114/><F0/><W14/><G14/><T25/><REACH who="0" step="1"/><D1/><REACH who="0" ten="244,175,176,395" step="2"/><U89/><E84/><V60/><F114/><W40/><G87/><T37/><D37/><U110/><E110/><V104/><REACH who="2" step="1"/><F61/><REACH who="2" ten="244,175,166,395" step="2"/><N who="3" m="37951" /><G71/><T102/><D102/><U105/><E69/><V90/><F90/><W20/><G100/><T81/><D81/><U46/><E89/><V83/><F83/><W6/><G6/><T44/><D44/><U88/><E91/><V8/><F8/><W79/><G79/><T35/><D35/><U134/><E76/><V18/><F18/><W128/><G16/><T66/><D66/><U101/><E67/><V70/><F70/><W63/><G128/><RYUUKYOKU ba="0,2" sc="244,15,175,-15,166,15,395,-15" hai0="2,7,9,23,25,29,36,43,45,48,50,51,58" hai2="24,30,34,55,60,72,78,80,94,95,97,103,104" /><INIT seed="6,1,2,0,1,116" ten="259,160,181,380" oya="2" hai0="79,54,117,111,69,127,24,92,124,37,28,63,91" hai1="19,6,110,52,20,26,38,87,102,75,104,106,62" hai2="17,60,46,72,81,21,88,70,0,101,66,59,113" hai3="30,120,58,51,5,9,16,22,57,125,29,44,84"/><V43/><F0/><W67/><G120/><T108/><D37/><U105/><E110/><V132/><F113/><W41/><G125/><N who="0" m="48203" /><D79/><U126/><E75/><V1/><F1/><W71/><G71/><T36/><D36/><U74/><E74/><V12/><F132/><W7/><G84/><N who="0" m="52327" /><D117/><U15/><E38/><V4/><F4/><N who="3" m="1611" /><G9/><T130/><D130/><U48/><E62/><V10/><F101/><W135/><G135/><T95/><D95/><U96/><E87/><N who="2" m="50287" /><F70/><W90/><G90/><T122/><D122/><U65/><E126/><V89/><F72/><W68/><G68/><T83/><D83/><U42/><E65/><V25/><F89/><W128/><G128/><T80/><D80/><U123/><E123/><V50/><F10/><W14/><G67/><N who="0" m="41215" /><D54/><U55/><E55/><V53/><F66/><W134/><G134/><T118/><D118/><U13/><E42/><V82/><F82/><W11/><G11/><T33/><AGARI ba="1,2" hai="24,28,33,108,111" m="41215,52327,48203" machi="33" ten="30,1100,0" yaku="18,1" doraHai="116" who="0" fromWho="0" sc="259,34,160,-4,181,-6,380,-4" /><INIT seed="7,0,0,3,1,97" ten="293,156,175,376" oya="3" hai0="74,94,116,130,40,47,84,25,30,53,120,78,112" hai1="100,83,0,77,75,29,50,126,66,82,108,79,41" hai2="7,99,56,68,93,33,12,71,59,8,86,36,2" hai3="101,1,34,117,95,51,135,64,114,110,46,111,67"/><W91/><G117/><T38/><D120/><U57/><E108/><N who="3" m="41514" /><G34/><T96/><D116/><U39/><E126/><V14/><F36/><W37/><G114/><T121/><D121/><U49/><E0/><V52/><F33/><W15/><G1/><T134/><D134/><U80/><E29/><V45/><F45/><W128/><G37/><T20/><D130/><U76/><E100/><V31/><F31/><W17/><G101/><T58/><D74/><U10/><E10/><V42/><F42/><N who="3" m="25047" /><G135/><T63/><D112/><U35/><E35/><V21/><F86/><N who="3" m="52727" /><G128/><T87/><D78/><U85/><E39/><V127/><F127/><W72/><G72/><T18/><REACH who="0" step="1"/><D30/><REACH who="0" ten="283,156,175,376" step="2"/><U24/><E75/><V26/><F2/><W27/><G27/><T98/><D98/><U104/><E24/><V131/><F131/><W69/><G69/><T119/><D119/><U9/><E77/><V123/><F123/><W4/><G4/><T48/><D48/><N who="1" m="18539" /><E76/><V115/><F115/><W89/><G89/><AGARI ba="0,1" hai="18,20,25,38,40,47,53,58,63,84,87,89,94,96" machi="89" ten="30,8000,1" yaku="1,1,7,1,25,2,53,1" doraHai="97" doraHaiUra="43" who="0" fromWho="3" sc="283,90,156,0,175,0,376,-80" owari="373,46.0,156,-34.0,175,-22.0,296,10.0" /></mjloggm>