<mjloggm ver="2.3"><GO type="169" lobby="0"/><UN n0="%E3%81%AD%E3%81%87" n1="%E5%AE%89%E9%81%94%E3%81%95%E3%81%8F%E3%82%89" n2="%E4%BD%8E%E3%82%81%E3%82%B9%E3%83%A9%E3%82%A4%E3%83%80%E3%83%BC" n3="%79%75%36%31%39%7A%69" dan="17,17,16,16" rate="2195.20,2172.43,2147.31,2118.45" sx="M,M,F,M"/><TAIKYOKU oya="0"/><INIT seed="0,0,0,5,5,128" ten="250,250,250,250" oya="0" hai0="66,35,90,91,119,98,80,127,88,70,9,117,132" hai1="100,95,53,28,94,21,17,31,55,19,13,97,64" hai2="54,116,20,4,96,68,16,112,79,52,48,0,102" hai3="42,72,44,12,86,120,63,14,113,18,133,56,73"/><T15/><D35/><U65/><E64/><V130/><F130/><W85/><G113/><T39/><D39/><U43/><E43/><V105/><F112/><W129/><G129/><T58/><D70/><U67/><E67/><V78/><F68/><W36/><G14/><T118/><D127/><U61/><E31/><V2/><F54/><W22/><G120/><T108/><D108/><U111/><E111/><V103/><F103/><W59/><G59/><T37/><D37/><U122/><E122/><V134/><F116/><W69/><G69/><T114/><D114/><U101/><E28/><V10/><F134/><W89/><G133/><T87/><D98/><U27/><E95/><V104/><F104/><W77/><G77/><T3/><D3/><U93/><E93/><V110/><F2/><W25/><G86/><T121/><D121/><U75/><E75/><V51/><F51/><W30/><G56/><T45/><D132/><U124/><E101/><V126/><F126/><W24/><G24/><T32/><D32/><U82/><E82/><V76/><F110/><W123/><G63/><T92/><D92/><U131/><E124/><V6/><F6/><W46/><G46/><T33/><D33/><U106/><E106/><V23/><REACH who="2" step="1"/><F16/><REACH who="2" ten="250,250,240,250" step="2"/><W40/><G123/><T29/><D29/><U41/><E131/><V125/><F125/><W49/><G49/><T135/><D135/><U7/><E7/><V81/><F81/><N who="3" m="49327" /><G42/><T71/><D71/><U1/><E41/><V34/><F34/><W83/><G83/><T99/><D118/><U47/><E1/><V62/><F62/><RYUUKYOKU ba="0,1" sc="250,-15,250,-15,240,15,250,15" hai2="0,4,10,20,23,48,52,76,78,79,96,102,105" hai3="12,18,22,25,30,36,40,44,72,73" /><INIT seed="1,1,1,4,2,60" ten="235,235,255,265" oya="1" hai0="93,91,81,105,125,111,61,104,100,5,83,9,31" hai1="117,6,114,24,96,14,20,16,90,11,43,44,32" hai2="28,7,38,122,89,33,37,109,101,134,102,46,75" hai3="26,113,99,13,85,106,63,41,47,2,42,97,74"/><U35/><E114/><V29/><F122/><W112/><G2/><T94/><D111/><U80/><E117/><V87/><F109/><W55/><G74/><T124/><D31/><U52/><E52/><V53/><F75/><W116/><G85/><T17/><D17/><U10/><E10/><V133/><F7/><W40/><G13/><T66/><D104/><U88/><E80/><V67/><F53/><W108/><G108/><T103/><D105/><U19/><E6/><V36/><F46/><W82/><G82/><T34/><D34/><U76/><E76/><V22/><F22/><W15/><G15/><T79/><D100/><N who="2" m="38506" /><F33/><W95/><G106/><T30/><D30/><N who="2" m="11882" /><F89/><W8/><G55/><T130/><D103/><U3/><E90/><V98/><F98/><W49/><G97/><T129/><D91/><U4/><E3/><V128/><F87/><W23/><G99/><T107/><D107/><U0/><E0/><V131/><F67/><W58/><G23/><T119/><D79/><U115/><E115/><V123/><F123/><W132/><G116/><T135/><D119/><U50/><REACH who="1" step="1"/><E4/><REACH who="1" ten="235,225,255,265" step="2"/><V70/><F70/><W110/><G113/><T48/><D5/><U64/><E64/><V59/><F59/><W12/><G112/><T86/><D9/><U54/><E54/><V77/><F77/><W45/><G58/><T126/><D66/><U72/><E72/><V92/><F92/><AGARI ba="1,2" hai="11,14,16,19,20,24,32,35,43,44,50,88,92,96" machi="92" ten="40,12000,1" yaku="1,1,54,2,53,1" doraHai="60" doraHaiUra="39" who="1" fromWho="2" sc="235,0,225,143,255,-123,265,0" /><INIT seed="1,2,0,5,1,0" ten="235,368,132,265" oya="1" hai0="23,56,104,64,25,72,98,127,106,63,85,132,60" hai1="48,69,66,80,82,108,5,47,89,21,119,74,75" hai2="46,99,77,6,83,37,55,65,19,32,96,15,16" hai3="43,133,38,110,101,22,126,53,88,36,113,59,129"/><U2/><E119/><V131/><F32/><W134/><G101/><T103/><D72/><U115/><E115/><V118/><F118/><W109/><G22/><T49/><D127/><U54/><E108/><N who="3" m="41578" /><G88/><T135/><D106/><U61/><E21/><V10/><F131/><W8/><G8/><T71/><D49/><U114/><E114/><V30/><F30/><W120/><G113/><T102/><D85/><U128/><E128/><V90/><F90/><W17/><G17/><T14/><D14/><U27/><E27/><V100/><F65/><W130/><G126/><T81/><D81/><U111/><E111/><V68/><F68/><W20/><G20/><T86/><D86/><U7/><E2/><V125/><F125/><W58/><G58/><T13/><D13/><U95/><E80/><V42/><F55/><W76/><G76/><T123/><D103/><U45/><E45/><V97/><REACH who="2" step="1"/><F100/><REACH who="2" ten="235,368,122,265" step="2"/><W3/><G129/><T92/><D102/><U116/><E116/><V87/><AGARI ba="2,1" hai="6,10,15,16,19,37,42,46,77,83,87,96,97,99" machi="87" ten="30,12000,2" yaku="1,1,2,1,0,1,52,1,54,1,53,1" doraHai="0" doraHaiUra="70" who="2" fromWho="2" sc="235,-32,368,-62,122,136,265,-32" /><INIT seed="2,0,0,4,3,10" ten="203,306,258,233" oya="2" hai0="3,0,61,50,86,14,38,75,110,121,59,78,13" hai1="53,16,89,17,32,39,123,125,62,74,24,26,119" hai2="11,124,72,57,8,48,109,43,42,126,127,45,4" hai3="60,58,111,37,103,120,69,80,134,108,84,68,5"/><V21/><F72/><W64/><G120/><T99/><D38/><U47/><E119/><V85/><F109/><N who="3" m="42059" /><G134/><T97/><D75/><U56/><E123/><V101/><F101/><W76/><G37/><T93/><D121/><U18/><E125/><V71/><F71/><W40/><G40/><T94/><D110/><U12/><E74/><V29/><F43/><W66/><G66/><T46/><D3/><U129/><E129/><V118/><F118/><W15/><G103/><T77/><D0/><U133/><E133/><V117/><F117/><W106/><G106/><T82/><D78/><U51/><E39/><V79/><F57/><W98/><G98/><T90/><D94/><U92/><E32/><V128/><F128/><W52/><G64/><N who="0" m="38975" /><D99/><N who="1" m="57743" /><E24/><N who="2" m="16527" /><F4/><W116/><G116/><T28/><D28/><U30/><E26/><V55/><F42/><AGARI ba="0,0" hai="13,14,42,46,50,77,82,86,90,93,97" m="38975" machi="42" ten="30,3900,0" yaku="8,1,52,2" doraHai="10" who="0" fromWho="2" sc="203,39,306,0,258,-39,233,0" /><INIT seed="3,0,0,0,2,33" ten="242,306,219,233" oya="3" hai0="72,53,83,99,126,10,111,134,71,98,80,129,109" hai1="66,88,26,52,58,135,94,97,86,2,104,21,16" hai2="41,79,44,34,4,78,63,84,116,5,38,39,95" hai3="100,61,119,73,46,114,133,69,124,92,76,3,107"/><W51/><G119/><T6/><D71/><U17/><E135/><V68/><F116/><W12/><G114/><T81/><D72/><U118/><E118/><V24/><F39/><W105/><G76/><T35/><D35/><U25/><E2/><V43/><F43/><W7/><G73/><T54/><D134/><U60/><E104/><V90/><F68/><W67/><G133/><T59/><D126/><U37/><E37/><V70/><F70/><W123/><G124/><T120/><D120/><U87/><E66/><V102/><F102/><W32/><G32/><T29/><D29/><U8/><E8/><V65/><F34/><W110/><G12/><T48/><D129/><U62/><E62/><V64/><F24/><W106/><G123/><T115/><D53/><U131/><E131/><V20/><F65/><W113/><G113/><T77/><D77/><U1/><E1/><V91/><F91/><W121/><G121/><T45/><D45/><U55/><E55/><V15/><F79/><W85/><G3/><N who="0" m="351" /><D115/><U27/><E27/><V56/><F78/><W127/><G7/><T75/><D75/><U128/><E128/><V40/><F40/><W30/><G30/><T122/><D122/><U101/><E101/><V103/><F103/><W19/><G127/><T49/><D48/><U0/><E0/><V57/><F57/><W50/><G51/><T108/><AGARI ba="0,0" hai="49,54,59,80,81,83,98,99,108,109,111" m="351" machi="108" ten="40,2700,0" yaku="14,1,52,1" doraHai="33" who="0" fromWho="0" sc="242,27,306,-7,219,-7,233,-13" /><INIT seed="4,0,0,3,2,123" ten="269,299,212,220" oya="0" hai0="99,67,97,100,66,5,61,73,129,89,113,35,2" hai1="22,130,20,43,79,58,21,42,74,63,93,15,9" hai2="41,120,28,14,96,88,133,78,125,37,16,121,47" hai3="45,69,34,116,62,111,23,71,25,90,84,80,7"/><T72/><D35/><U102/><E130/><V81/><F125/><W75/><G116/><T134/><D113/><U24/><E74/><V132/><F28/><W32/><G7/><T86/><D129/><U85/><E24/><V135/><F96/><W64/><G71/><T50/><D134/><U95/><E102/><V114/><F114/><W70/><G70/><T56/><D66/><U122/><E122/><V117/><F117/><W127/><G75/><T29/><D29/><U110/><E110/><V76/><F76/><W55/><G127/><T31/><D31/><U17/><E79/><V36/><F36/><W60/><G111/><T44/><D5/><U77/><E77/><V106/><F106/><W8/><G8/><T91/><D2/><U128/><E128/><V26/><F26/><W112/><G112/><T104/><D97/><U54/><REACH who="1" step="1"/><E95/><REACH who="1" ten="269,289,212,220" step="2"/><V65/><F65/><W82/><G82/><T40/><REACH who="0" step="1"/><D91/><AGARI ba="0,1" hai="9,15,17,20,21,22,42,43,54,58,63,85,91,93" machi="91" ten="40,8000,1" yaku="1,1,2,1,8,1,53,1" doraHai="123" doraHaiUra="10" who="1" fromWho="0" sc="269,-80,289,90,212,0,220,0" /><INIT seed="5,0,0,4,2,6" ten="189,379,212,220" oya="1" hai0="12,69,24,80,58,131,123,45,115,68,17,105,124" hai1="99,114,83,84,63,0,117,2,44,34,54,120,135" hai2="87,112,60,116,95,86,13,27,49,32,93,19,133" hai3="94,78,7,125,82,132,71,53,29,98,21,90,104"/><U56/><E117/><V26/><F116/><W42/><G71/><T67/><D105/><U14/><E120/><V107/><F107/><W75/><G132/><T20/><D115/><U50/><E114/><V30/><F112/><W103/><G125/><T35/><D123/><U109/><E135/><V113/><F113/><W97/><G42/><T79/><D124/><U22/><E34/><V16/><F133/><W57/><G7/><T81/><D131/><U127/><E127/><V91/><F60/><W33/><G33/><T36/><D58/><U108/><E99/><V96/><F93/><W118/><G118/><T4/><D80/><U134/><E134/><V25/><F49/><W3/><G3/><T37/><D67/><U72/><E72/><V55/><F55/><W122/><G122/><T5/><D5/><U126/><E126/><V46/><F46/><W88/><G90/><T77/><D77/><U92/><E92/><V18/><F13/><W62/><G21/><T101/><D101/><U15/><E0/><V47/><F47/><W59/><G29/><T52/><D36/><U102/><E2/><V65/><F65/><W121/><G59/><T100/><D100/><U89/><E102/><V64/><F64/><W28/><G28/><N who="0" m="19847" /><D4/><U51/><E51/><V10/><F10/><W111/><REACH who="3" step="1"/><G121/><REACH who="3" ten="189,379,212,210" step="2"/><T31/><D31/><U43/><E22/><V48/><F48/><W61/><G61/><T40/><D68/><U74/><E50/><V129/><F129/><W9/><G9/><T1/><D69/><U85/><E63/><V106/><F106/><W73/><G73/><RYUUKYOKU ba="0,1" sc="189,-15,379,-15,212,15,210,15" hai2="16,18,19,25,26,27,30,32,86,87,91,95,96" hai3="53,57,62,75,78,82,88,94,97,98,103,104,111" /><INIT seed="6,1,1,2,2,18" ten="174,364,227,225" oya="2" hai0="9,4,0,62,127,133,25,66,39,54,117,97,30" hai1="31,38,43,91,40,51,45,71,84,100,101,108,104" hai2="16,28,8,77,96,118,21,53,124,63,128,48,95" hai3="123,19,33,27,65,119,107,5,2,20,37,76,121"/><V11/><F124/><W116/><G65/><T135/><D39/><U132/><E108/><V49/><F128/><W35/><G76/><T129/><D117/><N who="3" m="45129" /><G107/><T15/><D54/><U50/><E71/><V72/><F118/><W82/><G82/><T88/><D127/><U120/><E132/><V81/><F63/><W59/><G59/><T80/><D129/><U44/><E120/><N who="3" m="46154" /><G37/><T115/><D115/><U78/><E78/><V87/><F72/><W13/><G2/><T74/><D0/><U69/><E69/><V99/><F28/><N who="3" m="17511" /><G5/><T64/><D74/><U42/><E104/><V112/><F112/><W56/><G56/><T1/><D1/><U98/><E98/><N who="2" m="37419" /><F95/><W130/><G130/><T73/><D73/><U14/><E40/><V6/><F6/><W67/><G67/><T106/><D66/><U92/><E38/><V70/><F70/><W61/><G61/><T85/><D62/><U110/><E42/><V36/><F36/><W29/><G29/><T23/><REACH who="0" step="1"/><D64/><REACH who="0" ten="164,364,227,225" step="2"/><U75/><E75/><V24/><F49/><W102/><G102/><AGARI ba="1,2" hai="4,9,15,23,25,30,80,85,88,97,102,106,133,135" machi="102" ten="40,8000,1" yaku="1,1,2,1,52,1,54,1,53,0" doraHai="18" doraHaiUra="52" who="0" fromWho="3" sc="164,103,364,0,227,0,225,-83" /><INIT seed="7,0,0,0,3,72" ten="267,364,227,142" oya="3" hai0="27,21,134,2,102,78,96,89,117,122,94,129,101" hai1="98,111,109,4,76,57,110,128,37,42,105,133,3" hai2="121,38,45,85,10,24,26,52,9,36,130,64,39" hai3="83,100,35,67,63,28,113,33,75,116,103,6,90"/><W108/><G116/><T131/><D2/><U97/><E57/><V92/><F64/><W23/><G6/><T54/><D117/><U32/><E98/><V18/><F130/><N who="0" m="49674" /><D122/><U118/><E128/><V127/><F127/><W50/><G50/><T70/><D70/><U61/><E61/><V59/><F121/><W65/><G108/><T40/><D40/><U112/><E118/><V73/><F73/><W7/><G7/><T114/><D54/><U104/><E97/><V12/><F45/><W81/><G75/><T119/><D119/><U11/><E133/><V19/><F92/><W5/><G5/><T0/><D0/><U51/><E51/><V68/><F68/><W29/><G90/><T135/><D114/><U55/><E112/><V53/><F85/><W17/><G113/><T20/><D78/><U15/><E76/><V13/><REACH who="2" step="1"/><F53/><REACH who="2" ten="267,364,217,142" step="2"/><W84/><G84/><T107/><D101/><U106/><E55/><V30/><F30/><W8/><G8/><T60/><D60/><AGARI ba="0,1" hai="9,10,12,13,18,19,24,26,36,38,39,52,59,60" machi="60" ten="40,5200,0" yaku="1,1,9,1,54,1,53,0" doraHai="72" doraHaiUra="41" who="2" fromWho="0" sc="267,-52,364,0,217,62,142,0" owari="215,-18.0,364,46.0,279,8.0,142,-36.0" /></mjloggm>