<mjloggm ver="2.3"><GO type="169" lobby="0"/><UN n0="%E3%83%92%E3%83%AB%E3%83%99%E3%83%AB%E3%83%88" n1="%62%6F%79%61%74%65%74%75" n2="%E7%A5%9E%E6%9E%B6%E3%82%BF%E3%82%A4%E3%82%BF%E3%83%8B%E3%83%83%E3%82%AF" n3="%E3%81%AD%E3%81%87" dan="17,16,16,17" rate="2216.95,2117.58,2038.36,2197.47" sx="M,M,M,M"/><TAIKYOKU oya="0"/><INIT seed="0,0,0,3,1,19" ten="250,250,250,250" oya="0" hai0="46,59,8,132,103,18,79,111,113,97,123,38,70" hai1="55,91,124,24,89,108,107,93,2,109,25,69,112" hai2="30,23,83,61,81,1,66,26,45,127,47,110,72" hai3="39,90,95,3,102,78,42,34,99,94,73,0,119"/><T80/><D113/><U10/><E107/><V77/><F110/><W87/><G34/><T14/><D123/><U58/><E69/><V126/><F1/><W57/><G57/><T56/><D70/><U32/><E112/><V104/><F104/><W29/><G119/><T130/><D132/><U43/><E43/><V75/><F75/><W100/><G29/><T114/><D114/><U12/><E2/><V20/><F81/><W85/><G100/><T27/><D111/><N who="1" m="42571" /><E124/><N who="2" m="47659" /><F23/><W49/><G39/><T96/><D130/><U7/><E32/><V74/><F72/><W71/><G71/><AGARI ba="0,0" hai="20,26,30,45,47,61,66,71,74,77,83" m="47659" machi="71" ten="30,2000,0" yaku="18,1,52,1" doraHai="19" who="2" fromWho="3" sc="250,0,250,0,250,20,250,-20" /><INIT seed="1,0,0,1,5,61" ten="250,250,270,230" oya="1" hai0="70,47,25,110,81,83,50,127,76,13,26,19,102" hai1="115,109,52,74,58,85,27,60,108,15,67,62,107" hai2="132,92,49,104,44,135,59,121,120,69,75,111,34" hai3="32,31,21,82,29,54,119,41,8,88,79,53,128"/><U40/><E74/><V99/><F34/><W35/><G128/><T125/><D110/><N who="1" m="42603" /><E115/><V36/><F111/><W113/><G113/><T94/><D70/><N who="1" m="42343" /><E107/><V56/><F36/><W4/><G119/><T116/><D116/><U73/><E73/><V43/><F104/><W63/><G41/><T57/><D57/><N who="2" m="22090" /><F69/><W2/><G88/><T126/><D94/><U33/><E40/><V65/><F65/><W18/><G32/><T80/><D102/><U100/><E100/><N who="2" m="60519" /><F75/><W71/><G71/><T10/><REACH who="0" step="1"/><D76/><REACH who="0" ten="240,250,270,230" step="2"/><U20/><E85/><V51/><F132/><W14/><G79/><T7/><D7/><U131/><E131/><V97/><F135/><W55/><G82/><T103/><D103/><U42/><E42/><AGARI ba="0,1" hai="10,13,19,25,26,42,47,50,80,81,83,125,126,127" machi="42" ten="50,6400,0" yaku="1,1,18,1,53,1" doraHai="61" doraHaiUra="39" who="0" fromWho="1" sc="240,74,250,-64,270,0,230,0" /><INIT seed="2,0,0,4,0,123" ten="314,186,270,230" oya="2" hai0="110,62,47,8,102,55,89,44,96,63,40,14,70" hai1="0,82,51,6,39,122,113,74,134,97,99,87,68" hai2="106,83,121,19,30,5,37,48,28,65,109,38,34" hai3="58,103,10,117,129,17,116,118,46,4,95,59,133"/><V64/><F121/><W135/><G17/><T67/><D89/><U1/><E122/><V126/><F106/><W92/><G46/><T21/><D21/><U78/><E134/><N who="3" m="51210" /><G129/><T52/><D110/><U120/><E120/><V131/><F131/><W18/><G18/><T75/><D75/><U79/><E68/><V115/><F5/><W66/><G66/><T42/><D96/><U98/><E113/><V91/><F115/><W130/><G130/><T35/><D35/><U3/><E39/><V56/><F34/><W36/><G36/><N who="0" m="21511" /><D102/><U12/><E51/><V101/><F19/><W125/><G125/><T24/><D24/><U57/><E57/><N who="3" m="21514" /><G103/><T104/><D14/><AGARI ba="0,0" hai="4,10,14,92,95,116,117,118" m="21514,51210" machi="14" ten="40,1300,0" yaku="20,1" doraHai="123" who="3" fromWho="0" sc="314,-13,186,0,270,0,230,13" /><INIT seed="3,0,0,3,3,122" ten="301,186,270,243" oya="3" hai0="28,79,61,70,105,7,63,24,128,14,46,111,127" hai1="85,51,75,55,74,36,132,19,67,86,68,81,18" hai2="39,27,118,31,66,121,100,13,43,116,73,60,119" hai3="22,1,41,26,15,0,9,56,114,124,84,117,76"/><W83/><G114/><T88/><D105/><U5/><E36/><V54/><F121/><W91/><G117/><T59/><D79/><U42/><E42/><V72/><F100/><W65/><G124/><T106/><D106/><U131/><E131/><V2/><F2/><W30/><G41/><T50/><D70/><U12/><E132/><V47/><F13/><W95/><G56/><T89/><D127/><U93/><E75/><V16/><F16/><W35/><G65/><T135/><D135/><U34/><E34/><N who="2" m="20863" /><F54/><W11/><G35/><T6/><D128/><U10/><E74/><V94/><F94/><W32/><G32/><T107/><D107/><U130/><E68/><AGARI ba="0,0" hai="39,43,47,60,66,68,72,73,116,118,119" m="20863" machi="68" ten="30,1000,0" yaku="23,1" doraHai="122" who="2" fromWho="1" sc="301,0,186,-10,270,10,243,0" /><INIT seed="4,0,0,2,0,104" ten="301,176,280,243" oya="0" hai0="78,96,27,45,75,56,38,60,23,112,68,2,61" hai1="28,50,10,127,109,133,102,41,90,108,55,129,39" hai2="14,114,52,93,98,65,76,118,135,34,116,72,42" hai3="17,119,82,5,87,57,58,99,7,9,132,30,16"/><T84/><D2/><U63/><E127/><V47/><F34/><W123/><G119/><N who="2" m="45609" /><F65/><W121/><G30/><T131/><D112/><U12/><E39/><V103/><F135/><W13/><G99/><T53/><D131/><U128/><E133/><V89/><F14/><W67/><G132/><T1/><D1/><U33/><E102/><V19/><F19/><W79/><G17/><T49/><D96/><U94/><E63/><V77/><F114/><W24/><G67/><T105/><D84/><U32/><E41/><V74/><F103/><W4/><REACH who="3" step="1"/><G24/><REACH who="3" ten="301,176,280,233" step="2"/><T37/><D68/><U54/><E28/><V100/><F100/><W15/><G15/><T111/><D105/><U107/><E12/><V106/><F106/><W71/><G71/><T29/><D111/><U126/><E107/><V70/><F70/><W0/><G0/><T46/><D38/><U113/><E113/><V18/><F18/><W125/><G125/><T21/><D37/><U97/><E126/><V40/><F40/><W31/><G31/><T117/><D117/><U83/><E109/><V8/><F42/><W80/><G80/><T36/><D36/><U35/><E83/><V88/><F98/><W124/><G124/><T73/><D29/><U59/><E108/><V64/><F64/><W69/><G69/><T3/><D27/><U51/><REACH who="1" step="1"/><E10/><REACH who="1" ten="301,166,280,233" step="2"/><V81/><F8/><W48/><G48/><T120/><D49/><U6/><E6/><V122/><F81/><W130/><G130/><T66/><D3/><U110/><E110/><V62/><F62/><W91/><G91/><T11/><D61/><RYUUKYOKU ba="0,2" sc="301,-15,166,15,280,-15,233,15" hai1="32,33,35,50,51,54,55,59,90,94,97,128,129" hai3="4,5,7,9,13,16,57,58,79,82,87,121,123" /><INIT seed="5,1,2,4,3,4" ten="286,181,265,248" oya="1" hai0="41,14,21,76,122,90,33,35,131,12,81,114,3" hai1="124,64,119,61,109,78,17,58,6,108,130,68,62" hai2="10,106,107,77,123,95,93,135,117,9,79,96,60" hai3="87,29,120,115,113,15,83,32,112,56,111,121,2"/><U46/><E78/><N who="2" m="29707" /><F117/><W27/><G2/><T23/><D3/><U44/><E119/><V57/><F123/><N who="3" m="47179" /><G56/><T49/><D122/><U20/><E124/><V85/><F135/><W36/><G36/><T42/><D76/><U47/><E6/><V126/><F106/><W116/><G15/><T88/><D81/><U103/><E103/><N who="2" m="60831" /><F107/><W8/><G8/><N who="2" m="3177" /><F126/><W48/><G116/><T100/><D100/><U67/><REACH who="1" step="1"/><E130/><REACH who="1" ten="286,171,265,248" step="2"/><V94/><F85/><W40/><G87/><T69/><D131/><U50/><E50/><V55/><AGARI ba="1,3" hai="55,57,60,93,94" m="3177,60831,29707" machi="55" ten="30,7900,0" yaku="8,1,52,3" doraHai="4" who="2" fromWho="2" sc="286,-21,171,-40,265,112,248,-21" /><INIT seed="6,0,0,3,2,90" ten="265,131,377,227" oya="2" hai0="43,131,123,25,111,107,120,36,66,6,63,97,61" hai1="17,19,105,88,9,27,58,80,125,42,4,13,115" hai2="16,91,31,126,135,103,117,30,73,10,79,50,18" hai3="132,108,112,22,7,130,60,114,65,44,8,84,81"/><V72/><F117/><W67/><G108/><T26/><D111/><U33/><E105/><V55/><F103/><W3/><G22/><T102/><D131/><U74/><E125/><V82/><F72/><W41/><G132/><T122/><D6/><U113/><E42/><V46/><F126/><W0/><G0/><T48/><D36/><U21/><E74/><V11/><F135/><W51/><G130/><T24/><D63/><U124/><E58/><V100/><F100/><W78/><G60/><T69/><D48/><U89/><E124/><V45/><F91/><W129/><G129/><T52/><D43/><U15/><E89/><V98/><F98/><W116/><G116/><T76/><D76/><U20/><E80/><V28/><F46/><W77/><G78/><T75/><D75/><U106/><E88/><V14/><F18/><W101/><G101/><T34/><REACH who="0" step="1"/><D52/><REACH who="0" ten="255,131,377,227" step="2"/><U109/><E109/><V29/><F55/><W35/><G35/><AGARI ba="0,1" hai="24,25,26,34,35,61,66,69,97,102,107,120,122,123" machi="35" ten="50,3200,0" yaku="1,1,2,1,53,0" doraHai="90" doraHaiUra="86" who="0" fromWho="3" sc="255,42,131,0,377,0,227,-32" /><INIT seed="7,0,0,2,0,15" ten="297,131,377,195" oya="3" hai0="106,110,52,48,46,83,20,40,92,39,117,22,68" hai1="3,14,42,96,134,88,27,9,56,104,85,45,2" hai2="58,29,19,8,75,81,61,34,16,4,99,90,109" hai3="35,36,65,130,80,91,21,51,41,116,32,84,69"/><W127/><G116/><T98/><D110/><U12/><E134/><V123/><F109/><W37/><G130/><T1/><D1/><U66/><E27/><V63/><F63/><W11/><G127/><T72/><D68/><U73/><E73/><V5/><F5/><W71/><G11/><T0/><D0/><U43/><E12/><V103/><F29/><W67/><G21/><T77/><D106/><U57/><E43/><V33/><F33/><W54/><G69/><T7/><D7/><U53/><E66/><V131/><F34/><W17/><G65/><T30/><D30/><U113/><E113/><V49/><F49/><W18/><G35/><T93/><D117/><U44/><E44/><V118/><F123/><W114/><G32/><T121/><D121/><U38/><E57/><V100/><F100/><W89/><G91/><T60/><D60/><U47/><E47/><V28/><F28/><W13/><G13/><T125/><D125/><U94/><E96/><V112/><F4/><W111/><G114/><T79/><D79/><U23/><E104/><V135/><F112/><W70/><G70/><T108/><D108/><U78/><E78/><V50/><F131/><W24/><G24/><T126/><D126/><U55/><E55/><V62/><F103/><W122/><G111/><T107/><D107/><U119/><E119/><V102/><F102/><W129/><G129/><T86/><D72/><U133/><E133/><V132/><F75/><W74/><G74/><T64/><D64/><U6/><E23/><V124/><F132/><W87/><G122/><T128/><D128/><RYUUKYOKU ba="0,0" sc="297,-10,131,30,377,-10,195,-10" hai1="2,3,6,9,14,38,42,45,53,56,85,88,94" owari="287,9.0,161,-34.0,367,46.0,185,-21.0" /></mjloggm>