<mjloggm ver="2.3"><GO type="225" lobby="0"/><UN n0="%E8%A8%88%E7%AE%97%E6%A9%9F%E8%87%AA%E7%84%B6" n1="%E3%81%8A%E5%91%B3%E5%99%8C%E3%82%B9%E3%83%BC%E3%83%97" n2="%E3%82%8F%E3%81%A3%E3%81%97%E3%82%87%E3%81%84%E5%90%9B%32%E5%8F%B7" n3="%E3%83%8B%E3%83%A3%E3%83%83%E3%83%94%E3%83%BC%E5%A4%8F%E7%9B%AE" dan="17,16,16,18" rate="2263.35,2056.07,2138.36,2301.76" sx="M,M,M,M"/><TAIKYOKU oya="0"/><INIT seed="0,0,0,4,1,89" ten="250,250,250,250" oya="0" hai0="101,118,26,34,127,105,56,74,50,79,134,33,70" hai1="98,90,128,10,37,9,78,80,2,43,8,69,42" hai2="17,23,32,85,111,64,117,102,19,21,135,63,35" hai3="91,76,103,95,107,51,77,84,16,112,132,7,53"/><T97/><D118/><U13/><E128/><V122/><F122/><W67/><G112/><T54/><D70/><U119/><E119/><V18/><F117/><W125/><G132/><T4/><D134/><U133/><E133/><V49/><F135/><W41/><G125/><T71/><D71/><U57/><E69/><V46/><F111/><W116/><G116/><T100/><D127/><U121/><E121/><V66/><F102/><W96/><G41/><T20/><D4/><U106/><E2/><V104/><F104/><W92/><G67/><T99/><D79/><U126/><E126/><V60/><F85/><W93/><G7/><T1/><D74/><U73/><E57/><V87/><F87/><W109/><G109/><T113/><D1/><U83/><E37/><V47/><F17/><W25/><G107/><T86/><D86/><U24/><E24/><V65/><F65/><W94/><G103/><T61/><D61/><U40/><E80/><V6/><F6/><W30/><G96/><T22/><D113/><U58/><E58/><V15/><F15/><W0/><G0/><T72/><D72/><U88/><REACH who="1" step="1"/><E13/><REACH who="1" ten="250,240,250,250" step="2"/><V68/><F68/><W36/><G36/><T62/><D26/><U11/><N who="1" m="2048" /><DORA hai="110" /><U14/><E14/><V48/><AGARI ba="0,1" hai="18,19,21,23,32,35,46,47,48,49,60,63,64,66" machi="48" ten="25,3200,0" yaku="0,1,22,2" doraHai="89,110" who="2" fromWho="2" sc="250,-16,240,-8,250,42,250,-8" /><INIT seed="1,0,0,0,2,106" ten="234,232,292,242" oya="1" hai0="14,44,96,86,28,64,40,20,52,115,97,34,27" hai1="128,49,50,48,68,75,59,101,24,32,35,92,1" hai2="31,124,125,76,126,87,45,116,10,9,42,21,38" hai3="105,70,135,83,41,19,8,77,11,57,37,79,122"/><U91/><E68/><V0/><F116/><W102/><G122/><T46/><D115/><U99/><E1/><V26/><F0/><W53/><G70/><T112/><D112/><U65/><E128/><V82/><AGARI ba="0,0" hai="9,10,21,26,31,38,42,45,76,82,87,124,125,126" machi="82" ten="40,2700,0" yaku="0,1,18,1" doraHai="106" who="2" fromWho="2" sc="234,-7,232,-13,292,27,242,-7" /><INIT seed="2,0,0,1,2,33" ten="227,219,319,235" oya="2" hai0="96,85,60,67,9,109,98,12,135,19,68,8,25" hai1="66,64,122,95,34,130,65,6,57,116,2,1,105" hai2="72,121,70,50,112,36,104,21,56,26,111,32,47" hai3="7,124,115,15,5,59,84,0,31,41,97,89,44"/><V79/><F121/><W131/><G124/><T93/><D109/><U71/><E116/><V13/><F112/><W49/><G131/><T17/><D135/><U88/><E105/><V83/><F104/><W92/><G115/><T76/><D25/><U100/><E100/><V28/><F111/><W62/><G31/><T107/><D107/><U18/><E71/><V134/><F70/><W39/><G39/><T52/><D52/><U74/><E74/><V123/><F123/><W133/><G133/><T118/><D118/><U132/><E122/><V11/><F134/><W91/><G15/><T40/><D40/><U80/><E132/><V127/><F36/><W22/><G22/><T129/><D129/><U94/><E130/><V16/><F127/><W82/><REACH who="3" step="1"/><G0/><REACH who="3" ten="227,219,319,225" step="2"/><T75/><D12/><U51/><E34/><V61/><F32/><W86/><G86/><T10/><D85/><N who="1" m="50215" /><E2/><V45/><REACH who="2" step="1"/><F50/><REACH who="2" ten="227,219,309,225" step="2"/><W53/><AGARI ba="0,2" hai="5,7,41,44,49,53,59,62,82,84,89,91,92,97" machi="53" ten="20,8000,1" yaku="1,1,0,1,7,1,8,1,53,1" doraHai="33" doraHaiUra="48" who="3" fromWho="3" sc="227,-20,219,-20,309,-40,225,100" /><INIT seed="3,0,0,2,2,57" ten="207,199,269,325" oya="3" hai0="19,47,38,134,5,102,37,45,30,0,21,15,50" hai1="68,72,77,91,22,25,89,81,59,58,118,93,32" hai2="54,132,86,78,17,107,49,133,3,73,75,109,34" hai3="27,8,74,36,114,16,69,88,112,39,18,48,33"/><W55/><G69/><T40/><D134/><N who="2" m="51818" /><F109/><W14/><G74/><T1/><D30/><U105/><E68/><V126/><F126/><W124/><G124/><T42/><D50/><U12/><E105/><V116/><F116/><W122/><G122/><T90/><D102/><U129/><E118/><V10/><F34/><W9/><G39/><T101/><D101/><U87/><E129/><V131/><F107/><W62/><G36/><T35/><D35/><U123/><E123/><V53/><F131/><W82/><G62/><T66/><D66/><U113/><E113/><V23/><F86/><N who="3" m="50263" /><G8/><T43/><D43/><U4/><E32/><V28/><F28/><N who="3" m="19615" /><G18/><T80/><D5/><U71/><E71/><V103/><F103/><W127/><G127/><T70/><D70/><U97/><E4/><N who="2" m="1311" /><F78/><W92/><G92/><T56/><D90/><U121/><E121/><V20/><F54/><W119/><G119/><T2/><D80/><U63/><E12/><N who="2" m="9255" /><F23/><W44/><AGARI ba="0,0" hai="9,14,16,44,48,55,112,114" m="19615,50263" machi="44" ten="30,6000,0" yaku="25,1,54,2" doraHai="57" who="3" fromWho="3" sc="207,-20,199,-20,269,-20,325,60" owari="187,-21.0,179,-32.0,249,5.0,385,48.0" /></mjloggm>