<mjloggm ver="2.3"><GO type="225" lobby="0"/><UN n0="%E8%A8%88%E7%AE%97%E6%A9%9F%E8%87%AA%E7%84%B6" n1="%59%4F%55%E5%BE%80%4D%59%E9%80%B2%21" n2="%E9%B3%B3%E6%9D%B1%E3%81%AE%E3%81%86%E3%81%95%E3%81%8E%E3%81%95%E3%82%93" n3="%E5%A4%A7%E5%AE%AE%E5%BF%8D%76" dan="17,16,18,17" rate="2260.99,2096.06,2128.35,2200.04" sx="M,M,F,M"/><TAIKYOKU oya="0"/><INIT seed="0,0,0,5,5,35" ten="250,250,250,250" oya="0" hai0="93,46,103,6,105,100,128,8,28,21,64,31,92" hai1="39,56,11,62,101,131,132,52,47,120,59,122,57" hai2="22,13,82,1,135,85,126,75,77,87,12,113,7" hai3="116,88,115,16,61,60,99,118,50,9,133,37,14"/><T63/><BYE who="1" /><D128/><U123/><E123/><V76/><F113/><W17/><G115/><T0/><D46/><UN n1="%59%4F%55%E5%BE%80%4D%59%E9%80%B2%21" /><U24/><E132/><V91/><F135/><W106/><G37/><T67/><D105/><U98/><E131/><V49/><F126/><W78/><G133/><T70/><D64/><U40/><E24/><V84/><F77/><W5/><G78/><T96/><REACH who="0" step="1"/><D21/><REACH who="0" ten="240,250,250,250" step="2"/><U44/><E122/><V112/><F22/><W94/><G106/><T104/><D104/><U80/><E120/><V74/><F112/><W65/><G118/><T69/><D69/><U18/><E47/><V72/><F75/><W43/><G116/><T38/><D38/><U45/><E44/><V32/><F74/><W54/><G43/><T29/><D29/><U25/><E45/><V134/><F134/><W51/><G65/><T36/><D36/><U119/><E40/><V20/><F20/><W23/><G54/><T19/><D19/><U30/><E39/><V129/><F129/><W95/><G17/><T121/><D121/><U81/><E119/><V86/><F32/><W42/><G42/><T15/><D15/><N who="1" m="7551" /><E52/><V110/><F13/><W3/><REACH who="3" step="1"/><G95/><REACH who="3" ten="240,250,250,240" step="2"/><T26/><D26/><U2/><E25/><V117/><F117/><W48/><AGARI ba="0,2" hai="3,5,9,14,16,23,48,50,51,60,61,88,94,99" machi="48" ten="30,12000,2" yaku="1,1,2,1,0,1,52,1,54,2,53,0" doraHai="35" doraHaiUra="83" who="3" fromWho="3" sc="240,-60,250,-30,250,-30,240,140" /><INIT seed="1,0,0,2,5,55" ten="180,220,220,380" oya="1" hai0="111,113,22,115,75,72,8,120,79,37,64,38,62" hai1="28,104,87,18,89,114,90,26,127,42,83,12,124" hai2="70,98,107,73,116,125,2,66,40,119,44,25,39" hai3="24,68,36,134,21,135,99,53,41,112,16,60,51"/><U88/><E114/><V106/><F125/><N who="1" m="48201" /><E42/><V54/><F2/><W9/><G112/><N who="0" m="43083" /><D22/><N who="1" m="11591" /><E104/><V122/><F122/><W14/><G99/><T30/><D8/><U17/><E17/><V126/><F126/><W0/><G0/><T95/><D95/><U27/><E27/><V67/><F106/><W5/><G41/><T47/><D30/><U45/><E45/><V117/><F25/><W132/><G36/><T110/><D120/><U130/><E130/><V91/><F107/><W78/><G78/><T81/><D75/><U92/><E92/><V20/><F73/><W86/><G86/><T3/><D3/><U100/><E100/><V19/><F98/><W102/><G102/><T76/><D76/><U63/><E63/><V52/><F91/><W33/><G33/><AGARI ba="0,0" hai="26,28,33,83,87,88,89,90" m="11591,48201" machi="33" ten="30,2900,0" yaku="18,1,54,1" doraHai="55" who="1" fromWho="3" sc="180,0,220,29,220,0,380,-29" /><INIT seed="1,1,0,3,0,95" ten="180,249,220,351" oya="1" hai0="76,131,35,115,56,23,128,67,10,54,32,97,118" hai1="58,34,68,39,81,69,48,42,9,107,55,74,37" hai2="126,27,33,119,22,90,130,44,38,59,109,45,96" hai3="49,21,135,1,6,82,31,123,51,98,133,12,134"/><U62/><E107/><V80/><F119/><W84/><G123/><T88/><D118/><U13/><E34/><V28/><F109/><W16/><G31/><T52/><D115/><U5/><E42/><V36/><F130/><N who="0" m="49706" /><D76/><U111/><E111/><V70/><F70/><W116/><G116/><T18/><D10/><U8/><E8/><V17/><F126/><W77/><G98/><T47/><D67/><U43/><E43/><V122/><F122/><W114/><G114/><T50/><D18/><U104/><E104/><V129/><F129/><W86/><G86/><T78/><D78/><U85/><E74/><V65/><F96/><W120/><G120/><T89/><D23/><U100/><E100/><V105/><F17/><W71/><G71/><T72/><D72/><U40/><E68/><V4/><F22/><W73/><G73/><T63/><D89/><U102/><E102/><V93/><F90/><W64/><G64/><T26/><D26/><U106/><E106/><V7/><F27/><W0/><G6/><T108/><D108/><U79/><REACH who="1" step="1"/><E69/><REACH who="1" ten="180,239,220,351" step="2"/><V99/><F105/><W57/><G134/><T125/><D125/><U2/><E2/><V29/><F33/><W92/><G0/><T46/><D46/><AGARI ba="1,1" hai="5,9,13,37,39,40,46,48,55,58,62,79,81,85" machi="46" ten="40,7700,0" yaku="1,1,25,2,53,0" doraHai="95" doraHaiUra="30" who="1" fromWho="0" sc="180,-80,239,90,220,0,351,0" /><INIT seed="1,2,0,0,2,66" ten="100,329,220,351" oya="1" hai0="125,70,4,87,89,45,14,112,117,102,58,34,11" hai1="109,101,75,19,37,120,82,68,27,47,2,33,62" hai2="29,13,92,134,78,49,111,57,54,127,119,12,44" hai3="122,98,35,36,51,46,9,8,31,103,38,6,28"/><U115/><E120/><V59/><F111/><W110/><G122/><T71/><D112/><U22/><E115/><V116/><F134/><W121/><G121/><T85/><D117/><U53/><E2/><V126/><F78/><W7/><G110/><T55/><D125/><N who="2" m="47626" /><F29/><W84/><G84/><T124/><D124/><U123/><E123/><V104/><F104/><W114/><G114/><T69/><D34/><U130/><E109/><V40/><F92/><W56/><G56/><N who="2" m="21577" /><F12/><W26/><G31/><T76/><D102/><U90/><E33/><V105/><F105/><W48/><G28/><T65/><D76/><U63/><E75/><V135/><F135/><W129/><G35/><T80/><D85/><U108/><E82/><V41/><F13/><W32/><G32/><T106/><D106/><U0/><E0/><V30/><F30/><W74/><G74/><T100/><D100/><U18/><E101/><V64/><F64/><W131/><G103/><T132/><D132/><U67/><E67/><V1/><F1/><W86/><G26/><T97/><D65/><U133/><E27/><V95/><F95/><W79/><G79/><T72/><D72/><U93/><E93/><V99/><F99/><W81/><G98/><T91/><D97/><U10/><E133/><V113/><F113/><W16/><G86/><T21/><D21/><U3/><E3/><V24/><F24/><W25/><G25/><T128/><D89/><U107/><E107/><V42/><AGARI ba="2,0" hai="40,41,42,44,49,54,116,119" m="21577,47626" machi="42" ten="40,5200,0" yaku="18,1,34,2" doraHai="66" who="2" fromWho="2" sc="100,-15,329,-28,220,58,351,-15" /><INIT seed="2,0,0,5,2,76" ten="85,301,278,336" oya="2" hai0="21,89,106,39,100,102,46,5,44,73,41,33,122" hai1="23,121,30,10,134,132,92,104,131,67,111,29,57" hai2="63,77,114,49,108,119,118,135,28,133,14,91,22" hai3="66,3,40,11,26,19,99,75,27,110,98,51,85"/><V109/><F77/><W24/><G75/><T17/><D122/><U60/><E104/><V78/><F78/><W43/><G110/><N who="2" m="42601" /><F91/><W13/><G3/><T127/><D33/><U64/><E111/><V93/><F93/><W125/><G125/><T20/><D73/><U72/><E121/><V116/><F63/><W120/><G120/><T96/><D127/><U31/><E72/><V97/><F97/><N who="3" m="36875" /><G66/><T112/><D112/><U59/><E131/><V37/><F37/><W124/><G124/><T34/><D34/><U103/><E10/><V84/><F84/><W95/><G51/><T113/><D113/><U115/><E115/><V15/><F114/><W87/><G87/><T86/><D100/><U105/><E105/><V101/><F49/><W69/><G69/><T65/><D65/><U107/><E107/><V45/><F45/><W38/><G38/><T58/><D46/><U53/><E92/><V130/><F130/><W129/><G129/><T6/><D58/><U12/><E103/><V128/><F101/><W50/><G50/><T48/><D39/><U81/><E81/><V54/><F54/><W8/><G8/><T18/><D86/><U55/><E55/><V1/><F1/><W82/><G95/><T16/><REACH who="0" step="1"/><D89/><AGARI ba="0,0" hai="11,13,19,24,26,27,40,43,82,85,89" m="36875" machi="89" ten="30,2000,0" yaku="8,1,52,1" doraHai="76" who="3" fromWho="0" sc="85,-20,301,0,278,0,336,20" /><INIT seed="3,0,0,3,0,46" ten="65,301,278,356" oya="3" hai0="20,107,120,24,33,112,104,83,36,121,1,5,25" hai1="60,47,76,19,66,116,37,89,93,28,39,40,48" hai2="44,69,101,11,117,64,130,72,27,133,100,29,14" hai3="65,34,23,123,68,61,113,126,21,91,55,96,77"/><W12/><G123/><T81/><D20/><U42/><E116/><V94/><F130/><W95/><G113/><T82/><D36/><U128/><E128/><V78/><F133/><W67/><G34/><T10/><D33/><U3/><E3/><V41/><F117/><W124/><G77/><T84/><D84/><U7/><E7/><V18/><F94/><W26/><G67/><T80/><N who="0" m="20480" /><DORA hai="35" /><T103/><D112/><U92/><E76/><V4/><F72/><W110/><G110/><T122/><REACH who="0" step="1"/><D103/><REACH who="0" ten="55,301,278,356" step="2"/><U31/><E39/><V75/><F78/><W134/><G23/><T114/><D114/><U135/><E37/><V129/><F129/><W106/><G21/><T71/><D71/><U131/><E131/><V16/><F75/><W105/><G68/><T43/><D43/><U8/><E42/><V2/><F69/><W108/><G108/><T119/><D119/><U53/><E40/><V74/><F74/><W51/><G124/><T52/><D52/><U86/><E53/><V99/><F64/><W70/><G55/><T125/><D125/><U59/><E66/><V79/><F79/><W0/><G65/><T73/><D73/><U38/><E38/><N who="2" m="21559" /><F99/><W132/><G96/><T109/><D109/><U9/><E86/><V90/><F90/><W118/><G70/><T17/><D17/><N who="2" m="6762" /><F14/><W62/><G12/><T88/><D88/><U30/><E89/><V102/><F29/><W32/><G91/><T97/><D97/><U115/><E31/><V98/><F98/><W127/><G118/><T15/><D15/><U57/><E30/><V6/><F27/><AGARI ba="0,1" hai="1,5,10,24,25,27,104,107,120,121,122" m="20480" machi="27" ten="60,7700,0" yaku="1,1,6,1,52,1,53,0" doraHai="46,35" doraHaiUra="50,111" who="0" fromWho="2" sc="55,87,301,0,278,-77,356,0" owari="142,-36.0,301,10.0,201,-20.0,356,46.0" /></mjloggm>