<mjloggm ver="2.3"><GO type="169" lobby="0"/><UN n0="%E3%81%A9%E3%81%8F%E3%81%A1%E3%81%8F%E3%82%8F" n1="%62%75%72%65%61%36" n2="%E5%8D%83%E7%BE%BD%E9%B4%89" n3="%E3%81%BE%E3%82%8A%E3%81%B7%E3%81%85%E3%81%AE%E3%83%95%E3%82%A1%E3%83%B3" dan="16,16,17,16" rate="2081.22,2151.33,2220.81,2090.06" sx="M,M,F,M"/><TAIKYOKU oya="0"/><INIT seed="0,0,0,3,4,44" ten="250,250,250,250" oya="0" hai0="101,114,1,45,21,122,32,117,118,105,120,15,19" hai1="84,3,129,35,27,116,56,22,94,58,50,7,43" hai2="121,49,87,46,23,92,40,59,103,0,119,61,69" hai3="135,132,123,86,83,133,5,48,127,9,62,91,113"/><T8/><D105/><U20/><E116/><N who="0" m="44649" /><D101/><U100/><E129/><V95/><F121/><N who="0" m="46698" /><D45/><N who="1" m="25919" /><E35/><V124/><F0/><W74/><G113/><T71/><D71/><U72/><E72/><V79/><F69/><W38/><G38/><T52/><D52/><U126/><E3/><V104/><F104/><W108/><G74/><T125/><D32/><U24/><E100/><V47/><F103/><W41/><G62/><T37/><D37/><U90/><E7/><V31/><F47/><N who="3" m="25711" /><G123/><T6/><D125/><U25/><E126/><V55/><F124/><W10/><G127/><T131/><D131/><U60/><E58/><V80/><REACH who="2" step="1"/><F119/><REACH who="2" ten="250,250,240,250" step="2"/><W54/><G135/><T70/><D70/><U30/><E30/><V97/><F97/><W17/><G133/><T96/><D96/><U68/><E68/><V106/><F106/><W67/><G132/><T82/><D82/><U33/><E33/><V29/><F29/><W28/><G28/><T85/><D85/><U53/><AGARI ba="0,1" hai="20,22,24,25,27,53,56,60,84,90,94" m="25919" machi="53" ten="30,2000,0" yaku="8,1,52,1" doraHai="44" who="1" fromWho="1" sc="250,-10,250,30,240,-5,250,-5" /><INIT seed="1,0,0,4,1,68" ten="240,280,235,245" oya="1" hai0="112,105,134,35,92,8,108,44,70,113,58,121,24" hai1="87,36,85,11,59,124,133,64,39,54,104,82,25" hai2="127,115,79,62,49,10,42,34,9,75,93,102,48" hai3="77,55,61,57,101,14,106,7,86,56,98,18,89"/><U76/><E124/><V17/><F34/><W99/><G77/><T129/><D58/><U30/><E104/><V116/><F116/><W46/><G7/><T20/><D92/><U130/><E130/><V72/><F62/><W126/><G126/><T103/><D103/><U15/><E64/><V118/><F118/><W88/><G99/><T100/><D44/><U125/><E87/><V12/><F115/><W69/><G69/><T71/><D100/><U4/><E133/><V95/><F127/><W66/><G46/><T97/><D97/><U6/><E6/><V27/><F27/><W91/><G86/><T45/><D45/><U132/><E132/><V26/><F26/><W110/><G110/><T94/><D113/><U107/><E107/><V23/><F102/><W38/><G38/><T19/><D134/><U67/><E67/><V41/><F79/><W73/><G73/><T47/><D105/><U33/><REACH who="1" step="1"/><E125/><REACH who="1" ten="240,270,235,245" step="2"/><V16/><F75/><W43/><G43/><T53/><D129/><U37/><E37/><V117/><F72/><W5/><G5/><T1/><D112/><U90/><E90/><V63/><F117/><W131/><G131/><T128/><D128/><U50/><AGARI ba="0,1" hai="4,11,15,25,30,33,36,39,50,54,59,76,82,85" machi="50" ten="20,18000,2" yaku="1,1,0,1,7,1,52,2,53,1" doraHai="68" doraHaiUra="2" who="1" fromWho="1" sc="240,-60,270,190,235,-60,245,-60" /><INIT seed="1,1,0,4,0,23" ten="180,460,175,185" oya="1" hai0="112,37,50,131,68,22,88,97,32,40,16,58,6" hai1="48,66,17,34,117,71,81,116,85,105,59,51,49" hai2="115,98,134,60,25,103,123,28,0,92,65,94,7" hai3="41,127,84,69,8,56,19,77,82,75,44,133,63"/><U10/><E105/><V73/><F134/><W13/><G69/><T30/><D68/><U89/><E34/><V29/><F115/><W53/><G127/><T122/><D112/><U108/><E71/><V64/><F73/><W95/><G133/><T99/><D37/><U118/><E108/><V43/><F43/><W111/><G111/><T93/><D131/><U70/><E70/><V130/><F130/><W121/><G121/><T128/><D128/><U35/><E35/><V26/><F123/><W55/><G95/><T4/><D99/><U106/><E106/><V80/><F80/><W76/><G75/><T110/><D110/><U2/><E66/><V124/><F124/><W36/><REACH who="3" step="1"/><G55/><REACH who="3" ten="180,460,175,175" step="2"/><T12/><D122/><U72/><E72/><V3/><F94/><W79/><AGARI ba="1,1" hai="8,13,19,36,41,44,53,56,63,76,77,79,82,84" machi="79" ten="20,8000,1" yaku="1,1,2,1,0,1,7,1,53,1" doraHai="23" doraHaiUra="38" who="3" fromWho="3" sc="180,-21,460,-41,175,-21,175,93" /><INIT seed="2,0,0,0,1,28" ten="159,419,154,268" oya="2" hai0="86,85,40,12,128,102,108,91,112,80,124,123,60" hai1="67,36,134,52,13,38,109,93,81,0,68,62,78" hai2="110,79,34,119,72,126,97,70,39,1,118,132,24" hai3="16,71,83,7,65,14,84,53,75,11,61,77,3"/><V29/><RYUUKYOKU type="yao9" ba="0,0" sc="159,0,419,0,154,0,268,0" hai2="1,24,29,34,39,70,72,79,97,110,118,119,126,132" /><INIT seed="2,1,0,3,5,90" ten="159,419,154,268" oya="2" hai0="74,95,49,28,34,18,100,51,121,6,15,26,91" hai1="32,1,135,120,103,131,33,39,42,50,97,22,96" hai2="0,101,29,111,25,16,31,110,123,69,133,105,78" hai3="38,11,76,113,109,83,115,93,129,126,88,108,77"/><V124/><F69/><W23/><G38/><T24/><D121/><U130/><E120/><V46/><F123/><W84/><G11/><T54/><D74/><U104/><E135/><V45/><F0/><W86/><G23/><T70/><D70/><U127/><E1/><V57/><F133/><W40/><G40/><T122/><D122/><U8/><E8/><V59/><F78/><W117/><G117/><T75/><D75/><U73/><E73/><V4/><F4/><W53/><G53/><T41/><D26/><U79/><E79/><V92/><F105/><W85/><G126/><T12/><D100/><U10/><E10/><V27/><F101/><W43/><G43/><T56/><D6/><U134/><E39/><V119/><F119/><W21/><G21/><T89/><D89/><U114/><E22/><V48/><F16/><W125/><G129/><T61/><D41/><U112/><E42/><V81/><F81/><N who="3" m="47143" /><G125/><T19/><D18/><U107/><E127/><V62/><F48/><W80/><G80/><T2/><D2/><U116/><E50/><V35/><F124/><W67/><G67/><T7/><D7/><U17/><E17/><V47/><F62/><W71/><G71/><T13/><REACH who="0" step="1"/><D19/><REACH who="0" ten="149,419,154,268" step="2"/><U63/><E116/><V99/><F27/><W60/><G60/><T118/><D118/><U66/><E134/><V55/><F31/><W30/><G30/><T98/><AGARI ba="1,1" hai="12,13,15,24,28,34,49,51,54,56,61,91,95,98" machi="98" ten="30,4000,0" yaku="1,1,0,1,52,1,53,0" doraHai="90" doraHaiUra="106" who="0" fromWho="0" sc="149,53,419,-11,154,-21,268,-11" /><INIT seed="3,0,0,0,3,133" ten="202,408,133,257" oya="3" hai0="44,95,118,113,32,126,58,87,85,134,49,25,97" hai1="75,20,8,26,120,50,129,110,31,62,52,88,15" hai2="96,9,83,100,5,65,81,76,61,109,115,135,29" hai3="13,98,1,21,99,27,114,131,57,89,101,43,42"/><W73/><G1/><T16/><D118/><U60/><E120/><V12/><F109/><W41/><G114/><T37/><D134/><U64/><E110/><V14/><F135/><W80/><G131/><T6/><D6/><U10/><E75/><V102/><F115/><W72/><G13/><T59/><D113/><U56/><E129/><V67/><F29/><W34/><G34/><T46/><D32/><U40/><E40/><V69/><F65/><W3/><G3/><T68/><D68/><U123/><E123/><V122/><F122/><W4/><G4/><T23/><D37/><U77/><E77/><V53/><F53/><W38/><G38/><T121/><D126/><U82/><E15/><V55/><F55/><W127/><G127/><T74/><D74/><U116/><E116/><V7/><F76/><W17/><G57/><N who="0" m="21515" /><D121/><U28/><E28/><V47/><F47/><N who="0" m="17962" /><D49/><U79/><E79/><V48/><F48/><W107/><REACH who="3" step="1"/><G98/><REACH who="3" ten="202,408,133,247" step="2"/><T103/><AGARI ba="0,1" hai="16,23,25,85,87,95,97,103" m="17962,21515" machi="103" ten="30,2000,0" yaku="8,1,54,1" doraHai="133" who="0" fromWho="0" sc="202,30,408,-5,133,-5,247,-10" /><INIT seed="4,0,0,4,1,46" ten="232,403,128,237" oya="0" hai0="105,23,14,5,4,32,29,102,82,103,95,12,52" hai1="76,39,85,131,123,7,57,133,111,42,98,87,6" hai2="80,16,124,48,72,83,122,106,54,58,3,119,21" hai3="56,77,22,128,91,110,33,49,94,26,44,78,37"/><T66/><D105/><U100/><E123/><V70/><F122/><W13/><G110/><T24/><D66/><U88/><E111/><V10/><F124/><W101/><G101/><T8/><D82/><U27/><E131/><V35/><F35/><W89/><G128/><T1/><D4/><U86/><E133/><V65/><F106/><W120/><G120/><T135/><D135/><U53/><E76/><V126/><F72/><W96/><G37/><T71/><D71/><U11/><E39/><V81/><F119/><W61/><G33/><T18/><D95/><N who="1" m="58463" /><E42/><V90/><F126/><W2/><G13/><T132/><D12/><N who="1" m="5239" /><E27/><V17/><F3/><W115/><G91/><T117/><D117/><U51/><E7/><V41/><F41/><N who="3" m="24719" /><G2/><T63/><D132/><U28/><E28/><V15/><F65/><N who="3" m="39079" /><G115/><T134/><D134/><U114/><E114/><V73/><F70/><W107/><G107/><T68/><D68/><U125/><E125/><V59/><F73/><W20/><G20/><T129/><D129/><U74/><E74/><V30/><F30/><AGARI ba="0,0" hai="22,26,30,77,78,89,94,96" m="39079,24719" machi="30" ten="30,2000,0" yaku="8,1,52,1" doraHai="46" who="3" fromWho="2" sc="232,0,403,0,128,-20,237,20" /><INIT seed="5,0,0,5,0,20" ten="232,403,108,257" oya="1" hai0="78,18,47,11,8,108,112,113,63,23,105,57,95" hai1="99,80,102,38,106,94,83,117,34,15,24,1,64" hai2="19,124,110,135,104,97,2,3,111,9,76,88,65" hai3="30,61,40,22,59,131,77,45,16,39,29,87,49"/><U93/><E117/><V31/><F76/><W115/><G115/><T109/><D105/><U36/><E1/><V92/><F124/><W0/><G0/><T98/><D78/><U103/><E64/><V26/><F135/><W121/><G121/><T89/><D47/><U126/><E126/><V74/><F74/><W100/><G131/><T66/><D8/><U32/><E15/><V127/><F127/><W6/><G6/><T101/><D11/><U73/><E73/><V44/><F65/><W28/><G100/><T70/><D70/><U116/><E116/><V107/><F2/><W14/><G39/><T72/><D72/><U35/><E35/><V75/><F75/><W41/><G41/><T125/><D101/><U53/><E53/><V42/><F110/><W68/><G68/><T82/><D82/><U90/><E90/><V58/><F111/><W122/><G122/><T120/><D120/><U55/><E55/><V81/><F81/><N who="3" m="47535" /><G29/><T128/><D125/><U114/><E114/><N who="0" m="44137" /><D128/><U33/><E33/><V60/><F3/><W48/><G48/><T37/><D37/><U119/><E119/><V71/><F71/><W96/><G96/><T134/><D134/><U7/><E99/><V4/><F4/><W118/><G118/><T123/><D123/><U69/><E69/><V79/><F79/><W13/><G13/><AGARI ba="0,0" hai="13,18,23,57,63,66,89,95,98,108,109" m="44137" machi="13" ten="30,1000,0" yaku="15,1" doraHai="20" who="0" fromWho="3" sc="232,10,403,0,108,0,257,-10" /><INIT seed="6,0,0,0,0,50" ten="242,403,108,247" oya="2" hai0="45,125,135,90,69,110,66,89,42,72,107,93,24" hai1="82,118,70,97,86,62,1,111,56,87,25,7,104" hai2="77,98,27,71,46,128,123,132,100,94,64,21,29" hai3="95,99,60,73,4,17,133,8,117,92,105,127,68"/><V84/><F132/><W32/><G117/><T52/><D110/><U3/><E111/><V76/><F128/><W106/><G73/><T10/><D72/><U12/><E70/><V5/><F123/><W26/><G127/><T103/><D107/><U122/><E118/><V129/><F129/><W116/><G116/><T124/><D135/><U61/><E61/><V55/><F5/><W126/><G126/><N who="0" m="48747" /><D66/><U119/><E87/><V57/><F71/><W37/><G37/><T130/><D69/><U54/><E25/><V18/><F84/><W14/><G133/><T81/><D24/><U47/><E47/><V13/><F46/><W15/><G92/><T11/><D103/><U108/><E122/><V34/><REACH who="2" step="1"/><F64/><REACH who="2" ten="242,403,98,247" step="2"/><W78/><G68/><T43/><D130/><U36/><E86/><V38/><F38/><W35/><G4/><T63/><D45/><U134/><E7/><V44/><F44/><W30/><G106/><T120/><D120/><U88/><E104/><V40/><F40/><W23/><G105/><T109/><D42/><U113/><E36/><V96/><F96/><W67/><G99/><T6/><D43/><U65/><E134/><V115/><F115/><W79/><G67/><T0/><D6/><U80/><E113/><V51/><AGARI ba="0,1" hai="13,18,21,27,29,34,51,55,57,76,77,94,98,100" machi="51" ten="20,7800,0" yaku="1,1,0,1,7,1,52,1,53,0" doraHai="50" doraHaiUra="33" who="2" fromWho="2" sc="242,-26,403,-26,98,88,247,-26" /><INIT seed="6,1,0,0,3,101" ten="216,377,186,221" oya="2" hai0="42,80,57,91,81,31,130,36,99,94,124,135,41" hai1="97,23,34,118,71,103,102,35,53,100,126,18,5" hai2="76,83,68,27,75,105,127,25,21,38,55,66,6" hai3="125,86,128,33,90,46,30,98,15,93,112,10,77"/><V47/><F127/><W69/><G125/><T113/><D113/><U120/><E126/><V123/><F123/><W70/><G128/><T11/><D130/><U74/><E118/><V32/><F105/><W88/><G77/><T48/><D124/><U44/><E71/><V50/><F32/><W85/><G112/><T26/><D135/><U62/><E74/><V22/><F6/><W87/><G46/><T37/><D11/><U108/><E108/><V2/><F2/><W134/><G134/><T64/><D36/><U107/><E5/><V63/><F21/><W54/><G54/><N who="0" m="31943" /><D64/><U72/><E72/><V79/><F79/><W29/><G33/><T115/><D37/><U17/><E17/><V13/><REACH who="2" step="1"/><F38/><REACH who="2" ten="216,377,176,221" step="2"/><W111/><G111/><T0/><D0/><U78/><E78/><V67/><F67/><W51/><G70/><T65/><D65/><U12/><E120/><V39/><F39/><W61/><G69/><T119/><D115/><U24/><E35/><V58/><F58/><W129/><G129/><T121/><D121/><U117/><E34/><V1/><F1/><W40/><G10/><T89/><D119/><U132/><E117/><V49/><F49/><W3/><G51/><T9/><D9/><U59/><E132/><V52/><F52/><W84/><G3/><T56/><D56/><U116/><E116/><V43/><F43/><W106/><G40/><T82/><D42/><U104/><E104/><V114/><F114/><W20/><G106/><T133/><D41/><U7/><E44/><V16/><AGARI ba="1,1" hai="13,16,22,25,27,47,50,55,63,66,68,75,76,83" machi="16" ten="30,6000,0" yaku="1,1,0,1,54,1,53,0" doraHai="101" doraHaiUra="4" who="2" fromWho="2" sc="216,-21,377,-21,176,73,221,-21" /><INIT seed="6,2,0,3,0,125" ten="195,356,249,200" oya="2" hai0="102,120,26,93,74,15,39,87,53,48,66,10,121" hai1="107,36,101,131,16,86,44,132,97,46,105,79,94" hai2="59,78,64,25,135,54,41,56,116,2,133,29,20" hai3="117,34,76,113,61,35,22,73,88,95,72,127,80"/><V122/><F116/><W18/><G117/><T98/><D74/><U5/><E5/><V55/><F2/><W24/><G127/><T23/><D39/><U70/><E70/><V9/><F122/><W84/><G113/><T129/><D87/><U104/><E36/><V28/><F41/><W75/><REACH who="3" step="1"/><G61/><REACH who="3" ten="195,356,249,190" step="2"/><T12/><D120/><U37/><E132/><V130/><F133/><W40/><G40/><T123/><D121/><U96/><E37/><V124/><F124/><W50/><G50/><T111/><D123/><U126/><E126/><V82/><F135/><W6/><G6/><T62/><D111/><U92/><E104/><V134/><F134/><W90/><G90/><T77/><D77/><U30/><E79/><V1/><F78/><W119/><G119/><T112/><D112/><U58/><E105/><V33/><F1/><W110/><G110/><T8/><D62/><U100/><E107/><V91/><F91/><W31/><G31/><T106/><D106/><U17/><E30/><V4/><F29/><W45/><G45/><T69/><D48/><U42/><E42/><V89/><F4/><W68/><G68/><T3/><D69/><U103/><E46/><V83/><F89/><W99/><AGARI ba="2,1" hai="18,22,24,34,35,72,73,75,76,80,84,88,95,99" machi="99" ten="30,4000,0" yaku="1,1,0,1,54,1,53,0" doraHai="125" doraHaiUra="57" who="3" fromWho="3" sc="195,-12,356,-12,249,-22,190,56" /><INIT seed="7,0,0,0,5,85" ten="183,344,227,246" oya="3" hai0="26,28,120,12,11,30,50,31,18,64,19,115,20" hai1="132,10,112,116,87,96,126,118,69,89,128,77,123" hai2="13,119,68,82,44,67,45,84,121,99,124,62,86" hai3="78,24,42,16,27,54,106,6,46,49,61,92,95"/><W55/><G106/><T57/><D50/><U127/><E69/><V75/><F119/><N who="1" m="45609" /><E123/><V122/><F75/><W98/><G6/><N who="0" m="3191" /><D57/><U93/><E112/><V72/><F72/><W37/><G78/><T2/><D64/><U47/><E128/><V88/><F124/><W135/><G135/><T43/><D43/><U39/><E132/><V130/><F130/><W129/><G129/><T74/><D74/><U91/><E10/><V105/><F13/><W36/><G92/><T56/><D56/><U125/><E77/><V9/><F9/><W100/><G37/><T7/><D120/><N who="2" m="46186" /><F86/><W76/><G76/><T4/><D115/><U22/><E22/><V104/><F104/><W41/><G36/><T29/><D2/><U71/><E71/><V34/><F34/><W15/><G42/><T52/><D52/><N who="3" m="20009" /><G61/><T102/><D102/><AGARI ba="0,0" hai="44,45,62,67,68,82,84,88,99,102,105" m="46186" machi="102" ten="30,3900,0" yaku="13,1,52,1,54,1" doraHai="85" who="2" fromWho="0" sc="183,-39,344,0,227,39,246,0" owari="144,-36.0,344,44.0,266,7.0,246,-15.0" /></mjloggm>