<mjloggm ver="2.3"><GO type="169" lobby="0"/><UN n0="%E3%83%88%E3%82%AD%E9%9B%80%E7%8B%82%E4%BA%BA%E6%88%A6%E4%BB%A3%E8%A1%A8" n1="%E9%BB%92%E7%8C%AB%73%69%6E" n2="%E5%BC%B7%E6%89%93%E6%84%9B%E5%A5%BD%E5%AE%B6" n3="%E5%BD%97%E6%98%9F%E5%85%A5%E3%83%92%E3%82%B3" dan="16,17,16,16" rate="2096.05,2222.52,2154.65,2137.23" sx="M,M,M,M"/><TAIKYOKU oya="0"/><INIT seed="0,0,0,2,3,111" ten="250,250,250,250" oya="0" hai0="39,48,99,119,45,63,54,84,60,29,120,118,32" hai1="127,83,7,124,16,2,11,55,35,69,103,3,110" hai2="107,53,50,57,43,135,61,121,106,47,23,125,37" hai3="97,123,134,19,42,131,78,64,34,113,9,68,52"/><T30/><D120/><U75/><E69/><V59/><F121/><W56/><G123/><T79/><D39/><U24/><E103/><V73/><F73/><W49/><G34/><T12/><D32/><U116/><E110/><V65/><F135/><W17/><G134/><T86/><D99/><U122/><E122/><V14/><F125/><N who="1" m="48201" /><E55/><V33/><F33/><W62/><G131/><T96/><D96/><U100/><E100/><V36/><F23/><W13/><G78/><T89/><D79/><N who="1" m="44543" /><E116/><V128/><F14/><W133/><G133/><T95/><D119/><U25/><E2/><V87/><F128/><W132/><G132/><T67/><D86/><U77/><E77/><V91/><F36/><W70/><G42/><T74/><D74/><U114/><E114/><V109/><F109/><W8/><G113/><T31/><D118/><U46/><E46/><V117/><F117/><W10/><G97/><T81/><D95/><AGARI ba="0,0" hai="37,43,47,50,53,57,59,61,65,87,91,95,106,107" machi="95" ten="30,1000,0" yaku="7,1" doraHai="111" who="2" fromWho="0" sc="250,-10,250,0,250,10,250,0" /><INIT seed="1,0,0,3,4,1" ten="240,250,260,250" oya="1" hai0="54,35,74,43,129,80,95,15,10,125,120,111,8" hai1="97,29,117,52,42,94,64,85,66,63,9,18,21" hai2="104,7,127,41,112,27,23,118,88,135,22,101,48" hai3="5,119,44,106,69,39,83,37,130,110,91,98,6"/><U67/><E117/><V77/><F118/><W12/><G69/><T17/><D120/><U93/><E29/><V65/><F127/><W58/><G119/><T46/><D125/><U78/><E42/><V61/><F135/><W96/><G110/><T14/><D35/><U0/><E0/><V133/><F133/><W36/><G130/><T116/><D116/><U99/><E9/><V2/><F77/><W20/><G106/><T34/><D34/><U71/><E71/><V76/><F76/><W33/><G33/><T16/><D111/><U56/><E78/><V90/><F22/><W107/><G107/><T132/><D129/><U124/><E124/><V105/><F112/><W38/><G38/><T70/><D70/><U84/><E93/><V92/><F90/><W73/><G44/><T3/><D3/><U100/><REACH who="1" step="1"/><E99/><REACH who="1" ten="240,240,260,250" step="2"/><V126/><F105/><W134/><G134/><T28/><D28/><U86/><E86/><V62/><F104/><W75/><G98/><T25/><D132/><U81/><E81/><V113/><F92/><W51/><G75/><T49/><D95/><U82/><E82/><V108/><F2/><W55/><G73/><T47/><D80/><U79/><E79/><V114/><F126/><W128/><G128/><T109/><D74/><U26/><AGARI ba="0,1" hai="18,21,26,52,56,63,64,66,67,84,85,94,97,100" machi="26" ten="30,11700,0" yaku="1,1,0,1,8,1,54,1,53,0" doraHai="1" doraHaiUra="31" who="1" fromWho="1" sc="240,-39,240,127,260,-39,250,-39" /><INIT seed="1,1,0,4,4,20" ten="201,367,221,211" oya="1" hai0="19,72,87,108,6,74,40,58,126,57,131,17,11" hai1="129,122,133,128,70,22,64,27,118,61,34,32,2" hai2="45,88,1,115,98,21,105,5,110,93,37,42,113" hai3="44,96,106,107,25,117,8,31,123,9,125,7,35"/><U18/><E118/><V81/><F110/><W62/><G123/><T69/><D69/><U39/><E122/><V97/><F5/><W80/><G117/><T29/><D108/><U33/><E133/><V52/><F1/><W104/><G125/><T50/><D126/><U47/><REACH who="1" step="1"/><E2/><REACH who="1" ten="201,357,221,211" step="2"/><V53/><F113/><W43/><G106/><T63/><D131/><U65/><E65/><V68/><F105/><W56/><G107/><T85/><D72/><U112/><E112/><V77/><F115/><W120/><G120/><T49/><D74/><U119/><E119/><V95/><F68/><W36/><G104/><T59/><D85/><U79/><E79/><V3/><F3/><W100/><G96/><T90/><D87/><U130/><E130/><V10/><F77/><W84/><G84/><T116/><D116/><U75/><E75/><V86/><F98/><W121/><G121/><T134/><D134/><U73/><E73/><V89/><F81/><W99/><G80/><T28/><D90/><U111/><E111/><V12/><F97/><W38/><G99/><T103/><D103/><U71/><E71/><V124/><F89/><W46/><G100/><T66/><D66/><U16/><E16/><N who="2" m="8215" /><F124/><W82/><G82/><T132/><D19/><U76/><E76/><V30/><F95/><W51/><G7/><T109/><D6/><U135/><E135/><V101/><F101/><W92/><G92/><T48/><D109/><U114/><E114/><V0/><F0/><W4/><G4/><T14/><D132/><U102/><E102/><V26/><F93/><W127/><G127/><RYUUKYOKU ba="1,1" sc="201,-15,357,15,221,15,211,-15" hai1="18,22,27,32,33,34,39,47,61,64,70,128,129" hai2="21,26,30,37,42,45,52,53,86,88" /><INIT seed="1,2,1,1,1,116" ten="186,372,236,196" oya="1" hai0="52,115,71,77,12,56,31,59,32,25,112,82,113" hai1="102,16,109,49,97,118,132,64,0,13,35,114,119" hai2="61,134,43,100,76,38,91,94,104,41,105,50,99" hai3="131,98,10,68,5,117,28,110,51,24,29,34,79"/><U21/><E114/><V55/><F134/><W66/><G117/><T80/><D59/><U103/><E132/><V14/><F38/><W18/><G110/><T7/><D71/><U62/><E109/><V73/><F105/><W33/><G131/><T135/><D135/><U36/><E36/><V26/><F14/><W67/><G79/><T57/><D57/><U84/><E35/><V72/><F61/><W78/><G78/><T4/><D12/><U128/><E128/><V133/><F26/><W9/><G98/><T1/><D1/><U40/><E0/><V46/><F133/><W20/><G68/><T58/><D58/><U130/><E102/><V125/><F125/><W75/><G75/><T127/><D127/><U54/><E40/><V81/><REACH who="2" step="1"/><F73/><REACH who="2" ten="186,372,226,196" step="2"/><W124/><G124/><T74/><REACH who="0" step="1"/><D80/><REACH who="0" ten="176,372,226,196" step="2"/><U2/><E2/><V83/><F83/><W87/><G24/><T3/><D3/><U60/><E130/><V93/><F93/><W101/><G67/><T48/><AGARI ba="2,3" hai="4,7,25,31,32,48,52,56,74,77,82,112,113,115" machi="48" ten="30,4000,0" yaku="1,1,0,1,54,1,53,0" doraHai="116" doraHaiUra="15" who="0" fromWho="0" sc="176,76,372,-22,226,-12,196,-12" /><INIT seed="2,0,0,0,2,120" ten="252,350,214,184" oya="2" hai0="69,107,61,95,59,72,126,78,106,10,8,49,3" hai1="26,98,9,62,37,56,68,1,121,35,46,91,22" hai2="134,11,88,40,27,90,18,101,58,73,29,104,127" hai3="70,75,111,24,96,109,119,38,89,14,15,60,100"/><V66/><F73/><W30/><G38/><T83/><D126/><U132/><E68/><V13/><F127/><W118/><G75/><T23/><D69/><U123/><E35/><V79/><F79/><W76/><G76/><T5/><D49/><U131/><E131/><V105/><F134/><W28/><G89/><T53/><D10/><U113/><E113/><V129/><F40/><W115/><G115/><T65/><D53/><U80/><E132/><V130/><F101/><W116/><G70/><T21/><REACH who="0" step="1"/><D95/><REACH who="0" ten="242,350,214,184" step="2"/><U2/><E9/><V45/><F104/><AGARI ba="0,1" hai="3,5,8,21,23,59,61,65,72,78,83,104,106,107" machi="104" ten="40,8000,1" yaku="1,1,2,1,53,2" doraHai="120" doraHaiUra="19" who="0" fromWho="2" sc="242,90,350,0,214,-80,184,0" /><INIT seed="3,0,0,3,3,101" ten="332,350,134,184" oya="3" hai0="14,10,23,128,80,125,76,56,66,9,54,1,55" hai1="11,115,120,62,35,97,28,33,52,124,58,77,70" hai2="72,109,130,3,39,29,102,78,119,5,131,15,82" hai3="67,65,40,25,51,118,59,103,129,81,37,132,2"/><W93/><G118/><T123/><D123/><U41/><E115/><V12/><F119/><W111/><G2/><T26/><D128/><U57/><E120/><V104/><F109/><W34/><G129/><N who="2" m="49161" /><F29/><W43/><G132/><T84/><D1/><U30/><E70/><V69/><F69/><W68/><G81/><T113/><D113/><U53/><E41/><V16/><F39/><W60/><G111/><T64/><D54/><U4/><E77/><V98/><F3/><W100/><G67/><T46/><D46/><U42/><E42/><V110/><F110/><W121/><G121/><T117/><D125/><U126/><E97/><V7/><F15/><W18/><G43/><T17/><D9/><AGARI ba="0,0" hai="5,7,9,12,16,72,78,82,98,102,104" m="49161" machi="9" ten="30,3900,0" yaku="19,1,52,1,54,1" doraHai="101" who="2" fromWho="0" sc="332,-39,350,0,134,39,184,0" /><INIT seed="4,0,0,0,5,71" ten="293,350,173,184" oya="0" hai0="118,30,55,94,60,10,18,125,1,17,89,4,9" hai1="57,101,13,6,67,131,28,21,124,49,39,61,110" hai2="44,134,108,119,123,103,40,104,38,56,85,43,65" hai3="133,22,87,128,36,109,53,14,130,26,23,51,32"/><T129/><D118/><U15/><E110/><V106/><F123/><W63/><G109/><T95/><D129/><U121/><E121/><V117/><F108/><W52/><G133/><T20/><D125/><U81/><E124/><V111/><F134/><W86/><G32/><T82/><D10/><U98/><E39/><V84/><F111/><W62/><G14/><T132/><D132/><U27/><E131/><V73/><F73/><W100/><G51/><T97/><D82/><U59/><E6/><V47/><F56/><W107/><G100/><T70/><D30/><U0/><E0/><V46/><F65/><W16/><G26/><T64/><D20/><U45/><E59/><V48/><F47/><W114/><G114/><T127/><D127/><U42/><REACH who="1" step="1"/><E81/><REACH who="1" ten="293,340,173,184" step="2"/><V34/><F119/><W19/><G107/><AGARI ba="0,1" hai="13,15,21,27,28,42,45,49,57,61,67,98,101,107" machi="107" ten="30,3900,0" yaku="1,1,2,1,7,1,53,0" doraHai="71" doraHaiUra="33" who="1" fromWho="3" sc="293,0,340,49,173,0,184,-39" /><INIT seed="5,0,0,0,5,73" ten="293,389,173,145" oya="1" hai0="87,90,23,133,22,31,29,63,119,65,97,43,9" hai1="7,5,108,70,98,36,110,14,120,105,62,44,91" hai2="103,47,17,124,20,69,4,114,85,50,52,3,18" hai3="104,13,42,71,39,33,64,35,67,41,55,59,32"/><U72/><E120/><V128/><F69/><W45/><G104/><T34/><D34/><U2/><E2/><V25/><F124/><W113/><G113/><T60/><D43/><N who="1" m="22631" /><E72/><V30/><F114/><W1/><G1/><T21/><D119/><U61/><E91/><V40/><F128/><W92/><G42/><T0/><D133/><U49/><E49/><V53/><F103/><W88/><G13/><T19/><D97/><U126/><E126/><V131/><F131/><W95/><G95/><T93/><D60/><U123/><E123/><V117/><F117/><W58/><G71/><T68/><D0/><U100/><E14/><V15/><F18/><W66/><REACH who="3" step="1"/><G55/><REACH who="3" ten="293,389,173,135" step="2"/><T82/><D93/><U115/><E70/><V11/><REACH who="2" step="1"/><F85/><AGARI ba="0,1" hai="32,33,35,39,41,45,58,59,64,66,67,85,88,92" machi="85" ten="50,6400,0" yaku="1,1,2,1,54,1,53,0" doraHai="73" doraHaiUra="51" who="3" fromWho="2" sc="293,0,389,0,173,-64,135,74" /><INIT seed="6,0,0,0,2,92" ten="293,389,109,209" oya="2" hai0="89,118,50,108,75,115,71,20,114,112,33,55,110" hai1="61,91,43,39,42,80,72,12,0,53,22,32,15" hai2="125,117,128,3,56,122,38,52,40,90,8,66,131" hai3="26,1,109,21,100,94,30,98,124,79,86,81,44"/><V41/><F3/><W116/><G109/><T58/><D33/><U35/><E0/><V123/><F90/><W78/><G116/><T111/><D75/><U2/><E2/><V47/><F8/><W24/><G1/><T25/><D89/><U84/><E35/><V82/><F82/><W27/><G124/><T6/><D6/><U83/><E32/><V120/><F117/><W64/><G79/><T14/><D118/><U88/><E39/><V46/><F66/><W54/><REACH who="3" step="1"/><G64/><REACH who="3" ten="293,389,109,199" step="2"/><T5/><D110/><U4/><E72/><V113/><F125/><W13/><G13/><T70/><D108/><U45/><E15/><V101/><F113/><W73/><G73/><T16/><D111/><U37/><E12/><V97/><F131/><W17/><G17/><T68/><D5/><U67/><E4/><V57/><F128/><W135/><G135/><T36/><D14/><U62/><E67/><V49/><REACH who="2" step="1"/><F40/><REACH who="2" ten="293,389,99,199" step="2"/><W96/><G96/><T127/><D127/><U130/><E130/><V28/><F28/><W119/><G119/><T99/><D99/><U126/><E126/><V103/><F103/><W31/><G31/><T74/><D112/><U104/><E43/><V65/><F65/><W48/><AGARI ba="0,2" hai="21,24,26,27,30,44,48,54,78,81,86,94,98,100" machi="48" ten="30,7900,0" yaku="1,1,0,1,8,1,52,1,53,0" doraHai="92" doraHaiUra="10" who="3" fromWho="3" sc="293,-20,389,-20,99,-39,199,99" /><INIT seed="7,0,0,4,4,77" ten="273,369,60,298" oya="3" hai0="86,78,20,98,126,90,12,64,115,131,59,69,15" hai1="105,95,74,109,5,11,21,3,42,92,18,125,35" hai2="108,23,22,89,130,17,121,48,116,19,26,127,129" hai3="117,122,49,40,97,10,91,58,106,81,9,67,80"/><W1/><G122/><T36/><D69/><U76/><E109/><V30/><F48/><W27/><G117/><T100/><D126/><U43/><E105/><V7/><F89/><W85/><G1/><T113/><D36/><U96/><E125/><V124/><F116/><W65/><G27/><T107/><D131/><U119/><E119/><V123/><F7/><W44/><G106/><T103/><D100/><U45/><E35/><V34/><F34/><W94/><G80/><N who="0" m="49479" /><D78/><U83/><E96/><V133/><F26/><W135/><G135/><T6/><D6/><U93/><E45/><V4/><F4/><W72/><G72/><T51/><D20/><U66/><E66/><N who="3" m="25098" /><G58/><T102/><D102/><AGARI ba="0,0" hai="9,10,40,44,49,81,85,91,94,97,102" m="25098" machi="102" ten="30,2900,0" yaku="8,1,52,1" doraHai="77" who="3" fromWho="0" sc="273,-29,369,0,60,0,298,29" /><INIT seed="7,1,0,3,0,6" ten="244,369,60,327" oya="3" hai0="16,92,20,11,113,96,106,3,35,87,33,43,89" hai1="9,40,17,70,13,120,97,85,45,42,66,130,47" hai2="110,100,75,51,131,24,0,41,44,118,121,53,19" hai3="112,93,5,81,46,61,56,80,132,84,123,23,73"/><W10/><G112/><T134/><D134/><U77/><E120/><V98/><F110/><W64/><G123/><T117/><D117/><U69/><E130/><V133/><F118/><W83/><G132/><T54/><D113/><U119/><E119/><V21/><F75/><W55/><G73/><T107/><D43/><N who="1" m="16427" /><E70/><V94/><F0/><W124/><G124/><T37/><D37/><U58/><E69/><V8/><F133/><W15/><G23/><T90/><D107/><U27/><E97/><V67/><F131/><W108/><G108/><T38/><D38/><U2/><E2/><V76/><F121/><W48/><REACH who="3" step="1"/><G93/><REACH who="3" ten="244,369,60,317" step="2"/><T31/><D106/><U36/><E36/><V125/><F125/><W114/><G114/><T82/><D31/><U4/><E27/><V68/><F68/><W115/><G115/><T126/><D126/><U109/><E109/><V7/><F67/><W29/><G29/><T72/><D72/><U59/><E17/><V116/><F116/><W49/><G49/><T26/><REACH who="0" step="1"/><D54/><REACH who="0" ten="234,369,60,317" step="2"/><U128/><E128/><V101/><F53/><W65/><G65/><T104/><D104/><U22/><E66/><V32/><F32/><W88/><AGARI ba="1,2" hai="5,10,15,46,48,55,56,61,64,80,81,83,84,88" machi="88" ten="20,18000,2" yaku="1,1,0,1,7,1,8,1,52,1,54,1,53,0" doraHai="6" doraHaiUra="34" who="3" fromWho="3" sc="234,-61,369,-61,60,-61,317,203" owari="173,-23.0,308,11.0,-1,-50.0,520,62.0" /></mjloggm>