<mjloggm ver="2.3"><GO type="225" lobby="0"/><UN n0="%E5%A4%A7%E5%AE%AE%E5%BF%8D%76" n1="%E7%B6%BE%E9%87%8E%E7%8F%AA%E5%AD%90" n2="%E9%81%85%E5%88%BB%E3%81%AE%E3%83%97%E3%83%AA%E3%83%B3%E3%82%B9%E2%99%AA" n3="%E9%B3%B3%E6%9D%B1%E3%81%AE%E3%81%86%E3%81%95%E3%81%8E%E3%81%95%E3%82%93" dan="17,16,16,18" rate="2198.20,2208.90,2119.86,2134.19" sx="M,F,F,F"/><TAIKYOKU oya="0"/><INIT seed="0,0,0,1,4,47" ten="250,250,250,250" oya="0" hai0="104,96,121,63,116,28,16,73,86,115,72,38,44" hai1="76,25,64,105,88,100,14,119,20,99,27,3,33" hai2="92,17,10,112,19,41,35,61,102,98,45,57,77" hai3="34,60,109,125,2,51,6,15,46,122,58,81,135"/><T118/><D115/><U75/><E119/><V78/><F112/><W132/><G34/><T129/><D121/><U106/><E3/><V68/><F68/><W55/><G2/><T0/><D0/><U74/><E106/><V39/><F35/><W52/><G122/><T36/><D129/><U59/><E33/><V108/><F108/><W50/><G109/><T89/><D28/><U22/><E14/><V56/><F56/><W128/><G128/><T30/><D30/><U110/><E110/><V84/><F10/><N who="3" m="4567" /><G81/><T82/><D38/><U133/><E133/><N who="3" m="51274" /><G60/><T11/><D63/><U103/><E76/><V85/><F78/><W107/><G107/><T18/><D72/><U62/><E100/><V54/><REACH who="2" step="1"/><F77/><REACH who="2" ten="250,250,240,250" step="2"/><W7/><G7/><T42/><D73/><U70/><E74/><V130/><F130/><W40/><G125/><T95/><D104/><U8/><E75/><V9/><F9/><W1/><G1/><T66/><D11/><U4/><E70/><V37/><F37/><W12/><G12/><T93/><D118/><U23/><E8/><V79/><F79/><W127/><G127/><T26/><D116/><U120/><E120/><V90/><F90/><W65/><G65/><T111/><D66/><U91/><REACH who="1" step="1"/><E4/><REACH who="1" ten="250,240,240,250" step="2"/><V67/><F67/><W32/><G32/><T134/><D134/><U131/><E131/><V114/><F114/><W69/><G69/><T31/><D111/><U24/><AGARI ba="0,2" hai="20,22,23,24,25,27,59,62,64,88,91,99,103,105" machi="24" ten="30,4000,0" yaku="1,1,0,1,54,1,53,0" doraHai="47" doraHaiUra="123" who="1" fromWho="1" sc="250,-20,240,60,240,-10,250,-10" /><INIT seed="1,0,0,2,3,135" ten="230,300,230,240" oya="1" hai0="81,30,57,20,64,106,15,78,83,111,103,5,130" hai1="71,128,94,19,70,104,90,33,108,98,60,53,45" hai2="89,66,85,118,16,54,50,8,74,6,131,72,44" hai3="13,114,12,4,3,22,59,25,80,107,91,126,47"/><U56/><E33/><V92/><F118/><W43/><G114/><T129/><D111/><U10/><E128/><V97/><F131/><N who="0" m="50186" /><D103/><U2/><E108/><V36/><F66/><W0/><G107/><T75/><D106/><U82/><E104/><V29/><F29/><W88/><G59/><T121/><D121/><U67/><E82/><V41/><F97/><W63/><G63/><N who="0" m="37999" /><D83/><U49/><REACH who="1" step="1"/><E19/><REACH who="1" ten="230,290,230,240" step="2"/><V132/><F132/><W124/><G80/><T76/><D78/><U109/><E109/><V23/><F6/><AGARI ba="0,1" hai="2,6,10,45,49,53,56,60,67,70,71,90,94,98" machi="6" ten="40,2000,0" yaku="1,1,53,0" doraHai="135" doraHaiUra="115" who="1" fromWho="2" sc="230,0,290,30,230,-20,240,0" /><INIT seed="1,1,0,4,1,64" ten="230,320,210,240" oya="1" hai0="111,60,127,126,56,128,114,6,103,104,19,118,112" hai1="69,100,59,50,107,27,53,91,55,49,116,5,36" hai2="84,32,123,22,115,106,41,132,109,85,90,38,54" hai3="79,117,71,7,82,63,11,39,119,45,133,93,2"/><U31/><E116/><N who="3" m="44618" /><G93/><T23/><D103/><U83/><E36/><V113/><F123/><W26/><G26/><T37/><D104/><U122/><E122/><V131/><F32/><W24/><G24/><N who="0" m="14463" /><D118/><U110/><E110/><V96/><F109/><W29/><G29/><T40/><D111/><U61/><E5/><V68/><F131/><W18/><G18/><T17/><D17/><U74/><E107/><V8/><F132/><W47/><G133/><T13/><D128/><U16/><E100/><V10/><F22/><W97/><G97/><T130/><D130/><U120/><E120/><V92/><F106/><W48/><G39/><T67/><D13/><U108/><E108/><V20/><F20/><W15/><G15/><T21/><D21/><U62/><E16/><V57/><F10/><W80/><G80/><T51/><D37/><U87/><E74/><V89/><F8/><W14/><G14/><T75/><D75/><U4/><E4/><V66/><F96/><W134/><G134/><T3/><D6/><U129/><E129/><V30/><F30/><W121/><G121/><T81/><D81/><U46/><E31/><V77/><F77/><W73/><G48/><T98/><D98/><U12/><E27/><V72/><F72/><W102/><G102/><T25/><D25/><U125/><E12/><V28/><F28/><W124/><G124/><N who="0" m="47659" /><D3/><U43/><E125/><V0/><F0/><W1/><G1/><T9/><D9/><U65/><E49/><N who="2" m="30927" /><F90/><W34/><G34/><T101/><D101/><U42/><AGARI ba="1,0" hai="42,43,46,50,53,55,59,61,62,65,69,83,87,91" machi="42" ten="30,3000,0" yaku="0,1,52,1" doraHai="64" who="1" fromWho="1" sc="230,-11,320,33,210,-11,240,-11" /><INIT seed="1,2,0,4,3,35" ten="219,353,199,229" oya="1" hai0="18,8,7,94,74,70,6,42,85,22,78,108,105" hai1="106,29,131,48,126,47,102,39,68,17,15,2,128" hai2="81,61,5,99,107,62,132,95,76,115,134,69,63" hai3="116,124,120,65,46,86,56,89,119,1,25,133,28"/><U55/><E68/><V93/><F115/><W16/><G120/><T121/><D105/><U112/><E112/><V24/><F69/><W103/><G103/><T96/><D70/><U125/><E29/><V100/><F5/><W21/><G46/><T122/><D74/><U49/><E39/><V36/><F24/><W135/><G28/><T60/><D60/><U10/><E2/><V33/><F33/><W23/><G23/><T58/><D58/><U34/><E34/><V114/><F36/><W87/><G1/><T109/><D42/><U129/><E49/><V12/><F12/><W43/><G43/><T71/><D71/><U40/><E55/><V53/><F53/><W90/><G56/><T92/><D92/><U98/><AGARI ba="2,0" hai="10,15,17,40,47,48,98,102,106,125,126,128,129,131" machi="98" ten="40,3900,0" yaku="0,1,19,1" doraHai="35" who="1" fromWho="1" sc="219,-15,353,45,199,-15,229,-15" /><INIT seed="1,3,0,4,0,18" ten="204,398,184,214" oya="1" hai0="0,116,42,2,96,43,24,31,71,110,105,86,32" hai1="106,102,28,5,4,51,107,98,16,117,94,65,46" hai2="37,35,36,72,128,127,129,39,12,83,57,134,45" hai3="15,87,23,54,59,122,113,66,118,119,38,34,123"/><U68/><E117/><N who="3" m="44554" /><G34/><T25/><D116/><U104/><E28/><V88/><F35/><W48/><G87/><T58/><D43/><U13/><E65/><V115/><F134/><W84/><G84/><T125/><D110/><U114/><E68/><V78/><F127/><W26/><G113/><T91/><D125/><U81/><E81/><V82/><F115/><W108/><G108/><T27/><D27/><U41/><REACH who="1" step="1"/><E114/><REACH who="1" ten="204,388,184,214" step="2"/><V53/><F83/><W77/><G66/><T73/><D71/><U1/><E1/><V22/><F82/><W69/><G69/><T33/><D0/><U11/><AGARI ba="3,1" hai="4,5,11,13,16,41,46,51,94,98,102,104,106,107" machi="11" ten="30,6000,0" yaku="1,1,0,1,54,1,53,0" doraHai="18" doraHaiUra="80" who="1" fromWho="1" sc="204,-23,388,79,184,-23,214,-23" /><BYE who="3" /><UN n3="%E9%B3%B3%E6%9D%B1%E3%81%AE%E3%81%86%E3%81%95%E3%81%8E%E3%81%95%E3%82%93" /><INIT seed="1,4,0,5,0,107" ten="181,467,161,191" oya="1" hai0="38,29,53,26,82,108,71,106,0,11,117,46,121" hai1="110,7,85,83,67,81,28,24,23,54,49,95,75" hai2="104,131,103,77,126,69,60,32,100,44,135,61,128" hai3="65,122,93,64,113,37,3,68,102,91,47,19,59"/><U118/><E118/><V115/><F126/><W20/><G122/><T129/><D117/><U70/><E110/><V92/><F135/><W13/><G113/><T79/><D108/><U16/><E7/><V15/><F115/><W50/><G68/><T34/><D53/><U111/><E111/><V6/><F104/><W27/><G3/><T97/><D129/><N who="2" m="49738" /><F32/><W125/><G125/><T52/><D52/><U109/><E109/><V119/><F119/><W41/><G102/><N who="2" m="38953" /><F92/><W87/><G37/><T21/><D21/><U134/><E134/><V8/><F69/><W84/><G59/><T45/><D45/><U80/><E75/><V4/><F77/><W94/><G27/><T86/><D121/><U98/><E70/><V17/><F44/><W127/><G127/><T132/><D132/><U78/><E67/><N who="3" m="25674" /><G94/><T66/><D66/><U40/><E40/><V88/><F88/><W48/><G48/><T73/><D71/><U39/><E39/><V99/><F99/><AGARI ba="4,0" hai="13,19,20,41,47,50,84,87,91,93,99" m="25674" machi="99" ten="30,1000,0" yaku="8,1" doraHai="107" who="3" fromWho="2" sc="181,0,467,0,161,-22,191,22" /><INIT seed="2,0,0,1,2,3" ten="181,467,139,213" oya="2" hai0="4,114,103,37,133,16,6,54,0,41,17,61,2" hai1="44,100,49,51,34,130,62,82,8,65,96,57,90" hai2="22,115,95,106,77,69,48,9,117,12,5,132,45" hai3="56,135,98,88,105,30,23,68,89,78,7,32,134"/><V118/><F115/><W39/><G68/><T15/><D103/><U124/><E34/><V83/><F106/><W128/><G39/><T53/><D114/><U76/><E130/><V87/><F132/><N who="3" m="50731" /><G32/><T112/><D112/><U43/><E124/><V35/><F35/><W125/><G125/><T42/><D133/><U38/><E90/><V58/><F69/><W74/><G128/><T97/><D97/><U50/><E8/><V94/><F58/><W40/><G40/><T19/><D37/><U25/><E25/><V10/><F10/><W108/><G108/><T11/><D15/><U99/><REACH who="1" step="1"/><E100/><REACH who="1" ten="181,457,139,213" step="2"/><V129/><F129/><W46/><G88/><T79/><D11/><U80/><E80/><V71/><F71/><W123/><G89/><T113/><D113/><U21/><E21/><V107/><F107/><W111/><G23/><T126/><D126/><U110/><E110/><V73/><F22/><W33/><G33/><T75/><D79/><U67/><E67/><V101/><F101/><W13/><G78/><T72/><D19/><U1/><E1/><V121/><F121/><W104/><G123/><T59/><D2/><U31/><E31/><V81/><F117/><W116/><G116/><T102/><D0/><U27/><E27/><V85/><F118/><W36/><G111/><T24/><D102/><U122/><E122/><V92/><REACH who="2" step="1"/><F83/><REACH who="2" ten="181,457,129,213" step="2"/><W119/><G119/><T20/><D20/><U131/><E131/><V70/><F70/><W28/><G105/><T64/><D24/><U120/><E120/><V91/><F91/><W29/><G104/><T55/><D17/><RYUUKYOKU ba="0,2" sc="181,-15,457,15,129,15,213,-15" hai1="38,43,44,49,50,51,57,62,65,76,82,96,99" hai2="5,9,12,45,48,73,77,81,85,87,92,94,95" /><INIT seed="2,1,2,5,0,56" ten="166,472,144,198" oya="2" hai0="67,31,120,121,130,127,93,28,73,50,129,53,49" hai1="9,82,14,90,63,5,116,55,10,122,114,41,98" hai2="131,95,113,43,1,38,88,89,48,66,102,85,27" hai3="135,13,60,78,110,34,62,68,3,12,44,30,45"/><V46/><F113/><W101/><G3/><T87/><D73/><U51/><E114/><V80/><F131/><N who="0" m="50186" /><D67/><U81/><E116/><V94/><F1/><W57/><G68/><T6/><D6/><U11/><E122/><N who="0" m="47209" /><D127/><U91/><E41/><V105/><F66/><W132/><G101/><T23/><D23/><U42/><E42/><V79/><F38/><W36/><G78/><T112/><D112/><U115/><E63/><N who="3" m="24106" /><G57/><N who="0" m="32943" /><D50/><U64/><E98/><N who="2" m="59735" /><F105/><W84/><G36/><T70/><D70/><U96/><E82/><V104/><F104/><W69/><G69/><T118/><D118/><U24/><E115/><V75/><F75/><W108/><G84/><T8/><D8/><U33/><E33/><V124/><F124/><W76/><G76/><T39/><D39/><U117/><E14/><N who="3" m="5738" /><G34/><T22/><D22/><U119/><E117/><V74/><F74/><W54/><G30/><T109/><D109/><N who="3" m="42089" /><G54/><T77/><D77/><U20/><E119/><V71/><F71/><W4/><G4/><T106/><D106/><U125/><E125/><V103/><F103/><W0/><G0/><T99/><D87/><U17/><E96/><N who="2" m="57447" /><F79/><W15/><G15/><T37/><D37/><U40/><E91/><AGARI ba="1,2" hai="28,31,91,93,99" m="32943,47209,50186" machi="91" ten="30,1000,0" yaku="19,1" doraHai="56" who="0" fromWho="1" sc="166,33,472,-13,144,0,198,0" /><INIT seed="3,0,0,4,0,32" ten="199,459,144,198" oya="3" hai0="25,27,121,135,10,16,58,20,72,26,61,49,71" hai1="53,13,68,116,29,65,119,54,106,0,9,36,6" hai2="105,110,30,83,92,4,81,94,28,78,43,90,8" hai3="19,62,22,70,50,89,99,108,124,123,93,47,2"/><W113/><G123/><T24/><D72/><U45/><E106/><V1/><F105/><W34/><G113/><T122/><D71/><U39/><E29/><V107/><F107/><W64/><G124/><T66/><D135/><U96/><E96/><V134/><F134/><W117/><G108/><T11/><D121/><U88/><E88/><V40/><F110/><W109/><G109/><T112/><D112/><U111/><E111/><V41/><F83/><W35/><G117/><N who="1" m="45130" /><E13/><V95/><REACH who="2" step="1"/><F90/><REACH who="2" ten="199,459,134,198" step="2"/><W67/><G2/><T87/><D122/><U7/><E7/><V130/><F130/><W74/><G74/><AGARI ba="0,1" hai="1,4,8,28,30,40,41,43,74,78,81,92,94,95" machi="74" ten="40,5200,0" yaku="1,1,52,1,53,1" doraHai="32" doraHaiUra="104" who="2" fromWho="3" sc="199,0,459,0,134,62,198,-52" owari="199,0.0,459,55.0,196,-20.0,146,-35.0" /></mjloggm>