<mjloggm ver="2.3"><GO type="169" lobby="0"/><UN n0="%62%6F%79%61%74%65%74%75" n1="%E4%BF%9D%E7%99%92%E8%BA%AB" n2="%E3%81%A8%E3%81%B3%E3%81%BE%E3%81%93" n3="%4C%69%53%41" dan="16,17,16,16" rate="2111.71,2116.91,2108.91,2168.89" sx="M,M,M,F"/><TAIKYOKU oya="0"/><INIT seed="0,0,0,5,5,3" ten="250,250,250,250" oya="0" hai0="26,128,66,47,74,40,10,39,107,87,104,29,35" hai1="69,51,2,116,93,13,8,86,27,32,31,17,115" hai2="12,84,70,67,89,18,113,49,103,130,99,44,7" hai3="85,0,132,14,71,24,102,23,76,96,77,60,21"/><T5/><D128/><U121/><E69/><V43/><F130/><W112/><G0/><T118/><D118/><U100/><E51/><V48/><F113/><W72/><G72/><T57/><D87/><U124/><E100/><V123/><F123/><W19/><G112/><T110/><D110/><U52/><E93/><V73/><F73/><W95/><G132/><T6/><D74/><U59/><E86/><V92/><F70/><W91/><G60/><T38/><D38/><U15/><E121/><V125/><F125/><W45/><G45/><T106/><REACH who="0" step="1"/><D10/><REACH who="0" ten="240,250,250,250" step="2"/><U90/><E8/><V54/><F84/><W28/><REACH who="3" step="1"/><G71/><REACH who="3" ten="240,250,250,240" step="2"/><T22/><D22/><U133/><E116/><V25/><F44/><W64/><G64/><T68/><D68/><U97/><E124/><V37/><F67/><W129/><G129/><T42/><D42/><U82/><E133/><V117/><F43/><W88/><G88/><T108/><D108/><U83/><E90/><V75/><F89/><W11/><G11/><T127/><D127/><U122/><E122/><V55/><F75/><W101/><G101/><T135/><D135/><U4/><E115/><V81/><F117/><W120/><G120/><T53/><D53/><U119/><E52/><V62/><F55/><W1/><G1/><T20/><D20/><U58/><E2/><V131/><F54/><W50/><G50/><T105/><N who="0" m="26624" /><DORA hai="36" /><T94/><D94/><AGARI ba="0,2" hai="14,19,21,23,24,28,76,77,85,91,94,95,96,102" machi="94" ten="30,3900,0" yaku="1,1,7,1,8,1,53,0" doraHai="3,36" doraHaiUra="134,79" who="3" fromWho="0" sc="240,-39,250,0,250,0,240,59" /><INIT seed="1,0,0,2,4,76" ten="201,250,250,299" oya="1" hai0="21,33,112,69,111,53,74,4,99,34,13,68,16" hai1="51,59,124,28,57,49,127,116,9,90,36,93,56" hai2="91,35,71,108,102,77,43,37,23,104,95,65,39" hai3="54,75,50,107,109,128,41,131,42,100,121,126,72"/><U67/><E28/><V114/><F108/><W97/><G121/><T6/><D112/><U119/><E9/><V20/><F114/><W46/><G109/><T7/><D111/><U118/><E36/><V83/><F35/><W62/><G126/><N who="1" m="48170" /><E90/><V94/><F94/><W105/><G105/><T88/><D74/><N who="3" m="28201" /><G62/><T25/><D53/><U8/><E8/><V78/><F78/><W85/><G85/><T58/><D58/><N who="1" m="22635" /><E93/><V14/><F65/><W84/><G84/><T22/><D22/><U82/><E82/><V106/><F71/><W103/><G103/><T11/><D34/><U66/><N who="1" m="22643" /><U73/><DORA hai="61" /><E73/><V26/><F102/><W130/><AGARI ba="0,0" hai="41,42,46,50,54,97,100,107,128,130,131" m="28201" machi="130" ten="40,1500,0" yaku="19,1" doraHai="76,61" who="3" fromWho="3" sc="201,-4,250,-7,250,-4,299,15" /><INIT seed="2,0,0,5,0,87" ten="197,243,246,314" oya="2" hai0="84,91,49,1,17,42,135,78,72,27,69,44,77" hai1="9,41,75,26,55,39,67,61,30,86,36,6,57" hai2="62,19,117,115,3,122,14,97,59,130,7,85,82" hai3="66,43,68,96,47,92,123,128,63,0,116,24,18"/><V102/><F115/><W71/><G116/><T110/><D135/><U126/><E75/><V134/><F130/><W124/><G128/><T13/><D110/><U106/><E106/><V58/><F134/><W10/><G124/><T25/><D1/><U73/><E73/><V4/><F122/><W105/><G105/><T2/><D2/><U33/><E126/><V100/><F3/><W5/><G123/><T94/><D69/><U118/><E118/><V38/><F38/><W107/><G107/><T113/><D113/><U12/><E41/><V45/><F45/><W99/><G68/><T48/><D48/><U53/><E53/><N who="2" m="34127" /><F59/><W103/><G96/><T8/><REACH who="0" step="1"/><D72/><REACH who="0" ten="187,243,246,314" step="2"/><U111/><E111/><V81/><F117/><W76/><G71/><T37/><D37/><U21/><E39/><V29/><F29/><W20/><G0/><T70/><D70/><U88/><E36/><V56/><F7/><W93/><G5/><T79/><AGARI ba="0,1" hai="8,13,17,25,27,42,44,49,77,78,79,84,91,94" machi="79" ten="30,7900,0" yaku="1,1,0,1,8,1,52,1,53,0" doraHai="87" doraHaiUra="16" who="0" fromWho="0" sc="187,89,243,-20,246,-39,314,-20" /><INIT seed="3,0,0,2,3,130" ten="276,223,207,294" oya="3" hai0="61,36,121,105,1,104,102,66,76,2,84,14,134" hai1="59,17,44,29,38,103,57,87,132,31,47,39,18" hai2="109,107,119,43,133,122,74,91,30,92,112,78,79" hai3="37,60,93,21,124,85,16,9,35,89,0,94,131"/><W34/><G131/><T58/><D121/><U90/><E103/><V62/><F112/><W108/><G37/><T135/><D36/><U120/><E87/><V25/><F109/><W49/><G108/><T19/><D76/><U45/><E45/><V32/><F119/><W28/><G124/><T63/><D84/><U41/><E120/><V52/><F107/><W42/><G60/><T23/><D63/><U55/><E55/><V7/><F43/><W40/><G93/><T70/><D70/><U77/><E90/><V3/><F122/><W110/><G110/><T114/><D114/><U73/><E77/><V115/><F115/><W26/><G49/><T15/><D15/><U67/><E67/><V48/><F62/><W75/><G75/><T97/><REACH who="0" step="1"/><D104/><REACH who="0" ten="266,223,207,294" step="2"/><U72/><REACH who="1" step="1"/><E41/><REACH who="1" ten="266,213,207,294" step="2"/><V123/><F78/><W71/><G42/><T20/><D20/><U116/><E116/><V118/><F123/><W82/><G40/><T4/><D4/><U22/><E22/><V100/><F118/><W46/><G21/><T11/><D11/><U53/><E53/><V64/><F79/><W98/><G9/><T101/><D101/><U111/><E111/><V81/><F100/><W50/><G85/><T95/><D95/><U113/><E113/><V88/><F92/><W65/><G94/><T128/><D128/><U6/><E6/><V96/><F7/><W69/><G89/><T54/><D54/><U27/><E27/><V24/><F88/><W68/><G26/><T83/><D83/><U127/><E127/><V126/><F25/><W106/><G82/><T80/><D80/><RYUUKYOKU ba="0,2" sc="266,15,213,15,207,-15,294,-15" hai0="1,2,14,19,23,58,61,66,97,102,105,134,135" hai1="17,18,29,31,38,39,44,47,57,59,72,73,132" /><INIT seed="4,1,2,0,5,10" ten="281,228,192,279" oya="0" hai0="32,132,104,127,71,19,99,4,7,135,26,27,44" hai1="116,97,36,131,112,119,11,111,22,95,100,29,72" hai2="43,81,117,80,2,113,110,59,6,74,87,51,34" hai3="0,54,98,125,21,115,55,61,77,79,50,126,78"/><T102/><D71/><U28/><E111/><V114/><F110/><W69/><G0/><T121/><D121/><U75/><E36/><V128/><F117/><W90/><G115/><N who="2" m="44041" /><F128/><W92/><G21/><N who="0" m="13631" /><D127/><N who="3" m="48649" /><G50/><T52/><D27/><U57/><E112/><V8/><F34/><W39/><G39/><T122/><D32/><U107/><E131/><V124/><F124/><W38/><G38/><T67/><D67/><AGARI ba="1,2" hai="54,55,61,67,69,77,78,79,90,92,98" m="48649" machi="67" ten="30,1000,0" yaku="18,1" doraHai="10" who="3" fromWho="0" sc="281,-13,228,0,192,0,279,33" /><INIT seed="5,0,0,5,4,69" ten="268,228,192,312" oya="1" hai0="87,16,42,68,72,104,57,133,90,32,3,29,37" hai1="100,66,122,75,54,134,119,33,62,82,86,132,5" hai2="70,4,47,65,71,89,127,23,111,24,7,28,63" hai3="52,99,14,77,22,15,60,93,98,79,40,80,21"/><U83/><E122/><V117/><F117/><W116/><G116/><T51/><D104/><U108/><E119/><V85/><F127/><W129/><G129/><T18/><D68/><U76/><E33/><V13/><F70/><W46/><G22/><T12/><D3/><U74/><E108/><V49/><F13/><W44/><G99/><T121/><D121/><U112/><E5/><V20/><F20/><W25/><G80/><T118/><D72/><N who="1" m="43271" /><E54/><V9/><F9/><W53/><G77/><T126/><D126/><U113/><E100/><V130/><F130/><W94/><G79/><T106/><D106/><U67/><E62/><V95/><REACH who="2" step="1"/><F111/><REACH who="2" ten="268,228,182,312" step="2"/><W41/><G21/><T11/><D118/><U36/><E75/><V84/><F84/><W1/><G1/><T114/><D87/><U59/><E74/><V110/><F110/><W39/><G25/><T64/><D12/><U97/><E86/><V6/><F6/><W115/><G98/><T105/><D11/><U124/><E97/><V128/><F128/><W34/><G34/><T92/><D32/><U102/><E124/><V8/><F8/><W2/><G2/><T103/><D133/><U10/><E10/><V96/><F96/><W58/><G15/><T43/><D114/><N who="1" m="44139" /><E102/><V27/><F27/><W61/><G14/><T109/><D103/><U30/><E132/><V123/><F123/><W48/><G115/><T125/><D125/><U17/><E134/><V91/><F91/><W31/><G31/><T107/><D90/><U78/><E30/><V50/><F50/><W101/><G101/><T55/><D29/><RYUUKYOKU ba="0,1" sc="268,-15,228,-15,182,15,312,15" hai2="4,7,23,24,28,47,49,63,65,71,85,89,95" hai3="39,40,41,44,46,48,52,53,58,60,61,93,94" /><INIT seed="6,1,1,4,0,122" ten="253,213,197,327" oya="2" hai0="108,123,23,56,39,5,110,48,120,119,103,99,104" hai1="88,114,14,54,90,12,82,80,15,130,98,67,3" hai2="13,66,106,41,102,75,132,16,68,28,38,105,59" hai3="95,44,35,53,111,61,118,134,60,10,87,124,17"/><V42/><F68/><W113/><G111/><T78/><D39/><U47/><E3/><V25/><F75/><W29/><G35/><T33/><D33/><U7/><E114/><V9/><F132/><W26/><G118/><T125/><D5/><U72/><E130/><V126/><F126/><W30/><G124/><T97/><D125/><U43/><E7/><V21/><F38/><W100/><G113/><T84/><D23/><U70/><E54/><V83/><F83/><N who="1" m="31785" /><E70/><V64/><F102/><W45/><G134/><T24/><D119/><U18/><E72/><V36/><F36/><W107/><G107/><T129/><D129/><U69/><E69/><V101/><F101/><W57/><G61/><T19/><D103/><U62/><E18/><V51/><F106/><W79/><G79/><T22/><D104/><U128/><E128/><V8/><F8/><W65/><G53/><T55/><D123/><U71/><E71/><V0/><F0/><W37/><G37/><T6/><D120/><U133/><E98/><V49/><F105/><W85/><G85/><T112/><D112/><U89/><E133/><V58/><F49/><W52/><G87/><T117/><D117/><U135/><E135/><V91/><F91/><N who="1" m="23297" /><U115/><DORA hai="131" /><E115/><V93/><F93/><W34/><G95/><T1/><D99/><U96/><E96/><V81/><F81/><W4/><G100/><T77/><D97/><U32/><E32/><V74/><F74/><W73/><G34/><T116/><D116/><U109/><E109/><N who="0" m="42089" /><D84/><U50/><E62/><N who="2" m="37975" /><F51/><W20/><G73/><T121/><D121/><RYUUKYOKU ba="1,1" sc="253,10,213,10,197,10,327,-30" hai0="1,6,19,22,24,48,55,56,77,78" hai1="12,14,15,43,47,50,67" hai2="9,13,16,21,25,28,41,42,59,66" /><INIT seed="6,2,1,3,0,58" ten="263,223,207,297" oya="2" hai0="89,112,93,117,27,115,43,38,130,12,18,94,105" hai1="57,106,15,72,70,36,79,55,75,118,81,17,99" hai2="133,37,49,67,82,127,44,45,96,4,52,39,126" hai3="62,87,30,41,116,22,9,83,60,135,102,54,101"/><V35/><F35/><W86/><G116/><T80/><D105/><U5/><E118/><V59/><F4/><W97/><G135/><T84/><D130/><U114/><E70/><V42/><F133/><W77/><G41/><T131/><D131/><U129/><E129/><V48/><F82/><N who="3" m="47439" /><G9/><T74/><D117/><U122/><E36/><N who="2" m="13899" /><F96/><W104/><G104/><T8/><D27/><U14/><E75/><V32/><F32/><W69/><G69/><T90/><D74/><U19/><E5/><V21/><F21/><W65/><G65/><T26/><D26/><U110/><E99/><V103/><F103/><N who="3" m="39435" /><G97/><T111/><D38/><U113/><E106/><V64/><F64/><W7/><G7/><T0/><D0/><U119/><E119/><V24/><F24/><N who="3" m="16663" /><G54/><T46/><D8/><U56/><E72/><V6/><F6/><W71/><G71/><T78/><D112/><U34/><E114/><V66/><F66/><W23/><G23/><T53/><D115/><U3/><E34/><V107/><F107/><W10/><G10/><T124/><D93/><U121/><E113/><V92/><F92/><W11/><G11/><T1/><D94/><U132/><E132/><V20/><F20/><W25/><G25/><T40/><D1/><U85/><E3/><V98/><F98/><W120/><G120/><T108/><D12/><N who="1" m="4651" /><E122/><V28/><F28/><W29/><G29/><T51/><D18/><N who="1" m="6667" /><E121/><V109/><F109/><W13/><G13/><T125/><D108/><U47/><E110/><V88/><F88/><AGARI ba="2,1" hai="60,62,83,87,88" m="16663,39435,47439" machi="88" ten="30,7700,0" yaku="8,1,52,2,54,1" doraHai="58" who="3" fromWho="2" sc="263,0,223,0,207,-83,297,93" /><INIT seed="7,0,0,2,5,66" ten="263,223,124,390" oya="3" hai0="32,125,54,97,131,56,33,75,49,38,119,83,101" hai1="27,34,80,81,71,91,133,14,12,1,63,95,92" hai2="62,25,74,121,73,31,4,6,53,134,82,69,108" hai3="55,0,17,102,98,3,120,5,28,35,114,43,94"/><W22/><G114/><T13/><D119/><U112/><E1/><V11/><F108/><W42/><G120/><T8/><D38/><U103/><E112/><V87/><F134/><W41/><G5/><T57/><D131/><U68/><E63/><V65/><F53/><W109/><G109/><T127/><D57/><U10/><E27/><V7/><F11/><W64/><G64/><T77/><D97/><U107/><E10/><V86/><F121/><W72/><G72/><T76/><D76/><U115/><E34/><V90/><REACH who="2" step="1"/><F87/><REACH who="2" ten="263,223,114,390" step="2"/><W93/><G55/><T2/><D54/><U24/><E133/><V123/><F123/><W47/><G42/><T48/><D8/><U45/><E115/><V39/><F39/><W135/><G43/><T105/><D125/><U52/><E52/><V18/><F18/><W23/><G17/><T37/><D127/><U106/><E45/><V100/><F100/><W46/><G102/><T129/><D101/><U85/><E103/><V40/><F40/><W30/><G41/><T99/><D37/><U51/><E85/><V132/><F132/><W88/><G135/><T89/><D129/><U61/><E51/><V78/><F78/><W36/><G36/><T44/><D77/><U67/><E106/><V124/><F124/><W58/><G47/><T117/><D49/><U128/><E107/><V113/><F113/><W16/><G16/><T20/><D48/><U111/><E128/><V15/><F15/><W9/><G46/><T79/><D44/><U122/><E111/><V84/><F84/><N who="3" m="52359" /><G9/><T59/><D105/><U104/><E122/><RYUUKYOKU ba="0,1" sc="263,-10,223,-10,114,30,390,-10" hai2="4,6,7,25,31,62,65,69,73,74,82,86,90" owari="253,5.0,213,-19.0,144,-36.0,390,50.0" /></mjloggm>