<mjloggm ver="2.3"><GO type="169" lobby="0"/><UN n0="%6D%61%74%6F%30%36%30%33" n1="%E3%83%8B%E3%83%A3%E3%83%83%E3%83%94%E3%83%BC%E5%A4%8F%E7%9B%AE" n2="%28%3B%E3%83%BB%E2%88%80%E3%83%BB%29" n3="%E3%82%86%E3%81%86%E3%81%95%E3%81%8F%EF%BD%90" dan="18,18,16,16" rate="2276.17,2307.21,2180.99,2072.78" sx="M,M,M,M"/><TAIKYOKU oya="0"/><INIT seed="0,0,0,2,3,100" ten="250,250,250,250" oya="0" hai0="88,5,35,92,134,17,10,12,69,0,67,84,77" hai1="16,1,80,30,52,82,44,127,57,34,81,38,115" hai2="93,43,135,58,117,121,46,7,31,79,4,15,130" hai3="124,48,112,50,74,42,120,72,75,41,91,103,131"/><T89/><D134/><U37/><E1/><V2/><F2/><W71/><G103/><T126/><D126/><U90/><E127/><V83/><F121/><W11/><G124/><T8/><D35/><U33/><E115/><V54/><F130/><W9/><G120/><T118/><D118/><U21/><E90/><V65/><F65/><W94/><G71/><T61/><D77/><U66/><E66/><V116/><F31/><W3/><G112/><T109/><D109/><U19/><E19/><V53/><F93/><W101/><G101/><T97/><REACH who="0" step="1"/><D89/><REACH who="0" ten="240,250,250,250" step="2"/><U129/><E129/><V22/><F135/><W114/><G131/><T104/><D104/><U27/><E44/><V122/><F117/><W39/><G91/><T78/><D78/><U18/><E33/><V28/><F116/><W87/><G114/><T125/><D125/><U47/><E47/><V26/><F122/><W24/><G72/><T29/><D29/><U111/><E111/><V76/><F79/><W59/><G74/><T68/><D68/><U106/><E106/><V13/><F76/><W128/><G75/><T25/><D25/><U110/><E110/><V64/><F46/><W49/><G128/><T99/><AGARI ba="0,1" hai="0,5,8,10,12,17,61,67,69,84,88,92,97,99" machi="99" ten="30,11700,0" yaku="1,1,0,1,54,1,53,1" doraHai="100" doraHaiUra="60" who="0" fromWho="0" sc="240,127,250,-39,250,-39,250,-39" /><INIT seed="0,1,0,5,2,40" ten="367,211,211,211" oya="0" hai0="64,85,123,80,104,126,5,44,2,8,22,16,7" hai1="10,113,111,112,109,108,79,71,87,6,52,13,78" hai2="62,88,70,9,83,4,77,48,117,68,46,72,29" hai3="39,127,34,99,66,130,129,74,51,28,128,105,75"/><T116/><D116/><U38/><E71/><V103/><F103/><N who="3" m="62719" /><G127/><T32/><D104/><U106/><E106/><V11/><F29/><W3/><G3/><T55/><D32/><U107/><E107/><V31/><F31/><W54/><G39/><T97/><D123/><U67/><E67/><V98/><F98/><W124/><G124/><T24/><D126/><U36/><E87/><V26/><F26/><N who="3" m="18711" /><G66/><T133/><D133/><U14/><E52/><V134/><F134/><W18/><G18/><T17/><D7/><U49/><E49/><V94/><F62/><W119/><G119/><T53/><D64/><U121/><E121/><V86/><F117/><W25/><G25/><T120/><D120/><U35/><E35/><V12/><REACH who="2" step="1"/><F9/><REACH who="2" ten="367,211,201,211" step="2"/><W131/><G130/><T45/><D97/><U50/><E10/><V92/><F92/><W21/><G21/><T96/><D96/><U42/><E111/><V93/><F93/><W20/><G20/><T122/><D122/><U19/><E109/><V91/><F91/><W59/><AGARI ba="1,1" hai="51,54,59,74,75,128,129,131" m="18711,62719" machi="59" ten="30,1100,0" yaku="19,1" doraHai="40" who="3" fromWho="3" sc="367,-6,211,-4,201,-4,211,24" /><INIT seed="1,0,0,4,1,70" ten="361,207,197,235" oya="1" hai0="81,29,1,82,14,77,67,112,119,20,22,107,90" hai1="31,98,122,93,125,95,2,49,56,108,51,42,63" hai2="27,4,3,87,72,19,75,5,132,118,109,15,96" hai3="33,126,73,92,11,116,113,104,135,26,89,103,43"/><U68/><E122/><V59/><F118/><W58/><G113/><T84/><D1/><U16/><E2/><V74/><F3/><W66/><G126/><T8/><D107/><U100/><E125/><V6/><F109/><W133/><G116/><T7/><D112/><U106/><E68/><V46/><F132/><W40/><G73/><T128/><D119/><U105/><E108/><V131/><F131/><W62/><G11/><T83/><D128/><U85/><E31/><V34/><F96/><N who="3" m="61543" /><G26/><N who="0" m="16583" /><D67/><U24/><E106/><V88/><F59/><W17/><G17/><T35/><D35/><U57/><E42/><V48/><F34/><W111/><G33/><T50/><D22/><N who="1" m="13383" /><E105/><V10/><F27/><W127/><G111/><T52/><D77/><U32/><E32/><V80/><REACH who="2" step="1"/><F72/><REACH who="2" ten="361,207,187,235" step="2"/><W101/><G127/><T60/><D60/><U78/><E57/><AGARI ba="0,1" hai="7,8,14,50,52,57,81,82,83,84,90" m="16583" machi="57" ten="30,2000,0" yaku="8,1,54,1" doraHai="70" who="0" fromWho="1" sc="361,30,207,-20,187,0,235,0" /><INIT seed="2,0,0,2,4,103" ten="391,187,187,235" oya="2" hai0="61,16,0,72,20,59,27,69,23,89,112,99,64" hai1="55,53,50,26,14,85,131,4,68,74,31,86,111" hai2="78,1,125,70,33,113,122,47,116,130,91,93,115" hai3="63,3,13,106,71,92,94,44,126,34,104,119,98"/><V133/><RYUUKYOKU type="yao9" ba="0,0" sc="391,0,187,0,187,0,235,0" hai2="1,33,47,70,78,91,93,113,115,116,122,125,130,133" /><INIT seed="2,1,0,4,3,102" ten="391,187,187,235" oya="2" hai0="63,106,59,8,19,73,126,80,79,123,49,134,105" hai1="127,1,98,110,67,122,41,35,36,129,128,81,50" hai2="119,85,4,99,107,27,112,56,11,52,90,121,14" hai3="97,13,10,32,46,61,39,69,91,40,72,103,62"/><V0/><F119/><W109/><G109/><T113/><D113/><U16/><E1/><V78/><F112/><W108/><G108/><T93/><D123/><U130/><E110/><V94/><F121/><W42/><G72/><T58/><D134/><U55/><E122/><V66/><F66/><W101/><G32/><T18/><D126/><U65/><E127/><V84/><F0/><W2/><G2/><T100/><D93/><U83/><E35/><V87/><F27/><W125/><G125/><T3/><D100/><U60/><E98/><V22/><F22/><W75/><G75/><T28/><D28/><U74/><E41/><V7/><F7/><W48/><G91/><T43/><D19/><U104/><E36/><V29/><F29/><W21/><G21/><T30/><D30/><U124/><E124/><V68/><F68/><W5/><G103/><T26/><D26/><U51/><E104/><V76/><REACH who="2" step="1"/><F107/><REACH who="2" ten="391,187,177,235" step="2"/><W45/><G69/><T71/><D71/><U47/><E67/><V95/><F95/><AGARI ba="1,1" hai="5,10,13,39,40,42,45,46,48,61,62,95,97,101" machi="95" ten="30,1000,0" yaku="7,1" doraHai="102" who="3" fromWho="2" sc="391,0,187,0,177,-13,235,23" /><INIT seed="3,0,0,1,2,109" ten="391,187,164,258" oya="3" hai0="67,102,34,87,47,49,123,101,53,33,100,64,119" hai1="133,28,73,2,115,120,75,83,134,116,26,74,117" hai2="105,37,124,111,63,113,132,27,56,84,52,44,50" hai3="31,57,17,97,108,94,61,16,43,80,0,130,106"/><W98/><G108/><T78/><D119/><N who="1" m="45643" /><E2/><V92/><F111/><W114/><G114/><T51/><D123/><U69/><E69/><V14/><F105/><W25/><G130/><T127/><D127/><U7/><E7/><V72/><F72/><W58/><G0/><T13/><D34/><N who="1" m="20759" /><E120/><V128/><F124/><W40/><G80/><N who="0" m="47511" /><D33/><U95/><E95/><V70/><F128/><W66/><G57/><N who="0" m="32943" /><D13/><U91/><E115/><V126/><F126/><W60/><G60/><T55/><AGARI ba="0,0" hai="47,51,55,64,67,100,101,102" m="32943,47511" machi="55" ten="30,1100,0" yaku="8,1" doraHai="109" who="0" fromWho="0" sc="391,11,187,-3,164,-3,258,-5" /><INIT seed="4,0,0,2,4,2" ten="402,184,161,253" oya="0" hai0="97,45,132,48,77,65,116,28,101,3,26,105,31" hai1="62,42,41,51,19,14,22,56,95,63,112,23,4" hai2="79,57,117,18,134,135,24,12,74,9,64,76,118" hai3="130,21,35,89,68,0,110,96,47,102,99,1,40"/><T52/><D116/><N who="2" m="44650" /><F74/><W73/><G35/><T10/><D132/><N who="2" m="50730" /><F24/><W38/><G21/><T88/><D77/><U133/><E133/><V84/><F84/><W11/><G89/><T121/><D121/><U128/><E128/><V85/><F85/><W87/><G87/><T69/><D88/><U131/><E131/><V33/><F33/><W25/><G99/><T72/><D72/><U123/><E123/><V20/><F20/><W82/><G25/><T17/><D65/><U60/><E112/><V86/><F86/><W13/><G73/><T94/><D69/><U106/><E106/><V54/><F64/><W109/><G82/><T66/><D66/><U129/><E129/><V119/><N who="2" m="44658" /><V50/><AGARI ba="0,0" hai="9,12,18,50,54,57,76,79" m="50730,44658" machi="50" ten="50,6400,0" yaku="4,1,12,1,20,1" doraHai="2" who="2" fromWho="2" sc="402,-32,184,-16,161,64,253,-16" /><INIT seed="5,0,0,3,0,88" ten="370,168,225,237" oya="1" hai0="95,90,119,75,117,65,135,87,5,63,71,69,33" hai1="7,50,48,76,0,22,70,20,103,35,91,78,102" hai2="57,68,130,93,44,58,34,110,101,116,4,8,96" hai3="27,1,80,9,133,10,84,83,81,18,129,2,132"/><U55/><E35/><V43/><F110/><W82/><G129/><T108/><D108/><U98/><E70/><V114/><F68/><W56/><G56/><T6/><D75/><U127/><E127/><V11/><F34/><W26/><G80/><T32/><D135/><N who="3" m="51785" /><G84/><T37/><D37/><U39/><E39/><V122/><F122/><W12/><G9/><T126/><D126/><U13/><E0/><AGARI ba="0,0" hai="0,1,2,10,12,18,26,27,81,82,83" m="51785" machi="0" ten="40,1300,0" yaku="20,1" doraHai="88" who="3" fromWho="1" sc="370,0,168,-13,225,0,237,13" /><INIT seed="6,0,0,1,1,90" ten="370,155,225,250" oya="2" hai0="55,115,51,93,46,110,80,83,49,99,88,121,106" hai1="103,63,128,58,27,18,42,44,112,39,6,38,122" hai2="36,123,96,0,43,65,130,19,77,31,94,74,105" hai3="116,40,133,15,95,102,7,23,129,97,54,117,26"/><V120/><F105/><W68/><G68/><T104/><D110/><U17/><E112/><V100/><F0/><W57/><G133/><T11/><D121/><U16/><E128/><V111/><F130/><W21/><G40/><N who="0" m="24775" /><D104/><U113/><E113/><V66/><F31/><W32/><G32/><T126/><D106/><U37/><E122/><V4/><F4/><W9/><G21/><T84/><D126/><U76/><E103/><V60/><F66/><W109/><G109/><T14/><D99/><U108/><E108/><V127/><F127/><W12/><G12/><T67/><D67/><U30/><E76/><V50/><F36/><W79/><G79/><T2/><D2/><U135/><E6/><V82/><F111/><W72/><G72/><T56/><D115/><U59/><E135/><V69/><REACH who="2" step="1"/><F19/><AGARI ba="0,0" hai="11,14,19,51,55,56,80,83,84,88,93" m="24775" machi="19" ten="30,3900,0" yaku="8,1,52,1,54,1" doraHai="90" who="0" fromWho="2" sc="370,39,155,0,225,-39,250,0" /><INIT seed="7,0,0,5,5,37" ten="409,155,186,250" oya="3" hai0="112,116,44,73,20,42,27,67,83,123,45,81,2" hai1="13,39,70,11,88,46,8,108,26,50,85,121,43" hai2="54,4,94,69,51,47,29,33,57,111,86,120,17" hai3="119,133,132,61,68,109,89,53,76,84,118,21,5"/><W38/><G109/><T65/><D123/><U77/><E121/><V130/><F111/><W14/><G76/><T75/><D2/><U16/><E108/><V63/><F69/><W105/><G105/><T32/><D32/><U15/><E70/><V107/><F107/><W129/><G21/><T25/><D116/><U71/><E71/><V96/><F130/><W28/><G14/><N who="1" m="5130" /><E39/><V58/><F4/><W87/><G5/><T62/><D42/><U24/><E77/><V125/><F120/><W22/><G22/><T59/><D20/><N who="1" m="13319" /><E26/><V110/><F110/><W10/><G10/><T122/><D62/><U12/><N who="1" m="5138" /><U93/><AGARI ba="0,0" hai="8,11,43,46,50,85,88,93" m="13319,5138" machi="93" ten="30,8000,1" yaku="4,1,8,1,52,1,54,2" doraHai="37" who="1" fromWho="1" sc="409,-20,155,80,186,-20,250,-40" owari="389,48.0,235,4.0,166,-33.0,210,-19.0" /></mjloggm>