<mjloggm ver="2.3"><GO type="225" lobby="0"/><UN n0="%E9%B3%B3%E6%9D%B1%E3%81%AE%E3%81%86%E3%81%95%E3%81%8E%E3%81%95%E3%82%93" n1="%E5%A4%A7%E5%AE%AE%E5%BF%8D%76" n2="%E8%A8%88%E7%AE%97%E6%A9%9F%E8%87%AA%E7%84%B6" n3="%59%4F%55%E5%BE%80%4D%59%E9%80%B2%21" dan="18,17,17,16" rate="2126.57,2205.90,2254.55,2098.44" sx="F,M,M,M"/><TAIKYOKU oya="0"/><INIT seed="0,0,0,4,5,107" ten="250,250,250,250" oya="0" hai0="81,111,18,127,131,42,106,108,23,126,41,133,14" hai1="75,110,98,15,87,45,61,50,132,102,88,95,13" hai2="78,77,113,79,19,122,117,46,35,36,109,91,40" hai3="3,96,67,27,64,4,56,100,16,84,37,21,129"/><T94/><D106/><U10/><E110/><N who="0" m="42025" /><D131/><U116/><E116/><V32/><F109/><W115/><G115/><T7/><D133/><U112/><E132/><V80/><F113/><W114/><G114/><T60/><D7/><U11/><E112/><V62/><F122/><W65/><G37/><T73/><D94/><U104/><E61/><V105/><F105/><W24/><G129/><T120/><D60/><U101/><E101/><V90/><F117/><W70/><G70/><T55/><D55/><U20/><E75/><V63/><F63/><W44/><G44/><T9/><D9/><U39/><E39/><V53/><F53/><W93/><G84/><T118/><D120/><U30/><E11/><V83/><F62/><W125/><G56/><T28/><D28/><U31/><E10/><V103/><F103/><W34/><G34/><T66/><D66/><U97/><E31/><V72/><F19/><W0/><G4/><T22/><D23/><U99/><E102/><V86/><REACH who="2" step="1"/><F78/><REACH who="2" ten="250,250,240,250" step="2"/><W48/><G65/><T38/><D118/><U124/><E104/><V121/><F121/><W76/><G76/><N who="0" m="44175" /><D41/><U49/><E30/><V5/><F5/><W47/><G64/><T135/><D135/><U12/><E20/><V8/><F8/><W134/><G67/><T82/><D82/><U6/><E6/><V25/><F25/><W52/><G27/><T1/><D1/><N who="3" m="585" /><G134/><T43/><D42/><U2/><E2/><V54/><F54/><W119/><G119/><T92/><D92/><U26/><E95/><V57/><F57/><W51/><G51/><N who="1" m="19466" /><E26/><V130/><F130/><RYUUKYOKU ba="0,1" sc="250,10,250,-30,240,10,250,10" hai0="14,18,22,38,43,126,127" hai2="32,35,36,40,46,72,77,79,80,83,86,90,91" hai3="16,21,24,47,48,52,93,96,100,125" /><INIT seed="0,1,1,2,4,59" ten="260,220,250,260" oya="0" hai0="32,39,91,131,109,125,103,55,36,50,89,115,25" hai1="0,61,17,65,110,127,81,96,97,74,130,34,23" hai2="86,56,107,49,3,113,28,75,19,57,112,8,100" hai3="80,5,20,135,60,83,106,111,126,22,51,88,114"/><T6/><D115/><U95/><E34/><V35/><F75/><W4/><G114/><T58/><D131/><U7/><E130/><V69/><F69/><W40/><G106/><T42/><D125/><U70/><E127/><V99/><F56/><W2/><G126/><T1/><D103/><U85/><E110/><V84/><F84/><N who="3" m="50183" /><G111/><T129/><D129/><U13/><E74/><V16/><F35/><W117/><G2/><T79/><D109/><U54/><E54/><V21/><F28/><W63/><G117/><T133/><D133/><U93/><E96/><V104/><F104/><W78/><G135/><T24/><D36/><U116/><E116/><V72/><F72/><W47/><G83/><T37/><D79/><U46/><E46/><V44/><F86/><W82/><G82/><T18/><D39/><U73/><E73/><V27/><F57/><W108/><G78/><T41/><D1/><U29/><E29/><V105/><F105/><W9/><G108/><T45/><D6/><N who="3" m="2665" /><G9/><T121/><D121/><U14/><E0/><V67/><F3/><W26/><G22/><N who="0" m="13399" /><D32/><U10/><E97/><V98/><F98/><W64/><G64/><T92/><D92/><U33/><E33/><V68/><F8/><W15/><G15/><T52/><D25/><U71/><E71/><V101/><F101/><W38/><G38/><T53/><D37/><U77/><AGARI ba="1,1" hai="7,10,13,14,17,23,61,65,70,77,81,85,93,95" machi="77" ten="20,2700,0" yaku="0,1,7,1,52,1" doraHai="59" who="1" fromWho="1" sc="260,-14,220,40,250,-8,260,-8" /><INIT seed="1,0,0,3,0,127" ten="246,260,242,252" oya="1" hai0="65,103,98,19,6,96,71,26,74,31,12,5,63" hai1="16,112,97,35,52,89,55,75,43,30,69,4,49" hai2="109,121,56,15,59,7,117,18,70,116,76,47,86" hai3="95,54,48,22,2,8,50,124,122,44,111,107,82"/><U129/><E112/><V11/><F121/><W28/><G107/><N who="0" m="63975" /><D74/><U94/><E75/><V87/><F70/><W67/><G122/><T91/><D91/><U120/><E120/><V126/><F126/><W123/><G123/><T68/><D98/><U132/><E69/><V79/><F109/><W113/><G124/><T99/><D99/><U66/><E66/><V104/><F104/><W83/><G113/><T128/><D71/><U38/><E4/><V110/><F110/><W119/><G111/><T40/><D40/><U93/><E132/><V20/><F47/><W25/><G119/><T102/><D102/><U81/><E81/><V78/><F117/><W10/><G67/><T115/><D115/><U88/><E30/><V41/><F41/><N who="3" m="24591" /><G2/><T133/><D133/><U134/><E134/><V61/><F116/><W0/><G0/><T1/><D1/><U34/><E38/><V33/><F33/><W135/><G95/><T57/><D57/><N who="2" m="22090" /><F61/><W80/><G135/><T13/><D13/><AGARI ba="0,0" hai="7,11,13,15,18,20,76,78,79,86,87" m="22090" machi="13" ten="30,1000,0" yaku="8,1" doraHai="127" who="2" fromWho="0" sc="246,-10,260,0,242,10,252,0" /><INIT seed="2,0,0,2,4,91" ten="236,260,252,252" oya="2" hai0="45,102,68,82,74,107,96,25,69,2,3,84,35" hai1="29,1,73,20,126,118,22,132,16,52,75,0,81" hai2="58,23,32,90,121,9,109,41,70,54,99,19,40" hai3="61,6,100,97,77,104,14,12,101,125,117,115,123"/><V128/><F121/><W88/><G117/><T57/><D57/><U72/><E118/><V15/><F32/><W133/><G123/><T39/><D84/><U87/><E29/><V31/><F70/><N who="0" m="27242" /><D25/><U59/><E132/><V44/><F128/><W85/><G133/><T86/><D86/><U27/><E126/><V65/><F109/><W108/><G125/><T129/><D35/><U8/><E22/><V38/><F65/><W83/><G108/><T50/><D50/><U10/><E10/><V112/><F112/><W13/><G115/><T66/><D66/><U98/><E98/><V49/><F40/><W62/><G6/><T79/><D129/><U116/><E116/><V67/><F67/><W78/><REACH who="3" step="1"/><G101/><REACH who="3" ten="236,260,252,242" step="2"/><T106/><D106/><U4/><E0/><V48/><F38/><W24/><G24/><T130/><D130/><U114/><E114/><V64/><F15/><W53/><G53/><T76/><D76/><AGARI ba="0,1" hai="12,13,14,61,62,76,77,78,83,85,88,97,100,104" machi="76" ten="40,2600,0" yaku="1,1,54,1,53,0" doraHai="91" doraHaiUra="111" who="3" fromWho="0" sc="236,-26,260,0,252,0,242,36" /><INIT seed="3,0,0,0,2,65" ten="210,260,252,278" oya="3" hai0="135,3,37,54,38,62,104,24,46,95,83,86,113" hai1="8,90,133,109,9,51,75,78,48,111,110,128,124" hai2="41,31,49,71,13,21,19,103,102,129,12,81,123" hai3="70,74,79,134,64,87,23,115,39,101,63,89,35"/><W106/><G115/><T22/><D135/><U10/><E133/><V77/><F129/><W85/><G35/><T112/><D104/><U5/><E5/><V33/><F123/><W84/><G39/><T117/><D3/><U45/><E128/><V32/><F71/><W55/><G134/><T92/><D117/><U119/><E124/><V2/><F2/><W34/><G34/><T120/><D120/><U67/><E119/><V130/><F130/><W7/><G7/><T99/><D38/><U60/><E90/><V97/><F31/><W42/><G42/><T118/><D118/><U125/><E125/><V14/><F32/><W58/><G74/><T108/><D108/><U72/><E78/><V107/><F102/><W36/><G36/><T44/><D92/><U53/><REACH who="1" step="1"/><E51/><REACH who="1" ten="210,250,252,278" step="2"/><V94/><F49/><W11/><G79/><N who="0" m="46463" /><D37/><U4/><E4/><V132/><F132/><W17/><G89/><N who="0" m="55791" /><D113/><U73/><E73/><V96/><F77/><W1/><G101/><T6/><D6/><U98/><E98/><V116/><F96/><W105/><G87/><T30/><D112/><U69/><AGARI ba="0,1" hai="8,9,10,45,48,53,60,67,69,72,75,109,110,111" machi="69" ten="40,8000,1" yaku="1,1,0,1,14,1,52,1,53,0" doraHai="65" doraHaiUra="100" who="1" fromWho="1" sc="210,-20,250,90,252,-20,278,-40" owari="190,-31.0,340,44.0,232,-17.0,238,4.0" /></mjloggm>