<mjloggm ver="2.3"><GO type="185" lobby="0"/><UN n0="%E8%99%B9%E9%87%8E%E3%82%86%E3%82%81" n1="%E4%BD%8D%E9%B3%B3%E5%A4%A9" n2="%E6%A2%B6%E9%9A%86%E8%87%A3" n3="" dan="16,17,17,0" rate="2145.19,2178.55,2278.08,1500.00" sx="F,M,M,C"/><TAIKYOKU oya="0"/><INIT seed="0,0,0,1,2,135" ten="350,350,350,0" oya="0" hai0="68,76,102,86,129,0,54,131,51,40,79,87,96" hai1="77,101,99,93,83,61,57,114,65,47,78,90,70" hai2="75,113,112,132,125,69,89,126,72,85,34,55,3" hai3=""/><T124/><D0/><U60/><E114/><N who="2" m="44139" /><F34/><T36/><D68/><U32/><E32/><V134/><F3/><T1/><D1/><U67/><E47/><V121/><N who="2" m="31008" /><V94/><F55/><T108/><D108/><U62/><E62/><V37/><F37/><T82/><D40/><U123/><N who="1" m="31520" /><U42/><E42/><V45/><F45/><T118/><D36/><U71/><E57/><V105/><F105/><T120/><N who="0" m="30752" /><T2/><D118/><U81/><E101/><V44/><F44/><T59/><D2/><U66/><E66/><V127/><F69/><T73/><D73/><AGARI ba="0,0" hai="72,73,75,85,89,94,125,126,127,132,134" m="31008,44139" machi="73" ten="40,12000,2" yaku="18,1,34,2,52,4" doraHai="135" who="2" fromWho="0" sc="350,-120,350,0,350,120,0,0" /><INIT seed="1,0,0,5,1,65" ten="230,350,470,0" oya="1" hai0="74,94,2,32,101,93,114,112,51,120,60,77,117" hai1="69,46,55,133,41,107,115,82,123,76,97,105,57" hai2="131,124,134,39,103,102,34,88,89,96,118,58,72" hai3=""/><U61/><N who="1" m="31520" /><U104/><E115/><V71/><F118/><T33/><N who="0" m="30752" /><T125/><D2/><U38/><E133/><V75/><F39/><T98/><D117/><U116/><E116/><V1/><F1/><T119/><D119/><U99/><REACH who="1" step="1"/><E69/><REACH who="1" ten="230,340,470,0" step="2"/><V43/><F134/><T42/><D114/><U126/><E126/><V59/><F71/><T37/><D112/><U48/><E48/><V49/><F49/><T109/><D125/><U64/><E64/><V68/><F68/><T79/><D51/><U73/><AGARI ba="0,1" hai="38,41,46,55,57,61,73,76,82,97,99,104,105,107" m="31520" machi="73" ten="30,4000,0" yaku="1,1,0,1,52,1,53,0" doraHai="65" doraHaiUra="81" who="1" fromWho="1" sc="230,-20,340,50,470,-20,0,0" /><INIT seed="1,1,0,4,0,66" ten="210,390,450,0" oya="1" hai0="63,132,125,55,95,80,124,86,89,103,112,75,85" hai1="42,46,3,87,82,131,116,111,53,39,104,101,81" hai2="64,73,36,97,88,122,135,128,93,45,109,100,98" hai3=""/><U54/><E116/><V48/><N who="2" m="31264" /><V115/><F109/><T74/><D55/><U113/><E3/><V91/><F128/><T108/><D63/><U32/><E131/><V2/><F2/><T61/><D61/><U96/><E111/><V0/><F0/><T117/><D108/><U41/><E32/><V57/><F135/><T70/><D70/><U133/><E133/><V65/><F73/><N who="0" m="27658" /><D132/><U83/><E113/><V105/><F36/><T121/><N who="0" m="31008" /><T79/><D112/><U77/><E42/><V50/><F115/><T120/><N who="0" m="30752" /><T102/><D117/><U90/><REACH who="1" step="1"/><E77/><REACH who="1" ten="210,380,450,0" step="2"/><V56/><F64/><T114/><D114/><U40/><E40/><V37/><F65/><T60/><D79/><U43/><E43/><V35/><F35/><T134/><D134/><U52/><AGARI ba="1,1" hai="39,41,46,52,53,54,81,82,83,87,90,96,101,104" machi="52" ten="30,4000,0" yaku="1,1,0,1,54,1,53,0" doraHai="66" doraHaiUra="47" who="1" fromWho="1" sc="210,-21,380,52,450,-21,0,0" /><INIT seed="1,2,0,5,4,59" ten="189,432,429,0" oya="1" hai0="105,44,89,48,32,56,119,45,87,120,127,73,75" hai1="134,98,84,39,33,51,77,113,71,72,78,124,107" hai2="49,115,88,38,70,109,64,65,97,102,47,106,86" hai3=""/><U66/><E84/><V60/><F109/><T63/><N who="0" m="30752" /><T108/><D32/><U50/><E66/><V43/><F65/><T117/><D105/><U104/><E98/><V123/><N who="2" m="31520" /><V125/><F125/><T130/><D130/><U128/><E113/><V34/><F34/><T57/><D108/><U112/><E112/><V96/><F97/><T53/><D127/><U36/><E33/><V133/><F133/><T121/><N who="0" m="31008" /><T80/><D56/><U93/><E93/><V118/><F118/><N who="0" m="45066" /><D44/><U37/><E124/><V55/><F115/><T3/><D3/><U85/><E37/><V68/><F68/><T90/><D89/><U40/><E107/><V61/><F61/><T0/><D0/><U91/><E104/><V122/><N who="2" m="31264" /><V83/><REACH who="2" step="1"/><F38/><REACH who="2" ten="189,432,419,0" step="2"/><T81/><D63/><U58/><E134/><V92/><F92/><T111/><D111/><U62/><E62/><V67/><F67/><T95/><D95/><U54/><E71/><V129/><F129/><T114/><D114/><U103/><E128/><V76/><F76/><T126/><D126/><U99/><E78/><V74/><F74/><T46/><D73/><U1/><E77/><AGARI ba="2,1" hai="45,46,48,53,57,75,77,80,81,87,90" m="45066,31008,30752" machi="77" ten="30,3900,0" yaku="12,1,52,2" doraHai="59" who="0" fromWho="1" sc="189,53,432,-43,419,0,0,0" /><INIT seed="2,0,0,2,3,107" ten="242,389,419,0" oya="2" hai0="2,118,86,67,53,134,98,69,87,1,116,114,82" hai1="39,0,73,55,50,64,92,97,104,57,49,120,71" hai2="58,95,128,72,90,61,63,44,54,85,41,110,60" hai3=""/><V65/><F128/><T119/><D134/><U132/><N who="1" m="30752" /><U130/><E104/><V42/><F110/><T88/><D114/><U135/><E0/><V38/><F42/><T108/><D108/><U93/><E130/><V43/><F43/><T106/><D53/><U111/><E39/><V40/><F40/><T122/><N who="0" m="31264" /><T99/><D86/><U83/><E111/><V125/><F125/><T109/><D109/><U37/><E37/><V48/><REACH who="2" step="1"/><F72/><REACH who="2" ten="242,389,409,0" step="2"/><T47/><D1/><U66/><E73/><V100/><F100/><T77/><D2/><U117/><E117/><V3/><F3/><T76/><D118/><U121/><N who="1" m="31008" /><U113/><E113/><V78/><F78/><T81/><D76/><U115/><E115/><V56/><AGARI ba="0,1" hai="38,41,44,48,54,56,58,60,61,63,65,85,90,95" machi="56" ten="20,2600,0" yaku="1,1,0,1,7,1,53,0" doraHai="107" doraHaiUra="94" who="2" fromWho="2" sc="242,-13,389,-13,409,36,0,0" /><INIT seed="2,1,0,4,0,79" ten="229,376,445,0" oya="2" hai0="92,112,0,75,57,120,65,114,52,3,133,33,64" hai1="59,45,73,67,132,103,115,36,122,131,69,101,55" hai2="89,119,97,54,127,43,91,71,116,126,49,72,80" hai3=""/><V83/><F71/><T90/><N who="0" m="30752" /><T117/><D117/><N who="2" m="45130" /><F43/><T38/><D75/><U60/><N who="1" m="31264" /><U41/><E115/><N who="0" m="44073" /><D38/><U58/><E73/><V40/><F40/><T123/><N who="0" m="31520" /><T85/><D133/><U32/><E132/><V113/><F72/><T106/><D106/><U78/><E32/><V48/><F113/><T70/><D70/><U39/><E36/><V110/><F110/><T82/><D92/><U135/><E135/><V56/><F49/><T86/><D86/><U42/><E42/><V105/><F105/><T63/><D33/><U109/><E109/><V44/><F56/><T108/><D108/><U100/><E59/><V77/><F77/><T128/><D0/><U81/><E78/><V99/><F97/><T46/><D3/><U130/><E69/><V87/><F99/><T47/><D47/><U95/><E45/><V53/><F54/><T94/><D46/><U61/><E41/><V124/><F89/><T118/><D118/><U76/><E39/><V50/><F50/><T107/><D107/><U129/><E61/><V35/><F35/><T1/><D1/><U62/><E60/><V34/><F34/><T125/><D63/><U96/><E55/><V51/><F48/><T102/><D52/><RYUUKYOKU ba="1,0" sc="229,-20,376,10,445,10,0,0" hai1="58,62,67,76,81,95,96,100,101,103,129,130,131" hai2="44,51,53,80,83,87,91,124,126,127" /><INIT seed="2,2,0,3,3,119" ten="209,386,455,0" oya="2" hai0="99,73,59,3,47,44,118,38,106,93,123,127,129" hai1="85,53,120,132,110,69,0,134,83,72,75,35,79" hai2="51,49,128,40,71,55,34,90,113,77,82,84,92" hai3=""/><V107/><F113/><T42/><N who="0" m="31520" /><T32/><D118/><U88/><N who="1" m="30752" /><U61/><E0/><V105/><F71/><T125/><D3/><U130/><E35/><V41/><F34/><T115/><D32/><U37/><E37/><V135/><F128/><T63/><D129/><U101/><E130/><V54/><F135/><N who="1" m="51753" /><E101/><V114/><F114/><T98/><D73/><U52/><E110/><V109/><F109/><T108/><D108/><U50/><E50/><V36/><F36/><T87/><D115/><U96/><E96/><V121/><N who="2" m="31008" /><V97/><F54/><N who="1" m="21097" /><E79/><V78/><F78/><T104/><D44/><U95/><E83/><V58/><REACH who="2" step="1"/><F51/><REACH who="2" ten="209,386,445,0" step="2"/><T70/><D38/><U133/><E133/><V111/><F111/><T39/><D39/><U68/><E68/><V57/><F57/><T66/><D59/><U100/><E69/><V86/><F86/><T2/><D87/><U126/><E61/><V91/><F91/><T46/><D2/><U1/><E1/><V48/><F48/><T80/><D70/><U67/><E85/><V102/><F102/><T117/><D63/><U76/><E88/><V112/><F112/><T60/><D60/><U65/><E76/><V45/><F45/><T74/><D46/><RYUUKYOKU ba="2,1" sc="209,-10,386,-10,445,20,0,0" hai2="40,41,49,55,58,77,82,84,90,92,97,105,107" /><INIT seed="2,3,1,0,3,87" ten="199,376,465,0" oya="2" hai0="109,107,134,49,124,45,36,72,101,67,58,122,79" hai1="98,106,82,117,46,95,84,133,127,96,33,128,126" hai2="57,81,130,55,34,61,91,42,63,121,59,132,41" hai3=""/><V118/><N who="2" m="31008" /><V53/><F34/><T111/><N who="0" m="31264" /><T50/><D124/><N who="1" m="47659" /><E33/><V120/><N who="2" m="30752" /><V97/><F118/><T51/><D134/><U108/><E108/><N who="0" m="41545" /><D36/><U114/><E114/><V60/><F130/><T80/><D67/><U125/><E125/><V69/><F132/><T104/><D58/><U66/><E117/><V131/><F131/><T38/><D101/><U99/><E106/><N who="0" m="40489" /><D38/><U85/><E66/><V112/><F112/><T94/><D94/><U78/><E133/><V93/><F69/><T3/><D3/><U54/><E128/><V102/><F63/><T88/><D88/><U48/><E95/><V1/><F1/><T105/><N who="0" m="40497" /><T44/><AGARI ba="3,1" hai="44,45,49,50,51,72,79,80" m="40497,41545,31264" machi="44" ten="50,4800,0" yaku="4,1,14,1,52,1" doraHai="87" who="0" fromWho="0" sc="199,64,376,-19,465,-35,0,0" /><INIT seed="4,0,0,0,5,87" ten="263,357,430,0" oya="0" hai0="3,119,36,113,32,35,97,81,78,89,85,86,100" hai1="72,135,108,77,80,125,131,57,104,74,122,58,133" hai2="46,64,71,0,68,105,115,103,55,50,126,112,44" hai3=""/><T84/><D119/><U1/><E80/><V43/><F0/><T123/><N who="0" m="31520" /><T49/><D3/><U82/><E82/><V106/><F126/><T73/><D36/><U92/><E92/><V51/><F103/><T65/><D113/><N who="2" m="43594" /><F64/><T39/><D39/><U110/><E77/><V69/><AGARI ba="0,0" hai="43,44,46,50,51,55,68,69,71,105,106" m="43594" machi="69" ten="40,1100,0" yaku="15,1" doraHai="87" who="2" fromWho="2" sc="263,-7,357,-4,430,11,0,0" /><INIT seed="5,0,0,1,2,76" ten="256,353,441,0" oya="1" hai0="54,123,50,79,126,63,58,125,68,92,109,3,127" hai1="36,70,122,80,112,89,101,47,105,64,97,119,108" hai2="103,41,81,88,2,53,33,52,133,0,130,87,83" hai3=""/><U71/><N who="1" m="31264" /><U131/><E119/><V46/><F33/><T45/><N who="0" m="31520" /><T117/><D3/><U94/><E131/><V124/><F130/><T91/><D117/><U128/><E128/><V51/><F124/><T56/><D79/><U82/><E108/><V107/><F133/><T60/><D109/><U113/><E64/><V77/><F103/><T110/><D110/><U85/><E70/><V74/><F107/><T111/><D111/><U43/><E71/><V69/><F69/><T55/><D68/><U115/><AGARI ba="0,0" hai="36,43,47,80,82,85,89,94,97,101,105,112,113,115" m="31264" machi="115" ten="30,8000,1" yaku="0,1,15,1,52,3" doraHai="76" who="1" fromWho="1" sc="256,-40,353,80,441,-40,0,0" /><INIT seed="5,1,0,5,1,131" ten="216,433,401,0" oya="1" hai0="35,59,34,123,62,109,36,107,133,108,106,0,88" hai1="86,72,79,125,129,124,33,38,49,89,39,100,120" hai2="126,83,53,80,121,127,82,57,93,102,130,122,55" hai3=""/><U134/><N who="1" m="30752" /><U132/><E33/><V40/><N who="2" m="31008" /><V45/><N who="2" m="31264" /><V92/><F130/><T64/><N who="0" m="31520" /><T73/><D0/><U81/><E100/><V105/><F105/><T91/><D36/><N who="1" m="13867" /><E129/><V97/><F40/><T74/><D64/><U84/><E49/><V75/><F75/><T90/><D90/><U52/><E52/><V99/><F45/><T3/><D3/><U42/><E42/><V85/><F85/><N who="1" m="32873" /><E89/><V69/><F69/><T103/><D103/><U70/><E70/><V1/><F1/><T114/><D59/><U51/><E51/><V118/><F55/><T78/><D62/><U117/><E117/><V111/><F118/><T135/><REACH who="0" step="1"/><D78/><REACH who="0" ten="206,433,401,0" step="2"/><U96/><E96/><V119/><F119/><T68/><D68/><U115/><E115/><AGARI ba="1,1" hai="34,35,73,74,88,91,106,107,108,109,114,115,133,135" m="31520" machi="115" ten="25,12000,2" yaku="1,1,22,2,52,3,54,1,53,0" doraHai="131" doraHaiUra="48" who="0" fromWho="1" sc="206,132,433,-122,401,0,0,0" /><INIT seed="6,0,0,3,1,78" ten="338,311,401,0" oya="2" hai0="83,68,132,102,92,65,106,85,105,111,66,54,118" hai1="135,61,44,81,36,72,115,123,133,114,33,129,89" hai2="101,120,47,34,94,40,100,96,112,84,130,60,93" hai3=""/><V87/><N who="2" m="30752" /><V41/><F112/><N who="1" m="43049" /><E33/><V2/><F34/><T82/><D118/><U76/><N who="1" m="31520" /><U32/><E32/><V35/><F35/><T109/><D54/><U119/><E119/><V128/><F2/><T127/><D92/><U59/><E89/><V79/><F60/><T0/><D0/><U121/><N who="1" m="31008" /><U1/><E1/><V113/><F113/><T107/><D102/><U117/><E117/><V42/><F47/><T38/><D111/><U67/><E129/><N who="2" m="49771" /><F79/><T126/><D109/><U71/><E59/><V51/><F51/><T69/><D69/><U3/><E3/><V91/><F100/><T58/><D68/><U52/><E52/><V74/><F74/><T37/><D58/><U90/><E90/><V45/><F45/><T70/><D70/><U56/><E56/><V49/><F49/><T63/><D63/><U124/><E124/><V134/><F134/><N who="1" m="51209" /><E44/><V77/><F77/><T80/><D132/><U108/><E108/><V86/><AGARI ba="0,0" hai="40,41,42,84,86,87,91,93,94,96,101" m="49771,30752" machi="86" ten="40,2600,0" yaku="19,1,52,1" doraHai="78" who="2" fromWho="2" sc="338,-13,311,-13,401,26,0,0" owari="325,-7.0,298,-30.0,427,37.0,0,0.0" /></mjloggm>