<mjloggm ver="2.3"><GO type="169" lobby="0"/><UN n0="%E4%BD%8E%E3%82%81%E3%82%B9%E3%83%A9%E3%82%A4%E3%83%80%E3%83%BC" n1="%E3%81%A8%E3%81%B3%E3%81%BE%E3%81%93" n2="%40%6D%40" n3="%79%75%36%31%39%7A%69" dan="16,16,16,16" rate="2153.52,2102.87,2065.87,2116.48" sx="F,M,M,M"/><TAIKYOKU oya="0"/><INIT seed="0,0,0,1,3,134" ten="250,250,250,250" oya="0" hai0="129,113,106,22,14,59,43,34,87,118,11,56,124" hai1="4,27,46,133,81,91,116,89,94,67,29,79,21" hai2="54,24,131,115,109,28,95,17,128,39,120,119,111" hai3="130,31,64,30,99,52,10,73,44,35,6,83,66"/><T57/><D106/><U19/><E133/><V90/><F39/><W58/><G44/><T47/><D113/><U88/><E116/><V2/><F115/><W5/><G130/><N who="2" m="49705" /><F120/><W121/><G121/><T38/><D129/><U33/><E4/><V40/><F40/><W37/><G37/><T123/><D123/><U98/><E67/><V132/><F132/><W112/><G112/><T110/><D118/><U92/><E46/><V60/><F17/><W71/><G99/><T61/><D34/><U80/><E79/><V48/><F60/><W85/><G73/><T7/><D110/><U36/><E36/><V12/><F12/><W108/><G108/><T127/><D61/><U84/><REACH who="1" step="1"/><E91/><REACH who="1" ten="250,240,250,250" step="2"/><V72/><F119/><W114/><G66/><T102/><D102/><U15/><AGARI ba="0,1" hai="15,19,21,27,29,33,80,81,84,88,89,92,94,98" machi="15" ten="20,8000,1" yaku="1,1,2,1,0,1,7,1,54,1,53,0" doraHai="134" doraHaiUra="55" who="1" fromWho="1" sc="250,-40,240,90,250,-20,250,-20" /><INIT seed="1,0,0,3,4,73" ten="210,330,230,230" oya="1" hai0="69,77,68,130,9,34,12,95,5,20,16,27,75" hai1="96,21,43,114,131,100,37,60,30,89,135,112,47" hai2="51,53,22,11,29,126,128,24,72,93,10,106,44" hai3="78,4,133,90,19,71,109,129,127,38,87,74,123"/><U31/><E131/><V65/><F106/><W63/><G78/><T36/><D36/><U17/><E135/><V101/><F72/><W33/><G90/><T107/><D107/><U102/><E60/><V64/><F126/><W62/><G87/><T23/><D130/><U0/><E0/><V125/><F128/><W81/><G62/><T52/><D34/><U2/><E2/><V124/><F101/><W132/><G63/><T92/><D69/><U54/><E89/><V49/><F93/><W105/><G81/><T104/><D104/><U67/><E67/><N who="2" m="25675" /><F125/><W25/><G19/><T134/><D68/><U6/><E6/><V58/><F124/><W80/><G25/><T61/><D134/><U118/><E118/><V83/><F83/><W15/><G15/><N who="0" m="5551" /><D75/><U18/><E54/><AGARI ba="0,0" hai="10,11,22,24,29,44,49,51,53,54,58" m="25675" machi="54" ten="30,1000,0" yaku="8,1" doraHai="73" who="2" fromWho="1" sc="210,0,330,-10,230,10,230,0" /><INIT seed="2,0,0,3,3,16" ten="210,320,240,230" oya="2" hai0="133,124,67,87,32,91,117,44,75,95,110,40,24" hai1="120,12,63,134,25,38,86,94,79,62,96,61,64" hai2="121,58,83,55,70,115,102,36,17,118,31,3,72" hai3="65,135,22,126,2,39,101,45,69,99,109,8,107"/><V4/><F121/><W46/><G109/><T93/><D110/><U97/><E38/><V76/><F118/><W26/><G135/><T19/><D117/><U28/><E134/><V0/><F36/><W37/><G126/><T74/><D124/><U82/><E120/><V113/><F70/><W52/><G46/><T88/><D133/><U106/><E106/><V131/><F131/><W80/><G80/><T35/><D67/><U47/><E47/><V105/><F31/><W20/><G65/><T104/><D104/><U119/><E12/><V15/><F113/><W71/><G37/><T13/><D32/><U112/><E112/><V59/><F4/><W49/><G39/><T114/><D24/><U90/><E119/><V81/><F81/><W50/><G50/><T11/><D35/><U21/><REACH who="1" step="1"/><E97/><REACH who="1" ten="210,310,240,230" step="2"/><V7/><F115/><W98/><G98/><T68/><D114/><U130/><E130/><V9/><F7/><W132/><G132/><T34/><D34/><U89/><E89/><V127/><F127/><W43/><G26/><T6/><D6/><U56/><AGARI ba="0,1" hai="21,25,28,56,61,62,63,64,79,82,86,90,94,96" machi="56" ten="20,8000,1" yaku="1,1,0,1,7,1,8,1,52,1,53,0" doraHai="16" doraHaiUra="128" who="1" fromWho="1" sc="210,-20,310,90,240,-40,230,-20" /><INIT seed="3,0,0,3,2,30" ten="190,400,200,210" oya="3" hai0="72,134,127,19,59,96,84,93,91,56,108,26,92" hai1="52,7,83,9,135,102,68,25,94,82,116,45,130" hai2="70,4,58,63,17,80,121,122,39,85,13,105,20" hai3="3,12,51,65,27,81,8,106,69,15,1,107,49"/><W43/><G65/><T16/><D108/><U36/><E68/><V57/><F39/><W31/><G69/><T88/><D134/><U89/><E135/><V125/><F105/><W103/><G15/><T119/><D127/><U86/><E130/><V60/><F125/><W18/><G106/><T67/><D72/><U114/><E114/><V104/><F104/><W77/><G103/><T124/><D124/><U46/><E116/><V101/><F101/><W95/><G95/><T133/><D133/><U53/><E25/><V21/><F4/><W78/><G107/><T76/><D76/><U38/><E38/><V112/><F112/><W2/><G43/><T48/><D119/><U50/><E102/><V126/><F126/><W5/><G5/><T110/><D110/><U54/><E36/><V113/><F113/><W11/><G11/><T23/><D67/><U33/><E33/><V117/><F117/><W87/><REACH who="3" step="1"/><G78/><REACH who="3" ten="190,400,200,200" step="2"/><T115/><D115/><U75/><E94/><V123/><F70/><W42/><G42/><T62/><D93/><U111/><E9/><V99/><F99/><W0/><N who="3" m="512" /><DORA hai="34" /><W6/><G6/><T120/><D96/><U14/><E14/><V79/><F122/><W40/><G40/><T66/><D120/><U41/><E41/><V90/><F79/><W47/><G47/><T24/><D91/><U132/><E7/><V28/><F123/><W71/><G71/><T29/><D26/><U73/><E132/><V118/><F121/><W98/><G98/><T32/><D32/><AGARI ba="0,1" hai="8,12,18,27,31,32,49,51,77,81,87" m="512" machi="32" ten="70,18000,2" yaku="1,1,52,5,53,1" doraHai="30,34" doraHaiUra="74,129" who="3" fromWho="0" sc="190,-180,400,0,200,0,200,190" /><INIT seed="3,1,0,0,4,56" ten="10,400,200,390" oya="3" hai0="38,39,45,31,79,101,111,109,52,20,11,7,46" hai1="5,119,16,135,88,108,82,122,27,115,55,74,124" hai2="19,4,57,91,125,17,24,60,73,0,121,15,94" hai3="114,44,116,75,65,120,89,90,68,81,63,64,14"/><W130/><G120/><T102/><D79/><U10/><E122/><V9/><F73/><W2/><G2/><T23/><D11/><U50/><E115/><V67/><F125/><W86/><G116/><T51/><D31/><U22/><E124/><V61/><F121/><W54/><G114/><T32/><D51/><U29/><E119/><V97/><F0/><W92/><G130/><T95/><D95/><U8/><E108/><V83/><F83/><W47/><G75/><T133/><D32/><U105/><E105/><V118/><F118/><W40/><G40/><T72/><D72/><U53/><E135/><V28/><REACH who="2" step="1"/><F61/><REACH who="2" ten="10,400,190,390" step="2"/><W6/><G81/><T131/><D131/><U87/><E74/><V84/><F84/><W62/><G86/><T103/><D133/><U112/><E112/><V96/><F96/><W59/><G92/><T41/><D7/><U26/><E87/><V126/><F126/><W34/><G90/><T43/><REACH who="0" step="1"/><D52/><REACH who="0" ten="0,400,190,390" step="2"/><U104/><E53/><V113/><F113/><W80/><G54/><T77/><D77/><U128/><E55/><V70/><F70/><W123/><G123/><T1/><D1/><U107/><E5/><V58/><F58/><W69/><G59/><T134/><D134/><U129/><E129/><V106/><F106/><W66/><G6/><T93/><D93/><U110/><E128/><V85/><F85/><W13/><G80/><T21/><AGARI ba="1,2" hai="20,21,23,38,39,41,43,45,46,101,102,103,109,111" machi="21" ten="40,5200,0" yaku="1,1,0,1,9,1,53,0" doraHai="56" doraHaiUra="76" who="0" fromWho="0" sc="0,75,400,-14,190,-14,390,-27" /><INIT seed="4,0,0,2,3,31" ten="75,386,176,363" oya="0" hai0="46,79,33,24,69,92,126,64,61,132,2,111,131" hai1="19,40,100,23,42,14,105,39,59,125,22,102,96" hai2="52,78,25,121,123,26,57,129,70,36,34,1,93" hai3="101,106,18,67,30,10,47,29,56,63,16,87,15"/><T6/><D111/><U4/><E125/><V49/><F36/><W103/><G87/><T44/><D126/><U89/><E39/><V55/><F70/><W134/><G134/><T90/><D132/><U12/><E59/><V58/><F1/><W38/><G38/><T128/><D79/><U118/><E118/><V53/><F129/><N who="0" m="49738" /><D6/><U81/><E4/><V107/><F107/><W116/><G116/><T109/><D2/><U11/><E11/><V80/><F93/><W51/><G18/><T66/><D66/><U65/><E65/><V98/><F98/><W88/><G88/><T130/><N who="0" m="49746" /><T37/><DORA hai="50" /><D37/><U9/><E9/><V8/><F8/><W43/><G106/><T17/><D109/><U119/><E119/><V60/><F55/><W28/><AGARI ba="0,0" hai="10,15,16,28,29,30,43,47,51,56,63,67,101,103" machi="28" ten="30,4000,0" yaku="0,1,8,1,54,1" doraHai="31,50" who="3" fromWho="3" sc="75,-20,386,-10,176,-10,363,40" /><INIT seed="5,0,0,1,3,116" ten="55,376,166,403" oya="1" hai0="39,51,83,71,124,120,102,73,0,125,80,48,38" hai1="33,4,76,2,112,34,123,129,29,1,127,131,126" hai2="79,19,99,65,54,100,26,87,9,105,25,63,49" hai3="109,78,40,70,6,3,133,89,128,17,36,23,82"/><U74/><E74/><V58/><F9/><W11/><G70/><T119/><D73/><U53/><E76/><V44/><F19/><W43/><G109/><T134/><D71/><U91/><E91/><V104/><F104/><W21/><G21/><T32/><D32/><N who="1" m="12395" /><E29/><V46/><F46/><W130/><G89/><T115/><D0/><N who="1" m="107" /><E4/><V101/><F101/><W132/><G36/><T35/><D35/><U30/><E30/><V55/><F65/><W86/><G43/><T88/><D102/><U113/><E123/><V42/><F42/><W81/><G40/><T13/><D13/><U111/><E53/><V12/><F12/><N who="3" m="9639" /><G82/><T18/><D18/><U69/><E69/><V14/><F14/><W20/><G20/><T84/><D119/><U68/><E68/><V92/><F105/><W75/><G75/><T85/><D88/><U95/><E95/><V118/><F118/><W96/><G96/><T103/><D103/><U41/><E41/><V108/><F108/><W50/><G50/><T45/><D45/><U27/><E27/><V8/><F8/><W66/><G66/><T110/><D110/><U107/><E107/><V10/><F10/><W94/><G94/><T31/><D31/><U61/><E61/><V135/><F25/><W67/><G67/><T93/><D93/><U5/><E5/><V16/><F16/><W60/><G60/><T24/><D24/><U97/><E97/><V15/><F15/><W59/><G59/><T47/><D47/><U64/><E64/><V72/><F26/><W106/><G106/><T56/><D120/><U7/><E111/><RYUUKYOKU ba="0,0" sc="55,-10,376,-10,166,-10,403,30" hai3="3,6,11,78,81,86,128,130,132,133" /><INIT seed="6,1,0,0,2,25" ten="45,366,156,433" oya="2" hai0="46,83,122,14,50,120,110,54,113,82,56,112,22" hai1="101,15,109,0,12,75,43,98,8,73,130,114,27" hai2="127,38,37,3,32,132,100,63,47,62,60,51,135" hai3="23,129,90,35,77,58,102,9,131,26,76,91,1"/><V2/><F127/><W96/><G35/><T57/><D83/><U105/><E109/><V74/><F100/><W119/><G119/><T55/><D82/><U59/><E114/><V133/><F32/><W13/><G58/><T94/><D94/><U128/><E43/><N who="2" m="25087" /><F74/><N who="1" m="28169" /><E59/><V103/><F103/><W115/><G1/><AGARI ba="1,0" hai="1,2,3,37,38,60,62,63,132,133,135" m="25087" machi="1" ten="40,2000,0" yaku="20,1" doraHai="25" who="2" fromWho="3" sc="45,0,366,0,156,23,433,-23" /><INIT seed="6,2,0,1,5,68" ten="45,366,179,410" oya="2" hai0="33,5,51,110,89,95,57,12,127,2,42,45,109" hai1="4,46,17,59,120,50,128,35,92,44,48,78,102" hai2="61,15,133,99,123,23,84,22,101,135,93,13,105" hai3="63,65,83,29,49,107,130,8,117,131,56,52,16"/><V31/><F123/><W21/><G107/><T9/><D127/><U66/><E120/><V25/><F61/><W96/><G117/><T116/><D116/><U104/><E35/><V62/><F62/><W37/><G37/><T79/><D79/><U70/><E70/><V129/><F129/><N who="3" m="49163" /><G96/><T72/><D72/><U86/><E104/><V94/><F105/><W88/><G29/><T53/><D33/><U24/><E4/><V73/><F73/><W119/><G8/><T81/><D81/><N who="1" m="47415" /><E66/><V75/><F75/><W125/><G119/><T11/><D11/><U134/><E134/><V100/><F23/><W112/><G125/><T126/><D2/><U28/><E28/><V47/><F47/><N who="1" m="17961" /><E59/><V132/><F132/><W77/><G77/><T41/><D41/><U6/><E6/><V69/><F69/><W97/><G83/><T71/><D71/><U113/><E113/><V43/><F43/><W27/><G112/><T115/><D115/><U18/><E128/><V114/><F114/><W85/><G85/><T58/><D58/><U1/><E1/><V90/><F101/><W64/><G63/><T7/><D7/><U36/><E36/><V54/><F133/><W124/><G124/><T87/><REACH who="0" step="1"/><D126/><REACH who="0" ten="35,366,179,410" step="2"/><U108/><E108/><V103/><F103/><W26/><G56/><T80/><D80/><U106/><E102/><V91/><F91/><W98/><G88/><T60/><AGARI ba="2,1" hai="5,9,12,42,45,51,53,57,60,87,89,95,109,110" machi="60" ten="20,2700,0" yaku="1,1,0,1,7,1,53,0" doraHai="68" doraHaiUra="74" who="0" fromWho="0" sc="35,43,366,-9,179,-15,410,-9" /><INIT seed="7,0,0,1,0,60" ten="78,357,164,401" oya="3" hai0="99,115,76,15,45,28,101,1,64,120,3,17,10" hai1="46,43,24,53,128,129,68,44,70,39,42,38,36" hai2="89,5,75,85,88,63,62,66,108,59,93,105,49" hai3="31,54,6,51,87,102,55,132,30,8,40,90,69"/><W126/><G69/><N who="1" m="26730" /><E24/><V74/><F105/><W119/><G119/><T26/><D120/><U20/><E20/><V72/><F108/><W0/><G102/><T117/><D117/><U130/><E53/><V14/><F49/><AGARI ba="0,0" hai="36,38,39,42,43,44,46,49,128,129,130" m="26730" machi="49" ten="40,5200,0" yaku="19,1,34,2" doraHai="60" who="1" fromWho="2" sc="78,0,357,52,164,-52,401,0" owari="78,-42.0,409,51.0,112,-29.0,401,20.0" /></mjloggm>