<mjloggm ver="2.3"><GO type="169" lobby="0"/><UN n0="%E3%81%A4%E3%81%A3%E3%81%97%E3%83%BC%E3%81%BE" n1="%E3%81%BF%E3%81%A3%E3%81%8D%E3%83%BC" n2="%E3%81%B5%E3%81%96%E3%81%91%E3%82%8B%E3%83%9F%EF%BC%81" n3="%E3%83%9E%E3%83%8A%E3%83%96%E9%9B%B6" dan="16,17,17,16" rate="2059.63,2197.62,2124.00,2139.73" sx="M,M,M,M"/><TAIKYOKU oya="0"/><INIT seed="0,0,0,3,2,54" ten="250,250,250,250" oya="0" hai0="10,134,60,57,27,21,48,64,99,121,3,101,24" hai1="35,33,95,76,0,67,6,68,104,9,51,116,29" hai2="62,125,28,91,135,111,22,55,59,129,2,31,124" hai3="1,56,123,113,37,32,96,94,74,120,14,53,86"/><T110/><D121/><N who="3" m="46665" /><G1/><T119/><D119/><U122/><E116/><V84/><F111/><W127/><G74/><T34/><D134/><U97/><E122/><V92/><F2/><W61/><G113/><T108/><D34/><U25/><E76/><V83/><F135/><W128/><G37/><T30/><D24/><U118/><E118/><V89/><F129/><W69/><G32/><T4/><REACH who="0" step="1"/><D48/><REACH who="0" ten="240,250,250,250" step="2"/><U70/><E35/><V41/><F125/><W133/><G133/><T63/><D63/><U126/><E51/><V75/><F124/><W105/><G127/><T8/><D8/><U77/><E126/><V98/><F22/><W19/><G128/><T23/><D23/><U18/><E25/><V79/><F41/><W65/><G105/><AGARI ba="0,1" hai="3,4,10,21,27,30,57,60,64,99,101,105,108,110" machi="105" ten="40,3900,0" yaku="1,1,52,1,53,0" doraHai="54" doraHaiUra="130" who="0" fromWho="3" sc="240,49,250,0,250,0,250,-39" /><INIT seed="0,1,0,4,1,9" ten="289,250,250,211" oya="0" hai0="35,98,63,127,10,22,7,31,121,66,39,30,102" hai1="123,54,6,111,69,57,104,80,37,1,41,73,4" hai2="82,101,74,16,23,50,117,79,91,40,13,68,77" hai3="112,27,116,29,52,76,115,78,105,8,108,134,43"/><T126/><D39/><U103/><E123/><V24/><F68/><W96/><G116/><T2/><D121/><U106/><E69/><V114/><F114/><W45/><G108/><T32/><D22/><U56/><E56/><V90/><F117/><W125/><G134/><T84/><D84/><U51/><E103/><V128/><F128/><W120/><G125/><N who="0" m="47627" /><D30/><U28/><E6/><V97/><F79/><W38/><G120/><T87/><D87/><U119/><E111/><V49/><F24/><W42/><G115/><T129/><D31/><U26/><E119/><V14/><F14/><W133/><G112/><T94/><D129/><U110/><E37/><V135/><F135/><W131/><G133/><T34/><D63/><U99/><E99/><V20/><F20/><W71/><G131/><T46/><D46/><U72/><E72/><V58/><F49/><W25/><G96/><T132/><D132/><U124/><E110/><V86/><F74/><W109/><G109/><T83/><D83/><U107/><E80/><V118/><F118/><W59/><G29/><T3/><D66/><U33/><E73/><V48/><F48/><W70/><G27/><T47/><D47/><N who="1" m="26095" /><E124/><V130/><F130/><W92/><G25/><T0/><AGARI ba="1,0" hai="0,2,3,7,10,32,34,35,94,98,102" m="47627" machi="0" ten="40,2100,0" yaku="18,1" doraHai="9" who="0" fromWho="0" sc="289,24,250,-8,250,-8,211,-8" /><INIT seed="0,2,0,1,1,58" ten="313,242,242,203" oya="0" hai0="81,65,42,50,112,97,98,126,129,125,91,72,123" hai1="38,40,61,12,69,134,0,86,37,29,84,76,45" hai2="32,131,103,122,2,54,6,17,8,90,132,114,19" hai3="63,105,26,15,59,33,57,127,83,79,70,119,116"/><T28/><D123/><U96/><E0/><V82/><F122/><W95/><G105/><T20/><D112/><U111/><E111/><V88/><F114/><W11/><G127/><T22/><D129/><U31/><E134/><V47/><F32/><W16/><G70/><T1/><D1/><U101/><E38/><V52/><F131/><W41/><G41/><T21/><D28/><U74/><E74/><V133/><F103/><W53/><G57/><T93/><D98/><U89/><E84/><N who="2" m="50199" /><F90/><W66/><G66/><T109/><D109/><U36/><E76/><V110/><F54/><W18/><G95/><T128/><D128/><U39/><E39/><V10/><F110/><W75/><REACH who="3" step="1"/><G18/><REACH who="3" ten="313,242,242,193" step="2"/><T99/><D126/><U71/><E71/><V3/><F19/><W67/><G67/><T77/><D65/><U34/><E69/><V7/><F17/><W48/><G48/><T121/><D125/><U24/><E36/><V55/><F47/><W49/><G49/><T78/><D50/><U100/><E37/><V46/><F46/><W43/><G43/><T87/><D42/><U135/><E45/><V102/><F55/><W5/><G5/><T92/><D121/><U117/><E40/><V104/><F52/><W68/><G68/><T44/><D44/><U107/><E107/><V124/><F124/><W62/><G62/><T27/><D93/><U115/><E61/><V56/><F56/><W73/><G73/><T25/><D72/><U113/><E115/><V85/><F133/><W30/><AGARI ba="2,1" hai="11,15,16,26,30,33,53,59,63,75,79,83,116,119" machi="30" ten="30,8000,1" yaku="1,1,0,1,52,1,54,1,53,1" doraHai="58" doraHaiUra="51" who="3" fromWho="3" sc="313,-42,242,-22,242,-22,193,96" /><INIT seed="1,0,0,1,4,123" ten="271,220,220,289" oya="1" hai0="54,56,4,74,30,72,31,128,69,65,70,78,61" hai1="44,66,108,16,49,98,111,2,126,100,85,8,6" hai2="48,26,118,81,96,76,46,39,40,7,114,22,107" hai3="113,89,51,116,42,90,130,125,60,37,102,58,43"/><U112/><E112/><V20/><F118/><W83/><G113/><T135/><D135/><U3/><E66/><V68/><F114/><W77/><G116/><T19/><D128/><U117/><E117/><V122/><F122/><W57/><G130/><T62/><D4/><U87/><E2/><V115/><F115/><W92/><G37/><T35/><D70/><U53/><E126/><V15/><F39/><W52/><G125/><T134/><D134/><U71/><E71/><V91/><F68/><W104/><G104/><T86/><D35/><U32/><E32/><V120/><F120/><W55/><G102/><T64/><D54/><U45/><E44/><V33/><F33/><W14/><G14/><T59/><D69/><U28/><E16/><V101/><F91/><W5/><G5/><T84/><D19/><U132/><E28/><V1/><F26/><W25/><G25/><T93/><D93/><N who="1" m="58447" /><E132/><V23/><F1/><W21/><G21/><T47/><D47/><U97/><E97/><V103/><F96/><W127/><G127/><T11/><REACH who="0" step="1"/><D78/><REACH who="0" ten="261,220,220,289" step="2"/><U27/><E53/><V80/><F46/><W88/><REACH who="3" step="1"/><G92/><REACH who="3" ten="261,220,220,279" step="2"/><T50/><D50/><U109/><E49/><V131/><F48/><W129/><G129/><T95/><D95/><U106/><E106/><V17/><F131/><W10/><G10/><AGARI ba="0,2" hai="10,11,30,31,56,59,61,62,64,65,72,74,84,86" machi="10" ten="25,3200,0" yaku="1,1,22,2,53,0" doraHai="123" doraHaiUra="9" who="0" fromWho="3" sc="261,52,220,0,220,0,279,-32" /><INIT seed="2,0,0,3,0,26" ten="313,220,220,247" oya="2" hai0="78,104,16,117,2,109,53,63,120,60,32,83,70" hai1="76,3,58,108,42,28,45,87,39,44,20,92,6" hai2="9,22,127,93,107,25,85,35,69,5,43,75,86" hai3="8,56,129,62,125,51,38,27,11,88,100,50,4"/><V135/><F107/><W90/><G38/><T66/><D104/><U12/><E108/><V33/><F75/><W17/><G129/><T14/><D2/><U94/><E3/><V110/><F69/><W134/><G100/><T132/><D32/><U23/><E44/><V98/><F127/><W79/><G79/><T41/><D41/><U64/><E23/><V68/><F68/><W102/><G102/><T130/><D109/><U81/><E12/><V105/><F105/><W54/><G125/><T65/><D120/><U114/><E6/><V19/><F43/><W0/><G134/><T13/><D13/><U18/><E18/><V49/><F49/><W31/><G51/><T7/><D7/><U61/><REACH who="1" step="1"/><E114/><REACH who="1" ten="313,210,220,247" step="2"/><V97/><F110/><W116/><G116/><T55/><D117/><U74/><E74/><V47/><F33/><W96/><G11/><T131/><D131/><U122/><E122/><V133/><F47/><W123/><G17/><T59/><D130/><U29/><E29/><V1/><F35/><W121/><G121/><T52/><D132/><N who="2" m="50762" /><F9/><W40/><G123/><T128/><D128/><U101/><E101/><N who="2" m="60591" /><F5/><W24/><G24/><AGARI ba="0,1" hai="20,24,28,39,42,45,58,61,64,76,81,87,92,94" machi="24" ten="40,5200,0" yaku="1,1,52,1,53,1" doraHai="26" doraHaiUra="77" who="1" fromWho="3" sc="313,0,210,62,220,0,247,-52" /><INIT seed="3,0,0,2,4,5" ten="313,272,220,195" oya="3" hai0="119,40,105,19,96,25,72,57,123,122,16,84,127" hai1="97,22,134,126,38,99,21,92,52,90,128,9,98" hai2="65,55,60,53,104,115,121,71,87,45,42,89,106" hai3="63,118,39,125,48,101,10,108,70,67,80,26,76"/><W86/><G118/><T61/><D72/><U58/><E126/><V3/><F115/><W112/><G112/><T14/><D119/><U133/><E38/><V62/><F3/><W102/><G39/><T23/><D40/><U117/><E128/><V17/><F121/><W110/><G125/><T103/><D84/><U64/><E64/><V75/><F75/><W107/><G107/><T35/><D127/><U37/><E37/><V20/><F106/><W79/><G79/><T36/><D36/><U50/><E117/><V15/><F104/><W49/><G26/><T82/><D82/><U54/><E54/><N who="2" m="20491" /><F65/><W131/><G131/><T0/><D0/><U30/><E30/><V83/><F71/><W95/><G95/><T51/><D51/><AGARI ba="0,0" hai="15,17,20,42,45,51,60,62,83,87,89" m="20491" machi="51" ten="30,1000,0" yaku="8,1" doraHai="5" who="2" fromWho="0" sc="313,-10,272,0,220,10,195,0" /><INIT seed="4,0,0,1,0,86" ten="303,272,230,195" oya="0" hai0="3,31,99,61,64,44,119,7,52,55,47,14,96" hai1="60,131,120,101,73,133,103,113,83,66,69,15,107" hai2="109,128,84,95,125,81,59,70,76,116,62,114,22" hai3="129,28,122,51,42,104,135,92,53,38,35,112,27"/><T68/><D3/><U72/><E120/><V1/><F109/><W124/><G104/><T54/><D119/><U13/><E107/><V24/><F1/><W87/><G112/><T30/><D7/><U91/><E73/><V130/><F114/><W23/><G122/><T34/><D14/><N who="1" m="5131" /><E113/><V20/><F70/><W40/><G135/><T78/><D78/><N who="1" m="44487" /><E91/><V82/><F125/><W117/><G124/><T5/><D5/><U102/><E102/><V115/><F116/><W79/><G117/><T74/><D74/><U77/><E77/><V75/><F115/><W46/><G40/><T26/><REACH who="0" step="1"/><D30/><REACH who="0" ten="293,272,230,195" step="2"/><U80/><E133/><V39/><F76/><W132/><G132/><T6/><D6/><U41/><E131/><V0/><F75/><W88/><G129/><T45/><AGARI ba="0,1" hai="26,31,34,44,45,47,52,54,55,61,64,68,96,99" machi="45" ten="30,6000,0" yaku="1,1,0,1,54,1,53,0" doraHai="86" doraHaiUra="123" who="0" fromWho="0" sc="293,70,272,-20,230,-20,195,-20" /><INIT seed="4,1,0,1,1,27" ten="363,252,210,175" oya="0" hai0="99,31,59,48,75,13,103,70,60,93,37,68,28" hai1="94,74,34,131,26,76,42,80,43,91,8,116,11" hai2="15,36,92,101,100,125,38,55,21,133,72,39,73" hai3="5,14,62,0,47,22,67,109,35,29,113,63,23"/><T119/><D75/><U129/><E116/><V86/><F133/><W126/><G109/><T87/><D37/><U79/><E79/><V64/><F64/><W102/><G113/><T19/><D48/><U120/><E120/><V16/><F125/><W6/><G102/><T49/><D49/><U82/><E82/><V58/><F101/><W121/><G47/><T57/><D57/><U128/><E34/><V89/><REACH who="2" step="1"/><F100/><REACH who="2" ten="363,252,200,175" step="2"/><W98/><G126/><T88/><D119/><U7/><E129/><V10/><F10/><W81/><G121/><T78/><D70/><U61/><E11/><V1/><F1/><W66/><G0/><T97/><D68/><U135/><E8/><V77/><F77/><W50/><G5/><T12/><D78/><U130/><E7/><V4/><F4/><W65/><G6/><T18/><D103/><U51/><E135/><V46/><F46/><W84/><G67/><N who="0" m="39327" /><D99/><U104/><E76/><V44/><F44/><W111/><G98/><T114/><D97/><U124/><E124/><V83/><F83/><W30/><G81/><T25/><D114/><U45/><E130/><V71/><F71/><W24/><G111/><T54/><D54/><U122/><E122/><V110/><F110/><W69/><G69/><T53/><D53/><U96/><E128/><V2/><F2/><W112/><G66/><T134/><D134/><U56/><E131/><V9/><F9/><W90/><G65/><T85/><D85/><U115/><E115/><V41/><F41/><W95/><G112/><T17/><D87/><N who="1" m="50663" /><E43/><V106/><F106/><W52/><G52/><RYUUKYOKU ba="1,1" sc="363,-10,252,-10,200,30,175,-10" hai2="15,16,21,36,38,39,55,58,72,73,86,89,92" /><INIT seed="5,2,1,0,1,44" ten="353,242,230,165" oya="1" hai0="117,16,109,38,133,84,0,17,41,113,129,93,25" hai1="61,125,115,52,37,132,19,82,106,119,47,111,36" hai2="107,110,59,135,71,80,13,7,101,31,33,114,123" hai3="27,56,68,118,58,6,97,53,134,42,102,91,55"/><U46/><E106/><V130/><F110/><W83/><G68/><T57/><D0/><U30/><E30/><V78/><F71/><W4/><G134/><T50/><D117/><U70/><E82/><V2/><F2/><W60/><G42/><T32/><D109/><U73/><E73/><V124/><F123/><W29/><G118/><T116/><D38/><N who="1" m="14955" /><E19/><V64/><F31/><W86/><G102/><T76/><D113/><U85/><E85/><V35/><F114/><W14/><G14/><T62/><D133/><U108/><E119/><V26/><F26/><W66/><G97/><T9/><D129/><U49/><E132/><V99/><F130/><W81/><G83/><T74/><D74/><U51/><E125/><V8/><F124/><W43/><G43/><T45/><D9/><U3/><E3/><V48/><F33/><W126/><G126/><T65/><D76/><U69/><E69/><V23/><F35/><W88/><G91/><T24/><D32/><U128/><E128/><V77/><F135/><W121/><G121/><T5/><D5/><U100/><E100/><V12/><F78/><W34/><REACH who="3" step="1"/><G66/><REACH who="3" ten="353,242,230,155" step="2"/><T40/><D41/><N who="1" m="24783" /><E115/><V89/><F89/><W122/><G122/><T95/><D116/><U103/><E103/><V28/><F101/><W72/><G72/><T10/><D84/><U92/><E92/><V11/><F99/><W98/><G98/><T22/><D95/><U63/><E70/><V79/><F12/><W20/><G20/><N who="0" m="13327" /><D93/><U131/><E131/><V21/><F13/><W105/><G105/><T96/><D10/><U94/><E94/><RYUUKYOKU ba="2,2" sc="353,10,242,10,230,-30,155,10" hai0="16,22,25,40,45,50,57,62,65,96" hai1="47,51,52,61,63,108,111" hai3="4,6,27,29,34,53,55,56,58,60,81,86,88" /><INIT seed="5,3,2,1,4,80" ten="363,252,200,165" oya="1" hai0="28,55,131,48,26,35,56,88,99,74,86,32,37" hai1="30,44,124,1,13,84,130,54,18,31,118,3,78" hai2="7,71,6,43,132,2,57,47,10,83,34,68,110" hai3="95,21,49,85,42,62,112,66,111,69,123,101,114"/><U108/><E118/><V128/><F110/><W38/><G111/><T105/><D37/><U87/><E108/><V53/><F34/><W92/><G123/><T24/><D74/><U96/><E1/><V122/><F122/><W91/><G38/><T116/><D116/><U22/><E3/><V100/><F7/><W36/><G36/><T121/><D121/><U134/><E124/><V4/><F4/><W113/><G21/><T20/><D24/><U79/><E96/><V90/><F100/><W76/><G76/><N who="1" m="29226" /><E134/><V41/><F132/><W126/><G126/><T39/><D39/><U25/><E130/><V23/><F47/><N who="3" m="25847" /><G101/><T61/><D131/><U0/><E0/><V65/><F128/><W125/><G125/><T40/><D99/><U117/><E117/><V11/><F71/><W89/><G89/><T75/><D75/><U52/><E30/><V45/><F68/><W102/><G102/><T19/><D105/><U98/><E98/><V59/><F90/><W70/><G70/><T103/><D103/><U93/><E93/><AGARI ba="3,2" hai="62,66,69,85,91,92,93,95,112,113,114" m="25847" machi="93" ten="30,2000,0" yaku="15,1,52,1" doraHai="80" who="3" fromWho="1" sc="363,0,252,-29,200,0,165,49" /><INIT seed="6,0,0,0,5,60" ten="363,223,200,214" oya="2" hai0="5,97,14,46,21,71,17,25,78,58,67,40,96" hai1="77,123,45,42,74,43,109,107,121,26,116,49,135" hai2="34,114,57,79,59,1,127,12,84,122,90,27,44" hai3="101,18,93,10,63,117,87,110,16,132,24,104,115"/><V32/><F122/><N who="1" m="46601" /><E109/><V28/><F1/><W73/><G110/><T2/><D2/><U51/><E107/><V11/><F114/><W13/><G117/><T36/><D71/><U82/><E116/><V31/><F79/><W113/><G73/><T55/><D78/><U19/><E135/><V3/><F3/><W0/><G0/><T33/><D33/><U80/><E80/><V119/><F119/><W8/><G132/><T23/><D67/><U53/><E49/><V75/><F44/><W50/><G50/><T7/><D7/><U68/><E68/><V47/><F47/><W62/><G104/><T37/><D36/><U124/><E124/><V120/><F75/><W61/><G24/><T29/><D5/><U108/><E108/><V72/><F72/><W38/><G38/><T15/><D14/><U85/><E74/><V128/><F127/><W105/><G105/><T130/><D130/><U54/><E54/><V95/><F128/><W134/><G134/><T86/><D86/><U70/><E70/><V39/><F39/><W9/><G87/><T56/><D56/><U91/><E77/><V100/><F120/><W111/><G111/><T30/><D30/><U103/><E103/><V129/><F100/><W41/><G41/><T126/><D126/><U4/><E4/><N who="2" m="3175" /><F129/><W66/><G66/><T89/><D89/><U125/><E125/><V92/><F92/><W35/><G35/><T112/><D112/><N who="3" m="43081" /><G13/><T52/><D55/><U76/><E76/><V88/><F90/><W22/><G22/><AGARI ba="0,0" hai="19,22,26,42,43,45,51,53,82,85,91" m="46601" machi="22" ten="30,1000,0" yaku="13,1" doraHai="60" who="1" fromWho="3" sc="363,0,223,10,200,0,214,-10" /><INIT seed="7,0,0,1,1,130" ten="363,233,200,204" oya="3" hai0="81,69,52,9,22,49,123,97,36,31,30,38,107" hai1="125,2,118,37,56,28,29,84,11,68,115,100,58" hai2="20,33,102,5,80,105,122,112,12,108,51,113,106" hai3="134,98,72,127,6,24,32,59,91,76,62,94,16"/><W63/><G127/><T85/><D69/><U66/><E37/><V121/><F108/><W73/><G6/><T26/><D31/><U39/><E39/><V64/><F33/><W44/><G63/><T40/><D40/><U83/><E58/><V95/><F64/><W23/><G32/><T89/><D123/><N who="2" m="47114" /><F80/><N who="3" m="45063" /><G73/><T46/><D9/><U132/><E100/><V7/><F51/><W1/><G1/><T10/><D107/><N who="2" m="40970" /><F5/><W45/><G134/><T54/><D97/><U48/><E132/><V103/><F7/><W14/><G14/><T77/><D54/><AGARI ba="0,0" hai="16,23,24,44,45,54,59,62,91,94,98" m="45063" machi="54" ten="30,2900,0" yaku="25,1,54,1" doraHai="130" who="3" fromWho="0" sc="363,-29,233,0,200,0,204,29" /><INIT seed="7,1,0,3,4,0" ten="334,233,200,233" oya="3" hai0="18,48,106,132,3,80,20,88,129,123,27,97,117" hai1="111,23,81,130,34,87,10,94,113,86,93,37,114" hai2="8,19,122,56,100,98,60,4,104,66,72,91,99" hai3="43,62,64,119,50,95,25,85,11,38,42,118,47"/><W12/><G25/><T124/><D117/><U28/><E34/><V116/><F122/><W40/><G38/><T77/><D123/><U101/><E111/><V16/><F72/><W5/><G119/><T57/><D3/><U9/><E37/><V75/><F75/><W103/><G118/><T135/><D124/><U83/><E101/><V17/><F116/><W63/><G63/><T14/><D129/><U110/><E23/><V112/><F112/><N who="1" m="43113" /><E28/><V126/><F126/><W49/><G49/><T69/><D69/><U6/><E9/><V24/><F98/><W51/><G51/><T134/><D88/><N who="1" m="51295" /><E130/><V90/><REACH who="2" step="1"/><F24/><REACH who="2" ten="334,233,190,233" step="2"/><W131/><G131/><T102/><D27/><U55/><E110/><V70/><F70/><W92/><G85/><T41/><D135/><U15/><E87/><V29/><F29/><W59/><G103/><T65/><D134/><U33/><E81/><V36/><F36/><W54/><AGARI ba="1,1" hai="5,11,12,40,42,43,47,50,54,59,62,64,92,95" machi="54" ten="30,6000,0" yaku="0,1,8,1,52,1" doraHai="0" who="3" fromWho="3" sc="334,-21,233,-21,190,-21,233,73" /><INIT seed="7,2,0,4,1,82" ten="313,212,169,306" oya="3" hai0="24,0,9,65,23,111,101,79,66,122,28,16,112" hai1="129,106,27,105,48,119,126,38,93,1,10,44,116" hai2="41,125,43,85,133,89,57,36,76,83,103,95,72" hai3="8,68,94,13,104,15,34,55,33,46,56,35,75"/><W50/><G104/><T120/><D111/><U45/><E38/><V114/><F114/><W21/><G75/><T17/><D112/><U69/><E69/><V14/><F133/><W54/><G68/><T6/><D101/><U74/><E74/><V90/><F125/><W91/><G21/><T88/><D79/><U108/><E108/><V84/><F103/><W4/><G15/><T121/><D17/><U62/><E105/><V118/><F118/><W117/><G117/><T40/><D40/><U42/><E106/><V70/><F70/><W31/><G31/><T124/><D124/><U99/><E126/><V63/><F36/><W107/><G107/><T64/><D88/><U12/><E27/><V86/><F14/><W3/><G3/><T60/><REACH who="0" step="1"/><D28/><REACH who="0" ten="303,212,169,306" step="2"/><U109/><E116/><V81/><REACH who="2" step="1"/><F72/><REACH who="2" ten="303,212,159,306" step="2"/><W130/><G130/><T2/><D2/><U92/><E1/><V30/><F30/><W134/><G134/><T102/><D102/><U18/><E119/><V20/><F20/><W5/><G34/><T53/><D53/><AGARI ba="2,2" hai="41,43,53,57,63,76,81,83,84,85,86,89,90,95" machi="53" ten="30,12000,2" yaku="1,1,7,1,8,1,52,3,53,1" doraHai="82" doraHaiUra="58" who="2" fromWho="0" sc="303,-126,212,0,159,146,306,0" owari="177,-32.0,212,-19.0,305,11.0,306,40.0" /></mjloggm>