<mjloggm ver="2.3"><GO type="169" lobby="0"/><UN n0="%6B%5F%6D%5F%62" n1="%E3%81%A8%E3%81%B3%E3%81%BE%E3%81%93" n2="%E3%83%A1%E3%83%A9%E3%82%BE%E3%83%BC%E3%83%9E" n3="%E3%81%A9%E3%83%BC%E3%82%82%E5%83%95%E3%81%A7%E3%81%99" dan="16,16,17,17" rate="2136.94,2106.09,2157.18,2214.67" sx="M,M,F,F"/><TAIKYOKU oya="0"/><INIT seed="0,0,0,4,0,55" ten="250,250,250,250" oya="0" hai0="114,88,101,58,4,115,42,62,41,54,11,49,80" hai1="66,44,18,99,3,132,111,56,86,61,105,113,6" hai2="40,77,37,129,96,126,71,51,45,68,72,63,7" hai3="97,60,89,39,46,35,47,25,50,43,33,103,79"/><T75/><D101/><U14/><E111/><V95/><F126/><W127/><G127/><T135/><D135/><U76/><E132/><V121/><F121/><W108/><G108/><T82/><D75/><U110/><E110/><V8/><F129/><W5/><G79/><T116/><D116/><U123/><E123/><V74/><F51/><W24/><G5/><T90/><D114/><U36/><E113/><V70/><F63/><W124/><G89/><N who="0" m="34411" /><D115/><U23/><E3/><V117/><F117/><W17/><G124/><T65/><D4/><U13/><E105/><V2/><REACH who="2" step="1"/><F77/><REACH who="2" ten="250,250,240,250" step="2"/><W81/><G50/><T1/><D1/><U120/><E120/><V106/><F106/><W134/><G60/><T69/><D69/><U21/><E36/><V48/><F48/><W131/><G39/><T112/><D112/><U57/><E44/><V104/><F104/><W73/><G47/><N who="0" m="27967" /><D11/><U83/><E99/><V52/><F52/><W93/><G97/><T133/><D133/><U27/><E6/><V130/><F130/><W87/><G131/><T100/><D100/><AGARI ba="0,1" hai="2,7,8,37,40,45,68,70,71,72,74,95,96,100" machi="100" ten="40,1300,0" yaku="1,1,53,0" doraHai="55" doraHaiUra="78" who="2" fromWho="0" sc="250,-13,250,0,240,23,250,0" /><INIT seed="1,0,0,1,1,34" ten="237,250,263,250" oya="1" hai0="85,77,81,120,33,96,108,80,71,104,54,31,70" hai1="9,38,29,5,43,125,100,0,16,93,78,124,12" hai2="128,105,119,53,82,83,115,55,48,60,92,113,22" hai3="25,87,64,74,65,121,99,127,39,118,47,109,131"/><U35/><E78/><V62/><F119/><W101/><G121/><T28/><D108/><U116/><E116/><V129/><F105/><W72/><G118/><T75/><D120/><U57/><E38/><V79/><F22/><W94/><G109/><T52/><D104/><U6/><E6/><V123/><F92/><W7/><G131/><N who="2" m="50249" /><F123/><W17/><G127/><N who="1" m="48714" /><E43/><V10/><F10/><W18/><G87/><T41/><D41/><U27/><E57/><N who="2" m="34879" /><F62/><W95/><G99/><T76/><D96/><U107/><E107/><V32/><F32/><W13/><G101/><T4/><D33/><U15/><E100/><V59/><F83/><W84/><G25/><T67/><D4/><U89/><E16/><V44/><F59/><W130/><G7/><T132/><D75/><AGARI ba="0,0" hai="44,48,53,75,79,82,113,115" m="34879,50249" machi="75" ten="30,1000,0" yaku="19,1" doraHai="34" who="2" fromWho="0" sc="237,-10,250,0,263,10,250,0" /><INIT seed="2,0,0,3,3,19" ten="227,250,273,250" oya="2" hai0="18,9,126,84,135,21,77,123,42,31,89,45,98" hai1="124,101,56,27,33,91,128,88,5,105,4,71,117" hai2="67,104,1,121,43,20,2,68,3,131,36,85,106" hai3="109,78,96,95,0,87,69,80,110,86,83,54,76"/><V25/><F121/><W90/><G69/><T46/><D123/><U52/><E117/><V38/><F131/><W132/><G0/><T75/><D126/><U26/><E128/><V72/><F72/><W102/><G54/><T115/><D115/><U15/><E124/><V40/><F85/><W37/><G37/><T81/><D135/><U63/><E27/><V51/><F67/><W112/><G132/><T92/><D31/><U114/><E114/><V16/><F68/><W107/><REACH who="3" step="1"/><G112/><REACH who="3" ten="227,250,273,240" step="2"/><T116/><D116/><U119/><E71/><V100/><F36/><W14/><G14/><T41/><D41/><U129/><E129/><V73/><F38/><W44/><G44/><T59/><D59/><U17/><E119/><V61/><F61/><W49/><G49/><T39/><D46/><U99/><E5/><V48/><F48/><W66/><G66/><T57/><D57/><U55/><E4/><V13/><F13/><W103/><G103/><T70/><D70/><U122/><E55/><V47/><F43/><W134/><G134/><T94/><D9/><U12/><E12/><V24/><F100/><W35/><G35/><T58/><D58/><U53/><E53/><V23/><REACH who="2" step="1"/><F73/><AGARI ba="0,1" hai="73,76,78,80,83,86,87,90,95,96,102,107,109,110" machi="73" ten="40,12000,2" yaku="1,1,24,2,34,3,53,0" doraHai="19" doraHaiUra="65" who="3" fromWho="2" sc="227,0,250,0,273,-120,240,130" /><INIT seed="3,0,0,3,5,39" ten="227,250,153,370" oya="3" hai0="68,2,53,86,1,110,100,128,71,119,109,11,17" hai1="20,101,83,43,32,77,8,57,124,117,18,82,74" hai2="12,41,76,104,122,61,111,6,113,60,14,27,50" hai3="55,130,127,40,13,45,102,97,121,7,46,108,72"/><W21/><G121/><T115/><D119/><U67/><E32/><V25/><F113/><W49/><G127/><T26/><D115/><U94/><E124/><V98/><F122/><W123/><G123/><T90/><D128/><U54/><E117/><V24/><F111/><N who="0" m="42506" /><D100/><U5/><E67/><V30/><F30/><W37/><G108/><T129/><D53/><U118/><E118/><V135/><F135/><W69/><G130/><T89/><D89/><U78/><E43/><V4/><F76/><W81/><G69/><N who="0" m="26699" /><D129/><U19/><E101/><V105/><F98/><W56/><G81/><N who="0" m="49487" /><D26/><U48/><E94/><V23/><F23/><W66/><G72/><T58/><D58/><U16/><E20/><V47/><F104/><W64/><G56/><T91/><D91/><U75/><E8/><V126/><F105/><W59/><G59/><T35/><D35/><U107/><E107/><V42/><F126/><W73/><G73/><T88/><D88/><U120/><E120/><V133/><F133/><W92/><REACH who="3" step="1"/><G21/><REACH who="3" ten="227,250,153,360" step="2"/><T38/><D11/><AGARI ba="0,1" hai="7,11,13,37,40,45,46,49,55,64,66,92,97,102" machi="11" ten="40,12000,1" yaku="1,1,2,1,52,1,53,1" doraHai="39" doraHaiUra="9" who="3" fromWho="0" sc="227,-120,250,0,153,0,360,130" /><INIT seed="3,1,0,0,2,67" ten="107,250,153,490" oya="3" hai0="20,121,73,39,105,10,78,16,32,53,11,36,93" hai1="109,119,89,33,83,2,110,49,24,76,85,88,58" hai2="123,25,21,86,99,112,84,75,117,7,118,80,131" hai3="120,6,0,124,65,135,29,31,50,101,14,1,43"/><W77/><G120/><T52/><D105/><U132/><E2/><V4/><F112/><W15/><G101/><T28/><D121/><U9/><E132/><V91/><F123/><W106/><G106/><T104/><D104/><U61/><E119/><V90/><F75/><W113/><G113/><T71/><D71/><U81/><E9/><V94/><F131/><W107/><G107/><T54/><D93/><U128/><E49/><V51/><F117/><W115/><G115/><T26/><D78/><U114/><E128/><V103/><F51/><W100/><G100/><T13/><REACH who="0" step="1"/><D73/><REACH who="0" ten="97,250,153,490" step="2"/><U102/><E114/><V34/><F118/><W30/><G77/><T19/><D19/><U23/><E76/><V3/><F3/><W55/><G0/><T108/><D108/><U5/><E83/><N who="2" m="49439" /><F34/><W98/><G1/><T60/><D60/><U125/><E81/><V129/><F129/><W42/><G135/><T130/><D130/><U8/><E33/><V82/><F80/><W126/><G6/><T116/><D116/><U69/><E69/><V66/><F4/><W22/><G31/><T41/><D41/><U62/><E5/><V79/><F7/><W63/><G30/><T122/><D122/><U92/><E109/><V35/><F35/><W44/><G42/><T12/><D12/><U40/><E110/><V57/><F79/><W64/><G14/><T111/><D111/><U87/><E40/><V37/><F82/><W134/><G134/><T97/><D97/><U38/><E61/><N who="2" m="38191" /><F99/><W18/><G98/><T48/><D48/><U96/><E62/><V47/><F103/><RYUUKYOKU ba="1,1" sc="97,30,250,-10,153,-10,490,-10" hai0="10,11,13,16,20,26,28,32,36,39,52,53,54" /><INIT seed="4,2,1,5,4,32" ten="127,240,143,480" oya="0" hai0="56,92,57,86,4,76,66,72,45,85,111,38,58" hai1="75,115,131,73,0,50,95,52,33,82,35,8,67" hai2="116,49,74,7,121,118,114,14,18,24,9,31,97" hai3="11,71,83,69,81,46,90,21,51,127,55,2,63"/><T60/><D111/><U102/><E67/><V126/><F74/><W40/><G127/><T101/><D72/><U62/><E62/><V47/><F121/><W61/><G21/><T13/><D38/><U70/><E70/><V53/><F126/><W15/><G2/><T99/><D45/><U3/><E35/><V122/><F122/><W43/><G69/><T119/><D119/><U36/><E36/><V23/><F114/><W5/><G71/><T130/><D130/><U93/><E33/><V34/><REACH who="2" step="1"/><F97/><REACH who="2" ten="127,240,133,480" step="2"/><W80/><G90/><T16/><D4/><U112/><E75/><V1/><AGARI ba="2,2" hai="1,7,9,14,18,23,24,31,34,47,49,53,116,118" machi="1" ten="30,12000,2" yaku="1,1,2,1,0,1,24,2,52,1,53,0" doraHai="32" doraHaiUra="108" who="2" fromWho="2" sc="127,-62,240,-32,133,146,480,-32" /><INIT seed="5,0,0,0,4,24" ten="65,208,279,448" oya="1" hai0="56,32,114,37,78,36,59,15,131,85,86,27,54" hai1="100,6,42,55,95,108,132,90,21,50,57,82,61" hai2="34,67,5,7,29,72,71,47,81,115,40,46,109" hai3="19,118,135,30,70,33,94,48,39,130,129,128,16"/><U66/><E132/><V49/><F109/><W106/><G39/><T18/><D114/><U93/><E108/><V120/><F120/><W17/><G106/><T62/><D131/><U14/><E42/><V97/><F115/><W28/><G135/><T76/><D37/><U124/><E124/><V122/><F122/><W3/><G118/><T9/><D36/><U0/><E0/><V121/><F47/><W102/><G70/><T98/><D98/><U31/><E6/><V52/><F40/><W1/><G48/><T79/><REACH who="0" step="1"/><D56/><REACH who="0" ten="55,208,279,448" step="2"/><U123/><E123/><V92/><F97/><N who="3" m="59703" /><G33/><T80/><D80/><U8/><E100/><V13/><F81/><W68/><G68/><T127/><D127/><U65/><E82/><V83/><F83/><W35/><G35/><T44/><D44/><U41/><E57/><V84/><F46/><W88/><G88/><T107/><D107/><U104/><E90/><V89/><F34/><W64/><G64/><T26/><D26/><U96/><E65/><V77/><F67/><W63/><G63/><T75/><D75/><U58/><E61/><V105/><F72/><W20/><G20/><T111/><D111/><U133/><E58/><V126/><F71/><W22/><G22/><T2/><D2/><AGARI ba="0,1" hai="1,2,3,16,17,19,28,30,128,129,130" m="59703" machi="2" ten="40,8000,1" yaku="19,1,52,2,54,1" doraHai="24" who="3" fromWho="0" sc="55,-80,208,0,279,0,448,90" owari="-25,-53.0,208,-19.0,279,8.0,538,64.0" /></mjloggm>