<mjloggm ver="2.3"><GO type="169" lobby="0"/><UN n0="%E3%82%A2%E3%83%A1%E3%83%B3%E3%83%9D%E3%81%A6%E3%81%B5" n1="%E3%81%97%E3%82%89%E3%82%86%E3%81%8D%E2%99%AA" n2="%67%61%79%75%6E%79" n3="%E3%81%9F%E3%82%93%E3%82%86%E3%81%86" dan="17,16,16,16" rate="2254.23,2013.82,2065.39,2144.15" sx="M,M,M,F"/><TAIKYOKU oya="0"/><INIT seed="0,0,0,5,2,105" ten="250,250,250,250" oya="0" hai0="25,66,81,61,125,1,10,123,131,64,16,52,97" hai1="6,110,14,2,88,116,38,8,127,132,73,27,53" hai2="90,84,109,119,98,71,113,100,36,75,23,32,13" hai3="92,80,12,128,79,107,0,74,34,68,50,102,29"/><T17/><D123/><U101/><E116/><V108/><F32/><W44/><G0/><T60/><D131/><U121/><E121/><V135/><F36/><W62/><G128/><T93/><D125/><U9/><E38/><V96/><F71/><W83/><G83/><T99/><D1/><U43/><E43/><V30/><F119/><W22/><G107/><T122/><D122/><U95/><E101/><V94/><F113/><W114/><G114/><T55/><D81/><U112/><E127/><V133/><F30/><W76/><G76/><T57/><D10/><U72/><E132/><N who="2" m="50763" /><F13/><W41/><G34/><T4/><D4/><U124/><E124/><V120/><F23/><W45/><G45/><T103/><D99/><N who="2" m="37930" /><F120/><W48/><G92/><T91/><D103/><U89/><E27/><V37/><F37/><W33/><G102/><T69/><REACH who="0" step="1"/><D25/><REACH who="0" ten="240,250,250,250" step="2"/><U77/><E2/><V85/><F100/><W67/><G33/><T49/><D49/><U46/><E9/><V78/><F85/><W59/><G50/><T87/><D87/><U130/><E8/><V82/><AGARI ba="0,1" hai="75,78,82,84,90,94,108,109" m="37930,50763" machi="82" ten="40,8000,1" yaku="20,1,34,2,52,1" doraHai="105" who="2" fromWho="2" sc="240,-40,250,-20,250,90,250,-20" /><INIT seed="1,0,0,3,0,55" ten="200,230,340,230" oya="1" hai0="21,5,9,71,98,133,123,76,12,40,64,95,124" hai1="37,18,45,122,89,101,107,119,111,41,108,61,22" hai2="32,20,3,66,128,93,84,24,38,14,0,115,80" hai3="121,79,129,105,33,16,82,97,75,134,120,78,15"/><U54/><E119/><V25/><F38/><W110/><G33/><T62/><D123/><U113/><E107/><V91/><F128/><W46/><G129/><T67/><D133/><U51/><E101/><V53/><F115/><W126/><G134/><T85/><D124/><U106/><E106/><V135/><F135/><W63/><G126/><T132/><D132/><U131/><E131/><V77/><F32/><W52/><G79/><T81/><D40/><U102/><E102/><V1/><F66/><W10/><G110/><N who="1" m="42026" /><E113/><V125/><F125/><W27/><G27/><T8/><D64/><U31/><E31/><V7/><F53/><W13/><G105/><T87/><D8/><U30/><E30/><V44/><F44/><W39/><G97/><T29/><D29/><U34/><E89/><V43/><F43/><W50/><G39/><T57/><D21/><U35/><E61/><V42/><F42/><W47/><G47/><T56/><D85/><U2/><E2/><V109/><F109/><W86/><G75/><T19/><REACH who="0" step="1"/><D5/><REACH who="0" ten="190,230,340,230" step="2"/><U11/><E11/><N who="2" m="4479" /><F20/><N who="3" m="11279" /><G121/><T99/><D99/><U88/><E122/><V60/><F0/><W104/><G120/><T28/><D28/><U58/><E35/><V103/><F1/><W90/><G104/><T112/><D112/><U118/><E34/><V23/><F3/><W17/><G63/><T59/><D59/><U72/><E72/><N who="2" m="43047" /><F60/><W73/><G73/><T114/><D114/><U26/><E118/><V127/><F127/><W48/><G78/><T6/><D6/><U69/><E69/><V68/><F68/><W92/><G50/><RYUUKYOKU ba="0,1" sc="190,10,230,10,340,-30,230,10" hai0="9,12,19,56,57,62,67,71,76,81,87,95,98" hai1="18,22,26,37,41,45,51,54,58,88" hai3="10,15,17,46,48,52,82,86,90,92" /><INIT seed="1,1,1,3,2,6" ten="200,240,310,240" oya="1" hai0="101,24,90,71,2,61,21,79,28,1,129,13,130" hai1="45,19,104,3,131,125,51,84,54,48,9,43,44" hai2="134,75,97,17,114,66,107,94,98,110,126,70,69" hai3="83,74,123,120,37,77,81,113,67,55,38,62,111"/><U119/><E131/><N who="0" m="50185" /><D79/><U86/><E125/><V127/><F75/><W15/><G113/><T8/><D101/><U33/><E33/><V12/><F114/><W80/><G80/><T30/><D90/><U16/><E104/><V27/><F110/><W47/><G38/><T26/><D71/><U68/><E68/><V22/><F134/><W92/><G81/><T91/><D91/><U32/><E32/><V35/><F107/><W56/><G92/><T31/><D61/><U73/><E73/><V52/><F66/><W49/><G111/><T7/><D31/><U39/><E119/><V20/><F35/><AGARI ba="1,1" hai="1,2,7,8,13,21,24,26,28,30,35" m="50185" machi="35" ten="30,7700,0" yaku="19,1,34,2,52,1" doraHai="6" who="0" fromWho="2" sc="200,90,240,0,310,-80,240,0" /><INIT seed="2,0,0,5,5,4" ten="290,240,230,240" oya="2" hai0="78,130,63,108,94,129,28,60,81,77,57,90,25" hai1="121,30,11,71,88,32,47,125,72,96,33,50,89" hai2="0,113,95,76,24,93,62,14,29,131,116,128,107" hai3="19,103,67,106,36,124,16,85,73,53,74,132,54"/><V123/><F107/><W122/><G122/><T10/><D108/><U9/><E71/><V59/><F116/><W134/><G36/><T87/><D78/><U100/><E72/><V109/><F0/><W26/><G67/><T111/><D111/><U23/><E125/><V31/><F109/><W86/><G106/><T66/><D63/><U43/><E33/><V114/><F76/><W44/><G103/><T2/><D2/><U97/><E32/><V98/><F123/><W39/><G39/><T84/><REACH who="0" step="1"/><D10/><REACH who="0" ten="280,240,230,240" step="2"/><N who="1" m="3595" /><E121/><V68/><F68/><W126/><G44/><T83/><D83/><U79/><E79/><V118/><F118/><W46/><G46/><T42/><D42/><U65/><E65/><V5/><F62/><W70/><G70/><T17/><D17/><U75/><E75/><V120/><F120/><W35/><G35/><AGARI ba="0,1" hai="25,28,35,57,60,66,77,81,84,87,90,94,129,130" machi="35" ten="40,1300,0" yaku="1,1,53,0" doraHai="4" doraHaiUra="12" who="0" fromWho="3" sc="280,23,240,0,230,0,240,-13" /><INIT seed="3,0,0,2,3,48" ten="303,240,230,227" oya="3" hai0="15,73,11,84,130,51,94,66,2,116,103,104,82" hai1="65,126,58,78,60,87,75,107,61,35,109,106,93" hai2="23,88,21,6,50,134,53,83,28,4,22,3,30" hai3="20,29,45,127,119,5,100,74,135,97,54,8,64"/><W19/><G74/><T128/><D116/><U110/><E35/><V112/><F112/><W27/><G119/><T99/><D2/><U26/><E126/><V63/><F63/><W9/><G127/><T41/><D66/><U96/><E75/><V43/><F43/><W32/><G64/><T111/><D111/><N who="1" m="42507" /><E26/><V117/><F117/><W38/><G38/><T85/><D104/><U86/><E61/><V70/><F70/><W98/><G135/><T31/><D31/><N who="2" m="11818" /><F3/><W79/><G79/><T122/><D73/><U81/><E87/><N who="2" m="50303" /><F134/><W49/><G5/><T24/><D82/><U133/><E133/><V37/><F37/><W115/><G115/><T90/><D122/><U131/><E131/><V39/><F39/><W69/><G69/><T77/><D77/><U113/><E113/><V25/><F25/><W59/><G98/><T1/><D24/><U16/><E107/><V55/><F50/><W34/><G34/><T92/><D51/><U71/><E106/><V108/><F108/><W12/><G45/><T62/><D62/><U102/><E71/><V76/><F76/><W68/><G68/><T91/><D130/><U67/><E67/><V123/><F123/><W7/><G7/><AGARI ba="0,0" hai="4,6,7,21,22,23,53,55" m="50303,11818" machi="7" ten="30,7700,0" yaku="8,1,52,2,54,1" doraHai="48" who="2" fromWho="3" sc="303,0,240,0,230,77,227,-77" /><INIT seed="4,0,0,3,2,128" ten="303,240,307,150" oya="0" hai0="39,57,62,121,58,16,105,117,83,12,33,79,47" hai1="69,104,32,119,27,66,55,60,92,132,56,89,95" hai2="0,37,4,52,109,48,84,115,91,113,77,23,122" hai3="53,64,45,80,2,71,43,29,100,49,13,107,101"/><T44/><D121/><U98/><E119/><V125/><F109/><W26/><G2/><T1/><D117/><U50/><E132/><V30/><F37/><W99/><G100/><T123/><D123/><U133/><E133/><V21/><F122/><W76/><G13/><T3/><D105/><U68/><E68/><V112/><F77/><W127/><G127/><T67/><D33/><U126/><E126/><V14/><F125/><W90/><G90/><T85/><D57/><U5/><E5/><V24/><F0/><W73/><G53/><T74/><D74/><U118/><E118/><V41/><F41/><W8/><G8/><T65/><D67/><U103/><REACH who="1" step="1"/><E89/><REACH who="1" ten="303,230,307,150" step="2"/><V93/><F4/><W31/><G71/><T114/><D114/><U87/><E87/><V88/><F91/><W38/><G64/><T75/><D75/><U131/><E131/><V81/><F81/><W63/><G63/><T54/><D85/><U6/><E6/><V17/><REACH who="2" step="1"/><F112/><REACH who="2" ten="303,230,297,150" step="2"/><W130/><G130/><T9/><D83/><U110/><E110/><V20/><F20/><W18/><G38/><T135/><D39/><U111/><E111/><V10/><F10/><W34/><G34/><T59/><D9/><U22/><E22/><V40/><F40/><W120/><G120/><T94/><D3/><U86/><E86/><V36/><F36/><W15/><G43/><T129/><D1/><U72/><E72/><V108/><F108/><W96/><G73/><T28/><D129/><U82/><E82/><V46/><AGARI ba="0,2" hai="14,17,21,23,24,30,46,48,52,84,88,93,113,115" machi="46" ten="30,7900,0" yaku="1,1,0,1,54,2,53,0" doraHai="128" doraHaiUra="7" who="2" fromWho="2" sc="303,-39,230,-20,297,99,150,-20" /><INIT seed="5,0,0,0,1,45" ten="264,210,396,130" oya="1" hai0="2,33,37,129,94,89,51,65,69,85,88,127,111" hai1="34,27,12,93,20,42,97,77,32,68,103,112,61" hai2="79,100,132,84,57,107,114,60,35,24,18,80,71" hai3="44,117,55,26,116,50,62,21,30,101,48,78,96"/><U25/><E112/><V113/><F71/><W43/><G78/><T109/><D33/><U135/><E135/><V108/><F108/><W106/><REACH who="3" step="1"/><G62/><REACH who="3" ten="264,210,396,120" step="2"/><T10/><D109/><U47/><E77/><V131/><F60/><W8/><G8/><T121/><D10/><U1/><E61/><V110/><F79/><W90/><G90/><T54/><D89/><U40/><E68/><V31/><F113/><W99/><G99/><T104/><D88/><U53/><E34/><V58/><F35/><W126/><G126/><T73/><D127/><U125/><E32/><V49/><F114/><W128/><G128/><T134/><D129/><U120/><E125/><V82/><F131/><W95/><G95/><T123/><D94/><U3/><E93/><V7/><F107/><W98/><G98/><T76/><D104/><U70/><E70/><V86/><F132/><W4/><G4/><T64/><D134/><U102/><E97/><V87/><F7/><W91/><G91/><T17/><D111/><U9/><E9/><V56/><F110/><W46/><AGARI ba="0,1" hai="21,26,30,43,44,46,48,50,55,96,101,106,116,117" machi="46" ten="30,7900,0" yaku="1,1,0,1,52,2,53,0" doraHai="45" doraHaiUra="118" who="3" fromWho="3" sc="264,-20,210,-39,396,-20,120,89" /><INIT seed="6,0,0,0,3,76" ten="244,171,376,209" oya="2" hai0="10,121,133,61,68,56,31,17,43,52,135,86,99" hai1="125,29,79,87,112,95,77,129,70,3,63,5,83" hai2="130,113,51,40,81,93,72,117,66,50,11,128,9" hai3="46,41,116,20,37,96,134,64,22,18,80,109,23"/><V0/><F117/><W106/><G116/><T38/><D121/><U85/><E29/><V90/><F113/><W123/><G123/><T101/><D68/><U15/><E129/><N who="2" m="49771" /><F66/><W58/><G109/><T92/><D31/><U110/><E125/><V4/><F40/><W131/><G131/><T98/><D98/><U7/><E110/><V100/><F100/><W35/><G35/><T124/><D124/><U89/><E112/><V120/><F120/><W67/><G134/><T104/><D104/><U48/><E3/><V30/><F30/><W49/><G18/><T36/><D86/><U115/><E115/><V65/><F65/><W82/><G67/><T62/><D62/><U25/><E70/><V32/><F32/><W97/><G106/><T126/><D43/><U74/><E63/><V111/><F9/><W94/><G96/><T14/><REACH who="0" step="1"/><D126/><REACH who="0" ten="234,171,376,209" step="2"/><U105/><E85/><N who="2" m="52431" /><F111/><W103/><G37/><AGARI ba="0,1" hai="10,14,17,36,37,38,52,56,61,92,99,101,133,135" machi="37" ten="40,2600,0" yaku="1,1,54,1,53,0" doraHai="76" doraHaiUra="45" who="0" fromWho="3" sc="234,36,171,0,376,0,209,-26" /><INIT seed="7,0,0,1,5,89" ten="270,171,376,183" oya="3" hai0="60,115,83,94,45,73,26,126,42,19,41,81,54" hai1="38,28,46,135,66,107,24,86,108,134,8,110,78" hai2="97,82,53,121,129,59,39,64,123,131,69,32,48" hai3="119,16,98,31,14,40,106,22,85,92,118,122,125"/><W51/><G122/><N who="2" m="46601" /><F32/><W27/><G125/><T91/><D126/><U10/><E107/><V104/><F39/><W35/><G106/><T52/><D115/><U0/><E66/><V63/><F82/><N who="0" m="31242" /><D73/><U29/><E86/><V111/><F111/><N who="1" m="42537" /><E78/><V68/><F97/><W128/><G85/><N who="0" m="52591" /><D45/><U124/><E46/><N who="2" m="27799" /><F104/><W88/><G128/><AGARI ba="0,0" hai="59,63,64,68,69,128,129,131" m="27799,46601" machi="128" ten="30,7700,0" yaku="19,1,13,1,34,2" doraHai="89" who="2" fromWho="3" sc="270,0,171,0,376,77,183,-77" owari="270,7.0,171,-23.0,453,55.0,106,-39.0" /></mjloggm>