<mjloggm ver="2.3"><GO type="169" lobby="0"/><UN n0="%73%65%61%73%74%6F%72%79" n1="%E3%82%B7%E3%83%B3%E3%83%97%E3%83%AB%E3%81%AA%E3%83%AF%E3%82%AD%E3%82%AC" n2="%2D%E8%B1%8A%E5%8F%A3%E3%82%81%E3%81%90%E3%81%BF%2D" n3="%6F%63%69%6E%70%6F%70%6F" dan="16,18,18,17" rate="2086.50,2170.86,2186.91,2114.55" sx="M,M,F,F"/><TAIKYOKU oya="0"/><INIT seed="0,0,0,0,0,71" ten="250,250,250,250" oya="0" hai0="7,86,108,133,26,132,96,101,127,19,40,122,120" hai1="21,5,89,85,25,58,82,110,35,100,38,75,22" hai2="12,113,52,92,64,54,76,115,0,70,39,88,134" hai3="53,125,123,83,11,6,131,98,84,30,27,33,126"/><T68/><D68/><U103/><E110/><V50/><F0/><W1/><G131/><T65/><D7/><U121/><E121/><V72/><F39/><W23/><G98/><T56/><D40/><U17/><E35/><V59/><F134/><N who="0" m="51818" /><D86/><U77/><E5/><V60/><F12/><W111/><G53/><T31/><D19/><U24/><E58/><V81/><REACH who="2" step="1"/><F54/><REACH who="2" ten="250,250,240,250" step="2"/><W42/><G42/><T128/><D128/><U124/><E38/><V135/><F135/><W45/><G123/><T43/><D108/><U73/><E124/><V61/><F61/><W74/><G111/><T4/><D43/><U16/><REACH who="1" step="1"/><E73/><REACH who="1" ten="250,240,240,250" step="2"/><V49/><F49/><W10/><G74/><T116/><D127/><U44/><E44/><V51/><F51/><W107/><G45/><T62/><D122/><U93/><AGARI ba="0,2" hai="16,17,21,22,24,25,75,77,82,85,89,93,100,103" machi="93" ten="20,8000,1" yaku="1,1,0,1,7,1,9,1,54,1,53,0" doraHai="71" doraHaiUra="29" who="1" fromWho="1" sc="250,-40,240,100,240,-20,250,-20" /><INIT seed="1,0,0,0,5,30" ten="210,340,220,230" oya="1" hai0="134,105,3,64,107,108,38,124,91,114,78,58,101" hai1="26,15,122,65,28,92,16,117,41,40,29,100,67" hai2="82,1,33,53,63,131,0,87,48,135,11,32,116" hai3="54,56,35,13,7,55,77,50,39,119,10,89,61"/><U97/><E117/><V51/><F116/><W68/><G39/><T8/><D114/><U129/><E129/><V4/><F1/><W22/><G119/><T52/><D38/><U113/><E122/><V18/><F131/><W62/><G77/><T49/><D78/><U125/><E125/><V102/><F135/><W44/><G68/><T21/><D134/><U36/><E113/><V88/><F102/><W73/><G73/><T126/><D64/><U57/><E29/><V80/><F80/><W95/><G22/><T96/><D91/><U69/><E69/><V98/><F98/><W112/><G112/><T31/><D107/><U59/><E59/><V24/><F63/><W118/><G118/><T25/><D108/><U20/><E36/><V46/><REACH who="2" step="1"/><F51/><REACH who="2" ten="210,340,210,230" step="2"/><N who="3" m="30815" /><G35/><T115/><D115/><U83/><E83/><V6/><F6/><W72/><G72/><T9/><REACH who="0" step="1"/><D3/><REACH who="0" ten="200,340,210,230" step="2"/><U109/><E109/><V60/><F60/><W42/><G61/><T86/><D86/><U2/><E2/><V123/><F123/><W76/><G62/><T70/><D70/><U93/><E67/><V45/><F45/><W74/><G74/><T111/><D111/><U34/><E65/><V110/><F110/><W27/><G44/><T120/><D120/><U81/><E57/><V132/><F132/><W133/><G133/><T79/><D79/><U127/><E100/><V106/><F106/><W84/><G76/><T17/><D17/><U66/><E16/><V85/><F85/><W43/><G84/><T37/><D37/><U130/><E66/><V90/><F90/><W99/><G89/><RYUUKYOKU ba="0,2" sc="200,15,340,-15,210,15,230,-15" hai0="8,9,21,25,31,49,52,58,96,101,105,124,126" hai2="0,4,11,18,24,32,33,46,48,53,82,87,88" /><INIT seed="2,1,2,1,0,119" ten="215,325,225,215" oya="2" hai0="41,54,16,66,102,92,50,104,7,80,128,28,13" hai1="68,86,134,81,71,105,118,132,88,75,87,117,5" hai2="52,53,79,22,12,73,120,56,109,113,100,122,106" hai3="61,67,121,63,1,11,0,85,111,96,82,94,127"/><V59/><F113/><W126/><G111/><T18/><D104/><U70/><E75/><V32/><F32/><W10/><G10/><T129/><D28/><U83/><E105/><V35/><F35/><W101/><G61/><T2/><D66/><U98/><E98/><V84/><F73/><W135/><G135/><N who="1" m="51754" /><E5/><V74/><F74/><W39/><G39/><T51/><D2/><U97/><E97/><V31/><F106/><W123/><G0/><T60/><D80/><U131/><E131/><N who="0" m="50249" /><D7/><U78/><AGARI ba="1,2" hai="68,70,71,78,81,83,86,87,88,117,118" m="51754" machi="78" ten="40,2700,0" yaku="20,1,54,1" doraHai="119" who="1" fromWho="1" sc="215,-8,325,50,225,-14,215,-8" /><INIT seed="3,0,0,5,4,132" ten="207,375,211,207" oya="3" hai0="41,134,4,52,107,127,8,34,43,96,101,54,60" hai1="71,53,72,11,83,97,13,113,99,115,55,42,76" hai2="82,20,19,119,56,58,89,17,2,9,44,102,48" hai3="94,10,126,73,3,51,88,69,33,80,114,79,85"/><W106/><G114/><T47/><D134/><U16/><E71/><V110/><F110/><W123/><G123/><T105/><D34/><U31/><E113/><V36/><F36/><W130/><G33/><T12/><D107/><U120/><E115/><V22/><F102/><W45/><G69/><T63/><D43/><U117/><E120/><V124/><F119/><W91/><G106/><T112/><D112/><U104/><E117/><V129/><F129/><W39/><G130/><T77/><D77/><U38/><E31/><V28/><F28/><W122/><G122/><T32/><D32/><U92/><E104/><V133/><F133/><W24/><G24/><T50/><D127/><U108/><E108/><V35/><F35/><W78/><G39/><T15/><D12/><U6/><E6/><V74/><F124/><W27/><G27/><T30/><D30/><U135/><E135/><V70/><F70/><W64/><G64/><T21/><D21/><U65/><E65/><V46/><F46/><W75/><G91/><T116/><D116/><U25/><E25/><N who="2" m="14479" /><F9/><W128/><G128/><T26/><REACH who="0" step="1"/><D26/><REACH who="0" ten="197,375,211,207" step="2"/><U0/><E13/><N who="2" m="9583" /><F2/><W90/><G3/><T23/><D23/><U67/><E0/><V84/><F74/><W121/><G126/><T93/><D93/><U18/><E72/><N who="3" m="27722" /><G121/><T49/><D49/><U7/><E38/><V103/><F103/><W5/><G10/><T118/><D118/><U109/><E11/><V61/><F61/><AGARI ba="0,1" hai="4,8,15,41,47,50,52,54,60,61,63,96,101,105" machi="61" ten="40,8000,1" yaku="1,1,54,1,53,3" doraHai="132" doraHaiUra="57" who="0" fromWho="2" sc="197,90,375,0,211,-80,207,0" /><INIT seed="4,0,0,3,5,79" ten="287,375,131,207" oya="0" hai0="109,6,4,90,40,18,16,53,26,52,97,83,11" hai1="117,133,84,74,115,122,104,5,56,67,88,116,31" hai2="35,92,99,10,34,95,48,57,0,70,108,23,1" hai3="76,21,69,91,55,68,33,15,38,129,14,78,121"/><T19/><D109/><U24/><E122/><V27/><F70/><W134/><G33/><T114/><D114/><U51/><E74/><V45/><F108/><W102/><G102/><T75/><D40/><U37/><E37/><V29/><F35/><W36/><G21/><T85/><D75/><U98/><E5/><N who="0" m="2153" /><D97/><U127/><E115/><V126/><F10/><W39/><G39/><T54/><D11/><U119/><E127/><V124/><F34/><W125/><G129/><T28/><D28/><U71/><E71/><V100/><F95/><W13/><G134/><T80/><D80/><U9/><E9/><V44/><F44/><W118/><G118/><T66/><D66/><U77/><E133/><V32/><F32/><W128/><G128/><T59/><D26/><U58/><E24/><V20/><F20/><W113/><G13/><T87/><D87/><U135/><E31/><V110/><F110/><W63/><G55/><T72/><D72/><U130/><E130/><V120/><F120/><W49/><G113/><T101/><D101/><N who="1" m="62519" /><E135/><V7/><F7/><W42/><G121/><T12/><D12/><U30/><E30/><V73/><F73/><W107/><G14/><T94/><D94/><N who="1" m="54535" /><E67/><V96/><F96/><W112/><G112/><T60/><AGARI ba="0,0" hai="16,18,19,52,53,54,59,60,83,85,90" m="2153" machi="60" ten="30,11700,0" yaku="8,1,52,1,54,2" doraHai="79" who="0" fromWho="0" sc="287,117,375,-39,131,-39,207,-39" /><INIT seed="4,1,0,2,1,0" ten="404,336,92,168" oya="0" hai0="94,118,88,114,56,89,113,135,131,117,64,87,70" hai1="5,37,102,116,44,130,8,93,66,81,122,63,45" hai2="49,112,121,48,54,95,17,20,30,123,43,133,58" hai3="71,26,12,79,83,25,21,110,33,109,100,10,65"/><T96/><D70/><U34/><E116/><N who="0" m="44649" /><D56/><U72/><E122/><V6/><F112/><N who="0" m="43114" /><D64/><U107/><E93/><V13/><F133/><W32/><G100/><T29/><D29/><U61/><E61/><V67/><F67/><W2/><G2/><T39/><D39/><U108/><E45/><V59/><F30/><W104/><G104/><T14/><D14/><U9/><E9/><V53/><F43/><W84/><G32/><T92/><D131/><U3/><E130/><V115/><F115/><W31/><G71/><T23/><D23/><U124/><E63/><V68/><F68/><W16/><REACH who="3" step="1"/><G65/><REACH who="3" ten="404,336,92,158" step="2"/><T76/><D135/><U1/><E1/><V62/><F62/><W55/><G55/><T7/><D76/><U50/><E3/><V103/><F123/><W35/><G35/><T85/><D96/><U99/><E99/><N who="2" m="59903" /><F121/><W119/><G119/><T18/><D18/><AGARI ba="1,1" hai="10,12,16,18,21,25,26,31,33,79,83,84,109,110" machi="18" ten="30,3900,0" yaku="1,1,7,1,54,1,53,0" doraHai="0" doraHaiUra="106" who="3" fromWho="0" sc="404,-42,336,0,92,0,158,52" /><INIT seed="5,0,0,3,4,15" ten="362,336,92,210" oya="1" hai0="0,35,104,66,4,5,53,26,121,123,41,95,13" hai1="37,129,62,77,67,98,59,49,71,2,111,94,69" hai2="133,125,31,1,3,127,54,93,60,20,105,91,38" hai3="117,64,115,82,122,14,83,108,135,29,11,44,6"/><U130/><E2/><V76/><F105/><W92/><G108/><T124/><D104/><U12/><E77/><V84/><F38/><W99/><G122/><N who="0" m="46603" /><D124/><U24/><E37/><V106/><F106/><W48/><G115/><T112/><D112/><U73/><E73/><V109/><F109/><W34/><G135/><T61/><D41/><U96/><E111/><V36/><F36/><W52/><G64/><T58/><D0/><U9/><E24/><V45/><F133/><W68/><G68/><N who="0" m="42063" /><D95/><U128/><E49/><V55/><F3/><W25/><REACH who="3" step="1"/><G117/><REACH who="3" ten="362,336,92,200" step="2"/><T57/><D35/><U17/><REACH who="1" step="1"/><E98/><REACH who="1" ten="362,326,92,200" step="2"/><V120/><F120/><W8/><G8/><T23/><D26/><U50/><E50/><V90/><F127/><W87/><G87/><T65/><D13/><U80/><E80/><V97/><F125/><W78/><G78/><T56/><D65/><U107/><E107/><V18/><F76/><W39/><G39/><T42/><D42/><U131/><N who="1" m="32768" /><DORA hai="21" /><U16/><E16/><V33/><F1/><W40/><G40/><T70/><D53/><U7/><E7/><V46/><F55/><W101/><AGARI ba="0,2" hai="6,11,14,25,29,34,44,48,52,82,83,92,99,101" machi="101" ten="20,12000,2" yaku="1,1,0,1,7,1,52,1,54,1,53,1" doraHai="15,21" doraHaiUra="32,47" who="3" fromWho="3" sc="362,-30,326,-60,92,-30,200,140" /><INIT seed="6,0,0,0,5,111" ten="332,266,62,340" oya="2" hai0="11,98,85,104,47,61,71,92,82,18,40,133,1" hai1="109,45,83,24,49,59,95,41,48,29,121,16,8" hai2="119,69,2,17,89,123,38,4,67,103,93,102,127" hai3="135,0,86,42,65,117,125,120,22,64,72,124,34"/><V25/><F119/><W134/><G72/><T13/><D1/><U108/><E121/><V37/><F123/><W46/><G120/><T115/><D104/><U26/><E95/><V20/><F127/><N who="3" m="48715" /><G34/><T66/><D133/><N who="3" m="50697" /><G0/><T84/><D115/><U32/><E83/><V100/><F69/><W132/><N who="3" m="50705" /><W99/><DORA hai="96" /><G99/><T105/><D105/><U126/><E126/><V112/><F67/><W33/><G33/><T21/><D82/><U31/><E59/><V14/><F2/><W63/><G63/><T68/><D68/><U70/><E49/><V128/><F128/><W39/><G117/><T23/><D85/><U81/><E70/><V35/><F112/><W6/><G6/><T130/><D130/><U51/><E51/><V43/><F43/><W88/><G22/><T55/><D84/><U131/><E131/><V107/><F107/><W113/><G113/><T106/><D106/><U90/><E90/><V50/><F50/><W10/><G10/><T87/><D87/><U53/><E41/><V7/><F7/><W118/><G118/><T73/><D73/><U129/><E129/><V77/><F77/><W122/><G122/><T75/><D75/><U9/><E9/><V57/><F57/><W76/><G76/><T97/><D97/><U116/><E116/><V56/><F56/><W28/><G28/><T80/><D80/><AGARI ba="0,0" hai="39,42,46,64,65,80,86,88" m="50705,48715" machi="80" ten="40,5200,0" yaku="18,1,20,1,54,1" doraHai="111,96" who="3" fromWho="0" sc="332,-52,266,0,62,0,340,52" /><INIT seed="7,0,0,4,5,23" ten="280,266,62,392" oya="3" hai0="48,10,71,131,33,18,66,68,27,46,85,124,75" hai1="78,119,82,123,58,19,117,102,62,1,43,76,22" hai2="53,60,6,115,29,40,134,133,121,93,35,73,14" hai3="41,81,11,34,21,86,64,59,42,127,111,4,92"/><W15/><G34/><T7/><D75/><U83/><E1/><V25/><F115/><W104/><G104/><T49/><D131/><U103/><E43/><V107/><F121/><W96/><G21/><T91/><D124/><U26/><E123/><V72/><F107/><W122/><G111/><T12/><D66/><U16/><E19/><V118/><F118/><N who="1" m="45065" /><E82/><V135/><F40/><W51/><G127/><T67/><D67/><N who="1" m="39383" /><E78/><V28/><F93/><W31/><G31/><T112/><D112/><U17/><E17/><V108/><F108/><W130/><G130/><T57/><D57/><U47/><E47/><V3/><F3/><W5/><G5/><T39/><D39/><U99/><E99/><V55/><F29/><W13/><G13/><T132/><D132/><U9/><E9/><V30/><F30/><W32/><G32/><T2/><D48/><U24/><E26/><V94/><F94/><W110/><G110/><T56/><D56/><U89/><E89/><V101/><F101/><W69/><G69/><T65/><D65/><U54/><E54/><V97/><F97/><W63/><G51/><T44/><D44/><U84/><AGARI ba="0,0" hai="16,22,24,76,83,84,102,103" m="39383,45065" machi="84" ten="30,4000,0" yaku="12,1,52,1,54,1" doraHai="23" who="1" fromWho="1" sc="280,-10,266,40,62,-10,392,-20" owari="270,-13.0,306,11.0,52,-45.0,372,47.0" /></mjloggm>