<mjloggm ver="2.3"><GO type="169" lobby="0"/><UN n0="%E3%81%A4%E3%81%A3%E3%81%97%E3%83%BC%E3%81%BE" n1="%E3%81%B5%E3%81%96%E3%81%91%E3%82%8B%E3%83%9F%EF%BC%81" n2="%E6%88%91%E7%A0%B4%E9%AD%94" n3="%E6%9C%A8%E6%BC%8F%E3%82%8C%E6%97%A5" dan="16,17,16,17" rate="2061.18,2129.89,2161.94,2248.41" sx="M,M,M,M"/><TAIKYOKU oya="0"/><INIT seed="0,0,0,3,4,76" ten="250,250,250,250" oya="0" hai0="120,79,45,47,130,92,91,84,75,1,110,98,133" hai1="50,3,15,13,36,117,95,73,66,57,114,77,132" hai2="22,11,86,97,10,30,31,134,34,32,56,124,82" hai3="87,48,129,72,111,54,112,4,59,68,69,89,122"/><T33/><D33/><U83/><E117/><V105/><F124/><W116/><G72/><T35/><D35/><U20/><E3/><V19/><F134/><W81/><G116/><T6/><D120/><U16/><E36/><V46/><F34/><W103/><G112/><T71/><D71/><U12/><E132/><V38/><F56/><W108/><G122/><T40/><D133/><U65/><E114/><V18/><F105/><W123/><G123/><T128/><D6/><U43/><E95/><V53/><F97/><W49/><G129/><T64/><D64/><U67/><REACH who="1" step="1"/><E57/><REACH who="1" ten="250,240,250,250" step="2"/><V85/><F38/><W44/><G69/><T102/><D1/><U63/><E63/><V60/><F60/><W8/><G68/><T25/><D130/><U27/><E27/><V74/><F46/><AGARI ba="0,1" hai="12,13,15,16,20,43,46,50,65,66,67,73,77,83" machi="46" ten="40,5200,0" yaku="1,1,52,1,54,1,53,0" doraHai="76" doraHaiUra="121" who="1" fromWho="2" sc="250,0,240,62,250,-52,250,0" /><INIT seed="1,0,0,2,3,132" ten="250,302,198,250" oya="1" hai0="124,122,115,109,35,72,6,50,66,73,126,110,4" hai1="112,52,44,38,99,94,47,119,111,19,96,113,131" hai2="69,105,135,61,87,79,21,130,74,128,7,123,91" hai3="43,62,20,51,33,88,53,86,18,0,102,32,125"/><U97/><E119/><V107/><F123/><W77/><G0/><T70/><D35/><U76/><E131/><V67/><F135/><W13/><G77/><T63/><D115/><U39/><E94/><V49/><F7/><N who="0" m="2602" /><D50/><U121/><E121/><V48/><F21/><W114/><G114/><T45/><D45/><U60/><E76/><V5/><F5/><W41/><G102/><T11/><D11/><U103/><E103/><V117/><F117/><W134/><G134/><T25/><D25/><U92/><E92/><V98/><F79/><W30/><G62/><T46/><D46/><U78/><E78/><V81/><F74/><N who="0" m="28778" /><D122/><U27/><E44/><V129/><REACH who="2" step="1"/><F98/><REACH who="2" ten="250,302,188,250" step="2"/><W75/><G75/><T65/><D65/><U2/><E97/><V104/><AGARI ba="0,1" hai="48,49,61,67,69,81,87,91,104,105,107,128,129,130" machi="104" ten="40,8000,1" yaku="1,1,2,1,0,1,19,1,53,1" doraHai="132" doraHaiUra="84" who="2" fromWho="2" sc="250,-20,302,-40,188,90,250,-20" /><INIT seed="2,0,0,2,2,49" ten="230,262,278,230" oya="2" hai0="134,127,73,8,21,68,11,76,4,87,34,56,70" hai1="116,20,120,24,123,95,64,94,62,80,84,72,93" hai2="33,90,105,81,9,6,118,124,7,51,130,17,1" hai3="57,53,133,113,101,54,125,16,23,45,85,58,27"/><V59/><F118/><W91/><G133/><T38/><D38/><U117/><E72/><V89/><F105/><W28/><G125/><T40/><D73/><U61/><E117/><V74/><F33/><W92/><G113/><T35/><D40/><U5/><E5/><V131/><F124/><W14/><G101/><T103/><D21/><U69/><E62/><V83/><F74/><W25/><G45/><T112/><D56/><N who="3" m="21609" /><G27/><T129/><D87/><U97/><E97/><V111/><F111/><W48/><G48/><T52/><D127/><U29/><REACH who="1" step="1"/><E116/><REACH who="1" ten="230,252,278,230" step="2"/><V75/><F75/><W100/><G100/><T63/><D103/><U19/><E19/><V37/><F17/><W22/><AGARI ba="0,1" hai="14,16,22,23,25,28,53,54,85,91,92" m="21609" machi="22" ten="30,7900,0" yaku="8,1,52,2,54,1" doraHai="49" who="3" fromWho="3" sc="230,-20,252,-20,278,-39,230,89" /><INIT seed="3,0,0,2,3,6" ten="210,232,239,319" oya="3" hai0="38,113,93,123,91,30,24,76,95,36,121,21,114" hai1="125,73,82,15,32,71,48,100,72,85,19,129,39" hai2="13,9,37,3,70,101,50,79,119,47,64,94,0" hai3="112,131,122,44,45,67,117,51,25,92,102,88,75"/><W55/><G112/><T98/><D76/><U41/><E32/><V62/><F37/><W90/><G117/><T16/><D38/><U52/><E71/><V23/><F79/><W8/><G122/><T130/><D36/><U4/><E4/><V97/><F23/><W86/><G75/><T80/><D80/><U46/><E100/><V27/><F27/><W49/><G131/><T78/><D78/><U134/><E125/><V111/><F111/><W81/><G67/><T40/><D40/><U5/><E5/><V60/><F60/><W126/><G102/><T65/><D65/><U12/><E134/><V7/><REACH who="2" step="1"/><F119/><REACH who="2" ten="210,232,229,319" step="2"/><W17/><G25/><T33/><D130/><U10/><E129/><V99/><F99/><N who="3" m="57735" /><G126/><T118/><D118/><U124/><E124/><V105/><F105/><W84/><G84/><T107/><D107/><U1/><E73/><V135/><F135/><W110/><G110/><T128/><D128/><U54/><E72/><V43/><AGARI ba="0,1" hai="0,3,7,9,13,43,47,50,62,64,70,94,97,101" machi="43" ten="20,8000,1" yaku="1,1,0,1,7,1,52,1,53,1" doraHai="6" doraHaiUra="57" who="2" fromWho="2" sc="210,-20,232,-20,229,90,319,-40" /><INIT seed="4,0,0,3,0,85" ten="190,212,319,279" oya="0" hai0="107,81,55,66,28,5,68,64,124,52,60,74,112" hai1="12,94,87,77,53,26,127,23,92,40,133,10,93" hai2="118,128,79,37,21,75,7,135,1,86,2,58,69" hai3="120,39,45,96,14,122,33,59,36,123,22,57,62"/><T113/><D107/><U126/><E133/><V34/><F34/><W115/><G33/><T82/><D5/><U30/><E40/><V49/><F37/><W84/><G115/><N who="0" m="44107" /><D28/><U44/><E44/><V65/><F128/><W17/><G96/><T51/><D74/><U4/><E53/><V88/><F69/><W13/><G84/><T42/><D81/><U78/><REACH who="1" step="1"/><E87/><REACH who="1" ten="190,202,319,279" step="2"/><V111/><F135/><W70/><G45/><N who="0" m="26039" /><D124/><AGARI ba="0,1" hai="4,10,12,23,26,30,77,78,92,93,94,124,126,127" machi="124" ten="40,2600,0" yaku="1,1,18,1,53,0" doraHai="85" doraHaiUra="104" who="1" fromWho="0" sc="190,-26,202,36,319,0,279,0" /><INIT seed="5,0,0,0,0,20" ten="164,238,319,279" oya="1" hai0="85,60,48,11,5,76,78,86,119,109,64,63,71" hai1="36,50,26,54,58,4,8,17,128,113,124,59,13" hai2="53,110,30,62,7,99,120,106,121,70,116,9,80" hai3="3,83,103,31,133,38,132,29,89,123,27,51,33"/><U2/><E36/><V84/><F110/><W39/><G3/><T47/><D109/><U40/><E113/><V1/><F116/><W81/><G103/><T12/><D119/><U72/><E72/><V135/><F135/><N who="3" m="51787" /><G123/><T0/><D0/><U32/><E128/><V34/><F106/><W46/><G31/><T43/><D63/><U18/><E40/><V93/><F30/><W112/><G112/><T102/><D102/><U108/><E108/><V25/><F25/><W97/><G97/><T19/><D19/><U10/><E124/><V87/><F87/><N who="3" m="50415" /><G83/><T44/><D44/><U14/><E32/><V52/><F34/><W114/><G114/><T127/><REACH who="0" step="1"/><D127/><REACH who="0" ten="154,238,319,279" step="2"/><U130/><E130/><V24/><F1/><W117/><G117/><T90/><D90/><U6/><E2/><V66/><F121/><W115/><G115/><T104/><D104/><U28/><E17/><V73/><F120/><W15/><G15/><T129/><D129/><U55/><E18/><V118/><F118/><W21/><G33/><T126/><D126/><U91/><E91/><V23/><F62/><W65/><G65/><T98/><D98/><U74/><E14/><V107/><F99/><W82/><G82/><T69/><D69/><U111/><E13/><V56/><F80/><W100/><G100/><T41/><D41/><AGARI ba="0,1" hai="21,27,29,38,39,41,46,51" m="50415,51787" machi="41" ten="30,2000,0" yaku="20,1,52,1" doraHai="20" who="3" fromWho="0" sc="154,-20,238,0,319,0,279,30" /><INIT seed="6,0,0,2,5,109" ten="134,238,319,309" oya="2" hai0="47,98,115,43,116,113,41,49,89,74,95,27,75" hai1="38,129,92,26,50,39,103,84,93,70,30,131,55" hai2="69,31,29,63,80,11,134,105,96,37,106,21,53" hai3="33,25,82,24,2,108,46,99,97,12,79,100,65"/><V94/><F37/><N who="1" m="13833" /><E70/><V133/><F11/><W19/><G2/><T42/><D116/><U17/><E17/><V135/><F80/><W9/><G108/><T112/><REACH who="0" step="1"/><D27/><REACH who="0" ten="124,238,319,309" step="2"/><U5/><E26/><N who="2" m="16591" /><F134/><W6/><G25/><T23/><D23/><U15/><E131/><V122/><F135/><W0/><G24/><T126/><D126/><U48/><E129/><V35/><F133/><W40/><G33/><T16/><D16/><U85/><E30/><V60/><F31/><W72/><G19/><T119/><D119/><U76/><E5/><V128/><F35/><W117/><G6/><T32/><D32/><U73/><E73/><AGARI ba="0,1" hai="41,42,43,47,49,73,74,75,89,95,98,112,113,115" machi="73" ten="50,8000,1" yaku="1,1,15,1,52,3,53,0" doraHai="109" doraHaiUra="13" who="0" fromWho="1" sc="124,90,238,-80,319,0,309,0" /><INIT seed="7,0,0,0,5,51" ten="214,158,319,309" oya="3" hai0="118,27,134,107,11,108,81,72,102,62,6,48,80" hai1="87,66,19,97,77,31,46,79,64,10,56,90,105" hai2="20,114,111,2,54,93,14,74,15,76,109,135,86" hai3="1,23,119,127,3,78,25,13,12,24,40,132,104"/><W96/><G78/><T115/><D118/><U34/><E34/><V38/><F2/><N who="3" m="523" /><G96/><T49/><D108/><U17/><E31/><V69/><F69/><W9/><G104/><T94/><D107/><U52/><E105/><V28/><F38/><W124/><G40/><T59/><D134/><U7/><E97/><V4/><F74/><W0/><G119/><T101/><D72/><U39/><E39/><V5/><F135/><W121/><G121/><T45/><D27/><N who="3" m="10313" /><G132/><T120/><D115/><U92/><E7/><V42/><F114/><W95/><G95/><T71/><D71/><U35/><E35/><V122/><F42/><W125/><G23/><T99/><D102/><U44/><E79/><V37/><F37/><W103/><G103/><T116/><D116/><U47/><E77/><V117/><F117/><W53/><G53/><T100/><D100/><U8/><E66/><V16/><F122/><W21/><G21/><T67/><D48/><U123/><E64/><V126/><F76/><W65/><G65/><T88/><D101/><U43/><E43/><V36/><F36/><W30/><G30/><T106/><D106/><U50/><E123/><V58/><F28/><W29/><G29/><T131/><D120/><U41/><E41/><V68/><F68/><W61/><G61/><T26/><D26/><U84/><E84/><V113/><F113/><W83/><G83/><T98/><D98/><U112/><E112/><V18/><F109/><W110/><G110/><T63/><D62/><U55/><E55/><V130/><F111/><W57/><G127/><T32/><D67/><RYUUKYOKU ba="0,0" sc="214,-10,158,30,319,-10,309,-10" hai1="8,10,17,19,44,46,47,50,52,56,87,90,92" owari="204,-20.0,188,-31.0,309,41.0,299,10.0" /></mjloggm>