<mjloggm ver="2.3"><GO type="169" lobby="0"/><UN n0="%E3%83%95%E3%82%A9%E3%82%B9%E3%82%BF%E3%83%BC" n1="%E3%81%88%E3%82%8A%E3%82%93%E3%81%BC%50" n2="%77%69%6C%73%6F%6E" n3="%E4%B8%89%E5%86%A0%E7%8E%8B%E3%83%BB%E5%B1%B1%E7%94%B0%E5%93%B2%E4%BA%BA" dan="16,17,16,17" rate="2067.40,2171.31,2153.34,2206.77" sx="M,M,M,M"/><TAIKYOKU oya="0"/><INIT seed="0,0,0,4,4,19" ten="250,250,250,250" oya="0" hai0="80,42,22,51,43,28,115,45,76,92,78,132,58" hai1="27,35,96,18,118,29,8,16,119,48,86,56,83" hai2="116,46,71,108,123,126,121,36,106,33,50,112,63" hai3="135,13,133,1,82,0,54,113,94,31,60,73,110"/><T65/><D115/><U79/><E96/><V5/><RYUUKYOKU type="yao9" ba="0,0" sc="250,0,250,0,250,0,250,0" hai2="5,33,36,46,50,63,71,106,108,112,116,121,123,126" /><INIT seed="0,1,0,2,5,4" ten="250,250,250,250" oya="0" hai0="63,65,32,22,90,130,20,40,38,106,27,132,86" hai1="3,121,2,35,113,68,31,26,45,41,103,59,60" hai2="79,37,129,111,24,46,73,125,109,58,118,100,128" hai3="123,83,36,76,94,104,101,42,82,6,108,95,97"/><T55/><D132/><U74/><E59/><V54/><F118/><W124/><G108/><N who="2" m="41545" /><F125/><W102/><G124/><T47/><D130/><N who="2" m="50282" /><F100/><W131/><G131/><T110/><D110/><U112/><E121/><V48/><F24/><W71/><G123/><T67/><D106/><U25/><E25/><V29/><F29/><W135/><G102/><T89/><D55/><U14/><E14/><V81/><F37/><W52/><G36/><T53/><D32/><U84/><E84/><V92/><F92/><W16/><G95/><T0/><D0/><U72/><E103/><V115/><F115/><N who="1" m="44105" /><E2/><V75/><F75/><W127/><G101/><T51/><D86/><U93/><E45/><AGARI ba="1,0" hai="45,46,48,54,58,73,79,81" m="50282,41545" machi="45" ten="30,2000,0" yaku="14,1,19,1" doraHai="4" who="2" fromWho="1" sc="250,0,250,-23,250,23,250,0" /><INIT seed="1,0,0,5,0,51" ten="250,227,273,250" oya="1" hai0="77,135,70,20,28,98,71,27,50,75,17,122,49" hai1="87,74,130,22,26,108,3,23,15,8,96,40,13" hai2="124,9,5,90,89,117,123,83,45,44,1,63,86" hai3="19,41,2,21,68,42,55,100,52,38,125,72,4"/><U64/><E74/><V39/><F123/><W35/><G68/><T85/><D75/><U11/><E130/><V31/><F117/><W110/><G100/><T81/><D135/><U59/><E108/><V131/><F131/><W80/><G35/><T133/><D133/><U54/><E64/><V127/><F31/><W16/><G110/><T14/><D122/><U24/><E3/><V30/><F30/><W43/><G38/><T32/><D50/><U57/><E40/><V116/><F116/><W78/><G125/><N who="2" m="48201" /><F39/><W67/><G67/><T76/><D77/><U7/><E87/><N who="2" m="50431" /><F63/><W97/><G97/><T105/><D105/><U6/><E96/><V95/><AGARI ba="0,0" hai="1,5,9,44,45,86,90,95" m="50431,48201" machi="95" ten="30,1100,0" yaku="18,1" doraHai="51" who="2" fromWho="2" sc="250,-3,227,-5,273,11,250,-3" /><INIT seed="2,0,0,5,3,91" ten="247,222,284,247" oya="2" hai0="40,131,76,114,113,33,10,108,106,134,23,123,18" hai1="44,54,41,27,53,13,112,0,24,29,59,127,93" hai2="5,66,101,31,126,50,72,56,116,74,98,118,79" hai3="21,99,47,81,89,85,28,25,135,100,26,88,35"/><V92/><F126/><W107/><G135/><T77/><D123/><U82/><E0/><V129/><F129/><W124/><G124/><T115/><D134/><U133/><E127/><V71/><F71/><W49/><G89/><T73/><D131/><U37/><E133/><V67/><F5/><W48/><REACH who="3" step="1"/><G47/><REACH who="3" ten="247,222,284,237" step="2"/><T20/><D114/><U11/><E112/><V6/><F118/><W1/><G1/><T58/><D115/><U15/><E82/><V39/><F116/><W110/><G110/><T90/><D108/><U125/><E125/><V75/><F79/><W34/><G34/><T68/><D77/><U62/><E44/><V52/><F74/><W97/><G97/><T87/><D33/><U78/><E78/><V43/><F72/><W61/><G61/><T9/><D76/><U83/><E83/><V119/><F75/><W80/><G80/><T7/><D73/><U95/><E62/><N who="2" m="36103" /><F119/><W105/><G105/><T128/><D106/><U64/><E59/><V32/><F32/><W111/><G111/><T103/><D58/><U120/><E120/><V70/><F70/><W102/><G102/><T104/><D68/><U109/><E109/><V8/><F101/><W51/><G51/><T63/><D103/><U94/><E37/><V2/><F39/><W22/><G22/><T121/><D104/><U132/><E132/><V19/><F50/><W45/><G45/><T3/><D113/><U55/><E11/><V4/><F8/><W16/><AGARI ba="0,1" hai="16,21,25,26,28,35,48,49,81,85,88,99,100,107" machi="16" ten="20,8000,1" yaku="1,1,0,1,7,1,54,2,53,0" doraHai="91" doraHaiUra="42" who="3" fromWho="3" sc="247,-20,222,-20,284,-40,237,90" /><INIT seed="3,0,0,5,1,111" ten="227,202,244,327" oya="3" hai0="88,69,56,115,30,35,107,72,38,21,25,110,63" hai1="76,116,32,97,11,131,74,105,94,40,114,14,95" hai2="113,34,120,101,59,65,77,62,117,122,52,29,79" hai3="17,130,12,4,39,55,124,67,10,89,45,134,82"/><W8/><G124/><T24/><D110/><U85/><E32/><V19/><F117/><W73/><G130/><T118/><D118/><U108/><E116/><V37/><F37/><W78/><G134/><T23/><D72/><U7/><E108/><V129/><F129/><W112/><G67/><T28/><D107/><U123/><E131/><V53/><F101/><W22/><G112/><T44/><D69/><U0/><E105/><V70/><F113/><W126/><G126/><T47/><D35/><U133/><E133/><V119/><F119/><W99/><G99/><T64/><D115/><U41/><E114/><V15/><F53/><W132/><G132/><T57/><D38/><U106/><E123/><N who="2" m="47147" /><F29/><W58/><G89/><T13/><D13/><U87/><E0/><V84/><F84/><W50/><REACH who="3" step="1"/><G4/><REACH who="3" ten="227,202,244,317" step="2"/><T71/><D88/><U9/><E7/><V16/><F34/><W98/><G98/><T125/><D125/><U68/><E97/><V127/><F127/><W81/><G81/><T102/><D102/><U80/><E80/><V92/><F92/><W31/><G31/><T27/><D30/><U48/><E106/><V46/><F19/><W83/><G83/><T6/><D6/><U104/><E104/><V3/><F79/><W2/><G2/><T91/><D28/><U135/><E135/><V121/><F3/><W66/><G66/><T33/><D33/><U54/><E94/><V86/><F121/><W103/><G103/><T51/><D91/><U1/><E1/><V90/><F90/><W61/><G61/><T75/><D64/><U18/><E95/><RYUUKYOKU ba="0,1" sc="227,-10,202,-10,244,-10,317,30" hai3="8,10,12,17,22,39,45,50,55,58,73,78,82" /><INIT seed="3,1,1,3,5,96" ten="217,192,234,347" oya="3" hai0="74,69,127,131,126,108,42,109,93,68,49,8,29" hai1="26,110,86,63,55,56,95,19,103,11,12,2,28" hai2="18,118,111,124,66,59,37,62,72,4,32,128,76" hai3="31,105,10,21,9,85,27,75,88,121,79,20,89"/><W35/><G121/><T94/><D74/><U57/><E2/><V40/><F118/><W80/><G105/><T38/><D38/><U83/><E110/><N who="0" m="42601" /><D29/><U117/><E117/><V24/><F111/><W133/><G133/><T25/><D25/><U53/><E95/><N who="0" m="36361" /><D8/><U43/><E43/><V54/><F4/><W132/><G132/><T116/><D116/><U98/><E98/><V84/><F72/><W45/><G9/><T101/><D101/><U71/><E71/><N who="0" m="27209" /><D131/><U77/><E103/><V51/><F128/><W78/><G10/><T129/><D129/><U1/><E1/><V122/><F122/><W61/><G75/><T48/><D42/><U119/><E119/><V114/><F114/><W64/><G27/><T14/><D14/><U39/><E39/><V7/><F124/><AGARI ba="1,1" hai="48,49,124,126,127" m="27209,36361,42601" machi="124" ten="40,8000,1" yaku="28,2,18,1,14,1" doraHai="96" who="0" fromWho="2" sc="217,93,192,0,234,-83,347,0" /><INIT seed="4,0,0,1,1,51" ten="310,192,151,347" oya="0" hai0="42,84,108,105,129,36,110,69,35,39,126,54,22" hai1="72,134,102,43,29,7,2,101,118,1,90,124,66" hai2="71,135,9,21,56,119,114,97,81,40,37,50,93" hai3="62,80,104,28,48,79,10,133,3,63,11,27,58"/><T38/><D35/><U64/><E118/><V130/><F71/><W96/><G133/><T103/><D69/><U68/><E134/><V83/><F37/><W112/><G112/><T34/><D34/><U25/><E72/><V5/><F135/><W49/><G63/><T88/><D126/><U53/><E124/><V4/><F114/><W17/><G104/><T26/><D42/><U30/><E43/><V24/><F130/><W94/><G10/><T61/><D129/><U85/><E7/><V60/><F119/><W15/><G3/><T41/><D41/><U109/><E109/><N who="0" m="42089" /><D103/><U65/><E68/><V33/><F33/><W55/><G27/><T46/><D105/><U52/><E25/><V77/><F5/><W107/><G28/><N who="1" m="10858" /><E1/><V12/><F40/><W98/><G107/><T6/><D6/><U82/><E2/><V0/><F0/><W92/><G92/><N who="0" m="54279" /><D38/><U57/><E57/><V120/><F120/><W99/><G94/><T115/><D115/><U89/><E89/><V86/><F83/><W20/><G80/><T95/><D95/><U128/><E128/><V87/><F87/><W59/><G98/><T67/><D46/><U23/><E23/><V44/><F97/><W14/><G99/><T132/><D132/><U78/><E90/><V117/><F93/><W100/><G96/><T32/><D32/><U19/><E19/><N who="2" m="12351" /><F117/><W113/><G113/><T16/><D39/><U125/><E125/><V76/><F76/><W127/><G79/><T111/><D36/><U13/><E13/><V131/><F131/><W123/><G127/><T18/><D111/><RYUUKYOKU ba="0,0" sc="310,-10,192,30,151,-10,347,-10" hai1="52,53,64,65,66,78,82,85,101,102" /><INIT seed="5,1,0,0,4,115" ten="300,222,141,337" oya="1" hai0="20,44,97,103,123,65,85,4,93,12,29,101,42" hai1="31,1,24,21,66,43,129,90,106,84,51,79,11" hai2="86,38,99,81,25,63,134,87,119,3,16,121,39" hai3="112,49,111,5,109,40,91,2,37,98,68,36,70"/><U113/><E113/><V15/><F121/><W64/><G5/><T54/><D123/><U18/><E106/><V47/><F3/><W107/><G2/><T126/><D65/><U14/><E129/><V58/><F134/><W128/><G112/><T105/><D126/><U26/><E1/><V102/><F119/><W62/><G128/><T133/><D54/><U95/><E66/><V104/><F25/><W125/><G68/><T130/><D133/><U73/><E26/><V131/><F131/><W114/><G114/><T10/><D85/><U132/><E132/><V72/><F72/><W59/><G125/><T55/><D55/><U32/><E73/><V108/><F108/><W116/><G36/><T127/><D127/><U71/><E71/><V80/><F86/><W57/><G107/><T7/><D7/><U135/><E135/><V76/><F81/><W17/><G70/><T46/><D105/><U52/><E43/><V67/><REACH who="2" step="1"/><F47/><REACH who="2" ten="300,222,131,337" step="2"/><W82/><G82/><T124/><D46/><U74/><E74/><V77/><F77/><W100/><G111/><T69/><D124/><U45/><REACH who="1" step="1"/><E79/><REACH who="1" ten="300,212,131,337" step="2"/><V19/><F19/><W34/><G17/><T35/><D130/><U9/><AGARI ba="1,2" hai="9,11,14,18,21,24,31,32,45,51,52,84,90,95" machi="9" ten="30,11700,0" yaku="1,1,2,1,0,1,54,1,53,0" doraHai="115" doraHaiUra="92" who="1" fromWho="1" sc="300,-40,212,140,131,-40,337,-40" /><INIT seed="5,2,0,4,1,8" ten="260,352,91,297" oya="1" hai0="115,122,85,81,59,56,27,37,84,70,90,12,114" hai1="64,102,45,89,3,104,94,44,54,34,50,93,0" hai2="65,82,128,133,99,25,121,42,52,83,91,49,17" hai3="10,117,21,116,75,33,35,55,38,14,26,97,98"/><U134/><E34/><N who="3" m="12810" /><G38/><T106/><D70/><U4/><E104/><V110/><F121/><W36/><G36/><T15/><D37/><U92/><E134/><V40/><F110/><W67/><G67/><T109/><D106/><U118/><E118/><N who="3" m="45674" /><G75/><T73/><D73/><U132/><E132/><V19/><F133/><W2/><G55/><T60/><D109/><U120/><E102/><V13/><F128/><W53/><G53/><N who="0" m="33807" /><D27/><U47/><E64/><V103/><F65/><W57/><G57/><T129/><D122/><U16/><E120/><V74/><F25/><W23/><G2/><T80/><D129/><U51/><E4/><V66/><F66/><W105/><G105/><T135/><D135/><U69/><E69/><V68/><F68/><W96/><G26/><T1/><D1/><U30/><E30/><V46/><F19/><AGARI ba="2,0" hai="10,14,19,21,23,96,97,98" m="45674,12810" machi="19" ten="40,2600,0" yaku="12,1,52,1" doraHai="8" who="3" fromWho="2" sc="260,0,352,0,91,-32,297,32" /><INIT seed="6,0,0,0,1,64" ten="260,352,59,329" oya="2" hai0="96,72,54,51,102,85,98,132,108,90,118,120,97" hai1="48,60,4,62,124,34,92,70,101,44,110,20,13" hai2="75,87,77,12,93,26,128,16,23,9,14,81,52" hai3="45,78,104,43,130,76,73,28,83,84,74,114,53"/><V2/><F128/><W66/><G104/><T107/><D120/><U27/><E34/><V106/><F106/><W115/><G130/><T88/><D108/><U112/><E110/><V19/><F2/><W7/><G28/><T123/><D123/><U133/><E70/><V63/><F93/><W3/><G53/><T1/><D1/><U61/><E124/><V8/><F75/><W67/><G67/><T80/><D132/><U68/><E133/><V126/><F126/><W116/><G116/><T36/><D36/><U121/><E121/><V35/><F35/><W82/><G84/><T86/><D118/><U134/><E112/><V24/><F23/><W91/><G91/><T33/><D33/><U55/><E55/><V131/><REACH who="2" step="1"/><F131/><REACH who="2" ten="260,352,49,329" step="2"/><W39/><G114/><T6/><D72/><U69/><E92/><V79/><F79/><W31/><G115/><T10/><D107/><U17/><E134/><V50/><F50/><W125/><G125/><T0/><D102/><U47/><E101/><V29/><F29/><W94/><G31/><T99/><D99/><U38/><E48/><V56/><AGARI ba="0,1" hai="8,9,12,14,16,19,24,26,52,56,63,77,81,87" machi="56" ten="30,18000,2" yaku="1,1,0,1,9,1,8,1,54,2,53,0" doraHai="64" doraHaiUra="111" who="2" fromWho="2" sc="260,-60,352,-60,49,190,329,-60" /><INIT seed="6,1,0,0,3,3" ten="200,292,239,269" oya="2" hai0="114,112,134,89,2,7,39,54,15,66,58,41,60" hai1="73,67,94,33,32,86,19,65,81,109,26,38,74" hai2="127,105,104,117,28,129,10,115,1,13,122,123,103" hai3="34,71,102,23,20,29,18,68,79,51,27,100,75"/><V98/><F117/><W49/><G34/><T70/><D2/><U14/><E38/><V31/><F115/><N who="0" m="44074" /><D134/><U132/><E132/><V78/><F127/><W40/><G75/><T80/><D41/><U87/><E94/><V97/><F129/><W118/><G118/><T53/><D39/><U57/><E57/><V83/><F1/><W50/><G40/><T133/><D133/><U22/><E109/><V96/><F28/><W113/><G113/><T77/><D89/><U92/><E92/><V110/><F31/><W120/><G120/><N who="2" m="46121" /><F13/><W11/><G79/><T101/><D101/><U91/><E74/><N who="2" m="43479" /><F10/><W72/><G72/><N who="0" m="43047" /><D70/><U76/><E73/><V52/><F52/><W119/><G119/><T125/><D125/><U12/><E32/><V85/><F110/><W106/><G71/><T93/><D93/><N who="1" m="54519" /><E33/><V25/><F25/><W47/><G27/><T130/><D130/><U36/><E36/><V55/><F55/><W61/><G68/><T64/><D54/><U90/><E76/><V8/><F8/><AGARI ba="1,0" hai="7,8,15,53,58,60,64,66" m="43047,44074" machi="8" ten="30,2000,0" yaku="15,1,52,1" doraHai="3" who="0" fromWho="2" sc="200,23,292,0,239,-23,269,0" /><INIT seed="7,0,0,5,1,5" ten="223,292,216,269" oya="3" hai0="108,94,57,69,132,4,125,123,104,128,20,88,60" hai1="8,48,116,122,38,7,134,112,0,12,106,52,17" hai2="53,75,113,22,26,121,100,50,1,103,36,18,39" hai3="105,25,73,127,44,70,23,81,90,58,65,126,27"/><W46/><G70/><T11/><D123/><U97/><E122/><V49/><F121/><W76/><G105/><T3/><D108/><U119/><E38/><V115/><F75/><W120/><G120/><T72/><D72/><U92/><E106/><V80/><F1/><W47/><G65/><T56/><D125/><U29/><E29/><V118/><F118/><N who="1" m="45097" /><E134/><V109/><F109/><W101/><G101/><N who="2" m="38985" /><F80/><W129/><G129/><T35/><D35/><U89/><E112/><N who="2" m="43083" /><F49/><W32/><G32/><T41/><D128/><U85/><E97/><V10/><F10/><W77/><G73/><T2/><D132/><U95/><E95/><V42/><F42/><W59/><G126/><T61/><D41/><U124/><E124/><V63/><F63/><W78/><G127/><T114/><D61/><U30/><E30/><V96/><F96/><W16/><G27/><T107/><D114/><U45/><E0/><V133/><F133/><W84/><AGARI ba="0,0" hai="16,23,25,44,46,47,58,59,76,77,78,81,84,90" machi="84" ten="40,7800,0" yaku="0,1,8,1,54,1" doraHai="5" who="3" fromWho="3" sc="223,-26,292,-26,216,-26,269,78" owari="197,-20.0,266,7.0,190,-31.0,347,44.0" /></mjloggm>