<mjloggm ver="2.3"><GO type="169" lobby="0"/><UN n0="%31%38%30%E6%97%A5%E5%AF%BE%E6%88%A6%E3%81%9B%E3%81%9A" n1="%64%75%72%72%72%72%72" n2="%E7%AB%8B%E7%9B%B4%E5%BE%8C%E5%8D%B3%E6%94%BE%E9%8A%83" n3="%E3%83%91%E3%83%88%E3%82%AB%E3%83%BC%E7%87%83%E3%82%84%E3%81%99" dan="17,18,16,17" rate="2107.81,2278.81,2098.83,2240.33" sx="M,M,F,F"/><TAIKYOKU oya="0"/><INIT seed="0,0,0,3,0,105" ten="250,250,250,250" oya="0" hai0="88,46,51,115,113,64,31,107,68,27,33,131,59" hai1="72,99,83,15,94,114,25,54,8,13,49,79,129" hai2="92,117,19,66,76,12,2,77,63,44,35,43,96" hai3="71,134,24,110,36,6,108,98,89,4,81,18,45"/><T97/><D131/><U40/><E129/><V50/><F117/><W56/><G71/><T78/><D59/><U47/><E114/><V118/><F118/><W80/><G134/><T65/><D78/><U21/><E40/><V41/><F41/><W95/><G36/><T82/><D65/><U60/><E8/><V73/><F73/><W11/><G45/><T135/><D135/><U100/><REACH who="1" step="1"/><E60/><REACH who="1" ten="250,240,250,250" step="2"/><V14/><F63/><W30/><G110/><T34/><D115/><U55/><E55/><V1/><F43/><W10/><G108/><T128/><D128/><U26/><E26/><V111/><F66/><W22/><G30/><AGARI ba="0,1" hai="13,15,21,25,30,47,49,54,72,79,83,94,99,100" machi="30" ten="30,3900,0" yaku="1,1,7,1,52,1,53,0" doraHai="105" doraHaiUra="101" who="1" fromWho="3" sc="250,0,240,49,250,0,250,-39" /><INIT seed="1,0,0,4,5,85" ten="250,289,250,211" oya="1" hai0="126,0,128,53,124,116,104,25,72,17,14,40,57" hai1="119,43,70,98,111,86,62,81,2,102,71,52,106" hai2="32,94,47,68,92,76,82,26,69,90,121,99,129" hai3="78,18,105,77,58,108,30,117,60,110,48,27,66"/><U75/><E119/><V51/><F129/><W107/><G117/><T73/><D116/><U131/><E2/><V12/><F121/><W113/><G113/><T23/><D128/><U114/><E131/><V8/><F92/><W28/><G18/><T63/><D0/><U3/><E3/><V101/><F26/><W127/><G127/><T19/><D104/><U109/><E43/><V39/><F32/><W31/><G27/><T7/><D7/><U9/><E9/><V65/><F65/><W50/><G107/><T37/><D37/><U103/><E75/><V46/><F46/><W59/><G105/><T115/><D40/><U42/><E103/><V100/><F39/><W21/><G21/><T29/><D19/><U16/><E16/><V20/><F20/><W132/><G132/><T79/><D79/><N who="3" m="30217" /><G58/><T44/><D44/><U88/><E42/><V6/><F69/><W45/><G45/><T54/><D115/><U64/><E114/><V55/><REACH who="2" step="1"/><F68/><REACH who="2" ten="250,289,240,211" step="2"/><W11/><G11/><T134/><D23/><U15/><E71/><V22/><F22/><W97/><G110/><N who="1" m="41994" /><E52/><V93/><F93/><W10/><G108/><T112/><D112/><U91/><E15/><V80/><F80/><W33/><G10/><N who="0" m="6359" /><D54/><U122/><E122/><V5/><F5/><W56/><G31/><T96/><D29/><U24/><E24/><V130/><F130/><W118/><G30/><T36/><D25/><U83/><E83/><V135/><F135/><W4/><G28/><T61/><D134/><U95/><E81/><V67/><F67/><W84/><G4/><T35/><D53/><RYUUKYOKU ba="0,1" sc="250,-15,289,15,240,15,211,-15" hai1="62,64,70,86,88,91,95,98,102,106" hai2="6,8,12,47,51,55,76,82,90,94,99,100,101" /><INIT seed="1,1,1,0,1,64" ten="235,304,255,196" oya="1" hai0="67,70,68,61,8,125,74,97,93,6,23,105,40" hai1="65,112,120,69,90,33,45,108,26,82,86,114,94" hai2="117,124,32,102,49,134,22,79,55,77,12,48,28" hai3="98,131,132,20,36,78,50,11,96,5,51,19,109"/><U14/><E120/><V73/><F117/><W31/><G36/><T18/><D125/><U81/><E108/><V15/><F32/><W58/><G131/><T83/><D40/><U24/><E45/><V39/><F39/><W43/><G132/><T128/><D105/><U85/><E94/><V118/><F118/><W29/><G78/><T9/><D128/><U115/><E14/><V25/><F124/><W101/><G96/><T91/><D6/><U1/><E1/><V89/><F134/><W100/><G100/><T104/><D104/><U106/><E106/><V60/><F89/><W119/><G109/><T122/><D122/><U35/><E65/><V53/><F102/><W129/><G50/><T66/><D74/><U127/><E127/><V21/><F60/><W59/><G59/><T135/><D83/><U30/><E69/><V38/><F38/><W2/><G129/><T0/><D0/><U63/><E63/><V75/><F25/><W41/><G41/><T72/><D72/><U99/><E99/><V92/><F92/><W62/><G43/><T46/><D46/><U56/><E56/><V103/><F103/><W37/><G51/><T107/><D107/><U116/><E116/><V52/><F55/><N who="3" m="34143" /><G37/><T7/><D135/><U57/><E57/><V16/><REACH who="2" step="1"/><F16/><REACH who="2" ten="235,304,245,196" step="2"/><W54/><G54/><T47/><D61/><U126/><E126/><V133/><F133/><W88/><G101/><T130/><D93/><U4/><E24/><V10/><F10/><W71/><G119/><T17/><D9/><U110/><E26/><V80/><F80/><W44/><G11/><RYUUKYOKU ba="1,2" sc="235,-10,304,-10,245,30,196,-10" hai2="12,15,21,22,28,48,49,52,53,73,75,77,79" /><INIT seed="2,2,2,5,5,70" ten="225,294,275,186" oya="2" hai0="121,22,42,39,127,9,60,97,93,38,108,128,76" hai1="132,54,8,36,58,26,41,71,75,88,33,19,31" hai2="6,112,105,7,91,131,114,89,106,123,78,61,57" hai3="95,45,104,28,0,72,92,27,98,79,48,122,80"/><V25/><F123/><W4/><G122/><T34/><D121/><U117/><E117/><V102/><F131/><W64/><G64/><T73/><D34/><U47/><E71/><V35/><F78/><W17/><G17/><T37/><D60/><U52/><E75/><V2/><F112/><W90/><G0/><T30/><D128/><U82/><E132/><V113/><F114/><W94/><G4/><T14/><D127/><U51/><E54/><V85/><F113/><W133/><G133/><T135/><D108/><U18/><REACH who="1" step="1"/><E8/><REACH who="1" ten="225,284,275,186" step="2"/><V107/><F107/><W120/><G120/><T1/><D135/><U126/><E126/><V67/><F106/><W32/><G104/><T11/><D11/><U119/><E119/><V55/><F105/><W63/><G63/><T81/><D1/><U115/><E115/><V129/><F2/><W16/><G16/><T3/><D3/><U77/><E77/><V49/><F55/><AGARI ba="2,3" hai="27,28,32,45,48,55,72,79,80,90,92,94,95,98" machi="55" ten="30,1000,0" yaku="7,1" doraHai="70" who="3" fromWho="2" sc="225,0,284,0,275,-16,186,46" /><INIT seed="3,0,0,2,1,71" ten="225,284,259,232" oya="3" hai0="29,46,72,95,53,99,133,48,70,15,134,111,108" hai1="41,26,18,76,4,10,100,51,107,94,2,131,106" hai2="103,27,119,42,62,47,117,13,64,58,22,79,52" hai3="16,31,56,39,12,30,114,121,74,113,20,0,93"/><W37/><G121/><T98/><D29/><U104/><E76/><V132/><F132/><W28/><G74/><T65/><D72/><U67/><E67/><V90/><F79/><W92/><G0/><T127/><D127/><U82/><E82/><V54/><F103/><W33/><G33/><T84/><D84/><U43/><E131/><V97/><F117/><W68/><G68/><T120/><D120/><U3/><E3/><V36/><F13/><W40/><G56/><T125/><D125/><U122/><E122/><V60/><F60/><W1/><G1/><T63/><D15/><U87/><E51/><V101/><F90/><W7/><G7/><T6/><D6/><U115/><E115/><V128/><F128/><W25/><G12/><T130/><D99/><U45/><E45/><V49/><F49/><W109/><G109/><T73/><D73/><U8/><E8/><V129/><F129/><W44/><REACH who="3" step="1"/><G39/><REACH who="3" ten="225,284,259,222" step="2"/><T34/><D34/><U96/><E2/><V135/><F135/><N who="0" m="51722" /><D130/><U89/><E4/><V69/><F69/><W80/><G80/><T83/><D83/><U14/><E26/><V91/><F119/><W32/><G32/><T38/><D38/><U17/><E14/><V50/><F36/><W24/><G24/><T77/><D77/><U123/><E123/><V116/><F116/><W66/><G66/><T75/><D75/><U88/><E10/><V57/><F57/><W118/><G118/><T81/><D81/><N who="1" m="49263" /><E89/><AGARI ba="0,1" hai="46,48,53,63,65,70,89,95,98,108,111" m="51722" machi="89" ten="30,1000,0" yaku="20,1" doraHai="71" who="0" fromWho="1" sc="225,20,284,-10,259,0,222,0" /><INIT seed="4,0,0,4,0,62" ten="245,274,259,222" oya="0" hai0="54,95,131,59,63,89,83,48,75,106,71,104,31" hai1="2,39,133,61,67,53,56,108,7,121,105,76,35" hai2="82,29,97,125,73,4,11,23,91,21,103,124,33" hai3="100,8,112,40,26,130,87,74,81,18,119,13,65"/><T92/><D131/><U86/><E108/><V6/><F33/><W70/><G119/><T3/><D3/><U96/><E121/><V79/><F91/><W24/><G74/><T19/><D31/><U64/><E35/><V55/><F55/><W101/><G112/><T126/><D126/><N who="2" m="48746" /><F29/><W32/><G40/><T69/><D19/><U115/><E39/><V60/><F60/><W41/><G41/><T52/><D95/><U66/><E133/><V25/><F25/><W77/><G130/><T36/><D36/><U118/><E118/><V109/><F109/><W14/><G26/><T57/><D106/><U5/><E2/><N who="2" m="407" /><F6/><N who="1" m="2057" /><E105/><AGARI ba="0,0" hai="21,23,73,79,82,97,103,105" m="407,48746" machi="105" ten="30,1000,0" yaku="18,1" doraHai="62" who="2" fromWho="1" sc="245,0,274,-10,259,10,222,0" /><INIT seed="5,0,0,3,1,62" ten="245,264,269,222" oya="1" hai0="99,119,58,76,71,23,17,91,135,28,97,88,43" hai1="113,93,22,37,47,34,40,64,94,128,100,33,16" hai2="126,78,32,81,29,114,6,131,69,118,8,104,42" hai3="20,75,80,45,73,26,124,82,38,87,61,31,25"/><U39/><E39/><V44/><F118/><W0/><G0/><T56/><D71/><U115/><E128/><V127/><F131/><W60/><G124/><T105/><D135/><U1/><E1/><N who="2" m="79" /><F69/><W68/><G75/><T9/><D76/><U36/><E36/><N who="2" m="21575" /><F104/><W21/><G73/><T121/><D119/><U4/><E4/><V86/><F114/><N who="1" m="43529" /><E64/><V14/><F14/><W112/><G112/><T46/><D121/><U55/><E55/><V89/><F29/><W111/><G111/><T53/><D28/><U116/><E116/><V122/><F32/><N who="1" m="12393" /><E100/><V65/><F65/><W57/><G68/><T130/><D53/><U98/><E98/><V129/><F129/><W74/><G38/><T120/><D99/><U106/><E106/><V66/><F66/><W5/><G5/><T83/><D105/><U96/><E96/><V54/><F54/><W72/><G45/><T19/><D46/><U110/><E110/><V117/><F122/><W79/><G57/><T41/><D130/><U18/><E18/><V107/><F107/><W7/><G7/><T84/><D120/><U48/><E37/><V49/><F117/><W109/><G109/><T52/><D58/><U35/><N who="1" m="12401" /><U134/><DORA hai="63" /><E134/><V10/><F126/><W27/><G31/><T77/><D56/><U85/><E85/><V103/><F86/><W70/><G70/><T30/><D97/><U51/><E51/><V11/><F49/><W123/><G74/><T101/><D30/><U12/><AGARI ba="0,0" hai="12,16,22,40,47,48,93,94" m="12401,43529" machi="12" ten="50,4800,0" yaku="15,1,54,1" doraHai="62,63" who="1" fromWho="1" sc="245,-16,264,48,269,-16,222,-16" /><INIT seed="5,1,0,3,1,118" ten="229,312,253,206" oya="1" hai0="16,42,130,119,28,22,95,71,35,124,79,88,72" hai1="0,17,77,61,18,3,32,15,39,101,43,64,128" hai2="87,11,57,4,2,6,62,84,10,48,65,60,19" hai3="102,116,14,106,99,67,5,125,21,38,113,122,74"/><U45/><E32/><V58/><F48/><W129/><G74/><T132/><D119/><U120/><E120/><V135/><F19/><W78/><G78/><T134/><D71/><U108/><E128/><V63/><F135/><W1/><G116/><T112/><D130/><U92/><E108/><V98/><F98/><W107/><G129/><T9/><D9/><U37/><E37/><V80/><F80/><W7/><G1/><T111/><D111/><U55/><E55/><V110/><F110/><W73/><G73/><T86/><D42/><U25/><E77/><V54/><REACH who="2" step="1"/><F63/><REACH who="2" ten="229,312,243,206" step="2"/><W40/><G99/><T133/><D133/><U81/><E18/><V96/><F96/><W47/><G38/><T70/><D134/><U117/><E81/><V59/><F59/><W36/><G36/><T31/><D16/><U66/><E17/><V49/><F49/><W53/><G5/><T34/><D132/><U26/><E61/><V121/><F121/><W52/><G7/><T29/><D29/><U51/><E39/><V93/><F93/><W23/><G106/><T85/><D31/><U46/><E51/><V131/><F131/><W75/><G107/><T50/><D50/><N who="1" m="26943" /><E92/><V56/><F56/><W90/><G47/><T76/><D95/><U104/><E46/><V127/><F127/><W69/><G125/><T109/><D124/><U105/><E117/><V83/><F83/><W13/><G40/><T82/><D109/><U24/><E105/><V100/><F100/><W30/><G102/><T123/><D123/><U27/><E104/><V89/><F89/><W103/><G122/><RYUUKYOKU ba="1,1" sc="229,-10,312,-10,243,30,206,-10" hai2="2,4,6,10,11,54,57,58,60,62,65,84,87" /><INIT seed="6,2,1,1,2,60" ten="219,302,273,196" oya="2" hai0="58,83,112,116,88,132,102,38,72,22,61,121,29" hai1="123,106,42,21,54,12,127,135,70,39,109,10,98" hai2="1,8,107,118,131,125,84,114,117,41,67,13,134" hai3="9,103,33,77,95,65,3,57,32,46,20,53,17"/><V5/><F107/><W129/><G129/><T50/><D121/><U34/><E21/><V7/><F41/><W119/><G119/><N who="2" m="45577" /><F67/><W80/><G46/><T68/><D38/><U4/><E54/><V59/><F84/><W122/><G122/><T81/><D102/><U19/><E98/><V45/><F59/><W25/><G3/><T73/><D29/><U124/><E70/><V94/><F45/><W105/><G105/><T82/><D22/><U11/><E42/><V74/><F94/><W76/><G9/><T97/><D116/><U37/><E106/><V89/><F89/><W51/><G77/><T27/><D27/><U71/><E71/><V86/><F125/><W69/><G103/><T100/><D100/><U44/><E44/><V111/><F131/><W128/><G95/><N who="0" m="56551" /><D50/><U2/><E123/><V6/><F1/><W66/><G128/><T43/><D43/><U23/><E39/><V110/><F110/><W91/><G91/><T96/><D96/><U90/><E109/><V108/><F108/><W92/><G92/><T87/><D87/><U99/><E37/><V63/><F63/><W101/><G101/><T49/><D49/><U85/><E85/><V0/><F0/><W75/><REACH who="3" step="1"/><G69/><REACH who="3" ten="219,302,273,186" step="2"/><T31/><D68/><U126/><E90/><V56/><F111/><W93/><G93/><T14/><D83/><U35/><E99/><V26/><F8/><W62/><G62/><T28/><D82/><U104/><E104/><V120/><F120/><W24/><G24/><T47/><D81/><U133/><E11/><N who="2" m="4351" /><F26/><W130/><G130/><T55/><D61/><RYUUKYOKU ba="2,2" sc="219,-15,302,15,273,-15,186,15" hai1="2,4,10,12,19,23,34,35,124,126,127,133,135" hai3="17,20,25,32,33,51,53,57,65,66,75,76,80" /><INIT seed="7,3,2,0,3,52" ten="204,317,258,201" oya="3" hai0="122,22,24,79,87,40,58,72,62,34,123,27,109" hai1="63,3,33,81,46,26,4,127,96,29,11,126,7" hai2="49,67,59,82,107,60,103,132,64,135,110,78,31" hai3="95,102,128,20,80,120,13,16,104,115,133,124,129"/><W119/><G119/><T21/><D109/><U83/><E7/><V88/><F110/><W39/><G120/><T50/><D72/><U71/><E46/><V41/><F31/><W134/><G104/><T12/><D34/><U121/><E121/><V89/><F67/><W32/><G115/><T36/><D36/><U114/><E114/><V65/><F65/><W15/><G32/><T70/><D70/><U90/><E63/><V6/><F6/><W111/><G111/><T54/><D12/><U5/><E5/><V42/><F103/><W61/><G39/><T53/><D40/><N who="2" m="15466" /><F49/><W69/><G80/><N who="0" m="47519" /><D123/><U100/><E90/><V73/><F107/><W0/><G0/><T9/><D9/><U14/><E71/><V19/><F19/><N who="3" m="10351" /><G69/><T99/><D122/><U97/><E97/><V28/><F28/><W23/><G61/><T98/><D27/><U125/><E3/><V45/><F45/><W25/><G124/><T51/><D62/><U94/><AGARI ba="3,2" hai="4,11,14,26,29,33,81,83,94,96,100,125,126,127" machi="94" ten="30,2000,0" yaku="0,1,18,1" doraHai="52" who="1" fromWho="1" sc="204,-8,317,49,258,-8,201,-13" owari="196,-20.0,366,46.0,250,5.0,188,-31.0" /></mjloggm>