<mjloggm ver="2.3"><GO type="169" lobby="0"/><UN n0="%E7%99%BD%E9%AB%AA%E9%AC%BC" n1="%E8%91%B5%E3%81%A1%E3%82%83%E3%82%93" n2="%E5%AE%89%E8%89%AF%E5%B2%A1%E8%8A%B1%E7%81%AB" n3="%E6%97%A9%E5%A4%A7%E3%83%80%E3%83%A1%E4%BF%AE%E5%A3%AB" dan="16,16,16,16" rate="2153.86,2131.95,2110.99,2182.95" sx="M,F,M,M"/><TAIKYOKU oya="0"/><INIT seed="0,0,0,4,2,117" ten="250,250,250,250" oya="0" hai0="60,21,39,52,99,134,130,22,109,54,69,96,124" hai1="118,49,26,33,63,34,57,62,104,82,91,112,120" hai2="18,43,98,41,65,74,131,11,7,71,44,97,95" hai3="121,106,5,77,64,40,84,132,81,103,10,20,66"/><T31/><D39/><U114/><E118/><V56/><F74/><W113/><G113/><N who="1" m="43626" /><E104/><V108/><F108/><W17/><G132/><T89/><D134/><U58/><E49/><V80/><F71/><W23/><G23/><T73/><D73/><U24/><E91/><V6/><F131/><W115/><G115/><T70/><D109/><U53/><E82/><V110/><F80/><W68/><G68/><T75/><D75/><U83/><E83/><V59/><F98/><W119/><G103/><T25/><D130/><U30/><E120/><V3/><F41/><W67/><G40/><T1/><D124/><U79/><E79/><V19/><F7/><W94/><G106/><T126/><D126/><U102/><E102/><V13/><F3/><W0/><G119/><T42/><D42/><U88/><E88/><N who="2" m="55527" /><F110/><W28/><G94/><T37/><D89/><U45/><E45/><V32/><F32/><N who="1" m="12393" /><E30/><V128/><F128/><W72/><G28/><T48/><D31/><U35/><N who="1" m="12401" /><U2/><DORA hai="8" /><E2/><V12/><F65/><AGARI ba="0,0" hai="24,26,53,57,58,62,63,65" m="12401,43626" machi="65" ten="40,1300,0" yaku="11,1" doraHai="117,8" who="1" fromWho="2" sc="250,0,250,13,250,-13,250,0" /><INIT seed="1,0,0,1,1,33" ten="250,263,237,250" oya="1" hai0="77,90,32,125,3,105,122,85,29,49,1,53,89" hai1="86,44,54,114,116,128,132,31,41,68,84,103,101" hai2="18,7,82,92,108,42,9,47,58,61,79,110,62" hai3="20,97,73,76,113,67,25,23,10,81,37,35,80"/><U11/><E116/><V63/><F18/><W2/><G113/><T19/><D105/><U8/><E114/><V123/><F123/><W94/><G67/><T130/><D122/><U6/><E68/><V104/><F104/><W17/><G81/><T59/><D125/><U100/><E128/><V28/><F28/><W131/><G131/><T102/><D102/><U134/><E54/><V43/><F92/><W30/><G37/><T126/><D126/><U133/><E31/><V129/><F129/><W118/><G118/><T64/><D130/><U65/><E65/><V57/><F110/><W98/><G23/><T60/><D77/><U93/><E93/><V91/><F91/><W70/><G70/><T115/><D90/><U120/><E120/><V127/><F127/><W22/><G20/><T87/><D19/><U69/><E69/><V0/><F108/><W5/><REACH who="3" step="1"/><G94/><REACH who="3" ten="250,263,237,240" step="2"/><T72/><D115/><U121/><E121/><V46/><F82/><W26/><AGARI ba="0,1" hai="2,5,10,17,22,25,26,30,35,73,76,80,97,98" machi="26" ten="20,12000,2" yaku="1,1,2,1,0,1,7,1,52,1,53,1" doraHai="33" doraHaiUra="12" who="3" fromWho="3" sc="250,-30,263,-60,237,-30,240,130" /><INIT seed="2,0,0,0,3,39" ten="220,203,207,370" oya="2" hai0="33,20,59,119,45,89,131,46,97,42,120,25,130" hai1="75,103,82,35,113,114,60,100,15,87,117,13,91" hai2="79,32,16,111,65,76,40,9,55,67,5,88,73" hai3="126,49,108,124,127,134,7,41,21,102,44,94,24"/><V109/><F32/><W104/><G108/><N who="2" m="41545" /><F55/><W3/><G134/><T53/><D33/><U43/><E117/><V106/><F106/><W8/><G104/><T6/><D119/><U18/><E35/><V99/><F5/><W50/><G102/><T1/><D120/><U83/><E60/><V17/><F40/><W101/><G101/><T105/><D6/><U98/><E75/><V123/><F123/><W70/><G70/><T26/><D1/><U95/><E103/><V4/><F67/><W27/><G94/><N who="0" m="56527" /><D105/><U132/><E132/><V68/><F65/><W122/><G122/><T12/><D12/><U129/><E15/><N who="2" m="5543" /><F68/><W118/><G118/><T128/><D20/><U47/><E129/><V93/><F73/><W74/><G74/><T57/><D45/><U61/><E61/><V56/><F56/><N who="0" m="21578" /><D53/><U52/><E52/><V51/><F51/><AGARI ba="0,0" hai="25,26,42,46,51,128,130,131" m="21578,56527" machi="51" ten="30,2000,0" yaku="19,1,52,1" doraHai="39" who="0" fromWho="2" sc="220,20,203,0,207,-20,370,0" /><INIT seed="3,0,0,2,0,52" ten="240,203,187,370" oya="3" hai0="15,19,1,87,86,51,85,111,41,127,48,29,12" hai1="56,126,98,119,104,92,107,20,63,21,25,66,27" hai2="4,95,61,91,109,103,5,75,96,46,113,14,9" hai3="39,99,133,22,105,2,16,24,62,73,0,115,93"/><W123/><G115/><T74/><D74/><U122/><E126/><V129/><F113/><W28/><G123/><T58/><D1/><U31/><E122/><V79/><F109/><W49/><G39/><T88/><D111/><U100/><REACH who="1" step="1"/><E119/><REACH who="1" ten="240,193,187,370" step="2"/><V67/><F129/><W11/><G133/><T60/><D127/><U118/><E118/><V69/><F46/><W37/><G0/><T64/><D29/><AGARI ba="0,1" hai="20,21,25,27,29,31,56,63,66,92,98,100,104,107" machi="29" ten="30,12000,2" yaku="1,1,7,1,9,1,25,2,52,1,53,0" doraHai="52" doraHaiUra="120" who="1" fromWho="0" sc="240,-120,193,130,187,0,370,0" /><INIT seed="4,0,0,5,2,105" ten="120,323,187,370" oya="0" hai0="130,81,11,104,69,100,36,73,74,135,10,41,99" hai1="47,53,30,90,98,40,91,55,58,101,102,109,0" hai2="120,87,108,38,29,7,128,54,64,84,24,77,25" hai3="124,13,68,83,106,121,76,5,88,125,6,115,107"/><T19/><D69/><U61/><E109/><V31/><F120/><W127/><G68/><T42/><D130/><U134/><E0/><V16/><F108/><W82/><G115/><T122/><D122/><U78/><E134/><V118/><F64/><W23/><G121/><T56/><D135/><U1/><E1/><V80/><F118/><W62/><G62/><T20/><D81/><U45/><E30/><V114/><F114/><W94/><G23/><T86/><D86/><U39/><E102/><V117/><F117/><W133/><G133/><T119/><D119/><U43/><E55/><V27/><F38/><W97/><G82/><T9/><D56/><U3/><E3/><V95/><F7/><N who="3" m="2571" /><G13/><T129/><D129/><U111/><E78/><V92/><F54/><W37/><G37/><T72/><REACH who="0" step="1"/><D36/><REACH who="0" ten="110,323,187,370" step="2"/><U65/><E111/><V60/><F128/><W103/><G83/><T110/><D110/><U96/><E39/><V28/><F87/><W93/><G125/><T131/><D131/><U49/><E58/><V59/><F59/><W57/><G57/><T48/><D48/><U12/><E49/><V123/><F123/><W46/><G124/><T17/><D17/><U22/><E61/><V50/><F50/><W34/><G127/><T14/><AGARI ba="0,1" hai="9,10,11,14,19,20,41,42,72,73,74,99,100,104" machi="14" ten="40,18000,2" yaku="1,1,0,1,52,3,53,1" doraHai="105" doraHaiUra="15" who="0" fromWho="0" sc="110,190,323,-60,187,-60,370,-60" /><INIT seed="4,1,0,4,2,19" ten="300,263,127,310" oya="0" hai0="74,81,133,0,75,52,67,12,54,80,131,101,42" hai1="45,3,124,63,105,24,26,118,100,106,47,13,86" hai2="128,38,78,16,69,87,94,115,125,66,107,85,61" hai3="21,102,73,7,62,22,33,90,114,35,56,29,15"/><T132/><D0/><U104/><E118/><V30/><F107/><W126/><G73/><T68/><D42/><U60/><E3/><V44/><F115/><W77/><G77/><T91/><D101/><U72/><E100/><V31/><F125/><W34/><G114/><T88/><D67/><U116/><E116/><V2/><F128/><W119/><G119/><T113/><D113/><U11/><E72/><V51/><F38/><W134/><G126/><T109/><D12/><U120/><E86/><V53/><F2/><W5/><G102/><T37/><D37/><U10/><E13/><V32/><F32/><W111/><G111/><T98/><D98/><U127/><REACH who="1" step="1"/><E104/><REACH who="1" ten="300,253,127,310" step="2"/><V95/><F87/><W112/><G112/><T89/><D109/><U99/><E99/><V41/><F85/><W82/><G15/><T79/><D131/><U130/><E130/><V14/><F78/><W97/><G97/><T65/><D75/><U46/><E46/><V49/><F95/><W84/><G84/><T135/><D80/><U1/><E1/><V4/><F94/><W108/><G82/><T71/><D71/><U28/><E28/><V20/><REACH who="2" step="1"/><F4/><REACH who="2" ten="300,253,117,310" step="2"/><W117/><G5/><T70/><D70/><U9/><E9/><V83/><F83/><W17/><G7/><T25/><D68/><U58/><E58/><AGARI ba="1,2" hai="14,16,20,30,31,41,44,49,51,53,58,61,66,69" machi="58" ten="30,8000,1" yaku="1,1,7,1,52,1,54,1,53,1" doraHai="19" doraHaiUra="55" who="2" fromWho="1" sc="300,0,253,-83,117,103,310,0" /><INIT seed="5,0,0,1,1,116" ten="300,170,220,310" oya="1" hai0="73,65,94,100,79,111,47,92,64,70,99,81,127" hai1="96,120,6,11,91,68,89,61,14,16,30,57,128" hai2="117,49,124,19,131,51,33,21,41,121,98,67,45" hai3="26,101,134,20,7,50,4,113,74,59,119,39,122"/><U69/><E128/><V82/><F117/><W29/><G39/><T72/><D111/><U132/><E132/><V56/><F33/><W86/><G74/><T63/><D127/><U95/><E120/><V129/><F124/><W3/><G3/><T135/><D135/><U87/><E30/><V83/><F98/><W126/><G122/><T52/><D65/><U15/><E15/><V23/><F23/><W109/><G109/><T32/><D32/><U44/><E44/><V97/><F97/><W66/><G113/><T27/><D27/><U43/><E43/><V48/><F121/><W36/><G36/><T77/><D92/><U88/><E6/><V0/><F0/><W46/><G119/><T105/><D94/><U42/><E42/><V104/><F104/><W12/><G101/><T112/><D112/><U60/><E60/><N who="2" m="38279" /><F45/><W78/><G12/><T62/><D62/><U123/><E123/><V85/><F41/><N who="3" m="24911" /><G126/><T55/><REACH who="0" step="1"/><D47/><REACH who="0" ten="290,170,220,310" step="2"/><U35/><E35/><V28/><F131/><W22/><G134/><T110/><D110/><U90/><REACH who="1" step="1"/><E96/><REACH who="1" ten="290,160,220,310" step="2"/><V71/><F129/><W76/><G29/><T18/><D18/><U8/><E8/><V17/><F28/><W53/><G4/><T84/><D84/><U93/><E93/><V24/><F85/><W25/><G7/><T106/><D106/><U130/><E130/><V38/><F17/><W1/><G86/><T2/><D2/><U80/><E80/><AGARI ba="0,2" hai="52,55,63,64,70,72,73,77,79,80,81,99,100,105" machi="80" ten="40,5200,0" yaku="1,1,9,1,54,1,53,0" doraHai="116" doraHaiUra="108" who="0" fromWho="1" sc="290,72,160,-52,220,0,310,0" /><INIT seed="6,0,0,2,4,71" ten="362,108,220,310" oya="2" hai0="110,79,74,63,25,67,109,81,40,31,60,75,94" hai1="9,125,33,59,42,11,58,84,47,122,52,29,39" hai2="62,54,44,66,86,83,21,3,133,98,85,26,37" hai3="70,103,4,12,90,99,56,95,64,36,105,106,87"/><V6/><F133/><W108/><G108/><T73/><D94/><U20/><E33/><V117/><F117/><W0/><G70/><T22/><D40/><U68/><E68/><V107/><F3/><W112/><G0/><T8/><D8/><U130/><E130/><V38/><F6/><W46/><G112/><T127/><D127/><U57/><E125/><V19/><F54/><W116/><G116/><T91/><D91/><U41/><E122/><V55/><F55/><W128/><G128/><T14/><D14/><U15/><E42/><V13/><F26/><W2/><G2/><T118/><D118/><U78/><E29/><V121/><F44/><W50/><G36/><T114/><D114/><U129/><E129/><V101/><F86/><W23/><G64/><T28/><D28/><U43/><E43/><V89/><REACH who="2" step="1"/><F121/><REACH who="2" ten="362,108,210,310" step="2"/><W113/><G46/><T30/><D74/><U5/><E52/><V115/><F115/><W48/><G113/><T34/><D75/><U82/><REACH who="1" step="1"/><E5/><REACH who="1" ten="362,98,210,310" step="2"/><V80/><F80/><W76/><G4/><T92/><D81/><U88/><E88/><V65/><F65/><W96/><G90/><T17/><D67/><U77/><E77/><V102/><F102/><W104/><G76/><T24/><D79/><U7/><E7/><V49/><F49/><W123/><G48/><T131/><D131/><U18/><AGARI ba="0,2" hai="9,11,15,18,20,39,41,47,57,58,59,78,82,84" machi="18" ten="30,4000,0" yaku="1,1,0,1,52,1,53,0" doraHai="71" doraHaiUra="93" who="1" fromWho="1" sc="362,-10,98,60,210,-20,310,-10" /><INIT seed="7,0,0,0,5,2" ten="352,158,190,300" oya="3" hai0="76,63,89,42,133,9,117,4,27,8,10,11,78" hai1="66,31,47,82,50,65,38,35,32,86,16,90,71" hai2="14,51,33,45,132,84,131,134,105,129,29,5,68" hai3="119,121,56,28,26,57,55,69,122,108,93,110,85"/><W40/><G69/><T39/><D117/><U83/><E38/><V94/><F105/><W118/><G85/><T126/><D126/><U87/><E31/><V91/><F68/><W106/><G106/><T41/><D133/><N who="2" m="51306" /><F14/><W61/><G93/><T19/><D39/><U6/><E6/><V128/><F5/><W99/><G99/><T130/><D130/><U58/><E71/><V20/><F20/><W34/><G40/><T96/><D63/><U17/><E35/><V21/><F21/><W1/><G56/><T59/><D59/><U43/><E32/><V80/><F29/><W127/><G1/><T22/><D89/><U37/><E37/><V81/><F33/><W67/><G67/><T3/><D96/><U113/><E113/><V36/><F36/><W79/><G79/><T72/><D72/><U109/><E109/><N who="3" m="42090" /><G127/><T120/><D120/><AGARI ba="0,0" hai="26,28,34,55,57,61,118,119,120,121,122" m="42090" machi="120" ten="30,1500,0" yaku="10,1" doraHai="2" who="3" fromWho="0" sc="352,-15,158,0,190,0,300,15" /><INIT seed="7,1,0,5,0,130" ten="337,158,190,315" oya="3" hai0="68,128,20,129,76,73,41,23,45,118,39,102,72" hai1="52,49,60,6,132,85,92,63,28,120,32,29,80" hai2="101,34,31,86,59,88,115,83,123,109,67,99,114" hai3="5,42,11,62,40,87,97,84,100,134,91,27,89"/><W53/><G134/><T78/><D68/><U55/><E120/><V21/><F109/><W1/><G27/><T18/><D102/><U4/><E132/><V50/><F123/><W126/><G126/><T66/><D66/><U71/><E92/><N who="2" m="58599" /><F34/><W64/><G53/><T74/><D118/><U110/><E110/><V122/><F50/><W7/><G7/><N who="1" m="2602" /><E32/><V13/><F13/><W96/><G87/><T104/><D104/><U48/><E71/><V57/><F122/><W116/><G116/><T54/><D54/><N who="1" m="20523" /><E49/><V12/><F12/><W24/><G24/><N who="0" m="14359" /><D23/><U61/><E48/><V9/><F9/><W95/><G91/><T16/><D16/><U119/><E119/><V58/><F67/><W56/><REACH who="3" step="1"/><G97/><REACH who="3" ten="337,158,190,305" step="2"/><T15/><D15/><U0/><E0/><V107/><F115/><W19/><G19/><T46/><D46/><U22/><E22/><V131/><F114/><W3/><G3/><T17/><D17/><U37/><E37/><V44/><F21/><W108/><G108/><T36/><D36/><U124/><E124/><V8/><F31/><W98/><G98/><T14/><D14/><U77/><AGARI ba="1,1" hai="28,29,60,61,63,77,80,85" m="20523,2602" machi="77" ten="30,2000,0" yaku="8,1,54,1" doraHai="130" who="1" fromWho="1" sc="337,-6,158,33,190,-6,305,-11" owari="331,44.0,191,-21.0,184,-32.0,294,9.0" /></mjloggm>