<mjloggm ver="2.3"><GO type="169" lobby="0"/><UN n0="%E3%81%BD%E3%82%93%E3%81%A7%E3%82%89%E3%81%84%E3%81%8A%E3%82%93" n1="%E3%81%84%E3%81%84%E3%81%9E" n2="%E5%A4%A7%E6%A5%A0%E5%85%AC" n3="%E6%9C%A8%E6%BC%8F%E3%82%8C%E6%97%A5" dan="18,16,16,17" rate="2214.02,2124.67,2159.00,2242.69" sx="M,M,M,M"/><TAIKYOKU oya="0"/><INIT seed="0,0,0,4,5,47" ten="250,250,250,250" oya="0" hai0="53,125,102,104,32,108,122,71,75,89,127,67,86" hai1="35,61,76,15,119,110,132,66,115,25,29,20,22" hai2="121,28,48,23,79,1,98,91,116,133,63,88,111" hai3="77,83,17,65,31,80,135,6,73,94,120,100,42"/><T130/><D122/><U93/><E119/><V56/><F1/><W5/><G120/><T123/><D123/><U33/><E110/><V124/><F121/><W103/><G135/><T82/><D32/><U117/><E132/><V9/><F133/><W24/><G17/><T44/><D108/><U3/><E117/><V96/><F116/><W40/><G65/><T72/><D67/><U51/><E3/><V64/><F111/><W81/><G73/><T38/><D71/><U2/><E2/><V13/><F79/><W10/><G77/><T16/><D130/><U59/><E76/><V55/><F124/><N who="0" m="47690" /><D38/><U49/><E115/><V14/><F28/><W0/><G6/><T78/><D78/><U54/><E35/><V57/><F23/><W45/><G42/><T30/><D30/><U43/><E43/><V41/><F41/><W52/><G40/><T21/><D102/><U105/><E105/><V34/><F34/><W62/><G103/><T8/><D104/><U68/><E93/><V74/><F74/><W109/><G109/><T131/><D131/><U4/><E68/><V60/><F60/><W95/><G100/><T36/><D36/><U39/><E39/><V7/><F14/><W129/><G129/><T101/><D101/><U19/><E33/><V126/><F126/><W107/><G107/><T112/><D112/><U11/><E66/><V128/><F128/><W118/><G118/><T70/><D70/><U18/><E4/><V69/><F69/><W85/><G62/><T92/><D75/><U87/><E87/><V37/><F37/><W50/><G85/><RYUUKYOKU ba="0,0" sc="250,-30,250,10,250,10,250,10" hai1="11,15,18,19,20,22,25,29,49,51,54,59,61" hai2="7,9,13,48,55,56,57,63,64,88,91,96,98" hai3="0,5,10,24,31,45,50,52,80,81,83,94,95" /><INIT seed="1,1,0,0,0,78" ten="220,260,260,260" oya="1" hai0="64,32,111,17,75,39,95,54,80,52,91,38,109" hai1="67,84,124,68,76,119,24,4,7,55,115,5,56" hai2="92,28,9,79,15,135,87,77,88,126,0,70,90" hai3="59,43,16,62,94,118,127,18,97,116,36,21,13"/><U40/><E119/><N who="3" m="45610" /><G127/><T41/><D32/><U129/><E124/><V102/><F126/><W103/><G18/><T100/><D64/><U1/><E115/><V26/><F135/><W30/><G30/><T47/><D39/><U23/><E129/><V108/><F0/><W35/><G35/><T128/><D128/><U131/><E131/><V8/><F70/><W37/><G43/><T71/><D71/><U34/><E34/><V65/><F65/><AGARI ba="1,0" hai="13,16,21,36,37,59,62,65,94,97,103" m="45610" machi="65" ten="30,2000,0" yaku="12,1,54,1" doraHai="78" who="3" fromWho="2" sc="220,0,260,0,260,-23,260,23" /><INIT seed="2,0,0,4,4,96" ten="220,260,237,283" oya="2" hai0="107,75,46,16,29,97,61,22,126,42,119,19,11" hai1="89,40,1,115,2,36,133,130,30,41,69,91,99" hai2="92,98,87,74,103,18,116,4,70,66,71,57,64" hai3="122,79,73,56,38,34,134,14,47,31,10,109,35"/><V8/><F74/><W106/><G122/><T3/><D126/><U20/><E115/><V76/><F116/><W127/><G127/><T78/><D119/><U9/><E69/><V24/><F71/><W62/><G106/><T82/><D61/><U86/><E133/><V113/><F70/><W51/><G38/><N who="0" m="21847" /><D29/><U117/><E36/><V121/><F113/><W100/><G109/><T90/><D22/><U104/><E104/><V111/><F121/><W95/><G31/><T13/><D13/><U112/><E112/><V63/><F111/><W131/><G131/><T43/><D43/><U124/><E124/><V54/><F76/><W7/><G79/><T52/><D52/><U102/><E20/><V39/><F39/><W5/><G73/><T55/><D55/><U123/><E30/><V128/><F128/><W28/><G28/><T101/><D90/><U88/><E130/><V72/><F72/><W84/><G35/><T12/><D12/><U125/><E125/><V108/><F108/><W135/><G34/><T105/><D105/><U25/><E117/><V80/><F18/><W65/><G7/><AGARI ba="0,0" hai="3,7,11,16,19,75,78,82,97,101,107" m="21847" machi="7" ten="30,3900,0" yaku="25,1,52,1,54,1" doraHai="96" who="0" fromWho="3" sc="220,39,260,0,237,0,283,-39" /><INIT seed="3,0,0,5,5,28" ten="259,260,237,244" oya="3" hai0="78,14,113,103,129,73,121,10,51,59,128,92,52" hai1="49,87,125,21,85,111,110,56,27,62,107,13,127" hai2="108,44,104,63,34,12,48,98,135,93,36,79,75" hai3="4,88,133,86,114,19,18,120,54,16,17,65,42"/><W5/><G114/><T0/><D121/><U31/><E107/><V89/><F108/><N who="1" m="41513" /><E49/><V90/><F135/><W1/><G120/><T43/><D0/><U106/><E106/><V81/><F36/><W117/><G117/><T80/><D113/><U57/><E57/><V20/><F63/><W126/><G133/><T8/><D43/><U124/><E13/><V25/><F104/><W115/><G115/><T132/><D132/><U118/><E118/><V58/><F58/><W53/><G126/><T69/><D69/><U45/><E45/><V11/><F89/><W116/><G116/><T26/><D26/><U95/><E95/><V9/><F12/><W68/><G42/><T33/><D33/><U70/><E70/><V130/><F34/><W60/><N who="3" m="4864" /><DORA hai="40" /><W30/><G30/><T101/><D8/><U72/><E72/><V7/><F7/><W46/><G1/><T50/><D50/><U76/><E76/><V112/><F112/><W94/><REACH who="3" step="1"/><G46/><REACH who="3" ten="259,260,237,234" step="2"/><T71/><D128/><U41/><E41/><V35/><F130/><W55/><AGARI ba="0,1" hai="4,5,53,54,55,60,65,68,86,88,94" m="4864" machi="55" ten="50,12000,1" yaku="1,1,2,1,0,1,54,2,53,0" doraHai="28,40" doraHaiUra="24,37" who="3" fromWho="3" sc="259,-40,260,-40,237,-40,234,130" /><INIT seed="3,1,0,3,3,52" ten="219,220,197,364" oya="3" hai0="56,120,111,89,8,76,90,25,80,42,58,122,133" hai1="7,100,5,123,12,18,45,117,53,70,27,60,6" hai2="124,16,96,103,72,113,40,55,66,37,115,19,44" hai3="77,47,132,35,3,135,128,41,104,97,134,85,51"/><W110/><G3/><T11/><D111/><U50/><E123/><V21/><F124/><W68/><G35/><T15/><D42/><U24/><E117/><V127/><F127/><W105/><G68/><T38/><D38/><U64/><REACH who="1" step="1"/><E100/><REACH who="1" ten="219,210,197,364" step="2"/><V116/><F116/><W108/><G128/><T32/><D122/><U91/><E91/><V78/><F113/><W46/><G110/><T131/><D120/><U22/><AGARI ba="1,1" hai="5,6,7,12,18,22,24,27,45,50,53,60,64,70" machi="22" ten="30,2000,0" yaku="1,1,0,1,53,0" doraHai="52" doraHaiUra="69" who="1" fromWho="1" sc="219,-6,210,33,197,-6,364,-11" /><INIT seed="4,0,0,4,2,18" ten="213,243,191,353" oya="0" hai0="7,99,71,70,65,36,101,120,114,4,48,47,64" hai1="42,117,54,108,35,81,56,62,96,125,20,134,72" hai2="76,55,102,122,74,22,26,51,44,80,104,13,123" hai3="119,9,57,133,93,107,103,25,23,58,32,66,73"/><T24/><D120/><U37/><E35/><V6/><F104/><W112/><G73/><T52/><D114/><U43/><E117/><V49/><F102/><W21/><G107/><T19/><D36/><U14/><E108/><V130/><F130/><W11/><G32/><T77/><D77/><U40/><E134/><V29/><F6/><N who="0" m="2090" /><D71/><U83/><E37/><V113/><F113/><W131/><G119/><T63/><D70/><U98/><E125/><V97/><F97/><N who="1" m="37481" /><E72/><V128/><F128/><W17/><G133/><T79/><D79/><U135/><E135/><V8/><F8/><N who="3" m="3147" /><G131/><T3/><D63/><U110/><E110/><V115/><F13/><N who="3" m="9391" /><G112/><T10/><D3/><U88/><E88/><V68/><F115/><W15/><G15/><N who="0" m="7671" /><D24/><U61/><E61/><V75/><F75/><W116/><G116/><T84/><D84/><U69/><E69/><V33/><F33/><W82/><G25/><T0/><D0/><U38/><E38/><V34/><F34/><W121/><G121/><T106/><D106/><U28/><E14/><V124/><F68/><W67/><G103/><T94/><AGARI ba="0,0" hai="47,48,52,64,65,94,99,101" m="7671,2090" machi="94" ten="30,3000,0" yaku="8,1,54,1" doraHai="18" who="0" fromWho="0" sc="213,30,243,-10,191,-10,353,-10" /><INIT seed="4,1,0,1,4,19" ten="243,233,181,343" oya="0" hai0="83,68,129,94,45,6,61,33,134,67,8,123,62" hai1="47,104,41,114,115,85,105,5,11,53,32,133,82" hai2="51,58,73,21,66,81,103,106,64,36,35,131,27" hai3="17,100,42,119,30,38,20,26,40,93,12,48,95"/><T90/><D123/><U113/><E32/><V7/><F36/><W101/><G38/><T60/><D129/><U3/><E53/><V50/><F35/><W87/><G119/><T132/><D33/><U4/><E4/><V14/><F131/><W120/><G120/><T126/><D45/><U122/><E122/><V124/><F124/><W37/><G37/><T43/><D43/><N who="3" m="16425" /><G48/><T99/><D126/><U29/><E29/><V23/><F106/><W22/><G87/><T72/><D72/><U102/><E102/><AGARI ba="1,0" hai="12,17,20,22,26,30,93,95,100,101,102" m="16425" machi="102" ten="30,3900,0" yaku="8,1,52,2" doraHai="19" who="3" fromWho="1" sc="243,0,233,-42,181,0,343,42" /><INIT seed="5,0,0,0,0,52" ten="243,191,181,385" oya="1" hai0="1,60,126,47,23,41,77,86,28,79,121,44,61" hai1="15,118,72,11,0,16,53,113,68,71,42,46,62" hai2="135,129,82,24,45,85,18,38,115,40,69,84,78" hai3="114,75,3,50,29,49,96,132,4,97,127,81,22"/><U56/><E118/><V111/><F111/><W58/><G114/><T106/><D106/><U65/><E113/><V123/><F123/><W10/><G127/><T54/><D1/><U17/><E72/><V112/><F69/><W20/><G132/><T66/><D23/><U91/><E0/><V98/><F135/><W14/><G3/><T93/><D28/><U125/><E125/><V26/><F129/><W128/><G128/><T51/><D93/><U7/><E91/><V35/><F98/><W99/><G75/><T107/><D86/><U2/><E17/><V116/><F116/><W57/><G81/><T76/><D107/><U131/><E65/><V21/><REACH who="2" step="1"/><F84/><REACH who="2" ten="243,191,171,385" step="2"/><W130/><G130/><T101/><D121/><U124/><E131/><V39/><F39/><W30/><G99/><T73/><D73/><U103/><E124/><V70/><F70/><W31/><G97/><T5/><D126/><U100/><E71/><V59/><F59/><N who="3" m="22539" /><G96/><T102/><D101/><U134/><E68/><V104/><F104/><W92/><G92/><T25/><D102/><U67/><E134/><V80/><F80/><W120/><G120/><T74/><D74/><U83/><E83/><V105/><F105/><W27/><G27/><T34/><D76/><U109/><E109/><V88/><F88/><W32/><G32/><T87/><D77/><U119/><E119/><V90/><F90/><W8/><G8/><T37/><D79/><U48/><E67/><V64/><F64/><W95/><G95/><T55/><D66/><U108/><E108/><V6/><F6/><W133/><G133/><RYUUKYOKU ba="0,1" sc="243,-30,191,10,171,10,385,10" hai1="2,7,11,15,16,42,46,48,53,56,62,100,103" hai2="18,21,24,26,35,38,40,45,78,82,85,112,115" hai3="4,10,14,20,22,29,30,31,49,50" /><INIT seed="5,1,1,5,1,112" ten="213,201,181,395" oya="1" hai0="32,3,64,28,5,110,79,26,53,13,22,85,76" hai1="61,81,88,9,2,120,89,108,52,36,92,123,4" hai2="134,56,18,20,14,15,115,131,91,51,127,114,109" hai3="130,24,34,86,72,54,42,107,23,128,124,39,27"/><U41/><E108/><V25/><F109/><W62/><G72/><T45/><D110/><U111/><E111/><V40/><F127/><W12/><G107/><T10/><D64/><U117/><E117/><V59/><F134/><W133/><G42/><T49/><REACH who="0" step="1"/><D85/><REACH who="0" ten="203,201,181,395" step="2"/><U82/><E123/><V87/><F115/><W50/><G86/><T80/><D80/><U77/><E120/><V125/><F114/><W97/><G133/><T57/><D57/><N who="2" m="22090" /><F125/><W66/><G124/><T101/><D101/><U7/><E82/><N who="2" m="49655" /><F131/><W19/><G130/><T35/><D35/><U11/><E81/><V113/><F113/><W68/><G128/><T122/><D122/><U73/><E73/><V78/><F78/><W55/><G34/><T103/><D103/><U38/><E77/><V95/><F95/><W74/><G74/><T83/><D83/><U132/><E92/><V58/><F58/><W67/><G67/><T116/><D116/><U1/><E132/><V21/><F21/><W33/><G33/><T47/><D47/><AGARI ba="1,2" hai="14,15,18,20,25,40,47,51" m="49655,22090" machi="47" ten="30,1000,0" yaku="8,1" doraHai="112" who="2" fromWho="0" sc="203,-13,201,0,181,33,395,0" /><INIT seed="6,0,0,0,2,17" ten="190,201,214,395" oya="2" hai0="76,116,12,0,22,63,66,5,71,6,78,124,122" hai1="68,131,40,73,54,41,58,113,112,114,132,99,20" hai2="18,72,24,126,102,129,10,82,83,32,96,84,108" hai3="15,110,16,52,117,127,59,123,14,120,3,13,89"/><V65/><F129/><W56/><G3/><T2/><D122/><U135/><E73/><V111/><F126/><W1/><G1/><T61/><D124/><U43/><E99/><V70/><F72/><W38/><G38/><T7/><D116/><U107/><E107/><V44/><F44/><W42/><G42/><T19/><D78/><U11/><E11/><V95/><F70/><W39/><G39/><T128/><D128/><U36/><E131/><V69/><F69/><W91/><G110/><N who="2" m="42025" /><F65/><W100/><G117/><T106/><D106/><U45/><E20/><N who="2" m="13335" /><F32/><W109/><G127/><T53/><REACH who="0" step="1"/><D76/><REACH who="0" ten="180,201,214,395" step="2"/><U80/><E68/><V28/><F28/><W86/><G109/><T49/><D49/><N who="1" m="31055" /><E80/><V103/><F83/><W21/><G123/><T37/><D37/><U27/><E27/><V90/><F10/><W119/><G120/><T62/><D62/><U85/><E85/><V98/><F98/><W55/><G119/><T81/><D81/><U50/><E36/><V79/><AGARI ba="0,1" hai="79,82,84,90,95,96,102,103" m="13335,42025" machi="79" ten="30,3000,0" yaku="10,1,52,1" doraHai="17" who="2" fromWho="2" sc="180,-10,201,-10,214,40,395,-10" /><INIT seed="6,1,0,2,3,11" ten="170,191,254,385" oya="2" hai0="70,13,112,118,42,61,38,134,105,10,101,58,120" hai1="98,123,104,73,6,62,22,49,40,115,75,67,78" hai2="12,43,83,25,15,85,41,127,57,119,128,107,65" hai3="124,17,71,81,7,52,84,64,2,26,80,68,96"/><V111/><F119/><W48/><G124/><T18/><D120/><U113/><E123/><V133/><F107/><W79/><G64/><T135/><D118/><U86/><E6/><V47/><F127/><W53/><G53/><T20/><D70/><U28/><E86/><V0/><F0/><W44/><G7/><T100/><D112/><N who="1" m="43083" /><E78/><V122/><F122/><W114/><G2/><T102/><D105/><U54/><E40/><V125/><F125/><W50/><G50/><T51/><D38/><U55/><E22/><V106/><F106/><W94/><G81/><T109/><D109/><U21/><E21/><V91/><F111/><W35/><G114/><T3/><D3/><U108/><E28/><V88/><F133/><N who="0" m="50698" /><D42/><N who="2" m="15882" /><F128/><W77/><G77/><T56/><D51/><U63/><E55/><V126/><F126/><W110/><G110/><T130/><D130/><U99/><E108/><V32/><F32/><W66/><G35/><T131/><D131/><U39/><E39/><V82/><F25/><W132/><G132/><T4/><D61/><N who="1" m="23051" /><E67/><V46/><F57/><N who="0" m="22122" /><D4/><U9/><E104/><V90/><F65/><W36/><G66/><T30/><D30/><U19/><E49/><V116/><F116/><W95/><G36/><T87/><D87/><U24/><E54/><V59/><F59/><W1/><G71/><T45/><D45/><N who="2" m="16906" /><F83/><W93/><G68/><T34/><D34/><U129/><E129/><V5/><F5/><W92/><G1/><T72/><D72/><N who="1" m="27723" /><E24/><V117/><F117/><W103/><G26/><T37/><D37/><U8/><E19/><AGARI ba="1,0" hai="17,19,44,48,52,79,80,84,92,93,94,95,96,103" machi="19" ten="40,2600,0" yaku="8,1,54,1" doraHai="11" who="3" fromWho="1" sc="170,0,191,-29,254,0,385,29" /><INIT seed="7,0,0,0,2,22" ten="170,162,254,414" oya="3" hai0="19,50,128,34,1,32,54,130,91,73,110,17,8" hai1="108,11,116,70,93,64,52,109,78,9,77,80,39" hai2="48,26,29,13,125,113,56,28,36,117,6,51,126" hai3="66,2,101,58,21,55,100,84,102,90,131,112,98"/><W85/><G85/><T76/><D110/><U115/><E39/><V89/><F36/><W79/><G90/><T0/><D91/><U74/><E77/><V97/><F29/><W95/><G21/><T86/><D73/><U121/><E121/><V68/><F68/><W62/><G55/><T124/><D124/><U38/><E38/><V42/><F42/><W104/><G58/><T15/><D86/><U135/><E115/><V122/><F56/><W87/><G62/><T37/><D76/><U105/><E105/><V25/><F28/><W30/><G30/><T49/><D37/><U10/><E135/><V45/><F89/><W118/><G79/><T69/><D69/><U82/><E82/><V111/><F97/><W57/><G98/><T20/><D50/><U88/><E52/><V65/><F65/><W12/><G66/><T59/><D0/><U103/><E103/><V43/><F51/><W134/><G102/><T35/><D1/><U16/><E116/><V99/><F48/><W119/><G119/><T114/><D114/><U23/><E64/><V3/><F3/><W107/><G112/><T120/><D120/><U106/><E70/><V83/><F111/><W18/><G118/><T123/><D123/><U47/><E47/><V75/><F45/><W61/><G107/><T5/><D20/><U14/><REACH who="1" step="1"/><E106/><REACH who="1" ten="170,152,254,414" step="2"/><V27/><F122/><W33/><G104/><T7/><D7/><U41/><E41/><V71/><F6/><W132/><G101/><T24/><D5/><U60/><E60/><V4/><F117/><W31/><G61/><T127/><D127/><RYUUKYOKU ba="0,1" sc="170,15,152,15,254,-15,414,-15" hai0="8,15,17,19,24,32,34,35,49,54,59,128,130" hai1="9,10,11,14,16,23,74,78,80,88,93,108,109" owari="185,-21.0,167,-33.0,239,4.0,409,50.0" /></mjloggm>