<mjloggm ver="2.3"><GO type="169" lobby="0"/><UN n0="%E4%B8%89%E5%86%A0%E7%8E%8B%E3%83%BB%E5%B1%B1%E7%94%B0%E5%93%B2%E4%BA%BA" n1="%E3%81%A9%E3%83%BC%E3%82%82%E5%83%95%E3%81%A7%E3%81%99" n2="%6F%75%74%E7%A5%AD%E3%82%8A" n3="%E3%83%81%E3%83%83%E3%83%97%E3%82%B3%E3%83%AC%E3%82%AF%E3%82%BF%E3%83%BC" dan="17,17,17,16" rate="2212.88,2208.75,2190.02,2151.67" sx="M,F,M,M"/><TAIKYOKU oya="0"/><INIT seed="0,0,0,4,3,108" ten="250,250,250,250" oya="0" hai0="16,80,46,100,115,39,132,103,79,72,135,90,74" hai1="52,54,131,49,37,56,70,69,101,98,51,94,48" hai2="129,26,118,71,36,119,24,84,45,102,13,8,31" hai3="28,106,23,93,44,0,111,27,75,67,104,124,43"/><T32/><D32/><U109/><E37/><V60/><F102/><N who="0" m="38954" /><D46/><U53/><E109/><V88/><F129/><W96/><G111/><T7/><D7/><U50/><E131/><V64/><F36/><W21/><G124/><T38/><D38/><U121/><E121/><V78/><F78/><W15/><G0/><T57/><D57/><U47/><REACH who="1" step="1"/><E51/><REACH who="1" ten="250,240,250,250" step="2"/><V4/><F119/><W42/><G106/><T66/><D39/><U97/><E97/><V117/><F117/><W91/><G104/><T127/><D127/><U30/><E30/><V55/><F118/><W41/><G28/><T63/><D135/><U130/><E130/><V25/><F31/><W123/><G123/><T6/><D132/><U85/><E85/><V68/><F68/><W87/><G87/><T86/><D86/><U89/><E89/><V2/><F2/><W113/><G91/><T116/><D90/><U5/><E5/><V134/><F134/><W11/><G96/><T133/><D6/><U110/><E110/><V58/><F84/><W33/><G75/><T17/><D133/><U40/><E40/><V114/><F88/><W12/><G43/><T73/><D116/><U3/><E3/><V112/><REACH who="2" step="1"/><F45/><AGARI ba="0,1" hai="45,47,48,49,50,52,53,54,56,69,70,94,98,101" machi="45" ten="30,7700,0" yaku="1,1,7,1,9,1,54,1,53,0" doraHai="108" doraHaiUra="29" who="1" fromWho="2" sc="250,0,240,87,250,-77,250,0" /><INIT seed="1,0,0,2,1,6" ten="250,327,173,250" oya="1" hai0="82,65,21,134,84,70,34,39,38,117,13,73,105" hai1="124,28,60,94,43,56,19,115,17,81,99,2,47" hai2="77,96,118,31,33,110,131,30,20,111,41,93,24" hai3="126,109,42,116,88,61,51,108,57,128,80,26,103"/><U8/><E115/><V74/><F118/><W44/><G116/><T66/><D66/><U10/><E124/><V7/><F131/><W0/><G128/><T18/><D117/><U16/><E28/><V91/><F41/><W40/><G126/><T95/><D34/><U4/><E81/><V35/><F74/><W15/><G0/><T59/><D70/><U14/><E94/><V1/><F77/><W129/><G129/><T83/><D105/><U9/><E99/><V122/><F122/><W100/><G42/><T133/><D95/><U29/><E29/><V27/><REACH who="2" step="1"/><F20/><REACH who="2" ten="250,327,163,250" step="2"/><W72/><G72/><T55/><D73/><U11/><E2/><V98/><F98/><W67/><G40/><T58/><D21/><U125/><E125/><V37/><F37/><W114/><G114/><T23/><D39/><U90/><E90/><V130/><F130/><W52/><G88/><T36/><D36/><U3/><E3/><V120/><F120/><W78/><G78/><T12/><D38/><U106/><E106/><V25/><F25/><W112/><G26/><T62/><D12/><U87/><E87/><V102/><F102/><W79/><G15/><T64/><D84/><U22/><E22/><V48/><F48/><W5/><G112/><T71/><D13/><U76/><E76/><V75/><F75/><W49/><G79/><T54/><D23/><U63/><E56/><V45/><F45/><W132/><G44/><T107/><D107/><U69/><E69/><V92/><F92/><W119/><G103/><T89/><D71/><U97/><E97/><V113/><F113/><RYUUKYOKU ba="0,1" sc="250,-15,327,15,163,15,250,-15" hai1="4,8,9,10,11,14,16,17,19,43,47,60,63" hai2="1,7,24,27,30,31,33,35,91,93,96,110,111" /><INIT seed="1,1,1,1,2,83" ten="235,342,178,235" oya="1" hai0="135,95,49,1,97,50,106,14,66,28,27,30,34" hai1="40,62,3,75,134,114,35,109,2,102,65,122,107" hai2="52,7,129,0,110,96,54,25,48,133,38,21,6" hai3="80,89,56,29,4,73,9,10,103,81,15,41,111"/><U100/><E114/><V32/><F38/><W116/><G116/><T64/><D1/><U92/><E122/><V20/><F110/><W105/><G111/><T24/><D106/><U19/><E109/><V82/><F129/><W69/><G69/><T84/><D135/><U22/><E35/><V55/><F133/><W37/><G29/><T88/><D14/><U91/><E75/><V127/><F127/><W70/><G70/><T57/><D97/><U120/><E120/><V90/><F32/><W53/><G105/><T98/><D98/><U71/><E134/><V125/><F125/><W17/><G103/><T118/><D118/><U26/><E40/><V132/><F132/><W101/><G101/><T68/><D68/><U87/><REACH who="1" step="1"/><E102/><REACH who="1" ten="235,332,178,235" step="2"/><V74/><F74/><W124/><G73/><T18/><D18/><U43/><E43/><V60/><F7/><W45/><G124/><T31/><D34/><U77/><E77/><V42/><F42/><W36/><G36/><T121/><D121/><U131/><E131/><V63/><F6/><W72/><G72/><T78/><D78/><U67/><E67/><V115/><F55/><W86/><G4/><T23/><D66/><U126/><E126/><V47/><F54/><W11/><REACH who="3" step="1"/><G80/><REACH who="3" ten="235,332,178,225" step="2"/><T93/><D30/><U33/><E33/><V13/><F82/><W113/><G113/><T59/><D31/><U128/><E128/><V130/><F130/><W76/><G76/><T119/><D28/><U46/><E46/><N who="2" m="27671" /><F115/><W61/><AGARI ba="1,3" hai="9,10,11,15,17,37,41,45,53,56,61,81,86,89" machi="61" ten="20,5200,0" yaku="1,1,0,1,7,1,52,1,53,0" doraHai="83" doraHaiUra="123" who="3" fromWho="3" sc="235,-14,332,-27,178,-14,225,85" /><INIT seed="2,0,0,2,3,124" ten="221,305,164,310" oya="2" hai0="54,33,43,73,117,79,63,57,71,7,4,108,106" hai1="118,114,20,27,17,47,115,109,2,96,77,11,131" hai2="126,75,111,37,69,78,128,49,74,8,52,82,35" hai3="127,1,18,90,29,101,15,66,116,112,64,122,42"/><V56/><F35/><W68/><G122/><T97/><D33/><U22/><E77/><V120/><F120/><W5/><G116/><T86/><D117/><U24/><E96/><V93/><F126/><W83/><G127/><T94/><D108/><U28/><E47/><V46/><F111/><W92/><G29/><T58/><D71/><U31/><E109/><V16/><F69/><W70/><G112/><T130/><D43/><U95/><E95/><V0/><F93/><W23/><G42/><T41/><D41/><U105/><E105/><V133/><F133/><W88/><G70/><T132/><D132/><U60/><E60/><V121/><F121/><W98/><G68/><T84/><D73/><U3/><E118/><V72/><F37/><W61/><G61/><N who="0" m="36023" /><D106/><U36/><E36/><V62/><F0/><N who="1" m="41" /><E131/><V51/><F128/><W44/><G44/><T123/><D130/><U85/><E85/><N who="0" m="32873" /><D79/><U53/><E53/><V110/><F110/><W21/><G1/><T32/><D123/><U103/><E103/><V48/><REACH who="2" step="1"/><F46/><REACH who="2" ten="221,305,154,310" step="2"/><W38/><G92/><T91/><D32/><U129/><E129/><V50/><N who="2" m="12288" /><DORA hai="87" /><V13/><AGARI ba="0,1" hai="8,13,16,52,56,62,72,74,75,78,82" m="12288" machi="13" ten="40,18000,2" yaku="1,1,4,1,0,1,54,2,53,1" doraHai="124,87" doraHaiUra="14,89" who="2" fromWho="2" sc="221,-60,305,-60,154,190,310,-60" /><INIT seed="2,1,0,3,4,103" ten="161,245,344,250" oya="2" hai0="96,91,22,106,43,20,72,6,56,47,57,127,84" hai1="12,48,82,35,104,129,38,109,37,49,73,63,71" hai2="112,61,19,101,81,107,21,85,133,30,134,78,135" hai3="52,32,64,87,5,67,31,2,98,93,62,3,25"/><V26/><F112/><W69/><G5/><T8/><D72/><U53/><E35/><V51/><F51/><W116/><G116/><T39/><D127/><U89/><E104/><V77/><F61/><W9/><G9/><T118/><D118/><U59/><E109/><V68/><F68/><W105/><G67/><T121/><D121/><U119/><E119/><V126/><F126/><W90/><G52/><T36/><D36/><N who="1" m="13931" /><E89/><N who="2" m="51375" /><F30/><W83/><REACH who="3" step="1"/><G105/><REACH who="3" ten="161,245,344,240" step="2"/><T123/><D8/><U94/><E53/><V65/><F65/><W80/><G80/><T50/><D6/><U113/><E82/><V66/><F66/><W92/><G92/><T115/><D106/><U60/><E94/><V88/><F107/><W10/><G10/><T29/><D123/><U46/><E63/><V23/><F134/><W117/><G117/><T45/><D45/><U95/><E46/><V18/><F135/><W41/><G41/><T58/><D43/><U7/><E95/><V102/><F133/><W40/><G40/><T14/><D47/><U34/><E60/><V111/><F111/><W132/><G132/><T27/><D115/><U110/><E110/><V11/><F11/><W1/><G1/><T120/><D120/><U44/><E113/><V99/><F78/><AGARI ba="1,1" hai="2,3,25,31,32,62,64,69,78,83,87,90,93,98" machi="78" ten="30,2000,0" yaku="1,1,7,1,53,0" doraHai="103" doraHaiUra="125" who="3" fromWho="2" sc="161,0,245,0,344,-23,240,33" /><INIT seed="3,0,0,4,4,105" ten="161,245,321,273" oya="3" hai0="120,119,135,25,20,40,9,10,39,131,86,37,63" hai1="117,95,44,73,116,36,27,41,47,68,88,133,89" hai2="77,0,19,84,80,58,79,78,75,125,118,61,42" hai3="82,56,53,124,21,33,69,31,65,38,43,17,108"/><W6/><G124/><T34/><D119/><N who="1" m="45643" /><E68/><V23/><F0/><W134/><G33/><T67/><D120/><U122/><E122/><V127/><F118/><W2/><G31/><T26/><D131/><U29/><E133/><V52/><F42/><W85/><G134/><T50/><D135/><U102/><E47/><V5/><F5/><W93/><G69/><T15/><D50/><U74/><E102/><V35/><F35/><W54/><G65/><T8/><D34/><N who="1" m="20799" /><E89/><V97/><F97/><AGARI ba="0,0" hai="36,41,44,73,74,88,95,97" m="20799,45643" machi="97" ten="30,7700,0" yaku="12,1,52,2,54,1" doraHai="105" who="1" fromWho="2" sc="161,0,245,77,321,-77,273,0" /><INIT seed="4,0,0,0,0,30" ten="161,322,244,273" oya="0" hai0="65,117,20,22,84,76,89,47,80,86,112,95,109" hai1="107,126,5,129,123,85,94,11,64,19,17,118,120" hai2="82,28,121,16,124,51,87,133,56,7,15,23,101" hai3="12,61,45,131,110,103,46,33,4,106,79,52,40"/><T135/><D117/><U57/><E107/><V1/><F121/><W104/><G110/><T13/><D109/><U54/><E118/><V127/><F101/><W50/><G79/><T73/><D112/><U8/><E129/><V14/><F133/><W97/><G131/><T43/><D135/><U29/><E126/><N who="2" m="48171" /><F1/><W91/><G91/><T71/><D71/><U119/><E119/><V77/><F28/><W2/><G2/><T3/><D3/><U111/><E64/><V68/><F68/><W34/><G106/><T93/><D65/><U122/><E111/><V0/><F0/><W70/><G70/><T67/><D67/><U78/><E5/><V26/><F7/><W105/><G105/><T60/><D60/><U59/><E29/><V125/><N who="2" m="48179" /><V114/><DORA hai="96" /><F114/><W116/><G116/><T74/><D95/><U72/><E19/><V53/><AGARI ba="0,0" hai="14,15,16,23,26,51,53,56,77,82,87" m="48179" machi="53" ten="40,2700,0" yaku="18,1,54,1" doraHai="30,96" who="2" fromWho="2" sc="161,-13,322,-7,244,27,273,-7" /><INIT seed="5,0,0,3,0,122" ten="148,315,271,266" oya="1" hai0="16,42,5,61,52,135,51,94,54,99,87,131,24" hai1="105,34,69,41,32,57,31,40,65,111,73,95,108" hai2="50,90,62,76,1,96,118,126,116,121,6,46,85" hai3="4,82,91,100,53,120,66,17,97,27,113,104,14"/><U60/><E105/><V106/><F121/><W109/><G120/><T110/><D131/><U132/><E73/><V102/><F126/><W13/><G113/><T92/><D135/><U12/><E132/><V59/><F76/><W107/><G109/><N who="1" m="42058" /><E12/><V75/><F75/><W37/><G27/><T133/><D133/><U81/><E81/><V115/><F115/><W64/><G37/><T88/><D110/><U63/><E95/><V130/><F130/><W79/><G107/><T28/><D5/><U67/><E34/><V2/><F6/><W98/><G4/><T33/><D61/><U47/><E47/><V112/><F112/><W49/><G13/><T44/><REACH who="0" step="1"/><D16/><REACH who="0" ten="138,315,271,266" step="2"/><U129/><E129/><V55/><F118/><W89/><G17/><T78/><D78/><U20/><E20/><V45/><F116/><W7/><G79/><T74/><D74/><U19/><E19/><V25/><F25/><AGARI ba="0,1" hai="25,31,32,40,41,57,60,63,65,67,69" m="42058" machi="25" ten="30,11600,0" yaku="10,1,52,3" doraHai="122" who="1" fromWho="2" sc="138,0,315,126,271,-116,266,0" /><INIT seed="5,1,0,5,1,119" ten="138,441,155,266" oya="1" hai0="113,11,19,57,36,43,74,0,101,120,75,99,23" hai1="71,30,13,128,53,134,86,105,83,22,108,112,125" hai2="20,97,106,47,44,85,15,77,78,130,35,41,28" hai3="94,79,110,62,90,48,80,38,39,31,5,109,133"/><U114/><E105/><V4/><F35/><W117/><G117/><T95/><D113/><U59/><E71/><V116/><F116/><W102/><G133/><T42/><D75/><U16/><E134/><V124/><F124/><W29/><G5/><T56/><D74/><U33/><E125/><V6/><F130/><W58/><G102/><T98/><D0/><U91/><E128/><V123/><F85/><W50/><G94/><T9/><D120/><U24/><REACH who="1" step="1"/><E108/><REACH who="1" ten="138,431,155,266" step="2"/><V26/><F106/><W64/><G110/><T131/><D131/><U93/><E93/><V111/><F111/><W81/><G109/><T21/><D95/><U25/><E25/><V66/><F26/><W45/><G81/><T52/><D101/><U51/><AGARI ba="1,1" hai="13,16,22,24,30,33,51,53,59,83,86,91,112,114" machi="51" ten="30,6000,0" yaku="1,1,0,1,54,1,53,0" doraHai="119" doraHaiUra="37" who="1" fromWho="1" sc="138,-21,431,73,155,-21,266,-21" /><INIT seed="5,2,0,2,2,124" ten="117,504,134,245" oya="1" hai0="131,84,126,19,41,62,120,38,47,128,125,28,135" hai1="127,70,78,59,33,58,102,88,63,133,46,50,109" hai2="35,7,13,87,44,93,21,83,97,17,118,14,75" hai3="116,66,51,27,26,134,130,123,3,76,77,112,48"/><U96/><E127/><N who="0" m="48649" /><D120/><U119/><E119/><V86/><F118/><W104/><G116/><T34/><D19/><U6/><E133/><V42/><F35/><W103/><G103/><T24/><D135/><U36/><E109/><V5/><F75/><W0/><G134/><T111/><D111/><U39/><E33/><V57/><F57/><W73/><G73/><T95/><D62/><U8/><E70/><V31/><F31/><W107/><G112/><T72/><D72/><U113/><E78/><V108/><F108/><W10/><G10/><T132/><D132/><U55/><E113/><V90/><F13/><W110/><G110/><T37/><D38/><U101/><E59/><V117/><F86/><W4/><G66/><T64/><D64/><U69/><E69/><V25/><F14/><W16/><G16/><T11/><D11/><U99/><E99/><V105/><F105/><W85/><G85/><T12/><D12/><N who="1" m="5143" /><E36/><V65/><F65/><W115/><G115/><T94/><D84/><U114/><E39/><V122/><F117/><W71/><G71/><T89/><D89/><U2/><E2/><V29/><F122/><W60/><G60/><T1/><D1/><U23/><E114/><V74/><F74/><W121/><G4/><T91/><D91/><U68/><E68/><V67/><F5/><W79/><G79/><T52/><D52/><N who="1" m="29783" /><E101/><V81/><F7/><W40/><G40/><T32/><D34/><U45/><E102/><V129/><F87/><W9/><G9/><T61/><D61/><U53/><E63/><V20/><F90/><W80/><G80/><RYUUKYOKU ba="2,0" sc="117,15,504,-15,134,-15,245,15" hai0="24,28,32,37,41,47,94,95,128,131" hai3="0,3,26,27,48,51,76,77,104,107,121,123,130" /><INIT seed="6,3,0,1,0,77" ten="132,489,119,260" oya="2" hai0="52,106,15,107,60,38,39,35,17,32,121,44,105" hai1="40,29,46,19,50,112,12,129,111,65,76,64,72" hai2="25,82,126,47,115,96,18,58,9,3,97,120,128" hai3="85,84,70,63,133,127,90,5,91,57,116,4,67"/><V2/><F120/><W10/><G133/><T43/><D121/><U24/><E111/><V113/><F126/><W48/><G127/><T83/><D39/><U22/><E112/><N who="2" m="43083" /><F128/><W55/><G116/><T62/><D83/><U122/><E122/><V31/><F58/><W93/><REACH who="3" step="1"/><G10/><REACH who="3" ten="132,489,119,250" step="2"/><T49/><D35/><U27/><E129/><V135/><F9/><W104/><G104/><T56/><REACH who="0" step="1"/><D32/><REACH who="0" ten="122,489,119,250" step="2"/><U94/><E94/><AGARI ba="3,2" hai="4,5,48,55,57,63,67,70,84,85,90,91,93,94" machi="94" ten="30,3900,0" yaku="1,1,7,1,9,1,53,0" doraHai="77" doraHaiUra="20" who="3" fromWho="1" sc="122,0,489,-48,119,0,250,68" /><INIT seed="7,0,0,2,1,124" ten="122,441,119,318" oya="3" hai0="104,62,133,22,31,114,79,74,64,115,130,80,123" hai1="2,67,50,95,73,103,125,41,100,66,106,25,134" hai2="112,1,109,61,70,21,60,26,36,89,53,90,3" hai3="0,24,45,19,71,20,7,83,56,118,52,96,102"/><W34/><G118/><T77/><D123/><U128/><E73/><V23/><F109/><W107/><G71/><N who="0" m="42391" /><D104/><U120/><E2/><V48/><F36/><W63/><G34/><T6/><D130/><U12/><E134/><V59/><F112/><N who="0" m="43050" /><D6/><U98/><E128/><V51/><F70/><W39/><G7/><T35/><D79/><U86/><E120/><V55/><F59/><W75/><G0/><T126/><D126/><U92/><E106/><V116/><F26/><W46/><REACH who="3" step="1"/><G39/><REACH who="3" ten="122,441,119,308" step="2"/><T28/><D35/><U113/><E113/><V11/><F11/><W111/><G111/><T38/><D133/><U82/><E125/><V99/><F99/><W65/><G65/><T108/><D108/><U105/><E67/><V135/><F135/><W131/><G131/><T97/><D38/><U76/><E66/><V72/><F116/><W40/><G40/><T5/><D5/><U13/><E41/><V14/><F14/><W9/><G9/><T85/><D97/><N who="1" m="59431" /><E13/><V119/><F119/><W17/><G17/><T49/><D22/><U42/><E12/><V87/><F87/><W33/><G33/><T127/><D127/><U94/><E25/><V57/><F72/><W78/><AGARI ba="0,1" hai="19,20,24,45,46,52,56,63,75,78,83,96,102,107" machi="78" ten="30,6000,0" yaku="1,1,0,1,54,1,53,0" doraHai="124" doraHaiUra="37" who="3" fromWho="3" sc="122,-20,441,-20,119,-20,308,70" /><INIT seed="7,1,0,3,4,121" ten="102,421,99,378" oya="3" hai0="48,128,58,52,61,106,117,24,9,13,16,64,99" hai1="17,12,65,38,94,53,63,100,131,133,102,134,0" hai2="91,84,62,39,70,50,47,45,56,68,66,26,92" hai3="75,54,82,46,97,104,57,36,35,72,78,123,129"/><W89/><G123/><T43/><D117/><U83/><E131/><V103/><F103/><W116/><G116/><T67/><D128/><U127/><E127/><V55/><F39/><W108/><G129/><T33/><D106/><U3/><E38/><V113/><F113/><W112/><G112/><T4/><D99/><N who="1" m="59511" /><E53/><V25/><REACH who="2" step="1"/><F47/><REACH who="2" ten="102,421,89,378" step="2"/><W122/><G122/><T7/><D43/><U29/><E102/><V87/><F87/><W80/><G104/><T30/><D67/><U114/><E114/><V73/><F73/><W59/><G35/><T119/><D119/><U49/><E65/><V107/><F107/><W14/><G36/><T95/><D95/><U10/><E133/><V109/><F109/><W2/><G72/><T85/><D85/><U41/><E134/><V90/><F90/><W8/><G2/><T110/><D110/><U93/><E93/><V69/><AGARI ba="1,1" hai="25,26,45,50,55,56,62,66,68,69,70,84,91,92" machi="69" ten="30,2000,0" yaku="1,1,0,1,53,0" doraHai="121" doraHaiUra="6" who="2" fromWho="2" sc="102,-6,421,-6,89,33,378,-11" owari="96,-40.0,415,51.0,122,-28.0,367,17.0" /></mjloggm>