<mjloggm ver="2.3"><GO type="169" lobby="0"/><UN n0="%E5%93%B2%E5%AD%A6%E3%81%99%E3%82%8B%E9%BA%BB%E9%9B%80" n1="%E3%82%8F%E3%81%A3%E3%81%97%E3%82%87%E3%81%84%E5%90%9B%32%E5%8F%B7" n2="%4E%6F%6D%65%72%63%79" n3="%E3%81%B4%E3%83%BC%E3%81%8A%E3%81%8B" dan="16,18,16,16" rate="2079.00,2268.18,2162.00,2170.45" sx="M,M,F,M"/><TAIKYOKU oya="0"/><INIT seed="0,0,0,0,0,42" ten="250,250,250,250" oya="0" hai0="95,134,26,31,50,18,74,1,40,129,83,66,55" hai1="111,91,96,102,108,3,110,106,124,101,132,54,71" hai2="120,73,87,44,37,52,103,112,14,135,6,81,85" hai3="28,12,122,75,49,98,64,24,89,105,7,117,17"/><T70/><D1/><U128/><E3/><V77/><F120/><W41/><G117/><T53/><D129/><U21/><E71/><V10/><F112/><W99/><G75/><T107/><D107/><U47/><E128/><V39/><F135/><W90/><G7/><T100/><D134/><U94/><E132/><V34/><F34/><W58/><G64/><T118/><D118/><U67/><E67/><V15/><F103/><W126/><G126/><T59/><D70/><U121/><E121/><V16/><F73/><W30/><G30/><T113/><D113/><U80/><E124/><V119/><F85/><W104/><G99/><N who="0" m="59519" /><D74/><U13/><E80/><V61/><F119/><W36/><G36/><T48/><D31/><U25/><E13/><V97/><F97/><W114/><G114/><T20/><D83/><U19/><REACH who="1" step="1"/><E106/><REACH who="1" ten="250,240,250,250" step="2"/><V9/><REACH who="2" step="1"/><F61/><REACH who="2" ten="250,240,240,250" step="2"/><W93/><G122/><T11/><D66/><U62/><E62/><V46/><F46/><W5/><G105/><T33/><D33/><U82/><E82/><V84/><F84/><W125/><G104/><T43/><D11/><U76/><E76/><V79/><F79/><W133/><G133/><T4/><D4/><U86/><E86/><V35/><F35/><W8/><G5/><T68/><D68/><U127/><E127/><V131/><F131/><W92/><G125/><T56/><AGARI ba="0,2" hai="18,20,26,40,43,48,50,53,55,56,59" m="59519" machi="56" ten="30,1500,0" yaku="8,1" doraHai="42" who="0" fromWho="0" sc="250,35,240,-5,240,-5,250,-5" /><INIT seed="0,1,0,2,3,97" ten="285,235,235,245" oya="0" hai0="93,31,89,104,63,24,11,21,36,135,48,28,58" hai1="26,106,116,7,119,4,44,99,53,101,29,59,39" hai2="98,13,129,96,34,77,1,61,78,23,57,75,15" hai3="17,103,81,50,113,42,108,130,127,56,123,111,33"/><T68/><D36/><U90/><E90/><V9/><F34/><W70/><G113/><T85/><D135/><U54/><E116/><V114/><F114/><W30/><G70/><T110/><D104/><U124/><E124/><V115/><F115/><W45/><G127/><T37/><D37/><U10/><E119/><V131/><F23/><W18/><G130/><T118/><D118/><U12/><E4/><V46/><F46/><W100/><G123/><T79/><D110/><N who="3" m="42025" /><G81/><T49/><D68/><U69/><E69/><V121/><F1/><W126/><G126/><T71/><D71/><U14/><E14/><V107/><F121/><W43/><G43/><T72/><D28/><U35/><REACH who="1" step="1"/><E59/><REACH who="1" ten="285,225,235,245" step="2"/><V83/><F13/><W109/><G56/><T84/><D79/><U64/><E64/><V102/><F78/><W27/><G109/><T41/><D89/><U8/><E8/><V122/><BYE who="1" /><F98/><W82/><G82/><T67/><D11/><U65/><E65/><V51/><F51/><W40/><G40/><T2/><D72/><U94/><E94/><UN n1="%E3%82%8F%E3%81%A3%E3%81%97%E3%82%87%E3%81%84%E5%90%9B%32%E5%8F%B7" /><V20/><F20/><W95/><G95/><T80/><D93/><U74/><E74/><V19/><REACH who="2" step="1"/><F122/><REACH who="2" ten="285,225,225,245" step="2"/><W87/><G87/><T25/><D2/><U0/><E0/><V66/><AGARI ba="1,2" hai="9,15,19,57,61,66,75,77,83,96,102,107,129,131" machi="66" ten="30,7900,0" yaku="1,1,2,1,0,1,52,1,53,0" doraHai="97" doraHaiUra="16" who="2" fromWho="2" sc="285,-40,225,-21,225,102,245,-21" /><INIT seed="1,0,0,5,5,115" ten="245,204,327,224" oya="1" hai0="75,7,128,32,1,24,121,52,80,43,64,122,39" hai1="133,131,112,93,77,68,34,67,83,103,118,110,42" hai2="104,72,36,106,70,13,17,55,66,74,18,59,116" hai3="62,79,114,46,94,38,124,45,5,98,117,132,92"/><U65/><E112/><V119/><F36/><W8/><G114/><T76/><D128/><U57/><E131/><V0/><F0/><W126/><G132/><T95/><D64/><U28/><E133/><V21/><F66/><W88/><G79/><T129/><D129/><U109/><E68/><V97/><F70/><W12/><G117/><T89/><D32/><U78/><E42/><V69/><F69/><W58/><G94/><T27/><D1/><U40/><E40/><V6/><F6/><W53/><REACH who="3" step="1"/><G38/><REACH who="3" ten="245,204,327,214" step="2"/><T48/><D121/><U130/><E130/><V22/><F104/><W60/><G60/><T41/><D122/><U51/><E118/><V120/><F120/><W19/><G19/><T47/><D7/><U50/><E93/><V91/><F106/><W134/><G134/><T54/><D39/><U33/><E83/><V29/><F29/><W30/><G30/><T100/><D80/><U15/><E28/><V37/><F37/><W3/><G3/><T105/><D76/><U14/><REACH who="1" step="1"/><E103/><REACH who="1" ten="245,194,327,214" step="2"/><V71/><F116/><W10/><G10/><T44/><D100/><U73/><E73/><V125/><F119/><W82/><G82/><T102/><D75/><U90/><E90/><V113/><F113/><W99/><G99/><T4/><D102/><U86/><E86/><V31/><F31/><W111/><G111/><T84/><D105/><U81/><E81/><V61/><F74/><W9/><G9/><T135/><D135/><U11/><E11/><V23/><F72/><W96/><G96/><T107/><D107/><U35/><E35/><V108/><F97/><RYUUKYOKU ba="0,2" sc="245,-15,194,15,327,-15,214,15" hai1="14,15,33,34,50,51,57,65,67,77,78,109,110" hai3="5,8,12,45,46,53,58,62,88,92,98,124,126" /><INIT seed="1,1,2,2,2,6" ten="230,209,312,229" oya="1" hai0="135,27,130,85,53,52,16,1,115,62,73,88,112" hai1="90,65,31,83,46,125,78,93,76,81,75,28,105" hai2="116,24,103,113,0,114,67,23,74,7,37,55,118" hai3="2,47,12,128,19,4,77,32,50,129,91,123,89"/><U106/><E65/><V99/><F74/><W17/><G123/><T33/><D1/><U110/><E46/><V133/><F37/><W97/><G32/><T109/><D73/><N who="1" m="43151" /><E28/><V122/><F133/><W111/><G111/><T119/><D119/><U96/><E31/><V126/><F126/><W132/><G132/><T15/><D135/><U45/><E45/><V72/><F72/><W41/><G77/><T104/><D104/><N who="1" m="40043" /><E110/><V61/><F122/><W58/><G58/><T98/><D109/><U94/><E125/><V80/><F80/><W54/><G97/><T100/><D130/><N who="3" m="50281" /><G54/><T71/><D98/><U108/><E108/><V117/><F55/><W20/><G17/><T60/><D100/><U101/><E93/><V3/><F103/><AGARI ba="1,2" hai="75,78,83,90,94,96,101,103" m="40043,43151" machi="103" ten="30,12000,1" yaku="35,5" doraHai="6" who="1" fromWho="2" sc="230,0,209,143,312,-123,229,0" /><INIT seed="1,2,0,2,3,4" ten="230,352,189,229" oya="1" hai0="131,35,62,105,64,36,65,102,73,54,31,12,47" hai1="24,42,27,41,109,32,96,2,14,0,50,117,48" hai2="23,111,28,81,55,60,33,75,72,6,126,20,118" hai3="87,125,89,119,59,98,115,101,100,40,10,70,133"/><U134/><E134/><V124/><F118/><W128/><G70/><T113/><D113/><U92/><E117/><V108/><F33/><W22/><G115/><T99/><D73/><N who="2" m="28234" /><F81/><W76/><G119/><T107/><D131/><U90/><E109/><N who="2" m="42059" /><F6/><W94/><G128/><T46/><D107/><U37/><E0/><V97/><F97/><W18/><G125/><N who="2" m="48233" /><F28/><W38/><G133/><T80/><D80/><U7/><E2/><V71/><F71/><W74/><G74/><T52/><D31/><U86/><E32/><V15/><F15/><W130/><G130/><T106/><D35/><U127/><E127/><V44/><F44/><W11/><G38/><T19/><D36/><U51/><E37/><V49/><F49/><W110/><G110/><T29/><D29/><U103/><E27/><V129/><F129/><W83/><G40/><T85/><D99/><U84/><E24/><V93/><F93/><W63/><G100/><T5/><D105/><U56/><E42/><V21/><F55/><N who="3" m="34303" /><G101/><T30/><D106/><U39/><E41/><V82/><F82/><W26/><AGARI ba="2,0" hai="10,11,18,22,26,76,83,87,89,94,98" m="34303" machi="26" ten="30,7900,0" yaku="25,1,8,1,52,2" doraHai="4" who="3" fromWho="3" sc="230,-22,352,-41,189,-22,229,85" /><INIT seed="2,0,0,4,5,40" ten="208,311,167,314" oya="2" hai0="67,111,24,113,49,62,110,20,73,92,18,31,22" hai1="114,59,63,8,75,95,74,38,29,15,43,89,81" hai2="42,23,6,58,122,11,46,33,35,1,25,99,76" hai3="105,48,132,50,109,128,57,133,17,61,5,71,82"/><V83/><F122/><W37/><G105/><T102/><D73/><U56/><E114/><V120/><F120/><W32/><G32/><T68/><D113/><U28/><E74/><V12/><F99/><W100/><G100/><T34/><D49/><U135/><E135/><N who="3" m="51786" /><G5/><T90/><D102/><U91/><E75/><V39/><F58/><W77/><G17/><T88/><D90/><U116/><E116/><V84/><REACH who="2" step="1"/><F1/><REACH who="2" ten="208,311,157,314" step="2"/><W126/><G57/><T55/><D111/><U7/><E59/><V121/><F121/><W3/><G109/><T65/><D110/><U54/><E56/><V19/><AGARI ba="0,1" hai="6,11,12,19,23,25,33,35,39,42,46,76,83,84" machi="19" ten="20,7800,0" yaku="1,1,0,1,7,1,52,1,53,0" doraHai="40" doraHaiUra="131" who="2" fromWho="2" sc="208,-26,311,-26,157,88,314,-26" /><INIT seed="2,1,0,4,3,50" ten="182,285,245,288" oya="2" hai0="90,32,94,12,80,84,123,73,132,2,28,21,38" hai1="29,76,135,36,5,34,30,125,89,112,0,7,1" hai2="97,128,44,91,114,26,27,71,35,23,110,56,103" hai3="79,134,107,120,54,45,117,108,93,24,109,58,15"/><V13/><F71/><W70/><G117/><T67/><D123/><U51/><E112/><V11/><F114/><W14/><G120/><T82/><D2/><N who="1" m="1131" /><E51/><V62/><F128/><W31/><G107/><T116/><D116/><U72/><E89/><V86/><F110/><W4/><G70/><T3/><D3/><U65/><E76/><V47/><F35/><W33/><G134/><T16/><D38/><U9/><E65/><V60/><F60/><W66/><G79/><T106/><D132/><U10/><E72/><V83/><F13/><W59/><G93/><T133/><D133/><U105/><E105/><V37/><F11/><N who="1" m="4105" /><E36/><V64/><F37/><W40/><G4/><N who="1" m="1610" /><E135/><V55/><F27/><W130/><G130/><T111/><D106/><U69/><E69/><V85/><F85/><W102/><G102/><T39/><D39/><U78/><E78/><V8/><F8/><W48/><G40/><T99/><D73/><U74/><E74/><V53/><F97/><W88/><G88/><T115/><D115/><U119/><E119/><V96/><F96/><W129/><G129/><T126/><D67/><U92/><E92/><V18/><F103/><W75/><G75/><T87/><D94/><U113/><E113/><V68/><F68/><W6/><G6/><T46/><D90/><U121/><E121/><V42/><F42/><W95/><G95/><T127/><D80/><U49/><E125/><V122/><F122/><W81/><G81/><T22/><D126/><U118/><E118/><V17/><F17/><W19/><G19/><T104/><D127/><U61/><E34/><RYUUKYOKU ba="1,0" sc="182,-10,285,-10,245,30,288,-10" hai2="18,23,26,44,47,53,55,56,62,64,83,86,91" /><INIT seed="2,2,0,1,3,64" ten="172,275,275,278" oya="2" hai0="42,12,47,80,100,1,132,133,112,63,52,76,16" hai1="119,2,56,73,25,30,104,4,15,121,83,99,129" hai2="82,74,3,66,28,86,97,40,60,84,55,57,114" hai3="14,96,120,98,127,58,8,69,67,101,113,31,102"/><V68/><F114/><W29/><G113/><T92/><D1/><U93/><E119/><V35/><F3/><W117/><G120/><T49/><D112/><U109/><E121/><V61/><F40/><W89/><G117/><T128/><D128/><U19/><E129/><V131/><F131/><W18/><G127/><T126/><D126/><U105/><E109/><V77/><REACH who="2" step="1"/><F97/><REACH who="2" ten="172,275,265,278" step="2"/><W41/><G96/><T135/><D42/><U17/><E2/><V11/><F11/><W75/><G98/><T6/><D133/><U88/><E105/><V130/><F130/><W62/><G8/><T118/><D135/><U108/><E104/><V110/><F110/><W111/><G41/><T13/><D132/><U48/><E108/><V123/><F123/><W20/><G111/><T36/><D118/><U122/><E122/><V44/><F44/><W65/><G102/><T46/><D36/><U21/><E4/><V106/><F106/><W94/><G101/><T134/><D134/><U78/><E15/><V103/><F103/><W59/><G14/><T70/><D13/><U51/><E56/><V5/><F5/><W10/><G59/><T95/><D6/><U38/><E38/><V27/><AGARI ba="2,1" hai="27,28,35,55,57,60,61,66,68,74,77,82,84,86" machi="27" ten="30,6000,0" yaku="1,1,0,1,52,1,53,0" doraHai="64" doraHaiUra="45" who="2" fromWho="2" sc="172,-22,275,-22,265,76,278,-22" /><INIT seed="2,3,0,0,4,102" ten="150,253,341,256" oya="2" hai0="22,95,27,55,100,118,51,126,82,50,63,133,17" hai1="86,48,49,62,125,73,32,105,93,107,113,16,109" hai2="88,65,46,24,41,128,7,84,135,44,11,117,25" hai3="124,58,111,1,80,89,12,129,33,115,72,10,35"/><V6/><F117/><W97/><G111/><T4/><D118/><U103/><E113/><V69/><F128/><W39/><G129/><T83/><D133/><U67/><E109/><V38/><F135/><W130/><G130/><T13/><D126/><U36/><E125/><V31/><F44/><W60/><G39/><T30/><D4/><U131/><E131/><V91/><F7/><W120/><G1/><T5/><D5/><U94/><E73/><V29/><F65/><W114/><G120/><T77/><D63/><U42/><E32/><V96/><F69/><W108/><G108/><T87/><D83/><U43/><E103/><V9/><F96/><W104/><G104/><T28/><D28/><U78/><E78/><V116/><F116/><W54/><G72/><T92/><D100/><U15/><E36/><V56/><F56/><W61/><G35/><T71/><D71/><U132/><E132/><V110/><F110/><W99/><G33/><T34/><REACH who="0" step="1"/><D50/><REACH who="0" ten="140,253,341,256" step="2"/><U98/><E49/><V121/><F6/><W21/><G124/><T122/><D122/><U57/><E48/><V74/><F121/><W79/><G115/><T14/><D14/><U26/><E15/><V106/><F31/><W76/><G114/><T101/><D101/><U134/><E134/><V53/><F29/><W20/><G12/><T127/><D127/><U59/><E62/><V70/><F70/><W64/><G61/><T18/><D18/><U40/><E16/><V68/><F68/><W3/><G60/><T2/><D2/><U23/><E67/><V0/><F0/><W37/><G3/><RYUUKYOKU ba="3,1" sc="140,30,253,-10,341,-10,256,-10" hai0="13,17,22,27,30,34,51,55,77,82,87,92,95" /><INIT seed="3,4,1,3,4,123" ten="170,243,331,246" oya="3" hai0="80,74,105,86,10,63,81,121,133,126,20,21,33" hai1="4,3,51,48,109,46,15,26,131,64,77,110,19" hai2="29,22,78,108,38,9,39,13,96,113,18,125,47" hai3="116,62,43,12,127,34,42,35,30,128,55,93,59"/><W89/><G116/><T70/><D33/><U6/><E131/><V0/><F113/><W112/><G112/><T120/><D105/><U11/><E77/><V27/><F125/><W114/><G114/><T115/><D126/><U32/><E64/><V95/><F78/><W50/><G128/><T87/><D74/><U36/><E36/><V79/><F79/><W1/><G1/><T135/><D115/><U82/><E82/><N who="0" m="31849" /><D10/><U94/><E94/><V25/><F47/><W23/><G127/><T28/><D28/><N who="1" m="19479" /><E48/><V118/><F118/><W72/><G72/><T40/><D40/><U5/><E51/><V97/><F108/><N who="1" m="41577" /><E46/><V61/><F61/><W106/><G106/><T130/><D130/><U16/><E19/><V41/><F39/><W8/><G50/><T37/><D37/><U132/><E132/><N who="0" m="50761" /><D63/><U52/><E52/><V67/><F38/><W73/><G55/><T88/><D70/><U45/><E45/><V91/><F41/><W101/><G62/><T100/><D100/><U49/><E49/><V98/><F67/><W76/><G101/><T102/><D102/><U69/><E69/><V14/><F18/><W122/><G43/><T107/><D107/><U119/><E119/><V17/><F17/><W24/><G42/><T124/><D124/><U57/><E57/><V44/><F44/><W56/><G59/><T111/><D111/><U117/><E117/><V60/><F60/><W83/><G56/><T85/><D88/><U68/><E68/><V2/><F91/><W66/><G89/><T90/><D90/><U58/><E58/><V75/><F95/><RYUUKYOKU ba="4,1" sc="170,15,243,15,331,-15,246,-15" hai0="20,21,85,86,87,120,121" hai1="3,4,5,6,11,15,16" /><INIT seed="4,5,1,0,4,47" ten="185,258,316,231" oya="0" hai0="50,59,39,32,8,94,76,64,37,45,77,88,49" hai1="97,27,124,67,80,51,53,100,134,31,89,81,0" hai2="41,38,125,92,84,35,117,114,24,65,46,5,62" hai3="14,70,58,56,71,122,44,72,42,36,19,131,75"/><T2/><D32/><U82/><E0/><V107/><F114/><W132/><G131/><T113/><D113/><U120/><E120/><V133/><F107/><W15/><G132/><T101/><D101/><U106/><E134/><V1/><F133/><W104/><G104/><T96/><D37/><U11/><E124/><V85/><F125/><W98/><G98/><T28/><D39/><U127/><E127/><V128/><F117/><W21/><G122/><T20/><D2/><U60/><E11/><V121/><F128/><W6/><G6/><T86/><D8/><U111/><E111/><V93/><F121/><W73/><G56/><T108/><D108/><U103/><E103/><V83/><F5/><W63/><REACH who="3" step="1"/><G15/><REACH who="3" ten="185,258,316,221" step="2"/><T25/><D96/><U129/><E129/><V26/><F1/><W34/><G34/><T61/><REACH who="0" step="1"/><D50/><REACH who="0" ten="175,258,316,221" step="2"/><U109/><E97/><V115/><F115/><W105/><G105/><T90/><D90/><U12/><E106/><V7/><F35/><W23/><G23/><T55/><AGARI ba="5,3" hai="20,25,28,45,49,55,59,61,64,76,77,86,88,94" machi="55" ten="20,18000,2" yaku="1,1,0,1,7,1,8,1,52,1,54,1,53,1" doraHai="47" doraHaiUra="22" who="0" fromWho="0" sc="175,225,258,-65,316,-65,221,-65" /><INIT seed="4,6,0,2,0,30" ten="400,193,251,156" oya="0" hai0="88,130,107,72,120,133,42,11,114,109,49,67,106" hai1="24,46,44,96,84,122,61,87,78,94,17,101,1" hai2="70,60,83,4,57,71,38,39,85,93,5,100,102" hai3="119,108,113,16,41,0,98,40,116,111,110,29,95"/><T104/><D120/><U27/><E122/><V132/><F132/><W18/><G0/><T48/><D114/><U97/><E1/><V15/><F15/><W123/><G29/><T58/><D72/><U124/><E124/><V32/><F93/><W59/><G123/><T117/><D117/><U76/><E94/><V81/><F85/><W62/><G113/><T25/><D133/><U77/><E61/><V8/><F8/><W127/><G127/><T115/><D115/><U129/><E129/><V47/><F47/><N who="1" m="17961" /><E101/><V31/><F31/><W74/><G74/><T118/><D42/><U35/><E35/><V10/><F10/><W33/><G33/><T66/><D118/><U6/><E6/><V36/><F32/><W28/><G28/><T134/><D130/><U79/><E79/><V56/><F39/><W89/><G116/><T103/><D134/><U99/><E17/><V2/><F2/><W65/><REACH who="3" step="1"/><G119/><REACH who="3" ten="400,193,251,146" step="2"/><T43/><D109/><U105/><E105/><V3/><F3/><W86/><G86/><AGARI ba="6,1" hai="24,27,76,77,78,84,86,87,96,97,99" m="17961" machi="86" ten="40,5200,0" yaku="28,2,8,1" doraHai="30" who="1" fromWho="3" sc="400,0,193,80,251,0,146,-70" /><INIT seed="5,0,0,3,4,3" ten="400,273,251,76" oya="1" hai0="73,14,114,42,117,133,55,121,118,61,38,75,108" hai1="52,1,100,15,112,6,134,81,116,48,18,39,11" hai2="26,101,127,63,45,66,107,68,91,123,111,31,62" hai3="40,59,54,71,34,49,130,37,113,53,33,12,85"/><U60/><E116/><V56/><F123/><W35/><G113/><T4/><D108/><U72/><E39/><V29/><F111/><W115/><G115/><T105/><D114/><U21/><E112/><V24/><F127/><W69/><G130/><T126/><D126/><U99/><E134/><V103/><F45/><W50/><G85/><T67/><D105/><U36/><E36/><V13/><F91/><W78/><G78/><T122/><D133/><U76/><E60/><V104/><F13/><W120/><G120/><T22/><D55/><U90/><E90/><V86/><F86/><W82/><G82/><T135/><D135/><U65/><E65/><V125/><F125/><W58/><REACH who="3" step="1"/><G12/><REACH who="3" ten="400,273,251,66" step="2"/><T70/><D122/><U20/><E1/><V57/><F66/><W23/><G23/><T28/><D121/><U93/><REACH who="1" step="1"/><E18/><REACH who="1" ten="400,263,251,66" step="2"/><V74/><F68/><W30/><G30/><T84/><D28/><U10/><E10/><V110/><F110/><W5/><G5/><T17/><D118/><U8/><E8/><V94/><F29/><W128/><G128/><T88/><D117/><U32/><E32/><V46/><F31/><W27/><G27/><T7/><D38/><U96/><E96/><V25/><F25/><W19/><G19/><T64/><D61/><U132/><E132/><V83/><F26/><W106/><G106/><T119/><D17/><U124/><E124/><V41/><F24/><W51/><G51/><T2/><D2/><U129/><E129/><V102/><F107/><W47/><AGARI ba="0,2" hai="33,34,35,37,40,47,49,50,53,54,58,59,69,71" machi="47" ten="40,5200,0" yaku="1,1,0,1,9,1,53,0" doraHai="3" doraHaiUra="9" who="3" fromWho="3" sc="400,-13,263,-26,251,-13,66,72" /><INIT seed="6,0,0,2,4,67" ten="387,237,238,138" oya="2" hai0="87,49,42,125,65,110,114,47,10,56,93,116,111" hai1="124,9,46,28,32,85,41,62,117,118,40,81,82" hai2="0,17,26,103,64,35,119,29,16,130,70,95,57" hai3="74,76,90,122,25,21,12,45,18,104,128,135,121"/><V105/><F119/><W88/><G104/><T73/><D73/><U3/><E124/><V63/><F0/><W58/><G135/><T107/><D107/><U109/><E109/><V61/><F95/><W86/><G128/><T80/><D125/><U19/><E32/><V112/><F130/><W91/><G74/><T127/><D127/><U96/><E28/><V44/><F44/><W98/><G98/><T30/><D116/><U31/><E31/><V108/><F112/><W34/><G58/><T51/><D114/><U99/><E62/><V6/><F6/><W60/><G34/><T23/><D93/><U11/><E11/><V97/><BYE who="1" /><F108/><W115/><G115/><T33/><D33/><U14/><E14/><V133/><REACH who="2" step="1"/><F133/><REACH who="2" ten="387,237,228,138" step="2"/><W52/><G45/><T8/><D110/><U66/><E66/><AGARI ba="0,1" hai="16,17,26,29,35,57,61,63,64,66,70,97,103,105" machi="66" ten="30,18000,2" yaku="1,1,2,1,7,1,25,2,52,1,54,1,53,0" doraHai="67" doraHaiUra="7" who="2" fromWho="1" sc="387,0,237,-180,228,190,138,0" /><UN n1="%E3%82%8F%E3%81%A3%E3%81%97%E3%82%87%E3%81%84%E5%90%9B%32%E5%8F%B7" /><INIT seed="6,1,0,5,0,72" ten="387,57,418,138" oya="2" hai0="134,104,92,35,81,76,17,0,95,90,125,40,30" hai1="123,103,132,83,12,73,29,98,124,46,10,122,100" hai2="126,37,120,23,135,89,18,56,45,53,111,74,39" hai3="62,8,16,128,133,82,93,55,112,51,32,108,114"/><V31/><F120/><N who="1" m="46121" /><E29/><V7/><F31/><W64/><G108/><T63/><D0/><U117/><E46/><V78/><F111/><W102/><G128/><T9/><D104/><N who="1" m="63511" /><E12/><V107/><F107/><W6/><G133/><T4/><D134/><U28/><E28/><V96/><F126/><W87/><G32/><T50/><D125/><U85/><E10/><V86/><F96/><W70/><G93/><T36/><D17/><U75/><E124/><V33/><F33/><W15/><G102/><T69/><D90/><U13/><E13/><V97/><F97/><W65/><G6/><T127/><D127/><U52/><E132/><V34/><F34/><W116/><G116/><T54/><D35/><U68/><E68/><V20/><F7/><W57/><REACH who="3" step="1"/><G65/><REACH who="3" ten="387,57,418,128" step="2"/><T25/><D4/><U58/><E117/><V109/><F109/><W67/><G67/><T43/><D92/><U21/><E103/><V59/><F135/><W14/><G14/><T61/><D95/><U113/><E113/><V5/><F5/><W19/><G19/><T3/><D30/><U131/><E131/><V71/><F18/><W27/><G27/><T118/><D25/><U48/><E21/><V101/><F101/><W106/><G106/><T79/><D3/><U42/><E42/><V119/><F119/><W44/><G44/><T66/><D118/><U88/><AGARI ba="1,1" hai="48,52,58,73,75,83,85,88" m="63511,46121" machi="88" ten="30,4000,0" yaku="13,1,54,2" doraHai="72" who="1" fromWho="1" sc="387,-11,57,53,418,-21,128,-11" /><INIT seed="7,0,0,3,5,7" ten="376,110,397,117" oya="3" hai0="81,128,108,65,6,20,50,102,49,8,14,115,19" hai1="25,86,87,44,79,118,53,135,119,28,74,63,132" hai2="13,84,11,120,62,125,122,72,133,31,98,99,69" hai3="52,130,38,12,4,70,96,0,112,1,60,107,80"/><W40/><G112/><T93/><D108/><U37/><E74/><V26/><F72/><W106/><G130/><T71/><D128/><U43/><E63/><V116/><F116/><N who="1" m="44585" /><E53/><V64/><F125/><W56/><G70/><T73/><D115/><U78/><E87/><V27/><F84/><W121/><G121/><N who="2" m="46697" /><F133/><N who="1" m="51273" /><E86/><V114/><F114/><W89/><G12/><T34/><D34/><AGARI ba="0,0" hai="25,28,34,37,43,44,78,79" m="51273,44585" machi="34" ten="30,2000,0" yaku="12,1,20,1" doraHai="7" who="1" fromWho="0" sc="376,-20,110,20,397,0,117,0" owari="356,16.0,130,-27.0,397,49.0,117,-38.0" /></mjloggm>