<mjloggm ver="2.3"><GO type="169" lobby="0"/><UN n0="%6F%6B%6A%6D" n1="%E3%81%AF%E3%81%84%E3%81%A6%E3%82%93%E3%81%BC%E3%83%BC" n2="%E3%81%A4%E3%82%89%E3%81%84%E3%80%82" n3="%E9%9B%AA%E6%9C%88%E9%A2%A8%E8%8A%B1" dan="18,16,16,17" rate="2306.24,2160.23,2085.79,2222.37" sx="M,M,M,F"/><TAIKYOKU oya="0"/><INIT seed="0,0,0,4,2,62" ten="250,250,250,250" oya="0" hai0="9,121,104,28,124,112,72,117,51,50,6,75,135" hai1="122,103,119,59,43,108,63,97,71,114,87,39,20" hai2="41,33,69,64,133,92,82,65,13,31,25,5,22" hai3="12,90,105,56,93,45,58,127,49,48,38,111,131"/><T101/><D112/><U77/><E122/><V16/><F69/><W134/><G111/><T44/><D121/><U14/><E119/><V125/><F133/><W53/><G134/><T19/><D117/><U115/><E71/><V88/><F125/><W52/><G105/><T54/><D135/><U74/><E74/><V55/><F41/><W18/><G131/><T2/><D124/><U132/><E132/><V89/><F55/><W47/><G38/><T73/><D28/><U109/><E43/><V27/><F82/><W99/><G127/><T66/><D19/><U116/><E39/><V107/><F107/><W7/><G7/><T46/><D104/><U86/><E14/><V15/><F89/><W102/><G102/><T81/><D101/><U95/><E20/><AGARI ba="0,0" hai="12,18,20,45,47,48,49,52,53,56,58,90,93,99" machi="20" ten="30,7700,0" yaku="7,1,9,1,8,1,54,1" doraHai="62" who="3" fromWho="1" sc="250,0,250,-77,250,0,250,77" /><INIT seed="1,0,0,2,0,98" ten="250,173,250,327" oya="1" hai0="110,50,124,7,80,49,66,17,69,45,11,22,135" hai1="5,47,122,16,81,61,62,116,83,95,115,118,1" hai2="113,92,10,105,58,74,96,88,71,97,26,52,82" hai3="134,34,114,38,86,35,59,20,32,9,76,129,63"/><U57/><E122/><V106/><F71/><W13/><G114/><T125/><D110/><U40/><E115/><V77/><F113/><W25/><G38/><T130/><D69/><U121/><E121/><V39/><F39/><W72/><G134/><T3/><D135/><U107/><E107/><V67/><F67/><W104/><G72/><T23/><D130/><U103/><E62/><V93/><F10/><W18/><G104/><T2/><D66/><U127/><E127/><N who="0" m="48713" /><D2/><U42/><E42/><V132/><F26/><W46/><G46/><T48/><D80/><U31/><E31/><V68/><F68/><W91/><G76/><T94/><D94/><U119/><E5/><V4/><F4/><W12/><G9/><T85/><D85/><U126/><E1/><V28/><F28/><W75/><G75/><T111/><D111/><U51/><E126/><V19/><F19/><W117/><G129/><T87/><D87/><U55/><REACH who="1" step="1"/><E16/><REACH who="1" ten="250,163,250,327" step="2"/><V102/><F132/><W43/><G43/><N who="0" m="24639" /><D23/><U0/><E0/><V101/><F88/><W56/><G91/><T73/><D22/><U84/><E84/><V24/><F24/><W27/><G86/><T6/><D73/><U21/><E21/><V108/><F108/><W70/><G27/><T64/><D17/><U15/><E15/><V128/><F128/><W78/><G13/><N who="0" m="5367" /><D64/><U33/><E33/><V131/><F131/><W133/><G34/><T109/><D109/><U120/><E120/><V60/><AGARI ba="0,1" hai="52,58,60,74,77,82,92,93,96,97,101,102,105,106" machi="60" ten="20,12000,2" yaku="0,1,7,1,9,1,52,2,54,1" doraHai="98" who="2" fromWho="2" sc="250,-30,163,-60,250,130,327,-30" /><INIT seed="2,0,0,1,3,101" ten="220,103,380,297" oya="2" hai0="52,128,98,120,44,43,117,42,9,74,28,72,106" hai1="68,14,130,5,7,16,112,60,6,91,105,121,102" hai2="73,71,131,113,133,125,32,41,35,55,103,77,11" hai3="51,127,50,39,66,124,108,13,31,46,37,58,15"/><V1/><F113/><W8/><G31/><T34/><D120/><U126/><E112/><V53/><F71/><W87/><G108/><T48/><D34/><U22/><E121/><V3/><F125/><W123/><G87/><T114/><D114/><U81/><E126/><V116/><F116/><W47/><G8/><T104/><D28/><U109/><E130/><V29/><F131/><W49/><G49/><T27/><D27/><U64/><E109/><V24/><F35/><W76/><G76/><T2/><D128/><U62/><E62/><V36/><F103/><W95/><G95/><T59/><D43/><U107/><REACH who="1" step="1"/><E102/><REACH who="1" ten="220,93,380,297" step="2"/><V33/><F133/><W115/><G123/><T65/><D117/><U89/><E89/><V96/><F77/><W25/><G115/><T82/><D98/><U70/><E70/><V94/><F96/><W10/><G124/><T110/><D110/><U69/><E69/><V90/><F90/><W111/><G111/><T17/><D65/><U20/><E20/><V38/><F33/><W80/><G66/><T4/><D17/><U57/><E57/><V85/><F32/><W30/><G58/><T45/><D45/><U75/><E75/><V23/><F73/><W135/><G46/><T88/><D74/><U93/><E93/><V21/><F94/><W40/><G47/><T83/><D72/><U118/><E118/><V79/><F79/><W97/><G127/><T63/><REACH who="0" step="1"/><D88/><REACH who="0" ten="210,93,380,297" step="2"/><U0/><E0/><V134/><F1/><W100/><G97/><T129/><D129/><U122/><E122/><V99/><F3/><W92/><G100/><RYUUKYOKU ba="0,2" sc="210,15,93,15,380,-15,297,-15" hai0="2,4,9,42,44,48,52,59,63,82,83,104,106" hai1="5,6,7,14,16,22,60,64,68,81,91,105,107" /><INIT seed="3,1,2,5,2,89" ten="225,108,365,282" oya="3" hai0="56,19,75,125,104,61,50,117,41,65,38,130,135" hai1="45,83,103,5,62,92,132,37,131,16,116,21,115" hai2="11,8,59,20,108,96,17,29,47,32,6,27,128" hai3="129,36,57,49,81,123,34,88,68,31,118,85,7"/><W110/><G123/><T113/><D19/><U18/><E115/><V1/><F108/><W43/><G118/><T67/><D104/><U52/><E116/><V24/><F59/><W71/><G110/><T14/><D14/><U74/><E131/><V64/><F64/><W93/><G129/><T95/><D95/><U99/><E132/><V109/><F109/><W28/><G7/><T63/><D75/><U66/><E5/><N who="2" m="1071" /><F96/><W105/><G105/><T120/><D117/><U98/><E98/><V73/><F47/><W30/><G34/><T26/><D26/><U44/><E37/><V10/><F73/><W90/><G36/><T119/><D119/><U106/><E106/><V134/><F128/><W114/><G114/><T3/><D120/><U107/><E107/><V87/><F87/><W2/><G2/><T39/><D3/><U53/><E74/><V54/><F54/><N who="1" m="21097" /><E83/><V121/><F121/><W35/><G35/><T111/><D113/><U69/><E69/><V101/><F101/><W13/><G57/><N who="0" m="37039" /><D111/><U40/><E40/><V33/><F134/><W84/><REACH who="3" step="1"/><G13/><REACH who="3" ten="225,108,365,272" step="2"/><T82/><D38/><U4/><E4/><V97/><F6/><W122/><G122/><T78/><D39/><U126/><E45/><AGARI ba="1,3" hai="28,30,31,43,45,49,68,71,81,84,85,88,90,93" machi="45" ten="40,7700,0" yaku="1,1,52,1,54,1,53,0" doraHai="89" doraHaiUra="72" who="3" fromWho="1" sc="225,0,108,-80,365,0,272,110" /><INIT seed="3,2,0,0,4,27" ten="225,28,365,382" oya="3" hai0="34,81,62,91,24,87,127,112,126,30,133,20,119" hai1="97,131,58,124,96,78,17,45,98,11,92,12,15" hai2="0,115,113,107,69,108,60,40,39,102,118,23,29" hai3="9,82,132,22,13,10,36,28,135,110,63,106,116"/><W35/><G116/><T37/><D119/><U3/><E3/><V86/><F118/><W21/><G106/><T134/><D37/><U53/><E131/><V18/><F0/><W72/><G36/><T41/><D41/><U52/><E124/><N who="0" m="47657" /><D62/><U59/><E78/><V103/><F108/><W77/><G63/><T51/><D51/><U79/><E79/><V44/><F86/><W129/><G129/><T71/><D71/><U14/><E45/><V130/><F130/><W90/><G90/><T67/><D67/><U48/><REACH who="1" step="1"/><E92/><REACH who="1" ten="225,18,365,382" step="2"/><V68/><F107/><W128/><G128/><T5/><D112/><U64/><E64/><V70/><F115/><W74/><G77/><T1/><D1/><U76/><E76/><V19/><F113/><W120/><G72/><T123/><D123/><U66/><E66/><V4/><F70/><W65/><G74/><T111/><D111/><U89/><E89/><V125/><F125/><W104/><G65/><T16/><D5/><U57/><E57/><V109/><F4/><W43/><G120/><T114/><D114/><U42/><E42/><V2/><F2/><W100/><G43/><T31/><D134/><U121/><E121/><V88/><F40/><W50/><G135/><T84/><D133/><U38/><E38/><V61/><F39/><W32/><G110/><T25/><D87/><U26/><E26/><V7/><F7/><W95/><G132/><T33/><D33/><U75/><E75/><V85/><F109/><W83/><G35/><T99/><D99/><U49/><AGARI ba="2,1" hai="11,12,14,15,17,48,49,52,53,58,59,96,97,98" machi="49" ten="30,16000,3" yaku="1,1,0,1,9,1,8,1,54,1,53,3" doraHai="27" doraHaiUra="94" who="1" fromWho="1" sc="225,-42,18,176,365,-42,382,-82" /><INIT seed="4,0,0,3,3,7" ten="183,194,323,300" oya="0" hai0="114,113,99,123,94,17,14,36,47,51,49,42,55" hai1="62,68,11,32,129,64,40,103,121,73,50,119,38" hai2="10,79,135,28,57,18,21,76,25,116,86,75,128" hai3="29,92,67,80,125,8,122,1,12,66,46,102,22"/><T127/><D123/><U90/><E121/><V115/><F115/><N who="0" m="44042" /><D127/><U82/><E119/><V4/><F75/><W20/><G122/><T35/><D35/><U23/><E129/><V120/><F120/><W13/><G1/><T19/><D55/><U132/><E132/><V109/><F109/><W89/><G125/><T105/><D105/><U2/><E32/><V74/><F74/><W43/><G80/><T45/><D45/><U100/><E23/><V85/><F128/><W134/><G102/><N who="0" m="60791" /><D19/><U93/><E93/><V53/><F135/><W97/><G134/><T65/><D65/><U131/><E131/><V106/><F106/><W112/><G112/><T88/><D88/><U41/><E90/><V5/><F116/><W91/><G89/><T77/><D77/><N who="1" m="44335" /><E41/><V54/><F54/><W30/><G66/><T133/><D133/><U117/><E117/><V33/><F79/><W52/><G67/><T9/><AGARI ba="0,0" hai="9,14,17,36,42,47,49,51" m="60791,44042" machi="9" ten="30,3000,0" yaku="15,1,52,1" doraHai="7" who="0" fromWho="0" sc="183,30,194,-10,323,-10,300,-10" /><INIT seed="4,1,0,0,4,51" ten="213,184,313,290" oya="0" hai0="91,128,61,95,52,8,88,94,134,89,72,129,42" hai1="43,59,86,11,108,70,68,135,26,118,82,93,114" hai2="13,39,37,25,36,131,84,62,74,56,31,17,79" hai3="14,50,110,12,44,109,0,53,130,132,107,120,3"/><T78/><D134/><U40/><E118/><V64/><F74/><W92/><G92/><T104/><D104/><U127/><E108/><V34/><F131/><N who="0" m="50250" /><D42/><U54/><E135/><V73/><F73/><W85/><G85/><T102/><D8/><U15/><E127/><V6/><F6/><W66/><G130/><T126/><D126/><U5/><E114/><V124/><F124/><W96/><G107/><T22/><D22/><U24/><E93/><V97/><F97/><W45/><G96/><N who="0" m="59671" /><D78/><U49/><E70/><V125/><F125/><W21/><G21/><T2/><D2/><U29/><E68/><V41/><F41/><N who="1" m="15945" /><E29/><V103/><F103/><W60/><G132/><T71/><D71/><U35/><E35/><V119/><F119/><W117/><G117/><T20/><D20/><U48/><E48/><V63/><F63/><W101/><G50/><T18/><D18/><U19/><E19/><V77/><REACH who="2" step="1"/><F84/><REACH who="2" ten="213,184,303,290" step="2"/><W80/><G60/><T123/><D72/><U81/><E81/><V16/><F16/><W38/><G80/><T90/><D123/><U76/><AGARI ba="1,1" hai="5,11,15,24,26,49,54,59,76,82,86" m="15945" machi="76" ten="30,2000,0" yaku="8,1,52,1" doraHai="51" who="1" fromWho="1" sc="213,-11,184,33,303,-6,290,-6" /><INIT seed="5,0,0,0,1,64" ten="202,217,297,284" oya="1" hai0="68,87,108,36,4,58,53,73,114,106,47,22,65" hai1="95,129,133,50,15,0,57,88,118,46,49,21,67" hai2="111,63,119,90,72,78,3,42,103,55,34,60,84" hai3="17,105,127,7,18,132,32,100,104,52,28,93,113"/><U91/><E118/><V13/><F3/><W33/><G113/><T29/><D108/><U48/><E0/><V109/><F34/><W56/><G127/><T51/><D73/><U134/><E129/><V116/><F103/><W26/><G33/><T123/><D114/><U121/><E121/><V2/><F2/><W120/><G132/><N who="1" m="50794" /><E91/><V35/><F35/><W79/><G7/><T101/><D123/><U115/><E115/><V9/><F42/><W86/><G120/><T45/><D4/><U74/><E74/><V24/><F24/><W1/><G1/><T16/><D29/><U102/><E102/><V41/><F41/><W131/><G131/><T76/><D36/><U80/><E80/><V112/><F112/><W61/><G104/><T5/><D5/><U77/><E77/><V54/><F78/><W40/><G40/><T122/><D122/><U70/><E70/><V19/><F72/><W37/><G105/><T27/><D76/><U6/><E46/><V59/><F111/><W83/><REACH who="3" step="1"/><G37/><REACH who="3" ten="202,217,297,274" step="2"/><T124/><D124/><U12/><E6/><V39/><F39/><W43/><G43/><T125/><D125/><U66/><E21/><V94/><F109/><W85/><G85/><T117/><D87/><N who="1" m="52639" /><E67/><V96/><F84/><W25/><G25/><T89/><D117/><U20/><E20/><V128/><F128/><W98/><AGARI ba="0,1" hai="17,18,26,28,32,52,56,61,79,83,86,93,98,100" machi="98" ten="30,7900,0" yaku="1,1,0,1,54,1,53,1" doraHai="64" doraHaiUra="75" who="3" fromWho="3" sc="202,-20,217,-39,297,-20,274,89" /><INIT seed="6,0,0,4,3,111" ten="182,178,277,363" oya="2" hai0="39,36,78,110,16,62,98,128,20,94,85,14,48" hai1="31,19,7,51,76,58,83,57,35,99,64,63,1" hai2="46,37,88,17,75,96,38,47,71,29,121,89,18" hai3="33,49,117,113,97,115,61,52,42,60,124,5,112"/><V34/><F75/><W105/><G117/><T55/><D110/><U4/><E1/><V72/><F72/><W77/><G33/><T87/><D128/><U102/><E19/><V13/><F71/><W135/><G135/><T122/><D62/><U125/><E125/><V82/><F121/><W92/><G105/><T11/><D122/><U50/><E31/><V45/><F34/><W123/><G123/><T90/><D78/><U69/><E69/><V54/><F29/><W15/><G42/><T116/><D116/><U114/><E35/><V119/><F119/><W104/><G104/><T8/><D39/><U130/><E130/><V120/><F18/><W28/><G77/><T59/><D36/><U108/><E108/><V81/><F120/><W107/><G107/><T23/><D23/><U40/><E51/><V80/><F54/><W27/><G15/><T84/><AGARI ba="0,0" hai="8,11,14,16,20,48,55,59,84,85,87,90,94,98" machi="84" ten="30,4000,0" yaku="0,1,8,1,54,1" doraHai="111" who="0" fromWho="0" sc="182,40,178,-10,277,-20,363,-10" /><INIT seed="7,0,0,5,4,94" ten="222,168,257,353" oya="3" hai0="24,19,114,103,124,2,119,33,98,107,12,110,111" hai1="56,76,97,73,61,117,49,25,84,40,41,106,39" hai2="134,75,57,60,79,63,55,0,102,4,108,125,71" hai3="62,82,89,130,81,18,100,95,54,83,88,105,68"/><W16/><G105/><T91/><D119/><U51/><E73/><V47/><F108/><W34/><G34/><T90/><D2/><U112/><E39/><V35/><F35/><W15/><G68/><T77/><D77/><U26/><E117/><V101/><F125/><W93/><G18/><T109/><D124/><U133/><E112/><V69/><F47/><W50/><G62/><T59/><D114/><U36/><E36/><V9/><F134/><W85/><G100/><T8/><REACH who="0" step="1"/><D59/><REACH who="0" ten="212,168,257,353" step="2"/><U115/><E115/><V104/><F71/><W52/><G130/><T118/><D118/><U23/><E133/><V99/><F79/><W65/><G65/><T74/><D74/><U29/><E76/><V21/><F75/><W6/><G50/><T45/><D45/><U64/><E84/><V46/><F46/><W42/><G42/><T122/><D122/><U5/><E51/><V121/><F69/><W87/><G6/><T67/><D67/><U20/><E5/><V48/><F121/><W129/><G129/><T128/><D128/><U37/><E49/><V17/><F48/><W14/><G14/><T13/><D13/><U96/><E37/><V43/><F63/><W72/><G72/><T131/><D131/><U44/><E44/><V31/><F43/><N who="1" m="16457" /><E106/><V70/><F70/><W113/><G113/><T58/><D58/><U27/><E27/><N who="2" m="16879" /><F104/><W22/><AGARI ba="0,1" hai="15,16,22,52,54,81,82,83,85,87,88,89,93,95" machi="22" ten="30,18000,2" yaku="0,1,9,1,8,1,54,3" doraHai="94" who="3" fromWho="3" sc="212,-60,168,-60,257,-60,353,190" owari="152,-25.0,108,-39.0,197,0.0,543,64.0" /></mjloggm>