<mjloggm ver="2.3"><GO type="169" lobby="0"/><UN n0="%E7%A9%B4%E4%BA%95%E6%88%91%E8%81%9E" n1="%6D%61%6B%6F%74%61" n2="%E5%B0%8F%E6%B1%A0%E7%BE%8E%E6%B3%A2%E2%8A%BF" n3="%E3%82%A2%E3%83%A1%E3%83%B3%E3%83%9D%E3%81%A6%E3%81%B5" dan="16,16,16,17" rate="2104.67,2041.60,2135.89,2255.56" sx="M,M,F,M"/><TAIKYOKU oya="0"/><INIT seed="0,0,0,1,3,99" ten="250,250,250,250" oya="0" hai0="92,5,48,128,108,90,133,56,110,41,55,129,24" hai1="20,15,76,26,13,72,122,68,75,62,43,94,77" hai2="79,106,119,101,103,73,71,91,65,131,40,19,53" hai3="45,52,109,82,42,83,64,4,111,135,132,28,69"/><T6/><D133/><N who="3" m="51273" /><G28/><T31/><D41/><U21/><E43/><V86/><F106/><W115/><G4/><T50/><D50/><U25/><E94/><V54/><F40/><W95/><G95/><T120/><D120/><U74/><E62/><V96/><F73/><W49/><G115/><T23/><D5/><U127/><E68/><V61/><F119/><W37/><G83/><T58/><D58/><U33/><E33/><V38/><F38/><W22/><G22/><N who="1" m="8810" /><E127/><V107/><F131/><W30/><G82/><T100/><D6/><U88/><E88/><V123/><F123/><W134/><N who="3" m="51281" /><W36/><DORA hai="81" /><G30/><T70/><D70/><U87/><E87/><V126/><F126/><W97/><G97/><N who="0" m="59431" /><D90/><U2/><E2/><V125/><F125/><W8/><G8/><T98/><D98/><U105/><E105/><V16/><F79/><N who="1" m="30281" /><E122/><V57/><F96/><W59/><G37/><T32/><D32/><U114/><E114/><V7/><F107/><W89/><G89/><T113/><D113/><U34/><E34/><V11/><F19/><W10/><G10/><T27/><D27/><AGARI ba="0,0" hai="13,15,25,26,27,72,74,75" m="30281,8810" machi="27" ten="40,2600,0" yaku="28,2" doraHai="99,81" who="1" fromWho="0" sc="250,-26,250,26,250,0,250,0" /><INIT seed="1,0,0,2,1,131" ten="224,276,250,250" oya="1" hai0="112,38,105,43,128,12,109,39,22,93,46,68,63" hai1="37,119,62,132,30,55,110,45,96,29,13,116,81" hai2="51,10,41,4,124,115,11,44,8,57,135,42,7" hai3="130,0,5,60,85,77,75,54,6,26,65,53,56"/><U107/><E110/><V2/><F124/><W117/><G75/><T64/><D112/><U9/><E81/><V86/><F115/><W94/><G130/><T134/><D128/><U92/><E107/><V84/><F42/><W72/><G72/><T88/><D105/><U32/><E32/><V125/><F125/><W120/><G120/><T17/><D109/><U76/><E76/><V121/><F121/><W20/><G117/><T15/><D15/><U18/><E132/><V99/><F135/><W78/><G0/><T34/><D34/><U25/><E25/><V97/><F57/><W33/><G33/><T35/><D35/><U98/><E116/><V23/><F23/><W114/><G114/><T74/><D74/><U102/><E119/><V71/><F71/><W16/><G78/><T82/><D82/><U90/><E37/><V73/><F73/><W50/><G77/><T69/><D134/><U70/><E70/><V19/><F19/><W87/><G54/><T101/><D101/><U49/><REACH who="1" step="1"/><E62/><REACH who="1" ten="224,266,250,250" step="2"/><V48/><F51/><W27/><G26/><T95/><D69/><U1/><E1/><V80/><F2/><W28/><G94/><T123/><D123/><U104/><AGARI ba="0,1" hai="9,13,18,29,30,45,49,55,90,92,96,98,102,104" machi="104" ten="20,7800,0" yaku="1,1,0,1,7,1,53,1" doraHai="131" doraHaiUra="103" who="1" fromWho="1" sc="224,-26,266,88,250,-26,250,-26" /><INIT seed="1,1,0,1,1,43" ten="198,354,224,224" oya="1" hai0="49,95,8,75,66,42,108,114,120,81,34,130,82" hai1="50,135,4,10,5,132,68,129,99,53,74,92,51" hai2="28,11,45,15,38,40,47,94,33,25,17,110,32" hai3="107,24,106,0,41,54,63,46,73,89,79,3,64"/><U7/><E74/><V22/><F110/><W19/><G54/><T1/><D114/><U109/><E68/><V122/><F122/><W76/><G89/><T27/><D108/><U56/><E129/><V62/><F62/><W131/><G19/><T111/><D111/><U20/><E109/><V13/><F94/><W121/><G121/><T69/><D130/><U12/><E20/><V71/><F71/><N who="3" m="42399" /><G76/><T39/><D49/><U80/><E80/><V115/><F115/><W18/><G18/><T117/><D95/><U100/><REACH who="1" step="1"/><E50/><REACH who="1" ten="198,344,224,224" step="2"/><V61/><F61/><W128/><G128/><T101/><D82/><U88/><E88/><V55/><F32/><W6/><G73/><T60/><D81/><U134/><AGARI ba="1,1" hai="4,5,7,10,12,51,53,56,92,99,100,132,134,135" machi="134" ten="30,6000,0" yaku="1,1,0,1,20,1,53,0" doraHai="43" doraHaiUra="84" who="1" fromWho="1" sc="198,-21,344,73,224,-21,224,-21" /><INIT seed="1,2,0,5,3,66" ten="177,417,203,203" oya="1" hai0="51,131,79,105,62,61,88,32,129,127,87,97,54" hai1="93,123,78,29,96,18,109,132,89,81,12,55,49" hai2="28,20,103,40,111,112,74,86,10,48,14,102,1" hai3="56,58,52,113,38,16,31,73,64,13,37,104,21"/><U7/><E123/><V3/><F74/><W2/><G73/><T83/><D32/><U6/><E109/><V100/><F111/><W75/><G75/><T71/><D127/><U4/><E29/><V15/><F86/><W126/><G113/><T50/><D50/><U122/><E122/><V47/><F112/><W128/><G104/><T72/><D97/><U92/><E132/><V30/><F1/><W90/><G126/><T117/><D105/><U118/><E118/><V59/><F3/><W41/><G2/><T57/><D117/><U95/><E81/><V25/><F30/><W114/><G114/><T23/><D23/><U9/><REACH who="1" step="1"/><E78/><REACH who="1" ten="177,407,203,203" step="2"/><V8/><F59/><AGARI ba="2,1" hai="4,6,7,9,12,18,49,55,59,89,92,93,95,96" machi="59" ten="40,7700,0" yaku="1,1,2,1,8,1,53,0" doraHai="66" doraHaiUra="43" who="1" fromWho="2" sc="177,0,407,93,203,-83,203,0" /><INIT seed="1,3,0,1,1,2" ten="177,500,120,203" oya="1" hai0="26,29,46,27,84,119,39,90,116,95,91,80,4" hai1="48,101,35,16,129,43,41,32,102,122,74,68,113" hai2="82,134,107,110,56,128,57,64,52,9,8,25,17" hai3="62,49,6,118,19,65,130,123,51,20,132,55,60"/><U22/><E74/><V100/><F110/><W73/><G123/><T21/><D39/><U88/><E68/><V28/><F128/><W69/><G73/><T125/><D125/><U124/><E124/><V36/><F36/><W45/><G130/><T15/><D46/><U97/><E122/><V131/><F131/><W78/><G132/><T133/><D133/><U47/><E129/><V79/><F100/><W33/><G78/><T85/><REACH who="0" step="1"/><D27/><REACH who="0" ten="167,500,120,203" step="2"/><U53/><E113/><V87/><F134/><W13/><G45/><T94/><D94/><N who="1" m="56519" /><E32/><V5/><F107/><W117/><G33/><T37/><D37/><U126/><E35/><V18/><F25/><W114/><G114/><T108/><D108/><U86/><E126/><V23/><F82/><W103/><G118/><T61/><D61/><U11/><E43/><V92/><F92/><W10/><G62/><T121/><D121/><U0/><E41/><V75/><F75/><W44/><G117/><T104/><D104/><U127/><E127/><V1/><F79/><W93/><G93/><T77/><D77/><U71/><E47/><V112/><F112/><W98/><G51/><T34/><D34/><U30/><E48/><V115/><F115/><W31/><G49/><T120/><D120/><U14/><E102/><V96/><F87/><W50/><G103/><T7/><D7/><U76/><E86/><V66/><F5/><W59/><G44/><T83/><D83/><U24/><E101/><V135/><F135/><W81/><G81/><T67/><D67/><U58/><E76/><V89/><F66/><W38/><G65/><RYUUKYOKU ba="3,1" sc="167,30,500,-10,120,-10,203,-10" hai0="4,15,21,26,29,80,84,85,90,91,95,116,119" /><INIT seed="2,4,1,5,0,20" ten="197,490,110,193" oya="2" hai0="27,122,26,30,109,99,41,25,95,70,118,105,130" hai1="47,110,94,17,12,73,127,131,0,53,46,97,40" hai2="124,10,19,13,11,52,116,117,14,67,4,88,59" hai3="125,6,65,50,68,36,111,132,9,64,120,42,45"/><V119/><F124/><W107/><G120/><T129/><D122/><U86/><E73/><V23/><F67/><W1/><G125/><T106/><D109/><U69/><E0/><V93/><F11/><W21/><G111/><T55/><D118/><U74/><E74/><V112/><F112/><W81/><G107/><T75/><D75/><U84/><E69/><V44/><F44/><W96/><G132/><T126/><D126/><U49/><E131/><N who="0" m="50185" /><D41/><U2/><E2/><V33/><F33/><W115/><G115/><T5/><D5/><U32/><E32/><V60/><REACH who="2" step="1"/><F116/><REACH who="2" ten="197,490,100,193" step="2"/><W43/><G65/><T48/><D70/><U82/><E127/><V78/><F78/><W56/><G64/><T113/><D113/><U66/><E66/><V61/><F61/><W28/><G68/><T85/><D30/><U62/><E62/><V90/><F90/><W89/><G89/><N who="0" m="53679" /><D99/><AGARI ba="4,2" hai="4,10,13,14,19,23,52,59,60,88,93,99,117,119" machi="99" ten="30,11600,0" yaku="1,1,7,1,54,2,53,0" doraHai="20" doraHaiUra="63" who="2" fromWho="0" sc="197,-128,490,0,100,148,193,0" /><INIT seed="2,5,0,1,3,97" ten="69,490,248,193" oya="2" hai0="132,9,83,24,135,87,99,134,15,76,60,38,88" hai1="86,70,4,51,12,19,129,102,18,8,23,66,82" hai2="33,74,130,52,11,72,3,55,93,37,56,49,124" hai3="26,58,67,7,119,90,80,27,133,73,79,20,47"/><V91/><F37/><W128/><G119/><T109/><D109/><U77/><E129/><V122/><F122/><W36/><G133/><T0/><D0/><U110/><E110/><V48/><F33/><W105/><G128/><T127/><D127/><U6/><E102/><V62/><F130/><W59/><G7/><T10/><D38/><U85/><E66/><V95/><F62/><W113/><G105/><T98/><D24/><U46/><E70/><V81/><F81/><W94/><G26/><T28/><D28/><U43/><E85/><V96/><F124/><W100/><G67/><T31/><D31/><U29/><E29/><V108/><F108/><W21/><G21/><T125/><D125/><U111/><E111/><V78/><F78/><W114/><G47/><T53/><D76/><U44/><E44/><V101/><F11/><W112/><G36/><T117/><D117/><U106/><E106/><V75/><F3/><W42/><G42/><T1/><D1/><U5/><REACH who="1" step="1"/><E19/><REACH who="1" ten="69,480,248,193" step="2"/><V13/><F74/><W118/><G100/><T25/><D135/><U50/><E50/><V120/><F120/><W54/><G118/><T57/><D134/><U69/><E69/><V89/><F101/><W16/><REACH who="3" step="1"/><G54/><REACH who="3" ten="69,480,248,183" step="2"/><T115/><D132/><U17/><E17/><V39/><F39/><W104/><G104/><T131/><D131/><U30/><E30/><V14/><F56/><W32/><G32/><T41/><D53/><U34/><E34/><V64/><F64/><W126/><G126/><T121/><D121/><U107/><E107/><V61/><F61/><W35/><G35/><RYUUKYOKU ba="5,2" sc="69,-30,480,10,248,10,183,10" hai1="4,5,6,8,12,18,23,43,46,51,77,82,86" hai2="13,14,48,49,52,55,72,75,89,91,93,95,96" hai3="16,20,27,58,59,73,79,80,90,94,112,113,114" /><INIT seed="2,6,2,5,4,101" ten="39,490,258,193" oya="2" hai0="106,83,112,35,79,11,46,13,65,27,116,132,95" hai1="82,121,53,68,94,85,104,51,60,76,14,130,2" hai2="56,91,74,20,39,114,24,131,88,59,30,42,49" hai3="7,9,41,135,67,58,109,110,113,102,89,57,117"/><V63/><F114/><W75/><G117/><T40/><D112/><U19/><E2/><V123/><F123/><W86/><G113/><T73/><D132/><U122/><E130/><V47/><F74/><W78/><G135/><T15/><D116/><U4/><E104/><V36/><F131/><W32/><G32/><T134/><D134/><U12/><E94/><V92/><F59/><W64/><G102/><T105/><D65/><N who="3" m="25161" /><G41/><T0/><D95/><U70/><E60/><V8/><F8/><W100/><G100/><T129/><D129/><U6/><E68/><V55/><REACH who="2" step="1"/><F91/><REACH who="2" ten="39,490,248,193" step="2"/><W111/><G75/><T5/><D35/><U54/><E70/><V62/><F62/><W31/><G89/><T33/><D15/><U127/><E14/><V25/><F25/><W126/><G57/><T115/><D115/><U133/><E12/><V128/><F128/><W45/><G58/><T71/><D71/><U87/><E133/><V119/><F119/><W120/><G120/><T103/><D13/><U23/><E121/><V44/><F44/><W81/><G45/><T108/><D103/><U52/><E122/><V72/><F72/><W29/><G126/><T77/><D77/><U93/><E127/><V124/><F124/><W84/><G9/><T34/><D108/><U22/><E76/><V125/><F125/><W66/><G111/><T37/><D34/><U97/><E97/><AGARI ba="6,3" hai="20,24,30,36,39,42,47,49,55,56,63,88,92,97" machi="97" ten="30,5800,0" yaku="1,1,7,1,54,1,53,0" doraHai="101" doraHaiUra="80" who="2" fromWho="1" sc="39,0,490,-76,248,106,193,0" /><INIT seed="2,7,0,1,4,131" ten="39,414,354,193" oya="2" hai0="6,53,47,130,69,121,23,35,0,41,24,89,44" hai1="115,86,118,77,8,109,93,96,14,65,135,83,66" hai2="110,25,90,94,60,34,71,3,101,105,98,97,88" hai3="45,123,31,28,37,73,74,107,116,102,4,32,85"/><V62/><F3/><W58/><G123/><T42/><D121/><U21/><E118/><V72/><F72/><W56/><G116/><T87/><D130/><U106/><E115/><V15/><F110/><W63/><G4/><T133/><D35/><U12/><E106/><V39/><F39/><W76/><G102/><T125/><D69/><U61/><E109/><V122/><F122/><W103/><G103/><T68/><D68/><U19/><E61/><V78/><F78/><W128/><G107/><T43/><D125/><U16/><REACH who="1" step="1"/><E135/><REACH who="1" ten="39,404,354,193" step="2"/><V120/><F120/><W22/><G63/><T49/><D133/><U92/><E92/><V114/><F114/><W95/><G95/><T82/><D0/><U104/><E104/><V57/><F71/><W126/><G128/><T27/><D6/><U113/><E113/><V33/><F60/><W11/><G126/><T54/><REACH who="0" step="1"/><D23/><REACH who="0" ten="29,404,354,193" step="2"/><U48/><E48/><AGARI ba="7,2" hai="24,27,41,42,43,44,47,48,49,53,54,82,87,89" machi="48" ten="40,8000,1" yaku="1,1,2,1,9,1,8,1,53,0" doraHai="131" doraHaiUra="134" who="0" fromWho="1" sc="29,121,404,-101,354,0,193,0" /><INIT seed="3,0,0,0,2,127" ten="150,303,354,193" oya="3" hai0="18,53,21,45,135,75,0,22,94,32,100,62,111" hai1="122,66,126,51,16,67,120,24,95,48,130,13,108" hai2="117,115,78,129,113,7,4,103,110,101,92,9,23" hai3="30,58,69,134,56,72,98,97,104,28,39,79,25"/><W55/><G69/><T37/><D111/><U128/><E108/><V43/><F110/><W71/><G71/><T64/><D32/><U46/><E24/><V112/><F117/><W70/><G70/><T88/><D0/><U6/><E6/><V15/><F43/><W12/><G39/><T44/><D75/><U14/><E95/><V8/><F78/><W106/><G72/><T82/><D135/><U131/><E126/><V121/><F121/><N who="1" m="46697" /><E14/><V19/><F92/><W36/><G36/><T41/><D82/><U125/><E125/><V124/><F124/><W33/><G79/><T54/><D100/><U74/><E74/><V34/><F34/><W38/><G38/><T99/><D22/><N who="1" m="11535" /><E51/><V87/><F87/><W102/><G12/><T116/><D116/><U57/><E57/><V50/><F50/><W77/><G134/><T83/><D83/><U90/><E90/><V105/><F105/><W47/><G77/><T10/><D10/><N who="2" m="4202" /><F101/><N who="3" m="62511" /><G28/><T73/><D73/><U27/><E27/><V17/><F103/><W132/><G132/><T5/><D5/><N who="2" m="2122" /><F19/><W76/><G76/><T109/><D109/><U59/><E59/><V40/><F40/><AGARI ba="0,0" hai="40,46,48,66,67,128,130,131" m="11535,46697" machi="40" ten="40,8000,1" yaku="19,1,52,3,54,1" doraHai="127" who="1" fromWho="2" sc="150,0,303,80,354,-80,193,0" /><INIT seed="4,0,0,4,4,75" ten="150,383,274,193" oya="0" hai0="111,113,54,134,25,76,84,99,100,42,2,129,31" hai1="67,112,102,131,38,81,17,125,82,94,133,37,10" hai2="13,3,77,79,24,95,35,71,65,101,40,60,9" hai3="74,57,88,122,66,21,89,72,55,0,41,105,36"/><T121/><D121/><U51/><E112/><V28/><F3/><W96/><G122/><T8/><D113/><U85/><E125/><V109/><F109/><W29/><G0/><T92/><D111/><U4/><E131/><V33/><F33/><W123/><G123/><T30/><D129/><U73/><E17/><V116/><F116/><W20/><G41/><T106/><D134/><U90/><E67/><V12/><F12/><W127/><G36/><T50/><D42/><U23/><E23/><V115/><F40/><W104/><G66/><T126/><D126/><U32/><E32/><V63/><F63/><W86/><G86/><T68/><D68/><U124/><E124/><V132/><F132/><W130/><G57/><T53/><D53/><U70/><E70/><V107/><F95/><W120/><G120/><T97/><D2/><U78/><E133/><V52/><F52/><W83/><G55/><T108/><D8/><U91/><E102/><V118/><F118/><W34/><G34/><T87/><D108/><U19/><E19/><N who="2" m="8623" /><F115/><W5/><G130/><T49/><D49/><U59/><E51/><V114/><F114/><W64/><G74/><T48/><D48/><U27/><E59/><V39/><F39/><W135/><G72/><T128/><D128/><U56/><E56/><V1/><F1/><W110/><G110/><T22/><D31/><U15/><E27/><V62/><F62/><W26/><G26/><T14/><D14/><U69/><E69/><V117/><F117/><W61/><G127/><T58/><D76/><U18/><E4/><V43/><F43/><RYUUKYOKU ba="0,0" sc="150,10,383,10,274,10,193,-30" hai0="22,25,30,50,54,58,84,87,92,97,99,100,106" hai1="10,15,18,37,38,73,78,81,82,85,90,91,94" hai2="24,28,35,60,65,71,77,79,101,107" /><INIT seed="4,1,0,1,3,25" ten="160,393,284,163" oya="0" hai0="96,73,86,14,60,34,69,46,4,38,48,83,117" hai1="84,24,78,74,121,125,93,7,105,112,101,129,39" hai2="122,88,0,17,6,32,108,100,130,27,61,114,43" hai3="126,12,50,87,53,58,115,26,66,2,94,106,68"/><T134/><D117/><U104/><E39/><V44/><F108/><W59/><G2/><T16/><D4/><U45/><E45/><V97/><F122/><W110/><G110/><T89/><D134/><U21/><E7/><V9/><F114/><W62/><G115/><T70/><D38/><U20/><E24/><V10/><F61/><W19/><G106/><T35/><D73/><U71/><E20/><V29/><F130/><W92/><G126/><T3/><D3/><U135/><E21/><V51/><F88/><N who="3" m="53279" /><G68/><T57/><D96/><N who="1" m="59535" /><E71/><V124/><F124/><W31/><G94/><T91/><D91/><U107/><E135/><V111/><F111/><W28/><G26/><T13/><D70/><U42/><E42/><V52/><F43/><W8/><AGARI ba="1,0" hai="8,12,19,28,31,50,53,58,59,62,66" m="53279" machi="8" ten="30,7900,0" yaku="8,1,52,2,54,1" doraHai="25" who="3" fromWho="3" sc="160,-40,393,-21,284,-21,163,82" /><INIT seed="5,0,0,5,0,76" ten="120,372,263,245" oya="1" hai0="7,8,110,12,62,48,69,34,21,77,115,134,80" hai1="74,32,24,9,2,39,85,89,33,70,66,126,41" hai2="0,83,120,31,100,13,91,132,118,57,47,65,25" hai3="114,20,99,107,35,43,130,52,88,5,10,3,63"/><U82/><E126/><V109/><F0/><W102/><G35/><T64/><D110/><U131/><E131/><V119/><F109/><W67/><G130/><T116/><D116/><U22/><E74/><V93/><F120/><W135/><G114/><T122/><D122/><U75/><E75/><V23/><F132/><W133/><G43/><T68/><D115/><U117/><E117/><V16/><F47/><W86/><G20/><T15/><D134/><U72/><E72/><V87/><F65/><W81/><REACH who="3" step="1"/><G52/><REACH who="3" ten="120,372,263,235" step="2"/><T124/><D34/><U27/><E39/><V113/><F113/><W58/><AGARI ba="0,1" hai="3,5,10,58,63,67,81,86,88,99,102,107,133,135" machi="58" ten="30,12000,2" yaku="1,1,2,1,0,1,52,1,54,1,53,1" doraHai="76" doraHaiUra="59" who="3" fromWho="3" sc="120,-30,372,-60,263,-30,235,130" /><INIT seed="6,0,0,4,2,23" ten="90,312,233,365" oya="2" hai0="107,123,105,52,109,62,87,21,78,99,128,71,24" hai1="56,32,88,81,77,110,8,127,108,64,50,114,73" hai2="28,68,51,31,122,22,74,35,30,27,19,38,131" hai3="13,135,93,44,106,70,86,33,69,113,57,40,48"/><V82/><F122/><W119/><G106/><T0/><D123/><U60/><E114/><V49/><F38/><W118/><G113/><T16/><D109/><U96/><E127/><V14/><F68/><W115/><G115/><T58/><D128/><U111/><E32/><V4/><F131/><W25/><G135/><T90/><D0/><U129/><E129/><V5/><F51/><W34/><G13/><T46/><D71/><U121/><E121/><V102/><F102/><W26/><G57/><T7/><D7/><N who="2" m="2634" /><F49/><W15/><G15/><T75/><D46/><U97/><E8/><N who="2" m="6599" /><F82/><W54/><G34/><T9/><D9/><U84/><REACH who="1" step="1"/><E50/><REACH who="1" ten="90,302,233,365" step="2"/><V18/><F74/><W132/><G48/><T125/><D125/><U94/><AGARI ba="0,1" hai="56,60,64,73,77,81,84,88,94,96,97,108,110,111" machi="94" ten="30,7900,0" yaku="1,1,2,1,0,1,54,1,53,0" doraHai="23" doraHaiUra="1" who="1" fromWho="1" sc="90,-20,302,89,233,-39,365,-20" /><INIT seed="7,0,0,3,5,61" ten="70,391,194,345" oya="3" hai0="114,132,104,48,30,43,56,26,24,86,79,70,55" hai1="71,60,111,37,2,103,42,112,90,135,107,119,41" hai2="73,125,31,12,109,51,6,23,105,93,34,92,134" hai3="18,53,85,84,66,89,9,113,123,8,38,130,21"/><W78/><G123/><T128/><D104/><U35/><RYUUKYOKU type="yao9" ba="0,0" sc="70,0,391,0,194,0,345,0" hai1="2,35,37,41,42,60,71,90,103,107,111,112,119,135" /><INIT seed="7,1,0,1,1,131" ten="70,391,194,345" oya="3" hai0="36,106,48,4,102,45,44,8,31,87,72,134,58" hai1="0,16,57,130,29,104,42,25,12,61,6,111,77" hai2="129,26,103,109,118,82,90,132,81,19,40,71,91" hai3="18,113,22,56,105,10,33,133,27,84,30,95,119"/><W47/><G133/><T2/><D87/><U121/><E111/><V125/><F71/><W9/><G105/><T73/><D58/><U14/><E104/><V112/><F40/><W68/><G119/><T3/><D45/><U100/><E100/><V89/><F26/><W110/><G113/><T39/><D48/><U92/><E121/><V123/><F19/><W96/><G68/><T124/><D124/><U85/><E42/><V23/><F23/><W52/><G110/><T13/><D13/><U11/><E130/><V41/><F41/><W114/><G84/><T60/><D2/><U76/><E92/><V97/><F129/><W78/><G78/><T127/><D127/><U21/><E85/><V59/><F59/><W74/><G47/><T80/><D60/><U15/><REACH who="1" step="1"/><E29/><REACH who="1" ten="70,381,194,345" step="2"/><V5/><F5/><W86/><G33/><T101/><D101/><U1/><E1/><V79/><F109/><W7/><G27/><T32/><D73/><U66/><AGARI ba="1,1" hai="0,6,11,12,14,15,16,21,25,57,61,66,76,77" machi="66" ten="30,4000,0" yaku="1,1,0,1,54,1,53,0" doraHai="131" doraHaiUra="94" who="1" fromWho="1" sc="70,-11,381,53,194,-11,345,-21" owari="59,-44.0,434,54.0,183,-22.0,324,12.0" /></mjloggm>