<mjloggm ver="2.3"><GO type="169" lobby="0"/><UN n0="%E5%A5%88%E8%90%BD%E3%81%AE%E7%8E%8B" n1="%E3%82%A2%E3%82%B9%E3%82%BF%E3%83%8A" n2="%42%72%42%61" n3="%E3%81%9F%E3%81%A1%E3%83%90%E3%83%8A%E3%83%8A%40" dan="17,17,16,17" rate="2186.84,2197.19,2156.58,2170.82" sx="M,M,M,M"/><TAIKYOKU oya="0"/><INIT seed="0,0,0,2,2,81" ten="250,250,250,250" oya="0" hai0="79,63,89,16,56,121,117,35,122,74,109,86,129" hai1="61,15,118,98,9,43,62,88,95,96,47,99,26" hai2="93,108,17,40,73,116,103,112,13,65,84,52,44" hai3="100,57,8,80,21,123,46,18,54,128,39,34,115"/><T30/><D117/><U124/><E118/><V28/><F116/><W20/><G34/><T83/><D129/><U6/><E124/><V60/><F112/><W42/><G115/><T53/><D109/><U12/><E26/><V113/><F113/><W126/><G128/><T107/><D107/><U134/><E134/><V0/><F108/><W45/><G126/><T82/><REACH who="0" step="1"/><D16/><REACH who="0" ten="240,250,250,250" step="2"/><U78/><E15/><V131/><F13/><W102/><G18/><T91/><D91/><U69/><E78/><V14/><F17/><W11/><G11/><T59/><D59/><U77/><E77/><V75/><F14/><W64/><G8/><T120/><D120/><U125/><E125/><V41/><F131/><W101/><G123/><T119/><D119/><U104/><E104/><V19/><F19/><W135/><G101/><T72/><D72/><U90/><E69/><V7/><F103/><W36/><G102/><T10/><D10/><U27/><E27/><AGARI ba="0,1" hai="27,30,35,53,56,63,74,79,82,83,86,89,121,122" machi="27" ten="40,7700,0" yaku="1,1,52,1,53,1" doraHai="81" doraHaiUra="48" who="0" fromWho="1" sc="240,87,250,-77,250,0,250,0" /><INIT seed="0,1,0,2,2,98" ten="327,173,250,250" oya="0" hai0="28,31,86,52,58,100,121,120,64,18,109,106,123" hai1="4,92,35,44,41,60,32,133,10,91,85,59,14" hai2="63,131,12,116,111,101,45,3,26,53,113,43,122" hai3="79,61,75,102,15,99,94,88,84,50,20,7,42"/><T114/><D114/><U104/><E133/><V95/><F122/><W1/><G1/><T115/><D115/><U5/><E104/><V25/><F113/><W97/><G97/><T48/><D109/><U117/><E117/><V2/><F111/><W74/><G61/><T124/><D124/><U78/><E4/><V69/><F116/><W80/><G20/><T38/><D38/><U118/><E118/><V67/><F131/><W39/><G39/><T119/><D119/><U135/><E135/><V71/><F71/><W89/><G74/><T27/><D64/><U90/><E90/><V23/><F12/><W47/><REACH who="3" step="1"/><G75/><REACH who="3" ten="327,173,250,240" step="2"/><T107/><D121/><U55/><REACH who="1" step="1"/><E78/><REACH who="1" ten="327,163,250,240" step="2"/><V21/><F2/><W46/><G46/><T0/><D0/><U34/><E34/><V17/><F3/><W112/><G112/><T49/><D123/><U87/><E87/><V72/><F72/><W8/><AGARI ba="1,2" hai="7,8,15,42,47,50,79,80,84,88,89,94,99,102" machi="8" ten="30,16000,3" yaku="1,1,0,1,25,2,8,1,52,1,54,1,53,1" doraHai="98" doraHaiUra="9" who="3" fromWho="3" sc="327,-81,163,-41,250,-41,240,183" /><INIT seed="1,0,0,5,0,44" ten="246,122,209,423" oya="1" hai0="104,53,63,66,64,133,26,84,124,10,61,98,106" hai1="59,113,24,100,91,41,93,72,69,25,99,0,29" hai2="134,46,102,116,27,49,90,37,82,56,96,128,28" hai3="89,78,127,34,17,132,123,18,74,19,75,70,4"/><U40/><E113/><V111/><F116/><W31/><G70/><T35/><D133/><U7/><E69/><V110/><F134/><W83/><G123/><T51/><D124/><U55/><E72/><V1/><F128/><W120/><G120/><T38/><D38/><U71/><E71/><V86/><F1/><W80/><G4/><T50/><D84/><U97/><E7/><V2/><F2/><W5/><G5/><T76/><D76/><U9/><E9/><V122/><F122/><W39/><G39/><T22/><D35/><U67/><E0/><V81/><F37/><W105/><G105/><T12/><D98/><U30/><E24/><V43/><F56/><W130/><G127/><T62/><D53/><U103/><E91/><V92/><REACH who="2" step="1"/><F81/><REACH who="2" ten="246,122,199,423" step="2"/><W73/><G83/><T23/><D106/><U125/><E125/><V20/><AGARI ba="0,1" hai="20,27,28,43,46,49,82,86,90,92,96,102,110,111" machi="20" ten="30,7900,0" yaku="1,1,2,1,0,1,52,1,53,0" doraHai="44" doraHaiUra="65" who="2" fromWho="2" sc="246,-20,122,-39,199,89,423,-20" /><INIT seed="2,0,0,2,4,35" ten="226,83,288,403" oya="2" hai0="9,121,38,122,101,120,50,132,86,123,34,22,107" hai1="54,58,129,125,90,117,79,37,46,61,0,72,40" hai2="49,105,127,134,128,39,88,60,106,11,47,118,74" hai3="32,44,13,114,133,92,33,12,104,62,69,112,109"/><V45/><F118/><W20/><G104/><T89/><D34/><N who="3" m="13417" /><G92/><T135/><D38/><U57/><E117/><V80/><F127/><W87/><G87/><T91/><D22/><U26/><E125/><V17/><F134/><N who="0" m="51242" /><D50/><U94/><E129/><V82/><F128/><W7/><G44/><T51/><D51/><U21/><E0/><V103/><F39/><W18/><G62/><T119/><D9/><U96/><E72/><V100/><F60/><W65/><G65/><T66/><D66/><U5/><E79/><V64/><F64/><W99/><G99/><N who="0" m="61887" /><D119/><U19/><E57/><V108/><F47/><W95/><G95/><N who="0" m="54711" /><D123/><U30/><E30/><V16/><F49/><W41/><G41/><T76/><D91/><U102/><E5/><V84/><F88/><W23/><G69/><T131/><D131/><U78/><E78/><AGARI ba="0,0" hai="76,78,120,121,122" m="54711,61887,51242" machi="78" ten="40,5200,0" yaku="20,1,34,2" doraHai="35" who="0" fromWho="1" sc="226,52,83,-52,288,0,403,0" /><INIT seed="3,0,0,5,4,51" ten="278,31,288,403" oya="3" hai0="13,115,110,48,124,94,26,40,60,30,92,12,95" hai1="4,38,98,49,7,133,20,54,93,87,62,43,57" hai2="52,122,78,126,1,89,69,85,55,59,109,41,116" hai3="47,75,129,67,53,42,82,3,17,77,37,39,91"/><W114/><G37/><T28/><D110/><U70/><E133/><V24/><F122/><W29/><G67/><T83/><D124/><U32/><E32/><V120/><F120/><W16/><G114/><T121/><D121/><U18/><E87/><V63/><F109/><W73/><G73/><T100/><D115/><U9/><E9/><V118/><F126/><W123/><G123/><T112/><D112/><U105/><E105/><V74/><F1/><W19/><G29/><T80/><D100/><U5/><E38/><V61/><F41/><W0/><G129/><T130/><D60/><U101/><E70/><V125/><F125/><W106/><G106/><T65/><D65/><U102/><E43/><V108/><F108/><W2/><G91/><T111/><D130/><U97/><E97/><V36/><F36/><W22/><REACH who="3" step="1"/><G53/><REACH who="3" ten="278,31,288,393" step="2"/><T66/><D66/><U10/><E102/><V99/><F55/><W107/><G107/><T134/><D111/><U44/><E10/><V46/><F74/><W88/><G88/><T72/><D72/><U113/><E113/><V103/><F78/><W15/><AGARI ba="0,1" hai="0,2,3,15,16,17,19,22,39,42,47,75,77,82" machi="15" ten="30,6000,0" yaku="1,1,0,1,54,1,53,0" doraHai="51" doraHaiUra="135" who="3" fromWho="3" sc="278,-20,31,-20,288,-20,393,70" /><INIT seed="3,1,0,1,2,30" ten="258,11,268,463" oya="3" hai0="31,102,89,73,66,50,64,120,2,68,3,15,70" hai1="91,47,40,106,35,133,90,43,130,10,74,104,14" hai2="18,100,75,110,95,92,20,22,27,84,54,49,52" hai3="114,121,112,33,17,13,45,127,46,8,51,37,28"/><W86/><G121/><T65/><D120/><U9/><E74/><V88/><F110/><W123/><G123/><T4/><D73/><U7/><E133/><V57/><F75/><W78/><G127/><T38/><D38/><U97/><E130/><V87/><F22/><W16/><G17/><T58/><D102/><U59/><E59/><V119/><F119/><W36/><G78/><T109/><D109/><U24/><E43/><V118/><F118/><W131/><G131/><T34/><D89/><U71/><E71/><V79/><F54/><W25/><G86/><N who="2" m="32809" /><F79/><W42/><G36/><T96/><D96/><U21/><E10/><V122/><F122/><W117/><G117/><T135/><D135/><U0/><E104/><V124/><F124/><W5/><G5/><T76/><D76/><U94/><E106/><V56/><F100/><W72/><G72/><T67/><D15/><U107/><E107/><V116/><F116/><W98/><G98/><T41/><D70/><U29/><E0/><V125/><F125/><W83/><G83/><T80/><D80/><U81/><E81/><V69/><F69/><W93/><G93/><N who="2" m="35913" /><F88/><W134/><G134/><T19/><D68/><U23/><REACH who="1" step="1"/><E91/><REACH who="1" ten="258,1,268,463" step="2"/><V61/><F61/><W113/><G114/><T12/><D3/><U111/><E111/><V60/><F60/><W26/><G112/><T115/><D115/><U6/><E6/><V39/><F39/><AGARI ba="1,1" hai="7,9,14,21,23,24,29,35,39,40,47,90,94,97" machi="39" ten="30,3900,0" yaku="1,1,7,1,52,1,53,0" doraHai="30" doraHaiUra="63" who="1" fromWho="2" sc="258,0,1,52,268,-42,463,0" /><INIT seed="4,0,0,3,1,49" ten="258,53,226,463" oya="0" hai0="107,89,22,48,92,83,87,125,134,60,35,88,72" hai1="34,131,36,61,3,26,106,16,20,55,111,70,120" hai2="31,18,41,110,33,93,94,95,24,132,81,122,62" hai3="99,29,45,73,114,80,105,14,90,37,119,42,11"/><T78/><D35/><U116/><E61/><V40/><F110/><W109/><G109/><T108/><D108/><U47/><E20/><V82/><F122/><W97/><G105/><T115/><D115/><U59/><E59/><V51/><F132/><W52/><G29/><T133/><D125/><U4/><E47/><V124/><F124/><W28/><G28/><T112/><D112/><U86/><E86/><V91/><F18/><W65/><G65/><T79/><D107/><U57/><E57/><V54/><F62/><W77/><G90/><T10/><D60/><U43/><E43/><V56/><REACH who="2" step="1"/><F91/><REACH who="2" ten="258,53,216,463" step="2"/><W100/><G114/><T117/><D89/><U23/><E16/><V27/><F27/><W102/><G100/><T7/><D88/><U98/><E26/><V69/><F69/><W25/><G25/><T118/><D133/><U6/><E70/><V12/><F12/><W135/><G102/><T129/><D134/><U101/><E101/><V121/><F121/><W32/><G135/><T84/><D118/><U9/><E116/><V85/><F85/><W64/><G119/><T126/><D87/><U38/><E120/><V44/><F44/><W53/><G64/><T2/><D84/><U71/><E111/><V96/><F96/><W68/><G68/><T130/><D117/><U104/><E71/><V127/><F127/><W50/><G97/><T21/><D126/><U67/><E98/><V113/><F113/><W103/><G32/><T76/><D72/><U128/><E34/><V19/><F19/><W13/><G13/><T39/><D2/><U5/><E3/><RYUUKYOKU ba="0,1" sc="258,-10,53,-10,216,30,463,-10" hai2="24,31,33,40,41,51,54,56,81,82,93,94,95" /><INIT seed="5,1,1,1,3,83" ten="248,43,246,453" oya="1" hai0="26,77,112,37,42,56,38,71,124,95,44,45,60" hai1="84,114,50,103,31,82,39,131,122,132,28,23,12" hai2="16,88,107,123,49,73,81,120,13,36,118,6,121" hai3="97,11,110,58,17,130,15,24,33,57,0,48,4"/><U116/><E122/><V5/><F118/><W20/><G130/><T92/><D71/><U32/><E116/><V134/><F36/><W29/><G110/><T43/><D112/><U19/><E131/><V100/><F134/><W40/><G97/><T35/><D77/><U78/><E39/><V79/><F49/><W128/><G128/><T89/><D124/><U34/><E132/><V90/><F100/><W74/><G74/><T75/><D75/><U69/><E114/><V72/><F107/><W66/><G66/><T126/><D126/><U62/><E103/><V59/><F73/><W51/><G51/><T54/><D89/><U129/><E129/><V119/><F119/><W68/><G68/><T80/><D80/><U96/><E96/><V99/><F59/><W10/><G10/><T41/><D41/><U113/><E113/><V115/><F115/><W21/><G21/><T108/><D108/><U27/><E50/><V91/><REACH who="2" step="1"/><F99/><REACH who="2" ten="248,43,236,453" step="2"/><W76/><G48/><T86/><D56/><U22/><REACH who="1" step="1"/><E31/><REACH who="1" ten="248,33,236,453" step="2"/><V7/><F7/><W127/><G29/><T53/><D38/><U133/><E133/><V106/><F106/><W104/><G4/><T52/><D37/><U109/><E109/><V101/><F101/><W3/><G104/><T9/><D43/><U102/><E102/><V135/><F135/><W55/><G40/><T125/><D42/><U8/><E8/><AGARI ba="1,3" hai="5,6,8,13,16,72,79,81,88,90,91,120,121,123" machi="8" ten="50,6400,0" yaku="1,1,54,2,53,0" doraHai="83" doraHaiUra="61" who="2" fromWho="1" sc="248,0,33,-67,236,97,453,0" owari="248,-15.0,-34,-53.0,333,13.0,453,55.0" /></mjloggm>