<mjloggm ver="2.3"><GO type="185" lobby="0"/><UN n0="%41%74%72%69%61" n1="%E7%81%AB%E6%98%9F%E3%81%AE%E7%8A%AC" n2="%6E%69%6B%6F%6C%75%30%33" n3="" dan="17,16,17,0" rate="2276.10,2192.23,2245.97,1500.00" sx="F,M,M,C"/><TAIKYOKU oya="0"/><INIT seed="0,0,0,0,5,110" ten="350,350,350,0" oya="0" hai0="43,117,118,98,121,90,111,83,44,108,76,70,124" hai1="109,77,38,64,113,106,129,99,52,58,119,128,0" hai2="59,39,102,40,53,50,56,75,116,67,55,103,86" hai3=""/><T123/><N who="0" m="31008" /><T45/><N who="0" m="31520" /><T3/><D3/><U37/><E0/><V84/><F75/><T114/><D70/><U115/><E119/><V71/><F116/><T33/><D33/><U61/><E109/><N who="0" m="42057" /><D124/><U127/><E127/><V105/><F67/><T107/><D114/><N who="1" m="43531" /><E77/><V131/><F71/><T81/><D45/><U88/><E64/><V80/><F105/><T96/><D107/><U65/><E65/><V97/><F97/><N who="0" m="37482" /><D90/><U78/><E78/><V132/><F103/><T32/><D32/><U42/><E42/><V57/><F102/><T62/><D62/><U122/><N who="1" m="31264" /><U47/><E47/><V135/><F40/><T46/><D46/><U2/><E2/><V93/><F57/><T41/><D41/><U34/><E34/><V68/><F68/><T82/><D76/><U85/><E106/><V74/><F59/><T66/><D66/><U72/><E99/><V1/><F56/><T125/><D125/><U101/><E101/><V95/><F1/><T133/><D133/><U92/><E72/><V36/><F74/><T126/><D126/><U79/><E79/><V60/><F135/><T89/><D89/><U120/><N who="1" m="30752" /><U49/><E61/><V112/><F132/><T87/><D87/><RYUUKYOKU ba="0,0" sc="350,10,350,10,350,-20,0,0" hai0="43,44,81,82,83,117,118" hai1="37,38,49,52,58,85,88,92,128,129" /><INIT seed="0,1,0,2,2,124" ten="360,360,330,0" oya="0" hai0="92,59,73,78,135,129,70,45,133,94,108,57,116" hai1="40,51,111,88,110,103,83,0,85,104,98,134,41" hai2="127,39,82,121,117,126,58,3,50,71,67,62,55" hai3=""/><T86/><D116/><U97/><E134/><N who="0" m="51209" /><D70/><U33/><E0/><V60/><N who="2" m="31008" /><V114/><F3/><T36/><D73/><U100/><E33/><V34/><F34/><T89/><D108/><N who="1" m="41515" /><E51/><V48/><F117/><T74/><D92/><AGARI ba="1,0" hai="40,41,83,85,88,92,97,98,100,103,104" m="41515" machi="92" ten="30,2000,0" yaku="14,1,54,1" doraHai="124" who="1" fromWho="0" sc="360,-22,360,22,330,0,0,0" /><INIT seed="1,0,0,1,3,107" ten="338,382,330,0" oya="1" hai0="35,119,96,86,101,134,70,91,48,135,66,80,105" hai1="130,46,42,55,49,85,100,117,110,99,51,59,129" hai2="95,56,121,97,36,44,84,54,34,37,133,33,125" hai3=""/><U132/><E117/><V3/><N who="2" m="31008" /><V0/><F125/><T64/><D35/><U60/><E132/><N who="0" m="50729" /><D119/><U76/><E110/><V98/><F133/><T127/><D127/><U62/><E85/><V74/><F84/><T81/><D70/><U63/><E76/><V65/><F65/><N who="0" m="25194" /><D48/><U131/><E99/><V104/><F104/><T68/><D68/><U77/><E77/><V72/><F56/><T58/><D58/><U114/><E100/><V67/><F67/><T122/><N who="0" m="31264" /><T47/><D47/><U78/><E78/><V102/><F44/><T39/><D39/><U75/><E75/><V90/><F54/><T124/><D124/><U108/><E108/><V1/><F1/><T82/><AGARI ba="0,0" hai="80,81,82,86,91,96,101,105" m="31264,25194,50729" machi="82" ten="30,1500,0" yaku="20,1,52,1" doraHai="107" who="0" fromWho="0" sc="338,15,382,-10,330,-5,0,0" /><INIT seed="2,0,0,3,3,116" ten="353,372,325,0" oya="2" hai0="85,126,107,93,0,132,48,111,76,65,86,66,71" hai1="133,52,32,81,127,120,72,78,89,134,1,95,88" hai2="84,121,73,105,122,125,40,69,87,60,94,45,98" hai3=""/><V75/><N who="2" m="31008" /><V54/><N who="2" m="31264" /><V108/><F125/><T33/><D33/><U39/><N who="1" m="30752" /><U79/><E32/><V82/><F108/><T109/><D0/><U131/><E1/><V92/><F105/><T35/><D107/><U67/><E39/><V34/><F34/><T113/><D35/><U63/><E127/><V47/><F69/><T64/><D71/><U115/><E115/><V102/><F92/><T128/><D126/><U56/><E131/><V97/><F97/><T100/><D113/><U101/><E79/><V42/><F87/><T70/><D70/><U110/><E110/><V43/><F47/><T46/><D132/><N who="1" m="50795" /><E67/><V62/><F62/><T117/><D117/><U123/><N who="1" m="31520" /><U91/><E101/><V99/><F99/><AGARI ba="0,0" hai="52,56,63,72,78,81,88,89,91,95,99" m="31520,50795,30752" machi="99" ten="30,12000,2" yaku="20,1,52,4,54,2" doraHai="116" who="1" fromWho="2" sc="353,0,372,120,325,-120,0,0" /><INIT seed="4,0,0,5,5,133" ten="353,492,205,0" oya="0" hai0="2,135,53,55,115,80,110,52,86,36,108,34,47" hai1="124,94,93,125,99,114,0,120,71,57,76,81,75" hai2="33,102,62,72,46,78,104,121,43,116,58,35,49" hai3=""/><T60/><D34/><U132/><N who="1" m="30752" /><U32/><E32/><V40/><N who="2" m="31008" /><V111/><F111/><N who="0" m="42538" /><D2/><U89/><E0/><V68/><F68/><T109/><N who="0" m="42546" /><T122/><N who="0" m="31264" /><DORA hai="79" /><T51/><D135/><U85/><E71/><V103/><F43/><T118/><D118/><U70/><E70/><V64/><F116/><T42/><D115/><U50/><E132/><V128/><F103/><T96/><D96/><U67/><E114/><V59/><F128/><T65/><D65/><U87/><E50/><V54/><F102/><T95/><D95/><U82/><E57/><V83/><REACH who="2" step="1"/><F104/><REACH who="2" ten="353,492,195,0" step="2"/><T105/><D105/><U73/><E67/><V44/><F44/><T97/><D36/><AGARI ba="0,1" hai="33,35,36,40,46,49,54,58,59,62,64,72,78,83" m="31008" machi="36" ten="30,7700,0" yaku="1,1,7,1,52,2,53,0" doraHai="133,79" doraHaiUra="92,101" who="2" fromWho="0" sc="353,-77,492,0,195,87,0,0" /><INIT seed="5,0,0,5,0,126" ten="276,492,282,0" oya="1" hai0="59,64,86,53,49,89,0,111,123,114,51,34,122" hai1="115,110,32,131,40,68,82,1,135,63,106,73,74" hai2="125,121,46,79,72,76,58,71,52,37,70,92,109" hai3=""/><U128/><E40/><V60/><N who="2" m="31008" /><V45/><F109/><T129/><N who="0" m="31264" /><T119/><N who="0" m="31520" /><T81/><D111/><U112/><E1/><V62/><F125/><T105/><D0/><U67/><E32/><V116/><F116/><T3/><D3/><U98/><E110/><V65/><F71/><T66/><D34/><U93/><E135/><V84/><F37/><T107/><D119/><U88/><E106/><V2/><F2/><T130/><D114/><N who="1" m="43563" /><E82/><V41/><F72/><AGARI ba="0,0" hai="63,67,68,72,73,74,88,93,98,128,131" m="43563" machi="72" ten="30,11600,0" yaku="15,1,52,2,54,1" doraHai="126" who="1" fromWho="2" sc="276,0,492,116,282,-116,0,0" /><INIT seed="5,1,0,3,5,91" ten="276,608,166,0" oya="1" hai0="79,65,108,109,40,73,60,71,114,135,59,98,2" hai1="133,74,95,93,104,78,51,132,49,90,1,39,76" hai2="47,99,50,89,124,69,117,82,58,125,103,129,96" hai3=""/><U41/><E1/><V131/><F69/><T88/><D2/><U102/><E39/><V34/><F34/><T0/><D0/><U53/><E41/><V81/><F58/><T46/><D114/><U42/><E42/><V80/><F117/><T107/><D135/><N who="1" m="51787" /><E90/><V35/><F35/><T116/><D116/><U122/><N who="1" m="31264" /><U84/><E74/><V67/><F67/><T101/><D59/><U54/><E84/><V33/><F33/><T43/><D43/><U126/><E126/><N who="2" m="48747" /><F50/><N who="1" m="18953" /><E102/><V77/><F47/><T97/><D46/><U52/><E104/><V121/><N who="2" m="31008" /><V75/><F96/><T120/><N who="0" m="30752" /><T72/><D98/><U119/><E119/><V100/><F100/><T66/><D97/><U105/><E105/><V134/><F134/><T63/><D101/><U87/><E87/><V130/><F89/><T64/><D88/><U112/><E112/><V70/><F70/><T92/><D71/><U36/><E36/><V106/><AGARI ba="1,0" hai="75,77,80,81,82,99,103,106,129,130,131" m="31008,48747" machi="106" ten="40,6000,1" yaku="19,1,18,1,34,2,52,1" doraHai="91" who="2" fromWho="2" sc="276,-21,608,-41,166,62,0,0" /><INIT seed="6,0,0,2,5,87" ten="255,567,228,0" oya="2" hai0="83,119,61,97,41,116,126,89,55,113,124,45,101" hai1="76,91,64,123,72,130,38,111,3,81,118,98,69" hai2="109,106,35,50,105,122,36,56,0,47,121,90,60" hai3=""/><V54/><N who="2" m="31008" /><V85/><N who="2" m="31264" /><V66/><F0/><T73/><D113/><U48/><E3/><V46/><F35/><T57/><D89/><U77/><N who="1" m="31520" /><U34/><E111/><V94/><REACH who="2" step="1"/><F109/><REACH who="2" ten="255,567,218,0" step="2"/><T39/><D126/><U95/><E34/><V49/><F49/><T96/><D124/><U107/><E48/><V120/><N who="2" m="30752" /><V102/><F102/><T127/><D127/><U128/><E38/><V40/><AGARI ba="0,1" hai="36,40,46,47,50,54,56,60,66,85,90,94,105,106" m="30752,31264,31008" machi="40" ten="30,16000,3" yaku="1,1,0,1,52,4,53,2" doraHai="87" doraHaiUra="43" who="2" fromWho="2" sc="255,-80,567,-80,218,170,0,0" /><INIT seed="6,1,0,5,1,82" ten="175,487,388,0" oya="2" hai0="102,110,131,43,105,109,118,74,45,50,72,124,33" hai1="61,65,58,91,100,69,133,103,70,96,86,34,107" hai2="75,41,119,84,94,127,1,79,3,83,63,115,52" hai3=""/><V57/><BYE who="0" /><F119/><T90/><D90/><U120/><N who="1" m="30752" /><U81/><E133/><V126/><F115/><T54/><D54/><U44/><E34/><V40/><F75/><T88/><D88/><U98/><E44/><V134/><F134/><T42/><D42/><N who="2" m="16490" /><F94/><AGARI ba="1,0" hai="58,61,65,69,70,81,86,91,94,96,98,100,103,107" m="30752" machi="94" ten="30,3900,0" yaku="7,1,52,2" doraHai="82" who="1" fromWho="2" sc="175,0,487,41,388,-41,0,0" owari="175,-42.0,528,47.0,347,-5.0,0,0.0" /></mjloggm>