<mjloggm ver="2.3"><GO type="169" lobby="0"/><UN n0="%E7%B7%91%E3%81%AE%E3%83%A9%E3%83%B3%E3%83%97" n1="%E3%81%A7%E3%82%93%E2%91%A5" n2="%E3%83%8E%E3%82%AA%E3%83%81%E3%83%A3%E3%83%99%E3%82%B9" n3="%E8%B0%B7%E5%8F%A3%E3%81%93%E3%81%86%E3%81%B8%E3%81%84" dan="16,16,16,17" rate="2132.69,2088.43,2101.88,2205.81" sx="M,M,M,M"/><TAIKYOKU oya="0"/><INIT seed="0,0,0,0,3,85" ten="250,250,250,250" oya="0" hai0="92,122,28,99,84,56,89,129,119,128,4,86,18" hai1="121,114,20,112,103,107,2,109,80,16,35,130,29" hai2="76,22,25,0,98,48,64,13,24,70,17,52,113" hai3="118,133,51,60,40,126,10,66,74,123,127,54,47"/><T88/><D4/><U97/><E121/><V81/><F0/><W7/><G74/><T38/><D38/><U79/><E109/><V82/><F113/><W90/><G118/><T21/><D119/><U67/><E130/><N who="0" m="50281" /><D122/><U44/><E2/><V61/><F98/><W77/><G123/><T45/><D45/><U111/><E111/><V73/><REACH who="2" step="1"/><F81/><REACH who="2" ten="250,250,240,250" step="2"/><W135/><G127/><T94/><D28/><U36/><E112/><V120/><F120/><W12/><G126/><T117/><D117/><U53/><E29/><V134/><F134/><W91/><G135/><T15/><D56/><AGARI ba="0,1" hai="13,17,22,24,25,48,52,56,61,64,70,73,76,82" machi="56" ten="30,3900,0" yaku="1,1,7,1,54,1,53,0" doraHai="85" doraHaiUra="42" who="2" fromWho="0" sc="250,-39,250,0,240,49,250,0" /><INIT seed="1,0,0,1,0,41" ten="211,250,289,250" oya="1" hai0="71,49,7,69,27,115,79,98,0,36,116,87,103" hai1="26,38,76,118,17,82,88,45,102,30,119,40,51" hai2="127,106,52,28,100,104,129,107,58,110,16,95,37" hai3="66,9,97,93,59,11,108,122,55,42,14,78,29"/><U121/><E121/><V70/><F70/><W46/><G108/><T126/><D36/><U81/><E102/><V24/><F110/><W44/><G122/><T61/><D116/><U53/><E17/><V56/><F127/><W8/><G42/><T2/><D126/><U34/><E82/><V111/><F37/><W47/><G78/><T134/><D115/><U96/><E96/><V80/><F129/><W83/><G83/><T63/><D27/><U12/><E12/><V133/><F133/><W39/><G39/><T124/><D134/><U89/><E118/><V91/><F58/><W85/><G85/><T123/><D123/><U64/><E64/><V68/><F68/><W13/><G29/><T114/><D114/><U35/><E35/><V92/><F111/><W31/><G31/><T99/><D49/><U131/><E131/><V125/><F125/><W54/><G66/><T117/><D117/><U50/><E38/><V67/><F67/><W130/><G130/><T128/><D128/><U19/><E19/><V74/><F100/><N who="3" m="60463" /><G54/><T77/><D124/><U132/><E132/><V75/><F80/><W90/><G90/><T105/><D103/><U60/><E119/><V18/><F75/><W73/><G73/><T84/><REACH who="0" step="1"/><D7/><REACH who="0" ten="201,250,289,250" step="2"/><U72/><REACH who="1" step="1"/><E60/><AGARI ba="0,1" hai="8,9,11,13,14,44,46,47,55,59,60" m="60463" machi="60" ten="30,7700,0" yaku="8,1,52,3" doraHai="41" who="3" fromWho="1" sc="201,0,250,-77,289,0,250,87" /><INIT seed="2,0,0,0,5,50" ten="201,173,289,337" oya="2" hai0="76,38,75,117,71,123,44,43,19,80,20,22,119" hai1="16,124,25,58,100,108,34,42,57,118,131,129,107" hai2="98,54,121,2,94,135,113,18,35,102,101,4,0" hai3="65,47,30,127,29,6,26,114,109,61,111,78,89"/><V125/><F113/><W87/><G114/><T92/><D123/><U134/><E118/><V56/><F121/><W73/><G73/><T9/><D71/><U128/><E108/><N who="3" m="41546" /><G78/><T69/><D69/><U132/><E42/><V90/><F35/><W63/><G127/><T67/><D67/><U1/><E1/><V68/><F68/><W84/><G65/><T104/><D104/><U115/><E124/><V21/><F135/><N who="1" m="51753" /><E115/><V91/><F125/><W110/><G110/><T11/><D92/><U48/><E34/><V17/><F17/><W86/><G6/><T12/><REACH who="0" step="1"/><D22/><REACH who="0" ten="191,173,289,337" step="2"/><N who="1" m="13511" /><E48/><V5/><F2/><W3/><G3/><T97/><D97/><AGARI ba="0,1" hai="57,58,97,100,107,128,129,131" m="13511,51753" machi="97" ten="40,5200,0" yaku="19,1,20,1,54,1" doraHai="50" who="1" fromWho="0" sc="191,-52,173,62,289,0,337,0" /><INIT seed="3,0,0,1,5,6" ten="139,235,289,337" oya="3" hai0="118,107,31,21,70,19,17,4,91,15,128,46,50" hai1="10,37,130,16,12,30,29,106,18,7,39,93,97" hai2="88,52,1,51,62,84,125,63,99,92,69,57,119" hai3="26,67,36,32,73,85,65,49,41,76,108,114,42"/><W38/><G73/><T53/><D107/><U61/><E130/><V24/><F119/><W64/><G32/><T55/><D118/><U127/><E127/><V54/><F125/><W96/><G26/><T33/><D33/><U48/><E106/><V135/><F135/><W23/><G23/><T27/><D70/><U56/><E48/><V115/><F115/><W0/><G0/><T100/><D100/><N who="1" m="60463" /><E39/><N who="3" m="14890" /><G96/><T34/><D128/><U89/><E89/><V25/><F1/><W5/><G5/><T90/><D19/><N who="1" m="7211" /><E37/><V129/><F129/><W121/><G85/><T112/><D112/><U86/><E86/><V122/><F122/><W43/><G76/><T116/><D116/><U132/><E132/><V109/><F109/><W75/><G75/><T103/><D103/><U134/><E134/><V47/><REACH who="2" step="1"/><F99/><REACH who="2" ten="139,235,279,337" step="2"/><W11/><G114/><T95/><D4/><U105/><E105/><V120/><F120/><W78/><G121/><T94/><D50/><U60/><E60/><V110/><F110/><W2/><G108/><T72/><D72/><U79/><E79/><V124/><F124/><W131/><G78/><T87/><REACH who="0" step="1"/><D46/><REACH who="0" ten="129,235,279,337" step="2"/><U98/><E7/><V101/><F101/><W126/><G126/><T13/><D13/><U22/><E12/><V117/><F117/><W113/><G113/><T35/><D35/><U45/><E45/><V58/><F58/><W8/><G131/><T20/><D20/><U133/><E22/><V14/><F14/><W40/><G2/><T123/><D123/><U80/><E56/><V28/><F28/><N who="1" m="10857" /><E133/><V44/><F44/><W104/><G104/><RYUUKYOKU ba="0,2" sc="129,10,235,-30,279,10,337,10" hai0="15,17,21,27,31,34,53,55,87,90,91,94,95" hai2="24,25,47,51,52,54,57,62,63,69,84,88,92" hai3="8,11,40,41,42,43,49,64,65,67" /><INIT seed="3,1,2,1,5,28" ten="139,205,289,347" oya="3" hai0="54,104,35,86,23,102,114,7,82,36,47,125,95" hai1="27,6,97,49,59,71,113,64,73,16,11,91,0" hai2="76,21,45,22,134,12,37,48,24,53,101,132,56" hai3="55,80,130,40,31,10,119,117,14,111,127,68,38"/><W17/><G68/><T19/><D35/><U1/><E113/><V90/><F101/><W63/><G31/><T87/><D114/><U65/><E73/><V107/><F107/><W4/><G38/><T121/><D7/><U8/><E71/><V62/><F37/><W112/><G112/><T85/><D121/><U105/><E1/><V131/><F76/><W78/><G40/><T61/><D125/><U39/><E39/><V34/><F131/><W46/><G127/><T50/><D36/><U93/><E105/><V96/><F12/><W124/><G124/><T99/><D61/><U20/><REACH who="1" step="1"/><E11/><REACH who="1" ten="139,195,289,347" step="2"/><V100/><F134/><W70/><G70/><T43/><D104/><U77/><E77/><V72/><F72/><W44/><G10/><T89/><REACH who="0" step="1"/><D43/><REACH who="0" ten="129,195,289,347" step="2"/><U30/><E30/><V5/><F132/><W51/><G119/><T115/><D115/><U13/><E13/><AGARI ba="1,4" hai="13,19,23,47,50,54,82,85,86,87,89,95,99,102" machi="13" ten="30,3900,0" yaku="1,1,7,1,8,1,53,0" doraHai="28" doraHaiUra="116" who="0" fromWho="1" sc="129,82,195,-42,289,0,347,0" /><INIT seed="4,0,0,2,4,25" ten="211,153,289,347" oya="0" hai0="103,12,83,115,58,74,44,99,1,126,96,91,13" hai1="11,131,67,38,54,32,39,37,40,62,102,86,130" hai2="95,78,15,125,30,51,84,26,68,114,42,53,35" hai3="29,92,116,21,6,10,14,124,120,77,47,112,18"/><T19/><D115/><U133/><E32/><V111/><F68/><W98/><G112/><T87/><D1/><U70/><E102/><V101/><F42/><W20/><G116/><T23/><D126/><U66/><E11/><V129/><F111/><W122/><G77/><T79/><D44/><U45/><E86/><V119/><F114/><W60/><G124/><T28/><D96/><U27/><E27/><V16/><F125/><W106/><G106/><T64/><D64/><N who="1" m="41239" /><E54/><V100/><F129/><N who="1" m="49161" /><E133/><V80/><F95/><W48/><G21/><T134/><D134/><U69/><E69/><V81/><F81/><W118/><G6/><T71/><D71/><U135/><E135/><V50/><F50/><AGARI ba="0,0" hai="37,38,39,40,45,50,66,67" m="49161,41239" machi="50" ten="40,5200,0" yaku="19,1,34,2" doraHai="25" who="1" fromWho="2" sc="211,0,153,52,289,-52,347,0" /><INIT seed="5,0,0,2,1,41" ten="211,205,237,347" oya="1" hai0="0,51,84,21,128,70,107,95,76,101,4,52,133" hai1="47,86,17,12,55,58,46,9,60,120,26,132,129" hai2="22,62,50,1,97,56,119,5,88,102,125,72,10" hai3="79,117,103,61,121,80,135,68,27,96,91,49,57"/><U23/><E120/><V85/><F72/><W35/><G121/><T131/><D70/><U109/><E129/><N who="0" m="49737" /><D133/><U34/><E132/><V104/><F125/><W39/><G39/><T81/><D0/><U48/><E109/><V37/><F37/><W124/><G91/><T122/><D4/><U69/><E34/><V100/><F100/><W7/><G135/><T65/><D65/><U89/><E60/><V2/><F119/><W38/><G38/><T116/><D122/><U118/><E69/><V92/><F22/><W40/><G7/><T6/><D6/><U42/><E42/><V45/><F10/><W25/><G40/><T74/><D21/><U98/><E98/><V64/><F5/><W14/><G96/><N who="0" m="61863" /><D116/><U77/><E77/><V24/><F24/><W94/><G79/><T28/><D28/><N who="1" m="17503" /><E118/><V73/><F73/><W13/><G27/><T78/><D78/><U53/><E53/><AGARI ba="0,0" hai="1,2,45,50,53,56,62,64,85,88,92,97,102,104" machi="53" ten="30,3900,0" yaku="7,1,52,1,54,1" doraHai="41" who="2" fromWho="1" sc="211,0,205,-39,237,39,347,0" /><INIT seed="6,0,0,5,2,56" ten="211,166,276,347" oya="2" hai0="96,127,20,4,114,57,6,76,53,94,52,34,121" hai1="31,68,89,104,2,41,134,39,111,95,69,21,13" hai2="28,15,3,61,73,135,93,120,115,86,106,5,92" hai3="122,37,113,40,126,64,26,24,12,43,98,32,19"/><V67/><F73/><W62/><G122/><T66/><D34/><U0/><E111/><V80/><F106/><W129/><G129/><T81/><D121/><U105/><E134/><V44/><F120/><W100/><G126/><T54/><D127/><U112/><E112/><V38/><F3/><W101/><G101/><T132/><D114/><U51/><E39/><V11/><F28/><W49/><G49/><T14/><D132/><U90/><E51/><V8/><F8/><W128/><G128/><T79/><D20/><U59/><E59/><V27/><F27/><W109/><G109/><T74/><D79/><U33/><E33/><V91/><F135/><W118/><G118/><T70/><D70/><U48/><E48/><V25/><F25/><W1/><G1/><T45/><D45/><U116/><E116/><V123/><F115/><W99/><G99/><T7/><D14/><U10/><E13/><V102/><F102/><W65/><G65/><T77/><D77/><U133/><E133/><V78/><F123/><W108/><G108/><T18/><D66/><U29/><E21/><V36/><F44/><W97/><G97/><T87/><D74/><U71/><E71/><V124/><F124/><W130/><G130/><T117/><D117/><U50/><E50/><V35/><F35/><W103/><G103/><N who="0" m="60823" /><D18/><U110/><E110/><V23/><F23/><N who="3" m="11751" /><G113/><T88/><D76/><U63/><E10/><V107/><F107/><N who="3" m="63895" /><G37/><N who="2" m="14441" /><F78/><W16/><G26/><T119/><D119/><U82/><E41/><V72/><F72/><W84/><G32/><T22/><D22/><U47/><E2/><RYUUKYOKU ba="0,0" sc="211,15,166,-15,276,15,347,-15" hai0="4,6,7,52,53,54,57,81,87,88" hai2="5,11,15,61,67,80,86,91,92,93" /><INIT seed="6,1,0,5,2,87" ten="226,151,291,332" oya="2" hai0="30,89,65,99,123,17,88,20,98,76,117,10,42" hai1="61,34,92,5,24,135,112,23,97,86,107,4,45" hai2="63,53,44,29,75,59,111,113,120,81,43,37,13" hai3="115,47,14,27,109,60,104,54,74,66,73,128,132"/><V79/><F120/><W3/><G109/><T72/><D123/><U28/><E112/><V131/><F113/><W26/><G3/><T85/><D72/><U31/><E135/><V122/><F122/><W32/><G115/><T62/><D42/><U41/><E34/><V106/><F106/><W51/><G104/><T18/><D30/><U83/><E31/><V100/><F100/><W46/><G132/><T80/><D117/><U49/><E61/><V77/><F131/><W25/><G32/><T55/><D10/><U1/><E1/><V114/><F114/><W69/><G128/><T8/><D8/><U7/><E107/><V9/><F29/><W102/><G102/><T130/><D130/><U11/><E11/><V48/><F79/><W119/><G119/><T36/><D36/><U134/><E134/><V67/><F111/><W105/><G105/><T68/><D55/><U121/><E121/><V96/><F96/><W0/><G0/><T21/><D99/><U35/><E35/><V84/><F75/><W33/><G33/><T12/><D98/><U129/><E129/><V95/><F95/><W2/><G2/><T16/><D18/><U50/><E50/><V78/><F78/><W56/><G74/><T15/><AGARI ba="1,0" hai="12,15,16,17,20,21,62,65,68,76,80,85,88,89" machi="15" ten="20,12000,2" yaku="0,1,7,1,9,1,52,2,54,2" doraHai="87" who="0" fromWho="0" sc="226,123,151,-31,291,-61,332,-31" /><INIT seed="7,0,0,1,2,93" ten="349,120,230,301" oya="3" hai0="99,54,101,64,135,74,82,131,113,116,15,92,72" hai1="89,45,109,22,77,30,96,51,124,94,56,1,32" hai2="18,24,117,121,28,66,134,29,108,130,55,127,78" hai3="62,37,73,38,59,90,86,20,0,110,58,125,11"/><W48/><G73/><T106/><D116/><U3/><E109/><V44/><F66/><W95/><G110/><T76/><D64/><U84/><E124/><V60/><F78/><W57/><G125/><T19/><D131/><U123/><E123/><V120/><F127/><W114/><G114/><T12/><D135/><U111/><E32/><V118/><F108/><W46/><G20/><T80/><D113/><U41/><E111/><V119/><F134/><W122/><G122/><T53/><D15/><U132/><E132/><V102/><F130/><W133/><G133/><T2/><D2/><U75/><E3/><V100/><F121/><W79/><G62/><T31/><D31/><U81/><E1/><V91/><F120/><W128/><G128/><T4/><D4/><U23/><E30/><V7/><F7/><W115/><G115/><T67/><D67/><U16/><E56/><V103/><F29/><W9/><G79/><T10/><D106/><U52/><E41/><V43/><F18/><W13/><G9/><T88/><D74/><U47/><E47/><V33/><F60/><W36/><G0/><T97/><D82/><U8/><REACH who="1" step="1"/><E75/><REACH who="1" ten="349,110,230,301" step="2"/><V17/><F43/><W6/><G59/><T65/><D72/><U85/><E85/><V68/><F119/><W40/><AGARI ba="0,1" hai="6,11,13,36,37,38,40,46,48,57,58,86,90,95" machi="40" ten="30,1500,0" yaku="0,1" doraHai="93" who="3" fromWho="3" sc="349,-5,110,-5,230,-5,301,25" /><INIT seed="7,1,0,2,3,7" ten="344,105,225,326" oya="3" hai0="29,78,14,122,10,95,132,44,116,17,109,64,58" hai1="135,87,50,5,104,53,35,111,103,113,82,38,112" hai2="60,13,129,134,16,117,19,54,27,130,55,107,21" hai3="2,70,40,43,77,128,9,45,47,34,100,83,119"/><W121/><G119/><T88/><D116/><U81/><E38/><V85/><F117/><W101/><G121/><T23/><D109/><U69/><E69/><V120/><F107/><W118/><G118/><T92/><D122/><U6/><E35/><V124/><F120/><W49/><G34/><T133/><D78/><U71/><E71/><V57/><F134/><N who="0" m="51818" /><D44/><U80/><E135/><V114/><F114/><W89/><G70/><T96/><D95/><U125/><E81/><V131/><F124/><W28/><G28/><T97/><D29/><U11/><E87/><V39/><F39/><N who="3" m="21663" /><G89/><T67/><D97/><U3/><E50/><V115/><F115/><W4/><G128/><T108/><D108/><U66/><E66/><N who="0" m="25129" /><D58/><U37/><E37/><V15/><F85/><W25/><G25/><T110/><D110/><U127/><E111/><V106/><F106/><W99/><G99/><T42/><D23/><U68/><E68/><V36/><F36/><W63/><G63/><T74/><D74/><AGARI ba="1,0" hai="2,4,9,43,47,49,74,77,83,100,101" m="21663" machi="74" ten="30,2900,0" yaku="25,1,52,1" doraHai="7" who="3" fromWho="0" sc="344,-32,105,0,225,0,326,32" owari="312,11.0,105,-39.0,225,-17.0,358,45.0" /></mjloggm>