<mjloggm ver="2.3"><GO type="169" lobby="0"/><UN n0="%E3%82%A4%E3%83%B3%E3%83%87%E3%82%A3%E3%82%B4%E3%83%96%E3%83%AB%E3%83%BC" n1="%6B%6F%7A%61%6B%69%6E%67" n2="%E3%83%92%E3%83%AD%E3%82%B7%E3%81%A7%E3%81%99%E3%80%82" n3="%E3%81%96%E3%82%8A%E3%81%8C%E3%81%AB%E3%81%8F%E3%82%93" dan="16,16,17,17" rate="2157.24,2078.47,2079.24,2228.56" sx="M,M,M,M"/><TAIKYOKU oya="0"/><INIT seed="0,0,0,0,4,49" ten="250,250,250,250" oya="0" hai0="104,78,14,94,83,30,134,19,29,58,70,122,81" hai1="42,44,38,123,22,13,53,1,45,5,65,97,80" hai2="31,62,25,113,27,16,124,50,74,35,17,8,55" hai3="89,41,61,108,112,100,88,117,15,121,90,116,120"/><T106/><D122/><N who="3" m="47209" /><G41/><T98/><D134/><U10/><E123/><V52/><F74/><W48/><G48/><T130/><D130/><U119/><E119/><N who="3" m="45642" /><G15/><T93/><D58/><U86/><E65/><V9/><F113/><W0/><G0/><T69/><D78/><U60/><E97/><V40/><F124/><W57/><G100/><T111/><D14/><U18/><E45/><V32/><F40/><W72/><G72/><T128/><D128/><U24/><E60/><V68/><F68/><W87/><G87/><T59/><D59/><U7/><E53/><V77/><F50/><W95/><G95/><T6/><D6/><U73/><E73/><V129/><F129/><W96/><G96/><T23/><D98/><U103/><E103/><V125/><F125/><W46/><G46/><T105/><D105/><U3/><REACH who="1" step="1"/><E5/><REACH who="1" ten="250,240,250,250" step="2"/><V26/><F62/><W131/><G131/><T33/><D106/><U127/><E127/><V76/><F27/><W21/><G61/><T75/><D104/><U79/><AGARI ba="0,1" hai="1,3,7,10,13,18,22,24,38,42,44,79,80,86" machi="79" ten="20,8000,1" yaku="1,1,0,1,7,1,53,2" doraHai="49" doraHaiUra="34" who="1" fromWho="1" sc="250,-40,240,90,250,-20,250,-20" /><INIT seed="1,0,0,1,3,47" ten="210,330,230,230" oya="1" hai0="101,96,80,24,36,111,133,22,70,9,11,128,57" hai1="29,3,98,43,85,129,81,76,0,44,124,10,12" hai2="49,84,33,92,17,63,118,94,119,38,67,97,60" hai3="71,53,52,122,86,23,130,54,106,126,14,46,39"/><U90/><E129/><V123/><F33/><W120/><G106/><T32/><D111/><U30/><E124/><V91/><F38/><W37/><G86/><T113/><D113/><U51/><E3/><V95/><F123/><N who="3" m="47147" /><G23/><T99/><D70/><U31/><E0/><V27/><F63/><W45/><G14/><T1/><D36/><N who="3" m="13897" /><G130/><T48/><D32/><U55/><E98/><V87/><F17/><W135/><G135/><T7/><D99/><U13/><E13/><V103/><F27/><W109/><G109/><T21/><D133/><U89/><REACH who="1" step="1"/><E55/><REACH who="1" ten="210,320,230,230" step="2"/><V83/><F118/><W19/><G126/><T68/><D96/><U74/><E74/><V42/><F119/><W40/><G40/><T93/><D1/><U115/><E115/><V134/><F134/><W35/><G35/><T77/><D128/><U15/><E15/><V6/><F87/><W5/><G5/><AGARI ba="0,1" hai="5,10,12,29,30,31,43,44,51,76,81,85,89,90" machi="5" ten="40,12000,1" yaku="1,1,25,2,8,1,52,1,53,0" doraHai="47" doraHaiUra="108" who="1" fromWho="3" sc="210,0,320,130,230,0,230,-120" /><INIT seed="1,1,0,1,5,54" ten="210,450,230,110" oya="1" hai0="109,122,3,72,2,120,49,30,56,103,95,79,131" hai1="101,73,90,67,18,12,70,113,45,135,86,33,112" hai2="107,15,80,111,44,91,31,61,7,132,108,71,42" hai3="121,82,59,21,58,66,63,26,60,134,17,129,96"/><U93/><E135/><V104/><F31/><W43/><G129/><T100/><D109/><U98/><E33/><V39/><F132/><W65/><G134/><T20/><D72/><U28/><E73/><V25/><F25/><W124/><G124/><T46/><D79/><U11/><E28/><V114/><F15/><W50/><G121/><N who="0" m="46699" /><D56/><U102/><E102/><N who="0" m="38953" /><D95/><U85/><E85/><V68/><F7/><W84/><G96/><T97/><D97/><U16/><E70/><V47/><F47/><W48/><REACH who="3" step="1"/><G43/><REACH who="3" ten="210,450,230,100" step="2"/><N who="0" m="24799" /><D131/><U117/><E112/><V52/><F114/><W78/><AGARI ba="1,1" hai="17,21,26,48,50,58,59,60,63,65,66,78,82,84" machi="78" ten="20,12000,2" yaku="1,1,0,1,7,1,9,1,8,1,52,2,53,0" doraHai="54" doraHaiUra="128" who="3" fromWho="3" sc="210,-31,450,-61,230,-31,100,133" /><INIT seed="2,0,0,0,2,80" ten="179,389,199,233" oya="2" hai0="90,30,81,37,87,38,40,43,56,16,13,48,10" hai1="101,67,2,103,107,83,92,62,55,102,32,119,6" hai2="88,68,106,117,53,70,4,47,28,44,65,22,25" hai3="134,85,130,131,118,42,110,36,27,104,14,123,96"/><V52/><F106/><W7/><G118/><T128/><D128/><U35/><E119/><V57/><F117/><W133/><G36/><T59/><D30/><U111/><E111/><V122/><F122/><W15/><G42/><T18/><D38/><U41/><E41/><V99/><F4/><W23/><G104/><T33/><D33/><U98/><E55/><N who="2" m="21067" /><F68/><W24/><G96/><T61/><D37/><U3/><E35/><V58/><F70/><W19/><G85/><T5/><D56/><N who="2" m="21610" /><F65/><W105/><G105/><T114/><D114/><U109/><E109/><V63/><F63/><W49/><G49/><T116/><D43/><U126/><E32/><V129/><F129/><N who="3" m="49163" /><G110/><T82/><D116/><U73/><E6/><V54/><F54/><W51/><G51/><T93/><D48/><U72/><E107/><V31/><F31/><W29/><G123/><T79/><D40/><U113/><E73/><V21/><F22/><N who="3" m="15607" /><G7/><T91/><D59/><U100/><E72/><V64/><F64/><W71/><G71/><T95/><D61/><U66/><E62/><V8/><F8/><W84/><G134/><T124/><D5/><U121/><E67/><V34/><F34/><W125/><G133/><T132/><D132/><U0/><E66/><V9/><F9/><W69/><G69/><T74/><D18/><U89/><E121/><V46/><F46/><W97/><G23/><T120/><D120/><U115/><E3/><V76/><F76/><W86/><G19/><T11/><D11/><U108/><E2/><V127/><F127/><W50/><G125/><T20/><D124/><RYUUKYOKU ba="0,0" sc="179,-10,389,-10,199,30,233,-10" hai2="21,25,28,44,47,88,99" /><INIT seed="2,1,0,2,2,0" ten="169,379,229,223" oya="2" hai0="76,81,70,75,84,93,34,48,15,129,130,86,103" hai1="45,57,3,7,1,94,117,115,23,116,30,25,73" hai2="126,58,107,44,104,111,113,96,33,16,92,29,77" hai3="5,46,31,101,13,52,39,72,106,20,90,89,14"/><V26/><F113/><W65/><G72/><T80/><D70/><U24/><E115/><V32/><F32/><W6/><G106/><T50/><D34/><U8/><E73/><V99/><F126/><W22/><G101/><T134/><D134/><U102/><E45/><V49/><F77/><W125/><G125/><T41/><D41/><U40/><E40/><V74/><F58/><W128/><G128/><T43/><D43/><U91/><E102/><V83/><F96/><W61/><G39/><T18/><D75/><U2/><E57/><V114/><F114/><W66/><G46/><T11/><D93/><U60/><E60/><V97/><F97/><W36/><G36/><T9/><D9/><U132/><E132/><V55/><F111/><W78/><G78/><N who="0" m="46103" /><D103/><U95/><E95/><V10/><F83/><W108/><G31/><T69/><D69/><U105/><E105/><V19/><F74/><W59/><G108/><T124/><D124/><U12/><REACH who="1" step="1"/><E25/><REACH who="1" ten="169,369,229,223" step="2"/><V112/><F112/><W87/><G59/><T123/><D123/><U64/><E64/><V37/><F37/><W47/><G47/><T79/><D50/><U71/><E71/><V51/><F51/><W17/><G61/><T53/><D48/><U67/><E67/><V120/><F120/><W127/><G127/><T54/><D130/><U109/><E109/><V28/><F104/><W4/><G65/><T63/><D63/><U122/><E122/><V68/><F68/><W35/><G66/><T135/><D135/><U119/><E119/><V118/><F118/><W88/><G52/><N who="0" m="20075" /><D129/><U21/><E21/><RYUUKYOKU ba="1,1" sc="169,15,369,15,229,-15,223,-15" hai0="11,15,18,76,79,81,86" hai1="1,2,3,7,8,12,23,24,30,91,94,116,117" /><INIT seed="3,2,1,4,4,22" ten="184,384,214,208" oya="3" hai0="96,134,84,118,5,114,75,105,47,38,77,8,130" hai1="42,113,88,25,59,40,93,99,49,46,102,71,23" hai2="106,17,9,123,97,90,15,127,107,132,60,63,76" hai3="28,37,35,73,1,100,94,70,62,72,81,61,78"/><W87/><G37/><T48/><D118/><U36/><E71/><V26/><F123/><W27/><G1/><T12/><D134/><U67/><E113/><V18/><F127/><W14/><G14/><T11/><D130/><U135/><E135/><V124/><F76/><W32/><G32/><T80/><D114/><U131/><E131/><V19/><F124/><W39/><G39/><T54/><D38/><U51/><E42/><V119/><F119/><W43/><G43/><T53/><D75/><U115/><E115/><V68/><F68/><W95/><G62/><T66/><D66/><U108/><E108/><V20/><F132/><W3/><G3/><T10/><D10/><U2/><E2/><V126/><F107/><W83/><G100/><N who="0" m="62599" /><D11/><U111/><E111/><V30/><F126/><W91/><REACH who="3" step="1"/><G72/><REACH who="3" ten="184,384,214,198" step="2"/><T13/><D13/><U21/><E36/><V33/><F63/><W129/><G129/><T116/><D116/><U69/><E40/><AGARI ba="2,2" hai="5,8,12,40,47,48,53,54,77,80,84" m="62599" machi="40" ten="30,1000,0" yaku="25,1" doraHai="22" who="0" fromWho="1" sc="184,36,384,-16,214,0,198,0" /><INIT seed="4,0,0,2,0,92" ten="220,368,214,198" oya="0" hai0="88,101,21,19,109,1,36,87,72,120,18,50,54" hai1="49,113,129,84,2,126,99,90,10,103,11,55,41" hai2="62,22,118,95,102,100,66,28,43,85,132,131,134" hai3="77,133,65,81,89,60,80,16,5,51,33,61,79"/><T52/><D120/><U86/><E129/><V117/><F43/><W127/><G133/><N who="2" m="51305" /><F28/><W45/><G127/><T108/><D72/><U59/><E126/><V20/><F22/><W75/><G33/><T121/><D121/><U8/><E113/><V128/><F20/><W73/><G5/><T110/><D1/><U96/><E2/><V24/><F24/><W7/><G7/><T0/><D0/><U98/><E41/><V27/><F27/><W37/><G37/><T91/><D101/><N who="2" m="39018" /><F62/><W97/><G16/><N who="0" m="6187" /><D36/><U17/><E103/><V42/><F66/><W46/><G51/><T58/><D87/><N who="1" m="33323" /><E17/><V74/><F42/><W29/><G29/><T119/><D119/><N who="2" m="45578" /><F74/><W105/><G65/><T116/><D116/><U107/><E107/><V25/><F25/><W125/><G105/><T104/><D104/><U63/><E63/><V71/><F71/><W31/><G31/><T57/><D21/><U69/><E69/><V23/><F23/><W76/><G61/><AGARI ba="0,0" hai="50,52,54,57,58,61,88,91,108,109,110" m="6187" machi="61" ten="30,11600,0" yaku="10,1,54,3" doraHai="92" who="0" fromWho="3" sc="220,116,368,0,214,0,198,-116" /><INIT seed="4,1,0,2,2,96" ten="336,368,214,82" oya="0" hai0="125,11,114,81,131,3,113,45,40,31,36,25,80" hai1="55,38,7,99,115,121,44,4,128,18,95,104,28" hai2="91,79,86,84,27,109,116,83,20,34,108,129,120" hai3="126,49,70,22,58,65,52,26,71,35,78,122,87"/><T127/><D131/><U50/><E121/><V110/><F34/><W41/><G126/><N who="0" m="48139" /><D11/><U6/><E128/><V97/><F120/><W119/><G122/><T103/><D3/><U30/><E104/><V0/><F0/><W102/><G35/><N who="0" m="20975" /><D103/><U118/><E118/><V32/><F32/><W29/><G119/><T53/><D53/><U117/><E117/><V19/><F116/><W85/><G65/><T8/><D8/><U10/><E38/><V69/><F129/><W135/><G135/><T16/><D16/><U47/><E115/><AGARI ba="1,0" hai="36,40,45,80,81,113,114,115" m="20975,48139" machi="115" ten="30,2900,0" yaku="15,1,18,1" doraHai="96" who="0" fromWho="1" sc="336,32,368,-32,214,0,82,0" /><INIT seed="4,2,0,1,1,94" ten="368,336,214,82" oya="0" hai0="128,85,32,134,102,135,60,57,73,132,79,127,39" hai1="113,90,124,109,93,27,3,84,5,46,25,41,37" hai2="28,96,92,63,77,51,15,0,125,66,21,67,26" hai3="130,33,70,35,9,74,16,64,42,38,82,14,58"/><T98/><D39/><U52/><E109/><V110/><F0/><W126/><G70/><T49/><D32/><U8/><E124/><V68/><F67/><W112/><G112/><T43/><D73/><U50/><REACH who="1" step="1"/><E113/><REACH who="1" ten="368,326,214,82" step="2"/><V121/><F125/><W30/><G126/><T119/><D127/><U53/><E53/><V103/><F110/><W83/><G130/><T19/><D128/><U114/><E114/><V36/><F121/><W91/><G42/><T56/><D119/><U116/><E116/><V20/><F36/><W95/><G38/><T17/><D43/><U29/><E29/><V45/><F77/><W71/><G30/><T105/><D49/><U86/><E86/><V13/><F20/><W99/><G74/><T78/><D60/><U12/><E12/><V111/><F111/><W65/><G33/><T61/><D61/><U47/><AGARI ba="2,1" hai="3,5,8,25,27,37,41,46,47,50,52,84,90,93" machi="47" ten="20,5200,0" yaku="1,1,0,1,7,1,54,1,53,0" doraHai="94" doraHaiUra="76" who="1" fromWho="1" sc="368,-28,326,68,214,-15,82,-15" /><INIT seed="5,0,0,1,5,19" ten="340,394,199,67" oya="1" hai0="56,17,97,31,54,18,22,24,42,27,8,95,101" hai1="70,135,53,20,49,5,59,40,120,39,83,45,80" hai2="79,68,23,61,105,130,3,11,62,72,55,6,32" hai3="109,92,48,82,118,64,107,28,93,125,21,74,106"/><U60/><E120/><V77/><F32/><W67/><G48/><T112/><D112/><U0/><E135/><V131/><F105/><W104/><G28/><T37/><D37/><U114/><E114/><V85/><F72/><W29/><G29/><T30/><D42/><U58/><E5/><V119/><F119/><W134/><G82/><T99/><D99/><U116/><E0/><V2/><F3/><W76/><G76/><T47/><D47/><U108/><E108/><V122/><F122/><W50/><G50/><T96/><D96/><U94/><E116/><V90/><F68/><W132/><G118/><T88/><D101/><U25/><E94/><N who="3" m="36458" /><G74/><T113/><D113/><U121/><E121/><V71/><F71/><W13/><G109/><T43/><D43/><U10/><E10/><V126/><F79/><W69/><G69/><T14/><D24/><U124/><E124/><V35/><F77/><W87/><G87/><T9/><D8/><U86/><E86/><V75/><F85/><W133/><G125/><T16/><D17/><AGARI ba="0,0" hai="13,17,21,64,67,104,106,107,132,133,134" m="36458" machi="17" ten="40,2600,0" yaku="20,1,52,1" doraHai="19" who="3" fromWho="0" sc="340,-26,394,0,199,0,67,26" /><INIT seed="6,0,0,0,3,18" ten="314,394,199,93" oya="2" hai0="20,34,73,40,14,47,66,75,113,89,60,82,21" hai1="120,42,128,52,65,129,3,54,30,72,41,16,95" hai2="99,33,109,80,62,122,70,9,132,0,104,11,124" hai3="56,77,79,116,110,91,135,6,114,83,105,93,1"/><V127/><F122/><W43/><G116/><T64/><D34/><U23/><E72/><V74/><F11/><W118/><G118/><T98/><D14/><U134/><E134/><V67/><F132/><W123/><G123/><T28/><D28/><U17/><E3/><V51/><F51/><W19/><G135/><T131/><D113/><U94/><E65/><V71/><F109/><W76/><G114/><T108/><D64/><U111/><E120/><V117/><F117/><W130/><G130/><T37/><D131/><U45/><E111/><V87/><F71/><W35/><G110/><T55/><D55/><U84/><E84/><V86/><F33/><W133/><G133/><T38/><D38/><U49/><E42/><V126/><F86/><W96/><G35/><T85/><D98/><U22/><E30/><V102/><F87/><W63/><G105/><T7/><D7/><U61/><E128/><V36/><F36/><W121/><G43/><T103/><D103/><U48/><E61/><V88/><F88/><W2/><G121/><T69/><REACH who="0" step="1"/><D108/><REACH who="0" ten="304,394,199,93" step="2"/><U39/><E129/><V8/><F0/><W46/><G6/><T97/><D97/><U5/><E5/><V27/><F27/><W31/><G31/><T107/><D107/><U100/><E100/><V25/><F25/><W119/><G119/><T106/><D106/><U15/><E39/><V112/><F112/><W53/><G1/><T92/><D92/><U4/><E4/><V125/><N who="2" m="31744" /><DORA hai="44" /><V81/><F81/><W26/><G2/><T50/><D50/><U90/><E48/><V24/><F24/><RYUUKYOKU ba="0,1" sc="304,15,394,-15,199,15,93,-15" hai0="20,21,37,40,47,60,66,69,73,75,82,85,89" hai2="8,9,62,67,70,74,80,99,102,104" /><INIT seed="6,1,1,5,1,77" ten="319,379,214,78" oya="2" hai0="36,62,93,20,76,17,32,83,64,15,129,131,78" hai1="95,104,100,11,67,43,123,135,124,3,94,9,130" hai2="96,33,90,56,49,58,55,103,47,116,109,57,45" hai3="97,16,66,59,82,5,73,28,99,10,53,34,4"/><V89/><F33/><W115/><G115/><T122/><D122/><U21/><E123/><V46/><F116/><W14/><G66/><T52/><D76/><U125/><E130/><N who="0" m="49673" /><D36/><U91/><E135/><V37/><F109/><W71/><G71/><N who="0" m="42391" /><D32/><U80/><E104/><V38/><F38/><W8/><G73/><N who="0" m="43471" /><D93/><U81/><E95/><V54/><F37/><W22/><G34/><T50/><D50/><U27/><E94/><N who="2" m="58775" /><F57/><W133/><G133/><T19/><D19/><U98/><E67/><V114/><F114/><W0/><G82/><T6/><D52/><N who="2" m="20010" /><F49/><W134/><G28/><T63/><D6/><U7/><E7/><V60/><F58/><W13/><REACH who="3" step="1"/><G134/><REACH who="3" ten="319,379,214,68" step="2"/><T1/><D63/><AGARI ba="1,2" hai="0,4,5,8,10,13,14,16,22,53,59,63,97,99" machi="63" ten="30,8000,1" yaku="1,1,2,1,7,1,54,1,53,1" doraHai="77" doraHaiUra="51" who="3" fromWho="0" sc="319,-83,379,0,214,0,68,103" /><INIT seed="7,0,0,3,0,51" ten="236,379,214,171" oya="3" hai0="63,67,52,0,122,78,65,133,110,131,106,118,72" hai1="17,85,127,4,68,23,71,34,96,99,30,111,13" hai2="58,47,129,10,114,73,80,69,27,5,119,61,97" hai3="45,60,108,3,26,125,16,14,19,79,88,101,18"/><W36/><G125/><T43/><D110/><U15/><E127/><V109/><F69/><W50/><G108/><T135/><D118/><U21/><E111/><V42/><F119/><W31/><G3/><T32/><D122/><U1/><E85/><V130/><F97/><W37/><G79/><T102/><D43/><U93/><E93/><V53/><F27/><W132/><G132/><N who="0" m="50763" /><D32/><U95/><E95/><V100/><F100/><W94/><G101/><T124/><D0/><U84/><E84/><V98/><F98/><N who="3" m="57671" /><G37/><T11/><D11/><N who="1" m="2447" /><E96/><V29/><F114/><W74/><G74/><T92/><D106/><U107/><E99/><V117/><F117/><W48/><G36/><T46/><D92/><U76/><E76/><V9/><F109/><W121/><G121/><T35/><D35/><U2/><E107/><V89/><F73/><W75/><G75/><T104/><D104/><U62/><E2/><V91/><F80/><W123/><G123/><T112/><D78/><U56/><E68/><V6/><F89/><W70/><G70/><T44/><D72/><U7/><E71/><V115/><F91/><W54/><G60/><T20/><D124/><U128/><E62/><V39/><F115/><W49/><G14/><T120/><D112/><U38/><E15/><V113/><F113/><W66/><G66/><T103/><D67/><U64/><E38/><V57/><F61/><W24/><G24/><T12/><D65/><U33/><E64/><V87/><F39/><W28/><G28/><T81/><D120/><U82/><E30/><V8/><F29/><W40/><G40/><RYUUKYOKU ba="0,0" sc="236,-10,379,-10,214,-10,171,30" hai3="16,18,19,26,31,45,48,49,50,54" /><INIT seed="7,1,0,2,2,109" ten="226,369,204,201" oya="3" hai0="6,16,35,49,134,58,122,95,115,76,13,11,129" hai1="5,117,131,52,104,20,130,84,72,47,43,15,77" hai2="127,21,103,81,19,66,70,17,26,97,89,60,53" hai3="101,124,128,135,44,28,36,111,65,31,113,118,62"/><W110/><G118/><T1/><D122/><U91/><E104/><V30/><F127/><W63/><G124/><T48/><D134/><U82/><E117/><V9/><F9/><W12/><G135/><T8/><D129/><N who="1" m="49163" /><E52/><V2/><F2/><W123/><G123/><T59/><D35/><U86/><E91/><V61/><F61/><N who="3" m="23051" /><G65/><T85/><D115/><U39/><E20/><V24/><F53/><W112/><G12/><T116/><D116/><U33/><E33/><V105/><F26/><W27/><G101/><T90/><REACH who="0" step="1"/><D76/><REACH who="0" ten="216,369,204,201" step="2"/><U80/><E77/><V133/><F133/><W75/><G75/><T38/><D38/><U71/><E72/><V14/><F66/><W67/><G67/><T55/><D55/><U88/><E39/><V37/><F37/><W22/><G31/><T132/><D132/><U57/><E43/><V29/><F30/><W126/><G126/><T119/><D119/><U69/><E69/><V32/><F29/><W7/><G7/><T18/><D18/><U40/><E71/><V78/><F19/><W94/><G94/><T73/><D73/><U50/><E5/><V107/><F17/><W93/><G93/><T25/><D25/><U120/><E120/><V34/><F70/><W51/><G36/><T83/><D83/><U125/><E125/><V56/><F81/><W99/><G99/><T10/><D10/><U68/><E68/><V121/><F97/><W102/><G102/><T106/><D106/><U45/><E82/><V42/><F103/><W54/><G128/><T74/><D74/><U3/><E80/><V23/><F105/><RYUUKYOKU ba="1,1" sc="216,15,369,-15,204,-15,201,15" hai0="1,6,8,11,13,16,48,49,58,59,85,90,95" hai3="22,27,28,44,51,54,110,111,112,113" /><INIT seed="7,2,1,2,0,105" ten="231,354,189,216" oya="3" hai0="95,100,39,125,83,126,103,58,31,36,88,96,108" hai1="42,133,37,13,61,55,48,41,19,34,101,16,110" hai2="79,28,127,116,132,26,102,117,57,6,33,118,4" hai3="106,51,29,73,109,65,30,9,107,12,111,80,129"/><W60/><G51/><T24/><D58/><U93/><E34/><V69/><F69/><W70/><G129/><T92/><D108/><N who="3" m="41545" /><G80/><T35/><D95/><U46/><E133/><V91/><F132/><W49/><G49/><T27/><D27/><U14/><E110/><V97/><F127/><N who="0" m="48650" /><D83/><U68/><E68/><V22/><F91/><W86/><G86/><T78/><D78/><U135/><E135/><V15/><F79/><W81/><G107/><T62/><D62/><U119/><E119/><V0/><F57/><W115/><G115/><T104/><D104/><U121/><E121/><V113/><F113/><W114/><G106/><T59/><D59/><U53/><E61/><V20/><F97/><W67/><G67/><T40/><D40/><N who="1" m="15467" /><E37/><AGARI ba="2,1" hai="24,31,35,36,37,39,88,92,96,100,103" m="48650" machi="37" ten="30,2000,0" yaku="18,1,54,1" doraHai="105" who="0" fromWho="1" sc="231,36,354,-26,189,0,216,0" owari="267,7.0,328,42.0,189,-31.0,216,-18.0" /></mjloggm>