<mjloggm ver="2.3"><GO type="185" lobby="0"/><UN n0="%E3%81%BF%E3%83%BC%E3%82%8F" n1="%E3%82%8D%E3%81%AF%E3%82%93%37%33" n2="%E8%8A%B1%E9%AD%81" n3="" dan="17,16,17,0" rate="2280.30,2009.12,2338.47,1500.00" sx="M,M,F,C"/><TAIKYOKU oya="0"/><INIT seed="0,0,0,4,3,63" ten="350,350,350,0" oya="0" hai0="48,46,71,36,119,38,123,106,89,2,124,49,80" hai1="61,104,33,111,75,85,69,126,37,82,50,129,54" hai2="52,86,128,116,47,65,87,70,67,40,0,133,64" hai3=""/><T53/><N who="0" m="31520" /><T58/><D2/><U43/><E33/><V113/><F0/><T114/><D114/><U90/><E104/><V105/><F113/><T81/><D119/><U68/><E111/><V42/><F116/><T59/><D71/><U35/><E35/><V130/><F105/><T122/><N who="0" m="31264" /><T97/><D124/><U112/><E126/><V34/><F34/><T108/><D108/><U72/><E112/><V96/><F70/><T55/><D46/><U44/><E129/><N who="2" m="49771" /><F96/><T134/><D134/><U78/><E78/><V101/><F101/><T120/><N who="0" m="30752" /><T74/><D74/><U132/><E132/><V41/><F133/><T94/><D106/><U109/><E109/><V91/><F91/><T99/><D97/><U57/><E68/><V135/><F135/><T118/><D118/><U79/><E79/><V32/><F32/><T102/><D102/><U131/><E131/><V93/><F93/><T125/><D125/><U103/><E103/><V62/><F47/><T115/><D115/><U56/><E56/><AGARI ba="0,0" hai="40,41,42,52,56,62,64,65,67,86,87" m="49771" machi="56" ten="40,8000,1" yaku="19,1,52,3,54,1" doraHai="63" who="2" fromWho="1" sc="350,0,350,-80,350,80,0,0" /><INIT seed="1,0,0,2,2,72" ten="350,270,430,0" oya="1" hai0="65,117,71,61,124,83,57,123,63,100,76,66,48" hai1="128,87,99,1,108,46,40,41,105,112,107,126,132" hai2="92,64,86,67,79,52,51,54,81,2,85,106,101" hai3=""/><U131/><E1/><V69/><F2/><T36/><N who="0" m="31520" /><T90/><D124/><U68/><E68/><V56/><F69/><T122/><N who="0" m="31264" /><T129/><D36/><U82/><E126/><V42/><F42/><T37/><D37/><U121/><N who="1" m="31008" /><U104/><E112/><V125/><F125/><T75/><D129/><N who="1" m="49739" /><E132/><V47/><F106/><N who="1" m="41065" /><E108/><V133/><F133/><T127/><D127/><U103/><E46/><V130/><F130/><T118/><D100/><U102/><E103/><V50/><REACH who="2" step="1"/><F86/><REACH who="2" ten="350,270,420,0" step="2"/><T73/><D75/><U70/><E70/><V93/><F93/><T34/><D34/><U88/><AGARI ba="0,1" hai="40,41,82,87,88,99,102,107" m="41065,49739,31008" machi="88" ten="30,4000,0" yaku="19,1,52,1,54,1" doraHai="72" who="1" fromWho="1" sc="350,-20,270,50,420,-20,0,0" /><INIT seed="1,1,0,4,1,102" ten="330,320,400,0" oya="1" hai0="84,110,67,129,70,56,52,109,101,98,40,63,133" hai1="89,69,51,77,79,116,55,2,45,95,97,117,54" hai2="93,125,68,96,3,99,41,131,103,100,0,115,86" hai3=""/><U38/><E2/><V60/><F125/><T49/><D133/><U118/><E69/><V87/><F131/><T43/><D129/><U124/><E124/><V37/><F115/><T126/><D84/><U112/><E112/><V57/><F68/><T120/><N who="0" m="30752" /><T35/><D35/><U83/><E38/><V122/><N who="2" m="31264" /><V106/><F0/><T39/><D126/><U42/><REACH who="1" step="1"/><E79/><REACH who="1" ten="330,310,400,0" step="2"/><V32/><F3/><T88/><D39/><U80/><E80/><V73/><F32/><T128/><D128/><U134/><E134/><V44/><REACH who="2" step="1"/><F73/><AGARI ba="1,1" hai="42,45,51,54,55,73,77,83,89,95,97,116,117,118" machi="73" ten="40,2000,0" yaku="1,1,53,0" doraHai="102" doraHaiUra="34" who="1" fromWho="2" sc="330,0,310,32,400,-22,0,0" /><INIT seed="1,2,0,2,0,40" ten="330,342,378,0" oya="1" hai0="37,116,100,58,111,66,82,33,98,52,95,36,110" hai1="114,89,129,77,79,91,75,70,72,47,67,109,62" hai2="93,87,68,122,128,113,69,92,103,119,53,135,39" hai3=""/><U134/><E114/><V0/><N who="2" m="31264" /><V34/><F0/><T3/><D3/><U50/><E129/><V96/><F34/><T46/><D33/><U90/><E134/><V48/><F119/><T133/><D116/><U118/><E118/><V43/><F135/><T106/><D133/><U105/><E105/><V49/><F128/><T104/><D66/><U102/><E102/><V51/><F113/><T65/><D65/><U61/><E109/><N who="0" m="41481" /><D82/><U57/><E61/><V132/><F132/><T124/><D124/><U74/><REACH who="1" step="1"/><E70/><REACH who="1" ten="330,332,378,0" step="2"/><V35/><F35/><T55/><D106/><U88/><N who="1" m="22528" /><DORA hai="56" /><U121/><N who="1" m="31008" /><U73/><N who="1" m="18432" /><DORA hai="60" /><U131/><E131/><V125/><F68/><T83/><D104/><U112/><E112/><V71/><F69/><T2/><D2/><U78/><E78/><V99/><F71/><T126/><D100/><U120/><N who="1" m="30752" /><U107/><E107/><V41/><F103/><T86/><D83/><U81/><E81/><V76/><F76/><T123/><D123/><U127/><E127/><V85/><F125/><T63/><D126/><U38/><E38/><V117/><F117/><T80/><D80/><U59/><E59/><V130/><F39/><N who="0" m="14922" /><D58/><U115/><E115/><V108/><F108/><RYUUKYOKU ba="2,1" sc="330,-10,332,20,378,-10,0,0" hai1="47,50,57,62,67,77,79" /><INIT seed="1,3,1,3,0,122" ten="320,352,368,0" oya="1" hai0="121,51,93,92,56,57,0,47,40,118,111,77,66" hai1="1,128,64,125,116,105,43,48,41,124,46,99,112" hai2="71,72,70,76,134,119,104,49,94,82,60,3,117" hai3=""/><U96/><E1/><V63/><F3/><T95/><N who="0" m="31008" /><T78/><D0/><U101/><E116/><V69/><F104/><T114/><D114/><U67/><E112/><V123/><N who="2" m="31520" /><V89/><F134/><T106/><D118/><U91/><E128/><V83/><F82/><T53/><D106/><U39/><E39/><V38/><F38/><T54/><D66/><U74/><E74/><V97/><F60/><T130/><D111/><U58/><E43/><V120/><N who="2" m="30752" /><V65/><REACH who="2" step="1"/><F49/><REACH who="2" ten="320,352,358,0" step="2"/><T32/><D130/><U79/><E125/><V50/><F50/><T115/><D115/><U59/><E124/><V113/><F113/><T75/><D32/><U68/><E105/><V107/><F107/><T55/><D75/><U87/><E48/><V98/><F98/><T80/><D80/><U110/><E99/><V131/><F131/><T42/><D42/><U90/><E96/><V81/><F81/><T73/><D73/><U86/><E41/><V108/><F108/><T36/><D36/><U33/><E110/><V103/><F103/><T100/><D100/><U61/><E61/><V133/><F133/><T84/><D84/><U2/><E2/><V35/><F35/><T44/><D44/><U132/><E46/><RYUUKYOKU ba="3,2" sc="320,10,352,-20,358,10,0,0" hai0="40,47,51,53,54,55,56,57,77,78,92,93,95" hai2="63,65,69,70,71,72,76,83,89,94,97,117,119" /><INIT seed="2,4,2,2,4,91" ten="330,332,368,0" oya="2" hai0="40,104,99,43,92,94,42,51,105,120,64,37,0" hai1="58,33,45,76,121,125,50,101,75,135,86,49,89" hai2="98,131,60,113,52,74,134,56,32,71,82,114,109" hai3=""/><V57/><F32/><T59/><N who="0" m="30752" /><T55/><D0/><U122/><N who="1" m="31008" /><U84/><N who="1" m="31264" /><U78/><E33/><V119/><F119/><T115/><D115/><U1/><E1/><V90/><F131/><T117/><D117/><U72/><E101/><V36/><F36/><T48/><D37/><U68/><E68/><V103/><F134/><T87/><D64/><U44/><E58/><V123/><N who="2" m="31520" /><V38/><F38/><T3/><D3/><U53/><E135/><V81/><F71/><T80/><D51/><U66/><E66/><V83/><F74/><T111/><D111/><U54/><E89/><V85/><F109/><T110/><D110/><U118/><E118/><V100/><F103/><T126/><D126/><AGARI ba="4,2" hai="44,45,49,50,53,54,72,75,76,78,84,86,125,126" m="31264,31008" machi="126" ten="25,6400,0" yaku="22,2,52,2" doraHai="91" who="1" fromWho="0" sc="330,-72,332,92,368,0,0,0" /><INIT seed="4,0,0,1,2,96" ten="258,424,368,0" oya="0" hai0="135,105,130,125,119,68,106,62,97,44,38,122,60" hai1="76,63,115,41,66,84,107,113,120,103,111,56,81" hai2="108,49,127,132,87,124,117,52,3,114,91,88,93" hai3=""/><T46/><N who="0" m="31264" /><T99/><D119/><U1/><N who="1" m="30752" /><U53/><E1/><V32/><F3/><T34/><D34/><U58/><E41/><V59/><F32/><T90/><D125/><N who="2" m="48202" /><F108/><T126/><D126/><U36/><E36/><V73/><F114/><T79/><D79/><U42/><E42/><V102/><F132/><T100/><D135/><U40/><E40/><V131/><F131/><T61/><D130/><U35/><E35/><V77/><F117/><T50/><D38/><U39/><E39/><V80/><F87/><T55/><D68/><U43/><E43/><V85/><F73/><T98/><D44/><U71/><E111/><V45/><F45/><T89/><D98/><AGARI ba="0,0" hai="49,52,59,77,80,85,88,91,93,98,102" m="48202" machi="98" ten="30,7700,0" yaku="18,1,52,1,54,2" doraHai="96" who="2" fromWho="0" sc="258,-77,424,0,368,77,0,0" /><INIT seed="5,0,0,0,4,54" ten="181,424,445,0" oya="1" hai0="132,82,130,37,124,106,126,40,117,63,95,84,0" hai1="87,110,80,64,123,56,114,120,62,65,81,134,32" hai2="102,70,50,79,93,39,48,35,96,3,108,131,98" hai3=""/><U61/><N who="1" m="30752" /><U72/><N who="1" m="31520" /><U116/><E32/><V68/><F108/><T38/><D106/><U2/><E2/><V53/><F35/><T36/><D0/><U112/><E110/><V109/><F3/><T58/><D132/><U71/><E116/><V133/><F109/><T89/><D117/><U78/><REACH who="1" step="1"/><E134/><REACH who="1" ten="181,414,445,0" step="2"/><V77/><F133/><T34/><D130/><U73/><E73/><V125/><F131/><T88/><D34/><U127/><E127/><V52/><F125/><T103/><D103/><U115/><E115/><V42/><F102/><T46/><D126/><U111/><E111/><V33/><F33/><T105/><D124/><U100/><E100/><V99/><F70/><T119/><D119/><U101/><E101/><V91/><F68/><T97/><REACH who="0" step="1"/><D105/><REACH who="0" ten="171,414,445,0" step="2"/><U107/><E107/><V92/><F96/><T86/><D86/><U55/><E55/><AGARI ba="0,2" hai="36,37,38,40,46,55,58,63,82,84,88,89,95,97" machi="55" ten="30,7700,0" yaku="1,1,7,1,52,1,54,1,53,0" doraHai="54" doraHaiUra="104" who="0" fromWho="1" sc="171,97,414,-77,445,0,0,0" /><INIT seed="6,0,0,5,0,53" ten="268,337,445,0" oya="2" hai0="113,62,97,61,75,112,50,79,78,125,59,86,82" hai1="44,2,128,100,70,33,48,60,93,131,87,72,109" hai2="110,114,122,80,54,69,52,92,42,76,38,58,55" hai3=""/><V89/><N who="2" m="31264" /><V95/><F114/><N who="0" m="44138" /><D79/><U77/><E2/><V135/><F135/><T41/><D75/><U115/><E33/><V39/><F69/><T126/><D97/><U102/><E115/><V83/><F110/><T68/><D68/><U118/><E109/><V124/><F124/><N who="0" m="47722" /><D41/><U36/><E36/><V119/><F119/><T71/><D71/><U51/><E118/><V90/><F42/><T101/><D101/><U0/><E0/><V43/><F43/><T40/><D40/><U65/><E72/><V105/><F76/><T88/><D78/><U46/><E77/><V129/><F38/><T47/><D47/><N who="1" m="17963" /><E102/><V111/><F39/><T104/><D104/><U74/><E74/><V127/><F105/><T117/><D117/><U56/><E70/><V63/><F127/><T67/><D62/><U123/><N who="1" m="31520" /><U85/><E100/><V108/><F108/><T57/><D57/><U37/><E37/><V32/><F58/><T121/><N who="0" m="31008" /><T84/><D50/><U96/><E51/><V3/><F111/><T107/><D107/><U132/><E48/><V134/><F63/><T98/><D98/><U49/><E49/><V64/><F3/><T94/><D86/><U66/><E85/><V99/><F99/><RYUUKYOKU ba="0,0" sc="268,20,337,-10,445,-10,0,0" hai0="59,61,67,82,84,88,94" owari="288,-31.0,327,-7.0,435,38.0,0,0.0" /></mjloggm>