<mjloggm ver="2.3"><GO type="225" lobby="0"/><UN n0="%E3%83%AD%E3%83%9C%E3%82%B3%E3%83%97" n1="%E9%BA%BB%E9%9B%80%E3%81%9F%E3%81%AE%E3%81%97" n2="%E5%A4%A7%E5%AE%AE%E5%BF%8D%76" n3="%E3%81%95%E3%81%8D%E3%81%9F%E3%81%BE%E6%9E%97%E6%AA%8E" dan="16,16,17,16" rate="2107.58,2155.92,2199.90,2138.74" sx="M,F,M,M"/><TAIKYOKU oya="0"/><INIT seed="0,0,0,4,3,118" ten="250,250,250,250" oya="0" hai0="92,72,41,52,33,14,93,65,127,101,2,60,108" hai1="131,111,12,97,129,70,83,98,29,96,67,104,55" hai2="15,63,79,5,71,61,35,132,80,0,51,87,45" hai3="123,13,43,11,103,18,135,114,89,30,117,23,42"/><T90/><D2/><U27/><E111/><V22/><F35/><W24/><G117/><T76/><D108/><U21/><E83/><V84/><F132/><W116/><G135/><T28/><D41/><U7/><E55/><V88/><F0/><W6/><G116/><T86/><D127/><U124/><E124/><V95/><F71/><W91/><G114/><T120/><D120/><U66/><E104/><V68/><F68/><W69/><G69/><T17/><D72/><U128/><REACH who="1" step="1"/><E70/><REACH who="1" ten="250,240,250,250" step="2"/><V50/><F50/><W25/><G43/><T99/><D65/><U48/><E48/><V102/><F102/><W36/><G103/><T4/><D52/><U20/><E20/><V75/><F75/><W105/><G105/><T113/><D33/><U3/><E3/><V19/><REACH who="2" step="1"/><F5/><REACH who="2" ten="250,240,240,250" step="2"/><W32/><G123/><T81/><D4/><U74/><E74/><V106/><F106/><W46/><AGARI ba="0,2" hai="6,11,13,18,23,24,25,30,32,36,42,46,89,91" machi="46" ten="30,1100,0" yaku="0,1" doraHai="118" who="3" fromWho="3" sc="250,-5,240,-3,240,-3,250,31" /><INIT seed="1,0,0,3,2,108" ten="245,237,237,281" oya="1" hai0="101,21,86,9,135,12,107,32,19,24,44,36,50" hai1="17,87,84,131,55,23,104,89,65,70,58,85,43" hai2="38,118,5,121,122,64,48,3,68,132,62,128,130" hai3="60,83,22,103,30,100,34,102,39,0,56,69,63"/><U14/><E104/><V13/><F3/><W79/><G0/><T124/><D36/><U125/><E125/><V127/><F5/><W98/><G39/><T2/><D124/><U40/><E131/><N who="2" m="50219" /><F127/><W109/><G109/><T6/><D135/><U119/><E119/><V71/><F13/><W113/><G34/><T120/><D120/><N who="2" m="46186" /><F38/><W91/><G69/><T37/><D37/><U16/><E70/><N who="2" m="42263" /><F118/><W15/><G15/><T28/><D86/><N who="1" m="33387" /><E65/><V11/><F11/><W46/><G30/><T7/><D7/><U66/><E66/><V72/><F72/><W10/><G10/><T1/><D1/><U106/><E106/><V53/><F132/><W35/><G35/><T31/><D31/><U61/><E17/><V105/><F105/><W75/><G75/><T27/><D27/><U29/><E29/><V25/><F25/><W93/><G22/><T96/><D107/><U20/><E23/><V123/><N who="2" m="46194" /><V41/><DORA hai="77" /><F41/><W49/><G79/><T4/><D4/><U81/><AGARI ba="0,0" hai="14,16,20,40,43,55,58,61,81,87,89" m="33387" machi="81" ten="30,6000,0" yaku="8,1,52,1,54,1" doraHai="108,77" who="1" fromWho="1" sc="245,-20,237,60,237,-20,281,-20" /><INIT seed="1,1,0,0,2,29" ten="225,297,217,261" oya="1" hai0="57,107,7,6,109,75,17,27,49,13,56,73,94" hai1="113,38,103,36,5,117,58,4,124,82,135,116,133" hai2="26,12,32,1,93,76,18,110,45,131,96,61,22" hai3="72,125,42,46,95,68,37,132,91,97,34,87,84"/><U33/><E113/><V130/><F1/><W104/><G68/><T0/><D107/><U108/><E103/><V44/><F76/><W118/><G118/><T43/><D0/><U9/><E9/><V112/><F110/><W35/><G72/><T52/><D109/><U14/><E108/><V121/><F121/><W54/><G132/><N who="1" m="50762" /><E14/><V70/><F112/><W66/><G66/><T30/><D43/><U80/><E58/><V120/><F120/><W41/><G41/><T123/><D123/><U53/><E53/><V126/><F126/><W28/><G28/><T129/><D129/><U119/><E33/><V15/><F15/><W8/><G8/><T60/><D75/><U92/><E92/><V31/><F130/><W74/><G74/><T122/><D73/><U101/><E101/><V86/><F131/><W59/><G125/><T40/><D94/><U62/><E62/><V25/><F12/><W111/><G111/><T64/><D122/><U55/><E55/><V24/><F24/><W81/><G104/><T69/><D69/><U51/><E51/><V78/><F61/><W71/><G71/><T77/><D40/><U16/><E16/><V128/><F70/><W89/><REACH who="3" step="1"/><G97/><REACH who="3" ten="225,297,217,251" step="2"/><T115/><D115/><U105/><E105/><V11/><F128/><W23/><G23/><T20/><D77/><U50/><E124/><V106/><F106/><W48/><AGARI ba="1,1" hai="34,35,37,42,46,48,54,59,81,84,87,89,91,95" machi="48" ten="20,8000,1" yaku="1,1,0,1,7,1,52,2,53,0" doraHai="29" doraHaiUra="98" who="3" fromWho="3" sc="225,-21,297,-41,217,-21,251,93" /><INIT seed="2,0,0,4,0,69" ten="204,256,196,344" oya="2" hai0="21,128,63,70,40,47,52,6,84,20,75,82,130" hai1="49,106,46,79,95,125,53,91,103,123,38,11,90" hai2="132,122,7,104,107,112,108,50,16,37,62,15,2" hai3="48,93,124,119,28,101,0,72,42,5,33,64,61"/><V59/><F112/><W60/><G72/><T134/><D75/><U121/><E125/><V1/><F122/><N who="1" m="46601" /><E106/><V44/><F37/><W45/><G124/><T67/><D134/><U65/><E65/><V129/><F132/><W110/><G119/><T133/><D133/><U85/><E79/><V78/><F78/><W4/><G0/><T9/><D130/><U19/><E103/><V111/><F129/><W27/><G61/><T81/><D128/><U36/><E91/><V22/><F104/><W30/><G30/><T120/><D120/><U24/><E24/><V135/><F107/><W17/><G17/><T113/><D113/><U66/><E66/><N who="2" m="39263" /><F7/><W18/><G18/><T51/><D40/><U14/><AGARI ba="0,0" hai="11,14,19,36,38,46,49,53,85,90,95" m="46601" machi="14" ten="30,4000,0" yaku="13,1,52,2" doraHai="69" who="1" fromWho="1" sc="204,-10,256,40,196,-20,344,-10" /><INIT seed="3,0,0,3,0,50" ten="194,296,176,334" oya="3" hai0="118,55,119,129,51,130,15,8,96,32,70,62,4" hai1="123,76,7,101,61,99,45,74,90,81,46,10,44" hai2="128,116,22,117,91,24,82,125,85,36,25,113,100" hai3="77,27,23,97,18,1,17,49,52,26,60,38,73"/><W16/><G38/><T135/><D32/><U132/><E123/><V106/><F113/><W48/><G1/><T14/><D135/><U69/><E132/><V9/><F36/><W43/><G73/><T108/><D108/><U28/><E28/><V75/><F128/><N who="0" m="49258" /><D96/><U30/><E30/><V29/><F125/><W127/><G127/><T31/><D31/><U37/><E90/><V0/><F25/><W13/><G77/><T21/><D62/><U40/><E61/><V103/><F75/><W104/><G104/><T80/><D70/><U98/><E98/><V5/><REACH who="2" step="1"/><F106/><REACH who="2" ten="194,296,166,334" step="2"/><W72/><G72/><T114/><D114/><U131/><E131/><V12/><F12/><W112/><G13/><T95/><D80/><U68/><E46/><V122/><F122/><W63/><G112/><T57/><D95/><U89/><E45/><V65/><F65/><W42/><G27/><T110/><D110/><U87/><E89/><V64/><F64/><W124/><G26/><T35/><D35/><U134/><E134/><V66/><F66/><W109/><G124/><T54/><D54/><U88/><E88/><V53/><F53/><W11/><G52/><T79/><D79/><U115/><E115/><V41/><F41/><W6/><G43/><T3/><D3/><N who="1" m="383" /><E87/><V126/><F126/><W20/><G42/><T120/><D120/><U67/><E67/><V56/><F56/><W71/><G71/><T47/><D57/><U58/><E58/><V105/><F105/><AGARI ba="0,1" hai="37,40,44,68,69,74,76,81,99,101,105" m="383" machi="105" ten="30,3900,0" yaku="25,1,33,2" doraHai="50" who="1" fromWho="2" sc="194,0,296,49,166,-39,334,0" owari="194,-21.0,345,45.0,127,-37.0,334,13.0" /></mjloggm>