<mjloggm ver="2.3"><GO type="169" lobby="0"/><UN n0="%E3%81%A4%E3%82%80%E3%81%90" n1="%E3%81%A8%E3%81%B3%E3%81%BE%E3%81%93" n2="%E3%82%A8%E3%82%B9%E3%82%B1%E3%83%BC" n3="%E3%83%97%E3%83%AC%E3%82%AF%E3%83%A9%E3%82%B9%E3%83%8B%E3%83%BC" dan="16,16,16,16" rate="2072.48,2092.88,2061.45,2071.70" sx="M,M,M,M"/><TAIKYOKU oya="0"/><INIT seed="0,0,0,3,4,89" ten="250,250,250,250" oya="0" hai0="126,62,38,11,103,42,124,27,87,118,94,30,111" hai1="54,135,117,56,110,21,113,125,114,83,93,63,2" hai2="75,23,61,46,80,25,95,22,106,65,105,32,109" hai3="49,29,108,128,86,116,85,15,123,40,16,43,76"/><T39/><D118/><U121/><E117/><V6/><F109/><W52/><G116/><T97/><D111/><U99/><E110/><V1/><F32/><W96/><G108/><T129/><D129/><U37/><E121/><V19/><F1/><W122/><G128/><T127/><D42/><N who="3" m="15913" /><G29/><T60/><D11/><U55/><E37/><N who="0" m="13833" /><D87/><N who="3" m="33289" /><G76/><T14/><D14/><U134/><E125/><V69/><F46/><W68/><G68/><T82/><D82/><U18/><E54/><V5/><F80/><W90/><G122/><T47/><D47/><U70/><E70/><V81/><F81/><W73/><G73/><T71/><D71/><U84/><E2/><V17/><F75/><W92/><G123/><T31/><D31/><U132/><E84/><V53/><F105/><W8/><G49/><T130/><D130/><U74/><E83/><V20/><F106/><W72/><G72/><T112/><D112/><U7/><E7/><V9/><F5/><W10/><G10/><T12/><D12/><N who="1" m="9415" /><E74/><V115/><F6/><W34/><G34/><AGARI ba="0,0" hai="27,30,34,60,62,94,97,103,124,126,127" m="13833" machi="34" ten="40,3900,0" yaku="18,1,52,1" doraHai="89" who="0" fromWho="3" sc="250,39,250,0,250,0,250,-39" /><INIT seed="0,1,0,2,2,48" ten="289,250,250,211" oya="0" hai0="71,69,5,63,129,81,67,56,42,46,106,18,64" hai1="94,73,84,76,118,119,104,62,121,8,33,113,88" hai2="109,17,47,70,11,55,108,87,133,53,131,91,123" hai3="15,120,122,128,72,26,37,101,44,51,27,40,43"/><T24/><D106/><U1/><E33/><V28/><F123/><N who="3" m="47147" /><G72/><T30/><D129/><U92/><E121/><V38/><F70/><W19/><G128/><T127/><D127/><U116/><E1/><V112/><F131/><W103/><G37/><T41/><D5/><U78/><E8/><V58/><F112/><W31/><G43/><T52/><D18/><U107/><E62/><V60/><F28/><W75/><G75/><T0/><D0/><U36/><E36/><V99/><F99/><W93/><G93/><N who="1" m="35946" /><E73/><V111/><F133/><W110/><G110/><T130/><D130/><U83/><E113/><V79/><F79/><AGARI ba="1,0" hai="76,78,79,83,84,88,104,107,116,118,119" m="35946" machi="79" ten="40,5200,0" yaku="34,2,54,1" doraHai="48" who="1" fromWho="2" sc="289,0,250,55,250,-55,211,0" /><INIT seed="1,0,0,0,3,51" ten="289,305,195,211" oya="1" hai0="112,88,82,56,16,113,114,21,134,94,110,62,93" hai1="118,45,13,2,37,48,130,107,26,42,92,75,131" hai2="39,27,63,35,15,119,58,57,85,69,49,25,4" hai3="66,76,64,105,14,102,79,111,86,12,0,38,22"/><U108/><E107/><V100/><F119/><W90/><G0/><T121/><D110/><U34/><E118/><V135/><F39/><W46/><G111/><T28/><D134/><U126/><E108/><V68/><F135/><W125/><G125/><T50/><D121/><U52/><E2/><V109/><F109/><W106/><G106/><T84/><D28/><U59/><E126/><V97/><F85/><W101/><G105/><T7/><D7/><U31/><E75/><V133/><F133/><W8/><G38/><T55/><REACH who="0" step="1"/><D62/><REACH who="0" ten="279,305,195,211" step="2"/><U128/><E92/><V95/><F4/><N who="3" m="3079" /><G102/><T98/><D98/><U32/><E13/><AGARI ba="0,1" hai="13,16,21,50,55,56,82,84,88,93,94,112,113,114" machi="13" ten="40,8000,1" yaku="1,1,52,1,54,2,53,1" doraHai="51" doraHaiUra="9" who="0" fromWho="1" sc="279,90,305,-80,195,0,211,0" /><INIT seed="2,0,0,5,2,107" ten="369,225,195,211" oya="2" hai0="37,21,99,101,9,11,92,4,109,80,47,50,120" hai1="113,115,35,85,73,56,5,58,53,7,39,98,129" hai2="17,0,130,66,52,43,82,30,118,60,78,105,116" hai3="72,128,81,87,34,77,125,76,40,124,122,111,119"/><V61/><F105/><W84/><G34/><T26/><D120/><U19/><E35/><V49/><F0/><W28/><G28/><T3/><D109/><U132/><E39/><V89/><F130/><W134/><G122/><T90/><D37/><U55/><E85/><N who="3" m="32842" /><G40/><T91/><D11/><U48/><E98/><V2/><F2/><W104/><G111/><T13/><D80/><U41/><E41/><V75/><F43/><W68/><G68/><T59/><D59/><U8/><E132/><V12/><F30/><W117/><G134/><T133/><D3/><U16/><E8/><V45/><F89/><W14/><G14/><T106/><D106/><U29/><E29/><V83/><F83/><N who="3" m="45447" /><G104/><T18/><D133/><U131/><E48/><V79/><F79/><W135/><G135/><T127/><D127/><N who="3" m="48713" /><G128/><T15/><D15/><U1/><E1/><V71/><REACH who="2" step="1"/><F61/><REACH who="2" ten="369,225,185,211" step="2"/><W97/><G97/><T27/><D90/><U67/><REACH who="1" step="1"/><E67/><REACH who="1" ten="369,215,185,211" step="2"/><V74/><F74/><AGARI ba="0,2" hai="74,77,81,117,119" m="48713,45447,32842" machi="74" ten="30,8000,1" yaku="18,1,34,2,52,2" doraHai="107" who="3" fromWho="2" sc="369,0,215,0,185,-80,211,100" /><AGARI ba="0,0" hai="5,7,16,19,53,55,56,58,73,74,113,115,129,131" machi="74" ten="25,12000,2" yaku="1,1,2,1,22,2,52,2,54,1,53,0" doraHai="107" doraHaiUra="42" who="1" fromWho="2" sc="369,0,215,120,105,-120,311,0" owari="369,47.0,335,14.0,-15,-52.0,311,-9.0" /></mjloggm>