<mjloggm ver="2.3"><GO type="225" lobby="0"/><UN n0="%E3%83%AD%E3%83%9C%E3%82%B3%E3%83%97" n1="%E3%82%A4%E3%83%8A%E3%82%BA%E3%83%9E%E8%91%AC%E5%84%80" n2="%E9%95%B7%E5%B3%B6%E3%83%B3%E3%82%AC%E3%83%B3" n3="%E8%88%B9%E8%A6%8B%E7%B5%90%E8%A1%A3%E3%81%A1%E3%82%83%E3%82%93" dan="16,17,17,16" rate="2108.67,2239.23,2150.82,2173.00" sx="M,F,M,F"/><TAIKYOKU oya="0"/><INIT seed="0,0,0,1,2,115" ten="250,250,250,250" oya="0" hai0="7,45,11,48,0,99,108,29,75,35,60,88,53" hai1="127,96,23,22,94,129,73,13,15,114,64,128,70" hai2="134,123,76,19,34,44,84,59,68,111,113,98,18" hai3="46,71,57,120,72,126,66,33,95,28,92,69,14"/><T41/><D75/><U17/><E73/><V37/><F68/><W87/><G72/><T62/><D108/><U90/><E114/><V51/><F34/><W10/><G120/><T50/><D35/><U40/><E127/><V56/><F113/><W89/><G126/><T8/><D29/><U82/><E40/><V97/><F123/><W54/><G46/><T135/><D135/><U133/><E133/><V132/><F37/><W116/><G116/><T101/><D11/><U110/><E110/><V1/><F1/><W91/><G66/><T100/><D100/><U61/><E82/><N who="2" m="47175" /><F111/><W12/><G28/><T130/><D130/><U30/><E30/><V124/><F124/><W9/><G33/><T105/><REACH who="0" step="1"/><D88/><REACH who="0" ten="240,250,250,250" step="2"/><U131/><REACH who="1" step="1"/><E23/><REACH who="1" ten="240,240,250,250" step="2"/><V74/><F74/><W78/><G9/><T125/><D125/><U26/><AGARI ba="0,2" hai="13,15,17,22,26,61,64,70,90,94,96,128,129,131" machi="26" ten="30,7900,0" yaku="1,1,2,1,0,1,19,1,53,0" doraHai="115" doraHaiUra="55" who="1" fromWho="1" sc="240,-39,240,99,250,-20,250,-20" /><INIT seed="1,0,0,0,0,121" ten="201,339,230,230" oya="1" hai0="104,53,93,20,118,95,52,109,66,34,76,56,7" hai1="16,78,61,69,0,42,28,101,116,19,2,58,73" hai2="48,82,64,45,3,67,40,107,29,83,1,54,22" hai3="36,43,8,98,5,68,25,127,21,112,96,97,133"/><U46/><E69/><V81/><F107/><W85/><G112/><T103/><D34/><U108/><E116/><V10/><F1/><W41/><G127/><T105/><D118/><U35/><E35/><V110/><F110/><W23/><G68/><T100/><D109/><U91/><E108/><V17/><F3/><W89/><G36/><T79/><D7/><U119/><E28/><V65/><F10/><W55/><G55/><T122/><D66/><U117/><E101/><V75/><F75/><W4/><G133/><T111/><D111/><U134/><E134/><V124/><F124/><W120/><G120/><T62/><D62/><U47/><E91/><V72/><F72/><W70/><G70/><T38/><D38/><U9/><E73/><V51/><F29/><N who="3" m="17599" /><G21/><T32/><D32/><U24/><E24/><N who="2" m="14415" /><F65/><W126/><G126/><T30/><D20/><U39/><E9/><V84/><F84/><W74/><G74/><T13/><D122/><U27/><E27/><V102/><F102/><W77/><G77/><T92/><D30/><U57/><E39/><V115/><F115/><W88/><G89/><T99/><D13/><U12/><E12/><V129/><F129/><W90/><G90/><T49/><D53/><U44/><E44/><AGARI ba="0,0" hai="40,44,45,48,51,54,64,67,81,82,83" m="14415" machi="44" ten="30,1000,0" yaku="8,1" doraHai="121" who="2" fromWho="1" sc="201,0,339,-10,230,10,230,0" /><INIT seed="2,0,0,5,1,24" ten="201,329,240,230" oya="2" hai0="66,64,10,98,97,102,18,67,27,77,46,59,3" hai1="101,22,117,55,111,99,76,93,74,113,70,61,120" hai2="110,23,57,85,21,69,38,115,5,90,0,17,2" hai3="15,131,34,81,130,35,8,87,104,112,135,65,132"/><V39/><F69/><W78/><G65/><T50/><D77/><U116/><E113/><V43/><F115/><W84/><G84/><T33/><D59/><U86/><E111/><V95/><F110/><W106/><G112/><T28/><D102/><U79/><E120/><V124/><F124/><W4/><G34/><T119/><D119/><U122/><E122/><V26/><F43/><W88/><G35/><T36/><D36/><U1/><E1/><V127/><F127/><W91/><G15/><T40/><REACH who="0" step="1"/><D18/><REACH who="0" ten="191,329,240,230" step="2"/><U12/><E79/><V128/><F39/><W6/><G6/><AGARI ba="0,1" hai="3,6,10,27,28,33,40,46,50,64,66,67,97,98" machi="6" ten="40,8000,1" yaku="1,1,2,1,52,1,53,1" doraHai="24" doraHaiUra="7" who="0" fromWho="3" sc="191,90,329,0,240,0,230,-80" /><INIT seed="3,0,0,0,1,133" ten="281,329,240,150" oya="3" hai0="116,11,4,28,51,77,70,130,84,13,110,103,36" hai1="89,112,114,24,56,2,31,109,45,83,69,98,131" hai2="71,79,59,48,134,75,55,21,3,132,0,50,54" hai3="76,46,119,22,121,47,42,101,68,117,32,95,12"/><W72/><G68/><T10/><D36/><U64/><E69/><V86/><F75/><W73/><G32/><T127/><D116/><U58/><E2/><V9/><F71/><W66/><G121/><T35/><D70/><U92/><E58/><N who="2" m="33095" /><F9/><W120/><G120/><T29/><D110/><U16/><E31/><V15/><F15/><W62/><G101/><T25/><D130/><U87/><E87/><V129/><F21/><W122/><G122/><T38/><D38/><U57/><E89/><V20/><F20/><W97/><G76/><T7/><D29/><U80/><E83/><N who="2" m="47487" /><F129/><W60/><G60/><T6/><D103/><U37/><E80/><V61/><F61/><W33/><G33/><T74/><D74/><U30/><E30/><V39/><F39/><W90/><G72/><T111/><D111/><U115/><E109/><V94/><F94/><W44/><G73/><T106/><D106/><U102/><E64/><V52/><F55/><W85/><G85/><T63/><D63/><U67/><E67/><V105/><F105/><W14/><G42/><T53/><D84/><U18/><E24/><V1/><F1/><W23/><G119/><T17/><D77/><U128/><E128/><V104/><F104/><W88/><G117/><T113/><D113/><U49/><E37/><V125/><F125/><W81/><G14/><T41/><D127/><U26/><E131/><V135/><AGARI ba="0,0" hai="0,3,50,52,59,132,134,135" m="47487,33095" machi="135" ten="30,2000,0" yaku="20,1,54,1" doraHai="133" who="2" fromWho="2" sc="281,-5,329,-5,240,20,150,-10" owari="276,8.0,324,42.0,260,-14.0,140,-36.0" /></mjloggm>