<mjloggm ver="2.3"><GO type="225" lobby="0"/><UN n0="%E8%83%83%E3%81%A8%E8%85%B8" n1="%E5%A4%A9%E3%83%8E%E5%B7%9D%E6%B2%99%E5%A4%9C" n2="%63%61%74%6D%65%56%47%43" n3="%E5%AE%89%E8%97%A4%E3%82%AB%E3%82%B1%E3%83%AB" dan="18,16,16,16" rate="2210.75,2170.07,2197.60,2047.95" sx="M,F,M,M"/><TAIKYOKU oya="0"/><INIT seed="0,0,0,2,5,19" ten="250,250,250,250" oya="0" hai0="1,87,74,134,68,123,12,84,79,135,85,10,27" hai1="77,31,22,23,76,127,93,105,34,111,40,131,107" hai2="125,37,57,32,63,35,43,11,9,52,121,92,113" hai3="36,94,50,72,104,88,133,66,42,98,64,69,112"/><T45/><D123/><U28/><E111/><V130/><F121/><W132/><G36/><T13/><D68/><U38/><E93/><V2/><F113/><W120/><G72/><T103/><D103/><U89/><E89/><V65/><F130/><W6/><G120/><T60/><D60/><U81/><E131/><V96/><F125/><W55/><G42/><T73/><D45/><U41/><E81/><V110/><F110/><W15/><G104/><T24/><D1/><U46/><E46/><V39/><F43/><W3/><G3/><T16/><D12/><U128/><E128/><V83/><F83/><W53/><G112/><T25/><REACH who="0" step="1"/><D79/><REACH who="0" ten="240,250,250,250" step="2"/><U67/><E127/><V114/><F114/><W17/><G69/><T4/><D4/><U119/><E119/><V75/><F2/><W49/><G6/><T59/><D59/><U101/><E101/><V126/><F126/><W118/><G118/><T95/><D95/><U108/><E108/><V117/><F117/><W70/><G70/><T122/><D122/><U106/><E106/><V21/><F63/><W116/><G116/><T14/><D14/><U56/><E56/><V18/><F57/><W33/><G15/><T129/><D129/><U30/><E107/><V54/><F92/><W102/><G94/><T109/><D109/><U90/><E105/><V124/><F124/><W91/><G102/><T58/><D58/><U82/><E76/><V78/><F78/><W61/><G61/><T115/><D115/><U8/><E77/><V44/><F44/><W47/><G47/><T100/><D100/><U48/><E38/><RYUUKYOKU ba="0,1" sc="240,30,250,-10,250,-10,250,-10" hai0="10,13,16,24,25,27,73,74,84,85,87,134,135" /><INIT seed="0,1,1,1,0,49" ten="270,240,240,240" oya="0" hai0="1,132,24,26,128,123,65,124,129,34,105,79,108" hai1="48,45,83,5,56,29,118,20,119,94,43,8,18" hai2="32,100,72,66,30,69,28,0,57,99,82,125,51" hai3="14,114,135,61,102,97,21,76,60,78,74,104,54"/><T92/><D123/><U27/><E83/><V22/><F0/><W10/><G114/><T115/><D115/><U103/><E56/><V7/><F7/><W101/><G135/><T134/><D105/><U33/><E94/><V42/><F32/><W87/><G74/><T88/><D79/><U93/><E93/><V16/><F125/><W127/><G127/><T96/><D124/><U6/><E6/><V15/><F69/><W121/><G121/><T109/><D1/><U71/><E71/><V130/><F130/><N who="0" m="50282" /><D65/><U75/><E103/><V44/><F72/><W126/><G102/><T37/><D37/><U47/><E47/><V63/><REACH who="2" step="1"/><F82/><REACH who="2" ten="270,240,230,240" step="2"/><W55/><G126/><T112/><D112/><U131/><E75/><V133/><F133/><N who="0" m="51306" /><D34/><U68/><E131/><V90/><F90/><W73/><G73/><T2/><D2/><N who="1" m="55" /><E68/><V35/><F35/><W98/><G78/><T17/><D17/><U85/><E18/><V113/><F113/><W23/><G76/><T3/><D3/><U12/><E33/><V80/><F80/><W40/><G101/><T62/><D62/><U59/><E118/><V31/><F31/><W58/><G61/><T110/><AGARI ba="1,2" hai="24,26,88,92,96,108,109,110" m="51306,50282" machi="110" ten="40,12000,1" yaku="14,1,10,1,19,1,20,1,54,1" doraHai="49" who="0" fromWho="0" sc="270,143,240,-41,230,-41,240,-41" /><INIT seed="0,2,0,1,4,29" ten="413,199,189,199" oya="0" hai0="91,42,35,7,69,111,24,89,121,99,39,96,76" hai1="49,124,18,32,22,118,116,61,127,21,52,27,10" hai2="46,37,120,73,64,30,101,86,106,6,84,94,33" hai3="115,72,74,2,108,14,67,117,78,16,105,28,31"/><T11/><D121/><U66/><E10/><V50/><F120/><W71/><G2/><T128/><D128/><U134/><E134/><V59/><F37/><W88/><G105/><T19/><D69/><U40/><E40/><V107/><F73/><W92/><G115/><T48/><D39/><U20/><E116/><V87/><F6/><W102/><G102/><T81/><D111/><U79/><E79/><V63/><F101/><W34/><G117/><T13/><D96/><U44/><E118/><V57/><F57/><W126/><G108/><T77/><D77/><U135/><E135/><V0/><F0/><W85/><G126/><T130/><D99/><U3/><E3/><V80/><F94/><W97/><G31/><T110/><D130/><U129/><E129/><V26/><REACH who="2" step="1"/><F80/><REACH who="2" ten="413,199,179,199" step="2"/><W132/><G74/><T83/><D83/><U38/><E38/><V119/><F119/><W90/><G72/><T123/><D123/><U104/><E104/><V9/><F9/><W109/><G92/><T68/><D11/><U75/><E75/><V53/><AGARI ba="2,1" hai="26,30,33,46,50,53,59,63,64,84,86,87,106,107" machi="53" ten="30,4000,0" yaku="1,1,0,1,52,1,53,0" doraHai="29" doraHaiUra="5" who="2" fromWho="2" sc="413,-22,199,-12,179,56,199,-12" /><INIT seed="1,0,0,5,2,92" ten="391,187,235,187" oya="1" hai0="83,70,95,129,118,90,41,33,59,72,56,68,50" hai1="21,17,111,22,134,0,113,93,125,27,11,34,73" hai2="97,91,127,106,16,67,58,52,109,77,29,107,37" hai3="104,64,101,48,46,78,115,24,94,81,112,53,80"/><U26/><E73/><V45/><F37/><W102/><G104/><T110/><D118/><U25/><E93/><N who="2" m="56511" /><F107/><W126/><G126/><T18/><D110/><U30/><E113/><V20/><F106/><W63/><G24/><N who="1" m="9322" /><E125/><V57/><F109/><W85/><G81/><T42/><D72/><U55/><E55/><V74/><F74/><W32/><G32/><T131/><D33/><U82/><E82/><V119/><F127/><W117/><G117/><T9/><D83/><U116/><E116/><V133/><F133/><W1/><G1/><T15/><D68/><U98/><E98/><V44/><F29/><W62/><G62/><T49/><D70/><U8/><E111/><V13/><F119/><W43/><G115/><T23/><D41/><U60/><E60/><N who="2" m="38287" /><F77/><W38/><G112/><T105/><D105/><U130/><E130/><V66/><F66/><W71/><REACH who="3" step="1"/><G94/><REACH who="3" ten="391,187,235,177" step="2"/><T28/><D95/><U7/><E134/><V89/><F89/><W87/><G87/><T128/><D90/><U31/><E31/><V84/><F84/><W65/><G65/><T61/><D28/><U122/><E122/><V79/><F79/><W100/><G100/><T99/><D128/><U124/><E124/><V135/><F135/><W19/><G19/><T35/><D129/><U5/><E17/><V88/><F88/><W69/><G69/><T36/><D18/><U10/><E0/><V108/><F108/><W51/><G51/><AGARI ba="0,1" hai="13,16,20,44,45,51,52,58" m="38287,56511" machi="51" ten="30,7700,0" yaku="8,1,52,1,54,2" doraHai="92" who="2" fromWho="3" sc="391,0,187,0,235,87,177,-77" /><INIT seed="2,0,0,4,1,101" ten="391,187,322,100" oya="2" hai0="14,81,69,114,12,90,112,37,44,58,34,26,42" hai1="82,73,57,105,27,127,102,84,47,103,21,121,25" hai2="8,41,50,38,24,56,11,122,36,99,125,15,70" hai3="132,45,96,95,88,113,124,72,4,52,10,71,23"/><V51/><F122/><W3/><G71/><T28/><D69/><U93/><E121/><V19/><F70/><W43/><G72/><T48/><D12/><U117/><E117/><V129/><F129/><W2/><G113/><T83/><D14/><U30/><E73/><V9/><F125/><W77/><G124/><T65/><D81/><U100/><E127/><V61/><F24/><W29/><G132/><T131/><D131/><U111/><E111/><V118/><F118/><W115/><G115/><T17/><D17/><U13/><E93/><V123/><F123/><W119/><G119/><T67/><D67/><U39/><E57/><V62/><F62/><W106/><G77/><T109/><D109/><U46/><E105/><V134/><F134/><W92/><G2/><T55/><D65/><U80/><E39/><V86/><F99/><W98/><G106/><T59/><D58/><U97/><E97/><V116/><F116/><W75/><G75/><T130/><D130/><U128/><E128/><V87/><F38/><W49/><G29/><T108/><D108/><U6/><E27/><V66/><F36/><W31/><G31/><T18/><D18/><U53/><E84/><N who="2" m="32299" /><F41/><W20/><REACH who="3" step="1"/><G43/><REACH who="3" ten="391,187,322,90" step="2"/><T16/><D112/><U91/><E30/><V126/><F126/><W74/><G74/><T22/><D114/><U94/><E25/><V120/><F120/><W110/><G110/><T78/><D28/><U107/><E107/><V32/><F32/><W64/><G64/><T68/><D34/><U60/><E13/><V0/><F0/><W85/><G85/><N who="0" m="50495" /><D68/><U79/><E79/><AGARI ba="0,1" hai="16,22,26,37,42,44,48,55,59,78,79" m="50495" machi="79" ten="30,2000,0" yaku="6,1,54,1" doraHai="101" who="0" fromWho="1" sc="391,30,187,-20,322,0,90,0" /><INIT seed="3,0,0,5,0,128" ten="421,167,322,90" oya="3" hai0="15,29,63,120,47,39,82,8,18,134,129,74,81" hai1="71,80,123,34,107,78,33,124,5,70,106,59,12" hai2="121,3,131,9,75,40,132,114,79,51,113,7,16" hai3="64,66,94,14,73,0,117,50,85,52,28,108,99"/><W42/><G73/><T87/><D120/><U25/><E123/><V65/><F121/><W100/><G0/><T118/><D129/><U11/><E124/><V1/><F131/><W61/><G117/><T83/><D118/><U62/><E71/><V41/><F65/><W22/><G108/><T97/><D29/><U96/><E70/><V58/><F1/><W26/><G42/><T60/><D60/><U10/><E10/><V54/><F75/><W119/><G119/><T112/><D97/><U76/><E76/><V103/><F79/><W36/><G36/><T102/><D87/><U77/><E77/><V115/><F103/><W133/><G133/><T32/><D102/><U92/><E25/><V130/><F130/><W91/><G14/><T95/><D15/><U116/><E106/><V126/><F126/><W35/><G35/><T105/><D105/><U43/><E107/><V17/><REACH who="2" step="1"/><F132/><REACH who="2" ten="421,167,312,90" step="2"/><W68/><G66/><T127/><D134/><U89/><E78/><V56/><F56/><W4/><G4/><T109/><D127/><U55/><E59/><V90/><F90/><W37/><G37/><T111/><D39/><U46/><E89/><V44/><F44/><W13/><G13/><T30/><D47/><U125/><E46/><V57/><F57/><N who="3" m="32919" /><G100/><T72/><D72/><U6/><E12/><V53/><F53/><W2/><G2/><T27/><D74/><U67/><E55/><V98/><F98/><W49/><G99/><T110/><D110/><U21/><E96/><V20/><F20/><W48/><G68/><T101/><D109/><U38/><E125/><RYUUKYOKU ba="0,1" sc="421,-15,167,-15,312,15,90,15" hai2="3,7,9,16,17,40,41,51,54,58,113,114,115" hai3="22,26,28,48,49,61,64,85,91,94" /><INIT seed="3,1,1,1,4,57" ten="406,152,327,105" oya="3" hai0="129,15,87,110,10,17,9,100,36,68,55,81,20" hai1="86,43,106,61,130,89,95,56,24,53,121,101,35" hai2="29,60,108,3,58,38,111,118,44,99,37,131,123" hai3="34,45,124,47,134,18,51,125,92,84,16,1,73"/><W2/><G34/><T65/><D110/><N who="2" m="42026" /><F3/><N who="3" m="1035" /><G73/><T21/><D129/><U85/><E121/><V132/><F29/><W133/><G84/><T79/><D36/><N who="2" m="13930" /><F99/><W71/><G92/><T76/><D100/><U96/><E43/><V13/><F13/><W0/><N who="3" m="1043" /><W4/><DORA hai="94" /><G4/><T14/><D55/><U27/><E130/><V109/><N who="2" m="42034" /><V83/><DORA hai="97" /><F83/><W102/><G71/><T50/><D50/><U22/><E35/><V115/><F131/><W11/><G102/><T78/><D68/><U31/><E24/><V70/><F123/><W103/><G103/><T26/><D65/><U52/><E53/><N who="2" m="33871" /><F118/><W19/><G11/><N who="0" m="4107" /><D14/><U104/><E104/><V46/><F115/><W63/><G63/><T48/><D20/><U119/><E119/><V49/><F132/><N who="3" m="50795" /><G47/><N who="2" m="17961" /><F70/><W12/><G12/><T127/><D15/><U30/><E86/><V62/><F62/><W93/><G93/><T25/><D87/><U90/><E85/><V23/><F23/><W88/><G88/><N who="1" m="33898" /><E106/><V135/><F135/><W67/><G67/><T126/><D21/><U59/><E95/><V117/><F117/><W80/><G80/><T32/><D81/><U98/><E101/><V6/><F6/><W74/><G74/><T28/><D32/><U54/><E98/><V120/><F120/><W114/><G114/><T41/><D76/><U128/><E96/><V7/><F7/><W39/><G39/><T42/><D78/><U105/><E105/><V64/><F64/><W116/><G116/><T33/><D79/><U112/><E128/><V66/><F66/><W107/><G107/><RYUUKYOKU ba="1,1" sc="406,-15,152,-15,327,15,105,15" hai2="49" hai3="16,18,19,45,51,124,125" /><INIT seed="3,2,1,3,5,106" ten="391,137,342,120" oya="3" hai0="46,19,112,95,120,110,64,86,109,82,58,118,53" hai1="87,34,38,24,131,105,77,54,36,62,121,130,127" hai2="115,8,71,0,37,23,66,99,134,55,122,56,102" hai3="17,126,6,100,113,40,81,14,78,98,30,43,9"/><W52/><G113/><T75/><D112/><U25/><E105/><V47/><F115/><W103/><G126/><T92/><D118/><U84/><E121/><V117/><F117/><W31/><G6/><T124/><D120/><U85/><E77/><V22/><F122/><W107/><G103/><T83/><D124/><U61/><E127/><V51/><F134/><W1/><G1/><T93/><D64/><U33/><E85/><V88/><F0/><W21/><G52/><AGARI ba="2,1" hai="24,25,33,34,36,38,52,54,61,62,84,87,130,131" machi="52" ten="25,3200,0" yaku="22,2,54,1" doraHai="106" who="1" fromWho="3" sc="391,0,137,48,342,0,120,-38" owari="391,49.0,185,-21.0,342,14.0,82,-42.0" /></mjloggm>