<mjloggm ver="2.3"><GO type="169" lobby="0"/><UN n0="%73%68%6F%35%35%35%35%35" n1="%E5%A4%8F%E5%86%AC" n2="%E3%81%B4%E3%82%8C" n3="%6D%61%63%70%61%63" dan="16,18,16,17" rate="2114.19,2172.71,2075.74,2167.33" sx="M,M,M,M"/><TAIKYOKU oya="0"/><INIT seed="0,0,0,0,3,26" ten="250,250,250,250" oya="0" hai0="91,69,75,48,15,55,97,68,5,116,41,101,81" hai1="64,111,105,133,129,135,73,127,94,22,93,57,90" hai2="130,100,11,65,76,43,25,67,86,20,7,77,85" hai3="35,131,32,103,98,31,107,134,19,104,125,51,33"/><T132/><D116/><U61/><E111/><V40/><F130/><W6/><G131/><T96/><D132/><N who="1" m="50763" /><E129/><V95/><F95/><W122/><G134/><T106/><D41/><U54/><E105/><V10/><F25/><W74/><G74/><T38/><D38/><U118/><E118/><V39/><F39/><W17/><G6/><T78/><D97/><U13/><E73/><V18/><F18/><W117/><G117/><T79/><D79/><U119/><E127/><V66/><F20/><W83/><G83/><T80/><BYE who="3" /><D91/><UN n3="%6D%61%63%70%61%63" /><U49/><E90/><V47/><F67/><W30/><G125/><T58/><REACH who="0" step="1"/><D81/><REACH who="0" ten="240,250,250,250" step="2"/><U16/><E119/><V9/><F77/><W14/><G98/><T52/><D52/><U72/><E72/><V23/><F76/><W99/><G122/><T87/><D87/><U42/><E42/><V124/><F124/><W45/><G104/><T89/><D89/><U102/><E102/><V114/><F100/><W0/><G103/><T121/><D121/><U59/><AGARI ba="0,1" hai="13,16,22,49,54,57,59,61,64,93,94" m="50763" machi="59" ten="30,2000,0" yaku="20,1,54,1" doraHai="26" who="1" fromWho="1" sc="240,-10,250,30,250,-5,250,-5" /><INIT seed="1,0,0,2,3,102" ten="230,280,245,245" oya="1" hai0="50,0,86,108,103,87,48,107,101,119,115,12,72" hai1="23,47,123,18,44,114,13,80,71,20,122,127,49" hai2="54,116,63,30,56,3,133,2,85,113,6,128,118" hai3="31,34,39,51,35,8,81,99,57,131,17,60,36"/><U53/><E114/><V33/><F113/><W25/><G131/><T1/><D115/><U79/><E127/><V75/><F75/><W134/><G134/><T58/><D72/><U121/><E71/><V74/><F74/><W104/><G34/><T46/><D58/><U69/><E69/><V28/><F128/><W37/><G81/><T52/><D12/><U24/><E47/><V77/><F133/><W22/><G51/><T126/><D119/><U100/><E100/><V66/><F66/><W68/><G68/><T10/><D10/><U105/><E105/><V61/><F33/><W40/><G8/><T59/><D126/><U91/><E91/><V9/><F3/><W120/><G120/><T95/><D95/><U89/><E89/><V29/><F63/><W43/><G99/><T97/><D103/><U92/><E92/><V32/><F32/><W67/><REACH who="3" step="1"/><G104/><REACH who="3" ten="230,280,245,235" step="2"/><T45/><D97/><U64/><E122/><V88/><REACH who="2" step="1"/><F77/><REACH who="2" ten="230,280,235,235" step="2"/><W14/><AGARI ba="0,2" hai="14,17,22,25,31,35,36,37,39,40,43,57,60,67" machi="14" ten="30,4000,0" yaku="1,1,2,1,0,1,53,0" doraHai="102" doraHaiUra="132" who="3" fromWho="3" sc="230,-10,280,-20,235,-10,235,60" /><INIT seed="2,0,0,2,0,118" ten="220,260,225,295" oya="2" hai0="91,74,127,11,108,12,75,62,72,69,1,114,80" hai1="43,113,66,10,45,129,20,110,0,17,7,76,105" hai2="102,37,128,92,51,22,41,109,123,6,2,79,97" hai3="56,29,125,24,9,104,50,36,46,71,61,53,120"/><V121/><F128/><W28/><G104/><T5/><D114/><U49/><E129/><V85/><F37/><W111/><G111/><T25/><D108/><U73/><E110/><V132/><F109/><W95/><G125/><T59/><D69/><U70/><E113/><V27/><F132/><W90/><G71/><T67/><D127/><U78/><E105/><V89/><F79/><W42/><G120/><T135/><D135/><U115/><E115/><V130/><F130/><W4/><G24/><T31/><D1/><U83/><E76/><V44/><F6/><W134/><G36/><T124/><D124/><U84/><E70/><V48/><F48/><W99/><REACH who="3" step="1"/><G134/><REACH who="3" ten="220,260,225,285" step="2"/><T13/><D25/><U54/><E73/><V100/><F2/><AGARI ba="0,1" hai="2,4,9,28,29,42,46,50,53,56,61,90,95,99" machi="2" ten="30,3900,0" yaku="1,1,2,1,7,1,53,0" doraHai="118" doraHaiUra="133" who="3" fromWho="2" sc="220,0,260,0,225,-39,285,49" /><INIT seed="3,0,0,2,2,40" ten="220,260,186,334" oya="3" hai0="118,51,62,71,132,23,120,52,91,83,113,13,55" hai1="100,135,121,79,123,115,97,99,122,73,112,14,131" hai2="78,125,87,34,53,43,3,8,66,33,44,25,50" hai3="68,11,95,77,46,86,119,117,116,90,21,130,111"/><W37/><G68/><T82/><D120/><U114/><E135/><V102/><F125/><W61/><G130/><T28/><D118/><U93/><E131/><V57/><F66/><W89/><G61/><T124/><D124/><U88/><E14/><V56/><F25/><W106/><G106/><T30/><D113/><U19/><E19/><V7/><F102/><W58/><G58/><N who="0" m="35143" /><D71/><U24/><E24/><V35/><REACH who="2" step="1"/><F43/><REACH who="2" ten="220,260,176,334" step="2"/><W104/><G117/><T10/><D132/><U1/><E1/><V47/><F47/><W74/><G46/><N who="0" m="28151" /><D28/><U67/><E67/><V42/><F42/><W63/><G119/><T31/><D31/><U75/><E79/><V103/><F103/><W110/><G77/><T32/><D91/><U129/><E129/><V109/><F109/><W39/><G116/><T80/><D32/><U64/><E64/><V17/><F17/><W98/><G90/><T60/><D30/><U128/><E128/><V133/><F133/><W107/><G110/><T127/><D127/><U65/><E65/><V15/><F15/><W96/><G111/><T76/><D76/><U0/><E0/><V45/><F45/><W85/><G89/><T12/><D12/><U105/><AGARI ba="0,1" hai="73,75,88,93,97,99,100,105,112,114,115,121,122,123" machi="105" ten="40,8000,1" yaku="0,1,34,3,54,1" doraHai="40" who="1" fromWho="1" sc="220,-20,260,90,176,-20,334,-40" /><INIT seed="4,0,0,5,1,1" ten="200,350,156,294" oya="0" hai0="41,36,22,109,53,25,131,54,62,113,94,97,101" hai1="68,30,18,90,45,10,58,4,67,51,47,92,74" hai2="98,43,23,123,70,128,35,2,3,127,29,132,44" hai3="64,33,60,46,130,39,57,120,50,86,77,135,117"/><T26/><D113/><U124/><E74/><V72/><F23/><W122/><G33/><T38/><D131/><U24/><E124/><V52/><F52/><N who="3" m="29783" /><G77/><T110/><D25/><U65/><E18/><V104/><F43/><W17/><G17/><T56/><D54/><U95/><E95/><V5/><F5/><W84/><G117/><T28/><REACH who="0" step="1"/><D41/><REACH who="0" ten="190,350,156,294" step="2"/><U119/><E119/><V21/><F128/><W103/><G130/><T91/><D91/><U76/><E24/><V75/><F127/><W8/><G122/><T69/><D69/><U27/><E68/><V107/><F70/><W13/><G120/><T59/><D59/><U81/><E58/><V20/><F123/><W134/><G57/><T89/><D89/><U82/><E27/><V111/><F111/><AGARI ba="0,1" hai="22,26,28,36,38,53,56,62,94,97,101,109,110,111" machi="111" ten="40,3900,0" yaku="1,1,10,1,53,0" doraHai="1" doraHaiUra="63" who="0" fromWho="2" sc="190,49,350,0,156,-39,294,0" /><INIT seed="4,1,0,1,1,20" ten="239,350,117,294" oya="0" hai0="65,31,125,74,90,123,106,14,30,57,44,75,129" hai1="52,22,27,63,25,94,99,114,87,46,53,62,128" hai2="127,55,15,19,40,1,5,60,80,134,96,115,16" hai3="0,93,116,12,6,61,82,56,92,133,79,42,39"/><T109/><D123/><U68/><E128/><V88/><F115/><W50/><G50/><T124/><D106/><U98/><E114/><V37/><F134/><W73/><G116/><T33/><D129/><U126/><E126/><N who="0" m="48745" /><D109/><U10/><E10/><V70/><F127/><W118/><G118/><T3/><D3/><U89/><E68/><V47/><F1/><W7/><G12/><T72/><D44/><U108/><E108/><V107/><F107/><W67/><G133/><T130/><D130/><U48/><E25/><V104/><F104/><W97/><G97/><N who="1" m="36874" /><E53/><V43/><F43/><W29/><G0/><T121/><D121/><U76/><E76/><V23/><F5/><W122/><G122/><T77/><D77/><U132/><E132/><V34/><F34/><W24/><G7/><T41/><D41/><U51/><E51/><V119/><F119/><W11/><G42/><T95/><D14/><U101/><E101/><V26/><F70/><W17/><G6/><T59/><D65/><U81/><E94/><N who="2" m="56391" /><F80/><W18/><G92/><T135/><D135/><U71/><E71/><V49/><F37/><W32/><G39/><T85/><D33/><U100/><E100/><V91/><F91/><W4/><G93/><T69/><D69/><U113/><E113/><V38/><F38/><W131/><G131/><T35/><D35/><U110/><E110/><V21/><F40/><W111/><G111/><T84/><D85/><U28/><AGARI ba="1,0" hai="22,27,28,46,48,52,62,63,81,87,89" m="36874" machi="28" ten="30,4000,0" yaku="8,1,52,1,54,1" doraHai="20" who="1" fromWho="1" sc="239,-21,350,43,117,-11,294,-11" /><INIT seed="5,0,0,2,1,35" ten="218,393,106,283" oya="1" hai0="108,25,89,128,74,61,113,104,120,22,121,75,112" hai1="58,71,48,49,8,20,91,80,31,51,97,125,50" hai2="12,39,101,46,30,127,93,85,29,119,122,4,33" hai3="117,78,11,67,19,87,123,42,83,94,77,60,41"/><U44/><E71/><V2/><F119/><W135/><G123/><N who="0" m="47179" /><D61/><U24/><E125/><V6/><F122/><W9/><G135/><T114/><D22/><U124/><E124/><V82/><F127/><W81/><G117/><T1/><D25/><U16/><E58/><V109/><F109/><W13/><G94/><T134/><D1/><U47/><E50/><V130/><F130/><W56/><REACH who="3" step="1"/><G11/><REACH who="3" ten="218,393,106,273" step="2"/><T70/><D134/><U54/><E47/><V23/><F93/><W32/><G32/><T28/><D104/><U45/><E44/><V34/><F46/><W3/><G3/><T62/><D108/><U129/><E129/><V116/><F116/><W52/><G52/><T86/><D128/><U21/><E8/><V99/><F2/><W65/><G65/><T66/><D113/><U36/><E36/><V126/><F39/><W103/><G103/><T79/><D114/><U68/><E45/><V69/><F126/><W18/><G18/><T53/><D53/><U110/><E110/><V7/><F101/><W0/><G0/><T37/><D112/><U72/><E54/><V118/><F118/><W27/><G27/><T115/><D37/><U131/><E131/><V88/><F34/><W96/><G96/><T95/><D115/><U133/><E133/><V73/><F33/><W63/><G63/><T26/><D26/><U107/><E97/><V98/><F99/><W17/><G17/><T14/><D66/><U57/><E16/><N who="2" m="10631" /><F98/><W64/><G64/><T55/><D55/><U84/><E24/><V76/><F69/><W5/><G5/><T43/><D70/><RYUUKYOKU ba="0,1" sc="218,-15,393,-15,106,15,273,15" hai2="4,6,7,29,30,73,76,82,85,88" hai3="9,13,19,41,42,56,60,67,77,78,81,83,87" /><INIT seed="6,1,1,4,3,46" ten="203,378,121,288" oya="2" hai0="18,64,87,81,39,61,50,31,129,95,11,58,106" hai1="69,55,1,103,70,123,36,74,40,79,110,88,135" hai2="0,9,57,8,24,37,66,107,116,114,45,121,76" hai3="73,41,93,59,127,133,34,85,63,32,47,94,19"/><V54/><F116/><W99/><G73/><T109/><D109/><U84/><E110/><V51/><F121/><W105/><G105/><T52/><D106/><U96/><E135/><V43/><F114/><W98/><G133/><T12/><D39/><U29/><E123/><V117/><F117/><W16/><G127/><T10/><D31/><U86/><E1/><V21/><F0/><W131/><G131/><T56/><D129/><U53/><E29/><V132/><F132/><W68/><G68/><T4/><D95/><N who="3" m="36361" /><G32/><T13/><D87/><U120/><E120/><V49/><F107/><W75/><G34/><T113/><D113/><U78/><E36/><V134/><F134/><W111/><G75/><T118/><D118/><U26/><E26/><V22/><F76/><N who="1" m="29225" /><E74/><V27/><F66/><W33/><G33/><T126/><D126/><U89/><E40/><V44/><F24/><W124/><G85/><N who="1" m="32874" /><E96/><V91/><F91/><N who="1" m="34889" /><E103/><V122/><F122/><W108/><G124/><T3/><D3/><U7/><E7/><V83/><F83/><AGARI ba="1,1" hai="4,10,11,12,13,18,50,52,56,58,61,64,81,83" machi="83" ten="40,5200,0" yaku="8,1,52,1,54,1" doraHai="46" who="0" fromWho="2" sc="203,65,378,0,121,-55,288,0" /><INIT seed="7,0,0,1,4,44" ten="268,378,66,288" oya="3" hai0="76,0,87,91,31,117,40,110,32,61,34,131,105" hai1="19,98,99,22,51,103,27,127,16,24,71,57,11" hai2="6,5,124,121,41,33,116,88,12,114,59,54,126" hai3="35,46,65,90,63,13,15,134,135,18,118,113,58"/><W100/><G35/><T56/><D110/><U45/><E71/><V109/><F116/><W95/><G118/><T92/><D0/><U77/><E77/><V120/><F109/><W132/><G100/><T85/><D117/><U66/><E127/><V125/><F41/><W69/><G113/><T2/><D2/><U10/><E57/><V37/><F37/><W96/><G46/><T50/><D105/><U4/><E66/><V75/><F75/><W133/><N who="3" m="33792" /><DORA hai="102" /><W62/><REACH who="3" step="1"/><G18/><REACH who="3" ten="268,378,66,278" step="2"/><T23/><D34/><U48/><E45/><V106/><F114/><W130/><G130/><T108/><D32/><U39/><E103/><V49/><F33/><W42/><G42/><T82/><D131/><U111/><E111/><V64/><F106/><W97/><G97/><T26/><D40/><U17/><E19/><V36/><F36/><W81/><G81/><T123/><D108/><U73/><E39/><V8/><F64/><AGARI ba="0,1" hai="13,15,58,62,63,64,65,69,90,95,96" m="33792" machi="64" ten="70,6800,0" yaku="1,1,20,1,53,0" doraHai="44,102" doraHaiUra="25,28" who="3" fromWho="2" sc="268,0,378,0,66,-68,278,78" owari="268,-13.0,378,47.0,-2,-50.0,356,16.0" /></mjloggm>