<mjloggm ver="2.3"><GO type="169" lobby="0"/><UN n0="%E3%81%8A%E3%82%8A%E3%81%BE%E3%81%A4" n1="%E5%A4%A7%E6%A5%A0%E5%85%AC" n2="%E3%81%86%E3%81%95%E3%81%8E%E3%83%95%E3%82%A1%E3%83%B3%E3%82%B7%E3%83%BC" n3="%E3%83%8E%E3%82%AA%E3%83%81%E3%83%A3%E3%83%99%E3%82%B9" dan="16,16,17,16" rate="2089.23,2163.74,2156.62,2100.04" sx="M,M,F,M"/><TAIKYOKU oya="0"/><INIT seed="0,0,0,4,3,130" ten="250,250,250,250" oya="0" hai0="98,79,111,19,90,132,120,47,44,55,67,99,30" hai1="106,69,2,119,36,13,75,15,104,17,41,113,23" hai2="26,135,12,33,93,35,45,65,64,59,134,110,40" hai3="31,77,108,6,89,57,27,52,102,8,125,124,3"/><T128/><D120/><U24/><E2/><V10/><F110/><W86/><G108/><T73/><D111/><U48/><E119/><V43/><F93/><W71/><G102/><T100/><D30/><U54/><E113/><V101/><F101/><W18/><G77/><T74/><D128/><U81/><E69/><V50/><F43/><W1/><G71/><T5/><D67/><N who="2" m="25674" /><F59/><W38/><G18/><T78/><D5/><U62/><E62/><V131/><F26/><W114/><G38/><T82/><D19/><U84/><E75/><V49/><F49/><W70/><G3/><T118/><D118/><U96/><E41/><V11/><F11/><W42/><G42/><T66/><D66/><U61/><E61/><V129/><F129/><W123/><G114/><T51/><D100/><U25/><E36/><V56/><F56/><W68/><G123/><T115/><D115/><U14/><E96/><V85/><F85/><W133/><G70/><T91/><D51/><U39/><E25/><V87/><F87/><W95/><G68/><T4/><D4/><U20/><E39/><V121/><F121/><W9/><G9/><T122/><D122/><U32/><E32/><V127/><F131/><W92/><G92/><T58/><D58/><U63/><E63/><V97/><F97/><W34/><REACH who="3" step="1"/><G133/><REACH who="3" ten="250,250,250,240" step="2"/><N who="2" m="50697" /><F127/><W88/><G88/><T60/><D132/><U105/><E105/><V29/><F29/><W21/><G21/><T76/><D91/><N who="1" m="51599" /><E23/><V46/><F46/><W117/><G117/><T16/><D47/><N who="1" m="27935" /><E106/><V109/><F109/><W107/><G107/><T22/><D74/><RYUUKYOKU ba="0,1" sc="250,-30,250,10,250,10,240,10" hai1="13,14,15,17,20,24,104" hai2="10,12,33,35,40,45,50" hai3="1,6,8,27,31,34,52,57,86,89,95,124,125" /><INIT seed="1,1,1,5,1,2" ten="220,260,260,250" oya="1" hai0="23,83,56,40,119,5,27,97,109,10,35,1,132" hai1="106,62,113,44,84,88,121,54,91,42,110,86,117" hai2="38,135,69,39,93,101,73,72,16,92,134,65,63" hai3="26,51,6,25,32,64,107,59,131,133,7,34,55"/><U15/><E113/><V18/><F101/><W50/><G107/><T57/><D109/><U99/><E117/><V77/><F77/><W71/><G131/><T45/><D132/><U49/><E121/><V24/><F24/><W75/><G75/><T105/><D35/><U20/><E110/><V115/><F63/><W103/><G103/><T126/><D126/><U21/><E106/><V9/><F9/><W129/><G129/><T17/><D119/><U95/><E15/><V3/><F3/><W37/><G37/><T43/><D43/><U61/><E99/><V52/><F65/><W94/><G94/><T41/><D41/><U74/><E74/><V13/><F13/><W4/><G133/><T46/><D46/><U8/><E8/><V116/><F69/><W124/><G124/><T58/><D83/><U31/><E42/><V81/><F81/><W122/><G122/><T66/><D97/><U87/><E87/><V112/><REACH who="2" step="1"/><F116/><REACH who="2" ten="220,260,250,250" step="2"/><W127/><G127/><T76/><D76/><U70/><E70/><V96/><F96/><W104/><G104/><T123/><D123/><U89/><E89/><V125/><F125/><W114/><G71/><T19/><D105/><U60/><REACH who="1" step="1"/><E31/><REACH who="1" ten="220,250,250,250" step="2"/><V14/><F14/><W30/><G114/><T78/><D78/><U47/><E47/><V108/><F108/><W100/><G100/><T85/><D85/><U120/><E120/><V130/><F130/><W80/><G30/><T111/><D111/><U118/><E118/><V36/><F36/><W12/><G12/><T33/><D45/><U90/><E90/><V68/><F68/><RYUUKYOKU ba="1,3" sc="220,-15,250,15,250,15,250,-15" hai1="20,21,44,49,54,60,61,62,84,86,88,91,95" hai2="16,18,38,39,52,72,73,92,93,112,115,134,135" /><INIT seed="1,2,3,4,4,41" ten="205,265,265,235" oya="1" hai0="61,64,8,21,79,70,33,126,130,86,36,122,51" hai1="38,68,0,115,83,134,15,46,100,93,24,101,84" hai2="52,32,4,114,34,110,53,57,90,104,132,27,106" hai3="45,40,87,67,58,102,44,97,55,73,109,37,77"/><U14/><E0/><V96/><F110/><W22/><G109/><T54/><D33/><U80/><E68/><V120/><F120/><W6/><G73/><T71/><D126/><U31/><E115/><V89/><F132/><W62/><G6/><T39/><D71/><U82/><E134/><V26/><F4/><W99/><G22/><T103/><D103/><U66/><E66/><V17/><F57/><W60/><G102/><T108/><D108/><U20/><E101/><V121/><F121/><W127/><G127/><T81/><D8/><U72/><E72/><V85/><F85/><W3/><G3/><T29/><D122/><U131/><E131/><V18/><REACH who="2" step="1"/><F96/><REACH who="2" ten="205,265,255,235" step="2"/><W75/><G75/><T42/><D130/><U35/><E35/><V10/><F10/><W56/><REACH who="3" step="1"/><G45/><REACH who="3" ten="205,265,255,225" step="2"/><T124/><D124/><U9/><E9/><V59/><F59/><W129/><G129/><T116/><D70/><U128/><E128/><V125/><F125/><W135/><G135/><T92/><D116/><U63/><E46/><V112/><AGARI ba="2,5" hai="17,18,26,27,32,34,52,53,89,90,104,106,112,114" machi="112" ten="25,8000,1" yaku="1,1,0,1,22,2,54,1,53,0" doraHai="41" doraHaiUra="118" who="2" fromWho="2" sc="205,-22,265,-42,255,136,225,-22" /><INIT seed="2,0,0,3,2,127" ten="183,223,391,203" oya="2" hai0="0,46,103,49,53,52,135,78,41,12,104,14,33" hai1="55,48,72,76,89,113,3,51,133,126,98,47,116" hai2="74,96,112,80,25,102,37,90,125,50,11,13,61" hai3="18,88,121,31,91,19,108,69,87,17,21,64,26"/><V32/><F37/><W29/><G121/><T109/><D0/><U68/><E126/><V5/><F125/><W106/><G106/><T86/><D109/><U85/><E3/><V42/><F112/><W81/><G108/><T45/><D33/><U115/><E116/><V94/><F61/><W84/><G69/><T8/><D135/><U30/><E133/><V111/><F111/><W34/><G64/><T22/><D22/><U120/><E120/><V130/><F130/><W36/><G36/><T93/><D104/><U73/><E68/><V70/><F70/><W20/><REACH who="3" step="1"/><G29/><REACH who="3" ten="183,223,391,193" step="2"/><T4/><D45/><U66/><E66/><V100/><F42/><W60/><G60/><T107/><D107/><U119/><E30/><V122/><F122/><W40/><G40/><T117/><D117/><U105/><E119/><V62/><F62/><W16/><N who="3" m="4096" /><DORA hai="65" /><W118/><G118/><T6/><D41/><U63/><E63/><V24/><F24/><W129/><G129/><T101/><D53/><U95/><E51/><V134/><F25/><W43/><G43/><T123/><D123/><U67/><E67/><V124/><F134/><W57/><G57/><T75/><D75/><U38/><E38/><V28/><F50/><W92/><AGARI ba="0,1" hai="20,21,26,31,34,81,84,87,88,91,92" m="4096" machi="92" ten="40,8000,1" yaku="1,1,0,1,54,2,53,0" doraHai="127,65" doraHaiUra="128,1" who="3" fromWho="3" sc="183,-20,223,-20,391,-40,193,90" /><INIT seed="3,0,0,2,5,120" ten="163,203,351,283" oya="3" hai0="102,13,9,43,23,77,15,2,85,99,112,124,114" hai1="89,121,36,41,67,22,71,7,133,26,134,4,117" hai2="118,44,34,68,51,10,53,83,113,16,19,96,126" hai3="78,84,90,20,56,59,93,103,97,80,39,79,107"/><W110/><G39/><T35/><D35/><U72/><E121/><V52/><F113/><W62/><G110/><T64/><D124/><U24/><E72/><V109/><F118/><W58/><G20/><T111/><D2/><U87/><E117/><V82/><F34/><W128/><G128/><T18/><D43/><U32/><E32/><V125/><F68/><W17/><G17/><N who="2" m="6729" /><F109/><W48/><G48/><T66/><D111/><U75/><E75/><V54/><F96/><W40/><G40/><T47/><D47/><U116/><E116/><V42/><F10/><W55/><REACH who="3" step="1"/><G78/><REACH who="3" ten="163,203,351,273" step="2"/><T76/><D76/><U131/><E131/><V33/><F33/><W25/><G25/><T1/><D114/><U101/><E41/><V92/><F126/><W94/><G94/><T45/><D77/><U104/><E36/><V38/><F38/><W100/><G100/><T31/><D102/><U28/><E26/><V11/><F125/><W21/><G21/><T0/><D23/><U65/><E101/><V3/><F92/><W122/><G122/><T108/><D108/><U91/><E22/><V127/><F127/><W105/><G105/><T88/><D18/><U135/><E104/><V37/><F37/><W57/><G57/><T50/><D50/><U30/><E24/><V129/><F129/><W130/><G130/><T60/><D112/><U12/><E134/><V95/><F95/><W6/><G6/><T106/><D106/><U14/><E71/><V8/><F8/><W74/><AGARI ba="0,1" hai="55,56,58,59,62,74,79,80,84,90,93,97,103,107" machi="74" ten="20,18000,2" yaku="1,1,0,1,7,1,24,2,53,1" doraHai="120" doraHaiUra="49" who="3" fromWho="3" sc="163,-60,203,-60,351,-60,273,190" /><INIT seed="3,1,0,3,5,124" ten="103,143,291,463" oya="3" hai0="52,112,33,114,121,78,128,125,107,27,4,132,29" hai1="1,54,97,20,60,28,115,86,80,36,56,68,126" hai2="21,81,41,99,14,102,90,35,87,69,91,120,40" hai3="34,39,67,106,105,55,104,53,13,25,61,32,111"/><W71/><G39/><T24/><D107/><U31/><E126/><V58/><F69/><W101/><G111/><T0/><D125/><U75/><E75/><V116/><F35/><W15/><G101/><T103/><D103/><U30/><E1/><V63/><F116/><W37/><G37/><T11/><D78/><U45/><E115/><N who="0" m="44073" /><D121/><U18/><E68/><V17/><F91/><W16/><G15/><T130/><D27/><U98/><E45/><V46/><F46/><W117/><G117/><T88/><D88/><N who="1" m="51271" /><E36/><V74/><F74/><W119/><G119/><T59/><D132/><U109/><E109/><V100/><F100/><W95/><G95/><T113/><N who="0" m="44081" /><T118/><DORA hai="127" /><D118/><U83/><E83/><V5/><F5/><W47/><G25/><AGARI ba="1,0" hai="18,20,25,28,30,31,54,56,60,97,98" m="51271" machi="25" ten="30,2000,0" yaku="8,1,54,1" doraHai="124,127" who="1" fromWho="3" sc="103,0,143,23,291,0,463,-23" /><INIT seed="4,0,0,2,1,98" ten="103,166,291,440" oya="0" hai0="127,5,108,118,67,69,112,28,44,7,54,78,42" hai1="72,33,63,95,18,126,83,41,14,57,111,40,38" hai2="99,15,68,106,34,80,32,49,11,79,6,116,123" hai3="109,103,45,47,113,51,73,22,55,29,19,10,134"/><T132/><D118/><U50/><E111/><V97/><F123/><W52/><G73/><T119/><D119/><U0/><E0/><V75/><F116/><W91/><G113/><T3/><D108/><U71/><E33/><V81/><F68/><W110/><G134/><T85/><D132/><U129/><E129/><V27/><F81/><W70/><G70/><T105/><D28/><U48/><E71/><V94/><F27/><W135/><G135/><T37/><D112/><U100/><E126/><V101/><REACH who="2" step="1"/><F49/><REACH who="2" ten="103,166,281,440" step="2"/><W30/><G51/><T24/><D127/><U66/><E48/><V23/><F23/><W17/><G22/><T131/><D24/><U64/><E50/><V61/><F61/><W62/><G62/><T13/><D131/><U104/><E83/><V21/><F21/><W8/><G91/><AGARI ba="0,1" hai="6,11,15,32,34,75,79,80,91,94,97,99,101,106" machi="91" ten="30,3900,0" yaku="1,1,7,1,52,1,53,0" doraHai="98" doraHaiUra="114" who="2" fromWho="3" sc="103,0,166,0,281,49,440,-39" /><INIT seed="5,0,0,4,5,43" ten="103,166,330,401" oya="1" hai0="74,96,113,55,130,128,54,50,5,111,65,87,86" hai1="112,67,92,119,40,122,82,35,108,1,91,25,104" hai2="84,110,89,129,95,33,41,62,7,127,31,26,118" hai3="37,81,63,71,90,109,14,45,61,97,70,24,101"/><U133/><E104/><V15/><F118/><W30/><G109/><T123/><D111/><U124/><E119/><V126/><F110/><W120/><G120/><T8/><D74/><U125/><E122/><V68/><F129/><W17/><G90/><T22/><D123/><U56/><E1/><V85/><F41/><W11/><G81/><T18/><D65/><U69/><E69/><V9/><F68/><W103/><G71/><T57/><D113/><U29/><E108/><V21/><F62/><W107/><G103/><T59/><D96/><U60/><E112/><V83/><REACH who="2" step="1"/><F33/><REACH who="2" ten="103,166,320,401" step="2"/><W88/><G63/><T19/><D130/><U105/><E40/><V6/><F6/><W98/><G61/><T78/><D128/><U76/><E133/><V58/><F58/><W39/><G70/><T36/><D36/><U42/><E42/><V32/><F32/><W16/><G39/><T10/><D5/><U114/><E114/><V115/><F115/><W77/><G37/><T34/><D34/><U53/><E67/><V66/><F66/><W44/><G44/><T38/><D38/><U0/><E60/><V121/><F121/><W94/><G45/><T3/><D50/><U117/><E117/><V49/><F49/><W52/><G52/><T106/><D55/><U47/><E53/><V20/><F20/><W13/><G11/><T100/><D54/><U135/><E35/><V132/><F132/><W27/><G107/><T48/><D10/><U131/><E135/><V73/><F73/><W2/><G101/><T28/><D8/><U116/><E131/><V51/><F51/><RYUUKYOKU ba="0,1" sc="103,-10,166,-10,320,30,401,-10" hai2="7,9,15,21,26,31,83,84,85,89,95,126,127" /><INIT seed="6,1,1,4,2,25" ten="93,156,350,391" oya="2" hai0="87,95,50,81,14,128,38,130,106,92,121,77,21" hai1="131,32,0,129,17,104,84,70,41,119,122,12,105" hai2="103,20,132,108,60,6,10,16,57,65,58,107,1" hai3="69,40,135,67,113,115,48,90,37,29,134,55,76"/><V101/><F132/><N who="3" m="50731" /><G76/><T8/><D38/><U85/><E0/><V11/><F108/><W114/><G90/><T45/><D121/><U68/><E41/><V86/><F107/><N who="1" m="41033" /><E119/><V26/><F86/><N who="1" m="33385" /><E32/><V51/><REACH who="2" step="1"/><F10/><REACH who="2" ten="93,156,340,391" step="2"/><W133/><G133/><T42/><D106/><U82/><E122/><V44/><F44/><W64/><G69/><T35/><D35/><U61/><E82/><V88/><F88/><W7/><G7/><T2/><D21/><U54/><E70/><V97/><F97/><W120/><G120/><T5/><REACH who="0" step="1"/><D2/><REACH who="0" ten="83,156,340,391" step="2"/><U23/><E23/><V118/><F118/><W56/><G115/><T9/><D9/><U28/><E131/><AGARI ba="1,3" hai="5,8,14,42,45,50,77,81,87,92,95,128,130,131" machi="131" ten="40,8000,1" yaku="1,1,25,2,19,1,53,0" doraHai="25" doraHaiUra="116" who="0" fromWho="1" sc="83,113,156,-83,340,0,391,0" /><INIT seed="7,0,0,3,0,126" ten="196,73,340,391" oya="3" hai0="106,115,124,76,78,116,111,133,125,69,68,4,60" hai1="7,66,21,102,51,44,58,41,107,71,75,45,3" hai2="82,93,121,8,17,134,29,59,120,31,67,26,110" hai3="81,73,30,55,23,127,25,22,47,15,84,96,49"/><W88/><G127/><N who="0" m="48715" /><D106/><U87/><E75/><V16/><F82/><W92/><G73/><T14/><D116/><U122/><E122/><N who="2" m="47211" /><F93/><W63/><G63/><T135/><D111/><U132/><E132/><N who="0" m="50761" /><D115/><U54/><E107/><V37/><F37/><W1/><G1/><T130/><D60/><N who="1" m="40391" /><E87/><V95/><F59/><W20/><REACH who="3" step="1"/><G15/><REACH who="3" ten="196,73,340,381" step="2"/><T42/><D14/><U113/><E3/><V6/><F134/><W2/><G2/><T48/><D4/><U12/><E7/><V0/><F67/><W117/><G117/><T61/><D61/><N who="1" m="36055" /><E12/><V38/><F38/><W43/><G43/><T99/><D99/><U83/><E113/><V123/><N who="2" m="47219" /><V28/><DORA hai="100" /><F95/><W24/><G24/><T57/><D69/><U65/><E83/><V108/><F26/><W128/><G128/><T18/><D130/><U72/><E72/><V114/><F114/><W56/><G56/><T62/><D68/><U129/><E129/><V19/><AGARI ba="0,1" hai="0,6,8,16,17,19,28,29,31,108,110" m="47219" machi="19" ten="50,8000,1" yaku="13,1,34,2,54,1" doraHai="126,100" who="2" fromWho="2" sc="196,-20,73,-20,340,90,381,-40" owari="176,-22.0,53,-45.0,430,53.0,341,14.0" /></mjloggm>