<mjloggm ver="2.3"><GO type="185" lobby="0"/><UN n0="%E3%82%8D%E3%81%AF%E3%82%93%37%33" n1="%41%74%72%69%61" n2="%69%6E%75%73%61%6E%38%34" n3="" dan="16,17,16,0" rate="2010.13,2282.79,2139.96,1500.00" sx="M,F,M,C"/><TAIKYOKU oya="0"/><INIT seed="0,0,0,0,4,125" ten="350,350,350,0" oya="0" hai0="51,92,84,55,46,134,120,87,64,95,49,122,75" hai1="34,128,38,36,62,57,94,73,108,53,131,80,60" hai2="70,116,98,79,123,66,89,59,1,45,86,102,112" hai3=""/><T39/><N who="0" m="30752" /><T40/><N who="0" m="31264" /><T90/><D75/><U100/><E34/><V81/><N who="2" m="31520" /><V106/><F1/><T121/><N who="0" m="31008" /><T2/><D2/><U52/><E108/><V35/><F35/><T71/><D134/><U48/><E100/><V54/><F112/><T109/><D109/><U117/><E94/><V82/><F116/><T83/><D71/><U110/><E110/><V61/><F45/><T104/><D64/><U113/><E117/><V93/><F79/><T115/><D104/><U101/><E101/><V78/><REACH who="2" step="1"/><F78/><REACH who="2" ten="350,350,340,0" step="2"/><T72/><D115/><U114/><E114/><V65/><F65/><T107/><D72/><U56/><E113/><V135/><F135/><T74/><D74/><U50/><E73/><V58/><F58/><T41/><D107/><U44/><E80/><V33/><F33/><T47/><D87/><U3/><E3/><V97/><F97/><T0/><D0/><U130/><E44/><AGARI ba="0,1" hai="39,40,41,44,46,47,49,51,55,83,84,90,92,95" m="31008,31264,30752" machi="44" ten="30,11600,0" yaku="7,1,52,3" doraHai="125" who="0" fromWho="1" sc="350,126,350,-116,340,0,0,0" /><INIT seed="0,1,0,4,3,60" ten="476,234,340,0" oya="0" hai0="135,111,104,54,109,46,41,129,88,123,37,133,62" hai1="127,70,38,102,53,106,63,48,78,131,3,90,83" hai2="44,32,94,87,73,2,55,85,107,65,36,110,47" hai3=""/><T61/><N who="0" m="31520" /><T96/><D129/><U126/><E3/><V101/><F32/><T93/><D104/><U56/><E38/><V42/><F2/><T103/><D103/><U74/><E131/><V45/><F73/><T82/><D82/><U69/><E90/><V58/><F110/><N who="0" m="41994" /><D54/><U128/><E128/><V108/><F108/><T66/><D62/><U57/><E102/><V50/><F107/><T91/><D91/><U120/><N who="1" m="30752" /><U51/><E106/><V49/><F101/><T118/><D118/><U112/><E112/><V97/><F97/><T81/><D81/><U43/><E43/><V95/><F95/><T105/><D105/><U52/><REACH who="1" step="1"/><E63/><REACH who="1" ten="476,224,340,0" step="2"/><V115/><F115/><T117/><D117/><U125/><AGARI ba="1,1" hai="48,51,52,53,56,57,69,70,74,78,83,125,126,127" m="30752" machi="125" ten="30,12000,3" yaku="1,1,2,1,0,1,9,1,18,1,52,1,54,1,53,1" doraHai="60" doraHaiUra="77" who="1" fromWho="1" sc="476,-81,224,132,340,-41,0,0" /><INIT seed="1,0,0,2,0,41" ten="395,356,299,0" oya="1" hai0="50,103,40,83,34,55,129,78,100,85,94,54,98" hai1="116,62,107,93,2,58,75,109,38,110,106,33,118" hai2="43,32,119,81,133,66,89,44,104,57,3,48,47" hai3=""/><U72/><E33/><V108/><F119/><N who="1" m="45609" /><E38/><V99/><F32/><T87/><D34/><U127/><E2/><V82/><F3/><T39/><D39/><U60/><E93/><V101/><F108/><N who="1" m="41577" /><E127/><V52/><F133/><T36/><D36/><U121/><N who="1" m="31008" /><U128/><E128/><V45/><F66/><T117/><D117/><U73/><E58/><V59/><F59/><T53/><D129/><U134/><E134/><V97/><F97/><T102/><D87/><U51/><E51/><V0/><F0/><T69/><D69/><U80/><E80/><V132/><F132/><T49/><D40/><U86/><E86/><V67/><F67/><T95/><D95/><U79/><E79/><V71/><F71/><T1/><D1/><U35/><E35/><V84/><REACH who="2" step="1"/><F82/><REACH who="2" ten="395,356,289,0" step="2"/><T91/><AGARI ba="0,1" hai="49,50,53,54,55,78,83,85,91,94,98,100,102,103" machi="91" ten="30,1500,0" yaku="0,1,8,1" doraHai="41" who="0" fromWho="0" sc="395,25,356,-10,289,-5,0,0" /><INIT seed="2,0,0,1,1,97" ten="420,346,284,0" oya="2" hai0="39,36,106,83,126,102,34,128,38,37,72,116,86" hai1="35,130,109,68,135,77,47,60,105,0,59,76,99" hai2="33,75,125,45,91,80,111,89,117,70,64,88,49" hai3=""/><V65/><F33/><T122/><N who="0" m="31264" /><T129/><D34/><U120/><N who="1" m="30752" /><U115/><E35/><V78/><F117/><T132/><D116/><U119/><E119/><V118/><F118/><T71/><D71/><U62/><E115/><V61/><F65/><T85/><D72/><U127/><E0/><V3/><F3/><T87/><D132/><U94/><E135/><V108/><F125/><T131/><D126/><U93/><E127/><V48/><REACH who="2" step="1"/><F45/><REACH who="2" ten="420,346,274,0" step="2"/><T90/><N who="0" m="9216" /><DORA hai="2" /><T82/><REACH who="0" step="1"/><D90/><REACH who="0" ten="410,346,274,0" step="2"/><U113/><E113/><V98/><F98/><AGARI ba="0,2" hai="82,83,85,86,87,98,102,106,128,129,131" m="9216,31264" machi="98" ten="80,12000,2" yaku="1,1,2,1,29,2,19,1,52,2,53,0" doraHai="97,2" doraHaiUra="110,44" who="0" fromWho="2" sc="410,140,346,0,274,-120,0,0" /><INIT seed="4,0,0,2,1,67" ten="550,346,154,0" oya="0" hai0="80,36,62,43,2,99,56,122,126,52,41,96,39" hai1="73,108,110,77,125,105,1,87,0,85,72,135,93" hai2="121,89,47,101,63,132,42,54,103,51,91,70,106" hai3=""/><T95/><N who="0" m="31264" /><T64/><D2/><U65/><E65/><V117/><N who="2" m="31008" /><V50/><F132/><T88/><D126/><U98/><E1/><V118/><F106/><T48/><D80/><U35/><E35/><V34/><F34/><T115/><D115/><U116/><E0/><V104/><F104/><T74/><D74/><U58/><E58/><V112/><F112/><T59/><REACH who="0" step="1"/><D96/><REACH who="0" ten="540,346,154,0" step="2"/><U66/><E125/><V133/><F133/><T38/><AGARI ba="0,1" hai="36,38,39,41,43,48,52,56,59,62,64,88,95,99" m="31264" machi="38" ten="30,12000,2" yaku="1,1,2,1,0,1,52,1,54,2,53,0" doraHai="67" doraHaiUra="33" who="0" fromWho="0" sc="540,130,346,-60,154,-60,0,0" /><INIT seed="4,1,0,2,5,113" ten="670,286,94,0" oya="0" hai0="106,114,52,46,40,0,64,32,87,53,116,39,84" hai1="108,43,72,1,97,122,54,74,63,44,123,82,101" hai2="91,69,83,2,80,124,103,42,95,85,134,37,33" hai3=""/><T110/><D0/><U98/><N who="1" m="31264" /><U50/><N who="1" m="31520" /><U58/><E1/><V38/><F33/><T104/><D32/><U68/><E108/><V41/><F2/><T66/><D110/><U70/><E97/><V76/><F69/><T120/><N who="0" m="30752" /><T111/><D111/><U92/><REACH who="1" step="1"/><E82/><REACH who="1" ten="670,276,94,0" step="2"/><V117/><F124/><T88/><D114/><U78/><E78/><V109/><F109/><T79/><D79/><U57/><E57/><V48/><F134/><T112/><D112/><U107/><E107/><V128/><F128/><T135/><D106/><U90/><E90/><V102/><F102/><T94/><D104/><U35/><E35/><V86/><F103/><T89/><D135/><U59/><E59/><V75/><F75/><AGARI ba="1,1" hai="43,44,50,54,58,63,68,70,72,74,75,92,98,101" m="31520,31264" machi="75" ten="40,8000,1" yaku="1,1,52,2,53,1" doraHai="113" doraHaiUra="51" who="1" fromWho="2" sc="670,0,276,92,94,-82,0,0" /><INIT seed="5,0,0,4,5,99" ten="670,368,12,0" oya="1" hai0="48,116,44,71,110,47,117,64,98,68,67,73,133" hai1="35,90,70,41,80,50,3,126,81,65,62,39,134" hai2="82,78,104,112,74,119,59,125,1,114,57,115,131" hai3=""/><U79/><E35/><V84/><F1/><T0/><D73/><U103/><E3/><V111/><F111/><T72/><D72/><U32/><E32/><V83/><F119/><N who="0" m="45642" /><D0/><U63/><E134/><V95/><F104/><T122/><N who="0" m="31264" /><T107/><D133/><U102/><E126/><V60/><F125/><T106/><D110/><U108/><E108/><V120/><N who="2" m="30752" /><V69/><F131/><T2/><D2/><U130/><E130/><V92/><F69/><T113/><D113/><U37/><E90/><V34/><F34/><T55/><D106/><U129/><E129/><V43/><F43/><T101/><D47/><U77/><E41/><V91/><REACH who="2" step="1"/><F59/><REACH who="2" ten="670,368,2,0" step="2"/><T105/><D107/><U100/><E70/><AGARI ba="0,1" hai="44,48,55,64,67,68,70,71,98,101,105" m="31264,45642" machi="70" ten="30,3900,0" yaku="12,1,52,2" doraHai="99" who="0" fromWho="1" sc="670,49,368,-39,2,0,0,0" /><INIT seed="6,0,0,2,0,72" ten="719,329,2,0" oya="2" hai0="33,80,132,121,75,123,89,134,93,91,70,65,36" hai1="96,95,74,84,53,104,67,85,49,114,88,3,108" hai2="133,97,55,66,73,126,64,117,35,61,77,42,40" hai3=""/><V128/><F35/><T60/><N who="0" m="31008" /><T71/><N who="0" m="31520" /><T124/><D33/><U83/><E108/><V86/><F117/><T0/><D0/><U111/><E111/><V103/><F73/><T52/><D36/><U44/><E3/><V99/><F126/><T131/><D124/><U1/><E1/><V107/><F128/><T102/><D102/><U2/><E2/><V62/><F133/><T100/><D100/><U110/><E110/><V81/><F55/><T118/><D52/><U69/><E114/><V135/><F135/><T90/><D118/><U82/><E104/><V37/><F37/><T92/><D131/><U130/><E130/><V113/><F113/><T54/><D54/><U41/><E74/><V127/><F127/><T122/><N who="0" m="31264" /><T32/><D32/><U43/><E69/><V125/><F125/><T34/><D71/><U119/><E67/><V106/><F106/><T105/><D34/><U63/><E119/><V109/><F109/><T68/><D105/><U50/><E63/><N who="2" m="24075" /><F99/><T59/><D132/><U58/><E41/><N who="2" m="15979" /><F107/><T129/><D134/><U98/><E98/><V115/><F115/><T38/><D129/><U47/><E47/><V79/><F79/><T116/><D116/><U51/><E51/><RYUUKYOKU ba="0,0" sc="719,-20,329,10,2,10,0,0" hai1="43,44,49,50,53,58,82,83,84,85,88,95,96" hai2="64,66,77,81,86,97,103" /><INIT seed="6,1,0,4,1,41" ten="699,339,12,0" oya="2" hai0="112,40,94,32,84,81,38,62,119,129,2,82,50" hai1="122,71,133,60,106,76,45,51,86,85,61,66,35" hai2="135,59,96,43,92,68,118,87,49,97,83,53,100" hai3=""/><V48/><F118/><T58/><D119/><U90/><N who="1" m="31264" /><U37/><E35/><V72/><F72/><T64/><D38/><U125/><E106/><V131/><F68/><T39/><D39/><U74/><E133/><V56/><F131/><T52/><D129/><U120/><N who="1" m="30752" /><U42/><E125/><V117/><F117/><T116/><D40/><U101/><E101/><V36/><F135/><T1/><D116/><U108/><E108/><V114/><F114/><T91/><D112/><U105/><E105/><V123/><N who="2" m="31520" /><V78/><F36/><T110/><D110/><U124/><E124/><V3/><F3/><T98/><D32/><U70/><E90/><V103/><F43/><T99/><D82/><U134/><E134/><V111/><F111/><T55/><D99/><U33/><E33/><V95/><REACH who="2" step="1"/><F49/><REACH who="2" ten="699,339,2,0" step="2"/><T63/><D50/><U69/><E37/><V121/><N who="2" m="31008" /><V88/><F88/><T34/><D34/><U57/><E69/><V104/><F104/><T0/><D1/><U128/><E128/><V80/><F80/><T93/><D0/><U79/><E70/><V130/><F130/><T75/><D2/><U126/><E74/><V102/><F102/><T107/><D75/><U109/><E109/><RYUUKYOKU ba="1,1" sc="699,-10,339,-10,2,20,0,0" hai2="48,53,56,59,78,83,87,92,95,96,97,100,103" /><INIT seed="6,2,1,3,0,53" ten="689,329,22,0" oya="2" hai0="109,113,78,62,118,101,121,57,112,94,2,45,69" hai1="116,41,46,88,91,98,134,40,104,0,74,44,115" hai2="99,58,63,76,96,105,72,61,87,55,75,119,85" hai3=""/><V92/><F119/><T102/><N who="0" m="31008" /><T50/><D2/><U100/><E0/><V59/><F105/><T129/><D69/><U108/><E108/><V52/><F92/><T82/><D109/><U35/><E35/><V49/><F49/><T64/><D118/><U66/><E74/><V86/><F76/><T126/><D94/><U111/><E111/><V65/><F65/><T90/><D90/><U135/><E115/><V71/><F71/><T39/><D39/><U67/><E116/><V97/><AGARI ba="2,1" hai="52,55,58,59,61,63,72,75,85,86,87,96,97,99" machi="97" ten="30,8000,1" yaku="0,1,9,1,52,2,54,1" doraHai="53" who="2" fromWho="2" sc="689,-42,329,-42,22,94,0,0" /><INIT seed="6,3,0,2,3,44" ten="647,287,116,0" oya="2" hai0="128,86,62,122,88,121,0,2,39,80,100,134,119" hai1="84,123,101,126,90,72,69,51,48,97,132,46,33" hai2="130,52,42,77,61,36,106,60,59,105,102,109,57" hai3=""/><V66/><F130/><T49/><N who="0" m="31008" /><T56/><N who="0" m="31264" /><T104/><D39/><U34/><N who="1" m="31520" /><U87/><E72/><V53/><F109/><T37/><D37/><U116/><E69/><V74/><F102/><T99/><D128/><U50/><E132/><V71/><F74/><T91/><D134/><U1/><E1/><V70/><F77/><T68/><D119/><U131/><E131/><V64/><F106/><T43/><D68/><N who="2" m="26154" /><F105/><T85/><D2/><U58/><E116/><V82/><F82/><T54/><D0/><U135/><E135/><V110/><F110/><T117/><D117/><U124/><E58/><V120/><N who="2" m="30752" /><V125/><F125/><N who="1" m="48233" /><E46/><AGARI ba="3,0" hai="36,42,46,52,53,57,59,60,61,64,66" m="30752,26154" machi="46" ten="30,18000,2" yaku="35,5,52,1,54,1" doraHai="44" who="2" fromWho="1" sc="647,0,287,-186,116,186,0,0" /><INIT seed="6,4,0,5,5,33" ten="647,101,302,0" oya="2" hai0="93,107,34,50,114,86,125,98,112,122,128,113,52" hai1="109,37,42,51,90,132,130,91,59,135,65,35,87" hai2="63,84,60,99,70,58,1,115,43,54,85,96,41" hai3=""/><V108/><BYE who="1" /><F115/><T79/><N who="0" m="31264" /><T57/><D34/><U116/><E116/><V49/><F108/><T106/><D128/><U47/><E47/><V118/><F118/><T69/><D69/><U131/><E131/><V119/><F119/><T94/><D125/><U103/><E103/><V48/><F70/><T89/><D79/><U66/><E66/><V0/><F58/><T88/><AGARI ba="4,0" hai="50,52,57,86,88,89,93,94,98,106,107,112,113,114" m="31264" machi="88" ten="40,9000,2" yaku="0,1,15,1,11,1,52,1,54,2" doraHai="33" who="0" fromWho="0" sc="647,98,101,-34,302,-64,0,0" owari="745,69.0,67,-53.0,238,-16.0,0,0.0" /></mjloggm>