<mjloggm ver="2.3"><GO type="169" lobby="0"/><UN n0="%E8%B0%B7%E5%8F%A3%E3%81%93%E3%81%86%E3%81%B8%E3%81%84" n1="%6B%61%74%65%72%69%6E%61" n2="%E3%83%87%E3%83%B3%E3%82%A8%E3%83%B3" n3="%E5%BD%A9%E4%BA%AC" dan="17,17,17,17" rate="2211.45,2139.28,2168.22,2200.68" sx="M,M,M,M"/><TAIKYOKU oya="0"/><INIT seed="0,0,0,0,0,30" ten="250,250,250,250" oya="0" hai0="115,61,118,85,2,52,135,97,79,24,75,73,59" hai1="81,92,103,36,78,76,7,104,34,33,121,10,123" hai2="65,55,29,72,84,51,17,113,101,132,93,49,43" hai3="46,42,80,128,120,119,74,89,99,91,20,48,58"/><T21/><D115/><U94/><E36/><V122/><F72/><W110/><G119/><T12/><D2/><U56/><E104/><V95/><F122/><W129/><G120/><T40/><D118/><U71/><E71/><V105/><F65/><W5/><G110/><T90/><D135/><U0/><E56/><V9/><F29/><W106/><G5/><T18/><D40/><U126/><E126/><V70/><F70/><W38/><G20/><T53/><D53/><U35/><E78/><V39/><F105/><W88/><G58/><T82/><D12/><U23/><E23/><V32/><F101/><W11/><G11/><T57/><D57/><U45/><E45/><V83/><F51/><W62/><G62/><T66/><D66/><U98/><REACH who="1" step="1"/><E94/><AGARI ba="0,0" hai="18,21,24,52,59,61,73,75,79,82,85,90,94,97" machi="94" ten="40,7700,0" yaku="25,2,54,1" doraHai="30" who="0" fromWho="1" sc="250,77,250,-77,250,0,250,0" /><INIT seed="0,1,0,3,4,1" ten="327,173,250,250" oya="0" hai0="113,30,103,99,72,69,122,43,27,85,62,2,59" hai1="102,126,104,74,19,89,37,116,87,47,26,18,4" hai2="15,67,112,78,64,76,40,123,97,96,66,129,80" hai3="109,31,42,125,124,86,56,132,21,50,57,119,22"/><T91/><D113/><U45/><E116/><V34/><F34/><W3/><G119/><T131/><D122/><U55/><E126/><N who="3" m="48746" /><G109/><T106/><D131/><U98/><E74/><V81/><F123/><W110/><G110/><T32/><D43/><U13/><E37/><V25/><F40/><W121/><G121/><T12/><D2/><U6/><E26/><V53/><F25/><N who="3" m="16815" /><G3/><T70/><D12/><U108/><E108/><V29/><F29/><W128/><G128/><T16/><D16/><U65/><E65/><V71/><F15/><W127/><G132/><T75/><D70/><U135/><E19/><V73/><F53/><W10/><G10/><T100/><D100/><U63/><E135/><V33/><F33/><W51/><G22/><T77/><D77/><U8/><E47/><V58/><F71/><W46/><N who="3" m="48754" /><W17/><DORA hai="48" /><G17/><T52/><REACH who="0" step="1"/><D69/><REACH who="0" ten="317,173,250,250" step="2"/><U60/><E60/><V61/><F129/><W9/><G9/><T130/><D130/><U107/><E63/><V5/><F112/><W41/><G41/><T118/><D118/><U79/><E79/><V92/><F78/><W88/><G51/><T120/><D120/><U11/><E11/><V84/><F61/><W39/><G39/><T94/><AGARI ba="1,1" hai="27,30,32,52,59,62,72,75,85,91,94,99,103,106" machi="94" ten="20,18000,2" yaku="1,1,0,1,7,1,52,1,54,1,53,1" doraHai="1,48" doraHaiUra="90,44" who="0" fromWho="0" sc="317,193,173,-61,250,-61,250,-61" /><INIT seed="0,2,0,5,4,12" ten="510,112,189,189" oya="0" hai0="116,63,105,44,41,133,55,18,13,113,65,6,101" hai1="102,121,93,7,86,10,34,125,79,30,26,27,76" hai2="127,122,1,85,45,54,100,109,106,70,120,9,134" hai3="50,56,23,68,59,130,4,37,124,78,115,72,83"/><T21/><D113/><U81/><E121/><V62/><F109/><W51/><G115/><T108/><D116/><U123/><E123/><V40/><F127/><W73/><G68/><T57/><D133/><U91/><E125/><V128/><F134/><W35/><G37/><T77/><D108/><U132/><E132/><V47/><F128/><W16/><G35/><T89/><D77/><U58/><E58/><V87/><F85/><W46/><G4/><T38/><D6/><U69/><E69/><V42/><F87/><W84/><G124/><T48/><D89/><U126/><E126/><V66/><F54/><W92/><G130/><T75/><D75/><U28/><E102/><V90/><F90/><N who="3" m="53319" /><G73/><T104/><REACH who="0" step="1"/><D101/><REACH who="0" ten="500,112,189,189" step="2"/><U98/><E79/><V111/><F100/><W117/><G72/><T96/><D96/><U97/><E76/><V129/><F111/><W118/><G117/><T5/><D5/><U82/><E98/><V88/><F88/><W95/><G118/><T64/><D64/><U71/><E97/><V119/><F66/><W24/><G78/><T8/><D8/><U52/><E82/><V53/><F9/><W135/><G83/><T31/><D31/><U25/><E81/><V49/><F120/><W29/><G135/><T14/><D14/><N who="1" m="5471" /><E30/><V99/><F119/><W0/><G29/><T19/><D19/><U74/><E74/><V17/><F17/><W36/><G16/><T11/><D11/><U60/><E71/><AGARI ba="2,1" hai="13,18,21,38,41,44,48,55,57,63,65,71,104,105" machi="71" ten="30,12000,1" yaku="1,1,7,1,24,2,52,1,53,0" doraHai="12" doraHaiUra="22" who="0" fromWho="1" sc="500,136,112,-126,189,0,189,0" owari="636,73.0,-14,-51.0,189,-1.0,189,-21.0" /></mjloggm>