<mjloggm ver="2.3"><GO type="185" lobby="0"/><UN n0="%E3%82%BF%E3%83%AD%E3%81%95" n1="%E3%82%8A%E3%82%80%E3%82%8B" n2="%E9%95%B7%E5%85%89%E9%BA%BB%E5%A4%9C" n3="" dan="16,16,16,0" rate="2091.01,2155.37,2175.21,1500.00" sx="M,M,M,C"/><TAIKYOKU oya="0"/><INIT seed="0,0,0,5,1,33" ten="350,350,350,0" oya="0" hai0="64,112,74,122,72,0,107,108,35,119,65,109,130" hai1="123,105,86,32,81,98,106,76,90,47,85,125,56" hai2="111,97,110,84,42,128,104,95,124,57,75,41,89" hai3=""/><T63/><RYUUKYOKU type="yao9" ba="0,0" sc="350,0,350,0,350,0,0,0" hai0="0,35,63,64,65,72,74,107,108,109,112,119,122,130" /><INIT seed="0,1,0,2,0,87" ten="350,350,350,0" oya="0" hai0="102,32,53,44,36,100,50,133,72,77,105,69,124" hai1="130,109,120,64,131,93,122,41,95,99,0,33,121" hai2="56,58,2,34,85,110,117,81,55,67,104,106,108" hai3=""/><T88/><D124/><U38/><N who="1" m="30752" /><U103/><N who="1" m="31008" /><U125/><N who="1" m="31264" /><U3/><E33/><V48/><F34/><T79/><D133/><U83/><E125/><V123/><N who="2" m="31520" /><V71/><F2/><T61/><D32/><U119/><E119/><V89/><F71/><T62/><D36/><U70/><E109/><N who="2" m="42091" /><F117/><T97/><D102/><U91/><E83/><V47/><F67/><T35/><D35/><U74/><E74/><V107/><AGARI ba="1,0" hai="47,48,55,56,58,81,85,89,104,106,107" m="42091,31520" machi="107" ten="40,3900,0" yaku="14,1,52,2" doraHai="87" who="2" fromWho="2" sc="350,-27,350,-14,350,41,0,0" /><INIT seed="1,0,0,3,5,106" ten="323,336,391,0" oya="1" hai0="118,67,90,77,76,127,58,37,94,113,3,100,101" hai1="41,105,42,84,61,55,132,111,121,99,78,116,120" hai2="43,51,128,54,122,85,44,1,83,130,95,63,134" hai3=""/><U62/><N who="1" m="30752" /><U124/><N who="1" m="31008" /><U56/><E116/><V71/><N who="2" m="31264" /><V70/><F1/><T34/><D113/><U49/><E132/><V104/><F104/><T46/><D34/><U69/><E124/><V38/><F95/><T80/><D127/><U39/><E111/><V79/><F134/><T32/><D32/><U114/><E114/><V93/><F93/><T133/><D118/><U117/><E117/><V135/><F135/><T33/><D33/><U108/><E108/><V68/><REACH who="2" step="1"/><F63/><REACH who="2" ten="323,336,381,0" step="2"/><T102/><D3/><U36/><E62/><V119/><F119/><T92/><D133/><U60/><E60/><V65/><F65/><T53/><D67/><U91/><E105/><V72/><F72/><T103/><D94/><U45/><E61/><V89/><F89/><T126/><D126/><U98/><E91/><V109/><F109/><T123/><N who="0" m="31520" /><T57/><D103/><U97/><E97/><V107/><F107/><T50/><D102/><U47/><E69/><V66/><F66/><T40/><D101/><U2/><E2/><V35/><F35/><T112/><D100/><U88/><E78/><V48/><F48/><T125/><D77/><U0/><E0/><V64/><F64/><T73/><D125/><RYUUKYOKU ba="0,1" sc="323,-20,336,10,381,10,0,0" hai1="36,39,41,42,45,47,49,55,56,84,88,98,99" hai2="38,43,44,51,54,68,70,71,79,83,85,128,130" /><INIT seed="1,1,1,1,3,107" ten="303,346,391,0" oya="1" hai0="63,74,94,71,67,85,110,48,69,81,127,91,64" hai1="105,98,40,66,130,60,108,131,36,83,124,118,65" hai2="135,37,54,62,82,79,93,46,0,38,132,123,55" hai3=""/><U134/><E118/><V125/><N who="2" m="31520" /><V33/><F33/><T77/><D127/><U44/><E124/><V101/><F0/><T50/><D110/><U61/><E108/><V41/><F125/><T72/><D67/><U119/><E119/><V2/><F2/><T120/><N who="0" m="30752" /><T104/><D104/><U92/><E105/><V35/><F35/><T103/><D103/><U99/><E134/><N who="2" m="51243" /><F38/><T56/><D71/><U57/><E83/><V52/><F93/><T49/><REACH who="0" step="1"/><D69/><REACH who="0" ten="293,346,391,0" step="2"/><U68/><REACH who="1" step="1"/><E99/><AGARI ba="1,2" hai="48,49,50,56,63,64,72,74,77,81,85,91,94,99" m="30752" machi="99" ten="40,8000,1" yaku="1,1,2,1,52,3,53,0" doraHai="107" doraHaiUra="39" who="0" fromWho="1" sc="293,102,346,-82,391,0,0,0" /><INIT seed="2,0,0,3,5,38" ten="395,264,391,0" oya="2" hai0="104,117,56,133,74,96,57,36,87,134,131,114,112" hai1="84,105,80,100,0,58,40,99,119,33,45,83,73" hai2="47,111,102,135,70,132,93,43,69,72,32,64,115" hai3=""/><V85/><F32/><T2/><D2/><U103/><E0/><V127/><F115/><N who="0" m="44074" /><D117/><U118/><E33/><V86/><F72/><T76/><D36/><U42/><E100/><V65/><F127/><T78/><D74/><U81/><E73/><V98/><F111/><T79/><D131/><U77/><E58/><N who="0" m="22633" /><D87/><U122/><N who="1" m="31264" /><U1/><E1/><V124/><F124/><T51/><D51/><U101/><E101/><AGARI ba="0,0" hai="76,78,79,96,101,104,133,134" m="22633,44074" machi="101" ten="40,1300,0" yaku="11,1" doraHai="38" who="0" fromWho="1" sc="395,13,264,-13,391,0,0,0" /><INIT seed="4,0,0,0,5,119" ten="408,251,391,0" oya="0" hai0="64,70,111,89,85,75,47,63,121,35,67,126,96" hai1="49,118,104,94,80,38,46,77,133,90,32,69,98" hai2="37,79,41,71,2,61,42,115,116,66,74,109,53" hai3=""/><T45/><N who="0" m="31008" /><T114/><D114/><U73/><E118/><V58/><F2/><T92/><D126/><U91/><E32/><V105/><F115/><T0/><D75/><U128/><E128/><V62/><F116/><T82/><D111/><U51/><E133/><V129/><F105/><T131/><D131/><U103/><E69/><V54/><F129/><T48/><D35/><U57/><E57/><V83/><F109/><T33/><D33/><U55/><E38/><V113/><F113/><T112/><D112/><U78/><E78/><V36/><REACH who="2" step="1"/><F54/><REACH who="2" ten="408,251,381,0" step="2"/><T43/><D0/><U93/><E104/><V102/><F102/><T50/><D67/><U106/><E106/><V72/><F72/><T97/><D92/><U122/><N who="1" m="31264" /><U84/><REACH who="1" step="1"/><E51/><REACH who="1" ten="408,241,381,0" step="2"/><V120/><N who="2" m="30752" /><V59/><F59/><T81/><REACH who="0" step="1"/><D81/><REACH who="0" ten="398,241,381,0" step="2"/><U76/><E76/><V68/><F68/><T110/><D110/><U130/><E130/><V107/><F107/><T52/><AGARI ba="0,3" hai="43,45,47,48,50,52,63,64,70,82,85,89,96,97" m="31008" machi="52" ten="20,16000,3" yaku="1,1,0,1,7,1,52,2,54,1,53,2" doraHai="119" doraHaiUra="40" who="0" fromWho="0" sc="398,190,241,-80,381,-80,0,0" /><INIT seed="4,1,0,5,0,78" ten="588,161,301,0" oya="0" hai0="69,112,58,41,84,51,81,97,59,107,95,128,33" hai1="104,66,99,118,35,102,123,113,0,64,3,103,71" hai2="134,100,65,76,75,1,130,40,93,121,106,115,110" hai3=""/><T45/><D112/><U82/><N who="1" m="31520" /><U126/><E118/><V74/><F65/><T46/><D128/><U48/><E35/><V70/><F40/><T120/><N who="0" m="30752" /><T62/><D107/><U92/><E113/><V109/><F93/><T49/><D33/><U34/><E34/><V98/><F76/><T117/><D69/><U105/><E126/><V68/><F98/><T125/><D125/><U131/><E131/><V119/><F100/><T116/><D95/><U37/><E48/><V108/><F75/><T122/><N who="0" m="31264" /><T53/><D97/><U94/><E99/><V79/><F79/><T72/><D59/><U44/><E44/><V86/><F86/><T32/><D72/><U77/><E77/><V80/><F70/><T60/><D60/><U114/><E114/><V54/><F110/><T61/><D61/><U88/><E71/><V42/><F109/><T111/><D111/><U127/><E127/><V132/><F74/><T2/><D2/><U124/><E124/><V73/><F1/><T135/><D32/><U39/><E88/><V101/><N who="2" m="31008" /><V133/><F108/><T67/><D135/><U87/><E87/><V36/><F130/><T38/><D51/><U129/><E129/><V96/><F133/><RYUUKYOKU ba="1,0" sc="588,10,161,10,301,-20,0,0" hai0="38,41,45,46,49,53,58,62,67,81,84,116,117" hai1="0,3,37,39,64,66,82,92,94,102,103,104,105" /><INIT seed="4,2,0,1,5,71" ten="598,171,281,0" oya="0" hai0="91,61,100,104,78,115,122,85,56,42,110,83,116" hai1="114,88,135,95,62,37,120,40,75,79,119,131,60" hai2="52,128,123,57,33,134,103,64,90,106,133,92,63" hai3=""/><T121/><N who="0" m="31008" /><T46/><N who="0" m="31264" /><T117/><D115/><U126/><N who="1" m="30752" /><U2/><E119/><V47/><N who="2" m="31520" /><V69/><F33/><T66/><D110/><U34/><E34/><V124/><F128/><T125/><D125/><U129/><E2/><V82/><F124/><T32/><D32/><U59/><E126/><V89/><F47/><T39/><D100/><U105/><E105/><V3/><F3/><T101/><D101/><U109/><E109/><V67/><F106/><T99/><D104/><U113/><E135/><N who="2" m="51723" /><F67/><T84/><REACH who="0" step="1"/><D99/><REACH who="0" ten="588,171,281,0" step="2"/><U51/><E114/><V77/><F103/><T97/><D97/><U48/><E113/><V74/><F92/><AGARI ba="2,1" hai="39,42,46,56,61,66,78,83,84,85,91,92,116,117" m="31264,31008" machi="92" ten="30,12000,1" yaku="1,1,7,1,52,3,53,0" doraHai="71" doraHaiUra="107" who="0" fromWho="2" sc="588,134,171,0,281,-124,0,0" /><BYE who="2" /><UN n2="%E9%95%B7%E5%85%89%E9%BA%BB%E5%A4%9C" /><INIT seed="4,3,0,5,0,55" ten="722,171,157,0" oya="0" hai0="123,82,79,118,85,90,101,62,127,122,121,130,124" hai1="113,135,109,59,54,51,104,128,64,72,119,129,117" hai2="60,41,38,63,93,116,97,2,61,32,98,88,66" hai3=""/><T114/><N who="0" m="31008" /><T95/><N who="0" m="31264" /><T99/><N who="0" m="31520" /><T83/><D118/><U65/><E109/><V100/><F32/><T94/><D62/><U75/><E104/><V80/><F2/><T46/><D46/><U105/><E105/><V84/><F116/><N who="1" m="44617" /><E72/><V0/><F0/><T40/><D40/><U56/><E75/><V73/><F73/><T36/><D36/><U68/><E135/><V69/><F41/><T70/><D70/><U67/><E113/><V42/><F42/><T3/><D3/><U120/><N who="1" m="30752" /><U96/><E96/><V112/><F38/><T108/><D108/><U126/><E126/><N who="0" m="48169" /><D130/><N who="1" m="50283" /><E68/><V45/><F112/><T81/><D114/><U39/><E39/><V132/><F132/><T34/><D34/><U47/><AGARI ba="3,0" hai="47,51,54,56,59,64,65,67" m="50283,30752,44617" machi="47" ten="40,9000,2" yaku="19,1,34,2,52,3" doraHai="55" who="1" fromWho="1" sc="722,-63,171,96,157,-33,0,0" /><INIT seed="5,0,0,0,2,124" ten="659,267,124,0" oya="1" hai0="38,86,119,126,123,113,66,41,62,102,40,128,96" hai1="87,83,55,52,108,110,118,131,65,114,88,111,43" hai2="45,39,92,75,115,51,1,116,98,130,54,3,48" hai3=""/><U46/><E118/><V121/><N who="2" m="31008" /><V122/><N who="2" m="31264" /><V36/><F116/><T56/><N who="0" m="31520" /><T32/><D113/><U0/><E0/><V112/><F75/><T90/><D126/><U95/><E114/><N who="2" m="43563" /><F48/><T100/><D119/><U72/><E131/><V58/><F130/><T84/><D32/><U57/><E65/><V101/><F58/><T97/><D38/><AGARI ba="0,0" hai="1,3,36,38,39,45,51,54,92,98,101" m="43563,31264,31008" machi="38" ten="30,7700,0" yaku="15,1,11,1,52,2" doraHai="124" who="2" fromWho="0" sc="659,-77,267,0,124,77,0,0" /><INIT seed="6,0,0,5,1,57" ten="582,267,201,0" oya="2" hai0="1,113,73,95,118,119,53,54,124,0,121,55,60" hai1="110,134,101,87,69,32,97,104,72,112,115,127,80" hai2="130,67,85,68,50,132,131,61,92,105,129,93,89" hai3=""/><V76/><F105/><T120/><N who="0" m="30752" /><T33/><N who="0" m="31008" /><T66/><D124/><U46/><E110/><V39/><F39/><T88/><D73/><U41/><E32/><V126/><F126/><T65/><D113/><N who="1" m="43595" /><E134/><V109/><F109/><T45/><D45/><U123/><N who="1" m="31520" /><U125/><E69/><V114/><F114/><T103/><D103/><U35/><E72/><V107/><F107/><T34/><D66/><U102/><E102/><V79/><F132/><T90/><D90/><U36/><E35/><V106/><F106/><T40/><D40/><U116/><E116/><V128/><N who="2" m="32768" /><DORA hai="58" /><V3/><F3/><T43/><D43/><U96/><E96/><V56/><F93/><T81/><D81/><U59/><E59/><V135/><F135/><T71/><D33/><U82/><E82/><V64/><F64/><T52/><D34/><U37/><E37/><V42/><REACH who="2" step="1"/><F56/><REACH who="2" ten="582,267,191,0" step="2"/><T98/><N who="0" m="13824" /><DORA hai="99" /><T78/><D1/><U94/><E104/><V63/><F63/><T117/><D0/><U48/><E36/><V122/><N who="2" m="31264" /><V111/><F111/><T86/><D119/><U91/><AGARI ba="0,1" hai="41,46,48,80,87,91,94,97,101,125,127" m="31520,43595" machi="91" ten="30,3000,0" yaku="15,1,52,2" doraHai="57,58,99" who="1" fromWho="1" sc="582,-10,267,40,191,-20,0,0" owari="572,52.0,307,-9.0,171,-43.0,0,0.0" /></mjloggm>