<mjloggm ver="2.3"><GO type="225" lobby="0"/><UN n0="%63%61%74%6D%65%56%47%43" n1="%E9%95%B7%E5%B3%B6%E3%83%B3%E3%82%AC%E3%83%B3" n2="%E8%A8%88%E7%AE%97%E6%A9%9F%E8%87%AA%E7%84%B6" n3="%E3%83%AD%E3%83%9C%E3%82%B3%E3%83%97" dan="16,17,17,16" rate="2191.67,2148.91,2251.24,2110.97" sx="M,M,M,M"/><TAIKYOKU oya="0"/><INIT seed="0,0,0,3,3,12" ten="250,250,250,250" oya="0" hai0="70,1,10,37,100,111,55,95,84,78,61,47,93" hai1="46,114,49,36,48,130,104,134,15,79,101,5,20" hai2="58,120,64,127,8,14,50,71,19,102,29,103,51" hai3="43,117,28,18,30,115,60,57,83,23,98,22,109"/><T75/><D111/><U88/><E79/><V9/><F120/><W42/><G109/><T62/><D55/><U133/><E130/><V106/><F127/><W90/><G115/><T54/><D54/><U45/><E114/><V124/><F124/><W0/><G0/><T63/><D70/><U119/><E119/><V96/><F102/><W40/><G117/><T39/><D84/><U38/><E104/><V53/><F29/><W65/><G23/><T21/><D21/><U35/><E35/><V91/><F91/><W118/><G118/><T24/><D24/><U89/><E101/><V92/><F106/><W132/><G132/><T17/><D100/><U135/><E20/><N who="2" m="11383" /><F71/><W99/><G83/><N who="0" m="45535" /><D17/><U3/><E3/><V41/><F64/><W69/><G69/><T11/><D11/><N who="2" m="4170" /><F41/><W113/><G113/><T27/><D27/><U105/><E105/><V110/><F110/><W74/><G74/><T33/><D33/><U80/><E15/><V85/><F85/><W107/><G107/><T2/><D2/><U26/><E26/><V108/><F108/><W126/><G126/><T66/><D66/><U44/><E5/><V52/><F53/><W112/><G112/><T16/><D16/><U68/><E68/><V81/><F81/><W6/><G6/><N who="0" m="1359" /><D37/><N who="1" m="14443" /><E80/><V97/><F97/><N who="3" m="36875" /><G90/><AGARI ba="0,0" hai="44,45,46,48,49,88,89,90,133,134,135" m="14443" machi="90" ten="40,8000,1" yaku="28,2,20,1,54,1" doraHai="12" who="1" fromWho="3" sc="250,0,250,80,250,0,250,-80" /><INIT seed="1,0,0,3,5,116" ten="250,330,250,170" oya="1" hai0="64,63,107,73,130,88,70,66,51,68,43,119,40" hai1="96,127,42,106,112,109,38,14,103,21,65,115,118" hai2="89,57,132,117,69,135,94,37,113,60,17,77,19" hai3="6,50,8,15,75,134,98,71,126,55,22,36,92"/><U128/><E118/><V29/><F117/><W95/><G126/><T1/><D119/><U12/><E127/><V46/><F69/><W10/><G71/><T52/><D73/><U82/><E128/><V99/><F113/><W5/><G75/><T59/><D107/><U24/><E65/><N who="2" m="39055" /><F29/><W44/><G134/><N who="2" m="51241" /><F77/><W84/><G36/><T72/><D72/><U58/><E112/><V131/><F131/><W67/><G67/><N who="0" m="25643" /><D88/><U122/><E115/><V74/><F74/><W56/><G22/><T33/><D33/><U124/><E124/><V121/><F121/><W31/><G31/><T13/><D13/><U83/><E122/><V111/><F111/><W79/><G44/><N who="0" m="25991" /><D1/><U110/><E14/><V41/><AGARI ba="0,0" hai="17,19,37,41,46,89,94,99" m="51241,39055" machi="41" ten="30,1100,0" yaku="20,1" doraHai="116" who="2" fromWho="2" sc="250,-3,330,-5,250,11,170,-3" /><INIT seed="2,0,0,0,1,81" ten="247,325,261,167" oya="2" hai0="61,16,123,26,60,55,50,128,41,63,84,20,86" hai1="57,36,88,71,107,89,117,59,92,134,114,102,103" hai2="28,19,72,96,135,129,68,113,3,58,45,27,130" hai3="5,43,52,75,48,122,83,23,34,121,67,87,131"/><V8/><F68/><W13/><G34/><T44/><D123/><U2/><E114/><V94/><F113/><W7/><G75/><T79/><D128/><N who="2" m="49258" /><F72/><W101/><G131/><T4/><D79/><U82/><E71/><V70/><F70/><W9/><G101/><T35/><D35/><U74/><E36/><V49/><F135/><W104/><G104/><T124/><D124/><U73/><E2/><V110/><F58/><W120/><G67/><T47/><REACH who="0" step="1"/><D4/><REACH who="0" ten="237,325,261,167" step="2"/><U38/><E134/><V64/><F110/><W93/><G7/><T46/><D46/><U62/><E74/><V11/><F3/><W106/><G106/><T126/><D126/><U30/><E107/><V39/><F39/><AGARI ba="0,1" hai="16,20,26,39,41,44,47,50,55,60,61,63,84,86" machi="39" ten="40,8000,1" yaku="1,1,52,2,54,1,53,0" doraHai="81" doraHaiUra="127" who="0" fromWho="2" sc="237,90,325,0,261,-80,167,0" /><INIT seed="3,0,0,4,0,89" ten="327,325,181,167" oya="3" hai0="34,25,85,105,66,45,123,13,135,64,56,20,1" hai1="131,95,110,82,42,61,116,133,114,129,29,46,15" hai2="36,30,80,60,92,10,48,120,44,126,67,43,2" hai3="16,134,102,11,112,24,31,93,26,113,5,79,69"/><W122/><G122/><T51/><D105/><U107/><E116/><V83/><F120/><W22/><G69/><T37/><D123/><U86/><E114/><V94/><F126/><W101/><G134/><T132/><D1/><U14/><E107/><V81/><F30/><W109/><G109/><T39/><D34/><U55/><E110/><V91/><F91/><W63/><G63/><N who="0" m="37991" /><D66/><U73/><E73/><V47/><F10/><W118/><G118/><T32/><D13/><U128/><E95/><V70/><REACH who="2" step="1"/><F2/><REACH who="2" ten="327,325,171,167" step="2"/><W19/><G79/><T52/><D32/><U119/><E29/><V90/><F90/><W35/><G19/><T99/><D99/><U76/><E119/><V124/><F124/><W87/><G102/><T78/><D135/><U106/><E133/><V6/><F6/><W40/><G40/><AGARI ba="0,1" hai="36,40,43,44,47,48,60,67,70,80,81,83,92,94" machi="40" ten="40,5200,0" yaku="1,1,52,2,53,0" doraHai="89" doraHaiUra="28" who="2" fromWho="3" sc="327,0,325,0,171,62,167,-52" owari="327,42.0,325,13.0,233,-17.0,115,-38.0" /></mjloggm>