<mjloggm ver="2.3"><GO type="169" lobby="0"/><UN n0="%E8%B0%B7%E5%8F%A3%E3%81%93%E3%81%86%E3%81%B8%E3%81%84" n1="%E3%81%A7%E3%82%93%E2%91%A5" n2="%E9%B4%A8%E8%91%B1%E5%A4%AA%E9%83%8E" n3="%E3%81%8B%E3%81%8B%E3%81%8B%E3%81%8B" dan="17,16,17,16" rate="2204.06,2094.13,2177.28,2137.05" sx="M,M,M,M"/><TAIKYOKU oya="0"/><INIT seed="0,0,0,4,0,36" ten="250,250,250,250" oya="0" hai0="45,116,89,2,78,90,18,129,48,29,22,82,72" hai1="87,33,134,106,26,15,86,112,52,76,16,19,14" hai2="65,35,124,42,8,55,9,20,83,25,21,53,10" hai3="28,111,57,61,71,104,98,63,51,91,70,74,11"/><T131/><D2/><U103/><E134/><V133/><F133/><W60/><G74/><T79/><D29/><U85/><E112/><V102/><F102/><W130/><G28/><T44/><D116/><U96/><E76/><V126/><F65/><W81/><G104/><T73/><D22/><N who="2" m="8810" /><F25/><W6/><G130/><T38/><D48/><U56/><E33/><V109/><F83/><W94/><G111/><T12/><D12/><U32/><E32/><V108/><F42/><W77/><G57/><T114/><D82/><U118/><E26/><V100/><F100/><W121/><G121/><T46/><D38/><U132/><E118/><V122/><F35/><W1/><G51/><T135/><D135/><U84/><N who="1" m="21504" /><DORA hai="30" /><U117/><E117/><V93/><F93/><W27/><G27/><T50/><D50/><U67/><E67/><V107/><F107/><W110/><G110/><N who="2" m="42601" /><F122/><W34/><G34/><T43/><D43/><U88/><E132/><V58/><F58/><W128/><G128/><T59/><D46/><U125/><E103/><V99/><F99/><W31/><G31/><T120/><D59/><U4/><E106/><V23/><N who="2" m="8818" /><V13/><DORA hai="115" /><F13/><N who="1" m="4617" /><E4/><V123/><F123/><W47/><G47/><T5/><D120/><U39/><E39/><V0/><F0/><W75/><AGARI ba="0,0" hai="1,6,11,60,61,63,70,71,75,77,81,91,94,98" machi="75" ten="30,1100,0" yaku="0,1" doraHai="36,30,115" who="3" fromWho="3" sc="250,-5,250,-3,250,-3,250,11" /><INIT seed="1,0,0,1,2,27" ten="245,247,247,261" oya="1" hai0="35,37,42,40,68,113,130,15,114,11,101,118,74" hai1="127,82,133,57,0,96,13,67,58,129,102,85,134" hai2="14,80,17,109,132,18,131,26,103,117,83,72,52" hai3="65,71,44,66,61,92,110,112,43,73,30,5,93"/><U91/><E0/><V29/><F117/><W78/><G112/><T45/><D118/><U7/><E127/><V70/><F70/><W38/><G110/><T20/><D35/><U25/><E129/><V79/><F109/><W95/><G65/><T32/><D32/><U94/><E25/><V34/><F103/><W121/><G121/><T108/><D108/><U4/><E58/><V60/><F132/><N who="1" m="50793" /><E13/><V22/><F80/><W10/><G30/><T120/><D120/><U49/><E49/><V54/><F131/><W100/><G100/><T51/><D130/><U55/><E55/><V56/><F18/><W128/><G128/><T6/><D68/><U106/><E106/><V64/><AGARI ba="0,0" hai="14,17,22,26,29,34,52,54,56,60,64,72,79,83" machi="64" ten="20,5200,0" yaku="0,1,7,1,52,1,54,1" doraHai="27" who="2" fromWho="2" sc="245,-13,247,-26,247,52,261,-13" /><INIT seed="2,0,0,3,4,121" ten="232,221,299,248" oya="2" hai0="106,61,133,7,55,41,99,59,112,42,111,32,19" hai1="113,53,94,89,68,131,93,90,54,134,82,96,104" hai2="63,14,100,60,25,95,29,98,80,70,79,126,10" hai3="27,84,117,91,119,20,67,31,115,56,71,23,108"/><V5/><F126/><W122/><G122/><T45/><D112/><U47/><E113/><V75/><REACH who="2" step="1"/><F70/><REACH who="2" ten="232,221,289,248" step="2"/><W26/><G71/><T103/><D133/><U130/><E68/><V0/><F0/><W39/><G115/><T46/><D32/><AGARI ba="0,1" hai="5,10,14,25,29,32,60,63,75,79,80,95,98,100" machi="32" ten="30,2900,0" yaku="1,1,7,1,53,0" doraHai="121" doraHaiUra="48" who="2" fromWho="0" sc="232,-29,221,0,289,39,248,0" /><INIT seed="2,1,0,5,2,105" ten="203,221,328,248" oya="2" hai0="37,61,26,51,131,11,127,27,116,24,89,49,118" hai1="39,73,135,107,45,56,34,60,130,120,40,92,122" hai2="36,108,71,5,8,3,123,99,14,9,133,76,86" hai3="21,101,72,12,93,110,43,7,20,48,59,113,111"/><V103/><F123/><N who="1" m="47145" /><E107/><V82/><F133/><W112/><G72/><T6/><D37/><U38/><E34/><V19/><F71/><W58/><G7/><T16/><D131/><U69/><E92/><V28/><F28/><W55/><G43/><T18/><D61/><U102/><E102/><V22/><F36/><W115/><G59/><T81/><D127/><U31/><E31/><V119/><F119/><N who="0" m="45610" /><D89/><U90/><E90/><V97/><F108/><N who="3" m="41515" /><G12/><N who="0" m="5239" /><D81/><U98/><E98/><AGARI ba="1,0" hai="20,21,48,55,58,93,98,101,112,113,115" m="41515" machi="98" ten="40,2600,0" yaku="11,1,14,1" doraHai="105" who="3" fromWho="1" sc="203,0,221,-29,328,0,248,29" /><INIT seed="3,0,0,5,4,46" ten="203,192,328,277" oya="3" hai0="113,135,44,101,61,6,31,49,15,94,18,51,1" hai1="58,43,77,34,123,85,109,62,79,130,57,23,97" hai2="125,45,63,129,25,36,33,4,76,119,71,72,81" hai3="69,5,30,128,114,70,16,92,120,106,37,53,9"/><W8/><G120/><T89/><D135/><U111/><E34/><V0/><F119/><W7/><G106/><T39/><D113/><U87/><E123/><V26/><F129/><W68/><G37/><T95/><D1/><U122/><E122/><V98/><F98/><W50/><G114/><T14/><D39/><U100/><E130/><V90/><F90/><W104/><G104/><T3/><D3/><U105/><E43/><V35/><F26/><W78/><G30/><T10/><D31/><U42/><E42/><N who="2" m="22727" /><F25/><W127/><G128/><T60/><D101/><U112/><E112/><V75/><F75/><W93/><G78/><N who="1" m="29706" /><E23/><V108/><F108/><N who="1" m="41545" /><E58/><V38/><F38/><W52/><G69/><T28/><D28/><U29/><E29/><V82/><F82/><W74/><G74/><T96/><D95/><U27/><E27/><V103/><F103/><W107/><G107/><T40/><REACH who="0" step="1"/><D51/><REACH who="0" ten="193,192,328,277" step="2"/><U134/><E134/><V80/><F80/><W83/><G50/><T47/><D47/><U102/><E102/><V41/><F81/><W20/><G83/><T132/><D132/><U19/><E19/><V84/><F76/><W2/><G16/><T88/><D88/><U73/><E73/><V54/><F72/><W110/><G110/><T56/><D56/><U121/><E121/><V64/><F71/><W86/><G70/><T22/><AGARI ba="0,1" hai="6,10,14,15,18,22,40,44,49,60,61,89,94,96" machi="22" ten="20,8000,1" yaku="1,1,0,1,7,1,8,1,52,1,53,0" doraHai="46" doraHaiUra="66" who="0" fromWho="0" sc="193,90,192,-20,328,-20,277,-40" /><INIT seed="4,0,0,4,3,131" ten="283,172,308,237" oya="0" hai0="38,134,94,69,111,129,130,11,29,60,10,117,91" hai1="120,81,51,4,59,28,50,89,98,102,80,25,119" hai2="36,90,109,113,66,82,22,40,105,63,68,78,2" hai3="112,104,46,121,0,108,57,37,70,86,122,76,47"/><T107/><D117/><U106/><E119/><V67/><F109/><W127/><G0/><T53/><D107/><U95/><E120/><N who="3" m="46186" /><G104/><T93/><D38/><U85/><E4/><V39/><F67/><W103/><G103/><T23/><D111/><U30/><E30/><V55/><F2/><W31/><G31/><T74/><D74/><U35/><E81/><V72/><F105/><W79/><G70/><T5/><D29/><U15/><E15/><V116/><F116/><W110/><G127/><T100/><D23/><U118/><E118/><V41/><F90/><W135/><G112/><T128/><D100/><U96/><REACH who="1" step="1"/><E59/><REACH who="1" ten="283,162,308,237" step="2"/><V58/><F113/><W126/><G57/><T124/><D5/><U56/><E56/><V42/><REACH who="2" step="1"/><F22/><REACH who="2" ten="283,162,298,237" step="2"/><W83/><G110/><T45/><D130/><U44/><E44/><V33/><F33/><W99/><G46/><T77/><D129/><U1/><E1/><V64/><F64/><W87/><G47/><T75/><D128/><U32/><E32/><V9/><F9/><W132/><G108/><T7/><D11/><U13/><E13/><V123/><F123/><W48/><G126/><T101/><D124/><U16/><E16/><V19/><F19/><W26/><G26/><T65/><D65/><U17/><E17/><V52/><F52/><W27/><G27/><T49/><D10/><U61/><E61/><AGARI ba="0,2" hai="36,39,40,41,42,55,58,61,63,66,68,72,78,82" machi="61" ten="40,1300,0" yaku="1,1,53,0" doraHai="131" doraHaiUra="21" who="2" fromWho="1" sc="283,0,162,-13,298,33,237,0" /><INIT seed="5,0,0,0,0,19" ten="283,149,331,237" oya="1" hai0="51,56,106,61,107,100,133,75,116,81,8,98,24" hai1="85,18,20,130,128,93,15,31,82,43,66,4,47" hai2="72,40,119,113,87,112,9,42,27,92,57,53,3" hai3="16,62,67,77,35,90,21,129,49,108,28,132,13"/><U115/><E115/><N who="2" m="44107" /><F72/><W59/><G108/><T125/><D116/><U127/><E127/><V1/><F119/><W36/><G36/><T12/><D125/><U69/><E93/><V76/><F9/><W102/><G129/><N who="1" m="49770" /><E4/><V7/><F7/><W5/><G5/><T121/><D133/><U45/><E31/><V111/><F111/><W17/><G132/><T86/><D121/><U65/><E69/><V110/><F110/><W11/><G77/><T95/><D75/><U58/><E58/><V83/><F92/><W126/><G126/><T109/><D109/><U73/><E73/><V50/><F27/><W88/><G35/><T41/><D107/><U54/><E54/><V91/><F76/><W14/><G28/><T37/><D106/><U123/><E123/><V64/><F64/><N who="1" m="24681" /><E43/><AGARI ba="0,0" hai="1,3,40,42,43,50,53,57,83,87,91" m="44107" machi="43" ten="30,2000,0" yaku="15,1,11,1" doraHai="19" who="2" fromWho="1" sc="283,0,149,-20,331,20,237,0" /><INIT seed="6,0,0,1,1,127" ten="283,129,351,237" oya="2" hai0="122,21,24,9,87,11,19,94,86,50,92,70,15" hai1="35,97,12,0,132,76,118,49,65,51,124,90,48" hai2="79,30,22,72,93,101,119,54,39,34,81,98,89" hai3="83,109,96,107,2,125,43,37,123,117,126,84,47"/><V4/><F39/><W14/><G2/><T69/><D122/><U102/><E118/><V130/><F119/><W7/><G117/><T61/><D11/><U103/><E0/><V131/><F34/><W121/><G109/><T45/><D87/><U64/><E35/><V71/><F71/><W3/><G3/><T5/><D69/><U67/><E124/><N who="3" m="47722" /><G96/><T113/><D113/><U112/><E112/><V1/><F4/><W40/><G40/><T63/><D70/><U38/><E38/><V58/><F1/><W18/><G7/><T135/><D135/><U116/><E132/><V106/><F22/><N who="3" m="11607" /><G107/><T60/><REACH who="0" step="1"/><D86/><REACH who="0" ten="273,129,351,237" step="2"/><U25/><E116/><V80/><F80/><W26/><G84/><T95/><D95/><U110/><E110/><V29/><F106/><W62/><G83/><T27/><D27/><U77/><E25/><V82/><F82/><W68/><G26/><T85/><D85/><U57/><E57/><V56/><F58/><W52/><G68/><T134/><D134/><U128/><E12/><V6/><F6/><W66/><G123/><T115/><D115/><U42/><E42/><AGARI ba="0,1" hai="5,9,15,19,21,24,42,45,50,60,61,63,92,94" machi="42" ten="40,2600,0" yaku="1,1,8,1,53,0" doraHai="127" doraHaiUra="33" who="0" fromWho="1" sc="273,36,129,-26,351,0,237,0" /><INIT seed="7,0,0,4,1,43" ten="309,103,351,237" oya="3" hai0="44,131,1,93,45,16,29,6,39,7,114,4,67" hai1="74,111,71,9,133,35,105,107,135,69,37,128,0" hai2="15,66,72,85,112,38,18,83,103,26,125,62,46" hai3="47,97,99,64,50,23,12,68,126,120,132,127,34"/><W20/><G34/><T73/><D1/><U14/><E14/><V116/><F72/><W96/><G120/><T109/><D109/><U130/><E9/><V10/><F116/><W134/><G64/><T90/><D39/><U124/><E71/><V102/><F112/><W113/><G68/><T22/><D73/><U63/><E63/><V55/><F26/><W106/><G106/><T80/><D114/><U101/><E101/><V119/><F119/><W61/><G61/><T30/><D80/><U115/><E107/><V95/><F95/><W75/><G75/><T84/><D131/><U65/><E65/><V56/><F125/><N who="3" m="47627" /><G113/><T108/><D67/><U51/><E51/><N who="2" m="29175" /><F38/><W70/><G70/><T117/><D108/><U27/><E27/><V31/><F31/><N who="0" m="11786" /><D117/><U3/><E130/><V28/><F28/><W5/><G5/><T89/><D90/><AGARI ba="0,0" hai="10,15,18,56,62,66,83,85,90,102,103" m="29175" machi="90" ten="30,3900,0" yaku="25,1,8,1,52,1" doraHai="43" who="2" fromWho="0" sc="309,-39,103,0,351,39,237,0" owari="270,7.0,103,-40.0,390,49.0,237,-16.0" /></mjloggm>