<mjloggm ver="2.3"><GO type="169" lobby="0"/><UN n0="%E3%83%8F%E3%83%83%E3%83%88%E3%83%AA%E3%82%B9" n1="%E5%85%AC%E5%8B%99%E5%93%A1%E3%81%8F%E3%82%93" n2="%E5%90%89%E6%BE%A4%E2%98%86%E7%91%A0%E5%81%89" n3="%E3%83%8B%E3%83%A3%E3%83%83%E3%83%94%E3%83%BC%E5%A4%8F%E7%9B%AE" dan="17,16,16,18" rate="2161.01,2142.26,2108.82,2281.41" sx="M,F,M,M"/><TAIKYOKU oya="0"/><INIT seed="0,0,0,2,1,3" ten="250,250,250,250" oya="0" hai0="105,82,135,113,17,58,118,24,25,14,123,0,42" hai1="44,32,87,96,9,65,28,53,107,12,41,22,102" hai2="1,67,112,23,98,106,6,133,70,21,117,120,62" hai3="55,101,64,129,111,7,26,116,89,128,2,88,27"/><T74/><D113/><U127/><E127/><V18/><F120/><W85/><G116/><T121/><D105/><U68/><E22/><V110/><F112/><W38/><G38/><T86/><D118/><U90/><E53/><V52/><F117/><W73/><G73/><T59/><D74/><U84/><E90/><V15/><F110/><W36/><G36/><T19/><D0/><U49/><E65/><V80/><F133/><W114/><G114/><T132/><D86/><U51/><E68/><V126/><F126/><W13/><G2/><T43/><REACH who="0" step="1"/><D14/><REACH who="0" ten="240,250,250,250" step="2"/><U66/><E84/><V104/><F106/><W4/><G13/><T131/><D131/><U39/><E87/><V124/><F124/><W130/><G85/><T81/><AGARI ba="0,1" hai="17,19,24,25,42,43,58,59,81,82,121,123,132,135" machi="81" ten="25,9600,0" yaku="1,1,0,1,22,2,53,0" doraHai="3" doraHaiUra="34" who="0" fromWho="0" sc="240,106,250,-32,250,-32,250,-32" /><INIT seed="0,1,0,1,5,33" ten="346,218,218,218" oya="0" hai0="135,83,85,82,27,80,25,55,133,54,44,7,23" hai1="43,79,4,18,90,101,68,122,77,19,36,5,53" hai2="115,117,11,130,39,91,3,9,110,75,118,105,111" hai3="49,10,12,31,107,70,64,38,17,124,58,127,67"/><T102/><D102/><U114/><E122/><V34/><RYUUKYOKU type="yao9" ba="1,0" sc="346,0,218,0,218,0,218,0" hai2="3,9,11,34,39,75,91,105,110,111,115,117,118,130" /><INIT seed="0,2,0,2,5,26" ten="346,218,218,218" oya="0" hai0="62,10,109,28,96,127,101,111,95,121,19,100,123" hai1="128,135,108,18,16,110,22,17,130,99,9,40,23" hai2="32,92,73,31,58,89,6,124,76,134,131,120,78" hai3="68,105,15,39,61,87,77,20,1,47,102,34,103"/><T94/><D62/><U54/><E54/><V50/><F120/><W4/><G34/><T106/><D10/><U97/><E40/><V41/><F134/><W125/><G1/><T98/><D19/><U56/><E56/><V79/><F73/><W37/><G125/><T126/><D28/><U80/><E80/><V64/><F6/><W12/><G105/><AGARI ba="2,0" hai="94,95,96,98,100,101,105,106,109,111,121,123,126,127" machi="105" ten="25,12000,1" yaku="22,2,34,3" doraHai="26" who="0" fromWho="3" sc="346,126,218,0,218,0,218,-126" /><INIT seed="0,3,0,0,5,3" ten="472,218,218,92" oya="0" hai0="19,83,127,89,38,134,45,115,126,105,130,96,52" hai1="50,87,57,4,18,66,79,131,77,20,111,98,58" hai2="129,61,74,82,108,27,133,59,9,118,48,43,60" hai3="121,16,120,107,24,56,42,85,53,132,1,26,100"/><T23/><D115/><U37/><E37/><V78/><F118/><W124/><G124/><N who="0" m="47659" /><D130/><U49/><E111/><V10/><F108/><W36/><G1/><T0/><D134/><U2/><E131/><V15/><F129/><W101/><G132/><T6/><D38/><U95/><E2/><V64/><F133/><W75/><G75/><T92/><D105/><U39/><E4/><V114/><F114/><W106/><G85/><T91/><D83/><U29/><E29/><V8/><F27/><W44/><G106/><T110/><D110/><U123/><E39/><V80/><F80/><W28/><G26/><T103/><D45/><U11/><E11/><V55/><F60/><W12/><G107/><T113/><D52/><N who="1" m="31887" /><E87/><V69/><REACH who="2" step="1"/><F43/><REACH who="2" ten="472,218,208,92" step="2"/><W94/><G24/><N who="0" m="14463" /><D113/><U54/><E123/><V93/><F93/><W90/><G121/><T65/><D65/><U63/><E66/><V62/><F62/><W25/><G120/><T21/><D92/><U128/><E128/><V81/><F81/><W17/><G25/><T116/><D116/><U70/><E63/><V68/><F68/><W117/><G117/><T35/><D35/><U72/><E70/><V47/><F47/><W5/><G44/><T73/><D73/><U7/><E95/><V22/><F22/><W41/><G94/><N who="0" m="58775" /><D21/><U122/><E20/><V125/><F125/><W104/><G104/><T67/><D67/><U46/><E46/><V40/><F40/><W31/><G42/><T88/><D91/><U102/><E122/><V99/><F99/><W33/><G41/><T71/><D71/><U109/><E98/><RYUUKYOKU ba="3,1" sc="472,15,218,-15,208,15,92,-15" hai0="0,6,88,89" hai2="8,9,10,15,48,55,59,61,64,69,74,78,82" /><INIT seed="0,4,1,0,2,54" ten="487,203,223,77" oya="0" hai0="26,75,123,27,115,59,72,99,109,52,45,11,96" hai1="93,47,67,85,34,91,43,134,22,36,105,108,32" hai2="71,88,112,62,124,21,127,133,132,33,122,44,37" hai3="73,95,120,98,42,104,79,130,68,14,57,60,70"/><T80/><D115/><U117/><E117/><V0/><F33/><W97/><G130/><T51/><D123/><U74/><E108/><V6/><F21/><W78/><G120/><T18/><D109/><U41/><E134/><N who="2" m="51819" /><F122/><W89/><G42/><N who="0" m="25015" /><D75/><U2/><E43/><N who="2" m="22639" /><F88/><W39/><G39/><T40/><D40/><U118/><E118/><V46/><F112/><W20/><G104/><T50/><D72/><U125/><E105/><V15/><F15/><W128/><G128/><T131/><D131/><U114/><E114/><V100/><F100/><W64/><G98/><N who="0" m="37419" /><D80/><U3/><E74/><V24/><F24/><W25/><G14/><AGARI ba="4,1" hai="11,14,18,26,27,50,52,59" m="37419,25015" machi="14" ten="30,5800,0" yaku="8,1,52,1,54,1" doraHai="54" who="0" fromWho="3" sc="487,80,203,0,223,0,77,-70" /><INIT seed="0,5,0,3,4,2" ten="567,203,223,7" oya="0" hai0="117,88,41,18,46,34,3,92,62,21,102,22,129" hai1="109,43,15,122,10,74,112,44,5,52,127,90,14" hai2="19,128,100,125,25,48,71,42,11,1,55,126,54" hai3="66,28,120,26,97,83,130,23,0,16,9,116,57"/><T96/><D117/><U115/><E122/><V12/><F71/><W78/><G116/><T67/><D34/><U47/><E109/><V77/><F128/><W82/><G120/><T70/><D129/><U86/><E127/><N who="2" m="48651" /><F100/><W51/><G130/><T131/><D3/><N who="1" m="319" /><E74/><V99/><F99/><W124/><G124/><T6/><D6/><U110/><E110/><V108/><F108/><W53/><G66/><T68/><D131/><U65/><E65/><V61/><F77/><W58/><G58/><T31/><D31/><U59/><E43/><V114/><F114/><N who="1" m="43561" /><E44/><N who="2" m="25623" /><F1/><W94/><G78/><T107/><D68/><U73/><E47/><V29/><F61/><W63/><G51/><T133/><D62/><N who="1" m="36199" /><E73/><V134/><F134/><W91/><G0/><T24/><D67/><U105/><E105/><V81/><F81/><AGARI ba="5,0" hai="14,15,81,86,90" m="36199,43561,319" machi="81" ten="30,3900,0" yaku="11,1,52,1,54,1" doraHai="2" who="1" fromWho="2" sc="567,0,203,54,223,-54,7,0" /><INIT seed="1,0,0,5,4,32" ten="567,257,169,7" oya="1" hai0="12,114,96,71,81,19,8,1,23,109,91,126,4" hai1="74,47,30,56,105,95,53,63,116,51,6,34,21" hai2="65,115,100,38,130,17,69,121,113,123,14,44,2" hai3="122,18,35,117,48,54,125,3,11,10,5,85,55"/><U92/><E105/><V20/><F100/><W131/><G122/><T97/><D109/><U49/><E74/><V120/><F65/><W86/><G35/><T25/><D114/><N who="2" m="43530" /><F69/><W80/><G131/><T104/><D71/><U61/><E116/><V133/><F38/><W39/><G39/><T110/><D110/><U111/><E34/><V59/><F44/><W13/><G117/><T9/><D104/><U132/><E111/><V26/><F59/><W73/><G125/><T60/><D60/><N who="1" m="23115" /><E6/><V41/><F41/><W101/><G101/><T57/><D57/><U27/><E132/><V135/><F130/><W76/><G55/><AGARI ba="0,0" hai="21,27,30,47,49,51,53,55,56,92,95" m="23115" machi="55" ten="30,1500,0" yaku="8,1" doraHai="32" who="1" fromWho="3" sc="567,0,257,15,169,0,7,-15" owari="567,67.0,272,7.0,169,-23.0,-8,-51.0" /></mjloggm>