<mjloggm ver="2.3"><GO type="169" lobby="0"/><UN n0="%5A%65%6E" n1="%E3%83%97%E3%83%AC%E3%82%AF%E3%83%A9%E3%82%B9%E3%83%8B%E3%83%BC" n2="%42%72%42%61" n3="%E3%81%9F%E3%81%A1%E3%83%90%E3%83%8A%E3%83%8A%40" dan="16,16,16,17" rate="2165.65,2073.35,2152.58,2175.02" sx="M,M,M,M"/><TAIKYOKU oya="0"/><INIT seed="0,0,0,2,5,55" ten="250,250,250,250" oya="0" hai0="122,28,44,129,62,135,0,121,117,48,65,76,64" hai1="36,124,43,106,104,90,17,123,12,20,105,118,31" hai2="5,83,85,95,15,32,133,87,30,97,51,40,63" hai3="69,111,10,18,81,61,6,88,54,70,73,19,102"/><T75/><D117/><U1/><E123/><V38/><F133/><W116/><G116/><T59/><D135/><U112/><E118/><V66/><F38/><W14/><G102/><T27/><D0/><U134/><E134/><V98/><F32/><W120/><G120/><T71/><D129/><U79/><E79/><V8/><F30/><W115/><G115/><T25/><D25/><U74/><E74/><V2/><F2/><W82/><G69/><T84/><D75/><U45/><E112/><V58/><F87/><N who="3" m="50287" /><G70/><T119/><D119/><U57/><E124/><V47/><REACH who="2" step="1"/><F95/><REACH who="2" ten="250,250,240,250" step="2"/><W11/><G73/><T91/><D76/><AGARI ba="0,1" hai="5,8,15,40,47,51,58,63,66,76,83,85,97,98" machi="76" ten="30,16000,3" yaku="1,1,2,1,7,1,25,2,8,1,52,1,53,1" doraHai="55" doraHaiUra="41" who="2" fromWho="0" sc="250,-160,250,0,240,170,250,0" /><INIT seed="1,0,0,5,4,133" ten="90,250,410,250" oya="1" hai0="130,95,82,38,37,94,75,113,58,83,28,71,107" hai1="135,6,43,89,15,42,87,127,72,79,120,56,26" hai2="104,131,51,108,81,90,124,125,67,29,119,69,10" hai3="13,31,68,36,128,134,77,39,86,85,132,88,16"/><U20/><E120/><V40/><F119/><W112/><G68/><T47/><D71/><U21/><E135/><N who="3" m="51754" /><G112/><T84/><D58/><U9/><E127/><N who="2" m="48715" /><F108/><W48/><G31/><T24/><D107/><U25/><E79/><V92/><F131/><W70/><G70/><T17/><D113/><U0/><E72/><V93/><F104/><W49/><G85/><T12/><D75/><U4/><E4/><V55/><F40/><N who="1" m="15401" /><E56/><N who="2" m="32895" /><F29/><W74/><G77/><T22/><D130/><U46/><E46/><V121/><F121/><W73/><G74/><T2/><D47/><U118/><E0/><V100/><F100/><W126/><G73/><T3/><D3/><U59/><E59/><V41/><F41/><W50/><G128/><T122/><D2/><U1/><E1/><V99/><F10/><N who="3" m="6199" /><G126/><T80/><D122/><U101/><E101/><N who="2" m="60647" /><F81/><AGARI ba="0,0" hai="36,39,48,49,50,81,86,88" m="6199,51754" machi="81" ten="30,3900,0" yaku="20,1,54,2" doraHai="133" who="3" fromWho="2" sc="90,0,250,0,410,-39,250,39" /><INIT seed="2,0,0,1,5,53" ten="90,250,371,289" oya="2" hai0="57,88,38,95,49,71,99,119,108,73,94,84,102" hai1="118,27,74,64,77,45,124,106,23,56,31,55,7" hai2="114,37,122,33,105,134,129,103,132,12,61,93,130" hai3="21,32,9,36,41,126,16,79,104,83,5,82,19"/><V107/><F37/><W115/><G126/><T30/><D108/><U125/><E118/><V29/><F12/><W28/><G115/><T14/><D119/><U47/><E106/><N who="2" m="40459" /><F61/><W80/><G104/><T123/><D123/><U20/><E7/><V131/><F33/><W135/><G135/><N who="2" m="51753" /><F29/><W78/><G41/><T112/><D73/><U48/><E20/><V22/><F22/><W90/><G36/><T92/><D112/><U75/><E64/><V18/><F18/><N who="3" m="6699" /><G90/><T11/><D71/><U128/><E77/><N who="3" m="29194" /><G32/><T116/><D116/><U8/><E8/><V89/><F114/><W110/><G110/><T111/><D111/><U24/><E24/><V58/><F58/><W97/><G97/><T120/><D38/><U96/><E96/><N who="2" m="57391" /><F103/><W85/><G9/><T43/><D120/><AGARI ba="0,0" hai="120,122,129,130,131" m="57391,51753,40459" machi="120" ten="40,12000,1" yaku="19,1,20,1,34,2" doraHai="53" who="2" fromWho="0" sc="90,-120,250,0,371,120,289,0" owari="-30,-53.0,250,-15.0,491,59.0,289,9.0" /></mjloggm>