<mjloggm ver="2.3"><GO type="225" lobby="0"/><UN n0="%E3%81%8D%E3%82%82" n1="%E5%AE%89%E8%97%A4%E3%82%AB%E3%82%B1%E3%83%AB" n2="%E9%BA%BB%E9%9B%80%E3%81%9F%E3%81%AE%E3%81%97" n3="%E3%81%B7%E3%82%8B%E3%81%B7%E3%82%8B%E3%81%A0%E3%81%9E" dan="16,16,16,16" rate="2084.24,2047.13,2156.17,2080.98" sx="M,M,F,M"/><TAIKYOKU oya="0"/><INIT seed="0,0,0,3,3,19" ten="250,250,250,250" oya="0" hai0="20,23,93,65,7,50,32,26,22,124,14,51,76" hai1="91,127,17,68,81,110,10,35,54,31,16,72,34" hai2="115,79,111,130,52,12,105,6,30,86,39,133,42" hai3="134,73,15,74,9,92,59,64,122,71,88,83,131"/><T2/><D124/><U21/><E68/><V70/><F70/><W57/><G122/><T49/><D65/><U28/><E127/><V112/><F105/><W82/><G134/><T38/><D38/><U109/><E54/><V119/><F119/><W0/><G0/><T69/><D69/><U121/><E91/><V36/><F111/><N who="1" m="42505" /><E81/><V60/><F130/><W55/><G71/><T13/><D76/><U104/><E72/><V58/><F133/><W44/><G131/><T48/><N who="0" m="12288" /><DORA hai="95" /><T100/><D2/><U77/><E104/><V5/><F30/><N who="1" m="11305" /><E77/><V18/><F86/><W33/><G33/><N who="1" m="12298" /><E121/><V120/><F120/><W40/><G40/><T101/><D32/><U1/><E21/><N who="0" m="8297" /><D93/><U118/><E118/><V41/><F79/><W128/><G128/><T47/><D47/><U56/><E56/><N who="3" m="21578" /><G74/><T99/><D101/><U46/><E46/><V116/><F116/><W37/><G37/><T135/><D135/><U132/><E132/><V4/><F41/><W90/><G64/><T89/><D89/><N who="3" m="34409" /><G73/><T129/><D129/><U62/><E62/><V78/><F78/><W66/><G66/><T98/><D100/><U107/><E107/><V106/><F106/><W61/><G92/><T114/><D7/><AGARI ba="0,0" hai="1,7,10,16,17" m="12298,11305,42505" machi="7" ten="40,8000,1" yaku="14,1,34,2,54,1" doraHai="19,95" who="1" fromWho="0" sc="250,-80,250,80,250,0,250,0" /><INIT seed="1,0,0,3,3,28" ten="170,330,250,250" oya="1" hai0="88,4,37,22,70,25,134,36,52,10,48,44,24" hai1="33,116,93,101,103,75,84,114,107,14,94,12,41" hai2="82,69,130,50,53,61,68,95,132,118,106,92,126" hai3="86,45,111,113,18,98,40,3,32,7,15,108,91"/><U58/><E75/><V119/><F106/><W34/><G113/><T117/><D70/><U87/><E114/><V8/><F126/><W1/><G98/><T133/><D117/><U35/><E58/><V102/><F132/><W100/><G100/><T76/><D76/><U0/><E41/><V127/><F130/><W47/><G7/><T96/><D25/><U128/><E0/><N who="3" m="74" /><G86/><T97/><D37/><U81/><E81/><V77/><F127/><W122/><G91/><T110/><D110/><N who="3" m="42025" /><G122/><T120/><D120/><U123/><E123/><V104/><F104/><W16/><G18/><T78/><D78/><U17/><E107/><V9/><F102/><W109/><N who="3" m="42033" /><W73/><DORA hai="112" /><G73/><T57/><D133/><U59/><E17/><V62/><F77/><W90/><G90/><T55/><D134/><U13/><E103/><V42/><F82/><W46/><G40/><T105/><D105/><U26/><E101/><V29/><F42/><W51/><G51/><T27/><D36/><U65/><E87/><V21/><F50/><W74/><G74/><T54/><D96/><U5/><E84/><V71/><F29/><W39/><G39/><T20/><D97/><U85/><E85/><V31/><F31/><W30/><G30/><N who="0" m="17671" /><D88/><U23/><E5/><V60/><F21/><AGARI ba="0,0" hai="15,16,21,32,34,45,46,47" m="42033,74" machi="21" ten="50,8000,1" yaku="14,1,52,2,54,1" doraHai="28,112" who="3" fromWho="2" sc="170,0,330,0,250,-80,250,80" /><INIT seed="2,0,0,3,0,31" ten="170,330,170,330" oya="2" hai0="22,89,134,101,51,84,15,78,65,63,72,109,69" hai1="110,24,105,0,94,122,119,88,2,118,86,20,95" hai2="98,58,53,123,30,45,93,121,124,73,132,6,26" hai3="97,8,5,13,61,57,70,36,18,46,80,39,106"/><V41/><F73/><W135/><G70/><T90/><D109/><U17/><E105/><V42/><F124/><W37/><G135/><T104/><D134/><U79/><E110/><V74/><F74/><W33/><G46/><T32/><D32/><U115/><E115/><V11/><F132/><W59/><G33/><T100/><D72/><U28/><E122/><V111/><F111/><W87/><G5/><T23/><D78/><U130/><E130/><V55/><F123/><W67/><G97/><T99/><D100/><U64/><E64/><V117/><F117/><W75/><G59/><T1/><D1/><U92/><E79/><V40/><F121/><W49/><G75/><T4/><D51/><U7/><E0/><V83/><F83/><W43/><G49/><T16/><D4/><U62/><E62/><V25/><F45/><W35/><G35/><T125/><D125/><U29/><E119/><V126/><F126/><W48/><G48/><T54/><D54/><U76/><E76/><V81/><F81/><W120/><G106/><T91/><REACH who="0" step="1"/><D23/><REACH who="0" ten="160,330,170,330" step="2"/><U128/><E118/><V52/><F58/><W113/><G120/><T82/><AGARI ba="0,1" hai="15,16,22,63,65,69,82,84,89,90,91,99,101,104" machi="82" ten="20,8000,1" yaku="1,1,2,1,0,1,7,1,54,1,53,0" doraHai="31" doraHaiUra="133" who="0" fromWho="0" sc="160,90,330,-20,170,-40,330,-20" /><INIT seed="3,0,0,3,4,3" ten="250,310,130,310" oya="3" hai0="33,0,112,69,95,43,79,56,28,53,16,71,93" hai1="104,24,4,131,107,22,119,127,101,126,82,66,68" hai2="5,45,34,109,58,65,98,121,2,128,108,97,7" hai3="20,30,85,111,27,73,35,133,29,59,116,42,135"/><W9/><G116/><T84/><D112/><U130/><E119/><V51/><F2/><W38/><G73/><T40/><D0/><U41/><E41/><V92/><F34/><W64/><G111/><N who="2" m="42569" /><F128/><N who="1" m="49193" /><E4/><N who="2" m="1611" /><F121/><W132/><G9/><T60/><D43/><U6/><E6/><V72/><F72/><W70/><G70/><T19/><D40/><U44/><E44/><V32/><F32/><W81/><G35/><T18/><D69/><U117/><E117/><V31/><F31/><W115/><G115/><T83/><D71/><U114/><E114/><V1/><F1/><W76/><G30/><T134/><D134/><U25/><E82/><V75/><F75/><W88/><G76/><T49/><D33/><U118/><E118/><V46/><F98/><W13/><G13/><T78/><D78/><U21/><E24/><V123/><F123/><W74/><G74/><T100/><D28/><U90/><E25/><V26/><F26/><W55/><G64/><N who="0" m="38919" /><D100/><U94/><E101/><N who="2" m="60583" /><F51/><N who="3" m="31231" /><G42/><T103/><D103/><U91/><E66/><V37/><F37/><AGARI ba="0,0" hai="20,27,29,37,38,81,85,88,132,133,135" m="31231" machi="37" ten="30,2900,0" yaku="20,1,54,1" doraHai="3" who="3" fromWho="2" sc="250,0,310,0,130,-29,310,29" owari="250,-15.0,310,11.0,101,-40.0,339,44.0" /></mjloggm>