<mjloggm ver="2.3"><GO type="169" lobby="0"/><UN n0="%74%75%63%6B%62%6F%63%6B" n1="%E3%83%88%E3%82%B7%E3%83%95%E3%83%BC%E3%83%8B" n2="%E6%9C%AC%E7%94%B0%E9%80%8F" n3="%E3%83%9C%E3%83%9E%E3%83%BC" dan="17,18,17,16" rate="2106.21,2212.17,2129.91,2160.44" sx="M,M,F,M"/><TAIKYOKU oya="0"/><INIT seed="0,0,0,1,1,132" ten="250,250,250,250" oya="0" hai0="7,4,9,26,84,131,86,76,35,63,58,55,96" hai1="101,64,98,133,38,81,119,59,11,120,68,25,127" hai2="92,128,117,21,130,73,129,94,41,1,45,107,104" hai3="22,44,5,37,18,13,12,67,50,24,61,77,91"/><T121/><D121/><U122/><E119/><V125/><F1/><W27/><G37/><T29/><D131/><U106/><E133/><V89/><F117/><W70/><G77/><T71/><D71/><U39/><E59/><V8/><F8/><W34/><G34/><T135/><D135/><U28/><E11/><V43/><F73/><W118/><G118/><T87/><D96/><U97/><E97/><V108/><F108/><W0/><G0/><T82/><REACH who="0" step="1"/><D7/><REACH who="0" ten="240,250,250,250" step="2"/><U16/><E68/><V90/><F21/><W88/><G5/><T83/><D83/><U79/><E120/><V78/><F78/><W124/><G24/><T103/><D103/><U60/><E122/><V93/><F125/><W40/><REACH who="3" step="1"/><G124/><REACH who="3" ten="240,250,250,240" step="2"/><T100/><D100/><U102/><E102/><V31/><F129/><W2/><G2/><AGARI ba="0,2" hai="2,4,9,26,29,35,55,58,63,76,82,84,86,87" machi="2" ten="30,2900,0" yaku="1,1,7,1,53,0" doraHai="132" doraHaiUra="111" who="0" fromWho="3" sc="240,49,250,0,250,0,240,-29" /><INIT seed="0,1,0,3,5,61" ten="289,250,250,211" oya="0" hai0="62,92,40,46,2,31,43,52,34,77,30,79,50" hai1="133,0,13,53,73,60,33,4,98,122,55,56,37" hai2="115,108,116,42,5,24,119,26,120,28,88,128,70" hai3="69,89,65,39,109,105,6,76,18,44,17,121,72"/><T130/><D130/><U90/><E73/><V100/><F100/><W123/><G89/><T49/><D2/><U27/><E37/><V68/><F128/><W113/><G17/><T112/><D112/><U95/><E0/><V22/><F115/><W132/><G18/><T35/><D92/><U84/><E133/><V63/><F120/><W86/><G86/><T93/><D93/><U85/><E122/><V58/><F108/><W114/><G6/><T134/><D134/><U3/><E3/><V102/><F102/><W135/><G76/><T38/><D38/><U103/><E33/><V48/><F5/><W110/><G72/><T131/><D62/><U1/><E1/><V75/><F75/><W32/><G32/><T16/><D131/><U117/><E117/><N who="2" m="45131" /><F24/><W87/><G87/><T106/><D106/><U54/><E27/><V71/><F88/><W10/><G10/><T7/><D7/><U64/><REACH who="1" step="1"/><E90/><REACH who="1" ten="289,240,250,211" step="2"/><V111/><F111/><W9/><G110/><T74/><D74/><U107/><E107/><V59/><F63/><W14/><G105/><T125/><D35/><U23/><E23/><V19/><F28/><W21/><G109/><T94/><D34/><U67/><E67/><V47/><AGARI ba="1,1" hai="19,22,26,42,47,48,58,59,68,70,71" m="45131" machi="47" ten="40,1500,0" yaku="12,1" doraHai="61" who="2" fromWho="2" sc="289,-8,240,-5,250,28,211,-5" /><INIT seed="1,0,0,4,0,7" ten="281,235,278,206" oya="1" hai0="128,72,10,102,73,86,92,93,119,83,117,38,96" hai1="62,111,17,118,39,58,87,40,53,11,124,30,123" hai2="19,13,100,64,16,32,63,48,21,15,44,77,2" hai3="61,95,59,66,121,76,35,79,97,67,56,114,130"/><U125/><E123/><V133/><F2/><W89/><G35/><T6/><D38/><U107/><E107/><V65/><F32/><W46/><G121/><T131/><D10/><U42/><E118/><N who="0" m="45065" /><D6/><U20/><E111/><V122/><F122/><W47/><G114/><T23/><D93/><U126/><E39/><V43/><F133/><W33/><G33/><T101/><D101/><U80/><E30/><V94/><F77/><N who="3" m="29771" /><G130/><N who="0" m="49707" /><D23/><U36/><E36/><V12/><F12/><W57/><G61/><T52/><D52/><U109/><E109/><V34/><F34/><W99/><G99/><T28/><D28/><U134/><E134/><V74/><F74/><W68/><G68/><T108/><D108/><U71/><E71/><V129/><F129/><W49/><G46/><T98/><D98/><U116/><E20/><V60/><F94/><W14/><G14/><T5/><D5/><U120/><E120/><V1/><F1/><W132/><G132/><T84/><D84/><U26/><E116/><V135/><F100/><W55/><AGARI ba="0,0" hai="47,49,55,56,57,59,66,67,89,95,97" m="29771" machi="55" ten="30,1100,0" yaku="8,1" doraHai="7" who="3" fromWho="3" sc="281,-3,235,-5,278,-3,206,11" /><INIT seed="2,0,0,4,0,58" ten="278,230,275,217" oya="2" hai0="112,8,78,70,89,109,17,127,26,7,104,56,83" hai1="4,32,59,39,129,82,110,120,133,128,102,84,9" hai2="93,132,48,117,111,98,118,43,80,24,27,20,107" hai3="124,29,22,126,13,10,54,41,28,23,122,92,114"/><V55/><F132/><W15/><G41/><T18/><D70/><U44/><E133/><V79/><F111/><W25/><G25/><BYE who="3" /><UN n3="%E3%83%9C%E3%83%9E%E3%83%BC" /><T65/><D112/><U81/><E32/><V105/><F24/><W36/><G36/><T50/><D104/><U87/><E110/><V63/><F105/><W75/><G75/><T19/><D109/><U52/><E102/><V103/><F107/><W14/><G54/><T123/><D123/><U64/><E64/><V90/><F103/><W37/><G92/><T46/><D89/><U53/><E120/><V49/><F117/><W62/><G37/><T40/><D127/><N who="3" m="48681" /><G122/><T85/><D26/><U12/><E39/><V115/><F43/><W42/><G42/><T130/><D130/><N who="1" m="50283" /><E44/><V113/><F118/><W6/><G62/><N who="0" m="38087" /><D7/><U125/><E125/><V97/><F115/><W94/><G94/><T11/><AGARI ba="0,0" hai="8,11,17,18,19,40,46,50,78,83,85" m="38087" machi="11" ten="30,2000,0" yaku="8,1,52,1" doraHai="58" who="0" fromWho="0" sc="278,20,230,-5,275,-10,217,-5" /><INIT seed="3,0,0,3,2,2" ten="298,225,265,212" oya="3" hai0="123,87,60,78,70,26,107,13,40,81,31,39,64" hai1="96,21,92,88,47,0,19,89,37,62,36,133,42" hai2="104,91,1,121,130,117,15,122,134,4,94,50,116" hai3="80,59,114,28,109,14,10,25,110,9,5,135,120"/><W85/><G120/><N who="2" m="46185" /><F1/><W48/><G114/><T63/><D123/><U8/><E133/><V55/><F104/><W22/><G135/><T102/><D60/><U3/><E37/><V76/><F76/><W57/><G10/><T43/><D13/><U58/><E89/><V49/><F134/><W20/><G20/><T132/><D132/><U98/><E98/><N who="2" m="57695" /><F130/><W45/><G109/><T126/><D126/><U100/><E100/><V79/><F79/><N who="3" m="46239" /><G110/><T108/><D108/><U93/><E93/><V17/><F4/><W12/><G12/><T115/><D39/><U33/><E33/><V11/><F50/><W38/><G38/><T52/><D115/><U112/><E112/><V106/><F106/><W54/><AGARI ba="0,0" hai="5,9,14,22,25,28,45,48,54,57,59" m="46239" machi="54" ten="30,3000,0" yaku="8,1,52,1" doraHai="2" who="3" fromWho="3" sc="298,-10,225,-10,265,-10,212,30" /><INIT seed="3,1,0,2,2,63" ten="288,215,255,242" oya="3" hai0="52,3,9,43,106,40,51,125,25,126,58,96,91" hai1="46,5,110,83,62,70,95,2,74,42,15,29,24" hai2="86,122,45,128,118,124,68,88,59,113,36,135,69" hai3="134,112,30,55,1,89,71,8,14,120,35,108,6"/><W47/><G71/><T85/><D25/><U49/><E110/><V73/><RYUUKYOKU type="yao9" ba="1,0" sc="288,0,215,0,255,0,242,0" hai2="36,45,59,68,69,73,86,88,113,118,122,124,128,135" /><INIT seed="3,2,0,4,0,18" ten="288,215,255,242" oya="3" hai0="0,123,107,119,99,115,36,83,33,20,94,62,41" hai1="47,4,64,109,12,11,28,15,38,93,26,86,79" hai2="37,61,82,76,66,88,116,114,128,87,96,127,48" hai3="53,51,90,104,63,106,71,43,77,112,8,9,5"/><W110/><G112/><T135/><D115/><U103/><E109/><V25/><F114/><W105/><G110/><T21/><D33/><U60/><E38/><V120/><F37/><W22/><G77/><T57/><D123/><U55/><E55/><V100/><F116/><W30/><G43/><T70/><D70/><U42/><E42/><V59/><F120/><W3/><G9/><T95/><D119/><U7/><E47/><V45/><F128/><W73/><G73/><T131/><D107/><U52/><E52/><N who="2" m="29711" /><F127/><W124/><G124/><T68/><D68/><U118/><E118/><V56/><F56/><W46/><G90/><T67/><D0/><U31/><E79/><V54/><F100/><W117/><G117/><T14/><D83/><U27/><E86/><V44/><F96/><W129/><G129/><T72/><D72/><U17/><E103/><V80/><F25/><W81/><G81/><T23/><D131/><U134/><E93/><N who="0" m="35337" /><D135/><U91/><E91/><V40/><F82/><W1/><G1/><T6/><D36/><U16/><E64/><V65/><F76/><W108/><G108/><T132/><D132/><U24/><E60/><V133/><F133/><W34/><G34/><T2/><D41/><U113/><E134/><V78/><F78/><W32/><G32/><T39/><D39/><U35/><E113/><V50/><AGARI ba="2,0" hai="40,44,50,54,59,61,65,66,80,87,88" m="29711" machi="50" ten="30,4000,0" yaku="8,1,54,2" doraHai="18" who="2" fromWho="2" sc="288,-12,215,-12,255,46,242,-22" /><INIT seed="4,0,0,5,1,79" ten="276,203,301,220" oya="0" hai0="76,78,80,52,36,64,54,90,124,121,0,100,40" hai1="47,7,29,109,89,62,39,132,20,37,18,122,33" hai2="27,99,1,75,96,16,112,23,115,94,28,129,93" hai3="63,14,74,66,87,65,58,55,114,111,73,108,4"/><T48/><D121/><U77/><E109/><V125/><F75/><W43/><G114/><N who="2" m="43561" /><F1/><W82/><G43/><T113/><D113/><U6/><E122/><V57/><F129/><W24/><G24/><T3/><D100/><U60/><E33/><V51/><F125/><W84/><G4/><T127/><D64/><U53/><E29/><V12/><F51/><W133/><G133/><T106/><D106/><U38/><E132/><V32/><F57/><W19/><G111/><T83/><D90/><U13/><E77/><V97/><AGARI ba="0,0" hai="12,16,23,27,28,32,93,94,96,97,99" m="43561" machi="97" ten="30,2000,0" yaku="15,1,54,1" doraHai="79" who="2" fromWho="2" sc="276,-10,203,-5,301,20,220,-5" /><INIT seed="5,0,0,1,0,52" ten="266,198,321,215" oya="1" hai0="50,128,58,59,22,15,122,13,108,126,109,84,87" hai1="67,63,21,119,106,18,56,134,77,28,8,121,102" hai2="71,66,111,72,16,125,57,46,104,41,82,116,85" hai3="76,90,39,36,61,3,100,96,62,19,103,130,33"/><U113/><E121/><V95/><F111/><W99/><G3/><T107/><D107/><U5/><E119/><V65/><F116/><W91/><G76/><T73/><D73/><U86/><E134/><V29/><F71/><W131/><REACH who="3" step="1"/><G19/><REACH who="3" ten="266,198,321,205" step="2"/><T30/><D122/><U89/><E113/><V11/><F16/><W105/><G105/><T23/><D128/><U47/><E77/><V68/><F104/><W127/><G127/><T64/><D126/><U124/><E124/><V38/><F125/><W9/><G9/><T10/><D10/><U17/><E106/><V44/><F11/><W40/><G40/><T135/><D135/><U80/><E102/><V114/><F41/><W35/><AGARI ba="0,1" hai="33,35,36,39,61,62,90,91,96,99,100,103,130,131" machi="35" ten="25,12000,2" yaku="1,1,0,1,22,2,53,2" doraHai="52" doraHaiUra="31" who="3" fromWho="3" sc="266,-30,198,-60,321,-30,205,130" /><INIT seed="6,0,0,4,5,7" ten="236,138,291,335" oya="2" hai0="37,132,108,120,69,70,11,65,86,133,76,31,129" hai1="43,124,109,71,67,64,24,112,16,73,125,3,61" hai2="66,99,50,45,60,58,85,101,46,91,55,78,34" hai3="113,72,110,21,90,52,20,107,44,5,2,13,106"/><V63/><F34/><W29/><G72/><T40/><D31/><U102/><E109/><V6/><F78/><W49/><G110/><T26/><D108/><U56/><E73/><V4/><F63/><W14/><G113/><T23/><D120/><U62/><E112/><V126/><F45/><W121/><G121/><T88/><D76/><U68/><E3/><V87/><F126/><W35/><G35/><T57/><D129/><U128/><E128/><V97/><F85/><W130/><G130/><T25/><D40/><U123/><E123/><V18/><F18/><W100/><G100/><T116/><D37/><U0/><E0/><V9/><F101/><W33/><G2/><T36/><D36/><U74/><E74/><V1/><REACH who="2" step="1"/><F4/><REACH who="2" ten="236,138,281,335" step="2"/><W28/><G5/><T19/><D19/><U114/><E114/><V105/><F105/><W84/><G33/><T32/><D32/><U75/><E75/><V80/><AGARI ba="0,1" hai="1,6,9,46,50,55,58,60,66,80,87,91,97,99" machi="80" ten="20,7800,0" yaku="1,1,0,1,7,1,52,1,53,0" doraHai="7" doraHaiUra="104" who="2" fromWho="2" sc="236,-26,138,-26,281,88,335,-26" /><INIT seed="6,1,0,5,5,116" ten="210,112,369,309" oya="2" hai0="107,122,37,82,130,113,128,68,99,48,85,8,87" hai1="69,53,105,77,60,44,112,36,15,74,126,96,24" hai2="33,23,102,31,42,115,35,71,100,84,72,83,1" hai3="135,95,67,106,124,61,114,14,90,101,51,98,34"/><V109/><F1/><W2/><G2/><T30/><D37/><U43/><E112/><V62/><F72/><W131/><G135/><T120/><D113/><U32/><E126/><V118/><F118/><W91/><G131/><N who="0" m="50219" /><D68/><U65/><E15/><V46/><F33/><W73/><G73/><T50/><D30/><U21/><E21/><V57/><F35/><W56/><G124/><T59/><D8/><U41/><E41/><V119/><F71/><W13/><G114/><T54/><D50/><U94/><E94/><V17/><F31/><W111/><G34/><T10/><D10/><U47/><E47/><V38/><F109/><W55/><G111/><T0/><D0/><U123/><E53/><V29/><F29/><W22/><G22/><T12/><D12/><U78/><E74/><V66/><F115/><W58/><G91/><N who="0" m="51639" /><D87/><AGARI ba="1,0" hai="13,14,51,55,56,58,61,67,87,90,95,98,101,106" machi="87" ten="30,1000,0" yaku="7,1" doraHai="116" who="3" fromWho="0" sc="210,-13,112,0,369,0,309,13" /><INIT seed="7,0,0,1,3,119" ten="197,112,369,322" oya="3" hai0="82,92,124,80,10,52,69,116,32,110,42,39,57" hai1="16,4,93,106,135,33,55,25,111,81,35,117,63" hai2="103,65,9,134,50,133,0,100,5,59,44,36,31" hai3="84,27,94,130,74,79,64,98,114,3,71,127,83"/><W115/><G3/><T87/><D69/><U112/><E106/><V13/><F31/><W47/><G47/><T113/><D116/><U29/><E111/><V75/><F75/><W109/><G27/><T38/><D110/><U28/><E117/><V54/><F0/><W132/><G109/><T105/><D105/><U108/><E108/><V14/><F14/><W40/><G40/><T45/><D32/><U123/><E4/><V56/><F36/><W131/><G64/><T77/><D39/><U90/><E81/><V51/><F59/><W21/><G21/><T118/><D118/><U20/><E135/><N who="2" m="51723" /><F65/><W24/><G24/><T67/><D67/><U11/><E11/><V48/><F44/><W104/><G132/><T120/><D82/><U99/><E112/><N who="3" m="43050" /><G71/><T78/><D113/><U1/><E1/><V126/><F126/><W58/><G58/><T30/><D124/><U86/><E86/><V102/><AGARI ba="0,0" hai="5,9,13,48,50,51,54,56,100,102,103" m="51723" machi="102" ten="30,1100,0" yaku="20,1" doraHai="119" who="2" fromWho="2" sc="197,-3,112,-3,369,11,322,-5" owari="194,-21.0,109,-39.0,380,48.0,317,12.0" /></mjloggm>