<mjloggm ver="2.3"><GO type="169" lobby="0"/><UN n0="%E3%82%82%E3%83%BC%E3%82%8A%E3%83%BC" n1="%E6%96%87%E5%9B%9B%E9%83%8E" n2="%E6%AD%8C%E8%88%9E%E4%BC%8E%E5%90%9B" n3="%E3%82%88%E3%81%86%E3%81%B8%E3%83%BC%58" dan="16,16,16,18" rate="2203.13,2166.96,2123.86,2241.25" sx="M,M,M,M"/><TAIKYOKU oya="0"/><INIT seed="0,0,0,1,4,113" ten="250,250,250,250" oya="0" hai0="22,124,52,76,86,48,29,28,65,71,1,103,21" hai1="106,15,101,114,36,59,112,69,51,116,17,26,62" hai2="104,8,37,10,75,40,50,119,128,7,46,95,118" hai3="33,121,88,105,60,27,58,63,30,2,107,9,14"/><T129/><D1/><U53/><E36/><V82/><F104/><W18/><G121/><T109/><D103/><U85/><E26/><V20/><F128/><W0/><G0/><T92/><D129/><U89/><E116/><N who="2" m="44587" /><F7/><W93/><G2/><T90/><D124/><U32/><E32/><V61/><F95/><W44/><G44/><N who="0" m="27655" /><D71/><U24/><E24/><V45/><F61/><W5/><G5/><T25/><D109/><U96/><E62/><V12/><F82/><W23/><G33/><T94/><D65/><U57/><E69/><V35/><F35/><W91/><G60/><T6/><D6/><U4/><E4/><V132/><F75/><W11/><G11/><N who="2" m="4137" /><F132/><W68/><G68/><T133/><D133/><U135/><E135/><V130/><F130/><W34/><G34/><T127/><D127/><U72/><E72/><V80/><F80/><W64/><G107/><T55/><D92/><U98/><E114/><V39/><F46/><W73/><G73/><T67/><D67/><U87/><E112/><V100/><F100/><W81/><G105/><T108/><D108/><U122/><E106/><V47/><F47/><W19/><G81/><N who="0" m="47399" /><D22/><U117/><E117/><V102/><F102/><W125/><G125/><T110/><D110/><U70/><E70/><V66/><F66/><W97/><G19/><AGARI ba="0,0" hai="12,19,20,37,39,40,45,50" m="4137,44587" machi="19" ten="30,7700,0" yaku="12,1,52,3" doraHai="113" who="2" fromWho="3" sc="250,0,250,0,250,77,250,-77" /><INIT seed="1,0,0,1,2,50" ten="250,250,327,173" oya="1" hai0="48,24,132,119,22,47,38,125,66,99,13,98,52" hai1="7,97,40,78,117,70,1,68,41,45,27,25,96" hai2="39,44,20,17,51,58,69,31,109,120,0,42,90" hai3="115,53,23,82,32,30,59,79,71,14,105,76,18"/><U28/><E117/><V87/><F0/><W56/><G115/><T73/><D119/><U9/><E78/><V103/><F69/><W10/><G71/><T111/><D73/><U8/><E28/><V89/><F120/><W114/><G114/><T63/><D125/><U12/><E45/><V123/><F123/><W127/><G127/><T4/><D132/><U61/><E61/><V74/><F74/><W75/><G105/><T55/><D111/><U92/><E1/><V34/><F109/><W35/><G79/><T83/><D38/><U128/><E92/><V94/><F103/><W85/><G75/><T62/><D83/><U131/><E12/><V49/><F34/><W43/><G43/><T72/><D72/><U37/><E7/><V107/><F107/><W95/><G95/><T86/><D86/><U19/><REACH who="1" step="1"/><E37/><REACH who="1" ten="250,240,327,173" step="2"/><V112/><F112/><W21/><G35/><T118/><D118/><U81/><E81/><V122/><F122/><W100/><G32/><T84/><D13/><U135/><E135/><V16/><F39/><W67/><G30/><T108/><D4/><U46/><E46/><V126/><F126/><W133/><G133/><T102/><D63/><U130/><E130/><V121/><F121/><W6/><G6/><T110/><D62/><U29/><E29/><V5/><F5/><W11/><G14/><T64/><D47/><U88/><E88/><N who="2" m="53535" /><F31/><W57/><G100/><T116/><D102/><U3/><E3/><V15/><F17/><AGARI ba="0,1" hai="8,9,17,19,25,27,40,41,68,70,96,97,128,131" machi="17" ten="25,4800,0" yaku="1,1,22,2,53,0" doraHai="50" doraHaiUra="54" who="1" fromWho="2" sc="250,0,240,58,327,-48,173,0" /><INIT seed="1,1,0,5,3,18" ten="250,298,279,173" oya="1" hai0="50,94,0,36,126,83,128,133,92,56,28,24,40" hai1="106,90,43,25,62,101,67,91,44,57,14,12,15" hai2="119,30,125,130,80,17,95,65,129,84,42,71,13" hai3="85,26,123,124,135,27,81,116,69,75,10,66,4"/><U31/><E106/><V100/><F119/><W108/><G123/><T97/><D0/><U70/><E101/><V37/><F125/><W33/><G75/><T96/><D126/><U114/><E70/><V55/><F30/><W103/><G124/><T117/><D117/><U87/><E114/><V98/><F55/><W39/><G116/><T115/><D115/><U113/><E113/><V53/><F53/><W29/><G103/><T22/><D128/><N who="2" m="49258" /><F42/><W6/><G135/><T120/><D120/><U88/><E87/><V52/><F37/><W102/><G102/><T23/><D36/><U3/><E3/><V61/><F52/><W127/><G39/><T19/><D83/><U54/><E54/><V5/><F5/><W1/><G6/><T46/><D56/><U35/><E43/><V131/><N who="2" m="49266" /><V41/><DORA hai="74" /><F41/><W118/><G118/><T86/><D133/><U104/><REACH who="1" step="1"/><E104/><REACH who="1" ten="250,288,279,173" step="2"/><V72/><F72/><W82/><G127/><T107/><D107/><U110/><E110/><V105/><F105/><W122/><G108/><T79/><D96/><U16/><E16/><V64/><F71/><W48/><G122/><T77/><D86/><U7/><E7/><V59/><F59/><W20/><G85/><T132/><D132/><U2/><E2/><V47/><F61/><N who="3" m="40143" /><G48/><T9/><D97/><U111/><E111/><V99/><F98/><W109/><G109/><T45/><D50/><U34/><E34/><V112/><F112/><W89/><G89/><T60/><D60/><U49/><E49/><V76/><F47/><AGARI ba="1,1" hai="12,14,15,25,31,35,44,47,57,62,67,88,90,91" machi="47" ten="40,7700,0" yaku="1,1,54,1,53,1" doraHai="18,74" doraHaiUra="93,63" who="1" fromWho="2" sc="250,0,288,90,279,-80,173,0" /><INIT seed="1,2,0,0,5,115" ten="250,378,199,173" oya="1" hai0="134,105,91,107,19,122,74,37,67,86,129,15,53" hai1="98,11,104,72,114,119,14,120,124,44,68,131,64" hai2="4,75,80,103,10,5,135,66,49,31,110,26,116" hai3="6,59,2,1,46,63,128,50,55,13,40,112,52"/><U88/><E114/><V73/><F110/><W34/><G128/><T121/><D74/><U30/><E120/><V97/><F135/><W7/><G112/><T111/><D111/><U69/><E72/><V23/><F66/><W48/><G34/><T21/><D37/><U39/><E30/><V123/><F123/><N who="0" m="47114" /><D129/><U3/><E131/><V58/><F116/><W82/><G82/><T95/><D134/><U9/><E119/><V16/><F4/><W33/><G33/><T28/><D67/><U81/><E124/><V45/><F58/><W108/><G108/><T18/><D28/><U32/><E32/><V61/><F61/><W24/><G24/><N who="0" m="14391" /><D53/><U22/><E104/><V93/><F80/><W60/><G60/><T57/><D57/><U56/><E56/><V90/><F103/><W102/><G102/><T89/><D89/><U106/><E106/><V118/><F118/><W29/><G29/><T51/><D51/><U62/><E69/><V47/><F47/><W78/><G78/><T84/><D84/><U92/><E44/><V27/><F49/><W54/><G50/><T41/><D41/><U101/><E39/><V12/><REACH who="2" step="1"/><F45/><REACH who="2" ten="250,378,189,173" step="2"/><W85/><G63/><T43/><D43/><U117/><E117/><V36/><F36/><W100/><G59/><T35/><D35/><AGARI ba="2,1" hai="5,10,12,16,23,26,27,31,35,73,75,90,93,97" machi="35" ten="30,7700,0" yaku="1,1,7,1,54,1,53,1" doraHai="115" doraHaiUra="94" who="2" fromWho="0" sc="250,-83,378,0,189,93,173,0" /><INIT seed="2,0,0,1,3,16" ten="167,378,282,173" oya="2" hai0="100,41,104,6,21,77,82,92,59,50,78,111,128" hai1="48,0,45,119,14,122,107,120,66,110,5,89,68" hai2="13,132,38,81,31,29,90,7,57,127,126,112,135" hai3="1,96,54,69,118,101,12,72,25,130,103,3,86"/><V22/><F38/><W10/><G72/><T2/><D111/><U35/><E110/><V58/><F112/><W116/><G69/><T117/><D104/><U55/><E119/><V42/><F42/><W113/><G113/><T87/><D128/><U134/><E0/><V18/><F81/><W64/><G64/><T49/><D117/><U115/><E115/><V56/><F90/><W91/><G130/><T74/><D6/><U105/><E35/><V121/><F7/><W129/><G129/><T44/><D2/><U108/><E108/><V30/><REACH who="2" step="1"/><F121/><REACH who="2" ten="167,378,272,173" step="2"/><W95/><G118/><T28/><D78/><U133/><E89/><V79/><F79/><W17/><G116/><T15/><D100/><U123/><E123/><V52/><F52/><W23/><G103/><T37/><D37/><U97/><E122/><V47/><F47/><W34/><G54/><T70/><D77/><U88/><E120/><V9/><F9/><W109/><G109/><T51/><D82/><U27/><E55/><V63/><F63/><W131/><G131/><T32/><D41/><U85/><E45/><V75/><F75/><W94/><REACH who="3" step="1"/><G34/><REACH who="3" ten="167,378,272,163" step="2"/><T43/><D74/><U106/><E66/><V60/><F60/><W65/><G65/><T8/><D32/><U71/><E71/><V99/><F99/><W102/><G102/><T40/><D70/><U39/><E68/><V84/><F84/><W24/><G24/><N who="0" m="16399" /><D43/><U67/><E85/><V83/><F83/><W98/><G98/><T36/><D59/><U61/><E97/><V26/><F26/><W125/><G125/><AGARI ba="0,2" hai="13,18,22,29,30,31,56,57,58,125,126,127,132,135" machi="125" ten="50,9600,0" yaku="1,1,18,1,52,1,53,0" doraHai="16" doraHaiUra="80" who="2" fromWho="3" sc="167,0,378,0,272,116,163,-96" /><INIT seed="2,1,0,5,1,70" ten="167,378,388,67" oya="2" hai0="90,127,111,66,57,36,41,25,12,95,123,0,14" hai1="75,83,45,69,46,98,134,72,19,30,24,135,44" hai2="92,43,105,17,110,51,71,116,78,54,96,101,31" hai3="107,108,37,40,84,50,20,99,60,52,128,79,124"/><V58/><F116/><W120/><G120/><T76/><D123/><U115/><E115/><V106/><F71/><W38/><G128/><T10/><D111/><U86/><E69/><V8/><F110/><W28/><G108/><T133/><D133/><N who="1" m="50699" /><E19/><V102/><F31/><W122/><G122/><T34/><D127/><U74/><E98/><V62/><F78/><W118/><G118/><T42/><D0/><U15/><E15/><V22/><F8/><W114/><G124/><T80/><D14/><U121/><E121/><V4/><F4/><W2/><G2/><T109/><D34/><N who="1" m="20807" /><E86/><V64/><F43/><W93/><G107/><T26/><D41/><U16/><E16/><V77/><F77/><AGARI ba="1,0" hai="44,45,46,72,74,75,77,83" m="20807,50699" machi="77" ten="30,1000,0" yaku="20,1" doraHai="70" who="1" fromWho="2" sc="167,0,378,13,388,-13,67,0" /><INIT seed="3,0,0,4,3,107" ten="167,391,375,67" oya="3" hai0="128,77,11,106,84,50,115,82,97,109,1,0,118" hai1="104,41,91,47,112,10,6,29,19,72,8,16,31" hai2="103,2,57,86,74,27,45,133,24,9,121,124,60" hai3="40,28,98,135,127,48,114,15,122,100,75,65,96"/><W35/><G122/><T76/><D118/><U111/><E112/><V132/><F121/><W42/><G114/><T63/><D115/><U119/><E104/><V69/><F74/><W25/><G135/><T34/><D34/><U26/><E72/><V125/><F69/><W113/><G127/><N who="2" m="48713" /><F103/><W4/><G113/><T102/><D128/><U7/><E119/><V53/><F86/><W54/><G65/><T129/><D129/><U93/><E111/><V73/><F73/><W18/><G4/><T85/><D63/><U14/><E31/><V3/><F9/><W105/><G96/><T92/><D109/><U13/><E93/><V61/><F60/><W68/><G75/><T46/><D11/><U99/><E99/><V130/><F130/><W5/><G5/><T37/><D37/><U134/><E91/><V21/><F45/><W101/><G101/><T117/><D117/><U80/><E80/><V38/><F27/><W83/><G83/><T70/><D70/><U67/><E134/><N who="2" m="51819" /><F38/><W94/><G68/><T30/><D77/><U90/><E90/><V66/><F66/><W36/><G36/><T33/><D85/><U108/><E67/><V88/><F88/><W23/><REACH who="3" step="1"/><G105/><REACH who="3" ten="167,391,375,57" step="2"/><T110/><D106/><U120/><E120/><V64/><F64/><W43/><G43/><N who="0" m="24927" /><D110/><U44/><E108/><V17/><AGARI ba="0,1" hai="2,3,17,21,24,53,57,61" m="51819,48713" machi="17" ten="30,2000,0" yaku="18,1,20,1" doraHai="107" who="2" fromWho="2" sc="167,-5,391,-5,375,30,57,-10" /><INIT seed="4,0,0,4,5,101" ten="162,386,405,47" oya="0" hai0="62,0,42,57,44,24,98,23,84,33,82,65,49" hai1="31,26,58,94,50,120,55,22,78,18,54,124,119" hai2="107,111,81,128,8,47,45,106,39,56,12,113,27" hai3="79,134,96,41,127,5,93,29,71,129,70,91,69"/><T40/><D0/><U108/><E119/><V20/><F111/><W117/><G117/><T74/><D74/><U21/><E108/><V43/><F113/><W100/><G134/><T122/><D33/><U66/><E120/><V67/><F128/><W90/><G127/><T37/><D122/><U3/><E3/><V133/><F133/><W112/><G112/><T92/><D37/><U109/><E109/><V110/><F110/><W64/><G129/><T88/><D49/><U60/><E78/><V13/><F13/><W32/><G5/><T105/><D105/><U121/><E121/><V30/><F45/><W36/><G79/><T35/><D44/><U34/><E124/><V97/><F97/><W75/><G75/><T63/><D63/><U10/><E10/><V102/><F102/><W53/><G53/><T87/><D35/><U104/><E55/><V14/><F14/><W1/><G1/><T4/><D4/><U68/><E18/><V17/><F81/><W59/><G41/><N who="0" m="15979" /><D82/><U130/><E130/><V52/><F67/><W83/><G36/><T9/><D9/><U2/><E2/><V95/><F95/><W85/><G100/><T118/><D118/><U6/><E6/><V114/><F114/><W72/><G72/><T86/><D86/><U19/><E34/><V116/><F116/><W89/><G32/><T51/><D51/><AGARI ba="0,0" hai="8,12,17,20,27,30,39,43,47,51,52,56,106,107" machi="51" ten="30,7700,0" yaku="7,1,52,2,54,1" doraHai="101" who="2" fromWho="0" sc="162,-77,386,0,405,77,47,0" /><INIT seed="5,0,0,5,3,76" ten="85,386,482,47" oya="1" hai0="25,91,49,77,60,104,94,115,114,88,27,66,22" hai1="36,72,5,96,55,86,52,47,133,119,117,23,116" hai2="1,26,93,122,62,45,81,97,33,29,71,19,48" hai3="20,100,87,84,34,108,12,10,68,4,3,125,13"/><U130/><E72/><V63/><F122/><W11/><G108/><T42/><D104/><U124/><E5/><V32/><F1/><W8/><G68/><T126/><D126/><U18/><E124/><V41/><F32/><W99/><G125/><T121/><D121/><U15/><E133/><V102/><F71/><W73/><G73/><T61/><D42/><U0/><E0/><V113/><F113/><N who="0" m="43018" /><D49/><U118/><E130/><V80/><F19/><W83/><G34/><T9/><D91/><U40/><E96/><V89/><F81/><W58/><G58/><N who="0" m="37143" /><D61/><U24/><N who="1" m="29696" /><DORA hai="64" /><U127/><E127/><V46/><F80/><W79/><G87/><N who="0" m="52511" /><D9/><U90/><REACH who="1" step="1"/><E24/><REACH who="1" ten="85,376,482,47" step="2"/><V74/><F74/><W6/><G3/><T110/><D27/><U129/><E129/><V95/><F45/><W103/><G99/><AGARI ba="0,1" hai="26,29,33,41,46,48,62,63,89,93,95,97,99,102" machi="99" ten="30,1000,0" yaku="7,1" doraHai="76,64" who="2" fromWho="3" sc="85,0,376,0,482,20,47,-10" /><INIT seed="6,0,0,3,0,115" ten="85,376,502,37" oya="2" hai0="2,125,29,71,36,69,118,123,31,85,53,91,74" hai1="12,129,27,57,97,80,89,11,49,81,122,110,41" hai2="101,114,67,133,40,83,132,94,47,128,33,30,34" hai3="65,88,39,99,68,19,120,63,48,21,79,15,119"/><V16/><F114/><W4/><G39/><T38/><D2/><U92/><E110/><V25/><F128/><W117/><G120/><T73/><D85/><U126/><E129/><V3/><F3/><W28/><G79/><T6/><D91/><U87/><E122/><V0/><F0/><W52/><G4/><T17/><D17/><U78/><E126/><V24/><F67/><W9/><G28/><T62/><D53/><U135/><E135/><N who="2" m="51787" /><F83/><W54/><G9/><T60/><D123/><U107/><E27/><V56/><F56/><W127/><G127/><T45/><D45/><U124/><E124/><V32/><F94/><W55/><REACH who="3" step="1"/><G48/><REACH who="3" ten="85,376,502,27" step="2"/><T96/><D125/><U7/><E49/><N who="2" m="26855" /><F101/><W35/><G35/><T86/><D6/><U42/><E7/><V64/><F30/><W76/><G76/><T109/><D109/><U108/><E108/><V10/><F10/><W51/><G51/><T22/><D22/><U106/><E11/><V134/><F134/><W77/><G77/><T5/><D5/><U37/><E78/><V75/><F75/><W102/><G102/><T113/><D113/><U44/><E37/><V46/><F16/><W58/><G58/><T20/><D20/><U103/><E57/><V130/><F130/><W98/><G98/><T14/><D96/><U66/><E97/><V93/><F34/><W82/><G82/><T72/><D72/><U105/><E103/><V1/><F32/><W131/><G131/><T18/><D18/><U26/><E81/><V116/><F33/><W23/><G23/><T70/><D74/><U100/><E80/><RYUUKYOKU ba="0,1" sc="85,-10,376,-10,502,-10,27,30" hai3="15,19,21,52,54,55,63,65,68,88,99,117,119" /><INIT seed="7,1,1,3,3,104" ten="75,366,492,57" oya="3" hai0="6,75,36,76,71,110,133,85,2,135,131,92,84" hai1="122,106,73,11,80,33,66,19,57,100,42,117,9" hai2="102,8,29,74,129,99,126,34,52,31,54,94,69" hai3="72,86,16,79,49,55,113,51,41,91,15,56,123"/><W101/><G123/><T60/><D110/><U107/><E122/><V58/><F74/><W62/><G113/><T87/><D36/><U13/><E33/><V114/><F69/><W120/><G120/><T50/><D131/><U78/><E42/><V5/><F34/><W118/><G118/><T82/><D50/><U28/><E28/><V116/><F116/><W108/><G108/><T105/><D105/><U46/><E46/><V39/><F39/><W128/><G128/><T45/><D45/><U77/><E117/><V38/><F38/><W17/><G101/><T83/><D92/><U63/><E100/><V44/><F126/><W0/><G0/><T27/><D27/><U1/><E78/><V43/><F43/><W61/><G79/><N who="0" m="46207" /><D6/><U14/><REACH who="1" step="1"/><E1/><REACH who="1" ten="75,356,492,57" step="2"/><V132/><F129/><W23/><G72/><T93/><D2/><U112/><E112/><V97/><F114/><W125/><G125/><T81/><D75/><U65/><E65/><V115/><F44/><N who="3" m="25743" /><G17/><AGARI ba="1,2" hai="9,11,13,14,17,19,57,63,66,73,77,80,106,107" machi="17" ten="30,7700,0" yaku="1,1,7,1,9,1,52,1,53,0" doraHai="104" doraHaiUra="35" who="1" fromWho="3" sc="75,0,356,100,492,0,57,-80" owari="75,-32.0,456,26.0,492,58.0,-23,-52.0" /></mjloggm>