<mjloggm ver="2.3"><GO type="169" lobby="0"/><UN n0="%42%72%42%61" n1="%E3%83%9E%E3%83%8A%E3%83%96%E9%9B%B6" n2="%E3%82%A2%E3%82%B9%E3%82%BF%E3%83%8A" n3="%E3%81%9F%E3%81%A1%E3%83%90%E3%83%8A%E3%83%8A%40" dan="16,16,17,17" rate="2158.53,2138.00,2195.33,2176.86" sx="M,M,M,M"/><TAIKYOKU oya="0"/><INIT seed="0,0,0,1,3,97" ten="250,250,250,250" oya="0" hai0="133,54,121,130,86,0,131,119,102,77,6,4,73" hai1="105,58,110,49,34,20,62,45,101,64,33,65,43" hai2="39,69,37,16,1,76,125,120,63,124,27,44,93" hai3="46,32,30,127,88,26,103,104,10,71,128,112,126"/><T28/><D121/><U135/><E110/><V106/><F106/><W99/><G112/><T85/><D119/><U68/><E135/><V114/><F114/><W72/><G72/><T132/><D28/><U98/><E65/><V117/><F1/><W83/><G71/><T134/><D54/><U67/><E67/><V31/><F120/><W82/><G128/><N who="0" m="49195" /><D0/><U70/><REACH who="1" step="1"/><E20/><REACH who="1" ten="250,240,250,250" step="2"/><V25/><F117/><W35/><G32/><AGARI ba="0,1" hai="32,33,34,43,45,49,58,62,64,68,70,98,101,105" machi="32" ten="40,5200,0" yaku="1,1,2,1,52,1,53,0" doraHai="97" doraHaiUra="79" who="1" fromWho="3" sc="250,0,240,62,250,0,250,-52" /><INIT seed="1,0,0,1,5,33" ten="250,302,250,198" oya="1" hai0="91,51,90,110,113,109,40,117,77,3,13,55,62" hai1="86,130,39,44,52,71,78,60,101,133,67,102,106" hai2="18,48,46,50,120,34,29,37,105,89,42,123,112" hai3="100,20,5,76,122,28,92,27,43,2,88,125,64"/><U83/><E133/><V132/><F132/><W115/><G122/><T14/><D117/><U38/><E130/><V32/><F105/><W45/><G115/><T99/><D113/><U87/><E106/><V96/><F112/><W8/><G125/><T15/><D77/><U107/><E87/><V68/><F68/><W85/><G64/><T128/><D128/><U82/><E82/><V56/><F34/><W16/><G76/><T59/><D99/><U135/><E135/><V30/><F18/><W72/><G100/><T10/><D40/><U70/><E70/><V74/><F74/><W97/><G72/><T7/><REACH who="0" step="1"/><D51/><REACH who="0" ten="240,302,250,198" step="2"/><U98/><REACH who="1" step="1"/><E102/><REACH who="1" ten="240,292,250,198" step="2"/><V124/><F120/><W54/><G97/><T6/><D6/><U121/><E121/><V25/><F123/><W65/><G5/><T119/><D119/><U31/><E31/><V79/><F30/><W66/><G28/><T47/><D47/><U19/><E19/><V108/><F46/><W111/><G16/><T63/><D63/><U1/><E1/><V134/><F29/><W26/><G2/><T0/><D0/><U53/><E53/><V104/><F96/><W114/><G54/><T80/><D80/><U61/><E61/><V131/><F131/><W22/><G45/><T23/><D23/><U95/><E95/><V17/><F134/><W75/><G20/><T57/><D57/><U24/><E24/><V4/><F56/><W49/><G22/><T12/><N who="0" m="3072" /><DORA hai="35" /><T58/><D58/><U127/><E127/><V41/><F124/><W103/><G26/><T69/><D69/><U116/><E116/><RYUUKYOKU ba="0,2" sc="240,15,292,15,250,-15,198,-15" hai0="3,7,10,55,59,62,90,91,109,110" hai1="38,39,44,52,60,67,71,78,83,86,98,101,107" /><INIT seed="1,1,2,3,2,17" ten="255,307,235,183" oya="1" hai0="33,15,18,51,96,72,120,42,13,8,2,46,59" hai1="83,10,21,76,12,3,52,60,94,109,108,36,65" hai2="6,97,0,98,19,127,40,118,27,48,67,135,100" hai3="95,26,125,119,61,78,5,134,73,92,62,16,124"/><U126/><E36/><V130/><F118/><W31/><G5/><T47/><D120/><U121/><E121/><V25/><F127/><N who="3" m="48715" /><G119/><T11/><D72/><U50/><E126/><V71/><F130/><W66/><G134/><T57/><D33/><U128/><E128/><V90/><F40/><W23/><G61/><T22/><D2/><U101/><E3/><V30/><F48/><W49/><G49/><N who="0" m="26839" /><D96/><N who="1" m="59543" /><E21/><V74/><F74/><W64/><G64/><T81/><D81/><U29/><E29/><V7/><F67/><W54/><G54/><N who="0" m="30079" /><D8/><U69/><E83/><V114/><F0/><W77/><G73/><T82/><D82/><U106/><E106/><V117/><F117/><W111/><G95/><T55/><D55/><U99/><E76/><V53/><F53/><W1/><G92/><T116/><D116/><U86/><E86/><V24/><F114/><W93/><G93/><T79/><D79/><U28/><E28/><V41/><F30/><W91/><G1/><T4/><AGARI ba="1,2" hai="4,11,13,15,18,22,57,59" m="30079,26839" machi="4" ten="30,2000,0" yaku="8,1,52,1" doraHai="17" who="0" fromWho="0" sc="255,43,307,-11,235,-6,183,-6" /><INIT seed="2,0,0,0,1,91" ten="298,296,229,177" oya="2" hai0="128,5,82,86,52,68,29,24,0,7,35,135,100" hai1="17,46,129,83,125,70,89,45,80,76,117,54,60" hai2="104,112,48,59,69,63,8,47,4,26,127,123,92" hai3="58,75,93,62,78,66,18,99,108,114,74,50,72"/><V25/><F104/><W49/><G108/><T85/><D135/><U107/><E117/><V98/><F123/><W15/><G78/><T56/><D128/><U51/><E129/><V36/><F112/><W43/><G114/><T55/><D68/><U16/><E107/><V41/><F127/><W22/><REACH who="3" step="1"/><G43/><REACH who="3" ten="298,296,229,167" step="2"/><T12/><D55/><U30/><E125/><V42/><F42/><W14/><G14/><T10/><D12/><U87/><E30/><V119/><F119/><W21/><G21/><T65/><D29/><U81/><E76/><V111/><F111/><W113/><G113/><T102/><D52/><U20/><E20/><V34/><F34/><W27/><G27/><T97/><D24/><U79/><E79/><V38/><F26/><W6/><G6/><T28/><D7/><U2/><E2/><V67/><F25/><W73/><N who="3" m="18432" /><DORA hai="134" /><W124/><G124/><T39/><D35/><U96/><E17/><V23/><F23/><W71/><G71/><T11/><D5/><U61/><E16/><V101/><REACH who="2" step="1"/><F69/><REACH who="2" ten="298,296,219,167" step="2"/><W95/><G95/><T126/><D126/><U115/><E70/><V132/><F132/><W121/><G121/><T94/><D94/><N who="1" m="56399" /><E115/><V53/><F53/><W1/><G1/><AGARI ba="0,2" hai="1,4,8,36,38,41,47,48,59,63,67,92,98,101" machi="1" ten="30,11600,0" yaku="1,1,7,1,52,1,53,1" doraHai="91,134" doraHaiUra="19,3" who="2" fromWho="3" sc="298,0,296,0,219,136,167,-116" /><INIT seed="2,1,0,4,4,83" ten="298,296,355,51" oya="2" hai0="63,71,69,61,25,96,45,91,74,70,122,46,125" hai1="72,32,38,88,113,59,20,47,62,16,101,56,130" hai2="95,0,39,40,13,7,42,98,118,14,89,78,99" hai3="126,106,67,105,103,21,75,66,48,1,92,27,37"/><V90/><F118/><W120/><G120/><T108/><D122/><U5/><E113/><V60/><F0/><W17/><G37/><T12/><D74/><U18/><E32/><V128/><F128/><W117/><G117/><T124/><D12/><N who="2" m="4714" /><F39/><W31/><G1/><T15/><D15/><U93/><E72/><V33/><F33/><W4/><G4/><T43/><D25/><U119/><E119/><V51/><F7/><W87/><G75/><T2/><D91/><U36/><E101/><V129/><F129/><W104/><G126/><N who="0" m="48747" /><D96/><U123/><E123/><V135/><F135/><W41/><G31/><T29/><D29/><U79/><E79/><V65/><F78/><W86/><G103/><T10/><D10/><U28/><E130/><V58/><F51/><W77/><G92/><AGARI ba="1,0" hai="40,42,58,60,65,89,90,92,95,98,99" m="4714" machi="92" ten="30,1500,0" yaku="8,1" doraHai="83" who="2" fromWho="3" sc="298,0,296,0,355,18,51,-18" /><INIT seed="2,2,0,5,3,96" ten="298,296,373,33" oya="2" hai0="95,115,40,116,64,30,10,11,118,31,109,3,121" hai1="87,8,55,78,110,21,91,72,68,48,53,37,60" hai2="103,77,135,82,129,9,93,56,108,23,54,61,71" hai3="79,124,16,57,107,35,80,102,85,47,39,97,34"/><V133/><F129/><W112/><G124/><T14/><D64/><U44/><E110/><V41/><F41/><W131/><G131/><T134/><D40/><U4/><E37/><V43/><F43/><W90/><G39/><T126/><D95/><U81/><E21/><V111/><F71/><W17/><G112/><T70/><D70/><U0/><E68/><V76/><F23/><W18/><G47/><T62/><D62/><U25/><E25/><V113/><F9/><W5/><G5/><N who="0" m="1343" /><D115/><U7/><E7/><V29/><F29/><N who="0" m="10762" /><D121/><U122/><E122/><V22/><F22/><W119/><G119/><N who="0" m="45611" /><D109/><N who="2" m="42058" /><F113/><W52/><REACH who="3" step="1"/><G79/><REACH who="3" ten="298,296,373,23" step="2"/><N who="2" m="30281" /><F82/><W120/><G120/><T132/><D126/><U89/><E72/><V49/><F61/><AGARI ba="2,1" hai="16,17,18,34,35,52,57,61,80,85,90,97,102,107" machi="61" ten="40,8000,1" yaku="1,1,52,1,54,2,53,1" doraHai="96" doraHaiUra="94" who="3" fromWho="2" sc="298,0,296,0,373,-86,23,96" /><INIT seed="3,0,0,3,3,72" ten="298,296,287,119" oya="3" hai0="83,56,96,88,127,75,34,14,59,17,26,51,135" hai1="40,100,66,130,76,105,65,6,93,37,8,80,68" hai2="71,10,70,19,73,108,29,69,126,27,119,53,54" hai3="2,94,63,57,95,112,49,60,30,33,113,84,124"/><W16/><G2/><T36/><D36/><U82/><E93/><V123/><F119/><W101/><G30/><T111/><D111/><U47/><E82/><V132/><F108/><W48/><G33/><T3/><D135/><U134/><E134/><V74/><F132/><W122/><G122/><T61/><D127/><U23/><E23/><V7/><F19/><W79/><G124/><T58/><D3/><N who="1" m="95" /><E130/><V64/><F64/><W131/><G131/><T11/><D51/><U55/><E55/><V125/><F123/><W120/><G120/><T20/><D34/><U121/><E121/><V99/><F99/><W39/><G39/><T91/><D75/><N who="1" m="43039" /><E68/><V92/><F92/><W5/><G5/><T24/><D83/><U97/><AGARI ba="0,0" hai="37,40,47,65,66,97,100,105" m="43039,95" machi="97" ten="30,2000,0" yaku="25,1,52,1" doraHai="72" who="1" fromWho="1" sc="298,-5,296,20,287,-5,119,-10" /><INIT seed="4,0,0,4,3,130" ten="293,316,282,109" oya="0" hai0="64,128,61,120,0,9,112,32,51,86,110,89,126" hai1="99,47,71,54,72,57,46,2,116,60,119,52,44" hai2="82,16,67,63,101,105,40,14,117,122,23,111,80" hai3="102,55,115,96,56,43,129,58,87,6,20,74,21"/><T85/><D120/><U34/><E34/><V33/><F122/><W26/><G74/><T48/><D128/><U25/><E72/><V88/><F111/><W83/><G129/><T108/><D112/><U100/><E2/><V109/><F109/><N who="0" m="42090" /><D126/><U39/><E25/><V17/><F33/><W18/><G115/><T103/><D32/><U92/><E71/><V29/><F29/><W125/><G125/><T127/><D103/><U95/><E39/><V97/><F117/><W35/><G35/><T24/><D24/><U124/><E124/><V131/><F131/><W19/><G6/><N who="0" m="1223" /><D127/><U91/><REACH who="1" step="1"/><E54/><REACH who="1" ten="293,306,282,109" step="2"/><V4/><F40/><W8/><G43/><T106/><D106/><U75/><E75/><V94/><F4/><W30/><G55/><T69/><D86/><AGARI ba="0,1" hai="44,46,47,52,57,60,86,91,92,95,99,100,116,119" machi="86" ten="40,2600,0" yaku="1,1,54,1,53,0" doraHai="130" doraHaiUra="70" who="1" fromWho="0" sc="293,-26,306,36,282,0,109,0" /><INIT seed="5,0,0,5,2,42" ten="267,342,282,109" oya="1" hai0="37,47,48,97,93,129,34,21,5,23,95,133,120" hai1="30,49,132,52,82,31,43,80,54,113,32,6,50" hai2="26,25,36,14,16,70,112,17,44,68,86,117,76" hai3="92,40,100,61,64,9,108,7,39,106,45,77,135"/><U123/><E123/><V78/><F117/><W62/><G108/><T53/><D129/><U60/><E113/><V1/><F1/><W116/><G135/><T74/><D120/><U91/><E132/><V66/><F112/><W118/><G77/><T109/><D109/><U130/><E130/><V101/><F101/><W0/><G92/><T107/><D133/><U83/><E6/><V105/><F105/><W57/><G62/><T19/><D34/><U29/><E32/><V111/><F111/><W59/><G57/><T128/><D128/><U79/><E79/><V90/><F36/><W131/><G131/><T121/><D121/><U119/><E119/><V2/><F2/><W72/><REACH who="3" step="1"/><G72/><REACH who="3" ten="267,342,282,99" step="2"/><T114/><D74/><U51/><E60/><V65/><F78/><W134/><G134/><T58/><D95/><U67/><E67/><V13/><F76/><W103/><G103/><T96/><D93/><U8/><E91/><V46/><F90/><W104/><G104/><T28/><D107/><U35/><E35/><V10/><F86/><W89/><G89/><T125/><D114/><U81/><E81/><V71/><F68/><W88/><G88/><T18/><D97/><AGARI ba="0,1" hai="0,7,9,39,40,45,59,61,64,97,100,106,116,118" machi="97" ten="40,5200,0" yaku="1,1,52,1,53,1" doraHai="42" doraHaiUra="102" who="3" fromWho="0" sc="267,-52,342,0,282,0,99,62" /><INIT seed="6,0,0,0,3,79" ten="215,342,282,161" oya="2" hai0="131,43,4,74,132,81,12,35,69,112,128,118,91" hai1="108,116,95,58,101,63,72,13,106,39,27,61,62" hai2="102,125,99,120,121,64,135,55,34,113,93,7,10" hai3="9,76,80,18,40,45,25,36,30,109,103,41,49"/><V78/><F34/><W84/><G109/><T104/><D112/><U8/><E108/><V97/><F113/><W56/><G103/><T90/><D118/><U117/><E106/><V77/><F135/><W124/><G124/><T15/><D132/><U126/><E39/><V46/><F125/><W123/><G123/><T129/><D104/><U130/><E126/><V122/><F64/><W3/><G56/><T50/><D35/><U38/><E38/><V57/><F99/><W59/><G59/><T96/><D69/><U110/><E110/><V6/><F46/><W105/><G105/><T42/><D96/><U68/><E68/><V51/><REACH who="2" step="1"/><F6/><REACH who="2" ten="215,342,272,161" step="2"/><W111/><G111/><T1/><D4/><U16/><E117/><V52/><F52/><W92/><G40/><T85/><D43/><U60/><E116/><V48/><F48/><W0/><G36/><T22/><D50/><U2/><E62/><V20/><F20/><W28/><G49/><T127/><D22/><U31/><E61/><V33/><F33/><W75/><G45/><T89/><D42/><U21/><E63/><V66/><F66/><W71/><G41/><T44/><D44/><U70/><E70/><V23/><F23/><W54/><G54/><T5/><D127/><U67/><E67/><V134/><F134/><W65/><G65/><T115/><D115/><U26/><E60/><V32/><F32/><W119/><G71/><T73/><D5/><U100/><E21/><V114/><F114/><W47/><G119/><T19/><D131/><U88/><E130/><V98/><F98/><W87/><G47/><RYUUKYOKU ba="0,1" sc="215,-10,342,-10,272,30,161,-10" hai2="7,10,51,55,57,77,78,93,97,102,120,121,122" /><INIT seed="6,1,1,2,2,73" ten="205,332,302,151" oya="2" hai0="132,61,124,109,127,90,96,128,126,62,33,55,88" hai1="82,13,78,48,118,112,93,0,68,11,113,2,135" hai2="91,38,133,60,53,47,16,10,51,81,102,19,69" hai3="66,26,50,72,17,30,64,46,42,28,29,103,4"/><V99/><F133/><W115/><G72/><T39/><D33/><U43/><E118/><V110/><F110/><W134/><G134/><T6/><D132/><U40/><E68/><V98/><F38/><W63/><G115/><N who="1" m="44106" /><E135/><V32/><F32/><W119/><G119/><T54/><D109/><U77/><E93/><V18/><F10/><W105/><G4/><T116/><D116/><U7/><E48/><V76/><F91/><N who="0" m="34858" /><D39/><U44/><E44/><V31/><F31/><W41/><G41/><N who="1" m="15946" /><E82/><V9/><F9/><W65/><G105/><T86/><D86/><U56/><E56/><V57/><F69/><W3/><G3/><AGARI ba="1,1" hai="0,2,3,7,11,13,77,78" m="15946,44106" machi="3" ten="30,3900,0" yaku="15,1,52,2" doraHai="73" who="1" fromWho="3" sc="205,0,332,52,302,0,151,-42" /><INIT seed="7,0,0,3,5,26" ten="205,384,302,109" oya="3" hai0="103,19,56,27,94,115,75,14,38,2,96,25,71" hai1="16,129,43,9,92,74,51,41,76,122,54,119,11" hai2="101,58,130,104,0,31,112,68,23,66,67,10,28" hai3="107,62,52,8,20,18,42,6,91,47,100,55,81"/><W44/><G107/><T59/><D71/><U106/><E106/><V64/><F112/><W12/><G100/><T105/><D115/><U77/><E129/><V63/><F130/><W36/><G62/><T32/><D2/><U118/><E122/><V15/><F0/><W98/><G44/><T114/><D114/><U65/><E65/><V133/><F133/><W79/><G91/><T49/><D38/><U128/><E128/><V113/><F113/><W24/><REACH who="3" step="1"/><G98/><REACH who="3" ten="205,384,302,99" step="2"/><T5/><D105/><U102/><E102/><V120/><F101/><W126/><G126/><T72/><D103/><U1/><E119/><V78/><F104/><W83/><G83/><T4/><D96/><U50/><E118/><V39/><F63/><W22/><G22/><T53/><D56/><U135/><E135/><V123/><F58/><W88/><G88/><T34/><D94/><U70/><E92/><V17/><F68/><W60/><G60/><T125/><D125/><U132/><E70/><V87/><F39/><W73/><AGARI ba="0,1" hai="6,8,12,18,20,24,36,42,47,52,55,73,79,81" machi="73" ten="20,7800,0" yaku="1,1,0,1,7,1,54,1,53,0" doraHai="26" doraHaiUra="82" who="3" fromWho="3" sc="205,-26,384,-26,302,-26,99,88" /><INIT seed="7,1,0,3,0,33" ten="179,358,276,187" oya="3" hai0="6,134,116,49,53,69,71,37,105,112,31,118,121" hai1="77,122,39,84,130,95,26,55,34,27,85,119,114" hai2="99,111,46,135,5,109,97,24,123,128,28,35,50" hai3="40,48,32,81,73,106,102,83,89,67,70,19,60"/><W108/><G32/><T15/><D105/><U79/><E122/><V74/><F74/><W59/><G73/><T62/><D31/><U88/><E114/><V101/><F123/><W126/><G126/><T11/><D121/><U80/><E39/><V57/><F135/><W23/><G108/><T12/><D134/><U76/><E130/><V86/><F128/><W14/><G89/><T17/><D37/><U7/><E119/><V65/><F5/><W129/><G129/><T78/><D112/><U44/><E7/><V21/><F86/><W64/><G64/><T3/><D78/><N who="1" m="46103" /><E34/><V103/><F35/><W51/><G70/><T92/><D92/><U131/><E131/><V113/><F113/><W47/><REACH who="3" step="1"/><G48/><AGARI ba="1,0" hai="26,27,44,48,55,76,77,79,85,88,95" m="46103" machi="48" ten="30,2000,0" yaku="8,1,54,1" doraHai="33" who="1" fromWho="3" sc="179,0,358,23,276,0,187,-23" owari="179,-22.0,381,48.0,276,8.0,164,-34.0" /></mjloggm>