<mjloggm ver="2.3"><GO type="225" lobby="0"/><UN n0="%E3%83%AD%E3%83%9C%E3%82%B3%E3%83%97" n1="%E9%95%B7%E5%B3%B6%E3%83%B3%E3%82%AC%E3%83%B3" n2="%E3%81%95%E3%81%8D%E3%81%9F%E3%81%BE%E6%9E%97%E6%AA%8E" n3="%E8%A8%88%E7%AE%97%E6%A9%9F%E8%87%AA%E7%84%B6" dan="16,17,16,17" rate="2105.30,2151.05,2132.60,2248.87" sx="M,M,M,M"/><TAIKYOKU oya="0"/><INIT seed="0,0,0,0,0,9" ten="250,250,250,250" oya="0" hai0="50,62,97,135,76,61,82,83,101,1,123,46,45" hai1="70,114,74,66,55,34,43,112,132,89,125,91,110" hai2="56,0,78,7,40,29,26,134,42,124,103,113,14" hai3="5,68,33,73,30,88,102,54,49,18,21,22,38"/><T39/><D123/><U44/><E74/><V64/><F113/><N who="1" m="43625" /><E34/><V57/><F0/><W117/><G117/><T81/><D1/><U65/><E110/><V72/><F72/><W53/><G38/><T3/><D3/><U118/><E118/><V126/><F78/><W80/><G68/><T10/><D135/><U85/><E132/><V86/><F86/><N who="3" m="50247" /><G33/><T107/><D10/><U2/><E2/><V67/><F103/><W17/><G73/><T69/><D76/><U51/><E125/><V121/><F121/><W119/><G119/><T59/><D69/><U36/><E70/><V11/><F134/><W31/><G102/><T105/><D105/><U109/><E109/><V120/><F120/><W130/><G5/><T96/><D96/><U60/><E60/><N who="2" m="37895" /><F126/><W4/><G4/><T52/><REACH who="0" step="1"/><D46/><REACH who="0" ten="240,250,250,250" step="2"/><N who="1" m="23911" /><E89/><V35/><F124/><W48/><G130/><T25/><D25/><U122/><E122/><V28/><F26/><N who="3" m="14639" /><G48/><T129/><D129/><U104/><E104/><V79/><F79/><W32/><G32/><T131/><D131/><U20/><E20/><V84/><F35/><W108/><G108/><T77/><D77/><U13/><E91/><V75/><F75/><W19/><G49/><T47/><D47/><U128/><E128/><V106/><F106/><W6/><G6/><T116/><D116/><U71/><E71/><V27/><F27/><N who="3" m="14807" /><G19/><T23/><D23/><U92/><E44/><V133/><F133/><W15/><G15/><T41/><AGARI ba="0,1" hai="39,41,45,50,52,59,61,62,81,82,83,97,101,107" machi="41" ten="30,11700,0" yaku="1,1,0,1,54,1,53,1" doraHai="9" doraHaiUra="99" who="0" fromWho="0" sc="240,127,250,-39,250,-39,250,-39" /><INIT seed="0,1,0,2,5,48" ten="367,211,211,211" oya="0" hai0="0,109,43,127,122,31,87,60,54,117,82,83,4" hai1="123,55,115,17,107,76,44,106,130,132,104,73,6" hai2="112,84,61,11,63,2,18,91,37,89,114,1,32" hai3="93,102,129,69,133,9,57,22,47,24,77,52,53"/><T86/><D117/><U14/><E123/><V34/><F84/><W71/><G77/><T74/><D122/><U88/><E130/><V135/><F18/><W85/><G129/><T41/><D74/><U62/><E132/><V80/><F80/><W110/><G110/><T134/><D109/><U98/><E6/><V79/><F37/><W26/><G133/><T38/><D134/><U70/><E115/><V99/><F135/><W7/><G71/><T42/><D38/><U66/><E76/><V124/><F99/><N who="3" m="59759" /><G69/><T21/><D4/><U23/><E73/><V13/><F79/><W46/><G85/><N who="0" m="32267" /><D0/><U59/><E44/><N who="3" m="16938" /><G57/><N who="0" m="34871" /><D127/><U28/><E28/><V125/><F11/><W113/><G113/><T78/><D78/><U116/><E116/><V65/><F65/><W51/><G51/><T108/><D108/><U56/><REACH who="1" step="1"/><E55/><REACH who="1" ten="367,201,211,211" step="2"/><N who="3" m="21066" /><G22/><T90/><D90/><U36/><E36/><V25/><F91/><W39/><G39/><T92/><D92/><AGARI ba="1,1" hai="14,17,23,56,59,62,66,70,88,92,98,104,106,107" machi="92" ten="40,2600,0" yaku="1,1,54,1,53,0" doraHai="48" doraHaiUra="49" who="1" fromWho="0" sc="367,-29,201,39,211,0,211,0" /><INIT seed="1,0,0,4,0,125" ten="338,240,211,211" oya="1" hai0="75,107,128,76,59,105,25,132,29,68,134,101,58" hai1="51,73,63,115,83,109,60,61,9,108,118,46,10" hai2="80,129,23,27,40,72,0,5,35,6,39,21,127" hai3="38,48,41,62,119,86,130,93,66,65,131,117,84"/><U121/><E118/><N who="3" m="45066" /><G38/><T45/><D68/><U32/><E32/><V74/><F127/><W110/><G110/><N who="1" m="42602" /><E121/><V49/><F49/><W14/><G14/><T90/><D45/><U43/><E115/><V120/><F120/><W34/><G34/><T123/><D123/><U106/><E106/><V22/><F129/><N who="3" m="49163" /><G93/><T133/><D128/><U113/><E113/><V81/><F35/><W7/><G7/><T56/><D101/><U97/><E97/><V55/><F0/><W79/><G79/><AGARI ba="0,0" hai="9,10,43,46,51,60,61,63,73,79,83" m="42602" machi="79" ten="30,2900,0" yaku="14,1,10,1" doraHai="125" who="1" fromWho="3" sc="338,0,240,29,211,0,211,-29" /><INIT seed="1,1,0,5,2,22" ten="338,269,211,182" oya="1" hai0="128,58,49,17,34,46,96,85,4,78,71,43,28" hai1="126,60,41,90,135,89,99,66,54,15,131,12,56" hai2="59,55,92,107,97,18,50,62,108,103,33,88,52" hai3="48,70,20,125,105,91,21,77,118,104,95,93,9"/><U81/><E131/><V123/><F108/><W53/><G70/><T29/><D71/><U1/><E1/><V2/><F123/><W61/><G125/><T6/><D128/><U129/><E129/><V115/><F115/><W73/><G118/><T42/><D42/><U86/><E126/><V67/><F33/><W114/><G114/><T63/><D96/><U76/><E135/><V45/><F2/><W113/><G113/><T37/><D37/><U44/><E66/><V36/><F36/><W25/><G61/><T80/><D17/><U98/><E99/><V120/><F120/><W110/><G110/><T30/><D34/><U122/><E122/><V75/><F75/><W111/><G111/><T79/><D79/><U27/><E27/><V102/><F107/><W35/><G35/><T82/><D82/><U7/><E98/><V133/><F133/><W134/><G134/><T38/><D38/><U87/><E7/><V109/><F109/><W84/><G9/><T8/><D8/><U5/><E5/><V64/><F18/><W40/><G40/><T23/><D23/><U16/><E86/><V100/><AGARI ba="1,0" hai="45,50,52,55,59,62,64,67,88,92,97,100,102,103" machi="100" ten="30,7900,0" yaku="0,1,8,1,54,2" doraHai="22" who="2" fromWho="2" sc="338,-21,269,-40,211,82,182,-21" /><INIT seed="2,0,0,4,5,107" ten="317,229,293,161" oya="2" hai0="82,49,69,25,132,116,64,122,45,52,44,109,13" hai1="29,15,95,37,133,34,118,121,58,18,129,103,101" hai2="76,66,119,43,20,0,120,57,127,16,125,3,98" hai3="24,41,27,12,35,54,6,73,50,51,65,97,128"/><V87/><F120/><W114/><G128/><T75/><D122/><U22/><E118/><V77/><F119/><W68/><G114/><T90/><D116/><U60/><E37/><V62/><F98/><W99/><G41/><T111/><D132/><U106/><E106/><V23/><F23/><W1/><G1/><T93/><D25/><U105/><E105/><V39/><F39/><W9/><G68/><T31/><D31/><U11/><E121/><V134/><F43/><W104/><G65/><T14/><D45/><U130/><E34/><V100/><F100/><W94/><G104/><T115/><D115/><U74/><E133/><V110/><F110/><N who="0" m="41994" /><D64/><N who="1" m="38935" /><E74/><V124/><F134/><W83/><G50/><T71/><D71/><U47/><E47/><V46/><F46/><W7/><G7/><T112/><D69/><U126/><E126/><V17/><F17/><W55/><G99/><N who="0" m="57783" /><D112/><U96/><E103/><V19/><F87/><W5/><G5/><T10/><D10/><U92/><E92/><V53/><F66/><W89/><G35/><T30/><D30/><U56/><E56/><V123/><F123/><W59/><REACH who="3" step="1"/><G54/><REACH who="3" ten="317,229,293,151" step="2"/><T135/><D135/><U70/><E70/><V84/><F0/><W102/><G102/><T131/><D131/><U8/><E129/><V36/><F3/><W117/><G117/><T108/><D108/><U85/><E130/><V63/><F127/><W79/><AGARI ba="0,1" hai="6,9,12,24,27,51,55,59,73,79,83,89,94,97" machi="79" ten="30,4000,0" yaku="1,1,0,1,52,1,53,0" doraHai="107" doraHaiUra="40" who="3" fromWho="3" sc="317,-10,229,-10,293,-20,151,50" /><INIT seed="3,0,0,1,4,86" ten="307,219,273,201" oya="3" hai0="8,90,125,43,113,123,74,128,97,67,68,60,129" hai1="81,51,23,7,10,64,118,106,89,101,104,110,91" hai2="26,72,25,39,48,105,120,130,2,69,33,93,21" hai3="56,55,19,92,77,115,107,15,119,79,87,18,109"/><W84/><G119/><T16/><D123/><U94/><E118/><V46/><F105/><W63/><G115/><T29/><D113/><U58/><E110/><V82/><F69/><W121/><G121/><T103/><D74/><U14/><E104/><V76/><F130/><N who="0" m="50282" /><D125/><U37/><E37/><V100/><F120/><W17/><G107/><N who="0" m="63983" /><D43/><U134/><E134/><V99/><F39/><W83/><G109/><T78/><D78/><U13/><E106/><V71/><F71/><W102/><G79/><T65/><D29/><U35/><E35/><V3/><F33/><W53/><G53/><T40/><D40/><U66/><E81/><V62/><F62/><W45/><G45/><T4/><D16/><N who="1" m="10647" /><E51/><V98/><F98/><N who="3" m="59719" /><G87/><T122/><D122/><U73/><E73/><V132/><F132/><W52/><G55/><T57/><D90/><N who="1" m="34315" /><E58/><V6/><F72/><W95/><G95/><T34/><D34/><U41/><E41/><V116/><F93/><W9/><AGARI ba="0,0" hai="9,15,17,18,19,52,56,63,77,83,84" m="59719" machi="9" ten="30,3000,0" yaku="8,1,54,1" doraHai="86" who="3" fromWho="3" sc="307,-10,219,-10,273,-10,201,30" /><INIT seed="3,1,0,2,1,16" ten="297,209,263,231" oya="3" hai0="23,51,34,85,127,20,66,74,106,88,11,103,62" hai1="126,123,114,21,132,1,121,120,107,41,115,33,76" hai2="5,91,119,77,15,134,97,117,53,30,24,83,101" hai3="10,22,95,6,118,84,50,60,17,36,130,3,102"/><W52/><G118/><T7/><D74/><U40/><E33/><V35/><F134/><W94/><G36/><T90/><D34/><U46/><E107/><V14/><F91/><W28/><G130/><T43/><D127/><U12/><E1/><V108/><F108/><W2/><G2/><T87/><D106/><U105/><E105/><V71/><F71/><W65/><G28/><T98/><D43/><N who="1" m="16459" /><E12/><V116/><F5/><W124/><G124/><T111/><D51/><U39/><E126/><V29/><F29/><W113/><G113/><N who="1" m="43018" /><E76/><V92/><REACH who="2" step="1"/><F53/><REACH who="2" ten="297,209,253,231" step="2"/><W56/><G102/><T4/><D111/><U38/><E132/><V86/><AGARI ba="1,1" hai="14,15,24,30,35,77,83,86,92,97,101,116,117,119" machi="86" ten="30,4000,0" yaku="1,1,2,1,0,1,53,0" doraHai="16" doraHaiUra="122" who="2" fromWho="2" sc="297,-11,209,-11,253,53,231,-21" owari="286,9.0,198,-30.0,306,40.0,210,-19.0" /></mjloggm>