<mjloggm ver="2.3"><GO type="169" lobby="0"/><UN n0="%73%65%61%73%74%6F%72%79" n1="%E5%B0%8F%E6%89%8B%E8%BF%94%E6%92%B2%E6%BB%85%E4%BC%9A%E9%95%B7" n2="%E6%9C%A8%E5%8E%9F%E8%B1%AA%E4%B8%80" n3="%E8%8D%92%E5%B7%9D%E5%95%93%E5%90%BE" dan="16,17,17,18" rate="2100.13,2160.41,2202.87,2286.69" sx="M,F,M,M"/><TAIKYOKU oya="0"/><INIT seed="0,0,0,5,0,51" ten="250,250,250,250" oya="0" hai0="129,73,80,96,69,50,109,59,63,15,19,42,68" hai1="67,5,26,10,75,74,53,119,106,12,62,55,2" hai2="77,52,6,64,16,71,33,105,24,23,132,83,65" hai3="111,82,121,85,133,118,28,124,97,107,60,104,98"/><T61/><D129/><U84/><E119/><V91/><F105/><W54/><G118/><T40/><D109/><U21/><E106/><V56/><F71/><W117/><G117/><T45/><D42/><U101/><E101/><V27/><F132/><W22/><G111/><T57/><D96/><U66/><E2/><V87/><F6/><W120/><G22/><T58/><D73/><U0/><E0/><V20/><F33/><W18/><G18/><T32/><D32/><U134/><E134/><V86/><F86/><W9/><G9/><T48/><D80/><U122/><E122/><N who="3" m="47210" /><G28/><T79/><D79/><U37/><E37/><V90/><F90/><N who="3" m="51511" /><G133/><T103/><D103/><U14/><E14/><V43/><F43/><W31/><G31/><T44/><D15/><U123/><E123/><V81/><F81/><W30/><G30/><T41/><D19/><U108/><E108/><V47/><F47/><W78/><G78/><T125/><D125/><U8/><E8/><V135/><F77/><W116/><G116/><T127/><D127/><U3/><E3/><V34/><F34/><W38/><G38/><T13/><D13/><U102/><E84/><V70/><F135/><W7/><G7/><T112/><D112/><U126/><E126/><V113/><F113/><W46/><G124/><T95/><D95/><U100/><E74/><V49/><F70/><AGARI ba="0,0" hai="40,41,44,45,48,50,57,58,59,61,63,68,69,70" machi="70" ten="40,18000,2" yaku="9,1,35,6" doraHai="51" who="0" fromWho="2" sc="250,180,250,0,250,-180,250,0" /><INIT seed="0,1,0,2,0,23" ten="430,250,70,250" oya="0" hai0="118,99,77,34,74,49,80,64,101,61,57,71,56" hai1="55,31,47,33,36,75,70,78,82,91,98,37,83" hai2="39,68,14,102,108,51,0,87,2,113,48,124,117" hai3="41,25,104,110,44,12,96,63,95,3,134,30,86"/><T43/><D118/><U1/><E70/><V73/><F87/><W65/><G3/><T52/><D34/><U100/><E1/><V54/><F102/><W128/><G110/><T109/><D43/><U9/><E9/><V89/><F89/><W35/><G128/><T53/><D109/><U121/><E121/><V50/><F54/><W15/><G86/><T126/><D126/><U72/><E91/><V46/><F14/><W28/><G28/><T88/><D88/><U76/><E55/><V18/><F18/><W107/><G134/><T90/><D90/><U59/><E59/><V85/><F85/><W17/><G95/><T105/><D53/><U10/><E10/><V11/><F39/><W122/><G122/><T79/><D77/><U22/><E22/><V135/><F11/><W24/><G96/><T129/><REACH who="0" step="1"/><D129/><REACH who="0" ten="420,250,70,250" step="2"/><U116/><E116/><V27/><F117/><W112/><G41/><T8/><D8/><U20/><E20/><V92/><F2/><W81/><G35/><T132/><D132/><U62/><E33/><V16/><F108/><W5/><G65/><T29/><D29/><U94/><E31/><V38/><F124/><W125/><G30/><T4/><D4/><U58/><E76/><V40/><F135/><W123/><G5/><T97/><D97/><U114/><E78/><V115/><F0/><W6/><G125/><T131/><D131/><U60/><E98/><V111/><F111/><W21/><G123/><T19/><D19/><U93/><E100/><V119/><F119/><W13/><G6/><T42/><D42/><U130/><E130/><RYUUKYOKU ba="1,1" sc="420,30,250,-10,70,-10,250,-10" hai0="49,52,56,57,61,64,71,74,79,80,99,101,105" /><INIT seed="0,2,1,5,2,24" ten="450,240,60,240" oya="0" hai0="58,62,69,75,49,79,109,7,84,29,131,74,106" hai1="123,85,55,4,56,120,130,116,128,44,72,51,112" hai2="117,34,118,64,73,17,95,13,22,87,103,83,50" hai3="92,42,36,52,46,37,121,114,61,125,10,9,108"/><T43/><D106/><U5/><E72/><V110/><F110/><W8/><G114/><T38/><D109/><U47/><E116/><V48/><F73/><W119/><G108/><T101/><D101/><U102/><E102/><V30/><F64/><W86/><G119/><N who="2" m="45577" /><F103/><W107/><G107/><T19/><D7/><U20/><E112/><V16/><F95/><W88/><G125/><T96/><D96/><U11/><E85/><V25/><F17/><W65/><G121/><T77/><D19/><U90/><E90/><AGARI ba="2,1" hai="13,16,22,25,30,34,48,50,83,87,90" m="45577" machi="90" ten="30,3900,0" yaku="12,1,52,1,54,1" doraHai="24" who="2" fromWho="1" sc="450,0,240,-45,60,55,240,0" /><INIT seed="1,0,0,4,3,109" ten="450,195,115,240" oya="1" hai0="110,17,26,68,117,67,7,12,32,131,8,4,3" hai1="71,58,97,128,49,130,111,13,100,132,38,34,56" hai2="126,19,129,57,112,102,87,42,1,0,24,75,84" hai3="43,73,41,123,82,28,119,16,20,74,79,85,66"/><U29/><E38/><V61/><F75/><W31/><G123/><T21/><D68/><U88/><E71/><V101/><F129/><N who="1" m="49769" /><E132/><V118/><F118/><W47/><G119/><T25/><D131/><U62/><E111/><V36/><F126/><W90/><G66/><T86/><D67/><U37/><E37/><V48/><F36/><W81/><G73/><T120/><D86/><U133/><E133/><V95/><F1/><W104/><G104/><T92/><D92/><N who="1" m="56455" /><E100/><V39/><F0/><W83/><G83/><T80/><D80/><U121/><E62/><V18/><F39/><W91/><G91/><T64/><D64/><U23/><E34/><V72/><F72/><W55/><G55/><T51/><D51/><U46/><E121/><V10/><F48/><W65/><G65/><T14/><D110/><U69/><E69/><V108/><F42/><W35/><G35/><T63/><D63/><U125/><E125/><V99/><F101/><W50/><REACH who="3" step="1"/><G43/><REACH who="3" ten="450,195,115,230" step="2"/><T107/><D120/><U15/><E56/><V115/><F108/><W59/><G59/><T27/><D117/><U134/><E58/><V9/><F57/><W6/><G6/><T106/><D7/><U89/><E89/><V94/><F61/><W54/><G54/><T103/><D103/><U53/><E134/><V124/><F102/><W2/><G2/><T113/><D107/><U135/><E135/><V40/><F40/><W98/><G98/><T76/><D106/><U114/><E53/><V93/><F99/><W30/><G30/><N who="0" m="19551" /><D76/><U44/><E29/><V52/><F52/><W33/><G33/><RYUUKYOKU ba="0,1" sc="450,-10,195,-10,115,-10,230,30" hai3="16,20,28,31,41,47,50,74,79,81,82,85,90" /><INIT seed="2,1,1,1,3,131" ten="440,185,105,260" oya="2" hai0="127,47,116,38,124,120,63,90,60,113,94,73,128" hai1="59,68,37,29,53,30,82,49,96,10,76,101,42" hai2="56,83,45,27,87,106,24,102,58,84,18,44,79" hai3="33,40,118,104,72,36,50,39,55,19,135,103,70"/><V6/><F106/><W114/><G33/><T74/><D128/><U7/><E68/><V12/><F102/><W122/><G72/><T98/><D120/><U66/><E66/><V67/><F6/><W26/><G118/><T99/><D116/><U21/><E21/><V126/><F126/><N who="0" m="48170" /><D113/><U3/><E37/><V20/><F87/><W13/><G70/><T85/><D38/><U35/><E42/><V25/><REACH who="2" step="1"/><F58/><REACH who="2" ten="440,185,95,260" step="2"/><W15/><G103/><T62/><D47/><U129/><E129/><V108/><F108/><W8/><G104/><T92/><D74/><U48/><E101/><V81/><F81/><W71/><G71/><T0/><D73/><U115/><E96/><V88/><F88/><W112/><G112/><T41/><D99/><U86/><E115/><V109/><F109/><W89/><G114/><T69/><D69/><U65/><E86/><V107/><F107/><W123/><G123/><T46/><D0/><U17/><E82/><V1/><F1/><W134/><G122/><T28/><D98/><U75/><E75/><V93/><F93/><W14/><G89/><T80/><D94/><U132/><E3/><V77/><F77/><W97/><G97/><T51/><D92/><U117/><E76/><V57/><F57/><W4/><G4/><T133/><D80/><U111/><E59/><V9/><F9/><W64/><G8/><T34/><D85/><U43/><E10/><V52/><F52/><W23/><G64/><T130/><D90/><U95/><E65/><V100/><F100/><W5/><G5/><T32/><D130/><U11/><E111/><RYUUKYOKU ba="1,2" sc="440,-10,185,-10,95,30,260,-10" hai2="12,18,20,24,25,27,44,45,56,67,79,83,84" /><INIT seed="2,2,2,3,2,120" ten="430,175,125,250" oya="2" hai0="15,92,109,17,81,5,77,58,123,60,89,21,82" hai1="97,128,84,130,29,127,86,35,134,12,56,34,22" hai2="87,129,93,106,69,39,98,103,59,42,52,88,80" hai3="74,113,75,73,71,67,23,3,131,135,11,14,51"/><V43/><F69/><W112/><G3/><T91/><D123/><U27/><E134/><V119/><F119/><W33/><G33/><T19/><D5/><U48/><E127/><V61/><F39/><W76/><G135/><T25/><D109/><U2/><E2/><V111/><F129/><N who="1" m="49769" /><E97/><V41/><REACH who="2" step="1"/><F111/><REACH who="2" ten="430,175,115,250" step="2"/><W110/><G110/><T63/><D77/><U45/><E56/><V96/><F96/><W85/><G71/><T99/><D91/><U50/><E50/><V78/><F78/><W28/><G51/><T65/><D63/><U9/><E48/><V49/><F49/><W100/><G76/><T16/><REACH who="0" step="1"/><D15/><REACH who="0" ten="420,175,115,250" step="2"/><U72/><E45/><V83/><AGARI ba="2,4" hai="41,42,43,52,59,61,80,83,87,88,93,98,103,106" machi="83" ten="30,12000,1" yaku="1,1,0,1,54,2,53,1" doraHai="120" doraHaiUra="90" who="2" fromWho="2" sc="420,-42,175,-42,115,166,250,-42" /><INIT seed="2,3,0,0,1,68" ten="378,133,281,208" oya="2" hai0="101,25,31,126,98,78,19,1,83,90,33,80,127" hai1="70,9,93,58,44,63,129,79,11,4,82,66,96" hai2="94,102,116,71,69,86,130,28,135,36,21,56,81" hai3="91,26,23,20,73,115,120,35,99,7,38,117,114"/><V40/><F116/><W109/><G73/><T92/><D1/><U52/><E129/><V29/><F130/><W62/><G117/><T34/><D34/><U16/><E44/><V107/><F135/><W131/><G120/><T113/><D113/><U124/><E124/><N who="0" m="47657" /><D19/><U118/><E118/><V122/><F122/><W51/><G62/><T13/><D13/><U110/><E110/><V27/><F107/><W88/><G109/><T128/><D128/><U108/><E108/><V43/><F43/><W57/><G131/><T75/><D83/><U132/><E132/><V5/><F5/><W42/><G7/><T119/><D119/><U8/><E4/><V30/><F56/><W104/><G104/><T18/><D18/><U3/><E3/><V17/><F94/><N who="3" m="56775" /><G51/><T84/><D101/><U89/><E66/><V54/><F102/><W121/><G57/><T61/><D61/><U45/><E45/><V49/><F49/><W123/><G91/><T2/><D2/><U134/><E70/><V53/><F71/><W64/><G64/><T105/><D105/><U103/><E134/><V95/><F69/><W112/><G121/><T6/><D6/><U32/><E32/><V59/><F59/><W77/><G123/><T48/><D48/><U39/><E103/><V60/><F60/><W10/><G10/><T85/><AGARI ba="3,0" hai="25,31,33,75,78,80,84,85,90,92,98" m="47657" machi="85" ten="30,1100,0" yaku="18,1" doraHai="68" who="0" fromWho="0" sc="378,20,133,-6,281,-8,208,-6" /><INIT seed="3,0,0,5,1,31" ten="398,127,273,202" oya="3" hai0="94,77,44,2,3,54,51,133,129,130,37,82,19" hai1="108,112,63,46,64,104,11,91,9,123,38,43,23" hai2="79,106,35,95,48,125,101,83,72,26,84,113,131" hai3="56,24,67,16,105,99,20,119,47,120,22,114,132"/><W57/><G119/><T15/><D37/><U109/><E112/><V110/><F113/><W21/><G114/><T111/><D94/><U73/><E123/><V55/><F110/><N who="1" m="42601" /><E73/><V32/><F26/><W135/><G120/><T59/><D133/><N who="3" m="51273" /><G47/><T25/><D25/><U96/><E23/><N who="3" m="8778" /><G67/><T42/><D111/><U127/><E127/><V66/><F66/><W28/><G28/><T1/><D42/><U14/><E14/><V107/><F125/><W65/><G65/><T69/><D69/><N who="1" m="42143" /><E91/><N who="2" m="53735" /><F131/><N who="0" m="50186" /><D44/><U17/><E17/><V102/><F102/><AGARI ba="0,0" hai="16,22,24,56,57,99,102,105" m="8778,51273" machi="102" ten="30,2900,0" yaku="20,1,54,1" doraHai="31" who="3" fromWho="2" sc="398,0,127,0,273,-29,202,29" /><AGARI ba="0,0" hai="9,11,38,43,46,96,102,104" m="42143,42601" machi="102" ten="30,1000,0" yaku="14,1" doraHai="31" who="1" fromWho="2" sc="398,0,127,10,244,-10,231,0" /><INIT seed="3,1,0,4,4,9" ten="398,137,234,231" oya="3" hai0="21,134,72,14,33,104,7,106,96,113,119,131,38" hai1="13,107,40,60,29,105,101,135,6,117,58,51,74" hai2="86,46,10,97,73,128,133,35,71,1,15,2,90" hai3="19,28,67,39,109,55,49,57,127,59,88,125,110"/><W94/><G39/><T87/><D119/><U70/><E74/><V53/><F133/><W18/><G28/><T99/><D72/><U122/><E122/><V76/><F128/><W116/><G116/><T84/><D38/><U89/><E117/><V44/><F71/><W69/><G69/><T98/><D33/><U63/><E101/><V52/><F35/><W108/><G67/><T34/><D34/><U129/><E29/><V75/><F76/><W124/><REACH who="3" step="1"/><G59/><REACH who="3" ten="398,137,234,221" step="2"/><T50/><D134/><U45/><E135/><V114/><F114/><W17/><G17/><T22/><D113/><U42/><E70/><V123/><F123/><W66/><G66/><T36/><D36/><U12/><E129/><V41/><F44/><W43/><G43/><T23/><D131/><U103/><E42/><V56/><F46/><W8/><G8/><N who="0" m="4383" /><D106/><U82/><E107/><V77/><F41/><W4/><G4/><T68/><D104/><U24/><E105/><V130/><F130/><W102/><G102/><T91/><D68/><U32/><E103/><V111/><F10/><W20/><G20/><T92/><D50/><U126/><E6/><V25/><F53/><W64/><G64/><T85/><AGARI ba="1,1" hai="21,22,23,84,85,87,91,92,96,98,99" m="4383" machi="85" ten="40,2700,0" yaku="8,1,52,1" doraHai="9" who="0" fromWho="0" sc="398,40,137,-8,234,-8,221,-14" /><INIT seed="4,0,0,1,2,27" ten="438,129,226,207" oya="0" hai0="101,16,48,4,129,108,11,47,1,79,107,46,105" hai1="8,73,132,130,133,117,14,29,115,24,126,50,89" hai2="25,125,62,88,90,83,123,3,114,100,84,17,19" hai3="112,72,15,85,37,95,43,119,131,23,128,113,36"/><T71/><D129/><N who="3" m="49737" /><G72/><T93/><D71/><U116/><E73/><V109/><F123/><W104/><G104/><T75/><D108/><U42/><E130/><V9/><F109/><W33/><G33/><T60/><D60/><U86/><E126/><V64/><F125/><W51/><G85/><T67/><D67/><U111/><E111/><V38/><F38/><N who="3" m="14955" /><G95/><T56/><D79/><U97/><E97/><V40/><F100/><W10/><G23/><T82/><D82/><U74/><E74/><V6/><F40/><W20/><G20/><T65/><D75/><U69/><E69/><V0/><F0/><W106/><G106/><T92/><D46/><N who="1" m="25943" /><E115/><N who="3" m="44106" /><G15/><T59/><D107/><U13/><E116/><V34/><F114/><W26/><G26/><T80/><D105/><U18/><E117/><V121/><F121/><W61/><G10/><T66/><D101/><U5/><E14/><V30/><REACH who="2" step="1"/><F90/><REACH who="2" ten="438,129,216,207" step="2"/><W7/><G119/><T21/><D1/><U124/><E124/><V110/><F110/><W35/><G35/><T70/><D4/><U91/><E5/><V78/><F78/><W41/><G7/><T134/><D11/><U28/><E91/><V31/><F31/><W39/><G39/><T94/><D21/><N who="1" m="15375" /><E29/><V45/><F45/><N who="3" m="26031" /><G43/><T127/><D127/><U122/><E122/><V96/><F96/><W102/><G102/><T54/><D16/><U32/><E32/><V103/><F103/><W49/><G49/><T99/><D99/><U135/><E89/><V76/><F76/><W2/><G2/><T53/><D48/><U57/><E86/><V68/><AGARI ba="0,1" hai="3,6,9,17,19,25,30,34,62,64,68,83,84,88" machi="68" ten="20,12000,2" yaku="1,1,5,1,0,1,7,1,52,1,54,1,53,1" doraHai="27" doraHaiUra="58" who="2" fromWho="2" sc="438,-60,129,-30,216,130,207,-30" /><INIT seed="5,0,0,1,0,37" ten="378,99,346,177" oya="1" hai0="103,17,128,5,85,124,75,121,7,57,77,51,11" hai1="86,28,58,94,111,54,0,8,63,52,93,43,97" hai2="101,68,134,65,82,92,123,87,73,105,62,9,69" hai3="25,126,122,13,31,79,16,102,117,66,109,81,110"/><U108/><E28/><V47/><F123/><W61/><G122/><T6/><D121/><U127/><E127/><V89/><F134/><W39/><G39/><T131/><D75/><U32/><E32/><V44/><F69/><W78/><G102/><T10/><D124/><U19/><E54/><V83/><F83/><W96/><G96/><T116/><D103/><U84/><E43/><V56/><F68/><W95/><G95/><T1/><D116/><U33/><E33/><V3/><F3/><W35/><G126/><T88/><D77/><U49/><E49/><V118/><F118/><W129/><G117/><T114/><D114/><U27/><E0/><V113/><F9/><W100/><G100/><T106/><D106/><U41/><E41/><V34/><F34/><W50/><G50/><T48/><D17/><U67/><E67/><V107/><F107/><W36/><G36/><T99/><D99/><U120/><E120/><V40/><F40/><W4/><G4/><T21/><D21/><N who="1" m="13759" /><E94/><V115/><F105/><W29/><G29/><T38/><D38/><U26/><E26/><V70/><F70/><W22/><G129/><N who="0" m="49739" /><D57/><U59/><E59/><V60/><F60/><W46/><G46/><T112/><D112/><N who="2" m="43082" /><F73/><W64/><G64/><T71/><D71/><U42/><E42/><V2/><F2/><W14/><G14/><N who="0" m="5455" /><D7/><U72/><E72/><V80/><F80/><AGARI ba="0,0" hai="1,6,11,48,51,80,85,88" m="5455,49739" machi="80" ten="30,2000,0" yaku="19,1,54,1" doraHai="37" who="0" fromWho="2" sc="378,20,99,0,346,-20,177,0" /><INIT seed="6,0,0,5,2,71" ten="398,99,326,177" oya="2" hai0="20,15,8,54,113,27,86,75,34,53,84,41,107" hai1="65,40,52,55,111,74,97,105,78,56,110,37,120" hai2="87,62,23,6,25,38,126,102,21,1,93,123,35" hai3="132,63,50,10,59,61,108,64,76,73,89,128,131"/><V133/><F123/><W134/><G73/><T19/><D75/><U135/><E120/><V48/><F133/><N who="3" m="51307" /><G76/><T95/><D107/><U119/><E135/><V129/><F129/><N who="3" m="49739" /><G89/><T116/><D113/><U28/><E119/><V77/><F77/><W127/><G10/><T115/><D41/><U24/><E65/><V67/><F102/><W85/><G85/><T114/><D116/><U51/><E55/><V4/><F87/><W29/><G29/><T94/><D34/><U122/><E122/><V68/><F35/><W9/><G9/><T106/><D106/><U44/><E97/><V14/><F93/><N who="0" m="35338" /><D115/><U125/><E105/><V121/><F4/><W5/><G5/><N who="0" m="3471" /><D114/><U45/><E56/><V11/><F6/><W103/><G103/><T80/><D86/><U66/><E66/><V31/><F1/><W17/><G17/><T47/><D47/><U117/><E117/><V69/><F31/><W43/><G108/><T91/><AGARI ba="0,0" hai="19,20,27,53,54,80,84,91" m="3471,35338" machi="91" ten="30,1100,0" yaku="8,1" doraHai="71" who="0" fromWho="0" sc="398,11,99,-3,326,-5,177,-3" /><INIT seed="7,0,0,4,4,20" ten="409,96,321,174" oya="3" hai0="48,119,99,111,106,133,51,17,89,50,9,83,64" hai1="18,2,65,34,31,110,124,27,117,129,56,78,109" hai2="134,11,57,23,8,58,122,63,95,86,102,121,100" hai3="120,61,108,125,49,36,93,128,12,55,28,92,69"/><W113/><G120/><N who="2" m="46185" /><F134/><W73/><G73/><T75/><D119/><U107/><E117/><V6/><F23/><W46/><G113/><T24/><D111/><U105/><E124/><V26/><F26/><W16/><G125/><T91/><D133/><U88/><E129/><V127/><F127/><W13/><G128/><T77/><D64/><U85/><E78/><V41/><F41/><W45/><G108/><T82/><D82/><U3/><E18/><V112/><F58/><W29/><G12/><T38/><D38/><U14/><E14/><N who="2" m="5399" /><F11/><W52/><G69/><T98/><D106/><U96/><E110/><V0/><F0/><W30/><G36/><T97/><D9/><U4/><E109/><V94/><F86/><W81/><G81/><T22/><AGARI ba="0,0" hai="17,22,24,48,50,51,75,77,83,89,91,97,98,99" machi="22" ten="40,2700,0" yaku="0,1,52,1" doraHai="20" who="0" fromWho="0" sc="409,27,96,-7,321,-7,174,-13" owari="436,54.0,89,-41.0,314,11.0,161,-24.0" /></mjloggm>