<mjloggm ver="2.3"><GO type="169" lobby="0"/><UN n0="%4E%6F%6D%65%72%63%79" n1="%E3%82%BB%E3%83%B3%E3%83%88%E3%82%A2%E3%83%AA%E3%82%B7%E3%82%A2" n2="%E3%83%8B%E3%83%A3%E3%83%83%E3%83%94%E3%83%BC%E5%A4%8F%E7%9B%AE" n3="%E8%BF%B7%E6%8E%A2%E5%81%B5%E3%82%B3%E3%82%AB%E3%83%B3" dan="16,17,18,16" rate="2166.01,2075.26,2275.97,2138.09" sx="F,M,M,M"/><TAIKYOKU oya="0"/><INIT seed="0,0,0,4,0,84" ten="250,250,250,250" oya="0" hai0="76,43,103,122,66,51,21,44,37,78,85,127,65" hai1="81,104,50,98,134,129,53,28,29,48,5,83,99" hai2="119,110,54,27,115,106,130,1,41,80,102,31,93" hai3="124,9,108,117,39,71,55,73,67,45,56,23,58"/><T94/><D122/><U57/><E134/><V107/><F115/><W61/><G73/><T38/><D127/><U68/><E68/><V109/><F1/><W20/><G124/><T35/><D35/><U26/><E129/><V3/><F3/><W42/><G117/><T113/><D113/><U24/><E5/><V86/><F41/><W16/><G108/><N who="2" m="41577" /><F54/><W34/><G34/><T121/><D121/><U77/><E104/><V126/><F126/><W0/><G58/><T40/><D21/><U74/><E83/><V105/><F130/><W120/><G120/><T123/><D123/><U52/><E24/><V36/><F36/><W111/><G111/><T133/><D133/><U15/><E15/><V131/><F131/><W101/><G101/><T60/><D103/><U132/><E132/><V100/><F93/><W14/><REACH who="3" step="1"/><G0/><REACH who="3" ten="250,250,250,240" step="2"/><T33/><D33/><U118/><E118/><V128/><F119/><W69/><G69/><T87/><D44/><U10/><E74/><V18/><F128/><W22/><G22/><T92/><D60/><AGARI ba="0,1" hai="9,14,16,20,23,39,42,45,55,56,60,61,67,71" machi="60" ten="30,7700,0" yaku="1,1,7,1,54,1,53,1" doraHai="84" doraHaiUra="49" who="3" fromWho="0" sc="250,-77,250,0,250,0,240,87" /><INIT seed="1,0,0,3,2,130" ten="173,250,250,327" oya="1" hai0="85,34,50,28,22,13,88,39,128,132,32,21,5" hai1="74,58,27,123,18,133,6,17,68,1,64,118,104" hai2="119,63,121,36,10,90,19,127,16,77,126,96,131" hai3="11,49,29,78,61,37,103,125,48,99,94,46,105"/><U44/><E118/><V42/><F119/><W47/><G125/><N who="2" m="47625" /><F131/><W98/><G78/><T0/><D128/><U101/><E123/><V79/><F121/><W41/><G29/><T4/><D39/><U116/><E116/><V3/><F63/><W35/><G35/><T54/><D0/><U114/><E114/><V65/><F65/><W111/><G111/><T84/><D132/><U124/><E124/><V115/><F115/><W38/><G11/><T55/><D28/><U26/><E58/><V100/><F90/><W33/><G61/><T112/><D112/><U56/><E56/><V91/><F91/><W7/><G7/><T52/><D50/><U135/><E44/><N who="2" m="23623" /><F3/><W60/><G60/><T62/><D62/><N who="1" m="39959" /><E74/><V72/><F72/><W14/><G14/><T67/><D67/><U87/><E87/><V106/><F10/><W81/><G81/><T15/><D55/><U102/><E1/><V70/><F70/><W45/><G33/><T93/><REACH who="0" step="1"/><D88/><REACH who="0" ten="163,250,250,327" step="2"/><U31/><E31/><V57/><F57/><W30/><G30/><T59/><D59/><U89/><E89/><V82/><F82/><W129/><G129/><T97/><D97/><N who="1" m="61487" /><E102/><V86/><F77/><W108/><G46/><T134/><D134/><N who="1" m="51211" /><E6/><V80/><AGARI ba="0,1" hai="16,19,79,80,86,96,100,106" m="23623,47625" machi="80" ten="30,2000,0" yaku="18,1,54,1" doraHai="130" who="2" fromWho="2" sc="163,-5,250,-10,250,30,327,-5" /><INIT seed="2,0,0,4,5,96" ten="158,240,280,322" oya="2" hai0="115,119,3,62,67,105,23,92,80,133,38,108,49" hai1="39,114,14,91,60,117,35,51,106,54,103,121,0" hai2="116,41,28,52,88,100,43,47,68,55,129,15,79" hai3="65,109,40,98,112,27,122,118,127,20,70,6,13"/><V74/><F116/><W93/><G118/><T82/><D119/><U94/><E117/><RYUUKYOKU type="kaze4" ba="0,0" sc="158,0,240,0,280,0,322,0" /><INIT seed="2,1,0,1,1,40" ten="158,240,280,322" oya="2" hai0="56,94,84,42,21,133,48,49,28,105,55,60,96" hai1="102,38,8,58,120,52,31,74,72,116,27,68,33" hai2="63,110,76,92,75,9,14,11,95,10,59,131,119" hai3="30,104,70,81,121,26,5,126,23,91,34,89,2"/><V128/><F119/><W36/><G121/><T107/><D133/><U114/><E116/><V67/><F75/><W99/><G126/><T106/><D84/><U37/><E114/><V90/><F76/><W87/><G70/><T97/><D97/><U24/><E120/><V108/><F14/><W80/><G36/><T88/><REACH who="0" step="1"/><D42/><REACH who="0" ten="148,240,280,322" step="2"/><U17/><E74/><V118/><F118/><W127/><G99/><T134/><D134/><U111/><E72/><V54/><F67/><W35/><G87/><T41/><D41/><U78/><E78/><V32/><F32/><W135/><G34/><T25/><AGARI ba="1,1" hai="21,25,28,48,49,55,56,60,88,94,96,105,106,107" machi="25" ten="40,8000,1" yaku="1,1,0,1,54,1,53,2" doraHai="40" doraHaiUra="44" who="0" fromWho="0" sc="148,93,240,-21,280,-41,322,-21" /><INIT seed="3,0,0,2,1,118" ten="241,219,239,301" oya="3" hai0="69,93,123,1,87,40,50,29,54,20,119,83,108" hai1="6,133,24,106,49,56,110,112,92,13,94,32,61" hai2="98,109,121,74,30,60,2,52,132,80,90,57,114" hai3="75,102,19,11,48,78,47,35,128,55,27,7,17"/><W31/><G128/><T104/><D119/><U59/><E106/><V120/><F114/><W39/><G102/><T64/><D104/><U44/><E112/><V127/><F109/><W89/><G39/><T73/><D108/><U33/><E110/><V62/><F2/><W70/><G70/><T5/><D40/><U38/><E38/><V97/><F132/><W95/><G78/><T105/><D105/><U81/><E81/><V68/><F127/><W129/><G75/><T99/><D73/><U113/><E59/><V107/><F30/><W66/><G66/><T84/><D123/><N who="2" m="47178" /><F107/><W36/><G36/><T100/><D5/><U9/><E33/><V37/><F37/><W3/><REACH who="3" step="1"/><G129/><REACH who="3" ten="241,219,239,291" step="2"/><T4/><D64/><U122/><E113/><V23/><F68/><W0/><G0/><T72/><D69/><U65/><E133/><V91/><F74/><W26/><G26/><T51/><D1/><U12/><E24/><V58/><F91/><W124/><G124/><T67/><D72/><U34/><E13/><V101/><F101/><W96/><AGARI ba="0,1" hai="3,7,11,17,19,27,31,35,47,48,55,89,95,96" machi="96" ten="20,3900,0" yaku="1,1,0,1,7,1,53,0" doraHai="118" doraHaiUra="82" who="3" fromWho="3" sc="241,-13,219,-13,239,-13,291,49" /><INIT seed="3,1,0,3,2,5" ten="228,206,226,340" oya="3" hai0="31,80,127,101,84,86,35,15,53,19,13,126,108" hai1="83,27,42,72,29,124,3,98,18,87,118,100,23" hai2="49,28,95,73,57,30,34,97,115,78,47,56,129" hai3="50,17,76,25,103,109,120,61,52,16,44,132,88"/><W55/><G120/><T130/><D108/><U96/><E124/><V128/><F115/><W131/><G109/><T104/><D130/><N who="2" m="50282" /><F78/><W9/><G131/><T135/><D135/><U102/><E118/><V67/><F73/><W90/><G132/><T81/><D31/><N who="2" m="11818" /><F67/><W2/><G76/><T94/><D35/><U39/><E72/><V107/><F107/><W125/><G125/><T11/><D104/><U82/><E3/><V65/><F65/><W64/><G103/><T114/><D114/><U93/><E87/><V121/><F34/><W26/><G55/><T99/><D53/><U68/><E68/><V51/><F121/><W116/><G116/><T48/><D48/><N who="2" m="18506" /><F47/><W117/><G117/><T69/><D69/><U12/><E39/><V85/><F85/><W134/><G134/><T24/><D24/><U60/><E42/><V54/><F54/><W22/><G26/><T122/><D122/><U4/><E60/><V113/><F113/><W14/><G2/><T37/><D37/><U40/><E40/><V106/><F106/><W10/><G10/><T0/><D0/><U123/><E123/><V77/><F77/><W112/><G112/><T133/><D133/><U63/><E63/><V1/><F1/><W91/><G91/><AGARI ba="1,0" hai="56,57,91,95,97" m="18506,11818,50282" machi="91" ten="30,1000,0" yaku="19,1" doraHai="5" who="2" fromWho="3" sc="228,0,206,0,226,13,340,-13" /><INIT seed="4,0,0,5,4,109" ten="228,206,239,327" oya="0" hai0="83,80,92,81,93,112,111,29,129,32,20,127,38" hai1="7,59,133,100,27,122,85,47,44,115,126,14,61" hai2="116,0,21,60,69,117,5,23,123,30,119,49,74" hai3="45,19,78,91,64,17,35,107,102,43,89,103,28"/><T65/><D111/><U33/><E122/><V40/><F74/><W130/><G130/><T75/><D129/><U125/><E100/><V62/><F123/><W76/><G64/><T25/><D75/><U9/><E133/><V2/><F5/><W57/><G57/><T52/><D38/><U48/><E85/><V97/><F97/><W86/><G86/><T124/><D65/><U36/><E36/><V58/><F69/><W84/><G84/><T73/><D73/><U8/><E8/><V121/><F121/><W46/><G28/><T87/><D112/><U66/><E115/><V1/><F30/><W77/><G76/><T90/><D92/><U71/><E33/><V42/><F49/><W106/><REACH who="3" step="1"/><G35/><REACH who="3" ten="228,206,239,317" step="2"/><T13/><D32/><U18/><E71/><V135/><F58/><W72/><G72/><T54/><REACH who="0" step="1"/><D13/><REACH who="0" ten="218,206,239,317" step="2"/><U132/><E14/><V51/><F0/><W39/><G39/><T79/><D79/><U118/><E66/><V31/><F1/><W95/><G95/><T50/><D50/><U99/><E48/><V98/><F51/><W113/><G113/><T110/><D110/><U104/><E104/><V131/><F2/><W96/><G96/><T63/><D63/><U3/><E99/><V67/><F98/><W24/><G24/><T16/><D16/><U12/><E27/><V6/><F131/><W15/><G15/><T128/><D128/><U68/><E12/><V134/><F62/><W114/><G114/><T70/><D70/><U101/><E68/><V55/><F60/><W10/><G10/><T11/><D11/><U41/><E61/><RYUUKYOKU ba="0,2" sc="218,15,206,-15,239,-15,317,15" hai0="20,25,29,52,54,80,81,83,87,90,93,124,127" hai3="17,19,43,45,46,77,78,89,91,102,103,106,107" /><INIT seed="4,1,2,4,5,119" ten="233,191,224,332" oya="0" hai0="1,13,4,116,78,115,93,2,35,120,17,45,112" hai1="114,59,109,123,64,55,9,49,73,52,46,88,96" hai2="23,30,87,32,58,5,21,100,25,97,91,33,38" hai3="125,135,60,70,81,11,71,74,61,6,82,94,19"/><T77/><D116/><U79/><E109/><V85/><F38/><W122/><G135/><T126/><D35/><U111/><E111/><V27/><F5/><W51/><G125/><T84/><D126/><U75/><E64/><V76/><F76/><N who="0" m="29290" /><D4/><U3/><E79/><V53/><F91/><W99/><G19/><T20/><D120/><U50/><E123/><V41/><F41/><W31/><G122/><T90/><D45/><U101/><E114/><AGARI ba="1,2" hai="1,2,13,17,20,84,90,93,112,114,115" m="29290" machi="114" ten="30,1500,0" yaku="15,1" doraHai="119" who="0" fromWho="1" sc="233,38,191,-18,224,0,332,0" /><INIT seed="4,2,0,2,3,15" ten="271,173,224,332" oya="0" hai0="3,7,5,103,113,127,115,21,69,78,24,50,25" hai1="31,62,60,47,35,27,72,37,64,56,38,132,125" hai2="14,75,99,108,29,95,87,97,46,68,81,133,70" hai3="10,114,135,53,94,30,41,2,63,0,104,9,102"/><T100/><D127/><U19/><E125/><V106/><F108/><W39/><G114/><N who="0" m="43531" /><D69/><U86/><E72/><V52/><F133/><W22/><G135/><T74/><D50/><U17/><E132/><V88/><F29/><W20/><G104/><T128/><D128/><U80/><E62/><V44/><F97/><W89/><G102/><N who="0" m="38955" /><D3/><U129/><E129/><V40/><F75/><W54/><G63/><T8/><D8/><U43/><REACH who="1" step="1"/><E38/><REACH who="1" ten="271,163,224,332" step="2"/><V96/><F70/><W58/><G39/><T134/><D134/><U11/><E11/><V18/><F68/><W13/><G9/><T107/><D107/><U101/><E101/><V23/><F106/><W65/><G10/><T91/><D5/><U42/><E42/><V32/><F40/><W105/><G41/><T118/><D7/><U59/><E59/><V90/><F32/><W77/><G58/><T126/><D126/><U84/><E84/><N who="2" m="52615" /><F44/><W85/><G85/><T122/><D21/><U66/><E66/><V16/><F46/><W93/><G20/><T119/><D74/><U55/><E55/><V124/><F52/><W73/><G53/><T51/><D119/><U116/><E116/><V82/><F124/><W48/><G22/><T26/><D118/><U92/><E92/><V98/><F18/><W57/><G93/><AGARI ba="2,1" hai="14,16,23,81,82,87,90,93,96,98,99" m="52615" machi="93" ten="30,7700,0" yaku="8,1,52,1,54,2" doraHai="15" who="2" fromWho="3" sc="271,0,163,0,224,93,332,-83" /><INIT seed="5,0,0,5,4,112" ten="271,163,317,249" oya="1" hai0="108,87,17,33,135,28,88,105,126,0,14,26,129" hai1="30,36,91,96,59,51,2,74,6,106,104,12,128" hai2="35,39,90,31,65,34,10,11,83,25,62,89,85" hai3="48,42,80,107,49,81,76,131,13,52,93,24,8"/><U130/><E36/><V132/><F39/><W53/><G107/><T16/><D108/><U44/><E2/><V18/><F132/><W103/><G131/><N who="1" m="50218" /><E74/><V71/><F35/><W77/><G24/><T73/><D129/><U27/><E59/><V121/><F121/><W133/><G133/><T82/><D0/><U5/><E91/><V3/><F3/><W23/><G23/><T78/><D135/><U99/><E99/><V101/><F101/><W95/><G103/><T57/><D105/><N who="1" m="40555" /><E96/><V111/><F111/><W9/><REACH who="3" step="1"/><G13/><REACH who="3" ten="271,163,317,239" step="2"/><T1/><D1/><U97/><E12/><V125/><F25/><W72/><G72/><T60/><D14/><U46/><E97/><V119/><F34/><W134/><G134/><T56/><D126/><U127/><E127/><V38/><F125/><W40/><AGARI ba="0,1" hai="8,9,40,42,48,49,52,53,76,77,80,81,93,95" machi="40" ten="25,12000,2" yaku="1,1,0,1,22,2,8,1,54,1,53,0" doraHai="112" doraHaiUra="19" who="3" fromWho="3" sc="271,-30,163,-60,317,-30,239,130" /><INIT seed="6,0,0,4,2,92" ten="241,103,287,369" oya="2" hai0="17,32,41,113,22,53,50,58,74,34,65,133,80" hai1="106,7,123,110,5,52,93,3,42,60,97,126,119" hai2="116,18,24,12,90,13,23,100,98,127,15,10,9" hai3="103,114,130,96,108,63,51,11,37,85,71,107,4"/><V84/><F116/><W76/><G76/><BYE who="3" /><UN n3="%E8%BF%B7%E6%8E%A2%E5%81%B5%E3%82%B3%E3%82%AB%E3%83%B3" /><T122/><D122/><U54/><E110/><V6/><F127/><W91/><G37/><T39/><D113/><U21/><E119/><V28/><F13/><W95/><G114/><T55/><D133/><U61/><E123/><V131/><F131/><W78/><G108/><T48/><D65/><U81/><E106/><V75/><F75/><W79/><G130/><T8/><D8/><U87/><E42/><V128/><F128/><W102/><G102/><T30/><D30/><U49/><E3/><V47/><F47/><W94/><G107/><T35/><D41/><U125/><E21/><V132/><F132/><W64/><REACH who="3" step="1"/><G51/><REACH who="3" ten="241,103,287,359" step="2"/><T68/><D39/><U16/><E126/><V89/><REACH who="2" step="1"/><F84/><REACH who="2" ten="241,103,277,359" step="2"/><W45/><G45/><T69/><D74/><U66/><E125/><V83/><F83/><W117/><G117/><T129/><D80/><U33/><E81/><V36/><F36/><W101/><G101/><T86/><D86/><U0/><E87/><V40/><F40/><W105/><G105/><AGARI ba="0,2" hai="6,9,10,12,15,18,23,24,28,89,90,98,100,105" machi="105" ten="30,5800,0" yaku="1,1,7,1,52,1,53,0" doraHai="92" doraHaiUra="109" who="2" fromWho="3" sc="241,0,103,0,277,78,359,-58" /><INIT seed="6,1,0,4,1,112" ten="241,103,355,301" oya="2" hai0="23,14,89,97,51,115,45,28,34,134,123,132,116" hai1="31,17,29,129,103,88,42,64,60,27,26,92,79" hai2="105,102,5,20,4,40,81,48,36,94,117,8,61" hai3="56,83,49,111,106,71,44,122,62,7,58,121,54"/><V95/><F36/><W101/><G7/><T33/><D115/><U128/><E79/><V3/><F5/><W18/><G101/><T65/><D123/><U73/><E73/><V124/><F105/><W69/><G106/><T113/><D113/><U77/><E77/><V85/><F124/><W30/><G30/><T99/><D65/><U25/><E103/><V66/><F20/><W19/><G83/><T107/><D107/><U38/><E17/><V10/><F10/><W35/><G35/><T12/><D51/><U119/><E119/><V91/><F102/><W104/><G104/><T67/><D67/><U98/><E42/><V114/><F114/><W75/><G75/><T2/><D45/><U59/><REACH who="1" step="1"/><E38/><REACH who="1" ten="241,93,355,301" step="2"/><V37/><F37/><W41/><G18/><T100/><D100/><U74/><E74/><V82/><F117/><W50/><G19/><T11/><D28/><AGARI ba="1,1" hai="25,26,27,28,29,31,59,60,64,88,92,98,128,129" machi="28" ten="40,2600,0" yaku="1,1,54,1,53,0" doraHai="112" doraHaiUra="43" who="1" fromWho="0" sc="241,-29,93,39,355,0,301,0" /><INIT seed="7,0,0,0,0,8" ten="212,132,355,301" oya="3" hai0="55,42,33,6,121,53,89,25,12,19,52,30,93" hai1="24,80,129,111,10,68,14,113,44,114,3,15,123" hai2="112,39,95,56,124,99,48,61,108,106,4,51,59" hai3="103,11,92,122,32,13,76,71,135,102,34,49,127"/><W75/><G122/><T130/><D121/><U27/><E68/><V84/><F108/><W36/><G36/><T90/><D130/><U109/><E44/><V16/><F39/><W29/><G71/><T134/><D6/><N who="1" m="1375" /><E80/><V133/><F106/><W69/><G69/><T26/><D134/><U77/><E77/><V73/><F73/><W132/><G127/><T64/><D64/><U83/><E83/><V101/><F4/><W96/><G76/><T45/><D26/><N who="1" m="9771" /><E123/><V46/><F112/><N who="1" m="43113" /><E129/><V100/><F84/><W18/><G29/><T23/><REACH who="0" step="1"/><D93/><REACH who="0" ten="202,132,355,301" step="2"/><U20/><E20/><V66/><F95/><W116/><G116/><T54/><N who="0" m="13312" /><DORA hai="94" /><T2/><D2/><U87/><E87/><V60/><F66/><W79/><G75/><T35/><D35/><U125/><E125/><V119/><F124/><W86/><G34/><T107/><D107/><U78/><E78/><V128/><F119/><W74/><G32/><T43/><D43/><U126/><E126/><V0/><F128/><W21/><G74/><T38/><AGARI ba="0,1" hai="12,19,23,25,30,33,38,42,45,89,90" m="13312" machi="38" ten="40,8000,1" yaku="1,1,0,1,52,1,54,1,53,1" doraHai="8,94" doraHaiUra="37,62" who="0" fromWho="0" sc="202,90,132,-20,355,-20,301,-40" owari="292,9.0,112,-39.0,335,44.0,261,-14.0" /></mjloggm>