<mjloggm ver="2.3"><GO type="185" lobby="0"/><UN n0="%E9%96%A2%E8%A5%BF%E9%9B%80%E5%A3%AB%E4%BC%9A" n1="%74%69%65%66%62%6C%61%75" n2="%63%61%6C%63%2E" n3="" dan="16,16,19,0" rate="2088.08,2138.70,2409.15,1500.00" sx="M,M,M,C"/><TAIKYOKU oya="0"/><INIT seed="0,0,0,2,3,114" ten="350,350,350,0" oya="0" hai0="63,100,113,36,49,126,112,70,1,48,62,45,125" hai1="51,123,107,134,82,87,59,116,109,57,111,101,33" hai2="74,118,50,97,131,41,40,52,42,96,78,102,65" hai3=""/><T122/><N who="0" m="31264" /><T117/><D1/><U104/><N who="1" m="31520" /><U105/><E33/><V58/><F131/><T68/><D100/><U69/><E69/><V93/><F65/><T92/><D92/><U98/><E116/><V77/><F74/><T54/><D36/><U106/><E134/><V90/><REACH who="2" step="1"/><F118/><REACH who="2" ten="350,350,340,0" step="2"/><T2/><D2/><U72/><E72/><V124/><F124/><T115/><D117/><U64/><E64/><V66/><F66/><T84/><D84/><U132/><E132/><V38/><F38/><T32/><D32/><U127/><E127/><N who="0" m="48649" /><D48/><U79/><REACH who="1" step="1"/><E51/><REACH who="1" ten="350,340,340,0" step="2"/><V119/><F119/><T39/><D39/><U67/><E67/><V3/><F3/><T135/><D135/><U73/><E73/><V130/><F130/><T37/><D37/><U89/><E89/><V61/><F61/><AGARI ba="0,2" hai="45,49,54,61,62,63,68,70,112,113,115" m="48649,31264" machi="61" ten="40,12000,1" yaku="18,1,34,2,52,1" doraHai="114" who="0" fromWho="2" sc="350,140,340,0,340,-120,0,0" /><INIT seed="0,1,0,2,2,117" ten="490,340,220,0" oya="0" hai0="82,132,66,50,97,2,118,52,0,60,81,111,65" hai1="116,68,121,48,37,56,104,99,44,73,3,98,107" hai2="58,110,86,67,33,113,74,35,62,100,134,105,55" hai3=""/><T54/><D118/><U47/><N who="1" m="31008" /><U36/><E116/><V109/><F74/><T89/><D132/><U64/><E3/><V49/><F113/><T83/><D111/><N who="2" m="42506" /><F134/><T71/><D66/><U115/><E73/><V85/><F100/><T126/><D126/><U1/><E1/><V90/><F105/><T88/><D54/><U94/><E68/><V75/><F75/><T91/><REACH who="0" step="1"/><D97/><REACH who="0" ten="480,340,220,0" step="2"/><U129/><E99/><V92/><F85/><T133/><D133/><U61/><E115/><V95/><F95/><T43/><D43/><U77/><E104/><V106/><F106/><T108/><D108/><U34/><E107/><V112/><F112/><T42/><D42/><U87/><E87/><V45/><AGARI ba="1,1" hai="33,35,45,49,55,58,62,67,86,90,92" m="42506" machi="45" ten="30,800,0" yaku="14,1" doraHai="117" who="2" fromWho="2" sc="480,-6,340,-4,220,20,0,0" /><INIT seed="1,0,0,1,3,92" ten="474,336,240,0" oya="1" hai0="73,97,111,126,118,112,125,114,65,81,51,86,68" hai1="53,103,105,78,62,60,59,2,57,50,106,104,108" hai2="42,89,37,43,100,123,75,36,135,46,109,115,34" hai3=""/><U77/><E2/><V44/><N who="2" m="31520" /><V82/><F34/><T33/><D33/><U61/><E103/><V3/><F3/><T45/><D73/><U52/><REACH who="1" step="1"/><E108/><REACH who="1" ten="474,326,240,0" step="2"/><V132/><F109/><T41/><D111/><U88/><E88/><V116/><F116/><T133/><D118/><U91/><E91/><V117/><F117/><T54/><D114/><U85/><E85/><V67/><F115/><T70/><D112/><U127/><E127/><V96/><F89/><T40/><D86/><U71/><E71/><V66/><F75/><T99/><D81/><U128/><E128/><V122/><N who="2" m="31264" /><V124/><F82/><T38/><D70/><U102/><E102/><V98/><F100/><T1/><D1/><U87/><E87/><V58/><F124/><N who="0" m="47722" /><D133/><U95/><E95/><V130/><F130/><T107/><D107/><U56/><E56/><AGARI ba="0,1" hai="36,37,42,43,44,46,56,58,66,67,96,98,132,135" m="31264,31520" machi="56" ten="25,12000,2" yaku="22,2,52,4" doraHai="92" who="2" fromWho="1" sc="474,0,326,-120,240,130,0,0" /><INIT seed="2,0,0,3,0,102" ten="474,206,370,0" oya="2" hai0="39,116,3,58,127,44,56,74,46,34,105,121,111" hai1="32,91,51,59,126,129,37,109,104,115,97,122,35" hai2="131,82,2,70,45,114,41,43,55,62,101,0,68" hai3=""/><V67/><F114/><T65/><RYUUKYOKU type="yao9" ba="0,0" sc="474,0,206,0,370,0,0,0" hai0="3,34,39,44,46,56,58,65,74,105,111,116,121,127" /><INIT seed="2,1,0,1,4,70" ten="474,206,370,0" oya="2" hai0="36,57,113,93,35,42,33,129,133,92,75,49,44" hai1="63,94,86,38,84,122,2,54,131,64,130,45,34" hai2="50,115,118,72,74,128,120,0,116,101,119,114,60" hai3=""/><V43/><N who="2" m="30752" /><V117/><F0/><T90/><D133/><U32/><N who="1" m="31264" /><U121/><N who="1" m="31008" /><U77/><E2/><V3/><F3/><T126/><D129/><N who="1" m="49163" /><E77/><V87/><F128/><T134/><D126/><U107/><E107/><V127/><F127/><T62/><D75/><U69/><E94/><V110/><F110/><T83/><D134/><U82/><E82/><V67/><F101/><T91/><D83/><U96/><E96/><V61/><F87/><N who="1" m="33321" /><E38/><V105/><F105/><T111/><D111/><U109/><E109/><V78/><F116/><T52/><D113/><U85/><N who="1" m="33329" /><U48/><AGARI ba="1,0" hai="32,34,45,48,54,63,64,69" m="33329,49163,31008,31264" machi="48" ten="40,6000,1" yaku="4,1,19,1,52,2" doraHai="70" who="1" fromWho="1" sc="474,-21,206,62,370,-41,0,0" /><INIT seed="4,0,0,1,2,97" ten="453,268,329,0" oya="0" hai0="94,46,79,122,60,118,87,37,129,66,38,45,62" hai1="120,126,65,84,41,51,52,57,58,61,1,85,54" hai2="123,43,74,48,69,114,108,81,92,56,98,59,3" hai3=""/><T67/><N who="0" m="31264" /><T128/><D118/><U90/><N who="1" m="30752" /><U115/><E1/><V100/><N who="2" m="31520" /><V82/><F108/><T71/><D94/><U73/><E126/><V72/><F69/><T99/><D99/><U2/><E2/><V105/><F3/><T135/><D87/><U68/><E73/><V50/><F114/><T127/><D79/><U109/><E109/><V116/><F116/><T76/><D76/><U80/><E41/><V91/><F74/><T133/><D127/><U89/><E115/><V119/><F119/><T102/><D102/><U104/><E104/><V103/><F72/><T107/><D107/><U55/><E68/><AGARI ba="0,0" hai="37,38,45,46,60,62,66,67,68,71,128,129,133,135" m="31264" machi="68" ten="25,18000,2" yaku="22,2,34,3,52,1" doraHai="97" who="0" fromWho="1" sc="453,180,268,-180,329,0,0,0" /><INIT seed="4,1,0,4,2,52" ten="633,88,329,0" oya="0" hai0="92,106,113,51,134,133,64,60,118,122,120,117,42" hai1="57,101,56,125,47,53,82,123,61,41,114,1,2" hai2="129,99,104,50,58,119,78,48,84,88,116,135,96" hai3=""/><T39/><N who="0" m="30752" /><T62/><N who="0" m="31264" /><T68/><D106/><U94/><N who="1" m="31520" /><U75/><E114/><V87/><F129/><T43/><D92/><U127/><E101/><V77/><F104/><T121/><N who="0" m="31008" /><T67/><D113/><U97/><E97/><V124/><F135/><N who="0" m="51722" /><D51/><U63/><E94/><V40/><F124/><N who="1" m="47689" /><E82/><V100/><F100/><T115/><D115/><U55/><E75/><V33/><F33/><T35/><D35/><U45/><E45/><V3/><F3/><T66/><D66/><U70/><E70/><V49/><F99/><T103/><D103/><U110/><E110/><V90/><F96/><T107/><D107/><U89/><E89/><V128/><F88/><T126/><D126/><U132/><E132/><V85/><F90/><T105/><D105/><U93/><E93/><V95/><F95/><T91/><D91/><U37/><AGARI ba="1,0" hai="1,2,37,41,47,53,55,56,57,61,63" m="47689,31520" machi="37" ten="30,5900,0" yaku="18,1,52,3" doraHai="52" who="1" fromWho="1" sc="633,-40,88,61,329,-21,0,0" /><INIT seed="5,0,0,2,5,32" ten="593,149,308,0" oya="1" hai0="64,58,115,122,45,37,113,135,94,98,90,46,91" hai1="3,69,96,105,92,104,2,110,87,84,53,47,99" hai2="102,111,36,61,67,38,65,39,0,48,118,82,49" hai3=""/><U101/><E69/><V108/><F102/><T134/><N who="0" m="31264" /><T44/><D37/><U129/><E129/><V60/><F82/><T66/><D91/><U93/><E110/><N who="2" m="42027" /><F0/><T50/><D50/><N who="2" m="19562" /><F118/><T77/><D77/><U112/><E112/><N who="0" m="43081" /><D58/><U117/><E117/><V41/><F41/><T70/><D70/><U75/><E75/><V73/><F73/><T133/><AGARI ba="0,0" hai="44,45,46,64,66,90,94,98,133,134,135" m="43081,31264" machi="133" ten="40,3900,0" yaku="20,1,15,1,52,1" doraHai="32" who="0" fromWho="0" sc="593,39,149,-26,308,-13,0,0" /><INIT seed="6,0,0,1,5,86" ten="632,123,295,0" oya="2" hai0="2,117,114,122,107,32,88,131,133,39,110,57,38" hai1="36,34,124,89,101,118,98,67,111,112,41,105,64" hai2="44,129,50,83,109,134,65,46,113,61,66,80,119" hai3=""/><V94/><F119/><T40/><RYUUKYOKU type="yao9" ba="0,0" sc="632,0,123,0,295,0,0,0" hai0="2,32,38,39,40,57,88,107,110,114,117,122,131,133" /><INIT seed="6,1,0,3,1,102" ten="632,123,295,0" oya="2" hai0="95,80,62,125,126,36,45,107,105,57,74,89,47" hai1="33,113,120,68,116,73,75,86,40,46,61,108,131" hai2="115,70,51,112,110,132,85,1,38,55,104,124,98" hai3=""/><V91/><F1/><T56/><D80/><U103/><E86/><V100/><F124/><N who="0" m="47722" /><D74/><U69/><E61/><V114/><F132/><T77/><D77/><U90/><E90/><V53/><F38/><T71/><D71/><U111/><E103/><V49/><F70/><T122/><N who="0" m="31264" /><T133/><D133/><U92/><E92/><V65/><F65/><T76/><D76/><U59/><E59/><N who="0" m="22601" /><D62/><U42/><E46/><N who="0" m="17417" /><D36/><U41/><N who="1" m="30752" /><U82/><E33/><V3/><F110/><T106/><D106/><U54/><E113/><V34/><F3/><T78/><D78/><U58/><E116/><V96/><F96/><AGARI ba="1,0" hai="89,95,96,105,107" m="17417,22601,31264,47722" machi="96" ten="30,7700,0" yaku="18,1,52,3" doraHai="102" who="0" fromWho="2" sc="632,79,123,0,295,-79,0,0" owari="711,66.0,123,-48.0,216,-18.0,0,0.0" /></mjloggm>