<mjloggm ver="2.3"><GO type="185" lobby="0"/><UN n0="%E8%8A%B1%E9%AD%81" n1="%E3%81%BE%E3%81%A4%E3%81%AE%E3%81%8F%E3%82%93" n2="%E9%95%B7%E5%85%89%E9%BA%BB%E5%A4%9C" n3="" dan="17,17,16,0" rate="2344.90,2242.51,2180.83,1500.00" sx="F,M,M,C"/><TAIKYOKU oya="0"/><INIT seed="0,0,0,5,1,78" ten="350,350,350,0" oya="0" hai0="87,50,66,44,113,52,93,79,68,77,89,124,73" hai1="117,121,91,107,42,58,32,57,103,45,101,75,41" hai2="47,33,127,119,135,48,105,131,88,122,102,51,61" hai3=""/><T35/><D35/><U85/><N who="1" m="31008" /><U126/><E75/><V125/><N who="2" m="31264" /><V69/><F33/><T56/><D113/><U98/><E32/><V3/><F3/><T130/><D130/><U128/><E117/><V64/><F135/><T1/><D1/><U49/><E128/><V54/><F131/><T134/><D134/><U116/><E116/><V112/><F112/><T104/><D124/><N who="2" m="47690" /><F119/><T118/><D118/><U62/><E126/><V106/><F102/><T70/><D104/><U83/><E103/><V76/><F76/><T132/><D132/><U71/><REACH who="1" step="1"/><E42/><REACH who="1" ten="350,340,350,0" step="2"/><V74/><F74/><T36/><D77/><U55/><E55/><V2/><F2/><T53/><D66/><AGARI ba="0,1" hai="41,45,49,57,58,62,66,71,83,85,91,98,101,107" m="31008" machi="66" ten="40,8000,1" yaku="1,1,52,2,53,1" doraHai="78" doraHaiUra="80" who="1" fromWho="0" sc="350,-80,340,90,350,0,0,0" /><INIT seed="1,0,0,1,0,95" ten="270,430,350,0" oya="1" hai0="114,90,52,129,36,59,92,111,99,57,50,94,68" hai1="102,46,72,56,126,65,96,47,44,131,70,106,128" hai2="63,115,35,49,3,66,1,134,117,40,34,73,125" hai3=""/><U122/><N who="1" m="31264" /><U62/><E72/><V0/><F117/><T124/><D114/><U100/><E126/><V67/><F125/><T38/><D124/><U84/><E102/><V77/><F115/><T71/><D129/><N who="1" m="49739" /><E84/><V127/><F127/><T2/><D2/><U43/><E70/><V39/><F39/><AGARI ba="0,0" hai="39,43,44,46,47,56,62,65,96,100,106" m="49739,31264" machi="39" ten="30,5800,0" yaku="19,1,52,2" doraHai="95" who="1" fromWho="2" sc="270,0,430,58,350,-58,0,0" /><INIT seed="1,1,0,5,0,120" ten="270,488,292,0" oya="1" hai0="119,37,63,84,57,105,87,59,111,0,112,32,80" hai1="46,100,73,49,56,78,34,40,77,129,54,69,82" hai2="99,92,98,81,50,117,39,55,52,3,125,135,122" hai3=""/><U115/><E34/><V60/><N who="2" m="31264" /><V96/><F3/><T127/><D112/><U33/><E33/><V114/><F117/><T97/><D32/><U132/><E115/><V66/><F114/><T101/><D0/><U83/><E69/><V121/><N who="2" m="31008" /><V1/><F1/><T74/><D119/><U106/><E129/><V88/><F39/><T75/><D127/><U128/><E128/><V133/><F125/><T58/><D37/><U53/><E132/><N who="2" m="50763" /><F81/><T103/><D103/><U48/><E100/><V134/><N who="2" m="50771" /><V107/><DORA hai="104" /><F107/><T124/><D124/><U71/><E71/><V41/><F41/><T62/><D111/><U35/><E106/><V108/><F108/><T130/><D130/><U72/><E35/><V126/><F126/><T89/><REACH who="0" step="1"/><D87/><REACH who="0" ten="260,488,292,0" step="2"/><U51/><REACH who="1" step="1"/><E54/><REACH who="1" ten="260,478,292,0" step="2"/><V68/><F55/><T116/><D116/><U118/><E118/><V67/><F67/><T91/><D91/><U43/><E43/><V79/><F79/><T61/><AGARI ba="1,2" hai="57,58,59,61,62,63,74,75,80,84,89,97,101,105" machi="61" ten="30,5900,0" yaku="1,1,0,1,52,2,53,0" doraHai="120,104" doraHaiUra="36,131" who="0" fromWho="0" sc="260,81,478,-40,292,-21,0,0" /><INIT seed="2,0,0,3,3,114" ten="341,438,271,0" oya="2" hai0="89,71,70,127,100,130,50,48,60,107,98,37,102" hai1="87,3,42,96,133,110,63,119,53,124,99,33,45" hai2="51,131,78,106,36,121,125,62,91,90,134,122,76" hai3=""/><V92/><N who="2" m="31008" /><V105/><N who="2" m="31264" /><V72/><F36/><T120/><N who="0" m="30752" /><T59/><D37/><U1/><E33/><V74/><F134/><T44/><D127/><U69/><E133/><V103/><F62/><T38/><D130/><U55/><E55/><V83/><F51/><T86/><D102/><U47/><E99/><V64/><F64/><T75/><D75/><N who="2" m="28714" /><F131/><T118/><D38/><U54/><E54/><V68/><F68/><T84/><D86/><U104/><E87/><V80/><F103/><T34/><D34/><U43/><E53/><V88/><F92/><T132/><D132/><U113/><E63/><V108/><F108/><T56/><D60/><U49/><E69/><V73/><F125/><T65/><D65/><U115/><E110/><V41/><F41/><T128/><D128/><U32/><E32/><V129/><F129/><T111/><D111/><U77/><E124/><V67/><F67/><T112/><D100/><U79/><E1/><V58/><F58/><T126/><D126/><U39/><E3/><V135/><F135/><T61/><D61/><U101/><E113/><V93/><F93/><T95/><D112/><U117/><E115/><V0/><F0/><T82/><D95/><U57/><E57/><RYUUKYOKU ba="0,0" sc="341,-20,438,10,271,10,0,0" hai1="39,42,43,45,47,49,77,79,96,101,104,117,119" hai2="73,76,78,80,83,88,90,91,105,106" /><INIT seed="2,1,0,1,4,73" ten="321,448,281,0" oya="2" hai0="35,104,56,49,83,120,82,94,96,103,129,48,101" hai1="65,74,0,112,2,66,69,61,107,126,34,106,45" hai2="93,117,33,133,128,98,113,41,130,105,87,108,1" hai3=""/><V60/><F33/><T86/><N who="0" m="30752" /><T79/><D35/><U37/><E34/><V115/><F1/><T125/><D125/><U111/><E112/><N who="2" m="43083" /><F41/><T53/><D129/><N who="2" m="49770" /><F60/><T84/><D103/><U131/><E131/><V67/><F67/><T71/><D71/><U3/><E66/><V124/><F117/><T80/><D104/><U81/><E126/><V43/><F43/><T72/><D72/><U51/><E107/><V92/><F124/><T54/><REACH who="0" step="1"/><D84/><REACH who="0" ten="311,448,281,0" step="2"/><U55/><E74/><V36/><F105/><T132/><D132/><U50/><E106/><V121/><N who="2" m="31008" /><V63/><F133/><T134/><D134/><U135/><E135/><V39/><F87/><T62/><D62/><U95/><E61/><V78/><F63/><T58/><AGARI ba="1,1" hai="48,49,53,54,56,58,79,80,82,83,86,94,96,101" m="30752" machi="58" ten="20,12000,3" yaku="1,1,0,1,7,1,9,1,8,1,52,2,53,3" doraHai="73" doraHaiUra="77" who="0" fromWho="0" sc="311,132,448,-41,281,-81,0,0" /><INIT seed="4,0,0,4,0,107" ten="443,407,200,0" oya="0" hai0="57,77,135,75,45,132,43,32,63,114,104,130,53" hai1="116,56,112,121,113,79,117,46,122,70,73,35,82" hai2="66,97,124,69,33,87,93,108,100,55,101,0,60" hai3=""/><T68/><D32/><U95/><E35/><V62/><F33/><T85/><D114/><N who="1" m="44139" /><E70/><V54/><F0/><T134/><D130/><U91/><E56/><V1/><F1/><T120/><N who="0" m="30752" /><T98/><D85/><U94/><E46/><V88/><F108/><T47/><D68/><U110/><E110/><V128/><F128/><T80/><D43/><U41/><E41/><V103/><F124/><T99/><D104/><U89/><E95/><V40/><F40/><T3/><D3/><U38/><E38/><V58/><REACH who="2" step="1"/><F54/><REACH who="2" ten="443,407,190,0" step="2"/><T78/><D78/><U2/><E2/><V119/><F119/><N who="1" m="45641" /><E91/><V71/><F71/><T49/><REACH who="0" step="1"/><D47/><REACH who="0" ten="433,407,190,0" step="2"/><U90/><N who="1" m="31008" /><U96/><E122/><V131/><F131/><T36/><D36/><U76/><E76/><V74/><F74/><T64/><AGARI ba="0,2" hai="45,49,53,57,63,64,75,77,80,98,99,132,134,135" m="30752" machi="64" ten="30,8000,1" yaku="1,1,0,1,20,1,52,2,53,0" doraHai="107" doraHaiUra="39" who="0" fromWho="0" sc="433,100,407,-40,190,-40,0,0" /><INIT seed="4,1,0,4,3,42" ten="533,367,150,0" oya="0" hai0="123,132,50,112,36,90,107,116,134,110,106,118,65" hai1="43,0,68,69,67,89,35,117,78,129,1,61,126" hai2="115,75,49,130,56,2,83,33,94,76,45,101,113" hai3=""/><T44/><N who="0" m="31520" /><T114/><D36/><U82/><E117/><N who="0" m="45161" /><D90/><U66/><E89/><V72/><F33/><T108/><D65/><U103/><E35/><V59/><F2/><T125/><D125/><U48/><E126/><V53/><F130/><T92/><D92/><U86/><E129/><V32/><F32/><T127/><D127/><U81/><E81/><V73/><F94/><T84/><D84/><U58/><E103/><V119/><F101/><T124/><D124/><U87/><E87/><V46/><F119/><T105/><D50/><U91/><E91/><V41/><F83/><T39/><D44/><U57/><E0/><V80/><F80/><T95/><D39/><U38/><E38/><V111/><F76/><T52/><D52/><U133/><E1/><V63/><F46/><T34/><D95/><U98/><E48/><V96/><F96/><T64/><D64/><U47/><E98/><V93/><F93/><T104/><N who="0" m="26624" /><DORA hai="109" /><T99/><D99/><U60/><E47/><V71/><F71/><T54/><D54/><U120/><N who="1" m="30752" /><U122/><N who="1" m="31264" /><U37/><E37/><V55/><F53/><T100/><D100/><U3/><E3/><V121/><N who="2" m="31008" /><V74/><N who="2" m="18432" /><DORA hai="62" /><V131/><F55/><RYUUKYOKU ba="1,0" sc="533,0,367,0,150,0,0,0" /><INIT seed="5,2,0,2,1,89" ten="533,367,150,0" oya="1" hai0="133,135,127,80,53,55,66,120,64,1,125,44,129" hai1="118,48,85,87,75,57,79,42,126,68,77,38,73" hai2="131,56,94,105,34,98,60,49,45,108,63,46,110" hai3=""/><U104/><E118/><V116/><F34/><T61/><N who="0" m="30752" /><T54/><D1/><U43/><E68/><V101/><F116/><T58/><D80/><U128/><E104/><V51/><F131/><T121/><N who="0" m="31008" /><T40/><D66/><U82/><E38/><V33/><F33/><T95/><D95/><U59/><E128/><V106/><F105/><T62/><D62/><U109/><E82/><V134/><F134/><N who="0" m="51210" /><D129/><U67/><E67/><V84/><F63/><T97/><D97/><U102/><E48/><AGARI ba="2,0" hai="40,44,48,53,54,55,58,61,64,125,127" m="51210,31008,30752" machi="48" ten="30,8000,1" yaku="20,1,34,2,52,2" doraHai="89" who="0" fromWho="1" sc="533,84,367,-84,150,0,0,0" /><INIT seed="6,0,0,1,0,112" ten="617,283,150,0" oya="2" hai0="34,106,84,94,130,129,40,73,83,128,72,35,58" hai1="71,126,133,0,82,56,92,114,102,68,131,109,104" hai2="117,44,41,48,61,103,70,77,115,55,110,74,39" hai3=""/><V38/><F117/><T105/><D40/><U76/><E56/><V36/><F115/><T93/><D58/><U123/><E92/><N who="0" m="35433" /><D84/><U122/><E76/><V85/><F74/><N who="0" m="28778" /><D83/><U108/><E102/><V95/><F103/><T53/><D53/><U134/><E82/><V3/><F3/><T32/><AGARI ba="0,0" hai="32,34,35,105,106,128,129,130" m="28778,35433" machi="32" ten="50,4800,0" yaku="28,2,19,1" doraHai="112" who="0" fromWho="0" sc="617,48,283,-16,150,-32,0,0" owari="665,61.0,267,-13.0,118,-48.0,0,0.0" /></mjloggm>