<mjloggm ver="2.3"><GO type="185" lobby="0"/><UN n0="%E9%96%A2%E8%A5%BF%E9%9B%80%E5%A3%AB%E4%BC%9A" n1="%E3%82%BF%E3%83%AD%E3%81%95" n2="%E3%81%BE%E3%81%A3%E3%81%97%E3%83%BC" n3="" dan="16,16,17,0" rate="2093.25,2084.70,2262.06,1500.00" sx="M,M,F,C"/><TAIKYOKU oya="0"/><INIT seed="0,0,0,4,5,1" ten="350,350,350,0" oya="0" hai0="128,124,47,2,80,134,51,33,135,68,56,36,76" hai1="46,99,92,115,90,104,63,113,42,45,101,106,59" hai2="120,85,53,73,52,0,37,62,109,84,105,49,95" hai3=""/><T118/><D2/><U43/><E46/><V70/><N who="2" m="30752" /><V131/><F73/><T122/><N who="0" m="31264" /><T82/><D118/><U35/><E35/><V130/><F105/><T87/><D68/><U44/><E44/><V97/><F37/><T89/><D36/><U61/><E61/><V78/><F0/><T123/><N who="0" m="31520" /><T133/><D124/><U129/><E129/><N who="2" m="49163" /><F109/><T69/><D128/><U125/><E125/><V86/><F78/><T55/><D69/><U71/><E71/><V117/><F117/><T126/><D126/><U98/><E106/><V77/><F77/><T121/><N who="0" m="31008" /><T79/><D33/><U127/><E127/><V74/><F74/><T66/><D80/><U38/><REACH who="1" step="1"/><E43/><REACH who="1" ten="350,340,350,0" step="2"/><V3/><F3/><T132/><D135/><U34/><E34/><V54/><F70/><T83/><D83/><U40/><E40/><V75/><F62/><AGARI ba="0,1" hai="47,51,55,56,62,66,76,79,82,87,89,132,133,134" m="31008,31520,31264" machi="62" ten="40,12000,1" yaku="20,1,52,3" doraHai="1" who="0" fromWho="2" sc="350,130,340,0,350,-120,0,0" /><INIT seed="0,1,0,3,3,44" ten="480,340,230,0" oya="0" hai0="116,71,41,83,123,47,86,73,52,68,72,70,85" hai1="82,59,65,42,60,64,130,95,54,107,56,134,114" hai2="69,39,35,2,46,3,120,103,67,1,98,38,110" hai3=""/><T76/><N who="0" m="31520" /><T75/><D116/><U37/><E107/><V132/><N who="2" m="30752" /><V118/><F118/><T91/><D86/><U93/><E134/><V97/><F132/><T63/><D63/><U33/><E33/><V49/><F35/><T32/><D32/><U61/><E130/><V84/><F110/><T55/><REACH who="0" step="1"/><D76/><REACH who="0" ten="470,340,230,0" step="2"/><U99/><E114/><V100/><F84/><T96/><D96/><U94/><E99/><V45/><F2/><T117/><D117/><U74/><E74/><V128/><F128/><T66/><D66/><U135/><E65/><V111/><F67/><T79/><D79/><U57/><E135/><V104/><F104/><T126/><D126/><U48/><E64/><V80/><F111/><T127/><D127/><U106/><E106/><V58/><F1/><T36/><AGARI ba="1,1" hai="36,41,47,52,55,68,70,71,72,73,75,83,85,91" m="31520" machi="36" ten="40,8000,1" yaku="1,1,0,1,52,1,54,1,53,0" doraHai="44" doraHaiUra="125" who="0" fromWho="0" sc="470,92,340,-41,230,-41,0,0" /><INIT seed="0,2,0,4,2,88" ten="562,299,189,0" oya="0" hai0="133,95,125,77,112,46,126,122,75,114,130,3,100" hai1="92,83,61,80,36,99,131,68,120,32,111,101,53" hai2="65,82,108,43,96,124,78,67,117,38,37,33,87" hai3=""/><T40/><N who="0" m="31264" /><T35/><D3/><U109/><N who="1" m="30752" /><U103/><E32/><V86/><F33/><T58/><D35/><U47/><E131/><V104/><F124/><N who="0" m="47722" /><D130/><U79/><E103/><V60/><F108/><N who="1" m="41545" /><E83/><V123/><N who="2" m="31520" /><V110/><F110/><T115/><D58/><U64/><E53/><V71/><F117/><T0/><D0/><U45/><E36/><V76/><F67/><T132/><D77/><U66/><E66/><V74/><F78/><T50/><D75/><AGARI ba="2,0" hai="45,47,61,64,68,75,79,80,92,99,101" m="41545,30752" machi="75" ten="30,3900,0" yaku="14,1,52,2" doraHai="88" who="1" fromWho="0" sc="562,-43,299,43,189,0,0,0" /><INIT seed="1,0,0,5,0,116" ten="519,342,189,0" oya="1" hai0="66,36,99,73,74,115,83,86,85,65,33,87,97" hai1="101,131,67,80,49,3,57,82,64,103,125,1,105" hai2="118,59,56,93,79,123,109,55,39,43,68,107,47" hai3=""/><U117/><E117/><V122/><N who="2" m="31264" /><V134/><N who="2" m="31520" /><V129/><F118/><T54/><D33/><U120/><N who="1" m="30752" /><U128/><E125/><V133/><F107/><T71/><D36/><U41/><E105/><V91/><F68/><T46/><D115/><U48/><E57/><V95/><F109/><T78/><D71/><U38/><E41/><V0/><F0/><T72/><D83/><U96/><E96/><V2/><F2/><T40/><D78/><U114/><REACH who="1" step="1"/><E38/><REACH who="1" ten="519,332,189,0" step="2"/><V32/><F56/><T69/><D40/><U62/><E62/><V113/><F113/><AGARI ba="0,1" hai="1,3,48,49,64,67,80,82,101,103,113,114,128,131" m="30752" machi="113" ten="25,12000,1" yaku="1,1,22,2,52,2,53,0" doraHai="116" doraHaiUra="75" who="1" fromWho="2" sc="519,0,332,130,189,-120,0,0" /><INIT seed="1,1,0,3,3,115" ten="519,462,69,0" oya="1" hai0="135,120,90,57,56,45,121,100,108,97,2,85,106" hai1="3,43,34,36,127,55,50,73,74,132,81,101,134" hai2="54,89,122,113,41,96,71,72,103,42,124,33,60" hai3=""/><U114/><E114/><V61/><N who="2" m="31264" /><V52/><F72/><T95/><N who="0" m="30752" /><T37/><N who="0" m="31008" /><T48/><D2/><U118/><E118/><V99/><F113/><T38/><D108/><U94/><E34/><V110/><F33/><T51/><D135/><U75/><E127/><V67/><F124/><T46/><D38/><U32/><E32/><V130/><F130/><T76/><D76/><U98/><E3/><V1/><F1/><T44/><D37/><U79/><E43/><V102/><F110/><T62/><REACH who="0" step="1"/><D57/><REACH who="0" ten="509,462,69,0" step="2"/><U129/><E36/><V86/><F71/><T65/><AGARI ba="1,1" hai="44,45,46,48,51,56,62,65,85,90,95,97,100,106" m="31008,30752" machi="65" ten="30,6000,1" yaku="1,1,2,1,0,1,52,2,53,0" doraHai="115" doraHaiUra="126" who="0" fromWho="0" sc="509,72,462,-41,69,-21,0,0" /><INIT seed="2,0,0,3,4,96" ten="581,421,48,0" oya="2" hai0="99,88,119,125,33,40,66,43,90,84,116,77,3" hai1="105,100,110,80,54,93,92,47,101,36,120,51,108" hai2="118,55,124,68,63,82,37,109,79,46,127,42,34" hai3=""/><V69/><F34/><T62/><D33/><U60/><N who="1" m="30752" /><U91/><E105/><V49/><F118/><T104/><D3/><U87/><E36/><V78/><F109/><N who="1" m="42089" /><E60/><V71/><F63/><T70/><D125/><N who="2" m="48202" /><F82/><T67/><D77/><U50/><E50/><V83/><F83/><T53/><D53/><U32/><E32/><V85/><F85/><T117/><D67/><U38/><E38/><V89/><F89/><T103/><REACH who="0" step="1"/><D90/><REACH who="0" ten="571,421,48,0" step="2"/><U58/><E47/><AGARI ba="0,1" hai="37,42,46,47,49,55,68,69,71,78,79" m="48202" machi="47" ten="40,2000,0" yaku="18,1" doraHai="96" who="2" fromWho="1" sc="571,0,421,-20,48,30,0,0" /><INIT seed="2,1,0,3,4,112" ten="571,401,78,0" oya="2" hai0="33,42,91,95,58,74,115,56,84,40,36,65,3" hai1="120,80,81,92,116,41,73,104,101,122,131,93,106" hai2="124,76,72,78,66,97,85,0,127,53,109,113,69" hai3=""/><V54/><F0/><T133/><D33/><U62/><N who="1" m="30752" /><U45/><N who="1" m="31264" /><U83/><E116/><V135/><F113/><T89/><D133/><U2/><E131/><V94/><F72/><T38/><D74/><U99/><E73/><V123/><N who="2" m="31520" /><V82/><F135/><T103/><D3/><U108/><E108/><V49/><F109/><T87/><D103/><U60/><E2/><V44/><F78/><T125/><D125/><U118/><E118/><V105/><F105/><T129/><D129/><U61/><REACH who="1" step="1"/><E106/><REACH who="1" ten="571,391,78,0" step="2"/><V1/><F1/><T110/><D110/><U90/><E90/><V35/><F35/><T64/><D115/><U48/><AGARI ba="1,1" hai="41,45,48,60,61,62,80,81,83,92,93,99,101,104" m="31264,30752" machi="48" ten="30,6000,1" yaku="1,1,0,1,52,2,53,1" doraHai="112" doraHaiUra="98" who="1" fromWho="1" sc="571,-21,391,72,78,-41,0,0" /><INIT seed="4,0,0,3,1,107" ten="550,463,37,0" oya="0" hai0="118,76,120,63,56,36,55,98,101,52,3,51,110" hai1="64,65,61,134,66,90,105,123,135,48,58,75,133" hai2="77,126,95,44,100,117,104,115,87,108,83,85,62" hai3=""/><T0/><N who="0" m="30752" /><T69/><D118/><U84/><N who="1" m="31520" /><U106/><E75/><V88/><F108/><T2/><D110/><U81/><REACH who="1" step="1"/><E48/><REACH who="1" ten="550,453,37,0" step="2"/><V47/><F117/><T121/><N who="0" m="31008" /><T94/><D36/><U34/><E34/><V78/><F126/><T103/><D76/><U50/><E50/><V124/><F124/><T38/><D38/><U37/><E37/><V97/><F115/><T127/><D127/><U43/><E43/><V46/><F78/><T131/><D131/><U73/><E73/><V42/><F42/><T113/><D113/><U86/><E86/><V57/><F44/><T96/><D69/><U60/><E60/><V129/><F129/><T79/><D79/><U82/><E82/><V1/><REACH who="2" step="1"/><F1/><REACH who="2" ten="550,453,27,0" step="2"/><T32/><D32/><U35/><E35/><V91/><F91/><T92/><REACH who="0" step="1"/><D0/><REACH who="0" ten="540,453,27,0" step="2"/><U70/><E70/><V54/><AGARI ba="0,3" hai="46,47,54,57,62,77,83,85,87,88,95,97,100,104" machi="54" ten="20,6000,1" yaku="1,1,0,1,7,1,54,1,53,1" doraHai="107" doraHaiUra="89" who="2" fromWho="2" sc="540,-40,453,-20,27,90,0,0" /><INIT seed="5,0,0,1,1,86" ten="500,433,117,0" oya="1" hai0="109,62,2,85,74,78,84,76,47,46,93,118,123" hai1="54,110,51,125,135,120,90,53,59,95,43,104,36" hai2="35,100,108,99,88,49,98,77,91,67,38,112,1" hai3=""/><U103/><N who="1" m="30752" /><U134/><E110/><V48/><F1/><T83/><N who="0" m="31520" /><T73/><D109/><U42/><E125/><V39/><F108/><T111/><D111/><U37/><E103/><V122/><N who="2" m="31264" /><V41/><F77/><T105/><D105/><U0/><E104/><V129/><F67/><T132/><D2/><U113/><E113/><V33/><F41/><T66/><D132/><N who="1" m="50731" /><E0/><V115/><REACH who="2" step="1"/><F100/><REACH who="2" ten="500,433,107,0" step="2"/><T80/><D118/><U58/><E43/><V69/><F69/><T127/><D127/><U75/><E42/><V79/><F79/><T50/><D73/><U3/><E75/><V56/><F56/><T101/><D74/><U45/><E59/><V57/><F57/><T121/><N who="0" m="31008" /><T114/><D114/><U126/><E126/><V87/><F87/><T89/><D101/><U96/><E3/><V63/><F63/><AGARI ba="0,1" hai="36,37,45,51,53,54,58,63,90,95,96" m="50731,30752" machi="63" ten="30,5800,0" yaku="20,1,52,2" doraHai="86" who="1" fromWho="2" sc="500,0,433,68,107,-58,0,0" /><INIT seed="5,1,0,2,2,1" ten="500,501,49,0" oya="1" hai0="37,82,86,34,40,67,2,58,94,77,115,133,52" hai1="111,122,93,35,41,105,66,71,33,106,100,109,121" hai2="47,54,44,73,57,76,85,51,39,135,65,62,99" hai3=""/><U108/><N who="1" m="31008" /><U95/><N who="1" m="31264" /><U117/><E117/><V48/><F73/><T130/><D2/><U112/><E112/><V88/><F135/><T90/><D115/><U42/><E66/><V134/><F134/><T75/><D133/><U59/><E59/><V118/><F118/><T38/><D130/><U97/><E71/><V116/><F116/><T96/><D67/><U79/><E79/><V113/><F113/><T70/><D70/><U132/><E132/><V125/><F125/><T123/><N who="0" m="31520" /><T120/><N who="0" m="30752" /><T72/><D34/><N who="1" m="12811" /><E95/><V83/><F39/><T102/><D40/><AGARI ba="1,0" hai="40,41,42,93,97,100,105,106,108,109,111" m="12811,31264,31008" machi="40" ten="40,18000,2" yaku="10,1,52,5" doraHai="1" who="1" fromWho="0" sc="500,-182,501,182,49,0,0,0" /><INIT seed="5,2,0,5,1,41" ten="318,683,49,0" oya="1" hai0="80,34,69,115,44,131,38,97,102,92,125,132,134" hai1="107,43,64,83,37,129,93,110,59,133,51,71,94" hai2="35,91,114,96,57,88,1,118,49,87,95,3,66" hai3=""/><U56/><E129/><V74/><F118/><T108/><D34/><U62/><E133/><N who="0" m="51305" /><D108/><U116/><E110/><V109/><F35/><T70/><D115/><U77/><E107/><V42/><F109/><T72/><D131/><U78/><E116/><V58/><F74/><T119/><D125/><U39/><E78/><V84/><F114/><T121/><N who="0" m="31008" /><T61/><D61/><U85/><E59/><V45/><F96/><T50/><D38/><U99/><E94/><V0/><REACH who="2" step="1"/><F66/><REACH who="2" ten="318,683,39,0" step="2"/><T46/><D119/><U47/><E71/><V126/><F126/><T60/><D70/><U98/><REACH who="1" step="1"/><E99/><REACH who="1" ten="318,673,39,0" step="2"/><V82/><AGARI ba="2,2" hai="0,1,3,42,45,49,57,58,82,84,87,88,91,95" machi="82" ten="30,5900,0" yaku="1,1,0,1,52,1,54,1,53,0" doraHai="41" doraHaiUra="111" who="2" fromWho="2" sc="318,-22,673,-41,39,83,0,0" /><INIT seed="6,0,0,5,0,73" ten="296,632,122,0" oya="2" hai0="106,47,122,88,77,129,124,94,55,59,89,118,45" hai1="35,72,56,98,111,133,64,135,101,128,87,112,126" hai2="67,96,37,42,130,102,81,123,36,57,53,74,75" hai3=""/><V97/><N who="2" m="31520" /><V105/><F130/><T91/><N who="0" m="31264" /><T82/><D118/><U54/><E111/><V92/><F67/><T62/><D129/><U0/><E72/><V134/><F134/><T3/><D3/><U99/><E35/><V39/><F42/><T60/><D106/><U125/><E112/><V61/><REACH who="2" step="1"/><F81/><REACH who="2" ten="296,632,112,0" step="2"/><T104/><D124/><U58/><E128/><V80/><F80/><T108/><D108/><U66/><E126/><V43/><F43/><T76/><D82/><U34/><E125/><V90/><AGARI ba="0,1" hai="36,37,39,53,57,61,74,75,90,92,96,97,102,105" m="31520" machi="90" ten="30,7800,0" yaku="1,1,0,1,52,1,53,1" doraHai="73" doraHaiUra="119" who="2" fromWho="2" sc="296,-39,632,-39,112,88,0,0" /><INIT seed="6,1,0,0,0,33" ten="257,593,200,0" oya="2" hai0="115,108,49,61,62,47,39,80,53,84,126,48,52" hai1="55,1,56,90,93,66,54,83,86,73,59,97,120" hai2="40,102,57,91,135,67,132,38,78,116,42,127,43" hai3=""/><V69/><F116/><T114/><D108/><U110/><N who="1" m="30752" /><U41/><E110/><V37/><F69/><T85/><D126/><U82/><E1/><V133/><F127/><T100/><D100/><U96/><E41/><V99/><F78/><T35/><D39/><N who="2" m="14858" /><F91/><T46/><D80/><U104/><E66/><V44/><F57/><T45/><D45/><U36/><E36/><V112/><F67/><T63/><D35/><U101/><E73/><V131/><F131/><T111/><D111/><U0/><E0/><V95/><F112/><AGARI ba="1,0" hai="46,47,48,49,52,53,61,62,63,84,85,112,114,115" machi="112" ten="40,8000,1" yaku="9,1,15,1,11,1,54,1" doraHai="33" who="0" fromWho="2" sc="257,82,593,0,200,-82,0,0" owari="339,-6.0,593,54.0,118,-48.0,0,0.0" /></mjloggm>