<mjloggm ver="2.3"><GO type="185" lobby="0"/><UN n0="%E3%82%8D%E3%81%AF%E3%82%93%37%33" n1="%69%6E%75%73%61%6E%38%34" n2="%E3%81%BE%E3%81%A4%E3%81%AE%E3%81%8F%E3%82%93" n3="" dan="16,16,17,0" rate="2016.81,2139.99,2242.58,1500.00" sx="M,M,M,C"/><TAIKYOKU oya="0"/><INIT seed="0,0,0,1,0,90" ten="350,350,350,0" oya="0" hai0="79,32,42,82,3,87,34,125,77,50,72,81,67" hai1="54,93,37,101,75,61,123,48,134,110,53,108,39" hai2="94,69,84,121,74,2,35,112,1,0,106,133,115" hai3=""/><T49/><D3/><U38/><N who="1" m="31520" /><U76/><E134/><V114/><N who="2" m="31008" /><V117/><F35/><T71/><D125/><U92/><E101/><V85/><F69/><T66/><D42/><U73/><E61/><V55/><F106/><T116/><D71/><U129/><E129/><V46/><F74/><N who="1" m="28169" /><E76/><V100/><F133/><T65/><REACH who="0" step="1"/><D116/><REACH who="0" ten="340,350,350,0" step="2"/><U83/><E83/><V120/><N who="2" m="30752" /><V107/><F117/><T132/><D132/><U118/><E118/><V88/><F0/><T113/><D113/><U97/><E97/><V60/><F1/><T70/><D70/><U105/><E105/><V95/><F2/><T63/><D63/><U64/><E64/><V41/><F60/><T103/><D103/><U99/><E99/><V89/><F107/><T98/><D98/><U78/><E78/><V68/><F100/><T58/><D58/><U128/><E128/><V36/><F68/><T33/><AGARI ba="0,1" hai="32,33,34,49,50,65,66,67,72,77,79,81,82,87" machi="33" ten="40,2600,0" yaku="1,1,0,1,53,0" doraHai="90" doraHaiUra="130" who="0" fromWho="0" sc="340,36,350,-13,350,-13,0,0" /><INIT seed="0,1,0,2,3,57" ten="376,337,337,0" oya="0" hai0="105,107,89,109,48,41,117,2,87,133,60,75,58" hai1="51,33,80,112,64,111,50,39,3,78,71,85,84" hai2="130,62,81,128,49,45,88,55,52,100,83,103,104" hai3=""/><T68/><D2/><U44/><E33/><V56/><F104/><T92/><D117/><U32/><E32/><V79/><F83/><T96/><D75/><U66/><E3/><V120/><N who="2" m="30752" /><V114/><F88/><T90/><D133/><U95/><E111/><V76/><F76/><T65/><D109/><U97/><E112/><V135/><F135/><T34/><D34/><U113/><E113/><V37/><F37/><T47/><REACH who="0" step="1"/><D68/><REACH who="0" ten="366,337,337,0" step="2"/><U91/><E71/><V99/><F114/><T124/><D124/><U101/><E39/><V69/><F69/><T46/><D46/><U43/><REACH who="1" step="1"/><E51/><REACH who="1" ten="366,327,337,0" step="2"/><V53/><F49/><T67/><D67/><U38/><E38/><V73/><F128/><T63/><D63/><U82/><AGARI ba="1,2" hai="43,44,50,64,66,78,80,82,84,85,91,95,97,101" machi="82" ten="20,3900,0" yaku="1,1,0,1,7,1,8,1,53,0" doraHai="57" doraHaiUra="134" who="1" fromWho="1" sc="366,-27,327,61,337,-14,0,0" /><INIT seed="1,0,0,5,1,44" ten="339,388,323,0" oya="1" hai0="82,35,109,64,61,94,75,50,66,56,47,118,123" hai1="84,122,90,54,87,49,88,89,59,121,111,92,37" hai2="45,101,124,96,55,70,60,104,58,134,102,63,2" hai3=""/><U42/><N who="1" m="31008" /><U68/><N who="1" m="31264" /><U133/><E68/><V34/><F2/><T51/><N who="0" m="31520" /><T93/><D35/><U132/><E111/><V110/><F34/><T83/><D118/><U99/><E37/><V98/><F110/><T72/><D109/><U52/><E42/><V80/><F124/><T103/><D103/><U128/><E128/><V62/><F134/><N who="1" m="51817" /><E54/><V119/><F119/><T97/><D97/><U73/><E73/><V40/><F80/><T107/><D107/><U125/><E125/><V67/><F67/><T46/><D61/><U0/><E0/><V115/><F70/><T43/><D56/><U131/><E131/><V120/><N who="2" m="30752" /><V57/><F57/><T39/><D39/><U116/><E116/><V1/><F1/><T53/><D53/><U33/><E33/><V32/><F32/><T117/><D117/><U130/><E130/><V41/><F41/><AGARI ba="0,0" hai="41,43,46,47,50,51,64,66,72,75,82,83,93,94" m="31520" machi="41" ten="25,8000,1" yaku="22,2,52,3" doraHai="44" who="0" fromWho="2" sc="339,80,388,0,323,-80,0,0" /><INIT seed="2,0,0,3,3,131" ten="419,388,243,0" oya="2" hai0="61,104,57,52,77,47,88,39,80,128,42,82,46" hai1="133,102,106,107,116,36,79,58,86,112,35,51,54" hai2="110,34,67,43,124,63,98,101,56,103,108,32,94" hai3=""/><V87/><F124/><T84/><D104/><U132/><E35/><V38/><F38/><T83/><D128/><U73/><E112/><V127/><F127/><T105/><D105/><U68/><E68/><V118/><F43/><T111/><D111/><N who="2" m="42538" /><F118/><T121/><N who="0" m="31008" /><T60/><D47/><U100/><E73/><V66/><F87/><T91/><D91/><U72/><E72/><V48/><F48/><T89/><D89/><U53/><E36/><V92/><F67/><T65/><D77/><U71/><E71/><AGARI ba="0,0" hai="39,42,46,52,57,60,61,65,71,80,82,83,84,88" m="31008" machi="71" ten="30,7700,0" yaku="7,1,52,1,54,2" doraHai="131" who="0" fromWho="1" sc="419,77,388,-77,243,0,0,0" /><INIT seed="4,0,0,2,1,89" ten="496,311,243,0" oya="0" hai0="76,79,53,72,69,58,71,48,45,102,61,60,118" hai1="113,92,50,130,131,90,87,107,101,127,75,132,2" hai2="108,134,135,55,94,97,32,109,59,104,44,88,128" hai3=""/><T129/><D118/><U74/><E2/><V133/><F32/><T37/><D129/><N who="1" m="49163" /><E50/><V91/><F128/><T35/><D35/><U106/><E127/><V105/><F44/><T124/><D124/><U40/><E40/><V49/><REACH who="2" step="1"/><F91/><REACH who="2" ten="496,311,233,0" step="2"/><T120/><N who="0" m="30752" /><T34/><D34/><U99/><E132/><V68/><F68/><T80/><D76/><U78/><E113/><V98/><F98/><T110/><D110/><AGARI ba="0,1" hai="49,55,59,88,94,97,104,105,108,109,110,133,134,135" machi="110" ten="50,8000,1" yaku="1,1,20,1,52,1,54,1,53,0" doraHai="89" doraHaiUra="83" who="2" fromWho="0" sc="496,-80,311,0,233,90,0,0" /><INIT seed="5,0,0,3,0,3" ten="416,311,323,0" oya="1" hai0="87,89,67,32,71,126,74,54,102,135,103,127,97" hai1="35,68,83,112,121,115,44,64,128,78,39,47,45" hai2="60,108,53,119,120,43,131,0,59,100,63,130,79" hai3=""/><U69/><N who="1" m="31008" /><U50/><E39/><V34/><N who="2" m="30752" /><V66/><F0/><T40/><D74/><U82/><E128/><N who="2" m="49195" /><F100/><T123/><N who="0" m="31520" /><T36/><D67/><U1/><E1/><V85/><F79/><T80/><D71/><N who="1" m="27211" /><E64/><V116/><F85/><T113/><D40/><U125/><E125/><V77/><F77/><T114/><D36/><U75/><E35/><V104/><F104/><T51/><D32/><U92/><E92/><V73/><F73/><T99/><D102/><U48/><E75/><V110/><F43/><T49/><D103/><U55/><E78/><V38/><F38/><T61/><D127/><U118/><E118/><N who="2" m="45099" /><F34/><T133/><D126/><U81/><E55/><V98/><F98/><T132/><D97/><U107/><E107/><V86/><F86/><T56/><D99/><U52/><E52/><V95/><F95/><T91/><D89/><U106/><E106/><V42/><F42/><T96/><D96/><U134/><E134/><V2/><F2/><T62/><D133/><U65/><E65/><V84/><F84/><T58/><D132/><U101/><E101/><V129/><N who="2" m="49203" /><V57/><AGARI ba="0,0" hai="53,57,59,60,63,66,108,110" m="45099,49203,30752" machi="57" ten="50,6000,1" yaku="4,1,19,1,34,2,52,1" doraHai="3" who="2" fromWho="2" sc="416,-20,311,-40,323,60,0,0" /><INIT seed="6,0,0,4,0,87" ten="396,271,383,0" oya="2" hai0="65,2,129,102,96,113,82,116,81,32,90,33,94" hai1="126,49,59,67,118,127,34,115,61,56,101,55,109" hai2="66,72,91,36,99,41,51,62,77,45,108,64,106" hai3=""/><V73/><F108/><T43/><D2/><U0/><E0/><V69/><F66/><T134/><D116/><U3/><E3/><V1/><F1/><T68/><D43/><U70/><E34/><V98/><F77/><T63/><D134/><U111/><E101/><V39/><F98/><T58/><D129/><U92/><E92/><V44/><F36/><T135/><D135/><U57/><E118/><V89/><F89/><T130/><D130/><U47/><REACH who="1" step="1"/><E115/><REACH who="1" ten="396,261,383,0" step="2"/><V104/><F104/><T119/><D113/><U54/><E54/><V60/><F106/><T84/><D119/><U105/><E105/><V123/><N who="2" m="31520" /><V71/><F64/><T38/><D33/><U35/><E35/><V112/><F112/><T79/><D32/><U120/><N who="1" m="30752" /><U52/><E52/><V117/><F117/><T95/><D95/><U78/><E78/><V133/><F133/><T124/><D79/><U88/><E88/><V132/><F132/><T107/><D107/><U46/><E46/><V75/><F45/><T76/><D76/><U85/><E85/><V50/><F91/><T121/><D90/><U53/><E53/><V131/><F131/><T37/><D84/><U93/><E93/><V110/><F44/><T125/><D94/><RYUUKYOKU ba="0,1" sc="396,-10,261,20,383,-10,0,0" hai1="47,49,55,56,57,59,61,67,70,109,111,126,127" /><INIT seed="8,1,1,3,0,60" ten="386,281,373,0" oya="0" hai0="57,75,131,55,130,51,123,102,54,94,96,86,104" hai1="119,38,78,77,63,67,43,103,58,90,92,71,125" hai2="105,132,135,46,116,126,91,82,88,101,107,0,95" hai3=""/><T97/><N who="0" m="31520" /><T50/><D75/><U36/><E119/><V93/><F0/><T73/><D73/><U79/><E125/><V70/><F70/><T120/><N who="0" m="30752" /><T61/><D86/><U37/><E103/><V111/><F111/><T84/><D84/><U80/><E71/><V108/><F108/><T76/><D76/><U42/><REACH who="1" step="1"/><E80/><REACH who="1" ten="386,271,373,0" step="2"/><V133/><F126/><T49/><D131/><U72/><E72/><V33/><F116/><T113/><D130/><U74/><E74/><V45/><F82/><T99/><D113/><U109/><E109/><V122/><N who="2" m="31264" /><V112/><F112/><T100/><REACH who="0" step="1"/><D97/><AGARI ba="1,2" hai="36,37,38,42,43,58,63,67,77,78,79,90,92,97" machi="97" ten="50,3200,0" yaku="1,1,52,1,53,0" doraHai="60" doraHaiUra="41" who="1" fromWho="0" sc="386,-34,271,54,373,0,0,0" /><INIT seed="9,0,0,3,3,33" ten="352,325,373,0" oya="1" hai0="125,47,2,103,49,0,108,60,97,94,84,51,65" hai1="67,68,112,62,81,45,39,69,86,42,72,3,76" hai2="113,109,119,55,73,91,89,1,106,131,64,92,101" hai3=""/><U105/><E112/><V110/><F64/><T132/><D108/><U82/><E105/><V120/><N who="2" m="30752" /><V44/><F44/><T50/><D132/><U78/><E3/><V128/><F55/><T38/><D125/><U117/><E117/><V80/><F1/><T100/><D103/><U133/><E133/><V48/><F48/><T90/><D38/><U53/><E53/><V32/><F32/><T61/><D47/><U111/><E111/><N who="2" m="42507" /><F113/><T37/><D37/><U79/><E79/><V34/><F34/><T52/><D52/><U54/><E54/><V43/><F43/><T71/><REACH who="0" step="1"/><D61/><REACH who="0" ten="342,325,373,0" step="2"/><U57/><AGARI ba="0,1" hai="39,42,45,57,62,67,68,69,72,76,78,81,82,86" machi="57" ten="20,1400,0" yaku="0,1,7,1" doraHai="33" who="1" fromWho="1" sc="342,-7,325,24,373,-7,0,0" /><INIT seed="9,1,0,3,1,98" ten="335,349,366,0" oya="1" hai0="34,62,69,132,112,61,122,120,50,114,106,103,0" hai1="128,109,2,38,134,65,131,45,87,100,115,60,57" hai2="51,42,127,71,32,67,47,40,105,97,119,52,66" hai3=""/><U76/><E2/><V63/><F32/><T46/><N who="0" m="30752" /><T113/><N who="0" m="31264" /><T3/><D34/><U78/><E115/><V77/><F127/><T92/><D106/><U125/><E125/><V41/><F119/><T75/><D75/><U74/><E74/><V36/><F77/><T70/><D92/><U89/><E134/><V101/><REACH who="2" step="1"/><F67/><REACH who="2" ten="335,349,356,0" step="2"/><T86/><D132/><U85/><E78/><V124/><F124/><T130/><D3/><U84/><E76/><V83/><F83/><T73/><D0/><U54/><E109/><V129/><F129/><T59/><D130/><U90/><E131/><V43/><F43/><T99/><D114/><U135/><E128/><V94/><F94/><T72/><D113/><U82/><E135/><V64/><F64/><T104/><D112/><U93/><E82/><V80/><F80/><T121/><D121/><U133/><E133/><V49/><F49/><T126/><D50/><U117/><E117/><V53/><F53/><T116/><D126/><U118/><E118/><V91/><F91/><T111/><D116/><U39/><E39/><AGARI ba="1,1" hai="36,39,40,41,42,47,51,52,63,66,71,97,101,105" machi="39" ten="40,5200,0" yaku="1,1,52,1,54,1,53,0" doraHai="98" doraHaiUra="81" who="2" fromWho="1" sc="335,0,349,-54,356,64,0,0" owari="335,-6.0,295,-30.0,420,36.0,0,0.0" /></mjloggm>