<mjloggm ver="2.3"><GO type="185" lobby="0"/><UN n0="%E8%8B%A6%E3%81%84%E5%BE%85%E3%81%A4" n1="%E3%81%97%E3%82%87%E3%81%86%E3%81%90%E3%82%93%EF%BC%94" n2="%6E%69%6B%6F%6C%75%30%33" n3="" dan="16,17,17,0" rate="2145.89,2224.98,2252.19,1500.00" sx="M,M,M,C"/><TAIKYOKU oya="0"/><INIT seed="0,0,0,4,0,43" ten="350,350,350,0" oya="0" hai0="68,48,79,52,117,73,98,35,123,103,128,49,39" hai1="125,87,55,65,83,94,113,132,72,115,44,129,36" hai2="70,78,93,77,80,124,51,59,108,100,118,122,88" hai3=""/><T133/><N who="0" m="31520" /><T45/><D35/><U97/><E72/><V95/><N who="2" m="31264" /><V46/><F70/><T89/><D117/><U60/><E132/><V0/><F0/><T116/><D133/><U66/><E129/><V109/><F118/><T112/><D116/><U106/><E106/><V105/><F124/><T56/><D128/><U34/><E125/><V82/><F105/><T114/><D39/><U99/><E97/><V41/><F100/><T33/><D68/><U57/><E34/><V126/><F126/><T134/><D33/><U38/><E36/><V91/><F59/><T121/><N who="0" m="31008" /><T69/><D69/><U102/><E66/><V84/><F95/><T127/><D127/><U81/><E83/><V50/><F50/><T111/><D134/><U96/><E38/><V63/><F63/><T101/><D48/><U40/><E102/><V67/><F67/><T120/><N who="0" m="30752" /><T92/><D103/><U32/><E32/><V110/><F82/><T135/><D135/><U3/><E81/><V37/><F37/><T107/><D56/><U76/><E57/><V130/><F130/><T62/><D101/><U1/><E3/><V74/><F74/><T119/><D107/><U64/><E1/><V104/><F104/><RYUUKYOKU ba="0,0" sc="350,-10,350,-10,350,20,0,0" hai2="41,46,51,77,78,80,84,88,91,93,108,109,110" /><INIT seed="1,1,0,4,0,51" ten="340,340,370,0" oya="1" hai0="68,116,84,65,108,60,99,133,56,117,42,127,114" hai1="66,91,121,53,64,100,122,135,77,103,49,32,80" hai2="124,118,0,101,94,130,43,125,98,74,57,105,2" hai3=""/><U111/><N who="1" m="31008" /><U58/><N who="1" m="31264" /><U63/><E32/><V46/><F118/><N who="0" m="45674" /><D114/><U44/><E135/><V97/><F74/><T41/><D133/><U34/><E34/><V120/><N who="2" m="30752" /><V48/><F130/><T87/><D108/><U35/><E35/><V106/><F105/><T132/><D132/><U107/><E107/><V71/><F71/><T123/><N who="0" m="31520" /><T89/><D127/><N who="2" m="48714" /><F57/><T83/><D99/><U62/><E91/><AGARI ba="1,0" hai="0,2,43,46,48,91,94,97,98,101,106" m="48714,30752" machi="91" ten="30,2000,0" yaku="18,1,52,1" doraHai="51" who="2" fromWho="1" sc="340,0,340,-22,370,22,0,0" /><INIT seed="2,0,0,3,1,42" ten="340,318,392,0" oya="2" hai0="56,88,94,50,33,35,89,64,135,107,84,78,60" hai1="92,122,73,63,44,133,62,116,55,108,46,90,126" hai2="54,123,120,59,134,119,70,41,76,96,1,40,104" hai3=""/><V101/><N who="2" m="30752" /><V43/><N who="2" m="31520" /><V37/><F119/><T93/><D107/><U61/><N who="1" m="31264" /><U125/><E73/><V130/><F1/><T95/><D135/><U102/><E133/><V52/><F134/><T109/><D109/><U124/><E108/><V81/><F70/><T74/><D74/><U87/><E116/><V3/><F3/><T75/><D75/><U47/><REACH who="1" step="1"/><E102/><REACH who="1" ten="340,308,392,0" step="2"/><V38/><F130/><T82/><D35/><U53/><AGARI ba="0,1" hai="44,46,47,53,55,61,62,63,87,90,92,124,125,126" m="31264" machi="53" ten="40,12000,3" yaku="1,1,2,1,0,1,29,2,18,1,52,4,53,0" doraHai="42" doraHaiUra="121" who="1" fromWho="1" sc="340,-40,308,130,392,-80,0,0" /><INIT seed="4,0,0,4,5,64" ten="300,438,312,0" oya="0" hai0="75,97,41,32,104,102,119,69,2,35,1,56,83" hai1="50,98,61,89,115,107,110,92,74,79,94,81,40" hai2="84,39,71,125,66,78,123,99,87,85,100,33,37" hai3=""/><T42/><D56/><U48/><E110/><V65/><N who="2" m="31520" /><V124/><F33/><N who="0" m="12874" /><D42/><U108/><E108/><V133/><F78/><T131/><D41/><U47/><E107/><V43/><F43/><T117/><D69/><U109/><E109/><V51/><F51/><T88/><D88/><U135/><E61/><V59/><F59/><T49/><D49/><U58/><E58/><V3/><F3/><N who="0" m="1034" /><D131/><U70/><E70/><V106/><F66/><T118/><D83/><U90/><E50/><V68/><F65/><T127/><D75/><U55/><E40/><V46/><F46/><T34/><N who="0" m="12882" /><T44/><DORA hai="101" /><D44/><U126/><E47/><V73/><F73/><T36/><D127/><N who="2" m="48714" /><F68/><T95/><D95/><U60/><E126/><V130/><F71/><T53/><D53/><U86/><E48/><V72/><F130/><T0/><N who="0" m="1042" /><T128/><DORA hai="113" /><D128/><U62/><E55/><V105/><F72/><T77/><D77/><U82/><E79/><V132/><F106/><T80/><D80/><U122/><E82/><V114/><F37/><AGARI ba="0,0" hai="36,37,97,102,104,117,118,119" m="1042,12882" machi="37" ten="70,12000,1" yaku="23,1,52,4" doraHai="64,101,113" who="0" fromWho="2" sc="300,120,438,0,312,-120,0,0" /><INIT seed="4,1,0,0,1,102" ten="420,438,192,0" oya="0" hai0="46,127,88,37,78,85,106,91,33,35,93,115,70" hai1="57,72,1,48,56,60,69,34,96,76,0,135,41" hai2="59,61,42,52,101,111,36,74,55,80,117,54,94" hai3=""/><T123/><N who="0" m="31520" /><T133/><D106/><U47/><E34/><V66/><F111/><T38/><D70/><U121/><N who="1" m="31008" /><U122/><N who="1" m="31264" /><U118/><E118/><V130/><F130/><T53/><D133/><U64/><E135/><V32/><F32/><T100/><D127/><U113/><E113/><V103/><F117/><T108/><D108/><U77/><E77/><V51/><F36/><T131/><D115/><U124/><E124/><V89/><F74/><T107/><D131/><U128/><E128/><V40/><F80/><T105/><D78/><U99/><E57/><V2/><F2/><T114/><D114/><U129/><E129/><V92/><F92/><T68/><D93/><U84/><E72/><V71/><F71/><T73/><D73/><U39/><E0/><V98/><F42/><T90/><D35/><U109/><E1/><V87/><REACH who="2" step="1"/><F98/><REACH who="2" ten="420,438,182,0" step="2"/><T125/><D33/><U120/><N who="1" m="30752" /><U75/><E109/><V58/><F58/><T95/><D68/><U97/><E75/><V81/><F81/><T3/><D3/><U44/><E69/><V119/><F119/><T110/><D95/><U43/><E97/><V86/><F86/><T79/><D85/><U45/><E84/><V83/><F83/><RYUUKYOKU ba="1,1" sc="420,-10,438,-10,182,20,0,0" hai2="40,51,52,54,55,59,61,66,87,89,94,101,103" /><INIT seed="5,2,1,3,0,36" ten="410,428,202,0" oya="1" hai0="125,91,79,93,73,103,134,84,66,110,1,71,99" hai1="88,39,45,130,113,89,75,77,95,116,120,82,102" hai2="87,63,108,69,32,133,50,46,104,78,55,61,128" hai3=""/><U72/><N who="1" m="30752" /><U117/><E113/><V112/><F32/><T135/><D1/><U106/><E130/><V132/><F104/><T86/><D66/><U105/><E39/><V114/><F108/><T54/><D54/><U47/><E102/><V42/><F128/><T64/><D64/><U60/><E60/><N who="2" m="23115" /><F69/><T62/><D62/><U35/><E35/><V3/><F3/><T65/><D65/><U115/><E115/><N who="2" m="44075" /><F55/><T111/><D71/><U85/><E106/><V97/><F97/><T80/><D86/><U59/><E85/><V67/><F67/><T124/><D111/><U74/><E75/><V92/><F92/><T44/><D110/><U129/><E74/><V48/><F48/><T123/><N who="0" m="31520" /><T37/><D73/><U109/><E129/><V122/><N who="2" m="31264" /><V52/><F52/><T98/><D98/><U68/><E109/><V81/><AGARI ba="2,1" hai="42,46,50,78,81,87,132,133" m="31264,44075,23115" machi="81" ten="40,6000,1" yaku="15,1,11,1,52,2" doraHai="36" who="2" fromWho="2" sc="410,-22,428,-42,202,74,0,0" /><INIT seed="6,0,0,1,0,101" ten="388,386,276,0" oya="2" hai0="49,0,109,122,125,133,53,48,128,114,123,47,70" hai1="54,1,94,115,67,131,93,126,40,112,63,51,106" hai2="90,56,105,61,44,33,66,92,85,52,98,57,75" hai3=""/><V71/><F33/><T102/><N who="0" m="31264" /><T43/><N who="0" m="31520" /><T50/><D0/><U86/><E1/><V89/><F75/><T99/><D70/><U118/><E118/><V64/><F64/><T79/><D109/><U59/><E131/><V76/><F76/><T132/><D114/><N who="1" m="43563" /><E106/><V78/><F78/><T120/><N who="0" m="30752" /><T87/><D128/><U83/><E40/><V72/><F72/><T45/><D125/><U121/><N who="1" m="31008" /><U32/><E126/><V46/><F71/><T110/><D110/><U77/><E32/><V116/><F116/><T91/><D79/><U135/><E135/><N who="0" m="51785" /><D43/><U95/><E95/><V103/><REACH who="2" step="1"/><F90/><REACH who="2" ten="388,386,266,0" step="2"/><T84/><D91/><U69/><AGARI ba="0,1" hai="51,54,59,63,67,69,77,83,86,93,94" m="31008,43563" machi="69" ten="30,1500,0" yaku="15,1,52,1" doraHai="101" who="1" fromWho="1" sc="388,-5,386,25,266,-10,0,0" owari="383,-2.0,411,36.0,256,-34.0,0,0.0" /></mjloggm>