<mjloggm ver="2.3"><GO type="169" lobby="0"/><UN n0="%E3%82%B5%E3%83%B3%E3%83%9E%E9%81%93%E6%A5%BD%E3%81%AE%E4%BA%BA" n1="%E6%AD%8C%E8%88%9E%E4%BC%8E%E5%90%9B" n2="%E3%83%9E%E3%82%AD%E3%83%A3%E3%83%A2%E3%83%B3" n3="%EF%BC%93%E7%95%AA%E3%82%B7%E3%83%A7%E3%83%BC%E3%83%88%E5%9D%82%E7%94%B0" dan="16,16,16,17" rate="2144.49,2130.16,2106.08,2177.01" sx="M,M,M,M"/><TAIKYOKU oya="0"/><INIT seed="0,0,0,0,0,27" ten="250,250,250,250" oya="0" hai0="32,110,97,39,25,94,108,41,2,126,64,28,10" hai1="19,5,35,50,55,17,76,130,40,87,127,60,15" hai2="62,66,52,121,0,73,119,16,3,24,22,98,26" hai3="37,85,129,132,1,120,6,11,59,91,69,104,83"/><T93/><D64/><U18/><E127/><V9/><F121/><W45/><G132/><T56/><D56/><U61/><E35/><V89/><F73/><W7/><G69/><T72/><D72/><U49/><E130/><V29/><F119/><W12/><G104/><T48/><D39/><U38/><E38/><V102/><F89/><W103/><G129/><T58/><D126/><U99/><E99/><V33/><F9/><W117/><G103/><T100/><D94/><U71/><E71/><V74/><F52/><W54/><G117/><T115/><D115/><U31/><E31/><V128/><F74/><W14/><G120/><T47/><REACH who="0" step="1"/><D58/><REACH who="0" ten="240,250,250,250" step="2"/><U63/><E63/><V124/><F124/><W118/><G118/><T78/><D78/><U107/><E76/><V131/><F131/><W70/><G70/><T135/><D135/><U43/><E60/><V79/><F79/><W95/><G95/><T42/><D42/><U44/><E61/><V96/><F128/><W84/><G37/><T109/><D109/><U20/><E40/><V106/><F98/><W68/><G59/><AGARI ba="0,1" hai="0,3,16,22,24,26,29,33,59,62,66,96,102,106" machi="59" ten="30,3900,0" yaku="7,1,52,1,54,1" doraHai="27" who="2" fromWho="3" sc="240,0,250,0,250,49,250,-39" /><INIT seed="1,0,0,1,2,9" ten="240,250,299,211" oya="1" hai0="29,28,129,81,124,25,131,87,128,44,73,94,37" hai1="68,64,8,20,118,108,31,69,34,4,89,60,119" hai2="54,38,56,93,49,80,115,78,96,82,101,15,24" hai3="88,109,110,5,6,13,33,40,50,84,2,63,71"/><U130/><E130/><V35/><F115/><W39/><G39/><T66/><D124/><U12/><E108/><N who="3" m="41578" /><G33/><T125/><D125/><U61/><E34/><V67/><F38/><W57/><G2/><T72/><D66/><U122/><E122/><V59/><F78/><W32/><G32/><T53/><D94/><U52/><E89/><V23/><F35/><W86/><G86/><T22/><D28/><U46/><E69/><V42/><F42/><W100/><G100/><T76/><REACH who="0" step="1"/><D53/><REACH who="0" ten="230,250,299,211" step="2"/><U92/><E92/><N who="2" m="58503" /><F67/><W126/><G71/><T107/><D107/><U98/><E98/><V106/><F106/><W10/><G126/><T123/><D123/><U58/><REACH who="1" step="1"/><E46/><REACH who="1" ten="230,240,299,211" step="2"/><N who="2" m="27959" /><F93/><W55/><G57/><T97/><D97/><U85/><E85/><V133/><F59/><W90/><G84/><T3/><D3/><U7/><E7/><V105/><F56/><N who="3" m="35231" /><G5/><T45/><D45/><AGARI ba="0,2" hai="6,10,13,40,45,50,88,90" m="35231,41578" machi="45" ten="30,3900,0" yaku="14,1,52,1,54,1" doraHai="9" who="3" fromWho="0" sc="230,-39,240,0,299,0,211,59" /><INIT seed="2,0,0,3,4,116" ten="191,240,299,270" oya="2" hai0="134,26,89,126,108,119,17,50,82,74,53,98,79" hai1="45,36,27,42,132,106,48,84,130,24,18,92,128" hai2="127,56,40,65,39,85,78,34,104,49,125,29,10" hai3="22,61,96,122,94,88,110,93,103,13,38,123,6"/><V31/><F104/><W4/><G38/><T0/><D108/><U64/><E106/><V102/><F102/><W1/><G1/><T20/><D134/><U44/><E132/><V60/><F34/><W41/><G41/><T12/><D0/><U46/><E64/><V23/><F10/><W28/><G110/><T9/><D126/><N who="2" m="48138" /><F23/><W21/><G21/><T121/><D119/><U99/><E84/><V75/><F85/><W25/><G61/><T95/><D50/><U69/><E69/><V90/><F90/><W97/><G4/><T37/><D37/><U118/><E36/><V35/><F35/><W101/><REACH who="3" step="1"/><G103/><REACH who="3" ten="191,240,299,260" step="2"/><T77/><D77/><U14/><E118/><V3/><F3/><W80/><G80/><T55/><REACH who="0" step="1"/><D121/><REACH who="0" ten="181,240,299,260" step="2"/><U124/><E124/><V114/><F39/><W67/><G67/><T8/><D8/><AGARI ba="0,2" hai="6,8,13,22,25,28,88,93,94,96,97,101,122,123" machi="8" ten="40,8000,1" yaku="1,1,52,2,54,1,53,1" doraHai="116" doraHaiUra="86" who="3" fromWho="0" sc="181,-80,240,0,299,0,260,100" /><INIT seed="3,0,0,3,2,30" ten="101,240,299,360" oya="3" hai0="77,37,7,8,23,76,94,65,54,74,66,31,125" hai1="115,48,68,9,113,26,45,3,67,61,2,102,133" hai2="89,92,114,107,16,5,40,56,104,117,28,29,121" hai3="78,82,60,122,15,84,13,12,44,6,98,88,101"/><W97/><G122/><T58/><D125/><U72/><E72/><V20/><F104/><W63/><G6/><T105/><D105/><U80/><E133/><V11/><F107/><W1/><G1/><T81/><D37/><U47/><E102/><V126/><F114/><W62/><G101/><T35/><D23/><U112/><E80/><V55/><F40/><W99/><REACH who="3" step="1"/><G44/><REACH who="3" ten="101,240,299,350" step="2"/><T90/><D65/><U42/><E47/><V21/><F121/><W75/><G75/><T135/><D66/><U73/><E73/><V69/><F126/><W71/><G71/><T118/><D118/><U38/><E2/><V70/><F69/><W127/><G127/><T27/><D135/><U120/><E120/><V36/><F70/><W86/><G86/><T4/><D4/><U129/><E3/><V119/><F119/><W46/><G46/><T100/><D100/><U123/><E123/><V103/><F103/><W106/><G106/><T59/><D59/><U43/><E43/><V130/><F117/><W128/><G128/><T51/><D74/><U85/><E129/><V93/><F5/><W111/><G111/><T131/><D131/><U34/><E85/><V116/><F116/><W109/><G109/><T52/><D58/><U24/><E42/><V79/><F130/><W57/><G57/><T96/><D7/><U108/><E108/><V10/><F56/><W132/><G132/><T41/><D41/><U83/><E113/><V95/><F36/><W64/><G64/><T32/><D54/><N who="1" m="29967" /><E38/><V134/><F134/><W0/><G0/><T49/><D52/><U124/><E115/><RYUUKYOKU ba="0,1" sc="101,-10,240,-10,299,-10,350,30" hai3="12,13,15,60,62,63,78,82,84,88,97,98,99" /><INIT seed="3,1,1,3,4,112" ten="91,230,289,380" oya="3" hai0="120,104,32,71,70,34,132,41,130,18,42,98,9" hai1="131,84,83,117,22,79,51,105,52,58,99,86,14" hai2="88,72,126,114,106,10,73,78,81,82,95,85,25" hai3="37,45,19,60,21,56,109,39,26,113,96,50,119"/><W59/><G113/><T69/><D120/><U108/><E108/><V135/><F114/><W74/><G74/><N who="2" m="28777" /><F25/><W33/><G33/><T65/><D65/><U28/><E131/><V91/><F10/><W76/><G109/><T3/><D130/><U125/><E125/><V53/><F53/><W67/><G76/><T75/><D75/><U90/><E117/><V116/><F126/><W129/><G129/><T100/><D132/><U30/><E99/><N who="2" m="57831" /><F135/><W2/><G2/><T12/><REACH who="0" step="1"/><D3/><REACH who="0" ten="81,230,289,380" step="2"/><U27/><E14/><V57/><F116/><W43/><G119/><T62/><D62/><U101/><E105/><V17/><F106/><W93/><REACH who="3" step="1"/><G59/><REACH who="3" ten="81,230,289,370" step="2"/><T29/><D29/><U5/><E58/><V87/><F57/><W16/><G16/><T77/><D77/><U80/><E28/><V133/><F17/><W1/><G1/><T13/><D13/><U66/><E30/><V123/><F133/><W54/><G54/><T94/><D94/><U103/><E52/><V68/><F68/><W11/><G11/><T92/><D92/><U38/><E79/><N who="2" m="46271" /><F123/><W48/><G48/><T63/><D63/><U4/><E51/><V35/><F35/><AGARI ba="1,3" hai="9,12,18,32,34,35,41,42,69,70,71,98,100,104" machi="35" ten="50,1600,0" yaku="1,1,53,0" doraHai="112" doraHaiUra="23" who="0" fromWho="2" sc="81,49,230,0,289,-19,370,0" /><INIT seed="4,0,0,2,3,113" ten="130,230,270,370" oya="0" hai0="52,120,43,108,14,116,47,29,126,64,1,81,15" hai1="78,49,19,53,18,7,39,57,33,77,3,34,111" hai2="20,44,68,63,132,129,112,107,105,56,67,61,0" hai3="82,76,115,101,12,22,28,27,25,94,30,86,40"/><T74/><D120/><U31/><E39/><V73/><F73/><W42/><G115/><T127/><D1/><U104/><E104/><V134/><F112/><W98/><REACH who="3" step="1"/><G12/><REACH who="3" ten="130,230,270,360" step="2"/><T38/><D108/><U110/><E3/><V16/><F0/><W10/><G10/><T95/><D14/><U96/><E111/><V83/><F129/><W26/><G26/><T124/><D15/><U37/><E110/><V51/><F107/><W91/><G91/><T121/><D121/><U65/><E77/><V41/><F105/><W2/><G2/><T11/><D11/><U85/><E78/><V103/><F103/><W92/><G92/><T88/><D29/><U117/><E31/><V131/><F131/><W122/><G122/><T21/><D21/><AGARI ba="0,1" hai="21,22,25,27,28,30,40,42,76,82,86,94,98,101" machi="21" ten="30,7700,0" yaku="1,1,7,1,9,1,8,1,53,0" doraHai="113" doraHaiUra="69" who="3" fromWho="0" sc="130,-77,230,0,270,0,360,87" /><INIT seed="5,0,0,3,4,105" ten="53,230,270,447" oya="1" hai0="6,11,17,102,116,30,29,53,14,16,68,62,107" hai1="89,86,108,73,84,20,111,36,42,2,118,74,0" hai2="126,8,58,93,88,91,40,26,51,124,67,35,25" hai3="122,132,114,45,99,96,24,46,127,43,18,133,97"/><U56/><E118/><V87/><F8/><W109/><G109/><N who="1" m="42058" /><E56/><V65/><F35/><W1/><G1/><N who="1" m="618" /><E20/><V101/><F101/><W19/><G122/><T125/><D125/><N who="2" m="48234" /><F91/><W121/><G127/><T80/><D116/><U12/><E12/><V94/><F94/><W41/><G121/><T59/><D68/><U23/><E23/><V66/><F58/><W55/><G24/><N who="2" m="9321" /><F51/><W49/><G18/><T72/><D102/><U13/><E13/><V131/><F40/><W64/><G19/><T134/><D107/><U106/><E106/><V82/><F93/><W21/><G41/><T76/><D134/><U33/><E33/><V123/><F123/><W22/><G43/><T60/><D60/><U78/><E78/><V85/><F85/><N who="1" m="32873" /><E89/><V54/><F67/><W34/><G22/><T129/><REACH who="0" step="1"/><D129/><REACH who="0" ten="43,230,270,447" step="2"/><U92/><E92/><V135/><F131/><W50/><G21/><T117/><D117/><U27/><E27/><V37/><F135/><W77/><G133/><T71/><D71/><U79/><E79/><V100/><F100/><W3/><G77/><T103/><D103/><U90/><E90/><V31/><F88/><W28/><G132/><T7/><D7/><U52/><E36/><V104/><F37/><W61/><G61/><T98/><D98/><U120/><E120/><V39/><F39/><W128/><G96/><T110/><D110/><U4/><E4/><V47/><F104/><W75/><G99/><T83/><D83/><U57/><E42/><V44/><F82/><W70/><G70/><T38/><D38/><U10/><E10/><V113/><F113/><RYUUKYOKU ba="0,1" sc="43,15,230,15,270,-15,447,-15" hai0="6,11,14,16,17,29,30,53,59,62,72,76,80" hai1="52,57,73,74" /><INIT seed="5,1,1,5,5,71" ten="58,245,255,432" oya="1" hai0="109,4,126,51,36,52,37,30,120,110,10,54,48" hai1="5,81,70,119,16,68,107,98,99,123,106,108,122" hai2="74,134,20,95,114,105,39,0,113,11,12,116,1" hai3="62,111,6,102,14,127,21,104,90,35,100,128,18"/><U69/><E119/><V85/><F105/><W96/><G111/><T45/><D30/><U84/><E108/><V103/><F116/><W75/><G75/><T2/><D120/><U73/><E5/><V93/><F74/><W44/><G35/><T112/><D126/><U129/><E73/><V64/><F64/><W78/><G78/><T115/><D110/><U13/><E129/><V56/><F56/><W23/><G127/><T9/><D109/><U27/><E27/><V40/><F20/><W121/><G121/><T79/><D79/><U97/><E107/><V133/><F85/><W17/><G128/><T34/><D34/><U94/><E94/><N who="2" m="35851" /><F103/><W124/><G124/><T3/><D45/><U91/><REACH who="1" step="1"/><E106/><REACH who="1" ten="58,235,255,432" step="2"/><V7/><F1/><W67/><G104/><T31/><D31/><U125/><E125/><V26/><F26/><W83/><G6/><AGARI ba="1,2" hai="2,3,4,6,9,10,36,37,48,51,52,54,112,115" machi="6" ten="25,8000,1" yaku="22,2,52,2,54,1" doraHai="71" who="0" fromWho="3" sc="58,103,235,0,255,0,432,-83" /><INIT seed="6,0,0,1,4,16" ten="161,235,255,349" oya="2" hai0="98,33,93,18,134,43,95,79,62,41,50,73,77" hai1="27,3,78,128,49,81,100,127,105,96,101,99,54" hai2="119,114,13,0,28,130,32,48,111,123,34,29,68" hai3="47,36,63,57,72,5,94,70,89,35,92,1,58"/><V125/><RYUUKYOKU type="yao9" ba="0,0" sc="161,0,235,0,255,0,349,0" hai2="0,13,28,29,32,34,48,68,111,114,119,123,125,130" /><INIT seed="6,1,0,0,1,127" ten="161,235,255,349" oya="2" hai0="57,67,124,80,105,93,14,104,121,64,107,58,33" hai1="96,89,22,66,13,114,5,63,3,92,72,62,16" hai2="27,103,131,55,0,123,83,71,82,73,100,101,49" hai3="81,74,97,85,53,47,52,56,23,133,65,42,46"/><V95/><F123/><W24/><G74/><T84/><D121/><U38/><E114/><V119/><F119/><W35/><G35/><T41/><D33/><U59/><E72/><V51/><F71/><W44/><G133/><T112/><D124/><U12/><E38/><V76/><F0/><W117/><G117/><T122/><D122/><U116/><E116/><V78/><F131/><W118/><G118/><T98/><D41/><U17/><E3/><V4/><F4/><W87/><G97/><T69/><D14/><U19/><E63/><V102/><F27/><W132/><G132/><T129/><D112/><U90/><E89/><V36/><F36/><W8/><G8/><AGARI ba="1,0" hai="5,8,12,13,16,17,19,22,59,62,66,90,92,96" machi="8" ten="40,2600,0" yaku="8,1,54,1" doraHai="127" who="1" fromWho="3" sc="161,0,235,29,255,0,349,-29" /><INIT seed="7,0,0,2,1,36" ten="161,264,255,320" oya="3" hai0="13,105,123,32,9,34,83,124,89,54,57,31,104" hai1="39,119,14,58,82,107,33,76,37,112,24,108,12" hai2="122,73,40,71,11,128,100,23,116,42,5,51,90" hai3="87,115,127,101,68,129,48,63,94,10,55,46,111"/><W60/><G115/><T78/><D123/><U15/><E107/><V2/><F116/><W86/><G129/><T133/><D124/><U106/><E108/><V88/><F71/><W130/><G130/><T79/><D133/><U21/><E106/><V7/><F128/><W38/><G38/><T30/><D89/><N who="2" m="34410" /><F2/><W134/><G134/><T72/><D104/><U91/><E33/><V75/><F122/><W102/><G127/><T1/><D105/><U61/><E112/><V121/><F75/><W50/><G111/><T20/><D1/><U3/><E3/><V25/><F73/><W0/><G0/><T52/><D79/><U85/><E119/><V96/><F121/><W35/><G35/><T99/><D99/><U98/><E39/><V84/><F84/><N who="3" m="32299" /><G68/><T17/><D30/><N who="1" m="17679" /><E37/><V16/><F51/><W135/><G10/><T93/><D93/><N who="1" m="56639" /><E14/><N who="2" m="5487" /><F7/><W69/><G69/><T70/><D70/><U118/><E118/><V125/><F125/><W95/><G135/><T110/><D110/><U62/><E62/><N who="3" m="23594" /><G50/><T47/><D32/><U103/><E103/><AGARI ba="0,0" hai="46,48,55,94,95,101,102,103" m="23594,32299" machi="103" ten="30,1500,0" yaku="8,1" doraHai="36" who="3" fromWho="1" sc="161,0,264,-15,255,0,320,15" owari="161,-34.0,249,-15.0,255,6.0,335,43.0" /></mjloggm>