<mjloggm ver="2.3"><GO type="185" lobby="0"/><UN n0="%E3%81%B7%E3%82%8A%E3%81%B7%E3%82%8A%EF%BC%92%EF%BC%90%EF%BC%90%EF%BC%91" n1="%6E%69%6B%6F%6C%75%30%33" n2="%E3%81%BA%E3%82%93%E3%81%8E%E3%82%93%E3%81%95%E3%82%93" n3="" dan="16,17,16,0" rate="2138.19,2240.40,2112.44,1500.00" sx="M,M,F,C"/><TAIKYOKU oya="0"/><INIT seed="0,0,0,0,4,95" ten="350,350,350,0" oya="0" hai0="131,63,90,96,129,40,114,61,73,104,122,98,70" hai1="49,116,97,123,43,52,105,132,115,103,47,134,99" hai2="82,35,88,127,84,54,125,39,100,93,92,111,128" hai3=""/><T77/><N who="0" m="31264" /><T62/><D114/><U3/><N who="1" m="31520" /><U41/><E3/><V53/><F35/><T44/><D70/><U68/><E115/><V46/><F111/><T34/><D34/><U118/><E68/><V121/><N who="2" m="31008" /><V71/><F71/><T2/><D2/><U133/><REACH who="1" step="1"/><E99/><REACH who="1" ten="350,340,350,0" step="2"/><V110/><F110/><T60/><D104/><U81/><E81/><V75/><F82/><T58/><D73/><U112/><E112/><V37/><F75/><T124/><D98/><U74/><E74/><V83/><F83/><T1/><D1/><U126/><E126/><V79/><F125/><T89/><D124/><U55/><E55/><V45/><F127/><T0/><D0/><U42/><AGARI ba="0,1" hai="41,42,43,47,49,52,97,103,105,116,118,132,133,134" m="31520" machi="42" ten="40,9000,2" yaku="1,1,0,1,20,1,52,2,54,1,53,0" doraHai="95" doraHaiUra="32" who="1" fromWho="1" sc="350,-60,340,100,350,-30,0,0" /><INIT seed="1,0,0,3,2,106" ten="290,440,320,0" oya="1" hai0="134,59,117,65,34,1,57,64,52,97,85,46,36" hai1="127,109,77,123,35,50,124,38,32,39,98,103,53" hai2="112,63,3,71,102,118,130,70,105,115,90,55,49" hai3=""/><U87/><N who="1" m="31520" /><U120/><N who="1" m="30752" /><U51/><E109/><V84/><F3/><T67/><D1/><U79/><E87/><V41/><F118/><T91/><D34/><N who="1" m="12843" /><E98/><V37/><F130/><T47/><D97/><U60/><E60/><V100/><F105/><T93/><D117/><U126/><E103/><V110/><F110/><T48/><D36/><N who="1" m="13867" /><E51/><V107/><F63/><T33/><D33/><U44/><AGARI ba="0,0" hai="44,50,53,77,79,124,126,127" m="13867,12843,30752,31520" machi="44" ten="40,5200,0" yaku="18,1,52,2" doraHai="106" who="1" fromWho="1" sc="290,-26,440,52,320,-26,0,0" /><INIT seed="1,1,0,0,2,35" ten="264,492,294,0" oya="1" hai0="113,85,41,109,82,122,66,83,2,115,69,124,75" hai1="90,86,32,104,74,96,76,120,48,49,98,99,93" hai2="40,87,64,44,125,103,36,118,72,33,128,34,46" hai3=""/><U53/><N who="1" m="30752" /><U52/><E32/><V129/><F118/><T94/><N who="0" m="31264" /><T61/><D124/><U108/><E108/><V88/><F72/><T133/><D133/><U78/><E104/><V3/><F125/><T1/><D41/><U80/><E78/><V121/><N who="2" m="31008" /><V123/><N who="2" m="31520" /><V95/><F3/><T79/><D94/><U71/><E71/><V117/><F117/><T110/><D115/><U43/><E43/><V60/><F46/><T57/><D69/><U130/><E130/><N who="2" m="50283" /><F103/><T114/><D114/><U68/><E68/><AGARI ba="1,0" hai="33,34,36,40,44,60,64,68,87,88,95" m="50283,31520,31008" machi="68" ten="30,7700,0" yaku="19,1,52,2,54,1" doraHai="35" who="2" fromWho="1" sc="264,0,492,-79,294,79,0,0" /><INIT seed="2,0,0,1,4,127" ten="264,413,373,0" oya="2" hai0="121,115,55,117,93,65,59,118,64,69,133,71,119" hai1="34,61,75,89,114,63,3,70,76,126,88,77,54" hai2="62,128,116,131,51,107,38,103,56,112,74,81,46" hai3=""/><V53/><F116/><T66/><N who="0" m="31008" /><T132/><D93/><U33/><E114/><V120/><N who="2" m="30752" /><V98/><F112/><T57/><D115/><U67/><E3/><V79/><REACH who="2" step="1"/><F38/><REACH who="2" ten="264,413,363,0" step="2"/><T99/><D99/><U72/><E33/><V94/><F94/><T37/><D37/><U36/><E34/><V39/><F39/><T35/><D35/><U73/><E36/><V44/><F44/><T85/><D85/><U58/><REACH who="1" step="1"/><E126/><REACH who="1" ten="264,403,363,0" step="2"/><V83/><F83/><T96/><D96/><U130/><E130/><V80/><F80/><T78/><D78/><AGARI ba="0,2" hai="54,58,61,63,67,70,72,73,75,76,77,78,88,89" machi="78" ten="40,2600,0" yaku="1,1,54,1,53,0" doraHai="127" doraHaiUra="111" who="1" fromWho="0" sc="264,-26,403,46,363,0,0,0" /><INIT seed="4,0,0,1,4,63" ten="238,449,363,0" oya="0" hai0="77,33,66,39,131,92,102,74,41,87,61,56,116" hai1="35,107,99,105,38,47,69,71,62,112,34,93,115" hai2="65,64,51,94,103,97,83,79,127,54,110,45,118" hai3=""/><T55/><D33/><N who="1" m="12299" /><E93/><V37/><F127/><T108/><D116/><U132/><E132/><V111/><F110/><T82/><D131/><U53/><E53/><V44/><F111/><T91/><D108/><U114/><E99/><V58/><F118/><T60/><D41/><U124/><E124/><V2/><F2/><T126/><D39/><U89/><E89/><V95/><F95/><T128/><D128/><U135/><E135/><V52/><F45/><T113/><D113/><U84/><E84/><V88/><F103/><T96/><D126/><U59/><E59/><V80/><F37/><T86/><REACH who="0" step="1"/><D102/><REACH who="0" ten="228,449,363,0" step="2"/><U90/><E38/><V73/><F80/><T70/><AGARI ba="0,1" hai="55,56,60,61,66,70,74,77,82,86,87,91,92,96" machi="70" ten="20,8000,1" yaku="1,1,2,1,0,1,7,1,52,1,53,0" doraHai="63" doraHaiUra="123" who="0" fromWho="0" sc="228,90,449,-40,363,-40,0,0" /><INIT seed="4,1,0,4,5,118" ten="318,409,323,0" oya="0" hai0="126,98,53,122,44,39,121,124,125,120,52,99,85" hai1="106,73,0,130,42,133,82,103,79,35,90,132,40" hai2="100,115,38,81,58,71,94,95,63,110,114,64,3" hai3=""/><T41/><REACH who="0" step="1"/><D85/><REACH who="0" ten="308,409,323,0" step="2"/><U108/><E0/><V104/><F3/><T101/><D101/><U86/><E35/><V76/><F100/><T135/><D135/><N who="1" m="51787" /><E108/><V60/><F110/><T50/><D50/><U59/><E130/><V67/><F114/><T102/><D102/><U87/><E87/><V96/><F115/><T113/><D113/><U78/><E103/><V127/><F38/><T74/><D74/><U72/><E72/><V68/><F127/><T62/><D62/><U92/><E106/><V111/><F111/><T84/><D84/><U45/><E73/><V37/><F37/><T128/><D128/><U1/><E1/><V70/><F104/><T51/><D51/><U116/><E86/><V107/><F107/><T77/><D77/><U61/><E79/><V2/><F2/><T109/><D109/><U55/><E78/><V117/><F76/><T83/><D83/><U43/><E82/><V47/><F81/><T131/><D131/><U57/><E61/><V93/><F63/><T105/><D105/><U88/><E90/><V54/><F60/><T34/><D34/><U89/><E89/><V134/><F134/><T33/><D33/><U91/><E91/><V36/><F36/><T129/><D129/><U65/><E88/><RYUUKYOKU ba="1,1" sc="308,20,409,-10,323,-10,0,0" hai0="39,41,44,52,53,98,99,120,121,122,124,125,126" /><INIT seed="4,2,1,5,4,94" ten="328,399,313,0" oya="0" hai0="54,90,119,60,109,46,36,88,74,56,82,1,38" hai1="105,49,130,97,118,86,61,106,37,133,0,111,77" hai2="79,134,95,35,59,45,62,55,104,120,44,75,73" hai3=""/><T115/><D1/><U116/><E0/><V91/><N who="2" m="30752" /><V122/><N who="2" m="31264" /><V32/><F104/><T53/><D119/><U40/><E111/><V34/><F134/><T83/><D109/><U124/><E133/><V69/><F69/><T66/><D115/><U121/><N who="1" m="31008" /><U33/><E33/><V108/><F108/><T128/><D128/><U123/><N who="1" m="31520" /><U125/><E37/><V113/><F113/><T127/><D127/><N who="1" m="48715" /><E61/><V47/><REACH who="2" step="1"/><F79/><REACH who="2" ten="328,399,303,0" step="2"/><T114/><D114/><U110/><E110/><V85/><AGARI ba="2,2" hai="32,34,35,44,45,47,55,59,62,73,75,85,91,95" m="31264,30752" machi="85" ten="40,9000,2" yaku="1,1,2,1,0,1,52,2,53,1" doraHai="94" doraHaiUra="80" who="2" fromWho="2" sc="328,-62,399,-32,303,114,0,0" /><INIT seed="5,0,0,2,0,38" ten="266,367,417,0" oya="1" hai0="67,117,80,90,95,131,110,41,85,55,76,120,47" hai1="89,60,44,1,105,33,40,73,66,48,97,32,83" hai2="98,72,68,37,87,50,61,77,132,109,125,92,70" hai3=""/><U93/><E1/><V102/><F109/><T56/><N who="0" m="30752" /><T91/><D131/><U43/><E105/><V111/><F111/><T34/><D34/><U121/><N who="1" m="31008" /><U104/><E104/><V45/><F37/><T63/><D110/><U113/><E113/><V101/><F72/><T65/><D117/><U134/><E134/><V39/><F39/><T128/><D91/><U81/><E43/><V69/><F68/><T118/><D128/><U79/><REACH who="1" step="1"/><E83/><REACH who="1" ten="266,357,417,0" step="2"/><V119/><F132/><T84/><REACH who="0" step="1"/><D118/><REACH who="0" ten="256,357,417,0" step="2"/><U53/><E53/><V78/><F119/><T82/><D82/><U114/><E114/><V35/><F35/><T58/><D58/><AGARI ba="0,2" hai="32,33,40,44,48,58,60,66,73,79,81,89,93,97" m="31008" machi="58" ten="30,12000,1" yaku="1,1,7,1,52,2,53,1" doraHai="38" doraHaiUra="86" who="1" fromWho="0" sc="256,-120,357,140,417,0,0,0" /><INIT seed="5,1,0,4,5,45" ten="136,497,417,0" oya="1" hai0="113,33,80,55,102,2,42,69,99,116,88,129,111" hai1="0,107,70,94,63,58,135,100,3,1,84,91,81" hai2="108,92,49,65,37,57,35,36,132,87,96,127,74" hai3=""/><U76/><E135/><V98/><F35/><T86/><D2/><U122/><N who="1" m="31264" /><U72/><E70/><V43/><F108/><T83/><D33/><U77/><E77/><V125/><F74/><T120/><N who="0" m="30752" /><T133/><D111/><U56/><E63/><V105/><F132/><T50/><D69/><U51/><E51/><V32/><F32/><T66/><D133/><U114/><E114/><V103/><F87/><T128/><D66/><U47/><E47/><V38/><F65/><T64/><D64/><U60/><E60/><V109/><F109/><T90/><D42/><U115/><E115/><V106/><F106/><T123/><N who="0" m="31520" /><T62/><D62/><U104/><E107/><V46/><REACH who="2" step="1"/><F57/><REACH who="2" ten="136,497,407,0" step="2"/><T75/><D113/><U110/><E110/><V54/><F54/><T79/><D116/><U40/><E40/><V52/><F52/><T118/><D118/><U93/><E104/><V112/><F112/><T124/><D124/><U89/><E100/><AGARI ba="1,1" hai="36,37,38,43,46,49,92,96,98,100,103,105,125,127" machi="100" ten="50,8000,1" yaku="1,1,52,1,53,3" doraHai="45" doraHaiUra="71" who="2" fromWho="1" sc="136,0,497,-82,407,92,0,0" /><INIT seed="6,0,0,5,5,107" ten="136,415,499,0" oya="2" hai0="88,86,77,49,83,40,120,90,38,63,41,84,48" hai1="81,102,50,58,53,108,97,130,92,55,75,67,45" hai2="135,66,54,42,113,116,69,125,74,35,110,56,52" hai3=""/><V119/><F74/><T112/><N who="0" m="30752" /><T73/><D112/><U105/><E108/><V132/><F35/><T0/><D0/><U72/><E130/><V106/><F106/><T87/><D63/><U104/><E67/><V118/><F110/><T115/><D115/><U71/><E71/><V57/><F113/><T68/><D68/><U2/><E2/><V109/><F125/><T114/><D38/><U44/><E105/><V124/><F124/><T131/><D114/><U101/><E101/><V60/><F109/><T34/><D34/><U127/><E127/><V32/><F32/><T98/><D98/><U62/><E104/><V126/><F126/><T47/><REACH who="0" step="1"/><D131/><REACH who="0" ten="126,415,499,0" step="2"/><U43/><REACH who="1" step="1"/><E81/><REACH who="1" ten="126,405,499,0" step="2"/><V78/><F116/><T59/><D59/><U134/><E134/><V133/><F118/><T91/><D91/><U51/><AGARI ba="0,2" hai="43,44,45,50,51,53,55,58,62,72,75,92,97,102" machi="51" ten="20,6000,1" yaku="1,1,0,1,7,1,52,2,53,0" doraHai="107" doraHaiUra="79" who="1" fromWho="1" sc="126,-20,405,80,499,-40,0,0" owari="106,-49.0,485,43.0,459,6.0,0,0.0" /></mjloggm>