<mjloggm ver="2.3"><GO type="169" lobby="0"/><UN n0="%E7%AB%8B%E7%9B%B4%E5%BE%8C%E5%8D%B3%E6%94%BE%E9%8A%83" n1="%E6%9C%A8%E5%8E%9F%E8%B1%AA%E4%B8%80" n2="%E3%82%B5%E3%83%96%E3%82%A2%E3%83%A9%E3%83%89" n3="%E3%82%A2%E3%83%AB%E4%B8%AD%40%E3%83%86%E3%83%B3%E3%83%91" dan="16,17,16,17" rate="2092.70,2208.01,2075.11,2198.79" sx="F,M,M,M"/><TAIKYOKU oya="0"/><INIT seed="0,0,0,1,0,40" ten="250,250,250,250" oya="0" hai0="68,130,67,28,116,59,44,74,31,69,32,105,70" hai1="20,0,16,125,29,54,115,36,117,64,62,2,87" hai2="27,113,82,33,17,124,6,97,135,61,108,23,12" hai3="42,63,73,53,35,18,107,92,3,51,131,52,121"/><T81/><D116/><U93/><E117/><V103/><F108/><W58/><G107/><T8/><D130/><U19/><E125/><V55/><F113/><W122/><G73/><T88/><D105/><U15/><E115/><V129/><F124/><W83/><G35/><T4/><D74/><U21/><E36/><V25/><F135/><W60/><G3/><T37/><D67/><U98/><E87/><V38/><F38/><W14/><G83/><T110/><D59/><U101/><E54/><V119/><F6/><W43/><G131/><T79/><D79/><U57/><REACH who="1" step="1"/><E29/><REACH who="1" ten="250,240,250,250" step="2"/><V26/><F119/><W10/><G121/><T90/><D110/><U128/><E128/><V80/><F129/><W100/><G122/><T5/><D31/><U47/><E47/><V22/><F33/><W89/><G53/><T106/><D28/><U46/><E46/><V134/><F134/><W7/><G43/><N who="0" m="22639" /><D32/><U66/><E66/><V111/><F111/><W72/><G42/><T50/><D68/><U45/><E45/><V11/><F55/><W34/><G34/><T1/><D69/><U49/><E49/><V94/><F61/><W99/><G72/><T86/><D70/><U75/><E75/><V112/><F112/><W118/><G118/><T39/><D50/><U71/><E71/><V91/><F80/><W76/><G76/><T109/><D39/><U9/><E9/><V77/><F77/><W24/><G89/><T120/><D90/><U30/><E30/><V84/><AGARI ba="0,1" hai="11,12,17,22,23,25,26,27,82,84,91,94,97,103" machi="84" ten="30,2000,0" yaku="0,1,8,1" doraHai="40" who="2" fromWho="2" sc="250,-10,240,-5,250,30,250,-5" /><INIT seed="1,0,0,3,3,61" ten="240,235,280,245" oya="1" hai0="101,112,93,100,120,50,2,88,104,30,86,64,73" hai1="31,67,6,126,71,109,105,57,91,54,84,130,26" hai2="90,68,124,114,42,20,10,53,70,102,32,65,35" hai3="107,3,52,77,116,75,92,87,46,47,94,119,129"/><U78/><E130/><V11/><F124/><W60/><G107/><T113/><D120/><U33/><E126/><V29/><F114/><W43/><G3/><T131/><D131/><U95/><E105/><V128/><F128/><W39/><G129/><T5/><D73/><U58/><E6/><V127/><F127/><W132/><G75/><T103/><D104/><U28/><E28/><V89/><F102/><W0/><G0/><T115/><D30/><U7/><E7/><V15/><F42/><W24/><G132/><T62/><D50/><U9/><E9/><V99/><F53/><W1/><G1/><T74/><D74/><U16/><E109/><V40/><F40/><W117/><G24/><T12/><D2/><U118/><E118/><V27/><F99/><W82/><REACH who="3" step="1"/><G60/><REACH who="3" ten="240,235,280,235" step="2"/><T45/><D12/><U8/><E26/><V96/><F27/><W38/><G38/><T125/><D125/><U23/><E33/><V106/><F35/><W21/><G21/><T134/><D134/><U110/><E23/><V66/><F20/><W85/><G85/><T122/><D122/><U25/><E84/><V55/><F32/><W79/><G79/><T59/><D115/><U34/><E78/><V13/><F106/><W80/><G80/><T17/><D113/><U97/><E34/><V81/><F81/><W36/><G36/><T63/><D112/><U51/><E31/><V14/><F29/><W72/><G72/><T133/><D86/><U135/><E135/><V37/><F37/><W111/><G111/><T108/><D133/><U19/><E110/><V69/><F10/><RYUUKYOKU ba="0,1" sc="240,-10,235,-10,280,-10,235,30" hai3="39,43,46,47,52,77,82,87,92,94,116,117,119" /><INIT seed="2,1,1,1,3,124" ten="230,225,270,265" oya="2" hai0="30,12,14,115,113,95,101,98,87,28,134,96,15" hai1="3,55,111,77,5,57,66,85,129,47,0,22,83" hai2="67,17,90,49,16,25,125,82,56,120,2,127,48" hai3="106,104,61,39,78,9,43,54,105,132,128,109,121"/><V62/><F120/><W7/><G121/><T108/><D134/><U13/><E111/><V97/><F2/><W74/><G109/><T60/><D108/><U18/><E5/><V19/><F25/><W42/><G132/><T107/><D60/><U31/><E31/><V20/><F20/><W89/><G128/><T114/><REACH who="0" step="1"/><D87/><REACH who="0" ten="220,225,270,265" step="2"/><U112/><E112/><V84/><REACH who="2" step="1"/><F97/><REACH who="2" ten="220,225,260,265" step="2"/><W65/><G74/><T10/><D10/><U72/><E72/><V59/><F59/><W131/><G9/><T38/><D38/><U26/><E57/><V1/><F1/><W29/><G39/><T69/><D69/><U126/><E3/><V37/><F37/><W11/><G11/><T102/><AGARI ba="1,3" hai="12,14,15,28,30,95,96,98,101,102,107,113,114,115" machi="102" ten="40,2700,0" yaku="1,1,0,1,53,0" doraHai="124" doraHaiUra="119" who="0" fromWho="0" sc="220,60,225,-8,260,-14,265,-8" /><INIT seed="3,0,0,2,2,119" ten="280,217,246,257" oya="3" hai0="13,4,33,115,5,104,112,67,19,117,25,86,52" hai1="76,125,65,24,123,45,48,11,39,62,98,128,10" hai2="0,97,2,1,35,81,59,82,75,23,20,21,73" hai3="118,130,103,31,22,135,61,28,27,89,134,7,131"/><W3/><G103/><T74/><D117/><U88/><E125/><V55/><F35/><W64/><G118/><T133/><D133/><N who="3" m="50697" /><G89/><T18/><D104/><U53/><E128/><N who="3" m="49194" /><G61/><T6/><D74/><U80/><E39/><V95/><F95/><W127/><G64/><T77/><D67/><U78/><E78/><V109/><F109/><W44/><G44/><T49/><D13/><U43/><E24/><V72/><F97/><W91/><G91/><T93/><D25/><U54/><E76/><V116/><F116/><W36/><G36/><T102/><D33/><U12/><E12/><V87/><F87/><W46/><G46/><N who="0" m="27703" /><D102/><U107/><E107/><V126/><F126/><W8/><G127/><T68/><D68/><U16/><E65/><V70/><F70/><W71/><G71/><T42/><D42/><U37/><E62/><AGARI ba="0,0" hai="0,1,2,20,21,23,55,59,62,72,73,75,81,82" machi="62" ten="50,3200,0" yaku="29,2" doraHai="119" who="2" fromWho="1" sc="280,0,217,-32,246,32,257,0" /><INIT seed="4,0,0,2,4,29" ten="280,185,278,257" oya="0" hai0="25,107,55,23,12,31,40,47,84,17,24,126,52" hai1="50,125,7,49,73,30,20,19,92,54,18,132,33" hai2="95,28,6,36,129,32,60,38,63,37,130,124,113" hai3="2,21,46,119,111,118,134,4,77,67,112,91,109"/><T27/><D126/><U66/><E73/><V26/><F124/><W11/><G77/><T97/><D84/><U39/><E125/><V100/><F6/><W22/><G67/><T102/><REACH who="0" step="1"/><D31/><REACH who="0" ten="270,185,278,257" step="2"/><U15/><E30/><V57/><F113/><W122/><G118/><T85/><D85/><U45/><E132/><V58/><F130/><W8/><G119/><T83/><D83/><U94/><E19/><V16/><F129/><W80/><G112/><T123/><D123/><U35/><E7/><V43/><F16/><W0/><G122/><T101/><D101/><U133/><E133/><V131/><F131/><W34/><G134/><T99/><D99/><U74/><E74/><V81/><F81/><W116/><G80/><T70/><D70/><U62/><E39/><AGARI ba="0,1" hai="12,17,23,24,25,27,39,40,47,52,55,97,102,107" machi="39" ten="40,3900,0" yaku="1,1,54,1,53,0" doraHai="29" doraHaiUra="114" who="0" fromWho="1" sc="270,49,185,-39,278,0,257,0" /><INIT seed="4,1,0,3,0,126" ten="319,146,278,257" oya="0" hai0="69,26,56,123,1,92,9,91,134,41,54,44,48" hai1="34,6,118,58,66,21,132,30,39,27,105,24,7" hai2="112,108,113,97,5,71,50,100,60,81,22,99,62" hai3="115,59,110,67,11,13,65,73,117,82,47,75,72"/><T45/><D134/><U111/><E105/><V107/><F108/><W83/><G110/><T78/><D123/><U10/><E111/><V86/><F97/><W121/><G117/><T18/><D69/><U40/><E39/><V95/><F107/><W25/><G115/><N who="2" m="44105" /><F71/><W116/><G116/><T17/><D78/><U74/><E74/><V90/><F5/><W93/><G121/><T55/><D1/><U49/><E118/><V131/><F131/><W130/><G130/><T127/><D127/><U128/><E128/><V79/><F79/><W94/><G47/><T29/><D9/><U19/><E132/><V89/><F100/><W36/><G36/><T87/><D54/><U114/><E114/><V77/><F77/><W125/><G25/><T101/><D101/><U31/><E40/><V64/><F64/><W103/><G103/><T61/><REACH who="0" step="1"/><D45/><REACH who="0" ten="309,146,278,257" step="2"/><U80/><E10/><V98/><F22/><AGARI ba="1,1" hai="17,18,22,26,29,41,44,48,55,56,61,87,91,92" machi="22" ten="30,12000,1" yaku="1,1,2,1,7,1,8,1,53,1" doraHai="126" doraHaiUra="42" who="0" fromWho="2" sc="309,133,146,0,278,-123,257,0" /><INIT seed="4,2,0,1,4,15" ten="442,146,155,257" oya="0" hai0="36,102,68,40,122,5,130,110,12,96,118,24,106" hai1="71,121,100,28,13,129,94,92,84,73,8,105,117" hai2="93,34,134,104,107,81,32,47,116,109,65,123,53" hai3="111,1,79,82,112,77,75,91,67,37,135,4,23"/><T0/><D12/><U72/><E117/><V99/><F109/><W60/><G111/><T126/><D24/><U115/><E71/><V66/><F123/><W103/><G103/><T108/><D130/><U88/><E121/><V64/><F134/><W31/><G79/><T14/><D14/><U74/><E129/><V21/><F81/><W9/><G91/><T58/><D58/><U17/><E115/><V83/><F83/><W38/><G135/><T119/><D126/><U63/><E28/><V85/><F85/><W127/><G112/><T69/><D122/><U43/><E43/><V89/><F21/><W49/><G49/><T44/><D110/><U101/><E105/><V131/><F131/><W57/><G127/><T29/><D29/><U55/><REACH who="1" step="1"/><E94/><REACH who="1" ten="442,136,155,257" step="2"/><V3/><F116/><N who="0" m="44586" /><D108/><U46/><E46/><V48/><F107/><W52/><G31/><T120/><D120/><U128/><E128/><V22/><F104/><W97/><G67/><T124/><D124/><U114/><E114/><V35/><F3/><W10/><G1/><T45/><D45/><U27/><E27/><V6/><F6/><W18/><G57/><AGARI ba="2,1" hai="8,13,17,55,57,63,72,73,74,84,88,92,100,101" machi="57" ten="40,5200,0" yaku="1,1,52,1,54,1,53,0" doraHai="15" doraHaiUra="78" who="1" fromWho="3" sc="442,0,136,68,155,0,257,-58" /><INIT seed="5,0,0,2,1,44" ten="442,204,155,199" oya="1" hai0="85,65,132,63,121,103,61,93,42,25,125,9,78" hai1="7,81,57,8,24,56,107,21,108,118,29,76,66" hai2="102,23,115,18,68,91,113,50,100,67,98,77,5" hai3="116,6,64,52,40,14,70,135,38,112,109,69,122"/><U3/><E118/><V41/><F77/><W75/><G75/><T123/><D125/><U84/><E107/><V17/><F5/><W99/><G109/><T1/><D132/><U13/><E108/><V54/><F41/><W90/><G122/><N who="0" m="46603" /><D65/><U131/><E131/><V51/><F54/><W101/><G90/><T48/><D25/><U31/><E31/><V30/><F67/><W45/><G112/><N who="2" m="43081" /><F68/><W120/><G120/><T133/><D133/><U86/><E66/><V130/><F130/><W47/><G135/><T0/><D103/><N who="2" m="39466" /><F30/><W58/><G47/><N who="0" m="25719" /><D93/><U4/><E4/><V35/><F35/><W19/><G6/><N who="0" m="1223" /><D1/><U12/><REACH who="1" step="1"/><E84/><REACH who="1" ten="442,194,155,199" step="2"/><V34/><F34/><W126/><G64/><T114/><D114/><U80/><E80/><AGARI ba="0,1" hai="61,63,78,80,85" m="1223,25719,46603" machi="80" ten="30,2000,0" yaku="13,1,52,1" doraHai="44" who="0" fromWho="1" sc="442,30,194,-20,155,0,199,0" /><INIT seed="6,0,0,1,5,91" ten="472,174,155,199" oya="2" hai0="63,76,46,78,69,37,135,59,108,18,115,34,134" hai1="9,132,49,94,50,124,103,3,122,129,109,79,123" hai2="43,83,16,51,26,92,44,70,58,66,62,33,105" hai3="38,82,107,13,95,12,101,99,121,80,67,85,130"/><V68/><F105/><W72/><G121/><N who="1" m="46090" /><E109/><V22/><F33/><W10/><G130/><T45/><D108/><U90/><E129/><V111/><F111/><W19/><G38/><T65/><D115/><U116/><E116/><V127/><F127/><W32/><G32/><T7/><D34/><U40/><E124/><V27/><F27/><W2/><G2/><T61/><D18/><U17/><E79/><N who="0" m="30249" /><D7/><N who="1" m="1279" /><E40/><V60/><F83/><W89/><G72/><T21/><D21/><U28/><E28/><V42/><F42/><W71/><G71/><T119/><D37/><U112/><E132/><N who="0" m="50729" /><D119/><U133/><E112/><V131/><F131/><W98/><G67/><AGARI ba="0,0" hai="45,46,59,61,63,65,67,69" m="50729,30249" machi="67" ten="30,1000,0" yaku="20,1" doraHai="91" who="0" fromWho="3" sc="472,10,174,0,155,0,199,-10" /><INIT seed="7,0,0,3,0,107" ten="482,174,155,189" oya="3" hai0="93,28,11,36,31,50,130,87,125,0,83,79,132" hai1="16,7,76,42,65,81,133,57,29,32,47,73,99" hai2="8,78,116,44,27,70,108,39,114,18,104,15,96" hai3="60,52,41,62,45,26,2,35,53,80,46,106,102"/><W6/><G106/><T54/><D36/><U43/><E7/><V67/><F108/><W13/><G2/><T90/><D130/><U119/><E99/><V131/><F116/><W110/><G102/><T86/><D132/><U9/><E133/><V38/><F131/><W105/><G105/><T49/><D125/><U117/><E29/><V59/><F70/><W4/><G110/><T85/><D0/><U51/><E32/><V94/><F104/><W128/><G128/><T1/><D1/><U61/><E43/><V101/><F78/><W71/><G80/><N who="0" m="47391" /><D11/><U84/><E73/><V134/><F134/><W75/><G75/><T88/><D49/><U14/><AGARI ba="0,0" hai="9,14,16,42,47,51,57,61,65,76,81,84,117,119" machi="14" ten="30,2000,0" yaku="0,1,54,1" doraHai="107" who="1" fromWho="1" sc="482,-5,174,20,155,-5,189,-10" owari="477,58.0,194,-1.0,150,-35.0,179,-22.0" /></mjloggm>