<mjloggm ver="2.3"><GO type="169" lobby="0"/><UN n0="%E5%BD%BC%E5%A5%B3%E6%AC%B2%E3%81%97%E3%81%84%E3%82%88" n1="%E3%81%A6%E3%82%93%E3%81%A6%E3%81%93%E7%8B%90" n2="%62%69%67%6D%6F%75%74%68" n3="%E5%AE%89%E6%96%8E" dan="16,16,16,17" rate="2177.29,2175.48,2104.65,2221.31" sx="M,M,M,F"/><TAIKYOKU oya="0"/><INIT seed="0,0,0,3,0,57" ten="250,250,250,250" oya="0" hai0="96,71,67,84,73,112,18,66,47,90,22,49,106" hai1="40,17,89,51,99,123,83,5,120,52,19,75,78" hai2="128,2,94,63,64,65,130,0,133,50,117,45,113" hai3="31,44,38,114,53,102,132,69,109,60,14,23,110"/><T98/><D112/><U7/><E40/><V35/><F113/><W54/><G102/><T6/><D73/><U62/><E120/><V118/><F35/><W121/><G114/><T16/><D6/><U37/><E37/><V24/><F133/><W95/><G95/><T27/><D18/><N who="1" m="6667" /><E75/><V58/><F24/><W28/><G14/><T20/><D20/><U100/><E123/><V126/><F94/><W131/><G121/><T26/><D26/><U1/><E1/><V116/><F126/><W59/><G23/><T119/><D119/><U36/><E36/><V10/><F10/><W68/><G28/><T61/><D66/><U127/><E127/><V103/><F103/><W55/><G31/><T25/><D25/><U104/><E104/><V85/><F85/><W41/><G132/><T86/><D106/><U21/><E21/><V15/><F15/><W12/><G12/><T79/><D79/><U72/><E72/><V92/><F65/><N who="3" m="39071" /><G131/><N who="2" m="50217" /><F92/><W56/><G56/><T82/><REACH who="0" step="1"/><D86/><REACH who="0" ten="240,250,250,250" step="2"/><N who="1" m="50399" /><E78/><V9/><F9/><W30/><G30/><T80/><D80/><U11/><E11/><V8/><F8/><W81/><G81/><T4/><D4/><U125/><E125/><V97/><F97/><W70/><AGARI ba="0,1" hai="38,41,44,53,54,55,68,69,70,109,110" m="39071" machi="70" ten="40,5200,0" yaku="34,2,52,1" doraHai="57" who="3" fromWho="3" sc="240,-26,250,-13,250,-13,250,62" /><INIT seed="1,0,0,1,2,51" ten="214,237,237,312" oya="1" hai0="19,57,13,109,131,40,30,125,24,4,7,46,97" hai1="60,112,67,44,64,73,134,105,31,132,79,121,2" hai2="96,95,16,27,42,83,61,106,82,110,20,127,99" hai3="113,111,29,17,3,5,68,98,85,75,123,103,86"/><U116/><E105/><V89/><F110/><W130/><G75/><T6/><D109/><U23/><E2/><V124/><F42/><W102/><G111/><T52/><D131/><U88/><E73/><V92/><F106/><W11/><G123/><T32/><D125/><N who="2" m="48202" /><F61/><W41/><G113/><T133/><D133/><U56/><E79/><V14/><F14/><W22/><G68/><T69/><D69/><U78/><E78/><V71/><F71/><W58/><G130/><T59/><D97/><U35/><E35/><V45/><F45/><W81/><G41/><T80/><D80/><U126/><E44/><V72/><F72/><W0/><G0/><T66/><D66/><U122/><E67/><V93/><F93/><W77/><G86/><T49/><REACH who="0" step="1"/><D40/><REACH who="0" ten="204,237,237,312" step="2"/><U1/><E126/><V12/><F99/><W70/><G70/><T37/><D37/><U36/><E36/><V117/><F83/><W107/><G98/><T62/><D62/><U25/><E112/><V90/><F82/><W114/><G114/><T43/><D43/><U48/><E48/><V38/><F38/><W15/><G107/><T115/><D115/><U28/><E132/><V91/><F96/><W108/><G108/><T129/><D129/><U101/><E134/><V100/><F117/><W39/><G39/><T128/><D128/><U118/><E118/><V94/><F100/><W8/><G102/><T47/><D47/><U26/><E101/><V74/><F74/><W65/><G103/><T33/><D33/><N who="1" m="20623" /><E116/><V120/><F120/><N who="1" m="46185" /><E88/><V50/><F50/><W9/><G65/><T55/><D55/><RYUUKYOKU ba="0,1" sc="204,10,237,10,237,10,312,-30" hai0="4,6,7,13,19,24,30,32,46,49,52,57,59" hai1="1,23,26,31,56,60,64" hai2="12,16,20,27,89,90,91,92,94,95" /><INIT seed="1,1,1,0,3,130" ten="214,247,247,282" oya="1" hai0="113,105,81,65,119,28,80,47,61,33,13,135,88" hai1="128,24,91,99,52,110,92,133,29,95,87,30,22" hai2="51,89,124,116,2,117,132,32,93,27,41,10,34" hai3="70,37,120,129,18,35,109,21,64,42,69,60,5"/><U127/><E128/><V73/><F73/><W12/><G129/><T131/><D119/><U77/><E127/><V7/><F124/><W62/><G120/><T66/><D131/><U74/><E110/><V15/><F132/><W46/><G109/><T1/><D113/><U55/><E133/><V100/><F100/><W36/><G35/><T58/><D1/><U122/><E122/><V40/><F2/><W45/><G5/><T76/><D105/><U31/><E74/><V111/><F111/><W96/><G96/><T101/><D101/><U26/><E77/><V54/><F117/><W125/><G125/><T79/><D135/><U118/><E118/><V43/><F116/><W17/><G17/><T38/><D66/><U49/><E49/><V39/><F39/><W123/><G123/><T97/><D13/><U134/><E134/><V126/><F126/><W44/><G42/><T20/><D33/><U108/><E108/><V71/><F71/><W90/><G90/><T4/><D4/><U85/><E85/><V106/><F27/><N who="1" m="10281" /><E22/><V59/><REACH who="2" step="1"/><F106/><REACH who="2" ten="214,247,237,282" step="2"/><W84/><G36/><T56/><D38/><U103/><AGARI ba="1,2" hai="29,30,31,52,55,87,91,92,95,99,103" m="10281" machi="103" ten="30,3000,0" yaku="8,1,54,1" doraHai="130" who="1" fromWho="1" sc="214,-11,247,53,237,-11,282,-11" /><INIT seed="1,2,0,0,3,111" ten="203,300,226,271" oya="1" hai0="102,83,73,39,14,82,57,85,65,135,107,68,43" hai1="31,25,123,113,63,80,96,26,37,1,0,42,5" hai2="44,53,58,118,127,108,74,94,13,12,59,126,38" hai3="119,124,2,115,50,91,17,79,19,6,105,7,18"/><U20/><E123/><V55/><F118/><W93/><G119/><T120/><D135/><U45/><E113/><V128/><F74/><W41/><G105/><T23/><D73/><U92/><E5/><V27/><F108/><W8/><G124/><N who="2" m="47657" /><F128/><W11/><G79/><T116/><D68/><U47/><E80/><V30/><F94/><W21/><G115/><T3/><D3/><U4/><E4/><N who="3" m="1578" /><G2/><T70/><D70/><U48/><E25/><V132/><F132/><W62/><G62/><T103/><D39/><U67/><E45/><V72/><F72/><W131/><G131/><T61/><D107/><U76/><E76/><V24/><F38/><W122/><G21/><T125/><D120/><U75/><E37/><V90/><F90/><W69/><G69/><T33/><D33/><U110/><E110/><V121/><F121/><W84/><G122/><T9/><D23/><U106/><E106/><V32/><F44/><AGARI ba="2,0" hai="8,11,17,18,19,41,44,50,84,91,93" m="1578" machi="44" ten="30,1000,0" yaku="8,1" doraHai="111" who="3" fromWho="2" sc="203,0,300,0,226,-16,271,16" /><INIT seed="2,0,0,1,0,81" ten="203,300,210,287" oya="2" hai0="89,16,43,27,66,129,113,38,48,116,20,35,109" hai1="97,125,7,126,21,60,46,123,118,68,133,132,100" hai2="79,69,110,114,107,86,87,82,119,106,134,73,54" hai3="92,84,135,76,11,95,105,117,51,96,30,44,93"/><V121/><F69/><W28/><G117/><T78/><D113/><U64/><E7/><V36/><F36/><W65/><G135/><N who="1" m="51786" /><E118/><V83/><F134/><W3/><G65/><T15/><D116/><U91/><E123/><V47/><F119/><W6/><G105/><N who="2" m="39945" /><F54/><W111/><G111/><T72/><D109/><U23/><E100/><V25/><F47/><W55/><REACH who="3" step="1"/><G96/><REACH who="3" ten="203,300,210,277" step="2"/><T74/><D66/><U31/><E97/><V85/><F110/><W131/><G131/><T50/><D129/><U8/><E64/><V5/><F5/><W75/><G75/><T67/><D72/><U70/><E70/><V88/><F25/><W56/><G56/><T57/><D74/><U52/><E68/><V62/><F62/><W127/><G127/><T101/><D57/><U77/><E60/><V102/><F121/><W130/><G130/><T26/><D67/><U22/><E126/><V19/><F19/><W42/><G42/><T1/><D16/><U108/><E125/><V0/><F0/><W99/><G99/><T120/><D43/><U41/><E41/><V13/><F13/><W98/><G98/><T40/><D15/><U37/><E108/><V29/><F29/><W90/><G90/><T17/><D89/><U104/><E91/><N who="2" m="51639" /><F114/><W94/><N who="3" m="23552" /><DORA hai="53" /><W122/><G122/><T49/><D120/><U80/><E104/><V124/><F124/><W103/><G103/><T10/><D101/><U58/><E31/><V39/><F102/><W33/><G33/><T2/><D35/><U59/><E58/><V45/><F88/><W61/><G61/><T71/><D71/><RYUUKYOKU ba="0,1" sc="203,-15,300,-15,210,15,277,15" hai2="39,45,73,79,83,86,87" hai3="3,6,11,28,30,44,51,55,76,84" /><INIT seed="2,1,1,2,3,124" ten="188,285,225,292" oya="2" hai0="107,39,86,33,10,134,47,118,40,59,26,11,43" hai1="108,38,110,94,72,115,76,30,79,18,4,101,105" hai2="9,112,28,34,54,121,88,71,89,8,68,75,93" hai3="32,78,90,80,60,102,46,66,62,95,104,14,21"/><V133/><F121/><W58/><G32/><T81/><D118/><U24/><E115/><V56/><F112/><W130/><G46/><T37/><D134/><U117/><E117/><V50/><F75/><W55/><G104/><T19/><D107/><U63/><E72/><V109/><F133/><W42/><G42/><T92/><D92/><U45/><E105/><V120/><F120/><W126/><G126/><T3/><D3/><U12/><E4/><V129/><F109/><W67/><G102/><T31/><D59/><U41/><E63/><V44/><F129/><W125/><G125/><T29/><D29/><U128/><E128/><V65/><F89/><W15/><G130/><T23/><D43/><U57/><E57/><V35/><F71/><W25/><G80/><T61/><D61/><U122/><E122/><V96/><F68/><W100/><G78/><T116/><D37/><U119/><E119/><V87/><F96/><N who="3" m="57463" /><G100/><T52/><D52/><U6/><E94/><V85/><F35/><W127/><G127/><T132/><D132/><U99/><E99/><V73/><F73/><W7/><G7/><T123/><D123/><U17/><E101/><V5/><F87/><W91/><G91/><N who="0" m="51663" /><D116/><U13/><E79/><V70/><F70/><N who="3" m="42311" /><G67/><T2/><D2/><U36/><E76/><V27/><F5/><W111/><G111/><N who="1" m="42538" /><E36/><V135/><F135/><W0/><G0/><T113/><D113/><U53/><E6/><V98/><F98/><W64/><G64/><T20/><D33/><N who="1" m="20679" /><E53/><N who="2" m="29895" /><F65/><W97/><G97/><T22/><D31/><U84/><E84/><V103/><F103/><RYUUKYOKU ba="1,1" sc="188,0,285,0,225,0,292,0" hai0="10,11,19,20,22,23,26,39,40,47" hai1="12,13,17,18,38,41,45" hai2="8,9,27,28,34,54,56,85,88,93" hai3="14,15,21,25,55,58,62" /><INIT seed="2,2,1,0,4,51" ten="188,285,225,292" oya="2" hai0="50,96,73,58,24,100,11,53,129,87,88,45,131" hai1="19,38,40,98,75,116,83,132,57,74,106,1,68" hai2="125,62,39,37,10,28,9,59,32,61,13,29,60" hai3="44,134,17,65,95,86,8,110,121,54,22,103,114"/><V92/><F125/><W64/><G121/><T89/><D73/><U78/><E116/><V52/><F10/><W124/><G124/><T5/><D24/><U77/><E68/><V130/><F130/><N who="0" m="49674" /><D87/><U66/><E132/><V63/><F92/><W7/><G134/><T84/><D84/><U82/><E1/><V127/><F127/><W128/><G128/><T102/><D58/><U3/><E3/><V123/><F123/><W42/><G110/><T0/><D102/><U55/><E66/><V49/><F49/><N who="3" m="28967" /><G42/><T56/><D56/><U122/><E122/><V101/><F101/><W4/><G114/><T104/><AGARI ba="2,1" hai="0,5,11,45,50,53,88,89,96,100,104" m="49674" machi="104" ten="30,4000,0" yaku="19,1,52,1,54,1" doraHai="51" who="0" fromWho="0" sc="188,56,285,-12,225,-22,292,-12" /><INIT seed="3,0,0,0,1,81" ten="244,273,203,280" oya="3" hai0="102,127,48,29,14,133,37,105,129,116,107,60,125" hai1="55,97,106,135,32,113,4,16,118,77,24,28,13" hai2="117,8,79,86,69,94,103,52,85,53,75,82,64" hai3="67,31,92,40,112,73,65,1,6,126,84,50,54"/><W12/><G112/><T7/><D37/><U88/><E113/><V70/><F117/><W22/><G73/><T45/><D116/><U3/><E77/><V119/><F119/><W36/><G126/><T99/><D133/><U90/><E118/><V43/><F43/><W101/><G40/><T131/><D29/><U72/><E72/><V5/><F75/><W95/><G36/><T47/><D60/><U58/><E135/><V96/><F70/><W100/><G1/><T35/><D35/><U62/><E106/><V21/><F69/><W57/><G6/><T59/><D59/><U110/><E97/><V108/><F64/><N who="3" m="24651" /><G95/><T19/><D7/><U109/><E4/><V30/><F108/><N who="1" m="41577" /><E3/><V61/><F61/><W123/><G123/><T76/><D76/><U42/><E42/><V10/><F86/><W83/><G92/><T134/><D107/><U124/><E124/><N who="0" m="47689" /><D134/><U23/><AGARI ba="0,0" hai="13,16,23,24,28,32,55,58,62,88,90" m="41577" machi="23" ten="30,4000,0" yaku="14,1,54,2" doraHai="81" who="1" fromWho="1" sc="244,-10,273,40,203,-10,280,-20" /><INIT seed="4,0,0,2,4,47" ten="234,313,193,260" oya="0" hai0="45,111,70,15,131,40,2,60,69,50,16,28,128" hai1="83,105,79,122,116,41,127,59,27,38,36,3,65" hai2="118,117,114,31,99,61,42,43,121,44,85,87,90" hai3="30,5,107,76,101,100,134,66,9,89,25,98,73"/><T104/><D2/><U80/><E105/><V4/><F121/><W120/><G120/><T56/><D104/><U19/><E3/><V64/><F114/><W55/><G134/><T132/><D28/><U39/><E122/><V94/><F4/><W46/><G100/><T32/><D32/><U62/><E116/><N who="2" m="44651" /><F31/><W68/><G89/><T63/><D132/><U115/><E127/><V17/><F17/><W26/><G76/><T24/><D24/><U123/><E123/><V135/><F135/><W6/><G73/><T125/><D125/><U52/><E115/><V12/><F12/><W109/><G109/><T93/><D93/><U126/><E126/><V75/><F75/><W82/><G82/><T53/><D111/><U133/><E133/><V7/><F7/><W29/><G25/><T78/><D78/><U1/><E1/><V71/><F43/><W10/><G29/><T20/><REACH who="0" step="1"/><D63/><REACH who="0" ten="224,313,193,260" step="2"/><U18/><E27/><V106/><F106/><W77/><G26/><T84/><D84/><U72/><E83/><V13/><F13/><W92/><G30/><T67/><D67/><U8/><E80/><V48/><AGARI ba="0,1" hai="42,44,48,61,64,71,85,87,90,94,99" m="44651" machi="48" ten="30,2000,0" yaku="12,1,52,1" doraHai="47" who="2" fromWho="2" sc="224,-10,313,-5,193,30,260,-5" /><INIT seed="5,0,0,5,2,31" ten="214,308,223,255" oya="1" hai0="45,87,70,119,49,108,36,102,25,121,126,1,63" hai1="113,123,34,54,43,9,8,76,94,97,98,6,73" hai2="118,114,11,88,40,110,3,131,107,71,22,23,85" hai3="84,77,51,21,127,116,12,53,14,99,28,115,61"/><U10/><E123/><V78/><F118/><W96/><G116/><T5/><D119/><U74/><E113/><V58/><F110/><W35/><G115/><T39/><D108/><U41/><E6/><V62/><F114/><W120/><G120/><T82/><D102/><U109/><E109/><V48/><F107/><W55/><G35/><T133/><D121/><U103/><E34/><V30/><F131/><W129/><G127/><T81/><D133/><U132/><E132/><V83/><F71/><W106/><G106/><T37/><D126/><U89/><E54/><V47/><F30/><W56/><G129/><T112/><D112/><U44/><E76/><V67/><REACH who="2" step="1"/><F78/><REACH who="2" ten="214,308,213,255" step="2"/><W26/><G77/><T130/><D70/><U42/><REACH who="1" step="1"/><E44/><REACH who="1" ten="214,298,213,255" step="2"/><V59/><F59/><W50/><G56/><T135/><D45/><U125/><E125/><V92/><F92/><AGARI ba="0,2" hai="8,9,10,41,42,43,73,74,89,92,94,97,98,103" machi="92" ten="40,2000,0" yaku="1,1,53,0" doraHai="31" doraHaiUra="27" who="1" fromWho="2" sc="214,0,298,40,213,-20,255,0" /><INIT seed="5,1,0,3,5,128" ten="214,338,193,255" oya="1" hai0="134,13,20,30,66,68,19,83,26,74,112,111,117" hai1="93,121,59,135,71,24,44,16,36,118,120,115,92" hai2="47,125,108,7,127,50,130,98,62,106,119,91,54" hai3="77,70,63,123,12,132,109,75,15,6,81,110,84"/><U96/><E71/><V40/><F119/><W67/><G123/><T56/><D117/><U31/><E118/><V86/><F108/><W42/><G132/><T80/><D111/><U21/><E135/><V107/><F130/><W64/><G64/><T113/><D134/><U79/><E115/><N who="0" m="44105" /><D68/><U52/><E79/><V105/><F7/><W2/><G12/><T0/><D0/><U103/><E92/><V99/><F62/><W41/><G15/><T85/><D74/><U1/><E1/><V17/><F17/><W129/><G129/><T78/><D83/><U89/><E103/><V60/><F60/><W124/><G124/><T104/><D104/><U95/><E95/><V8/><F8/><W3/><G3/><T76/><D56/><U58/><E58/><V27/><F27/><W114/><G114/><T14/><D66/><U48/><REACH who="1" step="1"/><E31/><REACH who="1" ten="214,328,193,255" step="2"/><V61/><F127/><W49/><G109/><T25/><D78/><U57/><E57/><V5/><F125/><W72/><G110/><T35/><AGARI ba="1,1" hai="13,14,19,20,25,26,30,35,76,80,85" m="44105" machi="35" ten="30,1100,0" yaku="15,1" doraHai="128" who="0" fromWho="0" sc="214,24,328,-6,193,-4,255,-4" /><INIT seed="6,0,0,3,4,30" ten="238,322,189,251" oya="2" hai0="67,104,42,6,53,60,97,79,124,93,55,125,12" hai1="23,43,91,15,59,126,112,89,25,69,41,36,37" hai2="11,81,70,2,100,75,28,116,5,114,1,90,9" hai3="101,129,34,72,44,106,21,96,133,102,39,92,10"/><V16/><F116/><W76/><G34/><T119/><D104/><U66/><E69/><V117/><F117/><W123/><G21/><T26/><D79/><U0/><E0/><V122/><F122/><W54/><G54/><T14/><D42/><N who="1" m="15883" /><E37/><V78/><F70/><W64/><G64/><T134/><D26/><U33/><E33/><V17/><F114/><W48/><G48/><T113/><D113/><U77/><E36/><V120/><F120/><W94/><G44/><T45/><D134/><U18/><E77/><V107/><F28/><W27/><G27/><T105/><D105/><U63/><E126/><N who="0" m="48745" /><D45/><U130/><E130/><V111/><F111/><W4/><G39/><T51/><D51/><U84/><E112/><V8/><F100/><W49/><G101/><N who="0" m="60591" /><D14/><U61/><E61/><V73/><F107/><W19/><G106/><T32/><D32/><U83/><E91/><V58/><F90/><W74/><G129/><T80/><D80/><U40/><E40/><V121/><F121/><W115/><G123/><T47/><D47/><U108/><E108/><V52/><F75/><W98/><G72/><T62/><D62/><U31/><E31/><V20/><F2/><N who="3" m="279" /><G115/><T95/><D95/><N who="3" m="36393" /><G102/><T38/><D38/><U109/><E109/><V127/><F127/><W86/><G74/><T88/><D88/><U57/><E57/><V87/><F73/><W110/><G110/><T85/><D85/><U135/><E135/><V82/><F82/><N who="3" m="47431" /><G133/><T24/><D119/><U35/><E35/><V22/><F58/><W50/><G19/><N who="2" m="7241" /><F52/><W71/><G71/><N who="0" m="42471" /><D24/><AGARI ba="0,0" hai="15,18,23,24,25,59,63,66,83,84,89" m="15883" machi="24" ten="30,1000,0" yaku="8,1" doraHai="30" who="1" fromWho="0" sc="238,-10,322,10,189,0,251,0" /><INIT seed="7,0,0,1,0,18" ten="228,332,189,251" oya="3" hai0="124,68,101,102,17,24,1,107,97,70,43,23,89" hai1="103,110,130,19,82,3,14,135,125,9,92,128,16" hai2="6,25,122,133,108,12,27,129,40,62,100,59,118" hai3="69,53,113,85,39,15,47,57,77,21,29,48,120"/><W80/><G120/><T88/><D1/><U87/><E110/><V50/><F108/><W38/><G69/><T8/><D124/><U75/><E125/><V35/><F118/><W20/><G113/><T90/><D43/><U64/><E135/><V34/><F133/><W45/><G38/><T54/><D102/><U13/><E64/><V71/><F71/><W132/><G132/><T2/><REACH who="0" step="1"/><D54/><REACH who="0" ten="218,332,189,251" step="2"/><U11/><E3/><V42/><F122/><W4/><G39/><T33/><D33/><U55/><E55/><V116/><F116/><W83/><G53/><T105/><D105/><U72/><E103/><V30/><F129/><W28/><G45/><T26/><D26/><U31/><E130/><V41/><F100/><W66/><G47/><T78/><D78/><U44/><E44/><V121/><F121/><W131/><G131/><T56/><D56/><U46/><E46/><V126/><F126/><W106/><G106/><T5/><AGARI ba="0,1" hai="2,5,8,17,23,24,68,70,88,89,90,97,101,107" machi="5" ten="30,7900,0" yaku="1,1,0,1,52,1,54,1,53,0" doraHai="18" doraHaiUra="91" who="0" fromWho="0" sc="218,89,332,-20,189,-20,251,-39" owari="307,11.0,312,41.0,169,-33.0,212,-19.0" /></mjloggm>