<mjloggm ver="2.3"><GO type="169" lobby="0"/><UN n0="%E5%8D%83%E7%BE%BD%E9%B4%89" n1="%E6%81%A9%E7%94%B0%E5%B8%8C" n2="%E8%A1%9B%E8%97%A4%E7%BE%8E%E5%BD%A9" n3="%E3%81%96%E3%82%8A%E3%81%8C%E3%81%AB%E3%81%8F%E3%82%93" dan="17,16,16,17" rate="2231.38,2153.22,2121.30,2212.91" sx="F,F,M,M"/><TAIKYOKU oya="0"/><INIT seed="0,0,0,4,5,135" ten="250,250,250,250" oya="0" hai0="88,32,129,74,4,1,45,17,35,131,132,79,33" hai1="112,61,119,9,21,49,22,117,109,116,130,10,44" hai2="57,60,69,66,3,40,90,86,20,19,59,55,80" hai3="102,104,62,0,68,77,92,13,127,6,105,83,34"/><T27/><D74/><U23/><E109/><V126/><F3/><W28/><G0/><T97/><D79/><U7/><E61/><V111/><F111/><W8/><G34/><T52/><D132/><U47/><E49/><V29/><F40/><W36/><G28/><T94/><D4/><U101/><E101/><V81/><F29/><W76/><G36/><T121/><D1/><U26/><E26/><V54/><F81/><W53/><G77/><T91/><D121/><U118/><E118/><V38/><F38/><W100/><G102/><T122/><D122/><U73/><E73/><V31/><F31/><W72/><G68/><T2/><D2/><U98/><E98/><V99/><F99/><W82/><G82/><T123/><D123/><U110/><E7/><V48/><F126/><W133/><G127/><T78/><D78/><U41/><E41/><V128/><F128/><N who="0" m="49226" /><D91/><U63/><E63/><V56/><REACH who="2" step="1"/><F54/><REACH who="2" ten="250,250,240,250" step="2"/><W5/><G53/><T115/><D115/><U85/><E110/><V120/><F120/><W75/><G83/><T42/><D52/><U58/><E112/><V64/><F64/><W70/><G133/><T30/><D17/><U107/><E130/><V16/><F16/><W37/><G37/><AGARI ba="0,1" hai="27,30,32,33,35,37,42,45,88,94,97" m="49226" machi="37" ten="30,2900,0" yaku="19,1,54,1" doraHai="135" who="0" fromWho="3" sc="250,39,250,0,240,0,250,-29" /><INIT seed="0,1,0,3,1,118" ten="289,250,240,221" oya="0" hai0="7,95,85,57,9,87,37,69,18,14,84,23,101" hai1="127,48,1,100,68,65,113,47,29,93,28,58,8" hai2="17,135,132,128,111,67,120,115,96,64,117,112,98" hai3="52,114,63,41,89,25,71,61,10,94,24,134,27"/><T72/><D69/><U76/><E68/><V122/><F17/><W108/><G114/><N who="2" m="43561" /><F117/><W45/><G108/><T60/><D37/><U80/><E127/><V0/><F0/><W42/><G134/><N who="2" m="51241" /><F111/><W51/><G10/><T26/><D72/><U73/><E113/><V125/><F125/><W15/><G15/><T102/><REACH who="0" step="1"/><D95/><REACH who="0" ten="279,250,240,221" step="2"/><U90/><E93/><V119/><F119/><W106/><G106/><T6/><D6/><U54/><E73/><V110/><F110/><W97/><REACH who="3" step="1"/><G71/><REACH who="3" ten="279,250,240,211" step="2"/><T36/><D36/><U82/><E1/><V133/><F133/><W53/><G53/><AGARI ba="1,2" hai="7,9,14,18,23,26,53,57,60,84,85,87,101,102" machi="53" ten="40,3900,0" yaku="1,1,8,1,53,0" doraHai="118" doraHaiUra="92" who="0" fromWho="3" sc="279,62,250,0,240,0,211,-42" /><INIT seed="0,2,0,3,0,66" ten="341,250,240,169" oya="0" hai0="51,84,11,48,29,79,104,93,116,72,125,69,88" hai1="119,36,15,96,70,86,102,44,106,99,28,54,27" hai2="73,39,67,13,129,100,26,46,97,61,123,98,108" hai3="94,17,95,83,76,21,19,18,12,63,50,53,130"/><T14/><D116/><U16/><E119/><V59/><F123/><W2/><G130/><T49/><D125/><U74/><E74/><V91/><F129/><W131/><G2/><T5/><D104/><U55/><E99/><V121/><F73/><W101/><G63/><T32/><D69/><U68/><E86/><V134/><F121/><W87/><G131/><T47/><D32/><U34/><E54/><V112/><F112/><W122/><G122/><T4/><D29/><U80/><E80/><V103/><F108/><W9/><G101/><T113/><D113/><U35/><E35/><V38/><F91/><W65/><G65/><T132/><D132/><U89/><E89/><V90/><F90/><W71/><G71/><T56/><D56/><U128/><E128/><V42/><F134/><W20/><G9/><T57/><D57/><U117/><E117/><V33/><F13/><W124/><G124/><T41/><REACH who="0" step="1"/><D5/><REACH who="0" ten="331,250,240,169" step="2"/><U111/><E111/><V25/><F33/><W64/><G64/><T1/><D1/><U115/><E115/><V120/><F120/><W114/><G114/><T8/><D8/><U30/><E30/><V109/><F67/><W58/><REACH who="3" step="1"/><G18/><REACH who="3" ten="331,250,240,159" step="2"/><T24/><D24/><AGARI ba="2,2" hai="12,17,19,20,21,24,50,53,58,76,83,87,94,95" machi="24" ten="30,7700,0" yaku="1,1,2,1,7,1,8,1,53,0" doraHai="66" doraHaiUra="62" who="3" fromWho="0" sc="331,-83,250,0,240,0,159,103" /><INIT seed="1,0,0,2,2,29" ten="248,250,240,262" oya="1" hai0="51,13,4,107,25,7,126,79,84,26,44,55,43" hai1="16,31,74,71,86,23,125,33,30,11,41,89,3" hai2="131,34,124,116,102,83,36,91,48,122,88,78,87" hai3="64,85,132,1,61,119,12,8,100,2,67,66,101"/><U69/><E74/><V92/><F36/><W70/><G132/><T113/><D107/><U130/><E41/><V93/><F34/><W59/><G119/><T127/><D113/><U120/><E120/><V60/><F122/><W98/><G85/><T115/><D115/><U110/><E30/><V95/><F116/><W47/><G47/><T17/><D126/><U117/><E117/><V14/><F124/><W72/><G72/><T35/><D127/><U81/><E125/><V22/><F131/><W15/><G15/><T37/><D79/><U114/><E130/><V63/><F102/><W0/><G70/><T128/><D84/><U135/><E135/><V133/><F133/><W62/><G62/><N who="2" m="23593" /><F48/><W103/><REACH who="3" step="1"/><G98/><REACH who="3" ten="248,250,240,252" step="2"/><T104/><D13/><N who="1" m="9615" /><E114/><V76/><F76/><W56/><G56/><T68/><D68/><U77/><E77/><V28/><F14/><W20/><G20/><T38/><D128/><U99/><E99/><V9/><F9/><W112/><G112/><T108/><D44/><U57/><E57/><V46/><F46/><W19/><AGARI ba="0,1" hai="0,1,2,8,12,19,59,61,64,66,67,100,101,103" machi="19" ten="40,2700,0" yaku="1,1,0,1,53,0" doraHai="29" doraHaiUra="118" who="3" fromWho="3" sc="248,-7,250,-13,240,-7,252,37" /><INIT seed="2,0,0,0,5,128" ten="241,237,233,289" oya="2" hai0="122,43,14,53,100,132,116,84,98,16,95,56,51" hai1="104,18,87,127,26,27,66,97,101,54,31,78,5" hai2="42,90,23,129,34,106,94,12,55,40,80,68,113" hai3="105,4,58,50,89,48,65,20,99,0,91,74,102"/><V61/><F113/><W9/><G74/><T114/><D114/><U67/><E127/><V120/><F120/><W29/><G65/><T71/><D116/><U70/><E5/><V115/><F115/><W35/><G35/><T37/><D71/><U28/><E18/><V77/><F106/><W44/><G58/><T82/><D132/><U19/><E19/><N who="2" m="10727" /><F68/><W96/><G50/><T22/><D122/><U32/><E54/><V45/><F34/><W3/><G3/><T60/><D37/><U17/><E17/><V13/><F13/><W59/><G59/><T24/><D43/><U69/><E69/><V88/><F77/><W30/><G20/><T86/><D82/><U117/><E117/><V112/><F129/><W130/><G130/><T93/><D93/><U6/><E6/><V2/><F2/><W103/><G30/><T131/><D131/><U73/><E73/><V15/><F15/><W119/><G29/><T79/><D79/><U11/><E11/><V111/><F111/><W33/><G33/><T49/><REACH who="0" step="1"/><D14/><REACH who="0" ten="231,237,233,289" step="2"/><U1/><E1/><V134/><F134/><W57/><G119/><T41/><D41/><U75/><E70/><V38/><F38/><W124/><G124/><T110/><D110/><U81/><E75/><V135/><F135/><W52/><REACH who="3" step="1"/><G57/><REACH who="3" ten="231,237,233,279" step="2"/><T126/><D126/><U83/><E32/><V123/><F123/><W47/><G47/><T109/><D109/><U118/><E118/><V62/><F112/><W133/><G133/><T21/><D21/><U72/><E27/><V64/><F45/><W36/><G36/><T107/><D107/><AGARI ba="0,2" hai="0,4,9,44,48,52,89,91,96,99,102,103,105,107" machi="107" ten="30,12000,2" yaku="1,1,6,1,7,1,9,1,54,1,53,1" doraHai="128" doraHaiUra="7" who="3" fromWho="0" sc="231,-120,237,0,233,0,279,140" /><INIT seed="3,0,0,5,2,77" ten="111,237,233,419" oya="3" hai0="9,91,88,102,99,89,112,67,61,54,56,95,115" hai1="38,28,90,1,46,121,53,60,100,21,72,2,125" hai2="35,127,40,71,16,117,94,106,79,57,66,110,8" hai3="64,50,70,14,33,82,122,58,62,30,96,36,24"/><W134/><G122/><T18/><REACH who="0" step="1"/><D67/><REACH who="0" ten="101,237,233,419" step="2"/><U25/><E121/><V41/><F66/><W129/><G64/><T119/><D119/><U0/><E1/><V4/><F117/><W78/><G70/><T97/><D97/><U34/><E0/><V111/><F71/><W128/><G96/><T37/><D37/><U26/><E2/><V124/><F127/><W87/><G36/><T92/><D92/><U15/><E38/><V42/><F94/><W107/><G107/><T20/><D20/><U73/><E21/><V75/><F106/><W84/><G128/><T123/><D123/><U135/><E125/><V39/><F39/><W45/><G129/><T68/><D68/><U51/><E34/><V85/><F124/><W59/><G33/><T12/><AGARI ba="0,1" hai="9,12,18,54,56,61,88,89,91,95,99,102,112,115" machi="12" ten="30,8000,1" yaku="21,2,0,1,54,1,53,1" doraHai="77" doraHaiUra="11" who="0" fromWho="0" sc="101,90,237,-20,233,-20,419,-40" /><INIT seed="4,0,0,3,5,1" ten="191,217,213,379" oya="0" hai0="41,49,58,15,26,128,117,4,20,6,78,92,12" hai1="13,85,66,118,91,135,129,77,108,109,33,55,0" hai2="111,34,14,62,82,104,114,27,54,31,81,59,100" hai3="94,53,120,73,50,134,8,89,43,72,75,86,2"/><T63/><D128/><U88/><E118/><V125/><F111/><W28/><G134/><T17/><D117/><U95/><E0/><V51/><F114/><W131/><G131/><T133/><D133/><U42/><E129/><V19/><F125/><W102/><G120/><T48/><D92/><U22/><E33/><V57/><F100/><W119/><G119/><T3/><D78/><U113/><E77/><V24/><F24/><W32/><G43/><T98/><D98/><U16/><E66/><V9/><REACH who="2" step="1"/><F104/><REACH who="2" ten="191,217,203,379" step="2"/><W105/><G102/><T132/><D132/><U56/><E113/><V127/><F127/><W37/><G105/><T60/><D3/><U123/><E135/><V110/><F110/><W67/><G2/><T99/><D99/><U97/><E123/><V61/><F61/><W39/><G75/><T87/><D87/><U46/><E91/><V107/><F107/><W116/><G86/><T25/><D25/><U122/><E122/><V35/><F35/><W70/><G89/><T106/><D106/><U93/><E93/><V29/><F29/><W18/><G94/><T121/><D121/><U40/><E97/><V80/><F80/><W45/><G28/><N who="0" m="17479" /><D63/><N who="1" m="36255" /><E109/><V124/><F124/><W83/><G73/><T52/><D12/><U7/><E108/><V126/><F126/><W65/><G72/><T23/><D60/><U11/><E85/><V76/><F76/><W96/><G96/><T101/><D101/><U21/><E95/><V103/><F103/><W79/><G79/><T10/><D23/><U38/><E88/><V68/><F68/><W30/><G116/><RYUUKYOKU ba="0,1" sc="191,15,217,-15,203,15,379,-15" hai0="4,6,10,15,17,41,48,49,52,58" hai2="9,14,19,27,31,34,51,54,57,59,62,81,82" /><INIT seed="4,1,1,4,4,60" ten="206,202,218,364" oya="0" hai0="16,90,21,67,124,70,62,134,131,23,75,83,100" hai1="118,25,8,91,102,114,135,85,98,57,51,117,10" hai2="72,3,113,133,103,41,110,69,116,81,11,84,47" hai3="74,30,26,129,93,104,52,36,43,12,2,132,9"/><T14/><D131/><U56/><E135/><V65/><F110/><W80/><G104/><T105/><D134/><U64/><E114/><V77/><F133/><W22/><G132/><T109/><D124/><U34/><E56/><V63/><F113/><W49/><G129/><T130/><D130/><U121/><E121/><V119/><F103/><W31/><G2/><T112/><D112/><U68/><E8/><V17/><F84/><W33/><G43/><T111/><D23/><U61/><E10/><V128/><F128/><W6/><G36/><T89/><D75/><U28/><E57/><V40/><F17/><W45/><G93/><T4/><D4/><U122/><E51/><V107/><F116/><W24/><G80/><T7/><D7/><U87/><E87/><V50/><F119/><W94/><G94/><T35/><D35/><U58/><E58/><V29/><F107/><W79/><G79/><T13/><D13/><U95/><REACH who="1" step="1"/><E122/><REACH who="1" ten="206,192,218,364" step="2"/><V123/><F123/><W66/><G74/><T126/><D126/><U15/><E15/><V20/><F11/><W82/><G12/><T96/><REACH who="0" step="1"/><D83/><AGARI ba="1,2" hai="25,28,34,61,64,68,83,85,91,95,98,102,117,118" machi="83" ten="30,3900,0" yaku="1,1,7,1,52,1,53,0" doraHai="60" doraHaiUra="73" who="1" fromWho="0" sc="206,-42,192,62,218,0,364,0" /><INIT seed="5,0,0,5,4,9" ten="164,254,218,364" oya="1" hai0="39,7,50,4,8,88,131,127,0,105,3,37,44" hai1="23,14,79,1,18,130,104,118,92,90,12,72,41" hai2="70,45,31,58,117,113,48,40,84,34,77,64,124" hai3="36,5,68,116,51,109,71,19,22,87,129,25,24"/><U57/><E1/><V125/><F117/><W76/><G109/><T97/><D131/><U49/><E118/><V103/><F34/><W135/><G36/><T73/><D73/><U120/><E104/><V114/><F103/><W67/><G116/><T66/><D127/><N who="2" m="48714" /><F31/><W6/><G135/><T99/><D66/><U93/><E120/><V56/><F77/><W115/><G115/><N who="2" m="44041" /><F84/><W55/><G87/><T132/><D132/><U133/><E79/><V52/><F40/><W74/><G76/><T21/><D105/><U82/><E72/><V89/><F89/><W85/><G85/><T86/><D99/><U75/><E82/><V80/><F80/><W65/><G74/><T35/><D35/><U78/><E41/><V91/><F91/><W62/><G25/><T54/><D97/><N who="1" m="57495" /><E133/><V111/><F111/><W32/><G32/><T46/><D86/><U122/><E93/><V69/><F64/><W98/><G98/><T101/><D101/><U81/><E122/><V83/><F83/><W96/><G96/><T108/><D108/><U10/><E81/><V11/><F11/><W26/><G67/><T112/><D112/><U110/><E110/><V59/><AGARI ba="0,0" hai="45,48,52,56,58,59,69,70" m="44041,48714" machi="59" ten="40,12000,2" yaku="18,1,15,1,11,1,34,2,54,1" doraHai="9" who="2" fromWho="2" sc="164,-30,254,-60,218,120,364,-30" /><INIT seed="6,0,0,4,1,74" ten="134,194,338,334" oya="2" hai0="25,125,57,117,6,98,19,3,102,27,115,50,101" hai1="135,65,43,100,56,89,59,107,84,126,42,116,39" hai2="113,24,12,14,114,46,64,133,128,23,105,13,0" hai3="18,78,97,94,2,124,53,88,8,51,29,20,92"/><V52/><F105/><W134/><G134/><T123/><D123/><U9/><E116/><V119/><F119/><W71/><G124/><T95/><D117/><U47/><E135/><V81/><F0/><W55/><G71/><T49/><D125/><U40/><E100/><V73/><F73/><W85/><G29/><T131/><D115/><U120/><E107/><V67/><F128/><W37/><G37/><T21/><D131/><U82/><E120/><V87/><F87/><W5/><G51/><T11/><D102/><U75/><E75/><V35/><F35/><W38/><G38/><T118/><D118/><U16/><E126/><V41/><F41/><W69/><G69/><T111/><D111/><U106/><E106/><V10/><F10/><W15/><G78/><T83/><BYE who="2" /><D57/><U34/><E34/><V130/><F130/><W62/><G62/><T60/><D60/><U33/><E33/><V90/><F90/><AGARI ba="0,0" hai="2,5,8,15,18,20,53,55,85,88,90,92,94,97" machi="90" ten="30,2000,0" yaku="7,1,54,1" doraHai="74" who="3" fromWho="2" sc="134,0,194,0,338,-20,334,20" /><INIT seed="7,0,0,4,2,8" ten="134,194,318,354" oya="3" hai0="132,93,74,30,77,60,107,4,110,47,104,26,14" hai1="121,51,70,108,59,81,114,43,31,116,94,16,124" hai2="38,134,18,87,96,17,37,69,82,41,62,63,21" hai3="105,2,127,73,91,9,66,34,19,50,117,49,24"/><W68/><G117/><T44/><D132/><U75/><E108/><V128/><F128/><W32/><G73/><T103/><D110/><U61/><E121/><V29/><F29/><UN n2="%E8%A1%9B%E8%97%A4%E7%BE%8E%E5%BD%A9" /><W86/><G105/><T101/><D104/><U130/><E75/><V46/><F38/><W10/><G127/><T112/><D107/><U90/><E81/><V78/><F134/><W84/><G66/><T71/><D112/><U106/><E70/><V125/><F125/><W115/><G68/><T123/><D123/><U42/><E124/><V119/><F119/><W65/><G65/><T53/><D77/><U135/><E135/><V33/><F46/><W102/><G102/><T40/><D74/><U20/><E106/><V92/><F92/><W13/><G115/><T25/><D71/><U88/><E31/><V55/><F55/><W27/><G2/><T109/><D109/><U122/><E122/><V64/><F64/><W129/><G129/><T6/><D6/><U79/><E79/><V113/><F113/><W0/><G0/><T12/><D4/><U36/><E36/><V1/><F1/><W11/><G34/><T67/><D67/><N who="1" m="39359" /><E130/><V85/><F33/><W23/><G84/><N who="2" m="32329" /><F69/><W28/><G27/><N who="0" m="10251" /><D30/><U80/><E114/><V126/><F126/><W35/><G35/><T99/><D101/><U56/><E116/><V39/><F17/><W111/><G111/><T52/><D44/><U98/><E90/><V22/><F37/><W15/><G15/><N who="0" m="5675" /><D60/><U72/><E72/><N who="2" m="43335" /><F39/><W95/><AGARI ba="0,0" hai="9,10,11,13,19,23,24,28,32,49,50,86,91,95" machi="95" ten="30,3000,0" yaku="0,1,52,1" doraHai="8" who="3" fromWho="3" sc="134,-10,194,-10,318,-10,354,30" owari="124,-38.0,184,-22.0,308,11.0,384,49.0" /></mjloggm>