<mjloggm ver="2.3"><GO type="169" lobby="0"/><UN n0="%EF%BC%BC%28%EF%BC%BE%6F%EF%BC%BE%29%EF%BC%8F%E2%98%85" n1="%E3%81%BE%E3%81%99%E3%81%9E%E3%81%88" n2="%E3%83%81%E3%83%83%E3%83%97%E3%82%B3%E3%83%AC%E3%82%AF%E3%82%BF%E3%83%BC" n3="%41%4D%41%4C%49%41" dan="17,16,16,16" rate="2241.34,2119.77,2145.08,2096.60" sx="M,M,M,M"/><TAIKYOKU oya="0"/><INIT seed="0,0,0,4,4,77" ten="250,250,250,250" oya="0" hai0="13,24,59,112,71,6,115,51,57,95,92,43,132" hai1="90,32,25,121,40,89,72,116,88,58,33,12,62" hai2="29,34,109,108,16,67,101,111,82,105,91,5,7" hai3="75,83,85,14,129,9,10,53,8,31,64,17,99"/><T50/><D71/><U49/><E116/><V19/><F67/><W114/><G114/><T1/><D1/><U130/><E121/><V100/><F34/><W134/><G75/><T44/><D132/><U27/><E130/><V79/><F29/><W74/><G74/><T117/><D117/><U2/><E2/><V61/><F61/><W93/><G129/><T4/><D13/><U21/><E72/><V42/><F42/><W22/><G64/><T122/><D43/><U123/><E32/><V36/><F36/><W52/><G31/><T107/><D107/><U118/><E33/><V45/><F45/><W35/><G35/><T28/><D28/><U54/><E123/><V113/><F113/><W56/><G134/><T124/><D44/><N who="1" m="25735" /><E118/><V97/><F79/><N who="3" m="46335" /><G56/><T41/><D41/><U86/><E12/><V15/><F101/><AGARI ba="0,0" hai="8,9,10,14,17,22,52,53,93,99,101" m="46335" machi="101" ten="30,3900,0" yaku="8,1,52,1,54,1" doraHai="77" who="3" fromWho="2" sc="250,0,250,0,250,-39,250,39" /><INIT seed="1,0,0,1,2,76" ten="250,250,211,289" oya="1" hai0="92,69,9,30,88,26,115,35,32,77,14,95,131" hai1="55,27,124,91,59,58,83,90,48,89,135,134,97" hai2="129,75,52,25,10,104,7,20,53,1,65,78,67" hai3="34,132,73,46,0,120,121,21,22,71,109,82,47"/><U54/><E124/><V70/><F129/><W99/><G34/><T68/><D115/><U122/><E122/><V98/><F104/><W74/><G71/><T112/><D112/><U16/><E97/><V23/><F98/><W64/><G64/><T117/><D117/><U42/><E42/><V5/><F78/><W126/><G99/><T39/><D39/><U24/><E83/><V36/><F10/><W125/><G0/><T33/><D92/><U17/><E91/><V50/><F50/><AGARI ba="0,0" hai="16,17,24,27,48,50,54,55,58,59,89,90,134,135" machi="50" ten="25,4800,0" yaku="22,2,54,1" doraHai="76" who="1" fromWho="2" sc="250,0,250,48,211,-48,289,0" /><INIT seed="1,1,0,3,4,133" ten="250,298,163,289" oya="1" hai0="32,88,131,67,6,96,56,77,55,101,78,20,72" hai1="85,84,25,31,132,135,125,63,120,11,45,1,73" hai2="65,60,122,89,43,97,57,30,41,114,68,121,19" hai3="64,80,124,13,82,123,18,112,9,107,51,28,39"/><U29/><E73/><V79/><F114/><W44/><G123/><T33/><D67/><U104/><E120/><V15/><F30/><W94/><G107/><T134/><D134/><N who="1" m="51243" /><E104/><V50/><F79/><W90/><G39/><T21/><D6/><N who="1" m="1487" /><E125/><V12/><F12/><W113/><G28/><N who="1" m="10826" /><E25/><V69/><F122/><W35/><G35/><T103/><D72/><U26/><E26/><V16/><F121/><W83/><G64/><T76/><D33/><U5/><E5/><V109/><F69/><W91/><G124/><T7/><D7/><U86/><E45/><V8/><F68/><W23/><G9/><T40/><D32/><U102/><E102/><V116/><F8/><W118/><G118/><T24/><D24/><U62/><AGARI ba="1,0" hai="62,63,84,85,86" m="10826,1487,51243" machi="62" ten="40,2100,0" yaku="20,1" doraHai="133" who="1" fromWho="1" sc="250,-8,298,24,163,-8,289,-8" /><INIT seed="1,2,0,0,5,72" ten="242,322,155,281" oya="1" hai0="26,133,58,134,76,132,4,0,85,108,9,112,33" hai1="52,7,96,66,101,130,32,128,47,45,34,46,17" hai2="61,117,127,5,56,90,40,97,13,55,11,110,44" hai3="15,41,120,81,89,25,119,65,14,64,78,48,83"/><U94/><E7/><V126/><F110/><W80/><G120/><T50/><D108/><U8/><E66/><V99/><F117/><W113/><G113/><T6/><D6/><U105/><E105/><V42/><F90/><W109/><G109/><T102/><D112/><U87/><E87/><V54/><F40/><W84/><G119/><T114/><D114/><U104/><E104/><V103/><F54/><W82/><G25/><T92/><D102/><U123/><E123/><V57/><F57/><W59/><G41/><T51/><D58/><U68/><E68/><V28/><F28/><W125/><G125/><T2/><D2/><U111/><E111/><V86/><F86/><N who="3" m="48407" /><G48/><T107/><D107/><U135/><E135/><V43/><F43/><W115/><G115/><T49/><D92/><U71/><E71/><V62/><F62/><N who="3" m="37983" /><G65/><T1/><D1/><U73/><E47/><V124/><REACH who="2" step="1"/><F103/><REACH who="2" ten="242,322,145,281" step="2"/><W53/><G53/><T118/><D118/><U10/><E52/><V27/><F27/><W30/><G30/><N who="0" m="19671" /><D85/><U98/><E46/><V36/><AGARI ba="2,1" hai="5,11,13,36,42,44,55,56,61,97,99,124,126,127" machi="36" ten="30,7900,0" yaku="1,1,0,1,18,1,53,1" doraHai="72" doraHaiUra="3" who="2" fromWho="2" sc="242,-22,322,-41,145,95,281,-22" /><INIT seed="2,0,0,5,2,29" ten="220,281,240,259" oya="2" hai0="10,18,89,114,55,85,51,24,74,71,46,6,65" hai1="53,57,14,43,128,22,84,95,113,80,76,122,106" hai2="108,28,127,121,42,60,26,49,58,124,78,120,11" hai3="99,56,104,33,86,97,67,69,75,32,134,91,37"/><V25/><F78/><W102/><G69/><T13/><D74/><U23/><E113/><V112/><F112/><W30/><G37/><T110/><D114/><U59/><E128/><V92/><F11/><W72/><G99/><T19/><D110/><U101/><E122/><V7/><F7/><W118/><G118/><T68/><D65/><U133/><E133/><V61/><F108/><W87/><G87/><T90/><D90/><U93/><E43/><V117/><F117/><W3/><G3/><T5/><D71/><U35/><E35/><N who="2" m="20879" /><F26/><W4/><G4/><T52/><D68/><U81/><E23/><V126/><F92/><W115/><G115/><T103/><D103/><U129/><E101/><V9/><F9/><W16/><G16/><N who="0" m="6187" /><D24/><U12/><E106/><V21/><F21/><W77/><G30/><T135/><D6/><U64/><E22/><V83/><F83/><N who="3" m="45503" /><G72/><T98/><D135/><U132/><E132/><V1/><F1/><W111/><G111/><T39/><D39/><U44/><E12/><V54/><F42/><W105/><G105/><T63/><D98/><U2/><E14/><V125/><N who="2" m="31744" /><DORA hai="100" /><V36/><F36/><W62/><G134/><T96/><D96/><U50/><E2/><V45/><F45/><W131/><G131/><T15/><D15/><U88/><E44/><V94/><F94/><AGARI ba="0,0" hai="32,33,56,62,67,86,91,94,97,102,104" m="45503" machi="94" ten="30,7700,0" yaku="24,1,52,3" doraHai="29,100" who="3" fromWho="2" sc="220,0,281,0,240,-77,259,77" /><INIT seed="3,0,0,0,3,54" ten="220,281,163,336" oya="3" hai0="23,93,80,21,71,119,7,17,113,83,131,35,101" hai1="102,3,19,76,51,73,92,55,106,27,116,9,104" hai2="110,34,120,129,132,64,58,77,82,72,62,91,67" hai3="134,31,70,42,47,118,78,26,117,57,123,65,8"/><W100/><G123/><T66/><D119/><U6/><E116/><V109/><F120/><W20/><G70/><T68/><D35/><U39/><E39/><V122/><F122/><W111/><G134/><T28/><D7/><U49/><E73/><V53/><F132/><W124/><G124/><T88/><D101/><U85/><E49/><V112/><F112/><W86/><G111/><N who="2" m="42505" /><F129/><W63/><G8/><T114/><D28/><U135/><E135/><V12/><F34/><W126/><G126/><T74/><D131/><U115/><E115/><N who="0" m="44041" /><D23/><U107/><E76/><V96/><F12/><W84/><G100/><T50/><D50/><U105/><E105/><V46/><F46/><W108/><G108/><T127/><D127/><U48/><E48/><V128/><F128/><W25/><G25/><N who="0" m="14511" /><D74/><U98/><E85/><V90/><F90/><W94/><G86/><N who="0" m="52375" /><D68/><U56/><E27/><V125/><F125/><W2/><G2/><T69/><D69/><U0/><REACH who="1" step="1"/><E19/><REACH who="1" ten="220,271,163,336" step="2"/><V99/><F99/><W1/><G118/><T41/><D41/><U60/><E60/><AGARI ba="0,1" hai="60,66,71,80,83" m="52375,14511,44041" machi="60" ten="30,2000,0" yaku="11,1,54,1" doraHai="54" who="0" fromWho="1" sc="220,30,271,-20,163,0,336,0" /><INIT seed="4,0,0,5,4,93" ten="250,251,163,336" oya="0" hai0="126,85,82,5,14,31,45,78,53,112,87,47,110" hai1="39,105,12,109,36,62,51,43,116,11,106,28,108" hai2="16,3,77,7,69,21,17,67,103,0,132,99,52" hai3="100,71,111,121,76,13,72,94,46,127,6,20,101"/><T119/><D112/><U24/><E116/><V70/><F77/><W124/><G111/><T128/><D110/><U122/><E108/><V42/><F42/><W33/><G33/><T89/><D119/><U10/><E122/><V60/><F132/><W79/><G71/><T4/><D126/><U125/><E125/><N who="3" m="48202" /><G121/><T75/><D128/><U19/><E109/><V34/><F70/><W74/><G46/><T114/><D114/><U48/><E10/><V63/><F34/><W40/><G40/><T9/><D31/><U15/><E15/><V1/><F7/><W102/><G94/><T98/><D5/><U83/><E106/><V59/><REACH who="2" step="1"/><F21/><REACH who="2" ten="250,251,153,336" step="2"/><W22/><G6/><T68/><D68/><U113/><E43/><V120/><F120/><W55/><G22/><T97/><D75/><U49/><E39/><V96/><F96/><N who="0" m="36970" /><D53/><U130/><E36/><V57/><F57/><W32/><G55/><T107/><D107/><AGARI ba="0,1" hai="0,1,3,16,17,52,59,60,63,67,69,99,103,107" machi="107" ten="40,8000,1" yaku="1,1,52,1,54,2,53,0" doraHai="93" doraHaiUra="44" who="2" fromWho="0" sc="250,-80,251,0,153,90,336,0" /><INIT seed="5,0,0,2,3,40" ten="170,251,243,336" oya="1" hai0="70,63,51,119,68,43,121,49,134,30,108,4,67" hai1="2,130,19,55,28,99,97,37,21,3,95,71,13" hai2="122,89,100,113,107,7,133,36,93,16,9,64,83" hai3="26,81,128,106,25,52,73,96,66,90,92,69,41"/><U62/><E37/><V101/><F122/><W88/><G41/><T33/><D4/><U85/><E130/><V132/><F36/><W72/><G72/><T111/><D30/><U44/><E71/><N who="0" m="27177" /><D33/><U118/><E118/><V74/><F64/><W20/><G128/><T120/><D119/><U124/><E124/><V131/><F131/><W5/><G5/><T11/><D11/><U12/><E3/><V123/><F123/><N who="0" m="47178" /><D134/><N who="2" m="51818" /><F113/><W57/><G106/><T29/><D29/><U31/><E62/><V78/><F107/><W77/><G66/><T59/><D49/><N who="1" m="29095" /><E2/><N who="2" m="247" /><F16/><N who="3" m="12423" /><G26/><T17/><D17/><N who="1" m="10407" /><E85/><AGARI ba="0,0" hai="74,78,83,85,89,93,100,101" m="247,51818" machi="85" ten="30,1000,0" yaku="20,1" doraHai="40" who="2" fromWho="1" sc="170,0,251,-10,243,10,336,0" /><INIT seed="6,0,0,2,1,54" ten="170,241,253,336" oya="2" hai0="121,52,82,37,46,123,97,66,118,12,85,113,117" hai1="79,135,98,7,103,110,120,8,10,126,94,60,9" hai2="74,59,42,76,86,112,64,0,50,83,43,40,111" hai3="68,35,70,6,63,20,45,104,23,96,16,22,71"/><V56/><F0/><W80/><G35/><T105/><D12/><U24/><E110/><V2/><F2/><W72/><G6/><T38/><D97/><U92/><E135/><V62/><F111/><W99/><G45/><T39/><D105/><U55/><E126/><V18/><F112/><W77/><G104/><T14/><D14/><N who="1" m="5407" /><E120/><N who="0" m="46153" /><D85/><U88/><E79/><V93/><F74/><W1/><G1/><T114/><D66/><U65/><E65/><V15/><F93/><W53/><G16/><T90/><D90/><U91/><E24/><V128/><F128/><W58/><AGARI ba="0,0" hai="20,22,23,53,58,63,68,70,71,72,77,80,96,99" machi="58" ten="40,2700,0" yaku="0,1,52,1" doraHai="54" who="3" fromWho="3" sc="170,-7,241,-7,253,-13,336,27" /><INIT seed="7,0,0,2,0,113" ten="163,234,240,363" oya="3" hai0="9,93,91,42,30,4,86,66,135,132,52,74,22" hai1="13,98,12,21,95,41,104,131,57,55,69,118,2" hai2="121,18,92,3,84,109,54,47,37,44,112,133,27" hai3="87,35,127,108,126,81,26,36,25,51,79,103,120"/><W0/><G36/><T53/><D74/><U124/><E104/><V38/><F3/><W31/><G120/><T76/><D66/><U40/><E69/><V80/><F109/><W90/><G108/><T68/><D68/><U72/><E72/><V70/><F70/><W34/><G0/><T106/><D106/><U77/><E131/><V58/><F112/><W75/><G103/><T56/><D42/><N who="1" m="16491" /><E124/><N who="3" m="47658" /><G51/><T33/><D33/><N who="3" m="12297" /><G31/><T97/><D30/><U45/><E45/><V134/><F92/><AGARI ba="0,0" hai="25,26,75,79,81,87,90,92" m="12297,47658" machi="92" ten="30,1500,0" yaku="18,1" doraHai="113" who="3" fromWho="2" sc="163,0,234,0,240,-15,363,15" owari="163,-34.0,234,3.0,225,-17.0,378,48.0" /></mjloggm>