<mjloggm ver="2.3"><GO type="169" lobby="0"/><UN n0="%E3%81%A1%E3%82%83%E3%81%BE" n1="%E3%81%8D%E3%81%BF%E3%81%A9%E3%82%8A%E3%82%93" n2="%E8%88%AC%E5%8D%93%E6%B0%91%E3%81%AE%E6%9C%9D%E3%81%AF%E6%97%A9%E3%81%84" n3="%E9%B4%A8%E8%91%B1%E5%A4%AA%E9%83%8E" dan="16,17,18,17" rate="2081.30,2190.74,2254.37,2183.16" sx="M,F,M,M"/><TAIKYOKU oya="0"/><INIT seed="0,0,0,0,4,37" ten="250,250,250,250" oya="0" hai0="28,5,40,61,44,95,106,89,45,32,62,24,31" hai1="85,10,93,92,13,114,22,112,66,79,134,128,54" hai2="118,55,46,68,18,122,110,4,20,17,97,135,120" hai3="74,73,83,64,42,39,90,41,86,70,127,65,116"/><T102/><D5/><U75/><E128/><V121/><F68/><W115/><G39/><T109/><D31/><U98/><E66/><V87/><F97/><W99/><G116/><T131/><D131/><U63/><E134/><V21/><F87/><W3/><G3/><T26/><D26/><U56/><E22/><N who="2" m="8811" /><F46/><W80/><G99/><T60/><D109/><U58/><E75/><V67/><F67/><W124/><G86/><T16/><D106/><U6/><E58/><V7/><F55/><W69/><REACH who="3" step="1"/><G90/><REACH who="3" ten="250,250,250,240" step="2"/><T107/><D89/><U119/><E119/><V34/><F118/><W94/><G94/><T100/><D95/><U19/><E79/><V71/><F135/><W105/><G105/><T123/><D107/><U117/><E85/><V9/><F110/><W23/><G23/><T133/><D133/><U96/><E117/><V36/><F36/><W111/><G111/><T91/><D91/><U1/><E96/><V15/><F71/><W88/><G88/><T52/><D123/><U101/><E93/><V12/><F34/><W125/><G125/><T29/><D102/><U0/><E0/><V104/><F104/><W25/><G25/><T11/><D100/><U43/><E1/><V82/><F82/><W113/><AGARI ba="0,1" hai="41,42,64,65,69,70,73,74,80,83,113,115,124,127" machi="113" ten="25,16000,3" yaku="1,1,0,1,22,2,52,2,53,2" doraHai="37" doraHaiUra="132" who="3" fromWho="3" sc="250,-80,250,-40,250,-40,240,170" /><INIT seed="1,0,0,1,1,100" ten="170,210,210,410" oya="1" hai0="25,134,51,30,120,4,12,47,72,118,123,63,10" hai1="6,53,46,28,57,98,5,54,55,52,113,61,66" hai2="23,59,80,77,75,92,111,115,29,91,103,116,94" hai3="133,121,110,34,50,119,11,60,114,81,16,41,67"/><U126/><E113/><V101/><F116/><W45/><G34/><T13/><D72/><U130/><E126/><V9/><F115/><W104/><G104/><T64/><D118/><U74/><E74/><V38/><F38/><W128/><G121/><T42/><D134/><U108/><E28/><V31/><F111/><W48/><G110/><T8/><D64/><U102/><E108/><V112/><F112/><W132/><G114/><T2/><D63/><U36/><E130/><V82/><F9/><W86/><G50/><T18/><REACH who="0" step="1"/><D2/><REACH who="0" ten="160,210,210,410" step="2"/><U1/><E1/><V33/><F75/><W7/><G119/><T22/><AGARI ba="0,1" hai="4,8,10,12,13,18,22,25,30,42,47,51,120,123" machi="22" ten="30,4000,0" yaku="1,1,2,1,0,1,53,0" doraHai="100" doraHaiUra="58" who="0" fromWho="0" sc="160,50,210,-20,210,-10,410,-10" /><INIT seed="2,0,0,0,0,3" ten="210,190,200,400" oya="2" hai0="8,88,33,74,11,85,2,114,66,23,73,57,117" hai1="40,63,29,135,16,10,119,76,102,101,83,1,70" hai2="107,39,49,59,92,126,45,44,52,51,99,58,4" hai3="91,132,31,125,90,105,77,103,97,24,87,94,71"/><V81/><F107/><W26/><G125/><T129/><D114/><U122/><E135/><V121/><F121/><W115/><G115/><T67/><D33/><U110/><E110/><V93/><F126/><W20/><G71/><T50/><D129/><U9/><E119/><V64/><F39/><W28/><G132/><T82/><D117/><U123/><E29/><V134/><F134/><W72/><G91/><T17/><D73/><U65/><E40/><V127/><F127/><W12/><G12/><T7/><D74/><U98/><E1/><V62/><F81/><N who="3" m="45223" /><G26/><T22/><D11/><U104/><E101/><V19/><F4/><W47/><G47/><T27/><REACH who="0" step="1"/><D23/><REACH who="0" ten="200,190,200,400" step="2"/><U112/><E9/><V6/><F19/><AGARI ba="0,1" hai="19,20,24,28,31,87,90,94,97,103,105" m="45223" machi="19" ten="30,1000,0" yaku="24,1" doraHai="3" who="3" fromWho="2" sc="200,0,190,0,200,-10,400,20" /><INIT seed="3,0,0,4,1,104" ten="200,190,190,420" oya="3" hai0="57,77,87,132,52,97,130,19,75,128,115,83,88" hai1="101,43,63,59,33,7,37,92,13,26,91,90,0" hai2="30,103,45,113,31,68,49,64,40,24,81,99,12" hai3="126,6,74,69,82,111,60,89,27,120,2,76,85"/><W117/><G120/><T109/><D109/><U112/><E112/><V84/><F113/><W79/><G117/><T44/><D115/><U124/><E124/><V39/><F12/><W114/><G126/><T116/><D116/><U5/><E0/><V35/><F31/><W21/><G111/><T73/><D44/><U107/><E107/><V78/><F64/><W58/><G69/><T106/><D19/><U127/><E43/><V41/><F68/><W48/><G48/><N who="0" m="30855" /><D132/><U18/><E37/><V86/><F39/><W80/><G6/><T71/><D71/><U46/><E46/><V3/><F3/><W28/><G2/><T4/><D4/><U94/><E101/><V121/><F121/><W134/><G134/><T110/><D110/><U15/><E33/><V10/><F10/><W67/><G114/><T102/><D77/><U62/><E26/><V122/><F122/><W119/><G119/><T29/><D29/><U14/><E18/><V25/><F25/><W32/><REACH who="3" step="1"/><G79/><REACH who="3" ten="200,190,190,410" step="2"/><T56/><D56/><U38/><E59/><V123/><F123/><W47/><G47/><T51/><D51/><U23/><E5/><V129/><F41/><W108/><G108/><T61/><D61/><U133/><E7/><V11/><F40/><W16/><G16/><T100/><D100/><U65/><E38/><V54/><F45/><W20/><AGARI ba="0,1" hai="20,21,27,28,32,58,60,67,74,76,80,82,85,89" machi="20" ten="30,6000,0" yaku="1,1,0,1,52,1,53,0" doraHai="104" doraHaiUra="95" who="3" fromWho="3" sc="200,-20,190,-20,190,-20,410,70" /><INIT seed="3,1,0,5,3,50" ten="180,170,170,480" oya="3" hai0="32,13,110,71,42,78,12,121,4,34,25,59,41" hai1="87,35,22,48,88,43,5,131,64,8,67,21,115" hai2="79,1,74,133,0,120,46,52,119,135,114,107,29" hai3="51,54,38,10,19,16,90,56,33,82,23,132,80"/><W2/><G38/><T97/><D71/><U122/><E122/><V20/><F107/><W89/><G33/><T57/><D121/><U93/><E35/><V36/><F120/><W86/><G132/><T104/><D25/><U26/><E131/><V126/><F119/><W61/><G2/><T11/><D78/><U117/><E115/><V44/><F114/><W77/><G10/><T81/><D81/><U15/><E22/><V101/><F101/><W58/><G80/><T49/><D97/><U39/><E39/><V45/><F36/><W125/><G125/><T31/><D49/><U123/><E117/><V17/><F29/><W127/><G127/><T69/><D69/><U130/><E130/><V7/><F126/><W6/><G6/><T92/><D92/><U37/><E37/><V47/><F79/><W63/><G51/><T68/><D68/><U102/><E102/><V111/><F74/><W91/><G23/><T72/><D104/><U30/><REACH who="1" step="1"/><E123/><REACH who="1" ten="180,160,170,480" step="2"/><V96/><F133/><W14/><REACH who="3" step="1"/><G14/><REACH who="3" ten="180,160,170,470" step="2"/><T62/><D13/><U40/><E40/><V98/><N who="2" m="11264" /><DORA hai="99" /><V53/><F135/><W70/><G70/><T27/><D42/><U118/><E118/><V76/><F1/><W113/><G113/><T105/><D34/><U60/><E60/><V28/><F0/><W94/><G94/><T116/><D62/><U83/><E83/><V100/><F20/><W24/><G24/><T109/><D116/><U106/><E106/><V95/><F95/><W73/><G73/><T84/><D72/><U129/><E129/><V103/><F103/><W3/><G3/><RYUUKYOKU ba="1,2" sc="180,-15,160,15,170,-15,470,15" hai1="5,8,15,21,26,30,43,48,64,67,87,88,93" hai3="16,19,54,56,58,61,63,77,82,86,89,90,91" /><INIT seed="3,2,2,3,3,24" ten="165,175,155,485" oya="3" hai0="35,36,134,1,76,64,75,109,15,80,19,116,93" hai1="66,44,12,112,115,127,90,69,92,62,17,6,40" hai2="86,48,34,58,121,21,37,51,130,38,29,46,131" hai3="53,28,81,65,20,87,54,117,78,77,45,57,14"/><W16/><G117/><T30/><D116/><U100/><E6/><V9/><F34/><W42/><G28/><T133/><D36/><U128/><E127/><V120/><F9/><W135/><G135/><N who="0" m="51723" /><D1/><U94/><E128/><N who="2" m="49195" /><F86/><W132/><G132/><T99/><D64/><U3/><E3/><V106/><F106/><W122/><G122/><N who="2" m="47209" /><F21/><W119/><G119/><T91/><D109/><U31/><E94/><V10/><F10/><W88/><G65/><T129/><D129/><U114/><E100/><V73/><F73/><W110/><G54/><T84/><D35/><U7/><E7/><V55/><F29/><W26/><G110/><T107/><D30/><U111/><E111/><V103/><F103/><W5/><G26/><T60/><D60/><U95/><E31/><V68/><F68/><W124/><G5/><T2/><D2/><U32/><E32/><V98/><F98/><W85/><G124/><T39/><D39/><U104/><E104/><V4/><F4/><W13/><G85/><T71/><D71/><U96/><E95/><V0/><F0/><W125/><G14/><T83/><D107/><U18/><E112/><V102/><F102/><W22/><G20/><N who="0" m="11391" /><D83/><U25/><E25/><V82/><F82/><W50/><G125/><T89/><D75/><U72/><E72/><V74/><F74/><W126/><G126/><T59/><D76/><U118/><E118/><V56/><F56/><AGARI ba="2,2" hai="56,59,80,84,89,91,93,99" m="11391,51723" machi="56" ten="30,1000,0" yaku="20,1" doraHai="24" who="0" fromWho="2" sc="165,36,175,0,155,-16,485,0" /><INIT seed="4,0,0,1,4,34" ten="201,175,139,485" oya="0" hai0="24,10,113,102,14,48,15,47,26,97,43,6,62" hai1="19,122,104,92,91,22,21,42,61,53,64,57,32" hai2="83,28,56,81,20,89,106,115,74,16,116,109,50" hai3="82,44,129,111,41,27,98,31,120,77,29,124,117"/><T7/><D113/><U59/><E32/><V132/><F109/><W103/><G111/><T46/><D62/><U45/><E104/><V66/><F106/><W70/><G70/><T131/><D131/><U12/><E122/><V88/><F28/><W37/><G117/><T95/><REACH who="0" step="1"/><D46/><REACH who="0" ten="191,175,139,485" step="2"/><U90/><E45/><V3/><F115/><W107/><G129/><T79/><D79/><U9/><E42/><V134/><F116/><W5/><G120/><T100/><D100/><U4/><E90/><V84/><F89/><W105/><G77/><T99/><D99/><N who="1" m="57759" /><E19/><V127/><F16/><W73/><G103/><T71/><D71/><U11/><E11/><AGARI ba="0,1" hai="6,7,10,11,14,15,24,26,43,47,48,95,97,102" machi="11" ten="40,7700,0" yaku="1,1,9,1,8,1,53,0" doraHai="34" doraHaiUra="110" who="0" fromWho="1" sc="191,87,175,-77,139,0,485,0" /><INIT seed="4,1,0,0,4,31" ten="278,98,139,485" oya="0" hai0="95,53,69,91,36,0,104,133,8,116,30,37,73" hai1="114,38,44,18,17,62,55,117,126,129,42,16,87" hai2="26,103,124,113,35,71,60,40,131,57,125,135,7" hai3="123,102,41,112,109,122,90,130,92,9,76,100,54"/><T101/><D116/><U56/><E117/><V43/><F103/><W21/><G109/><T107/><D69/><U64/><E129/><V58/><F7/><W12/><G76/><T74/><D133/><U72/><E72/><V86/><F86/><W39/><G130/><T121/><D121/><U84/><E126/><V23/><F131/><W10/><G10/><T20/><D53/><U5/><E5/><V6/><F6/><W11/><G11/><T127/><D127/><U48/><REACH who="1" step="1"/><E114/><REACH who="1" ten="278,88,139,485" step="2"/><V108/><F113/><W50/><G112/><T65/><D74/><U96/><E96/><V28/><F124/><W99/><G123/><T49/><D73/><U75/><E75/><V78/><F125/><W79/><G122/><T98/><D98/><U24/><E24/><V134/><F134/><W63/><G99/><T1/><D1/><U68/><AGARI ba="1,1" hai="16,17,18,38,42,44,48,55,56,62,64,68,84,87" machi="68" ten="30,8000,1" yaku="1,1,0,1,24,2,54,1,53,0" doraHai="31" doraHaiUra="29" who="1" fromWho="1" sc="278,-41,88,93,139,-21,485,-21" /><INIT seed="5,0,0,3,4,96" ten="237,181,118,464" oya="1" hai0="94,119,109,20,106,80,124,61,22,135,75,58,123" hai1="52,45,88,25,100,125,129,40,83,93,12,15,121" hai2="49,36,11,120,69,74,13,54,24,89,108,76,130" hai3="116,101,10,4,113,66,99,110,48,104,44,26,2"/><U33/><E121/><V50/><F120/><W60/><G110/><T67/><D106/><U3/><E3/><V7/><F108/><W102/><G116/><T68/><D109/><U81/><E125/><V115/><F36/><W98/><G26/><T97/><D119/><U95/><E33/><V85/><F69/><W51/><G113/><T107/><D124/><U1/><E1/><V0/><F115/><W29/><G29/><T14/><D135/><U32/><E32/><V126/><F126/><W133/><G44/><T118/><D118/><U71/><E71/><V84/><F130/><W28/><G28/><T62/><D123/><U82/><E25/><V18/><F74/><W56/><G133/><T34/><D107/><AGARI ba="0,0" hai="2,4,10,48,51,56,60,66,98,99,101,102,104,107" machi="107" ten="30,7700,0" yaku="7,1,9,1,52,2" doraHai="96" who="3" fromWho="0" sc="237,-77,181,0,118,0,464,77" /><INIT seed="6,0,0,3,0,23" ten="160,181,118,541" oya="2" hai0="120,132,57,98,77,121,63,45,128,60,34,102,56" hai1="20,25,6,114,40,88,30,54,66,24,15,78,41" hai2="5,92,93,112,18,43,8,35,50,100,46,73,81" hai3="111,130,110,51,109,125,84,21,17,79,135,33,64"/><V55/><F112/><W133/><G33/><T131/><D34/><U113/><E78/><V97/><F35/><W31/><G31/><T48/><D77/><U22/><E66/><V123/><F123/><N who="0" m="47178" /><D98/><U83/><E54/><V0/><F18/><W76/><G64/><N who="0" m="38927" /><D102/><U75/><E75/><V94/><F73/><W86/><G125/><T124/><D124/><U3/><E3/><V87/><REACH who="2" step="1"/><F43/><REACH who="2" ten="160,181,108,541" step="2"/><W4/><G17/><T65/><D132/><U2/><E41/><AGARI ba="0,1" hai="41,45,48,56,63,65,128,131" m="38927,47178" machi="41" ten="30,2000,0" yaku="34,2" doraHai="23" who="0" fromWho="1" sc="160,30,181,-20,108,0,541,0" /><INIT seed="7,0,0,5,3,122" ten="190,161,108,541" oya="3" hai0="43,105,60,45,76,91,84,22,61,9,12,72,109" hai1="70,86,95,23,52,13,18,21,121,128,55,133,83" hai2="68,108,49,20,11,110,37,25,14,6,59,77,132" hai3="66,120,88,58,115,17,28,92,47,85,36,123,4"/><W94/><G28/><T111/><D105/><U107/><E107/><V42/><F68/><W89/><G4/><T69/><D22/><U8/><E70/><V29/><F132/><W80/><G115/><T46/><D72/><U27/><E128/><V93/><F77/><W10/><G80/><T51/><D46/><U19/><E95/><V135/><F135/><W57/><G36/><T63/><D69/><U114/><E114/><V44/><REACH who="2" step="1"/><F93/><REACH who="2" ten="190,161,98,541" step="2"/><W15/><G120/><T7/><D76/><N who="1" m="46439" /><E121/><V40/><F40/><W35/><G123/><T33/><D43/><U32/><E133/><V112/><F112/><W129/><G94/><T50/><D111/><U100/><E32/><V87/><F87/><W99/><G89/><T126/><D84/><U96/><E100/><V98/><F98/><W130/><G85/><T30/><D109/><U65/><E96/><V79/><F79/><W2/><G92/><T56/><D91/><U39/><E65/><V101/><F101/><W117/><G88/><T3/><D126/><U118/><E118/><V16/><F16/><W103/><G99/><T82/><D82/><U134/><E134/><V102/><F102/><W124/><G103/><T1/><D30/><N who="1" m="17775" /><E39/><V116/><F116/><W54/><G117/><T131/><D131/><U74/><E74/><V64/><F64/><W34/><G124/><T48/><D33/><U41/><E41/><V81/><F81/><W113/><G129/><T67/><D45/><U78/><E78/><V90/><F90/><W119/><G130/><T127/><D127/><U106/><E106/><V97/><F97/><RYUUKYOKU ba="0,1" sc="190,10,161,10,98,10,541,-30" hai0="1,3,7,9,12,48,50,51,56,60,61,63,67" hai1="8,13,18,19,23,52,55" hai2="6,11,14,20,25,29,37,42,44,49,59,108,110" owari="200,0.0,171,-23.0,108,-39.0,521,62.0" /></mjloggm>