<mjloggm ver="2.3"><GO type="169" lobby="0"/><UN n0="%E3%81%8D%E3%81%BF%E3%81%A9%E3%82%8A%E3%82%93" n1="%E5%8D%97%E6%96%97%E3%81%AE%E3%83%AC%E3%82%A4" n2="%E8%88%AC%E5%8D%93%E6%B0%91%E3%81%AE%E6%9C%9D%E3%81%AF%E6%97%A9%E3%81%84" n3="%E3%81%A1%E3%82%83%E3%81%BE" dan="17,16,18,16" rate="2188.68,2125.45,2247.99,2083.79" sx="F,M,M,M"/><TAIKYOKU oya="0"/><INIT seed="0,0,0,0,4,123" ten="250,250,250,250" oya="0" hai0="133,12,85,64,16,43,42,19,105,106,95,57,41" hai1="55,76,30,131,97,108,132,91,21,115,58,48,72" hai2="68,112,27,90,18,94,65,34,119,46,9,81,69" hai3="101,15,127,17,70,35,111,117,49,100,84,8,126"/><T56/><D133/><U75/><E75/><V39/><F112/><W40/><G117/><T62/><D57/><U53/><E131/><V82/><F119/><W1/><G70/><T10/><REACH who="0" step="1"/><D19/><REACH who="0" ten="240,250,250,250" step="2"/><U67/><E58/><V51/><F18/><W83/><G17/><T129/><D129/><U52/><E132/><V122/><F68/><W77/><G127/><T110/><D110/><U5/><E108/><V109/><F109/><W79/><G126/><T37/><D37/><U80/><E115/><V61/><F39/><W125/><G125/><T74/><D74/><U22/><E72/><V86/><F122/><W121/><G121/><T6/><D6/><U130/><E5/><V114/><F114/><W31/><G111/><T47/><D47/><U89/><E130/><V14/><F46/><W92/><G77/><T116/><D116/><U63/><E76/><V26/><F69/><W59/><G79/><T60/><D60/><U13/><E63/><V38/><F38/><W128/><G59/><T118/><D118/><U20/><E48/><V113/><F51/><W93/><G128/><T3/><D3/><U32/><E55/><V87/><F113/><W104/><G1/><T11/><D11/><U45/><E52/><V66/><F61/><W78/><G78/><T99/><D99/><U36/><E53/><V107/><F9/><W124/><G8/><T71/><D71/><U23/><E97/><V44/><F44/><W50/><G49/><T102/><D102/><U135/><E45/><V4/><F4/><W134/><G50/><T28/><D28/><U24/><E30/><RYUUKYOKU ba="0,1" sc="240,30,250,-10,250,-10,250,-10" hai0="10,12,16,41,42,43,56,62,64,85,95,105,106" /><INIT seed="0,1,1,4,2,52" ten="270,240,240,240" oya="0" hai0="96,134,107,99,56,30,91,58,23,64,131,101,10" hai1="100,60,83,72,104,109,25,65,59,37,35,79,80" hai2="133,135,92,31,13,126,94,119,71,51,45,127,116" hai3="122,77,123,9,120,21,66,114,118,132,1,8,128"/><T89/><D134/><N who="2" m="51210" /><F31/><W12/><G132/><T17/><D131/><U87/><E37/><V38/><F13/><W32/><G118/><N who="2" m="45097" /><F71/><W129/><G77/><T63/><D30/><U82/><E109/><V110/><F110/><W85/><G85/><T88/><D10/><N who="3" m="4201" /><G66/><T98/><REACH who="0" step="1"/><D58/><REACH who="0" ten="260,240,240,240" step="2"/><U117/><E59/><V49/><F94/><W48/><G129/><T50/><D50/><N who="2" m="18954" /><F92/><W103/><G128/><T47/><D47/><U6/><E117/><V20/><F20/><W76/><G123/><T34/><D34/><U68/><E35/><V36/><F45/><W39/><G32/><T75/><D75/><U53/><E72/><V111/><F111/><W105/><G122/><T78/><D78/><U26/><E79/><V125/><AGARI ba="1,2" hai="36,38,125,126,127" m="18954,45097,51210" machi="125" ten="40,12000,2" yaku="28,2,18,1,20,1,12,1,34,2" doraHai="52" who="2" fromWho="2" sc="260,-61,240,-31,240,143,240,-31" /><INIT seed="1,0,0,5,1,13" ten="199,209,383,209" oya="1" hai0="99,50,111,10,68,132,45,113,135,100,105,47,118" hai1="29,91,122,115,127,79,14,19,126,103,108,18,72" hai2="86,121,23,62,88,24,48,30,130,42,61,94,116" hai3="35,37,76,70,87,65,107,39,67,3,27,2,98"/><U74/><E115/><V102/><F116/><W66/><G70/><T8/><D113/><U51/><E122/><V56/><F121/><W20/><G35/><T112/><D112/><U69/><E69/><V28/><F130/><W81/><G98/><T93/><D118/><U33/><E79/><V117/><F117/><W38/><REACH who="3" step="1"/><G107/><REACH who="3" ten="199,209,383,199" step="2"/><T123/><D68/><U46/><E108/><V59/><F102/><W5/><G5/><T41/><D105/><U71/><E71/><V133/><F133/><W12/><G12/><T58/><D111/><U106/><E14/><V54/><F62/><W53/><G53/><T110/><D110/><U17/><E106/><V131/><F131/><W119/><G119/><T22/><D123/><U52/><E103/><V95/><F42/><W129/><G129/><T7/><D7/><U32/><E32/><V109/><F109/><W84/><G84/><T36/><D135/><U55/><E55/><V134/><F134/><W26/><G26/><T64/><D132/><U1/><E1/><V21/><F61/><W0/><G0/><T78/><D41/><U9/><E74/><V124/><F124/><N who="1" m="47657" /><E72/><V4/><F4/><W90/><G90/><T82/><D100/><U44/><E91/><V15/><F88/><W85/><G85/><T77/><D99/><U16/><E9/><V128/><F86/><W25/><G25/><T73/><D8/><U92/><E33/><V40/><F128/><W63/><G63/><T114/><D10/><U75/><E75/><V96/><F24/><W43/><G43/><T80/><D73/><U31/><E52/><RYUUKYOKU ba="0,1" sc="199,-10,209,-10,383,-10,199,30" hai3="2,3,20,27,37,38,39,65,66,67,76,81,87" /><INIT seed="2,1,1,4,3,131" ten="189,199,373,229" oya="2" hai0="28,22,76,60,130,57,15,58,43,95,120,109,45" hai1="56,21,67,77,135,132,110,129,3,7,63,103,11" hai2="75,36,62,2,53,107,19,49,31,42,85,74,32" hai3="87,98,48,117,16,26,68,113,34,82,18,79,91"/><V122/><F122/><W115/><G117/><T71/><D109/><U59/><E110/><V65/><F2/><W33/><G68/><T80/><D130/><U6/><E129/><V8/><F107/><W52/><G98/><T44/><D44/><U105/><E77/><V116/><F116/><W55/><G79/><T54/><D71/><U125/><E7/><V100/><F100/><W0/><G0/><T94/><D58/><U108/><E108/><V46/><F85/><W29/><G34/><T12/><D28/><U10/><E10/><V127/><F127/><W133/><G133/><N who="1" m="51274" /><E125/><V121/><F8/><W90/><G90/><T128/><D120/><U25/><E103/><V92/><F121/><W119/><G55/><T134/><D128/><U39/><E39/><V81/><F53/><W102/><G102/><T84/><D134/><U111/><E111/><V35/><F36/><W4/><G4/><T23/><D43/><U20/><E105/><V64/><F42/><W124/><G119/><T93/><D45/><U47/><E47/><V1/><F46/><N who="3" m="27671" /><G124/><T41/><D41/><U73/><E73/><V106/><F75/><W104/><G104/><T66/><D54/><N who="1" m="34199" /><E25/><V96/><F74/><W89/><G91/><T51/><D51/><U112/><E112/><AGARI ba="1,1" hai="16,18,26,29,33,82,87,89,112,113,115" m="27671" machi="112" ten="30,3900,0" yaku="11,1,54,2" doraHai="131" who="3" fromWho="1" sc="189,0,199,-42,373,0,229,52" /><INIT seed="3,0,0,1,4,60" ten="189,157,373,281" oya="3" hai0="7,47,96,80,115,5,114,49,119,33,17,30,45" hai1="19,63,98,68,123,111,40,97,28,65,0,55,86" hai2="39,104,56,10,108,122,38,51,73,78,102,113,13" hai3="16,29,1,24,11,50,89,37,105,135,35,42,127"/><W32/><G127/><T27/><D119/><U87/><E123/><V6/><F113/><N who="0" m="43018" /><D47/><U70/><E0/><V90/><F122/><W58/><G135/><T59/><D59/><U118/><E118/><V26/><F108/><W120/><G120/><T53/><D96/><U36/><E111/><V46/><F104/><W109/><G105/><T110/><D110/><U100/><E68/><V15/><F102/><W67/><G35/><T25/><D80/><U76/><E76/><V44/><F73/><W8/><G37/><T54/><D53/><U83/><E83/><V84/><F78/><W121/><G121/><T106/><D106/><U129/><E98/><V18/><F26/><W4/><G109/><T64/><D64/><U71/><E71/><V62/><F39/><W94/><G42/><T134/><D134/><U81/><E81/><N who="2" m="49423" /><F51/><W133/><G133/><T103/><D103/><U48/><E40/><V130/><F38/><W23/><G8/><T124/><D124/><U75/><E75/><V21/><F130/><W131/><G131/><T128/><D128/><U132/><E36/><V61/><F61/><N who="3" m="38327" /><G50/><T20/><AGARI ba="0,0" hai="5,7,17,20,25,27,30,33,45,49,54" m="43018" machi="20" ten="30,1100,0" yaku="11,1" doraHai="60" who="0" fromWho="0" sc="189,11,157,-3,373,-3,281,-5" /><INIT seed="4,0,0,5,2,29" ten="200,154,370,276" oya="0" hai0="13,122,125,42,60,23,78,114,1,66,90,109,58" hai1="65,22,59,117,126,32,64,33,75,119,0,123,79" hai2="104,21,95,17,11,83,97,10,3,124,49,36,102" hai3="84,107,25,127,110,52,101,16,43,61,86,9,7"/><T44/><D114/><U37/><E0/><V67/><F36/><W85/><G110/><T68/><D122/><U28/><E37/><V70/><F124/><W128/><G127/><T18/><D125/><U118/><E126/><V76/><F3/><W134/><G134/><T55/><D1/><U38/><E38/><V132/><F132/><W129/><G43/><T96/><D78/><U135/><E135/><V24/><F49/><W4/><G107/><T130/><D130/><N who="3" m="50281" /><G101/><T89/><D109/><U47/><E123/><V77/><F77/><W8/><G25/><T112/><D112/><U63/><E64/><V15/><F104/><W26/><G8/><T120/><D120/><U113/><E113/><V12/><F11/><W72/><G72/><T81/><D81/><U46/><E79/><V57/><F70/><W51/><G61/><T87/><D87/><U116/><E75/><V106/><F106/><W50/><G50/><T131/><D131/><U91/><E91/><V73/><F10/><W100/><G100/><T80/><D80/><U19/><E28/><V54/><F67/><W103/><G103/><T105/><D105/><U133/><E133/><V93/><F93/><W27/><G27/><T92/><D68/><U99/><E99/><V71/><F71/><W74/><G74/><T62/><D89/><U31/><E31/><V69/><F69/><W2/><G4/><T88/><D90/><U48/><N who="1" m="29696" /><DORA hai="115" /><U82/><E82/><V111/><F111/><W121/><G121/><T94/><D94/><U56/><E48/><N who="2" m="30919" /><F95/><W30/><G2/><T108/><D108/><RYUUKYOKU ba="0,0" sc="200,-10,154,-10,370,30,276,-10" hai2="12,15,17,21,24,73,76,83,97,102" /><INIT seed="5,1,0,3,3,3" ten="190,144,400,266" oya="1" hai0="112,10,0,88,90,11,113,124,128,103,77,129,84" hai1="82,73,34,126,12,26,43,111,9,48,61,16,53" hai2="71,87,95,22,40,14,54,86,68,93,60,107,98" hai3="69,72,39,120,122,105,125,83,102,45,29,89,64"/><U57/><E126/><V58/><F40/><N who="3" m="22687" /><G89/><T27/><D124/><U70/><E111/><V51/><F107/><W20/><G20/><T46/><D46/><U50/><E43/><V59/><F71/><W133/><G29/><T99/><D27/><U97/><E70/><V81/><F68/><W19/><G19/><T118/><D118/><U127/><E127/><V110/><F110/><W85/><G85/><T24/><D24/><U109/><E109/><V100/><F93/><W41/><G41/><T123/><D123/><U115/><E115/><N who="0" m="44105" /><D11/><U35/><E97/><V18/><REACH who="2" step="1"/><F81/><REACH who="2" ten="190,144,390,266" step="2"/><W44/><G83/><N who="0" m="47215" /><D0/><U108/><E108/><V2/><F2/><W94/><G94/><N who="0" m="58871" /><D10/><U28/><REACH who="1" step="1"/><E35/><REACH who="1" ten="190,134,390,266" step="2"/><V135/><F135/><W6/><G69/><T121/><D121/><U56/><E56/><V65/><AGARI ba="1,2" hai="14,18,22,51,54,58,59,60,65,86,87,95,98,100" machi="65" ten="20,5200,0" yaku="1,1,0,1,7,1,8,1,53,0" doraHai="3" doraHaiUra="32" who="2" fromWho="2" sc="190,-14,134,-27,390,75,266,-14" /><INIT seed="6,0,0,2,3,94" ten="176,107,465,252" oya="2" hai0="98,108,57,17,29,97,48,76,53,26,59,124,106" hai1="9,8,51,79,100,20,74,21,37,46,52,15,112" hai2="93,91,95,13,103,10,1,71,16,32,4,56,24" hai3="12,40,96,111,25,104,22,50,28,31,131,67,135"/><V113/><F71/><W128/><G111/><T132/><D108/><U73/><E112/><V118/><F118/><W64/><G31/><T101/><D124/><U122/><E122/><V54/><F113/><W23/><G135/><T75/><D132/><U109/><E109/><V130/><F130/><N who="3" m="49707" /><G50/><T70/><D70/><U30/><E8/><V33/><F24/><N who="3" m="16415" /><G12/><T105/><D76/><U7/><E37/><V78/><F78/><W126/><G40/><T66/><D75/><U58/><E74/><V27/><F27/><W83/><G83/><T88/><D17/><U63/><E30/><V123/><F123/><W81/><G81/><T6/><D6/><U99/><E79/><V102/><F32/><W18/><G126/><T134/><D134/><U44/><E73/><V38/><F33/><W62/><G62/><T39/><D39/><U85/><E85/><N who="2" m="52463" /><F4/><W55/><G55/><T5/><D5/><U47/><REACH who="1" step="1"/><E51/><REACH who="1" ten="176,97,465,252" step="2"/><V14/><F38/><W45/><G22/><T87/><D87/><U3/><E3/><V119/><F1/><W116/><G116/><T115/><D115/><U133/><E133/><V90/><F119/><W43/><G18/><T42/><D29/><U60/><E60/><N who="2" m="35863" /><F13/><W120/><G120/><T11/><D48/><U68/><E68/><V125/><F125/><W41/><G25/><T2/><D2/><U117/><E117/><V0/><F0/><W77/><G77/><T82/><D26/><U127/><E127/><V35/><F35/><W36/><G36/><T110/><D110/><U129/><E129/><V69/><F69/><W80/><G64/><RYUUKYOKU ba="0,1" sc="176,-15,97,15,465,15,252,-15" hai1="7,9,15,20,21,44,46,47,52,58,63,99,100" hai2="10,14,16,90,95,102,103" /><INIT seed="6,1,1,3,4,99" ten="161,112,480,237" oya="2" hai0="116,29,105,1,114,86,50,73,44,57,112,56,28" hai1="53,122,51,11,118,135,72,41,103,37,117,23,83" hai2="16,5,26,20,24,123,7,60,69,14,40,96,133" hai3="55,109,8,46,115,47,111,70,4,66,77,102,82"/><V91/><F123/><W62/><G115/><N who="0" m="44075" /><D73/><U75/><E122/><V3/><F133/><W43/><G55/><N who="0" m="30151" /><D105/><U104/><E135/><V27/><F40/><W10/><G102/><T84/><D1/><U87/><E75/><V130/><F130/><W127/><G127/><T35/><D116/><U88/><E72/><V107/><F3/><W9/><G4/><T6/><D6/><U64/><E41/><V71/><F71/><W101/><G101/><T80/><D86/><U63/><E37/><V121/><F121/><W131/><G131/><T22/><D22/><U90/><E11/><V95/><F107/><W38/><G47/><T49/><D49/><U15/><E118/><V25/><F69/><W129/><G129/><T39/><D39/><U33/><E33/><V36/><F36/><W126/><G126/><T100/><D100/><U110/><E117/><V67/><F27/><W45/><G45/><T94/><D94/><U113/><E113/><V132/><F132/><W68/><G68/><T124/><D35/><U30/><E110/><V34/><F34/><W54/><G54/><T92/><D92/><U128/><E128/><V42/><F42/><W65/><G65/><T85/><D85/><U119/><E119/><V18/><F18/><W134/><G134/><T89/><D124/><U78/><E53/><V19/><F19/><W97/><G97/><T2/><D2/><U81/><E104/><V98/><F98/><W12/><G12/><T13/><D13/><U21/><E15/><V31/><F31/><AGARI ba="1,1" hai="28,29,31,56,57,80,84,89" m="30151,44075" machi="31" ten="30,1000,0" yaku="15,1" doraHai="99" who="0" fromWho="2" sc="161,23,112,0,480,-13,237,0" /><INIT seed="7,0,0,4,2,100" ten="184,112,467,237" oya="3" hai0="83,126,15,79,16,6,34,103,112,69,25,59,30" hai1="131,47,19,81,4,134,60,102,108,54,93,97,71" hai2="119,117,80,2,127,78,39,22,133,96,95,98,130" hai3="29,118,124,21,51,94,114,20,5,50,61,64,8"/><W33/><G118/><T38/><D69/><U57/><E108/><V9/><F39/><W55/><G114/><T42/><D126/><U31/><E131/><V73/><F22/><W46/><G124/><T82/><D103/><U72/><E134/><V91/><F127/><W17/><G33/><T104/><D104/><U32/><E4/><V10/><F133/><W44/><G29/><T68/><D68/><U24/><E71/><V11/><F2/><W18/><G94/><T28/><D28/><U48/><E72/><V105/><F130/><W77/><G77/><T111/><D111/><U113/><E113/><V116/><F105/><W67/><G61/><T14/><D6/><U128/><E128/><V120/><F120/><W49/><G49/><T74/><D14/><U23/><E32/><V1/><F1/><W84/><G84/><T115/><D82/><U52/><REACH who="1" step="1"/><E81/><REACH who="1" ten="184,102,467,237" step="2"/><V106/><F117/><W129/><G5/><T125/><D125/><U88/><E88/><V13/><F116/><W109/><G109/><T7/><D7/><U135/><E135/><V45/><F119/><W89/><G89/><T35/><D35/><U27/><E27/><V86/><F73/><W123/><G129/><T26/><D26/><U56/><E56/><V0/><F91/><W76/><G123/><T121/><D59/><U99/><E99/><V43/><F96/><W40/><G76/><T132/><D121/><U12/><E12/><V3/><F98/><W90/><G90/><T66/><D132/><U122/><E122/><V63/><F78/><W101/><G101/><T58/><D112/><RYUUKYOKU ba="0,1" sc="184,-10,102,30,467,-10,237,-10" hai1="19,23,24,31,47,48,52,54,57,60,93,97,102" owari="174,-23.0,132,-37.0,467,57.0,227,3.0" /></mjloggm>