<mjloggm ver="2.3"><GO type="185" lobby="0"/><UN n0="%E3%81%97%E3%82%87%E3%81%86%E3%81%90%E3%82%93%EF%BC%94" n1="%67%6C%61%6E%7A%39%30" n2="%E3%83%84%E3%83%BC%E3%82%A2%E3%82%A6%E3%83%88" n3="" dan="17,19,16,0" rate="2236.51,2357.22,2097.88,1500.00" sx="M,M,M,C"/><TAIKYOKU oya="0"/><INIT seed="0,0,0,3,3,131" ten="350,350,350,0" oya="0" hai0="68,58,90,129,89,46,83,81,42,72,134,88,122" hai1="52,71,69,104,123,126,92,61,124,99,103,121,128" hai2="48,110,73,106,51,135,127,84,95,119,115,53,100" hai3=""/><T35/><N who="0" m="31264" /><T114/><D114/><U0/><N who="1" m="31008" /><U47/><N who="1" m="31520" /><U54/><E0/><V112/><F119/><T32/><D68/><N who="1" m="26187" /><E128/><V101/><F73/><T98/><D129/><U1/><E1/><V63/><F127/><N who="1" m="48681" /><E61/><V96/><F63/><T64/><D98/><U107/><E47/><V132/><F110/><T116/><D116/><U33/><E33/><V65/><F65/><T133/><D35/><U56/><E56/><V105/><F115/><T91/><D72/><U111/><E111/><V49/><F112/><T87/><D81/><U55/><AGARI ba="0,0" hai="52,54,55,92,99,103,104,107" m="48681,26187,31520,31008" machi="55" ten="40,6000,1" yaku="18,1,52,2,54,1" doraHai="131" who="1" fromWho="1" sc="350,-40,350,60,350,-20,0,0" /><INIT seed="1,0,0,1,2,49" ten="310,410,330,0" oya="1" hai0="113,114,69,133,88,95,59,60,35,130,75,94,51" hai1="57,79,44,64,132,125,116,87,41,127,47,40,63" hai2="84,108,52,135,38,45,32,37,76,81,107,71,104" hai3=""/><U100/><E116/><V98/><F71/><T74/><D35/><U3/><E3/><V109/><F32/><T128/><D69/><U102/><E132/><V82/><F135/><T56/><D51/><U101/><E79/><V103/><F107/><T70/><D70/><U67/><E87/><V34/><F34/><T111/><D133/><U39/><REACH who="1" step="1"/><E67/><REACH who="1" ten="310,400,330,0" step="2"/><V68/><F84/><T66/><D66/><U118/><E118/><V124/><F76/><T126/><D75/><U134/><E134/><V110/><F124/><T1/><D74/><U0/><E0/><V120/><N who="2" m="30752" /><V73/><F73/><T96/><D1/><U112/><E112/><V33/><F33/><T115/><D126/><U86/><E86/><V80/><F68/><T2/><D2/><U122/><N who="1" m="31264" /><U77/><E77/><V89/><F89/><T46/><D115/><U54/><E54/><V42/><REACH who="2" step="1"/><F52/><REACH who="2" ten="310,400,320,0" step="2"/><T105/><D114/><U53/><E53/><V36/><AGARI ba="0,2" hai="36,37,38,42,45,80,81,82,98,103,104,108,109,110" m="30752" machi="36" ten="40,6000,1" yaku="1,1,2,1,0,1,14,1,52,1,53,0" doraHai="49" doraHaiUra="91" who="2" fromWho="2" sc="310,-20,400,-40,320,80,0,0" /><INIT seed="2,0,0,3,2,86" ten="290,360,400,0" oya="2" hai0="111,32,51,71,127,78,35,73,132,48,64,65,52" hai1="56,89,123,104,0,2,54,38,120,60,131,135,115" hai2="66,90,92,130,83,91,98,93,109,117,87,43,82" hai3=""/><V88/><F117/><T77/><D132/><U94/><N who="1" m="30752" /><U106/><N who="1" m="31520" /><U116/><E135/><V108/><F66/><T119/><D119/><U107/><E116/><V47/><F130/><T50/><D127/><U102/><E131/><V133/><F133/><T128/><D128/><U44/><E102/><V113/><F113/><T68/><D73/><U95/><E115/><V55/><F55/><T122/><N who="0" m="31264" /><T79/><D52/><U110/><E110/><N who="2" m="42603" /><F91/><T76/><N who="0" m="19968" /><DORA hai="49" /><T39/><D39/><AGARI ba="0,0" hai="39,43,47,82,83,87,88,90,92,93,98" m="42603" machi="39" ten="30,12000,1" yaku="14,1,10,1,52,2,54,1" doraHai="86,49" who="2" fromWho="0" sc="290,-120,360,0,400,120,0,0" /><INIT seed="2,1,0,4,2,83" ten="170,360,520,0" oya="2" hai0="125,107,68,82,73,96,64,56,100,79,129,74,66" hai1="58,93,34,77,89,42,49,70,59,113,119,51,124" hai2="112,62,131,92,108,104,45,2,41,115,88,69,0" hai3=""/><V109/><F104/><T53/><D129/><U33/><E70/><V111/><F131/><T120/><N who="0" m="30752" /><T135/><D135/><U117/><E113/><N who="2" m="43595" /><F62/><T114/><D114/><U133/><E133/><V106/><F106/><T38/><D38/><U3/><E3/><N who="2" m="1067" /><F69/><T94/><D68/><U90/><E77/><V1/><N who="2" m="1075" /><V54/><DORA hai="95" /><F54/><T128/><D128/><U67/><E93/><V57/><F57/><T132/><D132/><U78/><E78/><V87/><F45/><T43/><D107/><U105/><E105/><V35/><F35/><T48/><D74/><U55/><E55/><V65/><F41/><T52/><D43/><U85/><E42/><V50/><F50/><T110/><D53/><U98/><E34/><V80/><F92/><T36/><D48/><U61/><E33/><V75/><F75/><T72/><D72/><U91/><E49/><V81/><F81/><T118/><D73/><U122/><E51/><V84/><F84/><T60/><D82/><U86/><E61/><V99/><F99/><T101/><D96/><U46/><E98/><V130/><F130/><T134/><D60/><U76/><E46/><V126/><F65/><N who="0" m="25194" /><D134/><U121/><N who="1" m="31008" /><U103/><E122/><V47/><F47/><RYUUKYOKU ba="1,0" sc="170,-10,360,-10,520,20,0,0" hai2="80,87,88,108,109,111,126" /><INIT seed="2,2,0,5,0,88" ten="160,350,540,0" oya="2" hai0="110,76,81,54,41,115,97,108,71,65,111,72,3" hai1="66,92,67,0,105,98,64,59,79,55,100,74,47" hai2="77,60,122,123,116,42,45,40,99,44,129,89,127" hai3=""/><V128/><N who="2" m="31264" /><V93/><N who="2" m="31520" /><V95/><F116/><T96/><D3/><U78/><E0/><V58/><F127/><T51/><D115/><U91/><E47/><N who="2" m="17995" /><F77/><T50/><D41/><N who="2" m="15978" /><F129/><T80/><D81/><U63/><REACH who="1" step="1"/><E74/><REACH who="1" ten="160,340,540,0" step="2"/><V106/><F128/><T132/><D132/><U70/><E70/><V75/><F75/><T114/><D114/><U36/><E36/><V49/><F106/><T103/><D71/><U57/><E57/><V35/><F35/><T120/><N who="0" m="30752" /><T83/><D72/><U85/><AGARI ba="2,1" hai="55,59,63,64,66,67,78,79,85,91,92,98,100,105" machi="85" ten="30,3000,0" yaku="1,1,0,1,52,1,53,0" doraHai="88" doraHaiUra="109" who="1" fromWho="1" sc="160,-12,340,44,540,-22,0,0" /><INIT seed="4,0,0,4,1,110" ten="148,384,518,0" oya="0" hai0="126,116,130,114,93,33,122,34,127,46,66,104,36" hai1="59,87,38,73,2,86,53,129,95,120,90,71,49" hai2="111,115,70,67,88,54,65,118,128,47,99,60,107" hai3=""/><T62/><N who="0" m="31264" /><T82/><D116/><U39/><N who="1" m="30752" /><U119/><E119/><V75/><F75/><T57/><D104/><U50/><E73/><V108/><F128/><T77/><D130/><U51/><E2/><V45/><F67/><T123/><N who="0" m="31520" /><T41/><D93/><U117/><E71/><V91/><F118/><T81/><D81/><U125/><E129/><V63/><F107/><T134/><D134/><U106/><E125/><N who="0" m="47625" /><D114/><U61/><E117/><V98/><F115/><T85/><AGARI ba="0,0" hai="33,34,36,41,46,57,62,66,77,82,85" m="47625,31520,31264" machi="85" ten="30,4000,0" yaku="18,1,52,2" doraHai="110" who="0" fromWho="0" sc="148,40,384,-20,518,-20,0,0" /><INIT seed="4,1,0,0,1,81" ten="188,364,498,0" oya="0" hai0="45,79,32,71,117,118,109,84,132,77,90,122,1" hai1="41,127,133,82,116,33,98,129,107,38,40,47,108" hai2="135,101,124,61,130,80,75,50,125,120,73,91,60" hai3=""/><T121/><N who="0" m="31008" /><T54/><N who="0" m="31264" /><T87/><D1/><U76/><E33/><V89/><N who="2" m="30752" /><V59/><F130/><T37/><D71/><U57/><E116/><N who="0" m="44649" /><D32/><U113/><E129/><V85/><F135/><T68/><D68/><U88/><E133/><V34/><F101/><T99/><D132/><U111/><E113/><V112/><F112/><T56/><D45/><U49/><E127/><N who="2" m="48715" /><F34/><T58/><D37/><U74/><E41/><V44/><F91/><T134/><D134/><U66/><E38/><V103/><F103/><T97/><D54/><U42/><E42/><V48/><F48/><T62/><D62/><N who="2" m="24170" /><F59/><N who="0" m="22570" /><D90/><U100/><E57/><V70/><F70/><T67/><D67/><U110/><E88/><V2/><F2/><T128/><D128/><U52/><E66/><V92/><F92/><T95/><D95/><U96/><E100/><V115/><F115/><T114/><D114/><U3/><E3/><V55/><AGARI ba="1,0" hai="44,50,55,73,75,80,85,89" m="24170,48715,30752" machi="55" ten="30,3000,0" yaku="18,1,52,2" doraHai="81" who="2" fromWho="2" sc="188,-21,364,-11,498,32,0,0" /><INIT seed="5,0,0,5,2,60" ten="167,353,530,0" oya="1" hai0="128,70,108,131,44,32,117,105,67,0,95,47,34" hai1="45,122,86,90,38,88,64,36,55,123,115,78,84" hai2="59,41,109,112,74,75,62,135,48,100,96,83,61" hai3=""/><U68/><N who="1" m="31264" /><U126/><N who="1" m="31520" /><U120/><N who="1" m="30752" /><U119/><E119/><V33/><F109/><T93/><D108/><U2/><E2/><V104/><F33/><T58/><D0/><U51/><E126/><V66/><F135/><T65/><D70/><U3/><E3/><V80/><F112/><T76/><D76/><U63/><E115/><V94/><F104/><T101/><D101/><U114/><E114/><V46/><REACH who="2" step="1"/><F61/><REACH who="2" ten="167,353,520,0" step="2"/><T132/><D105/><U37/><E78/><V129/><F129/><T124/><D124/><U52/><E90/><V50/><F50/><T107/><D107/><U130/><E130/><V89/><F89/><T134/><REACH who="0" step="1"/><D58/><REACH who="0" ten="157,353,520,0" step="2"/><U77/><E77/><V103/><F103/><T113/><D113/><U87/><REACH who="1" step="1"/><E88/><REACH who="1" ten="157,343,520,0" step="2"/><V111/><F111/><T82/><D82/><AGARI ba="0,3" hai="41,46,48,59,62,66,74,75,80,82,83,94,96,100" machi="82" ten="40,2600,0" yaku="1,1,52,1,53,0" doraHai="60" doraHaiUra="69" who="2" fromWho="0" sc="157,-26,343,0,520,56,0,0" /><INIT seed="6,0,0,0,2,103" ten="131,343,576,0" oya="2" hai0="53,80,1,76,89,97,129,72,45,33,61,123,130" hai1="133,125,3,50,92,69,111,126,68,116,77,109,127" hai2="88,48,52,36,60,42,57,86,49,56,0,55,95" hai3=""/><V104/><F0/><T35/><N who="0" m="31520" /><T62/><D1/><U107/><E3/><V71/><F104/><T39/><D89/><U120/><N who="1" m="30752" /><U65/><E107/><V99/><F36/><T73/><D39/><U113/><E77/><V134/><F134/><T93/><D76/><U37/><E92/><V91/><F71/><T78/><D78/><U51/><E37/><V117/><F117/><T67/><D93/><U40/><E133/><V121/><N who="2" m="31008" /><V54/><F42/><T43/><D43/><U106/><E106/><V100/><F86/><T83/><D53/><U58/><E116/><V79/><F79/><T47/><D67/><U90/><E90/><V38/><F38/><T70/><D70/><U98/><E65/><V110/><F110/><T101/><D101/><U112/><E125/><V132/><F132/><T41/><D41/><U46/><E40/><V105/><F105/><T84/><D84/><U131/><E98/><V44/><AGARI ba="0,0" hai="44,48,49,52,54,55,56,57,60,88,91,95,99,100" m="31008" machi="44" ten="20,12000,2" yaku="0,1,7,1,8,1,52,1,54,2" doraHai="103" who="2" fromWho="2" sc="131,-60,343,-60,576,120,0,0" owari="71,-53.0,283,-12.0,696,65.0,0,0.0" /></mjloggm>