<mjloggm ver="2.3"><GO type="185" lobby="0"/><UN n0="%E3%81%B7%E3%82%8A%E3%81%B7%E3%82%8A%EF%BC%92%EF%BC%90%EF%BC%90%EF%BC%91" n1="%E3%81%AE%E3%83%BC%E3%81%97" n2="%E3%81%BA%E3%82%93%E3%81%8E%E3%82%93%E3%81%95%E3%82%93" n3="" dan="16,18,16,0" rate="2126.80,2281.42,2117.94,1500.00" sx="M,M,F,C"/><TAIKYOKU oya="0"/><INIT seed="0,0,0,0,2,105" ten="350,350,350,0" oya="0" hai0="109,129,60,123,91,49,99,69,61,113,94,65,34" hai1="84,59,2,86,90,87,115,131,111,40,70,66,93" hai2="81,127,88,0,104,67,97,45,48,38,32,57,75" hai3=""/><T120/><N who="0" m="30752" /><T116/><N who="0" m="31520" /><T74/><D34/><U72/><E2/><V118/><F0/><T101/><D116/><U35/><E115/><V39/><F32/><T112/><D129/><U130/><E35/><V119/><F127/><T108/><D60/><U122/><N who="1" m="31264" /><U56/><E40/><V41/><F67/><T62/><D74/><U102/><E102/><V77/><F57/><T100/><D49/><U63/><E72/><V83/><F104/><T78/><D78/><U47/><E47/><V36/><F83/><T52/><D113/><U98/><E111/><N who="0" m="42569" /><D112/><U103/><E103/><V46/><F118/><T44/><D44/><U55/><REACH who="1" step="1"/><E70/><REACH who="1" ten="350,340,350,0" step="2"/><V92/><REACH who="2" step="1"/><F119/><REACH who="2" ten="350,340,340,0" step="2"/><T64/><D64/><U117/><E117/><V42/><AGARI ba="0,2" hai="36,38,39,41,42,45,46,48,75,77,81,88,92,97" machi="42" ten="20,9000,2" yaku="1,1,2,1,0,1,7,1,52,1,54,1,53,0" doraHai="105" doraHaiUra="135" who="2" fromWho="2" sc="350,-60,340,-30,340,110,0,0" /><INIT seed="1,0,0,1,3,113" ten="290,310,450,0" oya="1" hai0="60,46,93,32,59,86,36,122,130,105,71,92,117" hai1="131,100,101,106,132,109,82,70,74,3,44,127,85" hai2="78,51,89,56,110,121,61,83,1,54,47,134,104" hai3=""/><U64/><E3/><V75/><N who="2" m="31008" /><V48/><F1/><T76/><N who="0" m="31264" /><T112/><D32/><U120/><N who="1" m="30752" /><U84/><E132/><V108/><F134/><T43/><D105/><U102/><E131/><V124/><F104/><T125/><D71/><U135/><E106/><V0/><F0/><T42/><D42/><U119/><E119/><V128/><F128/><T98/><D130/><U115/><E115/><V77/><F124/><T67/><D112/><U87/><E127/><V118/><F118/><T39/><D39/><U90/><E135/><V133/><F133/><T58/><D58/><U116/><E116/><V62/><F78/><T33/><D33/><U38/><E74/><V91/><F91/><T129/><D129/><U73/><E73/><V35/><F35/><T53/><D125/><U41/><REACH who="1" step="1"/><E109/><REACH who="1" ten="290,300,450,0" step="2"/><V66/><F108/><T96/><D117/><U72/><E72/><V55/><F110/><T79/><D86/><U63/><AGARI ba="0,1" hai="38,41,44,63,64,70,82,84,85,87,90,100,101,102" m="30752" machi="63" ten="30,4000,0" yaku="1,1,0,1,52,1,53,0" doraHai="113" doraHaiUra="103" who="1" fromWho="1" sc="290,-20,300,50,450,-20,0,0" /><INIT seed="1,1,0,4,4,135" ten="270,350,430,0" oya="1" hai0="45,95,42,36,100,33,132,71,66,96,53,125,115" hai1="94,47,118,114,123,57,93,133,80,129,103,46,121" hai2="84,70,54,116,34,127,59,89,40,120,85,37,86" hai3=""/><U87/><N who="1" m="31008" /><U64/><N who="1" m="31520" /><U109/><E133/><V2/><N who="2" m="30752" /><V38/><F34/><T58/><D132/><U43/><E118/><V101/><F2/><T126/><D115/><U75/><E114/><V131/><F70/><T105/><D105/><U51/><E75/><V39/><F116/><T106/><D106/><U3/><E3/><V62/><F131/><T128/><D128/><U79/><E129/><V102/><F127/><T69/><D33/><U98/><E109/><V48/><F89/><T99/><D99/><U117/><E117/><V91/><F91/><T63/><REACH who="0" step="1"/><D69/><REACH who="0" ten="260,350,430,0" step="2"/><U112/><E112/><V56/><REACH who="2" step="1"/><F40/><REACH who="2" ten="260,350,420,0" step="2"/><T50/><AGARI ba="1,2" hai="36,42,45,50,53,58,63,66,71,95,96,100,125,126" machi="50" ten="30,12000,3" yaku="1,1,2,1,0,1,24,2,52,2,53,1" doraHai="135" doraHaiUra="68" who="0" fromWho="0" sc="260,142,350,-81,420,-41,0,0" /><INIT seed="2,0,0,0,5,60" ten="402,269,379,0" oya="2" hai0="76,1,34,33,62,114,108,61,2,115,77,57,98" hai1="120,133,40,44,71,111,59,35,131,3,90,112,119" hai2="74,67,45,101,88,81,91,129,38,82,68,124,39" hai3=""/><V100/><F129/><T43/><D43/><U46/><RYUUKYOKU type="yao9" ba="0,0" sc="402,0,269,0,379,0,0,0" hai1="3,35,40,44,46,59,71,90,111,112,119,120,131,133" /><INIT seed="2,1,0,3,5,98" ten="402,269,379,0" oya="2" hai0="87,115,37,1,84,118,116,59,2,97,39,68,57" hai1="62,106,107,125,114,92,122,110,117,123,52,112,49" hai2="40,35,74,42,96,126,111,36,55,48,56,78,33" hai3=""/><V80/><F126/><T133/><D97/><U101/><N who="1" m="31264" /><U119/><N who="1" m="31520" /><U63/><E125/><V93/><F111/><T43/><D43/><U71/><E110/><V86/><F74/><T105/><D105/><N who="1" m="39947" /><E92/><V81/><F81/><T75/><D75/><U41/><E41/><V131/><F131/><T102/><D68/><U0/><E0/><V76/><F76/><T77/><D77/><U103/><E71/><V109/><F42/><T45/><D115/><N who="1" m="44075" /><E49/><V70/><F70/><T132/><D45/><U108/><E52/><V100/><REACH who="2" step="1"/><F109/><REACH who="2" ten="402,269,369,0" step="2"/><T134/><D134/><U135/><E135/><V53/><F53/><T60/><D1/><U83/><E83/><V95/><F95/><T44/><D2/><U73/><E73/><V90/><F90/><T50/><D133/><U91/><E91/><V51/><F51/><T129/><D132/><U130/><E130/><V85/><F85/><T32/><D50/><U61/><E108/><V88/><F88/><T46/><D129/><U104/><E104/><V66/><F66/><T79/><D87/><U72/><E72/><V89/><F89/><T58/><D84/><U38/><E38/><V124/><F124/><T47/><D37/><U64/><E64/><V65/><F65/><RYUUKYOKU ba="1,1" sc="402,-20,269,10,369,10,0,0" hai1="61,62,63,101,103,117,119" hai2="33,35,36,40,48,55,56,78,80,86,93,96,100" /><INIT seed="2,2,1,1,3,109" ten="382,279,379,0" oya="2" hai0="80,96,75,82,121,71,99,51,133,116,52,87,32" hai1="129,55,132,130,33,90,111,106,47,134,0,124,73" hai2="107,91,38,115,125,40,102,45,66,54,63,78,72" hai3=""/><V49/><F125/><T127/><N who="0" m="31008" /><T77/><D32/><U97/><E33/><V123/><N who="2" m="31520" /><V57/><F115/><T60/><D116/><U118/><E0/><V86/><F102/><T36/><D36/><U104/><E118/><V67/><F107/><N who="1" m="41001" /><E55/><V69/><F67/><T81/><D127/><U53/><E53/><V126/><F126/><T120/><N who="0" m="30752" /><T41/><D41/><U39/><E47/><V56/><F78/><T93/><D133/><N who="1" m="51307" /><E39/><V37/><F72/><T76/><D60/><U70/><E70/><V117/><F117/><T59/><D71/><U94/><E124/><V112/><F112/><T108/><D108/><U122/><N who="1" m="31264" /><U64/><E64/><V103/><F57/><T44/><D59/><U3/><E3/><V89/><F38/><T34/><D34/><U128/><E73/><V92/><F69/><T2/><D2/><U131/><E131/><V58/><F58/><T113/><D113/><U135/><E135/><V46/><F46/><T84/><D75/><U83/><E111/><V35/><F35/><T62/><D62/><U110/><E110/><V119/><F119/><T100/><D44/><U88/><E130/><V95/><F37/><T114/><D114/><U42/><E42/><RYUUKYOKU ba="2,1" sc="382,-10,279,20,379,-10,0,0" hai1="83,88,90,94,97,128,129" /><INIT seed="4,3,1,4,4,0" ten="372,299,369,0" oya="0" hai0="72,101,66,124,134,86,82,88,34,102,118,81,96" hai1="113,132,130,35,69,89,128,94,47,112,70,53,90" hai2="64,110,39,3,84,93,104,85,43,127,77,45,107" hai3=""/><T100/><D34/><U42/><E35/><V55/><F110/><T121/><N who="0" m="31008" /><T91/><D66/><U99/><E90/><V58/><F3/><T56/><D56/><U36/><E53/><V60/><F127/><T46/><D46/><U44/><E44/><V87/><F93/><T71/><D71/><N who="1" m="27147" /><E132/><V129/><F129/><AGARI ba="3,1" hai="36,42,47,89,94,99,112,113,128,129,130" m="27147" machi="129" ten="40,1300,0" yaku="19,1" doraHai="0" who="1" fromWho="2" sc="372,0,299,29,369,-19,0,0" /><INIT seed="5,0,0,5,4,44" ten="372,328,350,0" oya="1" hai0="87,86,55,34,127,106,50,65,90,94,102,125,74" hai1="70,92,67,56,1,116,104,117,33,72,119,76,79" hai2="78,132,2,47,108,0,46,118,63,105,35,37,107" hai3=""/><U97/><E33/><V77/><F35/><T113/><D34/><U45/><E1/><V91/><F63/><T39/><D39/><U40/><E104/><V42/><F91/><T88/><D74/><U135/><E70/><V128/><F37/><T68/><D113/><U123/><N who="1" m="31520" /><U134/><E56/><V64/><F64/><T69/><D65/><U100/><E67/><V60/><F60/><T57/><D102/><U121/><N who="1" m="31008" /><U103/><E103/><V130/><F42/><T129/><D129/><U36/><E72/><V53/><F118/><T131/><D131/><U32/><E32/><V52/><F132/><AGARI ba="0,0" hai="36,40,45,76,79,92,97,100,116,117,119,132,134,135" m="31008,31520" machi="132" ten="50,9600,0" yaku="20,1,52,2" doraHai="44" who="1" fromWho="2" sc="372,0,328,96,350,-96,0,0" /><INIT seed="5,1,0,4,2,131" ten="372,424,254,0" oya="1" hai0="128,70,116,124,111,89,55,58,96,121,57,97,41" hai1="39,59,50,112,93,47,106,69,72,67,117,54,85" hai2="42,95,130,74,48,118,34,115,122,125,76,129,62" hai3=""/><U80/><E117/><V107/><N who="2" m="31264" /><V56/><F34/><T38/><N who="0" m="31008" /><T0/><D0/><U123/><N who="1" m="31520" /><U94/><E106/><V73/><F118/><T68/><D111/><U65/><E72/><V61/><F107/><T101/><D128/><U126/><E112/><V132/><F115/><T100/><D124/><U133/><E126/><V88/><F125/><T102/><D116/><U71/><E133/><V127/><F127/><T63/><D89/><U79/><E71/><V135/><F74/><T113/><D113/><U43/><E67/><V60/><F129/><T44/><REACH who="0" step="1"/><D58/><REACH who="0" ten="362,424,254,0" step="2"/><U36/><E36/><V52/><F130/><T87/><D87/><U45/><REACH who="1" step="1"/><E59/><REACH who="1" ten="362,414,254,0" step="2"/><V66/><F132/><T108/><D108/><U92/><E92/><V40/><F135/><T32/><D32/><U84/><E84/><V37/><F56/><T86/><D86/><U53/><E53/><V33/><F52/><T110/><D110/><U35/><E35/><V75/><F33/><T114/><D114/><U120/><E120/><V2/><F73/><T119/><D119/><U109/><E109/><V49/><F75/><T3/><D3/><U77/><E77/><V78/><F76/><T103/><N who="0" m="26112" /><DORA hai="104" /><T105/><D105/><RYUUKYOKU ba="1,2" sc="362,10,414,10,254,-20,0,0" hai0="38,41,44,55,57,63,68,70,96,97" hai1="39,43,45,47,50,54,65,69,79,80,85,93,94" /><INIT seed="5,2,2,1,4,35" ten="372,424,234,0" oya="1" hai0="133,85,104,130,67,113,98,135,79,115,64,88,100" hai1="111,122,128,72,109,40,106,125,33,107,116,93,51" hai2="53,34,71,95,46,62,112,32,131,70,86,52,45" hai3=""/><U59/><N who="1" m="31264" /><U99/><E33/><V63/><F86/><T47/><D47/><U65/><E116/><V124/><F95/><T0/><D0/><U101/><E128/><V123/><N who="2" m="31520" /><V41/><F131/><T68/><D130/><U75/><E125/><V82/><F82/><T92/><D79/><U56/><E40/><V129/><F129/><T66/><REACH who="0" step="1"/><D68/><REACH who="0" ten="362,424,234,0" step="2"/><U69/><E69/><V38/><F124/><T97/><D97/><U94/><E99/><V61/><F112/><AGARI ba="2,3" hai="64,66,67,85,88,92,98,100,104,112,113,115,133,135" machi="112" ten="40,5200,0" yaku="1,1,15,1,54,1,53,0" doraHai="35" doraHaiUra="105" who="0" fromWho="2" sc="362,86,424,0,234,-56,0,0" /><INIT seed="6,0,0,3,5,113" ten="448,424,178,0" oya="2" hai0="59,133,86,128,3,106,92,34,53,52,41,68,37" hai1="88,38,130,132,51,45,2,111,66,100,43,65,85" hai2="131,84,112,119,1,97,58,47,126,67,81,123,95" hai3=""/><V76/><N who="2" m="31520" /><V124/><F1/><T99/><D3/><U109/><E2/><V40/><F112/><T56/><D34/><U39/><E132/><V71/><F71/><T103/><D68/><U50/><E130/><V74/><F131/><T72/><D72/><U108/><E100/><V90/><F119/><T83/><D128/><U117/><E117/><V101/><F58/><T96/><D133/><U44/><E88/><V134/><F67/><N who="1" m="25609" /><E85/><V63/><F63/><T82/><D82/><U64/><N who="1" m="25617" /><U104/><DORA hai="42" /><E104/><V55/><F55/><AGARI ba="0,0" hai="38,39,43,44,45,50,51,55,108,109,111" m="25617" machi="55" ten="40,8000,1" yaku="34,2,52,2" doraHai="113,42" who="1" fromWho="2" sc="448,0,424,80,178,-80,0,0" owari="448,5.0,504,45.0,98,-50.0,0,0.0" /></mjloggm>