<mjloggm ver="2.3"><GO type="169" lobby="0"/><UN n0="%E4%BD%90%E8%97%A4%E3%82%AB%E3%82%A4%E3%82%B8" n1="%E3%81%A1%E3%82%83%E3%81%BE" n2="%E3%83%8F%E3%83%83%E3%83%88%E3%83%AA%E3%82%B9" n3="%E5%AE%89%E6%96%8E" dan="18,16,17,17" rate="2245.68,2086.81,2178.95,2223.50" sx="M,M,M,F"/><TAIKYOKU oya="0"/><INIT seed="0,0,0,0,2,91" ten="250,250,250,250" oya="0" hai0="121,22,9,69,75,131,112,66,79,103,59,18,34" hai1="50,31,74,33,73,54,7,40,6,43,133,127,62" hai2="10,21,70,3,99,58,15,118,119,97,96,29,128" hai3="61,132,81,5,106,101,36,17,37,20,2,86,110"/><T94/><D121/><U63/><E127/><V129/><F70/><W52/><G110/><T107/><D34/><U78/><E133/><V90/><F3/><W46/><G132/><T30/><D69/><U115/><E115/><V116/><F58/><W67/><G5/><T87/><D112/><U80/><E33/><V8/><F90/><W25/><G2/><T41/><D41/><U108/><E31/><V124/><F124/><W1/><G1/><T89/><D30/><U76/><E108/><V122/><F122/><W135/><G135/><T45/><D45/><U13/><E13/><V82/><F82/><W23/><G23/><T83/><D9/><N who="2" m="3690" /><F15/><W125/><G125/><T105/><D131/><N who="2" m="50250" /><F21/><W4/><G4/><T92/><D59/><U77/><E80/><V24/><F29/><W71/><G106/><T28/><D66/><U109/><E109/><V111/><F111/><W44/><G101/><T120/><D28/><U57/><E74/><V117/><F117/><W126/><G126/><T16/><D120/><U53/><E73/><V93/><F93/><W123/><G123/><T26/><REACH who="0" step="1"/><D18/><REACH who="0" ten="240,250,250,250" step="2"/><U39/><E39/><V64/><F64/><W11/><G11/><T100/><D100/><U84/><E57/><V68/><F68/><W113/><G113/><T104/><D104/><U55/><E50/><V134/><F134/><W42/><G36/><T85/><D85/><U27/><E84/><V38/><F38/><W102/><G102/><T65/><D65/><U95/><E62/><V88/><F118/><W98/><G37/><T35/><D35/><U51/><E63/><RYUUKYOKU ba="0,1" sc="240,30,250,-10,250,-10,250,-10" hai0="16,22,26,75,79,83,87,89,92,94,103,105,107" /><INIT seed="0,1,1,4,0,70" ten="270,240,240,240" oya="0" hai0="1,45,55,41,12,5,17,29,16,84,121,69,98" hai1="105,47,131,42,130,99,31,30,119,21,89,117,35" hai2="61,135,6,51,128,127,33,53,114,129,27,11,40" hai3="102,54,0,112,58,15,36,71,10,97,83,124,133"/><T9/><D121/><U59/><E35/><V76/><F114/><W50/><G112/><T7/><D69/><U94/><E105/><V107/><F107/><W120/><G120/><T60/><D29/><U106/><E106/><V20/><F33/><W25/><G124/><T18/><D7/><U126/><E126/><V48/><F127/><W34/><G0/><T73/><D73/><U111/><E111/><V104/><F76/><W46/><G71/><T23/><D98/><U103/><E103/><V81/><F81/><W28/><G83/><T67/><D84/><U62/><E117/><V22/><F104/><W101/><G133/><T82/><D82/><U74/><E74/><V49/><F40/><W79/><G79/><T43/><D67/><U109/><E109/><V2/><F135/><W95/><G101/><T125/><D43/><U63/><E63/><V113/><F113/><W8/><G36/><T24/><D1/><U65/><E119/><V52/><F22/><W78/><G78/><T56/><D125/><U37/><REACH who="1" step="1"/><E21/><REACH who="1" ten="270,230,240,240" step="2"/><V90/><F61/><W13/><REACH who="3" step="1"/><G58/><REACH who="3" ten="270,230,240,230" step="2"/><T14/><REACH who="0" step="1"/><D24/><REACH who="0" ten="260,230,240,230" step="2"/><U66/><E66/><V132/><F132/><W116/><G116/><T68/><D68/><U57/><E57/><V93/><F27/><W110/><G110/><T26/><D26/><U39/><E39/><AGARI ba="1,4" hai="5,9,12,14,16,17,18,23,39,41,45,55,56,60" machi="39" ten="30,11600,0" yaku="1,1,7,1,52,1,54,1,53,0" doraHai="70" doraHaiUra="80" who="0" fromWho="1" sc="260,159,230,-119,240,0,230,0" /><INIT seed="0,2,0,2,5,57" ten="419,111,240,230" oya="0" hai0="113,126,60,125,18,29,53,75,17,56,15,88,109" hai1="45,43,25,19,86,77,72,91,84,134,90,107,54" hai2="7,6,115,16,101,112,62,2,30,117,0,14,82" hai3="118,63,93,41,24,81,102,51,70,21,11,23,123"/><T44/><D113/><N who="2" m="43594" /><F62/><W100/><G118/><T105/><D75/><U89/><E107/><V38/><F38/><W116/><G116/><T58/><D105/><U119/><E119/><V20/><F82/><W22/><G123/><T73/><D73/><U130/><E134/><V3/><F101/><N who="3" m="39019" /><G70/><T64/><D29/><U124/><E124/><N who="0" m="47721" /><D109/><U65/><E130/><V52/><F52/><W135/><G11/><N who="0" m="6399" /><D18/><U66/><E54/><V36/><F36/><W131/><G135/><T99/><D44/><U71/><E72/><V61/><F61/><W40/><G63/><N who="0" m="37991" /><D99/><U68/><E68/><V27/><F117/><W85/><G131/><T9/><D9/><AGARI ba="2,0" hai="0,2,3,6,7,9,14,16,20,27,30" m="43594" machi="9" ten="40,5200,0" yaku="34,2,54,1" doraHai="57" who="2" fromWho="0" sc="419,-58,111,0,240,58,230,0" /><INIT seed="1,0,0,5,3,128" ten="361,111,298,230" oya="1" hai0="66,56,91,127,92,16,51,0,37,73,67,38,106" hai1="124,30,24,74,95,65,114,111,70,93,87,119,84" hai2="8,36,89,14,131,61,88,45,76,77,86,46,80" hai3="132,7,109,18,48,12,115,44,31,99,60,29,33"/><U9/><E114/><V129/><F61/><W68/><G115/><T94/><D106/><U15/><E74/><V53/><F46/><W32/><G7/><T134/><D73/><U90/><E119/><V26/><F26/><W64/><G109/><T40/><D0/><U82/><E111/><V120/><F120/><W100/><G32/><T110/><D110/><U63/><E124/><V59/><F89/><W25/><G29/><T11/><D127/><U105/><E84/><V41/><F131/><W42/><G132/><T58/><D38/><U43/><E43/><V55/><F129/><W28/><G28/><T27/><D37/><U79/><E79/><V4/><F59/><N who="0" m="22570" /><D94/><U22/><REACH who="1" step="1"/><E105/><REACH who="1" ten="361,101,298,230" step="2"/><V126/><F126/><W17/><REACH who="3" step="1"/><G12/><REACH who="3" ten="361,101,298,220" step="2"/><T47/><D27/><U50/><E50/><V54/><AGARI ba="0,2" hai="4,8,14,36,41,45,53,54,55,76,77,80,86,88" machi="54" ten="30,2000,0" yaku="0,1,54,1" doraHai="128" who="2" fromWho="2" sc="361,-5,101,-10,298,40,220,-5" /><INIT seed="2,0,0,3,4,41" ten="356,91,338,215" oya="2" hai0="57,116,69,132,118,54,70,15,48,44,85,109,87" hai1="4,107,13,124,58,60,25,66,50,83,95,135,64" hai2="73,3,0,7,51,26,8,62,38,14,133,46,61" hai3="16,67,24,134,106,22,27,33,77,96,11,88,71"/><V29/><F133/><W82/><G134/><T81/><D132/><U45/><E135/><V65/><F38/><W21/><G33/><T17/><D109/><U121/><E107/><V123/><F73/><W10/><G71/><T113/><D113/><U80/><E124/><V99/><F99/><W9/><G67/><T103/><D103/><U130/><E130/><V119/><F123/><W75/><G106/><T76/><D87/><U72/><E121/><V43/><F119/><N who="0" m="45610" /><D57/><U2/><E2/><V30/><F30/><W126/><G126/><T40/><D40/><U20/><E66/><V6/><F6/><W79/><G75/><T68/><D70/><U127/><E127/><V78/><F78/><W31/><REACH who="3" step="1"/><G82/><REACH who="3" ten="356,91,338,205" step="2"/><T5/><D5/><U52/><E72/><V84/><F65/><W114/><G114/><T28/><D28/><N who="1" m="17447" /><E95/><AGARI ba="0,1" hai="9,10,11,16,21,22,24,27,31,77,79,88,95,96" machi="95" ten="40,12000,2" yaku="1,1,8,1,54,2,53,2" doraHai="41" doraHaiUra="19" who="3" fromWho="1" sc="356,0,91,-120,338,0,205,130" owari="356,45.0,-29,-53.0,338,14.0,335,-6.0" /></mjloggm>