<mjloggm ver="2.3"><GO type="169" lobby="0"/><UN n0="%E3%82%B5%E3%83%96%E3%82%A2%E3%83%A9%E3%83%89" n1="%E8%91%B5%E3%81%A1%E3%82%83%E3%82%93" n2="%E6%9C%A8%E5%8E%9F%E8%B1%AA%E4%B8%80" n3="%E3%82%A2%E3%83%AB%E4%B8%AD%40%E3%83%86%E3%83%B3%E3%83%91" dan="16,16,17,17" rate="2069.46,2115.14,2209.69,2196.52" sx="M,M,M,M"/><TAIKYOKU oya="0"/><INIT seed="0,0,0,5,4,31" ten="250,250,250,250" oya="0" hai0="89,71,30,25,121,60,80,62,58,49,114,44,132" hai1="134,107,93,23,95,6,103,115,26,0,75,91,45" hai2="39,24,70,46,34,100,83,125,135,69,130,32,27" hai3="38,104,61,128,85,118,52,43,98,97,113,102,124"/><T65/><D121/><U96/><E134/><V99/><F135/><W14/><G113/><T123/><D132/><U35/><E115/><V4/><F4/><W16/><G118/><T48/><D123/><U105/><E75/><V53/><F27/><W117/><G117/><T77/><D89/><U18/><E0/><V15/><F15/><W126/><G128/><T2/><D2/><U119/><E119/><V37/><F53/><W63/><G85/><T17/><D17/><U86/><E6/><V133/><F133/><W84/><G84/><T21/><D44/><U50/><REACH who="1" step="1"/><E35/><REACH who="1" ten="250,240,250,250" step="2"/><V109/><F34/><W59/><G126/><T19/><D114/><U51/><E51/><V64/><F125/><W57/><G124/><T81/><D49/><U112/><E112/><V120/><F32/><W74/><G74/><T22/><D48/><U8/><E8/><V131/><F120/><W7/><G7/><T33/><D22/><U129/><E129/><V94/><F131/><W76/><G38/><T92/><D77/><U36/><E36/><V12/><F130/><W108/><G76/><T82/><D33/><U110/><E110/><V79/><F39/><W88/><G108/><T101/><D62/><U73/><E73/><V40/><F109/><W122/><G122/><T5/><D5/><U3/><E3/><V111/><F111/><W10/><G43/><AGARI ba="0,1" hai="18,23,26,43,45,50,86,91,93,95,96,103,105,107" machi="43" ten="30,2000,0" yaku="1,1,7,1,53,0" doraHai="31" doraHaiUra="56" who="1" fromWho="3" sc="250,0,240,30,250,0,250,-20" /><INIT seed="1,0,0,3,1,122" ten="250,270,250,230" oya="1" hai0="111,134,2,36,47,77,42,106,39,100,131,73,110" hai1="50,17,71,98,107,29,88,133,53,21,79,35,75" hai2="128,90,72,26,10,92,11,120,30,41,97,56,66" hai3="99,51,43,45,95,76,109,25,126,19,65,78,82"/><U85/><E71/><V37/><F128/><W124/><G109/><N who="0" m="41483" /><D131/><U135/><E35/><V81/><F120/><W33/><G65/><T89/><D134/><N who="1" m="51211" /><E29/><V121/><F121/><W14/><G33/><T86/><D2/><U101/><E79/><V117/><F117/><W16/><G25/><T67/><D67/><U114/><E75/><V49/><F37/><W13/><G14/><T64/><D64/><U28/><E28/><V116/><F72/><W57/><G13/><T132/><D132/><U130/><E130/><V4/><F26/><W24/><G24/><T0/><D0/><U59/><E21/><V3/><F11/><W108/><G108/><T113/><D113/><U20/><E20/><V83/><F116/><W96/><G76/><T1/><D1/><U34/><E34/><V123/><F123/><W32/><G32/><T38/><D77/><U125/><E125/><V27/><F27/><W127/><G57/><T112/><D73/><U60/><E17/><N who="3" m="6730" /><G95/><N who="0" m="54711" /><D112/><U12/><E12/><N who="2" m="5191" /><F30/><W15/><G15/><T91/><D91/><U6/><E114/><V104/><F3/><W87/><AGARI ba="0,0" hai="43,45,51,78,82,87,96,99,124,126,127" m="6730" machi="87" ten="40,2700,0" yaku="18,1,54,1" doraHai="122" who="3" fromWho="3" sc="250,-7,270,-13,250,-7,230,27" /><INIT seed="2,0,0,0,2,78" ten="243,257,243,257" oya="2" hai0="29,37,96,63,11,18,125,65,73,54,112,106,57" hai1="56,43,103,118,110,117,61,49,42,82,28,59,98" hai2="109,70,85,8,34,84,30,95,131,107,119,15,80" hai3="104,93,46,6,114,67,113,83,24,19,58,102,79"/><V101/><F119/><W7/><G104/><T88/><D112/><N who="3" m="43113" /><G46/><T41/><D125/><U105/><E110/><V45/><F70/><W55/><G67/><T62/><D73/><U91/><E28/><V99/><F131/><W100/><G19/><T120/><D120/><U16/><E117/><V90/><F109/><W36/><G36/><T135/><D135/><U23/><E49/><V32/><F45/><W12/><G24/><T134/><D134/><U1/><E1/><V3/><F3/><W116/><G12/><T87/><D29/><U20/><E20/><V130/><F130/><W33/><G33/><T52/><D41/><U26/><E59/><V27/><F34/><W127/><G127/><T4/><D37/><U17/><E17/><V108/><F108/><W121/><G93/><N who="0" m="54431" /><D96/><U31/><E31/><V47/><F47/><W66/><G66/><T13/><D106/><U14/><E26/><V68/><F68/><W44/><G44/><T75/><D75/><U40/><E118/><V126/><F126/><W71/><G71/><T38/><D38/><U51/><E43/><V39/><F39/><W129/><G121/><T0/><D63/><U122/><E122/><V81/><F85/><N who="3" m="48383" /><G116/><T72/><D72/><U132/><E132/><V64/><F64/><W92/><G129/><T9/><D0/><U94/><E105/><V77/><F77/><W22/><G22/><T89/><D89/><U5/><E42/><V48/><F48/><N who="3" m="31079" /><G102/><T53/><D4/><AGARI ba="0,0" hai="4,8,15,27,30,32,80,81,84,90,95,99,101,107" machi="4" ten="30,5800,0" yaku="7,1,52,2" doraHai="78" who="2" fromWho="0" sc="243,-58,257,0,243,58,257,0" /><INIT seed="2,1,0,4,3,58" ten="185,257,301,257" oya="2" hai0="65,7,44,120,135,82,126,131,81,20,87,64,105" hai1="83,113,47,110,17,10,72,24,94,133,18,84,68" hai2="31,34,130,78,70,119,52,76,54,43,14,106,88" hai3="27,132,11,60,103,46,97,67,57,16,8,22,71"/><V42/><F119/><W109/><G109/><T48/><D120/><U35/><E113/><V118/><F118/><W5/><G132/><T111/><D111/><U89/><E110/><V45/><F106/><W98/><G71/><T90/><D135/><U95/><E133/><V101/><F101/><W69/><G69/><T63/><D126/><U56/><E68/><V0/><F0/><W36/><G98/><T129/><D105/><U15/><E72/><V49/><F130/><N who="0" m="49674" /><D7/><U96/><E95/><V121/><F121/><W75/><G75/><T85/><D20/><U124/><E35/><V32/><F70/><W37/><G46/><T108/><D108/><U102/><E47/><V9/><F42/><W13/><REACH who="3" step="1"/><G8/><REACH who="3" ten="185,257,301,247" step="2"/><T39/><D39/><U28/><E124/><V86/><F9/><W25/><G25/><T99/><D99/><U1/><E24/><V30/><F45/><W77/><G77/><T122/><D122/><U62/><E10/><V128/><F128/><W33/><G33/><T29/><D87/><U80/><E84/><V93/><F34/><W134/><G134/><T112/><D85/><U59/><E96/><V3/><F32/><W19/><G19/><T40/><D44/><U104/><E18/><V79/><F43/><W38/><G38/><T6/><D40/><U125/><E17/><V50/><F79/><W74/><G74/><T66/><D6/><U4/><E4/><V116/><F78/><W123/><G123/><T21/><D29/><U55/><E28/><V92/><F76/><W115/><G115/><T2/><D112/><U61/><E125/><RYUUKYOKU ba="1,1" sc="185,-10,257,-10,301,-10,247,30" hai3="5,11,13,16,22,27,36,37,57,60,67,97,103" /><INIT seed="3,2,1,3,5,109" ten="175,247,291,277" oya="3" hai0="34,42,113,116,59,48,79,91,5,84,0,13,108" hai1="43,46,35,14,19,45,128,105,107,110,119,38,135" hai2="4,63,44,30,78,41,93,20,40,134,126,117,111" hai3="88,102,98,131,129,39,1,15,55,71,76,81,56"/><W118/><G1/><T69/><D108/><U11/><E110/><V47/><F111/><W66/><G118/><T122/><D116/><U72/><E119/><V74/><F117/><W85/><G39/><T106/><D106/><U67/><E72/><V112/><F4/><W92/><G71/><T115/><D69/><U22/><E35/><V24/><F24/><W3/><G3/><T23/><D34/><U94/><E128/><V49/><F134/><W121/><G66/><T124/><D79/><U125/><E125/><V83/><F126/><W7/><G121/><T57/><D124/><U18/><E67/><V16/><F30/><W10/><REACH who="3" step="1"/><G76/><REACH who="3" ten="175,247,291,267" step="2"/><T68/><D68/><U103/><E135/><V70/><F70/><W77/><G77/><T31/><D122/><U114/><E38/><V17/><F78/><W100/><G100/><T8/><D0/><U104/><E103/><V65/><F65/><W80/><G80/><T37/><D37/><U99/><E105/><V123/><F83/><W127/><G127/><T75/><D75/><U6/><E104/><V2/><F74/><W61/><AGARI ba="2,2" hai="7,10,15,55,56,61,81,85,88,92,98,102,129,131" machi="61" ten="30,11700,0" yaku="1,1,0,1,54,1,53,1" doraHai="109" doraHaiUra="95" who="3" fromWho="3" sc="175,-41,247,-41,291,-41,267,143" /><INIT seed="3,3,0,2,5,43" ten="134,206,250,410" oya="3" hai0="106,16,5,63,125,113,51,108,81,103,93,73,62" hai1="94,46,42,67,77,59,131,57,99,122,105,1,4" hai2="126,68,74,12,66,80,90,17,28,60,49,102,41" hai3="115,98,37,61,123,92,58,129,30,64,55,83,33"/><W76/><G115/><T54/><D108/><U72/><E122/><V91/><F126/><W69/><G123/><T50/><D125/><U20/><E105/><V110/><F110/><W96/><G129/><T87/><D113/><U82/><E131/><V65/><F65/><W79/><G37/><T32/><D32/><U13/><E67/><V35/><F102/><W21/><G33/><T31/><D31/><U71/><E71/><V109/><F109/><W88/><G96/><T39/><D39/><N who="1" m="21855" /><E13/><V53/><F41/><W134/><G134/><T85/><D5/><U121/><E20/><V48/><F48/><W34/><G34/><T97/><D106/><U127/><E121/><V118/><F118/><W70/><G70/><T84/><D73/><U107/><E107/><V52/><F53/><W104/><G104/><T44/><D51/><U111/><E111/><V26/><F80/><W29/><G21/><T22/><D81/><U40/><E40/><V8/><REACH who="2" step="1"/><F74/><REACH who="2" ten="134,206,240,410" step="2"/><W124/><G124/><T101/><REACH who="0" step="1"/><D101/><REACH who="0" ten="124,206,240,410" step="2"/><N who="1" m="60663" /><E127/><V128/><F128/><W0/><G83/><T135/><D135/><U6/><E6/><V3/><F3/><W117/><G0/><T78/><D78/><U100/><E100/><V18/><F18/><W132/><G132/><T19/><D19/><U36/><E36/><V45/><AGARI ba="3,2" hai="8,12,17,26,28,35,45,49,52,60,66,68,90,91" machi="45" ten="20,12000,2" yaku="1,1,0,1,7,1,52,1,54,1,53,1" doraHai="43" doraHaiUra="56" who="2" fromWho="2" sc="124,-33,206,-33,240,149,410,-63" /><INIT seed="4,0,0,4,2,108" ten="91,173,389,347" oya="0" hai0="64,18,104,111,63,65,106,29,61,21,35,73,69" hai1="34,75,51,117,26,98,32,118,82,23,135,53,96" hai2="28,56,97,67,127,105,17,132,109,78,9,128,121" hai3="130,40,60,86,13,95,66,102,101,119,133,8,47"/><T3/><D3/><U33/><E135/><V24/><F109/><W11/><G119/><T80/><D111/><U70/><E70/><V122/><F78/><W16/><G130/><T2/><D2/><U42/><E42/><V30/><F132/><W131/><G131/><T88/><D29/><U124/><E124/><V93/><F105/><W126/><G126/><T55/><D35/><U112/><E112/><V14/><F127/><W89/><G8/><T4/><D4/><U134/><E134/><V25/><F128/><W38/><REACH who="3" step="1"/><G133/><REACH who="3" ten="91,173,389,337" step="2"/><T0/><D0/><U114/><E117/><V68/><F122/><W7/><G7/><T90/><D55/><U31/><E118/><V107/><F121/><W1/><G1/><T113/><D113/><U76/><E114/><V52/><F52/><W87/><G87/><T10/><D10/><U49/><E53/><V99/><F9/><W12/><G12/><T129/><D129/><U115/><E115/><V79/><F14/><W62/><G62/><T74/><D80/><U85/><E85/><V22/><F25/><W83/><G83/><T123/><D123/><U39/><E82/><V54/><F24/><W77/><G77/><T45/><D69/><AGARI ba="0,1" hai="11,13,16,38,40,47,60,66,69,86,89,95,101,102" machi="69" ten="30,7700,0" yaku="1,1,7,1,54,1,53,1" doraHai="108" doraHaiUra="81" who="3" fromWho="0" sc="91,-77,173,0,389,0,337,87" /><INIT seed="5,0,0,0,5,21" ten="14,173,389,424" oya="1" hai0="54,88,131,40,24,33,114,100,85,39,70,79,26" hai1="124,94,27,117,122,135,46,82,123,112,95,30,83" hai2="28,68,107,37,89,73,127,15,51,12,14,105,71" hai3="52,1,25,36,132,65,101,128,20,48,126,43,56"/><U50/><E117/><V55/><F37/><W9/><G126/><T93/><D33/><U23/><E124/><V133/><F127/><W58/><G128/><T64/><D131/><U99/><E112/><V66/><F133/><W87/><G132/><T11/><D114/><U17/><E135/><V74/><F28/><W76/><G101/><T134/><D134/><U106/><E106/><V35/><F35/><W10/><G1/><T81/><D100/><U3/><E3/><V111/><F111/><W96/><G96/><T92/><D92/><U0/><E0/><V84/><F66/><W18/><G43/><T31/><D31/><U60/><E95/><V77/><F77/><W72/><G72/><T90/><D90/><U120/><E60/><V86/><F15/><W16/><G18/><T13/><D54/><U118/><E118/><V63/><F51/><W8/><G36/><T42/><D64/><U34/><E50/><V38/><F38/><W45/><G65/><T129/><D129/><U47/><E47/><V19/><F89/><W59/><G87/><N who="0" m="48575" /><D70/><U53/><E53/><V69/><F69/><W108/><REACH who="3" step="1"/><G76/><REACH who="3" ten="14,173,389,414" step="2"/><T4/><D39/><U104/><E122/><V7/><F19/><W41/><G41/><AGARI ba="0,1" hai="4,11,13,24,26,40,41,42,85,88,93" m="48575" machi="41" ten="30,7700,0" yaku="8,1,52,2,54,1" doraHai="21" who="0" fromWho="3" sc="14,87,173,0,389,0,414,-77" /><INIT seed="6,0,0,0,1,19" ten="101,173,389,337" oya="2" hai0="25,35,90,106,40,13,43,26,85,99,101,11,104" hai1="96,95,61,57,60,42,14,62,100,105,98,46,24" hai2="18,7,87,37,129,121,31,22,81,123,51,0,12" hai3="79,134,10,63,111,44,47,36,53,33,32,93,103"/><V133/><F37/><W131/><G111/><T94/><D106/><U58/><E14/><V27/><F133/><W74/><G134/><T8/><D8/><U128/><E128/><V70/><F70/><W124/><G131/><T113/><D113/><U64/><E58/><V92/><F129/><W82/><G124/><T78/><D35/><U16/><E16/><V89/><F51/><W28/><G10/><T50/><D78/><U54/><E54/><V127/><F127/><W65/><G28/><T48/><D48/><U17/><E17/><V84/><F0/><W41/><G103/><T110/><D110/><U86/><E86/><V67/><F67/><W112/><G93/><T2/><D2/><U66/><E66/><V119/><F119/><W9/><G112/><T45/><REACH who="0" step="1"/><D43/><REACH who="0" ten="91,173,389,337" step="2"/><U107/><E107/><V126/><F126/><W117/><G9/><T77/><D77/><U109/><E109/><V91/><F7/><AGARI ba="0,1" hai="7,11,13,25,26,40,45,50,85,90,94,99,101,104" machi="7" ten="30,2000,0" yaku="1,1,7,1,53,0" doraHai="19" doraHaiUra="71" who="0" fromWho="2" sc="91,30,173,0,389,-20,337,0" /><INIT seed="7,0,0,1,0,131" ten="121,173,369,337" oya="3" hai0="26,135,56,133,8,51,50,107,122,82,117,99,37" hai1="0,89,20,71,48,12,34,109,119,84,78,43,87" hai2="16,112,127,15,64,42,95,62,111,57,130,38,83" hai3="76,90,21,61,5,66,74,54,28,68,33,10,105"/><W115/><G115/><T46/><D122/><U113/><E34/><V132/><F111/><W114/><G114/><T29/><D117/><U9/><E109/><V101/><F112/><W4/><G21/><T110/><D110/><U96/><E113/><V52/><F132/><N who="0" m="50762" /><D82/><N who="1" m="47191" /><E71/><V60/><F42/><W75/><G90/><T86/><D86/><U98/><E20/><V36/><F130/><W123/><G123/><T55/><D8/><U7/><E0/><V41/><F41/><W108/><G108/><T93/><D107/><U19/><E7/><V77/><F127/><W81/><G5/><T11/><D11/><U67/><E67/><V126/><F126/><W58/><G105/><T85/><D37/><U124/><E124/><V73/><F38/><W120/><G120/><T94/><D85/><U92/><E119/><V40/><F36/><W106/><G106/><T128/><D128/><U53/><E43/><V69/><F40/><W80/><G33/><N who="0" m="20663" /><D99/><U79/><E79/><V88/><F83/><W45/><G28/><T27/><D27/><U1/><E1/><V59/><F77/><W39/><G80/><T121/><D121/><U44/><AGARI ba="0,0" hai="9,12,19,44,48,53,87,89,92,96,98" m="47191" machi="44" ten="30,1100,0" yaku="8,1" doraHai="131" who="1" fromWho="1" sc="121,-3,173,11,369,-3,337,-5" owari="118,-38.0,184,-22.0,366,47.0,332,13.0" /></mjloggm>