<mjloggm ver="2.3"><GO type="225" lobby="0"/><UN n0="%E5%AE%89%E8%97%A4%E3%82%AB%E3%82%B1%E3%83%AB" n1="%E5%B9%BB%E5%BD%B1%E3%81%AE%E9%9F%B3" n2="%EF%BC%AE%EF%BC%AF%EF%BD%90%EF%BD%90%EF%BC%AF" n3="%E3%81%AB%E3%82%83%EF%BD%9E%E3%81%8A" dan="16,17,16,16" rate="2062.70,2161.75,2112.95,2144.80" sx="M,F,M,M"/><TAIKYOKU oya="0"/><INIT seed="0,0,0,5,0,110" ten="250,250,250,250" oya="0" hai0="70,115,63,52,114,31,16,19,23,35,32,92,86" hai1="65,104,58,117,17,14,42,36,79,129,76,39,125" hai2="72,56,7,11,44,24,43,75,108,134,77,50,20" hai3="55,88,97,116,94,119,18,6,25,131,118,37,87"/><T38/><D38/><U95/><E104/><V74/><F108/><W93/><G37/><T132/><D132/><U10/><E117/><V81/><F134/><W121/><G131/><T89/><D19/><U64/><E129/><V62/><F20/><W133/><G133/><T8/><D8/><U98/><E125/><V48/><F48/><W46/><G121/><T91/><D31/><U130/><E130/><V66/><REACH who="2" step="1"/><F24/><REACH who="2" ten="250,250,240,250" step="2"/><W113/><G25/><T106/><D35/><U100/><E39/><V90/><F90/><W47/><G116/><T112/><D32/><U123/><E123/><V59/><F59/><W120/><G120/><T135/><D135/><U61/><E36/><V82/><F82/><W67/><G88/><T33/><D33/><U0/><E42/><V45/><F45/><W21/><G21/><T103/><D91/><U122/><E122/><V128/><F128/><W13/><G118/><T99/><D70/><U127/><E127/><V105/><F105/><W1/><G119/><T107/><D63/><U34/><E34/><V9/><F9/><W3/><G47/><T53/><REACH who="0" step="1"/><D107/><REACH who="0" ten="240,250,240,250" step="2"/><U124/><E124/><V126/><F126/><W68/><G68/><T109/><D109/><U71/><E71/><V101/><F101/><W2/><G93/><T83/><D83/><U22/><E61/><V60/><F60/><W28/><G94/><T4/><D4/><U12/><E95/><V51/><F51/><W54/><G67/><T27/><AGARI ba="0,2" hai="16,23,27,52,53,86,89,92,99,103,106,112,114,115" machi="27" ten="30,18000,2" yaku="1,1,0,1,52,3,54,2,53,0" doraHai="110" doraHaiUra="5" who="0" fromWho="0" sc="240,200,250,-60,240,-60,250,-60" /><INIT seed="0,1,0,4,0,82" ten="440,190,180,190" oya="0" hai0="69,88,55,102,83,31,79,24,134,29,116,66,97" hai1="64,59,85,123,118,133,33,71,135,52,10,11,103" hai2="28,61,130,111,91,92,68,30,57,107,27,56,93" hai3="43,73,105,99,5,70,15,49,128,2,44,122,74"/><T62/><D116/><U106/><E33/><V32/><F111/><W80/><G70/><T120/><D120/><U127/><E118/><V78/><F130/><W114/><G114/><T65/><D134/><N who="1" m="51211" /><E123/><V22/><F107/><W21/><G122/><T94/><D66/><U125/><E64/><V87/><F68/><W1/><G128/><T124/><D124/><N who="1" m="47691" /><E71/><V121/><F121/><W53/><G53/><T89/><D55/><U100/><E85/><N who="2" m="52335" /><F32/><W113/><G113/><T14/><D14/><U76/><E76/><V41/><F41/><W108/><G15/><T13/><D13/><U115/><E115/><V72/><F72/><W63/><G73/><T18/><D18/><U81/><E81/><N who="2" m="47543" /><F93/><W17/><G74/><T60/><D94/><U16/><E106/><V54/><F57/><W6/><G105/><T3/><D69/><U19/><E10/><V12/><F12/><W42/><G2/><T112/><D3/><U26/><E11/><V23/><F23/><W67/><G1/><T39/><D112/><U48/><E19/><AGARI ba="1,0" hai="19,22,27,28,30,54,56,61" m="47543,52335" machi="19" ten="30,3900,0" yaku="8,1,52,2" doraHai="82" who="2" fromWho="1" sc="440,0,190,-42,180,42,190,0" /><INIT seed="1,0,0,1,4,12" ten="440,148,222,190" oya="1" hai0="80,27,133,77,70,35,105,36,100,74,39,81,29" hai1="68,25,104,85,33,31,50,103,129,63,65,13,95" hai2="94,40,11,124,64,106,53,93,10,4,107,91,84" hai3="9,118,18,121,62,43,26,132,135,110,113,19,32"/><U41/><E129/><V98/><F124/><W97/><G113/><T21/><D133/><N who="3" m="51273" /><G121/><T42/><D42/><U60/><E60/><V38/><F64/><W82/><G110/><T99/><D81/><U47/><E95/><V112/><F112/><W75/><G118/><T116/><D116/><U48/><E85/><V92/><F11/><W59/><G9/><T0/><D0/><U15/><REACH who="1" step="1"/><E50/><REACH who="1" ten="440,138,222,190" step="2"/><V24/><F93/><W14/><G62/><T123/><D39/><U56/><E56/><V66/><F92/><W16/><G59/><T69/><D36/><U57/><E57/><V114/><F114/><W46/><G97/><AGARI ba="0,1" hai="13,15,25,31,33,41,47,48,63,65,68,97,103,104" machi="97" ten="40,7700,0" yaku="1,1,25,2,53,0" doraHai="12" doraHaiUra="52" who="1" fromWho="3" sc="440,0,138,87,222,0,190,-77" /><INIT seed="1,1,0,1,1,118" ten="440,225,222,113" oya="1" hai0="102,54,112,127,41,23,115,99,120,33,67,8,114" hai1="110,34,85,121,25,70,0,13,103,32,19,20,11" hai2="2,58,63,39,65,26,108,75,105,76,48,62,123" hai3="133,82,18,61,104,56,50,45,91,15,109,107,60"/><U135/><E121/><V117/><F117/><W131/><G109/><T111/><D33/><U100/><E70/><V78/><F123/><W22/><G131/><T125/><D120/><U119/><E119/><V81/><F39/><W47/><G133/><T132/><D132/><U3/><E135/><V42/><F108/><W98/><G104/><T84/><D111/><U72/><E72/><V49/><F105/><W128/><G128/><T35/><D35/><U9/><E85/><V97/><F2/><N who="1" m="553" /><E100/><V80/><F26/><W17/><G107/><T4/><D102/><U16/><E103/><V36/><F97/><W30/><G30/><T31/><D84/><U83/><E83/><V21/><F21/><W74/><G74/><T46/><D99/><U122/><E122/><V69/><F36/><W40/><G18/><T53/><D115/><U28/><E110/><V130/><F130/><W1/><G1/><T27/><D114/><U44/><E44/><V10/><F42/><W52/><G47/><T6/><D46/><U38/><E38/><V51/><F80/><W57/><G82/><T90/><D41/><U87/><E87/><V86/><F78/><W5/><G5/><T134/><D112/><U95/><E95/><V68/><F75/><W93/><REACH who="3" step="1"/><G57/><REACH who="3" ten="440,225,222,103" step="2"/><T79/><D4/><U124/><E124/><V24/><F69/><W96/><G96/><T55/><D127/><U116/><E116/><V77/><F77/><W43/><G43/><T66/><D79/><U14/><AGARI ba="1,1" hai="9,11,13,14,16,19,20,25,28,32,34" m="553" machi="14" ten="30,18000,2" yaku="35,5,54,1" doraHai="118" who="1" fromWho="1" sc="440,-61,225,193,222,-61,103,-61" /><INIT seed="1,2,0,4,0,118" ten="379,418,161,42" oya="1" hai0="66,3,43,47,128,80,10,61,1,73,86,123,75" hai1="107,129,22,55,15,67,28,56,9,110,64,115,40" hai2="39,131,70,57,71,82,26,53,84,132,85,72,120" hai3="32,41,29,127,51,30,133,111,54,97,24,50,62"/><U124/><E107/><V0/><F120/><W121/><G111/><T112/><D112/><U34/><E115/><V25/><F131/><W96/><G127/><T113/><D113/><U117/><E117/><V109/><F109/><W65/><G133/><T37/><D128/><U103/><E110/><V130/><F132/><W87/><G30/><T49/><D123/><U44/><E34/><V17/><F130/><W102/><G121/><T79/><D37/><U52/><E103/><V83/><F39/><W58/><G96/><T101/><D101/><U35/><E35/><V100/><F100/><W93/><G41/><T11/><D11/><U98/><E98/><V46/><F46/><W19/><G19/><T7/><REACH who="0" step="1"/><D3/><REACH who="0" ten="369,418,161,42" step="2"/><U134/><E129/><V69/><F0/><W12/><G12/><T91/><D91/><U33/><E33/><V126/><F25/><W104/><G54/><N who="1" m="20522" /><E134/><V60/><F53/><W45/><G45/><T88/><D88/><U4/><E124/><V38/><F126/><W116/><G116/><T94/><D94/><U119/><E119/><V77/><F38/><W106/><G106/><T76/><D76/><U42/><E44/><V92/><F92/><W90/><AGARI ba="2,1" hai="24,29,32,50,51,58,62,65,87,90,93,97,102,104" machi="90" ten="30,1100,0" yaku="0,1" doraHai="118" who="3" fromWho="3" sc="369,-5,418,-7,161,-5,42,27" /><INIT seed="2,0,0,0,0,34" ten="364,411,156,69" oya="2" hai0="43,32,122,85,56,2,91,115,13,60,66,51,107" hai1="112,84,125,40,134,76,102,14,1,0,16,25,99" hai2="93,108,3,37,83,118,82,67,70,49,36,6,89" hai3="117,111,52,20,58,65,121,35,72,62,86,96,103"/><V92/><F118/><W19/><G117/><T8/><D32/><U46/><E112/><V57/><F108/><W33/><G72/><T98/><D115/><U131/><E25/><V81/><F93/><W28/><G121/><T17/><D122/><U38/><E125/><V9/><F70/><W87/><G111/><T113/><D113/><U64/><E64/><V104/><F104/><W97/><G35/><T39/><D39/><U116/><E116/><V68/><F68/><W88/><G28/><T18/><D2/><U61/><E61/><V30/><F30/><W94/><G33/><T50/><D107/><U12/><E12/><V114/><F114/><W124/><G65/><T90/><D43/><U95/><E134/><V74/><F74/><W129/><G129/><T55/><D98/><U75/><E75/><V77/><F77/><W105/><G124/><T106/><D106/><U133/><E133/><V119/><F119/><W127/><G127/><T11/><D51/><U126/><E126/><V63/><REACH who="2" step="1"/><F49/><REACH who="2" ten="364,411,146,69" step="2"/><W120/><REACH who="3" step="1"/><G120/><REACH who="3" ten="364,411,146,59" step="2"/><T54/><D50/><U42/><E131/><V41/><F41/><W47/><G47/><T4/><D60/><U78/><E42/><V48/><F48/><W21/><G21/><T7/><D56/><U69/><E69/><V10/><F10/><W79/><G79/><T132/><D11/><U71/><E78/><V29/><F29/><W45/><G45/><T5/><D8/><N who="1" m="6215" /><E71/><V130/><F130/><W23/><G23/><T80/><D132/><U27/><E76/><V22/><F22/><W101/><G101/><T128/><D128/><RYUUKYOKU ba="0,2" sc="364,-15,411,-15,146,15,59,15" hai2="3,6,9,36,37,57,63,67,81,82,83,89,92" hai3="19,20,52,58,62,86,87,88,94,96,97,103,105" /><INIT seed="2,1,2,3,3,89" ten="349,396,161,74" oya="2" hai0="44,22,14,133,124,126,12,48,16,4,103,83,116" hai1="45,38,50,7,33,102,66,51,65,72,53,127,19" hai2="129,130,25,63,76,41,82,64,115,55,104,71,31" hai3="97,128,60,90,112,114,34,87,118,109,47,10,8"/><V135/><F115/><N who="3" m="44075" /><G118/><T46/><D116/><U5/><E38/><V61/><F135/><W85/><G34/><T40/><D133/><U78/><E33/><V3/><F3/><W17/><G109/><T1/><D1/><U100/><E72/><V69/><F41/><W84/><G128/><N who="2" m="49257" /><F104/><W95/><G47/><T120/><D120/><U77/><E19/><V67/><F55/><W125/><G125/><N who="0" m="48235" /><D103/><U98/><E127/><V62/><F25/><W6/><G6/><T27/><D4/><U13/><E13/><V80/><F31/><W52/><G17/><T56/><D56/><AGARI ba="1,2" hai="8,10,52,56,60,84,85,87,90,95,97" m="44075" machi="56" ten="30,3900,0" yaku="11,1,52,1,54,1" doraHai="89" who="3" fromWho="0" sc="349,-42,396,0,161,0,74,62" /><INIT seed="3,0,0,1,3,135" ten="307,396,161,136" oya="3" hai0="99,69,7,118,123,131,110,31,134,72,101,114,84" hai1="90,82,108,106,68,97,93,87,15,25,0,6,63" hai2="100,41,40,115,67,62,57,33,21,127,109,2,102" hai3="130,96,104,51,120,74,129,116,107,13,28,75,18"/><W88/><G116/><T54/><D72/><N who="3" m="27689" /><G28/><T105/><D69/><U32/><E0/><V128/><F115/><W17/><G51/><T77/><D118/><U19/><E6/><V9/><F33/><W133/><G133/><T76/><D134/><U47/><E47/><V61/><F2/><W56/><G56/><T48/><D31/><U49/><E49/><V30/><F9/><W73/><N who="3" m="27697" /><W5/><DORA hai="4" /><G5/><T52/><D7/><U16/><E15/><V34/><F34/><W58/><G58/><T65/><D65/><N who="1" m="41023" /><E82/><V10/><F10/><W43/><G43/><T86/><D123/><U29/><E108/><V3/><F109/><W60/><G60/><T103/><D110/><U50/><E50/><V22/><F3/><W11/><G18/><T26/><D26/><U59/><E59/><V122/><F57/><W39/><G39/><T66/><D66/><U1/><E1/><V83/><F67/><W91/><G120/><T55/><D48/><U89/><E89/><N who="3" m="34378" /><G96/><T38/><D38/><U85/><E85/><V64/><F64/><W27/><G27/><T36/><D36/><U119/><E119/><V14/><F14/><W92/><G92/><T117/><D117/><U24/><E24/><V53/><F30/><W20/><G20/><T12/><D12/><U124/><E19/><V112/><F122/><W79/><G79/><T42/><D42/><U37/><E16/><V98/><F21/><W95/><G95/><N who="0" m="58623" /><D77/><U132/><E37/><V45/><F22/><W44/><G44/><T121/><D76/><U35/><E132/><V81/><F45/><RYUUKYOKU ba="0,0" sc="307,-10,396,-10,161,-10,136,30" hai3="11,13,17,104,107,129,130" /><INIT seed="3,1,0,4,3,16" ten="297,386,151,166" oya="3" hai0="103,68,56,42,111,11,76,31,88,83,72,61,125" hai1="52,46,40,124,28,17,102,54,116,34,96,39,105" hai2="84,36,73,5,113,79,97,95,126,123,65,70,44" hai3="45,20,107,117,24,134,8,37,89,19,71,66,33"/><W101/><G117/><T114/><D68/><U81/><E124/><V129/><F113/><W92/><G134/><T29/><D114/><U13/><E116/><V118/><F118/><W109/><G109/><T120/><D120/><U93/><E28/><V43/><F126/><W6/><G33/><T59/><D125/><U9/><E34/><V25/><F123/><W58/><G71/><T64/><D111/><U7/><E81/><V32/><F129/><W27/><G101/><T63/><D103/><U1/><E93/><V119/><F119/><W26/><G107/><T4/><D42/><U98/><E98/><V77/><F84/><W57/><G45/><T86/><D76/><U53/><E54/><V121/><F121/><W12/><G37/><T112/><D72/><U128/><E128/><V49/><F5/><W38/><G38/><T15/><REACH who="0" step="1"/><D112/><REACH who="0" ten="287,386,151,166" step="2"/><U2/><E102/><V127/><F127/><W99/><REACH who="3" step="1"/><G66/><AGARI ba="1,1" hai="4,11,15,29,31,56,59,61,63,64,66,83,86,88" machi="66" ten="30,12000,2" yaku="1,1,2,1,7,1,9,1,8,1,54,1,53,0" doraHai="16" doraHaiUra="104" who="0" fromWho="3" sc="287,133,386,0,151,0,166,-123" owari="420,52.0,386,19.0,151,-25.0,43,-46.0" /></mjloggm>