<mjloggm ver="2.3"><GO type="169" lobby="0"/><UN n0="%E3%81%B5%E3%81%8F%E3%82%8D%E3%81%86%E3%81%95%E3%82%93" n1="%E8%91%B5%E3%81%A1%E3%82%83%E3%82%93" n2="%E3%83%8F%E3%82%BF%E3%83%A2%E3%83%88%E3%83%92%E3%83%AD" n3="%E7%A5%9E%E9%A2%A8%E3%81%A6%E3%81%83%E3%81%A3%E3%81%97%E3%82%85" dan="18,16,17,16" rate="2207.88,2112.97,2140.15,2122.89" sx="F,M,M,M"/><TAIKYOKU oya="0"/><INIT seed="0,0,0,5,2,31" ten="250,250,250,250" oya="0" hai0="40,97,26,56,61,90,82,131,129,73,43,109,93" hai1="91,28,11,103,120,35,118,6,41,89,127,7,30" hai2="132,1,124,106,112,95,13,128,4,123,50,34,125" hai3="53,126,111,64,19,102,39,117,14,86,12,60,81"/><T49/><D109/><U72/><E118/><V68/><RYUUKYOKU type="yao9" ba="0,0" sc="250,0,250,0,250,0,250,0" hai2="1,4,13,34,50,68,95,106,112,123,124,125,128,132" /><INIT seed="0,1,0,1,2,28" ten="250,250,250,250" oya="0" hai0="12,10,74,126,34,71,81,105,6,60,115,27,85" hai1="134,56,94,29,31,24,128,23,48,129,55,65,93" hai2="131,40,62,80,121,7,15,100,117,16,13,59,43" hai3="38,70,90,75,101,120,18,68,79,45,33,17,99"/><T98/><D74/><U64/><E134/><V1/><F1/><W119/><G119/><T51/><D115/><U78/><E78/><V67/><F121/><W30/><G90/><T5/><D126/><U127/><E127/><V86/><F131/><N who="1" m="50249" /><E31/><V88/><F117/><W76/><G120/><T37/><D37/><U91/><E94/><V96/><F15/><W53/><G75/><T132/><D132/><U19/><E19/><V8/><F7/><W3/><G3/><T66/><D5/><U35/><E23/><V82/><REACH who="2" step="1"/><F80/><REACH who="2" ten="250,250,240,250" step="2"/><W118/><G118/><T36/><D6/><U123/><E123/><V97/><F97/><AGARI ba="1,1" hai="24,29,35,48,55,56,64,65,91,93,97" m="50249" machi="97" ten="30,2000,0" yaku="19,1,52,1" doraHai="28" who="1" fromWho="2" sc="250,0,250,33,240,-23,250,0" /><INIT seed="1,0,0,4,4,121" ten="250,283,217,250" oya="1" hai0="29,25,96,22,119,79,13,56,110,101,108,69,31" hai1="94,124,19,72,16,73,63,80,104,95,75,27,92" hai2="54,35,2,125,49,32,88,18,113,93,116,28,114" hai3="109,1,117,62,59,17,89,46,10,48,90,52,41"/><U15/><E104/><V23/><F116/><W129/><G117/><T0/><D69/><U40/><E124/><V58/><F2/><W106/><G129/><T20/><D0/><U12/><E40/><V115/><F28/><W55/><G109/><N who="0" m="42091" /><D119/><U77/><E63/><V128/><F125/><W127/><G127/><T133/><D133/><U39/><E39/><V85/><REACH who="2" step="1"/><F128/><REACH who="2" ten="250,283,207,250" step="2"/><W11/><G1/><T45/><D31/><U24/><E24/><AGARI ba="0,1" hai="18,23,24,32,35,49,54,58,85,88,93,113,114,115" machi="24" ten="40,8000,1" yaku="1,1,2,1,11,1,54,1,53,1" doraHai="121" doraHaiUra="53" who="2" fromWho="1" sc="250,0,283,-80,207,90,250,0" /><INIT seed="2,0,0,2,0,16" ten="250,203,297,250" oya="2" hai0="106,50,131,67,33,52,124,96,37,104,80,5,57" hai1="30,68,7,27,49,15,86,2,14,43,41,42,13" hai2="103,36,61,53,113,134,77,31,1,56,65,128,75" hai3="19,92,122,115,47,79,112,99,59,83,39,29,88"/><V9/><F113/><N who="3" m="43595" /><G122/><T63/><D33/><U90/><E68/><V97/><F134/><W73/><G29/><T4/><D131/><U71/><E71/><V21/><F36/><W18/><G59/><T129/><D129/><U130/><E130/><V87/><F75/><W58/><G58/><T48/><D37/><U76/><E76/><V133/><F133/><W69/><G69/><T81/><D124/><U23/><E2/><V95/><F1/><W119/><G119/><T54/><D96/><U126/><E126/><V107/><F9/><W10/><G10/><T100/><D100/><U117/><E117/><V70/><F128/><W118/><G118/><T84/><D84/><U28/><E28/><V110/><F110/><W11/><G11/><T26/><D26/><U40/><E7/><N who="0" m="2633" /><D106/><U44/><REACH who="1" step="1"/><E14/><REACH who="1" ten="250,193,297,250" step="2"/><V93/><F70/><W114/><G114/><T85/><D104/><U35/><E35/><V22/><F107/><W109/><G109/><T127/><D127/><U45/><E45/><V102/><F31/><W125/><G125/><T62/><D67/><U121/><E121/><V8/><F65/><W105/><G105/><T51/><D57/><U66/><E66/><V120/><F120/><W55/><G39/><T46/><D46/><U78/><E78/><V82/><F8/><W25/><G25/><T123/><D123/><U32/><E32/><V72/><F72/><W98/><G98/><AGARI ba="0,1" hai="21,22,53,56,61,77,82,87,93,95,97,98,102,103" machi="98" ten="40,12000,1" yaku="9,1,8,1,52,2" doraHai="16" who="2" fromWho="3" sc="250,0,193,0,297,130,250,-120" /><INIT seed="2,1,0,4,3,41" ten="250,193,427,130" oya="2" hai0="75,73,109,34,70,48,27,94,115,125,122,21,99" hai1="19,47,83,22,4,114,58,12,128,28,132,81,14" hai2="82,36,126,91,100,50,33,5,107,63,89,121,98" hai3="64,18,86,7,134,90,119,101,85,15,13,54,118"/><V80/><F36/><W112/><G134/><T66/><D34/><U102/><E132/><V31/><F121/><W127/><G127/><T88/><D122/><U1/><E114/><V10/><F126/><W23/><G112/><T105/><D115/><U46/><E128/><V0/><F82/><N who="1" m="31241" /><E28/><V44/><F63/><W8/><G64/><T78/><D125/><U43/><E43/><V24/><REACH who="2" step="1"/><F80/><REACH who="2" ten="250,193,417,130" step="2"/><W3/><G119/><T106/><D78/><U38/><E38/><V35/><F35/><W45/><G118/><T110/><D75/><U39/><E39/><V37/><F37/><W96/><G3/><T42/><D73/><U131/><E1/><V62/><F62/><W79/><G79/><T71/><D71/><U67/><E131/><V95/><F95/><N who="3" m="56439" /><G101/><T60/><D106/><U16/><E102/><V117/><F117/><W108/><G108/><T130/><D105/><U52/><E67/><V123/><F123/><W84/><G84/><T133/><D133/><U120/><E120/><V40/><AGARI ba="1,1" hai="0,5,10,24,31,33,40,44,50,89,91,98,100,107" machi="40" ten="20,7800,0" yaku="1,1,0,1,7,1,52,1,53,0" doraHai="41" doraHaiUra="56" who="2" fromWho="2" sc="250,-27,193,-27,417,91,130,-27" /><INIT seed="2,2,0,2,4,118" ten="223,166,508,103" oya="2" hai0="26,91,19,10,74,71,67,51,135,63,96,126,33" hai1="95,46,84,15,48,4,6,23,30,122,69,21,88" hai2="83,131,73,81,2,101,8,64,128,82,47,114,102" hai3="127,110,115,12,65,98,0,117,27,34,9,57,130"/><V3/><F8/><W134/><G117/><T120/><D74/><U124/><E69/><V43/><F73/><W125/><G57/><T56/><D135/><U45/><E124/><N who="3" m="47690" /><G65/><T22/><D126/><U18/><E122/><V116/><F64/><W80/><G80/><T129/><D129/><N who="2" m="49738" /><F114/><W66/><G98/><T113/><D113/><U36/><E36/><N who="2" m="21991" /><F116/><W42/><G42/><T40/><D33/><U89/><E89/><V121/><F121/><W7/><G66/><T77/><D77/><U35/><E35/><V20/><F20/><W132/><G130/><T78/><D78/><U97/><E97/><V58/><F58/><W103/><G103/><AGARI ba="2,0" hai="2,3,81,82,83,101,102,103" m="21991,49738" machi="103" ten="30,1500,0" yaku="19,1" doraHai="118" who="2" fromWho="3" sc="223,0,166,0,508,21,103,-21" /><INIT seed="2,3,0,5,0,108" ten="223,166,529,82" oya="2" hai0="110,72,47,111,78,3,70,28,98,46,133,54,60" hai1="13,9,124,91,58,105,36,130,44,73,93,83,38" hai2="51,48,21,0,74,134,116,27,68,29,67,8,126" hai3="81,89,35,18,100,5,118,123,87,104,49,14,34"/><V114/><F116/><W52/><G123/><T42/><D3/><U84/><E105/><V102/><F74/><W97/><G5/><T120/><D28/><U45/><E124/><V132/><F102/><W43/><G43/><T80/><D120/><U77/><E130/><V10/><F67/><W103/><G103/><T6/><D6/><U79/><E79/><V20/><F68/><W88/><G89/><T22/><D133/><U1/><E1/><V71/><F71/><W121/><G121/><T119/><D119/><U57/><E38/><V24/><F0/><W15/><G15/><T7/><D7/><U12/><E12/><V75/><F75/><W19/><G19/><T125/><D125/><U99/><E73/><V11/><F126/><W82/><G82/><T25/><D98/><U56/><REACH who="1" step="1"/><E36/><REACH who="1" ten="223,156,529,82" step="2"/><V26/><F134/><W2/><G2/><T17/><D111/><U122/><E122/><V16/><F132/><W63/><G63/><T86/><D110/><U33/><E33/><N who="2" m="20647" /><F48/><W127/><G127/><T129/><D129/><U135/><E135/><V131/><F51/><W106/><G104/><T30/><D72/><U94/><E94/><V61/><F61/><W65/><G118/><T69/><D60/><U31/><E31/><N who="2" m="17863" /><F131/><W96/><G65/><T113/><D30/><U95/><E95/><V53/><F53/><W50/><G50/><T40/><D54/><U128/><E128/><V55/><F55/><W85/><G34/><T109/><D109/><U107/><E107/><V4/><F4/><AGARI ba="3,1" hai="4,9,13,44,45,56,57,58,77,83,84,91,93,99" machi="4" ten="40,2600,0" yaku="1,1,8,1,53,0" doraHai="108" doraHaiUra="32" who="1" fromWho="2" sc="223,0,156,45,529,-35,82,0" /><INIT seed="3,0,0,4,2,66" ten="223,201,494,82" oya="3" hai0="40,19,71,94,81,46,49,59,135,112,63,128,133" hai1="107,53,78,38,67,64,52,83,31,34,119,86,92" hai2="90,95,74,127,62,114,126,50,30,51,21,56,29" hai3="18,41,132,3,48,26,101,7,22,116,16,2,115"/><W68/><G115/><T42/><D81/><U131/><E107/><V27/><F74/><W113/><G113/><T4/><D4/><U82/><E38/><V87/><F29/><W23/><G116/><T89/><D112/><U77/><E119/><V17/><F30/><W60/><G101/><T108/><D108/><U105/><E105/><V24/><F27/><W134/><G7/><T55/><D128/><U12/><E131/><V118/><F114/><W110/><G110/><T121/><D121/><U124/><E124/><N who="2" m="47659" /><F118/><W44/><G2/><T79/><D79/><U84/><E31/><V102/><F102/><W103/><G103/><T130/><D130/><U72/><E34/><V104/><F104/><W80/><G80/><T120/><D120/><U43/><E72/><V122/><F122/><W10/><G10/><T33/><D33/><U91/><E43/><V98/><F98/><W106/><G106/><T125/><D125/><U76/><E76/><V8/><F8/><W0/><G0/><T111/><D111/><U129/><E129/><V45/><F45/><W35/><G35/><T37/><D19/><U9/><E92/><V5/><F5/><W109/><G3/><T47/><REACH who="0" step="1"/><D71/><REACH who="0" ten="213,201,494,82" step="2"/><U88/><E9/><V70/><F70/><W57/><G68/><T25/><D25/><U93/><E93/><V69/><F69/><W96/><G109/><T15/><D15/><AGARI ba="0,1" hai="12,15,52,53,64,67,77,78,82,83,84,86,88,91" machi="15" ten="25,8000,1" yaku="22,2,8,1,54,2" doraHai="66" who="1" fromWho="0" sc="213,-80,201,90,494,0,82,0" /><INIT seed="4,0,0,3,2,36" ten="133,291,494,82" oya="0" hai0="109,26,126,51,131,15,119,32,99,56,50,98,72" hai1="20,30,121,90,22,28,37,8,10,69,46,95,88" hai2="96,59,65,29,33,53,4,63,130,94,76,34,2" hai3="105,106,93,24,23,71,12,64,102,14,60,89,49"/><T116/><D72/><U77/><E69/><V38/><F38/><W73/><G73/><T21/><D32/><U7/><E121/><V43/><F130/><W47/><G106/><T120/><D120/><U39/><E77/><V11/><F76/><W92/><G105/><T113/><D131/><U85/><E46/><V3/><F3/><W6/><G6/><T103/><D113/><U27/><E90/><V107/><F43/><W117/><G93/><T55/><D126/><U97/><E85/><V74/><F74/><W79/><G79/><T80/><D109/><U101/><E101/><V45/><F107/><W83/><G83/><T58/><D15/><U42/><E42/><V135/><F135/><W18/><G102/><T48/><D80/><U115/><E10/><V16/><F29/><W75/><G75/><T132/><D132/><U111/><E111/><V118/><F118/><W134/><G117/><T104/><D98/><U87/><E97/><V57/><F45/><W13/><G13/><T61/><REACH who="0" step="1"/><D58/><REACH who="0" ten="123,291,494,82" step="2"/><U133/><E115/><V100/><F33/><W40/><REACH who="3" step="1"/><G134/><REACH who="3" ten="123,291,494,72" step="2"/><T123/><D123/><U82/><E133/><V35/><F94/><W125/><G125/><T78/><D78/><U110/><E95/><V128/><F128/><W62/><G62/><T129/><D129/><U5/><E110/><V122/><F122/><W91/><G91/><T52/><D52/><U17/><E88/><V84/><F53/><W25/><G25/><T44/><D44/><U70/><E82/><V1/><F1/><W68/><G68/><T41/><D41/><U9/><E27/><RYUUKYOKU ba="0,2" sc="123,15,291,-15,494,-15,72,15" hai0="21,26,48,50,51,55,56,61,99,103,104,116,119" hai3="12,14,18,23,24,40,47,49,60,64,71,89,92" /><INIT seed="4,1,2,3,4,124" ten="138,276,479,87" oya="0" hai0="18,69,8,59,53,34,84,121,26,104,14,114,122" hai1="72,15,79,7,39,125,51,74,98,95,45,76,58" hai2="82,94,0,27,131,113,64,62,135,87,81,1,103" hai3="50,93,110,101,68,126,105,43,132,44,115,47,42"/><T123/><D69/><U80/><E125/><V16/><F113/><W120/><G105/><T86/><D104/><U83/><E39/><V63/><F63/><W90/><G126/><T48/><REACH who="0" step="1"/><D114/><REACH who="0" ten="128,276,479,87" step="2"/><U11/><E58/><V130/><F135/><W25/><G68/><T97/><D97/><U24/><E24/><V70/><F27/><W21/><G115/><T111/><D111/><U134/><E134/><V31/><F70/><W108/><G132/><T41/><D41/><U52/><E95/><V29/><F94/><W91/><G120/><T100/><D100/><U96/><AGARI ba="1,3" hai="7,11,15,45,51,52,72,74,76,79,80,83,96,98" machi="96" ten="30,4000,0" yaku="0,1,9,1,54,1" doraHai="124" who="1" fromWho="1" sc="128,-21,276,73,479,-11,87,-11" /><BYE who="1" /><INIT seed="5,0,0,1,0,31" ten="107,349,468,76" oya="1" hai0="106,71,61,22,76,60,32,97,74,52,37,105,122" hai1="82,27,64,113,101,9,53,94,24,47,115,83,41" hai2="2,91,114,33,134,59,8,130,13,127,63,85,79" hai3="20,75,56,36,126,68,12,102,121,6,66,40,62"/><U93/><E93/><BYE who="0" /><UN n0="%E3%81%B5%E3%81%8F%E3%82%8D%E3%81%86%E3%81%95%E3%82%93" /><V70/><F70/><UN n1="%E8%91%B5%E3%81%A1%E3%82%83%E3%82%93" /><W67/><G121/><T0/><D0/><U18/><E64/><V4/><F2/><W95/><G75/><T119/><D37/><U112/><E53/><V54/><F79/><W49/><G126/><T35/><D119/><U87/><E9/><V25/><F127/><W39/><G67/><N who="0" m="41447" /><D22/><U129/><E129/><V72/><F72/><W133/><G133/><T58/><D97/><N who="1" m="59575" /><E18/><V44/><F134/><W17/><G6/><T80/><D52/><U107/><E107/><N who="0" m="40969" /><D58/><U78/><E83/><V57/><F57/><W124/><G124/><T65/><D122/><U69/><E69/><V19/><F130/><W96/><REACH who="3" step="1"/><G68/><REACH who="3" ten="107,349,468,66" step="2"/><T26/><D65/><U48/><AGARI ba="0,1" hai="24,27,41,47,48,78,82,87,112,113,115" m="59575" machi="48" ten="30,1500,0" yaku="15,1" doraHai="31" who="1" fromWho="1" sc="107,-5,349,25,468,-5,66,-5" /><INIT seed="5,1,0,2,1,52" ten="102,374,463,61" oya="1" hai0="26,87,28,44,128,71,13,8,122,81,42,133,48" hai1="1,119,58,24,131,2,94,46,60,3,99,96,78" hai2="12,63,22,113,85,56,10,111,65,32,91,36,86" hai3="116,9,105,49,29,25,124,83,54,84,47,6,23"/><U109/><E119/><V57/><F32/><W77/><G124/><T35/><D71/><U5/><E131/><V7/><F111/><W34/><G116/><T72/><D128/><U130/><E130/><V114/><F36/><W51/><G105/><T21/><D133/><U70/><E70/><V127/><F127/><W67/><G34/><T38/><D122/><U11/><E78/><V80/><F22/><W117/><G117/><T79/><D35/><U129/><E129/><V4/><F7/><W66/><REACH who="3" step="1"/><G51/><REACH who="3" ten="102,374,463,51" step="2"/><T74/><REACH who="0" step="1"/><D38/><REACH who="0" ten="92,374,463,51" step="2"/><U134/><E134/><V135/><F135/><W33/><G33/><T53/><D53/><U61/><E109/><V18/><F65/><W0/><AGARI ba="1,2" hai="0,6,9,23,25,29,47,49,54,66,67,77,83,84" machi="0" ten="20,2700,0" yaku="1,1,0,1,7,1,53,0" doraHai="52" doraHaiUra="69" who="3" fromWho="3" sc="92,-8,374,-14,463,-8,51,50" /><INIT seed="6,0,0,0,1,103" ten="84,360,455,101" oya="2" hai0="97,3,131,19,91,36,73,105,94,48,95,111,123" hai1="39,102,37,135,106,82,8,31,90,110,42,26,59" hai2="57,127,125,72,13,25,5,22,130,14,34,63,61" hai3="17,119,35,134,104,18,75,92,52,85,124,132,33"/><V50/><F72/><W129/><G75/><T96/><D36/><U15/><E110/><V99/><F34/><W115/><G119/><T93/><D3/><U44/><E135/><N who="3" m="51754" /><G129/><T126/><D111/><U54/><E39/><V114/><F114/><W133/><G133/><T55/><D123/><U16/><E82/><V9/><F14/><W83/><G92/><T86/><D131/><U7/><E90/><V112/><F112/><W28/><G115/><T84/><D126/><U58/><E54/><N who="2" m="31959" /><F99/><W100/><G124/><N who="2" m="47689" /><F130/><W98/><G52/><T60/><D60/><U20/><E102/><V23/><F23/><W24/><G35/><T10/><D73/><U53/><E53/><V74/><F74/><W64/><G64/><T87/><D10/><U113/><E106/><V40/><F40/><W88/><AGARI ba="0,0" hai="17,18,24,28,33,83,85,88,98,100,104" m="51754" machi="88" ten="30,4000,0" yaku="20,1,52,1,54,1" doraHai="103" who="3" fromWho="3" sc="84,-10,360,-10,455,-20,101,40" /><INIT seed="7,0,0,3,4,108" ten="74,350,435,141" oya="3" hai0="1,78,85,27,59,57,94,18,113,31,61,39,40" hai1="28,60,56,10,44,117,68,30,72,83,88,107,46" hai2="116,84,110,50,131,111,7,87,53,37,114,58,80" hai3="115,121,11,133,128,92,14,134,74,62,70,9,17"/><W82/><G121/><T123/><D123/><U129/><E107/><V102/><F37/><W81/><G74/><T8/><D39/><U69/><E129/><V66/><F116/><W29/><G128/><T103/><D40/><U22/><E72/><V45/><F131/><W2/><G70/><T93/><D57/><U132/><E132/><V0/><F102/><W51/><G62/><T89/><D78/><U54/><E117/><V19/><F84/><W41/><G92/><T42/><D42/><U100/><E100/><V77/><F114/><W96/><G115/><T16/><D1/><U49/><E69/><V15/><F66/><W104/><G29/><T76/><D76/><U23/><E10/><V6/><F0/><W4/><G96/><T109/><D109/><U126/><E126/><V20/><F111/><W90/><G90/><T101/><D113/><U12/><E46/><V32/><F32/><W13/><G104/><T63/><D63/><U33/><E33/><V21/><F21/><W65/><G65/><T95/><D8/><U130/><E23/><V73/><F73/><W55/><G41/><T34/><D103/><U52/><E68/><V119/><F119/><W118/><G118/><T98/><REACH who="0" step="1"/><D95/><REACH who="0" ten="64,350,435,141" step="2"/><U105/><E105/><V79/><F79/><W36/><G36/><T127/><D127/><U25/><E130/><V35/><F77/><W43/><G43/><T120/><D120/><U64/><E64/><AGARI ba="0,1" hai="16,18,27,31,34,59,61,64,85,89,93,94,98,101" machi="64" ten="30,8000,1" yaku="1,1,7,1,54,1,53,2" doraHai="108" doraHaiUra="91" who="0" fromWho="1" sc="64,90,350,-80,435,0,141,0" owari="154,-25.0,270,7.0,435,54.0,141,-36.0" /></mjloggm>