<mjloggm ver="2.3"><GO type="169" lobby="0"/><UN n0="%E8%8A%B1%E6%BE%A4%E3%83%91%E3%82%AF%E3%83%81%E3%83%BC" n1="%51%6F%6F%E5%9D%8A" n2="%E3%83%8F%E3%83%83%E3%83%88%E3%83%AA%E3%82%B9" n3="%64%75%72%72%72%72%72" dan="17,16,17,18" rate="2196.16,2128.21,2180.98,2261.56" sx="M,M,M,M"/><TAIKYOKU oya="0"/><INIT seed="0,0,0,0,1,78" ten="250,250,250,250" oya="0" hai0="10,72,57,69,99,20,66,117,104,103,100,37,28" hai1="16,96,76,15,131,124,67,22,61,111,77,32,81" hai2="21,25,33,29,116,46,30,110,85,23,59,90,55" hai3="54,35,80,102,2,132,123,13,101,44,70,38,27"/><T133/><D117/><U31/><E111/><V45/><F110/><W95/><G2/><T120/><D120/><U1/><E1/><V42/><F116/><W60/><G123/><T7/><D133/><U6/><E6/><V93/><F33/><W4/><G132/><T18/><D37/><U94/><E131/><V89/><F42/><W34/><G38/><T40/><D40/><U121/><E124/><V43/><F43/><W36/><G36/><T8/><D72/><U87/><E32/><V84/><F23/><W115/><G70/><T3/><D100/><U82/><E31/><V114/><F29/><W17/><G4/><T49/><D28/><U14/><E121/><V26/><F26/><W11/><G27/><T48/><D10/><U105/><E105/><V52/><F114/><W5/><G5/><T50/><D69/><U107/><E107/><V62/><F55/><W47/><G102/><T75/><D75/><U64/><E15/><V125/><F125/><W127/><G115/><T51/><D51/><U56/><E64/><V0/><F0/><W109/><G109/><T119/><D119/><U53/><E67/><V63/><F63/><W83/><G127/><T112/><D112/><U98/><E94/><AGARI ba="0,0" hai="21,25,30,45,46,52,59,62,84,85,89,90,93,94" machi="94" ten="30,7700,0" yaku="7,1,9,1,8,1,54,1" doraHai="78" who="2" fromWho="1" sc="250,0,250,-77,250,77,250,0" /><INIT seed="1,0,0,1,3,62" ten="250,173,327,250" oya="1" hai0="54,10,24,68,100,65,107,86,56,116,129,69,130" hai1="94,90,81,4,15,23,19,47,131,21,31,114,99" hai2="125,33,117,103,127,53,20,88,37,79,101,26,49" hai3="60,11,67,28,91,95,38,89,133,29,82,41,124"/><U7/><E131/><N who="0" m="50185" /><D116/><U123/><E123/><V87/><F79/><W105/><G105/><T71/><D10/><U112/><E114/><V40/><F33/><W110/><G110/><T17/><D86/><U55/><E112/><V106/><F40/><W122/><G133/><T2/><D2/><U97/><E81/><V61/><F37/><W30/><G124/><N who="2" m="47689" /><F61/><W43/><G38/><T126/><D126/><U34/><E34/><V109/><F106/><W75/><G122/><T63/><D100/><U45/><E97/><V58/><F109/><W115/><G115/><T102/><D102/><U96/><E99/><V44/><F44/><N who="1" m="16969" /><E55/><V13/><F117/><W74/><G82/><T32/><D107/><U84/><E96/><V1/><F1/><W57/><G43/><T113/><D113/><U25/><AGARI ba="0,0" hai="4,7,15,19,21,23,25,31,84,90,94" m="16969" machi="25" ten="30,1500,0" yaku="8,1" doraHai="62" who="1" fromWho="1" sc="250,-5,173,15,327,-5,250,-5" /><INIT seed="1,1,0,2,2,42" ten="245,188,322,245" oya="1" hai0="84,124,60,16,8,90,129,100,21,73,62,119,125" hai1="82,38,122,98,12,55,47,80,94,18,126,113,44" hai2="59,31,30,97,86,63,6,37,19,70,13,54,107" hai3="29,135,112,3,50,79,45,114,96,43,2,89,111"/><U58/><E122/><V127/><F6/><W26/><G111/><T128/><D73/><U39/><E113/><V36/><F70/><W65/><G135/><T0/><D119/><U22/><E126/><N who="0" m="48745" /><D100/><U109/><E109/><V14/><F14/><W117/><G117/><T78/><D78/><U48/><E39/><V56/><F107/><W77/><G65/><T81/><D8/><U115/><E115/><V118/><F118/><W85/><G114/><T28/><D28/><U130/><E130/><N who="0" m="50281" /><D0/><U7/><E7/><V1/><F30/><W17/><G17/><T46/><D46/><N who="1" m="17451" /><E38/><V106/><F31/><W69/><G79/><T53/><D53/><U131/><E131/><V99/><F54/><W88/><G77/><T95/><D81/><U57/><E58/><V123/><F56/><W51/><G69/><T4/><D4/><U32/><E32/><V34/><F59/><W101/><G112/><T23/><D23/><U87/><E87/><V110/><F86/><W49/><G2/><T74/><D74/><U133/><E133/><V10/><F34/><W102/><G3/><T132/><D132/><U71/><E71/><V9/><F1/><W93/><G45/><T40/><D40/><U41/><E41/><V120/><F127/><W25/><G43/><T75/><D75/><U15/><E15/><AGARI ba="1,0" hai="15,16,21,60,62,84,90,95" m="50281,48745" machi="15" ten="30,3900,0" yaku="18,1,19,1,54,1" doraHai="42" who="0" fromWho="1" sc="245,42,188,-42,322,0,245,0" /><INIT seed="2,0,0,2,3,0" ten="287,146,322,245" oya="2" hai0="117,60,127,129,10,61,84,107,27,9,15,120,77" hai1="116,133,51,103,24,92,16,5,46,49,53,62,6" hai2="89,121,35,38,43,108,85,78,99,65,109,31,48" hai3="134,91,59,45,81,79,123,4,80,39,18,1,47"/><V40/><F121/><W71/><G71/><T37/><D120/><U26/><E116/><V114/><F114/><W64/><G123/><T124/><D117/><U73/><E73/><V88/><F38/><W122/><G122/><T87/><D107/><U82/><E133/><V54/><F65/><W69/><G69/><T57/><D37/><U126/><E126/><N who="0" m="48169" /><D129/><U83/><E62/><N who="0" m="24169" /><D57/><U130/><E130/><V42/><F31/><W8/><G59/><T33/><D77/><U66/><E66/><V135/><F35/><W22/><G64/><T96/><D96/><N who="1" m="59783" /><E49/><V36/><F36/><W106/><G106/><T94/><D94/><U20/><E26/><V32/><F32/><W74/><G39/><T63/><D10/><U118/><E118/><V113/><F113/><W17/><G134/><T104/><D104/><U97/><E97/><V58/><F135/><W67/><G67/><T14/><D14/><U90/><E90/><V41/><N who="2" m="10240" /><DORA hai="119" /><V93/><REACH who="2" step="1"/><F78/><REACH who="2" ten="287,146,312,245" step="2"/><W44/><G79/><T21/><D33/><U112/><E112/><V76/><F76/><W72/><G74/><T102/><D102/><U29/><E29/><V52/><F52/><W68/><G72/><T100/><D100/><U28/><E28/><V105/><F105/><W23/><G68/><T7/><N who="0" m="24177" /><T132/><DORA hai="13" /><D132/><U115/><E115/><V101/><F101/><W12/><REACH who="3" step="1"/><G91/><REACH who="3" ten="287,146,312,235" step="2"/><T86/><D86/><U128/><E128/><V55/><F55/><W125/><G125/><T56/><D87/><U111/><E53/><V19/><F19/><W50/><G50/><T34/><D84/><RYUUKYOKU ba="0,2" sc="287,-15,146,-15,312,15,235,15" hai2="48,54,58,85,88,89,93,99,108,109" hai3="1,4,8,12,17,18,22,23,44,45,47,80,81" /><INIT seed="2,1,2,0,0,122" ten="272,131,327,250" oya="2" hai0="11,109,79,27,96,47,80,16,107,46,99,66,28" hai1="39,12,22,13,25,78,24,127,110,81,50,87,6" hai2="115,65,134,32,123,94,76,126,89,74,117,7,84" hai3="118,85,49,129,69,131,63,34,56,40,17,71,95"/><V5/><F115/><W21/><G34/><T18/><D66/><U54/><E39/><V132/><F123/><W4/><G4/><T42/><D47/><U35/><E127/><V108/><F117/><W130/><G118/><T86/><D109/><U43/><E110/><V103/><F108/><W3/><G3/><T0/><D0/><U77/><E35/><V100/><F32/><W45/><G85/><T119/><D119/><U29/><E43/><V61/><F76/><W82/><G95/><T120/><D120/><U44/><E25/><V91/><F74/><W113/><G82/><T102/><D96/><U9/><E13/><V88/><F126/><W70/><G21/><T38/><REACH who="0" step="1"/><D11/><REACH who="0" ten="262,131,327,250" step="2"/><U30/><REACH who="1" step="1"/><E77/><REACH who="1" ten="262,121,327,250" step="2"/><V124/><F124/><W90/><G129/><T75/><D75/><U8/><E8/><V105/><F132/><W114/><G131/><T97/><D97/><U128/><E128/><V26/><F134/><W20/><G130/><T60/><D60/><U53/><E53/><V83/><F61/><W72/><G72/><T59/><D59/><U48/><E48/><V106/><F65/><W58/><G58/><T101/><D101/><U125/><E125/><V98/><F100/><W135/><G135/><T10/><D10/><U55/><E55/><V73/><F73/><W111/><G111/><T57/><D57/><U121/><E121/><V41/><F103/><W19/><G56/><T2/><D2/><U93/><E93/><V67/><F94/><W31/><G63/><T68/><D68/><U1/><E1/><V116/><F67/><W112/><G90/><RYUUKYOKU ba="1,4" sc="262,10,121,10,327,-30,250,10" hai0="16,18,27,28,38,42,46,79,80,86,99,102,107" hai1="6,9,12,22,24,29,30,44,50,54,78,81,87" hai3="17,19,20,31,40,45,49,69,70,71,112,113,114" /><INIT seed="3,2,4,2,2,52" ten="272,131,297,260" oya="3" hai0="4,91,96,112,105,109,3,62,72,23,104,106,27" hai1="95,5,78,130,34,37,10,98,53,116,86,43,26" hai2="94,85,122,119,87,77,38,71,80,70,54,79,12" hai3="88,30,64,90,81,126,51,115,100,69,68,110,99"/><W92/><G115/><T57/><D109/><U41/><E37/><V131/><F119/><W25/><G110/><T35/><D72/><U118/><E53/><V15/><F38/><W55/><G126/><T73/><D73/><U8/><E130/><V103/><F131/><W61/><G69/><T83/><D112/><U107/><E107/><V36/><F36/><W84/><G84/><T56/><D35/><U74/><E74/><V33/><F33/><W22/><G81/><T93/><D83/><N who="1" m="47479" /><E26/><V117/><F80/><W16/><G30/><T40/><D40/><N who="1" m="15435" /><E5/><V65/><F54/><W102/><G102/><T49/><D49/><U19/><E19/><V124/><F103/><W32/><G32/><T108/><D108/><U1/><E1/><V59/><F117/><N who="1" m="45161" /><E34/><V0/><F0/><W11/><G11/><T111/><D111/><U60/><E60/><V120/><F65/><W20/><G20/><T127/><D62/><U97/><E97/><V114/><F114/><W29/><G29/><T76/><D76/><U121/><E121/><V9/><F9/><W6/><G6/><T7/><D127/><U48/><E48/><V2/><F124/><W89/><G51/><T28/><REACH who="0" step="1"/><D7/><REACH who="0" ten="262,131,297,260" step="2"/><U135/><E135/><V66/><F79/><W133/><G133/><T13/><D13/><U113/><E113/><V128/><F77/><W31/><G55/><T47/><D47/><U129/><E129/><V18/><F128/><W123/><G123/><T46/><D46/><U58/><E58/><V14/><F120/><W132/><G132/><T17/><D17/><U101/><AGARI ba="2,5" hai="8,10,95,98,101" m="45161,15435,47479" machi="101" ten="30,2000,0" yaku="5,1,12,1" doraHai="52" who="1" fromWho="1" sc="262,-7,131,76,297,-7,260,-12" /><INIT seed="4,0,0,2,1,124" ten="255,207,290,248" oya="0" hai0="121,90,29,116,33,7,68,85,10,67,5,0,120" hai1="46,17,128,122,55,51,2,63,45,15,62,49,27" hai2="82,19,86,107,110,60,123,105,135,87,112,81,99" hai3="42,126,69,66,38,131,94,39,95,61,134,64,12"/><T76/><D116/><U70/><E2/><V47/><F123/><W18/><G126/><T100/><D7/><U48/><E122/><V16/><F112/><W83/><G134/><T20/><D76/><U84/><E27/><V26/><F110/><W96/><G66/><T21/><D100/><U133/><E133/><V9/><F60/><W25/><G25/><T93/><D33/><U129/><E84/><V3/><F47/><W77/><G42/><T118/><D118/><U54/><E49/><V130/><F26/><W28/><G28/><T37/><D37/><U53/><E17/><V30/><F99/><W113/><G113/><T80/><D29/><U78/><E78/><V43/><F43/><W114/><G95/><T109/><D109/><U32/><E15/><V59/><F59/><W14/><G14/><T65/><D80/><U98/><E98/><V58/><F58/><W102/><G114/><T36/><D36/><U79/><E79/><V31/><F135/><W57/><G69/><T44/><D44/><U91/><E91/><V8/><F3/><W101/><G101/><T23/><REACH who="0" step="1"/><D68/><REACH who="0" ten="245,207,290,248" step="2"/><U106/><E32/><V11/><F31/><W88/><G102/><T108/><D108/><U41/><E106/><V103/><F30/><W97/><G38/><T50/><D50/><U40/><E70/><V56/><F103/><W115/><G39/><T73/><D73/><U111/><E111/><V127/><F105/><W52/><G115/><T72/><D72/><U4/><E4/><V6/><F107/><W74/><G74/><T119/><D119/><U13/><E54/><RYUUKYOKU ba="0,1" sc="245,15,207,15,290,-15,248,-15" hai0="0,5,10,20,21,23,65,67,85,90,93,120,121" hai1="13,40,41,45,46,48,51,53,55,62,63,128,129" /><INIT seed="4,1,1,1,4,70" ten="260,222,275,233" oya="0" hai0="97,9,79,84,101,59,1,15,103,126,4,131,12" hai1="78,73,91,87,82,106,52,85,33,43,7,108,123" hai2="48,94,124,107,111,20,27,130,120,113,47,17,109" hai3="22,83,93,132,71,63,57,105,69,32,135,26,50"/><T67/><D131/><U68/><E123/><V42/><F120/><W66/><G105/><T104/><D126/><U95/><E33/><V118/><F107/><W64/><G32/><T54/><D103/><U115/><E68/><V65/><F130/><W49/><G83/><T29/><D29/><U51/><E108/><V134/><F124/><W74/><G74/><T25/><D25/><U11/><E106/><V28/><F113/><W14/><G14/><T35/><D35/><U53/><E115/><V40/><F134/><N who="3" m="51243" /><G93/><T62/><D79/><U23/><E23/><V61/><F118/><W39/><G39/><T90/><REACH who="0" step="1"/><D67/><REACH who="0" ten="250,222,275,233" step="2"/><U0/><E73/><V72/><F72/><W75/><G75/><T86/><D86/><U34/><E34/><V41/><F28/><N who="3" m="17495" /><G66/><T8/><D8/><U21/><E21/><V18/><F20/><W31/><G31/><T116/><D116/><U37/><E85/><V100/><F27/><W19/><G71/><T119/><D119/><U117/><E117/><V58/><F111/><W112/><G69/><T114/><D114/><U3/><E87/><V76/><F109/><W36/><G112/><T133/><D133/><U81/><E78/><V45/><F76/><W16/><G36/><T60/><D60/><U98/><E37/><V24/><F24/><W127/><G127/><T44/><D44/><N who="2" m="16970" /><F48/><AGARI ba="1,2" hai="16,19,48,49,50,57,63,64" m="17495,51243" machi="48" ten="30,2000,0" yaku="20,1,54,1" doraHai="70" who="3" fromWho="2" sc="250,0,222,0,275,-23,233,43" /><INIT seed="5,0,0,1,3,71" ten="250,222,252,276" oya="1" hai0="35,28,107,27,12,90,73,34,109,72,21,78,66" hai1="65,117,40,128,50,59,0,74,30,96,26,113,135" hai2="55,122,114,16,46,92,75,91,79,9,126,24,82" hai3="61,124,127,80,37,62,98,13,106,97,69,4,131"/><U25/><E117/><V77/><F122/><W3/><G3/><T57/><D109/><U48/><E0/><V17/><F126/><W23/><G131/><T31/><D107/><U7/><E7/><V111/><F111/><W5/><G80/><T103/><D103/><U132/><E74/><V19/><F114/><W38/><G106/><T133/><D133/><N who="1" m="51275" /><E128/><V29/><F79/><W10/><G23/><T42/><D42/><U45/><E113/><V125/><F125/><N who="3" m="48203" /><G5/><T123/><D123/><U86/><E86/><V1/><F55/><W112/><G112/><T89/><D12/><U116/><E96/><N who="3" m="36970" /><G69/><T47/><D47/><N who="1" m="25703" /><E116/><V115/><F46/><W81/><G81/><T64/><D21/><U94/><E94/><V83/><F83/><W99/><G99/><T51/><D78/><U39/><E30/><V129/><F115/><W54/><G54/><T56/><D51/><U2/><E2/><V101/><F129/><W43/><G43/><T22/><REACH who="0" step="1"/><D22/><REACH who="0" ten="240,222,252,276" step="2"/><U20/><E20/><V118/><F118/><W58/><G62/><T95/><D95/><U15/><E15/><V6/><F101/><W36/><G61/><T100/><D100/><U76/><E76/><V52/><F92/><W63/><G63/><T67/><D67/><U93/><E93/><V130/><F130/><W68/><G68/><T84/><D84/><U70/><E70/><V8/><F77/><W87/><G87/><T110/><D110/><U121/><E121/><V134/><F134/><W32/><G58/><T119/><D119/><U11/><E59/><V18/><F1/><W105/><G105/><RYUUKYOKU ba="0,1" sc="240,15,222,-15,252,-15,276,15" hai0="27,28,31,34,35,56,57,64,66,72,73,89,90" hai3="4,10,13,32,36,37,38" /><INIT seed="6,1,1,5,2,122" ten="255,207,237,291" oya="2" hai0="24,81,64,96,100,91,20,2,130,9,35,105,39" hai1="113,49,132,86,54,25,110,125,18,112,34,28,58" hai2="61,4,67,10,17,77,121,106,87,107,52,73,69" hai3="133,128,78,53,56,6,16,1,8,48,66,60,72"/><V38/><F121/><W82/><G133/><T92/><D130/><U37/><E37/><V83/><F38/><W114/><G114/><N who="1" m="44138" /><E132/><V43/><F43/><W71/><REACH who="3" step="1"/><G16/><REACH who="3" ten="255,207,237,281" step="2"/><T23/><D39/><U134/><E134/><V89/><F17/><W27/><G27/><T76/><D64/><U41/><E125/><V33/><F33/><W29/><G29/><T46/><D35/><U94/><E18/><V57/><F10/><W116/><G116/><T32/><D32/><U120/><E120/><V44/><F4/><W45/><G45/><T104/><D24/><U19/><E19/><V88/><F44/><W75/><G75/><T119/><D46/><U14/><E14/><V5/><F5/><W131/><AGARI ba="1,2" hai="1,6,8,48,53,56,60,66,71,72,78,82,128,131" machi="131" ten="30,2000,0" yaku="1,1,0,1,53,0" doraHai="122" doraHaiUra="68" who="3" fromWho="3" sc="255,-6,207,-6,237,-11,281,43" /><INIT seed="7,0,0,3,1,17" ten="249,201,226,324" oya="3" hai0="118,5,114,46,18,24,49,99,129,60,133,30,102" hai1="13,113,85,55,50,39,79,6,97,41,1,71,29" hai2="45,122,100,84,66,65,115,14,7,107,8,23,62" hai3="52,109,126,43,73,76,119,88,20,4,120,28,135"/><W35/><G52/><N who="0" m="29751" /><D118/><U63/><E1/><V32/><F32/><W69/><G69/><T10/><D129/><U37/><E113/><V81/><F115/><W54/><G73/><T72/><D72/><U130/><E130/><V87/><F122/><W82/><G135/><T11/><D133/><U91/><E79/><V16/><F107/><W117/><G126/><T106/><D106/><U0/><E0/><V22/><F100/><W111/><G35/><T131/><D131/><U56/><E97/><V40/><F62/><W80/><G111/><T61/><D30/><U105/><E105/><V104/><F84/><W89/><G28/><T57/><D5/><U125/><E29/><V75/><F75/><W132/><G4/><T70/><D70/><U2/><E2/><V94/><F94/><W48/><G109/><T127/><D127/><U25/><E125/><V15/><F23/><W21/><G119/><T68/><D68/><U93/><E25/><V47/><F104/><W12/><G120/><T74/><D74/><U92/><E93/><V19/><F7/><W77/><G117/><T44/><D44/><N who="2" m="16970" /><F40/><W112/><G43/><T98/><D114/><U83/><E92/><V58/><F58/><W123/><G123/><T9/><D57/><U3/><E3/><V64/><F64/><W38/><G38/><T27/><D102/><U26/><E26/><N who="0" m="9769" /><D18/><U34/><E34/><V51/><F51/><W128/><G128/><T121/><D121/><U101/><E101/><V53/><F53/><W42/><G42/><T103/><D103/><U90/><E41/><V67/><F67/><RYUUKYOKU ba="0,0" sc="249,15,201,-15,226,15,324,-15" hai0="9,10,11,60,61,98,99" hai2="8,14,15,16,19,22,65,66,81,87" owari="264,6.0,186,-31.0,241,-16.0,309,41.0" /></mjloggm>