<mjloggm ver="2.3"><GO type="225" lobby="0"/><UN n0="%79%6A%69%72%6F" n1="%E5%AE%89%E8%97%A4%E3%82%AB%E3%82%B1%E3%83%AB" n2="%E5%B1%B1%E8%B6%8A" n3="%73%75%7A%75%6D%65%33" dan="17,16,18,17" rate="2186.11,2060.90,2198.27,2200.03" sx="M,M,M,M"/><TAIKYOKU oya="0"/><INIT seed="0,0,0,5,1,131" ten="250,250,250,250" oya="0" hai0="3,47,53,134,126,63,6,10,79,88,124,128,50" hai1="115,105,69,133,22,25,14,11,16,76,4,30,54" hai2="67,95,103,29,72,135,56,78,45,101,48,89,66" hai3="83,118,23,36,42,106,81,71,119,60,100,31,86"/><T57/><D128/><U94/><E105/><V41/><F135/><W96/><G36/><T107/><D107/><U51/><E69/><V61/><F29/><W2/><G2/><T77/><D134/><U97/><E133/><V17/><F67/><W127/><G42/><T82/><D88/><N who="1" m="55495" /><E115/><V21/><F72/><W90/><G127/><N who="0" m="48683" /><D82/><U73/><E73/><V65/><F65/><AGARI ba="0,0" hai="3,6,10,47,50,53,57,63,65,77,79" m="48683" machi="65" ten="30,1500,0" yaku="18,1" doraHai="131" who="0" fromWho="2" sc="250,15,250,0,250,-15,250,0" /><INIT seed="0,1,0,0,5,84" ten="265,250,235,250" oya="0" hai0="29,58,35,108,45,64,5,52,106,114,76,44,56" hai1="53,87,98,69,39,37,59,65,17,134,111,82,61" hai2="19,15,3,71,126,41,20,2,74,6,11,1,97" hai3="105,66,89,40,60,70,129,75,78,14,96,125,73"/><T120/><D114/><U88/><E134/><V4/><F71/><W7/><G129/><T72/><D120/><U86/><E111/><V10/><F74/><W83/><G125/><T93/><D106/><U121/><E121/><V79/><F79/><W113/><G113/><T135/><D135/><U81/><E98/><V127/><F41/><W62/><G40/><T57/><D108/><U22/><E86/><V42/><F42/><W110/><G110/><T16/><D5/><U92/><E37/><V50/><F50/><W80/><G60/><T27/><D64/><U67/><E39/><V133/><F133/><W38/><G38/><T131/><D131/><U116/><E116/><V122/><F122/><W132/><G132/><T9/><D93/><U90/><E90/><V26/><REACH who="2" step="1"/><F97/><REACH who="2" ten="265,250,225,250" step="2"/><W31/><G96/><T130/><D130/><U112/><E112/><V51/><F51/><W109/><G75/><T47/><D76/><U13/><E67/><V32/><F32/><W94/><G78/><T12/><REACH who="0" step="1"/><D72/><REACH who="0" ten="255,250,225,250" step="2"/><U23/><E65/><V99/><F99/><W95/><G73/><T8/><D8/><U107/><E69/><V21/><F21/><W104/><G109/><T33/><D33/><U24/><REACH who="1" step="1"/><E107/><REACH who="1" ten="255,240,225,250" step="2"/><V124/><AGARI ba="1,3" hai="1,2,3,4,6,10,11,15,19,20,26,124,126,127" machi="124" ten="30,12000,2" yaku="1,1,0,1,18,1,34,3,53,0" doraHai="84" doraHaiUra="117" who="2" fromWho="2" sc="255,-61,240,-31,225,153,250,-31" /><INIT seed="1,0,0,2,3,121" ten="194,209,378,219" oya="1" hai0="126,80,88,27,90,70,87,98,76,43,85,86,96" hai1="38,72,0,71,91,109,110,5,30,74,113,20,135" hai2="49,1,13,41,82,131,11,21,19,106,18,57,22" hai3="59,35,48,133,69,127,61,134,79,14,118,67,125"/><U100/><E71/><V42/><F131/><W120/><G35/><T25/><D70/><U111/><E38/><V112/><F106/><W15/><G79/><T63/><D126/><N who="3" m="48137" /><G120/><T101/><D43/><U119/><E113/><V84/><F112/><W99/><G99/><N who="0" m="37931" /><D101/><U117/><E100/><V77/><F1/><W29/><G29/><T122/><D122/><U51/><E135/><N who="3" m="51722" /><G118/><N who="1" m="45066" /><E91/><N who="0" m="34857" /><D63/><U16/><E30/><V54/><REACH who="2" step="1"/><F21/><REACH who="2" ten="194,209,368,219" step="2"/><W103/><G103/><T33/><D33/><U55/><E0/><V50/><F50/><W81/><G81/><T95/><D95/><U97/><E97/><V93/><F93/><W107/><G107/><T89/><D76/><U28/><E20/><V115/><F115/><W94/><G94/><T8/><D80/><U2/><E51/><V73/><F73/><W124/><G124/><T64/><D89/><U83/><E72/><V46/><F46/><W10/><G10/><T32/><D8/><U39/><E74/><V66/><F66/><W116/><G116/><T44/><D32/><U58/><E2/><V3/><F3/><W23/><G23/><T37/><D64/><U45/><E39/><V123/><F123/><W17/><G48/><T47/><D37/><U102/><E102/><V36/><F36/><W31/><G67/><T12/><D12/><AGARI ba="0,1" hai="11,12,13,18,19,22,41,42,49,54,57,77,82,84" machi="12" ten="30,7700,0" yaku="1,1,7,1,8,1,53,1" doraHai="121" doraHaiUra="75" who="2" fromWho="0" sc="194,-77,209,0,368,87,219,0" /><INIT seed="2,0,0,5,1,91" ten="117,209,455,219" oya="2" hai0="93,92,130,13,83,67,131,10,60,16,129,35,25" hai1="85,100,37,90,114,33,125,71,7,88,124,76,54" hai2="72,127,104,31,5,132,36,82,8,126,69,73,112" hai3="119,115,61,42,66,128,74,102,135,57,101,106,105"/><V111/><F112/><W113/><G119/><T110/><D110/><U20/><E33/><V108/><F69/><W0/><G0/><T53/><D53/><U96/><E37/><V1/><F132/><W118/><G118/><T122/><D122/><U14/><E71/><V56/><F104/><W117/><G117/><T23/><D35/><U86/><E114/><N who="3" m="43530" /><G135/><T121/><D121/><U22/><E76/><N who="2" m="44295" /><F73/><W44/><G74/><T58/><REACH who="0" step="1"/><D83/><REACH who="0" ten="107,209,455,219" step="2"/><U41/><E54/><V24/><F108/><W68/><G128/><T97/><D97/><U75/><E96/><V26/><F111/><W77/><G106/><T30/><AGARI ba="0,1" hai="10,13,16,23,25,30,58,60,67,92,93,129,130,131" machi="30" ten="30,12000,2" yaku="1,1,0,1,19,1,52,2,54,1,53,0" doraHai="91" doraHaiUra="64" who="0" fromWho="0" sc="107,130,209,-30,455,-60,219,-30" /><INIT seed="3,0,0,2,5,109" ten="237,179,395,189" oya="3" hai0="55,28,29,82,41,81,119,78,75,112,115,36,92" hai1="4,108,38,7,70,74,31,34,91,32,15,113,62" hai2="129,120,45,114,122,85,63,117,46,30,47,0,57" hai3="50,39,24,106,90,65,96,40,14,44,134,118,105"/><W12/><G118/><T51/><D119/><U3/><E38/><V107/><F114/><N who="0" m="43562" /><D82/><U17/><E74/><V111/><F111/><W27/><G134/><T1/><D1/><U76/><E3/><V58/><F129/><W18/><G65/><T56/><D92/><U88/><E108/><V128/><F128/><W69/><G69/><T99/><D99/><U33/><E70/><V71/><F117/><W124/><G124/><T19/><D19/><U127/><E17/><V121/><F107/><W13/><G39/><T110/><D110/><U16/><E127/><V61/><F0/><W23/><G106/><T89/><D89/><U132/><E91/><V86/><F30/><W87/><G105/><T22/><D22/><U98/><E31/><V80/><F71/><W126/><G126/><T11/><D11/><U94/><E33/><V21/><F21/><W84/><G24/><T101/><D101/><U77/><E32/><V73/><F73/><W42/><G42/><T102/><D102/><U2/><E34/><V53/><F80/><W116/><G116/><T133/><D133/><U49/><E132/><V48/><F48/><W135/><G135/><T104/><D104/><U130/><E49/><V8/><F8/><W9/><G9/><T5/><D5/><N who="1" m="2123" /><E2/><V64/><AGARI ba="0,0" hai="45,46,47,53,57,58,61,63,64,85,86,120,121,122" machi="64" ten="40,2700,0" yaku="0,1,13,1" doraHai="109" who="2" fromWho="2" sc="237,-7,179,-7,395,27,189,-13" owari="230,3.0,172,-33.0,422,52.0,176,-22.0" /></mjloggm>