<mjloggm ver="2.3"><GO type="169" lobby="0"/><UN n0="%E3%83%87%E3%83%B3%E3%82%A8%E3%83%B3" n1="%E7%A5%9E%E9%A2%A8%E3%81%A6%E3%81%83%E3%81%A3%E3%81%97%E3%82%85" n2="%E5%B7%A5%E8%97%A4%E8%A1%8C%E9%9B%84" n3="%6B%61%74%65%72%69%6E%61" dan="17,16,16,17" rate="2185.31,2126.44,2045.64,2145.37" sx="M,M,M,M"/><TAIKYOKU oya="0"/><INIT seed="0,0,0,4,0,97" ten="250,250,250,250" oya="0" hai0="121,32,38,60,18,7,52,21,56,132,50,90,13" hai1="81,75,99,100,49,133,14,101,58,9,93,135,40" hai2="71,17,92,82,130,72,74,43,33,86,111,27,23" hai3="20,48,30,42,37,65,46,87,51,25,11,55,83"/><T108/><D32/><U63/><E75/><V134/><F71/><W124/><G124/><T106/><D38/><U123/><E123/><V117/><F117/><W80/><G65/><T12/><D121/><U88/><E40/><V103/><F134/><N who="1" m="51209" /><E49/><V73/><F130/><W113/><G113/><T116/><D116/><U3/><E3/><V79/><F111/><W31/><G11/><N who="0" m="4223" /><D106/><U45/><E45/><V78/><F33/><W84/><G31/><T47/><D132/><U110/><E81/><N who="3" m="31306" /><G37/><T89/><D108/><U105/><E105/><V118/><F118/><W119/><G119/><T59/><D59/><AGARI ba="0,0" hai="20,25,30,42,46,48,51,55,59,84,87" m="31306" machi="59" ten="30,1000,0" yaku="8,1" doraHai="97" who="3" fromWho="0" sc="250,-10,250,0,250,0,250,10" /><INIT seed="1,0,0,5,0,119" ten="240,250,250,260" oya="1" hai0="59,12,102,48,39,98,29,17,133,129,47,113,53" hai1="16,124,81,62,103,37,11,42,55,112,85,83,104" hai2="44,80,26,110,101,32,107,46,45,18,31,5,105" hai3="67,75,10,77,71,69,84,38,68,22,63,30,79"/><U99/><E112/><V58/><F5/><W128/><G128/><T88/><D113/><U127/><E42/><V86/><F110/><W123/><G123/><T27/><D129/><U64/><E37/><V82/><F82/><W122/><G122/><T13/><D133/><U100/><E100/><V109/><F109/><W33/><G38/><T8/><D12/><N who="1" m="7199" /><E55/><V23/><F58/><W125/><G125/><N who="1" m="48202" /><E85/><V117/><F101/><W91/><G75/><T114/><D114/><U35/><E35/><V20/><F117/><W52/><G33/><T28/><D39/><U90/><E90/><V132/><F132/><W126/><G126/><T115/><D115/><U40/><E40/><V73/><F73/><W50/><G91/><T19/><D59/><AGARI ba="0,0" hai="59,62,64,81,83,99,103,104" m="48202,7199" machi="59" ten="30,2900,0" yaku="18,1,54,1" doraHai="119" who="1" fromWho="0" sc="240,-29,250,29,250,0,260,0" /><INIT seed="1,1,0,2,5,91" ten="211,279,250,260" oya="1" hai0="72,0,54,82,108,56,11,133,112,27,118,134,97" hai1="123,60,79,88,12,63,13,132,98,47,129,68,22" hai2="102,3,84,32,24,1,115,30,114,74,110,93,75" hai3="40,19,46,14,103,10,67,96,128,15,116,49,69"/><U59/><E123/><V5/><F110/><W57/><G116/><T41/><D108/><U95/><E68/><V38/><F38/><W106/><G128/><T124/><D112/><N who="2" m="43050" /><F5/><W48/><G69/><T87/><D118/><U4/><E129/><V16/><F16/><W18/><G67/><T66/><D124/><U34/><E34/><V86/><F86/><W77/><G77/><T105/><D41/><U104/><E132/><V121/><F121/><W20/><REACH who="3" step="1"/><G57/><REACH who="3" ten="211,279,250,250" step="2"/><T113/><D56/><U131/><E131/><V42/><F42/><W76/><G76/><T28/><D66/><U21/><E79/><V90/><F102/><W85/><G85/><T101/><D87/><U127/><E127/><V109/><F109/><W64/><G64/><T94/><D134/><U36/><E59/><V135/><F135/><W29/><G29/><T70/><D28/><U130/><E130/><V78/><F78/><W80/><G80/><T25/><D82/><U17/><E104/><V31/><F31/><W62/><G62/><T71/><D105/><U51/><E36/><AGARI ba="1,1" hai="10,14,15,18,19,20,36,40,46,48,49,96,103,106" machi="36" ten="30,3900,0" yaku="1,1,7,1,53,1" doraHai="91" doraHaiUra="6" who="3" fromWho="1" sc="211,0,279,-42,250,0,250,52" /><INIT seed="2,0,0,0,3,47" ten="211,237,250,302" oya="2" hai0="90,65,32,5,74,51,66,92,43,7,53,124,2" hai1="36,9,108,109,20,97,59,27,96,56,22,16,107" hai2="134,33,17,115,28,73,80,99,93,117,10,69,0" hai3="113,21,38,48,110,15,116,85,67,98,37,70,35"/><V25/><F117/><W135/><G35/><T111/><D111/><N who="1" m="42571" /><E107/><V61/><F115/><W3/><G3/><T11/><D74/><U42/><E9/><V50/><F134/><W132/><G110/><T125/><D32/><U131/><E131/><V88/><F73/><W39/><G116/><T60/><D7/><U8/><E8/><V54/><F80/><W128/><G128/><T82/><D82/><U40/><E22/><V100/><F61/><W78/><G98/><N who="1" m="37994" /><E36/><V34/><F69/><W84/><G113/><T18/><D18/><U129/><E129/><V89/><F33/><W46/><G78/><T19/><D19/><U95/><E95/><V119/><F119/><W126/><G67/><T31/><D31/><U102/><E102/><V26/><F26/><W30/><G70/><T44/><D43/><AGARI ba="0,0" hai="16,20,27,40,42,43,56,59" m="37994,42571" machi="43" ten="30,2000,0" yaku="14,1,54,1" doraHai="47" who="1" fromWho="0" sc="211,-20,237,20,250,0,302,0" /><INIT seed="3,0,0,3,2,85" ten="191,257,250,302" oya="3" hai0="96,108,68,102,3,72,47,25,74,81,63,53,39" hai1="61,11,109,43,34,36,65,14,27,10,80,111,50" hai2="93,69,45,116,104,71,29,59,19,67,40,44,113" hai3="64,62,58,106,77,100,75,134,4,22,30,28,1"/><W79/><G134/><T126/><D108/><U0/><E0/><V37/><F116/><W132/><G132/><T38/><D126/><U91/><E36/><V103/><F104/><W55/><G106/><T117/><D3/><U89/><E11/><V46/><F113/><W51/><G100/><T56/><D117/><U118/><E118/><V35/><F19/><W31/><G75/><T6/><D6/><U33/><E80/><V87/><F69/><W76/><G4/><T2/><D2/><U24/><E50/><V98/><F71/><W125/><G1/><T131/><D131/><U54/><E54/><V8/><F8/><W13/><G125/><T95/><D68/><U42/><E10/><V110/><F110/><N who="1" m="41993" /><E14/><V112/><F112/><W120/><G120/><T21/><D47/><U115/><E115/><V7/><F7/><W129/><G129/><T107/><D107/><U41/><E61/><V23/><F87/><W114/><G114/><T49/><D63/><U128/><E65/><V57/><F35/><N who="1" m="13321" /><E128/><V84/><F67/><W124/><G124/><T86/><D39/><U15/><E15/><V99/><F40/><W101/><G13/><T90/><REACH who="0" step="1"/><D38/><REACH who="0" ten="181,257,250,302" step="2"/><U20/><E20/><V70/><F70/><W66/><G22/><T73/><D73/><U130/><E130/><V48/><F23/><W121/><G62/><T32/><D32/><U97/><E97/><V127/><F99/><W17/><G66/><T119/><D119/><U88/><AGARI ba="0,1" hai="24,27,41,42,43,88,89,91" m="13321,41993" machi="88" ten="40,12000,2" yaku="28,2,14,1,52,3,54,1" doraHai="85" who="1" fromWho="1" sc="181,-30,257,130,250,-30,302,-60" /><INIT seed="4,0,0,1,2,39" ten="151,387,220,242" oya="0" hai0="127,14,106,22,47,90,83,128,64,77,21,74,134" hai1="3,80,30,1,25,71,59,12,105,52,108,4,46" hai2="117,126,35,7,87,56,41,63,130,68,122,91,107" hai3="29,72,43,78,111,44,23,34,6,101,45,48,100"/><T133/><D106/><U26/><E71/><V16/><F122/><W102/><G111/><T38/><D64/><U67/><E105/><V62/><F107/><W125/><G125/><T53/><D127/><U10/><E108/><V113/><F35/><W114/><G114/><T31/><D128/><U66/><E26/><V86/><F113/><W37/><G6/><T50/><D90/><U11/><E80/><V69/><F126/><W124/><G124/><T132/><D31/><U89/><E89/><V120/><F120/><W99/><G34/><T20/><REACH who="0" step="1"/><D38/><REACH who="0" ten="141,387,220,242" step="2"/><U118/><E118/><V76/><F117/><W60/><G29/><T104/><D104/><U17/><E3/><V57/><F130/><W131/><G131/><T98/><D98/><U115/><E115/><V9/><F91/><W94/><G78/><T8/><D8/><U40/><E66/><V88/><F88/><W110/><G110/><T49/><D49/><U54/><E67/><V93/><F9/><W75/><G48/><T18/><AGARI ba="0,1" hai="14,18,20,21,22,47,50,53,74,77,83,132,133,134" machi="18" ten="40,7800,0" yaku="1,1,0,1,20,1,53,0" doraHai="39" doraHaiUra="27" who="0" fromWho="0" sc="141,88,387,-26,220,-26,242,-26" /><INIT seed="4,1,0,0,0,90" ten="229,361,194,216" oya="0" hai0="101,97,26,95,59,6,134,115,92,127,78,126,33" hai1="53,7,103,81,94,85,118,40,119,4,24,41,91" hai2="31,63,120,37,76,88,54,48,107,13,30,38,82" hai3="18,110,87,125,5,34,17,98,0,96,52,121,57"/><T75/><D115/><U16/><E119/><V74/><F107/><W73/><G73/><T99/><D134/><U109/><E109/><V19/><F120/><W80/><G110/><T130/><D130/><U135/><E135/><V61/><F38/><W128/><G121/><T111/><D111/><U47/><E118/><V122/><F37/><W10/><G128/><T116/><D116/><U27/><E4/><V45/><F122/><W117/><G117/><T21/><D33/><U46/><E7/><V3/><F3/><W129/><G129/><T108/><D108/><U8/><E27/><V58/><F63/><W133/><G133/><T64/><D6/><U11/><E11/><V43/><F88/><W9/><G34/><T102/><D78/><U65/><E65/><V114/><F114/><W79/><G125/><N who="0" m="47627" /><D75/><U44/><E53/><V132/><REACH who="2" step="1"/><F132/><REACH who="2" ten="229,361,184,216" step="2"/><W22/><G98/><T42/><D42/><U15/><E41/><V12/><F12/><W56/><G96/><T49/><D64/><U32/><E40/><V28/><F28/><W55/><G0/><T2/><D2/><U29/><E103/><V72/><F72/><W50/><G87/><T106/><D106/><U70/><E85/><V39/><F39/><W89/><G89/><T77/><D77/><U51/><E91/><V100/><F100/><W66/><G79/><T23/><D26/><U25/><E24/><V86/><F86/><W105/><G105/><T112/><D112/><U20/><E25/><V62/><F62/><N who="3" m="36103" /><G66/><T71/><D71/><U93/><E70/><V104/><F104/><W123/><G123/><RYUUKYOKU ba="1,1" sc="229,15,361,-15,184,15,216,-15" hai0="21,23,49,59,92,95,97,99,101,102" hai2="13,19,30,31,43,45,48,54,58,61,74,76,82" /><INIT seed="4,2,1,2,1,0" ten="244,346,199,201" oya="0" hai0="99,120,114,60,7,53,101,122,97,19,49,72,82" hai1="2,117,96,64,70,55,69,107,85,59,81,61,23" hai2="35,110,44,62,79,87,125,25,9,58,4,52,12" hai3="28,38,26,37,113,17,10,130,20,98,89,8,34"/><T124/><D114/><U32/><E32/><V80/><F125/><W11/><G113/><T14/><D124/><U24/><E2/><V73/><F110/><W41/><G130/><T56/><D72/><U126/><E117/><V83/><F44/><W104/><G41/><T94/><D82/><U77/><E126/><V75/><REACH who="2" step="1"/><F80/><REACH who="2" ten="244,346,189,201" step="2"/><W84/><G38/><T43/><D122/><U112/><E112/><V100/><F100/><W129/><G37/><T78/><D120/><U57/><E81/><V33/><F33/><W27/><G129/><T51/><D43/><U65/><E70/><V109/><F109/><W5/><G104/><T68/><D68/><U108/><E69/><V46/><F46/><W36/><G36/><T16/><D78/><U118/><E59/><V63/><F63/><W15/><REACH who="3" step="1"/><G98/><REACH who="3" ten="244,346,189,191" step="2"/><T123/><D99/><U86/><E96/><V42/><F42/><W3/><G3/><T47/><D123/><U1/><E107/><V71/><F71/><W29/><G29/><AGARI ba="2,3" hai="4,9,12,25,29,35,52,58,62,73,75,79,83,87" machi="29" ten="40,5200,0" yaku="1,1,52,1,54,1,53,0" doraHai="0" doraHaiUra="13" who="2" fromWho="3" sc="244,0,346,0,189,88,191,-58" /><INIT seed="5,0,0,4,3,46" ten="244,346,277,133" oya="1" hai0="124,76,22,86,73,32,4,19,49,129,121,7,63" hai1="123,80,125,120,56,45,42,118,111,48,43,34,61" hai2="25,10,92,79,66,38,60,78,71,88,30,2,72" hai3="35,109,99,68,13,95,33,20,27,81,115,26,127"/><U9/><E34/><V29/><F38/><W12/><G68/><T91/><D32/><N who="3" m="12361" /><G81/><T62/><D124/><U69/><E118/><V103/><F103/><W40/><G40/><T102/><D129/><U53/><E125/><V51/><F72/><W94/><G99/><T47/><D121/><U14/><E111/><V128/><F128/><W110/><G127/><T28/><D28/><U57/><E69/><V84/><F25/><N who="3" m="9227" /><G20/><T97/><D76/><U83/><E120/><V18/><F78/><W93/><G115/><T11/><D73/><U82/><E123/><V114/><F79/><W16/><G16/><T77/><D77/><U101/><E101/><V105/><F105/><W21/><G21/><T104/><D22/><U54/><E57/><V96/><F96/><W116/><G116/><T131/><D131/><U100/><E100/><V5/><F18/><AGARI ba="0,0" hai="9,14,18,42,43,45,48,53,54,56,61,80,82,83" machi="18" ten="40,3900,0" yaku="8,1,52,1" doraHai="46" who="1" fromWho="2" sc="244,0,346,39,277,-39,133,0" /><INIT seed="5,1,0,4,4,18" ten="244,385,238,133" oya="1" hai0="108,36,15,42,119,125,87,106,103,118,35,85,80" hai1="69,83,71,61,95,110,115,107,101,5,70,0,75" hai2="7,121,54,123,132,92,55,117,51,45,9,102,47" hai3="74,73,53,21,41,99,84,46,89,60,23,58,96"/><U11/><E115/><V40/><F117/><W124/><G124/><T13/><D35/><U76/><E95/><V134/><F92/><W63/><G74/><T2/><D2/><U98/><REACH who="1" step="1"/><E61/><REACH who="1" ten="244,375,238,133" step="2"/><V122/><F122/><W88/><G63/><T86/><D119/><U78/><E78/><V30/><F121/><W111/><G111/><AGARI ba="1,1" hai="0,5,11,69,70,71,75,76,83,98,101,107,110,111" machi="111" ten="50,9600,0" yaku="1,1,23,2,53,0" doraHai="18" doraHaiUra="59" who="1" fromWho="3" sc="244,0,375,109,238,0,133,-99" /><INIT seed="5,2,0,2,4,42" ten="244,484,238,34" oya="1" hai0="115,50,86,18,118,6,67,2,77,33,19,113,55" hai1="76,46,90,72,45,78,28,23,127,24,121,64,104" hai2="132,30,131,100,32,12,59,80,61,13,11,70,84" hai3="4,91,82,97,3,135,129,34,20,22,51,105,96"/><U102/><E121/><V94/><F70/><W48/><G135/><T54/><D33/><U60/><E127/><V125/><F132/><W92/><G129/><T66/><D118/><U36/><E36/><V133/><F133/><W122/><G122/><T7/><D77/><U37/><E37/><V87/><F131/><W120/><G120/><T107/><D86/><U128/><E128/><V47/><F47/><W71/><G71/><T117/><D117/><U101/><E78/><V53/><F13/><W39/><G39/><T5/><D107/><U112/><E112/><N who="0" m="43081" /><D55/><U85/><E76/><V81/><F30/><W40/><G34/><T98/><D98/><U93/><E72/><V63/><F32/><W88/><G4/><T35/><D35/><U110/><E110/><V116/><F125/><W83/><G3/><T29/><D29/><U16/><E28/><V123/><F123/><W56/><G40/><T62/><D2/><U109/><E109/><V52/><F116/><W8/><G105/><T130/><D130/><U49/><E104/><V26/><F87/><W10/><REACH who="3" step="1"/><G56/><REACH who="3" ten="244,484,238,24" step="2"/><N who="0" m="32855" /><D67/><U126/><E126/><V89/><F59/><AGARI ba="2,1" hai="5,6,7,18,19,59,62,66" m="32855,43081" machi="59" ten="30,1000,0" yaku="15,1" doraHai="42" who="0" fromWho="2" sc="244,26,484,0,238,-16,24,0" /><INIT seed="6,0,0,3,2,83" ten="270,484,222,24" oya="2" hai0="106,94,27,107,34,121,73,37,1,114,87,99,97" hai1="40,7,15,109,14,90,24,64,55,130,4,132,12" hai2="95,59,80,52,82,103,33,48,46,25,122,124,16" hai3="131,66,54,111,49,125,2,5,81,10,43,134,85"/><V32/><F122/><W57/><G111/><T30/><D114/><U31/><E109/><V71/><F71/><W72/><G125/><T91/><D121/><U105/><E105/><V120/><F120/><W63/><G134/><T116/><D116/><U36/><E36/><V102/><F124/><W41/><G131/><T70/><D1/><U110/><E110/><V19/><F33/><W21/><G21/><T78/><D37/><U101/><E40/><N who="2" m="24647" /><F32/><W86/><G72/><T58/><D70/><U35/><E101/><N who="2" m="38411" /><F95/><W67/><G67/><T39/><D39/><U53/><E130/><V8/><F19/><W128/><G128/><T50/><D73/><U47/><E64/><V129/><F129/><W56/><REACH who="3" step="1"/><G86/><REACH who="3" ten="270,484,222,14" step="2"/><T23/><D23/><U126/><E132/><V18/><F18/><W88/><AGARI ba="0,1" hai="2,5,10,41,43,49,54,56,57,63,66,81,85,88" machi="88" ten="20,12000,2" yaku="1,1,2,1,0,1,7,1,52,1,54,1,53,0" doraHai="83" doraHaiUra="13" who="3" fromWho="3" sc="270,-30,484,-30,222,-60,14,130" /><INIT seed="7,0,0,3,3,106" ten="240,454,162,144" oya="3" hai0="92,129,26,46,69,120,131,61,66,55,85,53,48" hai1="83,91,6,33,51,127,3,7,72,52,34,15,10" hai2="104,28,130,22,90,63,75,9,128,133,117,78,40" hai3="123,25,38,17,97,29,76,67,132,32,59,2,79"/><W21/><G123/><T84/><D120/><U87/><E7/><V20/><F133/><W57/><G132/><T108/><D108/><U45/><E127/><V58/><F104/><W39/><G2/><T98/><D26/><U112/><E112/><V68/><F68/><W81/><G79/><T124/><D53/><U49/><E72/><V8/><F40/><W102/><G39/><T111/><D111/><U73/><E73/><V71/><F71/><W89/><G89/><T70/><D70/><U36/><E36/><V99/><F117/><W82/><G38/><T105/><D105/><U16/><E49/><V94/><F75/><W50/><G67/><T107/><D107/><U74/><E74/><V41/><F41/><W42/><G76/><T135/><D124/><U60/><E60/><V77/><F77/><W62/><G32/><T125/><D125/><U119/><E119/><V23/><F28/><W0/><G0/><T101/><D135/><U122/><E122/><V13/><F78/><W134/><G134/><T109/><D109/><U88/><E91/><V1/><F1/><W5/><G5/><T86/><AGARI ba="0,0" hai="46,48,55,61,66,69,84,85,86,92,98,101,129,131" machi="86" ten="30,1100,0" yaku="0,1" doraHai="106" who="0" fromWho="0" sc="240,11,454,-3,162,-3,144,-5" owari="251,5.0,451,55.0,159,-24.0,139,-36.0" /></mjloggm>