<mjloggm ver="2.3"><GO type="169" lobby="0"/><UN n0="%E9%9B%AA%E6%9C%88%E9%A2%A8%E8%8A%B1" n1="%E6%8C%AF%E3%82%8A%E8%BE%BC%E3%81%BF%E3%81%AE%E9%81%94%E4%BA%BA%EF%BC%81" n2="%E3%81%A1%E3%82%87%E3%82%8A%E3%81%8A" n3="%74%6F%6B%6F%31%30%30%35" dan="16,16,18,16" rate="2231.29,2137.41,2216.21,2066.98" sx="F,M,M,M"/><TAIKYOKU oya="0"/><INIT seed="0,0,0,1,4,98" ten="250,250,250,250" oya="0" hai0="38,52,95,4,20,5,2,35,91,45,55,127,130" hai1="15,41,73,106,105,133,71,21,79,85,25,31,72" hai2="48,42,135,131,50,68,87,70,97,120,81,104,92" hai3="26,7,114,84,65,80,74,88,69,29,40,128,122"/><T123/><D123/><U30/><E71/><V125/><F120/><W76/><G122/><T96/><D130/><U102/><E106/><V39/><F104/><W51/><G114/><T0/><D35/><U53/><E31/><V112/><F112/><W19/><G7/><T60/><D127/><U22/><E41/><V56/><F131/><W75/><G128/><T62/><D20/><U58/><E133/><V94/><F94/><W117/><G117/><T89/><D96/><U9/><E22/><V77/><F135/><W99/><G19/><T12/><D45/><U43/><E43/><V49/><F56/><W118/><G118/><T61/><D95/><U82/><E105/><V16/><F125/><W37/><G37/><T1/><D12/><U119/><E119/><V103/><REACH who="2" step="1"/><F16/><REACH who="2" ten="250,250,240,250" step="2"/><W11/><G69/><T36/><D4/><U10/><E9/><V111/><F111/><W46/><G11/><T110/><D5/><U3/><E58/><V66/><F66/><W63/><G65/><T13/><D110/><U8/><E8/><V44/><AGARI ba="0,1" hai="39,42,44,48,49,50,68,70,77,81,87,92,97,103" machi="44" ten="30,4000,0" yaku="1,1,0,1,52,1,53,0" doraHai="98" doraHaiUra="34" who="2" fromWho="2" sc="250,-20,250,-10,240,50,250,-10" /><INIT seed="1,0,0,0,4,114" ten="230,240,290,240" oya="1" hai0="102,59,51,122,64,87,126,21,85,105,31,5,48" hai1="70,34,22,117,27,44,13,35,93,23,72,32,19" hai2="73,30,36,63,68,124,92,113,128,79,56,18,11" hai3="84,57,52,43,42,40,67,58,12,26,10,45,46"/><U108/><E70/><V120/><F120/><W121/><G121/><T82/><D122/><U77/><E72/><V47/><F113/><W110/><G110/><T134/><D134/><U107/><E107/><V101/><F68/><W9/><G67/><T8/><D126/><U81/><E44/><V66/><F30/><W118/><G118/><T55/><D64/><U4/><E93/><V80/><F128/><W37/><G26/><T88/><D105/><U25/><E81/><V75/><F75/><W7/><G58/><T17/><D31/><N who="1" m="17911" /><E77/><V61/><F61/><W112/><G112/><T129/><D102/><U133/><E133/><V127/><F36/><W96/><G96/><T109/><D85/><U76/><E76/><V65/><F65/><W49/><G84/><T29/><D29/><N who="1" m="17599" /><E108/><V2/><F47/><W97/><G97/><T54/><D109/><U28/><E117/><V14/><F2/><W125/><G125/><N who="2" m="48201" /><F92/><W132/><G132/><T90/><D82/><U74/><E74/><V33/><F33/><W39/><G45/><N who="0" m="27919" /><D87/><U50/><E50/><V6/><F101/><W71/><G71/><T78/><D78/><U99/><E99/><V24/><F24/><W119/><G119/><T135/><D135/><U95/><E95/><V20/><F20/><W91/><G39/><T103/><D103/><U115/><E28/><V60/><F60/><W83/><G37/><T16/><D21/><N who="1" m="11503" /><E115/><V106/><F106/><W111/><G111/><T98/><D98/><U123/><E123/><V0/><F0/><W104/><G104/><T3/><D129/><U130/><E130/><RYUUKYOKU ba="0,0" sc="230,10,240,10,290,10,240,-30" hai0="3,5,8,16,17,51,55,59,88,90" hai1="4,32,34,35" hai2="6,11,14,18,56,63,66,73,79,80" /><INIT seed="1,1,0,5,3,67" ten="240,250,300,210" oya="1" hai0="133,4,69,32,62,7,56,29,11,72,77,28,22" hai1="103,97,59,112,101,71,134,24,21,37,100,3,33" hai2="118,96,114,104,88,82,43,31,111,38,131,106,95" hai3="42,15,93,110,19,108,81,92,53,17,0,30,126"/><U61/><E112/><V70/><F118/><W105/><G0/><T89/><D32/><U84/><E37/><V46/><F114/><W117/><G105/><T65/><D133/><U51/><E3/><V125/><F111/><N who="3" m="42539" /><G117/><T127/><D127/><U57/><E33/><V23/><F125/><W8/><G126/><T102/><D102/><U35/><E35/><V60/><F131/><W55/><G42/><T52/><D89/><U124/><E134/><V129/><F129/><W39/><G39/><T119/><D119/><U9/><E9/><V94/><F82/><W91/><G30/><T5/><D11/><U83/><E124/><V123/><F123/><W58/><G19/><T26/><D77/><N who="1" m="46191" /><E71/><V80/><F80/><W44/><G44/><T27/><D72/><U12/><E12/><V13/><F95/><N who="3" m="36427" /><G58/><T74/><D74/><U132/><E97/><V99/><F96/><W109/><N who="3" m="42547" /><W68/><DORA hai="66" /><G68/><T40/><D26/><U98/><E98/><V16/><REACH who="2" step="1"/><F31/><REACH who="2" ten="240,250,290,210" step="2"/><W48/><G48/><T14/><D29/><N who="1" m="17551" /><E132/><V113/><F113/><W121/><G121/><T107/><D107/><U63/><E51/><V20/><F20/><W45/><G45/><T64/><D28/><U36/><E36/><V75/><F75/><W90/><G81/><T25/><D22/><U50/><E50/><V2/><F2/><W85/><G85/><T135/><D135/><U6/><E6/><V76/><F76/><W122/><G122/><T116/><D7/><U128/><E128/><V54/><F54/><AGARI ba="1,1" hai="8,15,17,53,54,55,90,91" m="36427,42547" machi="54" ten="40,1300,0" yaku="14,1" doraHai="67,66" who="3" fromWho="2" sc="240,0,250,0,290,-16,210,26" /><INIT seed="2,0,0,1,1,9" ten="240,250,274,236" oya="2" hai0="26,23,32,135,74,42,89,130,5,16,4,92,48" hai1="88,126,106,11,73,124,95,81,83,10,59,64,66" hai2="116,96,129,85,36,12,14,60,102,13,67,27,105" hai3="47,119,40,38,2,108,41,21,79,103,62,114,6"/><V110/><F116/><W86/><G119/><T115/><D130/><U90/><E59/><V91/><F36/><W76/><G108/><T68/><D115/><U54/><E54/><V123/><F123/><W39/><G114/><T22/><D32/><U80/><E73/><V121/><F121/><W24/><G103/><T43/><D68/><U20/><E20/><V128/><F27/><W46/><G62/><T113/><D74/><U31/><E31/><V71/><REACH who="2" step="1"/><F110/><REACH who="2" ten="240,250,264,236" step="2"/><W111/><G111/><T100/><D113/><U104/><E126/><V7/><F7/><W120/><G120/><T30/><D5/><U8/><E124/><V93/><AGARI ba="0,1" hai="12,13,14,60,67,71,85,91,93,96,102,105,128,129" machi="93" ten="30,12000,1" yaku="1,1,0,1,52,3,53,0" doraHai="9" doraHaiUra="55" who="2" fromWho="2" sc="240,-40,250,-40,264,130,236,-40" /><INIT seed="2,1,0,2,2,85" ten="200,210,394,196" oya="2" hai0="71,92,102,84,113,3,26,54,86,48,44,98,53" hai1="45,121,99,122,52,104,36,90,62,17,41,117,88" hai2="107,118,69,134,109,21,6,46,68,116,47,22,40" hai3="70,83,32,115,75,1,132,27,89,108,7,77,87"/><V38/><F107/><W103/><G70/><T100/><D71/><N who="2" m="27210" /><F6/><W51/><G108/><T93/><D3/><U13/><E117/><N who="2" m="45163" /><F22/><W94/><G132/><T127/><D127/><U65/><E65/><V125/><F21/><W33/><G115/><T24/><D113/><U96/><E96/><V55/><F134/><W76/><G76/><T28/><D53/><U25/><E25/><V130/><F125/><W72/><G72/><T124/><D124/><U34/><E34/><V61/><F130/><W8/><G51/><T12/><D12/><U10/><E99/><V135/><F135/><W81/><G103/><T49/><D49/><U128/><E104/><V56/><F47/><W129/><G129/><T16/><D28/><U123/><E128/><V19/><F19/><W64/><G27/><N who="0" m="10283" /><D16/><U73/><E73/><V97/><F97/><AGARI ba="1,0" hai="44,48,54,84,86,92,93,97,98,100,102" m="10283" machi="97" ten="30,1000,0" yaku="8,1" doraHai="85" who="0" fromWho="2" sc="200,13,210,0,394,-13,196,0" /><INIT seed="3,0,0,0,3,9" ten="213,210,381,196" oya="3" hai0="28,3,131,126,13,17,91,130,67,110,94,38,11" hai1="118,44,42,107,26,29,70,39,41,80,135,56,60" hai2="27,129,85,64,14,121,68,25,43,63,49,52,78" hai3="112,98,109,2,24,21,108,111,117,4,47,5,18"/><W83/><G112/><T69/><D110/><U35/><E135/><V79/><F129/><W57/><G117/><T65/><D38/><U99/><E118/><V48/><F121/><W96/><G47/><T46/><D46/><U12/><E42/><V6/><F49/><W106/><G83/><T102/><D102/><U125/><E125/><V97/><F97/><W93/><G106/><T62/><D65/><U15/><E70/><V95/><F43/><W115/><G115/><T61/><D62/><U51/><E39/><V74/><F74/><W101/><G2/><T92/><D28/><U120/><E120/><V30/><F79/><W58/><REACH who="3" step="1"/><G98/><REACH who="3" ten="213,210,381,186" step="2"/><N who="0" m="57631" /><D3/><U54/><REACH who="1" step="1"/><E80/><REACH who="1" ten="213,200,381,186" step="2"/><V45/><F95/><W16/><G16/><N who="0" m="8255" /><D94/><U20/><E20/><V50/><F30/><W33/><G33/><T0/><D17/><U1/><E1/><V116/><F116/><W133/><G133/><T128/><D0/><U127/><E127/><AGARI ba="0,2" hai="61,67,69,126,127,128,130,131" m="8255,57631" machi="127" ten="40,5200,0" yaku="19,1,52,1,54,1" doraHai="9" who="0" fromWho="1" sc="213,72,200,-52,381,0,186,0" /><INIT seed="4,0,0,0,5,34" ten="285,148,381,186" oya="0" hai0="129,115,33,110,51,13,72,28,102,101,31,4,44" hai1="73,79,103,6,92,67,87,1,20,93,128,30,68" hai2="35,134,96,47,131,121,50,65,17,49,105,85,53" hai3="120,130,48,83,98,119,25,62,42,12,41,77,95"/><T78/><D115/><U71/><E73/><V54/><F121/><W107/><G119/><T38/><D110/><U125/><E30/><V63/><F35/><W91/><G120/><T24/><D38/><U36/><E36/><V89/><F131/><W37/><G37/><T127/><D28/><U64/><E20/><V56/><F134/><W122/><G122/><T23/><D129/><U97/><E128/><V135/><F135/><W29/><G130/><T39/><D39/><U16/><E68/><V5/><F5/><W82/><G107/><T69/><D69/><U90/><E79/><V117/><F117/><W118/><G118/><T132/><D132/><U19/><E125/><V99/><F105/><W22/><G62/><T109/><D109/><U84/><E84/><V111/><F17/><W15/><G83/><T32/><D78/><U124/><E124/><V58/><REACH who="2" step="1"/><F111/><REACH who="2" ten="285,148,371,186" step="2"/><W81/><G82/><AGARI ba="0,1" hai="47,49,50,53,54,56,58,63,65,82,85,89,96,99" machi="82" ten="30,7700,0" yaku="1,1,2,1,7,1,8,1,53,0" doraHai="34" doraHaiUra="7" who="2" fromWho="3" sc="285,0,148,0,371,87,186,-77" /><INIT seed="5,0,0,5,4,47" ten="285,148,458,109" oya="1" hai0="5,88,118,87,127,78,102,11,10,100,1,56,12" hai1="31,108,135,121,34,90,8,116,46,70,27,94,95" hai2="82,81,66,32,59,113,22,126,29,28,101,89,15" hai3="75,84,50,23,49,2,112,3,114,36,131,123,18"/><U124/><E116/><V35/><F101/><W52/><G75/><T20/><D118/><U62/><E121/><V41/><F41/><W13/><G36/><T76/><D127/><U16/><E124/><V33/><F126/><W120/><G131/><T60/><D20/><U79/><E79/><V122/><F122/><N who="3" m="46635" /><G84/><T111/><D100/><U86/><E135/><V43/><F43/><W109/><G109/><T115/><D102/><U130/><E130/><V40/><F40/><W65/><G65/><T58/><D58/><U103/><E46/><V64/><F113/><N who="3" m="43627" /><G49/><T73/><D73/><U0/><E108/><V74/><F74/><W92/><G92/><T97/><D97/><U54/><E103/><V39/><F39/><W72/><G72/><T17/><D111/><U63/><E54/><V132/><F66/><W125/><G125/><T106/><D106/><U37/><E37/><V67/><F67/><W14/><G13/><T25/><D115/><U104/><E104/><V77/><F77/><W71/><G71/><T6/><D78/><U117/><E70/><V51/><F64/><W93/><G93/><N who="0" m="54431" /><D76/><U96/><E117/><V42/><F82/><W53/><G53/><T55/><D25/><U107/><E107/><V19/><F132/><W85/><G85/><T98/><D98/><U110/><E110/><V128/><F128/><W69/><G69/><T83/><D83/><U26/><E26/><V105/><F105/><W7/><G7/><T61/><D61/><N who="1" m="23051" /><E95/><V48/><F81/><W134/><G134/><T4/><D5/><N who="1" m="1063" /><E96/><V45/><F89/><W57/><AGARI ba="0,0" hai="2,3,14,18,23,50,52,57" m="43627,46635" machi="57" ten="30,7900,0" yaku="5,1,15,1,52,1,54,1" doraHai="47" who="3" fromWho="3" sc="285,-20,148,-39,458,-20,109,79" /><INIT seed="6,0,0,4,2,35" ten="265,109,438,188" oya="2" hai0="26,40,116,128,60,130,123,52,32,50,42,112,39" hai1="27,64,118,18,83,36,19,65,1,43,90,73,57" hai2="70,8,67,47,25,38,80,51,124,16,117,76,30" hai3="56,79,107,134,127,58,111,63,68,86,95,41,102"/><V96/><F117/><W6/><G111/><T17/><D123/><U81/><E118/><V3/><F124/><W46/><G107/><T24/><D116/><U91/><E36/><V28/><F96/><W109/><G109/><T119/><D119/><U92/><E43/><V87/><F38/><W93/><G127/><T84/><D60/><U120/><E120/><V114/><F70/><W22/><G134/><T49/><D49/><U14/><E73/><V48/><F67/><W21/><G68/><T133/><D133/><U71/><E71/><V44/><F114/><W15/><G56/><N who="0" m="32791" /><D39/><U132/><E132/><V45/><F3/><W99/><G46/><T97/><D84/><U2/><E92/><V0/><F0/><W34/><G34/><T106/><D17/><U100/><E14/><N who="2" m="7239" /><F25/><N who="0" m="9834" /><D32/><U125/><E27/><V131/><F131/><N who="0" m="50218" /><D112/><U11/><E11/><V94/><F94/><W72/><G72/><T61/><D61/><U5/><E125/><V9/><F9/><N who="3" m="4535" /><G41/><T78/><D78/><U23/><E23/><V31/><AGARI ba="0,0" hai="28,30,31,44,45,47,48,51,76,80,87" m="7239" machi="31" ten="30,3000,0" yaku="8,1,54,1" doraHai="35" who="2" fromWho="2" sc="265,-10,109,-10,438,30,188,-10" /><INIT seed="6,1,0,1,3,53" ten="255,99,468,178" oya="2" hai0="11,14,135,124,65,102,81,40,7,2,129,97,26" hai1="45,87,84,50,117,56,89,71,111,88,38,48,5" hai2="46,15,37,17,86,41,39,80,62,69,116,10,63" hai3="78,13,79,55,112,0,103,43,67,119,122,75,92"/><V114/><F116/><W130/><G0/><T25/><D124/><U19/><E71/><V107/><F107/><W9/><G122/><T123/><D2/><U96/><E111/><V24/><F114/><W20/><G119/><T101/><D129/><U35/><E35/><V29/><F69/><W16/><G75/><T23/><D26/><U66/><E38/><V42/><F42/><W85/><G130/><T31/><D135/><U94/><E117/><V134/><F37/><W110/><G110/><T104/><D102/><U128/><E5/><V59/><F134/><W28/><G112/><T52/><D40/><U57/><E66/><V18/><F18/><W82/><G67/><T51/><D81/><N who="1" m="49167" /><E128/><V21/><F59/><N who="1" m="22601" /><E19/><V8/><F8/><W109/><G9/><T12/><D65/><U36/><E36/><V74/><F74/><W70/><G70/><T4/><D11/><U100/><E45/><V68/><F68/><W33/><G33/><T90/><D4/><U49/><E87/><V77/><AGARI ba="1,0" hai="10,15,17,21,24,29,39,41,46,62,63,77,80,86" machi="77" ten="20,2100,0" yaku="0,1,7,1" doraHai="53" who="2" fromWho="2" sc="255,-8,99,-8,468,24,178,-8" /><INIT seed="6,2,0,4,1,104" ten="247,91,492,170" oya="2" hai0="35,112,12,101,38,17,40,100,25,75,15,9,109" hai1="81,128,6,67,28,131,30,108,129,132,50,3,127" hai2="49,124,135,107,84,2,29,102,114,4,51,106,33" hai3="27,97,8,134,5,58,117,43,103,45,18,69,62"/><V41/><F114/><W14/><G134/><T122/><D109/><U19/><E67/><V120/><F120/><W71/><G117/><T111/><D111/><U98/><E98/><V76/><F135/><W44/><G27/><T77/><D112/><U48/><E108/><V60/><F60/><W79/><G79/><T70/><D70/><U82/><E132/><V10/><F124/><W78/><G78/><T87/><D87/><U26/><E19/><V20/><F102/><W126/><G126/><T80/><D40/><U54/><E127/><V31/><F31/><W16/><G69/><T88/><D38/><U91/><E91/><V46/><F51/><W36/><G45/><T119/><D88/><U105/><E105/><V56/><F56/><W66/><REACH who="3" step="1"/><G71/><REACH who="3" ten="247,91,492,160" step="2"/><T1/><D77/><U83/><E26/><N who="2" m="16583" /><F33/><W23/><G23/><N who="0" m="11687" /><D35/><U99/><E131/><V55/><F106/><AGARI ba="2,1" hai="5,8,14,16,18,36,43,44,58,62,66,97,103,106" machi="106" ten="30,3900,0" yaku="1,1,7,1,54,1,53,0" doraHai="104" doraHaiUra="110" who="3" fromWho="2" sc="247,0,91,0,492,-45,160,55" /><INIT seed="7,0,0,1,1,22" ten="247,91,447,215" oya="3" hai0="23,102,3,134,60,12,7,19,132,114,80,26,46" hai1="74,94,65,67,95,106,75,87,92,125,69,15,72" hai2="68,38,123,17,55,49,97,115,62,32,11,44,56" hai3="112,66,109,118,21,79,64,41,0,127,81,88,90"/><W4/><G118/><T104/><D114/><U122/><E69/><V18/><F32/><W120/><G120/><T116/><D116/><U24/><E122/><V20/><F123/><W34/><G34/><T14/><D80/><U51/><E106/><V8/><F115/><W52/><G112/><T107/><D46/><U105/><E105/><N who="0" m="40521" /><D60/><U6/><E125/><V25/><F68/><W13/><G127/><T103/><D3/><U108/><E108/><V101/><F38/><W9/><G109/><T98/><D98/><U5/><E15/><N who="0" m="5673" /><D7/><U121/><E121/><V27/><F101/><W10/><G41/><T78/><D78/><U73/><N who="1" m="18432" /><DORA hai="57" /><U131/><E131/><V35/><F97/><W126/><G126/><T128/><D128/><U58/><E87/><V29/><F17/><W84/><G21/><T130/><D130/><U71/><E71/><V48/><F48/><W85/><G52/><AGARI ba="0,0" hai="8,11,18,20,25,27,29,35,44,49,52,55,56,62" machi="52" ten="30,8000,1" yaku="7,1,52,3,54,1" doraHai="22,57" who="2" fromWho="3" sc="247,0,91,0,447,80,215,-80" owari="247,5.0,91,-41.0,527,62.0,135,-26.0" /></mjloggm>