<mjloggm ver="2.3"><GO type="185" lobby="0"/><UN n0="%E3%83%86%E3%82%A4%E3%83%A9%E3%83%BC%E3%83%92%E3%83%AB" n1="%E3%83%9A%E3%83%9A%E3%83%AD%E3%83%B3%E3%83%81%E3%83%BC%E3%83%8E%37" n2="%E5%A4%AA%E3%81%8F%E3%81%AA%E3%81%84%E3%81%8A" n3="" dan="16,16,17,0" rate="2182.02,2109.01,2231.36,1500.00" sx="F,M,M,C"/><TAIKYOKU oya="0"/><INIT seed="0,0,0,1,1,0" ten="350,350,350,0" oya="0" hai0="42,40,101,67,33,104,47,125,87,43,89,35,119" hai1="113,45,91,48,85,115,134,37,103,122,124,83,80" hai2="102,73,36,49,112,2,132,126,60,51,100,94,64" hai3=""/><T69/><D119/><U77/><N who="1" m="31264" /><U61/><E124/><V99/><F2/><T121/><N who="0" m="31008" /><T32/><D125/><U88/><E134/><V75/><F126/><T55/><D67/><U44/><E103/><V86/><F36/><T78/><D78/><U50/><E37/><V66/><F112/><T98/><D69/><U79/><E61/><V1/><F1/><T116/><D116/><U108/><E85/><V123/><N who="2" m="31520" /><V114/><F114/><T95/><REACH who="0" step="1"/><D55/><REACH who="0" ten="340,350,350,0" step="2"/><U41/><E41/><V84/><F64/><T117/><D117/><U105/><E77/><V120/><F66/><T130/><D130/><U128/><E79/><V70/><F70/><T46/><AGARI ba="0,1" hai="32,33,35,40,42,43,46,47,87,89,95,98,101,104" m="31008" machi="46" ten="40,12000,2" yaku="1,1,0,1,52,4,53,0" doraHai="0" doraHaiUra="106" who="0" fromWho="0" sc="340,130,350,-60,350,-60,0,0" /><INIT seed="0,1,0,2,1,124" ten="470,290,290,0" oya="0" hai0="73,120,0,52,67,66,135,104,47,115,80,71,105" hai1="134,69,125,49,72,53,107,97,44,40,74,92,54" hai2="32,61,87,121,94,63,128,78,65,113,38,60,59" hai3=""/><T130/><N who="0" m="30752" /><T129/><D0/><U79/><E125/><V116/><N who="2" m="31008" /><V37/><F32/><T126/><D126/><U112/><E69/><V75/><F113/><T91/><D115/><U1/><E1/><V64/><F116/><T33/><D33/><U50/><E112/><V119/><F119/><T51/><D135/><U39/><E134/><V106/><F106/><T127/><D127/><U133/><E79/><V35/><F35/><T96/><D71/><U90/><E107/><V62/><F65/><T84/><D73/><U82/><E82/><V88/><REACH who="2" step="1"/><F128/><REACH who="2" ten="470,290,280,0" step="2"/><N who="0" m="49258" /><D105/><U58/><E133/><V43/><F43/><T57/><D47/><AGARI ba="1,1" hai="39,40,44,47,49,50,53,54,58,72,74,90,92,97" machi="47" ten="30,1000,0" yaku="7,1" doraHai="124" who="1" fromWho="0" sc="470,-12,290,22,280,0,0,0" /><INIT seed="1,0,0,0,4,0" ten="458,312,280,0" oya="1" hai0="132,67,114,115,58,119,39,108,102,127,3,59,89" hai1="84,111,126,44,51,42,81,80,90,71,48,35,70" hai2="96,46,34,79,47,45,130,93,57,37,74,56,33" hai3=""/><U135/><E126/><V104/><F37/><T50/><D3/><U129/><E135/><V133/><F133/><T113/><D39/><U49/><E129/><V122/><N who="2" m="31264" /><V65/><F104/><T69/><D132/><U77/><E35/><V54/><F130/><T103/><D119/><U2/><E2/><V118/><F118/><T91/><D127/><U99/><E111/><V78/><F65/><T76/><D108/><U83/><E99/><V55/><F74/><T95/><D67/><U66/><E66/><V123/><N who="2" m="31520" /><V97/><F47/><T1/><D69/><U68/><REACH who="1" step="1"/><E77/><REACH who="1" ten="458,302,280,0" step="2"/><V52/><F55/><T101/><D1/><U112/><E112/><V105/><F105/><T116/><D116/><U92/><AGARI ba="0,1" hai="42,44,48,49,51,68,70,71,80,81,83,84,90,92" machi="92" ten="40,2600,0" yaku="1,1,0,1,53,0" doraHai="0" doraHaiUra="94" who="1" fromWho="1" sc="458,-13,302,36,280,-13,0,0" /><INIT seed="1,1,0,5,3,122" ten="445,338,267,0" oya="1" hai0="84,98,74,125,47,116,86,54,88,128,105,55,124" hai1="60,131,70,83,49,103,76,33,102,123,126,45,112" hai2="132,62,87,78,50,32,61,51,93,67,71,65,109" hai3=""/><U0/><N who="1" m="31520" /><U114/><E33/><V99/><F32/><T97/><D74/><U34/><E34/><V100/><F132/><T58/><D116/><U135/><E135/><V1/><F1/><T56/><D47/><U77/><E126/><V42/><F42/><T3/><D105/><U41/><E0/><V92/><F109/><T108/><D128/><U104/><E131/><V82/><REACH who="2" step="1"/><F92/><REACH who="2" ten="445,338,257,0" step="2"/><T52/><D3/><U121/><N who="1" m="31008" /><U73/><E77/><V119/><F119/><T37/><D108/><U118/><E118/><V110/><F110/><T44/><D124/><U107/><E104/><V96/><F96/><T36/><D125/><U69/><E107/><V85/><F85/><T134/><D134/><U90/><E41/><V91/><F91/><T63/><D86/><U111/><E90/><V127/><F127/><T113/><D97/><U101/><E111/><V68/><AGARI ba="1,1" hai="50,51,61,62,65,67,68,71,78,82,87,93,99,100" machi="68" ten="20,3900,0" yaku="1,1,0,1,7,1,9,1,53,0" doraHai="122" doraHaiUra="48" who="2" fromWho="2" sc="445,-14,338,-27,257,51,0,0" /><INIT seed="2,0,0,4,0,101" ten="431,311,308,0" oya="2" hai0="115,84,135,117,80,38,91,112,83,54,45,72,35" hai1="103,41,74,94,1,76,2,127,75,66,124,79,81" hai2="56,67,100,43,102,113,126,64,109,107,133,47,134" hai3=""/><V71/><F113/><N who="0" m="43594" /><D35/><U105/><E41/><V86/><F71/><T110/><D117/><U118/><E66/><V119/><F119/><T60/><D135/><U65/><E65/><V37/><F126/><N who="1" m="48169" /><E118/><V129/><F129/><T73/><D110/><U53/><E53/><V69/><F69/><T128/><D128/><U121/><N who="1" m="31008" /><U57/><E57/><V33/><F33/><T58/><D80/><U68/><E68/><V77/><F109/><T63/><D60/><U0/><E94/><V120/><N who="2" m="30752" /><V123/><N who="2" m="31520" /><V52/><F64/><T49/><D38/><U59/><E59/><V40/><F67/><AGARI ba="0,0" hai="45,49,54,58,63,67,72,73,83,84,91" m="43594" machi="67" ten="30,1000,0" yaku="11,1" doraHai="101" who="0" fromWho="2" sc="431,10,311,0,308,-10,0,0" /><INIT seed="4,0,0,0,3,77" ten="441,311,298,0" oya="0" hai0="109,97,57,112,64,119,69,87,83,44,98,84,125" hai1="133,115,63,50,49,91,101,111,95,33,58,67,1" hai2="73,99,42,88,121,130,100,61,126,56,127,78,116" hai3=""/><T74/><D69/><U40/><E111/><V81/><N who="2" m="31008" /><V117/><F42/><T68/><D68/><U104/><E1/><V51/><F51/><T122/><N who="0" m="31264" /><T46/><D57/><U54/><E133/><V66/><F130/><T114/><D64/><U48/><E33/><V72/><F72/><T45/><D119/><N who="2" m="45642" /><F88/><T76/><D125/><U60/><E104/><AGARI ba="0,0" hai="56,61,66,73,78,81,99,100,104,126,127" m="45642,31008" machi="104" ten="30,3900,0" yaku="12,1,52,2" doraHai="77" who="2" fromWho="1" sc="441,0,311,-39,298,39,0,0" /><INIT seed="5,0,0,1,5,82" ten="441,272,337,0" oya="1" hai0="129,124,65,101,113,41,73,102,46,85,66,103,86" hai1="110,96,132,77,105,109,112,98,37,49,59,119,97" hai2="125,95,116,39,93,107,79,117,78,68,57,126,80" hai3=""/><U33/><E33/><V123/><N who="2" m="31520" /><V128/><F68/><T62/><D73/><U92/><E37/><V38/><F107/><T52/><D129/><U106/><E119/><V44/><F57/><T32/><D32/><U114/><E132/><V84/><F128/><T108/><D124/><N who="2" m="47722" /><F78/><T111/><D113/><N who="1" m="43627" /><E77/><V60/><F60/><T40/><D65/><U61/><E49/><V36/><F44/><T71/><D108/><N who="1" m="41579" /><E92/><AGARI ba="0,0" hai="36,38,39,79,80,84,92,93,95,116,117" m="47722,31520" machi="92" ten="40,5200,0" yaku="18,1,52,2" doraHai="82" who="2" fromWho="1" sc="441,0,272,-52,337,52,0,0" /><INIT seed="6,0,0,0,3,132" ten="441,220,389,0" oya="2" hai0="80,44,3,105,120,126,62,130,112,91,76,129,33" hai1="77,55,123,85,37,131,87,61,74,117,32,49,116" hai2="34,122,89,102,63,36,46,98,88,84,100,108,1" hai3=""/><V99/><N who="2" m="31264" /><V104/><F1/><T58/><N who="0" m="30752" /><T54/><D126/><U60/><N who="1" m="31520" /><U93/><E32/><V73/><F34/><T124/><D124/><U111/><E131/><N who="0" m="50185" /><D112/><U125/><E125/><V78/><F108/><T38/><D3/><U51/><E74/><V47/><F73/><T115/><D115/><U95/><E77/><V65/><F78/><T97/><D33/><U81/><E81/><V96/><F36/><T134/><D134/><U35/><E35/><V50/><F104/><T52/><D38/><U75/><E37/><V90/><F84/><T66/><D44/><U135/><E75/><V113/><F113/><T86/><D91/><U106/><E111/><V42/><REACH who="2" step="1"/><F46/><REACH who="2" ten="441,220,379,0" step="2"/><T43/><D43/><U83/><E83/><V48/><F48/><T127/><D127/><U109/><E109/><V110/><F110/><T70/><D105/><U40/><E106/><V2/><F2/><T45/><D97/><U0/><E0/><V82/><F82/><T107/><D107/><U103/><E40/><V67/><F67/><T69/><D45/><U94/><E135/><V41/><F41/><T71/><AGARI ba="0,1" hai="52,54,58,62,66,69,70,71,76,80,86" m="50185,30752" machi="71" ten="40,3900,0" yaku="19,1,52,1,54,1" doraHai="132" who="0" fromWho="0" sc="441,49,220,-13,379,-26,0,0" owari="490,44.0,207,-39.0,353,-5.0,0,0.0" /></mjloggm>