<mjloggm ver="2.3"><GO type="185" lobby="0"/><UN n0="%E4%B8%8D%E5%B9%B8%E7%94%9F%E5%91%BD%E4%BD%93" n1="%74%69%65%66%62%6C%61%75" n2="%E4%B8%8D%E5%B1%88%E3%81%AE%E7%B2%BE%E7%A5%9E" n3="" dan="16,16,17,0" rate="2167.11,2168.01,2171.70,1500.00" sx="M,M,M,C"/><TAIKYOKU oya="0"/><INIT seed="0,0,0,3,2,3" ten="350,350,350,0" oya="0" hai0="64,50,74,111,92,77,42,78,71,101,63,67,122" hai1="107,79,0,68,117,112,82,41,85,123,80,81,84" hai2="37,110,89,133,39,113,128,114,109,44,103,47,73" hai3=""/><T72/><N who="0" m="31264" /><T83/><D111/><N who="2" m="42506" /><F73/><T57/><D101/><U97/><N who="1" m="31520" /><U58/><E0/><V43/><F103/><T87/><D64/><U65/><E112/><N who="2" m="43115" /><F89/><T61/><D92/><U135/><E117/><V119/><F119/><T115/><D115/><U35/><E35/><V1/><F1/><T76/><D42/><U105/><E81/><V33/><F33/><T46/><D46/><N who="2" m="17450" /><F128/><T53/><REACH who="0" step="1"/><D50/><REACH who="0" ten="340,350,350,0" step="2"/><U118/><E118/><V120/><N who="2" m="30752" /><V95/><F43/><T104/><D104/><U70/><E41/><V69/><F69/><T88/><AGARI ba="0,1" hai="53,57,61,63,67,71,72,74,76,77,78,83,87,88" m="31264" machi="88" ten="30,7800,0" yaku="1,1,0,1,52,1,54,1,53,0" doraHai="3" doraHaiUra="129" who="0" fromWho="0" sc="340,88,350,-39,350,-39,0,0" /><INIT seed="0,1,0,0,0,47" ten="428,311,311,0" oya="0" hai0="48,98,35,103,45,79,57,105,73,106,72,51,134" hai1="49,65,75,64,61,70,110,2,90,55,60,1,71" hai2="81,82,33,115,117,131,43,102,97,125,54,3,78" hai3=""/><T84/><D134/><U126/><E110/><V113/><F3/><T56/><D35/><U88/><E126/><V124/><F33/><T114/><D114/><U87/><E75/><V99/><F117/><T38/><D38/><U63/><E63/><V68/><F68/><T0/><D0/><U116/><E116/><V123/><F43/><T83/><D106/><U133/><E133/><V39/><F39/><T66/><D66/><U121/><N who="1" m="31008" /><U74/><E74/><V111/><F111/><T95/><D105/><U53/><E87/><V135/><F135/><T76/><D76/><U32/><E32/><V40/><F40/><T100/><D100/><U58/><E58/><V132/><F132/><T89/><D103/><U80/><E80/><V101/><F54/><T128/><D128/><U86/><E86/><V37/><F37/><T129/><D129/><U127/><E127/><V120/><F78/><T107/><D107/><U46/><E46/><V122/><N who="2" m="30752" /><V36/><F36/><T104/><D104/><U52/><E55/><V118/><F118/><T94/><D94/><U93/><E93/><V130/><AGARI ba="1,0" hai="81,82,97,99,101,102,113,115,122,123,124,125,130,131" m="30752" machi="130" ten="25,9000,2" yaku="0,1,22,2,34,3,52,1" doraHai="47" who="2" fromWho="2" sc="428,-61,311,-31,311,92,0,0" /><INIT seed="1,0,0,2,2,132" ten="367,280,403,0" oya="1" hai0="77,84,46,85,36,119,101,39,34,66,104,44,90" hai1="60,135,100,123,74,98,81,57,96,45,1,49,58" hai2="52,128,89,113,71,109,80,83,61,110,51,2,33" hai3=""/><U41/><N who="1" m="31520" /><U99/><E1/><V122/><N who="2" m="31264" /><V126/><F2/><T42/><D119/><U125/><E135/><V116/><F116/><T79/><D66/><U35/><E35/><V73/><F33/><T102/><D104/><U92/><E58/><V82/><F113/><T115/><D34/><U48/><E48/><V124/><F128/><T87/><D115/><U63/><E63/><V118/><F73/><T93/><D93/><U54/><E74/><V53/><F118/><T37/><D90/><U106/><E81/><V134/><F89/><T120/><N who="0" m="30752" /><T70/><D70/><U88/><E125/><N who="2" m="48235" /><F134/><T67/><D67/><U129/><REACH who="1" step="1"/><E129/><REACH who="1" ten="367,270,403,0" step="2"/><V86/><F80/><T65/><D65/><U32/><E32/><V50/><F82/><T114/><D114/><U121/><N who="1" m="31008" /><U72/><E72/><V0/><F0/><T55/><D37/><U76/><E76/><V105/><F83/><T130/><D130/><U108/><E108/><V62/><F110/><T133/><D133/><U94/><E94/><V40/><F109/><T43/><D79/><U107/><E107/><V103/><F105/><T78/><D77/><U95/><E95/><V56/><F56/><T68/><D78/><U112/><E112/><RYUUKYOKU ba="0,1" sc="367,-10,270,20,403,-10,0,0" hai1="41,45,49,54,57,60,88,92,96,98,99,100,106" /><INIT seed="1,1,1,1,4,50" ten="357,290,393,0" oya="1" hai0="112,61,87,32,43,85,99,104,115,82,62,80,132" hai1="35,77,40,39,127,51,126,133,63,106,98,75,117" hai2="96,111,83,125,97,93,1,129,44,95,130,69,64" hai3=""/><U94/><E35/><V3/><F111/><T65/><D132/><U107/><E117/><V86/><F125/><N who="1" m="47625" /><E133/><V100/><F44/><T131/><D131/><U59/><E39/><V58/><F69/><T55/><D43/><U47/><E77/><V116/><F116/><T103/><D32/><U53/><E75/><V76/><F64/><T48/><D85/><U102/><AGARI ba="1,1" hai="40,47,51,53,59,63,94,98,102,106,107" m="47625" machi="102" ten="30,2000,0" yaku="18,1,52,1" doraHai="50" who="1" fromWho="1" sc="357,-11,290,32,393,-11,0,0" /><INIT seed="1,2,0,4,2,40" ten="346,322,382,0" oya="1" hai0="58,63,100,122,99,59,67,47,0,84,103,54,125" hai1="83,79,49,116,62,66,106,33,132,88,135,68,37" hai2="89,108,2,96,91,95,64,46,101,133,107,78,42" hai3=""/><U111/><E33/><V72/><F108/><T118/><N who="0" m="31264" /><T51/><D125/><U131/><E116/><V43/><F133/><T113/><D113/><U41/><E131/><V70/><F2/><T130/><D130/><U75/><E106/><V124/><F42/><T65/><D118/><U102/><E102/><V115/><F124/><T52/><D0/><U85/><E37/><V109/><F109/><T114/><D114/><U93/><REACH who="1" step="1"/><E111/><REACH who="1" ten="346,312,382,0" step="2"/><V3/><F101/><T35/><D35/><U112/><E112/><V71/><F107/><T38/><D103/><U98/><E98/><V36/><F96/><T74/><D74/><U50/><E50/><V81/><F72/><T76/><D99/><U121/><N who="1" m="31008" /><U82/><E82/><V45/><F81/><T126/><D100/><U117/><E117/><V1/><F36/><T127/><D126/><U55/><E55/><V39/><F39/><T60/><D127/><U73/><E73/><V44/><F115/><T77/><D38/><U48/><E48/><V92/><F1/><T129/><D129/><U134/><E134/><V90/><F3/><T123/><N who="0" m="31520" /><T32/><D32/><U61/><E61/><V34/><F34/><T57/><D84/><U128/><E128/><RYUUKYOKU ba="2,1" sc="346,10,312,10,382,-20,0,0" hai0="47,51,52,54,57,58,59,60,63,65,67,76,77" hai1="41,49,62,66,68,75,79,83,85,88,93,132,135" /><INIT seed="1,3,1,2,0,58" ten="356,322,362,0" oya="1" hai0="82,131,41,89,39,61,40,133,70,73,96,3,79" hai1="59,128,68,101,127,80,50,107,108,88,69,43,135" hai2="56,90,54,60,38,102,114,49,34,134,110,109,93" hai3=""/><U86/><E127/><V66/><F34/><T119/><D133/><U115/><E115/><V99/><F38/><T48/><D131/><U87/><E128/><V32/><F32/><T123/><N who="0" m="31520" /><T67/><D119/><U71/><E135/><V65/><F134/><T45/><D3/><U104/><E108/><V103/><F114/><T129/><D129/><U130/><E130/><V0/><F0/><T36/><D41/><U44/><E101/><V83/><F65/><T77/><D79/><U111/><E111/><N who="2" m="42507" /><F83/><T98/><REACH who="0" step="1"/><D89/><REACH who="0" ten="346,322,362,0" step="2"/><U92/><REACH who="1" step="1"/><E59/><AGARI ba="3,2" hai="49,54,56,59,60,66,90,93,99,102,103" m="42507" machi="59" ten="30,2000,0" yaku="14,1,52,1" doraHai="58" who="2" fromWho="1" sc="346,0,322,-26,362,46,0,0" /><INIT seed="2,0,0,5,1,133" ten="346,296,408,0" oya="2" hai0="106,111,80,2,72,98,84,107,54,77,81,32,74" hai1="61,91,134,48,42,132,75,83,44,78,131,66,127" hai2="89,36,73,116,87,121,130,129,123,119,90,38,69" hai3=""/><V3/><N who="2" m="31008" /><V40/><N who="2" m="31520" /><V135/><F135/><N who="1" m="51753" /><E131/><N who="2" m="50187" /><F69/><T85/><D111/><U86/><E127/><V68/><F68/><T39/><D39/><N who="2" m="14890" /><F73/><N who="0" m="28266" /><D54/><U118/><E118/><N who="2" m="45099" /><F40/><T50/><D50/><U125/><E125/><V55/><F3/><T124/><D124/><U67/><E61/><V37/><N who="2" m="14898" /><V126/><DORA hai="114" /><F126/><T112/><D2/><U34/><E34/><V47/><F87/><T128/><D32/><U79/><E79/><V88/><F55/><T95/><D128/><U104/><E104/><V43/><F43/><T101/><D112/><U117/><E117/><V58/><F58/><T97/><D97/><U71/><E71/><V65/><F47/><T51/><D51/><U94/><AGARI ba="0,0" hai="42,44,48,66,67,75,78,83,86,91,94" m="51753" machi="94" ten="30,800,0" yaku="20,1" doraHai="133,114" who="1" fromWho="1" sc="346,-3,296,8,408,-5,0,0" /><INIT seed="4,0,0,5,4,56" ten="343,304,403,0" oya="0" hai0="72,36,86,111,116,122,100,115,124,33,90,81,120" hai1="48,83,73,69,79,134,95,130,118,101,60,57,76" hai2="125,84,119,40,96,52,92,53,35,61,127,71,91" hai3=""/><T82/><N who="0" m="30752" /><T67/><N who="0" m="31264" /><T59/><D115/><U74/><E118/><V2/><F35/><T135/><D116/><U65/><E134/><V32/><F2/><T38/><D135/><U129/><E95/><V3/><F3/><T103/><D33/><U62/><E101/><V114/><F114/><T113/><D113/><U109/><E48/><V78/><F119/><T112/><D112/><U39/><E39/><V55/><F40/><T46/><D111/><U123/><N who="1" m="31520" /><U75/><E109/><V105/><F32/><T68/><D68/><U106/><E106/><V0/><F0/><T41/><D36/><U50/><E50/><V98/><F105/><T104/><D104/><U87/><REACH who="1" step="1"/><E79/><REACH who="1" ten="343,294,403,0" step="2"/><V42/><F78/><T85/><D103/><U107/><E107/><V121/><N who="2" m="31008" /><V133/><F133/><T44/><D100/><U126/><E126/><N who="2" m="48139" /><F42/><T58/><D124/><U51/><E51/><V66/><AGARI ba="0,1" hai="52,53,55,61,66,71,84,91,92,96,98" m="48139,31008" machi="66" ten="40,6000,1" yaku="18,1,52,2,54,1" doraHai="56" who="2" fromWho="2" sc="343,-40,294,-20,403,70,0,0" /><INIT seed="5,0,0,4,1,49" ten="303,274,473,0" oya="1" hai0="84,118,40,34,73,83,119,97,108,59,71,111,32" hai1="64,82,61,62,42,92,121,80,55,93,2,133,78" hai2="125,44,68,120,104,127,129,0,35,117,74,43,98" hai3=""/><U56/><N who="1" m="31008" /><U46/><E2/><V75/><F98/><T38/><D73/><U126/><E133/><V77/><F44/><T53/><D71/><U45/><E126/><V51/><F51/><T95/><D38/><U99/><E92/><V114/><F43/><T52/><D40/><U60/><E80/><V103/><F103/><T69/><D59/><U89/><E42/><V50/><F50/><T54/><D69/><U128/><E128/><V57/><F77/><T85/><D83/><U131/><E131/><V115/><F57/><T135/><D135/><U3/><E3/><V107/><N who="2" m="30752" /><V112/><F129/><T39/><D39/><U102/><E102/><V48/><F68/><T81/><D81/><U36/><E36/><V123/><N who="2" m="31520" /><V63/><F0/><T72/><D72/><U101/><E101/><V94/><F74/><T66/><D66/><U47/><REACH who="1" step="1"/><E64/><REACH who="1" ten="303,264,473,0" step="2"/><V88/><F127/><T86/><D95/><U91/><E91/><V70/><F94/><T33/><REACH who="0" step="1"/><D97/><REACH who="0" ten="293,264,473,0" step="2"/><U134/><E134/><V105/><F125/><T58/><D58/><U124/><E124/><V76/><F70/><T122/><N who="0" m="31264" /><T116/><AGARI ba="0,2" hai="32,33,34,52,53,54,84,85,86,108,111,116,118,119" m="31264" machi="116" ten="50,24000,5" yakuman="40" doraHai="49" doraHaiUra="113" who="0" fromWho="0" sc="293,260,264,-160,473,-80,0,0" /><INIT seed="6,0,0,4,1,49" ten="553,104,393,0" oya="2" hai0="3,2,99,44,37,116,77,120,90,123,89,105,113" hai1="97,80,48,50,124,71,75,85,130,122,61,42,41" hai2="82,100,92,58,126,76,102,111,86,96,109,114,119" hai3=""/><V34/><F34/><T81/><N who="0" m="30752" /><T132/><N who="0" m="31520" /><T70/><D70/><U131/><E61/><V39/><F119/><T67/><D116/><U95/><E85/><V68/><F68/><T101/><D67/><U35/><E80/><V88/><F126/><T62/><D62/><U33/><E95/><V110/><F39/><T56/><D56/><U84/><E97/><V107/><F114/><T118/><D118/><U125/><E84/><V117/><F117/><T93/><D132/><U69/><REACH who="1" step="1"/><E75/><REACH who="1" ten="553,94,393,0" step="2"/><V66/><F107/><T87/><D105/><U64/><E64/><V60/><AGARI ba="0,1" hai="58,60,66,76,82,86,88,92,96,100,102,109,110,111" machi="60" ten="40,5200,0" yaku="0,1,10,1,54,1" doraHai="49" who="2" fromWho="2" sc="553,-26,94,-26,393,62,0,0" /><INIT seed="6,1,0,5,0,0" ten="527,68,455,0" oya="2" hai0="1,88,72,75,130,122,38,48,108,68,50,126,37" hai1="43,83,77,101,121,93,114,78,49,32,107,124,87" hai2="54,118,135,62,58,97,69,2,96,98,63,115,33" hai3=""/><V104/><F2/><T116/><RYUUKYOKU type="yao9" ba="1,0" sc="527,0,68,0,455,0,0,0" hai0="1,37,38,48,50,68,72,75,88,108,116,122,126,130" /><INIT seed="6,2,0,4,0,76" ten="527,68,455,0" oya="2" hai0="57,78,97,89,58,56,71,63,113,115,50,3,82" hai1="131,60,133,37,38,47,74,105,84,59,69,108,44" hai2="101,55,40,87,35,112,91,36,43,61,128,49,103" hai3=""/><V53/><F35/><T88/><D3/><U48/><E84/><V99/><F112/><N who="0" m="43082" /><D50/><U95/><E95/><V34/><F34/><T94/><D71/><U2/><E48/><V107/><F103/><T132/><D132/><U123/><E59/><V116/><F116/><T125/><D125/><U90/><E60/><V79/><F128/><T111/><D111/><U122/><E47/><V73/><F36/><T92/><D63/><U134/><E44/><V104/><F104/><T126/><D126/><U118/><E90/><N who="0" m="34921" /><D97/><U33/><N who="1" m="31264" /><U42/><E42/><N who="2" m="15915" /><F61/><T45/><D45/><U64/><E64/><V52/><F49/><T130/><D130/><U109/><E109/><V70/><F70/><T117/><D117/><U100/><E100/><V62/><F62/><T110/><D110/><U67/><E67/><V75/><F79/><T86/><AGARI ba="2,0" hai="56,57,58,78,82,86,92,94" m="34921,43082" machi="86" ten="40,6000,1" yaku="15,1,11,1,52,1,54,1" doraHai="76" who="0" fromWho="0" sc="527,64,68,-22,455,-42,0,0" owari="591,54.0,46,-55.0,413,1.0,0,0.0" /></mjloggm>