<mjloggm ver="2.3"><GO type="169" lobby="0"/><UN n0="%EF%BC%BC%28%EF%BC%BE%6F%EF%BC%BE%29%EF%BC%8F%E2%98%85" n1="%6C%65%6F%6E%6C%65%6F%6E" n2="%E3%83%AB%E3%82%A2%E3%82%B4%E3%82%A4%E3%83%95" n3="%E5%A4%A7%E5%92%8C%E7%94%B0%E9%A0%AD%E5%8F%96" dan="17,16,17,18" rate="2224.55,2148.14,2093.76,2227.06" sx="M,M,M,M"/><TAIKYOKU oya="0"/><INIT seed="0,0,0,1,3,81" ten="250,250,250,250" oya="0" hai0="38,102,17,49,89,86,53,62,50,43,101,94,132" hai1="67,23,77,78,65,22,41,80,100,87,63,8,96" hai2="57,105,40,29,9,119,95,111,42,134,28,35,61" hai3="131,79,84,127,133,121,99,1,31,58,60,103,36"/><T73/><D73/><U129/><E129/><V120/><F120/><W11/><G131/><T55/><D132/><U66/><E41/><V24/><F134/><W98/><G36/><T10/><D38/><U25/><E78/><V15/><F105/><W34/><G127/><T83/><D43/><U130/><E130/><V112/><F112/><W90/><G79/><T30/><D30/><U115/><E115/><V7/><F111/><W27/><G121/><T85/><D62/><U52/><E8/><V64/><F119/><W47/><G47/><N who="0" m="27839" /><D17/><U6/><E6/><V122/><F122/><W48/><G48/><T88/><D10/><U92/><REACH who="1" step="1"/><E25/><REACH who="1" ten="250,240,250,250" step="2"/><V14/><F40/><W39/><G133/><T71/><D71/><U82/><E82/><V72/><F42/><W3/><G11/><T113/><D113/><U74/><E74/><V123/><F72/><W54/><G39/><T70/><D70/><U69/><E69/><V114/><F114/><W59/><G27/><T75/><D75/><U0/><E0/><V46/><F123/><W45/><G1/><T106/><D106/><U18/><E18/><V51/><F29/><W26/><G3/><T135/><D135/><U20/><E20/><V2/><F2/><W44/><G31/><T4/><D4/><U19/><E19/><V76/><F7/><W108/><G26/><T16/><D16/><U33/><E33/><V104/><F104/><W68/><G34/><T117/><D117/><U5/><E5/><V107/><F107/><W97/><G68/><T32/><D32/><U13/><E13/><V93/><F14/><RYUUKYOKU ba="0,1" sc="250,15,240,15,250,-15,250,-15" hai0="50,55,83,85,86,88,89,94,101,102" hai1="22,23,52,63,65,66,67,77,80,87,92,96,100" /><INIT seed="0,1,1,1,4,90" ten="265,255,235,235" oya="0" hai0="104,87,111,33,108,46,78,63,12,51,73,21,60" hai1="88,48,7,134,5,9,110,84,126,24,29,85,45" hai2="81,118,68,112,4,72,22,79,74,26,92,115,17" hai3="37,31,11,28,34,125,23,19,67,130,114,10,101"/><T131/><D73/><U116/><E110/><N who="0" m="42025" /><D33/><U35/><E134/><V96/><F118/><W42/><G114/><T98/><D131/><U122/><E126/><V100/><F68/><W3/><G125/><T56/><D56/><U97/><E116/><V66/><F72/><W103/><G130/><T75/><D75/><U30/><E30/><V119/><F119/><W41/><G31/><T95/><D104/><U8/><E122/><V32/><F32/><W52/><G28/><T36/><D36/><U58/><E58/><V39/><F39/><W113/><G37/><T76/><D21/><U15/><E97/><V89/><F4/><W14/><G23/><T94/><D12/><U38/><E38/><V105/><REACH who="2" step="1"/><F66/><REACH who="2" ten="265,255,225,235" step="2"/><W54/><G67/><T120/><D120/><U61/><E7/><V2/><F2/><W71/><G34/><T106/><D63/><U59/><E61/><V49/><F49/><W65/><G3/><T132/><D60/><U50/><E50/><V40/><F40/><W109/><G109/><T133/><D132/><U13/><E35/><V44/><F44/><W16/><G65/><T62/><D62/><U128/><E45/><V127/><F127/><W25/><G71/><T80/><D133/><U123/><E48/><V43/><F43/><W1/><G1/><T135/><D135/><U27/><E128/><V107/><F107/><W69/><G69/><T18/><D78/><U20/><E123/><V0/><F0/><W57/><G57/><T99/><D106/><U70/><E59/><V129/><F129/><W55/><G42/><N who="0" m="25047" /><D18/><U53/><E70/><RYUUKYOKU ba="1,2" sc="265,15,255,-15,225,15,235,-15" hai0="76,80,87,94,95,98,99" hai2="17,22,26,74,79,81,89,92,96,100,105,112,115" /><INIT seed="0,2,2,2,0,78" ten="280,240,240,220" oya="0" hai0="51,46,114,47,26,111,72,84,129,81,28,0,58" hai1="80,12,95,128,19,88,82,55,122,39,2,98,134" hai2="112,94,69,71,31,126,65,3,37,8,48,133,93" hai3="25,40,83,49,15,109,9,10,44,18,121,130,54"/><T32/><D114/><U4/><E122/><V90/><F112/><W107/><G121/><T68/><D68/><U23/><E128/><V115/><F115/><W70/><G130/><T53/><D129/><U30/><E134/><V29/><F37/><W116/><G116/><T16/><D72/><U61/><E39/><V36/><F36/><W75/><G107/><T1/><D111/><U42/><E42/><V127/><F133/><W13/><G70/><N who="2" m="26633" /><F65/><W104/><G104/><T119/><D119/><U125/><E125/><N who="2" m="47627" /><F48/><W105/><G105/><T27/><D1/><U67/><E67/><V5/><F93/><W131/><G109/><T96/><D0/><U7/><E30/><V118/><F118/><W59/><G131/><T22/><REACH who="0" step="1"/><D96/><AGARI ba="2,2" hai="3,5,8,29,31,90,94,96" m="47627,26633" machi="96" ten="30,1000,0" yaku="18,1" doraHai="78" who="2" fromWho="0" sc="280,-16,240,0,240,36,220,0" /><INIT seed="1,0,0,3,1,9" ten="264,240,276,220" oya="1" hai0="36,114,73,53,30,18,41,42,0,87,52,120,34" hai1="69,71,129,92,75,32,19,96,94,86,46,63,81" hai2="1,110,132,70,109,88,11,68,12,59,82,62,95" hai3="101,102,105,60,13,118,78,22,57,65,97,107,135"/><U8/><E32/><V84/><F1/><W21/><G135/><T100/><D73/><U103/><E129/><V112/><F132/><W115/><G115/><T123/><D0/><U99/><E75/><V133/><F133/><W31/><G118/><T26/><D114/><U128/><E128/><V10/><F112/><W93/><G78/><T134/><D134/><U20/><E8/><V2/><F95/><W7/><G102/><T23/><D100/><U35/><E35/><V6/><F59/><W50/><G50/><T5/><D5/><U77/><E46/><V122/><F122/><N who="0" m="46634" /><D87/><U58/><E96/><V44/><F44/><W28/><G7/><T66/><D66/><U117/><E94/><V38/><F38/><W37/><G37/><T98/><D98/><U130/><E117/><V80/><F80/><W56/><G56/><T3/><D3/><U15/><REACH who="1" step="1"/><E130/><REACH who="1" ten="264,230,276,220" step="2"/><V39/><F11/><W76/><G93/><T27/><D36/><U25/><E25/><V104/><F39/><W47/><G97/><T83/><D83/><U119/><E119/><V54/><F2/><W72/><G72/><T125/><D125/><U89/><E89/><V55/><F104/><W40/><G105/><T67/><D42/><U14/><E14/><V124/><F124/><W85/><G107/><T45/><D41/><U43/><E43/><V33/><F33/><W90/><G40/><T116/><D116/><U91/><E91/><V108/><F110/><W4/><G90/><T121/><N who="0" m="46642" /><T79/><DORA hai="64" /><D45/><U113/><E113/><V106/><F106/><W61/><G47/><RYUUKYOKU ba="0,1" sc="264,-10,230,30,276,-10,220,-10" hai1="15,19,20,58,63,69,71,77,81,86,92,99,103" /><INIT seed="1,1,1,5,1,93" ten="254,260,266,210" oya="1" hai0="17,124,75,26,85,102,10,129,119,122,86,96,32" hai1="81,20,95,107,134,54,91,82,117,19,89,132,6" hai2="68,9,69,125,35,112,131,123,16,90,101,105,80" hai3="33,30,130,103,87,92,99,4,59,79,118,46,84"/><U12/><E117/><V29/><F123/><W23/><G118/><T55/><D119/><U24/><E107/><V36/><F36/><W60/><G130/><T67/><D75/><U50/><E6/><V64/><F131/><W76/><G33/><T94/><D129/><U14/><E132/><V120/><F120/><W88/><G4/><T52/><D122/><U56/><E134/><V28/><F80/><N who="1" m="30825" /><E89/><V48/><F48/><W38/><G46/><T43/><D43/><U7/><E7/><V27/><F29/><W109/><G109/><T116/><D116/><U15/><E24/><V83/><F125/><W8/><G8/><T44/><D124/><U5/><E5/><V114/><F64/><N who="3" m="38943" /><G38/><T113/><D67/><U1/><E1/><V115/><F83/><N who="3" m="49279" /><G84/><AGARI ba="1,1" hai="12,14,15,19,20,50,54,56,84,91,95" m="30825" machi="84" ten="30,2900,0" yaku="25,1,8,1" doraHai="93" who="1" fromWho="3" sc="254,0,260,42,266,0,210,-32" /><INIT seed="1,2,0,3,0,68" ten="254,302,266,178" oya="1" hai0="120,12,76,40,94,33,44,66,75,99,22,10,48" hai1="107,52,23,119,116,84,32,38,131,115,80,91,122" hai2="2,124,127,34,88,93,5,6,43,18,128,36,112" hai3="9,8,14,29,50,42,132,105,77,130,104,121,72"/><U79/><E32/><V86/><F34/><W11/><G121/><T103/><D33/><U70/><E115/><V13/><F112/><W45/><G130/><T31/><D120/><U56/><E122/><V61/><F128/><W82/><G29/><T39/><D66/><U123/><E131/><V83/><F61/><W95/><G132/><T67/><D67/><U74/><E123/><V30/><F30/><W60/><G60/><T106/><D75/><U133/><E133/><V134/><F134/><W118/><G118/><T1/><D76/><U101/><E70/><V96/><F2/><W102/><REACH who="3" step="1"/><G14/><REACH who="3" ten="254,302,266,168" step="2"/><T109/><D1/><U19/><E116/><V16/><F124/><W54/><G54/><T81/><D109/><U63/><E119/><V85/><F127/><W7/><G7/><T71/><D71/><U20/><E19/><V49/><F5/><W125/><G125/><T65/><D65/><U97/><REACH who="1" step="1"/><E38/><REACH who="1" ten="254,292,266,168" step="2"/><V113/><F36/><W28/><G28/><T64/><D39/><U100/><E100/><V15/><F113/><W126/><G126/><T57/><D103/><U135/><E135/><V51/><F18/><W58/><G58/><T92/><D57/><U17/><E17/><V26/><F16/><W25/><G25/><T27/><D27/><U90/><E90/><V59/><F88/><W111/><G111/><T46/><D31/><U4/><E4/><V78/><F26/><W69/><G69/><T110/><D110/><U73/><E73/><V55/><F6/><W114/><G114/><T108/><D108/><U41/><E41/><V89/><F89/><RYUUKYOKU ba="2,2" sc="254,-15,292,15,266,-15,168,15" hai1="20,23,52,56,63,74,79,80,84,91,97,101,107" hai3="8,9,11,42,45,50,72,77,82,95,102,104,105" /><INIT seed="1,3,2,4,5,64" ten="239,307,251,183" oya="1" hai0="58,123,98,60,4,113,55,117,14,17,57,56,69" hai1="25,103,11,73,84,88,24,100,87,40,8,116,115" hai2="114,21,91,36,72,46,61,101,26,63,29,53,12" hai3="48,45,119,68,10,54,75,130,99,27,77,86,121"/><U33/><E115/><V129/><F114/><W49/><G121/><T107/><D113/><U70/><E73/><V66/><F129/><W108/><G75/><T19/><D117/><U44/><E116/><V23/><F72/><W106/><G119/><T81/><D123/><U124/><E124/><V122/><F122/><W118/><G118/><T102/><D4/><U134/><E134/><V5/><F101/><N who="1" m="38985" /><E70/><V131/><F131/><W28/><G108/><T2/><D2/><U62/><E33/><V78/><F78/><W79/><G68/><T82/><D19/><U31/><E62/><V38/><F91/><W71/><G71/><T32/><D32/><U96/><E44/><V94/><F94/><W13/><G130/><T65/><REACH who="0" step="1"/><D55/><REACH who="0" ten="229,307,251,183" step="2"/><U43/><E31/><V76/><F53/><W112/><G112/><T125/><D125/><U111/><E111/><V3/><F29/><W126/><G126/><T7/><D7/><U109/><E109/><V41/><F5/><W83/><G28/><T132/><D132/><U92/><E11/><AGARI ba="3,3" hai="11,14,17,56,57,58,60,65,69,81,82,98,102,107" machi="11" ten="40,8000,1" yaku="1,1,52,1,53,3" doraHai="64" doraHaiUra="52" who="0" fromWho="1" sc="229,119,307,-89,251,0,183,0" /><INIT seed="2,0,0,3,0,83" ten="348,218,251,183" oya="2" hai0="113,51,125,93,58,31,89,6,27,103,81,98,55" hai1="10,95,106,14,77,111,15,107,57,40,84,110,4" hai2="65,39,87,100,3,43,2,28,46,24,119,71,35" hai3="80,66,114,59,42,130,45,134,67,85,75,9,38"/><V99/><F119/><W135/><G130/><T25/><D113/><U79/><E40/><V33/><F33/><W7/><G114/><T29/><D125/><U0/><E0/><V34/><F34/><W112/><G112/><T121/><D121/><U21/><E57/><V19/><F19/><W53/><G75/><T52/><D6/><U78/><E21/><V76/><F76/><W48/><G134/><T74/><D55/><U82/><E15/><V17/><F17/><W96/><G96/><T132/><D132/><U54/><E95/><V13/><F13/><W94/><G94/><T47/><D47/><U88/><REACH who="1" step="1"/><E54/><REACH who="1" ten="348,208,251,183" step="2"/><V8/><F2/><W104/><G135/><T120/><D52/><U41/><E41/><V91/><F3/><W18/><G104/><AGARI ba="0,1" hai="4,10,14,77,78,79,82,84,88,104,106,107,110,111" machi="104" ten="40,8000,1" yaku="1,1,52,1,54,1,53,1" doraHai="83" doraHaiUra="86" who="1" fromWho="3" sc="348,0,208,90,251,0,183,-80" /><INIT seed="3,0,0,5,4,42" ten="348,298,251,103" oya="3" hai0="41,120,62,80,115,135,116,15,100,8,14,126,46" hai1="133,64,109,111,95,11,124,47,110,86,96,117,22" hai2="132,58,83,93,101,61,52,0,105,6,27,21,131" hai3="12,71,63,97,73,28,2,49,85,75,78,123,40"/><W118/><G118/><T56/><D120/><U102/><E117/><V70/><F132/><W17/><G2/><T122/><D116/><U92/><E133/><V43/><F131/><W68/><G28/><T66/><D122/><U89/><E124/><V82/><F105/><W104/><G123/><T16/><D135/><U26/><E64/><V19/><F70/><W59/><G85/><T76/><D100/><U60/><E60/><V10/><REACH who="2" step="1"/><F43/><REACH who="2" ten="348,298,241,103" step="2"/><W112/><G68/><T38/><D126/><U34/><E110/><V65/><F65/><W35/><G71/><T103/><D66/><U125/><E109/><V121/><F121/><W90/><G104/><T33/><D41/><U50/><E111/><V31/><F31/><W119/><G119/><T29/><D29/><U25/><E125/><V79/><F79/><W48/><G78/><T74/><D76/><U134/><E134/><V45/><F45/><W107/><G40/><T114/><D46/><U67/><E67/><V32/><F32/><W57/><G35/><T3/><D33/><U87/><E34/><V106/><F106/><W91/><G107/><T4/><D115/><U129/><E129/><V55/><F55/><W81/><G112/><T98/><D114/><U5/><E47/><V20/><F20/><W99/><G57/><T37/><D56/><U72/><E22/><V108/><F108/><W88/><G59/><T7/><D37/><U54/><E54/><V23/><F23/><W84/><G73/><T44/><D38/><U77/><E72/><V53/><F53/><W9/><G75/><T127/><D74/><RYUUKYOKU ba="0,1" sc="348,-10,298,-10,241,30,103,-10" hai2="0,6,10,19,21,27,52,58,61,82,83,93,101" /><INIT seed="4,1,1,5,5,39" ten="338,288,271,93" oya="0" hai0="36,21,117,73,130,18,78,37,76,132,92,110,4" hai1="43,74,80,91,12,79,20,67,111,13,118,14,3" hai2="68,84,113,95,66,70,6,46,99,101,85,96,63" hai3="0,114,124,49,58,45,59,57,15,115,54,109,60"/><T135/><D117/><U61/><E118/><V50/><F113/><N who="3" m="43019" /><G0/><T126/><D4/><U121/><E111/><V107/><F70/><W69/><G15/><T53/><D110/><U41/><E121/><V35/><F6/><W127/><G109/><T11/><D11/><U128/><E3/><V122/><F122/><W94/><G94/><T120/><D120/><U82/><E128/><V86/><F35/><W24/><G24/><T88/><D53/><U52/><E20/><V44/><REACH who="2" step="1"/><F50/><REACH who="2" ten="338,288,261,93" step="2"/><W104/><G104/><T77/><D130/><U93/><E82/><V34/><F34/><W62/><G69/><T75/><D37/><U100/><E100/><AGARI ba="1,2" hai="44,46,63,66,68,84,85,86,95,96,99,100,101,107" machi="100" ten="40,1300,0" yaku="1,1,53,0" doraHai="39" doraHaiUra="23" who="2" fromWho="1" sc="338,0,288,-16,261,36,93,0" /><INIT seed="5,0,0,4,3,134" ten="338,272,297,93" oya="1" hai0="45,118,77,83,65,22,24,79,32,128,69,27,18" hai1="70,11,132,122,9,72,6,112,13,64,46,55,86" hai2="66,42,2,89,90,23,8,36,4,110,63,111,81" hai3="91,93,68,124,10,121,5,75,108,37,40,28,29"/><U98/><E122/><V114/><F114/><W107/><G108/><T56/><D69/><U16/><E72/><V59/><F89/><W129/><G68/><T117/><D79/><U35/><E35/><V123/><F123/><W87/><G129/><T106/><D106/><U105/><E112/><V49/><F49/><W3/><G121/><T92/><D128/><U21/><E132/><V94/><F81/><W109/><G109/><T20/><D32/><U84/><E70/><V127/><F127/><W67/><G67/><T135/><D92/><U1/><E64/><V7/><F7/><W133/><G107/><T17/><D135/><U43/><E55/><V73/><F23/><W14/><G133/><T53/><D45/><U102/><REACH who="1" step="1"/><E11/><REACH who="1" ten="338,262,297,93" step="2"/><V80/><F73/><W25/><G75/><T38/><D65/><U104/><E104/><V103/><F66/><W120/><G120/><T74/><D38/><AGARI ba="0,1" hai="1,6,9,13,16,21,38,43,46,84,86,98,102,105" machi="38" ten="30,5800,0" yaku="1,1,7,1,54,1,53,0" doraHai="134" doraHaiUra="47" who="1" fromWho="0" sc="338,-58,262,68,297,0,93,0" /><INIT seed="5,1,0,5,0,86" ten="280,330,297,93" oya="1" hai0="53,38,104,49,51,120,130,5,36,106,116,87,134" hai1="123,42,121,92,22,67,58,18,90,19,124,68,91" hai2="33,23,24,69,11,73,12,20,79,2,83,93,96" hai3="109,117,74,10,34,108,28,35,54,70,17,132,99"/><U44/><E68/><V81/><F69/><W135/><G74/><T13/><D116/><U41/><E124/><V85/><F2/><W66/><G54/><T61/><D134/><N who="3" m="51241" /><G66/><T3/><D130/><U98/><E19/><V89/><F24/><N who="3" m="18695" /><G99/><T84/><D3/><U0/><E0/><V114/><F33/><W115/><G70/><T9/><D120/><U97/><E121/><V56/><F114/><W133/><N who="3" m="51249" /><W65/><DORA hai="107" /><G65/><T40/><D61/><N who="1" m="38327" /><E44/><V30/><F30/><W37/><G37/><T101/><D40/><N who="1" m="15467" /><E123/><V1/><F1/><W27/><G115/><T32/><D32/><U25/><E98/><V64/><F64/><W78/><G78/><T29/><D29/><U6/><E6/><V128/><F56/><W94/><G35/><T102/><D5/><U48/><E48/><V80/><F73/><W55/><G55/><T112/><D53/><U113/><E113/><V26/><F79/><W50/><G50/><T76/><D76/><U43/><N who="1" m="15475" /><U125/><DORA hai="131" /><E125/><V127/><F127/><W52/><G117/><T88/><D112/><U21/><E97/><V62/><F96/><W111/><G52/><T60/><D60/><U59/><E59/><V110/><F62/><W45/><G45/><T122/><D122/><U15/><E92/><V100/><F93/><W105/><G94/><T4/><D38/><U39/><E39/><V46/><F46/><W72/><G72/><T118/><D36/><U75/><E75/><V16/><F128/><W7/><G105/><T14/><D118/><U82/><E82/><V126/><F81/><RYUUKYOKU ba="1,0" sc="280,-10,330,30,297,-10,93,-10" hai1="15,18,21,22,25,90,91" /><INIT seed="5,2,0,1,2,11" ten="270,360,287,83" oya="1" hai0="93,14,45,49,87,107,81,76,97,102,52,55,80" hai1="33,85,4,62,124,2,101,110,111,39,8,70,120" hai2="121,44,99,96,7,26,1,119,23,95,63,134,114" hai3="113,109,118,86,89,122,3,58,108,103,133,106,5"/><U73/><E120/><V72/><F121/><W116/><G122/><T46/><D107/><U130/><E73/><V9/><F119/><N who="3" m="45611" /><G3/><T6/><D81/><U104/><E39/><V16/><F134/><W90/><G5/><T53/><D46/><U71/><E130/><V29/><F114/><W128/><G58/><T83/><D83/><U84/><E124/><V17/><F72/><W67/><G67/><T131/><D131/><U18/><E18/><V115/><F115/><W117/><N who="3" m="45619" /><W48/><DORA hai="125" /><G48/><T66/><D66/><N who="1" m="41303" /><E71/><V69/><F96/><N who="3" m="61799" /><G113/><T51/><D51/><U132/><E4/><V35/><F35/><W94/><G133/><T127/><D127/><U10/><E132/><V22/><F44/><W126/><G126/><T24/><D24/><U31/><E2/><V135/><F135/><W19/><G19/><T30/><D30/><U40/><E31/><V15/><F69/><W68/><G68/><T41/><D55/><U64/><E64/><V92/><F63/><W91/><G128/><T129/><D129/><U82/><E33/><V88/><F1/><W123/><G123/><T38/><D38/><U65/><E65/><V54/><F54/><W47/><G47/><T98/><D98/><U59/><E59/><V27/><F7/><W42/><G42/><T74/><D74/><U13/><E40/><V100/><F100/><W75/><G75/><T56/><D56/><U20/><E101/><V25/><F25/><W79/><G79/><T36/><D36/><U28/><E28/><V105/><F105/><W0/><G0/><T50/><D50/><RYUUKYOKU ba="2,0" sc="270,10,360,-30,287,10,83,10" hai0="6,14,41,45,49,52,53,76,80,87,93,97,102" hai2="9,15,16,17,22,23,26,27,29,88,92,95,99" hai3="86,89,90,91,94,108,109" /><INIT seed="6,3,0,5,3,8" ten="280,330,297,93" oya="2" hai0="112,0,60,41,39,128,119,122,58,35,75,48,27" hai1="110,55,88,13,104,4,81,38,132,67,18,103,66" hai2="22,116,6,3,78,127,10,21,93,80,51,29,105" hai3="115,97,5,33,69,84,120,114,125,96,100,53,99"/><V17/><F116/><W46/><G69/><T101/><D101/><U45/><E110/><V9/><F105/><W131/><G33/><T49/><D27/><U129/><E132/><V2/><F93/><W23/><G120/><T82/><D82/><U36/><E4/><N who="2" m="1183" /><F80/><W102/><G125/><T106/><D60/><U76/><E38/><V126/><F78/><W107/><G131/><T123/><D49/><N who="1" m="29103" /><E36/><V7/><F51/><W44/><G5/><T61/><D58/><U90/><E104/><V16/><F7/><W89/><G23/><N who="2" m="8713" /><F29/><W130/><G130/><T86/><D48/><U109/><E103/><V42/><F42/><W94/><G53/><T63/><D41/><U64/><E129/><V50/><F50/><W20/><G44/><T37/><D39/><U83/><E83/><V12/><F2/><W73/><G46/><T52/><D52/><U54/><E54/><V79/><F79/><W133/><G73/><T56/><D63/><U134/><E76/><V74/><F74/><W111/><G102/><T68/><D61/><U24/><E81/><V113/><F113/><W124/><G100/><T31/><D31/><U98/><E90/><V14/><F6/><W32/><G107/><T135/><D56/><U71/><E88/><V70/><F70/><W15/><G89/><T87/><D86/><U25/><E71/><V43/><F43/><W62/><G84/><T57/><D87/><U108/><E98/><V121/><F121/><W91/><G97/><T117/><D57/><U85/><E85/><V77/><F77/><W28/><G99/><T11/><D122/><RYUUKYOKU ba="3,0" sc="280,-10,330,-10,297,30,93,-10" hai2="10,12,14,16,17,126,127" /><INIT seed="6,4,0,5,4,115" ten="270,320,327,83" oya="2" hai0="9,83,74,135,129,73,70,76,12,61,45,102,58" hai1="38,114,18,120,52,98,57,56,32,92,36,84,117" hai2="5,96,41,17,15,42,101,95,6,81,79,131,105" hai3="80,112,54,91,97,31,1,72,107,132,14,51,99"/><V71/><F71/><W24/><G1/><T106/><D135/><U49/><E32/><V85/><F131/><W4/><G132/><T39/><D70/><U48/><E114/><V34/><F34/><W108/><G108/><T103/><D74/><U11/><E120/><V75/><F41/><W60/><G112/><T33/><D33/><U19/><E117/><V104/><F42/><W2/><G2/><T55/><D106/><U78/><E38/><V64/><F64/><W134/><G107/><T47/><D129/><U133/><E36/><V66/><F66/><W126/><G126/><T20/><D20/><U22/><E133/><V93/><F93/><W82/><G60/><T69/><D69/><U86/><E11/><N who="2" m="6399" /><F104/><W130/><G130/><T124/><D124/><U89/><E78/><V121/><F121/><W27/><G72/><T28/><D28/><U128/><E128/><V62/><F62/><W88/><G134/><T29/><D29/><U65/><E19/><V87/><F87/><N who="1" m="33321" /><E65/><V3/><F3/><W113/><G113/><T123/><D123/><U111/><E111/><V90/><AGARI ba="4,0" hai="5,6,75,79,81,85,90,95,96,101,105" m="6399" machi="90" ten="30,1500,0" yaku="24,1" doraHai="115" who="2" fromWho="2" sc="270,-9,320,-9,327,27,83,-9" /><INIT seed="6,5,0,2,0,56" ten="261,311,354,74" oya="2" hai0="134,40,37,21,23,76,113,108,82,123,50,20,126" hai1="41,77,4,0,71,45,58,34,85,118,67,6,102" hai2="99,121,68,64,116,36,111,49,86,75,127,93,48" hai3="19,79,35,95,14,98,28,60,97,17,55,32,74"/><V33/><F121/><W18/><G14/><T72/><D108/><U115/><E118/><V47/><F116/><W8/><G8/><T91/><D123/><U61/><E115/><V124/><F75/><W107/><G107/><T104/><D37/><U63/><E34/><V125/><F33/><W128/><G128/><T103/><D113/><U69/><E102/><V112/><F112/><W7/><G7/><T26/><D134/><U122/><E0/><V12/><F111/><W52/><G74/><T66/><D126/><U22/><E22/><V132/><F132/><W114/><G114/><T24/><D66/><U96/><E96/><V109/><F36/><W13/><G13/><T110/><D110/><U43/><E122/><V39/><F12/><W94/><G19/><T117/><D117/><U81/><E43/><N who="2" m="23039" /><F86/><W30/><REACH who="3" step="1"/><G79/><REACH who="3" ten="261,311,354,64" step="2"/><T25/><D76/><U5/><E5/><V44/><F124/><W133/><G133/><T73/><D73/><U87/><E6/><V100/><F125/><W31/><G31/><T89/><D72/><U70/><E4/><V80/><F127/><W10/><G10/><T29/><D29/><U120/><E120/><V42/><F109/><W59/><G59/><T131/><D131/><U38/><E70/><V88/><F68/><W119/><G119/><T101/><D104/><U27/><E71/><V9/><F9/><W135/><G135/><T16/><D16/><U92/><E69/><V54/><F100/><W11/><G11/><T3/><D103/><U130/><E130/><V2/><F2/><W57/><G57/><T46/><D3/><RYUUKYOKU ba="5,1" sc="261,-10,311,-10,354,-10,64,30" hai3="17,18,28,30,32,35,52,55,60,94,95,97,98" /><INIT seed="7,6,1,1,0,41" ten="251,301,344,94" oya="3" hai0="112,103,93,28,62,63,133,16,34,27,23,128,120" hai1="111,48,95,66,3,104,67,114,73,122,35,123,53" hai2="43,39,81,8,12,11,98,83,51,30,135,90,40" hai3="55,105,26,9,113,107,94,99,96,115,19,110,132"/><W2/><G132/><T75/><D120/><U124/><E111/><V57/><F135/><W20/><G110/><T58/><D133/><U60/><E104/><V106/><F106/><W14/><G2/><T38/><D75/><U119/><E73/><V76/><F30/><W92/><G55/><T129/><D38/><U33/><E3/><V25/><F25/><W4/><G113/><T77/><D77/><U13/><E35/><V101/><F90/><W29/><G115/><T79/><D79/><U80/><E33/><V24/><F24/><W125/><G125/><T17/><D112/><U130/><E114/><V121/><F51/><W118/><G118/><T85/><D63/><U109/><E109/><V70/><F57/><W42/><G42/><T72/><D72/><U69/><E124/><V10/><F70/><W37/><G37/><T84/><D84/><U54/><E130/><N who="0" m="50281" /><D34/><U1/><E69/><V64/><F64/><W6/><G105/><T21/><D23/><U46/><E119/><V87/><F121/><W97/><REACH who="3" step="1"/><G107/><REACH who="3" ten="251,301,344,84" step="2"/><T5/><D5/><AGARI ba="6,2" hai="4,5,6,9,14,19,20,26,29,92,94,96,97,99" machi="5" ten="40,7700,0" yaku="1,1,2,1,8,1,53,0" doraHai="41" doraHaiUra="82" who="3" fromWho="0" sc="251,-95,301,0,344,0,84,115" /><INIT seed="7,7,0,2,0,121" ten="156,301,344,199" oya="3" hai0="25,99,41,47,3,28,56,0,74,35,42,110,17" hai1="83,18,95,76,77,79,69,132,63,114,53,123,46" hai2="43,55,29,8,81,49,80,9,96,90,13,135,22" hai3="72,85,62,16,20,66,120,122,61,131,30,21,130"/><W23/><G72/><T50/><D74/><U107/><E123/><V34/><F34/><W118/><G118/><T103/><D110/><U2/><E107/><V4/><F43/><W12/><G85/><T67/><D42/><U24/><E2/><V52/><F135/><W27/><G61/><T54/><D67/><U37/><E132/><V39/><F39/><W97/><G97/><T91/><D17/><U58/><E114/><V45/><F55/><W133/><G133/><T7/><D7/><U32/><E69/><V48/><F48/><W87/><G87/><T112/><D91/><U104/><E104/><V129/><F9/><N who="3" m="6159" /><G62/><T44/><D44/><U86/><E37/><V19/><F129/><N who="3" m="49163" /><G66/><T10/><D10/><U40/><E95/><N who="2" m="56439" /><F29/><W6/><G6/><T116/><D112/><U125/><E86/><V78/><F78/><W64/><G64/><T88/><D116/><U82/><E79/><V105/><F105/><W106/><G106/><T14/><D14/><AGARI ba="7,0" hai="4,8,13,14,19,22,45,49,52,80,81" m="56439" machi="14" ten="30,2000,0" yaku="8,1,54,1" doraHai="121" who="2" fromWho="0" sc="156,-41,301,0,344,41,199,0" owari="115,-38.0,301,10.0,385,48.0,199,-20.0" /></mjloggm>