<mjloggm ver="2.3"><GO type="185" lobby="0"/><UN n0="%41%74%72%69%61" n1="%E3%82%86%E3%81%8D%E3%81%86%E3%81%95%E3%81%8E%E2%98%86" n2="%E3%81%BB%E3%81%BC%E9%9D%A2%E5%89%8D" n3="" dan="17,16,16,0" rate="2272.90,2188.08,2095.37,1500.00" sx="F,F,M,C"/><TAIKYOKU oya="0"/><INIT seed="0,0,0,5,0,83" ten="350,350,350,0" oya="0" hai0="102,59,54,44,66,113,132,135,103,55,45,92,69" hai1="84,64,118,33,87,1,41,117,35,43,98,123,126" hai2="95,62,85,116,82,68,88,106,114,50,2,56,61" hai3=""/><T108/><D113/><U58/><N who="1" m="31520" /><U78/><E126/><V67/><F2/><T71/><D92/><U0/><E98/><V101/><F114/><T57/><REACH who="0" step="1"/><D66/><REACH who="0" ten="340,350,350,0" step="2"/><U51/><E64/><V100/><F116/><T130/><D130/><U34/><E34/><V38/><F106/><T112/><D112/><U109/><E33/><V125/><F125/><T124/><D124/><U73/><E35/><V46/><F67/><T32/><D32/><U131/><E131/><V81/><F68/><T36/><D36/><U76/><E51/><V99/><F38/><T65/><D65/><U63/><E63/><V107/><F101/><T105/><D105/><U122/><N who="1" m="31264" /><U128/><E128/><V96/><F82/><T70/><D70/><U104/><E104/><V39/><F39/><T86/><D86/><U89/><E73/><V119/><F119/><T47/><D47/><U49/><E49/><V134/><F134/><T120/><N who="0" m="30752" /><T42/><D42/><U110/><E58/><V91/><REACH who="2" step="1"/><F56/><REACH who="2" ten="340,350,340,0" step="2"/><T52/><D52/><AGARI ba="0,2" hai="46,50,52,61,62,81,85,88,91,95,96,99,100,107" machi="52" ten="30,12000,2" yaku="1,1,2,1,7,1,52,1,54,2,53,0" doraHai="83" doraHaiUra="75" who="2" fromWho="0" sc="340,-120,350,0,340,140,0,0" /><INIT seed="1,0,0,2,0,105" ten="220,350,480,0" oya="1" hai0="119,80,78,34,91,47,38,89,56,85,103,44,74" hai1="86,60,132,131,107,68,133,111,118,65,108,84,2" hai2="46,75,1,92,116,77,126,0,83,41,63,94,57" hai3=""/><U43/><E2/><V55/><F126/><T58/><D34/><U72/><E118/><V110/><F110/><N who="1" m="42025" /><E107/><V3/><REACH who="2" step="1"/><F116/><REACH who="2" ten="220,350,470,0" step="2"/><T101/><D119/><U122/><N who="1" m="31264" /><U42/><E131/><V127/><F127/><T113/><D113/><U109/><E109/><V95/><F95/><T69/><D69/><U134/><E84/><V76/><F76/><T104/><D104/><U88/><E72/><V36/><AGARI ba="0,1" hai="0,1,3,36,41,46,55,57,63,75,77,83,92,94" machi="36" ten="30,3000,0" yaku="1,1,0,1,52,1,53,0" doraHai="105" doraHaiUra="129" who="2" fromWho="2" sc="220,-10,350,-20,470,40,0,0" /><INIT seed="2,0,0,5,5,58" ten="210,330,510,0" oya="2" hai0="122,37,48,80,64,42,57,56,46,101,69,74,123" hai1="52,109,83,82,39,103,127,117,85,115,66,98,41" hai2="111,84,104,60,107,38,132,124,81,102,108,87,121" hai3=""/><V100/><N who="2" m="31008" /><V134/><F38/><T129/><N who="0" m="31264" /><T89/><N who="0" m="31520" /><T44/><D129/><U68/><E115/><V77/><F124/><T71/><D101/><N who="2" m="39018" /><F84/><T72/><D89/><U130/><E130/><V65/><F65/><T99/><D99/><U1/><E127/><V106/><F60/><T75/><D80/><U32/><E1/><V61/><F61/><T53/><REACH who="0" step="1"/><D64/><REACH who="0" ten="200,330,510,0" step="2"/><U78/><E83/><V91/><F91/><T47/><D47/><U51/><E98/><V131/><F131/><T86/><D86/><U125/><E103/><V92/><F92/><T35/><D35/><U120/><E32/><V40/><F104/><T55/><D55/><U135/><E125/><V3/><F106/><T36/><D36/><U49/><E39/><V105/><F107/><T93/><D93/><U67/><E67/><V133/><F105/><T54/><D54/><U62/><E120/><V59/><F87/><T50/><D50/><U128/><E49/><V63/><F133/><T33/><D33/><U43/><E135/><V126/><F132/><T70/><AGARI ba="0,1" hai="37,42,44,46,48,53,56,57,69,70,71,72,74,75" m="31520,31264" machi="70" ten="40,6000,1" yaku="1,1,0,1,52,2,53,0" doraHai="58" doraHaiUra="2" who="0" fromWho="0" sc="200,70,330,-20,510,-40,0,0" /><INIT seed="4,0,0,3,1,91" ten="270,310,470,0" oya="0" hai0="58,84,50,33,108,80,76,126,59,42,95,92,64" hai1="90,45,109,120,110,2,63,41,132,34,100,78,115" hai2="67,94,73,61,85,37,39,87,113,128,3,54,131" hai3=""/><T66/><D33/><U38/><E34/><V71/><F113/><T65/><D126/><U48/><N who="1" m="30752" /><U133/><E2/><V123/><F3/><T93/><D108/><U47/><E78/><V35/><F73/><T111/><D111/><N who="1" m="42507" /><E100/><V102/><F35/><T69/><D69/><U51/><E90/><V96/><N who="2" m="31520" /><V36/><REACH who="2" step="1"/><F54/><REACH who="2" ten="270,310,460,0" step="2"/><T129/><D129/><AGARI ba="0,1" hai="36,37,39,61,67,71,85,87,94,96,102,128,129,131" m="31520" machi="129" ten="50,8000,1" yaku="1,1,2,1,19,1,52,2,53,0" doraHai="91" doraHaiUra="43" who="2" fromWho="0" sc="270,-80,310,0,460,90,0,0" /><INIT seed="5,0,0,0,1,104" ten="190,310,550,0" oya="1" hai0="1,40,128,64,76,78,110,33,42,91,69,124,103" hai1="105,132,32,90,44,106,60,118,88,37,102,112,52" hai2="111,83,57,55,54,58,67,75,38,115,65,66,120" hai3=""/><U0/><E0/><V130/><F111/><T61/><D1/><U68/><E32/><V92/><F130/><T35/><D110/><U96/><E118/><V72/><F38/><T133/><D128/><U93/><E132/><V125/><F125/><T87/><D133/><U122/><N who="1" m="31264" /><U81/><E112/><V98/><F115/><T71/><D71/><U47/><E37/><V121/><N who="2" m="30752" /><V73/><N who="2" m="31008" /><V134/><F134/><T89/><D124/><U113/><E113/><V53/><REACH who="2" step="1"/><F83/><REACH who="2" ten="190,310,540,0" step="2"/><T117/><D33/><U46/><E81/><V80/><F80/><T85/><D35/><U39/><E39/><V95/><F95/><T48/><D117/><U129/><E129/><V108/><F108/><T101/><D76/><U100/><E106/><V107/><F107/><T119/><D78/><U56/><E105/><V77/><F77/><T126/><D119/><U123/><N who="1" m="31520" /><U127/><E127/><V94/><F94/><T59/><D126/><U99/><E102/><AGARI ba="0,1" hai="53,54,55,57,58,65,66,67,72,73,75,92,98,102" m="31008,30752" machi="102" ten="50,24000,4" yaku="1,1,29,2,52,5,53,3" doraHai="104" doraHaiUra="63" who="2" fromWho="1" sc="190,0,310,-240,540,250,0,0" /><INIT seed="6,0,0,1,2,38" ten="190,70,790,0" oya="2" hai0="116,83,122,132,96,79,64,124,76,49,109,118,37" hai1="97,60,2,46,135,41,128,53,72,133,104,39,34" hai2="95,88,110,114,57,42,100,3,47,32,54,125,58" hai3=""/><V111/><F114/><T117/><D37/><U81/><E2/><V73/><F125/><T113/><D109/><U0/><E0/><V112/><F112/><T91/><D113/><U123/><N who="1" m="31520" /><U84/><E34/><V92/><F32/><T82/><N who="0" m="31264" /><T130/><D64/><U48/><E128/><V40/><F73/><T75/><D49/><U35/><E35/><V45/><F100/><T1/><D1/><U87/><E60/><V66/><F3/><T90/><D132/><U70/><E70/><V89/><F54/><T65/><D65/><AGARI ba="0,0" hai="40,42,45,47,57,58,65,66,88,89,92,95,110,111" machi="65" ten="25,12000,1" yaku="22,2,52,2,54,1" doraHai="38" who="2" fromWho="0" sc="190,-120,70,0,790,120,0,0" owari="70,-33.0,70,-53.0,910,86.0,0,0.0" /></mjloggm>