<mjloggm ver="2.3"><GO type="169" lobby="0"/><UN n0="%E3%81%8B%E3%81%A5%E3%81%8D%EF%BC%B8%EF%BC%A9" n1="%E7%8B%82%E7%8A%AC" n2="%71%76%30%6F%30%76%70" n3="%6E%79%61%73%75%76%69" dan="16,16,16,18" rate="2102.91,2144.33,2081.04,2203.39" sx="M,M,M,M"/><TAIKYOKU oya="0"/><INIT seed="0,0,0,2,2,67" ten="250,250,250,250" oya="0" hai0="94,89,86,45,131,31,132,41,18,13,10,42,87" hai1="100,81,28,58,62,3,35,77,116,23,59,30,16" hai2="26,37,39,114,74,101,106,96,65,80,72,5,7" hai3="48,46,107,102,130,85,69,70,104,57,50,60,43"/><T133/><D131/><U127/><E127/><V120/><F120/><W17/><G130/><T125/><D125/><U122/><E116/><V83/><F114/><W111/><G111/><T14/><D31/><U71/><E122/><V118/><F118/><W51/><G17/><T90/><D14/><U93/><E3/><V15/><F26/><W47/><G85/><T79/><D79/><U99/><E35/><V124/><F65/><N who="3" m="39055" /><G102/><T55/><D133/><U95/><E95/><V119/><F119/><W123/><G123/><T36/><D132/><U66/><E59/><V52/><F101/><W9/><G9/><T1/><D1/><U92/><E92/><V73/><F96/><W6/><G6/><T121/><D121/><U110/><E58/><V97/><F97/><W78/><G78/><T88/><D89/><U84/><REACH who="1" step="1"/><E110/><REACH who="1" ten="250,240,250,250" step="2"/><V115/><F124/><W117/><G117/><T135/><D135/><U12/><AGARI ba="0,1" hai="12,16,23,28,30,62,66,71,77,81,84,93,99,100" machi="12" ten="20,12000,2" yaku="1,1,2,1,0,1,7,1,52,1,54,1,53,0" doraHai="67" doraHaiUra="44" who="1" fromWho="1" sc="250,-60,240,130,250,-30,250,-30" /><INIT seed="1,0,0,0,1,14" ten="190,370,220,220" oya="1" hai0="78,135,69,79,3,54,122,34,33,89,87,108,46" hai1="88,72,61,21,68,115,28,118,16,18,63,113,96" hai2="111,41,10,71,116,119,97,66,45,105,42,15,1" hai3="124,125,130,91,86,65,27,47,82,76,62,11,102"/><U75/><E118/><V84/><F1/><W114/><G114/><T8/><D69/><U126/><E126/><V13/><F111/><W98/><G130/><T117/><D108/><U134/><E134/><V104/><F84/><W123/><G123/><T4/><D117/><U9/><E68/><V127/><F127/><W93/><G47/><T26/><D135/><U6/><E28/><V43/><F15/><W80/><G11/><T17/><D122/><U57/><E75/><V112/><F112/><W2/><G2/><T109/><D109/><U92/><E72/><V59/><F71/><W103/><G27/><T7/><D34/><U67/><E63/><V90/><F45/><W20/><G20/><T73/><D73/><U120/><E18/><V22/><F22/><W95/><G65/><T60/><D33/><U74/><E74/><V0/><F0/><W83/><G62/><T58/><D46/><U48/><E48/><V52/><F66/><W23/><G23/><T110/><D110/><U99/><E99/><V49/><F105/><W19/><G19/><T25/><D3/><N who="1" m="223" /><E120/><V35/><F35/><W51/><G51/><T81/><D7/><U37/><E37/><V55/><F55/><W70/><G70/><T53/><D53/><U40/><E40/><V100/><REACH who="2" step="1"/><F90/><REACH who="2" ten="190,370,210,220" step="2"/><N who="3" m="55607" /><G125/><T32/><D32/><U29/><E29/><V128/><F128/><W133/><G124/><T38/><D4/><AGARI ba="0,1" hai="4,10,13,41,42,43,49,52,59,97,100,104,116,119" machi="4" ten="40,2600,0" yaku="1,1,54,1,53,0" doraHai="14" doraHaiUra="12" who="2" fromWho="0" sc="190,-26,370,0,210,36,220,0" /><INIT seed="2,0,0,4,0,131" ten="164,370,246,220" oya="2" hai0="42,96,37,124,39,16,69,18,22,71,114,25,110" hai1="49,24,62,117,59,79,81,133,97,89,67,60,129" hai2="101,2,43,27,134,8,83,64,17,107,63,44,41" hai3="14,80,99,116,19,93,113,61,112,21,35,6,88"/><V130/><F130/><W74/><G116/><T119/><D114/><N who="3" m="44137" /><G35/><T66/><D110/><U115/><E117/><V38/><F43/><W7/><G61/><T12/><D119/><U121/><E129/><V3/><F17/><W30/><G30/><T52/><D124/><U132/><E115/><V33/><F83/><W125/><G125/><T29/><D18/><U102/><E89/><V58/><F8/><W51/><G51/><T5/><D5/><U26/><E49/><V108/><F108/><W1/><G1/><T53/><D96/><U34/><E60/><V123/><F58/><W47/><G47/><T128/><D128/><U56/><E56/><V46/><F46/><W0/><G0/><T72/><D72/><N who="1" m="43239" /><E34/><V9/><F9/><W36/><G36/><T32/><D42/><U135/><E121/><V92/><F123/><W13/><G13/><T106/><D106/><AGARI ba="0,0" hai="24,26,59,62,67,97,102,106,132,133,135" m="43239" machi="106" ten="30,7700,0" yaku="20,1,52,3" doraHai="131" who="1" fromWho="0" sc="164,-77,370,77,246,0,220,0" /><INIT seed="3,0,0,1,4,24" ten="87,447,246,220" oya="3" hai0="49,68,59,9,134,0,132,41,91,36,118,31,122" hai1="102,107,26,63,19,38,93,131,39,133,34,97,127" hai2="15,47,14,71,8,51,126,37,85,84,4,81,64" hai3="80,46,135,22,23,40,35,48,114,30,66,112,99"/><W57/><G135/><N who="0" m="51755" /><D68/><U119/><E133/><V115/><F115/><W53/><G66/><T55/><D118/><U27/><E131/><V77/><F37/><W6/><G6/><N who="0" m="1223" /><D91/><U83/><E127/><V11/><F126/><W50/><G112/><T2/><D2/><U87/><E93/><V1/><F71/><W17/><G114/><T45/><D122/><U25/><E34/><V111/><F111/><W79/><G99/><T12/><D12/><U117/><E19/><V121/><F1/><W98/><G98/><T44/><D44/><U69/><E63/><V95/><F64/><W108/><G108/><T52/><D55/><U61/><E61/><V129/><F129/><W43/><G43/><T10/><D10/><U82/><E69/><V65/><F65/><W96/><G96/><T32/><D32/><U113/><E113/><V20/><F20/><W70/><G70/><T3/><D3/><U67/><E67/><V92/><F85/><N who="3" m="48287" /><G23/><T88/><D88/><N who="1" m="51319" /><E83/><V62/><F62/><W33/><G35/><T125/><D125/><U60/><E60/><V123/><F121/><W58/><G33/><T29/><AGARI ba="0,0" hai="29,31,36,41,45,49,52,59" m="1223,51755" machi="29" ten="30,7900,0" yaku="20,1,52,2,54,1" doraHai="24" who="0" fromWho="0" sc="87,79,447,-20,246,-20,220,-39" /><INIT seed="4,0,0,0,1,11" ten="166,427,226,181" oya="0" hai0="93,36,28,21,45,94,68,59,89,127,61,134,30" hai1="66,77,2,52,48,49,98,105,133,130,106,1,15" hai2="29,55,26,90,124,44,71,24,41,75,132,112,4" hai3="126,8,83,128,67,121,85,54,82,95,40,42,81"/><T25/><D68/><U65/><E77/><V22/><F75/><W84/><G126/><T7/><D134/><U9/><E133/><V12/><F124/><W116/><G116/><T27/><D127/><U62/><E130/><V110/><F110/><W73/><G73/><T97/><D7/><U123/><E123/><V60/><F112/><W120/><G67/><T51/><D36/><U58/><E66/><V47/><F132/><W38/><G128/><T13/><D94/><U10/><E49/><V19/><F4/><W43/><G38/><T70/><D70/><U114/><E114/><V109/><F26/><W104/><G104/><T111/><D111/><U131/><E131/><V113/><F113/><W72/><G72/><T50/><D45/><U34/><E34/><V56/><F71/><W100/><G54/><T108/><D108/><U76/><E76/><V0/><F0/><W78/><G8/><T20/><REACH who="0" step="1"/><D13/><REACH who="0" ten="156,427,226,181" step="2"/><U102/><E106/><V17/><F109/><W87/><G87/><T129/><D129/><U63/><E15/><V6/><F47/><W86/><G78/><T118/><D118/><U5/><E1/><V125/><F125/><W117/><REACH who="3" step="1"/><G117/><REACH who="3" ten="156,427,226,171" step="2"/><T37/><D37/><U115/><E115/><V119/><F119/><W122/><G122/><T91/><D91/><U135/><E135/><V103/><F90/><W80/><G80/><T69/><D69/><U88/><E88/><V16/><F103/><W46/><G46/><T33/><D33/><U32/><E32/><V3/><F44/><W14/><G14/><T99/><D99/><AGARI ba="0,2" hai="40,42,43,81,82,83,84,85,86,95,99,100,120,121" machi="99" ten="50,6400,0" yaku="1,1,29,2,53,0" doraHai="11" doraHaiUra="31" who="3" fromWho="0" sc="156,-64,427,0,226,0,171,84" /><INIT seed="5,0,0,5,2,73" ten="92,427,226,255" oya="1" hai0="7,116,1,74,106,20,28,93,67,134,33,23,102" hai1="94,18,115,80,86,79,129,49,9,64,75,4,77" hai2="15,99,123,68,44,56,83,78,126,34,76,95,114" hai3="96,55,27,70,29,90,31,91,0,122,105,113,11"/><U98/><E115/><V87/><F68/><W17/><G122/><T35/><D67/><U39/><E39/><V10/><F34/><W97/><G70/><T89/><D74/><U46/><E129/><V119/><F119/><W30/><G113/><T51/><D134/><U24/><E64/><V12/><F123/><W58/><G0/><T124/><D124/><U85/><E24/><V8/><F126/><W19/><G105/><T109/><D109/><U66/><E66/><V37/><F114/><W84/><G27/><T42/><D106/><U22/><E22/><V5/><F56/><W50/><G91/><T88/><D102/><U6/><E18/><N who="3" m="6666" /><G11/><T72/><D72/><U41/><E9/><V48/><F76/><N who="1" m="29257" /><E75/><V43/><F37/><W13/><G13/><N who="2" m="5193" /><F5/><N who="1" m="2153" /><E80/><AGARI ba="0,0" hai="29,30,31,50,55,58,80,84,90,96,97" m="6666" machi="80" ten="30,1000,0" yaku="8,1" doraHai="73" who="3" fromWho="1" sc="92,0,427,-10,226,0,255,10" /><INIT seed="6,0,0,4,5,66" ten="92,417,226,265" oya="2" hai0="9,73,6,43,35,108,120,74,83,118,125,132,55" hai1="10,27,25,64,67,133,61,92,72,114,104,15,102" hai2="22,32,109,40,14,96,135,124,98,36,81,58,51" hai3="121,56,30,24,100,75,103,37,50,107,63,95,86"/><V131/><F32/><W53/><G75/><T82/><D35/><U42/><E104/><V29/><F36/><W12/><G37/><T52/><D43/><U123/><E72/><V77/><F135/><W87/><G107/><T11/><D108/><U62/><E114/><V44/><F109/><W57/><G121/><T5/><D132/><U70/><E42/><V84/><F131/><W38/><G38/><T105/><D105/><U119/><E119/><V78/><F78/><W76/><G12/><T21/><D21/><U90/><E102/><V79/><F79/><W2/><G2/><T101/><D101/><U97/><E123/><V127/><F58/><W94/><G95/><T91/><D91/><U3/><E3/><V128/><F128/><W71/><G71/><T93/><D93/><U48/><E48/><V7/><F29/><W116/><G116/><T85/><D85/><N who="3" m="32265" /><G94/><T126/><REACH who="0" step="1"/><D118/><REACH who="0" ten="82,417,226,265" step="2"/><U60/><E133/><V115/><F115/><W4/><G100/><T88/><D88/><U46/><E90/><V26/><F22/><W41/><G103/><T31/><D31/><U28/><E92/><V16/><F26/><W39/><G24/><T129/><D129/><U18/><E25/><V68/><F124/><W130/><G30/><T59/><D59/><U0/><E28/><V99/><F127/><W54/><G130/><T117/><D117/><U45/><E27/><V122/><F122/><AGARI ba="0,1" hai="5,6,9,11,52,55,73,74,82,83,120,122,125,126" machi="122" ten="25,12000,2" yaku="1,1,22,2,54,1,53,2" doraHai="66" doraHaiUra="49" who="0" fromWho="2" sc="82,130,417,0,226,-120,265,0" /><INIT seed="7,0,0,1,2,111" ten="212,417,106,265" oya="3" hai0="31,49,17,113,99,43,57,79,33,46,55,129,11" hai1="65,121,124,16,10,80,88,122,70,110,81,74,86" hai2="131,7,77,72,41,118,18,37,36,130,67,87,1" hai3="21,63,73,48,3,0,100,123,15,8,115,35,13"/><W29/><G73/><T59/><D129/><N who="2" m="49162" /><F18/><N who="3" m="10447" /><G48/><T5/><D17/><U104/><E110/><V106/><F41/><W112/><G100/><T96/><D57/><U90/><E104/><V24/><F24/><N who="3" m="18855" /><G63/><T103/><D103/><U117/><E90/><V119/><F67/><W102/><G102/><T26/><D79/><U40/><E81/><V47/><F47/><W62/><G123/><T76/><D76/><U22/><E74/><V42/><F42/><W101/><G101/><T2/><D113/><N who="3" m="43593" /><G62/><AGARI ba="0,0" hai="2,5,11,26,31,33,43,46,49,55,59,62,96,99" machi="62" ten="30,1000,0" yaku="7,1" doraHai="111" who="0" fromWho="3" sc="212,10,417,0,106,0,265,-10" owari="222,-18.0,417,51.0,106,-39.0,255,6.0" /></mjloggm>