<mjloggm ver="2.3"><GO type="169" lobby="0"/><UN n0="%E7%94%B0%E6%89%80%E3%81%8D%E3%82%89%E3%81%84" n1="%E3%83%A1%E3%82%AB%E3%82%BC%E3%83%83%E3%83%88%E3%83%B3" n2="%E2%98%85%E3%83%9B%E3%83%BC%E3%82%B9%E2%98%85" n3="%E5%B0%8F%E6%89%8B%E8%BF%94%E6%92%B2%E6%BB%85%E4%BC%9A%E9%95%B7" dan="17,16,16,17" rate="2148.57,2138.11,2153.77,2170.70" sx="F,M,M,F"/><TAIKYOKU oya="0"/><INIT seed="0,0,0,1,1,61" ten="250,250,250,250" oya="0" hai0="95,91,119,19,133,8,129,35,97,135,86,123,42" hai1="109,130,16,100,12,56,34,99,45,85,22,118,52" hai2="57,18,6,104,28,38,1,3,25,40,102,120,37" hai3="65,111,134,32,10,113,84,24,0,17,20,83,26"/><T121/><D119/><U66/><E34/><V80/><F120/><W69/><G113/><T98/><D35/><U30/><E30/><V106/><F80/><W7/><G134/><N who="0" m="51211" /><D42/><U63/><E118/><V15/><F57/><W47/><G111/><T115/><D115/><U108/><E130/><V43/><F6/><W13/><G47/><T21/><D8/><U74/><E74/><V73/><F73/><W127/><G127/><T41/><D41/><U131/><E131/><V68/><F68/><W50/><G50/><T87/><D129/><U76/><E76/><V9/><F43/><W60/><REACH who="3" step="1"/><G32/><REACH who="3" ten="250,250,250,240" step="2"/><T114/><D114/><U55/><E45/><V105/><F38/><W107/><G107/><T124/><D124/><U93/><REACH who="1" step="1"/><E85/><REACH who="1" ten="250,240,250,240" step="2"/><V70/><F37/><W59/><G59/><T90/><D121/><U29/><E29/><V4/><F28/><W27/><G27/><N who="0" m="14783" /><D123/><U122/><E122/><V36/><F70/><W94/><G94/><AGARI ba="0,2" hai="86,87,90,91,94,95,97,98" m="14783,51211" machi="94" ten="30,1500,0" yaku="20,1" doraHai="61" who="0" fromWho="3" sc="250,35,240,0,250,0,240,-15" /><INIT seed="0,1,0,5,4,56" ten="285,240,250,225" oya="0" hai0="18,121,101,104,1,54,132,23,15,70,24,50,107" hai1="22,63,100,94,85,66,17,128,102,13,46,98,72" hai2="92,67,21,125,117,113,57,43,127,64,76,112,9" hai3="31,130,11,5,71,16,25,20,30,2,61,3,96"/><T75/><D1/><U55/><E72/><V14/><F76/><W44/><G130/><T58/><D121/><U108/><E108/><V62/><F92/><W53/><G2/><T97/><D75/><U39/><E128/><V82/><F82/><W88/><G44/><T27/><D132/><U129/><E129/><V106/><F106/><W118/><G118/><T83/><D83/><U4/><E4/><V77/><F77/><W60/><G71/><T133/><D133/><U48/><E85/><V114/><F21/><W38/><G38/><T122/><D122/><U10/><E39/><V90/><F90/><W28/><REACH who="3" step="1"/><G53/><REACH who="3" ten="285,240,250,215" step="2"/><T135/><D70/><U6/><E6/><V33/><F117/><W47/><G47/><T37/><D37/><U99/><E10/><V8/><F8/><W73/><G73/><T110/><D135/><U0/><E0/><V126/><F43/><W119/><G119/><T93/><D110/><U29/><E29/><V81/><F113/><W36/><G36/><T42/><D42/><U78/><E78/><V80/><F112/><W49/><G49/><T59/><D59/><U115/><E115/><V91/><F114/><W84/><G84/><T134/><D134/><U65/><REACH who="1" step="1"/><E63/><REACH who="1" ten="285,230,250,215" step="2"/><N who="2" m="37999" /><F9/><W52/><G52/><T32/><D54/><U124/><E124/><V87/><F126/><W41/><G41/><T120/><D120/><U86/><E86/><V45/><F87/><W68/><G68/><T12/><D97/><U34/><E34/><V7/><F127/><W95/><AGARI ba="1,2" hai="3,5,11,16,20,25,28,30,31,60,61,88,95,96" machi="95" ten="30,12000,2" yaku="1,1,0,1,52,2,54,2,53,0" doraHai="56" doraHaiUra="103" who="3" fromWho="3" sc="285,-61,230,-31,250,-31,215,143" /><INIT seed="1,0,0,5,0,38" ten="224,199,219,358" oya="1" hai0="52,44,57,58,106,7,59,131,128,5,27,17,70" hai1="123,21,105,49,83,62,109,32,132,14,22,47,4" hai2="54,37,117,72,85,51,121,40,80,118,122,116,66" hai3="9,20,50,26,16,89,75,43,79,110,115,90,55"/><U13/><E105/><V53/><F72/><W130/><G115/><T12/><D70/><U24/><E123/><N who="2" m="47115" /><F85/><W86/><G110/><T126/><D106/><U111/><E62/><V67/><F80/><N who="3" m="47391" /><G130/><N who="0" m="49707" /><D27/><U97/><E97/><V120/><F37/><W36/><G36/><T15/><D126/><U93/><E93/><V1/><F120/><W127/><G75/><T100/><D100/><U99/><E99/><V76/><F76/><W73/><G73/><T69/><D69/><U104/><E104/><V95/><F95/><W98/><G127/><T18/><D52/><N who="2" m="20074" /><F1/><W19/><G43/><T34/><D44/><AGARI ba="0,0" hai="40,44,51,66,67,116,117,118" m="20074,47115" machi="44" ten="40,8000,1" yaku="34,2,52,1,54,1" doraHai="38" who="2" fromWho="0" sc="224,-80,199,0,219,80,358,0" /><INIT seed="2,0,0,4,5,53" ten="144,199,299,358" oya="2" hai0="62,15,0,94,28,87,21,27,59,133,114,14,85" hai1="60,119,122,112,4,73,18,135,1,99,70,130,88" hai2="72,115,103,44,42,89,100,31,132,77,16,43,55" hai3="74,126,26,11,113,10,33,38,51,75,56,34,79"/><V19/><F115/><W106/><G38/><T131/><D114/><U37/><RYUUKYOKU type="yao9" ba="0,0" sc="144,0,199,0,299,0,358,0" hai1="1,4,18,37,60,70,73,88,99,112,119,122,130,135" /><INIT seed="2,1,0,2,3,4" ten="144,199,299,358" oya="2" hai0="125,129,133,100,134,117,32,135,61,111,131,98,90" hai1="20,101,97,45,52,60,43,29,109,124,95,37,75" hai2="6,22,50,12,122,64,102,76,49,113,84,73,55" hai3="3,96,118,89,108,33,24,69,106,63,8,77,26"/><V93/><F122/><W71/><G118/><T38/><D32/><U112/><E109/><V126/><F113/><W23/><G108/><T2/><D38/><U14/><E124/><V25/><F126/><W56/><G77/><T67/><D2/><U79/><E112/><V59/><F73/><W65/><G33/><T58/><D111/><U54/><E60/><V31/><F64/><W132/><G132/><T42/><D42/><U115/><E115/><V19/><F6/><W17/><G26/><T1/><D1/><U21/><E21/><V99/><F76/><W78/><G78/><T70/><D117/><U0/><E0/><V105/><F84/><W62/><G62/><T87/><D70/><U85/><E75/><V114/><F114/><W104/><G104/><N who="0" m="63511" /><D125/><U53/><E29/><V34/><F105/><W51/><G51/><AGARI ba="1,0" hai="12,19,22,25,31,34,49,50,51,55,59,93,99,102" machi="51" ten="30,1500,0" yaku="7,1" doraHai="4" who="2" fromWho="3" sc="144,0,199,0,299,18,358,-18" /><INIT seed="2,2,0,3,4,103" ten="144,199,317,340" oya="2" hai0="55,80,45,60,89,105,18,77,1,54,115,57,126" hai1="128,91,68,51,11,19,94,26,20,8,33,102,16" hai2="29,132,12,14,88,61,78,111,34,0,99,47,124" hai3="108,10,82,104,75,15,95,44,101,23,27,130,79"/><V81/><F0/><W116/><G116/><T17/><D115/><U84/><E68/><V92/><F132/><W35/><G35/><T134/><D126/><U98/><E128/><V30/><F124/><W13/><G108/><T3/><D105/><U52/><E19/><V74/><F111/><W7/><G104/><T72/><D89/><U64/><E64/><V66/><F47/><W114/><G130/><T76/><D76/><U122/><E33/><V50/><F50/><W53/><G101/><T107/><D107/><U41/><E41/><V96/><F96/><W112/><G95/><T121/><D121/><U31/><E31/><V127/><F127/><W43/><G53/><T48/><D134/><U28/><E28/><V129/><F129/><W4/><G27/><T63/><D63/><U70/><E70/><V5/><F34/><W131/><G131/><T37/><D37/><U71/><E71/><V49/><F49/><W38/><G23/><T123/><D123/><U113/><E113/><N who="3" m="43626" /><G7/><T32/><D32/><U65/><E65/><V2/><F29/><W22/><G22/><T21/><REACH who="0" step="1"/><D18/><REACH who="0" ten="134,199,317,340" step="2"/><U86/><E122/><V133/><F133/><W9/><G38/><T46/><D46/><N who="1" m="27767" /><E86/><V120/><F30/><W100/><G44/><T39/><D39/><U40/><E40/><V25/><F120/><W67/><G75/><T6/><D6/><U24/><E24/><AGARI ba="2,1" hai="1,3,17,21,24,45,48,54,55,57,60,72,77,80" machi="24" ten="30,3900,0" yaku="1,1,7,1,53,1" doraHai="103" doraHaiUra="106" who="0" fromWho="1" sc="134,55,199,-45,317,0,340,0" /><INIT seed="3,0,0,4,1,128" ten="189,154,317,340" oya="3" hai0="11,54,92,69,110,109,48,45,59,89,129,96,66" hai1="37,104,95,56,9,81,114,36,107,35,68,12,67" hai2="132,79,53,131,6,130,75,38,46,102,21,106,25" hai3="0,126,13,74,50,32,134,41,23,80,118,63,122"/><W60/><G118/><T14/><D69/><U44/><E35/><V97/><F6/><W133/><G32/><T47/><D129/><N who="2" m="49162" /><F97/><W5/><G122/><T72/><D72/><U94/><E68/><V113/><F113/><W28/><G0/><T125/><D125/><U8/><E114/><V31/><F102/><W112/><G112/><T10/><D10/><U82/><E56/><V26/><F106/><W70/><G126/><T15/><D15/><U58/><E58/><V40/><F53/><W91/><G28/><T76/><D76/><U78/><E12/><V117/><F117/><W27/><G27/><T42/><D66/><U20/><E20/><V33/><F79/><W99/><G99/><T57/><D57/><U49/><E49/><V29/><F75/><W127/><G127/><T2/><D2/><U3/><E78/><V1/><F1/><W64/><G60/><T119/><D119/><U105/><E105/><V103/><F103/><W22/><G5/><T84/><D96/><U24/><E3/><V7/><F7/><W51/><G13/><T62/><REACH who="0" step="1"/><D45/><REACH who="0" ten="179,154,317,340" step="2"/><U90/><E44/><V98/><F98/><W61/><G74/><T30/><D30/><U83/><E9/><V17/><F29/><W4/><G64/><T111/><D111/><U86/><E8/><V116/><F116/><W101/><G70/><T108/><D108/><U52/><E67/><V120/><F120/><W18/><G101/><T77/><D77/><U16/><E104/><V115/><F115/><W87/><G91/><T85/><D85/><U123/><E107/><V100/><F100/><RYUUKYOKU ba="0,1" sc="179,15,154,-15,317,15,340,-15" hai0="11,14,42,47,48,54,59,62,84,89,92,109,110" hai2="17,21,25,26,31,33,38,40,46,132" /><INIT seed="4,1,1,2,2,67" ten="194,139,332,325" oya="0" hai0="71,107,30,55,94,100,132,43,126,118,19,66,122" hai1="51,80,4,119,84,8,22,77,60,49,53,96,34" hai2="110,29,35,106,124,63,115,73,135,134,99,86,21" hai3="92,28,32,38,108,88,50,83,52,3,45,111,62"/><T82/><D107/><U56/><E34/><V37/><F73/><W5/><G38/><T131/><D43/><U91/><E119/><V14/><F37/><W75/><G32/><T61/><D122/><U128/><E128/><V1/><F1/><W48/><G28/><T90/><D100/><U18/><E96/><V116/><F110/><W120/><G120/><T6/><D118/><U20/><E77/><V64/><F116/><W25/><G25/><T133/><D30/><U13/><REACH who="1" step="1"/><E20/><REACH who="1" ten="194,129,332,325" step="2"/><V57/><F35/><W114/><G111/><T27/><D131/><U95/><E95/><V24/><F99/><W79/><G92/><T98/><D132/><U74/><E74/><V69/><F106/><W104/><G79/><T105/><D133/><U125/><E125/><V70/><F124/><W16/><G75/><T76/><D105/><U93/><E93/><V10/><F134/><W2/><G108/><T47/><D126/><U59/><E59/><V85/><F135/><W40/><G104/><T41/><D94/><U89/><E89/><V117/><F117/><W109/><G88/><T54/><D90/><U7/><E7/><V46/><F86/><W78/><G5/><T31/><D6/><U81/><E81/><V101/><F85/><W42/><G83/><T123/><D98/><U0/><AGARI ba="1,2" hai="0,4,8,13,18,22,49,51,53,56,60,80,84,91" machi="0" ten="20,2700,0" yaku="1,1,0,1,7,1,53,0" doraHai="67" doraHaiUra="26" who="1" fromWho="1" sc="194,-14,129,50,332,-8,325,-8" /><INIT seed="5,0,0,2,2,65" ten="180,179,324,317" oya="1" hai0="11,96,59,20,128,31,95,7,13,87,51,24,67" hai1="47,94,0,75,12,46,99,102,77,48,93,121,61" hai2="16,37,78,116,84,49,10,130,54,44,9,120,113" hai3="81,83,112,4,41,126,21,6,26,111,23,33,1"/><U42/><E0/><V86/><F116/><W133/><G111/><T70/><D128/><U132/><E121/><V100/><F120/><W108/><G108/><T35/><D70/><U55/><E132/><V72/><F130/><W117/><G33/><T119/><D119/><U38/><E77/><V85/><F100/><W57/><G117/><T76/><D35/><U15/><E75/><V39/><F113/><W58/><G112/><T124/><D124/><U19/><E61/><V28/><F28/><W92/><G41/><T40/><D87/><U104/><REACH who="1" step="1"/><E12/><REACH who="1" ten="180,169,324,317" step="2"/><V3/><F72/><W135/><G1/><T32/><D76/><U17/><E17/><V89/><F78/><W129/><G135/><T79/><D79/><U43/><E43/><V27/><F3/><W103/><G133/><T101/><D40/><U25/><E25/><V80/><F27/><W74/><G26/><T125/><D32/><U97/><E97/><V64/><F16/><W98/><G74/><T30/><D125/><U90/><E90/><V114/><F89/><W123/><G126/><T69/><D31/><U8/><AGARI ba="0,1" hai="8,15,19,38,42,46,47,48,55,93,94,99,102,104" machi="8" ten="20,7800,0" yaku="1,1,0,1,7,1,53,1" doraHai="65" doraHaiUra="71" who="1" fromWho="1" sc="180,-26,169,88,324,-26,317,-26" /><INIT seed="5,1,0,3,1,62" ten="154,257,298,291" oya="1" hai0="129,94,66,87,53,19,29,67,54,73,96,59,43" hai1="28,91,51,33,32,0,70,35,14,57,63,68,16" hai2="118,79,45,116,3,27,56,26,93,132,83,122,103" hai3="1,123,30,2,41,36,34,21,109,22,4,18,113"/><U8/><E0/><V82/><F122/><W128/><G36/><T86/><D73/><U110/><E28/><V5/><F5/><W6/><G41/><T74/><D74/><U17/><E110/><V37/><F3/><N who="3" m="1035" /><G123/><T98/><D29/><U9/><E51/><V61/><F132/><W88/><G88/><N who="0" m="53527" /><D43/><U64/><E91/><V115/><F45/><W134/><G109/><T52/><D129/><U100/><E100/><V80/><F79/><W58/><G58/><T44/><D44/><U89/><E89/><V78/><F78/><W126/><G134/><T117/><D117/><U99/><E99/><N who="0" m="37929" /><D59/><U38/><E38/><V40/><F103/><W42/><G42/><T105/><D105/><U48/><E48/><V95/><F40/><W106/><G106/><T12/><D87/><U130/><E130/><V46/><F46/><W127/><G128/><T25/><D25/><U31/><E31/><V133/><F37/><W47/><G47/><T24/><D24/><N who="2" m="9258" /><F133/><W81/><G30/><T92/><D92/><N who="2" m="35402" /><F118/><W112/><G34/><T135/><D135/><U107/><E107/><V75/><F116/><W90/><G90/><T125/><D125/><N who="3" m="47625" /><G81/><T72/><D72/><U49/><E49/><V102/><F102/><W39/><G39/><T111/><D111/><U55/><E70/><V119/><F75/><W77/><G77/><T120/><D120/><U15/><E68/><V97/><F97/><W76/><G76/><T104/><D104/><U60/><E33/><V13/><F119/><W85/><G85/><T11/><AGARI ba="1,0" hai="11,12,19,52,53,54,66,67" m="37929,53527" machi="11" ten="30,8000,1" yaku="8,1,52,2,54,2" doraHai="62" who="0" fromWho="0" sc="154,83,257,-41,298,-21,291,-21" /><INIT seed="6,0,0,1,4,97" ten="237,216,277,270" oya="2" hai0="122,130,91,66,39,111,67,73,87,47,114,17,11" hai1="27,64,69,121,84,29,129,123,20,79,52,31,112" hai2="18,113,19,60,63,125,13,133,82,74,85,86,101" hai3="102,75,4,117,65,108,96,38,41,51,48,105,44"/><V93/><F113/><W2/><G117/><T16/><D73/><U124/><E112/><V116/><F116/><W71/><G108/><T106/><D111/><U98/><E129/><V76/><F133/><W28/><G28/><T115/><D122/><N who="1" m="46603" /><E124/><V9/><F125/><W35/><G35/><T109/><D109/><U135/><E135/><V100/><F74/><W36/><G36/><T99/><D130/><U119/><E119/><V33/><F33/><W127/><G127/><T42/><D114/><U88/><E79/><V34/><F34/><W49/><G75/><T59/><D115/><U53/><E98/><V14/><F93/><W78/><G78/><T12/><D17/><U72/><E72/><V55/><F86/><W46/><G65/><T8/><D8/><U104/><E104/><V26/><F26/><W32/><G71/><T58/><D67/><U43/><E43/><V132/><F132/><W30/><G32/><T120/><D66/><U10/><E10/><N who="2" m="6455" /><F55/><W80/><G30/><T83/><REACH who="0" step="1"/><D120/><REACH who="0" ten="227,216,277,270" step="2"/><U24/><E64/><V50/><F50/><W0/><G38/><T118/><D118/><U61/><E69/><V92/><F60/><W23/><G48/><T25/><D25/><U1/><E61/><V7/><F63/><W134/><G134/><T57/><D57/><U45/><E45/><V68/><F68/><W126/><G126/><T6/><D6/><U110/><E110/><V103/><F7/><W128/><G4/><T5/><D5/><U40/><E27/><V62/><F62/><W94/><G128/><T89/><D89/><U90/><E90/><RYUUKYOKU ba="0,1" sc="227,15,216,-15,277,15,270,-15" hai0="11,12,16,39,42,47,58,59,83,87,91,99,106" hai2="9,14,19,76,82,85,92,100,101,103" /><INIT seed="6,1,1,3,2,72" ten="242,201,292,255" oya="2" hai0="95,108,82,73,57,39,44,84,127,17,115,33,27" hai1="61,4,25,12,35,91,59,134,51,64,10,56,20" hai2="14,118,46,94,3,1,116,78,23,16,92,79,13" hai3="111,68,62,34,113,88,135,90,52,101,32,104,43"/><V15/><F46/><W100/><G111/><T65/><D73/><U117/><E134/><V83/><F83/><W8/><G104/><T81/><D81/><U38/><E38/><V129/><F129/><W7/><G68/><T22/><D33/><U124/><E117/><V107/><F14/><N who="3" m="5407" /><G32/><T103/><D108/><U75/><E124/><V110/><F110/><W47/><G34/><T0/><D0/><U19/><E75/><V74/><F74/><W122/><G122/><T77/><D115/><U11/><E35/><V80/><F80/><W42/><G135/><T109/><D109/><U26/><E91/><N who="3" m="34858" /><G113/><T37/><D127/><U71/><E25/><V45/><F45/><W67/><G67/><T85/><D44/><U21/><E21/><V128/><F23/><W58/><G47/><T93/><D85/><U86/><E86/><V49/><F128/><W30/><G30/><T66/><D66/><U31/><REACH who="1" step="1"/><E51/><REACH who="1" ten="242,191,292,255" step="2"/><V106/><F49/><W119/><G119/><T9/><D39/><U40/><E40/><AGARI ba="1,2" hai="40,42,43,52,58,62,100,101" m="34858,5407" machi="40" ten="30,3900,0" yaku="8,1,54,2" doraHai="72" who="3" fromWho="1" sc="242,0,191,-42,292,0,255,62" /><INIT seed="7,0,0,3,1,22" ten="242,149,292,317" oya="3" hai0="73,121,0,129,5,31,79,63,1,133,90,56,39" hai1="33,64,20,95,105,45,68,66,50,70,40,84,128" hai2="32,15,48,108,109,4,110,41,72,49,89,29,98" hai3="7,134,111,9,37,12,116,18,77,126,25,38,117"/><W60/><G134/><T112/><D39/><U59/><E33/><V2/><F72/><W92/><G126/><T94/><D121/><U54/><E105/><V114/><F114/><W122/><G122/><T80/><D129/><U35/><E128/><V14/><F2/><W47/><G77/><T82/><D5/><U118/><E35/><V65/><F65/><W23/><G38/><T34/><D82/><U55/><E118/><V16/><F14/><W130/><G130/><T26/><D133/><U3/><E3/><V135/><F4/><W58/><G92/><T30/><D30/><U51/><E20/><V107/><F41/><W127/><G111/><T62/><D62/><N who="1" m="36215" /><E95/><N who="2" m="56687" /><F107/><W88/><G127/><T102/><D102/><U44/><E84/><V6/><F135/><W96/><G37/><T91/><D91/><U46/><E46/><V19/><F32/><W87/><G47/><T131/><D112/><U83/><E83/><V85/><F85/><W36/><G36/><T24/><D24/><U11/><E11/><N who="2" m="4599" /><F29/><W74/><G74/><T93/><D93/><U97/><E97/><V10/><F10/><W78/><G96/><T132/><D132/><U67/><AGARI ba="0,0" hai="40,44,45,50,51,55,64,66,67,68,70" m="36215" machi="67" ten="30,8000,1" yaku="35,5" doraHai="22" who="1" fromWho="1" sc="242,-20,149,80,292,-20,317,-40" /><INIT seed="8,0,0,4,4,33" ten="222,229,272,277" oya="0" hai0="77,93,134,121,127,112,92,106,128,60,47,18,67" hai1="102,7,54,117,105,68,51,110,101,40,28,66,72" hai2="55,52,82,12,36,14,125,75,133,61,23,95,31" hai3="62,87,65,63,6,115,76,122,70,78,126,79,48"/><T56/><D121/><U103/><E110/><V113/><F113/><W34/><G115/><T41/><D112/><U98/><E40/><V84/><F36/><W27/><G6/><T97/><D127/><U132/><E72/><V39/><F39/><W38/><G38/><T44/><D128/><U49/><E49/><V53/><F125/><W22/><G34/><T16/><D134/><U11/><E132/><V17/><F75/><W3/><G3/><T104/><D104/><U57/><E117/><V80/><F31/><W74/><G74/><T94/><D77/><U10/><E10/><V42/><F42/><W124/><G63/><T29/><D29/><U30/><E30/><V32/><F32/><W131/><G131/><T35/><D35/><U59/><E28/><V81/><F133/><W88/><G48/><T83/><D83/><N who="2" m="31818" /><F95/><N who="0" m="36426" /><D106/><U37/><E37/><V0/><F0/><W118/><G118/><T5/><D5/><U4/><E4/><V107/><F107/><W89/><G122/><T114/><D114/><U2/><REACH who="1" step="1"/><E68/><REACH who="1" ten="222,219,272,277" step="2"/><V111/><F111/><W58/><G70/><T135/><D135/><U73/><E73/><V24/><F61/><AGARI ba="0,1" hai="2,7,11,51,54,57,59,61,66,98,101,102,103,105" machi="61" ten="40,2600,0" yaku="1,1,52,1,53,0" doraHai="33" doraHaiUra="108" who="1" fromWho="2" sc="222,0,219,36,272,-26,277,0" /><INIT seed="9,0,0,4,5,63" ten="222,255,246,277" oya="1" hai0="54,9,112,59,73,106,76,47,119,88,114,100,45" hai1="65,82,117,101,32,128,126,8,79,105,44,120,125" hai2="94,115,49,135,127,133,99,43,132,13,134,86,80" hai3="130,4,16,110,89,95,27,92,14,28,20,91,124"/><U64/><E32/><V18/><N who="2" m="33792" /><DORA hai="129" /><V34/><F34/><W6/><G110/><T10/><D119/><U60/><E117/><V62/><F127/><N who="1" m="48649" /><E128/><V50/><F62/><W69/><G69/><T35/><D35/><U1/><E120/><V102/><F43/><W107/><G107/><T97/><D10/><U58/><E44/><V31/><F31/><W15/><G130/><T24/><D24/><U37/><E37/><V81/><F115/><W2/><G2/><T56/><D56/><U98/><E8/><N who="2" m="6439" /><F80/><W3/><G3/><T5/><D47/><U103/><E103/><V52/><F52/><W61/><G61/><T72/><D45/><U51/><E51/><V75/><F75/><W68/><G68/><T46/><D46/><U118/><E1/><V67/><F67/><W71/><G71/><T123/><D123/><U26/><E118/><V22/><F22/><N who="3" m="11551" /><G124/><T74/><D112/><U116/><E116/><V78/><AGARI ba="0,0" hai="49,50,78,81,86,94,99,102" m="6439,33792" machi="78" ten="60,8000,1" yaku="20,1,52,4" doraHai="63,129" who="2" fromWho="2" sc="222,-20,255,-40,246,80,277,-20" owari="202,-30.0,215,-18.0,326,42.0,257,6.0" /></mjloggm>