<mjloggm ver="2.3"><GO type="169" lobby="0"/><UN n0="%E7%B6%BE%E7%80%AC%E5%B8%82%E6%B0%91" n1="%E4%B8%AD%E5%B7%9D%E5%86%85%E9%9B%AA%E9%9F%B3" n2="%E3%83%87%E3%83%B3%E3%82%A8%E3%83%B3" n3="%E3%81%AF%E3%82%8B%E3%81%AB%E3%82%83%E3%82%80" dan="17,16,17,16" rate="2130.38,2113.10,2183.57,2099.00" sx="M,F,M,M"/><TAIKYOKU oya="0"/><INIT seed="0,0,0,1,3,95" ten="250,250,250,250" oya="0" hai0="28,42,74,39,114,115,79,116,132,107,123,98,26" hai1="21,121,66,104,38,73,128,86,43,93,109,124,44" hai2="52,131,126,30,18,1,101,46,81,15,3,50,48" hai3="105,5,89,25,117,45,91,110,32,54,94,134,62"/><T99/><D116/><U84/><E121/><V24/><F126/><W49/><G117/><T22/><D123/><U113/><E124/><V90/><F131/><W85/><G105/><T31/><D31/><U120/><E120/><V63/><F101/><W23/><G110/><T14/><D132/><U17/><E109/><V7/><F7/><W87/><G134/><T4/><D39/><U72/><E104/><V2/><F63/><W65/><G32/><T96/><D42/><U112/><E128/><V6/><F6/><W83/><G5/><T58/><D107/><U47/><E66/><V118/><F50/><W80/><G94/><T12/><D58/><U57/><E57/><V108/><F118/><W9/><G9/><T102/><D102/><U70/><E47/><V78/><F90/><W56/><G25/><T37/><D37/><U67/><E67/><V27/><F30/><W29/><G29/><T55/><D55/><U51/><E70/><V135/><F108/><W8/><G8/><T88/><D88/><N who="1" m="53383" /><E38/><V92/><F92/><W119/><G119/><T19/><D4/><U122/><E122/><V35/><F35/><W64/><REACH who="3" step="1"/><G23/><REACH who="3" ten="250,250,250,240" step="2"/><T60/><D14/><U127/><E127/><V11/><REACH who="2" step="1"/><F135/><REACH who="2" ten="250,250,240,240" step="2"/><W68/><G68/><T129/><D28/><U10/><E112/><V20/><F20/><W106/><G106/><T36/><D114/><U97/><E113/><V40/><F40/><AGARI ba="0,2" hai="40,45,49,54,56,62,64,65,80,83,85,87,89,91" machi="40" ten="30,7700,0" yaku="1,1,7,1,9,1,8,1,53,0" doraHai="95" doraHaiUra="133" who="3" fromWho="2" sc="250,0,250,0,240,-77,240,97" /><INIT seed="1,0,0,3,0,127" ten="250,250,163,337" oya="1" hai0="14,71,37,26,58,91,121,15,23,41,43,129,48" hai1="75,51,70,34,98,45,62,113,118,56,10,124,96" hai2="111,89,18,73,78,22,109,0,106,27,29,30,16" hai3="120,49,131,63,42,132,77,88,61,83,66,21,31"/><U94/><E113/><V115/><F106/><W1/><G120/><T82/><D71/><U50/><E124/><V112/><F73/><W81/><G1/><T95/><D121/><U125/><E125/><V35/><F78/><W134/><G42/><T86/><D37/><U65/><E118/><V36/><F89/><W39/><G49/><T119/><D119/><U55/><E75/><V103/><F103/><W6/><G6/><T12/><D129/><U11/><E34/><V76/><F76/><W60/><G39/><T116/><D116/><U101/><REACH who="1" step="1"/><E98/><REACH who="1" ten="250,240,163,337" step="2"/><V8/><F36/><W107/><G134/><T47/><D43/><AGARI ba="0,1" hai="10,11,43,45,50,51,55,56,62,65,70,94,96,101" machi="43" ten="30,5800,0" yaku="1,1,2,1,7,1,53,0" doraHai="127" doraHaiUra="72" who="1" fromWho="0" sc="250,-58,240,68,163,0,337,0" /><INIT seed="1,1,0,4,5,4" ten="192,308,163,337" oya="1" hai0="101,79,73,119,89,27,113,17,41,53,36,132,44" hai1="90,97,120,107,82,126,108,93,58,104,42,123,49" hai2="1,56,114,45,133,81,12,38,60,122,11,92,109" hai3="31,33,75,124,50,72,117,25,21,23,57,66,6"/><U68/><E68/><V47/><F122/><W51/><G124/><T43/><D119/><U85/><E126/><V83/><F114/><W34/><G117/><T110/><D113/><U13/><E108/><V128/><F109/><W77/><G6/><T125/><D110/><U129/><E129/><V0/><F133/><W64/><G57/><T40/><D125/><U74/><E107/><V61/><F128/><W48/><G77/><T46/><D132/><U14/><E14/><V135/><F135/><W22/><REACH who="3" step="1"/><G33/><REACH who="3" ten="192,308,163,327" step="2"/><T99/><D79/><U105/><E120/><V20/><F56/><W29/><G29/><T121/><D121/><U130/><E123/><V69/><F69/><W131/><G131/><T112/><D112/><U70/><E70/><V71/><F71/><W8/><G8/><T118/><D118/><U52/><E130/><V106/><F11/><W76/><G76/><T98/><D46/><U39/><E74/><AGARI ba="1,1" hai="21,22,23,25,31,34,48,50,51,64,66,72,74,75" machi="74" ten="50,3200,0" yaku="1,1,53,1" doraHai="4" doraHaiUra="24" who="3" fromWho="1" sc="192,0,308,-35,163,0,327,45" /><INIT seed="2,0,0,2,4,99" ten="192,273,163,372" oya="2" hai0="72,88,42,40,11,71,27,124,2,125,91,127,61" hai1="14,15,24,107,33,44,55,60,67,3,31,38,59" hai2="119,115,93,47,130,85,6,73,81,116,96,83,94" hai3="48,126,34,13,37,22,8,122,20,35,7,101,114"/><V12/><F6/><W98/><G37/><T52/><D72/><U26/><E3/><V66/><F12/><W30/><G122/><T23/><D11/><U49/><E107/><V62/><F47/><W10/><G126/><T1/><D1/><U134/><E134/><V39/><F39/><W65/><G114/><T53/><D2/><U70/><REACH who="1" step="1"/><E26/><REACH who="1" ten="192,263,163,372" step="2"/><V131/><F115/><W95/><G35/><T113/><D113/><U111/><E111/><V28/><F119/><W64/><G34/><T110/><D110/><U129/><E129/><V18/><F116/><W63/><G13/><T25/><D25/><U112/><E112/><V103/><F131/><W68/><G7/><T104/><D104/><U135/><E135/><V133/><F130/><W90/><G8/><T102/><D125/><U109/><E109/><V86/><F133/><W80/><G10/><T84/><D27/><U5/><E5/><V77/><F28/><W78/><G30/><T97/><D23/><U50/><E50/><V56/><F18/><W106/><G48/><T43/><D124/><U17/><E17/><V0/><F0/><W4/><G4/><T29/><D29/><U21/><E21/><V75/><REACH who="2" step="1"/><F94/><REACH who="2" ten="192,263,153,372" step="2"/><W120/><G95/><T87/><D127/><U128/><E128/><V36/><F36/><W79/><G106/><T16/><D71/><U19/><E19/><V121/><F121/><W46/><G68/><T74/><D16/><U32/><E32/><V123/><F123/><W76/><G120/><T117/><D117/><U92/><E92/><V58/><F58/><W41/><G20/><RYUUKYOKU ba="0,2" sc="192,-15,263,15,153,15,372,-15" hai1="14,15,24,31,33,38,44,49,55,59,60,67,70" hai2="56,62,66,73,75,77,81,83,85,86,93,96,103" /><INIT seed="2,1,2,1,3,10" ten="177,278,168,357" oya="2" hai0="127,106,56,15,0,135,111,29,63,134,60,132,84" hai1="72,70,108,103,16,40,80,78,82,23,71,32,96" hai2="41,54,44,28,39,42,3,113,87,34,122,79,2" hai3="73,57,36,66,12,112,31,64,26,37,49,11,7"/><V128/><F122/><W115/><G73/><T121/><D121/><U117/><E117/><V131/><F113/><N who="3" m="43595" /><G49/><T98/><D111/><U20/><E32/><V9/><F42/><W105/><G105/><T89/><D127/><U104/><E108/><V124/><F124/><W95/><G95/><T22/><D0/><U13/><E40/><V25/><F54/><W74/><G74/><T1/><D1/><U123/><E123/><V83/><F9/><W17/><G7/><T94/><D56/><U133/><E133/><V67/><F67/><N who="3" m="25643" /><G57/><T120/><D120/><U116/><E116/><V91/><REACH who="2" step="1"/><F79/><REACH who="2" ten="177,278,158,357" step="2"/><W47/><G47/><T126/><D126/><U27/><REACH who="1" step="1"/><E82/><REACH who="1" ten="177,268,158,357" step="2"/><V21/><F21/><AGARI ba="1,4" hai="11,12,17,21,26,31,36,37" m="25643,43595" machi="21" ten="30,2000,0" yaku="11,1,52,1" doraHai="10" who="3" fromWho="2" sc="177,0,268,0,158,-23,357,63" /><INIT seed="3,0,0,0,4,53" ten="177,268,135,420" oya="3" hai0="19,127,1,114,45,62,87,120,55,60,106,56,75" hai1="4,104,17,108,76,102,44,23,94,63,105,3,121" hai2="134,99,91,116,38,20,66,96,88,15,95,70,67" hai3="50,48,124,57,78,11,100,33,12,41,58,84,68"/><W122/><G68/><T21/><D120/><U85/><E121/><V25/><F38/><W103/><G122/><T80/><D127/><U71/><E108/><V82/><F116/><W93/><G33/><T128/><D128/><U97/><E44/><V43/><F43/><W115/><G115/><T46/><D114/><U22/><E22/><V24/><F134/><W36/><G36/><T107/><D75/><U27/><E3/><V133/><F133/><W83/><G124/><T79/><D1/><U132/><E132/><V98/><F15/><W123/><G123/><T135/><D135/><U28/><E4/><V35/><F35/><W69/><G69/><T40/><D62/><U10/><E10/><V2/><F2/><W8/><G8/><T26/><REACH who="0" step="1"/><D46/><REACH who="0" ten="167,268,135,420" step="2"/><U92/><E63/><V5/><F5/><N who="3" m="3183" /><G50/><AGARI ba="0,1" hai="19,21,26,40,45,50,55,56,60,79,80,87,106,107" machi="50" ten="30,7700,0" yaku="1,1,7,1,52,1,53,1" doraHai="53" doraHaiUra="16" who="0" fromWho="3" sc="167,87,268,0,135,0,420,-77" /><INIT seed="4,0,0,1,1,115" ten="254,268,135,343" oya="0" hai0="77,133,23,111,125,73,124,13,29,61,34,21,63" hai1="95,2,100,107,54,58,9,81,119,91,101,1,65" hai2="109,64,43,56,92,59,41,86,20,5,126,98,7" hai3="36,68,31,27,87,37,75,30,38,35,110,103,3"/><T48/><D133/><U78/><E65/><V71/><F109/><W39/><G110/><T122/><D122/><U10/><E1/><V25/><F126/><N who="0" m="48746" /><D48/><U12/><E2/><V51/><F71/><W47/><G3/><T80/><D111/><U0/><E0/><V113/><F113/><W83/><G75/><T114/><D114/><U4/><E9/><V132/><F132/><W8/><G68/><T116/><D13/><U102/><E107/><V16/><F86/><W88/><G103/><T105/><D105/><U134/><E134/><V62/><F43/><W6/><G31/><T117/><D34/><U108/><E108/><V53/><REACH who="2" step="1"/><F41/><REACH who="2" ten="254,268,125,343" step="2"/><W57/><G36/><T19/><D73/><U74/><E74/><V26/><F26/><W89/><G37/><T84/><D117/><U55/><E119/><V70/><F70/><W120/><G38/><T135/><D135/><U32/><E32/><V85/><F85/><W24/><G39/><T52/><D116/><U112/><E112/><V118/><F118/><W72/><G35/><T28/><D77/><U44/><E78/><V60/><F60/><W96/><G72/><T18/><D63/><U45/><E81/><V93/><F93/><W15/><G83/><T121/><D80/><U22/><E95/><V17/><F17/><N who="0" m="6154" /><D84/><U50/><E22/><N who="0" m="8201" /><D121/><U33/><E33/><V129/><F129/><W76/><G76/><T127/><D127/><U131/><E131/><V67/><F67/><W99/><G120/><T79/><D79/><U97/><E55/><V14/><F14/><W69/><G15/><T90/><D61/><RYUUKYOKU ba="0,1" sc="254,-15,268,15,125,15,343,-15" hai1="4,10,12,44,45,50,54,58,91,97,100,101,102" hai2="5,7,16,20,25,51,53,56,59,62,64,92,98" /><INIT seed="5,1,1,3,0,69" ten="239,283,140,328" oya="1" hai0="111,40,127,93,48,113,1,106,21,105,129,34,11" hai1="32,54,79,57,83,87,65,101,114,60,84,51,30" hai2="109,38,81,28,80,119,16,59,107,118,71,117,73" hai3="135,63,103,116,24,78,53,44,98,74,66,12,18"/><U108/><E114/><V46/><F71/><W20/><G135/><T97/><D111/><U27/><E108/><V90/><F109/><W99/><G116/><T47/><D34/><U104/><E101/><V100/><F28/><W110/><G110/><T25/><D113/><U131/><E131/><V10/><F59/><N who="3" m="37247" /><G74/><T6/><D127/><U8/><E8/><V128/><F128/><W41/><G78/><T45/><D45/><U15/><E15/><V2/><F90/><W121/><G41/><T5/><D6/><U9/><E9/><V64/><F64/><W94/><G98/><T33/><D33/><U56/><REACH who="1" step="1"/><E104/><REACH who="1" ten="239,273,140,328" step="2"/><V58/><F10/><W42/><G121/><T123/><D129/><U96/><E96/><V72/><F100/><W76/><G12/><T0/><D123/><U124/><E124/><V13/><F107/><W122/><G122/><T102/><D1/><U37/><E37/><V91/><F2/><W68/><G99/><T67/><D105/><U95/><E95/><V19/><F13/><W120/><G94/><T115/><D106/><U125/><E125/><V112/><F38/><N who="3" m="21591" /><G103/><T14/><D115/><U61/><E61/><V86/><F112/><W85/><G120/><T130/><D130/><U23/><E23/><V82/><F119/><W134/><G20/><T39/><D0/><U126/><E126/><V132/><F118/><W43/><G134/><T75/><D14/><U3/><E3/><V22/><F132/><W17/><G24/><T35/><D25/><U26/><E26/><V4/><F22/><W29/><G17/><N who="2" m="6729" /><F117/><W55/><G18/><RYUUKYOKU ba="1,2" sc="239,-10,273,30,140,-10,328,-10" hai1="27,30,32,51,54,56,57,60,65,79,83,84,87" /><INIT seed="5,2,2,3,2,100" ten="229,303,130,318" oya="1" hai0="119,75,61,53,4,10,112,54,13,46,28,60,62" hai1="127,98,90,66,9,84,30,135,131,64,72,97,48" hai2="14,49,128,68,23,40,117,133,115,121,55,87,1" hai3="86,6,67,16,18,33,32,65,17,2,39,93,116"/><U31/><E131/><V70/><F1/><W103/><G39/><T50/><D119/><U21/><E72/><V125/><F14/><W78/><G116/><T42/><D112/><U85/><E127/><V34/><F23/><W45/><G32/><T81/><REACH who="0" step="1"/><D28/><REACH who="0" ten="219,303,130,318" step="2"/><U104/><E31/><V29/><F115/><W8/><G33/><T106/><D106/><U95/><E104/><V20/><F29/><W110/><G110/><T74/><D74/><U92/><E30/><V113/><F34/><W122/><G122/><T96/><D96/><U101/><E97/><V109/><F121/><W107/><G107/><T44/><D44/><U76/><E98/><V82/><F113/><W120/><G120/><T83/><D83/><U108/><E108/><V123/><F109/><W26/><G45/><T77/><AGARI ba="2,3" hai="4,10,13,42,46,50,53,54,60,61,62,75,77,81" machi="77" ten="30,4000,0" yaku="1,1,0,1,53,1" doraHai="100" doraHaiUra="7" who="0" fromWho="0" sc="219,76,303,-22,130,-12,318,-12" /><INIT seed="6,0,0,3,1,58" ten="295,281,118,306" oya="2" hai0="29,21,25,22,117,46,27,6,64,135,129,53,107" hai1="17,31,111,131,124,5,120,105,51,133,87,45,82" hai2="49,96,16,55,97,8,78,106,128,112,59,113,10" hai3="93,132,65,18,67,85,92,26,79,114,109,2,66"/><V39/><F39/><W76/><G109/><T37/><D129/><U98/><E111/><V122/><F122/><W12/><G2/><T63/><D135/><U19/><E131/><V24/><F128/><W42/><G132/><T0/><D117/><U91/><E133/><V77/><F77/><W28/><G42/><T14/><D107/><U35/><E124/><V95/><F78/><W71/><G71/><T40/><D0/><U84/><E5/><V101/><F24/><W7/><G7/><T36/><D6/><U56/><E35/><V119/><F119/><W116/><G116/><T130/><D14/><U121/><E31/><V127/><F127/><W13/><G114/><T74/><D130/><U48/><E87/><V75/><F75/><W73/><G73/><T30/><D53/><N who="1" m="31807" /><E105/><V23/><F113/><W62/><G12/><T57/><D74/><U115/><E98/><V47/><F47/><W80/><G76/><T72/><D72/><U3/><E3/><V123/><F123/><N who="1" m="47177" /><E115/><V34/><F34/><W102/><G102/><T4/><D4/><U126/><E126/><V1/><F1/><W100/><G100/><T99/><D99/><U33/><E33/><V20/><F112/><W86/><G86/><T94/><D94/><N who="3" m="36457" /><G26/><T125/><D125/><U81/><E81/><V69/><F69/><N who="3" m="42167" /><G28/><T43/><D43/><AGARI ba="0,0" hai="17,19,43,45,48,82,84,91" m="47177,31807" machi="43" ten="30,1000,0" yaku="13,1" doraHai="58" who="1" fromWho="0" sc="295,-10,281,10,118,0,306,0" /><INIT seed="7,0,0,5,0,31" ten="285,291,118,306" oya="3" hai0="65,83,72,95,110,17,29,44,39,92,130,62,13" hai1="4,82,36,106,89,35,1,119,128,98,7,96,41" hai2="6,114,132,33,117,24,113,45,12,135,25,15,126" hai3="84,64,48,27,109,69,2,86,70,78,14,76,134"/><W47/><G2/><T61/><D110/><U56/><E35/><V87/><F87/><N who="3" m="33323" /><G109/><T79/><D130/><U43/><E106/><V74/><F45/><W127/><G69/><T122/><D122/><U120/><E120/><V115/><F74/><W102/><G70/><T28/><D39/><U0/><E36/><V10/><F117/><W121/><G121/><T116/><D116/><U49/><E119/><V32/><F126/><W66/><G127/><T118/><D118/><U46/><E128/><V71/><F71/><W53/><G134/><N who="2" m="51241" /><F15/><W5/><G102/><T97/><D44/><U125/><E125/><V90/><F90/><W107/><G107/><T112/><D112/><N who="2" m="28674" /><V16/><DORA hai="50" /><F6/><N who="1" m="2089" /><E0/><V52/><F52/><W38/><G27/><AGARI ba="0,0" hai="10,12,16,24,25,27,32,33" m="28674,51241" machi="27" ten="50,12000,2" yaku="20,1,15,1,34,2,52,2,54,1" doraHai="31,50" who="2" fromWho="3" sc="285,0,291,0,118,120,306,-120" /><INIT seed="8,0,0,3,3,60" ten="285,291,238,186" oya="0" hai0="102,53,38,96,109,21,44,83,66,33,49,101,134" hai1="114,68,112,48,36,12,71,128,3,55,7,67,130" hai2="110,100,65,59,39,42,37,106,17,111,125,32,105" hai3="43,78,58,20,62,124,29,31,19,27,40,107,69"/><T18/><D33/><U5/><E36/><V15/><F32/><W93/><G107/><T92/><D134/><U52/><E12/><V122/><F122/><W24/><G69/><N who="1" m="26698" /><E67/><V120/><F125/><W26/><G124/><T87/><D66/><U70/><E70/><V131/><F131/><N who="1" m="50217" /><E55/><V57/><F120/><W77/><G93/><T13/><D109/><U95/><E95/><V47/><F37/><W50/><G29/><T34/><D34/><U56/><E3/><V123/><F123/><W84/><G50/><T35/><D35/><U64/><E64/><V76/><F76/><N who="3" m="29291" /><G84/><T108/><D108/><U126/><E126/><V82/><F82/><W23/><G27/><T104/><D38/><U97/><E97/><V46/><F46/><W72/><G72/><T113/><D113/><AGARI ba="0,0" hai="5,7,48,52,56,112,113,114" m="50217,26698" machi="113" ten="40,5200,0" yaku="11,1,19,1,54,1" doraHai="60" who="1" fromWho="0" sc="285,-52,291,52,238,0,186,0" owari="233,-17.0,343,44.0,238,4.0,186,-31.0" /></mjloggm>