<mjloggm ver="2.3"><GO type="225" lobby="0"/><UN n0="%E9%99%A4%E5%90%8D" n1="%E3%81%BF%E3%81%8B%E3%81%8B%E2%99%AA" n2="%E7%AB%8B%E8%8F%AF%E5%A5%8F" n3="%72%69%6F%75%63%68%61%6E" dan="16,16,16,17" rate="2167.29,2136.60,2140.09,2099.89" sx="M,M,F,M"/><TAIKYOKU oya="0"/><INIT seed="0,0,0,1,1,131" ten="250,250,250,250" oya="0" hai0="128,66,78,41,12,92,109,133,73,24,87,126,10" hai1="102,132,76,11,36,70,53,80,61,8,106,19,30" hai2="98,115,62,96,25,125,118,45,77,9,122,116,121" hai3="49,13,65,52,67,82,32,46,5,89,51,3,83"/><T103/><D128/><U23/><E36/><V99/><F9/><N who="3" m="4271" /><G3/><T120/><D120/><N who="2" m="46186" /><F25/><W63/><G32/><T1/><D126/><U88/><E30/><V27/><F27/><W26/><G26/><T50/><D1/><U57/><E132/><V68/><F45/><N who="3" m="27695" /><G63/><T72/><D133/><U107/><E70/><V35/><F35/><W94/><G82/><T111/><D24/><U56/><E56/><V134/><F134/><W104/><G83/><T18/><D72/><U60/><E60/><V17/><F17/><W112/><G104/><T124/><D73/><U43/><E43/><V90/><F62/><W119/><G112/><T55/><D124/><U95/><E76/><V48/><F48/><W97/><G119/><N who="2" m="45609" /><F68/><W16/><G16/><T101/><D18/><U75/><E75/><V40/><F40/><AGARI ba="0,0" hai="40,46,51,65,67,89,94,97" m="27695,4271" machi="40" ten="30,2000,0" yaku="8,1,54,1" doraHai="131" who="3" fromWho="2" sc="250,0,250,0,250,-20,250,20" /><INIT seed="1,0,0,3,1,8" ten="250,250,230,270" oya="1" hai0="120,66,113,16,10,91,35,36,15,53,112,2,29" hai1="61,130,122,69,94,117,107,62,73,54,82,6,115" hai2="80,74,110,12,34,83,72,88,99,116,92,95,101" hai3="17,20,126,81,27,18,131,87,1,39,135,7,50"/><U118/><E115/><V22/><F34/><W28/><G39/><T64/><D36/><U75/><E122/><V21/><F116/><W40/><G126/><T79/><D120/><U13/><E107/><V108/><F21/><W97/><G131/><T96/><D79/><U47/><E130/><V19/><F80/><W85/><G135/><T124/><D124/><U60/><E69/><V89/><F83/><W48/><G1/><T98/><D53/><U25/><E25/><V5/><F5/><W59/><G7/><T128/><D128/><U43/><E54/><V45/><F45/><N who="3" m="25639" /><G97/><T119/><D119/><U3/><E94/><V42/><F42/><W102/><G102/><T41/><D41/><U127/><E127/><V52/><F52/><N who="3" m="32151" /><G87/><T105/><D2/><U37/><E75/><V68/><F68/><W63/><G63/><T70/><D70/><U58/><E58/><V125/><F125/><W76/><AGARI ba="0,0" hai="17,18,20,27,28,76,81,85" m="32151,25639" machi="76" ten="30,2000,0" yaku="8,1,54,1" doraHai="8" who="3" fromWho="3" sc="250,-5,250,-10,230,-5,270,20" /><INIT seed="2,0,0,4,2,46" ten="245,240,225,290" oya="2" hai0="130,45,132,38,105,57,70,61,123,84,51,18,53" hai1="99,102,3,121,106,30,100,93,91,82,56,17,4" hai2="131,98,16,129,101,125,65,11,83,50,23,119,94" hai3="114,135,95,111,75,13,5,41,127,63,52,77,115"/><V112/><BYE who="0" /><F119/><W35/><G35/><T97/><D97/><U26/><E121/><V134/><F112/><N who="3" m="43051" /><G111/><T10/><D10/><U69/><E69/><V33/><F33/><W68/><G41/><T87/><D87/><U1/><E17/><V7/><F65/><W40/><G40/><T120/><D120/><U109/><E109/><V80/><F125/><W110/><G110/><UN n0="%E9%99%A4%E5%90%8D" /><T29/><D29/><U47/><E47/><V19/><F134/><W48/><G127/><T67/><D105/><U55/><E82/><V59/><F83/><N who="3" m="45503" /><G135/><T124/><D124/><U39/><E39/><V107/><F80/><W126/><G126/><T0/><D0/><U24/><E1/><V28/><F107/><W27/><G27/><T74/><D74/><U78/><E26/><N who="2" m="16479" /><F7/><W6/><G13/><T122/><D132/><U92/><E4/><V12/><F12/><W32/><G32/><T22/><D123/><U103/><E3/><V21/><F11/><W60/><G95/><T34/><D34/><U62/><E93/><V31/><F31/><W85/><G85/><T108/><D84/><U96/><E78/><V44/><F59/><N who="3" m="33159" /><G60/><N who="0" m="40295" /><D108/><U90/><E106/><V64/><F64/><AGARI ba="0,0" hai="5,6,63,64,68" m="33159,45503,43051" machi="64" ten="30,3900,0" yaku="11,1,52,1,54,1" doraHai="46" who="3" fromWho="2" sc="245,0,240,0,225,-39,290,39" /><INIT seed="3,0,0,1,1,95" ten="245,240,186,329" oya="3" hai0="116,110,51,48,19,60,131,130,99,35,69,132,27" hai1="67,26,7,120,91,56,61,32,119,53,73,74,52" hai2="134,59,6,49,82,46,34,101,105,55,58,0,75" hai3="71,68,30,11,78,96,10,20,88,37,118,123,113"/><W85/><G113/><T36/><D116/><U13/><E120/><V16/><F34/><W107/><G118/><T112/><D112/><U127/><E119/><V21/><F134/><W109/><G37/><T18/><D132/><U114/><E114/><V43/><F0/><W103/><G123/><T93/><D36/><U54/><E91/><V40/><F6/><W66/><G78/><T102/><D110/><U64/><E64/><V76/><F43/><W70/><G66/><N who="0" m="41159" /><D35/><U117/><E117/><V17/><F21/><W108/><G20/><N who="0" m="13719" /><D19/><U12/><E127/><V25/><F25/><W28/><G28/><T2/><D2/><U111/><E111/><N who="3" m="42570" /><G30/><T98/><D98/><U47/><E47/><V29/><F29/><W3/><G3/><T41/><D41/><U23/><E32/><V39/><REACH who="2" step="1"/><F59/><REACH who="2" ten="245,240,176,329" step="2"/><W104/><G71/><T44/><D44/><U81/><E7/><V5/><F5/><W133/><G68/><T125/><D125/><U22/><E22/><V124/><F124/><W121/><G70/><T24/><D24/><U31/><E13/><V14/><F14/><W57/><G133/><T94/><D131/><U84/><REACH who="1" step="1"/><E12/><REACH who="1" ten="245,230,176,329" step="2"/><V89/><F89/><W4/><G88/><T33/><D33/><U63/><E63/><V90/><F90/><W42/><G4/><T65/><D130/><U100/><E100/><V83/><F83/><W86/><G103/><T45/><D45/><U72/><E72/><V8/><F8/><W106/><G10/><T9/><D9/><U15/><E15/><V38/><F38/><W135/><G11/><T97/><D102/><RYUUKYOKU ba="0,2" sc="245,-15,230,15,176,15,329,-15" hai1="23,26,31,52,53,54,56,61,67,73,74,81,84" hai2="16,17,39,40,46,49,55,58,75,76,82,101,105" owari="230,-17.0,245,5.0,191,-31.0,334,43.0" /></mjloggm>