<mjloggm ver="2.3"><GO type="169" lobby="0"/><UN n0="%E3%83%8F%E3%83%83%E3%83%88%E3%83%AA%E3%82%B9" n1="%E3%83%97%E3%83%AC%E3%82%B9%E3%83%97" n2="%E3%81%A7%E3%82%93%E3%81%A4%E3%81%86" n3="%E9%81%8A%E8%B5%B0" dan="17,17,16,17" rate="2163.09,2169.51,2136.28,2195.30" sx="M,M,M,F"/><TAIKYOKU oya="0"/><INIT seed="0,0,0,2,4,11" ten="250,250,250,250" oya="0" hai0="27,37,20,80,68,115,14,110,112,95,3,36,111" hai1="78,15,65,85,0,66,97,75,79,1,124,101,38" hai2="76,59,31,61,58,120,73,52,6,108,129,12,60" hai3="33,23,92,118,9,96,67,40,34,53,106,103,88"/><T77/><D3/><U109/><E38/><V57/><F120/><W100/><G118/><T45/><D68/><U116/><E116/><V55/><F108/><N who="0" m="41514" /><D95/><U134/><E109/><V121/><F121/><W84/><G100/><T54/><D54/><U19/><E75/><V123/><F123/><W30/><G40/><N who="0" m="22663" /><D37/><U22/><E134/><V39/><F39/><W17/><G67/><T28/><D14/><U62/><E1/><V132/><F132/><W107/><G107/><T89/><D89/><U13/><E0/><V21/><F129/><W93/><G106/><T133/><D133/><U82/><E78/><V90/><F90/><W86/><G86/><AGARI ba="0,0" hai="20,27,28,77,80,86,112,115" m="22663,41514" machi="86" ten="30,2900,0" yaku="14,1,10,1" doraHai="11" who="0" fromWho="3" sc="250,29,250,0,250,0,250,-29" /><INIT seed="0,1,0,2,2,55" ten="279,250,250,221" oya="0" hai0="63,110,119,58,114,46,131,121,3,102,41,77,62" hai1="93,0,2,65,87,35,20,1,21,99,30,69,120" hai2="85,10,78,126,23,76,45,51,96,70,44,61,37" hai3="109,12,48,112,108,6,83,29,9,67,42,52,66"/><T28/><D3/><U98/><E120/><V79/><F126/><W89/><G112/><T125/><D121/><U105/><E87/><V53/><F96/><W127/><G127/><T90/><D114/><U4/><E4/><V16/><F10/><W101/><G42/><T26/><D119/><U15/><E15/><V111/><F111/><N who="3" m="42571" /><G29/><T50/><D125/><U57/><E69/><V75/><F75/><W64/><G101/><T32/><D131/><U86/><E105/><V43/><F70/><W74/><G89/><T84/><D102/><U94/><E86/><V7/><F7/><W47/><G67/><T24/><D77/><AGARI ba="1,0" hai="6,9,12,47,48,52,64,66,74,77,83" m="42571" machi="77" ten="30,2000,0" yaku="14,1,54,1" doraHai="55" who="3" fromWho="0" sc="279,-23,250,0,250,0,221,23" /><INIT seed="1,0,0,5,0,126" ten="256,250,250,244" oya="1" hai0="83,58,49,22,37,1,87,74,51,52,66,104,81" hai1="134,117,122,34,130,108,12,50,23,30,38,111,21" hai2="41,17,20,70,135,77,19,84,110,31,55,36,106" hai3="46,67,88,68,124,26,64,53,107,18,101,14,54"/><U132/><E38/><V40/><F106/><W9/><G124/><T102/><D37/><U72/><E72/><V115/><F110/><N who="1" m="42025" /><E122/><V3/><F3/><W90/><G107/><T5/><D66/><N who="3" m="25129" /><G68/><T59/><D74/><U133/><E117/><V80/><F70/><W39/><G39/><T44/><D1/><U32/><E50/><V82/><F135/><W97/><G101/><T129/><D5/><U10/><E130/><V91/><F115/><W89/><G97/><T4/><D4/><N who="1" m="3143" /><E30/><V27/><F36/><W62/><G62/><T45/><D129/><U92/><E92/><V95/><F80/><W112/><G112/><T57/><D83/><U118/><E118/><V123/><F123/><W93/><G93/><T25/><D102/><U76/><E76/><V105/><F105/><W100/><G100/><T85/><D81/><U99/><E99/><V2/><F2/><W78/><G78/><T60/><D60/><U6/><E6/><V120/><F120/><W33/><G33/><AGARI ba="0,0" hai="21,23,32,33,34,132,133,134" m="3143,42025" machi="33" ten="40,12000,1" yaku="20,1,14,1,10,1,34,2" doraHai="126" who="1" fromWho="3" sc="256,0,250,120,250,0,244,-120" /><INIT seed="1,1,0,3,3,72" ten="256,370,250,124" oya="1" hai0="129,16,67,12,55,44,26,120,85,52,81,0,28" hai1="37,18,100,76,69,116,6,108,33,87,43,4,56" hai2="97,112,80,122,62,94,51,42,65,71,40,125,135" hai3="107,82,59,30,1,91,77,15,104,96,105,61,115"/><U36/><E69/><V110/><F122/><W46/><G1/><T84/><D0/><U70/><E70/><V50/><F110/><W111/><G115/><T47/><D67/><U49/><E116/><V73/><F135/><W130/><G111/><T132/><D129/><U9/><E108/><V24/><F125/><W133/><G130/><T124/><D124/><U35/><E100/><V58/><F112/><W117/><G117/><T121/><D85/><U14/><E36/><V11/><F11/><W119/><G119/><T7/><D7/><U3/><E37/><V78/><F24/><W75/><G133/><T128/><D128/><U22/><E6/><V93/><F93/><W41/><G30/><T32/><D47/><U8/><E22/><V92/><F92/><W131/><G131/><T83/><D83/><U123/><E123/><N who="0" m="47177" /><D44/><U95/><E43/><V66/><F66/><W60/><G15/><T101/><D101/><U109/><E109/><V5/><F5/><W103/><G91/><N who="0" m="51599" /><D132/><U27/><E27/><V63/><F40/><W134/><G134/><T89/><D89/><U79/><E79/><V31/><F42/><W2/><G2/><T10/><AGARI ba="1,0" hai="10,12,16,26,28,32,52,55" m="51599,47177" machi="10" ten="30,4000,0" yaku="13,1,54,2" doraHai="72" who="0" fromWho="0" sc="256,43,370,-21,250,-11,124,-11" /><INIT seed="2,0,0,2,4,7" ten="299,349,239,113" oya="2" hai0="92,124,81,111,60,72,15,86,83,48,52,99,127" hai1="13,107,14,41,132,102,66,23,30,58,42,77,50" hai2="95,56,34,93,64,40,59,4,71,53,70,106,89" hai3="84,105,22,8,123,21,94,110,55,69,68,31,46"/><V82/><F106/><W39/><G123/><T103/><D111/><U47/><E132/><V129/><F34/><W2/><G105/><T57/><D72/><U1/><E1/><V120/><F120/><W122/><G122/><T133/><D133/><U87/><E41/><V112/><F112/><W91/><G110/><T5/><D60/><U80/><E102/><V61/><F129/><W101/><G101/><T113/><D113/><U11/><E107/><V73/><F40/><W128/><G128/><T131/><D131/><U51/><E66/><V117/><F117/><W35/><G35/><T121/><D121/><U44/><E58/><V119/><F119/><W38/><G55/><T76/><D83/><U130/><E130/><V16/><F4/><W109/><G109/><T63/><D63/><U26/><E14/><V90/><F70/><W6/><G46/><N who="1" m="17450" /><E42/><V33/><F33/><W78/><G78/><T96/><D99/><U104/><E104/><V118/><F118/><W12/><G22/><T67/><D67/><U29/><E29/><V134/><F134/><W116/><G116/><T28/><D28/><U126/><E126/><N who="0" m="48169" /><D15/><U3/><E3/><V20/><F82/><W97/><G97/><T24/><D24/><U10/><E13/><N who="2" m="9231" /><F73/><W79/><G79/><T98/><D98/><U108/><E108/><V17/><F17/><N who="3" m="10407" /><G31/><T65/><D5/><U75/><E75/><V88/><F71/><N who="3" m="27211" /><G39/><T27/><D27/><U85/><E85/><V36/><F36/><W54/><G38/><T19/><D19/><U18/><E18/><V100/><F100/><W45/><G54/><RYUUKYOKU ba="0,0" sc="299,0,349,0,239,0,113,0" hai0="48,52,57,65,76,81,86,92,96,103" hai1="10,11,23,26,30,50,51,77,80,87" hai2="53,56,59,61,64,88,89,90,93,95" hai3="2,6,8,45,84,91,94" /><INIT seed="2,1,0,2,1,130" ten="299,349,239,113" oya="2" hai0="58,83,128,39,16,71,74,65,42,44,7,80,107" hai1="122,38,84,77,34,49,89,126,123,32,95,1,111" hai2="121,120,75,21,23,55,52,40,41,4,27,30,97" hai3="102,92,51,119,78,45,91,106,8,99,64,11,100"/><V133/><F75/><W131/><G119/><T33/><D128/><U134/><E38/><V101/><F4/><W12/><G131/><T59/><D33/><U127/><E1/><V112/><F112/><W69/><G78/><T48/><D107/><U56/><E77/><V132/><F97/><W73/><G73/><T72/><D7/><U19/><E19/><V93/><F93/><W37/><G37/><T24/><D58/><U54/><E134/><N who="2" m="51819" /><F101/><W87/><G102/><T25/><D83/><U79/><E79/><V76/><F76/><W129/><G129/><T116/><D80/><U109/><E122/><N who="2" m="47211" /><F21/><W26/><G26/><T17/><D25/><U110/><E123/><V94/><F94/><W18/><G69/><T114/><D24/><U104/><E104/><V9/><F9/><W13/><G64/><T68/><D65/><U60/><E34/><V113/><F113/><W0/><G0/><T2/><D71/><U67/><E32/><V117/><F117/><W70/><G70/><AGARI ba="1,0" hai="49,54,56,60,67,70,84,89,95,109,110,111,126,127" machi="70" ten="40,1300,0" yaku="14,1" doraHai="130" who="1" fromWho="3" sc="299,0,349,16,239,0,113,-16" /><INIT seed="3,0,0,1,4,16" ten="299,365,239,97" oya="3" hai0="40,96,86,103,74,31,82,89,123,121,100,37,106" hai1="32,30,75,23,71,125,22,94,126,42,119,98,95" hai2="116,69,109,110,3,49,8,66,13,115,41,20,6" hai3="118,122,56,25,62,128,33,35,26,17,76,90,120"/><W60/><G76/><T117/><D117/><U34/><E119/><V38/><F38/><W111/><G118/><T72/><D31/><U65/><E75/><N who="0" m="28713" /><D40/><U45/><E94/><V99/><F99/><W101/><G101/><N who="0" m="62759" /><D37/><U131/><E131/><V61/><F115/><W58/><G17/><T130/><D130/><U55/><E55/><V133/><F133/><W68/><G128/><T112/><D112/><U14/><E65/><V12/><F116/><W127/><G127/><N who="1" m="48650" /><E71/><V84/><F84/><W29/><G29/><T7/><D7/><U88/><E14/><V64/><F64/><W52/><G111/><N who="2" m="42505" /><F20/><N who="1" m="7721" /><E30/><V93/><F93/><W129/><G129/><T21/><D21/><U10/><E10/><V5/><F5/><W124/><G124/><T102/><AGARI ba="0,0" hai="82,86,89,100,102,103,121,123" m="62759,28713" machi="102" ten="30,2000,0" yaku="34,2" doraHai="16" who="0" fromWho="0" sc="299,20,365,-5,239,-5,97,-10" /><INIT seed="4,0,0,3,5,33" ten="319,360,234,87" oya="0" hai0="129,54,40,119,96,30,20,61,87,19,110,45,31" hai1="125,10,57,105,90,41,106,13,43,126,34,93,17" hai2="133,59,111,76,14,117,6,101,67,56,12,132,16" hai3="55,60,97,98,46,15,78,37,62,122,68,94,0"/><T53/><D119/><U134/><E34/><V18/><F6/><W80/><G122/><T22/><D129/><U103/><E134/><V50/><F101/><W91/><G68/><T63/><D96/><U44/><E57/><V1/><F76/><W124/><G124/><N who="1" m="47722" /><E103/><V29/><F29/><W8/><G98/><T121/><D121/><U131/><E131/><V24/><F24/><W99/><G99/><T130/><D45/><U135/><E135/><V11/><F11/><W89/><G89/><T64/><D64/><U36/><E43/><V107/><F67/><W120/><G120/><T35/><D40/><U4/><E17/><V108/><F50/><W112/><G112/><T21/><D35/><U92/><E92/><V74/><F74/><W81/><G81/><T104/><D19/><U23/><E23/><V70/><F70/><W75/><G15/><T5/><D130/><U102/><E102/><V26/><F26/><W69/><G69/><T65/><D65/><U58/><E58/><V25/><F25/><W7/><REACH who="3" step="1"/><G55/><REACH who="3" ten="319,360,234,77" step="2"/><T49/><D54/><U123/><E123/><V79/><F12/><W71/><G71/><T82/><D53/><U9/><E90/><V2/><F14/><W118/><G118/><T28/><D28/><U32/><E13/><V86/><F117/><W83/><G83/><T73/><D31/><U39/><E10/><V113/><F113/><W38/><G38/><T88/><D30/><U47/><E39/><V116/><F116/><W109/><G109/><T127/><D110/><U100/><E36/><V84/><F79/><W66/><G66/><RYUUKYOKU ba="0,1" sc="319,-15,360,-15,234,15,77,15" hai2="1,2,16,18,56,59,84,86,107,108,111,132,133" hai3="0,7,8,37,46,60,62,75,78,80,91,94,97" /><INIT seed="5,1,1,5,2,50" ten="304,345,249,92" oya="1" hai0="10,90,86,56,34,127,97,68,102,60,28,63,27" hai1="72,31,87,19,73,110,96,58,67,89,17,65,66" hai2="20,78,57,104,1,82,111,107,108,24,39,105,112" hai3="2,61,128,35,120,98,15,59,13,26,121,16,101"/><U115/><E115/><V100/><F39/><W22/><G128/><T126/><D10/><U23/><E110/><V54/><F1/><W4/><G13/><T125/><D68/><U77/><E96/><V81/><F100/><W12/><G12/><T62/><D86/><U45/><E77/><V11/><F11/><W69/><G2/><T32/><D90/><U117/><E117/><V99/><F99/><W36/><G36/><T91/><D91/><U106/><E106/><V43/><F43/><W71/><G71/><T7/><D7/><U53/><E72/><V47/><F47/><W5/><G5/><T109/><D109/><U119/><E73/><V49/><F112/><W85/><G85/><T95/><REACH who="0" step="1"/><D34/><REACH who="0" ten="294,345,249,92" step="2"/><U122/><E119/><V135/><F82/><W21/><G69/><T88/><D88/><U116/><E116/><V55/><F81/><W0/><G35/><T30/><D30/><U70/><E70/><V51/><F78/><W84/><G84/><T129/><D129/><U48/><E31/><V132/><F111/><W130/><G130/><T6/><D6/><U25/><E19/><V42/><F108/><W18/><G0/><T103/><D103/><U41/><E122/><V76/><F76/><W8/><G4/><T123/><D123/><U44/><E41/><V3/><F42/><W75/><G75/><T131/><D131/><U83/><AGARI ba="1,2" hai="17,23,25,44,45,48,53,58,65,66,67,83,87,89" machi="83" ten="30,6000,0" yaku="0,1,8,1,52,1" doraHai="50" who="1" fromWho="1" sc="294,-21,345,83,249,-21,92,-21" /><INIT seed="5,2,0,4,2,55" ten="273,428,228,71" oya="1" hai0="120,87,61,69,81,71,34,53,40,135,107,43,8" hai1="133,39,79,25,122,78,20,2,66,75,46,31,109" hai2="113,90,54,108,116,41,19,12,83,3,0,44,11" hai3="92,48,119,14,93,26,112,110,59,76,98,132,62"/><U33/><E122/><V17/><F108/><W85/><G110/><T86/><D107/><U27/><E109/><V37/><F116/><W88/><G119/><T18/><D34/><U1/><E133/><V111/><F111/><W94/><G132/><T38/><D120/><U22/><E33/><V99/><F113/><W106/><G112/><T36/><D53/><U95/><E66/><V9/><F99/><W77/><G106/><T124/><D61/><U21/><E95/><V105/><F105/><W84/><G48/><T82/><D135/><U6/><E6/><V126/><F126/><W28/><G14/><T24/><D8/><U127/><E127/><V57/><F90/><W29/><G93/><T91/><D18/><U130/><E130/><V51/><F83/><W123/><G123/><T121/><D121/><U58/><E22/><V64/><F64/><W65/><G84/><T45/><D24/><U13/><E13/><AGARI ba="2,0" hai="0,3,9,11,12,13,17,19,37,41,44,51,54,57" machi="13" ten="40,2600,0" yaku="9,1,52,1" doraHai="55" who="2" fromWho="1" sc="273,0,428,-32,228,32,71,0" /><INIT seed="6,0,0,0,5,133" ten="273,396,260,71" oya="2" hai0="27,107,127,116,54,52,15,16,2,55,21,130,28" hai1="109,36,132,122,64,34,67,10,121,94,43,104,100" hai2="44,90,115,117,83,96,86,113,47,42,4,40,103" hai3="78,66,70,95,38,79,6,1,112,53,91,19,92"/><V75/><F117/><W88/><G38/><T22/><D116/><U77/><E109/><V99/><F4/><W57/><G70/><T61/><D130/><U65/><E34/><V29/><F29/><W134/><G134/><T26/><D2/><U106/><E77/><V93/><F75/><W3/><G6/><T50/><D127/><U102/><E10/><V126/><F126/><W7/><G7/><T0/><D0/><U11/><E11/><V110/><F110/><W120/><G66/><T35/><D61/><U123/><E132/><V33/><F33/><W81/><G19/><T105/><REACH who="0" step="1"/><D50/><REACH who="0" ten="263,396,260,71" step="2"/><U24/><E121/><V108/><F108/><W68/><G120/><T51/><D51/><U76/><E122/><V124/><F124/><W32/><G68/><T72/><D72/><U71/><E71/><V20/><F115/><W80/><G112/><T56/><D56/><U87/><E123/><V84/><F113/><W97/><G32/><T135/><D135/><U14/><E36/><V63/><F63/><W46/><G57/><T23/><D23/><U128/><E128/><V131/><F20/><W48/><G3/><T74/><D74/><U9/><E9/><V25/><F131/><W12/><G1/><T18/><AGARI ba="0,1" hai="15,16,18,21,22,26,27,28,35,52,54,55,105,107" machi="18" ten="30,7900,0" yaku="1,1,0,1,54,2,53,0" doraHai="133" doraHaiUra="119" who="0" fromWho="0" sc="263,89,396,-20,260,-39,71,-20" /><INIT seed="7,0,0,4,3,10" ten="352,376,221,51" oya="3" hai0="47,132,127,26,41,116,96,113,97,55,119,82,63" hai1="95,104,13,93,102,115,8,40,37,46,68,112,76" hai2="44,36,16,58,121,106,94,73,64,105,52,48,69" hai3="101,61,88,77,1,24,91,122,87,25,60,9,30"/><W62/><G122/><T79/><D127/><U83/><E68/><V0/><F73/><W129/><G129/><T27/><D132/><U54/><E54/><V99/><F0/><W4/><G101/><T57/><D116/><U125/><E125/><V14/><F69/><W33/><REACH who="3" step="1"/><G25/><REACH who="3" ten="352,376,221,41" step="2"/><T17/><D26/><U120/><E120/><V59/><F121/><W126/><G126/><T103/><D103/><U70/><E102/><N who="2" m="60791" /><F36/><W134/><G134/><T15/><D27/><U49/><E37/><V75/><F75/><W20/><G20/><T12/><D119/><U32/><E32/><V135/><F135/><W118/><G118/><T34/><D34/><U5/><E104/><V7/><F106/><W98/><G98/><T107/><D107/><U11/><E11/><N who="2" m="6239" /><F105/><W29/><G29/><T109/><D97/><U80/><E8/><V74/><F74/><W39/><G39/><T111/><D96/><U22/><E22/><V18/><F7/><W51/><G51/><T108/><D108/><U86/><E49/><V6/><F6/><W21/><G21/><T3/><D111/><U45/><E5/><V38/><F38/><W67/><G67/><T85/><D109/><U53/><E112/><V89/><F64/><W92/><G92/><T100/><D113/><U19/><E93/><V72/><F72/><W130/><G130/><T66/><D66/><U43/><E95/><V71/><F18/><W2/><G2/><T65/><D65/><U35/><E19/><V133/><F133/><W114/><G114/><T78/><D17/><U31/><E115/><V56/><F71/><RYUUKYOKU ba="0,1" sc="352,-15,376,-15,221,15,41,15" hai2="44,48,52,56,58,59,89" hai3="1,4,9,24,30,33,60,61,62,77,87,88,91" /><INIT seed="7,1,1,2,0,132" ten="337,361,236,56" oya="3" hai0="81,97,31,45,77,68,116,30,47,95,127,40,27" hai1="92,59,24,113,84,56,9,42,93,55,83,125,23" hai2="72,67,7,43,0,34,32,11,57,124,133,101,16" hai3="103,94,64,41,26,44,37,118,51,36,62,19,106"/><W46/><G118/><T39/><D127/><U126/><E113/><V109/><F72/><W117/><G117/><T38/><D68/><U61/><E125/><V119/><F124/><W3/><G3/><T14/><D116/><U135/><E135/><V88/><F109/><W89/><G106/><T114/><D14/><U69/><E42/><V63/><F133/><W107/><G107/><T53/><D114/><U73/><E73/><V74/><F74/><W25/><G103/><T98/><D98/><U111/><E69/><V134/><F101/><W80/><G80/><T10/><D10/><U75/><E75/><V20/><F43/><W8/><G8/><T66/><D66/><N who="1" m="39207" /><E111/><V15/><F134/><W91/><G91/><T76/><D27/><U70/><E70/><V87/><REACH who="2" step="1"/><F119/><REACH who="2" ten="337,361,226,56" step="2"/><W58/><G19/><T85/><D39/><U120/><E126/><V86/><F86/><W22/><G22/><T115/><D115/><U48/><E120/><V2/><F2/><W12/><G12/><T104/><D38/><U17/><E9/><V110/><F110/><W112/><G112/><T105/><D85/><U71/><E71/><V52/><F52/><W21/><G21/><T29/><D53/><U13/><E24/><V6/><F6/><W28/><G28/><T128/><D31/><U49/><E23/><V65/><F65/><W121/><G121/><T96/><D29/><U50/><E17/><V100/><F100/><W82/><G37/><T33/><D30/><U108/><E13/><V131/><F131/><W130/><G130/><T18/><D128/><U4/><E108/><RYUUKYOKU ba="1,2" sc="337,-10,361,-10,226,30,56,-10" hai2="0,7,11,15,16,20,32,34,57,63,67,87,88" owari="327,13.0,371,46.0,256,-14.0,46,-45.0" /></mjloggm>