<mjloggm ver="2.3"><GO type="185" lobby="0"/><UN n0="%E5%A4%9A%E6%9E%97%E6%99%8B" n1="%74%69%65%66%62%6C%61%75" n2="%E3%83%9A%E3%83%9A%E3%83%AD%E3%83%B3%E3%83%81%E3%83%BC%E3%83%8E%37" n3="" dan="16,16,16,0" rate="2182.73,2162.02,2104.71,1500.00" sx="M,M,M,C"/><TAIKYOKU oya="0"/><INIT seed="0,0,0,2,3,63" ten="350,350,350,0" oya="0" hai0="84,79,43,107,70,113,36,41,130,2,103,32,86" hai1="108,64,75,121,67,53,45,118,66,56,44,0,100" hai2="88,40,97,102,83,49,52,128,82,96,38,62,115" hai3=""/><T127/><D2/><U105/><N who="1" m="31008" /><U110/><E0/><V42/><F115/><T99/><D32/><U126/><E75/><V135/><F128/><T120/><N who="0" m="30752" /><T119/><D113/><U78/><E78/><V50/><F38/><T132/><D130/><U90/><E118/><V131/><F131/><T87/><D119/><U112/><E112/><V3/><F135/><T93/><D132/><U85/><E100/><V68/><F50/><T94/><D70/><U77/><E77/><V35/><F35/><T57/><D127/><U101/><E101/><V39/><F39/><T89/><D57/><U114/><E105/><V37/><F37/><T48/><D48/><U71/><E114/><V46/><F97/><T123/><N who="0" m="31520" /><T111/><D36/><U69/><E126/><V65/><F3/><T80/><D111/><N who="1" m="42539" /><E53/><V54/><F54/><T73/><REACH who="0" step="1"/><D94/><REACH who="0" ten="340,350,350,0" step="2"/><U58/><E56/><V91/><F68/><N who="1" m="26185" /><E58/><V122/><F122/><T133/><D133/><U117/><E117/><V92/><F92/><AGARI ba="0,1" hai="44,45,64,66,67,85,90,92" m="26185,42539,31008" machi="92" ten="40,8000,1" yaku="14,1,52,4" doraHai="63" who="1" fromWho="2" sc="340,0,350,90,350,-80,0,0" /><INIT seed="1,0,0,3,3,97" ten="340,440,270,0" oya="1" hai0="43,87,73,93,0,115,53,36,64,51,82,52,120" hai1="37,119,34,58,47,133,46,96,54,127,67,80,2" hai2="60,86,116,33,76,75,100,65,90,77,32,62,106" hai3=""/><U35/><E2/><V91/><F116/><T44/><N who="0" m="30752" /><T129/><D0/><U125/><E119/><V124/><F124/><N who="1" m="47689" /><E133/><V95/><F62/><T118/><D118/><U99/><E67/><V81/><F77/><T102/><D115/><U112/><E112/><V74/><F91/><T39/><D129/><U110/><E110/><V63/><F63/><T92/><D73/><U1/><E1/><V94/><F94/><T134/><D134/><U105/><E80/><V79/><F79/><T130/><D130/><U72/><E72/><V42/><F42/><T66/><D43/><U49/><E37/><V111/><F111/><T55/><D82/><U50/><E105/><V70/><F75/><T128/><D64/><U48/><E99/><AGARI ba="0,0" hai="32,33,60,65,70,74,76,81,86,90,95,99,100,106" machi="99" ten="40,5200,0" yaku="24,2,52,1" doraHai="97" who="2" fromWho="1" sc="340,0,440,-52,270,52,0,0" /><INIT seed="2,0,0,2,1,55" ten="340,388,322,0" oya="2" hai0="82,111,84,125,109,59,110,86,121,106,33,94,134" hai1="34,132,129,99,104,43,120,38,85,98,133,54,123" hai2="96,67,35,131,117,41,127,2,52,46,124,51,1" hai3=""/><V108/><F35/><T100/><N who="0" m="31008" /><T63/><D33/><U53/><N who="1" m="30752" /><U36/><N who="1" m="31520" /><U103/><E34/><V57/><F117/><T3/><D3/><U74/><E74/><V47/><F131/><T75/><D134/><N who="1" m="51819" /><E129/><V130/><F130/><T118/><D118/><U93/><E85/><V70/><F108/><T114/><D114/><U73/><E73/><V107/><F47/><T48/><D106/><U112/><E112/><V79/><F79/><T105/><D105/><U62/><E43/><V81/><F81/><T87/><D125/><N who="2" m="48202" /><F96/><T39/><D75/><U37/><E62/><V65/><F107/><T44/><D82/><U97/><E97/><V122/><N who="2" m="31264" /><V116/><F116/><T50/><D94/><U119/><E119/><V66/><F70/><T32/><D32/><U78/><E78/><V102/><F102/><AGARI ba="0,0" hai="36,37,38,53,54,93,98,99,102,103,104" m="51819,31520,30752" machi="102" ten="40,5200,0" yaku="20,1,52,2" doraHai="55" who="1" fromWho="2" sc="340,0,388,52,322,-52,0,0" /><INIT seed="4,0,0,0,5,88" ten="340,440,270,0" oya="0" hai0="72,39,75,117,51,56,118,46,34,95,132,60,33" hai1="61,45,86,59,43,126,62,122,53,130,38,58,89" hai2="103,74,91,78,42,37,135,127,76,119,106,108,120" hai3=""/><T116/><D39/><U100/><N who="1" m="31264" /><U90/><E126/><V93/><N who="2" m="30752" /><V48/><F37/><T94/><D132/><U97/><E130/><V121/><N who="2" m="31008" /><V79/><F135/><T114/><D114/><U32/><E32/><V104/><F108/><T131/><D131/><U64/><E86/><V67/><F67/><T2/><D2/><U85/><E85/><V57/><F127/><T109/><D109/><U123/><N who="1" m="31520" /><U115/><E115/><V36/><F36/><T40/><D33/><U84/><E84/><V107/><F57/><T70/><D70/><U80/><E80/><V81/><F48/><T134/><D134/><U87/><E87/><V50/><F50/><T112/><D112/><U69/><E69/><V105/><F42/><T68/><D68/><U55/><E64/><V99/><F119/><T124/><D34/><U0/><E0/><V71/><F71/><T41/><D124/><U44/><E44/><V82/><F74/><T113/><D75/><U133/><E133/><V110/><F110/><T125/><D125/><U54/><E54/><V98/><AGARI ba="0,0" hai="76,78,79,81,82,91,93,98,99,103,104,105,106,107" m="31008,30752" machi="98" ten="40,12000,3" yaku="0,1,35,6,52,3" doraHai="88" who="2" fromWho="2" sc="340,-80,440,-40,270,120,0,0" /><INIT seed="5,0,0,4,1,110" ten="260,400,390,0" oya="1" hai0="134,40,105,135,95,66,124,52,45,115,60,104,82" hai1="50,125,92,80,55,35,64,75,47,58,133,33,76" hai2="126,107,99,97,56,132,108,130,70,118,61,91,90" hai3=""/><U122/><N who="1" m="31264" /><U128/><E133/><N who="0" m="50697" /><D124/><U68/><E125/><V48/><F130/><T1/><D1/><U96/><E128/><V38/><F108/><T78/><D95/><U116/><E116/><V81/><F38/><T102/><D102/><U83/><E68/><V71/><F118/><T65/><D52/><U129/><E129/><V100/><F71/><T67/><D60/><U72/><E64/><N who="0" m="16385" /><T49/><DORA hai="39" /><D115/><U87/><E58/><V44/><F70/><T2/><D2/><U59/><E59/><V73/><F126/><T113/><D113/><U37/><E37/><V34/><F56/><T98/><D98/><U114/><E114/><V131/><F61/><T74/><AGARI ba="0,0" hai="40,45,49,74,78,82,104,105" m="16385,50697" machi="74" ten="40,2000,0" yaku="20,1,52,1" doraHai="110,39" who="0" fromWho="0" sc="260,20,400,-13,390,-7,0,0" /><INIT seed="6,0,0,1,3,115" ten="280,387,383,0" oya="2" hai0="95,108,112,131,79,125,106,40,127,60,118,104,65" hai1="92,93,39,71,110,53,32,96,47,126,88,35,59" hai2="2,70,48,116,50,77,102,58,129,34,87,54,101" hai3=""/><V36/><F116/><T83/><D108/><U43/><E110/><V80/><F34/><T130/><D112/><U105/><E105/><N who="0" m="40553" /><D40/><U123/><N who="1" m="31520" /><U94/><E71/><V72/><F36/><T117/><D95/><U62/><E126/><N who="0" m="48137" /><D60/><U133/><E133/><V128/><F70/><T74/><D65/><U99/><E93/><V44/><F72/><T85/><D85/><U67/><E67/><V89/><F77/><T57/><D57/><U68/><E68/><V90/><F90/><AGARI ba="0,0" hai="32,35,39,43,47,53,59,62,88,90,92,94,96,99" m="31520" machi="90" ten="30,7700,0" yaku="7,1,9,1,52,1,54,1" doraHai="115" who="1" fromWho="2" sc="280,0,387,77,383,-77,0,0" owari="280,-32.0,464,41.0,306,-9.0,0,0.0" /></mjloggm>