<mjloggm ver="2.3"><GO type="169" lobby="0"/><UN n0="%E4%BA%8C%E3%81%93%E4%BA%8C%E3%81%93" n1="%E4%B8%BB%E5%B8%AD" n2="%E3%81%A4%E3%81%91%E3%82%82%E3%81%AE" n3="%E6%AD%8C%E8%88%9E%E4%BC%8E%E5%90%9B" dan="16,16,17,16" rate="2073.12,2161.64,2156.85,2098.82" sx="M,M,M,M"/><TAIKYOKU oya="0"/><INIT seed="0,0,0,3,1,96" ten="250,250,250,250" oya="0" hai0="67,94,26,29,68,129,98,62,21,82,74,64,10" hai1="30,61,93,77,109,53,36,99,27,101,43,58,63" hai2="120,8,127,25,105,91,110,46,112,107,80,37,118" hai3="114,42,41,0,50,45,123,7,33,85,75,126,55"/><T35/><D129/><U132/><E132/><V3/><F120/><W18/><G75/><T106/><D10/><U72/><E109/><V71/><F110/><W20/><G33/><T47/><D47/><U128/><E128/><V1/><F112/><W124/><G114/><T108/><D108/><U2/><E2/><V90/><F71/><W57/><G123/><T76/><D64/><U117/><E117/><V34/><F127/><W56/><G7/><T69/><D106/><U44/><E77/><V89/><F118/><W11/><G11/><T17/><D17/><U5/><E5/><V38/><F80/><W28/><G28/><T134/><D134/><U70/><E72/><V122/><F122/><W84/><G56/><T95/><D95/><U119/><E119/><V83/><F83/><W15/><G0/><T51/><D51/><U88/><E70/><V111/><F111/><W116/><G116/><T24/><D24/><U100/><E63/><V79/><F79/><W92/><G42/><T23/><REACH who="0" step="1"/><D69/><REACH who="0" ten="240,250,250,250" step="2"/><U59/><E58/><V65/><F65/><W97/><G126/><T81/><D81/><U133/><E133/><V12/><F46/><W49/><REACH who="3" step="1"/><G124/><REACH who="3" ten="240,250,250,240" step="2"/><T86/><D86/><U19/><REACH who="1" step="1"/><E19/><REACH who="1" ten="240,240,250,240" step="2"/><V4/><F4/><W52/><G52/><T54/><D54/><U22/><AGARI ba="0,3" hai="22,27,30,36,43,44,53,59,61,88,93,99,100,101" machi="22" ten="20,12000,2" yaku="1,1,2,1,0,1,7,1,52,2,54,1,53,0" doraHai="96" doraHaiUra="32" who="1" fromWho="1" sc="240,-60,240,150,250,-30,240,-30" /><INIT seed="1,0,0,4,5,100" ten="180,390,220,210" oya="1" hai0="67,111,74,91,49,17,39,61,46,75,98,83,125" hai1="93,52,32,42,82,55,54,87,101,13,78,70,92" hai2="9,119,66,0,99,1,6,60,58,81,51,96,134" hai3="129,115,122,135,69,117,79,114,57,62,4,37,11"/><U89/><E70/><V24/><F134/><W73/><G122/><T19/><D39/><U35/><E42/><V127/><F127/><W95/><G37/><T28/><D111/><U109/><E109/><V26/><F119/><W31/><G69/><T63/><D63/><U90/><E101/><V128/><F128/><W85/><G31/><T80/><D125/><U113/><E113/><V34/><F0/><W21/><G21/><T88/><D28/><U25/><E13/><V18/><F34/><W120/><G73/><T86/><D75/><U27/><E35/><V59/><F81/><N who="3" m="47295" /><G95/><T108/><D108/><U131/><E131/><V23/><F26/><N who="1" m="9737" /><E32/><V5/><F5/><W71/><G71/><T7/><D7/><U94/><AGARI ba="0,0" hai="52,54,55,78,82,87,89,90,92,93,94" m="9737" machi="94" ten="40,3900,0" yaku="8,1,54,1" doraHai="100" who="1" fromWho="1" sc="180,-13,390,39,220,-13,210,-13" /><INIT seed="1,1,0,2,1,85" ten="167,429,207,197" oya="1" hai0="115,35,59,9,21,91,131,69,52,95,11,101,77" hai1="67,42,50,39,61,19,117,126,1,5,135,125,40" hai2="96,71,10,133,78,3,32,60,8,94,120,122,90" hai3="129,12,124,22,36,14,74,63,51,100,107,65,43"/><U109/><E117/><V79/><F32/><W111/><G74/><T57/><D35/><U23/><E39/><V38/><F38/><W82/><G36/><T105/><D69/><U130/><E130/><V106/><F106/><W27/><G82/><T4/><D131/><U6/><E135/><V83/><F133/><W128/><G12/><T0/><D77/><U44/><E42/><V26/><F79/><W16/><G111/><T29/><D105/><U37/><E37/><V64/><F26/><W30/><G124/><N who="1" m="47722" /><E1/><V104/><F104/><W45/><G100/><T49/><D101/><U87/><E109/><V114/><F114/><W54/><G107/><T53/><D115/><U80/><E23/><V47/><F47/><W76/><G76/><T70/><D70/><N who="1" m="42351" /><E19/><V103/><F103/><W81/><G43/><T55/><D4/><U119/><E119/><V123/><REACH who="2" step="1"/><F3/><REACH who="2" ten="167,429,197,197" step="2"/><W48/><G129/><T2/><D2/><U41/><E41/><V25/><F25/><W134/><G128/><T73/><D0/><U99/><E40/><V34/><F34/><W98/><G134/><T33/><D33/><U15/><E44/><V93/><F93/><W72/><G27/><T113/><D95/><U84/><E80/><V13/><F13/><W20/><G81/><T132/><D132/><U89/><E15/><V68/><F68/><W92/><G45/><T18/><D113/><U58/><E58/><V31/><F31/><W108/><G30/><T28/><D28/><U118/><E118/><V75/><AGARI ba="1,1" hai="8,10,60,64,71,75,78,83,90,94,96,120,122,123" machi="75" ten="30,4000,0" yaku="1,1,0,1,52,1,53,0" doraHai="85" doraHaiUra="17" who="2" fromWho="2" sc="167,-11,429,-21,197,53,197,-11" /><INIT seed="2,0,0,1,2,80" ten="156,408,250,186" oya="2" hai0="100,15,124,118,37,20,131,108,106,130,70,9,89" hai1="66,3,102,34,99,50,0,52,120,90,121,75,104" hai2="117,58,55,14,77,48,18,79,56,101,13,7,132" hai3="44,76,112,67,24,17,68,39,22,116,82,94,53"/><V63/><F132/><W133/><G116/><T64/><D37/><U125/><E125/><V110/><F117/><W5/><G133/><T6/><D124/><U57/><E34/><V111/><F101/><W71/><G112/><T129/><D118/><U25/><E75/><V65/><F7/><W49/><G67/><T84/><D108/><N who="2" m="41514" /><F13/><W105/><G105/><T115/><D115/><U88/><E25/><V69/><F69/><W16/><G39/><T29/><D100/><U38/><E66/><V54/><F65/><W31/><G94/><T1/><D106/><U51/><E38/><V59/><F59/><W98/><G98/><T92/><D64/><U11/><E51/><V32/><F32/><W40/><G5/><T91/><D91/><N who="1" m="34859" /><E11/><AGARI ba="0,0" hai="11,14,18,48,54,55,56,58,63,77,79" m="41514" machi="11" ten="30,2900,0" yaku="14,1,10,1" doraHai="80" who="2" fromWho="1" sc="156,0,408,-29,250,29,186,0" /><INIT seed="2,1,0,3,3,2" ten="156,379,279,186" oya="2" hai0="17,30,108,88,113,85,20,62,44,65,43,55,29" hai1="71,96,64,130,117,100,50,58,40,5,120,37,133" hai2="42,59,22,114,3,21,14,31,63,94,35,24,95" hai3="9,73,11,41,72,89,87,4,83,76,66,7,6"/><V86/><F114/><W131/><G131/><T82/><D108/><U102/><E117/><V28/><F3/><W103/><G103/><T99/><D99/><U107/><E130/><V129/><F129/><W124/><G124/><T46/><D55/><N who="1" m="32119" /><E102/><V15/><F42/><W12/><G66/><T39/><D46/><N who="1" m="23823" /><E133/><V57/><F86/><W74/><G41/><T128/><D113/><U97/><E97/><V52/><F35/><W127/><G127/><T118/><D118/><U18/><E18/><V38/><F38/><W10/><REACH who="3" step="1"/><G12/><REACH who="3" ten="156,379,279,176" step="2"/><T56/><REACH who="0" step="1"/><D128/><REACH who="0" ten="146,379,279,176" step="2"/><U49/><E120/><V27/><F52/><W75/><G75/><T8/><D8/><U0/><E64/><V116/><F116/><W81/><AGARI ba="1,2" hai="4,6,7,9,10,11,72,73,74,76,81,83,87,89" machi="81" ten="40,8000,1" yaku="1,1,0,1,52,3,53,0" doraHai="2" doraHaiUra="109" who="3" fromWho="3" sc="146,-21,379,-21,279,-41,176,103" /><INIT seed="3,0,0,5,5,123" ten="125,358,238,279" oya="3" hai0="64,98,79,76,115,132,85,19,38,9,68,70,56" hai1="17,81,60,26,135,110,52,131,121,62,71,92,43" hai2="87,61,14,78,72,107,133,3,32,0,124,21,30" hai3="94,93,126,75,83,31,33,46,37,40,65,77,28"/><W114/><G114/><T23/><D38/><U4/><E121/><V95/><F107/><W112/><G112/><T20/><D115/><U55/><E131/><V50/><F72/><W105/><G105/><T127/><D132/><U35/><E135/><V57/><F133/><W96/><G126/><T44/><D127/><U47/><E4/><V53/><F32/><W48/><G65/><T109/><D109/><U73/><E92/><V104/><F104/><W111/><G111/><T118/><D44/><U39/><E73/><V15/><F0/><W108/><G108/><T7/><D98/><U49/><E81/><V27/><F3/><W24/><G31/><T6/><D6/><U84/><E110/><V5/><F5/><W63/><G63/><T42/><D42/><U18/><E84/><V41/><F124/><W67/><G67/><T11/><D11/><U128/><E128/><V99/><F41/><W8/><G8/><T2/><D68/><U22/><E35/><V51/><F87/><W101/><REACH who="3" step="1"/><G94/><REACH who="3" ten="125,358,238,269" step="2"/><T119/><D9/><U103/><E62/><V12/><REACH who="2" step="1"/><F78/><REACH who="2" ten="125,358,228,269" step="2"/><W13/><G13/><T45/><D76/><U29/><E26/><V74/><F74/><W125/><G125/><T10/><D79/><U120/><E120/><V100/><AGARI ba="0,2" hai="12,14,15,21,27,30,50,51,53,57,61,95,99,100" machi="100" ten="30,4000,0" yaku="1,1,0,1,8,1,53,0" doraHai="123" doraHaiUra="1" who="2" fromWho="2" sc="125,-10,358,-10,228,60,269,-20" /><INIT seed="4,0,0,0,3,69" ten="115,348,288,249" oya="0" hai0="54,6,63,8,65,22,92,123,5,14,132,58,76" hai1="48,97,13,78,82,107,44,41,131,119,10,39,130" hai2="70,68,128,46,42,111,11,81,34,122,133,114,56" hai3="25,30,87,7,51,89,18,129,24,109,45,35,102"/><T15/><D132/><U67/><E119/><V96/><F34/><W33/><G129/><N who="1" m="49162" /><E67/><V1/><F133/><W64/><G109/><T66/><D123/><U27/><E27/><V135/><F111/><W0/><G64/><T60/><D76/><U28/><E28/><V125/><F122/><W31/><G102/><T117/><D117/><U77/><E48/><V118/><F135/><W23/><G7/><T85/><D22/><U93/><E82/><V100/><F81/><W91/><G0/><T106/><D106/><U99/><E107/><V12/><F1/><W84/><G84/><T105/><D105/><U110/><E110/><V134/><F118/><W113/><G113/><T80/><D80/><U59/><E59/><V55/><F114/><W61/><G61/><T73/><D73/><U37/><E37/><V104/><F128/><W101/><G101/><T47/><D47/><U53/><E53/><V115/><F115/><W43/><G87/><T120/><D120/><U38/><E38/><V16/><F134/><W83/><G83/><T36/><D36/><U112/><E112/><V2/><F2/><W57/><G57/><T40/><D40/><U71/><E71/><V108/><F108/><W62/><G62/><T26/><D26/><AGARI ba="0,0" hai="18,23,24,25,26,30,31,33,35,43,45,51,89,91" machi="26" ten="30,2000,0" yaku="7,1,9,1" doraHai="69" who="3" fromWho="0" sc="115,-20,348,0,288,0,249,20" /><INIT seed="5,0,0,1,4,116" ten="95,348,288,269" oya="1" hai0="102,43,33,98,1,25,71,5,12,41,68,11,122" hai1="106,20,10,40,70,89,27,7,46,9,21,66,34" hai2="57,44,130,37,28,113,83,81,120,59,82,76,123" hai3="131,3,90,54,36,31,103,80,96,104,117,0,95"/><U128/><E106/><V78/><F28/><W110/><G110/><T64/><D12/><U8/><E128/><V126/><F130/><W118/><G131/><T29/><D68/><U4/><E34/><V75/><F126/><W77/><G36/><T133/><D133/><U61/><E89/><V47/><F37/><W38/><G31/><T23/><D23/><U19/><REACH who="1" step="1"/><E21/><REACH who="1" ten="95,338,288,269" step="2"/><V108/><F108/><W49/><G118/><T35/><D33/><U18/><E18/><V52/><F78/><W121/><G117/><T97/><D35/><U94/><E94/><V55/><F76/><W129/><G129/><T67/><D102/><U62/><E62/><V119/><F119/><W65/><G90/><T30/><D30/><U127/><E127/><V124/><F124/><W72/><G95/><T85/><D29/><U56/><E56/><V26/><F59/><W115/><G104/><T114/><D71/><U79/><E79/><V6/><F57/><W45/><G77/><T48/><D5/><U92/><E92/><V24/><F6/><W87/><G103/><T13/><D114/><U99/><E99/><V22/><F22/><W60/><G96/><T14/><D97/><U88/><E88/><V73/><F82/><W100/><G115/><AGARI ba="0,1" hai="24,26,44,47,52,55,73,75,81,83,113,115,120,123" machi="115" ten="25,8000,1" yaku="22,2,52,2,54,1" doraHai="116" who="2" fromWho="3" sc="95,0,338,0,288,90,269,-80" /><INIT seed="6,0,0,3,1,76" ten="95,338,378,189" oya="2" hai0="93,98,83,37,23,124,82,57,113,121,103,2,88" hai1="99,65,102,95,22,70,128,61,94,0,6,78,90" hai2="122,46,24,52,111,40,100,112,81,29,75,108,30" hai3="45,86,129,12,21,125,54,115,109,97,71,31,107"/><V33/><F122/><W28/><G71/><T4/><D37/><U59/><E128/><V119/><F119/><W16/><G109/><N who="2" m="42057" /><F100/><W1/><G1/><T60/><D121/><U131/><E131/><V67/><F67/><W118/><G118/><T19/><D113/><U106/><E0/><V26/><F112/><W53/><G129/><T20/><D124/><U92/><E78/><N who="2" m="44255" /><F52/><W49/><G125/><T87/><D2/><U17/><E6/><V62/><F62/><W43/><G115/><T135/><D4/><U123/><E123/><V77/><F77/><W101/><G53/><N who="0" m="33839" /><D135/><U47/><E47/><V35/><F46/><W27/><G54/><T50/><D50/><U84/><REACH who="1" step="1"/><E70/><REACH who="1" ten="95,328,378,189" step="2"/><V130/><F130/><W32/><G45/><T51/><D51/><U79/><E79/><V116/><F116/><W63/><G43/><AGARI ba="0,1" hai="24,26,29,30,33,35,40,43" m="44255,42057" machi="43" ten="30,2900,0" yaku="10,1,52,1" doraHai="76" who="2" fromWho="3" sc="95,0,328,0,378,39,189,-29" /><INIT seed="6,1,0,1,2,112" ten="95,328,417,160" oya="2" hai0="8,68,58,13,38,15,11,34,124,4,28,62,82" hai1="55,119,101,89,96,102,80,79,106,39,71,111,103" hai2="52,78,109,63,29,115,44,12,32,50,66,87,92" hai3="27,21,117,133,64,121,97,70,35,17,120,26,118"/><V9/><F115/><W128/><G97/><T56/><D38/><U135/><E39/><V10/><F109/><W91/><G64/><T49/><D124/><U131/><E71/><V45/><F32/><W69/><G91/><T42/><D82/><U85/><E55/><V108/><F108/><W33/><G17/><T54/><D68/><U2/><E111/><V57/><F29/><W59/><G21/><T18/><D34/><U76/><E2/><V61/><F9/><W72/><G59/><T22/><D28/><U53/><E53/><V6/><F63/><W37/><G37/><T130/><D130/><U122/><E122/><V31/><F31/><W100/><G100/><N who="1" m="38506" /><E131/><V94/><F45/><W16/><G16/><T73/><D73/><N who="1" m="43023" /><E135/><V24/><F24/><W1/><G128/><T65/><REACH who="0" step="1"/><D42/><REACH who="0" ten="85,328,417,160" step="2"/><U30/><E30/><V3/><F78/><W129/><G129/><T110/><D110/><U107/><E79/><V126/><F126/><W25/><G72/><T105/><D105/><N who="1" m="63719" /><E119/><V19/><F61/><W74/><G74/><T23/><AGARI ba="1,1" hai="4,8,11,13,15,18,22,23,49,54,56,58,62,65" machi="23" ten="30,4000,0" yaku="1,1,0,1,8,1,53,0" doraHai="112" doraHaiUra="41" who="0" fromWho="0" sc="85,53,328,-11,417,-21,160,-11" /><INIT seed="7,0,0,5,3,98" ten="138,317,396,149" oya="3" hai0="129,31,1,38,123,77,117,26,45,86,47,42,43" hai1="100,114,73,56,92,0,104,78,68,19,66,50,88" hai2="132,134,37,109,51,55,96,8,62,4,135,49,25" hai3="118,52,124,20,48,90,107,106,91,53,111,93,28"/><W40/><G118/><T95/><D117/><U21/><E0/><V63/><F109/><W105/><G111/><T30/><D123/><U71/><E114/><V34/><F37/><W58/><G124/><T72/><D72/><U22/><E22/><V103/><F25/><W23/><G40/><T39/><D129/><U126/><E126/><V125/><F34/><W9/><G9/><T17/><D1/><U2/><E2/><N who="2" m="23" /><F125/><W76/><G76/><T83/><D95/><U99/><E66/><V82/><F82/><W64/><G64/><T115/><D115/><U113/><E113/><V5/><F5/><W27/><G93/><T110/><D110/><U46/><E56/><N who="2" m="35103" /><F63/><W131/><G131/><T87/><D87/><U133/><E133/><V74/><F74/><W24/><REACH who="3" step="1"/><G53/><REACH who="3" ten="138,317,396,139" step="2"/><T81/><D81/><U127/><E127/><V67/><F67/><W97/><G97/><T70/><D70/><U15/><E78/><V65/><F65/><W69/><G69/><T60/><D60/><U80/><E71/><V54/><F54/><W35/><G35/><T44/><D44/><U7/><E68/><V112/><F112/><W18/><AGARI ba="0,1" hai="18,20,23,24,27,28,48,52,58,90,91,105,106,107" machi="18" ten="30,6000,0" yaku="1,1,0,1,54,1,53,0" doraHai="98" doraHaiUra="130" who="3" fromWho="3" sc="138,-20,317,-20,396,-20,139,70" /><INIT seed="7,1,0,1,3,88" ten="118,297,376,209" oya="3" hai0="7,135,67,81,76,100,4,28,104,13,41,105,59" hai1="8,63,27,115,60,37,54,87,34,70,61,86,77" hai2="10,128,24,16,132,26,85,113,134,25,68,111,49" hai3="101,44,106,127,75,22,108,96,15,80,62,94,112"/><W118/><G118/><T33/><D135/><N who="2" m="51754" /><F68/><W93/><G127/><T48/><D28/><U19/><E37/><V82/><F111/><W74/><G108/><T0/><D33/><U103/><E115/><V119/><F113/><W51/><G112/><T122/><D122/><U52/><E70/><V131/><F119/><W71/><G22/><T109/><D109/><U36/><E36/><V102/><F102/><W79/><G74/><T43/><D0/><U123/><E123/><V120/><F120/><W110/><G15/><T32/><D32/><U29/><E103/><V84/><F84/><W56/><G71/><T53/><D4/><U78/><E8/><V21/><F49/><W55/><REACH who="3" step="1"/><G110/><REACH who="3" ten="118,297,376,199" step="2"/><T66/><D13/><U130/><E130/><V39/><F21/><W2/><G2/><T17/><D7/><U99/><E34/><V58/><F131/><W30/><G30/><T42/><D17/><U89/><E29/><V9/><F16/><W124/><G124/><T69/><D69/><U5/><E5/><V91/><F128/><W65/><AGARI ba="1,1" hai="44,51,55,56,62,65,75,79,80,93,94,96,101,106" machi="65" ten="20,12000,1" yaku="1,1,0,1,7,1,52,2,53,0" doraHai="88" doraHaiUra="126" who="3" fromWho="3" sc="118,-41,297,-41,376,-41,199,133" /><INIT seed="7,2,0,1,2,65" ten="77,256,335,332" oya="3" hai0="74,58,24,48,33,118,108,13,39,2,133,105,28" hai1="117,109,106,52,57,79,131,15,104,86,101,85,11" hai2="92,50,56,83,123,46,4,3,114,110,95,23,5" hai3="16,42,73,88,75,97,32,49,93,17,113,130,82"/><W66/><G32/><T62/><D13/><U61/><E109/><V41/><F110/><W12/><G113/><T134/><D48/><U71/><E131/><V112/><F123/><W29/><G130/><T125/><D58/><U1/><E117/><V102/><F83/><W67/><G29/><T103/><D62/><U0/><E71/><V35/><F35/><W116/><G116/><T9/><D9/><U96/><E106/><V120/><F120/><W90/><G73/><T6/><D6/><N who="2" m="2666" /><F3/><W51/><G75/><T21/><D21/><U94/><E85/><V81/><F81/><W99/><G51/><T87/><D87/><U129/><E129/><V10/><F10/><N who="3" m="6167" /><G17/><T127/><D24/><U68/><E68/><V89/><F23/><W18/><G18/><T53/><D53/><U34/><E34/><V115/><F102/><N who="3" m="60719" /><G99/><T124/><D28/><U7/><REACH who="1" step="1"/><E79/><REACH who="1" ten="77,246,335,332" step="2"/><V72/><F114/><W26/><G26/><T78/><D78/><U22/><E22/><V98/><F115/><W43/><G82/><T91/><D124/><U40/><E40/><N who="3" m="15402" /><G49/><T119/><D39/><U132/><E132/><V84/><F41/><W30/><G30/><T36/><D36/><U107/><E107/><V69/><F50/><W19/><G19/><T63/><D105/><U100/><E100/><V25/><F69/><W37/><G37/><T60/><D103/><U126/><E126/><V135/><F135/><W128/><G128/><T64/><D33/><U47/><E47/><V31/><F46/><W55/><G90/><AGARI ba="2,1" hai="0,1,7,11,15,52,57,61,86,90,94,96,101,104" machi="90" ten="40,2600,0" yaku="1,1,54,1,53,0" doraHai="65" doraHaiUra="70" who="1" fromWho="3" sc="77,0,246,42,335,0,332,-32" owari="77,-42.0,288,-11.0,335,43.0,300,10.0" /></mjloggm>