<mjloggm ver="2.3"><GO type="185" lobby="0"/><UN n0="%44%75%73%6B" n1="%E3%83%86%E3%82%A4%E3%83%A9%E3%83%BC%E3%83%92%E3%83%AB" n2="%41%2E%4B%39%6D%65%63" n3="" dan="16,16,18,0" rate="2200.76,2187.99,2361.26,1500.00" sx="M,F,M,C"/><TAIKYOKU oya="0"/><INIT seed="0,0,0,0,5,76" ten="350,350,350,0" oya="0" hai0="106,105,64,88,44,80,0,39,70,32,2,3,99" hai1="73,72,36,133,112,134,45,83,43,40,87,46,127" hai2="71,132,128,124,82,95,92,58,96,86,89,35,56" hai3=""/><T51/><D39/><U98/><E112/><V114/><F114/><T66/><D32/><U117/><E98/><V62/><F35/><T107/><D70/><U81/><E117/><V61/><F128/><T121/><N who="0" m="31008" /><T79/><D99/><U113/><E113/><V90/><F132/><N who="1" m="50793" /><E127/><V52/><F124/><T67/><D88/><U120/><N who="1" m="30752" /><U84/><E45/><V111/><F111/><T97/><D97/><U131/><E43/><V60/><F71/><T115/><D115/><U116/><E116/><V49/><REACH who="2" step="1"/><F95/><REACH who="2" ten="350,350,340,0" step="2"/><T55/><REACH who="0" step="1"/><D107/><REACH who="0" ten="340,350,340,0" step="2"/><U78/><E131/><V50/><F50/><T118/><D118/><U123/><N who="1" m="31520" /><U108/><E108/><V77/><F77/><AGARI ba="0,2" hai="36,40,46,72,73,77,78,81,83,84,87" m="31520,30752,50793" machi="77" ten="30,8000,1" yaku="20,1,52,4" doraHai="76" who="1" fromWho="2" sc="340,0,350,100,340,-80,0,0" /><INIT seed="1,0,0,5,0,82" ten="340,450,260,0" oya="1" hai0="114,48,108,58,106,116,36,94,86,124,92,68,63" hai1="89,43,42,1,35,100,33,41,99,128,49,104,50" hai2="69,110,51,119,39,102,129,134,103,64,112,130,75" hai3=""/><U113/><E1/><V91/><F39/><T97/><D114/><U127/><E113/><V125/><F112/><T120/><N who="0" m="30752" /><T76/><D36/><U80/><E127/><V53/><F125/><T40/><D124/><U115/><E115/><V73/><F119/><T65/><D116/><U131/><E49/><V122/><N who="2" m="31264" /><V44/><F110/><T74/><D108/><U118/><E50/><V56/><F69/><T52/><D74/><U38/><E38/><V105/><F134/><T3/><D3/><U55/><E55/><V71/><F71/><T95/><D106/><U66/><E66/><V121/><N who="2" m="31008" /><V90/><F75/><T109/><D109/><U101/><E101/><V135/><F73/><T79/><D40/><U84/><REACH who="1" step="1"/><E118/><REACH who="1" ten="340,440,260,0" step="2"/><V81/><F103/><T47/><D68/><U78/><E78/><V88/><F102/><T70/><D70/><U107/><E107/><V72/><F105/><T32/><D79/><U34/><AGARI ba="0,1" hai="33,34,35,41,42,43,80,84,89,99,100,104,128,131" machi="34" ten="40,8000,1" yaku="1,1,0,1,52,1,53,1" doraHai="82" doraHaiUra="93" who="1" fromWho="1" sc="340,-40,440,90,260,-40,0,0" /><INIT seed="1,1,0,1,1,51" ten="300,530,220,0" oya="1" hai0="37,70,107,135,74,50,46,38,68,126,90,133,3" hai1="118,86,73,63,93,125,124,134,60,79,92,35,66" hai2="41,34,84,65,109,48,116,72,67,88,122,129,117" hai3=""/><U119/><E35/><V53/><N who="2" m="31264" /><V101/><F34/><T121/><N who="0" m="31008" /><T43/><D74/><U95/><E73/><V113/><F109/><T132/><D107/><U89/><E79/><V99/><F72/><T100/><D100/><U59/><E60/><V2/><F2/><T62/><D3/><U108/><E134/><V112/><F41/><T52/><D90/><U114/><E114/><N who="2" m="44139" /><F129/><T55/><D126/><N who="1" m="48747" /><E108/><V76/><F76/><T85/><D85/><U77/><E77/><V36/><F36/><N who="0" m="13930" /><D62/><U39/><E39/><V105/><F117/><AGARI ba="1,0" hai="59,63,66,86,89,92,93,95,117,118,119" m="48747" machi="117" ten="30,1500,0" yaku="18,1" doraHai="51" who="1" fromWho="2" sc="300,0,530,17,220,-17,0,0" /><INIT seed="1,2,0,5,5,113" ten="300,547,203,0" oya="1" hai0="32,127,74,100,51,1,67,123,3,116,44,55,128" hai1="77,70,130,58,102,75,121,96,71,63,120,118,135" hai2="103,110,35,125,68,115,56,95,108,94,97,119,111" hai3=""/><U50/><N who="1" m="30752" /><U2/><N who="1" m="31008" /><U86/><E2/><V37/><F35/><T91/><N who="0" m="31520" /><T131/><D116/><U109/><E118/><V54/><F119/><T83/><D32/><U69/><E75/><V133/><F68/><T132/><D127/><U104/><E135/><V0/><F0/><T80/><D132/><U61/><E130/><N who="0" m="49705" /><D100/><U117/><E117/><V114/><F133/><T88/><D67/><U43/><E109/><V49/><F37/><T59/><D59/><U101/><E101/><V33/><F33/><T85/><D91/><U60/><E86/><V98/><F125/><T99/><D99/><U64/><REACH who="1" step="1"/><E77/><AGARI ba="2,0" hai="1,3,44,51,55,74,77,80,83,85,88" m="49705,31520" machi="77" ten="30,3900,0" yaku="19,1,52,1,54,1" doraHai="113" who="0" fromWho="1" sc="300,43,547,-43,203,0,0,0" /><INIT seed="2,0,0,5,2,118" ten="343,504,203,0" oya="2" hai0="85,69,134,39,72,122,119,3,59,131,44,75,123" hai1="121,113,107,65,97,124,105,43,89,129,71,81,51" hai2="83,96,40,125,1,106,55,35,82,57,109,102,76" hai3=""/><V74/><F35/><T98/><N who="0" m="31264" /><T111/><D85/><U91/><E51/><V110/><F1/><T94/><D94/><U66/><E43/><V49/><F125/><T117/><D98/><U90/><E113/><V67/><F67/><T78/><D78/><U128/><N who="1" m="31008" /><U116/><E116/><V53/><F40/><T132/><D59/><U33/><E33/><V64/><F64/><T47/><N who="0" m="31520" /><T38/><D69/><U48/><E48/><V93/><F83/><T56/><D56/><U45/><E45/><V133/><F133/><T86/><D86/><U77/><E124/><V50/><REACH who="2" step="1"/><F106/><REACH who="2" ten="343,504,193,0" step="2"/><T41/><D3/><U54/><E65/><V68/><F68/><T63/><D41/><U99/><E66/><V112/><F112/><T61/><D131/><N who="1" m="50251" /><E71/><V42/><F42/><T32/><D32/><U70/><E70/><V126/><F126/><T108/><AGARI ba="0,1" hai="38,39,44,47,61,63,72,75,108,111,117,119,132,134" m="31520,31264" machi="108" ten="25,9000,2" yaku="0,1,22,2,52,4" doraHai="118" who="0" fromWho="0" sc="343,100,504,-30,193,-60,0,0" /><INIT seed="4,0,0,2,1,65" ten="443,474,133,0" oya="0" hai0="55,36,66,135,82,44,134,71,57,3,94,78,88" hai1="131,61,127,35,52,98,77,46,33,49,132,92,1" hai2="70,67,129,60,130,89,34,48,41,107,84,2,64" hai3=""/><T111/><D3/><U45/><E1/><V126/><F2/><T117/><D111/><U56/><E127/><V104/><F34/><T47/><D117/><U116/><E116/><V99/><F67/><T124/><D124/><U62/><E131/><V43/><F126/><T118/><D118/><U102/><E132/><N who="0" m="50729" /><D36/><U97/><E77/><V95/><F104/><T50/><D82/><U32/><E61/><V112/><F112/><T103/><D103/><U91/><REACH who="1" step="1"/><E62/><REACH who="1" ten="443,464,133,0" step="2"/><V96/><F130/><T123/><N who="0" m="31520" /><T105/><D78/><U58/><E58/><V93/><F129/><T125/><D125/><U85/><E85/><V74/><F74/><T0/><D0/><U86/><E86/><V79/><F79/><T75/><D75/><U59/><E59/><V69/><F84/><T119/><D119/><U90/><E90/><V121/><N who="2" m="31008" /><V38/><F89/><T101/><D88/><U53/><E53/><V37/><F60/><T81/><D55/><U133/><E133/><V54/><F54/><T42/><D57/><U63/><E63/><V100/><F100/><T72/><D101/><U128/><E128/><V115/><F99/><T76/><D72/><U114/><E114/><V110/><F115/><T109/><D76/><RYUUKYOKU ba="0,1" sc="443,-10,464,20,133,-10,0,0" hai1="32,33,35,45,46,49,52,56,91,92,97,98,102" /><INIT seed="5,1,1,0,1,132" ten="433,484,123,0" oya="1" hai0="124,104,113,81,34,112,0,80,58,59,91,94,86" hai1="96,109,57,131,121,43,33,111,103,70,114,55,67" hai2="119,53,102,62,85,47,100,79,99,72,76,45,125" hai3=""/><U39/><N who="1" m="31008" /><U41/><E33/><V3/><F119/><T107/><D0/><U78/><E67/><V65/><F3/><T95/><D34/><U75/><E70/><V60/><F72/><T126/><D91/><U98/><E131/><V122/><N who="2" m="31264" /><V118/><F118/><T87/><AGARI ba="1,1" hai="58,59,80,81,86,87,94,95,104,107,112,113,124,126" machi="87" ten="25,6000,1" yaku="0,1,22,2,52,2" doraHai="132" who="0" fromWho="0" sc="433,72,484,-41,123,-21,0,0" /><INIT seed="6,0,0,4,3,77" ten="505,443,102,0" oya="2" hai0="37,123,83,34,52,73,63,122,57,97,94,124,70" hai1="121,90,109,103,85,43,2,3,68,133,99,114,46" hai2="71,49,44,40,132,32,126,80,82,87,60,91,55" hai3=""/><V54/><F32/><T41/><N who="0" m="31264" /><T69/><N who="0" m="31520" /><T128/><D34/><U118/><N who="1" m="31008" /><U131/><E68/><V112/><F112/><T116/><D116/><U38/><E118/><V42/><F126/><T45/><D128/><U102/><E109/><V53/><F132/><T119/><D124/><U61/><E114/><V88/><F42/><T106/><D106/><U39/><E131/><V0/><F0/><T98/><D98/><U58/><E39/><V62/><F71/><T120/><N who="0" m="30752" /><T47/><D119/><U111/><E111/><V74/><F74/><T89/><D47/><U101/><E99/><V107/><REACH who="2" step="1"/><F107/><REACH who="2" ten="505,443,92,0" step="2"/><T113/><D113/><U59/><E133/><V51/><F51/><T125/><D125/><U100/><E2/><V50/><F50/><T72/><D73/><U93/><E3/><V81/><F81/><T104/><D104/><U33/><E33/><V76/><F76/><T115/><D115/><U130/><E130/><V65/><F65/><T56/><D72/><U135/><E135/><V127/><F127/><T48/><D83/><U108/><E108/><V86/><AGARI ba="0,1" hai="40,44,49,53,54,55,60,62,80,82,86,87,88,91" machi="86" ten="30,16000,3" yaku="1,1,0,1,9,1,8,1,52,2,54,1,53,2" doraHai="77" doraHaiUra="79" who="2" fromWho="2" sc="505,-80,443,-80,92,170,0,0" /><INIT seed="6,1,0,0,3,116" ten="425,363,262,0" oya="2" hai0="81,125,126,32,74,77,54,66,122,42,80,94,37" hai1="119,38,85,93,118,132,34,87,101,105,49,135,68" hai2="86,108,123,82,0,52,60,133,47,53,92,2,56" hai3=""/><V41/><N who="2" m="31520" /><V107/><F107/><T95/><N who="0" m="31264" /><T109/><D109/><U62/><E34/><V100/><F108/><T72/><D32/><U104/><E38/><V71/><F133/><N who="1" m="51273" /><E49/><V1/><F71/><T35/><D35/><U129/><E62/><V48/><F92/><N who="0" m="35370" /><D66/><U70/><E68/><V76/><REACH who="2" step="1"/><F100/><REACH who="2" ten="425,363,252,0" step="2"/><T113/><D113/><U99/><E129/><V55/><AGARI ba="1,1" hai="0,1,2,41,47,48,52,53,55,56,60,76,82,86" m="31520" machi="55" ten="40,12000,2" yaku="1,1,2,1,0,1,52,2,54,1,53,1" doraHai="116" doraHaiUra="44" who="2" fromWho="2" sc="425,-61,363,-61,252,132,0,0" /><INIT seed="6,2,0,5,5,0" ten="364,302,384,0" oya="2" hai0="3,100,1,78,101,102,117,80,91,90,92,121,47" hai1="2,56,55,75,48,60,42,105,43,111,114,70,108" hai2="69,93,39,41,106,50,124,77,112,51,67,74,98" hai3=""/><V57/><F106/><T38/><N who="0" m="31008" /><T123/><N who="0" m="31520" /><T32/><D117/><U84/><E2/><V89/><F112/><T95/><D32/><U82/><E75/><V49/><F69/><T83/><D3/><U73/><E73/><V99/><F124/><T134/><D134/><U35/><E105/><V33/><F33/><T97/><D1/><U104/><E35/><V103/><F77/><T59/><D59/><U128/><E104/><V62/><F74/><T63/><D63/><U65/><E114/><V113/><F113/><T122/><N who="0" m="31264" /><T127/><D127/><U126/><E126/><V58/><F58/><T81/><D47/><U64/><E128/><V131/><F131/><T52/><D52/><U44/><E84/><V118/><F118/><T135/><D38/><U110/><E82/><V76/><F76/><T53/><D53/><U109/><N who="1" m="28160" /><DORA hai="40" /><U132/><E132/><V71/><F39/><T79/><D135/><U130/><E130/><V66/><F66/><T36/><D36/><U54/><E64/><V45/><F57/><T87/><AGARI ba="2,0" hai="78,79,80,81,83,87,90,91,92,95,97,100,101,102" m="31264,31520,31008" machi="87" ten="30,18000,4" yaku="0,1,8,1,35,6,52,3" doraHai="0,40" who="0" fromWho="0" sc="364,184,302,-62,384,-122,0,0" owari="548,50.0,240,-36.0,262,-14.0,0,0.0" /></mjloggm>