<mjloggm ver="2.3"><GO type="169" lobby="0"/><UN n0="%70%69%6E%63%65%72%73" n1="%E3%82%A8%E3%83%AB%E3%82%B2%E3%83%AB%E3%83%BC%E3%82%B8" n2="%E5%A4%A7%E6%A5%A0%E5%85%AC" n3="%E5%A4%A7%E8%B3%A2%E8%89%AF%E5%B8%AB" dan="16,16,16,16" rate="2142.96,2126.61,2171.83,2044.25" sx="M,M,M,M"/><TAIKYOKU oya="0"/><INIT seed="0,0,0,4,2,6" ten="250,250,250,250" oya="0" hai0="4,48,129,57,95,80,63,105,61,27,130,50,122" hai1="85,41,91,21,38,26,107,102,92,65,135,118,132" hai2="15,72,16,70,17,31,100,121,47,2,90,51,45" hai3="42,35,115,28,52,120,14,43,87,46,133,24,23"/><T34/><D105/><U55/><E118/><V56/><F2/><W66/><G115/><T20/><D34/><U12/><E65/><V3/><F3/><W29/><G120/><T99/><D122/><U125/><E125/><V74/><F70/><W101/><G133/><N who="1" m="51274" /><E55/><V82/><F121/><W131/><G131/><N who="0" m="50187" /><D80/><U109/><E109/><V10/><F31/><W127/><G127/><T114/><D114/><U106/><E102/><V22/><F100/><W60/><G101/><N who="0" m="60671" /><D4/><U39/><E12/><V89/><F74/><W104/><G104/><N who="1" m="39978" /><E41/><V59/><F72/><W36/><G43/><T33/><D33/><U67/><E67/><V117/><F117/><W134/><G134/><T19/><D63/><U62/><E62/><V69/><F69/><W18/><G66/><AGARI ba="0,0" hai="19,20,27,48,50,57,61,66" m="60671,50187" machi="66" ten="30,1500,0" yaku="19,1" doraHai="6" who="0" fromWho="3" sc="250,15,250,0,250,0,250,-15" /><INIT seed="0,1,0,1,0,61" ten="265,250,250,235" oya="0" hai0="71,50,84,87,64,111,24,42,14,67,37,115,0" hai1="39,51,92,55,88,133,105,120,1,96,129,62,126" hai2="34,36,27,90,60,56,81,109,26,97,101,13,125" hai3="78,4,103,123,21,47,7,19,16,35,82,66,52"/><T107/><D0/><U23/><E120/><V122/><F122/><W85/><G123/><T95/><D107/><U80/><E39/><V94/><F109/><W43/><G35/><T98/><D37/><U65/><E126/><V117/><F125/><W112/><G112/><T134/><D134/><U75/><E129/><V49/><F36/><W124/><G124/><T76/><D115/><U63/><E133/><V91/><F117/><W106/><G106/><T116/><D71/><U100/><E1/><V12/><F49/><N who="3" m="28735" /><G103/><N who="0" m="60895" /><D111/><U114/><E114/><V58/><F58/><W18/><G43/><T5/><D116/><U86/><E23/><V83/><F34/><W30/><G66/><N who="0" m="25131" /><D76/><N who="1" m="44063" /><E65/><N who="2" m="39047" /><F81/><W40/><G40/><T73/><D24/><AGARI ba="1,0" hai="4,7,16,18,19,21,24,30,78,82,85" m="28735" machi="24" ten="30,3900,0" yaku="8,1,54,2" doraHai="61" who="3" fromWho="0" sc="265,-42,250,0,250,0,235,42" /><INIT seed="1,0,0,5,2,116" ten="223,250,250,277" oya="1" hai0="7,119,20,92,12,24,17,48,9,62,51,107,82" hai1="44,22,113,26,59,133,120,56,19,32,124,123,2" hai2="78,97,106,80,101,127,72,93,100,47,115,27,49" hai3="75,3,77,67,74,52,131,110,37,126,40,25,90"/><U5/><E113/><V46/><F127/><W57/><G126/><T65/><D107/><U102/><E124/><V21/><F115/><W73/><G110/><T42/><D119/><U81/><E102/><V4/><F4/><W15/><G131/><T108/><D108/><U31/><E133/><V38/><F38/><W53/><G3/><T34/><D82/><U14/><E81/><V54/><F100/><W64/><G77/><T30/><D42/><U104/><E104/><V87/><F46/><W103/><G103/><T79/><D79/><U28/><E28/><V91/><F21/><W23/><G40/><T96/><D34/><U99/><E99/><V41/><F27/><W128/><G37/><T36/><D36/><U43/><E59/><V112/><F112/><W8/><G128/><T66/><D7/><U33/><E56/><V117/><F117/><W98/><G98/><T71/><REACH who="0" step="1"/><D65/><REACH who="0" ten="213,250,250,277" step="2"/><U84/><E33/><V11/><F41/><W1/><G67/><T134/><D134/><U16/><E19/><V125/><F125/><W0/><G64/><T86/><D86/><U85/><E85/><V45/><F106/><W122/><G74/><T132/><D132/><U50/><E84/><V94/><F72/><W63/><G75/><T88/><AGARI ba="0,1" hai="9,12,17,20,24,30,48,51,62,66,71,88,92,96" machi="88" ten="20,5200,0" yaku="1,1,0,1,7,1,54,1,53,0" doraHai="116" doraHaiUra="39" who="0" fromWho="0" sc="213,62,250,-26,250,-13,277,-13" /><INIT seed="2,0,0,3,2,121" ten="275,224,237,264" oya="2" hai0="12,99,42,27,56,92,126,69,90,91,7,63,123" hai1="55,89,53,83,20,34,128,72,74,130,96,61,32" hai2="87,100,29,21,22,4,114,50,135,127,115,79,124" hai3="84,66,73,93,41,39,101,68,16,25,109,2,112"/><V85/><F79/><W103/><G73/><T19/><D123/><U107/><E20/><N who="2" m="7787" /><F29/><W77/><G2/><T133/><D133/><U10/><E10/><V106/><F4/><W40/><G112/><N who="2" m="43049" /><F135/><W88/><G39/><T58/><D27/><U1/><E1/><V75/><F75/><W13/><G25/><T0/><D7/><U120/><E61/><V51/><F100/><W105/><G105/><T28/><D28/><U86/><E120/><V132/><F106/><W49/><G77/><T122/><D0/><U46/><E72/><V102/><F102/><W33/><G33/><T71/><D90/><U81/><E107/><V117/><F132/><W45/><G41/><T108/><D42/><U116/><E116/><V59/><F117/><W110/><G66/><T134/><D122/><U131/><E96/><V14/><F14/><W35/><G68/><T125/><D134/><U8/><E8/><V65/><F65/><W26/><G26/><T98/><D71/><U18/><E18/><V94/><F94/><W24/><G24/><T129/><D69/><U3/><E3/><V70/><F70/><W37/><G35/><N who="1" m="13354" /><E46/><V9/><F9/><N who="3" m="6191" /><G37/><T48/><D92/><U52/><E74/><V23/><N who="2" m="7795" /><V67/><DORA hai="30" /><F67/><W11/><G11/><T104/><D104/><U119/><E119/><V36/><F36/><W64/><G64/><T57/><D12/><U38/><E38/><V43/><F43/><W5/><G5/><T17/><D17/><U62/><E62/><V118/><F118/><W76/><G76/><T60/><D19/><U54/><E54/><RYUUKYOKU ba="0,0" sc="275,-15,224,15,237,-15,264,15" hai1="52,53,55,81,83,86,89,128,130,131" hai3="40,45,49,84,88,93,101,103,109,110" /><INIT seed="3,1,0,4,3,97" ten="260,239,222,279" oya="3" hai0="82,109,121,71,53,48,11,76,80,8,115,55,54" hai1="75,6,135,49,88,16,99,3,107,117,85,12,134" hai2="101,129,128,44,17,123,113,27,51,72,7,91,33" hai3="95,59,89,93,52,90,31,13,68,60,46,124,14"/><W111/><G111/><T103/><D121/><U57/><E75/><V50/><F113/><W105/><G105/><T43/><D109/><U65/><E117/><V19/><F123/><W64/><G124/><T108/><D108/><U47/><E6/><V42/><F72/><W25/><G46/><T126/><D71/><U21/><E3/><V1/><F91/><W41/><G41/><T104/><D104/><U66/><E57/><V32/><F7/><W20/><G93/><T34/><D34/><U70/><E70/><V114/><F114/><W130/><G130/><T96/><D126/><U0/><E0/><V125/><F1/><W81/><G81/><T58/><D82/><U36/><E36/><V102/><F125/><W100/><G100/><T92/><D115/><U112/><E112/><V67/><F67/><W29/><G29/><T116/><D116/><U2/><E2/><V30/><F30/><W62/><REACH who="3" step="1"/><G90/><REACH who="3" ten="260,239,222,269" step="2"/><T22/><D43/><U110/><E110/><V120/><F120/><W86/><AGARI ba="1,1" hai="13,14,20,25,31,52,59,60,62,64,68,86,89,95" machi="86" ten="20,12000,1" yaku="1,1,2,1,0,1,7,1,54,1,53,0" doraHai="97" doraHaiUra="79" who="3" fromWho="3" sc="260,-41,239,-41,222,-41,269,133" /><INIT seed="3,2,0,4,2,2" ten="219,198,181,402" oya="3" hai0="119,106,3,127,68,103,54,12,95,65,82,4,120" hai1="7,30,51,18,6,8,40,74,100,66,47,83,78" hai2="42,59,129,44,13,23,67,125,77,116,36,48,26" hai3="90,49,63,9,111,22,64,5,53,46,70,87,11"/><W15/><G111/><T45/><D119/><U28/><E100/><V124/><F116/><W0/><G22/><T60/><D127/><U80/><E66/><V122/><F122/><W133/><G133/><T130/><D130/><U109/><E109/><V29/><F129/><W16/><G87/><T107/><D3/><U126/><E126/><N who="2" m="48747" /><F77/><W104/><G90/><T114/><D114/><U118/><E118/><V58/><F67/><W94/><REACH who="3" step="1"/><G94/><REACH who="3" ten="219,198,181,392" step="2"/><T85/><D95/><U10/><E80/><V93/><F93/><W20/><G20/><T43/><D82/><U34/><E34/><V41/><F23/><W132/><G132/><T96/><D85/><U98/><E98/><V115/><F115/><W50/><G50/><T75/><D96/><U61/><E61/><V33/><F33/><W27/><G27/><T86/><D60/><U17/><E83/><V38/><F26/><W73/><G73/><T97/><D97/><U113/><E113/><V32/><F32/><W79/><G79/><T81/><D75/><U123/><E78/><V69/><F48/><W24/><G24/><T112/><D86/><U110/><E74/><V56/><F29/><W108/><G108/><T117/><D81/><U131/><E110/><V37/><F38/><W39/><G39/><T72/><D72/><U55/><E30/><V84/><F84/><W88/><G88/><T92/><D117/><U57/><E28/><V121/><F37/><W76/><G76/><T62/><D112/><U105/><E51/><V89/><F89/><W71/><G71/><T134/><D134/><U102/><E131/><RYUUKYOKU ba="2,1" sc="219,-10,198,-10,181,-10,392,30" hai3="0,5,9,11,15,16,46,49,53,63,64,70,104" /><INIT seed="3,3,1,2,0,135" ten="209,188,171,422" oya="3" hai0="53,72,26,56,103,37,25,120,38,6,93,90,101" hai1="102,66,83,48,68,8,27,91,131,107,44,3,39" hai2="126,13,5,75,109,12,104,111,24,117,30,62,52" hai3="36,76,95,2,29,32,80,55,14,42,7,19,78"/><W73/><G78/><T21/><D72/><U112/><E112/><V113/><F104/><W64/><G64/><T4/><D120/><U108/><E108/><V94/><F75/><W97/><G55/><T51/><D37/><U15/><E131/><V81/><F117/><W65/><G65/><T89/><D38/><U129/><E129/><V121/><F121/><W82/><G82/><T20/><D53/><U99/><E3/><V123/><F123/><W45/><G29/><T31/><D56/><U60/><E27/><V47/><F113/><W59/><G59/><T130/><D130/><U110/><E110/><N who="2" m="41995" /><F81/><W41/><G41/><T10/><D51/><U79/><E39/><V46/><F94/><W122/><G32/><T124/><D124/><U116/><E116/><V127/><F62/><W118/><G118/><T100/><D10/><U63/><E91/><N who="0" m="34825" /><D93/><U43/><E66/><V87/><F87/><W105/><G105/><T67/><D67/><U58/><E58/><V74/><F74/><W125/><G125/><N who="2" m="47625" /><F5/><W35/><G122/><T0/><D0/><U71/><E63/><V84/><F84/><W11/><G35/><T33/><D33/><U1/><E60/><V86/><F86/><W134/><G134/><T16/><AGARI ba="3,1" hai="4,6,16,20,21,25,26,31,100,101,103" m="34825" machi="16" ten="30,2000,0" yaku="8,1,54,1" doraHai="135" who="0" fromWho="0" sc="209,39,188,-8,171,-8,422,-13" /><INIT seed="4,0,0,2,2,13" ten="248,180,163,409" oya="0" hai0="111,114,60,61,117,132,80,92,91,103,96,97,3" hai1="112,74,62,67,1,48,52,11,86,47,133,71,5" hai2="102,51,0,128,29,24,76,7,14,63,20,16,105" hai3="12,83,94,99,66,42,104,121,46,68,77,50,19"/><T33/><D33/><U89/><E133/><V84/><F128/><W34/><G34/><T32/><D32/><U70/><E112/><V110/><F110/><W59/><G68/><T64/><D3/><U37/><E74/><V45/><F0/><W131/><G104/><T93/><D132/><U116/><E37/><V57/><F7/><W98/><G131/><T35/><D35/><U10/><E10/><V73/><F73/><W30/><G30/><T81/><D114/><U21/><E21/><N who="2" m="11415" /><F105/><W72/><G121/><T65/><D117/><U36/><E36/><V129/><F129/><W88/><G66/><T49/><D111/><U126/><E126/><V120/><F120/><W38/><G59/><T135/><D135/><U127/><E127/><V55/><F102/><W54/><G38/><T6/><D6/><U106/><E106/><V101/><F101/><W27/><G27/><T18/><D49/><U41/><E116/><V4/><F4/><W69/><G69/><T100/><D91/><U26/><E70/><V31/><F31/><W8/><REACH who="3" step="1"/><G42/><REACH who="3" ten="248,180,163,399" step="2"/><T43/><D43/><U124/><E26/><V22/><F24/><W115/><G115/><T125/><D125/><U75/><E124/><V122/><F29/><W58/><G58/><T108/><D108/><U82/><E41/><N who="2" m="25007" /><F122/><W44/><G44/><T109/><D109/><U39/><E39/><V113/><F113/><W123/><G123/><T95/><D64/><U78/><REACH who="1" step="1"/><E75/><REACH who="1" ten="248,170,163,399" step="2"/><V53/><F53/><W87/><AGARI ba="0,2" hai="8,12,19,46,50,54,72,77,83,87,88,94,98,99" machi="87" ten="20,8000,1" yaku="1,1,0,1,7,1,52,1,54,1,53,0" doraHai="13" doraHaiUra="25" who="3" fromWho="3" sc="248,-40,170,-20,163,-20,399,100" /><INIT seed="5,0,0,1,5,97" ten="208,150,143,499" oya="1" hai0="29,12,76,14,49,85,98,61,122,39,70,44,87" hai1="101,17,57,84,126,0,28,111,133,19,71,127,42" hai2="22,115,125,93,56,107,9,129,92,114,36,54,131" hai3="79,55,130,20,83,86,72,59,90,88,15,47,94"/><U4/><E71/><V103/><F36/><W46/><G130/><N who="2" m="49673" /><F9/><W74/><G74/><T26/><D39/><U5/><E133/><V25/><F125/><N who="1" m="47625" /><E111/><V32/><F32/><W110/><G110/><T45/><D122/><U8/><E42/><V99/><F56/><W134/><G134/><T51/><D98/><U16/><E57/><V60/><F60/><W100/><G100/><T30/><D70/><U135/><E135/><V3/><F54/><W105/><G105/><T113/><D26/><U75/><E75/><V112/><F3/><W78/><G78/><T104/><D104/><U132/><E132/><V10/><F10/><W109/><G109/><T50/><D50/><U33/><E84/><V11/><F11/><W123/><G123/><T13/><D61/><U35/><E101/><V77/><F77/><W68/><G68/><T63/><D63/><U108/><E108/><V40/><F40/><W124/><G124/><T48/><D76/><U52/><E52/><V31/><AGARI ba="0,0" hai="22,25,31,92,93,99,103,107,112,114,115" m="49673" machi="31" ten="40,8000,1" yaku="15,1,11,1,19,1,52,1" doraHai="97" who="2" fromWho="2" sc="208,-20,150,-40,143,80,499,-20" /><INIT seed="6,0,0,2,0,3" ten="188,110,223,479" oya="2" hai0="44,41,70,38,93,62,55,53,13,130,135,115,72" hai1="101,26,123,30,119,76,47,16,45,23,65,87,8" hai2="71,77,132,52,78,39,36,59,9,10,100,49,48" hai3="118,90,68,91,122,114,134,34,25,86,67,21,40"/><V15/><F132/><W108/><G134/><T19/><D135/><U84/><E119/><V88/><F71/><W42/><G108/><T63/><D72/><U131/><E131/><V57/><F100/><W7/><G118/><T110/><D110/><U92/><E123/><V109/><F109/><W82/><G34/><T116/><D116/><U120/><E120/><V104/><F104/><W85/><G122/><T111/><D111/><U5/><E65/><V28/><F28/><W35/><G35/><T127/><D115/><U126/><E126/><V73/><F73/><W24/><G114/><T102/><D127/><U105/><E105/><V50/><F39/><W51/><G68/><T99/><D130/><U94/><E30/><V37/><F37/><W106/><G106/><T64/><D63/><U56/><E56/><V29/><F29/><W20/><G67/><T75/><D75/><U33/><E33/><V4/><F36/><W43/><G51/><N who="2" m="19529" /><F9/><AGARI ba="0,0" hai="9,13,19,38,41,44,53,55,62,64,70,93,99,102" machi="9" ten="30,1000,0" yaku="7,1" doraHai="3" who="0" fromWho="2" sc="188,10,110,0,223,-10,479,0" /><INIT seed="7,0,0,0,1,39" ten="198,110,213,479" oya="3" hai0="40,29,120,105,30,53,12,86,97,76,54,31,59" hai1="42,3,48,35,9,128,10,93,94,15,19,111,47" hai2="32,88,132,109,125,127,122,71,106,126,0,27,55" hai3="72,70,113,82,87,96,89,78,49,79,17,99,21"/><W41/><G70/><T4/><D120/><U25/><E111/><V95/><F109/><W116/><G116/><T74/><D74/><U22/><E128/><V1/><F122/><W60/><G113/><T100/><D40/><U61/><E61/><V14/><F106/><W92/><G60/><T23/><D59/><U119/><E119/><V130/><F71/><W129/><G129/><T45/><D45/><U104/><E104/><V110/><F110/><W26/><G79/><T124/><D124/><U80/><E10/><V133/><F130/><W75/><G75/><T64/><D64/><U118/><E118/><V18/><F55/><W115/><G115/><T114/><D114/><U2/><E2/><N who="2" m="1131" /><F27/><W13/><REACH who="3" step="1"/><G26/><REACH who="3" ten="198,110,213,469" step="2"/><T5/><D76/><U52/><E3/><V91/><F32/><W121/><G121/><T11/><D4/><U108/><E108/><V112/><F112/><W90/><G90/><T103/><D103/><U65/><E35/><V43/><F91/><W81/><G81/><T84/><D23/><U16/><E65/><V123/><F123/><W83/><G83/><T62/><D62/><U67/><E67/><V69/><F69/><W131/><G131/><T56/><D56/><N who="1" m="32775" /><E80/><V50/><F88/><W6/><G6/><T51/><D84/><U38/><E38/><V33/><F33/><W34/><G34/><T77/><D51/><N who="1" m="27127" /><E94/><V85/><F127/><W58/><G58/><T20/><D20/><N who="1" m="13471" /><E93/><V28/><F125/><W57/><G57/><T117/><D117/><U73/><E9/><V66/><F126/><W101/><G101/><T134/><D100/><RYUUKYOKU ba="0,1" sc="198,-15,110,15,213,-15,469,15" hai1="15,16,22,73" hai3="13,17,21,41,49,72,78,82,87,89,92,96,99" owari="183,-22.0,125,-37.0,198,0.0,494,59.0" /></mjloggm>