<mjloggm ver="2.3"><GO type="169" lobby="0"/><UN n0="%E3%81%8B%E3%81%B6%E8%8C%B6" n1="%E9%BA%BB%E9%9B%80%E3%81%A7%E9%A3%9F%E3%81%88%21" n2="%59%61%6E%67%6E%75%6D" n3="%E7%9C%BC%E7%A7%91%E5%8C%BB" dan="16,18,16,16" rate="2152.65,2233.84,2187.01,2122.23" sx="M,M,M,M"/><TAIKYOKU oya="0"/><INIT seed="0,0,0,1,1,26" ten="250,250,250,250" oya="0" hai0="114,54,130,43,49,83,66,12,24,101,65,64,29" hai1="39,91,8,15,5,128,75,52,107,108,84,17,90" hai2="31,68,23,38,87,36,72,25,59,93,20,74,69" hai3="27,73,55,7,97,1,11,4,110,109,70,80,104"/><T77/><D114/><U118/><E118/><V125/><F125/><W134/><G55/><T45/><D130/><U13/><E128/><V129/><F129/><W19/><G19/><T42/><D12/><U82/><E75/><V58/><F87/><W21/><G7/><T37/><D101/><U41/><E107/><V71/><F93/><W116/><G116/><T81/><D37/><U63/><E108/><V126/><F126/><W113/><G113/><T34/><REACH who="0" step="1"/><D83/><REACH who="0" ten="240,250,250,250" step="2"/><U115/><E115/><V60/><F38/><W76/><G110/><T57/><D57/><N who="1" m="35239" /><E39/><V16/><F36/><W135/><G109/><T112/><D112/><U88/><E41/><V46/><F46/><W124/><G124/><T79/><D79/><U30/><E13/><V33/><F59/><W100/><G70/><T48/><D48/><U35/><E5/><V92/><F58/><W121/><G121/><T22/><D22/><U117/><E117/><V123/><F23/><W50/><G50/><T98/><D98/><U96/><E96/><V47/><F20/><W105/><G21/><T120/><D120/><U78/><E35/><V94/><F33/><W14/><G14/><T28/><D28/><AGARI ba="0,1" hai="8,15,17,28,30,78,82,84,88,90,91" m="35239" machi="28" ten="30,8000,1" yaku="8,1,52,2,54,2" doraHai="26" who="1" fromWho="0" sc="240,-80,250,90,250,0,250,0" /><INIT seed="1,0,0,3,5,76" ten="160,340,250,250" oya="1" hai0="27,66,71,117,43,52,51,37,132,119,120,5,30" hai1="127,93,57,29,106,100,61,64,97,115,45,21,121" hai2="116,130,108,96,91,94,17,25,123,20,11,13,28" hai3="3,105,101,18,49,55,78,88,80,114,85,124,107"/><U84/><E121/><V23/><F108/><W31/><G114/><T112/><D112/><U99/><E115/><V24/><F130/><W42/><G3/><T46/><D120/><U60/><E127/><V134/><F134/><W12/><G42/><T62/><D5/><U73/><E73/><V69/><F69/><W2/><G2/><T32/><REACH who="0" step="1"/><D132/><REACH who="0" ten="150,340,250,250" step="2"/><U68/><E106/><V8/><F123/><W15/><G107/><T50/><D50/><U1/><E61/><V90/><F116/><W6/><G6/><T54/><D54/><U87/><E1/><V77/><F77/><W109/><G78/><T0/><D0/><U26/><E68/><V47/><F47/><AGARI ba="0,1" hai="27,30,32,37,43,46,47,51,52,62,66,71,117,119" machi="47" ten="30,3900,0" yaku="1,1,7,1,54,1,53,0" doraHai="76" doraHaiUra="104" who="0" fromWho="2" sc="150,49,340,0,250,-39,250,0" /><INIT seed="2,0,0,1,3,35" ten="199,340,211,250" oya="2" hai0="59,117,25,34,70,54,64,56,115,120,45,48,128" hai1="9,42,47,51,73,75,26,134,5,19,87,85,15" hai2="49,95,106,43,36,22,62,91,29,74,13,132,76" hai3="116,83,57,103,32,20,63,53,102,23,8,130,17"/><V37/><F106/><W88/><G32/><T61/><D34/><U16/><E134/><V126/><F132/><W41/><G130/><T44/><D25/><U2/><E26/><V110/><F126/><W0/><G116/><T12/><D12/><U72/><REACH who="1" step="1"/><E19/><REACH who="1" ten="199,330,211,250" step="2"/><V135/><F135/><W108/><G17/><T114/><D128/><U38/><E38/><V104/><F37/><W60/><G108/><T96/><D117/><U11/><AGARI ba="0,1" hai="2,5,9,11,15,16,42,47,51,72,73,75,85,87" machi="11" ten="40,8000,1" yaku="1,1,0,1,52,1,54,1,53,0" doraHai="35" doraHaiUra="99" who="1" fromWho="1" sc="199,-20,330,90,211,-40,250,-20" /><INIT seed="3,0,0,0,2,21" ten="179,420,171,230" oya="3" hai0="95,36,19,30,50,8,37,59,43,80,47,49,7" hai1="130,46,61,97,48,13,126,78,124,23,42,74,17" hai2="84,135,112,81,110,120,129,35,76,88,83,22,68" hai3="99,87,72,109,26,10,118,70,18,82,52,4,105"/><W29/><G118/><T134/><D134/><U116/><E116/><V34/><F112/><W89/><G70/><T56/><D30/><U63/><E130/><V86/><F129/><W115/><G115/><T58/><D95/><U24/><E97/><V28/><F135/><W14/><G72/><T16/><D37/><U51/><E48/><V98/><F68/><W53/><G109/><T57/><N who="0" m="14336" /><DORA hai="90" /><T125/><D125/><N who="1" m="48235" /><E13/><V25/><F120/><W93/><G4/><T128/><D128/><U123/><E123/><V133/><F110/><W38/><G105/><T122/><D122/><U15/><E15/><V32/><F133/><W100/><G38/><T67/><D67/><U20/><E20/><AGARI ba="0,0" hai="10,14,18,20,26,29,52,53,82,87,89,93,99,100" machi="20" ten="30,12000,1" yaku="7,1,8,1,52,2,54,1" doraHai="21,90" who="3" fromWho="1" sc="179,0,420,-120,171,0,230,120" /><INIT seed="3,1,0,5,5,14" ten="179,300,171,350" oya="3" hai0="69,64,86,71,1,95,117,23,35,51,89,65,63" hai1="47,31,79,42,2,105,24,8,41,101,109,26,103" hai2="119,74,49,3,18,98,125,85,88,113,126,50,123" hai3="12,44,93,60,66,127,62,9,106,112,16,107,131"/><W27/><G112/><T43/><D117/><U36/><E109/><V25/><F119/><W54/><G131/><T70/><D35/><U58/><E41/><V111/><F111/><W110/><G127/><N who="2" m="48649" /><F3/><W45/><G110/><T34/><D34/><U121/><E121/><V19/><F74/><W77/><G77/><T118/><D118/><U92/><E105/><V7/><F7/><W90/><G107/><T39/><D1/><U132/><E132/><V135/><F135/><W52/><G106/><T10/><D10/><U4/><E92/><N who="2" m="56583" /><F123/><W80/><G80/><T56/><D23/><U13/><E2/><V87/><F113/><W11/><G27/><T120/><D120/><U82/><E58/><V130/><F25/><W122/><G9/><T59/><D59/><U83/><E83/><V84/><F130/><W108/><G108/><T104/><D104/><U6/><E6/><V73/><F73/><W32/><G32/><T129/><D129/><U37/><E37/><V20/><F20/><W114/><G114/><T81/><D81/><U128/><E128/><V48/><AGARI ba="1,0" hai="18,19,48,49,50,84,85,87" m="56583,48649" machi="48" ten="40,8000,1" yaku="18,1,52,2,54,1" doraHai="14" who="2" fromWho="2" sc="179,-21,300,-21,171,83,350,-41" /><INIT seed="4,0,0,2,4,120" ten="158,279,254,309" oya="0" hai0="129,114,106,10,50,17,121,20,61,42,126,23,56" hai1="31,82,35,73,55,37,100,93,79,98,0,117,75" hai2="44,64,135,90,99,72,32,52,107,48,28,46,21" hai3="115,68,34,123,59,8,60,105,51,84,57,128,102"/><T130/><D121/><U47/><E117/><V76/><F32/><W15/><G34/><T108/><D106/><U14/><E0/><V83/><F135/><W5/><G123/><T33/><D33/><U19/><E35/><V13/><F64/><W3/><G68/><T78/><D114/><U122/><E31/><V80/><F83/><W87/><G105/><T69/><D126/><U81/><E122/><V112/><F112/><W62/><G102/><T1/><D78/><U86/><E82/><V125/><F125/><W63/><G3/><T119/><D119/><U104/><E104/><V134/><F134/><W26/><G26/><T113/><D113/><U85/><E86/><N who="3" m="32810" /><G128/><N who="0" m="49259" /><D69/><U71/><E71/><V49/><F107/><W53/><G115/><T30/><D30/><U91/><E79/><V24/><F13/><W67/><AGARI ba="0,0" hai="5,8,15,51,53,57,59,60,62,63,67" m="32810" machi="67" ten="30,1100,0" yaku="8,1" doraHai="120" who="3" fromWho="3" sc="158,-5,279,-3,254,-3,309,11" /><INIT seed="5,0,0,1,2,78" ten="153,276,251,320" oya="1" hai0="64,103,81,35,75,70,40,95,48,54,46,91,63" hai1="79,132,8,39,82,41,85,133,116,130,96,119,129" hai2="19,71,2,43,53,92,42,74,10,18,118,86,113" hai3="45,110,120,104,6,14,62,16,102,128,31,9,126"/><U15/><E41/><V117/><F74/><W3/><G110/><T109/><D35/><U44/><E44/><V55/><F71/><W34/><G120/><T80/><D75/><U93/><E39/><V89/><F2/><W51/><G128/><N who="1" m="49258" /><E15/><N who="2" m="7543" /><F113/><W33/><G126/><T32/><D109/><U22/><E22/><V100/><F118/><N who="1" m="45097" /><E8/><V30/><F30/><W111/><G31/><T4/><D32/><U114/><E114/><V17/><F100/><AGARI ba="0,0" hai="79,82,85,93,96,100,132,133" m="45097,49258" machi="100" ten="30,11600,0" yaku="19,1,34,2,52,1" doraHai="78" who="1" fromWho="2" sc="153,0,276,116,251,-116,320,0" /><INIT seed="5,1,0,2,5,67" ten="153,392,135,320" oya="1" hai0="103,88,31,23,12,87,135,48,83,119,9,2,93" hai1="20,29,13,46,44,18,132,24,53,37,71,116,129" hai2="84,57,16,6,131,30,27,49,39,108,85,34,133" hai3="102,98,52,86,21,41,51,120,42,40,130,15,123"/><U35/><E116/><V10/><F108/><W127/><G130/><T99/><D135/><U111/><E111/><V56/><F39/><W134/><G134/><T124/><D124/><U79/><E132/><V55/><F133/><W60/><G127/><T89/><D119/><U78/><E71/><V59/><F131/><W128/><G128/><T73/><D2/><U33/><E129/><V58/><REACH who="2" step="1"/><F16/><REACH who="2" ten="153,392,125,320" step="2"/><N who="3" m="10399" /><G123/><T117/><D117/><U75/><E37/><V7/><F7/><W43/><G120/><T91/><D73/><U74/><E18/><V32/><F32/><W101/><G42/><T72/><D72/><U62/><E20/><V66/><F66/><W100/><G40/><T8/><D48/><U122/><E122/><V54/><F54/><W109/><G109/><T65/><D65/><U61/><E53/><V0/><AGARI ba="1,1" hai="0,6,10,27,30,34,49,55,56,57,58,59,84,85" machi="0" ten="30,4000,0" yaku="1,1,0,1,53,1" doraHai="67" doraHaiUra="47" who="2" fromWho="2" sc="153,-11,392,-21,125,53,320,-11" /><INIT seed="6,0,0,0,5,11" ten="142,371,178,309" oya="2" hai0="35,13,109,44,97,0,73,42,36,93,62,33,41" hai1="32,48,57,103,56,15,98,104,129,47,89,17,112" hai2="126,25,27,113,132,8,40,28,21,79,46,108,23" hai3="122,52,26,34,101,3,69,75,77,2,63,43,114"/><V16/><F113/><W110/><G110/><T134/><D109/><U60/><E112/><V78/><F108/><W107/><G114/><T86/><D0/><U72/><E32/><V65/><F132/><W99/><G122/><T120/><D73/><U127/><E72/><V92/><F126/><W68/><G52/><T39/><D134/><U96/><E127/><V55/><F65/><N who="3" m="41023" /><G43/><T19/><D86/><U80/><E129/><V71/><F71/><W24/><G24/><T81/><D81/><U130/><E130/><V53/><F92/><W85/><G85/><T18/><D18/><U12/><E17/><V37/><F8/><W118/><G69/><T102/><D120/><U38/><E38/><V31/><F16/><W5/><G5/><T7/><D7/><U84/><E98/><V64/><F64/><W58/><G58/><T116/><D62/><U54/><REACH who="1" step="1"/><E56/><REACH who="1" ten="142,361,178,309" step="2"/><V20/><F20/><W117/><G117/><T70/><D116/><U9/><E9/><V115/><F115/><W29/><G118/><T121/><D70/><U4/><E4/><V10/><F10/><W133/><G133/><T45/><D121/><U82/><E82/><AGARI ba="0,1" hai="2,3,26,29,34,75,77,82,99,101,107" m="41023" machi="82" ten="30,3900,0" yaku="25,1,33,2" doraHai="11" who="3" fromWho="1" sc="142,0,361,-39,178,0,309,49" /><INIT seed="7,0,0,3,3,42" ten="142,322,178,358" oya="3" hai0="2,24,57,64,7,8,77,104,1,41,134,37,43" hai1="105,129,38,89,40,51,14,75,80,91,21,70,67" hai2="53,109,78,72,127,110,101,23,25,9,30,131,4" hai3="90,106,103,60,32,68,18,44,15,116,6,135,112"/><W118/><G32/><T108/><D108/><U34/><E34/><V0/><F131/><W29/><G29/><T16/><D134/><U126/><E129/><V65/><F127/><W96/><G6/><T88/><D104/><U48/><E105/><V79/><F101/><W52/><G112/><T73/><D1/><U54/><E126/><V120/><F120/><W82/><G135/><T20/><D88/><N who="1" m="33867" /><E38/><V13/><F65/><W69/><G69/><T58/><D64/><U5/><E75/><V98/><F98/><W3/><G3/><T130/><D130/><U26/><E70/><V124/><F124/><W125/><G125/><T121/><D121/><U71/><E71/><V107/><F107/><W50/><G68/><T123/><D43/><U117/><E117/><V49/><F0/><W45/><G60/><T102/><D102/><U92/><E92/><V66/><F66/><W111/><G111/><T84/><D84/><U87/><E67/><V128/><F128/><W94/><G82/><N who="0" m="45359" /><D123/><U27/><E40/><V36/><F36/><W74/><G74/><T133/><D133/><U46/><E48/><V59/><F78/><W61/><G61/><T12/><D24/><U132/><E132/><V22/><F79/><W83/><G83/><T100/><D100/><U113/><E113/><V115/><F72/><W55/><G55/><T81/><D81/><U99/><E99/><V35/><F115/><W56/><G118/><T85/><D85/><U97/><E97/><V33/><F33/><W11/><G116/><T95/><D95/><U47/><E87/><AGARI ba="0,0" hai="11,15,18,44,45,50,52,56,87,90,94,96,103,106" machi="87" ten="30,11600,0" yaku="7,1,52,2,54,1" doraHai="42" who="3" fromWho="1" sc="142,0,322,-116,178,0,358,116" owari="142,-36.0,206,1.0,178,-22.0,474,57.0" /></mjloggm>