<mjloggm ver="2.3"><GO type="169" lobby="0"/><UN n0="%E3%82%B5%E3%83%96%E3%82%A2%E3%83%A9%E3%83%89" n1="%73%61%6C%61%6D%61%6E" n2="%E3%82%B7%E3%83%B3%E3%83%95%E3%82%A9%E3%83%8B%E3%82%A2" n3="%E8%91%B5%E3%81%A1%E3%82%83%E3%82%93" dan="16,16,18,16" rate="2081.11,2094.58,2243.69,2105.75" sx="M,M,M,F"/><TAIKYOKU oya="0"/><INIT seed="0,0,0,3,2,65" ten="250,250,250,250" oya="0" hai0="80,121,63,120,129,40,84,37,94,62,2,103,38" hai1="44,88,13,58,43,9,105,74,130,27,134,97,48" hai2="49,98,89,79,36,114,124,112,52,95,116,11,25" hai3="92,91,20,82,29,122,99,28,101,61,100,30,113"/><T107/><D2/><U126/><E126/><V71/><F36/><W6/><G113/><T102/><D40/><U34/><E130/><V72/><F124/><W33/><G33/><T5/><D5/><U96/><E134/><V39/><F39/><W47/><G122/><T60/><D129/><U0/><E0/><V50/><F116/><W119/><G119/><T133/><D133/><U1/><E1/><V77/><F11/><W22/><G6/><T83/><D63/><U70/><E74/><V123/><F123/><W21/><G47/><T46/><D46/><U15/><E105/><V53/><F25/><W127/><G127/><T7/><D7/><U51/><E97/><V75/><F98/><W125/><G125/><T18/><D94/><N who="1" m="56391" /><E70/><V73/><F89/><W81/><REACH who="3" step="1"/><G61/><REACH who="3" ten="250,250,250,240" step="2"/><T67/><D67/><U106/><E34/><V16/><F112/><W23/><N who="3" m="5120" /><DORA hai="14" /><W69/><G69/><T115/><D115/><U54/><E44/><V132/><F71/><W19/><G19/><T56/><D56/><U131/><E58/><V110/><F114/><W4/><G4/><T59/><D59/><U86/><E131/><V90/><F132/><W87/><G87/><T8/><D84/><U41/><E86/><N who="2" m="52695" /><F73/><W42/><G42/><T66/><D66/><U31/><E43/><V111/><F72/><W118/><G118/><T12/><D18/><U17/><E41/><V24/><F75/><W3/><G3/><T68/><D68/><U93/><E17/><V26/><F16/><W117/><G117/><T104/><D8/><U57/><E57/><V128/><F128/><RYUUKYOKU ba="0,1" sc="250,15,250,-15,250,-15,240,15" hai0="12,37,38,60,62,80,83,102,103,104,107,120,121" hai3="28,29,30,81,82,91,92,99,100,101" /><INIT seed="0,1,1,4,5,75" ten="265,235,235,255" oya="0" hai0="132,100,17,26,93,90,82,54,86,77,31,60,6" hai1="80,4,1,38,59,92,45,89,65,134,101,105,128" hai2="2,135,61,102,74,57,98,14,99,13,91,7,133" hai3="15,42,111,124,44,70,58,27,95,8,84,88,47"/><T78/><D132/><N who="2" m="50762" /><F74/><W129/><G70/><T36/><D36/><U48/><E134/><V63/><F2/><W49/><G111/><T46/><D6/><U108/><E108/><V43/><F43/><W9/><G124/><T76/><D31/><U85/><E128/><V123/><F123/><W103/><G129/><T62/><D46/><U130/><E130/><V29/><F29/><W118/><G118/><T35/><D35/><U96/><E38/><V66/><F7/><W3/><G3/><T33/><D33/><U64/><E59/><N who="2" m="37183" /><F91/><W106/><G58/><T69/><D69/><U5/><E4/><V39/><F99/><W50/><G27/><T79/><D54/><U41/><E1/><V72/><F72/><W52/><REACH who="3" step="1"/><G15/><REACH who="3" ten="265,235,235,245" step="2"/><T16/><N who="0" m="19456" /><DORA hai="104" /><T131/><D131/><U115/><E115/><V55/><F39/><W87/><G87/><T30/><D26/><U119/><E119/><V126/><F126/><W109/><G109/><T34/><D34/><U18/><E85/><V12/><F12/><W24/><G24/><T83/><D83/><U32/><E80/><V112/><F112/><W125/><G125/><T68/><D68/><U21/><E32/><V122/><F122/><W117/><G117/><T37/><D37/><U116/><E116/><V110/><F110/><W107/><G107/><AGARI ba="1,2" hai="13,14,55,57,63,98,102,107" m="37183,50762" machi="107" ten="30,1000,0" yaku="20,1" doraHai="75,104" who="2" fromWho="3" sc="265,0,235,0,235,33,245,-13" /><INIT seed="1,0,0,4,1,3" ten="265,235,268,232" oya="1" hai0="80,25,38,56,123,131,12,106,86,121,93,34,57" hai1="27,43,31,109,28,16,111,116,50,73,66,33,55" hai2="105,122,15,48,71,127,47,54,126,75,90,92,59" hai3="74,24,17,69,113,79,99,132,120,67,63,46,104"/><U82/><E116/><V26/><F105/><W19/><G113/><T84/><D106/><U77/><E43/><V37/><F75/><W18/><G120/><N who="0" m="46155" /><D38/><U134/><E134/><V87/><F122/><W98/><G132/><T21/><D131/><U128/><E128/><V100/><F100/><W88/><G74/><T125/><D125/><U114/><E114/><V4/><F71/><W135/><G135/><T8/><D34/><U85/><E66/><V14/><F26/><W103/><G79/><N who="0" m="46111" /><D93/><U107/><E107/><V133/><F133/><W61/><G61/><T83/><D21/><N who="1" m="13735" /><E73/><V45/><F37/><W64/><G64/><T29/><D25/><U102/><E33/><V68/><F68/><W117/><G117/><T60/><D60/><U97/><E97/><V72/><F72/><W108/><G24/><T96/><D96/><U95/><E95/><V62/><F127/><W1/><G99/><T76/><D29/><U78/><E102/><V101/><F101/><W6/><G1/><T70/><D70/><U41/><E77/><V81/><F92/><W115/><G115/><T129/><D129/><U20/><E20/><V91/><F126/><W39/><G88/><N who="2" m="33833" /><F62/><W52/><G39/><T32/><D32/><U0/><E0/><V5/><F87/><W30/><G104/><T35/><D35/><U119/><E119/><V112/><F112/><W124/><G124/><T7/><AGARI ba="0,0" hai="7,8,12,56,57,76,83,86" m="46111,46155" machi="7" ten="30,2000,0" yaku="13,1,52,1" doraHai="3" who="0" fromWho="0" sc="265,20,235,-10,268,-5,232,-5" /><INIT seed="2,0,0,4,5,104" ten="285,225,263,227" oya="2" hai0="71,103,107,117,84,43,121,95,123,85,100,73,21" hai1="76,52,46,27,125,131,74,98,102,86,0,42,89" hai2="124,88,82,36,109,134,49,7,81,44,90,34,33" hai3="28,61,112,13,12,24,57,55,70,94,40,106,118"/><V32/><F134/><W67/><G118/><T23/><D71/><U92/><E125/><V62/><F124/><W132/><G112/><T130/><D43/><U31/><E131/><V53/><F109/><W60/><G132/><T30/><D30/><U75/><E0/><V79/><F7/><W58/><G70/><T25/><D25/><U15/><E76/><V14/><F36/><W69/><G106/><T5/><D5/><U101/><E15/><V87/><F14/><W37/><G69/><T2/><D2/><U128/><E52/><V9/><F9/><W83/><G83/><T29/><D29/><U119/><E119/><V133/><F133/><W111/><G111/><T16/><D107/><U22/><E128/><V114/><F114/><W41/><G94/><T17/><D95/><U122/><E122/><V68/><REACH who="2" step="1"/><F81/><REACH who="2" ten="285,225,253,227" step="2"/><W126/><G126/><T47/><D130/><U48/><REACH who="1" step="1"/><E102/><REACH who="1" ten="285,215,253,227" step="2"/><V1/><F1/><W93/><G13/><T38/><D117/><U8/><E8/><V135/><F135/><W97/><G12/><T66/><D123/><U20/><E20/><V72/><F72/><W99/><G37/><T26/><D121/><U59/><E59/><V35/><N who="2" m="8192" /><DORA hai="127" /><V63/><F63/><W11/><G58/><T39/><D26/><U3/><E3/><V80/><F80/><AGARI ba="0,2" hai="22,27,31,42,46,48,74,75,80,86,89,92,98,101" machi="80" ten="30,7700,0" yaku="1,1,7,1,52,2,53,0" doraHai="104,127" doraHaiUra="116,115" who="1" fromWho="2" sc="285,0,215,97,253,-77,227,0" /><INIT seed="3,0,0,1,5,28" ten="285,312,176,227" oya="3" hai0="114,124,39,110,59,10,6,60,27,49,1,117,122" hai1="54,115,91,32,90,106,125,73,129,3,78,11,75" hai2="94,96,61,42,107,123,9,127,19,118,13,58,70" hai3="41,134,103,30,92,47,22,45,121,52,84,99,37"/><W67/><G121/><T18/><D122/><U69/><E115/><V56/><F123/><W7/><G134/><T62/><D110/><U15/><E3/><V64/><F127/><W50/><G7/><T46/><D39/><U17/><E106/><V66/><F118/><W111/><G111/><T130/><D124/><U102/><E102/><V86/><F107/><W120/><G120/><T23/><D130/><U26/><E69/><V76/><F70/><W108/><G108/><T88/><D117/><U87/><E125/><V79/><F42/><W80/><G67/><T82/><D114/><U0/><E0/><V29/><F86/><W53/><G53/><T20/><D20/><U71/><E71/><V36/><F36/><W135/><G135/><T12/><D1/><U25/><E91/><V104/><F104/><W132/><G132/><T4/><D4/><U83/><E129/><V8/><F8/><W16/><G30/><T97/><D59/><U105/><E105/><V5/><F29/><W21/><REACH who="3" step="1"/><G16/><REACH who="3" ten="285,312,176,217" step="2"/><N who="0" m="12775" /><D6/><U85/><E17/><V72/><F5/><W128/><G128/><T43/><D82/><U131/><E83/><V14/><F14/><W24/><G24/><T119/><D119/><U38/><E26/><V68/><F68/><W109/><G109/><T95/><AGARI ba="0,1" hai="10,12,18,43,46,49,60,62,88,95,97" m="12775" machi="95" ten="30,4000,0" yaku="8,1,54,2" doraHai="28" who="0" fromWho="0" sc="285,50,312,-10,176,-10,217,-20" /><INIT seed="4,0,0,1,3,31" ten="335,302,166,197" oya="0" hai0="50,127,113,102,46,26,1,90,62,68,32,79,23" hai1="18,56,85,72,69,49,104,27,60,101,86,7,25" hai2="121,116,54,134,37,57,129,47,95,103,21,30,53" hai3="10,19,65,87,44,52,124,36,108,15,71,42,135"/><T114/><D1/><U66/><E72/><V122/><F103/><W22/><G108/><T12/><D102/><U74/><E74/><V133/><F95/><W76/><G124/><T75/><D127/><U125/><E7/><V73/><F21/><W17/><G135/><N who="2" m="51721" /><F30/><W63/><G87/><T115/><D90/><U70/><E27/><V61/><F73/><W126/><G126/><T130/><D130/><U14/><E125/><V107/><F107/><W59/><G76/><T99/><D99/><U5/><E101/><V128/><F116/><W34/><G34/><T132/><D132/><U11/><E104/><V3/><F3/><W45/><G45/><T105/><D105/><U91/><E85/><V20/><F20/><W93/><G93/><T48/><D79/><U97/><E97/><V123/><F37/><W35/><G35/><T131/><D131/><N who="2" m="50250" /><F47/><W112/><G22/><T94/><D94/><U96/><E96/><V81/><F81/><W40/><G40/><T0/><D0/><U88/><E91/><V13/><F13/><W58/><G19/><N who="0" m="10727" /><D46/><U83/><E25/><V43/><F43/><W109/><G44/><T84/><D84/><U78/><E78/><V82/><F82/><W118/><G42/><T106/><D106/><U39/><E39/><V117/><F117/><W6/><G36/><T111/><D75/><U80/><E80/><V92/><F92/><W29/><G118/><T38/><D38/><U110/><E18/><V89/><F89/><W100/><G17/><T28/><D111/><U77/><E110/><V119/><F119/><W24/><G100/><RYUUKYOKU ba="0,0" sc="335,15,302,-15,166,15,197,-15" hai0="26,28,32,48,50,62,68,113,114,115" hai2="53,54,57,61,121,122,123" /><INIT seed="4,1,0,3,3,112" ten="350,287,181,182" oya="0" hai0="110,72,49,33,106,16,126,134,14,11,8,62,130" hai1="108,111,114,9,91,63,86,10,47,71,54,123,4" hai2="75,67,82,20,125,89,105,77,12,52,79,7,56" hai3="80,66,99,13,88,87,6,109,119,15,124,84,129"/><T115/><D115/><U32/><E123/><V57/><F125/><W50/><G109/><T42/><D110/><U69/><E114/><V5/><F105/><W132/><G124/><T51/><D126/><U46/><E32/><V1/><F1/><W24/><G129/><T37/><D130/><U26/><E26/><V76/><F75/><W60/><G132/><T55/><D33/><U83/><E69/><V44/><F20/><W34/><G119/><T121/><D121/><U116/><E116/><V29/><F29/><W131/><G131/><T96/><D72/><U70/><E70/><V93/><F82/><W28/><G6/><T30/><D30/><U38/><E10/><V23/><F23/><W3/><G3/><T73/><D73/><U40/><E71/><V95/><F95/><W90/><G99/><T101/><D8/><U78/><E78/><V118/><F118/><W107/><G107/><T135/><D37/><U81/><E83/><V61/><F44/><W85/><G50/><T65/><D42/><U43/><E63/><N who="2" m="38383" /><F12/><W45/><G45/><T68/><D55/><U0/><REACH who="1" step="1"/><E54/><REACH who="1" ten="350,277,181,182" step="2"/><V102/><F102/><W36/><G60/><T17/><D135/><U25/><E25/><V39/><F39/><AGARI ba="1,1" hai="0,4,9,38,39,40,43,46,47,81,86,91,108,111" machi="39" ten="30,3900,0" yaku="1,1,7,1,9,1,53,0" doraHai="112" doraHaiUra="104" who="1" fromWho="2" sc="350,0,277,52,181,-42,182,0" /><INIT seed="5,0,0,5,2,107" ten="350,329,139,182" oya="1" hai0="31,34,37,101,71,29,12,73,68,16,129,7,4" hai1="118,45,100,46,90,1,80,63,18,64,67,20,132" hai2="98,103,13,48,85,14,94,117,2,0,77,119,104" hai3="122,105,32,70,74,60,21,97,53,114,86,3,33"/><U8/><E118/><V125/><F48/><W121/><G21/><T106/><D37/><U110/><E100/><V38/><F38/><W57/><G86/><T36/><D36/><U89/><E132/><V39/><F39/><W116/><G97/><T61/><D129/><U55/><E110/><V111/><F111/><W109/><G53/><T123/><D123/><U43/><E1/><V76/><F125/><W81/><G57/><T44/><D73/><U59/><E8/><V47/><F47/><N who="1" m="17929" /><E43/><V72/><F2/><W26/><G60/><T27/><D31/><U65/><E80/><N who="2" m="45063" /><F14/><AGARI ba="0,0" hai="14,18,20,55,59,63,64,65,67,89,90" m="17929" machi="14" ten="30,1500,0" yaku="8,1" doraHai="107" who="1" fromWho="2" sc="350,0,329,15,139,-15,182,0" /><INIT seed="5,1,0,4,2,78" ten="350,344,124,182" oya="1" hai0="19,55,45,98,32,5,117,97,65,72,104,92,120" hai1="2,4,52,57,133,38,70,33,49,14,44,67,99" hai2="85,103,23,31,12,76,25,131,35,17,122,6,41" hai3="93,102,59,128,100,36,134,121,58,112,96,90,71"/><U69/><E2/><V66/><F131/><W94/><G121/><T73/><D117/><U13/><E33/><V29/><F122/><W95/><G71/><T126/><D32/><U50/><E133/><V124/><F124/><W87/><G134/><T101/><D126/><U109/><E4/><V20/><F103/><W15/><G36/><T86/><D65/><U7/><E7/><V1/><F66/><W64/><G112/><T115/><D5/><U63/><E99/><V22/><F41/><W111/><G111/><T39/><D115/><U0/><E0/><V3/><F85/><W68/><G128/><T10/><D86/><U125/><E125/><V24/><F76/><W83/><G68/><N who="1" m="26218" /><E13/><V30/><F6/><W106/><G64/><T91/><D120/><U107/><E14/><V46/><F46/><W61/><G61/><T51/><D39/><U132/><E132/><V84/><F84/><W130/><G130/><T60/><D60/><N who="1" m="38287" /><E107/><V28/><F35/><W80/><G102/><T118/><D118/><U42/><E109/><V110/><F110/><W56/><G15/><T40/><D10/><U108/><E108/><V27/><N who="2" m="7168" /><DORA hai="123" /><V8/><AGARI ba="1,0" hai="1,3,8,12,17,20,22,23,24,25,27" m="7168" machi="8" ten="50,16000,3" yaku="4,1,0,1,29,2,35,6" doraHai="78,123" who="2" fromWho="2" sc="350,-41,344,-81,124,163,182,-41" /><INIT seed="6,0,0,5,2,31" ten="309,263,287,141" oya="2" hai0="76,101,102,52,120,111,98,62,110,55,96,22,56" hai1="57,135,7,15,123,67,83,87,63,72,23,10,70" hai2="41,8,64,40,119,60,19,86,82,114,85,36,73" hai3="75,97,49,17,77,38,129,80,20,61,84,2,5"/><V12/><F119/><W124/><G129/><T18/><D76/><U122/><E72/><V11/><F114/><W37/><G124/><T127/><D127/><U104/><E104/><V118/><F118/><W115/><G115/><T13/><D120/><N who="1" m="46123" /><E135/><V133/><F133/><W79/><G97/><N who="0" m="37483" /><D111/><U35/><E23/><V103/><F103/><N who="0" m="39434" /><D110/><U128/><E128/><V100/><F100/><W89/><G61/><T99/><D99/><U134/><E134/><V9/><F73/><W106/><G79/><T53/><AGARI ba="0,0" hai="13,18,22,52,53,55,56,62" m="39434,37483" machi="53" ten="30,2000,0" yaku="8,1,54,1" doraHai="31" who="0" fromWho="0" sc="309,20,263,-5,287,-10,141,-5" /><INIT seed="7,0,0,4,5,38" ten="329,258,277,136" oya="3" hai0="62,95,10,85,52,6,58,81,106,78,3,7,98" hai1="5,123,111,67,70,27,122,120,41,84,15,124,45" hai2="107,57,54,1,0,34,121,101,88,29,2,37,68" hai3="89,66,9,25,115,65,76,92,23,12,42,31,40"/><W53/><G115/><T44/><D106/><U59/><E111/><V126/><F68/><W103/><G103/><T21/><D7/><U26/><E70/><V61/><F37/><W87/><G53/><T14/><D44/><U32/><E124/><V30/><F126/><W128/><G128/><T4/><D3/><U135/><E135/><V11/><F121/><W86/><G86/><T133/><D133/><U113/><E113/><V17/><F17/><W110/><G76/><T117/><D117/><U100/><E100/><V132/><F11/><W50/><G110/><T129/><D4/><U71/><E71/><V102/><F132/><W13/><G50/><T51/><D21/><U90/><E32/><V47/><F34/><W104/><G104/><T55/><D51/><U22/><E67/><N who="3" m="25610" /><G9/><T83/><D129/><U97/><E59/><V79/><F79/><W64/><N who="3" m="25618" /><W46/><DORA hai="63" /><G46/><T80/><D55/><U20/><E84/><V18/><F47/><W19/><G31/><T134/><D134/><U130/><E130/><V73/><F29/><W82/><G82/><T56/><D56/><U127/><E127/><V109/><F30/><W60/><G60/><T48/><D62/><U116/><E120/><V33/><F109/><W131/><G131/><T75/><D75/><U77/><E122/><V118/><F73/><W112/><G112/><T49/><D49/><U94/><E123/><V105/><F105/><W24/><G13/><T125/><D125/><U93/><E15/><V99/><F107/><W35/><G35/><T43/><D78/><U119/><E77/><RYUUKYOKU ba="0,0" sc="329,-10,258,-10,277,-10,136,30" hai3="12,19,23,24,25,40,42,87,89,92" /><INIT seed="7,1,0,1,1,113" ten="319,248,267,166" oya="3" hai0="42,80,32,81,135,131,76,3,132,66,43,60,97" hai1="52,96,78,114,105,51,86,103,41,123,36,115,67" hai2="93,109,10,14,134,13,22,104,46,125,57,72,5" hai3="28,91,95,0,70,90,111,101,130,65,11,98,7"/><W119/><G130/><T56/><D131/><U38/><E123/><V21/><F104/><W4/><G111/><T79/><D3/><U49/><E67/><V83/><F109/><W50/><G119/><T121/><D32/><U31/><E31/><V29/><F134/><N who="0" m="51242" /><D97/><U88/><E78/><N who="0" m="29737" /><D121/><U47/><E51/><V85/><F93/><W2/><G28/><T18/><D18/><U106/><E106/><V6/><F6/><W89/><G50/><T58/><D58/><U59/><REACH who="1" step="1"/><E36/><REACH who="1" ten="319,238,267,166" step="2"/><V84/><F29/><W9/><REACH who="3" step="1"/><G70/><REACH who="3" ten="319,238,267,156" step="2"/><T35/><D35/><U26/><E26/><V62/><F57/><W54/><G54/><T112/><D112/><U127/><E127/><V100/><F125/><W68/><G68/><T20/><D42/><U45/><E45/><V75/><F46/><W73/><G73/><T99/><D43/><U15/><E15/><V116/><F72/><W30/><G30/><T40/><D40/><U37/><E37/><V39/><F39/><W102/><G102/><T48/><D48/><U34/><E34/><V61/><F100/><W19/><G19/><T128/><D128/><U92/><AGARI ba="1,2" hai="38,41,47,49,52,59,86,88,92,96,103,105,114,115" machi="92" ten="30,8000,1" yaku="1,1,0,1,54,2,53,1" doraHai="113" doraHaiUra="82" who="1" fromWho="1" sc="319,-21,238,103,267,-21,156,-41" owari="298,10.0,341,43.0,246,-15.0,115,-38.0" /></mjloggm>