<mjloggm ver="2.3"><GO type="185" lobby="0"/><UN n0="%E3%81%B6%E3%82%8B%E3%81%AF%E3%81%A4" n1="%E5%A4%AA%E3%81%8F%E3%81%AA%E3%81%84%E3%81%8A" n2="%41%74%72%69%61" n3="" dan="16,17,17,0" rate="2139.60,2237.16,2277.98,1500.00" sx="M,M,F,C"/><TAIKYOKU oya="0"/><INIT seed="0,0,0,1,3,126" ten="350,350,350,0" oya="0" hai0="95,99,103,98,119,115,77,120,114,106,131,38,127" hai1="70,110,45,123,53,111,121,93,97,54,33,63,62" hai2="76,47,134,61,79,39,105,43,1,89,55,57,48" hai3=""/><T112/><N who="0" m="30752" /><T87/><D38/><U86/><N who="1" m="31008" /><U36/><N who="1" m="31520" /><U124/><E33/><V129/><F1/><T96/><D127/><U117/><E124/><V37/><F105/><T130/><D119/><U40/><E117/><V69/><F134/><T51/><D51/><U3/><E3/><V90/><F37/><T49/><D49/><U34/><E34/><V118/><F118/><T68/><D68/><U56/><E86/><V78/><F129/><N who="0" m="49162" /><D106/><U73/><E70/><V0/><F0/><T52/><D52/><U80/><E54/><V72/><F72/><T65/><D65/><AGARI ba="0,0" hai="39,43,47,48,55,57,61,65,69,76,78,79,89,90" machi="65" ten="40,2600,0" yaku="24,2" doraHai="126" who="2" fromWho="0" sc="350,-26,350,0,350,26,0,0" /><INIT seed="1,0,0,2,0,76" ten="324,350,376,0" oya="1" hai0="33,3,118,57,90,104,44,105,127,68,39,40,125" hai1="83,78,80,51,116,99,58,112,85,96,70,108,48" hai2="37,55,65,45,101,84,60,64,66,103,82,86,50" hai3=""/><U91/><E112/><V94/><F37/><T74/><D3/><U135/><E116/><V119/><F119/><T120/><N who="0" m="30752" /><T129/><D118/><U106/><E70/><V36/><F36/><T110/><D68/><U115/><E115/><V98/><F101/><T130/><D33/><U75/><E135/><V54/><F86/><T121/><N who="0" m="31008" /><T49/><D74/><U69/><E69/><V61/><REACH who="2" step="1"/><F55/><REACH who="2" ten="324,350,366,0" step="2"/><T0/><D0/><U46/><E108/><V133/><F133/><T2/><D110/><U63/><E106/><V113/><F113/><T43/><D2/><U114/><E114/><V87/><F87/><T95/><D105/><U42/><REACH who="1" step="1"/><E48/><REACH who="1" ten="324,340,366,0" step="2"/><V32/><F32/><T88/><D104/><U71/><E71/><V92/><F92/><T34/><D34/><U81/><E81/><V67/><N who="2" m="16384" /><DORA hai="41" /><V47/><F47/><T97/><D44/><U126/><E126/><V79/><AGARI ba="0,2" hai="45,50,54,60,61,79,82,84,94,98,103" m="16384" machi="79" ten="40,9000,2" yaku="1,1,0,1,8,1,52,2,53,2" doraHai="76,41" doraHaiUra="59,123" who="2" fromWho="2" sc="324,-30,340,-60,366,110,0,0" /><INIT seed="2,0,0,3,4,104" ten="294,280,476,0" oya="2" hai0="90,132,99,52,95,32,113,116,57,80,38,118,130" hai1="126,100,47,72,112,55,84,83,119,110,123,102,122" hai2="61,92,58,48,111,134,46,128,74,49,71,124,37" hai3=""/><V76/><F134/><T106/><D32/><U85/><N who="1" m="31264" /><U34/><N who="1" m="31520" /><U89/><E34/><V36/><F124/><T51/><D132/><U78/><E112/><V65/><F128/><T1/><D1/><U56/><E126/><V67/><F92/><T133/><D133/><U3/><E3/><V96/><F96/><T42/><D130/><U81/><E110/><V69/><F111/><T44/><D113/><U73/><E47/><V64/><F76/><T66/><D106/><U41/><E41/><V117/><F74/><T60/><REACH who="0" step="1"/><D80/><REACH who="0" ten="284,280,476,0" step="2"/><U35/><E35/><V94/><F94/><T33/><D33/><U59/><E119/><V70/><F117/><T40/><D40/><U103/><REACH who="1" step="1"/><E59/><AGARI ba="0,1" hai="38,42,44,51,52,57,59,60,66,90,95,99,116,118" machi="59" ten="30,3900,0" yaku="1,1,7,1,54,1,53,0" doraHai="104" doraHaiUra="129" who="0" fromWho="1" sc="284,49,280,-39,476,0,0,0" /><INIT seed="4,0,0,3,5,68" ten="333,241,476,0" oya="0" hai0="36,33,3,109,43,129,105,83,2,37,101,32,64" hai1="112,118,89,40,110,47,120,131,102,113,52,77,63" hai2="97,88,61,0,111,124,96,119,70,100,126,50,81" hai3=""/><T51/><D64/><U99/><N who="1" m="30752" /><U98/><E110/><V82/><F111/><T84/><D109/><U127/><E118/><V66/><F0/><T116/><D116/><U125/><E77/><V121/><N who="2" m="31008" /><V67/><F119/><T76/><D129/><U132/><E131/><V44/><F67/><T38/><D2/><U91/><E132/><V108/><F108/><T54/><D43/><U134/><E134/><V85/><F82/><T93/><D105/><U49/><E63/><V46/><F96/><N who="1" m="36905" /><E102/><V39/><F39/><T122/><N who="0" m="31264" /><T41/><D41/><U106/><E40/><V71/><F70/><T92/><D3/><U133/><E106/><V123/><N who="2" m="31520" /><V90/><F90/><N who="1" m="34313" /><E133/><V104/><REACH who="2" step="1"/><F46/><REACH who="2" ten="333,241,466,0" step="2"/><T45/><REACH who="0" step="1"/><D101/><REACH who="0" ten="323,241,466,0" step="2"/><U56/><E47/><V62/><F62/><T60/><D60/><U75/><E56/><V69/><F69/><T59/><D59/><U135/><E135/><V128/><F128/><T42/><D42/><AGARI ba="0,2" hai="42,44,50,61,66,71,81,85,88,97,100,104,124,126" m="31520,31008" machi="42" ten="40,8000,1" yaku="1,1,52,2,54,1,53,0" doraHai="68" doraHaiUra="114" who="2" fromWho="0" sc="323,-80,241,0,466,100,0,0" /><INIT seed="5,0,0,1,0,62" ten="243,241,566,0" oya="1" hai0="2,42,56,83,55,114,109,78,129,121,49,43,60" hai1="70,52,3,77,89,61,63,44,100,68,90,53,33" hai2="124,39,82,45,102,41,128,93,96,67,1,36,110" hai3=""/><U37/><E3/><V57/><F110/><T58/><N who="0" m="31008" /><T134/><D2/><U107/><E33/><V48/><F1/><T122/><N who="0" m="31264" /><T75/><D109/><U95/><E77/><V104/><F124/><T108/><D108/><U40/><E107/><V38/><F128/><T69/><D129/><U86/><E100/><V133/><F133/><T91/><D134/><U64/><E90/><V66/><F104/><T127/><D127/><U105/><E105/><V135/><F135/><T50/><D114/><U126/><E126/><V35/><F35/><T47/><D69/><U101/><E101/><V73/><F57/><T0/><D0/><U34/><E34/><V94/><F93/><T88/><REACH who="0" step="1"/><D42/><REACH who="0" ten="233,241,566,0" step="2"/><U118/><E118/><V119/><F119/><T46/><D46/><U79/><E79/><V132/><F41/><T92/><D92/><U115/><E115/><V87/><F45/><T103/><D103/><U117/><E117/><V32/><F94/><T72/><D72/><U120/><N who="1" m="30752" /><U113/><E113/><V59/><F73/><T98/><D98/><U74/><E74/><V99/><F96/><T65/><AGARI ba="0,1" hai="43,47,49,50,55,56,58,60,65,75,78,83,88,91" m="31264,31008" machi="65" ten="20,12000,3" yaku="1,1,0,1,7,1,52,3,54,1,53,2" doraHai="62" doraHaiUra="116" who="0" fromWho="0" sc="233,130,241,-80,566,-40,0,0" /><INIT seed="6,0,0,0,4,85" ten="363,161,526,0" oya="2" hai0="83,135,90,80,124,52,99,49,40,92,133,70,98" hai1="117,60,2,104,41,0,42,120,38,56,34,67,65" hai2="78,110,51,72,128,97,75,73,93,59,1,57,102" hai3=""/><V108/><F1/><T68/><D40/><U89/><N who="1" m="30752" /><U37/><E104/><V81/><F128/><T95/><D124/><U126/><E34/><V121/><N who="2" m="31008" /><V103/><F103/><T125/><D125/><U127/><E117/><V45/><F59/><T109/><D109/><N who="2" m="42090" /><F57/><T64/><D64/><U88/><E56/><V69/><F69/><T62/><D62/><AGARI ba="0,0" hai="0,2,37,38,41,42,60,62,65,67,88,89,126,127" m="30752" machi="62" ten="25,12000,2" yaku="22,2,52,3,54,1" doraHai="85" who="1" fromWho="0" sc="363,-120,161,120,526,0,0,0" owari="243,-36.0,281,-12.0,526,48.0,0,0.0" /></mjloggm>