<mjloggm ver="2.3"><GO type="169" lobby="0"/><UN n0="%E2%91%A3%E3%82%BB%E3%83%B3%E3%83%81" n1="%E9%B4%A8%E8%91%B1%E5%A4%AA%E9%83%8E" n2="%E3%82%B7%E3%83%B3%E3%83%95%E3%82%A9%E3%83%8B%E3%82%A2" n3="%73%61%6C%61%6D%61%6E" dan="18,17,18,16" rate="2245.92,2167.90,2248.46,2101.58" sx="M,M,M,M"/><TAIKYOKU oya="0"/><INIT seed="0,0,0,0,0,0" ten="250,250,250,250" oya="0" hai0="61,3,111,49,41,63,53,107,11,96,25,132,29" hai1="16,123,117,95,65,88,7,42,130,43,2,81,10" hai2="66,54,83,75,24,22,115,109,85,93,118,39,134" hai3="97,89,119,15,44,21,126,32,110,125,131,67,28"/><T78/><D41/><U86/><E123/><V62/><F109/><W5/><G67/><T76/><D132/><U35/><E35/><V87/><F115/><W27/><G44/><T101/><D111/><U14/><E117/><V113/><F113/><W17/><G110/><T70/><D3/><U124/><E124/><N who="3" m="47722" /><G97/><T77/><D11/><U8/><E130/><V69/><F66/><W121/><G89/><T105/><D105/><U79/><REACH who="1" step="1"/><E65/><REACH who="1" ten="250,240,250,250" step="2"/><V38/><F118/><W46/><G119/><T80/><D70/><U20/><E20/><V57/><F22/><W74/><G121/><T104/><D104/><U34/><E34/><V52/><F69/><W50/><G131/><T135/><D135/><U112/><E112/><V6/><F134/><W1/><G32/><T128/><D128/><U129/><E129/><V55/><F39/><W82/><G21/><T120/><D120/><U59/><E59/><V73/><F57/><W122/><G122/><T127/><D127/><U133/><E133/><V18/><F38/><W108/><G108/><T60/><D29/><U45/><E45/><V13/><F24/><W33/><G46/><T90/><D25/><U51/><E51/><V92/><F62/><W64/><G50/><T100/><D49/><U106/><E106/><V84/><F54/><W4/><G64/><T56/><D63/><U30/><E30/><V116/><F116/><W47/><G47/><T114/><D114/><U94/><E94/><V9/><F55/><W40/><G33/><T102/><D61/><U31/><E31/><V71/><F52/><W58/><G28/><RYUUKYOKU ba="0,1" sc="250,15,240,15,250,-15,250,-15" hai0="53,56,60,76,77,78,80,90,96,100,101,102,107" hai1="2,7,8,10,14,16,42,43,79,81,86,88,95" /><INIT seed="0,1,1,3,5,35" ten="265,255,235,235" oya="0" hai0="95,130,132,19,88,135,38,0,58,118,8,55,101" hai1="94,66,15,59,20,16,65,30,45,62,123,67,72" hai2="57,10,51,127,31,120,36,43,86,27,89,98,50" hai3="14,23,75,60,32,53,76,125,9,102,22,114,41"/><T105/><D118/><U39/><E72/><V117/><F120/><W52/><G114/><T104/><D38/><U121/><E30/><V54/><F127/><W112/><G112/><T77/><D77/><U69/><E69/><V103/><F117/><W109/><G32/><T74/><D74/><U17/><E39/><V48/><F36/><W29/><G125/><T2/><D130/><U78/><E78/><V64/><F43/><W119/><G119/><T44/><D44/><U1/><E1/><V11/><F64/><W28/><G41/><T5/><D2/><U83/><E83/><V12/><F98/><W24/><G109/><T79/><D19/><U56/><E45/><V13/><F103/><W106/><G106/><T42/><D42/><U40/><E40/><V81/><F12/><W97/><G75/><T21/><D21/><U7/><E7/><V6/><REACH who="2" step="1"/><F11/><REACH who="2" ten="265,255,225,235" step="2"/><W129/><G9/><T96/><D79/><U128/><E123/><V122/><F122/><W73/><G76/><T68/><D68/><U116/><E121/><V61/><F61/><W100/><G60/><N who="0" m="35935" /><D101/><U115/><E116/><V111/><F111/><W87/><G73/><T37/><D37/><U82/><E115/><V25/><F25/><N who="3" m="16439" /><G100/><T133/><AGARI ba="1,2" hai="0,5,8,88,95,96,104,105,132,133,135" m="35935" machi="133" ten="30,6000,0" yaku="20,1,52,1,54,1" doraHai="35" who="0" fromWho="0" sc="265,83,255,-21,225,-21,235,-21" /><INIT seed="0,2,0,4,2,80" ten="348,234,204,214" oya="0" hai0="86,12,107,90,104,17,131,8,96,123,7,77,2" hai1="57,98,40,63,27,105,111,60,44,32,67,18,97" hai2="108,33,6,10,118,35,22,68,88,26,76,74,119" hai3="113,23,100,133,9,48,62,56,120,106,130,116,4"/><T31/><D123/><U126/><E126/><V55/><F68/><W1/><G116/><N who="2" m="44585" /><F76/><W99/><G113/><T14/><D131/><U25/><E105/><V54/><F74/><W66/><G130/><T28/><D77/><U36/><E111/><V65/><F65/><W128/><G128/><T37/><D37/><U64/><E32/><N who="2" m="12363" /><F108/><W103/><G133/><T117/><D117/><U95/><E98/><V39/><F39/><W71/><G120/><T34/><D14/><U53/><E18/><N who="2" m="12631" /><F88/><W47/><G103/><T43/><D43/><U24/><REACH who="1" step="1"/><E63/><REACH who="1" ten="348,224,204,214" step="2"/><V49/><F49/><W101/><G99/><T94/><D96/><U87/><E87/><V0/><AGARI ba="2,1" hai="0,6,10,54,55" m="12631,12363,44585" machi="0" ten="30,1100,0" yaku="12,1" doraHai="80" who="2" fromWho="2" sc="348,-7,224,-5,204,27,214,-5" /><INIT seed="1,0,0,4,2,12" ten="341,219,231,209" oya="1" hai0="58,23,127,32,113,7,31,11,62,134,36,38,6" hai1="126,3,70,78,18,132,66,72,100,50,13,59,135" hai2="74,63,104,29,5,116,52,64,109,24,85,84,0" hai3="34,97,20,93,129,53,21,19,101,75,14,56,2"/><U17/><E3/><V123/><F74/><W55/><G129/><T79/><D32/><U121/><E121/><V40/><F116/><W94/><G34/><T71/><D71/><U77/><E70/><V92/><F104/><W1/><G75/><T45/><D113/><U81/><E78/><V9/><F123/><W82/><G82/><T57/><D6/><U107/><E126/><V87/><F40/><W4/><G4/><T61/><D79/><U26/><E13/><V44/><F109/><W83/><G83/><T33/><D33/><U125/><E125/><V110/><F110/><W51/><G93/><T102/><D102/><U42/><E26/><V30/><F92/><W98/><G98/><T117/><D45/><U39/><E39/><V10/><F10/><W99/><G99/><T120/><D134/><N who="1" m="51243" /><E66/><V96/><F24/><W112/><G112/><T108/><D117/><U88/><E88/><V41/><F96/><W90/><G101/><T37/><D127/><U25/><E25/><V119/><F64/><W49/><REACH who="3" step="1"/><G21/><REACH who="3" ten="341,219,231,199" step="2"/><T118/><D23/><U8/><E100/><V103/><F103/><W114/><G114/><T15/><D118/><U86/><E72/><V130/><F119/><W91/><G91/><T131/><D131/><U73/><E73/><V43/><F130/><W115/><G115/><T54/><D108/><U133/><E133/><V95/><F95/><W80/><G80/><T28/><REACH who="0" step="1"/><D120/><REACH who="0" ten="331,219,231,199" step="2"/><U46/><E77/><V128/><F128/><W16/><G16/><T105/><D105/><U65/><E107/><V35/><F5/><W124/><G124/><RYUUKYOKU ba="0,2" sc="331,15,219,-15,231,-15,199,15" hai0="7,11,15,28,31,36,37,38,54,57,58,61,62" hai3="1,2,14,19,20,49,51,53,55,56,90,94,97" /><INIT seed="2,1,2,3,3,54" ten="346,204,216,214" oya="2" hai0="114,28,33,64,79,98,42,105,101,50,36,31,53" hai1="87,29,73,63,90,99,115,56,121,13,103,17,62" hai2="107,1,124,38,69,11,0,18,30,110,47,131,44" hai3="7,22,106,65,5,128,8,77,75,60,2,49,71"/><V37/><F107/><W89/><G128/><T109/><D114/><U78/><E115/><V20/><F69/><W112/><G112/><T86/><D109/><U32/><E32/><V93/><F131/><W84/><G106/><T58/><D33/><U127/><E29/><V125/><F93/><W21/><G7/><T23/><D23/><U4/><E4/><V123/><F30/><W72/><G49/><T95/><D64/><U46/><E78/><V35/><F35/><W94/><REACH who="3" step="1"/><G77/><REACH who="3" ten="346,204,216,204" step="2"/><T45/><REACH who="0" step="1"/><D105/><REACH who="0" ten="336,204,216,204" step="2"/><U119/><E121/><V129/><F123/><W26/><G26/><T80/><AGARI ba="1,4" hai="28,31,36,42,45,50,53,58,79,80,86,95,98,101" machi="80" ten="30,7900,0" yaku="1,1,2,1,0,1,52,1,53,0" doraHai="54" doraHaiUra="10" who="0" fromWho="0" sc="336,122,204,-21,216,-40,204,-21" /><INIT seed="3,0,0,1,5,24" ten="458,183,176,183" oya="3" hai0="128,134,74,122,37,65,33,71,81,44,19,116,121" hai1="3,62,83,43,5,21,87,40,123,89,104,31,29" hai2="75,42,58,26,107,36,11,17,53,32,105,111,92" hai3="0,54,7,73,57,131,85,130,82,48,10,8,68"/><W103/><G68/><T30/><D19/><U88/><E104/><V94/><F75/><W6/><G73/><T49/><D49/><U55/><E3/><V86/><F36/><W46/><G103/><T124/><D116/><U25/><E5/><V108/><F42/><N who="1" m="15913" /><E123/><V16/><F58/><W91/><REACH who="3" step="1"/><G57/><REACH who="3" ten="458,183,176,173" step="2"/><T127/><D71/><U52/><E89/><V63/><F105/><W60/><G60/><T110/><D74/><U79/><E62/><V100/><F107/><W84/><G84/><T132/><D122/><U12/><E79/><V61/><F100/><W15/><AGARI ba="0,1" hai="0,6,7,8,10,15,46,48,54,82,85,91,130,131" machi="15" ten="30,3000,0" yaku="1,1,0,1,53,0" doraHai="24" doraHaiUra="114" who="3" fromWho="3" sc="458,-10,183,-10,176,-10,173,40" /><INIT seed="3,1,0,3,5,117" ten="448,173,166,213" oya="3" hai0="127,40,129,61,135,92,113,44,94,39,56,30,134" hai1="31,29,35,22,21,8,106,91,16,114,75,87,34" hai2="132,108,116,4,20,14,120,103,111,52,115,119,121" hai3="50,90,32,2,81,69,15,45,89,36,109,25,68"/><W80/><G2/><T82/><D127/><U13/><E106/><V41/><F103/><W3/><G3/><T85/><D30/><U123/><E75/><V59/><F4/><W48/><G36/><T27/><D27/><U6/><E123/><N who="2" m="47179" /><F41/><W60/><G15/><T105/><D105/><U55/><E114/><V66/><F66/><W46/><G25/><T11/><D11/><U57/><E34/><V5/><F132/><N who="0" m="50730" /><D129/><U122/><E35/><V125/><F125/><W118/><G32/><T23/><D23/><N who="1" m="8715" /><E6/><V131/><F131/><W133/><G133/><T10/><D10/><U128/><E128/><V37/><F37/><W67/><G67/><N who="0" m="39335" /><D113/><U100/><E122/><V54/><F115/><W77/><G118/><N who="2" m="45097" /><F5/><W0/><G68/><T79/><AGARI ba="1,0" hai="39,40,44,79,82,85,92,94" m="39335,50730" machi="79" ten="30,1100,0" yaku="20,1" doraHai="117" who="0" fromWho="0" sc="448,14,173,-4,166,-4,213,-6" /><INIT seed="4,0,0,4,0,105" ten="462,169,162,207" oya="0" hai0="135,35,53,82,74,62,24,117,9,12,128,88,60" hai1="81,98,114,16,29,103,118,72,116,69,85,125,32" hai2="46,39,91,41,120,59,97,96,15,31,42,106,130" hai3="40,75,92,19,87,6,80,26,13,38,8,115,4"/><T112/><D117/><U101/><E101/><V52/><F120/><W21/><G115/><T70/><D70/><U51/><E114/><V86/><F130/><W122/><G122/><T68/><D68/><U131/><E131/><V121/><F121/><W104/><G104/><T43/><D43/><U50/><E125/><V44/><F31/><W94/><G4/><T34/><D24/><U127/><E127/><V36/><F15/><W54/><G75/><T119/><D62/><U17/><E69/><V95/><REACH who="2" step="1"/><F106/><REACH who="2" ten="462,169,152,207" step="2"/><W113/><G113/><T78/><D12/><U7/><E118/><V67/><F67/><W47/><REACH who="3" step="1"/><G54/><REACH who="3" ten="462,169,152,197" step="2"/><T110/><D53/><U111/><E116/><V10/><F10/><W100/><G100/><T22/><D9/><U133/><E103/><V3/><F3/><W48/><G48/><AGARI ba="0,2" hai="36,39,41,42,44,46,48,52,59,86,91,95,96,97" machi="48" ten="30,7700,0" yaku="1,1,7,1,9,1,54,1,53,0" doraHai="105" doraHaiUra="124" who="2" fromWho="3" sc="462,0,169,0,152,97,197,-77" /><INIT seed="5,0,0,1,5,8" ten="462,169,249,120" oya="1" hai0="82,132,55,56,86,10,111,42,109,71,124,76,84" hai1="103,51,58,77,118,88,99,27,116,49,121,1,43" hai2="25,100,94,115,18,17,36,95,60,122,68,70,28" hai3="37,53,64,130,65,117,127,120,5,87,24,16,62"/><U79/><E1/><V133/><F36/><W7/><G117/><T33/><D71/><U90/><E43/><V66/><F122/><W52/><G120/><T80/><D33/><U113/><E121/><V13/><F133/><W57/><G127/><T128/><D124/><U126/><E126/><V39/><F39/><W75/><G75/><T129/><D42/><U106/><E27/><V67/><F115/><W30/><G37/><T3/><D3/><U97/><E58/><V85/><F100/><W44/><G130/><N who="0" m="50283" /><D10/><U15/><E103/><V131/><F131/><W72/><G72/><T110/><D132/><U89/><E89/><V31/><F25/><W83/><G30/><T40/><D40/><U41/><E41/><V134/><F85/><N who="0" m="32874" /><D76/><U54/><E54/><N who="3" m="21098" /><G65/><T81/><D81/><U14/><REACH who="1" step="1"/><E106/><REACH who="1" ten="462,159,249,120" step="2"/><V101/><F101/><W48/><G44/><T23/><D56/><U108/><E108/><V20/><F134/><W34/><G34/><T12/><D55/><U61/><E61/><V92/><F60/><W59/><G57/><T9/><D111/><U63/><E63/><V45/><F45/><W112/><G112/><AGARI ba="0,1" hai="14,15,49,51,77,79,88,90,97,99,112,113,116,118" machi="112" ten="25,18000,2" yaku="1,1,22,2,52,2,54,1,53,0" doraHai="8" doraHaiUra="98" who="1" fromWho="3" sc="462,0,159,190,249,0,120,-180" owari="462,56.0,349,15.0,249,-15.0,-60,-56.0" /></mjloggm>