<mjloggm ver="2.3"><GO type="169" lobby="0"/><UN n0="%E5%A4%A9%E6%9C%88%E3%82%81%E3%81%90%E3%82%8B" n1="%E5%AE%9F%E5%AD%98" n2="%E9%81%8A%E8%B5%B0" n3="%E7%9C%BC%E7%A7%91%E5%8C%BB" dan="17,17,17,16" rate="2160.25,2141.83,2189.47,2124.08" sx="F,M,F,M"/><TAIKYOKU oya="0"/><INIT seed="0,0,0,0,4,52" ten="250,250,250,250" oya="0" hai0="103,69,15,113,14,135,5,63,97,75,82,84,129" hai1="96,99,39,64,27,60,4,44,118,50,98,43,46" hai2="21,37,20,0,126,81,91,48,134,107,111,54,83" hai3="90,58,31,22,6,108,51,3,36,79,106,11,117"/><T28/><D113/><U67/><E118/><V114/><F114/><W38/><G117/><T30/><D75/><U18/><E4/><V45/><F107/><W26/><G106/><T131/><D5/><U102/><E27/><V29/><F134/><W104/><G104/><T61/><D135/><U41/><E18/><V2/><F126/><W121/><G79/><T7/><D7/><U13/><E13/><V115/><F115/><W100/><G100/><T109/><D69/><U92/><REACH who="1" step="1"/><E64/><REACH who="1" ten="250,240,250,250" step="2"/><V95/><F0/><W101/><G121/><T23/><D14/><U35/><E35/><V110/><F2/><W76/><G6/><T105/><D15/><U57/><AGARI ba="0,1" hai="39,41,43,44,46,50,57,60,67,92,96,98,99,102" machi="57" ten="20,8000,1" yaku="1,1,0,1,7,1,52,1,53,1" doraHai="52" doraHaiUra="47" who="1" fromWho="1" sc="250,-40,240,90,250,-20,250,-20" /><INIT seed="1,0,0,5,2,72" ten="210,330,230,230" oya="1" hai0="23,104,7,78,32,98,11,113,84,87,111,133,119" hai1="21,64,45,90,117,49,43,4,88,44,25,127,53" hai2="52,126,97,16,28,59,40,96,89,10,47,1,39" hai3="134,99,13,91,37,101,114,66,3,19,22,31,109"/><U120/><E127/><V79/><F126/><W34/><G114/><T33/><D113/><U5/><E117/><V129/><F129/><W54/><G109/><T118/><D111/><U15/><E120/><V107/><F28/><W115/><G115/><T67/><D67/><U128/><E128/><V81/><F89/><W106/><G134/><T74/><D133/><U121/><E64/><V105/><F97/><W70/><G37/><T77/><D74/><U110/><E121/><V122/><F122/><W85/><G3/><T93/><D104/><U50/><E110/><V92/><F92/><W132/><G132/><T2/><D119/><U35/><E35/><V58/><F58/><W27/><G54/><T86/><D118/><U36/><E36/><V20/><F96/><W102/><G102/><T0/><D23/><U48/><E48/><V76/><F76/><W55/><G55/><T100/><REACH who="0" step="1"/><D2/><REACH who="0" ten="200,330,230,230" step="2"/><U94/><E21/><V80/><F1/><W26/><G26/><T95/><D95/><U9/><E25/><V75/><F81/><W83/><G66/><T123/><D123/><U103/><E94/><V108/><F108/><W68/><AGARI ba="0,1" hai="13,19,22,27,31,34,68,70,83,85,91,99,101,106" machi="68" ten="30,1100,0" yaku="0,1" doraHai="72" who="3" fromWho="3" sc="200,-3,330,-5,230,-3,230,21" /><INIT seed="2,0,0,0,3,101" ten="197,325,227,251" oya="2" hai0="45,36,29,19,39,107,122,88,17,135,31,59,13" hai1="35,61,1,50,66,72,92,47,123,69,129,14,44" hai2="37,57,80,91,53,132,58,103,67,5,105,8,99" hai3="134,97,38,24,74,112,89,93,25,104,71,96,90"/><V84/><F132/><W75/><G71/><T11/><D122/><U2/><E35/><V30/><F37/><W76/><G38/><T41/><D39/><U128/><E123/><V34/><F67/><W16/><G134/><T94/><D135/><U77/><E47/><V83/><F83/><W3/><G3/><T40/><D40/><U10/><E92/><V55/><F58/><W20/><G112/><T82/><D107/><U4/><E77/><V118/><F118/><W125/><G125/><T120/><D120/><U81/><E72/><V86/><F86/><W43/><G43/><T12/><D59/><U64/><E81/><V32/><F30/><W102/><G76/><T26/><D26/><U18/><E64/><V22/><F22/><W111/><G111/><T9/><REACH who="0" step="1"/><D82/><REACH who="0" ten="187,325,227,251" step="2"/><U54/><E69/><V6/><F55/><W126/><G126/><T106/><D106/><U49/><E54/><V124/><F124/><W115/><G115/><T42/><D42/><U52/><E52/><V133/><F133/><W63/><G63/><T56/><D56/><U108/><E61/><V7/><REACH who="2" step="1"/><F8/><REACH who="2" ten="187,325,217,251" step="2"/><W127/><G127/><T62/><D62/><AGARI ba="0,2" hai="5,6,7,32,34,53,57,62,80,84,91,99,103,105" machi="62" ten="40,18000,2" yaku="1,1,2,1,52,1,53,3" doraHai="101" doraHaiUra="0" who="2" fromWho="0" sc="187,-180,325,0,217,200,251,0" /><INIT seed="2,1,0,3,0,119" ten="7,325,417,251" oya="2" hai0="51,93,100,121,38,26,126,92,60,28,70,127,66" hai1="31,40,57,77,4,109,45,17,2,95,67,52,8" hai2="73,25,27,15,48,43,5,50,32,24,94,47,9" hai3="68,33,130,113,41,117,78,6,13,102,61,22,88"/><V34/><F73/><W99/><G117/><T39/><D51/><U90/><E109/><V69/><F69/><W53/><G33/><T37/><D100/><U59/><E67/><V111/><F111/><W29/><G130/><T110/><D110/><U55/><E31/><V105/><F105/><W16/><G78/><T63/><D63/><U85/><E17/><V65/><F65/><W97/><G29/><T79/><D79/><U131/><E131/><V64/><F64/><W103/><G68/><T72/><D72/><U104/><E104/><V91/><REACH who="2" step="1"/><F48/><REACH who="2" ten="7,325,407,251" step="2"/><W134/><G113/><T115/><D115/><U106/><E106/><V124/><F124/><N who="0" m="47658" /><D121/><U20/><E77/><V84/><AGARI ba="1,1" hai="5,9,15,24,25,27,32,34,43,47,50,84,91,94" machi="84" ten="30,3000,0" yaku="1,1,0,1,53,0" doraHai="119" doraHaiUra="101" who="2" fromWho="2" sc="7,-11,325,-11,407,43,251,-11" owari="-4,-50.0,314,11.0,450,55.0,240,-16.0" /></mjloggm>