<mjloggm ver="2.3"><GO type="225" lobby="0"/><UN n0="%E5%AE%89%E8%97%A4%E3%82%AB%E3%82%B1%E3%83%AB" n1="%E5%B1%B1%E8%B6%8A" n2="%E3%82%A4%E3%83%8A%E3%82%BA%E3%83%9E%E8%91%AC%E5%84%80" n3="%73%75%7A%75%6D%65%33" dan="16,18,17,17" rate="2054.30,2196.38,2239.40,2206.19" sx="M,M,F,M"/><TAIKYOKU oya="0"/><INIT seed="0,0,0,3,5,29" ten="250,250,250,250" oya="0" hai0="89,82,53,102,90,19,118,63,15,110,99,57,84" hai1="125,55,36,50,14,24,54,81,0,66,79,33,26" hai2="88,21,108,119,45,16,28,37,23,3,124,98,106" hai3="103,71,122,133,39,40,42,78,1,112,38,11,131"/><T65/><D118/><U129/><E129/><V43/><F108/><W134/><G112/><T135/><D110/><U115/><E125/><V128/><F124/><W72/><G131/><T120/><D120/><U75/><E0/><V61/><F128/><W132/><G122/><T9/><D135/><U6/><E36/><N who="3" m="13866" /><G103/><T2/><D2/><U69/><E115/><V5/><F119/><W95/><G95/><T93/><REACH who="0" step="1"/><D65/><REACH who="0" ten="240,250,250,250" step="2"/><U70/><E66/><V4/><F3/><W51/><G1/><T76/><AGARI ba="0,1" hai="9,15,19,53,57,63,76,82,84,89,90,93,99,102" machi="76" ten="20,12000,1" yaku="1,1,2,1,0,1,7,1,8,1,53,0" doraHai="29" doraHaiUra="27" who="0" fromWho="0" sc="240,130,250,-40,250,-40,250,-40" /><INIT seed="0,1,0,5,3,134" ten="370,210,210,210" oya="0" hai0="87,7,119,103,34,133,18,104,17,44,127,30,98" hai1="68,64,118,8,15,73,14,101,57,71,11,56,78" hai2="95,31,80,128,105,86,62,36,77,33,9,112,102" hai3="72,0,131,99,75,59,83,130,61,65,90,6,82"/><T49/><D119/><U39/><E118/><V60/><F112/><W47/><G47/><T20/><D34/><U35/><E35/><V16/><F36/><W79/><G6/><T28/><D133/><U66/><E101/><V85/><F128/><N who="3" m="49195" /><G0/><T67/><D67/><U129/><E129/><V1/><F105/><W13/><G13/><T81/><D7/><U124/><E78/><V108/><F108/><W113/><G113/><T26/><D18/><U25/><E73/><N who="3" m="28234" /><G79/><T135/><D44/><U50/><E50/><V106/><F1/><W109/><G109/><T27/><D49/><U51/><E51/><V37/><F37/><W91/><G99/><T12/><D98/><U42/><E25/><V3/><F3/><W52/><G65/><T89/><D12/><U94/><E39/><V41/><F41/><W63/><G63/><T32/><D27/><U93/><REACH who="1" step="1"/><E42/><REACH who="1" ten="370,200,210,210" step="2"/><V23/><F33/><W84/><G91/><T19/><D89/><U97/><E97/><V4/><F77/><W116/><G116/><T125/><D32/><U69/><E69/><V24/><F24/><W96/><G96/><T114/><D26/><U132/><E132/><V70/><F102/><W21/><G21/><T54/><D20/><U117/><E117/><V10/><F23/><W110/><G110/><T22/><D22/><U100/><E100/><V53/><F31/><W92/><AGARI ba="1,1" hai="52,59,61,82,83,84,90,92" m="28234,49195" machi="92" ten="30,2000,0" yaku="19,1,54,1" doraHai="134" who="3" fromWho="3" sc="370,-11,200,-6,210,-6,210,33" /><INIT seed="1,0,0,4,5,29" ten="359,194,204,243" oya="1" hai0="5,81,120,50,10,58,30,111,17,79,106,12,91" hai1="21,115,26,98,122,3,54,42,28,128,25,41,46" hai2="43,32,24,84,86,104,72,118,130,22,9,61,39" hai3="92,127,73,114,7,74,99,36,38,90,117,110,82"/><U116/><E122/><V123/><F123/><W35/><G114/><T71/><D71/><U103/><E116/><V97/><F118/><W85/><G117/><T52/><D106/><U121/><E121/><V63/><F72/><W67/><G67/><T13/><D120/><U47/><E115/><V2/><F130/><W27/><G7/><T87/><D111/><U40/><E3/><V124/><F124/><W51/><G110/><T14/><D30/><U68/><E68/><V95/><F104/><W0/><G0/><T102/><D102/><U15/><E128/><V66/><F32/><W109/><G109/><T93/><REACH who="0" step="1"/><D5/><REACH who="0" ten="349,194,204,243" step="2"/><U100/><E100/><V53/><F2/><W112/><G112/><T49/><D49/><U33/><E15/><V134/><F39/><W129/><G51/><T96/><AGARI ba="0,1" hai="10,12,13,14,17,50,52,58,79,81,87,91,93,96" machi="96" ten="20,8000,1" yaku="1,1,0,1,7,1,8,1,54,1,53,0" doraHai="29" doraHaiUra="107" who="0" fromWho="0" sc="349,90,194,-40,204,-20,243,-20" /><INIT seed="2,0,0,2,2,37" ten="439,154,184,223" oya="2" hai0="113,106,94,79,11,30,8,72,54,69,123,73,125" hai1="116,130,13,23,41,51,25,29,44,134,12,28,20" hai2="101,57,85,38,42,67,24,43,86,35,104,118,5" hai3="10,4,91,18,27,34,129,32,66,50,61,77,97"/><V15/><F118/><W33/><G77/><T55/><D106/><U52/><E116/><V64/><F38/><W22/><G129/><T74/><D69/><U107/><E130/><V111/><F111/><W115/><G115/><T58/><D79/><U100/><E134/><V90/><F104/><W56/><G50/><T117/><D113/><U126/><E126/><V131/><F35/><W108/><G108/><T2/><D125/><U112/><E112/><V89/><F101/><W59/><G59/><T14/><D30/><U132/><E132/><V76/><F24/><W128/><G128/><T48/><D123/><U60/><E100/><V70/><F70/><W78/><G78/><T98/><D2/><U7/><E107/><V83/><F131/><W36/><G36/><T19/><D55/><U105/><E105/><V49/><F49/><W109/><G109/><T81/><D81/><U3/><E3/><V103/><F103/><W63/><G63/><T102/><D117/><U88/><E88/><N who="2" m="33899" /><F86/><W84/><G97/><T62/><D48/><N who="1" m="26639" /><E60/><N who="2" m="37903" /><F67/><W80/><G33/><T71/><D71/><U92/><E92/><V31/><F31/><W47/><G34/><T93/><D93/><U135/><E135/><V95/><F95/><W17/><G32/><T110/><D110/><U6/><E51/><V133/><F133/><W119/><G119/><T87/><D87/><U0/><E0/><V68/><F68/><W65/><G61/><T26/><D26/><N who="1" m="16455" /><E52/><V114/><F114/><W39/><G39/><T122/><D122/><U16/><E29/><V124/><F124/><W127/><G127/><RYUUKYOKU ba="0,0" sc="439,10,154,10,184,10,223,-30" hai0="8,11,14,19,54,58,62,72,73,74,94,98,102" hai1="6,7,12,13,16,23,25" hai2="5,15,42,43,76,83,85" /><INIT seed="2,1,0,4,4,43" ten="449,164,194,193" oya="2" hai0="118,119,107,58,66,112,97,57,21,37,113,67,14" hai1="49,56,20,110,124,11,59,83,72,79,51,81,36" hai2="78,109,60,61,90,101,135,29,92,53,68,105,42" hai3="76,12,4,121,7,69,103,75,85,2,16,0,50"/><V108/><F135/><W23/><G75/><T127/><D37/><U63/><E110/><N who="2" m="42603" /><F78/><W41/><G69/><T96/><D107/><U80/><E36/><V91/><F29/><W99/><G121/><T39/><D39/><U18/><E11/><V88/><F42/><W55/><G41/><T46/><D127/><U52/><E124/><V6/><F6/><W1/><G85/><T17/><D113/><U31/><E31/><V114/><F114/><W9/><G76/><T84/><D84/><U132/><E132/><V13/><F13/><W106/><REACH who="3" step="1"/><G4/><REACH who="3" ten="449,164,194,183" step="2"/><T15/><D112/><U8/><E8/><V100/><F68/><W122/><G122/><T93/><D119/><U86/><E72/><V115/><F115/><W34/><G34/><T30/><D118/><U64/><REACH who="1" step="1"/><E49/><REACH who="1" ten="449,154,194,183" step="2"/><V38/><F38/><W26/><G26/><AGARI ba="1,2" hai="18,20,26,51,52,56,59,63,64,79,80,81,83,86" machi="26" ten="30,8000,1" yaku="1,1,2,1,7,1,8,1,54,1,53,0" doraHai="43" doraHaiUra="27" who="1" fromWho="3" sc="449,0,154,103,194,0,183,-83" /><INIT seed="3,0,0,2,1,94" ten="449,257,194,100" oya="3" hai0="45,9,132,3,84,42,131,8,100,135,77,123,19" hai1="27,110,64,101,96,122,36,11,24,22,112,108,80" hai2="57,66,70,129,35,29,55,67,68,65,61,43,104" hai3="124,5,81,114,86,12,31,118,1,10,85,56,0"/><W97/><G114/><T134/><D123/><U33/><E122/><V69/><F104/><W99/><G118/><T21/><D131/><U87/><E36/><V4/><F4/><W111/><G31/><T93/><D3/><U92/><E112/><V6/><F6/><W32/><G32/><T63/><D63/><U103/><E64/><N who="2" m="24683" /><F29/><W18/><G124/><T117/><D117/><U72/><E72/><V119/><F35/><W116/><G116/><T88/><D100/><N who="1" m="60423" /><E11/><V40/><F119/><W62/><G111/><N who="1" m="42538" /><E33/><V78/><F78/><W53/><G85/><T106/><D106/><U82/><E27/><V15/><F15/><W28/><G28/><T79/><D79/><N who="1" m="46495" /><E82/><V107/><F107/><W13/><G0/><T83/><D21/><U121/><E121/><V2/><F2/><W38/><G38/><N who="0" m="21719" /><D19/><AGARI ba="0,0" hai="19,22,24,101,103" m="46495,42538,60423" machi="19" ten="30,2000,0" yaku="14,1,52,1" doraHai="94" who="1" fromWho="0" sc="449,-20,257,20,194,0,100,0" owari="429,53.0,277,8.0,194,-21.0,100,-40.0" /></mjloggm>