<mjloggm ver="2.3"><GO type="185" lobby="0"/><UN n0="%E3%82%86%E3%81%8D%E3%81%86%E3%81%95%E3%81%8E%E2%98%86" n1="%E6%B0%B7%E3%81%AE%4B" n2="%E5%A4%9A%E6%9E%97%E6%99%8B" n3="" dan="16,16,16,0" rate="2182.07,2105.30,2176.60,1500.00" sx="F,M,M,C"/><TAIKYOKU oya="0"/><INIT seed="0,0,0,5,4,49" ten="350,350,350,0" oya="0" hai0="109,87,81,78,43,103,32,72,89,90,112,105,48" hai1="0,55,123,98,125,133,120,57,63,79,73,114,104" hai2="121,70,88,92,80,54,128,111,107,64,101,77,129" hai3=""/><T84/><D32/><U34/><N who="1" m="30752" /><U106/><N who="1" m="31520" /><U1/><E34/><V41/><N who="2" m="31008" /><V40/><F111/><T38/><D38/><U56/><E133/><V124/><F107/><T83/><D109/><U46/><E125/><V47/><F101/><T130/><D43/><U118/><E118/><V71/><F124/><T127/><D127/><U50/><E114/><V52/><F40/><T42/><D42/><U95/><E106/><V131/><F64/><T76/><D48/><U122/><N who="1" m="31264" /><U65/><E104/><V102/><F102/><T134/><D112/><U82/><E46/><V126/><F126/><T97/><D134/><U61/><E50/><V113/><F113/><T96/><D130/><U74/><E73/><V53/><F80/><T37/><D37/><U2/><E2/><V69/><F77/><T44/><D44/><U39/><E39/><V135/><F135/><T3/><D3/><U116/><E116/><V67/><F67/><T51/><D51/><U60/><E60/><V93/><F88/><AGARI ba="0,0" hai="0,1,55,56,57,61,63,65,74,79,82,88,95,98" m="31264,31520,30752" machi="88" ten="30,12000,2" yaku="7,1,52,4,54,1" doraHai="49" who="1" fromWho="2" sc="350,0,350,120,350,-120,0,0" /><INIT seed="1,0,0,2,1,122" ten="350,470,230,0" oya="1" hai0="68,42,67,73,66,131,48,132,99,84,133,100,82" hai1="0,52,124,119,96,71,106,105,101,69,95,76,107" hai2="40,35,43,112,125,98,88,49,120,130,46,80,38" hai3=""/><U87/><E0/><V94/><N who="2" m="30752" /><V78/><F35/><T85/><D131/><U129/><E119/><V55/><F130/><T114/><D114/><U111/><E129/><V109/><F112/><T110/><D110/><U60/><E111/><V77/><F109/><T50/><D73/><U103/><E124/><V134/><F125/><T37/><D37/><U121/><N who="1" m="31008" /><U65/><E71/><V34/><F34/><T86/><D82/><U32/><E32/><V118/><F118/><T51/><D42/><U44/><E103/><V81/><F134/><N who="0" m="51818" /><D68/><U70/><E70/><V97/><F98/><T113/><D113/><U79/><REACH who="1" step="1"/><E87/><REACH who="1" ten="350,460,230,0" step="2"/><V2/><F2/><T61/><D61/><U45/><E45/><V135/><F135/><T53/><D53/><U64/><E64/><V108/><F108/><T127/><D127/><U115/><E115/><V92/><F55/><T74/><D74/><U72/><E72/><V123/><F123/><T36/><D66/><U75/><E75/><V102/><F102/><T128/><D67/><U47/><E47/><V1/><F46/><T91/><D128/><U126/><E126/><V39/><F1/><T57/><D84/><U104/><N who="1" m="26624" /><DORA hai="117" /><U58/><E58/><V59/><F59/><RYUUKYOKU ba="0,1" sc="350,-10,460,20,230,-10,0,0" hai1="44,52,60,65,69,76,79,95,96,101" /><INIT seed="1,1,1,0,2,128" ten="340,480,220,0" oya="1" hai0="66,129,103,131,121,73,63,110,114,97,76,125,70" hai1="0,104,39,45,44,36,47,86,87,102,32,100,94" hai2="49,58,122,133,64,50,112,62,79,84,99,77,51" hai3=""/><U82/><E0/><V60/><N who="2" m="31264" /><V83/><F112/><T118/><N who="0" m="31008" /><T59/><D114/><U57/><E32/><V41/><F133/><T2/><D2/><U1/><E1/><V56/><F99/><T33/><D33/><U126/><E126/><V115/><F115/><T132/><D125/><U113/><E113/><V95/><F95/><T74/><D110/><U43/><E57/><V89/><REACH who="2" step="1"/><F41/><REACH who="2" ten="340,480,210,0" step="2"/><T105/><D132/><U67/><E43/><V120/><N who="2" m="30752" /><V90/><F90/><T127/><D127/><U46/><E94/><V93/><F93/><T40/><D131/><U117/><E36/><V34/><F34/><T119/><D129/><U111/><E39/><V65/><AGARI ba="1,2" hai="49,50,51,56,58,60,62,64,65,77,79,83,84,89" m="30752,31264" machi="65" ten="30,12000,3" yaku="1,1,0,1,9,1,8,1,52,2,53,2" doraHai="128" doraHaiUra="52" who="2" fromWho="2" sc="340,-41,480,-81,210,142,0,0" /><INIT seed="2,0,0,3,4,75" ten="299,399,352,0" oya="2" hai0="87,96,94,33,109,38,2,65,80,81,121,91,44" hai1="130,58,112,127,114,95,45,84,89,39,131,116,62" hai2="86,60,104,107,103,47,93,1,126,63,52,90,92" hai3=""/><V61/><F1/><T55/><N who="0" m="31008" /><T110/><D2/><U36/><E116/><V48/><REACH who="2" step="1"/><F126/><REACH who="2" ten="299,399,342,0" step="2"/><T49/><D33/><U99/><E127/><V46/><F46/><T74/><D110/><U123/><N who="1" m="31520" /><U98/><E45/><V64/><F64/><T82/><D109/><U79/><E114/><V34/><F34/><T113/><D65/><U59/><E112/><V106/><F106/><T50/><D113/><U129/><E59/><V69/><F69/><T117/><D117/><U115/><E115/><V111/><F111/><T88/><D38/><U118/><E118/><V76/><F76/><T135/><D135/><U119/><E119/><V133/><F133/><T124/><D124/><U83/><REACH who="1" step="1"/><E99/><AGARI ba="0,1" hai="47,48,52,60,61,63,86,90,92,93,99,103,104,107" machi="99" ten="40,3900,0" yaku="1,1,54,1,53,0" doraHai="75" doraHaiUra="120" who="2" fromWho="1" sc="299,0,399,-39,342,49,0,0" /><INIT seed="2,1,0,4,1,105" ten="299,360,391,0" oya="2" hai0="89,129,92,67,112,82,62,53,48,123,38,54,124" hai1="126,104,130,3,103,49,40,42,121,63,84,57,32" hai2="81,79,118,58,76,60,107,128,59,50,98,73,68" hai3=""/><V56/><F118/><T131/><N who="0" m="31520" /><T51/><D112/><U113/><N who="1" m="31008" /><U80/><E113/><V72/><F128/><N who="0" m="49226" /><D124/><U120/><N who="1" m="30752" /><U111/><E126/><V132/><F132/><T77/><D38/><U45/><E130/><V0/><F0/><T86/><D48/><U70/><E111/><V87/><F50/><T102/><D102/><U88/><E3/><V122/><N who="2" m="31264" /><V61/><F79/><T116/><D51/><U78/><E32/><V96/><F107/><T44/><D44/><U115/><E115/><V93/><F98/><T65/><D116/><U125/><E125/><V110/><F110/><T66/><D62/><U94/><E70/><V37/><F37/><T135/><D135/><U74/><E40/><V1/><F1/><T43/><D43/><U85/><E103/><V36/><F36/><T91/><D91/><U133/><E133/><V100/><REACH who="2" step="1"/><F68/><REACH who="2" ten="299,360,381,0" step="2"/><T41/><D41/><U109/><E109/><V75/><AGARI ba="1,1" hai="56,58,59,60,61,72,73,75,76,81,87,93,96,100" m="31264" machi="75" ten="40,16000,3" yaku="1,1,2,1,0,1,52,4,53,1" doraHai="105" doraHaiUra="117" who="2" fromWho="2" sc="299,-81,360,-81,381,172,0,0" /><INIT seed="2,2,0,3,0,87" ten="218,279,553,0" oya="2" hai0="44,115,74,80,72,41,64,2,109,97,107,89,121" hai1="102,119,112,130,73,85,101,79,106,128,91,108,36" hai2="55,39,70,56,123,75,116,105,96,33,100,58,43" hai3=""/><V48/><N who="2" m="31520" /><V49/><F33/><T34/><N who="0" m="31008" /><T32/><D2/><U47/><E112/><V62/><F75/><T133/><D109/><U60/><E119/><V78/><F78/><T104/><D115/><U1/><E108/><V37/><F116/><T66/><D133/><U99/><E1/><V93/><F70/><T132/><D132/><U127/><E127/><V92/><F49/><T53/><D53/><U125/><E125/><V76/><F76/><T45/><D97/><U81/><E60/><V52/><REACH who="2" step="1"/><F43/><REACH who="2" ten="218,279,543,0" step="2"/><T46/><D41/><U95/><E102/><V131/><F131/><T84/><D72/><U51/><E36/><AGARI ba="2,1" hai="36,37,39,48,52,55,56,58,62,92,93,96,100,105" m="31520" machi="36" ten="40,12000,1" yaku="1,1,52,1,54,1,53,1" doraHai="87" doraHaiUra="57" who="2" fromWho="1" sc="218,0,279,-124,543,134,0,0" /><INIT seed="2,3,0,0,1,2" ten="218,155,677,0" oya="2" hai0="115,83,88,78,44,3,37,42,59,133,132,90,54" hai1="121,93,69,71,55,94,91,124,122,95,100,89,36" hai2="39,108,40,34,117,80,33,60,72,46,127,134,53" hai3=""/><V41/><F117/><T101/><D3/><U35/><N who="1" m="31008" /><U128/><N who="1" m="31264" /><U63/><E128/><V118/><F118/><T131/><D131/><U92/><E124/><V110/><F127/><T125/><D125/><U126/><E126/><V76/><F134/><N who="0" m="51818" /><D115/><U109/><E109/><N who="2" m="42091" /><F41/><T1/><D101/><U66/><E36/><V75/><F72/><T58/><D1/><U130/><E130/><V106/><F106/><T135/><D135/><U103/><E71/><V112/><F112/><T70/><D70/><U114/><E114/><V67/><F53/><T105/><D105/><U119/><E119/><V48/><F39/><T86/><D58/><AGARI ba="3,0" hai="33,34,40,46,48,58,60,67,75,76,80" m="42091" machi="58" ten="30,11600,0" yaku="14,1,10,1,52,2" doraHai="2" who="2" fromWho="0" sc="218,-122,155,0,677,122,0,0" /><INIT seed="2,4,0,2,4,123" ten="96,155,799,0" oya="2" hai0="39,59,3,55,108,46,117,98,130,124,118,78,95" hai1="37,111,41,134,50,120,36,49,100,57,60,65,61" hai2="107,67,33,129,135,88,48,87,47,62,122,90,35" hai3=""/><V75/><N who="2" m="31264" /><V92/><F107/><T128/><D3/><U105/><N who="1" m="30752" /><U51/><E134/><V125/><F135/><T106/><D106/><U77/><E77/><V58/><F129/><N who="0" m="49770" /><D78/><U74/><E74/><V94/><F75/><T93/><D124/><U32/><E32/><V34/><F125/><T66/><D108/><U54/><E111/><V42/><REACH who="2" step="1"/><F35/><REACH who="2" ten="96,155,789,0" step="2"/><T113/><D118/><U126/><E126/><V104/><F104/><T71/><D117/><U115/><E115/><V84/><AGARI ba="4,1" hai="33,34,42,47,48,58,62,67,84,87,88,90,92,94" m="31264" machi="84" ten="20,16000,3" yaku="1,1,0,1,7,1,9,1,52,1,54,1,53,2" doraHai="123" doraHaiUra="81" who="2" fromWho="2" sc="96,-84,155,-84,789,178,0,0" /><INIT seed="2,5,0,4,0,87" ten="12,71,967,0" oya="2" hai0="47,56,69,101,125,41,116,85,58,73,55,1,106" hai1="103,76,98,128,97,77,121,42,48,62,43,130,39" hai2="84,67,126,96,64,54,93,102,115,114,60,66,49" hai3=""/><V74/><F74/><T117/><D1/><U71/><N who="1" m="31008" /><U109/><E39/><V124/><F60/><T61/><D73/><U45/><E109/><V129/><F129/><N who="1" m="49769" /><E42/><V94/><F84/><T63/><D125/><N who="2" m="48234" /><F94/><T132/><D132/><U108/><E108/><V131/><F131/><T65/><D85/><U120/><N who="1" m="30752" /><U99/><E103/><V79/><F79/><T36/><D101/><U2/><E2/><V127/><F127/><T0/><D106/><U135/><E135/><V88/><F102/><T100/><D100/><U57/><E71/><V72/><F72/><T105/><D105/><U86/><E86/><V3/><F3/><T110/><D110/><U53/><AGARI ba="5,0" hai="43,45,48,53,57,62,76,77,97,98,99" m="30752,49769,31008" machi="53" ten="30,3000,0" yaku="19,1,52,2" doraHai="87" who="1" fromWho="1" sc="12,-15,71,40,967,-25,0,0" owari="-3,-60.0,111,-29.0,942,89.0,0,0.0" /></mjloggm>