<mjloggm ver="2.3"><GO type="169" lobby="0"/><UN n0="%62%75%72%65%61%36" n1="%E9%BA%BB%E9%9B%80%49%51%31%32%30" n2="%E3%81%AF%E3%81%BF%E3%82%82%E3%82%93" n3="%E3%81%B5%E3%81%98%E3%81%8A" dan="16,17,18,18" rate="2112.55,2106.92,2151.02,2214.22" sx="M,M,M,M"/><TAIKYOKU oya="0"/><INIT seed="0,0,0,5,1,31" ten="250,250,250,250" oya="0" hai0="87,95,51,13,22,64,49,81,132,88,73,134,33" hai1="135,118,58,25,54,32,89,121,116,96,101,4,104" hai2="124,82,112,1,35,27,59,41,7,68,5,26,34" hai3="6,16,17,100,84,115,43,102,129,92,97,105,86"/><T21/><D33/><N who="2" m="12298" /><F41/><W130/><G115/><T78/><D64/><U19/><E121/><V24/><F59/><W2/><G43/><T48/><REACH who="0" step="1"/><D13/><REACH who="0" ten="240,250,250,250" step="2"/><U44/><E32/><V111/><F112/><W52/><G130/><T50/><N who="0" m="12288" /><DORA hai="113" /><T110/><D110/><U67/><E67/><V123/><F111/><W125/><G129/><T83/><D83/><U60/><E60/><V10/><F82/><W12/><G12/><T61/><D61/><U39/><E118/><V91/><F123/><W9/><G52/><T128/><D128/><U53/><E116/><V76/><F68/><W127/><G127/><T46/><D46/><U65/><E65/><V99/><F124/><W55/><G55/><T106/><D106/><U70/><E104/><V63/><F63/><W29/><G125/><T38/><D38/><U23/><E70/><V79/><F1/><W107/><G107/><T36/><D36/><U28/><E39/><V8/><F27/><W3/><G3/><T103/><D103/><U119/><E25/><V94/><F26/><W69/><G69/><T37/><D37/><U47/><E47/><V80/><F24/><W126/><G126/><T120/><D120/><U122/><E44/><V74/><F80/><W117/><G117/><T108/><D108/><U85/><E119/><V98/><F94/><W133/><G105/><T93/><D93/><U18/><E122/><V11/><F91/><W71/><G71/><T40/><D40/><U20/><E58/><V90/><F90/><W114/><G114/><T72/><D72/><U57/><E57/><V75/><F74/><RYUUKYOKU ba="0,1" sc="240,30,250,-10,250,-10,250,-10" hai0="21,22,73,78,81,87,88,95,132,134" /><INIT seed="0,1,1,3,4,37" ten="270,240,240,240" oya="0" hai0="127,33,115,73,101,125,49,0,11,83,133,122,55" hai1="114,113,89,22,65,135,82,8,2,86,105,66,7" hai2="126,134,18,32,132,111,103,93,16,63,19,67,45" hai3="79,48,35,81,108,53,40,69,29,109,56,96,100"/><T43/><D122/><U25/><E105/><V39/><F111/><N who="3" m="42571" /><G69/><T130/><D115/><N who="1" m="44043" /><E135/><N who="2" m="51755" /><F32/><W38/><G35/><T91/><D33/><U128/><E128/><V12/><F126/><W74/><G29/><AGARI ba="1,1" hai="2,7,8,22,25,29,65,66,82,86,89" m="44043" machi="29" ten="30,1000,0" yaku="11,1" doraHai="37" who="1" fromWho="3" sc="270,0,240,23,240,0,240,-13" /><INIT seed="1,0,0,3,3,76" ten="270,263,240,227" oya="1" hai0="90,105,20,85,81,131,100,39,130,125,52,113,95" hai1="79,17,103,102,18,108,72,123,93,42,48,111,61" hai2="75,3,92,43,30,46,58,44,106,35,54,41,29" hai3="126,124,115,84,57,98,2,117,7,31,64,53,121"/><U49/><E123/><V83/><F106/><W132/><G121/><T60/><D113/><U19/><E61/><V110/><F3/><W16/><G115/><T36/><D125/><U118/><E118/><V11/><F110/><N who="1" m="42025" /><E42/><V50/><F35/><W70/><G117/><T62/><D105/><U55/><E93/><V99/><F11/><W33/><G132/><T71/><D71/><U0/><E0/><V119/><F119/><W63/><G2/><T135/><D135/><U32/><E32/><V14/><F14/><W67/><G33/><T109/><D109/><U82/><E49/><V91/><F75/><W65/><G70/><T26/><D39/><U122/><E122/><V24/><F83/><W8/><G126/><T97/><D36/><U127/><E127/><V80/><F80/><W23/><G124/><T56/><REACH who="0" step="1"/><D62/><REACH who="0" ten="260,263,240,227" step="2"/><U73/><E73/><V45/><F43/><W94/><G63/><T51/><D51/><U47/><AGARI ba="0,1" hai="17,18,19,47,48,55,72,79,82,102,103" m="42025" machi="47" ten="30,6000,0" yaku="14,1,10,1,52,1" doraHai="76" who="1" fromWho="1" sc="260,-20,263,70,240,-20,227,-20" /><INIT seed="1,1,0,5,2,82" ten="240,333,220,207" oya="1" hai0="58,68,115,85,15,17,53,129,131,88,59,55,97" hai1="45,48,36,49,98,66,54,89,64,105,78,95,87" hai2="118,35,126,128,37,92,119,84,22,0,25,108,6" hai3="9,46,23,4,74,77,134,73,90,69,30,47,62"/><U39/><E39/><V107/><F107/><W91/><G134/><T24/><D115/><U19/><E36/><V8/><F37/><W2/><G47/><T75/><D75/><U11/><E105/><V124/><F92/><W132/><G132/><T61/><D68/><U130/><E130/><V133/><F133/><W42/><G30/><T65/><D24/><U27/><E49/><V60/><F60/><W112/><G23/><N who="0" m="11711" /><D97/><U116/><E116/><V44/><F44/><W70/><G74/><T122/><D122/><U81/><E27/><V67/><F128/><N who="0" m="49226" /><D59/><U106/><E106/><V123/><F123/><W63/><G112/><T29/><D29/><U40/><E40/><V79/><F118/><W72/><G72/><T76/><D76/><U1/><E1/><V16/><F119/><W56/><G70/><T38/><D38/><U12/><AGARI ba="1,0" hai="11,12,19,45,48,54,64,66,78,81,87,89,95,98" machi="12" ten="30,6000,0" yaku="0,1,8,1,52,1" doraHai="82" who="1" fromWho="1" sc="240,-21,333,63,220,-21,207,-21" /><INIT seed="1,2,0,2,5,115" ten="219,396,199,186" oya="1" hai0="0,73,95,31,3,98,120,90,57,40,20,72,52" hai1="5,12,92,68,117,88,70,62,105,41,132,48,77" hai2="23,37,7,101,111,56,108,32,2,91,35,21,54" hai3="38,82,26,49,16,113,60,109,86,27,134,47,65"/><U124/><E105/><V36/><F101/><W44/><G113/><T4/><D40/><U118/><E77/><V11/><F91/><W58/><G109/><N who="2" m="42057" /><F23/><W133/><G38/><N who="2" m="14953" /><F21/><W74/><G74/><T123/><D72/><U87/><E124/><V110/><N who="2" m="42065" /><V81/><DORA hai="84" /><F81/><W116/><G116/><T83/><D73/><U63/><E132/><N who="3" m="50794" /><G16/><T76/><D83/><U78/><E78/><V51/><AGARI ba="2,0" hai="2,7,11,32,35,51,54,56" m="14953,42065" machi="51" ten="50,1600,0" yaku="14,1" doraHai="115,84" who="2" fromWho="2" sc="219,-6,396,-10,199,22,186,-6" /><INIT seed="2,0,0,2,4,119" ten="213,386,221,180" oya="2" hai0="9,76,115,24,29,37,127,67,116,83,95,33,50" hai1="0,74,32,36,113,40,99,82,85,87,134,62,98" hai2="88,81,97,48,124,90,54,46,131,42,51,38,20" hai3="68,133,108,30,94,79,58,102,52,100,15,8,57"/><V2/><F124/><W118/><G118/><T120/><D115/><U21/><E32/><V110/><F131/><W93/><G68/><T89/><D116/><U25/><E0/><V128/><F128/><W109/><G79/><T101/><D101/><U117/><E113/><V80/><F2/><W13/><G30/><T41/><D37/><U39/><E74/><V56/><F110/><N who="3" m="42603" /><G133/><T61/><D9/><U28/><E87/><V53/><F20/><W55/><G102/><T70/><D50/><U26/><E26/><V114/><F114/><W18/><G100/><T121/><D41/><U23/><E23/><V106/><F106/><W122/><G122/><T125/><D127/><U66/><E134/><V12/><F12/><N who="3" m="4683" /><G18/><T19/><D19/><U7/><E7/><V77/><F97/><W129/><G8/><T103/><D103/><U72/><E72/><V43/><F43/><W49/><G129/><T105/><D105/><U96/><E40/><V16/><F16/><W5/><G5/><T35/><D35/><U4/><E4/><V86/><REACH who="2" step="1"/><F80/><REACH who="2" ten="213,386,211,180" step="2"/><W123/><G123/><T75/><D125/><U31/><E117/><V104/><F104/><W63/><AGARI ba="0,1" hai="49,52,55,57,58,63,93,94" m="4683,42603" machi="63" ten="30,2000,0" yaku="14,1,54,1" doraHai="119" who="3" fromWho="3" sc="213,-5,386,-5,211,-10,180,30" /><INIT seed="3,0,0,1,1,1" ten="208,381,201,210" oya="3" hai0="64,113,42,91,123,4,124,25,39,84,70,77,62" hai1="78,121,127,47,6,87,30,61,55,52,65,24,46" hai2="92,36,117,57,43,2,101,11,12,37,119,89,26" hai3="107,102,31,19,48,28,40,66,134,125,41,118,126"/><W71/><G118/><T109/><D123/><U135/><E135/><V106/><F2/><W93/><G134/><T10/><D109/><U14/><E127/><N who="3" m="48650" /><G107/><T116/><D124/><U94/><E47/><V0/><F0/><W110/><G110/><T5/><D116/><U81/><E94/><V79/><F79/><W103/><G19/><T13/><D113/><U82/><E82/><V23/><F101/><N who="3" m="38411" /><G93/><T35/><D77/><U86/><E46/><V63/><F106/><W27/><G48/><T97/><D97/><U44/><E87/><V53/><F37/><W133/><G133/><T7/><D39/><U34/><E44/><V16/><F36/><W33/><G31/><T67/><D67/><U18/><E18/><V51/><F43/><N who="3" m="16459" /><G66/><T128/><D42/><U68/><E121/><V111/><F51/><W120/><G71/><T3/><D3/><U75/><E86/><V73/><F111/><W72/><G120/><T95/><REACH who="0" step="1"/><D128/><REACH who="0" ten="198,381,201,210" step="2"/><U45/><E65/><V129/><F129/><W115/><G72/><T58/><D58/><U9/><E45/><V99/><REACH who="2" step="1"/><F73/><REACH who="2" ten="198,381,191,210" step="2"/><W90/><G115/><T132/><D132/><U20/><E75/><V56/><F56/><W98/><G98/><T108/><D108/><U50/><E78/><V69/><F69/><W8/><G90/><T112/><D112/><U131/><E68/><V96/><F96/><W32/><G32/><T22/><D22/><U80/><E34/><V60/><F60/><W74/><G74/><T105/><D105/><U59/><E131/><V49/><F49/><W29/><G8/><T122/><D122/><RYUUKYOKU ba="0,2" sc="198,0,381,0,191,0,210,0" hai0="4,5,7,10,13,25,35,62,64,70,84,91,95" hai1="6,9,14,20,24,30,50,52,55,59,61,80,81" hai2="11,12,16,23,26,53,57,63,89,92,99,117,119" hai3="27,28,29,33" /><INIT seed="3,1,2,0,2,2" ten="198,381,191,210" oya="3" hai0="74,73,14,96,8,107,6,101,9,79,29,44,57" hai1="53,27,91,38,105,47,48,58,54,129,63,52,94" hai2="131,118,55,46,113,35,30,117,3,39,66,86,76" hai3="88,102,32,62,26,13,56,72,124,135,103,126,87"/><W85/><G135/><T92/><D29/><U34/><E105/><V19/><F113/><W114/><G114/><T11/><D57/><U49/><E38/><V40/><F131/><W100/><G72/><T16/><D107/><U99/><E129/><V125/><F125/><N who="3" m="48235" /><G13/><T97/><D97/><U104/><E104/><V18/><F3/><W5/><G5/><T28/><D28/><U17/><E34/><V128/><F128/><W109/><G109/><T82/><D73/><U15/><E27/><V115/><F115/><W95/><G32/><T90/><D44/><U41/><REACH who="1" step="1"/><E49/><REACH who="1" ten="198,371,191,210" step="2"/><V134/><F35/><W61/><G26/><T122/><D122/><U70/><E70/><V120/><F120/><W83/><G56/><T108/><D108/><U78/><E78/><AGARI ba="1,3" hai="61,62,78,83,85,87,88,95,100,102,103" m="48235" machi="78" ten="30,2900,0" yaku="18,1,54,1" doraHai="2" who="3" fromWho="1" sc="198,0,371,-32,191,0,210,62" /><INIT seed="3,2,0,1,1,112" ten="198,339,191,272" oya="3" hai0="134,128,5,129,107,31,42,32,94,34,119,102,49" hai1="97,26,125,16,131,123,81,36,54,41,73,18,38" hai2="126,45,28,89,60,7,120,21,46,17,69,61,106" hai3="8,65,95,11,99,117,27,103,6,91,127,105,77"/><W116/><G127/><T98/><D134/><U83/><E123/><V80/><F106/><W84/><G65/><T14/><D42/><U114/><E114/><V43/><F120/><W12/><G27/><T25/><D34/><U101/><E54/><V10/><F28/><W0/><REACH who="3" step="1"/><G77/><REACH who="3" ten="198,339,191,262" step="2"/><T24/><D24/><U90/><E26/><V37/><F126/><W33/><G33/><T3/><D25/><U78/><E78/><V72/><F72/><W44/><G44/><T51/><D32/><U70/><E73/><V57/><F46/><W64/><G64/><T66/><D66/><U82/><E125/><V53/><F45/><W63/><G63/><T88/><D31/><U67/><E67/><V68/><F61/><W55/><G55/><T76/><D76/><U79/><E79/><V52/><F60/><W121/><G121/><T62/><D62/><U124/><E124/><V50/><F53/><W74/><G74/><T100/><D129/><U19/><E131/><V75/><F75/><W115/><G115/><T85/><D128/><U47/><E70/><V58/><F68/><W29/><G29/><T86/><D119/><U22/><E38/><V35/><F69/><W9/><G9/><T39/><D39/><U122/><E122/><V109/><F37/><W110/><G110/><T4/><D51/><U87/><E22/><V104/><F21/><W71/><G71/><T13/><D49/><U48/><E36/><V30/><F50/><W92/><G92/><AGARI ba="2,1" hai="16,18,19,41,47,48,81,82,83,87,90,92,97,101" machi="92" ten="40,2600,0" yaku="8,1,54,1" doraHai="112" who="1" fromWho="3" sc="198,0,339,42,191,0,262,-32" /><INIT seed="4,0,0,3,0,59" ten="198,381,191,230" oya="0" hai0="84,92,112,64,11,81,95,71,30,121,126,130,53" hai1="135,125,4,1,133,41,120,44,65,69,129,47,117" hai2="28,36,104,68,21,86,115,88,122,58,10,73,23" hai3="98,51,6,79,70,110,49,40,57,80,102,119,94"/><T34/><D121/><U13/><E1/><V77/><F68/><W62/><G119/><T9/><D126/><U90/><E117/><V63/><F122/><W2/><G110/><T38/><D38/><U87/><E125/><V43/><F104/><W123/><G70/><T22/><D34/><U25/><E25/><V37/><F115/><W128/><G128/><T15/><D112/><U26/><E26/><V56/><F73/><W50/><G123/><T66/><D71/><U116/><E129/><V67/><F77/><W33/><G33/><T8/><D53/><U54/><E54/><V14/><F56/><W89/><G40/><T111/><D111/><U100/><E100/><V134/><F134/><W85/><G6/><T118/><D118/><U101/><E101/><V5/><F28/><W127/><G2/><T27/><D15/><U132/><E41/><V31/><F31/><W39/><G39/><T17/><D30/><U16/><E4/><V45/><REACH who="2" step="1"/><F36/><REACH who="2" ten="198,381,181,230" step="2"/><W24/><G127/><T109/><D109/><U76/><E76/><V103/><F103/><W107/><G107/><T35/><D130/><U75/><E75/><V0/><F0/><W78/><REACH who="3" step="1"/><G24/><REACH who="3" ten="198,381,181,220" step="2"/><T32/><D35/><U82/><E120/><V18/><F18/><W124/><G124/><T72/><D32/><U96/><E116/><V97/><F97/><W83/><G83/><AGARI ba="0,2" hai="5,10,14,21,23,37,43,45,58,63,67,83,86,88" machi="83" ten="30,8000,1" yaku="1,1,7,1,52,1,54,1,53,1" doraHai="59" doraHaiUra="55" who="2" fromWho="3" sc="198,0,381,0,181,100,220,-80" /><INIT seed="5,0,0,0,4,89" ten="198,381,281,140" oya="1" hai0="69,7,4,99,96,105,9,130,111,129,126,35,63" hai1="125,100,117,121,43,3,40,25,49,23,128,115,38" hai2="94,61,24,127,12,74,45,82,91,104,120,81,79" hai3="51,131,52,15,33,122,109,53,113,112,86,30,106"/><U47/><E3/><V76/><F120/><W28/><G122/><T67/><D111/><U20/><E117/><V58/><F104/><W118/><G109/><T84/><D126/><U56/><E125/><V77/><F127/><W107/><G118/><T64/><D64/><U108/><E121/><V37/><F24/><W68/><G68/><T85/><D7/><U8/><E8/><V1/><F1/><W97/><G131/><N who="0" m="50187" /><D35/><U44/><E108/><V123/><F123/><W29/><G33/><T46/><D46/><U83/><E56/><V124/><F124/><W132/><G132/><T55/><D55/><U57/><E57/><V41/><F12/><W92/><G53/><T88/><D85/><U95/><E128/><V134/><F134/><W135/><G135/><T34/><D105/><U14/><E14/><V39/><F39/><W110/><G110/><T50/><D50/><U11/><E25/><V6/><F6/><W60/><G15/><N who="0" m="5543" /><D34/><U119/><E119/><V103/><F74/><W16/><G60/><T98/><D98/><U75/><E75/><V26/><F37/><W10/><G86/><T71/><D71/><U102/><E38/><V62/><F62/><W18/><G107/><T2/><D2/><U70/><E49/><V80/><F61/><W27/><G106/><T42/><D42/><U21/><E70/><V36/><F36/><W114/><G27/><T48/><D48/><U0/><E0/><V133/><F41/><W65/><G65/><T22/><D22/><U31/><E43/><V59/><F133/><W17/><G51/><T93/><AGARI ba="0,0" hai="63,67,69,84,88,93,96,99" m="5543,50187" machi="93" ten="30,7900,0" yaku="5,1,19,1,52,1,54,1" doraHai="89" who="0" fromWho="0" sc="198,79,381,-39,281,-20,140,-20" /><INIT seed="6,0,0,3,0,5" ten="277,342,261,120" oya="2" hai0="63,27,94,135,82,49,126,21,111,64,71,36,2" hai1="67,59,109,57,50,86,23,8,68,104,87,7,107" hai2="113,44,16,42,102,55,117,34,29,13,0,114,121" hai3="41,9,131,99,88,61,120,33,25,74,90,97,65"/><V69/><F117/><W101/><G120/><T125/><D111/><U6/><E68/><V115/><F121/><W89/><G131/><T105/><D105/><U1/><E23/><V123/><F123/><W80/><G41/><T127/><D135/><U118/><E109/><V98/><F0/><W40/><G40/><T30/><D36/><U91/><E87/><V4/><F4/><W10/><G74/><T26/><D2/><U12/><E59/><V79/><F79/><W108/><G80/><T37/><D37/><U14/><E1/><V133/><F69/><W112/><G108/><T103/><D49/><U95/><E118/><V45/><F133/><W28/><G112/><T56/><D27/><U66/><E66/><V54/><F29/><W96/><REACH who="3" step="1"/><G101/><REACH who="3" ten="277,342,261,110" step="2"/><T100/><D82/><U11/><E50/><V92/><F42/><W77/><G77/><T39/><D39/><U31/><E31/><V134/><F134/><W85/><G85/><T70/><D103/><U46/><E86/><V22/><F34/><W110/><G110/><T60/><D60/><U128/><E128/><V43/><F43/><W15/><G15/><T119/><D119/><U78/><E14/><V129/><F129/><W32/><G32/><T47/><D47/><AGARI ba="0,1" hai="13,16,22,44,45,47,54,55,92,98,102,113,114,115" machi="47" ten="40,3900,0" yaku="15,1,54,1" doraHai="5" who="2" fromWho="0" sc="277,-39,342,0,261,49,110,0" /><INIT seed="6,1,0,3,1,4" ten="238,342,310,110" oya="2" hai0="78,15,27,79,9,17,8,108,13,43,71,16,117" hai1="10,47,80,95,110,7,34,101,130,42,98,96,68" hai2="65,102,129,126,81,122,66,11,37,123,107,29,97" hai3="54,19,5,28,134,109,39,90,77,49,131,32,48"/><V41/><F126/><W72/><G109/><T46/><D108/><U113/><E68/><V33/><F129/><W30/><G134/><T100/><D71/><U92/><E130/><V23/><F33/><W58/><G131/><T105/><D117/><U31/><E113/><V60/><F66/><W94/><G39/><T112/><D112/><U45/><E34/><V56/><F81/><W111/><G111/><T51/><D27/><U12/><E110/><V86/><F86/><W91/><G32/><T50/><D50/><U35/><E35/><V18/><F37/><W135/><G135/><T24/><D24/><U120/><E120/><V38/><F38/><W25/><G5/><T61/><D61/><U14/><E31/><V6/><F29/><W132/><G132/><T21/><D21/><U0/><E80/><V59/><F41/><W63/><G77/><T125/><D125/><U83/><E83/><V64/><F64/><W116/><G72/><T133/><D133/><U69/><E69/><V74/><F74/><W70/><G70/><T85/><D85/><U22/><E42/><V1/><REACH who="2" step="1"/><F59/><REACH who="2" ten="238,342,300,110" step="2"/><W53/><G116/><T76/><D76/><U114/><E114/><V88/><F88/><W82/><G91/><T75/><D75/><U62/><E47/><V124/><F124/><W26/><G82/><T89/><D89/><U118/><E45/><V106/><F106/><W119/><G119/><T2/><D2/><U115/><E115/><V44/><F44/><W3/><G3/><T103/><D105/><U40/><E0/><V99/><F99/><N who="3" m="57815" /><G30/><T52/><D43/><RYUUKYOKU ba="1,1" sc="238,15,342,-15,300,15,110,-15" hai0="8,9,13,15,16,17,46,51,52,78,79,100,103" hai2="1,6,11,18,23,56,60,65,97,102,107,122,123" /><INIT seed="6,2,1,0,0,112" ten="253,327,315,95" oya="2" hai0="65,28,123,3,43,97,52,53,5,94,6,102,50" hai1="104,15,103,120,18,44,96,19,74,37,54,89,76" hai2="100,134,131,17,8,62,101,130,109,81,12,47,124" hai3="108,32,45,99,10,88,95,11,27,2,73,9,41"/><V91/><F124/><W70/><G108/><T56/><D123/><U92/><E120/><V66/><F109/><W105/><G70/><T7/><D3/><U59/><E74/><V61/><F134/><W33/><G73/><T90/><D28/><U75/><E75/><V4/><F47/><W55/><G105/><T25/><D25/><U117/><E76/><V1/><F81/><W23/><G55/><T68/><D68/><U107/><E19/><V40/><F91/><W36/><REACH who="3" step="1"/><G2/><REACH who="3" ten="253,327,315,85" step="2"/><T132/><D132/><U128/><E107/><V113/><F1/><W63/><G63/><N who="0" m="38119" /><D43/><U106/><E106/><V80/><F40/><W129/><G129/><T51/><D102/><U64/><E104/><V21/><F101/><W72/><G72/><T133/><D133/><U57/><E103/><V121/><F100/><W78/><G78/><T24/><D53/><U22/><E128/><V122/><F130/><W67/><G67/><T14/><D52/><U77/><E77/><V83/><F131/><W35/><G35/><T79/><D79/><U60/><E59/><N who="2" m="37183" /><F62/><W126/><G126/><T110/><D110/><U30/><E64/><V82/><F121/><W119/><G119/><T16/><D24/><U125/><E117/><V98/><F122/><W85/><G85/><T48/><D14/><U34/><E125/><V42/><F42/><W29/><AGARI ba="2,2" hai="9,10,11,23,27,29,32,33,36,41,45,88,95,99" machi="29" ten="30,4000,0" yaku="1,1,0,1,54,1,53,0" doraHai="112" doraHaiUra="111" who="3" fromWho="3" sc="253,-12,327,-12,315,-22,85,66" /><INIT seed="7,0,0,3,0,57" ten="241,315,293,151" oya="3" hai0="83,101,29,31,130,92,126,22,62,71,105,19,52" hai1="127,90,82,66,37,54,132,60,2,100,18,68,87" hai2="122,81,65,33,45,73,129,9,72,41,0,25,102" hai3="8,109,14,135,26,120,35,115,42,11,74,96,47"/><W104/><G120/><T21/><D105/><U58/><E37/><N who="2" m="21679" /><F129/><W88/><G115/><T61/><D130/><U32/><E127/><V79/><F122/><W114/><G114/><T91/><D71/><U7/><E132/><V125/><F125/><W121/><G121/><T128/><D128/><U4/><E2/><V6/><F65/><W30/><G135/><T51/><D101/><U46/><E46/><V44/><F44/><W39/><G109/><T28/><D83/><U1/><E1/><V15/><F15/><W80/><G104/><T75/><D75/><U97/><E18/><V17/><F102/><W119/><G119/><T95/><D126/><U108/><E32/><V131/><F131/><W50/><G39/><T86/><D92/><U124/><E108/><V116/><F72/><W123/><G123/><T10/><D10/><U13/><E13/><V36/><F36/><W59/><G59/><N who="0" m="33183" /><D22/><U27/><E124/><V77/><F77/><W70/><G70/><T93/><D95/><U43/><E43/><V40/><F40/><W63/><G63/><T55/><D55/><U107/><E54/><V20/><F33/><W56/><G56/><T34/><D34/><U69/><E69/><V118/><AGARI ba="0,0" hai="0,6,9,17,20,25,73,79,81,116,118" m="21679" machi="118" ten="30,1100,0" yaku="25,1" doraHai="57" who="2" fromWho="2" sc="241,-3,315,-3,293,11,151,-5" owari="238,-16.0,312,41.0,304,10.0,146,-35.0" /></mjloggm>