<mjloggm ver="2.3"><GO type="225" lobby="0"/><UN n0="%E9%88%B4%E4%B8%B8" n1="%E8%88%B9%E8%A6%8B%E7%B5%90%E8%A1%A3%E3%81%A1%E3%82%83%E3%82%93" n2="%6E%61%6F%6B%69%33%39" n3="%E3%82%AF%E3%82%A3%E3%82%A6" dan="17,16,17,16" rate="2189.63,2167.42,2169.56,2092.07" sx="M,F,M,M"/><TAIKYOKU oya="0"/><INIT seed="0,0,0,4,0,3" ten="250,250,250,250" oya="0" hai0="67,87,78,106,15,105,39,119,112,102,34,54,56" hai1="84,17,82,59,97,79,126,45,40,28,36,70,9" hai2="130,22,118,128,6,76,114,75,14,44,88,108,66" hai3="99,25,52,18,26,30,104,72,91,33,29,48,47"/><T43/><D112/><U31/><E126/><V69/><F114/><W121/><G72/><T123/><D34/><U127/><E70/><V8/><F108/><W103/><G121/><T55/><D119/><U63/><E127/><V101/><F101/><W135/><G135/><T23/><D123/><U61/><E61/><V86/><F118/><W42/><G91/><T125/><D125/><U89/><E97/><V5/><F75/><W133/><G133/><T51/><D67/><U71/><E71/><V1/><F76/><W110/><G110/><T53/><D102/><U20/><E9/><N who="2" m="4399" /><F22/><W41/><REACH who="3" step="1"/><G18/><REACH who="3" ten="250,250,250,240" step="2"/><N who="0" m="10719" /><D106/><U115/><E89/><V13/><F88/><W57/><G57/><T117/><D105/><U134/><E134/><V0/><F69/><W12/><G12/><T94/><D117/><U64/><E115/><V10/><F13/><AGARI ba="0,1" hai="13,17,20,28,31,36,40,45,59,63,64,79,82,84" machi="13" ten="30,1000,0" yaku="7,1" doraHai="3" who="1" fromWho="2" sc="250,0,250,20,250,-10,240,0" /><INIT seed="1,0,0,2,4,48" ten="250,270,240,240" oya="1" hai0="33,30,5,22,19,25,18,130,1,2,85,4,17" hai1="32,109,40,93,20,12,34,98,92,16,76,82,84" hai2="80,68,65,122,113,43,62,81,7,126,97,49,91" hai3="63,133,127,64,70,103,61,6,50,104,66,115,105"/><U57/><E109/><V35/><F35/><W78/><G115/><T31/><D85/><U77/><E77/><V27/><F122/><W47/><G127/><T29/><D130/><U60/><E40/><V117/><F117/><W106/><G133/><T52/><D52/><U38/><E38/><V39/><F39/><W26/><G78/><T45/><D45/><U87/><E87/><V116/><F116/><W13/><G26/><N who="0" m="18615" /><D31/><U121/><E121/><V11/><F27/><W110/><G110/><T95/><D95/><U111/><E92/><V129/><F129/><W135/><G135/><T123/><D123/><U59/><E59/><V79/><F113/><W54/><G103/><T134/><D134/><U44/><E44/><V28/><F28/><W14/><REACH who="3" step="1"/><G6/><AGARI ba="0,0" hai="1,2,4,5,6,17,18,19,22,25,30" m="18615" machi="6" ten="30,8000,1" yaku="35,5" doraHai="48" who="0" fromWho="3" sc="250,80,270,0,240,0,240,-80" /><INIT seed="2,0,0,3,4,92" ten="330,270,240,160" oya="2" hai0="106,67,29,131,32,14,117,83,41,58,126,108,3" hai1="113,79,18,20,48,93,0,37,68,63,97,5,49" hai2="78,38,125,39,43,88,60,91,101,128,95,16,112" hai3="21,96,6,127,120,85,76,73,31,135,87,134,30"/><V2/><F2/><W57/><G57/><T26/><D108/><U52/><E37/><V103/><F112/><W8/><G120/><T42/><D3/><U119/><E119/><V89/><F78/><W71/><G71/><T104/><D126/><U82/><E113/><V27/><F125/><W23/><G127/><T114/><D114/><U1/><E1/><V45/><F39/><W81/><G31/><T130/><D117/><U65/><E5/><V28/><F128/><N who="0" m="49194" /><D14/><U12/><E0/><V54/><F95/><W47/><G47/><T69/><D69/><U123/><E123/><V50/><F60/><W105/><G30/><T44/><D83/><U99/><E93/><V36/><F36/><W115/><G115/><T90/><D90/><U111/><E48/><V86/><F86/><N who="3" m="32779" /><G8/><T53/><D67/><U34/><E34/><V122/><F122/><W110/><G6/><T46/><D46/><U17/><E17/><V4/><F4/><W98/><G110/><T75/><D75/><U107/><E107/><N who="0" m="41001" /><D44/><U11/><E11/><V61/><F38/><W132/><G105/><T22/><D32/><U35/><E35/><V15/><F27/><W118/><G118/><T25/><D25/><U74/><E111/><V51/><F28/><W55/><G55/><T10/><D10/><U70/><E70/><V13/><F13/><W100/><G100/><T77/><D77/><U7/><E7/><V129/><F129/><W59/><G59/><AGARI ba="0,0" hai="12,18,20,49,52,59,63,65,68,74,79,82,97,99" machi="59" ten="30,7700,0" yaku="7,1,52,2,54,1" doraHai="92" who="1" fromWho="3" sc="330,0,270,77,240,0,160,-77" /><INIT seed="3,0,0,4,5,131" ten="330,347,240,83" oya="3" hai0="103,0,135,89,70,49,107,67,47,35,97,42,26" hai1="12,94,105,95,38,31,1,96,11,8,121,27,92" hai2="59,64,63,117,85,113,101,106,83,13,128,127,90" hai3="126,39,66,43,18,84,122,72,53,57,14,71,78"/><W30/><G122/><T73/><D0/><U36/><E121/><V37/><F113/><W114/><G72/><T5/><D5/><U82/><E82/><V130/><F117/><W87/><G114/><T34/><D73/><U23/><E1/><V22/><F37/><W129/><G126/><T134/><D89/><U86/><E86/><V119/><F119/><W75/><G75/><T52/><D42/><U104/><E96/><V41/><F41/><W2/><G2/><T19/><D19/><U15/><E36/><V51/><F51/><N who="3" m="30911" /><G30/><N who="0" m="19799" /><D35/><U111/><E38/><V24/><F127/><W125/><G125/><T76/><D76/><U28/><E111/><V29/><F106/><W100/><G100/><T93/><D93/><U80/><E80/><V74/><F74/><W68/><G129/><T118/><D118/><U108/><E108/><V58/><F101/><W55/><G78/><T69/><D69/><U32/><E105/><V115/><F115/><W20/><G55/><T16/><D16/><N who="1" m="8223" /><E32/><V61/><F128/><W109/><G109/><T21/><D21/><U91/><E104/><V65/><F130/><W120/><G120/><T6/><D6/><N who="1" m="3479" /><E31/><V17/><F29/><W110/><G110/><T102/><D102/><U9/><E9/><V77/><F77/><W10/><G10/><T99/><D99/><U62/><E91/><V50/><F24/><W133/><G133/><T45/><D45/><U56/><E94/><V46/><F46/><N who="3" m="23935" /><G71/><T25/><D25/><U3/><E3/><V33/><F33/><W4/><G4/><T98/><D98/><U79/><E79/><RYUUKYOKU ba="0,0" sc="330,0,347,0,240,0,83,0" hai0="47,49,52,67,70,97,103,107,134,135" hai1="23,27,28,56,62,92,95" hai2="13,17,22,50,58,59,61,63,64,65,83,85,90" hai3="14,18,20,66,68,84,87" /><INIT seed="3,1,0,3,0,63" ten="330,347,240,83" oya="3" hai0="54,73,11,113,91,93,100,60,47,27,5,31,122" hai1="101,105,41,108,90,34,4,127,14,64,129,2,44" hai2="71,28,39,92,123,33,23,134,37,9,95,25,46" hai3="56,35,94,10,131,30,130,7,24,12,66,133,79"/><W16/><G79/><T38/><D122/><U87/><E34/><V119/><F119/><W69/><G69/><T40/><D113/><U17/><E108/><V103/><F71/><W3/><G94/><T48/><D100/><U81/><E129/><N who="3" m="49162" /><G56/><T117/><D73/><U120/><E120/><V102/><F123/><W72/><G72/><T58/><D117/><U76/><E127/><V88/><F134/><W132/><G66/><T52/><D38/><U59/><E59/><V96/><F102/><W74/><G74/><T43/><D27/><U82/><E64/><V62/><F62/><W50/><G50/><T70/><D31/><U97/><E2/><V67/><F67/><W21/><AGARI ba="1,0" hai="3,7,10,12,16,21,24,30,35,132,133" m="49162" machi="21" ten="30,12000,1" yaku="24,1,19,1,34,2,54,1" doraHai="63" who="3" fromWho="3" sc="330,-41,347,-41,240,-41,83,123" /><INIT seed="3,2,0,4,5,51" ten="289,306,199,206" oya="3" hai0="1,16,116,127,3,7,89,9,119,81,8,124,110" hai1="60,12,134,52,42,99,125,105,93,101,44,41,23" hai2="21,78,109,5,47,17,126,80,87,30,20,34,46" hai3="111,118,18,82,103,129,28,56,74,68,55,108,96"/><W39/><G118/><T94/><D81/><U71/><E71/><V31/><F34/><W36/><G129/><T59/><D110/><N who="3" m="42025" /><G68/><T100/><D100/><U85/><E134/><V72/><F109/><W86/><G28/><N who="2" m="10793" /><F72/><W83/><G74/><T40/><D40/><U107/><E125/><N who="0" m="48201" /><D59/><N who="1" m="34919" /><E107/><V57/><F126/><W64/><G64/><T133/><D133/><U62/><E105/><V113/><F5/><W92/><G18/><T45/><D45/><N who="2" m="16906" /><F113/><W122/><G122/><T13/><D1/><U63/><E44/><V128/><F128/><W27/><G27/><T53/><D53/><U61/><E85/><AGARI ba="2,0" hai="3,7,8,9,13,16,85,89,94,116,119" m="48201" machi="85" ten="30,2000,0" yaku="18,1,54,1" doraHai="51" who="0" fromWho="1" sc="289,26,306,-26,199,0,206,0" owari="315,41.0,280,8.0,199,-30.0,206,-19.0" /></mjloggm>