<mjloggm ver="2.3"><GO type="185" lobby="0"/><UN n0="%63%61%6C%63%2E" n1="%E5%A4%AA%E3%81%8F%E3%81%AA%E3%81%84%E3%81%8A" n2="%E3%83%9A%E3%83%9A%E3%83%AD%E3%83%B3%E3%83%81%E3%83%BC%E3%83%8E%37" n3="" dan="19,17,16,0" rate="2401.64,2231.08,2103.34,1500.00" sx="M,M,M,C"/><TAIKYOKU oya="0"/><INIT seed="0,0,0,0,5,54" ten="350,350,350,0" oya="0" hai0="116,120,133,39,85,40,105,49,83,130,126,46,98" hai1="124,118,65,100,81,50,47,61,127,115,76,111,0" hai2="102,123,48,53,79,106,88,41,110,122,57,62,59" hai3=""/><T108/><N who="0" m="30752" /><T35/><D116/><U51/><E118/><V43/><N who="2" m="31264" /><V55/><N who="2" m="31520" /><V134/><F110/><T64/><D35/><U32/><E32/><V71/><F134/><T92/><D133/><U135/><E135/><V33/><F79/><T75/><D108/><U58/><E111/><V132/><F132/><T66/><D130/><U82/><E0/><V42/><F33/><T77/><D126/><U63/><E115/><V93/><F71/><T87/><D39/><U104/><E104/><V128/><F128/><T36/><D36/><U131/><E100/><V129/><F129/><T117/><D117/><U56/><E131/><V1/><F1/><T101/><D87/><U86/><E82/><V67/><F67/><T96/><REACH who="0" step="1"/><D75/><REACH who="0" ten="340,350,350,0" step="2"/><U3/><E3/><V94/><REACH who="2" step="1"/><F88/><AGARI ba="0,1" hai="40,46,49,64,66,77,83,85,88,92,96,98,101,105" m="30752" machi="88" ten="30,18000,2" yaku="1,1,2,1,7,1,52,1,54,1,53,1" doraHai="54" doraHaiUra="72" who="0" fromWho="2" sc="340,190,350,0,350,-180,0,0" /><INIT seed="0,1,0,2,1,79" ten="530,350,170,0" oya="0" hai0="95,61,53,87,104,129,117,73,45,135,84,80,75" hai1="69,32,47,124,48,92,43,116,82,94,126,134,90" hai2="83,128,120,54,50,63,65,97,100,89,133,85,103" hai3=""/><T78/><D117/><U35/><E116/><V2/><N who="2" m="30752" /><V123/><N who="2" m="31520" /><V110/><F2/><T122/><N who="0" m="31264" /><T33/><D33/><U72/><E69/><V68/><F110/><T46/><D104/><U132/><E32/><V0/><F0/><T55/><D129/><U106/><E106/><V77/><F133/><N who="1" m="51305" /><E35/><V62/><F62/><T42/><D135/><U3/><E3/><V109/><F128/><T60/><D95/><N who="1" m="36395" /><E72/><V125/><F125/><N who="1" m="48233" /><E90/><V118/><F109/><T131/><D131/><U101/><E101/><V49/><F103/><T52/><D73/><U56/><E56/><V57/><F89/><T70/><D46/><U114/><E114/><V34/><F34/><T105/><D105/><U102/><E102/><V112/><F112/><T67/><REACH who="0" step="1"/><D61/><REACH who="0" ten="520,350,170,0" step="2"/><U81/><AGARI ba="1,1" hai="43,47,48,81,82" m="48233,36395,51305" machi="81" ten="40,6000,1" yaku="20,1,18,1,52,2" doraHai="79" who="1" fromWho="1" sc="520,-41,350,72,170,-21,0,0" /><INIT seed="1,0,0,2,5,43" ten="479,422,149,0" oya="1" hai0="42,73,37,2,110,78,83,56,117,88,45,115,85" hai1="3,126,35,130,86,97,121,49,68,123,74,53,114" hai2="106,47,60,55,33,107,79,50,76,96,99,67,66" hai3=""/><U1/><N who="1" m="31008" /><U92/><N who="1" m="31520" /><U118/><E114/><V62/><F33/><T81/><D115/><U51/><E118/><V132/><F132/><T52/><D110/><U108/><E74/><V129/><F129/><T75/><D117/><U135/><E35/><V133/><F133/><T124/><D124/><U82/><E135/><V103/><F99/><T40/><D40/><U44/><E126/><V127/><F107/><T128/><D128/><U80/><E130/><V112/><F112/><T71/><D71/><U93/><E68/><V46/><F46/><T113/><D113/><U91/><E108/><V119/><F119/><T57/><D2/><U65/><E65/><V90/><F90/><T41/><D41/><U61/><E61/><V58/><REACH who="2" step="1"/><F127/><REACH who="2" ten="479,422,139,0" step="2"/><T105/><D105/><U98/><E1/><V111/><F111/><T84/><REACH who="0" step="1"/><D57/><AGARI ba="0,1" hai="47,50,55,57,58,60,62,66,67,76,79,96,103,106" machi="57" ten="30,8000,1" yaku="1,1,7,1,9,1,52,1,53,1" doraHai="43" doraHaiUra="95" who="2" fromWho="0" sc="479,-80,422,0,139,90,0,0" /><INIT seed="2,0,0,3,0,79" ten="399,422,229,0" oya="2" hai0="62,67,66,130,127,126,46,41,131,48,74,3,43" hai1="122,82,42,57,92,37,44,128,106,116,63,69,32" hai2="125,87,81,59,121,34,73,68,77,109,58,100,111" hai3=""/><V124/><N who="2" m="31008" /><V40/><F34/><T135/><D74/><U119/><N who="1" m="31264" /><U50/><E106/><V108/><F68/><T36/><D3/><U95/><E32/><V64/><F64/><N who="0" m="24618" /><D62/><U1/><E1/><V38/><F100/><T105/><D105/><U102/><E128/><N who="0" m="49193" /><D135/><U114/><E69/><V118/><F118/><T123/><N who="0" m="31520" /><T33/><D33/><U75/><E63/><V78/><F78/><T90/><D90/><U89/><E75/><V93/><F93/><T53/><D43/><U61/><E61/><V103/><F103/><T120/><N who="0" m="30752" /><T52/><D53/><U85/><E102/><V97/><F97/><T104/><D104/><U2/><E2/><V65/><F65/><T72/><D72/><U134/><E134/><V84/><F84/><T117/><D117/><U94/><E119/><V101/><F101/><T51/><D36/><U132/><E116/><V49/><F38/><T80/><D80/><U60/><E132/><V98/><F98/><T45/><AGARI ba="0,0" hai="41,45,46,48,51,52,126,127" m="30752,31520,49193,24618" machi="45" ten="40,9000,2" yaku="19,1,34,2,52,2,54,1" doraHai="79" who="0" fromWho="0" sc="399,90,422,-30,229,-60,0,0" /><INIT seed="4,0,0,0,3,68" ten="489,392,169,0" oya="0" hai0="71,66,32,77,123,102,37,105,108,55,75,35,125" hai1="34,86,44,61,65,128,101,79,83,0,135,104,39" hai2="67,80,112,87,48,56,94,117,63,131,50,116,92" hai3=""/><T134/><RYUUKYOKU type="yao9" ba="0,0" sc="489,0,392,0,169,0,0,0" hai0="32,35,37,55,66,71,75,77,102,105,108,123,125,134" /><INIT seed="4,1,0,5,3,45" ten="489,392,169,0" oya="0" hai0="1,67,52,112,42,125,97,89,77,69,113,110,96" hai1="95,39,33,58,57,59,124,44,121,78,130,128,81" hai2="103,41,134,34,32,2,91,111,102,80,75,54,36" hai3=""/><T50/><D1/><U65/><N who="1" m="31008" /><U117/><E117/><V135/><F2/><T108/><D125/><U104/><E104/><V3/><F3/><T46/><D77/><U60/><E33/><V72/><F111/><N who="0" m="42538" /><D89/><U82/><E124/><V131/><F131/><N who="1" m="50217" /><E95/><V93/><F75/><T63/><D42/><U101/><E101/><V132/><F54/><T62/><D62/><U92/><E92/><V123/><N who="2" m="31520" /><V37/><F41/><T119/><D119/><U94/><E94/><V100/><F34/><T129/><D129/><U126/><E126/><V107/><F107/><T70/><D70/><U106/><E106/><V99/><F32/><T74/><D74/><U76/><E76/><AGARI ba="1,0" hai="36,37,72,76,80,91,93,99,100,102,103,132,134,135" m="31520" machi="76" ten="50,3200,0" yaku="20,1,52,1" doraHai="45" who="2" fromWho="1" sc="489,0,392,-34,169,34,0,0" /><INIT seed="5,0,0,5,1,54" ten="489,358,203,0" oya="1" hai0="68,45,34,42,33,72,88,100,124,114,95,60,81" hai1="38,122,53,130,74,131,78,86,121,99,87,40,41" hai2="115,133,104,129,64,111,127,58,70,106,50,35,82" hai3=""/><U3/><N who="1" m="31008" /><U79/><N who="1" m="31264" /><U1/><E53/><V73/><F58/><T96/><D114/><U90/><E99/><V93/><F50/><T112/><D112/><U103/><E103/><V126/><F64/><T47/><D124/><U116/><E74/><V77/><F126/><T119/><D119/><U56/><E116/><V128/><F106/><T94/><D47/><U43/><E38/><V102/><F93/><T85/><D68/><U71/><E71/><V32/><F128/><N who="1" m="49193" /><E56/><V36/><F82/><T110/><D81/><U2/><E90/><V67/><F77/><AGARI ba="0,0" hai="1,2,3,40,41,43,77,78,79,86,87" m="49193,31264,31008" machi="77" ten="40,12000,1" yaku="28,2,19,1,52,2" doraHai="54" who="1" fromWho="2" sc="489,0,358,120,203,-120,0,0" /><INIT seed="5,1,0,2,3,71" ten="489,478,83,0" oya="1" hai0="111,50,133,126,69,134,129,90,102,58,3,33,35" hai1="82,56,81,118,113,52,77,110,76,73,53,100,46" hai2="40,38,117,66,135,128,36,125,47,62,84,86,104" hai3=""/><U59/><E118/><V99/><F117/><T108/><D69/><U91/><E113/><V131/><F104/><T85/><D102/><U115/><E115/><V65/><F99/><T112/><D112/><U124/><E124/><V78/><F125/><T41/><D126/><U83/><E110/><V51/><F135/><N who="0" m="51722" /><D129/><N who="2" m="49738" /><F66/><T105/><D105/><U95/><E100/><V114/><F114/><T48/><D3/><U121/><N who="1" m="31008" /><U107/><E107/><V109/><F109/><T96/><D96/><U98/><E46/><V92/><F92/><T72/><D72/><U75/><E82/><V79/><F79/><T93/><D33/><U57/><AGARI ba="1,0" hai="52,53,56,57,59,73,75,76,77,81,83,91,95,98" m="31008" machi="57" ten="30,7800,0" yaku="0,1,9,1,52,1,54,1" doraHai="71" who="1" fromWho="1" sc="489,-40,478,80,83,-40,0,0" /><INIT seed="5,2,0,4,2,131" ten="449,558,43,0" oya="1" hai0="111,108,34,119,48,99,97,83,70,56,101,117,3" hai1="60,130,41,103,95,118,90,113,81,76,65,59,42" hai2="126,127,46,1,62,122,32,93,50,40,115,74,134" hai3=""/><U66/><E118/><N who="0" m="45065" /><D70/><U132/><E130/><V0/><N who="2" m="31264" /><V85/><F74/><T112/><D34/><U72/><E113/><V105/><F32/><T109/><D3/><U110/><E110/><V98/><F105/><T79/><D112/><U45/><E132/><V133/><F62/><T82/><D101/><U53/><E103/><V102/><F85/><T94/><D94/><U96/><REACH who="1" step="1"/><E41/><REACH who="1" ten="449,548,43,0" step="2"/><V128/><F115/><T49/><D82/><U89/><E89/><V87/><F128/><T35/><D35/><U78/><E78/><V67/><F1/><T104/><D104/><U52/><E52/><V33/><F0/><T38/><D38/><AGARI ba="2,1" hai="38,42,45,53,59,60,65,66,72,76,81,90,95,96" machi="38" ten="30,5800,0" yaku="1,1,7,1,53,1" doraHai="131" doraHaiUra="92" who="1" fromWho="0" sc="449,-62,548,72,43,0,0,0" /><INIT seed="5,3,0,3,0,56" ten="387,620,43,0" oya="1" hai0="90,129,75,118,63,131,119,43,37,109,95,116,121" hai1="78,115,58,73,104,128,67,81,82,99,93,83,50" hai2="59,49,94,51,60,53,64,66,96,54,113,38,65" hai3=""/><U84/><E115/><V130/><F113/><T89/><N who="0" m="31008" /><T125/><D109/><U69/><E128/><V48/><F94/><T110/><D110/><U52/><E104/><V108/><F96/><T133/><D125/><U3/><E3/><V68/><F130/><N who="0" m="49674" /><D133/><U111/><E111/><V88/><F88/><N who="0" m="33898" /><D95/><U74/><E82/><V97/><F97/><T0/><D75/><U39/><E73/><V122/><N who="2" m="31264" /><V46/><F108/><T120/><N who="0" m="30752" /><T47/><D0/><U41/><E74/><V34/><F34/><T91/><N who="0" m="33906" /><T2/><DORA hai="85" /><D2/><U45/><E99/><V1/><F1/><T106/><D106/><U32/><E93/><V112/><F112/><T126/><D126/><U61/><E83/><V70/><F38/><T76/><D76/><U103/><E32/><V107/><F107/><T127/><D127/><U62/><E39/><V98/><F98/><T124/><D124/><U86/><E86/><V123/><N who="2" m="31520" /><V101/><F101/><T77/><D77/><U80/><E80/><V35/><F35/><T44/><D44/><U102/><AGARI ba="3,0" hai="41,45,50,52,58,61,62,67,69,78,81,84,102,103" machi="102" ten="30,7800,0" yaku="0,1,52,2,54,1" doraHai="56,85" who="1" fromWho="1" sc="387,-42,620,84,43,-42,0,0" /><INIT seed="5,4,0,4,1,37" ten="345,704,1,0" oya="1" hai0="73,124,128,39,99,44,74,110,103,72,114,36,101" hai1="121,0,35,59,75,51,126,97,100,58,125,40,3" hai2="131,60,64,66,63,122,84,81,95,1,133,129,79" hai3=""/><U130/><N who="1" m="31008" /><U49/><E35/><V70/><N who="2" m="31264" /><V93/><F1/><T65/><D110/><U106/><E75/><V61/><F133/><T71/><D114/><U48/><E130/><N who="2" m="49675" /><F63/><T2/><D128/><U132/><E40/><V102/><F102/><T113/><D113/><U107/><E132/><V104/><F104/><T34/><D34/><U119/><E119/><V55/><F55/><T57/><D2/><U118/><E118/><V82/><F82/><T83/><D83/><U87/><E107/><V52/><F52/><T115/><D101/><U92/><E0/><V135/><F135/><T77/><D103/><U127/><E3/><V43/><F43/><T117/><D115/><U76/><E106/><V94/><F94/><T108/><D117/><U50/><N who="1" m="12288" /><DORA hai="120" /><U67/><E67/><V69/><AGARI ba="4,0" hai="60,61,64,66,69,70,79,81,84,93,95" m="49675,31264" machi="69" ten="30,1500,0" yaku="19,1,52,1" doraHai="37,120" who="2" fromWho="2" sc="345,-9,704,-14,1,23,0,0" /><INIT seed="6,0,0,0,5,46" ten="336,690,24,0" oya="2" hai0="85,124,131,2,104,65,86,68,34,69,43,57,75" hai1="127,122,110,33,84,61,55,73,67,50,97,76,40" hai2="91,89,117,128,81,98,101,48,88,135,103,3,114" hai3=""/><V79/><F3/><T116/><D34/><U121/><N who="1" m="31008" /><U119/><N who="1" m="31264" /><U115/><E110/><V72/><F117/><T74/><D2/><U126/><E33/><V99/><F48/><T1/><D1/><U93/><E73/><V120/><N who="2" m="30752" /><V66/><F66/><T109/><D104/><U63/><E40/><V112/><F128/><T132/><D43/><U113/><E119/><V82/><F135/><T36/><D36/><U53/><E84/><V83/><F72/><T123/><D131/><U71/><E61/><V125/><F125/><T129/><D132/><U35/><E35/><V52/><F52/><T0/><D0/><U38/><E38/><V70/><F70/><T62/><D124/><N who="1" m="47659" /><E53/><V41/><F79/><T37/><D57/><U107/><E76/><V90/><N who="2" m="22528" /><DORA hai="49" /><V108/><F108/><T130/><D68/><U54/><E54/><V56/><F56/><T60/><D65/><U111/><E111/><V133/><F133/><T45/><D45/><U47/><E47/><V95/><REACH who="2" step="1"/><F41/><REACH who="2" ten="336,690,14,0" step="2"/><T105/><N who="0" m="31520" /><T100/><D69/><U77/><E55/><V96/><F96/><T87/><D109/><U106/><E50/><V118/><F118/><T94/><D116/><U80/><E71/><RYUUKYOKU ba="0,1" sc="336,-10,690,-10,14,20,0,0" hai2="81,82,83,95,98,99,101,103,112,114" /><INIT seed="6,1,1,5,0,127" ten="326,680,34,0" oya="2" hai0="80,122,35,54,86,92,100,65,32,119,132,78,49" hai1="97,42,108,103,68,98,88,51,50,79,48,91,3" hai2="117,113,2,53,114,38,110,87,56,61,43,58,74" hai3=""/><V0/><F74/><T37/><N who="0" m="31264" /><T102/><D119/><U89/><E108/><V63/><F110/><T40/><D65/><U44/><E3/><V59/><F117/><T45/><D132/><U57/><E68/><V95/><F87/><T85/><D100/><U71/><E71/><V118/><F118/><T112/><D112/><N who="2" m="43114" /><F95/><T34/><D102/><U105/><E79/><V134/><F134/><T82/><D92/><U66/><E98/><V121/><N who="2" m="31008" /><V128/><F128/><T69/><D69/><U73/><E73/><V52/><F43/><T129/><D129/><U125/><E125/><V70/><F38/><T126/><D126/><U55/><REACH who="1" step="1"/><E66/><REACH who="1" ten="326,670,34,0" step="2"/><V83/><F70/><T41/><REACH who="0" step="1"/><D37/><AGARI ba="1,2" hai="37,42,44,48,50,51,55,57,88,89,91,97,103,105" machi="37" ten="40,5200,0" yaku="1,1,2,1,54,1,53,0" doraHai="127" doraHaiUra="104" who="1" fromWho="0" sc="326,-54,670,74,34,0,0,0" owari="272,-13.0,744,70.0,34,-57.0,0,0.0" /></mjloggm>