<mjloggm ver="2.3"><GO type="169" lobby="0"/><UN n0="%E9%95%B7%E5%B2%A1" n1="%E8%BC%9D%E5%A4%9C%E6%9C%88" n2="%2D%E2%98%85%E7%8B%AC%E7%9C%BC%E9%89%84%E2%98%85%2D" n3="%E8%BD%9F%E9%8B%BC%E9%89%84" dan="17,17,16,16" rate="2203.54,2220.84,2066.30,2220.44" sx="M,F,M,M"/><TAIKYOKU oya="0"/><INIT seed="0,0,0,1,0,37" ten="250,250,250,250" oya="0" hai0="62,35,50,123,27,134,30,24,125,32,67,4,44" hai1="87,38,111,110,83,9,58,128,7,15,115,70,21" hai2="84,126,8,41,23,114,47,26,104,131,40,98,10" hai3="117,45,101,90,25,107,112,127,63,99,39,85,116"/><T120/><D125/><U74/><E70/><V20/><F114/><W78/><G112/><T121/><D134/><U60/><E115/><V5/><F126/><W76/><G127/><T16/><D4/><U19/><E74/><V82/><F131/><W59/><G25/><T28/><D16/><U108/><E38/><V2/><F10/><W73/><G78/><T77/><D77/><U119/><E119/><V129/><F129/><W133/><G133/><T43/><REACH who="0" step="1"/><D121/><REACH who="0" ten="240,250,250,250" step="2"/><U91/><E128/><V92/><F5/><W72/><G76/><T6/><D6/><U12/><REACH who="1" step="1"/><E110/><REACH who="1" ten="240,240,250,250" step="2"/><V89/><F2/><W97/><G117/><T33/><D33/><U132/><E132/><V68/><F68/><AGARI ba="0,2" hai="24,27,28,30,32,35,43,44,50,62,67,68,120,123" machi="68" ten="30,11600,0" yaku="1,1,7,1,9,1,52,1,53,0" doraHai="37" doraHaiUra="96" who="0" fromWho="2" sc="240,136,240,0,250,-116,250,0" /><INIT seed="0,1,0,3,5,5" ten="376,240,134,250" oya="0" hai0="104,80,122,110,20,26,69,127,101,12,128,58,57" hai1="134,60,3,15,53,18,108,124,126,1,66,135,31" hai2="50,103,25,112,87,83,11,34,76,123,61,16,0" hai3="94,79,77,100,70,48,74,93,129,120,2,68,63"/><T52/><D122/><U24/><E53/><V49/><F123/><W72/><G48/><T67/><D127/><N who="1" m="48683" /><E60/><V29/><F112/><W99/><G120/><T117/><D117/><U39/><E66/><V46/><F103/><W95/><G2/><N who="1" m="522" /><E39/><V96/><F96/><W14/><G14/><T8/><D69/><U85/><E85/><V32/><F32/><W28/><G28/><N who="0" m="17479" /><D104/><U109/><E15/><V111/><F111/><N who="1" m="42569" /><E18/><V43/><F61/><W13/><G63/><N who="0" m="38383" /><D110/><U6/><E6/><V119/><F119/><W98/><G68/><T42/><D101/><U78/><E78/><V17/><REACH who="2" step="1"/><F50/><REACH who="2" ten="376,240,124,250" step="2"/><W107/><G100/><T86/><D12/><U125/><E125/><V88/><F88/><W47/><G13/><T97/><D97/><U41/><E41/><V56/><F56/><W45/><G99/><T130/><D42/><U44/><E44/><V55/><F55/><W131/><G98/><T40/><D40/><U114/><E114/><V23/><F23/><AGARI ba="1,1" hai="23,24,31,134,135" m="42569,522,48683" machi="23" ten="40,8000,1" yaku="18,1,14,1,34,2" doraHai="5" who="1" fromWho="2" sc="376,0,240,93,124,-83,250,0" /><INIT seed="1,0,0,3,5,7" ten="376,333,41,250" oya="1" hai0="42,92,100,87,115,57,66,64,30,74,99,90,62" hai1="65,114,76,80,67,84,54,96,32,19,60,1,109" hai2="53,14,103,20,79,36,98,121,43,104,117,56,128" hai3="26,15,27,2,35,94,17,95,127,102,131,108,47"/><U37/><E114/><V4/><F117/><W31/><G108/><T77/><D115/><U133/><E133/><V48/><F121/><W51/><G2/><T63/><D42/><U22/><E32/><V0/><F128/><W129/><G26/><T112/><D112/><U25/><E109/><V13/><F20/><W10/><G127/><T91/><D74/><U69/><E37/><V24/><F24/><W101/><G95/><T120/><D120/><U106/><E1/><V93/><F104/><W73/><G73/><T55/><D30/><U72/><E72/><V18/><F79/><W124/><G124/><T85/><D77/><U81/><E81/><V12/><F43/><W113/><G113/><T23/><D23/><U28/><E28/><V126/><F36/><W125/><G125/><T52/><D87/><U39/><E39/><V21/><REACH who="2" step="1"/><F126/><REACH who="2" ten="376,333,31,250" step="2"/><W122/><G122/><T97/><D97/><U88/><E96/><V6/><F6/><W59/><G131/><T33/><D33/><U86/><E76/><V9/><AGARI ba="0,1" hai="0,4,9,12,13,14,18,21,48,53,56,93,98,103" machi="9" ten="30,4000,0" yaku="1,1,0,1,52,1,53,0" doraHai="7" doraHaiUra="41" who="2" fromWho="2" sc="376,-10,333,-20,31,50,250,-10" /><INIT seed="2,0,0,3,5,38" ten="366,313,81,240" oya="2" hai0="7,135,106,58,74,125,102,62,27,64,77,22,91" hai1="110,56,121,21,37,43,105,119,8,35,129,95,112" hai2="30,31,97,89,87,25,117,109,83,1,114,34,2" hai3="61,81,123,59,26,126,65,93,92,48,80,46,118"/><V40/><F114/><W73/><G123/><T132/><D125/><U72/><RYUUKYOKU type="yao9" ba="0,0" sc="366,0,313,0,81,0,240,0" hai1="8,21,35,37,43,56,72,95,105,110,112,119,121,129" /><INIT seed="2,1,0,3,0,7" ten="366,313,81,240" oya="2" hai0="24,125,68,69,34,28,92,76,2,48,11,70,97" hai1="19,135,40,78,114,49,12,103,30,98,54,15,88" hai2="57,9,113,8,42,46,55,61,5,86,129,83,6" hai3="43,47,73,22,134,10,32,64,133,33,122,130,96"/><V106/><F129/><W100/><G73/><T131/><D131/><U36/><E114/><V27/><F113/><W99/><G122/><T4/><D125/><U20/><E135/><N who="3" m="51722" /><G64/><T52/><D76/><U26/><E78/><N who="2" m="46455" /><F106/><N who="3" m="63751" /><G22/><T91/><REACH who="0" step="1"/><D70/><REACH who="0" ten="356,313,81,240" step="2"/><U37/><E37/><V18/><F27/><W95/><G130/><T105/><D105/><U111/><E36/><V23/><F23/><W121/><G10/><N who="2" m="4201" /><F18/><W116/><G121/><T124/><D124/><U127/><E19/><V128/><F128/><W60/><G116/><T107/><D107/><U74/><E127/><V50/><AGARI ba="1,1" hai="5,6,42,46,50,55,57,61" m="4201,46455" machi="50" ten="30,11700,0" yaku="8,1,52,3" doraHai="7" who="2" fromWho="2" sc="356,-40,313,-40,81,130,240,-40" /><INIT seed="2,2,0,0,5,120" ten="316,273,211,200" oya="2" hai0="93,96,17,103,31,127,36,20,133,6,117,70,113" hai1="46,79,30,54,2,48,75,14,116,86,13,97,41" hai2="92,57,26,80,11,124,111,132,34,71,90,114,0" hai3="40,29,122,15,60,33,102,83,94,52,3,104,62"/><V58/><F114/><W7/><G3/><T50/><D36/><U22/><E2/><V8/><F71/><W35/><G104/><T72/><D113/><U56/><E75/><V110/><F132/><W105/><G105/><T73/><D70/><U130/><E116/><V39/><F39/><W59/><G40/><T77/><D133/><U135/><E135/><V88/><F124/><W45/><G45/><T28/><D127/><U131/><E97/><N who="2" m="57479" /><F80/><W128/><G83/><T32/><D117/><U16/><E30/><N who="2" m="19799" /><F90/><W125/><G29/><T61/><D31/><U129/><E79/><V47/><F47/><W118/><G125/><T5/><D28/><U53/><E86/><V85/><F85/><W99/><G33/><T101/><D32/><U4/><E56/><N who="2" m="21611" /><F0/><W95/><G35/><T63/><D103/><U65/><E65/><V9/><F9/><AGARI ba="2,0" hai="4,9,13,14,16,22,41,46,48,53,54,129,130,131" machi="9" ten="40,2600,0" yaku="19,1,54,1" doraHai="120" who="1" fromWho="2" sc="316,0,273,32,211,-32,200,0" /><INIT seed="3,0,0,1,4,73" ten="316,305,179,200" oya="3" hai0="65,114,113,125,62,24,59,21,123,124,63,6,4" hai1="80,48,97,57,84,111,20,12,35,37,110,70,115" hai2="96,55,47,64,19,129,132,105,85,133,76,28,31" hai3="2,54,69,74,121,100,128,52,94,1,68,3,135"/><W45/><G121/><T77/><D123/><U8/><E35/><V18/><F64/><W11/><G128/><T108/><D108/><U38/><E70/><V112/><F112/><N who="0" m="43114" /><D62/><U53/><E115/><V30/><F129/><W71/><G135/><N who="2" m="51785" /><F105/><W90/><G100/><T122/><D122/><U22/><E97/><V102/><F102/><W104/><G104/><T56/><D56/><U34/><E34/><V130/><F96/><W33/><G33/><T79/><D6/><U50/><E37/><V82/><F130/><W120/><G120/><T9/><D9/><U40/><E38/><V42/><F55/><W44/><G11/><T83/><D4/><U51/><E111/><V41/><F41/><W10/><G10/><T58/><D58/><U101/><E101/><V92/><F92/><W81/><G44/><T25/><D83/><U7/><E110/><V126/><F126/><N who="0" m="48746" /><D25/><U131/><E131/><V16/><F19/><AGARI ba="0,0" hai="19,21,24,59,63,65,77,79" m="48746,43114" machi="19" ten="30,7700,0" yaku="11,1,18,1,52,2" doraHai="73" who="0" fromWho="2" sc="316,77,305,0,179,-77,200,0" /><INIT seed="4,0,0,0,4,122" ten="393,305,102,200" oya="0" hai0="14,37,88,25,115,87,127,7,75,105,133,94,15" hai1="132,66,2,30,59,73,80,116,123,92,43,22,109" hai2="20,82,72,77,84,45,55,67,34,100,81,23,114" hai3="13,121,62,3,70,120,29,113,0,93,9,11,69"/><T102/><D115/><U110/><E123/><N who="3" m="47178" /><G62/><T78/><D37/><U18/><E116/><V6/><F114/><W16/><G93/><T58/><D127/><U61/><E2/><N who="3" m="554" /><G113/><T108/><D133/><U68/><E43/><V135/><F135/><W126/><G126/><T64/><D25/><N who="1" m="16695" /><E68/><N who="3" m="26218" /><G29/><T35/><D7/><U10/><E132/><V111/><F100/><W56/><G56/><T90/><D90/><U106/><E106/><V98/><F67/><W71/><N who="3" m="26226" /><W130/><DORA hai="65" /><G130/><T41/><D58/><U97/><E10/><AGARI ba="0,0" hai="9,10,11,13,16" m="26226,554,47178" machi="10" ten="50,12000,2" yaku="13,1,52,4,54,1" doraHai="122,65" who="3" fromWho="1" sc="393,0,305,-120,102,0,200,120" /><INIT seed="5,0,0,2,5,43" ten="393,185,102,320" oya="1" hai0="9,59,77,53,38,1,90,114,42,97,30,17,129" hai1="85,131,28,13,69,27,124,104,22,96,100,61,111" hai2="76,15,25,24,16,89,116,58,33,31,65,75,41" hai3="0,18,50,37,84,72,52,60,78,47,81,87,62"/><U108/><E131/><V4/><F116/><W102/><G0/><T121/><D114/><U48/><E124/><V45/><F75/><W26/><G37/><T21/><D129/><U101/><E101/><V39/><F76/><W82/><G102/><T105/><D121/><U130/><E130/><V29/><F4/><W94/><G94/><N who="0" m="56535" /><D38/><U110/><E85/><V10/><F89/><W20/><G72/><T98/><D105/><U68/><E61/><V91/><F91/><AGARI ba="0,0" hai="18,20,26,47,50,52,60,62,78,81,82,84,87,91" machi="91" ten="30,7700,0" yaku="7,1,8,1,52,1,54,1" doraHai="43" who="3" fromWho="2" sc="393,0,185,0,102,-77,320,77" /><INIT seed="6,0,0,3,5,135" ten="393,185,25,397" oya="2" hai0="59,119,83,3,8,5,30,86,41,103,102,52,79" hai1="26,84,36,37,0,28,4,45,109,130,124,129,21" hai2="114,132,7,56,40,14,53,57,71,90,81,96,51" hai3="100,76,88,110,15,27,82,104,112,11,73,50,125"/><V107/><F71/><W67/><G110/><T111/><D111/><U18/><E109/><V101/><F132/><W48/><G67/><T133/><D133/><U65/><E65/><V77/><F90/><W58/><G27/><T93/><D119/><U33/><E84/><V49/><F114/><W115/><G100/><T94/><D41/><U120/><E120/><V13/><F7/><W66/><G104/><T12/><D30/><U126/><E4/><V118/><F118/><W113/><G125/><N who="1" m="48234" /><E0/><V128/><F128/><N who="1" m="49257" /><E45/><V85/><REACH who="2" step="1"/><F40/><REACH who="2" ten="393,185,15,397" step="2"/><W108/><G108/><T29/><D3/><U62/><E62/><V60/><F60/><W10/><G115/><T42/><D42/><U116/><E116/><V39/><F39/><W55/><G113/><T105/><D79/><U72/><E72/><V38/><F38/><W92/><G76/><T95/><D5/><U70/><E70/><V87/><F87/><W16/><G73/><T6/><D86/><U34/><E37/><V19/><F19/><W106/><G16/><T9/><D6/><U69/><E69/><V22/><F22/><W61/><G61/><T1/><D1/><U122/><E36/><V35/><F35/><N who="1" m="13321" /><E122/><V75/><F75/><W121/><G121/><T89/><D83/><U64/><E64/><V20/><F20/><W91/><G82/><T99/><D9/><U32/><E32/><V47/><F47/><W117/><G10/><T54/><D8/><U23/><E23/><V43/><F43/><W74/><G11/><T134/><D134/><U63/><E63/><V80/><F80/><W127/><G112/><RYUUKYOKU ba="0,1" sc="393,-15,185,15,15,15,397,-15" hai1="18,21,26,28" hai2="13,14,49,51,53,56,57,77,81,85,96,101,107" /><INIT seed="6,1,1,3,1,86" ten="378,200,30,382" oya="2" hai0="41,83,76,60,58,97,44,122,99,7,92,30,115" hai1="125,113,134,12,38,79,124,93,68,13,73,74,53" hai2="51,35,65,1,37,112,84,59,119,130,127,3,126" hai3="55,117,108,111,87,123,5,67,11,89,17,82,95"/><V33/><F119/><W54/><G123/><T88/><D122/><U27/><E68/><V133/><F37/><W118/><G67/><N who="0" m="39319" /><D115/><U43/><E113/><V77/><F112/><W90/><G111/><T69/><D69/><U131/><E131/><V107/><F107/><W49/><G108/><T47/><D7/><U96/><E134/><V103/><F103/><W81/><G81/><T36/><D36/><U91/><E27/><V121/><F121/><W21/><G54/><T102/><D30/><U4/><E53/><N who="2" m="32191" /><F65/><W72/><G72/><T62/><D41/><U31/><E38/><V24/><F130/><W18/><G118/><T110/><D110/><U109/><E109/><V114/><F114/><W57/><G117/><T40/><D40/><U129/><E129/><V98/><F98/><W94/><G82/><T64/><D76/><U70/><E70/><V105/><F105/><W8/><G5/><T48/><D83/><U22/><E43/><V106/><F106/><W78/><G78/><T19/><D97/><U66/><E66/><V14/><F14/><N who="3" m="9399" /><G18/><T61/><D64/><U46/><E13/><V32/><F24/><W29/><G29/><T71/><D71/><U52/><E12/><V85/><F133/><W2/><G2/><N who="2" m="521" /><F77/><W132/><G132/><T9/><D19/><U75/><E79/><V10/><F10/><W25/><G25/><T101/><D9/><U104/><E104/><V63/><F63/><N who="0" m="24074" /><D48/><N who="1" m="28695" /><E4/><V16/><F16/><W50/><G50/><T20/><D20/><U42/><E42/><V28/><F28/><W34/><G34/><T6/><D6/><RYUUKYOKU ba="1,1" sc="378,0,200,0,30,0,382,0" hai0="44,47,88,92,99,101,102" hai1="22,31,73,74,75,91,93,96,124,125" hai2="32,33,35,84,85,126,127" hai3="8,11,49,55,57,87,89,90,94,95" /><INIT seed="6,2,1,4,2,31" ten="378,200,30,382" oya="2" hai0="25,113,97,106,54,43,53,91,69,12,93,67,79" hai1="38,7,24,128,13,56,5,28,96,117,104,14,27" hai2="133,45,98,49,114,76,107,101,50,132,92,71,60" hai3="111,78,65,42,74,16,83,86,120,47,35,82,125"/><V110/><F114/><W8/><G111/><T108/><D108/><U2/><E38/><V131/><F110/><W121/><G35/><T59/><D113/><U10/><E117/><V100/><F131/><W124/><G65/><T58/><D79/><U52/><E128/><V72/><F100/><W4/><G82/><T48/><D43/><U75/><E75/><V118/><F118/><W81/><G81/><T95/><D106/><U73/><E73/><V123/><F123/><W90/><G90/><T134/><D134/><N who="2" m="51818" /><F45/><W9/><G9/><T127/><D127/><N who="3" m="48713" /><G16/><T37/><D37/><U112/><E112/><V62/><F107/><W122/><G86/><N who="0" m="52471" /><D69/><U61/><E104/><V55/><F71/><W6/><G8/><T102/><D67/><U119/><E119/><V116/><F116/><W15/><G15/><T26/><D12/><U1/><E1/><V32/><F32/><W11/><G11/><T84/><D84/><U105/><E2/><V20/><F20/><W89/><G89/><T22/><D22/><U77/><E5/><V68/><F68/><W36/><AGARI ba="2,1" hai="4,6,36,42,47,74,78,83,120,121,122" m="48713" machi="36" ten="40,1500,0" yaku="18,1" doraHai="31" who="3" fromWho="3" sc="378,-6,200,-6,30,-9,382,31" /><INIT seed="7,0,0,1,3,35" ten="372,194,21,413" oya="3" hai0="120,73,62,12,21,48,83,124,76,94,109,14,60" hai1="9,63,71,131,134,61,22,17,78,2,10,70,23" hai2="26,116,97,31,127,54,75,79,30,16,91,114,27" hai3="130,3,123,132,112,0,117,82,4,77,47,104,44"/><W86/><G104/><T67/><D109/><U57/><E78/><V89/><F116/><W52/><G117/><T125/><D120/><U98/><E23/><V103/><F114/><W128/><G112/><T69/><D48/><U45/><E63/><V95/><F127/><W74/><G4/><T24/><D94/><U68/><E10/><V106/><F91/><W56/><G132/><T13/><REACH who="0" step="1"/><D62/><REACH who="0" ten="362,194,21,413" step="2"/><U105/><E61/><V84/><F54/><W19/><G123/><T115/><D115/><U49/><E22/><V43/><F43/><W6/><G52/><T65/><D65/><U59/><E17/><V7/><F7/><W34/><G19/><T113/><D113/><U126/><E59/><V99/><F99/><W64/><G56/><T1/><D1/><U39/><E39/><V11/><F27/><W32/><G0/><T129/><D129/><U53/><E2/><V90/><F90/><W25/><G130/><T50/><D50/><U110/><E9/><V93/><F93/><W80/><G3/><T135/><D135/><U118/><E105/><V87/><F87/><W101/><G6/><T8/><D8/><U29/><E126/><V96/><F96/><W51/><G86/><T38/><D38/><U20/><E98/><V5/><F5/><W133/><G51/><T102/><D102/><U122/><E53/><V58/><F58/><W55/><G101/><T66/><D66/><U18/><E57/><V37/><F37/><W41/><G55/><T107/><D107/><U28/><E118/><V100/><F100/><W40/><G64/><T15/><D15/><RYUUKYOKU ba="0,1" sc="362,30,194,-10,21,-10,413,-10" hai0="12,13,14,21,24,60,67,69,73,76,83,124,125" owari="392,19.0,184,-22.0,11,-49.0,413,52.0" /></mjloggm>