<mjloggm ver="2.3"><GO type="185" lobby="0"/><UN n0="%63%61%6C%63%2E" n1="%E3%83%9A%E3%83%9A%E3%83%AD%E3%83%B3%E3%83%81%E3%83%BC%E3%83%8E%37" n2="%E5%A4%9A%E6%9E%97%E6%99%8B" n3="" dan="19,16,16,0" rate="2400.86,2098.06,2182.50,1500.00" sx="M,M,M,C"/><TAIKYOKU oya="0"/><INIT seed="0,0,0,3,0,127" ten="350,350,350,0" oya="0" hai0="126,44,101,131,33,128,122,63,54,106,132,114,104" hai1="100,118,130,97,53,76,120,49,75,109,89,82,73" hai2="119,64,85,72,84,105,2,112,0,68,102,52,59" hai3=""/><T134/><N who="0" m="31264" /><T67/><D33/><U124/><N who="1" m="30752" /><U69/><E69/><V87/><F72/><T135/><D114/><U116/><E124/><V115/><F119/><T103/><D126/><U78/><E109/><V88/><F105/><N who="0" m="40554" /><D54/><U56/><E89/><V60/><F102/><N who="0" m="38922" /><D44/><U117/><E97/><V66/><F66/><T46/><D46/><U80/><E100/><V83/><F115/><T70/><AGARI ba="0,0" hai="63,67,70,128,131,132,134,135" m="38922,40554,31264" machi="70" ten="40,8000,1" yaku="20,1,52,3" doraHai="127" who="0" fromWho="0" sc="350,80,350,-40,350,-40,0,0" /><INIT seed="0,1,0,3,4,62" ten="430,310,310,0" oya="0" hai0="60,35,90,88,74,36,124,113,85,46,52,53,45" hai1="93,119,95,63,42,105,114,129,78,65,130,59,73" hai2="58,100,48,50,103,134,131,47,135,40,51,33,107" hai3=""/><T38/><D113/><U92/><E114/><V67/><F33/><T49/><D35/><U44/><E119/><V97/><F131/><T125/><D74/><U1/><E105/><V96/><F67/><T81/><D90/><U39/><E1/><V69/><F69/><T121/><N who="0" m="31008" /><T43/><REACH who="0" step="1"/><D38/><REACH who="0" ten="420,310,310,0" step="2"/><U109/><E73/><V56/><F135/><T98/><D98/><U117/><E117/><V116/><F134/><T32/><D32/><U57/><E78/><V128/><F116/><T70/><D70/><U79/><E79/><V37/><REACH who="2" step="1"/><F128/><REACH who="2" ten="420,310,300,0" step="2"/><T2/><D2/><U110/><E129/><V84/><F84/><T120/><N who="0" m="30752" /><T64/><D64/><U108/><REACH who="1" step="1"/><E130/><REACH who="1" ten="420,300,300,0" step="2"/><V122/><N who="2" m="31264" /><V86/><F86/><T133/><D133/><U127/><E127/><V111/><F111/><T83/><D83/><U76/><E76/><V118/><F118/><T80/><D80/><U41/><E41/><V87/><F87/><T123/><D123/><U77/><E77/><V126/><F126/><T55/><D55/><U66/><E66/><V71/><F71/><AGARI ba="1,3" hai="39,42,44,57,59,63,65,71,92,93,95,108,109,110" machi="71" ten="50,6400,0" yaku="1,1,14,1,52,1,53,0" doraHai="62" doraHaiUra="99" who="1" fromWho="2" sc="420,0,300,96,300,-66,0,0" /><INIT seed="1,0,0,4,2,92" ten="420,396,234,0" oya="1" hai0="53,119,117,65,56,128,130,74,40,112,108,71,62" hai1="58,73,101,2,129,46,132,45,70,59,98,111,49" hai2="48,51,80,87,123,120,104,69,54,124,52,100,84" hai3=""/><U94/><E2/><V126/><N who="2" m="30752" /><V60/><N who="2" m="31520" /><V113/><F113/><T114/><D40/><U85/><E70/><V91/><F104/><T44/><D44/><U97/><E73/><V133/><F100/><T99/><D99/><U64/><E132/><V38/><F38/><T110/><D74/><U116/><E129/><N who="0" m="49769" /><D114/><U82/><E116/><N who="0" m="44617" /><D112/><U66/><E111/><V63/><F133/><T115/><D115/><U67/><E98/><V50/><F87/><T95/><D95/><U34/><E34/><V78/><F78/><T57/><D71/><U43/><E46/><V118/><F118/><T103/><D103/><U68/><E68/><V3/><F3/><T90/><D90/><AGARI ba="0,0" hai="43,45,49,58,59,64,66,67,82,85,90,94,97,101" machi="90" ten="40,3900,0" yaku="8,1,52,1" doraHai="92" who="1" fromWho="0" sc="420,-39,396,39,234,0,0,0" /><INIT seed="1,1,0,1,3,87" ten="381,435,234,0" oya="1" hai0="129,124,80,54,105,95,97,50,64,68,125,57,104" hai1="118,38,59,0,85,94,106,48,60,83,62,102,115" hai2="35,65,122,56,78,93,63,43,49,98,69,100,77" hai3=""/><U84/><E0/><V51/><N who="2" m="31264" /><V88/><F35/><T3/><D3/><U101/><E38/><V58/><F69/><T74/><D129/><U89/><E118/><V127/><F127/><N who="0" m="48714" /><D64/><U67/><E115/><V108/><F108/><T73/><D68/><U112/><E112/><V36/><F36/><T41/><D41/><U110/><E110/><V134/><F134/><T75/><D80/><U66/><E106/><V114/><F114/><T71/><D71/><U53/><E62/><V2/><F2/><T103/><AGARI ba="1,0" hai="50,54,57,73,74,75,95,97,103,104,105" m="48714" machi="103" ten="40,1100,0" yaku="18,1" doraHai="87" who="0" fromWho="0" sc="381,13,435,-8,234,-5,0,0" /><INIT seed="2,0,0,5,1,83" ten="394,427,229,0" oya="2" hai0="37,117,110,93,125,3,72,100,47,42,103,109,104" hai1="106,54,131,39,55,56,133,38,79,134,90,73,101" hai2="132,58,116,123,70,121,118,98,102,0,95,108,89" hai3=""/><V60/><N who="2" m="31008" /><V113/><N who="2" m="31520" /><V61/><F0/><T35/><D117/><U94/><E131/><V88/><F113/><T62/><D35/><U51/><E106/><V107/><F132/><N who="1" m="50793" /><E101/><V65/><F108/><N who="0" m="41578" /><D125/><U99/><E79/><V68/><F89/><T48/><D72/><U67/><E67/><V69/><REACH who="2" step="1"/><F61/><REACH who="2" ten="394,427,219,0" step="2"/><T82/><D3/><U77/><E77/><V120/><N who="2" m="30752" /><V46/><F46/><T114/><D114/><U74/><E74/><V2/><F2/><T135/><D135/><U75/><E73/><V115/><F115/><T126/><D126/><U78/><E78/><V80/><F80/><T119/><D82/><U50/><E75/><V111/><F111/><T124/><D124/><U49/><E49/><V97/><AGARI ba="0,1" hai="58,60,65,68,69,70,88,95,97,98,102,107,116,118" m="30752,31520,31008" machi="97" ten="40,16000,3" yaku="1,1,0,1,52,3,54,1,53,3" doraHai="83" doraHaiUra="64" who="2" fromWho="2" sc="394,-80,427,-80,219,170,0,0" /><INIT seed="2,1,0,2,2,3" ten="314,347,389,0" oya="2" hai0="101,112,48,83,43,84,46,78,106,49,59,33,113" hai1="61,115,52,114,86,76,103,96,127,47,109,93,122" hai2="62,135,57,110,55,92,132,129,128,95,40,118,60" hai3=""/><V116/><F95/><T87/><D106/><U125/><N who="1" m="31264" /><U121/><N who="1" m="31008" /><U100/><E109/><V77/><F77/><T82/><D101/><U65/><E100/><V75/><F75/><T124/><D124/><N who="1" m="47691" /><E52/><V34/><F92/><T134/><D134/><N who="2" m="51242" /><F34/><T37/><D33/><U90/><E47/><V56/><F40/><T2/><D2/><U53/><E53/><V104/><F104/><T133/><D133/><U64/><E76/><V71/><F71/><T72/><D78/><U102/><E102/><V108/><F118/><T35/><D35/><U126/><E126/><V0/><F0/><T42/><D43/><U54/><E54/><V66/><F116/><T44/><D42/><U68/><E65/><V105/><F105/><AGARI ba="1,0" hai="61,64,68,86,90,93,96,103,105,114,115" m="47691,31008,31264" machi="105" ten="30,3900,0" yaku="18,1,52,2" doraHai="3" who="1" fromWho="2" sc="314,0,347,41,389,-41,0,0" /><INIT seed="4,0,0,1,1,97" ten="314,388,348,0" oya="0" hai0="118,77,91,117,38,129,127,42,70,32,106,100,35" hai1="34,39,61,53,121,125,83,73,133,33,119,57,43" hai2="55,84,113,79,107,132,87,109,92,56,124,1,67" hai3=""/><T52/><D70/><U105/><E119/><V78/><F1/><T59/><D127/><U3/><N who="1" m="31008" /><U94/><E125/><V36/><F107/><T62/><D129/><U49/><E105/><V108/><F124/><T131/><D131/><U90/><E133/><V85/><F36/><T71/><D71/><U116/><E116/><V128/><F132/><T64/><D117/><U98/><E39/><V122/><N who="2" m="31264" /><V123/><N who="2" m="31520" /><V134/><F134/><T51/><D118/><U46/><E3/><V103/><F67/><T58/><D77/><U104/><E104/><V93/><F113/><T82/><D82/><U120/><N who="1" m="30752" /><U101/><REACH who="1" step="1"/><E90/><REACH who="1" ten="314,378,348,0" step="2"/><V54/><F128/><T74/><D91/><U115/><E115/><V48/><F109/><T114/><D114/><U96/><E96/><V81/><F108/><T68/><D106/><U102/><E102/><V50/><F103/><T99/><D100/><U86/><E86/><V72/><REACH who="2" step="1"/><F79/><AGARI ba="0,1" hai="33,34,43,46,49,53,57,61,73,79,83,94,98,101" m="30752,31008" machi="79" ten="40,8000,1" yaku="1,1,52,3,53,0" doraHai="97" doraHaiUra="80" who="1" fromWho="2" sc="314,0,378,90,348,-80,0,0" /><INIT seed="5,0,0,4,5,59" ten="314,468,268,0" oya="1" hai0="1,56,95,112,67,101,103,113,54,85,38,82,126" hai1="135,47,74,122,62,69,75,129,121,118,71,42,73" hai2="43,80,91,92,111,35,37,55,93,97,41,34,61" hai3=""/><U58/><N who="1" m="31008" /><U127/><N who="1" m="31264" /><U120/><N who="1" m="30752" /><U117/><E129/><V88/><F111/><T106/><D1/><U39/><E135/><V49/><F80/><T65/><D38/><U40/><E40/><V104/><F104/><T115/><D106/><U110/><E127/><V94/><F61/><T36/><D36/><U72/><N who="1" m="18432" /><DORA hai="33" /><U79/><E79/><V124/><F124/><T98/><D103/><U48/><E110/><V99/><F93/><T134/><D134/><U130/><E130/><V123/><N who="2" m="31520" /><V128/><F128/><T83/><D126/><U96/><E96/><V3/><F3/><T87/><D85/><U86/><E86/><V63/><F63/><T116/><D116/><U84/><E84/><V32/><REACH who="2" step="1"/><F37/><REACH who="2" ten="314,468,258,0" step="2"/><T78/><REACH who="0" step="1"/><D83/><REACH who="0" ten="304,468,258,0" step="2"/><U90/><E118/><V77/><F77/><T114/><N who="0" m="28672" /><DORA hai="70" /><T44/><D44/><AGARI ba="0,2" hai="32,34,35,41,43,44,49,55,88,91,92,94,97,99" m="31520" machi="44" ten="40,12000,2" yaku="1,1,9,1,52,1,54,1,53,3" doraHai="59,33,70" doraHaiUra="109,102,0" who="2" fromWho="0" sc="304,-120,468,0,258,140,0,0" /><INIT seed="6,0,0,0,2,93" ten="184,468,398,0" oya="2" hai0="56,106,124,45,121,104,37,100,33,123,65,131,130" hai1="52,75,92,90,32,83,85,118,77,134,126,87,59" hai2="63,86,81,108,103,57,58,0,97,60,107,73,109" hai3=""/><V43/><F0/><T61/><N who="0" m="31008" /><T117/><N who="0" m="31520" /><T42/><D33/><U69/><E32/><V47/><F73/><T105/><D117/><U67/><E118/><V96/><F107/><T49/><D124/><U95/><E126/><V72/><F72/><T53/><D100/><U91/><E134/><V46/><F103/><T112/><D112/><U70/><E67/><V114/><F114/><T111/><D111/><N who="2" m="42570" /><F58/><T66/><D66/><U44/><E44/><N who="2" m="16939" /><F43/><T135/><D135/><U132/><E132/><V133/><F133/><T120/><N who="0" m="30752" /><T55/><REACH who="0" step="1"/><D55/><REACH who="0" ten="174,468,398,0" step="2"/><U113/><E113/><V115/><F115/><T99/><D99/><N who="2" m="37962" /><F57/><AGARI ba="0,1" hai="37,42,45,49,53,56,57,61,65,104,105,106,130,131" m="30752,31520,31008" machi="57" ten="40,8000,1" yaku="1,1,52,3,53,0" doraHai="93" doraHaiUra="35" who="0" fromWho="2" sc="174,90,468,0,398,-80,0,0" owari="264,-34.0,468,42.0,318,-8.0,0,0.0" /></mjloggm>