<mjloggm ver="2.3"><GO type="169" lobby="0"/><UN n0="%E5%9B%9B%E5%AE%AE%E7%B4%85%E8%BC%9D" n1="%79%61%6D%69%6E%65%6B%6F" n2="%73%61%6E%64%69%72%69%73" n3="%E3%81%8B%E3%81%8B%E3%81%8B%E3%81%8B" dan="18,16,17,16" rate="2270.22,2023.39,2220.93,2144.89" sx="F,F,M,M"/><TAIKYOKU oya="0"/><INIT seed="0,0,0,1,5,84" ten="250,250,250,250" oya="0" hai0="53,16,68,86,98,77,58,93,50,128,39,59,40" hai1="124,41,94,76,62,74,92,43,80,9,88,132,0" hai2="49,102,101,97,25,73,118,23,55,35,71,83,14" hai3="115,78,47,106,82,72,12,32,103,123,54,125,18"/><T127/><D127/><U4/><E132/><V45/><F118/><W38/><G115/><T117/><D117/><U2/><E2/><V109/><F109/><W63/><G32/><T10/><D68/><U24/><E124/><V107/><F71/><W26/><G26/><T81/><D128/><U15/><E0/><V89/><F35/><W1/><G1/><T28/><D28/><U79/><E79/><V116/><F116/><W110/><G125/><T119/><D119/><U69/><E92/><V52/><F102/><W13/><G13/><N who="0" m="7223" /><D39/><U11/><E11/><V129/><F129/><W56/><G123/><T135/><D135/><U51/><E51/><V66/><F66/><W3/><G3/><T7/><D40/><U8/><E8/><V87/><F73/><W85/><G110/><T57/><D7/><U42/><E24/><V19/><REACH who="2" step="1"/><F25/><REACH who="2" ten="250,250,240,250" step="2"/><W99/><G72/><T122/><D122/><U121/><E121/><V65/><F65/><W64/><G64/><T75/><D75/><U131/><E131/><V27/><F27/><W60/><G103/><AGARI ba="0,1" hai="50,53,57,58,59,77,81,86,93,98,103" m="7223" machi="103" ten="30,2900,0" yaku="8,1,54,1" doraHai="84" who="0" fromWho="3" sc="250,39,250,0,240,0,250,-29" /><INIT seed="0,1,0,1,3,54" ten="289,250,240,221" oya="0" hai0="80,120,65,118,129,72,16,105,101,67,108,23,79" hai1="27,10,92,38,128,50,124,60,29,77,21,44,55" hai2="24,89,70,52,134,115,3,57,88,30,78,112,6" hai3="46,82,8,132,107,133,104,18,121,37,75,125,56"/><T39/><D118/><U1/><E128/><V99/><F70/><W41/><G125/><T76/><D120/><U86/><E124/><V113/><F134/><N who="3" m="51819" /><G121/><T0/><D129/><U117/><E117/><V22/><F78/><N who="3" m="44383" /><G18/><T71/><D0/><U74/><E74/><V32/><F99/><W34/><G34/><T98/><D71/><U109/><E109/><V58/><F32/><W69/><G69/><T15/><D108/><U35/><E38/><V91/><REACH who="2" step="1"/><F52/><REACH who="2" ten="289,250,230,221" step="2"/><W26/><G56/><T126/><D126/><U2/><E35/><V123/><F123/><W40/><G40/><T4/><D39/><U63/><E77/><V49/><F49/><W61/><G61/><T7/><REACH who="0" step="1"/><D76/><REACH who="0" ten="279,250,230,221" step="2"/><U114/><E114/><V130/><F130/><W45/><G37/><T81/><D81/><U119/><E119/><V62/><F62/><W68/><G68/><T122/><D122/><U9/><E63/><V73/><F73/><W94/><G41/><T11/><D11/><AGARI ba="1,2" hai="3,6,11,22,24,30,57,58,88,89,91,112,113,115" machi="11" ten="50,8000,1" yaku="1,1,52,2,54,1,53,0" doraHai="54" doraHaiUra="97" who="2" fromWho="0" sc="279,-83,250,0,230,103,221,0" /><INIT seed="1,0,0,3,4,133" ten="196,250,333,221" oya="1" hai0="69,54,112,82,19,38,72,103,7,2,32,124,125" hai1="118,127,126,119,115,97,30,102,29,65,101,45,91" hai2="37,48,128,51,134,105,76,131,79,116,23,21,73" hai3="106,68,36,18,117,104,96,49,84,109,59,47,77"/><U35/><E115/><V60/><F37/><W17/><G68/><T66/><D112/><U50/><E65/><V39/><F39/><W75/><G75/><T123/><D123/><U6/><E6/><V114/><F60/><W85/><G36/><T43/><D54/><U41/><E91/><V5/><F5/><W132/><G59/><T70/><D19/><U88/><E88/><V55/><F105/><W122/><G132/><T26/><D103/><U121/><E121/><V52/><F114/><W67/><G67/><T3/><D26/><U94/><E102/><V100/><F100/><W86/><G77/><N who="0" m="44327" /><D32/><U83/><E83/><V108/><F73/><W22/><G17/><T135/><D135/><U61/><E61/><V90/><F90/><W64/><G64/><T80/><D80/><U130/><E130/><V10/><F10/><W58/><G117/><T33/><D33/><U89/><E101/><V110/><REACH who="2" step="1"/><F134/><REACH who="2" ten="196,250,323,221" step="2"/><W98/><G106/><T120/><D120/><U111/><E118/><AGARI ba="0,1" hai="21,23,48,51,52,55,76,79,108,110,116,118,128,131" machi="118" ten="25,8000,1" yaku="1,1,2,1,22,2,54,1,53,0" doraHai="133" doraHaiUra="63" who="2" fromWho="1" sc="196,0,250,-80,323,90,221,0" /><INIT seed="2,0,0,5,0,126" ten="196,170,413,221" oya="2" hai0="1,134,129,79,16,75,80,12,67,96,117,47,108" hai1="86,26,57,77,69,73,105,98,59,2,90,133,37" hai2="92,124,102,95,10,8,68,91,60,52,112,131,71" hai3="88,9,121,50,23,3,48,32,82,38,45,81,56"/><V99/><F112/><W11/><G32/><T72/><D108/><U13/><E2/><V120/><F120/><W76/><G38/><T15/><D134/><U17/><E37/><V85/><F124/><W51/><G121/><T18/><D117/><U111/><E69/><V106/><F71/><W65/><G45/><T66/><D1/><U43/><E43/><V7/><F131/><W20/><G76/><T41/><D96/><U40/><E40/><V97/><F7/><W44/><G44/><T130/><D75/><U5/><E111/><V103/><REACH who="2" step="1"/><F68/><REACH who="2" ten="196,170,403,221" step="2"/><W63/><G3/><T119/><D119/><U135/><E5/><V84/><F84/><N who="3" m="50191" /><G82/><T64/><D15/><U127/><E13/><V70/><F70/><W39/><G39/><N who="0" m="21951" /><D12/><U25/><E127/><V89/><F89/><W49/><N who="3" m="12288" /><DORA hai="83" /><W125/><G125/><T87/><D87/><U34/><E90/><V116/><F116/><W54/><G54/><T28/><D130/><U94/><E86/><V35/><F35/><W29/><G29/><T21/><D129/><U109/><E34/><V107/><F107/><W19/><G19/><T55/><D55/><U128/><E17/><V22/><F22/><AGARI ba="0,1" hai="9,11,20,22,23,56,63,65" m="12288,50191" machi="22" ten="40,5200,0" yaku="8,1,52,1,54,1" doraHai="126,83" who="3" fromWho="2" sc="196,0,170,0,403,-52,221,62" /><INIT seed="3,0,0,5,0,61" ten="196,170,351,283" oya="3" hai0="125,53,47,104,30,108,71,127,52,60,45,55,113" hai1="42,56,111,25,97,116,115,37,26,81,109,91,117" hai2="80,134,24,105,103,135,16,38,65,6,119,21,62" hai3="59,57,70,11,36,8,39,69,28,128,41,49,64"/><W132/><G28/><T31/><D104/><U4/><E37/><N who="3" m="14410" /><G8/><T3/><D3/><U12/><E42/><V120/><F119/><N who="1" m="45641" /><E56/><V126/><F38/><W14/><G14/><T122/><D31/><U129/><E129/><V75/><F6/><W118/><G11/><T93/><D93/><U82/><E115/><V112/><F112/><W29/><G29/><T89/><D30/><U40/><E40/><V19/><F120/><W94/><G94/><T85/><D113/><U133/><E133/><N who="2" m="50699" /><F126/><N who="0" m="48138" /><D122/><U54/><E54/><V32/><F32/><W74/><G74/><T77/><D77/><U13/><E91/><V76/><F19/><W2/><G2/><T23/><D89/><U44/><E97/><V9/><F9/><W58/><G132/><T10/><D10/><U110/><E44/><N who="0" m="16969" /><D23/><U34/><E4/><V106/><F103/><W73/><G118/><T27/><D27/><N who="1" m="10251" /><E34/><V1/><F1/><W50/><G128/><T17/><D17/><U87/><E87/><V63/><F63/><N who="3" m="40095" /><G73/><T66/><D85/><U18/><E18/><V102/><F102/><W83/><G41/><T121/><D121/><U78/><E78/><V0/><F0/><W68/><G83/><AGARI ba="0,0" hai="12,13,81,82,83,109,110,111" m="10251,45641" machi="83" ten="40,8000,1" yaku="28,2,14,1,12,1" doraHai="61" who="1" fromWho="3" sc="196,0,170,80,351,0,283,-80" /><INIT seed="4,0,0,0,3,46" ten="196,250,351,203" oya="0" hai0="115,110,103,48,92,57,93,2,11,97,135,88,42" hai1="38,9,128,15,90,50,19,101,43,47,3,112,111" hai2="56,68,21,37,104,129,74,41,131,66,6,63,24" hai3="98,109,119,102,33,76,125,69,29,31,58,4,91"/><T95/><D115/><U100/><E111/><V14/><F74/><W22/><G69/><T53/><D110/><U55/><E112/><V78/><F78/><W80/><G33/><T64/><D135/><U108/><E108/><V105/><F68/><W54/><G119/><T120/><D120/><U18/><E128/><N who="2" m="49227" /><F41/><W107/><G109/><T81/><D64/><U20/><E90/><V134/><F37/><W30/><G4/><T36/><D36/><U70/><E70/><V35/><F134/><W132/><G125/><T73/><D42/><U0/><E0/><V60/><F60/><W86/><G132/><T25/><D25/><U13/><REACH who="1" step="1"/><E3/><REACH who="1" ten="196,240,351,203" step="2"/><V28/><F35/><W10/><G91/><T65/><D65/><U99/><E99/><V1/><F1/><W77/><G77/><T40/><D40/><U118/><E118/><V72/><F72/><W117/><G117/><T113/><D113/><U62/><E62/><V89/><F89/><W45/><G76/><T8/><D73/><U126/><E126/><V75/><F75/><W52/><G98/><T122/><D122/><U26/><E26/><V17/><F24/><W23/><G86/><N who="0" m="50255" /><D2/><U34/><E34/><V124/><F124/><W79/><G79/><T51/><D51/><U94/><E94/><AGARI ba="0,1" hai="8,11,48,53,57,92,93,94,95,97,103" m="50255" machi="94" ten="30,5800,0" yaku="8,1,52,1,54,1" doraHai="46" who="0" fromWho="1" sc="196,68,240,-58,351,0,203,0" /><INIT seed="4,1,0,1,5,40" ten="264,182,351,203" oya="0" hai0="100,26,87,69,133,33,81,20,93,135,125,122,119" hai1="110,70,92,126,36,24,79,66,76,54,108,132,31" hai2="13,102,45,63,85,131,1,29,4,34,86,118,117" hai3="6,99,41,59,58,21,12,43,7,46,57,53,51"/><T114/><D119/><N who="2" m="45578" /><F131/><W96/><G6/><T107/><D122/><U78/><E126/><V14/><F102/><W77/><G77/><T28/><D125/><U44/><E132/><V9/><F63/><W75/><G75/><T83/><D114/><U129/><E129/><V91/><F45/><W68/><G68/><T55/><D69/><U74/><E74/><V48/><F48/><W37/><G41/><T2/><D2/><U17/><E17/><V62/><F62/><W101/><G96/><T5/><D5/><U84/><E66/><V10/><F10/><W115/><G115/><T72/><D107/><U82/><E92/><N who="2" m="54383" /><F86/><W67/><G67/><T109/><D72/><U97/><E97/><V19/><F19/><W120/><G120/><T38/><D100/><U50/><E36/><V39/><F39/><W121/><G121/><T80/><D38/><U27/><E27/><AGARI ba="1,0" hai="1,4,9,13,14,27,29,34" m="54383,45578" machi="27" ten="30,1000,0" yaku="12,1" doraHai="40" who="2" fromWho="1" sc="264,0,182,-13,351,13,203,0" /><INIT seed="5,0,0,3,5,39" ten="264,169,364,203" oya="1" hai0="85,67,94,93,22,80,10,123,66,56,57,26,73" hai1="2,96,36,81,34,55,68,4,89,61,86,25,33" hai2="108,15,103,92,75,21,125,69,118,130,42,90,120" hai3="11,20,14,98,128,131,70,95,87,30,17,74,12"/><U102/><E36/><V44/><F108/><W82/><G74/><T101/><D73/><U99/><E99/><V88/><F120/><W32/><G70/><T62/><D10/><U51/><E4/><V126/><F118/><W64/><G64/><T23/><D123/><U121/><E2/><V5/><F69/><W106/><G32/><T105/><D105/><U41/><E121/><V48/><F75/><W111/><G106/><T65/><D23/><U38/><E25/><V109/><F109/><W104/><G104/><T52/><D57/><U113/><E113/><V60/><F60/><W58/><G58/><T18/><REACH who="0" step="1"/><D101/><REACH who="0" ten="254,169,364,203" step="2"/><U119/><E119/><V47/><F21/><W71/><G71/><T78/><AGARI ba="0,1" hai="18,22,26,52,56,62,65,66,67,78,80,85,93,94" machi="78" ten="30,12000,2" yaku="1,1,2,1,0,1,8,1,54,1,53,2" doraHai="39" doraHaiUra="91" who="0" fromWho="0" sc="254,130,169,-60,364,-30,203,-30" /><INIT seed="6,0,0,1,2,40" ten="384,109,334,173" oya="2" hai0="45,111,105,27,130,127,58,38,70,96,89,112,62" hai1="16,42,76,126,25,114,59,10,108,109,54,68,6" hai2="115,123,132,44,81,91,57,107,94,135,106,128,11" hai3="117,72,56,49,74,22,13,85,18,2,21,51,30"/><V67/><F123/><W80/><G2/><T24/><D111/><U95/><E68/><V88/><F115/><W97/><G117/><T131/><D70/><U66/><E114/><V20/><F128/><N who="0" m="49194" /><D127/><U77/><E66/><V122/><F122/><W87/><G74/><T113/><D27/><U37/><E126/><V79/><F11/><W0/><G0/><T34/><D24/><U15/><E108/><V118/><F20/><W28/><G72/><T41/><D34/><U4/><E109/><V43/><F118/><W83/><G97/><T48/><D38/><U101/><E95/><V82/><F57/><W133/><G133/><N who="2" m="51273" /><F67/><W63/><G22/><T100/><D89/><N who="2" m="34378" /><F94/><W90/><G30/><T61/><D61/><U104/><E101/><V93/><F93/><W65/><G28/><T46/><D46/><U33/><E104/><N who="2" m="39979" /><F79/><AGARI ba="0,0" hai="13,18,21,49,51,56,63,65,79,80,83,85,87,90" machi="79" ten="30,2000,0" yaku="7,1,8,1" doraHai="40" who="3" fromWho="2" sc="384,0,109,0,334,-20,173,20" /><INIT seed="7,0,0,1,3,16" ten="384,109,314,193" oya="3" hai0="19,73,109,80,128,89,90,95,67,10,23,125,57" hai1="40,77,83,94,48,115,119,62,129,72,9,82,12" hai2="110,74,79,7,108,17,22,43,56,117,106,5,78" hai3="113,26,8,2,100,61,6,37,132,76,25,34,92"/><W104/><G104/><T81/><D109/><U131/><E62/><V13/><F117/><W68/><G37/><T27/><D125/><U130/><E119/><V32/><F32/><W0/><G0/><T50/><D73/><U91/><E40/><V30/><F106/><W46/><G46/><T15/><D128/><U29/><E48/><V4/><F74/><W114/><G132/><T101/><D101/><U60/><E60/><V121/><F121/><W42/><G42/><T49/><D67/><U33/><E82/><N who="0" m="31849" /><D57/><U24/><E115/><N who="3" m="44042" /><G76/><T124/><D124/><U31/><E31/><V127/><F127/><W41/><G41/><T36/><D36/><U105/><E105/><V11/><F110/><W86/><G34/><T135/><D89/><U53/><E53/><V45/><F56/><W54/><G86/><N who="0" m="52695" /><D135/><U35/><E12/><V66/><F66/><N who="3" m="41039" /><G54/><T112/><D112/><U51/><E9/><V85/><F85/><W70/><G70/><T93/><D93/><U52/><E35/><V75/><F75/><W20/><G20/><T39/><D39/><U120/><E120/><V55/><F108/><W44/><G44/><T64/><D64/><U107/><E107/><V3/><F3/><W116/><G116/><T69/><D69/><U58/><REACH who="1" step="1"/><E131/><REACH who="1" ten="384,99,314,193" step="2"/><V47/><F55/><W59/><G59/><T87/><D49/><U97/><AGARI ba="0,1" hai="24,29,33,51,52,58,72,77,83,91,94,97,129,130" machi="97" ten="30,7900,0" yaku="1,1,2,1,0,1,54,1,53,0" doraHai="16" doraHaiUra="96" who="1" fromWho="1" sc="384,-20,99,89,314,-20,193,-39" owari="364,47.0,188,-21.0,294,9.0,154,-35.0" /></mjloggm>