<mjloggm ver="2.3"><GO type="169" lobby="0"/><UN n0="%E3%81%88%E3%81%88%E3%81%88%E3%81%88%E3%81%88%E3%81%88%E3%81%88" n1="%E3%81%8A%E3%81%98%E3%81%95%E3%82%93" n2="%E3%83%A2%E3%83%AD%E3%83%98%E3%82%A4%E3%83%A4" n3="%7A%6B%75%72%74" dan="16,16,16,17" rate="2096.39,2173.22,2079.04,2229.19" sx="M,M,M,M"/><TAIKYOKU oya="0"/><INIT seed="0,0,0,2,3,76" ten="250,250,250,250" oya="0" hai0="135,99,44,95,114,69,110,84,89,13,106,130,94" hai1="97,111,27,29,116,72,20,53,120,31,1,70,38" hai2="121,71,2,117,23,37,102,9,61,25,26,48,52" hai3="100,68,16,113,46,17,47,122,34,119,50,4,73"/><T11/><D114/><U83/><E116/><V43/><F102/><W66/><G119/><T67/><D135/><U54/><E120/><V21/><F37/><W8/><G113/><T86/><D130/><U92/><E70/><V109/><F43/><W104/><G34/><T36/><D110/><U123/><E123/><V93/><F121/><W77/><G122/><T42/><D106/><U12/><E1/><V85/><F109/><W118/><G118/><T82/><D86/><U10/><E38/><V112/><F112/><W81/><G66/><T87/><D87/><U49/><E111/><V59/><F2/><W51/><G68/><T24/><D24/><U64/><E64/><V107/><F107/><W75/><G75/><T127/><D127/><U74/><E31/><V134/><F9/><W96/><G50/><T28/><D28/><U7/><E83/><V124/><F124/><W0/><REACH who="3" step="1"/><G47/><REACH who="3" ten="250,250,250,240" step="2"/><T60/><REACH who="0" step="1"/><D99/><REACH who="0" ten="240,250,250,240" step="2"/><U115/><E115/><V30/><F117/><W35/><G35/><T22/><D22/><U63/><E72/><V101/><F21/><W45/><G45/><T125/><D125/><U88/><E74/><V62/><F23/><W79/><G79/><T6/><AGARI ba="0,2" hai="6,11,13,36,42,44,60,67,69,82,84,89,94,95" machi="6" ten="20,7800,0" yaku="1,1,0,1,7,1,52,1,53,0" doraHai="76" doraHaiUra="18" who="0" fromWho="0" sc="240,98,250,-26,250,-26,240,-26" /><INIT seed="0,1,0,5,1,13" ten="338,224,224,214" oya="0" hai0="123,127,125,16,54,22,36,47,115,32,73,7,18" hai1="79,109,68,71,41,90,58,80,91,46,66,5,67" hai2="130,94,6,33,39,31,88,110,97,131,2,92,85" hai3="93,43,87,95,99,27,75,64,20,101,35,61,111"/><T14/><D73/><U106/><E106/><V133/><F39/><W72/><G111/><T19/><D115/><U121/><E121/><V89/><F110/><W126/><G126/><N who="0" m="48139" /><D123/><U74/><E109/><V30/><F33/><W53/><G43/><N who="0" m="23015" /><D32/><U132/><E132/><V77/><F133/><W78/><G35/><T9/><D54/><U98/><E58/><V59/><F77/><W15/><G53/><T37/><D37/><U48/><E5/><V116/><F116/><W28/><G15/><AGARI ba="1,0" hai="7,9,14,15,16,18,19,22" m="23015,48139" machi="15" ten="30,12000,1" yaku="18,1,52,3,54,1" doraHai="13" who="0" fromWho="3" sc="338,123,224,0,224,0,214,-123" /><INIT seed="0,2,0,4,2,125" ten="461,224,224,91" oya="0" hai0="75,79,76,23,31,33,25,46,117,32,105,63,123" hai1="83,132,53,94,115,88,43,116,15,74,77,38,67" hai2="92,13,134,26,9,7,122,101,62,91,24,11,110" hai3="28,73,14,100,90,60,78,130,6,57,29,128,54"/><T129/><D117/><U18/><E116/><V41/><F101/><W135/><G135/><T118/><D118/><U65/><E132/><V52/><F134/><W5/><G100/><T109/><D123/><U3/><E3/><V93/><F122/><W113/><G113/><T8/><D105/><U95/><E115/><V96/><F110/><W12/><G90/><T49/><D109/><U114/><E114/><V45/><F93/><W111/><G111/><T1/><D63/><U48/><E43/><V4/><F62/><W17/><G78/><T70/><D70/><U103/><E38/><V20/><F20/><W133/><G73/><T102/><D102/><U2/><E2/><V81/><F81/><W58/><G133/><T108/><D108/><U98/><E15/><V42/><F42/><W121/><G121/><T127/><D127/><U126/><E18/><V84/><F96/><W104/><G104/><T59/><D59/><U61/><E61/><V55/><F26/><W80/><G80/><N who="0" m="45087" /><D79/><U119/><E119/><V0/><REACH who="2" step="1"/><F24/><REACH who="2" ten="461,224,214,91" step="2"/><W34/><G60/><T56/><D23/><U27/><E27/><V68/><F68/><W85/><G54/><N who="0" m="30007" /><D25/><U87/><REACH who="1" step="1"/><E126/><REACH who="1" ten="461,214,214,91" step="2"/><V71/><F71/><W39/><G39/><AGARI ba="2,2" hai="0,4,7,9,11,13,39,41,45,52,55,84,91,92" machi="39" ten="30,3900,0" yaku="1,1,7,1,54,1,53,0" doraHai="125" doraHaiUra="97" who="2" fromWho="3" sc="461,0,214,0,214,65,91,-45" /><INIT seed="1,0,0,1,4,118" ten="461,214,279,46" oya="1" hai0="107,81,124,35,110,92,41,83,116,104,89,133,134" hai1="36,130,21,100,108,78,132,16,120,24,61,129,33" hai2="22,131,37,67,27,66,13,17,46,47,69,56,23" hai3="98,85,65,68,30,12,28,44,114,60,57,97,58"/><U0/><E36/><V72/><F69/><W128/><G114/><T121/><D35/><U119/><E119/><V10/><F72/><W109/><G109/><T59/><D116/><U88/><E78/><V76/><F76/><W15/><G128/><N who="1" m="49258" /><E100/><V70/><F70/><W87/><G44/><T5/><D41/><U117/><E117/><V103/><F103/><W48/><G68/><T49/><D5/><U96/><E132/><N who="0" m="50793" /><D121/><U11/><E33/><V102/><F102/><W73/><G48/><T101/><D110/><U84/><E108/><V43/><F131/><W74/><REACH who="3" step="1"/><G65/><REACH who="3" ten="461,214,279,36" step="2"/><T19/><D49/><U122/><E61/><AGARI ba="0,1" hai="12,15,28,30,57,58,60,61,73,74,85,87,97,98" machi="61" ten="25,6400,0" yaku="1,1,2,1,22,2,53,0" doraHai="118" doraHaiUra="86" who="3" fromWho="1" sc="461,0,214,-64,279,0,36,74" /><INIT seed="2,0,0,3,0,38" ten="461,150,279,110" oya="2" hai0="71,66,25,121,128,114,13,27,117,7,74,108,3" hai1="78,23,82,130,20,79,85,96,135,80,58,90,95" hai2="125,93,68,107,0,87,35,110,52,116,24,131,99" hai3="104,62,16,84,109,51,97,67,53,92,132,28,8"/><V122/><RYUUKYOKU type="yao9" ba="0,0" sc="461,0,150,0,279,0,110,0" hai2="0,24,35,52,68,87,93,99,107,110,116,122,125,131" /><INIT seed="2,1,0,1,4,132" ten="461,150,279,110" oya="2" hai0="9,121,109,108,48,81,80,18,129,52,15,78,50" hai1="84,82,76,63,107,74,91,99,87,123,24,38,118" hai2="72,27,33,26,85,86,8,4,6,116,34,2,22" hai3="45,135,16,124,69,54,114,19,32,115,126,106,66"/><V25/><F72/><W111/><G135/><T12/><D121/><U29/><E38/><V79/><F79/><W44/><G106/><T55/><D129/><U94/><E123/><V70/><F70/><W113/><G111/><N who="0" m="42571" /><D15/><U62/><E118/><V65/><F65/><W98/><G32/><N who="2" m="12393" /><F86/><W7/><G7/><T103/><D103/><N who="1" m="62975" /><E87/><V43/><F85/><W36/><G98/><T56/><D78/><U83/><E83/><V31/><F43/><N who="3" m="22631" /><G66/><T40/><D40/><U57/><E57/><AGARI ba="1,0" hai="9,12,18,48,50,52,55,56,57,80,81" m="42571" machi="57" ten="30,2000,0" yaku="14,1,54,1" doraHai="132" who="0" fromWho="1" sc="461,23,150,-23,279,0,110,0" /><INIT seed="3,0,0,0,2,135" ten="484,127,279,110" oya="3" hai0="108,113,15,13,26,40,107,133,31,121,74,27,91" hai1="105,75,52,129,47,87,34,29,92,9,72,36,45" hai2="64,126,28,24,51,77,97,103,80,115,127,49,19" hai3="99,20,22,98,111,106,56,86,96,39,122,1,42"/><W59/><G122/><T110/><D107/><U104/><E129/><V132/><F19/><W66/><G106/><T11/><D40/><U6/><E105/><V54/><F64/><W131/><G1/><T93/><D74/><U85/><E104/><V41/><F41/><W8/><G131/><T69/><D69/><U53/><E29/><V120/><F120/><W109/><G8/><T23/><D121/><U130/><E34/><V55/><F115/><W70/><G70/><T125/><D113/><U7/><E130/><V18/><F18/><W17/><G86/><T76/><D76/><U119/><E92/><V62/><F62/><W48/><G39/><T25/><D133/><U82/><E9/><V95/><F132/><W88/><G66/><T116/><D116/><U12/><E12/><V5/><F5/><W63/><G63/><T43/><D43/><U57/><E57/><N who="3" m="22090" /><G17/><T32/><D32/><U94/><E94/><V123/><F123/><W33/><G33/><T46/><D46/><U4/><E4/><V60/><F60/><W73/><G73/><T102/><D31/><U58/><E58/><V128/><F128/><W3/><G3/><T90/><D11/><U35/><E35/><N who="2" m="20871" /><F49/><W78/><G78/><T118/><D118/><U81/><REACH who="1" step="1"/><E36/><REACH who="1" ten="484,117,279,110" step="2"/><V101/><F101/><W124/><G22/><T79/><D23/><U38/><E38/><V21/><F21/><W30/><G20/><T44/><D102/><U100/><E100/><V89/><F103/><W67/><G30/><T10/><D10/><U114/><E114/><V61/><F95/><W83/><G99/><RYUUKYOKU ba="0,1" sc="484,-10,117,30,279,-10,110,-10" hai1="6,7,45,47,52,53,72,75,81,82,85,87,119" /><INIT seed="4,1,1,2,2,17" ten="474,147,269,100" oya="0" hai0="89,112,127,42,1,7,48,79,113,35,57,22,119" hai1="3,47,129,87,125,92,102,111,59,107,0,104,20" hai2="49,126,4,14,86,19,68,6,38,98,70,15,118" hai3="2,74,69,52,56,100,24,61,43,106,33,117,65"/><T37/><D35/><U40/><E111/><V103/><F38/><W71/><G117/><T23/><D119/><U46/><E129/><V13/><F118/><W85/><G74/><T84/><D37/><U96/><E125/><V66/><F126/><W27/><G2/><T135/><D127/><U9/><E59/><V60/><F70/><W8/><G8/><N who="0" m="2159" /><D79/><U124/><E124/><V34/><F34/><W36/><G85/><T39/><D39/><U131/><E131/><V110/><F110/><W73/><G73/><T90/><D90/><U80/><E0/><V30/><F30/><W21/><G33/><T77/><D77/><U121/><E121/><V53/><F86/><W62/><G27/><T108/><D108/><U78/><E47/><V76/><F76/><W32/><G32/><T50/><D135/><U55/><E55/><V94/><REACH who="2" step="1"/><F19/><REACH who="2" ten="474,147,259,100" step="2"/><W101/><G71/><T26/><D84/><U105/><E78/><V99/><F99/><W123/><G123/><T58/><D113/><U122/><E87/><V64/><F64/><W81/><G81/><T5/><D112/><U44/><E80/><V41/><F41/><W115/><G115/><T133/><D42/><U93/><E40/><V67/><F67/><W130/><G130/><T95/><D133/><U11/><E122/><V75/><F75/><W63/><G43/><T51/><D5/><U116/><E116/><V25/><F25/><W29/><G36/><T91/><D26/><U114/><E114/><V134/><F134/><W18/><G18/><T132/><D132/><U82/><E82/><V120/><F120/><RYUUKYOKU ba="1,2" sc="474,-10,147,-10,259,30,100,-10" hai2="4,6,13,14,15,49,53,60,66,68,94,98,103" /><INIT seed="5,2,2,4,2,109" ten="464,137,289,90" oya="1" hai0="35,22,45,54,30,105,14,84,126,34,98,51,121" hai1="9,57,117,48,26,55,27,86,8,21,107,25,36" hai2="64,46,127,40,104,79,88,87,81,23,24,73,85" hai3="65,101,52,1,13,5,93,100,39,59,128,123,113"/><U71/><E117/><V120/><F104/><W43/><G123/><T12/><D121/><U96/><E36/><V18/><F120/><W19/><G128/><T92/><D126/><U78/><E71/><V28/><F64/><W63/><G1/><T110/><D110/><U91/><E78/><V77/><F73/><W102/><G5/><T58/><D105/><U75/><E75/><V32/><F127/><W60/><G39/><T33/><D84/><U38/><E38/><V10/><F87/><W97/><G43/><T70/><D70/><U3/><E3/><V44/><F10/><N who="1" m="4201" /><E96/><V4/><F4/><W7/><G7/><T68/><D68/><U89/><E107/><V90/><F79/><W66/><G113/><T2/><D2/><U41/><E41/><V56/><F56/><N who="3" m="37095" /><G66/><T133/><D133/><U132/><E132/><V95/><F95/><W53/><G53/><T134/><D134/><U131/><E131/><V115/><F115/><W135/><G135/><T29/><D35/><U106/><E106/><V122/><F122/><W31/><G31/><T114/><D33/><U94/><E91/><V6/><F6/><W74/><G74/><T11/><D34/><U116/><E116/><V20/><F32/><W17/><G13/><T0/><D0/><U16/><AGARI ba="2,2" hai="16,21,25,26,27,48,55,57,86,89,94" m="4201" machi="16" ten="30,3000,0" yaku="8,1,54,1" doraHai="109" who="1" fromWho="1" sc="464,-12,137,56,289,-12,90,-12" /><INIT seed="5,3,0,0,0,82" ten="452,193,277,78" oya="1" hai0="43,112,13,94,40,16,132,50,93,131,54,68,107" hai1="113,65,24,83,19,126,75,78,28,74,69,53,20" hai2="128,4,21,22,97,26,127,110,29,85,121,47,72" hai3="76,98,114,99,25,120,6,60,118,71,119,62,18"/><U129/><E113/><V36/><F72/><W95/><G120/><T34/><D34/><U105/><E105/><V67/><F121/><W37/><G114/><T5/><D107/><U77/><E126/><V30/><F110/><W0/><G37/><T49/><D68/><U10/><E129/><V123/><F123/><W17/><G6/><T80/><D112/><U122/><E122/><V57/><F4/><W90/><G0/><T45/><D132/><U23/><E10/><V14/><F97/><W111/><G111/><T41/><D131/><U115/><E115/><V79/><F128/><W87/><G76/><T135/><D5/><U116/><E116/><N who="3" m="44586" /><G62/><T46/><D80/><U15/><E53/><V103/><F103/><W39/><G39/><T32/><D32/><U9/><E78/><V133/><F79/><W92/><G25/><T33/><D33/><U42/><E42/><N who="0" m="16489" /><D135/><U109/><E109/><V31/><F26/><W91/><G99/><T1/><D1/><U7/><E74/><V108/><F14/><W8/><G8/><AGARI ba="3,0" hai="8,13,16,43,45,46,49,50,54,93,94" m="16489" machi="8" ten="30,2000,0" yaku="8,1,54,1" doraHai="82" who="0" fromWho="3" sc="452,29,193,0,277,0,78,-29" /><INIT seed="6,0,0,0,5,90" ten="481,193,277,49" oya="2" hai0="84,96,128,98,1,133,123,17,114,40,60,13,135" hai1="20,8,64,132,0,83,46,32,11,119,68,95,87" hai2="94,80,126,99,85,102,104,34,27,103,57,53,69" hai3="109,65,43,25,12,54,92,62,79,105,5,47,35"/><V112/><F69/><W2/><G109/><T111/><D111/><U118/><E32/><V19/><F112/><W66/><G105/><T97/><D1/><U6/><E132/><N who="0" m="50761" /><D114/><U29/><E11/><V28/><F126/><W101/><G2/><T61/><D128/><U15/><E46/><V81/><F19/><W41/><G79/><T78/><D40/><U22/><E22/><V120/><F120/><W49/><G35/><T130/><D130/><U56/><E68/><V14/><F14/><W75/><G75/><T131/><D123/><U42/><E42/><V113/><F113/><W110/><G110/><T16/><D131/><U134/><E134/><V89/><REACH who="2" step="1"/><F102/><REACH who="2" ten="481,193,267,49" step="2"/><W45/><G25/><T127/><D127/><U67/><E15/><V107/><F107/><W10/><G41/><T21/><D17/><U76/><E0/><V116/><F116/><W24/><G24/><T93/><D16/><U72/><E119/><V44/><F44/><W52/><G47/><T63/><D13/><U30/><E118/><V48/><AGARI ba="0,1" hai="27,28,34,48,53,57,80,81,85,89,94,99,103,104" machi="48" ten="20,7800,0" yaku="1,1,0,1,7,1,52,1,53,0" doraHai="90" doraHaiUra="39" who="2" fromWho="2" sc="481,-26,193,-26,267,88,49,-26" /><INIT seed="6,1,0,4,0,106" ten="455,167,355,23" oya="2" hai0="57,64,134,95,70,117,97,65,96,74,66,14,116" hai1="28,15,83,119,21,23,89,80,8,54,30,62,50" hai2="31,68,22,104,5,100,101,130,36,3,86,131,118" hai3="77,9,26,46,4,0,123,34,2,38,90,60,35"/><V56/><F68/><W42/><G123/><T53/><D134/><U44/><E119/><N who="0" m="45641" /><D74/><U49/><E62/><V110/><F36/><W63/><G2/><T81/><D81/><U88/><E80/><V61/><F118/><W102/><G102/><N who="2" m="39529" /><F5/><W11/><G11/><T45/><D45/><U7/><E50/><V93/><F3/><W76/><G90/><N who="0" m="55415" /><D97/><U125/><E125/><V105/><F86/><W99/><G99/><T13/><D70/><U71/><E71/><V115/><F93/><W33/><G26/><T59/><D59/><U18/><E23/><V25/><F115/><W112/><G112/><T52/><D53/><U43/><E43/><V108/><F105/><W128/><G128/><N who="2" m="49193" /><F104/><W16/><G16/><T121/><D121/><U124/><E124/><V109/><F110/><W122/><G122/><T132/><D132/><U67/><E67/><AGARI ba="1,0" hai="22,25,31,56,61,67,108,109" m="49193,39529" machi="67" ten="30,1500,0" yaku="19,1" doraHai="106" who="2" fromWho="1" sc="455,0,167,-18,355,18,23,0" /><INIT seed="6,2,0,4,2,61" ten="455,149,373,23" oya="2" hai0="66,88,86,3,79,36,89,68,91,12,80,122,2" hai1="114,85,28,76,135,24,7,45,37,15,47,18,105" hai2="17,50,13,44,40,113,77,120,107,26,60,43,49" hai3="39,123,69,103,95,104,21,19,119,110,75,98,63"/><V31/><F107/><W58/><G110/><T83/><D122/><U121/><E105/><V128/><F120/><W64/><G123/><T84/><D36/><U97/><E37/><V55/><F113/><W5/><G119/><T6/><D12/><U99/><E7/><V29/><F77/><W27/><G75/><T67/><D68/><U51/><E135/><V32/><F29/><W92/><G39/><T56/><D6/><U8/><E114/><V4/><F4/><W70/><G5/><T59/><D89/><U81/><E121/><V94/><F128/><W106/><G106/><T25/><D25/><U118/><E118/><V127/><F127/><W46/><G46/><T52/><D52/><U78/><E78/><AGARI ba="2,0" hai="2,3,56,59,66,67,78,79,80,83,84,86,88,91" machi="78" ten="25,8000,1" yaku="22,2,52,2,54,1" doraHai="61" who="0" fromWho="1" sc="455,86,149,-86,373,0,23,0" /><INIT seed="7,0,0,1,2,94" ten="541,63,373,23" oya="3" hai0="112,42,29,88,71,11,46,58,26,16,111,8,134" hai1="10,135,128,96,40,65,1,44,45,49,61,114,86" hai2="104,100,21,84,6,107,18,132,3,14,72,82,77" hai3="7,64,110,75,63,57,5,80,51,102,22,4,130"/><W28/><G130/><T91/><D111/><U93/><E128/><V0/><F132/><W62/><G110/><T56/><D71/><U68/><E135/><V126/><F126/><W99/><G75/><T115/><D134/><U97/><E114/><N who="0" m="43561" /><D88/><U12/><E1/><V81/><F6/><W122/><G122/><T87/><D16/><U36/><E86/><V47/><F47/><W55/><G80/><N who="0" m="49639" /><D56/><U66/><E66/><V108/><F108/><W74/><G74/><T119/><D58/><U89/><E97/><V34/><F34/><W69/><G63/><T90/><D90/><U101/><E89/><V41/><F41/><W17/><G28/><T118/><D8/><U31/><E31/><V52/><F52/><W125/><G125/><T124/><D11/><U35/><E35/><V50/><F50/><W27/><REACH who="3" step="1"/><G5/><REACH who="3" ten="541,63,373,13" step="2"/><T2/><D124/><U38/><E45/><V83/><F83/><W25/><G25/><T48/><D26/><U59/><E68/><V30/><F82/><W92/><AGARI ba="0,1" hai="4,7,17,22,27,51,55,57,62,64,69,92,99,102" machi="92" ten="20,12000,1" yaku="1,1,0,1,7,1,52,1,53,1" doraHai="94" doraHaiUra="67" who="3" fromWho="3" sc="541,-40,63,-40,373,-40,13,130" /><INIT seed="7,1,0,2,1,105" ten="501,23,333,143" oya="3" hai0="82,73,116,0,133,42,109,6,29,71,61,28,126" hai1="117,59,50,104,51,60,41,16,2,52,76,68,1" hai2="17,5,23,85,114,20,12,8,11,64,70,80,26" hai3="107,3,81,135,121,43,4,111,75,108,125,99,44"/><W118/><G118/><T67/><D109/><U33/><E117/><V112/><F64/><W31/><G121/><T39/><D126/><U36/><E104/><V30/><F70/><W92/><G31/><T32/><D133/><U123/><E123/><V113/><F85/><W88/><G135/><T46/><D32/><U19/><E33/><V62/><F62/><W119/><G119/><T45/><D45/><U18/><E76/><V102/><F80/><W77/><G125/><T10/><D116/><U27/><E27/><V37/><F102/><W54/><G54/><T94/><D94/><U83/><E83/><V130/><F37/><W34/><G34/><T128/><D128/><U91/><E91/><V96/><F96/><W97/><G97/><T69/><D69/><U13/><E13/><V25/><F11/><N who="3" m="2463" /><G107/><T21/><D21/><U55/><E55/><V72/><F72/><W74/><G75/><T53/><D53/><U115/><E115/><V48/><F48/><W90/><G90/><T7/><REACH who="0" step="1"/><D7/><REACH who="0" ten="491,23,333,143" step="2"/><U122/><E122/><V106/><F106/><W35/><G35/><T9/><D9/><U24/><E24/><V84/><F84/><W56/><G56/><T103/><D103/><U22/><E22/><V89/><F89/><W87/><G87/><T79/><AGARI ba="1,1" hai="0,6,10,28,29,39,42,46,61,67,71,73,79,82" machi="79" ten="30,8000,1" yaku="1,1,0,1,25,2,52,1,53,0" doraHai="105" doraHaiUra="127" who="0" fromWho="0" sc="491,93,23,-21,333,-21,143,-41" owari="584,69.0,2,-50.0,312,11.0,102,-30.0" /></mjloggm>