<mjloggm ver="2.3"><GO type="185" lobby="0"/><UN n0="%41%74%72%69%61" n1="%E3%81%BE%E3%81%A3%E3%81%97%E3%83%BC" n2="%E9%9B%80%E3%82%B0%E3%83%A9%E3%83%BC" n3="" dan="17,17,16,0" rate="2283.69,2245.48,2117.01,1500.00" sx="F,F,M,C"/><TAIKYOKU oya="0"/><INIT seed="0,0,0,3,0,71" ten="350,350,350,0" oya="0" hai0="125,40,57,132,89,33,75,59,3,50,118,103,44" hai1="99,78,95,0,37,70,80,52,115,122,56,98,77" hai2="1,90,43,121,88,53,76,65,51,79,41,83,117" hai3=""/><T107/><D33/><U91/><N who="1" m="31264" /><U36/><E70/><V62/><N who="2" m="31008" /><V63/><F1/><T55/><D3/><U35/><E0/><V127/><F127/><T60/><D118/><U116/><E35/><V96/><F117/><T67/><D125/><U69/><E116/><V105/><F105/><T42/><D75/><U81/><E69/><V113/><F113/><T32/><D32/><U104/><E115/><V92/><F90/><T48/><D132/><U94/><E104/><V110/><F110/><T66/><D89/><U72/><E95/><V58/><F63/><T111/><D111/><U130/><E99/><V126/><F126/><T73/><D73/><U61/><E130/><V134/><F134/><T86/><D86/><AGARI ba="0,0" hai="36,37,52,56,61,72,77,78,80,81,86,91,94,98" m="31264" machi="86" ten="30,8000,1" yaku="7,1,52,3,54,1" doraHai="71" who="1" fromWho="0" sc="350,-80,350,80,350,0,0,0" /><INIT seed="1,0,0,1,5,89" ten="270,430,350,0" oya="1" hai0="59,103,35,119,86,55,74,94,72,132,134,97,63" hai1="118,122,129,45,76,108,131,64,121,66,70,84,3" hai2="106,124,52,135,71,102,32,46,47,50,130,125,111" hai3=""/><U123/><N who="1" m="31008" /><U58/><N who="1" m="31264" /><U127/><N who="1" m="31520" /><U90/><E3/><V44/><F32/><T115/><D35/><U100/><E118/><V81/><F71/><T80/><D115/><U1/><E1/><V36/><F36/><T116/><D74/><U109/><E70/><V48/><F106/><T133/><REACH who="0" step="1"/><D72/><REACH who="0" ten="260,430,350,0" step="2"/><U92/><E127/><N who="2" m="48715" /><F102/><T105/><D105/><U95/><E76/><AGARI ba="0,1" hai="55,59,63,76,80,86,94,97,103,116,119,132,133,134" machi="76" ten="40,5200,0" yaku="1,1,20,1,52,1,53,0" doraHai="89" doraHaiUra="126" who="0" fromWho="1" sc="260,62,430,-52,350,0,0,0" /><INIT seed="2,0,0,3,1,98" ten="322,378,350,0" oya="2" hai0="112,106,103,79,96,39,116,86,51,119,64,120,113" hai1="44,2,46,131,40,55,58,73,77,122,97,59,101" hai2="62,70,89,127,123,118,54,1,133,114,107,99,43" hai3=""/><V71/><N who="2" m="31520" /><V126/><F1/><T121/><N who="0" m="30752" /><T117/><N who="0" m="31008" /><T72/><D39/><U56/><N who="1" m="31264" /><U63/><E2/><V38/><F118/><T125/><D64/><U65/><E131/><V66/><F114/><N who="0" m="44138" /><D125/><N who="2" m="47626" /><F70/><T41/><D72/><U87/><E73/><V135/><F89/><T132/><D132/><N who="2" m="50762" /><F54/><T32/><D32/><U100/><E100/><V91/><F91/><T36/><D36/><U109/><E109/><V84/><F84/><T80/><D116/><U61/><E87/><V35/><F35/><T42/><D42/><U83/><E40/><V130/><F130/><T105/><D106/><U74/><E55/><V47/><F99/><T60/><D60/><U104/><REACH who="1" step="1"/><E61/><REACH who="1" ten="322,368,350,0" step="2"/><V115/><F107/><T75/><D75/><U76/><E76/><V108/><F115/><T48/><D48/><U34/><E34/><V52/><F52/><T128/><D128/><U95/><E95/><V69/><F69/><AGARI ba="0,1" hai="44,46,56,58,59,63,65,69,74,77,83,97,101,104" m="31264" machi="69" ten="40,5200,0" yaku="1,1,52,2,53,0" doraHai="98" doraHaiUra="0" who="1" fromWho="2" sc="322,0,368,62,350,-52,0,0" /><INIT seed="4,0,0,1,5,134" ten="322,430,298,0" oya="0" hai0="101,94,108,102,98,51,112,109,82,52,90,77,100" hai1="122,46,36,113,47,3,88,105,65,50,121,73,55" hai2="61,96,87,107,106,84,120,115,2,110,103,40,41" hai3=""/><T80/><D112/><U44/><N who="1" m="31008" /><U79/><N who="1" m="31264" /><U124/><E3/><V49/><N who="2" m="30752" /><V118/><F2/><T54/><D82/><U135/><E105/><V57/><F110/><N who="0" m="42602" /><D51/><U1/><E1/><V63/><F118/><T35/><D35/><U64/><E135/><V72/><F72/><AGARI ba="0,0" hai="52,54,72,77,80,90,94,98,100,101,102" m="42602" machi="72" ten="30,2900,0" yaku="10,1,54,1" doraHai="134" who="0" fromWho="2" sc="322,29,430,0,298,-29,0,0" /><INIT seed="4,1,0,5,3,125" ten="351,430,269,0" oya="0" hai0="74,114,84,94,93,75,116,133,87,105,109,53,57" hai1="66,79,39,132,108,48,91,77,62,103,99,119,131" hai2="56,126,110,37,64,55,76,32,63,83,40,67,71" hai3=""/><T97/><D116/><U61/><E39/><V49/><F32/><T96/><D57/><U51/><E119/><V82/><F110/><T54/><D105/><U115/><E108/><V117/><F117/><T101/><D109/><U129/><E132/><V69/><F126/><T128/><D133/><U52/><E91/><V102/><F102/><T122/><N who="0" m="31264" /><T33/><D33/><U107/><E51/><V44/><F76/><T127/><D127/><U36/><E36/><V70/><F83/><T98/><D97/><U121/><N who="1" m="31008" /><U42/><E42/><V38/><F82/><T95/><D95/><U47/><E62/><V35/><F35/><T46/><D46/><U88/><E88/><V85/><F85/><T58/><D58/><U60/><E60/><V73/><F73/><T135/><D135/><U89/><E89/><V92/><F92/><T118/><D118/><U86/><E86/><V68/><F37/><T65/><D101/><U1/><E1/><V45/><F69/><T120/><N who="0" m="30752" /><T81/><D81/><U43/><E103/><V106/><F106/><T104/><D104/><U3/><E107/><V41/><AGARI ba="1,0" hai="38,40,41,44,45,49,55,56,63,64,67,68,70,71" machi="41" ten="40,9000,2" yaku="0,1,35,6" doraHai="125" who="2" fromWho="2" sc="351,-61,430,-31,269,92,0,0" /><INIT seed="5,0,0,2,0,1" ten="290,399,361,0" oya="1" hai0="112,102,38,33,84,41,50,35,40,65,135,81,124" hai1="79,78,45,77,115,57,75,69,83,49,97,129,74" hai2="113,32,88,119,53,101,61,0,98,116,3,34,36" hai3=""/><U134/><E69/><V80/><F36/><T56/><D112/><U89/><E115/><V117/><F113/><T121/><N who="0" m="31008" /><T58/><D135/><U39/><E134/><V109/><F109/><T87/><D102/><U125/><E39/><V90/><F0/><T54/><D124/><U63/><E125/><V73/><F3/><T66/><D38/><U128/><E97/><V68/><F90/><T55/><D81/><U127/><E127/><V122/><N who="2" m="31264" /><V76/><F88/><T70/><D50/><U106/><E106/><V95/><REACH who="2" step="1"/><F53/><REACH who="2" ten="290,399,351,0" step="2"/><T60/><D60/><U85/><E129/><V44/><F44/><T118/><REACH who="0" step="1"/><D70/><REACH who="0" ten="280,399,351,0" step="2"/><U42/><REACH who="1" step="1"/><E128/><REACH who="1" ten="280,389,351,0" step="2"/><V51/><F51/><T64/><D64/><AGARI ba="0,3" hai="42,45,49,57,63,64,74,75,77,78,79,83,85,89" machi="64" ten="40,3900,0" yaku="1,1,2,1,53,0" doraHai="1" doraHaiUra="133" who="1" fromWho="0" sc="280,-39,389,69,351,0,0,0" /><AGARI ba="0,0" hai="32,34,61,64,68,73,76,80,95,98,101,116,117,119" m="31264" machi="64" ten="40,8000,1" yaku="1,1,52,3,53,0" doraHai="1" doraHaiUra="133" who="2" fromWho="0" sc="241,-80,458,0,351,80,0,0" /><INIT seed="5,1,0,5,2,75" ten="161,458,431,0" oya="1" hai0="119,71,99,72,56,50,124,38,33,132,129,98,48" hai1="101,37,95,83,104,118,52,106,89,80,43,67,2" hai2="121,117,102,81,88,3,79,94,112,90,76,110,54" hai3=""/><U96/><E2/><V35/><N who="2" m="31008" /><V126/><F3/><T113/><D33/><U57/><E118/><V92/><F35/><T55/><D72/><U77/><E67/><V85/><F117/><T125/><D119/><U61/><E83/><V105/><F54/><T134/><D38/><U39/><E43/><V70/><F70/><T111/><D71/><U42/><E42/><V120/><N who="2" m="30752" /><V127/><F110/><T122/><N who="0" m="31264" /><T46/><D111/><U45/><E45/><V63/><F63/><T116/><D116/><U87/><REACH who="1" step="1"/><E106/><REACH who="1" ten="161,448,431,0" step="2"/><V108/><F108/><T135/><D46/><U78/><E78/><V34/><F34/><T65/><D65/><U131/><E131/><V97/><F112/><T133/><D113/><U58/><E58/><V130/><F130/><T66/><D129/><U1/><E1/><V51/><F51/><T93/><D48/><U107/><E107/><V36/><F36/><T32/><D32/><U115/><E115/><V84/><F76/><T73/><D66/><U0/><E0/><V47/><F47/><T114/><D114/><U60/><E60/><V59/><F59/><T123/><N who="0" m="31520" /><T103/><D56/><U49/><E49/><V69/><F69/><T82/><D50/><RYUUKYOKU ba="1,1" sc="161,-20,448,10,431,10,0,0" hai1="37,39,52,57,61,77,80,87,89,95,96,101,104" hai2="79,81,84,85,88,90,92,94,97,102,105,126,127" /><INIT seed="5,2,1,5,0,119" ten="141,458,441,0" oya="1" hai0="1,106,118,35,56,117,39,131,78,99,38,55,107" hai1="72,100,32,58,75,0,124,80,112,108,92,86,71" hai2="126,68,44,83,49,87,47,103,101,66,79,42,90" hai3=""/><U3/><E32/><V85/><F126/><T61/><D35/><U109/><E71/><V59/><F68/><T127/><D1/><U64/><E124/><V73/><F73/><T125/><D78/><U81/><E112/><V45/><F66/><T105/><D99/><U74/><E80/><V43/><F59/><T102/><D102/><N who="2" m="38922" /><F42/><T94/><D94/><AGARI ba="2,1" hai="43,44,45,47,49,79,83,85,87,90,94" m="38922" machi="94" ten="30,1000,0" yaku="8,1" doraHai="119" who="2" fromWho="0" sc="141,-14,458,0,441,24,0,0" /><INIT seed="6,0,0,4,1,110" ten="127,458,465,0" oya="2" hai0="119,79,124,103,67,44,105,53,114,134,66,127,122" hai1="115,75,3,87,86,113,102,83,101,0,60,1,56" hai2="73,72,47,58,40,70,98,116,33,64,84,120,52" hai3=""/><V42/><N who="2" m="30752" /><V65/><F33/><T48/><N who="0" m="31264" /><T76/><D103/><U63/><E75/><V108/><F116/><T104/><D119/><U81/><E1/><V34/><F34/><T111/><D111/><U39/><E56/><V2/><F2/><T118/><D118/><U35/><E35/><V128/><F108/><T123/><N who="0" m="31520" /><T55/><D48/><U97/><E97/><V126/><F126/><T41/><D44/><U88/><E88/><V92/><F84/><T51/><D51/><U61/><E61/><V49/><F128/><T99/><D99/><U50/><E50/><V78/><F42/><T80/><D80/><U59/><E59/><V131/><F131/><T93/><D93/><U112/><E112/><V36/><F78/><T94/><D94/><U90/><E90/><V130/><F130/><T121/><N who="0" m="31008" /><T129/><D129/><U32/><E32/><V100/><F65/><T38/><D41/><U37/><AGARI ba="0,0" hai="0,3,37,39,60,63,81,83,86,87,101,102,113,115" machi="37" ten="25,6000,1" yaku="0,1,22,2,52,2" doraHai="110" who="1" fromWho="1" sc="127,-20,458,60,465,-40,0,0" owari="107,-49.0,518,46.0,425,3.0,0,0.0" /></mjloggm>