<mjloggm ver="2.3"><GO type="185" lobby="0"/><UN n0="%E3%82%86%E3%81%8D%E3%81%86%E3%81%95%E3%81%8E%E2%98%86" n1="%E6%B0%B7%E3%81%AE%4B" n2="%E5%B0%8F%E5%B7%9D%2E%63%6F%6D" n3="" dan="16,16,16,0" rate="2175.94,2105.55,2125.69,1500.00" sx="F,M,M,C"/><TAIKYOKU oya="0"/><INIT seed="0,0,0,5,1,108" ten="350,350,350,0" oya="0" hai0="63,103,35,39,87,40,48,2,33,121,36,79,58" hai1="89,130,122,41,126,101,78,69,129,83,51,104,59" hai2="134,96,114,60,95,54,111,93,62,52,74,43,75" hai3=""/><T127/><N who="0" m="31008" /><T98/><D127/><U109/><N who="1" m="31264" /><U97/><E126/><V105/><F111/><T57/><D2/><U123/><N who="1" m="31520" /><U53/><E69/><V132/><F105/><T70/><D70/><U92/><E109/><V3/><F43/><T45/><D57/><U113/><E113/><V67/><F3/><T112/><D112/><U82/><E41/><V91/><F114/><T50/><D48/><U116/><E116/><V38/><F38/><T46/><D87/><U66/><E66/><V72/><F93/><T71/><D79/><U124/><E124/><V119/><F119/><T120/><N who="0" m="30752" /><T1/><D71/><U32/><E32/><V47/><F47/><T56/><D56/><U102/><E83/><V128/><F62/><T85/><D103/><U34/><E34/><V99/><F60/><T118/><D1/><U106/><E102/><V55/><F67/><T65/><D118/><U86/><REACH who="1" step="1"/><E106/><REACH who="1" ten="350,340,350,0" step="2"/><V68/><F68/><T64/><D33/><U115/><E115/><V42/><F42/><T133/><D35/><U107/><E107/><V76/><F55/><T81/><D64/><U90/><E90/><V125/><F91/><T88/><D65/><U131/><E131/><V49/><F128/><RYUUKYOKU ba="0,1" sc="350,-10,340,20,350,-10,0,0" hai1="51,53,59,78,82,86,89,92,97,101,104,129,130" /><INIT seed="1,1,1,0,5,107" ten="340,360,340,0" oya="1" hai0="97,133,55,119,125,56,72,95,121,112,54,114,1" hai1="124,50,2,35,81,94,57,82,104,123,34,47,43" hai2="100,101,117,79,87,108,61,116,134,62,105,49,74" hai3=""/><U41/><E104/><V127/><F49/><T58/><N who="0" m="31008" /><T77/><D1/><U89/><N who="1" m="31520" /><U90/><E2/><V63/><F87/><T37/><D125/><U92/><E57/><V98/><F100/><T80/><D133/><U132/><E132/><V64/><F134/><T126/><D126/><U45/><E50/><V70/><F127/><AGARI ba="1,1" hai="34,35,41,43,45,47,81,82,89,90,92,94,124,127" m="31520" machi="127" ten="25,4800,0" yaku="22,2,52,1" doraHai="107" who="1" fromWho="2" sc="340,0,360,60,340,-50,0,0" /><INIT seed="1,2,0,0,2,56" ten="340,420,290,0" oya="1" hai0="52,86,107,94,106,76,111,134,79,85,68,55,108" hai1="129,125,33,77,72,71,104,37,63,73,45,116,122" hai2="109,87,88,95,93,59,70,123,46,36,112,118,38" hai3=""/><U131/><RYUUKYOKU type="yao9" ba="2,0" sc="340,0,420,0,290,0,0,0" hai1="33,37,45,63,71,72,73,77,104,116,122,125,129,131" /><INIT seed="1,3,0,5,4,90" ten="340,420,290,0" oya="1" hai0="40,130,32,94,129,59,77,118,69,58,49,63,45" hai1="122,125,121,51,114,134,50,44,112,132,106,110,65" hai2="117,66,93,100,119,33,101,34,85,98,2,52,47" hai3=""/><U74/><N who="1" m="31008" /><U46/><N who="1" m="31264" /><U91/><E74/><V68/><F2/><T39/><D32/><U87/><E106/><V38/><F101/><T115/><D77/><U113/><E65/><V76/><F68/><T120/><N who="0" m="30752" /><T103/><D115/><U55/><E125/><V128/><F66/><T75/><D75/><U37/><E37/><V3/><F3/><T53/><D118/><U56/><E110/><V42/><F128/><T111/><D111/><U108/><E108/><V105/><F119/><T71/><D94/><U126/><E126/><V57/><F117/><T96/><D96/><U54/><E56/><V35/><F76/><T70/><D103/><U135/><E114/><V72/><F72/><T88/><D88/><U36/><E36/><V79/><F79/><T104/><D104/><U123/><N who="1" m="31520" /><U131/><E131/><V1/><F1/><T116/><D116/><U82/><AGARI ba="3,0" hai="44,46,50,51,54,55,82,87,91,112,113,132,134,135" m="31520,31264,31008" machi="82" ten="30,12000,2" yaku="0,1,9,1,20,1,52,3" doraHai="90" who="1" fromWho="1" sc="340,-63,420,126,290,-63,0,0" /><INIT seed="1,4,0,2,2,37" ten="277,546,227,0" oya="1" hai0="122,99,66,130,83,120,41,53,73,54,51,65,118" hai1="79,117,32,68,88,97,90,107,35,45,39,114,60" hai2="86,85,55,92,59,103,134,101,113,69,82,81,105" hai3=""/><U3/><E3/><V100/><F69/><T36/><N who="0" m="30752" /><T94/><N who="0" m="31264" /><T77/><D118/><U84/><E117/><V44/><F105/><T46/><D130/><U40/><E114/><V128/><F128/><T62/><D36/><U2/><E2/><V74/><F74/><T56/><REACH who="0" step="1"/><D53/><REACH who="0" ten="267,546,227,0" step="2"/><U132/><E39/><V112/><F112/><T33/><D33/><U1/><E35/><V121/><F113/><T72/><D72/><U115/><E32/><V109/><F55/><T102/><AGARI ba="4,1" hai="41,46,51,54,56,62,65,66,73,77,83,94,99,102" m="31264,30752" machi="102" ten="20,9000,2" yaku="1,1,0,1,7,1,52,3,53,1" doraHai="37" doraHaiUra="57" who="0" fromWho="0" sc="267,108,546,-64,227,-34,0,0" /><INIT seed="2,0,0,3,1,120" ten="375,482,193,0" oya="2" hai0="112,45,94,106,66,55,131,99,133,44,59,56,43" hai1="84,132,114,135,68,60,98,3,38,118,37,39,40" hai2="57,105,35,109,49,100,64,126,61,124,74,77,95" hai3=""/><V2/><F2/><T113/><D106/><U89/><E118/><V41/><F35/><T86/><D131/><U129/><E3/><V33/><F33/><T88/><D133/><N who="1" m="51275" /><E129/><V96/><F74/><T80/><D66/><U121/><N who="1" m="31008" /><U128/><E128/><V90/><F77/><T51/><D56/><U0/><E0/><V52/><F41/><T104/><D104/><U119/><E119/><V81/><F81/><T62/><REACH who="0" step="1"/><D44/><REACH who="0" ten="365,482,193,0" step="2"/><U125/><E68/><V75/><F126/><T71/><D71/><U108/><E125/><V36/><F124/><T91/><AGARI ba="0,1" hai="43,45,51,55,59,62,80,86,88,91,94,99,112,113" machi="91" ten="30,3000,0" yaku="1,1,0,1,54,1,53,0" doraHai="120" doraHaiUra="102" who="0" fromWho="0" sc="365,40,482,-10,193,-20,0,0" /><INIT seed="4,0,0,4,1,73" ten="405,472,173,0" oya="0" hai0="122,67,97,118,2,129,50,77,78,40,130,0,62" hai1="108,72,84,124,1,132,68,128,56,86,34,116,35" hai2="33,87,135,52,88,51,53,112,3,105,65,37,133" hai3=""/><T94/><N who="0" m="31264" /><T104/><D104/><U109/><E86/><V80/><F3/><T134/><D118/><U54/><E84/><V81/><F33/><T76/><D134/><U90/><E54/><V48/><F37/><T43/><D0/><U55/><E90/><V126/><F112/><T61/><D2/><U41/><E55/><V57/><F126/><T107/><D107/><U64/><E56/><V71/><F105/><T110/><D110/><U92/><E64/><V59/><REACH who="2" step="1"/><F81/><REACH who="2" ten="405,472,163,0" step="2"/><T69/><D62/><AGARI ba="0,1" hai="48,51,52,53,57,59,62,65,71,80,87,88,133,135" machi="62" ten="40,8000,1" yaku="1,1,2,1,9,1,54,2,53,0" doraHai="73" doraHaiUra="75" who="2" fromWho="0" sc="405,-80,472,0,163,90,0,0" /><INIT seed="5,0,0,0,3,112" ten="325,472,253,0" oya="1" hai0="81,129,33,46,71,47,105,72,83,87,120,38,76" hai1="134,79,123,73,111,82,99,116,118,114,51,64,1" hai2="119,61,103,109,122,41,2,36,70,3,63,65,68" hai3=""/><U128/><E1/><V113/><N who="2" m="31264" /><V60/><F109/><T74/><N who="0" m="30752" /><T107/><D33/><U84/><N who="1" m="31520" /><U132/><E111/><V94/><F113/><T93/><D71/><U90/><E114/><V127/><F127/><T80/><D38/><U62/><E51/><V37/><F63/><T110/><D110/><U67/><E128/><V53/><F53/><T44/><D129/><U77/><E99/><V69/><F69/><T34/><D34/><U42/><E42/><V98/><F119/><T117/><D117/><U0/><E0/><V91/><F91/><T133/><D133/><N who="1" m="51307" /><E67/><V39/><REACH who="2" step="1"/><F41/><REACH who="2" ten="325,472,243,0" step="2"/><T101/><D76/><N who="1" m="29259" /><E73/><V125/><F125/><T97/><REACH who="0" step="1"/><D87/><REACH who="0" ten="315,472,243,0" step="2"/><U89/><E89/><V59/><F59/><AGARI ba="0,2" hai="59,62,64,82,84,90,116,118" m="29259,51307,31520" machi="59" ten="30,11600,0" yaku="20,1,52,3" doraHai="112" who="1" fromWho="2" sc="315,0,472,136,243,-116,0,0" /><INIT seed="5,1,0,5,4,82" ten="315,608,127,0" oya="1" hai0="63,54,67,95,61,91,81,98,47,62,56,36,71" hai1="104,75,35,39,102,120,113,127,1,99,70,73,116" hai2="100,78,66,112,92,123,43,46,105,32,111,89,125" hai3=""/><U124/><RYUUKYOKU type="yao9" ba="1,0" sc="315,0,608,0,127,0,0,0" hai1="1,35,39,70,73,75,99,102,104,113,116,120,124,127" /><INIT seed="5,2,0,0,4,41" ten="315,608,127,0" oya="1" hai0="89,125,68,57,127,69,46,134,128,83,90,85,1" hai1="87,92,40,53,135,105,2,64,36,35,123,131,33" hai2="114,107,106,95,99,103,32,65,94,71,81,73,82" hai3=""/><U132/><E2/><V45/><F32/><T109/><D1/><U52/><N who="1" m="31520" /><U100/><E131/><V97/><F71/><T74/><D109/><U38/><E64/><V63/><F45/><T42/><D128/><U88/><E105/><V84/><F63/><T104/><D134/><N who="1" m="51243" /><E100/><V91/><F65/><T56/><D104/><U78/><E78/><V117/><F117/><T0/><D0/><U43/><E43/><V61/><F61/><T130/><D130/><U118/><E118/><V98/><F98/><T49/><D68/><U96/><E96/><V76/><F114/><T86/><D69/><U133/><E133/><V60/><F60/><T70/><D70/><U119/><E119/><V58/><F58/><T102/><D102/><AGARI ba="2,0" hai="73,76,81,82,84,91,94,95,97,99,102,103,106,107" machi="102" ten="30,16000,3" yaku="7,1,9,1,35,6" doraHai="41" who="2" fromWho="0" sc="315,-164,608,0,127,164,0,0" /><INIT seed="6,0,0,3,3,89" ten="151,608,291,0" oya="2" hai0="96,58,56,38,108,131,39,35,112,85,54,132,73" hai1="47,123,67,33,46,80,99,115,81,129,52,126,102" hai2="122,109,92,55,69,116,48,40,104,68,3,84,2" hai3=""/><V124/><N who="2" m="31264" /><V133/><F116/><T83/><D96/><U91/><N who="1" m="31520" /><U70/><E33/><V1/><F104/><T125/><D85/><U97/><E129/><V78/><F109/><T135/><D83/><U34/><E34/><V63/><F124/><T45/><D45/><U111/><E111/><V57/><F133/><T86/><D86/><U134/><E126/><V42/><F42/><T79/><D79/><U74/><E134/><V101/><F78/><T76/><D76/><U90/><E115/><V114/><F114/><T130/><D73/><U120/><N who="1" m="30752" /><U36/><E74/><V94/><F94/><T127/><D35/><U93/><E36/><V118/><F118/><T49/><D112/><U66/><E70/><V75/><F75/><T110/><D49/><U72/><E72/><V62/><F62/><T32/><D32/><U106/><E106/><V119/><F101/><T100/><D100/><U88/><E99/><V128/><F48/><T43/><D43/><U87/><E81/><V41/><F41/><T61/><D61/><U60/><E60/><V113/><F63/><T107/><D107/><U95/><E95/><V37/><F92/><T77/><D77/><U53/><E102/><V51/><F113/><RYUUKYOKU ba="0,0" sc="151,20,608,-10,291,-10,0,0" hai0="38,39,54,56,58,108,110,125,127,130,131,132,135" owari="171,-43.0,598,55.0,281,-12.0,0,0.0" /></mjloggm>