<mjloggm ver="2.3"><GO type="169" lobby="0"/><UN n0="%E3%83%AB%E3%83%AB%E5%8F%82%E4%B8%8A" n1="%E3%81%94%E3%82%8A%E3%81%94%E3%82%8A%E3%81%94%E3%82%8A%E3%82%89" n2="%73%75%7A%75%6D%65%33" n3="%6D%69%6B%65%69%6E%75" dan="17,18,17,16" rate="2169.49,2229.96,2191.68,2182.90" sx="F,M,M,M"/><TAIKYOKU oya="0"/><INIT seed="0,0,0,1,0,93" ten="250,250,250,250" oya="0" hai0="2,68,133,20,21,58,115,52,11,46,84,77,27" hai1="59,34,18,35,9,88,83,3,0,120,89,63,44" hai2="69,12,72,99,53,86,91,82,22,100,117,130,67" hai3="74,1,43,7,56,108,110,109,32,121,5,39,19"/><T66/><D115/><U8/><E120/><V55/><F117/><W128/><G74/><T24/><D133/><U132/><E132/><V97/><F130/><W75/><G75/><T124/><D124/><U30/><E44/><V17/><F72/><W33/><G128/><T78/><D68/><U102/><E102/><V29/><F69/><W37/><G121/><T105/><D66/><U129/><E129/><V42/><F67/><W125/><G125/><T23/><D105/><U25/><E35/><V92/><F42/><W4/><G43/><T119/><D119/><U45/><E45/><V94/><REACH who="2" step="1"/><F29/><REACH who="2" ten="250,250,240,250" step="2"/><W47/><G1/><T54/><D2/><U26/><E0/><V122/><F122/><W103/><G47/><T111/><D46/><U98/><E3/><V10/><F10/><W101/><G56/><T127/><D127/><U96/><E8/><V76/><AGARI ba="0,1" hai="12,17,22,53,55,76,82,86,91,92,94,97,99,100" machi="76" ten="20,12000,2" yaku="1,1,0,1,7,1,8,1,52,2,53,0" doraHai="93" doraHaiUra="64" who="2" fromWho="2" sc="250,-60,250,-30,240,130,250,-30" /><INIT seed="1,0,0,5,5,22" ten="190,220,370,220" oya="1" hai0="131,1,12,62,56,69,96,98,25,121,90,123,132" hai1="41,126,29,20,5,35,52,15,55,61,99,11,134" hai2="118,125,114,135,23,64,0,50,65,21,45,3,106" hai3="80,92,129,83,107,8,66,4,48,101,122,76,105"/><U79/><E134/><V17/><F135/><W51/><G122/><N who="0" m="46603" /><D1/><U34/><E126/><V63/><F106/><W93/><G129/><T116/><D116/><U91/><E79/><V110/><F118/><W67/><G8/><T24/><D69/><U82/><E41/><V58/><F125/><W49/><G4/><T13/><D131/><U100/><E20/><V32/><F32/><W112/><G112/><T120/><D132/><U57/><E55/><V40/><F114/><W87/><G101/><T109/><D109/><U44/><E44/><V60/><F21/><W75/><G75/><T77/><D77/><U119/><E119/><V78/><F78/><W95/><G87/><T46/><D46/><U108/><E108/><V2/><F110/><W86/><G86/><T85/><D120/><U9/><E29/><V104/><F104/><N who="3" m="40011" /><G76/><T113/><D113/><U73/><E73/><V16/><REACH who="2" step="1"/><F23/><REACH who="2" ten="190,220,360,220" step="2"/><W54/><G54/><N who="0" m="34071" /><D13/><N who="1" m="5295" /><E34/><V133/><F133/><W26/><G26/><N who="0" m="10347" /><D12/><U115/><E35/><V84/><F84/><W127/><G127/><T89/><D89/><U31/><E15/><V72/><F72/><W47/><G47/><T128/><D128/><U6/><E115/><V18/><F18/><W30/><G30/><T102/><D102/><U97/><E31/><V33/><F33/><W7/><G7/><T111/><D111/><U59/><E100/><V39/><F39/><W27/><G27/><T42/><D42/><U74/><E74/><V130/><F130/><W103/><G103/><T94/><AGARI ba="0,1" hai="85,90,94,96,98" m="10347,34071,46603" machi="94" ten="30,7900,0" yaku="13,1,52,3" doraHai="22" who="0" fromWho="0" sc="190,89,220,-39,360,-20,220,-20" /><INIT seed="2,0,0,3,4,25" ten="279,181,340,200" oya="2" hai0="105,34,43,66,96,132,41,114,69,51,130,52,124" hai1="82,4,54,84,80,42,118,95,115,123,93,71,87" hai2="22,126,135,55,116,76,127,21,102,23,65,44,133" hai3="48,26,113,125,79,39,67,20,10,16,17,117,28"/><V129/><F116/><W18/><G39/><T72/><D72/><U5/><E71/><V32/><F32/><W46/><G117/><T120/><D120/><U88/><E118/><V90/><F102/><W24/><G113/><T109/><D114/><U56/><E115/><V62/><F76/><W61/><G79/><T128/><D109/><U134/><E134/><N who="2" m="51211" /><F90/><W8/><G125/><N who="2" m="47625" /><F55/><W9/><G26/><T57/><D132/><U12/><E123/><V91/><F91/><W29/><G24/><T86/><D86/><U63/><E42/><V74/><F74/><W78/><G20/><T27/><D124/><U33/><E33/><V89/><F89/><W119/><G78/><T121/><D121/><U35/><E35/><V53/><F53/><W68/><REACH who="3" step="1"/><G119/><REACH who="3" ten="279,181,340,190" step="2"/><T98/><D34/><U103/><E82/><V1/><F22/><W7/><G7/><T104/><D43/><AGARI ba="0,1" hai="8,9,10,16,17,18,28,29,43,46,48,61,67,68" machi="43" ten="40,8000,1" yaku="1,1,52,2,54,1,53,1" doraHai="25" doraHaiUra="36" who="3" fromWho="0" sc="279,-80,181,0,340,0,190,90" /><INIT seed="3,0,0,2,1,68" ten="199,181,340,280" oya="3" hai0="72,73,4,126,66,18,40,0,15,90,85,22,109" hai1="20,86,71,75,25,106,81,129,49,79,127,83,122" hai2="103,53,67,80,16,55,100,30,19,21,92,32,52" hai3="130,96,133,14,70,94,74,43,17,41,54,11,23"/><W102/><G130/><T47/><D109/><U56/><E129/><V125/><F125/><W6/><G133/><T8/><D126/><U37/><E71/><V58/><F32/><W13/><G74/><T33/><D66/><U27/><E127/><V91/><F80/><W45/><G70/><T93/><REACH who="0" step="1"/><D33/><REACH who="0" ten="189,181,340,280" step="2"/><U7/><E122/><V134/><F134/><W99/><G99/><T44/><D44/><U123/><E123/><V89/><F67/><W57/><REACH who="3" step="1"/><G45/><REACH who="3" ten="189,181,340,270" step="2"/><T1/><D1/><U78/><E75/><V39/><F58/><W98/><G98/><T82/><D82/><U113/><E56/><V110/><F110/><W64/><G64/><T114/><D114/><U24/><E113/><V97/><F97/><W111/><G111/><T10/><D10/><U28/><E83/><V65/><F65/><W38/><G38/><AGARI ba="0,2" hai="0,4,8,15,18,22,38,40,47,72,73,85,90,93" machi="38" ten="30,3900,0" yaku="1,1,7,1,52,1,53,0" doraHai="68" doraHaiUra="31" who="0" fromWho="3" sc="189,59,181,0,340,0,270,-39" /><INIT seed="4,0,0,5,5,2" ten="248,181,340,231" oya="0" hai0="103,114,43,4,108,0,123,95,92,18,89,14,3" hai1="59,99,68,78,73,60,62,79,32,12,39,17,119" hai2="86,106,120,127,81,47,66,69,50,56,57,49,45" hai3="21,61,46,42,28,126,15,34,82,122,55,124,36"/><T100/><D114/><U98/><E32/><V107/><F120/><W105/><G105/><T25/><D123/><U132/><E39/><V19/><F69/><W91/><G122/><T11/><D43/><U33/><E33/><V117/><F117/><W37/><G34/><T77/><D77/><N who="1" m="29195" /><E73/><V24/><F127/><N who="3" m="48683" /><G28/><T129/><D129/><U1/><E1/><V38/><F38/><N who="3" m="21847" /><G21/><N who="0" m="13495" /><D3/><U134/><E68/><V76/><F107/><W111/><G15/><N who="0" m="5607" /><D108/><U44/><E119/><V67/><F106/><W31/><G31/><T97/><D0/><U102/><E12/><V20/><F67/><W48/><G111/><T130/><D130/><U131/><E17/><V74/><F66/><W58/><G91/><N who="0" m="55551" /><D14/><U80/><E131/><V13/><F13/><W87/><G87/><AGARI ba="0,0" hai="87,89,92,100,103" m="55551,5607,13495" machi="87" ten="30,2900,0" yaku="8,1,52,1" doraHai="2" who="0" fromWho="3" sc="248,29,181,0,340,0,231,-29" /><INIT seed="4,1,0,1,3,108" ten="277,181,340,202" oya="0" hai0="102,51,54,30,94,58,134,97,24,12,100,1,128" hai1="64,43,78,93,132,22,7,92,133,61,83,20,63" hai2="49,45,47,130,82,112,101,37,5,25,50,0,91" hai3="36,46,99,28,76,123,129,127,60,56,16,126,77"/><T80/><D1/><U9/><E43/><V113/><F37/><W90/><G28/><T33/><D128/><U23/><E9/><N who="2" m="2215" /><F101/><W41/><G129/><T21/><D134/><N who="1" m="51819" /><E7/><V40/><F130/><W115/><G123/><T88/><D80/><U62/><E64/><V135/><F135/><W73/><G73/><AGARI ba="1,0" hai="20,22,23,61,62,63,73,78,83,92,93" m="51819" machi="73" ten="40,1300,0" yaku="20,1" doraHai="108" who="1" fromWho="3" sc="277,0,181,16,340,0,202,-16" /><INIT seed="5,0,0,3,2,84" ten="277,197,340,186" oya="1" hai0="53,101,11,10,102,23,1,6,104,109,22,77,112" hai1="129,2,26,25,118,111,88,133,119,124,64,39,97" hai2="49,46,51,57,76,94,7,45,83,27,91,93,100" hai3="90,43,17,110,50,47,63,98,5,68,24,131,41"/><U81/><E39/><V71/><F71/><W73/><G110/><T33/><D109/><U44/><E2/><V87/><F7/><W61/><G131/><T134/><D33/><U55/><E111/><V75/><F57/><W20/><G73/><T121/><D112/><U82/><E64/><V30/><F46/><W85/><G5/><T113/><D113/><U125/><E129/><V123/><F123/><W92/><G68/><T117/><D117/><N who="1" m="44555" /><E55/><V114/><F114/><W34/><G34/><T78/><D6/><U42/><E42/><V74/><F74/><W135/><G135/><T62/><D62/><U120/><E44/><V126/><F126/><N who="1" m="48745" /><E120/><V132/><F132/><W21/><G43/><T28/><D53/><U15/><E15/><V70/><F70/><W19/><REACH who="3" step="1"/><G98/><REACH who="3" ten="277,197,340,176" step="2"/><T80/><D134/><U103/><E133/><V18/><F75/><W56/><G56/><T36/><D121/><U65/><E65/><V13/><F45/><W52/><G52/><T40/><D40/><U128/><E128/><V32/><F32/><W35/><G35/><T99/><D99/><U54/><E54/><V115/><F115/><W105/><G105/><T0/><D104/><N who="1" m="63599" /><E82/><V79/><F83/><W108/><G108/><T66/><D66/><U31/><E31/><V69/><F30/><W16/><G16/><T14/><D28/><U60/><E60/><V106/><F18/><W116/><G116/><T37/><D80/><U72/><E72/><V59/><F69/><W12/><AGARI ba="0,1" hai="12,17,19,20,21,24,41,47,50,61,63,85,90,92" machi="12" ten="20,8000,1" yaku="1,1,0,1,7,1,8,1,52,1,53,0" doraHai="84" doraHaiUra="4" who="3" fromWho="3" sc="277,-20,197,-40,340,-20,176,90" /><INIT seed="6,0,0,5,1,125" ten="257,157,320,266" oya="2" hai0="4,64,25,56,95,92,60,0,132,123,91,29,96" hai1="18,76,49,28,45,117,44,124,73,3,133,74,39" hai2="72,114,127,116,50,104,109,90,93,33,129,21,38" hai3="88,17,20,22,34,135,101,32,82,86,51,7,46"/><V81/><RYUUKYOKU type="yao9" ba="0,0" sc="257,0,157,0,320,0,266,0" hai2="21,33,38,50,72,81,90,93,104,109,114,116,127,129" /><INIT seed="6,1,0,0,4,16" ten="257,157,320,266" oya="2" hai0="62,128,42,63,48,125,25,123,68,121,114,98,52" hai1="35,113,96,129,10,94,91,15,60,24,6,118,82" hai2="30,51,46,0,53,33,95,104,38,93,89,90,87" hai3="49,76,1,103,45,105,120,117,21,36,43,67,8"/><V85/><F104/><W133/><G76/><T127/><D114/><U50/><E118/><V13/><F0/><W56/><G103/><T12/><D12/><U74/><E113/><V2/><F2/><W23/><G105/><T135/><D98/><U41/><E129/><V86/><F38/><W84/><G117/><T116/><D116/><U7/><E74/><V58/><F33/><W130/><G120/><N who="0" m="46155" /><D25/><U69/><E69/><V11/><F30/><W22/><G130/><T14/><D128/><U79/><E35/><V54/><F86/><W132/><G84/><T77/><D77/><U17/><E60/><N who="0" m="23081" /><D14/><U106/><E106/><V19/><F58/><W3/><G67/><T100/><D100/><U59/><E24/><V27/><F27/><W57/><G1/><T80/><D80/><U47/><REACH who="1" step="1"/><E59/><REACH who="1" ten="257,147,320,266" step="2"/><V39/><F39/><W124/><G124/><T37/><D68/><U75/><AGARI ba="1,1" hai="6,7,10,15,17,41,47,50,75,79,82,91,94,96" machi="75" ten="20,8000,1" yaku="1,1,2,1,0,1,7,1,53,1" doraHai="16" doraHaiUra="4" who="1" fromWho="1" sc="257,-21,147,93,320,-41,266,-21" /><INIT seed="7,0,0,1,1,30" ten="236,240,279,245" oya="3" hai0="87,18,77,23,122,16,105,96,109,127,110,82,34" hai1="66,20,133,104,76,35,72,7,68,21,121,63,2" hai2="70,71,90,111,85,61,119,79,106,92,81,19,27" hai3="117,41,25,33,31,15,5,116,57,40,125,115,89"/><W32/><G89/><T52/><D122/><U78/><E121/><V9/><F106/><W91/><G125/><T10/><D127/><U128/><E21/><V36/><F36/><W45/><G115/><T14/><D34/><U11/><E20/><V67/><F111/><W114/><G114/><T38/><D38/><U47/><E128/><V101/><F119/><W94/><G33/><T98/><D105/><U0/><E133/><V123/><F123/><W4/><G57/><T86/><D109/><U29/><E47/><V124/><F124/><W58/><G58/><T44/><D87/><U22/><E22/><V93/><F71/><W55/><G55/><T108/><D108/><U130/><E130/><V135/><F135/><W88/><G91/><T1/><D1/><N who="1" m="495" /><E78/><V51/><F101/><W6/><G15/><N who="0" m="9695" /><D110/><U54/><E54/><V74/><F51/><AGARI ba="0,0" hai="10,14,16,44,51,52,77,82,86,96,98" m="9695" machi="51" ten="30,3900,0" yaku="8,1,54,2" doraHai="30" who="0" fromWho="2" sc="236,39,240,0,279,-39,245,0" /><INIT seed="8,0,0,4,5,131" ten="275,240,240,245" oya="0" hai0="6,55,36,89,28,90,115,80,1,31,65,94,134" hai1="84,127,79,85,32,2,11,60,116,46,92,25,104" hai2="128,8,103,43,125,122,132,113,29,76,39,16,57" hai3="135,102,96,20,126,24,21,97,17,58,74,62,67"/><T0/><D36/><U121/><E104/><V119/><F113/><W68/><G74/><T26/><D115/><U77/><E121/><V27/><F122/><W41/><G126/><T108/><D65/><U4/><E127/><V110/><F125/><W40/><G135/><T52/><D134/><U69/><E46/><V88/><F110/><W34/><G34/><T101/><D101/><U98/><E116/><V10/><F132/><W18/><G68/><T9/><D1/><U70/><E32/><V13/><F128/><W19/><G97/><T124/><D124/><U33/><E33/><V7/><F119/><W99/><G96/><T15/><D0/><U118/><E25/><V71/><F71/><W73/><G73/><T105/><D105/><U95/><E118/><V63/><F103/><W38/><G38/><T56/><D26/><U54/><E70/><V30/><F76/><N who="1" m="29257" /><E69/><V64/><F27/><W130/><G130/><T37/><D37/><U107/><E107/><V117/><F117/><W78/><G78/><T44/><D44/><U112/><E95/><V120/><F120/><W42/><REACH who="3" step="1"/><G24/><REACH who="3" ten="275,240,240,235" step="2"/><T61/><D108/><U123/><E123/><V72/><F72/><W81/><G81/><T51/><D80/><U133/><E133/><V93/><F39/><W111/><G111/><T129/><D129/><U47/><E112/><V22/><F43/><W14/><G14/><T3/><D3/><U83/><E83/><V35/><F35/><W82/><G82/><T66/><D94/><AGARI ba="0,1" hai="17,18,19,20,21,40,41,42,58,62,67,94,99,102" machi="94" ten="40,2600,0" yaku="1,1,8,1,53,0" doraHai="131" doraHaiUra="114" who="3" fromWho="0" sc="275,-26,240,0,240,0,235,36" /><INIT seed="9,0,0,0,5,42" ten="249,240,240,271" oya="1" hai0="91,27,110,24,2,32,76,92,6,46,106,3,122" hai1="5,26,73,44,64,78,128,74,108,43,39,126,0" hai2="115,96,40,36,65,117,129,35,131,111,119,130,116" hai3="81,30,52,114,72,100,13,113,135,66,77,11,15"/><U48/><E128/><V87/><F111/><W4/><G135/><T12/><D106/><U109/><E64/><V38/><F35/><W93/><G66/><T59/><D110/><N who="1" m="42603" /><E126/><V51/><F115/><W8/><G30/><T107/><D107/><U95/><E26/><V10/><F65/><W88/><G100/><T61/><D3/><U17/><E17/><V75/><F75/><N who="1" m="28681" /><E78/><V89/><F96/><W45/><G45/><T86/><D2/><U1/><E5/><V83/><F10/><W37/><G37/><T105/><D122/><U104/><E104/><V98/><F98/><W7/><G52/><N who="0" m="34023" /><D105/><U79/><E79/><V25/><F25/><W125/><G125/><T127/><D127/><U94/><E39/><V70/><F70/><W99/><AGARI ba="0,0" hai="4,7,8,11,13,15,72,77,81,88,93,99,113,114" machi="99" ten="20,5200,0" yaku="0,1,7,1,9,1,54,1" doraHai="42" who="3" fromWho="3" sc="249,-13,240,-26,240,-13,271,52" owari="236,4.0,214,-29.0,227,-17.0,323,42.0" /></mjloggm>