<mjloggm ver="2.3"><GO type="225" lobby="0"/><UN n0="%72%69%6F%75%63%68%61%6E" n1="%E8%A3%81%E3%81%8D%E3%81%AE%E9%BE%8D" n2="%E3%82%AD%E3%83%AC%E3%81%9D%E3%81%86" n3="%E9%99%A4%E5%90%8D" dan="17,16,16,16" rate="2106.08,2018.53,2076.07,2165.14" sx="M,F,M,M"/><TAIKYOKU oya="0"/><INIT seed="0,0,0,5,0,60" ten="250,250,250,250" oya="0" hai0="26,114,20,127,51,128,78,71,102,34,84,134,103" hai1="115,11,104,35,56,0,99,47,92,10,110,70,118" hai2="33,106,53,48,55,12,98,107,21,119,43,30,105" hai3="130,97,111,27,108,61,76,125,124,37,8,54,45"/><T17/><D114/><U6/><E118/><V58/><F119/><W112/><G76/><T126/><D128/><U14/><E115/><V40/><F98/><W75/><G112/><T121/><D121/><U13/><E70/><V67/><F55/><W23/><G75/><T63/><D134/><U122/><E122/><V69/><F33/><W64/><G130/><T52/><D34/><U5/><E110/><N who="3" m="42026" /><G8/><T89/><D78/><U25/><E104/><V82/><F82/><W120/><G97/><T3/><D3/><U135/><E135/><V74/><F74/><W93/><G93/><T116/><D116/><U19/><E47/><V100/><F100/><W31/><G120/><T131/><D131/><U109/><E109/><V46/><F69/><N who="3" m="42127" /><G54/><T96/><D63/><U73/><E73/><V42/><F105/><W72/><G72/><T1/><D71/><U88/><E35/><V44/><F107/><W132/><G132/><T79/><D79/><U16/><E25/><N who="2" m="16687" /><F106/><W81/><G81/><N who="0" m="49295" /><D96/><U15/><REACH who="1" step="1"/><E56/><REACH who="1" ten="250,240,250,250" step="2"/><V32/><F32/><W49/><G37/><T87/><D26/><U18/><AGARI ba="0,1" hai="0,5,6,10,11,13,14,15,16,18,19,88,92,99" machi="18" ten="30,8000,1" yaku="1,1,2,1,0,1,54,2,53,0" doraHai="60" doraHaiUra="50" who="1" fromWho="1" sc="250,-40,240,90,250,-20,250,-20" /><INIT seed="1,0,0,4,4,6" ten="210,330,230,230" oya="1" hai0="83,1,122,5,65,53,47,41,75,19,84,109,69" hai1="49,105,116,13,39,132,88,118,8,45,106,97,135" hai2="117,71,15,107,90,4,3,14,33,126,96,52,125" hai3="82,74,85,78,20,95,108,130,68,79,51,119,94"/><U10/><E39/><V98/><F33/><W9/><G68/><T57/><D75/><U29/><E29/><V76/><F71/><W89/><G20/><T44/><D109/><U80/><E106/><V32/><F32/><W2/><G51/><T86/><D122/><U124/><E124/><N who="2" m="47723" /><F76/><N who="3" m="44311" /><G9/><N who="1" m="3690" /><E13/><V16/><F90/><N who="3" m="53583" /><G2/><T34/><D1/><U35/><E105/><V62/><F107/><W48/><G48/><T92/><D69/><U50/><E35/><V7/><F3/><W113/><G108/><T46/><D34/><U58/><E58/><N who="2" m="35143" /><F117/><N who="1" m="45161" /><E45/><V31/><F31/><W42/><G119/><T72/><D46/><U121/><E121/><V36/><F36/><W115/><G115/><T123/><D47/><U60/><E60/><V43/><F15/><W129/><G113/><T27/><D44/><U61/><E61/><V55/><F7/><W77/><G42/><T0/><D41/><U111/><E111/><V11/><F43/><W120/><G120/><T59/><D5/><U63/><E63/><V73/><F4/><W28/><G28/><T54/><D123/><U25/><E25/><V87/><F73/><W112/><G112/><T81/><D72/><U21/><E21/><V99/><F55/><W23/><G23/><N who="0" m="13823" /><D0/><U101/><E101/><V110/><F110/><W100/><G100/><T38/><D38/><U103/><E103/><V26/><F26/><W17/><G17/><T66/><D53/><U133/><E80/><N who="0" m="30793" /><D54/><U64/><E64/><N who="0" m="24681" /><D57/><U102/><E102/><V24/><F24/><W91/><G95/><AGARI ba="0,0" hai="49,50,88,95,97,132,133,135" m="45161,3690" machi="95" ten="40,12000,1" yaku="20,1,52,3,54,1" doraHai="6" who="1" fromWho="3" sc="210,0,330,120,230,0,230,-120" /><INIT seed="1,1,0,2,4,40" ten="210,450,230,110" oya="1" hai0="60,116,58,109,61,79,81,57,70,74,117,123,67" hai1="94,91,90,19,88,100,87,9,84,71,113,111,131" hai2="14,103,6,15,122,72,30,101,69,63,2,52,43" hai3="37,124,7,35,56,96,75,54,38,59,45,65,132"/><U80/><E71/><V110/><F122/><W22/><G35/><T135/><D123/><U104/><E9/><V53/><F72/><W46/><G75/><T108/><D135/><U106/><E19/><V89/><F43/><W11/><G132/><T31/><D31/><U44/><E44/><N who="3" m="17002" /><G124/><T28/><D28/><U23/><E23/><V128/><F69/><W32/><G32/><T95/><D95/><N who="1" m="54663" /><E113/><V21/><F2/><W5/><G38/><T33/><D33/><U86/><E131/><V16/><F30/><W29/><G37/><T85/><D74/><U0/><E0/><V17/><F6/><N who="3" m="2059" /><G11/><T3/><D3/><U1/><E1/><V127/><F128/><W112/><G112/><T114/><D114/><U120/><E120/><V4/><F4/><W49/><G96/><T78/><D70/><U125/><E125/><V99/><F127/><W76/><G76/><T48/><D78/><U18/><E18/><V25/><F17/><W126/><G126/><T47/><D47/><U105/><E111/><N who="0" m="42569" /><D48/><U119/><E119/><V83/><F110/><W55/><G65/><AGARI ba="1,0" hai="57,58,60,61,65,67,79,81,85,116,117" m="42569" machi="65" ten="30,1000,0" yaku="14,1" doraHai="40" who="0" fromWho="3" sc="210,13,450,0,230,0,110,-13" /><INIT seed="2,0,0,1,2,101" ten="223,450,230,97" oya="2" hai0="113,1,38,45,13,57,62,118,63,106,79,130,39" hai1="27,97,53,94,88,0,91,129,87,36,73,116,86" hai2="4,32,42,89,7,133,98,121,52,128,122,105,60" hai3="120,48,81,104,84,8,96,119,61,47,33,107,123"/><V2/><F32/><W51/><G119/><T22/><D113/><U18/><E116/><V37/><F133/><W35/><G61/><T14/><D1/><U74/><E0/><V71/><F128/><W67/><G67/><T16/><D118/><U95/><E36/><V66/><F89/><W55/><G8/><T21/><D130/><U5/><E5/><V29/><F29/><W103/><G107/><T23/><D106/><U41/><E41/><V25/><F25/><W124/><G124/><T78/><D45/><U117/><E117/><V70/><F70/><W93/><G93/><T83/><D57/><U126/><E126/><V12/><F52/><W76/><REACH who="3" step="1"/><G51/><REACH who="3" ten="223,450,230,87" step="2"/><T112/><D63/><U59/><E129/><V109/><F60/><W44/><G44/><T19/><D62/><N who="1" m="36207" /><E74/><V102/><F66/><W56/><G56/><T34/><D38/><U6/><E73/><V100/><F71/><W49/><G49/><T20/><D39/><U64/><E64/><V77/><F37/><W134/><G134/><T110/><D13/><U92/><E6/><V80/><F4/><W28/><G28/><T69/><D14/><U17/><E27/><V90/><F12/><W72/><G72/><T30/><D30/><U10/><E10/><N who="2" m="2423" /><F105/><W82/><G82/><T54/><D83/><U50/><E50/><V131/><F131/><W108/><G108/><T31/><D110/><U85/><E85/><N who="2" m="48271" /><F109/><W111/><G111/><T24/><D31/><U65/><E65/><V114/><F114/><W125/><G125/><T40/><N who="0" m="5120" /><DORA hai="58" /><T26/><D19/><N who="1" m="7179" /><E94/><V9/><F9/><RYUUKYOKU ba="0,1" sc="223,-15,450,15,230,-15,87,15" hai1="86,87,88,91,92,95,97" hai3="33,35,47,48,55,76,81,84,96,103,104,120,123" /><INIT seed="3,1,1,2,3,45" ten="208,465,215,102" oya="3" hai0="32,92,105,40,9,52,65,110,85,80,62,31,57" hai1="115,16,133,69,104,51,3,26,114,23,47,91,72" hai2="106,60,96,68,126,11,29,21,66,122,79,125,135" hai3="134,15,53,131,17,95,119,14,130,120,101,42,102"/><W2/><G119/><T61/><D105/><U41/><E69/><V49/><F122/><W36/><G120/><T78/><D110/><U74/><E133/><V97/><F135/><W67/><G134/><T113/><D113/><U19/><E104/><V55/><F79/><W81/><G2/><T48/><D40/><U30/><E3/><V84/><F84/><W127/><G67/><T63/><D32/><U10/><E91/><V128/><F11/><W70/><G70/><T132/><D132/><U18/><REACH who="1" step="1"/><E10/><REACH who="1" ten="208,455,215,102" step="2"/><V24/><F106/><W6/><G127/><T28/><D9/><U94/><E94/><V108/><F126/><W46/><G81/><T44/><D92/><U116/><E116/><V64/><F125/><W86/><G6/><T77/><D77/><U90/><E90/><V35/><F68/><W43/><G43/><T117/><D117/><U13/><E13/><N who="3" m="4618" /><G17/><T107/><D107/><U93/><E93/><V12/><F12/><W111/><G111/><T59/><D65/><U50/><E50/><V100/><F108/><W71/><G71/><T76/><D76/><U1/><E1/><V54/><F66/><W87/><G53/><T89/><D78/><U34/><E34/><V8/><F64/><W4/><G4/><T27/><D27/><U56/><E56/><AGARI ba="1,2" hai="28,31,44,48,52,56,57,59,61,62,63,80,85,89" machi="56" ten="40,5200,0" yaku="8,1,52,1,54,1" doraHai="45" who="0" fromWho="1" sc="208,75,455,-55,215,0,102,0" owari="283,8.0,400,50.0,215,-18.0,102,-40.0" /></mjloggm>