<mjloggm ver="2.3"><GO type="185" lobby="0"/><UN n0="%E3%81%B6%E3%82%8B%E3%81%AF%E3%81%A4" n1="%41%74%72%69%61" n2="%E3%81%99%E3%81%8D%E3%81%BE%E5%A6%96%E6%80%AA" n3="" dan="16,17,16,0" rate="2145.45,2272.47,2104.17,1500.00" sx="M,F,M,C"/><TAIKYOKU oya="0"/><INIT seed="0,0,0,3,3,104" ten="350,350,350,0" oya="0" hai0="108,37,72,41,79,42,59,129,40,98,81,83,130" hai1="126,82,88,97,53,36,63,32,84,76,51,105,111" hai2="112,70,38,134,102,60,1,43,114,90,86,75,45" hai3=""/><T120/><N who="0" m="30752" /><T52/><D37/><U121/><N who="1" m="31008" /><U123/><N who="1" m="31520" /><U100/><E32/><V74/><F1/><T49/><D108/><U125/><E36/><V135/><F102/><T78/><REACH who="0" step="1"/><D98/><REACH who="0" ten="340,350,350,0" step="2"/><U35/><E111/><V64/><F114/><T107/><D107/><U132/><E35/><V85/><F112/><T0/><D0/><U68/><E132/><N who="2" m="50731" /><F86/><AGARI ba="0,1" hai="40,41,42,49,52,59,72,78,79,81,83,86,129,130" m="30752" machi="86" ten="40,12000,1" yaku="1,1,52,2,54,1,53,0" doraHai="104" doraHaiUra="2" who="0" fromWho="2" sc="340,130,350,0,350,-120,0,0" /><INIT seed="0,1,0,4,4,3" ten="470,350,230,0" oya="0" hai0="118,127,92,130,89,91,106,82,81,135,67,78,39" hai1="90,114,41,97,83,73,71,103,113,59,44,123,48" hai2="2,72,116,0,133,56,80,35,101,120,129,96,49" hai3=""/><T79/><D39/><U40/><N who="1" m="31520" /><U75/><E71/><V61/><N who="2" m="30752" /><V43/><F129/><T38/><D38/><U99/><E40/><V62/><F133/><T125/><D118/><U32/><E59/><V122/><N who="2" m="31264" /><V94/><F116/><T74/><D67/><U70/><E70/><V36/><F36/><T108/><D130/><U126/><E126/><N who="0" m="48137" /><D135/><U110/><E110/><V124/><F124/><T119/><D119/><U50/><E50/><V107/><F107/><T104/><D108/><U65/><E65/><V34/><F2/><T93/><D104/><U98/><E103/><V52/><F0/><T46/><D106/><U69/><E69/><V85/><F72/><T64/><D64/><U66/><E66/><V54/><F43/><T60/><D60/><U128/><E128/><V53/><F62/><T117/><D46/><U42/><E44/><V76/><REACH who="2" step="1"/><F54/><REACH who="2" ten="470,350,220,0" step="2"/><T1/><D1/><U33/><E41/><V121/><N who="2" m="31008" /><V47/><AGARI ba="1,1" hai="34,35,47,49,52,53,56,61,76,80,85,94,96,101" m="31008,31264,30752" machi="47" ten="20,18000,4" yaku="1,1,4,1,0,1,7,1,52,5,54,1,53,1" doraHai="3" doraHaiUra="55" who="2" fromWho="2" sc="470,-121,350,-61,220,192,0,0" /><INIT seed="1,0,0,3,5,107" ten="349,289,412,0" oya="1" hai0="40,78,41,91,129,37,59,113,42,80,108,38,67" hai1="130,0,74,104,93,71,97,60,100,72,124,122,131" hai2="94,109,112,43,57,63,44,83,95,45,1,98,3" hai3=""/><U33/><N who="1" m="31264" /><U116/><E33/><V99/><F109/><T105/><D108/><U125/><E0/><V82/><F112/><T32/><D113/><U69/><E116/><V120/><N who="2" m="30752" /><V36/><F44/><T89/><D32/><U39/><E39/><V56/><F56/><T55/><D105/><U54/><E54/><V2/><F94/><T115/><D115/><U48/><E48/><V114/><F99/><T106/><D106/><U52/><E52/><V62/><F114/><T50/><D129/><N who="1" m="49163" /><E93/><V77/><F57/><T84/><REACH who="0" step="1"/><D67/><REACH who="0" ten="339,289,412,0" step="2"/><U103/><E103/><V65/><F65/><T126/><D126/><N who="1" m="48747" /><E60/><V101/><F62/><T127/><D127/><U51/><E51/><V53/><F63/><T118/><D118/><U88/><E88/><AGARI ba="0,1" hai="37,38,40,41,42,50,55,59,78,80,84,88,89,91" machi="88" ten="40,2600,0" yaku="1,1,54,1,53,0" doraHai="107" doraHaiUra="111" who="0" fromWho="1" sc="339,36,289,-26,412,0,0,0" /><INIT seed="2,0,0,1,5,126" ten="375,263,412,0" oya="2" hai0="70,111,40,106,127,67,107,33,87,89,125,121,47" hai1="49,48,84,98,85,63,73,119,104,93,62,57,58" hai2="123,96,99,65,45,100,44,122,81,74,120,32,39" hai3=""/><V101/><N who="2" m="30752" /><V64/><N who="2" m="31264" /><V37/><N who="2" m="31520" /><V51/><F74/><T118/><N who="0" m="31008" /><T66/><D118/><U110/><E73/><V82/><REACH who="2" step="1"/><F51/><REACH who="2" ten="375,263,402,0" step="2"/><T52/><D125/><U92/><E119/><V130/><F130/><T36/><D127/><U109/><E48/><V112/><F112/><T56/><D33/><AGARI ba="0,1" hai="32,33,37,39,44,45,64,65,81,82,96,99,100,101" m="31520,31264,30752" machi="33" ten="25,24000,3" yaku="1,1,22,2,52,3,53,2" doraHai="126" doraHaiUra="43" who="2" fromWho="0" sc="375,-240,263,0,402,250,0,0" /><INIT seed="2,1,0,0,1,43" ten="135,263,652,0" oya="2" hai0="103,81,104,46,127,66,110,85,83,95,90,97,80" hai1="39,87,35,120,93,52,34,77,131,37,49,99,102" hai2="89,113,2,3,59,100,101,64,42,106,41,57,88" hai3=""/><V115/><REACH who="2" step="1"/><F64/><REACH who="2" ten="135,263,642,0" step="2"/><T61/><D110/><U128/><N who="1" m="30752" /><U32/><E131/><V79/><F79/><T50/><D127/><U122/><N who="1" m="31264" /><U114/><E128/><V94/><F94/><T116/><D116/><U98/><E114/><V121/><N who="2" m="31008" /><V86/><F86/><T51/><REACH who="0" step="1"/><D46/><REACH who="0" ten="125,263,642,0" step="2"/><U70/><E32/><V111/><F111/><T45/><D45/><U62/><E34/><V68/><F68/><AGARI ba="1,2" hai="50,51,61,66,68,80,81,83,85,90,95,97,103,104" machi="68" ten="40,1300,0" yaku="1,1,53,0" doraHai="43" doraHaiUra="40" who="0" fromWho="2" sc="125,35,263,0,642,-15,0,0" /><INIT seed="4,0,0,4,1,39" ten="160,263,627,0" oya="0" hai0="121,106,36,62,99,2,105,85,81,87,91,70,61" hai1="55,34,100,107,109,89,76,114,32,116,63,78,96" hai2="133,37,118,103,1,104,58,60,42,72,79,119,122" hai3=""/><T98/><N who="0" m="31008" /><T45/><D2/><U65/><E109/><V77/><N who="2" m="31264" /><V93/><F1/><T131/><D131/><U67/><E116/><N who="2" m="44587" /><F104/><T69/><D45/><U95/><E114/><V135/><F72/><T112/><D36/><U51/><E34/><V132/><F93/><T82/><REACH who="0" step="1"/><D91/><REACH who="0" ten="150,263,627,0" step="2"/><U101/><E32/><V128/><F128/><T90/><D90/><U108/><E108/><V33/><F33/><T59/><D59/><U47/><E100/><V57/><F103/><T111/><D111/><U50/><E101/><V3/><F3/><T49/><D49/><U125/><E51/><V115/><F115/><AGARI ba="0,1" hai="61,62,69,70,81,82,85,87,98,99,105,106,112,115" m="31008" machi="115" ten="25,9600,0" yaku="1,1,22,2,52,1,53,0" doraHai="39" doraHaiUra="86" who="0" fromWho="2" sc="150,106,263,0,627,-96,0,0" /><INIT seed="4,1,0,3,5,46" ten="256,263,531,0" oya="0" hai0="111,118,1,79,59,113,126,91,116,85,90,129,106" hai1="36,54,127,62,122,49,69,58,98,112,114,81,104" hai2="89,34,125,82,128,72,100,120,97,47,88,86,55" hai3=""/><T103/><D1/><U76/><N who="1" m="31264" /><U51/><E36/><V41/><N who="2" m="30752" /><V130/><F72/><T119/><D113/><N who="1" m="43627" /><E127/><V70/><F34/><T38/><D38/><U67/><E98/><V110/><F110/><T124/><D111/><U107/><E51/><V75/><F75/><AGARI ba="1,0" hai="49,54,58,62,67,69,75,76,81,104,107" m="43627,31264" machi="75" ten="30,7700,0" yaku="15,1,11,1,52,2" doraHai="46" who="1" fromWho="2" sc="256,0,263,79,531,-79,0,0" /><INIT seed="5,0,0,5,1,111" ten="256,342,452,0" oya="1" hai0="124,47,77,100,44,32,114,93,2,126,46,80,132" hai1="123,49,45,41,73,108,53,55,120,79,90,65,43" hai2="105,91,131,78,58,116,0,127,133,122,70,56,135" hai3=""/><U103/><N who="1" m="30752" /><U68/><N who="1" m="31520" /><U35/><E35/><V69/><N who="2" m="31264" /><V110/><F110/><T52/><D32/><U88/><E108/><V129/><F105/><T128/><D2/><U134/><E103/><V60/><F0/><T76/><D128/><N who="2" m="49226" /><F116/><T40/><D132/><N who="2" m="50762" /><F78/><T33/><D33/><U39/><E134/><V94/><F127/><N who="0" m="48682" /><D40/><U102/><E102/><V119/><F119/><T74/><D77/><U48/><E73/><V125/><F125/><T42/><D42/><U54/><E79/><V82/><F82/><T62/><D100/><U92/><E41/><V118/><F118/><T50/><D93/><U96/><REACH who="1" step="1"/><E90/><REACH who="1" ten="256,332,452,0" step="2"/><V83/><F91/><T95/><D95/><U106/><E106/><V36/><F94/><T67/><D74/><U121/><N who="1" m="31008" /><U72/><E72/><V81/><F81/><T86/><D76/><U1/><E1/><V37/><F83/><T51/><D80/><U87/><E87/><V109/><F109/><T64/><D86/><U113/><E113/><V66/><F70/><T112/><D112/><U89/><E89/><V71/><F69/><T59/><D114/><U75/><E75/><V63/><F71/><T117/><D117/><U98/><E98/><V104/><F104/><RYUUKYOKU ba="0,1" sc="256,0,332,0,452,0,0,0" hai0="44,46,47,50,51,52,59,62,64,67" hai1="39,43,45,48,49,53,54,55,65,68,88,92,96" hai2="36,37,56,58,60,63,66" /><INIT seed="5,1,1,4,4,109" ten="256,332,452,0" oya="1" hai0="2,89,102,70,58,41,90,65,96,33,77,74,101" hai1="128,36,57,32,56,1,126,129,60,94,124,3,47" hai2="111,51,62,99,64,72,95,112,42,80,119,127,67" hai3=""/><U45/><E94/><V81/><F119/><T37/><D2/><N who="1" m="523" /><E32/><V54/><F111/><T49/><D33/><U122/><N who="1" m="31264" /><U125/><E36/><V133/><F42/><T106/><D37/><U134/><E134/><V84/><F72/><T0/><D0/><U113/><E113/><V66/><F112/><T98/><D70/><U50/><E57/><V52/><F133/><T40/><D74/><U108/><E108/><V69/><F51/><T85/><D77/><U115/><E115/><V82/><F84/><T117/><D117/><U92/><E92/><V104/><F95/><T71/><D71/><U61/><E60/><V55/><F62/><T39/><D39/><U132/><E132/><V93/><F93/><T63/><D49/><U76/><E76/><V35/><F35/><T131/><D63/><U44/><E50/><V118/><F118/><T97/><D98/><U123/><N who="1" m="31520" /><U88/><E88/><V107/><F99/><T103/><D97/><U79/><E79/><V105/><F69/><T116/><D96/><U68/><E68/><V114/><F114/><T78/><D116/><U120/><N who="1" m="30752" /><U110/><E110/><V83/><N who="2" m="20992" /><DORA hai="135" /><V75/><F75/><T121/><N who="0" m="31008" /><T91/><D78/><RYUUKYOKU ba="1,1" sc="256,-20,332,10,452,10,0,0" hai1="44,45,47,56,61,124,125,126,128,129" hai2="52,54,55,64,66,67,104,105,107,127" /><INIT seed="5,2,1,5,3,87" ten="236,342,462,0" oya="1" hai0="81,112,118,129,80,86,73,100,120,72,71,32,135" hai1="46,126,33,130,99,61,37,97,115,47,107,96,84" hai2="74,51,3,117,42,119,52,122,104,95,88,132,34" hai3=""/><U114/><E33/><V67/><N who="2" m="31264" /><V124/><F3/><T108/><N who="0" m="30752" /><T116/><D32/><U113/><E107/><V69/><F104/><T70/><D108/><U58/><E126/><V127/><F74/><N who="0" m="28778" /><D129/><U89/><E130/><V90/><F42/><T131/><D131/><U110/><E37/><V98/><F132/><T36/><D36/><U57/><E110/><V55/><F34/><T0/><D0/><U66/><REACH who="1" step="1"/><E58/><REACH who="1" ten="236,332,462,0" step="2"/><V121/><N who="2" m="31008" /><V2/><F2/><T75/><D135/><U45/><E45/><V35/><F35/><T49/><D70/><U92/><AGARI ba="2,2" hai="46,47,57,61,66,84,89,92,96,97,99,113,114,115" machi="92" ten="40,12000,2" yaku="1,1,0,1,15,1,52,1,53,3" doraHai="87" doraHaiUra="93" who="1" fromWho="1" sc="236,-62,332,144,462,-62,0,0" /><INIT seed="5,3,0,3,1,103" ten="174,476,400,0" oya="1" hai0="34,106,116,36,38,111,62,65,82,77,121,124,126" hai1="79,61,51,45,125,0,73,48,122,91,92,37,110" hai2="93,60,41,113,70,128,3,42,83,57,81,129,123" hai3=""/><U94/><N who="1" m="31264" /><U2/><E37/><V53/><N who="2" m="31520" /><V120/><N who="2" m="30752" /><V35/><F35/><T109/><N who="0" m="31008" /><T118/><D34/><U85/><E125/><N who="0" m="48233" /><D82/><N who="2" m="31242" /><F3/><T52/><D77/><U132/><E79/><V104/><F70/><T86/><D86/><U108/><E73/><V95/><F104/><T87/><D87/><U101/><E61/><V105/><F105/><T88/><D88/><U134/><E85/><V74/><F74/><T40/><D106/><U100/><E45/><V58/><F113/><T69/><D40/><N who="2" m="15466" /><F58/><T97/><D97/><U49/><E0/><V127/><F127/><T39/><D52/><U112/><E2/><V107/><F107/><T47/><D47/><U43/><E43/><V56/><F60/><T98/><D98/><U54/><E48/><V99/><F99/><T63/><D63/><U114/><E49/><V66/><F53/><T68/><D68/><U131/><E54/><V71/><F71/><T90/><D90/><U89/><E51/><V50/><F50/><T115/><D115/><U55/><E55/><V75/><F75/><T33/><D33/><U102/><E102/><V80/><F56/><T133/><D133/><U84/><E84/><V78/><F57/><T44/><D44/><RYUUKYOKU ba="3,0" sc="174,10,476,10,400,-20,0,0" hai0="36,38,39,62,65,69,109,111,116,118" hai1="89,91,92,94,100,101,108,110,112,114,131,132,134" /><INIT seed="5,4,0,1,3,71" ten="184,486,380,0" oya="1" hai0="52,118,103,117,62,35,68,124,134,64,47,2,74" hai1="56,112,85,120,42,49,92,40,102,45,46,110,48" hai2="122,43,101,70,84,94,69,108,76,3,135,83,38" hai3=""/><U65/><N who="1" m="30752" /><U104/><E112/><V125/><N who="2" m="31264" /><V54/><F108/><T37/><D2/><U63/><E110/><V128/><F3/><T87/><D35/><U39/><E104/><V100/><F125/><T36/><D74/><U44/><E102/><V98/><F135/><T90/><D124/><U66/><E85/><V53/><F101/><T58/><D103/><U111/><E92/><V93/><F128/><T0/><D0/><U51/><E111/><V80/><F70/><T129/><D129/><U123/><N who="1" m="31520" /><U60/><E42/><V88/><F69/><AGARI ba="4,0" hai="39,40,44,45,46,48,49,51,56,60,63,65,66,69" m="31520,30752" machi="69" ten="40,24000,3" yaku="35,6,52,3" doraHai="71" who="1" fromWho="2" sc="184,0,486,248,380,-248,0,0" /><INIT seed="5,5,0,5,5,79" ten="184,734,132,0" oya="1" hai0="85,112,110,116,50,73,86,47,54,94,43,78,107" hai1="121,63,68,72,120,108,42,119,70,96,101,131,77" hai2="41,103,123,99,65,0,71,92,80,34,118,46,97" hai3=""/><U53/><N who="1" m="30752" /><U105/><N who="1" m="31008" /><U35/><E119/><V126/><N who="2" m="31520" /><V102/><F0/><T127/><D110/><U106/><E35/><V1/><F1/><T91/><D107/><U129/><E108/><V98/><F34/><T45/><D116/><U133/><E105/><V44/><F118/><T114/><D127/><U51/><E133/><V90/><F126/><T82/><REACH who="0" step="1"/><D73/><REACH who="0" ten="174,734,132,0" step="2"/><U88/><E72/><V64/><F103/><T67/><D67/><U59/><E106/><V3/><F3/><T128/><D128/><U52/><E101/><V95/><F71/><T104/><D104/><U81/><E70/><V124/><F124/><T113/><D113/><U117/><E68/><V125/><F125/><T89/><D89/><U2/><E88/><V93/><F102/><T100/><D100/><U109/><E2/><V39/><REACH who="2" step="1"/><F46/><REACH who="2" ten="174,734,122,0" step="2"/><T84/><D84/><AGARI ba="5,2" hai="39,41,44,64,65,80,84,90,92,93,95,97,98,99" m="31520" machi="84" ten="40,8000,1" yaku="1,1,2,1,52,2,53,1" doraHai="79" doraHaiUra="76" who="2" fromWho="0" sc="174,-90,734,0,122,110,0,0" /><INIT seed="6,0,0,1,0,51" ten="84,734,232,0" oya="2" hai0="111,121,86,68,109,41,73,57,77,1,114,40,48" hai1="43,58,0,115,97,38,53,107,135,33,108,118,112" hai2="104,88,134,98,119,70,128,102,105,80,123,45,34" hai3=""/><V64/><N who="2" m="31520" /><V85/><F34/><T78/><N who="0" m="31008" /><T71/><D1/><U92/><E43/><V81/><F119/><T126/><D48/><U90/><E38/><V65/><F128/><T37/><D86/><U100/><E108/><V87/><F134/><T2/><D2/><U60/><E0/><V89/><F70/><T46/><D126/><U39/><E39/><V61/><F61/><T131/><D37/><U56/><E33/><V44/><F98/><T99/><D99/><U132/><E118/><V101/><AGARI ba="0,0" hai="44,45,64,65,80,81,85,87,88,89,101,102,104,105" m="31520" machi="101" ten="25,8000,1" yaku="0,1,22,2,52,1,54,1" doraHai="51" who="2" fromWho="2" sc="84,-40,734,-40,232,80,0,0" /><INIT seed="6,1,0,3,4,96" ten="44,694,312,0" oya="2" hai0="84,90,73,48,50,115,88,43,91,105,47,74,98" hai1="35,134,110,109,101,64,116,60,34,77,41,130,111" hai2="67,94,39,53,45,97,0,133,104,127,38,61,78" hai3=""/><V120/><N who="2" m="30752" /><V100/><F0/><T59/><D115/><U99/><E134/><V112/><F112/><T131/><D131/><U62/><E130/><V65/><F127/><T72/><D84/><U124/><E124/><V83/><F133/><T44/><D59/><U55/><E41/><V75/><F94/><T119/><D119/><U52/><E77/><V126/><F126/><T54/><D98/><U32/><E116/><V3/><F3/><T102/><D105/><U76/><E76/><V63/><F53/><T79/><D79/><U122/><N who="1" m="31264" /><U81/><E81/><V82/><F82/><T2/><D2/><U1/><E1/><V49/><F49/><T123/><N who="0" m="31520" /><T92/><D92/><U95/><E60/><V85/><F85/><T36/><D36/><U69/><AGARI ba="1,0" hai="32,34,35,52,55,62,64,69,95,99,101,109,110,111" m="31264" machi="69" ten="40,6000,1" yaku="0,1,52,2,54,1" doraHai="96" who="1" fromWho="1" sc="44,-21,694,62,312,-41,0,0" owari="23,-58.0,756,71.0,271,-13.0,0,0.0" /></mjloggm>