<mjloggm ver="2.3"><GO type="169" lobby="0"/><UN n0="%73%68%6F%35%35%35%35%35" n1="%43%72%65%2E%43" n2="%59%61%6E%67%6E%75%6D" n3="%E4%B9%BE%E5%9D%A4%E5%8D%81%E4%BA%94%E6%93%B2" dan="16,16,16,16" rate="2117.10,2141.05,2189.26,2103.01" sx="M,F,M,M"/><TAIKYOKU oya="0"/><INIT seed="0,0,0,5,2,93" ten="250,250,250,250" oya="0" hai0="89,112,102,58,75,6,53,126,134,46,45,64,33" hai1="107,132,50,67,90,108,63,10,56,70,74,127,81" hai2="85,110,69,129,22,98,52,15,23,18,95,111,8" hai3="92,43,25,17,80,123,39,113,24,16,1,62,51"/><T105/><D112/><U37/><E108/><N who="2" m="41515" /><F69/><W130/><G39/><T66/><D33/><U117/><E117/><V59/><F85/><W72/><G1/><T61/><D75/><U32/><E32/><V109/><F129/><W54/><G130/><T47/><D6/><U49/><E37/><V65/><F65/><W83/><G123/><T120/><D120/><U28/><E28/><V99/><N who="2" m="41523" /><V104/><DORA hai="60" /><F104/><W11/><G113/><T73/><D73/><U57/><E107/><V91/><F99/><W86/><G72/><T97/><D126/><U9/><E70/><V116/><F116/><W100/><G43/><T135/><REACH who="0" step="1"/><D89/><REACH who="0" ten="240,250,250,250" step="2"/><U26/><E90/><V42/><F42/><W34/><G34/><T119/><D119/><U12/><E127/><V44/><F44/><W68/><G100/><T5/><D5/><U36/><E74/><V30/><F30/><W133/><G17/><T88/><D88/><U3/><E3/><V76/><F76/><W122/><G122/><T118/><D118/><U84/><E132/><AGARI ba="0,1" hai="45,46,47,53,58,61,64,66,97,102,105,132,134,135" machi="132" ten="40,12000,1" yaku="1,1,20,1,52,3,53,0" doraHai="93,60" doraHaiUra="115,7" who="0" fromWho="1" sc="240,130,250,-120,250,0,250,0" /><INIT seed="0,1,0,0,5,129" ten="370,130,250,250" oya="0" hai0="25,92,132,33,116,9,108,79,83,126,11,73,106" hai1="95,61,91,97,130,32,50,134,59,78,88,42,68" hai2="133,0,69,85,37,89,49,40,98,117,131,71,29" hai3="76,80,77,63,67,121,109,87,55,74,41,120,93"/><T10/><D116/><U75/><E130/><V100/><F117/><W65/><G41/><T114/><D114/><U110/><E32/><V53/><F0/><W39/><G39/><T124/><D106/><U47/><E110/><V26/><F40/><W123/><G109/><T12/><D108/><U38/><E134/><V16/><F37/><W48/><G63/><T115/><D115/><U86/><E68/><V56/><F133/><W119/><G119/><T127/><D92/><U111/><E111/><V94/><F131/><W70/><G70/><T4/><D132/><U17/><E75/><V66/><F66/><W118/><G118/><T21/><REACH who="0" step="1"/><D33/><REACH who="0" ten="360,130,250,250" step="2"/><U7/><E38/><V28/><F71/><W34/><G34/><T125/><N who="0" m="31744" /><DORA hai="99" /><T35/><D35/><U103/><E7/><V84/><F69/><W107/><G107/><T2/><D2/><U96/><E96/><V27/><F94/><W14/><G93/><T15/><D15/><U51/><E95/><V20/><F98/><W45/><G14/><T24/><D24/><U101/><E97/><V18/><F100/><W19/><G123/><T13/><D13/><U128/><E128/><V23/><F89/><W5/><G121/><T112/><D112/><U31/><E103/><V46/><F46/><W52/><G120/><T81/><D81/><N who="1" m="47415" /><E101/><V102/><F102/><W104/><G104/><T8/><D8/><U82/><E82/><V113/><F113/><W58/><G80/><T62/><D62/><U54/><E61/><V135/><F135/><W64/><G77/><T57/><D57/><N who="1" m="32991" /><E91/><V36/><F36/><RYUUKYOKU ba="1,1" sc="360,15,130,-15,250,15,250,-15" hai0="4,9,10,11,12,21,25,73,79,83" hai2="16,18,20,23,26,27,28,29,49,53,56,84,85" /><INIT seed="0,2,1,4,3,41" ten="375,115,265,235" oya="0" hai0="76,119,89,103,117,5,99,54,118,27,2,61,84" hai1="134,70,38,80,22,51,91,3,9,58,8,105,34" hai2="28,113,12,109,39,125,14,112,73,62,69,46,66" hai3="37,24,20,92,44,17,82,100,7,124,78,87,43"/><T26/><D76/><U101/><E34/><V10/><F73/><W90/><G124/><T31/><D2/><U42/><E70/><V116/><F125/><W29/><G7/><T50/><D5/><U65/><E134/><V88/><F109/><W19/><REACH who="3" step="1"/><G100/><REACH who="3" ten="375,115,265,225" step="2"/><T106/><D118/><U132/><E101/><V13/><F116/><W104/><G104/><T131/><D131/><U4/><E105/><V93/><F113/><W32/><G32/><T130/><D130/><U64/><E4/><V63/><F112/><W128/><G128/><T133/><D133/><U71/><E132/><V47/><F10/><W127/><G127/><T123/><D123/><U35/><E35/><V48/><F28/><W40/><G40/><T72/><D31/><U67/><E8/><V11/><F11/><W53/><G53/><T52/><D119/><U77/><E9/><V102/><F102/><W6/><G6/><T18/><D117/><U94/><E3/><V129/><F129/><W96/><AGARI ba="2,2" hai="17,19,20,24,29,37,43,44,78,82,87,90,92,96" machi="96" ten="20,5200,0" yaku="1,1,0,1,7,1,52,1,53,0" doraHai="41" doraHaiUra="33" who="3" fromWho="3" sc="375,-28,115,-15,265,-15,225,78" /><INIT seed="1,0,0,3,4,119" ten="347,100,250,303" oya="1" hai0="26,114,6,53,92,38,83,76,125,72,84,100,21" hai1="110,103,39,123,111,4,24,118,57,10,66,86,12" hai2="129,58,0,102,31,134,14,106,46,1,124,27,30" hai3="17,52,34,85,11,93,65,91,98,79,131,28,108"/><U70/><E118/><V87/><F129/><W54/><G131/><T16/><D114/><U59/><E39/><V29/><F134/><W71/><G108/><N who="1" m="41514" /><E103/><V8/><F124/><W25/><G71/><T3/><D38/><U113/><E113/><V122/><F106/><W80/><G65/><T49/><D125/><U60/><E86/><V50/><F102/><W61/><REACH who="3" step="1"/><G61/><REACH who="3" ten="347,100,250,293" step="2"/><T9/><D100/><U36/><E36/><V56/><F0/><W82/><G82/><T96/><D92/><U48/><E123/><V75/><F1/><W5/><G5/><T126/><D126/><U22/><E48/><V135/><F122/><W35/><G35/><T51/><D51/><U2/><E2/><V45/><F50/><W18/><G18/><AGARI ba="0,1" hai="4,10,12,18,22,24,57,59,60,66,70" m="41514" machi="18" ten="30,2900,0" yaku="14,1,10,1" doraHai="119" who="1" fromWho="3" sc="347,0,100,39,250,0,293,-29" /><INIT seed="1,1,0,0,4,122" ten="347,139,250,264" oya="1" hai0="123,30,78,130,126,58,19,3,77,102,128,100,45" hai1="11,5,103,60,55,86,48,33,72,51,54,93,14" hai2="135,65,121,87,112,40,28,62,108,34,114,109,68" hai3="104,8,7,20,129,88,53,97,80,32,57,49,9"/><U4/><E72/><V69/><F121/><W125/><G32/><T89/><D123/><U43/><E33/><V16/><F68/><W27/><G125/><T41/><D126/><U127/><E127/><V99/><F135/><W134/><G134/><T18/><D3/><U85/><E43/><V24/><F40/><W120/><G129/><T116/><D30/><U66/><E4/><V36/><F36/><W113/><G113/><N who="2" m="43625" /><F87/><W118/><G118/><T47/><D58/><N who="1" m="37143" /><E103/><V71/><F71/><W22/><G120/><T29/><D29/><U94/><E86/><V15/><F99/><W67/><G67/><T81/><D41/><U95/><E85/><V84/><F84/><N who="3" m="50183" /><G97/><T21/><D81/><U1/><E1/><V107/><F107/><W44/><G104/><T35/><D116/><U31/><E31/><V133/><F133/><W46/><G22/><AGARI ba="1,0" hai="15,16,22,24,28,34,62,65,69,108,109" m="43625" machi="22" ten="30,7700,0" yaku="11,1,52,2,54,1" doraHai="122" who="2" fromWho="3" sc="347,0,139,0,250,80,264,-80" /><INIT seed="2,0,0,0,5,5" ten="347,139,330,184" oya="2" hai0="131,85,32,118,62,134,1,18,132,123,116,0,55" hai1="107,24,91,80,84,28,54,11,124,48,129,128,14" hai2="52,90,36,93,113,95,72,133,61,86,3,64,8" hai3="53,76,79,50,17,78,19,77,29,22,105,33,67"/><V130/><F113/><W102/><G67/><T127/><D32/><U57/><E107/><V37/><F72/><W42/><G33/><T46/><D123/><U81/><E124/><V13/><F3/><W94/><G105/><T117/><D127/><U43/><E43/><V103/><F130/><W63/><G63/><T21/><D131/><U12/><E12/><V104/><F104/><W73/><G42/><T23/><D85/><U125/><E125/><V89/><F103/><W119/><G119/><T101/><D101/><U25/><E25/><V71/><F133/><N who="0" m="51306" /><D23/><U30/><E28/><V120/><F120/><W96/><N who="3" m="19456" /><DORA hai="40" /><W35/><G35/><T114/><D114/><U4/><REACH who="1" step="1"/><E81/><REACH who="1" ten="347,129,330,184" step="2"/><V88/><F37/><W87/><G73/><T66/><D0/><U26/><E26/><V47/><F36/><W2/><G2/><T115/><D1/><U44/><E44/><V135/><F135/><W75/><G75/><T108/><D115/><U20/><AGARI ba="0,1" hai="4,11,14,20,24,30,48,54,57,80,84,91,128,129" machi="20" ten="30,4000,0" yaku="1,1,0,1,52,1,53,0" doraHai="5,40" doraHaiUra="106,74" who="1" fromWho="1" sc="347,-10,129,50,330,-20,184,-10" /><INIT seed="3,0,0,5,5,92" ten="337,179,310,174" oya="3" hai0="10,135,129,37,77,100,93,3,21,98,55,18,113" hai1="91,49,26,90,1,46,104,51,102,33,52,131,50" hai2="60,57,71,75,106,78,79,124,88,125,67,76,12" hai3="89,17,81,5,68,127,44,9,2,59,72,61,39"/><W19/><G127/><N who="2" m="48713" /><F106/><W23/><G68/><T116/><D116/><U117/><E1/><V27/><F27/><W45/><G45/><T128/><D37/><U94/><E131/><V86/><F12/><W30/><G30/><T105/><D113/><U31/><E117/><V15/><F15/><W87/><G23/><T8/><D77/><U118/><E118/><V35/><F35/><W112/><G112/><T121/><D121/><U32/><E32/><V103/><F103/><W85/><G85/><T120/><D120/><U95/><E102/><V14/><F14/><W48/><G39/><T6/><D10/><U24/><E104/><V101/><F101/><W36/><G36/><T63/><D105/><U56/><E24/><V65/><F75/><W115/><G72/><T123/><D123/><U13/><E13/><V53/><F71/><W108/><G115/><T40/><D21/><U7/><E7/><V66/><F67/><W133/><G133/><T54/><D18/><U84/><REACH who="1" step="1"/><E46/><REACH who="1" ten="337,169,310,174" step="2"/><V109/><F109/><W20/><G108/><T34/><D34/><U64/><E64/><V62/><F66/><W11/><G20/><T132/><D129/><U70/><E70/><V107/><F107/><W29/><G11/><T83/><D128/><U96/><AGARI ba="0,1" hai="26,31,33,49,50,51,52,56,84,90,91,94,95,96" machi="96" ten="20,8000,1" yaku="1,1,0,1,7,1,52,1,54,1,53,0" doraHai="92" doraHaiUra="122" who="1" fromWho="1" sc="337,-20,169,90,310,-20,174,-40" /><INIT seed="4,0,0,1,5,104" ten="317,259,290,134" oya="0" hai0="129,118,119,120,128,87,99,130,29,115,47,106,54" hai1="134,13,85,111,64,32,50,3,105,71,90,58,12" hai2="67,117,68,66,37,60,81,96,131,1,39,76,19" hai3="133,78,53,52,126,122,61,56,24,57,36,109,48"/><T98/><D29/><U27/><E111/><V18/><F1/><W125/><G109/><T41/><D120/><U25/><E3/><V110/><F110/><W2/><G2/><T28/><D115/><U135/><E105/><V100/><F131/><W88/><G78/><T80/><D28/><U55/><E71/><V92/><F117/><W45/><G24/><T123/><D54/><U101/><E101/><V113/><F113/><W108/><G108/><T86/><D123/><U84/><E64/><V97/><F66/><W22/><G22/><T46/><D106/><U35/><E55/><V93/><F39/><W72/><G72/><T69/><D69/><U51/><E90/><V21/><F37/><W5/><G5/><T83/><REACH who="0" step="1"/><D130/><REACH who="0" ten="307,259,290,134" step="2"/><U77/><E58/><V114/><F114/><W63/><G122/><T44/><D44/><U121/><E121/><V6/><F68/><W26/><G126/><T74/><D74/><U82/><E35/><V116/><F116/><W103/><G125/><T15/><D15/><U75/><E32/><V20/><F67/><W17/><G45/><T91/><D91/><U7/><E75/><V30/><F30/><W43/><G88/><T34/><D34/><U62/><E13/><V31/><F31/><W40/><G53/><T95/><D95/><U23/><E27/><V112/><F93/><W65/><G26/><T9/><D9/><U70/><E25/><V0/><F92/><W4/><G52/><T132/><D132/><U124/><E124/><V59/><F112/><W73/><G133/><N who="1" m="50698" /><E70/><V89/><F0/><W16/><G73/><RYUUKYOKU ba="0,1" sc="307,30,259,-10,290,-10,134,-10" hai0="41,46,47,80,83,86,87,98,99,118,119,128,129" /><INIT seed="4,1,1,1,3,73" ten="337,249,280,124" oya="0" hai0="82,40,89,43,72,94,108,2,4,116,0,71,118" hai1="126,25,60,54,45,106,97,8,105,86,129,101,29" hai2="99,67,95,62,18,22,38,90,49,93,46,81,115" hai3="113,51,33,74,41,56,19,31,107,15,102,104,111"/><T85/><D71/><U39/><E129/><V28/><F115/><W47/><G113/><T42/><D108/><U21/><E126/><V127/><F127/><W92/><G111/><T110/><D110/><U17/><E39/><V10/><F38/><W20/><G74/><T96/><D72/><U11/><E106/><V7/><F28/><W117/><G117/><T32/><D32/><U132/><E132/><V87/><F7/><W68/><G68/><T65/><D65/><U36/><E60/><V69/><F99/><W130/><G130/><T78/><REACH who="0" step="1"/><D4/><REACH who="0" ten="327,249,280,124" step="2"/><U100/><E8/><V37/><F10/><N who="3" m="6647" /><G33/><T131/><D131/><U50/><E11/><V98/><F67/><W44/><G20/><T24/><D24/><U1/><E25/><V27/><F22/><W77/><G107/><T135/><D135/><U52/><E21/><V123/><F69/><W79/><G104/><T5/><D5/><U63/><E105/><V134/><F134/><W84/><G31/><T88/><D88/><U30/><E30/><V3/><F90/><N who="3" m="53319" /><G102/><T23/><D23/><U128/><E29/><V109/><F27/><W91/><G91/><T124/><D124/><U133/><E101/><V34/><F34/><W103/><G103/><T76/><D76/><N who="3" m="29257" /><G41/><T125/><D125/><U122/><E100/><V61/><F109/><W9/><G9/><T58/><D58/><U55/><E128/><V66/><F66/><W119/><G119/><AGARI ba="1,2" hai="0,2,40,42,43,78,82,85,89,94,96,116,118,119" machi="119" ten="40,12000,1" yaku="1,1,52,1,53,2" doraHai="73" doraHaiUra="35" who="0" fromWho="3" sc="327,143,249,0,280,0,124,-123" /><INIT seed="4,2,0,3,0,77" ten="470,249,280,1" oya="0" hai0="63,9,53,126,130,46,36,76,48,78,71,19,119" hai1="99,95,124,12,74,133,118,93,131,108,31,1,37" hai2="10,11,111,66,49,7,106,85,112,2,50,13,3" hai3="38,114,116,45,122,129,96,120,14,17,73,34,86"/><T105/><D119/><U8/><E118/><V90/><F111/><W32/><G116/><T35/><D105/><U42/><E108/><V110/><F110/><W135/><G73/><T72/><D35/><U21/><E131/><V0/><F106/><W80/><G129/><T123/><D130/><U56/><E124/><V134/><F112/><W88/><G114/><T20/><D123/><N who="3" m="47145" /><G135/><T91/><D126/><U82/><E133/><V59/><F134/><W79/><G45/><T52/><D36/><U113/><E56/><V54/><F66/><W127/><G38/><T28/><D28/><U61/><E61/><V70/><F70/><W68/><G68/><T22/><D9/><U107/><E31/><V60/><F11/><N who="3" m="6367" /><G127/><T100/><D22/><U94/><E21/><V101/><F101/><W25/><G25/><T55/><D100/><U69/><E69/><V121/><F121/><W97/><G97/><T29/><D72/><U102/><E113/><V27/><F27/><W58/><G58/><T39/><D39/><U4/><E12/><V109/><F109/><W44/><G44/><T64/><D29/><U33/><E33/><V47/><F47/><W24/><G24/><T84/><D20/><U125/><E125/><V89/><F89/><W98/><G98/><T103/><D103/><U6/><E6/><V87/><F87/><N who="3" m="48543" /><G96/><T26/><D26/><U128/><E128/><V5/><F5/><W81/><AGARI ba="2,0" hai="32,34,81,86,88" m="48543,6367,47145" machi="81" ten="30,7900,0" yaku="13,1,52,2,54,1" doraHai="77" who="3" fromWho="3" sc="470,-41,249,-22,280,-22,1,85" /><INIT seed="5,0,0,5,5,37" ten="429,227,258,86" oya="1" hai0="123,54,82,40,75,35,10,72,124,42,30,78,71" hai1="91,81,7,108,84,88,103,63,62,69,77,4,5" hai2="61,126,57,19,118,26,113,59,53,60,56,104,79" hai3="122,39,105,109,100,92,13,44,29,11,87,68,47"/><U65/><E108/><V6/><F118/><W89/><G109/><T133/><D71/><U45/><E103/><V114/><F104/><W95/><G122/><T94/><D75/><U25/><E63/><V33/><F79/><W18/><G68/><T31/><D10/><U107/><E107/><V93/><F6/><W129/><G129/><T83/><D83/><U67/><E67/><V36/><F36/><W127/><G127/><T70/><D70/><U121/><E121/><V52/><F126/><W130/><G130/><T8/><D124/><U117/><E117/><V41/><F41/><W131/><G131/><T98/><D54/><U80/><E25/><V96/><F57/><W49/><G105/><T27/><D31/><U102/><E102/><V51/><F51/><W21/><G39/><T3/><D133/><U48/><REACH who="1" step="1"/><E81/><REACH who="1" ten="429,217,258,86" step="2"/><V0/><F0/><W12/><G100/><T119/><D123/><U9/><E9/><V24/><F24/><W128/><G128/><T32/><D119/><U120/><E120/><V97/><F26/><W2/><G95/><T74/><D8/><U115/><E115/><V112/><F93/><W110/><G110/><T17/><D3/><U23/><E23/><V101/><F101/><W20/><G2/><T85/><D94/><U106/><E106/><V34/><F113/><W43/><G13/><T132/><D27/><U134/><E134/><V55/><F112/><W14/><G14/><T73/><D132/><U86/><E86/><V66/><F114/><W1/><G1/><T111/><D111/><U58/><E58/><V15/><F66/><RYUUKYOKU ba="0,1" sc="429,-10,217,30,258,-10,86,-10" hai1="4,5,7,45,48,62,65,69,77,80,84,88,91" /><INIT seed="5,1,1,2,1,121" ten="419,247,248,76" oya="1" hai0="63,44,105,32,76,81,75,48,132,114,39,52,49" hai1="67,26,124,5,42,77,101,71,51,118,18,31,127" hai2="8,35,58,91,104,38,21,102,131,50,78,115,129" hai3="109,128,100,16,0,68,110,34,93,74,1,79,117"/><U99/><E118/><V41/><F35/><W133/><G68/><T116/><D116/><U19/><E77/><V14/><F78/><W96/><G117/><T28/><D105/><U37/><E37/><V55/><F115/><W30/><G133/><T111/><D111/><N who="3" m="42505" /><G93/><T108/><D39/><U84/><E84/><V73/><F73/><W72/><G16/><T95/><D114/><U65/><E19/><V20/><F104/><N who="3" m="63495" /><G128/><N who="2" m="49225" /><F102/><W24/><G79/><T33/><D132/><U11/><E18/><N who="2" m="8519" /><F91/><W69/><G69/><T2/><D95/><U70/><E71/><V123/><F123/><W61/><G61/><T60/><D60/><U103/><E101/><V119/><F119/><W62/><G62/><T120/><D63/><U130/><E130/><V113/><F113/><W23/><G23/><T125/><D120/><U4/><E70/><V64/><F64/><W88/><G88/><T36/><D76/><U7/><E65/><V29/><F29/><W3/><AGARI ba="1,1" hai="0,1,3,24,30,34,72,74" m="63495,42505" machi="3" ten="40,8000,1" yaku="23,1,52,3" doraHai="121" who="3" fromWho="3" sc="419,-21,247,-41,248,-21,76,93" /><INIT seed="6,0,0,4,4,16" ten="398,206,227,169" oya="2" hai0="29,61,3,20,80,43,135,133,4,106,81,62,99" hai1="58,54,12,82,76,120,130,2,66,45,59,129,70" hai2="124,9,85,77,128,87,91,19,132,18,26,96,117" hai3="42,64,50,37,93,35,84,88,126,111,15,40,125"/><V10/><F117/><W67/><G37/><T71/><D43/><U74/><E2/><V21/><F128/><N who="1" m="49257" /><E120/><V127/><F132/><W79/><G35/><T83/><D4/><U115/><E115/><V107/><F77/><W48/><G111/><T122/><D3/><U8/><E70/><V24/><F107/><W63/><G79/><T36/><D36/><U53/><E45/><V103/><F103/><W34/><G34/><T17/><D29/><U7/><E66/><V38/><F38/><W52/><G67/><T27/><D71/><U78/><E76/><V75/><F75/><W49/><G64/><T134/><D122/><U108/><E108/><V100/><F100/><AGARI ba="0,0" hai="17,20,27,61,62,80,81,83,99,100,106,133,134,135" machi="100" ten="50,3200,0" yaku="20,1,52,1" doraHai="16" who="0" fromWho="2" sc="398,32,206,0,227,-32,169,0" /><INIT seed="7,0,0,3,0,91" ten="430,206,195,169" oya="3" hai0="76,45,16,128,74,24,40,118,48,108,126,110,89" hai1="104,63,7,90,120,123,33,101,41,129,87,124,81" hai2="4,131,130,134,53,94,27,50,82,35,20,17,77" hai3="109,92,21,11,32,60,100,57,44,79,43,73,71"/><W115/><G32/><T6/><D118/><U13/><E33/><V111/><F111/><W121/><G71/><T51/><D6/><U37/><E63/><V66/><F4/><W10/><G109/><T93/><D126/><U98/><E124/><V38/><F38/><W28/><G121/><T34/><D128/><N who="2" m="49194" /><F66/><W39/><G115/><T0/><D0/><U95/><E129/><V55/><F134/><W14/><G79/><T5/><D5/><U80/><E41/><V59/><F35/><W69/><G69/><T97/><D74/><U15/><E37/><V23/><F23/><W46/><G46/><T99/><D76/><U113/><E113/><V49/><F94/><W102/><G73/><T85/><D51/><N who="2" m="19466" /><F59/><W68/><G68/><T1/><D1/><U88/><E7/><V132/><F132/><W116/><G116/><T30/><D99/><N who="1" m="61503" /><E15/><V122/><F122/><N who="1" m="46633" /><E13/><V29/><F29/><W9/><G92/><AGARI ba="0,0" hai="80,81,87,88,90,92,95,98" m="46633,61503" machi="92" ten="30,8000,1" yaku="34,2,52,2,54,1" doraHai="91" who="1" fromWho="3" sc="430,0,206,80,195,0,169,-80" owari="430,52.0,286,9.0,195,-20.0,89,-41.0" /></mjloggm>