<mjloggm ver="2.3"><GO type="169" lobby="0"/><UN n0="%E2%98%85%E6%9C%88%E7%A5%9E%E2%98%85%EF%BC%A0%4D%4A" n1="%52%45%49%4E%E6%A3%AE%E4%B9%85%E4%BF%9D%50" n2="%E4%B8%80%E8%93%AE%E5%B3%BB%E6%BD%A4" n3="%E4%B9%BE%E5%9D%A4%E5%8D%81%E4%BA%94%E6%93%B2" dan="18,16,18,16" rate="2228.66,2131.31,2240.84,2097.19" sx="M,M,M,M"/><TAIKYOKU oya="0"/><INIT seed="0,0,0,5,3,135" ten="250,250,250,250" oya="0" hai0="126,71,74,43,133,115,24,33,95,55,41,34,59" hai1="88,91,56,131,83,72,97,54,82,39,120,38,5" hai2="3,68,61,98,45,70,73,125,118,21,106,48,11" hai3="134,16,132,29,130,44,40,109,108,49,80,13,10"/><T128/><D115/><U110/><E120/><V9/><F73/><W79/><G29/><T122/><D133/><N who="3" m="51305" /><G130/><T111/><D122/><U1/><E110/><V25/><F118/><W12/><G12/><T51/><D111/><U35/><E35/><V4/><F11/><W100/><G100/><T20/><D74/><AGARI ba="0,0" hai="10,13,16,40,44,49,74,79,80,108,109" m="51305" machi="74" ten="30,2000,0" yaku="20,1,54,1" doraHai="135" who="3" fromWho="0" sc="250,-20,250,0,250,0,250,20" /><INIT seed="1,0,0,4,4,116" ten="230,250,250,270" oya="1" hai0="122,9,68,80,124,62,131,104,27,89,119,109,113" hai1="29,128,115,129,52,66,61,1,127,28,54,72,57" hai2="3,98,79,4,65,41,31,125,25,118,77,7,10" hai3="91,56,55,108,74,133,84,101,120,5,48,33,30"/><U18/><E72/><V76/><F118/><W135/><G120/><T58/><D119/><U44/><E115/><V67/><F125/><W95/><G108/><T22/><D113/><U112/><E112/><V70/><F41/><W71/><G71/><T83/><D131/><N who="1" m="50251" /><E1/><V93/><F7/><W6/><G74/><T87/><D122/><U82/><E127/><V106/><F106/><W99/><G30/><N who="1" m="11882" /><E82/><V111/><F111/><W100/><G33/><T123/><D123/><U43/><E18/><V23/><REACH who="2" step="1"/><F70/><REACH who="2" ten="230,250,240,270" step="2"/><W107/><G101/><AGARI ba="0,1" hai="3,4,10,23,25,31,65,67,76,77,79,93,98,101" machi="101" ten="40,5200,0" yaku="1,1,2,1,53,1" doraHai="116" doraHaiUra="94" who="2" fromWho="3" sc="230,0,250,0,240,62,270,-52" /><INIT seed="2,0,0,5,4,35" ten="230,250,302,218" oya="2" hai0="27,9,22,61,108,14,44,45,110,39,29,79,2" hai1="53,12,111,100,13,26,109,104,130,88,98,37,90" hai2="121,129,135,33,127,41,122,60,115,51,133,101,114" hai3="56,68,82,124,78,126,6,36,43,25,85,7,84"/><V59/><F33/><W67/><G68/><T95/><D79/><U10/><E37/><V31/><F31/><W73/><G25/><T91/><D39/><U40/><E40/><V32/><F32/><W103/><G103/><T76/><D76/><U58/><E26/><V70/><F101/><W11/><G7/><T71/><D71/><U3/><E130/><V107/><F107/><W20/><G20/><T120/><D120/><N who="2" m="46186" /><F70/><W117/><G117/><T86/><D61/><U80/><E13/><V106/><F106/><W57/><G57/><T81/><D81/><U52/><E53/><N who="2" m="33903" /><F129/><W105/><G105/><T99/><D99/><U5/><E12/><V49/><F127/><N who="3" m="48683" /><G56/><T46/><REACH who="0" step="1"/><D2/><REACH who="0" ten="220,250,302,218" step="2"/><U123/><E123/><V96/><F96/><W66/><G85/><T16/><AGARI ba="0,1" hai="9,14,16,22,27,29,44,45,46,86,91,95,108,110" machi="16" ten="30,7900,0" yaku="1,1,2,1,0,1,54,1,53,0" doraHai="35" doraHaiUra="77" who="0" fromWho="0" sc="220,89,250,-20,302,-39,218,-20" /><INIT seed="3,0,0,4,1,22" ten="309,230,263,198" oya="3" hai0="118,53,71,36,94,89,134,30,67,130,0,98,127" hai1="101,47,59,58,62,33,131,81,12,45,41,115,40" hai2="76,37,38,13,1,18,63,39,25,80,128,64,26" hai3="109,124,77,68,99,50,2,100,82,46,107,96,105"/><W35/><G2/><T123/><D36/><U28/><E115/><V34/><F1/><W97/><G68/><T52/><D118/><U11/><E131/><V90/><F90/><W104/><G35/><T65/><D123/><U125/><E125/><V3/><F3/><W93/><G50/><T85/><D0/><U57/><E101/><V117/><F117/><W111/><G46/><T54/><D134/><U106/><E106/><V126/><F128/><W102/><G124/><T133/><D133/><U113/><E113/><V42/><F42/><W74/><G93/><T6/><D127/><U24/><E81/><V79/><F126/><W129/><G129/><T116/><D6/><U120/><E120/><V92/><F92/><W48/><G48/><T135/><D116/><U119/><E119/><V66/><F34/><W23/><G23/><T51/><D135/><U27/><E62/><V31/><F31/><W7/><G7/><T103/><D130/><U61/><E61/><V55/><F55/><W17/><G17/><T75/><D75/><U15/><E11/><V21/><F66/><W87/><G87/><T16/><D30/><U86/><E33/><V108/><F108/><AGARI ba="0,0" hai="74,77,82,96,97,99,100,102,104,105,107,108,109,111" machi="108" ten="50,12000,1" yaku="14,1,10,1,34,3" doraHai="22" who="3" fromWho="2" sc="309,0,230,0,263,-120,198,120" /><INIT seed="3,1,0,1,4,12" ten="309,230,143,318" oya="3" hai0="82,17,41,132,97,93,75,43,7,119,13,31,16" hai1="131,83,14,90,40,54,49,135,91,126,20,111,68" hai2="39,101,44,1,2,24,21,19,47,120,113,8,66" hai3="79,87,34,95,118,100,64,72,70,61,69,18,121"/><W81/><G121/><T89/><D119/><U80/><E68/><V92/><F113/><W10/><G34/><T115/><D132/><U130/><E111/><V42/><F120/><W28/><G28/><T86/><D115/><U23/><E40/><V5/><F66/><W57/><G118/><T35/><D75/><U32/><E32/><V25/><F1/><W85/><G72/><T117/><D117/><U77/><E135/><V88/><F47/><W27/><G87/><T116/><D116/><U133/><E133/><V98/><REACH who="2" step="1"/><F101/><REACH who="2" ten="309,230,133,318" step="2"/><W46/><G46/><T51/><D35/><U29/><E131/><V94/><F94/><W3/><G3/><T36/><D36/><U6/><E130/><V78/><F78/><W15/><REACH who="3" step="1"/><G27/><AGARI ba="1,1" hai="2,5,8,19,21,24,25,27,39,42,44,88,92,98" machi="27" ten="30,7700,0" yaku="1,1,7,1,52,1,54,1,53,0" doraHai="12" doraHaiUra="30" who="2" fromWho="3" sc="309,0,230,0,133,90,318,-80" /><INIT seed="4,0,0,5,5,92" ten="309,230,223,238" oya="0" hai0="44,127,129,57,8,18,12,101,79,59,45,5,110" hai1="13,49,22,64,95,27,41,106,89,26,54,93,6" hai2="128,115,117,37,131,69,134,21,56,111,38,74,76" hai3="85,1,75,36,103,72,40,3,102,2,116,60,114"/><T135/><D127/><U77/><E106/><V34/><RYUUKYOKU type="yao9" ba="0,0" sc="309,0,230,0,223,0,238,0" hai2="21,34,37,38,56,69,74,76,111,115,117,128,131,134" /><INIT seed="4,1,0,5,2,132" ten="309,230,223,238" oya="0" hai0="71,36,86,0,121,95,56,34,80,70,39,114,72" hai1="125,40,93,17,57,116,47,97,101,54,63,33,115" hai2="59,112,19,48,128,135,29,11,5,10,9,12,24" hai3="100,123,46,109,82,67,91,32,42,52,25,84,134"/><T30/><D0/><U65/><E116/><V28/><F135/><W94/><G134/><T133/><D133/><U31/><E115/><V104/><F104/><W88/><G123/><T111/><D121/><U108/><E108/><V15/><F112/><W131/><G109/><T35/><D111/><U4/><E4/><N who="2" m="3111" /><F59/><W119/><G119/><T98/><D72/><U13/><E125/><V76/><F48/><W64/><G131/><T122/><D114/><U110/><E110/><V20/><F76/><W105/><G105/><T27/><D34/><U2/><E2/><N who="2" m="311" /><F128/><W74/><G100/><T130/><D122/><U92/><E33/><V41/><F41/><W106/><G106/><T49/><D130/><U37/><E31/><AGARI ba="1,0" hai="11,15,19,20,24,28,29,31" m="311,3111" machi="31" ten="30,8000,1" yaku="35,5" doraHai="132" who="2" fromWho="1" sc="309,0,230,-83,223,83,238,0" /><INIT seed="5,0,0,3,1,64" ten="309,147,306,238" oya="1" hai0="78,75,69,126,17,34,125,29,118,66,50,45,122" hai1="24,121,11,130,62,1,92,9,81,129,18,60,67" hai2="98,76,2,99,35,93,73,15,80,91,113,87,100" hai3="61,109,4,72,59,102,21,108,103,49,120,90,57"/><U131/><E121/><V23/><F2/><W20/><G72/><T56/><D122/><U134/><E134/><V65/><F35/><W111/><G120/><T13/><D118/><U133/><E133/><V135/><F135/><W105/><G105/><T85/><D75/><U79/><E92/><N who="2" m="58471" /><F15/><W3/><G3/><T96/><D96/><U28/><E60/><V94/><F23/><W32/><G32/><T54/><D45/><U40/><E40/><V0/><F65/><W7/><G49/><T106/><D106/><U63/><E63/><V123/><F0/><W101/><G90/><T104/><D104/><U10/><E18/><V68/><F68/><W37/><G37/><T89/><D78/><U107/><E1/><V114/><F123/><W51/><G51/><T83/><D66/><U39/><E39/><V43/><F43/><W77/><G77/><T46/><D56/><N who="3" m="21577" /><G61/><T117/><D117/><U55/><E55/><V119/><F119/><W47/><G47/><T38/><D38/><U53/><E53/><V27/><F27/><W88/><G88/><AGARI ba="0,0" hai="73,76,80,87,88,91,93,94,98,113,114" m="58471" machi="88" ten="30,3900,0" yaku="34,2,54,1" doraHai="64" who="2" fromWho="3" sc="309,0,147,0,306,39,238,-39" /><INIT seed="6,0,0,3,4,118" ten="309,147,345,199" oya="2" hai0="90,42,111,45,33,106,24,80,17,21,110,102,66" hai1="6,5,37,36,61,126,100,47,43,44,71,123,48" hai2="112,76,128,30,122,132,74,133,29,34,87,130,95" hai3="10,107,35,114,22,91,23,64,18,38,13,52,70"/><V88/><F34/><W84/><G107/><T31/><D66/><N who="1" m="41423" /><E100/><V55/><F55/><W26/><G38/><N who="1" m="14954" /><E6/><V57/><F57/><W12/><G114/><T117/><D117/><U96/><E96/><V62/><F62/><W67/><G70/><T121/><D121/><U109/><E5/><V85/><F122/><W97/><G97/><T8/><D8/><U113/><E109/><V79/><F112/><W27/><G35/><T53/><D53/><N who="1" m="29831" /><E113/><V46/><F46/><W50/><G13/><T125/><D102/><U127/><E123/><V49/><F74/><W69/><G69/><T63/><D106/><U58/><E127/><V16/><F16/><N who="3" m="8215" /><G23/><T89/><D125/><U1/><E1/><V131/><F29/><W124/><G124/><T25/><D110/><U73/><E73/><V82/><F30/><W59/><G27/><T104/><D104/><U40/><E126/><V51/><F76/><W0/><G0/><T9/><D9/><U115/><E115/><V83/><F95/><AGARI ba="0,0" hai="18,22,26,50,52,59,64,67,84,91,95" m="8215" machi="95" ten="30,3900,0" yaku="8,1,54,2" doraHai="118" who="3" fromWho="2" sc="309,0,147,0,345,-39,199,39" /><INIT seed="7,0,0,4,3,105" ten="309,147,306,238" oya="3" hai0="59,77,60,85,7,134,114,125,104,96,73,102,18" hai1="127,40,16,41,53,112,81,1,101,116,27,4,33" hai2="13,31,79,22,50,95,113,19,61,65,49,66,119" hai3="26,94,55,129,131,89,20,108,121,30,39,100,28"/><W51/><G39/><T78/><D134/><U8/><E116/><V93/><F113/><W128/><G121/><T117/><D117/><U35/><E112/><V67/><F119/><W109/><G100/><T92/><D114/><U42/><E127/><V32/><F32/><W52/><G30/><T9/><D73/><U14/><E101/><V87/><F61/><W46/><REACH who="3" step="1"/><G55/><REACH who="3" ten="309,147,306,228" step="2"/><T56/><D125/><U63/><E27/><N who="2" m="16887" /><F79/><W12/><G12/><T34/><D78/><U118/><E118/><V83/><F83/><W64/><G64/><T70/><D77/><U115/><E115/><V36/><F36/><W5/><G5/><T24/><D7/><U99/><E99/><AGARI ba="0,1" hai="20,26,28,46,51,52,89,94,99,108,109,128,129,131" machi="99" ten="40,12000,1" yaku="1,1,19,1,54,1,53,2" doraHai="105" doraHaiUra="123" who="3" fromWho="1" sc="309,0,147,-120,306,0,228,130" owari="309,11.0,27,-47.0,306,-9.0,358,45.0" /></mjloggm>