<mjloggm ver="2.3"><GO type="169" lobby="0"/><UN n0="%E6%AD%A6%E5%A8%81" n1="%E3%82%B7%E3%83%B3%E3%83%95%E3%82%A9%E3%83%8B%E3%82%A2" n2="%E6%B9%98%E5%8C%97%E2%91%AD%E4%B8%89%E4%BA%95%E5%AF%BF" n3="%E3%82%B4%E3%83%83%E3%82%B5%E3%83%A0" dan="17,18,17,16" rate="2137.47,2246.18,2151.98,2050.96" sx="M,M,M,M"/><TAIKYOKU oya="0"/><INIT seed="0,0,0,2,4,105" ten="250,250,250,250" oya="0" hai0="111,85,13,37,16,21,65,62,60,10,46,58,8" hai1="61,122,72,55,86,80,39,28,48,41,104,97,78" hai2="29,123,81,59,131,12,82,124,1,118,135,120,112" hai3="109,51,95,19,14,79,83,38,6,119,134,132,40"/><T32/><D32/><U117/><E117/><V5/><F118/><W102/><G119/><T110/><D85/><U56/><E122/><V88/><F112/><W74/><G6/><T66/><D37/><U77/><E28/><V49/><F29/><W20/><G38/><T94/><D94/><U68/><E104/><V87/><F1/><W127/><G127/><T93/><D93/><U63/><E97/><V128/><F124/><W96/><REACH who="3" step="1"/><G109/><REACH who="3" ten="250,250,250,240" step="2"/><N who="0" m="41483" /><D46/><AGARI ba="0,1" hai="14,19,20,40,46,51,74,79,83,95,96,102,132,134" machi="46" ten="40,2600,0" yaku="1,1,52,1,53,0" doraHai="105" doraHaiUra="52" who="3" fromWho="0" sc="250,-26,250,0,250,0,240,36" /><INIT seed="1,0,0,5,1,68" ten="224,250,250,276" oya="1" hai0="11,75,117,14,21,8,64,36,24,95,53,92,23" hai1="78,57,96,41,63,110,10,120,83,56,107,55,52" hai2="49,115,124,85,59,118,132,104,74,15,16,28,80" hai3="39,25,102,94,116,19,38,126,82,114,51,134,130"/><U13/><E120/><V54/><F118/><W34/><G114/><T12/><D117/><U90/><E110/><V61/><F104/><W111/><G111/><T98/><D75/><U1/><E1/><V0/><F0/><W70/><G116/><T17/><D64/><U30/><E41/><V108/><F115/><W58/><G70/><T7/><D36/><U5/><E30/><V31/><F74/><W93/><G82/><T127/><D127/><U26/><E26/><V6/><F124/><W112/><G112/><T72/><D72/><U109/><E109/><V45/><F6/><W87/><G87/><T37/><D37/><N who="3" m="13833" /><G102/><T66/><D66/><U123/><E123/><V27/><F27/><W81/><G81/><T69/><D69/><U121/><E121/><V35/><F35/><W50/><G126/><T65/><D65/><U67/><E107/><V18/><F108/><W91/><G93/><T44/><D98/><U101/><E101/><V4/><F4/><W79/><G79/><T60/><D23/><U103/><E103/><V40/><F18/><W113/><G113/><T135/><D135/><U47/><E78/><N who="2" m="46231" /><F132/><W22/><G34/><T43/><D43/><U133/><E133/><V76/><F76/><W86/><G134/><T99/><D99/><U100/><E100/><V89/><F89/><W3/><G3/><T128/><D128/><U84/><E96/><V77/><F77/><W129/><G58/><N who="0" m="34895" /><D44/><U20/><E47/><V71/><F71/><W131/><AGARI ba="0,0" hai="19,22,25,50,51,86,91,94,129,130,131" m="13833" machi="131" ten="40,8000,1" yaku="19,1,52,3" doraHai="68" who="3" fromWho="3" sc="224,-20,250,-40,250,-20,276,80" /><INIT seed="2,0,0,5,0,14" ten="204,210,230,356" oya="2" hai0="85,97,54,95,86,12,123,8,72,91,68,78,102" hai1="110,25,20,90,82,134,106,79,17,111,70,49,115" hai2="114,74,16,32,5,0,9,19,77,27,2,34,65" hai3="73,53,89,62,117,35,31,119,75,130,41,6,118"/><V80/><F114/><W36/><G6/><T98/><D123/><U11/><E115/><V33/><F65/><W67/><G35/><T39/><D68/><U116/><E116/><V24/><REACH who="2" step="1"/><F2/><REACH who="2" ten="204,210,220,356" step="2"/><W92/><G67/><T43/><D39/><U51/><E70/><V108/><F108/><W112/><G36/><T124/><D124/><U96/><E111/><V99/><F99/><W55/><G112/><T126/><D126/><U120/><E110/><V37/><F37/><W23/><G117/><T1/><D1/><U94/><E120/><V81/><F81/><W84/><G118/><T122/><D122/><U125/><E125/><V13/><F13/><W57/><G119/><T131/><D97/><U3/><E134/><V47/><F47/><W121/><G121/><T133/><D133/><U48/><E3/><V113/><F113/><W60/><G130/><T104/><D131/><U132/><E132/><V71/><F71/><W83/><G83/><T42/><D98/><U61/><E106/><V10/><F10/><W128/><G128/><T66/><D66/><U18/><E11/><V127/><F127/><W107/><G107/><T38/><D38/><U50/><N who="1" m="12288" /><DORA hai="7" /><U103/><E103/><V59/><F59/><N who="3" m="34927" /><G41/><T4/><D43/><U29/><REACH who="1" step="1"/><E61/><REACH who="1" ten="204,200,220,356" step="2"/><V69/><F69/><W22/><G62/><T28/><D104/><U58/><E58/><V45/><F45/><W52/><G57/><T109/><D109/><U46/><E46/><V63/><F63/><W76/><G55/><T129/><D54/><U135/><E135/><V101/><F101/><W88/><G52/><RYUUKYOKU ba="0,2" sc="204,-15,200,15,220,15,356,-15" hai1="17,18,20,25,29,79,82,90,94,96" hai2="0,5,9,16,19,24,27,32,33,34,74,77,80" /><INIT seed="2,1,2,0,3,100" ten="189,215,235,341" oya="2" hai0="28,59,120,76,58,65,132,84,26,60,101,90,125" hai1="48,12,87,20,109,39,8,112,133,77,119,116,64" hai2="102,34,82,91,9,37,19,45,10,22,70,50,117" hai3="122,32,80,33,108,54,78,57,86,13,5,16,7"/><V134/><F134/><W38/><G122/><T52/><D120/><U83/><E39/><V118/><F34/><W129/><G38/><T27/><D125/><U131/><E112/><V130/><F70/><W92/><G129/><T71/><D132/><U14/><E133/><V3/><F130/><W41/><G108/><T114/><D114/><U89/><E131/><V31/><F37/><W55/><G41/><T61/><D76/><U128/><E128/><V11/><F31/><W40/><G40/><T53/><D101/><U93/><E109/><V4/><F102/><W75/><G54/><T49/><REACH who="0" step="1"/><D28/><REACH who="0" ten="179,215,235,341" step="2"/><U99/><E119/><V74/><F118/><W23/><G33/><T111/><D111/><U113/><E116/><V1/><F117/><W56/><G32/><T67/><D67/><U85/><E113/><V95/><F3/><W43/><G78/><T94/><AGARI ba="1,3" hai="26,27,49,52,53,58,59,60,61,65,71,84,90,94" machi="94" ten="20,5200,0" yaku="1,1,0,1,7,1,54,1,53,0" doraHai="100" doraHaiUra="68" who="0" fromWho="0" sc="179,85,215,-14,235,-27,341,-14" /><INIT seed="3,0,0,0,2,44" ten="264,201,208,327" oya="3" hai0="43,116,39,6,31,75,126,123,72,65,110,112,119" hai1="11,128,76,25,64,23,68,100,69,121,29,67,94" hai2="41,17,115,117,16,104,0,109,28,74,82,48,91" hai3="105,49,118,61,114,79,103,3,60,42,35,101,59"/><W37/><G114/><T58/><D6/><U30/><E121/><V120/><F104/><W93/><G3/><T86/><D31/><U73/><E11/><V18/><F0/><W84/><G35/><T33/><D33/><U2/><E2/><V85/><F115/><W66/><G105/><T36/><D86/><U106/><E106/><V47/><F117/><N who="0" m="45130" /><D75/><U122/><E122/><V1/><F1/><W125/><G118/><T83/><D83/><U34/><E76/><V13/><F120/><W45/><G125/><T107/><D72/><U55/><E73/><V78/><F28/><W14/><G61/><N who="0" m="38071" /><D107/><U113/><E94/><V124/><F124/><W5/><G37/><N who="0" m="14411" /><D123/><U89/><E89/><V71/><F71/><W108/><G108/><T90/><D90/><U131/><E100/><V92/><REACH who="2" step="1"/><F109/><REACH who="2" ten="264,201,198,327" step="2"/><W127/><G127/><T54/><D126/><U87/><E29/><V134/><F134/><W24/><G24/><T129/><D112/><U99/><E25/><V12/><AGARI ba="0,1" hai="12,13,16,17,18,41,47,48,74,78,82,85,91,92" machi="12" ten="30,7900,0" yaku="1,1,0,1,52,1,54,1,53,0" doraHai="44" doraHaiUra="57" who="2" fromWho="2" sc="264,-20,201,-20,198,89,327,-39" /><INIT seed="4,0,0,2,1,4" ten="244,181,287,288" oya="0" hai0="90,58,110,66,73,129,40,75,82,112,74,38,106" hai1="6,134,9,77,109,0,25,41,126,62,15,31,98" hai2="60,26,70,23,128,68,127,67,123,115,16,81,19" hai3="30,55,84,46,120,33,27,107,117,111,12,85,21"/><T125/><D106/><U18/><E109/><V47/><F123/><W50/><G111/><T48/><D110/><U100/><E134/><V29/><F115/><W87/><G117/><T59/><D112/><U93/><E126/><V95/><F127/><W5/><G107/><T22/><D125/><U45/><E77/><V83/><F128/><W56/><G120/><T20/><D38/><U8/><E62/><V133/><F133/><W1/><G1/><T11/><D129/><U63/><E63/><V13/><F70/><W76/><G33/><T96/><D66/><U34/><E45/><V57/><F68/><W2/><G2/><T36/><D36/><U61/><E61/><V51/><F95/><W17/><G5/><T72/><D72/><U64/><REACH who="1" step="1"/><E41/><REACH who="1" ten="244,171,287,288" step="2"/><V132/><F132/><W131/><G131/><T101/><D40/><U71/><E71/><V121/><F121/><W69/><G69/><T37/><D75/><U102/><E102/><V124/><F124/><W113/><G113/><T14/><D74/><U10/><E10/><N who="2" m="6199" /><F29/><W7/><G76/><T52/><D73/><U108/><E108/><V135/><F135/><W35/><G46/><T92/><D101/><U79/><E79/><V44/><F47/><W99/><G56/><T103/><D59/><U114/><E114/><V86/><F86/><W78/><G85/><T42/><D103/><U91/><E91/><V89/><F89/><W24/><G78/><T54/><D58/><U116/><E116/><V105/><F105/><W28/><G84/><T118/><D118/><U130/><E130/><V65/><F67/><AGARI ba="0,1" hai="0,6,8,9,15,18,25,31,34,64,67,93,98,100" machi="67" ten="40,8000,1" yaku="1,1,6,1,52,2,53,0" doraHai="4" doraHaiUra="49" who="1" fromWho="2" sc="244,0,171,90,287,-80,288,0" /><INIT seed="5,0,0,1,0,108" ten="244,261,207,288" oya="1" hai0="133,118,121,125,67,101,5,122,103,50,106,53,17" hai1="98,75,22,82,20,134,45,74,10,62,117,119,55" hai2="13,1,129,35,87,112,111,51,52,32,68,33,28" hai3="128,27,23,135,81,57,2,113,30,100,78,85,120"/><U14/><E134/><V34/><F111/><W3/><G120/><N who="0" m="46187" /><D118/><U96/><E119/><V19/><F68/><W70/><G70/><T127/><D133/><U93/><E117/><V80/><F1/><W56/><G135/><T72/><D72/><U31/><E98/><V131/><F112/><W64/><G100/><N who="0" m="38475" /><D106/><U39/><E39/><V0/><F0/><W69/><G113/><T77/><D77/><U9/><E93/><V132/><F132/><W126/><G126/><T38/><D38/><U49/><E96/><V95/><F28/><W79/><G79/><T90/><D67/><U46/><E31/><V124/><F124/><W97/><G97/><T58/><D90/><U110/><E75/><V65/><F65/><W48/><G78/><T114/><D114/><U61/><E74/><V88/><N who="2" m="8192" /><DORA hai="104" /><V41/><F41/><W26/><G2/><T24/><D5/><U102/><E102/><V40/><F40/><W123/><G64/><T63/><D63/><U29/><E61/><V7/><F7/><W15/><G123/><T73/><D73/><U60/><E60/><V12/><F12/><W36/><G15/><T44/><D44/><U94/><E62/><V8/><F95/><W11/><G3/><T59/><D59/><U18/><E94/><V105/><F105/><W6/><G57/><T84/><D84/><U16/><E82/><V92/><F92/><W91/><G81/><T116/><D116/><U71/><E110/><V4/><F4/><W109/><G6/><T130/><D130/><U43/><E71/><V99/><F99/><W76/><G69/><RYUUKYOKU ba="0,0" sc="244,15,261,-15,207,15,288,-15" hai0="17,24,50,53,58,125,127" hai2="8,13,19,51,52,80,87,88,129,131" /><INIT seed="6,1,0,1,0,55" ten="259,246,222,273" oya="2" hai0="83,101,109,95,76,11,126,71,100,132,64,28,111" hai1="5,79,74,133,32,17,37,63,21,51,94,85,42" hai2="67,118,19,6,123,114,48,117,47,106,89,13,120" hai3="20,125,49,102,44,129,24,23,0,30,119,99,91"/><V93/><F106/><W72/><G119/><T130/><D28/><U57/><E133/><V27/><F67/><W62/><G0/><T112/><D11/><U66/><E32/><V90/><F114/><W9/><G72/><N who="0" m="43399" /><D64/><U61/><E74/><V46/><F6/><W81/><G9/><T108/><D71/><U59/><E37/><V80/><F27/><W65/><G20/><T69/><D69/><U124/><E124/><V103/><F103/><N who="0" m="39498" /><D126/><U3/><E3/><V54/><F47/><W77/><G44/><T78/><D132/><U92/><E5/><V113/><F113/><W104/><G49/><T88/><D78/><U4/><E4/><V8/><F118/><W18/><G30/><T50/><D50/><U1/><E1/><V39/><F39/><W107/><G77/><T53/><D53/><N who="1" m="34031" /><E51/><V127/><F127/><W68/><G125/><T75/><D75/><U41/><E41/><V86/><F117/><W116/><G104/><T36/><D36/><U128/><E42/><V97/><AGARI ba="1,0" hai="8,13,19,46,48,54,80,86,89,90,93,97,120,123" machi="97" ten="20,7800,0" yaku="0,1,7,1,25,2" doraHai="55" who="2" fromWho="2" sc="259,-27,246,-27,222,81,273,-27" /><INIT seed="6,2,0,3,4,65" ten="232,219,303,246" oya="2" hai0="1,31,3,87,68,96,112,123,101,104,59,106,26" hai1="21,111,125,17,78,74,37,89,79,23,105,85,135" hai2="98,5,24,110,57,45,97,118,120,27,41,18,84" hai3="63,132,71,54,113,11,115,130,0,119,29,55,56"/><V16/><F120/><W20/><G119/><T91/><D123/><U103/><E111/><V88/><F118/><W100/><G100/><T92/><D112/><N who="3" m="43081" /><G130/><T134/><D134/><U50/><E37/><V22/><F5/><N who="3" m="1447" /><G132/><T131/><D131/><U60/><E135/><V69/><F69/><W83/><G83/><T80/><D68/><U9/><E125/><V86/><F110/><W66/><G56/><T35/><D106/><U8/><E103/><V75/><F75/><W62/><G62/><T47/><D47/><U116/><E105/><V82/><F57/><W53/><G20/><T43/><D43/><U108/><E108/><V49/><F86/><W6/><G6/><T128/><D128/><U51/><E116/><V67/><F67/><W39/><G29/><T95/><D95/><U48/><E60/><V40/><F41/><W99/><G99/><T133/><D133/><U10/><E74/><V19/><F27/><W72/><G72/><T126/><D126/><U121/><E121/><V64/><F64/><W42/><G42/><T52/><REACH who="0" step="1"/><D104/><REACH who="0" ten="222,219,303,246" step="2"/><U81/><REACH who="1" step="1"/><E23/><REACH who="1" ten="222,209,303,246" step="2"/><V61/><F61/><AGARI ba="2,2" hai="1,3,26,31,35,52,59,61,80,87,91,92,96,101" machi="61" ten="30,12000,2" yaku="1,1,2,1,7,1,54,1,53,2" doraHai="65" doraHaiUra="32" who="0" fromWho="2" sc="222,146,209,0,303,-126,246,0" /><INIT seed="7,0,0,3,0,64" ten="368,209,177,246" oya="3" hai0="50,49,28,16,96,12,122,128,77,2,118,35,112" hai1="73,24,25,104,5,42,133,85,13,126,68,9,111" hai2="93,43,98,37,32,87,61,131,30,48,102,132,54" hai3="86,29,1,115,21,100,117,67,10,19,84,74,92"/><W39/><G117/><T66/><D122/><U20/><E73/><V63/><F131/><W57/><G74/><T70/><D118/><U78/><E111/><V97/><F132/><W116/><G39/><T91/><D77/><U130/><E130/><V72/><F72/><W103/><G103/><T47/><D2/><U53/><E68/><V55/><F32/><W44/><G44/><T23/><D128/><U31/><E133/><V7/><F7/><W81/><G81/><T4/><D4/><U134/><E134/><V38/><F30/><W41/><G41/><T3/><D3/><U101/><E126/><V45/><F87/><W121/><G121/><T82/><D35/><U106/><E101/><V114/><F114/><W22/><G1/><T36/><D28/><U14/><E42/><V88/><F38/><W127/><G127/><T34/><D34/><U120/><E120/><V125/><F125/><W108/><G108/><T0/><D0/><U99/><E99/><V135/><F135/><W65/><G115/><T8/><D36/><U95/><E53/><V6/><F6/><W129/><G67/><T51/><D47/><U18/><E78/><V17/><F17/><W94/><G100/><T52/><D112/><U27/><E31/><V33/><F33/><W105/><G129/><T40/><D40/><U26/><N who="1" m="6144" /><DORA hai="123" /><U62/><E62/><N who="2" m="23563" /><F37/><W83/><G29/><T113/><D113/><U119/><E119/><V80/><F80/><W56/><G83/><T89/><D82/><U59/><E59/><V46/><F46/><W79/><G57/><T69/><D96/><RYUUKYOKU ba="0,0" sc="368,-15,209,15,177,15,246,-15" hai1="5,9,13,14,18,20,85,95,104,106" hai2="43,45,48,54,55,88,93,97,98,102" owari="353,46.0,224,-18.0,192,-31.0,231,3.0" /></mjloggm>