<mjloggm ver="2.3"><GO type="185" lobby="0"/><UN n0="%E4%B8%8D%E5%B1%88%E3%81%AE%E7%B2%BE%E7%A5%9E" n1="%E3%83%86%E3%82%A4%E3%83%A9%E3%83%BC%E3%83%92%E3%83%AB" n2="%E4%B8%8D%E5%B9%B8%E7%94%9F%E5%91%BD%E4%BD%93" n3="" dan="17,16,16,0" rate="2171.69,2182.31,2173.12,1500.00" sx="M,F,M,C"/><TAIKYOKU oya="0"/><INIT seed="0,0,0,2,2,78" ten="350,350,350,0" oya="0" hai0="3,0,73,104,135,101,70,128,64,46,76,118,50" hai1="134,105,97,37,54,60,113,84,56,98,106,67,112" hai2="2,42,35,49,68,52,120,102,43,81,119,41,39" hai3=""/><T133/><D118/><U63/><E37/><V34/><N who="2" m="30752" /><V123/><N who="2" m="31520" /><V45/><F119/><T122/><N who="0" m="31264" /><T114/><D114/><N who="1" m="44139" /><E134/><N who="0" m="51209" /><D128/><U59/><E84/><V100/><F2/><N who="0" m="554" /><D104/><AGARI ba="0,0" hai="54,56,59,60,63,67,97,98,104,105,106" m="44139" machi="104" ten="30,1000,0" yaku="11,1" doraHai="78" who="1" fromWho="0" sc="350,-10,350,10,350,0,0,0" /><INIT seed="1,0,0,5,3,110" ten="340,360,350,0" oya="1" hai0="125,36,78,82,55,130,95,126,84,87,123,120,92" hai1="45,129,0,72,89,105,54,81,68,100,51,106,34" hai2="79,71,94,33,70,104,61,35,113,117,88,122,1" hai3=""/><U118/><E0/><V102/><N who="2" m="31264" /><V86/><F117/><T114/><N who="0" m="30752" /><T59/><N who="0" m="31520" /><T38/><D130/><U44/><E34/><V131/><F131/><T90/><D114/><U39/><E129/><V63/><F1/><T32/><D32/><U56/><E68/><V83/><F113/><T58/><D58/><U121/><N who="1" m="31008" /><U47/><E118/><V69/><F33/><T107/><D107/><U111/><E39/><V99/><REACH who="2" step="1"/><F35/><REACH who="2" ten="340,360,340,0" step="2"/><T108/><D108/><U101/><E111/><V91/><F91/><T85/><D90/><U80/><E100/><V124/><F124/><N who="0" m="47722" /><D36/><U97/><E101/><V60/><F60/><T49/><D38/><U98/><E105/><V115/><F115/><T43/><D43/><U48/><E106/><V134/><F134/><T109/><D109/><U66/><E89/><V40/><F40/><T76/><D76/><U128/><E128/><V116/><F116/><T62/><D62/><U42/><E97/><AGARI ba="0,1" hai="61,63,69,70,71,79,83,86,88,94,97,99,102,104" m="31264" machi="97" ten="40,5200,0" yaku="1,1,52,1,54,1,53,0" doraHai="110" doraHaiUra="112" who="2" fromWho="1" sc="340,0,360,-52,340,62,0,0" /><INIT seed="2,0,0,1,4,102" ten="340,308,402,0" oya="2" hai0="131,89,77,70,104,0,105,76,74,119,66,61,34" hai1="42,101,83,123,128,32,67,65,98,35,95,91,71" hai2="97,96,40,78,126,2,113,69,99,106,82,94,43" hai3=""/><V93/><F126/><T118/><D0/><U116/><N who="1" m="31520" /><U58/><E116/><V1/><F113/><T108/><D34/><U64/><E128/><V109/><F109/><T81/><D108/><U47/><E71/><V72/><F69/><T129/><D89/><U3/><E3/><V111/><F111/><T130/><D77/><U33/><E83/><V45/><F43/><T110/><D110/><U100/><REACH who="1" step="1"/><E58/><REACH who="1" ten="340,298,402,0" step="2"/><V38/><F2/><T68/><REACH who="0" step="1"/><D68/><REACH who="0" ten="330,298,402,0" step="2"/><U135/><E135/><V37/><F1/><T127/><D127/><U80/><E80/><V55/><F82/><T122/><N who="0" m="31264" /><T48/><D48/><AGARI ba="0,2" hai="32,33,35,42,47,48,64,65,67,91,95,98,100,101" m="31520" machi="48" ten="50,6400,0" yaku="1,1,52,1,53,1" doraHai="102" doraHaiUra="84" who="1" fromWho="0" sc="330,-64,298,84,402,0,0,0" /><INIT seed="4,0,0,1,1,32" ten="266,382,402,0" oya="0" hai0="85,52,61,73,59,89,116,84,133,35,86,121,42" hai1="69,117,48,106,68,129,2,41,104,67,115,119,88" hai2="50,103,71,83,3,57,38,46,122,77,40,128,99" hai3=""/><T45/><N who="0" m="31008" /><T53/><D35/><U94/><E129/><V58/><N who="2" m="31264" /><V72/><F128/><T132/><D73/><U0/><E67/><V112/><F112/><T114/><D114/><U109/><E115/><V54/><F71/><T130/><D130/><U105/><E109/><V120/><N who="2" m="30752" /><V76/><F76/><T92/><D53/><U90/><E48/><V80/><F80/><T111/><D111/><U60/><E41/><V70/><F70/><N who="1" m="27241" /><E60/><V36/><F3/><N who="1" m="1065" /><E94/><V98/><F98/><T126/><D126/><U56/><E56/><V62/><REACH who="2" step="1"/><F58/><REACH who="2" ten="266,382,392,0" step="2"/><T74/><D74/><U96/><E96/><V91/><F91/><AGARI ba="0,1" hai="88,90,91,104,105,106,117,119" m="1065,27241" machi="91" ten="40,12000,2" yaku="28,2,52,3,54,1" doraHai="32" who="1" fromWho="2" sc="266,0,382,130,392,-120,0,0" /><INIT seed="5,0,0,4,0,38" ten="266,512,272,0" oya="1" hai0="123,54,84,126,130,68,53,80,77,95,115,133,55" hai1="99,112,111,3,87,57,97,35,127,73,85,64,90" hai2="110,45,32,69,121,79,118,108,78,60,43,102,49" hai3=""/><U83/><E3/><V117/><N who="2" m="31008" /><V36/><F102/><T63/><N who="0" m="31520" /><T94/><D115/><U44/><E35/><V82/><F78/><T98/><D126/><U34/><E34/><V101/><F101/><T116/><D130/><U71/><E73/><V39/><F32/><T128/><D133/><U72/><E72/><V62/><F82/><T40/><D128/><U59/><E111/><N who="2" m="42539" /><F79/><T135/><D135/><U109/><E44/><V106/><F106/><T88/><D40/><U114/><E90/><V50/><F50/><T56/><D116/><N who="2" m="44650" /><F69/><T51/><D68/><U125/><E71/><V131/><F131/><T119/><D119/><U33/><E109/><V47/><F47/><T104/><D104/><U86/><E33/><V61/><AGARI ba="0,0" hai="36,39,43,45,49,60,61,62" m="44650,42539,31008" machi="61" ten="40,6000,1" yaku="34,2,52,2" doraHai="38" who="2" fromWho="2" sc="266,-20,512,-40,272,60,0,0" /><INIT seed="6,0,0,1,3,68" ten="246,472,332,0" oya="2" hai0="93,53,133,127,63,97,126,59,51,0,40,100,99" hai1="101,64,34,89,128,96,33,114,73,61,105,95,88" hai2="60,87,45,70,42,43,107,48,91,71,111,66,41" hai3=""/><V1/><F107/><T135/><D0/><U134/><E73/><V108/><F1/><T120/><N who="0" m="30752" /><T86/><D86/><U49/><E114/><V76/><F76/><T129/><D129/><U37/><E37/><V44/><F71/><T3/><D3/><U109/><E128/><V124/><F124/><T58/><D99/><U84/><E109/><N who="2" m="42059" /><F91/><T79/><D79/><U72/><E72/><V50/><F87/><T52/><REACH who="0" step="1"/><D40/><AGARI ba="0,0" hai="40,41,42,43,44,45,48,50,60,66,70" m="42059" machi="40" ten="30,5800,0" yaku="10,1,34,2" doraHai="68" who="2" fromWho="0" sc="246,-58,472,0,332,58,0,0" /><INIT seed="6,1,0,0,2,97" ten="188,472,390,0" oya="2" hai0="94,58,41,37,38,43,91,108,114,125,122,101,81" hai1="93,39,100,104,51,60,57,92,128,82,1,64,111" hai2="45,102,70,119,134,3,135,79,69,86,56,130,110" hai3=""/><V72/><F72/><T78/><N who="0" m="31264" /><T99/><D108/><U76/><E1/><V35/><F35/><T103/><D125/><U62/><E111/><V32/><F32/><T63/><D114/><U121/><N who="1" m="31008" /><U124/><E39/><V40/><F3/><T118/><D37/><U46/><E124/><V59/><F110/><T0/><D0/><U98/><E60/><V48/><F119/><T115/><D115/><U55/><E128/><V2/><F130/><T126/><D118/><U105/><E92/><V106/><F2/><T54/><D126/><U77/><E77/><V116/><F116/><T113/><D113/><U133/><E133/><N who="2" m="50699" /><F86/><AGARI ba="1,0" hai="46,51,55,57,62,64,76,82,86,93,98,100,104,105" m="31008" machi="86" ten="30,3900,0" yaku="7,1,52,2" doraHai="97" who="1" fromWho="2" sc="188,0,472,41,390,-41,0,0" owari="188,-41.0,513,46.0,349,-5.0,0,0.0" /></mjloggm>