<mjloggm ver="2.3"><GO type="169" lobby="0"/><UN n0="%E3%82%B4%E3%83%83%E3%82%B5%E3%83%A0" n1="%72%52%66%44%79%55%66" n2="%6D%61%63%70%61%63" n3="%E6%B2%96%E3%83%92%E3%82%AB%E3%83%AB%EF%BC%88%E6%9C%AC%E7%89%A9%EF%BC%89" dan="16,16,17,16" rate="2053.44,2125.04,2165.65,2057.70" sx="M,M,M,F"/><TAIKYOKU oya="0"/><INIT seed="0,0,0,5,1,55" ten="250,250,250,250" oya="0" hai0="125,43,119,24,21,122,72,63,135,26,50,57,48" hai1="84,39,27,51,80,47,96,88,104,61,1,133,132" hai2="100,5,4,74,49,95,99,20,17,16,101,109,18" hai3="129,68,46,79,82,69,91,86,14,120,42,73,28"/><T31/><D119/><U97/><E39/><V40/><F74/><W83/><G129/><T70/><D122/><U11/><E27/><V41/><F109/><W38/><G120/><T30/><D72/><U111/><E111/><V2/><F20/><W118/><G118/><T33/><D125/><U65/><E11/><V87/><F2/><W78/><G28/><T32/><D135/><N who="1" m="51787" /><E104/><V0/><F0/><W112/><G112/><T81/><D21/><U110/><E1/><V9/><F100/><W56/><G79/><T106/><D70/><N who="1" m="42287" /><E110/><V94/><F9/><W103/><G103/><T105/><D81/><U44/><E44/><V59/><F41/><AGARI ba="0,0" hai="41,47,51,80,84,88,96,97" m="42287,51787" machi="41" ten="30,2000,0" yaku="20,1,54,1" doraHai="55" who="1" fromWho="2" sc="250,0,250,20,250,-20,250,0" /><INIT seed="1,0,0,3,4,12" ten="250,270,230,250" oya="1" hai0="84,28,67,19,124,27,118,32,5,51,122,121,128" hai1="83,94,78,107,115,0,74,35,22,135,82,41,91" hai2="76,4,44,132,72,102,92,101,8,104,38,87,45" hai3="119,20,62,63,131,47,129,24,16,100,3,40,49"/><U43/><E35/><V108/><F108/><W31/><G3/><T25/><D67/><U117/><E115/><V15/><F132/><W93/><G119/><T33/><D51/><U81/><E117/><V46/><F38/><W61/><G31/><N who="0" m="19567" /><D84/><U18/><E135/><V85/><F104/><W96/><AGARI ba="0,0" hai="16,20,24,40,47,49,61,62,63,93,96,100,129,131" machi="96" ten="30,4000,0" yaku="0,1,52,1,54,1" doraHai="12" who="3" fromWho="3" sc="250,-10,270,-20,230,-10,250,40" /><INIT seed="2,0,0,0,4,88" ten="240,250,220,290" oya="2" hai0="135,28,86,24,23,118,115,49,112,1,38,41,100" hai1="35,9,132,19,94,12,130,56,14,73,119,84,26" hai2="31,122,74,87,103,101,10,54,72,64,133,51,0" hai3="36,66,52,134,75,116,8,42,15,39,27,37,92"/><V127/><F122/><W80/><G116/><T123/><D123/><U55/><E130/><V91/><F133/><W65/><G134/><T45/><D135/><U60/><E119/><V131/><F131/><W50/><G42/><T53/><D1/><U63/><E132/><V34/><F127/><W43/><G43/><T3/><D3/><U124/><E73/><V13/><F64/><W71/><G27/><T126/><D118/><U16/><E124/><V44/><F0/><W120/><G120/><T59/><D126/><U77/><E26/><V82/><F34/><W61/><G66/><T40/><D40/><U117/><E35/><V99/><F31/><W11/><G15/><T57/><D100/><U46/><E46/><V4/><REACH who="2" step="1"/><F101/><REACH who="2" ten="240,250,210,290" step="2"/><W104/><G65/><T95/><D112/><U107/><E117/><V89/><F89/><W111/><G71/><T5/><D115/><U58/><E77/><V121/><F121/><W125/><G125/><T62/><D28/><U47/><E47/><V33/><F33/><W98/><G39/><T97/><D45/><U129/><E129/><V21/><F21/><W102/><G37/><T113/><D23/><U128/><E128/><V78/><F78/><W17/><G102/><T6/><D38/><U76/><E76/><V109/><F109/><W29/><G111/><T105/><D113/><U20/><E20/><V81/><F81/><W96/><G80/><T68/><D41/><U30/><E9/><V93/><AGARI ba="0,1" hai="4,10,13,44,51,54,72,74,82,87,91,93,99,103" machi="93" ten="20,12000,1" yaku="1,1,0,1,7,1,52,1,53,1" doraHai="88" doraHaiUra="48" who="2" fromWho="2" sc="240,-40,250,-40,210,130,290,-40" /><INIT seed="2,1,0,5,3,112" ten="200,210,340,250" oya="2" hai0="10,93,20,58,63,85,32,108,23,60,135,1,79" hai1="123,40,133,100,121,73,56,77,36,129,81,126,106" hai2="49,104,90,111,35,61,67,68,124,95,82,14,83" hai3="19,92,72,41,52,16,42,128,105,117,8,69,17"/><V132/><F104/><W127/><G105/><T64/><D32/><U103/><E126/><V122/><F122/><N who="1" m="46601" /><E129/><V70/><F35/><W65/><G72/><T22/><D108/><U94/><E133/><V30/><F30/><W96/><G128/><T6/><D135/><U9/><E106/><V44/><F132/><W134/><G134/><T78/><D85/><U84/><E56/><V131/><F131/><W43/><G127/><T113/><D113/><U21/><E21/><V114/><F114/><W62/><G117/><T25/><D93/><U107/><E9/><V27/><F124/><W54/><REACH who="3" step="1"/><G8/><REACH who="3" ten="200,210,340,240" step="2"/><T87/><D25/><U98/><E107/><V11/><F27/><W13/><G13/><T130/><D130/><U80/><E73/><V0/><F14/><W15/><G15/><T46/><D10/><U115/><E115/><V31/><F11/><W109/><G109/><T34/><D6/><U110/><E110/><V37/><F111/><W55/><G55/><T76/><D1/><U120/><E120/><V4/><F4/><W74/><G74/><T18/><D64/><U47/><E40/><V59/><F0/><W28/><G28/><T5/><D5/><U125/><E125/><V45/><F31/><W91/><AGARI ba="1,1" hai="16,17,19,41,42,43,52,54,62,65,69,91,92,96" machi="91" ten="30,8000,1" yaku="1,1,0,1,54,2,53,1" doraHai="112" doraHaiUra="86" who="3" fromWho="3" sc="200,-21,210,-21,340,-41,240,93" /><INIT seed="3,0,0,2,2,114" ten="179,189,299,333" oya="3" hai0="68,43,24,103,108,96,8,32,97,110,125,31,21" hai1="117,102,134,36,106,33,84,57,63,46,61,77,5" hai2="67,123,100,58,22,129,80,35,122,65,104,85,109" hai3="133,66,111,52,70,101,91,50,2,47,59,9,64"/><W25/><G133/><T112/><D112/><U86/><E134/><V99/><F35/><W135/><G135/><T49/><D125/><U20/><E33/><V72/><F109/><N who="0" m="42090" /><D68/><U76/><E5/><V55/><F72/><W89/><G101/><T128/><D128/><U71/><E71/><V7/><F7/><W10/><G70/><T29/><D8/><N who="3" m="3177" /><G2/><T74/><D74/><U120/><E120/><N who="2" m="46123" /><F22/><W30/><G111/><T60/><D60/><U14/><E63/><N who="2" m="36319" /><F129/><W127/><G127/><T105/><D96/><U39/><E61/><V17/><F17/><W51/><G25/><N who="0" m="18479" /><D49/><U124/><E124/><V44/><F44/><W87/><G30/><T78/><D43/><U82/><E46/><V37/><F37/><W132/><G132/><T45/><D45/><U83/><E39/><V19/><F19/><W113/><G113/><T118/><D78/><AGARI ba="0,0" hai="65,67,78,80,85,99,100,104" m="36319,46123" machi="78" ten="30,1000,0" yaku="13,1" doraHai="114" who="2" fromWho="0" sc="179,-10,189,0,299,10,333,0" /><INIT seed="4,0,0,3,2,70" ten="169,189,309,333" oya="0" hai0="107,32,16,97,62,131,66,24,74,87,54,78,59" hai1="83,41,71,119,50,25,11,37,95,3,103,127,75" hai2="49,48,28,51,12,42,6,134,23,96,30,82,109" hai3="5,117,106,123,124,100,114,126,45,17,130,31,105"/><T125/><D131/><U56/><E127/><V76/><F109/><W81/><G5/><T47/><D125/><N who="3" m="48233" /><G31/><T0/><D74/><U112/><E119/><V90/><F134/><W61/><G17/><T29/><D0/><U63/><E71/><V86/><F42/><W118/><G45/><T35/><D35/><U38/><E25/><V13/><F6/><W93/><G61/><T1/><D1/><U39/><E3/><V14/><REACH who="2" step="1"/><F23/><REACH who="2" ten="169,189,299,333" step="2"/><W52/><G123/><T84/><D78/><U132/><E41/><V55/><F55/><W22/><G52/><T10/><D54/><U53/><E53/><V99/><F99/><N who="3" m="59503" /><G22/><T65/><D65/><U19/><E132/><V110/><F110/><W57/><G130/><T73/><D47/><U121/><E121/><V129/><F129/><W69/><G69/><T77/><D77/><U94/><E11/><V8/><F8/><W26/><G57/><T101/><REACH who="0" step="1"/><D73/><REACH who="0" ten="159,189,299,333" step="2"/><U4/><E75/><V34/><F34/><W135/><G135/><T40/><D40/><U122/><E122/><V79/><F79/><W133/><G133/><T113/><D113/><U85/><E112/><V43/><F43/><W128/><G114/><T64/><D64/><U33/><E33/><V91/><F91/><W18/><G128/><T27/><D27/><U67/><E67/><V102/><F102/><W20/><G118/><T111/><D111/><U120/><E103/><V89/><F89/><W115/><G117/><T2/><D2/><U46/><E120/><V21/><F21/><W72/><G115/><T80/><D80/><U88/><E83/><RYUUKYOKU ba="0,2" sc="159,10,189,-30,299,10,333,10" hai0="10,16,24,29,32,59,62,66,84,87,97,101,107" hai2="12,13,14,28,30,48,49,51,76,82,86,90,96" hai3="18,20,26,72,81,105,106" /><INIT seed="4,1,2,1,2,60" ten="169,159,309,343" oya="0" hai0="85,36,122,20,33,11,117,52,114,41,119,126,111" hai1="76,131,28,70,23,130,43,121,99,87,39,77,95" hai2="3,82,102,80,0,107,14,105,63,61,49,112,24" hai3="88,6,133,125,47,55,48,124,93,84,113,64,108"/><T45/><D122/><U50/><E121/><V78/><F14/><W135/><G108/><T100/><D33/><U92/><E70/><V57/><F49/><W15/><G113/><T67/><D114/><U46/><E39/><V9/><F112/><W4/><G64/><T123/><D123/><U40/><E40/><V101/><F24/><W109/><G109/><T134/><D111/><U98/><E87/><V106/><F9/><N who="3" m="4519" /><G6/><T42/><D42/><U75/><E75/><V10/><F10/><W129/><G129/><N who="1" m="49162" /><E95/><V2/><F63/><W30/><G30/><T132/><D117/><U65/><E65/><V68/><F68/><W17/><G17/><T31/><D119/><U12/><E12/><V69/><F69/><W16/><G16/><T71/><D85/><U27/><E99/><V44/><F44/><W120/><G120/><T73/><D73/><U81/><E81/><V115/><F115/><W38/><G38/><T116/><D116/><U21/><E21/><V127/><F80/><W25/><G25/><N who="0" m="16807" /><D71/><U34/><E34/><V94/><F3/><W51/><G48/><N who="0" m="28687" /><D11/><U86/><E86/><N who="2" m="48471" /><F2/><W110/><G110/><T83/><D83/><U22/><E22/><V79/><F57/><W56/><G56/><T5/><D67/><U96/><E96/><V18/><F0/><W66/><G66/><T90/><D36/><U104/><E104/><V29/><F106/><W32/><G32/><T58/><D58/><U89/><AGARI ba="1,2" hai="23,27,28,43,46,50,76,77,89,92,98" m="49162" machi="89" ten="30,1100,0" yaku="19,1" doraHai="60" who="1" fromWho="1" sc="169,-6,159,34,309,-4,343,-4" /><INIT seed="5,0,0,2,1,11" ten="163,193,305,339" oya="1" hai0="0,119,53,68,81,60,45,80,30,47,93,129,46" hai1="58,56,3,120,114,105,72,6,38,55,19,79,64" hai2="117,10,77,106,94,9,86,17,13,67,122,100,130" hai3="39,66,96,107,131,61,90,5,70,63,87,82,126"/><U101/><E120/><V18/><F117/><W16/><G39/><T48/><D119/><U15/><E38/><V28/><F122/><W104/><G131/><T2/><D129/><U50/><E114/><V23/><F130/><W113/><G126/><T85/><D30/><U75/><E6/><V76/><F106/><W116/><G116/><T22/><D0/><U121/><E3/><V73/><F73/><W20/><G5/><T134/><D134/><U102/><E121/><V51/><F67/><W111/><G111/><T78/><D2/><U115/><E115/><V1/><F1/><W125/><G125/><T88/><D22/><U110/><E110/><V112/><F28/><W49/><G49/><T123/><D80/><U95/><E105/><V69/><F69/><W103/><G63/><T44/><D123/><U54/><E64/><V135/><F135/><W92/><G113/><T83/><D68/><U25/><E25/><AGARI ba="0,0" hai="16,20,25,61,66,70,82,87,90,92,96,103,104,107" machi="25" ten="30,2000,0" yaku="7,1,54,1" doraHai="11" who="3" fromWho="1" sc="163,0,193,-20,305,0,339,20" /><INIT seed="6,0,0,4,3,37" ten="163,173,305,359" oya="2" hai0="106,26,41,102,89,10,71,66,24,15,14,113,100" hai1="111,76,59,16,94,125,82,7,131,8,70,123,50" hai2="126,36,54,43,104,62,128,121,112,45,53,67,109" hai3="35,34,46,21,108,78,127,79,12,83,92,85,56"/><V134/><F121/><W2/><G2/><T110/><D106/><U52/><E111/><V130/><F104/><W39/><G108/><T124/><D71/><U74/><E125/><V72/><F72/><W86/><G127/><T60/><D124/><U115/><E131/><N who="2" m="50219" /><F126/><W40/><G56/><N who="0" m="37127" /><D110/><U1/><E115/><V97/><F109/><W96/><G12/><N who="0" m="4651" /><D89/><U30/><E123/><V98/><F112/><W61/><G21/><T38/><D38/><U42/><E70/><N who="2" m="42359" /><F134/><W13/><G13/><T99/><D99/><AGARI ba="0,0" hai="36,43,45,53,54,97,98,99" m="42359,50219" machi="99" ten="30,2900,0" yaku="19,1,52,1" doraHai="37" who="2" fromWho="0" sc="163,-29,173,0,305,29,359,0" /><INIT seed="6,1,0,2,2,68" ten="134,173,334,359" oya="2" hai0="100,46,83,118,9,73,12,61,60,80,17,11,86" hai1="112,95,58,70,93,42,87,14,82,75,21,69,4" hai2="47,16,99,40,123,119,134,104,72,44,125,77,65" hai3="35,37,59,22,90,54,63,96,117,120,102,130,41"/><V56/><F119/><W53/><G117/><T92/><D118/><U98/><E75/><V106/><F123/><W97/><G35/><T84/><D73/><U71/><E112/><V101/><F134/><W36/><G120/><T15/><D100/><U43/><E58/><V26/><F125/><W55/><G130/><T13/><D92/><U91/><E95/><V29/><F104/><W132/><G132/><T3/><D3/><U103/><REACH who="1" step="1"/><E21/><REACH who="1" ten="134,163,334,359" step="2"/><V30/><F56/><W116/><G22/><T1/><D46/><U25/><E25/><V5/><F47/><W45/><G116/><T64/><D1/><U28/><E28/><V113/><F29/><W31/><G31/><T2/><D2/><U24/><E24/><V78/><F72/><W33/><G59/><N who="0" m="36895" /><D61/><U85/><E85/><N who="0" m="32873" /><D12/><U94/><E94/><V109/><F113/><W126/><G63/><T79/><D79/><U51/><E51/><V23/><F30/><W10/><G45/><T6/><AGARI ba="1,1" hai="6,9,11,13,15,17,80,83" m="32873,36895" machi="6" ten="30,1100,0" yaku="8,1" doraHai="68" who="0" fromWho="0" sc="134,24,163,-4,334,-6,359,-4" /><INIT seed="7,0,0,1,0,133" ten="158,159,328,355" oya="3" hai0="76,0,14,66,93,38,86,51,6,13,118,67,105" hai1="57,123,3,21,7,45,52,10,70,22,89,102,12" hai2="41,1,33,35,88,111,128,125,37,4,84,74,72" hai3="63,114,39,131,43,61,60,119,8,90,25,110,30"/><W124/><G119/><T116/><D38/><U120/><E70/><V2/><F111/><W32/><G110/><T132/><D105/><U71/><E71/><V91/><F128/><W115/><G131/><T135/><D0/><U85/><E102/><V48/><F37/><W40/><G124/><T122/><D122/><U26/><E45/><V98/><F98/><W46/><G43/><T36/><D36/><U127/><E3/><V58/><F125/><W68/><G90/><N who="0" m="53463" /><D51/><U92/><E127/><V100/><F100/><W81/><G81/><T77/><D13/><U80/><E80/><V29/><F29/><W5/><REACH who="3" step="1"/><G68/><REACH who="3" ten="158,159,328,345" step="2"/><T49/><D116/><U69/><E69/><V79/><F79/><N who="0" m="30282" /><D118/><U62/><E120/><V96/><F41/><W50/><G50/><T103/><D49/><U104/><E123/><V82/><F48/><W117/><G117/><T54/><D54/><U9/><E52/><V19/><F58/><W15/><AGARI ba="0,1" hai="5,8,15,25,30,32,39,40,46,60,61,63,114,115" machi="15" ten="30,3000,0" yaku="1,1,0,1,53,0" doraHai="133" doraHaiUra="53" who="3" fromWho="3" sc="158,-10,159,-10,328,-10,345,40" owari="148,-35.0,149,-25.0,318,12.0,385,48.0" /></mjloggm>