<mjloggm ver="2.3"><GO type="169" lobby="0"/><UN n0="%53%2E%44%61%6E%63%65%72" n1="%E3%81%BE%E3%81%99%E3%81%9E%E3%81%88" n2="%67%75%73%68" n3="%75%72%61%74%61%6D%61" dan="18,16,16,16" rate="2298.25,2105.02,2135.23,2078.18" sx="M,M,M,M"/><TAIKYOKU oya="0"/><INIT seed="0,0,0,4,1,28" ten="250,250,250,250" oya="0" hai0="109,38,30,52,74,106,127,36,122,66,35,26,61" hai1="112,68,118,4,115,135,15,103,67,2,32,70,65" hai2="31,6,18,132,130,114,77,44,20,83,85,59,11" hai3="99,17,33,87,5,29,51,80,110,120,19,107,60"/><T56/><D122/><U126/><E118/><V23/><F114/><N who="1" m="43561" /><E135/><V117/><F132/><W54/><G110/><T93/><D109/><U104/><E126/><V119/><F130/><W95/><G107/><T27/><D127/><U79/><E2/><V89/><F59/><W134/><G60/><T96/><D74/><U100/><E79/><V21/><F31/><W64/><G64/><N who="1" m="24650" /><E104/><V47/><F18/><W45/><G5/><T108/><D108/><U128/><E128/><V129/><F129/><W40/><G40/><T46/><D27/><U94/><E94/><V62/><F62/><W7/><G7/><T75/><D75/><U102/><E32/><V88/><F119/><W57/><G134/><T48/><REACH who="0" step="1"/><D106/><REACH who="0" ten="240,250,250,250" step="2"/><U91/><E15/><V97/><F117/><W63/><G120/><T9/><D9/><U25/><E25/><V105/><F105/><W125/><G125/><T73/><D73/><U92/><E4/><V90/><REACH who="2" step="1"/><F97/><AGARI ba="0,1" hai="68,70,91,92,97,100,102,103" m="24650,43561" machi="97" ten="30,1000,0" yaku="11,1" doraHai="28" who="1" fromWho="2" sc="240,0,250,20,250,-10,250,0" /><INIT seed="1,0,0,5,5,107" ten="240,270,240,250" oya="1" hai0="20,52,26,6,61,68,101,60,71,131,120,16,62" hai1="0,115,29,92,98,24,30,123,63,21,54,104,81" hai2="55,66,47,51,42,70,77,69,88,103,41,72,122" hai3="91,87,50,106,112,128,40,45,118,117,102,74,2"/><U119/><E115/><V96/><F122/><W56/><G112/><T57/><D120/><U109/><E119/><V132/><F132/><W84/><G2/><T27/><D131/><U65/><E123/><V135/><F135/><W97/><G128/><T134/><D134/><U44/><E0/><V36/><F41/><W32/><G32/><T15/><D101/><U23/><E104/><V100/><F100/><W34/><G34/><T1/><D1/><U105/><E105/><V127/><F127/><W125/><G125/><T76/><D76/><U49/><E109/><V48/><F48/><W130/><G130/><T99/><D99/><U39/><E39/><V90/><F69/><W19/><G19/><T93/><D93/><U85/><E65/><V108/><F108/><W11/><G11/><T82/><D82/><U5/><E63/><V114/><F114/><W38/><G84/><T53/><D6/><U28/><E5/><V25/><F25/><W9/><G9/><T83/><D83/><U12/><E12/><V80/><F66/><W129/><G74/><T18/><D27/><U31/><E21/><V121/><F70/><W8/><G8/><T94/><D94/><U33/><E33/><V43/><F43/><W3/><G3/><T116/><D116/><U64/><E64/><V73/><F73/><W59/><G129/><T22/><D62/><U46/><E46/><N who="2" m="23879" /><F121/><W79/><G117/><T126/><D126/><U78/><REACH who="1" step="1"/><E31/><REACH who="1" ten="240,260,240,250" step="2"/><V133/><F133/><W110/><G118/><T124/><D124/><U13/><E13/><V67/><F67/><W17/><G110/><RYUUKYOKU ba="0,1" sc="240,10,260,10,240,10,250,-30" hai0="15,16,18,20,22,26,52,53,57,60,61,68,71" hai1="23,24,28,29,30,44,49,54,78,81,85,92,98" hai2="47,51,55,72,77,80,88,90,96,103" /><INIT seed="1,1,1,1,3,37" ten="250,270,250,220" oya="1" hai0="18,83,46,109,42,45,87,133,85,91,118,30,88" hai1="43,119,75,126,80,17,54,94,68,65,47,123,28" hai2="59,120,130,1,89,67,99,105,113,26,128,6,103" hai3="132,127,93,117,111,20,12,48,51,108,21,74,77"/><U10/><E123/><V35/><F120/><W60/><G117/><T15/><D118/><U25/><E119/><V92/><F113/><W4/><G132/><T78/><D133/><U70/><E126/><V31/><F6/><W19/><G4/><T29/><D109/><U32/><E54/><V82/><F1/><W9/><G127/><T84/><D84/><U96/><E65/><V5/><F5/><W110/><G60/><T107/><D107/><U97/><E97/><V69/><F59/><W58/><G77/><T36/><D46/><U33/><E33/><V104/><F82/><W106/><G106/><T121/><D121/><U14/><E80/><V41/><F41/><W34/><G74/><T95/><REACH who="0" step="1"/><D78/><REACH who="0" ten="240,270,250,220" step="2"/><U112/><E75/><V71/><F105/><W134/><G134/><T55/><D55/><U3/><E112/><V101/><F104/><W63/><G111/><T66/><D66/><U61/><E3/><V135/><F135/><W115/><G115/><T76/><D76/><U22/><E32/><V2/><F2/><W73/><G34/><T39/><D39/><U72/><E72/><V13/><F67/><N who="3" m="39415" /><G73/><T100/><D100/><U90/><E61/><V27/><F103/><W38/><G38/><AGARI ba="1,2" hai="10,14,17,22,25,28,38,43,47,68,70,90,94,96" machi="38" ten="30,2900,0" yaku="7,1,52,1" doraHai="37" who="1" fromWho="3" sc="240,0,270,52,250,0,220,-32" /><INIT seed="1,2,0,4,2,94" ten="240,322,250,188" oya="1" hai0="124,45,119,93,56,112,58,87,53,59,54,4,48" hai1="135,91,70,66,84,3,126,36,88,50,133,101,23" hai2="10,107,111,20,22,86,26,24,6,37,41,49,108" hai3="57,16,115,82,19,85,79,114,11,134,117,103,109"/><U68/><E3/><V21/><F107/><W52/><G117/><T123/><D119/><U121/><E121/><V83/><F37/><W127/><G134/><N who="1" m="51210" /><E126/><V90/><F41/><W125/><G109/><N who="2" m="42057" /><F49/><N who="3" m="30863" /><G103/><T13/><D112/><N who="3" m="43049" /><G11/><N who="0" m="4327" /><D124/><AGARI ba="2,0" hai="16,19,79,82,85,124,125,127" m="43049,30863" machi="124" ten="30,3900,0" yaku="18,1,54,2" doraHai="94" who="3" fromWho="0" sc="240,-45,322,0,250,0,188,45" /><INIT seed="2,0,0,0,2,84" ten="195,322,250,233" oya="2" hai0="135,73,81,113,105,79,132,91,85,6,123,64,0" hai1="54,29,121,9,32,51,30,101,52,18,129,80,58" hai2="27,36,45,98,5,47,90,108,122,78,53,68,77" hai3="106,31,15,134,119,127,34,3,25,48,67,16,49"/><V124/><F122/><W57/><G106/><T62/><D123/><U125/><E121/><V94/><F68/><W128/><G119/><T111/><D113/><U114/><E114/><V88/><F124/><W70/><G70/><T59/><D111/><U118/><E118/><V86/><F108/><W83/><G128/><T75/><D105/><U24/><E129/><V71/><F71/><W74/><G134/><T131/><D131/><U60/><E125/><V39/><F5/><W11/><G127/><T42/><D42/><U97/><E80/><N who="2" m="49223" /><F36/><W63/><REACH who="3" step="1"/><G3/><REACH who="3" ten="195,322,250,223" step="2"/><T56/><D135/><U13/><E32/><V20/><F39/><W110/><G110/><T19/><D132/><U126/><E126/><V8/><F8/><W10/><G10/><T41/><D0/><U26/><E30/><N who="2" m="17767" /><F53/><W99/><G99/><T93/><D64/><U1/><E1/><V2/><F2/><W100/><G100/><T28/><D28/><U22/><E9/><V7/><F7/><W4/><G4/><T23/><D6/><U133/><E29/><V95/><F95/><W92/><G92/><T104/><D93/><N who="1" m="58543" /><E133/><V35/><F35/><W109/><G109/><T61/><D104/><U43/><E43/><V17/><F17/><W96/><G96/><T21/><D41/><U12/><E26/><V115/><F115/><W112/><G112/><T120/><D120/><U89/><E54/><V107/><F107/><W55/><G55/><N who="0" m="33951" /><D19/><U14/><E60/><V130/><F130/><W38/><G38/><T65/><D62/><U76/><E24/><V103/><F103/><W117/><G117/><RYUUKYOKU ba="0,1" sc="195,-15,322,-15,250,15,223,15" hai2="45,47,77,78,90,94,98" hai3="11,15,16,25,31,34,48,49,57,63,67,74,83" /><INIT seed="2,1,1,0,3,86" ten="180,307,265,238" oya="2" hai0="20,92,134,107,67,112,132,83,12,9,135,116,69" hai1="76,81,16,74,114,128,77,95,62,21,78,36,57" hai2="109,28,55,102,24,34,25,84,10,30,104,42,19" hai3="80,56,33,53,46,120,8,64,124,117,85,54,130"/><V118/><F118/><W123/><G117/><T91/><D107/><U32/><E114/><V40/><F109/><W72/><G72/><T127/><D116/><U43/><E128/><V111/><F111/><W113/><G33/><T126/><D112/><U1/><E1/><V100/><F55/><W4/><G113/><T68/><D83/><U15/><E32/><V27/><F84/><W103/><G103/><T129/><D20/><U105/><E105/><V96/><F102/><W37/><G130/><T131/><D67/><U93/><E36/><V7/><F19/><W17/><G17/><N who="0" m="8335" /><D68/><U60/><E43/><V51/><F51/><W47/><G64/><T110/><D69/><U121/><E62/><V59/><F59/><W22/><G22/><T31/><D31/><U73/><E121/><V26/><REACH who="2" step="1"/><F30/><REACH who="2" ten="180,307,255,238" step="2"/><W13/><G123/><T49/><D49/><U99/><E74/><V2/><AGARI ba="1,2" hai="2,7,10,24,25,26,27,28,34,40,42,96,100,104" machi="2" ten="30,6000,0" yaku="1,1,2,1,0,1,53,0" doraHai="86" doraHaiUra="115" who="2" fromWho="2" sc="180,-21,307,-21,255,83,238,-21" /><INIT seed="2,2,0,0,3,62" ten="159,286,338,217" oya="2" hai0="0,100,39,13,99,67,88,43,113,71,70,97,132" hai1="8,125,94,26,21,135,38,120,29,35,127,106,36" hai2="54,50,134,87,82,30,17,42,110,1,65,51,121" hai3="119,25,41,49,123,33,109,108,76,89,66,40,44"/><V6/><F121/><W69/><G119/><T46/><D113/><U58/><E106/><V111/><F30/><W37/><G76/><T31/><D0/><U74/><E120/><V24/><F134/><W11/><G123/><T63/><D132/><U85/><E74/><V73/><F73/><W47/><G11/><T57/><D31/><U115/><E115/><V131/><F131/><W96/><G89/><T9/><D99/><U72/><E72/><V107/><F107/><W16/><G96/><T27/><D27/><U93/><E135/><V32/><F42/><N who="3" m="22607" /><G16/><T12/><D12/><U19/><E127/><V18/><F32/><W28/><G25/><T84/><D97/><U98/><E125/><V92/><F92/><W102/><G102/><T81/><REACH who="0" step="1"/><D100/><REACH who="0" ten="149,286,338,217" step="2"/><U59/><E26/><V14/><F1/><W122/><G28/><T77/><D77/><U91/><E29/><V5/><F24/><W60/><G122/><T22/><D22/><U95/><E21/><V34/><F34/><W83/><G33/><T80/><D80/><U78/><E35/><V101/><F101/><W64/><G83/><T45/><D45/><U118/><E78/><V52/><F14/><W7/><G109/><T124/><D124/><U117/><E98/><V20/><F82/><W103/><G103/><T105/><D105/><U79/><E79/><V2/><F2/><W104/><G104/><T86/><D86/><U23/><E85/><V129/><F20/><W10/><G108/><T112/><D112/><U56/><E23/><V133/><F87/><W15/><G47/><T114/><D114/><RYUUKYOKU ba="2,1" sc="149,30,286,-10,338,-10,217,-10" hai0="9,13,39,43,46,57,63,67,70,71,81,84,88" /><INIT seed="3,3,1,5,2,8" ten="179,276,328,207" oya="3" hai0="119,33,11,28,18,70,105,99,59,135,64,128,74" hai1="17,29,130,7,100,69,102,81,72,45,22,56,94" hai2="6,114,9,91,121,98,47,67,73,88,44,16,90" hai3="104,115,54,123,52,125,24,68,129,113,124,133,26"/><W103/><G123/><T0/><D119/><U57/><E69/><V131/><F114/><W14/><G68/><T46/><D74/><U38/><E130/><V71/><F131/><W62/><G129/><T3/><D128/><U66/><E38/><V50/><F121/><W65/><G133/><T78/><D78/><U61/><E72/><V63/><F73/><W36/><G36/><T107/><D59/><U23/><E7/><V79/><F79/><W76/><G76/><T39/><D107/><U55/><E45/><V27/><F98/><W20/><G103/><N who="0" m="62719" /><D135/><U49/><E81/><V95/><F95/><W77/><G77/><T41/><D18/><U42/><E42/><V51/><F44/><W53/><G104/><T108/><D11/><U111/><E111/><V13/><REACH who="2" step="1"/><F47/><REACH who="2" ten="179,276,318,207" step="2"/><W12/><G113/><T106/><D106/><U15/><E94/><V132/><F132/><W58/><G115/><T34/><D108/><U10/><E29/><V21/><AGARI ba="3,2" hai="6,9,13,16,21,27,50,51,63,67,71,88,90,91" machi="21" ten="30,8000,1" yaku="1,1,0,1,52,1,54,2,53,0" doraHai="8" doraHaiUra="122" who="2" fromWho="2" sc="179,-23,276,-23,318,109,207,-43" /><INIT seed="4,0,0,1,3,69" ten="156,253,427,164" oya="0" hai0="27,101,79,24,127,51,13,26,46,65,93,132,96" hai1="87,48,74,41,31,8,85,52,60,42,103,63,1" hai2="131,0,20,40,112,23,6,67,11,80,95,62,2" hai3="81,38,78,102,33,5,89,91,59,135,116,129,118"/><T98/><D132/><U134/><E74/><V125/><F125/><W99/><G135/><T124/><D79/><U82/><E134/><V30/><F112/><W90/><G33/><T108/><D108/><U39/><E1/><V111/><F111/><W128/><G59/><T77/><D77/><U50/><E103/><V64/><F0/><W130/><G38/><T104/><D65/><U57/><E39/><V37/><F131/><W9/><G9/><T110/><D110/><U122/><E122/><V55/><F80/><W119/><G5/><T75/><D13/><U15/><E31/><V47/><F95/><W17/><G17/><T70/><D70/><U105/><E105/><V58/><F30/><W12/><G12/><T83/><D83/><U84/><E82/><V73/><F73/><N who="3" m="43215" /><G102/><T29/><D75/><U88/><E48/><V97/><F97/><AGARI ba="0,0" hai="89,90,91,97,99,116,118,119,128,129,130" m="43215" machi="97" ten="50,8000,1" yaku="29,2,19,1,34,2" doraHai="69" who="3" fromWho="2" sc="156,0,253,0,427,-80,164,80" /><INIT seed="5,0,0,3,0,52" ten="156,253,347,244" oya="1" hai0="13,12,105,19,60,80,85,37,91,69,67,115,72" hai1="27,14,100,7,129,95,63,96,36,122,108,11,49" hai2="1,130,3,34,22,30,90,28,56,59,9,29,47" hai3="40,31,120,93,135,107,42,23,58,2,57,89,82"/><U50/><E122/><V103/><F34/><W102/><G2/><T106/><D115/><U44/><E129/><V32/><F32/><W133/><G82/><T116/><D116/><U61/><E108/><V86/><F130/><W125/><G102/><T35/><D37/><U51/><E36/><V68/><F68/><W83/><G83/><T109/><D109/><U70/><E70/><V26/><F103/><W78/><G78/><T84/><D72/><U41/><E27/><V92/><F47/><W126/><G107/><T38/><D38/><U55/><REACH who="1" step="1"/><E51/><REACH who="1" ten="156,243,347,244" step="2"/><V20/><F1/><W39/><G120/><T33/><D33/><U110/><E110/><V66/><F26/><N who="3" m="16863" /><G39/><T4/><D35/><U74/><E74/><V81/><F3/><W5/><G5/><T43/><D4/><U45/><AGARI ba="0,1" hai="7,11,14,41,44,45,49,50,55,61,63,95,96,100" machi="45" ten="20,7800,0" yaku="1,1,0,1,7,1,8,1,53,0" doraHai="52" doraHaiUra="123" who="1" fromWho="1" sc="156,-26,243,88,347,-26,244,-26" /><INIT seed="5,1,0,1,1,2" ten="130,331,321,218" oya="1" hai0="77,130,93,60,52,7,53,42,34,89,124,36,39" hai1="91,31,110,8,43,6,59,46,29,111,25,57,20" hai2="10,3,27,37,127,117,78,71,68,58,48,114,65" hai3="84,109,64,90,14,115,13,21,80,122,23,101,44"/><U47/><E31/><V103/><F117/><W134/><G122/><T38/><D124/><U133/><E133/><V98/><F127/><W125/><G125/><T28/><D130/><U41/><E91/><V51/><F37/><W126/><G126/><T82/><D42/><U129/><E129/><V105/><F114/><W76/><G134/><T54/><D28/><U35/><E35/><V75/><F51/><W33/><G33/><T131/><D34/><U22/><E8/><V55/><F65/><W70/><G101/><T32/><D32/><U85/><E29/><V113/><F113/><W61/><G109/><T79/><D131/><U74/><E85/><V17/><F27/><W72/><G44/><T62/><D7/><U104/><E25/><V118/><F118/><W120/><G120/><T50/><D50/><U112/><E112/><V56/><F56/><W15/><REACH who="3" step="1"/><G115/><REACH who="3" ten="130,331,321,208" step="2"/><T116/><D116/><U40/><E47/><V30/><F103/><W121/><G121/><T86/><REACH who="0" step="1"/><D77/><REACH who="0" ten="120,331,321,208" step="2"/><U123/><E123/><V87/><F78/><W88/><G88/><T9/><D9/><U107/><E22/><V106/><F10/><W119/><G119/><T45/><D45/><U18/><E20/><V24/><F48/><W94/><AGARI ba="1,2" hai="13,14,15,21,23,61,64,70,72,76,80,84,90,94" machi="94" ten="30,2000,0" yaku="1,1,0,1,53,0" doraHai="2" doraHaiUra="100" who="3" fromWho="3" sc="120,-6,331,-11,321,-6,208,43" /><INIT seed="6,0,0,3,1,15" ten="114,320,315,251" oya="2" hai0="106,91,6,123,31,122,58,42,4,72,112,98,9" hai1="18,45,20,53,80,117,121,119,16,86,84,101,134" hai2="115,132,90,19,47,135,60,29,14,78,109,44,21" hai3="52,103,85,77,88,65,27,70,38,63,93,3,36"/><V116/><F116/><W129/><G3/><T7/><D72/><U61/><E119/><V126/><F126/><W46/><G129/><T96/><D42/><U127/><E117/><V56/><F115/><W100/><G77/><T133/><D106/><U128/><E127/><V94/><F78/><W68/><G70/><T64/><D112/><U22/><E128/><V114/><F114/><W62/><G27/><T125/><D125/><U49/><E134/><N who="2" m="51243" /><F29/><W76/><G76/><T120/><D133/><U54/><E101/><V8/><F21/><N who="1" m="8297" /><E121/><V1/><F1/><W10/><G10/><T79/><D79/><N who="1" m="46111" /><E86/><N who="2" m="52567" /><F109/><W74/><G74/><T130/><D130/><U0/><E0/><V82/><F82/><W23/><G23/><T25/><D9/><U57/><AGARI ba="0,0" hai="16,18,45,49,53,54,57,61" m="46111,8297" machi="57" ten="30,7900,0" yaku="8,1,52,2,54,1" doraHai="15" who="1" fromWho="1" sc="114,-20,320,79,315,-39,251,-20" /><INIT seed="7,0,0,5,3,105" ten="94,399,276,231" oya="3" hai0="115,7,122,50,113,19,92,22,66,126,52,132,65" hai1="109,98,21,40,45,1,120,44,30,39,54,81,90" hai2="110,48,101,68,112,2,93,61,97,96,75,43,28" hai3="14,13,37,24,104,107,25,5,89,29,73,127,64"/><W59/><G37/><T26/><D122/><U57/><E109/><V118/><F110/><W94/><G127/><T47/><D126/><U55/><E1/><V133/><F118/><W35/><G25/><T3/><D132/><U134/><E134/><V79/><F133/><W102/><G73/><T82/><D92/><N who="1" m="56599" /><E39/><V77/><F2/><W6/><G14/><T131/><D131/><U128/><E40/><V88/><F112/><W56/><G102/><T46/><D46/><U18/><E30/><V91/><F28/><W83/><G83/><T10/><REACH who="0" step="1"/><D82/><REACH who="0" ten="84,399,276,231" step="2"/><U23/><E81/><V58/><F68/><W100/><G107/><T111/><D111/><U78/><E54/><V33/><F93/><W72/><G104/><T117/><D117/><U42/><E55/><V49/><F43/><W116/><G116/><T99/><D99/><U16/><E45/><V71/><F96/><W123/><G123/><T74/><D74/><U62/><E44/><V15/><F75/><W17/><G72/><T69/><D69/><U108/><E42/><V9/><F71/><W20/><G100/><T80/><D80/><U103/><E103/><V86/><F101/><W87/><G59/><T60/><D60/><U119/><E62/><V53/><F97/><W70/><G70/><T85/><D85/><U67/><E57/><V129/><F129/><W76/><G56/><T124/><D124/><U27/><E128/><V4/><F86/><N who="3" m="52535" /><G64/><AGARI ba="0,1" hai="3,7,10,19,22,26,47,50,52,64,65,66,113,115" machi="64" ten="40,2600,0" yaku="1,1,54,1,53,0" doraHai="105" doraHaiUra="95" who="0" fromWho="3" sc="84,36,399,0,276,0,231,-26" owari="120,-38.0,399,49.0,276,8.0,205,-19.0" /></mjloggm>