<mjloggm ver="2.3"><GO type="225" lobby="0"/><UN n0="%E7%90%B4%E8%91%89%E8%91%B5" n1="%E2%97%8E%E8%97%A4%E5%A0%82%E7%BE%8E%E6%B2%99%E2%97%8E" n2="%E5%B7%A5%E8%97%A4%E6%96%B0%E4%B8%80" n3="%E8%A3%81%E3%81%8D%E3%81%AE%E9%BE%8D" dan="16,16,16,16" rate="2042.88,2093.35,2099.00,2049.32" sx="F,F,M,F"/><TAIKYOKU oya="0"/><INIT seed="0,0,0,2,0,26" ten="250,250,250,250" oya="0" hai0="75,111,72,70,110,10,65,47,39,123,36,106,115" hai1="108,118,130,31,99,21,29,84,66,131,25,38,16" hai2="15,18,14,82,81,93,88,20,113,107,69,90,79" hai3="45,49,85,80,133,4,122,73,103,94,97,46,0"/><T91/><D123/><U24/><E118/><V135/><F135/><W50/><G133/><T132/><D132/><U60/><E38/><V42/><F113/><W128/><G122/><T34/><D115/><U19/><E108/><N who="0" m="41513" /><D106/><U23/><E84/><V125/><F125/><W2/><G73/><N who="0" m="28235" /><D34/><U96/><E60/><V101/><F107/><W71/><G71/><T117/><D117/><U62/><E62/><V43/><F69/><W83/><G128/><T58/><D70/><U22/><E23/><V57/><F57/><W63/><G63/><N who="0" m="38135" /><D91/><U116/><E116/><V5/><F101/><W77/><G4/><T74/><N who="0" m="28243" /><T100/><DORA hai="76" /><D100/><U37/><REACH who="1" step="1"/><E37/><REACH who="1" ten="250,240,250,250" step="2"/><V78/><F20/><W127/><G127/><T8/><D36/><U109/><E109/><V55/><F55/><W68/><G68/><T124/><D124/><U129/><E129/><V48/><F48/><W59/><G50/><T104/><D104/><U61/><E61/><V98/><F98/><W87/><G49/><T12/><D39/><U52/><E52/><V33/><F33/><W53/><G53/><T32/><D32/><U112/><E112/><V40/><F40/><W35/><G35/><T1/><D47/><U92/><E92/><V67/><F93/><W51/><G46/><T9/><D1/><U44/><E44/><V17/><F67/><AGARI ba="0,1" hai="16,19,21,22,24,25,29,31,66,67,96,99,130,131" machi="67" ten="25,16000,3" yaku="1,1,22,2,52,2,54,1,53,2" doraHai="26,76" doraHaiUra="126,102" who="1" fromWho="2" sc="250,0,240,170,250,-160,250,0" /><INIT seed="1,0,0,1,5,3" ten="250,410,90,250" oya="1" hai0="92,118,9,100,83,6,108,72,85,24,70,120,27" hai1="106,124,130,56,86,57,58,16,34,36,91,93,88" hai2="135,96,74,40,119,2,107,41,63,42,46,94,43" hai3="30,84,103,19,122,18,26,129,110,59,123,4,13"/><U75/><E34/><V14/><F135/><W38/><G38/><T66/><D118/><U8/><E36/><V69/><F119/><W132/><G103/><T82/><D108/><U15/><E75/><V29/><F2/><W7/><G84/><T21/><D72/><U20/><E106/><V47/><F74/><W78/><G78/><T73/><D73/><U111/><E130/><V61/><F107/><W51/><G51/><T12/><D120/><N who="3" m="46121" /><G59/><T25/><D66/><U28/><E124/><V125/><F125/><W1/><G110/><T76/><D70/><U80/><E111/><V104/><F104/><W133/><G1/><T126/><D126/><U33/><E33/><V5/><F29/><W45/><G45/><T77/><D77/><U134/><E134/><N who="3" m="51818" /><G129/><T67/><D67/><U0/><E0/><V121/><F121/><W35/><G19/><N who="0" m="12351" /><D83/><U31/><E20/><AGARI ba="0,0" hai="4,7,13,18,20,26,30,35" m="51818,46121" machi="20" ten="30,8000,1" yaku="20,1,34,2,52,2" doraHai="3" who="3" fromWho="1" sc="250,0,410,-80,90,0,250,80" /><INIT seed="2,0,0,2,1,131" ten="250,330,90,330" oya="2" hai0="26,95,75,38,81,39,69,77,92,100,45,127,91" hai1="11,41,133,124,60,135,78,34,40,4,32,122,70" hai2="0,67,130,7,80,125,71,6,126,19,97,128,84" hai3="16,96,46,116,76,17,109,118,110,5,12,120,36"/><V99/><F67/><W42/><G120/><T14/><D69/><U13/><E122/><V63/><F63/><W33/><G33/><T90/><D127/><N who="2" m="48650" /><F71/><W51/><G76/><T88/><D26/><U115/><E115/><V83/><F19/><N who="3" m="7243" /><G96/><N who="2" m="36937" /><F0/><W68/><G68/><T49/><D14/><U73/><E124/><V111/><F111/><N who="3" m="42507" /><G51/><T20/><D20/><U9/><E34/><V44/><F44/><W119/><G119/><T65/><D65/><U47/><E32/><V27/><F27/><W129/><G129/><N who="2" m="49769" /><F84/><W64/><G64/><T53/><REACH who="0" step="1"/><D100/><REACH who="0" ten="240,330,90,330" step="2"/><U98/><E70/><V35/><F35/><W52/><G12/><T93/><AGARI ba="0,1" hai="38,39,45,49,53,75,77,81,88,90,91,92,93,95" machi="93" ten="30,7900,0" yaku="1,1,2,1,0,1,54,1,53,0" doraHai="131" doraHaiUra="132" who="0" fromWho="0" sc="240,89,330,-20,90,-39,330,-20" /><INIT seed="3,0,0,4,5,69" ten="329,310,51,310" oya="3" hai0="56,52,99,83,55,48,57,107,2,97,118,44,95" hai1="74,112,54,98,27,132,122,72,20,18,65,115,106" hai2="96,35,84,130,10,59,31,100,103,40,15,37,105" hai3="91,60,66,125,8,102,93,24,26,78,49,85,129"/><W3/><G129/><T71/><D71/><U25/><E122/><V94/><F130/><W47/><G125/><T123/><D123/><U32/><E65/><V23/><F23/><W21/><G78/><T34/><D34/><U11/><E132/><V19/><F103/><W73/><G73/><T76/><D2/><U33/><E72/><V109/><F109/><W46/><G102/><T45/><D107/><U114/><E74/><V135/><F135/><W39/><G39/><T120/><D120/><U53/><E11/><V119/><F119/><W16/><G26/><T117/><D117/><U9/><E9/><V70/><F40/><W92/><G92/><T4/><D4/><U29/><REACH who="1" step="1"/><E33/><REACH who="1" ten="329,300,51,310" step="2"/><V90/><F70/><W0/><G8/><T127/><D118/><U41/><E41/><V116/><F116/><W111/><G111/><T5/><D5/><U13/><E13/><V42/><F42/><W134/><G134/><T75/><D127/><U36/><E36/><V124/><F124/><W110/><G110/><T1/><D1/><U128/><E128/><V12/><F35/><W121/><G121/><T89/><D99/><U43/><E43/><V81/><F31/><W101/><G101/><AGARI ba="0,1" hai="18,20,25,27,29,32,53,54,98,101,106,112,114,115" machi="101" ten="40,1300,0" yaku="1,1,53,0" doraHai="69" doraHaiUra="38" who="1" fromWho="3" sc="329,0,300,23,51,0,310,-13" owari="329,43.0,323,12.0,51,-45.0,297,-10.0" /></mjloggm>