<mjloggm ver="2.3"><GO type="225" lobby="0"/><UN n0="%E9%9F%93%E8%A1%9B%E9%9D%92" n1="%E9%BA%BB%E9%9B%80%E3%81%9F%E3%81%AE%E3%81%97" n2="%E3%82%A4%E3%83%8A%E3%82%BA%E3%83%9E%E8%91%AC%E5%84%80" n3="%E9%95%B7%E5%B3%B6%E3%83%B3%E3%82%AC%E3%83%B3" dan="16,16,17,17" rate="2183.96,2150.13,2221.70,2152.93" sx="F,F,F,M"/><TAIKYOKU oya="0"/><INIT seed="0,0,0,2,5,107" ten="250,250,250,250" oya="0" hai0="84,36,26,38,28,48,35,4,99,60,46,131,42" hai1="88,105,111,9,74,78,121,22,75,12,126,118,129" hai2="63,113,24,104,98,130,34,133,56,116,40,58,41" hai3="23,0,55,27,59,20,65,93,7,30,77,8,68"/><T108/><D131/><U92/><E121/><V120/><F113/><W39/><G39/><BYE who="3" /><T13/><D84/><U19/><E105/><V102/><F120/><W83/><G83/><T61/><D108/><U97/><E118/><V29/><F130/><W101/><G101/><T71/><D61/><U109/><E129/><V17/><F133/><W90/><G90/><T91/><D4/><N who="1" m="3111" /><E78/><V5/><F5/><W67/><G67/><T14/><D14/><N who="1" m="9591" /><E126/><UN n3="%E9%95%B7%E5%B3%B6%E3%83%B3%E3%82%AC%E3%83%B3" /><V6/><F6/><W76/><G68/><T57/><D13/><U96/><E96/><V43/><F116/><W10/><G10/><T87/><D99/><U31/><E31/><V72/><F17/><W132/><G132/><T127/><D71/><U49/><E49/><V69/><REACH who="2" step="1"/><F72/><REACH who="2" ten="250,250,240,250" step="2"/><W106/><G7/><T1/><D127/><U81/><E81/><V2/><F2/><W44/><G0/><T80/><REACH who="0" step="1"/><D1/><REACH who="0" ten="240,250,240,250" step="2"/><U50/><E74/><V86/><F86/><W125/><G125/><T70/><D70/><U112/><E75/><V62/><F62/><W73/><G73/><T64/><AGARI ba="0,2" hai="26,28,35,36,38,42,46,48,57,60,64,80,87,91" machi="64" ten="20,7800,0" yaku="1,1,0,1,7,1,53,1" doraHai="107" doraHaiUra="21" who="0" fromWho="0" sc="240,98,250,-26,240,-26,250,-26" /><INIT seed="0,1,0,2,2,21" ten="338,224,214,224" oya="0" hai0="51,89,61,121,12,60,90,41,24,135,49,7,0" hai1="99,34,118,106,64,72,37,93,56,100,45,4,125" hai2="81,103,132,68,16,111,39,38,101,63,115,86,88" hai3="110,32,133,123,11,44,29,69,15,97,85,46,108"/><T47/><D121/><U54/><E118/><V26/><F115/><W10/><G123/><T116/><D116/><U43/><E72/><V74/><F74/><W131/><G131/><T6/><D135/><U8/><E125/><V77/><F132/><W53/><G133/><T109/><D109/><U105/><E34/><V48/><F111/><N who="3" m="42539" /><G69/><T79/><D79/><U1/><REACH who="1" step="1"/><E64/><REACH who="1" ten="338,214,214,224" step="2"/><V35/><F35/><W120/><G120/><T83/><D0/><U82/><E82/><V20/><F39/><W117/><G117/><T114/><D83/><U95/><E95/><V104/><F38/><W52/><G85/><T127/><D127/><U22/><E22/><V28/><F104/><W94/><G94/><T124/><D124/><U76/><E76/><V91/><F77/><W122/><G122/><T80/><D80/><U66/><E66/><V62/><F81/><W18/><G10/><T102/><D114/><U40/><E40/><V126/><F86/><W128/><G128/><T84/><D41/><U71/><E71/><V112/><F68/><W30/><G32/><T2/><D84/><U50/><AGARI ba="1,1" hai="1,4,8,37,43,45,50,54,56,93,99,100,105,106" machi="50" ten="20,2700,0" yaku="1,1,0,1,7,1,53,0" doraHai="21" doraHaiUra="78" who="1" fromWho="1" sc="338,-14,214,40,214,-8,224,-8" /><INIT seed="1,0,0,3,5,41" ten="324,254,206,216" oya="1" hai0="27,43,113,21,7,33,99,32,55,107,26,123,85" hai1="106,112,93,45,89,40,65,75,52,109,122,24,60" hai2="5,19,36,14,47,12,70,129,80,48,44,130,132" hai3="17,119,22,69,35,59,50,90,56,0,6,81,29"/><U71/><E106/><V30/><F70/><W57/><G69/><T54/><D113/><U73/><E122/><V10/><F132/><W104/><G104/><T126/><D126/><U74/><E112/><V92/><F30/><W66/><G119/><T115/><D115/><U8/><E109/><V94/><F80/><W97/><G66/><T46/><D7/><U9/><E24/><V128/><F36/><W88/><G97/><T102/><D123/><U2/><E2/><V96/><F48/><W53/><G35/><T127/><D127/><U110/><E110/><V95/><REACH who="2" step="1"/><F96/><REACH who="2" ten="324,254,196,216" step="2"/><W118/><G29/><T42/><D99/><U117/><E117/><V91/><F91/><W31/><G31/><T61/><D33/><U111/><E111/><V18/><F18/><W125/><G118/><T100/><D32/><U49/><REACH who="1" step="1"/><E40/><REACH who="1" ten="324,244,196,216" step="2"/><V86/><F86/><AGARI ba="0,2" hai="8,9,45,49,52,60,65,71,73,74,75,86,89,93" machi="86" ten="40,12000,1" yaku="1,1,2,1,52,1,54,1,53,0" doraHai="41" doraHaiUra="16" who="1" fromWho="2" sc="324,0,244,140,196,-120,216,0" /><INIT seed="1,1,0,3,2,52" ten="324,384,76,216" oya="1" hai0="14,110,24,56,77,26,73,86,59,99,101,28,130" hai1="88,84,66,103,83,121,48,68,106,87,51,75,55" hai2="118,21,49,81,72,3,96,115,62,124,117,36,35" hai3="102,6,95,119,2,112,30,39,128,19,17,32,57"/><U43/><E121/><V70/><F21/><W22/><G39/><T64/><D64/><U60/><E75/><V91/><F49/><W98/><G112/><T13/><D73/><U94/><E106/><V9/><F91/><W47/><G47/><T129/><D110/><U23/><E103/><V109/><F96/><W71/><G71/><T61/><D61/><U5/><E5/><V54/><F54/><W20/><G128/><N who="0" m="49259" /><D77/><U132/><E132/><V120/><F9/><W93/><G119/><T104/><D86/><U7/><E7/><V53/><F53/><W46/><G46/><T58/><D26/><U18/><E55/><V76/><F81/><W111/><G93/><T105/><D105/><U41/><E51/><V74/><F76/><W131/><G131/><T114/><D114/><U65/><E48/><V11/><F62/><W134/><G134/><T12/><D13/><U44/><E44/><V10/><F115/><W97/><G2/><T8/><D8/><U16/><E66/><V78/><F3/><W33/><G6/><T108/><D108/><U92/><E92/><V123/><F109/><W133/><G111/><T45/><D45/><U82/><E94/><V125/><F78/><W4/><G133/><T90/><D90/><U42/><E23/><AGARI ba="1,0" hai="12,14,23,24,28,56,58,59,99,101,104" m="49259" machi="23" ten="30,7700,0" yaku="19,1,52,3" doraHai="52" who="0" fromWho="1" sc="324,80,384,-80,76,0,216,0" /><INIT seed="2,0,0,0,2,106" ten="404,304,76,216" oya="2" hai0="68,85,56,10,94,8,18,27,28,83,63,104,13" hai1="117,118,88,46,67,54,105,119,35,114,75,49,122" hai2="32,78,76,7,41,80,59,38,33,5,37,44,36" hai3="9,3,101,96,25,40,95,123,91,39,121,82,90"/><V34/><F59/><W31/><G39/><T87/><D104/><U2/><E2/><V73/><REACH who="2" step="1"/><F78/><REACH who="2" ten="404,304,66,216" step="2"/><W112/><G123/><T103/><D56/><U61/><E122/><V69/><F69/><W115/><G121/><T84/><D68/><U100/><E118/><V64/><F64/><W23/><G112/><T17/><D63/><U29/><E114/><V20/><F20/><W65/><G115/><T102/><D8/><U74/><E119/><V92/><F92/><W110/><G65/><T108/><D94/><U116/><E117/><V4/><AGARI ba="0,1" hai="4,5,7,32,33,34,36,37,38,41,44,73,76,80" machi="4" ten="40,18000,2" yaku="1,1,0,1,52,1,53,3" doraHai="106" doraHaiUra="30" who="2" fromWho="2" sc="404,-60,304,-60,66,190,216,-60" /><INIT seed="2,1,0,3,0,19" ten="344,244,256,156" oya="2" hai0="21,34,37,111,113,134,96,51,127,110,84,115,31" hai1="81,59,91,65,83,56,0,1,47,122,106,79,54" hai2="124,55,130,18,23,29,100,61,30,44,128,11,26" hai3="87,104,74,112,33,46,62,4,70,92,50,99,17"/><V15/><F100/><W63/><G74/><T86/><D37/><U132/><E106/><V6/><F44/><W116/><G116/><T126/><D134/><U77/><E132/><V3/><F124/><N who="0" m="47658" /><D51/><U20/><E122/><V12/><F55/><W76/><G112/><N who="0" m="43083" /><D96/><U57/><E65/><V73/><F73/><W42/><G50/><T133/><D133/><U123/><E123/><V49/><F61/><W28/><G63/><T10/><D34/><U103/><E103/><V129/><F49/><W72/><G33/><T5/><D86/><U105/><E105/><V53/><F53/><W69/><G62/><T75/><D84/><U40/><E54/><V108/><F108/><W88/><G72/><T80/><D80/><N who="1" m="30795" /><E91/><V93/><F93/><W89/><G89/><T66/><D66/><U109/><E109/><V9/><F3/><W71/><G104/><T13/><D75/><U120/><E120/><V117/><F117/><W64/><G64/><T121/><D121/><U94/><E94/><V82/><F82/><W85/><G85/><T101/><D101/><U48/><E0/><V131/><F131/><W22/><G87/><T68/><D68/><U39/><E1/><V102/><F102/><W97/><G70/><T38/><D38/><U2/><E2/><V14/><F6/><W98/><G69/><T114/><D114/><U45/><E39/><V41/><F41/><W78/><G71/><T118/><D118/><U67/><E67/><V16/><F9/><W24/><G4/><T35/><D35/><U8/><E8/><V27/><F11/><W25/><G42/><RYUUKYOKU ba="1,0" sc="344,15,244,-15,256,15,156,-15" hai0="5,10,13,21,31,110,111" hai2="12,14,15,16,18,23,26,27,29,30,128,129,130" /><INIT seed="2,2,0,0,0,47" ten="359,229,271,141" oya="2" hai0="21,86,0,80,45,119,65,36,126,26,108,99,113" hai1="93,109,33,77,49,124,87,39,85,38,94,8,125" hai2="67,107,28,122,46,27,2,40,50,3,55,79,32" hai3="41,115,35,18,13,22,6,11,25,97,74,129,42"/><V89/><F122/><W92/><G74/><T37/><D0/><U121/><E33/><V7/><F107/><W61/><G129/><T62/><D113/><U15/><E121/><V132/><F132/><W116/><G116/><T88/><D119/><U34/><E34/><V43/><F79/><W51/><G115/><T123/><D123/><U17/><E109/><V110/><F110/><W44/><G35/><T72/><D108/><U19/><E49/><V90/><F67/><W14/><G61/><T20/><D126/><N who="1" m="48747" /><E77/><V84/><F90/><W64/><G64/><T100/><D72/><U98/><E19/><V9/><REACH who="2" step="1"/><F2/><REACH who="2" ten="359,229,261,141" step="2"/><W16/><G42/><T56/><D45/><U48/><E93/><AGARI ba="2,1" hai="3,7,9,27,28,32,40,43,46,50,55,84,89,93" machi="93" ten="30,12000,1" yaku="1,1,2,1,7,1,52,1,53,1" doraHai="47" doraHaiUra="23" who="2" fromWho="1" sc="359,0,229,-126,261,136,141,0" /><INIT seed="2,3,0,0,0,62" ten="359,103,397,141" oya="2" hai0="120,7,66,29,2,21,77,50,33,87,56,3,47" hai1="22,68,119,12,67,94,109,130,96,63,85,90,10" hai2="133,73,70,53,13,45,104,79,125,24,134,74,15" hai3="17,129,36,92,100,16,38,132,60,55,106,126,117"/><V54/><F104/><W11/><G117/><T19/><D120/><U0/><E119/><V43/><F125/><W122/><G122/><T111/><D111/><U128/><E109/><V84/><F84/><W65/><G106/><T75/><D75/><N who="2" m="28682" /><F24/><W25/><G132/><N who="2" m="50793" /><F79/><W32/><G126/><T49/><D33/><U37/><E37/><N who="2" m="21743" /><F70/><W97/><G25/><T6/><D29/><U110/><E110/><V44/><F44/><W26/><G26/><N who="0" m="14655" /><D2/><U9/><E0/><V99/><F99/><W48/><G97/><T20/><D3/><U14/><E96/><V57/><F54/><W108/><G55/><N who="0" m="30143" /><D20/><U52/><E22/><V31/><F31/><W101/><G108/><T115/><D115/><U118/><E118/><V112/><F112/><W46/><G32/><T39/><D39/><U4/><REACH who="1" step="1"/><E52/><REACH who="1" ten="359,93,397,141" step="2"/><V114/><F114/><W1/><G1/><T76/><D50/><AGARI ba="3,1" hai="13,15,50,53,57" m="21743,50793,28682" machi="50" ten="30,1500,0" yaku="20,1" doraHai="62" who="2" fromWho="0" sc="359,-24,93,0,397,34,141,0" /><INIT seed="2,4,0,5,4,52" ten="335,93,431,141" oya="2" hai0="51,126,107,58,43,20,127,72,133,40,135,77,6" hai1="84,75,79,55,61,95,18,87,12,24,65,94,4" hai2="13,35,53,44,25,91,64,45,7,21,23,32,62" hai3="106,124,73,19,83,105,96,27,11,89,125,34,36"/><V74/><F74/><W108/><G36/><T134/><D107/><U115/><E75/><V110/><F110/><W5/><G108/><T97/><D97/><U71/><E115/><V26/><F91/><W88/><G106/><T28/><D6/><U111/><E111/><V2/><F2/><W129/><G129/><T60/><D72/><U90/><E4/><V67/><F7/><W70/><G70/><T66/><D77/><U41/><E41/><N who="0" m="15945" /><D28/><U122/><E122/><V114/><F53/><W49/><G49/><T99/><D99/><U123/><E123/><V37/><F37/><W59/><G59/><T100/><D20/><U50/><E24/><V63/><REACH who="2" step="1"/><F13/><REACH who="2" ten="335,93,421,141" step="2"/><N who="3" m="7615" /><G5/><T103/><D103/><U130/><E130/><V46/><F46/><W15/><G73/><T31/><D100/><U118/><E118/><V132/><F132/><W116/><G15/><T48/><D31/><U0/><E0/><V42/><F42/><W117/><G89/><T1/><D1/><U102/><E102/><V16/><F16/><W92/><G116/><T101/><D101/><U93/><E90/><V119/><F119/><W69/><G117/><T78/><D78/><U54/><E79/><V120/><F120/><W82/><G105/><T128/><D128/><U3/><E3/><V56/><F56/><W9/><G88/><T30/><D30/><U10/><E55/><V112/><AGARI ba="4,1" hai="21,23,25,26,32,35,44,45,62,63,64,67,112,114" machi="112" ten="25,18000,2" yaku="1,1,0,1,22,2,53,2" doraHai="52" doraHaiUra="29" who="2" fromWho="2" sc="335,-64,93,-64,421,202,141,-64" /><BYE who="0" /><UN n0="%E9%9F%93%E8%A1%9B%E9%9D%92" /><INIT seed="2,5,0,4,3,63" ten="271,29,623,77" oya="2" hai0="52,115,30,1,17,33,99,40,58,123,28,86,53" hai1="44,21,36,46,59,48,78,27,43,42,26,65,87" hai2="39,92,60,23,125,113,73,130,55,6,96,31,69" hai3="98,120,111,126,102,14,7,25,76,91,0,8,106"/><V37/><F73/><W45/><G120/><T41/><D123/><U119/><E119/><V77/><F77/><W35/><G111/><T75/><D1/><U64/><E59/><V129/><F6/><W117/><G117/><T71/><D75/><U56/><E56/><V100/><F125/><W47/><G126/><T22/><D71/><U66/><REACH who="1" step="1"/><E21/><REACH who="1" ten="271,19,623,77" step="2"/><V135/><F23/><W10/><G35/><T81/><D58/><U16/><E16/><V82/><F69/><W20/><G20/><T93/><D17/><U51/><E51/><V18/><F39/><W50/><G50/><T85/><D22/><U70/><E70/><V94/><F37/><W74/><G25/><T38/><D38/><U112/><E112/><V49/><F113/><W104/><G45/><T68/><D115/><U15/><E15/><V29/><F49/><W72/><G47/><T124/><D68/><U80/><AGARI ba="5,1" hai="26,27,36,42,43,44,46,48,64,65,66,78,80,87" machi="80" ten="30,8000,1" yaku="1,1,0,1,52,3,53,0" doraHai="63" doraHaiUra="105" who="1" fromWho="1" sc="271,-25,19,105,623,-45,77,-25" /><INIT seed="3,0,0,3,1,64" ten="246,124,578,52" oya="3" hai0="67,33,99,132,112,82,109,94,45,95,73,104,49" hai1="128,115,40,58,116,1,93,9,28,66,68,77,60" hai2="46,14,119,121,23,2,27,101,88,123,24,11,41" hai3="81,42,87,130,72,53,89,0,55,62,20,30,78"/><W35/><G130/><T76/><D33/><U70/><E115/><V18/><F119/><W133/><G133/><T61/><D109/><U36/><E116/><V100/><F88/><W118/><G118/><T71/><D132/><U110/><E28/><N who="2" m="17439" /><F27/><W29/><G35/><T105/><D112/><U47/><E58/><V21/><F21/><W126/><G126/><T83/><D83/><U51/><E60/><V107/><F107/><W16/><G0/><T4/><D4/><U65/><E51/><N who="2" m="27087" /><F2/><W3/><G3/><T25/><D25/><U38/><E47/><V131/><F131/><W111/><G111/><T39/><D39/><U122/><E65/><V134/><F134/><W90/><G42/><T97/><D95/><U43/><E9/><V57/><F57/><N who="3" m="35119" /><G72/><T48/><D99/><U7/><E7/><V19/><F19/><W80/><G55/><T56/><D49/><U96/><E1/><V120/><AGARI ba="0,0" hai="11,14,18,100,101,120,121,123" m="27087,17439" machi="120" ten="30,1100,0" yaku="13,1" doraHai="64" who="2" fromWho="2" sc="246,-3,124,-3,578,11,52,-5" owari="243,4.0,121,-28.0,589,69.0,47,-45.0" /></mjloggm>