<mjloggm ver="2.3"><GO type="169" lobby="0"/><UN n0="%4A%65%74%2E%42" n1="%E8%8C%B6%E8%89%B2%E3%81%AE%E3%82%A2%E3%83%AC" n2="%6F%75%74%E7%A5%AD%E3%82%8A" n3="%E5%93%B2%E5%AD%A6%E3%81%99%E3%82%8B%E9%BA%BB%E9%9B%80" dan="18,17,17,16" rate="2213.10,2170.20,2203.53,2081.39" sx="M,M,M,M"/><TAIKYOKU oya="0"/><INIT seed="0,0,0,5,5,91" ten="250,250,250,250" oya="0" hai0="21,117,130,87,103,109,124,133,66,67,105,119,76" hai1="43,69,72,81,14,71,50,30,99,12,11,56,83" hai2="3,13,31,35,9,92,23,34,42,127,78,89,122" hai3="126,94,134,17,19,101,0,52,26,47,106,28,48"/><T100/><D21/><U45/><E30/><V24/><F122/><W10/><G106/><T113/><D113/><U57/><E72/><V29/><F127/><W6/><G126/><T61/><D124/><U88/><E71/><V128/><F78/><W62/><G134/><T135/><D61/><U111/><E69/><V98/><F128/><W58/><G101/><N who="0" m="38987" /><D130/><U16/><E14/><V85/><F42/><W114/><G114/><T54/><D54/><U55/><E111/><V20/><F3/><W70/><G70/><T129/><D129/><U32/><E32/><V46/><F46/><W68/><G68/><T75/><D109/><U90/><E57/><V36/><F36/><W63/><G62/><T102/><D67/><U110/><E110/><V96/><F34/><W53/><REACH who="3" step="1"/><G94/><REACH who="3" ten="250,250,250,240" step="2"/><T38/><D102/><U65/><E65/><V4/><F35/><AGARI ba="0,1" hai="0,6,10,17,19,26,28,35,47,48,52,53,58,63" machi="35" ten="30,8000,1" yaku="1,1,2,1,7,1,54,1,53,1" doraHai="91" doraHaiUra="2" who="3" fromWho="2" sc="250,0,250,0,250,-80,240,90" /><INIT seed="1,0,0,4,3,7" ten="250,250,170,330" oya="1" hai0="99,77,48,86,90,134,71,33,110,50,58,121,102" hai1="23,61,9,115,94,104,111,40,35,130,98,13,28" hai2="1,107,51,83,54,74,116,126,93,117,135,132,84" hai3="37,123,31,4,133,29,108,101,97,109,8,38,65"/><U63/><E115/><V128/><F107/><W41/><G123/><T91/><D110/><N who="3" m="42601" /><G65/><T11/><D71/><U6/><E104/><V5/><F74/><W36/><G41/><T21/><D33/><U113/><E113/><V56/><F93/><N who="3" m="58543" /><G133/><N who="2" m="51273" /><F126/><W88/><G88/><T68/><D68/><U76/><E111/><V12/><F1/><AGARI ba="0,0" hai="1,4,8,29,31,36,37,38" m="58543,42601" machi="1" ten="40,2600,0" yaku="14,1,52,1" doraHai="7" who="3" fromWho="2" sc="250,0,250,0,170,-26,330,26" /><INIT seed="2,0,0,0,3,109" ten="250,250,144,356" oya="2" hai0="98,20,12,47,134,83,75,21,42,35,56,121,107" hai1="114,48,124,123,63,46,38,122,119,93,132,115,51" hai2="96,87,16,112,127,69,27,105,130,64,7,90,9" hai3="81,111,135,49,133,103,76,102,1,2,23,129,36"/><V6/><F127/><W15/><G36/><T82/><D121/><N who="1" m="46091" /><E119/><V88/><F130/><W13/><G129/><T50/><D35/><U110/><E124/><V80/><F112/><N who="1" m="43049" /><E110/><V19/><F6/><W14/><G111/><T41/><D56/><U85/><E132/><N who="3" m="50762" /><G49/><T54/><D107/><U66/><E85/><V55/><F27/><W84/><G23/><T25/><D21/><U86/><E86/><V57/><F64/><W22/><G22/><T99/><D20/><U17/><E17/><V108/><F69/><W26/><G26/><T118/><D25/><U67/><E93/><N who="2" m="56359" /><F105/><W91/><G76/><T89/><D118/><U120/><E120/><V11/><F108/><W43/><G43/><T117/><D42/><N who="1" m="22871" /><E66/><V0/><F0/><AGARI ba="0,0" hai="0,1,2,13,14,15,81,84,91,102,103" m="50762" machi="0" ten="40,1300,0" yaku="20,1" doraHai="109" who="3" fromWho="2" sc="250,0,250,0,144,-13,356,13" /><INIT seed="3,0,0,5,1,2" ten="250,250,131,369" oya="3" hai0="27,116,72,66,91,41,74,4,134,73,113,97,85" hai1="104,107,55,12,45,76,46,11,24,135,17,44,123" hai2="112,32,49,37,114,13,67,131,101,81,33,40,125" hai3="42,102,94,126,26,5,30,62,31,69,132,51,3"/><W54/><G42/><T43/><D116/><U133/><E123/><V8/><F37/><W88/><G102/><T64/><D134/><N who="1" m="51211" /><E76/><V61/><F125/><W130/><G126/><T121/><D121/><U34/><E55/><V80/><F131/><W10/><G132/><T128/><D128/><U84/><E84/><V70/><F101/><W56/><G130/><T38/><D97/><U22/><E34/><V21/><F21/><W1/><G3/><T95/><D113/><U36/><E36/><V106/><F106/><W71/><G62/><T65/><D38/><U122/><E122/><V111/><F111/><W75/><G75/><T89/><D89/><U16/><AGARI ba="0,0" hai="11,12,16,17,22,24,44,45,46,104,107" m="51211" machi="16" ten="30,2000,0" yaku="20,1,54,1" doraHai="2" who="1" fromWho="1" sc="250,-5,250,20,131,-5,369,-10" /><INIT seed="4,0,0,5,4,119" ten="245,270,126,359" oya="0" hai0="98,130,122,58,132,90,10,89,9,76,79,102,74" hai1="20,109,124,4,126,44,96,71,59,6,82,13,49" hai2="63,32,3,100,31,2,92,133,1,48,77,83,88" hai3="35,68,40,42,81,115,53,0,38,110,21,106,12"/><T34/><D34/><U54/><E109/><V80/><F133/><W135/><G35/><T131/><D58/><U78/><E71/><V60/><F100/><W66/><G0/><T70/><D70/><U85/><E96/><V28/><F48/><W134/><G115/><T93/><D10/><U23/><E59/><V107/><F107/><W121/><G121/><T69/><D69/><U8/><REACH who="1" step="1"/><E6/><REACH who="1" ten="245,260,126,359" step="2"/><V95/><F32/><W24/><G24/><T86/><D132/><U47/><E47/><V29/><F77/><N who="0" m="29770" /><D9/><U36/><E36/><V39/><F39/><W15/><G15/><T64/><D64/><U7/><E7/><V73/><F73/><W103/><G103/><T41/><D74/><U65/><E65/><V16/><F88/><N who="0" m="33898" /><D41/><U33/><E33/><V128/><F63/><W22/><G22/><AGARI ba="0,1" hai="4,8,13,20,22,23,44,49,54,78,82,85,124,126" machi="22" ten="40,1300,0" yaku="1,1,53,0" doraHai="119" doraHaiUra="25" who="1" fromWho="3" sc="245,0,260,23,126,0,359,-13" /><INIT seed="5,0,0,1,4,59" ten="245,283,126,346" oya="1" hai0="73,75,40,96,87,85,86,81,94,130,133,69,17" hai1="67,2,109,27,97,113,135,88,24,102,12,57,6" hai2="4,11,70,1,110,95,122,105,16,112,15,66,114" hai3="90,46,18,52,74,77,30,108,120,119,31,54,13"/><U38/><E38/><V58/><F110/><W56/><G120/><T106/><D40/><U35/><E109/><V116/><F105/><W32/><G119/><T118/><D69/><U104/><E113/><N who="2" m="43627" /><F116/><W80/><G108/><T34/><D34/><U76/><E76/><V64/><F122/><W8/><G32/><T45/><D45/><U83/><E2/><V79/><F70/><W49/><REACH who="3" step="1"/><G90/><REACH who="3" ten="245,283,126,336" step="2"/><T55/><D118/><U107/><E35/><V126/><F126/><W92/><G92/><T48/><D94/><U127/><E107/><V29/><F79/><W93/><G93/><T125/><D106/><U101/><E127/><V129/><F129/><W124/><G124/><T37/><D130/><U21/><E104/><V3/><F95/><W131/><G131/><T84/><D125/><U72/><E135/><V50/><F29/><W62/><AGARI ba="0,1" hai="8,13,18,30,31,46,49,52,54,56,62,74,77,80" machi="62" ten="20,8000,1" yaku="1,1,0,1,7,1,52,1,54,1,53,0" doraHai="59" doraHaiUra="61" who="3" fromWho="3" sc="245,-20,283,-40,126,-20,336,90" /><INIT seed="6,0,0,0,1,131" ten="225,243,106,426" oya="2" hai0="76,134,133,42,65,0,15,77,6,19,135,124,80" hai1="62,69,109,10,17,95,72,122,50,47,68,85,119" hai2="32,70,11,66,63,44,20,52,79,128,87,127,98" hai3="5,88,31,9,93,37,30,34,115,99,16,130,39"/><V29/><F127/><W7/><G130/><T64/><D124/><U38/><E109/><V1/><F128/><W46/><G115/><T113/><D113/><U108/><E108/><V41/><F98/><W53/><G34/><T56/><D42/><U126/><E72/><V49/><F32/><W73/><G73/><T104/><D104/><U129/><E119/><V111/><F111/><W54/><G37/><T45/><D45/><U75/><E75/><V58/><F29/><N who="3" m="10763" /><G39/><T81/><D6/><N who="3" m="2057" /><G46/><T97/><D97/><U57/><E38/><N who="2" m="21559" /><F20/><W13/><AGARI ba="0,0" hai="9,13,16,53,54,88,93,99" m="2057,10763" machi="13" ten="30,4000,0" yaku="8,1,54,2" doraHai="131" who="3" fromWho="3" sc="225,-10,243,-10,106,-20,426,40" /><INIT seed="7,0,0,2,3,77" ten="215,233,86,466" oya="3" hai0="18,135,66,53,83,43,7,0,3,10,101,52,68" hai1="59,71,42,27,47,109,15,111,55,46,8,67,120" hai2="17,82,64,80,61,29,133,34,48,57,125,97,89" hai3="106,35,128,19,56,76,25,105,21,93,65,91,2"/><W130/><G2/><T129/><D3/><U69/><E120/><V63/><F125/><W108/><G108/><T104/><D135/><U49/><E27/><V41/><F133/><W9/><G35/><T110/><D110/><U118/><E118/><V94/><F34/><W132/><G132/><T121/><D121/><U79/><E47/><V116/><F116/><W30/><G76/><T112/><D129/><N who="3" m="49769" /><G65/><T54/><D43/><U74/><E67/><V73/><F73/><W20/><G56/><T84/><D112/><U72/><E111/><V107/><F107/><N who="3" m="40971" /><G9/><T87/><D66/><U117/><E117/><V24/><F29/><W6/><G6/><T126/><D68/><U81/><E72/><V13/><F24/><W134/><G134/><T12/><D126/><U22/><E22/><V23/><REACH who="2" step="1"/><F63/><REACH who="2" ten="215,233,76,466" step="2"/><W40/><G40/><T44/><D104/><U26/><E26/><V123/><F123/><W100/><G100/><T11/><D101/><U99/><E109/><V96/><F96/><N who="3" m="57407" /><G21/><T122/><D122/><U113/><E42/><V75/><F75/><W50/><G50/><T38/><D54/><U60/><E74/><V16/><F16/><AGARI ba="0,1" hai="16,19,20,25,30" m="57407,40971,49769" machi="16" ten="30,2900,0" yaku="19,1,54,1" doraHai="77" who="3" fromWho="2" sc="215,0,233,0,76,-29,466,39" owari="215,-18.0,233,3.0,47,-45.0,505,60.0" /></mjloggm>