<mjloggm ver="2.3"><GO type="169" lobby="0"/><UN n0="%7A%6F%6F%31%39%36%34" n1="%4E%45%4F%E3%81%B5%E3%81%A3%E3%81%8F%E3%82%93" n2="%E5%A4%8F%E3%81%98%E3%82%93" n3="%E6%B8%85%E5%BC%B5" dan="18,16,17,16" rate="2217.39,2090.41,2154.75,2119.13" sx="M,M,M,M"/><TAIKYOKU oya="0"/><INIT seed="0,0,0,2,3,19" ten="250,250,250,250" oya="0" hai0="133,63,28,43,20,129,78,95,33,98,119,97,9" hai1="2,86,134,130,13,34,69,81,115,121,105,103,117" hai2="106,38,127,30,8,58,50,123,36,45,29,46,11" hai3="99,5,25,6,116,1,94,122,47,100,93,90,21"/><T68/><D119/><U18/><RYUUKYOKU type="yao9" ba="0,0" sc="250,0,250,0,250,0,250,0" hai1="2,13,18,34,69,81,86,103,105,115,117,121,130,134" /><INIT seed="0,1,0,4,4,44" ten="250,250,250,250" oya="0" hai0="77,31,123,17,67,58,135,76,43,78,122,2,109" hai1="91,51,1,82,64,124,97,48,113,14,133,55,107" hai2="24,118,121,84,92,41,59,120,47,29,7,26,98" hai3="131,127,12,89,13,80,35,54,101,11,69,9,6"/><T45/><D2/><U23/><E1/><V86/><F118/><W126/><G35/><T32/><D135/><U134/><E113/><V100/><F7/><W19/><G69/><T99/><D109/><U94/><E107/><V132/><F132/><N who="1" m="50793" /><E55/><V8/><F8/><W21/><G101/><T72/><D72/><U68/><E82/><V115/><F115/><W27/><G131/><T20/><D99/><U15/><E124/><N who="3" m="47658" /><G54/><T62/><D31/><U37/><E37/><V36/><F24/><W111/><G111/><T52/><D67/><U129/><E129/><V61/><F121/><W56/><G56/><T65/><D65/><U93/><E93/><V3/><F3/><W66/><G66/><T79/><N who="0" m="19456" /><DORA hai="5" /><T40/><D32/><U4/><E15/><N who="3" m="5706" /><G6/><T22/><D43/><U106/><E106/><V116/><F116/><W119/><G119/><T34/><D34/><U0/><E0/><V38/><F38/><W42/><G42/><T71/><D71/><U102/><E102/><V18/><F120/><W53/><G53/><T114/><D114/><U83/><E83/><V125/><F125/><W105/><G105/><T39/><REACH who="0" step="1"/><D22/><REACH who="0" ten="240,250,250,250" step="2"/><U57/><E23/><V75/><F75/><W85/><AGARI ba="1,1" hai="9,11,19,21,27,80,85,89" m="5706,47658" machi="85" ten="30,4000,0" yaku="18,1,52,2" doraHai="44,5" who="3" fromWho="3" sc="240,-21,250,-11,250,-11,250,53" /><INIT seed="1,0,0,1,3,27" ten="219,239,239,303" oya="1" hai0="19,135,75,109,60,51,23,111,97,67,49,31,21" hai1="63,3,26,79,121,99,122,119,29,46,57,65,118" hai2="116,22,37,89,64,112,86,6,132,71,58,124,81" hai3="2,94,108,11,24,103,77,73,15,41,104,84,76"/><U12/><E3/><V4/><F116/><W129/><G73/><T115/><D115/><U32/><E79/><V56/><F112/><W96/><G2/><T14/><D75/><U13/><E118/><V128/><F37/><W110/><G41/><T34/><D34/><U47/><E119/><V93/><F132/><W87/><G129/><T117/><D117/><U53/><E99/><V55/><F128/><W30/><G77/><T66/><D97/><U78/><E78/><V85/><F124/><W102/><G102/><T131/><D131/><U43/><E46/><V107/><F71/><W38/><G38/><T52/><D51/><U8/><E53/><V48/><F107/><W5/><G76/><T35/><D23/><U36/><REACH who="1" step="1"/><E13/><REACH who="1" ten="219,229,239,303" step="2"/><V83/><F85/><W91/><REACH who="3" step="1"/><G87/><REACH who="3" ten="219,229,239,293" step="2"/><T25/><D135/><U125/><E125/><V98/><F86/><W9/><G9/><T40/><D40/><U62/><E62/><V68/><F98/><W114/><G114/><T134/><D134/><U20/><E20/><AGARI ba="0,2" hai="5,11,15,20,24,30,84,91,94,96,103,104,108,110" machi="20" ten="40,2600,0" yaku="1,1,52,1,53,0" doraHai="27" doraHaiUra="44" who="3" fromWho="1" sc="219,0,229,-26,239,0,293,46" /><INIT seed="2,0,0,0,5,42" ten="219,203,239,339" oya="2" hai0="94,108,98,8,103,71,49,74,31,83,128,81,122" hai1="120,99,118,1,4,9,77,15,101,21,95,6,66" hai2="54,3,116,132,24,104,75,0,91,14,25,17,65" hai3="87,107,96,29,57,76,2,114,34,46,129,100,47"/><V33/><F116/><W109/><G109/><T18/><D122/><U110/><E118/><V135/><F104/><W119/><G119/><T113/><D113/><U36/><E110/><V23/><F75/><W27/><G114/><T44/><D108/><U12/><E120/><V63/><F54/><W52/><G2/><T32/><D71/><U68/><E36/><V22/><F91/><W69/><G69/><T88/><D128/><U93/><E77/><V30/><F63/><W78/><G129/><T13/><D74/><U89/><E4/><V82/><F82/><N who="0" m="31242" /><D32/><U115/><E115/><V102/><F102/><W80/><G78/><T117/><D31/><U38/><E38/><V5/><F65/><W37/><G37/><T64/><D64/><U112/><E112/><V55/><F55/><W106/><G106/><T127/><D127/><U105/><E105/><V41/><F41/><W53/><G53/><N who="0" m="29863" /><D117/><U45/><E66/><V126/><F126/><W39/><G39/><T131/><D131/><U11/><E68/><V111/><F111/><W90/><G76/><T72/><D72/><U62/><E62/><AGARI ba="0,0" hai="27,29,34,46,47,52,57,62,80,87,90,96,100,107" machi="62" ten="30,7700,0" yaku="7,1,52,2,54,1" doraHai="42" who="3" fromWho="1" sc="219,0,203,-77,239,0,339,77" /><INIT seed="3,0,0,2,5,129" ten="219,126,239,416" oya="3" hai0="6,83,16,17,93,101,110,46,19,45,51,91,77" hai1="71,130,127,108,20,103,10,12,42,116,34,53,4" hai2="82,64,135,68,59,121,29,39,120,112,96,40,72" hai3="61,44,56,132,99,70,27,85,125,78,5,80,55"/><W50/><G125/><T41/><D110/><U13/><E127/><V75/><F112/><W123/><G123/><T74/><D6/><U11/><E108/><V31/><F96/><W79/><G70/><T0/><D0/><U37/><E130/><V57/><F39/><W38/><G38/><T60/><D60/><U134/><E134/><V107/><F107/><W67/><G132/><T73/><D101/><U94/><E116/><V69/><F82/><W87/><G5/><T22/><D46/><U48/><E71/><V86/><F86/><W90/><G99/><T58/><D58/><U25/><E34/><V88/><F40/><W2/><G2/><T24/><REACH who="0" step="1"/><D74/><REACH who="0" ten="209,126,239,416" step="2"/><U105/><E103/><V23/><F75/><W9/><G44/><T81/><D81/><U106/><E4/><V117/><F72/><W3/><G79/><T133/><D133/><U47/><E47/><V104/><F135/><W28/><G3/><T21/><D21/><U30/><E20/><V8/><F23/><W109/><G9/><T102/><D102/><U122/><E122/><V126/><F8/><W95/><G109/><T62/><D62/><U100/><E100/><V76/><F76/><W7/><G7/><T26/><D26/><U63/><E25/><V114/><F126/><W65/><G61/><T52/><D52/><U66/><E63/><V54/><F54/><W92/><G92/><T113/><D113/><U1/><E94/><V49/><F114/><W118/><G118/><T89/><D89/><U84/><E1/><V124/><F117/><W14/><G14/><T98/><AGARI ba="0,1" hai="16,17,19,22,24,41,45,51,73,77,83,91,93,98" machi="98" ten="20,8000,1" yaku="1,1,5,1,0,1,7,1,54,1,53,0" doraHai="129" doraHaiUra="131" who="0" fromWho="0" sc="209,90,126,-20,239,-20,416,-40" /><INIT seed="4,0,0,3,5,130" ten="299,106,219,376" oya="0" hai0="134,121,119,22,91,92,33,103,41,56,90,80,26" hai1="15,94,39,66,117,59,135,32,9,124,120,65,111" hai2="118,49,125,126,13,2,132,100,109,52,31,72,45" hai3="58,88,81,3,19,98,89,20,48,30,129,70,8"/><T68/><D119/><U28/><E117/><V131/><F2/><W34/><G70/><T84/><D121/><U114/><E120/><V104/><F118/><W96/><G129/><T23/><D68/><U10/><E111/><V78/><F131/><W95/><G34/><T38/><D103/><U112/><E124/><N who="2" m="47723" /><F109/><W133/><G30/><T115/><D115/><U79/><E79/><V101/><BYE who="1" /><F104/><W50/><G8/><UN n1="%4E%45%4F%E3%81%B5%E3%81%A3%E3%81%8F%E3%82%93" /><T83/><D134/><U53/><E39/><V6/><F31/><W85/><G3/><T128/><D128/><U107/><E107/><V71/><F71/><W5/><G5/><T7/><D7/><U4/><E9/><N who="2" m="4279" /><F132/><W46/><G58/><T21/><D38/><U51/><E135/><V123/><F123/><W105/><G105/><T122/><D33/><U76/><E76/><V35/><F35/><W110/><G50/><T61/><D41/><U57/><E57/><V73/><F78/><W64/><G64/><N who="0" m="38951" /><D122/><U106/><E106/><V127/><N who="2" m="47731" /><V25/><DORA hai="47" /><F25/><N who="3" m="14495" /><G110/><T113/><D113/><N who="1" m="43627" /><E94/><V40/><F40/><N who="3" m="24647" /><G133/><T55/><D26/><AGARI ba="0,0" hai="4,10,15,26,28,32,51,53,59,65,66" m="43627" machi="26" ten="30,3900,0" yaku="15,1,11,1,52,1" doraHai="130,47" who="1" fromWho="0" sc="299,-39,106,39,219,0,376,0" /><INIT seed="5,0,0,0,1,85" ten="260,145,219,376" oya="1" hai0="88,93,18,135,8,111,13,51,121,119,107,82,91" hai1="66,108,102,100,89,131,50,92,76,33,113,72,90" hai2="127,17,25,103,105,98,57,125,22,132,68,73,45" hai3="48,116,87,114,67,3,16,94,6,77,43,130,42"/><U84/><E33/><V34/><F73/><W62/><G114/><T81/><D111/><U35/><E108/><V65/><F132/><W106/><G106/><T60/><D119/><U69/><E35/><V14/><F57/><W32/><G32/><T64/><D107/><U112/><E50/><V0/><F45/><W80/><G116/><T63/><D135/><U41/><E41/><V24/><F0/><W122/><G122/><T104/><D104/><U40/><E40/><V115/><F115/><N who="1" m="44105" /><E131/><V52/><F52/><W95/><G130/><T2/><D2/><U29/><E29/><V23/><F23/><W12/><G6/><T124/><D124/><U28/><E28/><N who="2" m="19719" /><F25/><W120/><G3/><T49/><D121/><U26/><E26/><V79/><F79/><W99/><G120/><T133/><D133/><U118/><E118/><V15/><F15/><W46/><G42/><T27/><D27/><U1/><E1/><V109/><F109/><W96/><G96/><N who="0" m="57383" /><D51/><U44/><E44/><V56/><F56/><N who="3" m="37319" /><G99/><T39/><D49/><U54/><E54/><V7/><F7/><W123/><G123/><T19/><D39/><U70/><E76/><V101/><F101/><N who="1" m="39017" /><E72/><V129/><F129/><W55/><G43/><T4/><D4/><U9/><E9/><AGARI ba="0,0" hai="9,12,16,46,48,55,77,80,87,94,95" m="37319" machi="9" ten="30,2000,0" yaku="8,1,54,1" doraHai="85" who="3" fromWho="1" sc="260,0,145,-20,219,0,376,20" /><INIT seed="6,0,0,5,5,1" ten="260,125,219,396" oya="2" hai0="107,40,49,92,79,3,59,8,86,135,5,112,114" hai1="111,7,18,61,20,128,104,26,80,50,28,125,76" hai2="66,10,116,91,32,55,121,83,88,131,15,29,46" hai3="98,119,127,126,71,56,6,115,69,99,94,14,65"/><V89/><F121/><W70/><G119/><T44/><D107/><U27/><E111/><V36/><F131/><W4/><G115/><N who="0" m="44075" /><D135/><U93/><E104/><V43/><F116/><W41/><G41/><T77/><D59/><U62/><E128/><V120/><F120/><W21/><G65/><T47/><D47/><U35/><E125/><N who="3" m="47626" /><G56/><T74/><D74/><U13/><E93/><V51/><F66/><W64/><G64/><T100/><D100/><U45/><E26/><V90/><F32/><W106/><G106/><T81/><D92/><U0/><E80/><V31/><N who="2" m="22528" /><DORA hai="82" /><V53/><F83/><W23/><G98/><T17/><D17/><U37/><E76/><AGARI ba="0,0" hai="3,5,8,40,44,49,76,77,79,81,86" m="44075" machi="76" ten="30,3900,0" yaku="15,1,52,2" doraHai="1,82" who="0" fromWho="1" sc="260,39,125,-39,219,0,396,0" /><INIT seed="7,0,0,5,3,58" ten="299,86,219,396" oya="3" hai0="87,61,18,107,59,102,51,101,130,37,42,110,70" hai1="26,33,55,116,62,27,94,124,104,52,40,91,45" hai2="106,47,100,38,50,44,43,133,98,80,135,82,88" hai3="11,60,29,64,22,108,20,14,54,103,28,1,9"/><W12/><G1/><T4/><D110/><U97/><E104/><V19/><F19/><N who="3" m="8591" /><G108/><T134/><D107/><U25/><E124/><V128/><F128/><W72/><G72/><T46/><D134/><U7/><E116/><V84/><F133/><W96/><G64/><T32/><D32/><U121/><E121/><V125/><F125/><W67/><G67/><T39/><D4/><U78/><E33/><V120/><F120/><W10/><G10/><T109/><D130/><U66/><E78/><V48/><F135/><W132/><G132/><T24/><D39/><U75/><E7/><V35/><F35/><W114/><G20/><T81/><D109/><U53/><E75/><V30/><F30/><W85/><G22/><N who="0" m="13399" /><D37/><U105/><E105/><V69/><F69/><W113/><G11/><T13/><D13/><U65/><E65/><V34/><F34/><W92/><G14/><T95/><D95/><U118/><E118/><V31/><F31/><W129/><G129/><T77/><D70/><U56/><REACH who="1" step="1"/><E66/><AGARI ba="0,0" hai="42,46,51,59,61,66,77,81,87,101,102" m="13399" machi="66" ten="30,2000,0" yaku="8,1,52,1" doraHai="58" who="0" fromWho="1" sc="299,20,86,-20,219,0,396,0" owari="319,12.0,66,-43.0,219,-18.0,396,49.0" /></mjloggm>