<mjloggm ver="2.3"><GO type="169" lobby="0"/><UN n0="%72%52%66%44%79%55%66" n1="%E3%82%A2%E3%82%B9%E3%82%BF%E3%83%8A" n2="%43%46%54%4B%5F%41%47" n3="%E3%81%AF%E3%81%BF%E3%82%82%E3%82%93" dan="16,17,17,18" rate="2130.93,2195.76,2127.83,2153.00" sx="M,M,M,M"/><TAIKYOKU oya="0"/><INIT seed="0,0,0,4,1,13" ten="250,250,250,250" oya="0" hai0="61,120,30,34,32,17,87,31,47,89,104,29,128" hai1="85,75,6,92,36,49,55,116,88,4,7,130,82" hai2="23,54,96,24,95,110,94,114,86,77,59,5,26" hai3="12,56,118,3,124,126,66,103,39,91,69,19,64"/><T40/><D128/><U18/><E116/><V53/><F114/><W129/><G3/><T101/><D120/><U11/><E36/><V33/><F33/><W135/><G118/><T14/><D61/><U99/><E130/><V50/><F110/><W43/><G129/><T8/><D101/><N who="1" m="60647" /><E75/><V45/><F5/><W52/><G103/><T62/><D62/><U63/><E63/><V109/><F109/><W15/><G69/><T134/><D104/><U90/><E90/><N who="2" m="53591" /><F23/><W46/><G135/><T48/><REACH who="0" step="1"/><D134/><REACH who="0" ten="240,250,250,250" step="2"/><U115/><E115/><V2/><F2/><W83/><G126/><T97/><D97/><U21/><E11/><V51/><F77/><W106/><G124/><T127/><D127/><U1/><E1/><V74/><F74/><W28/><G106/><T98/><D98/><U57/><E4/><V93/><F96/><W125/><G125/><T42/><D42/><U119/><E119/><V44/><F54/><W79/><G52/><T37/><D37/><U78/><E78/><V133/><F133/><W67/><G79/><T121/><D121/><U35/><E35/><V68/><F53/><W58/><G43/><T111/><D111/><U131/><E131/><V73/><F73/><W72/><G39/><T71/><D71/><U25/><AGARI ba="0,1" hai="6,7,18,21,25,49,55,57,82,85,88" m="60647" machi="25" ten="30,4000,0" yaku="8,1,52,1,54,1" doraHai="13" who="1" fromWho="1" sc="240,-20,250,50,250,-10,250,-10" /><INIT seed="1,0,0,5,1,30" ten="220,300,240,240" oya="1" hai0="4,22,120,56,44,35,133,5,52,50,17,91,94" hai1="126,36,11,47,84,41,42,102,89,93,7,87,68" hai2="49,92,51,39,96,31,105,110,45,100,135,8,29" hai3="116,85,2,61,66,114,25,127,0,34,57,121,18"/><U125/><E68/><V13/><F135/><W63/><G114/><T115/><D133/><U20/><E102/><V128/><F110/><W113/><G113/><T73/><D120/><U15/><E42/><V33/><F128/><W131/><G121/><T98/><D115/><U86/><REACH who="1" step="1"/><E20/><REACH who="1" ten="220,290,240,240" step="2"/><V46/><F105/><W108/><G131/><T124/><D124/><AGARI ba="0,1" hai="7,11,15,36,41,47,84,86,87,89,93,124,125,126" machi="124" ten="40,18000,2" yaku="1,1,2,1,18,1,53,3" doraHai="30" doraHaiUra="80" who="1" fromWho="0" sc="220,-180,290,190,240,0,240,0" /><INIT seed="1,1,0,1,3,46" ten="40,480,240,240" oya="1" hai0="45,91,102,4,119,15,54,126,79,118,9,123,27" hai1="64,51,42,7,92,132,38,129,72,96,67,30,121" hai2="76,66,53,5,47,18,61,19,69,3,26,60,114" hai3="16,73,108,83,21,62,68,86,10,107,63,82,81"/><U80/><E121/><V95/><F114/><W17/><G108/><T32/><D126/><U71/><E38/><V22/><F76/><W99/><G73/><T25/><D123/><U70/><E132/><V43/><F95/><W111/><G111/><T49/><D79/><U124/><E124/><V6/><F3/><W110/><G110/><T20/><D102/><U36/><E36/><V40/><F40/><W48/><G107/><T97/><D32/><U35/><E7/><V93/><F93/><W100/><G68/><T52/><D97/><U131/><E72/><V109/><F109/><W104/><G86/><T103/><D103/><U130/><E80/><V50/><F19/><W112/><G112/><T37/><D37/><U13/><E13/><V78/><F78/><W2/><G17/><T127/><D127/><U87/><E87/><V1/><F1/><W59/><G10/><T117/><D91/><N who="1" m="55327" /><E30/><V31/><F61/><W55/><REACH who="3" step="1"/><G2/><REACH who="3" ten="40,480,240,230" step="2"/><T23/><REACH who="0" step="1"/><D54/><REACH who="0" ten="30,480,240,230" step="2"/><U105/><E130/><V98/><F53/><W134/><G134/><T44/><D44/><U74/><E131/><V29/><F98/><W65/><G65/><T75/><D75/><U113/><E74/><V101/><F66/><W41/><G41/><T88/><D88/><U115/><E42/><V90/><F90/><W84/><G84/><T128/><D128/><U116/><E129/><V125/><F125/><W58/><G58/><T33/><D33/><U57/><E35/><V122/><F122/><W135/><G135/><T120/><D120/><U89/><E67/><N who="2" m="41191" /><F101/><W56/><G56/><T11/><D11/><RYUUKYOKU ba="1,2" sc="30,10,480,-30,240,10,230,10" hai0="4,9,15,20,23,25,27,45,49,52,117,118,119" hai2="5,6,18,22,26,29,31,43,47,50" hai3="16,21,48,55,59,62,63,81,82,83,99,100,104" /><INIT seed="2,2,2,1,4,99" ten="40,450,250,240" oya="2" hai0="129,5,6,32,41,101,62,100,20,65,16,86,77" hai1="24,76,66,39,59,125,70,63,0,71,33,84,60" hai2="40,89,108,110,27,50,48,127,10,44,93,118,31" hai3="49,46,55,82,115,81,112,105,96,57,30,133,116"/><V91/><F118/><W7/><G133/><T64/><D129/><U85/><E39/><V92/><F127/><W36/><G116/><T114/><D114/><N who="3" m="43561" /><G30/><T18/><D32/><U74/><E0/><V53/><F10/><W67/><G7/><N who="0" m="2571" /><D41/><U22/><E33/><V11/><F11/><W128/><G128/><T75/><D75/><U1/><E1/><V111/><F92/><W28/><G28/><T34/><D34/><U119/><E119/><V120/><F93/><W88/><G36/><T52/><D52/><U69/><E125/><V72/><F72/><W21/><G21/><T135/><D135/><U98/><E98/><V54/><F120/><W134/><G134/><T29/><D29/><U2/><E2/><V78/><F78/><W45/><G67/><N who="0" m="25675" /><D62/><U61/><E74/><V43/><F43/><W37/><G37/><T95/><D95/><U124/><E124/><V123/><F123/><W104/><G104/><T80/><D18/><U73/><E73/><V113/><F113/><W87/><G82/><T56/><D56/><U4/><E4/><V107/><F107/><W121/><G121/><T35/><D35/><U23/><E76/><V94/><F94/><N who="3" m="56391" /><G105/><T14/><AGARI ba="2,2" hai="14,16,20,77,80,86,100,101" m="25675,2571" machi="14" ten="30,7900,0" yaku="8,1,52,2,54,1" doraHai="99" who="0" fromWho="0" sc="40,105,450,-22,250,-41,240,-22" /><INIT seed="3,0,0,0,3,90" ten="145,428,209,218" oya="3" hai0="60,72,133,74,52,58,21,66,28,75,127,98,3" hai1="5,108,129,15,35,128,14,79,112,71,111,33,4" hai2="27,16,9,123,80,131,113,31,49,77,64,34,94" hai3="109,126,107,70,100,118,121,17,89,18,122,124,36"/><W42/><G70/><T55/><D127/><N who="3" m="48681" /><G118/><T13/><D133/><U101/><E71/><V22/><F113/><W88/><G42/><T91/><D3/><U6/><E79/><V38/><F38/><W39/><G100/><T130/><D130/><N who="1" m="50283" /><E101/><V114/><F131/><W32/><G32/><N who="1" m="12362" /><E112/><V0/><F123/><N who="3" m="47115" /><G107/><T41/><D41/><U12/><AGARI ba="0,0" hai="4,5,6,12,14,15,108,111" m="12362,50283" machi="12" ten="40,8000,1" yaku="28,2,19,1,34,2" doraHai="90" who="1" fromWho="1" sc="145,-20,428,80,209,-20,218,-40" /><INIT seed="4,0,0,0,3,34" ten="125,508,189,178" oya="0" hai0="27,128,111,76,53,110,5,9,81,98,122,33,23" hai1="20,78,26,119,62,25,29,103,90,69,39,86,92" hai2="0,31,124,71,44,54,102,16,118,14,99,107,87" hai3="64,46,73,36,126,129,125,105,100,24,88,113,114"/><T95/><D128/><U89/><E119/><V91/><F118/><W21/><G73/><T66/><D122/><U115/><E39/><V61/><F124/><N who="3" m="47723" /><G64/><T51/><D66/><U83/><E115/><N who="3" m="44042" /><G129/><T12/><D33/><U60/><E26/><V1/><F31/><N who="3" m="17807" /><G100/><T67/><D67/><U38/><E38/><V79/><F71/><W32/><G105/><T112/><D112/><U108/><E108/><N who="0" m="41513" /><D95/><U18/><E69/><V59/><F44/><W47/><G32/><T37/><D98/><N who="1" m="59847" /><E29/><V7/><F79/><W109/><G36/><T70/><D37/><U77/><E77/><V3/><F7/><W117/><G109/><T104/><D104/><U19/><E19/><V106/><F106/><W15/><G117/><T96/><D96/><U35/><E35/><V84/><REACH who="2" step="1"/><F91/><AGARI ba="0,0" hai="18,20,25,60,62,78,83,86,89,90,91" m="59847" machi="91" ten="30,1000,0" yaku="8,1" doraHai="34" who="1" fromWho="2" sc="125,0,508,10,189,-10,178,0" /><INIT seed="5,0,0,4,4,123" ten="125,518,179,178" oya="1" hai0="39,70,50,117,115,59,127,29,102,63,71,53,38" hai1="82,6,129,91,133,56,41,89,109,79,65,61,52" hai2="108,76,58,47,12,128,87,118,74,125,97,45,69" hai3="84,7,66,9,105,110,98,124,64,92,43,75,28"/><U55/><E133/><V10/><F69/><N who="0" m="26122" /><D102/><U25/><E129/><V106/><F118/><W93/><G75/><T5/><D29/><U100/><E100/><V67/><F74/><W114/><G105/><T103/><D103/><U121/><E121/><V27/><F128/><W2/><G28/><T132/><D5/><U111/><E41/><V78/><F27/><W104/><G104/><T86/><D86/><N who="1" m="48479" /><E6/><V120/><F78/><W83/><G93/><T96/><D96/><U16/><E55/><V36/><F120/><W112/><G98/><T22/><D22/><N who="1" m="13511" /><E65/><V73/><F73/><W62/><G7/><T81/><D81/><U101/><E101/><V119/><F119/><W33/><G83/><T72/><D72/><U77/><E77/><V34/><F76/><W48/><G33/><T14/><D14/><U26/><E26/><V80/><F34/><W23/><G2/><T116/><D117/><U51/><E51/><V94/><F106/><W18/><G92/><T44/><D116/><U24/><E24/><V54/><F94/><W15/><G15/><T126/><D132/><U113/><E113/><V20/><F12/><W40/><G112/><T32/><D32/><U99/><E99/><V134/><F134/><W42/><G114/><T60/><D115/><U49/><E49/><V19/><F97/><W37/><G48/><T85/><D85/><U13/><E13/><V135/><F135/><W95/><G84/><T107/><D107/><U21/><E21/><V4/><F87/><W46/><G95/><T30/><D50/><U8/><E8/><V3/><F4/><RYUUKYOKU ba="0,0" sc="125,-10,518,30,179,-10,178,-10" hai1="52,56,61,89,91,109,111" /><INIT seed="5,1,0,5,1,26" ten="115,548,169,168" oya="1" hai0="106,80,89,72,16,122,104,107,37,14,95,40,18" hai1="0,68,6,110,51,121,129,99,38,115,3,48,90" hai2="30,112,132,120,123,47,70,56,118,8,69,75,133" hai3="97,39,117,54,53,130,73,126,25,29,64,77,20"/><U11/><E121/><V113/><F75/><W78/><G39/><T45/><D122/><N who="2" m="46634" /><F8/><W127/><G130/><T65/><D65/><U12/><E38/><V86/><F118/><W124/><G117/><T71/><D71/><N who="2" m="27146" /><F86/><W81/><G64/><T15/><D80/><U128/><E68/><V109/><F30/><W1/><G78/><T67/><D67/><U125/><E110/><V135/><F109/><W17/><G1/><T85/><REACH who="0" step="1"/><D72/><REACH who="0" ten="105,548,169,168" step="2"/><U93/><E128/><V43/><F56/><W83/><G83/><T116/><D116/><U61/><E129/><V58/><F58/><W31/><G97/><T32/><D32/><U27/><E99/><V21/><F21/><W59/><G59/><T7/><D7/><U23/><E6/><V9/><F9/><W49/><G73/><T34/><D34/><U96/><E23/><V2/><F2/><W114/><G81/><T55/><D55/><U35/><E11/><V101/><F101/><W111/><G111/><T74/><D74/><U44/><E35/><V98/><F98/><W36/><G54/><T41/><D41/><U87/><E96/><V57/><F57/><W100/><G100/><T52/><D52/><U91/><E3/><V134/><F134/><W13/><G53/><T46/><D46/><U10/><E44/><V84/><F84/><W63/><G20/><T105/><N who="0" m="26624" /><DORA hai="5" /><T119/><D119/><U92/><E87/><V102/><F102/><W22/><G22/><T50/><D50/><AGARI ba="1,1" hai="43,47,50,112,113,132,133,135" m="27146,46634" machi="50" ten="40,5200,0" yaku="20,1,34,2" doraHai="26,5" who="2" fromWho="0" sc="105,-55,548,0,169,65,168,0" /><INIT seed="6,0,0,1,5,112" ten="50,548,234,168" oya="2" hai0="102,46,106,94,23,74,8,47,103,19,36,86,2" hai1="65,132,40,71,63,130,88,120,48,42,32,17,126" hai2="109,125,5,108,80,52,129,10,118,79,122,73,37" hai3="72,134,34,90,24,43,121,124,83,92,27,81,0"/><V114/><F122/><W104/><G104/><T25/><D74/><U26/><E120/><V67/><F114/><W85/><G134/><T117/><D117/><U128/><E132/><V15/><F67/><W31/><G124/><T35/><D35/><U69/><E69/><V4/><F37/><W101/><G0/><T33/><D33/><U3/><E3/><V38/><F38/><W110/><G110/><N who="2" m="42601" /><F129/><N who="1" m="49769" /><E126/><V29/><F29/><W76/><G121/><T113/><D113/><U105/><E105/><V50/><F4/><W59/><G43/><T16/><D2/><U18/><E88/><V7/><F7/><W11/><G27/><T89/><D36/><U53/><E18/><V14/><F125/><W20/><G101/><N who="0" m="38411" /><D106/><U57/><E17/><V30/><F30/><AGARI ba="0,0" hai="26,30,32,40,42,48,53,57,63,65,71" m="49769" machi="30" ten="30,1000,0" yaku="19,1" doraHai="112" who="1" fromWho="2" sc="50,0,548,10,234,-10,168,0" /><INIT seed="7,0,0,2,4,45" ten="50,558,224,168" oya="3" hai0="96,55,51,80,107,37,25,32,101,116,54,77,71" hai1="17,58,62,66,120,38,6,21,89,84,111,26,76" hai2="50,47,57,61,33,118,102,83,81,92,35,128,119" hai3="49,29,86,20,4,87,99,53,98,106,13,110,67"/><W56/><G110/><T127/><D127/><U82/><E111/><V46/><F128/><W112/><G112/><T69/><D116/><U114/><E120/><V90/><F33/><W78/><G106/><T5/><D37/><U36/><E114/><V79/><F35/><W34/><G34/><T134/><D134/><U41/><E6/><V75/><F46/><W27/><G67/><T115/><D115/><U18/><E41/><V52/><F83/><N who="3" m="47479" /><G87/><T121/><D121/><U48/><E48/><V31/><F31/><W100/><G100/><T123/><D123/><U44/><E44/><V132/><F102/><W11/><AGARI ba="0,0" hai="4,11,13,20,27,29,49,53,56,98,99" m="47479" machi="11" ten="30,3000,0" yaku="8,1,52,1" doraHai="45" who="3" fromWho="3" sc="50,-10,558,-10,224,-10,168,30" /><INIT seed="7,1,0,2,5,99" ten="40,548,214,198" oya="3" hai0="5,20,67,23,118,101,102,0,123,122,85,35,63" hai1="106,129,131,116,70,117,77,62,48,13,86,45,30" hai2="59,103,98,6,107,42,65,81,110,120,72,54,31" hai3="135,90,25,16,38,51,88,82,127,113,124,132,34"/><W76/><G38/><T133/><D118/><N who="1" m="45675" /><E106/><V21/><F110/><W134/><G113/><T92/><D35/><U89/><E77/><V28/><F65/><W126/><G51/><T39/><D39/><U40/><E30/><V73/><F120/><W69/><G69/><T112/><D133/><U19/><E62/><V1/><F42/><W109/><G109/><T18/><D112/><U36/><E70/><V56/><F56/><W32/><G16/><T64/><D64/><U66/><E66/><V94/><F107/><W24/><G76/><T121/><D5/><U87/><E36/><V29/><F21/><W100/><G100/><T46/><D46/><U22/><E87/><V83/><F72/><W115/><G115/><T60/><D0/><U47/><E47/><V111/><F73/><W33/><G82/><AGARI ba="1,0" hai="13,19,22,40,45,48,82,86,89,129,131" m="45675" machi="82" ten="30,1000,0" yaku="12,1" doraHai="99" who="1" fromWho="3" sc="40,0,548,13,214,0,198,-13" owari="40,-46.0,561,66.0,214,1.0,185,-21.0" /></mjloggm>