<mjloggm ver="2.3"><GO type="169" lobby="0"/><UN n0="%41%2E%4B%39%6D%65%63" n1="%E3%83%A1%E3%83%A9%E3%82%BE%E3%83%BC%E3%83%9E" n2="%28%3B%E3%83%BB%E2%88%80%E3%83%BB%29" n3="%E5%A4%A9%E7%A5%9E%E9%B3%B3%E4%BD%8D" dan="18,16,16,16" rate="2290.30,2141.91,2168.45,2127.78" sx="M,F,M,M"/><TAIKYOKU oya="0"/><INIT seed="0,0,0,4,4,68" ten="250,250,250,250" oya="0" hai0="8,11,57,13,23,88,60,52,0,85,44,27,25" hai1="135,36,118,21,15,51,132,110,38,82,134,79,59" hai2="72,76,91,102,66,105,93,9,80,75,125,130,81" hai3="63,17,43,37,42,87,127,99,94,100,98,96,24"/><T55/><D0/><U12/><E118/><V20/><F66/><W28/><G127/><T2/><D2/><U49/><E110/><V84/><F9/><W62/><G100/><T83/><D11/><U109/><E109/><V124/><F20/><W111/><G111/><T131/><D131/><U112/><E112/><V29/><F29/><W128/><G128/><T39/><D23/><U45/><E59/><V19/><F19/><W115/><G115/><T71/><D71/><U3/><E3/><V70/><F70/><W47/><G43/><T34/><D34/><U119/><E119/><V90/><F130/><W40/><G17/><N who="0" m="8359" /><D39/><N who="1" m="14891" /><E21/><V54/><F54/><W53/><G40/><T10/><D10/><U22/><E22/><V58/><F58/><W86/><G53/><T35/><D35/><U26/><E26/><V123/><F123/><W56/><G56/><T1/><D1/><U103/><E103/><V73/><F124/><W89/><G24/><T113/><D113/><U16/><E16/><V126/><F126/><W4/><G4/><T122/><D122/><U77/><E77/><N who="2" m="44095" /><F125/><W107/><G28/><T133/><D133/><N who="1" m="34051" /><U31/><DORA hai="78" /><E31/><V64/><F64/><W121/><G121/><T74/><D74/><N who="2" m="28778" /><F105/><W101/><G107/><T41/><D41/><N who="1" m="24751" /><E51/><AGARI ba="0,0" hai="25,27,44,51,52,55,57,60,83,85,88" m="8359" machi="51" ten="30,12000,1" yaku="25,1,8,1,52,1,54,2" doraHai="68,78" who="0" fromWho="1" sc="250,120,250,-120,250,0,250,0" /><INIT seed="0,1,0,0,2,59" ten="370,130,250,250" oya="0" hai0="104,95,116,21,77,94,28,24,20,123,39,114,69" hai1="29,126,17,115,10,98,40,57,119,134,85,131,127" hai2="44,120,129,80,51,16,90,27,113,130,111,46,135" hai3="110,35,38,67,12,43,118,54,108,5,71,52,92"/><T0/><D104/><U36/><E119/><V41/><F113/><W78/><G35/><T32/><D114/><U49/><E115/><V96/><F120/><W83/><G92/><T89/><D39/><U125/><E29/><V73/><F111/><N who="3" m="42539" /><G118/><T102/><D116/><U117/><E117/><V56/><F135/><W61/><G5/><T64/><D0/><U19/><E134/><V112/><F112/><W65/><G65/><T7/><D7/><U22/><E131/><N who="2" m="50187" /><F96/><W86/><G12/><T79/><D123/><U60/><E98/><V33/><F33/><W15/><G15/><T109/><D102/><U30/><E36/><V45/><F56/><W121/><G121/><T133/><D95/><U26/><E85/><N who="2" m="50471" /><F73/><W53/><G38/><T87/><D133/><U84/><E84/><V14/><F27/><W31/><G31/><T128/><D128/><U68/><E68/><V4/><F4/><W55/><N who="3" m="13312" /><DORA hai="13" /><W97/><G97/><T58/><D109/><U6/><E6/><V48/><F41/><AGARI ba="1,0" hai="41,43,61,67,71,78,83,86" m="13312,42539" machi="41" ten="50,6400,0" yaku="14,1,52,1,54,1" doraHai="59,13" who="3" fromWho="2" sc="370,0,130,0,250,-67,250,67" /><INIT seed="1,0,0,2,0,61" ten="370,130,183,317" oya="1" hai0="121,88,39,1,95,106,44,81,57,129,68,99,45" hai1="70,92,25,135,117,55,8,16,41,18,118,74,123" hai2="11,102,59,0,100,28,132,10,82,125,83,78,38" hai3="110,67,97,33,103,90,19,34,43,134,65,76,85"/><U4/><E123/><V107/><F38/><W112/><G112/><T89/><D68/><U26/><E135/><V47/><F132/><W6/><G134/><T36/><D121/><U80/><E70/><V87/><F125/><W115/><G115/><T101/><D1/><U40/><E92/><V108/><F108/><W128/><G110/><T96/><D129/><U64/><E55/><V37/><F107/><W93/><G128/><T46/><REACH who="0" step="1"/><D57/><REACH who="0" ten="360,130,183,317" step="2"/><U86/><E117/><V49/><F59/><W116/><G116/><T72/><D72/><U13/><E74/><V30/><F0/><W24/><G33/><T124/><D124/><U23/><E118/><V75/><F75/><W79/><G34/><T22/><D22/><N who="1" m="13639" /><E64/><N who="3" m="24650" /><G6/><T56/><D56/><U52/><E52/><N who="2" m="29759" /><F37/><W7/><G7/><T62/><D62/><U133/><E133/><V113/><F113/><W98/><G43/><T77/><D77/><AGARI ba="0,1" hai="4,8,13,18,23,25,40,41,77,80,86" m="13639" machi="77" ten="30,2900,0" yaku="8,1,54,1" doraHai="61" who="1" fromWho="0" sc="360,-29,130,39,183,0,317,0" /><INIT seed="1,1,0,3,2,129" ten="331,169,183,317" oya="1" hai0="106,78,122,133,54,81,9,101,47,87,49,107,85" hai1="32,50,29,4,86,116,36,45,95,99,53,135,21" hai2="75,110,12,20,118,73,37,62,55,119,0,13,19" hai3="5,82,102,15,126,35,48,34,52,71,121,74,51"/><U69/><E116/><V105/><F0/><W113/><G121/><T77/><D122/><U60/><E32/><V25/><F105/><W115/><G71/><T46/><D133/><U59/><E135/><V61/><F37/><W6/><G102/><T104/><D101/><U2/><E4/><V18/><F55/><W27/><G126/><T134/><D134/><U8/><E8/><V93/><F93/><W41/><G41/><T64/><D64/><U42/><E2/><V56/><F56/><W10/><G5/><T123/><D123/><U89/><E86/><V7/><F7/><W24/><G48/><T63/><D63/><U22/><REACH who="1" step="1"/><E29/><REACH who="1" ten="331,159,183,317" step="2"/><V128/><F128/><W57/><G35/><T68/><D9/><U76/><E76/><V79/><F79/><W130/><G130/><T72/><D78/><U43/><E43/><V67/><F118/><W39/><G34/><T58/><D87/><U16/><E16/><V66/><F119/><W127/><G127/><T14/><D85/><U112/><E112/><V84/><F84/><W40/><G115/><T125/><D77/><U3/><E3/><V108/><F20/><W98/><G113/><T30/><D30/><U88/><E88/><V23/><F23/><W97/><G74/><T70/><D125/><U83/><E83/><V26/><AGARI ba="1,1" hai="12,13,18,19,25,26,61,62,66,67,73,75,108,110" machi="26" ten="25,3200,0" yaku="0,1,22,2" doraHai="129" who="2" fromWho="2" sc="331,-9,159,-17,183,45,317,-9" /><INIT seed="2,0,0,4,5,135" ten="322,142,228,308" oya="2" hai0="60,2,124,19,127,24,5,86,101,108,17,96,65" hai1="113,89,99,61,66,128,109,117,51,9,52,11,40" hai2="6,69,64,131,84,4,125,120,22,119,82,58,31" hai3="116,80,10,103,126,32,43,46,104,118,134,102,67"/><V47/><F119/><W45/><G32/><T110/><D86/><U41/><E113/><V21/><F120/><W18/><G134/><T54/><D54/><U30/><E109/><N who="0" m="42089" /><D5/><U130/><E30/><V59/><F69/><W114/><G114/><T122/><D2/><U33/><E33/><V81/><F31/><W90/><G67/><T34/><D122/><U71/><E89/><V115/><F84/><W93/><G90/><T42/><D42/><N who="1" m="16491" /><E99/><V49/><F115/><W44/><G43/><T76/><D76/><U16/><E16/><N who="0" m="6217" /><D24/><U88/><E88/><V112/><F112/><W53/><G53/><T55/><D55/><U23/><E23/><V57/><F64/><W107/><G116/><T39/><D39/><U62/><E11/><V28/><F28/><W133/><G10/><T78/><D78/><U56/><E9/><V98/><F59/><W70/><G133/><T50/><D50/><U132/><E117/><V92/><F49/><W105/><G118/><T75/><D75/><U29/><E29/><V91/><F91/><W12/><G46/><T20/><D20/><U35/><E35/><V106/><F47/><W14/><G45/><T25/><D25/><U77/><E77/><V26/><F26/><W36/><G44/><T37/><D37/><U123/><E132/><V85/><F85/><W121/><G36/><T68/><D34/><U7/><E123/><V111/><F111/><W27/><G27/><T3/><D3/><U1/><E51/><V129/><F98/><W94/><G121/><T13/><D13/><U48/><E48/><V73/><F73/><RYUUKYOKU ba="0,0" sc="322,15,142,15,228,-15,308,-15" hai0="60,65,68,96,101,124,127" hai1="1,7,52,56,61,62,66,71,128,130" /><INIT seed="3,1,0,5,2,126" ten="337,157,213,293" oya="3" hai0="78,102,35,118,1,121,115,39,104,32,8,5,96" hai1="80,23,28,99,135,81,64,84,9,106,97,3,113" hai2="48,41,34,40,11,27,18,49,55,13,10,131,37" hai3="132,15,36,130,69,124,38,51,68,56,20,24,107"/><W2/><G107/><T79/><D121/><U4/><E113/><V73/><F73/><W66/><G2/><T74/><D118/><U91/><E135/><V59/><F37/><N who="3" m="14443" /><G15/><T105/><D115/><U33/><E33/><V42/><F131/><W67/><G20/><T31/><D31/><U109/><E64/><N who="3" m="24618" /><G24/><T21/><D21/><U95/><E109/><V60/><F34/><W114/><G114/><T43/><D104/><U93/><E106/><V133/><F133/><W44/><G132/><T22/><D22/><U65/><E65/><V87/><F27/><W57/><G124/><T46/><D79/><U111/><E111/><V14/><REACH who="2" step="1"/><F87/><REACH who="2" ten="337,157,203,293" step="2"/><W6/><G130/><T7/><D7/><AGARI ba="1,1" hai="7,10,11,13,14,18,40,41,42,48,49,55,59,60" machi="7" ten="40,5200,0" yaku="1,1,2,1,8,1,53,0" doraHai="126" doraHaiUra="127" who="2" fromWho="0" sc="337,-55,157,0,203,65,293,0" /><INIT seed="4,0,0,5,3,82" ten="282,157,268,293" oya="0" hai0="127,96,13,111,62,53,46,3,120,129,115,73,29" hai1="98,36,114,132,47,75,131,40,54,119,19,9,27" hai2="69,10,79,14,70,87,37,128,51,2,105,59,89" hai3="32,101,43,6,91,52,0,113,86,38,124,31,81"/><T112/><D73/><U109/><E119/><V64/><F37/><W125/><G113/><T133/><D3/><U76/><E109/><V30/><F2/><W8/><G101/><T25/><D120/><U123/><E123/><V92/><F105/><W126/><G52/><T48/><D111/><U99/><E114/><V58/><F128/><W85/><G91/><T63/><D129/><U83/><E132/><V71/><F30/><W45/><G81/><T33/><D133/><U7/><E131/><V12/><F79/><W66/><G66/><T22/><D127/><U4/><E4/><V121/><F121/><W61/><G61/><T18/><D63/><U116/><E116/><V24/><F24/><AGARI ba="0,0" hai="0,6,8,24,31,32,38,43,45,85,86,124,125,126" machi="24" ten="40,5200,0" yaku="18,1,52,2" doraHai="82" who="3" fromWho="2" sc="282,0,157,0,268,-52,293,52" /><INIT seed="5,0,0,5,0,92" ten="282,157,216,345" oya="1" hai0="33,116,64,78,105,70,32,45,135,28,68,30,5" hai1="72,44,130,39,110,106,3,96,52,43,84,114,0" hai2="2,31,113,60,24,73,65,26,107,17,115,117,89" hai3="47,112,59,74,75,57,127,58,123,102,83,22,77"/><U7/><E114/><N who="2" m="43531" /><F117/><W53/><G112/><T91/><D116/><U87/><E130/><V62/><F73/><W79/><G123/><T35/><D78/><U54/><E72/><V67/><F2/><W80/><G127/><T6/><D105/><U111/><E87/><V1/><F1/><W46/><G53/><N who="1" m="20586" /><E3/><V20/><F107/><W21/><G102/><T61/><D135/><U128/><E0/><V25/><F89/><W27/><G21/><T63/><D91/><U16/><E7/><V118/><F118/><W93/><G93/><T108/><D108/><N who="1" m="41515" /><E84/><V56/><F31/><AGARI ba="0,0" hai="22,27,31,46,47,57,58,59,74,75,77,79,80,83" machi="31" ten="40,1300,0" yaku="9,1" doraHai="92" who="3" fromWho="2" sc="282,0,157,0,216,-13,345,13" /><INIT seed="6,0,0,5,1,5" ten="282,157,203,358" oya="2" hai0="85,41,27,117,31,47,124,135,33,32,114,80,122" hai1="24,115,98,130,60,35,78,100,76,84,125,91,36" hai2="29,56,34,25,119,97,9,123,74,66,46,38,127" hai3="70,0,83,105,92,112,81,77,107,118,101,2,26"/><V134/><F119/><W102/><G70/><T61/><D122/><U68/><E36/><V111/><F123/><W63/><G26/><T1/><D117/><U44/><E44/><V133/><F74/><N who="3" m="43191" /><G63/><T103/><D1/><U6/><E6/><V59/><F127/><W129/><G0/><T15/><D114/><U10/><E115/><V37/><F111/><W96/><G2/><T57/><D135/><N who="2" m="51722" /><F66/><W113/><G118/><T75/><D75/><U104/><E130/><V128/><F128/><W62/><G62/><T71/><D103/><N who="3" m="39433" /><G129/><T52/><D124/><U16/><E125/><V65/><F65/><W126/><G126/><T19/><D33/><U3/><E3/><V51/><F97/><W7/><G7/><T116/><D116/><U50/><E50/><V69/><F69/><W48/><G48/><T120/><D120/><U45/><E60/><V121/><F121/><W110/><G110/><T43/><D47/><U67/><E67/><V28/><F28/><W14/><G14/><T21/><REACH who="0" step="1"/><D71/><REACH who="0" ten="272,157,203,358" step="2"/><U11/><E45/><V4/><F56/><W42/><G113/><T95/><D95/><N who="1" m="58463" /><E68/><V40/><F59/><W94/><G112/><T79/><AGARI ba="0,1" hai="15,19,21,27,31,32,41,43,52,57,61,79,80,85" machi="79" ten="20,8000,1" yaku="1,1,0,1,7,1,54,1,53,1" doraHai="5" doraHaiUra="82" who="0" fromWho="0" sc="272,90,157,-20,203,-40,358,-20" /><INIT seed="7,0,0,4,0,131" ten="362,137,163,338" oya="3" hai0="46,76,67,59,27,65,132,73,97,40,29,118,10" hai1="104,57,3,63,95,107,69,21,128,60,121,61,66" hai2="117,126,96,44,125,113,19,56,35,13,55,111,81" hai3="92,24,31,89,8,5,71,100,133,58,64,34,102"/><W75/><G71/><T50/><D118/><U79/><E121/><V9/><F111/><W122/><G122/><T2/><D132/><U87/><E128/><V127/><F117/><W45/><G133/><T14/><D2/><U12/><E3/><V108/><F108/><W77/><G45/><T32/><D97/><U51/><E104/><V103/><F35/><W120/><G120/><T25/><D25/><U42/><E107/><V82/><F44/><W28/><G28/><T110/><D110/><U115/><E115/><V98/><F113/><W90/><G77/><T105/><D105/><U72/><E72/><V36/><F36/><W134/><G75/><T70/><D70/><U93/><E42/><V48/><F98/><N who="3" m="59463" /><G34/><T1/><D1/><U38/><E38/><V84/><F84/><W4/><G134/><T68/><D68/><U53/><E79/><V62/><F62/><N who="3" m="37975" /><G102/><T101/><D101/><U18/><E93/><AGARI ba="0,0" hai="9,13,19,48,55,56,81,82,93,96,103,125,126,127" machi="93" ten="40,1300,0" yaku="18,1" doraHai="131" who="2" fromWho="1" sc="362,0,137,-13,163,13,338,0" owari="362,46.0,124,-38.0,176,-22.0,338,14.0" /></mjloggm>