<mjloggm ver="2.3"><GO type="169" lobby="0"/><UN n0="%64%75%72%72%72%72%72" n1="%E5%A4%A9%E6%99%B4" n2="%E3%83%9E%E3%83%8A%E3%83%96%E9%9B%B6" n3="%E6%8C%AF%E3%82%8A%E8%BE%BC%E3%81%BF%E3%81%AE%E9%81%94%E4%BA%BA%EF%BC%81" dan="18,16,16,16" rate="2248.76,2127.40,2135.23,2131.54" sx="M,M,M,M"/><TAIKYOKU oya="0"/><INIT seed="0,0,0,1,2,55" ten="250,250,250,250" oya="0" hai0="3,26,71,113,74,66,61,42,18,87,123,111,129" hai1="70,79,86,132,19,6,77,89,24,128,46,17,43" hai2="13,67,119,8,38,30,99,103,37,4,54,78,47" hai3="62,52,14,84,64,10,80,7,118,75,100,53,127"/><T133/><D113/><U60/><E132/><V101/><F119/><W12/><G127/><T2/><D123/><U68/><E128/><V131/><F131/><W32/><G118/><T117/><D129/><U107/><E107/><V0/><F30/><W120/><G120/><T39/><D117/><U16/><E6/><V41/><F67/><W98/><G75/><T29/><D74/><U40/><E24/><V90/><F38/><W21/><G32/><T109/><D18/><U104/><E104/><V93/><F13/><W112/><G112/><T35/><D87/><U45/><E60/><V33/><F33/><W94/><G21/><T15/><D15/><U83/><E70/><V51/><REACH who="2" step="1"/><F78/><REACH who="2" ten="250,250,240,250" step="2"/><W114/><G14/><T59/><D133/><U65/><E65/><V57/><AGARI ba="0,1" hai="0,4,8,37,41,47,51,54,57,90,93,99,101,103" machi="57" ten="20,8000,1" yaku="1,1,2,1,0,1,7,1,52,1,53,0" doraHai="55" doraHaiUra="73" who="2" fromWho="2" sc="250,-40,250,-20,240,90,250,-20" /><INIT seed="1,0,0,3,2,39" ten="210,230,330,230" oya="1" hai0="26,63,21,28,103,22,86,79,30,95,117,71,58" hai1="70,14,114,27,113,68,35,31,50,18,78,37,134" hai2="124,64,118,4,44,112,59,11,109,12,29,85,89" hai3="49,108,25,41,102,84,77,8,122,76,115,36,90"/><U129/><E37/><V116/><F109/><W125/><G122/><T9/><D117/><U57/><E134/><V5/><F124/><W15/><G115/><T127/><D127/><U92/><E129/><V83/><F112/><W62/><G36/><T55/><D71/><U133/><E133/><V135/><F135/><W121/><G121/><T7/><D79/><U126/><E126/><V97/><F29/><W47/><G108/><T88/><D103/><U16/><E78/><V91/><F5/><W20/><G102/><T61/><D61/><U32/><E32/><V13/><F13/><W19/><G62/><T132/><D132/><U105/><E105/><V24/><F24/><W0/><G0/><T52/><D55/><U65/><E18/><V100/><F91/><W43/><G43/><T75/><D75/><U40/><E70/><V60/><REACH who="2" step="1"/><F44/><REACH who="2" ten="210,230,320,230" step="2"/><W93/><REACH who="3" step="1"/><G125/><REACH who="3" ten="210,230,320,220" step="2"/><T72/><D28/><AGARI ba="0,2" hai="8,15,19,20,25,28,41,47,49,76,77,84,90,93" machi="28" ten="30,8000,1" yaku="1,1,2,1,7,1,8,1,52,1,53,0" doraHai="39" doraHaiUra="94" who="3" fromWho="0" sc="210,-80,230,0,320,0,220,100" /><INIT seed="2,0,0,3,0,21" ten="130,230,320,320" oya="2" hai0="76,12,133,130,101,10,106,107,73,88,55,62,120" hai1="109,81,57,75,79,34,20,113,91,119,7,125,36" hai2="28,43,64,33,11,104,18,50,71,41,80,52,16" hai3="67,58,54,35,25,90,19,63,98,83,68,129,17"/><V117/><F117/><W47/><G129/><T24/><D120/><U72/><E119/><V118/><F118/><W92/><G83/><T5/><D130/><U122/><E113/><V111/><F104/><W26/><G35/><T13/><D133/><U78/><E34/><V102/><F102/><W70/><G70/><T42/><D42/><U59/><E36/><V89/><F111/><W116/><G116/><T39/><D39/><U108/><E125/><V77/><F64/><W2/><G2/><T61/><D76/><U82/><E20/><V69/><F69/><W49/><G68/><T46/><D73/><U127/><E127/><V38/><F71/><W126/><G126/><T103/><D46/><U94/><E7/><V105/><F105/><W23/><REACH who="3" step="1"/><G17/><REACH who="3" ten="130,230,320,310" step="2"/><T74/><D74/><U66/><E122/><V121/><F121/><W6/><G6/><T134/><D5/><U30/><E30/><V112/><F18/><W9/><G9/><T51/><D10/><U128/><E128/><V114/><F112/><W97/><G97/><T84/><D134/><U27/><E108/><V135/><F114/><W8/><G8/><T123/><D123/><U85/><E109/><V0/><F135/><W95/><G95/><T45/><D106/><U29/><E29/><V93/><F16/><W44/><G44/><T14/><D107/><U87/><E94/><V56/><F11/><W99/><G99/><T131/><D131/><U132/><E132/><V22/><F0/><W48/><G48/><T1/><D1/><U32/><E32/><V124/><F33/><W65/><G65/><RYUUKYOKU ba="0,1" sc="130,-10,230,-10,320,-10,310,30" hai3="19,23,25,26,47,49,54,58,63,67,90,92,98" /><INIT seed="3,1,1,0,0,117" ten="120,220,310,340" oya="3" hai0="15,23,51,61,50,130,20,125,119,52,75,34,17" hai1="64,36,87,121,48,40,126,89,80,90,7,27,104" hai2="59,114,42,32,60,4,1,19,69,63,43,122,12" hai3="10,71,134,3,53,84,132,92,107,115,46,70,86"/><W131/><G115/><T76/><D34/><U106/><E36/><V118/><F114/><W116/><G107/><T33/><D33/><U0/><E126/><V37/><F118/><W98/><G116/><T93/><D119/><U128/><E128/><V101/><F32/><W129/><G3/><T44/><D130/><N who="3" m="49673" /><G10/><T123/><D125/><U24/><E64/><V2/><F69/><N who="3" m="26123" /><G46/><T74/><D123/><U66/><E106/><V113/><F113/><W18/><G18/><T39/><D39/><U103/><E121/><V26/><F37/><W97/><G53/><T133/><D133/><N who="3" m="51305" /><G92/><T38/><D38/><U78/><E104/><V77/><F19/><W16/><G16/><T58/><D93/><U79/><E0/><V47/><F4/><W5/><G5/><T111/><D50/><U99/><E48/><V135/><F47/><W8/><G8/><T25/><D111/><U21/><E7/><V72/><F135/><W56/><G56/><T91/><D51/><U67/><E67/><V108/><F59/><W109/><G109/><T14/><D44/><U29/><E66/><V6/><F108/><W102/><G102/><T30/><D15/><U96/><E103/><V83/><F101/><W110/><G110/><T45/><D45/><U95/><E95/><V13/><F6/><W65/><G65/><T54/><D54/><U35/><E27/><V28/><F2/><W81/><G81/><T124/><D52/><U112/><E80/><V68/><F1/><W57/><G57/><T85/><D58/><U62/><E24/><V11/><F83/><W49/><G49/><RYUUKYOKU ba="1,1" sc="120,-10,220,-10,310,-10,340,30" hai3="84,86,97,98" /><INIT seed="3,2,1,5,3,75" ten="110,210,300,370" oya="3" hai0="81,63,120,48,73,121,12,44,1,96,46,92,60" hai1="108,0,82,13,86,10,114,6,68,133,104,43,112" hai2="35,87,61,95,77,20,102,5,131,67,38,105,72" hai3="52,134,65,132,45,57,128,42,117,89,29,51,116"/><W40/><G29/><T14/><D1/><U84/><E104/><V3/><F35/><W22/><G22/><T90/><D121/><U47/><E68/><V24/><F38/><W71/><G89/><T135/><D135/><N who="3" m="51753" /><G71/><T101/><D120/><U54/><E133/><V76/><F72/><W28/><G28/><T126/><D126/><U125/><E125/><V26/><F131/><W118/><G128/><T69/><D44/><U23/><E108/><V74/><F74/><W55/><G65/><T98/><D69/><U107/><E107/><V78/><F105/><W91/><G91/><T115/><D115/><U11/><E23/><V103/><F5/><W124/><G124/><T41/><D73/><U66/><E66/><V58/><F3/><W111/><G111/><T130/><D130/><U19/><E54/><V56/><F56/><W106/><G106/><T33/><D33/><U129/><E129/><V32/><F32/><W123/><G123/><T64/><D64/><U27/><E27/><N who="2" m="10283" /><F20/><W100/><G100/><N who="2" m="38441" /><F95/><W122/><G122/><T62/><REACH who="0" step="1"/><D98/><REACH who="0" ten="100,210,300,370" step="2"/><U8/><E112/><V36/><F36/><W2/><G2/><T31/><D31/><U94/><E114/><V34/><F34/><W39/><G39/><T99/><D99/><U70/><E70/><V119/><F119/><W53/><G57/><T110/><D110/><U25/><E47/><V97/><F97/><W83/><G42/><T59/><D59/><U93/><E43/><V15/><F15/><W80/><AGARI ba="2,2" hai="40,45,51,52,53,55,80,83,116,117,118" m="51753" machi="80" ten="40,3900,0" yaku="20,1,54,1" doraHai="75" who="3" fromWho="3" sc="100,-15,210,-15,300,-15,370,65" /><INIT seed="3,3,0,1,4,85" ten="85,195,285,435" oya="3" hai0="45,68,79,103,87,125,33,115,8,32,0,82,93" hai1="91,64,56,47,120,16,134,55,43,100,21,90,27" hai2="112,41,88,48,129,77,133,4,62,95,65,10,119" hai3="3,135,23,58,98,128,81,114,6,127,38,25,131"/><W97/><G114/><T70/><D115/><U102/><E120/><V113/><F119/><W60/><G38/><T67/><D125/><U107/><E134/><V52/><F133/><W124/><G135/><T20/><D20/><U63/><E64/><V19/><F41/><W83/><G6/><T59/><D59/><U61/><E61/><V50/><F129/><N who="3" m="49739" /><G3/><T2/><D2/><U44/><E44/><V15/><F77/><W40/><G40/><T9/><D9/><U109/><E109/><V1/><F113/><W24/><G23/><T54/><D67/><U80/><E80/><N who="3" m="30794" /><G58/><T122/><D122/><U118/><E118/><V28/><F112/><W39/><G60/><T35/><D103/><N who="1" m="39467" /><E107/><V89/><F95/><W42/><G42/><T96/><D93/><U17/><E17/><V66/><F28/><W108/><G39/><T106/><D106/><U36/><E36/><V7/><F1/><W121/><G108/><T101/><D101/><U94/><E94/><V110/><F110/><W30/><G121/><T29/><D29/><U105/><E105/><V11/><F66/><W123/><G123/><T26/><D70/><U92/><E92/><V104/><F104/><W31/><G31/><T46/><D68/><U49/><AGARI ba="3,0" hai="16,21,27,43,47,49,55,56,63,90,91" m="39467" machi="49" ten="30,7900,0" yaku="8,1,52,2,54,1" doraHai="85" who="1" fromWho="1" sc="85,-23,195,88,285,-23,435,-42" /><INIT seed="4,0,0,2,3,124" ten="62,283,262,393" oya="0" hai0="120,50,128,53,99,73,19,104,112,26,12,105,123" hai1="60,109,117,115,64,16,44,34,119,81,8,48,9" hai2="25,93,6,130,40,11,41,68,13,101,65,86,31" hai3="4,77,116,45,36,95,102,91,113,72,33,127,23"/><T84/><D73/><U107/><E109/><V14/><F14/><W7/><G116/><T82/><D112/><U71/><E107/><V37/><F37/><W98/><G33/><T106/><D99/><U74/><E34/><V110/><F110/><W38/><G72/><T0/><D26/><U111/><E111/><V75/><F75/><W118/><G118/><T10/><D0/><U92/><E92/><V52/><F65/><W46/><G77/><T135/><D135/><U133/><E133/><V15/><F68/><W122/><G127/><T131/><D123/><U63/><E63/><V27/><F15/><W21/><G113/><T51/><D120/><U42/><E115/><V79/><F27/><W108/><G108/><T61/><D61/><U132/><E132/><V20/><F101/><W129/><G23/><T57/><REACH who="0" step="1"/><D51/><REACH who="0" ten="52,283,262,393" step="2"/><U56/><E119/><V87/><F25/><W80/><G98/><T114/><D114/><U125/><E117/><V134/><F134/><W3/><G3/><T47/><D47/><U66/><E125/><V55/><F87/><W62/><G46/><T89/><AGARI ba="0,1" hai="10,12,19,50,53,57,82,84,89,104,105,106,128,131" machi="89" ten="40,12000,1" yaku="1,1,0,1,52,2,53,0" doraHai="124" doraHaiUra="39" who="0" fromWho="0" sc="52,130,283,-40,262,-40,393,-40" /><INIT seed="4,1,0,0,3,27" ten="182,243,222,353" oya="0" hai0="110,0,104,133,94,70,13,96,63,62,10,2,128" hai1="125,16,76,134,120,46,129,5,73,102,64,65,87" hai2="47,101,109,89,6,18,55,12,24,106,59,19,83" hai3="108,92,121,112,80,50,135,86,53,114,105,26,131"/><T58/><D104/><U77/><E120/><V36/><F109/><W35/><G108/><T111/><D133/><U78/><E73/><V51/><F106/><W98/><G105/><T15/><D128/><U23/><E129/><V43/><F101/><W95/><G131/><T69/><D10/><U100/><E134/><V99/><F24/><W33/><G135/><T72/><D72/><U28/><E125/><V14/><F6/><W116/><G116/><T11/><D11/><U34/><E5/><V130/><F130/><W57/><G121/><T67/><D96/><U107/><E34/><V22/><F99/><W41/><G41/><T49/><D49/><U84/><E46/><V66/><F66/><N who="1" m="25705" /><E107/><V126/><F126/><W103/><G95/><T118/><D67/><U45/><E45/><V30/><F89/><N who="3" m="51399" /><G26/><T117/><REACH who="0" step="1"/><D94/><REACH who="0" ten="172,243,222,353" step="2"/><U115/><E115/><AGARI ba="1,1" hai="33,35,50,53,57,92,98,103,112,114,115" m="51399" machi="115" ten="30,1000,0" yaku="15,1" doraHai="27" who="3" fromWho="1" sc="172,0,243,-13,222,0,353,23" /><INIT seed="5,0,0,5,4,7" ten="172,230,222,376" oya="1" hai0="3,32,38,132,110,4,12,126,10,127,8,109,20" hai1="46,17,86,90,29,117,121,89,74,55,76,83,93" hai2="51,37,41,42,94,39,56,18,49,27,16,133,70" hai3="23,96,113,114,61,77,1,67,73,122,62,60,103"/><U102/><E117/><V104/><F94/><W64/><G122/><T128/><D32/><U28/><E121/><V105/><F56/><W6/><G73/><T57/><D38/><U47/><E17/><V35/><F35/><W107/><G77/><T72/><D72/><U97/><E89/><V15/><F15/><W82/><G82/><T131/><D20/><U124/><E124/><N who="0" m="47657" /><D57/><U130/><E130/><N who="0" m="49705" /><D132/><U59/><E47/><V24/><REACH who="2" step="1"/><F70/><REACH who="2" ten="172,230,212,376" step="2"/><W135/><G135/><AGARI ba="0,1" hai="16,18,24,27,37,39,41,42,49,51,104,105,133,135" machi="135" ten="25,8000,1" yaku="1,1,2,1,22,2,54,1,53,0" doraHai="7" doraHaiUra="53" who="2" fromWho="3" sc="172,0,230,0,212,90,376,-80" /><INIT seed="6,0,0,0,2,24" ten="172,230,302,296" oya="2" hai0="64,71,3,52,36,74,78,13,34,43,94,114,96" hai1="21,85,39,110,65,11,66,31,108,101,89,86,10" hai2="2,103,79,40,45,100,16,50,122,125,82,14,67" hai3="60,99,93,131,123,83,75,27,119,12,30,29,19"/><V134/><F122/><W87/><G123/><T57/><D3/><U109/><E39/><V129/><F2/><W115/><G119/><T118/><D114/><U133/><E133/><V120/><F120/><W104/><G75/><T107/><D118/><U132/><E132/><V7/><F134/><W4/><G104/><T25/><D107/><U128/><E128/><V135/><F135/><W17/><G27/><T32/><D71/><U111/><E101/><V9/><F129/><W48/><G131/><T69/><D69/><U95/><N who="1" m="27648" /><DORA hai="8" /><U90/><E21/><V37/><F125/><W81/><G60/><T88/><D64/><N who="1" m="24683" /><E95/><V124/><F124/><W72/><G72/><T91/><D91/><N who="1" m="34827" /><E31/><N who="3" m="11786" /><G48/><T77/><D25/><U26/><E26/><V76/><F67/><W106/><G106/><T97/><D97/><U38/><E38/><V127/><F127/><W92/><G115/><T47/><D13/><U112/><E112/><V0/><F50/><W6/><G19/><T35/><REACH who="0" step="1"/><D74/><REACH who="0" ten="162,230,302,296" step="2"/><U105/><E105/><V53/><F0/><W33/><G99/><T51/><AGARI ba="0,1" hai="32,34,35,36,43,47,51,52,57,77,78,88,94,96" machi="51" ten="30,8000,1" yaku="1,1,2,1,0,1,54,2,53,0" doraHai="24,8" doraHaiUra="1,22" who="0" fromWho="0" sc="162,90,230,-20,302,-40,296,-20" /><INIT seed="7,0,0,1,5,125" ten="252,210,262,276" oya="3" hai0="61,9,122,10,109,21,64,23,73,37,96,79,126" hai1="90,18,112,111,108,55,92,3,78,26,98,76,28" hai2="106,52,65,83,1,50,53,75,119,46,91,115,116" hai3="89,100,87,7,35,123,4,48,70,121,62,93,95"/><W82/><G35/><T105/><D109/><U13/><E3/><V5/><F106/><W113/><G123/><T32/><D122/><U60/><E112/><V118/><F115/><W41/><G113/><T102/><D37/><U20/><E111/><V51/><F65/><W104/><G104/><T67/><D126/><U107/><E107/><V86/><F75/><W43/><G70/><T85/><D64/><U81/><E108/><V131/><F131/><W110/><G121/><T29/><D73/><U12/><E81/><V69/><F69/><W56/><G110/><T25/><D85/><U27/><E27/><V71/><F71/><W16/><G16/><T63/><D79/><N who="1" m="30251" /><E28/><V54/><REACH who="2" step="1"/><F46/><REACH who="2" ten="252,210,252,276" step="2"/><N who="3" m="25679" /><G43/><T24/><D67/><U36/><E36/><V39/><F39/><W84/><G100/><T88/><D105/><U17/><E17/><V57/><F57/><AGARI ba="0,1" hai="12,13,18,20,26,55,57,60,90,92,98" m="30251" machi="57" ten="30,2000,0" yaku="25,1,8,1" doraHai="125" who="1" fromWho="2" sc="252,0,210,30,252,-20,276,0" /><INIT seed="8,0,0,2,2,86" ten="252,240,232,276" oya="0" hai0="83,77,104,93,14,39,107,121,75,42,45,130,115" hai1="38,23,108,67,119,6,10,126,90,95,11,73,24" hai2="20,12,59,60,13,99,29,25,37,21,110,74,55" hai3="17,132,79,36,56,50,85,32,65,92,19,63,48"/><T27/><D115/><U91/><E108/><V122/><F110/><W128/><G36/><T124/><D121/><U44/><E73/><V64/><F122/><W125/><G32/><T102/><D124/><U111/><E111/><V3/><F3/><W76/><G125/><T52/><D130/><U101/><E126/><V51/><F74/><W129/><G132/><T116/><D116/><U106/><E106/><V9/><F37/><W31/><G31/><T112/><D112/><U66/><E119/><V84/><F99/><W41/><G129/><T40/><D40/><U134/><E134/><V5/><F13/><W70/><G70/><T96/><D27/><U120/><E120/><V0/><F0/><W46/><G50/><T135/><D135/><U68/><E101/><V7/><F84/><W98/><G128/><T49/><REACH who="0" step="1"/><D14/><REACH who="0" ten="242,240,232,276" step="2"/><U89/><E24/><V87/><F87/><W28/><G85/><T61/><D61/><U18/><E38/><V103/><F103/><W113/><G113/><T118/><D118/><U80/><E80/><V53/><F53/><W2/><G41/><T58/><AGARI ba="0,1" hai="39,42,45,49,52,58,75,77,83,93,96,102,104,107" machi="58" ten="20,12000,1" yaku="1,1,0,1,7,1,54,1,53,1" doraHai="86" doraHaiUra="105" who="0" fromWho="0" sc="242,130,240,-40,232,-40,276,-40" owari="372,47.0,200,-20.0,192,-31.0,236,4.0" /></mjloggm>