<mjloggm ver="2.3"><GO type="169" lobby="0"/><UN n0="%E3%83%89%E3%83%A9%E6%AC%A1%E9%83%8E" n1="%E8%AA%B2%E9%95%B7%E8%A6%96%E9%87%8E%E7%8B%AD%E7%AA%84" n2="%69%6B%65%64%61%64%61" n3="%E8%A1%9B%E8%97%A4%E7%BE%8E%E5%BD%A9" dan="17,16,16,16" rate="2160.58,2090.68,2162.27,2120.82" sx="M,M,M,M"/><TAIKYOKU oya="0"/><INIT seed="0,0,0,2,3,116" ten="250,250,250,250" oya="0" hai0="115,85,0,70,61,103,5,97,94,73,21,58,40" hai1="15,43,67,42,104,28,27,19,134,81,62,96,18" hai2="106,31,8,87,35,107,63,114,89,48,83,66,65" hai3="60,110,3,133,7,84,72,99,102,50,132,38,69"/><T125/><D115/><U49/><E134/><N who="3" m="51818" /><G72/><T16/><D125/><U123/><E123/><V64/><F114/><W51/><G38/><T36/><D73/><U92/><E104/><V39/><F39/><W113/><G110/><T2/><D70/><U32/><E81/><V71/><F66/><N who="3" m="41159" /><G113/><T59/><D5/><U124/><E124/><V88/><F65/><W34/><G34/><T127/><D127/><U117/><E117/><V12/><F48/><W33/><G33/><T29/><D29/><U135/><E19/><V30/><F89/><W20/><G20/><T13/><D59/><U4/><E4/><V86/><F86/><W78/><G3/><T23/><D23/><U105/><E49/><V98/><F98/><W41/><G7/><T77/><D77/><U57/><E135/><V17/><REACH who="2" step="1"/><F31/><REACH who="2" ten="250,250,240,250" step="2"/><W101/><G101/><T119/><D119/><U122/><E28/><V118/><F118/><W52/><G41/><T26/><D85/><U44/><E43/><V75/><F75/><W74/><G84/><T1/><D40/><U111/><E96/><V80/><F80/><N who="3" m="45143" /><G52/><T95/><D36/><U90/><E42/><V24/><AGARI ba="0,1" hai="8,12,17,24,30,35,63,64,71,83,87,88,106,107" machi="24" ten="30,4000,0" yaku="1,1,0,1,54,1,53,0" doraHai="116" doraHaiUra="46" who="2" fromWho="2" sc="250,-20,250,-10,240,50,250,-10" /><INIT seed="1,0,0,4,2,125" ten="230,240,290,240" oya="1" hai0="101,62,98,53,122,41,100,79,135,13,43,36,73" hai1="57,60,27,81,3,82,34,32,52,37,63,72,65" hai2="56,4,64,87,23,1,124,86,15,104,55,25,0" hai3="38,16,85,90,130,92,109,19,115,5,2,127,78"/><U88/><E3/><V131/><F104/><W22/><G115/><T102/><D135/><U112/><E112/><V51/><F124/><W99/><G127/><T48/><D122/><U7/><E37/><V116/><F116/><W68/><G38/><T31/><D36/><U42/><E72/><V33/><F33/><W107/><G68/><T24/><D62/><U67/><E34/><V70/><F70/><W77/><G109/><T95/><D13/><U119/><E32/><V75/><F75/><W117/><G117/><T113/><D113/><U120/><E120/><V66/><F0/><W26/><G5/><T133/><D133/><U47/><E119/><V45/><F1/><W44/><G44/><T69/><D69/><U12/><E27/><V54/><F15/><W21/><G2/><T71/><D71/><U14/><E63/><V103/><F103/><W111/><G111/><T30/><D79/><U8/><E12/><V106/><F106/><W10/><G10/><T58/><D73/><U83/><E42/><N who="0" m="15881" /><D24/><U20/><E20/><V108/><F4/><W80/><G107/><T94/><D94/><U9/><E9/><V18/><F108/><W128/><REACH who="3" step="1"/><G78/><REACH who="3" ten="230,240,290,230" step="2"/><T118/><D118/><U132/><E132/><V28/><F45/><W76/><G76/><T46/><D46/><U114/><E114/><V6/><F6/><W89/><G89/><AGARI ba="0,1" hai="30,31,48,53,58,89,95,98,100,101,102" m="15881" machi="89" ten="30,1000,0" yaku="8,1" doraHai="125" who="0" fromWho="3" sc="230,20,240,0,290,0,230,-10" /><INIT seed="2,0,0,3,0,91" ten="250,240,290,220" oya="2" hai0="90,36,117,94,101,53,65,66,123,15,55,64,24" hai1="83,0,54,5,113,77,108,40,49,26,41,8,48" hai2="120,70,118,110,71,75,72,105,89,128,103,39,43" hai3="122,88,127,67,82,20,130,23,58,114,133,9,111"/><V25/><F120/><W68/><G122/><T129/><D123/><U32/><E113/><V45/><F118/><W2/><G114/><T17/><D117/><U31/><E108/><V74/><F89/><W92/><G111/><T79/><D129/><U87/><REACH who="1" step="1"/><E49/><REACH who="1" ten="250,230,290,220" step="2"/><V99/><F110/><W78/><G130/><T102/><D36/><U47/><AGARI ba="0,1" hai="0,5,8,26,31,32,40,41,47,48,54,77,83,87" machi="47" ten="20,5200,0" yaku="1,1,2,1,0,1,7,1,53,0" doraHai="91" doraHaiUra="125" who="1" fromWho="1" sc="250,-13,230,62,290,-26,220,-13" /><INIT seed="3,0,0,0,0,128" ten="237,292,264,207" oya="3" hai0="63,70,91,26,29,86,44,23,105,50,52,107,17" hai1="0,24,2,111,1,109,40,28,53,104,35,20,95" hai2="116,16,57,6,43,121,11,9,71,51,88,55,13" hai3="126,30,129,87,3,125,59,47,94,38,92,25,32"/><W134/><G129/><T27/><D70/><U60/><E104/><V37/><F121/><W15/><G3/><T101/><D101/><U22/><E40/><V73/><F116/><W54/><G15/><T8/><D63/><U7/><E95/><V132/><F73/><W41/><G134/><T42/><D42/><U21/><E60/><V10/><F71/><W96/><G87/><T77/><D77/><U131/><E53/><V103/><F103/><W135/><G135/><T14/><REACH who="0" step="1"/><D27/><REACH who="0" ten="227,292,264,207" step="2"/><U84/><E131/><V108/><F43/><W124/><REACH who="3" step="1"/><G96/><REACH who="3" ten="227,292,264,197" step="2"/><T62/><D62/><AGARI ba="0,2" hai="25,30,32,38,41,47,54,59,62,92,94,124,125,126" machi="62" ten="40,12000,1" yaku="1,1,2,1,18,1,53,2" doraHai="128" doraHaiUra="89" who="3" fromWho="0" sc="227,-120,292,0,264,0,197,140" /><INIT seed="3,1,0,0,1,122" ten="107,292,264,337" oya="3" hai0="57,27,3,73,0,22,15,112,74,5,109,83,58" hai1="99,115,75,42,23,96,39,107,66,44,63,130,128" hai2="88,105,40,46,67,89,97,98,60,55,62,13,30" hai3="101,79,82,131,113,93,9,29,26,81,28,71,56"/><W11/><G113/><T120/><D120/><U121/><E121/><V54/><F30/><W133/><G71/><T95/><D112/><U90/><E115/><V2/><F2/><W103/><G133/><T6/><D109/><U61/><E75/><V24/><F24/><W117/><G131/><N who="1" m="50218" /><E107/><V80/><F105/><W69/><G69/><T125/><D125/><U64/><E23/><V17/><F80/><W48/><G117/><T51/><D15/><U65/><E90/><V126/><F126/><W31/><G26/><T111/><D111/><U132/><E132/><V78/><F78/><W124/><G124/><T68/><D68/><U25/><E25/><V86/><F89/><W110/><G110/><T91/><D27/><U87/><E87/><V1/><F1/><W53/><G82/><T129/><D83/><U37/><E37/><V34/><F34/><W20/><G20/><T14/><D14/><U72/><E72/><V8/><F98/><AGARI ba="1,0" hai="39,42,44,61,63,64,65,66,96,98,99" m="50218" machi="98" ten="30,1000,0" yaku="19,1" doraHai="122" who="1" fromWho="2" sc="107,0,292,13,264,-13,337,0" /><INIT seed="4,0,0,3,5,52" ten="107,305,251,337" oya="0" hai0="82,105,28,56,95,113,30,85,117,59,8,131,102" hai1="23,16,81,21,61,63,75,70,83,119,99,49,32" hai2="68,42,3,65,128,2,33,125,94,77,37,129,1" hai3="71,101,4,97,50,14,132,20,39,36,96,38,46"/><T104/><D117/><U134/><E32/><V44/><F33/><W40/><G71/><T130/><D113/><U62/><E119/><V34/><F34/><W86/><G132/><T110/><D110/><U103/><E134/><V25/><F25/><W0/><G0/><T124/><D124/><U135/><E135/><V58/><F125/><W115/><G115/><T29/><D95/><U116/><E116/><V41/><F41/><W108/><G108/><T73/><D73/><U120/><E120/><V6/><F6/><W123/><G123/><T48/><D8/><U122/><E122/><V12/><F12/><W13/><G20/><T35/><D35/><U89/><E70/><V66/><F77/><W27/><G27/><T45/><D102/><U9/><E9/><V91/><F68/><W118/><G118/><T26/><D26/><U98/><E75/><V127/><F127/><W84/><G96/><T67/><D67/><U55/><E23/><V74/><F74/><W100/><G100/><T87/><D87/><N who="1" m="50415" /><E103/><V80/><F80/><W93/><G4/><T107/><D131/><N who="2" m="50250" /><F58/><W114/><G114/><T19/><D19/><U53/><E83/><V112/><F112/><W64/><G64/><T109/><D109/><U57/><E55/><V22/><F22/><W121/><G121/><T11/><D11/><U76/><E76/><V10/><F10/><W18/><G18/><T31/><N who="0" m="7168" /><DORA hai="79" /><T92/><D130/><U133/><E133/><V126/><F126/><W111/><G111/><T5/><D5/><U106/><E106/><N who="0" m="27137" /><T72/><DORA hai="69" /><D72/><U90/><E90/><RYUUKYOKU ba="0,0" sc="107,-30,305,10,251,10,337,10" hai1="16,21,49,53,57,61,62,63,98,99" hai2="1,2,3,37,42,44,65,66,91,94" hai3="13,14,36,38,39,40,46,50,84,86,93,97,101" /><INIT seed="5,1,0,4,0,93" ten="77,315,261,347" oya="1" hai0="86,79,96,134,55,40,28,97,34,31,108,10,77" hai1="131,16,19,76,7,106,53,129,25,39,115,80,126" hai2="54,95,32,123,63,90,12,111,114,18,68,133,50" hai3="0,78,56,87,105,127,15,121,69,3,67,119,52"/><U116/><E39/><V22/><F111/><W70/><G121/><T82/><D108/><U48/><E116/><V2/><F123/><W23/><G105/><T104/><D134/><U94/><E106/><V49/><F133/><W112/><G67/><T27/><D31/><U59/><E115/><V72/><F72/><W88/><G78/><T135/><D135/><U46/><E7/><V36/><F36/><W43/><G43/><T113/><D113/><U101/><E25/><V92/><F32/><W35/><G35/><T20/><D40/><U110/><E46/><V11/><F95/><W65/><G65/><T9/><D79/><U83/><E83/><V107/><F107/><W103/><G103/><T132/><D132/><U125/><E110/><V37/><F37/><W58/><G58/><T24/><D104/><U44/><E44/><V17/><F2/><W60/><G112/><T89/><D55/><U38/><E38/><V51/><F68/><N who="3" m="26219" /><G127/><N who="1" m="48650" /><E76/><V91/><F114/><W5/><G119/><T30/><REACH who="0" step="1"/><D77/><REACH who="0" ten="67,315,261,347" step="2"/><U47/><E53/><V74/><F54/><W102/><G52/><T75/><D75/><U29/><E29/><V33/><F74/><W13/><G60/><T6/><D6/><U128/><E131/><V122/><F122/><W61/><G5/><T84/><D84/><U66/><E128/><V42/><F63/><W21/><G61/><T98/><AGARI ba="1,1" hai="9,10,20,24,27,28,30,34,82,86,89,96,97,98" machi="98" ten="30,12000,2" yaku="1,1,0,1,52,3,53,2" doraHai="93" doraHaiUra="4" who="0" fromWho="0" sc="67,133,315,-61,261,-31,347,-31" /><INIT seed="6,0,0,4,1,0" ten="200,254,230,316" oya="2" hai0="87,47,43,57,25,34,60,14,74,8,101,85,102" hai1="126,65,129,115,71,104,84,75,93,118,54,98,27" hai2="26,109,95,48,45,3,64,124,50,62,78,97,10" hai3="52,31,134,128,88,5,72,33,19,21,58,111,13"/><V6/><F124/><W77/><G111/><T63/><D74/><U69/><E65/><V122/><F122/><W123/><G123/><T91/><D34/><U131/><E118/><V46/><F109/><W7/><G72/><T116/><D25/><U125/><E75/><V117/><F117/><W38/><G38/><T59/><D116/><U24/><E104/><V120/><F78/><W36/><G36/><T103/><D87/><U29/><E84/><V61/><F26/><N who="3" m="16847" /><G77/><T66/><D47/><U32/><E54/><V113/><F113/><W73/><G73/><T41/><D85/><U90/><E27/><V53/><F64/><W1/><G1/><T132/><D91/><U55/><E55/><V30/><F30/><W106/><G106/><T130/><D132/><U112/><E71/><V108/><F108/><W35/><G35/><T110/><D130/><N who="1" m="49675" /><E69/><V22/><F22/><N who="3" m="11631" /><G33/><T15/><D110/><U119/><E119/><V79/><F79/><W100/><G100/><T67/><REACH who="0" step="1"/><D15/><REACH who="0" ten="190,254,230,316" step="2"/><U40/><E32/><V96/><F120/><W89/><G134/><T4/><AGARI ba="0,1" hai="4,8,14,41,43,57,59,60,63,66,67,101,102,103" machi="4" ten="30,12000,2" yaku="1,1,2,1,0,1,9,1,8,1,52,1,53,0" doraHai="0" doraHaiUra="28" who="0" fromWho="0" sc="190,130,254,-30,230,-60,316,-30" /><INIT seed="7,0,0,0,3,44" ten="320,224,170,286" oya="3" hai0="69,71,133,38,84,115,9,17,27,116,61,83,74" hai1="125,16,10,100,39,29,87,20,129,121,63,31,2" hai2="109,66,26,52,4,58,131,28,108,98,101,53,46" hai3="95,82,104,126,113,30,3,89,111,93,33,112,34"/><W118/><G118/><T22/><D116/><U1/><E39/><V8/><F131/><W51/><G3/><T119/><D119/><U21/><E100/><V85/><F85/><N who="3" m="50359" /><G104/><T15/><D38/><U117/><E87/><V86/><F86/><W13/><G126/><T132/><D74/><U40/><E63/><V32/><F46/><W24/><G33/><T0/><D0/><N who="1" m="107" /><E40/><V41/><F41/><W77/><G77/><T59/><D115/><N who="3" m="44105" /><G111/><T6/><D71/><U76/><E76/><V122/><F122/><W56/><G13/><T36/><D36/><U64/><E64/><V70/><F8/><W90/><G90/><T19/><D69/><U55/><E55/><AGARI ba="0,0" hai="24,30,34,51,55,56,93,95" m="44105,50359" machi="55" ten="30,2900,0" yaku="15,1,52,1" doraHai="44" who="3" fromWho="1" sc="320,0,224,-29,170,0,286,29" /><INIT seed="7,1,0,0,5,24" ten="320,195,170,315" oya="3" hai0="7,85,12,21,90,105,69,129,22,31,77,78,35" hai1="71,40,123,36,18,80,14,9,10,19,20,37,94" hai2="51,63,96,67,41,50,130,74,47,66,23,49,110" hai3="52,79,102,125,58,84,106,126,55,100,109,76,117"/><W2/><G117/><T61/><D129/><U87/><E123/><V5/><F74/><W114/><G2/><T42/><D105/><U56/><E71/><V64/><F5/><W118/><G118/><T54/><D35/><U93/><E40/><V89/><F110/><W86/><G109/><T27/><D42/><U98/><E37/><V15/><F130/><W0/><G0/><T111/><D111/><U92/><E36/><V8/><F23/><W95/><G106/><T104/><D104/><U81/><E98/><V133/><F133/><W113/><G58/><N who="0" m="35031" /><D69/><U30/><E56/><V108/><F108/><W32/><G95/><N who="0" m="54735" /><D7/><U120/><E120/><V128/><F128/><W115/><G114/><T124/><D124/><U34/><E34/><AGARI ba="1,0" hai="32,34,52,55,76,79,84,86,100,102,113,115,125,126" machi="34" ten="25,4800,0" yaku="22,2,54,1" doraHai="24" who="3" fromWho="1" sc="320,0,195,-51,170,0,315,51" owari="320,12.0,144,-36.0,170,-23.0,366,47.0" /></mjloggm>