<mjloggm ver="2.3"><GO type="169" lobby="0"/><UN n0="%E3%81%9F%E3%82%93%E3%82%86%E3%81%86" n1="%6D%75%63%68" n2="%E3%81%BF%E3%81%A3%E3%81%8D%E3%83%BC" n3="%E8%B5%A4%E5%9F%8E%E3%81%BF%E3%82%8A%E3%81%82" dan="16,16,17,16" rate="2142.21,2015.91,2206.66,2111.08" sx="F,M,M,F"/><TAIKYOKU oya="0"/><INIT seed="0,0,0,2,4,116" ten="250,250,250,250" oya="0" hai0="72,94,82,27,66,39,22,51,14,58,78,132,109" hai1="12,7,110,128,25,19,88,135,73,98,75,26,111" hai2="56,49,123,74,103,97,48,13,81,130,65,86,4" hai3="100,133,89,45,76,33,38,5,120,29,84,64,36"/><T87/><D39/><U124/><E124/><V71/><F71/><W10/><G133/><T68/><D132/><U104/><E135/><V114/><F74/><W95/><G64/><T17/><D109/><N who="1" m="41483" /><E104/><V2/><F2/><W42/><G100/><T44/><D68/><U59/><E128/><V8/><F123/><W93/><G76/><T121/><D72/><U83/><E7/><V90/><F114/><W91/><G38/><T53/><D94/><N who="1" m="56647" /><E59/><V57/><F130/><W67/><G67/><T62/><REACH who="0" step="1"/><D121/><REACH who="0" ten="240,250,250,250" step="2"/><U92/><E92/><N who="2" m="58791" /><F65/><W79/><G120/><T50/><D50/><AGARI ba="0,1" hai="4,8,13,48,49,50,56,57,81,86,90" m="58791" machi="50" ten="30,1000,0" yaku="8,1" doraHai="116" who="2" fromWho="0" sc="240,-10,250,0,250,20,250,0" /><INIT seed="1,0,0,2,4,4" ten="230,250,270,250" oya="1" hai0="85,34,13,18,99,23,102,64,95,78,117,91,31" hai1="74,7,116,97,19,25,27,28,127,40,134,79,130" hai2="124,6,73,11,120,43,59,113,89,98,110,112,121" hai3="53,86,50,45,55,81,128,57,56,67,114,104,26"/><U49/><E116/><V62/><F73/><W80/><G104/><T126/><D117/><U109/><E127/><V83/><F43/><W32/><G114/><N who="2" m="44137" /><F110/><W96/><G128/><T129/><D126/><U105/><E109/><V37/><F37/><W20/><G32/><T101/><D129/><U39/><E39/><V17/><F17/><W70/><G70/><T76/><D101/><U65/><E130/><V24/><F24/><W10/><G96/><T30/><D64/><U54/><E134/><V41/><F41/><W135/><G135/><T115/><D115/><U1/><E65/><N who="2" m="39135" /><F124/><W2/><G67/><T108/><D108/><U3/><E40/><V82/><F98/><W9/><G2/><T60/><D60/><U52/><E97/><V119/><F119/><W118/><G118/><T92/><REACH who="0" step="1"/><D34/><REACH who="0" ten="220,250,270,250" step="2"/><U33/><E33/><V66/><F66/><W88/><G80/><T48/><D48/><U42/><E49/><V94/><F82/><W72/><G72/><T75/><D75/><U58/><E74/><V123/><F83/><W63/><REACH who="3" step="1"/><G45/><REACH who="3" ten="220,250,270,240" step="2"/><T107/><D107/><U133/><E105/><V68/><F68/><W84/><G84/><T90/><D90/><U69/><E133/><V21/><F89/><W87/><G87/><T132/><D132/><U131/><E69/><V71/><F71/><W12/><G12/><T0/><D0/><U29/><E3/><N who="2" m="479" /><F94/><W103/><G103/><T122/><D122/><U16/><E1/><V93/><F93/><W47/><G47/><T14/><D14/><U35/><E131/><V8/><F121/><W38/><G38/><RYUUKYOKU ba="0,2" sc="220,15,250,-15,270,-15,240,15" hai0="13,18,23,30,31,76,78,85,91,92,95,99,102" hai3="9,10,20,26,50,53,55,56,57,63,81,86,88" /><INIT seed="2,1,2,0,3,84" ten="235,235,255,255" oya="2" hai0="23,93,86,118,92,130,31,115,104,105,108,38,4" hai1="62,10,3,36,89,78,129,5,81,59,20,107,13" hai2="69,67,34,28,80,100,82,83,51,54,116,110,0" hai3="119,26,18,87,65,2,98,106,44,68,70,117,17"/><V102/><F116/><W88/><G2/><T76/><D115/><U39/><E107/><V25/><F0/><W24/><G44/><T74/><D38/><U14/><E129/><V11/><F110/><W37/><G37/><T16/><D118/><U122/><E122/><V19/><F69/><W45/><G45/><T27/><D108/><U60/><E3/><V48/><F67/><W131/><G131/><T21/><D130/><U79/><E79/><V53/><F11/><W49/><G49/><T71/><D71/><U7/><E89/><V46/><REACH who="2" step="1"/><F19/><REACH who="2" ten="235,235,245,255" step="2"/><W95/><G65/><T50/><D4/><U66/><E66/><V42/><F42/><W41/><G41/><T47/><D74/><U52/><E5/><V63/><F63/><W132/><G70/><T113/><D113/><U43/><E60/><V103/><F103/><W125/><G68/><T12/><D105/><U112/><E43/><V30/><F30/><W56/><G119/><T123/><D104/><U134/><E112/><V32/><F32/><W75/><G117/><T126/><D123/><U109/><E109/><V135/><F135/><W114/><G132/><T85/><D126/><U64/><E64/><V128/><F128/><W61/><G114/><T55/><D76/><U94/><E134/><V6/><F6/><W15/><G125/><T133/><D133/><U124/><E124/><V35/><F35/><W97/><G106/><T33/><D33/><U96/><E7/><V90/><F90/><W40/><G40/><T58/><D31/><U9/><E10/><V91/><F91/><N who="3" m="55551" /><G18/><T120/><D16/><RYUUKYOKU ba="1,3" sc="235,-10,235,-10,245,30,255,-10" hai2="25,28,34,46,48,51,53,54,80,82,83,100,102" /><INIT seed="2,2,3,3,4,61" ten="225,225,275,245" oya="2" hai0="96,52,51,69,67,60,46,98,29,115,125,53,76" hai1="5,35,68,13,83,33,32,34,79,92,22,116,81" hai2="127,26,27,128,70,74,65,104,9,17,86,102,31" hai3="95,106,56,30,123,24,77,108,111,120,132,126,25"/><V75/><F86/><W38/><G106/><T0/><D115/><U124/><E116/><V97/><F127/><W41/><G126/><T37/><D125/><U114/><E124/><V10/><F128/><W119/><G119/><T63/><D0/><U50/><E114/><V40/><F27/><W6/><G132/><T88/><D76/><U16/><E68/><V71/><F40/><W129/><G129/><T118/><D118/><U103/><N who="1" m="8192" /><DORA hai="89" /><U23/><E5/><V109/><F31/><W117/><G117/><T134/><D134/><U57/><E23/><V73/><F70/><W94/><G77/><T122/><D122/><U110/><E110/><N who="3" m="42026" /><G6/><T82/><D29/><U19/><E19/><V58/><F71/><W55/><G41/><T72/><D37/><U62/><E50/><V28/><F28/><W48/><G38/><T100/><D100/><U135/><E135/><V18/><F18/><W43/><G43/><T99/><D72/><U20/><E20/><N who="2" m="13583" /><F109/><W93/><G30/><T15/><D15/><U64/><REACH who="1" step="1"/><E79/><REACH who="1" ten="225,215,275,245" step="2"/><V8/><F9/><W80/><G123/><T113/><D113/><U78/><E78/><V59/><F8/><W44/><G120/><T49/><D63/><U84/><E84/><V121/><F121/><W85/><G85/><T66/><D60/><U87/><E87/><V133/><F133/><W3/><G80/><T21/><D69/><U39/><E39/><V101/><F74/><W7/><G44/><N who="0" m="27687" /><D21/><U11/><E11/><AGARI ba="2,4" hai="3,7,11,24,25,48,55,56,93,94,95" m="42026" machi="11" ten="30,7700,0" yaku="14,1,52,3" doraHai="61,89" who="3" fromWho="1" sc="225,0,215,-83,275,0,245,123" /><INIT seed="3,0,0,0,4,80" ten="225,132,275,368" oya="3" hai0="48,58,95,111,9,31,71,1,84,0,120,128,13" hai1="26,89,57,72,12,121,7,23,49,54,67,65,39" hai2="99,25,63,126,78,32,74,69,115,77,70,51,124" hai3="123,114,88,98,3,60,113,17,79,134,92,131,104"/><W37/><G37/><T109/><D71/><U76/><E121/><V41/><F115/><W15/><G3/><T110/><D31/><U119/><E119/><V55/><F41/><W86/><G123/><T82/><D95/><U47/><E72/><V81/><F77/><W46/><G46/><T90/><D120/><U93/><E76/><V45/><F99/><W11/><G134/><T30/><D30/><U94/><E94/><V16/><F63/><W73/><G131/><T28/><D28/><U108/><E108/><V43/><F32/><W14/><G60/><T68/><D68/><U4/><E39/><V116/><F55/><W6/><G73/><T35/><D35/><U20/><E20/><N who="2" m="13447" /><F116/><W118/><G118/><T91/><D91/><U36/><E36/><V33/><F33/><W97/><G97/><T66/><D128/><U59/><E67/><V52/><F43/><W125/><G125/><AGARI ba="0,0" hai="45,51,52,69,70,74,78,81,124,125,126" m="13447" machi="125" ten="30,3900,0" yaku="18,1,54,2" doraHai="80" who="2" fromWho="3" sc="225,0,132,0,275,39,368,-39" /><INIT seed="4,0,0,5,5,40" ten="225,132,314,329" oya="0" hai0="113,6,58,85,8,122,82,50,95,7,61,43,84" hai1="51,18,80,96,93,2,35,81,92,26,119,117,59" hai2="118,89,15,90,86,33,108,94,104,100,57,114,65" hai3="42,121,29,132,32,127,130,56,44,125,111,31,72"/><T52/><D122/><U98/><E2/><V17/><F108/><W13/><G72/><T109/><D109/><U11/><E35/><V60/><F114/><W49/><G111/><T67/><D43/><U9/><E26/><V103/><F33/><W37/><G121/><T120/><D120/><U131/><E18/><V110/><F104/><W47/><G132/><T41/><D41/><U75/><E59/><V39/><F39/><W0/><G0/><T20/><D20/><U116/><E51/><V25/><F25/><W126/><G130/><T69/><D113/><U14/><E14/><V76/><F76/><W97/><G56/><T135/><D135/><U48/><E48/><V36/><F118/><W79/><G79/><T78/><D8/><U28/><E28/><V124/><F124/><W45/><G37/><T3/><D3/><U54/><E54/><V46/><F46/><N who="3" m="18027" /><G32/><T64/><D64/><U102/><E131/><V63/><F63/><W5/><G97/><T115/><D115/><U71/><E71/><V133/><F36/><W123/><G123/><T101/><D101/><N who="1" m="60551" /><E75/><V21/><F133/><W68/><G68/><T34/><D34/><U128/><E128/><V38/><F38/><W22/><G22/><T107/><D107/><U1/><E1/><V73/><F73/><W30/><G30/><T134/><D134/><U99/><E99/><N who="2" m="57815" /><F110/><W112/><G112/><T16/><D69/><U83/><E117/><V23/><F21/><W87/><G87/><T53/><D58/><U10/><E116/><V91/><F86/><W129/><G129/><T24/><D84/><RYUUKYOKU ba="0,0" sc="225,-30,132,10,314,10,329,10" hai1="9,10,11,80,81,83,93,98,102,119" hai2="15,17,23,57,60,65,89,91,100,103" hai3="5,13,29,31,42,47,49,125,126,127" /><INIT seed="5,1,0,4,0,103" ten="195,142,324,339" oya="1" hai0="68,25,35,106,4,122,85,125,97,19,72,65,24" hai1="90,43,7,116,39,89,23,51,57,55,79,29,37" hai2="135,38,0,49,44,108,93,53,20,16,102,56,101" hai3="91,109,66,9,98,127,104,41,48,132,1,128,17"/><U61/><E116/><V74/><F108/><W112/><G109/><T28/><D85/><U117/><E117/><V134/><F74/><W47/><G112/><T3/><D25/><U129/><E129/><V86/><F0/><W71/><G128/><T126/><D19/><U5/><E39/><V33/><F33/><W84/><G132/><N who="2" m="50729" /><F86/><W78/><G127/><N who="0" m="48651" /><D72/><U18/><E37/><V54/><F93/><W58/><G71/><T69/><D65/><N who="1" m="39087" /><E43/><N who="2" m="22647" /><F53/><W26/><G78/><T46/><D46/><N who="1" m="28151" /><E29/><V110/><F110/><W96/><G1/><T80/><D80/><U107/><E79/><V60/><F60/><W8/><G66/><T62/><D62/><U99/><E107/><V111/><F111/><W119/><G104/><T2/><D122/><U31/><E31/><V52/><F54/><W22/><G119/><T63/><D63/><U77/><E77/><V87/><F87/><W95/><G58/><T131/><D131/><U123/><E123/><V113/><F113/><W118/><G118/><T42/><D42/><U115/><E115/><V75/><F75/><W121/><G121/><T34/><D34/><U36/><E36/><V83/><F83/><W30/><G30/><T32/><D32/><U88/><E99/><AGARI ba="1,0" hai="8,9,17,22,26,41,47,48,84,91,95,96,98,99" machi="99" ten="40,1300,0" yaku="8,1" doraHai="103" who="3" fromWho="1" sc="195,0,142,-16,324,0,339,16" /><INIT seed="6,0,0,2,5,54" ten="195,126,324,355" oya="2" hai0="34,135,42,78,84,131,14,125,43,51,64,38,45" hai1="98,37,36,61,6,73,41,39,12,32,105,81,62" hai2="3,24,127,18,88,112,130,121,94,53,89,21,72" hai3="123,49,107,101,27,66,113,47,35,82,115,71,20"/><V60/><F121/><W69/><G123/><T57/><D34/><U70/><E32/><V133/><F127/><W33/><G82/><T79/><D125/><U102/><E41/><V110/><F112/><N who="3" m="43083" /><G101/><T9/><D131/><U10/><REACH who="1" step="1"/><E70/><REACH who="1" ten="195,116,324,355" step="2"/><V97/><F130/><W90/><G35/><T19/><D43/><U86/><E86/><V31/><F72/><W91/><G33/><T48/><D135/><U129/><E129/><V83/><F133/><W128/><G128/><T74/><D74/><U87/><E87/><N who="2" m="50303" /><F110/><W108/><G108/><T126/><D126/><U0/><E0/><V8/><F3/><W52/><G71/><T75/><D75/><U4/><E4/><V1/><F1/><W67/><G69/><T95/><D38/><U114/><E114/><V46/><F8/><W119/><G119/><T93/><D84/><U56/><E56/><N who="2" m="34831" /><F46/><W7/><G7/><T68/><D68/><U11/><E11/><V85/><F85/><W118/><G118/><T109/><D109/><U22/><E22/><V13/><F13/><W104/><G20/><T122/><D122/><U103/><E103/><V59/><F59/><W124/><G124/><T5/><D5/><U80/><E80/><V132/><F132/><W28/><G47/><T117/><D117/><U77/><AGARI ba="0,1" hai="6,10,12,36,37,39,61,62,73,77,81,98,102,105" machi="77" ten="40,2700,0" yaku="1,1,0,1,53,0" doraHai="54" doraHaiUra="44" who="1" fromWho="1" sc="195,-7,116,37,324,-13,355,-7" /><INIT seed="7,0,0,4,4,54" ten="188,153,311,348" oya="3" hai0="22,109,83,91,36,95,105,117,30,32,125,89,16" hai1="129,97,76,73,42,102,78,59,90,55,46,56,77" hai2="67,52,34,82,85,4,31,123,87,100,124,96,71" hai3="0,116,111,44,92,98,47,121,126,57,88,33,49"/><W19/><G33/><T15/><D117/><U115/><E115/><V61/><F124/><W26/><G0/><T84/><D105/><U37/><E129/><V69/><F4/><W81/><G116/><T14/><D36/><U135/><E135/><V79/><F123/><W130/><G121/><T60/><D109/><U133/><E133/><V64/><F85/><N who="3" m="50223" /><G126/><T106/><D106/><U119/><E119/><V72/><F87/><W80/><G80/><T13/><D125/><U112/><E112/><V5/><F5/><W68/><G68/><T63/><D30/><U48/><E90/><V128/><F128/><W101/><G130/><T62/><D32/><U58/><REACH who="1" step="1"/><E73/><REACH who="1" ten="188,143,311,348" step="2"/><V35/><F72/><W24/><G111/><T110/><D110/><U27/><E27/><V6/><F79/><W104/><G26/><T28/><D28/><U51/><E51/><V53/><F31/><W120/><G120/><T114/><D114/><U103/><E103/><V10/><F100/><W118/><G118/><T9/><D9/><U23/><E23/><V7/><F10/><W107/><G24/><T122/><D122/><U132/><E132/><V93/><F35/><W18/><G49/><T3/><D89/><U66/><E66/><V8/><F64/><W99/><G101/><T20/><D20/><U11/><E11/><V21/><F67/><W134/><G134/><T38/><D91/><U50/><E50/><V127/><F8/><W131/><G131/><T41/><D22/><U86/><E86/><V1/><F21/><W70/><G99/><T113/><D84/><U75/><E75/><RYUUKYOKU ba="0,1" sc="188,-10,143,30,311,-10,348,-10" hai1="37,42,46,48,55,56,58,59,76,77,78,97,102" owari="178,-22.0,173,-33.0,301,10.0,348,45.0" /></mjloggm>