<mjloggm ver="2.3"><GO type="225" lobby="0"/><UN n0="%E8%A3%81%E3%81%8D%E3%81%AE%E9%BE%8D" n1="%E3%81%8B%E3%81%8B%E3%81%8B%E3%81%8B" n2="%E7%90%B4%E8%91%89%E8%91%B5" n3="%E3%81%AB%E3%82%83%EF%BD%9E%E3%81%8A" dan="16,16,16,16" rate="2051.06,2143.34,2048.61,2163.66" sx="F,M,F,M"/><TAIKYOKU oya="0"/><INIT seed="0,0,0,5,2,80" ten="250,250,250,250" oya="0" hai0="79,51,3,64,24,63,61,116,36,41,52,121,10" hai1="58,118,16,123,85,20,103,133,55,104,117,115,92" hai2="90,12,130,122,11,88,54,25,127,134,57,89,45" hai3="95,82,39,131,105,119,86,77,43,23,26,75,17"/><T107/><D121/><U6/><E123/><V83/><F134/><W62/><G119/><T76/><D107/><U22/><E22/><V47/><F130/><W100/><G131/><T114/><D114/><U19/><E19/><V40/><F127/><W111/><G111/><T108/><D116/><U4/><E115/><V99/><F25/><W15/><G62/><T126/><D126/><U74/><E74/><V128/><F128/><W1/><G1/><T60/><D108/><U129/><E129/><V106/><F122/><W98/><G43/><T48/><D36/><U69/><E69/><V102/><F83/><W124/><G39/><T73/><D73/><U37/><E37/><V49/><REACH who="2" step="1"/><F40/><REACH who="2" ten="250,250,240,250" step="2"/><W2/><G124/><T109/><D24/><U14/><E133/><V38/><F38/><W21/><G2/><T18/><D41/><U84/><E118/><V33/><F33/><W101/><G101/><T46/><D109/><U93/><E117/><V71/><F71/><W120/><G120/><T27/><D27/><U5/><E103/><V30/><F30/><W34/><G34/><T9/><D64/><U87/><REACH who="1" step="1"/><E104/><REACH who="1" ten="250,240,240,250" step="2"/><V31/><F31/><W67/><G105/><T28/><D28/><U56/><E56/><V42/><F42/><W35/><G35/><T112/><D112/><U32/><E32/><V50/><F50/><AGARI ba="0,2" hai="4,5,6,14,16,20,50,55,58,84,85,87,92,93" machi="50" ten="40,12000,2" yaku="1,1,8,1,52,3,54,1,53,0" doraHai="80" doraHaiUra="97" who="1" fromWho="2" sc="250,0,240,140,240,-120,250,0" /><INIT seed="1,0,0,1,0,111" ten="250,380,120,250" oya="1" hai0="94,88,48,37,126,91,61,83,47,82,33,59,11" hai1="8,117,30,15,78,39,43,68,99,50,6,119,115" hai2="32,44,127,121,14,97,28,128,63,112,98,4,51" hai3="31,58,110,135,129,23,42,29,55,103,49,60,105"/><U132/><E68/><V16/><F121/><W38/><G110/><T113/><D37/><U20/><E39/><V95/><F128/><W40/><G129/><T24/><D113/><U74/><E115/><V34/><F127/><W133/><G38/><T1/><D126/><U122/><E122/><V75/><F75/><W65/><G103/><T27/><D1/><U12/><E132/><N who="3" m="50762" /><G105/><T109/><D11/><U5/><E99/><V22/><F112/><W56/><G23/><T3/><D3/><U89/><E20/><V41/><F98/><W125/><G125/><T116/><D109/><U17/><E119/><V124/><F124/><W73/><G73/><T107/><D107/><U106/><E74/><V81/><F81/><N who="0" m="30730" /><D33/><U54/><E106/><V86/><F86/><W76/><G76/><T104/><D104/><U25/><E78/><V102/><F4/><W26/><G26/><N who="0" m="9771" /><D94/><U118/><E5/><V64/><REACH who="2" step="1"/><F28/><AGARI ba="0,0" hai="28,29,31,40,42,49,55,56,58,60,65" m="50762" machi="28" ten="30,1000,0" yaku="20,1" doraHai="111" who="3" fromWho="2" sc="250,0,380,0,120,-10,250,10" /><INIT seed="2,0,0,5,0,77" ten="250,380,110,260" oya="2" hai0="18,81,38,86,52,61,129,113,121,17,94,115,35" hai1="95,92,75,109,68,122,118,14,56,120,50,70,5" hai2="21,83,99,23,12,53,117,127,96,80,7,22,49" hai3="134,11,32,44,64,114,24,9,29,3,133,100,16"/><V6/><F117/><W72/><G72/><T110/><D121/><N who="1" m="46699" /><E109/><V102/><F127/><W84/><G114/><T47/><D110/><U28/><E75/><V37/><F37/><W126/><G126/><T98/><D129/><U78/><E78/><V25/><F25/><W0/><G100/><T87/><D35/><U10/><E28/><V51/><F12/><N who="3" m="7199" /><G64/><T67/><D87/><U2/><E2/><N who="3" m="554" /><G84/><T1/><D1/><U131/><E131/><V125/><F125/><W93/><G93/><N who="1" m="35914" /><E118/><V105/><F99/><W82/><G82/><T4/><D4/><U55/><AGARI ba="0,0" hai="5,10,14,50,55,56,68,70" m="35914,46699" machi="55" ten="30,1100,0" yaku="13,1" doraHai="77" who="1" fromWho="1" sc="250,-3,380,11,110,-5,260,-3" /><INIT seed="3,0,0,3,4,72" ten="247,391,105,257" oya="3" hai0="69,30,64,13,128,3,49,50,16,108,59,99,61" hai1="33,129,71,100,23,78,114,119,54,67,109,22,41" hai2="27,53,86,91,73,52,117,94,2,81,121,123,62" hai3="124,134,130,6,125,97,70,14,101,127,12,8,131"/><W4/><G70/><T63/><D3/><U122/><E33/><V18/><F2/><W24/><G24/><T113/><D108/><U95/><E122/><V84/><F117/><W20/><G20/><T46/><D128/><N who="3" m="49193" /><G97/><T56/><D113/><U58/><E114/><V43/><F43/><W77/><G101/><T19/><D30/><U116/><E109/><V35/><F123/><W87/><G87/><T17/><D69/><U39/><E22/><V40/><F40/><W110/><G77/><T0/><D0/><U60/><E23/><V112/><F121/><W68/><G68/><T47/><D99/><N who="1" m="59519" /><E78/><V115/><F35/><W104/><G104/><T92/><D92/><U38/><E129/><V57/><F53/><W36/><G36/><T96/><D96/><U89/><E89/><V76/><F73/><W75/><G75/><T5/><D5/><N who="3" m="2153" /><G110/><T42/><D13/><N who="3" m="5225" /><G8/><T10/><D10/><U102/><E102/><V106/><REACH who="2" step="1"/><F106/><REACH who="2" ten="247,391,95,257" step="2"/><W7/><G7/><T133/><D42/><U83/><E38/><V85/><F85/><W80/><G80/><T126/><D19/><U44/><E83/><V105/><F105/><W98/><G98/><T34/><D17/><U28/><E28/><V48/><F48/><AGARI ba="0,1" hai="39,41,44,48,54,58,60,67,71,116,119" m="59519" machi="48" ten="30,1000,0" yaku="24,1" doraHai="72" who="1" fromWho="2" sc="247,0,391,20,95,-10,257,0" owari="247,-15.0,411,50.0,85,-41.0,257,6.0" /></mjloggm>