<mjloggm ver="2.3"><GO type="169" lobby="0"/><UN n0="%E3%83%AB%E3%82%BF%E3%82%B9%E3%82%B1" n1="%E5%A4%A7%E8%BE%BB" n2="%E3%81%AC%E3%81%8F%E3%82%82%E3%82%8A" n3="%E3%82%BB%E3%83%B3%E3%83%88%E3%82%A2%E3%83%AA%E3%82%B7%E3%82%A2" dan="16,16,17,17" rate="2141.44,2090.88,2148.73,2078.30" sx="M,M,M,M"/><TAIKYOKU oya="0"/><INIT seed="0,0,0,1,1,22" ten="250,250,250,250" oya="0" hai0="88,62,132,110,135,117,129,76,107,4,9,11,87" hai1="14,57,49,54,37,19,68,101,24,128,115,74,47" hai2="17,25,55,41,125,6,102,5,63,114,112,130,105" hai3="26,99,48,79,18,81,36,72,44,34,116,104,69"/><T118/><D107/><U15/><E74/><V8/><F130/><W40/><G116/><T123/><D62/><U20/><E128/><V31/><F125/><W109/><G109/><T28/><D129/><U51/><E37/><V53/><F17/><W29/><G18/><T67/><D67/><U32/><E68/><V106/><F5/><W43/><G69/><T13/><D123/><U103/><E115/><V42/><F42/><W27/><G27/><T1/><D110/><U100/><REACH who="1" step="1"/><E32/><REACH who="1" ten="250,240,250,250" step="2"/><V52/><F112/><W50/><REACH who="3" step="1"/><G43/><AGARI ba="0,1" hai="14,15,19,20,24,43,47,49,51,54,57,100,101,103" machi="43" ten="40,8000,1" yaku="1,1,2,1,8,1,52,1,53,0" doraHai="22" doraHaiUra="131" who="1" fromWho="3" sc="250,0,240,90,250,0,250,-80" /><INIT seed="1,0,0,1,4,71" ten="250,330,250,170" oya="1" hai0="83,47,10,7,57,118,129,0,63,128,44,127,52" hai1="32,100,114,5,89,108,120,123,130,59,36,115,16" hai2="87,38,4,6,98,105,94,122,40,70,77,11,64" hai3="17,25,124,73,110,111,37,85,65,125,119,74,121"/><U62/><E32/><V61/><F122/><W53/><G121/><N who="1" m="46666" /><E100/><V9/><F105/><W135/><G135/><T15/><D118/><U97/><E97/><V2/><F77/><W8/><G119/><T84/><D127/><N who="3" m="48713" /><G65/><T81/><D0/><U39/><E5/><V45/><F87/><W69/><G69/><T67/><D81/><U80/><E16/><V91/><F6/><W34/><G53/><T55/><D67/><N who="1" m="39391" /><E89/><V99/><F11/><W113/><G113/><N who="1" m="43018" /><E80/><V86/><AGARI ba="0,0" hai="2,4,9,38,40,45,61,64,70,86,91,94,98,99" machi="86" ten="20,2700,0" yaku="0,1,7,1,52,1" doraHai="71" who="2" fromWho="2" sc="250,-7,330,-13,250,27,170,-7" /><INIT seed="2,0,0,0,4,99" ten="243,317,277,163" oya="2" hai0="128,20,73,52,0,134,47,40,60,6,48,71,87" hai1="32,116,130,111,19,124,94,61,57,86,14,24,16" hai2="12,83,115,92,114,68,2,88,55,122,91,30,23" hai3="123,67,31,135,50,82,53,43,3,132,69,98,59"/><V117/><F117/><W121/><G3/><T72/><D134/><N who="3" m="51241" /><G31/><T105/><D128/><U11/><E116/><V34/><F122/><W58/><G82/><T76/><D105/><U110/><E130/><V28/><F2/><W13/><G13/><T15/><D0/><U96/><E124/><V25/><F68/><W107/><G107/><T129/><D129/><U108/><E86/><V18/><F30/><W27/><G27/><T56/><D71/><U33/><E24/><V101/><F101/><W95/><G43/><T119/><D119/><U109/><N who="1" m="27648" /><DORA hai="10" /><U22/><E22/><V80/><F91/><N who="3" m="55679" /><G69/><T118/><D118/><U85/><E85/><V64/><F64/><W45/><G67/><T112/><D112/><U8/><E8/><V120/><F120/><AGARI ba="0,0" hai="45,50,53,58,59,120,121,123" m="55679,51241" machi="120" ten="30,1000,0" yaku="20,1" doraHai="99,10" who="3" fromWho="2" sc="243,0,317,0,277,-10,163,10" /><INIT seed="3,0,0,2,3,8" ten="243,317,267,173" oya="3" hai0="87,105,20,90,15,125,108,44,102,28,57,23,106" hai1="34,99,98,27,135,91,21,79,18,86,109,35,134" hai2="11,64,26,77,67,101,121,30,25,80,22,39,1" hai3="62,66,45,55,92,68,16,112,3,53,17,111,103"/><W52/><G112/><T89/><D125/><U32/><E79/><V10/><F39/><W59/><G3/><T96/><D108/><U130/><E130/><V97/><F121/><W43/><G111/><T82/><D105/><U50/><E50/><V9/><F1/><W131/><G131/><T126/><D126/><U83/><REACH who="1" step="1"/><E109/><REACH who="1" ten="243,307,267,173" step="2"/><V123/><F123/><W73/><G73/><T56/><D44/><U74/><E74/><V104/><REACH who="2" step="1"/><F26/><REACH who="2" ten="243,307,257,173" step="2"/><W54/><G45/><T6/><D90/><U0/><E0/><V133/><F133/><AGARI ba="0,2" hai="18,21,27,32,34,35,83,86,91,98,99,133,134,135" machi="133" ten="50,3200,0" yaku="1,1,20,1,53,0" doraHai="8" doraHaiUra="4" who="1" fromWho="2" sc="243,0,307,52,257,-32,173,0" /><INIT seed="4,0,0,3,5,3" ten="243,359,225,173" oya="0" hai0="8,37,87,9,95,62,84,116,32,67,23,46,14" hai1="101,7,63,21,93,45,39,40,77,66,83,38,72" hai2="115,24,118,105,44,55,74,119,20,81,70,100,47" hai3="48,111,117,54,130,132,41,57,92,12,126,52,73"/><T42/><D116/><N who="2" m="44586" /><F115/><W58/><G117/><T88/><D32/><U64/><E64/><V19/><F70/><W17/><G73/><T51/><D37/><U75/><E75/><V90/><F55/><W112/><G112/><T110/><D110/><U50/><E21/><V18/><F18/><W125/><G111/><T26/><D84/><U35/><E35/><V33/><F33/><W97/><G130/><T127/><D127/><U30/><E30/><V69/><F69/><W71/><G132/><T82/><D95/><U123/><E123/><V25/><F25/><W121/><G41/><T60/><D67/><U129/><E129/><V56/><F56/><W4/><G71/><T104/><D104/><U29/><E29/><V76/><F90/><W31/><G31/><N who="0" m="17887" /><D9/><U1/><E101/><V89/><F89/><W79/><G79/><T11/><D11/><U86/><E93/><V0/><F0/><W61/><G121/><T53/><D42/><U2/><E72/><V78/><F76/><W22/><REACH who="3" step="1"/><G4/><AGARI ba="0,0" hai="4,8,14,46,51,53,60,62,82,87,88" m="17887" machi="4" ten="30,5800,0" yaku="8,1,52,1,54,1" doraHai="3" who="0" fromWho="3" sc="243,58,359,0,225,0,173,-58" /><INIT seed="4,1,0,1,4,99" ten="301,359,225,115" oya="0" hai0="89,18,41,83,71,31,50,19,92,91,135,130,49" hai1="40,42,90,39,134,109,96,7,126,17,72,56,113" hai2="48,65,86,53,59,88,121,115,3,37,100,119,64" hai3="68,55,34,58,117,8,129,105,13,26,1,87,25"/><T102/><D135/><U131/><E7/><V75/><F121/><W112/><G68/><T45/><D71/><U62/><E17/><V106/><F75/><W73/><G73/><T132/><D132/><U12/><E12/><V70/><F70/><W69/><G69/><T63/><D130/><U4/><E4/><V118/><F3/><W57/><G117/><N who="2" m="44553" /><F37/><W103/><G1/><T54/><D63/><U101/><E72/><V46/><F115/><W23/><G34/><T27/><D83/><U38/><E134/><V44/><F44/><W104/><G58/><T20/><D102/><U82/><E113/><V51/><F100/><W35/><G35/><T5/><D5/><U78/><E38/><V128/><F106/><W21/><G112/><T97/><REACH who="0" step="1"/><D89/><REACH who="0" ten="291,359,225,115" step="2"/><U29/><E131/><V114/><F128/><W61/><G129/><T98/><D98/><U2/><E90/><V67/><F114/><W24/><G103/><T43/><D43/><U15/><E96/><V110/><F110/><W36/><G61/><T33/><D33/><U133/><E101/><V66/><F66/><W79/><G104/><T16/><D16/><U80/><E109/><V108/><F108/><W28/><G105/><T107/><D107/><U11/><E82/><N who="2" m="49239" /><F67/><W74/><G28/><T81/><D81/><U76/><E80/><V32/><F32/><W22/><G79/><T111/><D111/><U95/><E78/><V127/><F127/><W84/><G74/><T77/><D77/><U10/><E126/><V122/><F122/><W0/><G87/><T9/><D9/><U120/><E133/><RYUUKYOKU ba="1,1" sc="291,15,359,-15,225,15,115,-15" hai0="18,19,20,27,31,41,45,49,50,54,91,92,97" hai2="46,48,51,53,59,64,65" /><INIT seed="4,2,1,1,5,101" ten="306,344,240,100" oya="0" hai0="116,24,28,98,74,71,120,90,75,37,121,10,89" hai1="69,112,45,134,13,3,5,115,110,26,40,25,64" hai2="11,100,79,113,50,91,31,103,57,12,82,29,73" hai3="1,118,106,46,85,72,0,96,2,20,84,114,92"/><T38/><D116/><U33/><E64/><V53/><F113/><N who="1" m="43593" /><E69/><V21/><F91/><W117/><G114/><T122/><D71/><U18/><E110/><V88/><F29/><W32/><G32/><T67/><D67/><U15/><E45/><V51/><F51/><W62/><G72/><T87/><D10/><N who="1" m="2367" /><E40/><V34/><F34/><W77/><G62/><T94/><D37/><U127/><E127/><V125/><F125/><W4/><G46/><T124/><D38/><U126/><E126/><V135/><F135/><W22/><G77/><T128/><D124/><U104/><E104/><V65/><F65/><W16/><G106/><T48/><D48/><U93/><E93/><V36/><F36/><W14/><G4/><T95/><REACH who="0" step="1"/><D128/><REACH who="0" ten="296,344,240,100" step="2"/><U54/><E134/><V102/><F50/><W47/><G47/><T111/><D111/><U55/><E54/><V83/><F53/><W17/><G117/><T76/><D76/><U80/><E55/><V56/><F79/><W43/><G118/><T123/><N who="0" m="30720" /><DORA hai="30" /><T99/><D99/><U63/><E63/><V35/><F11/><W9/><G43/><T78/><D78/><U86/><E86/><V61/><F61/><W19/><G9/><T49/><D49/><U52/><E52/><V109/><F109/><W105/><G84/><T130/><D130/><U107/><E80/><V8/><F83/><W97/><G85/><T119/><D119/><U60/><E60/><V42/><F82/><W27/><G97/><T132/><D132/><U41/><E41/><V68/><F42/><W70/><G70/><T39/><D39/><RYUUKYOKU ba="2,2" sc="296,30,344,-10,240,-10,100,-10" hai0="24,28,74,75,87,89,90,94,95,98" /><INIT seed="4,3,2,0,2,112" ten="326,334,230,90" oya="0" hai0="127,101,68,3,119,67,91,86,103,133,31,98,39" hai1="15,18,37,58,113,134,94,104,65,44,13,71,135" hai2="77,6,116,128,42,59,82,38,19,96,75,60,52" hai3="70,114,50,56,57,48,17,118,117,122,23,11,45"/><T22/><D133/><U129/><E104/><V123/><F123/><W132/><G11/><T111/><D127/><U2/><E2/><V41/><F128/><W69/><G23/><T130/><D130/><U92/><E71/><N who="3" m="27146" /><G17/><T33/><D111/><U53/><E65/><V36/><F6/><W107/><G107/><T54/><D54/><U46/><E129/><V61/><F116/><N who="3" m="44651" /><G114/><T106/><D39/><U74/><E74/><V110/><F110/><W115/><G115/><T79/><D101/><U9/><E113/><V64/><F96/><W51/><G132/><N who="1" m="50730" /><E15/><V81/><F19/><W78/><G78/><T80/><D22/><U0/><E0/><V10/><F10/><W102/><G102/><T125/><D3/><U16/><E18/><V29/><F29/><W89/><G89/><T49/><D119/><U8/><E8/><V120/><F77/><W126/><G126/><T99/><D125/><U5/><E5/><V35/><F35/><W63/><G122/><T93/><D31/><U55/><E94/><V4/><F120/><W95/><G95/><T14/><D33/><U34/><E92/><V73/><F82/><W30/><G30/><T66/><D68/><U131/><E34/><V105/><F105/><W47/><G57/><T28/><D28/><U88/><E58/><N who="2" m="36919" /><F81/><W32/><G32/><T21/><D21/><U25/><E9/><V90/><F4/><W97/><G97/><T108/><D14/><U72/><E88/><V100/><F90/><W27/><G27/><T124/><D124/><U121/><E121/><V40/><F100/><W26/><G26/><RYUUKYOKU ba="3,2" sc="326,-15,334,-15,230,15,90,15" hai2="36,38,40,41,42,52,59,60,73,75" hai3="45,47,48,50,51,56,63" /><INIT seed="5,4,2,2,5,84" ten="311,319,245,105" oya="1" hai0="69,67,94,132,56,36,116,61,109,19,117,59,20" hai1="58,115,32,23,63,93,31,133,0,102,134,75,97" hai2="42,21,34,57,80,16,126,14,40,129,118,18,35" hai3="51,78,30,120,113,43,15,45,135,2,103,77,60"/><U28/><E75/><V71/><F118/><W46/><G120/><T7/><D109/><U82/><E0/><V1/><F71/><W25/><G2/><T66/><D7/><U55/><E115/><V39/><F1/><W24/><G113/><T91/><D36/><U52/><E82/><V122/><F122/><W38/><G135/><N who="1" m="51722" /><E32/><V128/><F126/><W119/><G119/><T47/><D47/><U86/><E86/><V72/><F57/><W50/><G103/><T90/><D132/><U26/><E31/><V54/><F54/><AGARI ba="4,2" hai="23,26,28,52,54,55,58,63,93,97,102" m="51722" machi="54" ten="30,2900,0" yaku="20,1,54,1" doraHai="84" who="1" fromWho="2" sc="311,0,319,61,245,-41,105,0" /><INIT seed="5,5,0,1,5,53" ten="311,380,204,105" oya="1" hai0="6,120,84,71,102,20,64,41,27,115,98,12,70" hai1="68,86,73,90,81,28,122,8,5,35,104,99,117" hai2="107,89,31,100,95,30,125,51,29,77,132,15,96" hai3="133,113,45,97,57,16,87,112,3,88,103,59,126"/><U25/><E122/><V52/><F132/><W63/><G133/><T129/><D115/><N who="3" m="44105" /><G126/><T101/><D129/><U69/><E117/><V33/><F125/><W62/><G3/><T23/><D41/><U7/><E7/><V128/><F128/><W10/><G45/><T36/><D36/><U17/><E73/><V18/><F77/><W76/><G76/><T72/><D72/><U0/><E104/><V55/><F33/><W110/><G110/><T130/><D84/><U43/><E43/><V56/><F55/><W14/><G63/><T116/><D116/><U44/><E44/><V50/><F50/><W108/><G108/><T40/><D40/><U4/><E99/><V46/><F46/><W24/><G24/><T74/><D27/><U80/><E80/><V38/><F38/><W85/><G62/><T91/><D74/><U1/><REACH who="1" step="1"/><E17/><REACH who="1" ten="311,370,204,105" step="2"/><V121/><F121/><W82/><G87/><T106/><D98/><U26/><E26/><V83/><F83/><W109/><G109/><T93/><D120/><U131/><E131/><V119/><F119/><W67/><G67/><T2/><D64/><U94/><E94/><AGARI ba="5,1" hai="10,14,16,57,59,82,85,88,94,97,103" m="44105" machi="94" ten="30,8000,1" yaku="15,1,52,2,54,2" doraHai="53" who="3" fromWho="1" sc="311,0,370,-95,204,0,105,105" /><INIT seed="6,0,0,4,1,127" ten="311,275,204,210" oya="2" hai0="48,122,12,56,49,68,106,60,89,111,63,100,77" hai1="118,64,120,1,67,29,109,42,97,78,66,38,117" hai2="51,43,81,32,58,123,21,0,84,83,7,36,70" hai3="116,112,37,46,11,92,103,125,71,40,98,23,16"/><V50/><F123/><W128/><G116/><T41/><D111/><U31/><E1/><V124/><F32/><W75/><G125/><T96/><D122/><U33/><E109/><V62/><F124/><W130/><G112/><T105/><D105/><U25/><E120/><V114/><F114/><W87/><G75/><T22/><D77/><U113/><E113/><V110/><F110/><W80/><G11/><T17/><D41/><U55/><E31/><V19/><F70/><W135/><G135/><T15/><D89/><U10/><E10/><V101/><F0/><W94/><G94/><T13/><D63/><U28/><E28/><V93/><F7/><W54/><G54/><T86/><D86/><U121/><E121/><V126/><F36/><W76/><REACH who="3" step="1"/><G71/><REACH who="3" ten="311,275,204,200" step="2"/><T9/><D9/><U95/><E55/><N who="2" m="34143" /><F126/><W82/><G82/><N who="2" m="31241" /><F43/><W129/><G129/><T18/><D68/><U107/><E107/><V102/><F84/><W74/><G74/><T69/><D69/><U115/><E115/><V30/><F30/><W39/><G39/><T6/><D6/><U45/><REACH who="1" step="1"/><E78/><REACH who="1" ten="311,265,204,200" step="2"/><V90/><F101/><AGARI ba="0,2" hai="25,29,33,38,42,45,64,66,67,95,97,101,117,118" machi="101" ten="40,2600,0" yaku="1,1,2,1,53,0" doraHai="127" doraHaiUra="65" who="1" fromWho="2" sc="311,0,265,46,204,-26,200,0" /><INIT seed="7,0,0,0,4,104" ten="311,311,178,200" oya="3" hai0="113,105,21,97,114,35,31,80,17,102,30,94,53" hai1="103,116,86,15,7,26,29,121,130,33,92,62,38" hai2="126,60,131,56,125,1,90,110,67,120,79,71,49" hai3="58,42,109,111,43,99,96,32,9,119,3,84,23"/><W0/><G119/><T55/><D35/><U134/><E121/><V108/><F1/><N who="3" m="587" /><G32/><T57/><D80/><U50/><E116/><V45/><F90/><W82/><G9/><T127/><D105/><U34/><E34/><V124/><F79/><W20/><G58/><T36/><D36/><U44/><E38/><V66/><F120/><W47/><G82/><T132/><D132/><U5/><E134/><V95/><F95/><W98/><G84/><T115/><D127/><U107/><E107/><V70/><F131/><W10/><G10/><T46/><D46/><U65/><E15/><V77/><F77/><W117/><G117/><T75/><D75/><U93/><E130/><V85/><F85/><W51/><G43/><T52/><D57/><U27/><E93/><V6/><F6/><W118/><G118/><T18/><D18/><U83/><E27/><AGARI ba="0,0" hai="17,21,27,30,31,52,53,55,94,97,102,113,114,115" machi="27" ten="50,6400,0" yaku="15,1,11,1,54,1" doraHai="104" who="0" fromWho="1" sc="311,64,311,-64,178,0,200,0" owari="375,47.0,247,5.0,178,-32.0,200,-20.0" /></mjloggm>