<mjloggm ver="2.3"><GO type="225" lobby="0"/><UN n0="%E3%82%A2%E3%83%A4%E3%82%BB" n1="%E3%81%82%E3%81%9A%E3%81%8D%E3%81%82%E3%81%9A%E3%81%95" n2="%E5%B7%A5%E8%97%A4%E6%96%B0%E4%B8%80" n3="%E3%81%B7%E3%82%8B%E3%81%B7%E3%82%8B%E3%81%A0%E3%81%9E" dan="16,16,16,16" rate="2185.75,2113.94,2143.39,2104.10" sx="M,M,M,M"/><TAIKYOKU oya="0"/><INIT seed="0,0,0,5,5,26" ten="250,250,250,250" oya="0" hai0="8,107,103,67,5,34,25,122,78,3,113,132,42" hai1="68,99,87,10,69,71,130,35,101,61,28,1,66" hai2="21,53,79,127,133,93,91,111,80,126,81,85,48" hai3="77,135,83,58,109,23,97,114,49,4,125,41,110"/><T123/><D113/><U31/><E130/><V105/><F111/><W46/><G114/><T106/><D132/><U11/><E87/><V95/><F21/><W90/><G135/><T108/><D108/><N who="3" m="41577" /><G4/><T121/><D78/><U44/><E44/><N who="2" m="27783" /><F105/><W40/><G125/><N who="2" m="47625" /><F133/><W62/><G23/><T45/><D67/><U73/><E73/><AGARI ba="0,0" hai="73,79,80,81,85,91,93,95" m="47625,27783" machi="73" ten="30,1000,0" yaku="18,1" doraHai="26" who="2" fromWho="1" sc="250,0,250,-10,250,10,250,0" /><INIT seed="1,0,0,0,1,107" ten="250,240,260,250" oya="1" hai0="26,46,100,131,91,78,108,94,54,114,103,127,55" hai1="56,75,45,44,85,92,27,86,2,19,25,24,58" hai2="28,112,31,60,37,124,0,30,15,116,122,38,36" hai3="17,47,81,110,59,68,62,128,109,96,123,63,125"/><U119/><E119/><V11/><F124/><W104/><G17/><T133/><D114/><U101/><E2/><V6/><F116/><W111/><G81/><T23/><D127/><U82/><E19/><V113/><F122/><W20/><G20/><T33/><D33/><U90/><E101/><V12/><REACH who="2" step="1"/><F60/><REACH who="2" ten="250,240,250,250" step="2"/><N who="3" m="23083" /><G125/><T18/><D131/><U50/><E50/><V80/><BYE who="1" /><F80/><UN n1="%E3%81%82%E3%81%9A%E3%81%8D%E3%81%82%E3%81%9A%E3%81%95" /><W93/><G123/><T57/><D108/><U97/><E97/><V102/><F102/><W106/><G128/><T99/><D133/><U5/><E82/><V79/><F79/><W117/><G117/><T61/><D78/><U9/><E90/><V21/><F21/><W71/><G96/><T70/><D70/><U69/><E69/><V134/><F134/><W115/><G71/><T67/><D67/><U8/><E8/><V129/><F129/><W34/><G68/><T14/><D14/><AGARI ba="0,1" hai="0,6,11,12,14,15,28,30,31,36,37,38,112,113" machi="14" ten="50,1600,0" yaku="1,1,53,0" doraHai="107" doraHaiUra="73" who="2" fromWho="0" sc="250,-16,240,0,250,26,250,0" /><INIT seed="2,0,0,4,4,31" ten="234,240,276,250" oya="2" hai0="73,132,9,86,82,41,72,7,99,55,48,87,131" hai1="91,115,25,78,66,120,113,52,129,105,106,27,30" hai2="123,42,43,19,6,104,90,4,37,28,101,74,98" hai3="57,122,70,85,89,54,64,1,26,71,12,61,67"/><V23/><F123/><W58/><G122/><T50/><D131/><U83/><E120/><V97/><F28/><W127/><G1/><T84/><D132/><U76/><E129/><V103/><F90/><W128/><G128/><T75/><D99/><U96/><E91/><V62/><F62/><W133/><G133/><T51/><D55/><U109/><E109/><V16/><F74/><W77/><G77/><T21/><D21/><U126/><E126/><V11/><F23/><W17/><G26/><T36/><D82/><U53/><E66/><V65/><F65/><W46/><G46/><T135/><D135/><U56/><E56/><V119/><F119/><W114/><G64/><T15/><REACH who="0" step="1"/><D36/><REACH who="0" ten="224,240,276,250" step="2"/><U107/><E96/><V121/><F121/><W49/><G114/><T2/><D2/><U33/><E83/><V88/><F98/><W8/><G127/><T102/><D102/><U13/><E113/><V130/><F103/><W94/><AGARI ba="0,1" hai="8,12,17,49,54,57,58,61,67,70,71,85,89,94" machi="94" ten="20,1500,0" yaku="0,1,7,1" doraHai="31" who="3" fromWho="3" sc="224,-4,240,-4,276,-7,250,25" /><INIT seed="3,0,0,1,1,48" ten="220,236,269,275" oya="3" hai0="3,40,62,99,46,1,121,0,67,15,65,134,53" hai1="10,88,77,84,120,64,96,114,78,56,100,13,81" hai2="18,107,110,108,32,45,38,122,5,2,58,94,118" hai3="102,128,60,75,20,129,14,37,125,70,8,105,95"/><W131/><G37/><T101/><D121/><U92/><E120/><V29/><F122/><W35/><G35/><T82/><D134/><U130/><E130/><V132/><F132/><W111/><G105/><T98/><D82/><U42/><E114/><V43/><F118/><W123/><G75/><T63/><D15/><U51/><E42/><V22/><F107/><W83/><G83/><T66/><D40/><U112/><E112/><V54/><F94/><W126/><G20/><T9/><D9/><U74/><E74/><V115/><F115/><W55/><G70/><T31/><D31/><U117/><E117/><V73/><F73/><W52/><G60/><T30/><D30/><U86/><E86/><V41/><F41/><W11/><G11/><T76/><D76/><U89/><E89/><V79/><F79/><W12/><G12/><T97/><D101/><U61/><REACH who="1" step="1"/><E51/><AGARI ba="0,0" hai="0,1,3,46,51,53,62,63,65,66,67,97,98,99" machi="51" ten="50,6400,0" yaku="29,2,52,1" doraHai="48" who="0" fromWho="1" sc="220,64,236,-64,269,0,275,0" /><INIT seed="4,0,0,4,0,81" ten="284,172,269,275" oya="0" hai0="22,27,52,47,25,93,38,92,74,44,109,10,106" hai1="70,73,69,108,130,87,124,122,110,57,85,39,45" hai2="114,102,11,132,51,125,36,56,94,128,48,80,119" hai3="96,84,31,91,82,35,88,4,30,61,71,83,3"/><T49/><D106/><U67/><E122/><V76/><F114/><W103/><G35/><T6/><D74/><U121/><E121/><V115/><F115/><W20/><G3/><T54/><D109/><U26/><E73/><V126/><F36/><W79/><G4/><T72/><D72/><U18/><E57/><V95/><F128/><W116/><G116/><T2/><D25/><U59/><E59/><V55/><F132/><W62/><G71/><N who="1" m="27146" /><E67/><V16/><F119/><W8/><G8/><T65/><D65/><U32/><E32/><V60/><F125/><W113/><G83/><T29/><D38/><U63/><E63/><N who="3" m="24074" /><G113/><T17/><D29/><N who="3" m="10761" /><G20/><T112/><D112/><U5/><E5/><V23/><F11/><W19/><G19/><T53/><D53/><U9/><E9/><V7/><F7/><W75/><G75/><T50/><AGARI ba="0,0" hai="2,6,10,17,22,27,44,47,49,50,52,54,92,93" machi="50" ten="30,6000,0" yaku="0,1,9,1,54,1" doraHai="81" who="0" fromWho="0" sc="284,60,172,-20,269,-20,275,-20" owari="344,44.0,152,-35.0,249,-15.0,255,6.0" /></mjloggm>