<mjloggm ver="2.3"><GO type="169" lobby="0"/><UN n0="%52%45%49%4E%E6%A3%AE%E4%B9%85%E4%BF%9D%50" n1="%E3%81%8D%E3%81%BE%E3%81%99" n2="%6B%69%79%6F%70%69%6E" n3="%E3%82%8F%E3%81%9F%E3%81%B4%E3%82%93" dan="16,17,16,17" rate="2135.27,2206.36,2118.62,2257.57" sx="M,M,M,M"/><TAIKYOKU oya="0"/><INIT seed="0,0,0,0,2,135" ten="250,250,250,250" oya="0" hai0="106,35,74,22,64,95,15,129,102,100,92,73,88" hai1="132,19,23,124,56,115,26,49,29,80,67,10,24" hai2="113,99,25,37,57,87,42,117,127,62,47,66,86" hai3="51,36,9,97,82,39,75,126,121,13,77,0,40"/><T76/><D35/><U63/><E115/><V2/><F113/><W8/><G0/><T122/><D64/><U81/><E132/><V44/><F2/><W31/><G121/><T12/><D22/><U101/><E101/><V105/><F117/><W70/><G70/><T4/><D4/><U120/><E120/><V53/><F105/><W50/><G9/><T30/><D30/><U89/><E10/><V34/><F99/><W33/><G97/><N who="0" m="61775" /><D15/><U27/><E89/><V107/><F107/><W134/><G134/><T5/><D12/><U55/><E26/><V133/><F133/><W68/><G68/><T18/><D18/><U43/><E43/><V17/><F47/><W103/><G51/><T3/><D5/><U104/><E104/><V108/><F66/><W58/><G103/><T98/><D3/><U91/><E27/><V96/><F96/><W116/><G116/><T69/><D69/><U7/><E7/><V128/><F17/><N who="3" m="8359" /><G31/><T111/><D129/><U112/><E29/><N who="2" m="19759" /><F128/><W84/><G33/><T78/><D111/><U110/><E112/><V1/><F108/><W60/><G39/><T16/><D16/><U125/><E110/><V46/><F1/><W54/><G36/><T41/><D41/><U45/><REACH who="1" step="1"/><E91/><REACH who="1" ten="250,240,250,250" step="2"/><V85/><F42/><W32/><G40/><T52/><D122/><U109/><E109/><V93/><F37/><W114/><G114/><T65/><D65/><U83/><AGARI ba="0,1" hai="19,23,24,45,49,55,56,63,67,80,81,83,124,125" machi="83" ten="30,7900,0" yaku="1,1,0,1,52,2,53,0" doraHai="135" doraHaiUra="11" who="1" fromWho="1" sc="250,-39,240,89,250,-20,250,-20" /><INIT seed="1,0,0,1,4,23" ten="211,329,230,230" oya="1" hai0="29,87,0,61,125,41,27,99,74,43,49,95,98" hai1="77,17,54,20,45,113,26,3,66,30,106,44,84" hai2="86,91,79,5,21,107,105,76,110,103,2,15,92" hai3="129,116,18,71,114,120,32,126,82,58,89,112,127"/><U47/><E106/><N who="2" m="40459" /><F15/><W123/><G71/><T64/><D0/><U68/><E113/><N who="3" m="43626" /><G89/><T1/><D1/><U118/><E66/><V81/><F5/><W115/><G82/><T85/><D74/><U40/><E3/><V62/><F62/><W109/><G58/><T53/><D99/><U37/><E68/><V57/><F57/><W119/><G115/><T111/><D111/><U96/><E40/><V48/><F48/><W14/><G129/><T22/><D43/><U50/><E37/><V19/><F19/><W131/><G131/><T35/><D41/><U90/><E118/><N who="3" m="45098" /><G32/><T46/><D125/><N who="3" m="47625" /><G109/><T51/><D51/><U11/><E50/><V67/><F81/><W12/><G12/><T132/><D35/><U108/><E45/><V135/><F91/><W97/><G97/><T13/><D13/><U28/><E96/><V55/><F110/><W70/><G70/><T6/><D6/><U9/><E108/><V63/><F63/><W42/><G42/><T60/><D60/><U39/><E90/><V88/><F88/><W102/><G102/><N who="0" m="60767" /><D132/><U117/><E44/><V73/><F135/><W31/><G31/><T36/><D36/><U134/><E39/><V52/><F103/><W8/><AGARI ba="0,0" hai="8,14,18,120,123" m="47625,45098,43626" machi="8" ten="40,8000,1" yaku="12,1,18,1,34,2" doraHai="23" who="3" fromWho="3" sc="211,-20,329,-40,230,-20,230,80" /><INIT seed="2,0,0,3,3,80" ten="191,289,210,310" oya="2" hai0="119,99,112,134,92,37,83,7,56,116,4,120,46" hai1="107,106,78,15,91,16,14,3,68,63,73,48,59" hai2="109,36,52,11,101,76,114,40,102,8,1,86,113" hai3="66,61,33,128,97,93,79,75,84,18,43,34,94"/><V51/><F36/><W135/><G75/><T96/><D112/><U53/><E3/><V31/><F40/><W20/><G128/><T49/><D120/><U23/><E91/><V104/><F104/><W28/><G28/><T124/><D134/><U77/><E77/><V111/><F31/><W50/><G50/><T62/><D37/><U127/><E127/><V69/><F69/><W74/><G74/><T5/><D83/><U41/><E41/><V24/><F24/><W131/><G131/><T132/><D132/><U87/><E73/><V72/><F72/><W110/><G110/><N who="2" m="41993" /><F76/><W71/><G43/><N who="0" m="24799" /><D92/><U35/><E35/><V67/><F67/><W26/><G135/><T45/><D45/><U2/><E2/><V29/><F29/><W47/><G47/><T64/><D124/><U118/><E118/><AGARI ba="0,0" hai="4,5,7,56,62,64,96,99,116,118,119" m="24799" machi="118" ten="30,1000,0" yaku="12,1" doraHai="80" who="0" fromWho="1" sc="191,10,289,-10,210,0,310,0" /><INIT seed="3,0,0,2,0,61" ten="201,279,210,310" oya="3" hai0="55,127,17,74,56,21,63,101,22,0,123,91,135" hai1="107,66,8,69,27,29,12,10,73,1,13,64,87" hai2="119,93,86,104,20,111,85,133,15,25,72,71,24" hai3="47,35,60,37,68,95,88,31,36,18,23,94,92"/><W11/><G35/><T30/><D0/><U34/><E69/><V16/><F119/><W77/><G77/><T46/><D74/><U122/><E107/><V3/><F104/><W39/><G31/><T76/><D123/><U50/><E73/><V65/><F72/><W79/><G79/><T80/><D135/><U98/><E1/><V105/><F105/><W26/><G11/><N who="1" m="4138" /><E34/><V84/><F3/><W32/><G32/><T75/><D101/><U6/><E122/><V116/><F116/><W38/><G38/><T59/><D127/><U99/><E87/><V57/><F71/><W58/><G68/><T117/><D91/><U110/><E110/><V9/><F133/><W53/><REACH who="3" step="1"/><G47/><REACH who="3" ten="201,279,210,300" step="2"/><T100/><D46/><U52/><E29/><N who="2" m="17543" /><F111/><W51/><G51/><T89/><D30/><U103/><E6/><V112/><F112/><W49/><G49/><T83/><D76/><U70/><E70/><V28/><F28/><W54/><G54/><T128/><D55/><U82/><E52/><V78/><F78/><W81/><G81/><T121/><D83/><U96/><E50/><V19/><F19/><W42/><G42/><T7/><D80/><U40/><E82/><V48/><F48/><W41/><G41/><T106/><D7/><U43/><E43/><V118/><F118/><W14/><G14/><N who="1" m="5738" /><E40/><V129/><F15/><W45/><G45/><T44/><D75/><U115/><E115/><V5/><F9/><W90/><AGARI ba="0,1" hai="18,23,26,36,37,39,53,58,60,88,90,92,94,95" machi="90" ten="40,7800,0" yaku="1,1,0,1,54,1,53,0" doraHai="61" doraHaiUra="132" who="3" fromWho="3" sc="201,-26,279,-26,210,-26,300,88" /><INIT seed="3,1,0,0,5,40" ten="175,253,184,388" oya="3" hai0="128,103,88,119,55,68,94,76,35,121,5,70,0" hai1="127,110,89,15,97,86,106,120,52,79,22,9,100" hai2="30,122,4,39,125,130,49,108,61,48,51,63,18" hai3="135,10,131,28,54,93,124,42,114,98,118,23,73"/><W82/><G114/><T50/><D121/><U25/><E110/><V123/><F4/><W85/><G118/><T107/><D35/><U29/><E127/><V104/><F104/><W126/><G73/><T1/><D76/><U117/><E120/><N who="2" m="46123" /><F30/><W72/><G72/><T91/><D119/><U95/><E117/><V46/><F18/><W78/><G131/><T11/><D0/><U129/><E129/><V65/><F130/><W21/><G135/><T74/><D74/><U81/><E52/><N who="2" m="29719" /><F108/><W101/><G42/><T14/><D1/><U90/><REACH who="1" step="1"/><E106/><REACH who="1" ten="175,243,184,388" step="2"/><V66/><F125/><W87/><G124/><T64/><D107/><U115/><E115/><V44/><F39/><W38/><G38/><T60/><D128/><U27/><E27/><V41/><F51/><W113/><G126/><T105/><D105/><U12/><E12/><V77/><F77/><W34/><G113/><T133/><D133/><U56/><E56/><V102/><F102/><W132/><G101/><T116/><D70/><U16/><AGARI ba="1,1" hai="9,15,16,22,25,29,79,81,86,89,90,95,97,100" machi="16" ten="20,8000,1" yaku="1,1,0,1,7,1,8,1,54,1,53,0" doraHai="40" doraHaiUra="3" who="1" fromWho="1" sc="175,-21,243,93,184,-21,388,-41" /><INIT seed="4,0,0,0,4,115" ten="154,336,163,347" oya="0" hai0="131,98,110,43,49,93,97,48,92,20,95,24,114" hai1="50,14,107,118,33,56,77,25,40,129,32,109,71" hai2="116,55,59,10,35,100,125,120,3,111,11,2,27" hai3="79,1,65,94,39,112,133,113,119,96,103,99,57"/><T58/><D114/><N who="3" m="44137" /><G39/><T38/><D38/><U123/><E109/><V26/><F100/><W104/><G1/><N who="2" m="9" /><F59/><W108/><G57/><T78/><D131/><U28/><E123/><V121/><F55/><W13/><G13/><T134/><D134/><U8/><E129/><V90/><F90/><N who="3" m="55383" /><G65/><T75/><D110/><U66/><E33/><V85/><F85/><W44/><G44/><N who="0" m="25631" /><D78/><U87/><E107/><V52/><F52/><W82/><G108/><T63/><D75/><U72/><E71/><V73/><F73/><N who="3" m="43375" /><G119/><T42/><D49/><U31/><E40/><V0/><F111/><W70/><G70/><T68/><D42/><U34/><E50/><V36/><F36/><W51/><G51/><T4/><D4/><U21/><E56/><V60/><F60/><W81/><G81/><T91/><D68/><U54/><E54/><V6/><F116/><W18/><G18/><N who="0" m="12311" /><D98/><U45/><E66/><AGARI ba="0,0" hai="58,63,66,91,92,93,95,97" m="12311,25631" machi="66" ten="30,1500,0" yaku="8,1" doraHai="115" who="0" fromWho="1" sc="154,15,336,-15,163,0,347,0" /><INIT seed="4,1,0,2,5,30" ten="169,321,163,347" oya="0" hai0="19,3,128,83,52,124,102,38,15,66,121,75,108" hai1="89,41,130,49,43,33,55,58,29,28,25,115,122" hai2="109,12,134,53,26,103,118,20,135,18,100,72,95" hai3="6,1,120,111,40,11,48,133,31,14,23,96,132"/><T35/><D121/><U107/><E107/><V71/><F109/><W126/><G96/><T51/><D38/><U57/><E115/><V82/><F118/><W74/><G74/><T50/><D3/><U59/><E130/><V131/><F131/><W0/><G48/><T70/><D108/><U2/><E122/><V86/><F71/><W10/><G40/><T112/><D128/><U104/><E104/><V125/><F125/><W47/><G47/><T65/><D124/><U4/><E29/><V110/><F110/><W98/><G98/><T117/><D35/><U42/><E4/><V79/><F53/><W92/><G92/><T101/><D112/><U13/><E13/><V8/><F86/><W46/><G46/><N who="0" m="27735" /><D75/><U90/><REACH who="1" step="1"/><E2/><REACH who="1" ten="169,311,163,347" step="2"/><V81/><F135/><N who="3" m="51787" /><G111/><T80/><D117/><U9/><E9/><V94/><F134/><W106/><G106/><T88/><D70/><U34/><E34/><V60/><F8/><W91/><G126/><T85/><D80/><U21/><E21/><V22/><F82/><W44/><G120/><T114/><D114/><U56/><AGARI ba="1,1" hai="25,28,33,41,42,43,49,55,56,57,58,59,89,90" machi="56" ten="30,7900,0" yaku="1,1,0,1,52,1,53,1" doraHai="30" doraHaiUra="24" who="1" fromWho="1" sc="169,-40,311,92,163,-21,347,-21" /><INIT seed="5,0,0,4,0,72" ten="129,403,142,326" oya="1" hai0="119,16,128,17,64,122,2,45,25,116,3,95,32" hai1="10,120,103,93,54,124,112,73,5,44,134,55,46" hai2="79,7,125,131,99,100,113,34,18,108,33,40,58" hai3="78,110,106,37,39,118,8,111,91,104,1,9,4"/><U27/><E120/><V12/><F108/><W65/><G65/><T83/><D64/><U22/><E73/><V36/><F7/><N who="3" m="1135" /><G91/><T107/><D107/><N who="3" m="41001" /><G78/><T0/><D95/><U97/><E112/><V123/><F123/><W60/><G60/><T102/><D102/><U85/><E85/><V59/><F113/><W49/><G49/><T68/><D68/><U92/><E10/><V53/><F59/><W41/><G118/><N who="0" m="45099" /><D45/><U98/><E5/><V109/><F109/><N who="3" m="41483" /><G41/><T90/><D90/><U42/><E42/><V115/><F115/><W30/><G30/><N who="0" m="19535" /><D83/><U43/><E43/><V94/><F100/><W66/><G66/><T15/><D122/><U31/><E31/><V26/><F40/><W19/><G19/><N who="0" m="7243" /><D15/><U135/><E103/><V13/><F12/><W51/><G51/><T35/><D35/><U67/><E67/><V20/><F33/><W21/><G21/><T88/><D88/><U48/><E22/><V69/><F34/><W82/><G82/><T11/><D128/><U121/><E48/><V105/><F131/><W129/><G129/><T96/><D96/><U71/><E121/><V29/><F99/><W89/><G89/><T50/><D50/><U23/><E23/><V14/><F20/><W84/><G84/><T57/><D57/><U80/><E80/><V117/><F58/><W74/><G74/><T81/><D81/><U77/><E71/><V24/><F69/><W62/><G62/><T61/><D61/><U52/><E54/><V101/><F53/><W130/><G130/><T38/><D11/><U126/><E77/><V114/><F117/><RYUUKYOKU ba="0,0" sc="129,10,403,10,142,-30,326,10" hai0="0,2,3,38" hai1="27,44,46,52,55,92,93,97,98,124,126,134,135" hai3="4,9,37,39" /><INIT seed="5,1,0,4,4,20" ten="139,413,112,336" oya="1" hai0="48,135,130,59,111,115,84,40,128,82,47,90,67" hai1="102,28,8,95,17,18,71,72,78,88,44,109,30" hai2="0,103,53,93,15,87,106,51,61,33,131,91,69" hai3="74,39,117,42,65,34,104,86,108,85,113,57,27"/><U13/><E71/><V49/><F0/><W19/><G108/><T114/><D111/><U36/><E102/><V64/><F131/><N who="0" m="50218" /><D90/><U38/><E109/><V92/><F92/><W29/><G74/><T98/><D98/><U3/><E18/><V132/><F132/><W26/><G104/><T25/><D84/><U105/><E105/><V80/><F80/><W58/><G42/><T37/><D82/><U5/><E38/><V73/><F73/><W129/><G39/><T62/><D25/><N who="3" m="9225" /><G34/><T107/><D107/><U101/><E101/><V31/><F53/><W126/><G126/><T68/><D135/><U50/><E36/><V119/><F119/><W23/><G129/><T76/><D76/><U63/><E78/><V122/><F122/><W110/><G110/><T134/><D134/><U123/><E72/><V32/><F32/><W10/><G113/><N who="0" m="43019" /><D37/><U54/><E123/><V52/><F106/><W124/><G124/><T1/><D1/><U112/><E112/><V120/><F120/><W4/><G117/><T12/><D12/><U77/><E13/><V125/><F15/><N who="3" m="5575" /><G29/><T22/><D22/><U6/><E30/><V45/><F31/><W116/><G116/><T83/><D83/><U100/><E28/><V46/><F125/><W99/><G99/><T75/><D75/><U41/><E3/><V24/><F33/><W79/><G86/><T35/><D35/><U66/><E6/><V43/><REACH who="2" step="1"/><F24/><REACH who="2" ten="139,413,102,336" step="2"/><N who="3" m="14463" /><G79/><T21/><D21/><U127/><E77/><V81/><F81/><W96/><G96/><T14/><D14/><N who="1" m="5391" /><E127/><V133/><F133/><W97/><G97/><RYUUKYOKU ba="1,1" sc="139,15,413,-15,102,15,336,-15" hai0="40,47,48,59,62,67,68" hai2="43,45,46,49,51,52,61,64,69,87,91,93,103" /><INIT seed="6,2,1,1,1,47" ten="154,398,117,321" oya="2" hai0="94,32,28,86,3,43,95,23,51,79,40,46,16" hai1="131,27,111,103,107,25,19,2,75,127,6,0,34" hai2="64,121,77,132,52,124,96,37,50,24,66,61,8" hai3="106,126,71,133,119,70,9,58,72,76,12,99,33"/><V11/><F121/><W114/><G119/><T13/><D3/><U104/><E75/><V93/><F37/><W112/><G33/><T48/><D32/><U122/><E111/><V68/><F132/><W67/><G76/><T20/><D28/><U63/><E122/><V134/><F134/><W29/><G29/><T85/><D79/><U41/><E131/><V62/><F124/><W92/><G106/><T118/><D118/><U73/><E127/><V49/><F24/><W88/><G72/><T1/><D1/><U14/><E63/><N who="2" m="24075" /><F68/><W113/><G133/><T53/><D40/><U59/><E59/><N who="2" m="33175" /><F77/><W10/><G126/><T89/><D23/><U115/><E27/><V116/><F116/><W38/><G38/><T60/><D60/><U44/><E25/><V4/><F49/><W130/><G130/><T82/><D86/><U69/><E34/><V45/><F45/><AGARI ba="2,1" hai="13,16,20,43,45,46,48,51,53,82,85,89,94,95" machi="45" ten="30,8000,1" yaku="7,1,8,1,52,2,54,1" doraHai="47" who="0" fromWho="2" sc="154,96,398,0,117,-86,321,0" /><INIT seed="7,0,0,0,4,4" ten="250,398,31,321" oya="3" hai0="38,3,89,71,15,97,43,26,61,107,2,14,134" hai1="80,33,39,49,120,103,111,123,101,5,95,60,85" hai2="135,51,109,113,78,27,6,42,104,22,96,18,82" hai3="0,77,117,45,69,20,121,54,16,99,87,74,116"/><W70/><G121/><N who="1" m="46666" /><E49/><V112/><F96/><W29/><G74/><T57/><D71/><U36/><E60/><V64/><F104/><W67/><G29/><T50/><D38/><U83/><E5/><V128/><F82/><N who="1" m="31273" /><E33/><V56/><F78/><W72/><G72/><T108/><D134/><U133/><E36/><V7/><F64/><W44/><G87/><T125/><D108/><U94/><E39/><V132/><F56/><W17/><G77/><T88/><D125/><U58/><E58/><V98/><F98/><W9/><G99/><T52/><D107/><U92/><E133/><V63/><F63/><W90/><G90/><T65/><D43/><U10/><E10/><V35/><F51/><W48/><G67/><T32/><D89/><N who="1" m="53295" /><E111/><V13/><F42/><W34/><G34/><T122/><D122/><U37/><E37/><V8/><F109/><W93/><G93/><AGARI ba="0,0" hai="93,94,95,101,103" m="53295,31273,46666" machi="93" ten="30,2000,0" yaku="34,2" doraHai="4" who="1" fromWho="3" sc="250,0,398,20,31,0,321,-20" owari="250,-15.0,418,52.0,31,-47.0,301,10.0" /></mjloggm>