<mjloggm ver="2.3"><GO type="169" lobby="0"/><UN n0="%E3%83%8A%E3%83%A0%E3%82%B5%E3%83%BC%E3%83%B3%EF%BC%81" n1="%E3%81%A9%E3%81%8F%E3%81%A1%E3%81%8F%E3%82%8F" n2="%E3%81%9F%E3%81%8F%E3%81%98%E3%82%8D%E3%81%86" n3="%E3%83%97%E3%83%AD%E3%83%86%E3%82%A4%E3%83%B3%E5%BE%97%E7%9B%9B" dan="16,16,16,17" rate="2044.01,2076.15,2110.46,2251.67" sx="M,M,M,M"/><TAIKYOKU oya="0"/><INIT seed="0,0,0,5,5,106" ten="250,250,250,250" oya="0" hai0="4,15,102,129,47,38,36,122,74,80,49,130,39" hai1="56,71,28,65,11,109,127,84,24,99,133,113,1" hai2="75,59,7,42,23,98,70,26,82,105,0,10,3" hai3="18,52,51,120,43,8,107,9,104,94,40,73,22"/><T27/><D122/><U126/><E109/><V62/><F70/><W96/><G120/><T132/><D102/><U33/><E133/><V83/><F42/><N who="3" m="15915" /><G73/><T6/><D27/><U21/><E113/><V116/><F116/><W125/><G125/><N who="1" m="47626" /><E56/><V115/><F115/><W93/><G107/><T5/><D132/><U2/><E84/><V68/><F68/><W41/><G104/><T30/><D30/><U20/><E99/><V117/><F117/><W103/><G94/><T57/><D57/><U66/><E71/><V63/><F63/><W124/><N who="3" m="15923" /><W16/><DORA hai="54" /><G124/><T135/><D135/><U100/><E100/><V19/><F0/><N who="1" m="105" /><E66/><V72/><F98/><W111/><G111/><T69/><D69/><U123/><E65/><V34/><F105/><W31/><G31/><T131/><D47/><U92/><E92/><V81/><REACH who="2" step="1"/><F34/><REACH who="2" ten="250,250,240,250" step="2"/><W50/><G50/><T88/><D49/><U32/><E123/><V89/><F89/><W58/><G18/><T134/><D134/><U121/><E121/><V45/><F45/><W78/><G78/><N who="0" m="44119" /><D88/><U118/><E118/><V37/><F37/><W128/><G128/><T46/><D46/><U101/><E101/><V119/><F119/><W12/><AGARI ba="0,1" hai="8,9,12,16,22,51,52,58,93,96,103" m="15923" machi="12" ten="30,7900,0" yaku="8,1,52,1,54,2" doraHai="106,54" who="3" fromWho="3" sc="250,-39,250,-20,240,-20,250,89" /><INIT seed="1,0,0,4,4,48" ten="211,230,220,339" oya="1" hai0="3,125,10,61,122,29,72,15,123,8,117,28,42" hai1="1,68,111,108,73,31,13,103,0,130,35,52,93" hai2="47,36,126,23,19,54,18,40,97,53,79,102,66" hai3="44,86,12,43,116,89,120,96,58,135,41,39,119"/><U109/><E68/><V118/><F118/><N who="3" m="45099" /><G120/><N who="0" m="46123" /><D117/><U6/><E73/><V45/><F126/><W115/><G115/><T128/><D72/><U11/><E130/><V59/><F79/><W27/><G135/><T9/><D42/><U101/><E31/><N who="0" m="11849" /><D128/><U131/><E35/><V78/><F78/><W99/><G27/><T32/><D32/><U71/><E71/><V75/><F75/><W95/><G43/><T70/><D125/><U21/><E21/><V64/><F47/><W110/><G110/><T2/><D61/><U98/><E131/><V134/><F19/><W38/><G38/><T57/><D57/><U25/><E25/><V33/><F33/><W63/><G12/><T80/><D80/><U51/><E103/><V105/><F134/><W90/><G90/><T37/><D37/><U46/><AGARI ba="0,0" hai="0,1,6,11,13,46,51,52,93,98,101,108,109,111" machi="46" ten="30,12000,1" yaku="0,1,14,1,10,1,52,1,54,1" doraHai="48" who="1" fromWho="1" sc="211,-40,230,120,220,-40,339,-40" /><INIT seed="1,1,0,0,5,17" ten="171,350,180,299" oya="1" hai0="54,32,120,16,80,97,63,11,101,26,27,53,96" hai1="98,74,135,84,124,104,77,132,35,19,108,61,24" hai2="22,23,117,86,62,107,55,30,21,109,39,121,31" hai3="93,92,60,90,0,100,65,83,82,89,47,34,88"/><U110/><E74/><V91/><F117/><W73/><G0/><T38/><D38/><U13/><E61/><V50/><F121/><W81/><G34/><T2/><D120/><U114/><E114/><V111/><F107/><W127/><G127/><T72/><D2/><U78/><E84/><V15/><F39/><W42/><G100/><T33/><D72/><U116/><E116/><V52/><F15/><W126/><G126/><T122/><D80/><U56/><E124/><V43/><F43/><W69/><REACH who="3" step="1"/><G73/><REACH who="3" ten="171,350,180,289" step="2"/><T118/><D122/><U67/><E35/><V130/><F130/><W3/><G3/><T70/><D33/><U94/><E132/><V49/><F111/><N who="1" m="42537" /><E135/><V46/><F109/><W14/><G14/><N who="0" m="7263" /><D32/><U106/><E24/><V57/><F62/><W41/><G41/><T18/><D27/><U64/><E104/><V36/><F36/><AGARI ba="1,1" hai="36,42,47,60,65,69,81,82,83,88,89,90,92,93" machi="36" ten="40,2600,0" yaku="1,1,54,1,53,0" doraHai="17" doraHaiUra="7" who="3" fromWho="2" sc="171,0,350,0,180,-29,289,39" /><INIT seed="2,0,0,0,1,12" ten="171,350,151,328" oya="2" hai0="47,55,85,101,95,51,57,88,11,77,86,59,98" hai1="48,89,65,17,0,108,52,111,44,78,43,115,119" hai2="87,40,132,29,126,114,62,15,42,90,110,120,23" hai3="53,70,58,24,131,39,10,135,80,107,71,121,37"/><V38/><F114/><W22/><G107/><T21/><D11/><U27/><E115/><V133/><F120/><W20/><G121/><T72/><D72/><U124/><E0/><V50/><F38/><W116/><G116/><T129/><D129/><U33/><E119/><V14/><F126/><W81/><G10/><T117/><D117/><U4/><E124/><V1/><F1/><W9/><G9/><T49/><D21/><N who="1" m="13743" /><E4/><V122/><F122/><W97/><G135/><T63/><D77/><U112/><E112/><V127/><F127/><W35/><G35/><T103/><D103/><U25/><E78/><V60/><F29/><W73/><G73/><T5/><D5/><U31/><E65/><V32/><F32/><W18/><G71/><T41/><REACH who="0" step="1"/><D101/><REACH who="0" ten="161,350,151,328" step="2"/><U104/><E89/><V100/><F90/><W64/><G22/><T91/><D91/><U30/><E33/><V130/><F100/><W92/><G131/><T128/><D128/><U99/><E104/><V123/><F23/><W134/><G134/><T84/><D84/><U46/><E99/><V6/><F87/><W68/><G97/><T56/><D56/><U19/><E111/><V3/><F130/><W69/><G69/><T83/><D83/><U67/><E108/><V61/><F110/><W113/><G70/><T82/><D82/><U109/><E109/><V74/><F74/><W16/><G68/><T106/><D106/><U66/><E44/><N who="2" m="25879" /><F123/><W36/><G81/><T75/><D75/><U94/><E94/><V28/><F133/><W102/><G102/><T54/><AGARI ba="0,1" hai="41,47,49,51,54,55,57,59,63,85,86,88,95,98" machi="54" ten="20,8000,1" yaku="1,1,0,1,7,1,8,1,54,1,53,0" doraHai="12" doraHaiUra="8" who="0" fromWho="0" sc="161,90,350,-20,151,-40,328,-20" /><INIT seed="3,0,0,0,5,25" ten="251,330,111,308" oya="3" hai0="112,120,73,131,93,40,108,42,113,33,44,97,23" hai1="63,31,96,0,82,48,111,92,36,53,64,127,77" hai2="121,110,75,60,72,129,130,66,76,128,68,61,51" hai3="54,43,106,9,2,67,90,37,115,41,89,83,126"/><W28/><G106/><T119/><D33/><U71/><E111/><V58/><F76/><W101/><G101/><T117/><D73/><U123/><E0/><V20/><F75/><W122/><G122/><T38/><D120/><U107/><E36/><V39/><F72/><W109/><G67/><T105/><D105/><U74/><E127/><V11/><F121/><W95/><G37/><T8/><D108/><U104/><E123/><V3/><F39/><W45/><G115/><N who="0" m="44107" /><D42/><U98/><E98/><V116/><F110/><W78/><G78/><T12/><D23/><U55/><E53/><V132/><F116/><W84/><G126/><T103/><D131/><U30/><E107/><V56/><F20/><W27/><G109/><T80/><D80/><U102/><REACH who="1" step="1"/><E104/><REACH who="1" ten="251,320,111,308" step="2"/><V70/><F3/><W57/><G2/><T46/><D46/><AGARI ba="0,1" hai="30,31,46,48,55,63,64,71,74,77,82,92,96,102" machi="46" ten="30,8000,1" yaku="1,1,2,1,7,1,52,2,53,0" doraHai="25" doraHaiUra="81" who="1" fromWho="0" sc="251,-80,320,90,111,0,308,0" /><INIT seed="4,0,0,2,5,86" ten="171,410,111,308" oya="0" hai0="90,65,1,13,21,102,28,4,85,98,19,78,11" hai1="32,69,117,92,133,110,63,107,44,95,129,23,93" hai2="15,59,49,120,80,97,9,29,12,6,134,20,51" hai3="17,104,79,39,123,76,47,74,112,96,105,42,2"/><T106/><D65/><U132/><E117/><V121/><F134/><N who="1" m="51817" /><E32/><V40/><F121/><W30/><G123/><T18/><D78/><U8/><E110/><V62/><F120/><W0/><G112/><T99/><D28/><U119/><E119/><V126/><F126/><W122/><G122/><T50/><D50/><U113/><E129/><V14/><F40/><W115/><G115/><T3/><D99/><U114/><E107/><V116/><F116/><W53/><G17/><T61/><D61/><U52/><E23/><V72/><F72/><W77/><G74/><T33/><D33/><U83/><E83/><V22/><F80/><W37/><G37/><T75/><D75/><U103/><E103/><V26/><F97/><W127/><G127/><T128/><D19/><U10/><E69/><V91/><F91/><W5/><G30/><T16/><D18/><U27/><E27/><V25/><F51/><W108/><G108/><T94/><REACH who="0" step="1"/><D128/><REACH who="0" ten="161,410,111,308" step="2"/><U82/><E113/><V125/><F49/><W135/><G135/><T66/><D66/><U73/><E114/><V24/><F125/><W41/><G96/><T87/><D87/><U68/><E63/><V36/><F36/><W55/><G77/><T56/><D56/><U57/><E68/><V109/><F109/><W118/><G39/><T130/><D130/><U45/><E57/><V58/><F58/><W46/><G118/><T7/><D7/><AGARI ba="0,1" hai="0,2,5,7,41,42,46,47,53,55,76,79,104,105" machi="7" ten="25,1600,0" yaku="22,2" doraHai="86" who="3" fromWho="0" sc="161,-16,410,0,111,0,308,26" /><INIT seed="5,0,0,2,1,14" ten="145,410,111,334" oya="1" hai0="58,52,32,18,19,64,51,112,116,48,83,7,28" hai1="93,90,44,16,66,1,113,104,73,78,124,61,6" hai2="74,109,22,46,102,5,62,17,53,72,110,117,49" hai3="99,118,20,50,114,35,13,103,85,71,115,12,33"/><U81/><E124/><V2/><F117/><W86/><G71/><T25/><D116/><U87/><E113/><N who="3" m="43018" /><G118/><T125/><D112/><U26/><E104/><V63/><F102/><W91/><G50/><T131/><D125/><U76/><E76/><V134/><F134/><W60/><G60/><T135/><D135/><U37/><E26/><V84/><F63/><W8/><G20/><N who="0" m="15399" /><D64/><U70/><E6/><V0/><F84/><N who="3" m="32363" /><G91/><T31/><D32/><N who="3" m="12361" /><G8/><T132/><D132/><U133/><E1/><V4/><F62/><W98/><G98/><T24/><D131/><U39/><E133/><V97/><F97/><W79/><G79/><T10/><D83/><U23/><E44/><V96/><F96/><W43/><G43/><T127/><D127/><U67/><E66/><V56/><F46/><W27/><G27/><T101/><D101/><U107/><E107/><AGARI ba="0,0" hai="12,13,99,103,107" m="12361,32363,43018" machi="107" ten="30,1000,0" yaku="15,1" doraHai="14" who="3" fromWho="1" sc="145,0,410,-10,111,0,334,10" /><INIT seed="6,0,0,0,4,102" ten="145,400,111,344" oya="2" hai0="39,38,23,58,123,19,8,77,89,1,69,70,62" hai1="120,45,90,124,125,56,82,126,6,41,121,51,104" hai2="22,106,86,55,42,32,60,93,107,30,128,66,97" hai3="3,10,134,54,18,78,59,0,34,24,73,15,46"/><V132/><F32/><W72/><G134/><T105/><D123/><N who="1" m="47179" /><E6/><V135/><F55/><W91/><G46/><T92/><D77/><U133/><E56/><N who="2" m="37127" /><F86/><W74/><G78/><T71/><D105/><N who="2" m="39946" /><F42/><W118/><G118/><T49/><D49/><U33/><E104/><V35/><F35/><W129/><G91/><T88/><D8/><U61/><E33/><V53/><F53/><W75/><G75/><T26/><D1/><U12/><E61/><V85/><F85/><W83/><G83/><T76/><D76/><U7/><E82/><V17/><F17/><W43/><G43/><T122/><D122/><U14/><E90/><V115/><F115/><W79/><G79/><T52/><REACH who="0" step="1"/><D89/><REACH who="0" ten="135,400,111,344" step="2"/><U20/><E133/><N who="2" m="51275" /><F128/><W50/><G129/><T101/><D101/><U40/><E125/><V63/><F63/><W100/><G100/><T94/><D94/><U117/><E126/><V116/><F116/><W47/><G73/><T25/><D25/><U108/><E124/><V68/><F68/><W111/><G74/><T109/><D109/><U57/><E108/><V21/><F30/><W110/><G72/><T36/><D36/><U13/><E117/><V65/><F65/><W64/><G111/><T67/><D67/><U44/><E40/><V2/><F2/><W103/><G110/><T37/><D37/><U114/><E114/><V16/><F16/><W96/><G64/><T5/><D5/><U130/><E7/><V98/><F93/><W95/><G0/><T9/><D9/><U11/><E11/><V119/><F119/><W31/><G3/><T80/><D80/><RYUUKYOKU ba="0,1" sc="135,10,400,-30,111,10,344,10" hai0="19,23,26,38,39,52,58,62,69,70,71,88,92" hai2="21,22,97,98" hai3="10,15,18,24,31,34,47,50,54,59,95,96,103" /><INIT seed="6,1,1,2,1,57" ten="145,370,121,354" oya="2" hai0="121,17,16,116,19,71,73,80,125,4,100,76,66" hai1="72,110,31,48,49,45,14,35,81,99,20,90,21" hai2="134,37,92,55,118,84,78,13,86,33,44,120,43" hai3="50,114,107,85,74,95,135,34,1,129,96,8,69"/><V127/><F118/><W26/><G74/><T24/><D121/><U128/><E110/><V12/><F120/><W64/><G85/><T42/><D4/><U119/><E119/><V2/><F2/><W126/><G95/><T18/><D116/><U62/><E128/><V60/><F33/><W104/><G50/><T102/><D125/><U124/><E35/><V6/><F127/><W27/><G27/><T58/><D71/><U7/><E124/><V10/><F134/><W38/><G38/><T132/><D42/><U67/><E72/><V70/><F86/><W65/><G65/><T11/><D132/><U103/><E48/><V29/><F29/><N who="3" m="19767" /><G129/><T87/><D73/><U23/><E81/><V5/><F55/><W52/><G52/><T53/><D66/><U25/><E90/><V113/><F113/><W40/><G40/><T51/><REACH who="0" step="1"/><D24/><REACH who="0" ten="135,370,121,354" step="2"/><U0/><E7/><V9/><F70/><W109/><G64/><T108/><D108/><U105/><E0/><V77/><F60/><W106/><G69/><T61/><D61/><U59/><E14/><AGARI ba="1,2" hai="11,14,16,17,18,19,51,53,58,76,80,87,100,102" machi="14" ten="40,8000,1" yaku="1,1,8,1,54,1,53,1" doraHai="57" doraHaiUra="83" who="0" fromWho="1" sc="135,103,370,-83,121,0,354,0" /><INIT seed="7,0,0,3,5,25" ten="238,287,121,354" oya="3" hai0="42,24,116,121,95,83,73,20,134,1,38,130,110" hai1="0,53,43,35,23,77,16,79,18,7,101,132,93" hai2="61,124,135,58,125,45,88,86,41,98,22,37,128" hai3="85,112,19,133,48,117,12,54,39,75,111,30,74"/><W118/><G39/><T29/><D121/><U96/><E132/><V99/><F135/><W68/><G68/><T4/><D134/><U120/><E120/><V2/><F2/><W80/><G112/><T100/><D116/><U15/><E35/><V63/><F128/><W102/><G102/><T108/><D130/><U13/><E7/><V90/><F37/><W113/><G113/><T129/><D129/><U70/><E70/><V59/><F45/><W89/><G111/><T21/><D100/><U10/><E0/><V69/><F69/><W55/><G55/><T33/><D95/><U105/><E43/><V8/><F22/><W78/><G133/><T72/><D21/><U40/><E40/><V14/><F14/><W62/><G62/><T5/><D5/><U56/><REACH who="1" step="1"/><E105/><REACH who="1" ten="238,277,121,354" step="2"/><V131/><F131/><W6/><G6/><T119/><D119/><U67/><E67/><V122/><F41/><W82/><G118/><T92/><D33/><U51/><AGARI ba="0,1" hai="10,13,15,16,18,23,51,53,56,77,79,93,96,101" machi="51" ten="20,8000,1" yaku="1,1,0,1,7,1,8,1,54,1,53,0" doraHai="25" doraHaiUra="87" who="1" fromWho="1" sc="238,-20,277,90,121,-20,354,-40" owari="218,-18.0,367,47.0,101,-40.0,314,11.0" /></mjloggm>