<mjloggm ver="2.3"><GO type="169" lobby="0"/><UN n0="%E9%B4%A8%E8%91%B1%E5%A4%AA%E9%83%8E" n1="%E3%82%8F%E3%81%9F%E3%81%B4%E3%82%93" n2="%E3%81%8B%E3%81%8B%E3%81%8B%E3%81%8B" n3="%E3%81%AF%E3%82%8B%E3%81%AB%E3%82%83%E3%82%80" dan="17,17,16,16" rate="2164.61,2259.18,2096.74,2102.91" sx="M,M,M,M"/><TAIKYOKU oya="0"/><INIT seed="0,0,0,2,2,59" ten="250,250,250,250" oya="0" hai0="112,11,109,128,116,103,56,30,121,122,98,33,51" hai1="92,66,21,91,85,49,88,60,5,72,34,44,6" hai2="82,105,84,74,96,107,28,134,125,90,95,31,99" hai3="8,86,47,40,68,46,104,37,48,23,135,65,41"/><T61/><D116/><U55/><E34/><V71/><F71/><W43/><G104/><N who="2" m="40009" /><F28/><W132/><G86/><T89/><D112/><U83/><E21/><V118/><F31/><W64/><G8/><T80/><D33/><U22/><E22/><V57/><F57/><W14/><G14/><T16/><D30/><U130/><E130/><V123/><F123/><W97/><G97/><N who="2" m="37449" /><F118/><W19/><G19/><T106/><D128/><U101/><E101/><V129/><F129/><W10/><G10/><T114/><D51/><U119/><E119/><V115/><F115/><W124/><G23/><T24/><D114/><U9/><E9/><V18/><F18/><W117/><G117/><T26/><D26/><U15/><E15/><V62/><F62/><N who="3" m="39959" /><G41/><T25/><D25/><U42/><E42/><V110/><F74/><W50/><G65/><T70/><D24/><U75/><E75/><V111/><F95/><W113/><G113/><T78/><D16/><U2/><E72/><V126/><F134/><N who="3" m="51243" /><G48/><T93/><D11/><U94/><E2/><V69/><F69/><W120/><G120/><T39/><D70/><U7/><REACH who="1" step="1"/><E91/><REACH who="1" ten="250,240,250,250" step="2"/><V54/><F90/><W73/><G73/><T38/><D89/><U133/><E133/><V32/><F32/><W79/><G79/><T63/><D78/><U58/><AGARI ba="0,1" hai="5,6,7,44,49,55,58,60,66,83,85,88,92,94" machi="58" ten="30,8000,1" yaku="1,1,0,1,8,1,52,1,54,1,53,0" doraHai="59" doraHaiUra="4" who="1" fromWho="1" sc="250,-40,240,90,250,-20,250,-20" /><INIT seed="1,0,0,4,4,4" ten="210,330,230,230" oya="1" hai0="40,6,38,20,107,60,106,104,72,81,9,123,45" hai1="5,92,50,63,34,135,25,15,54,88,8,134,102" hai2="26,91,11,93,103,35,117,89,33,133,16,86,64" hai3="10,29,3,129,113,97,22,78,132,68,96,110,79"/><U77/><E77/><V43/><F117/><W73/><G113/><T105/><D20/><U83/><E83/><V0/><F103/><W126/><G68/><T84/><D123/><U85/><E102/><V98/><F133/><N who="1" m="50697" /><E63/><V61/><F43/><W65/><G65/><T66/><N who="0" m="26624" /><DORA hai="58" /><T118/><D118/><U51/><E54/><V62/><F0/><W52/><G79/><T37/><D37/><U125/><E125/><V32/><F64/><W41/><G78/><T23/><D23/><U122/><E122/><V56/><F56/><W2/><G22/><T57/><D72/><U74/><E74/><V39/><F39/><W59/><G59/><T99/><D99/><U24/><E24/><V42/><F42/><W31/><G97/><T75/><D75/><U12/><E12/><V71/><F26/><W82/><G41/><T90/><D38/><U100/><E100/><V108/><F71/><W128/><G96/><T17/><D40/><U47/><E47/><V124/><F124/><W120/><G73/><T111/><D45/><U48/><E48/><V130/><F130/><W109/><G126/><T36/><D36/><U70/><E70/><V114/><F114/><W116/><G120/><T19/><REACH who="0" step="1"/><D111/><REACH who="0" ten="200,330,230,230" step="2"/><U13/><E13/><AGARI ba="0,1" hai="6,9,13,17,19,57,60,66,81,84,90" m="26624" machi="13" ten="70,8000,1" yaku="1,1,2,1,52,2,53,0" doraHai="4,58" doraHaiUra="131,21" who="0" fromWho="1" sc="200,90,330,-80,230,0,230,0" /><INIT seed="2,0,0,1,0,20" ten="290,250,230,230" oya="2" hai0="46,39,107,120,51,130,13,16,100,91,124,101,121" hai1="79,127,44,43,57,132,95,129,81,64,48,84,112" hai2="28,128,4,12,37,78,104,55,94,110,24,69,73" hai3="88,9,68,113,6,0,53,25,22,97,89,18,117"/><V31/><F104/><W98/><G117/><T114/><D39/><U105/><E112/><V123/><F123/><W86/><G113/><T87/><D114/><U19/><E105/><V17/><F69/><W103/><G68/><T102/><D107/><U122/><E122/><V62/><F37/><W34/><G103/><T99/><D124/><U23/><E127/><V3/><F3/><W42/><G42/><T36/><D36/><U11/><E129/><V15/><F73/><W54/><G34/><T8/><D99/><U7/><E132/><V50/><F78/><W134/><G134/><T60/><D60/><U133/><E133/><V106/><F62/><W126/><G126/><T47/><D47/><U83/><E95/><V125/><F106/><W41/><G41/><T32/><D32/><U33/><E33/><V82/><F82/><W21/><G21/><T75/><D75/><U85/><E57/><V72/><F72/><W30/><G30/><T40/><REACH who="0" step="1"/><D130/><REACH who="0" ten="280,250,230,230" step="2"/><U71/><E44/><V58/><F128/><W5/><G98/><T131/><D131/><U67/><E84/><V29/><F125/><W59/><G97/><T119/><D119/><U111/><E85/><V74/><F74/><W1/><G86/><T116/><D116/><U66/><E79/><V49/><F49/><W92/><G59/><T93/><AGARI ba="0,1" hai="8,13,16,40,46,51,87,91,93,100,101,102,120,121" machi="93" ten="30,4000,0" yaku="1,1,0,1,54,1,53,0" doraHai="20" doraHaiUra="135" who="0" fromWho="0" sc="280,50,250,-10,230,-20,230,-10" /><INIT seed="3,0,0,0,5,130" ten="330,240,210,220" oya="3" hai0="129,36,114,6,96,135,88,40,76,122,16,45,108" hai1="101,63,49,116,87,121,92,58,83,52,54,30,97" hai2="13,93,126,23,57,70,20,48,62,80,77,35,94" hai3="17,113,39,68,51,69,12,103,18,53,21,123,4"/><W3/><G113/><T131/><D122/><U133/><E133/><V132/><F35/><W73/><G123/><T128/><D135/><U95/><E121/><V42/><F70/><W109/><G39/><T14/><D6/><U29/><E116/><V2/><F2/><W72/><G103/><T59/><D76/><U71/><E92/><V82/><F126/><W107/><G107/><T67/><D108/><U32/><E32/><V111/><F111/><W1/><G109/><T56/><D67/><U46/><REACH who="1" step="1"/><E71/><REACH who="1" ten="330,230,210,220" step="2"/><V119/><F94/><W7/><G68/><T65/><D114/><U47/><E47/><V43/><F119/><W98/><G69/><T38/><D59/><U22/><E22/><V28/><F20/><W104/><G104/><T110/><D110/><U61/><E61/><V105/><F57/><W5/><G21/><T85/><D56/><U91/><AGARI ba="0,1" hai="29,30,46,49,52,54,58,63,83,87,91,95,97,101" machi="91" ten="20,8000,1" yaku="1,1,0,1,7,1,8,1,54,1,53,0" doraHai="130" doraHaiUra="106" who="1" fromWho="1" sc="330,-20,230,90,210,-20,220,-40" /><INIT seed="4,0,0,5,5,36" ten="310,320,190,180" oya="0" hai0="48,55,26,22,43,49,123,94,84,83,116,91,56" hai1="131,130,46,119,16,72,73,51,107,66,122,50,132" hai2="79,106,115,112,71,15,13,135,76,97,99,105,81" hai3="34,44,1,65,127,121,89,114,110,96,17,74,59"/><T14/><D116/><U86/><E119/><V120/><F71/><W52/><G110/><T102/><D123/><U77/><E122/><V27/><F120/><W63/><G121/><T31/><D14/><U57/><E107/><V129/><F27/><W125/><G114/><T108/><D108/><U30/><E30/><V23/><F81/><W90/><G74/><T118/><D118/><U128/><E132/><V12/><F12/><W24/><G1/><T133/><D133/><U64/><E86/><V3/><F135/><W39/><G34/><T5/><D5/><U38/><E16/><V111/><F111/><W28/><G28/><T32/><D32/><U11/><E11/><V124/><F124/><N who="3" m="47691" /><G96/><T6/><D6/><U69/><E69/><V29/><F29/><W70/><G17/><T93/><D102/><U41/><E77/><V80/><F80/><W58/><G24/><T67/><D67/><N who="1" m="25643" /><E57/><N who="3" m="21514" /><G39/><T0/><D0/><U40/><E38/><V33/><F3/><W2/><G2/><T103/><D103/><U109/><E109/><V87/><F33/><W45/><G45/><AGARI ba="0,0" hai="22,26,31,43,45,48,49,55,56,83,84,91,93,94" machi="45" ten="40,3900,0" yaku="8,1,52,1" doraHai="36" who="0" fromWho="3" sc="310,39,320,0,190,0,180,-39" /><AGARI ba="0,0" hai="40,41,45,46,50,51,72,73,128,130,131" m="25643" machi="45" ten="40,5200,0" yaku="19,1,52,2" doraHai="36" who="1" fromWho="3" sc="349,0,320,52,190,0,141,-52" /><INIT seed="4,1,0,2,3,91" ten="349,372,190,89" oya="0" hai0="14,47,116,16,39,88,21,90,122,126,13,87,1" hai1="29,114,35,121,24,34,61,5,26,50,38,96,60" hai2="81,103,82,132,54,124,93,23,49,92,112,3,36" hai3="77,59,130,80,125,18,111,19,71,78,58,98,32"/><T55/><D1/><U31/><E121/><V8/><F36/><W100/><G111/><T20/><D122/><U37/><E5/><V135/><F112/><W15/><G71/><T86/><D116/><U66/><E114/><V0/><F124/><W134/><G125/><T70/><D70/><U118/><E50/><V117/><F117/><W30/><G130/><T109/><D109/><U65/><E96/><V7/><F0/><W64/><G134/><N who="2" m="51241" /><F103/><W62/><G32/><T74/><D74/><U75/><E118/><V115/><F115/><W22/><G58/><T2/><D2/><U84/><E84/><N who="0" m="32297" /><D39/><U79/><REACH who="1" step="1"/><E79/><REACH who="1" ten="349,362,190,89" step="2"/><V73/><F73/><AGARI ba="1,1" hai="24,26,29,31,34,35,37,38,60,61,65,66,73,75" machi="73" ten="25,12000,2" yaku="1,1,2,1,22,2,53,2" doraHai="91" doraHaiUra="68" who="1" fromWho="2" sc="349,0,362,133,190,-123,89,0" /><INIT seed="5,0,0,0,5,21" ten="349,495,67,89" oya="1" hai0="94,80,133,34,101,118,70,108,59,116,117,19,83" hai1="107,2,76,125,7,16,3,43,24,25,9,66,89" hai2="86,78,54,50,81,103,120,82,73,29,31,38,88" hai3="99,115,127,123,67,129,74,63,18,47,134,126,111"/><U109/><E107/><V13/><F38/><W20/><G123/><T1/><D70/><U79/><E43/><V23/><F120/><W46/><G74/><T33/><D1/><N who="1" m="239" /><E66/><V77/><F103/><W135/><G99/><T65/><D101/><U95/><E95/><V113/><F113/><W121/><G121/><T57/><D94/><U124/><E89/><V51/><F51/><W49/><G111/><T71/><D108/><U64/><E64/><V27/><F13/><W36/><G115/><T56/><D71/><U55/><E55/><V5/><F5/><W44/><G36/><T93/><D93/><U75/><E109/><V39/><F39/><W10/><G10/><T60/><D65/><U42/><E42/><V100/><F100/><W112/><G112/><T97/><D60/><U132/><E75/><V122/><F122/><W17/><G49/><T105/><D97/><U131/><E79/><V106/><F77/><W104/><G104/><T58/><D105/><U119/><E76/><V96/><F106/><W130/><G63/><T114/><D114/><U4/><E2/><V48/><F96/><W102/><G67/><T15/><D133/><N who="3" m="50697" /><G102/><T45/><D45/><U32/><E132/><V14/><F14/><N who="3" m="9271" /><G18/><T53/><D53/><U84/><E84/><V11/><F11/><W22/><G44/><T110/><N who="0" m="14336" /><DORA hai="52" /><T37/><D37/><U62/><E62/><V92/><F31/><W128/><G46/><T85/><D110/><U91/><E3/><V41/><F41/><W35/><G47/><T98/><D98/><U72/><E72/><N who="2" m="43207" /><F54/><W30/><G129/><RYUUKYOKU ba="0,0" sc="349,-10,495,-10,67,30,89,-10" hai2="23,27,29,48,50,73,82,86,88,92" /><INIT seed="6,1,0,1,5,81" ten="339,485,97,79" oya="2" hai0="132,61,91,30,113,10,93,133,18,25,78,16,96" hai1="24,102,1,45,67,3,111,115,84,8,79,71,95" hai2="17,114,54,76,33,40,52,118,107,20,50,55,6" hai3="29,100,112,35,43,13,2,63,109,75,134,88,59"/><V92/><F107/><W7/><G109/><T38/><D38/><U62/><E111/><V4/><F33/><W123/><G123/><T41/><D41/><U129/><E8/><V60/><F118/><W49/><G2/><T82/><D113/><U5/><E5/><N who="2" m="2155" /><F114/><W83/><G112/><T11/><D61/><U77/><E24/><V22/><F76/><W58/><G134/><N who="0" m="51819" /><D10/><U0/><E77/><V122/><F122/><W28/><G100/><T97/><D97/><U127/><E79/><V42/><F20/><W14/><G75/><T34/><D11/><U86/><E127/><V101/><F60/><W98/><G35/><T27/><D25/><U57/><E3/><V120/><F120/><W44/><G7/><T68/><D68/><U103/><E62/><V32/><F50/><W90/><G63/><T66/><D66/><U94/><E67/><V119/><F119/><W26/><G26/><T9/><D9/><U108/><E108/><V39/><F39/><W125/><G125/><T80/><D80/><U121/><E121/><V46/><F46/><W126/><G126/><T128/><D128/><U12/><E45/><V105/><F32/><W72/><G44/><T117/><D117/><U130/><E115/><V69/><F69/><W70/><G70/><T116/><D116/><U65/><E71/><V56/><F56/><W73/><G49/><T51/><D51/><U87/><E57/><V89/><F22/><W124/><G124/><T19/><D19/><U131/><E1/><V53/><N who="2" m="13312" /><DORA hai="31" /><V64/><F64/><W37/><G37/><T23/><D34/><RYUUKYOKU ba="1,0" sc="339,30,485,-10,97,-10,79,-10" hai0="16,18,23,27,30,78,82,91,93,96" /><INIT seed="7,2,0,3,3,38" ten="369,475,87,69" oya="3" hai0="50,74,2,49,63,127,37,56,24,58,32,20,81" hai1="90,97,113,45,31,57,107,42,5,13,54,110,116" hai2="70,108,7,34,112,135,14,124,27,1,128,19,4" hai3="121,98,80,65,89,118,134,129,9,66,93,68,47"/><W115/><G121/><T33/><D2/><U94/><E113/><V40/><F70/><W15/><G118/><T103/><D37/><U46/><E110/><V101/><F108/><W87/><G115/><T44/><D74/><U64/><E107/><V53/><F112/><W114/><G114/><T51/><D81/><U106/><E106/><V69/><F69/><W72/><G129/><T17/><D103/><U10/><E116/><V30/><F124/><W125/><G125/><T48/><D127/><U88/><E31/><V77/><F135/><W6/><G134/><T96/><D96/><N who="1" m="57415" /><E42/><V59/><F101/><W39/><G68/><T60/><D33/><U35/><E64/><V8/><F128/><W61/><G72/><T82/><D32/><U122/><E35/><V71/><F71/><W21/><G61/><T99/><D99/><U73/><E73/><V105/><F105/><W120/><G120/><T26/><D82/><U109/><E109/><V85/><F40/><W91/><REACH who="3" step="1"/><G21/><REACH who="3" ten="369,475,87,59" step="2"/><T102/><D60/><N who="1" m="35895" /><E122/><V126/><F126/><W11/><G11/><T16/><D63/><U12/><E10/><V79/><F4/><W22/><G22/><T0/><D56/><U130/><E5/><V123/><F123/><W23/><G23/><N who="0" m="13415" /><D58/><U43/><E130/><V100/><F7/><W18/><G18/><T111/><D111/><U67/><E67/><V3/><F59/><W75/><G75/><T119/><D119/><U78/><E12/><V95/><F1/><W84/><G84/><T132/><N who="0" m="12288" /><DORA hai="131" /><T92/><D20/><U133/><E133/><V52/><F3/><RYUUKYOKU ba="2,1" sc="369,-10,475,-10,87,-10,59,30" hai3="6,9,15,39,47,65,66,80,87,89,91,93,98" /><INIT seed="7,3,1,2,2,65" ten="359,465,77,89" oya="3" hai0="15,51,102,127,71,5,41,0,28,35,2,3,100" hai1="34,128,67,120,101,32,69,115,98,85,77,134,91" hai2="72,48,16,106,8,75,22,19,125,123,27,103,131" hai3="66,88,43,37,36,7,9,78,6,23,44,83,46"/><W122/><G122/><T76/><D76/><U90/><E128/><V42/><F123/><W56/><G23/><T84/><D84/><U116/><E115/><V119/><F119/><W93/><G66/><T62/><D127/><U82/><E134/><V26/><F125/><W86/><G56/><T49/><D28/><U53/><E120/><V63/><F131/><W21/><G21/><T31/><D31/><U112/><E112/><V130/><F130/><W50/><G44/><T110/><D35/><U74/><E91/><V20/><F63/><W117/><G117/><T108/><D5/><U54/><E69/><V10/><F106/><W61/><G61/><T73/><D15/><U25/><E67/><V79/><F103/><W70/><G70/><T121/><D41/><U111/><E34/><V135/><F135/><W109/><G109/><T39/><D39/><U1/><E111/><V12/><F79/><W96/><G6/><T99/><D99/><U33/><E33/><V18/><F8/><W52/><REACH who="3" step="1"/><G43/><REACH who="3" ten="359,465,77,79" step="2"/><T14/><D108/><U47/><E116/><V30/><F30/><W45/><G45/><AGARI ba="3,2" hai="10,12,16,18,19,20,22,26,27,42,45,48,72,75" machi="45" ten="40,2600,0" yaku="9,1,54,1" doraHai="65" who="2" fromWho="3" sc="359,0,465,0,77,55,79,-35" owari="359,16.0,465,57.0,132,-27.0,44,-46.0" /></mjloggm>