<mjloggm ver="2.3"><GO type="185" lobby="0"/><UN n0="%72%61%73%62%65%72%72%79" n1="%E3%81%BE%E3%82%8D%E3%81%AB%E3%81%84" n2="%E3%82%86%E3%81%8D%E3%81%86%E3%81%95%E3%81%8E%E2%98%86" n3="" dan="17,16,16,0" rate="2281.22,2076.96,2169.32,1500.00" sx="F,M,F,C"/><TAIKYOKU oya="0"/><INIT seed="0,0,0,0,2,36" ten="350,350,350,0" oya="0" hai0="102,56,59,65,67,94,103,72,2,53,48,80,95" hai1="90,37,122,106,63,133,41,61,132,38,42,39,34" hai2="32,49,100,40,105,115,110,74,135,131,124,69,121" hai3=""/><T76/><D2/><U66/><N who="1" m="31264" /><U104/><E34/><V1/><F100/><T101/><D95/><U127/><E90/><V97/><F97/><T117/><D117/><U60/><E66/><V107/><F49/><T111/><D111/><U85/><E85/><V79/><F40/><N who="1" m="15465" /><E127/><V88/><F79/><T73/><D73/><U45/><E45/><V108/><F88/><T128/><D94/><U75/><E75/><V91/><F91/><T64/><REACH who="0" step="1"/><D128/><REACH who="0" ten="340,350,350,0" step="2"/><U119/><E119/><V118/><F110/><T47/><AGARI ba="0,1" hai="47,48,53,56,59,64,65,67,72,76,80,101,102,103" machi="47" ten="30,4000,0" yaku="1,1,2,1,0,1,53,0" doraHai="36" doraHaiUra="84" who="0" fromWho="0" sc="340,50,350,-20,350,-20,0,0" /><INIT seed="0,1,0,0,0,62" ten="390,330,330,0" oya="0" hai0="124,55,125,77,88,3,117,78,58,34,65,93,83" hai1="127,103,89,99,59,109,69,37,123,42,94,40,79" hai2="35,121,135,68,104,111,75,82,87,48,76,98,118" hai3=""/><T129/><D117/><U84/><N who="1" m="31520" /><U119/><E119/><V71/><N who="2" m="31008" /><V96/><F35/><T106/><D106/><U38/><E69/><V60/><F118/><T132/><D3/><U86/><E127/><N who="0" m="48713" /><D34/><U63/><E109/><V112/><F111/><T43/><D43/><U92/><E38/><V134/><F112/><T70/><D129/><U116/><E37/><V57/><F48/><T66/><D70/><U53/><E116/><V0/><F68/><T72/><D78/><U49/><E49/><V67/><F0/><T85/><D132/><N who="2" m="50730" /><F104/><T74/><D74/><U1/><E1/><V95/><F71/><T61/><AGARI ba="1,0" hai="55,58,61,65,66,72,77,83,85,88,93" m="48713" machi="61" ten="30,7800,0" yaku="18,1,52,2,54,1" doraHai="62" who="0" fromWho="0" sc="390,80,330,-40,330,-40,0,0" /><INIT seed="0,2,0,4,4,82" ten="470,290,290,0" oya="0" hai0="112,91,65,76,106,42,96,104,64,133,118,119,1" hai1="90,101,129,52,123,59,48,33,79,105,88,35,89" hai2="92,44,66,71,121,111,58,98,40,62,84,83,102" hai3=""/><T2/><D112/><U69/><N who="1" m="31520" /><U72/><E69/><V46/><N who="2" m="31008" /><V103/><F111/><T125/><D133/><U113/><E113/><V45/><F102/><T75/><D125/><U53/><E129/><V78/><REACH who="2" step="1"/><F71/><REACH who="2" ten="470,290,280,0" step="2"/><T81/><D2/><U67/><E101/><V51/><AGARI ba="2,1" hai="40,44,45,46,51,58,62,66,78,83,84,92,98,103" m="31008" machi="51" ten="20,12000,3" yaku="1,1,2,1,0,1,7,1,8,1,52,2,53,1" doraHai="82" doraHaiUra="74" who="2" fromWho="2" sc="470,-82,290,-42,280,134,0,0" /><INIT seed="1,0,0,5,3,99" ten="388,248,414,0" oya="1" hai0="79,106,98,133,47,124,41,107,34,128,1,54,52" hai1="112,44,0,67,45,88,33,61,50,125,123,58,53" hai2="132,68,62,38,40,75,85,77,69,87,73,35,118" hai3=""/><U104/><N who="1" m="31520" /><U74/><E0/><V78/><F35/><T115/><D115/><U49/><E33/><V71/><F118/><T92/><D34/><U94/><E74/><V32/><F32/><T113/><D113/><U100/><E112/><V81/><F132/><T135/><D1/><U70/><E125/><V114/><F114/><T64/><D124/><U39/><E39/><V96/><F62/><T110/><D64/><U86/><REACH who="1" step="1"/><E50/><REACH who="1" ten="388,238,414,0" step="2"/><V36/><F36/><T108/><D135/><U76/><E76/><V111/><F78/><T93/><D133/><U101/><E101/><V82/><F77/><T102/><D79/><U80/><E80/><V46/><F81/><T72/><D72/><U60/><E60/><V43/><F82/><T97/><D102/><U109/><E109/><V105/><F111/><T120/><D110/><U83/><E83/><V95/><F73/><T51/><D108/><U127/><E127/><V63/><F75/><T2/><D2/><U129/><E129/><V48/><F63/><T84/><D128/><U117/><E117/><V89/><F48/><T66/><D51/><U56/><E56/><V116/><F38/><T90/><D120/><U55/><E55/><V121/><F121/><T42/><D54/><RYUUKYOKU ba="0,1" sc="388,-10,238,20,414,-10,0,0" hai1="44,45,49,53,58,61,67,70,86,88,94,100,104" /><INIT seed="1,1,1,3,0,73" ten="378,258,404,0" oya="1" hai0="98,78,90,65,89,77,51,41,110,43,55,47,34" hai1="87,42,83,125,52,38,130,37,95,102,114,40,103" hai2="3,79,75,68,32,59,107,63,2,74,80,109,81" hai3=""/><U1/><E114/><V82/><F109/><T53/><D110/><U69/><E1/><V61/><F32/><T108/><D108/><U93/><E69/><V135/><F135/><T126/><D34/><U35/><E35/><V104/><F68/><T56/><D126/><U129/><E125/><V127/><F127/><T44/><D65/><U91/><E38/><V92/><F92/><T106/><D106/><U86/><E37/><V123/><N who="2" m="31520" /><V94/><F94/><T100/><D100/><U101/><E52/><V62/><F59/><T99/><D56/><U60/><E60/><V57/><F57/><T67/><D67/><U112/><E112/><V122/><N who="2" m="31264" /><V116/><F116/><T134/><REACH who="0" step="1"/><D51/><REACH who="0" ten="368,258,404,0" step="2"/><U49/><E49/><V48/><F48/><T54/><D54/><U85/><E42/><V115/><F2/><T132/><AGARI ba="1,2" hai="41,43,44,47,53,55,77,78,89,90,98,99,132,134" machi="132" ten="25,9000,2" yaku="1,1,0,1,22,2,52,2,53,0" doraHai="73" doraHaiUra="96" who="0" fromWho="0" sc="368,112,258,-61,404,-31,0,0" /><INIT seed="2,0,0,3,1,65" ten="480,197,373,0" oya="2" hai0="81,91,100,132,57,127,58,111,73,55,103,38,33" hai1="51,97,39,109,131,89,118,54,32,85,114,43,92" hai2="133,128,47,87,60,37,34,107,46,101,75,110,117" hai3=""/><V123/><RYUUKYOKU type="yao9" ba="0,0" sc="480,0,197,0,373,0,0,0" hai2="34,37,46,47,60,75,87,101,107,110,117,123,128,133" /><INIT seed="2,1,0,4,1,68" ten="480,197,373,0" oya="2" hai0="100,38,109,2,61,41,66,130,112,127,129,37,72" hai1="84,46,133,56,43,85,73,49,107,114,83,125,98" hai2="119,106,78,89,0,90,122,116,104,79,39,96,82" hai3=""/><V95/><N who="2" m="31264" /><V99/><F0/><T76/><D2/><U64/><E114/><V71/><F71/><T58/><D112/><U103/><E133/><V101/><F39/><N who="0" m="14858" /><D100/><U62/><E125/><V124/><F124/><T86/><D72/><U74/><REACH who="1" step="1"/><E85/><REACH who="1" ten="480,187,373,0" step="2"/><V54/><F79/><AGARI ba="1,1" hai="43,46,49,56,62,64,73,74,79,83,84,98,103,107" machi="79" ten="30,7700,0" yaku="1,1,2,1,7,1,53,1" doraHai="68" doraHaiUra="75" who="1" fromWho="2" sc="480,0,187,89,373,-79,0,0" /><INIT seed="4,0,0,3,0,103" ten="480,276,294,0" oya="0" hai0="39,125,102,44,108,41,38,37,107,53,48,2,81" hai1="73,80,66,114,90,82,104,52,33,64,77,126,68" hai2="55,83,43,89,119,49,124,63,61,116,111,134,118" hai3=""/><T1/><D125/><U117/><E33/><V112/><F124/><T115/><D115/><U133/><E126/><V135/><F89/><T71/><D71/><U100/><E117/><V75/><F111/><T69/><D69/><U132/><E68/><V47/><F83/><T40/><D108/><U70/><E70/><V79/><F79/><T99/><REACH who="0" step="1"/><D81/><REACH who="0" ten="470,276,294,0" step="2"/><U94/><E114/><V62/><F112/><T129/><D129/><U34/><E82/><V67/><F75/><T127/><D127/><U120/><N who="1" m="30752" /><U131/><E131/><V46/><REACH who="2" step="1"/><F67/><REACH who="2" ten="470,276,284,0" step="2"/><T65/><D65/><U60/><E66/><V45/><F45/><T35/><D35/><U86/><E34/><V113/><F113/><T0/><AGARI ba="0,2" hai="0,1,2,37,38,39,40,41,44,48,53,99,102,107" machi="0" ten="40,5200,0" yaku="1,1,0,1,52,1,53,0" doraHai="103" doraHaiUra="128" who="0" fromWho="0" sc="470,72,276,-26,284,-26,0,0" /><INIT seed="4,1,0,1,3,67" ten="542,250,258,0" oya="0" hai0="36,88,34,33,78,119,102,101,69,43,57,59,91" hai1="56,45,130,129,103,77,133,55,92,83,131,70,86" hai2="123,96,115,113,63,108,118,85,44,93,128,52,109" hai3=""/><T60/><D119/><U122/><N who="1" m="31264" /><U106/><E106/><V53/><N who="2" m="31520" /><V64/><F128/><T72/><D72/><U62/><E133/><V90/><F118/><T87/><D78/><U49/><E103/><V124/><F124/><T104/><D43/><U125/><E92/><V1/><F1/><T132/><D36/><U39/><E39/><V68/><F85/><T126/><D87/><U66/><REACH who="1" step="1"/><E125/><REACH who="1" ten="542,240,258,0" step="2"/><V100/><F100/><T2/><D126/><U134/><E134/><V65/><F108/><T37/><D37/><U58/><AGARI ba="1,1" hai="45,49,55,56,58,62,66,70,77,83,86,129,130,131" m="31264" machi="58" ten="40,9000,2" yaku="1,1,0,1,19,1,52,2,53,1" doraHai="67" doraHaiUra="47" who="1" fromWho="1" sc="542,-61,240,102,258,-31,0,0" /><INIT seed="5,0,0,4,4,81" ten="481,342,227,0" oya="1" hai0="79,49,83,122,60,62,53,135,3,68,112,57,52" hai1="72,36,95,117,50,51,33,85,96,2,119,43,75" hai2="94,88,54,110,111,0,35,66,129,38,98,133,67" hai3=""/><U84/><E2/><V1/><F35/><T118/><N who="0" m="31264" /><T123/><N who="0" m="31520" /><T97/><D3/><U70/><E70/><V76/><F0/><T128/><D112/><U106/><E33/><V93/><F1/><T80/><D135/><U107/><E36/><V63/><F133/><T105/><D128/><U99/><E95/><V74/><F129/><T40/><D40/><AGARI ba="0,0" hai="40,43,50,51,72,75,84,85,96,99,106,107,117,119" machi="40" ten="25,9600,0" yaku="22,2,52,2" doraHai="81" who="1" fromWho="0" sc="481,-96,342,96,227,0,0,0" /><INIT seed="5,1,0,1,3,115" ten="385,438,227,0" oya="1" hai0="45,128,122,75,109,95,100,55,58,133,77,117,65" hai1="102,38,93,92,52,39,90,47,42,79,124,57,81" hai2="76,71,2,49,110,91,101,125,84,130,83,85,134" hai3=""/><U40/><E124/><V106/><F2/><T43/><N who="0" m="31264" /><T68/><D109/><U3/><E3/><V59/><F71/><T62/><D133/><U107/><E107/><V78/><F49/><T98/><D128/><U131/><E131/><V53/><F53/><T33/><D33/><U88/><E102/><V80/><F59/><T37/><D77/><U63/><E40/><V99/><F130/><T129/><D75/><U112/><E112/><V72/><F134/><T61/><REACH who="0" step="1"/><D129/><REACH who="0" ten="375,438,227,0" step="2"/><U126/><E126/><V87/><F125/><T34/><D34/><U127/><E127/><V119/><F110/><T64/><D64/><U121/><N who="1" m="31008" /><U103/><E39/><V108/><F108/><T104/><D104/><U50/><E38/><V35/><F35/><T66/><D66/><U69/><E69/><V0/><F0/><T94/><D94/><U51/><E93/><V118/><F72/><T86/><D86/><U56/><E92/><AGARI ba="1,1" hai="76,78,80,83,84,85,87,91,92,99,101,106,118,119" machi="92" ten="30,12000,2" yaku="7,1,9,1,34,3,52,2" doraHai="115" who="2" fromWho="1" sc="375,0,438,-122,227,132,0,0" /><INIT seed="6,0,0,0,2,110" ten="375,316,359,0" oya="2" hai0="124,119,64,125,36,40,2,83,93,102,78,129,126" hai1="131,103,55,38,47,113,61,73,94,72,130,66,132" hai2="3,89,114,44,54,100,122,81,0,53,98,33,50" hai3=""/><V49/><N who="2" m="31264" /><V121/><N who="2" m="31008" /><V84/><F33/><T63/><D119/><U67/><E132/><V115/><F115/><T45/><D2/><U87/><E67/><V95/><F114/><T42/><D42/><U62/><E113/><V133/><F133/><T41/><D41/><U48/><E38/><V43/><F43/><T51/><D129/><N who="1" m="49163" /><E62/><V117/><F117/><T74/><D102/><U37/><E37/><V56/><AGARI ba="0,0" hai="0,3,44,49,50,53,54,56,81,84,89,95,98,100" m="31008,31264" machi="56" ten="20,5200,0" yaku="0,1,7,1,52,2" doraHai="110" who="2" fromWho="2" sc="375,-26,316,-26,359,52,0,0" owari="349,-5.0,290,-31.0,411,36.0,0,0.0" /></mjloggm>