<mjloggm ver="2.3"><GO type="225" lobby="0"/><UN n0="%E9%81%85%E5%88%BB%E3%81%AE%E3%83%97%E3%83%AA%E3%83%B3%E3%82%B9%E2%99%AA" n1="%E3%81%93%E3%81%84%E3%82%8F%E3%81%84%E3%82%88%E3%81%A4%E3%81%B0" n2="%E5%BE%80%E5%B9%B4%E3%81%AE%E3%82%B4%E3%83%AA%E3%83%A9" n3="%79%6A%69%72%6F" dan="16,18,16,17" rate="2124.72,2229.98,2076.59,2207.21" sx="F,M,M,M"/><TAIKYOKU oya="0"/><INIT seed="0,0,0,1,1,63" ten="250,250,250,250" oya="0" hai0="34,39,103,131,66,40,129,58,24,84,72,7,23" hai1="75,81,73,47,127,59,71,17,25,108,76,89,132" hai2="38,13,68,135,88,27,11,97,29,120,125,87,116" hai3="37,42,90,111,31,0,35,43,57,118,126,60,51"/><T77/><D34/><U4/><E71/><V8/><F38/><W105/><G118/><T124/><D72/><U30/><E108/><V14/><F120/><W45/><G0/><T3/><D124/><U107/><E107/><V95/><F125/><W69/><G126/><T19/><D103/><U82/><E127/><V12/><F116/><W109/><G105/><T122/><D122/><U128/><E128/><N who="0" m="49225" /><D40/><U28/><E4/><V49/><F135/><W64/><G90/><T53/><D39/><U92/><E47/><V2/><F2/><W80/><G80/><N who="0" m="47119" /><D7/><U110/><E132/><V20/><F68/><W26/><G43/><T112/><D3/><U83/><E75/><V54/><REACH who="2" step="1"/><F87/><REACH who="2" ten="250,250,240,250" step="2"/><W101/><G101/><T117/><D117/><U119/><E73/><V130/><F130/><W21/><G35/><T79/><D112/><U1/><E1/><V91/><F91/><W22/><G22/><T62/><D79/><U18/><E76/><V113/><F113/><W67/><G37/><T6/><D6/><U96/><E119/><V134/><F134/><W33/><G33/><T133/><D133/><U98/><E89/><V41/><F41/><W9/><G9/><T106/><D106/><U10/><E10/><V52/><F52/><AGARI ba="0,1" hai="19,23,24,52,53,58,62,66" m="47119,49225" machi="52" ten="30,5800,0" yaku="19,1,52,1,54,1" doraHai="63" who="0" fromWho="2" sc="250,68,250,0,240,-58,250,0" /><INIT seed="0,1,0,0,5,50" ten="318,250,182,250" oya="0" hai0="96,120,25,74,99,61,71,32,58,112,37,49,46" hai1="122,90,60,39,73,20,103,65,124,128,98,28,76" hai2="54,79,105,123,13,130,47,106,80,126,114,91,83" hai3="109,11,132,59,19,44,81,134,53,38,6,66,21"/><T92/><D120/><U101/><E122/><V118/><F123/><W14/><G109/><T40/><D112/><U55/><E39/><V16/><F114/><W23/><G66/><N who="0" m="41423" /><D74/><U78/><E128/><V4/><F130/><W41/><G81/><T10/><D10/><U107/><E124/><V45/><F126/><W77/><G77/><T121/><D121/><U63/><E103/><V75/><F4/><W1/><REACH who="3" step="1"/><G23/><REACH who="3" ten="318,250,182,240" step="2"/><T68/><D32/><U12/><E20/><V127/><F127/><W87/><G87/><T64/><D64/><U100/><E78/><V104/><F79/><W3/><G3/><T84/><D84/><U86/><E86/><V102/><F80/><W93/><G93/><T36/><D92/><U56/><E76/><V0/><F83/><W26/><G26/><T70/><D25/><U113/><E65/><V35/><F0/><W119/><G119/><T30/><D70/><U133/><E113/><V97/><F118/><W117/><G117/><T115/><D68/><U129/><E129/><V34/><F75/><W43/><G43/><T108/><D108/><U116/><E116/><V88/><F35/><W95/><G95/><T135/><D115/><U85/><E85/><V22/><F34/><W15/><G15/><T52/><D40/><U125/><E12/><V5/><F104/><W57/><G57/><T18/><D58/><U31/><E125/><V111/><F111/><W48/><AGARI ba="1,1" hai="1,6,11,14,19,21,38,41,44,48,53,59,132,134" machi="48" ten="30,7900,0" yaku="1,1,0,1,52,1,53,1" doraHai="50" doraHaiUra="69" who="3" fromWho="3" sc="318,-40,250,-21,182,-21,240,92" /><INIT seed="1,0,0,5,5,46" ten="278,229,161,332" oya="1" hai0="91,75,99,56,135,89,125,24,49,21,59,122,42" hai1="28,36,19,50,97,121,6,118,109,41,16,53,124" hai2="15,113,101,95,116,73,57,60,10,54,77,40,132" hai3="131,0,98,70,100,86,112,67,71,110,45,5,44"/><U14/><E118/><V17/><F132/><W26/><G112/><T1/><D1/><U65/><E121/><V111/><F113/><W85/><G110/><T27/><D122/><U38/><E124/><V4/><F111/><W90/><G131/><T32/><D75/><U33/><E109/><V18/><F116/><W13/><G0/><T114/><D114/><U106/><E41/><V25/><F77/><W83/><G26/><T51/><D125/><U43/><E43/><V58/><F73/><W92/><G5/><T96/><D21/><U133/><E65/><V93/><F40/><W48/><G13/><T94/><D42/><U128/><E128/><V72/><F72/><W55/><G45/><T22/><D22/><U129/><E129/><V82/><F82/><W102/><G67/><T9/><D94/><U87/><E6/><V120/><F120/><W69/><REACH who="3" step="1"/><G86/><REACH who="3" ten="278,229,161,322" step="2"/><T63/><D27/><U29/><E87/><V39/><F25/><W126/><G126/><T64/><D24/><U7/><E7/><V23/><F4/><W80/><G80/><T115/><D115/><U117/><E14/><V84/><F84/><W35/><G35/><T107/><D32/><U31/><E33/><V30/><F15/><W20/><G20/><T12/><D64/><U8/><E117/><V47/><F23/><W88/><AGARI ba="0,1" hai="44,48,55,69,70,71,83,85,88,90,92,98,100,102" machi="88" ten="30,8000,1" yaku="1,1,0,1,52,1,54,1,53,1" doraHai="46" doraHaiUra="79" who="3" fromWho="3" sc="278,-20,229,-40,161,-20,322,90" /><INIT seed="2,0,0,2,2,73" ten="258,189,141,412" oya="2" hai0="62,91,128,52,123,82,65,15,6,103,121,81,71" hai1="135,63,117,124,98,105,92,77,53,55,0,27,2" hai2="1,68,107,112,104,74,40,102,30,111,4,28,42" hai3="11,3,34,69,89,57,126,66,83,113,20,88,114"/><V47/><F112/><W97/><G34/><T94/><D103/><U7/><E117/><V72/><F68/><W49/><G69/><T115/><D115/><U96/><E105/><V36/><F40/><W25/><G97/><T39/><D39/><U16/><E135/><V51/><F51/><W56/><G89/><T130/><D52/><U18/><E124/><V133/><F133/><W60/><G126/><T122/><D15/><U31/><E77/><V19/><F19/><W45/><G57/><T99/><REACH who="0" step="1"/><D6/><REACH who="0" ten="248,189,141,412" step="2"/><U106/><E7/><V13/><F13/><W108/><G113/><T80/><AGARI ba="0,1" hai="62,65,71,80,81,82,91,94,99,121,122,123,128,130" machi="80" ten="40,8000,1" yaku="1,1,2,1,0,1,53,1" doraHai="73" doraHaiUra="58" who="0" fromWho="0" sc="248,90,189,-20,141,-40,412,-20" /><INIT seed="3,0,0,2,0,51" ten="338,169,101,392" oya="3" hai0="83,30,52,15,74,68,99,5,128,84,133,39,132" hai1="26,97,131,60,116,114,121,106,73,8,129,32,91" hai2="23,108,101,80,0,103,64,126,55,71,113,40,112" hai3="7,27,122,20,38,25,135,86,59,117,124,37,110"/><W130/><G117/><T107/><D74/><U104/><E121/><V119/><F119/><W102/><G7/><T34/><D39/><U58/><E116/><V41/><F108/><W18/><G102/><N who="0" m="62943" /><D68/><U85/><E73/><V42/><F126/><W123/><G38/><T96/><D96/><U118/><E114/><V92/><F71/><W9/><G86/><T33/><D30/><N who="1" m="19543" /><E8/><V81/><F0/><W93/><G9/><N who="0" m="4527" /><D128/><N who="1" m="49227" /><E97/><V95/><F40/><W46/><G37/><T100/><D100/><U50/><E50/><V70/><F70/><W3/><G124/><T29/><D29/><U82/><E118/><V78/><F23/><W98/><G20/><T16/><D16/><U24/><E24/><V125/><F125/><W56/><G18/><T36/><D36/><U22/><E22/><V65/><REACH who="2" step="1"/><F78/><REACH who="2" ten="338,169,91,392" step="2"/><W66/><G3/><T10/><D10/><U105/><E105/><V115/><F115/><W61/><G123/><T77/><D34/><U72/><E106/><V120/><F120/><W47/><G122/><T127/><D33/><U57/><E104/><V67/><F67/><W109/><G66/><T134/><D127/><U28/><E28/><V21/><F21/><W12/><G130/><T90/><D77/><U94/><E82/><V89/><F89/><W44/><G110/><T87/><D87/><U43/><E91/><V11/><F11/><W69/><G109/><T19/><D19/><U53/><E72/><V45/><F45/><W62/><G47/><T79/><D79/><U48/><E85/><V76/><F76/><W1/><G46/><T75/><D75/><RYUUKYOKU ba="0,1" sc="338,15,169,-15,91,15,392,-15" hai0="52,83,84,90,132,133,134" hai2="41,42,55,64,65,80,81,92,95,101,103,112,113" owari="353,15.0,154,-25.0,106,-39.0,387,49.0" /></mjloggm>