<mjloggm ver="2.3"><GO type="169" lobby="0"/><UN n0="%E3%81%AF%E3%81%98%E3%82%81%E3%81%A3%E3%81%A1" n1="%6D%6F%73%61" n2="%4B%57" n3="%6D%69%72%69%72%69" dan="17,16,16,16" rate="2215.25,2111.29,2056.82,2161.44" sx="F,M,M,M"/><TAIKYOKU oya="0"/><INIT seed="0,0,0,4,4,26" ten="250,250,250,250" oya="0" hai0="129,99,16,133,13,29,50,115,60,68,45,117,53" hai1="78,83,77,93,69,80,120,91,72,89,63,61,105" hai2="66,42,82,40,101,113,135,6,30,47,132,97,59" hai3="37,35,87,123,5,65,22,7,27,15,28,134,119"/><T51/><D115/><U108/><E120/><V3/><F113/><W122/><G37/><T33/><D117/><U49/><E69/><V43/><F82/><W106/><G106/><T125/><D129/><U73/><E49/><V39/><F3/><W94/><G65/><T114/><D114/><U116/><E105/><V92/><F6/><W84/><G94/><T34/><D133/><N who="2" m="51274" /><F30/><W74/><G74/><T57/><D125/><U127/><E93/><V10/><F10/><N who="3" m="4559" /><G134/><T75/><D75/><U0/><E0/><V64/><F64/><W104/><G104/><T46/><D68/><U85/><E108/><V55/><F66/><W17/><G7/><T41/><D99/><U56/><E116/><V128/><F128/><W58/><G58/><T54/><REACH who="0" step="1"/><D29/><REACH who="0" ten="240,250,250,250" step="2"/><U11/><E72/><V36/><F36/><W109/><G119/><T86/><D86/><U52/><E127/><V70/><F70/><W71/><G71/><T23/><AGARI ba="0,1" hai="13,16,23,33,34,41,45,46,50,51,53,54,57,60" machi="23" ten="20,7800,0" yaku="1,1,0,1,7,1,54,1,53,0" doraHai="26" doraHaiUra="25" who="0" fromWho="0" sc="240,88,250,-26,250,-26,250,-26" /><INIT seed="0,1,0,1,2,35" ten="328,224,224,224" oya="0" hai0="14,7,52,25,49,67,131,125,76,91,36,103,58" hai1="119,62,87,9,90,133,38,132,0,101,97,108,15" hai2="43,64,95,135,74,82,42,12,123,110,111,16,46" hai3="13,77,5,112,128,41,44,61,107,84,130,81,109"/><T23/><D131/><N who="3" m="50217" /><G112/><T54/><D125/><U4/><E119/><V34/><F123/><W100/><G109/><N who="2" m="41481" /><F34/><W78/><G61/><T55/><D36/><U116/><E38/><V19/><F64/><W117/><G117/><T65/><D76/><U70/><E116/><V56/><F56/><W11/><G100/><T20/><D103/><U28/><E28/><V51/><F95/><W17/><G107/><T33/><D33/><U89/><E15/><V27/><F27/><W1/><G78/><T73/><D73/><U63/><E89/><V72/><F42/><W105/><G105/><T94/><D55/><U18/><E70/><V59/><F59/><W85/><G81/><T21/><D54/><U71/><E71/><V75/><F135/><N who="1" m="51785" /><E18/><N who="2" m="6699" /><F12/><W96/><G77/><AGARI ba="1,0" hai="43,46,51,72,74,75,77,82" m="6699,41481" machi="77" ten="30,2000,0" yaku="14,1,54,1" doraHai="35" who="2" fromWho="3" sc="328,0,224,0,224,23,224,-23" /><INIT seed="1,0,0,2,2,71" ten="328,224,247,201" oya="1" hai0="74,65,99,93,20,134,107,48,49,42,63,9,3" hai1="19,54,12,15,73,38,41,10,85,118,18,135,115" hai2="5,17,25,109,29,32,120,117,69,100,108,51,82" hai3="47,89,45,36,13,123,88,64,21,27,57,102,77"/><U86/><E115/><V72/><F69/><W44/><G123/><T62/><D74/><U101/><E118/><V112/><F120/><W119/><G119/><T110/><D107/><U59/><E73/><V84/><F117/><W52/><G64/><T87/><D110/><N who="2" m="42602" /><F72/><W94/><G36/><T60/><D65/><U40/><E101/><V14/><F51/><W16/><G77/><T0/><D87/><N who="1" m="33291" /><E135/><V81/><F100/><W34/><G34/><T121/><D121/><U43/><E38/><V132/><F132/><W50/><G13/><N who="1" m="5194" /><E10/><V83/><F5/><W23/><G23/><T97/><D20/><U116/><E116/><V24/><F24/><W95/><G95/><T128/><D9/><U56/><E54/><V1/><F1/><W6/><G6/><T75/><D75/><U126/><E126/><V4/><F4/><W90/><G102/><T67/><D134/><U91/><E91/><N who="2" m="51599" /><F112/><W127/><G127/><T8/><D3/><U26/><E26/><V33/><F33/><W7/><G7/><N who="0" m="1127" /><D93/><U55/><E55/><V105/><F105/><W92/><AGARI ba="0,0" hai="16,21,27,44,45,47,50,52,57,88,89,90,92,94" machi="92" ten="40,8000,1" yaku="0,1,8,1,54,3" doraHai="71" who="3" fromWho="3" sc="328,-20,224,-40,247,-20,201,80" /><INIT seed="2,0,0,2,1,87" ten="308,184,227,281" oya="2" hai0="114,7,69,54,49,112,94,128,68,13,6,14,17" hai1="76,30,40,58,90,18,19,111,4,23,118,100,45" hai2="16,103,15,27,60,80,96,0,129,33,124,41,25" hai3="117,84,125,107,71,127,10,72,132,133,5,51,34"/><V73/><F0/><W11/><G72/><T122/><D122/><U82/><E118/><V70/><F129/><W120/><G71/><T38/><D38/><U63/><E111/><V43/><F124/><N who="3" m="47691" /><G107/><T131/><D94/><U110/><E110/><V64/><F73/><W22/><G34/><T101/><D101/><U106/><E4/><V9/><F80/><W121/><G51/><T1/><D49/><U29/><E18/><V20/><F33/><W119/><G22/><T105/><D105/><U3/><E3/><V115/><F115/><W89/><G89/><T56/><D1/><U102/><E102/><V74/><F74/><W126/><N who="3" m="47699" /><W48/><DORA hai="85" /><G48/><T83/><D68/><U91/><E100/><V75/><F75/><W134/><G84/><T39/><D69/><U104/><E106/><V66/><F66/><W108/><G108/><T99/><D114/><U109/><E104/><V92/><REACH who="2" step="1"/><F27/><REACH who="2" ten="308,184,217,281" step="2"/><W86/><G119/><T53/><D112/><U93/><E109/><V50/><F50/><W113/><G113/><T135/><D128/><U35/><E35/><V97/><F97/><W44/><G117/><T31/><D99/><U65/><E82/><V59/><F59/><W79/><G86/><T36/><D131/><U24/><E76/><V123/><F123/><N who="3" m="47179" /><G79/><T26/><D83/><U32/><E32/><V55/><F55/><W47/><G47/><T57/><D54/><U37/><E93/><V130/><F130/><W12/><G44/><T67/><D53/><U78/><E78/><V77/><F77/><W61/><G61/><T21/><D56/><RYUUKYOKU ba="0,1" sc="308,-30,184,10,217,10,281,10" hai1="19,23,24,29,30,37,40,45,58,63,65,90,91" hai2="9,15,16,20,25,41,43,60,64,70,92,96,103" hai3="5,10,11,12,132,133,134" /><INIT seed="2,1,1,1,3,135" ten="278,194,227,291" oya="2" hai0="62,100,26,68,79,107,66,104,50,47,2,125,15" hai1="63,98,90,1,48,93,17,117,6,95,76,115,54" hai2="116,58,129,74,111,118,57,114,77,101,75,51,34" hai3="56,25,131,29,92,130,80,13,32,88,19,33,123"/><V83/><F114/><W44/><G123/><T53/><D2/><U109/><E115/><V0/><F34/><W39/><G33/><T45/><D79/><U84/><E117/><V7/><F129/><N who="3" m="49163" /><G56/><T86/><D86/><U41/><E109/><V108/><F101/><W40/><G80/><T112/><D112/><U9/><E41/><V14/><F0/><W113/><G113/><T55/><D100/><U133/><E133/><V78/><F7/><W67/><G67/><T91/><D91/><U110/><E110/><N who="2" m="42027" /><F14/><W82/><G82/><T8/><D26/><U70/><E76/><N who="2" m="29291" /><F83/><W60/><G60/><T71/><D71/><U49/><E70/><V52/><F58/><W59/><G59/><T72/><D68/><U11/><E1/><V31/><F31/><W16/><G13/><T18/><D15/><U87/><E6/><V28/><F28/><W43/><G43/><T127/><D47/><U106/><E17/><V124/><F124/><N who="0" m="47690" /><D72/><AGARI ba="1,1" hai="51,52,57,72,74,75,116,118" m="29291,42027" machi="72" ten="30,5800,0" yaku="14,1,10,1,54,1" doraHai="135" who="2" fromWho="0" sc="278,-61,194,0,227,71,291,0" /><INIT seed="2,2,0,5,3,103" ten="217,194,298,291" oya="2" hai0="1,115,54,39,71,94,68,4,33,25,29,21,96" hai1="47,58,40,8,35,78,110,26,67,85,125,132,22" hai2="118,86,112,48,104,124,83,73,69,113,100,45,89" hai3="98,16,10,3,36,34,19,84,82,49,91,63,51"/><V9/><F69/><W122/><G36/><T90/><D115/><U23/><E110/><V28/><F118/><W46/><G34/><T70/><D39/><U15/><E125/><V121/><F121/><W88/><G122/><T80/><D80/><U5/><E132/><V87/><F124/><W52/><G63/><T92/><D54/><U42/><E35/><V108/><F108/><W55/><G3/><T14/><D92/><U18/><E47/><V24/><F73/><W43/><G10/><N who="0" m="2319" /><D70/><U61/><E78/><V75/><F9/><W30/><G30/><T6/><D6/><U66/><E66/><V117/><F75/><W37/><G37/><T111/><D111/><U130/><E85/><V129/><F129/><W74/><G74/><T120/><D120/><U65/><E65/><V109/><F109/><W119/><G119/><T0/><D0/><U133/><E133/><V2/><F2/><W95/><G43/><T116/><D116/><U31/><REACH who="1" step="1"/><E130/><REACH who="1" ten="217,184,298,291" step="2"/><V76/><F117/><W20/><G20/><T77/><D77/><U134/><E134/><V13/><F87/><W60/><G60/><T41/><D41/><U135/><E135/><V50/><F76/><W131/><G131/><T102/><D33/><U59/><E59/><AGARI ba="2,1" hai="16,19,46,49,51,52,55,59,82,84,88,91,95,98" machi="59" ten="30,8000,1" yaku="7,1,8,1,54,3" doraHai="103" who="3" fromWho="1" sc="217,0,184,-86,298,0,291,96" /><INIT seed="3,0,0,0,0,97" ten="217,98,298,387" oya="3" hai0="131,132,91,20,65,66,112,84,130,95,123,31,94" hai1="39,21,46,103,83,26,18,52,113,3,101,99,100" hai2="17,68,128,15,75,106,55,27,28,9,47,71,82" hai3="2,35,104,8,13,126,134,114,76,53,62,30,129"/><W116/><G114/><T109/><D123/><U67/><E113/><V59/><F128/><N who="0" m="49194" /><D109/><U1/><E99/><V92/><F106/><W25/><G116/><T124/><D112/><U98/><E98/><V16/><F47/><W102/><G129/><T111/><D111/><U40/><E67/><V70/><F92/><W64/><G134/><T36/><D36/><U86/><REACH who="1" step="1"/><E52/><REACH who="1" ten="217,88,298,387" step="2"/><V80/><F75/><W32/><G53/><T105/><D65/><U133/><E133/><V88/><F71/><W74/><G64/><T42/><D66/><U87/><E87/><V115/><F70/><W19/><G62/><T0/><D84/><U77/><AGARI ba="0,1" hai="1,3,18,21,26,39,40,46,77,83,86,100,101,103" machi="77" ten="30,8000,1" yaku="1,1,0,1,52,3,53,0" doraHai="97" doraHaiUra="24" who="1" fromWho="1" sc="217,-20,88,90,298,-20,387,-40" /><INIT seed="4,0,0,4,0,120" ten="197,178,278,347" oya="0" hai0="115,41,27,105,98,62,124,42,78,126,60,89,57" hai1="20,70,25,56,99,51,114,1,96,107,73,17,121" hai2="37,45,33,117,123,95,100,31,2,91,46,127,102" hai3="109,88,39,133,50,58,134,106,21,64,63,110,85"/><T15/><D115/><U32/><E121/><V11/><F123/><W35/><G35/><T86/><D62/><U13/><E70/><V112/><F112/><W92/><G39/><T103/><D78/><U131/><E114/><V49/><F127/><W47/><G21/><T28/><D15/><U40/><E73/><V9/><F117/><W82/><G106/><T4/><D4/><U119/><E119/><V12/><F37/><W34/><G34/><T122/><D122/><U10/><E107/><V77/><F77/><W108/><REACH who="3" step="1"/><G92/><REACH who="3" ten="197,178,278,337" step="2"/><T113/><D113/><U59/><E32/><V7/><F33/><W87/><G87/><T111/><D124/><U101/><E20/><V67/><F95/><W14/><G14/><T97/><D126/><U3/><E13/><V75/><F12/><W68/><G68/><T8/><D105/><U29/><E1/><V83/><F2/><W128/><G128/><T6/><D86/><U90/><E3/><V44/><F11/><W130/><G130/><T55/><D8/><U26/><E10/><V81/><F9/><W22/><G22/><N who="0" m="15479" /><D6/><U118/><E131/><V19/><F7/><W23/><G23/><T43/><D98/><U5/><E96/><V24/><F75/><W48/><G48/><T66/><D97/><U71/><E99/><V132/><F49/><W72/><G72/><T135/><D103/><U93/><E51/><V74/><F102/><W53/><AGARI ba="0,1" hai="47,50,53,58,63,64,82,85,88,108,109,110,133,134" machi="53" ten="40,12000,2" yaku="1,1,0,1,52,3,54,1,53,0" doraHai="120" doraHaiUra="125" who="3" fromWho="3" sc="197,-60,178,-30,278,-30,337,130" /><INIT seed="5,0,0,1,3,71" ten="137,148,248,467" oya="1" hai0="28,132,20,23,106,17,38,7,74,31,13,117,118" hai1="123,129,11,44,73,12,101,107,85,46,59,135,70" hai2="88,39,37,110,9,32,122,41,50,93,25,6,97" hai3="48,100,22,76,49,113,14,62,55,75,0,126,51"/><U35/><E123/><V83/><F122/><W16/><G0/><T116/><D106/><U53/><E73/><V119/><F110/><W29/><G113/><T121/><D74/><U80/><E70/><V82/><F119/><W90/><G126/><T60/><D121/><U89/><E35/><V96/><F96/><W26/><G100/><T56/><D132/><U68/><E135/><V104/><F104/><W127/><G127/><T40/><D7/><U99/><E68/><V58/><F32/><W30/><G30/><T57/><D57/><U24/><E24/><V77/><F83/><W33/><G90/><T1/><D1/><U95/><E107/><V92/><F92/><W112/><G112/><T84/><D84/><U105/><E129/><V4/><F4/><W109/><G109/><T3/><D3/><U131/><E105/><V115/><F25/><W64/><G76/><T8/><D8/><U63/><REACH who="1" step="1"/><E131/><REACH who="1" ten="137,138,248,467" step="2"/><V134/><F134/><W21/><G75/><T18/><D117/><U52/><E52/><V114/><F114/><W128/><G128/><T120/><D120/><U2/><E2/><V108/><F115/><W102/><G55/><N who="0" m="33823" /><D118/><U15/><E15/><V86/><F108/><W103/><G33/><T27/><D116/><U66/><E66/><V54/><F41/><W34/><G34/><T42/><D42/><U130/><E130/><V36/><F6/><AGARI ba="0,1" hai="6,11,12,44,46,53,59,63,80,85,89,95,99,101" machi="6" ten="30,5800,0" yaku="1,1,7,1,8,1,53,0" doraHai="71" doraHaiUra="61" who="1" fromWho="2" sc="137,0,138,68,248,-58,467,0" /><INIT seed="5,1,0,5,5,108" ten="137,206,190,467" oya="1" hai0="114,47,100,21,24,115,45,52,103,131,35,22,66" hai1="93,80,6,0,109,102,119,83,11,41,128,27,126" hai2="56,118,36,106,51,61,132,79,26,2,43,87,133" hai3="123,88,99,34,57,65,13,73,125,113,63,90,74"/><U64/><E119/><V76/><F118/><W71/><G34/><T97/><D131/><U30/><E109/><V50/><F106/><W8/><G113/><N who="0" m="43019" /><D66/><U121/><E121/><V28/><F2/><W44/><G125/><T134/><D134/><N who="2" m="51818" /><F36/><W1/><G1/><T101/><D97/><U105/><E105/><V38/><F38/><W95/><G71/><T70/><D70/><U91/><E93/><V117/><F117/><W10/><G10/><T110/><D110/><U82/><E91/><V69/><F69/><W92/><G44/><N who="0" m="16971" /><D52/><U29/><E64/><V68/><F68/><W81/><G123/><T32/><D32/><U135/><E128/><V122/><F122/><W55/><G55/><T129/><D129/><U84/><E135/><V130/><F130/><W16/><G65/><T60/><D60/><U18/><E126/><V23/><F43/><W40/><G40/><T59/><D59/><U62/><E41/><V98/><F98/><W54/><G54/><T5/><D5/><U78/><E62/><V96/><F96/><W67/><G67/><T3/><D3/><U124/><E124/><V4/><F4/><W37/><G57/><T53/><D53/><U20/><E102/><V86/><F56/><W19/><G63/><T58/><D58/><U7/><E6/><V127/><F61/><W14/><G99/><T15/><D15/><U89/><E0/><V25/><F127/><W31/><G14/><T42/><D42/><U112/><E7/><V17/><F51/><W116/><G13/><T72/><D72/><U49/><E112/><V77/><F50/><RYUUKYOKU ba="1,0" sc="137,15,206,-15,190,15,467,-15" hai0="21,22,24,35,100,101,103" hai2="17,23,25,26,28,76,77,79,86,87" /><INIT seed="6,2,0,3,1,26" ten="152,191,205,452" oya="2" hai0="129,30,16,20,96,116,32,113,35,12,63,110,71" hai1="28,52,77,95,135,67,108,124,86,119,43,103,18" hai2="54,73,29,126,88,4,3,61,7,106,79,98,25" hai3="53,69,21,17,122,118,44,101,58,5,133,41,22"/><V99/><F126/><W66/><G5/><T81/><D110/><U2/><E108/><V6/><F3/><W37/><G118/><T38/><D116/><U120/><E119/><V47/><F106/><W78/><G78/><T51/><D38/><U112/><E124/><V134/><F134/><W33/><G33/><T49/><D113/><U45/><E2/><V64/><F73/><W0/><G0/><T14/><D129/><U132/><E112/><V90/><F79/><W89/><G101/><T76/><D96/><U75/><E75/><V72/><F72/><W109/><G122/><T117/><D117/><U131/><E67/><V46/><F99/><W93/><G109/><T1/><D1/><U94/><E131/><V111/><F111/><W130/><G69/><T36/><D36/><U8/><E28/><V11/><F11/><W10/><G66/><T97/><D97/><U23/><E52/><V55/><F55/><W127/><G133/><N who="1" m="51274" /><E8/><V50/><F46/><W107/><G107/><T121/><D121/><U13/><E103/><V123/><F98/><W102/><G102/><T114/><D114/><U40/><E40/><V100/><F100/><W85/><G130/><T128/><D128/><U92/><E120/><V42/><F42/><W56/><G127/><T34/><D30/><U9/><E9/><V125/><F123/><W91/><G53/><T83/><D71/><U65/><E65/><V24/><F125/><W104/><G104/><T31/><D31/><U74/><E74/><V60/><F60/><W84/><G10/><N who="0" m="6167" /><D63/><U39/><E77/><V59/><F29/><RYUUKYOKU ba="2,0" sc="152,-15,191,15,205,15,452,-15" hai1="13,18,23,39,43,45,86,92,94,95" hai2="4,6,7,24,25,47,50,54,59,61,64,88,90" /><INIT seed="6,3,0,1,4,117" ten="137,206,220,437" oya="2" hai0="38,40,96,98,22,127,77,111,106,79,103,25,112" hai1="104,61,3,81,33,126,59,97,39,13,63,45,107" hai2="120,115,76,74,101,67,125,91,68,10,2,50,72" hai3="131,94,87,36,83,47,109,20,9,108,41,90,29"/><V31/><F120/><W88/><G131/><T86/><D111/><U17/><E3/><V37/><F37/><W118/><G118/><T15/><D112/><U24/><E126/><V123/><F123/><W53/><G9/><T58/><D127/><U130/><E130/><V7/><F125/><W48/><G20/><T21/><D98/><U32/><E81/><V84/><F101/><W65/><G65/><T19/><D86/><U5/><E5/><V92/><F115/><W34/><G29/><T28/><REACH who="0" step="1"/><D58/><REACH who="0" ten="127,206,220,437" step="2"/><U110/><E97/><V124/><F124/><W0/><G87/><T119/><D119/><U73/><E110/><V26/><F74/><W64/><G108/><T116/><D116/><U95/><E73/><V114/><F114/><W133/><G109/><T60/><D60/><U1/><E61/><V54/><F72/><W85/><G85/><T6/><D6/><U30/><E59/><V70/><F76/><W113/><G113/><T132/><D132/><U11/><E63/><V122/><F122/><W129/><G133/><T102/><D102/><U82/><E104/><V89/><F70/><W42/><G129/><T57/><D57/><U23/><E107/><V44/><F68/><W99/><G99/><T12/><D12/><U93/><E13/><V16/><F84/><W121/><G90/><T18/><D18/><U100/><E100/><V4/><F16/><W62/><G88/><T49/><D49/><U105/><E105/><V27/><F7/><W128/><G48/><T51/><D51/><U80/><E17/><V134/><F50/><W35/><G128/><RYUUKYOKU ba="3,1" sc="127,30,206,-10,220,-10,437,-10" hai0="15,19,21,22,25,28,38,40,77,79,96,103,106" /><INIT seed="7,4,1,5,3,88" ten="157,196,210,427" oya="3" hai0="101,76,73,20,59,126,108,110,30,69,74,67,125" hai1="34,105,1,123,0,81,63,117,35,36,134,57,68" hai2="8,17,84,124,38,37,118,28,113,16,107,120,135" hai3="6,24,119,96,112,122,75,94,89,82,72,2,41"/><W103/><G41/><T3/><D3/><U93/><E105/><V91/><F118/><W52/><G6/><T33/><D33/><U130/><E68/><V39/><F107/><W90/><G122/><T99/><D69/><U79/><E123/><V31/><F120/><W32/><G2/><N who="1" m="1130" /><E36/><V62/><F113/><W40/><G40/><T83/><D30/><U47/><E93/><V56/><F135/><W10/><G10/><T121/><D121/><U64/><E47/><V19/><F8/><W4/><G4/><T106/><D20/><U116/><E130/><V98/><F98/><W115/><G119/><N who="1" m="45642" /><E134/><V45/><F45/><W51/><G89/><T86/><D59/><U127/><E127/><N who="0" m="48649" /><D67/><U48/><E48/><V13/><F124/><W9/><G9/><T77/><D77/><U65/><E65/><V92/><F13/><W102/><G24/><T95/><D106/><U66/><E66/><V129/><F129/><W78/><G78/><T22/><D22/><U87/><AGARI ba="4,1" hai="34,35,57,63,64,79,81,87" m="45642,1130" machi="87" ten="30,1100,0" yaku="12,1" doraHai="88" who="1" fromWho="1" sc="157,-7,196,33,210,-7,427,-9" owari="150,-35.0,229,3.0,203,-20.0,418,52.0" /></mjloggm>