<mjloggm ver="2.3"><GO type="169" lobby="0"/><UN n0="%E3%81%8D%E3%81%BF%E3%81%A9%E3%82%8A%E3%82%93" n1="%E4%B9%BE%E5%9D%A4%E5%8D%81%E4%BA%94%E6%93%B2" n2="%E6%AD%8C%E8%88%9E%E4%BC%8E%E5%90%9B" n3="%E3%83%84%E3%83%B3%E2%98%86%E3%83%89%E3%83%A9%E3%82%AD%E3%83%BC" dan="17,16,16,16" rate="2162.56,2139.89,2098.25,2046.25" sx="F,M,M,F"/><TAIKYOKU oya="0"/><INIT seed="0,0,0,4,1,89" ten="250,250,250,250" oya="0" hai0="26,47,32,130,12,108,29,75,53,126,44,120,39" hai1="34,104,116,22,85,28,36,71,14,128,132,76,87" hai2="114,23,113,65,18,97,124,27,99,42,78,72,13" hai3="70,20,7,80,122,45,119,40,73,50,106,48,62"/><T98/><D120/><U66/><E116/><V9/><F124/><W3/><G119/><T19/><D126/><U112/><E36/><V100/><F42/><W94/><G106/><T31/><D130/><U118/><E104/><V6/><F97/><W127/><G127/><T8/><D75/><U110/><E34/><V133/><F133/><W49/><G3/><T59/><D39/><U56/><E71/><V64/><F78/><W93/><G7/><T74/><D74/><U54/><E132/><V33/><F72/><W2/><G2/><T135/><D135/><U57/><E118/><V91/><F91/><W30/><G80/><T60/><D31/><U107/><E107/><V134/><F134/><W125/><G73/><T61/><D108/><U123/><E110/><V41/><F41/><W101/><G101/><T52/><REACH who="0" step="1"/><D98/><REACH who="0" ten="240,250,250,250" step="2"/><U51/><E128/><V95/><REACH who="2" step="1"/><F33/><REACH who="2" ten="240,250,240,250" step="2"/><W102/><G125/><T92/><D92/><N who="3" m="35433" /><G122/><T81/><D81/><U25/><E123/><V46/><F46/><W79/><G102/><T88/><D88/><U38/><E38/><V58/><F58/><AGARI ba="0,2" hai="8,12,19,26,29,32,44,47,52,53,58,59,60,61" machi="58" ten="40,7700,0" yaku="1,1,9,1,54,1,53,0" doraHai="89" doraHaiUra="105" who="0" fromWho="2" sc="240,97,250,0,240,-77,250,0" /><INIT seed="0,1,0,2,2,12" ten="337,250,163,250" oya="0" hai0="76,131,49,125,85,97,87,47,80,78,89,61,62" hai1="103,132,46,65,98,99,38,124,91,58,21,52,22" hai2="83,20,106,26,113,23,127,25,120,44,2,77,8" hai3="86,119,4,108,69,128,45,16,36,48,34,30,73"/><T82/><D125/><U14/><E124/><V93/><F127/><W42/><G108/><T118/><D118/><U129/><E132/><V114/><F106/><W101/><G128/><T134/><D134/><U63/><E129/><V53/><F120/><W37/><G73/><T19/><D131/><U112/><E112/><V24/><F93/><W81/><G69/><T100/><D89/><U6/><E91/><V57/><F44/><W29/><G119/><T13/><D97/><U70/><E99/><V72/><F8/><W135/><G4/><T94/><D94/><U9/><E38/><V64/><F64/><W10/><G135/><T33/><D33/><U5/><E5/><V123/><F2/><W17/><G34/><T71/><D100/><U92/><REACH who="1" step="1"/><E46/><REACH who="1" ten="337,240,163,250" step="2"/><V102/><F102/><W59/><G36/><T74/><D71/><U41/><E41/><V7/><F7/><W115/><G101/><T18/><D74/><U3/><E3/><V50/><F123/><W110/><G115/><T75/><D75/><U43/><E43/><V104/><F104/><W39/><G39/><T68/><D68/><U66/><E66/><V109/><F109/><W32/><G110/><T117/><D117/><U15/><E15/><V105/><F105/><W126/><G126/><T79/><D13/><U88/><E88/><V121/><F121/><W111/><G111/><T11/><D79/><U133/><E133/><V56/><F56/><W0/><G59/><T96/><D96/><U67/><E67/><V55/><F53/><W27/><G37/><T51/><D47/><U130/><E130/><RYUUKYOKU ba="1,1" sc="337,10,240,10,163,10,250,-30" hai0="11,18,19,49,51,61,62,76,78,80,82,85,87" hai1="6,9,14,21,22,52,58,63,65,70,92,98,103" hai2="20,23,24,25,26,50,55,57,72,77,83,113,114" /><INIT seed="0,2,1,2,4,45" ten="347,250,173,220" oya="0" hai0="135,81,50,39,56,6,57,58,121,99,27,70,25" hai1="118,85,23,51,125,10,103,107,35,59,16,29,68" hai2="90,88,123,130,60,0,106,95,116,102,19,92,47" hai3="89,105,128,55,119,1,98,40,77,134,86,96,43"/><T110/><D121/><U30/><E118/><V7/><F123/><W28/><G134/><T115/><D115/><U53/><E68/><V133/><F133/><W78/><G128/><T14/><D70/><U54/><E125/><V49/><F130/><W42/><G1/><T64/><D135/><U108/><E108/><V94/><F116/><W132/><G132/><T52/><D39/><U87/><E107/><V83/><F0/><W79/><G119/><T91/><D110/><U26/><E103/><V71/><F7/><W32/><G32/><T82/><D99/><N who="3" m="37929" /><G28/><N who="1" m="10858" /><E35/><V74/><F106/><W24/><G24/><N who="0" m="9291" /><D64/><U65/><E65/><V63/><F71/><W117/><G105/><T21/><D91/><N who="2" m="34858" /><F74/><W114/><G114/><T131/><D131/><U46/><E10/><V61/><F19/><W33/><G33/><T80/><D21/><U109/><E109/><V48/><F47/><W72/><G72/><T18/><D18/><U100/><E100/><V62/><N who="2" m="15360" /><DORA hai="5" /><V93/><F83/><N who="3" m="49375" /><G117/><T122/><D122/><U84/><E59/><V3/><F3/><W8/><G8/><AGARI ba="2,1" hai="6,8,14,50,52,56,57,58,80,81,82" m="9291" machi="8" ten="30,11600,0" yaku="8,1,52,2,54,1" doraHai="45,5" who="0" fromWho="3" sc="347,132,250,0,173,0,220,-122" /><INIT seed="0,3,0,4,0,7" ten="479,250,173,98" oya="0" hai0="77,76,48,54,107,45,93,94,135,69,8,100,16" hai1="113,70,17,82,9,34,120,91,103,134,72,127,25" hai2="110,95,44,22,73,80,71,2,78,65,122,47,1" hai3="128,55,31,68,108,75,4,43,98,49,63,88,51"/><T133/><D69/><U96/><E120/><V15/><F122/><W81/><G108/><T24/><D107/><U57/><E70/><V38/><F110/><W89/><G128/><T130/><D130/><U62/><E113/><V0/><F38/><W74/><G4/><T64/><D64/><U116/><E116/><V6/><F95/><N who="0" m="36362" /><D24/><U61/><E127/><V119/><F119/><W27/><G27/><T35/><D35/><U52/><E134/><N who="0" m="51209" /><D100/><U66/><E34/><V40/><F40/><W10/><G43/><T32/><D32/><U42/><E42/><V125/><F125/><W121/><G121/><T102/><D102/><U86/><E25/><V50/><F65/><W60/><G68/><T115/><D115/><U11/><E17/><V84/><F71/><W90/><G31/><T19/><D19/><U26/><E26/><V112/><F112/><W79/><G98/><T101/><D101/><U23/><E23/><V46/><F22/><W29/><G29/><T123/><D123/><U109/><E109/><V67/><F67/><W37/><G37/><T13/><AGARI ba="3,0" hai="8,13,16,45,48,54,76,77" m="51209,36362" machi="13" ten="30,6000,0" yaku="20,1,52,1,54,1" doraHai="7" who="0" fromWho="0" sc="479,69,250,-23,173,-23,98,-23" /><INIT seed="0,4,0,4,4,81" ten="548,227,150,75" oya="0" hai0="59,68,37,32,39,123,12,126,18,66,122,19,131" hai1="47,130,124,46,76,21,40,92,105,4,93,6,72" hai2="13,25,114,106,70,38,96,133,109,42,99,20,128" hai3="33,104,127,35,110,54,8,44,31,88,111,77,2"/><T53/><D131/><U55/><E130/><V120/><F120/><W95/><G127/><T11/><D126/><U117/><E124/><V94/><F70/><W89/><G89/><T67/><D32/><U113/><E117/><V71/><F71/><W0/><G77/><T10/><D68/><U119/><E105/><V14/><F128/><W52/><G104/><T84/><D59/><U91/><E119/><V100/><F114/><W56/><G31/><T60/><D53/><N who="3" m="20585" /><G56/><T83/><D83/><U48/><E113/><V118/><F118/><W132/><G44/><T57/><D57/><U45/><E93/><V1/><F1/><N who="3" m="619" /><G8/><T125/><D125/><U9/><E76/><V51/><F106/><W16/><G16/><T82/><D82/><U49/><E72/><V62/><F94/><W36/><G36/><T3/><D3/><U86/><E47/><V24/><F38/><W23/><G23/><T121/><D60/><U98/><E98/><V129/><F20/><W135/><G33/><T43/><D122/><U90/><E90/><V65/><F129/><W5/><G5/><T115/><D115/><U69/><E69/><V34/><F62/><W15/><G15/><T87/><D43/><U58/><E46/><V22/><F42/><W101/><G101/><T102/><D12/><U41/><E41/><V108/><F13/><W85/><G35/><T26/><D26/><U61/><E9/><V29/><F14/><W97/><G97/><T112/><D112/><U78/><E78/><V79/><F99/><W107/><G107/><T27/><D27/><U30/><E61/><RYUUKYOKU ba="4,0" sc="548,10,227,10,150,-30,75,10" hai0="10,11,18,19,37,39,66,67,84,87,102,121,123" hai1="4,6,21,30,40,45,48,49,55,58,86,91,92" hai3="85,88,95,110,111,132,135" /><INIT seed="0,5,0,3,3,48" ten="558,237,120,85" oya="0" hai0="135,102,43,35,130,59,129,41,71,61,45,73,134" hai1="116,74,88,17,117,123,1,8,93,112,52,14,92" hai2="90,121,34,2,19,36,9,38,125,66,6,109,95" hai3="132,75,32,133,99,27,120,15,12,11,105,0,53"/><T55/><D73/><U4/><E123/><V57/><F121/><W68/><G68/><T5/><D35/><U13/><E74/><V3/><F34/><W79/><G79/><T101/><D71/><U110/><E110/><V72/><F72/><W29/><G75/><T23/><D5/><U114/><E1/><V97/><F109/><W119/><G119/><T58/><D23/><U106/><E106/><V122/><F122/><W77/><G77/><T16/><D16/><U131/><E131/><N who="0" m="50185" /><D41/><U22/><E93/><V63/><F2/><W115/><G115/><T84/><D84/><U118/><REACH who="1" step="1"/><E52/><REACH who="1" ten="558,227,120,85" step="2"/><V108/><F108/><W64/><G53/><N who="0" m="33999" /><D102/><U24/><E24/><V40/><F3/><W37/><G27/><T98/><D101/><U54/><E54/><V87/><F40/><W89/><G0/><T69/><D98/><AGARI ba="5,1" hai="4,8,13,14,17,22,88,92,98,112,114,116,117,118" machi="98" ten="40,2600,0" yaku="1,1,54,1,53,0" doraHai="48" doraHaiUra="67" who="1" fromWho="0" sc="558,-41,227,51,120,0,85,0" /><INIT seed="1,0,0,3,2,74" ten="517,278,120,85" oya="1" hai0="103,109,76,104,55,92,122,91,5,132,45,125,54" hai1="62,44,117,27,33,105,82,4,26,84,116,96,10" hai2="133,134,88,65,71,3,58,118,25,135,57,110,97" hai3="12,28,23,18,24,121,107,102,114,20,130,63,36"/><U73/><E73/><V50/><F118/><W128/><G36/><T126/><D109/><U79/><E117/><V94/><F110/><W22/><G102/><T81/><D132/><U123/><E123/><V47/><F3/><W111/><G107/><T42/><D104/><U68/><E116/><V7/><F7/><W64/><G121/><T100/><D5/><U1/><E33/><V78/><F71/><W30/><G111/><T72/><D100/><U19/><E105/><V127/><F127/><N who="0" m="48650" /><D103/><U67/><E96/><V75/><F25/><N who="3" m="16423" /><G63/><T85/><D122/><U32/><E32/><V113/><F113/><W14/><G64/><T86/><D72/><U11/><E44/><V108/><F108/><W70/><G70/><T124/><D124/><U49/><REACH who="1" step="1"/><E49/><AGARI ba="0,0" hai="42,45,49,54,55,76,81,85,86,91,92" m="48650" machi="49" ten="30,2000,0" yaku="18,1,52,1" doraHai="74" who="0" fromWho="1" sc="517,20,278,-20,120,0,85,0" /><INIT seed="2,0,0,3,3,54" ten="537,258,120,85" oya="2" hai0="12,9,68,75,24,90,3,110,5,131,20,87,98" hai1="119,22,82,92,70,129,16,36,19,30,118,50,67" hai2="21,59,23,81,61,114,95,14,89,105,93,126,43" hai3="33,42,108,76,0,84,117,4,37,112,96,38,106"/><V25/><F114/><W116/><G84/><T124/><D110/><U34/><E34/><V123/><F105/><W56/><G56/><T55/><D75/><U58/><E129/><V32/><F123/><W80/><G37/><T41/><D68/><U65/><E36/><V121/><F121/><W101/><G108/><T100/><D124/><U69/><E69/><V31/><F126/><W62/><G62/><T52/><D41/><U28/><E70/><V6/><F43/><W63/><G63/><T94/><D3/><U72/><E119/><V130/><F130/><W78/><G78/><T57/><D131/><U85/><E118/><V79/><F6/><W53/><G53/><T122/><D122/><U73/><E73/><V99/><F14/><W35/><G112/><T97/><D55/><N who="1" m="32119" /><E72/><V26/><F95/><W13/><G13/><T47/><D47/><U51/><E51/><V1/><F1/><W77/><G77/><T64/><D64/><U128/><E128/><V29/><F32/><W127/><G127/><T66/><D66/><N who="1" m="25099" /><E92/><V86/><F61/><W111/><G111/><T103/><D103/><U133/><E133/><V44/><REACH who="2" step="1"/><F59/><REACH who="2" ten="537,258,110,85" step="2"/><W15/><G117/><T113/><D113/><U134/><E134/><V83/><F83/><W39/><G116/><T71/><D71/><U107/><E107/><V132/><F132/><W135/><G135/><T102/><D57/><U8/><E82/><V40/><F40/><W74/><G15/><T2/><D12/><N who="1" m="7175" /><E85/><V7/><F7/><W120/><G120/><T115/><D115/><U46/><E46/><AGARI ba="0,1" hai="21,23,25,26,29,31,44,46,79,81,86,89,93,99" machi="46" ten="40,12000,1" yaku="1,1,9,1,8,1,53,2" doraHai="54" doraHaiUra="27" who="2" fromWho="1" sc="537,0,258,-120,110,130,85,0" /><INIT seed="2,1,0,3,5,120" ten="537,138,240,85" oya="2" hai0="63,6,89,101,39,32,22,23,37,64,131,103,26" hai1="11,132,108,36,17,48,125,71,10,66,7,9,93" hai2="121,77,130,14,38,24,99,57,40,46,49,25,134" hai3="44,110,45,53,12,133,13,50,20,112,124,27,113"/><V69/><F121/><W67/><G133/><T95/><D32/><U96/><E36/><V41/><F69/><W58/><G124/><T30/><D131/><U104/><E104/><V56/><F134/><W4/><G110/><T28/><D37/><U102/><E132/><V82/><F130/><W81/><G81/><T43/><D6/><U123/><E123/><V3/><F3/><W74/><G74/><T70/><D39/><U42/><E125/><V79/><F79/><W60/><G44/><T34/><D43/><U106/><E106/><V0/><F0/><W88/><G4/><T126/><D126/><U2/><E108/><V84/><F41/><W51/><G51/><T72/><D72/><U68/><E68/><V94/><F14/><W35/><G35/><T31/><D34/><U83/><E71/><V33/><F38/><W115/><REACH who="3" step="1"/><G88/><REACH who="3" ten="537,138,240,75" step="2"/><T86/><D31/><AGARI ba="1,1" hai="12,13,20,27,31,45,50,53,58,60,67,112,113,115" machi="31" ten="40,5200,0" yaku="1,1,2,1,11,1,53,0" doraHai="120" doraHaiUra="15" who="3" fromWho="0" sc="537,-55,138,0,240,0,75,65" /><INIT seed="3,0,0,1,5,81" ten="482,138,240,140" oya="3" hai0="74,130,62,10,41,46,104,92,48,64,26,125,28" hai1="58,90,112,133,111,123,124,18,73,65,116,69,38" hai2="19,3,114,126,56,101,86,55,35,135,118,87,67" hai3="95,77,43,11,134,119,96,117,82,9,2,6,60"/><W0/><G134/><T97/><D125/><U99/><RYUUKYOKU type="yao9" ba="0,0" sc="482,0,138,0,240,0,140,0" hai1="18,38,58,65,69,73,90,99,111,112,116,123,124,133" /><INIT seed="3,1,0,0,2,25" ten="482,138,240,140" oya="3" hai0="119,93,129,88,78,10,128,86,130,64,81,43,87" hai1="39,95,46,111,18,42,19,69,79,101,33,133,105" hai2="35,34,126,6,44,31,28,67,36,104,114,127,14" hai3="53,26,116,89,123,55,99,110,107,103,41,50,109"/><W98/><G123/><T85/><D43/><U134/><E111/><N who="3" m="42506" /><G116/><T80/><D64/><U125/><E105/><V66/><F104/><W0/><G0/><T4/><D119/><U3/><E3/><V113/><F44/><N who="3" m="25871" /><G26/><T2/><D80/><U100/><E125/><N who="2" m="47627" /><F36/><W97/><G97/><AGARI ba="1,0" hai="2,4,10,78,81,85,86,87,88,93,97,128,129,130" machi="97" ten="40,2600,0" yaku="19,1,54,1" doraHai="25" who="0" fromWho="3" sc="482,29,138,0,240,0,140,-29" /><INIT seed="4,0,0,1,3,60" ten="511,138,240,111" oya="0" hai0="116,52,9,115,57,20,38,34,112,118,83,40,93" hai1="91,74,0,22,30,7,94,67,87,68,102,124,103" hai2="104,132,33,96,71,134,36,53,18,23,108,13,82" hai3="84,126,73,89,119,81,107,51,79,4,29,66,10"/><T35/><D40/><U128/><E74/><V61/><F108/><W114/><G114/><N who="0" m="43563" /><D38/><U97/><E124/><V109/><F109/><W117/><G126/><T129/><D129/><U77/><E128/><V90/><F36/><W110/><G107/><T133/><D20/><U95/><E0/><V92/><F33/><N who="0" m="12298" /><D133/><N who="2" m="51306" /><F104/><W37/><G29/><T76/><D93/><U12/><E77/><V121/><F121/><W44/><G110/><T63/><D9/><U78/><E78/><V75/><F53/><W1/><G66/><T125/><D125/><U130/><E130/><V55/><F55/><W42/><REACH who="3" step="1"/><G51/><REACH who="3" ten="511,138,240,101" step="2"/><T25/><D25/><N who="1" m="16695" /><E67/><V72/><F61/><W41/><G41/><T3/><D3/><U99/><E68/><V111/><F71/><W16/><G16/><T65/><D65/><U100/><E99/><V120/><F111/><W56/><G56/><T28/><D28/><U8/><AGARI ba="0,1" hai="7,8,12,87,91,94,95,97,100,102,103" m="16695" machi="8" ten="30,1100,0" yaku="8,1" doraHai="60" who="1" fromWho="1" sc="511,-5,138,21,240,-3,101,-3" /><INIT seed="5,0,0,0,1,110" ten="506,159,237,98" oya="1" hai0="134,41,6,26,94,72,39,101,28,18,118,115,71" hai1="46,135,97,27,96,50,1,87,116,79,47,84,53" hai2="80,40,33,124,82,54,8,61,59,60,103,37,81" hai3="83,91,35,93,122,17,34,114,108,23,125,123,55"/><U49/><E116/><V30/><F124/><W21/><G108/><T107/><D115/><U15/><E1/><V112/><F112/><W129/><G125/><T126/><D94/><U19/><E135/><V105/><F37/><W32/><G129/><T12/><D6/><U5/><E5/><V36/><F36/><W67/><G67/><T117/><D71/><U132/><E27/><V11/><F40/><W95/><G114/><T121/><D72/><U38/><E38/><V44/><F44/><W14/><G83/><T29/><D29/><U62/><E62/><V0/><F0/><W130/><G130/><T128/><D128/><U57/><E57/><V78/><F78/><W98/><G55/><T4/><D121/><U88/><E87/><V63/><F103/><W45/><G45/><T66/><D66/><U20/><E79/><V102/><F102/><W48/><G48/><T113/><D113/><U131/><E132/><V76/><F105/><W109/><G109/><T13/><D4/><U86/><E86/><V31/><F76/><W70/><G70/><T74/><D74/><U75/><E75/><V7/><F33/><W22/><REACH who="3" step="1"/><G93/><REACH who="3" ten="506,159,237,88" step="2"/><T69/><D69/><U58/><E131/><V56/><F54/><W89/><G89/><T52/><D41/><N who="1" m="24783" /><E47/><V51/><F51/><W73/><G73/><T64/><D64/><U2/><E2/><V90/><F81/><AGARI ba="0,1" hai="15,19,20,50,53,58,81,84,88,96,97" m="24783" machi="81" ten="30,2900,0" yaku="8,1,54,1" doraHai="110" who="1" fromWho="2" sc="506,0,159,39,237,-29,88,0" /><INIT seed="5,1,0,0,3,61" ten="506,198,208,88" oya="1" hai0="111,38,37,115,26,15,13,1,43,124,11,2,54" hai1="103,55,14,99,42,48,32,84,0,134,28,121,95" hai2="133,125,67,46,86,27,128,81,47,92,23,56,39" hai3="3,74,101,40,87,71,35,25,29,94,8,113,135"/><U49/><E0/><V22/><F39/><W129/><G113/><T53/><D115/><U41/><E134/><V89/><F133/><W90/><G135/><T130/><D111/><U104/><E121/><V9/><F128/><W109/><G109/><T51/><D124/><U17/><E28/><V6/><F125/><W118/><G129/><T4/><D26/><U60/><E32/><V30/><F23/><W75/><G40/><T116/><D43/><U106/><E60/><N who="2" m="38279" /><F9/><W31/><G31/><T65/><D116/><U19/><E19/><V82/><F6/><W117/><G8/><T10/><D51/><U66/><E66/><V18/><F18/><W83/><G3/><T120/><D65/><U93/><E49/><V127/><F127/><W5/><G5/><T63/><D130/><U36/><E36/><V72/><F72/><W77/><G71/><T50/><D50/><U119/><E119/><V88/><F82/><W122/><G74/><T73/><D73/><U98/><E106/><V114/><F114/><W57/><G122/><T85/><D63/><U110/><E104/><V105/><F105/><W80/><G57/><T62/><D62/><U34/><E34/><V24/><F24/><W97/><AGARI ba="1,0" hai="25,29,35,75,77,80,83,87,90,94,97,101,117,118" machi="97" ten="30,1100,0" yaku="0,1" doraHai="61" who="3" fromWho="3" sc="506,-4,198,-6,208,-4,88,14" /><INIT seed="6,0,0,5,0,10" ten="502,192,204,102" oya="2" hai0="27,71,85,41,103,30,123,115,81,111,95,22,38" hai1="43,134,125,88,63,102,40,131,39,12,78,74,80" hai2="117,119,57,0,32,4,124,130,46,60,65,35,42" hai3="44,64,8,2,23,37,7,13,135,101,112,19,66"/><V31/><F124/><W122/><G135/><T84/><D123/><U50/><E125/><V1/><F130/><W48/><G122/><T75/><D71/><U99/><E134/><V109/><F109/><W116/><G116/><T118/><D115/><U113/><E113/><V45/><F45/><W70/><G70/><T53/><D111/><U15/><E131/><V96/><F96/><W25/><G112/><T26/><D38/><U133/><E133/><V56/><F56/><W129/><G129/><T68/><D68/><U108/><E108/><V72/><F72/><W106/><G37/><T105/><D41/><U98/><E39/><V100/><F100/><W97/><REACH who="3" step="1"/><G2/><REACH who="3" ten="502,192,204,92" step="2"/><T94/><D118/><U55/><E43/><AGARI ba="0,1" hai="7,8,13,19,23,25,43,44,48,64,66,97,101,106" machi="43" ten="30,7700,0" yaku="1,1,2,1,7,1,52,1,53,0" doraHai="10" doraHaiUra="82" who="3" fromWho="1" sc="502,0,192,-77,204,0,92,87" /><INIT seed="7,0,0,1,0,117" ten="502,115,204,179" oya="3" hai0="114,133,52,19,121,64,134,63,125,110,107,22,45" hai1="57,108,119,65,35,131,90,116,120,6,10,58,41" hai2="69,50,42,78,87,113,46,126,30,23,85,9,68" hai3="28,66,102,88,17,34,18,98,105,21,79,16,27"/><W71/><G79/><T15/><D121/><U26/><E108/><V96/><F9/><W104/><G104/><T59/><D110/><U129/><E41/><V8/><F8/><W56/><G56/><T83/><D107/><U25/><E90/><V76/><F96/><W80/><G80/><T101/><D125/><U55/><E65/><V95/><F113/><W99/><G99/><T39/><D101/><U33/><E55/><V132/><F87/><W124/><G124/><T36/><D114/><U82/><E82/><V53/><F95/><W37/><G37/><T109/><D109/><U3/><E58/><N who="2" m="33079" /><F85/><W38/><G38/><T60/><D83/><U91/><E91/><V128/><F68/><W61/><G88/><T127/><D127/><U44/><E44/><V84/><F84/><W77/><G77/><T75/><D75/><U94/><E94/><V97/><F97/><W92/><G92/><T2/><D2/><U73/><E73/><V74/><F126/><W51/><G51/><N who="0" m="28783" /><D63/><U103/><E103/><V4/><F69/><W70/><G70/><T11/><D11/><U20/><E57/><V31/><F74/><W89/><G89/><T86/><D86/><U0/><E0/><V32/><F78/><W48/><G48/><T5/><D39/><U29/><E120/><V54/><F76/><W24/><AGARI ba="0,0" hai="16,17,18,21,24,27,28,34,61,66,71,98,102,105" machi="24" ten="20,12000,1" yaku="0,1,7,1,25,2,54,1" doraHai="117" who="3" fromWho="3" sc="502,-40,115,-40,204,-40,179,120" /><INIT seed="7,1,0,1,1,31" ten="462,75,164,299" oya="3" hai0="128,117,89,27,9,91,58,45,98,52,59,62,26" hai1="126,113,47,83,118,14,133,1,46,70,131,8,119" hai2="35,80,30,114,115,36,120,41,44,18,67,97,5" hai3="28,29,13,105,69,56,92,109,95,65,24,16,39"/><W87/><G39/><T68/><D117/><U96/><E70/><V100/><F120/><W25/><G105/><T15/><D68/><U79/><E1/><V57/><F18/><W106/><G69/><T94/><D128/><U84/><E131/><V7/><F80/><W102/><G106/><T125/><D125/><U81/><E126/><V130/><F130/><W10/><G109/><T49/><D91/><U6/><E113/><N who="2" m="43019" /><F57/><N who="0" m="21514" /><D62/><U4/><E133/><V103/><F67/><W60/><G87/><T21/><D21/><U19/><E119/><V108/><F108/><W116/><G116/><T55/><D55/><U66/><E66/><V99/><F100/><W3/><G3/><T101/><D101/><U132/><E132/><V129/><F99/><W122/><G122/><T17/><AGARI ba="1,0" hai="9,15,17,26,27,45,49,52,89,94,98" m="21514" machi="17" ten="30,2000,0" yaku="8,1,54,1" doraHai="31" who="0" fromWho="0" sc="462,23,75,-6,164,-6,299,-11" owari="485,58.0,69,-43.0,158,-24.0,288,9.0" /></mjloggm>