<mjloggm ver="2.3"><GO type="185" lobby="0"/><UN n0="%58%65%6C%65%72%61%74%6F" n1="%E3%83%86%E3%82%A4%E3%83%A9%E3%83%BC%E3%83%92%E3%83%AB" n2="%4B%69%64%6F%37%35%30%30" n3="" dan="16,16,16,0" rate="2216.36,2191.48,2104.50,1500.00" sx="F,F,M,C"/><TAIKYOKU oya="0"/><INIT seed="0,0,0,5,5,38" ten="350,350,350,0" oya="0" hai0="53,62,33,134,0,32,122,60,121,50,91,61,105" hai1="42,51,1,36,112,81,103,70,106,120,71,56,88" hai2="52,95,98,67,84,77,47,74,45,132,110,97,57" hai3=""/><T108/><N who="0" m="31008" /><T86/><N who="0" m="31264" /><T114/><D114/><U68/><N who="1" m="30752" /><U135/><E1/><V72/><F132/><T64/><D0/><U127/><E112/><V58/><F110/><T54/><D134/><U44/><E135/><V63/><F72/><T87/><D108/><U130/><E127/><V79/><F74/><T116/><D116/><U78/><E130/><V59/><F59/><T43/><D105/><U46/><E56/><V109/><F109/><T107/><D107/><U94/><E103/><V113/><F113/><T100/><D100/><U3/><E106/><V69/><F69/><T76/><D64/><U102/><E102/><V126/><F126/><T92/><D43/><U48/><E3/><V129/><F129/><T93/><D54/><U96/><REACH who="1" step="1"/><E44/><REACH who="1" ten="350,340,350,0" step="2"/><V85/><F45/><T101/><D101/><U111/><E111/><V119/><F47/><T125/><D125/><U99/><E99/><V90/><F119/><T66/><D32/><U128/><E128/><V40/><F98/><T65/><D33/><U82/><E82/><V89/><F97/><T123/><N who="0" m="31520" /><T2/><D2/><U39/><E39/><V83/><F83/><T124/><D124/><U34/><E34/><V80/><F80/><RYUUKYOKU ba="0,1" sc="350,-10,340,20,350,-10,0,0" hai1="36,42,46,48,51,68,70,71,78,81,88,94,96" /><INIT seed="1,1,1,3,4,58" ten="340,360,340,0" oya="1" hai0="108,120,33,117,128,74,123,61,35,86,79,34,131" hai1="99,52,80,39,114,97,118,110,0,44,53,132,54" hai2="47,63,88,60,56,115,133,66,49,42,38,62,36" hai3=""/><U92/><E0/><V40/><F133/><T91/><N who="0" m="30752" /><T41/><N who="0" m="31520" /><T45/><D108/><U68/><E68/><V100/><F100/><T72/><D117/><U127/><E118/><V116/><F116/><T46/><D61/><N who="2" m="23658" /><F88/><T87/><D79/><U82/><E132/><V122/><N who="2" m="31264" /><V104/><F104/><T75/><D41/><N who="2" m="15978" /><F115/><T111/><D111/><U48/><E39/><V130/><F130/><N who="0" m="49706" /><D87/><U81/><E127/><V109/><F109/><T77/><D77/><U51/><E114/><V96/><F96/><N who="1" m="36937" /><E110/><V134/><F134/><T57/><D75/><U124/><E124/><V101/><F101/><T65/><D74/><U98/><E44/><N who="0" m="17001" /><D72/><U83/><N who="1" m="20992" /><DORA hai="3" /><U103/><AGARI ba="1,1" hai="48,51,52,53,54,92,98,103" m="20992,36937" machi="103" ten="50,6400,0" yaku="4,1,8,1,54,1" doraHai="58,3" who="1" fromWho="1" sc="340,-33,360,76,340,-33,0,0" /><INIT seed="1,2,0,4,2,55" ten="307,436,307,0" oya="1" hai0="106,95,135,67,46,124,40,111,97,99,1,3,113" hai1="82,75,73,119,129,108,92,101,133,89,125,60,48" hai2="63,71,53,91,72,96,52,51,128,33,61,58,32" hai3=""/><U49/><E119/><V132/><F72/><T88/><D113/><U69/><E101/><V130/><F132/><T134/><D67/><U34/><E34/><V93/><F33/><T107/><D111/><U123/><N who="1" m="31520" /><U104/><E104/><V74/><F74/><T70/><D70/><U47/><E133/><N who="0" m="50697" /><D124/><U115/><E108/><V131/><F32/><T118/><D118/><U80/><E60/><V2/><F2/><N who="0" m="522" /><D99/><U120/><N who="1" m="30752" /><U68/><E115/><V83/><F71/><T57/><D57/><U103/><E68/><V102/><F53/><T36/><AGARI ba="2,0" hai="36,40,46,88,95,97,106,107" m="522,50697" machi="36" ten="30,1500,0" yaku="20,1,54,1" doraHai="55" who="0" fromWho="0" sc="307,19,436,-12,307,-7,0,0" /><INIT seed="2,0,0,3,1,47" ten="326,424,300,0" oya="2" hai0="134,52,93,117,3,106,88,120,66,50,113,49,76" hai1="70,110,104,79,84,64,115,74,80,135,107,42,92" hai2="60,56,96,123,69,83,95,35,43,38,65,130,87" hai3=""/><V62/><N who="2" m="31520" /><V85/><F130/><T131/><N who="0" m="30752" /><T114/><D131/><U71/><E115/><N who="0" m="44041" /><D117/><U97/><E42/><V111/><F35/><T46/><D3/><U57/><E135/><V125/><F125/><T1/><D1/><U78/><E110/><V53/><F111/><T98/><D134/><U119/><E119/><V86/><F43/><T61/><D76/><U118/><E79/><V77/><REACH who="2" step="1"/><F38/><REACH who="2" ten="326,424,290,0" step="2"/><T126/><D126/><U36/><E36/><V129/><F129/><T75/><D75/><U51/><E74/><V34/><F34/><T48/><D106/><U45/><E104/><V128/><F128/><T2/><D2/><U90/><E107/><V112/><F112/><T55/><D46/><U44/><E118/><V73/><F73/><T32/><D32/><U103/><E44/><V94/><F94/><T59/><AGARI ba="0,1" hai="48,49,50,52,55,59,61,66,88,93,98" m="44041,30752" machi="59" ten="30,9000,2" yaku="11,1,52,4,54,2" doraHai="47" who="0" fromWho="0" sc="326,100,424,-30,290,-60,0,0" /><INIT seed="4,0,0,5,2,96" ten="426,394,230,0" oya="0" hai0="69,105,72,46,60,34,113,122,63,47,58,109,51" hai1="108,48,66,81,68,37,38,62,59,65,2,124,57" hai2="86,1,126,92,99,90,70,76,94,115,127,131,33" hai3=""/><T135/><N who="0" m="31264" /><T130/><D72/><U0/><E108/><V95/><F70/><T54/><D105/><U75/><E124/><N who="2" m="47659" /><F33/><T117/><D34/><U79/><E68/><V61/><F1/><T112/><D109/><U80/><E48/><V56/><F131/><T84/><D84/><U82/><E79/><V71/><F71/><T104/><D130/><U107/><E107/><V116/><F116/><T119/><D104/><U114/><E114/><N who="0" m="44137" /><D135/><U53/><E75/><V101/><F115/><T132/><D132/><U120/><N who="1" m="30752" /><U36/><E53/><V83/><F56/><N who="1" m="21577" /><E62/><N who="0" m="23593" /><D69/><U129/><E129/><V123/><N who="2" m="31520" /><V78/><F61/><T89/><D89/><U42/><E42/><V64/><F64/><AGARI ba="0,0" hai="0,2,36,37,38,64,65,66,80,81,82" m="21577,30752" machi="64" ten="40,5200,0" yaku="28,2,52,1" doraHai="96" who="1" fromWho="2" sc="426,0,394,52,230,-52,0,0" /><INIT seed="5,0,0,1,1,106" ten="426,446,178,0" oya="1" hai0="81,132,54,56,103,47,118,121,117,49,134,135,37" hai1="108,73,77,2,88,114,61,76,113,83,93,75,74" hai2="102,128,39,95,44,90,115,126,78,55,58,123,70" hai3=""/><U65/><E2/><V129/><N who="2" m="31520" /><V91/><F70/><T112/><N who="0" m="31008" /><T99/><D81/><U41/><E41/><V72/><F126/><T96/><D112/><N who="1" m="43115" /><E108/><V3/><F3/><T57/><D99/><U50/><E50/><V116/><F116/><N who="0" m="44650" /><D37/><U38/><E38/><V82/><F115/><T66/><D66/><U71/><E83/><V84/><F44/><T101/><D101/><U130/><E130/><N who="2" m="50283" /><F39/><T42/><D42/><U119/><E119/><V94/><F102/><T100/><D100/><U133/><E133/><V111/><F111/><T68/><D68/><U59/><E71/><V120/><N who="2" m="30752" /><V52/><F58/><T109/><D109/><U86/><AGARI ba="0,0" hai="59,61,65,73,74,75,76,77,86,88,93" m="43115" machi="86" ten="40,8000,1" yaku="15,1,52,3,54,1" doraHai="106" who="1" fromWho="1" sc="426,-40,446,80,178,-40,0,0" /><INIT seed="5,1,0,2,2,110" ten="386,526,138,0" oya="1" hai0="83,46,36,70,119,120,107,103,45,43,53,104,100" hai1="117,92,48,102,38,74,62,89,60,68,65,88,109" hai2="85,130,71,95,1,72,126,40,34,76,129,125,64" hai3=""/><U108/><E74/><V57/><F34/><T122/><N who="0" m="30752" /><T49/><N who="0" m="31264" /><T0/><D0/><U63/><E38/><V73/><F1/><T69/><D119/><U54/><E102/><V91/><F71/><T3/><D3/><U56/><E89/><V111/><F40/><T41/><D83/><U79/><E79/><V106/><F57/><T132/><D132/><U101/><E101/><V116/><F64/><T2/><D2/><U47/><E117/><V58/><F58/><T66/><D66/><U115/><E68/><V42/><F42/><T82/><D53/><U112/><E56/><V114/><F106/><T59/><D59/><U131/><E131/><N who="2" m="50187" /><F116/><T44/><D69/><U55/><E55/><V135/><F135/><T80/><D70/><U87/><E65/><V121/><N who="2" m="31008" /><V128/><N who="2" m="50195" /><V118/><DORA hai="51" /><F118/><T113/><D36/><U133/><E133/><V93/><F111/><AGARI ba="1,0" hai="47,48,54,60,62,63,87,88,92,108,109,111,112,115" machi="111" ten="40,12000,1" yaku="10,1,52,3,54,1" doraHai="110,51" who="1" fromWho="2" sc="386,0,526,122,138,-122,0,0" /><INIT seed="5,2,0,0,5,111" ten="386,648,16,0" oya="1" hai0="48,83,40,87,122,45,99,2,50,54,73,93,120" hai1="52,75,109,105,128,79,125,39,121,41,38,34,108" hai2="0,88,3,86,72,124,66,130,115,44,103,127,110" hai3=""/><U85/><E105/><V129/><F72/><T36/><N who="0" m="30752" /><T56/><N who="0" m="31264" /><T134/><D2/><N who="2" m="554" /><F110/><T118/><D134/><U78/><E125/><N who="2" m="48203" /><F66/><T132/><D132/><U102/><E128/><N who="2" m="49259" /><F103/><T77/><D118/><U32/><E102/><V84/><F44/><T35/><D35/><U70/><E75/><V100/><F100/><T42/><D73/><U81/><E32/><V133/><F133/><T60/><D42/><U135/><E41/><V69/><F69/><T104/><D104/><U59/><E70/><V113/><F86/><T90/><AGARI ba="2,0" hai="36,40,45,48,50,54,56,60,77,83,87,90,93,99" m="31264,30752" machi="90" ten="20,3900,0" yaku="0,1,7,1,52,2" doraHai="111" who="0" fromWho="0" sc="386,43,648,-28,16,-15,0,0" /><INIT seed="6,0,0,5,5,1" ten="429,620,1,0" oya="2" hai0="3,62,111,34,88,0,66,51,130,116,125,110,72" hai1="42,103,123,99,84,44,69,86,118,79,76,70,132" hai2="94,128,52,63,35,89,90,134,106,133,38,60,93" hai3=""/><V73/><F106/><T59/><D116/><U74/><E84/><V119/><F38/><T101/><D72/><U80/><E118/><V83/><F119/><T113/><D130/><U120/><E132/><N who="2" m="50795" /><F128/><T37/><D125/><U126/><E86/><V97/><F73/><T47/><D113/><U92/><E76/><V112/><F83/><T56/><D101/><U122/><E126/><V53/><F112/><T85/><D37/><U36/><AGARI ba="0,0" hai="36,42,44,69,70,74,79,80,92,99,103,120,122,123" machi="36" ten="30,800,0" yaku="0,1" doraHai="1" who="1" fromWho="1" sc="429,-3,620,8,1,-5,0,0" owari="426,3.0,628,57.0,-4,-60.0,0,0.0" /></mjloggm>