<mjloggm ver="2.3"><GO type="169" lobby="0"/><UN n0="%72%52%66%44%79%55%66" n1="%E3%82%A2%E3%83%BC%E3%82%AF%EF%BC%AB" n2="%E3%81%A1%E3%82%87%E3%82%8A%E3%81%8A" n3="%E3%82%82%E3%82%8A%E3%81%96%E3%81%AD" dan="16,17,18,16" rate="2122.92,2220.84,2215.22,2148.64" sx="M,M,M,M"/><TAIKYOKU oya="0"/><INIT seed="0,0,0,5,1,115" ten="250,250,250,250" oya="0" hai0="67,118,88,31,117,2,42,49,54,13,28,34,97" hai1="102,130,6,99,40,24,104,41,18,44,63,62,35" hai2="9,78,100,11,65,3,56,135,85,73,70,96,93" hai3="80,16,71,58,121,25,36,32,123,7,133,81,47"/><T27/><D2/><U92/><E130/><V131/><F131/><W79/><G71/><T111/><D42/><U119/><E41/><V4/><F135/><W103/><G133/><T39/><D39/><U33/><E6/><V77/><F70/><W90/><G103/><T126/><D67/><U15/><E104/><V55/><F65/><W51/><G7/><T64/><D64/><U21/><E119/><V5/><F73/><W0/><G0/><T26/><D126/><U106/><E106/><V17/><F17/><W101/><G101/><T87/><D13/><U114/><E114/><V10/><F3/><W75/><G58/><T1/><D97/><U23/><E33/><V113/><F113/><W14/><G36/><T82/><D111/><U69/><E35/><V120/><F120/><W108/><G108/><T116/><D1/><U132/><E132/><V45/><F45/><W48/><G51/><T60/><D60/><U76/><E76/><N who="2" m="29291" /><F85/><N who="3" m="50479" /><G32/><T107/><D107/><U38/><E69/><V37/><F37/><W129/><G25/><T84/><D84/><U112/><E112/><V52/><F55/><N who="3" m="30111" /><G129/><T86/><D86/><U91/><E102/><V68/><F68/><W122/><G122/><T95/><D82/><U105/><E105/><V59/><F59/><W20/><G121/><T94/><D94/><U30/><AGARI ba="0,0" hai="15,18,21,23,24,30,38,40,44,62,63,91,92,99" machi="30" ten="20,1500,0" yaku="0,1,7,1" doraHai="115" who="1" fromWho="1" sc="250,-7,250,15,250,-4,250,-4" /><INIT seed="1,0,0,1,2,100" ten="243,265,246,246" oya="1" hai0="65,89,20,122,102,53,106,112,12,104,35,87,52" hai1="3,26,116,125,29,96,2,103,44,88,8,94,14" hai2="27,107,129,25,57,73,50,76,79,81,40,99,121" hai3="132,23,95,72,16,11,55,19,47,126,10,80,115"/><U46/><E116/><V92/><F121/><W114/><G95/><T127/><D112/><U43/><E125/><V120/><F120/><W64/><G64/><T97/><D122/><U5/><E46/><V86/><F129/><W37/><G126/><T48/><D35/><U4/><E4/><V60/><F107/><W30/><G30/><T33/><D33/><U93/><E26/><V68/><F76/><W24/><G132/><T38/><D127/><U18/><E29/><V135/><F73/><W54/><G54/><T69/><D38/><U128/><E128/><V84/><F84/><W49/><G37/><T51/><D104/><U131/><E131/><V77/><F77/><W9/><REACH who="3" step="1"/><G19/><REACH who="3" ten="243,265,246,236" step="2"/><T71/><D65/><U41/><E18/><V0/><F135/><W110/><G110/><T61/><D61/><U75/><E43/><V63/><F63/><W111/><G111/><T21/><D53/><U32/><E32/><V67/><F68/><W134/><G134/><T6/><D51/><U124/><E124/><V117/><F50/><W66/><G66/><T28/><D28/><U45/><E41/><V113/><F40/><W56/><G56/><T133/><D133/><U70/><E70/><V82/><F57/><W39/><G39/><T98/><D71/><U22/><E45/><V58/><F58/><W130/><G130/><T17/><D69/><U105/><E44/><V78/><F60/><W101/><G101/><T85/><D6/><U91/><E103/><V59/><F59/><W74/><G74/><T109/><D109/><U42/><E75/><V34/><F67/><RYUUKYOKU ba="0,1" sc="243,-10,265,-10,246,-10,236,30" hai3="9,10,11,16,23,24,47,49,55,72,80,114,115" /><INIT seed="2,1,1,5,4,92" ten="233,255,236,266" oya="2" hai0="18,78,70,121,98,61,36,48,71,115,108,26,66" hai1="125,44,55,42,20,7,25,94,75,111,29,21,118" hai2="43,112,103,34,99,53,67,39,13,74,90,14,0" hai3="85,73,35,4,24,89,12,63,128,22,110,51,27"/><V11/><F112/><W58/><G73/><T64/><D108/><U45/><E75/><V91/><F34/><W8/><G110/><T131/><D115/><U2/><E111/><V52/><F74/><W59/><G128/><T60/><D121/><U105/><E105/><V107/><F67/><W19/><G35/><T129/><D78/><U84/><E118/><V134/><F0/><W119/><G119/><T127/><D18/><U5/><E125/><V69/><F69/><W30/><G51/><T79/><D79/><U123/><E2/><V33/><F33/><W130/><G130/><N who="0" m="49675" /><D26/><U82/><E21/><V31/><F31/><W104/><G104/><T9/><D9/><U97/><E55/><V3/><F3/><W56/><G27/><T122/><D122/><U47/><E42/><V117/><F14/><W124/><G124/><T23/><D23/><U49/><E49/><V41/><F41/><W102/><G102/><T65/><D36/><U77/><REACH who="1" step="1"/><E123/><REACH who="1" ten="233,245,236,266" step="2"/><V32/><F117/><W109/><G109/><T68/><D127/><U113/><E113/><V38/><F32/><W80/><REACH who="3" step="1"/><G30/><REACH who="3" ten="233,245,236,256" step="2"/><T50/><D98/><U133/><E133/><V40/><F134/><W37/><G37/><T95/><D95/><U132/><E132/><V93/><F38/><W106/><G106/><T72/><D72/><U10/><E10/><V17/><F39/><W126/><G126/><T116/><D116/><U57/><E57/><V16/><F107/><W120/><G120/><T83/><D83/><U76/><E76/><V96/><F40/><W15/><G15/><T135/><D135/><RYUUKYOKU ba="1,3" sc="233,10,245,10,236,-30,256,10" hai0="48,50,60,61,64,65,66,68,70,71" hai1="5,7,20,25,29,44,45,47,77,82,84,94,97" hai3="4,8,12,19,22,24,56,58,59,63,80,85,89" /><INIT seed="3,2,3,1,1,27" ten="243,255,206,266" oya="3" hai0="86,122,89,72,101,65,104,100,5,79,34,110,94" hai1="37,112,16,46,96,47,7,117,129,71,31,61,91" hai2="131,23,15,14,134,63,87,56,80,74,69,115,81" hai3="3,85,126,13,26,41,0,11,19,18,125,52,98"/><W33/><G41/><T113/><D34/><U93/><E112/><V35/><F115/><W107/><G85/><T97/><D113/><U73/><E73/><V28/><F35/><W95/><G107/><T120/><D5/><U103/><E31/><V84/><F74/><W58/><G33/><T60/><D110/><U99/><E7/><V62/><F69/><W24/><G0/><T127/><D127/><N who="3" m="48649" /><G18/><T54/><D54/><U49/><E37/><V50/><F50/><N who="3" m="30999" /><G3/><T30/><D30/><U25/><E117/><V2/><F2/><W22/><G11/><T45/><D45/><U135/><E96/><V82/><F131/><W83/><G83/><N who="0" m="45543" /><D101/><AGARI ba="2,3" hai="13,19,22,24,26,95,98,101" m="30999,48649" machi="101" ten="30,2900,0" yaku="18,1,54,1" doraHai="27" who="3" fromWho="0" sc="243,-35,255,0,206,0,266,65" /><INIT seed="3,3,0,5,4,6" ten="208,255,206,331" oya="3" hai0="87,4,98,22,85,44,10,107,42,105,64,84,63" hai1="2,47,16,88,134,83,115,80,28,118,133,61,79" hai2="37,53,48,91,13,131,25,36,9,73,54,5,7" hai3="122,108,20,100,24,96,17,102,26,27,130,126,1"/><W70/><G122/><T111/><D111/><U32/><E115/><V21/><F73/><W8/><G108/><T31/><D98/><U129/><E2/><V113/><F113/><W59/><G70/><T55/><D55/><U38/><E118/><V97/><F131/><W52/><G130/><T43/><D22/><U15/><E129/><V94/><F5/><W90/><G126/><T51/><D31/><U89/><E61/><V86/><F54/><W135/><G135/><N who="1" m="51722" /><E80/><V92/><F94/><N who="3" m="56407" /><G1/><T71/><REACH who="0" step="1"/><D43/><REACH who="0" ten="198,255,206,331" step="2"/><N who="1" m="23031" /><E28/><V34/><F34/><W72/><G20/><T112/><D112/><U123/><E32/><V45/><F97/><W50/><G72/><T117/><D117/><U128/><E128/><V66/><REACH who="2" step="1"/><F66/><REACH who="2" ten="198,255,196,331" step="2"/><W68/><G68/><T82/><D82/><U0/><E123/><V95/><F95/><W101/><G101/><T60/><D60/><U18/><E83/><V132/><F132/><W74/><G74/><T41/><D41/><U77/><E0/><AGARI ba="3,2" hai="0,4,10,42,44,51,63,64,71,84,85,87,105,107" machi="0" ten="40,5200,0" yaku="1,1,52,1,53,1" doraHai="6" doraHaiUra="67" who="0" fromWho="1" sc="198,81,255,-61,196,0,331,0" /><INIT seed="4,0,0,0,1,33" ten="279,194,196,331" oya="0" hai0="28,68,115,47,59,62,69,77,23,123,117,99,92" hai1="103,7,132,37,133,18,70,107,11,40,6,38,8" hai2="57,101,135,65,90,104,94,75,121,26,19,30,5" hai3="111,25,127,88,29,124,52,110,56,97,82,96,36"/><T102/><D115/><U74/><E74/><V119/><F121/><W42/><G42/><T0/><D117/><U67/><E40/><V134/><F75/><W80/><G36/><T73/><D123/><U12/><E107/><V85/><F119/><W81/><G29/><T91/><D47/><U48/><E103/><V2/><F19/><W125/><G25/><N who="0" m="16447" /><D91/><U64/><E48/><V17/><F17/><W72/><G72/><T83/><D0/><U53/><E18/><V15/><F15/><W3/><G3/><T108/><D108/><U21/><E21/><V89/><F104/><W106/><G106/><T31/><D31/><U129/><E53/><V114/><F101/><W44/><G44/><T112/><D112/><U55/><E55/><V120/><F120/><W14/><G14/><T113/><D113/><U78/><E12/><V41/><F41/><W45/><G45/><T16/><D16/><U32/><E70/><V50/><F90/><W126/><G126/><T39/><D39/><U87/><E78/><V93/><F93/><N who="3" m="56359" /><G97/><T100/><D100/><U71/><E71/><V118/><F118/><W35/><G35/><T49/><D49/><AGARI ba="0,0" hai="49,52,56,80,81,82,110,111,124,125,127" m="56359" machi="49" ten="40,5200,0" yaku="18,1,54,2" doraHai="33" who="3" fromWho="0" sc="279,-52,194,0,196,0,331,52" /><INIT seed="5,0,0,5,2,76" ten="227,194,196,383" oya="1" hai0="70,94,1,11,52,69,85,25,103,126,20,80,116" hai1="132,109,5,119,48,22,14,59,68,134,90,56,21" hai2="81,99,128,54,105,107,41,106,36,33,9,64,88" hai3="89,118,62,112,53,78,77,135,40,35,130,61,65"/><U44/><E68/><V73/><F33/><W24/><G112/><T30/><D116/><U38/><E38/><V122/><F122/><W49/><G130/><T131/><D131/><U101/><E119/><V111/><F111/><W29/><G135/><N who="1" m="51754" /><E101/><V39/><F64/><W110/><G61/><T129/><D129/><U86/><E109/><V84/><F73/><W26/><G26/><T46/><D126/><U60/><E5/><V15/><F41/><W2/><G2/><T51/><D1/><U7/><E7/><V83/><F99/><W123/><G40/><T113/><D113/><U50/><E59/><V124/><F124/><W8/><G123/><T19/><D94/><U17/><E22/><V37/><F54/><W13/><G53/><T34/><D103/><U28/><E28/><V120/><F120/><W10/><G29/><T74/><D74/><U67/><E44/><V72/><F128/><W12/><G35/><T23/><D34/><U121/><E121/><V43/><F43/><W47/><G47/><T100/><D100/><U0/><E0/><V93/><REACH who="2" step="1"/><F72/><REACH who="2" ten="227,194,186,383" step="2"/><W45/><G110/><T104/><D104/><U79/><E79/><V97/><F97/><W102/><G78/><T96/><D96/><U6/><E6/><AGARI ba="0,1" hai="6,9,15,36,37,39,81,83,84,88,93,105,106,107" machi="6" ten="50,8000,1" yaku="1,1,52,2,54,1,53,0" doraHai="76" doraHaiUra="32" who="2" fromWho="1" sc="227,0,194,-80,186,90,383,0" /><INIT seed="6,0,0,3,1,100" ten="227,114,276,383" oya="2" hai0="7,57,8,33,103,134,25,62,95,64,16,54,10" hai1="36,51,82,78,130,106,99,12,69,18,110,29,48" hai2="76,32,79,75,60,68,1,23,74,120,122,3,86" hai3="20,34,89,94,35,93,14,41,47,73,83,87,37"/><V128/><F32/><W17/><REACH who="3" step="1"/><G73/><REACH who="3" ten="227,114,276,373" step="2"/><T0/><D134/><U45/><E110/><V107/><F75/><W72/><G72/><T9/><D64/><U135/><E130/><V53/><F74/><W112/><G112/><T58/><D58/><U38/><E135/><V133/><F133/><W42/><G42/><T49/><D62/><U28/><E69/><V2/><F128/><W4/><G4/><T85/><D33/><AGARI ba="0,1" hai="14,17,20,33,34,35,37,41,47,83,87,89,93,94" machi="33" ten="40,8000,1" yaku="21,2,53,3" doraHai="100" doraHaiUra="30" who="3" fromWho="0" sc="227,-80,114,0,276,0,373,90" /><INIT seed="7,0,0,3,1,74" ten="147,114,276,463" oya="3" hai0="22,108,24,134,54,65,106,92,44,41,102,18,50" hai1="104,87,10,81,17,124,73,86,6,60,84,52,9" hai2="76,114,125,135,64,20,107,116,101,37,35,48,109" hai3="129,32,122,131,21,63,128,112,97,1,85,105,130"/><W69/><G112/><T72/><D108/><U51/><E104/><V8/><F76/><W58/><G122/><T99/><D134/><U70/><E124/><V90/><F48/><W83/><G32/><T49/><D72/><U75/><E17/><V71/><F20/><W100/><G1/><T55/><D65/><U123/><E123/><V11/><F90/><W132/><G132/><T16/><D106/><U42/><E42/><V34/><F11/><W36/><G36/><T13/><D50/><U33/><E33/><V7/><F8/><AGARI ba="0,0" hai="8,13,16,18,22,24,41,44,49,54,55,92,99,102" machi="8" ten="30,3900,0" yaku="7,1,8,1,54,1" doraHai="74" who="0" fromWho="2" sc="147,39,114,0,276,-39,463,0" owari="186,-21.0,114,-39.0,237,4.0,463,56.0" /></mjloggm>