<mjloggm ver="2.3"><GO type="225" lobby="0"/><UN n0="%E9%89%84%E5%BC%B7%E3%83%A2%E3%83%92%E3%83%BC%E3%83%8C%E4%B8%83%E6%AE%B5" n1="%E3%81%82%E3%81%9A%E3%81%8D%E3%81%82%E3%81%9A%E3%81%95" n2="%70%69%6E%70%69%6E%36" n3="%E9%BA%BB%E9%9B%80%E5%A4%AA%E9%83%8E" dan="18,16,16,17" rate="2236.30,2105.43,2184.36,2205.68" sx="F,M,M,M"/><TAIKYOKU oya="0"/><INIT seed="0,0,0,1,4,120" ten="250,250,250,250" oya="0" hai0="15,33,74,45,131,108,34,4,41,111,82,125,31" hai1="48,93,38,77,134,57,3,107,130,110,97,28,81" hai2="83,101,53,11,13,116,30,85,86,50,96,118,23" hai3="63,49,98,2,32,104,89,43,12,62,56,27,55"/><T121/><D121/><U113/><E38/><V124/><F124/><W5/><G2/><T24/><D125/><U73/><E3/><V75/><F75/><W36/><G36/><T65/><D131/><U100/><E130/><V114/><F114/><W115/><G115/><T119/><D119/><N who="2" m="45610" /><F30/><W67/><G43/><T95/><D65/><U6/><E113/><V59/><F23/><W87/><G32/><T94/><D34/><U46/><E6/><N who="2" m="3319" /><F83/><W54/><G27/><T39/><D4/><U133/><E28/><V1/><F1/><W106/><G98/><T7/><D7/><U61/><E81/><V47/><F59/><W10/><G54/><T16/><D82/><U105/><E57/><V71/><F71/><W64/><G106/><AGARI ba="0,0" hai="47,50,53,85,86,96,101,106" m="3319,45610" machi="106" ten="30,1000,0" yaku="12,1" doraHai="120" who="2" fromWho="3" sc="250,0,250,0,250,10,250,-10" /><INIT seed="1,0,0,3,1,89" ten="250,250,260,240" oya="1" hai0="73,104,90,13,49,106,9,58,105,124,40,24,72" hai1="54,121,86,114,19,126,135,78,44,23,109,111,35" hai2="77,65,27,91,38,39,34,85,93,92,28,75,110" hai3="29,43,41,118,81,48,10,53,57,50,63,87,18"/><U96/><E114/><V12/><F65/><W31/><G118/><T103/><D124/><U21/><E121/><V47/><F110/><N who="1" m="41993" /><E35/><V17/><F47/><W6/><G18/><T60/><D73/><U127/><E135/><V129/><F129/><W99/><G99/><T66/><D72/><U84/><E96/><V128/><F128/><W101/><G101/><T8/><D24/><N who="1" m="14399" /><E23/><V88/><F77/><W70/><G70/><T100/><D90/><U108/><N who="1" m="42001" /><U15/><DORA hai="62" /><E15/><V67/><F75/><W71/><G71/><T132/><D132/><U82/><E84/><V16/><F67/><W36/><G36/><T22/><D22/><U20/><E20/><V131/><F131/><W32/><G32/><T134/><D134/><U46/><E54/><V76/><F76/><W80/><G87/><T4/><REACH who="0" step="1"/><D9/><REACH who="0" ten="240,250,260,240" step="2"/><U42/><E42/><V102/><F102/><W45/><G10/><T122/><D122/><U64/><E127/><V5/><F12/><W120/><G43/><T3/><D3/><U83/><E126/><V11/><F27/><W119/><G41/><T133/><D133/><U123/><E123/><V51/><F11/><W125/><G120/><T79/><D79/><U112/><E112/><V55/><F34/><W0/><G125/><T94/><D94/><U116/><E116/><V14/><F92/><W59/><G0/><T25/><D25/><U95/><E95/><V61/><F93/><W1/><G1/><T74/><D74/><U113/><E113/><V68/><F91/><W97/><G119/><T37/><D37/><U52/><E78/><RYUUKYOKU ba="0,1" sc="240,30,250,-10,260,-10,240,-10" hai0="4,8,13,40,49,58,60,66,100,103,104,105,106" /><INIT seed="2,1,1,1,5,87" ten="270,240,250,230" oya="2" hai0="102,128,70,41,11,120,85,127,126,59,23,121,109" hai1="4,38,74,5,124,63,89,88,69,68,32,106,78" hai2="25,95,3,46,28,110,13,133,107,86,20,30,36" hai3="115,123,90,64,129,83,80,40,67,135,112,94,130"/><V17/><F107/><W49/><G123/><T52/><D109/><U71/><E106/><V47/><F133/><W61/><G135/><T55/><D70/><U56/><E32/><V91/><F110/><W105/><G105/><T33/><D33/><U97/><E38/><V118/><F118/><W27/><G27/><T12/><D128/><N who="3" m="49257" /><G49/><T114/><D41/><U65/><E124/><V24/><F3/><W116/><G40/><T122/><D114/><N who="3" m="43561" /><G116/><T31/><D127/><U45/><E45/><N who="2" m="16907" /><F36/><W16/><G16/><T42/><D42/><U7/><REACH who="1" step="1"/><E97/><REACH who="1" ten="270,230,250,230" step="2"/><V8/><F25/><W113/><G113/><T9/><D126/><U132/><E132/><V117/><F117/><W104/><G104/><T18/><D122/><U15/><E15/><V73/><F73/><W93/><G67/><T99/><D121/><U79/><E79/><V84/><F84/><N who="3" m="50463" /><G80/><AGARI ba="1,2" hai="4,5,7,56,63,65,68,69,71,74,78,80,88,89" machi="80" ten="50,12000,2" yaku="1,1,52,2,54,1,53,3" doraHai="87" doraHaiUra="0" who="1" fromWho="3" sc="270,0,230,143,250,0,230,-123" /><INIT seed="3,0,0,0,1,106" ten="270,373,250,107" oya="3" hai0="75,94,13,5,134,37,74,46,26,93,44,19,65" hai1="50,115,58,10,63,67,92,132,43,62,45,18,28" hai2="103,49,2,24,54,36,53,4,6,104,114,128,123" hai3="68,8,60,122,3,77,109,52,95,15,16,59,55"/><W98/><G122/><T76/><D37/><U119/><E119/><V82/><F36/><W105/><G105/><T125/><D125/><U116/><E116/><V7/><F123/><W56/><G68/><T57/><D134/><U38/><E115/><V107/><F114/><W40/><G109/><T120/><D120/><U72/><E72/><V111/><F111/><W130/><G130/><T42/><D76/><U21/><E132/><V11/><F128/><W41/><G77/><T23/><D75/><U12/><E92/><N who="0" m="35433" /><D74/><U88/><E88/><V79/><F24/><W29/><G29/><T127/><D42/><U118/><E118/><V100/><F104/><W126/><G3/><T30/><D5/><U17/><E28/><V14/><F107/><W86/><G86/><T51/><D51/><U97/><E97/><V31/><F31/><W32/><G32/><T108/><D127/><U34/><E34/><V66/><F66/><W47/><G47/><T101/><D101/><U69/><E38/><V80/><F2/><W131/><G131/><T48/><D108/><U27/><E69/><V25/><F25/><W91/><G126/><T9/><D48/><AGARI ba="0,0" hai="8,15,16,40,41,48,52,55,56,59,60,91,95,98" machi="48" ten="30,11600,0" yaku="7,1,8,1,54,2" doraHai="106" who="3" fromWho="0" sc="270,-116,373,0,250,0,107,116" /><INIT seed="3,1,0,3,0,91" ten="154,373,250,223" oya="3" hai0="85,63,79,128,8,53,38,37,13,29,31,95,123" hai1="74,108,5,3,16,77,72,51,17,60,78,93,27" hai2="130,86,39,103,46,135,20,129,132,15,10,88,55" hai3="112,47,111,30,124,116,12,69,109,101,104,40,113"/><W89/><G69/><T41/><D123/><U102/><E108/><N who="3" m="41546" /><G116/><T119/><D128/><N who="2" m="49258" /><F103/><W83/><G30/><T4/><D119/><U0/><E51/><N who="2" m="29175" /><F20/><W2/><G2/><T115/><D115/><U122/><E27/><V7/><F39/><N who="3" m="21919" /><G12/><T73/><D38/><U126/><E3/><V36/><F36/><W18/><G18/><T97/><D73/><U68/><E17/><V105/><F105/><W25/><G25/><T107/><D107/><U133/><E72/><V66/><F66/><W110/><G124/><T76/><D37/><U28/><E16/><V80/><AGARI ba="1,0" hai="7,10,15,80,86,88,132,135" m="29175,49258" machi="80" ten="30,2000,0" yaku="19,1,54,1" doraHai="91" who="2" fromWho="2" sc="154,-6,373,-6,250,23,223,-11" owari="148,-35.0,367,47.0,273,7.0,212,-19.0" /></mjloggm>