<mjloggm ver="2.3"><GO type="169" lobby="0"/><UN n0="%E5%8D%83%E7%BE%BD%E9%B4%89" n1="%63%6C%75%74%63%68%37%33" n2="%E7%9C%BC%E7%A7%91%E5%8C%BB" n3="%E2%98%85%E6%9C%88%E7%A5%9E%E2%98%85%EF%BC%A0%4D%4A" dan="17,17,16,18" rate="2220.22,2168.39,2123.65,2232.03" sx="F,M,M,M"/><TAIKYOKU oya="0"/><INIT seed="0,0,0,0,1,3" ten="250,250,250,250" oya="0" hai0="118,64,102,14,123,31,46,35,34,1,76,47,121" hai1="90,131,112,125,71,13,0,82,132,49,106,74,62" hai2="84,8,117,67,83,135,48,60,15,98,40,124,42" hai3="32,101,93,116,92,129,43,115,119,108,28,6,81"/><T53/><D1/><U104/><E90/><V44/><F135/><W33/><G115/><T36/><D118/><U89/><E89/><V20/><F124/><W61/><G108/><T130/><D64/><U110/><E49/><V65/><F117/><W37/><G61/><T54/><D76/><U55/><E55/><V87/><F20/><W41/><G81/><T95/><D95/><U105/><E13/><V26/><F26/><W66/><G66/><T133/><D102/><U107/><E107/><V69/><F67/><W24/><G129/><T79/><D79/><U85/><E85/><V122/><F122/><W113/><G113/><T23/><D130/><U11/><E112/><V99/><F42/><W18/><G24/><T114/><D114/><U63/><E63/><V88/><REACH who="2" step="1"/><F84/><REACH who="2" ten="250,250,240,250" step="2"/><W50/><G41/><T120/><D133/><U51/><E132/><V80/><F80/><W134/><G43/><T59/><D35/><U38/><E125/><V21/><F21/><W25/><G33/><T56/><D34/><U97/><E131/><V39/><F39/><W94/><G37/><T96/><D36/><U75/><E38/><V68/><F68/><W9/><G32/><T58/><D31/><U16/><E71/><V77/><F77/><W72/><G28/><T7/><D23/><U4/><E110/><V17/><AGARI ba="0,1" hai="8,15,17,40,44,48,60,65,69,83,87,88,98,99" machi="17" ten="20,5200,0" yaku="1,1,0,1,7,1,54,1,53,0" doraHai="3" doraHaiUra="30" who="2" fromWho="2" sc="250,-26,250,-13,240,62,250,-13" /><INIT seed="1,0,0,4,0,68" ten="224,237,302,237" oya="1" hai0="3,132,99,20,96,26,122,123,121,98,130,63,89" hai1="25,17,59,4,78,100,54,117,50,88,93,49,69" hai2="16,85,44,34,120,5,125,105,40,36,62,124,14" hai3="0,71,128,119,77,33,83,75,31,35,72,66,133"/><U109/><E117/><V67/><F120/><W107/><G119/><T80/><D3/><U32/><E69/><V23/><F105/><W12/><G128/><T118/><D118/><U84/><E109/><V60/><F34/><W6/><G12/><T53/><D130/><U39/><E4/><V106/><F106/><W134/><G75/><T38/><D132/><N who="3" m="50793" /><G31/><T87/><D38/><U90/><E39/><V30/><F30/><W11/><G107/><T1/><D1/><U52/><E32/><V47/><F47/><W48/><G48/><T28/><D63/><AGARI ba="0,0" hai="0,6,11,33,35,63,66,71,72,77,83" m="50793" machi="63" ten="30,2000,0" yaku="20,1,23,1" doraHai="68" who="3" fromWho="0" sc="224,-20,237,0,302,0,237,20" /><INIT seed="2,0,0,5,3,122" ten="204,237,302,257" oya="2" hai0="22,128,59,61,24,52,56,114,33,111,130,132,18" hai1="14,38,126,129,79,71,57,30,55,124,58,105,127" hai2="8,9,125,93,5,97,3,113,15,66,27,32,65" hai3="83,1,84,117,17,98,62,60,96,43,63,16,81"/><V48/><F113/><W134/><G1/><T95/><D114/><U73/><E105/><V82/><F125/><W41/><G117/><T29/><D132/><U104/><E104/><V53/><F82/><N who="3" m="31243" /><G84/><T118/><D118/><U86/><E73/><V64/><F32/><W100/><G100/><T36/><D36/><U19/><E79/><V37/><F27/><W123/><G134/><T69/><D111/><U7/><E86/><V89/><F37/><W26/><G26/><T44/><D69/><U54/><E71/><V0/><REACH who="2" step="1"/><F9/><REACH who="2" ten="204,237,292,257" step="2"/><W78/><G123/><T119/><D119/><U121/><E38/><V135/><F135/><W12/><G78/><T70/><D33/><U28/><E121/><V107/><F107/><W47/><G12/><T23/><D95/><U133/><E133/><V116/><F116/><W42/><G47/><AGARI ba="0,1" hai="0,3,5,8,15,47,48,53,64,65,66,89,93,97" machi="47" ten="40,7700,0" yaku="1,1,53,2" doraHai="122" doraHaiUra="34" who="2" fromWho="3" sc="204,0,237,0,292,87,257,-77" /><INIT seed="2,1,0,1,5,9" ten="204,237,379,180" oya="2" hai0="108,46,55,123,82,60,73,35,31,54,120,76,95" hai1="2,45,59,25,0,57,77,40,110,96,18,127,8" hai2="89,118,33,7,81,131,48,44,64,121,43,116,19" hai3="34,67,24,66,106,126,85,23,117,52,92,122,87"/><V61/><F121/><W133/><G122/><T49/><D108/><U16/><E110/><V17/><F131/><W124/><G106/><T42/><D55/><U115/><E127/><V93/><F33/><W26/><G34/><T4/><D4/><U38/><E115/><V62/><F81/><W113/><G92/><T109/><D109/><U70/><E70/><V58/><F7/><W134/><G23/><T83/><D83/><U130/><E130/><V65/><F118/><W97/><G97/><T1/><D1/><U56/><E96/><V29/><F29/><W14/><G14/><T41/><D41/><U39/><E39/><V99/><REACH who="2" step="1"/><F116/><REACH who="2" ten="204,237,369,180" step="2"/><W50/><G117/><T135/><D35/><U53/><E77/><V13/><F13/><W30/><G113/><T101/><D31/><U90/><E2/><V119/><F119/><W3/><G3/><T75/><D76/><U100/><E0/><V71/><AGARI ba="1,1" hai="17,19,43,44,48,58,61,62,64,65,71,89,93,99" machi="71" ten="20,3900,0" yaku="1,1,0,1,7,1,53,0" doraHai="9" doraHaiUra="103" who="2" fromWho="2" sc="204,-14,237,-14,369,52,180,-14" /><INIT seed="2,2,0,3,5,32" ten="190,223,421,166" oya="2" hai0="96,133,135,111,123,57,4,60,99,118,30,104,54" hai1="62,88,25,132,27,129,44,92,110,124,53,59,36" hai2="34,12,89,23,29,17,43,130,15,76,78,122,91" hai3="79,9,21,5,10,90,100,70,87,107,105,113,7"/><V20/><F122/><W22/><G70/><T35/><D123/><U55/><E110/><V51/><F34/><W1/><G79/><T85/><D111/><U75/><E132/><N who="0" m="50761" /><D104/><U119/><E129/><V24/><F130/><W38/><G38/><T63/><D118/><U81/><E124/><V74/><F74/><W45/><G45/><T117/><D117/><U97/><E119/><V68/><F68/><W126/><G126/><T67/><D4/><U31/><E53/><V95/><F12/><W2/><G113/><T98/><D85/><U46/><E36/><V58/><F91/><W66/><G66/><T41/><D41/><U112/><E112/><V50/><F50/><W39/><G39/><T52/><D60/><U128/><E27/><AGARI ba="2,0" hai="27,30,35,52,54,57,63,67,96,98,99" m="50761" machi="27" ten="30,2000,0" yaku="20,1,54,1" doraHai="32" who="0" fromWho="1" sc="190,26,223,-26,421,0,166,0" /><INIT seed="3,0,0,4,5,124" ten="216,197,421,166" oya="3" hai0="29,73,83,135,61,55,28,118,11,47,76,10,20" hai1="13,74,107,45,41,111,84,94,33,85,97,91,30" hai2="25,108,86,63,34,46,18,114,15,2,67,89,65" hai3="119,129,16,122,36,48,42,116,53,12,112,23,101"/><W58/><G122/><T102/><D118/><U39/><E111/><V131/><F114/><W31/><G112/><T21/><D135/><U43/><E74/><V123/><F2/><W100/><G129/><T113/><D113/><U72/><E72/><V38/><F131/><W62/><G31/><T7/><D102/><U80/><E43/><V82/><F108/><W37/><G116/><T79/><D79/><U51/><E39/><V54/><F123/><W109/><G109/><T134/><D134/><U93/><E107/><V105/><F105/><W130/><G130/><T78/><D78/><U0/><E0/><V22/><F38/><W106/><G119/><T126/><D126/><U96/><E30/><V17/><F34/><W27/><G27/><T117/><D117/><U133/><E33/><V95/><F95/><W120/><G120/><T6/><D28/><U77/><E133/><V87/><F87/><W99/><REACH who="3" step="1"/><G101/><REACH who="3" ten="216,197,421,156" step="2"/><T125/><D29/><U24/><E24/><V92/><F25/><W49/><G49/><T98/><D125/><U32/><E32/><V44/><F63/><W127/><G127/><T1/><D61/><U68/><E68/><V70/><F70/><W9/><G9/><T121/><D121/><U110/><E110/><V104/><F22/><W8/><G8/><T52/><D11/><U3/><E3/><V71/><F71/><W60/><G60/><T14/><D1/><U115/><E115/><V56/><F15/><W50/><G50/><T69/><D69/><U132/><E132/><V35/><F35/><W90/><G90/><T4/><D10/><RYUUKYOKU ba="0,1" sc="216,-10,197,-10,421,-10,156,30" hai3="12,16,23,36,37,42,48,53,58,62,99,100,106" /><INIT seed="3,1,1,3,4,21" ten="206,187,411,186" oya="3" hai0="77,65,1,22,41,92,98,106,107,61,20,112,52" hai1="62,46,44,35,84,108,36,32,128,103,2,124,26" hai2="79,42,28,95,131,114,91,58,110,71,25,96,24" hai3="100,101,89,67,29,119,121,94,39,11,113,4,85"/><W118/><G121/><T15/><D1/><U17/><E2/><V9/><F71/><W7/><G39/><T19/><D112/><U5/><E5/><V86/><F114/><W73/><G113/><T43/><D77/><U69/><E108/><V105/><F110/><W122/><G73/><T81/><D81/><U3/><E3/><V38/><F131/><W134/><G122/><T74/><D74/><U64/><E128/><V102/><F28/><W57/><G134/><T111/><D111/><U130/><E130/><V12/><F58/><W116/><G29/><T40/><D20/><U49/><E84/><V135/><F135/><W30/><G30/><T125/><D125/><U50/><E36/><V55/><F55/><W127/><G127/><T31/><D31/><U83/><E83/><V99/><F79/><W126/><G126/><T34/><D34/><U23/><E103/><V78/><F78/><W88/><G89/><T120/><D52/><U132/><E132/><V33/><F33/><W87/><G85/><T104/><D120/><U10/><E10/><V72/><F86/><W45/><G45/><T63/><REACH who="0" step="1"/><D65/><REACH who="0" ten="196,187,411,186" step="2"/><U90/><E124/><V27/><F72/><W133/><G133/><T129/><D129/><U109/><E109/><V48/><F38/><W68/><G68/><T76/><D76/><U6/><E35/><V16/><F42/><W82/><G82/><T37/><D37/><U115/><E32/><V51/><AGARI ba="1,2" hai="9,12,16,24,25,27,48,51,91,95,96,99,102,105" machi="51" ten="30,8000,1" yaku="0,1,52,3,54,1" doraHai="21" who="2" fromWho="2" sc="196,-21,187,-21,411,103,186,-41" /><INIT seed="4,0,0,5,1,50" ten="175,166,514,145" oya="0" hai0="96,19,29,69,87,66,36,86,112,108,72,107,59" hai1="119,126,58,16,67,24,53,23,12,17,104,0,91" hai2="73,54,101,74,34,79,95,98,55,64,115,109,135" hai3="128,63,26,7,31,10,6,130,57,124,85,70,38"/><T33/><D112/><U47/><E0/><V89/><F109/><W51/><G38/><T93/><D108/><U120/><E126/><V80/><F34/><W56/><G124/><T97/><D72/><U116/><E120/><V122/><F122/><W49/><G70/><T123/><D36/><U28/><E104/><V76/><F64/><W75/><G75/><T110/><D110/><U125/><E125/><V40/><F40/><W21/><G85/><T132/><D132/><U118/><E67/><V27/><F135/><W2/><G6/><T43/><D43/><U13/><E47/><V9/><F115/><W41/><G57/><T25/><D19/><U45/><E45/><V60/><F60/><W22/><G21/><T82/><D59/><U83/><E91/><V92/><F27/><W46/><REACH who="3" step="1"/><G49/><REACH who="3" ten="175,166,514,135" step="2"/><T99/><D123/><U14/><REACH who="1" step="1"/><E83/><REACH who="1" ten="175,156,514,135" step="2"/><V106/><F80/><W129/><G129/><T121/><D121/><U100/><E100/><V90/><F101/><W42/><G42/><T62/><D82/><U77/><E77/><V111/><F111/><W44/><G44/><T61/><D107/><U20/><E20/><V94/><F106/><W18/><G18/><T71/><D93/><U32/><E32/><V1/><F95/><W48/><G48/><AGARI ba="0,2" hai="12,13,14,16,17,23,24,28,48,53,58,116,118,119" machi="48" ten="50,6400,0" yaku="1,1,52,1,54,1,53,0" doraHai="50" doraHaiUra="39" who="1" fromWho="3" sc="175,0,156,84,514,0,135,-64" /><INIT seed="5,0,0,0,0,8" ten="175,240,514,71" oya="1" hai0="34,27,68,6,85,77,26,70,121,17,73,35,99" hai1="135,106,108,126,23,36,49,21,97,2,38,9,132" hai2="89,33,115,56,78,130,14,79,28,133,48,94,47" hai3="46,100,86,0,19,3,62,88,112,105,32,1,42"/><U37/><E126/><V15/><F33/><W117/><G32/><T63/><D73/><U75/><E75/><V57/><F28/><W45/><G112/><T24/><D6/><U98/><E108/><V123/><F123/><W51/><G117/><T61/><D99/><N who="1" m="37899" /><E106/><V127/><F127/><W74/><G74/><T109/><D17/><U50/><E2/><V60/><F130/><W67/><G100/><T91/><D77/><N who="2" m="29194" /><F133/><N who="1" m="51273" /><E9/><V114/><F89/><W95/><G105/><T7/><D7/><U13/><E13/><N who="2" m="4619" /><F60/><W39/><G19/><T66/><D109/><U118/><E118/><V5/><F94/><W54/><REACH who="3" step="1"/><G1/><REACH who="3" ten="175,240,514,61" step="2"/><T120/><D121/><U134/><E134/><V29/><F5/><W58/><AGARI ba="0,1" hai="0,3,39,42,45,46,51,54,58,62,67,86,88,95" machi="58" ten="20,8000,1" yaku="1,1,2,1,0,1,7,1,54,1,53,0" doraHai="8" doraHaiUra="4" who="3" fromWho="3" sc="175,-20,240,-40,514,-20,61,90" /><INIT seed="6,0,0,1,1,134" ten="155,200,494,151" oya="2" hai0="124,50,23,34,54,27,45,101,79,111,13,129,72" hai1="127,97,125,59,88,115,52,28,71,103,44,120,15" hai2="86,112,76,117,25,90,39,9,58,89,69,53,63" hai3="107,114,18,102,78,91,57,126,56,61,131,105,33"/><V118/><F39/><W113/><G33/><T41/><D111/><U80/><E71/><V6/><F76/><W1/><G1/><T94/><D129/><U100/><E115/><N who="3" m="44042" /><G131/><T82/><D124/><N who="1" m="47691" /><E120/><V47/><F112/><W38/><G126/><T74/><D34/><U60/><E28/><V5/><F5/><W10/><G38/><T19/><D101/><U84/><E15/><V46/><F90/><W128/><G128/><T109/><D94/><N who="1" m="56519" /><E44/><V32/><F69/><W16/><G78/><AGARI ba="0,0" hai="52,59,60,78,80,84,100,103" m="56519,47691" machi="78" ten="30,12000,2" yaku="18,1,52,3,54,2" doraHai="134" who="1" fromWho="3" sc="155,0,200,120,494,0,151,-120" /><INIT seed="7,0,0,4,0,51" ten="155,320,494,31" oya="3" hai0="90,32,106,54,81,44,73,24,83,49,26,119,96" hai1="16,31,52,65,17,130,34,55,43,27,67,118,59" hai2="48,105,9,28,135,1,12,97,40,100,107,122,4" hai3="23,129,62,89,71,15,45,93,95,21,99,56,20"/><W75/><G75/><T104/><D119/><U60/><E130/><V3/><F107/><W76/><G71/><T113/><D113/><U74/><E74/><V63/><F28/><W125/><G125/><T79/><D32/><U66/><E118/><V117/><F117/><W0/><G0/><T68/><D68/><U112/><E112/><V78/><F135/><W91/><G76/><T38/><D38/><U101/><E43/><V133/><F133/><W8/><G45/><T2/><D2/><U70/><E70/><V47/><F122/><W64/><G129/><T108/><D108/><U109/><E109/><V124/><F124/><W53/><G64/><T94/><REACH who="0" step="1"/><D83/><REACH who="0" ten="145,320,494,31" step="2"/><U85/><E67/><V11/><F78/><W92/><REACH who="3" step="1"/><G99/><REACH who="3" ten="145,320,494,21" step="2"/><T57/><D57/><N who="1" m="34855" /><E65/><V13/><F1/><W120/><G120/><T30/><D30/><U88/><E66/><V35/><F3/><W61/><G61/><T132/><D132/><U111/><E111/><V19/><F63/><W110/><G110/><T42/><D42/><U29/><E29/><V134/><F134/><W80/><G80/><T116/><D116/><U77/><E77/><V86/><F40/><W33/><G33/><T22/><D22/><U36/><E34/><V7/><F35/><W69/><G69/><T72/><D72/><U84/><E31/><V128/><F128/><W39/><G39/><T46/><D46/><U98/><E36/><V102/><F47/><W58/><G58/><T41/><D41/><U123/><E59/><V127/><F127/><W121/><G121/><T25/><AGARI ba="0,2" hai="24,25,26,44,49,54,73,79,81,90,94,96,104,106" machi="25" ten="30,4000,0" yaku="1,1,0,1,52,1,53,0" doraHai="51" doraHaiUra="14" who="0" fromWho="0" sc="145,60,320,-10,494,-10,21,-20" owari="205,-19.0,310,11.0,484,58.0,1,-50.0" /></mjloggm>