<mjloggm ver="2.3"><GO type="169" lobby="0"/><UN n0="%52%59%4F%40%53%53" n1="%E3%83%8F%E3%83%83%E3%83%88%E3%83%AA%E3%82%B9" n2="%E9%9B%AA%E6%9C%88%E9%A2%A8%E8%8A%B1" n3="%E9%8A%80%E8%89%B2%E3%81%84%E3%81%8C%E3%81%90%E3%82%8A" dan="18,17,16,18" rate="2214.34,2169.05,2215.53,2276.27" sx="M,M,F,M"/><TAIKYOKU oya="0"/><INIT seed="0,0,0,2,4,14" ten="250,250,250,250" oya="0" hai0="79,18,116,81,40,52,109,33,7,89,54,38,75" hai1="128,70,129,130,65,103,110,72,107,53,28,48,127" hai2="56,90,27,37,35,51,13,101,124,44,69,94,68" hai3="63,111,126,77,46,0,12,97,2,4,24,134,125"/><T88/><D116/><U29/><E72/><V135/><F135/><W39/><G77/><T25/><D7/><U30/><E110/><V87/><F124/><W92/><G111/><T57/><D109/><U1/><E1/><V60/><F37/><W59/><G134/><T71/><D71/><U43/><E43/><V58/><F101/><W93/><G24/><T64/><D64/><U19/><E127/><N who="3" m="48650" /><G92/><T100/><D100/><U66/><E70/><V62/><F27/><W82/><G82/><T76/><D76/><U50/><E19/><V20/><F68/><W83/><G83/><T5/><D5/><U78/><E78/><V115/><F69/><W3/><G12/><T106/><D106/><U85/><E85/><V96/><F87/><W102/><G4/><T121/><D54/><U41/><E41/><N who="2" m="24975" /><F35/><W11/><G11/><T99/><D99/><N who="1" m="61951" /><E50/><V105/><F105/><W47/><G39/><T10/><D10/><U118/><E130/><V120/><F96/><W61/><G61/><T22/><D33/><U23/><E129/><V122/><F60/><W67/><AGARI ba="0,0" hai="0,2,3,46,47,59,63,67,93,97,102" m="48650" machi="67" ten="40,1500,0" yaku="18,1" doraHai="14" who="3" fromWho="3" sc="250,-7,250,-4,250,-4,250,15" /><INIT seed="1,0,0,3,5,38" ten="243,246,246,265" oya="1" hai0="106,25,40,42,67,133,92,111,108,76,56,96,21" hai1="28,100,102,107,32,120,53,110,72,113,58,131,73" hai2="104,124,109,48,70,7,93,26,101,8,97,90,60" hai3="77,37,64,95,1,6,61,117,118,2,80,66,129"/><U127/><E113/><V99/><F109/><N who="0" m="42058" /><D106/><U79/><E110/><V15/><F124/><W115/><G115/><T87/><D133/><U34/><E127/><V36/><F36/><W81/><G37/><T130/><D130/><U0/><E0/><V63/><F70/><W91/><G129/><T24/><D76/><U39/><E39/><V9/><F26/><N who="0" m="10346" /><D87/><U74/><E79/><V54/><F8/><W23/><G23/><T69/><D21/><U50/><E120/><V121/><F121/><W71/><G66/><T134/><D69/><U68/><E131/><V119/><F119/><N who="3" m="45579" /><G6/><T31/><D31/><U52/><E68/><V122/><F122/><W114/><G114/><T78/><D78/><U132/><E132/><V3/><F3/><N who="3" m="1035" /><G77/><T44/><D44/><AGARI ba="0,0" hai="7,9,15,44,48,54,60,63,90,93,97,99,101,104" machi="44" ten="30,1000,0" yaku="7,1" doraHai="38" who="2" fromWho="0" sc="243,-10,246,0,246,10,265,0" /><INIT seed="2,0,0,0,3,54" ten="233,246,256,265" oya="2" hai0="2,29,27,131,110,107,82,71,17,102,70,108,52" hai1="72,132,61,49,124,51,24,86,60,84,109,85,119" hai2="37,41,11,113,56,95,105,134,62,22,74,76,39" hai3="64,93,104,103,122,8,43,126,63,44,116,13,19"/><V87/><F105/><W40/><G126/><T111/><D2/><U68/><E119/><V133/><F113/><W1/><G122/><T83/><D17/><U128/><E72/><V65/><F22/><W32/><G116/><T135/><D131/><U69/><E124/><V123/><F123/><W23/><G32/><T92/><D107/><U73/><E73/><V36/><F11/><W98/><G104/><T80/><D135/><N who="2" m="51722" /><F74/><W55/><G1/><T5/><D5/><U53/><E132/><V50/><F50/><W12/><G55/><T18/><D18/><U3/><E3/><V101/><F101/><W58/><G44/><T34/><REACH who="0" step="1"/><D52/><REACH who="0" ten="223,246,256,265" step="2"/><U112/><E53/><V94/><F41/><W91/><G103/><T100/><D100/><U130/><E112/><V114/><F114/><W47/><G47/><T88/><D88/><U0/><E0/><V7/><F7/><AGARI ba="0,1" hai="7,8,12,13,19,23,40,43,58,63,64,91,93,98" machi="7" ten="30,3900,0" yaku="7,1,8,1,52,1" doraHai="54" who="3" fromWho="2" sc="223,0,246,0,256,-39,265,49" /><INIT seed="3,0,0,0,2,90" ten="223,246,217,314" oya="3" hai0="8,61,59,81,115,128,23,74,16,7,107,44,95" hai1="130,91,122,85,98,39,55,102,18,80,82,120,87" hai2="78,68,57,79,93,126,109,124,64,48,42,56,70" hai3="119,37,50,121,3,133,58,72,15,118,129,110,53"/><W47/><G3/><T9/><D107/><U132/><E39/><V25/><F109/><W14/><G72/><T62/><D115/><U0/><E0/><V108/><F108/><W94/><G121/><T12/><D128/><U131/><E18/><V22/><F42/><W123/><G123/><T77/><D44/><U71/><E55/><V46/><F46/><W134/><G129/><N who="1" m="49162" /><E71/><V89/><F64/><W26/><G26/><T4/><D59/><U69/><E69/><V28/><F68/><W101/><G110/><T32/><D32/><U51/><E51/><V66/><F70/><W83/><G83/><T135/><D135/><N who="3" m="51721" /><G37/><T36/><D36/><U20/><E20/><V19/><F66/><W31/><G31/><T6/><D62/><U84/><E84/><N who="2" m="52391" /><F28/><W75/><G75/><T33/><D61/><U127/><E127/><N who="2" m="48683" /><F57/><W88/><G58/><T41/><D33/><U92/><E132/><V86/><F86/><N who="3" m="52503" /><G14/><T5/><N who="0" m="1024" /><DORA hai="1" /><T29/><D29/><U10/><E122/><V11/><F56/><W116/><G15/><T63/><D63/><U106/><E120/><V67/><F67/><W43/><G101/><T24/><D41/><AGARI ba="0,0" hai="41,43,47,50,53,116,118,119" m="52503,51721" machi="41" ten="40,7700,0" yaku="20,1,52,1,54,1" doraHai="90,1" who="3" fromWho="0" sc="223,-77,246,0,217,0,314,77" /><INIT seed="3,1,0,0,2,121" ten="146,246,217,391" oya="3" hai0="85,116,44,35,45,38,67,15,24,69,129,62,119" hai1="59,88,61,118,79,96,53,4,112,124,66,9,135" hai2="117,40,7,78,65,3,33,22,120,82,114,132,125" hai3="76,91,107,18,51,49,13,25,115,23,110,106,128"/><W108/><G115/><T32/><D129/><U21/><E112/><V58/><F114/><W105/><G128/><T123/><D123/><U31/><E118/><V83/><F120/><W42/><G76/><T68/><D15/><U0/><E124/><V28/><F117/><W11/><G91/><T130/><D85/><U1/><E79/><V12/><F125/><W27/><G27/><T29/><D130/><U102/><E135/><V126/><F132/><W104/><N who="3" m="26624" /><DORA hai="122" /><W77/><G77/><T50/><D69/><U63/><E1/><V46/><F3/><W19/><G42/><T17/><D17/><U89/><E21/><V80/><F22/><W131/><REACH who="3" step="1"/><G131/><REACH who="3" ten="146,246,217,381" step="2"/><T90/><D90/><U54/><E88/><V10/><F40/><W92/><G92/><T72/><D119/><U74/><E89/><V36/><F78/><W75/><G75/><T98/><D116/><U34/><E74/><V103/><F126/><W30/><G30/><T87/><D72/><U39/><E31/><V16/><F28/><W100/><G100/><T71/><D87/><U109/><E102/><V37/><F103/><W6/><G6/><T113/><D113/><U2/><E4/><V99/><F7/><W8/><G8/><T86/><D86/><U93/><E93/><V84/><F10/><W41/><G41/><N who="0" m="22583" /><D98/><U56/><E96/><V5/><F99/><W20/><G20/><T134/><D134/><U94/><E94/><V60/><F84/><W101/><G101/><T14/><D35/><U47/><E34/><V81/><F33/><W111/><AGARI ba="1,1" hai="11,13,18,19,23,25,49,51,108,110,111" m="26624" machi="111" ten="70,24000,3" yaku="1,1,0,1,14,1,10,1,52,6,53,0" doraHai="121,122" doraHaiUra="95,52" who="3" fromWho="3" sc="146,-81,246,-81,217,-81,381,253" /><INIT seed="3,2,0,0,2,130" ten="65,165,136,634" oya="3" hai0="64,45,78,85,0,108,121,28,4,3,75,71,123" hai1="122,58,90,91,72,38,12,104,24,114,106,132,129" hai2="35,131,6,135,7,133,43,26,125,65,50,109,86" hai3="112,118,66,120,119,69,60,53,97,94,34,17,39"/><W84/><G120/><T67/><D108/><U115/><E38/><V14/><F109/><W29/><G112/><T5/><D85/><U70/><E70/><V18/><F131/><W92/><G39/><T46/><D28/><U33/><E72/><V44/><F65/><W54/><G34/><T55/><D78/><U32/><E58/><V25/><F86/><W20/><G29/><T79/><D79/><U73/><E73/><V31/><F25/><W68/><G68/><T59/><D75/><U105/><E122/><V10/><REACH who="2" step="1"/><F125/><REACH who="2" ten="65,165,126,634" step="2"/><W77/><G66/><T51/><D71/><U9/><E24/><V87/><F87/><W37/><G84/><T82/><D82/><U83/><E83/><V88/><F88/><W128/><G69/><T22/><D123/><U15/><E129/><V111/><F111/><W30/><G128/><T63/><D121/><U13/><E9/><V103/><F103/><W23/><G77/><T76/><D76/><U110/><E110/><V40/><F40/><W124/><G124/><T2/><D67/><U102/><E102/><V19/><F19/><W127/><G17/><T61/><D64/><U98/><E114/><V80/><F80/><W107/><G127/><T99/><D99/><U117/><E115/><V62/><F62/><W74/><G97/><T27/><D63/><U48/><E98/><V89/><F89/><W41/><G60/><T93/><D61/><U134/><E91/><V100/><F100/><W57/><G41/><T113/><D113/><U56/><E90/><V81/><F81/><W11/><G74/><T36/><D27/><RYUUKYOKU ba="2,1" sc="65,-10,165,-10,126,30,634,-10" hai2="6,7,10,14,18,26,31,35,43,44,50,133,135" /><INIT seed="4,3,1,5,4,89" ten="55,155,156,624" oya="0" hai0="133,12,56,48,35,111,33,85,20,112,21,122,124" hai1="102,0,107,90,82,129,13,59,97,14,78,37,73" hai2="108,57,95,106,3,75,87,10,88,1,130,43,36" hai3="93,11,61,119,117,123,101,41,53,127,22,64,29"/><T134/><D122/><U81/><E129/><V70/><F70/><W62/><G123/><T67/><D112/><U91/><E37/><V19/><F130/><W114/><G41/><T42/><D124/><U110/><E0/><V31/><F106/><W126/><G114/><T51/><D111/><U30/><E110/><V55/><F108/><W77/><G77/><T68/><D68/><U60/><E30/><V44/><F31/><W104/><G104/><T15/><D85/><U120/><E120/><V8/><F75/><W79/><G79/><T17/><D42/><U71/><E71/><V115/><F115/><W121/><G11/><T113/><D113/><U47/><E47/><V66/><F66/><W92/><G101/><T125/><D125/><N who="3" m="47625" /><G121/><T25/><D67/><U7/><E90/><V100/><F10/><W9/><G9/><T40/><D40/><U103/><E7/><V18/><F100/><W131/><G131/><T24/><REACH who="0" step="1"/><D56/><REACH who="0" ten="45,155,156,624" step="2"/><U63/><E59/><V49/><REACH who="2" step="1"/><F3/><REACH who="2" ten="45,155,146,624" step="2"/><W52/><G64/><T132/><D132/><U135/><E135/><V98/><F98/><W72/><G72/><T58/><D58/><U80/><E97/><V23/><F23/><W74/><G74/><T65/><D65/><U6/><E73/><V38/><F38/><W116/><G22/><T4/><D4/><AGARI ba="3,3" hai="1,4,8,18,19,36,43,44,49,55,57,87,88,95" machi="4" ten="40,5200,0" yaku="1,1,52,1,54,1,53,0" doraHai="89" doraHaiUra="16" who="2" fromWho="0" sc="45,-61,155,0,146,91,624,0" owari="-16,-52.0,155,-24.0,237,4.0,624,72.0" /></mjloggm>