<mjloggm ver="2.3"><GO type="169" lobby="0"/><UN n0="%E3%81%B5%E3%81%8B" n1="%E3%81%8A%E7%9F%A5%E3%82%89%E3%81%9B" n2="%E3%82%A2%E3%83%BC%E3%82%AF%EF%BC%AB" n3="%4D%72%46%65%6E%67" dan="18,19,17,16" rate="2235.52,2321.47,2226.87,2097.11" sx="M,M,M,M"/><TAIKYOKU oya="0"/><INIT seed="0,0,0,1,1,112" ten="250,250,250,250" oya="0" hai0="26,95,16,100,38,96,118,64,62,24,121,54,65" hai1="86,60,56,108,1,31,14,45,10,132,20,125,51" hai2="9,28,71,107,79,106,5,49,81,32,67,92,33" hai3="134,63,43,39,80,3,76,119,109,103,127,73,30"/><T75/><D121/><U70/><E108/><V129/><F129/><W83/><G109/><T19/><D75/><U82/><E132/><V0/><F92/><W135/><G83/><T2/><D2/><U8/><E70/><V37/><F49/><W91/><G91/><T115/><D38/><U50/><E1/><V128/><F37/><W35/><G3/><T13/><D118/><U21/><E125/><V55/><F55/><W46/><G127/><T57/><D115/><U131/><E31/><V72/><F128/><W110/><G110/><T99/><D99/><U18/><E8/><V93/><F93/><W58/><G103/><T124/><D124/><U114/><E114/><V48/><F48/><W105/><G105/><N who="2" m="39945" /><F28/><W27/><REACH who="3" step="1"/><G119/><REACH who="3" ten="250,250,250,240" step="2"/><T94/><D94/><U133/><E131/><V12/><F0/><W68/><G68/><T7/><D100/><U77/><E133/><V113/><F81/><W66/><AGARI ba="0,1" hai="27,30,35,39,43,46,58,63,66,73,76,80,134,135" machi="66" ten="30,2000,0" yaku="1,1,0,1,53,0" doraHai="112" doraHaiUra="120" who="3" fromWho="3" sc="250,-10,250,-5,250,-5,240,30" /><INIT seed="1,0,0,4,2,1" ten="240,245,245,270" oya="1" hai0="100,15,43,101,118,46,48,33,25,23,47,89,87" hai1="69,96,103,17,94,52,40,120,70,107,44,88,130" hai2="81,122,31,105,18,60,45,83,32,116,77,55,112" hai3="114,106,58,128,72,20,75,99,113,61,51,124,21"/><U78/><E120/><V50/><F105/><W57/><G51/><T66/><D118/><U56/><E78/><V110/><F112/><W10/><G61/><T3/><D3/><U93/><E130/><V68/><F116/><W108/><G10/><T28/><D66/><U86/><E107/><V62/><F122/><W27/><G106/><T24/><D46/><U132/><E132/><V90/><F110/><W73/><G108/><T95/><REACH who="0" step="1"/><D15/><REACH who="0" ten="230,245,245,270" step="2"/><U115/><E115/><V29/><F45/><W127/><G114/><T84/><D84/><U11/><E11/><V36/><F68/><W111/><G113/><T4/><D4/><U26/><E26/><V67/><F67/><W22/><G111/><T37/><D37/><U41/><E17/><AGARI ba="0,1" hai="17,23,24,25,28,33,43,47,48,87,89,95,100,101" machi="17" ten="30,3900,0" yaku="1,1,7,1,53,1" doraHai="1" doraHaiUra="85" who="0" fromWho="1" sc="230,49,245,-39,245,0,270,0" /><INIT seed="2,0,0,1,2,80" ten="279,206,245,270" oya="2" hai0="23,41,129,9,30,79,132,128,33,48,126,105,19" hai1="95,54,86,59,92,40,93,49,44,100,70,91,38" hai2="94,24,8,5,3,20,96,116,34,35,107,89,72" hai3="14,123,88,22,115,99,103,108,39,125,0,15,87"/><V84/><F116/><W53/><G0/><T113/><D105/><U83/><REACH who="1" step="1"/><E70/><REACH who="1" ten="279,196,245,270" step="2"/><V17/><REACH who="2" step="1"/><F72/><REACH who="2" ten="279,196,235,270" step="2"/><W78/><G115/><T101/><D113/><U29/><E29/><V57/><F57/><W119/><G119/><T26/><D30/><U18/><E18/><V51/><F51/><W64/><G39/><T68/><D19/><U110/><E110/><V74/><F74/><W67/><G108/><T131/><D48/><U27/><E27/><V114/><F114/><W124/><G123/><T52/><D26/><U6/><E6/><V42/><F42/><W28/><G28/><T134/><D41/><U1/><E1/><V71/><F71/><W13/><G124/><T77/><D68/><U37/><E37/><V60/><F60/><W85/><G125/><T45/><D126/><U111/><E111/><V76/><F76/><W104/><G78/><T4/><D79/><U90/><E90/><V55/><F55/><W43/><G88/><T120/><D52/><U112/><E112/><V106/><F106/><W2/><G2/><T61/><D77/><U10/><E10/><V98/><F98/><AGARI ba="0,2" hai="38,40,44,49,54,59,83,86,91,92,93,95,98,100" machi="98" ten="40,8000,1" yaku="21,2,52,1,53,1" doraHai="80" doraHaiUra="81" who="1" fromWho="2" sc="279,0,196,100,235,-80,270,0" /><INIT seed="3,0,0,1,4,119" ten="279,296,155,270" oya="3" hai0="80,95,84,123,124,97,28,34,76,24,2,82,39" hai1="101,90,67,45,33,132,46,78,47,3,122,38,21" hai2="104,1,12,83,103,14,65,109,135,23,7,116,92" hai3="72,58,37,112,43,66,108,17,62,5,128,49,96"/><W51/><G72/><T50/><D39/><U86/><E33/><V93/><F116/><W121/><G112/><T70/><D70/><U134/><E38/><V81/><F1/><W63/><G5/><T75/><D124/><U89/><E3/><V114/><F114/><W131/><G96/><T8/><D50/><N who="3" m="18953" /><G17/><T60/><D60/><U127/><E67/><V115/><F115/><W106/><G106/><T15/><D2/><U55/><E55/><V88/><F104/><W20/><G20/><T100/><D123/><U52/><E52/><V44/><F7/><W29/><G29/><T4/><REACH who="0" step="1"/><D82/><REACH who="0" ten="269,296,155,270" step="2"/><U31/><E122/><V0/><F83/><W61/><G121/><T102/><D102/><U79/><E101/><V98/><F81/><W18/><G108/><T105/><D105/><U9/><E127/><V11/><F109/><W111/><G111/><T120/><D120/><U6/><E134/><V26/><F135/><W16/><G37/><T71/><D71/><U68/><E68/><V99/><F44/><W22/><G66/><T73/><AGARI ba="0,1" hai="4,8,15,24,28,34,73,75,76,80,84,95,97,100" machi="73" ten="30,2000,0" yaku="1,1,0,1,53,0" doraHai="119" doraHaiUra="113" who="0" fromWho="0" sc="269,30,296,-5,155,-5,270,-10" /><INIT seed="4,0,0,2,0,0" ten="299,291,150,260" oya="0" hai0="41,128,30,24,55,65,104,126,73,18,19,36,88" hai1="74,53,56,112,85,58,20,118,26,66,105,12,11" hai2="81,1,61,47,67,83,90,62,35,2,96,25,48" hai3="91,122,39,107,28,8,79,110,3,125,109,38,111"/><T135/><D73/><U116/><E74/><V22/><F35/><W5/><G91/><T46/><D104/><U32/><E32/><V40/><F62/><W114/><G28/><T52/><D128/><U124/><E105/><V76/><F76/><W34/><G34/><T129/><D129/><U94/><E124/><V4/><F83/><W84/><G84/><T21/><D126/><U131/><E131/><V27/><F27/><W87/><G125/><T120/><D120/><U50/><E112/><V130/><F130/><W71/><G87/><T7/><D135/><U33/><E33/><V64/><F64/><W16/><G114/><T69/><D88/><N who="1" m="53519" /><E66/><V95/><F81/><W15/><G71/><T63/><D7/><N who="1" m="3199" /><E118/><V127/><F127/><W49/><G122/><T10/><D10/><U134/><E116/><V75/><F4/><W101/><G79/><T57/><REACH who="0" step="1"/><D55/><REACH who="0" ten="289,291,150,260" step="2"/><U44/><E134/><V72/><F72/><W117/><G117/><T78/><D78/><U86/><E86/><V37/><F75/><W119/><G119/><T108/><D108/><U113/><E113/><V13/><F2/><W97/><REACH who="3" step="1"/><G49/><AGARI ba="0,1" hai="18,19,21,24,30,36,41,46,49,52,57,63,65,69" machi="49" ten="30,12000,1" yaku="1,1,7,1,24,2,54,1,53,0" doraHai="0" doraHaiUra="121" who="0" fromWho="3" sc="289,130,291,0,150,0,260,-120" /><INIT seed="4,1,0,0,3,99" ten="419,291,150,140" oya="0" hai0="23,7,91,93,32,84,50,124,47,114,58,10,30" hai1="118,52,74,13,110,2,62,129,126,119,135,5,97" hai2="6,90,101,107,82,75,77,43,106,92,71,41,127" hai3="66,111,104,64,85,69,132,60,68,28,15,131,4"/><T44/><D32/><U24/><E110/><V109/><F71/><W38/><G111/><T18/><D114/><U87/><E74/><V98/><F109/><W121/><G38/><T83/><D124/><U96/><E2/><V40/><F127/><W33/><G121/><T31/><D58/><U103/><E126/><V51/><F6/><W45/><G131/><T48/><D93/><U67/><E135/><V134/><F134/><W8/><G104/><T123/><D123/><U20/><E97/><V55/><REACH who="2" step="1"/><F90/><REACH who="2" ten="419,291,140,140" step="2"/><W78/><G132/><T19/><D7/><U89/><E89/><V116/><F116/><W102/><G69/><T112/><D112/><U21/><E5/><V34/><F34/><W54/><G68/><T25/><D18/><U130/><E118/><V11/><F11/><W76/><G33/><T128/><D10/><U53/><E119/><V81/><F81/><W35/><G35/><T70/><D70/><U125/><E125/><V1/><F1/><W63/><G28/><T73/><D128/><U80/><E130/><V3/><F3/><W113/><G113/><T122/><D122/><U39/><E80/><V14/><F14/><W16/><G4/><T42/><D31/><U65/><E13/><V37/><F37/><W27/><G15/><T133/><D133/><U49/><E39/><V0/><F0/><W79/><G8/><T100/><D30/><U26/><E129/><V120/><F120/><W108/><G108/><T22/><D83/><U115/><E115/><V105/><F105/><W29/><G29/><T59/><D91/><U56/><E26/><RYUUKYOKU ba="1,1" sc="419,-10,291,-10,140,30,140,-10" hai2="40,41,43,51,55,75,77,82,92,98,101,106,107" /><INIT seed="5,2,1,1,5,34" ten="409,281,170,130" oya="1" hai0="71,116,73,37,16,112,82,15,114,20,85,113,102" hai1="33,39,84,60,53,92,44,106,89,11,46,131,61" hai2="9,29,123,105,24,25,98,127,110,76,117,51,90" hai3="135,38,129,67,40,55,97,74,121,80,75,81,99"/><U109/><E33/><V88/><F117/><W42/><G121/><T125/><D116/><U5/><E131/><V104/><F110/><W132/><G38/><T14/><D125/><U63/><E106/><V49/><F76/><W47/><G55/><T134/><D134/><U79/><E109/><V62/><F62/><W72/><G47/><T100/><D73/><U57/><E79/><V18/><F123/><W48/><G48/><T111/><D111/><U58/><E39/><V78/><F78/><W95/><G95/><T120/><D71/><U107/><E107/><V128/><F128/><W69/><G129/><T54/><D37/><U45/><REACH who="1" step="1"/><E53/><REACH who="1" ten="409,271,170,130" step="2"/><V30/><F105/><W7/><G69/><T17/><D54/><U122/><E122/><V12/><F104/><W101/><G132/><T0/><D120/><U115/><E115/><V41/><F127/><W77/><G135/><T108/><D108/><U19/><E19/><V8/><F41/><N who="3" m="15979" /><G77/><T68/><D17/><U52/><E52/><V118/><F118/><W133/><G133/><T56/><D16/><U22/><E22/><V35/><F35/><W130/><G130/><T43/><D20/><U93/><E93/><V103/><F18/><W126/><G126/><T70/><D43/><U2/><AGARI ba="2,2" hai="2,5,11,44,45,46,57,58,60,61,63,84,89,92" machi="2" ten="30,6000,0" yaku="1,1,0,1,52,1,53,0" doraHai="34" doraHaiUra="13" who="1" fromWho="1" sc="409,-22,271,86,170,-22,130,-22" /><INIT seed="5,3,0,1,4,4" ten="387,357,148,108" oya="1" hai0="122,1,19,45,13,31,76,77,72,111,40,106,94" hai1="128,65,10,57,91,82,109,71,66,25,107,14,46" hai2="17,134,133,100,55,135,22,32,97,119,20,132,112" hai3="70,130,63,11,60,18,7,73,33,117,121,86,74"/><U87/><E128/><V127/><F119/><W61/><G121/><T104/><D111/><U79/><E109/><V131/><F32/><W89/><G130/><T2/><D122/><U5/><E71/><V103/><F131/><W54/><G117/><T120/><D120/><U53/><E107/><V108/><F108/><W90/><G70/><T27/><D106/><U83/><E46/><V30/><F127/><W8/><G33/><T52/><D104/><U59/><E25/><V38/><F38/><W16/><G54/><T98/><D72/><U34/><E34/><V35/><F35/><W15/><G18/><T67/><D67/><U3/><E59/><V44/><F112/><W42/><G42/><T26/><D1/><U64/><E3/><V50/><N who="2" m="33792" /><DORA hai="41" /><V58/><F97/><W47/><G47/><T101/><D2/><U43/><E43/><V96/><F96/><W125/><G125/><T85/><D31/><U24/><E24/><N who="0" m="9257" /><D40/><U29/><E29/><V68/><F68/><W9/><G89/><T12/><D85/><U102/><E102/><N who="2" m="38955" /><F30/><W37/><G37/><T99/><D99/><U124/><E124/><V113/><F113/><W21/><REACH who="3" step="1"/><G7/><REACH who="3" ten="387,357,148,98" step="2"/><T39/><D39/><U51/><REACH who="1" step="1"/><E79/><REACH who="1" ten="387,347,148,98" step="2"/><V49/><F44/><W115/><G115/><T36/><D45/><U0/><E0/><V75/><F58/><W110/><G110/><T116/><D76/><U114/><E114/><V105/><F55/><W93/><AGARI ba="3,2" hai="8,9,11,15,16,21,60,61,63,73,74,86,90,93" machi="93" ten="30,12000,2" yaku="1,1,0,1,52,3,54,1,53,1" doraHai="4,41" doraHaiUra="92,84" who="3" fromWho="3" sc="387,-33,347,-63,148,-33,98,149" /><INIT seed="6,0,0,2,3,99" ten="354,284,115,247" oya="2" hai0="21,103,107,27,28,76,90,63,114,34,4,40,10" hai1="30,31,51,89,25,44,43,39,33,9,123,69,53" hai2="67,117,16,56,127,113,29,55,58,132,79,129,125" hai3="45,59,109,128,64,20,38,74,95,81,77,2,15"/><V134/><F117/><W41/><G109/><T85/><D114/><U7/><E123/><V36/><F36/><W124/><G2/><T68/><D76/><U133/><E133/><N who="2" m="51307" /><F113/><W46/><G124/><N who="2" m="47689" /><F29/><W87/><G128/><T57/><D40/><U100/><E69/><V118/><F118/><W73/><G46/><T8/><D21/><U1/><E31/><V71/><F79/><W61/><G95/><T105/><D68/><U60/><E60/><N who="2" m="40423" /><F16/><W47/><G47/><T115/><D115/><U62/><E39/><V94/><F94/><W111/><G111/><T24/><D24/><U82/><E25/><V50/><F58/><W78/><G78/><T65/><D10/><U108/><E30/><V72/><F72/><W97/><G74/><T37/><D37/><U101/><E108/><V14/><F14/><W131/><G73/><T126/><D126/><U32/><E32/><V104/><F104/><W106/><G15/><T5/><D8/><U110/><E33/><V84/><F84/><W83/><G20/><T52/><D105/><U120/><E110/><V135/><N who="2" m="51315" /><V92/><DORA hai="116" /><F92/><W102/><G83/><T122/><D107/><U96/><E82/><V49/><F49/><W130/><AGARI ba="0,0" hai="38,41,45,59,61,64,77,81,87,97,102,106,130,131" machi="130" ten="30,2000,0" yaku="0,1,52,1" doraHai="99,116" who="3" fromWho="3" sc="354,-5,284,-5,115,-10,247,20" /><INIT seed="7,0,0,5,4,91" ten="349,279,105,267" oya="3" hai0="125,113,130,71,94,36,104,108,12,13,1,5,86" hai1="35,76,127,9,14,25,98,50,16,101,24,96,43" hai2="17,10,111,63,119,121,129,134,51,132,133,116,74" hai3="4,120,83,7,30,61,37,47,28,21,22,62,20"/><W34/><G34/><T26/><D108/><U55/><E127/><V52/><F74/><W19/><G37/><T38/><D104/><U109/><E109/><V110/><F10/><W123/><G47/><T106/><D106/><U100/><E76/><V75/><F75/><W18/><G83/><T77/><D71/><U40/><E35/><V95/><F17/><N who="3" m="6155" /><G61/><T57/><D26/><N who="1" m="10347" /><E98/><V122/><F95/><W131/><G62/><T59/><D59/><N who="1" m="33271" /><E96/><V56/><F111/><W60/><G60/><T66/><D113/><U27/><E27/><V89/><F89/><W105/><G105/><T118/><D130/><U82/><E82/><V53/><F110/><W3/><G131/><T49/><D1/><U23/><E23/><V39/><F39/><W90/><G90/><T8/><D49/><U65/><E65/><V128/><F53/><W33/><G33/><T99/><D57/><U0/><E0/><V114/><F114/><W72/><G72/><T46/><D46/><U11/><E11/><V29/><F29/><N who="3" m="11371" /><G3/><T84/><D84/><U102/><AGARI ba="0,0" hai="9,14,16,40,43,100,101,102" m="33271,10347" machi="102" ten="30,2000,0" yaku="8,1,54,1" doraHai="91" who="1" fromWho="1" sc="349,-5,279,20,105,-5,267,-10" owari="344,44.0,299,10.0,100,-40.0,257,-14.0" /></mjloggm>