<mjloggm ver="2.3"><GO type="169" lobby="0"/><UN n0="%54%4F%52" n1="%E7%A5%9E%E9%A2%A8%E3%81%A6%E3%81%83%E3%81%A3%E3%81%97%E3%82%85" n2="%E3%81%BE%E3%82%8A%E3%81%B7%E3%81%85%E3%81%AE%E3%83%95%E3%82%A1%E3%83%B3" n3="%E9%BB%92%E7%8A%AC%40%E3%81%A6%E3%82%93%E3%81%BB%E3%83%BC" dan="16,16,16,16" rate="2136.02,2161.37,2086.56,2090.99" sx="M,M,M,F"/><TAIKYOKU oya="0"/><INIT seed="0,0,0,1,2,53" ten="250,250,250,250" oya="0" hai0="63,36,21,108,74,18,56,113,33,3,61,37,9" hai1="13,32,107,31,95,59,34,12,88,83,125,100,15" hai2="78,104,43,121,99,19,106,79,133,23,98,30,70" hai3="134,46,96,119,102,42,62,54,22,90,122,55,16"/><T123/><D113/><U126/><E107/><V76/><F121/><W64/><G122/><T77/><D123/><U7/><E100/><V58/><F70/><W82/><G119/><T28/><D108/><U105/><E105/><V52/><F133/><W93/><G134/><T120/><D120/><U68/><E68/><V65/><F65/><W67/><G82/><T44/><D63/><U60/><E83/><V72/><F72/><W130/><G102/><T131/><D131/><U97/><E7/><V84/><F43/><W103/><G103/><T41/><D36/><U66/><REACH who="1" step="1"/><E31/><REACH who="1" ten="250,240,250,250" step="2"/><V57/><F30/><W129/><G129/><T109/><D28/><U50/><E50/><N who="2" m="30871" /><F106/><W6/><G6/><T49/><D37/><U20/><E20/><V24/><F104/><W117/><G130/><T10/><D109/><U48/><E48/><V0/><F0/><W47/><G117/><T89/><D3/><U132/><E132/><V86/><F99/><W114/><G114/><T115/><D115/><U87/><E87/><V75/><F98/><W92/><G96/><T111/><D111/><U81/><E81/><V25/><F75/><W116/><G116/><T85/><D74/><U128/><E128/><V17/><F86/><W80/><G80/><N who="0" m="49319" /><D77/><U45/><E45/><V127/><F84/><W118/><G118/><T8/><D33/><AGARI ba="0,1" hai="12,13,15,32,33,34,59,60,66,88,95,97,125,126" machi="33" ten="40,8000,1" yaku="1,1,52,1,54,1,53,2" doraHai="53" doraHaiUra="135" who="1" fromWho="0" sc="250,-80,240,90,250,0,250,0" /><INIT seed="1,0,0,4,4,18" ten="170,330,250,250" oya="1" hai0="48,112,28,67,20,27,82,129,53,84,66,119,55" hai1="31,122,32,90,85,9,36,40,80,16,34,43,105" hai2="100,14,56,46,35,114,124,5,6,92,107,71,73" hai3="125,45,70,26,12,76,29,132,133,95,134,64,106"/><U96/><E122/><V87/><F71/><W42/><G106/><T89/><D129/><U58/><E36/><V108/><F73/><W52/><G76/><T22/><D119/><U3/><E3/><V30/><F108/><W113/><G113/><T79/><D112/><U120/><E120/><V69/><F69/><W103/><G125/><T109/><D109/><U101/><E31/><V86/><F124/><W94/><G12/><T60/><D79/><U110/><E110/><V74/><F114/><W78/><G78/><T63/><D67/><U126/><E126/><V54/><F74/><W39/><G103/><T44/><D66/><U111/><E111/><V47/><F107/><W68/><G68/><T98/><D98/><U4/><E4/><V116/><F116/><W117/><G117/><T15/><D55/><U81/><E81/><V91/><F100/><W37/><G37/><T128/><D128/><U25/><E58/><V130/><F130/><W65/><G65/><T7/><REACH who="0" step="1"/><D22/><REACH who="0" ten="160,330,250,250" step="2"/><U99/><E34/><V61/><F35/><W0/><G64/><T38/><D38/><U115/><E115/><V49/><F54/><W93/><G70/><T83/><D83/><U57/><E99/><V123/><F123/><W17/><G52/><T131/><D131/><U11/><E32/><V50/><F46/><W121/><G121/><T24/><D24/><U135/><E57/><V75/><F47/><W72/><G26/><T88/><D88/><U8/><REACH who="1" step="1"/><E135/><REACH who="1" ten="160,320,250,250" step="2"/><V21/><F56/><W51/><G132/><T13/><D13/><U2/><E2/><V23/><F14/><RYUUKYOKU ba="0,2" sc="160,15,320,15,250,-15,250,-15" hai0="7,15,20,27,28,44,48,53,60,63,82,84,89" hai1="8,9,11,16,25,40,43,80,85,90,96,101,105" /><INIT seed="1,1,2,4,3,106" ten="175,335,235,235" oya="1" hai0="3,103,46,132,37,113,122,116,123,84,78,64,67" hai1="9,32,108,107,118,109,96,20,72,56,11,71,43" hai2="25,35,98,85,1,44,94,61,110,28,105,34,100" hai3="83,47,16,19,24,124,115,81,130,13,33,90,135"/><U79/><E71/><V42/><F110/><N who="1" m="42601" /><E32/><V48/><F1/><W97/><G115/><T66/><D3/><U114/><E114/><V54/><F34/><W68/><G68/><T31/><D113/><U91/><E118/><V8/><F8/><W52/><G130/><T133/><D103/><N who="1" m="62951" /><E43/><V121/><F121/><N who="0" m="46090" /><D31/><U88/><E20/><V5/><F5/><W12/><G135/><N who="0" m="51787" /><D84/><U77/><E56/><V127/><F127/><W102/><G124/><T29/><D29/><U117/><E117/><V65/><F42/><W112/><G112/><T80/><D116/><U62/><E62/><V27/><F27/><W40/><G24/><T92/><D92/><U93/><E79/><V128/><F35/><W111/><G40/><N who="0" m="22799" /><D80/><N who="3" m="30793" /><G33/><T0/><D0/><U53/><E91/><V51/><F100/><W15/><G102/><T50/><D78/><U60/><E77/><V104/><F94/><N who="3" m="56535" /><G111/><T134/><N who="0" m="51795" /><T22/><DORA hai="86" /><D22/><U39/><E39/><V10/><F28/><W49/><AGARI ba="1,2" hai="12,13,15,16,19,47,49,52" m="56535,30793" machi="49" ten="30,7900,0" yaku="8,1,52,1,54,2" doraHai="106,86" who="3" fromWho="3" sc="175,-21,335,-40,235,-21,235,102" /><INIT seed="2,0,0,2,0,40" ten="154,295,214,337" oya="2" hai0="108,47,88,103,17,1,120,84,105,62,58,42,44" hai1="23,67,83,85,111,61,90,116,34,86,78,24,14" hai2="35,134,87,22,28,50,110,89,49,29,57,74,117" hai3="37,3,72,98,69,122,93,127,125,20,64,115,82"/><V45/><F117/><W30/><G37/><T33/><D120/><U126/><E116/><V13/><F74/><W11/><G122/><T16/><D33/><U75/><E111/><V123/><F123/><W114/><G64/><T99/><D1/><U8/><E126/><V10/><F35/><W118/><G69/><T26/><D108/><U129/><E129/><V77/><F77/><N who="3" m="44327" /><G118/><T54/><D26/><U4/><E90/><V43/><F134/><W27/><G11/><T36/><REACH who="0" step="1"/><D47/><REACH who="0" ten="144,295,214,337" step="2"/><U15/><E34/><V21/><F110/><W7/><G3/><T73/><D73/><U100/><E15/><V102/><F102/><N who="3" m="60751" /><G7/><T9/><D9/><U70/><E100/><V119/><F119/><W2/><G2/><T46/><D46/><U124/><E124/><AGARI ba="0,1" hai="20,27,30,114,115,124,125,127" m="60751,44327" machi="124" ten="30,1000,0" yaku="18,1" doraHai="40" who="3" fromWho="1" sc="144,0,295,-10,214,0,337,20" /><INIT seed="3,0,0,3,0,126" ten="144,285,214,357" oya="3" hai0="33,121,111,109,87,107,36,38,116,8,45,40,78" hai1="35,30,86,19,112,99,131,129,51,9,108,88,120" hai2="114,81,21,4,77,32,118,68,65,132,42,7,70" hai3="128,74,117,110,2,123,62,96,14,22,60,17,34"/><W39/><G74/><T10/><D107/><U80/><E108/><N who="0" m="41545" /><D33/><U113/><E120/><V98/><F32/><W1/><G123/><T58/><D121/><U12/><E35/><V44/><F118/><W52/><G117/><T5/><D116/><U127/><E30/><V71/><F114/><W103/><G34/><T122/><D122/><U31/><E31/><V54/><F132/><W124/><G39/><N who="0" m="21663" /><D58/><U3/><E3/><V106/><F65/><W130/><G110/><T115/><D115/><U75/><E75/><V64/><F64/><W55/><G124/><T91/><D78/><U89/><E127/><V101/><F54/><N who="3" m="20523" /><G62/><T102/><D102/><U100/><E89/><V134/><F21/><W49/><G49/><T13/><D8/><U73/><E73/><V24/><F24/><W0/><G60/><T84/><D84/><U82/><E51/><V11/><F11/><W92/><G2/><T72/><D72/><U90/><E112/><V18/><F77/><W6/><G6/><T133/><D133/><U76/><E76/><V93/><F134/><W83/><G83/><AGARI ba="0,0" hai="5,10,13,36,38,83,87,91" m="21663,41545" machi="83" ten="30,1000,0" yaku="14,1" doraHai="126" who="0" fromWho="3" sc="144,10,285,0,214,0,357,-10" /><INIT seed="4,0,0,4,2,26" ten="154,285,214,347" oya="0" hai0="96,110,121,5,113,35,130,89,116,101,120,46,87" hai1="68,31,28,48,114,69,104,86,111,80,75,124,88" hai2="11,74,22,3,6,47,36,66,72,71,91,83,14" hai3="109,123,30,54,9,128,127,52,132,85,44,94,73"/><T61/><D5/><U7/><E111/><V38/><F91/><W81/><G109/><T93/><D110/><U56/><E104/><V67/><F67/><W17/><G73/><T118/><D61/><U45/><E69/><V41/><F14/><W16/><G123/><N who="0" m="47179" /><D46/><U115/><E68/><V122/><F22/><W25/><G128/><T119/><D35/><U112/><E124/><V126/><F122/><W57/><G127/><T84/><D113/><U53/><E75/><V49/><F126/><W15/><G94/><N who="0" m="58519" /><D130/><U21/><E21/><V105/><F72/><W32/><G132/><T10/><D10/><U135/><E135/><V27/><F49/><W60/><G44/><T65/><D65/><U131/><E131/><V33/><F36/><W59/><G17/><T97/><AGARI ba="0,0" hai="84,87,89,93,97,116,118,119" m="58519,47179" machi="97" ten="40,3900,0" yaku="34,2" doraHai="26" who="0" fromWho="0" sc="154,39,285,-13,214,-13,347,-13" /><INIT seed="4,1,0,1,3,54" ten="193,272,201,334" oya="0" hai0="123,38,50,85,93,33,130,132,29,72,71,53,35" hai1="40,24,34,76,8,30,12,41,117,131,97,13,98" hai2="124,77,32,14,119,31,36,126,20,49,95,127,96" hai3="104,86,90,43,26,94,115,114,59,125,134,68,63"/><T82/><D123/><U28/><E117/><V128/><F36/><W108/><G104/><T56/><D132/><U17/><E131/><V27/><F128/><W103/><G103/><T37/><D130/><U113/><E113/><V52/><F119/><W67/><G134/><T47/><D71/><U129/><E129/><V23/><F77/><W106/><G106/><T75/><D93/><U120/><E76/><V58/><REACH who="2" step="1"/><F14/><REACH who="2" ten="193,272,191,334" step="2"/><W73/><G108/><T88/><D38/><U121/><E121/><V46/><F46/><W109/><G109/><T84/><D37/><U99/><E120/><V91/><AGARI ba="1,1" hai="20,23,27,31,32,49,52,58,91,95,96,124,126,127" machi="91" ten="30,8000,1" yaku="1,1,0,1,18,1,52,1,54,1,53,0" doraHai="54" doraHaiUra="9" who="2" fromWho="2" sc="193,-41,272,-21,191,93,334,-21" /><INIT seed="5,0,0,5,0,86" ten="152,251,284,313" oya="1" hai0="135,107,129,49,30,33,50,25,0,109,59,127,4" hai1="44,55,31,103,73,80,101,16,61,9,52,11,6" hai2="98,14,21,117,114,125,58,47,54,85,122,100,108" hai3="34,87,131,124,37,111,93,91,10,115,40,46,60"/><U15/><E31/><V8/><F122/><W104/><G34/><T88/><D109/><U26/><E73/><V106/><F117/><W28/><G28/><T134/><D107/><U5/><E5/><V112/><F108/><W29/><G111/><T121/><D121/><U71/><E71/><V72/><F72/><W2/><G104/><T128/><D50/><U63/><E80/><V133/><F125/><W23/><G115/><T22/><D49/><N who="1" m="28711" /><E11/><V126/><F126/><W92/><G124/><T24/><D59/><N who="1" m="35071" /><E63/><V123/><F123/><W38/><G60/><T57/><D57/><U36/><E36/><V84/><F133/><N who="0" m="50698" /><D127/><U79/><E79/><V110/><F47/><W70/><G70/><T76/><D76/><U65/><E65/><V51/><F110/><W53/><G53/><T97/><D4/><U41/><E41/><V118/><F118/><W69/><G69/><T95/><D0/><U116/><E116/><V56/><F114/><W113/><G113/><T18/><AGARI ba="0,0" hai="18,22,24,25,30,33,88,95,97,128,129" m="50698" machi="18" ten="30,4000,0" yaku="20,1,52,1,54,1" doraHai="86" who="0" fromWho="0" sc="152,40,251,-20,284,-10,313,-10" /><INIT seed="6,0,0,5,1,134" ten="192,231,274,303" oya="2" hai0="59,11,58,129,124,40,55,61,104,133,88,117,45" hai1="10,132,31,48,100,38,21,26,112,77,64,83,126" hai2="8,47,128,23,73,105,0,9,79,50,120,19,75" hai3="115,34,43,121,116,85,5,25,12,110,32,103,16"/><V118/><F120/><W44/><G121/><T72/><D104/><U20/><E132/><V36/><F118/><W86/><G116/><T123/><D133/><U71/><E38/><V33/><F33/><W109/><G115/><T46/><D117/><U3/><E71/><V102/><F128/><W29/><G34/><T15/><D72/><U131/><E64/><V22/><F36/><W41/><G103/><T130/><D123/><U94/><E131/><V106/><F0/><W114/><G114/><T101/><D101/><U91/><E100/><V90/><F90/><W84/><G5/><T125/><D88/><U95/><E21/><V82/><F75/><W74/><G74/><T53/><D15/><U17/><E112/><V97/><F106/><W54/><G54/><T99/><D99/><U56/><E77/><V27/><REACH who="2" step="1"/><F23/><REACH who="2" ten="192,231,264,303" step="2"/><W122/><G122/><T113/><D113/><U28/><E3/><V98/><F98/><W67/><G32/><T57/><D11/><U111/><E10/><V2/><F2/><W119/><G119/><T51/><D61/><U37/><E20/><V35/><F35/><W107/><G107/><T18/><D18/><U60/><E17/><V6/><F6/><W135/><G16/><T24/><D24/><U78/><E26/><V127/><F127/><N who="0" m="48714" /><D55/><AGARI ba="0,1" hai="8,9,19,22,27,47,50,55,73,79,82,97,102,105" machi="55" ten="30,2900,0" yaku="1,1,7,1,53,0" doraHai="134" doraHaiUra="62" who="2" fromWho="0" sc="192,-29,231,0,264,39,303,0" /><INIT seed="6,1,0,3,5,45" ten="163,231,303,303" oya="2" hai0="34,120,72,106,55,64,74,89,100,82,135,35,19" hai1="53,22,14,52,0,38,25,108,26,65,23,56,49" hai2="124,24,116,88,103,113,92,2,8,42,60,5,1" hai3="86,133,79,44,7,54,68,91,62,32,99,123,81"/><V128/><F116/><W47/><G32/><T130/><D120/><U15/><E108/><V12/><F103/><W105/><G123/><T43/><D135/><U78/><E0/><V29/><F113/><W4/><G133/><T6/><D130/><U117/><E117/><V115/><F115/><W119/><G119/><T16/><D43/><U17/><E65/><V80/><F80/><W67/><G47/><T40/><D40/><U118/><E118/><V96/><F128/><W126/><G126/><T59/><D64/><U98/><E38/><V28/><F124/><W33/><G33/><T61/><D35/><U27/><E53/><V57/><F42/><W97/><G97/><T10/><D34/><U110/><E110/><V95/><F95/><W131/><G131/><T77/><D72/><U76/><E98/><V107/><F107/><W71/><G71/><T21/><D89/><U87/><E87/><V9/><F24/><W132/><G132/><T94/><D106/><U73/><E73/><V101/><F101/><W93/><REACH who="3" step="1"/><G105/><REACH who="3" ten="163,231,303,293" step="2"/><T75/><D75/><U114/><E114/><V31/><REACH who="2" step="1"/><F9/><REACH who="2" ten="163,231,293,293" step="2"/><W84/><G84/><T48/><D74/><U122/><E122/><V109/><F109/><W70/><G70/><T112/><D112/><U50/><E23/><V90/><F90/><W41/><G41/><T11/><D11/><U3/><E22/><V39/><F39/><W13/><G13/><T129/><D21/><U18/><E15/><V51/><F51/><AGARI ba="1,2" hai="4,7,44,51,54,62,67,68,79,81,86,91,93,99" machi="51" ten="40,5200,0" yaku="1,1,52,1,53,1" doraHai="45" doraHaiUra="63" who="3" fromWho="2" sc="163,0,231,0,293,-55,293,75" /><INIT seed="7,0,0,3,3,69" ten="163,231,238,368" oya="3" hai0="101,29,76,58,41,18,94,93,121,11,117,19,0" hai1="51,84,30,134,73,4,62,118,124,98,122,99,97" hai2="70,56,112,95,85,106,80,5,129,13,116,81,1" hai3="96,59,27,23,43,9,52,40,37,72,92,33,45"/><W17/><G72/><T8/><D117/><U6/><E122/><V107/><F70/><W7/><G33/><T132/><D121/><U109/><E109/><V25/><F1/><W104/><G104/><T102/><D0/><U47/><E73/><V14/><F112/><W16/><G43/><T79/><D41/><U128/><E118/><V31/><F95/><W126/><G126/><T111/><D111/><U100/><E100/><V123/><F56/><W64/><G64/><T82/><D132/><U55/><E128/><V110/><F85/><W48/><G7/><T10/><D10/><U12/><E124/><V50/><F14/><W90/><G9/><T3/><D3/><U63/><E134/><V67/><F50/><W77/><G77/><T103/><D103/><U86/><E30/><AGARI ba="0,0" hai="16,17,23,27,30,37,40,45,48,52,59,90,92,96" machi="30" ten="30,11600,0" yaku="7,1,52,1,54,2" doraHai="69" who="3" fromWho="1" sc="163,0,231,-116,238,0,368,116" owari="163,-24.0,115,-38.0,238,4.0,484,58.0" /></mjloggm>