<mjloggm ver="2.3"><GO type="225" lobby="0"/><UN n0="%E9%89%84%E5%BC%B7%E3%83%A2%E3%83%92%E3%83%BC%E3%83%8C%E4%B8%83%E6%AE%B5" n1="%E5%BE%80%E5%B9%B4%E3%81%AE%E3%82%B4%E3%83%AA%E3%83%A9" n2="%E5%BD%97%E6%98%9F%E5%85%A5%E3%83%92%E3%82%B3" n3="%E3%81%82%E3%81%9A%E3%81%8D%E3%81%82%E3%81%9A%E3%81%95" dan="18,16,16,16" rate="2230.04,2078.31,2115.97,2111.82" sx="F,M,M,M"/><TAIKYOKU oya="0"/><INIT seed="0,0,0,3,5,76" ten="250,250,250,250" oya="0" hai0="66,24,18,116,63,3,123,0,115,84,5,6,59" hai1="41,44,64,88,81,12,21,53,36,16,10,125,17" hai2="132,112,113,72,57,71,128,47,100,62,122,86,45" hai3="110,79,54,13,107,95,80,7,15,78,111,91,89"/><T2/><D115/><U83/><E125/><V94/><F72/><W92/><G107/><T114/><D114/><U28/><E28/><V9/><F122/><W87/><G54/><T43/><D116/><U65/><E53/><V30/><F71/><W8/><G15/><T74/><D74/><U34/><E34/><V38/><F128/><W106/><G106/><T58/><D123/><U118/><E118/><V131/><F131/><W99/><REACH who="3" step="1"/><G78/><REACH who="3" ten="250,250,250,240" step="2"/><T134/><D134/><U129/><E129/><V60/><F132/><W108/><G108/><T50/><D43/><U103/><E65/><V82/><F113/><W52/><G52/><N who="0" m="32023" /><D2/><U126/><E64/><V39/><F112/><W67/><G67/><T104/><D104/><U20/><E41/><V96/><F39/><W31/><G31/><T68/><D3/><U23/><E36/><V1/><F30/><W130/><G130/><T120/><D0/><U26/><E26/><V135/><F135/><W27/><G27/><T48/><D120/><U98/><E12/><V37/><F37/><W29/><G29/><T75/><D24/><U14/><E14/><V105/><F105/><W51/><G51/><T90/><D48/><U32/><E32/><V121/><F121/><W61/><G61/><T127/><D66/><U133/><E133/><V56/><F38/><W124/><G124/><T40/><D63/><N who="2" m="24106" /><F1/><W101/><G101/><T119/><D127/><U35/><E35/><V117/><F117/><W49/><G49/><T42/><D119/><U55/><E126/><V22/><F100/><W69/><G69/><T19/><D68/><RYUUKYOKU ba="0,1" sc="250,-10,250,-10,250,-10,240,30" hai3="7,8,13,79,80,87,89,91,92,95,99,110,111" /><INIT seed="1,1,1,4,4,70" ten="240,240,240,270" oya="1" hai0="36,80,6,75,103,117,8,115,5,68,99,21,131" hai1="20,71,92,19,125,69,97,59,62,128,108,78,32" hai2="83,40,22,33,41,90,63,43,28,54,72,60,82" hai3="73,1,105,55,49,77,29,112,89,88,9,87,42"/><U111/><E32/><V52/><F33/><W44/><G112/><T11/><D115/><U81/><E128/><V16/><F28/><W66/><G105/><T76/><D117/><U113/><E113/><V123/><F123/><W119/><G119/><T64/><D131/><U57/><E125/><V94/><F72/><W45/><G66/><T84/><D21/><U17/><E81/><N who="2" m="30731" /><F63/><W122/><G122/><T38/><D84/><U24/><E78/><V120/><F120/><W126/><G126/><T65/><D65/><U39/><E39/><V121/><F121/><W91/><G29/><T12/><D64/><U53/><E59/><N who="2" m="34919" /><F54/><W104/><G104/><T37/><D68/><U98/><E98/><N who="2" m="57687" /><F43/><W27/><G42/><T13/><D38/><U118/><E118/><V50/><F50/><W85/><G55/><T61/><D61/><U18/><E69/><V130/><F130/><W79/><G49/><T110/><D110/><N who="1" m="42027" /><E71/><V93/><F93/><AGARI ba="1,1" hai="5,6,8,11,12,13,36,37,75,76,80,93,99,103" machi="93" ten="30,7700,0" yaku="7,1,9,1,52,2" doraHai="70" who="0" fromWho="2" sc="240,90,240,0,240,-80,270,0" /><INIT seed="2,0,0,3,3,82" ten="330,240,160,270" oya="2" hai0="12,80,42,74,131,21,123,102,28,116,6,27,53" hai1="135,52,67,48,88,115,79,49,91,134,112,113,86" hai2="132,54,95,29,60,63,125,46,8,51,32,85,106" hai3="133,33,120,26,24,92,18,5,101,25,31,96,87"/><V111/><F106/><W127/><G120/><T38/><D123/><U64/><E79/><V36/><F36/><W39/><G127/><T34/><D131/><U126/><E126/><V99/><F125/><W100/><G133/><N who="1" m="50698" /><E49/><V89/><F132/><W98/><G39/><T83/><D102/><U108/><E91/><V59/><F111/><W76/><G5/><T35/><D116/><U90/><E90/><V23/><F8/><W72/><G18/><T119/><D53/><U129/><E129/><V121/><F121/><W128/><G72/><T122/><D119/><U43/><E43/><V124/><F124/><W37/><G37/><T10/><D122/><U103/><E103/><V81/><F32/><W62/><G62/><T75/><D75/><U97/><E97/><V114/><F114/><W65/><G65/><T110/><D110/><U11/><E11/><V14/><F46/><W73/><G73/><T130/><D74/><U41/><E41/><V4/><F4/><W77/><G77/><T104/><D130/><U16/><E16/><N who="2" m="10647" /><F29/><W1/><G1/><T45/><D104/><U20/><E20/><V68/><F68/><W94/><G128/><T56/><D35/><U117/><E117/><V71/><F71/><W57/><G57/><T105/><D105/><U44/><E108/><V118/><F118/><W3/><G3/><T50/><D34/><U107/><E107/><V58/><F58/><W55/><G33/><T40/><D56/><U66/><E66/><V109/><F109/><W7/><G31/><T47/><AGARI ba="0,0" hai="6,10,12,21,27,28,38,40,42,45,47,50,80,83" machi="47" ten="30,1100,0" yaku="0,1" doraHai="82" who="0" fromWho="0" sc="330,11,240,-3,160,-5,270,-3" /><INIT seed="3,0,0,3,4,28" ten="341,237,155,267" oya="3" hai0="121,61,59,76,3,23,75,103,123,13,66,106,104" hai1="85,82,108,101,131,73,105,16,99,133,5,88,129" hai2="62,120,21,1,112,92,67,98,56,44,107,54,52" hai3="135,116,26,130,128,39,124,102,109,50,122,111,12"/><W9/><G39/><T114/><D3/><U84/><E5/><V24/><F112/><W72/><G72/><T87/><D75/><U81/><E73/><V77/><F120/><W117/><G122/><T0/><D0/><U113/><E113/><V74/><F1/><W55/><G102/><T115/><D23/><U86/><E16/><V80/><F107/><N who="0" m="41002" /><D13/><U83/><E108/><N who="3" m="41546" /><G124/><T60/><D60/><U30/><E30/><V40/><F40/><W32/><G50/><T33/><D103/><U63/><E63/><V47/><F47/><W48/><G48/><T11/><D11/><U126/><E126/><V43/><F43/><W27/><G55/><T89/><D76/><U22/><E22/><V64/><F44/><W31/><G27/><T25/><D121/><U4/><E4/><V14/><F14/><W38/><G38/><T78/><D123/><U2/><E2/><V100/><REACH who="2" step="1"/><F54/><REACH who="2" ten="341,237,145,267" step="2"/><W68/><G12/><T20/><D115/><U97/><E133/><V110/><F110/><W35/><G135/><T34/><D114/><U125/><E125/><V49/><F49/><W7/><G117/><T36/><D36/><U58/><E58/><V6/><F6/><W29/><G7/><T132/><D59/><U10/><E10/><V51/><F51/><W18/><G9/><T45/><D132/><U69/><E69/><V134/><F134/><W118/><G68/><T53/><D53/><U96/><E105/><V65/><F65/><W90/><G116/><T95/><D66/><U46/><E46/><V119/><F119/><W17/><G118/><T57/><D45/><RYUUKYOKU ba="0,1" sc="341,-10,237,-10,145,30,267,-10" hai2="21,24,52,56,62,64,67,74,77,80,92,98,100" owari="341,43.0,227,-17.0,175,-32.0,257,6.0" /></mjloggm>