<mjloggm ver="2.3"><GO type="225" lobby="0"/><UN n0="%E9%9F%93%E8%A1%9B%E9%9D%92" n1="%E5%BE%80%E5%B9%B4%E3%81%AE%E3%82%B4%E3%83%AA%E3%83%A9" n2="%E2%96%BD%E4%B8%8E%E4%BD%9C%28%E3%81%8A%E3%81%AB%E3%81%8E%E3%82%8A" n3="%E9%99%A4%E5%90%8D" dan="16,16,17,16" rate="2182.52,2083.95,2181.65,2171.50" sx="F,M,M,M"/><TAIKYOKU oya="0"/><INIT seed="0,0,0,1,2,21" ten="250,250,250,250" oya="0" hai0="48,22,69,70,88,52,55,49,34,104,15,67,96" hai1="113,9,33,103,107,41,12,133,122,28,0,98,123" hai2="84,110,94,99,13,45,38,130,35,32,29,124,42" hai3="127,3,86,17,61,51,73,50,20,44,91,114,23"/><T40/><D34/><U85/><E133/><V53/><F110/><W79/><G114/><T4/><D104/><U27/><E113/><V1/><F1/><W31/><G3/><T121/><D121/><U117/><E117/><V8/><F124/><W46/><G127/><T111/><D111/><U71/><E85/><V101/><F130/><W83/><G31/><T81/><D40/><U74/><E41/><V119/><F119/><W65/><G73/><T134/><D134/><U54/><E54/><N who="0" m="20521" /><D69/><U6/><E74/><V135/><F135/><W5/><G5/><T100/><D70/><U129/><E129/><V72/><F72/><W66/><G79/><T102/><D67/><N who="3" m="25609" /><G61/><T112/><D112/><U24/><E71/><V77/><F53/><W47/><G23/><T36/><D36/><U14/><E122/><V80/><REACH who="2" step="1"/><F29/><REACH who="2" ten="250,250,240,250" step="2"/><W26/><AGARI ba="0,1" hai="17,20,26,44,46,47,50,51,83,86,91" m="25609" machi="26" ten="30,2000,0" yaku="8,1,52,1" doraHai="21" who="3" fromWho="3" sc="250,-10,250,-5,240,-5,250,30" /><INIT seed="1,0,0,3,2,16" ten="240,245,235,280" oya="1" hai0="109,112,61,96,56,106,72,15,33,115,111,113,119" hai1="19,82,30,54,48,42,62,6,26,1,90,34,53" hai2="81,46,38,60,37,83,80,125,71,97,3,14,10" hai3="55,43,74,88,91,7,103,68,86,50,94,28,9"/><U47/><E1/><V66/><F125/><W133/><G74/><T117/><D33/><U135/><E135/><V12/><F97/><W132/><G68/><T65/><D72/><U35/><E35/><V63/><F60/><W99/><G28/><T41/><D15/><U105/><E105/><V123/><F123/><W126/><G43/><T31/><D31/><U120/><E120/><V44/><F44/><W49/><G126/><T11/><D11/><U59/><E6/><V40/><REACH who="2" step="1"/><F38/><REACH who="2" ten="240,245,225,280" step="2"/><W51/><G132/><T70/><D96/><U29/><E42/><V17/><F17/><W102/><G133/><T39/><D106/><U114/><E114/><V118/><F118/><N who="0" m="45066" /><D56/><U27/><E19/><V0/><F0/><W98/><G98/><T18/><D18/><U23/><E47/><AGARI ba="0,1" hai="39,41,47,61,65,70,109,111,112,113,115" m="45066" machi="47" ten="40,5200,0" yaku="23,1,34,2" doraHai="16" who="0" fromWho="1" sc="240,62,245,-52,225,0,280,0" /><INIT seed="2,0,0,5,3,49" ten="302,193,225,280" oya="2" hai0="53,71,75,124,46,43,91,40,110,61,115,11,111" hai1="62,15,92,129,126,103,41,22,121,101,48,31,9" hai2="104,87,122,68,94,35,45,73,81,95,32,82,125" hai3="78,83,33,39,30,28,1,58,63,80,13,106,18"/><V108/><F122/><W17/><G1/><T24/><D75/><U52/><E121/><V57/><F68/><W112/><G112/><T105/><D115/><U90/><E129/><V119/><F119/><W36/><G106/><T67/><D105/><U69/><E41/><N who="0" m="15945" /><D11/><U84/><E126/><V21/><F104/><W60/><G33/><T123/><D91/><U77/><E77/><V118/><F118/><W44/><G44/><T99/><D99/><U55/><E31/><V133/><F45/><W76/><G58/><T16/><D16/><N who="1" m="10527" /><E9/><V59/><F125/><W26/><G13/><T79/><D24/><AGARI ba="0,0" hai="17,18,24,26,28,30,36,39,60,63,76,78,80,83" machi="24" ten="25,1600,0" yaku="22,2" doraHai="49" who="3" fromWho="0" sc="302,-16,193,0,225,0,280,16" /><INIT seed="3,0,0,0,5,62" ten="286,193,225,296" oya="3" hai0="14,79,107,71,23,59,43,20,68,61,135,122,74" hai1="128,109,113,0,69,129,9,127,76,60,131,30,121" hai2="75,33,49,2,52,98,133,78,51,99,15,94,64" hai3="67,22,118,72,25,103,41,77,17,12,126,28,40"/><W84/><G118/><T88/><D107/><U10/><E76/><V119/><F2/><W95/><G126/><T134/><D122/><U96/><E121/><V24/><F119/><W7/><G7/><T97/><D43/><N who="3" m="16457" /><G72/><T82/><D71/><U63/><E127/><V47/><F133/><N who="0" m="50698" /><D68/><U48/><E113/><V31/><F51/><W8/><G67/><N who="0" m="39359" /><D14/><U16/><E109/><V32/><F64/><W50/><G50/><T44/><D44/><U117/><E117/><V111/><F15/><W54/><G54/><T13/><D13/><N who="1" m="7223" /><E48/><V91/><F111/><W125/><G125/><T39/><D39/><U124/><E124/><V53/><F53/><W110/><G110/><T37/><D37/><U102/><E69/><V93/><F75/><W5/><G5/><T1/><D1/><U18/><E18/><V87/><F78/><W45/><G45/><T86/><D97/><U89/><E30/><V27/><F98/><N who="3" m="59871" /><G84/><T101/><D101/><U6/><E102/><V114/><F114/><W92/><G77/><T65/><D65/><U58/><E58/><V104/><F104/><W132/><G132/><T57/><D57/><U85/><E96/><V26/><REACH who="2" step="1"/><F33/><REACH who="2" ten="286,193,215,296" step="2"/><W112/><G112/><T29/><D74/><U108/><E108/><V11/><F11/><W19/><G19/><T73/><D29/><U70/><E70/><V90/><AGARI ba="0,1" hai="24,26,27,31,32,47,49,52,87,90,91,93,94,99" machi="90" ten="20,5200,0" yaku="1,1,0,1,7,1,54,1,53,0" doraHai="62" doraHaiUra="105" who="2" fromWho="2" sc="286,-13,193,-13,215,62,296,-26" /><INIT seed="4,0,0,1,5,48" ten="273,180,277,270" oya="0" hai0="15,25,98,79,125,85,113,9,27,87,83,78,65" hai1="55,12,91,94,119,5,17,71,37,102,4,58,54" hai2="69,108,124,112,50,117,109,135,92,118,0,68,123" hai3="16,10,56,64,82,20,35,129,62,30,132,23,18"/><T90/><D113/><U39/><E71/><N who="2" m="27211" /><F0/><W104/><G132/><T80/><D125/><U32/><E32/><V63/><F92/><W11/><G129/><T128/><D128/><U134/><E134/><V43/><F135/><W106/><G35/><T46/><D65/><U22/><E119/><N who="2" m="45579" /><F112/><W45/><G30/><T131/><D131/><U126/><E126/><V111/><F124/><W67/><G82/><T7/><D46/><U105/><E105/><V120/><F63/><W47/><G62/><T77/><D98/><U53/><E102/><V66/><F66/><W1/><G56/><T36/><D36/><U42/><E58/><V110/><F110/><W88/><G88/><AGARI ba="0,0" hai="7,9,15,25,27,77,78,79,80,83,85,87,88,90" machi="88" ten="40,7700,0" yaku="9,1,8,1,54,1" doraHai="48" who="0" fromWho="3" sc="273,77,180,0,277,0,270,-77" owari="350,45.0,180,-32.0,277,8.0,193,-21.0" /></mjloggm>