<mjloggm ver="2.3"><GO type="185" lobby="0"/><UN n0="%41%2E%4B%39%6D%65%63" n1="%E4%BD%8D%E9%B3%B3%E5%A4%A9" n2="%E3%81%BF%E3%83%BC%E3%82%8F" n3="" dan="18,17,17,0" rate="2351.97,2178.98,2243.34,1500.00" sx="M,M,M,C"/><TAIKYOKU oya="0"/><INIT seed="0,0,0,0,0,107" ten="350,350,350,0" oya="0" hai0="117,39,120,36,116,61,97,83,103,95,93,42,77" hai1="76,102,47,40,85,46,129,133,43,104,34,135,55" hai2="51,38,96,113,67,57,111,114,44,130,75,66,91" hai3=""/><T125/><N who="0" m="30752" /><T118/><D125/><U98/><E34/><V100/><F111/><T121/><N who="0" m="31008" /><T86/><D42/><N who="1" m="15915" /><E129/><V70/><F38/><T49/><D49/><U80/><E55/><V35/><F130/><T123/><N who="0" m="31520" /><T81/><D61/><U50/><E50/><V52/><F35/><T90/><REACH who="0" step="1"/><D81/><REACH who="0" ten="340,350,350,0" step="2"/><U109/><E109/><V62/><F62/><T126/><D126/><U101/><E135/><V128/><F128/><T74/><AGARI ba="0,1" hai="36,39,74,77,83,86,90,93,95,97,103,116,117,118" m="31520,31008,30752" machi="74" ten="30,12000,2" yaku="1,1,0,1,52,4,53,0" doraHai="107" doraHaiUra="60" who="0" fromWho="0" sc="340,130,350,-60,350,-60,0,0" /><INIT seed="0,1,0,1,2,32" ten="470,290,290,0" oya="0" hai0="50,64,108,48,82,65,128,94,127,70,60,103,2" hai1="66,71,105,111,98,54,96,73,117,52,0,109,104" hai2="121,81,79,89,3,75,100,120,46,59,76,61,42" hai3=""/><T92/><D128/><U99/><E117/><V63/><N who="2" m="30752" /><V72/><N who="2" m="31008" /><V129/><F3/><T41/><D127/><U74/><E66/><V36/><F129/><T83/><D108/><N who="1" m="41547" /><E71/><V135/><F135/><T86/><D2/><U87/><E87/><V131/><F131/><T90/><D65/><U101/><E0/><V93/><F100/><T43/><D50/><U132/><E132/><V123/><N who="2" m="31520" /><V115/><F115/><T116/><D116/><U1/><E1/><V85/><F59/><T107/><D83/><AGARI ba="1,0" hai="36,42,46,61,63,72,75,76,79,81,83,85,89,93" m="31520,31008,30752" machi="83" ten="40,8000,1" yaku="9,1,52,3" doraHai="32" who="2" fromWho="0" sc="470,-82,290,0,290,82,0,0" /><INIT seed="1,0,0,5,5,128" ten="388,290,372,0" oya="1" hai0="69,60,0,113,66,104,84,99,35,115,48,124,41" hai1="57,73,50,125,39,103,40,135,82,77,87,51,44" hai2="1,2,3,54,85,100,127,67,61,49,118,131,93" hai3=""/><U111/><E125/><V92/><F118/><T37/><D35/><U81/><E111/><V33/><F33/><T94/><D0/><U65/><E103/><V62/><F131/><T130/><D124/><U105/><E105/><V42/><F127/><T75/><D75/><U110/><E110/><V53/><F42/><T114/><D130/><U58/><E135/><V120/><N who="2" m="30752" /><V123/><N who="2" m="31520" /><V121/><N who="2" m="31008" /><V56/><F85/><T38/><D84/><U97/><E97/><V91/><F91/><T68/><D68/><U109/><E109/><V112/><F112/><T55/><D41/><U106/><E106/><V70/><REACH who="2" step="1"/><F100/><REACH who="2" ten="388,290,362,0" step="2"/><T98/><D114/><U129/><E129/><V101/><F101/><T95/><D115/><U64/><E87/><V63/><F63/><T71/><D60/><U83/><E73/><V90/><F90/><T122/><D113/><U80/><E77/><V79/><F79/><T52/><N who="0" m="31264" /><T132/><D132/><U108/><E108/><V45/><AGARI ba="0,1" hai="1,2,3,45,49,53,54,56,61,62,67,70,92,93" m="31008,31520,30752" machi="45" ten="30,6000,1" yaku="1,1,0,1,52,3,53,0" doraHai="128" doraHaiUra="133" who="2" fromWho="2" sc="388,-20,290,-40,362,70,0,0" /><INIT seed="2,0,0,0,4,35" ten="368,250,432,0" oya="2" hai0="99,61,83,59,130,52,87,129,113,119,82,45,106" hai1="49,116,135,89,124,46,79,34,115,41,65,77,92" hai2="102,117,111,74,60,105,0,94,42,71,118,132,1" hai3=""/><V40/><F105/><T33/><D33/><U62/><E135/><V131/><F74/><T70/><D119/><U36/><E116/><V101/><F94/><T114/><D70/><U54/><E115/><N who="0" m="44041" /><D45/><U90/><E124/><V57/><F71/><T76/><D83/><U126/><E126/><V78/><F78/><T98/><D106/><U66/><E34/><V56/><F60/><T123/><N who="0" m="31520" /><T64/><D64/><U96/><E90/><V47/><F47/><T50/><D61/><U3/><E3/><V32/><F32/><T85/><D85/><U43/><E43/><V107/><F107/><T80/><D80/><U48/><E66/><V122/><N who="2" m="31264" /><V95/><F95/><T68/><D68/><U58/><REACH who="1" step="1"/><E49/><REACH who="1" ten="368,240,432,0" step="2"/><V39/><F132/><T51/><D51/><U63/><E63/><V103/><F0/><T97/><AGARI ba="0,1" hai="50,52,59,76,82,87,97,98,99,129,130" m="31520,44041" machi="97" ten="40,3900,0" yaku="11,1,52,1,54,1" doraHai="35" who="0" fromWho="0" sc="368,49,240,-13,432,-26,0,0" /><INIT seed="4,0,0,4,2,129" ten="417,227,406,0" oya="0" hai0="112,71,109,37,113,50,60,99,121,106,65,87,49" hai1="127,41,118,135,85,76,134,133,67,105,102,2,69" hai2="92,82,32,40,96,68,64,53,119,131,48,84,1" hai3=""/><T81/><N who="0" m="31008" /><T88/><D37/><U72/><E118/><V111/><F111/><T63/><D109/><U130/><E2/><V58/><F1/><T125/><D125/><U124/><E41/><V33/><F131/><T117/><D117/><U114/><E130/><V90/><F119/><T80/><D63/><U47/><E47/><V57/><F68/><T115/><D81/><U132/><E72/><V77/><F40/><T89/><D89/><U93/><E114/><V44/><F58/><T122/><N who="0" m="31264" /><T46/><D46/><U56/><E69/><V83/><F82/><T108/><D108/><U116/><E116/><V42/><REACH who="2" step="1"/><F64/><REACH who="2" ten="417,227,396,0" step="2"/><T34/><D34/><U126/><E67/><V86/><F86/><T54/><D54/><U59/><N who="1" m="33792" /><DORA hai="94" /><U78/><E56/><V45/><F45/><T91/><REACH who="0" step="1"/><D91/><REACH who="0" ten="407,227,396,0" step="2"/><U103/><E59/><V52/><F52/><T70/><D70/><U79/><E105/><V51/><AGARI ba="0,2" hai="32,33,42,44,48,51,53,57,77,83,84,90,92,96" machi="51" ten="20,6000,1" yaku="1,1,0,1,7,1,52,1,53,1" doraHai="129,94" doraHaiUra="35,38" who="2" fromWho="2" sc="407,-40,227,-20,396,80,0,0" /><INIT seed="5,0,0,1,2,92" ten="367,207,476,0" oya="1" hai0="45,61,36,57,107,76,78,134,104,63,71,112,54" hai1="49,117,93,46,40,69,103,101,35,33,38,98,44" hai2="72,133,56,67,135,84,119,73,113,132,120,47,111" hai3=""/><U124/><E117/><V94/><N who="2" m="30752" /><V131/><F111/><T90/><D112/><U42/><E69/><V37/><F119/><T65/><D134/><U51/><E124/><V70/><F113/><T81/><D78/><U130/><E130/><V118/><F118/><T2/><D90/><U82/><E82/><V1/><F1/><T91/><D91/><U125/><E125/><V34/><F34/><T39/><D2/><U53/><REACH who="1" step="1"/><E103/><REACH who="1" ten="367,197,476,0" step="2"/><V105/><F70/><T121/><N who="0" m="31008" /><T50/><D36/><U87/><E87/><V74/><F131/><T116/><D39/><U66/><E66/><V83/><F67/><T77/><D116/><U68/><E68/><V127/><F127/><T41/><D77/><U108/><E108/><V60/><F37/><T43/><D43/><U102/><E102/><V32/><F133/><T79/><D79/><U100/><E100/><V55/><F135/><T95/><D95/><U122/><N who="1" m="31264" /><U48/><E48/><V123/><N who="2" m="31520" /><V97/><F94/><T114/><D114/><U96/><E96/><V3/><F97/><T89/><D89/><U0/><E0/><V75/><F3/><T115/><D115/><U86/><E86/><AGARI ba="0,1" hai="41,45,50,54,57,61,63,65,71,76,81,86,104,107" m="31008" machi="86" ten="30,2000,0" yaku="7,1,52,1" doraHai="92" who="0" fromWho="1" sc="367,30,197,-20,476,0,0,0" /><INIT seed="6,0,0,2,3,92" ten="397,177,476,0" oya="2" hai0="48,133,63,45,0,125,95,84,61,62,131,96,91" hai1="87,65,66,49,64,111,121,46,103,39,77,135,37" hai2="107,106,52,42,51,99,101,130,94,110,73,113,44" hai3=""/><V58/><F113/><T40/><D0/><U117/><N who="1" m="31008" /><U57/><E111/><V2/><F110/><T97/><D125/><U47/><E103/><V108/><F108/><T134/><REACH who="0" step="1"/><D131/><REACH who="0" ten="387,177,476,0" step="2"/><U54/><E87/><V120/><N who="2" m="30752" /><V33/><F2/><T50/><D50/><U53/><E77/><V102/><F33/><T74/><D74/><U114/><E114/><V83/><F73/><T82/><D82/><U71/><E135/><AGARI ba="0,1" hai="40,45,48,61,62,63,84,91,95,96,97,133,134,135" machi="135" ten="40,12000,2" yaku="1,1,20,1,52,2,53,3" doraHai="92" doraHaiUra="129" who="0" fromWho="1" sc="387,130,177,-120,476,0,0,0" owari="517,46.0,57,-54.0,476,8.0,0,0.0" /></mjloggm>