<mjloggm ver="2.3"><GO type="169" lobby="0"/><UN n0="%E3%83%9D%E3%83%B3%E3%83%89%E3%83%AB" n1="%E2%91%A3%E3%82%BB%E3%83%B3%E3%83%81" n2="%E7%9B%AE%E7%8E%89%E7%84%BC%E3%81%8D" n3="%E3%82%B4%E3%83%83%E3%82%B5%E3%83%A0" dan="16,18,16,16" rate="2056.04,2235.39,2120.77,2053.77" sx="M,M,M,M"/><TAIKYOKU oya="0"/><INIT seed="0,0,0,5,5,75" ten="250,250,250,250" oya="0" hai0="120,50,19,116,131,57,113,95,102,62,87,80,42" hai1="85,78,17,9,16,71,109,125,59,51,2,38,11" hai2="18,112,66,7,36,23,65,88,52,31,67,3,79" hai3="21,129,22,134,46,6,114,61,44,0,15,128,117"/><T14/><D120/><U93/><E71/><V60/><F112/><W40/><G117/><T97/><D116/><U101/><E38/><V74/><F36/><W49/><G114/><T121/><D113/><U28/><E28/><V54/><F3/><W81/><G134/><T110/><D121/><U124/><E109/><V107/><F107/><W73/><G44/><T89/><D110/><U122/><E101/><V118/><F7/><W111/><G61/><T119/><D119/><U84/><E122/><V53/><F31/><W115/><G115/><T63/><D131/><N who="3" m="50249" /><G0/><T8/><REACH who="0" step="1"/><D57/><REACH who="0" ten="240,250,250,250" step="2"/><U103/><E59/><V70/><F118/><W13/><G111/><T123/><D123/><U29/><E125/><V33/><F33/><W92/><G22/><T77/><D77/><U68/><E78/><V26/><REACH who="2" step="1"/><F88/><REACH who="2" ten="240,250,240,250" step="2"/><W76/><G92/><T12/><D12/><U91/><E91/><V34/><F34/><W127/><G127/><T83/><D83/><AGARI ba="0,2" hai="18,23,26,52,53,54,60,65,66,67,70,74,79,83" machi="83" ten="40,5200,0" yaku="1,1,52,1,54,1,53,0" doraHai="75" doraHaiUra="24" who="2" fromWho="0" sc="240,-52,250,0,240,72,250,0" /><INIT seed="1,0,0,5,3,81" ten="188,250,312,250" oya="1" hai0="118,62,89,115,112,25,99,97,77,106,54,13,21" hai1="49,1,103,9,78,35,100,68,14,94,110,36,44" hai2="32,53,98,82,131,135,0,39,22,101,129,52,127" hai3="80,120,86,4,28,92,90,15,58,117,104,20,105"/><U29/><E68/><V85/><F0/><W33/><G120/><T46/><D118/><U134/><E36/><V79/><F32/><W128/><G117/><T125/><D125/><U95/><E1/><V111/><F39/><W71/><G71/><T122/><D122/><U8/><E8/><V64/><F127/><W7/><G33/><T133/><D77/><U121/><E121/><V65/><F135/><W126/><G126/><T124/><D124/><U114/><E114/><V91/><F111/><W51/><G104/><T30/><D133/><U50/><E50/><V87/><F22/><W74/><G105/><T41/><D106/><U107/><E107/><N who="2" m="63927" /><F64/><W18/><G128/><N who="2" m="49225" /><F65/><W61/><G28/><T17/><D115/><U70/><E70/><V96/><F96/><W27/><G27/><T12/><D112/><U45/><E29/><V123/><F123/><W40/><G74/><T119/><D119/><U63/><E103/><V23/><F23/><W84/><G51/><N who="0" m="27087" /><D99/><U42/><E49/><V38/><F38/><W5/><G40/><T75/><D75/><U48/><E48/><V19/><F19/><W47/><G47/><T132/><D132/><U88/><E45/><V113/><F113/><W93/><REACH who="3" step="1"/><G86/><REACH who="3" ten="188,250,312,240" step="2"/><T57/><D30/><U6/><E44/><V130/><F130/><W69/><G69/><T11/><D11/><N who="1" m="4471" /><E42/><V67/><F67/><AGARI ba="0,1" hai="4,5,7,15,18,20,58,61,67,80,84,90,92,93" machi="67" ten="40,8000,1" yaku="1,1,8,1,52,1,53,1" doraHai="81" doraHaiUra="83" who="3" fromWho="2" sc="188,0,250,0,312,-80,240,90" /><INIT seed="2,0,0,4,5,20" ten="188,250,232,330" oya="2" hai0="133,7,70,106,24,119,134,43,40,38,42,132,55" hai1="85,105,56,108,13,118,28,129,71,79,88,66,44" hai2="3,14,39,97,46,89,58,51,116,32,130,126,112" hai3="36,82,102,86,27,95,104,25,0,19,81,35,60"/><V15/><F116/><W21/><G0/><T29/><D70/><U127/><E105/><V6/><F112/><W93/><G36/><T22/><D106/><U57/><E71/><V109/><F32/><W10/><G104/><T59/><D7/><U84/><E127/><V113/><F113/><W135/><G135/><T67/><D119/><U77/><E85/><V100/><F126/><W47/><G10/><T80/><D80/><N who="3" m="30825" /><G35/><T26/><D67/><U48/><E129/><V37/><F130/><W73/><G73/><T103/><D103/><U94/><E108/><V62/><F3/><W63/><G47/><T11/><D11/><U17/><E28/><V124/><F124/><W33/><G33/><T5/><D5/><U83/><E66/><V16/><F109/><W107/><G107/><T72/><D72/><U8/><E118/><V9/><F100/><W117/><G117/><T121/><D121/><U78/><REACH who="1" step="1"/><E94/><REACH who="1" ten="188,240,232,330" step="2"/><N who="2" m="56527" /><F37/><W64/><G95/><T128/><D128/><U68/><E68/><V122/><F39/><W90/><G64/><T131/><D131/><U69/><E69/><V91/><F122/><W92/><G86/><T45/><REACH who="0" step="1"/><D26/><REACH who="0" ten="178,240,232,330" step="2"/><U110/><E110/><V30/><F30/><W99/><G27/><T123/><D123/><U54/><AGARI ba="0,2" hai="8,13,17,44,48,54,56,57,77,78,79,83,84,88" machi="54" ten="30,12000,2" yaku="1,1,0,1,25,2,8,1,54,1,53,0" doraHai="20" doraHaiUra="125" who="1" fromWho="1" sc="178,-30,240,140,232,-60,330,-30" /><INIT seed="3,0,0,1,0,60" ten="148,380,172,300" oya="3" hai0="11,68,101,40,117,43,50,123,119,58,63,49,24" hai1="47,53,115,120,9,124,5,102,105,87,77,18,128" hai2="13,89,79,14,16,118,108,76,109,73,10,106,20" hai3="31,84,6,45,44,69,103,65,29,48,94,83,91"/><W72/><G6/><T46/><D101/><U131/><E120/><V85/><F106/><W56/><G69/><T132/><D24/><U126/><E115/><V52/><F118/><N who="0" m="45066" /><D11/><U28/><E28/><V135/><F73/><W110/><G110/><N who="2" m="42601" /><F135/><W41/><G45/><N who="0" m="25767" /><D123/><U70/><E70/><V1/><F1/><W99/><REACH who="3" step="1"/><G72/><REACH who="3" ten="148,380,172,290" step="2"/><T0/><D132/><U96/><E5/><N who="2" m="3279" /><F52/><W8/><G8/><T2/><D0/><U93/><E53/><V59/><F59/><W71/><G71/><T61/><D2/><U33/><E47/><V129/><F129/><W34/><G34/><T88/><D68/><U86/><E33/><V66/><F66/><W82/><G82/><AGARI ba="0,1" hai="14,16,20,76,79,82,85,89" m="3279,42601" machi="82" ten="30,2000,0" yaku="14,1,54,1" doraHai="60" who="2" fromWho="3" sc="148,0,380,0,172,30,290,-20" /><INIT seed="4,0,0,2,0,84" ten="148,380,202,270" oya="0" hai0="66,108,100,131,64,132,31,119,101,27,73,102,49" hai1="43,12,80,41,128,120,54,7,61,58,110,28,75" hai2="106,127,2,47,39,92,38,57,53,95,118,36,5" hai3="74,60,98,10,50,23,42,63,16,9,103,51,134"/><T117/><D73/><U26/><E110/><V59/><F127/><W111/><G74/><T112/><D108/><U82/><E120/><V109/><F109/><W35/><G35/><T45/><D112/><U19/><E7/><V62/><F106/><W90/><G103/><T33/><D132/><U30/><E128/><V55/><F118/><W37/><G37/><T81/><D131/><U76/><E80/><V78/><F78/><W88/><G134/><T89/><D119/><U14/><E28/><V40/><F5/><W135/><G135/><T77/><D77/><U99/><E99/><V52/><F2/><W115/><G111/><T3/><D3/><U25/><E25/><V24/><F24/><W21/><G98/><T93/><D81/><U32/><E12/><V105/><F105/><W29/><G42/><T107/><D107/><U114/><E114/><V86/><F95/><W22/><G115/><T17/><D17/><U46/><E46/><V1/><F1/><W71/><G71/><T67/><D117/><U126/><E126/><V83/><F92/><W69/><G69/><T123/><D123/><U13/><E14/><V113/><F113/><W6/><G16/><T125/><D125/><U97/><E97/><V79/><F55/><W34/><G22/><AGARI ba="0,0" hai="13,19,22,26,30,32,41,43,54,58,61,75,76,82" machi="22" ten="30,1000,0" yaku="7,1" doraHai="84" who="1" fromWho="3" sc="148,0,380,10,202,0,270,-10" /><INIT seed="5,0,0,5,0,13" ten="148,390,202,260" oya="1" hai0="126,88,63,23,80,35,102,37,66,124,131,44,61" hai1="49,51,107,125,29,74,128,20,14,122,85,70,8" hai2="10,89,119,76,57,3,98,24,112,117,55,116,2" hai3="67,90,26,86,94,73,18,16,105,15,31,36,114"/><U87/><E74/><V83/><F24/><W71/><G36/><T41/><D35/><U30/><E107/><V106/><F10/><W19/><G73/><T100/><D131/><U78/><E70/><V95/><F106/><W132/><G114/><T77/><D23/><U38/><E38/><V25/><F25/><W75/><G132/><T45/><D45/><U81/><E122/><V5/><F5/><W101/><G75/><T118/><D118/><U62/><E125/><N who="0" m="48233" /><D77/><U120/><E120/><V97/><F97/><W9/><G67/><T46/><D46/><U64/><E87/><V91/><F91/><W123/><G71/><N who="0" m="42447" /><D63/><U34/><E34/><V110/><F110/><W92/><G123/><T72/><D72/><U40/><E40/><V42/><F42/><W133/><G133/><T28/><D28/><U17/><E128/><V56/><F112/><W69/><G69/><T6/><D6/><N who="1" m="3351" /><E62/><V11/><F56/><W58/><G58/><T129/><D129/><U130/><E64/><V52/><F57/><W135/><G135/><T0/><D0/><U115/><E115/><V12/><F2/><W21/><G105/><T53/><D53/><U54/><E130/><V96/><F3/><W79/><G79/><T47/><D44/><N who="1" m="27943" /><E51/><V82/><F76/><W109/><G109/><T60/><D60/><U99/><E30/><V32/><F32/><W48/><G48/><T43/><D41/><U4/><E29/><V104/><F55/><W108/><G108/><T111/><D111/><U22/><E78/><V59/><F52/><W134/><G134/><T50/><D37/><RYUUKYOKU ba="0,0" sc="148,15,390,-15,202,-15,260,15" hai0="43,47,50,80,88,100,102" hai3="9,15,16,18,19,21,26,31,86,90,92,94,101" /><INIT seed="6,1,0,3,4,70" ten="163,375,187,275" oya="2" hai0="41,28,133,125,38,27,40,79,109,87,106,107,121" hai1="105,0,53,10,68,7,26,90,63,71,8,21,98" hai2="3,5,94,42,34,129,84,120,88,123,111,24,56" hai3="81,13,69,32,20,62,118,14,51,102,130,64,128"/><V91/><F129/><N who="3" m="49771" /><G118/><T2/><D109/><U132/><E132/><V23/><F111/><W16/><G32/><N who="0" m="20511" /><D121/><U67/><E10/><V83/><F34/><W115/><G115/><T54/><D54/><U60/><E53/><V122/><F42/><W99/><G81/><T89/><D89/><U97/><E105/><N who="0" m="39945" /><D87/><U101/><E101/><V112/><F112/><W119/><G119/><T85/><D85/><U108/><E90/><V29/><F56/><W116/><G116/><T4/><D41/><U78/><E78/><V59/><F59/><W9/><G51/><T31/><D31/><U37/><E108/><V44/><F44/><W103/><G99/><T80/><D133/><U19/><E98/><V124/><F124/><W25/><G14/><T33/><D33/><U15/><E97/><V46/><F46/><W52/><G52/><T104/><N who="0" m="39953" /><T39/><DORA hai="12" /><D40/><U6/><E15/><V18/><F94/><W17/><AGARI ba="1,0" hai="9,13,16,17,20,25,62,64,69,102,103" m="49771" machi="17" ten="30,7900,0" yaku="19,1,52,2,54,1" doraHai="70,12" who="3" fromWho="3" sc="163,-21,375,-21,187,-40,275,82" /><INIT seed="7,0,0,0,0,54" ten="142,354,147,357" oya="3" hai0="133,99,75,94,25,46,2,30,135,11,59,76,126" hai1="56,131,104,107,84,114,90,44,48,130,58,105,101" hai2="55,88,42,45,67,106,103,22,70,111,10,57,109" hai3="5,102,123,3,0,32,31,29,81,35,7,134,78"/><W125/><G102/><T4/><D126/><U39/><E101/><V51/><F22/><W96/><G96/><T117/><D117/><U60/><E39/><N who="2" m="21727" /><F10/><N who="3" m="2343" /><G81/><T74/><D59/><U64/><E114/><V119/><F119/><W26/><G78/><T36/><D46/><U124/><E124/><V77/><F77/><W41/><G125/><T43/><D43/><U13/><E13/><V72/><F72/><W115/><G41/><T66/><D66/><U93/><REACH who="1" step="1"/><E58/><REACH who="1" ten="142,344,147,357" step="2"/><V37/><F37/><W92/><G115/><T16/><D36/><U118/><E118/><V127/><F127/><W116/><G116/><T108/><D108/><U40/><AGARI ba="0,1" hai="40,44,48,56,60,64,84,90,93,104,105,107,130,131" machi="40" ten="40,5200,0" yaku="1,1,0,1,52,1,53,0" doraHai="54" doraHaiUra="27" who="1" fromWho="1" sc="142,-13,344,62,147,-13,357,-26" owari="129,-37.0,406,51.0,134,-27.0,331,13.0" /></mjloggm>