<mjloggm ver="2.3"><GO type="169" lobby="0"/><UN n0="%E3%83%8F%E3%83%83%E3%83%88%E3%83%AA%E3%82%B9" n1="%E3%82%B3%E3%82%AB%E3%83%A9%E3%82%A4%E3%82%A2" n2="%E3%83%81%E3%83%83%E3%83%97%E3%82%B3%E3%83%AC%E3%82%AF%E3%82%BF%E3%83%BC" n3="%50%4F%4E%5A%55" dan="17,17,16,16" rate="2171.17,2158.27,2134.56,2122.02" sx="M,M,M,M"/><TAIKYOKU oya="0"/><INIT seed="0,0,0,0,2,43" ten="250,250,250,250" oya="0" hai0="102,41,129,99,69,31,61,16,115,24,81,6,56" hai1="27,44,1,39,3,25,22,51,65,50,88,8,36" hai2="119,101,48,28,33,86,107,30,66,45,85,130,91" hai3="96,57,52,79,32,94,113,123,110,70,34,63,93"/><T62/><D115/><U19/><E65/><V47/><F130/><W55/><G113/><T10/><D129/><U120/><E120/><V89/><F119/><W68/><G123/><T37/><D81/><U124/><E124/><V125/><F125/><W116/><G110/><T58/><D69/><U77/><E77/><V4/><F4/><W12/><G79/><T75/><D75/><U76/><E76/><V100/><F66/><W95/><G96/><T98/><D31/><N who="2" m="11818" /><F48/><W0/><G0/><T20/><D41/><U114/><E114/><V23/><F23/><W5/><G116/><T134/><D37/><U83/><E50/><V111/><F33/><W74/><G74/><T21/><D21/><U26/><E39/><V87/><F107/><W29/><G29/><T117/><D117/><U80/><E36/><V104/><F104/><W14/><G5/><T112/><D102/><N who="2" m="39530" /><F111/><W11/><G11/><T133/><D112/><U105/><E105/><V97/><F97/><W15/><REACH who="3" step="1"/><G55/><REACH who="3" ten="250,250,250,240" step="2"/><T46/><D99/><U106/><E8/><V60/><F60/><W126/><G126/><T38/><D98/><U78/><E3/><V13/><F13/><W135/><G135/><N who="0" m="51723" /><D62/><U118/><E118/><V121/><F121/><W49/><G49/><T59/><D61/><U90/><E1/><V18/><F18/><W7/><G7/><T9/><D6/><U103/><E106/><V84/><N who="2" m="21504" /><DORA hai="127" /><V17/><F17/><W73/><G73/><T64/><D9/><U128/><E103/><V42/><F42/><W122/><G122/><T53/><D10/><U108/><E108/><RYUUKYOKU ba="0,1" sc="250,-15,250,-15,250,15,240,15" hai2="45,47,89,91" hai3="12,14,15,32,34,52,57,63,68,70,93,94,95" /><INIT seed="1,1,1,5,5,85" ten="235,235,265,255" oya="1" hai0="117,12,133,43,37,135,126,125,122,118,17,120,79" hai1="48,77,119,32,31,26,97,75,127,106,42,115,105" hai2="22,91,111,47,49,98,52,11,68,7,61,89,18" hai3="69,104,96,16,40,86,80,55,116,82,114,46,87"/><U39/><E115/><V110/><F68/><W10/><G69/><T27/><D79/><U3/><E119/><N who="0" m="45577" /><D27/><U59/><E127/><N who="0" m="48649" /><D43/><U34/><E3/><V67/><F98/><W124/><G114/><T2/><D2/><U57/><E48/><V36/><F36/><W112/><G112/><T107/><D107/><N who="1" m="40971" /><E57/><N who="2" m="37295" /><F11/><W103/><G55/><T74/><D37/><U9/><E59/><V20/><F7/><W109/><G109/><N who="2" m="41481" /><F20/><W24/><G124/><T101/><D101/><U38/><E9/><V100/><F100/><W4/><G4/><T64/><D74/><U95/><E38/><V15/><AGARI ba="1,1" hai="15,18,22,47,49,52,89,91" m="41481,37295" machi="15" ten="30,7900,0" yaku="14,1,52,2,54,1" doraHai="85" who="2" fromWho="2" sc="235,-21,235,-40,265,92,255,-21" /><INIT seed="2,0,0,5,4,38" ten="214,195,357,234" oya="2" hai0="61,29,23,89,100,109,50,59,13,78,43,10,54" hai1="26,28,87,99,4,124,40,70,103,16,106,84,135" hai2="122,56,107,21,14,85,1,117,120,49,45,116,123" hai3="39,133,33,119,71,73,93,41,126,66,60,76,81"/><V130/><F107/><W79/><G93/><T111/><D78/><U94/><E135/><V52/><F1/><W75/><G133/><T125/><D100/><U77/><E124/><V3/><F3/><W12/><G12/><T134/><D134/><U121/><E70/><V15/><F130/><W108/><G108/><N who="0" m="41547" /><D125/><U31/><E4/><V20/><F85/><W34/><G119/><T88/><D23/><U53/><E121/><V101/><F101/><W131/><G131/><T118/><D29/><N who="1" m="11339" /><E106/><V114/><F114/><W22/><G22/><T105/><D118/><U112/><E53/><V64/><F117/><W11/><G11/><T102/><D102/><U68/><E68/><V74/><F74/><W47/><G126/><T129/><D129/><U46/><E77/><V127/><F127/><W113/><G113/><T91/><D105/><U18/><E26/><V132/><F132/><W9/><G9/><T110/><N who="0" m="41555" /><T6/><DORA hai="55" /><D61/><U27/><E27/><V65/><F116/><W104/><REACH who="3" step="1"/><G104/><REACH who="3" ten="214,195,357,224" step="2"/><T86/><D86/><N who="1" m="32811" /><E112/><V24/><F122/><W95/><G95/><T128/><D128/><U67/><E94/><V72/><F123/><W0/><G0/><T5/><D5/><U37/><E99/><V97/><F97/><W98/><G98/><T8/><D8/><U48/><E103/><V83/><F120/><W7/><G7/><T57/><D10/><U82/><E82/><AGARI ba="0,1" hai="33,34,39,41,47,60,66,71,73,75,76,79,81,82" machi="82" ten="40,12000,2" yaku="1,1,9,1,33,3,52,1,53,0" doraHai="38,55" doraHaiUra="90,32" who="3" fromWho="1" sc="214,0,195,-120,357,0,224,130" /><INIT seed="3,0,0,5,2,114" ten="214,75,357,354" oya="3" hai0="34,113,29,40,43,63,120,111,90,70,52,74,115" hai1="55,83,33,97,3,125,104,15,96,64,53,59,39" hai2="7,45,123,57,47,77,75,110,26,61,87,103,62" hai3="95,8,32,14,85,49,102,4,100,98,48,38,20"/><W30/><G32/><T79/><D120/><U134/><E125/><V121/><F75/><W16/><G38/><T89/><D111/><U58/><E134/><V92/><F110/><W93/><G30/><T2/><D2/><U42/><E3/><V101/><F7/><W67/><G67/><T124/><D79/><U0/><E0/><V72/><F72/><W35/><G35/><T118/><D74/><U131/><E33/><V105/><F105/><W99/><G85/><T5/><D5/><U106/><E131/><V117/><F117/><W19/><G19/><T41/><D124/><U44/><E64/><V119/><F119/><W112/><G112/><N who="0" m="43083" /><D118/><U25/><E25/><AGARI ba="0,0" hai="4,8,14,16,20,25,48,49,93,95,98,99,100,102" machi="25" ten="30,11600,0" yaku="7,1,9,1,8,1,54,1" doraHai="114" who="3" fromWho="1" sc="214,0,75,-116,357,0,354,116" owari="214,-19.0,-41,-54.0,357,16.0,470,57.0" /></mjloggm>