<mjloggm ver="2.3"><GO type="225" lobby="0"/><UN n0="%E7%B6%BE%E9%87%8E%E7%8F%AA%E5%AD%90" n1="%E3%81%82%E3%81%9A%E3%81%8D%E3%81%82%E3%81%9A%E3%81%95" n2="%E9%88%B4%E4%B8%B8" n3="%E3%82%AB%E3%83%9C%E3%83%81%E3%83%A3%E3%82%BF%E3%83%8D" dan="17,16,17,16" rate="2216.15,2114.21,2206.34,2080.87" sx="F,M,M,M"/><TAIKYOKU oya="0"/><INIT seed="0,0,0,0,0,24" ten="250,250,250,250" oya="0" hai0="58,124,96,70,47,49,65,134,68,88,8,59,97" hai1="87,74,106,95,37,7,44,82,54,22,131,111,92" hai2="107,17,5,105,33,1,23,39,130,10,63,0,56" hai3="135,79,27,118,32,66,108,41,116,93,57,15,42"/><T60/><D124/><U132/><E106/><V19/><F130/><W128/><G128/><T75/><D75/><U101/><E131/><V71/><F71/><W126/><G79/><T12/><D134/><U50/><E111/><V72/><F39/><W16/><G108/><T13/><D70/><U85/><E74/><V113/><F113/><W78/><G78/><T81/><D59/><U120/><E120/><V31/><F0/><W35/><G93/><T3/><D3/><U129/><E101/><V69/><F17/><W53/><G66/><T20/><D68/><U36/><E129/><V89/><F89/><W121/><G126/><T104/><D20/><U84/><E82/><V99/><F99/><N who="0" m="37962" /><D8/><U73/><E73/><V40/><F40/><W51/><G135/><T21/><D21/><U9/><E22/><V91/><F91/><W52/><G121/><T11/><D11/><U46/><E132/><V102/><F69/><W26/><G35/><T123/><D123/><U61/><E37/><V94/><F94/><N who="1" m="35881" /><E36/><V64/><F72/><W117/><G53/><N who="0" m="29887" /><D104/><U25/><E25/><N who="2" m="18671" /><F102/><W80/><G27/><T127/><D127/><U18/><E7/><V28/><F28/><W110/><G110/><T55/><D55/><U14/><E46/><V90/><F90/><W6/><G6/><T30/><D30/><U83/><E83/><V119/><F119/><W48/><G26/><T38/><D38/><U29/><E29/><V34/><F34/><W115/><G32/><T45/><D45/><U109/><E109/><V122/><F122/><W98/><G117/><T4/><D4/><RYUUKYOKU ba="0,0" sc="250,10,250,10,250,10,250,-30" hai0="12,13,58,60,65,81,88" hai1="9,14,18,44,50,54,61,84,85,87" hai2="1,5,10,19,23,56,63,64,105,107" /><INIT seed="0,1,0,0,0,48" ten="260,260,260,220" oya="0" hai0="17,101,125,126,83,31,10,55,54,9,90,1,26" hai1="6,115,104,43,111,33,68,85,88,66,92,11,114" hai2="65,79,25,5,87,99,121,23,73,78,112,7,91" hai3="37,19,35,130,53,135,96,16,22,41,80,127,70"/><T58/><D101/><U56/><E111/><V32/><F121/><W36/><G35/><T74/><D17/><U60/><E33/><V30/><F112/><N who="1" m="43049" /><E43/><V34/><F73/><W95/><G70/><T20/><D90/><U133/><E104/><V29/><F65/><W44/><G36/><T14/><D1/><N who="1" m="463" /><E133/><V52/><F99/><W84/><G127/><N who="0" m="48651" /><D58/><AGARI ba="1,0" hai="56,58,60,66,68,85,88,92" m="463,43049" machi="58" ten="30,2000,0" yaku="11,1,54,1" doraHai="48" who="1" fromWho="0" sc="260,-23,260,23,260,0,220,0" /><INIT seed="1,0,0,3,5,48" ten="237,283,260,220" oya="1" hai0="88,38,72,44,112,45,84,16,7,66,133,75,55" hai1="132,135,109,17,104,87,76,46,2,60,43,32,69" hai2="120,51,89,93,4,101,3,113,80,50,6,40,42" hai3="116,47,125,41,77,14,107,58,114,36,127,90,71"/><U57/><E69/><V33/><F120/><W22/><G107/><T110/><D112/><U134/><E104/><V31/><F101/><W10/><G114/><T65/><D7/><U27/><E2/><V12/><F3/><W103/><G103/><T39/><D133/><N who="1" m="34051" /><U52/><DORA hai="86" /><E109/><V25/><F80/><W70/><G77/><T24/><D110/><U37/><E87/><V11/><F113/><W35/><G35/><T106/><D106/><U124/><E76/><V1/><F4/><W67/><G22/><N who="0" m="13383" /><D39/><U105/><E105/><V30/><F30/><W119/><G90/><T9/><D38/><U82/><E82/><V108/><F108/><W111/><G14/><T118/><D118/><N who="3" m="45097" /><G10/><T115/><D115/><U123/><E123/><V56/><F1/><W29/><G29/><T20/><D75/><U23/><E32/><V130/><F130/><W99/><G99/><T100/><D72/><U117/><E117/><V121/><F121/><W64/><G111/><T128/><D9/><U26/><E26/><V68/><F68/><N who="3" m="26155" /><G58/><T18/><D128/><U96/><E96/><V74/><F74/><W15/><G15/><T53/><D100/><U28/><E28/><V95/><F56/><W122/><G122/><T129/><D129/><U92/><E124/><AGARI ba="0,0" hai="36,41,47,64,67,124,125,127" m="26155,45097" machi="124" ten="40,8000,1" yaku="18,1,12,1,34,2" doraHai="48,86" who="3" fromWho="1" sc="237,0,283,-80,260,0,220,80" /><INIT seed="2,0,0,0,3,41" ten="237,203,260,300" oya="2" hai0="66,29,131,61,110,16,83,116,64,133,1,6,12" hai1="10,93,11,5,45,123,96,109,77,89,118,84,0" hai2="105,114,111,68,113,13,120,128,27,130,98,106,101" hai3="119,92,47,59,78,2,81,82,50,91,15,135,42"/><V37/><F68/><W76/><G135/><T44/><D110/><U102/><E118/><V108/><F13/><W97/><G2/><T31/><D116/><U70/><E109/><N who="2" m="42059" /><F27/><W40/><G119/><T7/><D1/><U32/><E123/><V9/><F9/><W129/><G129/><N who="2" m="49769" /><F37/><W4/><G59/><T54/><D133/><U33/><E70/><V53/><F53/><W121/><G121/><T134/><D134/><U90/><E11/><V74/><F120/><W65/><G65/><N who="0" m="25195" /><D83/><N who="3" m="31753" /><G40/><T99/><D99/><U52/><E77/><N who="3" m="29802" /><G15/><T107/><D107/><N who="2" m="40970" /><F74/><W112/><G112/><T73/><D73/><U63/><E0/><V95/><AGARI ba="0,0" hai="95,98,101,113,114" m="40970,49769,42059" machi="95" ten="40,12000,1" yaku="14,1,10,1,19,1,34,2" doraHai="41" who="2" fromWho="2" sc="237,-40,203,-40,260,120,300,-40" /><INIT seed="2,1,0,1,5,66" ten="197,163,380,260" oya="2" hai0="68,124,53,17,94,95,126,4,97,117,62,132,107" hai1="19,79,121,8,51,46,86,99,60,15,106,92,50" hai2="67,116,10,12,120,27,39,37,114,1,89,131,63" hai3="100,101,111,65,71,78,35,22,38,44,109,2,42"/><V113/><F116/><W108/><G2/><T31/><D4/><U56/><E121/><V23/><F1/><W49/><G35/><T3/><D3/><U135/><E135/><V123/><F131/><W127/><G78/><T83/><D132/><U0/><E0/><V134/><F134/><W118/><G118/><T85/><D31/><U104/><E79/><V57/><F120/><W18/><G38/><T28/><D28/><U76/><E76/><V91/><F123/><W40/><G40/><T77/><D117/><U45/><E86/><V74/><F74/><W21/><G127/><N who="0" m="48683" /><D17/><U24/><E24/><V48/><F48/><N who="1" m="18473" /><E106/><V119/><F119/><W115/><G115/><T20/><D20/><N who="3" m="7785" /><G18/><T80/><D80/><U133/><E104/><V29/><F37/><W5/><G5/><T59/><D68/><U69/><E69/><V9/><F39/><W34/><G34/><T6/><D6/><U32/><E32/><V110/><F9/><W128/><G128/><T61/><D61/><AGARI ba="1,0" hai="42,44,49,61,65,71,100,101,108,109,111" m="7785" machi="61" ten="40,2600,0" yaku="14,1,52,1" doraHai="66" who="3" fromWho="0" sc="197,-29,163,0,380,0,260,29" /><INIT seed="3,0,0,0,3,31" ten="168,163,380,289" oya="3" hai0="74,65,129,135,23,42,12,34,46,62,96,124,44" hai1="10,112,25,102,21,72,20,43,130,32,70,36,99" hai2="73,48,77,16,89,117,119,9,106,66,88,115,18" hai3="0,24,57,68,134,40,90,27,51,60,116,122,105"/><W22/><G116/><T114/><D114/><U3/><E112/><V93/><F106/><W86/><G122/><T41/><D74/><U109/><E70/><V97/><F115/><W8/><G134/><T5/><D34/><U28/><E72/><V45/><F66/><W53/><G105/><T80/><D80/><U49/><E36/><V104/><F104/><W76/><G76/><T82/><D82/><U84/><E109/><V125/><F125/><W107/><G107/><T4/><D129/><U14/><E3/><V87/><F73/><W13/><G0/><T75/><D75/><U55/><E43/><N who="0" m="16393" /><D96/><U67/><E67/><V6/><F77/><W56/><G68/><T98/><D98/><U1/><E1/><V2/><F119/><W26/><G40/><T120/><D120/><U111/><E111/><V79/><F79/><W113/><G113/><T100/><D100/><U81/><E130/><V92/><F117/><W29/><G90/><T38/><D38/><U50/><E50/><V103/><F103/><W54/><REACH who="3" step="1"/><G86/><REACH who="3" ten="168,163,380,279" step="2"/><T7/><D135/><U126/><E126/><V63/><F63/><W131/><G131/><T30/><D124/><U33/><E84/><V83/><F83/><W39/><G39/><T121/><D121/><U19/><E81/><V64/><F64/><W101/><G101/><T94/><D94/><N who="1" m="58743" /><E33/><V133/><F133/><W61/><G61/><T91/><D91/><U47/><E32/><V132/><F132/><W123/><G123/><T11/><D65/><U69/><E69/><V110/><F110/><W37/><G37/><T108/><D108/><RYUUKYOKU ba="0,1" sc="168,-30,163,10,380,10,279,10" hai1="10,14,19,20,21,25,28,47,49,55" hai2="2,6,9,16,18,45,48,87,88,89,92,93,97" hai3="8,13,22,24,26,27,29,51,53,54,56,57,60" /><INIT seed="3,1,1,2,0,83" ten="138,173,390,289" oya="3" hai0="53,0,5,100,96,59,134,50,16,2,132,4,93" hai1="1,27,84,11,127,14,85,37,81,32,69,9,20" hai2="106,75,135,104,117,39,65,60,108,87,48,133,68" hai3="71,113,95,13,58,66,115,90,23,3,63,121,7"/><W103/><G121/><T92/><D4/><U74/><E69/><V131/><F108/><W42/><G3/><T88/><D5/><U91/><E74/><V15/><F75/><W49/><G103/><T89/><D16/><N who="1" m="8287" /><E37/><V97/><F39/><W110/><G110/><T41/><D41/><U45/><E1/><V72/><F72/><W112/><G7/><T38/><D38/><U44/><E32/><V123/><F117/><W119/><G119/><T122/><D122/><U120/><E9/><V22/><F131/><W54/><G42/><T73/><D73/><U94/><E127/><V82/><F48/><W126/><G126/><T31/><D31/><N who="1" m="17895" /><E120/><V78/><F123/><W46/><G23/><T70/><D70/><U109/><E109/><V17/><F97/><W102/><G102/><T30/><D30/><U6/><E6/><V40/><F40/><W86/><REACH who="3" step="1"/><G13/><REACH who="3" ten="138,173,390,279" step="2"/><T55/><D100/><U130/><E130/><V107/><AGARI ba="1,2" hai="15,17,22,60,65,68,78,82,87,104,106,107,133,135" machi="107" ten="40,2700,0" yaku="0,1,52,1" doraHai="83" who="2" fromWho="2" sc="138,-8,173,-8,390,50,279,-14" owari="130,-37.0,165,-23.0,440,53.0,265,7.0" /></mjloggm>