<mjloggm ver="2.3"><GO type="169" lobby="0"/><UN n0="%66%61%6E%73%74%65%70" n1="%E3%81%AF%E3%81%98%E3%82%81%E3%81%A3%E3%81%A1" n2="%79%75%36%31%39%7A%69" n3="%EF%BC%BC%28%EF%BC%BE%6F%EF%BC%BE%29%EF%BC%8F%E2%98%85" dan="17,17,16,17" rate="2200.93,2208.86,2117.00,2220.92" sx="M,F,M,M"/><TAIKYOKU oya="0"/><INIT seed="0,0,0,5,4,119" ten="250,250,250,250" oya="0" hai0="54,66,60,132,133,36,59,108,27,72,24,10,105" hai1="84,127,69,9,31,33,98,14,97,35,71,130,1" hai2="101,25,106,26,49,112,89,16,73,53,57,120,88" hai3="116,45,109,3,110,17,0,5,58,32,125,23,43"/><T7/><D105/><U135/><E1/><V117/><F73/><W80/><G32/><T29/><D72/><U68/><E130/><V42/><F117/><W65/><G116/><T74/><D74/><U78/><E127/><V51/><F112/><W30/><G30/><T83/><D36/><U76/><E135/><N who="0" m="51785" /><D83/><U34/><E31/><V8/><F101/><W28/><G28/><T86/><D86/><U123/><E84/><V95/><F106/><W134/><G80/><T20/><D27/><U75/><E75/><V77/><F77/><W115/><G125/><T46/><D46/><U44/><E44/><V124/><F95/><W93/><G115/><T114/><D114/><U122/><E14/><V55/><F42/><W37/><G93/><T70/><D108/><U39/><E9/><V62/><F8/><W82/><G82/><T113/><D113/><U99/><REACH who="1" step="1"/><E39/><REACH who="1" ten="250,240,250,250" step="2"/><V11/><F11/><W90/><G134/><T111/><D111/><U6/><E6/><V38/><F38/><W22/><G5/><T64/><D70/><U104/><E104/><V121/><F124/><W87/><G110/><T12/><AGARI ba="0,1" hai="7,10,12,20,24,29,54,59,60,64,66" m="51785" machi="12" ten="30,1500,0" yaku="20,1" doraHai="119" who="0" fromWho="0" sc="250,25,240,-5,250,-5,250,-5" /><INIT seed="0,1,0,0,0,45" ten="275,235,245,245" oya="0" hai0="84,78,87,54,96,22,123,41,67,15,17,30,79" hai1="13,120,37,71,106,93,62,33,72,31,69,0,107" hai2="112,119,131,47,81,129,1,52,108,89,70,32,130" hai3="50,53,90,68,48,14,6,9,95,21,40,103,59"/><T111/><D123/><U26/><E120/><V77/><F1/><W133/><G68/><T55/><D67/><U115/><E115/><V92/><F112/><W85/><G133/><T16/><D41/><U29/><E29/><V2/><F2/><W116/><G116/><T5/><D30/><U8/><E72/><V121/><F70/><W102/><G21/><T61/><D5/><U39/><E0/><V110/><F32/><W12/><G12/><T94/><D17/><U20/><E20/><V74/><F121/><W80/><G95/><T100/><D111/><U86/><E71/><V122/><F119/><W127/><G127/><T56/><D55/><U125/><E125/><V83/><F83/><W60/><G40/><T34/><D34/><U51/><E106/><V4/><F4/><W82/><G82/><T128/><D128/><U25/><E107/><V104/><F104/><W66/><G66/><T3/><D3/><U23/><E62/><V18/><F18/><W75/><G75/><T28/><D28/><N who="1" m="17471" /><E69/><V117/><F117/><W10/><G9/><T44/><D44/><U114/><E114/><V135/><F122/><W7/><G6/><T42/><D42/><U27/><E27/><V49/><F135/><W97/><G97/><AGARI ba="1,0" hai="47,49,52,74,77,81,89,92,97,108,110,129,130,131" machi="97" ten="40,5200,0" yaku="19,1,52,1,54,1" doraHai="45" who="2" fromWho="3" sc="275,0,235,0,245,55,245,-55" /><INIT seed="1,0,0,5,0,56" ten="275,235,300,190" oya="1" hai0="102,87,105,75,94,135,23,39,6,104,125,14,8" hai1="83,13,35,107,82,9,106,10,34,21,69,98,59" hai2="19,36,70,120,51,53,47,22,32,131,20,134,71" hai3="50,26,76,84,81,85,101,37,25,97,54,62,38"/><U48/><E69/><V108/><F32/><W17/><G85/><T72/><D39/><U30/><E35/><V24/><F120/><W52/><G38/><T118/><D118/><U45/><E34/><V43/><F134/><W33/><G37/><T126/><D23/><U29/><E10/><V18/><F131/><W67/><G17/><T73/><D135/><U128/><E128/><V117/><F117/><W124/><G124/><N who="0" m="47723" /><D87/><U77/><E106/><N who="0" m="41065" /><D94/><U110/><E110/><V109/><F43/><W92/><G33/><T49/><D49/><U40/><E21/><V74/><F74/><W46/><REACH who="3" step="1"/><G54/><REACH who="3" ten="275,235,300,180" step="2"/><T86/><D86/><U61/><E30/><V78/><F36/><W3/><G3/><T100/><AGARI ba="0,1" hai="6,8,14,72,73,75,100,102" m="41065,47723" machi="100" ten="40,1500,0" yaku="18,1" doraHai="56" who="0" fromWho="0" sc="275,25,235,-7,300,-4,180,-4" /><INIT seed="2,0,0,0,5,129" ten="300,228,296,176" oya="2" hai0="92,113,33,71,116,28,111,12,75,125,3,35,90" hai1="95,82,21,76,41,133,46,122,50,11,88,57,131" hai2="66,119,83,22,37,49,123,10,124,64,85,73,6" hai3="126,96,97,42,87,47,132,27,62,38,2,16,103"/><V121/><F37/><W118/><G118/><T31/><D92/><U99/><E131/><V26/><F119/><W43/><G2/><T19/><D90/><U29/><E122/><V25/><F73/><W115/><G126/><T7/><D71/><U48/><E133/><V106/><F106/><W79/><G115/><T110/><D75/><U107/><E107/><V17/><F26/><W117/><G117/><T74/><D74/><U81/><E76/><V89/><F124/><W93/><G43/><T9/><D116/><U24/><E11/><V39/><F39/><W59/><G132/><T100/><D100/><U13/><E13/><V127/><F127/><W65/><G97/><T52/><D52/><AGARI ba="0,0" hai="21,24,29,41,46,48,50,52,57,81,82,88,95,99" machi="52" ten="40,5200,0" yaku="8,1,54,2" doraHai="129" who="1" fromWho="0" sc="300,-52,228,52,296,0,176,0" /><INIT seed="3,0,0,2,5,109" ten="248,280,296,176" oya="3" hai0="126,26,95,31,11,49,52,13,118,51,25,94,53" hai1="111,81,72,6,54,132,125,122,121,30,123,96,128" hai2="88,69,43,87,129,114,48,3,45,17,0,100,73" hai3="104,76,50,60,15,82,85,12,108,67,10,40,133"/><W116/><G116/><T97/><D118/><U21/><E111/><V44/><F114/><W61/><G108/><T75/><D75/><U117/><E117/><V107/><F73/><W16/><G104/><T36/><D36/><U112/><E54/><V41/><F69/><W39/><G39/><T135/><D135/><U65/><E65/><V46/><F46/><W64/><G133/><T9/><D126/><U23/><E132/><V34/><F34/><W77/><G77/><T113/><D113/><U22/><E96/><V4/><F17/><W42/><G50/><T110/><D110/><U8/><E81/><V32/><F32/><W29/><G29/><T83/><D83/><U80/><E80/><V131/><F100/><W37/><G37/><T47/><D31/><U33/><E72/><V38/><F107/><W57/><REACH who="3" step="1"/><G15/><REACH who="3" ten="248,280,296,166" step="2"/><T35/><D35/><U66/><E30/><V99/><F48/><W68/><AGARI ba="0,1" hai="10,12,16,40,42,57,60,61,64,67,68,76,82,85" machi="68" ten="20,18000,2" yaku="1,1,2,1,0,1,7,1,54,1,53,1" doraHai="109" doraHaiUra="14" who="3" fromWho="3" sc="248,-60,280,-60,296,-60,166,190" /><INIT seed="3,1,0,4,5,133" ten="188,220,236,356" oya="3" hai0="112,43,122,90,62,71,117,124,11,116,46,65,61" hai1="38,97,64,35,63,12,128,74,17,125,118,59,83" hai2="50,30,28,113,36,84,27,105,132,134,129,25,70" hai3="57,75,93,115,53,20,24,77,26,103,47,108,19"/><W89/><G115/><T4/><D122/><U67/><E128/><V31/><F36/><W58/><G108/><T8/><D112/><U1/><E1/><V78/><F113/><W23/><G103/><T80/><D8/><U96/><E35/><V102/><F70/><W107/><G107/><T94/><D80/><U73/><E38/><V60/><F129/><W87/><G75/><T69/><D90/><U14/><E118/><V120/><F60/><W33/><G33/><T49/><D94/><U39/><E39/><V9/><F9/><W10/><G77/><T2/><D124/><U45/><E45/><V92/><F105/><W131/><G131/><T55/><D55/><U100/><E67/><AGARI ba="1,0" hai="2,4,11,43,46,49,61,62,65,67,69,71,116,117" machi="67" ten="40,1300,0" yaku="9,1" doraHai="133" who="0" fromWho="1" sc="188,16,220,-16,236,0,356,0" /><INIT seed="4,0,0,5,5,113" ten="204,204,236,356" oya="0" hai0="20,27,40,96,106,3,59,82,77,23,45,65,69" hai1="108,102,31,79,116,81,11,118,14,103,86,35,109" hai2="41,4,73,32,33,80,43,16,85,49,54,44,83" hai3="124,112,9,91,133,62,22,8,92,104,128,72,111"/><T119/><D3/><U114/><E35/><V13/><F4/><W97/><G111/><N who="1" m="42570" /><E31/><V121/><F121/><W95/><G112/><T53/><D20/><U101/><E14/><V56/><F73/><W18/><G104/><T126/><D126/><U123/><E11/><V68/><F43/><W71/><G72/><T135/><D135/><U21/><E21/><V66/><F66/><W0/><G128/><T64/><D106/><U47/><E47/><V131/><F68/><W2/><G124/><T46/><D96/><U120/><E114/><V17/><F17/><W99/><G133/><T100/><D100/><U78/><E78/><V38/><F83/><W125/><G125/><T88/><D77/><U6/><E6/><V39/><F39/><W84/><G2/><T110/><D110/><U15/><E15/><V37/><F37/><W89/><G0/><T48/><D69/><U87/><E87/><V42/><F42/><W105/><G84/><T1/><D46/><U93/><E93/><V63/><F38/><W34/><G34/><T5/><D5/><U134/><E134/><V107/><F107/><W115/><G105/><T19/><D1/><U36/><E36/><V60/><F60/><W67/><G115/><T25/><D25/><AGARI ba="0,0" hai="8,9,18,22,25,62,67,71,89,91,92,95,97,99" machi="25" ten="30,2000,0" yaku="7,1,9,1" doraHai="113" who="3" fromWho="0" sc="204,-20,204,0,236,0,356,20" /><INIT seed="5,0,0,3,1,35" ten="184,204,236,376" oya="1" hai0="52,132,78,27,94,87,53,92,20,126,82,72,50" hai1="7,122,33,9,98,117,96,108,131,71,28,114,85" hai2="124,125,13,123,25,127,80,93,118,49,67,74,61" hai3="97,83,29,88,81,99,79,51,105,66,18,12,30"/><U56/><E117/><V90/><F118/><W63/><G51/><T76/><D132/><U57/><E122/><V106/><F106/><W60/><G60/><T31/><D126/><U24/><E71/><V1/><F123/><W68/><G83/><T45/><D72/><U39/><E114/><V8/><F49/><W10/><G97/><T40/><REACH who="0" step="1"/><D78/><REACH who="0" ten="174,204,236,376" step="2"/><U44/><E131/><V22/><F127/><W14/><G79/><T3/><D3/><U37/><E108/><V58/><F1/><W89/><G89/><T73/><D73/><U120/><E120/><V21/><F74/><W15/><G88/><T55/><AGARI ba="0,1" hai="20,27,31,40,45,50,52,53,55,76,82,87,92,94" machi="55" ten="30,7900,0" yaku="1,1,0,1,8,1,54,1,53,0" doraHai="35" doraHaiUra="65" who="0" fromWho="0" sc="174,89,204,-39,236,-20,376,-20" /><INIT seed="6,0,0,3,0,101" ten="263,165,216,356" oya="2" hai0="112,81,109,45,110,131,11,1,59,120,5,72,56" hai1="96,16,28,94,4,116,48,3,27,38,18,49,127" hai2="83,15,88,71,79,17,123,135,25,21,99,80,89" hai3="44,57,114,77,19,37,63,2,78,13,85,97,10"/><V39/><F123/><W64/><G2/><T66/><D120/><U46/><E116/><V106/><F71/><W98/><G114/><T54/><D112/><U128/><E128/><V58/><F39/><W113/><G113/><T103/><D103/><U53/><E127/><V132/><F58/><W119/><G119/><T95/><D95/><U0/><E38/><V29/><F83/><N who="3" m="47343" /><G37/><T32/><D32/><U36/><E36/><V60/><F60/><W70/><G70/><T125/><D125/><U76/><E76/><V105/><F99/><N who="3" m="37899" /><G78/><T91/><D72/><U43/><E3/><V108/><F108/><W23/><G44/><T124/><D131/><U55/><E0/><V86/><F89/><W50/><G50/><T67/><D124/><U61/><E61/><V130/><F79/><W42/><G42/><T84/><D45/><U8/><E43/><V121/><F121/><W20/><AGARI ba="0,0" hai="10,13,19,20,23,57,63,64" m="37899,47343" machi="20" ten="30,1100,0" yaku="8,1" doraHai="101" who="3" fromWho="3" sc="263,-3,165,-3,216,-5,356,11" /><INIT seed="7,0,0,5,1,81" ten="260,162,211,367" oya="3" hai0="65,19,27,134,116,38,91,39,21,66,99,11,5" hai1="29,126,63,61,9,18,128,62,28,79,50,115,45" hai2="95,52,133,124,75,71,78,7,84,1,77,120,68" hai3="3,108,34,103,33,36,125,102,59,88,90,42,69"/><W96/><G69/><T4/><D116/><U43/><E115/><V2/><F75/><W53/><G3/><T135/><D99/><U114/><E128/><V117/><F117/><W31/><G103/><T110/><D110/><U94/><E126/><V10/><F2/><W82/><G125/><T113/><D113/><U35/><E114/><V70/><F124/><W54/><G54/><T123/><D123/><U44/><E35/><V89/><F133/><W87/><G90/><T98/><D98/><U112/><E112/><V131/><F131/><W127/><G108/><T56/><D56/><U22/><E79/><V92/><F120/><W14/><G31/><T118/><D118/><U60/><N who="1" m="15360" /><DORA hai="111" /><U109/><E109/><V73/><F73/><W24/><G24/><T40/><D40/><U41/><E9/><V0/><F0/><W130/><G127/><T49/><D49/><U106/><E106/><V100/><F52/><W93/><G130/><T122/><D122/><U47/><E94/><V16/><F95/><W23/><G42/><T25/><D11/><U67/><E67/><V58/><F58/><W83/><G83/><T6/><D91/><U32/><E32/><V129/><F100/><W26/><G34/><T72/><D72/><U12/><E47/><V80/><F92/><W76/><G33/><T85/><D66/><U30/><E30/><V121/><F129/><W8/><G102/><T46/><D46/><U86/><E86/><V101/><F101/><W13/><G82/><T64/><D85/><U132/><E132/><V17/><F121/><W107/><G107/><RYUUKYOKU ba="0,0" sc="260,-15,162,15,211,15,367,-15" hai1="12,18,22,28,29,41,43,44,45,50" hai2="1,7,10,16,17,68,70,71,77,78,80,84,89" owari="245,5.0,177,-32.0,226,-17.0,352,44.0" /></mjloggm>