<mjloggm ver="2.3"><GO type="169" lobby="0"/><UN n0="%E3%83%A4%E3%83%9E%E3%83%80%E3%81%95%E3%82%93" n1="%6B%6F%6A%69%6D%6F%6E%39" n2="%E4%BD%8E%E3%82%81%E3%82%B9%E3%83%A9%E3%82%A4%E3%83%80%E3%83%BC" n3="%E4%B8%BB%E5%B8%AD" dan="16,16,16,16" rate="2093.96,2116.06,2117.26,2124.86" sx="M,M,F,M"/><TAIKYOKU oya="0"/><INIT seed="0,0,0,4,4,115" ten="250,250,250,250" oya="0" hai0="53,69,41,121,134,70,82,110,34,77,14,75,72" hai1="85,127,133,35,125,112,61,46,74,95,60,2,111" hai2="1,67,52,124,16,7,33,84,11,19,56,131,113" hai3="108,40,129,43,106,132,126,44,37,104,91,39,22"/><T118/><D121/><U86/><E2/><V36/><F113/><W45/><G129/><T120/><D120/><U48/><E35/><V25/><F131/><W102/><G108/><T32/><D53/><U78/><E112/><V89/><F124/><N who="1" m="47689" /><E111/><V68/><F36/><W64/><G126/><T107/><D110/><U55/><E133/><V4/><F4/><W101/><G132/><T71/><D134/><U135/><E135/><V9/><F9/><W88/><REACH who="3" step="1"/><G22/><REACH who="3" ten="250,250,250,240" step="2"/><T99/><D34/><U109/><E109/><V10/><F10/><W3/><G3/><T92/><D32/><U18/><E74/><V13/><F1/><W47/><G47/><T8/><D75/><U122/><E122/><V94/><F33/><W73/><G73/><T5/><D107/><U31/><E46/><V15/><F25/><W49/><G49/><T23/><D23/><U62/><E48/><V114/><F114/><W98/><G98/><T6/><D6/><U42/><E86/><V38/><F38/><W20/><G20/><T24/><D24/><U79/><E85/><V119/><F119/><W51/><G51/><T26/><D26/><U28/><E62/><V90/><F15/><W100/><G100/><T96/><D96/><U65/><E61/><V123/><F123/><W128/><G128/><T0/><D0/><U17/><E60/><V12/><F12/><W59/><G59/><T58/><D58/><U21/><E21/><V117/><F117/><W87/><G87/><T76/><D118/><U27/><E27/><V116/><F116/><W93/><G93/><T50/><D92/><RYUUKYOKU ba="0,1" sc="250,-10,250,-10,250,-10,240,30" hai3="37,39,40,43,44,45,64,88,91,101,102,104,106" /><INIT seed="1,1,1,3,3,80" ten="240,240,240,270" oya="1" hai0="100,33,77,65,129,53,93,25,58,79,23,2,74" hai1="122,94,124,57,109,43,46,26,7,81,61,63,95" hai2="15,126,107,113,82,38,101,0,9,64,123,97,108" hai3="72,31,130,88,78,18,20,62,112,4,118,44,114"/><U121/><E124/><V19/><F123/><W29/><G4/><T117/><D2/><U104/><E104/><V21/><F126/><W105/><G105/><T111/><D74/><U5/><E109/><V59/><F38/><W8/><G130/><T120/><D117/><U115/><E115/><V51/><F113/><W6/><G118/><T83/><D129/><U17/><E122/><V39/><F39/><W41/><G78/><T75/><D79/><U50/><E121/><V67/><F108/><W12/><G72/><T98/><D111/><U24/><E81/><V73/><F73/><W48/><G114/><T131/><D120/><U42/><E17/><V103/><F103/><W11/><G112/><T135/><D33/><U28/><E28/><V66/><F82/><W30/><G6/><N who="1" m="2058" /><E43/><V102/><F102/><W133/><G133/><T69/><D135/><U13/><E13/><V47/><F0/><W87/><G62/><N who="1" m="23562" /><E57/><V22/><F59/><W119/><G119/><T27/><D131/><U60/><N who="1" m="23570" /><U128/><DORA hai="127" /><E128/><V134/><F134/><W86/><G41/><T35/><D35/><U37/><E37/><V89/><F107/><W1/><G1/><T91/><D58/><U99/><E95/><V116/><F116/><W55/><G30/><T106/><D106/><U54/><E42/><V49/><F67/><W132/><G132/><T52/><D65/><U45/><E46/><V71/><F66/><W16/><G31/><T70/><D77/><U85/><E85/><N who="3" m="32266" /><G29/><T40/><D75/><U34/><E34/><V56/><F64/><W3/><G3/><RYUUKYOKU ba="1,1" sc="240,-10,240,30,240,-10,270,-10" hai1="24,26,45,50,54,94,99" /><INIT seed="1,2,1,0,3,110" ten="230,270,230,260" oya="1" hai0="107,40,101,24,28,61,26,80,20,31,112,125,66" hai1="8,104,94,124,55,79,46,43,118,76,81,74,57" hai2="73,122,34,45,23,108,84,9,71,38,15,35,6" hai3="72,102,39,89,16,30,96,4,47,103,123,92,132"/><U130/><E118/><V14/><F73/><W95/><G123/><T0/><D0/><U60/><E104/><V69/><F122/><W82/><G4/><T119/><D119/><U86/><E130/><V22/><F108/><W41/><G30/><T67/><D125/><U13/><E124/><V68/><F84/><W7/><G7/><T5/><D5/><U91/><E74/><V109/><F109/><W117/><G117/><T29/><D29/><U50/><REACH who="1" step="1"/><E94/><REACH who="1" ten="230,260,230,260" step="2"/><V129/><F129/><W54/><G72/><T11/><D107/><U53/><E53/><V51/><F38/><W36/><G36/><T127/><D127/><U32/><E32/><V12/><F35/><W100/><G92/><T62/><D67/><U133/><E133/><V115/><F34/><W2/><G132/><T116/><D66/><U128/><E128/><V49/><F6/><AGARI ba="2,2" hai="6,8,13,43,46,50,55,57,60,76,79,81,86,91" machi="6" ten="30,5800,0" yaku="1,1,7,1,8,1,53,0" doraHai="110" doraHaiUra="25" who="1" fromWho="2" sc="230,0,260,84,230,-64,260,0" /><INIT seed="1,3,0,2,4,21" ten="230,344,166,260" oya="1" hai0="92,46,72,6,122,48,9,15,89,67,103,18,118" hai1="78,128,50,114,90,68,77,65,10,35,66,54,59" hai2="110,75,1,19,94,69,38,98,4,113,129,126,84" hai3="111,79,71,85,55,0,73,16,43,64,31,20,106"/><U117/><E114/><V115/><F84/><W70/><G73/><T29/><D118/><U63/><E117/><V102/><F94/><W30/><G0/><T8/><D72/><U101/><E128/><V121/><F102/><W86/><G106/><T2/><D122/><U83/><E101/><V24/><F98/><W33/><G43/><T14/><D103/><U25/><E66/><V7/><F7/><W116/><G116/><T88/><D67/><U97/><E10/><V96/><F96/><W107/><G107/><T42/><D29/><U124/><E124/><V26/><F19/><W120/><G120/><T3/><REACH who="0" step="1"/><D89/><REACH who="0" ten="220,344,166,260" step="2"/><U87/><REACH who="1" step="1"/><E97/><AGARI ba="3,1" hai="2,3,6,8,9,14,15,18,42,46,48,88,92,97" machi="97" ten="30,7700,0" yaku="1,1,2,1,7,1,54,1,53,0" doraHai="21" doraHaiUra="76" who="0" fromWho="1" sc="220,96,344,-86,166,0,260,0" /><INIT seed="2,0,0,4,2,3" ten="316,258,166,260" oya="2" hai0="134,38,30,9,77,112,4,121,92,58,82,54,48" hai1="27,59,95,87,2,22,106,62,105,101,123,36,49" hai2="35,66,12,78,96,131,117,16,0,1,116,53,61" hai3="34,104,115,6,113,110,52,21,56,120,50,73,43"/><V64/><F131/><W89/><G120/><T76/><D121/><U127/><E36/><V99/><F35/><W86/><G73/><T102/><D112/><U75/><E75/><V37/><F37/><W14/><G34/><T65/><D38/><U10/><E127/><V70/><F66/><W93/><G104/><T91/><D134/><U125/><E125/><V51/><F78/><W29/><G110/><T25/><D65/><U23/><E49/><V39/><F39/><W79/><G79/><T133/><D102/><U41/><E41/><V46/><F1/><W13/><G43/><T97/><D133/><U129/><E23/><V7/><F116/><W122/><G122/><T81/><D77/><U107/><E129/><V42/><F42/><W67/><G67/><T103/><D103/><U85/><E123/><V90/><F90/><W119/><G119/><T135/><D135/><U31/><E87/><V44/><F44/><W83/><G83/><T33/><REACH who="0" step="1"/><D76/><REACH who="0" ten="306,258,166,260" step="2"/><U45/><E101/><V8/><REACH who="2" step="1"/><F117/><REACH who="2" ten="306,258,156,260" step="2"/><W11/><G115/><T114/><D114/><U132/><E132/><V18/><F18/><N who="3" m="10447" /><G113/><T40/><D40/><U24/><E31/><AGARI ba="0,2" hai="6,11,14,29,31,50,52,56,86,89,93" m="10447" machi="31" ten="30,7700,0" yaku="25,1,8,1,52,1,54,1" doraHai="3" who="3" fromWho="1" sc="306,0,258,-77,156,0,260,97" /><INIT seed="3,0,0,1,0,131" ten="306,181,156,357" oya="3" hai0="124,28,90,80,9,97,46,32,26,73,38,116,92" hai1="135,49,61,53,119,98,12,16,5,67,88,39,25" hai2="78,56,27,122,55,87,20,130,51,33,105,13,76" hai3="69,83,35,84,132,7,44,96,81,22,42,126,125"/><W65/><G35/><T21/><D116/><U79/><E39/><V101/><F130/><W43/><G7/><T110/><D110/><U36/><E36/><V114/><F114/><W17/><G69/><T50/><D38/><U99/><E119/><V100/><F33/><W41/><G65/><T62/><D124/><N who="3" m="47721" /><G44/><T113/><D113/><U82/><E5/><V8/><F122/><W127/><G96/><T58/><D9/><U118/><E25/><V60/><F105/><W66/><G66/><T64/><D73/><U63/><E135/><V45/><F101/><W94/><G127/><T1/><D1/><U10/><E118/><V121/><F100/><W128/><G128/><T115/><D115/><U77/><E77/><V134/><F134/><W18/><G132/><T34/><REACH who="0" step="1"/><D80/><REACH who="0" ten="296,181,156,357" step="2"/><N who="3" m="30793" /><G22/><T2/><D2/><U30/><E82/><V72/><F72/><W107/><G107/><T129/><D129/><U29/><E79/><V104/><F104/><W4/><G4/><T111/><D111/><U3/><E3/><V59/><F121/><W6/><G6/><T15/><D15/><U31/><E67/><V112/><F112/><W37/><G37/><T103/><D103/><U68/><E68/><V40/><F78/><W109/><G109/><T123/><D123/><U23/><E23/><V54/><F76/><W52/><G94/><T102/><D102/><U70/><E70/><V117/><F117/><W19/><G84/><T24/><D24/><U93/><E99/><V71/><F87/><W120/><G120/><T108/><D108/><U89/><E89/><V95/><F71/><RYUUKYOKU ba="0,1" sc="296,10,181,10,156,-30,357,10" hai0="21,26,28,32,34,46,50,58,62,64,90,92,97" hai1="10,12,16,29,30,31,49,53,61,63,88,93,98" hai3="17,18,19,41,42,43,52" /><INIT seed="3,1,1,1,4,111" ten="306,191,126,367" oya="3" hai0="131,77,71,129,15,124,80,117,69,27,104,59,1" hai1="36,4,14,115,42,20,33,13,41,103,17,24,106" hai2="45,18,28,110,113,121,99,49,128,26,97,63,130" hai3="125,95,109,83,46,44,25,2,134,21,86,98,75"/><W43/><G75/><T65/><D1/><U127/><E103/><V122/><F110/><W9/><G109/><T101/><D117/><U37/><E106/><V82/><F82/><W100/><G134/><T51/><D15/><U57/><E37/><V54/><F18/><W133/><G133/><T70/><D27/><U87/><E36/><V112/><F99/><W120/><G120/><N who="2" m="46185" /><F63/><W39/><G125/><T126/><D101/><U123/><E123/><V116/><F97/><W23/><G25/><T62/><D104/><U61/><E127/><N who="0" m="48681" /><D51/><U52/><BYE who="0" /><E33/><N who="2" m="20631" /><F116/><UN n0="%E3%83%A4%E3%83%9E%E3%83%80%E3%81%95%E3%82%93" /><W132/><G132/><T50/><D50/><BYE who="0" /><UN n0="%E3%83%A4%E3%83%9E%E3%83%80%E3%81%95%E3%82%93" /><U90/><E115/><AGARI ba="1,1" hai="45,49,54,112,113,115,128,130" m="20631,46185" machi="115" ten="30,7700,0" yaku="13,1,52,3" doraHai="111" who="2" fromWho="1" sc="306,0,191,-80,126,90,367,0" /><INIT seed="4,0,0,5,2,0" ten="306,111,216,367" oya="0" hai0="11,107,62,8,95,13,52,128,55,122,112,15,81" hai1="91,101,44,22,72,78,58,126,12,6,37,39,120" hai2="5,135,75,46,51,66,25,65,114,59,117,134,80" hai3="63,60,94,43,69,2,71,47,129,98,109,41,102"/><T35/><D107/><U38/><E120/><V125/><F125/><W9/><G109/><T127/><D122/><U90/><E126/><V104/><F104/><W132/><G132/><N who="2" m="50729" /><F114/><W67/><G129/><T103/><D35/><U68/><E68/><V33/><F117/><W92/><G2/><T42/><D127/><U88/><E101/><V99/><F99/><W57/><G9/><T24/><D24/><U79/><E72/><V131/><F59/><W3/><G3/><T7/><D112/><U82/><E58/><V21/><F33/><W84/><G47/><T20/><D20/><U26/><E44/><V73/><F73/><W29/><G29/><T32/><D32/><U87/><E79/><N who="2" m="44159" /><F5/><W111/><G111/><T10/><D128/><U119/><E119/><V115/><F115/><W100/><G71/><T1/><D1/><U113/><E113/><V50/><F50/><W40/><G69/><T116/><D116/><U133/><E133/><V106/><F106/><W36/><G63/><T34/><D62/><U110/><E110/><V105/><F105/><W56/><G56/><T118/><D34/><U53/><E53/><N who="0" m="20553" /><D118/><U70/><E70/><V14/><F25/><W54/><G54/><T77/><D42/><U83/><E83/><V27/><F27/><W4/><G41/><T48/><D48/><U130/><E130/><V123/><F123/><W31/><G43/><T97/><D15/><U108/><E108/><V74/><F74/><W18/><G40/><T96/><D81/><U89/><N who="1" m="22528" /><DORA hai="17" /><U30/><E12/><V19/><F131/><W64/><G60/><RYUUKYOKU ba="0,0" sc="306,-15,111,15,216,15,367,-15" hai1="6,22,26,30,37,38,39,78,82,87" hai2="14,19,21,46,51,65,66" /><INIT seed="5,1,0,5,0,28" ten="291,126,231,352" oya="1" hai0="42,113,41,87,118,16,132,50,108,25,117,36,86" hai1="52,60,65,31,99,125,103,109,4,71,17,120,82" hai2="51,43,119,39,49,46,14,33,107,1,45,122,19" hai3="81,37,67,7,80,84,83,95,63,76,97,64,66"/><U57/><E120/><V104/><F122/><W130/><G37/><T98/><D108/><U134/><E134/><V102/><F1/><W69/><G130/><T91/><D36/><U30/><E125/><V62/><F119/><W114/><G114/><T32/><D98/><U77/><E4/><V111/><F111/><W12/><G69/><T48/><D91/><U26/><E109/><V124/><F124/><W121/><G121/><T21/><D113/><U123/><E123/><V2/><F2/><W68/><G68/><T15/><D118/><U18/><E82/><V10/><F39/><W34/><G34/><T9/><D32/><U59/><E77/><V88/><F102/><N who="3" m="60735" /><G63/><T129/><D129/><U112/><E59/><V56/><F33/><W24/><G24/><T38/><D38/><U79/><E79/><V23/><F23/><W29/><G29/><T106/><D106/><U89/><E89/><V116/><F88/><W53/><G53/><T74/><D74/><U5/><E5/><V13/><F116/><W70/><G70/><T94/><D132/><U110/><E31/><V93/><F107/><W101/><G101/><T44/><D94/><U22/><E112/><V96/><F104/><W92/><G92/><T47/><D117/><U11/><E11/><AGARI ba="1,0" hai="7,11,12,64,66,67,76,80,81,83,84" m="60735" machi="11" ten="30,1000,0" yaku="8,1" doraHai="28" who="3" fromWho="1" sc="291,0,126,-13,231,0,352,13" /><INIT seed="6,0,0,1,1,117" ten="291,113,231,365" oya="2" hai0="28,105,41,125,116,57,20,49,109,32,27,2,86" hai1="51,33,5,83,63,123,93,7,53,98,61,59,131" hai2="43,13,66,103,11,99,97,35,67,17,132,15,48" hai3="1,100,22,113,130,30,71,85,25,6,12,3,65"/><V34/><F132/><W23/><G130/><T44/><D109/><U114/><E114/><V102/><F43/><W26/><G113/><T112/><D112/><U78/><E33/><V115/><F115/><W55/><G100/><T90/><D2/><U88/><E131/><V37/><F48/><W73/><G73/><T75/><D75/><U68/><E123/><V118/><F118/><W111/><G111/><T79/><D105/><U121/><E121/><V62/><F37/><W64/><G12/><T52/><D79/><U80/><E80/><V69/><F67/><W104/><G104/><T46/><D46/><U50/><E68/><V120/><F120/><W135/><G135/><T119/><D125/><U106/><E106/><V74/><F74/><W10/><G71/><T39/><REACH who="0" step="1"/><D32/><REACH who="0" ten="281,113,231,365" step="2"/><U19/><E19/><V47/><F47/><W128/><G1/><T126/><D126/><U87/><REACH who="1" step="1"/><E51/><REACH who="1" ten="281,103,231,365" step="2"/><V14/><F35/><W108/><G128/><T70/><D70/><U76/><E76/><V133/><F34/><W110/><G110/><T77/><D77/><U122/><E122/><V56/><F69/><W101/><G108/><T9/><D9/><U29/><E29/><V54/><F133/><W124/><G30/><T40/><D40/><U81/><E81/><AGARI ba="0,2" hai="20,27,28,39,41,44,49,52,57,81,86,90,116,119" machi="81" ten="40,2600,0" yaku="1,1,54,1,53,0" doraHai="117" doraHaiUra="8" who="0" fromWho="1" sc="281,46,103,-26,231,0,365,0" /><INIT seed="7,0,0,4,1,77" ten="327,77,231,365" oya="3" hai0="37,51,13,54,66,63,6,104,121,91,68,103,127" hai1="86,76,130,36,116,94,120,115,28,79,70,114,43" hai2="95,16,122,53,59,84,132,133,2,90,96,34,9" hai3="61,11,106,22,40,58,69,7,60,55,92,42,12"/><W32/><G106/><T31/><D121/><U30/><E70/><V0/><F34/><W99/><G32/><T25/><D127/><U49/><E49/><V45/><F45/><W57/><G22/><T23/><D37/><U131/><E43/><V105/><F122/><W125/><G69/><T119/><D119/><U107/><E36/><V93/><F105/><W88/><G125/><T3/><D3/><U135/><E30/><V108/><F108/><W113/><G113/><T18/><D6/><U46/><E46/><V112/><F112/><W124/><G124/><T48/><D103/><U118/><E28/><V87/><F2/><W80/><G80/><T1/><D1/><U129/><E107/><V123/><F123/><W38/><G38/><T98/><D104/><U117/><E120/><V19/><F0/><W78/><G78/><T4/><D4/><U15/><E15/><V8/><F96/><W82/><G82/><T17/><D54/><AGARI ba="0,0" hai="7,11,12,40,42,54,55,57,58,60,61,88,92,99" machi="54" ten="30,11600,0" yaku="7,1,9,1,8,1,54,1" doraHai="77" who="3" fromWho="0" sc="327,-116,77,0,231,0,365,116" owari="211,-19.0,77,-42.0,231,3.0,481,58.0" /></mjloggm>