<mjloggm ver="2.3"><GO type="169" lobby="0"/><UN n0="%E3%81%A9%E3%82%84%E3%81%A9%E3%82%84%31%35%39" n1="%73%75%7A%75%6D%65%E3%81%AE%E6%B6%99" n2="%E3%83%AB%E3%82%A2%E3%82%B4%E3%82%A4%E3%83%95" n3="%E6%AD%A6%E5%89%87%E8%BC%9D%E6%B5%B7" dan="17,16,17,16" rate="2158.73,2041.48,2070.51,2111.71" sx="F,M,M,M"/><TAIKYOKU oya="0"/><INIT seed="0,0,0,0,2,94" ten="250,250,250,250" oya="0" hai0="113,131,123,30,20,119,132,13,58,37,22,2,74" hai1="46,89,42,72,66,41,109,32,52,128,112,130,3" hai2="111,110,105,40,84,96,116,60,9,91,98,135,33" hai3="117,44,76,122,19,86,102,51,21,69,133,115,15"/><T18/><D37/><U4/><E32/><V49/><F33/><W11/><G115/><T16/><D74/><U36/><E4/><V61/><F135/><W114/><G114/><T28/><D58/><U104/><E3/><V39/><F39/><W17/><G117/><T71/><D71/><U7/><E7/><V12/><F116/><W48/><G69/><T0/><D119/><U73/><E112/><V121/><F121/><W1/><G133/><T127/><D113/><U88/><E66/><V101/><F105/><W14/><G122/><T93/><D93/><U82/><E109/><N who="2" m="41483" /><F101/><W23/><G1/><N who="0" m="619" /><D132/><U125/><E104/><V83/><F49/><W81/><G102/><T77/><D77/><U45/><E36/><V25/><F25/><W38/><G38/><T47/><D47/><U118/><E118/><V35/><F35/><W75/><G75/><T108/><D108/><U29/><E29/><N who="0" m="11369" /><D123/><U85/><E85/><V64/><F40/><W106/><G106/><T95/><D95/><U79/><E82/><V43/><F43/><W62/><G62/><N who="2" m="24169" /><F64/><W103/><G103/><T34/><D34/><U124/><E79/><V80/><F80/><W67/><G67/><T92/><D92/><U26/><E26/><V5/><AGARI ba="0,0" hai="5,9,12,83,84,91,96,98" m="24169,41483" machi="5" ten="30,4000,0" yaku="14,1,52,2" doraHai="94" who="2" fromWho="2" sc="250,-20,250,-10,250,40,250,-10" /><INIT seed="1,0,0,0,2,81" ten="230,240,290,240" oya="1" hai0="54,86,83,104,120,126,53,96,38,84,106,124,17" hai1="132,47,26,94,67,37,13,110,20,23,123,32,112" hai2="16,119,92,68,82,6,3,127,108,1,125,62,109" hai3="40,56,69,49,24,114,21,73,57,95,135,80,58"/><U50/><E112/><V55/><F119/><W39/><G114/><T7/><D38/><U10/><E123/><V5/><F92/><W11/><G69/><T129/><D120/><U116/><E116/><V118/><F118/><W12/><G39/><T76/><D129/><U35/><E37/><V66/><F55/><N who="0" m="21002" /><D7/><U122/><E122/><V74/><F5/><W90/><G135/><T25/><D96/><U99/><E132/><V44/><F16/><N who="3" m="8223" /><G73/><T42/><D42/><U22/><E67/><V115/><F44/><N who="3" m="25735" /><G80/><N who="0" m="47111" /><D17/><U113/><E113/><V111/><F115/><W121/><G121/><T29/><D29/><U2/><E2/><N who="2" m="523" /><F6/><W70/><G70/><T131/><D25/><U98/><E98/><V85/><F74/><W33/><G33/><T71/><D71/><U88/><E110/><V91/><AGARI ba="0,0" hai="62,66,68,82,85,91,108,109,111,125,127" m="523" machi="91" ten="40,2700,0" yaku="14,1,52,1" doraHai="81" who="2" fromWho="2" sc="230,-7,240,-13,290,27,240,-7" /><INIT seed="2,0,0,0,3,44" ten="223,227,317,233" oya="2" hai0="115,5,19,22,134,106,123,118,85,24,45,103,58" hai1="132,77,3,99,92,12,64,68,104,119,25,23,125" hai2="76,69,75,130,87,53,124,100,61,67,11,30,135" hai3="28,0,108,110,42,13,18,31,37,131,29,105,62"/><V70/><F75/><W56/><G105/><T84/><D123/><U78/><E119/><V117/><F117/><W82/><G0/><T50/><D118/><U73/><E3/><V10/><F135/><W59/><G131/><T8/><D115/><U71/><E125/><V46/><F124/><W98/><G98/><T133/><D58/><U9/><E104/><V27/><F70/><W79/><G37/><T51/><D106/><U89/><E132/><N who="0" m="50793" /><D103/><U26/><E26/><V126/><F126/><W121/><G42/><N who="0" m="24887" /><D51/><U91/><E64/><V40/><F100/><W16/><G121/><T111/><D111/><N who="3" m="42537" /><G59/><T128/><D128/><U43/><E43/><V122/><F40/><W101/><G101/><T39/><D39/><U80/><E73/><V36/><F122/><W38/><G38/><T113/><D113/><U20/><E68/><V15/><F36/><W93/><G56/><T55/><D55/><U120/><E71/><V74/><F53/><W60/><G62/><T116/><D116/><U48/><E48/><V32/><F130/><W54/><G60/><T127/><D127/><U112/><E112/><V114/><F114/><W96/><G54/><T1/><AGARI ba="0,0" hai="1,5,8,19,22,24,84,85" m="24887,50793" machi="1" ten="30,2000,0" yaku="20,1,52,1" doraHai="44" who="0" fromWho="0" sc="223,20,227,-5,317,-10,233,-5" /><INIT seed="3,0,0,5,1,37" ten="243,222,307,228" oya="3" hai0="129,32,122,8,117,0,81,74,35,24,90,124,40" hai1="48,27,51,9,55,133,17,83,125,30,23,70,22" hai2="71,18,20,42,65,63,104,16,98,110,33,89,99" hai3="134,25,64,132,91,1,97,77,46,36,108,107,60"/><W76/><G1/><T61/><D90/><U86/><E125/><V53/><F110/><W19/><G108/><T45/><D124/><U84/><E133/><N who="3" m="51306" /><G25/><T115/><D122/><U13/><E70/><V105/><F33/><W47/><G19/><T10/><D10/><U15/><E51/><V94/><F53/><W26/><G26/><T85/><D85/><U7/><REACH who="1" step="1"/><E83/><REACH who="1" ten="243,212,307,228" step="2"/><V28/><F71/><N who="3" m="42375" /><G36/><T44/><D81/><U38/><E38/><V120/><F120/><W5/><G5/><T49/><D49/><U39/><E39/><V95/><F104/><W88/><G107/><T87/><D115/><U14/><E14/><V109/><F105/><W73/><G97/><T112/><D112/><U135/><E135/><V68/><F109/><W67/><G67/><T3/><D0/><U113/><E113/><V72/><F98/><W34/><G34/><T82/><D32/><U50/><E50/><V102/><F99/><W78/><G73/><T21/><D74/><U80/><E80/><V130/><F72/><W121/><G121/><T12/><D82/><U29/><E29/><V52/><F28/><W57/><G57/><AGARI ba="0,1" hai="7,9,13,15,17,22,23,27,30,48,55,57,84,86" machi="57" ten="30,3900,0" yaku="1,1,7,1,8,1,53,0" doraHai="37" doraHaiUra="59" who="1" fromWho="3" sc="243,0,212,49,307,0,228,-39" /><INIT seed="4,0,0,4,2,29" ten="243,261,307,189" oya="0" hai0="65,66,63,107,93,100,23,76,43,84,31,109,5" hai1="88,130,24,12,4,0,58,28,37,9,116,70,55" hai2="87,27,95,54,90,75,49,123,80,113,60,104,103" hai3="97,3,19,127,35,38,2,17,22,48,34,39,51"/><T72/><D109/><U57/><E116/><V1/><F123/><W26/><G97/><N who="0" m="61839" /><D43/><U45/><E130/><V81/><F1/><W79/><G79/><T47/><D47/><U105/><E105/><V133/><F60/><W86/><G86/><T124/><D5/><U13/><E70/><V134/><F27/><W112/><G26/><N who="0" m="16863" /><D63/><U14/><E37/><V56/><F113/><W64/><G112/><T118/><D118/><U73/><E73/><V44/><F44/><W8/><G22/><T15/><D15/><U59/><E45/><V77/><REACH who="2" step="1"/><F80/><REACH who="2" ten="243,261,297,189" step="2"/><W131/><G3/><T46/><D46/><U102/><E0/><V111/><F111/><W40/><G2/><T7/><D124/><U16/><E13/><V121/><F121/><W41/><G127/><T115/><D115/><U98/><E14/><V119/><F119/><W91/><G8/><T89/><D7/><U74/><E4/><V30/><F30/><W25/><G25/><T108/><D108/><U96/><E24/><V125/><F125/><W122/><G122/><T110/><D110/><U101/><E28/><V117/><F117/><W21/><G21/><T129/><D129/><U67/><E9/><V53/><F53/><W78/><G131/><T32/><D32/><U62/><E16/><V20/><F20/><W99/><G35/><T33/><D33/><U85/><E12/><V36/><F36/><W52/><G34/><T114/><D114/><U18/><E18/><V94/><F94/><W92/><G19/><T126/><D126/><U120/><E120/><V6/><F6/><W82/><G17/><RYUUKYOKU ba="0,1" sc="243,15,261,-15,297,15,189,-15" hai0="65,66,72,76,84,89,93" hai2="49,54,56,75,77,81,87,90,95,103,104,133,134" /><INIT seed="4,1,1,4,0,125" ten="258,246,312,174" oya="0" hai0="9,60,126,122,32,5,75,31,15,48,117,77,78" hai1="21,14,28,67,61,22,20,97,104,4,118,99,102" hai2="50,82,94,47,40,6,111,27,18,24,37,93,52" hai3="101,3,135,106,108,98,66,19,0,123,29,121,81"/><T127/><D117/><U133/><E133/><V23/><F111/><W25/><G108/><T69/><D122/><N who="3" m="46601" /><G135/><T46/><D32/><U88/><E118/><V86/><F6/><W120/><N who="3" m="46609" /><W84/><DORA hai="71" /><G19/><T43/><D31/><U16/><E4/><V35/><F35/><N who="3" m="20911" /><G66/><N who="0" m="41159" /><D75/><U115/><E115/><V51/><F27/><W132/><G132/><T42/><D42/><U83/><E28/><V11/><F11/><W87/><G87/><T17/><D17/><U2/><E2/><V100/><F100/><W57/><G57/><T13/><D13/><U26/><E26/><V65/><F65/><W1/><G0/><T7/><D7/><U8/><E8/><V134/><F37/><W107/><G107/><T96/><D96/><U74/><E97/><V109/><F134/><W90/><AGARI ba="1,1" hai="1,3,81,84,90,98,101,106" m="20911,46609" machi="90" ten="40,1500,0" yaku="13,1" doraHai="125,71" who="3" fromWho="3" sc="258,-8,246,-5,312,-5,174,28" /><INIT seed="5,0,0,1,0,69" ten="250,241,307,202" oya="1" hai0="65,114,48,51,90,35,91,46,85,8,88,7,28" hai1="73,92,3,122,117,109,40,58,59,112,116,22,56" hai2="71,66,80,68,29,37,11,20,62,94,134,98,86" hai3="55,4,24,36,61,102,25,110,0,70,99,6,17"/><U13/><E3/><V30/><F68/><W77/><G110/><T125/><D114/><U126/><E122/><V34/><F134/><W23/><G77/><T135/><D135/><U124/><E73/><V106/><F37/><W27/><G36/><T57/><D125/><N who="1" m="48235" /><E112/><V119/><F119/><W9/><G4/><T16/><D35/><U123/><E123/><V49/><F34/><W103/><G103/><T121/><D28/><U81/><E109/><V33/><F33/><W76/><G76/><T95/><D121/><U97/><E81/><V133/><F106/><W101/><G101/><T108/><D7/><U120/><E40/><V45/><F11/><W64/><REACH who="3" step="1"/><G55/><REACH who="3" ten="250,241,307,192" step="2"/><N who="0" m="31999" /><D108/><U87/><E120/><V53/><F133/><W31/><G31/><T96/><D65/><U89/><E117/><V78/><F20/><W127/><G127/><T21/><D8/><U47/><E116/><V118/><F118/><W132/><G132/><T38/><D38/><U93/><E22/><V113/><F113/><W42/><G42/><N who="0" m="24663" /><D96/><U5/><E97/><V41/><F29/><W82/><G82/><T107/><D107/><AGARI ba="0,1" hai="0,6,9,17,23,24,25,27,61,64,70,99,102,107" machi="107" ten="30,2000,0" yaku="1,1,7,1,53,0" doraHai="69" doraHaiUra="44" who="3" fromWho="0" sc="250,-20,241,0,307,0,192,30" /><INIT seed="6,0,0,2,3,65" ten="230,241,307,222" oya="2" hai0="85,60,132,113,10,112,61,68,5,38,77,78,59" hai1="93,107,64,125,42,57,86,55,82,106,43,70,104" hai2="3,30,67,87,52,80,1,63,72,75,66,115,79" hai3="73,128,40,45,90,19,24,120,62,124,84,4,69"/><V109/><F115/><N who="0" m="44106" /><D38/><U121/><E125/><V122/><F122/><W47/><G73/><T27/><D132/><U17/><E93/><V89/><F109/><W134/><G120/><T25/><D68/><U26/><E121/><V22/><F72/><W33/><G124/><T114/><N who="0" m="44114" /><T123/><DORA hai="36" /><D123/><U91/><E64/><V81/><F52/><W39/><G128/><T102/><D102/><U11/><E70/><V127/><F67/><W130/><G130/><T103/><D103/><U49/><E26/><N who="0" m="9737" /><D85/><U135/><E135/><V100/><F100/><W111/><G111/><T99/><D99/><U20/><E20/><V83/><F83/><W8/><G134/><T133/><D133/><U41/><E11/><V23/><F127/><W2/><G69/><T37/><D37/><U108/><REACH who="1" step="1"/><E17/><REACH who="1" ten="230,231,307,222" step="2"/><V116/><F22/><W126/><G126/><T118/><D118/><U50/><E50/><V56/><F116/><W44/><G62/><N who="0" m="24171" /><D59/><U129/><E129/><V58/><F56/><W15/><G24/><T105/><D105/><U28/><E28/><V117/><F117/><W94/><G33/><T110/><D110/><AGARI ba="0,1" hai="41,42,43,49,55,57,82,86,91,104,106,107,108,110" machi="110" ten="50,8000,1" yaku="1,1,52,3,53,0" doraHai="65,36" doraHaiUra="12,119" who="1" fromWho="0" sc="230,-80,231,90,307,0,222,0" /><INIT seed="7,0,0,4,4,0" ten="150,321,307,222" oya="3" hai0="47,95,25,3,117,22,54,81,71,108,92,13,24" hai1="87,70,4,32,118,44,103,85,78,30,60,38,12" hai2="130,110,67,134,98,99,76,133,126,111,19,106,43" hai3="109,51,112,123,39,122,49,46,79,55,93,127,65"/><W114/><G79/><T84/><D117/><U59/><E118/><V101/><F67/><W15/><G93/><T80/><D108/><N who="2" m="41514" /><F130/><W77/><G109/><T73/><D71/><U40/><E70/><V11/><F43/><N who="3" m="22911" /><G77/><T113/><D113/><N who="3" m="43625" /><G15/><T124/><D124/><U68/><E68/><V18/><F126/><W90/><G90/><T5/><D3/><U20/><E78/><V36/><F36/><W2/><G2/><T57/><D47/><U42/><E42/><V72/><F98/><W58/><G127/><T129/><D129/><U100/><E32/><V135/><F11/><W52/><G65/><T35/><D35/><U128/><E128/><V96/><F99/><W53/><G53/><T69/><D69/><U21/><E21/><V116/><F116/><W23/><G23/><T102/><D102/><U26/><E100/><V1/><F1/><W28/><G28/><T8/><D73/><U10/><E103/><V41/><F41/><W9/><G9/><T125/><D125/><U16/><E30/><V33/><F33/><W31/><G31/><T104/><D104/><U62/><E62/><V97/><F97/><W50/><G50/><N who="0" m="30935" /><D81/><AGARI ba="0,0" hai="18,19,72,76,81,96,101,106,133,134,135" m="41514" machi="81" ten="40,1300,0" yaku="20,1" doraHai="0" who="2" fromWho="0" sc="150,-13,321,0,307,13,222,0" owari="137,-36.0,321,42.0,320,12.0,222,-18.0" /></mjloggm>