<mjloggm ver="2.3"><GO type="225" lobby="0"/><UN n0="%E7%AB%8B%E8%8F%AF%E5%A5%8F" n1="%E2%96%BD%E4%B8%8E%E4%BD%9C%28%E3%81%8A%E3%81%AB%E3%81%8E%E3%82%8A" n2="%E5%BD%97%E6%98%9F%E5%85%A5%E3%83%92%E3%82%B3" n3="%63%61%74%6D%65%56%47%43" dan="16,17,16,16" rate="2160.24,2177.36,2103.77,2187.57" sx="F,M,M,M"/><TAIKYOKU oya="0"/><INIT seed="0,0,0,3,3,131" ten="250,250,250,250" oya="0" hai0="126,81,71,61,77,82,5,15,115,92,79,117,59" hai1="80,7,55,56,114,84,120,19,113,51,67,10,63" hai2="65,87,48,107,29,128,83,116,9,64,32,96,2" hai3="111,3,98,35,119,103,42,95,112,104,72,124,88"/><T49/><D115/><U52/><E120/><V60/><F128/><W33/><G112/><N who="1" m="43114" /><E19/><V41/><F116/><W121/><G119/><T20/><D117/><U127/><E127/><V44/><F2/><W129/><G129/><T34/><D34/><U28/><E28/><V40/><F40/><W27/><G3/><T57/><D126/><U89/><E51/><V70/><F65/><W68/><G68/><T62/><D71/><U4/><E4/><V97/><F9/><W109/><G72/><T39/><D39/><U93/><E80/><V50/><F50/><W8/><G8/><T47/><D92/><U105/><E105/><V14/><F14/><AGARI ba="0,0" hai="7,10,14,52,55,56,63,67,84,89,93" m="43114" machi="14" ten="30,2000,0" yaku="11,1,54,1" doraHai="131" who="1" fromWho="2" sc="250,0,250,20,250,-20,250,0" /><INIT seed="1,0,0,0,2,115" ten="250,270,230,250" oya="1" hai0="1,60,111,67,85,105,17,30,42,90,6,50,18" hai1="80,76,39,63,38,73,44,117,96,8,118,82,23" hai2="134,26,71,79,84,116,27,70,34,66,97,122,123" hai3="51,106,104,125,124,62,107,83,32,101,19,129,59"/><U11/><E23/><V135/><F97/><W28/><G129/><T100/><D111/><U61/><E96/><V20/><F34/><W114/><G114/><T81/><D30/><U41/><E82/><V40/><F40/><W113/><G113/><T121/><D121/><U31/><E31/><V13/><F79/><W12/><G51/><T132/><D132/><U110/><E39/><V91/><F13/><W92/><G83/><T98/><D6/><U127/><E110/><V7/><F7/><W24/><G92/><T16/><D1/><U120/><E120/><V37/><F37/><W56/><G101/><T78/><D42/><U55/><E127/><N who="3" m="48714" /><G62/><T54/><D78/><U74/><E74/><V14/><F14/><W25/><G25/><T94/><D105/><N who="3" m="26881" /><W119/><DORA hai="29" /><G119/><T126/><D126/><U130/><E130/><V35/><F116/><W128/><G128/><T36/><D36/><U4/><E63/><V102/><F102/><W33/><G33/><T75/><D75/><U52/><E61/><N who="2" m="40271" /><F35/><W45/><G45/><T10/><D10/><AGARI ba="0,0" hai="10,12,19,24,28,32,56,59" m="26881,48714" machi="10" ten="40,2600,0" yaku="18,1,52,1" doraHai="115,29" who="3" fromWho="0" sc="250,-26,270,0,230,0,250,26" /><INIT seed="2,0,0,5,1,7" ten="224,270,230,276" oya="2" hai0="10,79,30,123,46,53,69,78,20,83,71,57,52" hai1="116,121,62,2,70,19,133,80,122,118,45,106,126" hai2="11,34,3,101,111,42,108,31,28,51,40,64,93" hai3="4,17,124,6,115,56,66,98,68,21,35,84,107"/><V109/><F64/><W60/><G35/><T44/><D123/><N who="1" m="47115" /><E106/><V104/><F104/><W0/><G124/><T43/><D30/><N who="2" m="11306" /><F34/><W127/><G127/><T134/><D20/><U29/><E126/><V130/><F130/><W92/><G115/><T5/><D134/><U54/><E29/><V16/><F51/><W117/><G117/><T90/><D90/><U33/><E33/><V72/><F72/><W73/><G73/><N who="0" m="43471" /><D79/><U120/><E133/><V76/><F76/><W100/><G0/><N who="0" m="295" /><D44/><U125/><E125/><V88/><F101/><W135/><G135/><T48/><D53/><U113/><E113/><V112/><F112/><W103/><G68/><T105/><D105/><U26/><E2/><V49/><F49/><W61/><G61/><T24/><D24/><U55/><E120/><V75/><F75/><W8/><G103/><T27/><D27/><U50/><E70/><V81/><F81/><W132/><G132/><T94/><D94/><U39/><E62/><V95/><F95/><W12/><G107/><T102/><D102/><U63/><E63/><V85/><F3/><W96/><G100/><T114/><D114/><U1/><E1/><V119/><F119/><N who="1" m="45609" /><E80/><V74/><F74/><W91/><G4/><T37/><AGARI ba="0,0" hai="37,43,46,48,52,57,69,71" m="295,43471" machi="37" ten="30,4000,0" yaku="25,1,52,1,54,1" doraHai="7" who="0" fromWho="0" sc="224,40,270,-10,230,-20,276,-10" /><INIT seed="3,0,0,2,3,66" ten="264,260,210,266" oya="3" hai0="96,0,130,107,124,69,82,62,12,76,134,7,51" hai1="93,30,15,11,52,60,135,84,47,99,97,71,49" hai2="113,121,59,26,54,65,117,70,102,80,73,1,36" hai3="50,90,25,118,122,123,53,67,4,17,129,114,9"/><W64/><G114/><T42/><D12/><U75/><E75/><V91/><F113/><W81/><G118/><T74/><D124/><U72/><E72/><V109/><F117/><W61/><G129/><T79/><D79/><U8/><E135/><V29/><F1/><W98/><G122/><T22/><D22/><U132/><E132/><V86/><F121/><W41/><G41/><T89/><D134/><U128/><E128/><V104/><F36/><W112/><G112/><T108/><D130/><U48/><E30/><V78/><F109/><W46/><G123/><T101/><D108/><U32/><E32/><V39/><F39/><W38/><G38/><T88/><D51/><U116/><E49/><V23/><F65/><W40/><G40/><T18/><D18/><U63/><E71/><V56/><F70/><W43/><G43/><T115/><D42/><U55/><E55/><V77/><F77/><W126/><G61/><T87/><D115/><U83/><E99/><N who="2" m="61535" /><F54/><W6/><G6/><T127/><D127/><U133/><E133/><V24/><F24/><W20/><G126/><T44/><D44/><U31/><E116/><V45/><F45/><W131/><G131/><T13/><D13/><U14/><E14/><V111/><F111/><W33/><G33/><T10/><D74/><U2/><E2/><V125/><F125/><W35/><G35/><T16/><D16/><N who="1" m="8319" /><E8/><V3/><F3/><N who="3" m="159" /><G98/><T34/><D34/><U5/><E5/><V95/><AGARI ba="0,0" hai="23,26,29,56,59,73,78,80,86,91,95" m="61535" machi="95" ten="30,1100,0" yaku="24,1" doraHai="66" who="2" fromWho="2" sc="264,-3,260,-3,210,11,266,-5" /><INIT seed="4,0,0,5,3,131" ten="261,257,221,261" oya="0" hai0="40,101,110,1,130,90,6,98,118,37,134,41,33" hai1="132,94,87,72,71,22,114,68,121,35,127,128,85" hai2="115,15,125,43,105,111,95,126,0,77,44,18,86" hai3="113,20,58,29,99,123,10,30,50,11,5,24,65"/><T82/><D118/><U13/><E121/><V104/><F111/><W17/><G123/><T73/><D110/><U53/><E72/><V129/><F0/><W84/><G113/><T120/><D120/><U12/><E35/><V135/><F129/><W106/><G106/><T124/><D130/><U31/><E128/><V133/><F115/><W38/><G99/><T116/><D116/><U102/><E127/><N who="2" m="48651" /><F77/><W56/><G38/><T55/><D124/><U9/><E53/><V76/><F104/><W78/><G58/><T60/><D33/><U54/><E54/><V34/><F105/><W45/><G56/><T89/><D60/><U112/><E102/><V96/><F34/><W21/><G65/><T4/><D55/><U75/><E75/><V28/><F28/><W108/><G108/><T91/><D101/><U69/><E31/><V2/><F2/><W103/><G103/><T117/><D98/><U67/><E67/><V122/><F122/><W70/><G70/><T59/><D59/><U109/><E109/><V7/><F7/><N who="0" m="2602" /><D1/><U51/><E112/><V23/><F96/><W63/><G63/><T119/><D119/><U64/><E64/><V83/><F95/><W27/><G5/><T26/><D117/><U46/><E114/><V80/><F83/><N who="3" m="47223" /><G29/><T61/><D61/><U8/><E94/><V3/><F3/><W49/><G49/><AGARI ba="0,0" hai="15,18,23,43,44,49,76,80,86,133,135" m="48651" machi="49" ten="30,3900,0" yaku="18,1,52,2" doraHai="131" who="2" fromWho="3" sc="261,0,257,0,221,39,261,-39" /><INIT seed="5,0,0,2,0,21" ten="261,257,260,222" oya="1" hai0="25,91,64,20,37,113,124,67,65,128,9,43,41" hai1="100,68,18,99,47,121,129,26,88,108,116,11,12" hai2="79,85,19,5,61,39,118,81,49,123,56,89,27" hai3="7,2,97,93,74,31,54,52,32,6,60,24,3"/><U104/><E116/><V110/><F110/><W34/><G74/><T83/><D37/><U133/><E121/><V55/><F118/><W71/><G32/><T53/><D124/><U95/><E108/><V17/><F123/><W33/><G33/><T90/><D128/><U94/><E129/><V77/><F39/><W106/><G106/><T72/><D113/><U22/><E133/><V4/><F61/><W86/><G86/><N who="0" m="50527" /><D72/><U126/><E68/><V30/><F17/><W70/><G6/><N who="2" m="2665" /><F30/><W102/><G7/><T45/><D9/><U107/><E47/><V114/><F114/><W131/><G131/><T35/><D35/><U82/><E82/><V75/><F75/><W80/><G80/><T130/><D130/><U122/><E126/><V29/><F29/><W16/><G16/><N who="0" m="12423" /><D91/><U111/><E111/><V1/><F1/><W119/><G119/><T117/><D117/><U48/><E122/><V59/><F59/><W42/><G42/><T132/><D132/><U76/><E107/><V135/><F135/><W58/><REACH who="3" step="1"/><G54/><REACH who="3" ten="261,257,260,212" step="2"/><T98/><D98/><N who="1" m="57671" /><E104/><V38/><F55/><W103/><G103/><T50/><AGARI ba="0,1" hai="41,43,45,50,53,64,65,67" m="12423,50527" machi="50" ten="30,4000,0" yaku="8,1,52,1,54,1" doraHai="21" who="0" fromWho="0" sc="261,50,257,-20,260,-10,212,-10" owari="311,41.0,237,-16.0,250,5.0,202,-30.0" /></mjloggm>