<mjloggm ver="2.3"><GO type="169" lobby="0"/><UN n0="%E3%81%BE%E3%81%93%E3%81%A8%E3%81%95%E3%82%93" n1="%73%68%6F%35%35%35%35%35" n2="%28%3B%E3%83%BB%E2%88%80%E3%83%BB%29" n3="%E3%83%91%E3%83%88%E3%82%AB%E3%83%BC%E7%87%83%E3%82%84%E3%81%99" dan="16,16,16,17" rate="2133.35,2107.14,2176.35,2236.89" sx="M,M,M,F"/><TAIKYOKU oya="0"/><INIT seed="0,0,0,0,3,72" ten="250,250,250,250" oya="0" hai0="55,3,4,58,74,9,42,62,82,32,127,67,33" hai1="57,15,19,85,22,56,79,78,68,53,89,16,28" hai2="29,77,12,100,112,38,76,49,105,40,64,51,47" hai3="34,120,108,128,122,88,115,44,24,48,14,37,71"/><T97/><D127/><U63/><E68/><V45/><F112/><W11/><G115/><T111/><D111/><U130/><E130/><V109/><F38/><W135/><G37/><T73/><D73/><U106/><E106/><V31/><F109/><W17/><G108/><T110/><D110/><U52/><E19/><V70/><F105/><W50/><G71/><T2/><D2/><U129/><E28/><N who="2" m="10827" /><F70/><W84/><G34/><T86/><D74/><U125/><E125/><V81/><F100/><W80/><G128/><T75/><D75/><U59/><E129/><V66/><F81/><W6/><G135/><T114/><D114/><U60/><E59/><V41/><F12/><W1/><G24/><T13/><D42/><U123/><E123/><N who="3" m="47146" /><G44/><T0/><D0/><U119/><E119/><V116/><F116/><W65/><G65/><AGARI ba="0,0" hai="40,41,45,47,49,51,64,65,66,76,77" m="10827" machi="65" ten="30,3900,0" yaku="8,1,52,2" doraHai="72" who="2" fromWho="3" sc="250,0,250,0,250,39,250,-39" /><INIT seed="1,0,0,0,2,48" ten="250,250,289,211" oya="1" hai0="104,133,62,46,28,105,58,43,117,75,64,20,36" hai1="80,100,89,1,99,108,18,53,134,14,91,115,84" hai2="126,8,34,107,2,42,95,127,125,85,38,29,3" hai3="97,30,131,92,27,121,39,12,16,6,57,111,109"/><U70/><E1/><V76/><F107/><W102/><G121/><T113/><D117/><U87/><E115/><V88/><F76/><W135/><G131/><T67/><D113/><U112/><E112/><V49/><F38/><W71/><G71/><T56/><D133/><U51/><E70/><V81/><F81/><W93/><G135/><T120/><D75/><U118/><E134/><V68/><F68/><W19/><G39/><T4/><D4/><U50/><E118/><V31/><F34/><W41/><G41/><T47/><D47/><U124/><E124/><V61/><F61/><W106/><G6/><T72/><D72/><U132/><E132/><V55/><F42/><W59/><G106/><T21/><D120/><U128/><E128/><V98/><F98/><W101/><G30/><N who="2" m="11273" /><F8/><W74/><G74/><T73/><D73/><U13/><E51/><V54/><F49/><W63/><G63/><T0/><D0/><AGARI ba="0,0" hai="0,2,3,54,55,85,88,95,125,126,127" m="11273" machi="0" ten="40,8000,1" yaku="18,1,52,2,54,1" doraHai="48" who="2" fromWho="0" sc="250,-80,250,0,289,80,211,0" /><INIT seed="2,0,0,0,3,27" ten="170,250,369,211" oya="2" hai0="21,125,104,42,7,127,133,71,51,29,46,47,74" hai1="37,106,36,103,81,120,12,8,96,15,131,19,82" hai2="24,32,89,98,83,134,54,128,130,117,0,78,97" hai3="99,25,79,110,31,16,90,3,122,115,59,30,132"/><V63/><F117/><W75/><G122/><T107/><D74/><U4/><E131/><N who="2" m="50219" /><F0/><W121/><G121/><T11/><D71/><U114/><E120/><V118/><F118/><W1/><G1/><T50/><D133/><U76/><E114/><V135/><F63/><W124/><G3/><T123/><D123/><U22/><REACH who="1" step="1"/><E82/><REACH who="1" ten="170,240,369,211" step="2"/><V58/><F83/><W119/><G115/><T64/><D127/><U111/><E111/><V44/><F134/><W105/><G110/><T56/><D125/><U112/><E112/><V39/><F135/><W28/><G132/><T45/><D107/><U73/><AGARI ba="0,1" hai="4,8,12,15,19,22,36,37,73,76,81,96,103,106" machi="73" ten="20,2700,0" yaku="1,1,0,1,7,1,53,0" doraHai="27" doraHaiUra="80" who="1" fromWho="1" sc="170,-7,240,37,369,-13,211,-7" /><INIT seed="3,0,0,1,4,19" ten="163,277,356,204" oya="3" hai0="55,112,122,14,118,91,67,53,2,34,101,21,30" hai1="115,43,109,52,131,23,47,35,54,127,100,28,86" hai2="1,38,63,85,76,103,84,3,81,31,93,9,64" hai3="8,56,71,73,24,97,94,17,75,39,49,87,48"/><W102/><G39/><T117/><D122/><U124/><E115/><V108/><F38/><W114/><G71/><T98/><D112/><U32/><E109/><V74/><F108/><W0/><G114/><T69/><D2/><U80/><E100/><V95/><F31/><W82/><G75/><T132/><D132/><U92/><E92/><V68/><F9/><W6/><G73/><T29/><D91/><U61/><E131/><V133/><F133/><W41/><G41/><T120/><D120/><U70/><E70/><V111/><F111/><W46/><G46/><T119/><D30/><U22/><E61/><V83/><F74/><W58/><G58/><T26/><D14/><U16/><E35/><V59/><F95/><W51/><G56/><T107/><REACH who="0" step="1"/><D21/><REACH who="0" ten="153,277,356,204" step="2"/><U7/><E32/><V79/><F68/><W45/><G24/><T135/><D135/><U18/><E28/><V110/><F110/><W11/><G11/><T99/><D99/><AGARI ba="0,1" hai="1,3,59,63,64,76,79,81,83,84,85,93,99,103" machi="99" ten="40,1300,0" yaku="9,1" doraHai="19" who="2" fromWho="0" sc="153,-13,277,0,356,23,204,0" /><INIT seed="4,0,0,1,5,51" ten="140,277,379,204" oya="0" hai0="88,113,36,100,35,24,107,30,111,3,66,108,126" hai1="86,80,131,135,91,124,115,26,15,116,46,29,6" hai2="95,71,19,4,62,9,55,0,33,122,64,87,114" hai3="94,58,75,27,123,101,97,109,105,20,73,104,50"/><T13/><D3/><U81/><E116/><V69/><F122/><W119/><G109/><N who="0" m="42059" /><D113/><U90/><E115/><V85/><F114/><W53/><G119/><T38/><D126/><U134/><E124/><V96/><F69/><W117/><G117/><T60/><D13/><U21/><E131/><V103/><F33/><W92/><G123/><T84/><D100/><U2/><E2/><V127/><F127/><W44/><G105/><T102/><D102/><U98/><E46/><V130/><F130/><W72/><REACH who="3" step="1"/><G44/><REACH who="3" ten="140,277,379,194" step="2"/><T61/><D107/><U43/><E135/><V31/><F31/><AGARI ba="0,1" hai="20,27,31,50,53,58,72,73,75,92,94,97,101,104" machi="31" ten="40,5200,0" yaku="1,1,2,1,52,1,53,0" doraHai="51" doraHaiUra="57" who="3" fromWho="2" sc="140,0,277,0,379,-52,194,62" /><INIT seed="5,0,0,3,0,30" ten="140,277,327,256" oya="1" hai0="100,106,118,24,13,48,84,127,89,99,8,96,109" hai1="43,104,25,123,39,66,34,128,119,21,92,114,5" hai2="22,116,120,124,50,71,31,108,7,73,51,105,58" hai3="59,126,54,101,61,67,57,82,129,86,70,45,12"/><U37/><E123/><V62/><F7/><W9/><G129/><T78/><D109/><U36/><E119/><V35/><F22/><W4/><G126/><T20/><D127/><U102/><E128/><V1/><F31/><W42/><G101/><T14/><D118/><U0/><E92/><V41/><F41/><W113/><G54/><T90/><D96/><U93/><E93/><V63/><F58/><W81/><G81/><T60/><D60/><U91/><E91/><V10/><F10/><W134/><G113/><T55/><D78/><U115/><E66/><V76/><F76/><W77/><REACH who="3" step="1"/><G134/><REACH who="3" ten="140,277,327,246" step="2"/><T110/><D110/><U130/><E130/><V27/><F124/><W19/><G19/><T28/><D90/><U23/><E102/><V72/><F116/><W6/><G6/><T32/><D8/><N who="1" m="2087" /><E104/><V112/><F105/><W80/><G80/><T11/><D11/><U133/><E133/><V17/><F17/><W16/><G16/><T122/><D122/><U33/><E43/><V52/><F120/><W75/><G75/><T125/><D125/><U15/><E25/><V85/><F73/><W64/><G64/><T121/><D121/><U69/><E15/><V68/><F72/><W87/><G87/><T3/><D3/><U40/><E40/><V46/><F85/><W47/><G47/><N who="0" m="28063" /><D84/><U132/><E132/><V18/><F46/><W74/><G74/><T38/><D89/><U117/><E117/><V98/><F108/><W95/><G95/><T26/><D38/><AGARI ba="0,1" hai="4,9,12,38,42,45,57,59,61,67,70,77,82,86" machi="38" ten="30,2000,0" yaku="1,1,7,1,53,0" doraHai="30" doraHaiUra="103" who="3" fromWho="0" sc="140,-20,277,0,327,0,246,30" /><INIT seed="6,0,0,2,4,80" ten="120,277,327,276" oya="2" hai0="33,78,55,51,15,84,13,5,104,23,122,25,128" hai1="34,116,100,93,17,123,105,3,38,88,69,43,63" hai2="18,76,49,53,83,60,108,87,89,50,75,44,35" hai3="39,22,120,86,124,129,1,47,79,9,66,45,59"/><V32/><F108/><W37/><G120/><T68/><D122/><U54/><E116/><V21/><F60/><W16/><G39/><T71/><D128/><U65/><E3/><V85/><F50/><W110/><G110/><T30/><D104/><U114/><E34/><V127/><F127/><W99/><G124/><T102/><D102/><U72/><E72/><V28/><F28/><W98/><G1/><T57/><D15/><U8/><E105/><V24/><F75/><W41/><G9/><T94/><D78/><U48/><E100/><V14/><REACH who="2" step="1"/><F24/><REACH who="2" ten="120,277,317,276" step="2"/><W95/><G37/><T113/><D113/><U112/><E123/><V20/><F20/><W31/><G31/><T26/><D5/><U0/><E38/><V109/><F109/><W126/><G126/><T10/><D26/><U96/><E43/><V135/><F135/><W61/><G129/><T115/><D115/><U46/><E114/><V111/><F111/><W101/><G41/><T117/><D117/><U4/><E112/><V121/><F121/><W131/><G131/><T70/><D10/><U62/><E63/><V52/><F52/><W42/><G42/><T107/><D107/><U2/><E17/><V19/><F19/><W82/><G99/><T12/><REACH who="0" step="1"/><D23/><REACH who="0" ten="110,277,317,276" step="2"/><U92/><E8/><V103/><F103/><W67/><G67/><T40/><D40/><U81/><E4/><V119/><F119/><W64/><G64/><T58/><D58/><U77/><E65/><V29/><F29/><W132/><G132/><T133/><D133/><U6/><E6/><V106/><F106/><W90/><G101/><RYUUKYOKU ba="0,2" sc="110,10,277,-30,317,10,276,10" hai0="12,13,25,30,33,51,55,57,68,70,71,84,94" hai2="14,18,21,32,35,44,49,53,76,83,85,87,89" hai3="16,22,45,47,59,61,66,79,82,86,90,95,98" /><INIT seed="6,1,2,1,3,57" ten="120,247,327,286" oya="2" hai0="94,126,128,44,5,75,54,7,116,118,117,6,34" hai1="104,90,4,127,30,41,17,33,9,39,84,38,88" hai2="106,112,79,78,121,31,86,122,25,74,11,40,0" hai3="60,12,59,95,99,97,18,85,2,29,51,110,58"/><V129/><F112/><W24/><G2/><T107/><D107/><U37/><E104/><V43/><F106/><W35/><G110/><T14/><D128/><U113/><E127/><V52/><F74/><W26/><G26/><T77/><D126/><U108/><E108/><V87/><F129/><W132/><G132/><T135/><D135/><U133/><E133/><V10/><F0/><W13/><G13/><T8/><D34/><U115/><E17/><V100/><F25/><W15/><G15/><T61/><D94/><U69/><E69/><V123/><F31/><W22/><G58/><N who="0" m="35031" /><D44/><U32/><E41/><N who="2" m="15947" /><F52/><W72/><G51/><T120/><D120/><U89/><E84/><N who="2" m="32299" /><F100/><W56/><G72/><T71/><D71/><U125/><E125/><V102/><F102/><W130/><G59/><T70/><D70/><U93/><E30/><V66/><F66/><W16/><G130/><T82/><AGARI ba="1,2" hai="5,6,7,8,14,75,77,82,116,117,118" m="35031" machi="82" ten="40,2700,0" yaku="12,1,52,1" doraHai="57" who="0" fromWho="0" sc="120,50,247,-8,327,-14,286,-8" /><INIT seed="7,0,0,2,4,133" ten="170,239,313,278" oya="3" hai0="8,81,9,58,45,30,52,64,40,23,67,105,114" hai1="65,15,22,44,115,43,68,103,17,98,35,25,20" hai2="125,101,54,97,48,55,66,39,108,99,21,94,100" hai3="12,13,78,84,57,61,131,59,56,74,36,116,34"/><W104/><G116/><T28/><D105/><U110/><E110/><V120/><F108/><W128/><G74/><T19/><D114/><U109/><E115/><V14/><F39/><W130/><G34/><T38/><D81/><U7/><E109/><V0/><F0/><W129/><G36/><T71/><D30/><U134/><E134/><V4/><F125/><W70/><N who="3" m="32768" /><DORA hai="60" /><W118/><G104/><T76/><D76/><U88/><E35/><V119/><F119/><W5/><G118/><T11/><D28/><U106/><E7/><V111/><F111/><W89/><G78/><T121/><D121/><U47/><E88/><N who="2" m="55495" /><F120/><W41/><G41/><T91/><D91/><U2/><E2/><V86/><F66/><N who="3" m="41295" /><G5/><T42/><D71/><U46/><E65/><N who="0" m="25161" /><D45/><U77/><E77/><V123/><F123/><W29/><G29/><T135/><D38/><U124/><E124/><V102/><F99/><W10/><G10/><N who="0" m="2563" /><T95/><DORA hai="127" /><D95/><AGARI ba="0,0" hai="12,13,56,57,59,84,89,95" m="41295,32768" machi="95" ten="60,18000,2" yaku="19,1,52,5" doraHai="133,60,127" who="3" fromWho="0" sc="170,-180,239,0,313,0,278,180" owari="-10,-51.0,239,-16.0,313,11.0,458,56.0" /></mjloggm>