<mjloggm ver="2.3"><GO type="169" lobby="0"/><UN n0="%EF%BC%91%EF%BC%90%E9%80%A3%E3%82%AC%E3%83%81%E3%83%A3" n1="%E9%BA%BB%E9%9B%80%E3%81%9F%E3%81%AE%E3%81%97" n2="%E3%81%BE%E3%81%93%E3%81%A8%E3%81%95%E3%82%93" n3="%67%61%79%75%6E%79" dan="16,16,16,16" rate="2064.43,2129.79,2135.45,2126.04" sx="M,F,M,M"/><TAIKYOKU oya="0"/><INIT seed="0,0,0,0,5,77" ten="250,250,250,250" oya="0" hai0="29,62,79,43,23,97,128,96,135,76,44,131,80" hai1="99,82,34,93,39,25,36,27,109,41,5,19,98" hai2="95,108,130,125,119,20,21,33,73,28,37,50,118" hai3="121,22,106,64,75,51,84,56,103,18,74,63,16"/><T11/><D135/><U48/><E109/><V69/><F108/><W53/><G121/><T32/><D32/><U133/><E133/><V7/><F37/><W68/><G18/><T100/><D62/><U107/><E5/><V45/><F69/><W110/><G110/><T66/><D66/><U60/><E107/><V35/><F73/><W54/><G54/><T94/><D79/><U120/><E120/><V17/><F95/><W92/><G106/><T6/><D96/><U38/><E60/><V117/><F130/><W122/><G122/><T1/><D23/><U0/><E0/><V15/><F125/><W89/><REACH who="3" step="1"/><G103/><REACH who="3" ten="250,250,250,240" step="2"/><T59/><D29/><U46/><E19/><V9/><F28/><W42/><G42/><T2/><D2/><U12/><E41/><V113/><F113/><W8/><G8/><T40/><D43/><U104/><E104/><V88/><F17/><W91/><G91/><T115/><D115/><U3/><E27/><AGARI ba="0,1" hai="16,22,27,51,53,56,63,64,68,74,75,84,89,92" machi="27" ten="30,3900,0" yaku="1,1,7,1,54,1,53,0" doraHai="77" doraHaiUra="26" who="3" fromWho="1" sc="250,0,250,-39,250,0,240,49" /><INIT seed="1,0,0,4,2,30" ten="250,211,250,289" oya="1" hai0="129,102,92,39,14,17,55,117,67,12,25,13,97" hai1="110,91,38,49,0,98,101,134,50,100,70,34,65" hai2="106,124,72,94,88,46,62,86,48,132,15,78,119" hai3="77,123,4,109,29,9,59,81,130,103,60,27,8"/><U16/><E0/><V120/><F119/><W58/><G123/><T5/><D39/><U20/><E38/><V105/><F120/><W87/><G130/><T95/><D129/><U111/><E134/><V6/><F132/><W37/><G109/><N who="1" m="41482" /><E91/><V96/><F124/><W116/><G116/><T7/><D67/><U128/><E128/><V71/><F72/><W18/><G37/><T21/><D117/><U127/><E127/><V52/><F71/><W36/><G36/><T126/><D126/><U80/><E80/><V118/><F118/><W135/><G135/><T31/><D55/><U35/><E65/><V53/><F78/><W28/><G103/><N who="1" m="39498" /><E98/><V122/><F122/><W3/><G59/><T45/><D45/><U40/><E70/><V24/><F24/><W42/><G42/><T125/><D125/><U54/><E40/><V73/><F73/><W56/><G56/><T84/><D84/><U51/><E54/><V99/><F106/><W108/><G108/><T64/><D95/><U79/><E79/><V11/><F105/><W107/><G107/><T74/><D64/><U69/><E69/><V131/><F131/><W10/><G3/><T32/><REACH who="0" step="1"/><D74/><REACH who="0" ten="240,211,250,289" step="2"/><U82/><E82/><V121/><F121/><W33/><G81/><T41/><D41/><U75/><E75/><V44/><F62/><W68/><G60/><T93/><D93/><U22/><E22/><V85/><F85/><W23/><G87/><T63/><D63/><U43/><E43/><V47/><F47/><W89/><G23/><T112/><D112/><U90/><E90/><V115/><F115/><RYUUKYOKU ba="0,1" sc="240,10,211,10,250,10,289,-30" hai0="5,7,12,13,14,17,21,25,31,32,92,97,102" hai1="16,20,34,35,49,50,51" hai2="6,11,15,44,46,48,52,53,86,88,94,96,99" /><INIT seed="1,1,1,5,5,82" ten="250,221,260,259" oya="1" hai0="90,87,99,55,67,12,57,65,7,20,3,92,88" hai1="80,17,33,79,94,22,25,63,46,89,59,95,54" hai2="125,51,41,43,102,112,108,106,45,122,8,120,97" hai3="128,40,68,13,32,135,114,115,93,116,1,42,105"/><U130/><E33/><V109/><F125/><W6/><G13/><T132/><D3/><U28/><E130/><V21/><F112/><W38/><G93/><N who="0" m="56759" /><D132/><U15/><E46/><V117/><F117/><W81/><G81/><T48/><D7/><U27/><E27/><V77/><F41/><W83/><G83/><T34/><D34/><U98/><E95/><V9/><F77/><W47/><G42/><T72/><D72/><U14/><REACH who="1" step="1"/><E28/><REACH who="1" ten="250,211,260,259" step="2"/><V19/><F120/><W129/><G47/><T85/><D85/><AGARI ba="1,2" hai="14,15,17,22,25,54,59,63,79,80,85,89,94,98" machi="85" ten="30,18000,2" yaku="1,1,2,1,7,1,25,2,8,1,52,1,53,0" doraHai="82" doraHaiUra="110" who="1" fromWho="0" sc="250,-183,211,203,260,0,259,0" /><INIT seed="1,2,0,2,4,102" ten="67,414,260,259" oya="1" hai0="25,15,17,48,35,78,135,45,133,97,123,106,95" hai1="90,132,40,44,23,36,71,104,109,117,75,105,121" hai2="13,118,49,108,37,7,27,96,0,131,129,70,93" hai3="76,82,42,47,122,84,54,32,66,88,43,94,55"/><U68/><E121/><V80/><F118/><W41/><G122/><T114/><D123/><U127/><E117/><V58/><F37/><W73/><G32/><T57/><D78/><U115/><E115/><V24/><F70/><W11/><G47/><T51/><D114/><U30/><E75/><V12/><F108/><W119/><G119/><T125/><D125/><U19/><E127/><V29/><F80/><W120/><G120/><T77/><D77/><U72/><E72/><V60/><F49/><W20/><G66/><T9/><D35/><U92/><E109/><V50/><F50/><W103/><G11/><T111/><D25/><U67/><E132/><V8/><F24/><W91/><G20/><T10/><D10/><U53/><E30/><V87/><F87/><W28/><G28/><T4/><D111/><U65/><E53/><V26/><F26/><W124/><G124/><T3/><D57/><U134/><E134/><N who="0" m="51209" /><D45/><U14/><E67/><V6/><F6/><W63/><G63/><T46/><D46/><U113/><E113/><V99/><F99/><W101/><G91/><N who="0" m="55551" /><D106/><U69/><REACH who="1" step="1"/><E65/><REACH who="1" ten="67,404,260,259" step="2"/><V16/><F29/><W1/><G55/><T52/><D52/><U61/><E61/><V89/><F60/><W33/><G54/><T98/><D51/><U83/><E83/><V18/><F7/><W56/><G73/><T2/><D48/><U5/><E5/><V59/><F18/><W86/><G82/><T74/><D4/><U64/><E64/><V62/><F16/><W22/><G43/><T116/><D116/><U100/><E100/><V112/><F62/><RYUUKYOKU ba="2,1" sc="67,-10,404,30,260,-10,259,-10" hai1="14,19,23,36,40,44,68,69,71,90,92,104,105" /><INIT seed="1,3,1,2,2,29" ten="57,434,250,249" oya="1" hai0="123,39,59,114,14,80,112,92,70,82,52,38,35" hai1="131,5,68,135,25,20,58,53,21,36,66,61,10" hai2="103,49,2,81,62,28,107,127,101,99,87,77,12" hai3="102,128,22,84,120,97,119,57,125,83,88,26,69"/><U24/><E36/><V1/><F127/><W129/><G120/><T104/><D104/><U105/><E105/><V3/><F101/><W110/><G69/><T73/><D70/><U50/><E135/><V126/><F126/><W113/><G125/><T124/><D124/><U23/><REACH who="1" step="1"/><E131/><REACH who="1" ten="57,424,250,249" step="2"/><V109/><F109/><W47/><G110/><T31/><D39/><U130/><E130/><V43/><F1/><AGARI ba="3,2" hai="1,5,10,20,21,23,24,25,50,53,58,61,66,68" machi="1" ten="40,2000,0" yaku="1,1,53,0" doraHai="29" doraHaiUra="134" who="1" fromWho="2" sc="57,0,424,49,250,-29,249,0" /><INIT seed="1,4,0,3,2,3" ten="57,473,221,249" oya="1" hai0="77,44,68,25,63,83,23,62,61,39,95,34,11" hai1="103,21,17,80,37,93,90,122,74,55,59,26,19" hai2="0,129,116,47,28,128,108,30,58,110,72,5,107" hai3="123,7,127,125,8,36,48,131,78,10,89,114,41"/><U1/><E1/><V31/><F107/><W97/><G123/><T64/><D34/><U24/><E37/><V119/><F72/><W33/><G33/><T135/><D135/><U120/><E103/><V102/><F102/><W57/><G114/><T54/><D95/><U29/><E80/><V115/><F58/><W85/><G131/><N who="2" m="50249" /><F47/><W45/><G78/><T56/><D11/><U112/><E74/><V75/><F75/><W40/><G97/><T49/><D83/><U96/><E112/><V104/><F104/><W86/><G86/><T15/><D15/><U42/><E42/><V27/><F27/><W126/><G10/><T117/><D77/><U76/><E76/><V109/><F115/><W16/><G16/><N who="0" m="12519" /><D117/><N who="2" m="45130" /><F0/><N who="3" m="103" /><G57/><T51/><D51/><U70/><E70/><V14/><F14/><W81/><G36/><T71/><D71/><U101/><E101/><V38/><F38/><W132/><G132/><T121/><D121/><U79/><E79/><V69/><F69/><W20/><G20/><T50/><D50/><U4/><E122/><V134/><F134/><W88/><G89/><T113/><D113/><U124/><E120/><V98/><F98/><W130/><G130/><T82/><D82/><U13/><E26/><V43/><F43/><AGARI ba="4,0" hai="40,41,43,45,48,81,85,88,125,126,127" m="103" machi="43" ten="30,3900,0" yaku="18,1,52,1,54,1" doraHai="3" who="3" fromWho="2" sc="57,0,473,0,221,-51,249,51" /><AGARI ba="4,0" hai="39,43,44,49,54,56,61,62,63,64,68" m="12519" machi="43" ten="30,2000,0" yaku="24,1,54,1" doraHai="3" who="0" fromWho="2" sc="57,20,473,0,170,-20,300,0" /><INIT seed="2,0,0,2,0,15" ten="77,473,150,300" oya="2" hai0="23,4,52,96,8,19,104,68,62,30,56,78,122" hai1="61,32,109,124,130,99,54,135,70,41,111,18,128" hai2="28,108,77,17,116,94,50,3,88,48,97,98,121" hai3="60,113,6,134,44,125,59,9,123,87,79,114,67"/><V92/><F116/><W80/><G123/><T73/><D122/><U38/><E32/><V129/><F121/><W65/><G125/><T89/><D68/><U102/><E124/><V66/><F3/><W2/><G134/><T39/><D39/><U46/><E135/><V82/><F129/><N who="1" m="49769" /><E18/><V26/><F108/><N who="1" m="41545" /><E99/><V127/><F127/><W90/><G65/><T5/><D30/><U101/><E54/><V0/><F0/><W53/><G90/><T91/><D78/><U51/><E38/><V84/><F66/><AGARI ba="0,0" hai="41,46,51,61,66,70,101,102" m="41545,49769" machi="66" ten="30,2000,0" yaku="19,1,14,1" doraHai="15" who="1" fromWho="2" sc="77,0,473,20,150,-20,300,0" /><INIT seed="3,0,0,4,2,56" ten="77,493,130,300" oya="3" hai0="7,59,105,84,31,53,73,129,86,98,36,25,28" hai1="16,11,76,1,110,55,99,120,78,94,50,12,52" hai2="69,62,75,131,48,77,23,21,57,80,72,119,117" hai3="15,0,127,85,64,58,108,17,134,103,9,87,91"/><W8/><G127/><T116/><D36/><U79/><E1/><V18/><F131/><W67/><G134/><T54/><D129/><U88/><E120/><V135/><F135/><W97/><G108/><T47/><D73/><U107/><E110/><V109/><F72/><W6/><G87/><T10/><D105/><U34/><E34/><V26/><F109/><W13/><G0/><T90/><D53/><U61/><E107/><V14/><F48/><W20/><G20/><T40/><D40/><U83/><E83/><V101/><F101/><W49/><G49/><T41/><D47/><U113/><E113/><V43/><F43/><W124/><G124/><T30/><D41/><U125/><E125/><V70/><F119/><W44/><G44/><T27/><D116/><U3/><E3/><V38/><F38/><W112/><G112/><T60/><D98/><U63/><E55/><V128/><F128/><W93/><REACH who="3" step="1"/><G58/><AGARI ba="0,0" hai="11,12,16,50,52,58,61,63,76,78,79,88,94,99" machi="58" ten="40,12000,2" yaku="8,1,52,2,54,3" doraHai="56" who="1" fromWho="3" sc="77,0,493,120,130,0,300,-120" /><INIT seed="4,0,0,5,3,85" ten="77,613,130,180" oya="0" hai0="124,111,45,109,78,73,127,93,94,34,0,48,126" hai1="43,30,95,27,4,129,46,69,56,32,47,36,120" hai2="5,26,128,17,6,125,113,67,104,29,103,102,28" hai3="44,116,39,84,123,58,108,61,75,33,42,107,135"/><T74/><D0/><U87/><E69/><V86/><F113/><W22/><G116/><T38/><D38/><U117/><E120/><V7/><F128/><W114/><G108/><N who="0" m="41547" /><D34/><U63/><E129/><V40/><F125/><W62/><G33/><T80/><D48/><U72/><E117/><V66/><F40/><W3/><G3/><T106/><D45/><U82/><E72/><N who="0" m="27753" /><D106/><U71/><E71/><V118/><F118/><W2/><G2/><T97/><D97/><U11/><E95/><V49/><F49/><W121/><G75/><AGARI ba="0,0" hai="75,78,80,93,94,124,126,127" m="27753,41547" machi="75" ten="40,12000,1" yaku="18,1,10,1,34,2" doraHai="85" who="0" fromWho="3" sc="77,120,613,0,130,0,180,-120" /><INIT seed="4,1,0,2,2,122" ten="197,613,130,60" oya="0" hai0="45,103,106,118,25,48,64,80,34,40,26,112,10" hai1="58,67,57,75,92,47,20,128,51,130,60,11,105" hai2="39,86,31,81,74,84,90,12,62,72,44,0,18" hai3="53,96,30,7,50,94,36,73,99,65,123,69,108"/><T16/><D112/><U21/><E105/><V42/><F0/><W101/><G108/><T59/><D34/><U131/><E75/><V133/><F133/><W56/><G123/><T102/><D106/><U33/><E33/><V41/><F31/><W9/><G73/><T17/><D80/><U107/><E107/><V116/><F116/><W71/><G36/><T55/><D64/><U70/><E11/><V6/><F6/><W121/><G65/><T113/><D113/><U61/><E92/><V19/><F42/><W29/><G121/><T82/><D82/><U110/><E110/><V52/><F19/><N who="0" m="7242" /><D10/><U37/><E37/><V134/><F84/><W132/><G132/><T119/><D119/><U54/><E20/><V46/><F134/><W78/><G78/><T4/><D4/><U88/><E88/><V129/><F129/><W79/><G79/><T135/><D118/><U109/><E21/><V13/><F13/><W22/><G22/><T3/><D3/><U127/><E109/><V125/><F125/><W5/><G5/><T115/><D115/><U76/><E76/><V98/><F98/><W24/><G99/><T93/><D135/><U95/><E95/><V14/><F14/><N who="3" m="5439" /><G24/><N who="0" m="9323" /><D93/><U66/><REACH who="1" step="1"/><E127/><REACH who="1" ten="197,603,130,60" step="2"/><V27/><F27/><W32/><G32/><T63/><AGARI ba="1,1" hai="40,45,48,55,59,63,102,103" m="9323,7242" machi="63" ten="30,3000,0" yaku="8,1,54,1" doraHai="122" who="0" fromWho="0" sc="197,43,603,-11,130,-11,60,-11" /><INIT seed="4,2,0,2,4,70" ten="240,592,119,49" oya="0" hai0="9,106,55,22,134,31,85,48,32,114,28,100,96" hai1="54,112,116,129,38,133,66,73,42,86,125,91,82" hai2="47,61,90,135,57,97,1,14,30,24,40,104,50" hai3="88,49,131,34,68,101,119,63,117,110,108,45,27"/><T107/><D114/><U74/><E116/><N who="3" m="44618" /><G88/><T0/><D107/><U75/><E125/><V128/><F135/><W19/><G19/><T11/><D32/><U21/><E112/><V67/><F128/><W89/><G27/><T130/><D134/><U29/><E133/><V5/><F1/><W78/><G89/><T98/><D98/><U15/><E129/><V7/><F14/><W59/><G78/><T13/><D85/><U3/><E3/><V103/><REACH who="2" step="1"/><F90/><REACH who="2" ten="240,592,109,49" step="2"/><W17/><G131/><T51/><D13/><U43/><E15/><V41/><F41/><N who="3" m="24751" /><G101/><T126/><D100/><U56/><E38/><V123/><F123/><W77/><G110/><T46/><D0/><U65/><E43/><V121/><F121/><W6/><G108/><T105/><D130/><U93/><E42/><V53/><F53/><W16/><G6/><T20/><D55/><U115/><E115/><V84/><F84/><W102/><G102/><T58/><D126/><U71/><E71/><V99/><F99/><W127/><G68/><T122/><D96/><U111/><E111/><V37/><F37/><W8/><G127/><T118/><D122/><U64/><E29/><V4/><F4/><W79/><G17/><T124/><D124/><U36/><E36/><V25/><F25/><W35/><G16/><T109/><D118/><U132/><E132/><V18/><F18/><W39/><G39/><T60/><D109/><U44/><E86/><V95/><F95/><W62/><G34/><AGARI ba="2,1" hai="5,7,24,30,34,40,47,50,57,61,67,97,103,104" machi="34" ten="30,2000,0" yaku="1,1,7,1,53,0" doraHai="70" doraHaiUra="72" who="2" fromWho="3" sc="240,0,592,0,109,36,49,-26" /><INIT seed="5,0,0,1,4,58" ten="240,592,145,23" oya="1" hai0="44,116,27,23,18,89,77,105,8,5,104,73,132" hai1="76,108,45,109,0,1,94,42,11,112,20,103,128" hai2="43,123,36,96,21,113,31,9,102,115,48,40,127" hai3="33,134,99,80,49,6,121,129,106,131,46,72,87"/><U17/><E112/><N who="2" m="43083" /><F123/><W97/><G121/><T2/><D132/><U107/><E107/><V3/><F127/><W91/><G134/><T98/><D116/><U47/><E128/><N who="3" m="49226" /><G106/><T57/><D44/><U25/><E76/><V135/><F36/><W69/><G33/><T15/><D77/><U7/><E0/><V26/><F48/><W100/><G100/><T28/><D73/><U122/><E122/><V67/><F67/><W30/><G30/><T81/><D57/><U93/><E47/><V118/><F118/><W16/><G69/><T124/><D124/><U63/><E63/><V83/><F83/><W34/><G34/><N who="0" m="20767" /><D81/><U88/><E103/><V71/><F71/><W120/><G72/><T50/><D50/><U70/><E70/><V14/><F3/><W38/><G38/><T54/><D54/><U117/><E117/><V95/><F135/><W32/><G120/><T79/><D79/><U111/><REACH who="1" step="1"/><E88/><REACH who="1" ten="240,582,145,23" step="2"/><V133/><F133/><W66/><G91/><T101/><D89/><U51/><AGARI ba="0,1" hai="1,7,11,17,20,25,42,45,51,93,94,108,109,111" machi="51" ten="30,11700,0" yaku="1,1,2,1,0,1,10,1,53,0" doraHai="58" doraHaiUra="29" who="1" fromWho="1" sc="240,-39,582,127,145,-39,23,-39" owari="201,0.0,709,81.0,106,-29.0,-16,-52.0" /></mjloggm>