<mjloggm ver="2.3"><GO type="169" lobby="0"/><UN n0="%E3%82%8D%E3%82%93%EF%BC%92" n1="%67%75%73%68" n2="%E9%88%B4%E4%B8%B8" n3="%E3%81%BF%E3%81%A3%E3%81%8D%E3%83%BC" dan="17,16,17,17" rate="2190.88,2116.71,2204.47,2200.73" sx="F,M,M,M"/><TAIKYOKU oya="0"/><INIT seed="0,0,0,4,4,18" ten="250,250,250,250" oya="0" hai0="118,102,59,35,53,30,6,47,91,67,64,89,130" hai1="69,126,31,4,14,66,2,128,60,51,56,127,105" hai2="99,41,24,39,108,133,62,0,46,103,37,109,96" hai3="110,71,94,27,65,90,58,113,29,12,50,121,135"/><T115/><D115/><U74/><E74/><V79/><F0/><W22/><G113/><T87/><D118/><U70/><E105/><V9/><F133/><W119/><G119/><T85/><D130/><U8/><E128/><V25/><F9/><W104/><G104/><T49/><D102/><U33/><E2/><V84/><F62/><W111/><G135/><T32/><D6/><U52/><REACH who="1" step="1"/><E70/><REACH who="1" ten="250,240,250,250" step="2"/><V55/><F108/><W68/><G71/><T112/><D112/><U77/><E77/><V1/><F79/><W63/><G121/><T93/><D30/><U11/><E11/><V125/><F1/><W82/><G68/><T101/><D101/><U83/><E83/><V117/><F103/><W76/><G82/><T44/><D35/><U134/><E134/><V129/><F109/><W88/><G76/><T40/><D32/><U19/><E19/><V43/><F129/><W5/><G90/><T61/><REACH who="0" step="1"/><D47/><REACH who="0" ten="240,240,250,250" step="2"/><U13/><E13/><V107/><F46/><W131/><G131/><T36/><D36/><U38/><E38/><V80/><F37/><W73/><G12/><T10/><D10/><U120/><E120/><V26/><F39/><W3/><G5/><T116/><D116/><U20/><E20/><V54/><F117/><W48/><G3/><T122/><D122/><U28/><E28/><V86/><F107/><W72/><G110/><T100/><D100/><U21/><E21/><V124/><F25/><AGARI ba="0,2" hai="4,8,14,25,31,33,51,52,56,60,66,69,126,127" machi="25" ten="40,2600,0" yaku="1,1,54,1,53,0" doraHai="18" doraHaiUra="42" who="1" fromWho="2" sc="240,0,240,46,250,-26,250,0" /><INIT seed="1,0,0,0,3,70" ten="240,286,224,250" oya="1" hai0="37,10,104,62,2,33,28,112,80,110,91,36,71" hai1="17,125,32,7,57,101,20,50,45,113,74,73,126" hai2="68,123,92,29,46,24,49,1,15,107,120,129,9" hai3="132,99,100,48,84,56,127,131,4,59,96,44,86"/><U60/><E32/><V135/><F107/><W19/><G127/><N who="1" m="48650" /><E7/><V35/><F68/><W130/><G4/><N who="0" m="1303" /><D91/><U64/><E101/><V103/><F129/><N who="3" m="49163" /><G132/><T122/><D110/><U34/><E34/><V30/><F30/><W39/><G39/><N who="0" m="14923" /><D80/><U31/><E31/><V53/><F1/><W27/><G86/><T97/><D112/><U117/><E117/><V43/><F135/><W14/><G27/><N who="0" m="18591" /><D122/><U108/><E108/><V77/><F120/><W114/><G84/><T26/><D26/><N who="1" m="14607" /><E113/><V0/><F123/><W118/><G114/><T25/><D25/><U95/><E95/><V54/><F92/><N who="3" m="58375" /><G99/><T89/><D89/><U119/><E119/><V63/><F24/><W128/><G118/><T22/><D22/><U115/><E115/><V52/><F35/><W106/><G128/><T78/><D78/><U75/><E45/><V6/><F46/><W90/><G90/><T21/><D21/><U88/><E88/><V109/><F77/><W67/><G19/><T134/><D134/><U98/><E50/><V23/><F49/><W16/><G44/><T38/><N who="0" m="14931" /><T79/><DORA hai="58" /><D79/><U69/><E57/><V94/><F109/><W102/><G56/><T41/><D41/><U85/><E85/><V133/><F43/><W61/><G48/><T13/><D13/><U93/><E93/><V121/><F94/><W66/><G16/><T124/><D124/><U116/><E116/><V47/><F133/><W55/><G14/><T105/><D97/><AGARI ba="0,0" hai="60,64,69,73,74,75,97,98" m="14607,48650" machi="97" ten="40,3900,0" yaku="18,1,52,1" doraHai="70,58" who="1" fromWho="0" sc="240,-39,286,39,224,0,250,0" /><INIT seed="1,1,0,3,4,90" ten="201,325,224,250" oya="1" hai0="33,16,85,116,34,8,3,89,78,38,1,30,133" hai1="62,42,58,69,109,44,108,61,60,98,122,22,129" hai2="43,14,51,56,13,54,87,84,10,17,93,45,94" hai3="114,46,107,6,55,66,5,26,52,19,59,27,21"/><U123/><E22/><V79/><F13/><W73/><G107/><T130/><D38/><N who="1" m="21591" /><E98/><V18/><F18/><W104/><G104/><T70/><D78/><U29/><E29/><V75/><F75/><W72/><G114/><T50/><D30/><U31/><E31/><V37/><REACH who="2" step="1"/><F79/><REACH who="2" ten="201,325,214,250" step="2"/><W64/><G72/><T20/><D16/><U40/><E129/><V96/><F96/><W48/><G73/><T39/><D130/><U113/><E113/><V112/><F112/><W110/><G110/><N who="1" m="42602" /><E69/><V127/><F127/><W91/><G26/><T71/><D70/><U47/><E58/><V118/><F118/><W2/><G2/><T35/><D71/><U101/><E101/><V28/><F28/><W63/><G91/><T117/><D3/><U74/><E74/><V77/><F77/><W131/><REACH who="3" step="1"/><G131/><REACH who="3" ten="201,325,214,240" step="2"/><T132/><D1/><U115/><E115/><V100/><F100/><W0/><G0/><T88/><D88/><U120/><E120/><V65/><F65/><AGARI ba="1,2" hai="5,6,19,21,27,46,48,52,55,59,63,64,65,66" machi="65" ten="40,5200,0" yaku="1,1,8,1,54,1,53,0" doraHai="90" doraHaiUra="121" who="3" fromWho="2" sc="201,0,325,0,214,-55,240,75" /><INIT seed="2,0,0,1,4,92" ten="201,325,159,315" oya="2" hai0="25,37,125,0,131,84,82,98,3,135,54,34,50" hai1="7,90,18,49,72,129,112,32,2,128,108,42,115" hai2="113,105,118,109,12,43,46,58,15,44,59,20,9" hai3="63,85,68,1,61,106,13,114,126,88,127,81,10"/><V95/><F105/><W48/><G1/><T17/><D37/><U6/><E72/><V100/><F118/><W53/><G114/><N who="1" m="43562" /><E2/><V41/><F113/><W26/><G26/><T80/><D125/><N who="3" m="47625" /><G68/><T124/><D135/><U22/><E42/><N who="2" m="15883" /><F109/><W71/><G71/><T101/><D131/><N who="1" m="50251" /><E49/><V60/><F20/><W96/><G106/><T23/><D124/><U99/><E32/><V103/><F15/><W69/><G69/><T93/><D34/><U78/><E78/><V28/><F28/><W119/><G119/><T8/><D8/><U79/><E79/><V87/><F87/><W94/><G48/><T134/><D134/><U111/><E99/><N who="2" m="59519" /><F103/><N who="3" m="60823" /><G53/><T75/><D75/><U64/><E90/><V62/><F58/><W57/><G57/><T16/><D0/><U55/><E64/><N who="2" m="38943" /><F62/><W132/><G132/><T56/><D3/><U19/><E55/><V91/><F91/><W86/><G86/><T38/><D38/><U77/><E77/><V117/><F117/><W110/><G110/><N who="1" m="42026" /><E22/><V35/><F35/><W33/><G33/><T5/><D84/><U31/><E31/><V36/><F36/><W4/><AGARI ba="0,0" hai="4,10,13,61,63,81,85,88" m="60823,47625" machi="4" ten="30,4000,0" yaku="18,1,52,1,54,1" doraHai="92" who="3" fromWho="3" sc="201,-10,325,-10,159,-20,315,40" /><INIT seed="3,0,0,3,0,3" ten="191,315,139,355" oya="3" hai0="119,58,75,22,87,109,112,73,49,78,5,21,56" hai1="107,25,32,95,121,94,50,67,39,126,52,103,45" hai2="12,122,76,38,57,77,16,125,120,28,79,37,34" hai3="42,17,65,33,27,97,84,106,11,60,31,128,44"/><W100/><G128/><T54/><D119/><U114/><E114/><V36/><F28/><W63/><G84/><T7/><D109/><U19/><E121/><N who="2" m="46699" /><F57/><W74/><G60/><T9/><D112/><U6/><E126/><V29/><F29/><W118/><G118/><T99/><D75/><U129/><E129/><V133/><F125/><W15/><G74/><T132/><D73/><U47/><E67/><V108/><F108/><W83/><G83/><N who="0" m="47607" /><D132/><U124/><E124/><V48/><F48/><W134/><G134/><T10/><D99/><U40/><E32/><V41/><F133/><W68/><G44/><T117/><D117/><U51/><E39/><N who="2" m="9987" /><V66/><DORA hai="8" /><F66/><W59/><REACH who="3" step="1"/><G42/><REACH who="3" ten="191,315,139,345" step="2"/><T88/><D58/><AGARI ba="0,1" hai="11,15,17,27,31,33,58,59,63,65,68,97,100,106" machi="58" ten="40,18000,2" yaku="1,1,2,1,25,2,52,1,53,1" doraHai="3,8" doraHaiUra="70,96" who="3" fromWho="0" sc="191,-180,315,0,139,0,345,190" /><INIT seed="3,1,0,1,2,2" ten="11,315,139,535" oya="3" hai0="127,89,124,72,30,55,66,123,129,43,21,13,112" hai1="65,44,39,6,73,45,57,131,62,128,15,121,69" hai2="107,83,81,34,48,59,98,63,36,5,12,90,32" hai3="70,68,64,80,99,100,42,110,1,86,126,79,10"/><W33/><G33/><T58/><D123/><U46/><E73/><V84/><F36/><W76/><G42/><T105/><D72/><U93/><E93/><V52/><F81/><W114/><G114/><T8/><D105/><U60/><E15/><V18/><F5/><W130/><G64/><T19/><D129/><N who="1" m="49739" /><E6/><V94/><F63/><W17/><G130/><T7/><D112/><U29/><E29/><V118/><F107/><W88/><G1/><T101/><D101/><U28/><E28/><V26/><F26/><W38/><G10/><T113/><D113/><U4/><E4/><V115/><F118/><W119/><G17/><T3/><D66/><N who="1" m="41159" /><E121/><V49/><F49/><W47/><G38/><AGARI ba="1,0" hai="38,39,44,45,46,57,62,65" m="41159,49739" machi="38" ten="30,3900,0" yaku="19,1,34,2" doraHai="2" who="1" fromWho="3" sc="11,0,315,42,139,0,535,-42" /><INIT seed="4,0,0,3,4,102" ten="11,357,139,493" oya="0" hai0="106,120,101,11,35,89,29,126,117,55,33,34,135" hai1="65,82,73,28,97,87,46,104,105,124,81,71,8" hai2="64,111,18,58,32,127,12,26,62,113,24,48,39" hai3="99,119,36,86,54,118,96,107,70,90,84,132,1"/><T20/><D117/><U68/><E28/><V133/><F39/><W98/><G70/><T30/><D120/><U2/><E73/><V92/><F111/><W63/><G1/><T134/><D89/><U59/><E59/><V61/><F32/><N who="0" m="8194" /><T76/><DORA hai="121" /><D76/><U51/><E81/><V19/><F113/><W16/><G36/><T45/><D45/><U6/><E124/><V42/><F127/><W21/><G132/><N who="0" m="50731" /><D126/><U129/><E97/><V4/><F133/><W23/><G118/><T7/><D55/><U15/><E129/><V95/><F4/><W41/><G41/><T40/><D40/><U17/><E68/><V83/><F83/><W53/><G119/><T49/><D49/><U78/><E65/><V47/><F61/><W74/><G74/><T109/><D109/><U3/><E71/><V116/><F116/><W91/><G63/><T10/><D20/><U80/><E80/><V112/><F112/><W57/><G57/><T56/><D56/><U100/><E100/><V67/><F67/><W114/><G114/><T43/><D43/><U103/><E103/><V0/><F0/><W22/><G90/><T75/><D75/><U108/><E3/><V52/><F42/><W110/><G110/><T85/><D85/><N who="3" m="32873" /><G91/><T93/><D93/><U88/><E108/><V131/><F92/><W31/><G98/><N who="0" m="61751" /><D7/><U50/><E78/><V125/><F95/><W14/><G99/><T77/><D77/><U79/><E79/><V66/><F125/><W38/><G38/><T69/><D69/><U94/><E94/><V122/><F122/><W128/><G21/><RYUUKYOKU ba="0,0" sc="11,30,357,-10,139,-10,493,-10" hai0="10,11,29,30" /><INIT seed="4,1,0,3,4,135" ten="41,347,129,483" oya="0" hai0="128,4,14,92,106,13,112,81,62,2,127,67,73" hai1="0,49,125,12,86,10,129,71,120,121,55,130,117" hai2="34,114,101,26,20,38,88,46,104,33,9,110,109" hai3="29,6,134,124,19,78,119,3,133,16,64,89,47"/><T60/><D112/><U42/><E117/><V95/><F114/><W97/><G119/><T8/><D106/><U100/><E0/><V113/><F113/><W56/><G29/><T1/><D128/><N who="1" m="49259" /><E71/><V5/><F101/><W30/><G30/><T54/><D127/><U99/><E42/><V32/><F104/><W107/><G78/><T115/><D115/><U80/><E125/><V7/><F46/><W131/><G6/><T111/><D111/><U21/><E21/><V122/><F38/><W70/><G3/><T93/><D54/><U105/><E49/><V15/><F5/><W77/><G70/><T108/><D108/><U50/><E50/><V59/><F59/><W24/><G124/><T103/><D2/><U69/><E55/><V65/><F65/><W28/><G77/><T83/><D73/><U66/><E66/><V123/><F109/><W48/><G56/><T53/><D53/><U72/><E72/><V90/><F110/><W74/><G74/><T87/><D62/><U58/><E58/><V11/><F11/><W57/><G57/><N who="0" m="37263" /><D103/><U96/><E96/><V126/><F126/><W68/><G64/><T25/><D25/><U61/><E61/><V76/><F76/><W102/><G68/><T27/><D27/><U79/><E69/><V23/><F26/><W84/><G131/><T94/><D87/><U75/><E75/><V82/><F122/><W35/><G133/><T22/><D1/><U17/><AGARI ba="1,0" hai="10,12,17,79,80,86,99,100,105,120,121" m="49259" machi="17" ten="30,1100,0" yaku="19,1" doraHai="135" who="1" fromWho="1" sc="41,-6,347,14,129,-4,483,-4" /><INIT seed="5,0,0,5,1,32" ten="35,361,125,479" oya="1" hai0="1,11,79,89,75,133,29,64,10,56,57,107,28" hai1="48,97,86,117,98,44,58,96,54,8,95,14,7" hai2="36,41,31,93,68,62,118,119,63,61,17,60,45" hai3="106,30,125,116,9,84,134,21,82,3,24,40,78"/><U27/><E117/><N who="2" m="44555" /><F31/><W122/><G125/><T50/><D107/><U72/><E72/><V37/><F17/><W128/><G134/><T39/><D133/><U51/><E27/><V19/><F19/><W26/><G116/><T74/><D50/><U113/><E113/><V55/><F93/><W46/><G128/><T87/><D64/><U15/><E15/><V70/><F36/><W101/><G122/><T105/><D39/><U47/><E51/><V71/><N who="2" m="15360" /><DORA hai="34" /><V135/><F135/><W4/><G26/><T108/><D87/><U73/><E73/><V65/><F55/><W43/><G106/><T124/><D105/><U53/><E54/><V100/><F100/><W94/><G101/><T20/><D20/><U111/><E111/><V2/><F2/><W12/><G94/><T59/><D108/><U126/><E126/><V88/><F88/><AGARI ba="0,0" hai="7,8,14,44,47,48,53,58,86,88,95,96,97,98" machi="88" ten="40,3900,0" yaku="8,1,54,1" doraHai="32,34" who="1" fromWho="2" sc="35,0,361,39,125,-39,479,0" /><INIT seed="5,1,0,1,4,130" ten="35,400,86,479" oya="1" hai0="76,19,98,14,99,77,100,129,118,23,69,44,71" hai1="117,43,9,48,56,115,15,67,68,35,90,73,128" hai2="86,75,25,80,36,17,22,10,55,133,29,40,127" hai3="94,8,120,65,105,34,5,81,113,87,63,38,101"/><U62/><E117/><V11/><F75/><W72/><G34/><T45/><D118/><U3/><E128/><V7/><F127/><W122/><G38/><T57/><D129/><U83/><E35/><V21/><F133/><W74/><G105/><T2/><D2/><U85/><E115/><V13/><F55/><W66/><G66/><T54/><D71/><U131/><E131/><V6/><F36/><W26/><G113/><T61/><D69/><U135/><E73/><V33/><F40/><W110/><G26/><T107/><D99/><U53/><E3/><N who="2" m="351" /><F86/><W88/><G110/><T51/><REACH who="0" step="1"/><D45/><REACH who="0" ten="25,400,86,479" step="2"/><U89/><E68/><V123/><F80/><W79/><G81/><T108/><D108/><U82/><E82/><V49/><F123/><W91/><G120/><T12/><D12/><U39/><E15/><N who="2" m="5631" /><F49/><W70/><G122/><T28/><D28/><U97/><E48/><V31/><F31/><W64/><G70/><T52/><AGARI ba="1,1" hai="14,19,23,44,51,52,54,57,61,76,77,98,100,107" machi="52" ten="20,5200,0" yaku="1,1,0,1,7,1,54,1,53,0" doraHai="130" doraHaiUra="27" who="0" fromWho="0" sc="25,65,400,-27,86,-14,479,-14" /><INIT seed="6,0,0,0,2,39" ten="90,373,72,465" oya="2" hai0="48,69,49,28,2,111,65,59,23,113,8,128,38" hai1="121,115,57,40,37,107,53,126,123,70,31,73,0" hai2="119,24,80,92,85,27,116,32,61,98,125,25,64" hai3="52,4,42,96,102,82,10,7,106,6,5,86,3"/><V35/><F125/><W13/><G42/><T68/><D111/><U99/><E99/><V91/><F119/><W108/><G108/><T95/><D23/><U14/><E57/><V90/><REACH who="2" step="1"/><F116/><REACH who="2" ten="90,373,62,465" step="2"/><W122/><G122/><T129/><D129/><U105/><E126/><V131/><F131/><W130/><G130/><T22/><D128/><U110/><E110/><V78/><F78/><W118/><G118/><T79/><D79/><U33/><E121/><V117/><F117/><W101/><G3/><T30/><D2/><U127/><E123/><V58/><AGARI ba="0,1" hai="24,25,27,32,35,58,61,64,80,85,90,91,92,98" machi="58" ten="30,3000,0" yaku="1,1,0,1,53,0" doraHai="39" doraHaiUra="100" who="2" fromWho="2" sc="90,-10,373,-10,62,40,465,-10" /><INIT seed="6,1,0,5,1,46" ten="80,363,102,455" oya="2" hai0="30,48,6,112,23,9,117,45,41,130,55,106,75" hai1="25,121,92,107,20,14,127,36,7,1,120,69,13" hai2="84,81,65,54,79,8,51,126,77,71,97,44,85" hai3="110,86,28,37,22,111,52,35,101,34,2,125,133"/><V15/><F126/><W109/><G2/><T94/><D106/><U4/><E107/><V12/><F97/><W124/><G37/><T67/><D112/><U11/><E36/><V21/><F71/><W115/><G115/><T131/><D75/><U78/><E78/><V27/><F65/><W3/><G3/><T59/><D117/><U64/><E92/><V29/><F8/><W132/><G101/><T63/><D94/><U129/><E64/><V105/><F105/><W43/><G52/><N who="0" m="29711" /><D67/><U119/><E69/><V113/><F113/><W40/><G86/><T74/><D41/><N who="3" m="15945" /><G22/><T116/><D74/><U80/><E80/><AGARI ba="1,0" hai="12,15,21,27,29,44,51,54,77,79,80,81,84,85" machi="80" ten="40,7700,0" yaku="9,1,8,1,52,1" doraHai="46" who="2" fromWho="1" sc="80,0,363,-80,102,80,455,0" /><INIT seed="6,2,0,3,1,77" ten="80,283,182,455" oya="2" hai0="133,135,94,3,113,131,116,31,39,56,59,46,106" hai1="89,79,10,51,134,126,66,81,128,36,74,115,122" hai2="16,27,102,71,32,68,13,109,40,101,61,95,14" hai3="132,118,129,88,125,90,124,8,120,47,87,35,96"/><V11/><F109/><W19/><G118/><T60/><D106/><U53/><E115/><V72/><F72/><W121/><G35/><T57/><D3/><U41/><E126/><N who="3" m="48746" /><G132/><N who="0" m="50763" /><D31/><U111/><E111/><V49/><F68/><W117/><G129/><T70/><D94/><U112/><E112/><V55/><F40/><W99/><G47/><T30/><D30/><U67/><E128/><V26/><F32/><W85/><G19/><T15/><D15/><U1/><E134/><V105/><F105/><W50/><G50/><T62/><D113/><U63/><E89/><N who="3" m="34410" /><G8/><T76/><D76/><U29/><E29/><V52/><F71/><W108/><G117/><T123/><D123/><N who="3" m="47177" /><G108/><T107/><D107/><U103/><E103/><N who="2" m="39435" /><F13/><W48/><G48/><T110/><D131/><U5/><E63/><N who="0" m="24105" /><D110/><U24/><E122/><V18/><F18/><W25/><G25/><T21/><D21/><U98/><E24/><V127/><F127/><W2/><G2/><T34/><D34/><U45/><E98/><AGARI ba="2,0" hai="85,87,96,98,99" m="47177,34410,48746" machi="98" ten="40,12000,2" yaku="28,2,18,1,34,2,54,1" doraHai="77" who="3" fromWho="1" sc="80,0,283,-126,182,0,455,126" /><INIT seed="7,0,0,4,3,48" ten="80,157,182,581" oya="3" hai0="80,33,114,10,128,45,35,36,17,2,24,55,22" hai1="133,104,30,102,81,79,1,125,119,56,82,74,120" hai2="130,54,83,34,37,99,8,85,93,63,103,106,15" hai3="105,57,75,71,72,20,124,51,29,46,7,53,112"/><W25/><G71/><T38/><D128/><U44/><E120/><V122/><F130/><W134/><G112/><T88/><D114/><U91/><E125/><V9/><F34/><W123/><G123/><T68/><D68/><U116/><E1/><V100/><F37/><W27/><G124/><T127/><D127/><U19/><E133/><V61/><F122/><W108/><G105/><T67/><D67/><U52/><E30/><V101/><F106/><W40/><G134/><T47/><D35/><U4/><E4/><N who="2" m="3463" /><F9/><W73/><G7/><T11/><D33/><U5/><E5/><V64/><F54/><W113/><G113/><T62/><D2/><U126/><E126/><V87/><F87/><W0/><G0/><T50/><D38/><U92/><E81/><V95/><F64/><W117/><G117/><N who="1" m="45130" /><E19/><V65/><F65/><W70/><G70/><T21/><D21/><U49/><E104/><V115/><F115/><W26/><REACH who="3" step="1"/><G108/><REACH who="3" ten="80,157,182,571" step="2"/><T12/><D62/><AGARI ba="0,1" hai="20,25,26,27,29,40,46,51,53,57,62,72,73,75" machi="62" ten="40,12000,1" yaku="1,1,2,1,52,1,53,1" doraHai="48" doraHaiUra="18" who="3" fromWho="0" sc="80,-120,157,0,182,0,571,130" owari="-40,-54.0,157,-24.0,182,-2.0,701,80.0" /></mjloggm>