<mjloggm ver="2.3"><GO type="169" lobby="0"/><UN n0="%E5%A4%A9%E7%A5%9E%E9%B3%B3%E4%BD%8D" n1="%E3%81%82%E3%81%BE%E3%81%BF%EF%BD%9E" n2="%E3%81%8A%E3%81%8D%E3%81%9F%E3%81%8B%E3%81%B2%E3%82%8D" n3="%E7%A7%81%E3%81%8C%E4%B8%89%E9%87%8D%E3%81%A0" dan="16,17,16,17" rate="2096.92,2114.37,2057.10,2165.51" sx="M,M,F,F"/><TAIKYOKU oya="0"/><INIT seed="0,0,0,5,2,22" ten="250,250,250,250" oya="0" hai0="71,28,12,75,106,97,21,95,109,15,104,34,65" hai1="63,69,33,98,112,49,103,70,96,40,37,10,56" hai2="87,102,17,14,113,53,108,86,2,90,3,84,57" hai3="116,78,50,130,61,89,18,59,122,35,94,39,24"/><T99/><D75/><U114/><E33/><V42/><F113/><N who="1" m="43625" /><E37/><V68/><F108/><W115/><G39/><T135/><D135/><U80/><E98/><V82/><F68/><W60/><G116/><T41/><D41/><U129/><E129/><V127/><F42/><W30/><G130/><T48/><D109/><U111/><E111/><V1/><F102/><W43/><G122/><T8/><D48/><U51/><E10/><V117/><F127/><W54/><G115/><T85/><D34/><U128/><E128/><V5/><F5/><W93/><G43/><T119/><D85/><U46/><E80/><V64/><F64/><W92/><G78/><T19/><D119/><U132/><E51/><V6/><F6/><W20/><REACH who="3" step="1"/><G89/><REACH who="3" ten="250,250,250,240" step="2"/><T88/><D99/><U81/><E132/><V126/><F117/><W73/><G73/><T74/><D74/><U44/><E40/><V11/><REACH who="2" step="1"/><F126/><REACH who="2" ten="250,250,240,240" step="2"/><W110/><G110/><T58/><D71/><U47/><E69/><V25/><F25/><AGARI ba="0,2" hai="18,20,24,25,30,35,50,54,59,60,61,92,93,94" machi="25" ten="40,5200,0" yaku="1,1,52,2,53,0" doraHai="22" doraHaiUra="32" who="3" fromWho="2" sc="250,0,250,0,240,-52,240,72" /><INIT seed="1,0,0,4,3,61" ten="250,250,188,312" oya="1" hai0="19,21,45,37,107,5,46,55,92,125,84,133,9" hai1="56,88,17,103,73,26,14,120,69,40,59,121,34" hai2="93,129,91,64,109,104,78,1,115,118,33,132,124" hai3="7,39,67,96,65,41,75,70,22,54,97,47,81"/><U101/><E73/><V0/><F78/><W105/><G96/><T50/><D107/><U119/><E119/><V44/><F44/><W20/><G20/><T12/><D133/><U4/><E69/><V6/><F91/><W43/><G22/><T128/><D128/><U117/><E117/><V116/><F93/><W111/><G111/><T94/><D125/><U3/><E40/><V29/><F29/><W13/><G43/><T99/><D37/><U123/><E3/><V77/><F77/><W8/><G70/><T10/><D10/><U113/><E113/><V135/><F64/><W42/><G42/><T114/><D114/><U110/><E110/><V80/><F80/><W112/><G112/><T63/><D63/><U16/><E4/><V52/><F6/><W108/><G108/><T86/><D45/><U76/><E76/><V85/><F52/><W79/><REACH who="3" step="1"/><G54/><REACH who="3" ten="250,250,188,302" step="2"/><T60/><D99/><U126/><E126/><V122/><F124/><W32/><G32/><T131/><D131/><U71/><E71/><V51/><F33/><W30/><G30/><T74/><D21/><N who="1" m="13615" /><E34/><V23/><F23/><W28/><G28/><T49/><D55/><U58/><E88/><V11/><F115/><W35/><G35/><T62/><D9/><N who="1" m="6223" /><E103/><AGARI ba="0,1" hai="7,8,13,39,41,47,65,67,75,79,81,97,103,105" machi="103" ten="40,8000,1" yaku="1,1,52,2,53,1" doraHai="61" doraHaiUra="98" who="3" fromWho="1" sc="250,0,250,-80,188,0,302,90" /><INIT seed="2,0,0,5,0,6" ten="250,170,188,392" oya="2" hai0="61,64,92,31,82,134,76,104,135,107,19,129,81" hai1="118,4,106,69,22,79,14,43,24,44,120,115,45" hai2="3,97,9,114,11,83,110,27,127,131,51,66,87" hai3="100,74,78,117,48,111,126,7,65,59,95,62,25"/><V38/><F38/><W18/><G117/><T17/><D31/><U89/><E115/><V41/><F114/><W119/><G119/><T96/><D61/><U77/><E69/><V116/><F116/><W13/><G111/><T33/><D64/><U15/><E106/><N who="0" m="40489" /><D33/><U71/><E71/><V30/><F110/><W75/><G126/><T128/><D17/><U103/><E103/><V47/><F127/><W88/><G100/><N who="0" m="60423" /><D19/><U29/><E120/><V55/><F97/><W46/><G78/><N who="1" m="29706" /><E118/><V26/><F131/><N who="0" m="50250" /><D81/><U90/><E15/><V101/><F3/><W20/><G7/><T37/><D37/><U28/><E28/><V99/><F66/><W23/><G23/><T52/><D52/><U53/><E53/><V84/><F83/><W94/><G94/><T70/><D70/><U8/><E43/><V63/><F41/><W121/><G25/><N who="2" m="9225" /><F63/><W32/><G32/><T85/><AGARI ba="0,0" hai="76,82,85,134,135" m="50250,60423,40489" machi="85" ten="40,5200,0" yaku="19,1,34,2" doraHai="6" who="0" fromWho="0" sc="250,52,170,-13,188,-26,392,-13" /><INIT seed="3,0,0,3,4,132" ten="302,157,162,379" oya="3" hai0="61,47,62,94,11,98,59,64,40,114,45,5,84" hai1="120,8,65,66,46,33,74,89,4,130,9,27,18" hai2="79,63,119,7,26,55,106,90,32,111,19,78,42" hai3="76,38,103,31,117,53,13,12,72,87,43,118,68"/><W115/><G115/><T96/><D114/><U127/><E120/><V99/><F111/><W67/><G72/><T37/><D47/><U121/><E121/><V92/><F106/><W112/><G112/><T69/><D84/><U100/><E74/><V57/><F119/><W0/><G0/><T22/><D22/><U6/><E100/><V104/><F104/><W51/><G103/><T52/><REACH who="0" step="1"/><D94/><REACH who="0" ten="292,157,162,379" step="2"/><U17/><E46/><V126/><F92/><W29/><G118/><T49/><D49/><U71/><E33/><V129/><F32/><W113/><G117/><T122/><D122/><U81/><E81/><V73/><F73/><W16/><G113/><T75/><D75/><U41/><E41/><V30/><F42/><W54/><G38/><T15/><AGARI ba="0,1" hai="5,11,15,37,40,45,52,59,61,62,64,69,96,98" machi="15" ten="20,12000,2" yaku="1,1,0,1,7,1,54,1,53,2" doraHai="132" doraHaiUra="93" who="0" fromWho="0" sc="292,130,157,-30,162,-30,379,-60" /><INIT seed="4,0,0,2,2,78" ten="422,127,132,319" oya="0" hai0="34,134,38,83,19,102,119,12,97,53,113,49,124" hai1="77,95,101,90,51,120,122,114,44,33,31,107,6" hai2="116,125,109,131,88,79,70,74,24,65,30,18,16" hai3="111,129,2,58,63,0,54,135,3,64,10,17,105"/><T22/><D119/><U115/><E33/><V123/><F123/><W117/><G117/><T28/><D38/><U132/><E31/><V71/><F116/><W5/><G111/><T91/><D113/><N who="1" m="43019" /><E6/><V87/><F109/><W20/><G105/><T89/><D134/><U55/><E132/><V133/><F133/><W4/><G135/><T23/><D124/><U42/><E107/><V80/><F125/><W27/><G129/><T84/><D34/><U59/><E101/><V67/><F131/><W47/><G5/><T112/><D112/><U93/><E77/><V52/><F67/><W126/><G126/><T82/><D28/><U110/><E110/><V121/><F121/><N who="1" m="46697" /><E90/><V25/><F65/><W46/><G46/><N who="0" m="27831" /><D102/><U127/><E127/><V7/><F7/><W39/><G39/><AGARI ba="0,0" hai="39,42,44,51,55,59,93,95" m="46697,43019" machi="39" ten="30,2000,0" yaku="15,1,11,1" doraHai="78" who="1" fromWho="3" sc="422,0,127,20,132,0,319,-20" /><INIT seed="5,0,0,2,1,131" ten="422,147,132,299" oya="1" hai0="128,64,111,38,71,31,40,49,101,107,94,86,69" hai1="48,47,12,54,17,45,100,14,122,4,0,75,59" hai2="52,41,68,15,72,89,26,97,103,6,5,60,29" hai3="18,117,110,129,96,132,7,55,114,105,34,99,106"/><U134/><E122/><V95/><F72/><W44/><G110/><T82/><D111/><U126/><E75/><V66/><F41/><W91/><G34/><T85/><D107/><N who="3" m="40969" /><G18/><T10/><D128/><U33/><E33/><V25/><F103/><W112/><G7/><T80/><D38/><U115/><E0/><V36/><F36/><W28/><G28/><T39/><D39/><U43/><E4/><V116/><F116/><W118/><G44/><T123/><D31/><U133/><E100/><V37/><F37/><W93/><G55/><T2/><D64/><U81/><E81/><V98/><F98/><N who="3" m="37419" /><G129/><T119/><D49/><U63/><E115/><N who="3" m="44074" /><G132/><N who="1" m="50794" /><E47/><V135/><F135/><W77/><G77/><T76/><D76/><U61/><E61/><V109/><F60/><W84/><AGARI ba="0,0" hai="84,91,93,117,118" m="44074,37419,40969" machi="84" ten="40,5200,0" yaku="15,1,34,2" doraHai="131" who="3" fromWho="3" sc="422,-13,147,-26,132,-13,299,52" /><INIT seed="6,0,0,0,2,90" ten="409,121,119,351" oya="2" hai0="7,77,65,58,70,55,22,112,33,52,99,72,50" hai1="31,49,118,19,6,111,11,44,1,56,73,123,104" hai2="105,116,110,43,121,27,3,101,45,32,9,37,93" hai3="61,102,89,97,85,10,20,83,24,16,133,41,127"/><V86/><F116/><W106/><G127/><T38/><D33/><U94/><E111/><V40/><F121/><W4/><G133/><T2/><D112/><U62/><E104/><V17/><F110/><W74/><G41/><T107/><D38/><U125/><E118/><V78/><F105/><W30/><G61/><T71/><D65/><U131/><E73/><V36/><F3/><W122/><G122/><T34/><D34/><U15/><E131/><V25/><F32/><W12/><REACH who="3" step="1"/><G74/><REACH who="3" ten="409,121,119,341" step="2"/><T124/><D72/><U5/><E125/><V96/><F43/><W51/><G51/><T103/><D50/><U0/><E123/><V113/><F37/><W134/><G134/><T128/><D124/><U42/><E62/><V126/><F126/><W108/><G108/><T29/><D128/><U114/><E49/><V80/><F113/><W35/><G35/><T120/><D120/><U87/><E114/><V129/><F129/><W46/><G46/><T92/><D58/><U60/><E44/><V57/><F57/><W81/><G81/><T75/><D71/><U63/><E42/><V88/><REACH who="2" step="1"/><F78/><REACH who="2" ten="409,121,109,341" step="2"/><W67/><G67/><T82/><D70/><U39/><E39/><V28/><F28/><AGARI ba="0,2" hai="4,10,12,16,20,24,28,30,83,85,89,97,102,106" machi="28" ten="40,2600,0" yaku="1,1,54,1,53,0" doraHai="90" doraHaiUra="59" who="3" fromWho="2" sc="409,0,121,0,109,-26,341,46" /><INIT seed="7,0,0,5,4,126" ten="409,121,83,387" oya="3" hai0="2,38,36,124,22,60,43,27,72,129,41,68,14" hai1="67,87,17,15,110,13,37,89,82,49,85,95,28" hai2="6,83,122,26,46,130,90,119,19,101,20,93,121" hai3="3,74,132,35,9,102,106,105,33,50,125,21,70"/><W58/><G125/><T34/><D72/><U16/><E37/><V62/><F119/><W25/><G70/><T109/><D109/><U116/><E110/><V23/><F101/><W51/><G74/><T79/><D2/><U55/><E116/><V71/><F46/><W31/><G132/><T61/><D34/><U111/><E28/><V53/><F83/><W120/><G120/><N who="2" m="46185" /><F6/><W100/><G3/><T98/><D129/><U128/><E128/><V39/><F39/><W75/><G75/><T96/><D14/><N who="1" m="5131" /><E67/><N who="2" m="41463" /><F53/><W115/><G115/><T114/><D43/><U131/><E131/><V64/><F64/><W10/><G58/><T104/><D68/><U113/><E113/><V59/><F130/><W52/><G21/><T7/><D22/><U54/><E54/><V69/><F69/><W92/><G92/><T108/><D108/><U94/><E94/><V8/><F59/><W11/><G35/><T1/><D38/><U45/><E111/><V118/><F118/><W127/><G127/><T29/><D124/><U84/><E82/><V32/><F8/><W66/><G66/><T0/><D114/><U123/><E123/><V80/><F80/><W57/><REACH who="3" step="1"/><G51/><REACH who="3" ten="409,121,83,377" step="2"/><T76/><D0/><U65/><E65/><V77/><F32/><W117/><G117/><T135/><D135/><U78/><E49/><V4/><F23/><W97/><G97/><N who="0" m="37483" /><D36/><U86/><E95/><V24/><F93/><W81/><G81/><T30/><D104/><AGARI ba="0,1" hai="9,10,11,25,31,33,50,52,57,100,102,104,105,106" machi="104" ten="40,3900,0" yaku="1,1,54,1,53,0" doraHai="126" doraHaiUra="63" who="3" fromWho="0" sc="409,-39,121,0,83,0,377,49" owari="370,17.0,121,-28.0,83,-42.0,426,53.0" /></mjloggm>