<mjloggm ver="2.3"><GO type="169" lobby="0"/><UN n0="%E3%81%8A%E3%81%84%E3%81%AE%E3%82%8A" n1="%E3%81%BF%E3%81%88%E3%83%8D%E3%82%B3" n2="%E3%83%AB%E3%83%AB%E5%8F%82%E4%B8%8A" n3="%59%61%6E%67%6E%75%6D" dan="16,16,17,16" rate="2127.53,2107.10,2165.56,2177.85" sx="M,M,F,M"/><TAIKYOKU oya="0"/><INIT seed="0,0,0,1,2,118" ten="250,250,250,250" oya="0" hai0="45,46,109,48,129,24,131,13,7,21,47,135,50" hai1="75,12,134,15,65,122,80,18,86,128,25,124,41" hai2="106,52,2,68,132,76,32,9,79,98,133,33,127" hai3="101,85,0,6,27,73,56,31,69,112,115,49,110"/><T67/><D135/><N who="2" m="51786" /><F68/><W96/><G110/><T54/><D109/><U92/><E134/><V99/><F127/><W119/><G73/><T70/><D7/><U117/><E117/><V87/><F2/><W97/><G69/><T59/><D13/><U91/><E124/><V66/><F66/><W94/><G119/><T19/><REACH who="0" step="1"/><D48/><REACH who="0" ten="240,250,250,250" step="2"/><U57/><E128/><V42/><F9/><W113/><G6/><T4/><D4/><U3/><E3/><V11/><F11/><W35/><G0/><T64/><D64/><U107/><E65/><V43/><F32/><W61/><G49/><T95/><D95/><U60/><E92/><V111/><F33/><W34/><G34/><T104/><D104/><U89/><E107/><V10/><F10/><W5/><G5/><T72/><D72/><U16/><E75/><V82/><F106/><W37/><G94/><T121/><D121/><U74/><E122/><V28/><F111/><W108/><G35/><T51/><D51/><U8/><E74/><V93/><F93/><W116/><G108/><T125/><D125/><U84/><E25/><V120/><F120/><W14/><G14/><T88/><D88/><U44/><E15/><V102/><F79/><W22/><G27/><T38/><D38/><N who="1" m="21559" /><E12/><V1/><F1/><W71/><G37/><T77/><D77/><U39/><E39/><V130/><F76/><W58/><G116/><T53/><D53/><N who="1" m="33839" /><E8/><V81/><F130/><W62/><G101/><T63/><AGARI ba="0,1" hai="19,21,24,45,46,47,50,54,59,63,67,70,129,131" machi="63" ten="30,3000,0" yaku="1,1,0,1,53,0" doraHai="118" doraHaiUra="114" who="0" fromWho="0" sc="240,40,250,-10,250,-10,250,-10" /><INIT seed="0,1,0,5,0,109" ten="280,240,240,240" oya="0" hai0="36,105,120,121,135,70,124,108,25,122,49,45,110" hai1="16,130,99,69,4,53,64,100,86,33,94,79,75" hai2="30,111,95,132,115,51,117,71,66,81,46,93,98" hai3="107,2,127,44,47,38,59,61,60,20,125,119,114"/><T11/><D105/><U9/><E33/><V123/><F123/><W26/><G107/><T50/><D25/><U128/><E75/><V54/><F111/><N who="0" m="42538" /><D11/><U24/><E69/><V23/><F132/><W19/><G2/><T87/><D87/><U106/><E64/><V113/><F117/><W18/><G119/><T37/><D135/><U88/><E53/><V8/><F71/><W21/><G38/><N who="0" m="14955" /><D124/><U77/><E24/><V84/><F66/><W41/><G26/><T72/><D72/><U80/><E16/><V27/><F8/><W57/><G41/><N who="0" m="24751" /><D50/><U34/><E34/><V126/><F126/><W92/><G92/><T118/><D70/><U48/><E48/><V82/><F93/><W62/><G62/><T85/><D85/><U78/><E106/><V0/><F0/><W83/><G83/><T39/><D39/><U76/><E76/><V42/><F82/><W29/><G29/><T116/><AGARI ba="1,0" hai="116,118,120,121,122" m="24751,14955,42538" machi="116" ten="40,12000,1" yaku="14,1,10,1,34,2" doraHai="109" who="0" fromWho="0" sc="280,123,240,-41,240,-41,240,-41" /><INIT seed="0,2,0,1,5,67" ten="403,199,199,199" oya="0" hai0="46,105,107,43,129,57,31,44,32,60,85,124,62" hai1="10,92,15,42,11,79,3,78,75,21,94,82,13" hai2="106,76,115,112,68,70,50,27,52,8,86,132,45" hai3="127,108,99,56,24,1,121,33,7,114,2,29,26"/><T128/><D31/><U22/><E42/><V35/><F106/><N who="0" m="40458" /><D85/><U18/><E3/><V110/><F8/><W113/><G121/><T87/><D87/><U126/><E126/><V17/><F110/><W47/><G108/><T122/><D122/><U117/><E117/><V25/><F25/><W103/><G127/><T89/><D89/><U88/><E79/><V36/><F36/><W77/><G77/><T73/><D73/><U54/><E54/><V134/><F86/><W40/><G56/><T131/><D124/><U20/><REACH who="1" step="1"/><E88/><REACH who="1" ten="403,189,199,199" step="2"/><V34/><F76/><W38/><G2/><T58/><D43/><U118/><E118/><V125/><F125/><W41/><G40/><T16/><D44/><U120/><E120/><V135/><F112/><W51/><G114/><T9/><D46/><U123/><E123/><V111/><F115/><W100/><G113/><T14/><D32/><N who="2" m="12330" /><F111/><W6/><G1/><T116/><D116/><U48/><E48/><V53/><F53/><W98/><G38/><T55/><D58/><U59/><E59/><V0/><F0/><W19/><G51/><AGARI ba="2,1" hai="9,14,16,51,55,57,60,62,128,129,131" m="40458" machi="51" ten="40,3900,0" yaku="19,1,54,1" doraHai="67" who="0" fromWho="3" sc="403,55,189,0,199,0,199,-45" /><INIT seed="0,3,0,2,3,105" ten="458,189,199,154" oya="0" hai0="128,10,68,43,28,109,123,70,62,18,104,98,134" hai1="47,12,63,111,46,2,27,74,33,54,127,42,118" hai2="112,126,58,20,37,99,106,60,88,67,22,30,9" hai3="44,64,115,5,92,80,45,6,34,4,119,133,90"/><T93/><D123/><U29/><E118/><V89/><F112/><W61/><G115/><T91/><D128/><U94/><E2/><V21/><F37/><W101/><G133/><T15/><D134/><U73/><E127/><V131/><F131/><W76/><G34/><T0/><D0/><U81/><E111/><V14/><F126/><W16/><G101/><T75/><D75/><U97/><E81/><V8/><F30/><W25/><G119/><T69/><D109/><U35/><E35/><V51/><F106/><W24/><G24/><T31/><D43/><U7/><E63/><V49/><F9/><W108/><G108/><T32/><D32/><U39/><E54/><V3/><F3/><W125/><G125/><T95/><D104/><U72/><E47/><V113/><F113/><W56/><G16/><T82/><D82/><U59/><E59/><V53/><F99/><W83/><G25/><T19/><D62/><U107/><E107/><V52/><F53/><W26/><G26/><T86/><REACH who="0" step="1"/><D19/><REACH who="0" ten="448,189,199,154" step="2"/><U78/><E78/><V102/><F67/><W87/><REACH who="3" step="1"/><G83/><REACH who="3" ten="448,189,199,144" step="2"/><T85/><D85/><AGARI ba="3,2" hai="4,5,6,44,45,56,61,64,76,80,85,87,90,92" machi="85" ten="40,8000,1" yaku="1,1,2,1,8,1,53,1" doraHai="105" doraHaiUra="84" who="3" fromWho="0" sc="448,-89,189,0,199,0,144,109" /><INIT seed="1,0,0,2,2,99" ten="359,189,199,253" oya="1" hai0="6,83,2,129,87,7,88,29,89,115,128,55,102" hai1="125,92,111,24,49,51,81,45,53,69,77,84,91" hai2="131,126,82,58,16,0,118,17,22,5,134,56,135" hai3="13,120,113,27,61,23,14,60,101,121,44,94,108"/><U90/><E125/><V79/><F118/><W97/><G108/><T50/><D115/><U123/><E123/><V105/><F126/><W106/><G113/><T31/><D89/><U42/><E111/><V32/><F32/><W20/><G106/><T110/><D110/><U36/><E69/><V9/><F105/><W73/><G73/><T33/><D33/><U35/><E36/><V41/><F41/><W132/><G132/><N who="2" m="50729" /><F131/><N who="0" m="50250" /><D102/><U127/><E127/><V15/><F17/><W72/><G72/><AGARI ba="0,0" hai="0,5,9,15,16,22,56,58,72,79,82" m="50729" machi="72" ten="30,2000,0" yaku="20,1,54,1" doraHai="99" who="2" fromWho="3" sc="359,0,189,0,199,20,253,-20" /><INIT seed="2,0,0,1,2,46" ten="359,189,219,233" oya="2" hai0="8,39,69,97,127,96,99,73,22,115,80,112,67" hai1="27,106,33,11,93,126,14,37,125,42,72,133,43" hai2="68,32,52,119,98,17,12,113,28,38,90,2,49" hai3="87,82,111,45,47,105,91,129,108,134,31,70,23"/><V103/><F113/><N who="0" m="43594" /><D39/><U100/><E106/><V44/><F119/><W30/><G70/><T61/><D22/><U5/><E72/><V84/><F2/><W51/><G105/><T83/><D8/><U66/><E133/><V62/><F38/><W101/><G134/><T50/><D50/><U21/><E33/><V128/><F128/><W36/><G129/><T29/><D29/><U71/><E37/><V41/><F32/><W57/><G36/><T121/><D121/><U9/><E66/><V64/><F28/><W56/><G31/><T6/><D6/><U4/><E71/><V107/><F41/><W16/><G45/><T20/><D20/><U116/><E116/><V122/><F122/><W40/><G30/><T81/><D69/><U104/><E104/><V85/><F90/><W63/><G101/><T54/><D54/><U15/><E21/><AGARI ba="0,0" hai="12,17,21,44,49,52,62,64,68,84,85,98,103,107" machi="21" ten="30,5800,0" yaku="7,1,52,1,54,1" doraHai="46" who="2" fromWho="1" sc="359,0,189,-58,219,58,233,0" /><INIT seed="2,1,0,1,0,69" ten="359,131,277,233" oya="2" hai0="28,11,3,98,26,84,94,45,68,78,56,39,63" hai1="95,121,8,10,46,37,6,114,120,13,89,31,54" hai2="21,109,117,135,7,92,115,105,0,59,35,57,96" hai3="119,72,42,126,62,97,67,44,47,9,76,91,40"/><V108/><F35/><W1/><G119/><T90/><D68/><U52/><E114/><V107/><F115/><W36/><G126/><T93/><D3/><U80/><E80/><V85/><F117/><W25/><G25/><T22/><D11/><U43/><E31/><V24/><F135/><W118/><G118/><T128/><D128/><U5/><E121/><V48/><F7/><W87/><G72/><T53/><D78/><U51/><E51/><V19/><F0/><W73/><G73/><T23/><D23/><U111/><E111/><N who="2" m="42571" /><F85/><W18/><G97/><T38/><REACH who="0" step="1"/><D45/><REACH who="0" ten="349,131,277,233" step="2"/><U127/><E127/><V106/><F48/><W122/><G76/><T33/><D33/><U100/><E120/><V134/><F134/><W50/><G122/><T131/><D131/><U112/><E112/><V32/><F32/><W113/><G113/><T41/><D41/><U74/><E74/><V30/><F30/><W82/><G1/><T75/><D75/><U58/><E58/><V14/><F24/><W129/><G129/><T61/><D61/><U110/><E110/><V27/><F27/><W15/><G44/><T2/><D2/><U132/><E132/><V101/><AGARI ba="1,1" hai="14,19,21,57,59,92,96,101,105,106,107" m="42571" machi="101" ten="40,3900,0" yaku="14,1,10,1" doraHai="69" who="2" fromWho="2" sc="349,-14,131,-14,277,52,233,-14" /><INIT seed="2,2,0,0,2,80" ten="335,117,329,219" oya="2" hai0="67,34,117,130,95,0,93,35,21,54,102,81,131" hai1="98,72,20,50,60,105,65,78,2,25,96,7,4" hai2="79,86,77,89,44,41,6,100,56,66,114,11,120" hai3="49,61,91,134,16,104,29,83,17,62,37,38,71"/><V85/><F114/><W115/><G104/><T15/><D0/><U107/><E50/><V127/><F120/><W87/><G29/><T113/><D113/><U119/><E119/><V90/><F100/><W99/><G115/><T69/><D69/><U30/><E72/><V112/><F112/><W128/><G38/><T103/><D67/><U123/><E123/><V28/><F28/><W57/><G37/><T32/><D54/><U110/><E110/><V74/><F74/><W19/><G128/><N who="0" m="49195" /><D117/><U122/><E122/><V109/><F109/><W92/><G134/><T132/><D132/><U129/><E129/><V124/><F66/><W101/><G71/><T31/><D81/><U55/><E55/><AGARI ba="2,0" hai="16,17,19,49,55,57,61,62,83,87,91,92,99,101" machi="55" ten="40,5200,0" yaku="8,1,52,1,54,1" doraHai="80" who="3" fromWho="1" sc="335,0,117,-58,329,0,219,58" /><INIT seed="3,0,0,4,0,22" ten="335,59,329,277" oya="3" hai0="93,96,38,90,55,84,92,17,39,124,18,47,108" hai1="31,9,117,115,95,114,50,72,58,63,113,100,46" hai2="45,76,24,87,1,14,35,109,133,0,128,119,112" hai3="73,15,122,88,20,16,118,11,127,26,67,71,70"/><W97/><G118/><T56/><D108/><U59/><E117/><V111/><F45/><W42/><G122/><T103/><D124/><U12/><E72/><V65/><F119/><W60/><G73/><T68/><D68/><U5/><E31/><N who="2" m="19943" /><F65/><W105/><G127/><T78/><D78/><U121/><E121/><V82/><F112/><W41/><G71/><T98/><D47/><U129/><E129/><V107/><F107/><W49/><G49/><T51/><D18/><U33/><E33/><V74/><F128/><W61/><G61/><T7/><D7/><U99/><REACH who="1" step="1"/><E63/><REACH who="1" ten="335,49,329,277" step="2"/><V10/><F74/><W89/><G41/><AGARI ba="0,1" hai="5,9,12,41,46,50,58,59,95,99,100,113,114,115" machi="41" ten="40,2600,0" yaku="1,1,2,1,53,0" doraHai="22" doraHaiUra="81" who="1" fromWho="3" sc="335,0,49,36,329,0,277,-26" /><INIT seed="4,0,0,5,5,88" ten="335,85,329,251" oya="0" hai0="127,46,80,53,100,42,30,14,101,117,9,25,108" hai1="124,133,83,55,34,115,75,70,121,33,16,27,22" hai2="111,6,103,51,67,18,78,40,41,28,36,48,44" hai3="94,39,21,93,135,90,120,107,58,52,86,11,66"/><T35/><D117/><U1/><E121/><V69/><F111/><W54/><G107/><T72/><D108/><U61/><E1/><V0/><F28/><W17/><G39/><T126/><D53/><U63/><E124/><V62/><F78/><W49/><G135/><T29/><D29/><U12/><E133/><V4/><F0/><W132/><G132/><T123/><D123/><U64/><E115/><V95/><F18/><W112/><G112/><T37/><D80/><U43/><E43/><V7/><REACH who="2" step="1"/><F41/><REACH who="2" ten="335,85,319,251" step="2"/><W73/><G120/><T118/><D72/><U71/><E55/><V79/><F79/><W10/><G73/><T98/><D118/><U105/><E75/><V68/><F68/><W122/><G122/><T87/><D127/><U125/><E125/><V56/><F56/><W45/><G66/><T74/><D126/><U110/><E110/><V81/><F81/><W129/><G129/><T130/><D74/><U31/><E83/><V57/><F57/><W38/><G38/><T26/><D130/><U119/><E119/><V82/><F82/><W99/><G54/><T23/><D42/><U97/><E71/><V134/><F134/><W8/><G58/><T96/><D37/><U20/><REACH who="1" step="1"/><E63/><REACH who="1" ten="335,75,319,251" step="2"/><V91/><F91/><W116/><G116/><T5/><D101/><AGARI ba="0,2" hai="12,16,20,22,27,31,33,34,61,64,70,97,101,105" machi="101" ten="40,5200,0" yaku="1,1,2,1,54,1,53,0" doraHai="88" doraHaiUra="32" who="1" fromWho="0" sc="335,-52,75,72,319,0,251,0" /><INIT seed="5,0,0,4,4,62" ten="283,147,319,251" oya="1" hai0="120,66,93,50,115,72,21,61,54,0,47,88,30" hai1="12,87,128,117,58,53,82,45,135,124,74,127,110" hai2="42,11,26,122,22,95,52,80,51,75,7,123,56" hai3="99,28,107,101,71,59,94,17,73,100,129,41,114"/><U67/><E117/><V13/><F42/><W103/><G71/><T84/><D72/><U91/><E110/><V23/><F23/><W63/><G73/><T25/><D0/><U119/><E119/><V57/><F95/><W85/><G114/><T90/><D90/><U29/><E128/><V1/><F1/><W15/><G129/><T35/><D115/><U31/><E135/><V131/><F131/><W126/><G126/><N who="1" m="48170" /><E74/><V130/><F130/><W133/><G133/><T121/><REACH who="0" step="1"/><D35/><REACH who="0" ten="273,147,319,251" step="2"/><U2/><E2/><V9/><F122/><W36/><G101/><T102/><D102/><U27/><E12/><V37/><F123/><W105/><G103/><T113/><D113/><U6/><E27/><V40/><F26/><W34/><G100/><T43/><D43/><U60/><E6/><V77/><F40/><W81/><G41/><T32/><D32/><U65/><E45/><V92/><F13/><W39/><G15/><T19/><D19/><U118/><E118/><V8/><F7/><W96/><G17/><T89/><D89/><U111/><E111/><V86/><F37/><W69/><G34/><T76/><D76/><U83/><E83/><V112/><F112/><W33/><G81/><T79/><D79/><U14/><E14/><V125/><F125/><W24/><G39/><T5/><D5/><U48/><E48/><V18/><F75/><W4/><G36/><T108/><D108/><U134/><E134/><V97/><F51/><W78/><G24/><T16/><D16/><U98/><E98/><N who="3" m="37418" /><G4/><T109/><D109/><U46/><E46/><V106/><F97/><RYUUKYOKU ba="0,1" sc="273,15,147,15,319,-15,251,-15" hai0="21,25,30,47,50,54,61,66,84,88,93,120,121" hai1="29,31,53,58,60,65,67,82,87,91" /><INIT seed="5,1,1,2,4,113" ten="288,162,304,236" oya="1" hai0="35,124,131,8,75,71,38,20,16,70,100,34,68" hai1="101,91,132,129,10,59,85,22,42,79,130,39,57" hai2="15,36,46,25,2,5,4,51,103,134,104,33,116" hai3="119,31,11,1,89,111,74,3,47,115,7,6,128"/><U105/><E132/><V63/><F2/><W49/><G111/><T108/><D75/><U26/><E79/><V90/><F134/><W48/><G115/><T76/><D108/><U64/><E10/><V95/><F36/><W114/><G114/><T44/><D76/><U118/><E118/><V109/><F104/><W43/><G128/><N who="1" m="49258" /><E105/><V77/><F103/><W21/><G119/><T28/><D131/><U99/><E64/><V67/><F77/><W60/><G74/><T52/><D100/><U69/><E69/><V126/><F15/><W17/><G31/><T87/><D124/><U65/><E65/><V23/><F33/><W92/><G60/><T94/><D38/><U82/><E42/><V54/><F126/><W102/><G102/><T120/><D8/><U106/><E39/><V81/><F81/><W41/><G6/><T112/><D112/><U13/><E13/><V24/><F24/><W93/><G3/><T29/><D120/><U19/><AGARI ba="1,1" hai="19,22,26,57,59,82,85,91,99,101,106" m="49258" machi="19" ten="30,1500,0" yaku="19,1" doraHai="113" who="1" fromWho="1" sc="288,-6,162,28,304,-6,236,-6" /><INIT seed="5,2,0,0,4,52" ten="282,190,298,230" oya="1" hai0="50,135,39,62,128,51,87,43,85,11,116,24,59" hai1="15,94,92,80,79,67,112,0,57,123,2,46,30" hai2="13,20,120,37,134,73,121,1,97,91,122,103,90" hai3="107,114,66,70,6,101,131,45,8,17,125,7,105"/><U33/><E123/><V14/><F37/><W29/><G114/><T119/><D24/><U106/><E106/><V35/><F35/><W98/><G131/><T126/><D11/><U9/><E112/><V18/><F1/><W109/><G125/><T64/><D87/><U83/><E46/><V26/><F73/><W111/><G107/><T99/><D85/><U82/><E79/><V19/><F134/><W88/><G7/><T21/><D21/><U113/><E113/><V86/><F86/><W65/><G17/><T89/><D89/><U58/><E33/><V129/><F129/><W132/><G88/><T127/><D99/><U77/><E77/><V31/><F31/><W12/><G132/><T110/><D110/><U41/><E41/><V44/><F44/><W27/><G45/><N who="0" m="23807" /><D135/><U74/><E74/><V130/><F26/><W115/><G115/><T124/><D128/><U38/><E38/><V25/><F25/><W61/><REACH who="3" step="1"/><G65/><REACH who="3" ten="282,190,298,220" step="2"/><T72/><D72/><U93/><E67/><V28/><F130/><W54/><G54/><T36/><D36/><U53/><E30/><V76/><F28/><W32/><AGARI ba="2,1" hai="6,8,12,27,29,32,61,66,70,98,101,105,109,111" machi="32" ten="20,8000,1" yaku="1,1,0,1,7,1,25,2,53,0" doraHai="52" doraHaiUra="42" who="3" fromWho="3" sc="282,-22,190,-42,298,-22,220,96" /><INIT seed="6,0,0,0,3,57" ten="260,148,276,316" oya="2" hai0="13,87,94,4,47,131,134,77,98,64,20,78,114" hai1="7,38,112,122,6,92,93,0,121,133,84,2,45" hai2="22,99,26,43,100,89,95,58,82,51,108,60,97" hai3="42,17,115,12,18,35,69,31,48,41,8,66,75"/><V96/><F108/><W59/><G75/><T107/><D114/><U11/><E112/><V83/><F43/><W123/><G123/><T73/><D134/><U116/><E133/><V128/><F51/><W39/><G115/><T16/><D131/><U28/><E28/><V81/><F128/><W50/><G69/><T135/><D135/><U40/><E116/><V24/><F24/><W65/><G39/><T30/><D73/><U113/><E113/><V110/><F110/><W33/><G31/><T15/><D107/><U117/><E117/><V19/><REACH who="2" step="1"/><F100/><REACH who="2" ten="260,148,266,316" step="2"/><W105/><G48/><T9/><D47/><U63/><E122/><V14/><F14/><W46/><G42/><T36/><D36/><U90/><E121/><V49/><F49/><W62/><G105/><T132/><D132/><U5/><E2/><V91/><F91/><W21/><G65/><AGARI ba="0,1" hai="19,22,26,58,60,65,81,82,83,89,95,96,97,99" machi="65" ten="40,12000,1" yaku="1,1,8,1,52,1,53,1" doraHai="57" doraHaiUra="86" who="2" fromWho="3" sc="260,0,148,0,266,130,316,-120" /><INIT seed="6,1,0,0,0,78" ten="260,148,396,196" oya="2" hai0="21,46,100,16,114,0,76,79,68,30,8,89,6" hai1="84,132,41,9,29,73,115,22,90,69,83,53,81" hai2="40,97,17,66,56,121,50,106,62,27,51,45,38" hai3="122,59,98,12,32,31,86,14,85,1,74,58,48"/><V13/><F121/><W120/><G1/><T3/><D68/><U7/><E132/><V108/><F108/><W125/><G74/><T87/><D114/><U109/><E109/><V105/><F27/><W135/><G32/><T107/><D3/><U18/><E115/><V63/><F105/><W25/><G31/><T54/><D30/><U65/><E29/><V39/><F39/><W72/><G72/><T71/><D71/><U67/><E41/><V20/><F106/><W110/><G110/><T43/><D54/><U28/><E28/><V116/><F116/><W61/><G98/><T2/><D2/><U42/><E42/><V113/><F97/><W101/><G25/><T95/><D100/><U112/><E112/><V88/><F113/><W77/><G77/><T55/><D55/><U130/><E130/><V123/><F123/><W127/><G48/><T133/><D133/><U11/><E53/><V117/><F117/><W104/><G104/><T57/><D57/><U103/><E103/><V60/><F38/><W124/><G101/><T111/><D111/><U70/><E70/><V128/><F128/><W64/><G135/><T10/><D8/><N who="1" m="3147" /><E7/><V52/><F88/><W15/><G59/><AGARI ba="1,0" hai="13,17,20,40,45,50,51,52,56,59,60,62,63,66" machi="59" ten="30,5800,0" yaku="7,1,8,1,54,1" doraHai="78" who="2" fromWho="3" sc="260,0,148,0,396,61,196,-61" /><INIT seed="6,2,0,1,4,62" ten="260,148,457,135" oya="2" hai0="114,27,107,127,74,118,16,49,56,44,6,70,15" hai1="55,104,42,94,90,35,68,134,126,135,110,51,103" hai2="28,72,38,2,79,43,131,61,26,101,39,32,57" hai3="117,78,63,71,99,40,111,20,34,96,97,1,91"/><V19/><F2/><W53/><G111/><T29/><D70/><U133/><E110/><V50/><F101/><W8/><G117/><T21/><D107/><U4/><E35/><V113/><F113/><W85/><G34/><T83/><D114/><U125/><E42/><V77/><F77/><W130/><G130/><T69/><D69/><U65/><E4/><V95/><F95/><W58/><G71/><T12/><D127/><U18/><E18/><V124/><F131/><W98/><G40/><T17/><D118/><U76/><E76/><V88/><F79/><W48/><G78/><T7/><D83/><U60/><E103/><V10/><F72/><W82/><N who="3" m="24576" /><DORA hai="86" /><W116/><G116/><T22/><D56/><N who="1" m="32895" /><E104/><V33/><F33/><W89/><G1/><T14/><D74/><U119/><E119/><V52/><F124/><W81/><G8/><T25/><D29/><U80/><E94/><V75/><F75/><W9/><G9/><T36/><REACH who="0" step="1"/><D36/><REACH who="0" ten="250,148,457,135" step="2"/><U41/><E80/><N who="3" m="30826" /><G85/><T115/><D115/><U122/><E126/><V67/><F39/><W100/><G100/><T23/><D23/><U93/><E125/><V66/><F38/><W108/><G108/><T121/><D121/><U128/><E122/><V54/><F57/><N who="3" m="32935" /><G20/><T3/><D3/><U132/><E132/><V45/><F32/><W73/><G73/><T120/><D120/><U109/><E109/><V92/><F92/><W129/><G129/><T64/><D64/><AGARI ba="2,1" hai="58,63,64,89,91" m="32935,30826,24576" machi="64" ten="40,8000,1" yaku="8,1,52,3" doraHai="62,86" who="3" fromWho="0" sc="250,-86,148,0,457,0,135,96" /><INIT seed="7,0,0,2,0,65" ten="164,148,457,231" oya="3" hai0="44,81,40,29,20,128,80,82,47,25,119,41,109" hai1="112,59,32,69,63,51,104,77,106,102,18,27,10" hai2="123,38,73,100,85,46,3,9,39,83,131,61,52" hai3="4,117,23,134,129,42,16,49,113,125,62,89,48"/><W13/><G113/><T78/><D109/><U34/><E112/><V50/><F73/><W74/><G129/><T118/><D128/><U21/><E77/><V97/><F131/><W2/><G134/><T17/><D118/><U45/><E10/><V91/><F123/><W68/><G125/><T84/><D119/><U103/><E103/><V14/><F3/><W101/><G74/><T35/><D44/><U98/><E106/><V94/><F61/><W133/><G133/><T19/><D40/><U64/><E59/><V79/><F79/><W43/><G101/><T96/><D96/><U66/><E66/><V22/><F22/><W72/><G72/><T36/><REACH who="0" step="1"/><D19/><AGARI ba="0,0" hai="9,14,19,38,39,46,50,52,83,85,91,94,97,100" machi="19" ten="30,7700,0" yaku="7,1,25,2,54,1" doraHai="65" who="2" fromWho="0" sc="164,-77,148,0,457,77,231,0" owari="87,-41.0,148,-25.0,534,63.0,231,3.0" /></mjloggm>