<mjloggm ver="2.3"><GO type="225" lobby="0"/><UN n0="%E9%81%85%E5%88%BB%E3%81%AE%E3%83%97%E3%83%AA%E3%83%B3%E3%82%B9%E2%99%AA" n1="%E3%81%93%E3%81%84%E3%82%8F%E3%81%84%E3%82%88%E3%81%A4%E3%81%B0" n2="%79%6A%69%72%6F" n3="%E3%82%8D%E3%82%93%EF%BC%92" dan="16,18,17,17" rate="2126.90,2227.63,2212.98,2184.82" sx="F,M,M,F"/><TAIKYOKU oya="0"/><INIT seed="0,0,0,4,5,70" ten="250,250,250,250" oya="0" hai0="104,94,88,16,8,2,56,105,102,49,52,100,51" hai1="109,21,54,47,135,12,39,129,14,44,116,128,34" hai2="29,111,22,127,38,121,123,36,41,10,45,62,103" hai3="0,67,113,78,15,106,96,87,46,84,98,42,97"/><T107/><D49/><U48/><E34/><V7/><F111/><W114/><G0/><T59/><D56/><U27/><E116/><V133/><F133/><W108/><G106/><T112/><D112/><U11/><E109/><V83/><F127/><W73/><G108/><T132/><D132/><U23/><E135/><V77/><F103/><W61/><G73/><T131/><D131/><N who="1" m="50251" /><E23/><V13/><F38/><W65/><G15/><N who="1" m="5674" /><E11/><V66/><F29/><W130/><G130/><T4/><REACH who="0" step="1"/><D16/><REACH who="0" ten="240,250,250,250" step="2"/><N who="1" m="12711" /><E47/><V50/><F121/><W19/><G19/><T75/><D75/><U1/><E1/><V89/><F123/><W6/><G114/><T40/><D40/><U17/><E17/><V30/><F45/><W118/><G113/><T95/><D95/><U26/><E26/><V92/><F41/><W81/><G42/><T85/><AGARI ba="0,1" hai="2,4,8,51,52,59,85,88,94,100,102,104,105,107" machi="85" ten="30,11700,0" yaku="1,1,0,1,54,2,53,0" doraHai="70" doraHaiUra="120" who="0" fromWho="0" sc="240,127,250,-39,250,-39,250,-39" /><INIT seed="0,1,0,0,1,79" ten="367,211,211,211" oya="0" hai0="104,35,109,13,3,103,135,124,43,123,111,119,113" hai1="20,65,39,19,53,129,68,0,16,96,83,62,42" hai2="46,100,71,77,12,93,97,133,80,50,56,28,90" hai3="33,47,57,110,67,8,7,45,132,18,98,81,91"/><T112/><D43/><U121/><E121/><V72/><F71/><W126/><G33/><T70/><D13/><U125/><E0/><V114/><F114/><W74/><G110/><T89/><D89/><U134/><E134/><V88/><F133/><W38/><G132/><T17/><D17/><U102/><E129/><V69/><F69/><W82/><G126/><T1/><D103/><U59/><E125/><V130/><F130/><W118/><G118/><T2/><D2/><U5/><E5/><V115/><F115/><W49/><G18/><T108/><D111/><U86/><E20/><V29/><F56/><W76/><G38/><T52/><D52/><U94/><E42/><V64/><F64/><W10/><G10/><T85/><D85/><U66/><E39/><V30/><REACH who="2" step="1"/><F12/><REACH who="2" ten="367,211,201,211" step="2"/><W9/><G67/><N who="1" m="25610" /><E68/><V34/><F34/><W78/><G57/><T31/><D113/><U11/><E11/><V105/><F105/><W58/><G58/><T117/><D104/><U127/><E127/><V55/><AGARI ba="1,1" hai="28,29,30,46,50,55,72,77,80,88,90,93,97,100" machi="55" ten="30,7900,0" yaku="1,1,0,1,52,1,54,1,53,0" doraHai="79" doraHaiUra="6" who="2" fromWho="2" sc="367,-40,211,-21,201,92,211,-21" /><INIT seed="1,0,0,5,5,43" ten="327,190,293,190" oya="1" hai0="128,94,56,83,131,14,9,111,70,33,107,93,64" hai1="89,79,71,86,96,46,19,67,54,123,41,44,81" hai2="106,36,61,63,65,23,37,62,115,31,45,82,57" hai3="98,68,130,121,77,10,102,74,132,7,125,100,18"/><U114/><E114/><V127/><F106/><W88/><G68/><T95/><D107/><U12/><E123/><V25/><F115/><W48/><G121/><T4/><D33/><U92/><E41/><V113/><F113/><W91/><G125/><T1/><D111/><U75/><E75/><V119/><F119/><W26/><G132/><T101/><D70/><U85/><E54/><V24/><F127/><W6/><G130/><N who="0" m="49707" /><D83/><N who="1" m="47359" /><E67/><V51/><F82/><W16/><G77/><T20/><D101/><N who="3" m="39017" /><G74/><T30/><D30/><U27/><E27/><V13/><F13/><N who="3" m="7223" /><G48/><T32/><D32/><U49/><E49/><V129/><F129/><W34/><G34/><T17/><D95/><U21/><E71/><V72/><F72/><W11/><G98/><T8/><D8/><U38/><E38/><V76/><F76/><AGARI ba="0,0" hai="12,19,21,44,46,76,81,86,89,92,96" m="47359" machi="76" ten="30,5800,0" yaku="8,1,52,2" doraHai="43" who="1" fromWho="2" sc="327,0,190,58,293,-58,190,0" /><INIT seed="1,1,0,1,0,70" ten="327,248,235,190" oya="1" hai0="59,119,85,114,22,45,87,109,36,123,41,21,78" hai1="81,72,131,14,35,19,88,107,76,117,15,66,94" hai2="18,118,77,101,105,27,73,57,89,127,20,48,130" hai3="50,91,3,34,8,55,79,125,110,64,82,129,103"/><U102/><E117/><V132/><F118/><W83/><G110/><T68/><D119/><U60/><E35/><V134/><F130/><W29/><G129/><T63/><D114/><U84/><E131/><V40/><F127/><W128/><G125/><T39/><D68/><U6/><E6/><V69/><F69/><W115/><G128/><T11/><D109/><U71/><E19/><V120/><F120/><W49/><G115/><T96/><D39/><U61/><E61/><V133/><F89/><W58/><G64/><T31/><D123/><U25/><E25/><V7/><F7/><W90/><G103/><T106/><D11/><U135/><E135/><V10/><F10/><W4/><G83/><T2/><D2/><U12/><E12/><V32/><F32/><W54/><G29/><T98/><D106/><U100/><E100/><V112/><F112/><W9/><G9/><T42/><D42/><U124/><E124/><V43/><F77/><W13/><G3/><T53/><D78/><U75/><E75/><V80/><F80/><W99/><G99/><AGARI ba="1,0" hai="14,15,60,66,71,72,76,81,84,88,94,99,102,107" machi="99" ten="40,7700,0" yaku="24,2,54,1" doraHai="70" who="1" fromWho="3" sc="327,0,248,80,235,0,190,-80" /><INIT seed="1,2,0,4,0,103" ten="327,328,235,110" oya="1" hai0="47,124,15,120,45,28,97,6,76,43,19,21,116" hai1="24,127,93,133,88,89,83,80,54,31,122,49,125" hai2="117,129,74,86,130,65,53,64,81,33,50,112,72" hai3="32,123,22,56,7,29,126,62,2,82,58,39,100"/><U25/><E122/><V90/><F33/><W11/><G123/><T18/><D120/><U37/><E37/><V84/><F117/><W13/><G126/><N who="1" m="48138" /><E133/><V135/><F112/><W95/><G82/><N who="1" m="31274" /><E93/><V41/><F41/><W96/><G39/><T17/><D116/><U10/><E10/><V119/><F86/><W35/><G58/><T1/><D124/><U27/><E31/><V108/><F108/><W61/><G61/><T71/><D71/><U0/><E0/><V105/><F135/><W5/><G5/><T34/><D76/><U52/><E54/><V87/><F87/><W79/><G79/><T77/><D77/><U118/><E118/><V104/><F119/><W134/><G134/><T23/><D97/><U68/><E68/><V66/><F74/><W102/><G100/><T3/><D3/><U55/><E55/><V132/><F72/><W67/><REACH who="3" step="1"/><G2/><REACH who="3" ten="327,328,235,100" step="2"/><T85/><D1/><U63/><E63/><V94/><F81/><W40/><G40/><T111/><D43/><U131/><E131/><N who="2" m="50187" /><F132/><W99/><G99/><T114/><D6/><U38/><E38/><V98/><F98/><W73/><G73/><T4/><D4/><U107/><E49/><V30/><F30/><W59/><G59/><AGARI ba="2,1" hai="50,53,59,64,65,66,84,90,94,104,105" m="50187" machi="59" ten="30,3900,0" yaku="19,1,52,2" doraHai="103" who="2" fromWho="3" sc="327,0,328,0,235,55,100,-45" /><INIT seed="2,0,0,1,2,32" ten="327,328,290,55" oya="2" hai0="113,131,60,23,123,107,55,74,14,114,121,85,11" hai1="68,125,0,73,109,77,18,95,80,120,59,72,22" hai2="133,101,57,38,58,128,115,50,103,92,87,81,8" hai3="88,118,12,64,65,47,70,26,126,7,44,29,4"/><V6/><F115/><W45/><G118/><T63/><D74/><U16/><E68/><V96/><F38/><W104/><G126/><T31/><D107/><U83/><E109/><V19/><F133/><W71/><G104/><T134/><D134/><U99/><E125/><V79/><F128/><W61/><G12/><T94/><D131/><U111/><E111/><V42/><F101/><W91/><G26/><T43/><D43/><U25/><E120/><V41/><F19/><W119/><G29/><T46/><D123/><U2/><E59/><V36/><F36/><W54/><G54/><T21/><D121/><U100/><E18/><V20/><F20/><N who="0" m="7754" /><D31/><U51/><E51/><V67/><F67/><W27/><G27/><T135/><D135/><U13/><E25/><V10/><F10/><W15/><G119/><T78/><D114/><U66/><E66/><N who="3" m="25706" /><G15/><T35/><D35/><U102/><E102/><V105/><F105/><W76/><G76/><AGARI ba="0,0" hai="0,2,13,16,22,72,73,76,77,80,83,95,99,100" machi="76" ten="40,8000,1" yaku="9,1,52,2,54,1" doraHai="32" who="1" fromWho="3" sc="327,0,328,80,290,0,55,-80" owari="327,13.0,408,51.0,290,-11.0,-25,-53.0" /></mjloggm>