<mjloggm ver="2.3"><GO type="169" lobby="0"/><UN n0="%E3%82%B5%E3%83%96%E3%82%A2%E3%83%A9%E3%83%89" n1="%74%61%63%6F%73" n2="%E3%81%BF%E3%81%8B%E3%82%82%E3%82%81" n3="%74%6E%66%73%68%32%30%34" dan="16,17,17,17" rate="2051.49,2135.26,2202.67,2142.65" sx="M,F,M,M"/><TAIKYOKU oya="0"/><INIT seed="0,0,0,0,2,50" ten="250,250,250,250" oya="0" hai0="104,107,63,66,45,132,92,81,98,36,19,80,124" hai1="0,15,8,49,40,51,65,109,115,90,10,13,102" hai2="24,122,71,34,48,5,105,117,75,16,103,101,84" hai3="79,118,1,100,106,82,87,127,47,57,93,128,70"/><T27/><D124/><U120/><E120/><V37/><F37/><W116/><G70/><T39/><D132/><U76/><E109/><V28/><F75/><W26/><G1/><T20/><D39/><U119/><E119/><V43/><F122/><W21/><G127/><T97/><D97/><U3/><E76/><V133/><F71/><W108/><G108/><T29/><D107/><U125/><E125/><V56/><F5/><W126/><G126/><T130/><D104/><U89/><E102/><V94/><F105/><W59/><G106/><T112/><D112/><U23/><E23/><V83/><F133/><W96/><G128/><T25/><D130/><U68/><E68/><V4/><F4/><W35/><G35/><T52/><D36/><U7/><E7/><V86/><F94/><W60/><G59/><N who="0" m="35303" /><D45/><U67/><REACH who="1" step="1"/><E40/><REACH who="1" ten="250,240,250,250" step="2"/><V14/><F103/><W12/><G118/><T58/><D27/><U121/><E121/><V22/><F101/><W77/><G116/><T91/><D29/><U134/><E134/><V18/><F28/><W72/><G26/><T54/><D66/><U53/><E53/><V113/><F24/><W55/><G55/><T17/><D17/><U95/><E95/><V38/><F18/><W78/><G93/><T2/><D2/><U74/><E74/><V114/><F16/><W135/><G72/><T123/><D123/><U129/><E129/><V61/><F117/><W99/><G135/><T85/><D85/><U131/><E131/><V62/><F86/><W42/><G87/><T64/><D64/><U9/><E9/><V44/><F84/><RYUUKYOKU ba="0,1" sc="250,15,240,15,250,-15,250,-15" hai0="19,20,25,54,58,80,81,91,92,98" hai1="0,3,8,10,13,15,49,51,65,67,89,90,115" /><INIT seed="0,1,1,0,3,5" ten="265,255,235,235" oya="0" hai0="39,45,53,70,19,122,79,125,42,40,48,88,30" hai1="20,118,84,43,85,106,33,105,18,119,71,35,108" hai2="37,103,98,10,75,96,4,49,60,57,15,26,68" hai3="94,64,72,124,25,54,117,56,104,83,8,127,52"/><T50/><D122/><U111/><E43/><V59/><F37/><W114/><G117/><N who="1" m="44554" /><E20/><V31/><F75/><W97/><G104/><N who="1" m="40042" /><E18/><V93/><F98/><W3/><G25/><T28/><D125/><N who="3" m="48201" /><G114/><T128/><D128/><U63/><E63/><V78/><F78/><N who="3" m="44487" /><G64/><T14/><D79/><U95/><E95/><V47/><F68/><W12/><G3/><T92/><D70/><U34/><E71/><V69/><F69/><W120/><G120/><T80/><D80/><U32/><N who="1" m="8192" /><DORA hai="115" /><U90/><E90/><V38/><F38/><W51/><G51/><T24/><D39/><U61/><E61/><V123/><F123/><W17/><G56/><N who="0" m="32807" /><D24/><U87/><AGARI ba="1,1" hai="84,85,87,108,111" m="8192,40042,44554" machi="87" ten="70,8000,1" yaku="28,2,52,3" doraHai="5,115" who="1" fromWho="1" sc="265,-41,255,93,235,-21,235,-21" /><INIT seed="1,0,0,0,5,68" ten="224,348,214,214" oya="1" hai0="52,125,45,0,22,114,109,120,63,133,48,75,46" hai1="105,13,80,25,67,51,121,58,104,82,27,81,66" hai2="54,30,19,70,12,90,113,108,37,20,88,71,56" hai3="132,6,53,83,84,4,18,134,119,16,17,39,103"/><U106/><E121/><V93/><F108/><W111/><G111/><T130/><D109/><U98/><E13/><V21/><F113/><W31/><G31/><T135/><D0/><U2/><E2/><V95/><F37/><W92/><G39/><T3/><D3/><U38/><E38/><V11/><F71/><W9/><G119/><T99/><D75/><U127/><E98/><N who="2" m="57639" /><F70/><W29/><G29/><T96/><D114/><U60/><E127/><V24/><F21/><W32/><G32/><T61/><D120/><U15/><E15/><V123/><F123/><W101/><G53/><T128/><D22/><U43/><REACH who="1" step="1"/><E67/><REACH who="1" ten="224,338,214,214" step="2"/><V28/><F12/><W73/><G9/><T1/><D1/><U36/><E36/><V116/><F11/><W50/><G4/><T122/><D122/><U97/><E97/><N who="2" m="57591" /><F116/><W118/><G6/><T77/><D125/><U69/><E69/><V86/><F86/><W131/><G118/><T64/><D64/><U89/><E89/><V94/><F94/><W14/><G92/><T5/><D5/><U91/><E91/><V49/><AGARI ba="0,1" hai="19,20,24,28,30,49,54,56" m="57591,57639" machi="49" ten="30,2000,0" yaku="8,1,54,1" doraHai="68" who="2" fromWho="2" sc="224,-5,338,-10,214,30,214,-5" /><INIT seed="2,0,0,0,3,18" ten="219,328,244,209" oya="2" hai0="71,55,40,13,36,99,53,88,1,111,38,21,27" hai1="22,76,51,3,54,45,133,32,134,46,35,108,57" hai2="6,117,77,29,102,124,74,113,37,10,15,114,64" hai3="129,73,28,127,115,65,93,59,81,41,87,75,9"/><V91/><F117/><W83/><G127/><T94/><D1/><U58/><E3/><V85/><F37/><W17/><G129/><T101/><D111/><U56/><E108/><V122/><F122/><W97/><G41/><T126/><D126/><U33/><E76/><V112/><F124/><W104/><G104/><T60/><D13/><U119/><E119/><V67/><F102/><W131/><G131/><T105/><D38/><U90/><E90/><V116/><F116/><W107/><G107/><T44/><D60/><U47/><REACH who="1" step="1"/><E22/><REACH who="1" ten="219,318,244,209" step="2"/><V106/><F77/><W82/><G75/><T110/><D110/><U128/><E128/><V121/><F74/><W24/><G73/><T2/><D2/><U11/><E11/><V39/><F91/><W16/><G115/><T72/><D72/><U100/><E100/><V5/><F10/><W80/><G9/><T95/><D105/><U132/><AGARI ba="0,1" hai="32,33,35,45,46,47,51,54,56,57,58,132,133,134" machi="132" ten="50,8000,1" yaku="1,1,0,1,29,2,20,1,53,0" doraHai="18" doraHaiUra="118" who="1" fromWho="1" sc="219,-20,318,90,244,-40,209,-20" /><INIT seed="3,0,0,5,2,14" ten="199,408,204,189" oya="3" hai0="87,121,98,124,55,38,57,125,24,114,0,99,91" hai1="109,31,35,127,52,135,30,2,113,23,7,54,117" hai2="103,45,133,111,61,49,50,134,64,65,90,110,58" hai3="130,68,115,76,29,8,72,66,107,4,41,27,112"/><W78/><G78/><T77/><D121/><U126/><E113/><V96/><F90/><W101/><G130/><T62/><D38/><U39/><E39/><V85/><F85/><W100/><G100/><T74/><D0/><U128/><E128/><V132/><F65/><W108/><G41/><T131/><D131/><U15/><E109/><V10/><F10/><W17/><G108/><N who="2" m="41513" /><F96/><N who="3" m="61863" /><G76/><T12/><D114/><U48/><E54/><N who="2" m="29999" /><F103/><W46/><G46/><T26/><D77/><U13/><E48/><AGARI ba="0,0" hai="48,50,58,61,64,132,133,134" m="29999,41513" machi="48" ten="40,8000,1" yaku="20,1,14,1,34,2" doraHai="14" who="2" fromWho="1" sc="199,0,408,-80,204,80,189,0" /><INIT seed="4,0,0,0,4,134" ten="199,328,284,189" oya="0" hai0="114,22,81,68,105,6,85,48,87,10,109,53,132" hai1="16,70,66,106,3,23,99,100,55,63,45,113,130" hai2="73,28,72,52,127,128,47,54,20,75,44,67,36" hai3="25,116,19,93,86,102,112,5,64,41,18,8,1"/><T96/><D132/><U15/><E130/><V78/><F78/><W30/><G116/><T34/><D34/><U74/><E74/><V89/><F128/><W103/><G112/><T29/><D114/><U62/><E113/><V82/><F67/><W118/><G118/><T2/><D68/><U115/><E115/><V46/><F36/><W77/><G64/><T124/><D124/><U121/><E3/><V120/><F120/><W129/><G129/><T92/><D105/><U26/><E121/><V95/><F82/><W43/><G77/><T88/><D109/><U94/><E106/><V9/><F9/><W59/><G59/><T11/><D11/><U101/><E101/><V125/><F20/><W65/><G65/><T133/><D133/><U69/><E69/><V56/><F28/><W123/><G123/><T21/><D29/><U24/><REACH who="1" step="1"/><E45/><REACH who="1" ten="199,318,284,189" step="2"/><V135/><F135/><W50/><G103/><T131/><D131/><U122/><E122/><V42/><F42/><W33/><G102/><T7/><D7/><U76/><E76/><V104/><F104/><W27/><G43/><T126/><D126/><N who="2" m="48138" /><F54/><W51/><G41/><T61/><D2/><U117/><E117/><V108/><F108/><W40/><G40/><T35/><D53/><U79/><E79/><V111/><F111/><W58/><G1/><T98/><D81/><U39/><E39/><V83/><F52/><W107/><G107/><T4/><D92/><U37/><E37/><V90/><F56/><AGARI ba="0,1" hai="15,16,23,24,26,55,56,62,63,66,70,94,99,100" machi="56" ten="40,5200,0" yaku="1,1,54,1,53,1" doraHai="134" doraHaiUra="49" who="1" fromWho="2" sc="199,0,318,62,284,-52,189,0" /><INIT seed="5,0,0,2,3,133" ten="199,380,232,189" oya="1" hai0="73,45,93,94,80,78,24,34,39,56,20,89,86" hai1="91,0,8,69,49,115,13,15,92,17,22,135,18" hai2="75,97,66,103,27,37,77,46,70,71,134,117,100" hai3="123,119,7,32,12,120,82,65,38,88,85,29,98"/><U26/><E69/><V72/><F117/><W79/><G38/><T54/><D34/><U121/><E121/><V60/><F134/><W130/><G119/><T102/><D39/><U5/><E115/><V55/><F77/><W30/><G130/><T50/><D102/><U74/><E74/><V33/><F71/><W83/><G32/><T10/><D10/><U28/><E135/><V118/><F100/><W31/><G65/><T105/><D105/><U41/><E0/><V112/><F118/><W95/><G7/><T59/><D94/><U108/><E108/><V14/><F14/><W64/><G64/><T106/><D106/><U9/><E5/><V21/><F112/><W126/><G12/><T53/><D53/><U6/><E6/><V132/><F132/><W84/><REACH who="3" step="1"/><G126/><REACH who="3" ten="199,380,232,179" step="2"/><T116/><D116/><U62/><E15/><V58/><F33/><W4/><G4/><T51/><D51/><U19/><E13/><V63/><F37/><W104/><G104/><T1/><D1/><U42/><E49/><V67/><F66/><W2/><G2/><T52/><D54/><U124/><E124/><V128/><F128/><W109/><G109/><T48/><D48/><U25/><E62/><V131/><F131/><W47/><G47/><T99/><D73/><U61/><E61/><V16/><F46/><W57/><G57/><T101/><D101/><AGARI ba="0,1" hai="29,30,31,79,82,83,84,85,88,95,98,101,120,123" machi="101" ten="40,8000,1" yaku="1,1,54,1,53,2" doraHai="133" doraHaiUra="76" who="3" fromWho="0" sc="199,-80,380,0,232,0,179,90" /><INIT seed="6,0,0,2,2,1" ten="119,380,232,269" oya="2" hai0="54,122,135,104,18,129,98,95,13,34,87,114,8" hai1="58,83,17,88,89,36,43,2,30,60,66,94,65" hai2="96,133,16,52,110,109,72,85,130,121,38,80,116" hai3="77,22,51,126,26,105,40,39,50,42,112,125,19"/><V15/><F116/><W49/><G105/><T61/><D122/><U103/><E2/><V20/><F121/><W113/><G77/><T24/><D129/><U46/><E30/><V63/><F130/><W91/><G91/><T57/><D135/><U64/><E17/><V31/><F72/><W3/><G3/><T59/><D114/><N who="3" m="44137" /><G39/><T75/><D75/><U28/><E28/><V12/><F38/><W81/><G81/><T132/><D132/><U117/><E117/><V23/><F96/><W11/><G11/><T25/><D104/><U73/><E103/><V7/><F133/><W79/><G79/><T14/><D34/><U123/><E123/><V92/><F92/><W44/><G44/><T106/><D106/><U118/><E118/><V82/><F31/><W128/><G128/><T56/><D87/><U47/><E47/><V5/><F15/><W84/><G84/><T76/><D76/><U90/><E73/><V62/><F23/><W120/><G120/><T27/><REACH who="0" step="1"/><D14/><REACH who="0" ten="109,380,232,269" step="2"/><U45/><E83/><V134/><F134/><W35/><G35/><T6/><D6/><U108/><E94/><V4/><F82/><W33/><G33/><T68/><D68/><U48/><E108/><N who="2" m="41579" /><F85/><W70/><G70/><T10/><D10/><U97/><E97/><V69/><F80/><W41/><AGARI ba="0,1" hai="19,22,26,40,41,42,49,50,51,125,126" m="44137" machi="41" ten="40,2700,0" yaku="15,1,11,1" doraHai="1" who="3" fromWho="3" sc="109,-7,380,-7,232,-13,269,37" /><INIT seed="7,0,0,4,1,110" ten="102,373,219,306" oya="3" hai0="58,51,26,104,36,43,103,118,38,115,20,98,46" hai1="52,109,73,131,133,7,61,31,75,126,55,89,78" hai2="14,77,123,34,64,130,82,94,102,90,116,50,106" hai3="29,124,112,1,99,45,6,0,23,60,121,30,44"/><W105/><G121/><T80/><D118/><U35/><E109/><V127/><F123/><W32/><G124/><T39/><D80/><U111/><E111/><V69/><F116/><W41/><G45/><T62/><D20/><U134/><E7/><V5/><F50/><W22/><G60/><T88/><D26/><N who="1" m="18935" /><E131/><V100/><F34/><W57/><G57/><T54/><D104/><U8/><E126/><V79/><F64/><W125/><G125/><T25/><D25/><U53/><E78/><V129/><F69/><W66/><G66/><T70/><D103/><U74/><E8/><V113/><F14/><W10/><G99/><T97/><D97/><U11/><E11/><V4/><F127/><W68/><G105/><T47/><D88/><U15/><E15/><V93/><F106/><W42/><G44/><T27/><D27/><U67/><E89/><V16/><F90/><W9/><G68/><T128/><D98/><U17/><E17/><V96/><F96/><W13/><G32/><T12/><D12/><U83/><E83/><V76/><F82/><W85/><G13/><T119/><D119/><U63/><E67/><V135/><F77/><W40/><G85/><T84/><D84/><U114/><E114/><V71/><F71/><W28/><G112/><T24/><D24/><U107/><E107/><V65/><F113/><W19/><REACH who="3" step="1"/><G19/><REACH who="3" ten="102,373,219,296" step="2"/><T132/><D115/><U95/><E63/><V117/><F16/><W92/><G92/><T18/><D128/><U122/><E122/><V2/><F117/><W56/><G56/><N who="0" m="32863" /><D18/><U91/><E61/><V37/><F129/><RYUUKYOKU ba="0,1" sc="102,-15,373,15,219,-15,296,15" hai1="52,53,55,73,74,75,91,95,133,134" hai3="0,1,6,9,10,22,23,28,29,30,40,41,42" /><INIT seed="7,1,1,2,4,128" ten="87,388,204,311" oya="3" hai0="45,72,87,96,95,29,86,118,22,19,8,91,26" hai1="0,62,70,43,121,60,100,58,135,63,20,56,134" hai2="25,81,116,39,120,105,10,80,23,127,16,79,69" hai3="59,112,83,124,102,71,90,52,114,82,109,2,117"/><W110/><G2/><T3/><D118/><U77/><E121/><V38/><F116/><W132/><G117/><T123/><D72/><U11/><E70/><V24/><F105/><W46/><G71/><T9/><D123/><U88/><E77/><V106/><F106/><W17/><G102/><T15/><D3/><U108/><E108/><N who="3" m="41578" /><G124/><T113/><D113/><N who="3" m="43625" /><G46/><T84/><REACH who="0" step="1"/><D45/><REACH who="0" ten="77,388,204,311" step="2"/><U111/><E111/><V126/><F127/><W65/><G65/><T93/><D93/><U33/><E0/><V14/><F126/><W119/><G119/><T85/><N who="0" m="21504" /><DORA hai="131" /><T94/><D94/><U30/><E56/><V53/><F120/><W98/><G83/><T49/><D49/><U73/><E58/><V37/><F81/><W64/><G64/><T41/><D41/><U40/><E40/><V12/><F80/><W31/><G82/><T27/><D27/><U61/><E43/><V92/><F92/><W48/><G48/><T35/><AGARI ba="1,2" hai="8,9,15,19,22,26,29,35,91,95,96" m="21504" machi="35" ten="40,2700,0" yaku="1,1,0,1,53,0" doraHai="128,131" doraHaiUra="42,107" who="0" fromWho="0" sc="77,50,388,-8,204,-8,311,-14" owari="127,-37.0,380,47.0,196,-20.0,297,10.0" /></mjloggm>