<mjloggm ver="2.3"><GO type="169" lobby="0"/><UN n0="%E3%81%8A%E7%9F%A5%E3%82%89%E3%81%9B" n1="%E9%95%B7%E5%B2%A1" n2="%42%72%42%61" n3="%E9%8A%80%E8%89%B2%E3%81%84%E3%81%8C%E3%81%90%E3%82%8A" dan="19,17,16,18" rate="2322.97,2182.53,2143.86,2281.99" sx="M,M,M,M"/><TAIKYOKU oya="0"/><INIT seed="0,0,0,2,5,99" ten="250,250,250,250" oya="0" hai0="133,71,91,37,79,120,109,76,15,0,125,126,4" hai1="68,28,129,36,39,40,67,63,1,110,29,78,48" hai2="74,134,41,10,122,34,31,9,60,2,49,116,87" hai3="6,54,27,45,12,124,83,114,38,130,11,93,85"/><T101/><D120/><U90/><E1/><V42/><F122/><W59/><G130/><T23/><D37/><U103/><E78/><V65/><F134/><W84/><G124/><T13/><D71/><U69/><E90/><V66/><F116/><W135/><G135/><T14/><D133/><U81/><E81/><V17/><F74/><W118/><G114/><T44/><D44/><N who="1" m="25607" /><E103/><V25/><F87/><W102/><G118/><T113/><D113/><U53/><E28/><V104/><F66/><W112/><G112/><T18/><D91/><U55/><E29/><V46/><F42/><W92/><G45/><T96/><D79/><U94/><E94/><N who="3" m="36458" /><G38/><N who="1" m="14378" /><E129/><V107/><F10/><W128/><G27/><T123/><D76/><U33/><E33/><V115/><F115/><W22/><G22/><T72/><D72/><U80/><E80/><V111/><F111/><W50/><G128/><T51/><D109/><U43/><E110/><V8/><F8/><W35/><G35/><T89/><D123/><U5/><E5/><V100/><F104/><W21/><G21/><T121/><D121/><U52/><E43/><V127/><F2/><W77/><G85/><T108/><D108/><U7/><E7/><V73/><F73/><W16/><G6/><T132/><D132/><U32/><E32/><V70/><F9/><W26/><G26/><N who="0" m="14711" /><D89/><U95/><E95/><V131/><F131/><W20/><G11/><N who="0" m="2439" /><D126/><U61/><E69/><V75/><F127/><W56/><G102/><T47/><D125/><U58/><AGARI ba="0,0" hai="52,53,55,58,61,63,67,68" m="14378,25607" machi="58" ten="30,12000,2" yaku="35,5,54,1" doraHai="99" who="1" fromWho="1" sc="250,-60,250,120,250,-30,250,-30" /><INIT seed="1,0,0,0,2,30" ten="190,370,220,220" oya="1" hai0="36,100,44,126,104,89,15,2,7,109,76,134,94" hai1="34,31,61,49,117,97,51,42,135,60,19,16,79" hai2="119,20,54,46,133,72,90,8,65,3,53,122,87" hai3="120,57,48,28,68,52,32,26,118,50,129,84,23"/><U110/><E117/><V55/><F122/><W74/><G120/><T106/><D109/><U107/><E79/><V38/><F119/><W131/><G74/><T6/><D126/><U10/><E135/><V5/><F133/><W103/><G68/><T81/><D134/><U22/><E10/><V96/><F65/><W11/><G118/><T112/><D112/><U37/><E37/><V58/><F72/><W69/><G69/><T86/><D2/><U1/><E1/><V59/><F96/><W33/><G103/><T115/><D115/><U82/><E82/><V121/><F121/><W71/><G71/><T91/><D91/><U85/><E85/><V4/><F4/><W9/><G50/><N who="1" m="18954" /><E42/><V67/><F20/><W105/><G84/><T127/><D127/><U45/><E45/><V78/><F78/><W62/><G62/><N who="1" m="24170" /><E34/><N who="3" m="13418" /><G105/><T83/><D104/><U13/><E107/><V47/><F67/><W41/><G41/><T56/><D106/><U95/><E110/><V99/><F87/><W27/><G27/><T63/><D100/><N who="1" m="60479" /><E13/><V98/><F3/><W25/><G25/><AGARI ba="0,0" hai="16,19,22,25,31" m="60479,24170,18954" machi="25" ten="30,2900,0" yaku="8,1,54,1" doraHai="30" who="1" fromWho="3" sc="190,0,370,29,220,0,220,-29" /><INIT seed="1,1,0,5,5,66" ten="190,399,220,191" oya="1" hai0="22,35,101,88,127,31,121,119,98,44,132,30,90" hai1="94,86,41,62,38,109,59,125,56,45,117,76,18" hai2="57,16,74,120,102,85,37,116,51,24,43,1,73" hai3="64,21,99,28,68,33,72,42,107,84,96,53,126"/><U123/><E117/><V23/><F116/><W89/><G72/><T75/><D119/><U2/><E123/><V135/><F120/><W83/><G126/><T0/><D121/><U104/><E104/><V93/><F135/><W55/><G42/><T129/><D127/><U12/><E2/><V105/><F1/><W77/><G21/><T112/><D112/><U130/><E125/><V10/><F105/><W26/><G99/><T19/><D129/><U49/><E130/><V82/><F10/><W133/><G89/><T29/><D35/><U34/><E34/><V91/><F37/><W27/><G27/><T71/><D0/><U5/><E5/><V11/><F11/><W113/><G133/><T50/><D75/><U78/><E109/><V58/><F74/><W46/><G46/><T81/><D71/><U80/><E94/><V134/><F73/><W131/><G113/><T115/><D81/><U25/><E25/><V14/><F24/><W95/><G95/><N who="0" m="58591" /><D132/><U87/><E38/><V15/><F15/><W3/><G131/><T65/><D65/><U52/><E56/><V47/><REACH who="2" step="1"/><F134/><REACH who="2" ten="190,399,210,191" step="2"/><W39/><G39/><T111/><D115/><U6/><E6/><V79/><F79/><N who="1" m="30249" /><E80/><V61/><F61/><N who="3" m="39951" /><G3/><T36/><D36/><U13/><E13/><V17/><F17/><W124/><G124/><T67/><D19/><U110/><E110/><V7/><F7/><W60/><G60/><T69/><D111/><U54/><E18/><V63/><F63/><W118/><G118/><T128/><D128/><U9/><E12/><V122/><F122/><W114/><G114/><RYUUKYOKU ba="1,1" sc="190,-15,399,-15,210,15,191,15" hai2="14,16,23,43,47,51,57,58,82,85,91,93,102" hai3="26,28,33,53,55,77,83,84,96,107" /><INIT seed="2,2,1,5,5,79" ten="175,384,225,206" oya="2" hai0="51,77,2,109,38,111,86,99,95,108,67,132,117" hai1="12,94,63,13,90,129,92,21,83,87,112,7,52" hai2="120,24,102,98,122,123,6,101,69,61,70,103,93" hai3="53,126,42,119,133,104,128,11,106,121,10,15,68"/><V45/><F6/><W57/><G121/><T0/><D38/><U65/><E112/><V75/><F75/><W35/><G119/><T118/><D67/><U9/><E129/><V36/><F24/><W78/><G68/><T96/><D51/><U135/><E135/><V124/><F124/><W82/><G35/><T5/><D132/><U84/><E87/><V71/><REACH who="2" step="1"/><F61/><REACH who="2" ten="175,384,215,206" step="2"/><W76/><G133/><T31/><D5/><U3/><E3/><V48/><F48/><W46/><G126/><T19/><D0/><U62/><E63/><V89/><F89/><W1/><G78/><T110/><D2/><U60/><E62/><V73/><F73/><W49/><G128/><T100/><D110/><U14/><E65/><V72/><F72/><W91/><G91/><N who="0" m="55423" /><D31/><U64/><E64/><V80/><F80/><W30/><G30/><T27/><D27/><U74/><E74/><V59/><F59/><W58/><G57/><T17/><D17/><N who="1" m="10407" /><E14/><V131/><F131/><W28/><G28/><T130/><D130/><U29/><E29/><V43/><AGARI ba="2,2" hai="36,43,45,69,70,71,93,98,101,102,103,120,122,123" machi="43" ten="40,7800,0" yaku="1,1,0,1,53,1" doraHai="79" doraHaiUra="88" who="2" fromWho="2" sc="175,-28,384,-28,215,104,206,-28" /><INIT seed="2,3,0,5,5,49" ten="147,356,319,178" oya="2" hai0="128,110,96,54,97,67,130,29,33,74,2,23,5" hai1="71,21,10,34,116,105,13,79,86,18,58,76,59" hai2="55,17,119,99,125,8,31,88,135,94,43,53,3" hai3="95,0,30,20,36,87,42,1,68,114,80,91,70"/><V134/><F119/><W83/><G114/><T38/><D74/><U14/><E34/><V123/><F123/><W6/><G36/><T109/><D38/><U4/><E71/><V12/><F125/><W19/><G30/><T78/><D78/><U106/><E116/><V35/><F43/><W111/><G42/><T63/><D33/><U113/><E113/><V66/><F66/><W120/><G120/><T7/><D29/><U75/><E75/><V82/><F3/><W51/><G111/><N who="0" m="42507" /><D23/><U56/><REACH who="1" step="1"/><E86/><REACH who="1" ten="147,346,319,178" step="2"/><N who="2" m="50263" /><F35/><W16/><G70/><T121/><D121/><U84/><E84/><V133/><F31/><W115/><G68/><T47/><D130/><U122/><E122/><V112/><F112/><W15/><G115/><T126/><D128/><U118/><E118/><V39/><F39/><W89/><G87/><T129/><D129/><U77/><AGARI ba="3,1" hai="4,10,13,14,18,21,56,58,59,76,77,79,105,106" machi="77" ten="30,7900,0" yaku="1,1,0,1,53,2" doraHai="49" doraHaiUra="103" who="1" fromWho="1" sc="147,-23,346,98,319,-42,178,-23" /><INIT seed="3,0,0,3,2,125" ten="124,444,277,155" oya="3" hai0="42,21,20,118,41,7,106,15,49,131,22,9,61" hai1="134,5,73,130,97,95,36,53,58,94,82,47,84" hai2="45,68,109,81,99,85,111,33,107,80,89,57,11" hai3="50,133,88,55,113,19,112,43,29,110,93,26,128"/><W46/><G133/><T51/><D118/><U18/><E134/><V117/><F117/><W126/><G126/><T92/><D106/><U38/><E73/><V70/><F57/><W127/><G127/><T87/><D61/><U120/><E120/><V69/><F33/><W28/><G110/><N who="2" m="41993" /><F11/><W75/><G75/><T74/><D74/><U102/><E5/><V108/><N who="2" m="42001" /><V83/><DORA hai="13" /><F45/><W35/><G128/><T37/><D37/><U104/><E130/><V48/><F48/><N who="0" m="18506" /><D131/><U122/><E122/><V67/><F67/><W100/><G100/><AGARI ba="0,0" hai="68,69,70,80,81,83,85,89,99,100,107" m="42001" machi="100" ten="50,1600,0" yaku="14,1" doraHai="125,13" who="2" fromWho="3" sc="124,0,444,0,277,16,155,-16" /><INIT seed="4,0,0,2,0,91" ten="124,444,293,139" oya="0" hai0="20,47,43,42,40,28,21,53,37,133,125,105,100" hai1="108,121,72,46,39,98,19,17,119,70,109,32,74" hai2="11,124,83,4,13,112,57,59,106,52,111,1,34" hai3="95,24,18,129,7,110,58,77,66,99,89,56,114"/><T123/><D123/><U86/><E86/><V2/><F111/><W6/><G110/><T0/><D0/><U54/><E54/><V23/><F112/><W30/><G114/><T113/><D113/><U8/><E8/><V64/><F124/><W55/><G129/><T50/><D125/><U87/><E87/><V61/><F106/><W134/><G134/><T51/><D133/><U10/><E10/><V63/><F34/><W81/><G18/><N who="1" m="6666" /><E98/><V82/><REACH who="2" step="1"/><F23/><REACH who="2" ten="124,444,283,139" step="2"/><W127/><G127/><T60/><D20/><U102/><E32/><V122/><F122/><W27/><G27/><T76/><D105/><U22/><E22/><V130/><F130/><W90/><G24/><T96/><D21/><U107/><E121/><V3/><AGARI ba="0,1" hai="1,2,3,4,11,13,52,57,59,61,63,64,82,83" machi="3" ten="30,4000,0" yaku="1,1,0,1,54,1,53,0" doraHai="91" doraHaiUra="71" who="2" fromWho="2" sc="124,-20,444,-10,283,50,139,-10" /><INIT seed="5,0,0,5,5,15" ten="104,434,333,129" oya="1" hai0="28,131,124,60,27,92,115,61,41,102,103,57,42" hai1="35,19,133,1,49,109,17,50,106,37,7,132,72" hai2="52,46,121,122,76,36,13,6,24,95,93,23,87" hai3="47,84,56,78,67,107,90,65,96,80,25,62,20"/><U112/><E37/><V110/><F110/><W130/><G130/><T64/><D131/><U8/><E72/><V77/><F121/><W21/><G21/><T94/><D115/><U54/><E106/><V104/><F104/><W120/><G120/><T34/><D124/><U105/><E105/><V114/><F114/><W51/><G107/><T98/><REACH who="0" step="1"/><D61/><REACH who="0" ten="94,434,333,129" step="2"/><U79/><E112/><V89/><F122/><W39/><G39/><T45/><D45/><U55/><E109/><V85/><F36/><W9/><G67/><T14/><D14/><U0/><E1/><V97/><F13/><W68/><G9/><T48/><D48/><U63/><E63/><V22/><F46/><W134/><G134/><T12/><D12/><U86/><E0/><V88/><F6/><W81/><G47/><T116/><D116/><U99/><E7/><V118/><F118/><W128/><G128/><T83/><D83/><U33/><E8/><V73/><F24/><W30/><G51/><T101/><D101/><U26/><E26/><V75/><F52/><W70/><G96/><AGARI ba="0,1" hai="27,28,34,41,42,57,60,64,92,94,96,98,102,103" machi="96" ten="40,8000,1" yaku="1,1,9,1,53,2" doraHai="15" doraHaiUra="91" who="0" fromWho="3" sc="94,90,434,0,333,0,129,-80" /><AGARI ba="0,0" hai="22,23,73,75,76,77,85,87,88,89,93,95,96,97" machi="96" ten="25,3200,0" yaku="22,2,54,1" doraHai="15" who="2" fromWho="3" sc="184,0,434,0,333,32,49,-32" /><INIT seed="6,0,0,1,3,129" ten="184,434,365,17" oya="2" hai0="47,10,127,122,120,11,46,76,3,17,69,133,52" hai1="74,51,14,112,66,28,36,94,19,0,57,8,15" hai2="61,128,35,64,89,5,24,13,37,131,78,92,110" hai3="42,98,96,16,84,70,27,109,56,106,1,54,60"/><V23/><F110/><W82/><G109/><T102/><D69/><U90/><E36/><V67/><F37/><W29/><G1/><T21/><D127/><U100/><E74/><V119/><F119/><W85/><G70/><T22/><D102/><U93/><E112/><V68/><F78/><W86/><G106/><T39/><D39/><U63/><E0/><V107/><F107/><W71/><G71/><T65/><D65/><U45/><E28/><V30/><F67/><W4/><G4/><T88/><D76/><U62/><E62/><V95/><F5/><W125/><G125/><T73/><D73/><U26/><E100/><V38/><F38/><W81/><G42/><T79/><D79/><U91/><E26/><V105/><F105/><W135/><G135/><T50/><D3/><U44/><E14/><V116/><F116/><W108/><G108/><T97/><D133/><U7/><E7/><V118/><F118/><W31/><G31/><T55/><D97/><N who="3" m="37481" /><G29/><T132/><D132/><U49/><E90/><V34/><F89/><W2/><G2/><T104/><D88/><U83/><E83/><V53/><F53/><W117/><G117/><T6/><D104/><U32/><E32/><N who="2" m="12331" /><F13/><W113/><G113/><T25/><D6/><U111/><E111/><V124/><F124/><W121/><G121/><N who="0" m="46699" /><D22/><AGARI ba="0,0" hai="16,22,27,54,56,60,81,82,84,85,86" m="37481" machi="22" ten="30,2000,0" yaku="8,1,54,1" doraHai="129" who="3" fromWho="0" sc="184,-20,434,0,365,0,17,20" /><INIT seed="7,0,0,3,0,49" ten="164,434,365,37" oya="3" hai0="83,110,63,18,23,130,6,8,79,103,122,117,56" hai1="69,92,28,88,62,12,33,21,99,58,42,0,111" hai2="51,105,16,60,116,118,124,107,7,34,119,84,35" hai3="4,112,104,126,109,134,70,10,100,43,24,3,59"/><W31/><G109/><T125/><D110/><U37/><E0/><V19/><F124/><W87/><G126/><T26/><D125/><U50/><E37/><V27/><F7/><W73/><G134/><T52/><D130/><U46/><E69/><V13/><F60/><W101/><G112/><T22/><D122/><U67/><E33/><N who="2" m="12299" /><F84/><W32/><G73/><T115/><D117/><U135/><E135/><V29/><F51/><W71/><G43/><T40/><D115/><U129/><E129/><V77/><F77/><W106/><G87/><N who="0" m="48639" /><D103/><U72/><E72/><V131/><F107/><W90/><G90/><T38/><D38/><U91/><E111/><V44/><F44/><W82/><G82/><T123/><D123/><U133/><E133/><V86/><F86/><W1/><G59/><T127/><D127/><U54/><E91/><V128/><F105/><W47/><G47/><T15/><D23/><U85/><E85/><V97/><F97/><N who="3" m="61455" /><G1/><T132/><D132/><U75/><E75/><V80/><F80/><W11/><G11/><T78/><D78/><U120/><E120/><V14/><F29/><W39/><G39/><T108/><D108/><U113/><E28/><V9/><F27/><W55/><G55/><T65/><D40/><U98/><E113/><V5/><F5/><W89/><G89/><T48/><D48/><U96/><E42/><V30/><F30/><W45/><G45/><T57/><D57/><U81/><E81/><V102/><F102/><W25/><G25/><T76/><D76/><U68/><E46/><V93/><F93/><W17/><G17/><AGARI ba="0,0" hai="12,17,21,50,54,58,62,67,68,88,92,96,98,99" machi="17" ten="40,5200,0" yaku="6,1,52,1,54,1" doraHai="49" who="1" fromWho="3" sc="164,0,434,52,365,0,37,-52" owari="164,-24.0,486,59.0,365,17.0,-15,-52.0" /></mjloggm>