<mjloggm ver="2.3"><GO type="169" lobby="0"/><UN n0="%6D%61%73%61%73%69%6F" n1="%E5%B0%8F%E6%B1%A0%E7%BE%8E%E6%B3%A2%E2%8A%BF" n2="%E9%88%B4%E4%BE%8D" n3="%E3%81%B2%E3%81%A3%E3%81%93%E3%82%8D%32%36" dan="17,16,18,16" rate="2143.50,2100.06,2257.80,2063.00" sx="F,F,M,M"/><TAIKYOKU oya="0"/><INIT seed="0,0,0,1,1,72" ten="250,250,250,250" oya="0" hai0="65,9,109,14,10,27,118,45,24,66,69,34,100" hai1="37,103,101,70,95,86,67,81,52,63,99,113,110" hai2="23,120,13,128,58,35,125,134,22,18,11,126,90" hai3="132,55,80,28,4,36,25,115,43,119,114,49,131"/><T8/><D118/><U122/><E110/><V19/><F58/><W64/><G119/><T12/><D69/><U88/><E122/><V75/><F90/><W123/><G4/><T130/><D100/><U79/><E113/><V92/><F92/><W48/><G64/><N who="0" m="24683" /><D34/><U77/><E37/><V106/><F106/><W68/><G68/><T1/><D1/><U20/><E103/><V102/><F75/><W41/><G36/><T61/><D61/><U47/><REACH who="1" step="1"/><E20/><REACH who="1" ten="250,240,250,250" step="2"/><V74/><F102/><W17/><G123/><T127/><D109/><U117/><E117/><V50/><F23/><W93/><G115/><T107/><D130/><U83/><E83/><V53/><F128/><W62/><G80/><T38/><D38/><U116/><E116/><V76/><F120/><W54/><G114/><T56/><D127/><U2/><E2/><V129/><F129/><W108/><G108/><T112/><D112/><U87/><E87/><V32/><F126/><W40/><G131/><T124/><D124/><U51/><AGARI ba="0,1" hai="47,51,52,63,67,70,77,79,81,86,88,95,99,101" machi="51" ten="30,12000,2" yaku="1,1,0,1,52,2,54,2,53,0" doraHai="72" doraHaiUra="5" who="1" fromWho="1" sc="250,-60,240,130,250,-30,250,-30" /><INIT seed="1,0,0,4,3,54" ten="190,370,220,220" oya="1" hai0="10,66,4,102,122,100,135,36,12,134,132,40,76" hai1="9,57,126,19,26,52,8,92,48,82,43,51,22" hai2="16,124,64,34,94,31,25,11,97,99,1,41,72" hai3="3,2,42,49,7,105,30,127,121,93,106,65,5"/><U113/><E113/><V37/><F124/><W32/><G65/><T103/><D122/><U27/><E126/><V35/><F72/><W128/><G127/><T101/><N who="0" m="25600" /><DORA hai="14" /><T95/><D95/><U78/><E92/><V69/><F35/><W13/><G32/><T117/><D117/><U15/><E8/><V38/><F41/><W74/><G93/><T125/><D125/><U0/><E0/><V59/><F69/><W46/><G74/><T20/><D66/><U81/><E78/><V114/><F114/><W98/><G30/><T90/><D90/><U21/><E27/><V133/><F133/><W96/><G13/><T45/><REACH who="0" step="1"/><D20/><REACH who="0" ten="180,370,220,220" step="2"/><N who="1" m="7787" /><E26/><V17/><F94/><W84/><G121/><T87/><D87/><U112/><E112/><V60/><F99/><W130/><G84/><T24/><D24/><U88/><E88/><V129/><F97/><W77/><G98/><T62/><D62/><U28/><E28/><V119/><F119/><W89/><G89/><T63/><D63/><U73/><E73/><V110/><F60/><W108/><G96/><T131/><D131/><U56/><E82/><V18/><F129/><W70/><G130/><T120/><D120/><U85/><E85/><V86/><F86/><W75/><G75/><T116/><D116/><U109/><E81/><V68/><F25/><W118/><G118/><T23/><D23/><U58/><E109/><V6/><F110/><W79/><G108/><T50/><D50/><U91/><E91/><V83/><F83/><W123/><G123/><T104/><D104/><U55/><E51/><V71/><F31/><RYUUKYOKU ba="0,1" sc="180,15,370,15,220,-15,220,-15" hai0="4,10,12,36,40,45,76,132,134,135" hai1="9,15,19,43,48,52,55,56,57,58" /><INIT seed="1,1,1,2,3,53" ten="195,385,205,205" oya="1" hai0="17,63,44,26,76,16,49,39,42,25,54,33,113" hai1="131,11,82,69,68,46,99,22,24,93,15,102,45" hai2="71,78,4,55,92,84,35,28,134,83,132,104,107" hai3="32,110,73,38,74,86,52,128,51,81,94,19,1"/><U13/><E131/><V31/><F71/><W8/><G38/><T36/><D113/><U23/><E68/><V60/><F4/><W21/><G32/><T111/><D111/><U62/><E69/><V100/><F60/><W75/><G110/><T77/><D63/><U12/><E62/><V95/><F55/><W72/><G94/><N who="2" m="35881" /><F35/><W14/><G128/><T66/><D66/><U7/><E82/><V116/><F116/><W18/><G1/><T119/><D119/><U109/><E109/><V126/><F126/><W129/><G129/><T85/><D85/><U34/><E34/><V115/><F115/><W96/><G96/><T130/><D130/><U37/><E37/><V43/><F43/><W121/><G75/><T47/><D33/><U117/><E117/><V57/><F57/><W48/><G48/><T101/><D101/><U114/><E114/><V79/><F79/><W40/><G40/><T118/><D118/><U3/><REACH who="1" step="1"/><E23/><REACH who="1" ten="195,375,205,205" step="2"/><V98/><F104/><W127/><G21/><T59/><D36/><U135/><E135/><AGARI ba="1,2" hai="28,31,78,83,84,98,100,107,132,134,135" m="35881" machi="135" ten="30,1000,0" yaku="20,1" doraHai="53" who="2" fromWho="1" sc="195,0,375,-13,205,33,205,0" /><INIT seed="2,0,0,4,5,107" ten="195,362,238,205" oya="2" hai0="86,46,101,82,56,89,66,74,40,123,53,68,7" hai1="129,62,90,35,100,72,16,98,20,14,75,112,125" hai2="9,42,27,67,78,120,19,25,64,2,109,84,22" hai3="116,30,113,0,18,43,115,1,83,39,52,17,47"/><V126/><F120/><W59/><G116/><T124/><D123/><U118/><E112/><N who="3" m="43082" /><G30/><T93/><D124/><U11/><E118/><V121/><F121/><W60/><G83/><T94/><D7/><U135/><E35/><V41/><F126/><W21/><G18/><T76/><D68/><U33/><E125/><V134/><F134/><W48/><G60/><T119/><D66/><N who="2" m="25130" /><F2/><W61/><G61/><T69/><D69/><U73/><E33/><V50/><F109/><W99/><G99/><T110/><D110/><U92/><E135/><V65/><F65/><W102/><G102/><T57/><D119/><U127/><E127/><V28/><F50/><W106/><G106/><T96/><REACH who="0" step="1"/><D53/><REACH who="0" ten="185,362,238,205" step="2"/><U36/><E129/><V4/><F4/><W81/><G0/><T122/><D122/><U79/><E36/><AGARI ba="0,1" hai="36,40,46,56,57,74,76,82,86,89,93,94,96,101" machi="36" ten="30,3900,0" yaku="1,1,7,1,52,1,53,0" doraHai="107" doraHaiUra="131" who="0" fromWho="1" sc="185,49,362,-39,238,0,205,0" /><INIT seed="3,0,0,4,5,20" ten="234,323,238,205" oya="3" hai0="126,103,112,116,25,59,17,108,68,38,60,86,40" hai1="135,121,104,72,73,57,28,67,34,36,64,18,111" hai2="48,100,54,0,43,46,39,119,127,123,74,76,29" hai3="3,37,16,89,124,33,5,69,7,10,61,2,134"/><W82/><G33/><T6/><D116/><U63/><E121/><V13/><F119/><W80/><G134/><T45/><D108/><U99/><E36/><V27/><F0/><W88/><G37/><T105/><D126/><U19/><E135/><V47/><F127/><W132/><G132/><T42/><D112/><U81/><E67/><V101/><F123/><W41/><G41/><T53/><D6/><U75/><E81/><V115/><F115/><W129/><G124/><T97/><D42/><U44/><E44/><V98/><F13/><W35/><G35/><T70/><REACH who="0" step="1"/><D86/><REACH who="0" ten="224,323,238,205" step="2"/><U52/><E111/><V110/><F110/><W95/><G7/><T117/><D117/><U30/><E75/><V15/><F74/><W14/><G129/><T8/><D8/><U32/><E73/><V49/><F39/><W51/><G5/><T93/><D93/><U62/><E72/><V55/><F43/><W24/><G95/><T131/><D131/><U85/><E85/><V22/><F98/><W77/><G2/><T94/><D94/><U102/><E32/><V79/><REACH who="2" step="1"/><F15/><REACH who="2" ten="224,323,228,205" step="2"/><W106/><G14/><T125/><D125/><U23/><E99/><V66/><F66/><W114/><G3/><T21/><AGARI ba="0,2" hai="17,21,25,38,40,45,53,59,60,68,70,97,103,105" machi="21" ten="30,4000,0" yaku="1,1,0,1,52,1,53,0" doraHai="20" doraHaiUra="4" who="0" fromWho="0" sc="224,60,323,-10,228,-10,205,-20" /><INIT seed="4,0,0,4,0,29" ten="284,313,218,185" oya="0" hai0="60,73,68,112,128,115,18,35,15,6,63,22,85" hai1="67,126,96,44,57,106,40,69,31,125,2,79,87" hai2="24,8,71,104,119,28,101,110,32,4,83,74,94" hai3="78,123,72,56,113,47,91,127,122,97,103,9,48"/><T105/><D73/><U82/><E2/><V135/><F110/><W16/><G113/><N who="0" m="43595" /><D105/><U50/><E69/><V11/><F135/><W95/><G127/><N who="1" m="48650" /><E31/><V23/><F119/><W39/><G78/><T132/><D132/><U38/><E67/><V102/><F104/><W14/><G72/><T80/><D68/><U55/><E96/><V100/><F71/><W51/><G56/><T81/><D128/><U27/><E27/><V5/><F94/><W37/><G48/><T12/><D35/><U45/><E106/><V93/><F93/><W121/><REACH who="3" step="1"/><G103/><REACH who="3" ten="284,313,218,175" step="2"/><T114/><D114/><U120/><E120/><V116/><F116/><W111/><G111/><T90/><D63/><U26/><E57/><V108/><F108/><W117/><G117/><T34/><D60/><U53/><E50/><V58/><F58/><W77/><G77/><T66/><D66/><U30/><E45/><V46/><F46/><W36/><G36/><T3/><D90/><U98/><E98/><V65/><F65/><W59/><G59/><T52/><D52/><AGARI ba="0,1" hai="9,14,16,37,39,47,51,52,91,95,97,121,122,123" machi="52" ten="40,8000,1" yaku="1,1,13,1,54,2,53,1" doraHai="29" doraHaiUra="49" who="3" fromWho="0" sc="284,-80,313,0,218,0,175,90" /><INIT seed="5,0,0,0,2,129" ten="204,313,218,265" oya="1" hai0="0,112,46,44,28,108,51,99,95,102,91,69,33" hai1="30,68,59,25,128,39,126,92,36,22,14,79,86" hai2="53,10,4,84,118,9,67,82,19,61,18,115,57" hai3="125,64,27,101,23,11,71,88,111,106,113,12,132"/><U34/><E68/><V47/><F118/><W120/><G120/><T119/><D119/><U123/><E123/><V32/><F32/><W54/><G111/><T8/><D108/><U96/><E126/><V42/><F115/><W6/><G113/><T114/><D69/><U1/><E1/><V45/><F67/><W49/><G125/><T105/><D28/><U124/><E124/><V70/><F70/><W72/><G72/><T55/><D33/><U74/><E74/><V50/><F47/><W37/><G37/><T94/><D105/><U52/><E34/><V60/><F60/><W81/><G101/><T62/><D62/><U107/><E107/><V87/><F87/><N who="3" m="50287" /><G106/><T130/><D130/><U65/><E65/><V127/><F127/><W83/><G83/><T103/><D103/><U43/><E14/><V117/><F117/><W78/><G78/><T29/><D29/><U66/><E66/><V97/><F97/><W15/><G15/><T90/><D102/><U100/><E43/><V38/><F38/><W58/><G64/><T98/><REACH who="0" step="1"/><D46/><REACH who="0" ten="194,313,218,265" step="2"/><U131/><E128/><V73/><F45/><W63/><G63/><T93/><D93/><U104/><E131/><V13/><F61/><W56/><G71/><T110/><D110/><U75/><E92/><V21/><F57/><W85/><G58/><T76/><D76/><U121/><E79/><V48/><F73/><W133/><G85/><T24/><D24/><U109/><E75/><V20/><F84/><W35/><G35/><T40/><D40/><U116/><E86/><V31/><F42/><W77/><G77/><RYUUKYOKU ba="0,1" sc="194,15,313,-15,218,-15,265,15" hai0="0,8,44,51,55,90,91,94,95,98,99,112,114" hai3="6,11,12,23,27,49,54,56,132,133" /><INIT seed="6,1,1,0,4,115" ten="209,298,203,280" oya="2" hai0="87,96,111,47,91,58,99,83,16,108,64,94,48" hai1="10,112,43,0,59,125,51,78,40,45,113,67,56" hai2="33,65,73,17,31,71,66,105,76,79,35,27,30" hai3="69,121,127,132,81,92,50,130,77,36,62,41,21"/><V133/><F133/><W70/><G121/><T107/><D107/><U2/><E125/><V25/><F105/><W123/><G36/><T63/><D99/><U116/><E116/><V32/><F71/><W18/><G123/><T14/><D48/><U9/><E78/><V82/><F35/><W97/><G62/><T61/><D47/><U100/><E100/><V68/><F68/><W106/><G106/><T122/><D61/><U3/><E67/><V134/><F134/><W23/><G127/><T44/><D44/><U103/><E103/><V34/><F34/><W4/><G50/><T29/><D29/><U72/><E72/><V26/><F79/><W84/><G41/><N who="1" m="15946" /><E45/><V54/><REACH who="2" step="1"/><F54/><REACH who="2" ten="209,298,193,280" step="2"/><W24/><G132/><T75/><D122/><U86/><E51/><V20/><AGARI ba="1,2" hai="17,20,25,26,27,30,31,32,33,65,66,73,76,82" machi="20" ten="30,11700,0" yaku="1,1,2,1,0,1,9,1,53,0" doraHai="115" doraHaiUra="11" who="2" fromWho="2" sc="209,-40,298,-40,193,140,280,-40" /><INIT seed="6,2,0,3,4,84" ten="169,258,333,240" oya="2" hai0="10,42,56,123,26,70,102,62,78,135,7,32,95" hai1="12,108,6,17,103,71,39,81,51,114,119,116,23" hai2="5,60,69,86,127,0,83,104,64,97,24,38,57" hai3="29,115,18,31,43,68,107,49,52,16,13,109,33"/><V73/><F38/><W41/><G109/><T134/><D123/><U110/><E39/><V72/><F127/><W131/><G107/><T14/><D70/><U9/><E71/><V101/><F57/><N who="3" m="32911" /><G68/><T126/><D126/><U58/><E103/><V128/><F128/><W117/><G33/><T105/><D105/><U112/><E81/><V45/><F45/><W96/><G117/><N who="1" m="45130" /><E51/><V124/><F124/><W44/><G44/><T87/><D42/><N who="3" m="15881" /><G18/><T132/><D78/><U125/><E58/><V106/><F106/><W36/><G36/><T113/><D113/><N who="1" m="43627" /><E125/><V89/><F72/><W22/><G131/><T55/><D102/><U122/><E122/><V88/><F73/><W37/><G37/><T82/><D82/><U133/><E133/><V85/><F104/><W28/><G115/><T20/><D32/><U99/><E99/><AGARI ba="2,0" hai="13,16,22,28,29,31,96,99" m="15881,32911" machi="99" ten="30,3900,0" yaku="8,1,54,2" doraHai="84" who="3" fromWho="1" sc="169,0,258,-45,333,0,240,45" /><INIT seed="7,0,0,5,3,78" ten="169,213,333,285" oya="3" hai0="89,100,124,96,133,127,69,45,7,106,95,97,87" hai1="109,38,25,125,65,19,135,76,118,39,120,28,83" hai2="68,13,6,112,84,101,32,10,0,15,50,114,77" hai3="34,62,53,4,134,54,26,17,42,33,9,110,59"/><W57/><G134/><T99/><D69/><U46/><E109/><V74/><F74/><W117/><G117/><T56/><D7/><U61/><E120/><V24/><F68/><W132/><G132/><T73/><D133/><U123/><E135/><V8/><F101/><W93/><G42/><T119/><D119/><U71/><E123/><V72/><F72/><W14/><G110/><T30/><D30/><U86/><E118/><V35/><F84/><W85/><G93/><T90/><D45/><U44/><E125/><N who="0" m="48201" /><D56/><U107/><E107/><V43/><F43/><W3/><G26/><T29/><D29/><U88/><E46/><V16/><F24/><W129/><G85/><N who="0" m="52687" /><D73/><U36/><E19/><V104/><F6/><W115/><G129/><T63/><D63/><U81/><E44/><V91/><F0/><W2/><G115/><T128/><D128/><U64/><E61/><V98/><F114/><W126/><G126/><T52/><D52/><U130/><E71/><V122/><F112/><W111/><G111/><T5/><D5/><U11/><E130/><V116/><F116/><W80/><G4/><T21/><D21/><U40/><E40/><V55/><F35/><W27/><G33/><T1/><D1/><U113/><E113/><V105/><F32/><W75/><G2/><T41/><D41/><U108/><E108/><V67/><F122/><W22/><G34/><T92/><AGARI ba="0,0" hai="87,89,92,96,97,99,100,106" m="52687,48201" machi="92" ten="30,4000,0" yaku="18,1,34,2" doraHai="78" who="0" fromWho="0" sc="169,40,213,-10,333,-10,285,-20" owari="209,-19.0,203,-30.0,323,42.0,265,7.0" /></mjloggm>