<mjloggm ver="2.3"><GO type="169" lobby="0"/><UN n0="%E3%81%AF%E3%82%8B%E3%81%AB%E3%82%83%E3%82%80" n1="%E9%B4%A8%E8%91%B1%E5%A4%AA%E9%83%8E" n2="%6D%6D%6A%61%6E%67%6B%69" n3="%E3%82%82%E3%81%BF%E3%81%95%E3%81%92" dan="16,17,17,16" rate="2100.72,2166.75,2154.51,2128.09" sx="M,M,M,M"/><TAIKYOKU oya="0"/><INIT seed="0,0,0,5,1,2" ten="250,250,250,250" oya="0" hai0="109,81,129,0,117,9,128,125,77,93,42,99,12" hai1="122,78,23,72,73,116,97,56,18,63,119,1,3" hai2="86,45,79,8,126,5,39,105,40,69,34,53,48" hai3="92,70,101,21,121,20,76,133,29,13,67,111,124"/><T102/><D0/><U47/><E122/><V59/><F105/><W103/><G111/><T108/><D42/><U36/><E3/><V4/><F34/><W120/><G133/><T90/><D117/><U35/><E1/><V33/><F33/><W112/><G124/><T19/><D125/><U28/><E35/><V87/><F126/><W27/><G112/><T104/><D128/><U83/><E73/><V7/><F79/><W44/><G76/><T68/><D68/><U100/><E28/><V95/><F8/><W130/><G130/><T55/><D55/><U31/><E31/><V80/><F80/><W57/><G57/><T131/><D131/><U82/><E82/><V113/><F113/><W85/><G44/><T61/><D61/><U38/><E47/><V49/><F69/><W30/><G67/><T98/><REACH who="0" step="1"/><D129/><REACH who="0" ten="240,250,250,250" step="2"/><U10/><E116/><V123/><F123/><W11/><G70/><T41/><D41/><U66/><E119/><V114/><F114/><W25/><G121/><T74/><AGARI ba="0,1" hai="9,12,19,74,77,81,90,93,98,99,102,104,108,109" machi="74" ten="30,3000,0" yaku="1,1,0,1,53,0" doraHai="2" doraHaiUra="52" who="0" fromWho="0" sc="240,40,250,-10,250,-10,250,-10" /><INIT seed="0,1,0,2,0,135" ten="280,240,240,240" oya="0" hai0="100,101,15,29,96,122,57,7,80,10,38,68,30" hai1="56,66,111,92,117,114,53,89,127,18,108,9,90" hai2="42,105,8,27,25,14,24,124,11,112,50,23,116" hai3="65,128,81,6,62,26,21,36,76,60,45,121,51"/><T59/><D122/><U78/><E117/><V13/><F105/><W74/><G128/><T48/><D38/><U69/><E78/><V103/><F103/><N who="0" m="39498" /><D68/><U67/><E114/><V120/><F120/><W113/><G113/><T12/><D96/><U86/><E69/><V94/><F112/><W32/><G32/><T55/><D80/><U54/><E18/><V58/><F94/><W4/><G36/><T133/><D133/><U93/><E9/><V134/><F134/><W46/><G46/><N who="0" m="28055" /><D12/><U1/><E56/><AGARI ba="1,0" hai="7,10,15,29,30,56,57,59" m="28055,39498" machi="56" ten="30,1500,0" yaku="8,1" doraHai="135" who="0" fromWho="1" sc="280,18,240,-18,240,0,240,0" /><INIT seed="0,2,0,1,4,125" ten="298,222,240,240" oya="0" hai0="4,67,92,56,72,25,106,44,43,134,2,20,21" hai1="10,65,127,121,111,26,18,87,58,70,83,89,27" hai2="97,119,61,41,63,34,32,45,35,76,117,1,131" hai3="105,47,115,15,13,107,88,48,102,19,57,24,23"/><T11/><D106/><U40/><E121/><V64/><F1/><W53/><G115/><T116/><D116/><U129/><E70/><V114/><F114/><W122/><G122/><T9/><D134/><U8/><E40/><V95/><F76/><W100/><G107/><T101/><D72/><U17/><E127/><V29/><F29/><W81/><G105/><T108/><D108/><U94/><E111/><V118/><F64/><W55/><G15/><T126/><D126/><U3/><E3/><V130/><F63/><N who="3" m="36287" /><G13/><T82/><D82/><U110/><E110/><V12/><F12/><W91/><G91/><T51/><D11/><U66/><E58/><V0/><F61/><W120/><G120/><T98/><D56/><U77/><E10/><V68/><F0/><W39/><G39/><T60/><D25/><U78/><E78/><V128/><F68/><W103/><G102/><T30/><D60/><U79/><E79/><V99/><F95/><W123/><G123/><T59/><D59/><U80/><E80/><V73/><F73/><W14/><G24/><N who="0" m="16647" /><D67/><N who="1" m="25611" /><E27/><V124/><F124/><W28/><G28/><T96/><D2/><U104/><E104/><V52/><F52/><W33/><G33/><T113/><D113/><U90/><E90/><V71/><F71/><W86/><AGARI ba="2,0" hai="14,19,23,47,48,53,81,86,88,100,103" m="36287" machi="86" ten="30,2000,0" yaku="8,1,54,1" doraHai="125" who="3" fromWho="3" sc="298,-12,222,-7,240,-7,240,26" /><INIT seed="1,0,0,1,4,11" ten="286,215,233,266" oya="1" hai0="113,121,100,105,8,81,52,94,19,43,73,118,46" hai1="33,15,25,115,78,76,91,95,27,58,125,102,28" hai2="30,111,53,68,135,7,61,21,83,57,49,129,54" hai3="92,131,10,62,103,40,88,122,18,36,130,42,75"/><U31/><E115/><V107/><F107/><W2/><G122/><T99/><D113/><U32/><E102/><V77/><F111/><W69/><G75/><T123/><D118/><U89/><E125/><V12/><F129/><N who="3" m="49163" /><G103/><T44/><D105/><U120/><E120/><N who="0" m="46153" /><D43/><U22/><E58/><V14/><F68/><W16/><G36/><T50/><D73/><U67/><E67/><V116/><F7/><N who="3" m="1399" /><G42/><T87/><D44/><U86/><E91/><V85/><F116/><W59/><G40/><T65/><D65/><U3/><E3/><V108/><F108/><W98/><G69/><T101/><D100/><U117/><E117/><V106/><F106/><W79/><G79/><T51/><D51/><U20/><REACH who="1" step="1"/><E15/><REACH who="1" ten="286,205,233,266" step="2"/><V48/><F61/><W41/><G41/><T112/><D112/><U23/><AGARI ba="0,1" hai="20,22,23,25,27,28,31,32,33,76,78,86,89,95" machi="23" ten="30,11700,0" yaku="1,1,2,1,0,1,9,1,53,0" doraHai="11" doraHaiUra="71" who="1" fromWho="1" sc="286,-39,205,127,233,-39,266,-39" /><INIT seed="1,1,0,1,4,116" ten="247,332,194,227" oya="1" hai0="71,95,94,105,3,65,73,17,55,107,135,19,33" hai1="46,133,74,59,80,10,58,127,78,108,57,60,86" hai2="0,81,28,77,51,1,40,69,88,18,56,2,52" hai3="29,70,109,84,132,72,118,115,50,25,104,14,101"/><U22/><E127/><V47/><F69/><W45/><G14/><T114/><D3/><U79/><E133/><V5/><F28/><W49/><G84/><T93/><D73/><U126/><E126/><V27/><F27/><W98/><G109/><T106/><D114/><U129/><E129/><V42/><F18/><W119/><G70/><T32/><D71/><U8/><E108/><V122/><F122/><W44/><G132/><T53/><D65/><U124/><E124/><V128/><F128/><W39/><G72/><T34/><REACH who="0" step="1"/><D135/><REACH who="0" ten="237,332,194,227" step="2"/><U117/><E74/><V67/><F67/><W16/><G115/><T130/><D130/><U100/><E117/><V99/><F5/><W41/><G119/><T82/><D82/><U121/><E60/><V15/><F0/><W75/><G75/><T36/><D36/><U110/><E110/><V43/><F1/><W61/><G118/><T20/><D20/><U89/><E22/><V64/><F2/><W54/><G39/><T31/><D31/><U123/><E10/><V7/><F7/><W112/><G112/><T6/><D6/><U23/><E8/><V131/><F131/><W38/><G38/><T62/><D62/><U24/><E121/><V30/><F30/><W66/><G61/><T35/><N who="0" m="8192" /><DORA hai="111" /><T37/><D37/><U68/><E123/><V91/><F64/><W92/><G66/><T9/><D9/><U96/><E68/><V125/><F125/><W90/><G29/><T4/><D4/><U48/><E23/><V97/><F81/><W103/><G49/><T85/><D85/><U12/><E86/><RYUUKYOKU ba="1,1" sc="237,30,332,-10,194,-10,227,-10" hai0="17,19,53,55,93,94,95,105,106,107" /><INIT seed="2,2,1,4,2,63" ten="267,322,184,217" oya="2" hai0="45,41,50,83,124,53,70,81,117,68,86,21,40" hai1="14,87,122,130,57,60,47,79,66,127,25,17,114" hai2="89,125,120,12,24,48,97,123,62,95,103,13,88" hai3="5,61,10,104,64,35,16,109,18,59,73,8,49"/><V112/><F112/><W55/><G109/><T38/><D124/><U110/><E114/><V84/><F125/><W75/><G104/><T42/><D38/><U106/><E110/><V119/><F119/><W51/><G35/><T71/><D117/><U111/><E106/><V101/><F24/><W29/><G29/><T98/><D98/><U46/><E111/><V129/><F48/><W4/><G51/><T9/><D9/><U58/><E130/><V65/><F129/><W28/><G28/><T77/><D21/><U56/><E25/><V2/><F2/><W33/><G33/><T54/><D54/><U85/><E122/><V90/><F103/><W32/><G32/><T69/><N who="0" m="17408" /><DORA hai="108" /><T100/><REACH who="0" step="1"/><D83/><REACH who="0" ten="257,322,184,217" step="2"/><U43/><E127/><V121/><REACH who="2" step="1"/><F84/><REACH who="2" ten="257,322,174,217" step="2"/><W36/><G36/><T20/><D20/><N who="1" m="11319" /><E87/><V26/><F26/><W133/><G75/><T67/><D67/><U126/><E126/><V34/><F34/><W31/><G73/><T23/><D23/><U30/><E85/><V93/><F93/><W7/><G64/><T6/><D6/><U0/><E66/><V19/><F19/><W128/><G16/><T96/><D96/><U22/><E30/><V134/><F134/><W116/><G133/><T76/><D76/><U52/><E79/><V27/><F27/><W11/><G31/><T15/><D15/><U115/><E22/><V92/><F92/><W99/><G18/><T91/><D91/><U82/><E115/><V135/><F135/><W72/><G116/><T105/><D105/><U107/><E107/><V132/><F132/><W3/><G72/><RYUUKYOKU ba="2,3" sc="257,15,322,-15,174,15,217,-15" hai0="40,41,42,45,50,53,77,81,86,100" hai2="12,13,62,65,88,89,90,95,97,101,120,121,123" /><INIT seed="2,3,3,5,4,135" ten="272,307,189,202" oya="2" hai0="82,110,3,4,90,119,71,28,83,11,91,125,93" hai1="102,39,65,24,34,121,80,99,106,128,14,16,116" hai2="103,100,59,79,49,107,27,7,75,130,54,68,9" hai3="118,86,109,77,2,37,50,108,62,133,105,38,26"/><V30/><F68/><W60/><G118/><T81/><D71/><U17/><E39/><N who="3" m="14858" /><G2/><T113/><D113/><U23/><E116/><V78/><F130/><W131/><G105/><T0/><D119/><U98/><E98/><V74/><F74/><W122/><G131/><T35/><D0/><U19/><E128/><V55/><F107/><W84/><G122/><T1/><D1/><U129/><E129/><V73/><F73/><W64/><G77/><N who="2" m="29193" /><F75/><W45/><G26/><T48/><D110/><N who="3" m="42601" /><G133/><T120/><D120/><U52/><E80/><V61/><F27/><W36/><N who="3" m="14866" /><W115/><DORA hai="31" /><G115/><T76/><D76/><U46/><E65/><V32/><F32/><W87/><G64/><T43/><D35/><U132/><E132/><V134/><F134/><W88/><G88/><T20/><D91/><U15/><E121/><V127/><F30/><W47/><G47/><N who="0" m="25727" /><D83/><U6/><E34/><V96/><F96/><W53/><AGARI ba="3,3" hai="45,50,53,60,62,84,86,87" m="42601,14866" machi="53" ten="50,1600,0" yaku="14,1" doraHai="135,31" who="3" fromWho="3" sc="272,-7,307,-7,189,-11,202,55" /><INIT seed="3,0,0,1,5,16" ten="265,300,178,257" oya="3" hai0="32,8,24,13,6,124,12,130,18,132,0,83,85" hai1="109,25,125,20,99,43,56,41,45,5,122,95,53" hai2="34,50,127,33,55,48,22,72,91,28,36,47,120" hai3="116,115,97,111,64,104,105,10,19,106,35,88,70"/><W27/><G116/><T58/><D124/><U110/><E125/><V86/><F36/><W49/><G115/><T76/><D130/><U114/><E5/><V80/><F120/><W46/><G111/><T11/><D132/><U94/><E122/><V3/><F3/><W54/><G64/><T59/><D0/><U21/><E114/><V52/><F72/><W69/><G35/><T112/><D112/><U128/><E25/><V93/><F127/><W100/><G100/><T118/><D118/><U29/><E29/><V133/><F133/><W44/><G44/><T17/><REACH who="0" step="1"/><D32/><REACH who="0" ten="255,300,178,257" step="2"/><U78/><E128/><V31/><F34/><W101/><G106/><T2/><D2/><U103/><E110/><V9/><F33/><W135/><G105/><T61/><D61/><U60/><E109/><V62/><F62/><W134/><G134/><T89/><D89/><U68/><E78/><V131/><F131/><W84/><G135/><T42/><D42/><U66/><E41/><V74/><F74/><W26/><G69/><T121/><D121/><U90/><E68/><V1/><F1/><W67/><G70/><T113/><D113/><U108/><E108/><V14/><F91/><W79/><G79/><T30/><D30/><U96/><E66/><V123/><F31/><W98/><G67/><T126/><D126/><U77/><E77/><V81/><F28/><W57/><G88/><T39/><D39/><AGARI ba="0,1" hai="20,21,39,43,45,53,56,60,90,94,95,96,99,103" machi="39" ten="30,3900,0" yaku="7,1,52,2" doraHai="16" who="1" fromWho="0" sc="255,-39,300,49,178,0,257,0" /><INIT seed="4,0,0,4,5,36" ten="216,349,178,257" oya="0" hai0="12,59,14,92,90,98,45,48,8,38,65,50,118" hai1="55,70,32,60,23,26,93,31,29,75,3,105,110" hai2="112,132,13,58,96,81,46,101,135,119,21,34,108" hai3="35,73,78,49,122,106,72,30,120,91,10,9,63"/><T128/><D128/><U64/><E75/><V97/><F34/><W126/><G106/><T89/><D118/><U28/><E3/><V88/><F108/><W95/><G126/><T134/><D134/><N who="2" m="51242" /><F112/><W24/><G49/><T69/><D69/><U5/><E5/><V66/><F46/><W87/><G63/><N who="0" m="38143" /><D38/><U2/><E2/><V62/><F119/><W22/><G35/><T86/><D8/><N who="3" m="3177" /><G78/><T25/><D25/><U42/><E105/><V85/><F101/><W39/><G39/><T44/><D50/><U56/><E110/><V76/><F76/><W131/><G131/><T109/><D109/><U83/><E83/><V104/><F104/><W20/><G20/><T7/><D7/><U40/><E93/><V124/><F124/><W11/><N who="3" m="3185" /><W53/><DORA hai="16" /><G53/><N who="0" m="29831" /><D45/><U130/><E130/><V133/><F133/><W94/><G94/><AGARI ba="0,0" hai="12,14,86,89,90,92,94,98" m="29831,38143" machi="94" ten="30,1500,0" yaku="8,1" doraHai="36,16" who="0" fromWho="3" sc="216,15,349,0,178,0,257,-15" /><INIT seed="4,1,0,2,1,70" ten="231,349,178,242" oya="0" hai0="66,38,12,29,80,52,54,21,92,77,16,89,133" hai1="122,26,93,113,118,130,41,42,2,24,84,83,7" hai2="49,124,127,96,25,23,95,8,109,88,43,68,94" hai3="63,132,64,36,1,57,35,34,48,78,125,106,99"/><T108/><D133/><U13/><E122/><V129/><F109/><W6/><G125/><T112/><D108/><U79/><E2/><V45/><F68/><W53/><G132/><T87/><D112/><U18/><E118/><V131/><F94/><W91/><G78/><T74/><D38/><U85/><E7/><V44/><F44/><W9/><G36/><T17/><D29/><U14/><E13/><V47/><F47/><W65/><G65/><T76/><D66/><U0/><E0/><V11/><F11/><W33/><G33/><T39/><D39/><U117/><E130/><N who="2" m="49675" /><F8/><W4/><G4/><T90/><D17/><AGARI ba="1,0" hai="17,23,25,43,45,49,88,95,96,124,127" m="49675" machi="17" ten="30,2000,0" yaku="19,1,54,1" doraHai="70" who="2" fromWho="0" sc="231,-23,349,0,178,23,242,0" /><INIT seed="5,0,0,1,5,113" ten="208,349,201,242" oya="1" hai0="79,5,29,38,81,26,37,35,1,101,87,100,112" hai1="104,90,63,17,34,47,62,20,130,129,131,107,105" hai2="6,57,69,42,58,133,92,21,116,127,121,110,66" hai3="13,98,53,80,14,99,9,120,74,125,4,126,95"/><U134/><E34/><V97/><F121/><W43/><G120/><T76/><D112/><U84/><E47/><V18/><F110/><W31/><G31/><T117/><D117/><U0/><E0/><V25/><F133/><W61/><G43/><T16/><D76/><U67/><E134/><V48/><F116/><W123/><G123/><T23/><D38/><U75/><E75/><V15/><F69/><W109/><G109/><T30/><D37/><U52/><E67/><V114/><F66/><W128/><G128/><T96/><D96/><U44/><E44/><N who="2" m="25623" /><F127/><N who="3" m="48651" /><G13/><N who="0" m="9615" /><D30/><U11/><E11/><AGARI ba="0,0" hai="1,5,11,26,29,35,79,81,87,100,101" m="9615" machi="11" ten="30,2000,0" yaku="24,1,54,1" doraHai="113" who="0" fromWho="1" sc="208,20,349,-20,201,0,242,0" /><INIT seed="6,0,0,0,2,82" ten="228,329,201,242" oya="2" hai0="117,104,131,47,99,106,93,98,62,8,55,102,3" hai1="74,71,126,26,94,84,58,79,15,91,116,118,30" hai2="64,44,23,35,70,129,17,14,12,124,107,0,134" hai3="63,68,67,65,19,57,5,97,31,110,76,130,80"/><V29/><F107/><W18/><G110/><T128/><D117/><U86/><E71/><V1/><F70/><W132/><G130/><N who="0" m="49707" /><D98/><U61/><E74/><V45/><F129/><W112/><G132/><T75/><D75/><U11/><E79/><V119/><F64/><W9/><G112/><T51/><D62/><U114/><E114/><V135/><F45/><W38/><G38/><T127/><D127/><U78/><E78/><V83/><F83/><W105/><G31/><T121/><D121/><U27/><E126/><V81/><F81/><W24/><G24/><N who="1" m="9258" /><E30/><V122/><F44/><W90/><G67/><T43/><D43/><U6/><E116/><V10/><F124/><W125/><G68/><T54/><D54/><N who="1" m="34007" /><E118/><V92/><F119/><W40/><G40/><T53/><D53/><U7/><E6/><AGARI ba="0,0" hai="3,6,8,47,51,55,93,99,102,104,106" m="49707" machi="6" ten="30,1000,0" yaku="19,1" doraHai="82" who="0" fromWho="1" sc="228,10,329,-10,201,0,242,0" /><INIT seed="7,0,0,4,2,43" ten="238,319,201,242" oya="3" hai0="113,89,58,104,9,64,27,108,34,83,38,134,35" hai1="135,55,106,47,125,1,48,56,112,94,37,39,51" hai2="77,25,33,80,98,57,124,70,0,60,10,115,66" hai3="96,5,40,4,123,111,121,61,6,102,63,21,118"/><W92/><G118/><T19/><D108/><U82/><E106/><V65/><F115/><W103/><G111/><T69/><D69/><U62/><E1/><V86/><F124/><W85/><G103/><T26/><D104/><U122/><E122/><V41/><F98/><W133/><G133/><T100/><D100/><U130/><E112/><V97/><F97/><W119/><G119/><T18/><D38/><U109/><E94/><V79/><F33/><W24/><G85/><N who="0" m="50367" /><D34/><U131/><E82/><V45/><F25/><N who="0" m="9226" /><D35/><U87/><E87/><V84/><F77/><W95/><G95/><T67/><D134/><U72/><E72/><V99/><F99/><W74/><G74/><T114/><D114/><U59/><E109/><V116/><F116/><W81/><G81/><T71/><D71/><U44/><E135/><V88/><F70/><W107/><G107/><T129/><D129/><N who="1" m="49163" /><E125/><V3/><F65/><N who="0" m="25162" /><D113/><U117/><E117/><V42/><F42/><W101/><G101/><T91/><D91/><U68/><E68/><V46/><F41/><W90/><G102/><T30/><D30/><U75/><E75/><V2/><REACH who="2" step="1"/><F10/><REACH who="2" ten="238,319,191,242" step="2"/><W29/><G40/><T78/><D78/><U20/><E39/><V31/><F31/><W15/><G123/><T17/><D9/><U23/><E37/><V93/><AGARI ba="0,1" hai="0,2,3,45,46,57,60,66,79,80,84,86,88,93" machi="93" ten="30,8000,1" yaku="1,1,0,1,52,2,54,1,53,0" doraHai="43" doraHaiUra="36" who="2" fromWho="2" sc="238,-20,319,-20,191,90,242,-40" /><INIT seed="8,0,0,3,5,70" ten="218,299,281,202" oya="0" hai0="24,103,28,42,115,26,8,81,33,69,41,16,67" hai1="63,97,25,44,35,22,34,14,62,11,84,118,57" hai2="30,39,114,0,47,111,38,51,40,54,104,89,116" hai3="117,72,88,58,2,91,119,98,4,9,106,132,1"/><T86/><D115/><U123/><E123/><V49/><F104/><W126/><G72/><T60/><D103/><U3/><E3/><V48/><F0/><W73/><G73/><T131/><D131/><U6/><E63/><V80/><F111/><W5/><G126/><T7/><D7/><N who="3" m="2633" /><G132/><T64/><D64/><U125/><E125/><V79/><F30/><W20/><G9/><T68/><D68/><U55/><E118/><N who="3" m="45066" /><G20/><T124/><D124/><U87/><E35/><V112/><F116/><W10/><G58/><T122/><D122/><U13/><E13/><V127/><F127/><W56/><G56/><T23/><REACH who="0" step="1"/><D8/><REACH who="0" ten="208,299,281,202" step="2"/><U82/><E6/><V90/><F114/><W113/><G10/><T120/><D120/><U19/><E11/><V66/><F66/><W15/><G113/><T95/><D95/><U36/><E82/><V50/><F80/><W99/><G1/><T45/><D45/><U59/><E44/><V76/><F112/><W27/><G2/><T53/><D53/><U93/><E55/><V92/><F54/><W96/><G106/><T17/><D17/><U46/><E46/><V133/><F92/><W109/><G109/><T129/><D129/><U128/><E19/><V61/><F47/><W83/><G83/><T85/><D85/><U105/><E87/><V43/><F43/><W102/><G102/><T94/><D94/><U21/><E93/><V74/><F40/><W134/><G134/><T37/><D37/><U71/><E128/><V121/><F133/><W65/><G65/><T78/><AGARI ba="0,1" hai="16,23,24,26,28,33,41,42,60,67,69,78,81,86" machi="78" ten="20,7800,0" yaku="1,1,0,1,7,1,54,1,53,0" doraHai="70" doraHaiUra="135" who="0" fromWho="0" sc="208,88,299,-26,281,-26,202,-26" /><INIT seed="8,1,0,3,5,30" ten="296,273,255,176" oya="0" hai0="87,94,22,69,84,53,7,106,71,76,51,121,17" hai1="46,115,88,73,120,62,92,63,37,52,116,125,114" hai2="117,133,91,107,83,13,32,104,134,28,68,0,4" hai3="60,12,130,123,23,8,61,9,67,110,93,31,27"/><T85/><D106/><U34/><E34/><V56/><F68/><W6/><G110/><T126/><D121/><U38/><E73/><V41/><F13/><W132/><G123/><T70/><D7/><U15/><E120/><V20/><F20/><W39/><G39/><N who="1" m="14858" /><E15/><V79/><F41/><W127/><G127/><T49/><D126/><U101/><E101/><V29/><F29/><W97/><G132/><N who="2" m="50793" /><F56/><W112/><G130/><T80/><D94/><U43/><E43/><V48/><F48/><W14/><G112/><N who="1" m="43050" /><E125/><V65/><F91/><N who="3" m="55487" /><G67/><T72/><REACH who="0" step="1"/><D53/><REACH who="0" ten="286,273,255,176" step="2"/><U89/><E116/><V75/><F117/><W90/><G90/><N who="1" m="34922" /><E92/><V1/><F107/><W55/><G55/><T119/><D119/><U98/><E98/><V96/><F96/><W45/><G45/><T78/><D78/><U108/><E108/><V109/><F104/><W36/><G36/><T99/><D99/><U58/><E46/><V131/><F109/><W3/><G3/><T95/><D95/><U124/><E124/><V135/><F0/><W40/><G40/><T82/><D82/><U25/><E63/><V21/><F1/><W103/><G103/><T122/><D122/><U86/><E86/><V33/><F135/><W102/><G102/><T128/><D128/><U2/><E2/><V111/><F131/><W105/><G105/><T59/><D59/><U47/><E47/><V50/><F111/><W44/><G44/><T113/><D113/><U66/><E52/><V57/><F57/><W16/><AGARI ba="1,1" hai="6,8,9,12,14,16,23,27,31,60,61" m="55487" machi="16" ten="30,2000,0" yaku="8,1,54,1" doraHai="30" who="3" fromWho="3" sc="286,-11,273,-6,255,-6,176,33" /><INIT seed="9,0,0,5,0,67" ten="275,267,249,209" oya="1" hai0="26,2,68,38,117,89,73,1,50,69,108,98,114" hai1="94,36,3,12,120,79,90,115,110,24,124,44,5" hai2="19,39,78,41,23,88,76,42,28,61,72,6,30" hai3="135,128,62,43,0,83,11,58,132,96,105,119,97"/><U85/><E120/><V25/><F72/><W57/><G128/><T56/><D38/><U32/><E115/><V93/><F6/><W113/><G113/><T47/><D108/><U53/><E3/><V60/><F39/><W35/><G35/><T45/><D73/><U4/><E110/><V16/><F19/><W82/><G43/><N who="2" m="16393" /><F60/><W100/><G119/><T102/><D114/><U48/><E36/><V20/><F61/><W21/><G21/><T18/><D18/><U99/><E124/><V55/><F55/><N who="3" m="34111" /><G96/><T59/><D98/><U70/><E70/><V64/><F64/><W121/><G58/><T103/><D50/><U112/><E112/><V63/><F63/><W8/><G121/><T101/><D1/><U40/><E40/><V126/><F126/><W107/><G107/><T106/><D106/><U46/><E46/><V80/><F80/><N who="3" m="30763" /><G0/><T92/><D2/><U17/><E79/><N who="2" m="30251" /><F23/><W13/><G13/><T109/><D109/><U95/><E32/><V22/><F20/><W33/><G33/><T122/><D122/><U37/><E37/><V31/><F31/><W77/><G77/><T29/><D68/><U27/><E17/><V87/><AGARI ba="0,0" hai="16,22,25,28,30,87,88,93" m="30251,16393" machi="87" ten="30,4000,0" yaku="8,1,54,2" doraHai="67" who="2" fromWho="2" sc="275,-10,267,-20,249,40,209,-10" /><INIT seed="10,0,0,5,5,22" ten="265,247,289,199" oya="2" hai0="130,5,79,56,30,88,84,55,17,20,54,113,93" hai1="37,62,95,72,122,41,128,90,27,2,1,96,15" hai2="66,3,46,6,78,61,19,4,8,116,134,57,45" hai3="73,92,102,94,118,75,91,26,67,120,47,112,31"/><V14/><F116/><W33/><G120/><T36/><D36/><U82/><E122/><V135/><F78/><W107/><G118/><T7/><D113/><U132/><E132/><N who="2" m="50731" /><F6/><N who="0" m="2058" /><D130/><U63/><E128/><V104/><F104/><W43/><G112/><T51/><D30/><U34/><E37/><V11/><AGARI ba="0,0" hai="3,4,8,11,14,19,45,46,57,61,66" m="50731" machi="11" ten="30,1500,0" yaku="20,1" doraHai="22" who="2" fromWho="2" sc="265,-5,247,-5,289,15,199,-5" owari="260,6.0,242,-16.0,304,41.0,194,-31.0" /></mjloggm>