<mjloggm ver="2.3"><GO type="225" lobby="0"/><UN n0="%6B%79%6F%6E%6B%6F%31%31" n1="%70%69%6E%70%69%6E%36" n2="%E9%99%A4%E5%90%8D" n3="%E3%82%AB%E3%83%9C%E3%83%81%E3%83%A3%E3%82%BF%E3%83%8D" dan="17,16,16,16" rate="2193.31,2186.36,2169.42,2088.24" sx="M,M,M,M"/><TAIKYOKU oya="0"/><INIT seed="0,0,0,0,3,17" ten="250,250,250,250" oya="0" hai0="5,11,58,83,91,77,86,52,88,60,120,6,93" hai1="30,111,107,85,113,56,127,98,42,104,40,24,74" hai2="114,35,22,67,36,1,68,99,105,50,2,38,45" hai3="69,108,0,135,53,97,34,18,44,37,134,131,80"/><T73/><D120/><U101/><E74/><V92/><F114/><W48/><G0/><T75/><D91/><U96/><E113/><V84/><F35/><W115/><G34/><T81/><REACH who="0" step="1"/><D11/><REACH who="0" ten="240,250,250,250" step="2"/><U112/><E112/><V116/><F116/><W123/><G115/><T72/><D72/><U43/><E127/><V41/><F1/><W46/><G123/><T110/><D110/><U122/><E111/><V71/><F2/><W100/><G108/><T33/><D33/><U61/><E122/><V89/><F89/><W19/><G135/><T3/><D3/><U66/><E85/><V10/><F84/><W94/><G134/><T8/><D8/><U12/><E12/><V23/><F10/><W54/><G131/><T21/><D21/><U63/><E63/><V128/><F23/><W102/><G102/><T14/><D14/><U125/><E125/><V15/><F22/><W70/><G80/><T76/><AGARI ba="0,1" hai="5,6,52,58,60,73,75,76,77,81,83,86,88,93" machi="76" ten="30,18000,2" yaku="1,1,0,1,9,1,54,2,53,2" doraHai="17" doraHaiUra="78" who="0" fromWho="0" sc="240,190,250,-60,250,-60,250,-60" /><INIT seed="0,1,0,3,2,121" ten="430,190,190,190" oya="0" hai0="96,29,10,92,16,71,88,61,13,110,26,20,56" hai1="132,46,55,59,5,27,36,127,82,76,33,38,129" hai2="98,19,84,57,51,62,133,7,104,131,3,48,58" hai3="119,35,78,108,24,6,83,18,64,2,70,63,67"/><T101/><D71/><U111/><E129/><V120/><F131/><W30/><G119/><T37/><D37/><U17/><E127/><V66/><F120/><W75/><G64/><T22/><D110/><U34/><E132/><V89/><F133/><W87/><G18/><T60/><D101/><U65/><E111/><V90/><F3/><W97/><G87/><T52/><REACH who="0" step="1"/><D61/><REACH who="0" ten="420,190,190,190" step="2"/><U79/><E38/><V14/><F62/><W44/><G108/><T53/><D53/><U134/><E55/><V0/><F66/><W69/><G63/><T12/><D12/><U40/><E36/><V42/><F14/><W128/><G67/><T31/><D31/><U74/><E65/><V124/><F0/><W113/><G128/><T117/><D117/><U81/><E40/><V41/><F42/><W47/><G70/><T32/><AGARI ba="1,1" hai="10,13,16,20,22,26,29,32,52,56,60,88,92,96" machi="32" ten="20,18000,2" yaku="1,1,0,1,7,1,54,3,53,0" doraHai="121" doraHaiUra="45" who="0" fromWho="0" sc="420,193,190,-61,190,-61,190,-61" /><INIT seed="0,2,0,4,1,118" ten="613,129,129,129" oya="0" hai0="55,127,36,85,105,2,52,49,73,56,123,110,115" hai1="119,112,18,24,75,96,10,82,40,132,30,134,14" hai2="76,48,129,63,22,116,27,114,78,117,3,88,67" hai3="13,47,31,111,81,87,25,62,113,7,90,83,86"/><T16/><D115/><U43/><E119/><N who="2" m="45643" /><F114/><W29/><G111/><T109/><D73/><U9/><E112/><V59/><F129/><W15/><G113/><T39/><D105/><U12/><E96/><V66/><F3/><W95/><G7/><T102/><D102/><U122/><E82/><V58/><F88/><W101/><G47/><T91/><D2/><U11/><E75/><V79/><F48/><W53/><G101/><T70/><D70/><U57/><E57/><N who="2" m="21515" /><F63/><W0/><G0/><T50/><D127/><U69/><E69/><V41/><F41/><W1/><G1/><T131/><D131/><U45/><E45/><V71/><F71/><W133/><G53/><T42/><D55/><U124/><E124/><V92/><F92/><W108/><G62/><T6/><D6/><N who="1" m="3127" /><E43/><V35/><F35/><W19/><G95/><T107/><D50/><U120/><E40/><V26/><F22/><N who="3" m="13535" /><G108/><N who="0" m="41579" /><D107/><U84/><E84/><V46/><F46/><W17/><G17/><T130/><D130/><U99/><E99/><V20/><F20/><W94/><G94/><N who="0" m="54639" /><D42/><U28/><E10/><V80/><F80/><W21/><G21/><T44/><D44/><U72/><E72/><V60/><F60/><W135/><G31/><N who="1" m="11818" /><E24/><AGARI ba="2,0" hai="24,26,27,66,67,76,78,79" m="21515,45643" machi="24" ten="40,5200,0" yaku="28,2,12,1" doraHai="118" who="2" fromWho="1" sc="613,0,129,-58,129,58,129,0" /><INIT seed="1,0,0,0,4,71" ten="613,71,187,129" oya="1" hai0="3,57,108,104,93,23,61,29,131,84,13,54,127" hai1="79,87,114,113,109,41,50,98,123,19,85,45,103" hai2="38,116,130,46,133,59,5,25,39,37,129,28,31" hai3="4,62,10,12,126,24,56,78,110,32,122,70,0"/><U91/><E123/><V34/><F116/><W125/><G70/><T69/><D104/><U53/><E109/><V90/><F133/><W27/><G122/><T118/><D3/><U68/><E68/><V99/><F5/><W101/><G101/><T107/><D107/><U86/><E114/><V47/><F28/><W17/><G78/><T49/><D118/><U1/><E1/><V63/><F90/><W124/><G32/><T11/><D108/><U89/><E113/><V112/><F99/><W134/><G110/><T9/><D127/><U26/><E79/><V128/><F112/><W35/><G35/><T22/><D131/><U73/><E73/><V82/><F82/><W51/><G51/><T7/><D9/><U30/><E19/><V8/><F8/><N who="3" m="6279" /><G134/><T83/><D93/><N who="1" m="58831" /><E41/><V64/><AGARI ba="0,0" hai="25,31,34,37,38,39,46,47,59,63,64,128,129,130" machi="64" ten="40,8000,1" yaku="0,1,19,1,52,3" doraHai="71" who="2" fromWho="2" sc="613,-20,71,-40,187,80,129,-20" /><INIT seed="2,0,0,3,3,1" ten="593,31,267,109" oya="2" hai0="100,59,101,91,70,128,23,90,94,11,0,29,9" hai1="16,112,24,31,15,22,5,126,135,47,26,42,99" hai2="125,8,77,13,64,120,72,39,122,82,83,84,80" hai3="37,60,57,133,20,95,43,74,32,34,14,121,127"/><V28/><F39/><W51/><G74/><T79/><D70/><U109/><E112/><V69/><F125/><W33/><G121/><T61/><D79/><U92/><E126/><V38/><F38/><W30/><G37/><T21/><D91/><U75/><E75/><V36/><F36/><W7/><G127/><T50/><D50/><U12/><E109/><V85/><F28/><W123/><G123/><T58/><D58/><U67/><E67/><V10/><F80/><W40/><G51/><T98/><D128/><U48/><E135/><V124/><F124/><W62/><G133/><T45/><D45/><U73/><E73/><V3/><F72/><W65/><G7/><T41/><D21/><U97/><E31/><V104/><F104/><W27/><G14/><T35/><D35/><U78/><E78/><V106/><F106/><W19/><G19/><T105/><D41/><U66/><E66/><V56/><F69/><W117/><G117/><T52/><D0/><U132/><E132/><V103/><F103/><N who="0" m="39498" /><D105/><U54/><E42/><V116/><F116/><W108/><G108/><T44/><D44/><U55/><E55/><V46/><F46/><W107/><G107/><T25/><AGARI ba="0,0" hai="9,11,23,25,29,52,59,61,90,94,98" m="39498" machi="25" ten="30,2000,0" yaku="8,1,54,1" doraHai="1" who="0" fromWho="0" sc="593,20,31,-5,267,-10,109,-5" /><INIT seed="3,0,0,5,2,38" ten="613,26,257,104" oya="3" hai0="1,57,30,18,49,124,64,55,22,104,3,103,114" hai1="85,10,56,101,78,26,19,106,72,43,35,115,37" hai2="4,70,74,91,95,128,129,123,45,51,16,5,79" hai3="9,80,133,48,33,93,110,97,47,63,25,100,8"/><W62/><G133/><T36/><D36/><U58/><E115/><V31/><F70/><W21/><G33/><T32/><D114/><U125/><E125/><V108/><F108/><W86/><G110/><T87/><D124/><U12/><E106/><V81/><F31/><W120/><G120/><T94/><D104/><U13/><E101/><V50/><F123/><W82/><G8/><T126/><D126/><U52/><E35/><V54/><F50/><W102/><G102/><T118/><D30/><U61/><E72/><V127/><F127/><W0/><G0/><T121/><D121/><U73/><E73/><V53/><F53/><W111/><G9/><T20/><D20/><U122/><E122/><V69/><F69/><W75/><G75/><T77/><D118/><U113/><E113/><V132/><F132/><W89/><G82/><T14/><D32/><U41/><E37/><V68/><F68/><W98/><G98/><T46/><D103/><U92/><E26/><V29/><F29/><W131/><G131/><N who="2" m="50249" /><F16/><N who="3" m="12455" /><G111/><T6/><D6/><N who="1" m="3159" /><E58/><V24/><F24/><W84/><G84/><AGARI ba="0,0" hai="4,5,45,51,54,74,79,81,84,91,95" m="50249" machi="84" ten="30,1000,0" yaku="19,1" doraHai="38" who="2" fromWho="3" sc="613,0,26,0,257,10,104,-10" owari="613,71.0,26,-47.0,267,7.0,94,-31.0" /></mjloggm>