<mjloggm ver="2.3"><GO type="169" lobby="0"/><UN n0="%E3%81%B3%E3%82%8A%E3%81%B3%E3%82%8A%E2%98%86%E3%83%93%E3%83%AA%E3%83%BC" n1="%E9%81%8A%E8%B5%B0" n2="%E3%82%81%E3%82%93%E3%81%9F%E3%82%93%6F" n3="%E3%81%B5%E3%81%8F%E3%82%8D%E3%81%86%E3%81%95%E3%82%93" dan="17,16,16,18" rate="2142.55,2160.62,2113.80,2224.49" sx="M,M,F,F"/><TAIKYOKU oya="0"/><INIT seed="0,0,0,3,5,98" ten="250,250,250,250" oya="0" hai0="109,49,75,108,35,132,11,44,126,85,31,16,133" hai1="9,78,135,106,39,82,101,103,57,29,110,69,53" hai2="30,87,97,99,134,32,116,8,27,118,42,105,0" hai3="115,55,22,68,92,79,14,47,59,83,48,74,23"/><T18/><D75/><U4/><E69/><V102/><F134/><N who="0" m="51818" /><D126/><U128/><E135/><V84/><F42/><W52/><G115/><T104/><D104/><U107/><E39/><V50/><F50/><W122/><G122/><T93/><D31/><U117/><E117/><N who="2" m="45163" /><F99/><W113/><G113/><T46/><D35/><U10/><E128/><V131/><F131/><W96/><G68/><T25/><D25/><U1/><E110/><N who="0" m="42601" /><D11/><U41/><E41/><V24/><F24/><W3/><G3/><T38/><D38/><U5/><E29/><V37/><F37/><W123/><G123/><T67/><D67/><U111/><E111/><V124/><F124/><W114/><G114/><T130/><D130/><U56/><E107/><V65/><F65/><W120/><G120/><T6/><D6/><AGARI ba="0,0" hai="0,6,8,27,30,32,84,87,97,102,105" m="45163" machi="6" ten="30,2000,0" yaku="12,1,52,1" doraHai="98" who="2" fromWho="0" sc="250,-20,250,0,250,20,250,0" /><INIT seed="1,0,0,0,0,95" ten="230,250,270,250" oya="1" hai0="62,20,8,52,80,39,25,12,127,57,86,135,124" hai1="131,104,10,108,119,100,61,75,134,46,0,36,19" hai2="9,97,132,126,118,67,33,3,94,32,5,37,91" hai3="58,23,59,102,88,54,44,66,83,112,109,115,35"/><U70/><RYUUKYOKU type="yao9" ba="0,0" sc="230,0,250,0,270,0,250,0" hai1="0,10,19,36,46,61,70,75,100,104,108,119,131,134" /><INIT seed="1,1,0,0,1,83" ten="230,250,270,250" oya="1" hai0="92,95,110,87,8,130,134,44,91,114,135,103,121" hai1="70,45,71,67,77,36,81,109,5,37,90,57,41" hai2="124,76,94,74,38,113,60,127,55,56,0,13,14" hai3="17,1,48,23,15,11,29,119,31,33,51,9,69"/><U116/><E116/><V132/><F38/><W39/><G39/><T4/><D114/><U34/><E34/><V118/><F118/><W21/><G69/><T78/><D110/><U50/><E109/><V19/><F0/><W28/><G119/><T117/><D117/><U20/><E90/><V122/><F122/><W79/><G79/><T80/><D121/><U16/><E5/><V126/><F113/><W73/><G73/><T62/><D130/><U66/><E66/><V125/><N who="2" m="31744" /><DORA hai="111" /><V120/><F120/><W98/><G98/><T93/><D103/><U25/><E37/><V133/><F94/><W61/><G61/><T47/><D62/><U7/><E7/><V49/><F49/><W88/><G88/><T82/><D134/><U108/><E108/><V32/><F32/><W53/><G51/><T2/><REACH who="0" step="1"/><D135/><REACH who="0" ten="220,250,270,250" step="2"/><N who="2" m="51786" /><F19/><W58/><G33/><T112/><D112/><U105/><E105/><V10/><F10/><W104/><G104/><T72/><AGARI ba="1,1" hai="2,4,8,44,47,72,78,80,82,87,91,92,93,95" machi="72" ten="30,4000,0" yaku="1,1,0,1,52,1,53,0" doraHai="83,111" doraHaiUra="115,131" who="0" fromWho="0" sc="220,53,250,-21,270,-11,250,-11" /><INIT seed="2,0,0,1,4,115" ten="273,229,259,239" oya="2" hai0="51,104,77,125,107,18,88,92,76,16,64,102,127" hai1="29,0,62,65,101,3,121,120,129,60,57,54,48" hai2="131,15,10,80,5,103,34,17,19,95,132,111,8" hai3="98,100,119,45,126,94,68,70,71,1,13,55,97"/><V99/><F132/><W50/><G126/><N who="0" m="48139" /><D64/><U130/><E101/><V89/><F131/><N who="1" m="50185" /><E29/><V109/><F34/><W90/><G1/><T93/><D51/><U75/><E75/><V134/><F134/><W44/><G119/><T69/><D93/><U14/><E14/><V26/><F26/><W41/><G13/><T53/><D53/><U108/><E108/><N who="2" m="41547" /><F10/><W67/><G67/><T11/><D69/><N who="1" m="42151" /><E0/><V105/><F80/><W59/><REACH who="3" step="1"/><G41/><REACH who="3" ten="273,229,259,229" step="2"/><T128/><D128/><U12/><E3/><V135/><F135/><W7/><G7/><T9/><D9/><U96/><E12/><V42/><F42/><W66/><G66/><T22/><D11/><U79/><E121/><V43/><F43/><W118/><G118/><T133/><D133/><U87/><E120/><V61/><F61/><W85/><G85/><AGARI ba="0,1" hai="5,8,15,17,19,85,89,95,99,103,105" m="41547" machi="85" ten="30,2900,0" yaku="14,1,10,1" doraHai="115" who="2" fromWho="3" sc="273,0,229,0,259,39,229,-29" /><INIT seed="2,1,0,3,2,101" ten="273,229,298,200" oya="2" hai0="6,103,64,76,17,27,130,135,39,44,87,90,38" hai1="91,1,7,25,52,70,61,2,53,84,100,49,65" hai2="123,69,86,77,78,33,108,104,131,132,45,32,125" hai3="127,89,11,119,50,68,46,26,121,13,112,31,9"/><V58/><F58/><W73/><G119/><T56/><D6/><U19/><E100/><V118/><F45/><W126/><G121/><T48/><D130/><U79/><E79/><V22/><F22/><W124/><G68/><T133/><D76/><U30/><E19/><V98/><F86/><W67/><G73/><T107/><D56/><U28/><E28/><V23/><F98/><W40/><G112/><T18/><D64/><U120/><E120/><V60/><F23/><W54/><G67/><T15/><D27/><U41/><E41/><V111/><F60/><W81/><G40/><T99/><D39/><U37/><E37/><V63/><F63/><W82/><G89/><T62/><D62/><U59/><E53/><V95/><F95/><W10/><REACH who="3" step="1"/><G13/><REACH who="3" ten="273,229,298,190" step="2"/><T85/><D15/><U12/><E12/><V96/><F78/><W55/><G55/><T115/><D115/><U21/><REACH who="1" step="1"/><E7/><REACH who="1" ten="273,219,298,190" step="2"/><V3/><F77/><W0/><G0/><T71/><D133/><U117/><E117/><V114/><F108/><W134/><G134/><T97/><D135/><U88/><E88/><V4/><F4/><W106/><G106/><T113/><D107/><U94/><AGARI ba="1,2" hai="1,2,21,25,30,49,52,59,61,65,70,84,91,94" machi="94" ten="20,5200,0" yaku="1,1,0,1,7,1,54,1,53,0" doraHai="101" doraHaiUra="129" who="1" fromWho="1" sc="273,-14,219,75,298,-27,190,-14" /><INIT seed="3,0,0,0,0,54" ten="259,294,271,176" oya="3" hai0="47,39,125,10,56,118,121,71,28,40,38,9,68" hai1="22,35,50,18,73,102,32,124,103,21,5,23,80" hai2="66,42,119,129,108,37,109,19,84,114,12,33,57" hai3="86,61,113,127,134,130,8,15,95,122,3,120,89"/><W131/><G3/><T96/><D118/><U78/><E124/><V76/><F33/><W85/><G113/><T132/><D121/><U16/><E5/><V59/><F66/><W63/><G127/><T133/><D125/><U64/><E64/><V135/><F114/><W2/><G2/><T105/><D28/><U87/><E73/><V67/><F67/><W30/><G30/><T90/><D39/><U11/><E11/><N who="2" m="6559" /><F119/><W46/><G46/><T91/><D9/><U112/><E112/><V26/><F26/><W53/><G134/><N who="0" m="51819" /><D10/><U1/><E1/><V107/><F107/><W81/><G15/><T41/><D41/><U45/><E32/><V123/><F123/><N who="3" m="47147" /><G8/><T62/><D105/><U43/><E35/><V74/><F74/><W115/><G115/><T82/><D82/><U110/><E110/><N who="2" m="42603" /><F129/><N who="3" m="49163" /><G53/><N who="0" m="34063" /><D96/><U60/><E21/><V111/><N who="2" m="42611" /><V29/><DORA hai="48" /><F29/><W34/><G34/><T55/><D55/><U31/><E23/><V88/><F76/><AGARI ba="0,0" hai="61,63,76,81,85,86,89,95" m="49163,47147" machi="76" ten="30,1500,0" yaku="19,1" doraHai="54,48" who="3" fromWho="2" sc="259,0,294,0,271,-15,176,15" /><INIT seed="3,1,0,4,1,129" ten="259,294,256,191" oya="3" hai0="93,42,94,82,76,1,15,66,122,10,58,13,38" hai1="75,112,119,65,54,91,79,34,121,68,29,40,126" hai2="130,115,55,80,45,73,51,32,102,2,43,110,26" hai3="85,107,70,90,39,47,4,5,84,83,52,23,59"/><W67/><G107/><T81/><D122/><U3/><E3/><V78/><F115/><W61/><G23/><T100/><D1/><U46/><E121/><V114/><F114/><W16/><G85/><T117/><D117/><U134/><E112/><V127/><F127/><W20/><G39/><T118/><D118/><U31/><E119/><V24/><F130/><W56/><G47/><T0/><D0/><U27/><E29/><V60/><F110/><W101/><G101/><T105/><D105/><U109/><E109/><V21/><F2/><W53/><G70/><T87/><D38/><U131/><E131/><V98/><F32/><W9/><G9/><T49/><D100/><U103/><E54/><V14/><F14/><W17/><G67/><T97/><D15/><U88/><E103/><V72/><F72/><W69/><G69/><T36/><D97/><U62/><E126/><V128/><F128/><W7/><G20/><T19/><D36/><N who="1" m="21767" /><E88/><V89/><F89/><W106/><G106/><T41/><D82/><N who="1" m="45439" /><E91/><V125/><F125/><W77/><G90/><T92/><REACH who="0" step="1"/><D49/><AGARI ba="1,0" hai="4,5,7,16,17,49,52,53,56,59,61,77,83,84" machi="49" ten="40,7700,0" yaku="8,1,54,2" doraHai="129" who="3" fromWho="0" sc="259,-80,294,0,256,0,191,80" /><INIT seed="3,2,0,4,4,134" ten="179,294,256,271" oya="3" hai0="95,127,119,55,50,27,100,45,104,75,2,71,79" hai1="26,126,69,56,6,85,132,19,48,53,123,133,118" hai2="61,135,111,116,65,93,0,5,101,47,130,44,41" hai3="82,43,30,32,3,22,74,15,16,76,54,128,29"/><W131/><G43/><T122/><D119/><U46/><E123/><V108/><F116/><W117/><G117/><T66/><D122/><U31/><E118/><V52/><F135/><N who="1" m="51785" /><E126/><V20/><F130/><W105/><G105/><T73/><D104/><U68/><E6/><V78/><F78/><W92/><G3/><T129/><D2/><U80/><E19/><V124/><F5/><W57/><G92/><T38/><D129/><N who="3" m="49737" /><G32/><T8/><D38/><U125/><E125/><V28/><F0/><W12/><G12/><T88/><D127/><U89/><E56/><V59/><F124/><W90/><G90/><T13/><D100/><U110/><E110/><V67/><F111/><W87/><G74/><T102/><D102/><U97/><E97/><N who="2" m="59567" /><F108/><W39/><G39/><T34/><D79/><U36/><E36/><V63/><F41/><W99/><G99/><T115/><D34/><AGARI ba="2,0" hai="26,31,34,46,48,53,68,69,80,85,89" m="51785" machi="34" ten="30,1000,0" yaku="20,1" doraHai="134" who="1" fromWho="0" sc="179,-16,294,16,256,0,271,0" /><INIT seed="4,0,0,3,0,131" ten="163,310,256,271" oya="0" hai0="76,23,44,5,42,88,65,60,1,61,73,80,114" hai1="63,16,130,28,10,91,109,68,103,40,20,48,17" hai2="129,54,25,19,119,58,70,32,105,67,135,78,57" hai3="127,13,93,102,134,121,90,113,50,0,14,47,128"/><T7/><D114/><U122/><E122/><V74/><F70/><W97/><G0/><T72/><D72/><U98/><E109/><V87/><F74/><W38/><G38/><T94/><D23/><U35/><E130/><V21/><F105/><W64/><G127/><T117/><D117/><U15/><E91/><V104/><F104/><W95/><G113/><T85/><D1/><U52/><E40/><V62/><F119/><W75/><G75/><T37/><REACH who="0" step="1"/><D60/><REACH who="0" ten="153,310,256,271" step="2"/><U81/><E63/><V29/><F129/><W71/><G128/><T53/><D53/><U36/><E52/><V39/><F32/><W4/><G64/><T33/><D33/><U82/><E35/><V45/><F67/><W125/><G121/><T79/><D79/><U69/><E20/><V126/><F126/><W26/><G125/><T124/><D124/><U30/><E10/><V118/><F118/><W49/><G13/><T106/><D106/><U116/><E15/><V111/><F111/><W51/><G14/><T27/><D27/><U115/><E115/><V77/><F77/><W41/><G26/><T24/><D24/><U34/><E34/><V11/><F78/><W96/><G41/><T6/><D6/><U133/><E116/><V12/><F62/><W123/><G4/><T2/><D2/><U9/><E9/><V84/><F54/><W66/><G123/><T132/><D132/><U86/><E133/><V108/><F135/><W59/><G134/><T89/><D89/><U120/><E120/><V56/><F108/><W18/><G90/><T22/><D22/><U92/><E103/><RYUUKYOKU ba="0,1" sc="153,15,310,-15,256,15,271,-15" hai0="5,7,37,42,44,61,65,73,76,80,85,88,94" hai2="11,12,19,21,25,29,39,45,56,57,58,84,87" /><INIT seed="4,1,1,3,0,18" ten="168,295,271,256" oya="0" hai0="42,47,52,57,78,90,58,22,44,126,35,72,117" hai1="45,114,43,83,66,17,91,75,2,67,105,127,112" hai2="123,116,8,21,98,106,85,5,71,96,34,89,107" hai3="9,63,60,59,103,25,40,115,81,129,100,26,49"/><T135/><D117/><U84/><E105/><V6/><F123/><W61/><G115/><N who="1" m="44074" /><E127/><V55/><F71/><W97/><G129/><T62/><D35/><U38/><E2/><V122/><F34/><W82/><G9/><T133/><D126/><U128/><E128/><V16/><F122/><W121/><G121/><T101/><D101/><N who="3" m="38985" /><G97/><N who="2" m="37481" /><F107/><W74/><G74/><T94/><D58/><U109/><E109/><V86/><F106/><W29/><G29/><T77/><D72/><U23/><E75/><V53/><F116/><W12/><G12/><AGARI ba="1,1" hai="12,17,23,38,43,45,66,67,83,84,91" m="44074" machi="12" ten="30,3900,0" yaku="15,1,11,1,52,1" doraHai="18" who="1" fromWho="3" sc="168,0,295,52,271,0,256,-42" /><INIT seed="5,0,0,5,5,105" ten="168,347,271,214" oya="1" hai0="27,130,75,63,108,131,132,84,72,107,106,86,24" hai1="134,56,120,26,39,36,29,94,79,101,133,78,45" hai2="117,47,113,121,93,96,114,69,127,112,50,20,99" hai3="77,115,80,61,62,59,13,30,65,42,111,0,102"/><U90/><E101/><V118/><F69/><W16/><G111/><T110/><REACH who="0" step="1"/><D63/><REACH who="0" ten="158,347,271,214" step="2"/><U1/><E133/><AGARI ba="0,1" hai="24,27,72,75,84,86,106,107,108,110,130,131,132,133" machi="133" ten="25,12000,2" yaku="21,2,2,1,22,2,52,2,53,0" doraHai="105" doraHaiUra="40" who="0" fromWho="1" sc="158,130,347,-120,271,0,214,0" /><INIT seed="6,0,0,4,5,74" ten="288,227,271,214" oya="2" hai0="95,31,97,125,63,10,103,8,83,44,20,35,59" hai1="71,9,121,23,84,100,80,39,25,64,82,52,22" hai2="70,116,42,75,132,98,1,126,40,32,67,51,133" hai3="78,28,85,46,0,30,72,61,58,134,7,21,37"/><V106/><F32/><W118/><G118/><T120/><D120/><U34/><E39/><V27/><F1/><W41/><G134/><N who="2" m="51817" /><F116/><W96/><G85/><T55/><D125/><U111/><E111/><V117/><F117/><W14/><G96/><T102/><D35/><U77/><E121/><V128/><F126/><W12/><G12/><T73/><D73/><U65/><E34/><V68/><F75/><W105/><G105/><T129/><D129/><U60/><E100/><N who="0" m="38441" /><D83/><N who="1" m="47215" /><E71/><N who="2" m="27179" /><F106/><W36/><G36/><T62/><D62/><U76/><E9/><V3/><F3/><W131/><G131/><T50/><D20/><N who="1" m="7723" /><E25/><V48/><F98/><W49/><G14/><T26/><D26/><U45/><E82/><V4/><F4/><W19/><G19/><T87/><D87/><N who="1" m="48519" /><E60/><V43/><F128/><W86/><G86/><T107/><D107/><U2/><E2/><V127/><F127/><W17/><G17/><T89/><D31/><U53/><E45/><V92/><F92/><W13/><G13/><T130/><D130/><U29/><E29/><V56/><F27/><W57/><G21/><T135/><D135/><U113/><E113/><V38/><F38/><W16/><G16/><T104/><D104/><U93/><E93/><V54/><F67/><AGARI ba="0,0" hai="8,10,44,50,55,59,63,67,89,95,97" m="38441" machi="67" ten="30,1000,0" yaku="8,1" doraHai="74" who="0" fromWho="2" sc="288,10,227,0,271,-10,214,0" /><AGARI ba="0,0" hai="52,53,64,65,67" m="48519,7723,47215" machi="67" ten="30,7700,0" yaku="8,1,52,2,54,1" doraHai="74" who="1" fromWho="2" sc="298,0,227,77,261,-77,214,0" /><INIT seed="7,0,0,4,0,135" ten="298,304,184,214" oya="3" hai0="110,75,78,6,100,49,116,13,62,40,88,113,80" hai1="33,27,44,20,101,96,0,72,97,89,132,61,12" hai2="50,10,57,46,25,26,30,3,24,81,133,82,65" hai3="102,117,127,64,70,122,31,41,123,128,34,90,106"/><W125/><G117/><T42/><D110/><U1/><E72/><V76/><F133/><W91/><G128/><T21/><D116/><U58/><E132/><V99/><F99/><N who="3" m="61791" /><G41/><T84/><D113/><U23/><E33/><V56/><F30/><W108/><G108/><T103/><D62/><U107/><E44/><V17/><F3/><W9/><G9/><N who="0" m="4279" /><D75/><U5/><E20/><V43/><F76/><W16/><G91/><T134/><D134/><U60/><E60/><V111/><F111/><W2/><G90/><T45/><D78/><U67/><E12/><V115/><F115/><W66/><G2/><T124/><D42/><U87/><E5/><V94/><F94/><W52/><G16/><T121/><D21/><U74/><E74/><V131/><F131/><W69/><G52/><T95/><D103/><U112/><E112/><V8/><F17/><W39/><G39/><T18/><D18/><U35/><E35/><V15/><F65/><W48/><G48/><T4/><D4/><U29/><E97/><V32/><F32/><W118/><G118/><T104/><D104/><U93/><AGARI ba="0,0" hai="0,1,23,27,29,58,61,67,87,89,93,96,101,107" machi="93" ten="20,1500,0" yaku="0,1,7,1" doraHai="135" who="1" fromWho="1" sc="298,-4,304,15,184,-4,214,-7" owari="294,9.0,319,42.0,180,-32.0,207,-19.0" /></mjloggm>