<mjloggm ver="2.3"><GO type="185" lobby="0"/><UN n0="%E3%82%A2%E3%83%AA%E3%82%A2%E3%83%AA%E5%90%9B" n1="%E3%81%BB%E3%81%BC%E9%9D%A2%E5%89%8D" n2="%63%61%6C%63%2E" n3="" dan="16,16,19,0" rate="2205.01,2093.57,2400.64,1500.00" sx="M,M,M,C"/><TAIKYOKU oya="0"/><INIT seed="0,0,0,4,5,39" ten="350,350,350,0" oya="0" hai0="128,135,99,63,118,133,123,49,122,62,119,69,97" hai1="72,108,59,114,38,98,94,34,87,120,103,82,60" hai2="41,116,70,47,109,117,73,54,0,36,48,83,81" hai3=""/><T106/><N who="0" m="31264" /><T112/><N who="0" m="31520" /><T100/><D112/><U76/><N who="1" m="30752" /><U52/><E34/><V32/><F32/><T91/><D128/><U84/><E108/><V75/><F0/><T88/><D49/><U65/><E114/><V113/><F70/><T102/><D69/><U95/><E38/><V53/><F113/><T78/><D78/><U71/><REACH who="1" step="1"/><E94/><REACH who="1" ten="350,340,350,0" step="2"/><V132/><F109/><T64/><D64/><U35/><E35/><V51/><F36/><T96/><D96/><U111/><E111/><V74/><F132/><T1/><REACH who="0" step="1"/><D106/><REACH who="0" ten="340,340,350,0" step="2"/><U90/><E90/><V79/><F79/><T129/><D129/><U127/><E127/><V58/><F116/><T3/><AGARI ba="0,2" hai="1,3,62,63,88,91,97,99,100,102,118,119,133,135" m="31520,31264" machi="3" ten="25,16000,3" yaku="1,1,0,1,22,2,52,2,54,1,53,2" doraHai="39" doraHaiUra="92" who="0" fromWho="0" sc="340,180,340,-80,350,-80,0,0" /><INIT seed="0,1,0,4,4,91" ten="520,260,270,0" oya="0" hai0="120,52,124,101,126,54,82,83,44,36,125,77,84" hai1="112,90,41,87,98,42,133,97,102,132,131,48,64" hai2="80,81,3,39,89,63,53,100,95,72,106,71,56" hai3=""/><T86/><N who="0" m="30752" /><T40/><REACH who="0" step="1"/><D101/><REACH who="0" ten="510,260,270,0" step="2"/><U35/><E102/><V38/><F100/><T55/><D55/><U130/><E112/><V50/><F53/><T0/><D0/><U65/><E35/><V108/><F3/><T94/><D94/><U79/><E130/><V115/><F95/><T76/><AGARI ba="1,1" hai="36,40,44,52,54,76,77,82,83,84,86,124,125,126" m="30752" machi="76" ten="30,12000,2" yaku="1,1,0,1,9,1,18,1,52,1,54,1,53,1" doraHai="91" doraHaiUra="68" who="0" fromWho="0" sc="510,132,260,-61,270,-61,0,0" /><INIT seed="0,2,0,5,3,121" ten="642,199,209,0" oya="0" hai0="107,36,115,135,52,2,81,118,94,63,114,56,32" hai1="122,89,112,53,33,105,90,42,41,75,70,119,129" hai2="116,49,131,87,102,1,96,47,100,101,127,71,134" hai3=""/><T64/><D32/><U79/><E33/><V62/><F1/><T111/><D2/><U69/><E112/><V73/><F73/><T48/><D118/><U54/><E119/><V92/><F116/><T40/><D107/><U130/><E105/><V34/><F34/><T46/><D135/><U97/><E75/><V44/><F134/><T0/><D0/><U88/><E79/><V72/><F72/><T67/><D81/><U125/><E125/><V128/><F87/><T45/><D94/><U57/><N who="1" m="31264" /><U74/><E74/><V35/><F35/><T80/><D80/><U39/><E39/><V55/><F44/><T77/><D77/><U124/><E124/><V43/><F127/><T103/><D103/><U99/><E89/><V91/><F71/><T60/><D111/><U126/><E126/><V58/><AGARI ba="2,0" hai="43,47,49,55,58,62,91,92,96,100,101,102,128,131" machi="58" ten="30,800,0" yaku="0,1" doraHai="121" who="2" fromWho="2" sc="642,-7,199,-5,209,12,0,0" /><INIT seed="1,0,0,3,3,111" ten="635,194,221,0" oya="1" hai0="112,66,65,95,32,84,100,103,45,68,91,47,104" hai1="99,54,37,41,43,39,93,122,135,89,106,110,70" hai2="127,108,46,79,86,109,97,71,98,107,131,94,120" hai3=""/><U44/><N who="1" m="31264" /><U1/><E1/><V38/><N who="2" m="30752" /><V83/><F71/><T105/><D32/><U67/><E135/><V101/><F38/><T36/><D36/><U114/><E114/><V34/><F46/><T123/><N who="0" m="31520" /><T126/><D126/><U42/><E110/><N who="2" m="42603" /><F34/><T40/><D40/><U81/><E106/><V48/><F48/><T72/><D72/><U133/><E133/><V59/><F59/><T125/><D125/><U63/><E81/><V102/><F127/><T128/><D128/><AGARI ba="0,0" hai="79,83,86,94,97,98,101,102,107,128,131" m="42603,30752" machi="128" ten="30,7700,0" yaku="14,1,34,2,52,1" doraHai="111" who="2" fromWho="0" sc="635,-77,194,0,221,77,0,0" /><INIT seed="2,0,0,2,0,124" ten="558,194,298,0" oya="2" hai0="100,65,46,73,121,38,101,126,134,98,104,96,72" hai1="128,57,130,83,119,113,69,58,60,108,125,45,40" hai2="74,64,55,36,32,77,97,68,63,0,99,67,129" hai3=""/><V70/><F32/><T48/><N who="0" m="31008" /><T90/><D126/><U49/><E108/><V118/><F118/><T66/><D38/><U50/><E125/><V91/><F0/><T131/><D134/><U61/><E119/><V42/><F55/><T35/><D35/><U127/><E127/><V62/><F91/><T84/><D66/><U109/><E109/><V93/><F93/><T122/><N who="0" m="31264" /><T86/><D65/><U115/><E83/><V33/><F33/><T1/><D86/><U88/><E88/><V133/><F133/><T34/><D34/><U79/><E79/><V53/><F53/><T92/><D1/><U112/><E50/><V111/><F111/><T135/><D135/><U123/><N who="1" m="31520" /><U106/><E106/><V44/><F129/><N who="1" m="49769" /><E61/><V71/><F68/><T81/><D131/><U107/><E107/><V47/><F77/><T89/><D90/><U54/><E54/><AGARI ba="0,0" hai="46,48,54,72,73,81,84,89,92,96,98,100,101,104" m="31264,31008" machi="54" ten="30,3900,0" yaku="7,1,52,2" doraHai="124" who="0" fromWho="1" sc="558,39,194,-39,298,0,0,0" /><INIT seed="4,0,0,4,0,117" ten="597,155,298,0" oya="0" hai0="124,98,71,128,110,109,73,97,88,84,45,126,49" hai1="39,89,51,94,64,96,112,59,83,43,121,106,35" hai2="90,66,93,72,131,122,63,80,86,133,40,54,103" hai3=""/><T119/><D119/><U42/><N who="1" m="31008" /><U113/><E35/><V61/><N who="2" m="31264" /><V87/><F131/><T32/><D71/><U56/><E39/><V44/><F72/><T134/><D73/><U107/><E64/><V36/><F133/><T120/><N who="0" m="30752" /><T102/><D134/><U47/><E83/><V105/><F54/><T2/><D2/><U111/><E111/><N who="0" m="42505" /><D128/><U1/><E43/><V78/><REACH who="2" step="1"/><F66/><REACH who="2" ten="597,155,288,0" step="2"/><T0/><D0/><U57/><REACH who="1" step="1"/><E1/><REACH who="1" ten="597,145,288,0" step="2"/><V127/><F127/><T91/><D32/><U77/><E77/><V114/><F114/><AGARI ba="0,2" hai="42,47,51,56,57,59,89,94,96,106,107,112,113,114" m="31008" machi="114" ten="40,8000,1" yaku="1,1,15,1,11,1,52,2,53,0" doraHai="117" doraHaiUra="70" who="1" fromWho="2" sc="597,0,145,100,288,-80,0,0" /><INIT seed="5,0,0,4,3,104" ten="597,245,208,0" oya="1" hai0="94,70,1,127,61,54,2,64,90,88,98,135,130" hai1="115,36,84,102,53,33,39,125,120,117,81,128,44" hai2="122,101,118,91,132,65,107,55,0,38,111,103,78" hai3=""/><U59/><E33/><V110/><F0/><T106/><D130/><U75/><E117/><V72/><N who="2" m="31264" /><V51/><F118/><T93/><D106/><U134/><E115/><V113/><F38/><T40/><D40/><U131/><N who="1" m="30752" /><U71/><E134/><V49/><F65/><T112/><D112/><U58/><E71/><V129/><F113/><T126/><D135/><U3/><E3/><V109/><F132/><T97/><D54/><U123/><N who="1" m="31520" /><U73/><E102/><V34/><F34/><T121/><N who="0" m="31008" /><T47/><D47/><U87/><E81/><V45/><F129/><T67/><D67/><U116/><E116/><V83/><F107/><T119/><D119/><U56/><E44/><V77/><F78/><T96/><D96/><U43/><E59/><V76/><F76/><T85/><D85/><U108/><E108/><V95/><REACH who="2" step="1"/><F51/><REACH who="2" ten="597,245,198,0" step="2"/><T68/><D64/><U32/><E32/><V114/><F114/><T62/><AGARI ba="0,1" hai="1,2,61,62,68,70,88,90,93,94,97,98,126,127" m="31008" machi="62" ten="25,6000,1" yaku="0,1,22,2,52,1,54,1" doraHai="104" who="0" fromWho="0" sc="597,70,245,-40,198,-20,0,0" /><INIT seed="6,0,0,3,5,108" ten="667,205,178,0" oya="2" hai0="113,70,90,94,59,104,127,63,52,106,86,119,74" hai1="64,112,109,129,35,72,36,117,47,44,82,95,34" hai2="111,2,124,71,133,114,103,40,76,132,3,43,80" hai3=""/><V32/><F32/><T88/><D119/><U65/><E109/><V42/><F111/><T130/><D74/><U39/><E112/><V60/><F103/><T96/><D113/><U99/><E117/><V91/><F114/><T41/><D130/><U84/><E129/><V115/><F115/><T105/><D127/><U75/><E95/><V97/><F124/><T57/><D70/><U107/><E99/><V79/><F97/><T89/><D41/><U48/><E48/><V78/><F71/><T73/><D73/><U1/><E84/><V66/><F66/><T123/><N who="0" m="31520" /><T121/><N who="0" m="31008" /><T85/><REACH who="0" step="1"/><D57/><REACH who="0" ten="657,205,178,0" step="2"/><U110/><E75/><V68/><F68/><T134/><D134/><N who="2" m="51818" /><F60/><T58/><D58/><U101/><E72/><V54/><F54/><T93/><D93/><U51/><E107/><V100/><F100/><AGARI ba="0,1" hai="52,59,63,85,86,88,89,90,94,96,100,104,105,106" m="31008,31520" machi="100" ten="50,8000,1" yaku="1,1,52,2,54,2,53,0" doraHai="108" doraHaiUra="69" who="0" fromWho="2" sc="657,90,205,0,178,-80,0,0" owari="747,69.0,205,-19.0,98,-50.0,0,0.0" /></mjloggm>