<mjloggm ver="2.3"><GO type="169" lobby="0"/><UN n0="%E5%8D%83%E7%BE%BD%E9%B4%89" n1="%74%6E%66%73%68%32%30%34" n2="%E6%96%87%E8%B1%AA" n3="%E3%83%AB%E3%83%AB%E5%8F%82%E4%B8%8A" dan="17,17,16,17" rate="2216.72,2135.48,2034.35,2166.08" sx="F,M,M,F"/><TAIKYOKU oya="0"/><INIT seed="0,0,0,2,5,15" ten="250,250,250,250" oya="0" hai0="57,64,61,83,73,135,129,116,126,71,47,104,26" hai1="5,102,10,82,125,37,109,28,55,35,38,121,34" hai2="21,27,63,48,49,33,0,80,65,17,14,54,85" hai3="105,131,106,62,74,69,98,107,90,39,42,45,79"/><T44/><D104/><U41/><E121/><V25/><F0/><W4/><G90/><T78/><D116/><U103/><E109/><V127/><F127/><W36/><G4/><T95/><D126/><U50/><E125/><V110/><F110/><W89/><G89/><T100/><D135/><U134/><E82/><V40/><F40/><W99/><G131/><T72/><D129/><U115/><E134/><V84/><F33/><W43/><G43/><T7/><D73/><U114/><E41/><V120/><F85/><W86/><G86/><T128/><D128/><U112/><E35/><V30/><F120/><W91/><G91/><T66/><D7/><U16/><E28/><V132/><F132/><W60/><G62/><T56/><D66/><U97/><E34/><V53/><F49/><W19/><G39/><N who="1" m="14858" /><E97/><V24/><F48/><W12/><G60/><T31/><D56/><N who="1" m="32887" /><E5/><V58/><REACH who="2" step="1"/><F30/><REACH who="2" ten="250,250,240,250" step="2"/><W1/><G1/><T123/><D123/><U96/><E96/><V6/><F6/><W8/><G98/><N who="0" m="59487" /><D71/><U111/><E111/><V81/><F81/><N who="3" m="45303" /><G69/><T9/><D47/><U124/><E124/><V77/><AGARI ba="0,1" hai="14,17,21,24,25,27,53,54,58,63,65,77,80,84" machi="77" ten="30,7900,0" yaku="1,1,0,1,8,1,52,1,53,0" doraHai="15" doraHaiUra="133" who="2" fromWho="2" sc="250,-39,250,-20,240,89,250,-20" /><INIT seed="1,0,0,1,3,27" ten="211,230,329,230" oya="1" hai0="95,81,57,80,50,48,89,100,86,39,26,34,130" hai1="54,37,58,20,108,92,38,0,105,47,36,99,63" hai2="71,28,66,97,43,14,15,114,40,56,93,41,119" hai3="118,102,70,21,13,32,6,116,131,46,85,23,62"/><U135/><E0/><V11/><F71/><W117/><G32/><T77/><D130/><U107/><E135/><V2/><F119/><W35/><G35/><T110/><D110/><U115/><E115/><V96/><F114/><W49/><G131/><T106/><D39/><U75/><E75/><V9/><F2/><W88/><G102/><T109/><D109/><U25/><E47/><V120/><F120/><W3/><G3/><T123/><D123/><U103/><REACH who="1" step="1"/><E108/><REACH who="1" ten="211,220,329,230" step="2"/><V1/><F1/><W44/><G44/><T22/><D34/><U10/><E10/><V33/><F11/><N who="3" m="4343" /><G23/><T127/><D127/><U67/><E67/><V12/><F9/><W76/><G21/><T90/><D22/><U24/><E24/><V31/><F33/><W61/><G70/><T84/><D26/><U83/><E83/><V68/><F68/><W134/><G134/><T74/><D57/><U30/><AGARI ba="0,1" hai="20,25,30,36,37,38,54,58,63,92,99,103,105,107" machi="30" ten="30,6000,0" yaku="1,1,0,1,52,1,53,0" doraHai="27" doraHaiUra="111" who="1" fromWho="1" sc="211,-20,220,70,329,-20,230,-20" /><INIT seed="1,1,0,3,5,26" ten="191,290,309,210" oya="1" hai0="101,111,128,92,20,98,16,55,6,31,79,54,107" hai1="42,85,36,49,15,99,89,56,133,38,108,82,126" hai2="124,115,123,8,43,110,66,74,72,48,0,64,105" hai3="87,27,122,76,65,121,118,103,84,125,114,117,77"/><U22/><E126/><V44/><F123/><N who="3" m="47115" /><G65/><T73/><D111/><U59/><E108/><V9/><F110/><W41/><G41/><T131/><D6/><U19/><E133/><V46/><F105/><W69/><G69/><T135/><D135/><U83/><E38/><V112/><F124/><W62/><G62/><T17/><D107/><U7/><E36/><V119/><F119/><N who="3" m="45579" /><G125/><T39/><D39/><U58/><E7/><V94/><F94/><W32/><G114/><N who="2" m="43561" /><F46/><W10/><G10/><N who="2" m="4201" /><F0/><W104/><G27/><N who="0" m="16871" /><D55/><U100/><E42/><V71/><F71/><W51/><G51/><T91/><D54/><U90/><E49/><V29/><F64/><W61/><G61/><T13/><D101/><U67/><E67/><V116/><F116/><W75/><G32/><T24/><D24/><U70/><E70/><V127/><F127/><W81/><G76/><T35/><D35/><U60/><E60/><V57/><F66/><W88/><G88/><N who="0" m="55559" /><D13/><U129/><E100/><V93/><F43/><W50/><G50/><T2/><D2/><U47/><E15/><V33/><F33/><W30/><G30/><T86/><D79/><U12/><E12/><V109/><F29/><W130/><G130/><N who="0" m="49707" /><D73/><U80/><E129/><V3/><F48/><W68/><G68/><T34/><D34/><U5/><E5/><V4/><F109/><W102/><G102/><T134/><D134/><U78/><E78/><V120/><F120/><W40/><G40/><T45/><D45/><U96/><E47/><V18/><F44/><W106/><G103/><T53/><D53/><U1/><E1/><RYUUKYOKU ba="1,0" sc="191,15,290,-15,309,-15,210,15" hai0="16,17,86,91" hai3="75,77,81,84,87,104,106" /><INIT seed="2,2,0,1,0,72" ten="206,275,294,225" oya="2" hai0="121,21,64,106,94,116,57,107,73,42,9,135,2" hai1="104,112,26,23,66,63,99,128,118,71,41,97,59" hai2="4,65,20,55,36,0,100,131,1,115,15,75,62" hai3="11,81,129,53,96,52,76,14,92,126,113,32,37"/><V69/><F115/><W91/><G32/><T125/><D21/><U22/><E112/><V88/><F36/><W48/><G113/><T124/><D57/><U123/><E118/><V34/><F34/><W47/><G129/><T114/><D64/><U90/><E128/><V54/><F100/><W68/><G68/><T93/><D9/><U12/><E123/><V39/><F39/><W86/><G37/><T120/><D2/><U67/><E41/><V89/><F131/><W5/><G126/><N who="0" m="48747" /><D42/><AGARI ba="2,0" hai="5,11,14,42,47,48,52,53,76,81,86,91,92,96" machi="42" ten="30,12000,2" yaku="7,1,25,2,8,1,52,1,54,1" doraHai="72" who="3" fromWho="0" sc="206,-126,275,0,294,0,225,126" /><INIT seed="3,0,0,3,1,60" ten="80,275,294,351" oya="3" hai0="48,25,74,75,78,27,14,91,30,88,112,119,128" hai1="51,111,124,12,39,117,99,33,103,3,85,53,102" hai2="72,32,94,87,58,29,122,6,1,82,95,15,101" hai3="22,86,105,37,104,52,65,17,115,121,131,62,55"/><W106/><G121/><T2/><D2/><U24/><E3/><V123/><F1/><W79/><G37/><T34/><D119/><U114/><E114/><V41/><F72/><W8/><G115/><T10/><D112/><U13/><E39/><V43/><F29/><W107/><G8/><T134/><D134/><U116/><E111/><V50/><F32/><W36/><G36/><T5/><D128/><U7/><E85/><V89/><F6/><W69/><N who="3" m="26624" /><DORA hai="76" /><W18/><G131/><T26/><D75/><U56/><E99/><N who="2" m="59639" /><F15/><N who="1" m="5705" /><E7/><V90/><F122/><W130/><G130/><T129/><D129/><U100/><E24/><V113/><F113/><W54/><REACH who="3" step="1"/><G22/><REACH who="3" ten="80,275,294,341" step="2"/><T63/><D34/><U110/><E33/><V35/><F35/><W109/><G109/><T9/><D9/><U38/><E38/><V77/><F123/><W20/><G20/><T133/><D133/><U57/><E110/><V19/><F19/><W0/><G0/><T132/><D132/><U49/><E117/><V46/><F41/><W81/><AGARI ba="0,1" hai="17,18,52,54,55,62,65,69,79,81,86" m="26624" machi="81" ten="60,18000,2" yaku="1,1,0,1,52,2,54,1,53,1" doraHai="60,76" doraHaiUra="61,118" who="3" fromWho="3" sc="80,-60,275,-60,294,-60,341,190" /><INIT seed="3,1,0,5,0,133" ten="20,215,234,531" oya="3" hai0="124,0,134,19,27,32,7,111,78,73,54,49,34" hai1="94,127,119,66,100,12,97,11,88,120,65,118,20" hai2="84,80,69,63,58,47,112,117,30,131,25,89,77" hai3="45,17,102,21,81,40,5,16,103,14,113,114,115"/><W22/><G5/><T28/><D134/><U18/><E120/><V50/><F117/><N who="1" m="44553" /><E127/><V71/><F112/><W68/><G68/><T1/><D111/><U2/><E100/><V60/><F131/><W130/><G81/><T67/><D67/><U43/><E43/><V33/><F77/><W10/><G130/><T99/><D32/><U85/><E85/><V125/><F125/><W23/><REACH who="3" step="1"/><G17/><REACH who="3" ten="20,215,234,521" step="2"/><T90/><D7/><AGARI ba="1,1" hai="2,7,11,12,18,20,65,66,88,94,97" m="44553" machi="7" ten="30,2000,0" yaku="12,1,54,1" doraHai="133" who="1" fromWho="0" sc="20,-23,215,33,234,0,521,0" owari="-3,-50.0,248,5.0,234,-17.0,521,62.0" /></mjloggm>