<mjloggm ver="2.3"><GO type="169" lobby="0"/><UN n0="%7A%65%52%6F" n1="%E5%A4%A9%E6%9C%88%E3%82%81%E3%81%90%E3%82%8B" n2="%EF%BC%8A%E7%B4%97%E5%BC%A5%E8%8F%AF%EF%BC%8A" n3="%E8%88%AC%E5%8D%93%E6%B0%91%E3%81%AE%E6%9C%9D%E3%81%AF%E6%97%A9%E3%81%84" dan="18,17,16,17" rate="2182.63,2152.01,2112.91,2226.09" sx="M,F,F,M"/><TAIKYOKU oya="0"/><INIT seed="0,0,0,2,0,100" ten="250,250,250,250" oya="0" hai0="66,123,46,24,89,119,7,59,23,1,129,36,43" hai1="45,9,97,8,109,34,132,54,72,99,25,6,113" hai2="118,73,63,133,22,61,131,57,85,4,42,56,75" hai3="27,67,120,91,69,92,20,125,5,2,71,127,53"/><T33/><D119/><U17/><E72/><V80/><F118/><W40/><G120/><T105/><D123/><U49/><E109/><V68/><F68/><W32/><G32/><T134/><D33/><U95/><E132/><V104/><F133/><W70/><G40/><T62/><D134/><U88/><E113/><V82/><F42/><W122/><G122/><T3/><D129/><U76/><E76/><V44/><F44/><W96/><G53/><T111/><D111/><U130/><E130/><V83/><F131/><W110/><G110/><T124/><D124/><N who="3" m="47689" /><G5/><T101/><D89/><U47/><E47/><V94/><F4/><W35/><G2/><T18/><REACH who="0" step="1"/><D7/><REACH who="0" ten="240,250,250,250" step="2"/><U114/><E6/><V60/><F75/><W16/><G35/><T51/><D51/><U28/><E114/><V11/><F73/><W10/><G10/><T121/><D121/><U0/><E0/><V116/><F11/><W15/><G67/><T103/><D103/><U108/><E108/><V37/><F116/><W81/><G81/><T93/><D93/><U128/><E128/><V39/><F94/><W58/><G58/><T31/><D31/><U84/><E8/><V50/><F57/><W19/><G70/><T78/><D78/><U38/><E38/><V26/><F56/><W64/><G64/><T13/><D13/><U14/><AGARI ba="0,1" hai="9,14,17,25,28,34,45,49,54,84,88,95,97,99" machi="14" ten="30,2000,0" yaku="0,1,54,1" doraHai="100" who="1" fromWho="1" sc="240,-10,250,30,250,-5,250,-5" /><INIT seed="1,0,0,5,0,112" ten="230,280,245,245" oya="1" hai0="130,11,124,113,44,84,76,14,32,87,45,19,74" hai1="10,62,77,91,12,133,18,94,58,39,33,110,50" hai2="28,71,100,73,107,0,95,5,129,86,78,30,105" hai3="122,13,57,8,3,49,70,92,65,20,102,114,61"/><U51/><E39/><V9/><F71/><W7/><G114/><T27/><D113/><U88/><E33/><V55/><F129/><W121/><G102/><T117/><D130/><U90/><E133/><V43/><F43/><W60/><G92/><T23/><D32/><U67/><E110/><V42/><F42/><W72/><G72/><T35/><D35/><U96/><REACH who="1" step="1"/><E77/><REACH who="1" ten="230,270,245,245" step="2"/><V48/><F78/><W21/><G121/><T127/><D76/><U131/><E131/><V38/><F38/><W31/><G122/><T119/><D127/><U81/><E81/><V111/><F111/><W132/><G132/><T41/><D124/><U26/><E26/><V116/><F73/><W98/><G70/><T34/><D34/><U89/><AGARI ba="0,1" hai="10,12,18,50,51,58,62,67,88,89,90,91,94,96" machi="89" ten="30,11700,0" yaku="1,1,0,1,8,1,54,1,53,0" doraHai="112" doraHaiUra="115" who="1" fromWho="1" sc="230,-39,270,127,245,-39,245,-39" /><INIT seed="1,1,0,5,4,3" ten="191,397,206,206" oya="1" hai0="102,16,72,32,9,103,25,80,68,38,108,73,52" hai1="41,23,51,0,90,71,7,133,120,107,37,45,115" hai2="14,93,122,65,125,88,89,8,24,44,110,19,50" hai3="26,123,15,40,118,82,28,63,4,34,114,59,11"/><U77/><E120/><V60/><F122/><W132/><G132/><T105/><D38/><U97/><E115/><V98/><F110/><W83/><G123/><T76/><D68/><U92/><E71/><V126/><F89/><W112/><G118/><T6/><D108/><U130/><E130/><V43/><REACH who="2" step="1"/><F24/><REACH who="2" ten="191,397,196,206" step="2"/><W64/><G112/><T69/><D25/><U29/><E90/><V124/><F124/><W86/><G114/><T62/><D103/><U104/><E77/><V70/><AGARI ba="1,1" hai="8,14,19,43,44,50,60,65,70,88,93,98,125,126" machi="70" ten="30,4000,0" yaku="1,1,0,1,54,1,53,0" doraHai="3" doraHaiUra="54" who="2" fromWho="2" sc="191,-11,397,-21,196,53,206,-11" /><INIT seed="2,0,0,4,1,119" ten="180,376,249,195" oya="2" hai0="115,81,5,12,125,109,9,76,7,102,37,20,64" hai1="85,35,67,72,29,106,121,82,56,53,132,52,113" hai2="133,47,70,83,86,91,23,49,100,14,57,73,62" hai3="104,30,123,33,71,79,124,8,34,75,96,41,54"/><V13/><F70/><W10/><G54/><T130/><D115/><U118/><E113/><V99/><F73/><W42/><G124/><T127/><D37/><U93/><E118/><V55/><F23/><W116/><G116/><T129/><D64/><U19/><E106/><V43/><REACH who="2" step="1"/><F133/><REACH who="2" ten="180,376,239,195" step="2"/><W101/><G71/><T4/><D125/><U122/><E132/><V77/><F77/><W95/><G10/><T1/><D127/><U18/><E72/><V36/><F36/><W16/><G79/><T63/><D20/><U117/><E117/><V108/><F108/><W48/><G75/><T21/><D21/><U38/><E38/><V98/><F98/><W6/><G96/><T50/><D109/><U59/><E35/><V31/><F31/><W24/><G33/><T22/><D22/><U39/><E29/><V11/><F11/><W32/><G32/><T87/><D9/><U26/><E39/><V15/><F15/><W3/><G34/><T17/><D12/><U28/><E28/><V88/><F88/><W0/><G30/><T89/><D89/><U74/><E74/><V46/><F46/><W126/><G8/><T78/><D78/><U90/><E90/><V94/><AGARI ba="0,1" hai="13,14,43,47,49,55,57,62,83,86,91,94,99,100" machi="94" ten="20,7800,0" yaku="1,1,0,1,7,1,8,1,53,0" doraHai="119" doraHaiUra="2" who="2" fromWho="2" sc="180,-26,376,-26,239,88,195,-26" /><INIT seed="2,1,0,0,0,10" ten="154,350,327,169" oya="2" hai0="33,22,75,29,55,57,11,65,83,134,49,39,8" hai1="74,69,123,91,79,18,36,114,6,101,70,7,44" hai2="103,129,15,67,51,116,31,96,97,0,80,66,5" hai3="135,115,95,104,24,105,124,68,110,125,78,108,4"/><V3/><F116/><W19/><G68/><T90/><D39/><U106/><E91/><V28/><F129/><W37/><G37/><T32/><D11/><U112/><E6/><V34/><F80/><W38/><G38/><T26/><D134/><U84/><E84/><V82/><F82/><W85/><G4/><T73/><D65/><N who="2" m="24586" /><F34/><W40/><G40/><T45/><D75/><U62/><E74/><V94/><F3/><W61/><G61/><T47/><D32/><U132/><E106/><N who="3" m="41066" /><G24/><T120/><D33/><U58/><E70/><V43/><F0/><W59/><G59/><T107/><D107/><U119/><E69/><V71/><F71/><W48/><G48/><T76/><D120/><U53/><E123/><V21/><F96/><W118/><G118/><T92/><D8/><U81/><E119/><V1/><F1/><W20/><G135/><T111/><D111/><N who="3" m="42537" /><G115/><T128/><D128/><U60/><E114/><V42/><F5/><W46/><G46/><T9/><D9/><U99/><E7/><V98/><F98/><AGARI ba="1,0" hai="22,26,29,45,47,49,55,57,73,76,83,90,92,98" machi="98" ten="30,1000,0" yaku="7,1" doraHai="10" who="0" fromWho="2" sc="154,13,350,0,327,-13,169,0" /><INIT seed="3,0,0,1,3,110" ten="167,350,314,169" oya="3" hai0="104,56,121,48,69,94,61,118,68,115,113,10,102" hai1="86,78,51,120,30,90,88,42,1,101,59,6,131" hai2="96,105,25,27,77,5,116,73,58,126,127,84,3" hai3="45,4,39,75,57,133,52,63,97,9,7,98,26"/><W108/><G133/><T117/><D104/><U47/><E120/><V14/><F73/><W82/><G108/><T83/><D121/><U70/><E70/><N who="0" m="27241" /><D83/><U79/><E131/><V15/><F3/><W129/><G129/><T124/><D10/><U95/><E101/><V50/><F116/><N who="0" m="44650" /><D94/><U89/><E30/><V11/><F15/><W35/><G7/><T36/><D102/><U99/><E89/><V29/><F96/><W119/><G119/><T71/><D36/><U49/><E6/><V34/><F105/><W123/><G123/><T103/><D103/><U43/><E1/><V24/><F84/><W33/><G97/><T112/><N who="0" m="27249" /><T64/><DORA hai="54" /><D48/><U19/><E19/><V8/><F8/><W81/><G98/><T32/><D124/><N who="2" m="47658" /><F77/><W122/><G122/><T114/><N who="0" m="28672" /><DORA hai="111" /><T38/><D38/><U125/><E125/><V134/><F50/><N who="3" m="28751" /><G39/><T66/><D32/><U53/><E79/><V91/><F34/><W28/><G35/><T21/><D21/><U67/><E78/><V22/><F22/><W85/><G75/><T80/><D80/><U107/><E99/><V100/><F100/><W44/><G82/><T74/><D74/><U55/><E107/><V93/><F93/><W46/><G9/><T62/><D56/><N who="1" m="32815" /><E90/><V17/><F91/><N who="3" m="51631" /><G4/><T41/><D41/><U106/><E106/><V87/><F5/><W16/><G16/><T13/><D13/><U60/><AGARI ba="0,0" hai="42,43,47,51,55,59,60,67,86,88,95" m="32815" machi="60" ten="30,7900,0" yaku="8,1,52,2,54,1" doraHai="110,54,111" who="1" fromWho="1" sc="167,-20,350,79,314,-20,169,-39" /><INIT seed="4,0,0,2,5,121" ten="147,429,294,130" oya="0" hai0="12,14,60,100,64,107,24,92,7,85,113,114,19" hai1="30,46,93,16,82,88,81,77,68,3,106,5,15" hai2="118,135,4,40,117,87,45,43,84,89,32,63,44" hai3="18,128,97,98,101,112,70,21,94,76,104,22,58"/><T116/><D116/><N who="2" m="44650" /><F32/><W124/><G70/><T91/><D7/><U130/><E106/><V34/><F34/><W62/><G112/><N who="0" m="43115" /><D24/><U57/><E68/><V10/><F63/><W67/><G124/><T38/><D38/><U122/><E122/><V134/><F10/><W28/><G128/><T125/><D125/><U36/><E30/><V103/><F4/><W79/><G22/><T105/><D100/><U83/><E57/><V73/><F103/><N who="3" m="60855" /><G18/><T17/><D17/><U8/><E130/><V55/><F73/><W13/><G13/><N who="0" m="5227" /><D19/><U109/><E3/><V59/><F87/><W78/><G78/><T48/><D48/><U49/><E36/><N who="2" m="21511" /><F84/><W33/><G33/><T123/><D123/><U11/><E77/><V25/><F25/><AGARI ba="0,0" hai="21,25,28,58,62,67,76,79,98,101,104" m="60855" machi="25" ten="30,1000,0" yaku="25,1" doraHai="121" who="3" fromWho="2" sc="147,0,429,0,294,-10,130,10" /><INIT seed="5,0,0,0,1,11" ten="147,429,284,140" oya="1" hai0="133,60,23,107,65,121,40,94,98,58,119,17,2" hai1="122,18,57,82,81,66,86,108,64,112,12,109,68" hai2="61,59,20,127,84,52,106,87,39,72,83,22,75" hai3="102,132,30,25,47,104,6,95,69,130,74,92,67"/><U97/><E122/><V93/><F106/><W120/><G120/><T1/><D119/><U116/><E68/><V19/><F39/><W124/><G74/><T35/><D35/><U105/><E116/><V77/><F22/><W85/><G85/><T88/><D121/><U36/><E36/><V5/><F5/><W29/><G29/><T62/><D133/><U32/><E32/><V91/><REACH who="2" step="1"/><F127/><REACH who="2" ten="147,429,274,140" step="2"/><W16/><G6/><T125/><D107/><U55/><E105/><V50/><F50/><W101/><G104/><T4/><D4/><U38/><E38/><V103/><F103/><W96/><G124/><T27/><D125/><U10/><E109/><V56/><F56/><W28/><G132/><T54/><D40/><U110/><E57/><AGARI ba="0,1" hai="1,2,17,23,27,54,57,58,60,62,65,88,94,98" machi="57" ten="30,7700,0" yaku="7,1,25,2,54,1" doraHai="11" who="0" fromWho="1" sc="147,87,429,-77,274,0,140,0" /><INIT seed="6,0,0,2,5,133" ten="234,352,274,140" oya="2" hai0="30,82,81,94,17,73,42,78,92,41,86,124,3" hai1="100,52,119,61,91,83,19,46,105,80,109,57,77" hai2="26,75,47,121,33,8,48,125,106,64,28,134,44" hai3="69,32,104,99,5,12,132,49,6,43,118,130,54"/><V59/><F106/><W34/><G118/><T72/><D3/><U7/><E109/><V85/><F75/><W39/><G132/><T9/><D30/><U4/><E105/><V15/><F121/><W10/><G130/><T116/><D116/><U117/><E100/><V127/><F85/><W58/><G6/><T29/><D29/><U60/><E117/><V45/><F134/><W38/><G38/><T0/><D17/><U31/><E31/><V90/><F90/><W103/><G69/><T13/><D0/><U131/><E131/><V53/><REACH who="2" step="1"/><F64/><REACH who="2" ten="234,352,264,140" step="2"/><W2/><G39/><T108/><D73/><U115/><E91/><V93/><F93/><W87/><G2/><T66/><D94/><U96/><E119/><V112/><F112/><W122/><G122/><T18/><D92/><U65/><E115/><V95/><F95/><W111/><G111/><T67/><D108/><U35/><E65/><V71/><F71/><W107/><G87/><T88/><D67/><U25/><E96/><V11/><F11/><W50/><G107/><T101/><D66/><U16/><E83/><V76/><F76/><W24/><G104/><T68/><D68/><U21/><E80/><V129/><F129/><W89/><G89/><T37/><D101/><U23/><E77/><V70/><F70/><W126/><G103/><T20/><D37/><U74/><E74/><V40/><F40/><N who="0" m="15466" /><D9/><U27/><E35/><V135/><F135/><W62/><G34/><T56/><D72/><U14/><E23/><V120/><F120/><W123/><G123/><T128/><D20/><U55/><E21/><RYUUKYOKU ba="0,1" sc="234,-10,352,-10,264,30,140,-10" hai2="8,15,26,28,33,44,45,47,48,53,59,125,127" /><INIT seed="6,1,1,2,5,56" ten="224,342,294,130" oya="2" hai0="131,6,98,66,35,104,116,1,28,10,30,117,134" hai1="9,89,51,25,129,100,80,130,91,106,110,76,27" hai2="122,99,36,95,11,31,88,119,73,62,70,20,121" hai3="118,14,97,114,101,112,34,43,52,42,19,32,57"/><V61/><F119/><N who="0" m="45642" /><D131/><N who="1" m="50187" /><E110/><V68/><F73/><W111/><G118/><T13/><D134/><U113/><E113/><N who="3" m="43626" /><G111/><T77/><D35/><N who="3" m="13353" /><G14/><T37/><D37/><U0/><E106/><V46/><F121/><W78/><G78/><T59/><D77/><U124/><E100/><V85/><F122/><W2/><G2/><T135/><D135/><U69/><E69/><V71/><F99/><W109/><G109/><T48/><D13/><U128/><E124/><V23/><F11/><W7/><G7/><T39/><D39/><U108/><E108/><V74/><F74/><W72/><G72/><T41/><D98/><U123/><E25/><V49/><F36/><W4/><G4/><T83/><D83/><U12/><E27/><V105/><F105/><N who="3" m="63663" /><G19/><T63/><D104/><U3/><E123/><V18/><F31/><W5/><G5/><T82/><D82/><U44/><E3/><V22/><REACH who="2" step="1"/><F18/><REACH who="2" ten="224,342,284,130" step="2"/><W75/><G75/><T87/><D87/><U133/><E128/><V55/><AGARI ba="1,2" hai="20,22,23,46,49,55,61,62,68,70,71,85,88,95" machi="55" ten="40,18000,2" yaku="1,1,2,1,0,1,52,2,54,1,53,0" doraHai="56" doraHaiUra="8" who="2" fromWho="2" sc="224,-61,342,-61,284,203,130,-61" /><INIT seed="6,2,0,2,3,103" ten="163,281,487,69" oya="2" hai0="64,115,16,134,135,55,17,133,124,68,102,75,14" hai1="118,2,40,65,53,76,27,3,59,13,43,19,49" hai2="94,120,28,98,84,47,38,61,125,56,111,41,67" hai3="128,96,32,92,72,21,86,81,44,60,23,112,54"/><V117/><F120/><W29/><G128/><T30/><D115/><U114/><E118/><V106/><F117/><W131/><G131/><T123/><D123/><U89/><E2/><V24/><F111/><W88/><G112/><T130/><D130/><U79/><E3/><V12/><F125/><W10/><G32/><T37/><D124/><U42/><E27/><V122/><F84/><W104/><G10/><T95/><D75/><U18/><E18/><V51/><F122/><W74/><G74/><T57/><D37/><U39/><E39/><V31/><F106/><W52/><G29/><T26/><D64/><U69/><E69/><V1/><F1/><W101/><G44/><T105/><D105/><U11/><E65/><V33/><F31/><W34/><G34/><N who="0" m="20823" /><D68/><U73/><E73/><V93/><F98/><W82/><G82/><T109/><D109/><U126/><E114/><V58/><F58/><N who="3" m="34887" /><G54/><T0/><D0/><U50/><E50/><V100/><F38/><W70/><G70/><T62/><D14/><U6/><E126/><V83/><F83/><W35/><G35/><T132/><N who="0" m="33792" /><DORA hai="71" /><T36/><D36/><U97/><E42/><V63/><F12/><W90/><G90/><T77/><D77/><AGARI ba="2,0" hai="21,23,72,77,81,86,88,92,96,101,104" m="34887" machi="77" ten="30,7700,0" yaku="24,1,52,1,54,2" doraHai="103,71" who="3" fromWho="0" sc="163,-83,281,0,487,0,69,83" /><INIT seed="7,0,0,1,0,100" ten="80,281,487,152" oya="3" hai0="78,71,122,17,116,4,91,33,18,2,88,43,107" hai1="11,120,134,12,36,29,84,42,15,58,39,14,13" hai2="46,38,10,109,62,129,52,128,48,49,89,79,72" hai3="65,6,86,56,99,51,123,23,132,115,114,70,101"/><W131/><G123/><T22/><D116/><U19/><E120/><V94/><F38/><W108/><G6/><T47/><D33/><U93/><E39/><V66/><F109/><W111/><G131/><N who="2" m="50249" /><F10/><W75/><G75/><T26/><D71/><U95/><E42/><V68/><F49/><W34/><G34/><T35/><D122/><U5/><E14/><V63/><F63/><W135/><G86/><T80/><D35/><U96/><E95/><V82/><F89/><W121/><G23/><T105/><D18/><U9/><E58/><V83/><F83/><W50/><G121/><T118/><D118/><U113/><E84/><V3/><F94/><W28/><G28/><T7/><D91/><U104/><E19/><V24/><F24/><W130/><G130/><T25/><D25/><U106/><E96/><V54/><F3/><W76/><G99/><T59/><D59/><U20/><E5/><V67/><F67/><W126/><G56/><T44/><D88/><U0/><E29/><V30/><F30/><W125/><G76/><T55/><D55/><AGARI ba="0,0" hai="46,48,52,54,55,62,66,68,72,79,82" m="50249" machi="55" ten="30,2000,0" yaku="19,1,54,1" doraHai="100" who="2" fromWho="0" sc="80,-20,281,0,487,20,152,0" owari="60,-44.0,281,8.0,507,61.0,152,-25.0" /></mjloggm>