<mjloggm ver="2.3"><GO type="169" lobby="0"/><UN n0="%E3%81%8B%E3%81%A5%E3%81%8D%EF%BC%B8%EF%BC%A9" n1="%E3%81%8B%E3%81%B6%E8%8C%B6" n2="%28%3B%E3%83%BB%E2%88%80%E3%83%BB%29" n3="%7A%6B%75%72%74" dan="17,16,16,17" rate="2107.12,2128.19,2161.38,2245.68" sx="M,M,M,M"/><TAIKYOKU oya="0"/><INIT seed="0,0,0,5,4,81" ten="250,250,250,250" oya="0" hai0="36,29,102,63,111,134,55,19,121,107,67,22,76" hai1="27,86,69,72,17,74,12,30,118,68,33,65,127" hai2="20,23,97,92,11,129,1,128,82,87,52,46,123" hai3="3,126,32,99,35,125,44,53,108,42,94,130,78"/><T39/><D121/><U8/><E127/><N who="3" m="48650" /><G3/><T60/><D134/><U75/><E118/><V105/><F105/><W98/><G130/><N who="2" m="50281" /><F1/><W25/><G108/><T89/><D29/><U34/><E65/><V13/><F92/><W10/><G10/><T83/><D89/><U18/><E33/><V0/><F0/><W85/><G53/><T119/><D119/><U45/><E45/><V104/><F97/><W73/><G73/><T5/><D5/><U114/><E114/><V50/><F104/><W115/><G115/><T47/><D111/><U64/><E64/><V7/><F123/><W84/><G78/><AGARI ba="0,0" hai="7,11,13,20,23,46,50,52,78,82,87" m="50281" machi="78" ten="30,3900,0" yaku="19,1,52,1,54,1" doraHai="81" who="2" fromWho="3" sc="250,0,250,0,250,39,250,-39" /><INIT seed="1,0,0,5,4,43" ten="250,250,289,211" oya="1" hai0="70,23,103,14,60,104,87,132,92,65,8,120,25" hai1="118,32,89,57,114,109,26,83,129,106,9,36,46" hai2="64,84,35,13,115,102,135,88,117,50,95,30,47" hai3="10,127,124,62,78,133,113,101,85,40,116,86,12"/><U61/><E118/><V49/><F117/><W77/><G116/><T74/><D74/><U59/><E114/><V76/><F115/><W52/><G113/><T79/><D132/><U75/><E106/><V0/><F0/><W34/><G34/><T11/><D104/><U121/><E121/><V97/><F135/><W98/><G133/><T111/><D111/><U41/><E109/><V123/><F123/><W122/><G122/><T131/><D131/><U5/><E129/><V6/><F35/><W63/><G40/><T31/><D79/><U82/><E82/><V19/><F30/><W55/><G12/><T94/><D120/><U29/><E61/><V18/><F50/><W39/><G10/><T130/><D130/><U119/><E119/><V80/><F64/><W69/><G98/><T56/><D70/><U48/><E48/><V125/><F125/><W27/><G27/><T22/><D94/><U100/><E100/><V126/><F126/><W20/><G20/><T110/><D110/><U24/><E26/><V7/><F76/><W134/><G134/><T53/><D65/><U15/><REACH who="1" step="1"/><E75/><REACH who="1" ten="250,240,289,211" step="2"/><V54/><F19/><W99/><G101/><T81/><D103/><U45/><E45/><V108/><F108/><W3/><G127/><T72/><D72/><U28/><E28/><V66/><F66/><W68/><G124/><T93/><D31/><U51/><E51/><V42/><F42/><W128/><G128/><T112/><D112/><U67/><E67/><V107/><F107/><W105/><G105/><T33/><D60/><U90/><E90/><V96/><F96/><RYUUKYOKU ba="0,1" sc="250,-15,240,15,289,15,211,-15" hai1="5,9,15,24,29,32,36,41,46,57,59,83,89" hai2="6,7,13,18,47,49,54,80,84,88,95,97,102" /><INIT seed="1,1,1,4,4,57" ten="235,255,304,196" oya="1" hai0="82,97,105,8,68,75,11,70,28,107,118,17,77" hai1="22,56,73,25,86,62,100,102,40,64,0,132,67" hai2="13,122,48,123,37,89,88,135,80,63,50,116,117" hai3="44,2,87,130,129,47,34,131,16,133,53,71,41"/><U69/><E73/><V23/><F23/><W104/><G2/><T112/><D112/><U36/><E0/><V94/><F13/><W83/><G104/><T79/><D28/><U66/><E132/><V32/><F32/><W65/><G34/><T76/><D97/><U120/><E120/><V18/><F18/><W29/><G29/><T9/><D17/><N who="1" m="12495" /><E36/><V27/><F27/><W115/><G115/><T121/><D82/><U60/><E69/><N who="0" m="26729" /><D75/><U58/><E40/><V4/><F80/><W49/><G133/><T95/><D95/><U10/><E66/><V119/><F94/><W72/><G72/><T30/><D30/><U93/><E10/><V113/><F37/><W21/><G71/><T19/><D19/><U134/><E134/><V109/><F135/><W125/><G65/><T84/><D84/><U31/><E31/><V6/><F113/><W59/><G41/><T103/><D103/><U106/><E106/><N who="0" m="40457" /><D121/><U46/><E46/><V5/><F109/><W7/><G7/><T114/><D114/><U54/><E67/><V24/><F24/><W3/><G3/><T85/><D85/><U101/><E86/><V92/><F92/><AGARI ba="1,1" hai="54,56,58,60,62,64,92,93,100,101,102" m="12495" machi="92" ten="30,5800,0" yaku="8,1,52,2" doraHai="57" who="1" fromWho="2" sc="235,0,255,71,304,-61,196,0" /><INIT seed="1,2,0,5,1,7" ten="235,326,243,196" oya="1" hai0="11,92,28,46,71,80,68,33,122,82,26,95,128" hai1="120,115,94,1,10,39,104,112,12,27,109,89,114" hai2="123,126,101,58,34,44,69,18,25,108,41,97,60" hai3="47,65,57,127,107,98,14,87,131,29,93,125,50"/><U118/><E104/><V55/><F123/><W72/><G72/><T59/><D128/><U49/><E39/><V124/><F108/><W17/><G131/><T13/><D46/><U22/><E120/><V99/><F69/><W23/><G107/><T84/><D80/><U100/><E118/><V74/><F74/><W51/><G87/><T64/><D71/><U110/><E100/><V31/><F18/><W32/><G32/><T53/><D64/><U5/><E49/><V9/><F9/><W43/><G29/><T91/><D68/><U130/><E89/><V62/><F62/><W37/><G65/><T81/><D95/><U77/><E94/><V2/><F2/><W3/><G3/><T117/><D117/><U40/><E40/><V135/><F135/><W133/><G133/><T16/><REACH who="0" step="1"/><D122/><REACH who="0" ten="225,326,243,196" step="2"/><U30/><E130/><V70/><F70/><W90/><REACH who="3" step="1"/><G57/><REACH who="3" ten="225,326,243,186" step="2"/><T86/><D86/><U54/><E77/><V24/><F58/><W76/><G76/><T111/><D111/><N who="1" m="42507" /><E54/><V36/><F55/><W83/><G83/><T105/><D105/><U88/><E115/><V52/><F52/><W66/><G66/><T45/><D45/><U8/><E114/><V85/><F44/><W0/><G0/><T106/><D106/><U79/><E79/><V48/><F41/><W121/><G121/><T75/><D75/><U116/><E112/><V20/><F85/><W67/><G67/><T42/><D42/><U119/><E119/><V96/><F99/><W6/><G6/><T129/><D129/><U73/><E116/><V132/><F97/><W35/><G35/><RYUUKYOKU ba="2,2" sc="225,15,326,-15,243,-15,186,15" hai0="11,13,16,26,28,33,53,59,81,82,84,91,92" hai3="14,17,23,37,43,47,50,51,90,93,98,125,127" /><INIT seed="2,3,2,5,4,77" ten="240,311,228,201" oya="2" hai0="80,98,8,35,40,101,126,57,13,62,14,70,64" hai1="15,100,84,85,129,75,31,0,55,39,9,6,81" hai2="111,125,2,47,123,18,37,72,19,92,109,115,54" hai3="53,5,26,56,113,114,94,120,88,78,83,117,116"/><V104/><F115/><N who="3" m="44043" /><G120/><T10/><D35/><U118/><E118/><V25/><F104/><W23/><G5/><T103/><D126/><U34/><E129/><V128/><F123/><W1/><G1/><T28/><D28/><U30/><E100/><N who="0" m="38473" /><D70/><U122/><E122/><V69/><F2/><W95/><G95/><T124/><D98/><U74/><E39/><V58/><F69/><W20/><G56/><T82/><D40/><U133/><E85/><V36/><F125/><W7/><G7/><N who="0" m="3231" /><D124/><U93/><E31/><V43/><F37/><W41/><G41/><T89/><D89/><U63/><E30/><V12/><F128/><W45/><G45/><T33/><D33/><U61/><E34/><V76/><F25/><W91/><G53/><T87/><D87/><U119/><E84/><V107/><F92/><W68/><G68/><T27/><D27/><U105/><E93/><V110/><F107/><W134/><G134/><T127/><D127/><U38/><E133/><V49/><REACH who="2" step="1"/><F12/><REACH who="2" ten="240,311,218,201" step="2"/><W71/><G71/><T79/><D79/><N who="1" m="44279" /><E15/><V22/><F22/><N who="3" m="8235" /><G26/><T60/><D62/><U86/><E63/><V102/><F102/><W96/><G91/><T97/><D97/><U131/><E131/><V66/><F66/><W42/><G42/><T106/><D106/><U48/><E105/><V90/><F90/><W4/><G4/><AGARI ba="3,3" hai="4,10,14,57,60,64,80,82" m="3231,38473" machi="4" ten="30,3900,0" yaku="8,1,52,2" doraHai="77" who="0" fromWho="3" sc="240,78,311,0,218,0,201,-48" /><INIT seed="3,0,0,1,4,35" ten="318,311,218,153" oya="3" hai0="82,11,57,68,37,97,50,85,66,17,52,91,70" hai1="117,105,80,92,56,130,112,108,9,115,6,118,109" hai2="24,126,8,78,119,133,128,25,65,116,101,47,84" hai3="61,77,72,90,21,64,20,30,67,33,43,135,41"/><W73/><G135/><T71/><D37/><U38/><E38/><V3/><F133/><W134/><G134/><T4/><D17/><U122/><E105/><V51/><F126/><W81/><G72/><T14/><REACH who="0" step="1"/><D97/><REACH who="0" ten="308,311,218,153" step="2"/><U44/><E122/><V28/><F116/><W13/><G41/><T10/><D10/><U54/><E9/><V2/><F8/><W5/><G43/><T55/><D55/><U89/><E118/><V93/><F119/><W49/><G64/><AGARI ba="0,1" hai="4,11,14,50,52,57,64,66,68,70,71,82,85,91" machi="64" ten="40,5200,0" yaku="1,1,54,1,53,1" doraHai="35" doraHaiUra="7" who="0" fromWho="3" sc="308,62,311,0,218,0,153,-52" /><INIT seed="4,0,0,4,3,118" ten="370,311,218,101" oya="0" hai0="93,70,84,36,73,28,15,17,3,67,108,90,83" hai1="125,46,45,47,24,76,105,7,32,21,56,38,60" hai2="111,62,63,40,114,68,104,116,14,91,20,34,49" hai3="98,29,79,0,101,129,113,123,88,75,22,8,51"/><T4/><D36/><U30/><E125/><V13/><F111/><W2/><G113/><T102/><D28/><U81/><E105/><V72/><F34/><W23/><G129/><T35/><D35/><U126/><E126/><V58/><F114/><W133/><G133/><T77/><D3/><U96/><E7/><V6/><F116/><W127/><G127/><T120/><D4/><U66/><E32/><V132/><F132/><W1/><G8/><T115/><D115/><U128/><E128/><V41/><F72/><W10/><G10/><T52/><D67/><U50/><E38/><V94/><F104/><W85/><G51/><T9/><D70/><U11/><E96/><V39/><F39/><W65/><G65/><T109/><D120/><U119/><E11/><N who="2" m="4343" /><F68/><W25/><G23/><T99/><REACH who="0" step="1"/><D52/><REACH who="0" ten="360,311,218,101" step="2"/><U37/><E37/><V78/><F62/><W131/><G131/><T55/><D55/><U135/><E135/><V31/><F63/><W117/><G123/><T97/><D97/><U12/><E119/><V112/><F112/><W74/><G117/><T82/><AGARI ba="0,1" hai="9,15,17,73,77,82,83,84,90,93,99,102,108,109" machi="82" ten="30,6000,0" yaku="1,1,0,1,53,1" doraHai="118" doraHaiUra="95" who="0" fromWho="0" sc="360,70,311,-20,218,-20,101,-20" /><INIT seed="4,1,0,5,5,133" ten="430,291,198,81" oya="0" hai0="55,63,97,8,64,103,90,65,83,41,75,107,87" hai1="17,99,68,34,38,101,1,57,95,93,20,77,2" hai2="72,13,5,96,109,9,46,121,26,11,29,128,108" hai3="15,7,42,81,113,66,85,24,106,120,56,88,111"/><T69/><D65/><U53/><E34/><V45/><F72/><W89/><G111/><T6/><D41/><U112/><E68/><V40/><F121/><W127/><G120/><T52/><REACH who="0" step="1"/><D75/><REACH who="0" ten="420,291,198,81" step="2"/><U16/><E53/><V82/><F40/><W135/><G42/><T129/><D129/><U86/><E38/><V62/><F128/><W132/><G66/><T114/><D114/><U102/><E112/><V61/><F108/><W59/><G113/><T37/><D37/><U117/><E117/><V79/><F109/><W98/><G135/><T14/><AGARI ba="1,1" hai="6,8,14,52,55,63,64,69,83,87,90,97,103,107" machi="14" ten="20,7800,0" yaku="1,1,0,1,7,1,54,1,53,0" doraHai="133" doraHaiUra="115" who="0" fromWho="0" sc="420,91,291,-27,198,-27,81,-27" /><INIT seed="4,2,0,3,3,105" ten="511,264,171,54" oya="0" hai0="62,108,76,134,127,129,12,75,51,26,34,28,52" hai1="56,112,67,45,57,135,122,44,111,101,91,64,94" hai2="5,87,68,106,11,118,70,1,18,49,8,93,16" hai3="48,121,82,33,21,27,20,85,15,80,77,78,103"/><T61/><D127/><U31/><E122/><V113/><F106/><W126/><G126/><T59/><D129/><U114/><E111/><V25/><F113/><N who="1" m="43625" /><E101/><V29/><F118/><W41/><G121/><T54/><D134/><U92/><E31/><V9/><F49/><W89/><G103/><T2/><D2/><U40/><E94/><V73/><F73/><W81/><G33/><T69/><D108/><U4/><E4/><V130/><F130/><W116/><G116/><T10/><D69/><U83/><E83/><V6/><F93/><W88/><G15/><T47/><D76/><U79/><E79/><V96/><F87/><W14/><G14/><T35/><D35/><U43/><E91/><V46/><F96/><W7/><G7/><N who="2" m="2569" /><F46/><N who="1" m="18025" /><E92/><V22/><F68/><W32/><G32/><T13/><D13/><U125/><E135/><V42/><F70/><W39/><G81/><T117/><D117/><U3/><E3/><V115/><F42/><N who="1" m="15913" /><E125/><V74/><F74/><W90/><G80/><T99/><D75/><U36/><E36/><V131/><F115/><W58/><G77/><T71/><D99/><U53/><E53/><V124/><F124/><W119/><G119/><T86/><D86/><U120/><E120/><V104/><F104/><W63/><G39/><T50/><D54/><U72/><E72/><V110/><F110/><W97/><G97/><T65/><D52/><U17/><E17/><N who="2" m="6763" /><F131/><W0/><G0/><AGARI ba="2,0" hai="0,1,8,9,11,22,25,29" m="6763,2569" machi="0" ten="30,12000,2" yaku="35,5,54,1" doraHai="105" who="2" fromWho="3" sc="511,0,264,0,171,126,54,-126" owari="511,61.0,264,-14.0,297,10.0,-72,-57.0" /></mjloggm>