<mjloggm ver="2.3"><GO type="169" lobby="0"/><UN n0="%E9%9B%BB%E8%A9%B1" n1="%E3%81%98%E3%81%98%E3%81%84%E3%81%8C%E5%91%BC%E3%82%93%E3%81%A0" n2="%E6%96%87%E8%B1%AA" n3="%E5%BD%97%E6%98%9F%E5%85%A5%E3%83%92%E3%82%B3" dan="16,16,16,16" rate="2016.65,2127.43,2032.87,2129.40" sx="M,M,M,M"/><TAIKYOKU oya="0"/><INIT seed="0,0,0,1,5,52" ten="250,250,250,250" oya="0" hai0="101,59,109,26,76,61,108,33,115,110,25,62,92" hai1="90,112,48,72,28,114,131,107,99,45,11,3,30" hai2="118,123,129,12,71,135,60,122,35,77,74,9,43" hai3="120,20,113,63,68,75,29,78,50,94,96,42,98"/><T87/><D115/><N who="1" m="44075" /><E72/><V2/><F12/><W1/><G113/><T38/><D38/><U37/><E37/><V133/><F129/><W47/><G1/><T116/><D116/><U41/><E131/><V13/><F43/><W95/><G120/><N who="2" m="46121" /><F77/><W46/><G46/><T127/><D127/><U58/><E3/><V15/><F74/><W91/><G78/><T111/><D33/><U44/><E11/><V66/><F35/><W8/><G75/><T10/><D62/><U36/><E45/><V117/><F15/><W85/><G8/><T102/><N who="0" m="27648" /><DORA hai="125" /><T23/><D10/><U57/><E36/><V93/><F93/><W27/><G68/><T81/><D92/><N who="1" m="56727" /><E107/><V49/><F49/><W105/><G105/><T40/><D40/><U64/><E64/><V16/><F2/><W124/><G124/><T128/><D128/><U121/><E121/><V84/><F84/><W132/><G132/><AGARI ba="0,0" hai="9,13,16,60,66,71,117,118,132,133,135" m="46121" machi="132" ten="30,2000,0" yaku="20,1,54,1" doraHai="52,125" who="2" fromWho="3" sc="250,0,250,0,250,20,250,-20" /><INIT seed="1,0,0,5,4,35" ten="250,250,270,230" oya="1" hai0="88,8,78,124,16,130,121,120,91,54,126,79,118" hai1="93,43,110,17,28,25,50,55,128,62,129,51,116" hai2="48,6,77,53,33,18,29,96,64,87,107,135,56" hai3="85,104,21,117,125,58,103,100,112,101,109,132,5"/><U97/><E116/><V4/><F135/><W59/><G112/><T99/><D118/><U95/><E95/><V63/><F18/><W131/><G117/><T127/><D130/><N who="1" m="50283" /><E110/><V133/><F133/><W76/><G132/><T98/><D54/><U31/><E17/><V102/><F77/><N who="0" m="29194" /><D16/><U60/><E43/><V15/><F15/><W39/><G39/><T92/><D8/><U20/><E31/><V37/><F87/><W89/><G131/><T90/><D92/><U32/><E32/><V3/><F37/><W34/><G34/><T2/><D2/><U65/><E55/><V52/><F3/><W27/><G109/><T0/><D0/><U24/><E24/><N who="2" m="18599" /><F53/><W13/><G125/><T69/><D69/><AGARI ba="0,0" hai="4,6,48,52,56,63,64,69,96,102,107" m="18599" machi="69" ten="30,2000,0" yaku="25,1,54,1" doraHai="35" who="2" fromWho="0" sc="250,-20,250,0,270,20,230,0" /><INIT seed="2,0,0,5,3,4" ten="230,250,290,230" oya="2" hai0="106,46,69,38,128,109,17,26,24,61,103,131,52" hai1="117,126,114,10,116,68,50,62,20,93,133,28,119" hai2="88,63,14,43,122,58,31,84,23,123,70,2,60" hai3="0,100,65,125,54,99,15,127,45,92,120,113,12"/><V53/><F2/><W91/><G120/><T36/><D109/><U55/><E114/><V16/><F43/><W22/><G0/><T30/><D103/><U75/><E126/><V86/><F86/><W59/><G113/><T13/><D106/><U96/><E133/><V37/><F37/><W98/><G65/><N who="0" m="41135" /><D30/><U94/><E75/><V95/><REACH who="2" step="1"/><F31/><REACH who="2" ten="230,250,280,230" step="2"/><W57/><G127/><T89/><D38/><U83/><E28/><V132/><F132/><W115/><G125/><T9/><D36/><U112/><E112/><V35/><F35/><W8/><G115/><T64/><D128/><U81/><E119/><V71/><F71/><W44/><G99/><T19/><D131/><U87/><E96/><V110/><F110/><W85/><G85/><T134/><D134/><U121/><E87/><V41/><F41/><W73/><G73/><T47/><D26/><U6/><E68/><V7/><F7/><W80/><G98/><T21/><D24/><U33/><E33/><V32/><F32/><W129/><G129/><T111/><D111/><U118/><E6/><V135/><F135/><W124/><G124/><T48/><D19/><U1/><E1/><V3/><F3/><W25/><G25/><T18/><D17/><U102/><E117/><V56/><F56/><W34/><G59/><T77/><D18/><U97/><E97/><V74/><F74/><W90/><G57/><T29/><D29/><U107/><E118/><V130/><F130/><W79/><G45/><T82/><D47/><U78/><E116/><V105/><F105/><W51/><G44/><T42/><D46/><RYUUKYOKU ba="0,1" sc="230,-10,250,-10,280,30,230,-10" hai2="14,16,23,53,58,60,63,70,84,88,95,122,123" /><INIT seed="2,1,1,0,4,8" ten="220,240,310,220" oya="2" hai0="89,127,97,4,95,109,21,100,62,113,67,48,74" hai1="90,135,26,31,32,34,80,18,28,52,11,57,30" hai2="41,47,78,16,132,117,20,24,108,40,133,10,94" hai3="56,119,77,105,61,71,118,46,0,121,114,44,54"/><V70/><F117/><W9/><G105/><T84/><D113/><U37/><E37/><V92/><F70/><W112/><G77/><T63/><D109/><U68/><E68/><V55/><F78/><W130/><G0/><T53/><D127/><U19/><E135/><N who="2" m="51787" /><F108/><W129/><G9/><T6/><D74/><U103/><E103/><V43/><F10/><W27/><G27/><T3/><D21/><U99/><E19/><V13/><F24/><W64/><G121/><T104/><D3/><U96/><E34/><V7/><F7/><W83/><G83/><T25/><D25/><U86/><E32/><V116/><F116/><N who="3" m="44587" /><G71/><T65/><D63/><N who="1" m="36263" /><E26/><V51/><AGARI ba="1,1" hai="13,16,20,40,41,43,47,51,55,92,94" m="51787" machi="51" ten="40,7800,0" yaku="20,1,52,1,54,1" doraHai="8" who="2" fromWho="2" sc="220,-27,240,-27,310,91,220,-27" /><INIT seed="2,2,0,2,2,69" ten="193,213,401,193" oya="2" hai0="8,49,124,20,79,36,24,117,82,23,35,3,90" hai1="89,68,17,130,58,11,1,75,93,115,103,6,133" hai2="121,7,125,50,38,111,53,64,81,70,13,14,101" hai3="127,126,84,25,61,86,0,129,74,78,16,33,72"/><V4/><F121/><W47/><G0/><T104/><D124/><N who="3" m="47657" /><G129/><T94/><D104/><U42/><E68/><V112/><F112/><W32/><G61/><T122/><D122/><U109/><E115/><V12/><F64/><W54/><G54/><T31/><D117/><U88/><E130/><V123/><F70/><W135/><G135/><T110/><D110/><U44/><E75/><N who="3" m="28714" /><G47/><T55/><D36/><U18/><E109/><V40/><F123/><W98/><G98/><T56/><D8/><U99/><E58/><V113/><F53/><W87/><G78/><T131/><D3/><U107/><E133/><V80/><F50/><W34/><G25/><T77/><D131/><U85/><REACH who="1" step="1"/><E89/><REACH who="1" ten="193,203,401,193" step="2"/><V26/><F111/><W22/><G22/><T105/><D105/><U134/><E134/><V96/><F113/><W119/><G16/><T100/><D100/><U59/><E59/><V57/><F57/><W5/><G5/><T83/><D77/><U76/><E76/><V51/><F4/><W30/><G30/><T91/><D91/><U10/><E10/><V52/><F125/><W29/><G29/><T128/><D128/><U132/><E132/><V66/><F101/><W41/><G41/><T71/><D71/><U102/><E102/><V15/><F40/><W39/><G119/><T37/><D79/><U106/><E106/><V48/><F7/><W19/><G19/><T28/><D28/><U9/><E9/><V60/><F26/><W120/><G120/><T21/><REACH who="0" step="1"/><D37/><AGARI ba="2,1" hai="1,6,11,17,18,37,42,44,85,88,93,99,103,107" machi="37" ten="30,7700,0" yaku="1,1,7,1,52,1,54,1,53,0" doraHai="69" doraHaiUra="62" who="1" fromWho="0" sc="193,-83,203,93,401,0,193,0" /><AGARI ba="2,0" hai="32,33,34,37,39,84,86,87" m="28714,47657" machi="37" ten="50,8000,1" yaku="28,2,18,1,52,2" doraHai="69" who="3" fromWho="0" sc="110,-80,296,0,401,0,193,80" /><INIT seed="3,0,0,5,3,115" ten="30,296,401,273" oya="3" hai0="6,108,17,96,103,110,24,11,25,44,67,117,116" hai1="118,130,42,97,77,58,31,55,49,33,128,41,86" hai2="76,57,43,87,91,40,15,126,68,84,105,61,23" hai3="129,56,26,18,121,120,75,93,45,3,48,107,100"/><W125/><G3/><T64/><D44/><U29/><E97/><V52/><F105/><W89/><G75/><T109/><D64/><U20/><E33/><V7/><F126/><W122/><G125/><T63/><D17/><U4/><E4/><V88/><F68/><W13/><G129/><N who="1" m="49770" /><E20/><V19/><F76/><W8/><G107/><N who="0" m="63975" /><D25/><U106/><E106/><V54/><F54/><W38/><G38/><T112/><D24/><U99/><E99/><V2/><F7/><W73/><G100/><T47/><D47/><U131/><N who="1" m="49778" /><U95/><DORA hai="101" /><E118/><N who="0" m="45673" /><D112/><U71/><E71/><V12/><F12/><W59/><G26/><T102/><D102/><U132/><E42/><V65/><F2/><W32/><G32/><T50/><D50/><U37/><E41/><V80/><F65/><W66/><G66/><T1/><D67/><U14/><E37/><V81/><AGARI ba="0,0" hai="15,19,23,40,43,52,57,61,80,81,84,87,88,91" machi="81" ten="20,12000,2" yaku="0,1,7,1,9,1,8,1,54,2" doraHai="115,101" who="2" fromWho="2" sc="30,-30,296,-30,401,120,273,-60" /><INIT seed="4,0,0,0,5,43" ten="0,266,521,213" oya="0" hai0="12,60,36,95,77,52,69,118,129,134,21,110,31" hai1="62,47,76,112,54,81,97,73,14,37,116,114,79" hai2="6,67,32,133,56,7,5,91,33,23,50,3,127" hai3="113,87,86,20,1,39,58,65,70,48,93,22,15"/><T104/><D118/><U35/><E35/><V11/><F23/><W0/><G39/><T40/><D104/><U13/><E116/><V9/><F91/><W117/><G117/><T122/><D122/><U57/><E79/><V61/><F7/><W123/><G123/><T49/><D77/><U83/><E83/><V89/><F127/><W88/><G113/><N who="1" m="43626" /><E97/><V34/><F89/><W78/><G70/><T30/><D95/><U71/><E71/><V131/><F50/><W8/><G1/><T126/><D12/><U107/><E107/><V130/><F133/><W108/><G0/><AGARI ba="0,0" hai="0,3,5,6,9,11,32,33,34,56,61,67,130,131" machi="0" ten="40,1300,0" yaku="9,1" doraHai="43" who="2" fromWho="3" sc="0,0,266,0,521,13,213,-13" /><INIT seed="5,0,0,0,3,15" ten="0,266,534,200" oya="1" hai0="90,18,111,119,74,73,1,77,22,5,92,50,62" hai1="103,45,117,6,84,57,36,86,24,32,31,63,17" hai2="78,60,124,38,71,99,127,29,121,56,35,25,118" hai3="51,79,4,107,68,101,19,34,0,72,97,83,89"/><U130/><E117/><V123/><F118/><W93/><G34/><T120/><D119/><U126/><E126/><N who="2" m="48171" /><F71/><W128/><G128/><T41/><D111/><U33/><E33/><V95/><F78/><W58/><G68/><T49/><D120/><U100/><E6/><V40/><F40/><W16/><G4/><T64/><D41/><U115/><E36/><V7/><F38/><W39/><G0/><T23/><D5/><U94/><E45/><V129/><F129/><W132/><G132/><T13/><D1/><U109/><E130/><V61/><F7/><W65/><G39/><T27/><D73/><U122/><E122/><N who="2" m="46603" /><F56/><W55/><G65/><T14/><D74/><U8/><E57/><V54/><F54/><W106/><G106/><T26/><D77/><U81/><E109/><V80/><F80/><W135/><G135/><T28/><D50/><U52/><E52/><V37/><F37/><W47/><G47/><T69/><D49/><U125/><E81/><V87/><F87/><AGARI ba="0,0" hai="16,19,51,55,58,72,79,83,87,89,93,97,101,107" machi="87" ten="30,12000,2" yaku="7,1,24,2,52,2,54,1" doraHai="15" who="3" fromWho="2" sc="0,0,266,0,534,-120,200,120" /><AGARI ba="0,0" hai="13,14,18,22,23,26,27,28,62,64,69,87,90,92" machi="87" ten="30,2000,0" yaku="7,1,52,1" doraHai="15" who="0" fromWho="2" sc="0,20,266,0,414,-20,320,0" /><INIT seed="6,0,0,0,4,91" ten="20,266,394,320" oya="2" hai0="0,4,19,8,108,41,16,94,21,111,113,43,123" hai1="128,84,20,22,42,116,50,63,52,134,5,75,121" hai2="73,57,54,64,90,82,33,53,15,28,115,23,2" hai3="106,58,31,39,109,79,51,96,70,7,87,81,49"/><V12/><F2/><W46/><G109/><T74/><D74/><U18/><E75/><V34/><F64/><W76/><G70/><T89/><D123/><U103/><E116/><V114/><F54/><W44/><G7/><T122/><D122/><U38/><E121/><V13/><F23/><W72/><G31/><T67/><D113/><N who="2" m="43018" /><F28/><W132/><G132/><T10/><D67/><U27/><E134/><V14/><N who="2" m="3584" /><DORA hai="129" /><V110/><F110/><W80/><G39/><T86/><D10/><U24/><E128/><V29/><F29/><W83/><G83/><T25/><REACH who="0" step="1"/><D19/><REACH who="0" ten="10,266,394,320" step="2"/><U127/><E18/><V30/><F73/><W100/><REACH who="3" step="1"/><G51/><REACH who="3" ten="10,266,394,310" step="2"/><T36/><D36/><U105/><E50/><N who="2" m="30903" /><F30/><W55/><AGARI ba="0,2" hai="44,46,49,55,58,72,76,79,80,81,87,96,100,106" machi="55" ten="30,2000,0" yaku="1,1,0,1,53,0" doraHai="91,129" doraHaiUra="56,11" who="3" fromWho="3" sc="10,-5,266,-5,394,-10,310,40" /><INIT seed="7,0,0,0,4,11" ten="5,261,384,350" oya="3" hai0="99,127,44,75,32,87,110,68,84,25,129,130,128" hai1="28,103,43,49,58,96,18,65,54,66,115,106,132" hai2="111,126,121,93,98,37,15,47,118,31,10,20,24" hai3="70,82,76,61,112,3,56,114,29,19,60,8,83"/><W107/><G107/><T69/><D25/><U94/><E115/><N who="3" m="44074" /><G29/><T74/><D44/><U72/><E132/><V38/><F111/><W23/><G70/><T108/><D99/><U17/><E72/><V6/><F118/><W134/><G134/><T16/><D16/><U73/><E73/><V95/><F126/><W85/><G83/><T92/><D127/><U35/><E43/><V45/><F121/><W57/><G57/><T26/><D26/><U122/><E122/><V81/><F81/><W109/><G109/><N who="0" m="42091" /><D32/><U41/><E41/><V91/><REACH who="2" step="1"/><F95/><REACH who="2" ten="5,261,374,350" step="2"/><W7/><G56/><T86/><D92/><U40/><E40/><V30/><F30/><W9/><G9/><T78/><D68/><U14/><E106/><V77/><F77/><W100/><G100/><T119/><D69/><U27/><REACH who="1" step="1"/><E18/><REACH who="1" ten="5,251,374,350" step="2"/><V133/><F133/><W79/><G79/><T131/><N who="0" m="32768" /><DORA hai="0" /><T97/><D78/><U120/><E120/><V102/><F102/><W21/><G19/><T88/><D119/><U4/><E4/><V34/><F34/><W101/><G101/><T55/><D55/><U89/><E89/><V13/><F13/><W123/><G123/><T5/><D5/><U80/><E80/><V105/><F105/><W113/><G113/><T135/><D135/><U36/><E36/><AGARI ba="0,2" hai="6,10,15,20,24,31,36,37,38,45,47,91,93,98" machi="36" ten="40,5200,0" yaku="1,1,52,2,53,0" doraHai="11,0" doraHaiUra="46,12" who="2" fromWho="1" sc="5,0,251,-52,374,72,350,0" owari="5,-49.0,199,-20.0,446,54.0,350,15.0" /></mjloggm>