<mjloggm ver="2.3"><GO type="185" lobby="0"/><UN n0="%E6%A8%BD%E3%81%AA%E3%81%AE%E5%A3%8A%E3%81%95%E3%81%AA%E3%81%84%E3%81%A7" n1="%67%6C%61%6E%7A%39%30" n2="%4E%65%6D%6F%6D%6F%6D%6F" n3="" dan="16,18,16,0" rate="2191.61,2335.33,2193.14,1500.00" sx="M,M,M,C"/><TAIKYOKU oya="0"/><INIT seed="0,0,0,2,1,130" ten="350,350,350,0" oya="0" hai0="59,38,84,63,73,52,61,3,125,116,119,97,81" hai1="1,51,90,60,69,35,94,85,118,43,134,41,82" hai2="123,99,77,106,108,129,131,117,105,37,113,109,87" hai3=""/><T56/><D3/><U79/><E1/><V86/><N who="2" m="31520" /><V135/><F37/><T72/><D38/><U80/><E118/><V34/><F34/><T127/><D97/><U95/><E35/><V36/><F36/><T110/><D110/><N who="2" m="42602" /><F117/><T98/><D98/><U48/><E134/><V104/><F135/><T78/><D119/><U39/><E39/><V33/><F33/><T121/><N who="0" m="31008" /><T57/><D116/><U71/><E60/><V132/><F132/><T65/><REACH who="0" step="1"/><D57/><REACH who="0" ten="340,350,350,0" step="2"/><U133/><E133/><V54/><F99/><T55/><D55/><U53/><E53/><V74/><F54/><T114/><D114/><U40/><E71/><V126/><F113/><T70/><D70/><U102/><E69/><V112/><F112/><T96/><D96/><U101/><E101/><V88/><F131/><T64/><D64/><U89/><E102/><V0/><F0/><T91/><D91/><U93/><REACH who="1" step="1"/><E90/><REACH who="1" ten="340,340,350,0" step="2"/><V83/><F129/><T76/><D76/><U46/><E46/><V103/><F103/><T45/><D45/><U75/><AGARI ba="0,2" hai="40,41,43,48,51,75,79,80,82,85,89,93,94,95" machi="75" ten="30,1500,0" yaku="1,1,0,1,53,0" doraHai="130" doraHaiUra="111" who="1" fromWho="1" sc="340,-10,340,35,350,-5,0,0" /><INIT seed="1,0,0,2,5,90" ten="330,375,345,0" oya="1" hai0="129,53,91,1,105,82,0,126,114,70,102,79,87" hai1="109,121,66,84,81,51,68,133,131,111,33,135,38" hai2="44,32,69,62,74,88,104,35,100,48,42,96,123" hai3=""/><U128/><N who="1" m="31008" /><U3/><E38/><V50/><N who="2" m="31520" /><V125/><F74/><T112/><D129/><N who="1" m="49739" /><E3/><V98/><F125/><T115/><D126/><U78/><E33/><V54/><F62/><T60/><D105/><U119/><E119/><V120/><N who="2" m="30752" /><V93/><F69/><T46/><D102/><U36/><E36/><V65/><F65/><T130/><D130/><U83/><E51/><V92/><F104/><T75/><D46/><AGARI ba="0,0" hai="32,35,42,44,46,48,50,54,88,92,93,96,98,100" m="30752,31520" machi="46" ten="30,12000,2" yaku="7,1,52,4,54,1" doraHai="90" who="2" fromWho="0" sc="330,-120,375,0,345,120,0,0" /><INIT seed="2,0,0,4,2,76" ten="210,375,465,0" oya="2" hai0="94,62,125,124,71,102,134,59,40,73,110,105,64" hai1="67,36,95,53,119,126,87,46,54,2,120,68,99" hai2="108,75,44,113,98,114,33,52,118,43,103,122,104" hai3=""/><V84/><N who="2" m="31264" /><V100/><F33/><T123/><N who="0" m="31520" /><T42/><D134/><U89/><N who="1" m="30752" /><U132/><E132/><V74/><F118/><T60/><D105/><U121/><N who="1" m="31008" /><U63/><E2/><V37/><F108/><T0/><D0/><U48/><E119/><V65/><F65/><T79/><D110/><U135/><E135/><V115/><F100/><T106/><D106/><U49/><E126/><N who="0" m="48745" /><D102/><U1/><E1/><V47/><F84/><T107/><D107/><U111/><E111/><V51/><AGARI ba="0,0" hai="37,43,44,47,51,52,74,75,98,103,104,113,114,115" m="31264" machi="51" ten="40,5200,0" yaku="0,1,52,1,54,1" doraHai="76" who="2" fromWho="2" sc="210,-26,375,-26,465,52,0,0" /><INIT seed="2,1,0,4,0,38" ten="184,349,517,0" oya="2" hai0="60,64,39,74,82,75,47,79,63,86,95,125,70" hai1="126,41,80,128,89,134,36,52,65,76,115,90,101" hai2="100,57,112,67,81,1,68,131,102,51,98,118,72" hai3=""/><V34/><F34/><T87/><D125/><U106/><E115/><V132/><F1/><T32/><D32/><U73/><E126/><V119/><F112/><T91/><REACH who="0" step="1"/><D60/><REACH who="0" ten="174,349,517,0" step="2"/><U123/><N who="1" m="31520" /><U110/><E110/><V56/><F119/><T133/><D133/><U97/><E134/><V58/><F118/><T0/><D0/><U135/><E135/><V117/><F117/><T93/><D93/><U48/><E128/><V62/><F131/><T2/><D2/><U78/><E65/><V114/><F114/><T77/><D77/><U88/><E78/><V42/><F132/><T127/><D127/><U129/><E129/><V71/><F62/><T53/><D53/><U54/><REACH who="1" step="1"/><E48/><REACH who="1" ten="174,339,517,0" step="2"/><V96/><F67/><T111/><D111/><U43/><E43/><AGARI ba="1,2" hai="39,43,47,63,64,70,74,75,79,82,86,87,91,95" machi="43" ten="40,2600,0" yaku="1,1,52,1,53,0" doraHai="38" doraHaiUra="103" who="0" fromWho="1" sc="174,48,339,-28,517,0,0,0" /><INIT seed="4,0,0,5,1,127" ten="222,311,517,0" oya="0" hai0="53,37,45,1,44,113,60,62,125,89,102,70,97" hai1="77,88,109,108,76,75,132,85,123,2,134,130,90" hai2="126,103,48,119,54,107,81,129,92,105,112,3,79" hai3=""/><T99/><D1/><U68/><N who="1" m="31520" /><U120/><N who="1" m="30752" /><U121/><N who="1" m="31008" /><U106/><E2/><V128/><F3/><T114/><D125/><U65/><E65/><V38/><F38/><T101/><D89/><U69/><E106/><N who="2" m="40459" /><F126/><T72/><D72/><U73/><E85/><V63/><F63/><T52/><REACH who="0" step="1"/><D37/><REACH who="0" ten="212,311,517,0" step="2"/><U133/><E132/><V32/><F32/><T118/><D118/><U84/><E84/><V111/><F119/><T41/><D41/><U58/><E58/><V74/><F111/><T122/><N who="0" m="31264" /><T67/><D67/><U131/><AGARI ba="0,1" hai="68,69,73,75,76,77,88,90,108,109,130,131,133,134" m="31008,30752,31520" machi="131" ten="25,12000,3" yaku="0,1,22,2,52,5,54,1" doraHai="127" who="1" fromWho="1" sc="212,-80,311,130,517,-40,0,0" /><INIT seed="5,0,0,2,3,108" ten="132,441,477,0" oya="1" hai0="84,135,67,83,97,75,34,46,92,42,116,63,117" hai1="82,71,0,90,129,56,1,93,122,72,98,50,128" hai2="38,49,51,95,59,115,70,32,88,79,102,124,103" hai3=""/><U127/><N who="1" m="31264" /><U104/><E71/><V54/><F70/><T125/><D34/><U112/><E127/><V106/><F38/><T89/><D63/><U81/><E112/><V69/><F69/><T35/><D67/><U121/><N who="1" m="31008" /><U60/><E104/><V126/><F32/><T74/><D46/><U80/><E72/><V111/><F111/><T41/><D41/><U3/><REACH who="1" step="1"/><E50/><REACH who="1" ten="132,431,477,0" step="2"/><V86/><F115/><T62/><D35/><U101/><E101/><V114/><F114/><T36/><D36/><U132/><E132/><V37/><F37/><T131/><D135/><U94/><E94/><V130/><F103/><T61/><D125/><U55/><AGARI ba="0,1" hai="0,1,3,55,56,60,80,81,82,90,93,98,128,129" m="31008,31264" machi="55" ten="40,8000,1" yaku="1,1,0,1,52,2,53,0" doraHai="108" doraHaiUra="123" who="1" fromWho="1" sc="132,-40,431,90,477,-40,0,0" /><INIT seed="5,1,0,0,1,66" ten="92,521,437,0" oya="1" hai0="111,33,47,77,58,126,54,99,46,37,96,104,72" hai1="70,103,56,135,3,101,84,114,80,124,119,40,73" hai2="117,79,71,133,45,81,89,131,68,116,53,0,82" hai3=""/><U39/><E3/><V108/><F0/><T35/><D72/><U32/><E32/><V134/><F108/><T123/><N who="0" m="31520" /><T50/><D77/><U127/><E119/><N who="2" m="45643" /><F131/><T109/><D104/><U91/><E114/><V98/><F89/><T42/><D99/><U74/><E56/><V44/><F98/><T83/><D83/><N who="2" m="31754" /><F79/><T57/><D96/><U36/><E40/><V120/><N who="2" m="30752" /><V41/><F53/><T102/><D102/><U112/><E112/><V38/><F44/><T43/><D33/><U55/><E55/><V97/><F97/><T85/><D85/><U106/><E80/><V76/><F76/><T52/><D35/><U59/><E84/><V93/><F93/><T129/><D129/><U132/><E59/><V51/><F51/><T48/><REACH who="0" step="1"/><D126/><REACH who="0" ten="82,521,437,0" step="2"/><U69/><E106/><V110/><F110/><T95/><D95/><U63/><E91/><V60/><F134/><T100/><D100/><U122/><N who="1" m="31264" /><U75/><E75/><V130/><F133/><T105/><D105/><U115/><E115/><V61/><F130/><T67/><D67/><U78/><E78/><V94/><F94/><T118/><D118/><U49/><E135/><V87/><F87/><T2/><D2/><U113/><E132/><RYUUKYOKU ba="1,1" sc="82,10,521,-20,437,10,0,0" hai0="37,42,43,46,47,48,50,52,54,57,58,109,111" hai2="38,41,45,60,61,68,71" /><INIT seed="6,2,1,5,3,91" ten="92,501,447,0" oya="2" hai0="32,124,75,134,122,86,57,108,41,44,97,112,83" hai1="0,59,58,99,115,70,117,113,116,55,90,109,85" hai2="69,130,133,38,33,48,129,135,40,79,103,77,89" hai3=""/><V66/><F33/><T37/><D86/><U81/><E70/><V111/><F111/><T106/><D97/><U62/><E109/><V76/><F38/><T64/><D83/><U61/><E0/><V65/><F103/><T34/><D57/><U42/><E99/><V98/><F40/><T93/><D93/><U72/><E72/><V52/><F69/><T46/><D46/><U119/><E42/><V118/><F118/><T96/><D96/><U82/><E81/><V36/><F36/><T104/><D44/><U84/><E84/><V125/><F125/><T67/><D67/><AGARI ba="2,1" hai="55,58,59,61,62,67,82,85,90,113,115,116,117,119" machi="67" ten="40,1300,0" yaku="12,1" doraHai="91" who="1" fromWho="0" sc="92,-17,501,27,447,0,0,0" owari="75,-52.0,528,47.0,447,5.0,0,0.0" /></mjloggm>