<mjloggm ver="2.3"><GO type="169" lobby="0"/><UN n0="%E3%83%AB%E3%83%AB%E5%8F%82%E4%B8%8A" n1="%6B%75%72%6F%35%35%36%36" n2="%E5%B0%8F%E6%B1%A0%E7%BE%8E%E6%B3%A2%E2%8A%BF" n3="%E3%81%98%E3%81%98%E3%81%84%E3%81%8C%E5%91%BC%E3%82%93%E3%81%A0" dan="17,16,16,16" rate="2164.29,2095.08,2106.68,2121.42" sx="F,M,F,M"/><TAIKYOKU oya="0"/><INIT seed="0,0,0,5,0,36" ten="250,250,250,250" oya="0" hai0="7,53,17,115,22,0,135,84,73,47,131,14,29" hai1="134,127,13,45,9,113,81,82,25,105,65,23,89" hai2="34,59,78,40,83,28,67,80,107,56,46,109,103" hai3="91,50,35,110,112,49,123,20,93,15,44,12,124"/><T32/><D73/><U129/><E105/><V116/><F83/><W57/><G35/><T72/><D72/><U24/><E113/><V76/><F109/><W1/><G1/><T104/><D104/><U71/><E129/><V66/><F116/><W95/><G112/><T128/><D115/><U75/><E134/><V120/><F120/><W117/><G117/><T98/><D98/><U69/><E127/><V48/><F59/><W52/><G110/><T64/><D135/><U79/><E65/><V2/><F2/><W6/><G124/><T108/><D64/><U26/><E45/><V85/><F78/><W74/><G74/><T86/><D108/><U114/><E114/><V70/><F56/><W21/><G123/><T125/><D125/><U97/><E23/><N who="3" m="8778" /><G6/><T5/><D5/><U42/><E42/><V63/><F67/><W39/><G39/><T133/><D7/><U11/><E97/><V43/><F107/><W130/><G130/><N who="0" m="49707" /><D0/><U55/><E55/><V31/><F103/><W54/><G95/><T37/><D53/><U41/><E41/><V19/><F19/><W3/><G3/><T77/><D77/><U96/><E96/><AGARI ba="0,0" hai="12,15,44,49,50,52,54,57,91,93,96" m="8778" machi="96" ten="30,2000,0" yaku="8,1,54,1" doraHai="36" who="3" fromWho="1" sc="250,0,250,-20,250,0,250,20" /><INIT seed="1,0,0,5,2,110" ten="250,230,250,270" oya="1" hai0="0,1,120,6,86,113,22,7,25,122,73,3,115" hai1="84,129,126,131,78,135,124,32,133,10,98,114,132" hai2="68,102,101,29,42,134,77,130,91,49,35,43,104" hai3="95,24,105,15,94,40,26,67,81,53,41,5,65"/><U64/><E32/><V58/><F68/><W11/><G105/><T47/><D73/><U108/><E108/><V93/><F77/><W119/><G119/><T121/><D86/><U14/><E64/><N who="3" m="24650" /><G81/><T61/><D47/><U72/><E114/><N who="0" m="43529" /><D61/><U82/><E14/><V38/><F29/><AGARI ba="0,0" hai="0,1,3,6,7,22,25,29,120,121,122" m="43529" machi="29" ten="40,12000,2" yaku="13,1,34,2,52,3" doraHai="110" who="0" fromWho="2" sc="250,120,230,0,250,-120,270,0" /><INIT seed="2,0,0,1,2,51" ten="370,230,130,270" oya="2" hai0="28,90,65,115,49,112,109,56,19,1,100,117,8" hai1="22,105,60,9,83,98,104,91,77,3,0,123,71" hai2="5,108,25,130,40,88,72,97,110,116,128,92,111" hai3="21,29,18,81,41,126,125,99,67,47,26,61,87"/><V107/><F116/><W124/><G99/><T103/><D109/><N who="2" m="27906" /><V43/><DORA hai="89" /><F72/><W20/><G47/><T14/><D117/><U23/><E123/><V37/><F37/><W64/><G41/><N who="2" m="15945" /><F107/><W82/><G87/><T121/><D121/><U75/><E105/><V94/><F5/><W27/><REACH who="3" step="1"/><G67/><REACH who="3" ten="370,230,130,260" step="2"/><T6/><D65/><U45/><E75/><V59/><F59/><AGARI ba="0,1" hai="18,20,21,26,27,29,59,61,64,81,82,124,125,126" machi="59" ten="40,8000,1" yaku="1,1,2,1,18,1,53,1" doraHai="51,89" doraHaiUra="11,62" who="3" fromWho="2" sc="370,0,230,0,130,-80,260,90" /><INIT seed="3,0,0,0,1,0" ten="370,230,50,350" oya="3" hai0="15,20,86,82,56,98,112,18,85,133,76,84,1" hai1="111,34,10,32,117,103,52,63,97,135,124,75,22" hai2="90,54,120,121,67,127,11,36,37,73,5,38,106" hai3="113,115,44,33,83,41,48,50,134,43,88,108,24"/><W77/><G134/><T105/><D133/><U35/><E75/><V28/><F67/><W30/><G108/><T12/><D1/><U62/><E135/><V39/><N who="2" m="9216" /><DORA hai="87" /><V126/><F73/><W21/><G33/><T107/><D112/><U7/><E111/><V26/><F106/><W16/><G30/><T42/><D42/><U13/><E124/><N who="2" m="47659" /><F54/><W79/><G115/><T100/><D107/><U55/><E117/><V58/><F58/><W132/><G132/><T64/><D64/><U119/><E119/><V72/><F72/><W92/><G83/><T116/><D116/><U23/><E63/><V91/><F120/><W66/><G66/><T49/><D15/><U109/><E109/><V6/><F121/><W95/><G95/><T102/><REACH who="0" step="1"/><D100/><REACH who="0" ten="360,230,50,350" step="2"/><U130/><E130/><V71/><F71/><W57/><G113/><T125/><D125/><U104/><E62/><V31/><F31/><W19/><G43/><T27/><D27/><U96/><E104/><V59/><F59/><W51/><G57/><T123/><D123/><U81/><E103/><V2/><F6/><W69/><G69/><T99/><D99/><U29/><E97/><V78/><F78/><N who="3" m="29707" /><G19/><T128/><D128/><U74/><E96/><AGARI ba="0,1" hai="16,21,24,41,44,48,50,51,88,92,96" m="29707" machi="96" ten="30,11600,0" yaku="8,1,52,1,54,2" doraHai="0,87" who="3" fromWho="1" sc="360,0,230,-116,50,0,350,126" /><INIT seed="3,1,0,4,1,74" ten="360,114,50,476" oya="3" hai0="83,65,59,8,68,91,126,17,12,115,95,92,42" hai1="28,76,15,88,64,135,124,117,2,3,60,52,55" hai2="23,105,82,78,70,129,131,97,48,57,34,94,101" hai3="87,53,22,44,49,90,1,73,98,10,62,110,14"/><W125/><G73/><T80/><D126/><U86/><E124/><V51/><F70/><W133/><G125/><T67/><D68/><U54/><E28/><V134/><F34/><W19/><G133/><T58/><D115/><U79/><E135/><V114/><F134/><W39/><G110/><T16/><D42/><U116/><E15/><V121/><F114/><W132/><G132/><T75/><D75/><U43/><E43/><V4/><F4/><W32/><G32/><T41/><D41/><U13/><E13/><V0/><F0/><W102/><G39/><T123/><D123/><U93/><E2/><V113/><F113/><W119/><G119/><N who="1" m="45642" /><E3/><V84/><F121/><W21/><G62/><T63/><D17/><U122/><E122/><V71/><F71/><AGARI ba="1,0" hai="52,54,55,60,64,71,76,79,86,88,93" m="45642" machi="71" ten="30,8000,1" yaku="12,1,52,2,54,2" doraHai="74" who="1" fromWho="2" sc="360,0,114,83,50,-83,476,0" owari="360,16.0,197,-20.0,-33,-53.0,476,57.0" /></mjloggm>