<mjloggm ver="2.3"><GO type="185" lobby="0"/><UN n0="%E2%99%AA%E5%A4%A2%E5%85%88%E6%A1%88%E5%86%85%E4%BA%BA" n1="%E6%B5%B7%E8%83%86%E3%83%88%E3%83%AD%E7%83%8F%E8%B3%8A" n2="%E4%B8%96%E7%9B%B4%E3%81%97%E4%BA%BA" n3="" dan="17,18,17,0" rate="2277.66,2345.80,2262.16,1500.00" sx="F,M,M,C"/><TAIKYOKU oya="0"/><INIT seed="0,0,0,2,5,111" ten="350,350,350,0" oya="0" hai0="119,133,90,123,2,43,113,47,39,109,42,103,101" hai1="76,82,135,105,116,52,86,78,125,96,38,41,75" hai2="40,118,130,3,94,57,32,59,106,74,120,85,69" hai3=""/><T89/><N who="0" m="31520" /><T124/><D119/><U54/><E116/><V84/><N who="2" m="30752" /><V72/><F118/><T112/><D2/><U99/><E135/><V114/><F106/><T87/><D109/><U121/><N who="1" m="31008" /><U65/><E125/><V63/><F3/><T132/><D124/><U126/><E126/><V107/><F107/><T134/><D42/><U102/><E65/><V95/><F32/><T129/><D129/><U97/><E78/><V56/><F40/><T46/><D46/><U81/><E81/><V36/><F36/><T108/><D108/><U92/><E97/><V93/><F130/><T79/><D79/><U49/><E38/><V35/><F35/><T64/><D64/><U122/><N who="1" m="31264" /><U44/><REACH who="1" step="1"/><E75/><REACH who="1" ten="350,340,350,0" step="2"/><V62/><F69/><T127/><D127/><U83/><E83/><V73/><REACH who="2" step="1"/><F114/><REACH who="2" ten="350,340,340,0" step="2"/><N who="0" m="44138" /><D90/><AGARI ba="0,2" hai="41,44,49,52,54,76,82,86,90,92,96,99,102,105" m="31264,31008" machi="90" ten="30,8000,1" yaku="1,1,7,1,52,2,54,1,53,0" doraHai="111" doraHaiUra="70" who="1" fromWho="0" sc="350,-80,340,100,340,0,0,0" /><INIT seed="1,0,0,2,2,57" ten="270,440,340,0" oya="1" hai0="121,127,59,94,82,36,130,75,92,117,74,2,107" hai1="55,46,76,47,106,119,88,123,133,77,111,69,56" hai2="64,103,60,72,0,38,61,112,109,68,63,54,95" hai3=""/><U134/><N who="1" m="31520" /><U126/><E119/><V116/><F0/><T66/><N who="0" m="31008" /><T101/><D2/><U85/><E69/><V87/><F116/><T83/><D36/><U42/><E106/><V90/><F72/><N who="0" m="27690" /><D66/><U51/><E126/><V81/><F38/><T41/><D41/><U113/><E113/><V44/><F112/><T62/><D62/><U91/><E111/><V100/><F109/><T71/><D59/><U43/><E43/><V67/><F68/><T96/><D71/><U37/><E91/><V135/><F135/><N who="1" m="51721" /><E47/><V104/><F104/><T33/><D33/><U132/><N who="1" m="51729" /><U34/><DORA hai="53" /><E34/><V3/><F3/><T52/><D117/><U1/><E1/><V118/><F118/><T102/><D127/><U32/><E32/><V49/><F103/><T78/><D101/><U120/><N who="1" m="30752" /><U35/><E35/><V48/><F48/><T39/><D39/><U70/><E70/><V73/><F100/><T114/><D114/><U65/><E65/><N who="2" m="25163" /><F73/><T40/><D102/><U84/><E85/><V108/><F108/><T131/><D107/><U89/><E84/><V128/><F128/><T105/><D105/><U80/><E37/><V45/><F45/><T93/><D131/><U97/><E46/><RYUUKYOKU ba="0,0" sc="270,-10,440,-10,340,20,0,0" hai2="44,49,54,60,61,63,81,87,90,95" /><INIT seed="2,1,0,2,3,42" ten="260,430,360,0" oya="2" hai0="41,132,124,113,92,77,35,82,123,36,90,126,39" hai1="3,115,118,33,53,61,56,73,108,75,98,44,55" hai2="64,58,96,59,103,94,125,37,93,117,133,74,99" hai3=""/><V40/><F117/><T34/><N who="0" m="31520" /><T63/><D132/><U109/><E115/><V57/><F74/><T79/><D113/><U105/><E3/><V43/><F133/><T45/><D36/><U131/><E33/><V84/><F125/><N who="0" m="48234" /><D63/><U130/><E118/><V85/><F64/><T65/><D65/><U46/><E98/><V78/><F37/><T121/><N who="0" m="31008" /><T95/><D77/><U66/><E105/><V120/><N who="2" m="30752" /><V67/><F67/><T106/><D106/><U102/><E102/><V81/><REACH who="2" step="1"/><F85/><REACH who="2" ten="260,430,350,0" step="2"/><T88/><D34/><U116/><E116/><V68/><F68/><T101/><D35/><U83/><E75/><V62/><F62/><T86/><D95/><U87/><E73/><V134/><F134/><T1/><D1/><U2/><E2/><V69/><F69/><T76/><D101/><AGARI ba="1,1" hai="40,43,57,58,59,78,81,84,93,94,96,99,101,103" m="30752" machi="101" ten="40,18000,2" yaku="1,1,9,1,8,1,52,1,53,2" doraHai="42" doraHaiUra="38" who="2" fromWho="0" sc="260,-182,430,0,350,192,0,0" /><INIT seed="2,2,0,2,1,126" ten="78,430,542,0" oya="2" hai0="75,63,88,92,3,81,116,69,86,127,101,82,131" hai1="97,117,79,68,96,108,73,91,46,76,112,53,114" hai2="99,0,106,1,135,98,74,83,113,32,80,134,58" hai3=""/><V122/><N who="2" m="31264" /><V56/><F106/><T54/><D3/><U107/><E68/><V71/><F71/><T78/><D127/><U55/><E107/><V102/><F74/><T84/><D116/><U132/><E108/><V94/><F94/><T95/><D54/><U40/><E132/><V67/><F102/><T44/><D44/><U51/><E117/><V66/><REACH who="2" step="1"/><F113/><REACH who="2" ten="78,430,532,0" step="2"/><T65/><D101/><U105/><E73/><V70/><F70/><T45/><D95/><U41/><E105/><V48/><F48/><T2/><D2/><U72/><E72/><V37/><F37/><T128/><REACH who="0" step="1"/><D45/><REACH who="0" ten="68,430,532,0" step="2"/><U109/><E112/><V50/><F50/><T42/><D42/><U61/><E114/><V133/><F133/><T49/><D49/><U77/><E40/><V120/><N who="2" m="30752" /><V39/><F39/><T103/><D103/><U35/><E41/><V38/><F38/><T111/><D111/><U130/><E109/><V100/><F100/><T34/><D34/><AGARI ba="2,2" hai="0,1,32,34,56,58,66,67,80,83,98,99,134,135" m="30752,31264" machi="34" ten="25,12000,1" yaku="1,1,22,2,52,2,53,0" doraHai="126" doraHaiUra="85" who="2" fromWho="0" sc="68,-124,430,0,532,144,0,0" owari="-56,-66.0,430,3.0,676,63.0,0,0.0" /></mjloggm>