<mjloggm ver="2.3"><GO type="185" lobby="0"/><UN n0="%E6%A1%83%E8%91%89" n1="%4E%65%6D%6F%6D%6F%6D%6F" n2="%E6%B5%B7%E8%83%86%E3%83%88%E3%83%AD%E7%83%8F%E8%B3%8A" n3="" dan="17,16,18,0" rate="2177.44,2186.32,2340.68,1500.00" sx="M,M,M,C"/><TAIKYOKU oya="0"/><INIT seed="0,0,0,0,3,101" ten="350,350,350,0" oya="0" hai0="58,56,106,99,50,73,90,53,125,40,87,38,103" hai1="67,131,100,32,54,72,66,135,78,97,55,104,85" hai2="80,1,126,117,127,95,92,74,46,3,123,62,130" hai3=""/><T2/><D2/><U75/><E32/><V115/><N who="2" m="31520" /><V102/><F115/><T121/><N who="0" m="31008" /><T108/><D73/><U128/><E135/><V57/><F130/><N who="1" m="49705" /><E85/><V48/><F117/><T109/><D125/><N who="2" m="47626" /><F74/><N who="1" m="28201" /><E78/><V52/><F80/><T88/><D58/><U133/><E133/><V111/><F111/><N who="0" m="42570" /><D87/><U120/><N who="1" m="30752" /><U64/><AGARI ba="0,0" hai="54,55,64,66,67,97,100,104" m="30752,28201,49705" machi="64" ten="40,6000,1" yaku="4,1,19,1,52,2" doraHai="101" who="1" fromWho="1" sc="350,-40,350,60,350,-20,0,0" /><INIT seed="1,0,0,0,4,55" ten="310,410,330,0" oya="1" hai0="118,116,135,81,70,56,133,85,134,34,117,115,95" hai1="87,90,61,47,38,122,97,106,36,84,75,96,3" hai2="131,110,57,125,45,32,99,52,108,46,44,127,92" hai3=""/><U40/><N who="1" m="31264" /><U104/><E75/><V64/><F32/><T130/><D34/><U94/><E3/><V71/><F131/><T63/><D115/><U80/><E36/><V124/><F71/><T76/><D130/><U74/><E74/><V132/><F64/><T78/><D70/><U91/><E96/><V2/><F2/><T88/><REACH who="0" step="1"/><D81/><REACH who="0" ten="300,410,330,0" step="2"/><U59/><REACH who="1" step="1"/><E97/><REACH who="1" ten="300,400,330,0" step="2"/><V39/><F125/><T128/><D128/><U37/><E37/><V77/><F39/><T51/><D51/><U86/><E86/><V72/><F124/><T109/><D109/><U105/><E105/><V93/><F127/><T48/><D48/><U66/><AGARI ba="0,2" hai="38,40,47,59,61,66,80,84,87,90,91,94,104,106" m="31264" machi="66" ten="20,12000,2" yaku="1,1,0,1,7,1,52,2,53,1" doraHai="55" doraHaiUra="69" who="1" fromWho="1" sc="300,-60,400,140,330,-60,0,0" /><INIT seed="1,1,0,1,1,110" ten="240,540,270,0" oya="1" hai0="91,49,93,81,118,45,134,89,99,92,37,65,52" hai1="60,71,43,46,79,119,2,58,78,56,1,117,105" hai2="51,3,0,33,103,41,86,40,83,50,101,54,70" hai3=""/><U85/><E105/><V98/><F70/><T73/><D134/><U57/><E60/><V69/><F69/><T64/><D118/><U61/><E61/><V94/><F33/><T128/><D128/><U129/><E129/><V32/><F32/><T76/><REACH who="0" step="1"/><D37/><REACH who="0" ten="230,540,270,0" step="2"/><U108/><E119/><V75/><F0/><T135/><D135/><U47/><E117/><V74/><F3/><T116/><D116/><U44/><E1/><V114/><F74/><T77/><D77/><U106/><E79/><V100/><F75/><T80/><D80/><U132/><E132/><V35/><F35/><T96/><AGARI ba="1,1" hai="45,49,52,64,65,73,76,81,89,91,92,93,96,99" machi="96" ten="20,6000,1" yaku="1,1,0,1,7,1,9,1,54,1,53,0" doraHai="110" doraHaiUra="67" who="0" fromWho="0" sc="230,72,540,-41,270,-21,0,0" /><INIT seed="2,0,0,1,5,118" ten="302,499,249,0" oya="2" hai0="132,98,40,64,34,91,44,115,71,111,94,55,35" hai1="81,78,76,133,86,67,113,83,125,80,110,33,121" hai2="101,32,41,74,97,56,66,87,37,114,130,112,92" hai3=""/><V39/><F32/><T53/><D111/><U2/><N who="1" m="31008" /><U69/><E33/><V103/><F74/><T128/><D132/><U38/><E2/><V105/><F130/><T75/><D128/><U84/><E113/><V88/><F103/><T70/><D115/><U120/><N who="1" m="30752" /><U131/><E131/><V106/><F106/><T119/><D119/><U51/><E38/><V48/><F37/><T85/><D75/><U93/><E133/><V100/><F100/><T45/><D45/><U127/><E110/><V68/><F68/><T43/><D43/><U73/><E93/><V79/><F79/><T54/><D71/><U57/><E69/><V1/><F1/><T108/><D108/><U59/><E59/><V3/><F3/><T95/><D64/><U58/><E58/><V107/><F107/><T52/><D70/><U61/><E51/><V89/><F39/><T49/><N who="0" m="13824" /><DORA hai="65" /><T60/><REACH who="0" step="1"/><D60/><REACH who="0" ten="292,499,249,0" step="2"/><U42/><E42/><V99/><F112/><T47/><D47/><U104/><E73/><V126/><F114/><T135/><D135/><U63/><E63/><V122/><N who="2" m="31264" /><V96/><F41/><T123/><N who="0" m="31520" /><T72/><D72/><U50/><E61/><V129/><F129/><T62/><D62/><RYUUKYOKU ba="0,1" sc="292,20,499,-10,249,-10,0,0" hai0="34,35,40,44,49,85,91,94,95,98" /><INIT seed="4,1,1,3,1,117" ten="312,489,239,0" oya="0" hai0="38,59,95,109,105,94,112,47,118,43,121,54,56" hai1="130,67,42,120,68,116,128,39,40,98,122,78,33" hai2="104,126,127,115,65,69,37,73,63,55,74,86,111" hai3=""/><T41/><N who="0" m="31008" /><T72/><D118/><U96/><N who="1" m="30752" /><U119/><N who="1" m="31264" /><U35/><E78/><V102/><F111/><T108/><D105/><U125/><E125/><N who="2" m="47627" /><F115/><T70/><D112/><U34/><E119/><V131/><F131/><N who="1" m="50217" /><E116/><V97/><F37/><T75/><D70/><U114/><E114/><V48/><F86/><T124/><D124/><U71/><E71/><V62/><F62/><T66/><D66/><U91/><E39/><V83/><F83/><T77/><D77/><U87/><E67/><V132/><F132/><T1/><D38/><U80/><E68/><V2/><F2/><T85/><D1/><U82/><E82/><V113/><F113/><T92/><D108/><U46/><E46/><AGARI ba="1,1" hai="46,48,55,63,65,69,73,74,97,102,104" m="47627" machi="46" ten="30,1000,0" yaku="18,1" doraHai="117" who="2" fromWho="1" sc="312,0,489,-12,239,22,0,0" /><INIT seed="5,0,0,0,2,87" ten="312,477,261,0" oya="1" hai0="112,89,43,56,60,128,130,116,83,50,72,32,48" hai1="54,134,47,68,81,125,40,133,33,94,38,108,49" hai2="109,58,36,45,119,52,91,34,85,97,53,64,65" hai3=""/><U57/><E33/><V106/><F34/><T96/><D32/><U55/><E125/><V41/><F109/><T99/><D112/><U2/><E2/><V101/><F119/><T115/><D115/><U120/><N who="1" m="30752" /><U131/><E68/><V135/><F135/><T61/><D116/><U0/><E0/><V51/><REACH who="2" step="1"/><F53/><REACH who="2" ten="312,477,251,0" step="2"/><T90/><D128/><U78/><E108/><V82/><AGARI ba="0,1" hai="36,41,45,51,52,58,64,65,82,85,91,97,101,106" machi="82" ten="20,9000,2" yaku="1,1,2,1,0,1,7,1,52,1,54,1,53,1" doraHai="87" doraHaiUra="70" who="2" fromWho="2" sc="312,-30,477,-60,251,100,0,0" /><INIT seed="6,0,0,0,1,66" ten="282,417,351,0" oya="2" hai0="1,102,112,89,128,45,67,84,56,79,63,83,129" hai1="96,78,109,58,33,110,75,122,86,82,132,36,134" hai2="85,39,0,111,70,54,76,59,2,115,41,131,106" hai3=""/><V107/><F115/><T95/><D1/><U80/><N who="1" m="31264" /><U125/><E33/><V114/><F114/><T101/><D112/><U100/><E36/><V97/><F131/><T73/><REACH who="0" step="1"/><D45/><REACH who="0" ten="272,417,351,0" step="2"/><U99/><E110/><V47/><F111/><T38/><D38/><U50/><E109/><V116/><F0/><T46/><D46/><U135/><E135/><V108/><F2/><T124/><D124/><U74/><E125/><V48/><F108/><T81/><D81/><U130/><E80/><V88/><F116/><T120/><N who="0" m="30752" /><T71/><D71/><U60/><E82/><V49/><F70/><T53/><D53/><U62/><E134/><V61/><F39/><T40/><D40/><U32/><E132/><V91/><F41/><T119/><D119/><U43/><E43/><V93/><F47/><T65/><D65/><U98/><E32/><V90/><F54/><T87/><D87/><U127/><E86/><V64/><F85/><T37/><D37/><U117/><E127/><V72/><F59/><T55/><D55/><U133/><E58/><V68/><F68/><T35/><D35/><U104/><E133/><V118/><F118/><T52/><D52/><U51/><E117/><V105/><F64/><T69/><D69/><RYUUKYOKU ba="0,1" sc="272,20,417,-10,351,-10,0,0" hai0="56,63,67,73,79,83,84,89,95,101,102,128,129" owari="292,-31.0,417,37.0,341,-6.0,0,0.0" /></mjloggm>