<mjloggm ver="2.3"><GO type="185" lobby="0"/><UN n0="%E2%99%AA%E5%A4%A2%E5%85%88%E6%A1%88%E5%86%85%E4%BA%BA" n1="%E6%B5%B7%E8%83%86%E3%83%88%E3%83%AD%E7%83%8F%E8%B3%8A" n2="%E4%B8%96%E7%9B%B4%E3%81%97%E4%BA%BA" n3="" dan="17,18,17,0" rate="2271.75,2345.55,2268.33,1500.00" sx="F,M,M,C"/><TAIKYOKU oya="0"/><INIT seed="0,0,0,0,0,109" ten="350,350,350,0" oya="0" hai0="39,96,72,105,77,103,43,35,94,34,1,84,62" hai1="124,98,107,131,114,102,95,54,68,64,129,50,108" hai2="66,120,63,65,100,37,32,81,49,79,104,60,42" hai3=""/><T85/><D1/><U53/><E108/><V0/><N who="2" m="30752" /><V44/><F0/><T41/><D62/><U89/><E124/><V133/><F32/><T78/><D72/><U2/><E2/><V90/><F133/><T121/><N who="0" m="31008" /><T115/><D39/><U88/><E114/><V83/><F90/><T86/><D105/><U135/><E135/><V58/><F100/><T74/><D115/><U51/><E64/><V113/><F104/><T82/><REACH who="0" step="1"/><D78/><REACH who="0" ten="340,350,350,0" step="2"/><U57/><E68/><V71/><F113/><T69/><D69/><U99/><REACH who="1" step="1"/><E89/><REACH who="1" ten="340,340,350,0" step="2"/><V126/><F126/><T132/><D132/><U56/><AGARI ba="0,2" hai="50,51,53,54,56,57,88,95,98,99,102,107,129,131" machi="56" ten="30,6000,1" yaku="1,1,2,1,0,1,9,1,54,1,53,0" doraHai="109" doraHaiUra="130" who="1" fromWho="1" sc="340,-40,340,80,350,-20,0,0" /><INIT seed="1,0,0,0,4,132" ten="300,420,330,0" oya="1" hai0="50,52,69,68,64,37,90,118,128,53,120,46,99" hai1="95,100,86,47,0,34,108,61,114,98,49,129,125" hai2="67,104,107,55,131,93,57,110,74,73,71,84,134" hai3=""/><U83/><E0/><V109/><F134/><T89/><N who="0" m="30752" /><T48/><D128/><U81/><E34/><V101/><F67/><T130/><D130/><U42/><E129/><V40/><F71/><T88/><D37/><U45/><E114/><V122/><N who="2" m="31264" /><V105/><F40/><T38/><D38/><U102/><E108/><N who="2" m="41579" /><F131/><T72/><D72/><N who="2" m="27754" /><F84/><T1/><D1/><U117/><E117/><V77/><F77/><T33/><D33/><U116/><E116/><V70/><F70/><T106/><D118/><U123/><N who="1" m="31520" /><U121/><N who="1" m="31008" /><U54/><E86/><V65/><F65/><T135/><D64/><U91/><E61/><V56/><F55/><T39/><D39/><U75/><E75/><V62/><F62/><T119/><D135/><U82/><REACH who="1" step="1"/><E125/><REACH who="1" ten="300,410,330,0" step="2"/><V58/><F93/><T76/><D119/><U59/><E59/><V133/><F133/><T112/><D68/><U124/><E124/><V127/><F127/><T32/><D69/><U44/><E44/><V85/><F85/><T66/><D32/><U80/><N who="1" m="20992" /><DORA hai="63" /><U36/><AGARI ba="0,1" hai="36,42,45,47,49,54,91,95,98,100,102" m="20992,31008,31520" machi="36" ten="40,12000,2" yaku="1,1,4,1,0,1,52,2,53,1" doraHai="132,63" doraHaiUra="94,113" who="1" fromWho="1" sc="300,-60,410,130,330,-60,0,0" /><INIT seed="1,1,0,1,0,88" ten="240,540,270,0" oya="1" hai0="84,93,89,92,33,111,72,43,115,46,68,65,79" hai1="64,1,49,56,86,129,69,54,45,80,127,121,132" hai2="124,32,48,2,60,97,102,58,71,67,106,126,77" hai3=""/><U123/><N who="1" m="31008" /><U36/><N who="1" m="31520" /><U61/><E129/><V85/><F32/><T107/><D33/><U128/><E128/><V108/><F2/><T38/><D115/><U63/><E132/><V35/><F35/><T133/><D133/><U37/><E127/><N who="2" m="48683" /><F108/><T53/><D107/><U52/><REACH who="1" step="1"/><E1/><REACH who="1" ten="240,530,270,0" step="2"/><V3/><F3/><T118/><D111/><U110/><E110/><V94/><F77/><AGARI ba="1,1" hai="36,37,45,49,52,54,56,61,63,64,69,77,80,86" m="31520,31008" machi="77" ten="30,18000,2" yaku="1,1,7,1,52,2,54,1,53,1" doraHai="88" doraHaiUra="73" who="1" fromWho="2" sc="240,0,530,192,270,-182,0,0" /><INIT seed="1,2,0,5,1,0" ten="240,722,88,0" oya="1" hai0="133,79,76,109,78,50,32,54,112,63,67,113,55" hai1="69,47,72,53,35,59,101,134,43,65,130,97,75" hai2="95,58,124,34,37,60,116,74,119,120,89,94,51" hai3=""/><U127/><E127/><V103/><N who="2" m="30752" /><V114/><F37/><T121/><N who="0" m="31008" /><T100/><D109/><U111/><E134/><V98/><F74/><T57/><D133/><U77/><E130/><V87/><F124/><T81/><D32/><U66/><E111/><V102/><F114/><T85/><D100/><U122/><N who="1" m="31264" /><U70/><E35/><V86/><F34/><T105/><D105/><U56/><E70/><V1/><F1/><T68/><REACH who="0" step="1"/><D54/><REACH who="0" ten="230,722,88,0" step="2"/><U52/><E53/><V71/><F103/><T115/><AGARI ba="2,1" hai="50,55,57,63,67,68,76,78,79,81,85,112,113,115" m="31008" machi="115" ten="30,5900,0" yaku="1,1,2,1,0,1,52,1,53,0" doraHai="0" doraHaiUra="123" who="0" fromWho="0" sc="230,73,722,-41,88,-22,0,0" /><INIT seed="2,0,0,3,3,72" ten="303,681,66,0" oya="2" hai0="117,122,3,112,58,71,85,95,125,75,113,133,97" hai1="116,39,110,49,93,44,69,56,59,90,89,53,88" hai2="126,127,109,114,128,63,76,45,82,108,124,50,46" hai3=""/><V98/><F114/><T103/><D58/><U79/><E110/><N who="2" m="42603" /><F128/><T78/><N who="0" m="31264" /><T40/><D40/><U0/><E0/><V83/><F63/><T106/><D71/><U35/><E35/><V38/><F38/><T61/><D61/><U118/><E69/><V51/><F98/><T32/><D3/><U64/><E39/><V100/><F100/><T80/><D32/><U134/><E134/><V123/><N who="2" m="31520" /><V104/><F104/><T120/><N who="0" m="30752" /><T62/><D62/><U132/><E132/><V102/><F102/><T67/><D67/><U37/><E64/><V1/><F1/><T131/><D133/><U74/><E37/><V129/><F129/><T73/><D131/><U68/><E68/><V130/><F130/><T54/><D113/><U115/><E115/><V41/><F76/><T84/><D78/><U81/><E93/><V121/><N who="2" m="31008" /><V92/><F92/><T135/><D135/><U48/><E48/><V105/><F105/><T2/><D2/><U33/><E33/><V87/><F87/><T91/><D85/><U99/><E99/><V101/><F101/><T42/><D106/><U43/><E79/><V119/><F119/><T65/><D117/><U60/><E116/><V57/><F57/><RYUUKYOKU ba="0,0" sc="303,-10,681,-10,66,20,0,0" hai2="41,45,46,50,51,82,83,124,126,127" /><INIT seed="2,1,0,0,4,61" ten="293,671,86,0" oya="2" hai0="94,72,68,48,78,63,130,100,82,71,1,73,122" hai1="64,128,55,86,90,132,60,97,79,57,32,45,52" hai2="49,119,135,96,88,51,46,133,102,118,58,124,59" hai3=""/><V83/><F124/><T0/><N who="0" m="31264" /><T2/><D130/><U38/><E32/><V3/><F3/><T123/><N who="0" m="31520" /><T120/><N who="0" m="30752" /><T56/><D48/><U87/><E128/><V85/><F59/><T62/><D63/><U111/><E111/><V67/><F58/><T43/><D43/><U104/><E132/><N who="2" m="50763" /><F67/><T80/><D100/><U36/><E79/><V108/><F108/><T106/><D106/><U81/><E86/><V110/><F110/><T93/><D68/><U47/><E47/><V127/><F127/><T44/><D44/><U121/><N who="1" m="31008" /><U74/><E74/><V101/><F101/><T117/><D71/><U95/><E45/><V92/><F51/><T126/><D126/><U65/><E65/><V54/><AGARI ba="1,0" hai="46,49,54,83,85,88,92,96,102,118,119" m="50763" machi="54" ten="30,2000,0" yaku="20,1,54,1" doraHai="61" who="2" fromWho="2" sc="293,-11,671,-11,86,22,0,0" /><INIT seed="2,2,0,4,4,55" ten="282,660,108,0" oya="2" hai0="46,108,91,59,124,84,93,34,66,68,112,57,121" hai1="94,36,44,96,49,92,135,75,129,50,70,131,76" hai2="87,43,133,118,105,88,1,117,47,103,106,60,130" hai3=""/><V86/><F1/><T80/><N who="0" m="31008" /><T98/><D34/><U45/><E70/><V99/><F130/><N who="1" m="49673" /><E135/><V54/><F106/><T37/><D108/><U58/><E36/><V33/><F33/><T114/><D124/><U41/><E58/><V53/><F87/><T83/><D68/><U52/><E96/><V132/><F118/><T32/><D32/><U69/><E69/><V122/><N who="2" m="31264" /><V82/><F117/><T3/><D80/><AGARI ba="2,0" hai="41,44,45,49,50,52,75,76,80,92,94" m="49673" machi="80" ten="30,2000,0" yaku="19,1,54,1" doraHai="55" who="1" fromWho="0" sc="282,-24,660,24,108,0,0,0" /><INIT seed="4,0,0,3,1,108" ten="258,684,108,0" oya="0" hai0="112,116,62,88,71,135,121,51,98,65,91,34,120" hai1="41,57,92,36,96,105,55,107,50,32,33,97,75" hai2="117,53,80,54,131,81,132,61,86,59,126,110,103" hai3=""/><T67/><N who="0" m="30752" /><T133/><N who="0" m="31008" /><T64/><D116/><U85/><E75/><V115/><F110/><T40/><D34/><U99/><E36/><V109/><F109/><T63/><D112/><U78/><E41/><V87/><F117/><T93/><D91/><U73/><E73/><V127/><F131/><T84/><D98/><U134/><E134/><N who="0" m="51209" /><D71/><U3/><E32/><V77/><F132/><T46/><AGARI ba="0,0" hai="40,46,51,62,63,64,65,67,84,88,93" m="51209,31008,30752" machi="46" ten="40,8000,1" yaku="20,1,52,2,54,1" doraHai="108" who="0" fromWho="0" sc="258,80,684,-40,108,-40,0,0" /><INIT seed="4,1,0,5,3,71" ten="338,644,68,0" oya="0" hai0="122,87,72,68,35,86,124,134,110,129,107,33,106" hai1="94,79,118,3,61,43,82,111,50,78,34,98,126" hai2="62,37,102,73,130,109,135,41,88,39,2,95,132" hai3=""/><T120/><RYUUKYOKU type="yao9" ba="1,0" sc="338,0,644,0,68,0,0,0" hai0="33,35,68,72,86,87,106,107,110,120,122,124,129,134" /><INIT seed="4,2,0,3,3,64" ten="338,644,68,0" oya="0" hai0="55,132,58,76,90,120,82,45,125,54,85,99,39" hai1="108,130,35,87,103,104,83,117,98,61,36,119,84" hai2="100,53,40,73,129,77,34,102,105,93,111,121,92" hai3=""/><T33/><N who="0" m="30752" /><T95/><D33/><U127/><E35/><V41/><N who="2" m="31008" /><V63/><F34/><T134/><D125/><U112/><E108/><V68/><F111/><T49/><REACH who="0" step="1"/><D39/><REACH who="0" ten="328,644,68,0" step="2"/><U1/><E36/><V133/><F133/><T62/><AGARI ba="2,1" hai="45,49,54,55,58,62,76,82,85,90,95,99,132,134" m="30752" machi="62" ten="30,7800,0" yaku="1,1,2,1,0,1,52,1,53,0" doraHai="64" doraHaiUra="37" who="0" fromWho="0" sc="328,92,644,-41,68,-41,0,0" /><INIT seed="4,3,0,3,3,104" ten="420,603,27,0" oya="0" hai0="43,80,82,63,83,106,60,66,1,65,51,119,62" hai1="68,33,117,42,39,84,125,3,69,49,75,87,133" hai2="99,121,35,61,124,0,81,38,127,115,47,58,103" hai3=""/><T34/><D1/><U126/><E3/><V123/><N who="2" m="31008" /><V53/><N who="2" m="31520" /><V92/><F0/><T48/><D34/><U41/><E33/><V114/><F35/><T118/><D106/><U89/><E117/><V86/><F47/><T135/><D135/><U129/><E133/><V77/><REACH who="2" step="1"/><F38/><REACH who="2" ten="420,603,17,0" step="2"/><T110/><D110/><U105/><E39/><V79/><F79/><T85/><D43/><U96/><E41/><V100/><F100/><T46/><D46/><U64/><E42/><V95/><F95/><T72/><D72/><U44/><E75/><V40/><F40/><T2/><D2/><U55/><E105/><V116/><F116/><T67/><D119/><U74/><E74/><V130/><F130/><T112/><D118/><U107/><E129/><V90/><F90/><T78/><D112/><AGARI ba="3,1" hai="53,58,61,77,81,86,92,99,103,112,114,115,124,127" m="31520,31008" machi="112" ten="40,8000,1" yaku="1,1,15,1,52,2,53,0" doraHai="104" doraHaiUra="113" who="2" fromWho="0" sc="420,-86,603,0,17,96,0,0" /><INIT seed="5,0,0,5,1,134" ten="334,603,113,0" oya="1" hai0="115,33,120,74,1,61,122,112,87,133,92,103,111" hai1="32,97,46,3,56,60,95,107,79,108,82,39,53" hai2="44,38,37,127,101,35,121,93,65,114,63,55,64" hai3=""/><U70/><E3/><V118/><N who="2" m="31008" /><V47/><F35/><T57/><N who="0" m="30752" /><T36/><N who="0" m="31264" /><T116/><D33/><U0/><E0/><V80/><F80/><T91/><D1/><U76/><E107/><V78/><F78/><T128/><D111/><U98/><E108/><V86/><F93/><T42/><D133/><U105/><E105/><V67/><F86/><T99/><D74/><U58/><E70/><V73/><F101/><T94/><D128/><U90/><E39/><V43/><F73/><T48/><D36/><U88/><E46/><V72/><F72/><T117/><D48/><U130/><E130/><V124/><F118/><N who="0" m="45674" /><D42/><U106/><E106/><V50/><F38/><T104/><D92/><U2/><E2/><V59/><F114/><T34/><D34/><U71/><E32/><V102/><F102/><T100/><D100/><U77/><E95/><V131/><F131/><T69/><D69/><U41/><E71/><V84/><F84/><T66/><AGARI ba="0,0" hai="57,61,66,87,91,94,99,103,104,112,115" m="45674,31264,30752" machi="66" ten="30,3000,0" yaku="12,1,52,2" doraHai="134" who="0" fromWho="0" sc="334,30,603,-20,113,-10,0,0" /><INIT seed="6,0,0,4,5,134" ten="364,583,103,0" oya="2" hai0="130,52,96,102,48,62,97,108,127,53,49,110,103" hai1="89,111,114,71,60,37,84,51,1,58,121,83,39" hai2="34,32,69,115,122,80,63,109,117,120,0,131,70" hai3=""/><V35/><N who="2" m="30752" /><V56/><N who="2" m="31264" /><V116/><F0/><T90/><D62/><U67/><N who="1" m="31008" /><U119/><E111/><V65/><F109/><T44/><D130/><U104/><E104/><V128/><F80/><T124/><D44/><U112/><E119/><N who="2" m="45643" /><F56/><T38/><D38/><U107/><E107/><V64/><F115/><N who="1" m="44073" /><E1/><V41/><F41/><T113/><D113/><U75/><E75/><V133/><F133/><T118/><D118/><U3/><E3/><V72/><F72/><T92/><D92/><U66/><E66/><N who="2" m="25707" /><F63/><T93/><D93/><U99/><E58/><V95/><F95/><T100/><D100/><U61/><E61/><V42/><F42/><T59/><D59/><U43/><E43/><V50/><F50/><T74/><D74/><U85/><E51/><V91/><F91/><AGARI ba="0,0" hai="48,49,52,53,90,91,96,97,102,103,108,110,124,127" machi="91" ten="25,8000,1" yaku="22,2,52,2,54,1" doraHai="134" who="0" fromWho="2" sc="364,80,583,0,103,-80,0,0" owari="444,4.0,583,54.0,23,-58.0,0,0.0" /></mjloggm>