<mjloggm ver="2.3"><GO type="185" lobby="0"/><UN n0="%4E%65%6D%6F%6D%6F%6D%6F" n1="%E4%B8%96%E7%9B%B4%E3%81%97%E4%BA%BA" n2="%E6%B5%B7%E8%83%86%E3%83%88%E3%83%AD%E7%83%8F%E8%B3%8A" n3="" dan="16,17,18,0" rate="2192.57,2268.16,2340.16,1500.00" sx="M,M,M,C"/><TAIKYOKU oya="0"/><INIT seed="0,0,0,3,5,102" ten="350,350,350,0" oya="0" hai0="132,90,69,116,71,120,101,67,93,122,86,62,89" hai1="112,95,83,59,106,54,40,60,66,107,126,2,103" hai2="119,44,115,117,79,129,88,58,113,104,98,91,37" hai3=""/><T78/><N who="0" m="30752" /><T124/><N who="0" m="31264" /><T82/><D116/><N who="2" m="44618" /><F129/><T130/><D130/><U1/><E126/><V35/><F35/><T51/><D124/><U39/><E112/><N who="2" m="43083" /><F79/><T36/><D36/><U0/><E83/><V50/><F58/><T53/><D132/><U41/><E66/><V34/><F37/><T94/><D71/><U121/><N who="1" m="31008" /><U134/><E134/><V32/><F32/><T92/><REACH who="0" step="1"/><D101/><REACH who="0" ten="340,350,350,0" step="2"/><U47/><REACH who="1" step="1"/><E41/><REACH who="1" ten="340,340,350,0" step="2"/><V99/><F34/><T64/><D64/><U72/><E72/><V49/><F49/><T56/><AGARI ba="0,2" hai="51,53,56,62,67,69,78,82,86,89,90,92,93,94" m="31264,30752" machi="56" ten="30,7800,0" yaku="1,1,0,1,52,2,53,0" doraHai="102" doraHaiUra="105" who="0" fromWho="0" sc="340,98,340,-39,350,-39,0,0" /><INIT seed="0,1,0,2,5,112" ten="438,301,311,0" oya="0" hai0="32,51,59,103,93,64,47,68,94,114,108,116,56" hai1="130,48,118,60,43,95,109,55,40,49,62,45,77" hai2="66,127,125,61,35,135,57,90,133,80,84,41,52" hai3=""/><T83/><D114/><U101/><E109/><V134/><F35/><T53/><D32/><U128/><E77/><V124/><F41/><T126/><D116/><U37/><E101/><V121/><REACH who="2" step="1"/><F66/><REACH who="2" ten="438,301,301,0" step="2"/><T100/><D64/><U69/><E43/><V76/><F76/><T87/><D108/><U75/><E40/><V42/><F42/><T54/><D126/><U34/><E34/><V79/><F79/><T65/><D65/><U106/><E118/><V38/><F38/><T102/><D68/><U129/><E69/><V97/><F97/><T115/><D115/><U72/><E37/><V98/><F98/><T58/><D54/><U33/><E33/><V123/><AGARI ba="1,1" hai="52,57,61,80,84,90,121,123,124,125,127,133,134,135" machi="123" ten="40,6000,1" yaku="1,1,0,1,18,1,20,1,54,1,53,0" doraHai="112" doraHaiUra="96" who="2" fromWho="2" sc="438,-41,301,-21,301,72,0,0" /><INIT seed="1,0,0,3,0,122" ten="397,280,373,0" oya="1" hai0="131,34,35,41,89,56,1,100,77,46,75,0,123" hai1="42,120,111,118,51,63,68,121,92,132,81,109,83" hai2="96,116,117,114,108,127,72,73,80,101,54,40,84" hai3=""/><U33/><N who="1" m="30752" /><U43/><N who="1" m="31008" /><U103/><E118/><N who="2" m="45675" /><F54/><T119/><N who="0" m="31520" /><T102/><D119/><U62/><E33/><V128/><F40/><T91/><D77/><U94/><E103/><V47/><F47/><T113/><D75/><N who="2" m="28746" /><F128/><T130/><D113/><U78/><E78/><V98/><F127/><T97/><D97/><N who="2" m="37482" /><F101/><T129/><D56/><U74/><E74/><V64/><F64/><T76/><D130/><U107/><E51/><V69/><F69/><T86/><D46/><U55/><E55/><V48/><F48/><T37/><D41/><U87/><E68/><V79/><F114/><T95/><D37/><U90/><E87/><V135/><F135/><T99/><D86/><U49/><E49/><V133/><F133/><T134/><D134/><U32/><E132/><V71/><F71/><T59/><D59/><U93/><E32/><V82/><F80/><T58/><D58/><U52/><E52/><V38/><F38/><T53/><D53/><U67/><E67/><V125/><F125/><T88/><D35/><U60/><E42/><V36/><F36/><T44/><D34/><U3/><E43/><V105/><F105/><T39/><D39/><U65/><E107/><V2/><F2/><T50/><D50/><RYUUKYOKU ba="0,0" sc="397,-10,280,-10,373,20,0,0" hai2="79,82,84,108" /><INIT seed="2,1,0,0,2,84" ten="387,270,393,0" oya="2" hai0="48,110,57,94,104,121,109,114,93,106,107,69,129" hai1="117,128,58,44,87,56,124,51,82,70,108,95,98" hai2="86,32,116,40,76,75,120,97,103,135,73,3,72" hai3=""/><V43/><N who="2" m="30752" /><V83/><F3/><T125/><N who="0" m="31008" /><T102/><D69/><U81/><E70/><V35/><F116/><T36/><D36/><U77/><E117/><V112/><F112/><T126/><D114/><U89/><E108/><N who="0" m="41577" /><D129/><U101/><E124/><N who="0" m="47721" /><D102/><U54/><REACH who="1" step="1"/><E128/><REACH who="1" ten="387,260,393,0" step="2"/><V85/><F135/><T59/><D48/><U91/><E91/><V67/><F32/><T65/><D65/><U62/><E62/><V45/><F35/><T90/><D90/><U74/><AGARI ba="1,1" hai="44,51,54,56,58,74,77,81,82,87,89,95,98,101" machi="74" ten="20,3900,0" yaku="1,1,0,1,7,1,52,1,53,0" doraHai="84" doraHaiUra="71" who="1" fromWho="1" sc="387,-14,260,51,393,-27,0,0" /><INIT seed="4,0,0,1,3,39" ten="373,311,366,0" oya="0" hai0="67,49,56,48,133,37,61,134,70,57,73,74,110" hai1="44,100,109,93,125,47,124,132,36,96,38,59,55" hai2="82,97,104,89,42,62,119,120,1,68,102,76,33" hai3=""/><T46/><D110/><U117/><E109/><V113/><N who="2" m="30752" /><V52/><F1/><T98/><D98/><U81/><E117/><V72/><F33/><T80/><D80/><U40/><E81/><V84/><F119/><T91/><D91/><U58/><E132/><N who="0" m="50793" /><D74/><U69/><E69/><V32/><F32/><T86/><D86/><U130/><E130/><V111/><F111/><T128/><D73/><U94/><E94/><V43/><F113/><T79/><D79/><U77/><E77/><V60/><F60/><T101/><D101/><U107/><E107/><V127/><F127/><N who="1" m="48713" /><E55/><V116/><F116/><T95/><D95/><U92/><E92/><V129/><F129/><T0/><D0/><U88/><E100/><V118/><F118/><T121/><N who="0" m="31008" /><T2/><D2/><U123/><N who="1" m="31520" /><U108/><E108/><V112/><F112/><T105/><D105/><U90/><E90/><V66/><F52/><T135/><N who="0" m="50801" /><T53/><DORA hai="50" /><D128/><U115/><E115/><V35/><F35/><T71/><D70/><U3/><E3/><V122/><N who="2" m="31264" /><V106/><F104/><T99/><D99/><U83/><E83/><AGARI ba="0,0" hai="42,43,62,66,68,72,76,82,83,84,89,97,102,106" m="31264,30752" machi="83" ten="30,8000,1" yaku="7,1,52,4" doraHai="39,50" who="2" fromWho="1" sc="373,0,311,-80,366,80,0,0" /><INIT seed="5,0,0,2,5,87" ten="373,231,446,0" oya="1" hai0="65,92,54,67,123,85,35,66,0,129,53,120,68" hai1="112,132,122,69,64,59,88,1,104,47,71,79,49" hai2="2,84,46,33,56,118,121,124,93,128,96,50,77" hai3=""/><U48/><N who="1" m="31264" /><U116/><E116/><V127/><N who="2" m="31008" /><V70/><F2/><T135/><N who="0" m="30752" /><T89/><N who="0" m="31520" /><T43/><D0/><U130/><E1/><V73/><F118/><T44/><D68/><U105/><E79/><V74/><F70/><T133/><D35/><U109/><E71/><V55/><F33/><T90/><D129/><U52/><E130/><V72/><F128/><T40/><D40/><U36/><E36/><V119/><F119/><T82/><D135/><U3/><E3/><V103/><F77/><T61/><D61/><U63/><E132/><V32/><F32/><T60/><D60/><U126/><E112/><V101/><F84/><T108/><D108/><U41/><E109/><V125/><F46/><T34/><D133/><U78/><E78/><V131/><F131/><T80/><D80/><U39/><E126/><V91/><AGARI ba="0,0" hai="50,55,56,72,73,74,91,93,96,101,103,124,125,127" m="31008" machi="91" ten="40,6000,1" yaku="0,1,18,1,52,2" doraHai="87" who="2" fromWho="2" sc="373,-20,231,-40,446,60,0,0" /><INIT seed="6,0,0,0,5,128" ten="353,191,506,0" oya="2" hai0="40,107,76,54,68,58,92,0,78,129,118,111,66" hai1="65,2,103,98,89,97,133,117,95,101,74,69,56" hai2="86,90,94,116,84,124,72,39,120,79,83,33,105" hai3=""/><V110/><N who="2" m="30752" /><V47/><F33/><T50/><D107/><U38/><E56/><V96/><F116/><T63/><D118/><U121/><E65/><V134/><F134/><T100/><D111/><U62/><E62/><V60/><F124/><T51/><D129/><U59/><E59/><V88/><F110/><T123/><N who="0" m="31520" /><T104/><D104/><U106/><N who="1" m="31008" /><U85/><E69/><V122/><N who="2" m="31264" /><V48/><F39/><T127/><D127/><U52/><E38/><V125/><F125/><T35/><D0/><U36/><E36/><V126/><F126/><T32/><D32/><U41/><E41/><V37/><F37/><T130/><D130/><U99/><E52/><V80/><F60/><T112/><D112/><U108/><E2/><V55/><F105/><T113/><D113/><U64/><E64/><V42/><F72/><T75/><D75/><U70/><E70/><V135/><F135/><T53/><D40/><AGARI ba="0,0" hai="40,42,47,48,55,79,80,83,84,86,88,90,94,96" m="31264,30752" machi="40" ten="40,12000,1" yaku="8,1,52,2,54,1" doraHai="128" who="2" fromWho="0" sc="353,-120,191,0,506,120,0,0" owari="233,-17.0,191,-41.0,626,58.0,0,0.0" /></mjloggm>