<mjloggm ver="2.3"><GO type="225" lobby="0"/><UN n0="%E3%81%93%E3%81%84%E3%82%8F%E3%81%84%E3%82%88%E3%81%A4%E3%81%B0" n1="%E6%9D%A5%E9%80%B1%E3%81%AE%E7%B3%B8%E4%BA%95" n2="%E3%81%82%E3%82%89%E3%81%8C%E3%81%8D%E3%81%82%E3%82%84%E3%81%9B" n3="%E3%82%A4%E3%83%8A%E3%82%BA%E3%83%9E%E8%91%AC%E5%84%80" dan="18,16,16,17" rate="2238.54,2148.41,2143.91,2229.04" sx="M,M,F,F"/><TAIKYOKU oya="0"/><INIT seed="0,0,0,1,4,119" ten="250,250,250,250" oya="0" hai0="98,23,84,34,0,134,61,69,41,17,101,22,53" hai1="130,129,108,117,88,71,113,33,36,58,78,86,74" hai2="68,127,12,2,114,116,125,40,7,97,118,15,32" hai3="115,72,120,39,30,112,131,67,1,73,121,56,81"/><T45/><D134/><U111/><E71/><V9/><F40/><W128/><G39/><T104/><D0/><U122/><E33/><V26/><F97/><W60/><G1/><T103/><D103/><U79/><E36/><V93/><F93/><W76/><G30/><T3/><D3/><U92/><E117/><N who="2" m="45163" /><F68/><W13/><G13/><N who="2" m="5193" /><F114/><N who="3" m="43563" /><G73/><T96/><D96/><U63/><E113/><V89/><F89/><W80/><G80/><T49/><D69/><U29/><E29/><AGARI ba="0,0" hai="2,7,9,26,29,32,125,127" m="5193,45163" machi="29" ten="30,3900,0" yaku="12,1,34,2" doraHai="119" who="2" fromWho="1" sc="250,0,250,-39,250,39,250,0" /><INIT seed="1,0,0,4,5,85" ten="250,211,289,250" oya="1" hai0="33,108,75,57,66,36,12,32,111,82,127,61,55" hai1="106,78,65,124,130,94,26,67,14,38,84,41,113" hai2="121,29,116,80,13,48,100,131,118,96,46,6,110" hai3="93,62,22,54,7,8,120,128,58,68,17,19,69"/><U117/><E106/><V92/><F121/><W104/><G104/><T101/><D36/><U123/><E123/><V99/><F110/><N who="0" m="42026" /><D101/><U42/><E117/><V56/><F131/><W133/><G133/><T24/><D127/><U81/><E113/><V21/><F80/><W53/><G128/><T63/><D12/><U52/><E130/><V87/><F87/><W31/><G31/><T125/><D125/><U97/><E124/><V39/><F39/><W83/><G120/><T122/><D122/><U70/><E26/><V109/><F56/><W27/><G19/><T135/><D135/><U45/><E42/><V47/><F109/><W59/><G83/><T73/><D24/><U64/><E14/><V51/><F29/><W103/><G103/><T132/><D132/><U16/><E16/><V4/><F4/><W89/><G8/><T20/><D20/><U72/><E72/><N who="0" m="27721" /><D82/><U3/><E3/><V5/><F5/><W112/><G7/><T50/><D63/><U119/><E119/><V18/><F6/><W43/><G112/><T88/><D88/><U134/><E134/><V23/><F23/><W10/><G10/><T30/><D30/><U129/><E129/><V15/><F15/><W79/><G79/><T90/><D90/><U98/><E94/><N who="2" m="58391" /><F118/><W60/><REACH who="3" step="1"/><G43/><REACH who="3" ten="250,211,289,240" step="2"/><T49/><D32/><U105/><E105/><V1/><F116/><W126/><G126/><T95/><D33/><U107/><E107/><V34/><F34/><W91/><G91/><T86/><D95/><U102/><E102/><N who="2" m="60775" /><F1/><W25/><G25/><T44/><D86/><AGARI ba="0,1" hai="17,22,27,53,54,58,59,60,62,68,69,86,89,93" machi="86" ten="30,7700,0" yaku="1,1,7,1,9,1,52,1,53,0" doraHai="85" doraHaiUra="2" who="3" fromWho="0" sc="250,-77,211,0,289,0,240,87" /><INIT seed="2,0,0,4,5,34" ten="173,211,289,327" oya="2" hai0="105,16,4,60,120,55,85,98,10,69,42,84,9" hai1="122,124,1,87,28,125,6,128,33,108,36,44,74" hai2="96,61,126,77,112,26,78,62,64,13,27,104,20" hai3="110,2,106,135,134,97,92,89,17,107,0,72,40"/><V131/><F112/><W59/><G72/><T11/><D120/><U127/><E74/><V48/><F131/><W117/><G117/><T90/><D42/><N who="1" m="22599" /><E128/><V81/><F126/><W71/><G71/><T52/><D4/><U30/><E108/><V100/><F48/><W79/><G79/><T94/><D105/><N who="3" m="39945" /><G40/><T113/><D113/><U37/><E122/><V76/><F81/><W103/><G103/><T47/><D69/><U88/><E37/><V53/><F53/><N who="0" m="20554" /><D60/><U7/><E33/><V91/><F91/><W5/><G5/><N who="1" m="1546" /><E1/><N who="3" m="618" /><G17/><T115/><D115/><U129/><E129/><V116/><F116/><W73/><G73/><T12/><D47/><U83/><AGARI ba="0,0" hai="28,30,83,87,88,124,125,127" m="1546,22599" machi="83" ten="40,2700,0" yaku="18,1,54,1" doraHai="34" who="1" fromWho="1" sc="173,-7,211,27,289,-13,327,-7" /><INIT seed="3,0,0,0,1,125" ten="166,238,276,320" oya="3" hai0="95,89,93,74,34,38,57,19,112,22,99,28,75" hai1="73,47,116,43,103,33,72,108,64,129,61,13,25" hai2="110,49,17,126,115,11,9,101,124,98,132,100,53" hai3="29,36,69,45,6,90,26,8,71,59,24,122,15"/><W51/><G122/><T37/><D112/><U7/><E108/><V118/><F118/><W81/><G36/><T18/><D34/><U0/><E116/><V2/><F115/><W97/><G59/><T109/><D109/><U106/><E13/><V32/><F32/><W131/><G131/><T56/><D28/><N who="1" m="19599" /><E129/><V130/><F110/><W5/><G5/><T85/><D85/><U133/><E133/><V107/><F101/><W96/><G71/><T113/><D113/><U63/><E63/><V83/><F83/><W39/><G69/><T14/><D38/><N who="1" m="22007" /><E7/><V77/><F77/><W80/><G39/><T65/><D37/><U88/><E88/><V92/><F132/><W79/><G79/><T58/><D65/><U78/><E0/><V23/><F107/><W102/><G102/><T104/><D104/><U94/><E94/><V128/><F2/><W41/><G26/><T10/><D75/><U134/><E78/><V62/><F62/><W54/><G54/><T135/><D74/><U55/><E55/><V3/><F3/><W42/><G42/><T68/><D135/><U119/><E119/><V111/><F111/><W27/><G27/><T67/><D68/><N who="1" m="41999" /><E134/><V4/><F4/><W30/><G30/><T31/><D67/><U1/><E1/><V12/><F11/><W121/><G121/><T86/><D31/><U50/><E50/><V76/><F76/><W87/><G81/><T82/><REACH who="0" step="1"/><D99/><AGARI ba="0,0" hai="72,73,99,103,106" m="41999,22007,19599" machi="99" ten="30,3900,0" yaku="25,1,33,2" doraHai="125" who="1" fromWho="0" sc="166,-39,238,39,276,0,320,0" owari="127,-37.0,277,8.0,276,-12.0,320,41.0" /></mjloggm>