<mjloggm ver="2.3"><GO type="225" lobby="0"/><UN n0="%E3%81%82%E3%82%89%E3%81%8C%E3%81%8D%E3%81%82%E3%82%84%E3%81%9B" n1="%E8%A8%88%E7%AE%97%E6%A9%9F%E8%87%AA%E7%84%B6" n2="%E3%81%93%E3%81%84%E3%82%8F%E3%81%84%E3%82%88%E3%81%A4%E3%81%B0" n3="%E3%82%A4%E3%83%8A%E3%82%BA%E3%83%9E%E8%91%AC%E5%84%80" dan="16,17,18,17" rate="2137.51,2249.41,2240.66,2235.13" sx="F,M,M,F"/><TAIKYOKU oya="0"/><INIT seed="0,0,0,4,1,14" ten="250,250,250,250" oya="0" hai0="113,16,29,41,68,50,94,8,32,115,130,13,49" hai1="96,90,35,58,88,117,120,34,98,15,25,5,30" hai2="110,114,80,27,82,111,19,121,2,12,39,66,45" hai3="6,127,10,75,26,7,20,48,22,125,83,31,11"/><T89/><D68/><U74/><E117/><V0/><F121/><W135/><G75/><T52/><D130/><U44/><E120/><V37/><F114/><W60/><G83/><N who="2" m="31785" /><F66/><W126/><G48/><T91/><D32/><U134/><E74/><V9/><F27/><N who="3" m="16871" /><G60/><T64/><D64/><U71/><E71/><V43/><F39/><W129/><G129/><T97/><D29/><U51/><E134/><V78/><F78/><W84/><G84/><T107/><D107/><U53/><E35/><V85/><F85/><W122/><G122/><T76/><D76/><U87/><E58/><V73/><F73/><W63/><G63/><T131/><D131/><U105/><E105/><V133/><F133/><W77/><G77/><T33/><D33/><U55/><E55/><V57/><F57/><W118/><G118/><T123/><D123/><U93/><REACH who="1" step="1"/><E90/><REACH who="1" ten="250,240,250,250" step="2"/><V18/><F43/><W61/><G135/><T38/><D115/><U102/><E102/><V56/><F56/><W28/><G61/><T124/><D113/><U128/><E128/><V101/><F101/><W108/><G108/><T86/><D52/><U1/><E1/><V112/><F112/><W40/><G40/><T54/><D54/><U23/><E23/><N who="2" m="11719" /><F0/><N who="3" m="327" /><G127/><T62/><D124/><U65/><E65/><V17/><F111/><W42/><G42/><T81/><REACH who="0" step="1"/><D62/><REACH who="0" ten="240,240,250,250" step="2"/><U69/><E69/><V24/><F110/><W4/><G126/><T103/><D103/><U132/><E132/><V72/><F72/><W116/><G125/><T46/><AGARI ba="0,2" hai="8,13,16,38,41,46,49,50,81,86,89,91,94,97" machi="46" ten="30,11700,0" yaku="1,1,0,1,52,1,54,1,53,0" doraHai="14" doraHaiUra="99" who="0" fromWho="0" sc="240,137,240,-39,250,-39,250,-39" /><INIT seed="0,1,0,2,1,51" ten="377,201,211,211" oya="0" hai0="11,40,1,20,46,111,14,16,21,36,50,39,69" hai1="96,101,33,114,75,26,76,115,133,52,25,63,118" hai2="95,12,35,113,124,93,64,0,99,54,62,30,128" hai3="103,82,119,98,15,5,127,125,59,60,83,110,18"/><T42/><D69/><U88/><E118/><V121/><F121/><W37/><G110/><T90/><D111/><U27/><E33/><V135/><F113/><N who="1" m="43017" /><E133/><V104/><F0/><W9/><G37/><T91/><D39/><U19/><E76/><V120/><F120/><W79/><G119/><T97/><D36/><U116/><E75/><V48/><F128/><W68/><G68/><T123/><D123/><U65/><E116/><V61/><F124/><N who="3" m="47691" /><G5/><T31/><D1/><U49/><E19/><V134/><F35/><W72/><G79/><T131/><D131/><U102/><E63/><V70/><F62/><W92/><G72/><T44/><D97/><U22/><E22/><V45/><F30/><W77/><G77/><T100/><D100/><N who="1" m="38507" /><E65/><AGARI ba="1,0" hai="9,15,18,59,60,65,82,83,92,98,103" m="47691" machi="65" ten="30,1000,0" yaku="18,1" doraHai="51" who="3" fromWho="1" sc="377,0,201,-13,211,0,211,13" /><INIT seed="1,0,0,1,4,92" ten="377,188,211,224" oya="1" hai0="36,119,103,129,56,54,115,13,26,96,112,85,100" hai1="72,134,66,78,18,34,74,82,67,109,21,77,39" hai2="42,5,63,51,27,125,132,95,65,16,124,110,28" hai3="3,102,118,10,15,97,55,52,116,57,32,20,7"/><U14/><E39/><V101/><F5/><W37/><G37/><T59/><D36/><U99/><E34/><V0/><F0/><W135/><G32/><T38/><D38/><U91/><E134/><V23/><F110/><W127/><G127/><N who="2" m="48713" /><F132/><W29/><G135/><T76/><D26/><U30/><E30/><V130/><F130/><W88/><G29/><T123/><D119/><N who="3" m="45609" /><G88/><T19/><D129/><U45/><E45/><N who="2" m="26039" /><F28/><W105/><G57/><T81/><D123/><U4/><E109/><V94/><F101/><W44/><G44/><T69/><D69/><AGARI ba="0,0" hai="16,23,27,63,65,69,94,95" m="26039,48713" machi="69" ten="30,2000,0" yaku="18,1,54,1" doraHai="92" who="2" fromWho="0" sc="377,-20,188,0,211,20,224,0" /><INIT seed="2,0,0,4,5,22" ten="357,188,231,224" oya="2" hai0="5,6,2,16,19,73,40,124,25,113,23,90,85" hai1="79,74,114,115,92,105,31,76,41,129,15,102,70" hai2="53,69,36,86,46,3,64,45,117,57,104,112,29" hai3="28,54,75,34,24,65,43,37,82,12,100,107,108"/><V84/><F3/><W67/><G108/><T80/><D113/><N who="1" m="43019" /><E41/><V127/><F112/><W97/><G54/><T7/><D124/><U42/><E42/><V132/><F104/><W95/><G12/><T20/><D73/><U109/><E70/><V119/><F29/><W66/><G107/><T106/><D106/><U78/><E31/><V32/><F32/><W38/><REACH who="3" step="1"/><G43/><REACH who="3" ten="357,188,231,214" step="2"/><T98/><D40/><U89/><E15/><V99/><F53/><W118/><G118/><T71/><D2/><U58/><E109/><V8/><F119/><W33/><G33/><T123/><D123/><U55/><E55/><V18/><F117/><W9/><G9/><T10/><D10/><U63/><E63/><V121/><F8/><W93/><G93/><T61/><D61/><U101/><E105/><V91/><F121/><W83/><G83/><T50/><D80/><N who="1" m="45079" /><E58/><V94/><F57/><W39/><G39/><T11/><D11/><U62/><E62/><V128/><F36/><W4/><G4/><T120/><D5/><U77/><E129/><V110/><F128/><W30/><G30/><T17/><D7/><U72/><E72/><V48/><F110/><W116/><G116/><T103/><D6/><U27/><E27/><V0/><F0/><W134/><G134/><T21/><D25/><U126/><E126/><V130/><F127/><W14/><G14/><T13/><D13/><U88/><E92/><N who="2" m="56735" /><F130/><W51/><G51/><T1/><D50/><U44/><E44/><V60/><F45/><W87/><G87/><T131/><D85/><U96/><E96/><V135/><F46/><RYUUKYOKU ba="0,1" sc="357,-15,188,15,231,-15,214,15" hai1="77,78,79,88,89,101,102" hai3="24,28,34,37,38,65,66,67,75,82,95,97,100" /><INIT seed="3,1,1,3,1,94" ten="342,203,216,229" oya="3" hai0="65,93,45,28,25,10,40,0,64,89,74,16,29" hai1="67,83,50,35,101,85,111,20,32,102,133,108,95" hai2="82,114,12,18,48,49,58,130,104,84,106,56,69" hai3="127,73,21,86,31,71,37,4,96,105,72,90,14"/><W112/><G112/><T30/><D74/><U109/><E133/><V129/><F69/><W44/><G71/><T98/><D0/><U118/><E118/><V132/><F114/><W117/><G117/><T110/><D110/><U7/><E67/><V36/><F36/><W116/><G116/><T9/><D25/><U2/><E20/><N who="2" m="11335" /><F132/><W59/><G59/><N who="2" m="22569" /><F104/><W119/><G127/><T22/><D22/><U88/><E50/><V70/><F106/><W5/><G5/><T75/><D75/><U81/><E7/><V120/><F70/><W26/><G119/><T103/><D103/><N who="1" m="39435" /><E2/><V1/><F1/><W62/><G62/><T63/><D63/><U123/><E123/><V79/><F120/><W66/><G66/><N who="0" m="25707" /><D16/><U126/><E126/><V87/><F87/><W77/><G86/><T76/><D76/><U19/><E19/><V60/><F60/><W97/><G77/><T6/><D6/><U54/><E54/><V61/><F61/><W99/><G105/><T47/><D40/><U17/><E17/><V125/><F125/><W33/><G33/><AGARI ba="1,1" hai="32,33,35,81,83,85,88,95,108,109,111" m="39435" machi="33" ten="40,2600,0" yaku="14,1,54,1" doraHai="94" who="1" fromWho="3" sc="342,0,203,39,216,0,229,-29" owari="342,44.0,242,4.0,216,-18.0,200,-30.0" /></mjloggm>