<mjloggm ver="2.3"><GO type="185" lobby="0"/><UN n0="%E3%81%B5%E3%81%96%E3%81%91%E3%82%8B%E3%83%9F%EF%BC%81" n1="%E3%81%BE%E3%81%A3%E3%81%97%E3%83%BC" n2="%E9%96%A2%E8%A5%BF%E9%9B%80%E5%A3%AB%E4%BC%9A" n3="" dan="17,17,16,0" rate="2220.72,2261.20,2087.13,1500.00" sx="M,F,M,C"/><TAIKYOKU oya="0"/><INIT seed="0,0,0,4,0,111" ten="350,350,350,0" oya="0" hai0="112,50,77,52,64,70,105,118,120,42,60,131,101" hai1="1,90,121,33,110,53,65,88,72,119,51,124,0" hai2="92,76,115,100,71,47,57,98,80,2,54,89,58" hai3=""/><T46/><N who="0" m="30752" /><T61/><D118/><U44/><N who="1" m="31008" /><U95/><E33/><V130/><F71/><T103/><D131/><U85/><E119/><V109/><F130/><T116/><D116/><U122/><N who="1" m="31264" /><U48/><E110/><V125/><F109/><T35/><D35/><U63/><E72/><V127/><F2/><T68/><D112/><U43/><E124/><N who="2" m="47691" /><F47/><T129/><D129/><U79/><E79/><V32/><F32/><T132/><D132/><U41/><E90/><V73/><F54/><T135/><D135/><U126/><E126/><V3/><F3/><T75/><D105/><U36/><E36/><V78/><F78/><T81/><REACH who="0" step="1"/><D52/><REACH who="0" ten="340,350,350,0" step="2"/><U84/><E0/><V40/><F40/><T59/><D59/><N who="2" m="22538" /><F100/><T128/><D128/><U62/><E1/><V117/><F117/><T67/><AGARI ba="0,1" hai="42,46,50,60,61,64,67,68,70,75,77,81,101,103" m="30752" machi="67" ten="30,8000,1" yaku="1,1,0,1,9,1,52,1,53,1" doraHai="111" doraHaiUra="104" who="0" fromWho="0" sc="340,90,350,-40,350,-40,0,0" /><INIT seed="0,1,0,3,3,59" ten="430,310,310,0" oya="0" hai0="48,38,131,121,132,101,107,2,124,128,73,72,109" hai1="68,70,130,63,112,39,129,75,88,90,118,89,80" hai2="32,37,98,66,47,3,78,33,110,134,41,61,35" hai3=""/><T86/><RYUUKYOKU type="yao9" ba="1,0" sc="430,0,310,0,310,0,0,0" hai0="2,38,48,72,73,86,101,107,109,121,124,128,131,132" /><INIT seed="0,2,0,4,1,61" ten="430,310,310,0" oya="0" hai0="135,108,124,83,115,79,90,127,37,119,81,89,38" hai1="82,118,56,84,121,130,76,88,71,78,3,64,55" hai2="0,48,47,41,46,113,87,106,69,86,132,80,2" hai3=""/><T36/><D119/><U95/><N who="1" m="31008" /><U44/><E118/><V58/><F106/><T39/><N who="0" m="9216" /><DORA hai="66" /><T63/><D115/><U99/><E3/><V93/><F113/><T114/><D114/><U101/><E130/><V54/><F132/><T32/><D32/><U122/><N who="1" m="31264" /><U125/><E125/><N who="0" m="48201" /><D135/><U107/><E44/><V109/><F109/><T1/><D1/><U50/><E64/><V129/><F129/><T60/><D108/><U59/><E71/><V103/><F69/><T94/><D90/><U43/><E43/><V49/><F58/><T92/><D92/><U52/><E107/><V126/><F126/><T74/><D81/><U72/><E72/><V102/><F2/><T53/><D53/><U73/><E73/><V57/><F57/><T34/><D34/><U128/><E128/><V98/><F0/><T123/><N who="0" m="31520" /><T120/><N who="0" m="30752" /><T117/><D117/><U97/><E97/><AGARI ba="2,0" hai="60,63,74,79,83,89,94,97" m="30752,31520,48201,9216" machi="97" ten="60,11600,0" yaku="18,1,52,2" doraHai="61,66" who="0" fromWho="1" sc="430,120,310,-120,310,0,0,0" /><INIT seed="0,3,0,4,4,125" ten="550,190,310,0" oya="0" hai0="50,116,48,129,120,59,51,78,68,82,1,104,89" hai1="46,110,52,94,3,92,70,77,102,105,133,55,97" hai2="84,90,42,0,64,65,34,132,126,41,67,49,36" hai3=""/><T44/><N who="0" m="30752" /><T69/><D104/><U75/><E3/><V62/><F34/><T54/><D1/><U98/><E70/><V95/><F0/><T124/><D116/><U63/><E133/><V117/><F117/><T40/><D124/><U118/><E118/><V74/><F74/><T91/><D129/><U109/><E75/><V81/><F132/><T85/><D89/><U119/><E119/><V56/><F126/><T83/><REACH who="0" step="1"/><D48/><REACH who="0" ten="540,190,310,0" step="2"/><U96/><E105/><V107/><F107/><T114/><D114/><U122/><N who="1" m="31264" /><U43/><E77/><V71/><F36/><T99/><D99/><U106/><E97/><V134/><F134/><T135/><D135/><U113/><E113/><V45/><F71/><T121/><N who="0" m="31008" /><T33/><D33/><U80/><E106/><V58/><F41/><T66/><D66/><U88/><E43/><V115/><F115/><T79/><D79/><U53/><E88/><V112/><F112/><T35/><D35/><U32/><E32/><V108/><F67/><T103/><D103/><U123/><E98/><V2/><F2/><T61/><D61/><U101/><E63/><V57/><F65/><T72/><AGARI ba="3,1" hai="40,44,50,51,54,59,68,69,72,78,82,83,85,91" m="31008,30752" machi="72" ten="20,12000,2" yaku="1,1,0,1,7,1,52,2,53,1" doraHai="125" doraHaiUra="39" who="0" fromWho="0" sc="540,136,190,-63,310,-63,0,0" /><INIT seed="0,4,0,1,2,61" ten="676,127,247,0" oya="0" hai0="52,125,103,111,85,116,97,42,107,32,115,67,55" hai1="118,1,109,41,54,79,112,91,93,35,33,120,127" hai2="36,0,69,40,80,89,131,117,90,114,86,51,60" hai3=""/><T130/><D116/><U71/><N who="1" m="30752" /><U128/><E1/><V65/><F114/><T66/><D115/><U121/><N who="1" m="31008" /><U99/><E112/><V64/><F0/><T77/><D32/><U102/><E118/><V37/><F131/><T108/><D130/><U50/><E128/><V34/><F34/><T63/><D42/><U57/><E71/><V110/><F110/><N who="0" m="42026" /><D125/><U81/><E109/><V84/><F117/><T92/><D66/><U83/><E127/><V56/><F40/><T44/><D44/><U129/><E129/><V98/><F98/><T104/><D77/><U3/><E3/><V87/><F87/><T76/><D76/><U100/><E41/><V95/><F51/><T38/><D38/><U106/><E33/><V53/><REACH who="2" step="1"/><F69/><REACH who="2" ten="676,127,237,0" step="2"/><T96/><D85/><U72/><E35/><V70/><F70/><T126/><D126/><U101/><REACH who="1" step="1"/><E83/><REACH who="1" ten="676,117,237,0" step="2"/><V45/><F45/><T39/><D39/><AGARI ba="4,2" hai="36,37,39,53,56,60,64,65,80,84,86,89,90,95" machi="39" ten="40,8000,1" yaku="1,1,52,2,53,1" doraHai="61" doraHaiUra="59" who="2" fromWho="0" sc="676,-88,117,0,237,108,0,0" /><INIT seed="1,0,0,4,3,115" ten="588,117,345,0" oya="1" hai0="132,96,42,77,117,131,41,125,95,108,82,109,65" hai1="88,128,103,46,135,43,60,94,116,63,93,64,47" hai2="121,89,105,84,92,3,76,71,74,106,114,62,86" hai3=""/><U51/><E135/><V80/><N who="2" m="31008" /><V66/><F3/><T50/><D131/><U44/><E128/><V101/><F114/><T91/><D125/><U57/><E116/><V127/><F127/><T2/><D2/><U34/><E34/><V56/><F71/><T124/><D124/><U49/><E103/><V107/><REACH who="2" step="1"/><F86/><REACH who="2" ten="588,117,335,0" step="2"/><T129/><D129/><U48/><E43/><V32/><F32/><T99/><D41/><U69/><REACH who="1" step="1"/><E88/><REACH who="1" ten="588,107,335,0" step="2"/><V134/><F134/><T120/><D132/><U0/><E0/><V45/><F45/><T73/><D42/><U118/><E118/><V72/><F72/><T54/><D117/><U75/><E75/><V90/><F90/><T67/><D73/><U123/><N who="1" m="31520" /><U83/><E83/><V111/><F111/><T68/><D109/><U1/><E1/><V61/><F61/><T58/><D108/><U39/><E39/><V113/><F113/><T81/><D82/><U122/><N who="1" m="31264" /><U119/><E119/><V38/><F38/><T37/><D37/><U87/><E87/><V40/><F40/><T53/><D81/><U102/><E102/><AGARI ba="0,2" hai="56,62,66,74,76,80,84,89,92,101,102,105,106,107" m="31008" machi="102" ten="40,2600,0" yaku="1,1,52,1,53,0" doraHai="115" doraHaiUra="36" who="2" fromWho="1" sc="588,0,107,-26,335,46,0,0" /><INIT seed="2,0,0,3,5,92" ten="588,81,381,0" oya="2" hai0="70,48,67,115,58,129,97,82,59,64,43,32,124" hai1="121,131,103,75,41,65,56,127,63,49,68,109,36" hai2="62,122,100,46,111,90,108,135,119,0,60,98,84" hai3=""/><V42/><N who="2" m="31264" /><V73/><F0/><T37/><D32/><U128/><N who="1" m="31008" /><U55/><E75/><V78/><F119/><T80/><D37/><U71/><E103/><V134/><F73/><T61/><D129/><N who="1" m="49739" /><E109/><N who="2" m="42059" /><F78/><T57/><D124/><U52/><E127/><V47/><F47/><T116/><D116/><U35/><E35/><V39/><F90/><T45/><D115/><U133/><E133/><N who="2" m="50699" /><F84/><T105/><D45/><U91/><E91/><V117/><F117/><T132/><D132/><U93/><E93/><V54/><F54/><N who="1" m="20521" /><E36/><V89/><F89/><T53/><D53/><U81/><E81/><V94/><AGARI ba="0,0" hai="39,42,46,60,62,94,98,100" m="50699,42059,31264" machi="94" ten="30,8000,1" yaku="14,1,10,1,20,1,52,2" doraHai="92" who="2" fromWho="2" sc="588,-40,81,-40,381,80,0,0" /><INIT seed="2,1,0,1,3,71" ten="548,41,461,0" oya="2" hai0="91,66,87,53,121,3,128,97,78,90,120,35,60" hai1="100,51,62,98,67,134,88,103,125,42,109,92,34" hai2="49,116,132,69,81,45,76,2,74,77,36,129,115" hai3=""/><V38/><F2/><T65/><N who="0" m="30752" /><T107/><N who="0" m="31008" /><T41/><D3/><U112/><E34/><V102/><F116/><T118/><D35/><U105/><E112/><V99/><F115/><T68/><D118/><U43/><E125/><V84/><F69/><T85/><D128/><U123/><N who="1" m="31520" /><U52/><E134/><V93/><F132/><T48/><D65/><U111/><E62/><V114/><F114/><T33/><D33/><U104/><E67/><V75/><F129/><T63/><D63/><U95/><E95/><V108/><F108/><N who="1" m="41545" /><E100/><V122/><N who="2" m="31264" /><V82/><F84/><T106/><D97/><U79/><E79/><V61/><F61/><T56/><D78/><U1/><E1/><V130/><F130/><T135/><D135/><U80/><E80/><V0/><F0/><T44/><D87/><U101/><E101/><V64/><F64/><T119/><D119/><U37/><E37/><V86/><F86/><T126/><D126/><U59/><E103/><V47/><F47/><T70/><D70/><U50/><E50/><V127/><F127/><T124/><D124/><U57/><E57/><V32/><F32/><T72/><D68/><U54/><E54/><AGARI ba="1,0" hai="36,38,45,49,54,74,75,76,77,81,82,93,99,102" m="31264" machi="54" ten="30,12000,1" yaku="7,1,9,1,52,3" doraHai="71" who="2" fromWho="1" sc="548,0,41,-122,461,122,0,0" owari="548,15.0,-81,-68.0,583,53.0,0,0.0" /></mjloggm>