<mjloggm ver="2.3"><GO type="185" lobby="0"/><UN n0="%E5%A4%9A%E6%9E%97%E6%99%8B" n1="%79%61%6E%62%61%72%75%2D" n2="%E3%81%BE%E3%81%A3%E3%81%97%E3%83%BC" n3="" dan="16,17,17,0" rate="2199.08,2237.12,2254.23,1500.00" sx="M,M,F,C"/><TAIKYOKU oya="0"/><INIT seed="0,0,0,2,3,77" ten="350,350,350,0" oya="0" hai0="104,74,91,45,128,65,32,76,60,42,95,109,75" hai1="40,135,47,107,57,114,127,83,3,41,117,92,53" hai2="73,106,58,70,102,115,84,35,44,100,118,103,37" hai3=""/><T55/><D32/><U85/><E107/><V124/><F35/><T90/><D104/><U97/><E3/><V131/><F115/><T133/><D133/><U56/><E117/><V116/><F73/><T89/><D128/><U0/><E0/><V38/><F70/><T123/><N who="0" m="31520" /><T79/><D55/><U134/><E127/><V50/><F124/><T132/><D132/><N who="1" m="50731" /><E114/><V129/><F58/><N who="1" m="22633" /><E53/><V68/><F68/><T99/><D109/><U130/><E47/><V82/><F106/><T122/><N who="0" m="31264" /><T111/><D111/><U46/><E46/><V113/><F113/><T98/><D74/><U88/><E130/><N who="2" m="49675" /><F118/><T62/><D75/><U34/><E34/><V78/><F116/><T52/><D52/><AGARI ba="0,0" hai="37,38,44,50,52,78,82,84,100,102,103" m="49675" machi="52" ten="30,3900,0" yaku="19,1,52,1,54,1" doraHai="77" who="2" fromWho="0" sc="350,-39,350,0,350,39,0,0" /><INIT seed="1,0,0,2,1,55" ten="311,350,389,0" oya="1" hai0="32,35,115,121,107,118,110,87,100,40,52,45,43" hai1="62,65,104,133,38,37,3,47,76,60,134,64,98" hai2="96,85,86,106,1,69,113,67,0,81,132,109,51" hai3=""/><U68/><E3/><V80/><F132/><N who="1" m="50793" /><E76/><V129/><F109/><T94/><N who="0" m="31008" /><T57/><D110/><U84/><E84/><V56/><F69/><T124/><D115/><U58/><E98/><V59/><F113/><T75/><D75/><U71/><E104/><V79/><F129/><T83/><D107/><U92/><E92/><V50/><F67/><T101/><D124/><U95/><E95/><V48/><F106/><T90/><D43/><U125/><E125/><V135/><F135/><T116/><D32/><U131/><E131/><V97/><F50/><T42/><D42/><U77/><E77/><AGARI ba="0,0" hai="0,1,48,51,56,59,77,79,80,81,85,86,96,97" machi="77" ten="25,6400,0" yaku="22,2,52,2" doraHai="55" who="2" fromWho="1" sc="311,0,350,-64,389,64,0,0" /><INIT seed="2,0,0,0,5,83" ten="311,286,453,0" oya="2" hai0="63,32,36,111,59,126,115,125,51,47,102,122,68" hai1="89,43,38,37,40,3,123,41,33,101,127,79,120" hai2="109,94,93,95,84,74,70,58,72,85,97,131,132" hai3=""/><V96/><F70/><T105/><N who="0" m="31264" /><T108/><D32/><U64/><N who="1" m="30752" /><U80/><N who="1" m="31520" /><U56/><E33/><V73/><F131/><T69/><D105/><U99/><E3/><V75/><F58/><T57/><D102/><U104/><E89/><V34/><F34/><T130/><D36/><U52/><E64/><V66/><F66/><T39/><D39/><U129/><E129/><V86/><F132/><T112/><D130/><U100/><E100/><V54/><F54/><T78/><D78/><U118/><E118/><V42/><F42/><T133/><D51/><U114/><E114/><V46/><F46/><T103/><D103/><U92/><E104/><V49/><F49/><T107/><D107/><U61/><REACH who="1" step="1"/><E127/><REACH who="1" ten="311,276,453,0" step="2"/><V53/><F53/><T65/><D65/><U77/><E77/><V91/><F109/><T121/><N who="0" m="31008" /><T48/><D126/><U106/><E106/><V55/><F55/><T67/><D125/><U116/><E116/><V82/><F91/><T128/><D128/><U124/><E124/><V81/><N who="2" m="18432" /><DORA hai="135" /><V2/><F2/><T62/><D67/><U134/><E134/><V44/><F44/><T0/><D133/><U71/><E71/><V60/><F60/><T110/><D0/><RYUUKYOKU ba="0,1" sc="311,-20,276,10,453,10,0,0" hai1="37,38,40,41,43,52,56,61,79,80,92,99,101" hai2="81,82,84,85,86,93,94,95,96,97" /><INIT seed="2,1,1,3,1,69" ten="291,286,463,0" oya="2" hai0="90,57,76,111,50,122,121,124,84,2,53,135,33" hai1="109,0,80,125,86,85,130,35,118,91,105,68,48" hai2="128,77,41,58,89,106,126,60,34,92,100,49,36" hai3=""/><V103/><F34/><T72/><N who="0" m="31008" /><T59/><N who="0" m="31264" /><T51/><D33/><U37/><E48/><V54/><F126/><T112/><D2/><U66/><E66/><V119/><F119/><T99/><D124/><U78/><E68/><V81/><F128/><T46/><D135/><U94/><E37/><V116/><F116/><T63/><D111/><U104/><E0/><V87/><F106/><N who="1" m="41065" /><E35/><V79/><F36/><T131/><D99/><U62/><E62/><V52/><F41/><T40/><D131/><U64/><E64/><V134/><F134/><T98/><D98/><U55/><E55/><V56/><REACH who="2" step="1"/><F79/><REACH who="2" ten="291,286,453,0" step="2"/><T96/><D76/><U73/><E125/><V101/><F101/><T117/><D117/><U43/><E118/><V132/><F132/><T65/><D40/><U61/><E130/><V70/><F70/><T83/><D112/><U88/><E43/><V44/><F44/><T67/><D46/><U107/><E107/><V123/><N who="2" m="31520" /><V32/><F32/><T114/><D114/><U127/><E127/><V102/><F102/><T129/><D129/><U133/><E133/><V110/><F110/><T120/><N who="0" m="30752" /><T38/><D38/><U47/><E109/><V93/><F93/><T75/><D59/><RYUUKYOKU ba="1,2" sc="291,-10,286,-10,453,20,0,0" hai2="49,52,54,56,58,60,77,81,87,89,92,100,103" /><INIT seed="2,2,2,0,3,117" ten="281,276,473,0" oya="2" hai0="110,115,58,88,122,97,0,84,48,79,1,111,33" hai1="50,121,80,102,63,89,44,60,69,113,107,130,40" hai2="61,96,70,36,120,94,49,132,56,104,82,51,64" hai3=""/><V66/><N who="2" m="30752" /><V83/><F104/><T118/><N who="0" m="31264" /><T38/><D118/><U68/><N who="1" m="31008" /><U32/><E32/><V93/><F36/><T85/><D38/><U134/><E113/><V42/><F132/><T37/><D37/><U100/><E134/><V86/><F70/><T131/><D33/><U90/><E130/><V45/><F66/><T95/><D131/><U52/><E107/><V34/><F34/><T99/><D115/><U39/><E69/><V112/><F112/><T91/><D79/><U92/><E80/><V59/><F83/><T123/><N who="0" m="31520" /><T78/><D78/><U54/><E54/><V75/><F75/><T119/><D119/><U129/><E90/><V43/><F96/><T62/><D48/><U71/><E71/><V106/><F106/><T135/><D135/><U128/><E128/><V98/><F98/><T103/><D103/><U74/><E129/><V65/><F42/><T87/><D97/><U67/><E74/><V46/><F46/><T125/><D91/><U35/><E35/><V73/><F73/><T53/><REACH who="0" step="1"/><D125/><REACH who="0" ten="271,276,473,0" step="2"/><U108/><E39/><V57/><F49/><T109/><AGARI ba="2,3" hai="0,1,53,58,62,84,85,87,88,95,99,109,110,111" m="31520,31264" machi="109" ten="40,12000,3" yaku="1,1,2,1,0,1,14,1,52,4,54,1,53,0" doraHai="117" doraHaiUra="77" who="0" fromWho="0" sc="271,154,276,-42,473,-82,0,0" /><INIT seed="4,0,0,5,1,93" ten="425,234,391,0" oya="0" hai0="127,48,104,102,45,89,70,36,107,91,81,35,123" hai1="74,66,134,101,40,115,112,44,38,41,64,60,1" hai2="37,72,57,109,116,133,53,65,100,82,110,34,76" hai3=""/><T118/><N who="0" m="31520" /><T113/><D35/><U111/><E1/><V47/><F34/><T43/><D118/><U88/><E74/><V78/><F116/><T132/><D127/><U128/><E111/><V94/><F133/><T121/><N who="0" m="31008" /><T71/><D132/><U69/><E134/><V122/><N who="2" m="31264" /><V114/><F114/><N who="1" m="43561" /><E101/><V56/><F78/><T108/><D108/><U77/><E77/><V39/><F65/><T105/><D102/><U106/><E106/><V131/><F131/><T61/><D113/><U95/><E41/><V67/><F67/><T51/><D61/><U50/><E66/><V90/><F100/><T126/><D126/><U32/><E128/><V62/><F110/><T85/><REACH who="0" step="1"/><D91/><REACH who="0" ten="415,234,391,0" step="2"/><U2/><E32/><V84/><F109/><T59/><D59/><U120/><N who="1" m="30752" /><U96/><E2/><V75/><F57/><T68/><AGARI ba="0,1" hai="36,43,45,48,51,68,70,71,81,85,89,104,105,107" m="31008,31520" machi="68" ten="40,8000,1" yaku="1,1,0,1,52,2,53,0" doraHai="93" doraHaiUra="130" who="0" fromWho="0" sc="415,90,234,-40,391,-40,0,0" /><INIT seed="4,1,0,5,2,48" ten="505,194,351,0" oya="0" hai0="98,86,54,100,68,75,53,77,92,116,109,34,131" hai1="108,2,44,83,64,99,55,65,50,39,125,58,76" hai2="67,96,95,37,89,105,121,42,72,56,101,104,107" hai3=""/><T52/><D34/><U43/><E2/><V35/><N who="2" m="31008" /><V127/><F35/><T82/><D116/><U33/><E33/><V112/><F112/><T57/><D68/><U94/><E108/><V69/><F127/><T73/><D109/><U134/><E134/><V46/><F72/><T126/><D126/><U1/><E1/><V49/><F69/><T93/><D131/><U78/><E125/><V3/><F3/><T74/><REACH who="0" step="1"/><D57/><REACH who="0" ten="495,194,351,0" step="2"/><U113/><E113/><V59/><F59/><T80/><D80/><U103/><REACH who="1" step="1"/><E78/><REACH who="1" ten="495,184,351,0" step="2"/><V38/><F67/><T117/><D117/><U135/><E135/><V110/><F110/><T119/><D119/><U122/><N who="1" m="31264" /><U90/><E90/><AGARI ba="1,2" hai="52,53,54,73,74,75,77,82,86,90,92,93,98,100" machi="90" ten="40,12000,1" yaku="1,1,52,3,54,1,53,0" doraHai="48" doraHaiUra="70" who="0" fromWho="1" sc="495,142,184,-122,351,0,0,0" /><INIT seed="4,2,0,2,0,79" ten="637,62,351,0" oya="0" hai0="51,123,134,69,39,115,107,128,63,113,3,38,41" hai1="76,117,97,124,37,101,100,32,95,86,114,106,80" hai2="133,104,127,119,91,59,53,35,71,47,45,58,60" hai3=""/><T42/><N who="0" m="31520" /><T90/><D3/><U81/><E32/><V99/><F35/><T118/><D107/><U122/><N who="1" m="31264" /><U57/><E37/><N who="0" m="13833" /><D90/><U96/><E117/><V111/><F119/><T125/><D118/><U129/><E57/><V72/><F71/><T49/><D134/><U87/><E129/><V70/><F72/><T83/><D83/><U46/><E46/><V48/><F70/><T131/><D125/><U74/><E124/><V50/><F127/><T98/><D98/><U89/><E114/><N who="0" m="43529" /><D63/><U40/><E40/><N who="0" m="15465" /><D69/><U121/><N who="1" m="31008" /><U135/><E135/><V103/><F133/><T92/><D92/><U73/><AGARI ba="2,0" hai="73,74,76,80,81,86,87,89,95,96,97,100,101,106" m="31008,31264" machi="73" ten="30,18000,4" yaku="0,1,35,6,52,4" doraHai="79" who="1" fromWho="1" sc="637,-122,62,184,351,-62,0,0" /><INIT seed="5,0,0,0,1,74" ten="515,246,289,0" oya="1" hai0="56,59,86,113,80,68,33,94,75,119,58,64,55" hai1="52,124,135,49,97,81,54,114,34,122,125,83,51" hai2="43,123,42,66,48,95,126,44,79,87,111,63,102" hai3=""/><U109/><N who="1" m="31264" /><U50/><E34/><V37/><N who="2" m="31520" /><V71/><F111/><T130/><D33/><U76/><E109/><V60/><F126/><N who="1" m="48745" /><E114/><V93/><F102/><T45/><D113/><U105/><E135/><V101/><F101/><T131/><D119/><U103/><E83/><V85/><F43/><T65/><D75/><AGARI ba="0,0" hai="49,50,51,52,54,75,76,81,97,103,105" m="48745,31264" machi="75" ten="30,11600,0" yaku="18,1,52,2,54,1" doraHai="74" who="1" fromWho="0" sc="515,-116,246,116,289,0,0,0" /><INIT seed="5,1,0,5,2,1" ten="399,362,289,0" oya="1" hai0="37,69,119,102,60,79,52,120,57,115,56,45,33" hai1="83,128,132,64,49,63,75,66,123,87,127,2,81" hai2="99,125,80,110,116,82,98,77,124,107,47,70,58" hai3=""/><U114/><N who="1" m="31520" /><U94/><E2/><V72/><F70/><T101/><N who="0" m="30752" /><T134/><D119/><U122/><N who="1" m="31264" /><U34/><E114/><V89/><F116/><T0/><D0/><U133/><E127/><N who="2" m="48715" /><F110/><T46/><D115/><U71/><E128/><V129/><F129/><T108/><D69/><U103/><E66/><V130/><F130/><T96/><D108/><U54/><E75/><V39/><F58/><T42/><D33/><U36/><E36/><V59/><F59/><T111/><D134/><N who="1" m="51819" /><E34/><V92/><F80/><T105/><D46/><U84/><E103/><V68/><F68/><T118/><D102/><U53/><E94/><V86/><F107/><T90/><D118/><U78/><E49/><V131/><F131/><T62/><D111/><U38/><E38/><V73/><F73/><T93/><D105/><U61/><E63/><V97/><F39/><T117/><D117/><U35/><E35/><V104/><F104/><T88/><D37/><U67/><E64/><V95/><F47/><T48/><D79/><AGARI ba="1,0" hai="53,54,61,67,71,78,79,81,83,84,87" m="51819,31264,31520" machi="79" ten="30,5800,0" yaku="20,1,52,2" doraHai="1" who="1" fromWho="0" sc="399,-60,362,60,289,0,0,0" /><INIT seed="5,2,0,0,2,126" ten="339,422,289,0" oya="1" hai0="37,0,1,58,68,55,127,61,60,97,92,84,44" hai1="86,76,34,96,123,3,113,59,111,121,89,130,69" hai2="85,83,93,49,71,107,33,103,43,91,40,101,57" hai3=""/><U94/><N who="1" m="31008" /><U56/><N who="1" m="31520" /><U46/><E34/><V48/><F33/><T133/><D133/><U50/><E3/><V79/><F71/><T115/><D127/><U74/><E69/><V120/><N who="2" m="30752" /><V45/><F107/><T100/><D115/><U36/><E113/><V63/><F48/><T2/><D84/><U108/><E36/><V105/><F40/><T73/><D73/><U122/><N who="1" m="31264" /><U78/><E74/><V35/><F105/><T66/><D37/><U70/><E70/><V77/><F35/><T41/><D41/><U132/><E132/><V80/><F80/><T42/><D42/><U67/><E130/><V106/><F106/><T52/><REACH who="0" step="1"/><D44/><REACH who="0" ten="329,422,289,0" step="2"/><U135/><E135/><V102/><REACH who="2" step="1"/><F83/><REACH who="2" ten="329,422,279,0" step="2"/><T99/><D99/><U112/><E112/><V90/><F90/><T82/><D82/><U87/><E96/><V51/><F51/><T75/><D75/><U104/><E104/><V81/><F81/><T32/><D32/><U124/><E124/><V38/><F38/><T125/><D125/><U114/><E114/><V109/><F109/><T39/><D39/><U54/><E108/><V128/><F128/><T47/><D47/><U95/><E111/><V119/><F119/><T64/><AGARI ba="2,2" hai="0,1,2,52,55,58,60,61,64,66,68,92,97,100" machi="64" ten="40,6000,1" yaku="1,1,5,1,0,1,54,1,53,1" doraHai="126" doraHaiUra="65" who="0" fromWho="0" sc="329,84,422,-42,279,-22,0,0" /><INIT seed="6,0,0,3,4,71" ten="413,380,257,0" oya="2" hai0="63,34,48,50,44,117,84,82,80,107,128,59,45" hai1="41,89,131,54,77,94,39,86,47,2,110,121,104" hai2="35,122,91,61,96,55,124,108,102,129,51,53,75" hai3=""/><V74/><N who="2" m="31264" /><V65/><F35/><T69/><D34/><U3/><N who="1" m="31008" /><U79/><E110/><V67/><F124/><T57/><D107/><U58/><E104/><V112/><F108/><T113/><D117/><U95/><E131/><V130/><F112/><T120/><N who="0" m="30752" /><T118/><D118/><U37/><E37/><V38/><F38/><T70/><D128/><N who="2" m="49258" /><F91/><T90/><D113/><U72/><E95/><V125/><F125/><T133/><D133/><U83/><REACH who="1" step="1"/><E79/><REACH who="1" ten="413,370,257,0" step="2"/><V85/><F85/><T99/><D84/><U103/><E103/><V64/><F61/><AGARI ba="0,1" hai="2,3,39,41,47,54,58,61,72,77,83,86,89,94" m="31008" machi="61" ten="30,7700,0" yaku="1,1,7,1,52,2,53,0" doraHai="71" doraHaiUra="66" who="1" fromWho="2" sc="413,0,370,87,257,-77,0,0" owari="413,1.0,457,41.0,180,-42.0,0,0.0" /></mjloggm>