<mjloggm ver="2.3"><GO type="169" lobby="0"/><UN n0="%6B%75%72%69%6D%75" n1="%E3%81%B2%E3%81%90%E3%81%A1" n2="%E8%B7%AF%E5%9C%B0%E8%A3%8F%E3%81%AE%E3%81%B2%E3%81%BE%E3%82%8F%E3%82%8A" n3="%E3%83%94%E3%83%B3%E3%83%9D%E3%83%B3%E3%83%91%E3%83%BC%E3%83%AB" dan="18,17,16,16" rate="2244.35,2210.37,2132.17,2083.32" sx="M,M,M,F"/><TAIKYOKU oya="0"/><INIT seed="0,0,0,0,2,67" ten="250,250,250,250" oya="0" hai0="86,10,56,119,58,102,48,51,6,104,2,111,121" hai1="108,126,50,120,80,59,32,110,54,133,85,129,73" hai2="28,89,127,46,71,116,105,26,40,93,81,123,11" hai3="27,113,7,34,103,0,31,96,8,130,30,106,14"/><T69/><D119/><U65/><E120/><V60/><F123/><W25/><G130/><T47/><D121/><U63/><E129/><V95/><F105/><W101/><G101/><T45/><D69/><U21/><E32/><V18/><F116/><W84/><G84/><T132/><D132/><U39/><E133/><V37/><F127/><W94/><G113/><T115/><D115/><U36/><E73/><V100/><F100/><W98/><G98/><T82/><D102/><U62/><E21/><V76/><F18/><W83/><G83/><T87/><D111/><N who="1" m="42539" /><E126/><V117/><F11/><W44/><G44/><T1/><D104/><U20/><E20/><V118/><F118/><W134/><G134/><T24/><D24/><U57/><E85/><V38/><F38/><W114/><G114/><T88/><D87/><U49/><E80/><V33/><F117/><W124/><G124/><T92/><D1/><U122/><E122/><V79/><F79/><W23/><REACH who="3" step="1"/><G106/><REACH who="3" ten="250,250,250,240" step="2"/><T35/><D82/><U19/><E19/><V91/><F81/><W97/><G97/><T4/><D4/><U64/><E49/><V41/><F76/><W43/><G43/><T61/><D61/><U135/><E135/><V3/><F41/><W16/><G16/><T78/><D78/><U112/><E112/><V128/><F128/><W22/><G22/><T66/><D35/><U17/><E17/><V90/><F60/><W29/><G29/><T55/><D66/><U70/><AGARI ba="0,1" hai="36,39,50,54,57,59,62,63,64,65,70" m="42539" machi="70" ten="30,7900,0" yaku="14,1,34,2,52,1" doraHai="67" who="1" fromWho="1" sc="250,-39,250,89,250,-20,240,-20" /><INIT seed="1,0,0,0,3,66" ten="211,339,230,220" oya="1" hai0="75,12,43,76,129,11,22,98,67,41,23,93,3" hai1="123,63,49,86,69,96,94,133,44,113,73,9,2" hai2="14,64,70,56,53,101,30,39,65,79,21,125,10" hai3="90,71,121,102,110,31,130,108,7,111,104,20,119"/><U80/><E123/><V62/><F39/><W83/><G121/><T60/><D129/><U81/><E113/><V103/><F125/><W33/><G130/><T100/><D3/><U24/><E133/><V87/><F30/><W6/><G119/><T95/><D93/><U1/><E73/><V84/><F21/><W97/><G33/><T28/><D76/><U48/><E24/><V122/><F122/><W38/><G38/><T42/><D75/><U116/><E116/><V59/><F65/><W92/><G83/><T85/><D85/><U105/><E105/><V117/><F117/><W25/><REACH who="3" step="1"/><G71/><REACH who="3" ten="211,339,230,210" step="2"/><T46/><D28/><U77/><E80/><V55/><F70/><W126/><G126/><T36/><D42/><U35/><E35/><V4/><F79/><W51/><G51/><T19/><D41/><U57/><E49/><V112/><F112/><W109/><N who="3" m="27648" /><DORA hai="8" /><W37/><G37/><T124/><REACH who="0" step="1"/><D124/><REACH who="0" ten="201,339,230,210" step="2"/><U128/><E128/><V68/><F62/><W15/><G15/><T47/><D47/><U106/><E44/><V115/><F14/><W5/><G5/><T89/><D89/><U132/><E63/><V82/><F4/><W27/><G27/><T99/><D99/><AGARI ba="0,2" hai="6,7,20,25,31,90,92,97,99,102,104" m="27648" machi="99" ten="70,4500,0" yaku="1,1,14,1,53,0" doraHai="66,8" doraHaiUra="114,52" who="3" fromWho="0" sc="201,-45,339,0,230,0,210,65" /><INIT seed="2,0,0,4,3,6" ten="156,339,230,275" oya="2" hai0="91,86,14,108,31,134,114,117,119,29,120,72,87" hai1="63,116,123,61,128,54,84,129,89,127,66,17,99" hai2="19,49,101,62,12,107,59,126,98,93,37,110,97" hai3="10,100,32,56,55,36,78,125,132,68,50,95,4"/><V52/><F37/><W82/><G36/><T22/><D72/><U33/><E116/><V23/><F126/><W28/><G125/><T43/><D114/><U53/><E127/><V83/><F110/><W34/><G68/><T27/><D43/><U130/><E123/><V8/><F83/><W90/><G100/><T44/><D108/><U131/><E33/><V38/><F38/><W2/><G132/><T7/><D44/><U76/><E76/><V124/><F124/><W30/><G32/><T45/><D45/><U16/><E99/><V122/><F122/><W96/><REACH who="3" step="1"/><G34/><REACH who="3" ten="156,339,230,265" step="2"/><T73/><D120/><U35/><E35/><V67/><F107/><W113/><G113/><T58/><D134/><U41/><E130/><V80/><F80/><W18/><G18/><T9/><D117/><U13/><E17/><V65/><F98/><W81/><G81/><T64/><D119/><U106/><E16/><N who="2" m="8199" /><F62/><W112/><G112/><T40/><D31/><U115/><E61/><V26/><AGARI ba="0,1" hai="19,23,26,49,52,59,65,67,93,97,101" m="8199" machi="26" ten="30,11700,0" yaku="8,1,52,1,54,2" doraHai="6" who="2" fromWho="2" sc="156,-39,339,-39,230,127,265,-39" /><INIT seed="2,1,0,2,3,25" ten="117,300,357,226" oya="2" hai0="11,125,6,61,60,94,53,72,122,65,123,26,24" hai1="56,63,108,131,43,67,62,127,96,2,32,111,75" hai2="101,88,18,69,116,132,57,52,102,20,99,10,87" hai3="126,107,49,79,81,124,91,42,29,22,58,120,8"/><V95/><F116/><W80/><G107/><T47/><D72/><U74/><E2/><V4/><F132/><W130/><G120/><T48/><D125/><N who="3" m="48233" /><G130/><T86/><D122/><U37/><E127/><V106/><F69/><W97/><G8/><T128/><D128/><U45/><E131/><V13/><F102/><W34/><G22/><T90/><D123/><U70/><E96/><V51/><REACH who="2" step="1"/><F4/><REACH who="2" ten="117,300,347,226" step="2"/><W64/><G79/><T109/><D109/><U118/><E118/><V23/><AGARI ba="1,1" hai="10,13,18,20,23,51,52,57,87,88,95,99,101,106" machi="23" ten="30,12000,1" yaku="1,1,2,1,0,1,54,2,53,0" doraHai="25" doraHaiUra="36" who="2" fromWho="2" sc="117,-41,300,-41,347,133,226,-41" /><INIT seed="2,2,0,3,0,7" ten="76,259,480,185" oya="2" hai0="2,119,0,126,124,10,14,97,127,133,4,99,27" hai1="91,130,81,123,117,129,45,11,107,110,93,78,120" hai2="98,52,114,70,35,83,20,82,56,112,92,36,125" hai3="113,59,29,9,102,22,5,105,47,40,94,39,115"/><V23/><F35/><W106/><G29/><T62/><D62/><U85/><E45/><V41/><F70/><W25/><G59/><T43/><D43/><U95/><E107/><V42/><F125/><W73/><G73/><T116/><D97/><U101/><E117/><N who="0" m="45129" /><D133/><U55/><E55/><V65/><F65/><W12/><G94/><T18/><D99/><N who="1" m="59631" /><E110/><V60/><F114/><N who="3" m="43531" /><G102/><T28/><D4/><U132/><E11/><V74/><F112/><W49/><G39/><T135/><D135/><U51/><E51/><V69/><F69/><W53/><G40/><T71/><D71/><U68/><E68/><V104/><F104/><N who="3" m="40043" /><G22/><AGARI ba="2,0" hai="0,2,10,14,18,22,27,28,124,126,127" m="45129" machi="22" ten="40,8000,1" yaku="18,1,12,1,34,2,52,1" doraHai="7" who="0" fromWho="3" sc="76,86,259,0,480,0,185,-86" /><INIT seed="3,0,0,0,2,48" ten="162,259,480,99" oya="3" hai0="85,40,131,36,61,26,19,104,107,105,50,27,134" hai1="4,82,39,126,37,76,88,25,46,86,52,63,2" hai2="100,47,42,59,65,14,55,67,28,78,49,57,66" hai3="8,89,21,32,3,95,121,9,106,35,120,98,1"/><W69/><G69/><T79/><D131/><U119/><E126/><V132/><F78/><W74/><G74/><T116/><D36/><U34/><E119/><V75/><F75/><W101/><G9/><T12/><D134/><U43/><E2/><V17/><F132/><W94/><G3/><T118/><D61/><U87/><E4/><V51/><F28/><W91/><G106/><T68/><D68/><U122/><E122/><V77/><F77/><W70/><G70/><T7/><D26/><U72/><E39/><V130/><F100/><W84/><G101/><T13/><D27/><U123/><E123/><V20/><REACH who="2" step="1"/><F130/><REACH who="2" ten="162,259,470,99" step="2"/><W112/><G121/><T111/><D79/><U23/><E72/><V103/><F103/><W62/><G120/><T109/><D116/><U53/><E34/><V44/><AGARI ba="0,1" hai="14,17,20,42,44,47,49,51,55,57,59,65,66,67" machi="44" ten="30,7900,0" yaku="1,1,0,1,8,1,52,1,53,0" doraHai="48" doraHaiUra="97" who="2" fromWho="2" sc="162,-20,259,-20,470,89,99,-39" /><INIT seed="4,0,0,2,1,14" ten="142,239,559,60" oya="0" hai0="6,134,63,25,24,126,61,83,0,99,50,87,13" hai1="114,65,129,64,22,97,122,118,28,77,86,94,103" hai2="98,11,119,43,46,82,51,128,12,78,102,76,44" hai3="45,30,81,18,105,93,42,68,54,15,5,90,4"/><T10/><D126/><U37/><E118/><V125/><F125/><W49/><G105/><T116/><D134/><U131/><E122/><V127/><F127/><W109/><G68/><T3/><D116/><U9/><E37/><V39/><F119/><W88/><G109/><T55/><D3/><U1/><E114/><V23/><F23/><W110/><G110/><T21/><D99/><U69/><E69/><V74/><F128/><W56/><G30/><T60/><D0/><U19/><E28/><V20/><F20/><W58/><G81/><T34/><D34/><U36/><E36/><V117/><F117/><W121/><G121/><T75/><D75/><U66/><E77/><V111/><F78/><W7/><G93/><T135/><D135/><U101/><E86/><V95/><F111/><W70/><G70/><T130/><D130/><U59/><E103/><V91/><F102/><W53/><G58/><T47/><D21/><U67/><E1/><V16/><F46/><W17/><G15/><T32/><D32/><U133/><E9/><V31/><F31/><W35/><G35/><T96/><D96/><U85/><E85/><V92/><F92/><W80/><G80/><T29/><D29/><U100/><E100/><V84/><F39/><W38/><REACH who="3" step="1"/><G54/><REACH who="3" ten="142,239,559,50" step="2"/><T104/><REACH who="0" step="1"/><D104/><REACH who="0" ten="132,239,559,50" step="2"/><U52/><E133/><V8/><F74/><W89/><AGARI ba="0,2" hai="4,5,7,17,18,38,42,45,49,53,56,88,89,90" machi="89" ten="30,12000,2" yaku="1,1,2,1,0,1,52,2,54,1,53,0" doraHai="14" doraHaiUra="132" who="3" fromWho="3" sc="132,-60,239,-30,559,-30,50,140" /><INIT seed="5,0,0,4,1,93" ten="72,209,529,190" oya="1" hai0="32,52,124,78,37,57,110,120,40,29,106,56,94" hai1="14,10,75,102,125,77,35,39,47,48,123,18,34" hai2="122,51,8,103,99,26,65,97,80,23,5,50,118" hai3="126,81,53,41,95,60,131,100,22,79,55,134,85"/><U98/><E123/><V91/><F122/><W127/><G134/><T114/><D120/><U20/><E125/><N who="3" m="47626" /><G41/><T61/><D124/><U70/><E70/><V21/><F65/><W27/><G131/><T31/><D114/><U96/><E39/><V117/><F80/><W73/><G60/><T62/><D110/><U63/><E63/><V24/><F91/><N who="3" m="53743" /><G100/><T135/><D135/><U87/><E75/><V42/><F103/><W38/><G38/><T92/><D106/><U72/><E72/><V130/><F42/><W1/><G1/><T88/><D32/><U115/><E115/><V19/><F130/><W11/><G11/><T30/><D78/><U108/><E108/><V58/><F58/><W3/><G3/><T105/><D105/><U2/><E102/><V132/><F132/><W59/><G59/><T9/><D9/><U104/><E104/><V64/><F64/><W129/><G129/><T86/><D40/><N who="1" m="24679" /><E35/><V89/><F51/><W68/><G68/><T36/><REACH who="0" step="1"/><D92/><REACH who="0" ten="62,209,529,190" step="2"/><U66/><E34/><V43/><F43/><W71/><G71/><T33/><D33/><U0/><E10/><V90/><F8/><W6/><G6/><T116/><D116/><U46/><E0/><V128/><F5/><W16/><AGARI ba="0,1" hai="16,22,27,53,55,73,79,81" m="53743,47626" machi="16" ten="30,2000,0" yaku="18,1,54,1" doraHai="93" who="3" fromWho="3" sc="62,-5,209,-10,529,-5,190,30" /><INIT seed="6,0,0,0,2,134" ten="57,199,524,220" oya="2" hai0="40,46,111,2,81,74,43,122,17,6,82,91,20" hai1="100,13,21,84,75,115,34,39,65,1,125,62,130" hai2="118,22,106,9,88,79,83,0,27,72,114,127,10" hai3="42,133,26,77,37,101,109,90,95,66,35,89,131"/><V3/><F118/><W123/><G133/><T92/><D111/><U16/><E75/><V19/><F106/><W108/><G123/><T57/><D122/><U18/><E34/><V12/><F114/><W86/><G66/><T24/><D6/><U7/><E39/><V64/><F64/><W87/><G42/><T51/><D2/><U29/><E130/><V98/><F10/><W36/><G26/><T33/><D33/><U70/><E29/><V52/><F52/><W23/><G23/><T14/><D74/><U129/><E100/><V110/><F110/><W63/><G35/><T58/><D40/><U107/><E107/><V124/><F0/><W44/><G101/><T121/><D121/><U56/><E70/><V102/><F3/><W128/><G63/><T48/><D24/><U25/><E7/><V126/><F102/><W119/><G44/><T85/><REACH who="0" step="1"/><D58/><REACH who="0" ten="47,199,524,220" step="2"/><U69/><E56/><V78/><F72/><W120/><G120/><T99/><D99/><U104/><E1/><V73/><F73/><W30/><G109/><T67/><D67/><U5/><E5/><N who="2" m="3119" /><F98/><W71/><G108/><T49/><D49/><U117/><E65/><V47/><F47/><W59/><G131/><T96/><D96/><U80/><E25/><V45/><F45/><W55/><G128/><T4/><D4/><U135/><E129/><V38/><F38/><W116/><G36/><T53/><AGARI ba="0,1" hai="14,17,20,43,46,48,51,53,57,81,82,85,91,92" machi="53" ten="30,8000,1" yaku="1,1,0,1,25,2,8,1,53,0" doraHai="134" doraHaiUra="61" who="0" fromWho="0" sc="47,90,199,-20,524,-40,220,-20" /><INIT seed="7,0,0,5,2,107" ten="137,179,484,200" oya="3" hai0="2,22,116,47,108,113,45,55,88,28,76,119,63" hai1="110,79,120,124,41,46,10,130,71,38,25,42,132" hai2="118,36,84,61,74,77,17,66,103,91,82,123,57" hai3="49,102,131,115,27,20,40,105,117,67,4,94,15"/><W9/><G117/><T121/><D121/><U135/><E110/><V3/><F118/><W54/><G131/><T134/><D2/><U24/><E120/><V87/><F123/><W16/><G115/><T83/><D134/><N who="1" m="51243" /><E124/><V69/><F103/><W64/><G105/><T59/><D108/><U48/><E71/><V99/><F36/><W58/><REACH who="3" step="1"/><G40/><REACH who="3" ten="137,179,484,190" step="2"/><T90/><D113/><U44/><E130/><V37/><F69/><W72/><G72/><T65/><D116/><U95/><E42/><V29/><F74/><W128/><G128/><T122/><D122/><U39/><E41/><V32/><F37/><W80/><G80/><T104/><D104/><U53/><E39/><V30/><F82/><W100/><G100/><T81/><D119/><U125/><E38/><V60/><F87/><W97/><AGARI ba="0,1" hai="4,9,15,16,20,27,49,54,58,64,67,94,97,102" machi="97" ten="30,11700,0" yaku="1,1,0,1,8,1,54,1,53,0" doraHai="107" doraHaiUra="126" who="3" fromWho="3" sc="137,-39,179,-39,484,-39,190,127" /><INIT seed="7,1,0,5,5,66" ten="98,140,445,317" oya="3" hai0="129,49,56,2,4,34,117,100,59,42,89,122,81" hai1="77,130,15,119,24,33,20,116,35,127,60,108,22" hai2="1,64,97,31,46,121,110,105,83,76,134,70,37" hai3="74,7,26,111,62,109,73,68,16,98,103,104,101"/><W13/><G7/><T47/><D34/><U30/><E108/><N who="3" m="41546" /><G103/><T107/><D129/><U52/><E130/><V32/><F110/><W88/><G26/><T112/><D122/><U54/><E127/><V41/><F121/><W43/><G43/><T102/><D117/><N who="1" m="45131" /><E77/><V45/><F41/><W115/><G115/><T17/><D4/><U78/><E78/><V113/><F113/><W85/><G62/><T92/><D2/><U126/><E126/><V91/><F1/><W25/><G25/><T12/><D112/><U11/><E22/><V75/><F105/><W128/><G128/><T65/><D107/><U3/><E3/><V14/><F14/><W118/><G118/><T94/><D81/><U9/><E9/><V40/><F40/><W0/><G0/><T18/><D18/><N who="1" m="8575" /><E60/><V120/><F64/><W51/><G51/><T27/><D27/><U71/><E71/><V80/><F120/><W58/><G58/><T57/><D65/><U6/><E6/><V106/><F106/><W135/><G135/><T96/><REACH who="0" step="1"/><D92/><REACH who="0" ten="88,140,445,317" step="2"/><U36/><E36/><V21/><F37/><W82/><G68/><T69/><D69/><U67/><E67/><V50/><F70/><W39/><G39/><T38/><D38/><U123/><E123/><V10/><F134/><W28/><G28/><T87/><D87/><U23/><E35/><V86/><F32/><W5/><G5/><T79/><D79/><U95/><E95/><V125/><F31/><W19/><G19/><T63/><D63/><U99/><E99/><V93/><F125/><W44/><G44/><T90/><D90/><RYUUKYOKU ba="1,1" sc="88,10,140,10,445,-30,317,10" hai0="12,17,42,47,49,56,57,59,89,94,96,100,102" hai1="20,23,24,30,33,52,54" hai3="13,16,73,74,82,85,88,98,101,104" /><INIT seed="7,2,1,2,0,20" ten="98,150,415,327" oya="3" hai0="48,132,8,21,72,100,90,120,65,116,17,52,127" hai1="51,27,124,134,83,101,112,96,89,68,117,119,102" hai2="24,114,135,129,73,38,110,71,30,36,37,50,35" hai3="41,99,10,106,62,63,42,113,16,86,111,121,128"/><W34/><G121/><T32/><D72/><U2/><E112/><V87/><F110/><W97/><G34/><T126/><D116/><N who="1" m="44619" /><E124/><N who="0" m="47657" /><D32/><U91/><E134/><V60/><F73/><W13/><G111/><T31/><D120/><U115/><E115/><V108/><F108/><W47/><G113/><T81/><D65/><U39/><E39/><V98/><F114/><W9/><G128/><T56/><D100/><N who="1" m="38507" /><E68/><V3/><F98/><N who="3" m="37387" /><G106/><T54/><D132/><U23/><E2/><V26/><F35/><W109/><G109/><T95/><D31/><N who="1" m="17919" /><E96/><V92/><F87/><W11/><G86/><N who="0" m="50511" /><D95/><U123/><E123/><V79/><F135/><W93/><G93/><T40/><D8/><N who="3" m="3177" /><G47/><N who="0" m="25703" /><D56/><U18/><E83/><V88/><F92/><W105/><G105/><T19/><D19/><U7/><E7/><V49/><F3/><W94/><G94/><T28/><D28/><U58/><E18/><V122/><F122/><W1/><G1/><T14/><D14/><U85/><E85/><V44/><F71/><W45/><G45/><T53/><D53/><AGARI ba="2,1" hai="51,53,58,89,91" m="17919,38507,44619" machi="53" ten="30,2000,0" yaku="12,1,52,1" doraHai="20" who="1" fromWho="0" sc="98,-26,150,36,415,0,327,0" owari="72,-43.0,186,-21.0,415,51.0,327,13.0" /></mjloggm>