<mjloggm ver="2.3"><GO type="169" lobby="0"/><UN n0="%E5%AE%89%E9%81%94%E3%81%95%E3%81%8F%E3%82%89" n1="%E3%81%8F%E3%81%86%E3%81%9F%E3%82%8D" n2="%EF%BC%BC%28%EF%BC%BE%6F%EF%BC%BE%29%EF%BC%8F%E2%98%85" n3="%E3%82%B5%E3%83%96%E3%82%A2%E3%83%A9%E3%83%89" dan="17,17,17,16" rate="2192.68,2179.45,2229.71,2080.69" sx="M,M,M,M"/><TAIKYOKU oya="0"/><INIT seed="0,0,0,2,4,65" ten="250,250,250,250" oya="0" hai0="35,100,104,4,59,26,113,83,44,0,105,51,76" hai1="110,46,102,18,88,134,8,115,55,120,6,64,16" hai2="32,107,42,87,84,121,2,60,13,5,133,53,96" hai3="106,38,47,58,30,1,111,97,132,56,33,52,90"/><T108/><D113/><U11/><E120/><V81/><F2/><W36/><G111/><T130/><D130/><U31/><E110/><V25/><F42/><W19/><G1/><T101/><D108/><U89/><E134/><V66/><F53/><W71/><G132/><T61/><D0/><U69/><E31/><V22/><F121/><W49/><G19/><T92/><D4/><U129/><E102/><V39/><F39/><W67/><G38/><T63/><D63/><U126/><E129/><V135/><F87/><W127/><G127/><T80/><D80/><U109/><E109/><V118/><F118/><W57/><G36/><T37/><D37/><U10/><E6/><V73/><F73/><W70/><G67/><T48/><D48/><U28/><E28/><N who="2" m="19471" /><F22/><W20/><G33/><T15/><D15/><U14/><E126/><V9/><F84/><W103/><REACH who="3" step="1"/><G90/><REACH who="3" ten="250,250,250,240" step="2"/><T23/><D35/><U72/><E89/><V128/><F128/><W98/><G98/><T82/><D105/><U7/><E88/><V112/><F107/><W43/><G43/><T27/><D104/><U131/><E18/><V34/><F34/><W40/><G40/><T41/><D41/><U94/><E16/><V124/><F124/><W29/><G29/><T125/><D125/><U93/><E64/><V116/><F135/><W78/><G78/><T45/><D76/><U50/><E131/><V117/><F133/><W95/><G95/><T75/><D92/><U62/><E94/><V114/><F66/><W54/><G54/><T91/><D91/><U119/><E93/><V3/><F3/><RYUUKYOKU ba="0,1" sc="250,-10,250,-10,250,-10,240,30" hai3="20,30,47,49,52,56,57,58,70,71,97,103,106" /><INIT seed="1,1,1,0,1,106" ten="240,240,240,270" oya="1" hai0="69,119,124,47,65,100,72,70,79,38,20,108,68" hai1="96,98,104,77,9,103,54,59,61,28,50,36,112" hai2="64,25,33,80,74,23,95,105,109,126,125,2,39" hai3="120,11,31,4,83,81,63,52,114,122,131,24,87"/><U37/><E112/><V14/><F105/><W117/><G131/><T71/><D119/><U135/><E135/><V101/><F2/><W67/><G117/><T56/><D108/><U78/><E28/><V10/><F33/><W90/><G83/><N who="0" m="45543" /><D56/><U15/><E98/><V82/><F39/><W21/><G114/><T66/><D20/><U1/><E1/><V12/><F109/><W57/><REACH who="3" step="1"/><G67/><REACH who="3" ten="240,240,240,260" step="2"/><T73/><D66/><U89/><E78/><N who="2" m="44119" /><F82/><W121/><G121/><T49/><D65/><U22/><E77/><V58/><F126/><W129/><G129/><T92/><D124/><U110/><E110/><V130/><F130/><W45/><G45/><T8/><D47/><U127/><E127/><V18/><F125/><W75/><G75/><T51/><D73/><U134/><E134/><V133/><F64/><W102/><G102/><T6/><D100/><U88/><E89/><V97/><F133/><W84/><G84/><T3/><D71/><U35/><E88/><V43/><F58/><W132/><G132/><T7/><D70/><U91/><E91/><V85/><F85/><W46/><G46/><T123/><D69/><U42/><E103/><V107/><F107/><W86/><G86/><T99/><D123/><U40/><E104/><V116/><F116/><W5/><G5/><T128/><D7/><U60/><E59/><V94/><F94/><W29/><G29/><T111/><D68/><U118/><E118/><V13/><F43/><W44/><G44/><T34/><D128/><U48/><E42/><V30/><F101/><W55/><G55/><T53/><D111/><RYUUKYOKU ba="1,2" sc="240,-15,240,-15,240,15,260,15" hai2="10,12,13,14,18,23,25,30,95,97" hai3="4,11,21,24,31,52,57,63,81,87,90,120,122" /><INIT seed="2,2,2,4,1,2" ten="225,225,255,275" oya="2" hai0="15,109,91,120,123,77,110,51,75,73,101,124,17" hai1="72,38,79,66,95,84,14,43,54,40,59,5,1" hai2="68,104,129,127,45,113,112,16,125,86,8,85,93" hai3="21,39,3,25,11,9,94,37,56,102,18,99,33"/><V24/><F68/><W92/><G33/><T19/><D124/><N who="2" m="47690" /><F104/><W83/><G83/><T134/><D134/><U111/><E111/><N who="0" m="42505" /><D101/><U41/><E1/><V48/><F129/><W118/><G118/><T133/><D133/><U7/><E38/><V0/><F0/><W31/><G18/><N who="0" m="6667" /><D77/><U27/><E27/><V115/><F93/><W100/><G56/><T119/><D119/><U88/><E66/><V98/><F98/><W135/><G135/><T47/><D91/><U82/><REACH who="1" step="1"/><E14/><REACH who="1" ten="225,215,255,275" step="2"/><N who="2" m="7239" /><F24/><W10/><G3/><T35/><D15/><U126/><E126/><V128/><F128/><W97/><AGARI ba="2,3" hai="9,10,11,21,25,31,37,39,92,94,97,99,100,102" machi="97" ten="30,2000,0" yaku="0,1,9,1" doraHai="2" who="3" fromWho="3" sc="225,-7,215,-7,255,-12,275,56" /><INIT seed="3,0,0,2,4,88" ten="218,208,243,331" oya="3" hai0="15,85,40,34,22,25,121,60,35,79,107,24,126" hai1="4,100,19,110,132,17,37,134,66,1,105,13,55" hai2="30,91,6,0,120,87,5,45,61,94,31,54,58" hai3="16,124,84,49,128,97,10,127,53,20,95,101,50"/><W43/><G128/><T3/><D121/><U118/><E37/><V135/><F120/><W103/><G10/><T115/><D3/><U62/><E110/><V59/><F135/><N who="1" m="51753" /><E1/><V89/><F45/><W33/><G33/><T57/><D107/><U41/><E41/><V77/><F77/><W114/><G114/><T92/><D126/><N who="3" m="48169" /><G84/><T117/><D117/><U96/><E55/><V2/><F2/><W102/><G43/><T123/><D123/><U74/><E74/><V93/><F58/><N who="3" m="33071" /><G50/><T29/><D115/><U125/><E118/><V71/><F71/><W36/><G36/><T52/><D40/><U67/><E125/><V104/><F104/><W73/><G73/><T48/><D48/><U8/><E67/><V51/><F51/><W38/><G38/><T76/><D35/><U21/><E21/><V111/><F111/><W26/><AGARI ba="0,0" hai="16,20,26,95,97,101,102,103" m="33071,48169" machi="26" ten="30,6000,0" yaku="18,1,52,1,54,1" doraHai="88" who="3" fromWho="3" sc="218,-20,208,-20,243,-20,331,60" /><INIT seed="3,1,0,1,3,125" ten="198,188,223,391" oya="3" hai0="117,120,126,98,29,51,55,61,79,13,21,121,74" hai1="22,129,107,57,8,4,118,45,112,111,89,84,35" hai2="119,0,65,101,78,73,130,99,109,62,75,105,15" hai3="58,10,92,95,7,96,42,5,86,36,108,30,54"/><W48/><G108/><T93/><D117/><U28/><E111/><V23/><F109/><W85/><G30/><T72/><D126/><U39/><E112/><V59/><F0/><W71/><G71/><T31/><D61/><U100/><E35/><V124/><F124/><W123/><G123/><T20/><D79/><U132/><E100/><V88/><F119/><W133/><G133/><T131/><D13/><U52/><E107/><V6/><F130/><W50/><G36/><T26/><D131/><U17/><E28/><V38/><F38/><W77/><G77/><T24/><D121/><U90/><E118/><V9/><F78/><W63/><G63/><T116/><D120/><U70/><E70/><V49/><F23/><W37/><G37/><T12/><D12/><U80/><E45/><V135/><F135/><W56/><G10/><T91/><REACH who="0" step="1"/><D116/><REACH who="0" ten="188,188,223,391" step="2"/><U60/><E129/><V113/><F113/><W97/><G42/><T115/><D115/><U53/><E132/><V68/><F75/><W14/><G14/><T81/><D81/><U102/><E80/><V27/><F73/><W64/><G54/><T110/><D110/><U43/><E52/><V128/><F128/><W87/><G64/><T44/><AGARI ba="1,1" hai="20,21,24,26,29,31,44,51,55,72,74,91,93,98" machi="44" ten="20,5200,0" yaku="1,1,0,1,7,1,9,1,53,0" doraHai="125" doraHaiUra="2" who="0" fromWho="0" sc="188,65,188,-14,223,-14,391,-27" /><INIT seed="4,0,0,2,4,40" ten="253,174,209,364" oya="0" hai0="94,18,107,48,96,56,42,9,130,105,30,90,104" hai1="117,91,65,114,22,75,72,2,109,118,16,28,45" hai2="84,60,115,26,128,54,46,49,135,71,126,63,87" hai3="58,70,6,47,113,102,83,51,41,23,86,108,29"/><T69/><D69/><U110/><E2/><V27/><F115/><W116/><G108/><T74/><D130/><U129/><E28/><V8/><F128/><W122/><G116/><T100/><D74/><U111/><E129/><V34/><F135/><W19/><G70/><T33/><D33/><U12/><E65/><V15/><F126/><W88/><G113/><T17/><D30/><U125/><E114/><V67/><F63/><W97/><G122/><T120/><D120/><U4/><E4/><V79/><F34/><W92/><G6/><T73/><D73/><U5/><E5/><V106/><F106/><W127/><G127/><T121/><D121/><U112/><E112/><V13/><F13/><W133/><G133/><T1/><D100/><U66/><E125/><V36/><F36/><W11/><G11/><T55/><D1/><U93/><E66/><V80/><REACH who="2" step="1"/><F87/><REACH who="2" ten="253,174,199,364" step="2"/><W44/><G29/><T37/><D107/><U85/><E75/><V68/><F68/><W81/><G81/><T99/><D105/><U124/><E72/><V53/><F53/><N who="3" m="32063" /><G41/><T77/><D104/><U131/><E124/><V132/><F132/><W89/><G102/><T59/><D42/><U95/><E131/><V52/><F52/><W123/><G123/><T103/><D55/><U32/><E32/><V7/><AGARI ba="0,1" hai="7,8,15,26,27,46,49,54,60,67,71,79,80,84" machi="7" ten="20,5200,0" yaku="1,1,0,1,7,1,52,1,53,0" doraHai="40" doraHaiUra="35" who="2" fromWho="2" sc="253,-26,174,-13,199,62,364,-13" /><INIT seed="5,0,0,3,2,56" ten="227,161,261,351" oya="1" hai0="76,128,36,132,18,106,29,77,16,119,75,62,37" hai1="12,59,32,69,86,70,111,67,10,49,96,103,15" hai2="83,107,48,90,95,78,102,125,64,81,98,101,13" hai3="131,33,21,99,93,84,23,4,26,63,97,100,88"/><U104/><E111/><V82/><F64/><W73/><G131/><T3/><D106/><U1/><E32/><V133/><F48/><W94/><G73/><T58/><D3/><U22/><E1/><V91/><F13/><W46/><G4/><T41/><D119/><U50/><E86/><N who="2" m="50527" /><F133/><W28/><G84/><T130/><D132/><U55/><E67/><V85/><F125/><W135/><G135/><T9/><D29/><U52/><E22/><V115/><F115/><W129/><G129/><N who="0" m="49771" /><D41/><U7/><REACH who="1" step="1"/><E15/><REACH who="1" ten="227,151,261,351" step="2"/><V71/><F71/><W105/><G33/><T61/><D75/><U43/><E43/><V89/><F107/><W60/><G21/><T31/><D31/><U17/><E17/><V0/><F0/><W51/><G105/><T68/><D18/><U127/><E127/><V14/><F14/><W40/><AGARI ba="0,1" hai="23,26,28,40,46,51,60,63,88,93,94,97,99,100" machi="40" ten="20,12000,2" yaku="0,1,7,1,8,1,52,2,54,1" doraHai="56" who="3" fromWho="3" sc="227,-30,151,-60,261,-30,351,130" /><INIT seed="6,0,0,0,4,62" ten="197,91,231,481" oya="2" hai0="121,68,77,94,10,23,22,101,8,85,42,16,7" hai1="83,11,131,116,38,106,134,92,71,102,25,76,112" hai2="39,118,135,69,90,81,64,123,107,24,44,48,60" hai3="120,57,21,114,129,88,54,37,31,65,97,43,41"/><V75/><F118/><W115/><G120/><T6/><D121/><U12/><E116/><V127/><F123/><W108/><G108/><T73/><D68/><U35/><E92/><V110/><F107/><W125/><G125/><T52/><D42/><U55/><E55/><V126/><F110/><W49/><G37/><T98/><D73/><N who="1" m="43407" /><E38/><V19/><F135/><W13/><G129/><T2/><D77/><U128/><E71/><V28/><F19/><W53/><G53/><T66/><D85/><U111/><E111/><V119/><F119/><W113/><G13/><T32/><D32/><U96/><E112/><V104/><F104/><W9/><G9/><T56/><D66/><U124/><E134/><V5/><F5/><W80/><G65/><T132/><D132/><U29/><E124/><N who="2" m="47659" /><F39/><W1/><G1/><T100/><D100/><U84/><E84/><N who="2" m="50447" /><F75/><W51/><G51/><T50/><REACH who="0" step="1"/><D16/><REACH who="0" ten="187,91,231,481" step="2"/><U33/><E33/><V79/><F79/><W15/><G43/><T27/><D27/><U93/><E102/><V74/><F74/><W99/><G41/><T30/><D30/><U109/><E109/><V87/><F87/><N who="3" m="50279" /><G31/><T133/><D133/><U17/><E106/><V3/><F28/><W40/><G40/><T122/><D122/><U0/><E0/><AGARI ba="0,1" hai="0,2,6,7,8,10,22,23,50,52,56,94,98,101" machi="0" ten="30,7700,0" yaku="1,1,7,1,9,1,54,1,53,0" doraHai="62" doraHaiUra="130" who="0" fromWho="1" sc="187,87,91,-77,231,0,481,0" /><INIT seed="7,0,0,4,4,71" ten="274,14,231,481" oya="3" hai0="109,10,49,42,36,108,4,107,119,7,60,31,80" hai1="106,21,13,77,116,14,12,30,123,128,129,0,9" hai2="90,126,17,85,89,74,44,121,67,122,18,39,83" hai3="47,86,113,1,34,69,2,20,52,88,124,61,98"/><W82/><G34/><T38/><D119/><U84/><E106/><V54/><F74/><W104/><G124/><T70/><D107/><U91/><E77/><V134/><F126/><W120/><G120/><N who="2" m="46185" /><F67/><W125/><G125/><T51/><D31/><U48/><E48/><N who="0" m="18505" /><D42/><U56/><E56/><V16/><F134/><W115/><G47/><T22/><D22/><U19/><E84/><V99/><F54/><W40/><G40/><T72/><D4/><U101/><E91/><N who="2" m="51647" /><F99/><W11/><G20/><T97/><D10/><U45/><E45/><V6/><F6/><W58/><G69/><T73/><D97/><U131/><E101/><V112/><F112/><N who="3" m="43083" /><G11/><T135/><D135/><U114/><E123/><V118/><F118/><W53/><G53/><T43/><D7/><U8/><E114/><V66/><F66/><W62/><G62/><T127/><D60/><U103/><E103/><AGARI ba="0,0" hai="1,2,52,58,61,82,86,88,98,103,104" m="43083" machi="103" ten="30,5800,0" yaku="15,1,54,2" doraHai="71" who="3" fromWho="1" sc="274,0,14,-58,231,0,481,58" owari="274,7.0,-44,-54.0,231,-17.0,539,64.0" /></mjloggm>