<mjloggm ver="2.3"><GO type="169" lobby="0"/><UN n0="%E3%81%B5%E3%81%8B" n1="%E3%81%8B%E3%81%A5%E3%81%8D%EF%BC%B8%EF%BC%A9" n2="%63%61%74%6D%65%56%47%43" n3="%4E%4F%2E%E2%85%A0" dan="18,16,16,16" rate="2259.86,2119.82,2184.59,2210.12" sx="M,M,M,M"/><TAIKYOKU oya="0"/><INIT seed="0,0,0,0,5,58" ten="250,250,250,250" oya="0" hai0="13,92,36,85,46,84,88,98,73,82,103,120,64" hai1="34,93,23,134,97,104,12,2,11,37,40,132,135" hai2="70,60,25,44,24,90,26,18,76,127,87,109,4" hai3="14,55,8,83,57,68,17,111,94,59,30,129,48"/><T114/><D114/><U126/><E104/><V125/><F109/><W43/><G111/><T79/><D120/><U54/><E2/><V15/><F4/><W63/><G129/><T105/><D64/><U95/><E34/><V69/><F76/><W51/><G68/><T77/><D13/><U128/><E128/><V89/><F44/><W75/><G30/><T124/><D124/><N who="2" m="47690" /><F60/><W5/><G75/><N who="0" m="43391" /><D46/><N who="1" m="23823" /><E126/><V22/><F89/><W112/><G83/><AGARI ba="0,0" hai="15,18,22,24,25,26,69,70,83,87,90" m="47690" machi="83" ten="30,1000,0" yaku="18,1" doraHai="58" who="2" fromWho="3" sc="250,0,250,0,250,10,250,-10" /><INIT seed="1,0,0,3,2,59" ten="250,250,260,240" oya="1" hai0="0,124,62,52,12,13,118,6,130,31,133,101,132" hai1="66,3,122,26,39,125,87,50,131,7,63,117,109" hai2="10,5,69,17,76,54,49,73,97,23,134,70,120" hai3="68,9,45,129,127,91,25,53,94,88,46,89,74"/><U99/><E122/><V64/><F134/><N who="0" m="51818" /><D118/><U40/><E117/><V116/><F120/><W86/><G129/><T11/><D130/><U48/><E125/><V112/><F116/><W105/><G127/><T110/><D124/><U34/><E131/><V103/><F76/><W61/><G105/><T81/><D110/><U51/><E87/><V20/><F73/><W37/><G74/><T21/><D101/><U71/><E109/><V107/><F112/><W33/><G9/><T119/><D119/><U126/><E126/><V56/><F64/><W47/><G37/><T102/><D102/><U4/><E3/><V85/><F85/><W22/><G33/><T1/><D81/><U135/><E135/><V72/><F72/><W92/><G86/><T16/><D31/><U36/><E36/><V82/><F82/><W57/><REACH who="3" step="1"/><G68/><REACH who="3" ten="250,250,260,230" step="2"/><T32/><D32/><U114/><E114/><V35/><F35/><W80/><G80/><T19/><D6/><U43/><E99/><V60/><F20/><W15/><G15/><T44/><D1/><U93/><E93/><V106/><F107/><W100/><G100/><T98/><D0/><U121/><E121/><V108/><F108/><W128/><G128/><T79/><D13/><U90/><E39/><V67/><F69/><W58/><G58/><T42/><D12/><U84/><E34/><V111/><F111/><W123/><G123/><T24/><D98/><U95/><REACH who="1" step="1"/><E26/><REACH who="1" ten="250,240,260,230" step="2"/><N who="2" m="14703" /><F5/><AGARI ba="0,2" hai="4,5,7,40,43,48,50,51,63,66,71,84,90,95" machi="5" ten="40,3900,0" yaku="1,1,52,1,53,0" doraHai="59" doraHaiUra="96" who="1" fromWho="2" sc="250,0,240,59,260,-39,230,0" /><INIT seed="1,1,0,0,1,40" ten="250,299,221,230" oya="1" hai0="13,71,77,47,99,21,57,88,2,56,31,16,51" hai1="61,100,39,110,30,102,92,104,117,129,111,58,73" hai2="60,116,78,19,38,106,32,23,132,84,28,112,29" hai3="46,69,98,52,87,37,135,17,43,48,34,123,20"/><U133/><E39/><V130/><F116/><W1/><G135/><T109/><D2/><U131/><E73/><V114/><F106/><W127/><G127/><T79/><D71/><U95/><E30/><V128/><F38/><W115/><G115/><N who="2" m="44073" /><F60/><W24/><G123/><T33/><D109/><N who="1" m="41483" /><E117/><V94/><F94/><N who="1" m="35881" /><E133/><V25/><F84/><W89/><G1/><T86/><D99/><N who="1" m="61471" /><E102/><V42/><F42/><W126/><G126/><T101/><D101/><U120/><E120/><V121/><F78/><N who="0" m="29706" /><D31/><N who="2" m="11850" /><F121/><W118/><G118/><T96/><D96/><U81/><E81/><V3/><F132/><W72/><G72/><T103/><D103/><U49/><E49/><V113/><N who="2" m="44081" /><V90/><DORA hai="134" /><F90/><W27/><G98/><T5/><D33/><U41/><E41/><V45/><F45/><W107/><G107/><T55/><D5/><U66/><AGARI ba="1,0" hai="58,61,66,129,131" m="61471,35881,41483" machi="66" ten="30,3000,0" yaku="14,1,10,1" doraHai="40,134" who="1" fromWho="1" sc="250,-11,299,33,221,-11,230,-11" /><INIT seed="1,2,0,0,1,36" ten="239,332,210,219" oya="1" hai0="117,57,104,26,87,33,20,118,132,25,89,40,47" hai1="11,44,93,101,65,28,15,80,81,6,75,49,2" hai2="39,135,77,59,68,119,99,1,17,24,92,41,23" hai3="19,108,100,113,16,37,50,56,12,130,78,112,72"/><U54/><E75/><V3/><F119/><W134/><G108/><T8/><D104/><U46/><E2/><V96/><F68/><W38/><G130/><T31/><D57/><U76/><E65/><V7/><F135/><W69/><G69/><T103/><D8/><U9/><E9/><V74/><F59/><W51/><G100/><T85/><D103/><U52/><E28/><V48/><F48/><W121/><G56/><T62/><D62/><U64/><E64/><V122/><F122/><W18/><G12/><T4/><D4/><U106/><E106/><V10/><F92/><W55/><G134/><T109/><D109/><U79/><E79/><V14/><F14/><W29/><G29/><T84/><D132/><U91/><E101/><V115/><F1/><W102/><G102/><T90/><D117/><U35/><E35/><V128/><F115/><W61/><G61/><T131/><D131/><U98/><E76/><V116/><F128/><W43/><G121/><T63/><D63/><U86/><E98/><V21/><F23/><W67/><G67/><T30/><REACH who="0" step="1"/><D118/><REACH who="0" ten="229,332,210,219" step="2"/><U27/><E6/><V60/><F60/><W111/><G111/><T22/><D22/><U97/><E11/><V70/><F70/><W126/><G113/><T5/><D5/><U66/><E66/><V53/><F116/><W120/><G112/><T73/><D73/><U133/><E133/><V105/><F105/><W125/><G72/><T110/><D110/><U0/><E0/><V82/><F53/><W42/><G55/><T71/><D71/><U123/><E52/><V34/><F34/><RYUUKYOKU ba="2,1" sc="229,15,332,-15,210,15,219,-15" hai0="20,25,26,30,31,33,40,47,84,85,87,89,90" hai2="3,7,10,17,21,24,39,41,74,77,82,96,99" /><INIT seed="2,3,1,5,2,27" ten="244,317,225,204" oya="2" hai0="2,134,1,17,51,98,29,46,77,35,10,95,4" hai1="120,122,22,103,93,44,131,8,110,62,107,111,34" hai2="90,125,130,108,75,133,117,121,56,91,59,112,15" hai3="18,47,13,53,89,115,70,37,102,0,83,113,118"/><V41/><F117/><W12/><G0/><T129/><D129/><U65/><E107/><V7/><F112/><N who="3" m="43083" /><G118/><T94/><D134/><U127/><E34/><V58/><F121/><N who="1" m="46697" /><E8/><N who="2" m="4511" /><F75/><W24/><G70/><T48/><D1/><U33/><E33/><V71/><F71/><W31/><G102/><T42/><D77/><U92/><E44/><V26/><F130/><W49/><G37/><T119/><D119/><U25/><E131/><V66/><F133/><W100/><G100/><T109/><D109/><N who="1" m="41483" /><E127/><V61/><F108/><W43/><G43/><T106/><D106/><U6/><E6/><V39/><F39/><W69/><G69/><T85/><D17/><N who="1" m="12495" /><E103/><V20/><F41/><W45/><G45/><T116/><D116/><U114/><E114/><V14/><F14/><W79/><G18/><T28/><D35/><U64/><E64/><V36/><F36/><W72/><G89/><N who="2" m="33801" /><F125/><W97/><G97/><T132/><D98/><U55/><E55/><V40/><F40/><W67/><G67/><T76/><D132/><U99/><E99/><V5/><F5/><W38/><G38/><T19/><D4/><U50/><E50/><V88/><N who="2" m="33809" /><V30/><AGARI ba="3,1" hai="20,26,30,56,58,59,61,66" m="33809,4511" machi="30" ten="30,11700,0" yaku="4,1,8,1,52,1,54,1" doraHai="27" who="2" fromWho="2" sc="244,-42,317,-42,225,136,204,-42" /><INIT seed="2,4,0,4,5,91" ten="202,275,361,162" oya="2" hai0="112,28,23,67,42,105,85,27,127,13,8,0,56" hai1="94,111,118,95,71,84,51,2,64,110,122,80,39" hai2="128,7,134,63,135,52,32,125,121,66,10,123,53" hai3="62,50,88,33,116,115,100,5,58,102,69,129,77"/><V4/><F32/><W47/><G116/><T21/><D112/><U25/><E2/><V89/><F125/><W12/><G129/><T3/><D105/><U11/><E39/><V49/><F128/><W29/><G69/><T103/><D103/><U15/><E118/><V37/><F37/><W17/><G5/><T57/><D127/><U20/><E51/><V93/><F4/><W133/><G77/><T30/><D42/><U73/><E73/><V31/><F31/><W132/><G115/><T97/><D97/><U113/><E122/><V9/><F9/><N who="3" m="6287" /><G29/><T76/><D67/><U75/><E75/><V36/><F36/><W40/><G33/><T86/><D13/><U82/><E82/><V45/><F53/><N who="3" m="34127" /><G88/><T59/><D59/><U19/><E64/><V124/><F124/><W101/><G133/><N who="2" m="50697" /><F7/><W18/><G132/><T60/><D8/><U120/><E71/><N who="2" m="42463" /><F10/><W72/><G72/><T90/><D0/><U55/><E55/><V92/><F92/><N who="1" m="35369" /><E120/><V106/><F106/><W74/><G74/><T65/><D3/><U78/><E113/><V131/><F131/><W68/><G68/><T22/><D65/><U16/><E11/><V109/><F109/><N who="1" m="41481" /><E15/><V54/><F54/><W14/><G102/><T130/><D130/><U83/><E83/><V24/><F24/><W108/><G108/><T87/><D27/><U34/><E34/><V114/><F114/><W43/><G40/><T46/><D23/><AGARI ba="4,0" hai="14,18,23,43,47,50,100,101" m="34127,6287" machi="23" ten="30,1000,0" yaku="8,1" doraHai="91" who="3" fromWho="0" sc="202,-22,275,0,361,0,162,22" /><INIT seed="3,0,0,1,0,12" ten="180,275,361,184" oya="3" hai0="102,123,94,61,35,132,91,114,21,95,46,38,27" hai1="62,69,71,63,41,15,112,65,29,20,58,121,98" hai2="116,47,13,59,90,6,68,25,115,86,36,131,22" hai3="54,120,133,130,11,74,73,76,53,42,45,124,83"/><W37/><G120/><T1/><D123/><U44/><E29/><V52/><F115/><W134/><G73/><T109/><D1/><U28/><E28/><V106/><F116/><W0/><G130/><T89/><D114/><U113/><E98/><V39/><F68/><W88/><G124/><T93/><D35/><U17/><E121/><V82/><F106/><W104/><G104/><T49/><D38/><U108/><E108/><V57/><F57/><W110/><G110/><T81/><D132/><N who="3" m="50793" /><G88/><N who="0" m="33867" /><D61/><U7/><E7/><AGARI ba="0,0" hai="0,7,11,37,42,45,53,54,74,76,83" m="50793" machi="7" ten="30,2900,0" yaku="25,1,20,1" doraHai="12" who="3" fromWho="1" sc="180,0,275,-29,361,0,184,29" /><INIT seed="3,1,0,4,0,43" ten="180,246,361,213" oya="3" hai0="29,98,64,8,102,133,92,88,15,66,78,32,110" hai1="104,118,55,57,105,129,58,13,26,35,34,9,97" hai2="12,94,16,109,59,121,134,67,5,122,112,125,128" hai3="90,93,116,99,53,22,80,73,84,47,30,127,113"/><W111/><G116/><T42/><D110/><U27/><E129/><V24/><F112/><W95/><G113/><T132/><D78/><U76/><E76/><V72/><F72/><W28/><G127/><T50/><D102/><U101/><E105/><V14/><F94/><W46/><G111/><T4/><D29/><N who="3" m="11369" /><G73/><T81/><D81/><U40/><E58/><V117/><F109/><W31/><G53/><T126/><D32/><U75/><E75/><V96/><F96/><W100/><G80/><T17/><D4/><U38/><E35/><V91/><F91/><W61/><G61/><T51/><D126/><U82/><E82/><V36/><F36/><W6/><G6/><T135/><REACH who="0" step="1"/><D42/><REACH who="0" ten="170,246,361,213" step="2"/><U21/><E34/><V119/><F5/><W45/><G31/><T65/><AGARI ba="1,1" hai="8,15,17,50,51,64,65,66,88,92,98,132,133,135" machi="65" ten="40,12000,2" yaku="1,1,2,1,0,1,20,1,54,1,53,2" doraHai="43" doraHaiUra="44" who="0" fromWho="0" sc="170,133,246,-31,361,-31,213,-61" /><INIT seed="4,0,0,3,3,8" ten="303,215,330,152" oya="0" hai0="59,63,104,72,31,111,68,105,110,0,22,86,112" hai1="135,83,16,71,126,123,77,94,26,99,131,38,88" hai2="66,52,78,125,49,69,48,67,46,23,18,90,61" hai3="9,37,127,29,73,79,75,7,36,2,14,44,80"/><T119/><D72/><U1/><E1/><V35/><F35/><W4/><G127/><T95/><D119/><U128/><E38/><V106/><F106/><W40/><G29/><T103/><D0/><U130/><E71/><V115/><F115/><W124/><G124/><T15/><D68/><U129/><N who="1" m="32768" /><DORA hai="93" /><U117/><E117/><V70/><F125/><W27/><G27/><N who="0" m="16887" /><D112/><U12/><E26/><V17/><F78/><W45/><G75/><T47/><D47/><U87/><E126/><V64/><F70/><W10/><REACH who="3" step="1"/><G44/><REACH who="3" ten="303,215,330,142" step="2"/><T101/><D110/><U30/><E30/><V50/><F69/><W25/><G25/><T96/><D111/><U42/><E123/><V113/><F113/><W55/><G55/><T6/><D59/><U84/><E135/><V41/><F46/><W19/><G19/><T21/><D6/><U32/><E32/><V107/><F17/><W51/><AGARI ba="0,1" hai="2,4,7,9,10,14,36,37,40,45,51,73,79,80" machi="51" ten="20,5200,0" yaku="1,1,0,1,7,1,52,1,53,0" doraHai="8,93" doraHaiUra="100,81" who="3" fromWho="3" sc="303,-26,215,-13,330,-13,142,62" /><INIT seed="5,0,0,3,0,19" ten="277,202,317,204" oya="1" hai0="5,36,28,82,61,127,48,71,65,84,120,59,70" hai1="35,75,23,24,57,25,95,124,69,60,115,52,104" hai2="103,108,8,30,67,63,54,113,77,56,3,55,47" hai3="98,72,10,131,119,89,114,29,42,6,34,125,4"/><U134/><E104/><V31/><F108/><W64/><G114/><T1/><D36/><U86/><E75/><V11/><F113/><W121/><G121/><T43/><D127/><U122/><E122/><V20/><F3/><W27/><G125/><T105/><D105/><U90/><E124/><V133/><F133/><W66/><G131/><T126/><D126/><U49/><E115/><V46/><F77/><W93/><G119/><T132/><D132/><U26/><E134/><V73/><F73/><W109/><G109/><T117/><D117/><U68/><E35/><V130/><F130/><W100/><G72/><T39/><D120/><U128/><E128/><V88/><F103/><W12/><G42/><T96/><D39/><U40/><E68/><V13/><F8/><W80/><REACH who="3" step="1"/><G4/><REACH who="3" ten="277,202,317,194" step="2"/><T18/><D5/><U76/><E76/><V92/><F47/><W107/><G107/><T102/><D43/><U91/><E91/><V16/><F46/><W17/><G17/><T33/><D18/><N who="1" m="12407" /><E69/><V62/><F31/><W14/><G14/><T51/><D28/><U22/><E22/><V32/><F32/><W81/><G81/><T135/><D33/><U15/><E15/><N who="2" m="9247" /><F30/><W53/><G53/><T110/><D135/><U50/><E40/><V45/><F45/><W79/><G79/><N who="0" m="46175" /><D110/><U94/><E94/><V99/><F62/><W37/><G37/><T129/><D129/><U58/><E60/><V111/><F111/><W112/><G112/><T118/><D118/><U97/><E97/><V38/><F38/><W41/><G41/><T85/><D96/><U116/><E116/><RYUUKYOKU ba="0,1" sc="277,-30,202,10,317,10,194,10" hai1="25,26,49,50,52,57,58,86,90,95" hai2="11,13,54,55,56,63,67,88,92,99" hai3="6,10,12,27,29,34,64,66,80,89,93,98,100" /><INIT seed="5,1,1,0,5,68" ten="247,212,327,204" oya="1" hai0="7,126,43,11,110,22,44,62,90,132,33,8,89" hai1="128,17,15,31,45,26,32,100,80,124,94,24,127" hai2="96,107,134,39,69,50,40,113,54,29,114,66,23" hai3="52,118,35,83,70,46,88,56,28,105,37,14,87"/><U25/><E80/><V18/><F29/><W99/><G70/><T92/><D33/><U38/><E100/><V121/><F121/><W76/><G118/><T34/><D34/><U111/><E94/><V125/><F107/><W109/><G109/><T60/><D110/><U75/><E75/><V106/><F106/><W73/><G14/><T115/><D115/><N who="2" m="44042" /><F96/><W61/><G28/><T91/><D132/><U79/><E79/><V116/><F116/><W59/><G35/><T74/><D74/><U119/><E119/><V86/><F134/><W95/><G59/><T30/><D126/><N who="1" m="48171" /><E128/><V130/><F125/><W51/><G37/><T82/><D82/><U48/><E38/><V108/><F108/><W117/><G117/><T63/><D92/><U98/><E98/><V57/><F130/><W21/><G21/><T71/><D71/><U42/><E111/><V104/><F104/><W120/><G120/><T20/><D30/><U67/><E67/><V2/><F2/><W13/><G13/><N who="0" m="5279" /><D11/><AGARI ba="1,1" hai="11,15,17,24,25,26,31,32,42,45,48" m="48171" machi="11" ten="30,1500,0" yaku="18,1" doraHai="68" who="1" fromWho="0" sc="247,-18,212,28,327,0,204,0" /><INIT seed="5,2,0,3,1,93" ten="229,240,327,204" oya="1" hai0="48,105,76,110,2,83,60,113,114,57,80,103,58" hai1="43,99,107,86,75,119,17,3,112,106,65,69,73" hai2="39,0,123,31,111,71,89,26,79,10,100,102,62" hai3="19,96,120,52,131,128,30,41,68,53,118,78,18"/><U59/><E3/><V35/><F111/><W22/><G120/><T133/><D110/><U36/><E69/><V21/><F123/><W104/><G68/><T46/><D2/><U14/><E119/><V124/><F39/><W16/><G41/><T13/><D133/><U47/><E112/><N who="0" m="43113" /><D13/><U8/><E86/><V108/><F108/><W98/><G78/><T28/><D28/><U5/><E17/><N who="3" m="6762" /><G30/><T56/><D103/><U122/><E122/><V20/><F124/><W24/><G118/><T81/><D105/><U66/><E107/><V4/><F79/><W33/><G33/><T38/><D38/><U94/><E106/><V82/><F21/><W84/><G84/><N who="0" m="48135" /><D60/><U12/><E12/><V70/><F35/><W32/><G32/><T72/><D72/><U134/><E134/><V42/><F42/><AGARI ba="2,0" hai="42,46,48,56,57,58,81,83" m="48135,43113" machi="42" ten="30,1000,0" yaku="15,1" doraHai="93" who="0" fromWho="2" sc="229,16,240,0,327,-16,204,0" /><INIT seed="6,0,0,0,5,33" ten="245,240,311,204" oya="2" hai0="124,85,106,38,107,123,24,45,14,83,80,63,64" hai1="79,31,8,43,25,19,76,28,133,81,102,21,132" hai2="97,53,35,125,93,110,109,94,86,9,46,70,128" hai3="11,84,22,18,87,74,2,111,48,127,117,104,78"/><V23/><F70/><W27/><G111/><N who="2" m="42505" /><F35/><W114/><G117/><T10/><D123/><U40/><E102/><V1/><F125/><W129/><G127/><T68/><D124/><U89/><E89/><N who="2" m="53431" /><F128/><W56/><G129/><T67/><D67/><U44/><E79/><V130/><F130/><W39/><G39/><T92/><D92/><U49/><E43/><V30/><F30/><W96/><G114/><T54/><D24/><U126/><E126/><V52/><F23/><W82/><G96/><T88/><D80/><U50/><E50/><V57/><F46/><W131/><G104/><T75/><D75/><U108/><E108/><V105/><F105/><W26/><G26/><T122/><D122/><U112/><E112/><V62/><F53/><W61/><G48/><T135/><D135/><N who="1" m="51787" /><E8/><V15/><F1/><W36/><G36/><T47/><D47/><U29/><E31/><V69/><F69/><W51/><G51/><T6/><REACH who="0" step="1"/><D54/><REACH who="0" ten="235,240,311,204" step="2"/><U16/><E29/><V32/><F32/><W116/><G131/><T20/><D20/><U4/><E44/><V42/><F42/><AGARI ba="0,1" hai="6,10,14,38,42,45,63,64,68,83,85,88,106,107" machi="42" ten="40,5200,0" yaku="1,1,54,1,53,1" doraHai="33" doraHaiUra="65" who="0" fromWho="2" sc="235,62,240,0,311,-52,204,0" /><INIT seed="7,0,0,3,3,130" ten="297,240,259,204" oya="3" hai0="71,122,1,40,45,79,113,52,74,6,116,85,38" hai1="132,96,115,26,23,44,88,110,64,112,63,89,34" hai2="95,7,69,18,77,114,8,127,54,81,33,124,99" hai3="135,9,41,80,59,84,57,100,128,117,28,90,102"/><W2/><G117/><T101/><D116/><U46/><E34/><V75/><F69/><W19/><G128/><T48/><D122/><U53/><E110/><V50/><F33/><W134/><G28/><T76/><D113/><N who="1" m="43595" /><E132/><N who="3" m="50730" /><G41/><T15/><D71/><N who="1" m="42399" /><E96/><V17/><F114/><W29/><G29/><T109/><D109/><U32/><E32/><V10/><F10/><W30/><G30/><T58/><D101/><N who="3" m="39017" /><G19/><T91/><D40/><U126/><E126/><N who="2" m="48171" /><F7/><AGARI ba="0,0" hai="2,7,9,57,59,80,84,90" m="39017,50730" machi="7" ten="30,11600,0" yaku="20,1,52,3" doraHai="130" who="3" fromWho="2" sc="297,0,240,0,259,-116,204,116" owari="297,10.0,240,-16.0,143,-36.0,320,42.0" /></mjloggm>