<mjloggm ver="2.3"><GO type="169" lobby="0"/><UN n0="%E3%83%8E%E3%82%AA%E3%83%81%E3%83%A3%E3%83%99%E3%82%B9" n1="%51%6F%6F%E5%9D%8A" n2="%73%65%61%73%74%6F%72%79" n3="%E6%B2%B3%E5%B6%8B%4B%4B" dan="16,16,16,19" rate="2112.01,2127.35,2110.32,2256.27" sx="M,M,M,M"/><TAIKYOKU oya="0"/><INIT seed="0,0,0,4,3,36" ten="250,250,250,250" oya="0" hai0="100,128,52,14,89,6,99,27,9,56,58,133,62" hai1="55,78,25,4,77,117,3,118,123,120,95,74,80" hai2="134,85,113,51,71,68,109,102,84,107,105,66,87" hai3="88,47,129,83,67,76,101,28,124,90,12,94,73"/><T61/><D133/><U0/><E55/><V104/><F134/><W16/><G124/><T17/><D128/><U127/><E25/><V54/><F113/><W65/><G129/><T57/><D89/><U41/><E4/><V81/><F109/><W91/><G28/><T92/><D62/><U98/><E127/><V5/><F102/><W7/><G7/><T111/><D111/><U18/><E18/><V110/><F110/><W21/><G101/><T59/><D27/><U116/><E77/><V30/><F5/><AGARI ba="0,0" hai="5,6,9,14,17,52,56,57,58,59,61,92,99,100" machi="5" ten="40,3900,0" yaku="8,1,54,1" doraHai="36" who="0" fromWho="2" sc="250,39,250,0,250,-39,250,0" /><INIT seed="0,1,0,1,5,30" ten="289,250,211,250" oya="0" hai0="8,79,5,89,84,47,44,69,76,77,105,110,25" hai1="130,72,81,14,133,124,119,16,68,109,40,111,135" hai2="125,123,34,116,43,26,102,85,29,13,23,11,128" hai3="122,112,80,75,39,71,1,103,106,6,15,132,64"/><T99/><D69/><U7/><E68/><V70/><F123/><W73/><G15/><T61/><D61/><U38/><E119/><V65/><F116/><W108/><G6/><T53/><D110/><N who="1" m="41995" /><E7/><V60/><F128/><W35/><G80/><T27/><D105/><U42/><E130/><V87/><F125/><W9/><G9/><T96/><D96/><U12/><E12/><V20/><F102/><W88/><G88/><T63/><D99/><U55/><E55/><V83/><F43/><W92/><G92/><T131/><D131/><U2/><E2/><V45/><F45/><W48/><G48/><T95/><D63/><U57/><E57/><V117/><F117/><W94/><G64/><T32/><D53/><U28/><E28/><V19/><F87/><W129/><G94/><T101/><D101/><U67/><E67/><V98/><REACH who="2" step="1"/><F98/><REACH who="2" ten="289,250,201,250" step="2"/><W22/><G103/><T78/><D47/><N who="1" m="23959" /><E42/><V49/><F49/><W54/><G75/><T100/><D44/><U114/><E124/><V91/><AGARI ba="1,1" hai="11,13,19,20,23,26,29,34,60,65,70,83,85,91" machi="91" ten="20,12000,2" yaku="1,1,0,1,7,1,52,1,53,2" doraHai="30" doraHaiUra="17" who="2" fromWho="2" sc="289,-61,250,-31,201,133,250,-31" /><INIT seed="1,0,0,5,4,118" ten="228,219,334,219" oya="1" hai0="85,45,71,87,115,22,124,109,36,98,49,12,5" hai1="63,68,10,18,73,122,112,134,90,102,48,51,79" hai2="69,30,116,128,25,82,84,96,47,58,33,59,93" hai3="55,107,117,29,113,72,95,75,41,92,32,42,19"/><U111/><E122/><V123/><F116/><W40/><G117/><T129/><D71/><U114/><E102/><V27/><F69/><W21/><G107/><T54/><D115/><U50/><E79/><V16/><F128/><W99/><G113/><T67/><D67/><U23/><E73/><V2/><F2/><W103/><G29/><T4/><D36/><U6/><E134/><V131/><F131/><W97/><G55/><T26/><D129/><U46/><E46/><V53/><F47/><W110/><G32/><T91/><D109/><U24/><E111/><V35/><F123/><W62/><G62/><T3/><D3/><U121/><E121/><V108/><F108/><W34/><G34/><T64/><D64/><U56/><E68/><V11/><F35/><W70/><G70/><T127/><D98/><U65/><REACH who="1" step="1"/><E90/><REACH who="1" ten="228,209,334,219" step="2"/><V88/><F59/><W1/><G110/><T125/><D91/><U61/><E61/><V80/><F58/><W76/><G76/><T43/><D43/><U104/><E104/><V9/><F82/><W120/><G120/><T130/><D130/><U81/><E81/><V86/><F86/><W83/><G83/><T94/><D94/><U7/><E7/><V74/><F74/><N who="3" m="28203" /><G95/><T126/><D126/><U57/><E57/><V89/><F89/><W132/><G132/><T28/><D5/><U39/><E39/><V100/><F53/><W105/><G105/><T77/><D77/><U17/><E17/><V38/><F38/><W52/><G42/><T13/><D4/><U37/><E37/><V8/><F16/><W44/><G19/><RYUUKYOKU ba="0,1" sc="228,10,209,10,334,10,219,-30" hai0="12,13,22,26,28,45,49,54,85,87,124,125,127" hai1="6,10,18,23,24,48,50,51,56,63,65,112,114" hai2="8,9,11,25,27,30,33,80,84,88,93,96,100" /><INIT seed="1,1,1,5,2,130" ten="238,219,344,189" oya="1" hai0="101,44,7,39,107,10,63,67,72,37,99,131,3" hai1="89,62,108,80,12,19,1,106,57,66,69,45,134" hai2="48,104,111,59,47,85,74,70,23,91,28,2,68" hai3="46,15,120,103,58,132,117,26,124,82,35,113,60"/><U78/><E106/><V13/><F74/><W0/><G0/><T42/><D131/><U16/><E1/><V64/><F104/><W116/><G120/><T88/><D72/><U38/><E108/><V24/><F2/><W54/><G113/><T33/><D33/><U55/><E89/><V84/><F111/><W128/><G128/><T40/><D40/><N who="1" m="22679" /><E12/><V18/><F85/><W126/><G103/><T65/><D39/><U11/><E11/><V73/><F73/><W49/><G82/><T8/><D8/><U94/><E94/><V36/><F36/><W30/><G15/><T129/><D129/><U112/><E112/><V109/><F109/><W61/><G61/><T93/><REACH who="0" step="1"/><D63/><REACH who="0" ten="228,219,344,189" step="2"/><U100/><E100/><V123/><F123/><W118/><REACH who="3" step="1"/><G132/><REACH who="3" ten="228,219,344,179" step="2"/><T83/><D83/><U41/><E134/><V17/><F13/><W9/><G9/><T32/><D32/><U53/><E80/><V90/><F84/><AGARI ba="1,3" hai="3,7,10,37,42,44,65,67,84,88,93,99,101,107" machi="84" ten="30,7700,0" yaku="1,1,7,1,54,1,53,1" doraHai="130" doraHaiUra="34" who="0" fromWho="2" sc="228,110,219,0,344,-80,179,0" /><INIT seed="2,0,0,4,0,128" ten="338,219,264,179" oya="2" hai0="57,66,27,85,28,52,51,23,34,24,117,41,50" hai1="125,35,81,69,43,75,29,38,17,30,104,106,12" hai2="14,18,101,102,84,96,113,132,16,48,19,9,111" hai3="22,25,94,0,130,110,119,124,61,76,5,36,97"/><V109/><F113/><W103/><G119/><T32/><D117/><U114/><E69/><V90/><F48/><W95/><G130/><T60/><D41/><U133/><E114/><V33/><F33/><W82/><G110/><N who="2" m="41993" /><F132/><W10/><G36/><T46/><D51/><U131/><E133/><V121/><F121/><W79/><G124/><T100/><D27/><U135/><E135/><V55/><F55/><W64/><G95/><T73/><D73/><U134/><E125/><V13/><F96/><W56/><REACH who="3" step="1"/><G82/><REACH who="3" ten="338,219,264,169" step="2"/><T37/><D37/><U54/><E131/><V26/><F26/><W62/><G62/><T98/><D85/><U6/><E38/><V108/><F108/><W74/><G74/><T20/><REACH who="0" step="1"/><D20/><REACH who="0" ten="328,219,264,169" step="2"/><U120/><E75/><V44/><F44/><W40/><G40/><T83/><D83/><U129/><E81/><N who="2" m="49423" /><F14/><W42/><G42/><T68/><D68/><U112/><E43/><V99/><F99/><W2/><G2/><T49/><D49/><U107/><E12/><V77/><F77/><W7/><G7/><AGARI ba="0,2" hai="7,9,13,16,18,19,101,102" m="49423,41993" machi="7" ten="30,5800,0" yaku="14,1,10,1,54,1" doraHai="128" who="2" fromWho="3" sc="328,0,219,0,264,78,169,-58" /><INIT seed="2,1,0,4,2,60" ten="328,219,342,111" oya="2" hai0="34,118,47,13,88,120,49,106,29,99,116,30,68" hai1="119,104,45,98,121,127,130,135,18,110,50,8,96" hai2="105,33,87,63,90,108,81,73,91,97,85,67,23" hai3="113,11,94,54,57,100,5,132,6,101,14,79,114"/><V28/><F33/><W64/><G132/><T16/><D120/><U39/><E119/><N who="0" m="45609" /><D34/><U56/><E39/><V129/><F73/><W102/><G79/><T2/><D2/><U0/><E121/><V43/><F43/><W25/><G5/><T82/><D68/><U35/><E35/><V53/><F53/><W52/><G25/><T77/><D106/><U21/><E135/><V9/><F129/><W74/><G74/><T109/><D109/><U26/><E110/><V17/><F108/><W51/><G54/><N who="0" m="30015" /><D99/><U111/><E111/><V125/><F125/><W126/><G126/><T78/><D78/><U84/><E127/><V124/><F124/><W123/><G123/><T93/><D93/><U42/><E104/><V3/><F3/><W83/><G83/><T44/><D44/><U72/><E72/><V58/><F105/><W89/><REACH who="3" step="1"/><G64/><REACH who="3" ten="328,219,342,101" step="2"/><T7/><D7/><U95/><E130/><V62/><F62/><W61/><G61/><T24/><D24/><U66/><E26/><V107/><F28/><W19/><G19/><T41/><D77/><U37/><E18/><V48/><F63/><W15/><G15/><T59/><D41/><U69/><E42/><V55/><F67/><W133/><G133/><T12/><D12/><U10/><E66/><V71/><F71/><W131/><G131/><T32/><D32/><U27/><E69/><V4/><F81/><W122/><G122/><T112/><D82/><U86/><E27/><V40/><F4/><W1/><G1/><T36/><D30/><U103/><E0/><V20/><F17/><W128/><G128/><RYUUKYOKU ba="1,1" sc="328,-10,219,-10,342,-10,101,30" hai3="6,11,14,51,52,57,89,94,100,101,102,113,114" /><INIT seed="3,2,1,3,2,87" ten="318,209,332,131" oya="3" hai0="23,110,25,78,81,122,46,128,115,131,60,103,53" hai1="37,0,29,88,84,2,8,18,97,119,101,112,59" hai2="80,77,67,39,66,96,6,127,117,47,71,44,72" hai3="43,76,20,94,32,26,70,126,51,41,65,100,63"/><W42/><G126/><T22/><D110/><U93/><E37/><V104/><F117/><W130/><G130/><T92/><D122/><U86/><E112/><V118/><F118/><W89/><G32/><T91/><D103/><U13/><E119/><V45/><F39/><W11/><G76/><T134/><D134/><U17/><E29/><V19/><F6/><W30/><G100/><T95/><D95/><U4/><E84/><V124/><F71/><W82/><G82/><T55/><D23/><U5/><E59/><V21/><F96/><W15/><G51/><T49/><D55/><U61/><E61/><V35/><F35/><W10/><REACH who="3" step="1"/><G15/><REACH who="3" ten="318,209,332,121" step="2"/><T28/><D128/><U129/><E129/><V31/><F104/><W9/><G9/><T132/><D131/><U113/><E113/><V107/><F107/><W52/><G52/><T75/><D115/><U58/><E2/><V114/><F114/><W54/><G54/><T135/><D60/><U33/><E33/><V133/><F133/><W83/><G83/><T85/><AGARI ba="2,2" hai="22,25,28,46,49,53,75,78,81,85,91,92,132,135" machi="85" ten="30,2000,0" yaku="0,1,52,1" doraHai="87" who="0" fromWho="0" sc="318,46,209,-7,332,-7,121,-12" /><INIT seed="4,0,0,0,3,111" ten="364,202,325,109" oya="0" hai0="53,63,46,97,45,101,104,10,20,66,33,14,17" hai1="99,65,119,70,88,81,5,135,55,94,110,52,15" hai2="38,114,48,6,102,9,59,41,42,100,85,31,57" hai3="28,78,84,25,1,18,113,22,109,80,13,40,122"/><T116/><D33/><U3/><E110/><V19/><F38/><W89/><G109/><T83/><D116/><U39/><E3/><V35/><F19/><W93/><G122/><T87/><D53/><U96/><E39/><V27/><F85/><W129/><G129/><T4/><D63/><U133/><E119/><V120/><F120/><W92/><G1/><T24/><D66/><U77/><E96/><V68/><F68/><W50/><G113/><T30/><D4/><U86/><E70/><V132/><F132/><N who="1" m="50761" /><E65/><V71/><F114/><W112/><G112/><T7/><REACH who="0" step="1"/><D7/><REACH who="0" ten="354,202,325,109" step="2"/><U91/><E5/><V36/><F71/><W117/><G117/><T29/><D29/><U98/><E15/><V34/><F34/><W121/><G121/><T0/><D0/><U74/><E99/><V62/><F42/><W26/><G26/><T125/><D125/><U95/><AGARI ba="0,1" hai="52,55,74,77,81,86,88,91,94,95,98" m="50761" machi="95" ten="30,4000,0" yaku="20,1,54,2" doraHai="111" who="1" fromWho="1" sc="354,-20,202,50,325,-10,109,-10" /><INIT seed="5,0,0,2,1,126" ten="334,252,315,99" oya="1" hai0="10,24,90,101,21,92,107,58,122,111,6,91,31" hai1="99,56,135,132,130,104,43,81,4,55,125,67,48" hai2="29,60,59,14,120,116,57,63,105,45,20,65,5" hai3="30,44,9,100,54,66,23,121,93,33,112,110,69"/><U1/><E125/><V88/><F120/><W128/><G121/><T133/><D111/><U73/><E67/><V129/><F116/><W74/><G74/><T19/><D107/><U49/><E1/><V16/><F105/><W68/><G110/><T12/><D133/><U38/><E4/><V36/><F5/><W106/><G33/><T3/><D122/><U8/><E8/><V41/><F29/><W108/><G112/><T134/><D134/><N who="1" m="51243" /><E38/><V17/><F17/><W47/><G106/><T123/><D123/><U117/><E117/><V96/><F129/><W72/><G72/><T84/><D58/><U85/><E73/><V98/><REACH who="2" step="1"/><F88/><REACH who="2" ten="334,252,305,99" step="2"/><W35/><G128/><T7/><D6/><U27/><E104/><V28/><F28/><W78/><G108/><T64/><D90/><N who="1" m="51503" /><E99/><V71/><F71/><W51/><G69/><T86/><D7/><U22/><E130/><V115/><F115/><W52/><G35/><T119/><D119/><U97/><E97/><V37/><F37/><W70/><G70/><T127/><D127/><U18/><E43/><V2/><F2/><W131/><G131/><T34/><D34/><U62/><AGARI ba="0,1" hai="18,22,27,48,49,55,56,62" m="51503,51243" machi="62" ten="30,1500,0" yaku="20,1" doraHai="126" who="1" fromWho="1" sc="334,-5,252,25,305,-5,99,-5" /><INIT seed="5,1,0,0,4,64" ten="329,277,300,94" oya="1" hai0="84,33,18,8,77,52,16,76,92,121,72,116,45" hai1="2,128,55,46,119,38,15,98,73,11,93,79,36" hai2="115,125,68,61,104,62,40,112,47,120,9,25,131" hai3="88,1,75,85,54,35,127,50,12,0,105,34,86"/><U29/><E119/><V5/><F120/><W78/><G127/><T103/><D33/><U129/><E2/><V14/><F125/><W60/><G105/><T111/><D111/><U10/><E29/><V66/><F104/><W24/><G75/><T57/><D45/><U99/><E73/><V67/><F25/><W96/><G96/><T71/><D71/><U118/><E79/><V65/><F131/><W21/><G60/><T39/><D39/><U53/><E15/><V28/><F28/><W37/><G37/><T108/><D108/><U44/><E93/><V97/><F97/><W63/><G63/><T42/><D42/><U134/><REACH who="1" step="1"/><E118/><REACH who="1" ten="329,267,300,94" step="2"/><V27/><F27/><W114/><G12/><T56/><D72/><U22/><E22/><V117/><F117/><W41/><G0/><T94/><D116/><U122/><E122/><V43/><F67/><W7/><G1/><T70/><D121/><U81/><E81/><V69/><F43/><W13/><G41/><T48/><D92/><U51/><E51/><AGARI ba="1,1" hai="5,9,14,40,47,51,61,62,65,66,68,69,112,115" machi="51" ten="40,5200,0" yaku="9,1,52,2" doraHai="64" who="2" fromWho="1" sc="329,0,267,-55,300,65,94,0" /><INIT seed="6,0,0,4,3,92" ten="329,212,365,94" oya="2" hai0="129,88,50,103,54,44,47,0,69,31,23,39,24" hai1="80,36,89,30,115,6,102,93,83,116,85,105,118" hai2="96,16,133,12,131,81,13,19,45,59,98,122,111" hai3="1,125,33,15,135,34,87,67,76,8,53,110,72"/><V73/><F122/><W38/><G110/><T49/><D0/><U121/><E6/><V7/><F111/><W77/><G38/><T107/><D69/><U66/><E30/><V99/><F133/><W63/><G135/><T56/><D39/><U86/><E66/><V64/><F131/><W48/><G72/><T91/><D129/><U119/><E36/><V90/><F45/><W2/><G125/><T126/><D126/><U18/><E18/><N who="2" m="6699" /><F73/><W42/><G42/><T120/><D120/><U75/><E121/><V84/><F7/><W61/><G15/><T14/><D14/><U17/><E17/><V100/><F100/><W78/><G87/><T3/><D3/><U109/><E109/><V4/><F4/><W25/><G8/><T95/><D107/><U58/><E58/><V52/><F64/><W22/><G22/><T40/><D56/><U127/><E127/><V10/><F10/><W97/><G34/><T130/><D130/><U74/><E105/><V71/><F71/><W60/><G67/><T5/><D5/><U20/><E20/><V68/><F68/><W128/><G128/><T114/><D114/><U65/><E65/><V134/><F134/><W35/><G35/><T51/><D50/><AGARI ba="0,0" hai="12,13,50,52,59,81,84,90,96,98,99" m="6699" machi="50" ten="30,18000,2" yaku="8,1,52,3,54,2" doraHai="92" who="2" fromWho="0" sc="329,-180,212,0,365,180,94,0" /><INIT seed="6,1,0,1,1,53" ten="149,212,545,94" oya="2" hai0="5,47,133,117,105,98,109,34,104,73,16,82,80" hai1="7,61,9,86,23,78,64,114,102,87,100,113,135" hai2="54,51,130,101,52,28,4,35,110,89,2,127,119" hai3="3,120,59,84,67,95,29,15,125,30,22,111,37"/><V21/><F119/><W75/><G120/><T71/><D5/><U134/><E23/><V33/><F110/><W43/><G111/><T49/><D71/><U1/><E86/><V26/><F101/><N who="1" m="39017" /><E87/><V79/><F79/><W96/><G75/><T60/><D34/><U106/><E78/><V69/><F69/><W31/><G3/><T45/><D98/><U48/><E48/><V10/><F130/><W62/><G125/><T27/><D60/><U70/><E106/><V115/><F127/><W88/><G37/><T121/><D109/><U36/><E36/><V126/><F126/><W11/><G43/><T112/><D49/><U63/><E63/><V46/><F115/><AGARI ba="1,0" hai="1,7,9,61,64,70,113,114,115,134,135" m="39017" machi="115" ten="30,1000,0" yaku="15,1" doraHai="53" who="1" fromWho="2" sc="149,0,212,13,545,-13,94,0" /><INIT seed="7,0,0,3,0,112" ten="149,225,532,94" oya="3" hai0="11,118,22,59,68,1,114,102,72,39,83,107,42" hai1="7,8,56,122,132,57,82,79,19,60,108,135,44" hai2="75,29,14,34,47,15,69,21,13,91,66,30,96" hai3="119,106,70,86,46,40,53,31,88,51,101,12,48"/><W33/><G70/><T61/><D22/><U23/><E108/><V37/><F75/><W25/><G119/><T28/><D28/><U74/><E44/><V10/><F34/><W87/><G106/><T27/><D27/><N who="1" m="14847" /><E60/><V99/><F69/><W3/><G101/><T105/><D59/><U65/><E65/><V76/><F76/><W115/><G3/><T77/><D114/><U89/><E89/><V9/><F66/><W81/><G115/><T63/><D118/><U120/><E57/><V134/><F134/><N who="1" m="51241" /><E56/><V54/><F37/><W130/><G130/><T6/><D102/><U18/><E18/><V125/><F125/><W45/><G86/><T20/><D20/><U93/><E93/><V41/><F41/><W0/><G0/><AGARI ba="0,0" hai="0,7,8,74,79,82,120,122" m="51241,14847" machi="0" ten="30,1000,0" yaku="20,1" doraHai="112" who="1" fromWho="3" sc="149,0,225,10,532,0,94,-10" owari="149,-25.0,235,4.0,532,63.0,84,-42.0" /></mjloggm>