<mjloggm ver="2.3"><GO type="169" lobby="0"/><UN n0="%6B%75%7A%75%6E" n1="%E3%82%B5%E3%83%96%E3%82%A2%E3%83%A9%E3%83%89" n2="%E9%81%8A%E8%B5%B0" n3="%E6%9C%A8%E6%BC%8F%E3%82%8C%E6%97%A5" dan="18,16,17,17" rate="2253.77,2074.13,2198.39,2212.38" sx="M,M,M,M"/><TAIKYOKU oya="0"/><INIT seed="0,0,0,1,4,122" ten="250,250,250,250" oya="0" hai0="112,130,133,78,121,29,70,48,10,125,82,63,20" hai1="51,62,119,68,117,107,100,96,126,71,47,36,16" hai2="3,38,41,39,87,75,105,2,28,34,53,57,50" hai3="115,89,65,37,56,49,21,64,60,80,104,113,111"/><T6/><D121/><U81/><E126/><V131/><F75/><W72/><G104/><T19/><D112/><U127/><E127/><V73/><F73/><W23/><G37/><T101/><D125/><U91/><E36/><V7/><F105/><W132/><G132/><T54/><D133/><U32/><E71/><V45/><F131/><W79/><G65/><T4/><D101/><U98/><E98/><V30/><F39/><W116/><G116/><T110/><D29/><U124/><E124/><V59/><F87/><W9/><G9/><T55/><D130/><U69/><E32/><V108/><F108/><W84/><G111/><T0/><D6/><U86/><E69/><V109/><F109/><W8/><G8/><T33/><D33/><U43/><E68/><V17/><F17/><W18/><G49/><T103/><D103/><U129/><E129/><V88/><F7/><W66/><G66/><T25/><D110/><U58/><E16/><V46/><F88/><W44/><G44/><T11/><D11/><U35/><E35/><V31/><REACH who="2" step="1"/><F34/><REACH who="2" ten="250,250,240,250" step="2"/><W14/><REACH who="3" step="1"/><G23/><REACH who="3" ten="250,250,240,240" step="2"/><T135/><D135/><U74/><E119/><V128/><F128/><W77/><G77/><T26/><D78/><U120/><E117/><V42/><F42/><W94/><AGARI ba="0,2" hai="14,18,21,56,60,64,72,79,80,84,89,94,113,115" machi="94" ten="20,5200,0" yaku="1,1,0,1,7,1,53,1" doraHai="122" doraHaiUra="61" who="3" fromWho="3" sc="250,-26,250,-13,240,-13,240,72" /><INIT seed="1,0,0,1,1,63" ten="224,237,227,312" oya="1" hai0="97,26,8,121,118,19,2,83,108,4,18,12,98" hai1="30,124,27,54,129,35,45,51,69,75,3,6,31" hai2="42,76,134,132,127,93,105,115,73,85,47,68,66" hai3="29,53,70,112,92,72,94,36,65,44,0,21,126"/><U114/><E114/><V40/><F105/><W86/><G72/><T84/><D118/><U32/><E124/><V38/><F115/><W77/><G0/><T78/><D108/><U14/><E129/><V133/><F127/><W25/><G112/><T22/><REACH who="0" step="1"/><D121/><REACH who="0" ten="214,237,227,312" step="2"/><U23/><E75/><V135/><F40/><W106/><G126/><T101/><D101/><U43/><E3/><V55/><F135/><W122/><G122/><T16/><D16/><U90/><E43/><V24/><F42/><W28/><G28/><T100/><D100/><U116/><E116/><V109/><F73/><W60/><G29/><T61/><D61/><U11/><E31/><V111/><F109/><W58/><G60/><T79/><D79/><U91/><E69/><V57/><F111/><W1/><G70/><T13/><D13/><U99/><E91/><V80/><F76/><W102/><G77/><T74/><D74/><U56/><E90/><V120/><F68/><W125/><G125/><T131/><D131/><U59/><E99/><V15/><F120/><W37/><G102/><T62/><D62/><U82/><E82/><V9/><F80/><W48/><G1/><T103/><D103/><U5/><E5/><V110/><F110/><W123/><G123/><T95/><D95/><U104/><E104/><V87/><F133/><W117/><G106/><T88/><D88/><U119/><E119/><V67/><F134/><W107/><G117/><T130/><D130/><U128/><E128/><V39/><F132/><W7/><G107/><T89/><D89/><U81/><E81/><V50/><F93/><RYUUKYOKU ba="0,1" sc="214,15,237,15,227,-15,312,-15" hai0="2,4,8,12,18,19,22,26,78,83,84,97,98" hai1="6,11,14,23,27,30,32,35,45,51,54,56,59" /><INIT seed="1,1,1,0,0,68" ten="229,252,212,297" oya="1" hai0="52,95,112,30,111,11,124,37,3,59,110,18,14" hai1="53,38,25,84,90,116,113,122,104,105,15,134,130" hai2="55,123,39,125,96,40,69,78,49,73,93,5,26" hai3="106,43,24,44,82,131,36,2,75,27,4,20,114"/><U57/><E122/><V115/><F123/><W31/><G114/><T28/><D112/><U127/><E113/><V70/><F115/><W7/><G106/><T71/><D71/><U86/><E116/><V62/><F125/><W50/><G131/><T56/><D124/><U22/><E127/><V126/><F126/><W91/><G2/><T6/><D59/><U79/><E130/><V74/><F5/><W80/><G75/><T48/><D37/><U129/><E38/><V87/><F87/><W83/><G36/><T1/><D1/><U63/><E134/><V13/><F13/><W94/><REACH who="3" step="1"/><G27/><REACH who="3" ten="229,252,212,287" step="2"/><T109/><REACH who="0" step="1"/><D95/><REACH who="0" ten="219,252,212,287" step="2"/><U135/><E129/><V97/><F39/><W33/><G33/><T34/><D34/><U103/><E135/><V45/><F73/><W120/><G120/><T66/><D66/><U65/><E65/><V132/><F74/><W41/><G41/><T67/><D67/><U118/><E118/><V61/><F40/><W128/><G128/><T117/><D117/><U35/><E35/><V102/><F132/><W42/><G42/><T19/><D19/><U54/><E105/><V99/><F55/><W108/><G108/><T98/><D98/><AGARI ba="1,3" hai="4,7,20,24,31,43,44,50,80,82,83,91,94,98" machi="98" ten="40,2600,0" yaku="1,1,8,1,53,0" doraHai="68" doraHaiUra="10" who="3" fromWho="0" sc="219,-29,252,0,212,0,287,59" /><INIT seed="2,0,0,0,3,124" ten="190,252,212,346" oya="2" hai0="47,110,36,103,113,30,81,48,90,28,121,123,51" hai1="49,95,128,79,80,73,17,58,3,125,32,46,131" hai2="98,68,18,74,43,65,107,53,115,127,1,39,0" hai3="105,77,64,87,119,19,59,45,63,34,91,31,130"/><V44/><F127/><W88/><G119/><T126/><D36/><U42/><E125/><V50/><F115/><W72/><G105/><T134/><D103/><U135/><E135/><V37/><F74/><W52/><G72/><T101/><D126/><U70/><E70/><V94/><F107/><W106/><G106/><T85/><D113/><U20/><E32/><V120/><F120/><W60/><G31/><T82/><D101/><U10/><E95/><V102/><F18/><W29/><G29/><T133/><D110/><U111/><E111/><V61/><REACH who="2" step="1"/><F37/><REACH who="2" ten="190,252,202,346" step="2"/><W62/><G19/><T66/><D123/><U108/><E108/><V27/><F27/><W93/><G64/><T76/><D121/><U23/><E3/><V12/><F12/><W14/><G14/><T16/><D66/><U116/><E116/><V4/><F4/><W114/><G114/><T84/><D16/><U83/><E10/><V78/><F78/><W96/><G77/><T89/><D76/><U69/><E17/><V33/><F33/><W75/><G34/><T109/><D109/><U92/><E20/><V24/><F24/><W40/><G75/><T99/><REACH who="0" step="1"/><D47/><AGARI ba="0,1" hai="0,1,39,43,44,47,50,53,61,65,68,94,98,102" machi="47" ten="30,2900,0" yaku="1,1,7,1,53,0" doraHai="124" doraHaiUra="129" who="2" fromWho="0" sc="190,-29,252,0,202,39,346,0" /><INIT seed="2,1,0,4,5,123" ten="161,252,241,346" oya="2" hai0="50,81,73,54,129,115,9,86,44,101,24,72,45" hai1="14,117,68,39,116,66,125,41,76,121,88,29,118" hai2="82,90,61,46,1,20,120,6,71,63,42,89,98" hai3="62,106,25,132,70,27,85,134,80,95,64,33,130"/><V91/><F120/><W35/><G106/><T11/><D115/><U43/><E121/><V36/><F71/><W40/><G40/><T102/><D129/><U77/><E29/><V22/><F98/><W94/><G130/><T30/><D72/><U87/><E14/><V75/><F22/><W31/><G27/><T97/><D73/><U100/><E100/><V19/><F20/><W56/><G70/><T55/><D97/><U5/><E5/><V15/><F19/><W133/><REACH who="3" step="1"/><G35/><REACH who="3" ten="161,252,241,336" step="2"/><T32/><D24/><U69/><E69/><V93/><F93/><W111/><G111/><T59/><D32/><U3/><E43/><V60/><F15/><W53/><G53/><T34/><D34/><U52/><E3/><V79/><REACH who="2" step="1"/><F61/><REACH who="2" ten="161,252,231,336" step="2"/><W96/><G96/><T67/><D30/><U48/><E68/><V65/><F65/><W126/><G126/><T26/><D26/><U13/><E66/><V17/><F17/><W4/><G4/><T2/><D67/><U104/><E13/><V122/><F122/><W105/><G105/><T38/><D2/><U84/><E104/><V110/><F110/><W128/><G128/><T37/><D11/><AGARI ba="1,2" hai="1,6,11,36,42,46,60,63,75,79,82,89,90,91" machi="11" ten="40,7700,0" yaku="1,1,25,2,53,0" doraHai="123" doraHaiUra="103" who="2" fromWho="0" sc="161,-80,252,0,231,100,336,0" /><INIT seed="2,2,0,2,1,111" ten="81,252,331,336" oya="2" hai0="28,13,40,8,94,109,118,135,50,38,87,68,20" hai1="125,112,64,114,123,16,35,14,84,83,108,33,26" hai2="98,113,47,36,71,117,130,18,15,89,66,101,57" hai3="74,65,76,91,81,128,45,134,122,115,99,93,63"/><V7/><F117/><W105/><G122/><T96/><D109/><U126/><E108/><V73/><F73/><W119/><G119/><T42/><D135/><U88/><E123/><V59/><F130/><W97/><G128/><T52/><D68/><U19/><E64/><V56/><F113/><W72/><G134/><T107/><D38/><U34/><E26/><V27/><F7/><W55/><G74/><T39/><D39/><U46/><E46/><V103/><F27/><W43/><G55/><T79/><D107/><U85/><E85/><V4/><F4/><W2/><G2/><T29/><D118/><U104/><E104/><V48/><F36/><W92/><G105/><T31/><D20/><U106/><E106/><V67/><F89/><W69/><G115/><T86/><D79/><U60/><E60/><V22/><F71/><W24/><G24/><T9/><D86/><U44/><E44/><V10/><F10/><W132/><G132/><T0/><D87/><U95/><E83/><V58/><N who="2" m="14336" /><DORA hai="6" /><V82/><F82/><W21/><G21/><T90/><D0/><U121/><E121/><V12/><F12/><W120/><G120/><T116/><D116/><U54/><E54/><N who="2" m="29983" /><F98/><W23/><G23/><T127/><D13/><U17/><E14/><V77/><F77/><W100/><G45/><N who="0" m="27727" /><D127/><AGARI ba="2,0" hai="16,17,19,33,34,35,84,88,95,112,114,125,126,127" machi="127" ten="50,8000,1" yaku="18,1,52,2,54,2" doraHai="111,6" who="1" fromWho="0" sc="81,-86,252,86,331,0,336,0" owari="-5,-51.0,338,44.0,331,-7.0,336,14.0" /></mjloggm>