<mjloggm ver="2.3"><GO type="169" lobby="0"/><UN n0="%CE%BC%E3%81%97%E3%82%82%E3%81%A7" n1="%E5%A4%A7%E8%B3%A2%E8%89%AF%E5%B8%AB" n2="%70%69%6E%63%65%72%73" n3="%E6%88%91%E9%81%93" dan="17,16,16,16" rate="2162.09,2059.60,2146.87,2079.21" sx="M,M,M,M"/><TAIKYOKU oya="0"/><INIT seed="0,0,0,3,2,31" ten="250,250,250,250" oya="0" hai0="20,40,109,121,86,43,87,96,133,120,69,89,116" hai1="60,37,76,122,130,132,72,97,74,106,33,92,84" hai2="123,114,53,30,111,127,99,128,104,16,21,110,3" hai3="71,101,90,15,14,91,56,68,98,6,75,52,82"/><T112/><D69/><U8/><E60/><V135/><F3/><W46/><G71/><T54/><D112/><U1/><E8/><V129/><F123/><W124/><G124/><T12/><D116/><U70/><E76/><V18/><F114/><W67/><G68/><T13/><D20/><U81/><E81/><V95/><F104/><W126/><G126/><T42/><D133/><U102/><E84/><V66/><F66/><W55/><G75/><T26/><D26/><U57/><E57/><V24/><F127/><W10/><G15/><N who="0" m="5707" /><D54/><U35/><E92/><V107/><F107/><W32/><G32/><T45/><D45/><U28/><E28/><V22/><F53/><W119/><G119/><T27/><D27/><U7/><E7/><V41/><F41/><W44/><G67/><T78/><D78/><U118/><E97/><V49/><F135/><W79/><G79/><T64/><D64/><U25/><E25/><V4/><F95/><N who="3" m="58591" /><G82/><T50/><D50/><U48/><E48/><V62/><F99/><W85/><G85/><N who="0" m="32267" /><D109/><N who="2" m="41482" /><F49/><N who="3" m="28711" /><G46/><T73/><D73/><U113/><E102/><V38/><F30/><W105/><G105/><T23/><D23/><U125/><E74/><V80/><F80/><W17/><G6/><T134/><D134/><U51/><E51/><AGARI ba="0,0" hai="10,14,17,51,55,56,90,91" m="28711,58591" machi="51" ten="30,2000,0" yaku="8,1,54,1" doraHai="31" who="3" fromWho="1" sc="250,0,250,-20,250,0,250,20" /><INIT seed="1,0,0,0,5,25" ten="250,230,250,270" oya="1" hai0="97,84,112,128,69,113,30,91,132,74,46,48,135" hai1="66,115,32,5,101,120,31,9,64,23,44,14,131" hai2="37,43,100,71,81,63,27,67,47,88,89,68,98" hai3="1,121,59,75,40,18,6,16,116,57,2,83,99"/><U105/><E120/><V3/><F3/><W55/><G121/><T53/><D74/><U119/><E119/><V33/><F68/><W61/><G116/><T0/><D0/><U80/><E115/><V60/><F60/><W29/><G40/><T76/><D69/><U65/><E131/><V35/><F81/><W86/><G75/><T10/><D76/><U87/><E32/><V107/><F33/><W34/><G99/><T96/><D10/><U104/><E101/><V15/><REACH who="2" step="1"/><F15/><REACH who="2" ten="250,230,240,270" step="2"/><W114/><G1/><T21/><D112/><U79/><REACH who="1" step="1"/><E44/><REACH who="1" ten="250,220,240,270" step="2"/><V22/><F22/><W102/><G114/><T124/><D113/><U117/><E117/><V20/><F20/><W108/><G34/><T93/><D128/><U50/><E50/><V62/><F62/><W129/><G129/><T109/><D124/><U52/><E52/><V92/><F92/><W123/><G61/><T77/><D21/><U24/><AGARI ba="0,2" hai="5,9,14,23,24,31,64,65,66,79,80,87,104,105" machi="24" ten="30,6000,0" yaku="1,1,0,1,52,1,53,0" doraHai="25" doraHaiUra="85" who="1" fromWho="1" sc="250,-20,220,80,240,-20,270,-20" /><INIT seed="1,1,0,2,4,115" ten="230,300,220,250" oya="1" hai0="61,40,42,97,7,124,5,64,10,72,131,105,70" hai1="11,90,59,87,46,53,16,129,35,45,1,82,23" hai2="3,103,49,41,52,85,39,100,76,43,57,78,27" hai3="126,6,99,17,65,134,48,30,91,62,92,95,14"/><U128/><E35/><V119/><F3/><W68/><G126/><T31/><D124/><U93/><E1/><V120/><F120/><W37/><G37/><T98/><D131/><N who="1" m="50251" /><E11/><V133/><F133/><W117/><G134/><T83/><D5/><U125/><E82/><V58/><F119/><W54/><G30/><T94/><D105/><U55/><E125/><V36/><F27/><W12/><G6/><T112/><D31/><U63/><E55/><V122/><F122/><W108/><G108/><T32/><D32/><U114/><E114/><V89/><F39/><W113/><G113/><T107/><D107/><U66/><E66/><V33/><F33/><W84/><G17/><T121/><D98/><U34/><E34/><V118/><F118/><W71/><G68/><T127/><D121/><U26/><AGARI ba="1,0" hai="16,23,26,45,46,53,59,63,87,90,93" m="50251" machi="26" ten="30,3000,0" yaku="19,1,54,1" doraHai="115" who="1" fromWho="1" sc="230,-11,300,33,220,-11,250,-11" /><INIT seed="1,2,0,4,5,94" ten="219,333,209,239" oya="1" hai0="53,51,8,1,99,37,21,65,130,110,35,27,12" hai1="49,15,123,11,80,36,122,127,74,135,108,69,73" hai2="77,60,75,42,14,63,3,107,88,71,47,129,20" hai3="32,101,76,58,111,89,67,26,16,40,66,98,87"/><U33/><E49/><V106/><F3/><W91/><G111/><T31/><D37/><U113/><E80/><V9/><F129/><W105/><G40/><T104/><D110/><U86/><E86/><V54/><F20/><W103/><G76/><T4/><D130/><U22/><E22/><V29/><F29/><W24/><G32/><T112/><D65/><U126/><E15/><V121/><F121/><W2/><G2/><T128/><D128/><U48/><E48/><V61/><F71/><W18/><G105/><T46/><D112/><U68/><E11/><V93/><F54/><W57/><REACH who="3" step="1"/><G87/><REACH who="3" ten="219,333,209,229" step="2"/><T100/><D1/><U97/><E108/><V10/><F77/><W79/><G79/><T81/><D35/><U114/><E33/><V38/><F75/><W43/><G43/><T0/><D0/><U83/><E74/><V102/><F107/><W34/><G34/><T70/><D70/><U17/><E73/><V119/><F106/><W59/><G59/><T25/><D104/><U52/><E69/><V90/><F119/><W115/><G115/><T120/><D120/><U124/><E68/><V62/><N who="2" m="15360" /><DORA hai="109" /><V30/><F30/><W125/><G125/><T84/><D31/><U96/><E123/><V7/><REACH who="2" step="1"/><F9/><REACH who="2" ten="219,333,199,229" step="2"/><W134/><G134/><T19/><D8/><U117/><E135/><V132/><F132/><W131/><G131/><T50/><D21/><U28/><E117/><V45/><F45/><W78/><G78/><T41/><D46/><U6/><E122/><V13/><F13/><W39/><G39/><T56/><D12/><U118/><E118/><RYUUKYOKU ba="2,2" sc="219,-15,333,-15,199,15,229,15" hai2="7,10,14,38,42,47,88,90,93,102" hai3="16,18,24,26,57,58,66,67,89,91,98,101,103" /><INIT seed="2,3,2,2,3,31" ten="204,318,214,244" oya="2" hai0="94,82,42,68,50,81,92,27,59,11,73,115,10" hai1="5,76,111,109,74,133,43,96,101,49,93,63,106" hai2="66,24,124,69,116,125,121,34,104,65,1,98,3" hai3="132,128,67,123,7,29,30,95,72,8,39,61,87"/><V18/><F116/><W4/><G72/><T130/><D68/><U102/><E133/><V57/><F121/><W22/><G123/><T117/><D73/><U90/><E5/><N who="3" m="2122" /><G39/><T16/><D115/><U9/><E9/><N who="0" m="3081" /><D130/><U62/><E74/><V86/><F69/><W25/><G128/><T122/><D122/><U134/><E134/><V83/><F1/><W77/><G132/><T14/><D27/><U32/><E76/><N who="2" m="46439" /><F3/><W75/><G75/><T97/><D94/><U126/><E126/><N who="2" m="48747" /><F57/><N who="3" m="37295" /><G8/><N who="0" m="6215" /><D117/><U118/><E118/><V58/><F58/><W78/><G30/><T127/><D127/><U64/><E64/><V23/><F34/><W110/><G110/><N who="1" m="41994" /><E32/><V36/><F36/><W129/><G129/><T112/><D112/><U135/><E135/><V120/><F120/><W51/><G51/><T28/><D28/><U15/><E106/><V33/><F33/><W46/><G46/><N who="0" m="25943" /><D59/><U0/><E0/><V105/><F105/><W56/><G56/><T6/><D6/><U55/><E43/><V89/><F104/><W41/><G41/><T54/><D54/><U12/><E55/><V48/><F48/><W71/><G71/><T99/><D92/><AGARI ba="3,2" hai="18,23,24,65,66,89,92,98" m="48747,46439" machi="92" ten="30,1500,0" yaku="18,1" doraHai="31" who="2" fromWho="0" sc="204,-24,318,0,214,44,244,0" /><INIT seed="2,4,0,4,2,126" ten="180,318,258,244" oya="2" hai0="46,91,115,104,17,66,39,109,53,40,65,37,7" hai1="96,12,88,21,124,79,16,64,132,13,30,50,86" hai2="120,52,24,106,98,92,25,23,82,112,114,47,95" hai3="67,29,108,36,74,119,71,2,10,68,62,135,0"/><V44/><F106/><W57/><G119/><T14/><D104/><U11/><E132/><V89/><F120/><W125/><G135/><T28/><D115/><U80/><E124/><V33/><F33/><W75/><G125/><T103/><D103/><U93/><E64/><V72/><F95/><W32/><G36/><T105/><D105/><U81/><E50/><V8/><F8/><W34/><G57/><T111/><D37/><U128/><E128/><V130/><F24/><N who="3" m="18471" /><G108/><N who="0" m="41547" /><D7/><U51/><E51/><V83/><F72/><N who="3" m="27691" /><G10/><N who="0" m="6359" /><D28/><U41/><E41/><V49/><F130/><W4/><G4/><T101/><D101/><U38/><E38/><V123/><F123/><W113/><G113/><T90/><D53/><U20/><E81/><N who="2" m="30731" /><F114/><W54/><G54/><T129/><D129/><U42/><E42/><V100/><F112/><W133/><G133/><T87/><D91/><U110/><E110/><V58/><F89/><W69/><G34/><T85/><D87/><U26/><REACH who="1" step="1"/><E13/><REACH who="1" ten="180,308,258,244" step="2"/><V97/><F49/><W116/><G116/><T122/><D122/><U107/><E107/><V63/><F47/><W94/><G67/><T131/><D131/><U78/><E78/><V60/><F44/><W134/><G134/><T15/><D15/><U27/><E27/><V1/><F25/><W70/><G94/><AGARI ba="4,1" hai="39,40,46,65,66,85,90,94" m="6359,41547" machi="94" ten="30,1000,0" yaku="14,1" doraHai="126" who="0" fromWho="3" sc="180,32,308,0,258,0,244,-22" /><INIT seed="3,0,0,4,2,58" ten="212,308,258,222" oya="3" hai0="71,86,46,42,39,60,25,43,72,45,64,112,103" hai1="116,68,12,108,37,88,82,104,38,63,49,80,84" hai2="75,27,35,4,30,121,95,113,69,55,76,117,97" hai3="78,79,15,19,118,126,21,85,22,110,31,92,26"/><W83/><G118/><T41/><D72/><U74/><E116/><V54/><F117/><W123/><G123/><T99/><D112/><U47/><E104/><V66/><F113/><W8/><G126/><T111/><D111/><U20/><E108/><V62/><F121/><W10/><G110/><T36/><D86/><U73/><E73/><V133/><F133/><W7/><G79/><T11/><D11/><U93/><E74/><V120/><F120/><W6/><REACH who="3" step="1"/><G92/><REACH who="3" ten="212,308,258,212" step="2"/><T114/><D114/><U56/><E93/><V2/><F76/><W40/><G40/><T109/><D109/><U124/><E124/><V94/><F95/><W23/><G23/><T131/><D131/><U98/><E20/><V105/><F105/><W14/><G14/><T5/><D42/><U96/><E12/><V67/><F94/><W16/><G16/><T128/><D128/><U53/><E98/><V28/><F97/><W61/><G61/><T44/><D5/><AGARI ba="0,1" hai="5,6,7,8,10,15,19,21,22,26,31,78,83,85" machi="5" ten="40,3900,0" yaku="1,1,8,1,53,0" doraHai="58" doraHaiUra="107" who="3" fromWho="0" sc="212,-39,308,0,258,0,212,49" /><INIT seed="3,1,0,5,2,107" ten="173,308,258,261" oya="3" hai0="112,58,126,87,52,35,16,2,8,11,93,32,132" hai1="61,123,124,72,102,62,56,12,115,79,43,70,68" hai2="53,88,10,57,113,45,69,110,84,30,59,67,131" hai3="25,75,38,119,37,134,80,21,28,101,71,26,77"/><W96/><G119/><T4/><D132/><U73/><E115/><V117/><F117/><W116/><G116/><T1/><D126/><U76/><E124/><V130/><F113/><W103/><G134/><T120/><D120/><U64/><E123/><V33/><F110/><W5/><G71/><N who="1" m="27178" /><E102/><V50/><F69/><W106/><G103/><T31/><D112/><U125/><E125/><V122/><F122/><W86/><G5/><T121/><D121/><U24/><E24/><N who="2" m="18631" /><F67/><W48/><G48/><T99/><D87/><U82/><E12/><V81/><F10/><W78/><REACH who="3" step="1"/><G25/><REACH who="3" ten="173,308,258,251" step="2"/><T44/><D1/><U15/><E62/><V118/><F118/><W42/><G42/><T18/><D2/><U51/><E51/><V108/><F108/><W0/><G0/><T7/><D4/><U111/><E43/><V9/><F131/><W135/><G135/><T34/><D7/><U46/><E111/><V13/><F130/><W105/><G105/><T49/><D44/><U29/><E46/><V65/><F65/><W74/><G74/><T39/><D39/><U66/><E66/><V22/><F45/><W17/><G17/><N who="0" m="6763" /><D31/><U19/><E29/><V91/><F57/><W23/><G23/><T97/><D8/><N who="1" m="6631" /><E72/><V27/><F9/><W114/><G114/><T14/><D11/><U104/><E104/><V95/><F13/><W6/><G6/><T54/><D14/><U85/><E73/><V3/><F3/><W98/><G98/><N who="0" m="37387" /><D54/><U40/><E40/><V41/><F41/><W55/><G55/><T128/><D128/><U20/><E20/><V36/><F22/><RYUUKYOKU ba="1,1" sc="173,10,308,10,258,-30,251,10" hai0="32,34,35,49,52,58,93" hai1="56,61,64,76,79,82,85" hai3="21,26,28,37,38,75,77,78,80,86,96,101,106" /><INIT seed="3,2,1,2,3,40" ten="183,318,228,261" oya="3" hai0="38,83,130,41,3,126,76,66,29,43,86,65,53" hai1="74,33,68,0,30,108,129,26,24,75,11,17,92" hai2="7,94,97,25,119,128,77,27,103,54,28,131,39" hai3="8,13,82,5,51,120,110,42,36,88,135,78,105"/><W101/><G120/><T127/><D3/><U22/><E68/><V115/><F115/><W112/><G112/><T21/><D130/><N who="2" m="49706" /><F119/><W2/><G135/><T37/><D29/><U35/><E129/><V45/><F77/><W32/><G32/><T114/><D21/><U23/><E92/><V90/><F7/><W19/><G110/><T6/><D6/><N who="1" m="1479" /><E75/><V73/><F73/><N who="3" m="43343" /><G51/><T106/><D106/><U44/><E44/><V18/><F18/><W117/><G117/><T91/><D114/><U12/><E74/><V79/><F79/><W59/><G59/><T121/><D76/><U14/><E108/><V56/><F28/><W89/><G101/><T10/><D121/><U95/><E95/><N who="2" m="58815" /><F39/><W9/><G105/><T102/><D102/><U50/><E50/><N who="2" m="29007" /><F56/><W80/><G80/><T46/><D37/><U93/><E93/><V47/><F47/><AGARI ba="2,1" hai="2,5,8,9,13,19,36,42,47,88,89" m="43343" machi="47" ten="30,5800,0" yaku="25,1,52,1,54,1" doraHai="40" who="3" fromWho="2" sc="183,0,318,0,228,-64,261,74" /><INIT seed="3,3,0,3,4,118" ten="183,318,164,335" oya="3" hai0="50,38,109,97,100,0,30,15,12,134,51,82,39" hai1="42,74,57,110,20,135,73,93,44,32,52,68,21" hai2="101,1,26,63,124,128,66,76,37,79,55,99,48" hai3="132,105,125,131,10,54,40,86,122,69,116,47,96"/><W5/><G116/><T130/><D0/><U62/><E32/><V28/><F37/><W127/><G69/><T117/><D117/><U58/><E68/><V49/><F1/><W89/><G132/><T87/><D134/><U3/><E3/><V11/><F11/><W7/><G54/><T59/><D30/><U71/><E71/><V24/><F128/><W33/><G33/><T113/><D130/><U81/><E135/><V4/><F4/><W2/><G131/><T106/><D113/><U9/><E110/><V123/><F124/><N who="3" m="47691" /><G5/><T88/><D109/><U29/><E29/><V43/><F43/><W90/><G86/><T61/><D38/><U67/><E9/><V94/><F123/><W78/><G78/><T65/><D39/><U121/><E121/><V107/><F24/><W46/><G122/><T60/><D61/><U114/><E114/><V111/><F111/><W45/><G40/><T84/><D50/><U103/><E81/><V25/><F25/><W70/><G70/><T8/><D8/><U112/><E112/><V120/><F49/><W80/><G80/><T95/><REACH who="0" step="1"/><D51/><REACH who="0" ten="173,318,164,335" step="2"/><U115/><E115/><V19/><F120/><W126/><G126/><T14/><D14/><U13/><E13/><V64/><F63/><W22/><G22/><T72/><D72/><U133/><E133/><V102/><F48/><W31/><G31/><T18/><D18/><U23/><E74/><V27/><F19/><W53/><G53/><T16/><D16/><U104/><E73/><V98/><F55/><W92/><G105/><T41/><D41/><U83/><E104/><RYUUKYOKU ba="3,1" sc="173,15,318,-15,164,-15,335,15" hai0="12,15,59,60,65,82,84,87,88,95,97,100,106" hai3="2,7,10,45,46,47,89,90,92,96" /><INIT seed="3,4,1,3,5,75" ten="188,303,149,350" oya="3" hai0="63,64,90,23,135,84,70,121,106,130,85,28,45" hai1="116,87,104,117,52,120,53,81,54,47,12,9,31" hai2="34,122,66,82,88,92,89,58,44,0,132,72,111" hai3="67,95,68,14,13,10,39,62,119,134,74,49,78"/><W113/><G119/><N who="1" m="45642" /><E104/><V94/><F0/><W73/><G113/><T36/><D121/><U98/><E98/><V35/><F122/><W41/><G134/><T125/><D106/><U11/><E31/><V127/><F127/><W91/><G14/><T57/><D135/><U65/><E65/><V20/><F132/><W3/><G39/><T5/><D125/><U25/><E25/><V107/><F107/><W15/><G15/><T48/><D130/><U114/><E114/><V4/><F111/><W43/><G3/><T76/><D36/><U7/><E11/><V77/><F4/><W6/><G49/><T101/><D101/><U124/><E124/><V59/><F44/><W80/><REACH who="3" step="1"/><G73/><REACH who="3" ten="188,303,149,340" step="2"/><T97/><D5/><U118/><N who="1" m="45650" /><U55/><DORA hai="86" /><E120/><V46/><F72/><W131/><G131/><T103/><D70/><U37/><E37/><V26/><F46/><W115/><G115/><T69/><D69/><U18/><E47/><V102/><F58/><W22/><G22/><T96/><D23/><U100/><N who="1" m="13824" /><DORA hai="32" /><U21/><E100/><V105/><F102/><W61/><G61/><T79/><D103/><U42/><E42/><V109/><F20/><W83/><G83/><T38/><D38/><U108/><E108/><V24/><F109/><W99/><AGARI ba="4,2" hai="6,10,13,41,43,62,67,68,74,78,80,91,95,99" machi="99" ten="20,12000,1" yaku="1,1,0,1,7,1,52,2,53,0" doraHai="75,86,32" doraHaiUra="16,129,29" who="3" fromWho="3" sc="188,-44,303,-44,149,-44,340,152" /><INIT seed="3,5,0,4,0,101" ten="144,259,105,492" oya="3" hai0="112,107,10,108,5,127,116,87,27,75,110,95,105" hai1="77,74,84,57,69,11,13,39,48,118,14,59,129" hai2="92,34,72,17,111,58,124,26,93,3,97,117,67" hai3="42,50,16,53,45,98,54,22,55,4,7,33,24"/><W37/><G33/><T41/><D116/><U83/><E69/><V103/><F111/><N who="0" m="42538" /><D112/><U102/><E39/><V128/><F128/><W135/><G135/><T36/><D75/><U82/><E118/><V109/><F109/><W21/><G37/><T18/><D127/><U12/><E129/><V78/><F117/><W31/><REACH who="3" step="1"/><G98/><REACH who="3" ten="144,259,105,482" step="2"/><T52/><D36/><U121/><E121/><V113/><F113/><W126/><G126/><T104/><D41/><U43/><E43/><V73/><F124/><W130/><G130/><T134/><D134/><U132/><E132/><V68/><F34/><W28/><G28/><T71/><D71/><U89/><E102/><V100/><F68/><W25/><AGARI ba="5,1" hai="4,7,16,21,22,24,25,31,42,45,50,53,54,55" machi="25" ten="30,11700,0" yaku="1,1,0,1,8,1,54,1,53,0" doraHai="101" doraHaiUra="120" who="3" fromWho="3" sc="144,-44,259,-44,105,-44,482,142" /><INIT seed="3,6,0,4,4,58" ten="100,215,61,624" oya="3" hai0="61,64,12,25,105,102,41,94,85,34,120,11,21" hai1="90,114,63,14,91,67,87,133,76,37,131,86,77" hai2="62,69,75,132,47,80,15,38,52,98,111,66,48" hai3="71,100,33,35,45,65,36,135,8,56,3,60,68"/><W128/><G128/><T115/><D120/><U0/><E0/><V40/><F111/><W129/><G129/><T24/><D115/><U74/><E131/><V30/><F132/><W57/><G135/><T44/><D105/><U53/><E133/><V121/><F121/><W106/><G57/><T110/><D34/><N who="3" m="12809" /><G56/><N who="0" m="36903" /><D110/><U93/><E114/><V16/><F98/><N who="3" m="61719" /><G45/><T26/><D44/><U43/><E74/><V2/><F30/><W32/><N who="3" m="12817" /><W22/><DORA hai="23" /><G22/><T9/><D41/><U104/><E104/><V119/><F2/><W5/><G71/><T123/><D123/><U83/><E37/><AGARI ba="6,0" hai="3,5,8,36,37,60,65,68" m="61719,12817" machi="37" ten="40,7700,0" yaku="33,2,52,1" doraHai="58,23" who="3" fromWho="1" sc="100,0,215,-95,61,0,624,95" /><INIT seed="3,7,0,4,1,109" ten="100,120,61,719" oya="3" hai0="53,51,122,30,77,36,41,73,50,68,110,118,52" hai1="63,34,55,125,0,96,133,20,32,75,15,89,128" hai2="95,121,105,104,87,44,119,2,16,76,132,124,100" hai3="12,19,114,17,107,46,5,40,38,101,48,102,65"/><W43/><G114/><T82/><D122/><U33/><E0/><V18/><F119/><W127/><G127/><T23/><D118/><U61/><E75/><V4/><F124/><W21/><G107/><T74/><D68/><U88/><E125/><V97/><F121/><W22/><G5/><T6/><D6/><U108/><E108/><V27/><F132/><W37/><G65/><T25/><D110/><U81/><E133/><V70/><F70/><W112/><G112/><T129/><D129/><U103/><E128/><V80/><F44/><W31/><G31/><T131/><D131/><U79/><E15/><V49/><F49/><W92/><G92/><T58/><D36/><U85/><E20/><V35/><F35/><W86/><G86/><T14/><D14/><U123/><E123/><V120/><F120/><W134/><G134/><T64/><D64/><U98/><E98/><V71/><F71/><W54/><G43/><T91/><D91/><U29/><E29/><V113/><F113/><W45/><REACH who="3" step="1"/><G37/><REACH who="3" ten="100,120,61,709" step="2"/><T94/><D94/><U57/><REACH who="1" step="1"/><E63/><REACH who="1" ten="100,110,61,709" step="2"/><V116/><F116/><W56/><G56/><T10/><D73/><U90/><E90/><V99/><F105/><AGARI ba="7,2" hai="32,33,34,55,57,61,79,81,85,88,89,96,103,105" machi="105" ten="40,2600,0" yaku="1,1,54,1,53,0" doraHai="109" doraHaiUra="42" who="1" fromWho="2" sc="100,0,110,67,61,-47,709,0" /><INIT seed="4,0,0,4,3,44" ten="100,177,14,709" oya="0" hai0="68,92,87,29,23,58,85,102,75,96,50,83,73" hai1="134,9,84,53,37,34,86,100,107,18,61,90,89" hai2="1,71,56,131,28,128,78,12,39,47,10,62,17" hai3="25,66,101,118,27,103,77,126,55,99,124,88,46"/><T111/><D68/><U74/><E74/><V95/><F71/><W120/><G118/><T64/><D111/><U65/><E37/><V104/><F104/><W19/><G120/><T8/><D8/><U45/><E34/><V82/><F1/><W20/><G66/><T70/><D70/><U2/><E134/><V4/><F28/><W72/><G77/><T80/><D73/><U51/><E107/><V121/><F121/><W41/><G72/><T35/><D35/><U97/><E100/><V67/><F4/><W98/><G55/><N who="0" m="32119" /><D75/><U76/><E2/><V135/><F135/><W60/><G60/><T24/><D64/><U110/><E110/><V40/><REACH who="2" step="1"/><F95/><REACH who="2" ten="100,177,4,709" step="2"/><W36/><G126/><T133/><D133/><U43/><E18/><V113/><F113/><W57/><G124/><T94/><D92/><U0/><E0/><V109/><F109/><W21/><G19/><T30/><D29/><U13/><E9/><V132/><F132/><W114/><G114/><T6/><D6/><U125/><E125/><V16/><F16/><W130/><G130/><T15/><D15/><U122/><E122/><V112/><F112/><W26/><G20/><T22/><D23/><U63/><E13/><V127/><F127/><W81/><G21/><T116/><D116/><U119/><E119/><V33/><F33/><W108/><G108/><T59/><D22/><U93/><E93/><V79/><F79/><W38/><G25/><T5/><D5/><U52/><E76/><V117/><F117/><W3/><G26/><T91/><D24/><U11/><E11/><V48/><F48/><RYUUKYOKU ba="0,1" sc="100,-10,177,-10,4,30,709,-10" hai2="10,12,17,39,40,47,56,62,67,78,82,128,131" /><INIT seed="5,1,1,3,0,127" ten="90,167,34,699" oya="1" hai0="49,128,0,31,48,74,93,95,121,125,66,21,27" hai1="39,130,14,8,133,23,62,15,86,96,123,7,70" hai2="28,92,5,22,131,46,13,98,24,25,72,43,20" hai3="57,47,32,87,35,134,120,108,102,2,84,63,64"/><U111/><E123/><V60/><F72/><W119/><G108/><T129/><D0/><U45/><E111/><V30/><F60/><W40/><G2/><T132/><D74/><U110/><E110/><V126/><F126/><W71/><G120/><T36/><D36/><U79/><E133/><V65/><F65/><W52/><G134/><T97/><D125/><U100/><E70/><V17/><F5/><W77/><G119/><T51/><D121/><U18/><E62/><V59/><F59/><W78/><G102/><T99/><D66/><U55/><E39/><V19/><F13/><W112/><G112/><T105/><D105/><U103/><E45/><V107/><F107/><W104/><G104/><T101/><REACH who="0" step="1"/><D132/><REACH who="0" ten="80,167,34,699" step="2"/><U1/><E1/><V118/><F118/><W89/><G32/><T16/><D16/><U115/><E115/><V69/><F69/><W54/><G54/><T67/><D67/><U29/><E55/><V3/><F3/><W41/><G35/><T122/><D122/><U135/><E135/><V85/><F131/><W11/><G40/><T34/><D34/><U83/><E130/><V56/><F17/><W109/><G109/><T10/><D10/><U90/><E29/><V12/><F28/><W4/><G71/><T50/><N who="0" m="12288" /><DORA hai="58" /><T73/><D73/><U124/><E124/><V6/><F43/><W82/><G64/><T9/><D9/><U44/><E44/><V68/><F46/><W80/><G11/><T117/><D117/><U76/><E103/><AGARI ba="1,2" hai="21,27,31,93,95,97,99,101,103,128,129" m="12288" machi="103" ten="50,8000,1" yaku="1,1,9,1,52,2,53,0" doraHai="127,58" doraHaiUra="37,75" who="0" fromWho="1" sc="80,103,167,-83,34,0,699,0" /><INIT seed="6,0,0,5,1,53" ten="183,84,34,699" oya="2" hai0="125,128,121,8,29,112,108,1,76,131,30,28,26" hai1="100,16,38,36,37,82,114,11,106,19,52,104,111" hai2="42,79,124,120,88,87,69,83,5,116,99,130,67" hai3="127,95,70,62,110,73,134,77,43,65,97,90,118"/><V91/><F116/><W60/><G110/><T84/><D108/><U92/><E111/><V48/><F120/><W132/><G118/><T68/><D68/><U59/><E114/><V34/><F34/><W98/><G127/><T117/><D112/><U20/><E82/><V86/><F124/><W21/><G43/><T93/><D117/><U18/><E11/><V122/><F122/><W41/><G41/><T113/><D113/><U2/><E2/><V89/><F130/><N who="0" m="49706" /><D121/><U57/><E20/><V22/><F5/><W17/><G77/><T32/><D125/><U35/><E35/><V78/><F22/><W31/><G73/><T46/><D46/><U129/><E129/><V101/><F67/><W23/><G62/><T39/><D39/><U64/><E64/><V14/><F14/><W74/><G98/><T135/><D135/><N who="3" m="51753" /><G31/><T44/><D44/><U94/><E100/><V27/><F27/><N who="3" m="14767" /><G74/><T61/><D61/><U75/><E75/><V115/><F69/><W13/><G23/><T56/><D76/><N who="2" m="29226" /><F115/><W55/><G13/><T71/><D71/><U85/><E85/><N who="2" m="50239" /><F48/><W45/><G70/><T25/><D32/><U102/><E102/><V7/><F42/><W107/><G107/><N who="1" m="41002" /><E52/><V24/><F24/><W9/><G65/><T105/><D105/><U126/><E126/><V123/><F123/><W119/><G119/><T58/><D25/><U50/><E50/><V12/><F101/><W81/><G55/><T49/><D49/><U4/><E4/><V6/><F99/><W133/><G133/><T51/><D51/><U33/><E33/><V47/><F7/><RYUUKYOKU ba="0,0" sc="183,-10,84,30,34,-10,699,-10" hai1="16,18,19,36,37,38,57,59,92,94" /><INIT seed="7,1,0,3,5,47" ten="173,114,24,689" oya="3" hai0="93,72,55,115,79,42,24,77,31,51,73,107,11" hai1="25,26,125,117,131,49,94,41,89,0,54,30,50" hai2="65,95,21,45,109,39,62,78,56,91,128,64,85" hai3="112,1,103,60,70,37,48,82,69,19,86,12,7"/><W28/><G37/><T57/><D107/><U126/><E117/><V66/><F109/><W40/><G112/><T32/><D115/><U4/><E131/><V100/><F128/><W34/><G103/><T6/><D42/><U81/><E81/><V71/><F100/><W63/><G7/><T20/><D32/><U17/><E41/><V108/><F108/><W105/><G105/><T102/><D72/><U132/><E132/><V35/><F35/><W52/><G1/><T38/><D38/><U118/><E118/><V43/><F78/><W59/><G40/><T127/><D73/><U44/><E4/><V133/><F133/><W104/><G104/><T8/><D127/><N who="1" m="48651" /><E0/><V58/><F58/><W9/><G28/><T129/><D129/><U122/><E122/><V75/><F75/><W22/><G34/><T98/><D8/><U124/><N who="1" m="48659" /><U134/><DORA hai="3" /><E134/><V5/><F21/><W2/><G2/><AGARI ba="1,0" hai="2,6,11,20,24,31,51,55,57,77,79,93,98,102" machi="2" ten="30,3900,0" yaku="7,1,52,2" doraHai="47,3" who="0" fromWho="3" sc="173,42,114,0,24,0,689,-42" owari="215,2.0,114,-29.0,24,-48.0,647,75.0" /></mjloggm>