<mjloggm ver="2.3"><GO type="185" lobby="0"/><UN n0="%6A%68%6B%6C%3B%2E%3A%2F" n1="%E3%81%BE%E3%81%A3%E3%81%97%E3%83%BC" n2="%E3%81%B5%E3%81%96%E3%81%91%E3%82%8B%E3%83%9F%EF%BC%81" n3="" dan="16,17,17,0" rate="2143.31,2254.85,2220.57,1500.00" sx="F,F,M,C"/><TAIKYOKU oya="0"/><INIT seed="0,0,0,5,1,125" ten="350,350,350,0" oya="0" hai0="103,58,57,94,93,47,63,132,117,50,1,41,89" hai1="96,126,60,119,56,104,46,48,75,91,134,122,87" hai2="65,130,82,33,131,67,80,42,127,84,81,110,116" hai3=""/><T49/><D1/><U76/><N who="1" m="31264" /><U72/><E119/><V121/><N who="2" m="31008" /><V59/><F33/><T32/><D32/><U71/><E126/><V70/><F127/><T79/><D117/><U35/><E35/><V51/><F116/><T85/><D132/><U74/><E134/><V88/><F110/><T53/><D79/><U100/><E71/><V38/><F38/><T135/><D135/><U86/><E76/><V133/><F133/><T112/><D112/><U43/><REACH who="1" step="1"/><E91/><REACH who="1" ten="350,340,350,0" step="2"/><V113/><F113/><T98/><REACH who="0" step="1"/><D58/><REACH who="0" ten="340,340,350,0" step="2"/><U114/><E114/><V124/><F124/><T52/><D52/><AGARI ba="0,2" hai="43,46,48,52,56,60,72,74,75,86,87,96,100,104" m="31264" machi="52" ten="40,8000,1" yaku="1,1,52,1,54,1,53,1" doraHai="125" doraHaiUra="101" who="1" fromWho="0" sc="340,-80,340,100,350,0,0,0" /><INIT seed="1,0,0,4,0,93" ten="260,440,350,0" oya="1" hai0="63,109,40,105,55,57,115,34,90,2,36,53,35" hai1="83,32,135,95,96,60,82,64,86,131,59,70,76" hai2="72,46,44,0,116,126,62,102,88,79,99,67,41" hai3=""/><U94/><E32/><V134/><F116/><T52/><D2/><U45/><E131/><V110/><F0/><T38/><D105/><U111/><E135/><V133/><F126/><T127/><D115/><U117/><E117/><V124/><F124/><T3/><D3/><U58/><E111/><V119/><F119/><T69/><D127/><U120/><N who="1" m="30752" /><U98/><E45/><V56/><F110/><T129/><D129/><U33/><E33/><V75/><F88/><T100/><D109/><U77/><E95/><V54/><F67/><T118/><D118/><U65/><E65/><V61/><F61/><T128/><D128/><U78/><E78/><V37/><F46/><T74/><D74/><U122/><N who="1" m="31264" /><U51/><E51/><V104/><F79/><T47/><D69/><U132/><E132/><AGARI ba="0,0" hai="37,41,44,54,56,62,72,75,99,102,104,132,133,134" machi="132" ten="40,2600,0" yaku="20,1,52,1" doraHai="93" who="2" fromWho="1" sc="260,0,440,-26,350,26,0,0" /><INIT seed="2,0,0,1,1,59" ten="260,414,376,0" oya="2" hai0="113,58,56,109,3,92,96,128,57,106,124,45,33" hai1="71,131,132,53,100,90,86,67,2,120,73,130,0" hai2="42,93,82,61,40,98,38,68,75,77,49,74,88" hai3=""/><V108/><F38/><T35/><D3/><U48/><N who="1" m="30752" /><U97/><E73/><V36/><F36/><T94/><D113/><U37/><E37/><V43/><F108/><T101/><D109/><U64/><E132/><V69/><F74/><T65/><D124/><U119/><E119/><V66/><REACH who="2" step="1"/><F69/><REACH who="2" ten="260,414,366,0" step="2"/><T134/><D134/><U116/><E116/><V46/><AGARI ba="0,1" hai="40,42,43,46,49,61,66,68,75,77,82,88,93,98" machi="46" ten="30,8000,1" yaku="1,1,2,1,0,1,52,1,54,1,53,0" doraHai="59" doraHaiUra="126" who="2" fromWho="2" sc="260,-40,414,-40,366,90,0,0" /><INIT seed="2,1,0,3,0,102" ten="220,374,456,0" oya="2" hai0="52,62,73,44,96,125,109,124,56,68,117,119,99" hai1="60,58,48,77,92,41,95,54,71,129,35,97,82" hai2="81,50,59,55,105,110,115,67,64,57,91,106,134" hai3=""/><V132/><F115/><T83/><D109/><U46/><E35/><V45/><F110/><T51/><D73/><U76/><E129/><V3/><F3/><T36/><D83/><U79/><E71/><V127/><F127/><N who="0" m="48714" /><D99/><U122/><N who="1" m="31264" /><U32/><E32/><V38/><F67/><T65/><D96/><U63/><E95/><V103/><F103/><T49/><D36/><U123/><N who="1" m="31520" /><U72/><REACH who="1" step="1"/><E63/><REACH who="1" ten="220,364,456,0" step="2"/><V131/><F131/><T66/><D66/><U43/><E43/><AGARI ba="1,1" hai="43,44,49,51,52,56,62,65,68,117,119" m="48714" machi="43" ten="30,7700,0" yaku="18,1,34,2,54,1" doraHai="102" who="0" fromWho="1" sc="220,89,364,-79,456,0,0,0" /><INIT seed="4,0,0,3,3,85" ten="309,285,456,0" oya="0" hai0="128,130,68,60,93,97,50,91,77,109,38,51,88" hai1="120,32,104,115,2,125,61,41,57,116,55,78,65" hai2="131,48,67,54,3,1,47,70,52,112,43,92,100" hai3=""/><T34/><D34/><U71/><N who="1" m="30752" /><U49/><E2/><V89/><F112/><T133/><D133/><U62/><E104/><V36/><F100/><T72/><D109/><U79/><E32/><V80/><F80/><T66/><D38/><U105/><E116/><V46/><F131/><N who="0" m="50218" /><D72/><U86/><E105/><V82/><F82/><T134/><D134/><U106/><E106/><V113/><F113/><T99/><D77/><U64/><E115/><V56/><F67/><T114/><D114/><U75/><E75/><V107/><F70/><T123/><N who="0" m="31520" /><T0/><D0/><U45/><E125/><V87/><F107/><T135/><D135/><U132/><E132/><V81/><F81/><T118/><D118/><U74/><E74/><V83/><F83/><T90/><D97/><U117/><E117/><V101/><F101/><AGARI ba="0,0" hai="50,51,60,66,68,88,90,91,93,99,101" m="31520,50218" machi="101" ten="30,18000,2" yaku="19,1,52,4,54,1" doraHai="85" who="0" fromWho="2" sc="309,180,285,0,456,-180,0,0" /><INIT seed="4,1,0,2,3,134" ten="489,285,276,0" oya="0" hai0="52,54,99,89,51,93,38,128,53,3,40,105,113" hai1="114,35,46,87,65,56,57,59,110,69,82,36,97" hai2="119,94,92,104,135,107,127,44,100,98,74,86,109" hai3=""/><T120/><N who="0" m="30752" /><T71/><D3/><U118/><E35/><V116/><F44/><T115/><D128/><U61/><E110/><V101/><F109/><T68/><D105/><N who="2" m="40522" /><F74/><T67/><D67/><U2/><E2/><V124/><F135/><T112/><D38/><U103/><E118/><N who="2" m="45099" /><F86/><T50/><D40/><U73/><E73/><V43/><F43/><T33/><D33/><U108/><E108/><V123/><N who="2" m="31520" /><V85/><F85/><T125/><D125/><N who="2" m="48202" /><F98/><T117/><D117/><U37/><E46/><V32/><F32/><T70/><AGARI ba="1,0" hai="50,51,52,53,54,68,70,71,89,93,99,112,113,115" m="30752" machi="70" ten="50,12000,2" yaku="0,1,29,2,15,1,52,1,54,1" doraHai="134" who="0" fromWho="0" sc="489,122,285,-61,276,-61,0,0" /><INIT seed="4,2,0,5,5,92" ten="611,224,215,0" oya="0" hai0="63,127,72,35,100,132,110,69,114,55,101,73,38" hai1="66,116,106,86,57,80,41,135,118,52,133,103,90" hai2="126,96,51,113,84,42,32,76,95,54,71,43,123" hai3=""/><T81/><D81/><U67/><E41/><V98/><N who="2" m="31520" /><V93/><F32/><T50/><D35/><U88/><E90/><V105/><F71/><T97/><D38/><U107/><E66/><V44/><F113/><T125/><D114/><U36/><E67/><V117/><F105/><T128/><D128/><U2/><E36/><V64/><F64/><T94/><D110/><U59/><E59/><V120/><N who="2" m="30752" /><V111/><F117/><T131/><D131/><U33/><E33/><V70/><F70/><T115/><D115/><U102/><E2/><V0/><F0/><T62/><D132/><N who="1" m="50763" /><E106/><V130/><F111/><T124/><D69/><U53/><E53/><V83/><F130/><T121/><N who="0" m="31008" /><T99/><D50/><U129/><E129/><V78/><F78/><T65/><D65/><U68/><E68/><V79/><F79/><T77/><D77/><U58/><E58/><V39/><F39/><T3/><D55/><U122/><N who="1" m="31264" /><U48/><E107/><V1/><F1/><T45/><D45/><U104/><E104/><V74/><F54/><T109/><D109/><U134/><N who="1" m="50771" /><U46/><DORA hai="87" /><E46/><V34/><F34/><T37/><D37/><U108/><E108/><V82/><F44/><RYUUKYOKU ba="2,0" sc="611,-10,224,20,215,-10,0,0" hai1="48,52,57,80,86,88,102,103,116,118" /><INIT seed="5,3,0,3,2,132" ten="601,244,205,0" oya="1" hai0="2,115,85,124,51,74,82,52,56,39,102,97,96" hai1="114,120,107,54,72,32,76,84,92,43,38,41,99" hai2="126,3,80,113,106,44,87,61,68,75,93,117,104" hai3=""/><U46/><N who="1" m="30752" /><U116/><E116/><V33/><F3/><T103/><D2/><U95/><E32/><V89/><F33/><T70/><D70/><U37/><E72/><V130/><F117/><T129/><D39/><U119/><E119/><V101/><F130/><T81/><D115/><U57/><E114/><V73/><F113/><T79/><D129/><U60/><E107/><V55/><F73/><T90/><D124/><U59/><E95/><V105/><F126/><T35/><D35/><U121/><N who="1" m="31008" /><U88/><E59/><V53/><F44/><T66/><D66/><U108/><E108/><V131/><F131/><T98/><AGARI ba="3,0" hai="51,52,56,74,79,81,82,85,90,96,97,98,102,103" machi="98" ten="30,1500,0" yaku="0,1,54,1" doraHai="132" who="0" fromWho="0" sc="601,21,244,-13,205,-8,0,0" /><INIT seed="6,0,0,5,3,97" ten="622,231,197,0" oya="2" hai0="112,48,91,54,73,35,69,74,52,119,120,36,125" hai1="129,2,105,111,133,116,1,94,78,80,53,70,65" hai2="33,100,55,81,102,115,72,93,124,104,45,123,77" hai3=""/><V82/><N who="2" m="31520" /><V86/><F33/><T103/><N who="0" m="30752" /><T61/><D35/><U51/><E111/><V89/><F115/><T121/><N who="0" m="31008" /><T39/><D119/><U63/><E105/><V107/><F55/><T132/><D112/><U62/><E116/><V37/><F124/><T96/><D132/><U50/><E133/><V128/><F128/><T126/><D91/><U84/><E129/><V87/><F45/><T57/><D69/><U127/><E127/><N who="0" m="48649" /><D54/><U79/><E53/><V3/><F37/><N who="0" m="14410" /><D48/><U0/><E50/><V71/><F3/><T110/><D110/><U99/><E51/><V59/><F59/><T46/><D46/><U90/><E62/><V134/><F71/><T118/><D118/><U108/><E108/><V40/><F40/><T64/><D64/><U85/><E0/><V131/><F134/><T114/><D114/><U101/><E90/><V75/><F131/><T130/><D130/><U32/><E32/><V68/><F68/><T34/><D34/><U66/><E66/><V58/><F58/><T43/><D43/><U76/><E1/><V109/><F109/><T122/><N who="0" m="31264" /><T60/><D60/><U47/><E47/><V42/><F42/><T67/><D67/><U135/><E135/><RYUUKYOKU ba="0,0" sc="622,20,231,-10,197,-10,0,0" hai0="52,57,61,73,74,96,103" owari="642,59.0,221,-18.0,187,-41.0,0,0.0" /></mjloggm>