<mjloggm ver="2.3"><GO type="185" lobby="0"/><UN n0="%28%C2%B4%E3%81%B8%CE%B5%E3%81%B8%60%29" n1="%E7%81%AB%E6%98%9F%E3%81%AE%E7%8A%AC" n2="%79%61%6E%62%61%72%75%2D" n3="" dan="20,16,17,0" rate="2408.12,2197.00,2230.85,1500.00" sx="M,M,M,C"/><TAIKYOKU oya="0"/><INIT seed="0,0,0,1,0,60" ten="350,350,350,0" oya="0" hai0="93,112,85,122,131,51,106,59,97,44,90,34,83" hai1="58,111,133,65,115,62,72,78,46,132,64,134,130" hai2="33,113,42,75,104,91,125,81,52,124,94,101,49" hai3=""/><T88/><N who="0" m="31264" /><T118/><D118/><U76/><E111/><V70/><F33/><T92/><D34/><U56/><E130/><V74/><F113/><T80/><D112/><U95/><E115/><V41/><F70/><T110/><D131/><U116/><E116/><V69/><F69/><T66/><D110/><U127/><E127/><N who="2" m="48715" /><F101/><T3/><D3/><U73/><E46/><V2/><F104/><T79/><D106/><U35/><E95/><V119/><F2/><T0/><D0/><U84/><E35/><V61/><F61/><T99/><D59/><U45/><E45/><V1/><F1/><T50/><D66/><N who="1" m="25707" /><E62/><V135/><F119/><T37/><D80/><U57/><E84/><V102/><F81/><T40/><AGARI ba="0,0" hai="37,40,44,50,51,79,83,85,88,90,92,93,97,99" m="31264" machi="40" ten="30,7800,0" yaku="0,1,9,1,52,1,54,1" doraHai="60" who="0" fromWho="0" sc="350,78,350,-39,350,-39,0,0" /><INIT seed="0,1,0,3,4,71" ten="428,311,311,0" oya="0" hai0="3,135,40,106,116,87,75,132,80,112,83,102,124" hai1="82,100,57,117,46,70,56,107,92,35,64,60,130" hai2="108,85,115,122,128,69,41,53,51,123,34,76,125" hai3=""/><T95/><D3/><U73/><E35/><V47/><N who="2" m="31264" /><V94/><N who="2" m="31520" /><V37/><F34/><T119/><D40/><U55/><E117/><N who="0" m="45129" /><D112/><U54/><E130/><V78/><F115/><T43/><D43/><U62/><E107/><V97/><F128/><T36/><D36/><U45/><E73/><V0/><F0/><T127/><D106/><U74/><E74/><V110/><F69/><T86/><D75/><U61/><E82/><N who="0" m="31273" /><D102/><U89/><REACH who="1" step="1"/><E100/><REACH who="1" ten="428,301,311,0" step="2"/><V67/><F110/><T96/><D96/><AGARI ba="1,1" hai="45,46,54,55,56,57,60,61,62,64,70,89,92,96" machi="96" ten="30,8000,1" yaku="1,1,2,1,7,1,9,1,53,1" doraHai="71" doraHaiUra="93" who="1" fromWho="0" sc="428,-82,301,92,311,0,0,0" /><INIT seed="1,0,0,4,3,115" ten="346,393,311,0" oya="1" hai0="97,73,129,63,79,125,52,71,87,67,103,124,78" hai1="90,55,82,57,32,46,65,38,49,88,133,114,83" hai2="130,128,47,113,117,98,72,43,35,66,60,54,110" hai3=""/><U2/><E114/><V85/><F113/><T92/><D73/><U102/><E2/><V74/><F35/><T91/><D129/><N who="2" m="49770" /><F110/><T96/><D96/><U1/><E1/><V134/><F134/><T86/><D86/><U61/><E32/><V51/><F85/><T0/><D0/><U48/><E133/><V122/><N who="2" m="31264" /><V108/><F108/><T59/><D124/><U36/><E102/><V37/><F98/><T99/><D99/><U81/><REACH who="1" step="1"/><E49/><REACH who="1" ten="346,383,311,0" step="2"/><V104/><F104/><T118/><D125/><U126/><E126/><V64/><F51/><T40/><D103/><U107/><E107/><V95/><F37/><AGARI ba="0,1" hai="36,37,38,46,48,55,57,61,65,81,82,83,88,90" machi="37" ten="40,3900,0" yaku="1,1,54,1,53,0" doraHai="115" doraHaiUra="94" who="1" fromWho="2" sc="346,0,383,49,311,-39,0,0" /><INIT seed="1,1,0,2,1,77" ten="346,432,272,0" oya="1" hai0="50,55,90,1,122,76,65,72,43,103,33,107,127" hai1="79,37,105,38,78,99,2,85,132,121,126,130,104" hai2="110,49,117,96,71,92,131,64,40,91,74,102,70" hai3=""/><U114/><N who="1" m="31008" /><U123/><N who="1" m="31520" /><U129/><E2/><V35/><F117/><T88/><N who="0" m="31264" /><T36/><D1/><U108/><E114/><V124/><F35/><T100/><D33/><U116/><E116/><V135/><F131/><N who="1" m="50185" /><E132/><V42/><F135/><T46/><D127/><U54/><E126/><V111/><F124/><T58/><D65/><U3/><E3/><V112/><F74/><T41/><D41/><U56/><E108/><N who="2" m="41515" /><F112/><T66/><D66/><U0/><E0/><V68/><F64/><T106/><D106/><N who="1" m="41067" /><E99/><V81/><F49/><T48/><D48/><U86/><E78/><V94/><F81/><T52/><D76/><U128/><E128/><V120/><N who="2" m="30752" /><V113/><F113/><T47/><D107/><U61/><E79/><V59/><F59/><T95/><D58/><U98/><E98/><AGARI ba="1,0" hai="40,42,68,70,71,91,92,94,96,98,102" m="30752,41515" machi="98" ten="40,2600,0" yaku="14,1,52,1" doraHai="77" who="2" fromWho="1" sc="346,0,432,-28,272,28,0,0" /><INIT seed="2,0,0,2,0,0" ten="346,404,300,0" oya="2" hai0="51,2,76,89,87,73,60,62,114,108,33,69,102" hai1="122,85,120,53,68,92,117,129,116,95,107,111,135" hai2="78,40,86,63,128,124,64,74,109,119,112,88,42" hai3=""/><V66/><F112/><T104/><D2/><U82/><N who="1" m="30752" /><U91/><N who="1" m="31264" /><U83/><E111/><V99/><F119/><N who="1" m="45641" /><E68/><V123/><N who="2" m="31520" /><V71/><F128/><T72/><D108/><U106/><E53/><V115/><F115/><T75/><D114/><U110/><E110/><V57/><F109/><T81/><D33/><U132/><E129/><V126/><F99/><T97/><D69/><U127/><E95/><V32/><F32/><T113/><D113/><U131/><E131/><V103/><F66/><T94/><REACH who="0" step="1"/><D51/><REACH who="0" ten="336,404,300,0" step="2"/><U47/><E127/><V50/><F71/><T35/><D35/><U45/><E135/><V49/><F124/><T125/><D125/><U54/><E132/><V105/><F126/><T37/><D37/><U56/><E107/><V80/><F49/><T55/><D55/><U65/><E106/><V101/><F50/><T96/><AGARI ba="0,1" hai="60,62,72,73,75,76,81,87,89,94,96,97,102,104" machi="96" ten="40,2000,0" yaku="1,1,0,1,53,0" doraHai="0" doraHaiUra="48" who="0" fromWho="0" sc="336,30,404,-7,300,-13,0,0" /><INIT seed="4,0,0,3,3,65" ten="366,397,287,0" oya="0" hai0="49,132,75,1,35,116,53,99,56,117,72,3,101" hai1="46,70,69,135,45,67,34,92,2,40,80,85,86" hai2="130,94,43,47,77,97,122,87,32,73,58,90,48" hai3=""/><T134/><D35/><U0/><E34/><V93/><N who="2" m="31264" /><V76/><F32/><T33/><D33/><U120/><N who="1" m="30752" /><U52/><E135/><N who="0" m="51753" /><D72/><U74/><E74/><V78/><F130/><T71/><D75/><U133/><E67/><V108/><F108/><T131/><D131/><U114/><E133/><V129/><F129/><T109/><D71/><U123/><N who="1" m="31520" /><U113/><E92/><V124/><F124/><T89/><D89/><U51/><E86/><V102/><F73/><T126/><D109/><U103/><E103/><V82/><REACH who="2" step="1"/><F58/><REACH who="2" ten="366,397,277,0" step="2"/><T121/><N who="0" m="31008" /><T118/><D126/><U59/><E114/><V105/><AGARI ba="0,1" hai="43,47,48,76,77,78,82,87,90,93,94,97,102,105" m="31264" machi="105" ten="30,3000,0" yaku="1,1,0,1,52,1,53,0" doraHai="65" doraHaiUra="61" who="2" fromWho="2" sc="366,-20,397,-10,277,40,0,0" /><INIT seed="5,0,0,2,4,131" ten="346,387,317,0" oya="1" hai0="86,108,47,105,113,90,72,107,118,100,94,58,125" hai1="80,66,97,96,123,37,51,87,88,111,91,39,68" hai2="67,1,63,85,82,119,112,49,34,77,61,73,32" hai3=""/><U43/><N who="1" m="31520" /><U134/><E134/><V41/><F1/><T35/><D35/><U2/><E2/><V135/><F119/><T95/><D108/><U64/><E111/><V130/><F130/><T127/><D72/><U104/><E51/><V0/><F0/><T54/><D118/><U103/><E43/><V115/><F135/><T69/><D69/><U57/><E68/><V124/><F124/><N who="0" m="47690" /><D47/><U79/><E64/><V101/><F101/><T76/><D76/><U71/><E71/><V106/><F106/><N who="0" m="40458" /><D113/><N who="2" m="43594" /><F73/><T74/><D74/><U120/><N who="1" m="30752" /><U52/><E66/><V53/><F41/><T122/><N who="0" m="31264" /><T99/><D58/><U109/><E109/><V33/><F67/><T84/><D54/><U126/><E126/><V50/><F50/><T38/><D38/><U128/><E128/><V121/><N who="2" m="31008" /><V42/><F42/><T102/><D102/><U60/><E79/><V3/><F3/><T83/><D84/><U36/><REACH who="1" step="1"/><E97/><REACH who="1" ten="346,377,317,0" step="2"/><V93/><F32/><T75/><D75/><U117/><E117/><V56/><F34/><T62/><D62/><N who="2" m="23562" /><F33/><T132/><D132/><U116/><E116/><V70/><F70/><T92/><AGARI ba="0,1" hai="83,86,90,92,94,95,99,100" m="31264,40458,47690" machi="92" ten="40,6000,1" yaku="18,1,34,2,52,1" doraHai="131" who="0" fromWho="0" sc="346,70,377,-40,317,-20,0,0" /><INIT seed="6,0,0,1,0,90" ten="416,337,297,0" oya="2" hai0="47,61,94,89,77,109,107,65,102,73,57,75,120" hai1="69,44,56,106,116,3,125,42,105,110,100,80,51" hai2="63,48,67,78,113,81,103,95,128,97,132,59,122" hai3=""/><V58/><N who="2" m="31264" /><V79/><F113/><T88/><N who="0" m="30752" /><T115/><D115/><U53/><E3/><V50/><F132/><T38/><D109/><U41/><E110/><V62/><F128/><T0/><D0/><U43/><E106/><V76/><REACH who="2" step="1"/><F81/><REACH who="2" ten="416,337,287,0" step="2"/><T117/><D117/><U124/><E116/><V66/><AGARI ba="0,1" hai="48,50,58,59,62,63,66,67,76,78,79,95,97,103" m="31264" machi="66" ten="30,16000,3" yaku="1,1,2,1,0,1,9,1,8,1,52,2,53,2" doraHai="90" doraHaiUra="46" who="2" fromWho="2" sc="416,-80,337,-80,287,170,0,0" owari="336,-6.0,257,-34.0,457,40.0,0,0.0" /></mjloggm>