<mjloggm ver="2.3"><GO type="169" lobby="0"/><UN n0="%52%59%4F%40%53%53" n1="%53%2E%44%61%6E%63%65%72" n2="%E3%81%B5%E3%81%8B" n3="%E3%82%A2%E3%83%8B%E3%82%AA%E3%83%B3%EF%BC%92" dan="18,18,18,16" rate="2229.91,2286.93,2262.05,2116.51" sx="M,M,M,F"/><TAIKYOKU oya="0"/><INIT seed="0,0,0,2,1,72" ten="250,250,250,250" oya="0" hai0="87,92,135,14,100,54,17,75,71,114,44,58,105" hai1="124,69,46,90,51,45,134,61,62,104,86,47,15" hai2="24,7,20,33,23,10,41,13,98,130,129,132,60" hai3="32,1,59,77,83,126,119,26,97,125,131,38,107"/><T11/><D135/><U63/><E104/><V9/><F41/><W6/><G119/><T103/><D114/><U127/><E134/><V64/><F132/><W80/><G80/><T12/><D75/><U36/><E15/><N who="2" m="5567" /><F98/><W93/><G107/><T8/><D71/><U88/><E36/><V79/><F79/><W53/><G38/><T0/><D0/><U50/><E69/><V85/><F85/><W106/><G106/><T110/><D44/><U84/><E63/><V91/><F91/><W102/><G6/><T96/><D110/><U28/><E46/><V70/><F24/><W115/><G1/><T94/><D87/><U122/><REACH who="1" step="1"/><E28/><REACH who="1" ten="250,240,250,250" step="2"/><V56/><F13/><W52/><G115/><T81/><D105/><U82/><E82/><V89/><F60/><W133/><G83/><T40/><D81/><U118/><E118/><V121/><F70/><W29/><G133/><T76/><D58/><U5/><E5/><V34/><F56/><W42/><G59/><T16/><D40/><U101/><E101/><V120/><F64/><W65/><G65/><T109/><D54/><U57/><E57/><V95/><F95/><W30/><G42/><T48/><D109/><U113/><E113/><V49/><F49/><W25/><G53/><T35/><D48/><U37/><E37/><V123/><F123/><AGARI ba="0,1" hai="45,47,50,51,61,62,84,86,88,90,122,123,124,127" machi="123" ten="25,6400,0" yaku="1,1,22,2,54,1,53,0" doraHai="72" doraHaiUra="112" who="1" fromWho="2" sc="250,0,240,74,250,-64,250,0" /><INIT seed="1,0,0,1,1,134" ten="250,314,186,250" oya="1" hai0="32,37,24,112,91,38,86,92,30,111,10,74,48" hai1="67,15,58,117,31,0,124,119,104,39,115,22,77" hai2="87,1,35,109,122,56,20,14,54,26,101,133,82" hai3="66,110,59,85,29,33,6,7,9,62,21,127,118"/><U106/><E39/><V81/><F122/><W53/><G110/><T125/><D111/><U121/><E121/><V34/><F109/><W103/><G118/><T42/><D74/><U83/><E115/><V78/><F1/><W84/><G33/><T51/><D112/><U80/><E0/><V89/><F101/><W79/><G6/><T3/><D42/><U68/><E58/><V43/><F14/><W132/><G132/><T75/><D75/><U96/><E67/><V50/><F43/><W57/><G103/><T100/><D100/><U17/><E31/><V123/><F133/><W44/><G44/><T70/><D70/><U63/><E63/><V99/><F123/><W28/><G79/><T76/><D76/><U97/><E68/><V73/><REACH who="2" step="1"/><F99/><REACH who="2" ten="250,314,176,250" step="2"/><W19/><G9/><T36/><D3/><U116/><E97/><V65/><F65/><W55/><G66/><T95/><D10/><U16/><E96/><V12/><F12/><W64/><G64/><T90/><D24/><U107/><E117/><V60/><F60/><W4/><G62/><T23/><D23/><U49/><E15/><V88/><F88/><W135/><G135/><T8/><D8/><U5/><E22/><V72/><F72/><W93/><G21/><T120/><D120/><U105/><E119/><V46/><F46/><W94/><G19/><AGARI ba="0,1" hai="19,20,26,34,35,50,54,56,73,78,81,82,87,89" machi="19" ten="30,2000,0" yaku="1,1,7,1,53,0" doraHai="134" doraHaiUra="128" who="2" fromWho="3" sc="250,0,314,0,176,30,250,-20" /><INIT seed="2,0,0,0,4,55" ten="250,314,206,230" oya="2" hai0="50,56,113,103,85,125,4,47,89,33,32,28,116" hai1="60,130,36,83,52,21,13,133,97,100,69,87,120" hai2="7,78,121,96,107,9,98,114,62,105,6,19,65" hai3="127,46,82,135,129,43,131,110,81,109,119,106,51"/><V12/><F114/><W27/><G106/><T75/><D113/><U115/><E115/><V11/><F121/><W37/><G119/><T14/><D75/><U20/><E36/><V123/><F123/><W18/><G37/><T54/><D116/><U90/><E120/><V63/><F78/><W73/><G73/><T93/><D125/><U67/><E130/><N who="3" m="49674" /><G127/><T94/><D28/><U128/><E128/><V95/><F19/><W104/><G104/><T10/><D103/><U45/><E133/><V53/><F53/><W91/><G91/><T1/><D1/><U57/><E13/><V15/><F95/><W92/><G92/><T111/><D111/><N who="3" m="42505" /><G135/><T112/><D112/><U22/><E45/><V76/><REACH who="2" step="1"/><F76/><REACH who="2" ten="250,314,196,230" step="2"/><W88/><G18/><T80/><D94/><N who="1" m="58423" /><E69/><V17/><F17/><W58/><G27/><T40/><REACH who="0" step="1"/><D93/><REACH who="0" ten="240,314,196,230" step="2"/><U126/><E126/><V26/><F26/><W24/><G24/><T68/><D68/><U70/><E70/><V71/><F71/><W132/><G132/><T64/><D64/><AGARI ba="0,2" hai="20,21,22,52,57,60,64,67,83,87,90" m="58423" machi="64" ten="30,3900,0" yaku="8,1,52,1,54,1" doraHai="55" who="1" fromWho="0" sc="240,-39,314,59,196,0,230,0" /><AGARI ba="0,0" hai="6,7,9,11,12,15,62,63,64,65,96,98,105,107" machi="64" ten="25,12000,1" yaku="1,1,22,2,53,2" doraHai="55" doraHaiUra="0" who="2" fromWho="0" sc="201,-120,373,0,196,120,230,0" /><INIT seed="2,1,0,4,4,50" ten="81,373,316,230" oya="2" hai0="108,90,16,81,57,135,10,115,93,33,105,61,32" hai1="75,36,80,126,22,98,133,116,120,24,0,101,46" hai2="88,124,77,118,95,13,63,14,86,100,79,64,125" hai3="82,6,89,111,109,45,52,30,69,92,72,70,78"/><V104/><F14/><W7/><G30/><T8/><D115/><U26/><E116/><V41/><F41/><W106/><G106/><T20/><D105/><U122/><E0/><V53/><F13/><W39/><G39/><T128/><D108/><N who="3" m="41545" /><G6/><T94/><D128/><U84/><E75/><V132/><F118/><W23/><G23/><T85/><D135/><U35/><E35/><V19/><F19/><W87/><G7/><T107/><D107/><U40/><E126/><N who="2" m="48747" /><F132/><W56/><G45/><T2/><D33/><U3/><E3/><V113/><F113/><W25/><G25/><T99/><D32/><U73/><E73/><V34/><F34/><W71/><G71/><T117/><D2/><U48/><E36/><V31/><F31/><W114/><G114/><T5/><D5/><U83/><E26/><V67/><F100/><W91/><G91/><T27/><D117/><U123/><E133/><V65/><F104/><W18/><G18/><T130/><D130/><U1/><E1/><V55/><F63/><AGARI ba="1,0" hai="52,56,63,69,70,72,78,82,87,89,92" m="41545" machi="63" ten="30,3900,0" yaku="14,1,52,1,54,1" doraHai="50" who="3" fromWho="2" sc="81,0,373,0,316,-42,230,42" /><INIT seed="3,0,0,4,4,109" ten="81,373,274,272" oya="3" hai0="127,4,53,23,123,133,119,14,108,39,26,7,27" hai1="97,104,48,98,60,36,42,129,124,70,117,128,86" hai2="2,105,67,46,102,95,22,33,44,20,45,115,93" hai3="41,28,58,82,79,31,107,112,64,99,9,103,89"/><W18/><G41/><T84/><D39/><U130/><E36/><V62/><F33/><W57/><G89/><T132/><D53/><U8/><E124/><V47/><F2/><W29/><G112/><T50/><D50/><U91/><E117/><V68/><N who="2" m="11264" /><DORA hai="81" /><V40/><F40/><W92/><G107/><T118/><D84/><U63/><E48/><V100/><F105/><W0/><G64/><T122/><D14/><U125/><E125/><V75/><F75/><W113/><G113/><T65/><D65/><N who="1" m="41255" /><E104/><V34/><F34/><W74/><REACH who="3" step="1"/><G18/><REACH who="3" ten="81,373,274,262" step="2"/><T19/><D127/><U88/><E42/><V16/><F115/><W12/><G12/><T61/><D61/><U114/><E91/><V49/><F16/><W66/><G66/><T73/><D19/><U6/><E114/><V11/><F67/><W77/><G77/><T21/><REACH who="0" step="1"/><D73/><REACH who="0" ten="71,373,274,262" step="2"/><U71/><E63/><V90/><F62/><W38/><G38/><T15/><D15/><N who="1" m="5527" /><E71/><V52/><F68/><W24/><G24/><T135/><D135/><U55/><E55/><V83/><F52/><W17/><G17/><T59/><D59/><U126/><E126/><V35/><F49/><W80/><G80/><AGARI ba="0,2" hai="80,86,88,97,98,128,129,130" m="5527,41255" machi="80" ten="30,3900,0" yaku="19,1,52,1,54,1" doraHai="109,81" who="1" fromWho="3" sc="71,0,373,59,274,0,262,-39" /><INIT seed="4,0,0,3,3,114" ten="71,432,274,223" oya="0" hai0="42,133,25,100,81,102,16,121,101,125,134,106,33" hai1="62,75,13,4,89,94,36,124,86,107,92,5,11" hai2="129,15,48,70,30,1,37,28,41,46,8,82,117" hai3="110,63,95,119,54,131,71,64,61,12,27,31,53"/><T18/><D121/><U7/><E107/><V43/><F70/><W56/><G110/><T38/><D106/><U88/><E124/><V103/><F1/><W126/><G126/><T50/><D125/><U80/><E36/><V76/><F129/><W73/><G73/><T24/><D38/><U6/><E75/><V21/><F103/><W45/><G131/><T59/><D81/><U77/><E62/><V122/><F122/><W79/><G79/><T9/><D42/><U47/><E47/><V19/><F117/><W68/><G119/><T97/><D97/><U72/><E6/><V85/><F37/><W115/><G115/><T105/><D105/><U113/><E113/><V39/><F39/><W32/><G95/><T98/><D98/><AGARI ba="0,0" hai="4,5,7,11,13,72,77,80,86,88,89,92,94,98" machi="98" ten="30,2000,0" yaku="7,1,54,1" doraHai="114" who="1" fromWho="0" sc="71,-20,432,20,274,0,223,0" /><INIT seed="5,0,0,4,4,70" ten="51,452,274,223" oya="1" hai0="95,130,94,61,50,114,43,30,31,131,15,32,12" hai1="96,102,68,44,39,134,112,5,129,115,3,67,85" hai2="19,45,84,72,9,49,109,122,62,86,28,10,56" hai3="97,7,135,52,133,121,58,104,101,4,47,63,124"/><U20/><E129/><N who="0" m="49161" /><D32/><U103/><E134/><N who="3" m="51210" /><G124/><T93/><D61/><N who="1" m="40047" /><E20/><V42/><F122/><W59/><G121/><T35/><D35/><U83/><E5/><N who="3" m="2122" /><G59/><T111/><D50/><U110/><E3/><V81/><F109/><W46/><AGARI ba="0,0" hai="46,47,52,58,63,97,101,104" m="2122,51210" machi="46" ten="30,2000,0" yaku="20,1,54,1" doraHai="70" who="3" fromWho="3" sc="51,-5,452,-10,274,-5,223,20" /><INIT seed="6,0,0,4,3,9" ten="46,442,269,243" oya="2" hai0="40,52,131,50,125,46,76,5,7,117,93,49,101" hai1="71,73,38,33,116,43,75,1,105,92,12,80,53" hai2="20,18,23,123,114,61,4,34,60,45,47,35,100" hai3="104,107,42,128,94,56,85,111,72,2,13,124,8"/><V69/><F123/><W109/><G72/><T83/><D125/><U97/><E1/><V91/><F4/><W26/><G2/><T129/><D117/><U0/><E0/><V67/><F100/><W132/><G124/><T70/><D70/><U3/><E3/><V112/><F91/><W25/><G42/><T96/><D131/><U106/><E33/><V84/><F84/><W48/><G128/><T16/><D129/><U64/><E43/><V57/><F57/><W17/><G132/><T130/><D130/><U41/><E41/><V87/><F87/><W59/><G107/><T102/><D102/><U68/><E38/><V29/><F29/><W36/><G36/><T113/><D113/><U74/><E106/><V21/><F18/><W110/><G104/><T22/><D83/><U32/><E105/><V95/><F95/><W108/><G108/><T82/><D82/><U51/><E92/><V103/><F103/><W118/><G118/><T98/><D98/><U119/><E97/><V127/><F127/><W77/><G77/><T55/><D76/><U126/><E80/><V62/><F67/><W58/><G48/><T135/><D135/><U122/><E126/><V81/><F69/><W6/><G6/><N who="0" m="2059" /><D50/><U14/><E71/><V19/><F81/><W28/><G94/><T39/><D39/><U65/><E122/><V86/><F86/><W134/><G134/><T27/><AGARI ba="0,0" hai="16,22,27,40,46,49,52,55,93,96,101" m="2059" machi="27" ten="30,4000,0" yaku="8,1,54,2" doraHai="9" who="0" fromWho="0" sc="46,40,442,-10,269,-20,243,-10" /><INIT seed="7,0,0,1,2,33" ten="86,432,249,233" oya="3" hai0="68,65,128,98,75,7,32,85,27,41,97,116,132" hai1="64,119,94,67,111,69,84,130,80,108,59,106,102" hai2="47,101,112,53,11,81,29,21,19,122,73,42,105" hai3="51,131,2,44,123,3,20,126,4,92,121,31,0"/><W89/><G126/><T54/><D116/><U10/><E69/><V1/><F29/><W12/><G131/><T72/><D41/><U50/><E106/><V52/><F112/><W93/><G31/><T124/><D85/><U79/><E67/><V28/><F28/><W66/><G66/><T9/><D54/><U18/><E119/><V34/><F34/><W135/><G135/><T23/><D23/><U99/><E130/><V49/><F122/><W39/><G39/><T5/><D128/><U15/><E64/><V115/><F115/><W36/><G36/><T88/><D124/><U120/><E120/><V57/><F105/><W8/><G20/><T56/><D56/><U30/><E30/><V48/><F101/><W45/><G93/><T25/><D65/><U60/><E60/><V62/><F1/><W83/><G83/><T6/><D32/><U127/><E127/><V13/><F73/><W17/><G4/><T63/><D63/><U109/><E109/><V55/><F81/><W96/><REACH who="3" step="1"/><G45/><REACH who="3" ten="86,432,249,223" step="2"/><T14/><D132/><U90/><E111/><V71/><F71/><W107/><G107/><T58/><D68/><U117/><E108/><V74/><F21/><W91/><G91/><T87/><D58/><U70/><E70/><V22/><F22/><W82/><G82/><N who="0" m="49271" /><D72/><U40/><E90/><V16/><F74/><W24/><G24/><N who="0" m="9291" /><D75/><U35/><E35/><V118/><F118/><W61/><G61/><T103/><D103/><U113/><E117/><V76/><F62/><W43/><AGARI ba="0,1" hai="0,2,3,8,12,17,43,44,51,89,92,96,121,123" machi="43" ten="30,12000,1" yaku="1,1,0,1,52,3,53,0" doraHai="33" doraHaiUra="77" who="3" fromWho="3" sc="86,-40,432,-40,249,-40,223,130" /><INIT seed="7,1,0,1,4,87" ten="46,392,209,353" oya="3" hai0="23,46,89,107,3,38,106,26,7,98,120,123,35" hai1="55,75,5,134,65,99,64,94,133,49,34,91,85" hai2="50,12,43,45,80,11,4,131,30,13,6,129,39" hai3="132,88,70,15,101,18,21,127,111,76,61,130,62"/><W36/><G36/><T47/><D38/><U19/><E75/><V67/><F30/><W90/><G101/><T32/><D98/><U56/><E34/><V108/><F108/><W1/><G1/><T48/><D48/><U42/><E5/><V109/><F109/><W74/><G111/><T100/><D23/><U33/><E33/><V0/><F67/><W69/><G127/><T121/><D26/><U119/><E119/><V128/><F6/><W10/><G130/><T104/><D7/><U54/><E42/><V66/><F66/><W77/><G132/><N who="1" m="50794" /><E19/><V14/><F50/><W73/><G18/><T24/><D24/><U22/><E22/><V125/><F125/><W78/><G21/><T37/><D37/><U114/><E114/><V93/><F93/><W53/><G53/><T124/><D124/><U27/><E27/><V113/><F113/><W79/><G15/><T72/><D72/><N who="3" m="27753" /><G10/><T16/><D16/><U40/><E40/><V115/><F115/><W71/><N who="3" m="19456" /><DORA hai="20" /><W41/><G41/><T83/><D3/><U8/><E8/><V96/><F0/><W92/><G92/><T122/><N who="0" m="30720" /><DORA hai="118" /><T81/><D100/><N who="1" m="60535" /><E55/><V25/><F39/><W17/><G17/><T112/><D112/><U68/><E68/><V110/><F128/><W82/><G82/><AGARI ba="1,0" hai="49,54,56,64,65,82,85,91" m="60535,50794" machi="82" ten="30,2000,0" yaku="20,1,52,1" doraHai="87,20,118" who="1" fromWho="3" sc="46,0,392,23,209,0,353,-23" owari="46,-45.0,415,51.0,209,-19.0,330,13.0" /></mjloggm>