<mjloggm ver="2.3"><GO type="169" lobby="0"/><UN n0="%73%6F%63%63%68%79" n1="%E9%BA%BB%E9%9B%80%E3%81%A7%E9%A3%9F%E3%81%88%21" n2="%E3%83%A8%E3%82%B3%E3%83%A8%E3%82%B3" n3="%E9%81%8A%E3%81%B3%E5%BF%83" dan="17,18,16,18" rate="2236.46,2217.28,2121.37,2196.66" sx="M,M,M,M"/><TAIKYOKU oya="0"/><INIT seed="0,0,0,0,0,27" ten="250,250,250,250" oya="0" hai0="49,57,12,72,35,118,100,48,8,25,133,121,70" hai1="7,125,74,119,30,87,52,28,81,22,95,132,40" hai2="6,131,38,47,13,15,83,21,110,67,17,106,86" hai3="97,107,23,82,75,85,4,89,113,45,50,41,65"/><T3/><D118/><U5/><E74/><V130/><F110/><W11/><G113/><T114/><D114/><U32/><E32/><V80/><F106/><W88/><G75/><T1/><D70/><U94/><E94/><V9/><BYE who="1" /><F67/><UN n1="%E9%BA%BB%E9%9B%80%E3%81%A7%E9%A3%9F%E3%81%88%21" /><W43/><G65/><T66/><D72/><U108/><E119/><V123/><F123/><W37/><G37/><T51/><D121/><U33/><E33/><V69/><F69/><W62/><G62/><T58/><D133/><U26/><E40/><V55/><F80/><W46/><G107/><T34/><D100/><U29/><E108/><V101/><F101/><W92/><G23/><T0/><D66/><U60/><E95/><V128/><F38/><W10/><G4/><N who="1" m="1610" /><E132/><V61/><F61/><W99/><G97/><T71/><D71/><U135/><E125/><V134/><F134/><W124/><G124/><T24/><D35/><U31/><E135/><V91/><F47/><W18/><G18/><T122/><D122/><U96/><E96/><V14/><REACH who="2" step="1"/><F55/><REACH who="2" ten="250,250,240,250" step="2"/><W111/><G111/><T59/><REACH who="0" step="1"/><D34/><REACH who="0" ten="240,250,240,250" step="2"/><U73/><E73/><V20/><F20/><W77/><G43/><T126/><D126/><U44/><E60/><V116/><F116/><W16/><G41/><T42/><D42/><U103/><E103/><V53/><F53/><W129/><G50/><T84/><D84/><U127/><E127/><V105/><F105/><W93/><G85/><T98/><D98/><U64/><E64/><V90/><F90/><W56/><G88/><T19/><AGARI ba="0,2" hai="0,1,3,8,12,19,24,25,48,49,51,57,58,59" machi="19" ten="40,12000,1" yaku="1,1,0,1,29,2,53,0" doraHai="27" doraHaiUra="112" who="0" fromWho="0" sc="240,140,250,-40,240,-40,250,-40" /><INIT seed="0,1,0,0,4,97" ten="380,210,200,210" oya="0" hai0="52,12,18,60,83,23,122,84,57,48,9,127,63" hai1="24,10,98,129,5,0,108,71,86,125,15,107,103" hai2="110,118,67,39,66,35,25,46,19,74,27,65,61" hai3="133,72,90,17,56,77,81,6,40,93,28,120,116"/><T1/><D122/><U100/><E71/><V87/><F74/><W62/><G116/><T38/><D38/><U69/><E69/><V85/><F118/><W124/><G133/><T11/><D127/><U91/><E125/><V47/><F110/><W73/><G124/><T31/><D1/><U37/><E108/><V70/><F70/><W4/><G120/><T82/><D82/><U102/><E37/><V42/><F61/><N who="0" m="23626" /><D31/><U43/><E43/><V54/><F35/><W22/><G28/><T44/><D57/><U41/><E41/><V34/><F34/><W55/><G40/><T3/><D3/><U75/><E75/><V78/><F78/><AGARI ba="1,0" hai="9,11,12,18,23,44,48,52,78,83,84" m="23626" machi="78" ten="30,2900,0" yaku="8,1,54,1" doraHai="97" who="0" fromWho="2" sc="380,32,210,0,200,-32,210,0" /><INIT seed="0,2,0,0,3,92" ten="412,210,168,210" oya="0" hai0="28,126,102,73,11,0,118,14,2,20,80,120,86" hai1="93,17,127,65,51,107,38,135,21,62,119,59,29" hai2="36,132,97,133,43,44,31,58,53,82,27,72,6" hai3="100,85,30,19,98,63,35,95,109,88,33,113,10"/><T48/><D118/><U16/><E107/><V69/><F69/><W117/><G113/><T40/><D120/><U110/><E119/><V55/><F6/><W66/><G117/><T42/><D73/><U94/><E38/><V47/><F47/><W46/><G109/><T5/><D126/><U49/><E127/><V124/><F124/><W91/><G91/><T32/><D102/><U101/><E110/><V122/><F122/><W125/><G125/><T90/><D48/><N who="1" m="18507" /><E135/><N who="2" m="51787" /><F58/><W84/><G84/><T81/><D81/><U18/><E101/><V22/><F97/><W64/><G46/><T1/><REACH who="0" step="1"/><D32/><REACH who="0" ten="402,210,168,210" step="2"/><U111/><E111/><V9/><F9/><W115/><G33/><T70/><D70/><U89/><E89/><V12/><F12/><W74/><G10/><T56/><D56/><U8/><E8/><V75/><F72/><W24/><G88/><T57/><D57/><U130/><E130/><V54/><F75/><W121/><G74/><T129/><D129/><U25/><AGARI ba="2,1" hai="16,17,18,21,25,29,59,62,65,93,94" m="18507" machi="25" ten="30,2000,0" yaku="8,1,54,1" doraHai="92" who="1" fromWho="1" sc="402,-12,210,36,168,-7,210,-7" /><INIT seed="1,0,0,3,1,62" ten="390,246,161,203" oya="1" hai0="110,122,121,104,35,107,6,41,2,115,42,66,87" hai1="32,16,63,53,68,18,7,86,56,93,58,132,90" hai2="84,111,98,92,49,52,127,15,11,40,106,97,67" hai3="33,94,112,124,4,28,131,8,88,82,75,80,64"/><U20/><E32/><V13/><F111/><W51/><G112/><T76/><D115/><U85/><E132/><V114/><F114/><W119/><G119/><T83/><D35/><U17/><E68/><V38/><F127/><W89/><G124/><T91/><D110/><U103/><E7/><V118/><F118/><W60/><G131/><T46/><D6/><U79/><E103/><V37/><F40/><W26/><G51/><T100/><D2/><U117/><E117/><V134/><F134/><W44/><G44/><T73/><D66/><N who="1" m="39271" /><E79/><V116/><F116/><W81/><G75/><T31/><D31/><U70/><E70/><V69/><F106/><W128/><G128/><T30/><D30/><U22/><E85/><V55/><F84/><W72/><G94/><T71/><D71/><U105/><E105/><V9/><F69/><W123/><G123/><N who="0" m="47115" /><D100/><U102/><E102/><V120/><F120/><W99/><G99/><T50/><D41/><U113/><E113/><V54/><F54/><W95/><G95/><AGARI ba="0,0" hai="42,46,50,73,76,83,87,91,95,104,107" m="47115" machi="95" ten="30,1000,0" yaku="13,1" doraHai="62" who="0" fromWho="3" sc="390,10,246,0,161,0,203,-10" /><INIT seed="2,0,0,4,5,29" ten="400,246,161,193" oya="2" hai0="112,35,103,84,36,42,81,69,77,67,96,31,125" hai1="101,102,90,51,44,1,124,11,4,26,48,39,57" hai2="41,73,118,109,80,33,45,121,135,117,18,78,25" hai3="104,64,38,47,17,22,8,93,9,20,95,21,100"/><V99/><F121/><W2/><G64/><T82/><D112/><U43/><E124/><V59/><F135/><W19/><G104/><T55/><D125/><U131/><E131/><V60/><F109/><W53/><G38/><T68/><D55/><U65/><E39/><V27/><F99/><W119/><G119/><T12/><D12/><U97/><E26/><V88/><F25/><W79/><G79/><T116/><D116/><U28/><E28/><V129/><F129/><W54/><G2/><T71/><D82/><U74/><E74/><V122/><F122/><W5/><G5/><T15/><D15/><U10/><E10/><V70/><F70/><W3/><G22/><T85/><D85/><U40/><E65/><V14/><F88/><W37/><G37/><T110/><D110/><U58/><E90/><V126/><F126/><W0/><G47/><T63/><D42/><U128/><E128/><V89/><F89/><W98/><REACH who="3" step="1"/><G98/><REACH who="3" ten="400,246,161,183" step="2"/><T6/><D36/><U13/><E1/><V120/><F118/><W49/><G49/><T62/><D6/><U127/><E127/><V32/><F117/><W30/><G30/><T16/><D63/><U75/><E75/><V66/><F120/><W133/><G133/><T61/><D62/><U132/><E132/><V94/><F45/><W83/><G83/><T52/><D61/><U113/><E97/><V107/><F107/><W123/><G123/><T23/><D67/><U92/><E44/><V34/><F66/><W56/><G56/><T111/><D71/><U46/><E46/><V24/><F59/><N who="1" m="22537" /><E4/><V7/><F7/><RYUUKYOKU ba="0,1" sc="400,-10,246,-10,161,-10,183,30" hai3="0,3,8,9,17,19,20,21,53,54,93,95,100" /><INIT seed="3,1,1,4,5,64" ten="390,236,151,213" oya="3" hai0="69,22,52,27,135,87,85,62,58,122,54,132,19" hai1="67,114,75,35,18,61,48,0,44,98,59,14,2" hai2="49,93,124,101,127,96,28,55,78,121,133,88,1" hai3="11,53,47,131,42,65,29,40,115,89,111,12,104"/><W81/><G115/><T50/><D122/><U30/><E114/><V38/><F38/><W51/><G104/><T20/><D20/><U15/><E75/><V7/><F121/><W72/><G131/><T10/><D10/><U90/><E35/><V86/><F133/><N who="0" m="51274" /><D69/><U102/><E90/><V31/><F78/><W57/><G111/><T3/><D3/><U32/><E30/><V70/><F7/><W56/><G29/><T45/><AGARI ba="1,1" hai="19,22,27,45,50,52,54,58,62,85,87" m="51274" machi="45" ten="30,2000,0" yaku="20,1,54,1" doraHai="64" who="0" fromWho="0" sc="390,33,236,-6,151,-6,213,-11" /><INIT seed="4,0,0,5,0,36" ten="423,230,145,202" oya="0" hai0="60,96,77,0,128,71,130,83,82,75,29,122,20" hai1="118,73,92,132,89,81,19,50,106,112,120,98,26" hai2="104,91,10,129,35,93,116,32,8,100,66,1,24" hai3="27,113,40,61,37,108,64,15,79,99,105,57,131"/><T70/><D0/><U22/><E120/><V94/><F129/><N who="0" m="49770" /><D122/><U48/><E118/><V119/><F66/><W62/><G108/><T56/><D96/><U47/><E132/><V13/><F1/><W30/><G113/><T28/><D83/><U46/><E112/><V25/><F13/><W114/><G114/><T134/><D134/><U67/><E106/><V3/><F3/><W49/><G37/><T133/><D133/><U111/><E111/><V4/><F104/><W45/><G79/><T18/><D71/><U109/><E109/><V101/><REACH who="2" step="1"/><F91/><REACH who="2" ten="423,230,135,202" step="2"/><W115/><G115/><T7/><D70/><U102/><E67/><V31/><F31/><W80/><G15/><T125/><D29/><U59/><E89/><V51/><F51/><W53/><G131/><T9/><D28/><U16/><E50/><V78/><F78/><W42/><G30/><T55/><D77/><U124/><E48/><V110/><F110/><W44/><G27/><T121/><D121/><U87/><E26/><V38/><F38/><W14/><G14/><T21/><D60/><U95/><E19/><V23/><F23/><W76/><G61/><T43/><D21/><U88/><E16/><V97/><F97/><W34/><G34/><T107/><D20/><U117/><E98/><V84/><F84/><N who="3" m="48135" /><G105/><T68/><D18/><U11/><E22/><V86/><F86/><W33/><G33/><T17/><D17/><U6/><E87/><V123/><F123/><W103/><G45/><T85/><D85/><U135/><E47/><V126/><F126/><W63/><G63/><T74/><D125/><RYUUKYOKU ba="0,1" sc="423,-15,230,-15,135,15,202,15" hai2="4,8,10,24,25,32,35,93,94,100,101,116,119" hai3="40,42,44,49,53,57,62,64,99,103" /><INIT seed="5,1,1,4,2,60" ten="408,215,150,217" oya="1" hai0="88,100,62,47,29,70,69,48,20,84,82,63,25" hai1="128,103,65,86,106,52,120,119,121,61,74,96,9" hai2="135,80,94,112,79,26,19,93,3,98,34,78,72" hai3="51,92,37,122,35,12,58,107,111,56,30,110,45"/><U130/><E74/><V41/><F135/><W87/><G107/><T131/><D131/><N who="1" m="50219" /><E119/><V81/><F3/><W16/><G37/><T28/><D100/><U117/><E117/><V123/><F123/><W108/><G122/><T10/><D29/><U67/><E121/><V2/><F2/><W27/><G87/><T21/><D21/><U104/><E120/><V15/><F112/><W133/><G92/><T76/><D70/><U71/><E106/><V129/><F129/><W50/><G133/><T127/><D127/><U91/><E9/><V77/><F41/><W57/><REACH who="3" step="1"/><G45/><REACH who="3" ten="408,215,150,207" step="2"/><T31/><D84/><U54/><E67/><V125/><F125/><W89/><G89/><T68/><D88/><U44/><E44/><V14/><F72/><W115/><G115/><T46/><D47/><U114/><E114/><V126/><F126/><W59/><N who="3" m="14336" /><DORA hai="102" /><W99/><G99/><T105/><D46/><U8/><E8/><AGARI ba="1,2" hai="8,12,16,27,30,35,50,51,108,110,111" m="14336" machi="8" ten="60,3900,0" yaku="1,1,54,1,53,0" doraHai="60,102" doraHaiUra="42,134" who="3" fromWho="1" sc="408,0,215,-42,150,0,207,62" /><INIT seed="6,0,0,3,2,75" ten="408,173,150,269" oya="2" hai0="52,24,35,53,130,59,96,26,9,109,97,68,111" hai1="62,50,85,101,44,123,105,67,78,54,5,65,131" hai2="90,125,74,127,84,121,18,15,82,73,79,99,80" hai3="34,19,115,70,133,122,13,1,132,116,43,49,22"/><V126/><F121/><W118/><G70/><T120/><D120/><U20/><E123/><V114/><F114/><W89/><G115/><T60/><D68/><U4/><E131/><V0/><F0/><W107/><G107/><T8/><D130/><U31/><E105/><V93/><REACH who="2" step="1"/><F82/><REACH who="2" ten="408,173,140,269" step="2"/><W25/><G1/><T51/><D111/><U23/><E101/><V32/><F32/><W17/><G34/><T102/><D109/><U10/><E31/><V42/><F42/><W129/><G43/><T39/><D35/><U108/><E108/><V56/><F56/><W104/><G129/><T76/><D59/><U124/><E124/><V57/><F57/><W94/><G122/><T83/><D83/><N who="1" m="47351" /><E62/><V3/><F3/><W16/><G118/><T41/><D41/><U12/><E5/><V61/><F61/><W48/><G116/><T55/><D60/><U128/><E128/><V98/><F98/><W119/><G119/><T71/><D97/><U40/><E54/><V106/><F106/><W14/><G104/><T28/><D55/><U110/><E110/><V91/><F91/><W88/><G89/><T87/><D53/><U77/><E77/><V72/><F72/><W117/><G117/><T36/><D96/><U38/><E38/><V33/><F33/><W21/><G49/><T92/><D39/><U6/><E4/><V46/><F46/><W113/><G48/><T37/><D51/><U69/><E69/><V100/><F100/><W66/><G113/><T135/><D71/><U27/><E27/><V86/><F86/><N who="3" m="52503" /><G66/><AGARI ba="0,1" hai="6,10,12,20,23,40,44,50,65,66,67" m="47351" machi="66" ten="30,3900,0" yaku="25,1,8,1,52,1" doraHai="75" who="1" fromWho="3" sc="408,0,173,49,140,0,269,-39" /><INIT seed="7,0,0,2,5,45" ten="408,222,140,230" oya="3" hai0="25,47,63,127,19,3,117,79,58,75,30,93,85" hai1="49,1,9,17,134,111,24,39,15,69,66,53,59" hai2="72,120,43,89,64,116,102,83,126,4,87,27,73" hai3="33,6,71,101,106,123,52,29,99,37,108,7,20"/><W88/><G123/><T26/><D117/><U18/><E39/><V105/><F116/><W10/><G71/><T110/><D110/><U76/><E111/><V65/><F120/><W114/><G33/><T125/><D3/><U96/><E1/><V90/><F4/><W48/><G37/><T121/><D121/><U122/><E122/><V98/><F126/><N who="0" m="48138" /><D75/><N who="2" m="28746" /><F27/><N who="3" m="16615" /><G106/><T91/><D79/><U32/><E76/><N who="2" m="46567" /><F43/><W61/><G108/><T16/><D47/><U0/><E0/><V28/><F28/><W129/><G129/><T12/><D12/><U54/><E134/><V100/><F64/><W5/><G101/><N who="2" m="39017" /><F65/><W97/><G61/><T2/><D93/><U68/><E66/><V60/><F60/><W42/><G42/><T44/><D85/><U113/><E54/><V74/><N who="2" m="28754" /><V95/><DORA hai="118" /><F105/><W77/><G10/><T131/><D91/><U130/><E130/><V34/><F34/><W135/><G135/><T13/><D131/><U31/><E18/><V11/><F11/><W92/><G5/><T51/><D63/><U56/><E59/><V67/><F67/><W78/><G7/><T132/><D58/><U124/><E124/><V46/><F46/><W81/><G6/><T21/><D132/><U36/><E36/><V128/><F128/><W104/><G104/><T119/><D119/><U62/><E62/><V50/><F50/><W133/><G48/><T40/><D2/><U14/><E15/><V70/><F70/><W57/><G133/><T109/><D109/><U94/><E69/><V107/><F107/><W86/><G52/><T38/><D38/><RYUUKYOKU ba="0,0" sc="408,-10,222,-10,140,30,230,-10" hai2="89,90,95,98" owari="398,50.0,212,-19.0,170,-33.0,220,2.0" /></mjloggm>