<mjloggm ver="2.3"><GO type="185" lobby="0"/><UN n0="%E5%BF%AB%E9%81%A9" n1="%E7%81%AB%E6%98%9F%E3%81%AE%E7%8A%AC" n2="%E4%BD%90%E8%97%A4%E7%BE%8E%E5%92%8C%E5%AD%90" n3="" dan="17,16,16,0" rate="2311.07,2197.61,2144.65,1500.00" sx="M,M,M,C"/><TAIKYOKU oya="0"/><INIT seed="0,0,0,4,1,107" ten="350,350,350,0" oya="0" hai0="117,38,60,73,109,85,51,108,79,88,87,32,46" hai1="128,69,100,65,70,97,122,43,118,58,48,80,105" hai2="90,129,40,99,86,77,125,33,64,112,83,75,133" hai3=""/><T2/><D117/><U71/><N who="1" m="31264" /><U134/><E118/><V95/><F33/><T121/><N who="0" m="31008" /><T123/><N who="0" m="31520" /><T126/><D32/><U113/><E113/><V104/><F112/><T56/><D2/><U119/><E119/><V130/><F133/><T111/><D126/><U89/><E134/><V135/><F135/><T131/><D131/><N who="2" m="50186" /><F64/><T120/><N who="0" m="30752" /><T55/><D38/><U39/><E128/><V96/><F40/><T92/><D79/><U34/><E34/><V53/><F53/><T61/><D73/><U103/><E43/><V101/><F125/><T57/><D87/><AGARI ba="0,0" hai="75,77,83,86,87,90,95,96,99,101,104" m="50186" machi="87" ten="30,7700,0" yaku="19,1,34,2,52,1" doraHai="107" who="2" fromWho="0" sc="350,-77,350,0,350,77,0,0" /><INIT seed="1,0,0,4,1,43" ten="273,350,427,0" oya="1" hai0="103,85,86,97,115,61,54,60,53,50,3,96,98" hai1="57,117,32,41,45,74,47,68,134,75,104,129,42" hai2="76,81,132,100,127,107,49,99,94,108,35,84,126" hai3=""/><U34/><E117/><V80/><F35/><T88/><D3/><U111/><E129/><V56/><F56/><T90/><D115/><U1/><E1/><V52/><F108/><T121/><N who="0" m="31008" /><T93/><D103/><U51/><E68/><V79/><F132/><T119/><D119/><U44/><E134/><V116/><F116/><T62/><REACH who="0" step="1"/><D50/><REACH who="0" ten="263,350,427,0" step="2"/><U0/><E0/><V48/><F48/><T58/><D58/><U109/><E104/><V124/><F107/><T125/><D125/><U67/><E34/><V112/><F112/><T39/><D39/><U120/><N who="1" m="30752" /><U77/><E32/><V2/><F2/><T70/><D70/><U40/><E77/><V110/><F110/><N who="1" m="41993" /><E51/><V130/><F130/><T131/><D131/><U118/><E118/><V83/><F79/><T128/><D128/><U65/><E57/><V89/><F76/><T72/><D72/><AGARI ba="0,1" hai="40,41,42,44,45,47,65,67,72,74,75" m="41993,30752" machi="72" ten="40,24000,3" yaku="28,2,14,1,10,1,52,4" doraHai="43" who="1" fromWho="0" sc="263,-240,350,250,427,0,0,0" /><INIT seed="1,1,0,2,4,95" ten="23,600,427,0" oya="1" hai0="88,65,93,98,3,57,46,75,38,55,123,54,84" hai1="40,112,78,42,58,39,92,89,103,79,41,43,99" hai2="67,129,76,127,85,34,50,135,115,63,118,56,59" hai3=""/><U87/><E112/><V70/><F34/><T114/><N who="0" m="31520" /><T80/><D3/><U133/><E133/><V104/><F104/><T74/><D114/><U72/><E72/><V71/><F115/><T66/><D74/><U122/><N who="1" m="31264" /><U51/><E39/><V36/><F118/><T102/><D75/><U81/><E58/><V131/><F135/><T2/><D2/><U126/><REACH who="1" step="1"/><E126/><REACH who="1" ten="23,590,427,0" step="2"/><V45/><F127/><T73/><D73/><U97/><E97/><V110/><F36/><T37/><D37/><U134/><E134/><V77/><F59/><T62/><D38/><U90/><E90/><V33/><F33/><T120/><N who="0" m="30752" /><T83/><REACH who="0" step="1"/><D80/><REACH who="0" ten="13,590,427,0" step="2"/><U86/><E86/><V128/><F85/><T107/><D107/><U119/><E119/><V94/><F128/><T113/><D113/><U121/><N who="1" m="31008" /><U105/><E105/><V132/><F129/><T47/><D47/><AGARI ba="1,2" hai="40,41,42,43,47,51,78,79,81,87,89,92,99,103" m="31008,31264" machi="47" ten="40,12000,1" yaku="1,1,8,1,52,3,53,0" doraHai="95" doraHaiUra="48" who="1" fromWho="0" sc="13,-122,590,142,427,0,0,0" owari="-109,-71.0,732,68.0,427,3.0,0,0.0" /></mjloggm>