<mjloggm ver="2.3"><GO type="185" lobby="0"/><UN n0="%E4%BD%90%E8%97%A4%E7%BE%8E%E5%92%8C%E5%AD%90" n1="%E3%82%AA%E3%83%A0%E3%81%82%E3%82%93%E3%81%93" n2="%E9%96%A2%E8%A5%BF%E9%9B%80%E5%A3%AB%E4%BC%9A" n3="" dan="16,16,16,0" rate="2144.62,2161.23,2093.65,1500.00" sx="M,M,M,C"/><TAIKYOKU oya="0"/><INIT seed="0,0,0,1,1,46" ten="350,350,350,0" oya="0" hai0="72,60,62,91,92,87,107,112,0,88,116,35,135" hai1="66,80,33,130,125,121,85,70,103,36,40,54,109" hai2="34,76,64,96,47,119,129,98,123,50,77,61,81" hai3=""/><T106/><D112/><U42/><N who="1" m="31008" /><U56/><E33/><V41/><N who="2" m="31520" /><V55/><F34/><T95/><D35/><U108/><E125/><V43/><F129/><T1/><D72/><U68/><E130/><V52/><F119/><T82/><D135/><U122/><N who="1" m="31264" /><U75/><E103/><V38/><F55/><T134/><D134/><U74/><E66/><V126/><F126/><T71/><D82/><U78/><E36/><V97/><F38/><T115/><D115/><U117/><E117/><V59/><REACH who="2" step="1"/><F77/><REACH who="2" ten="350,350,340,0" step="2"/><T128/><D116/><U132/><E132/><V73/><AGARI ba="0,1" hai="41,43,47,50,52,59,61,64,73,76,81,96,97,98" m="31520" machi="73" ten="30,9000,2" yaku="1,1,2,1,0,1,52,2,54,1,53,1" doraHai="46" doraHaiUra="49" who="2" fromWho="2" sc="350,-60,350,-30,340,100,0,0" /><INIT seed="1,0,0,3,3,120" ten="290,320,440,0" oya="1" hai0="71,115,94,47,84,40,122,50,79,82,83,111,49" hai1="101,128,110,119,55,32,42,106,48,38,41,135,67" hai2="112,60,78,34,62,80,98,64,86,65,52,59,130" hai3=""/><U37/><E32/><V88/><F34/><T1/><N who="0" m="31264" /><T131/><D115/><U113/><E113/><V53/><F130/><T57/><D1/><U97/><E128/><V36/><F36/><T129/><D71/><U100/><E119/><V68/><F112/><T33/><D33/><U73/><E73/><V3/><F3/><T118/><D118/><U61/><E101/><V74/><REACH who="2" step="1"/><F98/><REACH who="2" ten="290,320,430,0" step="2"/><T77/><D129/><U69/><E38/><V116/><F116/><T92/><D131/><U124/><E124/><V133/><F133/><T134/><D134/><U51/><E135/><V114/><F114/><T70/><D111/><U85/><E110/><V121/><N who="2" m="31008" /><V35/><F35/><T109/><D109/><U87/><E37/><V105/><F105/><T117/><D117/><U0/><E0/><V91/><F91/><T107/><D107/><U81/><E87/><V90/><F90/><T99/><D99/><U104/><E104/><V44/><F44/><T43/><D47/><U127/><E127/><V125/><F125/><T45/><D45/><U72/><E106/><V126/><F126/><T96/><D84/><U54/><E85/><V56/><F56/><T103/><D57/><U89/><E97/><V75/><F75/><RYUUKYOKU ba="0,1" sc="290,-10,320,-10,430,20,0,0" hai2="52,53,59,60,62,64,65,68,74,78,80,86,88" /><INIT seed="2,1,1,4,2,113" ten="280,310,450,0" oya="2" hai0="65,64,41,55,73,66,77,3,56,101,68,111,119" hai1="75,85,98,47,54,63,61,82,91,94,128,35,71" hai2="88,67,135,72,76,38,104,109,43,92,131,37,36" hai3=""/><V33/><F33/><T86/><D3/><U130/><E35/><V32/><F32/><T42/><D73/><U105/><E71/><V34/><F34/><T87/><D68/><U120/><N who="1" m="30752" /><U103/><E47/><V52/><F104/><T1/><D1/><U96/><E54/><V93/><F135/><T46/><D101/><U127/><E127/><V117/><F131/><N who="1" m="50217" /><E75/><V99/><F109/><T107/><D46/><U49/><E49/><V0/><F0/><T89/><D55/><U70/><E70/><V129/><F129/><T122/><D56/><U81/><E81/><V125/><F43/><T39/><D111/><U62/><E62/><V97/><F67/><T126/><D64/><U134/><E134/><V90/><F125/><T53/><D126/><U114/><E114/><V50/><F76/><AGARI ba="1,1" hai="61,63,76,82,85,91,94,96,98,103,105" m="50217,30752" machi="76" ten="30,2000,0" yaku="19,1,52,1" doraHai="113" who="1" fromWho="2" sc="280,0,310,32,450,-22,0,0" /><INIT seed="4,0,0,0,0,49" ten="280,342,428,0" oya="0" hai0="41,73,108,105,104,95,66,69,51,93,120,44,81" hai1="36,89,37,135,77,118,62,130,106,86,96,109,92" hai2="45,83,50,107,113,65,47,67,110,97,85,39,71" hai3=""/><T52/><N who="0" m="30752" /><T102/><D108/><U127/><E109/><V0/><F110/><T38/><D73/><U58/><E118/><V1/><F113/><T119/><D119/><U78/><E135/><V56/><F71/><T114/><D114/><U116/><E116/><V46/><F39/><T79/><D95/><U48/><E78/><V121/><N who="2" m="31008" /><V99/><F107/><T129/><D129/><U84/><E130/><V60/><F67/><T74/><D93/><U61/><E77/><V35/><F35/><T3/><D3/><U68/><E68/><V115/><F115/><T100/><D104/><U131/><E131/><V90/><REACH who="2" step="1"/><F50/><REACH who="2" ten="280,342,418,0" step="2"/><T98/><D105/><U125/><E48/><V57/><F57/><T112/><D112/><U128/><E128/><V91/><F91/><T80/><D66/><U59/><E106/><V40/><F40/><T101/><D69/><U32/><E32/><V70/><F70/><T54/><D38/><U82/><E37/><V117/><F117/><T2/><D41/><U133/><E36/><V53/><F53/><T134/><D54/><U126/><E59/><V64/><F64/><T72/><D51/><U122/><E58/><V33/><F33/><T132/><D52/><U42/><E42/><RYUUKYOKU ba="0,1" sc="280,-10,342,-10,418,20,0,0" hai2="0,1,45,46,47,56,60,65,83,85,90,97,99" /><INIT seed="5,1,1,5,0,119" ten="270,332,438,0" oya="1" hai0="100,124,107,120,91,110,111,60,42,121,54,34,118" hai1="93,84,135,78,74,75,85,125,61,102,99,46,108" hai2="38,89,56,58,69,73,53,2,116,43,44,80,131" hai3=""/><U98/><E46/><V72/><F116/><T86/><N who="0" m="30752" /><T132/><N who="0" m="31008" /><T96/><D34/><U113/><E61/><V0/><F131/><T50/><D118/><U51/><E51/><V103/><F103/><T48/><D132/><U92/><E135/><V115/><F115/><T105/><D105/><U52/><E52/><V62/><F69/><T94/><D124/><U40/><E40/><V39/><F39/><T90/><D60/><U130/><E125/><V88/><F58/><T49/><D54/><U57/><E57/><V122/><N who="2" m="31264" /><V87/><REACH who="2" step="1"/><F89/><REACH who="2" ten="270,332,428,0" step="2"/><T67/><D42/><U104/><E130/><V3/><AGARI ba="1,2" hai="0,2,3,38,43,44,53,56,62,72,73,80,87,88" m="31264" machi="3" ten="30,12000,3" yaku="1,1,2,1,0,1,52,2,54,1,53,3" doraHai="119" doraHaiUra="32" who="2" fromWho="2" sc="270,-41,332,-81,428,142,0,0" /><INIT seed="6,0,0,5,4,91" ten="229,251,570,0" oya="2" hai0="123,135,99,1,110,87,97,48,49,132,104,116,77" hai1="117,92,133,129,131,32,54,52,71,74,72,90,46" hai2="35,3,130,2,118,39,67,109,119,79,68,69,63" hai3=""/><V58/><F35/><T44/><N who="0" m="31520" /><T59/><D116/><U105/><E117/><V60/><F130/><N who="1" m="49673" /><E32/><V51/><F79/><T108/><D1/><U43/><E105/><V61/><F39/><T95/><D59/><U42/><E133/><N who="0" m="51273" /><D104/><U114/><E114/><V45/><F109/><N who="0" m="42090" /><D77/><U62/><E42/><V53/><F119/><T107/><D107/><U84/><E71/><V93/><F118/><T65/><D65/><U40/><E40/><V94/><F2/><T126/><D126/><U125/><E125/><V112/><F3/><T103/><D87/><U34/><E34/><V134/><F134/><T120/><N who="0" m="30752" /><T111/><N who="0" m="42098" /><T36/><DORA hai="85" /><D99/><U121/><N who="1" m="31008" /><U47/><E47/><V0/><F0/><T64/><D64/><U124/><E124/><V106/><F106/><T75/><D75/><N who="1" m="28715" /><E62/><V98/><F61/><T57/><D57/><U41/><E41/><AGARI ba="0,0" hai="36,41,44,48,49,95,97,103" m="30752,42098,51273,31520" machi="41" ten="50,8000,1" yaku="20,1,52,3" doraHai="91,85" who="0" fromWho="1" sc="229,80,251,-80,570,0,0,0" owari="309,-9.0,171,-43.0,570,52.0,0,0.0" /></mjloggm>