<mjloggm ver="2.3"><GO type="169" lobby="0"/><UN n0="%E8%A5%BF%E6%9D%91%E9%9B%84%E4%B8%80%E9%83%8E" n1="%E9%88%B4%E4%B8%B8" n2="%E3%83%9E%E3%83%8A%E3%83%96%E9%9B%B6" n3="%E5%A4%A7%E5%92%8C%E7%94%B0%E9%A0%AD%E5%8F%96" dan="18,17,16,18" rate="2337.40,2193.11,2138.72,2234.78" sx="M,M,M,M"/><TAIKYOKU oya="0"/><INIT seed="0,0,0,0,1,67" ten="250,250,250,250" oya="0" hai0="88,121,46,66,18,21,59,60,3,127,134,8,102" hai1="43,1,84,33,123,53,103,15,36,25,107,24,40" hai2="0,115,55,54,111,57,98,114,50,23,64,42,56" hai3="62,70,100,110,113,122,108,99,52,30,51,27,129"/><T132/><D121/><U31/><E1/><V130/><F0/><W89/><G113/><T105/><D127/><U90/><E123/><V118/><F98/><W58/><G89/><T78/><D78/><U135/><E135/><N who="0" m="51753" /><D46/><U95/><E36/><V44/><F23/><W38/><G38/><T37/><D37/><U49/><E15/><V9/><F9/><W106/><G129/><T104/><D102/><U6/><E6/><V91/><F91/><W71/><G122/><T117/><D117/><U79/><E79/><V93/><F93/><W125/><G125/><T14/><D88/><U119/><E119/><V2/><F2/><W97/><G97/><T80/><D80/><U26/><E107/><V39/><F118/><W92/><G92/><T68/><D59/><U22/><E103/><V61/><F111/><N who="3" m="42539" /><G51/><T85/><D85/><U131/><E131/><V94/><F94/><W63/><G62/><T5/><AGARI ba="0,0" hai="3,5,8,14,18,21,60,66,68,104,105" m="51753" machi="5" ten="30,3000,0" yaku="20,1,52,1" doraHai="67" who="0" fromWho="0" sc="250,30,250,-10,250,-10,250,-10" /><INIT seed="0,1,0,5,4,65" ten="280,240,240,240" oya="0" hai0="80,44,129,3,61,6,14,120,87,126,43,121,131" hai1="132,11,84,99,45,127,74,83,53,103,66,30,96" hai2="70,16,42,31,7,116,22,67,29,78,130,77,105" hai3="110,104,41,58,98,122,82,40,117,10,60,15,72"/><T9/><D126/><U123/><E123/><V107/><F42/><W0/><G0/><T125/><D125/><U47/><E74/><V92/><F7/><W56/><G117/><T112/><D112/><U59/><E132/><V5/><F5/><W2/><G2/><T13/><D61/><U36/><E36/><V51/><F116/><W75/><G110/><T113/><D113/><U26/><E11/><V39/><F39/><W33/><G33/><T38/><D120/><U73/><E73/><V19/><F51/><W100/><G58/><T63/><D63/><U57/><E57/><V25/><F92/><W18/><G72/><T52/><D52/><U71/><E127/><V55/><F55/><W124/><G122/><T114/><D114/><U134/><E134/><V128/><F67/><W115/><G115/><T28/><D28/><U101/><E71/><V135/><F135/><W34/><G34/><T27/><D27/><U109/><E66/><V81/><F81/><W24/><G24/><T89/><REACH who="0" step="1"/><D121/><REACH who="0" ten="270,240,240,240" step="2"/><U118/><E26/><V46/><F25/><W95/><G124/><T106/><D106/><U102/><E30/><V1/><F46/><N who="1" m="17417" /><E118/><V90/><F107/><W54/><G104/><T20/><D20/><U91/><E109/><V111/><F105/><W23/><G23/><T85/><D85/><U97/><E96/><V119/><F22/><W32/><G32/><T8/><D8/><U64/><E64/><V108/><F119/><W49/><G60/><AGARI ba="1,1" hai="53,59,60,83,84,91,97,99,101,102,103" m="17417" machi="60" ten="30,1000,0" yaku="8,1" doraHai="65" who="1" fromWho="3" sc="270,0,240,23,240,0,240,-13" /><INIT seed="1,0,0,0,3,110" ten="270,263,240,227" oya="1" hai0="128,79,49,98,72,111,29,91,134,42,127,102,100" hai1="116,2,18,103,68,53,106,40,24,3,99,12,77" hai2="122,109,115,38,130,101,62,121,119,59,54,88,46" hai3="45,17,56,4,108,104,92,35,16,41,61,133,83"/><U117/><E68/><V22/><F101/><W34/><G104/><T93/><D111/><U82/><E40/><V120/><F109/><W81/><G108/><T26/><D128/><U85/><E53/><V44/><F119/><W37/><G4/><T86/><D134/><U105/><E105/><V118/><F118/><W32/><G92/><T70/><D70/><U89/><E24/><V0/><F0/><W31/><G31/><T7/><D7/><U14/><E14/><V113/><F130/><W33/><N who="3" m="8192" /><DORA hai="94" /><W50/><G37/><T64/><D64/><U66/><E66/><V132/><F132/><W25/><G133/><T131/><D127/><U90/><E116/><V39/><F22/><W123/><G123/><T55/><D42/><U87/><E77/><V43/><F88/><W76/><G25/><T28/><D131/><U71/><E71/><V23/><F23/><W67/><REACH who="3" step="1"/><G83/><REACH who="3" ten="270,263,240,217" step="2"/><N who="0" m="45543" /><D26/><U97/><E117/><V107/><F107/><W15/><G15/><T63/><D28/><U96/><E2/><V112/><F43/><W1/><G1/><T19/><D29/><U126/><E3/><V21/><F21/><W65/><G65/><T13/><D13/><U129/><E129/><V52/><F54/><W27/><G27/><T95/><D102/><U51/><E12/><V74/><F74/><AGARI ba="0,1" hai="16,17,41,45,50,56,61,67,74,76,81" m="8192" machi="74" ten="70,4500,0" yaku="1,1,54,1,53,0" doraHai="110,94" doraHaiUra="6,124" who="3" fromWho="2" sc="270,0,263,0,240,-45,217,55" /><INIT seed="2,0,0,5,0,30" ten="270,263,195,272" oya="2" hai0="112,2,116,96,68,61,94,37,133,43,135,82,53" hai1="19,52,31,122,126,91,92,113,108,101,88,26,21" hai2="78,56,25,55,93,102,36,8,17,11,33,40,100" hai3="83,71,89,104,120,118,4,130,0,125,18,80,76"/><V117/><F117/><W69/><G120/><T41/><D2/><U32/><E113/><V35/><F78/><W7/><G104/><T123/><D123/><U72/><E122/><V119/><F119/><W134/><G125/><T28/><D116/><U58/><E72/><V50/><F36/><W121/><G130/><T103/><D112/><U73/><E73/><V23/><F40/><W86/><G134/><N who="0" m="51211" /><D28/><U98/><E126/><V115/><F115/><W59/><G121/><T79/><D37/><U63/><E108/><V111/><F111/><W16/><G59/><N who="0" m="35055" /><D68/><U95/><E95/><V24/><F24/><AGARI ba="0,0" hai="19,21,24,26,31,32,52,58,63,88,91,92,98,101" machi="24" ten="30,7700,0" yaku="7,1,52,1,54,2" doraHai="30" who="1" fromWho="2" sc="270,0,263,77,195,-77,272,0" /><INIT seed="3,0,0,5,1,26" ten="270,340,118,272" oya="3" hai0="73,84,66,32,33,6,31,126,59,19,87,123,135" hai1="54,12,4,55,95,37,118,100,128,24,61,134,78" hai2="108,113,89,67,43,76,7,94,86,64,106,88,17" hai3="9,70,35,130,109,63,48,91,81,112,40,75,0"/><W71/><G112/><T101/><D73/><U97/><E128/><V107/><F113/><W30/><G130/><T3/><D123/><U90/><E134/><V62/><F7/><W65/><G109/><T115/><D115/><U120/><E37/><V41/><F76/><N who="3" m="44191" /><G48/><T22/><D101/><U34/><E120/><V116/><F116/><W98/><G40/><T85/><D135/><U104/><E78/><V79/><F79/><W16/><G16/><T103/><D103/><U125/><E125/><V92/><F17/><W42/><G42/><T80/><D80/><U127/><E127/><V57/><F108/><W20/><G20/><T27/><D126/><U114/><E114/><V51/><F51/><W49/><G91/><T69/><D69/><U83/><E83/><V74/><F74/><W1/><G49/><T56/><D66/><U23/><E34/><V29/><F29/><W46/><G46/><T2/><D32/><U52/><E118/><V82/><F82/><W38/><G38/><T39/><D39/><U99/><E4/><V131/><F131/><W47/><G47/><T14/><D2/><N who="3" m="1129" /><G9/><AGARI ba="0,0" hai="3,6,9,14,19,22,27,31,33,56,59,84,85,87" machi="9" ten="40,5200,0" yaku="24,2,52,1" doraHai="26" who="0" fromWho="3" sc="270,52,340,0,118,0,272,-52" /><INIT seed="4,0,0,0,2,86" ten="322,340,118,220" oya="0" hai0="1,89,127,31,14,51,7,80,15,50,63,23,57" hai1="13,53,9,123,99,117,25,8,46,24,17,105,108" hai2="52,43,128,81,111,62,118,120,12,58,100,75,54" hai3="3,6,61,41,116,84,124,74,42,95,83,64,85"/><T27/><D127/><U90/><E108/><V97/><F120/><W40/><G116/><T66/><D1/><U18/><E117/><V96/><F111/><W29/><G29/><T92/><D80/><U106/><E123/><V122/><F122/><W48/><G124/><T112/><D112/><U70/><E70/><V110/><F110/><W82/><G48/><N who="0" m="18475" /><D7/><U32/><E32/><V113/><F118/><W115/><G115/><T22/><D22/><U104/><E53/><V133/><F43/><W65/><G74/><T2/><D2/><U130/><E130/><V38/><F38/><W79/><G61/><T129/><D129/><U20/><E46/><V77/><F128/><W102/><G6/><T28/><D28/><U10/><REACH who="1" step="1"/><E24/><REACH who="1" ten="322,330,118,220" step="2"/><V72/><F113/><W132/><G64/><T134/><D134/><U68/><E68/><V71/><F71/><W109/><G65/><T55/><D66/><U39/><E39/><V30/><F133/><W37/><G37/><T103/><D103/><U49/><E49/><V126/><F126/><W34/><G132/><T11/><D11/><U47/><E47/><V35/><F54/><W78/><G109/><T56/><D56/><U67/><E67/><V121/><F121/><W33/><G3/><T119/><D119/><U88/><E88/><V73/><F100/><W36/><G36/><T93/><D89/><U131/><E131/><V5/><F35/><W16/><G34/><T19/><D55/><U135/><E135/><V4/><F52/><W107/><G33/><N who="0" m="20735" /><D57/><U69/><E69/><V60/><F58/><W76/><G102/><RYUUKYOKU ba="0,1" sc="322,-10,330,30,118,-10,220,-10" hai1="8,9,10,13,17,18,20,25,90,99,104,105,106" /><INIT seed="5,1,1,0,1,61" ten="312,360,108,210" oya="1" hai0="30,91,56,131,13,121,120,19,93,49,134,8,5" hai1="117,92,42,68,40,36,104,16,54,116,70,114,52" hai2="102,6,95,83,62,127,135,26,50,118,124,17,99" hai3="51,115,3,28,73,38,57,37,78,67,89,1,22"/><U7/><E104/><V109/><F109/><W71/><G71/><N who="1" m="27178" /><E7/><V23/><F118/><N who="1" m="45673" /><E92/><V43/><F135/><W130/><G115/><T41/><D134/><U48/><E16/><N who="2" m="12647" /><F6/><W90/><G130/><T112/><D112/><U79/><E79/><V53/><F83/><W123/><G123/><T58/><D131/><U14/><E14/><V60/><F43/><N who="1" m="16425" /><E114/><V96/><F96/><W126/><G1/><T103/><D5/><U105/><E105/><V88/><F102/><W29/><G3/><T129/><D103/><U32/><E32/><V128/><F128/><W66/><G73/><T72/><D72/><U0/><E0/><V94/><F94/><W113/><G113/><T110/><D129/><U97/><E97/><V86/><F86/><W44/><G78/><T25/><D93/><U81/><E81/><V35/><F35/><W27/><G90/><T82/><D91/><U132/><E132/><V18/><F18/><W119/><G89/><T107/><D82/><U80/><E80/><V55/><F17/><W75/><G75/><T65/><D107/><U101/><E101/><V20/><F20/><W33/><G119/><T84/><D84/><U98/><E98/><V122/><F122/><W46/><G33/><T106/><D106/><U108/><E108/><V69/><F69/><W63/><G22/><N who="0" m="15671" /><D110/><U4/><E4/><V9/><F9/><W111/><G111/><T100/><D100/><U12/><E12/><V45/><F55/><N who="1" m="21033" /><E48/><V125/><AGARI ba="1,1" hai="45,50,53,60,62,88,95,99,124,125,127" m="12647" machi="125" ten="30,4000,0" yaku="18,1,54,2" doraHai="61" who="2" fromWho="2" sc="312,-11,360,-21,108,53,210,-11" /><INIT seed="6,0,0,4,5,7" ten="301,339,161,199" oya="2" hai0="53,108,37,100,44,126,70,78,121,0,83,79,31" hai1="9,94,67,80,71,29,99,39,74,28,95,73,50" hai2="8,58,82,68,18,89,115,101,135,122,62,131,55" hai3="13,109,43,134,66,59,10,92,110,76,12,107,127"/><V69/><F122/><W118/><G107/><T132/><D108/><U60/><E39/><V112/><F135/><W48/><G118/><T46/><D70/><U45/><E94/><V75/><F101/><W124/><G76/><T114/><D0/><U11/><E29/><V77/><F89/><W36/><G134/><T88/><D31/><U42/><E28/><V104/><F104/><W41/><G36/><T30/><D30/><U119/><E95/><V22/><F131/><W2/><G2/><T34/><D34/><U133/><E119/><V51/><F51/><W52/><G66/><T21/><D21/><U20/><E20/><V54/><F54/><W17/><G13/><T19/><D114/><N who="2" m="43562" /><F8/><W27/><G27/><AGARI ba="0,0" hai="18,22,27,55,58,62,68,69,75,77,82" m="43562" machi="27" ten="30,1500,0" yaku="15,1" doraHai="7" who="2" fromWho="3" sc="301,0,339,0,161,15,199,-15" /><INIT seed="6,1,0,1,2,106" ten="301,339,176,184" oya="2" hai0="52,74,49,41,125,45,98,4,11,107,25,134,56" hai1="3,119,50,90,93,81,99,129,53,46,10,76,67" hai2="117,108,5,104,40,69,6,128,91,60,63,64,48" hai3="111,22,35,19,66,57,13,116,34,97,133,55,95"/><V120/><F120/><W94/><G116/><T29/><D134/><U88/><E129/><V70/><F117/><W59/><G111/><T126/><D74/><U36/><E119/><V114/><F128/><W87/><G133/><T28/><D98/><U62/><E36/><V127/><F104/><W86/><G35/><T73/><D73/><U38/><E38/><V42/><F114/><W17/><G34/><T85/><D85/><N who="3" m="32265" /><G97/><T26/><D26/><U0/><E90/><V1/><F127/><N who="0" m="48650" /><D25/><U115/><E115/><V84/><F108/><W124/><G124/><T20/><D20/><U92/><E92/><V9/><F48/><N who="3" m="30951" /><G19/><T31/><D107/><U80/><E10/><V110/><F6/><W8/><G22/><T123/><D123/><U113/><E113/><V24/><F24/><W121/><G121/><T39/><D31/><U71/><REACH who="1" step="1"/><E76/><REACH who="1" ten="301,329,176,184" step="2"/><V122/><F122/><W12/><G95/><T51/><D39/><U14/><E14/><AGARI ba="1,1" hai="4,11,14,28,29,41,45,49,51,52,56" m="48650" machi="14" ten="30,2000,0" yaku="18,1,54,1" doraHai="106" who="0" fromWho="1" sc="301,33,329,-23,176,0,184,0" /><INIT seed="7,0,0,4,3,35" ten="334,306,176,184" oya="3" hai0="116,0,88,100,39,41,44,84,34,65,38,48,54" hai1="103,96,53,64,126,33,68,121,119,26,104,86,89" hai2="52,47,128,79,74,27,101,122,110,71,95,22,76" hai3="80,43,36,108,75,97,18,123,69,113,111,8,91"/><W93/><G123/><T118/><D0/><U28/><E121/><V134/><F110/><N who="3" m="42027" /><G69/><T3/><D3/><U17/><E126/><V13/><F122/><W78/><G113/><T115/><D34/><U124/><E124/><V125/><F125/><W29/><G29/><T46/><D38/><U31/><E31/><V117/><F117/><W58/><G58/><T99/><D65/><U120/><E120/><V63/><F134/><W109/><N who="3" m="42035" /><W20/><DORA hai="67" /><G8/><T24/><D24/><U92/><E53/><V49/><F128/><W1/><G1/><T21/><D21/><U2/><E2/><V66/><F74/><W15/><G43/><T50/><D50/><U129/><E17/><V82/><F82/><W60/><G60/><T14/><D14/><U5/><E5/><V106/><F13/><W87/><G36/><T59/><D59/><U11/><E11/><V32/><F32/><W94/><G94/><T10/><D10/><U55/><E55/><V23/><F23/><W40/><G40/><T70/><D70/><U107/><E129/><V98/><F95/><W9/><G20/><T42/><D42/><U72/><E72/><AGARI ba="0,0" hai="9,15,18,72,75,78,80,87,91,93,97" m="42035" machi="72" ten="40,2000,0" yaku="10,1" doraHai="35,67" who="3" fromWho="1" sc="334,0,306,-20,176,0,184,20" /><INIT seed="7,1,0,0,3,109" ten="334,286,176,204" oya="3" hai0="13,55,26,3,17,47,62,99,44,4,60,113,10" hai1="77,6,131,82,67,89,93,126,30,129,9,32,0" hai2="72,86,107,71,114,68,78,37,20,11,76,116,118" hai3="53,39,91,28,110,21,84,85,87,1,59,27,75"/><W120/><G120/><T40/><D113/><U111/><E111/><V65/><F72/><W122/><G122/><T70/><D26/><U45/><E126/><V133/><F37/><W96/><G75/><T94/><D55/><U115/><E67/><V18/><F107/><W88/><G1/><T63/><D70/><U25/><E45/><N who="0" m="17481" /><D3/><U50/><E50/><V14/><F133/><W101/><G39/><T43/><D4/><U42/><E42/><V29/><F65/><W38/><G38/><T41/><D63/><U2/><E2/><V48/><F48/><W100/><G110/><T66/><D66/><U35/><E35/><V64/><F64/><W51/><REACH who="3" step="1"/><G101/><AGARI ba="1,0" hai="10,13,17,40,41,43,60,62,94,99,101" m="17481" machi="101" ten="30,1000,0" yaku="8,1" doraHai="109" who="0" fromWho="3" sc="334,13,286,0,176,0,204,-13" owari="347,44.0,286,9.0,176,-32.0,191,-21.0" /></mjloggm>