<mjloggm ver="2.3"><GO type="185" lobby="0"/><UN n0="%E9%95%B7%E5%85%89%E9%BA%BB%E5%A4%9C" n1="%E9%96%A2%E8%A5%BF%E9%9B%80%E5%A3%AB%E4%BC%9A" n2="%E4%BD%90%E8%97%A4%E7%BE%8E%E5%92%8C%E5%AD%90" n3="" dan="16,16,16,0" rate="2233.70,2099.85,2144.57,1500.00" sx="M,M,M,C"/><TAIKYOKU oya="0"/><INIT seed="0,0,0,2,1,80" ten="350,350,350,0" oya="0" hai0="131,90,59,38,47,1,79,66,63,118,74,51,45" hai1="124,106,125,128,116,61,35,126,55,96,95,87,39" hai2="3,91,132,114,81,49,100,34,104,72,77,117,42" hai3=""/><T48/><D1/><U94/><E35/><V89/><F34/><T134/><D118/><U53/><E39/><V98/><F3/><T123/><N who="0" m="31520" /><T76/><D134/><U133/><E133/><V52/><F132/><T110/><D131/><U121/><N who="1" m="31008" /><U46/><E128/><V73/><F114/><T41/><D110/><U43/><E106/><V97/><F42/><T88/><D38/><U102/><E116/><V58/><F117/><T62/><D74/><U92/><E61/><V65/><F73/><T127/><D127/><U36/><E95/><V44/><F97/><T120/><N who="0" m="30752" /><T67/><D59/><U112/><E112/><V75/><F75/><T129/><D129/><U68/><E68/><V130/><F130/><T113/><REACH who="0" step="1"/><D41/><REACH who="0" ten="340,350,350,0" step="2"/><U37/><E36/><V64/><F58/><T107/><D107/><U70/><E70/><V78/><F72/><T32/><D32/><U60/><E60/><V69/><F69/><T93/><D93/><U111/><E111/><V56/><F56/><T33/><D33/><U103/><E102/><V57/><F104/><T82/><D82/><U135/><E135/><V50/><F81/><T86/><D86/><U2/><E2/><V109/><F109/><T0/><D0/><RYUUKYOKU ba="0,1" sc="340,10,350,10,350,-20,0,0" hai0="45,47,48,51,62,63,66,67,76,79,88,90,113" hai1="37,43,46,53,55,87,92,94,96,103,124,125,126" /><INIT seed="0,1,1,4,4,120" ten="350,360,330,0" oya="0" hai0="76,40,73,100,58,69,2,124,101,106,74,83,107" hai1="34,98,129,110,59,126,1,63,49,121,68,42,52" hai2="53,114,108,55,131,54,33,128,46,119,37,87,96" hai3=""/><T75/><D69/><U99/><N who="1" m="31008" /><U88/><E1/><V85/><F33/><T116/><D58/><U105/><E34/><V84/><F114/><T91/><D40/><U35/><E35/><V44/><F119/><T62/><D62/><U97/><E129/><N who="2" m="49739" /><F37/><T94/><D2/><U93/><E126/><V117/><F117/><T32/><D32/><U103/><E98/><V51/><F51/><T109/><D124/><U3/><E3/><V78/><F78/><T72/><D116/><U82/><E82/><V56/><F56/><T132/><D132/><U95/><E105/><N who="0" m="39945" /><D109/><U125/><E125/><V79/><F108/><T112/><D112/><U48/><E68/><V111/><F111/><T89/><D89/><U61/><E110/><V57/><F57/><T115/><D115/><U77/><E77/><V41/><F79/><T65/><D65/><U66/><E66/><V64/><F64/><T127/><D127/><U118/><E118/><V133/><F133/><T90/><D90/><U104/><E104/><V134/><F134/><T123/><N who="0" m="31520" /><T81/><D81/><U36/><E36/><V70/><F70/><T130/><D130/><U92/><E95/><V135/><F135/><T43/><D43/><U86/><E99/><AGARI ba="1,1" hai="72,73,74,75,76,83,91,94,99,100,101" m="31520,39945" machi="99" ten="40,18000,2" yaku="6,1,35,5,52,1" doraHai="120" who="0" fromWho="1" sc="350,192,360,-182,330,0,0,0" /><INIT seed="0,2,0,4,4,41" ten="542,178,330,0" oya="0" hai0="92,91,130,84,47,33,128,71,35,118,57,98,76" hai1="105,113,64,40,90,119,63,82,51,42,52,46,107" hai2="109,53,2,104,45,3,102,60,89,97,134,101,61" hai3=""/><T103/><D118/><U39/><E119/><V66/><F109/><T62/><D71/><U123/><N who="1" m="31520" /><U116/><E116/><V54/><F134/><T127/><D127/><U74/><E113/><V49/><F102/><T100/><D76/><U32/><E32/><V1/><F89/><T34/><D47/><U56/><E42/><V111/><F111/><T0/><D0/><U85/><REACH who="1" step="1"/><E74/><REACH who="1" ten="542,168,330,0" step="2"/><V36/><F2/><T75/><D75/><U125/><E125/><V79/><F1/><T87/><D130/><U120/><N who="1" m="30752" /><U38/><E38/><V43/><F3/><T117/><D128/><U37/><E37/><V44/><F36/><T94/><D117/><U77/><E77/><V86/><F43/><T78/><D78/><U81/><E81/><V50/><F66/><T55/><D35/><U132/><E132/><V133/><F133/><T115/><D115/><U88/><E88/><V99/><F79/><T122/><N who="0" m="31264" /><T96/><REACH who="0" step="1"/><D87/><REACH who="0" ten="532,168,330,0" step="2"/><U68/><AGARI ba="2,2" hai="39,40,46,51,52,56,63,64,68,82,85,90,105,107" m="30752,31520" machi="68" ten="20,12000,3" yaku="1,1,0,1,7,1,24,2,52,3,54,1,53,0" doraHai="41" doraHaiUra="126" who="1" fromWho="1" sc="532,-82,168,144,330,-42,0,0" /><INIT seed="1,0,0,0,5,33" ten="450,312,288,0" oya="1" hai0="132,126,84,86,48,38,3,92,65,74,100,69,109" hai1="104,63,134,82,41,103,60,53,93,68,105,108,88" hai2="78,79,47,129,67,34,99,116,0,124,81,71,35" hai3=""/><U73/><E134/><V113/><F116/><T89/><D38/><U75/><E41/><V80/><F129/><T39/><D39/><U135/><E135/><V96/><F67/><T85/><D132/><U123/><N who="1" m="31520" /><U95/><E68/><V98/><F71/><T52/><D126/><U90/><E53/><V101/><F101/><T114/><D74/><U76/><E108/><V127/><F98/><T110/><D114/><U1/><E1/><V72/><F72/><N who="1" m="27721" /><E63/><V133/><F133/><T36/><D36/><U57/><E57/><V49/><F49/><T42/><D42/><U61/><E61/><V58/><F58/><T120/><N who="0" m="30752" /><T77/><D77/><U118/><E60/><V102/><F102/><T125/><D125/><U112/><E112/><V64/><F113/><T119/><D3/><U32/><E32/><V62/><F62/><T46/><D65/><U2/><E2/><V56/><F0/><T83/><D69/><U40/><E40/><V111/><F64/><T115/><D119/><U51/><E118/><V121/><F111/><N who="0" m="42506" /><D115/><U70/><E70/><V45/><F121/><T128/><D128/><U131/><E131/><V106/><F34/><T37/><D37/><U107/><E76/><V130/><F35/><RYUUKYOKU ba="0,0" sc="450,20,312,-10,288,-10,0,0" hai0="46,48,52,83,84,85,86,89,92,100" /><INIT seed="2,1,0,3,0,70" ten="470,302,278,0" oya="2" hai0="36,40,134,59,86,103,102,62,93,95,123,127,67" hai1="116,64,3,84,50,32,73,108,55,88,132,111,83" hai2="125,115,41,56,38,52,110,106,79,135,89,100,78" hai3=""/><V90/><F115/><T46/><N who="0" m="31520" /><T39/><D134/><U77/><E32/><V101/><F135/><T130/><D127/><U44/><E3/><V98/><F125/><T104/><D104/><U74/><E132/><V99/><F110/><N who="1" m="42025" /><E116/><V92/><F79/><T121/><N who="0" m="31008" /><T131/><D39/><U71/><E71/><V69/><F69/><T119/><D119/><U122/><N who="1" m="31264" /><U34/><E64/><V43/><F78/><T49/><D49/><U1/><E1/><V94/><F106/><T65/><D65/><U63/><E63/><V113/><F113/><T124/><D124/><U58/><E34/><V76/><F76/><T107/><D107/><U47/><E74/><V51/><REACH who="2" step="1"/><F38/><REACH who="2" ten="470,302,268,0" step="2"/><T0/><D0/><U133/><E133/><V68/><F68/><T91/><REACH who="0" step="1"/><D95/><AGARI ba="1,1" hai="44,47,50,55,58,73,77,83,84,88,95" m="31264,42025" machi="95" ten="30,3900,0" yaku="14,1,52,1,54,1" doraHai="70" who="1" fromWho="0" sc="470,-41,302,51,268,0,0,0" /><INIT seed="4,0,0,0,0,125" ten="429,353,268,0" oya="0" hai0="118,91,85,66,123,52,117,129,104,103,106,67,87" hai1="99,47,130,73,90,62,54,107,63,135,122,76,55" hai2="0,128,74,112,84,108,50,81,70,131,37,100,79" hai3=""/><T80/><N who="0" m="31520" /><T113/><D113/><U121/><N who="1" m="31008" /><U88/><N who="1" m="31264" /><U124/><E124/><V119/><F108/><T65/><D129/><N who="2" m="49738" /><F37/><T97/><D106/><U98/><E135/><V3/><F119/><T134/><D134/><U49/><E107/><V39/><F39/><T64/><N who="0" m="16384" /><DORA hai="95" /><T105/><D105/><U53/><E76/><V36/><F36/><T48/><REACH who="0" step="1"/><D87/><REACH who="0" ten="419,353,268,0" step="2"/><U60/><E130/><V43/><F112/><T71/><D71/><U46/><E73/><V68/><F84/><T116/><D116/><U58/><E58/><AGARI ba="0,1" hai="48,52,58,80,85,91,97,103,104,117,118" m="16384,31520" machi="58" ten="50,18000,2" yaku="1,1,52,2,54,1,53,2" doraHai="125,95" doraHaiUra="34,114" who="0" fromWho="1" sc="419,190,353,-180,268,0,0,0" /><INIT seed="4,1,0,0,2,86" ten="609,173,268,0" oya="0" hai0="38,60,87,130,97,131,84,115,33,98,79,2,82" hai1="47,96,119,91,135,56,77,1,88,41,34,132,94" hai2="99,107,62,0,35,106,46,39,40,37,74,51,67" hai3=""/><T133/><D33/><U100/><E34/><V121/><N who="2" m="31008" /><V112/><F35/><T49/><D2/><U3/><E119/><V59/><F0/><T118/><D118/><U101/><E77/><V117/><F117/><T53/><D38/><U122/><N who="1" m="31264" /><U71/><E71/><V69/><F74/><T36/><D36/><U114/><E114/><V95/><F112/><T43/><D115/><U93/><E56/><V58/><F58/><T110/><D110/><U81/><E81/><V57/><F59/><T127/><D133/><N who="1" m="51275" /><E3/><V45/><F69/><T92/><D60/><U32/><E1/><V50/><F39/><T66/><D66/><U70/><E70/><V72/><F37/><T65/><D65/><U126/><E126/><V61/><F72/><T134/><D134/><U78/><E78/><V129/><F62/><T108/><D127/><U42/><E32/><V90/><REACH who="2" step="1"/><F129/><REACH who="2" ten="609,173,258,0" step="2"/><T54/><D130/><U113/><E113/><V120/><N who="2" m="30752" /><V44/><F44/><T111/><D131/><U52/><E42/><AGARI ba="1,1" hai="40,42,45,46,50,51,57,61,67,90,95,99,106,107" m="30752,31008" machi="42" ten="30,12000,2" yaku="1,1,7,1,9,1,52,3,53,0" doraHai="86" doraHaiUra="64" who="2" fromWho="1" sc="609,0,173,-122,258,132,0,0" /><INIT seed="5,0,0,0,2,95" ten="609,51,390,0" oya="1" hai0="126,90,99,82,94,121,46,88,34,63,70,56,74" hai1="43,58,125,0,105,124,134,51,45,111,106,48,98" hai2="38,71,69,37,92,59,81,41,36,115,109,87,1" hai3=""/><U118/><E0/><V120/><N who="2" m="30752" /><V72/><F109/><T68/><N who="0" m="31008" /><T102/><D34/><U101/><E118/><V122/><N who="2" m="31264" /><V73/><F1/><T135/><D135/><U40/><E111/><V85/><F41/><T104/><D126/><N who="1" m="48747" /><E134/><V117/><F117/><T100/><D100/><U54/><E43/><V53/><F115/><T91/><D46/><U44/><E44/><V80/><F92/><AGARI ba="0,0" hai="40,45,48,51,54,58,92,98,101,105,106" m="48747" machi="92" ten="30,2900,0" yaku="18,1,52,1" doraHai="95" who="1" fromWho="2" sc="609,0,51,29,390,-29,0,0" /><INIT seed="5,1,0,4,5,125" ten="609,80,361,0" oya="1" hai0="87,1,64,93,37,39,96,117,127,60,51,0,91" hai1="131,57,76,72,82,66,65,133,97,109,110,68,40" hai2="52,75,47,42,90,92,129,113,100,32,88,71,83" hai3=""/><U74/><E133/><V80/><F32/><T135/><D127/><U62/><E74/><V111/><F111/><N who="1" m="42505" /><E40/><V67/><F52/><T78/><D135/><U3/><E3/><V34/><F34/><T112/><D112/><U63/><E97/><V50/><F113/><T98/><D51/><U115/><E115/><V130/><F100/><T116/><D78/><U108/><N who="1" m="42513" /><U114/><DORA hai="38" /><E114/><V101/><F101/><T41/><D98/><U124/><E124/><V46/><F75/><T85/><D85/><U134/><E134/><V70/><F42/><T105/><D105/><U54/><E54/><V132/><F132/><T126/><D126/><U123/><N who="1" m="31520" /><U55/><E55/><V53/><F53/><T73/><D73/><U121/><N who="1" m="31008" /><U128/><AGARI ba="1,0" hai="57,62,63,65,66,68,72,76,82,128,131" m="31008,31520,42513" machi="128" ten="50,12000,2" yaku="4,1,10,1,52,4" doraHai="125,38" who="1" fromWho="1" sc="609,-61,80,122,361,-61,0,0" /><INIT seed="5,2,0,3,0,50" ten="548,202,300,0" oya="1" hai0="93,3,75,47,52,87,135,130,85,64,0,39,122" hai1="120,35,98,125,76,71,38,115,57,102,117,37,32" hai2="69,41,48,109,54,79,107,34,110,2,63,121,92" hai3=""/><U42/><N who="1" m="30752" /><U51/><E117/><V100/><N who="2" m="31008" /><V101/><F34/><T66/><N who="0" m="31264" /><T105/><D105/><U61/><E115/><V55/><F2/><T118/><D118/><U56/><E125/><V94/><F107/><T82/><D135/><U68/><E76/><V104/><F104/><T49/><D39/><U103/><E98/><V89/><F41/><T116/><D116/><U95/><E95/><V97/><F79/><T70/><D75/><U84/><E84/><V65/><F55/><T72/><D72/><U99/><E99/><V36/><F36/><T111/><D111/><U44/><E37/><V58/><F101/><T33/><D33/><U123/><N who="1" m="31520" /><U112/><E112/><V96/><AGARI ba="2,0" hai="48,54,58,63,65,69,89,92,94,96,97,100,109,110" m="31008" machi="96" ten="20,3900,0" yaku="0,1,7,1,52,2" doraHai="50" who="2" fromWho="2" sc="548,-15,202,-28,300,43,0,0" /><INIT seed="6,0,0,5,4,106" ten="533,174,343,0" oya="2" hai0="85,57,49,44,89,71,53,41,33,55,34,121,69" hai1="78,81,73,74,0,72,60,68,59,82,51,70,110" hai2="97,61,133,87,58,54,88,105,135,90,75,108,66" hai3=""/><V77/><F108/><T92/><N who="0" m="31008" /><T125/><D125/><U56/><E0/><V36/><F36/><T102/><D102/><U111/><E51/><V93/><F105/><T47/><D34/><U45/><E45/><V48/><F77/><T95/><D33/><U43/><E43/><V113/><F113/><T3/><D3/><U131/><E131/><V2/><F2/><T86/><D95/><U101/><E101/><V123/><N who="2" m="31520" /><V63/><F75/><T117/><D86/><U115/><E115/><V83/><REACH who="2" step="1"/><F63/><REACH who="2" ten="533,174,333,0" step="2"/><T134/><D117/><U127/><E78/><V38/><F38/><T40/><D40/><U94/><E94/><V37/><F37/><T32/><D32/><U114/><E114/><V107/><F107/><T91/><D41/><U130/><E130/><V52/><F52/><T46/><D55/><U50/><E50/><V104/><F104/><T79/><D79/><U128/><E128/><V124/><F124/><T99/><D49/><U65/><E127/><V1/><F1/><T122/><D53/><U42/><E42/><V100/><F100/><T62/><D62/><U129/><E129/><V109/><F109/><N who="1" m="41481" /><E70/><AGARI ba="0,1" hai="48,54,58,61,66,70,83,87,88,90,93,97,133,135" m="31520" machi="70" ten="40,12000,1" yaku="1,1,52,1,54,1,53,1" doraHai="106" doraHaiUra="116" who="2" fromWho="1" sc="533,0,174,-120,333,130,0,0" /><INIT seed="6,1,0,1,3,84" ten="533,54,463,0" oya="2" hai0="54,98,39,34,130,77,46,49,96,95,72,110,67" hai1="111,135,87,60,118,76,119,124,47,133,103,42,43" hai2="51,66,90,117,102,121,86,115,120,1,101,52,74" hai3=""/><V126/><N who="2" m="30752" /><V97/><N who="2" m="31008" /><V106/><F117/><N who="1" m="44553" /><E111/><V109/><F1/><T132/><D34/><U32/><E32/><V70/><F74/><T88/><D110/><U80/><E103/><V3/><F3/><T116/><D116/><U45/><E124/><V91/><F109/><T40/><D132/><N who="1" m="50763" /><E60/><V50/><F126/><T73/><D130/><U129/><E129/><V62/><F115/><T48/><D39/><U82/><E82/><V61/><F102/><T36/><D36/><U35/><E35/><V125/><F125/><T44/><D77/><U55/><E55/><V41/><F41/><AGARI ba="1,0" hai="41,42,43,45,47,76,80,87" m="50763,44553" machi="41" ten="30,2000,0" yaku="12,1,20,1" doraHai="84" who="1" fromWho="2" sc="533,0,54,22,463,-22,0,0" owari="533,48.0,76,-52.0,441,4.0,0,0.0" /></mjloggm>