<mjloggm ver="2.3"><GO type="185" lobby="0"/><UN n0="%E4%BD%90%E8%97%A4%E7%BE%8E%E5%92%8C%E5%AD%90" n1="%E3%82%AA%E3%83%A0%E3%81%82%E3%82%93%E3%81%93" n2="%68%69%72%6F%6E%6E%32%30" n3="" dan="16,16,17,0" rate="2150.55,2155.19,2183.47,1500.00" sx="M,M,M,C"/><TAIKYOKU oya="0"/><INIT seed="0,0,0,4,3,76" ten="350,350,350,0" oya="0" hai0="67,0,86,88,135,116,77,44,37,112,107,47,58" hai1="131,111,73,2,57,65,62,53,97,61,94,124,132" hai2="39,120,66,108,41,115,74,68,127,64,130,54,46" hai3=""/><T42/><D112/><U51/><E2/><V82/><N who="2" m="30752" /><V105/><F115/><T71/><D116/><U91/><E73/><V92/><F105/><T121/><N who="0" m="31008" /><T70/><D0/><U102/><E124/><V45/><F127/><T113/><D113/><U59/><E132/><V89/><F130/><T122/><N who="0" m="31264" /><T133/><D107/><U81/><E131/><V83/><F74/><T36/><D77/><U32/><E32/><V80/><F68/><T35/><D35/><U87/><E111/><V93/><F93/><T100/><D100/><U106/><E106/><V117/><F108/><T90/><D58/><U72/><E72/><V33/><F117/><T40/><D86/><U3/><E3/><V84/><REACH who="2" step="1"/><F33/><REACH who="2" ten="350,350,340,0" step="2"/><T114/><D114/><U101/><E102/><V48/><AGARI ba="0,1" hai="39,41,45,46,48,54,64,66,80,82,83,84,89,92" m="30752" machi="48" ten="30,12000,3" yaku="1,1,2,1,0,1,52,4,53,1" doraHai="76" doraHaiUra="119" who="2" fromWho="2" sc="350,-80,350,-40,340,130,0,0" /><INIT seed="1,0,0,4,2,72" ten="270,310,470,0" oya="1" hai0="61,123,113,80,60,46,135,39,52,74,108,40,67" hai1="121,86,62,71,122,70,132,50,41,129,78,75,65" hai2="90,117,105,2,120,54,35,68,128,55,47,87,81" hai3=""/><U79/><N who="1" m="31008" /><U104/><N who="1" m="31264" /><U51/><E104/><V98/><N who="2" m="30752" /><V130/><F117/><T112/><N who="0" m="31520" /><T116/><D116/><U77/><E75/><V126/><F68/><T36/><D36/><U91/><E132/><V64/><F64/><T83/><D135/><U59/><E129/><V0/><F35/><T124/><D124/><U63/><E41/><V53/><F126/><T58/><D108/><U69/><REACH who="1" step="1"/><E63/><REACH who="1" ten="270,300,470,0" step="2"/><V110/><F110/><T89/><D74/><U1/><E1/><V97/><F105/><T42/><D42/><U73/><E73/><V131/><F47/><T76/><D61/><U119/><E119/><V127/><F127/><T111/><D111/><U88/><E88/><V34/><F34/><T115/><D89/><U93/><AGARI ba="0,1" hai="50,51,59,62,65,69,70,71,77,78,79,86,91,93" m="31264,31008" machi="93" ten="40,12000,2" yaku="1,1,0,1,52,5,53,0" doraHai="72" doraHaiUra="32" who="1" fromWho="1" sc="270,-60,300,130,470,-60,0,0" /><INIT seed="1,1,0,1,0,103" ten="210,430,410,0" oya="1" hai0="42,117,120,83,90,2,36,75,37,125,60,115,85" hai1="55,47,68,40,123,71,106,129,82,121,88,98,50" hai2="118,116,109,38,126,41,87,44,53,64,127,132,91" hai3=""/><U57/><N who="1" m="31008" /><U34/><N who="1" m="31520" /><U74/><E34/><V102/><F109/><T52/><N who="0" m="30752" /><T110/><D115/><U92/><E129/><V107/><F64/><T70/><D2/><U89/><E106/><V54/><F132/><T105/><D110/><U78/><REACH who="1" step="1"/><E89/><REACH who="1" ten="210,420,410,0" step="2"/><V0/><F0/><T99/><D105/><U119/><E119/><V62/><F116/><T108/><D90/><U135/><E135/><V134/><F134/><T45/><D117/><U59/><E59/><V77/><F118/><T95/><D108/><U58/><E58/><V96/><F91/><T113/><D113/><U48/><AGARI ba="1,1" hai="40,47,48,50,55,57,68,71,74,78,82,88,92,98" m="31520,31008" machi="48" ten="20,16000,3" yaku="1,1,0,1,7,1,52,2,54,1,53,2" doraHai="103" doraHaiUra="46" who="1" fromWho="1" sc="210,-81,420,172,410,-81,0,0" /><INIT seed="1,2,0,4,1,101" ten="129,592,329,0" oya="1" hai0="114,102,39,125,67,40,128,99,111,109,89,108,119" hai1="100,115,38,66,97,56,57,110,75,34,131,118,53" hai2="120,63,51,73,41,135,32,71,117,74,86,42,50" hai3=""/><U124/><E34/><V64/><N who="2" m="30752" /><V116/><F32/><T103/><D114/><U69/><E115/><V122/><N who="2" m="31264" /><V1/><F1/><T70/><D128/><U60/><E131/><V0/><F0/><T107/><D125/><U47/><E124/><V35/><F35/><T85/><D119/><U134/><E118/><V77/><F135/><T93/><D103/><U84/><E84/><V104/><F104/><T129/><D129/><U33/><E75/><V65/><F86/><T91/><D91/><U43/><E33/><V78/><F63/><T58/><D58/><U87/><E87/><V52/><F71/><T127/><D127/><U88/><E134/><V45/><F45/><T72/><D72/><U98/><E57/><V46/><F46/><T62/><REACH who="0" step="1"/><D40/><REACH who="0" ten="119,592,329,0" step="2"/><U83/><E56/><V36/><F74/><T79/><D79/><U126/><E126/><V132/><F73/><T94/><D94/><U82/><E69/><V68/><F68/><T130/><D130/><U80/><E100/><V81/><F132/><T48/><D48/><U76/><E76/><V95/><F95/><T44/><D44/><U90/><E47/><V113/><F113/><T3/><D3/><U49/><E43/><V61/><F77/><RYUUKYOKU ba="2,1" sc="119,20,592,-10,329,-10,0,0" hai0="39,62,67,70,85,89,93,99,102,107,108,109,111" /><INIT seed="2,3,1,0,4,1" ten="139,582,319,0" oya="2" hai0="88,52,62,37,33,83,84,130,41,105,36,108,109" hai1="92,100,93,56,129,96,94,119,75,125,133,55,65" hai2="71,35,40,68,78,91,132,114,97,57,64,63,79" hai3=""/><V126/><F35/><T72/><D130/><U89/><E129/><V131/><F114/><T77/><D105/><U90/><E75/><V128/><F132/><T112/><D112/><U76/><E76/><V50/><F126/><T118/><D118/><U73/><E73/><V66/><F131/><T60/><D60/><U120/><N who="1" m="30752" /><U81/><E119/><V45/><F128/><T61/><D62/><U46/><E125/><V53/><F66/><T107/><D107/><U70/><E70/><V82/><F71/><T48/><D61/><U103/><E103/><V47/><F47/><T34/><D41/><U85/><E90/><V127/><F127/><T116/><D37/><U58/><E133/><V99/><F91/><T101/><D36/><U124/><E124/><V104/><F104/><T44/><D101/><U80/><E65/><V115/><F115/><T87/><D72/><U0/><E0/><V3/><F3/><T39/><D39/><U121/><E100/><V110/><F79/><T67/><D67/><U51/><E89/><V42/><F42/><T134/><D134/><U122/><E122/><V106/><F106/><T54/><D116/><U69/><E69/><V59/><F68/><T2/><D2/><U38/><E121/><RYUUKYOKU ba="3,1" sc="139,0,582,0,319,0,0,0" /><INIT seed="4,4,1,0,3,121" ten="139,582,319,0" oya="0" hai0="39,104,1,128,115,69,88,32,92,42,86,75,46" hai1="51,3,95,89,67,118,48,0,117,61,66,84,81" hai2="41,106,52,59,112,74,68,49,108,105,98,37,129" hai3=""/><T125/><RYUUKYOKU type="yao9" ba="4,1" sc="139,0,582,0,319,0,0,0" hai0="1,32,39,42,46,69,75,86,88,92,104,115,125,128" /><INIT seed="4,5,1,4,0,41" ten="139,582,319,0" oya="0" hai0="107,114,43,129,57,33,120,60,117,105,89,93,84" hai1="38,116,2,45,36,82,98,78,133,110,67,70,91" hai2="102,86,121,124,63,40,126,1,88,61,81,53,83" hai3=""/><T106/><N who="0" m="30752" /><T72/><D114/><U66/><E116/><V122/><N who="2" m="31008" /><V49/><N who="2" m="31264" /><V39/><F1/><T97/><D129/><U113/><E113/><V76/><F102/><T128/><D128/><U62/><E67/><V68/><F68/><T58/><D33/><U71/><E71/><V3/><F3/><T65/><D72/><U0/><E0/><V46/><F126/><T48/><D117/><U55/><E98/><V47/><F124/><T108/><D108/><U51/><E110/><V73/><AGARI ba="5,1" hai="39,40,46,47,49,53,61,63,73,76,81,83,86,88" m="31264,31008" machi="73" ten="20,9000,2" yaku="0,1,7,1,52,4,54,1" doraHai="41" who="2" fromWho="2" sc="139,-65,582,-35,319,110,0,0" /><INIT seed="5,0,0,3,4,33" ten="74,547,429,0" oya="1" hai0="2,104,120,62,127,119,105,37,54,81,84,56,83" hai1="75,125,118,51,96,64,100,89,35,135,114,102,49" hai2="109,99,134,60,132,39,128,47,88,41,48,58,110" hai3=""/><U3/><E35/><V126/><F128/><T73/><N who="0" m="30752" /><T53/><D37/><U116/><E75/><V112/><F126/><T94/><D94/><U71/><E125/><V46/><F99/><T40/><D40/><U111/><E111/><V65/><F112/><T32/><D32/><U79/><E114/><V34/><F88/><T38/><D38/><U93/><E79/><V67/><F67/><T117/><D84/><U85/><E102/><V36/><F36/><T0/><D56/><U129/><E129/><V101/><F101/><T95/><D95/><U78/><E78/><V44/><F44/><T106/><D106/><U82/><E93/><V63/><F63/><T103/><D103/><U55/><E64/><V107/><F34/><T87/><D87/><U122/><E85/><V91/><F91/><T113/><D113/><U131/><E89/><V50/><F39/><T72/><REACH who="0" step="1"/><D62/><REACH who="0" ten="64,547,429,0" step="2"/><U97/><E100/><V61/><F60/><T66/><D66/><U77/><E122/><V92/><F92/><T42/><D42/><U43/><E43/><V69/><F107/><T115/><D115/><U76/><E97/><V90/><F58/><T86/><D86/><U59/><E96/><V108/><F90/><T68/><D68/><RYUUKYOKU ba="0,1" sc="64,10,547,-20,429,10,0,0" hai0="0,2,53,54,72,73,81,83,104,105,117,119,127" hai2="41,46,47,48,50,61,65,69,108,109,110,132,134" /><INIT seed="6,1,1,5,4,76" ten="74,527,439,0" oya="2" hai0="106,0,63,74,71,43,135,125,75,59,1,129,89" hai1="56,92,108,101,35,123,42,118,50,86,103,53,60" hai2="39,78,57,117,88,47,33,3,46,80,64,52,115" hai3=""/><V116/><F3/><T2/><D89/><U58/><N who="1" m="31520" /><U87/><E35/><V45/><F33/><T104/><D43/><U36/><E36/><V119/><F115/><T81/><D59/><U69/><E69/><V128/><F128/><T95/><D95/><U55/><E118/><V113/><F113/><T61/><D81/><U84/><E42/><V85/><F64/><T99/><D99/><U120/><N who="1" m="30752" /><U124/><E108/><V73/><F39/><T110/><D71/><U105/><E103/><V62/><REACH who="2" step="1"/><F73/><REACH who="2" ten="74,527,429,0" step="2"/><T48/><D129/><U122/><E122/><V51/><F51/><T90/><D48/><U127/><E127/><V41/><F41/><T111/><D125/><U91/><E124/><V70/><F70/><T44/><D135/><U40/><E40/><V68/><F68/><T134/><D134/><U97/><AGARI ba="1,2" hai="50,53,55,56,58,60,84,86,87,91,92,97,101,105" m="30752,31520" machi="97" ten="30,3000,0" yaku="0,1,52,2" doraHai="76" who="1" fromWho="1" sc="74,-11,527,52,429,-21,0,0" owari="63,-54.0,579,53.0,408,1.0,0,0.0" /></mjloggm>