<mjloggm ver="2.3"><GO type="185" lobby="0"/><UN n0="%E3%81%BE%E3%82%8D%E3%81%AB%E3%81%84" n1="%41%74%72%69%61" n2="%44%75%73%6B" n3="" dan="16,17,16,0" rate="2073.52,2247.34,2213.77,1500.00" sx="M,F,M,C"/><TAIKYOKU oya="0"/><INIT seed="0,0,0,5,4,87" ten="350,350,350,0" oya="0" hai0="117,123,116,104,121,66,50,44,86,131,102,58,94" hai1="34,52,99,118,119,0,59,55,105,49,63,61,96" hai2="35,100,129,95,89,48,65,75,108,98,103,107,112" hai3=""/><T82/><N who="0" m="31008" /><T45/><N who="0" m="31520" /><T79/><D131/><U120/><N who="1" m="30752" /><U54/><E34/><V47/><F112/><T72/><D45/><U37/><E0/><V84/><F108/><T62/><D104/><U106/><E37/><V127/><F35/><T90/><D102/><U69/><E49/><V3/><F3/><T101/><D101/><U134/><E69/><V78/><F103/><T32/><D32/><U85/><E85/><V113/><F127/><T33/><D33/><U97/><E134/><V71/><F113/><T80/><REACH who="0" step="1"/><D82/><REACH who="0" ten="340,350,350,0" step="2"/><U40/><E40/><AGARI ba="0,1" hai="40,44,50,58,62,66,72,79,80,86,90,94,116,117" m="31520,31008" machi="40" ten="30,18000,2" yaku="1,1,2,1,7,1,52,3,53,0" doraHai="87" doraHaiUra="1" who="0" fromWho="1" sc="340,190,350,-180,350,0,0,0" /><INIT seed="0,1,0,2,2,87" ten="530,170,350,0" oya="0" hai0="41,84,80,85,123,129,88,43,102,62,38,71,96" hai1="93,76,60,67,133,117,34,36,70,3,55,77,118" hai2="130,65,49,81,112,131,103,61,45,90,92,121,53" hai3=""/><T58/><N who="0" m="31520" /><T104/><D129/><N who="2" m="49162" /><F112/><T114/><D114/><U135/><E34/><V54/><N who="2" m="31008" /><V57/><F103/><T33/><D33/><U59/><E3/><V98/><F81/><T127/><D71/><U32/><E32/><V119/><F119/><N who="1" m="45577" /><E93/><V113/><F113/><T35/><D35/><U42/><E76/><V99/><F99/><T86/><D127/><U91/><E91/><V56/><F56/><T116/><D116/><U51/><E77/><V89/><F90/><T109/><D109/><U95/><E95/><V50/><F50/><T125/><D125/><U108/><E108/><V100/><F100/><T122/><N who="0" m="31264" /><T69/><D69/><U72/><E72/><V106/><F106/><T52/><REACH who="0" step="1"/><D43/><AGARI ba="1,0" hai="43,45,49,53,54,57,61,65,89,92,98" m="31008,49162" machi="43" ten="30,3900,0" yaku="19,1,52,2" doraHai="87" who="2" fromWho="0" sc="530,-41,170,0,350,41,0,0" /><INIT seed="1,0,0,2,0,74" ten="489,170,391,0" oya="1" hai0="36,126,71,129,87,3,70,102,52,101,48,43,130" hai1="72,69,81,112,123,109,34,98,118,77,132,97,83" hai2="79,99,51,133,41,122,124,65,2,88,63,38,104" hai3=""/><U53/><N who="1" m="31520" /><U100/><E34/><V82/><N who="2" m="31264" /><V75/><F2/><T40/><D3/><U120/><N who="1" m="30752" /><U57/><E112/><V105/><F133/><T116/><D116/><U134/><E118/><V62/><F124/><T66/><D126/><U32/><E32/><V95/><F38/><T1/><D1/><U110/><E69/><N who="0" m="26121" /><D66/><U39/><E39/><V54/><F41/><N who="0" m="15946" /><D87/><U55/><E55/><V92/><F92/><T89/><D89/><U59/><E59/><V108/><F108/><N who="1" m="41577" /><E83/><V96/><F65/><T91/><D91/><U128/><E128/><N who="0" m="49257" /><D36/><U50/><E98/><V61/><REACH who="2" step="1"/><F96/><REACH who="2" ten="489,170,381,0" step="2"/><T90/><D90/><U78/><E78/><V85/><F85/><T47/><AGARI ba="0,1" hai="47,48,52,101,102" m="49257,15946,26121" machi="47" ten="40,2000,0" yaku="19,1,54,1" doraHai="74" who="0" fromWho="0" sc="489,30,170,-13,381,-7,0,0" /><INIT seed="2,0,0,5,5,99" ten="519,157,374,0" oya="2" hai0="44,42,47,104,130,96,118,134,55,102,35,66,83" hai1="78,109,53,38,133,60,37,2,84,43,101,3,95" hai2="41,108,72,89,79,135,87,81,111,125,128,91,32" hai3=""/><V103/><F32/><T39/><D35/><U132/><E109/><N who="2" m="42059" /><F41/><T126/><D118/><U70/><E53/><V67/><F67/><T106/><D134/><N who="1" m="51819" /><E60/><V77/><F135/><T94/><D130/><U52/><E52/><V82/><F128/><T131/><D131/><U119/><E70/><V74/><F125/><T36/><D126/><U116/><E78/><V63/><F63/><T85/><D66/><U97/><E84/><V123/><N who="2" m="31520" /><V80/><F103/><T0/><D0/><N who="1" m="43" /><E43/><V90/><AGARI ba="0,0" hai="72,74,77,79,80,81,82,87,89,90,91" m="31520,42059" machi="90" ten="30,8000,1" yaku="14,1,10,1,34,2,52,1" doraHai="99" who="2" fromWho="2" sc="519,-40,157,-40,374,80,0,0" /><INIT seed="2,1,0,3,1,81" ten="479,117,454,0" oya="2" hai0="58,105,48,1,125,100,74,95,126,53,75,130,112" hai1="60,90,84,40,73,128,106,89,98,108,127,49,129" hai2="44,62,63,82,101,65,2,77,118,93,134,80,94" hai3=""/><V92/><F118/><T114/><D1/><U103/><E60/><V97/><F134/><T47/><D105/><U56/><E56/><V38/><F2/><T37/><D130/><N who="1" m="50283" /><E49/><V122/><N who="2" m="31264" /><V99/><F80/><T116/><D116/><U35/><E40/><V87/><F99/><T45/><D37/><U39/><E39/><V76/><F76/><T42/><D47/><U104/><E35/><V133/><F133/><T3/><D3/><U83/><E108/><V51/><F38/><T52/><D42/><U66/><E66/><V113/><F113/><N who="0" m="43626" /><D100/><U43/><E43/><V109/><F109/><T41/><D95/><N who="2" m="36426" /><F65/><T54/><D58/><U124/><E106/><V117/><F117/><T55/><N who="0" m="13312" /><DORA hai="71" /><T79/><D79/><U70/><E70/><V68/><F68/><T119/><D119/><U46/><E46/><V59/><F59/><T123/><N who="0" m="31520" /><T34/><D34/><U64/><E64/><V32/><F32/><T91/><D91/><U107/><E90/><V111/><F111/><T57/><D57/><U88/><E107/><V72/><F51/><T110/><D110/><U67/><E67/><V86/><F44/><T69/><D69/><U121/><N who="1" m="31008" /><U115/><E115/><V85/><AGARI ba="1,0" hai="62,63,72,77,82,85,86,87,94,97,101" m="36426,31264" machi="85" ten="30,8000,1" yaku="5,1,52,4" doraHai="81,71" who="2" fromWho="2" sc="479,-41,117,-41,454,82,0,0" /><INIT seed="2,2,0,0,5,69" ten="438,76,536,0" oya="2" hai0="128,104,108,130,110,89,118,34,43,50,127,51,57" hai1="76,60,64,126,72,125,95,63,105,117,102,56,98" hai2="1,53,39,38,119,103,47,123,71,111,120,129,124" hai3=""/><V41/><N who="2" m="30752" /><V0/><N who="2" m="31520" /><V74/><F119/><T44/><D34/><U37/><E117/><V88/><F129/><N who="0" m="49770" /><D118/><U48/><E48/><V80/><F124/><T101/><D89/><U99/><E60/><V121/><N who="2" m="31008" /><V81/><F71/><T96/><D127/><U134/><E134/><V100/><F111/><N who="0" m="42538" /><D57/><U40/><E76/><V73/><F47/><T94/><D104/><U55/><E72/><V91/><F53/><T3/><D3/><U122/><N who="1" m="31264" /><U59/><E59/><V65/><F65/><T84/><D84/><U33/><E33/><V90/><F90/><T114/><D114/><U109/><E109/><V83/><F83/><T82/><D82/><U97/><E97/><V132/><F41/><T46/><D46/><U75/><E75/><V58/><F58/><T116/><D116/><U77/><E77/><V66/><F66/><T115/><D115/><U113/><E113/><V52/><F52/><T133/><D133/><AGARI ba="2,0" hai="0,1,38,39,73,74,80,81,88,91,100,103,132,133" m="31008,31520,30752" machi="133" ten="25,24000,3" yaku="22,2,52,5,54,1" doraHai="69" who="2" fromWho="0" sc="438,-244,76,0,536,244,0,0" /><INIT seed="2,3,0,2,5,109" ten="194,76,780,0" oya="2" hai0="50,116,88,75,106,107,84,57,40,130,94,32,37" hai1="61,92,51,2,103,135,42,52,95,102,134,104,58" hai2="65,60,45,69,47,132,123,91,63,33,55,99,125" hai3=""/><V96/><N who="2" m="31520" /><V128/><F128/><T80/><D32/><U73/><E73/><V110/><F33/><T1/><D1/><U98/><E2/><V76/><F110/><T34/><D34/><U79/><E79/><V89/><F132/><N who="1" m="50729" /><E103/><V78/><F125/><T101/><D116/><U82/><E82/><V74/><F74/><T117/><D117/><U43/><E43/><V120/><N who="2" m="30752" /><V124/><F124/><T38/><D130/><U39/><E39/><V72/><F72/><T0/><D0/><U105/><E95/><V44/><F55/><T129/><D129/><U87/><E87/><V131/><F131/><T86/><D107/><U122/><N who="1" m="31264" /><U56/><E42/><V64/><F45/><T111/><D111/><U119/><E119/><V97/><F97/><T93/><D106/><U118/><E118/><V54/><F54/><AGARI ba="3,0" hai="51,52,54,56,58,61,92,98,102,104,105" m="31264,50729" machi="54" ten="30,3900,0" yaku="20,1,52,1,54,1" doraHai="109" who="1" fromWho="2" sc="194,0,76,45,780,-45,0,0" /><INIT seed="4,0,0,4,5,129" ten="194,121,735,0" oya="0" hai0="120,125,100,93,1,99,36,79,76,117,57,50,127" hai1="133,49,78,81,110,111,42,112,135,103,101,75,3" hai2="39,63,105,88,74,106,86,67,46,108,77,47,58" hai3=""/><T70/><N who="0" m="30752" /><T123/><N who="0" m="31520" /><T43/><D1/><U38/><E38/><V0/><F108/><N who="1" m="41513" /><E3/><V48/><F0/><T134/><D117/><U2/><E2/><V89/><F39/><T131/><D70/><U72/><E72/><V94/><F89/><T97/><D131/><U80/><E112/><V59/><F59/><T44/><D99/><U34/><E34/><V56/><F56/><T54/><D134/><N who="1" m="51211" /><E81/><V73/><F47/><AGARI ba="0,0" hai="42,47,49,75,78,80,101,103" m="51211,41513" machi="47" ten="30,7700,0" yaku="20,1,52,3" doraHai="129" who="1" fromWho="2" sc="194,0,121,77,735,-77,0,0" /><INIT seed="5,0,0,3,1,37" ten="194,198,658,0" oya="1" hai0="56,0,83,121,90,35,55,36,135,132,69,44,98" hai1="81,88,109,118,80,134,41,46,100,86,94,64,87" hai2="71,117,61,53,111,120,128,75,102,133,129,127,116" hai3=""/><U32/><E118/><V40/><N who="2" m="30752" /><V93/><F75/><T34/><N who="0" m="31008" /><T60/><D0/><U67/><E32/><V42/><F111/><T76/><D69/><U77/><E109/><V65/><F102/><T99/><D35/><U123/><N who="1" m="31520" /><U115/><E115/><V82/><F82/><T130/><D34/><U52/><E134/><N who="0" m="51241" /><D130/><N who="2" m="50282" /><F93/><T45/><D45/><U57/><E94/><V38/><F133/><T49/><D36/><U95/><E95/><V85/><F85/><T62/><D90/><U2/><E2/><V58/><F127/><T1/><D1/><U66/><E100/><V108/><F108/><T59/><D59/><U96/><E96/><N who="0" m="36905" /><D56/><U54/><REACH who="1" step="1"/><E57/><REACH who="1" ten="194,188,658,0" step="2"/><V125/><F125/><T50/><D50/><AGARI ba="0,1" hai="41,46,50,52,54,64,66,67,77,80,81,86,87,88" m="31520" machi="50" ten="40,18000,2" yaku="1,1,2,1,8,1,52,2,54,2,53,0" doraHai="37" doraHaiUra="126" who="1" fromWho="0" sc="194,-180,188,190,658,0,0,0" /><INIT seed="5,1,0,4,4,72" ten="14,378,658,0" oya="1" hai0="2,84,123,39,71,59,119,69,68,1,111,56,131" hai1="90,41,73,47,33,78,89,76,49,64,34,52,32" hai2="57,104,86,124,88,114,135,82,99,101,79,92,75" hai3=""/><U40/><E64/><V51/><F135/><T54/><N who="0" m="31520" /><T109/><D39/><U120/><N who="1" m="30752" /><U116/><E116/><V74/><F124/><T55/><D119/><U77/><E73/><V81/><F114/><T45/><D84/><U50/><E52/><V97/><F57/><T117/><D117/><U44/><E89/><V102/><F51/><T95/><D95/><U105/><E90/><V67/><F67/><T66/><D131/><U133/><E105/><V118/><F118/><T36/><D2/><U53/><E53/><V35/><F35/><T132/><D1/><U48/><E133/><V96/><F75/><T108/><D132/><U125/><E125/><V94/><F81/><T107/><D107/><U103/><E103/><V46/><F46/><AGARI ba="1,0" hai="32,33,34,40,41,44,46,47,48,49,50,76,77,78" m="30752" machi="46" ten="50,24000,3" yaku="29,2,28,2,52,4" doraHai="72" who="1" fromWho="2" sc="14,0,378,242,658,-242,0,0" /><INIT seed="5,2,0,1,2,133" ten="14,620,416,0" oya="1" hai0="65,132,119,52,117,78,124,70,63,75,74,49,116" hai1="90,120,89,64,92,130,45,42,79,83,54,82,84" hai2="111,62,53,123,110,51,106,107,76,95,61,135,122" hai3=""/><U37/><N who="1" m="30752" /><U40/><E130/><V34/><N who="2" m="31264" /><V77/><N who="2" m="31520" /><V125/><F34/><T97/><D132/><U80/><E64/><V100/><F135/><T1/><D1/><U91/><E42/><V105/><F125/><T94/><D78/><U113/><E113/><V114/><F114/><T47/><REACH who="0" step="1"/><D124/><REACH who="0" ten="4,620,416,0" step="2"/><U98/><E79/><V66/><F77/><T81/><D81/><U104/><E104/><V50/><F76/><T86/><D86/><U85/><E83/><V67/><F111/><T3/><D3/><U38/><E38/><V32/><F110/><T118/><N who="0" m="29696" /><DORA hai="108" /><T33/><D33/><U102/><E82/><V112/><F32/><T72/><D72/><U128/><E85/><V129/><F112/><T131/><D131/><U36/><E36/><V60/><F129/><T39/><D39/><U101/><E128/><V57/><F106/><T103/><AGARI ba="2,1" hai="47,49,52,63,65,70,74,75,94,97,103" m="29696" machi="103" ten="60,9000,2" yaku="1,1,0,1,12,1,54,1,53,2" doraHai="133,108" doraHaiUra="56,99" who="0" fromWho="0" sc="4,104,620,-62,416,-32,0,0" /><INIT seed="6,0,0,0,5,66" ten="108,558,384,0" oya="2" hai0="46,80,98,87,35,106,118,102,36,117,52,58,50" hai1="108,96,116,72,68,114,85,59,0,53,39,61,111" hai2="33,65,74,132,2,79,124,129,37,94,130,103,95" hai3=""/><V119/><F33/><T34/><D117/><U62/><E72/><V97/><F2/><T131/><D118/><U42/><E0/><V47/><F119/><T100/><D131/><N who="2" m="50186" /><F132/><T63/><D36/><U55/><E116/><V83/><F124/><T48/><D102/><U89/><E96/><V57/><F37/><T76/><REACH who="0" step="1"/><D50/><REACH who="0" ten="98,558,384,0" step="2"/><U123/><N who="1" m="31520" /><U81/><E114/><V86/><F47/><T115/><D115/><U3/><E3/><V107/><F74/><T49/><D49/><U126/><E126/><V110/><F110/><T70/><D70/><U93/><E68/><V90/><F79/><T43/><AGARI ba="0,1" hai="34,35,43,46,48,52,58,63,76,80,87,98,100,106" machi="43" ten="20,3900,0" yaku="1,1,0,1,7,1,54,1,53,0" doraHai="66" doraHaiUra="134" who="0" fromWho="0" sc="98,49,558,-13,384,-26,0,0" owari="147,-45.0,545,49.0,358,-4.0,0,0.0" /></mjloggm>