<mjloggm ver="2.3"><GO type="169" lobby="0"/><UN n0="%E6%B2%96%E3%83%92%E3%82%AB%E3%83%AB%EF%BC%88%E6%9C%AC%E7%89%A9%EF%BC%89" n1="%E3%81%96%E3%82%8A%E3%81%8C%E3%81%AB%E3%81%8F%E3%82%93" n2="%47%2E%4B%2E" n3="%E3%83%99%E3%82%B8%E2%80%95%E3%82%BF" dan="16,17,17,16" rate="2071.55,2224.84,2194.67,2155.40" sx="F,M,M,M"/><TAIKYOKU oya="0"/><INIT seed="0,0,0,1,0,106" ten="250,250,250,250" oya="0" hai0="58,93,113,10,30,18,60,109,134,35,15,123,21" hai1="19,101,40,56,17,90,100,122,129,71,54,67,96" hai2="103,92,61,1,65,126,72,57,48,81,28,36,12" hai3="5,13,76,6,131,104,84,127,111,38,22,2,52"/><T45/><D113/><U37/><E122/><V43/><F1/><W16/><G104/><T51/><D123/><U7/><E129/><V53/><F126/><W9/><G38/><T108/><D134/><U79/><E79/><V132/><F132/><W27/><G127/><T91/><D35/><U31/><E7/><V69/><F28/><W73/><G73/><T68/><D68/><U64/><E90/><V86/><F12/><W97/><G131/><T120/><D120/><U41/><E31/><V0/><F0/><W130/><G130/><T33/><D33/><U94/><E101/><V46/><F72/><W4/><G97/><T99/><D10/><U83/><E83/><V105/><F105/><W82/><G111/><N who="0" m="42571" /><D30/><U125/><E125/><V74/><F74/><W42/><G42/><N who="1" m="16490" /><E37/><V110/><F110/><W29/><REACH who="3" step="1"/><G52/><REACH who="3" ten="250,250,250,240" step="2"/><N who="0" m="32031" /><D60/><N who="1" m="35863" /><E71/><V20/><F69/><W39/><G39/><T89/><D45/><U34/><E34/><AGARI ba="0,1" hai="2,4,5,6,9,13,16,22,27,29,34,76,82,84" machi="34" ten="30,12000,2" yaku="1,1,7,1,24,2,54,1,53,1" doraHai="106" doraHaiUra="75" who="3" fromWho="1" sc="250,0,250,-120,250,0,240,130" /><INIT seed="1,0,0,0,5,22" ten="250,130,250,370" oya="1" hai0="55,75,45,95,71,31,72,18,20,44,101,5,90" hai1="97,111,125,127,121,117,21,33,118,119,40,98,78" hai2="84,2,82,15,23,1,132,91,43,123,105,61,120" hai3="29,11,93,51,13,6,103,106,109,87,94,58,59"/><U85/><E33/><V12/><F105/><W41/><G109/><T30/><D71/><U68/><E68/><V64/><F132/><W108/><G108/><T88/><D5/><U114/><E111/><V73/><F73/><W3/><G3/><T77/><D101/><U53/><E40/><V124/><F124/><N who="1" m="47689" /><E53/><V74/><F74/><W133/><G133/><T65/><D65/><U63/><E63/><V104/><F104/><W113/><G113/><T110/><D110/><U24/><E114/><V7/><F43/><W128/><G128/><T48/><D45/><U4/><E4/><V129/><F129/><W66/><G106/><T47/><D44/><U27/><E21/><V70/><F12/><W79/><G66/><T49/><D49/><U39/><E39/><V42/><F42/><W32/><G41/><T80/><D75/><U14/><E14/><V134/><F134/><W81/><G51/><T34/><D34/><U107/><E121/><V102/><F102/><W17/><G6/><T37/><D37/><U99/><E107/><V83/><F83/><AGARI ba="0,0" hai="24,27,78,83,85,97,98,99,117,118,119" m="47689" machi="83" ten="40,7700,0" yaku="18,1,52,2" doraHai="22" who="1" fromWho="2" sc="250,0,130,77,250,-77,370,0" /><INIT seed="1,1,0,3,4,7" ten="250,207,173,370" oya="1" hai0="78,114,28,128,39,51,6,43,111,87,50,37,3" hai1="26,91,95,59,93,14,74,108,33,53,110,4,11" hai2="34,44,52,85,129,96,54,36,49,63,109,121,18" hai3="118,66,48,1,70,99,16,130,135,41,119,58,97"/><U15/><E74/><V35/><F121/><W24/><G1/><T132/><D114/><U60/><E91/><V0/><F109/><N who="1" m="42089" /><E15/><V68/><F129/><W30/><G130/><T122/><D111/><U19/><E33/><V10/><F36/><W76/><G76/><T69/><D28/><U64/><E64/><V71/><F85/><W38/><G135/><T103/><D103/><U55/><E55/><V42/><F96/><W80/><G97/><T61/><D87/><U127/><E127/><V82/><F82/><W47/><G80/><T72/><D78/><U89/><E89/><V107/><F107/><W8/><G99/><T106/><D72/><U79/><E79/><V21/><F34/><W56/><G66/><T75/><D75/><U116/><E116/><N who="3" m="44586" /><G70/><T112/><D69/><U57/><E57/><V90/><F35/><N who="3" m="20935" /><G38/><T124/><D3/><N who="1" m="415" /><E26/><V27/><F90/><W46/><G47/><T126/><D128/><U133/><E133/><V31/><F0/><W115/><G115/><T88/><D112/><U117/><E117/><V120/><F68/><W45/><G46/><T100/><D132/><U113/><E113/><V123/><F71/><W5/><G5/><T94/><D6/><U2/><E2/><V102/><F102/><W65/><G65/><T105/><D100/><U17/><E17/><V22/><F18/><W67/><G67/><T86/><D126/><U25/><E25/><V125/><F27/><W101/><G101/><T9/><D124/><U23/><AGARI ba="1,0" hai="14,19,23,53,59,60,93,95" m="415,42089" machi="23" ten="30,6000,0" yaku="14,1,10,1,52,1" doraHai="7" who="1" fromWho="1" sc="250,-21,207,63,173,-21,370,-21" /><INIT seed="1,2,0,1,3,117" ten="229,270,152,349" oya="1" hai0="134,97,53,89,80,122,59,58,132,98,20,67,70" hai1="65,92,50,93,25,38,120,74,114,42,68,125,46" hai2="123,23,5,63,32,30,56,111,87,118,22,29,128" hai3="62,121,47,7,44,28,3,24,9,8,81,45,131"/><U84/><E114/><V73/><F73/><W61/><G131/><T99/><D122/><U10/><E74/><V116/><F87/><W91/><G8/><T133/><D20/><N who="2" m="7722" /><F56/><N who="0" m="21546" /><D53/><U55/><E125/><V94/><F63/><W54/><G121/><T86/><D67/><U113/><E113/><V11/><F94/><W79/><G91/><N who="0" m="51655" /><D70/><U31/><E55/><V109/><F128/><W119/><G119/><N who="2" m="45609" /><F123/><W124/><G124/><T52/><D52/><U76/><E65/><V40/><F40/><W1/><G1/><T35/><D35/><U127/><E68/><V21/><N who="2" m="7730" /><V83/><DORA hai="75" /><F83/><W2/><G2/><T90/><AGARI ba="2,0" hai="89,90,97,98,99,132,133,134" m="51655,21546" machi="90" ten="40,1500,0" yaku="20,1" doraHai="117,75" who="0" fromWho="0" sc="229,21,270,-9,152,-6,349,-6" /><INIT seed="2,0,0,4,4,124" ten="250,261,146,343" oya="2" hai0="84,56,19,53,21,27,43,122,68,96,131,125,40" hai1="99,73,28,78,95,30,51,12,8,92,79,65,11" hai2="24,104,45,22,87,89,41,4,75,10,1,0,103" hai3="80,132,127,134,129,6,18,7,81,37,57,38,25"/><V94/><F75/><W107/><G107/><T76/><D68/><U3/><E3/><V14/><F103/><W71/><G71/><T35/><D122/><U39/><E39/><N who="3" m="14858" /><G57/><T31/><D125/><U116/><E116/><V120/><F104/><W52/><G127/><T2/><D2/><U91/><E65/><V33/><F33/><W72/><G72/><T61/><D76/><N who="1" m="29227" /><E73/><V70/><F70/><W9/><G52/><T26/><D84/><N who="1" m="52327" /><E51/><V32/><F32/><W126/><G126/><T74/><D74/><U130/><E130/><V69/><F69/><W88/><G129/><T48/><D131/><U93/><E93/><V77/><F77/><W63/><G63/><T85/><D85/><U55/><E55/><V5/><F120/><W117/><G117/><T97/><D48/><U46/><E46/><V111/><F111/><W90/><G25/><T121/><D121/><U47/><E47/><V13/><F45/><W108/><G108/><T128/><D128/><U100/><E8/><V114/><F41/><W110/><G110/><T60/><D60/><U123/><E123/><V49/><F49/><W42/><G42/><T50/><D50/><U98/><E99/><V67/><F67/><W62/><G62/><T20/><D35/><U16/><AGARI ba="0,0" hai="11,12,16,28,30,95,98,100" m="52327,29227" machi="16" ten="30,2000,0" yaku="8,1,54,1" doraHai="124" who="1" fromWho="1" sc="250,-5,261,20,146,-10,343,-5" /><INIT seed="3,0,0,2,3,81" ten="245,281,136,338" oya="3" hai0="132,100,71,29,80,107,79,27,55,1,118,122,95" hai1="4,61,49,7,67,11,109,121,21,66,85,90,26" hai2="25,110,0,50,70,108,23,52,41,22,53,102,113" hai3="45,44,126,38,43,120,32,47,135,76,72,78,94"/><W87/><G120/><T116/><D122/><U58/><E109/><N who="2" m="42091" /><F113/><W89/><G32/><T86/><D1/><U68/><E121/><V60/><F0/><W64/><G126/><T101/><D71/><U54/><E67/><N who="2" m="41319" /><F102/><W91/><G135/><T51/><D107/><U33/><E33/><V13/><F13/><W18/><G64/><T20/><D132/><U69/><E69/><V117/><F117/><W10/><G72/><T3/><D3/><U35/><E11/><V56/><F41/><W99/><G38/><T42/><D42/><U75/><E75/><V12/><F12/><N who="3" m="7447" /><G43/><T134/><D134/><U119/><E35/><V106/><F106/><W34/><G34/><T111/><D111/><U48/><E48/><N who="2" m="30727" /><F25/><W97/><G97/><T82/><D101/><U36/><E36/><V129/><F129/><W30/><G30/><T96/><REACH who="0" step="1"/><D82/><AGARI ba="0,0" hai="44,45,47,76,78,82,87,89,91,94,99" m="7447" machi="82" ten="30,2900,0" yaku="8,1,52,1" doraHai="81" who="3" fromWho="0" sc="245,-29,281,0,136,0,338,29" /><INIT seed="3,1,0,4,4,124" ten="216,281,136,367" oya="3" hai0="19,73,127,29,129,41,40,123,121,48,93,91,54" hai1="57,20,111,47,79,46,77,45,1,134,68,8,86" hai2="101,125,14,85,24,62,21,7,50,60,128,82,107" hai3="66,84,32,76,119,118,38,67,49,23,4,87,110"/><W22/><G38/><T17/><D73/><U59/><E111/><V109/><F109/><W112/><G110/><T126/><D29/><U26/><E134/><V90/><F125/><N who="0" m="47626" /><D19/><U106/><E106/><V69/><F69/><W132/><G112/><T108/><D17/><U72/><E72/><V105/><F128/><W71/><G71/><T51/><D108/><U61/><E68/><V97/><F105/><W104/><G104/><T95/><D91/><U94/><E8/><V74/><F50/><N who="0" m="18986" /><D54/><U64/><E59/><V9/><REACH who="2" step="1"/><F74/><REACH who="2" ten="216,281,126,367" step="2"/><W30/><G49/><T99/><D129/><U5/><E45/><V56/><F56/><W130/><G130/><T70/><D70/><U98/><E46/><V6/><F6/><W116/><G4/><T25/><D123/><U52/><E5/><V113/><F113/><W37/><G118/><T83/><D121/><U0/><E47/><V13/><F13/><W33/><G116/><T18/><D41/><U103/><E0/><V53/><F53/><W28/><G119/><T35/><D40/><U11/><E52/><V43/><F43/><W100/><G37/><T3/><D3/><U27/><E1/><V92/><F92/><W102/><G132/><T96/><D95/><U75/><E75/><V15/><F15/><W89/><G66/><T2/><D93/><U122/><E122/><V42/><F42/><W10/><G67/><T39/><D2/><U78/><E57/><V34/><F34/><W117/><G117/><T115/><D39/><U55/><E64/><V36/><F36/><W120/><G120/><T12/><D115/><RYUUKYOKU ba="1,1" sc="216,-10,281,-10,126,30,367,-10" hai2="7,9,14,21,24,60,62,82,85,90,97,101,107" /><INIT seed="4,2,1,1,0,73" ten="206,271,156,357" oya="0" hai0="59,116,17,54,98,100,101,66,65,121,86,82,20" hai1="91,87,129,37,13,44,80,25,29,15,108,49,36" hai2="68,77,85,5,2,102,70,9,131,1,67,45,8" hai3="23,50,84,12,27,95,11,63,51,26,111,40,52"/><T130/><D116/><U6/><E108/><V107/><F131/><W78/><G111/><T106/><D130/><U34/><E129/><V76/><F45/><N who="3" m="25895" /><G63/><T61/><D101/><U30/><E30/><V122/><F122/><W47/><G23/><T14/><REACH who="0" step="1"/><D121/><REACH who="0" ten="196,271,156,357" step="2"/><U115/><E115/><V112/><F102/><W103/><G103/><T0/><D0/><U89/><E37/><V33/><F112/><W55/><G55/><T105/><D105/><U72/><E36/><V134/><F107/><W10/><G10/><T99/><D99/><U46/><E6/><V38/><F5/><N who="3" m="3183" /><G95/><T128/><D128/><U64/><E64/><V124/><F67/><W119/><G119/><T94/><D94/><U22/><E80/><AGARI ba="2,2" hai="26,27,47,51,52,78,80,84" m="3183,25895" machi="80" ten="30,7700,0" yaku="25,1,8,1,52,1,54,1" doraHai="73" who="3" fromWho="1" sc="196,0,271,-83,156,0,357,103" /><INIT seed="5,0,0,2,5,46" ten="196,188,156,460" oya="1" hai0="44,105,19,122,37,5,34,91,123,7,134,30,4" hai1="121,32,25,21,12,135,40,81,90,128,124,89,67" hai2="80,94,2,114,22,28,95,9,97,26,85,53,74" hai3="68,20,57,125,130,79,60,29,11,33,127,55,117"/><U35/><E121/><N who="0" m="46089" /><D105/><U107/><E107/><V65/><F74/><W16/><G68/><T118/><D91/><U92/><E135/><V8/><F114/><W45/><G130/><T82/><D82/><U87/><E124/><N who="3" m="47690" /><G117/><T116/><D134/><U83/><E128/><V6/><F65/><W1/><G79/><T84/><D84/><U66/><E40/><V15/><F97/><W48/><G33/><T41/><D19/><U63/><E12/><V14/><F2/><W126/><G126/><T59/><D59/><U36/><E36/><V129/><F53/><W64/><G29/><T43/><D41/><U106/><E106/><V27/><F27/><AGARI ba="0,0" hai="4,5,7,27,30,34,37,43,44,116,118" m="46089" machi="27" ten="30,1000,0" yaku="13,1" doraHai="46" who="0" fromWho="2" sc="196,10,188,0,156,-10,460,0" /><INIT seed="6,0,0,0,0,17" ten="206,188,146,460" oya="2" hai0="129,110,66,64,4,42,87,111,0,69,22,104,89" hai1="119,59,76,54,52,58,80,79,109,49,28,53,24" hai2="1,63,60,18,57,12,11,40,55,73,47,2,32" hai3="67,106,117,27,121,132,123,10,72,8,128,20,114"/><V3/><F73/><W38/><G106/><T100/><D42/><U90/><E109/><V81/><F32/><W88/><G38/><T126/><D129/><U77/><E119/><V16/><F81/><W105/><G105/><T30/><D4/><U82/><E90/><V68/><F68/><W9/><G72/><T19/><D30/><U108/><E108/><V25/><F60/><W5/><G67/><T97/><D0/><U91/><E91/><V7/><REACH who="2" step="1"/><F25/><REACH who="2" ten="206,188,136,460" step="2"/><W103/><G27/><T48/><D69/><U61/><REACH who="1" step="1"/><E53/><REACH who="1" ten="206,178,136,460" step="2"/><V116/><F116/><W102/><G117/><T120/><D111/><U95/><E95/><V74/><F74/><W135/><G123/><T62/><D120/><U118/><E118/><V36/><AGARI ba="0,2" hai="1,2,3,7,11,12,16,18,36,40,47,55,57,63" machi="36" ten="30,11700,0" yaku="1,1,0,1,54,1,53,1" doraHai="17" doraHaiUra="51" who="2" fromWho="2" sc="206,-39,178,-39,136,137,460,-39" /><INIT seed="6,1,0,3,3,33" ten="167,139,273,421" oya="2" hai0="87,8,107,103,3,21,48,132,124,94,57,50,119" hai1="80,113,14,81,16,133,111,54,38,17,55,41,76" hai2="12,123,86,78,70,122,52,121,84,120,125,112,1" hai3="28,93,62,130,127,10,83,99,56,89,117,61,72"/><V65/><F78/><W13/><G117/><T100/><D107/><U68/><E111/><V85/><F112/><W9/><G127/><T129/><D124/><U115/><E133/><V63/><F125/><W0/><G130/><T19/><D129/><U118/><E68/><V40/><F40/><W11/><G28/><T53/><D50/><U97/><E118/><V35/><F35/><W95/><G0/><T23/><D23/><U37/><E97/><V24/><F24/><W106/><G106/><T102/><D132/><U88/><E76/><V58/><N who="2" m="31232" /><DORA hai="67" /><V60/><REACH who="2" step="1"/><F12/><REACH who="2" ten="167,139,263,421" step="2"/><W42/><G42/><T66/><D119/><U135/><E135/><V26/><F26/><W134/><G13/><T29/><D29/><U49/><E14/><V79/><F79/><W36/><G134/><T73/><D73/><U34/><E41/><V82/><F82/><W6/><G83/><T116/><D116/><U2/><E34/><V25/><F25/><W51/><G72/><T77/><D77/><U104/><E2/><AGARI ba="1,1" hai="1,2,52,58,60,63,65,70,84,85,86" m="31232" machi="2" ten="70,12000,1" yaku="1,1,52,3,54,1,53,0" doraHai="33,67" doraHaiUra="4,5" who="2" fromWho="1" sc="167,0,139,-123,263,133,421,0" /><INIT seed="6,2,0,5,0,46" ten="167,16,396,421" oya="2" hai0="32,20,103,7,67,82,22,19,93,112,120,44,81" hai1="51,86,75,0,109,114,78,121,24,41,124,36,131" hai2="12,127,98,97,113,28,45,71,105,17,91,48,87" hai3="18,95,5,116,59,13,115,21,53,65,132,31,11"/><V104/><F113/><W89/><G116/><T119/><D32/><U76/><E51/><V34/><F71/><W15/><G132/><T117/><D7/><U135/><E86/><V37/><F37/><W134/><G134/><T56/><D112/><U133/><E24/><V111/><F127/><W73/><G73/><T35/><D35/><U26/><E26/><V80/><F34/><W79/><G79/><T40/><D120/><U6/><E6/><V125/><F28/><W129/><G129/><T3/><D3/><U14/><E14/><V99/><F125/><W94/><G31/><T30/><D22/><U63/><E63/><V108/><F105/><W39/><G39/><T62/><D19/><U58/><E58/><V49/><F104/><W92/><G65/><T25/><D117/><U128/><E41/><V70/><F70/><W101/><G101/><T27/><D119/><U61/><E61/><V33/><F33/><W90/><G115/><T88/><D27/><U107/><E36/><V72/><F72/><W1/><G1/><T4/><D4/><U85/><E0/><V57/><F57/><W96/><G90/><T130/><D103/><U68/><E68/><V23/><F45/><W38/><G38/><T100/><D100/><U118/><E118/><V47/><F47/><W64/><G64/><T126/><D126/><U74/><E85/><V123/><F123/><W16/><G5/><T102/><D102/><U29/><E124/><V8/><F23/><W50/><AGARI ba="2,0" hai="11,13,15,16,18,21,50,53,59,89,92,94,95,96" machi="50" ten="20,8000,1" yaku="0,1,7,1,8,1,52,1,54,1" doraHai="46" who="3" fromWho="3" sc="167,-22,16,-22,396,-42,421,86" owari="145,-25.0,-6,-51.0,354,15.0,507,61.0" /></mjloggm>