<mjloggm ver="2.3"><GO type="169" lobby="0"/><UN n0="%73%65%61%73%74%6F%72%79" n1="%E4%B8%B8%E6%B1%82%41%53%68" n2="%E3%81%B5%E3%81%98%E3%81%8B%E3%81%A4" n3="%E3%83%8E%E3%82%AA%E3%83%81%E3%83%A3%E3%83%99%E3%82%B9" dan="16,16,16,16" rate="2116.53,2066.48,2147.35,2110.21" sx="M,M,M,M"/><TAIKYOKU oya="0"/><INIT seed="0,0,0,4,0,75" ten="250,250,250,250" oya="0" hai0="40,60,33,69,59,66,31,85,48,14,41,55,45" hai1="23,86,117,19,128,37,73,79,134,65,21,26,20" hai2="119,70,1,6,97,84,98,107,53,29,130,35,104" hai3="88,58,54,80,115,24,116,50,82,3,122,105,112"/><T90/><D14/><U127/><E117/><V39/><F70/><W81/><G116/><T12/><D12/><U93/><E128/><V13/><F39/><W76/><G105/><T36/><D40/><U27/><E134/><V83/><F130/><W34/><G3/><T126/><D31/><U32/><E127/><V120/><F119/><W87/><G122/><T8/><D8/><U100/><E73/><V74/><F120/><W121/><G121/><T71/><D33/><U94/><E37/><V110/><F74/><W114/><REACH who="3" step="1"/><G76/><REACH who="3" ten="250,250,250,240" step="2"/><T99/><D126/><U91/><E79/><V9/><F1/><W46/><G46/><T57/><D99/><N who="1" m="59503" /><E32/><V108/><F35/><W131/><G131/><T133/><D133/><U30/><E65/><V11/><F107/><W56/><G56/><T113/><REACH who="0" step="1"/><D113/><REACH who="0" ten="240,250,250,240" step="2"/><U101/><E30/><AGARI ba="0,2" hai="24,30,34,50,54,58,80,81,82,87,88,112,114,115" machi="30" ten="40,2600,0" yaku="1,1,54,1,53,0" doraHai="75" doraHaiUra="5" who="3" fromWho="1" sc="240,0,250,-26,250,0,240,46" /><INIT seed="1,0,0,4,0,96" ten="240,224,250,286" oya="1" hai0="3,105,103,80,42,63,77,122,93,9,60,1,62" hai1="57,81,134,114,121,92,76,10,109,65,135,15,123" hai2="98,31,100,53,17,72,104,56,5,71,68,51,131" hai3="33,70,38,112,12,28,55,127,41,58,110,6,18"/><U79/><E114/><V59/><F131/><W64/><G6/><T20/><D105/><U74/><E76/><V67/><F72/><W119/><G112/><T126/><D122/><U45/><E45/><V35/><F5/><W90/><G28/><T48/><D126/><U8/><E10/><V37/><F37/><W2/><G33/><T101/><D9/><U47/><E47/><V89/><F17/><W36/><G2/><T52/><D42/><U75/><E75/><V49/><F89/><W133/><G41/><T50/><D93/><U117/><E117/><V69/><F51/><N who="0" m="19498" /><D3/><U124/><E124/><V11/><F11/><W54/><G119/><T95/><D95/><U107/><E107/><V118/><F59/><W73/><G58/><N who="0" m="34887" /><D1/><U16/><E92/><V82/><F82/><W83/><G83/><T116/><D116/><U99/><E99/><V91/><F91/><W21/><G90/><T40/><D40/><U30/><E57/><V0/><F0/><W25/><G73/><T39/><D39/><U24/><E65/><V23/><F118/><W34/><G64/><T86/><D20/><N who="1" m="15623" /><E123/><V94/><F23/><W78/><G21/><T61/><AGARI ba="0,0" hai="61,62,63,77,80,86,101,103" m="34887,19498" machi="61" ten="30,7900,0" yaku="8,1,52,2,54,1" doraHai="96" who="0" fromWho="0" sc="240,79,224,-39,250,-20,286,-20" /><INIT seed="2,0,0,4,5,120" ten="319,185,230,266" oya="2" hai0="102,34,39,8,69,56,2,16,116,96,22,63,113" hai1="92,54,52,88,70,107,0,110,10,98,91,65,46" hai2="103,43,4,127,100,119,14,76,83,81,117,37,77" hai3="106,80,104,40,20,71,114,13,57,36,86,45,134"/><V133/><F37/><W11/><G71/><T115/><D39/><U29/><E107/><V111/><F43/><W5/><G134/><T49/><D34/><U53/><E29/><V85/><F4/><W67/><G114/><T41/><D69/><U35/><E35/><V130/><F14/><W93/><G93/><T112/><D116/><U18/><E110/><V44/><F44/><W101/><G101/><N who="2" m="38985" /><F133/><W97/><G97/><T1/><D8/><U19/><E91/><V105/><F105/><W68/><G68/><T78/><D78/><N who="2" m="30314" /><F127/><W3/><G86/><T50/><D41/><U12/><E70/><V132/><F132/><W64/><G80/><N who="2" m="30793" /><F85/><W23/><G106/><T79/><D79/><U28/><E65/><V74/><F74/><W72/><G104/><T90/><D2/><U125/><E0/><V26/><F26/><W58/><G72/><T33/><D1/><U109/><E28/><V108/><F130/><W7/><G7/><T123/><D33/><U27/><E125/><V62/><F62/><W66/><G3/><T15/><D63/><U129/><E129/><V38/><F38/><W84/><G84/><T31/><D31/><U121/><E46/><V32/><F32/><W118/><G118/><AGARI ba="0,0" hai="108,111,117,118,119" m="30793,30314,38985" machi="118" ten="40,18000,2" yaku="28,2,34,2,52,2" doraHai="120" who="2" fromWho="3" sc="319,0,185,0,230,180,266,-180" /><INIT seed="2,1,0,3,2,122" ten="319,185,410,86" oya="2" hai0="3,66,81,32,19,65,41,23,109,26,10,102,89" hai1="1,51,93,33,99,127,49,6,104,56,27,17,18" hai2="97,100,115,85,14,78,29,133,75,44,37,50,25" hai3="134,107,54,118,105,35,7,13,63,120,86,68,108"/><V125/><F115/><W72/><G72/><T61/><D102/><U114/><E104/><V46/><F133/><W135/><G35/><T91/><D32/><U9/><E114/><V48/><F125/><W79/><G118/><T117/><D117/><U34/><E127/><V39/><F75/><W90/><G79/><T113/><D113/><U73/><E73/><V28/><F14/><W74/><G74/><T101/><D101/><U31/><E34/><V21/><F78/><W55/><G120/><T15/><D3/><U16/><REACH who="1" step="1"/><E56/><REACH who="1" ten="319,175,410,86" step="2"/><V98/><F37/><W4/><G107/><T52/><D41/><U0/><E0/><V83/><F39/><W60/><G105/><T130/><D130/><U42/><E42/><V70/><F70/><W40/><G40/><T123/><D123/><U5/><E5/><V36/><F36/><W2/><G2/><T8/><D81/><U53/><E53/><V69/><F69/><W92/><G68/><T47/><D47/><U20/><E20/><V12/><F46/><W58/><G135/><T106/><D106/><U22/><E22/><V124/><F44/><W30/><G134/><T129/><D129/><U80/><E80/><V126/><F124/><W103/><G7/><T77/><D52/><U88/><AGARI ba="1,1" hai="1,6,9,16,17,18,27,31,33,49,51,88,93,99" machi="88" ten="30,7900,0" yaku="1,1,0,1,54,2,53,0" doraHai="122" doraHaiUra="71" who="1" fromWho="1" sc="319,-21,175,92,410,-40,86,-21" /><INIT seed="3,0,0,4,2,8" ten="298,267,370,65" oya="3" hai0="31,22,36,29,113,105,25,89,122,30,12,131,2" hai1="118,108,11,33,6,107,73,20,83,101,78,110,35" hai2="120,130,46,39,92,87,129,53,1,98,81,132,52" hai3="57,106,112,47,114,121,49,66,135,16,18,24,48"/><W41/><G106/><T0/><D122/><U72/><E20/><V21/><F1/><W15/><G121/><T17/><D36/><U77/><E118/><V60/><F120/><W4/><G114/><T62/><D105/><U38/><E38/><V117/><F117/><W64/><G112/><T63/><D113/><U134/><E134/><V26/><F132/><W96/><G96/><T128/><D89/><U13/><E101/><V80/><F39/><W10/><G135/><T85/><D85/><U54/><E54/><V76/><F80/><W124/><G124/><T126/><D126/><U103/><E77/><V28/><F46/><W94/><G94/><T43/><D43/><U9/><E73/><V14/><F14/><N who="3" m="5447" /><G24/><T37/><D37/><U34/><E103/><N who="2" m="60871" /><F60/><N who="0" m="23082" /><D25/><U51/><E107/><V40/><F40/><W27/><G27/><T61/><N who="0" m="23090" /><T97/><DORA hai="93" /><D97/><U44/><E108/><V99/><F99/><W102/><G102/><T104/><D104/><U42/><E110/><V23/><F23/><N who="3" m="11679" /><G18/><T127/><D127/><U56/><E9/><V70/><F70/><W116/><G116/><T32/><D32/><U65/><E33/><V82/><F26/><W71/><G71/><T58/><D0/><U86/><E72/><V59/><F28/><W111/><G111/><T100/><D2/><U119/><E119/><V67/><F130/><N who="0" m="49706" /><D100/><U69/><E69/><V125/><F125/><W55/><AGARI ba="0,0" hai="41,47,48,49,55,57,64,66" m="11679,5447" machi="55" ten="30,11700,0" yaku="8,1,52,2,54,1" doraHai="8,93" who="3" fromWho="3" sc="298,-39,267,-39,370,-39,65,117" /><INIT seed="3,1,0,4,2,69" ten="259,228,331,182" oya="3" hai0="46,127,87,98,7,39,29,91,93,47,84,75,108" hai1="101,134,33,58,78,117,126,27,114,88,129,2,60" hai2="90,118,44,20,43,64,10,56,99,123,105,32,76" hai3="12,53,11,52,28,109,21,72,82,22,30,77,111"/><W50/><G28/><T14/><D75/><U74/><E2/><V95/><F32/><W130/><G130/><T3/><D3/><U51/><E114/><V54/><F118/><W115/><G115/><T63/><D127/><U80/><E129/><V26/><F123/><W16/><G53/><T131/><D131/><U81/><E126/><V103/><F10/><W121/><G121/><T122/><D122/><U86/><E117/><V35/><F35/><W6/><G30/><T89/><D29/><U125/><E33/><V132/><F76/><W135/><G135/><T83/><D7/><U133/><E27/><V36/><F132/><N who="1" m="50793" /><E125/><V17/><F64/><W65/><G65/><T106/><D106/><U15/><E101/><V23/><F23/><W9/><G22/><T18/><D108/><N who="3" m="41545" /><G6/><T0/><D0/><U79/><E60/><V42/><F42/><W25/><G25/><T48/><D63/><U68/><E68/><V62/><REACH who="2" step="1"/><F105/><REACH who="2" ten="259,228,321,182" step="2"/><W71/><G71/><T49/><D14/><U13/><E13/><V128/><F128/><W38/><G38/><T102/><D39/><U5/><E15/><V24/><F24/><W59/><AGARI ba="1,1" hai="9,11,12,16,21,50,52,59,72,77,82" m="41545" machi="59" ten="30,11700,0" yaku="14,1,10,1,54,2" doraHai="69" who="3" fromWho="3" sc="259,-40,228,-40,321,-40,182,130" /><INIT seed="3,2,0,3,4,118" ten="219,188,281,312" oya="3" hai0="102,19,100,67,94,72,36,98,0,110,112,30,8" hai1="63,13,34,86,21,81,135,74,47,54,116,3,61" hai2="115,88,22,103,4,79,7,92,57,44,45,104,85" hai3="6,52,12,65,53,68,11,23,51,37,80,89,20"/><W105/><G37/><T76/><D36/><U14/><E3/><V49/><F115/><W99/><G53/><T29/><D112/><U62/><E34/><V133/><F133/><W1/><G65/><T33/><D110/><U126/><E74/><V32/><F32/><W121/><G68/><T43/><D43/><U132/><E116/><V123/><F79/><W108/><G108/><T90/><D67/><U27/><E126/><V10/><F57/><W56/><G121/><T117/><D117/><U18/><E47/><V127/><F127/><W114/><G114/><T82/><D33/><U46/><E46/><V50/><F22/><W87/><REACH who="3" step="1"/><G1/><REACH who="3" ten="219,188,281,302" step="2"/><T124/><D124/><U106/><E54/><V25/><F123/><W17/><G17/><T2/><D2/><U35/><E135/><V41/><F4/><W58/><G58/><T122/><D122/><U101/><E132/><V91/><F7/><W38/><G38/><T64/><D64/><U73/><E63/><V95/><F45/><W5/><G5/><T15/><D0/><U71/><E62/><V83/><F50/><W66/><G66/><T131/><D131/><U128/><E61/><V9/><F49/><W120/><G120/><T28/><AGARI ba="2,1" hai="8,15,19,28,29,30,72,76,82,90,94,98,100,102" machi="28" ten="30,1100,0" yaku="0,1" doraHai="118" who="0" fromWho="0" sc="219,27,188,-5,281,-5,302,-7" /><INIT seed="4,0,0,1,4,75" ten="246,183,276,295" oya="0" hai0="36,8,9,77,52,108,62,53,119,26,32,31,109" hai1="65,79,43,18,128,63,6,107,94,34,76,96,10" hai2="98,40,114,29,118,82,124,37,71,35,68,15,41" hai3="2,99,27,90,19,38,14,33,64,88,112,66,20"/><T49/><D119/><U30/><E107/><V51/><F118/><W92/><G38/><T61/><D36/><U131/><E43/><V85/><F114/><W117/><G117/><T81/><D8/><U125/><E18/><V23/><F124/><W42/><G42/><T58/><D9/><U12/><E30/><V95/><F37/><W93/><G2/><T127/><D127/><U47/><E47/><V55/><F35/><W45/><G45/><T3/><D3/><U56/><E34/><V113/><F113/><W16/><G112/><T100/><D100/><U25/><E25/><N who="2" m="16575" /><F71/><W17/><G33/><T69/><D69/><U1/><E1/><V0/><F15/><W133/><G133/><T83/><D83/><U54/><E65/><N who="3" m="25194" /><G14/><T111/><D53/><U22/><E22/><V80/><F68/><W103/><G103/><T104/><D104/><U116/><E116/><V135/><F82/><W21/><G21/><T46/><D46/><U105/><E105/><V134/><F0/><W44/><G44/><T97/><D97/><AGARI ba="0,0" hai="16,17,19,20,27,88,90,92,93,97,99" m="25194" machi="97" ten="30,3900,0" yaku="8,1,54,2" doraHai="75" who="3" fromWho="0" sc="246,-39,183,0,276,0,295,39" /><INIT seed="5,0,0,0,4,100" ten="207,183,276,334" oya="1" hai0="86,39,37,132,16,40,26,29,78,35,71,105,94" hai1="79,27,21,9,31,133,128,103,49,98,74,10,32" hai2="122,25,50,123,85,2,56,116,124,112,108,131,135" hai3="95,62,109,97,34,101,22,114,0,69,76,67,117"/><U12/><E128/><V102/><F25/><W41/><G34/><T73/><D71/><U46/><E133/><V80/><F50/><W43/><G0/><T89/><D132/><U54/><E32/><V55/><F56/><W53/><G109/><T119/><D119/><U63/><E63/><V88/><F55/><W38/><G38/><T77/><D77/><U61/><E61/><V110/><F2/><W68/><G68/><T104/><D16/><U65/><E65/><V42/><F42/><W82/><G114/><T106/><REACH who="0" step="1"/><D40/><REACH who="0" ten="197,183,276,334" step="2"/><U13/><E79/><V23/><F135/><W44/><G117/><T84/><D84/><U48/><E74/><V83/><F116/><W6/><G6/><T18/><D18/><U59/><E9/><V81/><F112/><W91/><G43/><T118/><D118/><U47/><E10/><V66/><F131/><W64/><G41/><T126/><D126/><U51/><E12/><V121/><F124/><W17/><G69/><T115/><D115/><U19/><E13/><V99/><F23/><W134/><G134/><T1/><D1/><U58/><E19/><V120/><F66/><W70/><G67/><T5/><D5/><U33/><E33/><V24/><F24/><W107/><G17/><T8/><D8/><U45/><REACH who="1" step="1"/><E54/><REACH who="1" ten="197,173,276,334" step="2"/><V52/><F52/><W92/><G53/><T111/><D111/><N who="2" m="42538" /><F123/><W4/><G64/><T57/><D57/><U113/><E113/><V28/><F28/><W7/><G70/><T3/><D3/><U14/><E14/><V125/><F125/><W20/><G7/><T75/><D75/><RYUUKYOKU ba="0,2" sc="197,10,173,10,276,10,334,-30" hai0="26,29,35,37,39,73,78,86,89,94,104,105,106" hai1="21,27,31,45,46,47,48,49,51,58,59,98,103" hai2="80,81,83,85,88,99,102,120,121,122" /><INIT seed="5,1,2,5,3,100" ten="207,183,286,304" oya="1" hai0="1,8,74,117,78,130,95,76,30,118,91,5,54" hai1="98,52,104,47,58,105,11,20,79,3,94,112,60" hai2="50,16,2,46,51,71,107,27,132,44,108,24,85" hai3="6,127,110,73,55,83,133,82,92,72,38,66,121"/><U9/><E79/><V124/><F108/><W106/><G66/><T64/><D130/><U42/><E112/><V96/><F2/><W101/><G6/><T103/><D103/><U69/><E69/><V114/><F71/><W113/><G55/><T21/><D64/><U88/><E20/><V33/><F114/><W23/><G23/><T25/><D54/><U22/><E22/><V77/><F132/><W59/><G59/><T29/><D29/><U12/><E3/><V57/><F124/><W15/><G15/><T61/><D61/><U90/><E90/><V14/><F57/><W87/><G38/><T81/><D78/><U53/><E53/><V43/><F33/><W56/><G56/><T129/><D129/><U0/><E0/><V40/><F107/><W86/><G113/><T99/><AGARI ba="1,2" hai="1,5,8,21,25,30,74,76,81,91,95,99,117,118" machi="99" ten="20,1500,0" yaku="0,1,7,1" doraHai="100" who="0" fromWho="0" sc="207,38,183,-8,286,-5,304,-5" /><INIT seed="6,0,0,5,3,95" ten="245,175,281,299" oya="2" hai0="7,52,117,112,92,5,49,102,25,93,50,121,63" hai1="43,111,9,125,101,37,78,58,80,30,15,74,29" hai2="65,1,100,122,47,24,104,70,19,106,61,90,32" hai3="99,57,97,86,44,107,8,82,23,54,134,39,0"/><V12/><F122/><W75/><G107/><T56/><D121/><U53/><E111/><V84/><F1/><W77/><G134/><T6/><D117/><U14/><E125/><V46/><F106/><W31/><G86/><T68/><D112/><U42/><E101/><V11/><F32/><W59/><G23/><T41/><D68/><U60/><E14/><V128/><F128/><W123/><G31/><T85/><D25/><U16/><REACH who="1" step="1"/><E37/><REACH who="1" ten="245,165,281,299" step="2"/><V17/><F100/><W118/><G123/><T96/><D41/><AGARI ba="0,1" hai="9,15,16,29,30,41,42,43,53,58,60,74,78,80" machi="41" ten="40,5200,0" yaku="1,1,2,1,54,1,53,0" doraHai="95" doraHaiUra="28" who="1" fromWho="0" sc="245,-52,165,62,281,0,299,0" /><INIT seed="7,0,0,3,3,79" ten="193,227,281,299" oya="3" hai0="86,39,92,30,68,55,44,60,113,81,57,102,109" hai1="29,23,121,84,18,97,26,80,21,34,0,73,127" hai2="9,111,99,91,130,74,65,83,115,28,107,37,3" hai3="106,82,70,89,17,134,49,76,62,105,54,124,88"/><W53/><G134/><T35/><D109/><U128/><E73/><V95/><F111/><W1/><G1/><T5/><D68/><U96/><E121/><V16/><F28/><W46/><G124/><T77/><D113/><U135/><E0/><V98/><F65/><W132/><G132/><T45/><D5/><U75/><E75/><V90/><F37/><W56/><G70/><T78/><D39/><U25/><E135/><V14/><F3/><W64/><G106/><T7/><D7/><U125/><E125/><V108/><BYE who="1" /><F108/><W15/><G105/><T110/><D110/><U6/><E6/><V117/><F117/><W116/><G64/><T8/><D8/><U59/><E59/><V114/><F130/><W72/><G116/><T12/><D12/><U43/><E43/><V52/><F52/><W120/><G120/><T4/><D4/><U123/><E123/><V94/><F107/><W32/><G32/><T51/><D78/><AGARI ba="0,0" hai="9,14,16,74,78,83,90,91,94,95,98,99,114,115" machi="78" ten="40,5200,0" yaku="9,1,52,1,54,1" doraHai="79" who="2" fromWho="0" sc="193,-52,227,0,281,52,299,0" owari="141,-36.0,227,-17.0,333,43.0,299,10.0" /></mjloggm>