<mjloggm ver="2.3"><GO type="169" lobby="0"/><UN n0="%69%70%73%E6%88%A6%E5%A3%AB" n1="%52%59%4F%40%53%53" n2="%E3%81%82%E3%82%93%E3%81%A7%E3%81%83" n3="%E3%81%8A%E7%9F%A5%E3%82%89%E3%81%9B" dan="16,18,17,19" rate="2029.34,2223.88,2146.23,2319.00" sx="M,M,F,M"/><TAIKYOKU oya="0"/><INIT seed="0,0,0,1,4,79" ten="250,250,250,250" oya="0" hai0="92,63,64,46,54,53,119,118,109,57,129,23,97" hai1="11,35,0,10,7,33,42,105,75,8,48,15,28" hai2="21,44,121,116,113,128,40,89,95,132,94,77,101" hai3="26,88,130,71,87,107,106,76,45,123,117,65,67"/><T14/><D129/><U104/><E75/><V72/><F121/><W62/><G117/><T131/><D131/><U103/><E103/><V70/><F70/><W111/><G130/><T99/><D109/><U20/><E48/><V49/><F113/><W61/><G111/><T32/><D32/><N who="1" m="12363" /><E42/><V125/><F116/><W86/><G123/><T5/><D99/><U55/><E55/><V127/><F128/><W19/><G45/><T2/><D2/><U31/><E105/><V82/><F21/><W120/><G120/><T43/><D118/><U114/><E104/><V66/><F66/><W16/><G26/><T13/><D119/><U6/><E114/><V81/><F132/><W60/><G76/><T56/><D64/><U93/><E93/><V18/><F18/><W1/><G1/><T110/><D110/><U80/><E80/><V122/><F122/><W34/><G34/><T41/><D46/><U50/><E50/><V52/><F40/><W115/><G61/><N who="0" m="35983" /><D23/><U68/><E68/><V9/><F9/><N who="1" m="3689" /><E7/><V98/><F72/><W73/><G73/><T102/><D5/><U135/><E135/><V3/><F3/><W38/><G115/><T37/><D37/><U27/><E0/><V36/><F36/><W39/><G71/><T24/><D43/><U78/><E78/><V12/><F44/><W84/><G84/><T133/><D41/><U85/><E85/><V47/><F77/><W59/><G59/><T134/><D134/><U90/><E90/><AGARI ba="0,0" hai="16,19,38,39,60,62,65,67,86,87,88,90,106,107" machi="90" ten="25,6400,0" yaku="22,2,54,2" doraHai="79" who="3" fromWho="1" sc="250,0,250,-64,250,0,250,64" /><INIT seed="1,0,0,4,3,72" ten="250,186,250,314" oya="1" hai0="66,37,76,127,70,130,56,121,113,107,25,74,42" hai1="34,89,4,49,132,7,87,47,15,100,29,9,109" hai2="71,32,36,65,129,123,88,13,31,125,134,24,86" hai3="23,22,53,91,78,2,105,17,14,38,73,63,28"/><U116/><E116/><V128/><F36/><W48/><G38/><T114/><D56/><U118/><E118/><V77/><F123/><W59/><G105/><T79/><D107/><U102/><E132/><V135/><F125/><W131/><G2/><T62/><D127/><U6/><E109/><V110/><F110/><W55/><G131/><N who="2" m="50249" /><F13/><W126/><G126/><T35/><D130/><U68/><E68/><V103/><F103/><W57/><G91/><T27/><D121/><U94/><E29/><V8/><F8/><W133/><G133/><N who="2" m="50697" /><F65/><W104/><G104/><T120/><D120/><U46/><E34/><V117/><F117/><W5/><G5/><T98/><D25/><U51/><E102/><V16/><F71/><W12/><G12/><T20/><D35/><U81/><E100/><V30/><F30/><W112/><G28/><T61/><D61/><U50/><REACH who="1" step="1"/><E94/><REACH who="1" ten="250,176,250,314" step="2"/><N who="2" m="54551" /><F77/><W99/><G78/><T67/><D76/><U3/><E3/><V124/><F124/><W39/><G112/><T108/><D108/><U18/><AGARI ba="0,1" hai="4,6,7,9,15,18,46,47,49,50,51,81,87,89" machi="18" ten="30,6000,0" yaku="1,1,0,1,8,1,53,0" doraHai="72" doraHaiUra="21" who="1" fromWho="1" sc="250,-20,176,70,250,-20,314,-20" /><INIT seed="1,1,0,3,4,72" ten="230,246,230,294" oya="1" hai0="73,109,33,37,35,43,89,20,23,116,118,39,70" hai1="80,5,97,101,76,103,27,56,108,74,2,84,121" hai2="77,60,104,29,28,127,4,98,38,99,66,18,88" hai3="0,10,8,87,14,67,128,17,46,83,12,16,122"/><U61/><E121/><V69/><F38/><N who="0" m="14346" /><D73/><U124/><E124/><V53/><F127/><W100/><G128/><T31/><D89/><U55/><E108/><V134/><F134/><W63/><G122/><T68/><D31/><U25/><E74/><V30/><F4/><W65/><G0/><T111/><D43/><U86/><E86/><V54/><F104/><W32/><G32/><N who="0" m="12363" /><D20/><U90/><E90/><V71/><F18/><W130/><G130/><T48/><D48/><U1/><E103/><V59/><F77/><W21/><G100/><T79/><D23/><U115/><E115/><V85/><F71/><N who="0" m="27178" /><D79/><U126/><E126/><V40/><F40/><W110/><G21/><T42/><D42/><U91/><E91/><V92/><REACH who="2" step="1"/><F69/><REACH who="2" ten="230,246,220,294" step="2"/><W64/><G110/><AGARI ba="1,1" hai="109,110,111,116,118" m="27178,12363,14346" machi="110" ten="40,8000,1" yaku="28,2,14,1,31,2" doraHai="72" who="0" fromWho="3" sc="230,93,246,0,220,0,294,-83" /><INIT seed="2,0,0,5,3,42" ten="323,246,220,211" oya="2" hai0="131,50,44,16,9,39,80,94,69,0,60,22,79" hai1="105,75,90,11,127,123,119,125,85,87,109,25,35" hai2="92,18,59,10,15,93,1,66,21,49,41,115,5" hai3="113,135,30,118,58,78,53,31,68,47,76,62,120"/><V51/><F115/><W98/><G120/><T38/><D131/><U88/><E11/><V70/><F70/><W61/><G118/><T17/><D94/><U83/><E25/><V97/><F93/><W116/><G116/><T14/><D60/><U89/><E35/><V112/><F112/><W102/><G113/><T106/><D106/><U133/><E119/><V104/><F104/><W86/><G135/><T72/><D69/><U63/><E63/><V96/><F96/><W52/><G68/><T122/><D122/><U71/><E71/><V117/><F117/><W27/><G86/><N who="1" m="32778" /><E133/><V67/><F51/><N who="3" m="28927" /><G98/><T81/><D81/><U19/><E19/><V114/><F114/><W65/><G102/><T99/><D99/><U128/><E123/><V37/><F37/><W43/><G43/><T64/><D64/><U6/><E6/><V101/><REACH who="2" step="1"/><F59/><REACH who="2" ten="323,246,210,211" step="2"/><N who="3" m="35047" /><G27/><T56/><D56/><U46/><E105/><V124/><F124/><W20/><G20/><T23/><D39/><U82/><E127/><V110/><F110/><W132/><G132/><T84/><D38/><U26/><E109/><V13/><F13/><W107/><G107/><T36/><D36/><U111/><E125/><V55/><F55/><W32/><G32/><T54/><D23/><U3/><E111/><V4/><F4/><W130/><G130/><T121/><D121/><U95/><E128/><V2/><F2/><W7/><G7/><T129/><D129/><U29/><E3/><V74/><F74/><W40/><G40/><T108/><D108/><U103/><E75/><V126/><F126/><W24/><G24/><RYUUKYOKU ba="0,1" sc="323,-15,246,-15,210,15,211,15" hai2="1,5,10,15,18,21,41,49,66,67,92,97,101" hai3="30,31,58,62,65,76,78" /><INIT seed="2,1,1,5,1,48" ten="308,231,225,226" oya="2" hai0="26,61,125,69,102,45,46,44,54,11,14,55,88" hai1="93,63,130,104,126,99,36,129,81,43,18,21,58" hai2="86,53,8,64,29,134,51,123,52,7,127,66,47" hai3="89,41,32,120,114,12,70,57,79,16,115,107,37"/><V24/><F123/><W111/><G120/><T68/><D102/><U4/><E104/><V22/><F134/><W10/><G70/><T3/><D3/><U50/><E36/><V0/><F127/><W101/><G32/><T9/><D125/><U75/><E4/><V117/><F117/><W31/><G31/><T39/><D39/><U90/><E126/><V65/><F86/><W34/><G34/><T119/><D119/><U30/><E30/><V118/><F118/><W87/><G79/><T113/><D113/><U40/><E81/><V132/><F132/><W19/><G111/><T109/><D109/><U67/><E50/><V56/><F66/><W96/><G57/><N who="0" m="34999" /><D68/><U106/><E106/><V95/><F95/><W27/><G27/><T91/><D26/><N who="1" m="14647" /><E75/><V110/><F110/><W105/><G105/><T73/><D73/><U98/><E98/><V74/><F74/><W71/><G71/><T33/><D33/><U62/><E62/><AGARI ba="1,1" hai="0,7,8,22,24,29,47,51,52,53,56,62,64,65" machi="62" ten="30,11600,0" yaku="7,1,52,2,54,1" doraHai="48" who="2" fromWho="1" sc="308,0,231,-119,225,129,226,0" /><INIT seed="2,2,0,1,4,28" ten="308,112,354,226" oya="2" hai0="53,48,31,0,45,114,77,57,26,76,16,34,13" hai1="74,39,68,93,14,52,23,85,35,63,96,56,40" hai2="43,41,27,115,128,66,133,116,106,84,30,73,18" hai3="24,134,29,44,105,22,33,61,111,25,113,60,107"/><V109/><F73/><W7/><G111/><T65/><D114/><U100/><E74/><V95/><F115/><W3/><G113/><T78/><D0/><U10/><E68/><V94/><F116/><W99/><G134/><T20/><D65/><U32/><E23/><V37/><F106/><W118/><G118/><T108/><REACH who="0" step="1"/><D45/><REACH who="0" ten="298,112,354,226" step="2"/><U70/><E70/><V21/><F66/><W62/><G44/><T88/><D88/><U90/><E40/><V72/><F43/><W112/><G112/><T50/><D50/><U89/><E89/><V12/><F41/><W86/><G3/><T117/><D117/><U98/><E39/><V79/><F37/><W81/><G61/><T110/><AGARI ba="2,1" hai="13,16,20,26,31,34,48,53,57,76,77,78,108,110" machi="110" ten="30,8000,1" yaku="1,1,0,1,52,1,54,1,53,1" doraHai="28" doraHaiUra="15" who="0" fromWho="0" sc="298,96,112,-22,354,-42,226,-22" /><INIT seed="3,0,0,2,3,21" ten="394,90,312,204" oya="3" hai0="64,30,56,3,135,84,41,129,110,26,68,5,88" hai1="45,104,43,25,33,67,134,123,44,112,76,48,53" hai2="54,96,94,98,131,121,0,20,13,103,128,69,34" hai3="89,18,74,50,125,59,122,29,99,97,46,19,42"/><W100/><G122/><T60/><D135/><U83/><E104/><V10/><F34/><W1/><G125/><T66/><D129/><U22/><E134/><V65/><F121/><W24/><G74/><T58/><D110/><U95/><E123/><V133/><F133/><W36/><G1/><T82/><D41/><U79/><E33/><V8/><F54/><W28/><G28/><T102/><D102/><U77/><E112/><V17/><F0/><W116/><G116/><T71/><D5/><U12/><E12/><V101/><F65/><W16/><G89/><T23/><D3/><U86/><E95/><V38/><F38/><W11/><G11/><T117/><D117/><U105/><E67/><V73/><F69/><W130/><G130/><N who="2" m="49705" /><F73/><W111/><G111/><T113/><D113/><U6/><E105/><AGARI ba="0,0" hai="8,10,13,17,20,94,96,98,101,103,105" m="49705" machi="105" ten="30,1000,0" yaku="19,1" doraHai="21" who="2" fromWho="1" sc="394,0,90,-10,312,10,204,0" /><INIT seed="4,0,0,5,1,49" ten="394,80,322,204" oya="0" hai0="73,121,95,36,129,1,114,94,108,21,118,91,46" hai1="87,19,83,53,72,89,25,103,16,132,131,130,128" hai2="81,75,18,10,71,7,119,20,65,116,60,26,39" hai3="54,90,135,11,107,45,51,122,110,44,111,63,120"/><T2/><D73/><U27/><E132/><V6/><F39/><W112/><G107/><T35/><D35/><U92/><E72/><V66/><F66/><W76/><G76/><T126/><D121/><N who="3" m="46697" /><G90/><T43/><D118/><N who="2" m="45098" /><F10/><W100/><G100/><T69/><D108/><N who="3" m="41513" /><G11/><T127/><D69/><U37/><E37/><V98/><F98/><W23/><G23/><T17/><D129/><U34/><E53/><V56/><F71/><W0/><G0/><T14/><D95/><U106/><E106/><V96/><F96/><W133/><G112/><T61/><D114/><U86/><E103/><V58/><F58/><N who="3" m="35287" /><G44/><T24/><D2/><U3/><E3/><V88/><F75/><W78/><G78/><T13/><D1/><U80/><E92/><V123/><F123/><W57/><G57/><T67/><D14/><U113/><E113/><V134/><F134/><W62/><G62/><T4/><D13/><U82/><E34/><V15/><F15/><W99/><G99/><T5/><D94/><U104/><E104/><V124/><F7/><W52/><AGARI ba="0,0" hai="45,51,52,133,135" m="35287,41513,46697" machi="52" ten="40,12000,2" yaku="13,1,34,2,52,2,54,1" doraHai="49" who="3" fromWho="3" sc="394,-60,80,-30,322,-30,204,120" /><INIT seed="5,0,0,2,5,46" ten="334,50,292,324" oya="1" hai0="13,63,83,31,5,132,73,79,56,97,125,86,15" hai1="72,42,135,98,29,24,18,121,68,127,103,59,76" hai2="51,49,16,12,38,109,7,116,111,52,32,64,120" hai3="22,60,119,58,77,57,115,74,30,81,75,106,53"/><U130/><E121/><V34/><F38/><W19/><G106/><T54/><D125/><U21/><E68/><V43/><F116/><W123/><G123/><T113/><D132/><U39/><E127/><V89/><F120/><W2/><G2/><T85/><D113/><U131/><E135/><V70/><F7/><W41/><G115/><T87/><D31/><U20/><E42/><V4/><F4/><W65/><G119/><T37/><D37/><U90/><E39/><V126/><F126/><W105/><G105/><T71/><D5/><U14/><E90/><V9/><F89/><W124/><G30/><T10/><D71/><U35/><E35/><V104/><F104/><W84/><G41/><T92/><REACH who="0" step="1"/><D10/><REACH who="0" ten="324,50,292,324" step="2"/><U11/><E11/><V88/><F34/><W17/><G124/><T78/><D78/><U101/><E59/><V93/><F32/><W129/><G17/><T100/><AGARI ba="0,1" hai="13,15,54,56,63,73,79,83,85,86,87,92,97,100" machi="100" ten="30,2000,0" yaku="1,1,0,1,53,0" doraHai="46" doraHaiUra="27" who="0" fromWho="0" sc="324,30,50,-10,292,-5,324,-5" /><INIT seed="6,0,0,2,2,88" ten="354,40,287,319" oya="2" hai0="58,75,2,4,45,116,86,34,133,82,49,74,95" hai1="121,29,114,17,77,59,25,118,106,70,30,125,63" hai2="93,10,130,107,72,64,68,124,5,35,22,105,120" hai3="24,44,89,36,53,32,16,12,52,80,3,56,84"/><V101/><F120/><W102/><G3/><T126/><D34/><U122/><E59/><V18/><F72/><W20/><G102/><T7/><D116/><U71/><E63/><V62/><F130/><W117/><G117/><T127/><D58/><U41/><E41/><V73/><F73/><W50/><G36/><T123/><D123/><U85/><E85/><V8/><F35/><W31/><REACH who="3" step="1"/><G56/><REACH who="3" ten="354,40,287,309" step="2"/><T21/><D2/><U83/><E118/><V110/><F110/><W90/><G90/><T108/><D108/><U61/><E77/><V81/><F124/><W131/><G131/><T109/><D109/><U6/><E125/><V96/><F81/><W78/><G78/><T111/><D82/><U27/><E106/><V46/><F46/><W67/><G67/><T112/><D111/><U65/><E83/><V28/><F28/><W91/><G91/><N who="0" m="53751" /><D126/><U15/><E65/><V1/><REACH who="2" step="1"/><F10/><REACH who="2" ten="354,40,277,309" step="2"/><W69/><G69/><T48/><D127/><U119/><E119/><V87/><F87/><W92/><G92/><T39/><D75/><U37/><E71/><V40/><F40/><AGARI ba="0,2" hai="12,16,20,24,31,32,40,44,50,52,53,80,84,89" machi="40" ten="30,7700,0" yaku="1,1,7,1,54,2,53,0" doraHai="88" doraHaiUra="129" who="3" fromWho="2" sc="354,0,40,0,277,-77,309,97" /><INIT seed="7,0,0,5,4,67" ten="354,40,200,406" oya="3" hai0="95,113,40,78,68,32,132,46,135,51,120,130,20" hai1="119,110,61,131,107,38,69,10,44,81,89,23,88" hai2="25,103,60,50,64,123,70,24,43,28,34,133,83" hai3="79,22,96,41,8,66,58,124,101,114,127,59,65"/><W80/><G114/><T16/><D120/><U35/><E110/><V55/><F123/><W77/><G41/><T5/><D32/><U11/><E35/><V27/><F133/><N who="0" m="51274" /><D5/><U17/><E107/><V21/><F83/><W26/><G8/><T129/><D78/><U99/><E119/><V104/><F21/><W82/><G79/><T71/><D113/><U7/><E131/><N who="0" m="50185" /><D95/><U48/><E38/><V2/><F43/><W1/><G1/><T33/><D33/><U45/><E81/><V100/><F100/><W73/><G80/><T37/><D37/><U47/><E48/><V105/><F2/><W30/><G66/><T0/><D0/><U84/><E99/><V53/><F105/><N who="3" m="63655" /><G65/><T116/><D116/><U122/><E122/><V111/><F25/><AGARI ba="0,0" hai="16,20,25,40,46,51,68,71" m="50185,51274" machi="25" ten="30,8000,1" yaku="20,1,19,1,52,2,54,1" doraHai="67" who="0" fromWho="2" sc="354,80,40,0,200,-80,406,0" owari="434,53.0,40,-46.0,120,-28.0,406,21.0" /></mjloggm>