<mjloggm ver="2.3"><GO type="185" lobby="0"/><UN n0="%E4%B8%96%E7%9B%B4%E3%81%97%E4%BA%BA" n1="%E3%82%B5%E3%83%B3%E3%83%9E%E6%BC%81%E5%B8%AB%4B" n2="%E3%83%A6%E3%82%A6%E3%83%8B%E3%83%A3" n3="" dan="17,17,18,0" rate="2251.38,2260.77,2275.99,1500.00" sx="M,M,M,C"/><TAIKYOKU oya="0"/><INIT seed="0,0,0,5,4,104" ten="350,350,350,0" oya="0" hai0="51,53,44,36,119,77,93,100,2,129,80,121,37" hai1="83,101,61,124,122,108,98,43,69,66,130,81,95" hai2="70,38,52,56,84,112,62,110,33,97,59,49,67" hai3=""/><T106/><N who="0" m="31008" /><T102/><D119/><U86/><N who="1" m="31264" /><U103/><E108/><V46/><F33/><T42/><D2/><U40/><E130/><V32/><F32/><T94/><D129/><U75/><E124/><V0/><F112/><T134/><D134/><U64/><E103/><V115/><F115/><T113/><D113/><U63/><E75/><V117/><F0/><T78/><D77/><U87/><E86/><V88/><F117/><T48/><D37/><U120/><N who="1" m="30752" /><U60/><E83/><V45/><F97/><T65/><D65/><U47/><E47/><V76/><F76/><T82/><D80/><U105/><E105/><V79/><F79/><T85/><D36/><U72/><E72/><V50/><F38/><T54/><D42/><N who="1" m="15915" /><E69/><V1/><F110/><T118/><D118/><U68/><E68/><V39/><F1/><T91/><D106/><U3/><E3/><V90/><F39/><T109/><D109/><U127/><E127/><V111/><F111/><T114/><D114/><U55/><E55/><V126/><F126/><T131/><D131/><U73/><E73/><V89/><F84/><T58/><REACH who="0" step="1"/><D94/><REACH who="0" ten="340,350,350,0" step="2"/><U96/><E64/><V41/><AGARI ba="0,1" hai="41,45,46,49,50,52,56,59,62,67,70,88,89,90" machi="41" ten="30,3000,0" yaku="0,1,54,2" doraHai="104" who="2" fromWho="2" sc="340,-20,350,-10,350,40,0,0" /><INIT seed="1,0,0,1,5,87" ten="320,340,390,0" oya="1" hai0="76,45,93,38,71,100,130,39,132,101,70,133,47" hai1="41,107,117,64,84,66,119,2,68,50,120,108,134" hai2="112,113,89,43,61,49,54,65,36,69,51,67,91" hai3=""/><U106/><N who="1" m="30752" /><U116/><E2/><V121/><N who="2" m="31008" /><V59/><F67/><T56/><D76/><U34/><E34/><V48/><F36/><T118/><D93/><U99/><E134/><V98/><F98/><T73/><D73/><U32/><E32/><V104/><F104/><T0/><D56/><U74/><E74/><V90/><REACH who="2" step="1"/><F43/><REACH who="2" ten="320,340,380,0" step="2"/><T40/><D40/><U97/><E41/><V94/><F94/><T58/><D39/><U33/><E33/><V42/><F42/><T44/><D38/><U92/><E92/><V114/><AGARI ba="0,1" hai="48,49,51,54,59,61,65,69,89,90,91,112,113,114" m="31008" machi="114" ten="40,12000,3" yaku="1,1,0,1,11,1,52,4,53,1" doraHai="87" doraHaiUra="52" who="2" fromWho="2" sc="320,-40,340,-80,380,130,0,0" /><INIT seed="2,0,0,5,1,90" ten="280,260,510,0" oya="2" hai0="105,61,73,101,45,66,102,128,59,58,71,113,39" hai1="51,62,53,87,93,111,125,97,44,77,117,92,110" hai2="37,98,84,88,74,118,78,69,83,122,50,54,34" hai3=""/><V116/><N who="2" m="31264" /><V107/><F69/><T106/><D73/><U121/><N who="1" m="31008" /><U108/><E125/><V135/><F37/><T36/><D128/><U130/><E130/><V123/><N who="2" m="31520" /><V64/><F64/><T70/><D45/><U126/><E126/><V60/><F60/><T48/><D48/><U79/><E117/><V96/><F34/><T42/><D42/><U72/><E72/><V127/><F127/><T89/><D89/><U49/><E87/><V95/><F135/><T65/><REACH who="0" step="1"/><D61/><REACH who="0" ten="270,260,510,0" step="2"/><U55/><E62/><V40/><F40/><T67/><D67/><U100/><REACH who="1" step="1"/><E93/><REACH who="1" ten="270,250,510,0" step="2"/><V68/><F116/><T115/><AGARI ba="0,2" hai="36,39,58,59,65,66,70,71,101,102,105,106,113,115" machi="115" ten="25,9000,2" yaku="1,1,0,1,22,2,53,2" doraHai="90" doraHaiUra="103" who="0" fromWho="0" sc="270,110,250,-30,510,-60,0,0" /><INIT seed="4,0,0,5,1,46" ten="380,220,450,0" oya="0" hai0="98,109,113,89,72,120,78,103,117,91,77,108,3" hai1="75,57,45,93,121,32,81,35,96,76,99,97,37" hai2="33,67,110,50,118,55,61,104,85,105,39,40,101" hai3=""/><T58/><N who="0" m="30752" /><T116/><D58/><U36/><N who="1" m="31008" /><U84/><E57/><V54/><F110/><T47/><D47/><U107/><E107/><V0/><F0/><T134/><D3/><U92/><E75/><V102/><F33/><T111/><D113/><U94/><REACH who="1" step="1"/><E45/><REACH who="1" ten="380,210,450,0" step="2"/><V86/><F104/><T2/><D2/><U115/><E115/><V69/><F105/><T1/><D1/><U114/><E114/><V88/><F118/><N who="0" m="45674" /><D134/><U42/><E42/><V135/><F135/><T51/><D51/><U70/><E70/><V123/><F40/><T44/><D44/><U80/><E80/><V74/><F50/><T106/><D77/><U119/><E119/><V130/><F69/><T64/><D64/><U82/><E82/><AGARI ba="0,1" hai="72,78,82,89,91,98,103,106,108,109,111" m="45674,30752" machi="82" ten="40,12000,1" yaku="10,1,34,2,52,1" doraHai="46" who="0" fromWho="1" sc="380,130,210,-120,450,0,0,0" /><INIT seed="4,1,0,0,1,99" ten="510,90,450,0" oya="0" hai0="115,79,74,119,86,111,87,113,133,38,88,54,42" hai1="69,82,49,110,80,76,40,63,39,104,125,51,134" hai2="103,124,112,91,36,107,41,0,130,59,89,117,60" hai3=""/><T129/><D119/><U109/><E104/><V131/><F0/><T96/><D129/><N who="2" m="49162" /><F117/><T33/><D33/><U2/><E2/><V108/><F108/><T78/><D111/><U92/><E92/><V57/><F112/><T135/><D54/><U127/><E76/><V100/><F124/><T73/><D42/><U66/><E82/><V90/><F107/><T52/><D38/><U34/><E80/><V114/><F114/><T126/><D52/><U37/><E34/><V102/><F60/><T35/><D35/><U56/><E134/><V95/><F95/><T50/><D50/><N who="1" m="18955" /><E69/><V106/><F106/><T94/><D126/><N who="1" m="48139" /><E39/><V55/><F55/><T93/><REACH who="0" step="1"/><D96/><REACH who="0" ten="500,90,450,0" step="2"/><U84/><E84/><V43/><F36/><T83/><D83/><U85/><E85/><V47/><F47/><AGARI ba="1,1" hai="37,40,47,56,63,66,109,110" m="48139,18955" machi="47" ten="30,3900,0" yaku="18,1,34,2" doraHai="99" who="1" fromWho="2" sc="500,0,90,51,450,-41,0,0" /><INIT seed="5,0,0,3,1,118" ten="500,141,409,0" oya="1" hai0="61,60,0,94,89,78,50,2,32,36,67,58,41" hai1="68,71,82,3,33,1,95,64,131,116,37,103,69" hai2="135,98,80,134,56,76,51,93,90,97,127,65,91" hai3=""/><U101/><E116/><V108/><F108/><T54/><D32/><U45/><E33/><V107/><F127/><T55/><D78/><U99/><E64/><V112/><F112/><T72/><D72/><U122/><N who="1" m="31264" /><U123/><N who="1" m="31520" /><U130/><E103/><V81/><F51/><T63/><D36/><U44/><E82/><V42/><F42/><T117/><D41/><U109/><E109/><V46/><F46/><T128/><D117/><U114/><E114/><V62/><F107/><T48/><D128/><N who="1" m="49195" /><E37/><V34/><F34/><T43/><D67/><U53/><E53/><V106/><F81/><T70/><D55/><U113/><E113/><V110/><F110/><T47/><REACH who="0" step="1"/><D70/><REACH who="0" ten="490,141,409,0" step="2"/><N who="1" m="17923" /><U73/><DORA hai="96" /><E73/><V84/><F65/><T129/><D129/><U79/><E79/><V92/><F76/><T75/><D75/><U83/><E83/><V40/><F80/><T126/><D126/><U120/><N who="1" m="30752" /><U52/><E52/><V132/><F134/><T115/><D115/><U38/><E38/><V104/><F132/><T88/><D88/><U49/><E49/><V77/><F135/><T57/><D57/><U87/><E87/><AGARI ba="0,1" hai="0,2,43,47,48,50,54,58,60,61,63,87,89,94" machi="87" ten="40,2600,0" yaku="1,1,53,1" doraHai="118,96" doraHaiUra="111,39" who="0" fromWho="1" sc="490,36,141,-26,409,0,0,0" /><INIT seed="6,0,0,4,0,101" ten="526,115,409,0" oya="2" hai0="67,132,104,105,33,103,81,70,45,87,3,107,102" hai1="133,112,34,92,135,42,89,90,114,129,47,50,36" hai2="55,110,78,54,91,128,98,43,63,0,57,113,38" hai3=""/><V117/><F117/><T37/><D33/><U88/><E34/><V74/><F0/><T84/><D3/><U77/><E50/><V52/><F110/><T115/><D132/><U95/><E47/><V116/><F116/><T97/><D115/><U60/><E60/><V120/><N who="2" m="30752" /><V93/><F113/><T100/><D97/><U2/><E42/><V56/><F128/><T124/><D124/><U134/><E36/><V75/><F78/><T123/><N who="0" m="31520" /><T62/><REACH who="0" step="1"/><D81/><REACH who="0" ten="516,115,409,0" step="2"/><U51/><E2/><V65/><REACH who="2" step="1"/><F56/><REACH who="2" ten="516,115,399,0" step="2"/><T59/><D59/><U1/><E1/><V86/><F86/><T76/><D76/><U85/><E129/><V49/><F49/><T106/><N who="0" m="26624" /><DORA hai="119" /><T41/><AGARI ba="0,2" hai="37,41,45,62,67,70,84,87,100,102,103" m="26624,31520" machi="41" ten="60,12000,3" yaku="1,1,4,1,0,1,52,6,53,1" doraHai="101,119" doraHaiUra="46,64" who="0" fromWho="0" sc="516,140,115,-40,399,-80,0,0" owari="656,60.0,75,-52.0,319,-8.0,0,0.0" /></mjloggm>