<mjloggm ver="2.3"><GO type="225" lobby="0"/><UN n0="%E8%88%B9%E8%A6%8B%E7%B5%90%E8%A1%A3%E3%81%A1%E3%82%83%E3%82%93" n1="%E3%83%AD%E3%83%9C%E3%82%B3%E3%83%97" n2="%E2%98%85%E3%83%9F%E3%83%BC%E3%82%B3%E2%98%85" n3="%E8%A8%88%E7%AE%97%E6%A9%9F%E8%87%AA%E7%84%B6" dan="16,16,17,17" rate="2143.39,2110.83,2220.31,2254.29" sx="F,M,F,M"/><TAIKYOKU oya="0"/><INIT seed="0,0,0,2,4,64" ten="250,250,250,250" oya="0" hai0="110,27,1,87,119,54,5,60,43,127,7,16,126" hai1="135,77,72,93,30,38,83,91,103,66,47,114,48" hai2="90,111,3,86,2,46,76,20,22,65,24,100,35" hai3="109,9,59,41,58,57,21,89,36,45,52,40,4"/><T32/><D119/><U115/><E135/><V28/><F111/><W29/><G109/><T104/><D104/><U95/><E38/><V96/><F76/><W105/><G105/><T85/><D32/><U8/><E30/><V113/><F113/><W108/><G108/><T74/><D74/><U101/><E66/><V94/><F46/><W70/><G41/><T37/><D110/><U80/><E80/><V82/><REACH who="2" step="1"/><F65/><REACH who="2" ten="250,250,240,250" step="2"/><W124/><G45/><T39/><D127/><U73/><E47/><V50/><F50/><W102/><G36/><T6/><D126/><U63/><E48/><V53/><F53/><W75/><G52/><T79/><D39/><U131/><E77/><V42/><F42/><W19/><G40/><T88/><D37/><U62/><E115/><V67/><F67/><W92/><G124/><T68/><D43/><U130/><E114/><V31/><F31/><W0/><G29/><T112/><D112/><U122/><E131/><V121/><F121/><W116/><G116/><T133/><D79/><U107/><E130/><V69/><F69/><W117/><G70/><T11/><D68/><U71/><E71/><V23/><AGARI ba="0,1" hai="2,3,20,22,23,24,28,35,82,86,90,94,96,100" machi="23" ten="30,4000,0" yaku="1,1,0,1,53,1" doraHai="64" doraHaiUra="25" who="2" fromWho="2" sc="250,-20,250,-10,240,50,250,-10" /><INIT seed="1,0,0,5,4,119" ten="230,240,290,240" oya="1" hai0="72,85,121,125,14,41,22,129,35,6,61,17,2" hai1="67,71,107,112,15,59,27,34,70,73,89,80,13" hai2="128,124,114,69,28,64,53,118,43,24,60,81,48" hai3="11,31,42,127,133,131,9,106,62,38,3,51,77"/><U45/><E112/><V122/><F118/><W37/><G106/><T4/><D72/><U12/><E107/><V113/><F128/><W88/><G77/><T82/><D129/><U26/><E45/><V7/><F124/><W109/><G131/><T116/><D125/><U105/><E105/><V56/><F7/><W32/><G127/><T93/><D121/><U1/><E1/><V120/><F81/><W99/><G109/><T86/><D116/><U100/><E100/><V78/><F78/><W97/><G133/><T44/><D35/><U16/><E59/><V91/><F91/><W95/><G62/><T130/><D130/><U55/><E55/><V94/><F94/><W25/><G99/><T23/><D2/><U75/><E67/><V40/><F24/><W49/><G11/><T19/><D61/><U117/><E117/><V74/><F28/><W123/><G123/><N who="2" m="47145" /><F74/><W79/><G79/><T33/><D33/><U96/><E75/><V132/><F132/><W135/><G135/><T29/><D29/><U10/><E73/><V84/><F84/><W39/><REACH who="3" step="1"/><G42/><AGARI ba="0,0" hai="40,42,43,48,53,56,60,64,69,113,114" m="47145" machi="42" ten="30,8000,1" yaku="34,2,52,3" doraHai="119" who="2" fromWho="3" sc="230,0,240,0,290,80,240,-80" /><INIT seed="2,0,0,5,5,103" ten="230,240,370,160" oya="2" hai0="72,23,79,85,121,130,35,100,92,102,22,101,66" hai1="62,52,9,6,120,48,12,59,2,37,118,105,119" hai2="61,98,90,133,132,4,93,50,0,124,47,128,24" hai3="38,30,116,55,54,16,40,75,71,15,97,3,45"/><V87/><F128/><W64/><G116/><T76/><D35/><U110/><E110/><V73/><F73/><W49/><G3/><T65/><D121/><U27/><E120/><V32/><F124/><W70/><G75/><T56/><D72/><U44/><E37/><V14/><F0/><W77/><G77/><N who="0" m="29771" /><D102/><U11/><E27/><V46/><F61/><W104/><G30/><T117/><D117/><U95/><E95/><V126/><F126/><W43/><G43/><T68/><D68/><U1/><E105/><V115/><F115/><W10/><G64/><N who="0" m="24683" /><D56/><U33/><E33/><V88/><F24/><W108/><G108/><T53/><D53/><U58/><E2/><V57/><F57/><W113/><G113/><T31/><D130/><U13/><E59/><V51/><F46/><W29/><G29/><T7/><D7/><U125/><E125/><V63/><F47/><W82/><G82/><T8/><D8/><U39/><E39/><V28/><F28/><W94/><G104/><T25/><D22/><U135/><E135/><V107/><F32/><W18/><G18/><T114/><D114/><U134/><E134/><V83/><F107/><W111/><G111/><T84/><D101/><U123/><E123/><V96/><F133/><W91/><REACH who="3" step="1"/><G38/><REACH who="3" ten="230,240,370,150" step="2"/><T60/><D31/><U41/><E1/><V81/><F81/><W131/><G131/><T127/><D127/><U112/><E112/><V78/><F83/><W74/><G74/><T109/><D109/><U99/><E99/><V20/><F98/><W36/><G36/><T26/><D92/><U67/><E41/><RYUUKYOKU ba="0,1" sc="230,-15,240,15,370,-15,150,15" hai1="6,9,11,12,13,44,48,52,58,62,67,118,119" hai3="10,15,16,40,45,49,54,55,70,71,91,94,97" /><INIT seed="3,1,1,0,3,111" ten="215,255,355,165" oya="3" hai0="94,103,93,12,16,117,68,102,92,73,37,52,24" hai1="135,53,78,98,44,85,10,67,115,40,133,132,61" hai2="104,83,114,72,63,82,50,125,9,58,36,25,17" hai3="62,131,7,3,91,119,28,64,14,86,2,48,71"/><W8/><G119/><T120/><D68/><U134/><E115/><V18/><F36/><W11/><G131/><T77/><D37/><U32/><E32/><V97/><F114/><W1/><G28/><T116/><D120/><U31/><E31/><V39/><F39/><W70/><G48/><T122/><D122/><U23/><E23/><N who="2" m="13559" /><F72/><W55/><G55/><T88/><D73/><U84/><E53/><N who="2" m="34255" /><F104/><W49/><G49/><T30/><D117/><U106/><E78/><V13/><F97/><W54/><G54/><T43/><D43/><U33/><E10/><V129/><F125/><W89/><G71/><T47/><D77/><U126/><E126/><V101/><F101/><N who="0" m="38410" /><D24/><U90/><E33/><V57/><F129/><W4/><REACH who="3" step="1"/><G91/><REACH who="3" ten="215,255,355,155" step="2"/><T29/><D116/><U79/><E90/><V105/><F50/><W110/><G110/><T69/><D69/><U99/><E133/><V123/><F123/><W118/><G118/><T35/><D35/><U59/><E134/><V107/><F57/><W74/><G74/><T112/><D112/><U51/><E135/><V19/><F107/><W87/><G87/><T128/><D128/><U100/><E132/><V65/><F105/><W109/><G109/><T80/><D52/><U76/><E85/><V21/><F65/><W6/><G6/><T34/><D34/><U0/><E84/><V124/><F124/><W95/><AGARI ba="1,2" hai="1,2,3,4,7,8,11,14,62,64,70,86,89,95" machi="95" ten="20,3900,0" yaku="1,1,0,1,7,1,53,0" doraHai="111" doraHaiUra="127" who="3" fromWho="3" sc="215,-14,255,-14,355,-14,155,62" /><INIT seed="3,2,0,3,5,35" ten="201,241,341,217" oya="3" hai0="19,93,52,77,75,103,71,65,125,34,124,67,113" hai1="42,122,29,63,20,58,31,39,114,82,96,95,78" hai2="26,91,22,46,18,10,30,123,70,66,47,99,12" hai3="101,59,118,117,53,116,80,4,97,25,38,64,23"/><W36/><G80/><N who="0" m="45119" /><D34/><U43/><E122/><V133/><F123/><W17/><G64/><T87/><D71/><U49/><E39/><V1/><F133/><W6/><G6/><T41/><D41/><U73/><E114/><V111/><F111/><W92/><REACH who="3" step="1"/><G4/><REACH who="3" ten="201,241,341,207" step="2"/><T84/><D113/><U56/><E82/><V108/><F108/><W68/><G68/><T8/><D125/><U0/><E0/><V51/><F66/><N who="0" m="25098" /><D124/><U106/><E73/><V60/><F1/><W55/><G55/><T134/><D134/><U54/><E54/><V81/><F70/><W24/><G24/><T89/><D52/><U28/><E43/><V15/><F26/><W48/><AGARI ba="2,1" hai="17,23,25,36,38,48,53,59,92,97,101,116,117,118" machi="48" ten="30,11700,0" yaku="1,1,0,1,53,2" doraHai="35" doraHaiUra="69" who="3" fromWho="3" sc="201,-41,241,-41,341,-41,207,133" owari="160,-34.0,200,-20.0,300,10.0,340,44.0" /></mjloggm>