<mjloggm ver="2.3"><GO type="169" lobby="0"/><UN n0="%73%41%67%61%E3%81%95%E3%82%93" n1="%6D%61%74%6F%30%36%30%33" n2="%E5%AE%9F%E5%AD%98" n3="%7A%6B%75%72%74" dan="16,18,17,17" rate="2069.45,2237.76,2159.13,2232.55" sx="M,M,M,M"/><TAIKYOKU oya="0"/><INIT seed="0,0,0,5,2,104" ten="250,250,250,250" oya="0" hai0="48,100,87,62,84,17,127,98,86,57,25,3,51" hai1="117,124,33,72,41,26,132,85,8,135,73,43,30" hai2="65,95,55,113,108,27,46,52,92,121,4,134,111" hai3="9,42,94,54,116,7,109,5,1,79,61,37,44"/><T12/><D3/><U32/><E117/><V102/><F121/><W13/><G116/><T90/><D25/><U83/><E33/><V31/><F113/><W74/><G109/><T47/><D127/><U23/><E8/><V119/><F119/><W38/><G38/><T96/><D90/><N who="1" m="51519" /><E32/><V60/><F134/><N who="1" m="51241" /><E124/><V56/><F4/><W53/><G94/><T82/><D82/><U71/><E71/><V22/><F92/><W81/><G61/><T114/><D114/><U11/><E11/><AGARI ba="0,0" hai="1,5,7,9,11,13,37,42,44,53,54,74,79,81" machi="11" ten="40,5200,0" yaku="25,2,52,1" doraHai="104" who="3" fromWho="1" sc="250,0,250,-52,250,0,250,52" /><INIT seed="1,0,0,3,2,12" ten="250,198,250,302" oya="1" hai0="19,15,102,89,81,22,111,47,73,120,20,9,110" hai1="100,62,101,132,61,107,0,78,87,7,103,28,23" hai2="42,8,67,114,128,13,4,92,69,109,16,30,105" hai3="112,34,43,122,80,48,84,39,124,25,54,85,95"/><U104/><E132/><V41/><F105/><W70/><G122/><T99/><D120/><U56/><E0/><V98/><F109/><N who="0" m="41482" /><D47/><U113/><E113/><V63/><F114/><W44/><G112/><T11/><D11/><U131/><E131/><V106/><F128/><W29/><G124/><T126/><D126/><U96/><E7/><V118/><F118/><W37/><G70/><T31/><D31/><U116/><E116/><V119/><F119/><W17/><G95/><N who="0" m="58751" /><D89/><U134/><E134/><V45/><F106/><W72/><G72/><T108/><N who="0" m="41490" /><T121/><DORA hai="115" /><D121/><U66/><E107/><V46/><F30/><W59/><G39/><T127/><D127/><U90/><E62/><V71/><F71/><W129/><G129/><T77/><AGARI ba="0,0" hai="9,15,19,20,22,73,77,81" m="58751,41490" machi="77" ten="40,2700,0" yaku="14,1,52,1" doraHai="12,115" who="0" fromWho="0" sc="250,27,198,-13,250,-7,302,-7" /><INIT seed="2,0,0,0,1,115" ten="277,185,243,295" oya="2" hai0="99,130,26,0,85,76,124,12,79,16,3,128,18" hai1="109,5,118,30,111,125,80,92,25,68,96,67,53" hai2="50,41,45,34,35,55,59,102,116,98,84,83,13" hai3="65,122,71,9,135,114,7,58,74,134,91,120,10"/><V103/><F13/><W14/><G74/><T75/><D75/><U4/><E125/><V107/><F103/><W105/><G105/><T112/><D99/><U44/><E80/><V19/><F19/><W127/><G71/><T106/><D106/><U49/><E67/><V97/><F97/><W72/><G72/><T47/><D47/><U11/><E68/><V77/><REACH who="2" step="1"/><F116/><REACH who="2" ten="277,185,233,295" step="2"/><W42/><G14/><T36/><D12/><U63/><E118/><V93/><F93/><W88/><G7/><T117/><D117/><U133/><E133/><V33/><F33/><W110/><G135/><T78/><D18/><U81/><E81/><V1/><F1/><W126/><G134/><T66/><D3/><U52/><E11/><V90/><F90/><W15/><G15/><T82/><D0/><U6/><E109/><V43/><F43/><W57/><G42/><T21/><D78/><U89/><E111/><V31/><F31/><W73/><G110/><T119/><D119/><U51/><E63/><AGARI ba="0,1" hai="34,35,41,45,50,55,59,63,77,83,84,98,102,107" machi="63" ten="30,2900,0" yaku="1,1,7,1,53,0" doraHai="115" doraHaiUra="108" who="2" fromWho="1" sc="277,0,185,-29,233,39,295,0" /><INIT seed="2,1,0,5,1,124" ten="277,156,272,295" oya="2" hai0="45,135,130,9,93,131,71,96,70,133,39,79,127" hai1="99,48,57,56,82,89,65,31,20,29,118,107,4" hai2="84,97,34,90,60,114,52,102,13,66,132,110,5" hai3="23,126,116,49,25,81,33,24,3,63,74,8,103"/><V37/><F114/><W91/><G116/><T62/><D79/><U55/><E118/><V18/><F132/><N who="0" m="50762" /><D9/><U50/><E65/><V35/><F5/><W95/><G126/><T106/><D106/><U105/><E4/><V123/><F37/><W80/><G103/><N who="0" m="60815" /><D127/><U67/><E82/><V12/><F123/><W68/><G8/><T117/><D117/><U42/><E67/><V94/><F110/><W88/><G3/><T128/><D62/><U46/><E57/><V22/><F12/><W78/><G81/><T64/><D64/><U36/><E36/><V47/><F47/><W83/><G83/><T69/><D69/><U11/><E11/><V6/><F6/><W28/><G63/><T122/><D122/><U77/><E77/><V72/><F72/><W44/><G68/><T112/><D112/><U43/><E43/><AGARI ba="1,0" hai="39,43,45,70,71,128,130,131" m="60815,50762" machi="43" ten="40,8000,1" yaku="19,1,20,1,52,3" doraHai="124" who="0" fromWho="1" sc="277,83,156,-83,272,0,295,0" /><INIT seed="3,0,0,1,4,133" ten="360,73,272,295" oya="3" hai0="117,39,38,123,96,37,127,92,70,50,80,0,64" hai1="48,91,130,3,34,102,74,32,16,43,88,79,119" hai2="129,83,120,66,67,54,56,90,126,60,95,128,115" hai3="46,110,87,121,41,18,93,104,13,30,23,15,125"/><W68/><G121/><T112/><D123/><U9/><E130/><V59/><F120/><W44/><G104/><T12/><D0/><U134/><E134/><V109/><F115/><W33/><G68/><T4/><D117/><U5/><E119/><V35/><F35/><W116/><G116/><T114/><D80/><U57/><E102/><V73/><F109/><W76/><G110/><T101/><D127/><U135/><E135/><V55/><F83/><W25/><G125/><T22/><D50/><U51/><E79/><V100/><F73/><W11/><G41/><T52/><D52/><U62/><E74/><V131/><F100/><W105/><G105/><T82/><D82/><U19/><E34/><V97/><REACH who="2" step="1"/><F126/><REACH who="2" ten="360,73,262,295" step="2"/><W42/><G76/><T24/><D114/><U69/><E32/><V85/><F85/><W107/><G107/><T122/><D112/><U75/><E75/><V99/><F99/><W98/><G87/><T108/><D122/><U71/><E91/><V29/><F29/><W47/><G98/><T118/><D108/><U40/><E88/><V113/><F113/><W36/><REACH who="3" step="1"/><G93/><REACH who="3" ten="360,73,262,285" step="2"/><T81/><D118/><U14/><E43/><V7/><F7/><AGARI ba="0,2" hai="7,11,13,15,18,23,25,30,33,36,42,44,46,47" machi="7" ten="30,5800,0" yaku="1,1,2,1,7,1,53,0" doraHai="133" doraHaiUra="94" who="3" fromWho="2" sc="360,0,73,0,262,-58,285,78" /><INIT seed="3,1,0,5,0,111" ten="360,73,204,363" oya="3" hai0="74,8,112,110,43,88,28,65,19,95,51,36,25" hai1="6,132,101,21,118,125,92,77,2,32,99,76,45" hai2="85,119,102,78,34,109,14,50,71,122,127,53,3" hai3="41,67,48,124,59,5,49,123,70,79,120,17,20"/><W97/><G124/><T15/><D74/><U33/><E125/><V12/><F119/><W121/><G5/><T47/><D110/><U1/><E118/><V116/><F116/><W66/><G79/><T60/><D112/><U22/><E132/><V83/><F109/><W68/><G97/><T98/><D36/><U64/><E64/><N who="3" m="24618" /><G20/><T61/><REACH who="0" step="1"/><D65/><REACH who="0" ten="350,73,204,363" step="2"/><U16/><E2/><V23/><F3/><W104/><G104/><T13/><D13/><U37/><E37/><V7/><F12/><W86/><G120/><T10/><D10/><U72/><E72/><V69/><F14/><W4/><G123/><T130/><D130/><U117/><E117/><V94/><F122/><W18/><G121/><T134/><D134/><U26/><E1/><V54/><F127/><W75/><G75/><T30/><D30/><U44/><E6/><V73/><F7/><W106/><G4/><T89/><D89/><U113/><E113/><V84/><F73/><W90/><G90/><T105/><D105/><U100/><E26/><V135/><F135/><W56/><G106/><T31/><D31/><U24/><E24/><V9/><F9/><W103/><G17/><T87/><D87/><U62/><E16/><V0/><F84/><W82/><G18/><T29/><D29/><U81/><E77/><V42/><F85/><W96/><G86/><T93/><D93/><U128/><E128/><V57/><F94/><W38/><G38/><T46/><D46/><U91/><E92/><V126/><F126/><W55/><G82/><T52/><D52/><U115/><E115/><V114/><F114/><RYUUKYOKU ba="1,1" sc="350,30,73,-10,204,-10,363,-10" hai0="8,15,19,25,28,43,47,51,60,61,88,95,98" /><INIT seed="4,2,1,1,1,115" ten="380,63,194,353" oya="0" hai0="41,57,122,37,118,22,2,113,21,67,47,29,104" hai1="50,102,25,10,120,26,77,78,23,24,73,90,116" hai2="132,100,121,82,34,130,19,111,64,76,127,18,84" hai3="124,92,83,98,6,95,106,5,65,35,20,28,123"/><T114/><D104/><U12/><E120/><V59/><F121/><W74/><G123/><T13/><D2/><U105/><E90/><V44/><F34/><W55/><G124/><T71/><D71/><U66/><E66/><V27/><F127/><W36/><G36/><T81/><D122/><U88/><E23/><V133/><F111/><W14/><G35/><T85/><D118/><U52/><E116/><V126/><F126/><W38/><G38/><T49/><D29/><U17/><E73/><V108/><F108/><W101/><G65/><T93/><D93/><U128/><E128/><V89/><F130/><W53/><G106/><T43/><D43/><U31/><E31/><V70/><F70/><W62/><G95/><T94/><D94/><U97/><REACH who="1" step="1"/><E88/><REACH who="1" ten="380,53,194,353" step="2"/><N who="2" m="51223" /><F64/><W8/><G74/><T103/><D22/><U11/><E11/><V58/><F89/><W33/><G33/><T7/><D21/><U32/><E32/><V54/><F132/><W80/><G20/><T16/><D67/><U39/><E39/><V91/><F91/><W1/><G28/><T87/><D37/><U75/><E75/><V48/><F133/><W56/><G83/><T45/><D81/><U131/><E131/><V63/><F27/><W129/><G80/><T112/><D113/><U109/><E109/><V61/><F76/><W96/><G129/><T4/><D112/><U79/><E79/><V9/><F9/><N who="3" m="4407" /><G96/><T119/><D119/><U42/><E42/><V40/><F40/><W134/><G134/><T125/><D114/><U72/><E72/><V117/><F117/><W69/><G69/><RYUUKYOKU ba="2,2" sc="380,-15,53,15,194,-15,353,15" hai1="10,12,17,24,25,26,50,52,77,78,97,102,105" hai3="1,5,8,53,55,56,62,92,98,101" /><INIT seed="5,3,2,2,1,5" ten="365,68,179,368" oya="1" hai0="13,21,74,19,24,85,106,52,1,116,45,11,100" hai1="66,86,61,107,46,70,122,27,36,48,113,54,120" hai2="127,117,34,63,59,39,68,35,6,131,58,118,43" hai3="90,132,20,31,109,32,8,22,23,125,29,96,111"/><U97/><E113/><V124/><F68/><W40/><G40/><T72/><D116/><U119/><E119/><V10/><F131/><W67/><G67/><T7/><D100/><N who="1" m="62863" /><E86/><V55/><F43/><W115/><G96/><T101/><D101/><U76/><E76/><V75/><F39/><W38/><G38/><T26/><D106/><U134/><E134/><V121/><F75/><W102/><G90/><T88/><D24/><U51/><E51/><V28/><F121/><W95/><G95/><T104/><D104/><U30/><E36/><V79/><F79/><W42/><G42/><T81/><REACH who="0" step="1"/><D1/><REACH who="0" ten="355,68,179,368" step="2"/><U126/><E126/><V60/><F117/><W105/><G102/><T103/><D103/><U53/><E53/><V80/><F118/><W110/><G105/><T69/><D69/><U37/><E37/><V123/><F55/><W3/><G125/><T33/><D33/><AGARI ba="3,3" hai="27,30,33,46,48,54,61,66,70,120,122" m="62863" machi="33" ten="30,1500,0" yaku="25,1" doraHai="5" who="1" fromWho="0" sc="355,-24,68,54,179,0,368,0" /><INIT seed="5,4,0,5,3,47" ten="331,122,179,368" oya="1" hai0="7,79,101,67,51,110,37,29,70,40,38,91,94" hai1="43,115,132,24,50,99,84,66,52,112,88,102,127" hai2="87,36,26,89,60,21,76,22,129,16,1,105,61" hai3="32,23,93,85,96,72,20,73,4,104,56,58,3"/><U106/><E132/><V49/><F36/><W71/><G71/><T113/><D101/><U18/><E127/><V14/><F1/><W118/><G32/><T5/><D110/><U117/><E117/><V124/><F124/><W125/><G125/><T54/><D79/><U57/><E66/><V121/><F121/><W39/><G104/><T44/><D29/><U48/><E18/><V119/><F119/><W12/><G39/><T59/><D38/><U0/><E0/><V25/><F129/><W92/><G3/><T130/><D113/><N who="1" m="43595" /><E24/><V27/><F105/><W86/><G118/><T8/><D8/><U128/><E43/><V15/><F76/><W90/><G90/><T120/><D130/><U77/><E77/><V133/><F133/><W134/><G96/><T97/><D120/><U33/><E33/><V34/><F34/><W31/><G12/><T95/><D94/><N who="1" m="54535" /><E128/><V42/><F15/><W13/><G13/><T2/><D2/><U116/><E116/><V55/><F42/><W10/><G134/><T45/><D45/><U9/><E9/><V28/><F27/><W103/><G10/><T135/><D135/><U126/><E126/><V108/><F26/><W109/><G31/><T68/><D68/><U131/><E131/><V30/><F28/><W75/><G75/><T114/><D114/><U64/><E64/><V74/><F74/><W82/><G72/><T53/><D53/><U17/><E17/><V63/><F108/><W81/><G73/><T6/><D67/><U122/><E122/><V98/><F30/><W19/><G109/><T35/><D35/><RYUUKYOKU ba="4,0" sc="331,15,122,15,179,-15,368,-15" hai0="5,6,7,37,40,44,51,54,59,70,91,95,97" hai1="48,50,52,57,99,102,106" /><INIT seed="5,5,0,4,5,82" ten="346,137,164,353" oya="1" hai0="130,65,81,114,11,48,47,56,125,35,129,29,70" hai1="112,135,53,18,94,14,121,62,80,102,57,87,33" hai2="16,9,64,134,43,120,98,78,46,104,44,45,4" hai3="126,88,100,79,96,12,115,73,103,1,109,42,3"/><U8/><E121/><V128/><F120/><W127/><G109/><T97/><D70/><U49/><E112/><V58/><F134/><W52/><G115/><T26/><D114/><U84/><E135/><V7/><F128/><N who="0" m="49258" /><D97/><N who="1" m="59703" /><E33/><V22/><F104/><W132/><G132/><T63/><D125/><N who="3" m="47625" /><G42/><N who="0" m="24695" /><D81/><U37/><E37/><V10/><F98/><W17/><G79/><T25/><D25/><U19/><E80/><V89/><F43/><W77/><G77/><T24/><D24/><U55/><E18/><V13/><F78/><W122/><G73/><T123/><D11/><N who="2" m="4106" /><F89/><W74/><G74/><T72/><D72/><U107/><E107/><V113/><F113/><W27/><G27/><T68/><D123/><U86/><E49/><V124/><F124/><W30/><G30/><T20/><D68/><U2/><E2/><V61/><AGARI ba="5,0" hai="4,7,13,16,22,44,45,46,58,61,64" m="4106" machi="61" ten="30,2000,0" yaku="8,1,54,1" doraHai="82" who="2" fromWho="2" sc="346,-10,137,-15,164,35,353,-10" /><INIT seed="6,0,0,1,5,34" ten="336,122,199,343" oya="2" hai0="39,43,1,100,30,56,31,23,19,134,122,128,104" hai1="114,61,24,98,97,49,81,132,44,63,92,14,126" hai2="3,82,89,121,105,2,72,103,125,37,133,86,108" hai3="64,27,130,94,36,90,69,50,10,99,0,48,57"/><V101/><F121/><W33/><G36/><T79/><D122/><U93/><E114/><V16/><F37/><W17/><G69/><T87/><D1/><U60/><E132/><V71/><F71/><W6/><G130/><T8/><D8/><U22/><E126/><V111/><F133/><W106/><G106/><T47/><D128/><U131/><E131/><V73/><F125/><W21/><G64/><T68/><D68/><U35/><E35/><V102/><F105/><W80/><G57/><T4/><D4/><U52/><E81/><V41/><F41/><W9/><G9/><T20/><D20/><U95/><REACH who="1" step="1"/><E14/><REACH who="1" ten="336,112,199,343" step="2"/><V12/><F111/><W66/><G33/><T84/><D134/><U77/><E77/><V96/><F108/><W32/><G32/><T53/><D79/><U51/><E51/><V7/><F12/><W65/><G80/><T76/><D76/><U110/><E110/><V45/><F82/><W18/><G50/><T88/><D39/><U117/><E117/><V78/><F78/><W59/><G48/><T67/><D31/><AGARI ba="0,1" hai="22,24,31,44,49,52,60,61,63,92,93,95,97,98" machi="31" ten="40,5200,0" yaku="1,1,8,1,54,1,53,0" doraHai="34" doraHaiUra="15" who="1" fromWho="0" sc="336,-52,112,62,199,0,343,0" /><INIT seed="7,0,0,3,1,31" ten="284,174,199,343" oya="3" hai0="0,54,12,129,6,18,72,65,119,67,17,8,77" hai1="91,99,117,68,90,22,28,44,13,111,50,52,3" hai2="42,76,19,115,40,75,2,70,59,60,135,38,29" hai3="132,34,81,127,5,116,41,98,102,21,96,133,134"/><W92/><G116/><T106/><D106/><U97/><E3/><V112/><F70/><W64/><G34/><T123/><D123/><U7/><E68/><V110/><F110/><W23/><G127/><T125/><D125/><U80/><E111/><V1/><F135/><W30/><G64/><T86/><D72/><U63/><E117/><V25/><F19/><W87/><G5/><T14/><D119/><U114/><E114/><N who="2" m="43563" /><F76/><N who="3" m="46503" /><G41/><N who="2" m="15977" /><F75/><W79/><G30/><T10/><D129/><U27/><E63/><V16/><F16/><W121/><G79/><T47/><D6/><U94/><E80/><V71/><F38/><W74/><G74/><T82/><D0/><U48/><E48/><AGARI ba="0,0" hai="8,10,12,14,17,18,47,48,54,65,67,77,82,86" machi="48" ten="40,2600,0" yaku="9,1,8,1" doraHai="31" who="0" fromWho="1" sc="284,26,174,-26,199,0,343,0" owari="310,11.0,148,-35.0,199,-20.0,343,44.0" /></mjloggm>