<mjloggm ver="2.3"><GO type="169" lobby="0"/><UN n0="%E8%8B%A5%E5%AE%AE%E6%98%8E%E6%97%A5%E9%A6%99" n1="%70%69%6E%63%65%72%73" n2="%E9%9B%80%E8%8D%98%E4%B8%AD%E5%B7%9D" n3="%E8%87%B3%E5%A6%82%E4%BF%A1%E3%83%A2%E3%83%8E" dan="17,16,17,16" rate="2209.87,2167.02,2202.53,2062.02" sx="F,M,M,M"/><TAIKYOKU oya="0"/><INIT seed="0,0,0,4,2,21" ten="250,250,250,250" oya="0" hai0="33,70,22,85,93,125,71,37,19,4,111,2,72" hai1="55,13,129,24,50,5,128,36,14,76,103,62,105" hai2="77,67,94,53,30,110,18,27,57,116,47,31,0" hai3="80,75,122,79,43,65,87,17,123,132,104,44,63"/><T99/><D72/><U16/><E36/><V81/><F0/><W41/><G104/><T97/><D37/><U49/><E76/><V39/><F110/><W3/><G132/><T92/><D111/><U90/><E62/><V91/><F116/><W58/><G87/><T12/><D33/><U26/><E13/><V28/><F67/><W95/><G95/><T112/><D112/><U120/><E5/><V15/><F47/><W64/><G64/><T115/><D115/><U29/><E120/><N who="3" m="46122" /><G3/><T117/><D117/><U96/><E90/><V133/><F39/><W61/><G61/><T60/><D125/><U102/><E102/><V42/><F42/><N who="3" m="15883" /><G17/><T109/><D109/><U56/><E49/><V32/><F81/><W107/><G107/><T25/><D2/><U52/><E55/><V73/><F73/><W20/><G44/><T88/><D60/><U84/><E84/><V38/><F77/><W135/><G135/><T45/><D45/><U108/><E108/><V127/><F127/><W124/><G124/><T78/><D78/><U74/><E74/><V86/><F133/><W101/><G101/><T8/><REACH who="0" step="1"/><D85/><REACH who="0" ten="240,250,250,250" step="2"/><U82/><E82/><V119/><F119/><W9/><G80/><T10/><D10/><N who="1" m="6231" /><E29/><V46/><F38/><W121/><G121/><T69/><D69/><U83/><E83/><V66/><F86/><W35/><G79/><T131/><D131/><AGARI ba="0,1" hai="24,26,50,52,56,96,103,105,128,129,131" m="6231" machi="131" ten="30,8000,1" yaku="19,1,52,2,54,2" doraHai="21" who="1" fromWho="0" sc="240,-80,250,90,250,0,250,0" /><INIT seed="1,0,0,0,5,37" ten="160,340,250,250" oya="1" hai0="28,15,26,129,78,88,57,25,103,109,69,36,58" hai1="61,40,29,4,50,34,60,98,97,127,116,89,77" hai2="120,119,35,66,73,8,32,107,13,122,83,130,20" hai3="41,24,86,63,62,105,10,0,102,128,47,131,99"/><U114/><E114/><V100/><F119/><W132/><G86/><T64/><D78/><U118/><E77/><V111/><F73/><W49/><G24/><T125/><D103/><U23/><E34/><V68/><F83/><W90/><G90/><T74/><D74/><U85/><E4/><V30/><F20/><W93/><G93/><T16/><D69/><U59/><E127/><V17/><F111/><W72/><G72/><T12/><D109/><U6/><E6/><V18/><F18/><W108/><G108/><T75/><D75/><U117/><E23/><V51/><F51/><W92/><G92/><T123/><D125/><U48/><E29/><V104/><F130/><N who="3" m="49707" /><G132/><T44/><D129/><U7/><E7/><AGARI ba="0,0" hai="0,7,10,41,47,49,62,63,99,102,105" m="49707" machi="7" ten="30,2000,0" yaku="19,1,52,1" doraHai="37" who="3" fromWho="1" sc="160,0,340,-20,250,0,250,20" /><INIT seed="2,0,0,1,3,62" ten="160,320,250,270" oya="2" hai0="70,48,98,5,21,13,36,42,25,124,96,1,22" hai1="51,41,105,132,112,118,120,56,3,57,14,34,97" hai2="16,123,68,114,84,49,80,24,78,102,86,38,121" hai3="11,116,29,82,131,27,128,19,95,93,15,54,79"/><V99/><F114/><W67/><G116/><T75/><D36/><U50/><E3/><V32/><F38/><W130/><G54/><T40/><D75/><U94/><E105/><V125/><F125/><W104/><G104/><T72/><D72/><U35/><E112/><V31/><F86/><W0/><G0/><T117/><D1/><U45/><E118/><V46/><F68/><W39/><G39/><T85/><D124/><U83/><E132/><V109/><F109/><W4/><G4/><T59/><D70/><U12/><E83/><V126/><F126/><W18/><G18/><T28/><D117/><U87/><E87/><V122/><F16/><W69/><G82/><T33/><D33/><U129/><E120/><V71/><F71/><W7/><G7/><T88/><D21/><U52/><E129/><V55/><REACH who="2" step="1"/><F123/><REACH who="2" ten="160,320,240,270" step="2"/><W2/><G69/><T53/><D98/><U23/><E97/><V6/><F6/><W81/><G130/><T89/><D96/><U110/><E110/><V133/><F133/><W113/><G113/><T134/><D134/><U106/><E106/><AGARI ba="0,1" hai="24,31,32,46,49,55,78,80,84,99,102,106,121,122" machi="106" ten="30,2900,0" yaku="1,1,7,1,53,0" doraHai="62" doraHaiUra="8" who="2" fromWho="1" sc="160,0,320,-29,240,39,270,0" /><INIT seed="2,1,0,1,2,47" ten="160,291,279,270" oya="2" hai0="90,3,134,23,127,130,55,88,64,99,80,42,45" hai1="66,78,54,56,39,15,74,86,0,34,91,43,115" hai2="38,113,102,27,50,116,61,94,97,110,95,46,52" hai3="35,32,11,89,100,20,18,13,14,57,7,68,21"/><V25/><F113/><W51/><G68/><T124/><D3/><U62/><E115/><V109/><F116/><W112/><G112/><T121/><D121/><U106/><E106/><V16/><F38/><W24/><G100/><T93/><D64/><U107/><E107/><V133/><F133/><W119/><G89/><T77/><D134/><U122/><E34/><N who="3" m="12842" /><G51/><N who="0" m="29167" /><D42/><U118/><E0/><V30/><F30/><N who="3" m="17671" /><G57/><T70/><D70/><U58/><E74/><V84/><F61/><W75/><G75/><T129/><D23/><U131/><E118/><AGARI ba="1,0" hai="7,11,13,14,18,21,118,119" m="17671,12842" machi="118" ten="30,2000,0" yaku="34,2" doraHai="47" who="3" fromWho="1" sc="160,0,291,-23,279,0,270,23" /><INIT seed="3,0,0,0,3,89" ten="160,268,279,293" oya="3" hai0="29,22,59,10,118,109,57,3,85,17,44,18,76" hai1="31,16,6,60,11,48,5,0,47,34,129,54,30" hai2="132,125,64,74,41,79,116,83,21,92,127,9,134" hai3="93,114,32,62,70,128,123,36,7,104,107,12,75"/><W113/><G123/><T13/><D118/><U106/><E106/><V110/><F41/><W122/><G122/><T120/><D120/><U119/><E119/><V121/><F64/><W35/><G36/><T81/><D3/><U53/><E129/><V77/><F121/><W97/><G75/><T72/><D109/><U33/><E6/><V19/><F116/><W100/><G128/><T131/><D131/><U135/><E135/><N who="2" m="51755" /><F9/><W101/><G12/><T80/><D29/><N who="1" m="10763" /><E33/><V15/><F110/><W38/><G38/><T87/><D44/><N who="1" m="27783" /><E34/><V27/><F27/><W20/><G7/><T111/><D72/><U61/><E0/><V46/><F46/><W88/><G20/><T96/><D96/><U102/><E5/><V115/><F79/><W56/><G70/><T2/><D2/><U55/><E102/><V65/><F65/><W91/><G97/><T23/><D111/><U8/><E8/><V117/><F117/><W68/><G68/><T126/><D126/><N who="2" m="48138" /><F115/><W63/><REACH who="3" step="1"/><G56/><REACH who="3" ten="160,268,279,283" step="2"/><T39/><D39/><U42/><E11/><V98/><F98/><W67/><G67/><T49/><D10/><U43/><E47/><V24/><F15/><W90/><G90/><T40/><D22/><U14/><E14/><V4/><F4/><W105/><G105/><T45/><REACH who="0" step="1"/><D17/><REACH who="0" ten="150,268,279,283" step="2"/><U25/><E16/><V133/><F133/><W130/><G130/><T73/><D73/><U124/><E124/><V50/><F19/><W95/><AGARI ba="0,2" hai="32,35,62,63,88,91,93,95,100,101,104,107,113,114" machi="95" ten="25,18000,2" yaku="1,1,0,1,22,2,52,2,54,1,53,0" doraHai="89" doraHaiUra="1" who="3" fromWho="3" sc="150,-60,268,-60,279,-60,283,200" /><INIT seed="3,1,0,3,2,2" ten="90,208,219,483" oya="3" hai0="128,40,74,102,1,127,66,58,46,34,19,113,14" hai1="91,7,44,69,56,89,121,57,103,12,11,109,13" hai2="48,126,10,106,101,16,116,68,73,39,83,130,112" hai3="18,63,88,77,92,27,104,23,49,85,61,90,45"/><W25/><G104/><T6/><D74/><U96/><E121/><V107/><F39/><W67/><G77/><T82/><D34/><U72/><E72/><V71/><F112/><W81/><G67/><T64/><D113/><U65/><E109/><V114/><F114/><W55/><G27/><T135/><D128/><U119/><E119/><V42/><F116/><W51/><REACH who="3" step="1"/><G49/><REACH who="3" ten="90,208,219,473" step="2"/><T32/><D66/><U70/><E65/><V53/><F107/><W98/><AGARI ba="1,1" hai="18,23,25,45,51,55,61,63,81,85,88,90,92,98" machi="98" ten="20,18000,2" yaku="1,1,2,1,0,1,7,1,8,1,54,1,53,0" doraHai="2" doraHaiUra="115" who="3" fromWho="3" sc="90,-61,208,-61,219,-61,473,193" /><INIT seed="3,2,0,2,3,74" ten="29,147,158,666" oya="3" hai0="60,83,67,95,16,28,40,55,13,119,41,62,11" hai1="97,29,36,20,76,9,43,22,23,135,131,63,89" hai2="24,1,98,126,108,50,69,118,102,58,110,94,105" hai3="111,57,66,96,81,3,35,87,48,6,51,93,90"/><W91/><G35/><T65/><D119/><U134/><E131/><V78/><F118/><W113/><G113/><T44/><D28/><U54/><E29/><V109/><F69/><W116/><G116/><T127/><D127/><U30/><E30/><V106/><F1/><W27/><G27/><T8/><D8/><U59/><E9/><V2/><F2/><W4/><G3/><T100/><D83/><U0/><E0/><V88/><F24/><W56/><G111/><T129/><D129/><U7/><E7/><N who="3" m="2602" /><G66/><N who="0" m="25099" /><D55/><U26/><E26/><V115/><F115/><W84/><G84/><T92/><D92/><U123/><E123/><V101/><F58/><AGARI ba="2,0" hai="48,51,56,57,58,81,87,90,91,93,96" m="2602" machi="58" ten="30,1500,0" yaku="8,1" doraHai="74" who="3" fromWho="2" sc="29,0,147,0,158,-21,666,21" /><INIT seed="3,3,0,0,5,86" ten="29,147,137,687" oya="3" hai0="65,37,70,50,73,89,0,29,132,66,112,9,18" hai1="92,94,128,84,36,44,133,82,20,91,59,58,134" hai2="63,72,106,83,48,110,125,12,21,33,26,6,7" hai3="77,96,102,99,120,5,30,75,22,55,35,25,56"/><W93/><G120/><T14/><D37/><U126/><E126/><V27/><F106/><W124/><G124/><T107/><D107/><U135/><E128/><V116/><F125/><W17/><G5/><T114/><D73/><U87/><E20/><V105/><F105/><W121/><G121/><T49/><D0/><U115/><E115/><N who="0" m="44073" /><D132/><U57/><E84/><V38/><F38/><W80/><G96/><T54/><D29/><U68/><E68/><V109/><F63/><W104/><G104/><T64/><D70/><U19/><E19/><N who="2" m="10471" /><F48/><N who="0" m="18538" /><D54/><U53/><E53/><V47/><F72/><W113/><G113/><T98/><D98/><U16/><E16/><V3/><F3/><W100/><G55/><T130/><D130/><U8/><E8/><V74/><F74/><W41/><G17/><T23/><D9/><U28/><E28/><V11/><F11/><W2/><G2/><T88/><AGARI ba="3,0" hai="14,18,23,64,65,66,88,89" m="18538,44073" machi="88" ten="40,8000,1" yaku="11,1,52,2,54,1" doraHai="86" who="0" fromWho="0" sc="29,89,147,-23,137,-23,687,-43" /><INIT seed="4,0,0,1,2,32" ten="118,124,114,644" oya="0" hai0="88,93,122,132,0,124,87,52,113,121,119,36,73" hai1="19,98,120,49,71,130,9,45,8,17,128,59,25" hai2="135,95,134,34,129,38,20,82,75,11,94,77,91" hai3="125,29,27,86,74,112,7,6,22,46,2,102,90"/><T115/><D119/><U47/><E71/><V103/><F38/><W79/><G112/><N who="0" m="43083" /><D132/><N who="2" m="50730" /><F34/><W50/><G125/><T54/><D124/><U92/><E120/><N who="0" m="46185" /><D36/><U21/><E59/><V42/><F20/><W10/><G102/><T117/><D117/><U96/><E25/><V72/><F11/><W23/><G7/><T110/><D110/><U18/><E21/><V67/><F67/><W108/><G108/><T78/><D0/><U24/><E24/><V116/><F42/><W126/><G126/><T100/><D100/><U104/><E104/><V31/><F31/><W65/><G29/><T3/><D3/><U41/><E45/><V106/><F116/><W4/><G27/><T61/><D61/><U107/><E107/><V53/><F53/><N who="0" m="20586" /><D78/><U30/><E30/><V133/><F133/><W70/><G79/><T123/><N who="0" m="46193" /><T37/><DORA hai="5" /><D37/><U63/><E63/><V118/><F118/><W1/><G1/><T55/><N who="0" m="20594" /><T111/><DORA hai="64" /><D111/><U105/><E105/><V66/><F66/><W101/><G101/><T109/><D109/><U69/><E69/><V68/><F68/><W83/><G65/><T62/><D62/><U35/><E35/><V48/><F106/><W40/><G70/><T12/><D12/><U44/><E44/><V80/><F103/><W51/><G46/><T127/><D127/><U97/><REACH who="1" step="1"/><E92/><REACH who="1" ten="118,114,114,644" step="2"/><V33/><F33/><W14/><G23/><T13/><D73/><U60/><E60/><V89/><F75/><W28/><G74/><T56/><D56/><U58/><E58/><V76/><F72/><W85/><G22/><RYUUKYOKU ba="0,1" sc="118,15,114,15,114,-15,644,-15" hai0="13,87,88,93" hai1="8,9,17,18,19,41,47,49,96,97,98,128,130" /><INIT seed="4,1,1,3,4,7" ten="133,129,99,629" oya="0" hai0="113,125,83,114,110,132,40,90,60,31,49,94,48" hai1="93,6,107,38,120,54,10,45,32,100,123,82,47" hai2="92,25,12,105,106,95,122,121,5,36,88,57,68" hai3="22,115,23,117,19,104,67,79,101,118,58,98,1"/><T61/><D132/><U18/><E32/><V33/><F68/><W77/><G1/><T56/><D125/><U41/><E107/><V128/><F36/><W72/><G115/><N who="0" m="44043" /><D110/><U26/><E82/><V53/><F128/><W80/><G77/><T76/><D31/><U13/><E100/><V4/><F106/><W27/><REACH who="3" step="1"/><G23/><REACH who="3" ten="133,129,99,619" step="2"/><T96/><D40/><U130/><E130/><V46/><F122/><W21/><G21/><T42/><D42/><U70/><E41/><V126/><F121/><W87/><G87/><N who="0" m="48615" /><D61/><AGARI ba="1,2" hai="19,22,27,58,61,67,72,79,80,98,101,104,117,118" machi="61" ten="40,1300,0" yaku="1,1,53,0" doraHai="7" doraHaiUra="127" who="3" fromWho="0" sc="133,-16,129,0,99,0,619,36" /><INIT seed="5,0,0,0,3,33" ten="117,129,99,655" oya="1" hai0="8,2,6,112,11,32,111,122,125,120,128,76,42" hai1="21,51,78,88,67,89,126,114,130,5,34,50,4" hai2="52,81,71,79,82,92,17,22,90,80,43,26,58" hai3="95,131,47,16,108,73,38,35,96,121,45,85,27"/><U106/><E34/><V117/><F71/><W59/><G108/><T115/><D111/><U54/><E106/><V91/><F43/><W118/><G121/><N who="0" m="46699" /><D128/><U116/><E116/><V102/><F117/><W86/><G73/><T40/><D125/><U119/><E119/><V135/><F135/><W7/><G131/><T129/><D129/><U39/><E39/><V31/><F31/><W75/><G75/><T14/><D76/><U113/><E130/><V61/><REACH who="2" step="1"/><F79/><REACH who="2" ten="117,129,89,655" step="2"/><W74/><G118/><T98/><D42/><U24/><E78/><V10/><F10/><W9/><G9/><T29/><D40/><U66/><E126/><V101/><F101/><W19/><G38/><T55/><D11/><U123/><E123/><V64/><F64/><W68/><G68/><T127/><D127/><U132/><E132/><V0/><F0/><W41/><G41/><T104/><D2/><U46/><E66/><V60/><F60/><W100/><G100/><N who="0" m="62487" /><D55/><U103/><E67/><V36/><F36/><W97/><G7/><N who="1" m="2634" /><E103/><V70/><F70/><W53/><G53/><T84/><D29/><N who="1" m="17551" /><E51/><V44/><F44/><W134/><G47/><T57/><D6/><U62/><E62/><V30/><F30/><W94/><G45/><T25/><D8/><U13/><E50/><V65/><F65/><W107/><G134/><T28/><D28/><U105/><E54/><V3/><F3/><W69/><G69/><T18/><D32/><U23/><E46/><V48/><F48/><W77/><G35/><T63/><D63/><U37/><E37/><V15/><F15/><W20/><G77/><RYUUKYOKU ba="0,1" sc="117,-10,129,-10,89,30,655,-10" hai2="17,22,26,52,58,61,80,81,82,90,91,92,102" /><INIT seed="6,1,1,3,3,21" ten="107,119,119,645" oya="2" hai0="4,5,38,130,107,82,19,55,114,133,65,78,33" hai1="48,7,64,13,37,3,8,16,74,70,22,83,44" hai2="1,34,58,124,18,60,61,42,49,73,131,59,135" hai3="92,101,35,24,102,23,122,125,25,84,51,69,6"/><V120/><F120/><W77/><G69/><T127/><D33/><U134/><E134/><V119/><F73/><W9/><G122/><T91/><D107/><U109/><E109/><V96/><F1/><W0/><G125/><T67/><D38/><U28/><E37/><V10/><F119/><W117/><G117/><T94/><D127/><U80/><E74/><V103/><F34/><W68/><G68/><T2/><D133/><U75/><E75/><V62/><F135/><W79/><G51/><T123/><D123/><U90/><E28/><V54/><F131/><W41/><G41/><T112/><D130/><U32/><E32/><V72/><F72/><W11/><G35/><T66/><D2/><U126/><E126/><V26/><F42/><W81/><G92/><T87/><D55/><U93/><E64/><V110/><F110/><W63/><G63/><T46/><D46/><U17/><E17/><V108/><F108/><W27/><G23/><T115/><REACH who="0" step="1"/><D19/><REACH who="0" ten="97,119,119,645" step="2"/><U39/><E39/><V113/><F124/><W76/><REACH who="3" step="1"/><G9/><REACH who="3" ten="97,119,119,635" step="2"/><T85/><AGARI ba="1,3" hai="4,5,65,66,67,78,82,85,87,91,94,112,114,115" machi="85" ten="40,8000,1" yaku="1,1,2,1,0,1,15,1,53,0" doraHai="21" doraHaiUra="36" who="0" fromWho="0" sc="97,113,119,-21,119,-41,635,-21" /><INIT seed="7,0,0,1,4,77" ten="210,98,78,614" oya="3" hai0="31,79,42,53,57,39,23,63,18,87,119,128,82" hai1="52,132,35,133,66,85,81,125,100,41,15,74,6" hai2="89,70,76,54,13,93,40,21,83,103,110,106,4" hai3="91,112,111,124,27,8,43,94,117,131,116,62,50"/><W92/><G112/><T36/><D31/><U19/><E35/><V20/><F110/><W56/><G111/><T127/><D119/><U44/><E66/><V134/><F70/><W71/><G71/><T37/><D128/><U88/><E74/><V95/><F134/><N who="1" m="51817" /><E100/><V1/><F1/><W107/><G27/><T67/><D67/><U99/><E99/><N who="2" m="59903" /><F40/><W16/><G8/><T65/><D42/><U102/><E102/><V45/><F106/><W46/><G16/><T126/><D18/><U78/><E125/><V34/><F34/><W72/><G56/><T22/><D65/><U130/><E130/><V75/><F75/><W61/><G62/><T47/><D63/><U105/><E105/><V97/><F4/><W2/><G2/><T64/><D64/><U60/><E6/><V86/><F13/><W90/><G43/><T32/><D32/><U84/><E60/><V58/><F45/><W55/><G46/><T5/><D47/><U14/><E52/><V80/><F80/><W49/><G55/><T68/><D53/><U0/><E0/><V104/><F104/><W3/><G107/><T17/><D5/><U121/><E121/><V48/><AGARI ba="0,0" hai="20,21,48,54,58,76,83,86,89,93,97" m="59903" machi="48" ten="30,2000,0" yaku="8,1,52,1" doraHai="77" who="2" fromWho="2" sc="210,-5,98,-5,78,20,614,-10" owari="205,1.0,93,-41.0,98,-30.0,604,70.0" /></mjloggm>