<mjloggm ver="2.3"><GO type="169" lobby="0"/><UN n0="%E3%81%99%E3%81%9A%E3%82%81%E3%82%AF%E3%83%AC%E3%82%A4%E3%82%B8%E3%83%BC" n1="%67%61%79%75%6E%79" n2="%74%6E%66%73%68%32%30%34" n3="%52%45%49%4E%E6%A3%AE%E4%B9%85%E4%BF%9D%50" dan="20,16,17,16" rate="2121.18,2092.47,2161.24,2096.71" sx="M,M,M,M"/><TAIKYOKU oya="0"/><INIT seed="0,0,0,4,3,74" ten="250,250,250,250" oya="0" hai0="32,5,49,23,97,52,1,30,105,130,15,98,51" hai1="2,37,120,129,127,108,34,19,42,132,27,107,89" hai2="125,106,115,75,95,82,76,21,122,87,45,62,28" hai3="57,36,6,14,59,47,91,81,77,90,24,79,25"/><T33/><D130/><U22/><RYUUKYOKU type="yao9" ba="0,0" sc="250,0,250,0,250,0,250,0" hai1="2,19,22,27,34,37,42,89,107,108,120,127,129,132" /><INIT seed="0,1,0,5,3,105" ten="250,250,250,250" oya="0" hai0="125,17,36,41,75,63,126,100,0,123,111,86,62" hai1="132,130,89,60,43,13,49,98,131,101,45,92,108" hai2="97,91,114,90,5,8,31,118,4,47,99,11,44" hai3="1,103,56,73,82,122,74,116,52,28,78,110,70"/><T85/><D123/><U117/><E117/><V50/><F31/><W6/><G122/><T21/><D0/><U128/><E132/><V55/><F114/><W71/><G116/><T16/><D100/><U59/><E108/><V83/><F118/><W72/><G110/><T51/><D111/><U112/><E112/><V42/><F11/><W79/><G103/><T24/><D36/><U37/><E13/><V119/><F119/><W127/><G28/><T65/><D17/><U88/><REACH who="1" step="1"/><E37/><REACH who="1" ten="250,240,250,250" step="2"/><V58/><F4/><W67/><G1/><T81/><D126/><U80/><E80/><V66/><F83/><W95/><G127/><T113/><D113/><U76/><E76/><V20/><F5/><W35/><G6/><T96/><D125/><U68/><E68/><V54/><F8/><W115/><G115/><T84/><D96/><U14/><E14/><V22/><F99/><W46/><G78/><T135/><D135/><U39/><E39/><V106/><F97/><W77/><G77/><T9/><D9/><U10/><E10/><V121/><F121/><W25/><G71/><T3/><D3/><U30/><E30/><V32/><F91/><W48/><G70/><T19/><D19/><U18/><E18/><V109/><F90/><W53/><G25/><T69/><D81/><U27/><E27/><V134/><F109/><W93/><G35/><T87/><D69/><U12/><E12/><V61/><F32/><W129/><G79/><T15/><D15/><U26/><E26/><V34/><F34/><W133/><G82/><T104/><N who="0" m="21504" /><DORA hai="57" /><T64/><D16/><RYUUKYOKU ba="1,1" sc="250,-10,240,30,250,-10,250,-10" hai1="43,45,49,59,60,88,89,92,98,101,128,130,131" /><INIT seed="1,2,1,3,0,49" ten="240,270,240,240" oya="1" hai0="122,83,127,107,43,118,64,73,58,110,44,55,105" hai1="30,76,106,113,23,35,90,132,7,41,101,45,14" hai2="97,28,70,50,100,116,65,75,59,6,124,37,3" hai3="47,61,5,9,125,20,128,27,54,24,33,8,78"/><U109/><E113/><V91/><F116/><W112/><G112/><T10/><D118/><U31/><E132/><V17/><F75/><W67/><G128/><T57/><D110/><U77/><E35/><V32/><F37/><W2/><G125/><T25/><D127/><U79/><E109/><V135/><F124/><W87/><G9/><T15/><D25/><U13/><E106/><V129/><F70/><W85/><G33/><T34/><D34/><U133/><E101/><V121/><F3/><W104/><G104/><T53/><D64/><U66/><E66/><V92/><F32/><W81/><G85/><T0/><D122/><U119/><E119/><V93/><F129/><W48/><REACH who="3" step="1"/><G20/><REACH who="3" ten="240,270,240,230" step="2"/><T4/><D107/><U82/><E133/><V52/><F135/><W98/><G98/><T86/><D73/><U26/><E7/><V89/><F121/><W16/><G16/><T74/><D74/><U71/><E30/><V80/><F28/><W126/><G126/><T11/><D105/><U84/><REACH who="1" step="1"/><E71/><AGARI ba="2,2" hai="2,5,8,24,27,47,48,54,61,67,71,78,81,87" machi="71" ten="30,3900,0" yaku="1,1,7,1,52,1,53,0" doraHai="49" doraHaiUra="115" who="3" fromWho="1" sc="240,0,270,-45,240,0,230,65" /><INIT seed="2,0,0,3,3,96" ten="240,225,240,295" oya="2" hai0="60,104,93,53,84,42,50,47,5,135,134,98,52" hai1="108,25,33,127,56,28,40,7,44,131,45,34,26" hai2="112,39,3,18,46,73,51,55,87,124,29,1,120" hai3="100,63,27,16,41,132,97,36,38,11,10,75,70"/><V17/><F120/><W49/><G75/><T92/><D5/><U126/><E108/><V76/><F112/><W62/><G132/><T88/><D104/><U90/><E131/><V12/><F73/><W59/><G70/><T111/><D111/><U83/><E7/><V80/><F124/><N who="1" m="47657" /><E56/><V48/><F39/><W21/><G38/><T114/><D114/><U68/><E68/><V125/><F125/><W95/><G36/><T69/><D69/><U72/><E90/><V20/><F29/><W123/><G123/><T128/><D128/><U23/><E26/><V119/><F119/><W6/><G11/><T116/><D116/><U102/><E102/><V22/><REACH who="2" step="1"/><F51/><REACH who="2" ten="240,225,230,295" step="2"/><W54/><REACH who="3" step="1"/><G41/><REACH who="3" ten="240,225,230,285" step="2"/><T9/><D134/><U30/><E40/><V32/><F32/><W67/><G67/><T13/><D135/><U101/><E34/><V91/><F91/><W64/><G64/><T113/><D113/><U86/><E33/><V31/><F31/><W94/><G94/><T61/><D42/><U130/><E30/><V57/><F57/><W79/><G79/><T81/><D93/><U115/><E72/><V122/><F122/><W65/><G65/><T15/><D53/><U99/><E115/><V2/><F2/><AGARI ba="0,2" hai="2,6,10,16,21,27,49,54,59,62,63,95,97,100" machi="2" ten="30,7700,0" yaku="1,1,7,1,52,1,54,1,53,0" doraHai="96" doraHaiUra="103" who="3" fromWho="2" sc="240,0,225,0,230,-77,285,97" /><INIT seed="3,0,0,1,3,70" ten="240,225,153,382" oya="3" hai0="35,6,132,89,12,9,129,103,53,40,60,71,69" hai1="98,34,24,45,110,21,56,135,116,17,100,90,111" hai2="99,109,61,86,23,39,125,108,47,27,123,73,119" hai3="30,43,7,0,107,32,79,67,14,87,88,106,20"/><W127/><G79/><T121/><D121/><U131/><E135/><V49/><F119/><W75/><G75/><T81/><D35/><U25/><E131/><V101/><F73/><W128/><G128/><T117/><D117/><U13/><E116/><V5/><F123/><W41/><G127/><T84/><D132/><U19/><E90/><V64/><F5/><W114/><G114/><T133/><D133/><U85/><E85/><V82/><F125/><W36/><G43/><T68/><D103/><U80/><E80/><V38/><F49/><W48/><G48/><T51/><D129/><U134/><E134/><V57/><F47/><W118/><G67/><T59/><REACH who="0" step="1"/><D40/><REACH who="0" ten="230,225,153,382" step="2"/><U97/><E34/><V126/><F126/><W50/><G32/><T113/><D113/><U93/><E111/><V42/><F42/><W95/><G118/><T112/><D112/><U22/><E110/><V18/><F109/><W31/><G41/><T63/><AGARI ba="0,1" hai="6,9,12,51,53,59,60,63,68,69,71,81,84,89" machi="63" ten="40,5200,0" yaku="1,1,0,1,53,1" doraHai="70" doraHaiUra="2" who="0" fromWho="0" sc="230,62,225,-13,153,-13,382,-26" /><INIT seed="4,0,0,2,0,45" ten="292,212,140,356" oya="0" hai0="120,65,53,90,99,52,123,61,35,107,17,39,0" hai1="132,105,48,98,44,85,29,46,74,16,108,49,97" hai2="30,125,76,73,94,62,127,86,20,54,26,7,3" hai3="129,118,33,83,124,22,37,50,89,8,47,60,68"/><T11/><D39/><U69/><E74/><V71/><F73/><W1/><G33/><T114/><D114/><U31/><E69/><V12/><F3/><W95/><G118/><T117/><D117/><U91/><E105/><V28/><F28/><N who="1" m="10825" /><E108/><V57/><F71/><W41/><G124/><T103/><D35/><U122/><E122/><V80/><F94/><W42/><G22/><T121/><D90/><U66/><E66/><V14/><REACH who="2" step="1"/><F7/><REACH who="2" ten="292,212,130,356" step="2"/><N who="3" m="1135" /><G95/><T64/><D17/><U126/><E126/><AGARI ba="0,1" hai="12,14,20,26,30,54,57,62,76,80,86,125,126,127" machi="126" ten="40,5200,0" yaku="1,1,18,1,53,1" doraHai="45" doraHaiUra="21" who="2" fromWho="1" sc="292,0,212,-52,130,62,356,0" /><INIT seed="5,0,0,0,0,135" ten="292,160,192,356" oya="1" hai0="2,47,50,69,28,31,106,133,33,94,61,84,19" hai1="15,68,29,54,64,65,107,30,122,82,5,17,22" hai2="89,104,121,109,97,7,26,70,91,0,128,51,124" hai3="125,129,102,86,75,60,46,14,24,42,13,59,52"/><U40/><E122/><V85/><F121/><W112/><G75/><T120/><D106/><U99/><E40/><V62/><F109/><W127/><G112/><T123/><D2/><U131/><E131/><V126/><F128/><W134/><G134/><T66/><D133/><U101/><E5/><V110/><F110/><W10/><G129/><T37/><D33/><U27/><E68/><V108/><F108/><W93/><G24/><T113/><D113/><U130/><E130/><V95/><F51/><W96/><G86/><T18/><D37/><U71/><E71/><V79/><F79/><W119/><G119/><T3/><D3/><U81/><E30/><V48/><F48/><W43/><G14/><T115/><D115/><U6/><E6/><V73/><F73/><W25/><G25/><T23/><D19/><U103/><E103/><V105/><F26/><W44/><G43/><T77/><D123/><U74/><E54/><V100/><F91/><W55/><G55/><T117/><D117/><U98/><E98/><V76/><F76/><W90/><G102/><T116/><D116/><U132/><E132/><V114/><F114/><W49/><REACH who="3" step="1"/><G44/><REACH who="3" ten="292,160,192,346" step="2"/><T53/><D120/><U34/><E74/><V57/><F105/><W11/><G11/><T78/><D77/><U39/><E39/><V16/><F0/><W38/><G38/><T67/><D78/><U80/><AGARI ba="0,1" hai="15,17,22,27,29,34,64,65,80,81,82,99,101,107" machi="80" ten="30,1500,0" yaku="0,1" doraHai="135" who="1" fromWho="1" sc="292,-5,160,25,192,-5,346,-5" /><INIT seed="5,1,0,4,0,119" ten="287,185,187,341" oya="1" hai0="133,55,101,3,105,103,135,34,63,23,42,56,94" hai1="14,0,4,125,81,104,35,78,82,16,60,79,123" hai2="20,22,71,73,1,40,129,51,15,5,50,113,127" hai3="53,117,102,111,17,115,46,96,19,44,122,108,126"/><U83/><E123/><V2/><F71/><W18/><G117/><T61/><D34/><U49/><E125/><V24/><F73/><W59/><G126/><T75/><D105/><U38/><E38/><V77/><F77/><W26/><G122/><T9/><D75/><U92/><E104/><V47/><F127/><W45/><G115/><T84/><D42/><U98/><E35/><V131/><F113/><W67/><G67/><T120/><D23/><U97/><E4/><V112/><F112/><W30/><G30/><T31/><D31/><U65/><E0/><V91/><F51/><W124/><G26/><T64/><D120/><U85/><E49/><V33/><F33/><W95/><REACH who="3" step="1"/><G124/><REACH who="3" ten="287,185,187,331" step="2"/><T93/><D64/><U36/><E79/><V62/><F24/><W10/><G10/><T28/><D28/><U107/><E107/><V12/><F22/><W11/><G11/><T87/><D9/><N who="1" m="6223" /><E36/><V32/><F20/><W8/><G8/><T121/><D121/><U13/><E13/><N who="2" m="5195" /><F32/><W109/><G109/><T48/><D3/><U118/><E118/><V116/><F116/><W90/><G90/><N who="0" m="53447" /><D135/><U37/><E37/><V69/><F91/><W128/><G128/><N who="2" m="49225" /><F5/><W41/><G41/><T6/><D133/><U89/><E78/><V52/><F40/><W54/><G54/><T70/><D6/><U68/><E68/><V39/><F39/><W76/><G76/><T72/><D70/><U88/><E89/><V25/><F25/><W99/><G99/><T27/><D27/><U29/><E29/><V58/><F69/><W106/><G106/><T74/><D74/><RYUUKYOKU ba="1,1" sc="287,-30,185,10,187,10,331,10" hai1="60,65,81,82,83,85,88,92,97,98" hai2="1,2,47,50,52,58,62" hai3="17,18,19,44,45,46,53,59,95,96,102,108,111" /><INIT seed="5,2,1,0,0,9" ten="257,195,197,341" oya="1" hai0="43,96,134,79,66,21,130,104,40,133,33,2,16" hai1="123,126,3,50,71,121,132,73,115,84,120,67,46" hai2="116,5,72,36,26,109,42,83,102,49,57,13,112" hai3="47,61,92,1,82,77,39,107,11,86,68,24,28"/><U87/><E73/><V93/><F109/><W85/><G107/><T88/><D33/><U64/><E3/><V103/><F116/><W63/><G68/><T0/><D79/><U27/><E115/><V59/><F36/><W31/><G31/><T78/><D78/><U62/><E126/><V124/><F124/><W34/><G86/><T91/><D66/><U75/><E75/><V106/><F106/><W20/><G20/><T4/><D130/><U94/><E132/><N who="0" m="50793" /><D40/><U37/><E37/><V18/><F72/><W118/><G118/><T108/><D43/><U45/><E67/><V65/><F83/><W101/><G47/><T128/><D108/><U32/><E46/><N who="2" m="25815" /><F112/><W129/><G39/><T99/><D128/><U122/><N who="1" m="30720" /><DORA hai="44" /><U81/><E94/><V55/><F93/><W95/><G95/><N who="0" m="56423" /><D91/><U8/><E81/><V117/><F117/><W6/><REACH who="3" step="1"/><G129/><REACH who="3" ten="257,195,197,331" step="2"/><T19/><D21/><U89/><E71/><V127/><F127/><W17/><G17/><N who="0" m="6731" /><D4/><U7/><E7/><V29/><F5/><W74/><G74/><T110/><D110/><U114/><E114/><V113/><F113/><W41/><G41/><T25/><D25/><U58/><E27/><V100/><F29/><W15/><G15/><T119/><D119/><U23/><E23/><N who="2" m="11727" /><F26/><W12/><G12/><T80/><D80/><U52/><E32/><V54/><F59/><W38/><G38/><T69/><D69/><U76/><E58/><V10/><F10/><W60/><G60/><AGARI ba="2,2" hai="54,55,57,60,65,100,102,103" m="11727,25815" machi="60" ten="30,3900,0" yaku="8,1,52,2" doraHai="9,44" who="2" fromWho="3" sc="257,0,195,0,197,65,331,-45" /><INIT seed="6,0,0,4,3,132" ten="257,195,262,286" oya="2" hai0="20,60,46,5,122,49,86,26,107,84,1,55,101" hai1="69,67,27,64,6,80,73,134,75,40,18,35,89" hai2="52,54,127,119,47,121,113,96,44,38,8,129,114" hai3="59,65,92,105,108,39,50,78,125,62,79,94,106"/><V76/><F121/><W10/><G108/><T41/><D122/><U51/><E134/><V99/><F119/><W61/><G39/><T68/><D107/><U130/><E130/><V102/><F129/><W126/><G50/><T97/><D1/><U103/><E6/><V90/><F76/><W104/><G10/><T12/><D12/><U48/><E103/><V81/><F8/><W66/><G104/><T34/><D34/><U124/><E35/><V0/><F0/><W2/><G59/><T33/><D33/><U88/><E69/><V72/><F72/><W133/><G2/><T74/><D74/><U37/><E37/><V3/><F3/><W42/><G42/><T117/><D5/><U53/><E53/><V7/><F7/><W28/><G28/><T43/><D43/><U4/><E4/><V83/><F102/><W95/><G95/><N who="0" m="58559" /><D68/><U63/><E40/><V70/><F70/><W45/><REACH who="3" step="1"/><G133/><REACH who="3" ten="257,195,262,276" step="2"/><T14/><D41/><U15/><E51/><V118/><F38/><W23/><G23/><T112/><D49/><U13/><E48/><V57/><F57/><W123/><G123/><T17/><D46/><AGARI ba="0,1" hai="45,46,61,62,65,66,78,79,92,94,105,106,125,126" machi="46" ten="25,8000,1" yaku="1,1,22,2,52,2,53,0" doraHai="132" doraHaiUra="85" who="3" fromWho="0" sc="257,-80,195,0,262,0,276,90" /><INIT seed="7,0,0,0,1,20" ten="177,195,262,366" oya="3" hai0="41,106,131,1,38,127,44,60,105,16,24,40,107" hai1="9,35,95,21,2,121,99,79,55,81,111,22,43" hai2="69,18,53,130,123,26,102,82,67,88,120,96,45" hai3="15,109,133,113,75,37,71,68,17,77,23,118,50"/><W110/><G118/><T124/><D1/><U72/><E121/><N who="2" m="46667" /><F130/><W100/><G37/><T84/><D131/><U128/><E128/><V48/><F67/><W8/><G100/><T61/><D41/><U85/><E111/><V78/><F69/><W65/><G71/><T114/><D84/><U51/><E35/><V0/><F0/><W49/><G65/><T104/><N who="0" m="26624" /><DORA hai="119" /><T33/><D114/><U97/><E43/><V93/><F18/><W7/><G75/><T52/><D52/><U5/><E72/><N who="2" m="43335" /><F26/><W94/><G68/><T70/><D70/><U62/><E62/><V27/><F27/><W116/><G17/><T57/><D57/><U91/><E99/><V30/><F30/><W4/><G4/><T80/><D80/><U125/><E125/><N who="0" m="48201" /><D16/><U58/><AGARI ba="0,0" hai="2,5,9,21,22,51,55,58,79,81,85,91,95,97" machi="58" ten="20,1500,0" yaku="0,1,7,1" doraHai="20,119" who="1" fromWho="1" sc="177,-4,195,15,262,-4,366,-7" owari="173,-33.0,210,-19.0,258,6.0,359,46.0" /></mjloggm>