<mjloggm ver="2.3"><GO type="169" lobby="0"/><UN n0="%6D%61%6B%6F%74%61" n1="%E3%81%A6%E3%82%93%E3%81%A6%E3%81%93%E7%8B%90" n2="%E6%9C%A8%E6%A8%B9" n3="%4D%72%46%65%6E%67" dan="16,16,16,16" rate="2018.00,2178.05,2127.74,2098.93" sx="M,M,M,M"/><TAIKYOKU oya="0"/><INIT seed="0,0,0,0,1,19" ten="250,250,250,250" oya="0" hai0="108,113,36,23,118,60,55,56,132,115,37,134,14" hai1="131,53,25,126,116,8,35,106,32,61,85,79,128" hai2="4,57,75,41,123,6,120,105,93,0,78,99,16" hai3="71,49,109,28,21,69,86,68,94,58,18,121,45"/><T65/><D23/><U76/><E106/><V30/><F30/><W72/><G72/><T26/><D14/><U22/><E116/><V127/><F105/><W67/><G121/><T112/><D26/><U111/><E111/><V7/><F127/><W27/><G109/><T66/><D118/><U9/><E126/><V97/><F41/><W52/><G28/><T2/><D2/><U81/><E76/><V83/><F0/><W59/><REACH who="3" step="1"/><G67/><REACH who="3" ten="250,250,250,240" step="2"/><N who="0" m="25611" /><D108/><U29/><E35/><V84/><F75/><W12/><G12/><T34/><D34/><U62/><E32/><V125/><F125/><W43/><G43/><T74/><D74/><U5/><E29/><V24/><F120/><W87/><G87/><T17/><D17/><U122/><E85/><V42/><F42/><W31/><G31/><T124/><D124/><U98/><E122/><V88/><F123/><W100/><G100/><T104/><D104/><U39/><E25/><V114/><F114/><W51/><G51/><T135/><AGARI ba="0,1" hai="36,37,55,56,60,112,113,115,132,134,135" m="25611" machi="135" ten="40,7800,0" yaku="20,1,34,2" doraHai="19" who="0" fromWho="0" sc="250,88,250,-26,250,-26,240,-26" /><INIT seed="0,1,0,3,0,81" ten="338,224,224,214" oya="0" hai0="87,61,127,129,95,12,29,119,30,123,88,55,47" hai1="57,63,17,43,75,65,7,18,62,101,126,60,66" hai2="102,110,32,44,64,46,19,122,39,116,5,114,11" hai3="6,42,82,121,73,111,72,125,109,93,78,86,3"/><T48/><D123/><U0/><E126/><V16/><F32/><W1/><G6/><T35/><D119/><U105/><E75/><N who="3" m="28746" /><G42/><T10/><D35/><U99/><E43/><V124/><F114/><W14/><G14/><T38/><D38/><U107/><E107/><V89/><F39/><W104/><G104/><T83/><D129/><U54/><E7/><V92/><F102/><W128/><G125/><T115/><D115/><U34/><E34/><V112/><F112/><W21/><G21/><T45/><D47/><U71/><REACH who="1" step="1"/><E0/><REACH who="1" ten="338,214,224,214" step="2"/><V113/><F5/><W58/><G3/><T36/><D127/><U108/><E108/><N who="3" m="41546" /><G1/><T130/><D130/><U15/><E15/><V100/><F113/><W22/><G128/><T56/><D36/><U134/><E134/><V2/><F2/><W23/><G121/><T77/><D12/><U84/><E84/><V131/><F131/><W79/><G79/><T26/><D26/><U9/><E9/><V20/><F11/><W133/><G133/><T97/><REACH who="0" step="1"/><D10/><REACH who="0" ten="328,214,224,214" step="2"/><U91/><E91/><V59/><F89/><N who="3" m="53431" /><G22/><T8/><D8/><U118/><E118/><V49/><F20/><W31/><G23/><T50/><D50/><U27/><E27/><V74/><F49/><W53/><G31/><T67/><AGARI ba="1,2" hai="29,30,45,48,55,56,61,67,77,83,87,88,95,97" machi="67" ten="20,18000,2" yaku="1,1,0,1,7,1,8,1,52,1,54,1,53,0" doraHai="81" doraHaiUra="106" who="0" fromWho="0" sc="328,203,214,-61,224,-61,214,-61" /><INIT seed="0,2,0,0,0,58" ten="531,153,163,153" oya="0" hai0="134,40,36,98,66,130,81,46,39,110,78,1,129" hai1="121,94,89,79,38,62,101,71,83,3,57,127,135" hai2="93,55,49,119,65,126,59,13,120,37,64,15,112" hai3="29,105,63,122,12,106,70,91,82,51,26,16,128"/><T108/><D1/><U99/><E121/><V18/><F120/><W47/><G122/><T92/><D134/><U85/><E135/><V87/><F112/><W77/><G91/><T54/><D66/><U75/><E127/><V103/><F126/><W31/><G128/><N who="0" m="49259" /><D54/><U74/><E38/><V114/><F37/><W9/><G31/><T84/><D39/><U8/><E71/><V41/><F114/><W109/><G109/><N who="0" m="42091" /><D92/><U132/><E132/><V115/><F115/><W43/><G70/><T42/><D98/><U69/><E69/><V6/><F41/><AGARI ba="2,0" hai="36,40,41,42,46,78,81,84" m="42091,49259" machi="41" ten="30,5800,0" yaku="19,1,14,1,10,1" doraHai="58" who="0" fromWho="2" sc="531,64,153,0,163,-64,153,0" /><INIT seed="0,3,0,4,3,28" ten="595,153,99,153" oya="0" hai0="85,114,3,73,55,66,9,93,113,51,123,7,92" hai1="87,23,82,81,112,117,79,42,60,124,99,54,10" hai2="18,45,72,11,71,62,19,95,16,110,115,26,111" hai3="53,103,21,101,134,126,6,106,46,86,30,77,68"/><T65/><D73/><U49/><E117/><V20/><F72/><W58/><G68/><T12/><D123/><U129/><E124/><V59/><F71/><W32/><G106/><T33/><D33/><U121/><E121/><V98/><F115/><W74/><G74/><T56/><D3/><U100/><E129/><V107/><F107/><W29/><G32/><T15/><D113/><U94/><E112/><V84/><F84/><W105/><G105/><T34/><D34/><U104/><E23/><V102/><F45/><W89/><G77/><T35/><D35/><U118/><E118/><V120/><F120/><W48/><G126/><T63/><D114/><U39/><E39/><V80/><F80/><W57/><G6/><T41/><D41/><U69/><E42/><V38/><F38/><W2/><G2/><T125/><D66/><U127/><E10/><V14/><REACH who="2" step="1"/><F18/><REACH who="2" ten="595,153,89,153" step="2"/><W47/><G47/><N who="0" m="28159" /><D125/><U1/><E127/><V0/><F0/><W97/><G46/><T8/><D85/><U131/><E1/><V88/><F88/><W67/><G89/><T109/><D109/><U90/><E79/><V24/><F24/><W17/><G86/><T108/><D108/><U116/><E116/><V5/><F5/><AGARI ba="3,1" hai="5,7,8,9,12,15,56,63,65,92,93" m="28159" machi="5" ten="30,1500,0" yaku="8,1" doraHai="28" who="0" fromWho="2" sc="595,34,153,0,89,-24,153,0" /><INIT seed="0,4,0,5,3,117" ten="629,153,65,153" oya="0" hai0="39,6,135,95,57,114,24,115,122,62,98,25,78" hai1="84,109,102,126,128,43,52,113,100,35,125,127,27" hai2="106,48,118,58,65,53,67,23,3,131,14,22,101" hai3="16,97,63,50,30,45,103,116,89,10,56,9,31"/><T20/><D39/><U11/><E43/><V92/><F3/><W94/><G116/><T42/><D42/><U74/><E74/><V129/><F106/><W83/><G9/><T75/><D135/><U4/><E109/><V73/><F73/><W119/><G119/><T112/><D6/><U104/><E128/><N who="2" m="49227" /><F118/><W34/><G34/><T130/><D130/><U71/><E71/><V60/><F14/><N who="3" m="7255" /><G50/><T13/><D13/><U110/><E110/><V134/><F134/><W28/><G45/><T47/><D47/><U26/><E113/><V8/><F8/><W55/><G83/><T72/><D78/><U64/><E35/><V76/><F76/><W7/><G7/><T38/><D38/><U12/><E64/><N who="2" m="24651" /><F48/><W93/><G93/><T2/><D2/><U1/><E1/><V46/><F46/><W81/><G81/><T49/><D75/><U70/><E70/><V0/><F0/><W77/><G77/><T133/><D72/><U32/><E32/><V44/><F44/><W87/><G103/><N who="1" m="39466" /><E104/><V121/><F121/><W99/><AGARI ba="4,0" hai="28,30,31,55,56,63,87,89,94,97,99" m="7255" machi="99" ten="30,2000,0" yaku="8,1,54,1" doraHai="117" who="3" fromWho="3" sc="629,-14,153,-9,65,-9,153,32" /><INIT seed="1,0,0,3,5,1" ten="615,144,56,185" oya="1" hai0="2,128,52,97,78,15,28,10,19,70,45,74,127" hai1="134,112,87,81,48,135,3,108,106,90,31,58,100" hai2="111,34,63,11,9,18,107,133,69,75,120,122,129" hai3="47,95,119,110,16,88,85,98,36,20,29,117,79"/><U50/><E112/><V115/><F63/><W41/><G29/><T13/><D70/><U17/><E108/><V101/><F101/><W61/><G110/><T72/><D2/><U96/><E3/><V65/><F65/><W126/><G126/><T33/><D78/><U83/><E31/><V40/><F40/><W53/><G79/><T73/><D127/><U49/><E17/><V67/><F67/><W68/><G85/><T102/><D128/><U105/><E105/><V114/><F18/><W77/><G77/><T56/><D45/><U27/><E27/><V0/><F9/><W6/><G6/><T39/><D39/><U132/><REACH who="1" step="1"/><E83/><REACH who="1" ten="615,134,56,185" step="2"/><V62/><F11/><W4/><G4/><T130/><D19/><U121/><E121/><V14/><F14/><W76/><G119/><T7/><D15/><U125/><E125/><V59/><F115/><W86/><G117/><T109/><D13/><U42/><E42/><V80/><F80/><W103/><G16/><T66/><D10/><U21/><E21/><V43/><F43/><W91/><G20/><T25/><D7/><U44/><E44/><V82/><F82/><W30/><G30/><T60/><D28/><U118/><E118/><V38/><F59/><AGARI ba="0,1" hai="48,49,50,58,59,81,87,90,96,100,106,132,134,135" machi="59" ten="50,4800,0" yaku="1,1,20,1,53,0" doraHai="1" doraHaiUra="57" who="1" fromWho="2" sc="615,0,134,58,56,-48,185,0" /><INIT seed="1,1,0,1,3,12" ten="615,192,8,185" oya="1" hai0="105,6,77,91,102,94,7,21,112,49,45,61,70" hai1="10,64,53,9,22,52,46,25,85,103,113,98,135" hai2="121,106,59,54,95,111,101,63,79,23,104,110,81" hai3="20,30,17,11,100,8,41,86,133,3,13,128,124"/><U84/><E113/><V116/><F116/><W73/><G73/><T26/><D102/><U62/><E135/><V80/><F121/><W126/><G41/><T75/><D105/><U43/><E9/><V4/><F4/><W78/><G133/><T57/><D70/><U114/><E10/><V129/><F129/><W35/><G128/><T108/><D77/><U40/><E114/><V56/><F95/><W31/><G100/><T67/><D75/><U71/><E84/><V130/><F130/><W1/><G78/><T44/><D44/><U125/><E85/><V60/><F101/><W14/><G86/><T50/><D50/><U34/><E34/><V120/><F120/><W117/><G117/><T99/><D108/><N who="2" m="41514" /><F23/><W76/><G76/><T83/><D83/><N who="2" m="31818" /><F79/><W127/><G11/><T82/><D82/><U122/><E125/><V134/><F134/><W90/><G90/><T89/><D89/><U92/><E122/><V48/><F48/><W69/><G69/><T29/><D112/><U109/><E109/><V72/><F72/><W131/><G131/><T16/><D29/><N who="3" m="10761" /><G35/><T2/><D2/><U28/><E40/><AGARI ba="1,0" hai="6,7,16,21,26,40,45,49,57,61,67,91,94,99" machi="40" ten="30,7700,0" yaku="7,1,8,1,52,1,54,1" doraHai="12" who="0" fromWho="1" sc="615,80,192,-80,8,0,185,0" /><INIT seed="2,0,0,4,2,10" ten="695,112,8,185" oya="2" hai0="103,116,113,71,69,66,91,131,30,123,15,40,29" hai1="112,98,8,20,18,6,61,68,46,44,92,35,3" hai2="28,70,74,88,87,54,16,111,97,7,77,120,27" hai3="19,104,41,95,56,55,73,23,1,86,49,130,94"/><V31/><F120/><W5/><G73/><T13/><D91/><U93/><E112/><V100/><F70/><W63/><G104/><T133/><D40/><U22/><E35/><V32/><F7/><W90/><G130/><T51/><D51/><U52/><E22/><V84/><F111/><W127/><G127/><T21/><D21/><U125/><E125/><V117/><F117/><W65/><G1/><T78/><D78/><U80/><E80/><V106/><F84/><W43/><G94/><T24/><D103/><U134/><E134/><V83/><F54/><W135/><G5/><T81/><D81/><U50/><E44/><V82/><F32/><W11/><G11/><T53/><D53/><U17/><E17/><V105/><F105/><W64/><G135/><T57/><D24/><U26/><E92/><V79/><F79/><W108/><G108/><T124/><D66/><N who="3" m="25705" /><G63/><T33/><D33/><U12/><E61/><V25/><F25/><AGARI ba="0,0" hai="19,23,25,41,43,49,55,56,86,90,95" m="25705" machi="25" ten="30,1000,0" yaku="8,1" doraHai="10" who="3" fromWho="2" sc="695,0,112,0,8,-10,185,10" owari="695,79.0,112,-29.0,-2,-50.0,195,0.0" /></mjloggm>