<mjloggm ver="2.3"><GO type="169" lobby="0"/><UN n0="%7A%6B%75%72%74" n1="%E3%81%8B%E3%81%A5%E3%81%8D%EF%BC%B8%EF%BC%A9" n2="%E9%95%B7%E5%B2%A1" n3="%73%68%6F%35%35%35%35%35" dan="17,16,17,16" rate="2238.27,2084.44,2181.74,2105.30" sx="M,M,M,M"/><TAIKYOKU oya="0"/><INIT seed="0,0,0,0,4,64" ten="250,250,250,250" oya="0" hai0="75,93,6,43,4,119,72,135,129,67,117,0,50" hai1="71,19,125,17,88,5,103,51,92,121,108,52,94" hai2="32,111,91,114,10,14,83,36,15,76,46,24,95" hai3="49,26,128,9,115,133,99,86,84,123,104,63,68"/><T120/><D120/><U48/><E108/><V101/><F111/><W54/><G115/><T132/><D129/><U33/><E33/><V18/><F101/><W16/><G133/><N who="0" m="51275" /><D93/><U78/><E71/><V31/><F114/><W57/><G128/><T2/><D67/><U21/><E125/><V69/><F14/><W28/><G123/><T44/><D6/><U127/><E127/><V106/><F106/><W97/><G68/><T35/><D35/><U66/><E66/><V124/><F124/><W13/><G63/><T45/><D45/><U73/><E5/><V39/><F46/><W27/><G27/><T85/><D85/><U87/><E51/><V12/><F12/><W30/><G30/><T90/><D90/><U118/><E118/><N who="0" m="45065" /><D4/><U70/><E121/><V25/><F25/><W80/><G104/><T29/><D29/><U60/><E94/><V82/><F69/><W11/><G86/><T77/><D77/><U81/><E103/><V134/><F134/><W65/><G65/><T41/><D41/><U102/><E70/><V112/><F112/><W100/><G100/><T98/><D98/><U23/><E102/><V96/><REACH who="2" step="1"/><F76/><REACH who="2" ten="250,250,240,250" step="2"/><W55/><G26/><T79/><D79/><U74/><E78/><V107/><F107/><W105/><G105/><T37/><D37/><AGARI ba="0,1" hai="10,15,18,24,31,32,36,37,39,82,83,91,95,96" machi="37" ten="40,2600,0" yaku="1,1,53,1" doraHai="64" doraHaiUra="20" who="2" fromWho="0" sc="250,-26,250,0,240,36,250,0" /><INIT seed="1,0,0,2,4,94" ten="224,250,276,250" oya="1" hai0="15,90,17,117,99,68,88,106,81,78,123,98,102" hai1="134,100,19,49,131,24,118,46,16,75,21,108,129" hai2="12,40,127,105,80,74,10,132,115,23,53,57,103" hai3="85,116,62,28,91,84,9,48,97,130,107,11,2"/><U37/><E37/><V60/><F127/><W76/><G130/><N who="1" m="49674" /><E75/><V27/><F132/><W25/><G116/><T95/><D117/><U39/><E39/><V122/><F122/><W114/><G114/><T33/><D33/><U128/><E118/><V6/><F115/><W66/><G2/><T96/><D68/><U30/><E134/><V79/><F40/><W52/><G76/><T50/><D123/><U89/><N who="1" m="49682" /><U120/><DORA hai="109" /><E120/><V59/><F57/><W111/><G111/><T13/><D50/><U87/><E100/><V5/><F5/><W0/><G0/><T61/><D61/><U7/><E7/><V32/><F32/><W42/><G42/><T3/><D3/><U77/><E77/><V125/><F125/><W113/><G84/><T69/><D69/><U20/><E20/><V1/><F1/><W36/><G36/><T71/><D71/><U72/><E72/><V133/><F133/><W51/><G85/><N who="0" m="48311" /><D17/><U41/><E108/><V18/><REACH who="2" step="1"/><F103/><REACH who="2" ten="224,250,266,250" step="2"/><W93/><G113/><T135/><D135/><U55/><E41/><V4/><F4/><W43/><G43/><T70/><D70/><U65/><E65/><V47/><F47/><W73/><G66/><T92/><D106/><AGARI ba="0,1" hai="6,10,12,18,23,27,53,59,60,74,79,80,105,106" machi="106" ten="40,2600,0" yaku="1,1,53,1" doraHai="94,109" doraHaiUra="64,8" who="2" fromWho="0" sc="224,-26,250,0,266,36,250,0" /><INIT seed="2,0,0,0,1,100" ten="198,250,302,250" oya="2" hai0="30,71,17,78,129,48,9,49,79,106,119,134,52" hai1="45,89,27,46,86,104,65,96,93,74,81,131,82" hai2="6,60,56,21,111,8,42,53,75,35,80,91,54" hai3="124,51,122,76,64,94,128,36,57,23,120,19,18"/><V69/><F35/><W1/><G36/><T123/><D123/><U130/><E65/><V47/><F111/><W28/><G1/><T33/><D71/><U44/><E27/><V116/><F116/><W88/><G76/><T41/><D119/><U43/><E43/><V85/><F69/><W67/><G28/><T133/><D129/><N who="1" m="49163" /><E74/><V58/><F21/><W114/><G128/><T25/><D41/><U107/><E82/><V40/><F47/><W90/><G23/><T13/><D48/><U37/><E37/><V59/><F75/><W29/><G29/><T126/><D126/><U3/><E3/><V72/><F72/><W125/><G94/><T73/><D73/><U14/><E14/><V68/><F68/><W26/><G51/><T38/><D38/><U121/><E121/><V16/><F16/><W77/><G57/><T70/><D70/><U10/><E10/><V0/><REACH who="2" step="1"/><F58/><REACH who="2" ten="198,250,292,250" step="2"/><W109/><G109/><T117/><D117/><U83/><E83/><V62/><AGARI ba="0,1" hai="0,6,8,40,42,53,54,56,59,60,62,80,85,91" machi="62" ten="20,18000,2" yaku="1,1,2,1,0,1,7,1,9,1,53,1" doraHai="100" doraHaiUra="32" who="2" fromWho="2" sc="198,-60,250,-60,292,190,250,-60" /><INIT seed="2,1,0,5,5,1" ten="138,190,482,190" oya="2" hai0="116,96,112,30,27,47,106,93,51,6,82,83,55" hai1="15,49,133,113,75,99,35,25,54,73,5,132,39" hai2="100,53,61,34,67,114,40,119,12,95,78,134,4" hai3="44,29,125,130,68,14,23,107,85,26,9,16,7"/><V3/><F114/><W124/><G68/><T84/><D112/><U74/><E39/><V98/><F119/><W11/><G107/><T86/><D106/><U38/><E38/><V24/><F134/><N who="1" m="51817" /><E113/><V10/><F40/><W111/><G44/><T52/><D116/><U76/><E99/><V59/><F78/><W101/><G101/><T121/><D121/><U43/><E43/><V28/><REACH who="2" step="1"/><F3/><REACH who="2" ten="138,190,472,190" step="2"/><W135/><G135/><T31/><D55/><AGARI ba="1,1" hai="4,10,12,24,28,34,53,55,59,61,67,95,98,100" machi="55" ten="40,7700,0" yaku="1,1,2,1,52,1,53,0" doraHai="1" doraHaiUra="41" who="2" fromWho="0" sc="138,-80,190,0,472,90,190,0" /><INIT seed="2,2,0,0,0,116" ten="58,190,562,190" oya="2" hai0="14,37,118,63,92,86,18,122,42,32,120,72,52" hai1="73,20,128,40,62,93,129,12,89,3,98,39,35" hai2="104,115,43,17,77,84,132,15,7,53,87,65,111" hai3="106,95,133,51,64,103,102,11,29,100,55,134,108"/><V94/><F104/><W60/><G108/><T5/><D72/><U83/><E35/><V61/><F115/><W25/><G11/><T19/><D32/><U107/><E3/><V31/><F132/><N who="3" m="50795" /><G95/><T1/><D118/><U113/><E113/><V85/><F7/><W78/><G78/><T66/><D1/><U57/><E107/><V69/><F43/><W82/><G82/><T125/><D125/><U8/><E20/><V59/><F31/><W46/><G106/><T16/><D42/><U99/><E99/><V6/><F6/><W27/><G29/><T26/><D37/><U131/><E40/><V105/><F105/><W112/><G112/><T79/><D26/><U33/><E39/><V49/><F111/><W56/><AGARI ba="2,0" hai="25,27,46,51,55,56,60,64,100,102,103" m="50795" machi="56" ten="30,1100,0" yaku="20,1" doraHai="116" who="3" fromWho="3" sc="58,-5,190,-5,562,-7,190,17" /><INIT seed="3,0,0,0,2,51" ten="53,185,555,207" oya="3" hai0="93,82,62,17,24,14,101,64,94,54,61,116,26" hai1="45,67,79,107,110,128,81,108,118,19,72,71,43" hai2="132,73,115,68,27,37,100,98,106,127,0,44,114" hai3="52,20,35,11,9,86,5,91,119,30,58,46,22"/><W60/><G119/><T112/><D116/><U123/><E123/><V126/><F132/><W131/><G131/><T32/><D112/><N who="2" m="43050" /><F27/><W50/><G35/><T135/><D135/><U13/><E107/><V89/><F89/><W36/><G36/><T55/><D82/><U1/><E1/><V105/><F105/><W117/><G117/><T80/><D80/><U78/><E78/><V69/><F0/><W41/><G30/><T33/><D64/><U47/><E128/><V12/><F12/><W2/><G11/><T8/><D101/><U7/><E7/><V134/><F73/><W21/><G22/><T57/><D33/><U70/><E67/><V84/><F84/><W65/><G65/><T77/><D77/><U85/><E72/><V76/><F76/><W56/><G58/><N who="0" m="35039" /><D32/><U63/><E118/><V53/><F134/><W99/><REACH who="3" step="1"/><G99/><REACH who="3" ten="53,185,555,197" step="2"/><T83/><D83/><AGARI ba="0,1" hai="2,5,9,20,21,41,46,50,52,56,60,83,86,91" machi="83" ten="30,18000,2" yaku="1,1,2,1,7,1,52,1,54,1,53,2" doraHai="51" doraHaiUra="16" who="3" fromWho="0" sc="53,-180,185,0,555,0,197,190" owari="-127,-63.0,185,-21.0,555,65.0,387,19.0" /></mjloggm>