<mjloggm ver="2.3"><GO type="225" lobby="0"/><UN n0="%E8%88%B9%E8%A6%8B%E7%B5%90%E8%A1%A3%E3%81%A1%E3%82%83%E3%82%93" n1="%E3%83%AD%E3%83%9C%E3%82%B3%E3%83%97" n2="%E8%A8%88%E7%AE%97%E6%A9%9F%E8%87%AA%E7%84%B6" n3="%E2%98%85%E3%83%9F%E3%83%BC%E3%82%B3%E2%98%85" dan="16,16,17,17" rate="2149.22,2108.46,2256.66,2214.47" sx="F,M,M,F"/><TAIKYOKU oya="0"/><INIT seed="0,0,0,2,4,73" ten="250,250,250,250" oya="0" hai0="122,50,105,25,59,116,11,45,112,120,20,7,49" hai1="55,74,118,95,19,58,51,93,89,31,84,65,54" hai2="70,81,60,64,115,39,121,96,47,110,17,48,0" hai3="76,29,104,42,15,12,14,109,87,71,41,63,108"/><T101/><D116/><U77/><E118/><V10/><F121/><W23/><G104/><T124/><D112/><U67/><E31/><V13/><F115/><W86/><G29/><T91/><D124/><U2/><E2/><V22/><F110/><N who="3" m="42603" /><G23/><T114/><D114/><U102/><E19/><V100/><F39/><W52/><G71/><T126/><D126/><U33/><E33/><V133/><F133/><W111/><N who="3" m="42611" /><W30/><DORA hai="72" /><G30/><T128/><D128/><U8/><E8/><V75/><F0/><W68/><G68/><T117/><D117/><U38/><E38/><V56/><F70/><W125/><G125/><T3/><D91/><U40/><E40/><N who="3" m="15466" /><G76/><T32/><D32/><U34/><E34/><V79/><F22/><W27/><G27/><T37/><D105/><U97/><REACH who="1" step="1"/><E55/><REACH who="1" ten="250,240,250,250" step="2"/><V57/><F10/><W61/><G52/><T43/><D122/><U106/><E106/><V130/><F17/><W21/><G21/><T6/><D120/><U80/><AGARI ba="0,1" hai="51,54,58,65,67,74,77,80,84,89,93,95,97,102" machi="80" ten="30,12000,2" yaku="1,1,0,1,52,2,53,2" doraHai="73,72" doraHaiUra="35,62" who="1" fromWho="1" sc="250,-60,240,130,250,-30,250,-30" /><INIT seed="1,0,0,1,1,32" ten="190,370,220,220" oya="1" hai0="26,24,79,109,119,104,44,13,123,66,36,125,134" hai1="130,1,86,9,31,2,84,117,58,131,74,48,108" hai2="65,46,116,135,99,12,15,57,80,91,41,30,33" hai3="126,29,88,5,85,38,40,20,75,100,92,77,115"/><U14/><E117/><V50/><F116/><W83/><G115/><T89/><D119/><U132/><E74/><V73/><F135/><W21/><G126/><T59/><D125/><U6/><E132/><V52/><F65/><W113/><G113/><T76/><D134/><U55/><E108/><V72/><F33/><W16/><G29/><T94/><D104/><U107/><E107/><V39/><F30/><W23/><G5/><T35/><D109/><U101/><E101/><V97/><F73/><W25/><REACH who="3" step="1"/><G100/><REACH who="3" ten="190,370,220,210" step="2"/><T122/><D123/><U27/><E131/><V61/><F39/><W56/><G56/><T112/><D112/><U110/><E130/><V43/><F43/><W47/><AGARI ba="0,1" hai="16,20,21,23,25,38,40,47,75,77,83,85,88,92" machi="47" ten="30,7900,0" yaku="1,1,0,1,54,2,53,0" doraHai="32" doraHaiUra="102" who="3" fromWho="3" sc="190,-20,370,-39,220,-20,210,89" /><INIT seed="2,0,0,0,4,2" ten="170,331,200,299" oya="2" hai0="8,88,77,73,72,74,51,58,68,63,114,26,52" hai1="43,79,87,82,50,71,53,35,7,107,11,116,34" hai2="98,99,128,84,102,112,130,78,60,135,41,57,24" hai3="37,33,115,105,129,18,133,132,23,54,126,103,101"/><V113/><F41/><W65/><G129/><N who="2" m="49769" /><F24/><W94/><G126/><T93/><D114/><N who="2" m="44138" /><F135/><N who="3" m="51787" /><G105/><T12/><D26/><U46/><E116/><V42/><F42/><W131/><G131/><T66/><D77/><U15/><E107/><V83/><F102/><W86/><G37/><T30/><D30/><U14/><E71/><V111/><F111/><W100/><G33/><T13/><REACH who="0" step="1"/><D8/><REACH who="0" ten="160,331,200,299" step="2"/><U67/><E35/><V0/><F0/><W110/><G115/><T47/><D47/><U92/><E34/><V36/><F36/><W96/><G110/><T29/><D29/><U61/><E11/><V17/><F17/><W121/><G23/><T56/><D56/><U97/><E46/><V9/><F9/><W48/><G103/><T39/><D39/><U55/><E43/><V118/><F118/><W27/><G101/><T123/><D123/><U75/><E14/><V1/><F1/><W69/><G121/><T49/><D49/><U40/><E15/><V4/><F4/><W119/><G119/><T120/><D120/><U62/><E7/><V90/><F78/><W64/><G27/><T28/><D28/><U10/><E10/><V109/><F109/><W16/><G69/><T125/><D125/><U134/><E134/><V22/><F22/><W85/><G18/><T44/><D44/><U108/><E108/><V19/><F19/><W95/><G16/><T124/><D124/><U21/><E21/><V106/><F106/><W127/><G127/><T76/><D76/><U70/><E79/><V6/><F6/><W122/><G100/><T32/><D32/><U20/><E20/><RYUUKYOKU ba="0,1" sc="160,15,331,-15,200,15,299,-15" hai0="12,13,51,52,58,63,66,68,72,73,74,88,93" hai2="57,60,83,84,90,98,99" /><INIT seed="2,1,1,1,2,23" ten="175,316,215,284" oya="2" hai0="50,19,22,92,8,26,53,14,10,18,24,12,37" hai1="89,122,131,88,69,119,56,66,71,102,34,64,111" hai2="83,15,104,30,103,54,65,33,100,49,80,20,113" hai3="72,106,6,32,101,42,98,1,58,45,84,110,94"/><V46/><F113/><W35/><G110/><T123/><D123/><U125/><E119/><V97/><F103/><W96/><G58/><T13/><D37/><U108/><E34/><V74/><F74/><W70/><G84/><T31/><D92/><U78/><E122/><V115/><F115/><W85/><G85/><T75/><D75/><U79/><E102/><V133/><F133/><W17/><G17/><N who="0" m="6155" /><D50/><U63/><E56/><V5/><F20/><W7/><G7/><T0/><D53/><U28/><E28/><V87/><F5/><W107/><G94/><T27/><D0/><U61/><E125/><V105/><F105/><W82/><G70/><T77/><D77/><U47/><E47/><V90/><F15/><W130/><G130/><AGARI ba="1,1" hai="61,63,64,66,69,71,78,79,88,89,108,111,130,131" machi="130" ten="25,3200,0" yaku="22,2,54,1" doraHai="23" who="1" fromWho="3" sc="175,0,316,45,215,0,284,-35" /><INIT seed="3,0,0,0,4,74" ten="175,361,215,249" oya="3" hai0="123,84,75,129,78,96,19,15,40,45,44,51,54" hai1="49,38,34,130,63,127,50,131,0,85,107,35,89" hai2="113,18,14,90,22,30,5,52,93,16,66,91,83" hai3="76,134,88,48,29,109,70,118,132,111,110,65,69"/><W1/><G118/><T42/><D123/><U105/><E0/><V56/><F113/><W100/><G1/><T125/><D75/><U117/><E117/><V43/><F43/><W67/><G100/><T57/><D129/><N who="1" m="49163" /><E38/><V87/><F66/><N who="3" m="25099" /><G29/><T94/><D125/><U101/><E63/><N who="2" m="36231" /><F30/><W82/><G88/><T7/><D7/><U25/><E127/><V73/><F73/><N who="3" m="43279" /><G48/><N who="1" m="18538" /><E25/><N who="2" m="14535" /><F5/><W86/><G86/><T126/><D126/><U46/><E46/><V2/><F2/><W9/><G9/><T72/><D72/><U23/><E23/><N who="2" m="11735" /><F90/><W11/><G11/><T47/><D84/><U68/><E68/><AGARI ba="0,0" hai="68,69,70,109,110,111,132,134" m="43279,25099" machi="68" ten="40,7700,0" yaku="14,1,10,1,52,1" doraHai="74" who="3" fromWho="1" sc="175,0,361,-77,215,0,249,77" owari="175,-32.0,284,8.0,215,-18.0,326,42.0" /></mjloggm>