<mjloggm ver="2.3"><GO type="185" lobby="0"/><UN n0="%E3%83%A6%E3%82%A6%E3%83%8B%E3%83%A3" n1="%E3%82%BF%E3%83%AD%E3%81%95" n2="%E9%95%B7%E5%85%89%E9%BA%BB%E5%A4%9C" n3="" dan="18,16,16,0" rate="2282.77,2097.26,2177.46,1500.00" sx="M,M,M,C"/><TAIKYOKU oya="0"/><INIT seed="0,0,0,0,2,116" ten="350,350,350,0" oya="0" hai0="0,91,108,74,60,130,2,88,32,44,72,67,107" hai1="132,131,105,53,79,98,56,129,76,114,47,35,127" hai2="40,50,121,110,123,81,101,134,113,43,97,42,93" hai3=""/><T75/><D32/><U117/><E117/><V49/><N who="2" m="31008" /><V66/><N who="2" m="31520" /><V122/><N who="2" m="31264" /><V71/><F113/><T57/><D107/><U59/><E35/><V36/><F36/><T77/><D130/><U1/><E1/><V115/><F115/><T94/><D108/><U119/><E119/><V103/><F110/><T78/><D44/><U64/><E132/><V84/><F134/><T70/><D70/><U38/><E127/><V126/><F126/><T124/><D124/><U109/><E109/><V100/><F66/><T34/><D91/><U112/><E112/><V45/><F71/><T51/><D51/><N who="2" m="19466" /><F45/><T86/><REACH who="0" step="1"/><D34/><REACH who="0" ten="340,350,350,0" step="2"/><U120/><N who="1" m="30752" /><U102/><E114/><V46/><F46/><T80/><D80/><U52/><E131/><V33/><F33/><T99/><D99/><U106/><E129/><V54/><F54/><T61/><D61/><U92/><E53/><V128/><F128/><T95/><D95/><U89/><E105/><V73/><F73/><T104/><D104/><U90/><E106/><V62/><F62/><T135/><D135/><U111/><E92/><V39/><F39/><T125/><D125/><U48/><E111/><V68/><F68/><T69/><D69/><U63/><E38/><RYUUKYOKU ba="0,1" sc="340,10,350,-20,350,10,0,0" hai0="0,2,57,60,67,72,74,75,77,78,86,88,94" hai2="40,42,43,81,84,93,97,100,101,103" /><INIT seed="0,1,1,4,4,74" ten="350,330,360,0" oya="0" hai0="35,62,114,63,129,103,110,85,68,0,126,119,123" hai1="53,39,45,109,64,96,98,107,52,84,102,90,71" hai2="3,134,115,87,61,40,69,135,128,38,57,50,112" hai3=""/><T97/><RYUUKYOKU type="yao9" ba="1,1" sc="350,0,330,0,360,0,0,0" hai0="0,35,62,63,68,85,97,103,110,114,119,123,126,129" /><INIT seed="0,2,1,5,4,46" ten="350,330,360,0" oya="0" hai0="104,45,42,112,107,90,134,68,74,113,52,41,54" hai1="60,127,78,129,53,75,89,118,96,79,101,98,111" hai2="73,57,37,36,97,2,48,95,77,82,59,122,121" hai3=""/><T105/><D74/><U34/><E111/><V63/><N who="2" m="31008" /><V123/><N who="2" m="31264" /><V100/><N who="2" m="31520" /><V35/><F35/><T87/><D68/><U1/><E118/><V70/><F2/><T33/><D33/><U108/><E108/><V128/><F128/><T50/><D50/><U51/><E127/><V106/><F70/><T99/><D134/><U44/><E129/><V126/><F126/><T38/><D99/><U125/><E125/><V72/><F72/><T61/><D42/><U55/><E34/><V116/><F116/><T67/><D67/><U76/><E1/><V86/><F48/><T3/><D3/><U40/><E75/><V124/><F124/><T117/><D117/><U49/><E60/><V80/><F59/><T69/><D69/><U39/><E39/><V65/><F106/><T81/><REACH who="0" step="1"/><D61/><REACH who="0" ten="340,330,360,0" step="2"/><U114/><E40/><V132/><REACH who="2" step="1"/><F132/><REACH who="2" ten="340,330,350,0" step="2"/><T66/><D66/><U120/><E120/><V58/><F58/><T88/><D88/><AGARI ba="2,3" hai="36,37,57,63,65,73,77,80,82,86,88,95,97,100" m="31520,31264,31008" machi="88" ten="30,12000,2" yaku="1,1,7,1,52,3,54,1,53,0" doraHai="46" doraHaiUra="133" who="2" fromWho="0" sc="340,-124,330,0,350,154,0,0" /><INIT seed="1,0,0,2,0,116" ten="216,330,504,0" oya="1" hai0="76,110,32,59,50,49,113,95,135,58,75,43,42" hai1="114,131,105,121,134,124,120,92,51,71,53,107,33" hai2="39,102,54,111,52,83,47,55,36,123,117,86,37" hai3=""/><U79/><N who="1" m="30752" /><U126/><N who="1" m="31008" /><U91/><E114/><V44/><N who="2" m="31520" /><V118/><F102/><T133/><D113/><U80/><E71/><V115/><F115/><T63/><D76/><U69/><E69/><V61/><F111/><T57/><D75/><U66/><E66/><V65/><F86/><T122/><N who="0" m="31264" /><T101/><D32/><U96/><E33/><V132/><F83/><T103/><D63/><U62/><E62/><V130/><F130/><T129/><D95/><U88/><E91/><V34/><F34/><T45/><D110/><U68/><E68/><V56/><F132/><N who="0" m="50762" /><D129/><U85/><E134/><V90/><F90/><T73/><D73/><U112/><E112/><V0/><F0/><T109/><D109/><U35/><E35/><V82/><F82/><T67/><D67/><U108/><E108/><V1/><F1/><T70/><D70/><U46/><REACH who="1" step="1"/><E131/><REACH who="1" ten="216,320,504,0" step="2"/><V2/><F2/><T40/><D49/><U48/><E48/><V99/><F117/><T84/><D84/><U100/><E100/><AGARI ba="0,1" hai="40,42,43,45,50,57,58,59,100,101,103" m="50762,31264" machi="100" ten="30,3900,0" yaku="20,1,52,2" doraHai="116" who="0" fromWho="1" sc="216,49,320,-39,504,0,0,0" /><INIT seed="2,0,0,0,2,37" ten="265,281,504,0" oya="2" hai0="66,76,87,122,119,48,59,56,74,44,112,3,63" hai1="86,113,42,43,94,60,52,134,132,80,96,68,0" hai2="78,39,32,81,126,95,114,105,61,64,45,67,124" hai3=""/><V111/><F32/><T85/><N who="0" m="31264" /><T129/><D119/><U84/><E113/><V88/><F114/><T38/><D3/><U93/><E0/><V128/><F105/><T108/><D108/><U101/><E93/><V116/><F116/><T135/><D112/><U110/><E110/><V70/><F128/><T89/><D129/><U91/><E68/><V100/><F100/><T109/><D38/><U98/><E98/><V102/><F102/><T69/><D109/><U49/><E60/><V58/><F67/><T125/><D74/><U130/><E86/><V90/><F70/><T82/><D135/><N who="1" m="51755" /><E130/><V115/><F115/><T83/><REACH who="0" step="1"/><D125/><REACH who="0" ten="255,281,504,0" step="2"/><U73/><E73/><V72/><F111/><T65/><D65/><U107/><E107/><V75/><F75/><T97/><D97/><U118/><E118/><V47/><F124/><T103/><D103/><U2/><E2/><V1/><F126/><T77/><D77/><U120/><N who="1" m="30752" /><U57/><AGARI ba="0,1" hai="42,43,49,52,57,80,84,91,94,96,101" m="30752,51755" machi="57" ten="30,9000,2" yaku="4,1,20,1,52,3,54,1" doraHai="37" who="1" fromWho="1" sc="255,-30,281,100,504,-60,0,0" /><INIT seed="4,0,0,0,5,104" ten="225,381,444,0" oya="0" hai0="90,102,97,42,45,117,98,100,110,111,123,62,70" hai1="40,96,77,132,69,78,43,103,109,66,53,2,71" hai2="33,82,131,86,112,56,130,68,108,92,133,99,41" hai3=""/><T81/><N who="0" m="31520" /><T127/><D117/><U61/><E109/><N who="0" m="41481" /><D127/><U114/><E132/><V101/><F33/><T35/><D35/><U55/><E114/><V32/><F32/><T80/><D70/><U44/><E2/><V94/><F108/><T3/><D62/><U37/><E43/><V89/><F68/><T128/><D3/><U91/><E91/><V116/><F116/><T129/><D45/><U106/><E71/><V122/><N who="2" m="31264" /><V49/><F133/><T34/><D42/><U36/><E37/><V83/><F112/><T74/><D34/><U54/><AGARI ba="0,0" hai="36,40,44,53,54,55,61,66,69,77,78,96,103,106" machi="54" ten="30,800,0" yaku="0,1" doraHai="104" who="1" fromWho="1" sc="225,-5,381,8,444,-3,0,0" /><INIT seed="5,0,0,5,3,77" ten="220,389,441,0" oya="1" hai0="74,82,123,95,67,47,51,94,98,86,107,125,52" hai1="91,130,92,99,69,117,2,44,54,102,59,49,46" hai2="34,70,50,41,108,116,68,48,88,36,127,131,111" hai3=""/><U37/><E117/><V45/><F34/><T129/><N who="0" m="31520" /><T81/><D129/><U32/><E130/><V119/><F131/><T132/><D125/><U73/><E73/><V43/><F88/><T128/><D128/><U60/><E2/><V115/><F115/><T38/><D132/><U64/><E32/><V100/><F100/><T39/><D67/><U135/><E135/><V103/><F103/><T110/><D110/><U113/><E113/><V109/><F127/><T76/><D107/><U80/><E37/><V124/><F124/><T105/><D105/><U62/><E62/><V40/><F36/><T78/><D94/><U93/><REACH who="1" step="1"/><E80/><REACH who="1" ten="220,379,441,0" step="2"/><V134/><F134/><T63/><REACH who="0" step="1"/><D63/><REACH who="0" ten="210,379,441,0" step="2"/><U55/><E55/><V42/><F50/><T118/><D118/><AGARI ba="0,2" hai="40,41,42,43,45,48,68,70,108,109,111,116,118,119" machi="118" ten="50,6400,0" yaku="34,3" doraHai="77" who="2" fromWho="0" sc="210,-64,379,0,441,84,0,0" /><INIT seed="6,0,0,1,4,38" ten="146,379,525,0" oya="2" hai0="80,114,66,1,93,94,87,96,110,68,112,89,117" hai1="55,74,73,48,124,130,111,92,100,64,41,0,104" hai2="135,116,85,90,70,2,44,39,61,62,121,79,58" hai3=""/><V88/><N who="2" m="31008" /><V103/><F2/><T72/><D72/><BYE who="0" /><U71/><E111/><V98/><F135/><T108/><D108/><U122/><N who="1" m="31264" /><U37/><E130/><V53/><F116/><T84/><D84/><U128/><E128/><UN n0="%E3%83%A6%E3%82%A6%E3%83%8B%E3%83%A3" /><V101/><F39/><T126/><D66/><U133/><E133/><V34/><F34/><T47/><D47/><U35/><E124/><V115/><F115/><T63/><D63/><U57/><E104/><V105/><F103/><T43/><D43/><U113/><BYE who="0" /><E113/><V40/><F40/><T132/><D132/><U50/><E35/><V106/><F44/><T86/><D86/><U91/><E100/><V59/><F70/><T123/><D123/><U3/><E50/><V107/><F79/><T109/><D109/><U95/><E95/><V60/><F90/><T82/><D82/><U33/><E33/><V102/><F102/><T36/><D36/><U131/><E131/><V125/><F125/><T42/><D42/><U45/><E3/><V118/><F61/><T54/><D54/><U81/><E81/><V49/><F49/><T32/><D32/><U75/><E0/><V134/><F134/><T120/><D120/><U67/><E71/><V97/><F105/><T119/><D119/><RYUUKYOKU ba="0,0" sc="146,-10,379,20,525,-10,0,0" hai1="37,41,45,48,55,57,64,67,73,74,75,91,92" owari="136,-46.0,399,0.0,515,46.0,0,0.0" /></mjloggm>