<mjloggm ver="2.3"><GO type="225" lobby="0"/><UN n0="%73%75%7A%75%6D%65%33" n1="%E8%88%B9%E8%A6%8B%E7%B5%90%E8%A1%A3%E3%81%A1%E3%82%83%E3%82%93" n2="%6E%61%6F%6B%69%33%39" n3="%E8%BC%9D%E5%A4%9C%E6%9C%88" dan="17,16,17,17" rate="2176.41,2142.78,2172.85,2200.48" sx="M,F,M,F"/><TAIKYOKU oya="0"/><INIT seed="0,0,0,4,4,128" ten="250,250,250,250" oya="0" hai0="8,23,90,60,105,116,70,75,94,15,123,124,91" hai1="71,127,20,133,57,38,55,54,50,24,68,121,21" hai2="112,19,58,25,14,89,27,126,52,40,95,96,10" hai3="46,4,86,101,11,72,31,115,33,9,100,111,63"/><T49/><D105/><U65/><E121/><V5/><F112/><W135/><G115/><T16/><D123/><U74/><E38/><V47/><F126/><W92/><G72/><T110/><D124/><U37/><E37/><V0/><F40/><W56/><G111/><T87/><D75/><U104/><E127/><V134/><F47/><W30/><G46/><T78/><D110/><U85/><E74/><V130/><F130/><W117/><G117/><T17/><D116/><U80/><E104/><V103/><F103/><W13/><G33/><T77/><D49/><U93/><E133/><V48/><REACH who="2" step="1"/><F134/><REACH who="2" ten="250,250,240,250" step="2"/><W98/><G135/><T118/><D118/><U51/><E68/><V45/><F45/><W125/><G101/><T107/><D107/><U42/><E42/><V64/><F64/><W29/><G125/><T26/><D70/><U122/><E122/><V59/><F59/><W39/><G39/><T76/><D60/><U69/><E65/><V83/><F83/><W7/><G56/><T32/><D32/><U34/><E34/><V67/><F67/><W114/><G63/><T99/><REACH who="0" step="1"/><D87/><REACH who="0" ten="240,250,240,250" step="2"/><U35/><E35/><V132/><F132/><W6/><G114/><T108/><D108/><U43/><E71/><V2/><F2/><W131/><G86/><T53/><D53/><U106/><E69/><V66/><F66/><W28/><N who="3" m="7168" /><DORA hai="79" /><W73/><G73/><T97/><D97/><U81/><E106/><V84/><F84/><W82/><G131/><T44/><D44/><N who="1" m="25887" /><E55/><V22/><AGARI ba="0,2" hai="0,5,10,14,19,22,25,27,48,52,58,89,95,96" machi="22" ten="20,8000,1" yaku="1,1,0,1,7,1,54,1,53,1" doraHai="128,79" doraHaiUra="129,1" who="2" fromWho="2" sc="240,-40,250,-20,240,100,250,-20" /><INIT seed="1,0,0,4,2,25" ten="200,230,340,230" oya="1" hai0="74,33,101,52,20,26,79,19,60,105,28,46,114" hai1="104,91,66,14,45,42,129,119,78,40,93,76,38" hai2="0,121,81,23,41,117,122,27,99,89,68,4,62" hai3="3,87,1,111,69,35,107,64,44,124,72,10,31"/><U18/><E104/><V135/><F117/><W63/><G87/><T53/><D114/><U6/><E119/><V116/><F116/><W106/><G111/><T127/><D127/><U34/><E129/><V86/><F41/><W131/><G131/><T80/><D46/><U16/><E34/><V12/><F0/><W110/><G110/><T49/><D49/><U128/><E128/><V94/><F135/><W15/><G124/><T130/><D130/><U24/><E66/><V115/><F115/><W71/><G71/><T5/><D5/><U39/><E39/><V59/><F68/><W92/><G92/><T88/><D60/><U56/><E40/><V95/><F95/><W7/><G72/><T125/><D125/><U37/><E37/><V118/><F118/><W57/><G57/><T51/><D51/><U9/><E56/><V133/><F133/><W65/><G65/><T82/><D101/><U67/><E67/><V55/><F12/><W30/><G44/><T77/><D105/><U108/><E108/><V96/><F4/><W50/><G50/><T132/><D132/><U8/><E24/><V113/><F99/><W134/><G134/><T73/><D88/><U22/><E18/><N who="2" m="12791" /><F113/><W61/><G35/><T112/><D112/><U90/><E90/><AGARI ba="0,0" hai="55,59,62,81,86,89,90,94,96,121,122" m="12791" machi="90" ten="30,1000,0" yaku="25,1" doraHai="25" who="2" fromWho="1" sc="200,0,230,-10,340,10,230,0" /><INIT seed="2,0,0,1,5,95" ten="200,220,350,230" oya="2" hai0="79,36,14,53,8,102,65,21,32,107,106,4,121" hai1="62,94,54,58,12,60,22,111,13,99,104,64,41" hai2="47,105,83,34,113,42,81,120,110,46,40,73,19" hai3="11,96,77,24,31,7,89,0,84,103,98,30,124"/><V39/><F34/><W115/><G124/><T67/><D121/><U114/><E104/><V109/><F120/><W50/><G115/><T128/><D32/><U3/><E3/><V51/><F113/><W56/><G77/><T44/><D128/><U10/><E114/><V49/><F105/><W35/><G103/><T82/><D21/><U72/><E72/><V135/><F135/><W61/><G50/><T63/><D67/><U88/><E111/><N who="2" m="42507" /><F73/><W78/><G78/><T126/><D126/><U9/><E41/><V59/><F19/><W122/><G31/><T112/><D112/><U37/><E37/><V33/><F33/><W15/><G0/><T119/><D119/><U129/><E129/><V80/><F59/><W6/><G7/><T130/><D130/><U86/><E86/><V52/><F39/><W43/><G43/><AGARI ba="0,0" hai="40,42,43,46,47,49,51,52,80,81,83" m="42507" machi="43" ten="30,5800,0" yaku="14,1,10,1,54,1" doraHai="95" who="2" fromWho="3" sc="200,0,220,0,350,58,230,-58" /><INIT seed="2,1,0,0,3,2" ten="200,220,408,172" oya="2" hai0="133,23,132,47,94,44,48,43,29,49,115,11,107" hai1="14,40,46,66,88,12,71,45,64,62,130,90,114" hai2="110,3,28,104,41,97,38,57,25,7,19,134,35" hai3="108,93,74,101,16,70,123,56,8,69,1,92,129"/><V120/><F120/><W6/><G123/><T135/><D107/><U127/><E114/><V102/><F57/><W37/><G74/><T60/><D115/><U32/><E32/><V99/><F19/><W54/><G37/><T125/><D125/><U106/><E106/><V34/><F99/><W75/><G75/><T36/><D94/><U72/><E127/><V42/><F42/><W117/><G117/><T10/><D60/><U103/><E130/><V131/><F34/><W13/><G108/><T116/><D116/><U98/><E72/><V122/><F122/><W17/><G17/><T30/><D36/><U68/><E46/><N who="2" m="23863" /><F131/><W73/><G73/><T15/><D23/><U100/><E66/><V18/><F18/><W77/><G77/><T76/><D76/><U109/><E71/><V21/><F21/><W105/><G129/><T31/><REACH who="0" step="1"/><D15/><REACH who="0" ten="190,220,408,172" step="2"/><U65/><E109/><V82/><F110/><W96/><G92/><T63/><D63/><U0/><E62/><V85/><F82/><W124/><G124/><T55/><AGARI ba="1,1" hai="10,11,29,30,31,43,44,47,48,49,55,132,133,135" machi="55" ten="40,5200,0" yaku="1,1,0,1,20,1,53,0" doraHai="2" doraHaiUra="89" who="0" fromWho="0" sc="190,65,220,-14,408,-27,172,-14" /><INIT seed="3,0,0,1,2,94" ten="255,206,381,158" oya="3" hai0="122,92,108,40,99,26,53,106,121,54,24,113,83" hai1="5,16,131,81,23,82,57,62,109,3,104,93,20" hai2="70,60,123,135,55,45,69,17,118,72,59,79,64" hai3="12,111,50,86,71,15,18,25,41,10,56,2,132"/><W133/><G71/><T9/><D106/><U11/><E104/><V39/><F17/><W105/><G105/><T107/><D107/><U19/><E109/><V63/><F79/><W7/><G111/><T95/><D108/><U42/><E42/><N who="2" m="22751" /><F72/><W30/><G86/><T43/><D9/><U52/><E131/><V76/><F76/><W14/><G41/><T77/><D77/><U96/><E20/><V61/><F135/><N who="3" m="51787" /><G50/><T47/><D47/><U13/><E19/><V127/><F127/><W58/><G56/><T31/><D83/><U90/><AGARI ba="0,0" hai="3,5,11,13,16,23,52,57,62,81,82,90,93,96" machi="90" ten="20,8000,1" yaku="0,1,7,1,52,1,54,2" doraHai="94" who="1" fromWho="1" sc="255,-20,206,80,381,-20,158,-40" owari="235,-16.0,286,9.0,361,45.0,118,-38.0" /></mjloggm>