<mjloggm ver="2.3"><GO type="169" lobby="0"/><UN n0="%64%61%6E%6E%63%68%69" n1="%E6%9D%8E%E7%A9%8E%E8%97%8D" n2="%6B%6F%62%6F%7A" n3="%E3%83%93%E3%83%B3%E3%82%AB%E3%83%B3" dan="17,17,18,16" rate="2155.41,2145.40,2196.21,2160.82" sx="M,F,M,M"/><TAIKYOKU oya="0"/><INIT seed="0,0,0,1,3,134" ten="250,250,250,250" oya="0" hai0="85,128,8,133,108,123,16,39,71,107,45,26,61" hai1="92,114,90,60,116,44,50,118,7,124,17,88,89" hai2="35,32,130,125,19,41,74,52,11,10,78,81,59" hai3="2,112,132,103,80,119,93,67,13,131,83,97,1"/><T121/><D107/><U100/><E114/><V68/><F68/><W48/><G112/><T84/><D133/><U109/><E109/><V87/><F130/><W49/><G132/><T56/><D128/><U129/><E129/><V40/><F74/><W91/><G131/><T57/><D108/><U120/><E120/><V65/><F65/><W64/><G119/><T105/><D105/><U21/><E7/><V25/><F35/><W24/><G1/><T76/><D71/><U22/><E60/><V115/><F115/><W79/><G2/><T86/><D76/><U4/><E4/><V54/><F54/><W101/><G24/><T20/><D57/><U0/><E0/><V62/><F125/><W106/><G106/><T38/><D8/><N who="2" m="3114" /><F32/><W42/><G13/><T34/><D34/><U51/><E124/><V30/><F30/><W18/><G18/><T127/><D127/><U126/><E126/><V82/><F81/><N who="3" m="31307" /><G79/><T111/><D111/><U55/><E116/><V53/><F53/><W99/><G99/><T9/><D9/><U117/><E117/><V15/><F15/><W27/><G27/><T14/><D14/><U3/><E3/><V29/><F29/><W75/><G75/><T95/><D39/><U31/><E118/><V33/><F33/><W5/><G5/><T96/><D121/><U104/><E104/><V28/><F28/><W122/><G122/><T66/><D123/><U47/><E31/><V23/><AGARI ba="0,0" hai="19,23,25,40,41,52,59,62,78,82,87" m="3114" machi="23" ten="30,2000,0" yaku="8,1,54,1" doraHai="134" who="2" fromWho="2" sc="250,-10,250,-5,250,20,250,-5" /><INIT seed="1,0,0,4,4,20" ten="240,245,270,245" oya="1" hai0="102,73,133,62,71,87,25,72,63,10,11,109,61" hai1="116,101,123,90,124,42,114,131,68,49,54,13,58" hai2="76,128,14,57,36,67,96,103,130,40,89,27,5" hai3="41,98,18,24,32,45,74,31,83,121,44,2,79"/><U33/><E114/><V12/><F76/><W113/><G113/><T78/><D109/><U99/><E116/><V85/><F40/><W92/><G121/><T115/><D115/><U100/><E123/><V88/><F36/><W48/><G2/><T110/><D110/><U70/><E33/><V53/><F67/><W21/><G44/><T55/><D71/><U29/><E29/><V129/><F5/><W30/><REACH who="3" step="1"/><G32/><REACH who="3" ten="240,245,270,235" step="2"/><T66/><D133/><U23/><E131/><V60/><F129/><W17/><G17/><T97/><D66/><U69/><E124/><V134/><F134/><W82/><G82/><T80/><D55/><U118/><E118/><V56/><F53/><W125/><G125/><T52/><D52/><U8/><E42/><V91/><F130/><W3/><G3/><T6/><D6/><U84/><E54/><V127/><F127/><W106/><G106/><T46/><D46/><U37/><E37/><V111/><F111/><W112/><G112/><T43/><D43/><U126/><E126/><V132/><F132/><W28/><G28/><T47/><D47/><U95/><E49/><V119/><F119/><W120/><G120/><T135/><D135/><U122/><E122/><V16/><F128/><W22/><G22/><T1/><D1/><U0/><E23/><V107/><F16/><W19/><G19/><T64/><D64/><U117/><E117/><V7/><F7/><W94/><G94/><N who="0" m="58679" /><D11/><U4/><E0/><V50/><F50/><W93/><G93/><T65/><D65/><U51/><E51/><V81/><F107/><W104/><G104/><RYUUKYOKU ba="0,1" sc="240,-10,245,-10,270,-10,235,30" hai3="18,21,24,30,31,41,45,48,74,79,83,92,98" /><INIT seed="2,1,1,5,2,131" ten="230,235,260,265" oya="2" hai0="1,32,22,11,24,5,65,81,76,117,19,127,82" hai1="114,25,48,113,71,8,41,7,4,95,112,12,70" hai2="85,63,134,18,77,73,102,40,26,116,13,83,108" hai3="21,99,111,132,72,128,79,34,88,55,110,62,89"/><V84/><F116/><W103/><G34/><T98/><D117/><U107/><E107/><V50/><F26/><W67/><G128/><T49/><D127/><U36/><E36/><V58/><F102/><W125/><G125/><T91/><D65/><U129/><E129/><V75/><F75/><W122/><G122/><T135/><D135/><U123/><E123/><V68/><F68/><W27/><G55/><T94/><D76/><U42/><E4/><V64/><F134/><W17/><G132/><T37/><D37/><U124/><E124/><V38/><F38/><W80/><G111/><T2/><D2/><U61/><E61/><V14/><F108/><W120/><G120/><T53/><REACH who="0" step="1"/><D32/><REACH who="0" ten="220,235,260,265" step="2"/><U59/><E112/><V29/><F77/><W31/><G110/><T46/><AGARI ba="1,2" hai="1,5,11,19,22,24,46,49,53,81,82,91,94,98" machi="46" ten="20,8000,1" yaku="1,1,2,1,0,1,7,1,53,1" doraHai="131" doraHaiUra="6" who="0" fromWho="0" sc="220,103,235,-21,260,-41,265,-21" /><INIT seed="3,0,0,4,4,15" ten="323,214,219,244" oya="3" hai0="65,76,84,97,94,69,68,66,106,103,98,109,78" hai1="31,18,6,40,81,29,125,61,53,58,133,122,20" hai2="44,48,126,35,12,23,46,34,28,104,75,19,123" hai3="45,62,24,26,49,54,108,101,72,55,102,85,92"/><W41/><G72/><T17/><D109/><U25/><E122/><V36/><F104/><W121/><G121/><T77/><D84/><U59/><E125/><V107/><F107/><W57/><G108/><T95/><D106/><U134/><E6/><V135/><F75/><W2/><G2/><T91/><REACH who="0" step="1"/><D17/><REACH who="0" ten="313,214,219,244" step="2"/><U71/><E18/><V83/><F123/><W21/><G26/><T37/><D37/><U5/><E25/><V38/><F126/><W79/><G79/><T8/><D8/><U131/><E133/><V116/><F38/><W88/><G41/><T43/><D43/><U27/><E134/><V130/><F36/><W132/><G132/><T4/><D4/><U93/><E5/><V120/><F135/><W86/><G85/><T70/><AGARI ba="0,1" hai="65,66,68,69,70,76,77,78,91,94,95,97,98,103" machi="70" ten="40,8000,1" yaku="1,1,0,1,53,2" doraHai="15" doraHaiUra="60" who="0" fromWho="0" sc="313,90,214,-20,219,-20,244,-40" /><INIT seed="4,0,0,3,3,67" ten="403,194,199,204" oya="0" hai0="65,31,4,78,73,123,117,80,44,134,111,71,115" hai1="91,58,23,16,126,113,59,33,5,11,82,103,29" hai2="41,81,38,14,87,13,68,57,70,125,64,66,94" hai3="128,52,43,129,62,39,8,47,22,114,32,15,106"/><T132/><D117/><U48/><E126/><V97/><F125/><W112/><G32/><T122/><D115/><N who="3" m="44073" /><G106/><T9/><D31/><U49/><E113/><V90/><F64/><W54/><G22/><T120/><D111/><U93/><E29/><V21/><F38/><W118/><G118/><T25/><D25/><U27/><E33/><V98/><F41/><W86/><G86/><T42/><D65/><U124/><E82/><V131/><F98/><W61/><G15/><T84/><D71/><U28/><E103/><V51/><F131/><N who="3" m="50251" /><G8/><T119/><D119/><U135/><E28/><V17/><F13/><W2/><G2/><T92/><D92/><U50/><E135/><V110/><F110/><W53/><AGARI ba="0,0" hai="39,43,47,52,53,54,61,62" m="50251,44073" machi="53" ten="40,8000,1" yaku="15,1,19,1,34,2,54,1" doraHai="67" who="3" fromWho="3" sc="403,-40,194,-20,199,-20,204,80" /><INIT seed="5,0,0,0,1,6" ten="363,174,179,284" oya="1" hai0="33,62,125,106,63,20,31,130,108,52,112,102,12" hai1="105,55,56,51,22,65,30,115,114,98,66,97,4" hai2="1,88,91,120,25,83,35,135,118,59,14,76,40" hai3="26,46,92,132,90,84,129,72,103,111,107,73,77"/><U78/><E78/><V85/><F1/><W44/><G111/><T41/><D108/><U87/><E87/><V124/><F120/><W113/><G73/><T2/><D2/><U15/><E30/><V36/><F118/><W79/><G79/><T80/><D41/><U54/><E54/><V19/><F135/><W126/><G132/><T17/><D80/><U110/><E110/><V18/><F124/><W48/><G126/><T123/><D125/><U68/><E68/><V49/><F36/><W94/><G94/><T50/><D123/><U11/><E22/><N who="2" m="13535" /><F35/><W70/><G70/><T122/><D122/><U75/><E75/><V10/><F59/><W67/><G67/><N who="1" m="25610" /><E105/><V21/><F21/><W116/><G72/><T34/><D34/><U28/><E28/><V133/><F133/><W134/><G77/><T71/><D71/><U42/><E42/><V101/><F101/><W99/><G103/><T81/><D81/><U95/><E95/><V86/><F85/><W119/><G84/><T29/><D29/><U74/><E74/><V93/><F93/><W37/><G92/><T13/><D31/><U57/><E56/><V60/><F60/><N who="0" m="23082" /><D33/><U69/><E69/><V3/><F3/><W128/><G119/><T8/><D106/><U89/><E89/><V39/><F39/><W32/><G107/><T38/><D38/><U16/><E4/><V24/><F24/><W47/><G37/><T23/><D23/><U58/><E57/><V64/><F64/><W131/><G134/><T27/><D102/><U121/><E121/><V5/><F5/><W100/><G116/><RYUUKYOKU ba="0,0" sc="363,-15,174,15,179,15,284,-15" hai1="11,15,16,51,55,58,97,98,114,115" hai2="10,14,18,40,49,76,83,86,88,91" /><INIT seed="5,1,0,5,1,28" ten="348,189,194,269" oya="1" hai0="46,120,32,4,119,123,97,69,0,109,61,14,47" hai1="2,64,75,22,21,51,17,53,92,44,1,7,11" hai2="96,5,39,29,87,65,37,79,86,83,76,117,58" hai3="10,56,98,106,131,103,127,95,78,38,33,100,13"/><U85/><E75/><V74/><F117/><W31/><G38/><T68/><D109/><U36/><E36/><V82/><F74/><W41/><G41/><T55/><D119/><U84/><E1/><V134/><F134/><W18/><G78/><T27/><D0/><U135/><E135/><V59/><F5/><W57/><G131/><T20/><D97/><U24/><E64/><V9/><F9/><W67/><G106/><T45/><D4/><U88/><REACH who="1" step="1"/><E21/><REACH who="1" ten="348,179,194,269" step="2"/><V35/><F65/><W104/><G67/><T12/><D20/><U118/><E118/><V23/><F35/><W107/><G33/><T30/><D120/><U25/><E25/><N who="2" m="16575" /><F37/><W108/><G108/><T113/><D123/><U133/><E133/><V15/><F39/><W63/><G127/><T26/><D26/><U115/><E115/><V3/><F3/><W70/><G13/><T48/><D113/><U16/><E16/><V34/><F15/><W42/><G18/><T125/><D125/><U80/><E80/><V111/><F34/><W102/><G31/><T49/><D12/><U90/><E90/><V122/><F111/><W93/><G103/><T129/><D14/><U40/><E40/><V99/><F122/><W121/><G102/><T6/><D32/><U62/><E62/><V105/><F105/><W101/><G100/><T130/><D27/><U124/><E124/><V60/><F60/><W19/><G101/><T89/><D30/><U72/><E72/><V128/><F128/><N who="0" m="49258" /><D89/><U110/><E110/><V112/><F112/><W50/><G121/><T73/><D73/><U43/><E43/><RYUUKYOKU ba="1,1" sc="348,-15,179,15,194,15,269,-15" hai1="2,7,11,17,22,24,44,51,53,84,85,88,92" hai2="58,59,76,79,82,83,86,87,96,99" /><INIT seed="5,2,1,3,4,71" ten="333,194,209,254" oya="1" hai0="46,12,57,40,96,54,44,101,4,10,85,104,74" hai1="75,56,90,113,63,127,48,61,52,29,122,58,82" hai2="3,37,51,67,105,125,129,68,114,94,14,84,19" hai3="70,47,117,88,110,126,8,2,99,23,118,109,49"/><U6/><E122/><V17/><F105/><W42/><G70/><T97/><D74/><U128/><E113/><V112/><F3/><W130/><G130/><T5/><D96/><U80/><E128/><V26/><F129/><W55/><G126/><T123/><D123/><U27/><E127/><V132/><F125/><W31/><G31/><T1/><D85/><U81/><E6/><V53/><F37/><W119/><G23/><T91/><D91/><U79/><E90/><N who="2" m="53575" /><F132/><W86/><G99/><T9/><D40/><U106/><E106/><V7/><F68/><W28/><G28/><T43/><D43/><U92/><E92/><V59/><F67/><W78/><G78/><T107/><D107/><U77/><E75/><V87/><F87/><W131/><G131/><T83/><D83/><U36/><E36/><V18/><F7/><N who="3" m="1143" /><G55/><T13/><D1/><U45/><E77/><V34/><F34/><W115/><G115/><N who="2" m="44073" /><F26/><W124/><G124/><T135/><D135/><U0/><E79/><V93/><F93/><AGARI ba="2,1" hai="42,47,49,86,88,93,109,110,117,118,119" m="1143" machi="93" ten="30,2000,0" yaku="12,1,54,1" doraHai="71" who="3" fromWho="2" sc="333,0,194,0,209,-26,254,36" /><INIT seed="6,0,0,4,4,109" ten="333,194,183,290" oya="2" hai0="93,66,10,16,124,73,27,12,47,81,55,128,119" hai1="18,43,110,59,127,33,14,62,107,87,104,85,42" hai2="80,97,60,48,45,91,103,78,115,56,90,50,88" hai3="75,95,83,53,68,15,26,39,13,72,100,29,121"/><V74/><F115/><W67/><G39/><T134/><D124/><U89/><E110/><V92/><REACH who="2" step="1"/><F45/><REACH who="2" ten="333,194,173,290" step="2"/><W51/><G121/><T118/><D47/><U71/><E127/><V58/><F58/><W35/><G68/><T36/><D119/><U5/><E71/><V34/><F34/><W125/><G35/><T40/><D118/><U126/><E126/><V79/><F79/><W21/><G125/><T32/><D32/><U54/><E33/><V61/><F61/><W4/><G51/><T22/><D36/><U28/><E62/><V120/><F120/><W86/><G67/><AGARI ba="0,1" hai="48,50,56,60,67,74,78,80,88,90,91,92,97,103" machi="67" ten="40,7700,0" yaku="1,1,54,1,53,1" doraHai="109" doraHaiUra="99" who="2" fromWho="3" sc="333,0,194,0,173,87,290,-77" /><INIT seed="6,1,0,2,1,37" ten="333,194,260,213" oya="2" hai0="36,26,2,1,12,4,6,96,22,56,58,114,40" hai1="53,117,82,95,30,101,122,25,39,38,41,81,33" hai2="108,20,17,80,23,47,88,135,125,102,129,13,54" hai3="68,103,70,72,79,116,60,119,87,42,59,66,5"/><V50/><F125/><W121/><G72/><T51/><D114/><U74/><E117/><V99/><F135/><W97/><G121/><T112/><D112/><U131/><E122/><V21/><F129/><W98/><G5/><T18/><D36/><U106/><E131/><V8/><F108/><W7/><G7/><N who="0" m="2603" /><D2/><U115/><E115/><V65/><F65/><W35/><G35/><T44/><D1/><U100/><E106/><V110/><F110/><W111/><G111/><T105/><D105/><U19/><E39/><V107/><REACH who="2" step="1"/><F20/><REACH who="2" ten="333,194,250,213" step="2"/><W85/><G119/><T34/><D34/><U120/><E120/><V24/><F24/><W128/><G116/><T94/><D26/><U61/><E33/><V15/><F15/><W3/><G128/><T132/><D132/><U11/><E25/><V9/><F9/><W133/><G3/><T77/><D77/><U113/><E11/><V67/><F67/><W90/><G133/><T31/><D31/><U134/><E30/><V69/><F69/><W16/><G70/><T55/><D22/><U46/><E113/><V76/><F76/><W43/><G68/><T52/><D12/><U73/><E134/><V48/><F48/><W62/><G16/><T92/><D18/><U84/><E19/><V71/><F71/><W127/><G127/><T64/><D64/><U126/><E126/><V93/><F93/><N who="3" m="56503" /><G62/><T28/><D94/><U130/><E130/><V32/><F32/><W14/><G14/><T27/><D27/><U10/><E95/><V109/><F109/><W0/><G0/><T118/><D118/><U89/><E61/><RYUUKYOKU ba="1,1" sc="333,-10,194,-10,250,30,213,-10" hai2="8,13,17,21,23,47,50,54,80,88,99,102,107" /><INIT seed="6,2,1,2,3,107" ten="323,184,280,203" oya="2" hai0="29,68,113,24,51,2,109,49,1,55,64,129,22" hai1="48,112,123,105,32,128,33,91,37,125,19,119,7" hai2="39,97,121,70,15,42,92,21,43,118,81,73,44" hai3="106,30,58,56,31,87,67,52,54,114,122,96,131"/><V126/><F121/><W71/><G122/><T25/><D109/><U133/><RYUUKYOKU type="yao9" ba="2,1" sc="323,0,184,0,280,0,203,0" hai1="7,19,32,33,37,48,91,105,112,119,123,125,128,133" /><INIT seed="6,3,1,0,5,10" ten="323,184,280,203" oya="2" hai0="92,97,50,18,0,26,2,29,14,88,24,67,89" hai1="8,119,129,47,131,45,124,46,75,70,100,77,132" hai2="121,19,33,52,23,22,55,71,101,108,120,5,43" hai3="82,103,17,68,90,99,32,81,4,36,125,58,34"/><V78/><F33/><W7/><G68/><T27/><D29/><U123/><E119/><V42/><F71/><W116/><G36/><T28/><D28/><U74/><E70/><V128/><F5/><W106/><G116/><T94/><D67/><U130/><E132/><V62/><F101/><W98/><G34/><T76/><D76/><U44/><E124/><V38/><F78/><W83/><G32/><T57/><D57/><U93/><E123/><V59/><F128/><W133/><G133/><T111/><D111/><U61/><E61/><V49/><F108/><W95/><G125/><T21/><REACH who="0" step="1"/><D50/><REACH who="0" ten="313,184,280,203" step="2"/><U113/><E77/><V110/><F110/><W39/><G58/><T107/><D107/><U104/><E104/><V51/><F38/><W1/><G39/><T54/><D54/><U117/><E117/><V48/><F55/><W69/><G69/><T135/><D135/><U85/><N who="1" m="11264" /><DORA hai="40" /><U65/><E65/><V15/><F121/><W102/><G106/><T25/><N who="0" m="6144" /><DORA hai="3" /><T35/><D35/><U53/><E53/><V16/><F120/><W115/><G115/><T134/><D134/><U30/><E113/><V6/><F43/><W9/><G1/><T60/><D60/><U13/><E30/><V112/><F42/><W109/><G109/><T87/><AGARI ba="3,2" hai="0,2,14,18,21,87,88,89,92,94,97" m="6144" machi="87" ten="40,8000,1" yaku="1,1,0,1,52,1,54,1,53,1" doraHai="10,40,3" doraHaiUra="31,37,12" who="0" fromWho="0" sc="313,109,184,-23,280,-43,203,-23" /><INIT seed="7,0,0,1,2,60" ten="422,161,237,180" oya="3" hai0="41,68,107,74,126,56,90,102,17,45,57,135,121" hai1="28,86,73,27,124,0,122,88,3,123,18,22,111" hai2="110,23,19,118,48,12,81,46,4,79,105,69,71" hai3="11,14,87,127,25,42,130,8,83,24,54,5,120"/><W63/><G120/><T114/><D74/><U6/><E111/><V77/><F105/><W51/><G130/><T10/><D68/><U20/><E73/><V76/><F118/><W39/><G127/><T29/><D29/><U101/><E101/><V109/><F81/><W112/><G112/><T115/><D121/><U129/><E129/><V53/><F4/><W106/><G106/><T91/><D126/><U85/><E124/><V66/><F69/><W104/><G104/><T100/><D17/><U84/><E122/><V1/><F1/><W43/><G11/><T65/><D10/><U103/><E103/><N who="0" m="39465" /><D107/><U93/><E123/><V37/><F37/><W40/><G63/><N who="0" m="38119" /><D57/><U67/><E67/><V95/><F95/><W16/><G5/><T108/><D108/><U55/><E6/><V119/><F119/><W9/><G9/><T31/><D31/><U75/><E75/><V61/><AGARI ba="0,0" hai="12,19,23,46,48,53,61,66,71,76,77,79,109,110" machi="61" ten="30,2000,0" yaku="0,1,52,1" doraHai="60" who="2" fromWho="2" sc="422,-5,161,-5,237,20,180,-10" owari="417,51.0,156,-34.0,257,6.0,170,-23.0" /></mjloggm>