<mjloggm ver="2.3"><GO type="169" lobby="0"/><UN n0="%63%6C%75%74%63%68%37%33" n1="%6B%6B%6B%73%73%36%36%36" n2="%E3%81%A6%E3%82%93%E3%81%A6%E3%81%93%E7%8B%90" n3="%E9%B3%A9%E3%82%8A%E3%82%85%E3%81%86%E3%81%8F%E3%82%93" dan="17,16,16,16" rate="2171.64,2064.36,2176.27,2115.42" sx="M,M,M,M"/><TAIKYOKU oya="0"/><INIT seed="0,0,0,0,1,133" ten="250,250,250,250" oya="0" hai0="22,66,1,121,132,35,111,94,105,108,112,123,79" hai1="113,45,65,0,68,74,2,107,115,57,110,69,43" hai2="84,67,95,96,40,31,70,16,71,32,5,101,54" hai3="114,37,103,75,39,92,128,130,81,15,50,98,46"/><T51/><D35/><U72/><E110/><N who="0" m="42025" /><D1/><N who="1" m="619" /><E107/><V93/><F5/><W53/><G114/><N who="1" m="43530" /><E57/><V48/><F40/><W87/><G75/><N who="1" m="28714" /><E65/><V7/><F67/><W125/><G125/><T33/><D33/><U42/><E45/><V119/><F119/><W61/><G61/><T21/><D105/><U83/><E83/><V13/><F7/><W118/><G118/><T80/><D112/><U49/><E49/><V135/><F135/><W19/><G130/><T10/><D132/><U116/><E116/><V102/><F31/><W34/><G34/><T120/><D10/><U18/><E18/><V60/><F60/><W126/><G126/><T55/><D66/><U89/><E89/><V8/><F32/><W82/><G128/><T27/><D94/><U30/><E30/><V12/><F12/><W131/><G131/><T117/><D117/><U85/><E85/><V4/><F4/><W122/><G82/><T56/><D27/><U78/><E78/><V38/><F38/><W104/><G104/><T11/><D11/><U17/><E17/><V29/><F29/><W97/><G39/><T47/><D47/><U3/><N who="1" m="627" /><U9/><DORA hai="73" /><E9/><V28/><F28/><W127/><G37/><T64/><D64/><U88/><E88/><V58/><F84/><AGARI ba="0,0" hai="21,22,51,55,56,79,80,84,120,121,123" m="42025" machi="84" ten="40,7700,0" yaku="14,1,10,1,52,1" doraHai="133,73" who="0" fromWho="2" sc="250,77,250,0,250,-77,250,0" /><INIT seed="0,1,0,2,1,114" ten="327,250,173,250" oya="0" hai0="84,13,4,71,127,53,3,131,43,117,61,52,18" hai1="31,50,111,107,74,57,119,29,135,76,69,68,16" hai2="15,129,34,63,36,23,101,75,82,100,95,113,91" hai3="128,93,83,132,6,39,60,55,66,51,89,20,67"/><T118/><D131/><U24/><E111/><V59/><F34/><W109/><G128/><T56/><D71/><U28/><E107/><V90/><F113/><W77/><G109/><T12/><D43/><U37/><E37/><V25/><F36/><W116/><G39/><T72/><D72/><U21/><E135/><V99/><F129/><W112/><G112/><T121/><D121/><U22/><E119/><V110/><F110/><W86/><G132/><T48/><D127/><U92/><E92/><V26/><F75/><W125/><G125/><T2/><D4/><U104/><E104/><V54/><F15/><W123/><G123/><T7/><D7/><U0/><E0/><V88/><F26/><W96/><G6/><T65/><D53/><U126/><E126/><V108/><F108/><W17/><G116/><T5/><D84/><U42/><E22/><V27/><F27/><W49/><G49/><T85/><D85/><U1/><E1/><V45/><F45/><BYE who="2" /><W94/><G94/><T41/><D41/><U35/><E35/><V87/><F87/><W46/><REACH who="3" step="1"/><G60/><REACH who="3" ten="327,250,173,240" step="2"/><T79/><D2/><U9/><E50/><V133/><F133/><W11/><G11/><N who="0" m="4207" /><D3/><U73/><E9/><V64/><F64/><W97/><G97/><T122/><D122/><U70/><E73/><V81/><F81/><W10/><G10/><N who="0" m="6455" /><D79/><U103/><E76/><V38/><F38/><W120/><G120/><UN n2="%E3%81%A6%E3%82%93%E3%81%A6%E3%81%93%E7%8B%90" /><T32/><D117/><U8/><E74/><V58/><F82/><W30/><G30/><N who="1" m="11882" /><E8/><V105/><F105/><W80/><G80/><T14/><D118/><U44/><E31/><RYUUKYOKU ba="1,1" sc="327,-10,250,-10,173,-10,240,30" hai3="17,20,46,51,55,66,67,77,83,86,89,93,96" /><INIT seed="1,2,1,0,5,110" ten="317,240,163,270" oya="1" hai0="135,41,79,107,36,50,13,73,47,28,130,30,92" hai1="120,90,98,121,60,33,132,128,18,85,78,9,84" hai2="44,32,63,45,115,20,64,87,113,35,74,14,37" hai3="24,39,94,1,80,54,131,38,25,123,0,86,22"/><U4/><E33/><V77/><F74/><W10/><G123/><T46/><D107/><U102/><E132/><V101/><F101/><W109/><G109/><T27/><D135/><U99/><E128/><V103/><F103/><W71/><G71/><T23/><D130/><U12/><E120/><V7/><F35/><W59/><G131/><T105/><D105/><U43/><E102/><V42/><F32/><W112/><G94/><T81/><D92/><U2/><E121/><V91/><F77/><W134/><G134/><T29/><D13/><U62/><E85/><V55/><F55/><AGARI ba="2,1" hai="23,27,28,29,30,36,41,46,47,50,55,73,79,81" machi="55" ten="30,1000,0" yaku="7,1" doraHai="110" who="0" fromWho="2" sc="317,26,240,0,163,-16,270,0" /><INIT seed="2,0,0,2,3,109" ten="343,240,147,270" oya="2" hai0="32,115,12,80,61,89,76,11,92,135,8,100,79" hai1="97,103,16,127,22,133,129,28,93,36,77,68,34" hai2="23,45,121,120,41,90,82,84,130,75,117,88,94" hai3="106,38,78,7,122,119,110,67,69,91,99,54,64"/><V48/><F117/><W134/><G119/><T53/><D32/><U104/><E68/><V21/><F130/><W87/><G122/><T3/><D135/><U81/><E36/><V50/><F75/><W123/><G123/><T40/><D3/><U30/><E127/><V114/><F114/><W51/><G38/><T59/><D40/><U25/><E129/><V63/><F63/><BYE who="2" /><W71/><G110/><T39/><D39/><U107/><E133/><V132/><F132/><W42/><G42/><T5/><D115/><U83/><E83/><V118/><F118/><W17/><G7/><T1/><D80/><U44/><E44/><V15/><F15/><W20/><G71/><T111/><D100/><U37/><E37/><V72/><F72/><W95/><G69/><UN n2="%E3%81%A6%E3%82%93%E3%81%A6%E3%81%93%E7%8B%90" /><T113/><D113/><U33/><E33/><V57/><F121/><W86/><G134/><T74/><D74/><U56/><E56/><V128/><F128/><W124/><G124/><T31/><D31/><U112/><E112/><V46/><F57/><N who="3" m="32991" /><G106/><T65/><D65/><N who="3" m="25161" /><G78/><T116/><D116/><U102/><E30/><V73/><F120/><W105/><G105/><T18/><D111/><U49/><E49/><V47/><F73/><W19/><G19/><T96/><AGARI ba="0,0" hai="1,5,8,11,12,18,53,59,61,76,79,89,92,96" machi="96" ten="20,1500,0" yaku="0,1,7,1" doraHai="109" who="0" fromWho="0" sc="343,15,240,-4,147,-7,270,-4" /><INIT seed="3,0,0,0,5,58" ten="358,236,140,266" oya="3" hai0="76,88,104,63,7,71,47,60,80,125,45,77,56" hai1="114,51,99,6,40,52,14,123,126,11,1,74,128" hai2="96,107,86,24,97,72,16,54,17,133,26,122,29" hai3="37,27,119,109,134,70,103,3,50,13,112,94,36"/><W116/><G3/><T135/><D104/><U31/><E123/><V15/><F15/><W18/><BYE who="2" /><G112/><T41/><D71/><U61/><E114/><V87/><F87/><W98/><G70/><T95/><D56/><U39/><E126/><V23/><F23/><W113/><G113/><T8/><D125/><U100/><E128/><V34/><F34/><W132/><G109/><T117/><D135/><N who="3" m="51753" /><G27/><UN n2="%E3%81%A6%E3%82%93%E3%81%A6%E3%81%93%E7%8B%90" /><T131/><D131/><U64/><E74/><V68/><F68/><W66/><G66/><T10/><D117/><N who="3" m="45129" /><G50/><N who="0" m="26927" /><D47/><U33/><E33/><V83/><F24/><W67/><G67/><T78/><D80/><U2/><E2/><V111/><F83/><W55/><G55/><T19/><D7/><U106/><E1/><V20/><F54/><W127/><G127/><T65/><D65/><U102/><E64/><V92/><F133/><W12/><G12/><N who="0" m="7559" /><D10/><AGARI ba="0,0" hai="10,13,18,36,37,94,98,103" m="45129,51753" machi="10" ten="30,1500,0" yaku="20,1" doraHai="58" who="3" fromWho="0" sc="358,-15,236,0,140,0,266,15" /><INIT seed="3,1,0,5,1,80" ten="343,236,140,281" oya="3" hai0="106,131,81,97,4,47,17,99,114,29,101,72,22" hai1="128,98,76,90,49,130,67,61,6,124,7,0,73" hai2="86,43,32,20,113,19,75,116,127,3,40,122,55" hai3="87,62,96,68,132,85,39,78,45,31,14,133,91"/><W107/><G31/><T37/><D131/><U84/><E124/><V102/><F75/><W57/><G68/><T23/><D114/><U71/><E98/><V34/><F3/><W93/><G107/><T53/><D4/><U119/><E119/><V129/><F116/><W63/><G78/><T35/><D35/><U2/><E73/><V109/><F102/><W28/><G28/><T56/><D99/><U48/><E76/><V54/><F113/><W21/><G21/><T135/><D135/><N who="3" m="51785" /><G14/><T12/><D29/><U112/><E112/><V110/><F20/><W118/><G118/><T123/><D123/><U10/><E130/><V46/><F19/><W79/><G79/><T126/><D23/><U27/><E27/><V83/><F129/><W25/><G25/><T111/><D126/><U65/><E128/><V103/><F127/><W64/><G63/><T9/><D22/><U104/><E104/><V88/><F122/><W52/><G64/><T44/><D72/><U41/><E67/><V60/><F32/><W8/><G8/><T38/><D106/><U100/><E0/><V74/><F34/><W51/><G39/><T42/><D38/><U24/><E24/><V95/><F74/><W89/><G89/><T59/><D37/><U77/><E7/><V105/><F105/><W36/><G36/><T82/><D12/><U33/><E33/><V120/><F120/><W1/><G1/><T18/><D9/><U13/><E2/><V26/><F26/><W117/><G117/><T70/><D70/><U15/><E15/><V11/><F11/><W69/><G69/><RYUUKYOKU ba="1,0" sc="343,-10,236,-10,140,-10,281,30" hai3="45,51,52,57,62,85,87,91,93,96" /><INIT seed="3,2,0,0,4,73" ten="333,226,130,311" oya="3" hai0="12,118,46,15,28,59,9,5,47,113,29,45,39" hai1="114,102,43,124,17,75,26,88,93,51,105,38,42" hai2="40,120,57,1,97,78,112,25,126,125,49,85,32" hai3="68,8,65,119,44,50,35,92,33,71,108,30,18"/><W133/><G119/><T2/><D113/><U96/><E114/><V122/><F112/><W110/><G133/><T76/><D39/><U56/><E124/><N who="2" m="47723" /><F1/><W111/><G30/><T94/><D118/><U121/><E121/><N who="2" m="46699" /><F97/><W10/><G65/><T74/><D94/><N who="1" m="58647" /><E38/><V3/><F3/><W107/><G107/><T72/><D72/><U127/><E75/><V23/><F32/><N who="3" m="12363" /><G92/><T132/><D132/><U109/><E109/><V14/><F14/><N who="3" m="7495" /><G10/><T91/><D91/><U52/><E105/><V79/><F85/><W64/><G64/><T36/><D36/><U11/><E127/><V67/><F67/><W83/><G83/><T129/><D2/><U101/><E101/><V48/><F57/><W4/><G4/><T58/><D47/><U21/><E11/><V0/><F0/><W134/><G134/><T80/><D74/><U55/><E55/><AGARI ba="2,0" hai="44,50,55,68,71,108,110,111" m="7495,12363" machi="55" ten="40,3900,0" yaku="14,1,10,1" doraHai="73" who="3" fromWho="1" sc="333,0,226,-45,130,0,311,45" /><INIT seed="3,3,0,1,5,26" ten="333,181,130,356" oya="3" hai0="83,61,92,47,58,60,32,64,66,108,94,79,40" hai1="53,89,12,128,18,99,5,9,19,46,59,120,48" hai2="93,132,6,82,24,8,31,51,112,52,119,68,110" hai3="27,28,84,129,98,65,10,57,45,15,121,103,107"/><W21/><G121/><T118/><D108/><U127/><E120/><V72/><F68/><W114/><G129/><T87/><D118/><U74/><E74/><V3/><F119/><W25/><G114/><T131/><D131/><U91/><E128/><V105/><F105/><W111/><G111/><T76/><D32/><U39/><E127/><V38/><F38/><W7/><G45/><T36/><REACH who="0" step="1"/><D79/><REACH who="0" ten="323,181,130,356" step="2"/><U34/><E34/><V73/><F110/><W96/><G107/><T17/><D17/><U33/><E33/><V41/><F112/><W11/><G103/><T97/><D97/><U109/><E109/><V77/><F132/><W13/><G98/><T134/><D134/><U116/><E116/><V130/><F130/><W71/><G96/><T106/><D106/><U22/><E99/><V54/><F93/><W43/><G84/><T70/><AGARI ba="3,1" hai="36,40,47,58,60,61,64,66,70,76,83,87,92,94" machi="70" ten="20,2700,0" yaku="1,1,0,1,7,1,53,0" doraHai="26" doraHaiUra="50" who="0" fromWho="0" sc="323,46,181,-10,130,-10,356,-16" /><INIT seed="4,0,0,5,3,35" ten="369,171,120,340" oya="0" hai0="117,37,48,33,123,77,10,73,16,36,93,7,88" hai1="131,101,118,80,134,20,121,71,106,105,83,38,6" hai2="129,124,112,79,110,57,62,44,69,53,115,15,114" hai3="81,104,31,34,130,21,108,25,127,61,32,92,87"/><T17/><D123/><U94/><E20/><V102/><F102/><W75/><G108/><T1/><D117/><U125/><E6/><V65/><F79/><W49/><G104/><T76/><D33/><U24/><E24/><V46/><F15/><W42/><G75/><T52/><D37/><U122/><E71/><V3/><F3/><W96/><G130/><T84/><D36/><U56/><E56/><V90/><F90/><W68/><G127/><T58/><REACH who="0" step="1"/><D77/><REACH who="0" ten="359,171,120,340" step="2"/><U133/><E38/><V29/><F110/><W13/><G34/><T67/><D67/><U27/><E118/><V4/><F124/><W22/><G32/><T82/><AGARI ba="0,1" hai="1,7,10,16,17,48,52,58,73,76,82,84,88,93" machi="82" ten="30,18000,2" yaku="1,1,0,1,52,1,54,3,53,1" doraHai="35" doraHaiUra="45" who="0" fromWho="0" sc="359,190,171,-60,120,-60,340,-60" /><INIT seed="4,1,0,1,4,57" ten="549,111,60,280" oya="0" hai0="52,100,48,54,107,18,97,131,112,61,36,27,29" hai1="122,24,119,16,129,88,78,127,55,120,8,72,81" hai2="101,39,111,12,94,126,113,102,66,109,14,15,79" hai3="2,65,19,7,68,74,23,45,69,34,31,80,4"/><T104/><D112/><U64/><E119/><V116/><F113/><W105/><G69/><T21/><D36/><U86/><E129/><V59/><F39/><W28/><G28/><T70/><D131/><U25/><E127/><V60/><F126/><W49/><G105/><T96/><D48/><U90/><E90/><V133/><F133/><W50/><G50/><T134/><D134/><U38/><E38/><V103/><F116/><W93/><G2/><T0/><D0/><U87/><E72/><V91/><REACH who="2" step="1"/><F79/><REACH who="2" ten="549,111,50,280" step="2"/><W110/><G110/><T83/><D107/><U58/><E120/><V26/><F26/><W11/><G34/><T89/><D104/><U6/><E122/><V115/><F115/><W85/><G31/><T44/><D27/><U125/><E25/><V76/><F76/><W121/><G121/><T135/><D29/><U118/><E118/><V117/><F117/><W95/><G19/><T13/><D135/><U132/><E132/><V130/><F130/><W53/><G7/><T124/><D124/><U5/><E125/><V71/><F71/><W106/><G4/><T32/><D70/><U3/><E5/><V75/><F75/><W33/><G74/><T35/><D18/><U92/><E24/><V108/><F108/><W99/><G68/><T9/><D32/><U62/><REACH who="1" step="1"/><E16/><REACH who="1" ten="549,101,50,280" step="2"/><V43/><F43/><W98/><G33/><T37/><D37/><U30/><E30/><V17/><F17/><W41/><G41/><T1/><D35/><U46/><E46/><V22/><F22/><W51/><G45/><T73/><D44/><U77/><E77/><RYUUKYOKU ba="1,2" sc="549,-15,101,15,50,15,280,-15" hai1="3,6,8,55,58,62,64,78,81,86,87,88,92" hai2="12,14,15,59,60,66,91,94,101,102,103,109,111" /><INIT seed="5,2,2,0,1,67" ten="534,116,65,265" oya="1" hai0="102,134,100,107,115,108,103,94,84,15,71,29,40" hai1="6,60,98,37,52,64,75,89,59,31,125,20,97" hai2="17,30,9,87,118,5,90,126,116,122,123,11,68" hai3="92,127,82,48,13,109,50,117,41,110,28,83,132"/><U130/><E37/><V93/><F126/><W2/><G2/><T0/><D71/><U120/><E120/><V69/><F30/><W86/><G28/><T62/><D62/><U101/><E75/><V72/><F72/><W119/><G41/><T8/><D29/><U96/><E125/><V99/><F123/><W65/><G127/><T36/><D15/><U80/><E6/><V114/><F122/><W22/><G65/><T88/><D8/><U135/><E135/><V74/><F74/><W104/><G13/><T105/><D40/><U131/><E101/><V70/><F114/><W61/><G61/><T24/><D24/><N who="1" m="16775" /><E80/><V55/><F55/><W47/><G104/><T76/><D0/><U16/><E89/><V3/><REACH who="2" step="1"/><F99/><REACH who="2" ten="534,116,55,265" step="2"/><W18/><G132/><T73/><D134/><U57/><E130/><V10/><F10/><W77/><G119/><T34/><D34/><U121/><E121/><V112/><F112/><W7/><G117/><T56/><D115/><U35/><E35/><V27/><F27/><W39/><G110/><T51/><D107/><U58/><E131/><V91/><F91/><W53/><G53/><T81/><D105/><U4/><E64/><V106/><F106/><W45/><G109/><T32/><D32/><U129/><E129/><V128/><F128/><W38/><G86/><T63/><D88/><U42/><E97/><V25/><F25/><W12/><G77/><T19/><D73/><U78/><E96/><V33/><F33/><W111/><G111/><T85/><D108/><U79/><E98/><V26/><F26/><W46/><G12/><AGARI ba="2,3" hai="3,5,9,11,12,17,68,69,70,87,90,93,116,118" machi="12" ten="40,8000,1" yaku="1,1,6,1,52,3,53,0" doraHai="67" doraHaiUra="95" who="2" fromWho="3" sc="534,0,116,0,55,116,265,-86" /><INIT seed="6,0,0,1,1,109" ten="534,116,171,179" oya="2" hai0="74,60,113,54,31,20,30,19,99,17,43,44,70" hai1="16,22,9,53,92,42,108,83,115,127,55,57,88" hai2="121,106,132,6,59,10,21,131,84,76,126,50,34" hai3="77,114,107,37,112,117,81,134,5,125,32,97,33"/><V122/><F106/><W27/><G117/><T39/><D113/><N who="3" m="43625" /><G134/><T51/><D74/><U48/><E115/><V101/><F34/><N who="3" m="13419" /><G125/><T135/><D135/><U86/><E42/><V7/><F101/><N who="3" m="62895" /><G27/><T69/><D99/><N who="1" m="57735" /><E108/><V85/><F131/><W73/><G5/><T105/><D105/><U96/><E9/><V45/><F10/><W61/><G61/><T130/><D130/><U11/><E11/><V71/><F6/><W18/><G18/><T23/><D19/><U8/><E8/><V47/><F7/><W65/><G65/><T89/><D17/><U28/><E127/><V4/><F4/><W75/><G75/><T98/><D60/><N who="1" m="35887" /><E96/><V46/><F126/><W110/><G110/><T93/><D31/><U124/><E28/><V87/><F132/><W79/><G79/><T12/><D30/><U90/><E124/><V62/><F76/><W25/><G25/><T133/><D133/><U78/><E78/><V26/><F26/><W58/><G58/><T116/><D116/><U95/><E16/><V129/><F129/><W63/><G63/><T0/><D23/><U15/><E22/><V120/><F62/><W35/><N who="3" m="13427" /><W64/><DORA hai="14" /><G64/><T119/><D20/><U91/><E15/><V56/><F21/><W123/><G123/><T2/><D12/><U94/><E90/><V41/><F59/><AGARI ba="0,0" hai="48,55,59,83,86,91,94,95" m="35887,57735" machi="59" ten="30,2000,0" yaku="8,1,54,1" doraHai="109,14" who="1" fromWho="2" sc="534,0,116,20,171,-20,179,0" /><INIT seed="7,0,0,0,4,32" ten="534,136,151,179" oya="3" hai0="55,113,115,41,123,122,25,20,96,102,121,86,8" hai1="114,48,88,108,101,52,104,131,9,12,10,58,19" hai2="47,15,51,120,63,35,90,135,64,129,116,91,54" hai3="126,97,4,29,81,84,57,119,49,60,56,71,99"/><W44/><G119/><T17/><D41/><U24/><E108/><V89/><F116/><W109/><G109/><T68/><D68/><U2/><E131/><V61/><F35/><W130/><G130/><T31/><D86/><U106/><E114/><N who="0" m="43529" /><D55/><U112/><E112/><V110/><F129/><W78/><G126/><T50/><D50/><U83/><E101/><V13/><F110/><W70/><G29/><T95/><D8/><N who="1" m="6535" /><E2/><V125/><F125/><W62/><G4/><T128/><D128/><U73/><E73/><V0/><F0/><W124/><G124/><T42/><D42/><U133/><E133/><V94/><F135/><W100/><G57/><T67/><D67/><U66/><E106/><V69/><F120/><W30/><G62/><T45/><D45/><N who="1" m="27663" /><E104/><V92/><F63/><W132/><G132/><T59/><D59/><U53/><E66/><V76/><F76/><W117/><G60/><T79/><D79/><U87/><E24/><V74/><F74/><W37/><G78/><T23/><D23/><U34/><E34/><V7/><F15/><W22/><G71/><T21/><D21/><U127/><E127/><V27/><F27/><W65/><G22/><T26/><D26/><U3/><E3/><V80/><F80/><W1/><G81/><T103/><D103/><U105/><E105/><V82/><F82/><W16/><G1/><T33/><D33/><U38/><E38/><V72/><F72/><W98/><G37/><T111/><D111/><U36/><E36/><V107/><F107/><W18/><G100/><T77/><D77/><U11/><E58/><RYUUKYOKU ba="0,0" sc="534,10,136,10,151,10,179,-30" hai0="17,20,25,31,95,96,102,121,122,123" hai1="9,10,11,53,83,87,88" hai2="7,13,47,51,54,61,64,69,89,90,91,92,94" owari="544,64.0,146,-35.0,161,-4.0,149,-25.0" /></mjloggm>