<mjloggm ver="2.3"><GO type="169" lobby="0"/><UN n0="%E3%83%89%E3%82%B8%E3%83%A3%E3%83%BC%E3%82%B9" n1="%E3%81%8B%E3%81%B6%E8%8C%B6" n2="%E6%97%A9%E5%A4%A7%E3%83%80%E3%83%A1%E4%BF%AE%E5%A3%AB" n3="%E3%82%88%E3%81%93%40%63" dan="16,16,16,17" rate="2146.05,2144.71,2182.39,2133.71" sx="M,M,M,F"/><TAIKYOKU oya="0"/><INIT seed="0,0,0,1,1,64" ten="250,250,250,250" oya="0" hai0="54,72,113,9,17,55,11,91,99,56,105,90,89" hai1="37,3,129,76,133,130,44,86,41,65,60,92,32" hai2="30,63,45,115,4,111,42,109,108,48,47,0,27" hai3="125,100,53,73,96,43,77,34,134,49,124,2,85"/><T94/><D113/><U13/><E32/><V33/><F115/><W118/><G2/><T35/><D72/><U74/><E133/><V68/><F4/><W117/><G34/><T87/><D35/><U15/><E3/><V132/><F0/><W21/><G43/><T88/><D17/><U8/><E74/><V106/><F106/><W36/><G36/><T116/><D116/><U120/><E120/><V75/><F75/><W57/><G73/><T23/><D23/><U19/><E13/><V50/><F132/><W14/><G85/><T26/><D26/><U123/><E123/><V38/><REACH who="2" step="1"/><F47/><REACH who="2" ten="250,250,240,250" step="2"/><W112/><G134/><T110/><D110/><U103/><E130/><V70/><F70/><W28/><G112/><T121/><D121/><U67/><E129/><V39/><F39/><W101/><G118/><T71/><D71/><U95/><E37/><V10/><F10/><W52/><G117/><T128/><D128/><U31/><E8/><N who="0" m="3145" /><D105/><U80/><E44/><V40/><F40/><W61/><G57/><T29/><D29/><U22/><E31/><V69/><F69/><W5/><G28/><T104/><D104/><U107/><E41/><V114/><F114/><W97/><G5/><T12/><D87/><U1/><E1/><V20/><F20/><W66/><G21/><T135/><D135/><U24/><E107/><V93/><F93/><W51/><G97/><T131/><D131/><U122/><E122/><V81/><F81/><W62/><G96/><T18/><D56/><U98/><E22/><V126/><F126/><W83/><G124/><T25/><D25/><RYUUKYOKU ba="0,1" sc="250,15,250,-15,240,15,250,-15" hai0="12,18,54,55,88,89,90,91,94,99" hai2="27,30,33,38,42,45,48,50,63,68,108,109,111" /><INIT seed="0,1,1,0,2,26" ten="265,235,255,235" oya="0" hai0="32,67,18,98,25,103,70,112,37,17,101,110,59" hai1="38,131,68,1,16,8,43,99,23,88,114,135,73" hai2="28,4,20,128,22,108,76,51,64,105,78,132,100" hai3="49,85,117,7,82,19,24,121,2,118,124,63,11"/><T9/><D112/><U12/><E68/><V81/><F108/><W127/><G121/><T90/><D37/><U31/><E73/><V119/><F128/><W15/><G63/><T109/><D70/><U79/><E131/><V87/><F132/><W71/><G71/><T21/><D32/><U94/><E135/><V104/><F64/><W95/><G95/><N who="0" m="56695" /><D9/><U93/><E79/><V14/><F76/><W56/><G56/><T133/><D133/><U77/><E77/><V42/><F100/><N who="0" m="38474" /><D110/><U66/><E114/><V75/><F75/><W60/><G60/><N who="0" m="38303" /><D109/><U65/><E94/><V47/><F119/><W5/><G2/><T91/><D91/><U46/><REACH who="1" step="1"/><E1/><REACH who="1" ten="265,225,255,235" step="2"/><V129/><F129/><W45/><G118/><T123/><D123/><U54/><E54/><V6/><F105/><W113/><G117/><T3/><D3/><U48/><E48/><V125/><F104/><W62/><G49/><T44/><D44/><U80/><E80/><V116/><F116/><W33/><G82/><T40/><D40/><U52/><E52/><V41/><F42/><W115/><G45/><T29/><AGARI ba="1,2" hai="17,18,21,25,29" m="38303,38474,56695" machi="29" ten="30,3000,0" yaku="8,1,52,1" doraHai="26" who="0" fromWho="0" sc="265,53,225,-11,255,-11,235,-11" /><INIT seed="0,2,0,3,3,53" ten="318,214,244,224" oya="0" hai0="28,83,77,23,135,81,114,108,10,119,101,76,99" hai1="85,75,17,24,124,126,130,116,7,69,52,88,44" hai2="39,65,120,36,2,1,48,87,49,26,11,78,59" hai3="14,84,94,12,22,102,112,30,107,63,46,92,45"/><T9/><D114/><U25/><E116/><V70/><F120/><W90/><G112/><T37/><D119/><U32/><E75/><V54/><F48/><W82/><G107/><T118/><D118/><U79/><E69/><V42/><F26/><N who="3" m="16727" /><G63/><T122/><D122/><U103/><E79/><V4/><F1/><W110/><G110/><T117/><D117/><U8/><E103/><V18/><F18/><W56/><G56/><T111/><D37/><U15/><E130/><V21/><F21/><W43/><G43/><T97/><D23/><U64/><E64/><V40/><F40/><W128/><G128/><T115/><D115/><U38/><E7/><V104/><F104/><W96/><G82/><T55/><D55/><U27/><E32/><V61/><REACH who="2" step="1"/><F42/><REACH who="2" ten="318,214,234,224" step="2"/><W13/><AGARI ba="2,1" hai="12,13,14,45,46,84,90,92,94,96,102" m="16727" machi="13" ten="30,1100,0" yaku="8,1" doraHai="53" who="3" fromWho="3" sc="318,-7,214,-5,234,-5,224,27" /><INIT seed="1,0,0,4,5,43" ten="311,209,229,251" oya="1" hai0="63,132,44,95,49,105,45,11,109,21,56,102,52" hai1="50,38,97,6,15,113,42,96,33,85,26,40,107" hai2="124,1,120,75,135,39,8,59,28,82,126,10,100" hai3="76,78,114,110,17,74,118,90,131,67,24,108,133"/><U80/><E113/><V64/><F120/><W69/><G114/><T127/><D105/><U94/><E107/><V116/><F116/><W125/><G69/><T13/><D109/><N who="3" m="42089" /><G67/><N who="0" m="39399" /><D132/><U71/><E38/><V123/><F123/><W104/><G17/><N who="0" m="8383" /><D127/><U60/><E33/><V36/><F135/><W3/><G24/><T89/><D102/><U61/><E26/><V103/><F1/><W30/><G3/><T101/><D101/><U51/><E71/><V77/><F28/><W129/><G30/><T93/><D21/><U16/><E6/><V48/><F103/><W134/><G104/><T14/><D14/><U23/><E15/><V121/><F100/><W99/><G118/><T73/><D73/><U4/><E16/><V57/><F121/><W112/><G112/><T98/><D93/><U72/><E94/><V35/><F35/><W130/><G125/><N who="2" m="48233" /><F8/><W5/><G5/><T106/><D106/><U68/><E4/><V22/><F22/><W122/><G122/><T119/><D119/><U87/><E23/><V25/><F10/><W92/><G74/><T88/><D89/><U84/><E72/><V128/><F25/><W37/><G37/><T34/><D34/><U41/><E68/><V91/><F91/><W29/><G29/><T32/><D32/><U20/><E20/><V31/><F31/><W58/><G133/><T9/><D9/><U62/><E80/><V7/><F7/><W12/><G134/><T18/><D18/><U65/><E65/><V0/><F0/><W55/><G12/><T66/><D66/><U27/><E27/><V2/><F2/><RYUUKYOKU ba="0,0" sc="311,10,209,10,229,-30,251,10" hai0="44,45,49,52,88,95,98" hai1="40,41,42,50,51,60,61,62,84,85,87,96,97" hai3="55,58,76,78,90,92,99,129,130,131" /><INIT seed="1,1,0,2,0,129" ten="321,219,199,261" oya="1" hai0="36,65,133,58,3,38,118,0,87,108,104,22,47" hai1="76,28,130,20,131,50,64,122,116,102,78,12,81" hai2="42,84,88,5,98,105,113,16,34,1,114,94,32" hai3="135,44,109,97,25,48,24,57,67,40,15,69,110"/><U52/><E116/><V13/><F42/><W100/><G69/><T128/><D104/><U35/><E122/><V77/><F1/><W66/><G15/><T106/><D106/><U124/><E35/><V27/><F5/><W74/><G74/><T31/><D118/><U54/><E124/><V18/><F18/><W115/><G115/><N who="2" m="44041" /><F27/><N who="3" m="10315" /><G57/><T7/><D58/><N who="1" m="33047" /><E28/><V96/><F77/><W30/><G30/><T56/><D56/><U95/><E64/><V107/><F107/><W93/><G67/><T4/><D65/><U126/><E126/><V85/><F85/><W6/><G6/><T53/><D7/><U17/><E54/><V63/><F63/><W80/><G80/><T123/><D53/><U37/><E81/><N who="2" m="49167" /><F105/><W73/><G73/><T21/><D4/><U70/><E78/><V111/><F111/><N who="3" m="42507" /><G66/><T23/><D108/><U61/><E76/><V60/><F60/><W46/><G44/><T89/><D47/><U101/><E61/><V99/><F94/><W43/><G43/><T51/><D31/><U132/><E70/><V120/><F120/><W26/><G26/><T71/><D71/><U11/><E95/><V55/><F55/><W62/><G62/><T41/><D41/><U72/><E72/><V9/><AGARI ba="1,0" hai="9,13,16,32,34,96,98,99" m="49167,44041" machi="9" ten="30,4000,0" yaku="11,1,54,2" doraHai="129" who="2" fromWho="2" sc="321,-11,219,-21,199,43,261,-11" /><INIT seed="2,0,0,4,3,8" ten="310,198,242,250" oya="2" hai0="117,17,52,111,62,60,54,129,77,34,70,68,4" hai1="44,89,25,128,73,7,11,24,0,18,10,66,22" hai2="78,115,94,100,43,92,65,105,87,130,48,97,14" hai3="98,107,124,59,81,75,74,46,91,1,58,133,123"/><V112/><F65/><W35/><G123/><T30/><D4/><U23/><E73/><V2/><F2/><W99/><G1/><T41/><D77/><U63/><E128/><V27/><F27/><W55/><G35/><T72/><D72/><U5/><E89/><V47/><F130/><W69/><G69/><N who="0" m="26731" /><D17/><N who="1" m="12367" /><E44/><V20/><F105/><W120/><G107/><T121/><D30/><N who="1" m="17727" /><E63/><N who="0" m="24105" /><D34/><U103/><E103/><V50/><F50/><W135/><G91/><T53/><D129/><U61/><E61/><V127/><F127/><W33/><G81/><T110/><D121/><U71/><E71/><V13/><F20/><W15/><G124/><T29/><D29/><U37/><E37/><V32/><F32/><W108/><G120/><T118/><D41/><U84/><E84/><V31/><F31/><W19/><G33/><T134/><D134/><U93/><E93/><V67/><F67/><W102/><G135/><T28/><D28/><U88/><E88/><V40/><F40/><W49/><G133/><T119/><AGARI ba="0,0" hai="52,53,54,110,111,117,118,119" m="24105,26731" machi="119" ten="50,12000,2" yaku="28,2,12,1,34,2,54,1" doraHai="8" who="0" fromWho="0" sc="310,120,198,-30,242,-60,250,-30" /><INIT seed="3,0,0,5,1,116" ten="430,168,182,220" oya="3" hai0="3,36,78,14,106,97,53,37,91,81,56,59,33" hai1="90,85,94,88,109,125,100,35,129,58,16,130,7" hai2="10,98,40,9,83,128,49,46,115,80,27,112,5" hai3="0,17,93,73,55,62,70,57,41,121,69,32,96"/><W61/><G32/><T75/><D33/><U31/><E109/><V113/><F128/><N who="1" m="49257" /><E125/><V107/><F27/><W24/><G73/><T117/><D3/><U89/><E7/><V111/><F111/><W38/><G0/><T110/><D117/><U60/><E100/><V52/><F10/><W92/><G38/><T1/><D1/><U47/><E47/><V67/><F67/><W108/><G41/><T124/><D110/><U64/><E16/><V123/><F40/><W42/><G42/><T22/><D59/><U133/><E133/><V119/><F119/><W63/><G108/><T71/><D71/><U21/><E21/><V131/><F131/><W26/><G121/><T28/><D56/><U11/><E11/><V39/><F39/><W29/><G29/><T12/><D28/><U120/><E120/><V77/><F123/><W82/><G82/><T48/><D81/><U122/><E122/><V95/><F107/><W79/><G79/><T51/><D78/><U99/><E99/><V18/><F18/><W76/><G76/><T2/><D97/><U45/><E45/><V74/><F80/><W135/><G135/><T4/><D75/><U127/><E127/><V126/><F126/><W87/><G96/><T25/><D37/><U19/><E19/><V103/><REACH who="2" step="1"/><F113/><REACH who="2" ten="430,168,172,220" step="2"/><W23/><G26/><AGARI ba="0,1" hai="26,31,35,58,60,64,85,88,89,90,94" m="49257" machi="26" ten="30,2000,0" yaku="19,1,54,1" doraHai="116" who="1" fromWho="3" sc="430,0,168,30,172,0,220,-20" /><INIT seed="4,0,0,3,3,45" ten="430,198,172,200" oya="0" hai0="23,108,73,131,107,41,83,40,63,1,106,95,124" hai1="16,67,105,20,10,24,134,76,93,59,84,88,12" hai2="75,60,77,51,8,111,7,72,56,46,101,87,22" hai3="43,132,94,54,130,96,29,123,26,18,42,38,135"/><T14/><D1/><U100/><E134/><N who="3" m="51242" /><G123/><T116/><D116/><U30/><E76/><V48/><F111/><W3/><G3/><T112/><D131/><U115/><E115/><V55/><F101/><N who="3" m="60567" /><G130/><T91/><D112/><U97/><E67/><V21/><F75/><W104/><G104/><T128/><D128/><U47/><E59/><V119/><F72/><W17/><G54/><T57/><D124/><U86/><E47/><V28/><F28/><W13/><G38/><T70/><D70/><U66/><E66/><V80/><F119/><W39/><G39/><T117/><D106/><U114/><E114/><V34/><F34/><N who="3" m="20791" /><G18/><T49/><D107/><U50/><E50/><N who="2" m="18987" /><F46/><W98/><G98/><AGARI ba="0,0" hai="10,12,16,20,24,30,84,86,88,93,97,98,100,105" machi="98" ten="30,3900,0" yaku="7,1,54,2" doraHai="45" who="1" fromWho="3" sc="430,0,198,39,172,0,200,-39" /><INIT seed="5,0,0,2,0,24" ten="430,237,172,161" oya="1" hai0="36,100,22,44,74,13,108,118,88,21,51,52,119" hai1="78,73,57,0,84,117,128,112,98,82,14,56,93" hai2="19,12,106,70,110,11,130,48,53,30,15,37,64" hai3="61,99,2,76,115,81,132,67,41,85,80,43,54"/><U134/><E117/><V114/><F110/><W91/><G132/><T94/><D108/><U104/><E134/><V83/><F37/><W96/><G115/><T120/><D74/><U63/><E0/><V62/><F130/><W8/><G2/><T131/><D131/><U10/><E112/><V35/><F106/><W123/><G123/><T66/><D120/><U45/><E45/><V126/><F114/><W102/><G8/><T92/><D36/><U135/><E135/><V20/><F126/><W1/><G1/><T86/><D66/><U47/><E47/><V42/><F42/><W4/><G4/><T121/><D121/><U125/><E125/><V50/><F83/><W23/><G23/><T46/><D22/><U33/><E33/><V75/><F75/><W26/><G26/><T59/><D118/><U40/><E40/><V113/><F113/><W6/><G54/><T17/><D119/><U29/><E104/><V79/><F79/><W28/><G28/><T5/><D5/><N who="1" m="3407" /><E29/><V101/><F35/><W18/><G18/><T32/><D32/><U49/><E73/><V133/><F133/><W69/><G6/><T16/><D17/><U129/><E49/><V105/><F30/><W55/><G55/><T39/><D39/><U90/><E63/><V127/><F127/><W103/><G103/><T107/><D107/><U72/><E72/><V27/><F48/><W25/><G25/><T65/><D65/><U3/><E3/><V116/><F116/><W95/><G99/><AGARI ba="0,0" hai="13,16,21,44,46,51,52,59,86,88,92,94,99,100" machi="99" ten="40,12000,2" yaku="25,2,8,1,54,3" doraHai="24" who="0" fromWho="3" sc="430,120,237,0,172,0,161,-120" /><INIT seed="6,0,0,5,4,77" ten="550,237,172,41" oya="2" hai0="1,89,59,65,71,2,88,58,129,40,70,103,55" hai1="53,96,120,56,11,4,57,73,106,126,110,23,25" hai2="27,50,76,10,85,28,105,46,95,17,131,123,134" hai3="30,62,79,5,86,84,100,102,32,101,94,39,7"/><V54/><F105/><W43/><G43/><T127/><D40/><U117/><E110/><V29/><F123/><W21/><G32/><T64/><D55/><U20/><E117/><V31/><F131/><W116/><G116/><T35/><D35/><U107/><E126/><V98/><F134/><W81/><G39/><T114/><D103/><U93/><E73/><V68/><F68/><W15/><G62/><T74/><D74/><U42/><E42/><V75/><F75/><W124/><G124/><T24/><D24/><U115/><E57/><V8/><F27/><W67/><G67/><T113/><D127/><U12/><E23/><V60/><F60/><W132/><G132/><T6/><D6/><U44/><E44/><V18/><F8/><W19/><REACH who="3" step="1"/><G30/><REACH who="3" ten="550,237,172,31" step="2"/><T97/><D129/><U33/><E33/><V38/><F38/><W72/><G72/><T87/><D87/><U135/><E135/><V61/><F61/><W14/><G14/><T13/><D13/><U3/><E12/><V90/><F28/><W92/><G92/><T118/><D118/><U104/><E104/><V66/><F66/><W16/><G16/><T83/><D97/><U111/><E107/><V121/><F18/><W36/><G36/><T0/><D0/><U26/><E106/><V49/><F29/><W108/><G108/><T119/><D119/><U48/><E111/><V47/><F31/><W63/><G63/><T122/><D122/><U9/><E120/><V34/><F121/><W22/><G22/><T109/><D109/><U133/><E93/><N who="2" m="56631" /><F34/><W99/><G99/><T128/><D128/><RYUUKYOKU ba="0,1" sc="550,15,237,-15,172,-15,31,15" hai0="1,2,58,59,64,65,70,71,83,88,89,113,114" hai3="5,7,15,19,21,79,81,84,86,94,100,101,102" /><INIT seed="7,1,1,0,3,128" ten="565,222,157,46" oya="3" hai0="89,88,22,17,35,103,110,58,92,118,23,107,129" hai1="124,8,66,74,90,119,71,117,131,47,59,40,3" hai2="79,98,72,126,75,14,68,78,111,42,18,116,46" hai3="41,25,50,1,49,36,64,104,84,133,60,108,54"/><W39/><G1/><T19/><D35/><U125/><E131/><V11/><F111/><W132/><G104/><T28/><D28/><U95/><E74/><V87/><F68/><W37/><G108/><T62/><D110/><U38/><E71/><V135/><F116/><N who="1" m="44617" /><E66/><V114/><F114/><W83/><G25/><T67/><D19/><U43/><E59/><V94/><F72/><W86/><G86/><T121/><D89/><U130/><E40/><V127/><F75/><W30/><G30/><T100/><D23/><U29/><E29/><V44/><F46/><N who="3" m="25807" /><G84/><T99/><D107/><U101/><E101/><V24/><F24/><W105/><G105/><T21/><D118/><U102/><E102/><V9/><F87/><W51/><G83/><T112/><D129/><U34/><E34/><V27/><F27/><W106/><G106/><T52/><D121/><U113/><E113/><V120/><F120/><W81/><G81/><T76/><D112/><U32/><E32/><V109/><F109/><W115/><G115/><T55/><D76/><U13/><E3/><V97/><F78/><W80/><G80/><T10/><D10/><U12/><E130/><V96/><F79/><W48/><G54/><N who="0" m="20523" /><D22/><U33/><E33/><V63/><F94/><W0/><G0/><T31/><D31/><U20/><E20/><V70/><F9/><W69/><AGARI ba="1,1" hai="36,37,39,48,50,51,60,64,69,132,133" m="25807" machi="69" ten="40,12000,1" yaku="34,2,52,2" doraHai="128" who="3" fromWho="3" sc="565,-41,222,-41,157,-41,46,133" /><INIT seed="7,2,0,5,3,81" ten="524,181,116,179" oya="3" hai0="44,33,1,62,40,52,25,10,26,47,89,39,35" hai1="107,63,84,15,112,14,9,116,78,2,0,96,98" hai2="12,65,113,61,58,131,130,111,46,17,133,94,100" hai3="80,6,22,110,19,72,97,106,29,74,23,82,21"/><W34/><G110/><T90/><D1/><U120/><E120/><V79/><F111/><W32/><G6/><T101/><D10/><U75/><E75/><N who="3" m="28714" /><G19/><T108/><D108/><U27/><E112/><V43/><F113/><W125/><G29/><T16/><D101/><U53/><E107/><V69/><F133/><W122/><G122/><T64/><D64/><U56/><E0/><V57/><F79/><W18/><G18/><T30/><D39/><U85/><E2/><V127/><F127/><W73/><G73/><T76/><D76/><U86/><E78/><V50/><F100/><W37/><G37/><T51/><D62/><U8/><E27/><V24/><F24/><W93/><G106/><T88/><D44/><U41/><E41/><V105/><F105/><W129/><G125/><T124/><D124/><U11/><E116/><V118/><F94/><W134/><G134/><T67/><D67/><U55/><E55/><V119/><F17/><W54/><G54/><T117/><D117/><N who="2" m="44554" /><F12/><AGARI ba="2,0" hai="8,9,11,12,14,15,53,56,63,84,85,86,96,98" machi="12" ten="40,8000,1" yaku="8,1,52,3" doraHai="81" who="1" fromWho="2" sc="524,0,181,86,116,-86,179,0" owari="524,62.0,267,7.0,30,-47.0,179,-22.0" /></mjloggm>