<mjloggm ver="2.3"><GO type="169" lobby="0"/><UN n0="%40%75" n1="%E9%9B%80%E8%8D%98%E4%B8%AD%E5%B7%9D" n2="%E6%AF%94%E5%98%89%E6%84%9B%E6%9C%AA" n3="%E8%88%AC%E5%8D%93%E6%B0%91%E3%81%AE%E6%9C%9D%E3%81%AF%E6%97%A9%E3%81%84" dan="16,17,17,18" rate="2108.00,2200.32,2116.83,2274.08" sx="F,M,F,M"/><TAIKYOKU oya="0"/><INIT seed="0,0,0,5,3,110" ten="250,250,250,250" oya="0" hai0="106,7,51,47,92,15,29,89,123,115,102,49,87" hai1="44,107,23,108,66,13,22,17,85,128,93,5,8" hai2="61,133,64,103,111,65,48,127,14,6,57,3,63" hai3="86,82,0,90,50,114,33,1,18,130,109,55,132"/><T94/><D123/><U125/><E107/><V88/><F111/><W26/><G109/><T113/><D106/><U54/><E108/><V12/><F103/><W100/><G130/><T35/><D35/><U67/><E128/><V84/><F133/><W119/><G119/><T56/><D29/><U16/><E125/><V34/><F34/><W27/><G132/><T95/><D56/><U4/><E4/><V25/><F127/><W97/><G114/><T9/><D51/><U39/><E39/><V70/><F25/><W2/><G18/><T75/><D75/><U126/><E126/><V117/><F117/><W80/><G80/><T62/><D62/><U69/><E69/><V83/><REACH who="2" step="1"/><F48/><REACH who="2" ten="250,250,240,250" step="2"/><W72/><G33/><T112/><REACH who="0" step="1"/><D102/><REACH who="0" ten="240,250,240,250" step="2"/><U10/><E44/><V79/><F79/><W59/><REACH who="3" step="1"/><G72/><REACH who="3" ten="240,250,240,240" step="2"/><T58/><D58/><U36/><E36/><V73/><F73/><W101/><G101/><T38/><D38/><U20/><E67/><V98/><F98/><W118/><G118/><T32/><D32/><U91/><E66/><V40/><F40/><AGARI ba="0,3" hai="7,9,15,40,47,49,87,89,92,94,95,112,113,115" machi="40" ten="40,12000,1" yaku="1,1,52,3,53,0" doraHai="110" doraHaiUra="78" who="0" fromWho="2" sc="240,150,250,0,240,-120,240,0" /><INIT seed="0,1,0,5,2,133" ten="390,250,120,240" oya="0" hai0="88,14,11,40,42,27,4,7,47,59,105,97,60" hai1="78,41,71,6,92,124,77,8,26,116,54,5,43" hai2="33,93,115,101,82,25,127,49,106,17,62,18,104" hai3="0,100,67,122,65,113,37,22,23,123,86,135,36"/><T96/><D105/><U1/><E116/><V48/><F115/><W31/><G0/><T16/><D42/><U66/><E6/><V44/><F49/><W83/><G100/><T32/><D32/><U57/><E66/><N who="3" m="25098" /><G135/><T87/><D59/><U98/><E71/><V21/><F62/><W30/><G113/><T131/><D60/><U70/><E70/><V34/><F104/><W28/><G86/><T63/><D63/><U76/><E26/><V125/><F106/><W24/><G24/><T112/><D112/><U80/><E80/><V130/><F130/><W128/><G83/><T75/><D75/><U94/><E94/><V119/><F119/><W91/><G91/><T109/><D131/><U20/><E20/><N who="3" m="7722" /><G128/><T108/><D27/><U134/><E134/><V129/><F82/><W51/><G51/><N who="0" m="27111" /><D109/><U72/><E72/><V102/><F129/><W10/><G10/><T95/><D108/><U121/><E77/><V79/><F79/><W117/><G117/><T29/><D29/><U19/><E78/><V89/><F34/><W84/><G84/><T110/><D110/><U132/><E76/><V35/><F33/><W38/><AGARI ba="1,0" hai="28,30,31,36,37,38,122,123" m="7722,25098" machi="38" ten="40,2700,0" yaku="28,2" doraHai="133" who="3" fromWho="3" sc="390,-14,250,-8,120,-8,240,30" /><INIT seed="1,0,0,1,1,131" ten="376,242,112,270" oya="1" hai0="67,84,38,89,86,93,35,99,2,18,42,64,101" hai1="121,24,75,47,22,77,50,45,88,103,114,132,62" hai2="21,44,12,11,23,13,98,65,107,80,55,100,70" hai3="56,127,108,81,135,48,78,68,116,40,97,60,73"/><U30/><E114/><V1/><F1/><W4/><G68/><T27/><D2/><U91/><E121/><V76/><F70/><W113/><G113/><T53/><D38/><U41/><E103/><V105/><F65/><W106/><G4/><T43/><D86/><U16/><E132/><V126/><F107/><W69/><G69/><T125/><D125/><U34/><E62/><V15/><F126/><W66/><G127/><T17/><D35/><U7/><E7/><V33/><F33/><W122/><G122/><T3/><D3/><U59/><E59/><V5/><F15/><W71/><G108/><T54/><D67/><U119/><E119/><V123/><F13/><W63/><G116/><T129/><D64/><U61/><E61/><V52/><F123/><W110/><G110/><T37/><D37/><U57/><E57/><V39/><F39/><W112/><G112/><T82/><D129/><U118/><E47/><V72/><REACH who="2" step="1"/><F44/><REACH who="2" ten="376,242,102,270" step="2"/><W90/><G71/><T14/><D14/><U96/><E118/><V94/><F94/><W83/><G106/><T28/><D93/><U32/><E34/><V102/><F102/><W26/><G66/><T134/><D101/><U74/><E96/><V128/><F128/><W124/><G97/><T85/><D99/><U58/><E58/><V109/><F109/><W120/><G56/><T8/><D8/><U115/><E115/><V104/><F104/><W111/><G111/><T133/><D133/><U25/><REACH who="1" step="1"/><E75/><REACH who="1" ten="376,232,102,270" step="2"/><V117/><F117/><W49/><G124/><T130/><D134/><U29/><E29/><V19/><F19/><RYUUKYOKU ba="0,2" sc="376,-15,232,15,102,15,270,-15" hai1="16,22,24,25,30,32,41,45,50,74,77,88,91" hai2="5,11,12,21,23,52,55,72,76,80,98,100,105" /><INIT seed="1,1,2,3,0,128" ten="361,247,117,255" oya="1" hai0="38,122,42,64,0,134,15,78,71,109,63,28,22" hai1="114,18,56,37,95,9,24,84,135,101,76,131,81" hai2="50,103,112,111,36,96,68,2,77,126,3,86,40" hai3="87,54,133,8,7,30,32,49,127,19,1,100,35"/><U61/><E114/><V6/><F112/><W29/><G100/><T23/><D0/><U123/><E123/><V31/><F36/><W39/><G39/><T12/><D78/><U92/><E37/><V89/><F77/><W73/><G73/><T121/><D109/><U60/><E131/><V107/><F68/><W82/><G127/><T115/><D115/><U67/><E101/><V17/><F111/><W88/><G133/><T99/><D99/><U59/><E135/><V10/><F31/><W34/><REACH who="3" step="1"/><G19/><REACH who="3" ten="361,247,117,245" step="2"/><T33/><D134/><U132/><E132/><V27/><F126/><W11/><G11/><T105/><D38/><U5/><E18/><V46/><F6/><W102/><G102/><T120/><D105/><U80/><E24/><V104/><F104/><W79/><G79/><T47/><D122/><U129/><E129/><V45/><F27/><W117/><G117/><T44/><D121/><U94/><E9/><V26/><F10/><W125/><G125/><T90/><D120/><U66/><E5/><V51/><F17/><W93/><G93/><T21/><D90/><U65/><REACH who="1" step="1"/><E81/><REACH who="1" ten="361,237,117,245" step="2"/><V41/><REACH who="2" step="1"/><F26/><REACH who="2" ten="361,237,107,245" step="2"/><W124/><G124/><T75/><D28/><U62/><AGARI ba="1,5" hai="56,59,60,61,62,65,66,67,76,80,84,92,94,95" machi="62" ten="40,18000,2" yaku="1,1,2,1,0,1,29,2,8,1,53,0" doraHai="128" doraHaiUra="118" who="1" fromWho="1" sc="361,-61,237,233,107,-61,245,-61" /><INIT seed="1,2,0,0,2,68" ten="300,470,46,184" oya="1" hai0="70,123,11,88,112,58,74,16,27,64,3,54,125" hai1="66,99,47,96,45,23,87,32,101,4,51,49,133" hai2="6,12,81,25,82,13,42,43,19,104,50,21,131" hai3="72,69,57,76,94,85,53,105,36,62,78,75,98"/><U24/><E133/><V31/><F104/><W39/><G69/><T10/><D112/><U93/><E32/><V60/><F131/><W17/><G105/><T128/><D74/><U107/><E4/><V134/><F134/><W15/><G75/><T55/><D128/><U48/><E66/><V2/><F60/><W14/><G72/><T100/><D100/><U40/><E87/><V118/><F118/><W33/><G33/><T114/><D114/><U52/><E51/><V41/><F2/><W59/><G59/><T92/><D125/><U79/><E79/><V124/><F124/><W91/><G15/><T103/><D103/><U130/><E130/><V1/><F1/><W77/><REACH who="3" step="1"/><G98/><REACH who="3" ten="300,470,46,174" step="2"/><T18/><D70/><U0/><E0/><V108/><F108/><W110/><G110/><T80/><D3/><U30/><E107/><V5/><F13/><W117/><G117/><T73/><D73/><U8/><E99/><V127/><F127/><W120/><G120/><T38/><D58/><U129/><E129/><V7/><REACH who="2" step="1"/><F50/><REACH who="2" ten="300,470,36,174" step="2"/><W65/><G65/><T83/><D64/><U115/><E115/><V97/><F97/><W9/><AGARI ba="2,2" hai="9,14,17,36,39,53,57,62,76,77,78,85,91,94" machi="9" ten="30,7900,0" yaku="1,1,0,1,52,2,53,0" doraHai="68" doraHaiUra="126" who="3" fromWho="3" sc="300,-22,470,-41,36,-22,174,105" /><INIT seed="2,0,0,2,2,17" ten="278,429,14,279" oya="2" hai0="80,11,103,18,19,71,32,25,106,10,46,54,40" hai1="130,2,135,124,91,78,113,48,131,38,123,107,37" hai2="0,57,112,122,51,110,34,128,98,72,52,111,66" hai3="129,83,14,63,5,77,114,94,31,79,89,75,43"/><V102/><F112/><W47/><G114/><T104/><D71/><U82/><E113/><V70/><F122/><W116/><G129/><N who="1" m="49162" /><E107/><V86/><F128/><W39/><G77/><T97/><D106/><U95/><E2/><V118/><F72/><W26/><G116/><T59/><D32/><U100/><E100/><V105/><F118/><W68/><G14/><T35/><D35/><U6/><E6/><V3/><F34/><W76/><G5/><T109/><D80/><U84/><E135/><V22/><F86/><W45/><G45/><T12/><D109/><N who="2" m="41482" /><F22/><W56/><G68/><T36/><D25/><U24/><E124/><V1/><F70/><W92/><G79/><T65/><D65/><AGARI ba="0,0" hai="0,1,3,51,52,57,65,66,98,102,105" m="41482" machi="65" ten="40,7700,0" yaku="14,1,10,1,54,1" doraHai="17" who="2" fromWho="0" sc="278,-77,429,0,14,77,279,0" /><INIT seed="2,1,0,1,3,73" ten="201,429,91,279" oya="2" hai0="27,11,122,74,80,120,31,68,61,23,106,12,30" hai1="14,108,83,54,48,37,135,58,81,32,24,133,89" hai2="93,102,17,4,33,75,92,38,77,44,49,62,70" hai3="90,26,95,55,41,99,39,35,105,47,127,16,67"/><V52/><F33/><W124/><G67/><T125/><D106/><U128/><E37/><V88/><F4/><W57/><G105/><T84/><D74/><U130/><E108/><V9/><F38/><W66/><G66/><T3/><D31/><N who="1" m="19559" /><E14/><N who="2" m="7375" /><F70/><W36/><G36/><T18/><D68/><U65/><E65/><V116/><F75/><W72/><G72/><T115/><D61/><U113/><E113/><V21/><F116/><W0/><G0/><T51/><D115/><U20/><E20/><V71/><F71/><W123/><G123/><T40/><D3/><U22/><E22/><V43/><F21/><N who="3" m="13607" /><G35/><T45/><D125/><U19/><E19/><V104/><F104/><W50/><G39/><T132/><D132/><N who="1" m="50763" /><E89/><AGARI ba="1,0" hai="11,12,18,23,27,30,40,45,51,80,84,89,120,122" machi="89" ten="30,1000,0" yaku="7,1" doraHai="73" who="0" fromWho="1" sc="201,13,429,-13,91,0,279,0" /><INIT seed="3,0,0,1,0,92" ten="214,416,91,279" oya="3" hai0="54,13,88,36,11,134,89,110,91,90,125,37,9" hai1="69,113,107,101,66,65,135,16,81,52,130,17,30" hai2="100,12,132,27,82,62,38,49,128,85,1,95,43" hai3="35,94,45,106,39,109,117,115,7,48,25,104,120"/><W93/><G115/><T97/><D110/><U84/><E113/><V86/><F1/><W50/><G117/><T53/><D134/><U112/><E112/><V34/><F38/><W131/><G120/><T99/><D125/><U133/><E30/><V83/><F132/><N who="1" m="50761" /><E130/><V126/><F128/><W28/><G131/><T116/><D116/><U55/><E101/><V73/><F73/><W15/><G39/><N who="0" m="14923" /><D13/><U61/><E107/><V22/><F126/><W21/><G109/><T59/><D59/><U24/><E66/><V118/><F34/><W119/><G119/><T121/><D90/><N who="1" m="51471" /><E24/><V51/><F12/><W123/><G123/><T78/><D78/><U114/><E114/><V76/><F118/><W8/><G35/><T64/><D64/><U124/><E124/><V19/><F43/><W20/><G25/><T96/><D121/><U47/><E47/><V46/><F46/><W129/><G15/><T0/><D0/><U56/><E55/><AGARI ba="0,0" hai="9,11,53,54,55,88,89,91,96,97,99" m="14923" machi="55" ten="40,12000,2" yaku="28,2,52,3,54,1" doraHai="92" who="0" fromWho="1" sc="214,120,416,-120,91,0,279,0" /><INIT seed="4,0,0,1,4,116" ten="334,296,91,279" oya="0" hai0="113,2,3,76,78,19,52,106,38,56,117,132,16" hai1="22,98,42,124,99,54,72,126,87,62,58,112,110" hai2="50,105,66,129,45,26,64,68,44,133,97,125,134" hai3="24,1,31,121,82,46,41,79,92,17,20,95,14"/><T9/><D117/><U29/><E110/><V18/><F18/><W93/><G1/><T57/><D106/><U103/><E72/><V67/><F26/><W104/><G104/><T37/><D113/><U25/><E112/><V5/><F5/><W61/><G61/><T122/><D122/><U84/><E42/><V131/><F97/><W36/><G121/><T40/><D40/><U114/><E114/><V101/><F101/><W34/><REACH who="3" step="1"/><G95/><REACH who="3" ten="334,296,91,269" step="2"/><T70/><D3/><U74/><E126/><V85/><F105/><W35/><G35/><T15/><D2/><U0/><E0/><V59/><F125/><W4/><G4/><T53/><D70/><U47/><E124/><V90/><F68/><W128/><G128/><N who="2" m="49225" /><F90/><W69/><G69/><T80/><D78/><U7/><E103/><V118/><F118/><W94/><G94/><T6/><D76/><U13/><E99/><V48/><F85/><AGARI ba="0,1" hai="14,17,20,24,31,34,36,41,46,79,82,85,92,93" machi="85" ten="30,2000,0" yaku="1,1,7,1,53,0" doraHai="116" doraHaiUra="107" who="3" fromWho="2" sc="334,0,296,0,91,-20,269,30" /><INIT seed="5,0,0,3,5,115" ten="334,296,71,299" oya="1" hai0="134,78,85,98,84,109,17,50,103,58,106,83,65" hai1="66,101,41,8,119,93,26,95,13,105,0,47,10" hai2="51,104,132,126,15,117,76,110,91,97,68,56,43" hai3="88,12,90,135,70,133,113,57,107,30,118,44,94"/><U128/><E128/><V23/><F110/><W131/><G70/><T73/><D109/><U87/><E0/><V127/><F68/><W32/><G107/><T92/><D134/><U21/><E66/><V64/><F76/><W36/><G131/><T38/><D38/><U16/><E119/><V108/><F108/><W112/><G57/><T124/><D124/><U69/><E69/><V33/><F33/><W74/><G74/><T81/><D17/><U54/><E54/><V40/><F132/><N who="3" m="50763" /><G12/><T52/><D65/><U24/><E10/><V5/><F117/><W49/><G36/><T71/><D71/><U42/><E26/><V99/><F104/><W116/><G90/><T102/><D106/><U67/><E67/><V4/><F64/><W46/><G46/><T1/><D1/><U7/><E87/><V35/><F35/><W129/><G129/><T6/><D73/><U37/><REACH who="1" step="1"/><E42/><REACH who="1" ten="334,286,71,299" step="2"/><V55/><F43/><N who="3" m="24735" /><G112/><T80/><D85/><U59/><E59/><V27/><F40/><W120/><G113/><T96/><D84/><U77/><E77/><V34/><F126/><W48/><G120/><T14/><D78/><U111/><E111/><V2/><F127/><W45/><G45/><T62/><D58/><U25/><E25/><V89/><F2/><W123/><G123/><T53/><D53/><U63/><E63/><V9/><F9/><W3/><G3/><T75/><D62/><U31/><E31/><N who="2" m="19839" /><F15/><W121/><G121/><T39/><D14/><U18/><E18/><V19/><F19/><W11/><G116/><T130/><D130/><U20/><E20/><RYUUKYOKU ba="0,1" sc="334,-10,286,30,71,-10,299,-10" hai1="7,8,13,16,21,24,37,41,47,93,95,101,105" /><INIT seed="5,1,1,5,5,105" ten="324,316,61,289" oya="1" hai0="52,20,129,51,1,60,26,17,82,55,106,53,61" hai1="79,16,97,124,18,28,62,40,63,9,58,133,13" hai2="74,21,49,47,6,32,91,37,72,65,104,132,125" hai3="101,27,43,41,122,75,31,30,50,80,99,68,4"/><U39/><E28/><V121/><F121/><W128/><G122/><T102/><D1/><U34/><E34/><V88/><F32/><W12/><G68/><T19/><D129/><U54/><E133/><V59/><F104/><W113/><G113/><T0/><D0/><U111/><E124/><V81/><F6/><W119/><G128/><T87/><D102/><U76/><E111/><V44/><F37/><W33/><G31/><N who="0" m="17863" /><D106/><U36/><E97/><V2/><F2/><W107/><G119/><T126/><D51/><U100/><E100/><V96/><F125/><W14/><G50/><T23/><D126/><U93/><E93/><V71/><F71/><W35/><G35/><T112/><D19/><U29/><E29/><V114/><F132/><W45/><G4/><T3/><D3/><U103/><E103/><V115/><F21/><W118/><G118/><T22/><D22/><U92/><E92/><N who="2" m="56327" /><F47/><W94/><G45/><T11/><D11/><U5/><E63/><N who="2" m="38143" /><F81/><W135/><G135/><T78/><D112/><N who="2" m="43050" /><F91/><W69/><G107/><T66/><D66/><U98/><E39/><V25/><F25/><AGARI ba="1,1" hai="17,23,25,52,53,55,60,61,78,82,87" m="17863" machi="25" ten="30,2000,0" yaku="8,1,54,1" doraHai="105" who="0" fromWho="2" sc="324,33,316,0,61,-23,289,0" /><INIT seed="6,0,0,5,2,115" ten="357,316,38,289" oya="2" hai0="30,106,51,1,117,23,6,70,8,105,43,83,16" hai1="48,14,28,34,12,126,19,61,120,88,127,26,78" hai2="130,52,87,18,0,76,32,24,84,55,33,54,4" hai3="107,46,7,116,17,131,123,15,75,58,2,59,60"/><V134/><F134/><W38/><G123/><T68/><D30/><U62/><E78/><V77/><F130/><W74/><G107/><T27/><D106/><U90/><E48/><V94/><F0/><W97/><G59/><T47/><D105/><U121/><E19/><V71/><F4/><W5/><G131/><T93/><D117/><U9/><E9/><V102/><F71/><W45/><G97/><T63/><D63/><N who="1" m="24075" /><E26/><V96/><F32/><W128/><G128/><T98/><REACH who="0" step="1"/><D83/><REACH who="0" ten="347,316,38,289" step="2"/><U85/><E28/><V91/><F33/><W82/><G116/><T64/><D64/><U132/><E34/><V81/><REACH who="2" step="1"/><F84/><REACH who="2" ten="347,316,28,289" step="2"/><W73/><G73/><T49/><D49/><U79/><E85/><V122/><F122/><W42/><G75/><T89/><AGARI ba="0,2" hai="1,6,8,16,23,27,43,47,51,68,70,89,93,98" machi="89" ten="20,8000,1" yaku="1,1,0,1,7,1,54,1,53,1" doraHai="115" doraHaiUra="41" who="0" fromWho="0" sc="347,100,316,-20,28,-40,289,-20" owari="447,54.0,296,10.0,-12,-51.0,269,-13.0" /></mjloggm>