<mjloggm ver="2.3"><GO type="169" lobby="0"/><UN n0="%E3%83%AD%E3%83%83%E3%82%BD" n1="%7A%65%52%6F" n2="%E8%91%B5%E3%81%A1%E3%82%83%E3%82%93" n3="%45%75%6D%65%6E%65%73" dan="17,18,16,17" rate="2169.35,2163.27,2110.06,2180.18" sx="F,M,M,M"/><TAIKYOKU oya="0"/><INIT seed="0,0,0,5,2,77" ten="250,250,250,250" oya="0" hai0="23,5,47,111,20,43,30,87,48,21,10,18,106" hai1="60,110,118,66,15,31,107,64,82,1,46,62,125" hai2="84,100,34,129,4,24,122,72,131,3,94,32,133" hai3="12,44,86,120,59,58,114,67,103,8,38,56,39"/><T81/><D106/><U52/><E118/><V90/><F122/><W41/><G120/><T123/><D123/><U55/><E1/><V11/><F133/><W33/><G114/><T80/><D111/><U108/><E107/><V28/><F72/><W99/><G33/><T92/><D30/><U101/><E101/><V97/><REACH who="2" step="1"/><F34/><REACH who="2" ten="250,250,240,250" step="2"/><W128/><G128/><T132/><D132/><U61/><E110/><V49/><F49/><W104/><G38/><T16/><D92/><AGARI ba="0,1" hai="3,4,11,24,28,32,84,90,92,94,97,100,129,131" machi="92" ten="40,1300,0" yaku="1,1,53,0" doraHai="77" doraHaiUra="42" who="2" fromWho="0" sc="250,-13,250,0,240,23,250,0" /><INIT seed="1,0,0,0,5,95" ten="237,250,263,250" oya="1" hai0="135,127,38,27,100,129,34,122,81,90,110,11,3" hai1="125,55,123,87,41,40,77,99,94,15,1,86,2" hai2="126,52,61,128,66,12,21,76,47,85,26,102,89" hai3="14,32,75,104,92,37,112,50,65,24,121,69,45"/><U30/><E123/><V73/><F126/><W16/><G75/><T115/><RYUUKYOKU type="yao9" ba="0,0" sc="237,0,250,0,263,0,250,0" hai0="3,11,27,34,38,81,90,100,110,115,122,127,129,135" /><INIT seed="1,1,0,5,5,117" ten="237,250,263,250" oya="1" hai0="0,31,79,28,66,61,71,86,8,108,54,43,58" hai1="114,109,100,6,123,80,127,21,40,32,45,130,1" hai2="77,85,18,63,46,122,56,34,92,90,11,131,59" hai3="81,83,35,38,62,41,60,95,105,88,104,15,24"/><U134/><E114/><V132/><F131/><W2/><G2/><T30/><D108/><U17/><E100/><V57/><F34/><W74/><G38/><T75/><D75/><U107/><E107/><V113/><F113/><W48/><G104/><T33/><D43/><U20/><E32/><V102/><F132/><W84/><G105/><T7/><D33/><U26/><E134/><V65/><F102/><W50/><G15/><T98/><D98/><U19/><E130/><V51/><F77/><W67/><G60/><T44/><D44/><U37/><E127/><V13/><REACH who="2" step="1"/><F122/><REACH who="2" ten="237,250,253,250" step="2"/><W115/><G115/><T64/><D79/><U91/><E123/><V93/><F93/><W94/><G95/><T116/><D116/><U96/><E109/><V39/><F39/><W10/><G94/><T112/><D112/><U42/><E37/><V16/><F16/><W68/><G35/><T27/><D31/><U124/><E19/><V101/><F101/><W69/><G81/><T121/><D30/><U47/><E80/><V49/><F49/><W36/><G50/><T82/><D121/><U73/><E17/><V135/><F135/><W76/><G48/><T72/><D28/><U5/><E124/><V110/><F110/><W14/><G83/><T70/><D82/><U52/><E73/><V129/><F129/><W12/><G76/><T87/><D72/><U119/><E119/><V78/><F78/><W22/><G36/><T9/><D87/><U125/><E125/><V118/><F118/><W97/><G84/><T53/><D86/><U99/><E96/><V126/><F126/><RYUUKYOKU ba="1,1" sc="237,-10,250,-10,253,30,250,-10" hai2="11,13,18,46,51,56,57,59,63,65,85,90,92" /><INIT seed="2,2,1,2,3,118" ten="227,240,283,240" oya="2" hai0="60,50,127,12,31,81,111,131,113,110,20,32,11" hai1="0,35,1,73,94,17,105,56,84,52,87,88,6" hai2="45,4,30,134,75,107,124,47,49,26,29,8,55" hai3="9,79,129,27,108,68,48,116,37,2,61,103,46"/><V77/><F107/><W25/><G116/><T22/><D50/><U65/><E73/><V90/><F134/><W114/><G108/><N who="0" m="41515" /><D60/><U76/><E105/><V51/><F124/><W42/><G129/><T82/><D82/><N who="1" m="47559" /><E35/><V44/><F90/><W130/><G130/><T3/><D81/><U33/><E33/><V66/><F77/><W99/><G114/><T115/><D131/><U16/><E1/><V106/><F106/><W96/><G79/><T62/><D62/><N who="1" m="38087" /><E0/><V112/><F75/><W91/><G37/><T24/><D127/><U28/><E28/><V109/><F112/><N who="0" m="43082" /><D3/><U43/><E6/><AGARI ba="2,1" hai="6,11,12,20,22,24,31,32" m="43082,41515" machi="6" ten="30,3900,0" yaku="14,1,34,2" doraHai="118" who="0" fromWho="1" sc="227,55,240,-45,283,0,240,0" /><INIT seed="3,0,0,0,5,133" ten="282,195,283,240" oya="3" hai0="29,62,38,74,99,43,80,91,65,45,4,85,61" hai1="64,57,56,105,72,67,102,42,131,86,18,129,134" hai2="127,14,111,77,16,25,20,49,41,108,11,79,34" hai3="2,128,7,125,70,33,75,27,39,96,87,106,89"/><W94/><G128/><N who="1" m="49226" /><E72/><V110/><F127/><W126/><G39/><T50/><D74/><U117/><E86/><V116/><F116/><W82/><G70/><T35/><D4/><U44/><E18/><V28/><F41/><W37/><G37/><T5/><D5/><U31/><E31/><V24/><REACH who="2" step="1"/><F49/><REACH who="2" ten="282,195,273,240" step="2"/><W135/><G135/><T46/><D50/><U93/><E134/><V26/><F26/><W78/><G27/><T122/><D43/><U109/><E42/><V66/><F66/><W112/><G112/><T100/><D65/><U69/><E67/><V97/><F97/><W12/><G2/><T118/><D118/><U123/><E64/><V115/><F115/><W55/><G55/><T119/><D119/><U9/><E117/><V30/><AGARI ba="0,1" hai="11,14,16,20,24,25,28,30,34,77,79,108,110,111" machi="30" ten="40,8000,1" yaku="1,1,0,1,14,1,54,1,53,0" doraHai="133" doraHaiUra="58" who="2" fromWho="2" sc="282,-20,195,-20,273,90,240,-40" /><INIT seed="4,0,0,5,0,83" ten="262,175,363,200" oya="0" hai0="37,114,13,43,100,104,117,55,50,89,98,78,21" hai1="6,128,0,46,52,102,108,31,71,12,106,107,123" hai2="94,134,33,38,86,80,1,3,96,124,2,64,62" hai3="34,54,110,109,122,41,126,57,24,18,63,93,19"/><T15/><D114/><U53/><E123/><V70/><F124/><W132/><G126/><T47/><D117/><U81/><E108/><V58/><F134/><W35/><G132/><T97/><D78/><U66/><E0/><V75/><F38/><W36/><G122/><T8/><D21/><U27/><E128/><V60/><F33/><W76/><G76/><T125/><D125/><U118/><E66/><V133/><F75/><W127/><G127/><T51/><D15/><U77/><E71/><V10/><F133/><W17/><G41/><T74/><D74/><U84/><E118/><V99/><F10/><W11/><G36/><T68/><D68/><U121/><E121/><V119/><F119/><W25/><G93/><T135/><D135/><U7/><E102/><V95/><F95/><W113/><G113/><T26/><D26/><U65/><E65/><V49/><F49/><W72/><G72/><T105/><D55/><U82/><E82/><V23/><F23/><W85/><G11/><T69/><D69/><U56/><E53/><V67/><REACH who="2" step="1"/><F94/><REACH who="2" ten="262,175,353,200" step="2"/><W44/><G109/><T16/><D105/><U42/><E107/><V14/><F14/><W90/><G110/><T9/><D8/><U131/><E12/><V28/><F28/><W73/><G73/><T48/><D98/><U129/><E106/><V130/><F130/><N who="1" m="49673" /><E31/><V40/><F40/><W103/><G25/><T111/><D111/><U22/><E22/><V4/><F4/><W45/><G24/><T30/><D30/><U39/><E27/><V116/><F116/><W92/><G34/><T32/><D32/><RYUUKYOKU ba="0,1" sc="262,10,175,10,353,10,200,-30" hai0="9,13,16,37,43,47,48,50,51,89,97,100,104" hai1="6,7,39,42,46,52,56,77,81,84" hai2="1,2,3,58,60,62,64,67,70,80,86,96,99" /><INIT seed="4,1,1,5,3,100" ten="272,185,363,170" oya="0" hai0="119,89,9,70,83,57,131,81,58,56,8,102,64" hai1="135,93,27,114,132,67,19,4,2,42,90,125,73" hai2="94,97,31,69,130,121,26,104,60,105,95,113,10" hai3="51,15,63,49,68,82,0,55,50,62,66,47,12"/><T37/><D119/><U134/><E73/><V108/><F108/><W61/><G0/><T22/><D37/><U128/><E125/><V74/><F121/><W28/><G28/><T118/><D118/><U78/><E78/><V24/><F74/><W79/><G82/><T84/><D131/><U39/><E67/><V117/><F117/><W107/><G79/><T30/><D102/><U65/><E65/><V71/><F60/><N who="3" m="40007" /><G15/><T85/><D70/><U48/><E39/><V111/><F111/><W75/><G12/><T127/><D127/><U103/><E103/><V11/><F113/><W38/><G107/><T96/><D96/><U13/><E27/><V44/><F44/><N who="3" m="28071" /><G75/><T53/><D53/><U40/><E48/><V76/><F76/><W87/><G87/><T17/><D30/><U124/><E114/><V126/><F31/><W32/><G32/><T14/><D64/><U6/><E128/><V59/><F59/><W129/><G129/><T35/><REACH who="0" step="1"/><D35/><REACH who="0" ten="262,185,363,170" step="2"/><U43/><E124/><V54/><F126/><W29/><G29/><T3/><D3/><U123/><E2/><V92/><F130/><W46/><G46/><T36/><D36/><U120/><E120/><V20/><F97/><W33/><G33/><T21/><D21/><N who="1" m="11503" /><E123/><V41/><F20/><W91/><G91/><AGARI ba="1,2" hai="8,9,14,17,22,56,57,58,81,83,84,85,89,91" machi="91" ten="40,7700,0" yaku="1,1,9,1,8,1,53,0" doraHai="100" doraHaiUra="112" who="0" fromWho="3" sc="262,100,185,0,363,0,170,-80" /><INIT seed="4,2,0,4,0,131" ten="362,185,363,90" oya="0" hai0="62,66,2,101,118,47,108,21,57,76,134,115,45" hai1="114,43,4,61,46,90,128,37,82,41,39,81,16" hai2="97,85,53,69,7,132,63,17,38,73,30,49,71" hai3="27,0,84,120,68,123,25,83,130,26,117,121,96"/><T125/><D118/><U31/><E128/><V88/><F73/><W100/><G117/><T67/><D2/><U95/><E4/><V36/><F7/><W19/><G68/><T129/><D129/><U54/><E31/><V110/><F110/><W104/><G130/><T98/><D115/><U33/><E33/><V32/><F97/><W135/><G0/><T12/><D125/><U126/><E126/><V91/><F17/><W75/><G75/><T8/><D76/><U65/><E54/><V13/><F13/><W35/><G19/><T64/><D108/><U50/><E114/><V103/><F103/><W42/><G42/><T6/><D134/><U44/><E50/><V48/><F63/><W56/><G56/><T3/><D21/><U74/><E16/><V9/><F9/><W109/><G109/><T127/><D127/><U14/><E14/><V112/><F85/><W29/><REACH who="3" step="1"/><G135/><REACH who="3" ten="362,185,363,80" step="2"/><T1/><D1/><U99/><E74/><V89/><F71/><AGARI ba="2,1" hai="37,39,41,43,44,46,61,65,71,81,82,90,95,99" machi="71" ten="30,2000,0" yaku="7,1,9,1" doraHai="131" who="1" fromWho="2" sc="362,0,185,36,363,-26,80,0" /><INIT seed="5,0,0,0,0,93" ten="362,221,337,80" oya="1" hai0="96,18,46,66,3,0,41,39,89,83,94,34,102" hai1="24,131,58,12,13,31,10,23,130,43,72,112,98" hai2="88,36,129,48,80,32,125,92,65,123,14,61,17" hai3="82,62,44,16,116,42,11,30,90,38,1,49,84"/><U21/><E72/><V50/><F36/><W25/><G116/><T107/><D34/><U91/><E43/><V110/><F32/><W69/><G38/><T81/><D66/><U85/><E112/><V67/><F110/><W124/><G124/><T86/><D83/><U79/><E79/><V8/><F125/><W100/><G1/><T133/><D133/><U55/><E131/><V7/><F123/><W122/><G122/><T77/><REACH who="0" step="1"/><D18/><REACH who="0" ten="352,221,337,80" step="2"/><U120/><E120/><V111/><F80/><W121/><G121/><T95/><D95/><U64/><E130/><V99/><F129/><W104/><G82/><T114/><D114/><U27/><E64/><V109/><F109/><W115/><G115/><T4/><D4/><U105/><E105/><V73/><F67/><W59/><G104/><T54/><D54/><U22/><E55/><V70/><F111/><W33/><G33/><T75/><AGARI ba="0,1" hai="0,3,39,41,46,75,77,81,86,89,94,96,102,107" machi="75" ten="20,12000,2" yaku="1,1,0,1,7,1,24,2,52,1,53,1" doraHai="93" doraHaiUra="74" who="0" fromWho="0" sc="352,130,221,-60,337,-30,80,-30" /><INIT seed="6,0,0,2,5,27" ten="482,161,307,50" oya="2" hai0="117,76,21,72,93,96,71,15,14,16,42,59,130" hai1="106,57,55,122,94,121,79,108,90,49,3,43,107" hai2="86,25,111,64,2,12,67,97,88,0,123,11,48" hai3="13,134,98,127,53,132,1,110,84,82,129,102,60"/><V30/><F123/><N who="1" m="47113" /><E108/><V74/><F74/><W65/><G1/><T47/><D71/><U8/><E79/><V68/><F111/><W63/><G110/><T6/><D130/><U19/><E43/><V51/><F97/><W80/><G129/><T101/><D117/><U104/><E19/><V20/><F2/><W109/><G109/><T34/><D34/><U126/><E126/><V125/><F0/><W113/><G113/><T120/><D59/><U75/><E75/><V73/><F73/><W4/><G127/><T115/><D15/><U66/><E66/><N who="2" m="25131" /><F68/><W41/><G41/><T5/><D115/><U87/><E104/><V31/><F31/><W124/><G124/><T70/><D101/><U105/><E107/><V78/><F78/><W114/><G114/><T131/><D96/><U50/><E49/><V18/><F125/><W99/><G65/><T103/><D103/><U33/><E33/><V35/><F35/><W81/><G102/><T54/><D131/><U77/><E77/><V28/><F28/><W118/><G118/><T40/><D120/><U119/><E119/><V69/><F69/><W7/><G98/><T92/><D70/><U24/><E24/><V83/><AGARI ba="0,0" hai="11,12,18,20,25,30,48,51,83,86,88" m="25131" machi="83" ten="30,6000,0" yaku="8,1,52,1,54,1" doraHai="27" who="2" fromWho="2" sc="482,-20,161,-20,307,60,50,-20" /><INIT seed="6,1,0,2,5,66" ten="462,141,367,30" oya="2" hai0="110,48,93,41,101,40,70,130,54,56,45,98,21" hai1="114,59,12,131,29,126,5,121,36,108,43,63,61" hai2="3,76,100,6,103,22,52,17,107,89,75,24,47" hai3="65,86,46,39,125,60,78,119,95,81,96,14,11"/><V90/><F3/><W55/><G125/><T28/><D110/><U57/><E108/><V10/><F75/><W73/><G119/><T50/><D70/><U72/><E72/><V67/><F76/><W116/><G116/><T34/><D34/><U37/><E29/><V68/><F67/><W71/><G73/><T49/><D130/><U91/><E91/><V74/><F68/><W134/><G134/><T32/><D32/><U2/><E2/><V133/><F133/><W97/><G95/><T83/><D83/><U111/><E12/><N who="2" m="5207" /><F107/><W129/><G129/><T124/><D124/><U84/><E84/><V106/><F106/><W105/><G105/><T19/><D28/><U77/><E5/><V35/><F35/><W79/><G78/><T18/><D21/><U85/><E85/><V27/><F27/><W23/><G23/><T118/><D118/><U120/><E77/><V33/><F33/><W31/><G31/><T82/><D82/><U128/><E111/><V99/><F74/><W15/><G15/><T58/><D58/><U64/><E64/><V38/><F38/><W42/><REACH who="3" step="1"/><G55/><REACH who="3" ten="462,141,367,20" step="2"/><T20/><D20/><U51/><E126/><V53/><F53/><W92/><G92/><T69/><D93/><U88/><E131/><V115/><F52/><W122/><G122/><T8/><D54/><U113/><E128/><V117/><F117/><W135/><G135/><T80/><D80/><U4/><E121/><V16/><F22/><W25/><G25/><T13/><D13/><U0/><E120/><V62/><F24/><W1/><G1/><T104/><D104/><RYUUKYOKU ba="1,1" sc="462,-10,141,-10,367,-10,20,30" hai3="11,14,39,42,46,60,65,71,79,81,86,96,97" /><INIT seed="7,2,1,2,0,48" ten="452,131,357,50" oya="3" hai0="134,41,91,102,83,59,135,30,49,63,127,88,51" hai1="45,24,79,43,53,104,113,95,109,85,44,78,23" hai2="14,99,16,129,9,84,66,60,130,87,105,81,133" hai3="18,27,33,68,15,86,125,71,12,90,92,131,39"/><W28/><G125/><T35/><D102/><U29/><E104/><V112/><F112/><W114/><G114/><T106/><D106/><U116/><E109/><V97/><F133/><N who="0" m="50698" /><D127/><U5/><E113/><V80/><F87/><W132/><G132/><T37/><D37/><U75/><E75/><V11/><F11/><W46/><G131/><N who="2" m="50185" /><F105/><W115/><G115/><T126/><D126/><U34/><E116/><V8/><F8/><W4/><G4/><T128/><D128/><U70/><E70/><N who="2" m="42311" /><F81/><W110/><G110/><T117/><D41/><U123/><E43/><V56/><F56/><W57/><G12/><T89/><D83/><U77/><E85/><V26/><F26/><W32/><G32/><T50/><D117/><U21/><E5/><V42/><F42/><W36/><G46/><T74/><D74/><U47/><E47/><V58/><F58/><W108/><G108/><T2/><D2/><U54/><E45/><V64/><F64/><W76/><G57/><T101/><D35/><U6/><E44/><V40/><F40/><W120/><G120/><T107/><D107/><U67/><E67/><V72/><F72/><W1/><G1/><T7/><D7/><U0/><E123/><V121/><F121/><W103/><G103/><T65/><D101/><U94/><E6/><V17/><F17/><W13/><G13/><T124/><D124/><U19/><E0/><V31/><F31/><AGARI ba="2,1" hai="30,31,49,50,51,59,63,65,88,89,91" m="50698" machi="31" ten="40,2600,0" yaku="20,1,54,1" doraHai="48" who="0" fromWho="2" sc="452,42,131,0,357,-32,50,0" owari="494,59.0,131,-27.0,325,13.0,50,-45.0" /></mjloggm>