<mjloggm ver="2.3"><GO type="169" lobby="0"/><UN n0="%51%6F%6F%E5%9D%8A" n1="%E5%88%A5%E5%BD%93" n2="%E3%83%97%E3%83%AC%E3%82%B9%E3%83%97" n3="%67%61%79%75%6E%79" dan="16,17,17,16" rate="2122.14,2160.33,2161.30,2094.26" sx="M,M,M,M"/><TAIKYOKU oya="0"/><INIT seed="0,0,0,5,4,64" ten="250,250,250,250" oya="0" hai0="26,18,33,80,120,50,90,53,54,97,130,29,10" hai1="28,47,34,117,27,109,41,108,48,43,101,12,121" hai2="95,127,98,14,70,81,111,49,100,15,57,83,1" hai3="115,73,63,37,21,22,113,87,134,7,19,36,69"/><T38/><D38/><U35/><E117/><V5/><F111/><W68/><G73/><T112/><D120/><U75/><E121/><V105/><F127/><W93/><G7/><T13/><D112/><U116/><E116/><V99/><F1/><W102/><G63/><T42/><D130/><U4/><E75/><V106/><F5/><W72/><G72/><T59/><D42/><U88/><E101/><V84/><F57/><W45/><G102/><T30/><D30/><U129/><E129/><V118/><F49/><W89/><G134/><T58/><D97/><U126/><E126/><V114/><F114/><W52/><G115/><T85/><REACH who="0" step="1"/><D53/><REACH who="0" ten="240,250,250,250" step="2"/><U23/><E43/><V51/><F118/><W119/><G52/><T31/><D31/><U25/><E28/><V82/><F99/><W20/><G37/><T110/><D110/><U9/><E108/><V71/><F98/><W17/><G113/><T131/><D131/><U76/><E109/><V92/><F105/><W78/><G119/><T86/><D86/><U3/><E41/><V104/><F84/><W107/><G107/><T6/><D6/><U122/><E122/><V46/><F104/><W123/><G123/><T128/><D128/><U61/><E4/><V103/><F106/><W24/><G36/><T125/><D125/><U11/><E35/><V0/><F0/><W91/><G87/><T132/><D132/><U60/><E34/><V66/><F103/><W40/><G40/><T56/><AGARI ba="0,1" hai="10,13,18,26,29,33,50,54,56,58,59,80,85,90" machi="56" ten="20,7800,0" yaku="1,1,0,1,7,1,53,1" doraHai="64" doraHaiUra="8" who="0" fromWho="0" sc="240,88,250,-26,250,-26,250,-26" /><INIT seed="0,1,0,3,4,81" ten="328,224,224,224" oya="0" hai0="8,25,82,131,110,57,76,59,69,31,99,103,123" hai1="9,36,88,49,135,77,18,29,11,85,128,64,127" hai2="2,105,100,98,121,30,83,129,75,84,40,118,67" hai3="45,12,96,58,125,0,95,46,7,108,27,115,113"/><T62/><D123/><U28/><E36/><V38/><F121/><W48/><G108/><T73/><D131/><U106/><E106/><V20/><F2/><W134/><G125/><T92/><D110/><U78/><E135/><V51/><F38/><W23/><G134/><T44/><D44/><U5/><E127/><V52/><F40/><W86/><G0/><T111/><D111/><U101/><E5/><V107/><F75/><W102/><G58/><T24/><D24/><U16/><E101/><V90/><F118/><W119/><G119/><T61/><D8/><N who="1" m="3147" /><E64/><V79/><F67/><W94/><G12/><T4/><D4/><U126/><E128/><V14/><F129/><W97/><G7/><T1/><D1/><U104/><E104/><V19/><F30/><N who="1" m="11881" /><E49/><V89/><REACH who="2" step="1"/><F107/><REACH who="2" ten="328,224,214,224" step="2"/><W80/><G115/><T60/><REACH who="0" step="1"/><D69/><REACH who="0" ten="318,224,214,224" step="2"/><U39/><E126/><V56/><AGARI ba="1,2" hai="14,19,20,51,52,56,79,83,84,89,90,98,100,105" machi="56" ten="20,12000,2" yaku="1,1,2,1,0,1,7,1,52,1,54,1,53,0" doraHai="81" doraHaiUra="133" who="2" fromWho="2" sc="318,-61,224,-31,214,143,224,-31" /><INIT seed="1,0,0,1,0,43" ten="257,193,357,193" oya="1" hai0="96,8,77,113,78,118,63,57,93,3,72,52,47" hai1="86,18,61,117,124,15,131,101,22,64,55,42,95" hai2="127,89,25,28,122,49,17,98,21,70,105,37,24" hai3="44,106,126,82,119,69,5,27,36,129,75,10,9"/><U90/><E131/><V120/><F37/><W108/><G10/><T104/><D113/><U132/><E124/><V14/><F127/><W35/><G44/><T30/><D118/><U16/><E132/><V66/><F25/><W45/><G45/><T53/><D104/><U56/><E117/><V123/><F49/><W39/><G82/><T32/><D32/><U91/><E42/><V26/><F26/><W71/><G9/><T134/><D30/><U31/><E101/><V133/><F133/><W84/><G84/><T115/><D115/><U112/><E112/><V29/><F29/><W51/><G51/><N who="0" m="28799" /><D3/><U40/><E40/><V110/><F110/><W128/><G5/><T68/><D68/><U87/><E31/><V135/><F135/><W109/><G27/><T125/><D125/><U76/><E18/><V34/><F89/><W0/><G126/><T92/><D72/><U13/><E76/><N who="0" m="29289" /><D134/><U33/><E33/><V1/><F1/><W4/><G119/><T94/><D8/><U38/><E38/><N who="3" m="14378" /><G35/><T65/><D65/><U58/><E64/><V79/><F79/><W20/><G20/><T74/><D74/><U100/><E100/><AGARI ba="0,0" hai="53,57,63,92,93,94,96,100" m="29289,28799" machi="100" ten="30,3900,0" yaku="8,1,52,1,54,1" doraHai="43" who="0" fromWho="1" sc="257,39,193,-39,357,0,193,0" /><INIT seed="2,0,0,4,2,20" ten="296,154,357,193" oya="2" hai0="9,36,64,100,108,19,2,33,85,53,24,48,113" hai1="127,59,122,40,58,80,17,70,121,60,61,81,5" hai2="93,112,14,97,27,15,84,103,32,39,10,78,67" hai3="31,30,6,12,126,117,90,28,23,88,135,63,87"/><V13/><F112/><W1/><G117/><T62/><D36/><U42/><E5/><V68/><F39/><W57/><G135/><T92/><D113/><U29/><E29/><V107/><F68/><W25/><G126/><T74/><D74/><U76/><E70/><V47/><F67/><W75/><G75/><T120/><D120/><U50/><E17/><V41/><F10/><N who="3" m="4183" /><G1/><T54/><D2/><U129/><E50/><V89/><F78/><W35/><G35/><T51/><D51/><U3/><E3/><V96/><F47/><W115/><G115/><T43/><D43/><U26/><E129/><V134/><F134/><W86/><G86/><T37/><D37/><U102/><E102/><V119/><F119/><W109/><G109/><T124/><D124/><U130/><E127/><V79/><F41/><W0/><G0/><T22/><D33/><U91/><E91/><N who="3" m="34858" /><G87/><T69/><D85/><U101/><E101/><V49/><F79/><W7/><G7/><T77/><D77/><U55/><E76/><V8/><F8/><W45/><G45/><T4/><D108/><U132/><E132/><V99/><REACH who="2" step="1"/><F49/><REACH who="2" ten="296,154,347,193" step="2"/><W105/><G105/><T125/><D48/><U95/><E40/><V104/><F104/><W131/><G131/><T65/><D125/><U82/><E42/><V98/><F98/><W46/><G46/><T94/><D69/><U66/><E130/><V114/><F114/><W72/><G72/><T73/><D73/><U21/><E122/><V123/><F123/><W71/><G71/><T52/><D9/><U83/><N who="1" m="20480" /><DORA hai="110" /><U118/><E121/><RYUUKYOKU ba="0,1" sc="296,-15,154,-15,347,15,193,15" hai2="13,14,15,27,32,84,89,93,96,97,99,103,107" hai3="23,25,28,30,31,57,63" /><INIT seed="2,1,1,4,5,55" ten="281,139,362,208" oya="2" hai0="122,135,109,77,28,71,13,115,23,70,27,16,39" hai1="123,134,14,107,94,90,82,79,117,48,128,98,5" hai2="25,45,105,9,72,15,91,11,92,64,100,43,118" hai3="106,116,57,63,19,65,24,1,74,40,130,22,87"/><V49/><F118/><W34/><G116/><T88/><D122/><U110/><E117/><V126/><F126/><W4/><G130/><T66/><D115/><U36/><E36/><V69/><F72/><W0/><G74/><T89/><D39/><U76/><E128/><V18/><F105/><W124/><G106/><T121/><D121/><U99/><E123/><V125/><F125/><W62/><G124/><T20/><D135/><U41/><E134/><V33/><F100/><W104/><G104/><T81/><D109/><U108/><E107/><V127/><F127/><W26/><G4/><T8/><D66/><U3/><E3/><V80/><F80/><W6/><G6/><T93/><D23/><U67/><E99/><V111/><F111/><N who="1" m="42537" /><E67/><V7/><F64/><W112/><G112/><T32/><D89/><U21/><E21/><V75/><F75/><W2/><G40/><T114/><D114/><U38/><E38/><V103/><F103/><W85/><REACH who="3" step="1"/><G63/><REACH who="3" ten="281,139,362,198" step="2"/><T31/><D32/><U29/><E41/><V44/><F33/><W47/><G47/><T68/><D31/><AGARI ba="1,2" hai="0,1,2,19,22,24,26,31,34,57,62,65,85,87" machi="31" ten="40,5200,0" yaku="1,1,52,1,53,1" doraHai="55" doraHaiUra="54" who="3" fromWho="0" sc="281,-55,139,0,362,0,198,75" /><INIT seed="3,0,0,2,3,129" ten="226,139,362,273" oya="3" hai0="60,106,78,79,99,119,9,102,30,59,53,25,81" hai1="90,35,56,77,39,117,58,3,2,1,57,127,27" hai2="93,43,49,44,113,38,36,50,74,118,55,6,110" hai3="80,52,20,130,133,37,124,8,32,92,42,7,116"/><W68/><G116/><T22/><D119/><U122/><E117/><V40/><F118/><RYUUKYOKU type="kaze4" ba="0,0" sc="226,0,139,0,362,0,273,0" /><INIT seed="3,1,0,2,4,19" ten="226,139,362,273" oya="3" hai0="33,21,37,124,44,68,111,88,4,62,109,79,87" hai1="64,114,38,14,5,30,61,86,115,6,58,113,128" hai2="26,112,17,96,116,126,63,85,11,78,76,105,16" hai3="117,130,123,135,52,102,90,119,43,133,91,23,104"/><W22/><G123/><T1/><D33/><U29/><E38/><V89/><F116/><W92/><G43/><N who="0" m="22639" /><D79/><U98/><E128/><V50/><F112/><W110/><G130/><T25/><D4/><U47/><E47/><V131/><F126/><W45/><G110/><N who="0" m="41995" /><D1/><U122/><E122/><V84/><F131/><W28/><G28/><T80/><D124/><U77/><E98/><V81/><F50/><N who="3" m="28751" /><G102/><T65/><D25/><U120/><E120/><V56/><F17/><W53/><G53/><T101/><D101/><U71/><E113/><V82/><F105/><W93/><G104/><T20/><AGARI ba="1,0" hai="20,21,62,65,68,80,87,88" m="41995,22639" machi="20" ten="30,7900,0" yaku="14,1,52,2,54,1" doraHai="19" who="0" fromWho="0" sc="226,82,139,-21,362,-21,273,-40" /><INIT seed="4,0,0,5,4,32" ten="308,118,341,233" oya="0" hai0="79,51,37,134,31,55,17,7,33,48,11,67,22" hai1="94,108,61,117,103,28,1,16,120,8,124,35,20" hai2="90,84,41,62,4,21,56,121,38,9,127,85,75" hai3="128,110,59,36,104,74,77,44,12,113,46,43,27"/><T45/><D37/><U92/><E117/><V125/><F75/><W14/><G113/><T91/><D134/><U82/><E120/><V15/><F121/><W130/><G110/><T132/><D132/><U73/><E108/><V129/><F129/><N who="3" m="49771" /><G104/><T6/><D67/><U18/><E124/><N who="2" m="47691" /><F21/><W42/><G59/><T13/><D79/><U30/><E103/><V2/><F15/><N who="3" m="5675" /><G27/><N who="0" m="16887" /><D33/><U69/><E35/><V78/><F78/><W119/><G119/><T80/><D48/><U100/><E61/><V50/><F38/><N who="3" m="21591" /><G77/><T88/><D91/><U76/><E76/><V131/><F131/><W107/><G107/><T135/><D135/><U71/><E100/><V70/><F70/><W0/><G0/><T19/><D19/><U29/><E1/><V63/><F90/><W72/><AGARI ba="0,0" hai="36,43,46,72,74" m="21591,5675,49771" machi="72" ten="30,1100,0" yaku="19,1" doraHai="32" who="3" fromWho="3" sc="308,-5,118,-3,341,-3,233,11" /><INIT seed="5,0,0,2,0,47" ten="303,115,338,244" oya="1" hai0="23,73,110,65,7,96,79,29,48,103,72,32,82" hai1="25,120,34,28,38,100,1,125,97,124,61,44,6" hai2="14,31,83,55,46,69,37,22,4,67,15,30,70" hai3="80,91,11,64,18,41,39,53,133,12,75,113,117"/><U9/><E120/><V49/><F37/><W93/><G117/><T13/><D110/><U95/><E61/><V50/><F67/><W114/><G133/><T5/><D32/><U112/><E112/><N who="3" m="43114" /><G64/><T92/><D72/><U102/><E100/><V36/><F36/><W57/><G41/><T129/><D129/><U86/><E86/><V88/><F4/><W84/><G39/><T116/><D116/><U89/><E38/><V21/><F55/><W105/><G105/><T24/><D13/><U122/><E122/><V42/><F46/><W56/><G53/><T126/><D126/><U10/><E9/><V109/><F42/><W121/><G121/><T85/><D73/><U107/><REACH who="1" step="1"/><E44/><REACH who="1" ten="303,105,338,244" step="2"/><V77/><F109/><W87/><G75/><T90/><D103/><U33/><E33/><V68/><F68/><W71/><G71/><T52/><D65/><U108/><E108/><V118/><F118/><W17/><G87/><T81/><D82/><U76/><E76/><V127/><F77/><W98/><G80/><T104/><D104/><U132/><E132/><V74/><F74/><W111/><G84/><T58/><AGARI ba="0,1" hai="5,7,23,24,29,48,52,58,79,81,85,90,92,96" machi="58" ten="20,8000,1" yaku="0,1,7,1,8,1,52,1,54,1" doraHai="47" who="0" fromWho="0" sc="303,90,105,-40,338,-20,244,-20" /><INIT seed="6,0,0,4,4,83" ten="393,65,318,224" oya="2" hai0="20,7,70,85,126,67,31,101,68,63,55,77,72" hai1="40,58,112,60,99,78,53,74,54,113,122,124,84" hai2="134,25,97,19,129,15,88,87,9,44,114,125,30" hai3="41,45,132,76,29,0,131,92,109,18,56,49,11"/><V4/><F114/><W75/><G109/><T80/><D126/><U102/><E74/><V61/><F129/><W51/><G131/><T27/><D7/><U89/><E78/><V90/><F125/><W73/><G132/><T130/><D130/><U118/><E124/><V133/><F61/><W37/><G29/><T69/><D101/><U39/><E118/><V52/><F133/><W5/><G18/><T100/><D72/><U127/><E127/><V111/><F111/><W3/><G3/><T82/><D82/><U23/><E122/><V104/><F134/><W116/><G116/><T96/><REACH who="0" step="1"/><D55/><REACH who="0" ten="383,65,318,224" step="2"/><U13/><E54/><V120/><F120/><W64/><G75/><T26/><D26/><U106/><E40/><V10/><F104/><AGARI ba="0,1" hai="20,27,31,63,67,68,69,70,77,80,85,96,100,104" machi="104" ten="30,3900,0" yaku="1,1,7,1,52,1,53,0" doraHai="83" doraHaiUra="107" who="0" fromWho="2" sc="383,49,65,0,318,-39,224,0" /><INIT seed="7,0,0,5,2,67" ten="432,65,279,224" oya="3" hai0="1,100,103,77,82,57,11,28,94,10,54,129,119" hai1="9,127,105,4,59,38,43,36,75,13,60,46,45" hai2="62,44,79,26,6,61,3,52,99,17,130,47,27" hai3="33,116,114,124,106,128,0,73,107,134,91,65,30"/><W102/><RYUUKYOKU type="yao9" ba="0,0" sc="432,0,65,0,279,0,224,0" hai3="0,30,33,65,73,91,102,106,107,114,116,124,128,134" /><INIT seed="7,1,0,3,2,125" ten="432,65,279,224" oya="3" hai0="67,116,61,95,45,127,107,65,14,30,20,36,122" hai1="75,53,23,0,58,98,88,77,5,4,46,108,68" hai2="129,120,34,93,16,32,76,49,57,83,113,35,52" hai3="10,47,21,13,99,103,29,112,119,90,85,56,7"/><W94/><G119/><T18/><D116/><U11/><E108/><V1/><F129/><W117/><G117/><T78/><D107/><U115/><E115/><V28/><F1/><W22/><G112/><T109/><D109/><U60/><E75/><V135/><F113/><W48/><G56/><T134/><D78/><U92/><E77/><V24/><F135/><W91/><G29/><T70/><D65/><U6/><E68/><V9/><F120/><W26/><G26/><T2/><D2/><U64/><E46/><V43/><F43/><W51/><G91/><T27/><D127/><U86/><E86/><V97/><F16/><W130/><G130/><T40/><D95/><U110/><E64/><V25/><F9/><W104/><G51/><T81/><D81/><U41/><E41/><AGARI ba="1,0" hai="7,10,13,21,22,41,47,48,85,90,94,99,103,104" machi="41" ten="30,1500,0" yaku="7,1" doraHai="125" who="3" fromWho="1" sc="432,0,65,-18,279,0,224,18" /><INIT seed="7,2,0,4,5,5" ten="432,47,279,242" oya="3" hai0="96,35,102,88,50,9,117,41,47,11,15,104,61" hai1="21,53,129,66,89,134,64,128,124,54,110,27,82" hai2="135,59,130,122,13,4,87,121,127,71,112,78,40" hai3="28,133,73,119,26,93,29,25,55,32,31,46,17"/><W115/><G73/><T42/><D35/><U100/><E100/><V131/><F71/><W7/><G119/><T36/><D117/><U113/><E82/><N who="2" m="47575" /><F112/><W1/><G93/><T81/><D61/><U62/><E21/><V98/><F127/><W106/><G106/><T10/><D36/><U23/><E23/><V67/><F135/><W33/><G55/><T18/><D42/><U99/><E27/><N who="3" m="10250" /><G46/><T39/><D39/><U8/><E8/><N who="2" m="4231" /><F40/><W85/><G85/><T51/><D51/><U48/><E134/><V125/><F98/><W3/><G133/><T123/><D123/><N who="2" m="47114" /><F125/><W95/><G95/><T16/><D18/><U77/><E99/><V60/><AGARI ba="2,0" hai="59,60,67,130,131" m="47114,4231,47575" machi="60" ten="30,2000,0" yaku="13,1,52,1" doraHai="5" who="2" fromWho="2" sc="432,-7,47,-7,279,26,242,-12" owari="425,52.0,40,-46.0,305,11.0,230,-17.0" /></mjloggm>