<mjloggm ver="2.3"><GO type="169" lobby="0"/><UN n0="%E3%81%8B%E3%81%A5%E3%81%8D%EF%BC%B8%EF%BC%A9" n1="%E3%81%AA%E3%82%93%E3%81%A1%E3%81%8F%E3%81%AF%E3%82%80" n2="%73%68%6F%35%35%35%35%35" n3="%E3%82%AE%E3%82%AC%E3%83%9E%E3%82%A4%E3%83%B3" dan="16,17,16,16" rate="2082.79,2177.07,2107.54,2143.20" sx="M,M,M,M"/><TAIKYOKU oya="0"/><INIT seed="0,0,0,0,1,38" ten="250,250,250,250" oya="0" hai0="105,121,27,90,134,95,73,96,92,9,37,62,131" hai1="108,94,97,127,67,64,114,74,51,4,100,82,104" hai2="130,99,60,89,98,85,68,48,45,88,110,11,56" hai3="50,125,69,113,109,66,3,53,111,122,103,40,14"/><T1/><D73/><U16/><E108/><V52/><F110/><N who="3" m="41995" /><G3/><T124/><D121/><U129/><E127/><V55/><F130/><W46/><G113/><T112/><D112/><U43/><E129/><V41/><F68/><W116/><G116/><T106/><D124/><U135/><E4/><V47/><F11/><W29/><G125/><T39/><D131/><U115/><E135/><V25/><F25/><W132/><G132/><T8/><D134/><U76/><E115/><V10/><F10/><W70/><G29/><T12/><D1/><U54/><E114/><V80/><F89/><W87/><G103/><T77/><D77/><U120/><E120/><V119/><F119/><W126/><G122/><T44/><D27/><U91/><E16/><V32/><REACH who="2" step="1"/><F32/><REACH who="2" ten="250,250,240,250" step="2"/><W118/><G118/><T15/><D90/><U101/><E101/><V71/><F71/><W13/><G126/><T117/><D117/><U26/><E26/><V57/><F57/><N who="3" m="32951" /><G70/><T5/><D9/><U33/><E33/><V18/><F18/><W31/><G31/><T2/><D8/><U58/><REACH who="1" step="1"/><E43/><REACH who="1" ten="250,240,240,250" step="2"/><V49/><AGARI ba="0,2" hai="41,45,47,48,49,52,55,56,60,80,85,88,98,99" machi="49" ten="20,12000,2" yaku="1,1,0,1,7,1,8,1,52,1,54,2,53,0" doraHai="38" doraHaiUra="63" who="2" fromWho="2" sc="250,-60,240,-30,240,140,250,-30" /><INIT seed="1,0,0,1,2,49" ten="190,210,380,220" oya="1" hai0="91,60,41,15,62,23,118,77,110,97,10,54,131" hai1="11,1,94,59,128,98,130,75,21,95,133,84,38" hai2="125,120,22,96,24,121,46,80,63,64,104,99,93" hai3="89,31,19,124,42,14,71,29,101,20,44,55,108"/><U105/><E38/><V107/><F125/><W79/><G71/><T88/><D118/><U33/><E33/><V51/><F80/><W8/><G124/><T5/><D77/><U81/><E21/><V37/><F37/><W6/><G108/><T83/><D131/><N who="1" m="50219" /><E1/><V7/><F7/><W67/><G67/><T117/><D117/><U90/><E11/><V36/><F36/><W35/><G35/><T2/><D110/><U129/><N who="1" m="50227" /><U111/><DORA hai="57" /><E111/><V48/><F48/><W50/><G101/><T17/><D41/><U4/><E4/><V47/><F47/><W45/><G89/><T9/><D9/><U32/><E32/><V61/><F120/><W134/><G79/><T52/><D2/><U109/><E109/><V53/><F121/><W28/><G134/><T85/><D5/><U13/><E13/><V70/><F99/><W116/><G116/><T69/><D10/><U12/><E12/><V65/><F96/><W103/><G103/><T30/><D30/><U58/><E133/><V72/><F93/><N who="1" m="35337" /><E75/><V119/><F72/><W115/><G115/><T25/><D15/><U34/><E34/><V123/><F123/><W66/><G66/><T73/><D73/><U135/><E135/><V27/><F119/><W3/><REACH who="3" step="1"/><G45/><REACH who="3" ten="190,210,380,210" step="2"/><T122/><D122/><U82/><E82/><V76/><F46/><W0/><G0/><T114/><D114/><U113/><E113/><V40/><F70/><W86/><G86/><N who="0" m="50271" /><D69/><U100/><AGARI ba="0,1" hai="58,59,81,84,90,98,100,105" m="35337,50227" machi="100" ten="50,2400,0" yaku="19,1" doraHai="49,57" who="1" fromWho="1" sc="190,-8,210,34,380,-8,210,-8" /><INIT seed="1,1,0,0,5,99" ten="182,244,372,202" oya="1" hai0="125,47,74,85,106,89,90,42,70,63,77,4,20" hai1="54,13,73,36,114,72,105,35,79,82,69,95,0" hai2="127,103,7,28,21,80,14,98,38,26,135,33,45" hai3="11,61,6,19,134,93,128,119,100,65,23,55,76"/><U56/><E114/><V117/><F117/><W64/><G134/><T108/><D108/><U78/><E105/><V101/><F127/><W94/><G128/><T48/><D106/><U113/><E113/><V96/><F135/><W15/><G76/><T12/><D125/><U53/><E69/><V17/><F80/><W52/><G119/><T107/><D107/><U115/><E115/><V133/><F133/><W9/><G9/><N who="0" m="4135" /><D74/><U67/><E0/><V50/><F38/><W31/><G31/><T86/><D70/><U34/><E36/><V120/><F120/><W68/><G65/><T92/><D77/><U22/><E95/><V5/><F98/><W66/><G66/><T104/><D104/><U131/><E131/><V25/><F96/><W32/><G32/><T102/><D20/><U84/><E67/><V8/><REACH who="2" step="1"/><F7/><REACH who="2" ten="182,244,362,202" step="2"/><W81/><G81/><N who="0" m="49327" /><D63/><U91/><E82/><V83/><F83/><W51/><G93/><T2/><D2/><U129/><E78/><V88/><F88/><W16/><G6/><T1/><D1/><U132/><E91/><V109/><F109/><W87/><G51/><T97/><D97/><U110/><E79/><V59/><F59/><W121/><G121/><T24/><D102/><U58/><E110/><V29/><F29/><W60/><G100/><T130/><D130/><U71/><E129/><V124/><F124/><W43/><G68/><T75/><D75/><U112/><E132/><V46/><F46/><W116/><G116/><T18/><D18/><U40/><E112/><V39/><F39/><W123/><G19/><T57/><D57/><RYUUKYOKU ba="1,1" sc="182,15,244,-15,362,15,202,-15" hai0="24,42,47,48,86,90,92" hai2="5,8,14,17,21,25,26,28,33,45,50,101,103" /><INIT seed="2,2,1,1,1,37" ten="197,229,377,187" oya="2" hai0="50,49,58,106,82,31,92,129,117,17,56,8,16" hai1="91,86,126,78,55,60,69,107,18,135,54,127,41" hai2="114,47,1,62,20,72,27,22,43,105,5,73,70" hai3="116,23,7,71,39,44,122,26,93,111,121,131,21"/><V10/><F114/><W61/><G116/><T76/><D106/><U79/><E107/><V102/><F22/><W66/><G111/><T25/><D117/><U88/><E135/><V95/><F105/><W24/><G131/><T52/><D129/><U125/><E18/><N who="0" m="7273" /><D92/><U13/><E13/><V0/><F0/><W104/><G104/><T96/><D96/><U120/><E120/><V9/><F9/><W133/><G133/><T134/><D8/><U67/><E41/><V36/><F70/><W19/><G7/><T128/><D128/><U77/><REACH who="1" step="1"/><E91/><REACH who="1" ten="197,219,377,187" step="2"/><V83/><F43/><W87/><G122/><T81/><D134/><U124/><N who="1" m="31744" /><DORA hai="109" /><U113/><E113/><V103/><F1/><W99/><G121/><T108/><D108/><U46/><E46/><V90/><BYE who="1" /><F47/><W35/><G44/><T94/><D94/><U38/><E38/><V6/><F36/><W14/><G39/><T34/><D76/><U64/><E64/><V3/><F6/><W28/><G87/><T32/><D32/><U48/><E48/><V84/><F62/><W101/><REACH who="3" step="1"/><G26/><REACH who="3" ten="197,219,377,177" step="2"/><T132/><D132/><U119/><E119/><V51/><F27/><UN n1="%E3%81%AA%E3%82%93%E3%81%A1%E3%81%8F%E3%81%AF%E3%82%80" /><W53/><G53/><N who="0" m="31791" /><D25/><U74/><E74/><V29/><F73/><W123/><G123/><T68/><D52/><U2/><E2/><V11/><F72/><W57/><G57/><T130/><D58/><U98/><E98/><V115/><F5/><W75/><G75/><T42/><D130/><U118/><E118/><V45/><F45/><W85/><G85/><T80/><D68/><U30/><E30/><V100/><F84/><RYUUKYOKU ba="2,3" sc="197,-15,219,15,377,-15,177,15" hai1="54,55,60,67,69,77,78,79,86,88" hai3="14,19,21,23,24,28,35,61,66,71,93,99,101" /><INIT seed="3,3,3,1,2,45" ten="182,234,362,192" oya="3" hai0="7,30,57,49,8,55,118,34,133,54,66,15,97" hai1="0,25,20,130,87,102,19,41,14,52,51,113,79" hai2="109,131,47,103,32,96,50,76,67,2,80,27,99" hai3="64,9,73,90,28,127,71,22,129,111,13,61,53"/><W95/><G73/><T121/><D118/><U43/><E113/><V128/><F2/><W123/><G123/><T17/><D121/><U119/><E0/><V83/><F67/><W5/><G129/><N who="2" m="49737" /><F109/><W120/><G120/><T70/><D133/><U86/><E130/><V3/><F3/><W65/><G127/><T85/><D7/><U98/><E119/><V93/><F76/><W4/><G111/><T63/><D97/><U33/><E33/><V69/><F69/><W78/><G4/><T60/><D34/><U94/><E25/><V59/><F59/><N who="3" m="35055" /><G78/><T81/><D30/><U104/><E104/><V38/><F38/><W62/><G62/><T74/><D74/><U10/><E20/><V117/><F117/><W24/><G71/><T126/><D126/><U39/><E39/><V122/><F122/><W125/><G125/><T23/><D60/><U100/><E100/><V48/><F47/><W135/><G135/><T37/><D37/><U18/><E18/><V89/><F83/><W11/><G11/><T88/><REACH who="0" step="1"/><D55/><REACH who="0" ten="172,234,362,192" step="2"/><U124/><E124/><V44/><F96/><AGARI ba="3,4" hai="5,9,13,22,24,28,64,65,90,95,96" m="35055" machi="96" ten="30,1500,0" yaku="8,1" doraHai="45" who="3" fromWho="2" sc="172,0,234,0,362,-24,192,64" /><INIT seed="3,4,0,5,4,7" ten="172,234,338,256" oya="3" hai0="32,44,14,74,11,125,103,1,15,88,110,60,76" hai1="13,126,120,22,36,134,127,91,92,51,56,18,46" hai2="23,53,5,38,63,70,37,35,41,65,64,57,123" hai3="105,10,59,34,135,85,52,26,116,45,72,121,79"/><W113/><BYE who="1" /><G121/><UN n1="%E3%81%AA%E3%82%93%E3%81%A1%E3%81%8F%E3%81%AF%E3%82%80" /><T2/><D32/><U115/><E120/><V73/><F35/><W67/><G116/><T0/><D110/><U114/><E134/><V40/><F73/><W99/><G113/><T55/><D103/><U3/><E3/><V95/><F95/><W119/><G119/><T130/><D125/><N who="1" m="47627" /><E36/><N who="2" m="13931" /><F23/><W29/><G72/><T50/><D130/><U19/><E19/><V108/><F5/><W48/><G135/><T75/><D76/><U124/><N who="1" m="47635" /><U12/><DORA hai="16" /><E12/><V133/><F133/><W81/><G10/><T6/><D15/><U98/><E56/><V33/><F33/><W106/><G99/><T100/><D100/><U54/><AGARI ba="4,0" hai="13,18,22,46,51,54,91,92,98,114,115" m="47635" machi="54" ten="40,2700,0" yaku="18,1,52,1" doraHai="7,16" who="1" fromWho="1" sc="172,-11,234,39,338,-11,256,-17" /><INIT seed="4,0,0,3,5,56" ten="161,273,327,239" oya="0" hai0="115,38,58,2,54,5,133,130,31,94,99,60,51" hai1="69,16,82,0,66,79,65,70,22,131,34,77,36" hai2="135,29,9,71,27,7,98,93,121,107,3,90,91" hai3="10,44,14,85,72,80,109,132,40,15,124,45,101"/><T84/><D38/><U74/><E131/><V112/><F121/><W89/><G109/><T67/><D115/><U53/><E36/><V68/><F135/><W123/><G132/><T50/><D133/><U17/><E34/><V92/><F107/><W52/><G124/><T118/><D118/><U113/><E0/><V127/><F112/><W35/><G35/><T126/><D126/><U105/><E113/><V13/><F3/><W18/><G123/><T78/><D31/><U103/><E53/><V81/><F81/><W106/><G72/><T6/><D130/><U122/><E122/><V86/><F127/><W110/><G110/><T43/><D43/><U73/><E22/><AGARI ba="0,0" hai="7,9,13,22,27,29,68,71,86,90,91,92,93,98" machi="22" ten="30,1000,0" yaku="7,1" doraHai="56" who="2" fromWho="1" sc="161,0,273,-10,327,10,239,0" /><INIT seed="5,0,0,5,2,86" ten="161,263,337,239" oya="1" hai0="92,69,29,90,8,10,56,118,35,57,61,67,31" hai1="59,22,20,43,9,111,7,64,37,21,94,78,104" hai2="68,128,54,13,33,98,82,4,19,133,26,66,14" hai3="25,58,108,95,121,75,12,62,49,110,93,100,76"/><U6/><E104/><V91/><F68/><W97/><G121/><T80/><D80/><U88/><E111/><V89/><F66/><W113/><G113/><T16/><D118/><U32/><E32/><V131/><F133/><W50/><G75/><T117/><D117/><U28/><E78/><V3/><F3/><W46/><G76/><T2/><D2/><U106/><E106/><V74/><F4/><N who="1" m="1577" /><E37/><V116/><F116/><W123/><G123/><T34/><D34/><U48/><E9/><V5/><F5/><W112/><G112/><T72/><D72/><U79/><E79/><V135/><F135/><W101/><G12/><N who="2" m="4713" /><F98/><W125/><G125/><T115/><D115/><U129/><E129/><N who="2" m="49739" /><F54/><W114/><G114/><T60/><D35/><U96/><E64/><V85/><F74/><W130/><G130/><T65/><D69/><U1/><E1/><V103/><F103/><W105/><G105/><T87/><REACH who="0" step="1"/><D16/><REACH who="0" ten="151,263,337,239" step="2"/><U11/><E28/><AGARI ba="0,1" hai="8,10,28,29,31,56,57,60,61,65,67,87,90,92" machi="28" ten="40,8000,1" yaku="1,1,2,1,9,1,8,1,52,1,53,0" doraHai="86" doraHaiUra="18" who="0" fromWho="1" sc="151,90,263,-80,337,0,239,0" /><INIT seed="6,0,0,2,2,7" ten="241,183,337,239" oya="2" hai0="130,53,59,81,106,113,3,23,61,80,120,30,26" hai1="38,14,135,84,119,97,22,74,0,90,87,8,98" hai2="100,37,134,34,54,63,122,16,48,133,70,128,111" hai3="46,1,27,92,116,43,31,29,4,60,68,36,127"/><V121/><F34/><W99/><G116/><T35/><D106/><U21/><E119/><V114/><F37/><W41/><G127/><T132/><D113/><U115/><E115/><V6/><F6/><W12/><G1/><T45/><D3/><U42/><E74/><V89/><F114/><W88/><G43/><T72/><D72/><U56/><E0/><V96/><F89/><W24/><G24/><T102/><D102/><U62/><E135/><N who="2" m="51723" /><F128/><W11/><REACH who="3" step="1"/><G27/><REACH who="3" ten="241,183,337,229" step="2"/><T105/><D132/><U112/><E42/><V52/><F121/><W33/><G33/><T13/><D120/><U77/><E112/><V10/><F122/><W123/><G123/><T49/><D130/><U65/><E38/><V39/><F39/><W69/><G69/><T55/><D105/><U47/><E47/><V104/><F111/><W9/><G9/><T32/><D35/><U125/><E125/><V20/><F10/><W126/><G126/><T2/><D2/><U118/><E118/><V71/><F71/><W64/><AGARI ba="0,1" hai="4,11,12,29,31,36,41,46,60,64,68,88,92,99" machi="64" ten="30,7900,0" yaku="1,1,0,1,52,1,54,1,53,0" doraHai="7" doraHaiUra="109" who="3" fromWho="3" sc="241,-20,183,-20,337,-39,229,89" /><INIT seed="7,0,0,3,5,14" ten="221,163,298,318" oya="3" hai0="64,25,22,74,84,117,103,7,122,51,79,67,93" hai1="121,27,115,23,0,97,105,68,123,104,107,118,33" hai2="125,110,114,63,100,102,3,91,88,43,48,20,94" hai3="92,108,32,12,41,135,39,55,13,124,106,83,133"/><W99/><G32/><T112/><D122/><N who="1" m="46603" /><E23/><V5/><F110/><W8/><G106/><N who="1" m="27138" /><U46/><DORA hai="131" /><E46/><N who="2" m="25695" /><F3/><W34/><G34/><T90/><D7/><U82/><E97/><V11/><F114/><W89/><G124/><T44/><D112/><U129/><E115/><V49/><F125/><W111/><G83/><T21/><D117/><U56/><E56/><V81/><F63/><W17/><G55/><T127/><D127/><U76/><E118/><V126/><F126/><W10/><G41/><T54/><D21/><U58/><E58/><V2/><F49/><W109/><G39/><T45/><D45/><U132/><E129/><V95/><F81/><W98/><G98/><T66/><D64/><U119/><E119/><V72/><F72/><W36/><G36/><T37/><D37/><U70/><E0/><V16/><F2/><W38/><G38/><T42/><D66/><U60/><E60/><V61/><F61/><W1/><G1/><T101/><D67/><U47/><E47/><V31/><F31/><W85/><G99/><T40/><D42/><U62/><E82/><V57/><F57/><W30/><G30/><T86/><D40/><U96/><E96/><N who="2" m="57415" /><F20/><W52/><G52/><T26/><D22/><U35/><E76/><V116/><F5/><AGARI ba="0,0" hai="5,8,10,12,13,17,85,89,92,108,109,111,133,135" machi="5" ten="40,12000,1" yaku="10,1,52,3" doraHai="14,131" who="3" fromWho="2" sc="221,0,163,0,298,-120,318,120" owari="221,2.0,163,-34.0,178,-22.0,438,54.0" /></mjloggm>