<mjloggm ver="2.3"><GO type="185" lobby="0"/><UN n0="%E3%83%84%E3%83%BC%E3%82%A2%E3%82%A6%E3%83%88" n1="%E3%82%B5%E3%83%B3%E3%83%9E%E6%BC%81%E5%B8%AB%4B" n2="%E3%83%A6%E3%82%A6%E3%83%8B%E3%83%A3" n3="" dan="16,17,18,0" rate="2105.57,2267.02,2276.29,1500.00" sx="M,M,M,C"/><TAIKYOKU oya="0"/><INIT seed="0,0,0,0,1,82" ten="350,350,350,0" oya="0" hai0="106,49,110,98,43,102,133,111,66,2,44,93,70" hai1="100,41,129,40,59,125,90,51,107,32,119,47,122" hai2="52,123,37,75,92,84,128,105,95,134,65,85,132" hai3=""/><T99/><D2/><U69/><N who="1" m="31264" /><U96/><E69/><V34/><N who="2" m="31520" /><V67/><F75/><T77/><D133/><N who="2" m="51306" /><F34/><T45/><D77/><U83/><E119/><V112/><F112/><T68/><D45/><U120/><N who="1" m="30752" /><U0/><E32/><V87/><F128/><T131/><D131/><U91/><E129/><V1/><F105/><T114/><D114/><U126/><E0/><V116/><F1/><T62/><REACH who="0" step="1"/><D70/><REACH who="0" ten="340,350,350,0" step="2"/><U38/><E59/><V80/><F116/><T127/><D127/><U48/><E126/><V35/><F35/><T71/><D71/><U135/><E125/><V53/><F37/><T108/><D108/><U33/><E33/><V54/><F80/><T81/><D81/><U61/><E135/><V89/><F92/><T57/><D57/><U50/><E83/><V73/><F73/><T60/><D60/><U78/><E61/><V124/><F124/><T88/><AGARI ba="0,1" hai="43,44,49,62,66,68,88,93,98,99,102,106,110,111" machi="88" ten="30,7800,0" yaku="1,1,0,1,54,1,53,1" doraHai="82" doraHaiUra="63" who="0" fromWho="0" sc="340,88,350,-39,350,-39,0,0" /><INIT seed="0,1,0,0,0,127" ten="428,311,311,0" oya="0" hai0="81,33,129,51,70,86,115,100,73,85,134,58,32" hai1="46,74,107,121,39,96,84,106,105,111,71,90,53" hai2="49,36,110,75,122,103,128,66,69,43,76,50,125" hai3=""/><T37/><D37/><U83/><N who="1" m="31008" /><U112/><E71/><V56/><N who="2" m="31264" /><V55/><F125/><T62/><D115/><U54/><E111/><V116/><F110/><T38/><D38/><U123/><N who="1" m="31520" /><U78/><E112/><V67/><F103/><T52/><D134/><U61/><E61/><V135/><F135/><T3/><D3/><U89/><E89/><V42/><F116/><T133/><D133/><U117/><E117/><V87/><F75/><T131/><D100/><U35/><E35/><V98/><F98/><T99/><D99/><U101/><E54/><V104/><F104/><T48/><D73/><U0/><E0/><V68/><F87/><T124/><D124/><U79/><E79/><V91/><F91/><T72/><D72/><U93/><E53/><V40/><F76/><T82/><D70/><N who="2" m="27242" /><F36/><T1/><D1/><U94/><E93/><V126/><F126/><T60/><D52/><U59/><E59/><AGARI ba="1,0" hai="32,33,48,51,58,59,60,62,81,82,85,86,129,131" machi="59" ten="25,9600,0" yaku="22,2,52,2" doraHai="127" who="0" fromWho="1" sc="428,98,311,-98,311,0,0,0" /><INIT seed="0,2,0,2,2,118" ten="526,213,311,0" oya="0" hai0="53,102,112,83,107,81,103,133,109,52,35,0,60" hai1="88,90,40,57,120,87,108,96,111,56,134,101,119" hai2="73,121,105,78,124,92,97,48,80,58,45,66,46" hai3=""/><T93/><D35/><U100/><N who="1" m="30752" /><U127/><E119/><V38/><N who="2" m="31008" /><V128/><F105/><T39/><D0/><U135/><E40/><V59/><F128/><T50/><D39/><U62/><E127/><V36/><F124/><T65/><D112/><U122/><N who="1" m="31264" /><U51/><E51/><V98/><F98/><T47/><D107/><U106/><E101/><N who="0" m="38409" /><D133/><N who="1" m="50699" /><E57/><V85/><F73/><T1/><D1/><U67/><E90/><V63/><F58/><T72/><D47/><U82/><AGARI ba="2,0" hai="56,62,67,82,87,88,96,100,106,108,111" m="50699,31264,30752" machi="82" ten="30,9000,2" yaku="20,1,52,4,54,1" doraHai="118" who="1" fromWho="1" sc="526,-62,213,94,311,-32,0,0" /><INIT seed="1,0,0,5,4,33" ten="464,307,279,0" oya="1" hai0="93,75,90,110,131,82,115,105,3,84,40,78,111" hai1="39,63,104,134,130,99,135,124,113,66,87,79,64" hai2="45,85,76,109,74,117,57,112,103,108,62,88,43" hai3=""/><U72/><E39/><V42/><F117/><T94/><D3/><U95/><E66/><V114/><F103/><T119/><D40/><U52/><E113/><N who="2" m="43627" /><F76/><T37/><D37/><U46/><E72/><V47/><F74/><T116/><D115/><U56/><E104/><V122/><N who="2" m="31264" /><V69/><F69/><T129/><D94/><U68/><E79/><V35/><F35/><T71/><D71/><U101/><E87/><V80/><F47/><T2/><D2/><U48/><E68/><V102/><F102/><T125/><D125/><U107/><E124/><V36/><F42/><T44/><D44/><U53/><E107/><V41/><F43/><T97/><D119/><U128/><REACH who="1" step="1"/><E53/><AGARI ba="0,0" hai="36,41,45,53,57,62,80,85,88,108,109" m="31264,43627" machi="53" ten="30,3900,0" yaku="11,1,52,1,54,1" doraHai="33" who="2" fromWho="1" sc="464,0,307,-39,279,39,0,0" /><INIT seed="2,0,0,4,0,101" ten="464,268,318,0" oya="2" hai0="84,95,129,39,80,76,99,68,46,79,37,112,67" hai1="57,111,106,110,0,134,93,43,53,97,132,127,133" hai2="38,119,1,77,69,58,88,87,123,117,35,100,126" hai3=""/><V59/><N who="2" m="31520" /><V122/><N who="2" m="31264" /><V36/><F35/><T78/><D112/><U98/><E0/><V71/><F1/><T83/><D129/><U130/><E130/><V104/><F77/><T102/><D67/><U85/><E43/><V61/><F126/><T90/><D68/><U47/><E47/><V105/><F87/><T118/><D118/><U56/><E127/><V63/><F88/><T82/><REACH who="0" step="1"/><D46/><REACH who="0" ten="454,268,318,0" step="2"/><U107/><E57/><V51/><REACH who="2" step="1"/><F51/><REACH who="2" ten="454,268,308,0" step="2"/><T131/><D131/><U44/><E133/><V81/><F81/><AGARI ba="0,2" hai="37,39,76,78,79,80,81,82,83,84,90,95,99,102" machi="81" ten="40,1300,0" yaku="1,1,53,0" doraHai="101" doraHaiUra="50" who="0" fromWho="2" sc="454,33,268,0,308,-13,0,0" /><INIT seed="4,0,0,2,3,111" ten="487,268,295,0" oya="0" hai0="115,66,71,114,132,52,50,56,119,131,84,35,83" hai1="1,99,126,113,95,91,63,104,97,62,69,47,68" hai2="58,109,135,90,88,48,102,105,93,55,64,122,34" hai3=""/><T49/><D119/><U36/><E1/><V67/><N who="2" m="31264" /><V38/><F109/><T42/><D35/><U74/><E74/><V118/><F34/><T73/><D73/><U78/><E78/><V89/><F118/><T37/><D132/><U60/><E126/><V85/><F38/><T92/><D131/><U107/><E36/><V110/><F110/><T134/><D134/><U3/><E3/><V108/><F108/><T103/><D37/><U33/><E33/><V133/><F105/><T79/><D66/><U100/><E47/><V65/><REACH who="2" step="1"/><F85/><REACH who="2" ten="487,268,285,0" step="2"/><T75/><D84/><U2/><E2/><V41/><F41/><T70/><D42/><U45/><E104/><V129/><F129/><T87/><D87/><U76/><E76/><V116/><F116/><T51/><D71/><U125/><E68/><V46/><F46/><T120/><N who="0" m="30752" /><T61/><REACH who="0" step="1"/><D70/><REACH who="0" ten="477,268,285,0" step="2"/><U80/><E69/><V32/><F32/><T77/><D77/><U53/><E125/><V124/><F124/><T0/><D0/><U72/><E72/><V112/><F112/><T101/><D101/><U96/><E113/><V106/><F106/><T98/><AGARI ba="0,2" hai="49,50,51,52,56,61,75,79,83,92,98,103,114,115" m="30752" machi="98" ten="30,12000,2" yaku="1,1,0,1,52,3,54,1,53,0" doraHai="111" doraHaiUra="40" who="0" fromWho="0" sc="477,140,268,-60,285,-60,0,0" /><INIT seed="4,1,0,0,5,88" ten="617,208,225,0" oya="0" hai0="108,132,135,128,34,1,42,66,103,67,71,101,105" hai1="100,80,2,70,73,127,99,37,32,111,126,109,96" hai2="90,40,87,33,3,112,107,95,68,45,41,131,129" hai3=""/><T47/><D1/><U50/><E37/><V85/><F3/><T121/><N who="0" m="31008" /><T89/><D34/><U72/><E50/><V102/><F33/><T43/><D108/><N who="1" m="41547" /><E70/><V134/><F68/><T39/><D128/><N who="2" m="49226" /><F134/><N who="0" m="51242" /><D105/><U81/><E32/><V60/><F112/><T75/><D75/><N who="1" m="28747" /><E2/><V55/><F87/><T82/><D43/><U58/><E58/><V83/><F107/><T44/><D44/><U79/><E79/><V46/><F60/><T54/><D71/><U92/><E99/><V86/><F55/><T65/><D54/><U98/><E98/><V115/><F115/><T97/><D97/><U117/><E117/><V74/><F74/><T59/><D59/><U123/><N who="1" m="31520" /><U62/><E62/><V69/><F69/><T113/><D113/><U91/><E100/><V130/><N who="2" m="49234" /><V133/><DORA hai="118" /><F102/><T84/><AGARI ba="1,0" hai="39,42,47,65,66,67,82,84,89,101,103" m="51242,31008" machi="84" ten="40,5200,0" yaku="20,1,52,2" doraHai="88,118" who="0" fromWho="0" sc="617,54,208,-27,225,-27,0,0" /><INIT seed="4,2,0,0,3,61" ten="671,181,198,0" oya="0" hai0="42,56,91,87,70,37,89,51,103,112,93,135,122" hai1="125,65,49,68,79,64,83,75,52,92,40,0,126" hai2="67,95,58,45,131,60,105,81,96,82,69,88,98" hai3=""/><T100/><N who="0" m="31264" /><T33/><D70/><U107/><E107/><V3/><F3/><T127/><D112/><U117/><E68/><V2/><F2/><T90/><D33/><U118/><E40/><V63/><F131/><T34/><D34/><U44/><E0/><V59/><F45/><T134/><D37/><U80/><E92/><V128/><F128/><T132/><D127/><N who="1" m="48651" /><E80/><V123/><N who="2" m="31520" /><V77/><F69/><T86/><D42/><U48/><E49/><V113/><F113/><T124/><D124/><U72/><E72/><V115/><F115/><T55/><REACH who="0" step="1"/><D93/><REACH who="0" ten="661,181,198,0" step="2"/><U74/><E74/><V85/><F82/><T57/><D57/><U97/><E97/><V110/><F98/><T104/><D104/><U111/><E111/><V76/><F110/><T62/><D62/><U38/><E38/><V35/><F35/><T78/><D78/><U114/><E114/><V109/><F109/><T71/><D71/><U102/><E83/><V73/><F105/><T46/><D46/><U119/><E79/><V116/><F73/><T54/><D54/><U47/><E75/><V53/><F77/><T130/><D130/><U108/><E108/><V84/><F96/><T50/><D50/><U101/><E44/><V39/><F39/><RYUUKYOKU ba="2,1" sc="661,0,181,0,198,0,0,0" hai0="51,55,56,86,87,89,90,91,100,103,132,134,135" hai1="47,48,52,64,65,101,102,117,118,119" hai2="53,58,59,60,63,67,76,81,84,85,88,95,116" /><INIT seed="4,3,1,5,0,103" ten="661,181,198,0" oya="0" hai0="33,35,92,43,135,126,68,52,3,64,106,53,41" hai1="93,44,39,115,100,57,1,73,90,84,49,89,111" hai2="46,88,134,50,85,96,79,76,51,78,55,56,62" hai3=""/><T67/><D3/><U118/><E1/><V58/><F134/><T132/><D106/><U75/><E118/><V71/><F96/><T45/><D92/><U65/><E111/><V42/><F71/><T60/><D35/><U66/><E100/><V69/><F69/><T34/><D34/><U70/><E70/><V91/><REACH who="2" step="1"/><F85/><REACH who="2" ten="661,181,188,0" step="2"/><T95/><D33/><U102/><E75/><V113/><F113/><T122/><N who="0" m="31264" /><T54/><D126/><U114/><E73/><V40/><F40/><T80/><D43/><U32/><E32/><V37/><F37/><T82/><D135/><U124/><E124/><V127/><F127/><T119/><D132/><U36/><E39/><V97/><F97/><T74/><D119/><U87/><E36/><V0/><F0/><T109/><D109/><U107/><E115/><V98/><F98/><T61/><D74/><U63/><E114/><V47/><F47/><T133/><D133/><U129/><E87/><V105/><F105/><T59/><D41/><U120/><E107/><V101/><F101/><T131/><D45/><U117/><E102/><V110/><F110/><T128/><D68/><U112/><E117/><V2/><F2/><T116/><D116/><U86/><N who="1" m="30752" /><U125/><E125/><RYUUKYOKU ba="3,2" sc="661,-10,181,-10,188,20,0,0" hai2="42,46,50,51,55,56,58,62,76,78,79,88,91" /><INIT seed="5,4,2,2,5,91" ten="651,171,208,0" oya="1" hai0="39,121,88,74,43,69,55,64,94,114,109,112,82" hai1="100,81,119,85,111,56,106,104,127,98,108,120,95" hai2="38,59,51,128,103,132,57,107,54,44,90,49,131" hai3=""/><U61/><N who="1" m="30752" /><U115/><E119/><V52/><F132/><T96/><N who="0" m="31008" /><T93/><D109/><N who="1" m="42059" /><E115/><N who="0" m="44073" /><D64/><U99/><E127/><V33/><F33/><T60/><D43/><U101/><E56/><N who="2" m="21579" /><F90/><T37/><D69/><U2/><E2/><V0/><F103/><T125/><D60/><U130/><E61/><V84/><F107/><T68/><D55/><N who="2" m="21034" /><F84/><T47/><D68/><U113/><E113/><V123/><N who="2" m="31520" /><V45/><F38/><T79/><D125/><U129/><E106/><V62/><F62/><T46/><D94/><U126/><E126/><V73/><F73/><T122/><N who="0" m="31264" /><T67/><D67/><U70/><E70/><V63/><F63/><T92/><D92/><U66/><E66/><V77/><F0/><T97/><D97/><U78/><AGARI ba="4,2" hai="78,81,85,95,98,99,100,101,104,129,130" m="42059,30752" machi="78" ten="30,8000,1" yaku="10,1,34,2,52,2" doraHai="91" who="1" fromWho="1" sc="651,-44,171,108,208,-44,0,0" /><INIT seed="5,5,0,2,4,130" ten="607,279,164,0" oya="1" hai0="76,40,32,79,89,135,39,126,111,125,52,63,106" hai1="91,75,81,60,43,0,86,80,3,70,73,109,134" hai2="48,72,33,133,41,45,84,38,57,58,102,64,105" hai3=""/><U46/><E109/><V119/><F33/><T36/><D32/><U83/><E75/><V104/><F72/><T98/><D111/><U47/><E47/><V35/><F119/><T92/><D135/><U114/><E114/><V71/><F35/><T127/><D106/><U113/><E113/><V78/><F102/><T49/><D63/><U90/><E134/><V87/><F133/><T120/><N who="0" m="30752" /><T96/><D96/><U67/><E73/><V93/><F58/><T115/><D115/><U112/><E112/><V94/><F78/><N who="0" m="29738" /><D40/><U50/><REACH who="1" step="1"/><E90/><REACH who="1" ten="607,269,164,0" step="2"/><V2/><F2/><AGARI ba="5,1" hai="0,2,3,43,46,50,60,67,70,80,81,83,86,91" machi="2" ten="40,3900,0" yaku="1,1,2,1,53,0" doraHai="130" doraHaiUra="53" who="1" fromWho="2" sc="607,0,269,59,164,-49,0,0" /><INIT seed="5,6,0,4,5,35" ten="607,328,115,0" oya="1" hai0="64,42,73,85,45,58,132,113,111,100,84,99,48" hai1="53,47,55,33,54,94,96,129,1,78,83,61,98" hai2="119,93,60,135,52,88,123,133,56,126,43,120,36" hai3=""/><U112/><E33/><V32/><N who="2" m="30752" /><V46/><N who="2" m="31520" /><V66/><F119/><T104/><D73/><U2/><E129/><V63/><F32/><T76/><D113/><U39/><E112/><V115/><F126/><T51/><D111/><U108/><E108/><V0/><F115/><T102/><D132/><U62/><E98/><V103/><F103/><T59/><D76/><U87/><E39/><V72/><F72/><T79/><D79/><U80/><E80/><V121/><N who="2" m="31008" /><V89/><F0/><T34/><D102/><U49/><E62/><V50/><F63/><T74/><D74/><U116/><E116/><V65/><F66/><T128/><D128/><U82/><E82/><V110/><F110/><T40/><D34/><U131/><E131/><V97/><REACH who="2" step="1"/><F89/><REACH who="2" ten="607,328,105,0" step="2"/><T41/><D64/><U86/><E61/><V124/><F124/><T44/><D42/><U81/><E1/><V125/><F125/><T71/><D71/><AGARI ba="6,1" hai="36,43,46,50,52,56,60,65,71,88,93,97,133,135" m="31008,31520,30752" machi="71" ten="40,16000,3" yaku="1,1,24,2,52,3,54,2,53,1" doraHai="35" doraHaiUra="90" who="2" fromWho="0" sc="607,-172,328,0,105,182,0,0" /><INIT seed="6,0,0,0,1,126" ten="435,328,287,0" oya="2" hai0="102,121,120,35,40,122,53,88,103,48,55,84,36" hai1="123,86,97,131,95,54,32,61,67,74,0,43,100" hai2="134,94,116,87,44,110,65,111,89,70,125,73,47" hai3=""/><V37/><F116/><T92/><D35/><U62/><N who="1" m="31520" /><U78/><E32/><V96/><F125/><T85/><D36/><U130/><E74/><V109/><F73/><T46/><D85/><U112/><E0/><V129/><F134/><T50/><REACH who="0" step="1"/><D40/><REACH who="0" ten="425,328,287,0" step="2"/><U52/><E43/><V124/><F124/><T107/><D107/><U42/><E42/><V39/><F129/><N who="1" m="49161" /><E112/><V117/><F117/><T132/><D132/><U91/><E78/><V68/><F87/><T93/><D93/><U1/><E1/><V115/><F115/><T81/><D81/><U45/><E45/><AGARI ba="0,1" hai="45,46,48,50,53,55,84,88,92,102,103,120,121,122" machi="45" ten="40,5200,0" yaku="1,1,9,1,54,1,53,0" doraHai="126" doraHaiUra="77" who="0" fromWho="1" sc="425,62,328,-52,287,0,0,0" owari="487,43.0,276,-32.0,287,-11.0,0,0.0" /></mjloggm>