<mjloggm ver="2.3"><GO type="169" lobby="0"/><UN n0="%E6%B9%8A%E6%96%97%E3%81%8B%E3%81%92%E3%81%82%E3%81%8D" n1="%E3%83%AB%E3%82%A2%E3%82%B4%E3%82%A4%E3%83%95" n2="%E3%81%86%E3%81%95%E3%81%8E%E3%83%95%E3%82%A1%E3%83%B3%E3%82%B7%E3%83%BC" n3="%E9%95%B7%E5%B1%B1%E5%A4%A7%E6%A8%B9" dan="16,17,17,16" rate="2125.65,2092.41,2142.59,2117.30" sx="M,M,F,M"/><TAIKYOKU oya="0"/><INIT seed="0,0,0,5,2,68" ten="250,250,250,250" oya="0" hai0="115,69,85,98,105,16,122,108,92,43,39,8,86" hai1="129,36,65,133,71,58,120,131,88,78,72,111,106" hai2="101,27,54,116,91,49,61,18,12,1,95,52,38" hai3="110,76,103,23,113,93,67,70,57,107,79,82,53"/><T44/><D115/><U64/><E120/><V130/><F116/><W3/><G110/><T33/><D122/><U132/><E106/><V83/><F130/><N who="1" m="49673" /><E72/><V40/><F1/><W31/><G3/><T74/><D74/><U7/><E7/><V102/><F83/><W9/><G107/><T0/><D69/><U90/><E78/><V21/><F27/><N who="3" m="16895" /><G70/><T47/><D105/><U32/><E32/><V104/><F104/><W41/><G41/><T128/><D108/><U30/><E30/><V55/><F61/><W37/><G37/><T10/><D33/><U77/><E77/><V46/><REACH who="2" step="1"/><F38/><REACH who="2" ten="250,250,240,250" step="2"/><W125/><G82/><T96/><D39/><U123/><E111/><V35/><F35/><W20/><G93/><T28/><D0/><U97/><E123/><V73/><F73/><W5/><G79/><T84/><D92/><N who="1" m="56455" /><E36/><V56/><F56/><W48/><G57/><T51/><D44/><U89/><E58/><V25/><F25/><W66/><G76/><T135/><D47/><U119/><E119/><V2/><F2/><W62/><G62/><T60/><D60/><N who="1" m="40359" /><E64/><V29/><F29/><W59/><G67/><T45/><D128/><U99/><E89/><V34/><F34/><W121/><G66/><T117/><D117/><U112/><E112/><V81/><F81/><W63/><G113/><T26/><D28/><U6/><E90/><V127/><F127/><W114/><G125/><T50/><D50/><U42/><E133/><V19/><F19/><W126/><G48/><T14/><D135/><U124/><E132/><V11/><F11/><N who="0" m="4138" /><D26/><U109/><E124/><RYUUKYOKU ba="0,1" sc="250,15,250,-15,240,15,250,-15" hai0="14,16,43,45,51,84,85,86,96,98" hai2="12,18,21,40,46,49,52,54,55,91,95,101,102" /><INIT seed="0,1,1,0,5,35" ten="265,235,255,235" oya="0" hai0="4,15,110,24,50,11,5,87,90,94,41,32,71" hai1="63,96,64,66,95,81,56,125,78,100,8,28,106" hai2="103,132,17,13,88,134,46,65,72,123,119,104,23" hai3="101,85,29,27,60,42,133,70,25,34,49,9,33"/><T55/><D71/><U61/><E125/><V122/><F72/><W69/><G133/><N who="2" m="51305" /><F119/><W44/><G101/><T80/><D110/><U116/><E116/><V79/><F79/><W111/><G111/><T120/><D120/><N who="2" m="46122" /><F65/><W19/><G60/><T30/><D41/><U129/><E129/><V14/><F46/><W37/><G49/><T16/><REACH who="0" step="1"/><D94/><REACH who="0" ten="255,235,255,235" step="2"/><U102/><E95/><V109/><F109/><W62/><G70/><T39/><D39/><U112/><E106/><V117/><F117/><W58/><G69/><T115/><D115/><U18/><E112/><V89/><F14/><W67/><G37/><T12/><D12/><U73/><E66/><V135/><F135/><W43/><G67/><T6/><D6/><U22/><E64/><V20/><F20/><W108/><G108/><T118/><D118/><U93/><E22/><V126/><F126/><W76/><G34/><T7/><D7/><U38/><E93/><V53/><F53/><W36/><G33/><T48/><D48/><U107/><E38/><V68/><F68/><W83/><G36/><T52/><D52/><U0/><E107/><V10/><F23/><W40/><G40/><T77/><D77/><U98/><E78/><V75/><F104/><W113/><G43/><T97/><D97/><U45/><E98/><V124/><F124/><W99/><G99/><T1/><D1/><U51/><E0/><V57/><F13/><N who="3" m="7599" /><G113/><T92/><D92/><U21/><E96/><V84/><F89/><W26/><G42/><T54/><D54/><U130/><E130/><V127/><F127/><W114/><G114/><RYUUKYOKU ba="1,2" sc="255,30,235,-10,255,-10,235,-10" hai0="4,5,11,15,16,24,30,32,50,55,80,87,90" /><INIT seed="0,2,2,4,0,62" ten="285,225,245,225" oya="0" hai0="91,54,17,128,86,115,53,75,26,28,66,120,22" hai1="112,52,89,16,132,95,23,134,20,30,67,61,97" hai2="43,111,119,9,118,78,21,50,41,27,70,4,3" hai3="127,125,73,59,100,7,114,87,15,31,117,76,107"/><T124/><D115/><U12/><E112/><V85/><F111/><W6/><G117/><N who="2" m="44553" /><F70/><W133/><G133/><N who="1" m="51306" /><E52/><N who="0" m="20073" /><D75/><U8/><E30/><N who="2" m="17775" /><F50/><W88/><G114/><T93/><D120/><U80/><E80/><AGARI ba="2,2" hai="3,4,9,41,43,78,80,85" m="17775,44553" machi="80" ten="30,1000,0" yaku="12,1" doraHai="62" who="2" fromWho="1" sc="285,0,225,-16,245,36,225,0" /><INIT seed="1,0,0,2,5,45" ten="285,209,281,225" oya="1" hai0="68,41,62,4,36,10,39,0,1,42,38,108,116" hai1="81,125,25,51,79,83,72,55,12,111,87,133,65" hai2="46,71,61,48,94,92,99,112,84,31,44,119,53" hai3="85,49,124,52,75,73,89,34,19,98,18,56,58"/><U103/><E133/><V2/><F119/><W64/><G34/><T114/><D116/><U9/><E125/><V5/><F112/><W21/><G124/><T123/><D114/><U95/><E111/><V107/><F31/><W16/><G98/><T17/><D108/><U93/><E65/><V14/><F2/><W91/><G91/><T40/><D123/><U47/><E25/><V131/><F131/><W15/><G75/><T88/><D17/><U100/><E93/><V24/><F24/><W135/><G73/><T69/><D0/><U120/><E95/><V29/><F29/><W101/><G101/><T128/><D128/><U97/><E120/><V130/><F130/><W67/><G135/><T102/><D102/><U117/><E117/><V96/><F107/><W63/><G67/><T77/><D77/><U129/><E97/><N who="2" m="37451" /><F71/><W33/><G33/><T70/><REACH who="0" step="1"/><D88/><REACH who="0" ten="275,209,281,225" step="2"/><N who="1" m="51327" /><E129/><V104/><F104/><W109/><REACH who="3" step="1"/><G109/><REACH who="3" ten="275,209,281,215" step="2"/><T3/><D3/><U28/><E28/><V113/><F113/><W110/><G110/><T106/><D106/><U30/><E30/><V74/><F74/><W121/><G121/><T122/><D122/><U8/><E103/><V23/><F84/><W118/><G118/><T60/><AGARI ba="0,2" hai="1,4,10,36,38,39,40,41,42,60,62,68,69,70" machi="60" ten="50,8000,1" yaku="1,1,0,1,29,2,53,0" doraHai="45" doraHaiUra="80" who="0" fromWho="0" sc="275,100,209,-40,281,-20,215,-20" /><INIT seed="2,0,0,3,1,13" ten="375,169,261,195" oya="2" hai0="131,76,36,95,103,28,33,59,31,70,60,73,6" hai1="122,19,16,129,7,119,78,3,127,88,46,2,108" hai2="5,100,81,82,10,115,114,14,83,49,117,121,53" hai3="113,125,54,94,41,126,128,91,111,20,85,63,18"/><V26/><F117/><W86/><G111/><T99/><D70/><U134/><E119/><V71/><F71/><W123/><G123/><T29/><D36/><U27/><E78/><V32/><F121/><W52/><G128/><T90/><D131/><U92/><E122/><V58/><REACH who="2" step="1"/><F100/><REACH who="2" ten="375,169,251,195" step="2"/><W48/><G113/><T43/><D103/><U118/><E129/><V72/><F72/><W35/><G125/><T39/><D73/><U106/><E118/><V79/><F79/><W62/><G126/><T101/><D76/><U89/><E127/><V30/><AGARI ba="0,1" hai="5,10,14,26,30,32,49,53,58,81,82,83,114,115" machi="30" ten="30,3000,0" yaku="1,1,0,1,53,0" doraHai="13" doraHaiUra="66" who="2" fromWho="2" sc="375,-10,169,-10,251,40,195,-10" /><INIT seed="2,1,0,0,2,83" ten="365,159,291,185" oya="2" hai0="54,129,87,18,0,135,82,33,80,55,92,59,20" hai1="126,81,72,85,27,128,96,114,63,109,45,118,73" hai2="42,17,26,101,10,61,7,46,105,97,16,58,116" hai3="13,28,111,90,113,22,57,39,119,127,1,106,108"/><V41/><F116/><W2/><G39/><T84/><D33/><U89/><E63/><V124/><F124/><W112/><G106/><T70/><D129/><U99/><E45/><V8/><F26/><N who="3" m="16471" /><G90/><N who="0" m="53319" /><D70/><U120/><E27/><V62/><F62/><W133/><G57/><T66/><D0/><N who="3" m="105" /><G119/><T15/><D135/><U34/><E34/><V24/><F42/><W14/><G127/><T31/><D31/><U78/><E126/><V50/><F24/><W102/><G102/><T107/><D107/><U65/><E65/><V53/><REACH who="2" step="1"/><F10/><REACH who="2" ten="365,159,281,185" step="2"/><W32/><G133/><T11/><D11/><U134/><E134/><V77/><F77/><W122/><G122/><T76/><D76/><U91/><E118/><V95/><F95/><W30/><G32/><T86/><D66/><U6/><E120/><V100/><F100/><W93/><G93/><T48/><D55/><U21/><E78/><V132/><F132/><W12/><G30/><T29/><D29/><U47/><E128/><V110/><F110/><AGARI ba="1,1" hai="12,13,14,108,110,111,112,113" m="105,16471" machi="110" ten="40,5200,0" yaku="14,1,34,2" doraHai="83" who="3" fromWho="2" sc="365,0,159,0,281,-55,185,65" /><INIT seed="3,0,0,4,3,130" ten="365,159,226,250" oya="3" hai0="22,101,32,3,23,74,83,114,81,35,127,37,107" hai1="62,125,1,59,98,56,116,91,115,72,21,19,135" hai2="73,82,66,18,104,20,15,87,47,79,92,31,132" hai3="13,24,99,110,10,88,5,26,93,100,11,64,48"/><W4/><G110/><T129/><D3/><U106/><E115/><V52/><F104/><W34/><G64/><T39/><D107/><U75/><E116/><V60/><F132/><W103/><G48/><T8/><D8/><U58/><E125/><V126/><F126/><W121/><G121/><T85/><D85/><U17/><E135/><V124/><F124/><W25/><REACH who="3" step="1"/><G34/><REACH who="3" ten="365,159,226,240" step="2"/><T55/><D127/><U40/><E40/><V41/><F66/><W16/><G16/><T50/><D35/><U65/><E17/><V30/><F60/><W36/><G36/><T57/><D32/><U80/><E62/><V105/><F41/><W0/><AGARI ba="0,1" hai="0,4,5,10,11,13,24,25,26,88,93,99,100,103" machi="0" ten="30,6000,0" yaku="1,1,0,1,54,1,53,0" doraHai="130" doraHaiUra="131" who="3" fromWho="3" sc="365,-20,159,-20,226,-20,240,70" /><INIT seed="3,1,0,2,5,11" ten="345,139,206,310" oya="3" hai0="13,50,90,12,109,129,110,113,8,57,135,88,118" hai1="19,16,94,34,7,83,65,111,30,33,98,9,103" hai2="71,1,48,2,107,92,70,55,23,125,84,116,24" hai3="132,73,35,62,44,134,47,43,20,115,89,82,5"/><W15/><G35/><T133/><D118/><U40/><E111/><N who="0" m="42505" /><D129/><U64/><E40/><V96/><F116/><W18/><G115/><T114/><D114/><U102/><E102/><V60/><F125/><W63/><G5/><N who="0" m="3087" /><D113/><U28/><E83/><V121/><F121/><W39/><G47/><T127/><D127/><U97/><E103/><V46/><F107/><W56/><G89/><N who="0" m="34411" /><D13/><U25/><E25/><V72/><F72/><W37/><G37/><T6/><D6/><U85/><E7/><V117/><F117/><W100/><G100/><T45/><D57/><U36/><E36/><V81/><F2/><W38/><G38/><T130/><D130/><U54/><E97/><V51/><F1/><W76/><REACH who="3" step="1"/><G56/><REACH who="3" ten="345,139,206,300" step="2"/><T14/><D45/><U0/><E34/><V31/><F46/><W93/><G93/><T21/><D135/><AGARI ba="1,1" hai="15,18,20,39,43,44,62,63,73,76,82,132,134,135" machi="135" ten="40,7700,0" yaku="1,1,20,1,52,1,53,0" doraHai="11" doraHaiUra="112" who="3" fromWho="0" sc="345,-80,139,0,206,0,300,90" /><INIT seed="3,2,0,2,5,83" ten="265,139,206,390" oya="3" hai0="42,114,106,96,79,81,43,4,44,3,74,111,53" hai1="16,66,72,108,35,91,120,78,5,20,94,52,119" hai2="46,58,12,29,24,7,33,135,2,115,41,134,57" hai3="126,14,48,82,113,86,105,132,68,125,130,80,59"/><W88/><G113/><T45/><D114/><U38/><E120/><V8/><F115/><W76/><G68/><T77/><D111/><U11/><E108/><V112/><F112/><W6/><G105/><T17/><D79/><U70/><E119/><V110/><F110/><W22/><G130/><T23/><D53/><U13/><E38/><V21/><F134/><W71/><G71/><T67/><D67/><U98/><E35/><V100/><F100/><W101/><G101/><T64/><D64/><U34/><E34/><V60/><F135/><W73/><G132/><T109/><D109/><U9/><E5/><V51/><REACH who="2" step="1"/><F60/><REACH who="2" ten="265,139,196,390" step="2"/><W129/><G129/><T89/><D106/><U56/><E70/><V62/><F62/><W18/><G6/><T0/><D4/><U69/><E69/><V95/><F95/><W37/><REACH who="3" step="1"/><G37/><REACH who="3" ten="265,139,196,380" step="2"/><T97/><D81/><U65/><E94/><V84/><F84/><W127/><G127/><T118/><D118/><U121/><E121/><V40/><F40/><W131/><G131/><T99/><D43/><U1/><E72/><V75/><F75/><W116/><G116/><T107/><D42/><U63/><E63/><V128/><F128/><W103/><G103/><T55/><D107/><U133/><E133/><V54/><F54/><AGARI ba="2,2" hai="14,18,22,48,54,59,73,76,80,82,86,88,125,126" machi="54" ten="40,12000,1" yaku="1,1,52,1,54,1,53,1" doraHai="83" doraHaiUra="15" who="3" fromWho="2" sc="265,0,139,0,196,-126,380,146" /><INIT seed="3,3,0,4,0,25" ten="265,139,70,526" oya="3" hai0="54,72,58,24,83,16,43,69,39,121,36,131,26" hai1="128,59,34,40,81,32,11,29,15,92,27,53,85" hai2="97,7,96,52,108,98,46,20,88,102,17,135,62" hai3="132,122,23,104,107,66,28,109,6,33,70,100,82"/><W110/><G122/><T42/><D69/><U117/><E128/><V120/><F108/><N who="3" m="41579" /><G132/><T80/><D121/><U76/><E117/><V35/><F120/><W30/><G6/><T18/><D58/><U111/><E111/><V41/><F135/><W77/><G100/><T73/><REACH who="0" step="1"/><D54/><REACH who="0" ten="255,139,70,526" step="2"/><U112/><E112/><V123/><F123/><W44/><G70/><T68/><D68/><U133/><E133/><V51/><F35/><W3/><G66/><T86/><D86/><U127/><E127/><V8/><F102/><W13/><G44/><T129/><AGARI ba="3,1" hai="16,18,24,26,36,39,42,43,72,73,80,83,129,131" machi="129" ten="25,8000,1" yaku="1,1,0,1,22,2,54,1,53,0" doraHai="25" doraHaiUra="118" who="0" fromWho="0" sc="255,99,139,-23,70,-23,526,-43" /><INIT seed="4,0,0,5,5,114" ten="354,116,47,483" oya="0" hai0="25,49,2,84,48,89,4,3,10,38,88,91,124" hai1="90,96,42,117,126,110,70,26,54,31,77,13,73" hai2="35,14,33,45,9,127,99,122,92,128,23,125,78" hai3="134,8,129,32,36,40,131,107,75,76,52,22,64"/><T17/><D38/><U111/><E117/><V80/><F122/><W15/><G32/><T109/><D124/><N who="2" m="47690" /><F128/><W69/><G107/><T94/><D109/><U132/><E126/><V116/><F23/><W119/><G119/><T53/><D2/><U1/><E1/><V29/><F45/><W112/><G134/><T61/><D61/><U63/><E26/><V41/><F41/><W121/><G112/><T93/><D89/><U51/><E31/><V120/><F120/><W102/><G102/><T103/><D103/><U71/><E42/><V97/><F116/><W19/><G64/><T86/><D53/><U108/><E132/><V24/><F92/><W72/><G69/><T113/><D113/><U44/><E13/><V58/><F58/><W83/><G121/><T98/><D98/><U37/><E37/><V95/><F95/><W34/><G34/><T118/><D118/><U39/><E39/><V20/><F20/><AGARI ba="0,0" hai="3,4,10,17,20,25,48,49,84,86,88,91,93,94" machi="20" ten="40,3900,0" yaku="9,1,54,1" doraHai="114" who="0" fromWho="2" sc="354,39,116,0,47,-39,483,0" /><INIT seed="4,1,0,1,2,61" ten="393,116,8,483" oya="0" hai0="21,16,119,31,91,56,105,42,7,58,120,25,5" hai1="81,65,84,114,60,128,76,17,55,26,9,23,20" hai2="118,28,4,50,112,43,110,90,95,77,46,36,86" hai3="132,89,54,0,104,45,116,125,106,97,72,41,94"/><T79/><D119/><U98/><E128/><V35/><F110/><W108/><G108/><T8/><D105/><U99/><E114/><V1/><F112/><W32/><G116/><T135/><D135/><U111/><E111/><V134/><F134/><W33/><G132/><T78/><D120/><U63/><E9/><V38/><F118/><W127/><G0/><T40/><D91/><U12/><E55/><V107/><F107/><N who="3" m="41003" /><G54/><T123/><D123/><U69/><REACH who="1" step="1"/><E63/><REACH who="1" ten="393,106,8,483" step="2"/><V83/><F1/><W47/><G125/><T115/><D115/><U53/><E53/><V101/><F4/><N who="0" m="1610" /><D42/><U88/><E88/><V49/><F101/><W29/><G41/><T39/><D40/><U37/><E37/><V82/><F38/><W62/><G89/><T73/><D39/><U75/><E75/><V93/><F36/><W102/><G72/><T57/><D73/><U64/><E64/><V109/><F109/><W51/><G127/><T22/><D8/><U80/><E80/><V85/><F50/><W48/><G62/><T126/><D126/><U130/><E130/><V71/><F71/><W103/><G51/><T19/><D31/><AGARI ba="1,1" hai="12,17,20,23,26,31,60,65,69,76,81,84,98,99" machi="31" ten="30,7700,0" yaku="1,1,7,1,52,1,53,1" doraHai="61" doraHaiUra="10" who="1" fromWho="0" sc="393,-80,106,90,8,0,483,0" /><INIT seed="5,0,0,1,2,27" ten="313,196,8,483" oya="1" hai0="110,16,95,103,24,39,80,9,10,90,52,104,47" hai1="33,54,127,44,51,53,29,94,113,91,32,102,78" hai2="64,111,122,40,98,93,37,115,62,38,4,75,118" hai3="5,76,34,83,72,25,56,1,30,106,123,121,129"/><U96/><E113/><V131/><F118/><W19/><G129/><T61/><D110/><U14/><E127/><V134/><F111/><W119/><G119/><T82/><D104/><U81/><E14/><V71/><F122/><W89/><G89/><T11/><D103/><U42/><E102/><V43/><F75/><W59/><G59/><N who="0" m="35047" /><D47/><U114/><E114/><V31/><F115/><W79/><G56/><T15/><D39/><U128/><E128/><V77/><F77/><W112/><G112/><T13/><D24/><U84/><REACH who="1" step="1"/><E29/><REACH who="1" ten="313,186,8,483" step="2"/><V120/><F131/><W99/><G30/><T28/><D28/><U22/><E22/><V66/><F120/><W26/><G121/><T116/><D116/><U36/><E36/><V73/><F38/><W63/><G123/><T20/><D15/><U70/><E70/><V23/><F37/><W97/><G1/><T3/><D3/><U67/><E67/><V8/><F64/><W48/><G106/><T58/><D20/><U101/><E101/><V35/><F23/><W18/><G26/><T45/><D13/><U100/><E100/><N who="2" m="60495" /><F134/><W92/><G25/><T133/><D133/><U6/><E6/><V135/><F135/><W107/><G5/><T57/><D9/><U17/><E17/><V68/><F68/><W12/><G19/><T130/><D130/><U88/><E88/><V105/><F105/><W55/><G18/><T49/><D16/><U65/><E65/><V41/><F31/><W126/><G107/><T108/><D10/><U21/><E21/><V46/><F35/><AGARI ba="0,1" hai="32,33,35,42,44,51,53,54,78,81,84,91,94,96" machi="35" ten="40,2000,0" yaku="1,1,53,0" doraHai="27" doraHaiUra="0" who="1" fromWho="2" sc="313,0,186,30,8,-20,483,0" owari="313,11.0,216,-18.0,-12,-51.0,483,58.0" /></mjloggm>