<mjloggm ver="2.3"><GO type="169" lobby="0"/><UN n0="%E3%83%93%E3%83%B3%E3%82%AB%E3%83%B3" n1="%66%61%7A%65" n2="%6B%6F%62%6F%7A" n3="%E5%AE%89%E8%89%AF%E5%B2%A1%E8%8A%B1%E7%81%AB" dan="16,16,18,16" rate="2158.84,2131.30,2198.06,2103.50" sx="M,M,M,M"/><TAIKYOKU oya="0"/><INIT seed="0,0,0,2,2,83" ten="250,250,250,250" oya="0" hai0="75,19,29,32,44,33,104,92,3,12,40,98,48" hai1="94,34,58,84,8,109,39,21,50,70,78,131,15" hai2="23,126,30,93,17,105,42,31,99,90,91,52,37" hai3="18,2,120,77,72,111,128,13,64,121,9,49,45"/><T27/><D75/><U80/><E34/><V7/><F105/><W11/><G111/><T20/><D3/><U22/><E70/><V81/><F126/><W82/><G128/><T123/><D104/><U73/><E39/><V41/><F7/><W10/><G64/><T87/><D123/><N who="3" m="47177" /><G2/><T134/><D134/><U95/><E109/><V125/><F125/><W88/><G88/><N who="2" m="33833" /><F37/><W89/><G89/><T130/><D130/><U76/><E73/><V6/><F6/><W106/><G106/><T133/><D133/><U103/><E76/><V46/><F81/><W24/><G24/><T55/><D87/><U97/><E95/><V127/><F127/><W1/><G1/><T114/><D114/><U59/><E131/><V79/><F79/><W54/><AGARI ba="0,0" hai="9,10,11,13,18,45,49,54,72,77,82" m="47177" machi="54" ten="30,1100,0" yaku="13,1" doraHai="83" who="3" fromWho="3" sc="250,-5,250,-3,250,-3,250,11" /><INIT seed="1,0,0,1,5,69" ten="245,247,247,261" oya="1" hai0="36,18,95,27,107,128,87,68,130,84,108,23,11" hai1="4,50,85,110,2,22,0,60,75,70,29,46,125" hai2="59,73,37,15,123,126,10,52,63,127,131,62,12" hai3="92,34,118,45,71,117,133,96,40,6,121,47,91"/><U76/><E75/><V132/><F123/><W49/><G121/><T113/><D107/><U78/><E125/><N who="2" m="47627" /><F73/><W97/><G71/><T119/><D68/><U112/><E112/><V5/><F132/><W41/><G34/><T77/><D113/><U80/><E76/><V124/><F131/><W129/><G129/><T1/><D119/><N who="3" m="45577" /><G6/><T98/><D77/><U93/><E4/><V105/><F105/><W39/><G133/><T7/><D130/><U31/><E93/><V8/><N who="2" m="47635" /><V79/><DORA hai="14" /><F79/><W111/><G111/><T114/><D128/><U32/><E32/><V25/><F25/><W58/><G58/><T43/><D108/><U89/><E78/><V16/><F37/><N who="3" m="21647" /><G97/><T88/><REACH who="0" step="1"/><D114/><REACH who="0" ten="235,247,247,261" step="2"/><U109/><E109/><V74/><F74/><W122/><G122/><T82/><D82/><U72/><E72/><V103/><F103/><W135/><G135/><T26/><D26/><U13/><E80/><V28/><F28/><W134/><G134/><T38/><D38/><AGARI ba="0,1" hai="38,39,41,47,49,91,92,96" m="21647,45577" machi="38" ten="30,7700,0" yaku="12,1,52,3" doraHai="69,14" who="3" fromWho="0" sc="235,-77,247,0,247,0,261,87" /><INIT seed="2,0,0,2,1,117" ten="158,247,247,348" oya="2" hai0="8,65,4,3,102,95,26,96,63,32,126,79,73" hai1="51,38,70,11,35,20,66,122,57,44,84,134,41" hai2="76,52,34,83,59,49,23,135,58,67,12,54,62" hai3="46,55,99,56,10,80,115,77,25,36,7,103,43"/><V128/><F128/><W71/><G71/><T48/><D126/><U91/><E35/><V16/><F135/><W0/><G115/><T85/><D73/><U60/><E134/><V28/><F34/><W27/><G56/><T21/><D32/><U109/><E109/><V133/><F133/><W15/><G15/><T29/><D48/><U114/><E114/><V104/><F104/><W120/><G55/><T40/><D40/><U72/><E72/><V107/><F107/><W13/><G13/><T129/><D129/><U101/><E101/><V113/><F113/><W81/><G120/><T125/><D125/><U118/><E118/><V116/><F116/><W123/><G123/><T69/><D85/><U22/><E11/><V100/><F100/><W47/><G47/><T78/><REACH who="0" step="1"/><D69/><REACH who="0" ten="148,247,247,348" step="2"/><U98/><E122/><V112/><F112/><W105/><G81/><T94/><D94/><N who="1" m="56671" /><E84/><AGARI ba="0,1" hai="0,7,10,25,27,36,43,46,77,80,84,99,103,105" machi="84" ten="30,1000,0" yaku="7,1" doraHai="117" who="3" fromWho="1" sc="148,0,247,-10,247,0,348,20" /><INIT seed="3,0,0,2,3,82" ten="148,237,247,368" oya="3" hai0="42,22,86,2,134,72,70,49,127,62,1,130,53" hai1="40,17,0,33,131,11,39,135,8,41,38,37,104" hai2="64,132,83,46,69,52,119,23,12,9,35,15,5" hai3="80,114,68,99,36,55,34,85,124,84,58,87,32"/><W88/><G114/><T126/><D72/><U123/><E123/><V25/><F119/><W73/><G68/><T133/><D42/><U112/><E112/><V27/><F132/><N who="0" m="50794" /><D22/><U61/><E135/><V71/><F64/><W107/><G36/><T78/><D70/><U74/><E61/><V110/><F110/><W115/><G115/><T63/><D2/><U29/><E104/><V106/><F106/><W102/><G124/><N who="0" m="47659" /><D1/><U113/><E113/><V97/><F97/><W118/><G118/><T109/><D109/><U51/><E74/><V60/><F15/><W121/><G121/><T4/><D4/><U13/><E29/><V67/><F71/><W20/><G20/><T128/><D86/><U122/><E122/><V59/><F35/><W89/><G73/><T54/><D78/><U50/><E33/><V98/><F98/><W95/><G84/><T19/><D19/><U30/><E39/><V129/><F23/><W111/><G111/><T77/><D77/><U7/><E0/><V47/><F69/><W105/><G105/><T117/><D117/><U48/><E8/><V90/><F27/><W75/><G75/><T79/><D79/><U101/><E7/><V116/><F25/><W26/><G26/><T43/><D43/><U103/><E38/><V76/><F76/><W10/><G10/><T28/><D28/><U24/><E37/><V57/><F116/><W92/><G107/><T18/><D18/><U45/><E30/><V96/><F9/><W6/><G6/><T66/><D66/><U44/><E11/><V100/><F5/><W65/><G65/><RYUUKYOKU ba="0,0" sc="148,-10,237,-10,247,-10,368,30" hai3="32,34,55,58,80,85,87,88,89,92,95,99,102" /><INIT seed="3,1,0,5,0,43" ten="138,227,237,398" oya="3" hai0="48,82,75,77,72,92,106,38,98,100,109,58,71" hai1="26,32,29,88,31,115,14,63,125,90,37,66,127" hai2="80,133,33,44,83,35,86,78,1,116,47,101,103" hai3="114,19,2,81,68,85,49,12,27,6,122,3,73"/><W111/><G114/><T21/><D38/><U128/><E115/><V46/><F116/><W121/><G68/><T8/><D71/><U93/><E128/><V105/><F1/><W124/><G124/><N who="1" m="47690" /><E37/><V118/><F118/><W42/><G73/><T56/><D75/><U25/><E14/><V113/><F113/><W23/><G111/><T30/><D109/><U69/><E93/><V67/><F133/><W51/><G122/><T5/><D106/><U79/><E79/><V96/><F101/><W120/><G120/><T59/><D48/><U110/><E110/><V84/><REACH who="2" step="1"/><F67/><REACH who="2" ten="138,227,227,398" step="2"/><W130/><G2/><T129/><D129/><U76/><E76/><AGARI ba="1,1" hai="33,35,44,46,47,76,78,80,83,84,86,96,103,105" machi="76" ten="40,12000,2" yaku="1,1,2,1,9,1,52,3,53,0" doraHai="43" doraHaiUra="87" who="2" fromWho="1" sc="138,0,227,-123,227,133,398,0" /><INIT seed="4,0,0,3,0,118" ten="138,104,360,398" oya="0" hai0="115,109,53,65,134,14,107,54,119,58,122,62,117" hai1="20,112,25,63,4,125,132,31,105,67,77,86,87" hai2="123,57,124,17,50,28,116,61,71,49,45,32,126" hai3="80,35,22,44,6,93,128,1,88,114,23,104,46"/><T90/><D107/><U36/><E36/><V99/><F32/><W8/><G35/><T73/><D73/><U82/><E105/><V19/><F28/><W39/><G104/><T85/><D109/><U47/><E125/><V96/><F71/><W97/><G114/><T129/><D115/><U15/><E132/><V60/><F57/><W133/><G128/><T102/><D102/><U78/><E112/><V113/><F113/><W38/><G133/><T131/><D134/><U127/><E127/><V98/><F98/><W34/><G34/><T110/><D110/><U24/><E47/><V30/><F45/><W48/><G80/><T70/><D14/><U26/><E78/><V95/><F30/><W91/><G91/><T42/><D42/><U52/><E87/><V29/><F29/><W106/><G106/><T55/><D70/><U121/><E121/><V76/><F95/><W27/><G23/><T94/><REACH who="0" step="1"/><D122/><REACH who="0" ten="128,104,360,398" step="2"/><U21/><E31/><V0/><F123/><W2/><G39/><T13/><D13/><U64/><E15/><V51/><F124/><W3/><G38/><T135/><D135/><U40/><E40/><V101/><F126/><W9/><G1/><T18/><D18/><U66/><E4/><V37/><F19/><W41/><G2/><T120/><D120/><U130/><E130/><AGARI ba="0,1" hai="53,54,55,58,62,65,85,90,94,117,119,129,130,131" machi="130" ten="40,3900,0" yaku="1,1,19,1,53,0" doraHai="118" doraHaiUra="10" who="0" fromWho="1" sc="128,49,104,-39,360,0,398,0" /><INIT seed="4,1,0,1,1,94" ten="177,65,360,398" oya="0" hai0="72,88,90,1,101,65,121,126,33,19,46,91,30" hai1="23,130,127,84,74,132,97,34,78,41,69,68,77" hai2="5,8,70,7,39,44,120,106,89,129,133,45,67" hai3="3,18,99,49,32,113,31,61,110,25,35,71,20"/><T82/><D1/><U95/><E34/><V135/><F106/><W16/><G110/><T96/><D121/><U10/><E41/><V104/><F104/><W115/><G3/><T56/><D33/><N who="3" m="12873" /><G49/><T60/><D30/><U103/><E10/><V0/><F5/><W87/><G87/><T81/><D72/><U102/><E23/><V73/><F129/><W24/><G99/><T28/><D28/><U64/><E64/><V40/><F45/><W58/><G71/><T111/><D111/><U93/><E68/><V47/><F44/><W131/><G131/><T2/><D2/><U75/><E69/><V37/><F89/><W134/><G134/><T6/><D6/><U26/><E26/><V124/><F124/><W119/><G119/><T92/><D126/><U122/><E132/><V22/><F120/><W105/><G105/><T17/><D46/><U79/><E122/><V108/><F37/><W14/><G14/><T59/><D59/><U55/><E55/><V114/><F108/><W42/><G42/><T43/><D43/><U12/><E12/><V63/><F22/><W76/><G25/><T83/><AGARI ba="1,0" hai="17,19,56,60,65,81,82,83,88,90,91,92,96,101" machi="83" ten="30,11700,0" yaku="0,1,8,1,52,1,54,1" doraHai="94" who="0" fromWho="0" sc="177,120,65,-40,360,-40,398,-40" /><INIT seed="4,2,0,3,5,109" ten="297,25,320,358" oya="0" hai0="55,86,29,111,121,32,68,129,59,64,101,123,2" hai1="9,16,11,41,46,120,3,53,43,135,49,76,8" hai2="93,100,92,65,126,74,20,106,44,87,34,102,103" hai3="10,18,114,35,99,94,24,33,40,113,45,37,42"/><T12/><D2/><U73/><E120/><V95/><F34/><W25/><G42/><T14/><D111/><U58/><E135/><V4/><F65/><W105/><G105/><T107/><D86/><U28/><E3/><V5/><F74/><W88/><G10/><T61/><D129/><U96/><E28/><V13/><F106/><W124/><G124/><T23/><D14/><U115/><E43/><V7/><F44/><W6/><G6/><T70/><D70/><U90/><E73/><V69/><F69/><W97/><G99/><N who="0" m="61887" /><D12/><U98/><E76/><V1/><F1/><W19/><G19/><T81/><D81/><U26/><E90/><V71/><F71/><W116/><G116/><T54/><D23/><U57/><E57/><V36/><F36/><W22/><REACH who="3" step="1"/><G25/><REACH who="3" ten="297,25,320,348" step="2"/><N who="0" m="18479" /><D55/><U112/><E26/><V85/><F126/><W78/><G78/><T133/><D133/><U127/><E16/><AGARI ba="2,1" hai="4,5,7,13,16,20,85,87,92,93,95,100,102,103" machi="16" ten="50,8000,1" yaku="29,2,8,1,54,1" doraHai="109" who="2" fromWho="1" sc="297,0,25,-86,320,96,348,0" owari="297,-10.0,-61,-56.0,416,51.0,348,15.0" /></mjloggm>