<mjloggm ver="2.3"><GO type="169" lobby="0"/><UN n0="%77%69%6C%73%6F%6E" n1="%E6%88%91%E7%A0%B4%E9%AD%94" n2="%E3%81%8B%E3%81%A5%E3%81%8D%EF%BC%B8%EF%BC%A9" n3="%73%68%6F%35%35%35%35%35" dan="16,16,16,16" rate="2145.16,2158.04,2086.24,2111.23" sx="M,M,M,M"/><TAIKYOKU oya="0"/><INIT seed="0,0,0,2,5,6" ten="250,250,250,250" oya="0" hai0="61,4,40,3,83,23,135,72,1,101,114,92,84" hai1="33,35,55,130,49,21,102,18,29,93,125,69,12" hai2="43,7,77,70,118,108,103,62,24,74,113,76,63" hai3="37,27,64,41,98,89,17,36,88,100,112,42,99"/><T26/><D114/><U82/><E130/><V131/><F108/><W48/><G64/><T127/><D72/><U79/><E69/><V47/><F113/><W119/><G48/><T67/><D135/><U32/><E125/><V30/><F131/><W60/><G60/><T78/><D127/><U115/><E115/><V121/><F121/><W116/><G112/><T80/><D40/><U20/><E102/><V16/><F118/><W87/><G87/><T95/><D83/><U120/><E93/><V54/><F103/><W11/><G100/><T14/><D3/><U28/><E21/><V109/><F109/><W96/><G27/><T45/><D1/><U2/><E2/><V31/><F70/><W15/><G42/><T124/><D45/><U34/><N who="1" m="8192" /><DORA hai="10" /><U85/><REACH who="1" step="1"/><E120/><REACH who="1" ten="250,240,250,250" step="2"/><V90/><F74/><W58/><G116/><T81/><D124/><U19/><E19/><V56/><F16/><W50/><G119/><T111/><D101/><U86/><E86/><V5/><F5/><W134/><G134/><T73/><D111/><U129/><E129/><V22/><F7/><W46/><REACH who="3" step="1"/><G58/><AGARI ba="0,1" hai="12,18,20,28,29,49,55,58,79,82,85" m="8192" machi="58" ten="70,8000,1" yaku="1,1,52,1,53,1" doraHai="6,10" doraHaiUra="75,94" who="1" fromWho="3" sc="250,0,240,90,250,0,250,-80" /><INIT seed="1,0,0,3,4,31" ten="250,330,250,170" oya="1" hai0="74,129,55,42,118,75,66,57,44,13,87,88,117" hai1="97,116,30,84,43,39,98,56,12,126,124,61,50" hai2="131,49,76,130,92,8,111,93,80,59,15,100,89" hai3="4,34,9,54,91,26,103,53,127,16,119,6,23"/><U28/><E116/><V70/><F70/><W90/><G127/><N who="1" m="48682" /><E39/><V110/><F59/><W20/><G119/><T47/><D129/><N who="2" m="49162" /><F49/><W5/><G103/><T62/><D117/><U1/><E1/><V101/><F15/><N who="3" m="7279" /><G34/><T78/><D118/><U45/><E12/><V134/><F8/><W67/><G67/><T38/><D78/><U83/><E28/><V63/><F63/><W68/><G68/><T123/><D123/><U32/><E30/><V65/><F65/><W17/><G20/><T18/><D47/><U60/><E60/><V113/><F134/><W29/><G29/><T114/><D114/><U133/><E133/><V41/><F41/><W48/><G54/><T104/><D104/><U11/><E11/><V120/><F120/><W115/><G115/><T33/><D33/><U2/><E2/><V22/><F22/><W19/><G17/><T37/><D37/><U109/><E109/><N who="2" m="41483" /><F113/><W27/><G27/><T106/><D106/><U81/><E32/><V121/><F121/><W95/><G95/><N who="2" m="36425" /><F89/><W7/><N who="3" m="1024" /><DORA hai="69" /><W125/><G125/><T24/><D24/><U112/><E112/><V21/><F21/><W122/><G122/><T40/><D66/><U96/><E43/><V71/><F71/><W79/><G90/><T102/><D42/><U35/><E35/><V0/><F0/><W86/><G91/><T105/><D18/><U25/><E25/><V107/><F107/><W82/><G53/><T85/><D13/><U135/><E135/><V58/><F58/><W99/><G48/><T3/><D3/><U72/><E50/><V94/><F94/><RYUUKYOKU ba="0,0" sc="250,-15,330,-15,250,15,170,15" hai2="76,80,100,101" hai3="19,23,26,79,82,86,99" /><INIT seed="2,1,0,3,3,57" ten="235,315,265,185" oya="2" hai0="73,9,28,105,54,120,126,93,125,47,131,130,94" hai1="104,68,135,56,31,106,78,86,118,30,53,109,67" hai2="3,74,114,37,133,83,75,2,115,36,64,12,19" hai3="84,72,8,51,41,48,29,61,6,63,85,5,46"/><V22/><F133/><W107/><G72/><T97/><D120/><U4/><E118/><V89/><F64/><W99/><G29/><T98/><D28/><U66/><E135/><V76/><F89/><W43/><G107/><T23/><D9/><U124/><E109/><V17/><F17/><W128/><G99/><N who="0" m="37899" /><D23/><U44/><E44/><V60/><F75/><W45/><REACH who="3" step="1"/><G8/><REACH who="3" ten="235,315,265,175" step="2"/><T71/><D105/><U65/><E30/><V40/><F74/><W111/><G111/><T38/><D73/><U129/><E31/><V70/><F115/><W121/><G121/><T50/><D38/><U103/><E104/><V108/><F108/><W33/><G33/><T96/><D96/><U16/><E106/><V91/><F37/><W10/><G10/><T117/><D117/><U123/><E123/><V81/><F36/><W39/><G39/><T100/><D100/><U55/><E103/><V62/><F114/><W92/><G92/><N who="0" m="35435" /><D71/><U122/><E68/><V95/><F70/><W82/><G82/><T69/><D69/><U101/><E101/><V87/><F83/><W80/><G80/><T26/><D26/><U127/><E122/><V90/><F81/><W77/><G77/><T34/><D34/><U113/><E78/><V18/><F76/><W42/><G42/><T21/><D21/><U1/><E113/><V49/><F40/><W24/><G24/><T116/><D116/><U134/><E134/><V79/><F79/><W0/><G0/><T14/><D14/><U58/><E127/><AGARI ba="1,1" hai="47,50,54,125,126,127,130,131" m="35435,37899" machi="127" ten="30,1000,0" yaku="18,1" doraHai="57" who="0" fromWho="1" sc="235,23,315,-13,265,0,175,0" /><INIT seed="3,0,0,1,1,64" ten="258,302,265,175" oya="3" hai0="135,122,48,13,43,21,116,38,9,99,118,1,59" hai1="91,25,2,17,62,79,81,95,90,18,56,110,86" hai2="45,97,34,24,117,134,15,133,77,33,115,49,130" hai3="124,55,54,53,128,68,101,60,8,57,85,72,73"/><W30/><G124/><T35/><D35/><U0/><E110/><V76/><F115/><W14/><G128/><T52/><D122/><U111/><E111/><V88/><F117/><W63/><G30/><T26/><D1/><U41/><E41/><V66/><F130/><W4/><G101/><T103/><D135/><N who="2" m="51722" /><F66/><W82/><G63/><T120/><D120/><U61/><E61/><V36/><F36/><W39/><G39/><T69/><D69/><U126/><E126/><V106/><F106/><W104/><G104/><T74/><D74/><U47/><E47/><V44/><F15/><W12/><G14/><T132/><D132/><U89/><E95/><N who="2" m="56551" /><F24/><W27/><G27/><T78/><D78/><N who="2" m="30314" /><F44/><W50/><G68/><T40/><D38/><U96/><E96/><V19/><F19/><W84/><G84/><T5/><D118/><U31/><E0/><V114/><F114/><W108/><G108/><T58/><D58/><U28/><E2/><V98/><F98/><W125/><G125/><T121/><D121/><U107/><E107/><V102/><F102/><W131/><G131/><T42/><D116/><U23/><REACH who="1" step="1"/><E17/><REACH who="1" ten="258,292,265,175" step="2"/><V100/><F100/><W46/><REACH who="3" step="1"/><G55/><AGARI ba="0,1" hai="18,23,25,28,31,55,56,62,79,81,86,89,90,91" machi="55" ten="40,5200,0" yaku="1,1,2,1,8,1,53,0" doraHai="64" doraHaiUra="123" who="1" fromWho="3" sc="258,0,292,62,265,0,175,-52" /><AGARI ba="0,0" hai="33,34,45,49,55" m="30314,56551,51722" machi="55" ten="30,2000,0" yaku="20,1,54,1" doraHai="64" who="2" fromWho="3" sc="258,0,354,0,265,20,123,-20" /><INIT seed="4,0,0,2,0,61" ten="258,354,285,103" oya="0" hai0="116,74,49,127,15,76,117,27,38,132,46,81,12" hai1="33,73,125,8,112,1,43,69,121,55,134,97,10" hai2="105,11,29,36,131,47,30,20,118,72,22,115,83" hai3="34,57,50,104,37,119,120,18,44,19,82,48,53"/><T128/><D38/><U90/><E121/><V68/><F105/><W58/><G119/><T96/><D127/><U4/><E125/><V67/><F115/><W113/><G104/><T78/><D132/><U133/><E33/><V98/><F131/><W106/><G106/><T114/><D128/><U63/><E73/><V17/><F98/><W70/><G34/><T23/><D114/><U100/><E100/><V21/><F118/><W62/><G82/><T101/><D78/><U14/><E112/><V109/><F109/><W6/><G6/><T45/><D45/><U59/><E69/><V52/><F36/><W102/><G102/><T40/><D116/><U110/><E43/><V85/><F72/><W108/><G113/><T13/><D117/><U41/><E41/><V80/><F80/><W103/><G103/><T124/><D124/><U79/><E79/><V77/><F11/><W56/><G120/><T89/><D101/><U7/><E110/><V92/><F92/><W28/><G37/><T39/><D39/><U91/><REACH who="1" step="1"/><E97/><REACH who="1" ten="258,344,285,103" step="2"/><V75/><F75/><W107/><G70/><T26/><REACH who="0" step="1"/><D23/><REACH who="0" ten="248,344,285,103" step="2"/><U32/><E32/><V122/><F21/><W66/><G108/><T2/><D2/><U25/><E25/><V129/><F22/><W71/><G107/><T54/><D54/><U60/><E60/><N who="2" m="40039" /><F129/><W35/><G50/><T95/><AGARI ba="0,2" hai="12,13,15,26,27,40,46,49,74,76,81,89,95,96" machi="95" ten="30,3000,0" yaku="1,1,0,1,53,0" doraHai="61" doraHaiUra="123" who="0" fromWho="0" sc="248,50,344,-10,285,-10,103,-10" /><INIT seed="4,1,0,2,0,9" ten="298,334,275,93" oya="0" hai0="133,89,64,124,70,53,47,106,126,5,62,46,3" hai1="84,52,101,15,129,79,91,66,45,54,38,30,44" hai2="95,69,130,14,128,99,121,123,48,100,103,11,67" hai3="108,77,8,60,104,61,131,16,94,56,59,63,102"/><T111/><D106/><U68/><E129/><N who="2" m="49771" /><F48/><W36/><G131/><T80/><D133/><U12/><E101/><V85/><F85/><W65/><G36/><T51/><D111/><U4/><E30/><V122/><F67/><W0/><G104/><T35/><D35/><U32/><E32/><V29/><F69/><W116/><G116/><T82/><D3/><U19/><E79/><V23/><F103/><W31/><G31/><T42/><D5/><U21/><E66/><V72/><F72/><W134/><G134/><T114/><D114/><U34/><E34/><V97/><F97/><N who="3" m="59703" /><G0/><T24/><D24/><U43/><E68/><V40/><F40/><W76/><G108/><T110/><D110/><U93/><REACH who="1" step="1"/><E45/><REACH who="1" ten="298,324,275,93" step="2"/><V13/><F11/><AGARI ba="1,1" hai="4,11,12,15,19,21,38,43,44,52,54,84,91,93" machi="11" ten="40,8000,1" yaku="1,1,2,1,52,2,54,1,53,0" doraHai="9" doraHaiUra="132" who="1" fromWho="2" sc="298,0,324,93,275,-83,93,0" /><INIT seed="5,0,0,4,4,95" ten="298,417,192,93" oya="1" hai0="114,84,30,91,96,51,35,24,55,7,41,56,5" hai1="65,115,97,0,59,82,83,63,122,29,98,37,77" hai2="38,111,121,8,54,69,9,23,80,13,39,118,135" hai3="106,36,18,12,32,71,28,107,11,21,100,61,70"/><U19/><E122/><V10/><F69/><W134/><G36/><T102/><D114/><U64/><E115/><V53/><F111/><W16/><G134/><T116/><D116/><U129/><E129/><V78/><F121/><W126/><G126/><T103/><D41/><U124/><E124/><V108/><F108/><W133/><G133/><T68/><D68/><U90/><E37/><V52/><F118/><W87/><G71/><T26/><D103/><U66/><E0/><V117/><F117/><W17/><G32/><T15/><D15/><U128/><E128/><V99/><F99/><N who="1" m="37897" /><E29/><V75/><REACH who="2" step="1"/><F135/><REACH who="2" ten="298,417,182,93" step="2"/><W40/><G70/><T123/><D123/><U25/><E77/><V50/><F50/><W3/><G61/><T33/><D102/><U112/><E112/><V42/><F42/><W67/><G40/><T104/><D104/><U6/><E63/><V92/><F92/><W130/><G106/><T4/><D96/><U49/><E49/><V81/><F81/><W2/><G107/><T125/><D125/><U79/><E82/><V74/><F74/><W27/><G100/><T131/><D131/><U93/><E83/><V105/><F105/><W20/><G130/><T14/><D51/><U46/><E93/><V120/><F120/><W22/><G87/><T48/><D84/><U132/><E79/><V58/><F58/><W94/><G94/><T119/><D119/><U101/><E59/><V109/><F109/><W89/><G89/><T43/><D91/><U60/><E90/><V86/><F86/><W85/><G85/><T57/><D57/><U31/><E132/><RYUUKYOKU ba="0,1" sc="298,-10,417,-10,182,30,93,-10" hai2="8,9,10,13,23,38,39,52,53,54,75,78,80" /><INIT seed="6,1,1,2,0,94" ten="288,407,212,83" oya="2" hai0="55,35,10,93,85,118,22,33,18,102,59,119,74" hai1="125,11,60,99,86,121,88,68,6,84,80,130,126" hai2="66,112,81,101,127,16,111,78,128,36,7,76,8" hai3="65,115,46,105,26,109,120,104,117,32,71,132,110"/><V97/><F36/><W28/><G120/><T34/><D74/><U114/><E114/><V77/><F112/><W9/><G115/><T91/><D10/><U134/><E121/><V83/><F127/><N who="1" m="48649" /><E130/><V75/><F128/><W69/><G117/><T73/><D73/><U106/><E134/><V29/><F111/><W89/><G89/><T61/><REACH who="0" step="1"/><D102/><REACH who="0" ten="278,407,212,83" step="2"/><U95/><E11/><V79/><F75/><W131/><G9/><T64/><D64/><N who="1" m="40967" /><E6/><V53/><F66/><W20/><G65/><T12/><AGARI ba="1,2" hai="12,18,22,33,34,35,55,59,61,85,91,93,118,119" machi="12" ten="40,5200,0" yaku="1,1,0,1,53,1" doraHai="94" doraHaiUra="48" who="0" fromWho="0" sc="278,75,407,-14,212,-27,83,-14" /><INIT seed="7,0,0,1,2,16" ten="353,393,185,69" oya="3" hai0="132,91,118,122,51,59,28,93,88,34,61,11,97" hai1="105,45,27,53,130,4,44,108,57,119,70,15,54" hai2="74,103,124,89,12,38,43,109,98,13,6,3,80" hai3="126,111,75,125,24,69,10,129,127,26,82,117,107"/><W68/><G117/><T9/><D122/><U36/><E108/><V100/><F124/><W5/><G107/><T62/><D118/><U30/><E70/><N who="3" m="27242" /><G111/><T47/><D132/><U87/><E105/><V76/><F109/><W65/><G65/><T83/><D34/><U112/><E112/><V133/><F133/><W60/><G60/><T19/><D28/><U116/><E130/><V17/><F89/><W101/><G101/><T64/><D61/><U8/><E87/><V115/><F115/><W56/><G56/><T131/><D131/><U58/><E58/><V49/><F103/><W106/><G106/><T48/><D19/><U94/><E36/><V128/><F128/><W25/><G129/><T67/><D67/><U2/><E2/><V66/><F66/><W0/><G82/><T99/><D51/><U33/><E119/><V95/><F80/><W114/><G75/><T84/><REACH who="0" step="1"/><D97/><REACH who="0" ten="343,393,185,69" step="2"/><U135/><E135/><V22/><F98/><W72/><G72/><T123/><D123/><U55/><E116/><V104/><F74/><W7/><G7/><T20/><D20/><N who="1" m="15719" /><E57/><V121/><F6/><W14/><G114/><T77/><D77/><U110/><E110/><V52/><F121/><W46/><G46/><N who="1" m="18026" /><E33/><V102/><F104/><W50/><G50/><T37/><D37/><U73/><E73/><V96/><F49/><W29/><G29/><T41/><AGARI ba="0,1" hai="9,11,41,47,48,59,62,64,83,84,88,91,93,99" machi="41" ten="20,12000,2" yaku="1,1,0,1,7,1,8,1,54,1,53,1" doraHai="16" doraHaiUra="39" who="0" fromWho="0" sc="343,130,393,-30,185,-30,69,-60" owari="473,57.0,363,16.0,155,-24.0,9,-49.0" /></mjloggm>