<mjloggm ver="2.3"><GO type="169" lobby="0"/><UN n0="%E2%80%A0%E6%B0%B4%E9%8A%80%E7%87%88%E2%80%A0" n1="%E6%B1%A0%E7%94%B0%E3%81%AD%E3%81%93" n2="%E3%83%81%E3%83%83%E3%83%97%E3%82%B3%E3%83%AC%E3%82%AF%E3%82%BF%E3%83%BC" n3="%E2%80%A0%E7%99%BD%E5%85%8E%E2%80%A0" dan="16,16,16,16" rate="2156.61,2042.99,2136.62,2155.84" sx="F,F,M,M"/><TAIKYOKU oya="0"/><INIT seed="0,0,0,4,4,110" ten="250,250,250,250" oya="0" hai0="134,46,62,90,30,123,59,85,40,63,4,41,0" hai1="20,113,71,66,42,100,19,119,2,16,96,44,125" hai2="101,28,108,23,93,38,14,37,112,70,129,79,43" hai3="116,118,133,61,117,51,8,109,128,75,3,31,131"/><T114/><D123/><U130/><E119/><V92/><F108/><W84/><G75/><T98/><D134/><U55/><E2/><V68/><F129/><N who="3" m="49739" /><G109/><T53/><D30/><U39/><E130/><V120/><F79/><W17/><G61/><T33/><D33/><U32/><E32/><V57/><F120/><W12/><G84/><T80/><D0/><U69/><E19/><V64/><F43/><W5/><G51/><T47/><D4/><U36/><E36/><V60/><F92/><W24/><G133/><T27/><D27/><U89/><E89/><V132/><F132/><W126/><G126/><T13/><D13/><U34/><E34/><V106/><F106/><W121/><G121/><T58/><D114/><U65/><E113/><V74/><F112/><W72/><G72/><T105/><D105/><U1/><E1/><V97/><F74/><W82/><G82/><T86/><D98/><U15/><E125/><V73/><F73/><W10/><G118/><T78/><D40/><U77/><E77/><V18/><REACH who="2" step="1"/><F28/><REACH who="2" ten="250,250,240,250" step="2"/><W99/><G99/><T45/><D41/><U9/><E96/><V35/><F35/><AGARI ba="0,1" hai="3,5,8,10,12,17,24,31,35,116,117" m="49739" machi="35" ten="30,3900,0" yaku="19,1,34,2" doraHai="110" who="3" fromWho="2" sc="250,0,250,0,240,-39,250,49" /><INIT seed="1,0,0,0,3,38" ten="250,250,201,299" oya="1" hai0="87,57,63,71,74,35,91,118,13,132,79,114,88" hai1="50,134,51,24,30,131,4,83,85,73,100,109,94" hai2="25,81,67,12,110,125,90,60,86,49,40,56,44" hai3="62,47,59,101,108,55,15,113,89,121,135,61,119"/><U102/><E73/><V105/><F125/><W77/><G113/><T99/><D118/><U104/><E104/><V34/><F110/><W75/><G121/><T117/><D117/><U8/><E109/><V18/><F105/><W111/><G119/><T48/><D35/><U106/><E106/><V19/><REACH who="2" step="1"/><F12/><REACH who="2" ten="250,250,191,299" step="2"/><W41/><G15/><T82/><D13/><U93/><E131/><V103/><F103/><W107/><G101/><T84/><D114/><U70/><E102/><V27/><F27/><W9/><G107/><T72/><D132/><U133/><E100/><V69/><F69/><W112/><G135/><T21/><D71/><U130/><E70/><V53/><F53/><W33/><G112/><T28/><D72/><U11/><E130/><V0/><F0/><W45/><G55/><T98/><D74/><U3/><E134/><V5/><F5/><W23/><G75/><T6/><D6/><U58/><E133/><V54/><F54/><W68/><G68/><T129/><D129/><U2/><E4/><V7/><F7/><W123/><G111/><T78/><D98/><U64/><E2/><V116/><F116/><W95/><G108/><T16/><D99/><U43/><E3/><V37/><F37/><W76/><G123/><T10/><D84/><U26/><E85/><V32/><F32/><W36/><G33/><T97/><D97/><U17/><E64/><V42/><F42/><W128/><G36/><T92/><D87/><U31/><E43/><V52/><F52/><N who="3" m="34023" /><G41/><T96/><D96/><U124/><E124/><V46/><F46/><N who="3" m="17419" /><G128/><T29/><D57/><RYUUKYOKU ba="0,1" sc="250,-10,250,-10,191,30,299,-10" hai2="18,19,25,34,40,44,49,56,60,67,81,86,90" /><INIT seed="2,1,1,0,0,17" ten="240,240,221,289" oya="2" hai0="105,10,65,26,120,59,101,108,97,48,107,52,4" hai1="22,75,76,55,45,93,132,70,83,15,19,90,33" hai2="99,80,100,92,66,23,77,86,104,103,14,24,25" hai3="121,56,12,125,37,112,95,134,42,127,13,130,117"/><V51/><F66/><W98/><G117/><T82/><D108/><U1/><E132/><V20/><F104/><W102/><G121/><T122/><D107/><U64/><E33/><V115/><F115/><W6/><G134/><T57/><D82/><U111/><E111/><V46/><F103/><W40/><G112/><T62/><REACH who="0" step="1"/><D26/><REACH who="0" ten="230,240,221,289" step="2"/><N who="2" m="10346" /><F14/><AGARI ba="1,2" hai="4,10,14,48,52,57,59,62,65,97,101,105,120,122" machi="14" ten="30,3900,0" yaku="1,1,7,1,54,1,53,0" doraHai="17" doraHaiUra="79" who="0" fromWho="2" sc="230,62,240,0,221,-42,289,0" /><INIT seed="3,0,0,5,0,126" ten="292,240,179,289" oya="3" hai0="65,82,67,132,35,128,108,96,0,32,17,36,119" hai1="62,66,40,60,84,131,81,133,23,26,106,29,124" hai2="52,10,33,99,56,70,75,44,80,93,24,97,100" hai3="111,121,50,19,107,31,9,117,94,87,114,102,30"/><W21/><G114/><T71/><D119/><U79/><E124/><V85/><F75/><W54/><G121/><T127/><D127/><U130/><E106/><V105/><F70/><W95/><G117/><T112/><D36/><U47/><E133/><V61/><F10/><W38/><G38/><T57/><D0/><U45/><E62/><V74/><F74/><W18/><G107/><T135/><D71/><U86/><E86/><V25/><F44/><W63/><G63/><T20/><D108/><U37/><REACH who="1" step="1"/><E45/><REACH who="1" ten="292,230,179,289" step="2"/><V16/><F33/><W7/><G87/><T113/><D32/><U2/><E2/><V6/><F85/><W129/><G111/><T11/><D35/><U43/><E43/><V118/><F105/><W53/><G53/><T69/><D132/><U42/><E42/><V49/><F52/><W134/><G134/><T89/><D135/><U83/><E83/><V34/><F80/><W51/><G54/><T88/><D82/><U64/><E64/><V122/><F34/><W110/><G110/><T3/><D65/><U125/><E125/><V5/><F61/><W39/><G95/><T28/><D67/><U76/><E76/><V27/><F93/><W72/><G94/><T73/><D3/><U48/><E48/><V59/><F49/><W92/><G51/><T13/><D73/><U12/><E12/><V68/><F118/><W4/><G50/><T78/><D13/><U58/><AGARI ba="0,1" hai="23,26,29,37,40,47,58,60,66,79,81,84,130,131" machi="58" ten="30,7900,0" yaku="1,1,0,1,52,2,53,0" doraHai="126" doraHaiUra="91" who="1" fromWho="1" sc="292,-20,230,89,179,-20,289,-39" /><INIT seed="4,0,0,0,4,107" ten="272,319,159,250" oya="0" hai0="132,115,40,118,39,134,56,34,72,7,10,44,47" hai1="1,58,113,14,5,82,114,12,77,57,130,8,27" hai2="90,94,100,133,13,117,109,48,89,67,2,105,127" hai3="101,37,106,26,86,25,87,68,32,120,112,3,49"/><T61/><D118/><U63/><E130/><V80/><F117/><W74/><G37/><T65/><D34/><U38/><E38/><V119/><F2/><W96/><G3/><T83/><D115/><N who="1" m="44043" /><E27/><V124/><F119/><W131/><G68/><T66/><D66/><N who="1" m="39279" /><E58/><V69/><F109/><W55/><G120/><T98/><D47/><U53/><E53/><V129/><F129/><W116/><G116/><T104/><D104/><U4/><E5/><V88/><F67/><W16/><G112/><T19/><D19/><U51/><E51/><V123/><F69/><W50/><G50/><T81/><D98/><U75/><AGARI ba="0,0" hai="1,4,8,12,14,75,77,82" m="39279,44043" machi="75" ten="30,4000,0" yaku="15,1,11,1,52,1" doraHai="107" who="1" fromWho="1" sc="272,-20,319,40,159,-10,250,-10" /><INIT seed="5,0,0,1,4,126" ten="252,359,149,240" oya="1" hai0="82,19,130,112,96,134,3,65,81,22,20,95,129" hai1="117,89,46,80,54,60,109,73,13,93,116,48,27" hai2="35,84,127,115,37,77,105,23,56,39,135,6,125" hai3="111,128,34,9,74,43,102,92,28,47,64,107,114"/><U51/><E109/><V49/><F35/><W12/><G111/><T21/><D3/><U69/><E73/><V113/><F105/><W68/><G74/><T17/><D65/><U16/><E80/><N who="0" m="30825" /><D112/><N who="2" m="43082" /><F77/><W97/><G92/><T76/><D76/><U31/><E60/><V121/><F84/><W10/><G12/><T57/><D57/><U101/><E101/><V90/><F90/><W124/><G124/><N who="2" m="47689" /><F121/><W106/><G106/><T14/><D14/><U61/><E61/><V98/><F98/><W94/><G97/><T122/><D122/><U110/><E69/><V58/><F6/><W41/><G68/><T59/><D59/><N who="2" m="22570" /><F23/><W4/><G4/><T66/><D96/><U67/><E89/><V133/><F49/><W26/><G107/><T5/><D5/><U11/><E51/><V36/><AGARI ba="0,0" hai="36,37,39,133,135" m="22570,47689,43082" machi="36" ten="50,12000,2" yaku="28,2,15,1,11,1,18,1,34,2" doraHai="126" who="2" fromWho="2" sc="252,-30,359,-60,149,120,240,-30" /><INIT seed="6,0,0,4,5,90" ten="222,299,269,210" oya="2" hai0="57,62,112,31,93,96,67,40,121,101,60,124,87" hai1="131,122,103,33,116,45,104,98,83,76,48,50,72" hai2="14,15,49,26,30,18,91,111,0,120,71,44,35" hai3="24,129,117,118,68,85,42,132,73,88,86,82,125"/><V77/><F120/><W54/><G68/><T25/><D112/><U63/><E116/><V43/><F71/><W59/><G73/><T94/><D124/><U52/><E33/><V28/><F77/><W41/><G125/><T27/><D121/><U38/><E122/><V13/><F0/><W12/><G129/><T99/><D40/><U127/><E127/><V110/><F30/><W80/><G132/><T11/><D87/><U84/><E131/><V17/><REACH who="2" step="1"/><F91/><REACH who="2" ten="222,299,259,210" step="2"/><W46/><G118/><T107/><D31/><U106/><E76/><V65/><F65/><W6/><G117/><T81/><D67/><U115/><E115/><V135/><F135/><W34/><G88/><T4/><D101/><U128/><E103/><V126/><F126/><W32/><G32/><T66/><D66/><U113/><E113/><V69/><F69/><W16/><G34/><T21/><D81/><U70/><E83/><V20/><F20/><W100/><G100/><T3/><D21/><U78/><E78/><V37/><F37/><W133/><G82/><T53/><D3/><U56/><E38/><V55/><F55/><W105/><G80/><T1/><D53/><N who="1" m="29839" /><E128/><V23/><F23/><W8/><G133/><T119/><D1/><U39/><E39/><V47/><F47/><W89/><G46/><T9/><D119/><U22/><E22/><V97/><F97/><W51/><G86/><T74/><D99/><U109/><E84/><V134/><F134/><W123/><G123/><T58/><D96/><U92/><E72/><V10/><F10/><W7/><G85/><T64/><D74/><RYUUKYOKU ba="0,1" sc="222,-10,299,-10,259,30,210,-10" hai2="13,14,15,17,18,26,28,35,43,44,49,110,111" /><INIT seed="6,1,1,2,1,87" ten="212,289,289,200" oya="2" hai0="123,53,67,68,47,86,106,36,108,44,0,32,80" hai1="134,66,13,64,38,82,133,49,122,92,21,95,118" hai2="15,31,18,55,73,96,9,130,41,129,121,84,112" hai3="119,109,61,104,78,111,56,17,63,135,51,26,27"/><V50/><F121/><W58/><G119/><T120/><D108/><U70/><E118/><V54/><F73/><W14/><G104/><T46/><D32/><U99/><E38/><V94/><F84/><W97/><G78/><T39/><D0/><U12/><E122/><N who="0" m="46633" /><D86/><U100/><E82/><V19/><F31/><W65/><G51/><N who="0" m="28903" /><D80/><U8/><E49/><V101/><F112/><W30/><G97/><T7/><D7/><U22/><E12/><V29/><F29/><W81/><G81/><T114/><D106/><U77/><E77/><V59/><F54/><W24/><G135/><N who="1" m="51722" /><E95/><V107/><F41/><W124/><G111/><T75/><D75/><U11/><E11/><V52/><F55/><W125/><G109/><T6/><D6/><N who="1" m="3223" /><E66/><V33/><F33/><W57/><G30/><T131/><D114/><U40/><E40/><V16/><REACH who="2" step="1"/><F107/><REACH who="2" ten="212,289,279,200" step="2"/><W103/><G65/><T79/><D67/><U20/><E64/><V128/><AGARI ba="1,2" hai="9,15,16,18,19,50,52,59,94,96,101,128,129,130" machi="128" ten="30,18000,2" yaku="1,1,2,1,0,1,19,1,54,2,53,0" doraHai="87" doraHaiUra="113" who="2" fromWho="2" sc="212,-61,289,-61,279,203,200,-61" /><INIT seed="6,2,0,5,0,117" ten="151,228,482,139" oya="2" hai0="17,78,5,111,61,27,82,102,7,133,85,98,50" hai1="119,91,36,130,124,46,125,69,121,108,123,90,9" hai2="129,57,105,21,80,79,86,52,118,73,89,122,20" hai3="18,24,76,131,120,32,63,29,41,100,45,106,97"/><V88/><F118/><W11/><G131/><T26/><D133/><U33/><E119/><V99/><F122/><N who="1" m="46601" /><E33/><V95/><F129/><W96/><G120/><T132/><D132/><U77/><E130/><V75/><F75/><W110/><G110/><T28/><D111/><U127/><E108/><V38/><F38/><W134/><G134/><T6/><D28/><U135/><E135/><V15/><F15/><W71/><G96/><T35/><D35/><U83/><E9/><V107/><F107/><W19/><G76/><T103/><D61/><U84/><E69/><V16/><F16/><W14/><G63/><T4/><D4/><U87/><E46/><V101/><F89/><N who="1" m="33801" /><E36/><V116/><F116/><W109/><G71/><T126/><D5/><U39/><E39/><V128/><F128/><W54/><G109/><T48/><D6/><U10/><E10/><V74/><F74/><AGARI ba="2,0" hai="74,77,83,84,87,124,125,127" m="33801,46601" machi="74" ten="40,12000,2" yaku="18,1,13,1,34,2,52,3" doraHai="117" who="1" fromWho="2" sc="151,0,228,126,482,-126,139,0" /><INIT seed="7,0,0,2,1,30" ten="151,354,356,139" oya="3" hai0="63,113,58,5,118,60,121,71,92,50,97,21,91" hai1="24,17,126,31,19,27,59,11,135,99,90,29,66" hai2="129,134,8,130,56,10,61,54,104,34,14,35,108" hai3="132,41,122,75,94,82,80,48,23,4,77,47,95"/><W40/><G122/><T57/><D121/><U76/><E76/><V128/><F108/><W119/><G119/><T83/><D118/><U93/><E135/><V114/><F134/><W36/><G132/><T37/><D37/><U120/><E126/><V22/><F114/><W98/><G82/><T102/><D113/><U2/><E120/><V133/><F133/><W45/><G98/><T115/><D115/><U1/><E1/><V46/><F104/><W101/><G101/><T116/><D116/><U112/><E112/><V49/><F22/><W105/><G105/><T87/><D71/><U53/><E66/><N who="2" m="39207" /><F8/><W64/><G4/><AGARI ba="0,0" hai="4,10,14,34,35,46,49,54,128,129,130" m="39207" machi="4" ten="30,3900,0" yaku="19,1,52,2" doraHai="30" who="2" fromWho="3" sc="151,0,354,0,356,39,139,-39" owari="151,-25.0,354,15.0,395,50.0,100,-40.0" /></mjloggm>