<mjloggm ver="2.3"><GO type="185" lobby="0"/><UN n0="%E5%BF%AB%E9%81%A9" n1="%63%61%6C%63%2E" n2="%E3%81%BE%E3%82%8D%E3%81%AB%E3%81%84" n3="" dan="17,19,16,0" rate="2268.42,2390.91,2065.40,1500.00" sx="M,M,M,C"/><TAIKYOKU oya="0"/><INIT seed="0,0,0,3,5,64" ten="350,350,350,0" oya="0" hai0="33,106,122,89,68,101,81,125,84,91,103,129,80" hai1="95,0,83,47,92,58,51,36,102,111,34,128,40" hai2="119,105,97,71,67,82,126,131,87,35,107,108,59" hai3=""/><T42/><N who="0" m="31264" /><T135/><D33/><U98/><E34/><V133/><F35/><T124/><D42/><U38/><E0/><V43/><F119/><T78/><D68/><U116/><E116/><V112/><F112/><T61/><D61/><U130/><E111/><V3/><F108/><T94/><D135/><U77/><E92/><V65/><F133/><T55/><D55/><U74/><REACH who="1" step="1"/><E58/><REACH who="1" ten="350,340,350,0" step="2"/><V85/><F3/><T53/><D106/><U75/><E75/><V52/><F107/><T86/><D129/><AGARI ba="0,1" hai="36,38,40,47,51,74,77,83,95,98,102,128,129,130" machi="129" ten="40,5200,0" yaku="1,1,19,1,53,1" doraHai="64" doraHaiUra="76" who="1" fromWho="0" sc="350,-52,340,62,350,0,0,0" /><INIT seed="1,0,0,5,2,60" ten="298,402,350,0" oya="1" hai0="98,74,35,112,80,62,104,45,105,34,65,78,122" hai1="55,86,118,92,41,85,117,67,42,57,70,52,33" hai2="38,51,133,36,110,72,39,119,125,127,107,69,58" hai3=""/><U108/><E33/><V134/><F107/><T129/><N who="0" m="31264" /><T96/><D112/><U113/><E113/><V106/><F106/><T132/><D132/><N who="2" m="50794" /><F72/><T115/><D115/><U32/><E32/><V88/><F119/><T131/><D98/><U66/><E57/><V121/><N who="2" m="31008" /><V50/><F110/><T97/><D97/><U0/><E92/><V77/><F77/><T89/><D104/><U63/><E63/><V130/><F69/><T56/><D45/><U109/><REACH who="1" step="1"/><E70/><REACH who="1" ten="298,392,350,0" step="2"/><V102/><F102/><T81/><D35/><U2/><AGARI ba="0,1" hai="0,2,41,42,52,55,66,67,85,86,108,109,117,118" machi="2" ten="25,16000,3" yaku="1,1,2,1,0,1,22,2,52,2,54,1,53,2" doraHai="60" doraHaiUra="61" who="1" fromWho="1" sc="298,-80,392,170,350,-80,0,0" /><INIT seed="1,1,0,1,0,132" ten="218,562,270,0" oya="1" hai0="107,3,100,88,105,120,135,70,102,79,38,101,52" hai1="84,77,43,54,33,83,36,106,93,129,44,51,104" hai2="134,78,110,91,71,62,112,98,58,67,0,128,124" hai3=""/><U66/><E33/><V115/><F0/><T89/><N who="0" m="30752" /><T97/><D3/><U133/><E133/><V34/><F134/><T73/><D135/><U116/><E116/><V32/><F110/><T59/><D70/><U109/><E109/><V40/><F78/><T57/><D38/><U68/><E129/><V95/><F128/><T81/><D59/><U49/><E51/><V117/><F117/><T63/><REACH who="0" step="1"/><D97/><REACH who="0" ten="208,562,270,0" step="2"/><U125/><E68/><V69/><F34/><T48/><D48/><U1/><E1/><V127/><F32/><T103/><N who="0" m="25600" /><DORA hai="45" /><T75/><D75/><U114/><E36/><V113/><F69/><T130/><D130/><U80/><E114/><V86/><F71/><T87/><D87/><U90/><E49/><V108/><F108/><T72/><D72/><U56/><E56/><V64/><F40/><T122/><N who="0" m="31264" /><T46/><D46/><U42/><E84/><V94/><F98/><T118/><D118/><U123/><E44/><V60/><F60/><T65/><D65/><U39/><E66/><V99/><F67/><T47/><D47/><U41/><E39/><V111/><F111/><T96/><D96/><U2/><E2/><V85/><F99/><T61/><D61/><U35/><E35/><RYUUKYOKU ba="1,1" sc="208,10,562,-20,270,10,0,0" hai0="52,57,63,73,79,81,88,89,105,107" hai2="58,62,64,85,86,91,94,95,112,113,115,124,127" /><INIT seed="2,2,1,1,4,125" ten="218,542,280,0" oya="2" hai0="91,57,129,54,116,60,75,78,46,65,48,109,66" hai1="64,0,39,1,122,121,110,76,49,62,128,108,124" hai2="35,63,38,37,33,34,42,135,93,51,131,88,120" hai3=""/><V130/><N who="2" m="30752" /><V52/><F135/><T58/><D116/><U55/><N who="1" m="31008" /><U106/><N who="1" m="31264" /><U59/><E124/><V133/><F133/><T40/><D78/><U87/><E106/><V81/><F81/><T107/><D75/><U119/><E39/><V123/><N who="2" m="31520" /><V41/><F63/><T114/><D107/><U69/><E119/><V73/><F73/><T115/><D91/><U101/><E101/><V92/><F92/><T85/><D85/><U77/><E87/><V99/><F38/><T112/><D109/><N who="1" m="42091" /><E128/><N who="2" m="49195" /><F37/><T127/><D129/><U89/><E89/><V67/><F67/><T132/><D132/><U43/><E43/><V90/><F90/><T68/><D127/><U47/><E77/><V83/><F83/><T44/><D66/><U104/><E76/><V113/><F113/><T36/><AGARI ba="2,1" hai="36,40,44,46,48,54,57,58,60,65,68,112,114,115" machi="36" ten="30,6000,1" yaku="0,1,11,1,34,3" doraHai="125" who="0" fromWho="0" sc="218,74,542,-22,280,-42,0,0" /><INIT seed="4,0,0,2,1,121" ten="292,520,238,0" oya="0" hai0="55,91,71,89,96,118,33,119,56,59,79,36,105" hai1="78,122,117,77,127,108,75,72,57,109,84,80,46" hai2="39,114,85,94,100,82,76,1,83,81,74,112,67" hai3=""/><T3/><D33/><U116/><N who="1" m="31264" /><U95/><E46/><V35/><F35/><T2/><D71/><U42/><E57/><V64/><F1/><T38/><D96/><U58/><E58/><V32/><F32/><T53/><REACH who="0" step="1"/><D79/><REACH who="0" ten="282,520,238,0" step="2"/><U47/><E78/><V124/><F114/><T107/><AGARI ba="0,1" hai="2,3,36,38,53,55,56,59,89,91,105,107,118,119" machi="107" ten="25,8000,1" yaku="1,1,2,1,0,1,22,2,53,0" doraHai="121" doraHaiUra="130" who="0" fromWho="0" sc="282,90,520,-40,238,-40,0,0" /><INIT seed="4,1,0,2,5,45" ten="372,480,198,0" oya="0" hai0="75,107,0,84,77,125,89,33,127,110,94,32,102" hai1="35,36,120,65,131,114,135,97,82,117,90,79,124" hai2="133,70,122,68,76,66,104,128,108,111,53,88,54" hai3=""/><T78/><D0/><U3/><RYUUKYOKU type="yao9" ba="1,0" sc="372,0,480,0,198,0,0,0" hai1="3,35,36,65,79,82,90,97,114,117,120,124,131,135" /><INIT seed="4,2,0,5,2,49" ten="372,480,198,0" oya="0" hai0="47,99,56,83,79,2,119,89,125,85,114,50,44" hai1="127,95,110,86,40,75,69,121,100,135,61,35,128" hai2="41,93,43,90,131,3,129,39,105,54,134,57,113" hai3=""/><T78/><D119/><U82/><N who="1" m="31008" /><U38/><E110/><V36/><F105/><T63/><D2/><U32/><E75/><V116/><F3/><T0/><D0/><U124/><E128/><N who="2" m="49227" /><F116/><T62/><D125/><N who="1" m="48203" /><E135/><V98/><F134/><T67/><D114/><U123/><N who="1" m="31520" /><U117/><E117/><V108/><F113/><T42/><D99/><U84/><E40/><N who="2" m="15435" /><F108/><T103/><D103/><U126/><E38/><V71/><F71/><T64/><REACH who="0" step="1"/><D47/><REACH who="0" ten="362,480,198,0" step="2"/><U106/><E126/><V52/><F54/><T122/><N who="0" m="31264" /><T70/><AGARI ba="2,1" hai="42,44,50,56,62,63,64,67,70,78,79,83,85,89" m="31264" machi="70" ten="20,8000,1" yaku="1,1,4,1,0,1,7,1,52,1,53,0" doraHai="49" doraHaiUra="112" who="0" fromWho="0" sc="362,94,480,-42,198,-42,0,0" /><INIT seed="4,3,0,0,0,3" ten="456,438,156,0" oya="0" hai0="82,1,81,40,116,132,83,42,61,126,110,79,65" hai1="57,131,70,90,104,74,91,100,59,135,32,127,54" hai2="129,98,93,58,48,99,44,56,105,60,51,78,85" hai3=""/><T125/><D116/><U86/><E70/><V67/><F129/><T63/><D1/><U106/><E74/><V77/><F105/><T120/><N who="0" m="30752" /><T130/><D130/><U109/><E131/><V89/><F58/><T0/><D0/><U122/><N who="1" m="31264" /><U43/><E43/><N who="0" m="16425" /><D63/><U2/><E2/><V46/><F51/><T36/><D36/><U117/><E117/><V88/><F99/><T128/><D128/><U119/><E119/><V50/><F50/><T118/><D118/><U123/><N who="1" m="31520" /><U68/><E68/><V47/><REACH who="2" step="1"/><F48/><REACH who="2" ten="456,438,146,0" step="2"/><T94/><D126/><U72/><E127/><V108/><F108/><T92/><D110/><U115/><E109/><V112/><F112/><T41/><D125/><U76/><E115/><V75/><F75/><T95/><D41/><U55/><E72/><V96/><F96/><T66/><D132/><U33/><E135/><V45/><N who="2" m="11264" /><DORA hai="102" /><V64/><F64/><N who="0" m="24682" /><D61/><U80/><E104/><V113/><F113/><T69/><D69/><U114/><E114/><V71/><F71/><T121/><N who="0" m="31008" /><T39/><D39/><U35/><E106/><V133/><F133/><T84/><AGARI ba="3,1" hai="79,81,82,83,84,92,94,95" m="31008,24682,16425,30752" machi="84" ten="30,4000,0" yaku="8,1,52,2" doraHai="3,102" who="0" fromWho="0" sc="456,56,438,-23,146,-23,0,0" /><INIT seed="4,4,0,2,5,60" ten="512,415,123,0" oya="0" hai0="91,98,45,118,76,1,112,90,52,104,71,34,35" hai1="73,128,130,63,37,43,41,121,94,86,115,117,54" hai2="66,74,69,113,85,47,93,46,61,101,89,44,92" hai3=""/><T134/><D1/><U65/><N who="1" m="31008" /><U97/><E73/><V49/><F74/><T62/><D118/><U38/><E86/><V107/><F113/><T129/><D112/><U82/><E82/><V77/><F107/><T108/><D76/><U75/><E75/><V57/><F77/><T39/><D45/><U131/><E54/><V110/><F110/><T55/><D108/><U59/><E117/><V100/><F69/><T122/><N who="0" m="31264" /><T33/><D39/><N who="1" m="14859" /><E115/><V95/><REACH who="2" step="1"/><F49/><REACH who="2" ten="512,415,113,0" step="2"/><T72/><D72/><U42/><E41/><V36/><F36/><T119/><D119/><U133/><E133/><V56/><F56/><T88/><D134/><U80/><E80/><AGARI ba="4,1" hai="44,46,47,57,61,66,80,85,89,92,93,95,100,101" machi="80" ten="40,8000,1" yaku="1,1,8,1,52,1,53,2" doraHai="60" doraHaiUra="99" who="2" fromWho="1" sc="512,0,415,-88,113,98,0,0" /><INIT seed="5,0,0,0,4,53" ten="512,327,211,0" oya="1" hai0="57,44,40,2,82,35,96,103,43,66,115,69,78" hai1="0,97,83,56,108,134,67,94,3,64,118,84,77" hai2="124,32,98,93,128,45,133,109,120,116,101,107,1" hai3=""/><U59/><E118/><V48/><RYUUKYOKU type="yao9" ba="0,0" sc="512,0,327,0,211,0,0,0" hai2="1,32,45,48,93,98,101,107,109,116,120,124,128,133" /><INIT seed="5,1,0,0,5,91" ten="512,327,211,0" oya="1" hai0="96,39,67,123,83,120,65,74,53,34,102,133,48" hai1="112,40,111,3,0,66,57,125,131,103,129,95,47" hai2="93,114,124,128,43,89,130,88,100,99,94,90,68" hai3=""/><U64/><E112/><V52/><F68/><T69/><N who="0" m="30752" /><T132/><N who="0" m="31520" /><T98/><D34/><U119/><E119/><V55/><F43/><T41/><D74/><U70/><E70/><V79/><F114/><T97/><D83/><U61/><E66/><N who="0" m="25097" /><D41/><U108/><E125/><V121/><N who="2" m="31008" /><V116/><F116/><T1/><D1/><U51/><E3/><V71/><F71/><T109/><D39/><U42/><E0/><V36/><F36/><T45/><D109/><N who="1" m="42059" /><E42/><V60/><F79/><T38/><D69/><U84/><E84/><V54/><F60/><T59/><D38/><U58/><E57/><V104/><REACH who="2" step="1"/><F124/><REACH who="2" ten="512,327,201,0" step="2"/><T106/><D59/><U56/><E58/><V73/><F73/><T92/><D48/><U87/><E56/><V85/><F85/><T49/><D45/><U82/><E61/><V101/><F101/><T81/><D102/><U33/><E64/><V37/><F37/><T63/><D63/><U80/><E103/><V110/><F110/><T135/><D49/><U113/><E113/><V44/><F44/><T107/><D133/><U72/><E72/><V2/><F2/><T126/><D135/><U50/><E51/><V86/><F86/><T118/><D132/><U62/><E62/><RYUUKYOKU ba="1,1" sc="512,-10,327,-10,201,20,0,0" hai2="52,54,55,88,89,90,93,94,99,100,104,128,130" /><INIT seed="6,2,1,5,0,78" ten="502,317,221,0" oya="2" hai0="61,37,98,121,66,84,45,1,91,49,35,126,125" hai1="97,105,73,111,87,43,50,42,106,64,93,132,33" hai2="109,112,122,32,3,68,134,104,58,117,128,67,129" hai3=""/><V123/><N who="2" m="31264" /><V60/><N who="2" m="31520" /><V110/><F104/><T135/><N who="0" m="31008" /><T39/><D35/><U113/><E73/><V108/><F32/><T46/><D98/><U102/><E33/><V83/><F3/><T71/><D135/><U34/><E34/><V65/><F134/><T69/><D71/><U80/><E132/><V127/><F117/><T114/><D114/><U72/><E113/><V2/><F2/><T120/><N who="0" m="30752" /><T96/><D96/><U44/><E111/><V85/><F112/><T131/><D131/><N who="2" m="50250" /><F127/><N who="0" m="48650" /><D1/><U55/><E64/><V118/><F118/><T115/><D115/><U82/><E105/><V86/><F86/><T56/><D69/><U40/><E72/><V94/><F94/><T116/><D116/><U54/><E106/><V70/><F67/><T41/><D45/><U47/><E87/><V53/><F65/><T133/><D133/><U59/><E44/><V81/><F81/><AGARI ba="2,1" hai="37,39,41,46,49,56,61,66,81,84,91" m="48650,30752,31008" machi="81" ten="30,7700,0" yaku="18,1,52,3" doraHai="78" who="0" fromWho="2" sc="502,91,317,0,221,-81,0,0" owari="593,54.0,317,-8.0,140,-46.0,0,0.0" /></mjloggm>