<mjloggm ver="2.3"><GO type="169" lobby="0"/><UN n0="%54%4C%6B%65%79" n1="%E3%81%94%E3%81%96%E3%83%BC%E3%82%8B%E3%81%94%E3%81%96%E3%82%8B" n2="%E3%81%8A%E3%82%8A%E3%81%BE%E3%81%A4" n3="%6F%75%74%E7%A5%AD%E3%82%8A" dan="16,16,16,17" rate="2170.76,2114.30,2092.35,2212.08" sx="M,M,M,M"/><TAIKYOKU oya="0"/><INIT seed="0,0,0,5,3,97" ten="250,250,250,250" oya="0" hai0="123,1,31,74,2,134,106,114,20,22,86,44,129" hai1="24,122,91,41,84,67,79,54,5,59,53,18,23" hai2="78,6,32,25,87,58,113,45,14,47,39,100,124" hai3="98,94,7,72,48,49,66,89,96,95,16,104,43"/><T127/><D123/><U61/><E122/><V118/><F113/><W52/><G72/><T75/><D106/><U92/><E41/><V125/><F32/><W131/><G104/><T36/><D114/><U133/><E133/><V3/><F3/><W132/><G132/><T10/><D134/><U121/><E121/><V112/><F112/><W55/><G131/><T42/><D127/><U65/><E5/><V13/><F25/><W38/><G66/><T29/><D129/><U120/><E120/><V50/><F39/><W130/><G130/><T9/><D86/><U77/><E67/><V119/><F58/><W93/><G7/><T110/><D44/><U8/><E8/><V81/><F47/><N who="3" m="25727" /><G38/><T30/><D42/><U46/><E46/><V37/><F37/><W27/><G49/><T108/><D36/><U19/><E19/><V68/><F68/><W40/><G40/><T35/><D35/><U70/><E54/><N who="3" m="20522" /><G89/><T28/><D75/><U103/><E103/><V109/><F50/><AGARI ba="0,0" hai="18,23,24,50,53,59,61,65,70,77,79,84,91,92" machi="50" ten="30,1000,0" yaku="7,1" doraHai="97" who="1" fromWho="2" sc="250,0,250,10,250,-10,250,0" /><INIT seed="1,0,0,0,1,29" ten="250,260,240,250" oya="1" hai0="21,130,74,30,71,66,75,56,73,47,52,125,132" hai1="8,113,31,78,100,128,94,59,87,37,121,19,85" hai2="129,9,104,65,33,108,81,46,25,40,123,45,84" hai3="5,69,86,79,26,92,11,135,97,43,93,41,55"/><U54/><E121/><V7/><F108/><W17/><G69/><T13/><D132/><U51/><E113/><V15/><F104/><W36/><G135/><T57/><D130/><U6/><E37/><V24/><F123/><W49/><G36/><T53/><D125/><U34/><E128/><V3/><F129/><W39/><G39/><T133/><D133/><U83/><E19/><V38/><F65/><W32/><G79/><T107/><D107/><U16/><E16/><V111/><F111/><W95/><G86/><T105/><D105/><U115/><E115/><V89/><F45/><W134/><G97/><T58/><D13/><U80/><E100/><V103/><F103/><W14/><G134/><T126/><D126/><U102/><E94/><V77/><F15/><W82/><G82/><T35/><D35/><U22/><E102/><V67/><F67/><W12/><G26/><T91/><D91/><U20/><E34/><V61/><F61/><W117/><G32/><T10/><D10/><U131/><E31/><V114/><F33/><W2/><G117/><T60/><D47/><U110/><E110/><V118/><F118/><W27/><G27/><T18/><D18/><U90/><REACH who="1" step="1"/><E131/><REACH who="1" ten="250,250,240,250" step="2"/><V50/><F114/><W109/><G109/><T127/><D127/><U28/><E28/><V112/><F112/><W23/><REACH who="3" step="1"/><G2/><AGARI ba="0,1" hai="2,6,8,20,22,51,54,59,78,80,83,85,87,90" machi="2" ten="30,5800,0" yaku="1,1,7,1,53,1" doraHai="29" doraHaiUra="48" who="1" fromWho="3" sc="250,0,250,68,240,0,250,-58" /><INIT seed="1,1,0,2,5,59" ten="250,318,240,192" oya="1" hai0="65,42,132,118,64,39,110,92,30,33,18,90,32" hai1="60,101,19,78,85,102,91,79,112,21,88,103,53" hai2="40,111,86,56,61,17,7,36,74,54,38,8,117" hai3="43,70,29,66,77,35,44,108,20,114,10,122,58"/><U105/><E105/><V83/><F111/><W119/><G122/><T49/><D118/><U128/><E112/><V99/><F74/><W34/><G114/><T72/><D72/><U126/><E126/><V115/><F117/><W57/><G108/><T23/><D110/><U109/><E128/><V6/><F115/><W12/><G77/><T62/><D39/><U69/><E109/><V104/><F17/><W1/><G119/><T129/><D132/><U48/><E91/><V130/><F130/><W55/><G1/><T45/><D30/><U31/><E31/><V89/><F40/><W11/><G11/><T93/><D65/><U116/><E60/><V52/><F7/><W47/><G70/><T51/><D51/><U120/><E69/><V106/><F54/><W125/><G35/><T46/><D46/><U26/><E120/><V16/><F16/><N who="3" m="8215" /><G34/><T76/><D76/><U4/><E4/><V82/><F82/><W28/><G43/><T98/><D93/><N who="1" m="54415" /><E116/><V124/><F124/><W73/><G73/><T24/><REACH who="0" step="1"/><D129/><REACH who="0" ten="240,318,240,192" step="2"/><U121/><E121/><V9/><F106/><W0/><G125/><T67/><D67/><U27/><E79/><V133/><F133/><W87/><G29/><T25/><D25/><N who="1" m="14527" /><E78/><V22/><F36/><W123/><G28/><T13/><D13/><U107/><E107/><V14/><F38/><W2/><G2/><T15/><D15/><U131/><E131/><V134/><F134/><W5/><G0/><T63/><D63/><U71/><E71/><AGARI ba="1,1" hai="18,23,24,32,33,42,45,49,62,64,71,90,92,98" machi="71" ten="30,3900,0" yaku="1,1,7,1,52,1,53,0" doraHai="59" doraHaiUra="100" who="0" fromWho="1" sc="240,52,318,-42,240,0,192,0" /><INIT seed="2,0,0,5,4,94" ten="292,276,240,192" oya="2" hai0="120,70,46,54,66,51,36,22,73,48,13,39,11" hai1="107,50,110,57,89,0,27,113,85,81,34,5,117" hai2="72,62,17,96,80,116,132,92,130,8,77,24,40" hai3="12,112,118,100,16,4,65,49,99,38,108,78,115"/><V76/><F116/><W88/><G38/><T79/><D120/><U10/><E113/><N who="3" m="43594" /><G108/><T111/><D111/><U6/><E6/><V28/><F132/><W86/><G118/><T63/><D22/><U127/><E127/><V60/><F130/><W114/><N who="3" m="43602" /><W41/><DORA hai="106" /><G65/><T31/><D31/><U55/><E110/><V105/><F105/><N who="3" m="63647" /><G78/><T135/><D135/><U15/><E117/><V25/><F40/><W74/><G4/><T97/><D97/><U35/><E107/><V101/><F76/><W23/><G49/><T124/><D124/><U84/><E0/><V1/><F1/><W32/><G41/><T20/><D51/><U47/><E27/><V75/><F75/><W109/><G109/><T125/><D125/><U71/><E71/><V128/><F128/><W122/><G122/><T87/><D87/><U59/><E35/><V37/><F37/><W14/><G32/><T30/><D79/><N who="1" m="46143" /><E34/><V98/><F25/><N who="3" m="14567" /><G74/><T102/><D73/><U129/><E129/><V7/><F17/><W134/><G134/><T91/><D39/><U69/><E69/><V90/><F7/><W64/><G64/><T3/><D3/><U21/><E21/><V61/><F8/><W9/><G9/><T67/><D67/><U42/><E42/><V45/><F24/><W121/><G121/><T95/><D36/><U18/><E5/><V83/><F28/><W52/><G52/><T82/><D70/><U58/><E59/><V103/><F80/><AGARI ba="0,0" hai="12,14,80,86,88" m="14567,63647,43602" machi="80" ten="40,8000,1" yaku="11,1,52,1,54,2" doraHai="94,106" who="3" fromWho="2" sc="292,0,276,0,240,-80,192,80" /><AGARI ba="0,0" hai="10,15,18,47,50,55,57,58,80,85,89" m="46143" machi="80" ten="30,2000,0" yaku="25,1,8,1" doraHai="94,106" who="1" fromWho="2" sc="292,0,276,20,160,-20,272,0" /><INIT seed="3,0,0,5,1,25" ten="292,296,140,272" oya="3" hai0="69,18,8,115,66,83,37,44,72,132,100,117,116" hai1="40,125,70,64,131,28,2,13,133,118,121,104,55" hai2="4,29,62,61,32,101,49,7,127,15,54,126,0" hai3="12,9,90,51,114,33,5,96,16,112,17,23,60"/><W122/><G122/><T31/><D132/><U134/><E13/><V76/><F0/><W80/><G33/><T45/><D115/><U99/><E121/><V73/><F101/><W79/><G17/><T63/><D100/><N who="1" m="62495" /><E55/><V26/><F76/><W71/><G51/><T91/><D91/><U84/><E40/><V38/><F73/><W50/><G50/><T65/><D66/><U68/><E64/><V58/><F38/><W124/><G71/><N who="1" m="27178" /><E84/><V21/><F7/><W74/><G60/><T88/><D37/><U102/><E102/><V59/><F49/><W1/><G96/><T46/><D72/><U98/><E98/><V67/><REACH who="2" step="1"/><F21/><REACH who="2" ten="292,296,130,272" step="2"/><W20/><G20/><T129/><D117/><U128/><E118/><V36/><F36/><W78/><G78/><T27/><D116/><U94/><E2/><V47/><F47/><W57/><G90/><T87/><D45/><U35/><E133/><V22/><F22/><W92/><G114/><T53/><D46/><U82/><E134/><V109/><F109/><W108/><G112/><T6/><D44/><U97/><E35/><V85/><F85/><W52/><G108/><T3/><D3/><U105/><E131/><V11/><AGARI ba="0,1" hai="4,11,15,26,29,32,54,58,59,61,62,67,126,127" machi="11" ten="30,4000,0" yaku="1,1,0,1,52,1,53,0" doraHai="25" doraHaiUra="89" who="2" fromWho="2" sc="292,-10,296,-10,130,50,272,-20" /><INIT seed="4,0,0,0,2,42" ten="282,286,180,252" oya="0" hai0="121,20,27,119,111,84,93,72,68,120,74,90,22" hai1="133,40,16,91,1,97,122,29,34,79,78,26,47" hai2="12,62,115,126,75,23,38,9,86,25,114,67,129" hai3="58,33,105,85,118,57,2,81,99,56,130,109,65"/><T132/><D119/><U87/><E122/><V96/><F75/><W73/><G118/><T70/><D132/><U18/><E1/><V5/><F129/><W110/><G130/><T45/><D121/><U66/><E133/><V48/><F126/><W112/><G2/><T52/><D120/><U13/><E66/><V100/><F38/><W128/><G33/><T10/><D111/><U101/><E18/><V94/><F86/><W11/><G112/><T54/><D10/><U19/><E19/><V102/><F102/><W88/><G73/><T104/><D104/><U108/><E108/><V32/><F32/><W92/><G105/><T36/><D36/><U63/><E63/><V49/><F115/><W60/><G128/><T24/><D84/><U8/><E97/><V37/><F37/><W103/><REACH who="3" step="1"/><G11/><REACH who="3" ten="282,286,180,242" step="2"/><T106/><D106/><U113/><E113/><V21/><F114/><W50/><G50/><T80/><D74/><U59/><E101/><V116/><F116/><W95/><G95/><T46/><D72/><U124/><E124/><V44/><F48/><W15/><G15/><T135/><D93/><U107/><E107/><V4/><F25/><W41/><G41/><T131/><D131/><U98/><E13/><V117/><F117/><W17/><G17/><T30/><D135/><U55/><E8/><V125/><F125/><W71/><AGARI ba="0,1" hai="56,57,58,60,65,71,81,85,88,92,99,103,109,110" machi="71" ten="30,7900,0" yaku="1,1,0,1,54,1,53,1" doraHai="42" doraHaiUra="77" who="3" fromWho="3" sc="282,-39,286,-20,180,-20,242,89" /><INIT seed="5,0,0,0,3,130" ten="243,266,160,331" oya="1" hai0="122,16,59,133,91,33,9,94,131,87,124,44,84" hai1="10,74,18,12,11,79,8,65,109,114,60,30,70" hai2="31,89,0,83,23,98,105,54,45,28,26,102,110" hai3="127,75,32,7,34,82,132,55,15,2,62,48,86"/><U51/><E114/><V14/><F110/><W64/><G75/><T47/><D124/><U24/><E109/><V69/><F0/><W118/><G2/><T22/><D131/><U1/><E79/><V68/><F28/><W20/><G127/><T107/><D107/><U80/><E80/><V93/><F83/><W99/><G99/><T53/><D33/><U77/><E77/><V73/><F73/><W116/><G32/><T29/><D29/><U21/><E74/><V117/><F117/><W71/><G34/><T112/><D112/><U13/><E1/><V103/><F103/><W61/><G61/><N who="0" m="36079" /><D9/><U104/><E104/><V111/><F111/><W115/><G20/><T126/><D122/><U108/><E108/><V123/><F123/><W4/><G15/><N who="0" m="9503" /><D126/><U58/><E13/><V85/><F14/><W134/><G115/><T41/><D41/><U6/><E30/><V49/><F69/><W96/><G4/><T78/><D133/><N who="3" m="51305" /><G7/><T17/><D17/><U19/><E6/><V57/><REACH who="2" step="1"/><F68/><REACH who="2" ten="243,266,150,331" step="2"/><W92/><G71/><T39/><D78/><U52/><AGARI ba="0,1" hai="8,10,11,12,18,19,21,24,51,52,58,60,65,70" machi="52" ten="30,3000,0" yaku="0,1,54,1" doraHai="130" who="1" fromWho="1" sc="243,-10,266,40,150,-10,331,-10" /><INIT seed="5,1,0,5,2,118" ten="233,306,140,321" oya="1" hai0="28,121,99,6,132,81,92,129,123,17,35,52,29" hai1="113,126,1,24,34,18,36,49,85,87,62,75,122" hai2="103,83,100,116,107,111,128,82,86,51,61,54,48" hai3="89,134,7,3,45,133,67,9,65,120,73,5,90"/><U108/><E36/><V76/><F116/><W43/><G73/><T98/><D132/><N who="3" m="50793" /><G7/><T135/><D135/><U10/><E75/><V69/><F111/><W58/><G120/><N who="0" m="46155" /><D129/><U74/><E122/><V8/><F128/><W80/><G58/><T66/><D66/><N who="3" m="25097" /><G80/><T70/><D70/><U125/><E74/><V72/><F69/><W50/><AGARI ba="1,0" hai="3,5,9,43,45,50,89,90" m="25097,50793" machi="50" ten="30,1100,0" yaku="20,1" doraHai="118" who="3" fromWho="3" sc="233,-4,306,-6,140,-4,321,14" /><INIT seed="6,0,0,4,2,92" ten="229,300,136,335" oya="2" hai0="19,69,112,5,53,13,57,55,54,28,66,128,33" hai1="37,72,65,2,36,4,76,9,78,3,47,83,79" hai2="63,86,32,110,109,39,120,56,115,114,58,84,106" hai3="98,102,50,91,71,85,129,61,0,1,108,31,135"/><V7/><F39/><W118/><G108/><N who="2" m="41577" /><F32/><W95/><G50/><T88/><D128/><U67/><E37/><V6/><F63/><W105/><G31/><T119/><D112/><N who="2" m="43050" /><F120/><W126/><G129/><T113/><D113/><U74/><E2/><V12/><F12/><W64/><G118/><T77/><D119/><U51/><E51/><V94/><F106/><W10/><G126/><T11/><D77/><N who="1" m="29803" /><E72/><V73/><F73/><W127/><G127/><T93/><D69/><U82/><E83/><V134/><F94/><W17/><G135/><T15/><D66/><U20/><E20/><V52/><F52/><N who="0" m="20074" /><D33/><U16/><E67/><V90/><F90/><W48/><G91/><T38/><D38/><U133/><E65/><V34/><F34/><W107/><G95/><T42/><D42/><N who="1" m="22983" /><E133/><V117/><F117/><W18/><G64/><T68/><D68/><U87/><E74/><V97/><F97/><W104/><G98/><N who="0" m="57639" /><D28/><U121/><E121/><V26/><F26/><W75/><G71/><T101/><D15/><U41/><E41/><V132/><F134/><W124/><G75/><T81/><D81/><U30/><E30/><V131/><F131/><W29/><G29/><T23/><D23/><U60/><E60/><V116/><F116/><W27/><G61/><N who="0" m="36031" /><D5/><N who="2" m="1546" /><F132/><W125/><G125/><T130/><D130/><U100/><E79/><V8/><F8/><W122/><G10/><T45/><D45/><U40/><E9/><V25/><F25/><W96/><G27/><T70/><D70/><U59/><E4/><V89/><F89/><W46/><G124/><T35/><D35/><RYUUKYOKU ba="0,0" sc="229,15,300,-15,136,15,335,-15" hai0="11,13,19,101" hai2="56,58,84,86" /><INIT seed="6,1,0,1,5,40" ten="244,285,151,320" oya="2" hai0="18,106,103,96,13,123,42,110,133,14,68,130,63" hai1="78,134,87,52,27,9,29,71,129,74,135,34,32" hai2="56,112,10,30,124,90,22,28,98,66,107,126,47" hai3="16,38,35,51,86,43,113,75,82,0,37,73,3"/><V44/><F112/><W94/><G113/><T102/><D123/><U48/><E74/><V55/><F66/><W2/><G35/><T31/><D110/><U12/><E71/><V93/><F10/><W116/><G94/><T119/><D133/><N who="1" m="50699" /><E129/><V61/><F107/><W69/><G69/><T45/><D130/><U49/><E49/><V50/><F50/><W25/><G51/><T84/><D119/><U4/><E87/><V122/><F122/><W99/><G99/><T17/><D103/><U104/><E78/><V109/><F109/><W120/><G38/><T92/><D31/><N who="2" m="11818" /><F22/><N who="3" m="13511" /><G116/><T15/><D68/><U60/><E60/><V8/><F8/><W101/><G101/><T83/><D63/><U39/><E39/><V46/><F126/><W62/><G62/><T1/><D1/><U76/><E76/><V77/><F124/><W65/><G65/><T11/><D11/><U24/><E104/><V21/><F21/><W23/><G23/><T127/><D106/><U132/><N who="1" m="50707" /><U117/><DORA hai="7" /><E117/><V88/><F77/><N who="3" m="46415" /><G120/><T108/><D127/><U70/><E70/><V105/><F105/><W36/><G36/><T95/><D108/><U6/><E32/><V41/><F41/><W80/><G43/><T79/><D95/><U128/><E128/><V5/><F5/><W91/><G37/><T33/><D33/><U67/><E67/><V26/><F90/><W81/><G91/><T53/><D42/><U59/><E6/><V85/><F26/><AGARI ba="1,0" hai="4,9,12,24,26,27,29,34,48,52,59" m="50707" machi="26" ten="40,5200,0" yaku="20,1,52,1,54,1" doraHai="40,7" who="1" fromWho="2" sc="244,0,285,55,151,-55,320,0" /><INIT seed="7,0,0,2,2,14" ten="244,340,96,320" oya="3" hai0="4,40,53,117,74,44,81,7,75,63,98,78,131" hai1="52,71,83,135,30,5,107,20,25,67,37,66,124" hai2="126,42,55,112,34,89,47,19,29,77,128,92,93" hai3="26,111,133,72,9,33,76,22,57,12,1,27,38"/><W114/><G38/><T95/><D117/><U60/><E37/><V18/><F112/><W113/><G72/><T100/><D131/><U86/><E107/><V0/><F77/><W43/><G76/><T106/><D75/><U59/><E124/><V28/><F0/><W65/><G43/><T17/><D106/><U129/><E129/><V97/><F128/><W50/><G133/><T49/><D63/><U11/><E71/><V116/><F116/><W15/><G111/><T79/><D79/><U103/><E103/><V61/><F126/><W101/><G101/><T123/><D123/><U69/><E69/><V73/><F73/><W85/><G85/><T24/><D40/><U51/><E60/><V32/><F42/><W8/><G65/><T23/><REACH who="0" step="1"/><D44/><REACH who="0" ten="234,340,96,320" step="2"/><U132/><E135/><V87/><F61/><W64/><G64/><T127/><D127/><U10/><E132/><V13/><F13/><N who="3" m="5195" /><G57/><T118/><D118/><U31/><E66/><V125/><F125/><W90/><G50/><T45/><AGARI ba="0,1" hai="4,7,17,23,24,45,49,53,74,78,81,95,98,100" machi="45" ten="20,8000,1" yaku="1,1,0,1,7,1,52,1,53,1" doraHai="14" doraHaiUra="48" who="0" fromWho="0" sc="234,90,340,-20,96,-20,320,-40" owari="324,42.0,320,12.0,76,-42.0,280,-12.0" /></mjloggm>