<mjloggm ver="2.3"><GO type="169" lobby="0"/><UN n0="%E9%BB%92%E7%8C%AB%73%69%6E" n1="%E5%8B%87%E4%BA%BA" n2="%54%4C%6B%65%79" n3="%E3%82%84%E3%81%BE%E3%81%8B%E3%81%84" dan="17,17,16,16" rate="2228.76,2122.99,2176.65,2159.10" sx="M,M,M,M"/><TAIKYOKU oya="0"/><INIT seed="0,0,0,2,3,2" ten="250,250,250,250" oya="0" hai0="9,72,10,108,50,79,27,81,107,111,58,124,75" hai1="118,84,102,71,95,19,119,53,68,114,55,77,41" hai2="132,133,113,116,30,130,60,126,0,62,40,44,70" hai3="92,101,122,56,135,87,26,105,4,8,78,45,134"/><T29/><D75/><U38/><E19/><V52/><F113/><W120/><G56/><T21/><D107/><U67/><E102/><V100/><F100/><W1/><G105/><T128/><D128/><U18/><E18/><V49/><F30/><W109/><G109/><N who="0" m="42059" /><D124/><U76/><E95/><V125/><F116/><W64/><G64/><T106/><D106/><U129/><E84/><V99/><F99/><N who="3" m="59623" /><G26/><T43/><D58/><U34/><E34/><V6/><F130/><W66/><G66/><T123/><D123/><N who="3" m="47145" /><G45/><AGARI ba="0,0" hai="9,10,21,27,29,43,45,50,72,79,81" m="42059" machi="45" ten="30,2900,0" yaku="14,1,10,1" doraHai="2" who="0" fromWho="3" sc="250,29,250,0,250,0,250,-29" /><INIT seed="0,1,0,1,5,51" ten="279,250,250,221" oya="0" hai0="80,61,64,56,38,11,84,83,63,9,111,115,93" hai1="120,133,48,112,4,68,79,26,57,76,100,125,35" hai2="135,65,71,89,23,24,102,126,108,81,119,129,60" hai3="123,124,29,53,12,69,73,0,121,132,95,85,25"/><T70/><D115/><U45/><E68/><V22/><F108/><W14/><G0/><T54/><D38/><U46/><E120/><N who="3" m="46154" /><G73/><T128/><D128/><U66/><E125/><V103/><F126/><W15/><G69/><T40/><D40/><U97/><E133/><V134/><F129/><W118/><G118/><T50/><D111/><U19/><E4/><V75/><F119/><W114/><G114/><T117/><D117/><U10/><E10/><V32/><F32/><W37/><G37/><T28/><D28/><U94/><E46/><V1/><F1/><W105/><G105/><T5/><D11/><U104/><E104/><V67/><F67/><W27/><G132/><N who="2" m="50729" /><F23/><W98/><G85/><T109/><D109/><U116/><E112/><V74/><F89/><N who="3" m="55663" /><G124/><T78/><D93/><U92/><E92/><V39/><F39/><W62/><G29/><T107/><D107/><U59/><E116/><V99/><F99/><W52/><G62/><T31/><D31/><U34/><E97/><V7/><F7/><W122/><N who="3" m="46162" /><W13/><N who="3" m="3072" /><DORA hai="30" /><DORA hai="43" /><W44/><G44/><T42/><D42/><U91/><E45/><V127/><F127/><W88/><G88/><T47/><D80/><U49/><E94/><V131/><F81/><W58/><G58/><T6/><D9/><U18/><E59/><V87/><F87/><W101/><G101/><N who="2" m="38409" /><F131/><W130/><G130/><T110/><D110/><U55/><E100/><V8/><F8/><W96/><G96/><T20/><D20/><U17/><E91/><V90/><F90/><W86/><G86/><T41/><AGARI ba="1,0" hai="5,6,41,47,50,54,56,61,63,64,70,78,83,84" machi="41" ten="20,12000,1" yaku="5,1,0,1,7,1,52,2" doraHai="51,30,43" who="0" fromWho="0" sc="279,123,250,-41,250,-41,221,-41" /><INIT seed="0,2,0,2,2,54" ten="402,209,209,180" oya="0" hai0="5,59,113,115,96,120,122,81,24,105,94,92,50" hai1="4,132,65,71,55,17,104,1,66,110,3,125,103" hai2="98,18,62,124,89,39,117,76,53,95,129,23,42" hai3="27,135,13,79,126,131,40,36,52,97,121,133,99"/><T46/><D105/><U12/><E110/><V7/><F129/><W28/><G121/><T85/><D5/><U119/><E119/><V11/><F124/><W127/><G79/><T67/><D120/><U29/><E29/><V88/><F117/><W69/><G69/><T19/><D122/><U34/><E34/><V75/><F42/><W80/><G80/><T100/><D94/><U57/><E132/><N who="3" m="50762" /><G13/><T15/><D24/><U106/><E125/><N who="3" m="47626" /><G40/><T33/><D33/><U47/><E71/><V2/><F39/><W77/><G77/><T44/><D113/><U31/><E12/><V82/><F82/><W48/><G36/><T102/><D102/><U22/><E103/><V14/><F76/><W107/><G107/><T83/><D83/><U84/><E106/><V130/><F75/><W45/><G131/><T43/><D115/><U49/><E104/><V112/><F112/><W73/><G73/><T21/><D43/><U108/><E1/><V61/><F130/><W128/><G128/><T26/><D15/><U87/><E3/><V58/><F89/><W56/><G45/><T93/><D93/><U118/><E47/><V70/><F70/><W72/><G72/><T51/><D46/><U0/><E0/><V91/><F91/><W78/><G78/><N who="0" m="46263" /><D44/><U101/><E101/><V114/><F114/><W116/><G116/><T41/><D41/><U25/><E118/><V60/><AGARI ba="2,0" hai="2,7,11,14,18,23,53,58,60,61,62,88,95,98" machi="60" ten="20,5200,0" yaku="0,1,7,1,52,1,54,1" doraHai="54" who="2" fromWho="2" sc="402,-28,209,-15,209,58,180,-15" /><INIT seed="1,0,0,1,4,99" ten="374,194,267,165" oya="1" hai0="46,78,42,92,97,55,93,76,5,11,107,41,132" hai1="123,61,109,24,57,44,25,31,28,86,121,14,88" hai2="90,30,17,104,65,131,8,102,66,114,130,98,72" hai3="33,1,56,108,117,129,2,53,40,16,35,84,50"/><U59/><E109/><V48/><F114/><W95/><G108/><T58/><D107/><U52/><E44/><V96/><F72/><W85/><G129/><N who="2" m="49161" /><F30/><W91/><G117/><T89/><D92/><U68/><E68/><V29/><F29/><W125/><G125/><T45/><D132/><U64/><E14/><N who="2" m="7367" /><F48/><W126/><G126/><T110/><D110/><U18/><E18/><V75/><F75/><W60/><G2/><T26/><D26/><N who="1" m="10347" /><E123/><V116/><F116/><W112/><G1/><T111/><D111/><U13/><E13/><V15/><F15/><W34/><G112/><T63/><D5/><U62/><E121/><V6/><F6/><W122/><G122/><T39/><REACH who="0" step="1"/><D11/><REACH who="0" ten="364,194,267,165" step="2"/><U127/><E127/><V120/><F120/><W74/><G95/><AGARI ba="0,1" hai="28,31,52,57,59,61,62,64,86,88,95" m="10347" machi="95" ten="30,5800,0" yaku="8,1,54,2" doraHai="99" who="1" fromWho="3" sc="364,0,194,68,267,0,165,-58" /><AGARI ba="0,0" hai="65,66,90,95,96,98,102,104" m="7367,49161" machi="95" ten="30,2000,0" yaku="19,1,52,1" doraHai="99" who="2" fromWho="3" sc="364,0,262,0,267,20,107,-20" /><INIT seed="1,1,0,5,4,46" ten="364,262,287,87" oya="1" hai0="114,41,64,38,48,67,69,117,27,43,10,135,134" hai1="25,31,12,8,59,125,100,60,118,72,94,130,9" hai2="40,68,6,133,107,49,15,17,63,116,123,37,57" hai3="44,86,5,98,113,66,101,105,85,122,111,14,51"/><U80/><E118/><V0/><F123/><W16/><G122/><T3/><D27/><U54/><E125/><V20/><F116/><W65/><G111/><T36/><D117/><U21/><E130/><V102/><F133/><N who="0" m="50698" /><D10/><U92/><E72/><V32/><F32/><W110/><G110/><T55/><D3/><U132/><E132/><V19/><F6/><W73/><G73/><T52/><D55/><U11/><E80/><V23/><F0/><W4/><G113/><T103/><D103/><U35/><E100/><V95/><F68/><W129/><G129/><T124/><D124/><U34/><E34/><V81/><F81/><W88/><G66/><N who="0" m="25131" /><D69/><U47/><E47/><V91/><F37/><N who="0" m="14442" /><D114/><U56/><E56/><AGARI ba="1,0" hai="41,43,48,52,56" m="14442,25131,50698" machi="56" ten="30,8000,1" yaku="20,1,34,2,52,1,54,1" doraHai="46" who="0" fromWho="1" sc="364,83,262,-83,287,0,87,0" /><INIT seed="2,0,0,5,1,46" ten="447,179,287,87" oya="2" hai0="75,60,55,126,129,106,50,114,34,3,38,97,49" hai1="27,40,29,74,66,125,113,112,22,25,23,84,41" hai2="96,94,33,8,118,69,119,76,80,122,77,51,37" hai3="98,95,10,123,16,89,87,134,42,105,135,92,67"/><V65/><F37/><W68/><G123/><T15/><D3/><U9/><E74/><V85/><F122/><W83/><G42/><T79/><D38/><U133/><E133/><N who="3" m="50698" /><G67/><T32/><D75/><U115/><E125/><V26/><F76/><W82/><G68/><T12/><D79/><U63/><E9/><V111/><F111/><W4/><G105/><T43/><D43/><U88/><E63/><V71/><F8/><W86/><G16/><T59/><D114/><U120/><E66/><V19/><F51/><N who="0" m="19466" /><D106/><U45/><E45/><V124/><F124/><W39/><G39/><T93/><D34/><U64/><E64/><V31/><F19/><W110/><G110/><T127/><D32/><U53/><E53/><V11/><F11/><W131/><G131/><T101/><D129/><U6/><E6/><V104/><F94/><W36/><G36/><T14/><D126/><U62/><E62/><N who="2" m="40119" /><F71/><W52/><G52/><N who="0" m="33895" /><D127/><U35/><E120/><V73/><F73/><W72/><G72/><T17/><D55/><U44/><E35/><V30/><F33/><W132/><N who="3" m="50706" /><W5/><DORA hai="100" /><G5/><T91/><D101/><U81/><REACH who="1" step="1"/><E44/><REACH who="1" ten="447,169,287,87" step="2"/><V7/><F7/><W103/><G4/><T56/><D56/><U99/><E99/><V58/><F96/><N who="3" m="59807" /><G10/><AGARI ba="0,1" hai="10,12,14,15,17,91,93,97" m="33895,19466" machi="10" ten="30,8000,1" yaku="8,1,52,3,54,1" doraHai="46,100" who="0" fromWho="3" sc="447,90,169,0,287,0,87,-80" /><INIT seed="3,0,0,5,0,102" ten="537,169,287,7" oya="3" hai0="107,66,119,65,126,5,83,35,40,92,1,41,94" hai1="29,134,55,33,129,28,69,99,56,106,10,71,120" hai2="14,135,111,87,9,7,101,44,109,81,13,17,104" hai3="39,59,93,98,125,48,77,115,18,37,118,8,12"/><W46/><G115/><T112/><D35/><U26/><E120/><V22/><F135/><W25/><G118/><T54/><D119/><U90/><E134/><V103/><F44/><W122/><G125/><T15/><D1/><U21/><E129/><V6/><F6/><W62/><G122/><T76/><D107/><U82/><E10/><V68/><F68/><W3/><G77/><T75/><D54/><U95/><E82/><V89/><F104/><W97/><G3/><T121/><D121/><U61/><E106/><V38/><F38/><W53/><G25/><T85/><D75/><U78/><E78/><V132/><F132/><W43/><G97/><T11/><D126/><U88/><E90/><AGARI ba="0,0" hai="8,12,18,37,39,43,46,48,53,59,62,90,93,98" machi="90" ten="30,1500,0" yaku="7,1" doraHai="102" who="3" fromWho="1" sc="537,0,169,-15,287,0,7,15" /><INIT seed="3,1,0,5,2,10" ten="537,154,287,22" oya="3" hai0="100,93,129,48,98,12,89,92,135,9,33,42,108" hai1="96,107,114,118,104,23,7,102,56,99,87,4,43" hai2="13,133,134,82,126,83,66,27,77,20,124,101,117" hai3="67,29,54,128,49,62,72,64,17,97,59,120,58"/><W31/><G120/><T79/><D108/><U1/><E114/><V21/><F117/><W73/><G128/><T47/><D135/><N who="2" m="51722" /><F101/><W122/><G122/><T16/><D129/><U121/><E121/><V46/><F66/><W38/><G38/><T68/><D33/><U65/><E118/><V116/><F116/><W119/><G119/><T57/><D68/><U36/><E87/><N who="2" m="48591" /><F83/><W22/><G64/><T81/><D57/><U8/><E7/><V110/><F110/><W19/><G19/><T115/><D115/><U70/><E70/><V0/><F0/><W132/><G132/><T51/><D81/><U44/><E23/><V106/><F106/><W11/><G11/><T6/><D79/><U113/><E113/><V34/><F46/><W95/><G73/><T55/><D6/><U74/><E74/><V86/><F86/><W88/><REACH who="3" step="1"/><G72/><REACH who="3" ten="537,154,287,12" step="2"/><T90/><D9/><U5/><E5/><V61/><F126/><W3/><G3/><T109/><D16/><U25/><E65/><V76/><F124/><W30/><G30/><T125/><D109/><U78/><E1/><V24/><F34/><W15/><AGARI ba="1,1" hai="15,17,22,29,31,49,54,58,59,62,67,88,95,97" machi="15" ten="20,24000,3" yaku="1,1,0,1,7,1,8,1,52,1,54,1,53,2" doraHai="10" doraHaiUra="53" who="3" fromWho="3" sc="537,-81,154,-81,287,-81,12,253" /><INIT seed="3,2,0,5,1,115" ten="456,73,206,265" oya="3" hai0="117,89,11,53,83,92,58,134,82,69,62,60,100" hai1="64,52,121,27,97,39,87,48,80,116,51,33,42" hai2="123,20,114,78,120,98,74,46,50,73,61,124,111" hai3="66,49,0,95,45,84,59,38,43,12,70,122,99"/><W75/><G75/><T16/><D134/><U40/><E121/><N who="2" m="46667" /><F114/><W28/><G122/><T34/><D117/><U31/><E39/><V54/><F124/><W25/><G0/><T76/><D34/><U107/><E64/><V119/><F111/><W32/><G84/><T126/><D100/><U57/><E116/><V35/><F35/><W19/><G70/><T18/><D126/><U101/><REACH who="1" step="1"/><E51/><REACH who="1" ten="456,63,206,265" step="2"/><V21/><F119/><W113/><G113/><T24/><D62/><U129/><E129/><V23/><F78/><AGARI ba="2,1" hai="27,31,33,40,42,48,52,57,78,80,87,97,101,107" machi="78" ten="30,7700,0" yaku="1,1,7,1,54,1,53,1" doraHai="115" doraHaiUra="103" who="1" fromWho="2" sc="456,0,63,93,206,-83,265,0" /><INIT seed="4,0,0,4,4,31" ten="456,156,123,265" oya="0" hai0="127,42,106,112,62,25,105,70,35,60,64,87,67" hai1="133,41,91,30,130,66,115,12,84,72,53,116,76" hai2="89,5,69,77,36,86,75,57,37,119,18,110,22" hai3="88,48,26,45,83,111,78,99,0,134,90,95,7"/><T126/><D87/><U100/><E116/><V10/><F69/><W122/><G111/><T21/><D112/><U44/><E100/><V93/><F119/><W121/><G134/><T54/><D54/><U46/><E66/><V74/><F110/><W118/><G90/><T29/><D42/><U50/><E133/><V8/><F8/><W1/><G26/><T96/><D21/><U52/><E130/><V63/><F77/><W132/><G132/><T55/><D55/><U27/><E115/><V34/><F34/><W124/><G124/><N who="0" m="47659" /><D96/><U9/><E76/><V102/><F102/><W68/><G68/><AGARI ba="0,0" hai="25,29,35,60,62,64,67,68,70,105,106" m="47659" machi="68" ten="30,5800,0" yaku="18,1,23,1,52,1" doraHai="31" who="0" fromWho="3" sc="456,58,156,0,123,0,265,-58" /><INIT seed="4,1,0,2,1,10" ten="514,156,123,207" oya="0" hai0="99,68,26,46,131,121,66,53,31,83,12,119,133" hai1="29,70,48,38,113,116,114,65,135,128,7,74,39" hai2="110,52,75,49,21,2,44,41,73,13,103,92,64" hai3="96,100,82,0,33,58,3,50,63,19,15,85,43"/><T91/><D119/><U81/><E29/><V56/><F110/><W79/><G33/><T124/><D121/><U24/><E24/><V87/><F2/><W111/><G111/><T67/><D68/><U32/><E32/><V17/><F64/><W27/><G27/><T132/><D131/><U6/><E116/><V54/><F54/><W94/><G50/><T5/><D124/><U126/><E128/><V57/><F57/><W72/><G43/><T104/><D104/><U62/><E126/><V97/><REACH who="2" step="1"/><F87/><REACH who="2" ten="514,156,113,207" step="2"/><W109/><G109/><T101/><D67/><U84/><E84/><V108/><F108/><W93/><G85/><T25/><D66/><U18/><E65/><V61/><AGARI ba="1,1" hai="13,17,21,41,44,49,52,56,61,73,75,92,97,103" machi="61" ten="20,8000,1" yaku="1,1,0,1,7,1,52,1,54,1,53,0" doraHai="10" doraHaiUra="118" who="2" fromWho="2" sc="514,-41,156,-21,113,93,207,-21" /><INIT seed="5,0,0,4,3,80" ten="473,135,206,186" oya="1" hai0="34,105,129,127,68,82,77,45,131,55,103,5,125" hai1="92,119,71,7,78,17,13,19,32,112,113,121,15" hai2="128,97,3,40,56,10,20,57,18,64,109,102,60" hai3="120,6,122,65,93,1,51,76,118,81,75,117,114"/><U106/><E106/><V66/><F109/><W62/><G114/><N who="1" m="44138" /><E71/><V73/><F73/><W104/><G104/><T107/><D34/><U87/><E119/><N who="3" m="45578" /><G51/><N who="0" m="29167" /><D68/><U63/><E121/><V25/><F40/><W37/><G37/><T133/><D5/><U8/><E32/><V95/><F128/><N who="0" m="49226" /><D133/><U85/><E63/><V59/><F64/><W111/><G93/><T72/><D107/><U30/><E30/><N who="2" m="17703" /><F3/><W9/><G111/><T96/><AGARI ba="0,0" hai="72,77,82,96,103,105,125,127" m="49226,29167" machi="96" ten="30,1100,0" yaku="19,1" doraHai="80" who="0" fromWho="0" sc="473,11,135,-5,206,-3,186,-3" /><INIT seed="6,0,0,3,0,48" ten="484,130,203,183" oya="2" hai0="70,91,90,59,2,12,26,22,131,11,98,93,52" hai1="60,47,14,0,83,134,15,114,20,25,71,112,46" hai2="16,116,68,135,127,55,4,35,42,61,132,67,85" hai3="110,38,121,56,108,30,118,129,10,95,80,82,104"/><V24/><F116/><W18/><G104/><T96/><D70/><U13/><E0/><V9/><F127/><W86/><G118/><T75/><D2/><U28/><E83/><V122/><F122/><W39/><G121/><T64/><D75/><U8/><E71/><V124/><F124/><W63/><G30/><N who="0" m="17751" /><D64/><U133/><E60/><V77/><F42/><W79/><G129/><T57/><D131/><U115/><REACH who="1" step="1"/><E8/><REACH who="1" ten="484,120,203,183" step="2"/><V125/><F68/><W41/><G82/><T7/><D96/><U126/><E126/><V89/><F125/><W106/><G63/><N who="0" m="36263" /><D59/><U32/><E32/><V69/><F35/><W27/><G56/><T44/><D44/><AGARI ba="0,1" hai="13,14,15,20,25,28,44,46,47,112,114,115,133,134" machi="44" ten="50,6400,0" yaku="1,1,15,1,53,1" doraHai="48" doraHaiUra="17" who="1" fromWho="0" sc="484,-64,120,74,203,0,183,0" /><INIT seed="7,0,0,3,0,32" ten="420,194,203,183" oya="3" hai0="47,73,82,93,60,57,125,33,130,16,109,122,45" hai1="48,5,104,100,50,95,101,106,24,91,58,21,36" hai2="103,59,76,20,53,28,65,69,72,78,64,70,62" hai3="67,99,55,38,96,19,27,127,63,98,129,61,117"/><W42/><G117/><T84/><D109/><U68/><E68/><V29/><F103/><N who="1" m="39497" /><E36/><V0/><F0/><W2/><G2/><T112/><D57/><U88/><E106/><V13/><F72/><W4/><G4/><T79/><D84/><N who="1" m="52615" /><E104/><V81/><F81/><W105/><G105/><T119/><D16/><N who="1" m="12327" /><E5/><V44/><F69/><W12/><G127/><T87/><D60/><U52/><E91/><V9/><F70/><W23/><G129/><T1/><D47/><U3/><E3/><V124/><F44/><W86/><G86/><T51/><D93/><U108/><E108/><V7/><F7/><W6/><G38/><T89/><D51/><AGARI ba="0,0" hai="48,50,51,52,58" m="12327,52615,39497" machi="51" ten="30,7700,0" yaku="8,1,54,3" doraHai="32" who="1" fromWho="0" sc="420,-77,194,77,203,0,183,0" owari="343,45.0,271,7.0,203,-20.0,183,-32.0" /></mjloggm>