<mjloggm ver="2.3"><GO type="185" lobby="0"/><UN n0="%63%61%6C%63%2E" n1="%E5%BF%AB%E9%81%A9" n2="%E3%81%82%E3%81%9F%E3%82%89%E3%81%AA%E3%81%84%E3%81%A7%EF%BC%81" n3="" dan="19,17,17,0" rate="2397.43,2262.27,2215.01,1500.00" sx="M,M,M,C"/><TAIKYOKU oya="0"/><INIT seed="0,0,0,5,4,100" ten="350,350,350,0" oya="0" hai0="124,63,99,74,123,1,95,44,58,48,73,127,91" hai1="43,119,126,49,115,129,106,51,66,33,133,52,83" hai2="90,2,38,77,118,101,93,125,108,79,94,46,121" hai3=""/><T50/><N who="0" m="31520" /><T61/><D1/><U122/><E66/><V112/><N who="2" m="31008" /><V62/><F2/><T109/><D109/><U116/><E43/><V78/><F112/><T96/><D99/><U111/><E83/><V53/><F108/><T68/><D68/><U92/><E51/><V102/><F118/><T3/><D3/><U130/><E92/><V69/><F125/><T113/><D113/><U75/><E49/><V86/><F69/><T81/><D48/><U56/><E52/><V37/><F37/><T32/><D32/><U35/><E56/><V71/><F71/><T57/><D58/><U64/><E119/><V131/><F38/><T105/><D105/><U103/><E103/><V135/><F101/><T98/><D98/><U45/><E35/><V0/><F46/><T55/><D63/><U132/><N who="1" m="31264" /><U88/><E126/><N who="0" m="48169" /><D81/><U82/><E82/><V107/><F107/><T42/><AGARI ba="0,0" hai="42,44,50,55,57,61,73,74,91,95,96" m="48169,31520" machi="42" ten="30,2000,0" yaku="18,1,52,1" doraHai="100" who="0" fromWho="0" sc="350,20,350,-10,350,-10,0,0" /><INIT seed="0,1,0,4,0,35" ten="370,340,340,0" oya="0" hai0="50,91,127,110,99,118,132,71,86,2,133,33,58" hai1="82,69,114,79,97,3,106,120,62,76,85,70,107" hai2="119,63,43,80,59,135,103,77,129,121,111,93,40" hai3=""/><T100/><D33/><U74/><N who="1" m="30752" /><U134/><E134/><N who="0" m="51817" /><D71/><U123/><N who="1" m="31520" /><U130/><E114/><V98/><N who="2" m="31008" /><V116/><F129/><T44/><D118/><N who="2" m="45098" /><F111/><T1/><D58/><U52/><E130/><V34/><F34/><T37/><D37/><U78/><E3/><N who="0" m="1033" /><D127/><U112/><E112/><V122/><N who="2" m="31264" /><V92/><F92/><T109/><D86/><U117/><E117/><V87/><F135/><T88/><D110/><U54/><E74/><V65/><AGARI ba="1,0" hai="40,43,59,63,65,77,80,87,93,98,103" m="31264,45098,31008" machi="65" ten="30,3000,0" yaku="12,1,52,2" doraHai="35" who="2" fromWho="2" sc="370,-21,340,-11,340,32,0,0" /><INIT seed="1,0,0,1,5,129" ten="349,329,372,0" oya="1" hai0="96,72,87,98,57,69,55,35,115,128,79,134,93" hai1="107,85,3,36,114,64,111,67,47,119,101,106,76" hai2="131,126,2,73,83,116,86,88,41,130,32,44,91" hai3=""/><U92/><E114/><V45/><F116/><T105/><D35/><U99/><E119/><V104/><F32/><T84/><D69/><U77/><E3/><V75/><F2/><T42/><D42/><U66/><E111/><V49/><F104/><T81/><D128/><N who="2" m="49194" /><F126/><T52/><D115/><U50/><E36/><V103/><F103/><T62/><D134/><U120/><N who="1" m="30752" /><U39/><E39/><V94/><F45/><T89/><D105/><U110/><E110/><V117/><F117/><T78/><D78/><U40/><REACH who="1" step="1"/><E77/><REACH who="1" ten="349,319,372,0" step="2"/><V127/><F127/><T43/><D43/><U34/><E34/><V51/><F51/><T56/><REACH who="0" step="1"/><D72/><REACH who="0" ten="339,319,372,0" step="2"/><U124/><E124/><V125/><F125/><T63/><AGARI ba="0,2" hai="52,55,56,57,62,63,79,81,84,87,89,93,96,98" machi="63" ten="20,9000,2" yaku="1,1,2,1,0,1,7,1,9,1,8,1,54,1,53,0" doraHai="129" doraHaiUra="118" who="0" fromWho="0" sc="339,110,319,-60,372,-30,0,0" /><INIT seed="2,0,0,1,5,52" ten="449,259,342,0" oya="2" hai0="120,56,128,35,90,36,50,63,124,107,116,119,106" hai1="67,92,3,69,72,66,51,46,102,57,135,118,65" hai2="64,123,82,37,53,70,84,99,85,97,1,74,2" hai3=""/><V100/><N who="2" m="31520" /><V114/><F114/><T78/><N who="0" m="30752" /><T105/><D36/><U73/><E3/><V88/><F37/><T54/><D35/><U77/><E118/><V39/><F39/><T117/><D128/><U108/><E69/><V71/><F74/><T83/><D124/><U60/><E135/><V76/><F70/><T131/><D131/><U111/><E92/><V134/><F134/><T80/><D90/><U41/><E102/><V42/><F42/><T110/><D110/><N who="1" m="42027" /><E77/><V129/><F129/><T79/><D78/><U0/><E0/><V103/><F1/><T132/><D132/><U133/><E133/><V44/><F2/><T43/><D79/><U34/><E34/><V55/><F71/><T38/><D38/><U95/><E95/><V122/><N who="2" m="31264" /><V126/><F126/><T40/><D43/><U61/><E60/><V58/><F76/><T59/><REACH who="0" step="1"/><D40/><REACH who="0" ten="439,259,342,0" step="2"/><U96/><E96/><V62/><F99/><T109/><D109/><U33/><E33/><V101/><F97/><T87/><D87/><U89/><E89/><V121/><N who="2" m="31008" /><V81/><F85/><T113/><D113/><U45/><E73/><V112/><F112/><T127/><D127/><U130/><E130/><V48/><F82/><RYUUKYOKU ba="0,1" sc="439,10,259,-20,342,10,0,0" hai0="50,54,56,59,63,80,83,105,106,107,116,117,119" hai2="44,48,53,55,58,62,64,81,84,88,100,101,103" /><INIT seed="2,1,1,2,1,79" ten="449,239,352,0" oya="2" hai0="2,63,73,53,119,117,112,33,80,58,135,99,107" hai1="92,3,130,110,51,75,121,50,62,106,115,39,120" hai2="125,128,76,129,55,111,48,101,93,132,84,0,70" hai3=""/><V88/><F0/><T89/><D2/><U131/><N who="1" m="30752" /><U52/><N who="1" m="31008" /><U95/><E3/><V114/><F114/><T81/><D33/><U57/><E106/><V40/><F125/><T72/><D112/><U69/><E115/><V102/><F132/><T109/><D135/><U32/><E32/><V71/><F40/><T78/><D109/><U96/><E75/><V122/><N who="2" m="31264" /><V61/><F111/><T94/><D107/><U83/><E110/><V42/><F42/><T103/><D89/><U127/><E127/><V38/><F38/><T116/><D119/><U90/><E39/><V66/><F71/><T67/><D67/><U133/><E133/><V97/><F76/><AGARI ba="1,1" hai="53,58,63,72,73,76,78,80,81,94,99,103,116,117" machi="76" ten="40,5200,0" yaku="9,1,52,2" doraHai="79" who="0" fromWho="2" sc="449,64,239,0,352,-54,0,0" /><INIT seed="4,0,0,5,0,93" ten="513,239,298,0" oya="0" hai0="86,103,116,125,62,88,129,45,83,58,52,46,47" hai1="115,122,71,133,119,50,111,34,89,64,118,91,114" hai2="107,100,110,102,1,121,56,80,131,126,3,90,99" hai3=""/><T70/><D116/><U84/><N who="1" m="31264" /><U82/><E34/><V95/><N who="2" m="31008" /><V132/><F110/><T37/><D129/><U78/><E111/><V123/><N who="2" m="31520" /><V54/><F131/><T32/><D32/><U85/><E71/><V109/><F109/><T104/><D125/><U73/><E64/><V69/><F69/><T97/><REACH who="0" step="1"/><D70/><REACH who="0" ten="503,239,298,0" step="2"/><U2/><E2/><V79/><F126/><T48/><D48/><U96/><E119/><V38/><F38/><AGARI ba="0,1" hai="37,38,45,46,47,52,58,62,83,86,88,97,103,104" machi="38" ten="40,12000,1" yaku="1,1,52,1,54,2,53,1" doraHai="93" doraHaiUra="76" who="0" fromWho="2" sc="503,130,239,0,298,-120,0,0" /><INIT seed="4,1,0,0,5,82" ten="633,239,178,0" oya="0" hai0="48,103,133,39,135,93,51,43,112,35,62,33,83" hai1="68,91,36,127,54,121,126,131,53,128,34,40,79" hai2="89,113,90,47,72,134,124,88,44,111,60,105,78" hai3=""/><T42/><D62/><U123/><N who="1" m="31008" /><U71/><N who="1" m="31520" /><U38/><E34/><V80/><F111/><T107/><D107/><U74/><E40/><V95/><F124/><N who="1" m="47657" /><E74/><V1/><F1/><T56/><D42/><U55/><E91/><V109/><F109/><T49/><D43/><U116/><E79/><V101/><F134/><T96/><D133/><U75/><E75/><V2/><F2/><T99/><D33/><U66/><E116/><V106/><F60/><T41/><D41/><U115/><E66/><V65/><F65/><T32/><D35/><U102/><E102/><V81/><F44/><T119/><D103/><U57/><E57/><V94/><F47/><T69/><D56/><U58/><E58/><V129/><F101/><T77/><D77/><U63/><E63/><V52/><F52/><N who="1" m="13313" /><U37/><DORA hai="92" /><E115/><V59/><F59/><T70/><D112/><U45/><E45/><V114/><F90/><T84/><D119/><U100/><E100/><V76/><F72/><T118/><D118/><U64/><E64/><V120/><N who="2" m="30752" /><V104/><F104/><T86/><D32/><U132/><E132/><V108/><F108/><T0/><D135/><U125/><N who="1" m="47665" /><U130/><AGARI ba="1,0" hai="36,37,38,68,71,128,130,131" m="13313,47665,31520,31008" machi="130" ten="70,12000,3" yaku="4,1,28,2,19,1,18,1,34,2,52,2,54,1" doraHai="82,92" who="1" fromWho="1" sc="633,-81,239,122,178,-41,0,0" /><INIT seed="5,0,0,5,2,82" ten="552,361,137,0" oya="1" hai0="70,60,122,54,63,55,101,79,85,116,128,0,103" hai1="125,44,88,102,76,106,61,105,78,1,62,36,135" hai2="38,115,119,117,121,113,74,90,50,43,2,104,92" hai3=""/><U39/><E1/><V77/><N who="2" m="31008" /><V134/><F2/><T46/><N who="0" m="31264" /><T71/><D0/><U40/><E135/><V64/><F104/><T73/><D73/><U100/><E125/><V96/><F38/><T67/><D128/><U72/><E72/><V80/><F134/><T129/><D129/><U127/><E127/><V86/><F64/><T58/><D116/><N who="2" m="44618" /><F50/><T57/><D46/><U56/><E88/><V120/><N who="2" m="30752" /><V84/><F43/><T65/><D85/><AGARI ba="0,0" hai="74,77,80,84,85,86,90,92,96,113,115" m="30752,44618,31008" machi="85" ten="30,12000,2" yaku="34,2,52,5" doraHai="82" who="2" fromWho="0" sc="552,-120,361,0,137,120,0,0" /><INIT seed="6,0,0,4,5,57" ten="432,361,257,0" oya="2" hai0="47,68,100,86,89,33,119,85,62,49,56,70,38" hai1="61,67,79,0,107,81,78,115,36,127,66,51,34" hai2="116,63,121,97,32,54,59,108,91,46,118,83,45" hai3=""/><V73/><N who="2" m="31008" /><V110/><F32/><T84/><D119/><U53/><E34/><V44/><F118/><T55/><D33/><U104/><E0/><V3/><F3/><T82/><D100/><U120/><N who="1" m="30752" /><U64/><E36/><V125/><F125/><T105/><D105/><U75/><E127/><V96/><F116/><T98/><D38/><U95/><E115/><V76/><REACH who="2" step="1"/><F91/><REACH who="2" ten="432,361,247,0" step="2"/><T48/><D89/><U106/><E79/><V112/><F112/><T74/><D82/><U43/><E95/><V124/><F124/><T71/><D70/><U130/><E130/><V102/><F102/><T132/><D71/><U93/><E93/><V111/><AGARI ba="0,1" hai="44,45,46,54,59,63,73,76,83,96,97,108,110,111" m="31008" machi="111" ten="40,8000,1" yaku="1,1,0,1,10,1,52,2,53,0" doraHai="57" doraHaiUra="60" who="2" fromWho="2" sc="432,-40,361,-40,247,90,0,0" /><INIT seed="6,1,0,1,5,127" ten="392,321,337,0" oya="2" hai0="131,71,52,37,100,59,51,110,121,36,118,33,95" hai1="94,67,120,114,35,55,0,39,54,119,48,115,129" hai2="108,77,83,103,63,133,117,60,50,34,91,107,3" hai3=""/><V106/><F117/><T111/><N who="0" m="31008" /><T43/><D33/><U70/><N who="1" m="30752" /><U109/><E35/><V45/><F34/><T101/><D118/><U99/><E119/><V64/><F3/><T75/><D75/><U124/><E0/><V76/><F133/><T86/><D71/><U46/><E124/><V56/><F108/><T126/><D126/><U80/><E109/><V57/><F91/><T42/><D131/><U85/><E129/><V32/><F32/><T38/><D110/><U89/><E39/><V105/><F103/><T66/><D66/><U41/><E70/><V1/><F1/><T134/><D111/><U84/><E67/><V47/><F83/><T68/><D68/><U62/><E85/><V92/><F92/><T61/><D134/><U79/><REACH who="1" step="1"/><E62/><REACH who="1" ten="392,311,337,0" step="2"/><V73/><F73/><T93/><D61/><U122/><N who="1" m="31264" /><U81/><E81/><V112/><F60/><T96/><D86/><U90/><E90/><V123/><F63/><T125/><D125/><U72/><E72/><V97/><F64/><T113/><D113/><AGARI ba="1,1" hai="41,46,48,54,55,79,80,84,89,94,99,113,114,115" m="31264,30752" machi="113" ten="40,8000,1" yaku="1,1,15,1,52,2,53,0" doraHai="127" doraHaiUra="65" who="1" fromWho="0" sc="392,-82,311,92,337,0,0,0" owari="310,-29.0,403,35.0,337,-6.0,0,0.0" /></mjloggm>