<mjloggm ver="2.3"><GO type="169" lobby="0"/><UN n0="%E5%B0%8F%E6%B1%A0%E7%BE%8E%E6%B3%A2%E2%8A%BF" n1="%E3%81%BF%E3%81%A3%E3%81%8D%E3%83%BC" n2="%EF%BC%91%EF%BC%90%E9%80%A3%E3%82%AC%E3%83%81%E3%83%A3" n3="%E3%81%82%E3%81%8A%E3%81%8D%E3%82%93%E3%81%90" dan="16,17,16,16" rate="2085.47,2197.91,2077.73,2115.24" sx="F,M,M,M"/><TAIKYOKU oya="0"/><INIT seed="0,0,0,5,4,66" ten="250,250,250,250" oya="0" hai0="94,25,64,118,23,65,67,59,17,135,82,108,77" hai1="109,58,131,56,2,105,117,42,130,48,46,60,5" hai2="88,55,90,11,3,10,68,13,47,22,87,81,62" hai3="29,27,20,52,6,121,7,126,61,8,19,91,51"/><T37/><D118/><U4/><E117/><V79/><F3/><W18/><G126/><T15/><D135/><U69/><E105/><V45/><F11/><W70/><G121/><T114/><D114/><U95/><E109/><V112/><F22/><W75/><G75/><T134/><D134/><U21/><E2/><V113/><F113/><W99/><G61/><T86/><D37/><U40/><E21/><V41/><F112/><W93/><G70/><T84/><D108/><U104/><E104/><V24/><F24/><W120/><G120/><T16/><D59/><N who="1" m="22571" /><E95/><V39/><F55/><W14/><REACH who="3" step="1"/><G29/><REACH who="3" ten="250,250,250,240" step="2"/><N who="0" m="17599" /><D15/><U123/><E123/><V12/><F13/><W101/><G101/><T73/><D73/><U96/><E60/><V44/><F62/><W54/><G54/><T125/><D125/><U97/><E69/><V92/><F68/><W35/><G35/><T76/><D76/><U103/><E40/><V119/><F119/><W85/><G85/><T0/><D0/><U38/><E97/><V30/><F30/><W129/><G129/><T89/><AGARI ba="0,1" hai="16,17,64,65,67,77,82,84,86,89,94" m="17599" machi="89" ten="30,3000,0" yaku="8,1,54,1" doraHai="66" who="0" fromWho="0" sc="250,40,250,-10,250,-10,240,-10" /><INIT seed="0,1,0,4,5,86" ten="290,240,240,230" oya="0" hai0="112,22,131,43,97,95,26,119,84,35,116,1,78" hai1="11,121,129,52,72,51,4,105,76,34,117,19,81" hai2="66,28,104,110,102,115,128,65,92,14,47,17,90" hai3="9,111,85,15,12,106,122,75,39,57,100,109,40"/><T127/><D112/><U58/><E117/><V114/><F128/><W74/><G57/><T56/><D35/><U118/><E121/><V21/><F110/><W54/><G85/><T68/><D68/><U101/><E118/><V96/><F28/><W5/><G54/><T23/><D1/><U41/><E34/><V87/><REACH who="2" step="1"/><F47/><REACH who="2" ten="290,240,230,230" step="2"/><W113/><G109/><T103/><D131/><U89/><E129/><V38/><F38/><W27/><G39/><T77/><D119/><U93/><E41/><V126/><F126/><W37/><G37/><T25/><D127/><U71/><E71/><V61/><F61/><W2/><G40/><T132/><D43/><U60/><E60/><V45/><F45/><W62/><G62/><T20/><D116/><U6/><E105/><V125/><F125/><W64/><G106/><T48/><D132/><U83/><E58/><V69/><F69/><W88/><G111/><T123/><D123/><U63/><E51/><V49/><F49/><W82/><G122/><T8/><D56/><U30/><E30/><V0/><F0/><W67/><G2/><T70/><D48/><U50/><E63/><V91/><F91/><W55/><G88/><N who="0" m="53639" /><D70/><U107/><E107/><V29/><F29/><W73/><G64/><AGARI ba="1,1" hai="14,17,21,64,65,66,87,90,92,96,102,104,114,115" machi="64" ten="40,2600,0" yaku="1,1,52,1,53,0" doraHai="86" doraHaiUra="133" who="2" fromWho="3" sc="290,0,240,0,230,39,230,-29" /><INIT seed="1,0,0,2,4,129" ten="290,240,269,201" oya="1" hai0="131,85,54,114,26,15,75,28,63,22,120,49,92" hai1="121,57,132,72,13,105,27,100,11,56,109,130,6" hai2="71,5,31,67,74,97,21,76,107,127,122,108,7" hai3="18,10,20,51,61,86,117,135,66,124,103,84,73"/><U48/><E121/><V88/><F122/><W53/><G124/><T110/><D120/><U68/><E68/><V133/><F67/><W38/><G73/><T39/><D39/><U113/><E113/><V134/><F71/><W115/><G115/><T90/><D75/><U55/><E72/><V3/><F3/><W52/><G38/><T82/><D114/><U30/><E130/><V126/><F76/><W35/><G35/><T23/><D63/><U43/><E43/><V42/><F108/><W69/><G117/><T17/><D110/><U118/><E118/><V60/><F60/><W65/><G65/><T45/><D131/><U64/><E109/><V119/><F42/><W106/><G10/><T36/><D36/><U102/><E105/><V50/><F50/><W77/><G77/><T78/><D78/><U80/><E80/><AGARI ba="0,0" hai="15,17,22,23,26,28,45,49,54,80,82,85,90,92" machi="80" ten="40,1300,0" yaku="8,1" doraHai="129" who="0" fromWho="1" sc="290,13,240,-13,269,0,201,0" /><INIT seed="2,0,0,0,1,63" ten="303,227,269,201" oya="2" hai0="69,80,130,114,1,128,109,125,30,52,43,37,2" hai1="19,102,94,65,86,88,78,127,113,110,115,103,58" hai2="44,15,75,13,26,29,46,25,56,121,32,126,98" hai3="107,106,129,97,45,118,50,24,59,132,70,3,7"/><V61/><F75/><W101/><G70/><T116/><D114/><U76/><E110/><V74/><F74/><W8/><G132/><T5/><D109/><U96/><E19/><V105/><F126/><W79/><G129/><T36/><D69/><U81/><E127/><V133/><F133/><W93/><G118/><T122/><D125/><U54/><E65/><V34/><F121/><W51/><G79/><T20/><D80/><N who="1" m="47383" /><E54/><V47/><F98/><W17/><G59/><T64/><D64/><U92/><E58/><V16/><F105/><W91/><G101/><N who="1" m="38410" /><E94/><V117/><F117/><W90/><G51/><T72/><D5/><U108/><E108/><V112/><F112/><W100/><G107/><T10/><D30/><U21/><E21/><V18/><F56/><W4/><G4/><T87/><D20/><U71/><E71/><V40/><F61/><W77/><G106/><T12/><D12/><N who="2" m="4682" /><F40/><W22/><G77/><T73/><D43/><AGARI ba="0,0" hai="3,7,8,17,22,24,43,45,50,90,91,93,97,100" machi="43" ten="30,1000,0" yaku="7,1" doraHai="63" who="3" fromWho="0" sc="303,-10,227,0,269,0,201,10" /><INIT seed="3,0,0,2,3,88" ten="293,227,269,211" oya="3" hai0="56,69,78,132,68,49,44,17,92,80,66,8,22" hai1="37,43,6,79,84,127,113,73,89,0,121,62,130" hai2="126,110,39,20,100,115,38,21,93,99,27,124,98" hai3="32,118,41,23,33,72,116,63,45,133,59,109,131"/><W105/><G105/><T90/><D132/><U76/><E121/><V96/><F115/><W74/><G133/><T107/><D107/><U48/><E113/><V34/><F34/><W14/><G131/><T119/><D8/><U134/><E37/><V52/><F110/><W128/><G128/><T120/><D69/><U11/><E127/><N who="2" m="48683" /><F20/><W71/><G71/><T53/><D68/><U61/><E73/><V60/><F39/><W64/><G109/><T97/><D119/><U95/><E134/><V67/><F38/><W123/><G123/><T10/><D10/><U91/><E130/><V103/><F103/><W18/><G33/><T77/><D80/><U75/><E75/><V114/><F67/><W25/><G116/><T101/><D101/><U83/><E48/><V111/><F114/><W55/><G64/><T102/><D102/><U51/><E51/><V19/><F111/><W104/><G104/><T30/><D30/><U7/><E43/><V117/><F117/><W12/><G118/><T24/><D120/><U70/><E6/><V29/><F29/><N who="3" m="19503" /><G72/><T16/><D17/><U1/><E1/><V129/><F129/><W82/><G18/><T135/><D135/><U112/><E112/><V85/><F85/><W81/><G23/><T50/><REACH who="0" step="1"/><D66/><REACH who="0" ten="283,227,269,211" step="2"/><U36/><E70/><V3/><F3/><W35/><G82/><T58/><D58/><AGARI ba="0,1" hai="19,21,27,52,58,60,93,96,98,99,100" m="48683" machi="58" ten="30,3900,0" yaku="18,1,52,1,54,1" doraHai="88" who="2" fromWho="0" sc="283,-39,227,0,269,49,211,0" /><INIT seed="4,0,0,2,3,7" ten="244,227,318,211" oya="0" hai0="118,20,38,40,72,47,37,115,95,113,22,52,33" hai1="6,75,36,28,131,90,84,50,133,127,21,102,103" hai2="39,67,98,42,31,126,92,55,87,108,101,66,41" hai3="29,5,73,76,114,30,68,9,91,43,89,10,54"/><T81/><D33/><U8/><E36/><V129/><F108/><W27/><G68/><T134/><D118/><U19/><E75/><V116/><F116/><W2/><G114/><N who="0" m="43531" /><D134/><U82/><E127/><V110/><F110/><W3/><G43/><T121/><D38/><U16/><E131/><V51/><F126/><W132/><G132/><T11/><D95/><U106/><E106/><V4/><F39/><W120/><G120/><T46/><D11/><U49/><E133/><V100/><F31/><W63/><G30/><T83/><D121/><U44/><E28/><V26/><F26/><W80/><G10/><T78/><D83/><U88/><E90/><V105/><F4/><W61/><G3/><T119/><D119/><U123/><E123/><V0/><F0/><W130/><G130/><T56/><D47/><U23/><E23/><V57/><F101/><N who="1" m="38409" /><E21/><V99/><F105/><W45/><G45/><T104/><D104/><U35/><E35/><V13/><F100/><W107/><G107/><T86/><D72/><U117/><E117/><V48/><F129/><W60/><REACH who="3" step="1"/><G54/><REACH who="3" ten="244,227,318,201" step="2"/><T124/><D124/><U77/><E44/><V71/><F55/><W58/><G58/><T1/><D1/><U17/><E77/><V128/><F57/><W94/><G94/><T122/><D122/><U18/><E6/><V74/><F128/><W64/><G64/><T125/><D125/><U15/><AGARI ba="0,1" hai="8,15,16,17,18,19,49,50,82,84,88" m="38409" machi="15" ten="30,7900,0" yaku="8,1,52,1,54,2" doraHai="7" who="1" fromWho="1" sc="244,-39,227,89,318,-20,201,-20" /><INIT seed="5,0,0,0,5,100" ten="205,316,298,181" oya="1" hai0="99,90,98,127,10,60,113,109,4,27,47,130,104" hai1="49,61,125,76,21,64,53,81,31,3,41,108,29" hai2="33,105,54,5,134,45,129,107,7,123,39,19,18" hai3="111,115,42,124,71,44,15,23,9,0,87,78,128"/><U16/><E125/><V84/><F123/><W73/><G87/><T69/><D109/><U55/><E3/><V20/><F33/><W114/><G78/><T91/><D127/><U126/><E41/><V106/><F134/><W67/><G67/><T28/><D47/><U57/><E126/><V88/><F19/><W132/><G44/><T36/><D36/><U13/><E108/><V11/><F129/><W17/><G42/><T25/><D25/><U65/><E64/><V89/><F89/><W1/><G73/><T80/><D113/><N who="3" m="43017" /><G71/><T103/><D99/><U43/><E43/><V30/><F30/><W12/><G111/><T121/><D130/><U82/><E82/><N who="2" m="49175" /><F20/><N who="3" m="11327" /><G124/><T95/><D80/><U118/><E118/><V32/><F32/><W122/><G128/><T52/><D121/><U35/><E35/><V38/><F38/><W85/><G85/><T120/><D120/><U94/><E53/><V92/><F92/><W70/><G70/><T26/><D69/><U66/><E94/><V79/><F79/><W110/><G122/><T51/><D95/><U56/><REACH who="1" step="1"/><E66/><REACH who="1" ten="205,306,298,181" step="2"/><V48/><F39/><W96/><G110/><T34/><D52/><U63/><E63/><V93/><F93/><W86/><G0/><N who="0" m="263" /><D60/><U50/><E50/><V117/><F117/><W37/><G1/><T101/><D51/><U135/><E135/><V116/><F116/><W83/><G132/><T58/><D34/><U77/><E77/><V102/><F102/><W59/><G83/><T97/><D103/><U22/><E22/><V40/><F40/><W62/><G37/><T74/><D101/><RYUUKYOKU ba="0,1" sc="205,-15,306,15,298,15,181,-15" hai1="13,16,21,29,31,49,55,56,57,61,65,76,81" hai2="5,7,11,18,45,48,54,105,106,107" /><INIT seed="5,1,1,1,1,73" ten="190,321,313,166" oya="1" hai0="108,86,7,58,27,65,74,114,79,18,42,126,25" hai1="34,30,60,80,75,16,38,1,82,6,131,50,99" hai2="54,20,40,123,15,93,43,35,10,88,90,84,129" hai3="4,113,31,96,61,132,11,57,122,70,45,89,85"/><U63/><E38/><V117/><F35/><W106/><G122/><T2/><D108/><U55/><E34/><V98/><F117/><W67/><G113/><T19/><D74/><U100/><E30/><V32/><F32/><W95/><G132/><T9/><D114/><U101/><E1/><V81/><F129/><W112/><G112/><T118/><D126/><U97/><E6/><V52/><F20/><W13/><G31/><T56/><D42/><N who="2" m="15914" /><F123/><W51/><G106/><T66/><D58/><U41/><E41/><V3/><F3/><W48/><G45/><T26/><D118/><U110/><E131/><V116/><F116/><W44/><G44/><T111/><D111/><U92/><E110/><V87/><F87/><W130/><G130/><T36/><D36/><U78/><E80/><V124/><F124/><W69/><G69/><T94/><D94/><U62/><E16/><AGARI ba="1,1" hai="10,15,16,52,54,81,84,88,90,93,98" m="15914" machi="16" ten="30,7700,0" yaku="8,1,54,3" doraHai="73" who="2" fromWho="1" sc="190,0,321,-80,313,90,166,0" /><INIT seed="6,0,0,4,1,83" ten="190,241,403,166" oya="2" hai0="1,116,98,85,74,86,113,58,88,131,25,115,23" hai1="5,45,77,31,82,53,114,102,3,133,11,59,6" hai2="103,92,24,66,78,124,38,12,101,2,4,41,29" hai3="69,67,71,97,73,105,34,64,30,16,107,46,50"/><V13/><F66/><W57/><G73/><T123/><D123/><U65/><E114/><N who="0" m="43529" /><D131/><U26/><E133/><V7/><F2/><W43/><G30/><N who="0" m="17727" /><D116/><U68/><E102/><V35/><F38/><W122/><G34/><T42/><D1/><U125/><E6/><V117/><F41/><W70/><G122/><T54/><D42/><U93/><E93/><V132/><F92/><W94/><G16/><T119/><D74/><U61/><E45/><V32/><F132/><W84/><G84/><N who="0" m="32363" /><D119/><U39/><E3/><V96/><F117/><W126/><G126/><T99/><D88/><U49/><E125/><V128/><F124/><W111/><G111/><T52/><D52/><U37/><E77/><V9/><F78/><W118/><G118/><T135/><D135/><U14/><E82/><V40/><F40/><W72/><G72/><T89/><D89/><U112/><E112/><V19/><F128/><W20/><G43/><T17/><D17/><U22/><AGARI ba="0,0" hai="5,11,14,22,26,31,37,39,49,53,59,61,65,68" machi="22" ten="20,1500,0" yaku="0,1,7,1" doraHai="83" who="1" fromWho="1" sc="190,-4,241,15,403,-7,166,-4" /><INIT seed="7,0,0,3,0,114" ten="186,256,396,162" oya="3" hai0="71,70,47,26,40,64,75,58,98,121,112,6,74" hai1="80,135,115,123,45,46,72,122,84,28,100,126,104" hai2="109,18,27,42,8,107,119,129,55,108,57,16,20" hai3="105,127,133,24,101,73,23,77,51,63,125,66,88"/><W110/><G133/><T32/><D121/><U118/><E28/><V3/><F119/><W34/><G110/><T56/><D6/><U93/><E115/><V131/><F42/><W19/><G34/><T91/><D112/><U52/><E46/><V79/><F79/><W21/><G51/><T0/><D0/><U87/><E52/><V38/><F38/><W82/><G101/><T86/><D98/><N who="1" m="61463" /><E45/><V5/><F107/><W85/><G105/><T117/><D75/><U14/><E14/><V134/><F16/><W13/><G73/><T60/><D74/><U128/><E126/><N who="3" m="48138" /><G77/><T111/><D117/><U113/><E135/><V124/><F124/><W17/><G63/><T54/><D111/><U29/><E29/><V31/><F31/><W61/><G61/><T62/><D26/><U4/><E4/><V97/><F134/><W76/><G76/><T96/><D32/><U37/><E72/><V67/><F67/><AGARI ba="0,0" hai="13,17,19,21,23,24,66,67,82,85,88" m="48138" machi="67" ten="30,2900,0" yaku="18,1,54,1" doraHai="114" who="3" fromWho="2" sc="186,0,256,0,396,-29,162,29" /><INIT seed="7,1,0,3,4,16" ten="186,256,367,191" oya="3" hai0="81,90,3,6,122,9,120,82,17,89,96,77,61" hai1="88,23,85,46,8,103,56,54,48,102,65,29,50" hai2="2,91,14,115,20,43,93,42,66,113,51,105,45" hai3="98,101,4,58,12,129,107,125,127,114,123,10,111"/><W64/><G123/><T11/><D82/><U52/><E8/><V133/><F2/><W62/><G114/><T74/><D61/><U32/><E32/><V109/><F105/><W99/><G129/><T79/><D79/><U83/><REACH who="1" step="1"/><E65/><REACH who="1" ten="186,246,367,191" step="2"/><V28/><F66/><W130/><G130/><T84/><D11/><U92/><E92/><V35/><F93/><W73/><G111/><T1/><D1/><U49/><E49/><V69/><F51/><W80/><REACH who="3" step="1"/><G99/><REACH who="3" ten="186,246,367,181" step="2"/><T24/><D96/><U128/><E128/><V121/><F109/><W39/><G39/><T95/><D122/><U41/><E41/><V18/><F43/><W135/><G135/><T53/><D120/><U94/><E94/><V67/><F121/><W134/><G134/><T70/><D95/><U97/><E97/><V104/><F133/><W13/><G13/><T37/><D3/><U126/><E126/><V44/><F14/><W7/><G7/><T68/><D6/><U33/><E33/><V38/><F35/><W19/><G19/><T78/><D17/><U87/><E87/><V110/><F18/><W124/><G124/><T117/><D84/><U30/><E30/><V119/><F110/><W27/><G27/><AGARI ba="1,2" hai="23,27,29,46,48,50,52,54,56,83,85,88,102,103" machi="27" ten="40,8000,1" yaku="1,1,8,1,52,1,54,2,53,0" doraHai="16" doraHaiUra="57" who="1" fromWho="3" sc="186,0,246,103,367,0,181,-83" owari="186,-21.0,349,15.0,367,46.0,98,-40.0" /></mjloggm>