<mjloggm ver="2.3"><GO type="169" lobby="0"/><UN n0="%E4%B9%9D%E4%B8%88%E8%8A%B1%E9%9F%B3" n1="%E8%8B%B1%E5%9B%BD%E5%A3%B2%E5%8D%B4" n2="%75%34%6B%61%6D%6F%31%30" n3="%E5%8D%83%E7%BE%BD%E9%B4%89" dan="16,18,16,17" rate="2180.50,2231.86,2071.72,2228.30" sx="F,M,M,F"/><TAIKYOKU oya="0"/><INIT seed="0,0,0,0,2,87" ten="250,250,250,250" oya="0" hai0="8,28,104,54,128,53,45,20,84,112,15,42,24" hai1="132,33,32,79,127,130,36,71,81,80,19,73,77" hai2="44,26,7,109,121,102,120,46,98,131,78,117,111" hai3="89,93,66,85,100,11,49,58,62,1,21,129,40"/><T118/><D128/><U83/><E130/><V69/><F131/><W60/><G129/><T134/><D134/><U123/><E132/><V59/><F7/><W96/><G1/><T55/><D112/><U75/><E123/><V41/><F78/><W82/><G11/><T106/><D118/><U92/><E71/><V63/><F69/><W94/><G21/><T99/><D84/><U97/><E83/><V51/><F26/><W5/><G5/><T38/><REACH who="0" step="1"/><D99/><REACH who="0" ten="240,250,250,250" step="2"/><U119/><E119/><V50/><F117/><W22/><G96/><T108/><D108/><N who="2" m="41546" /><F98/><W135/><G135/><T0/><D0/><U76/><E127/><V17/><F17/><AGARI ba="0,1" hai="8,15,17,20,24,28,38,42,45,53,54,55,104,106" machi="17" ten="40,2000,0" yaku="1,1,53,0" doraHai="87" doraHaiUra="57" who="0" fromWho="2" sc="240,30,250,0,250,-20,250,0" /><INIT seed="0,1,0,5,0,106" ten="270,250,230,250" oya="0" hai0="10,131,3,66,23,1,60,33,18,86,24,52,127" hai1="96,78,13,115,124,65,26,67,91,82,35,85,0" hai2="94,125,46,76,103,116,39,28,130,56,100,123,54" hai3="31,122,135,12,81,104,45,16,25,128,107,79,118"/><T84/><D131/><U41/><E0/><V101/><F123/><W49/><G135/><T112/><D127/><U90/><E124/><V110/><F125/><W93/><G118/><T80/><D112/><U21/><E35/><V71/><F71/><W40/><G93/><T19/><D33/><U88/><E115/><V75/><F28/><W8/><G128/><T133/><D133/><U121/><E121/><V53/><F130/><W62/><G62/><T42/><D42/><U113/><E113/><V4/><F4/><W43/><G43/><T132/><D84/><U109/><E109/><V74/><F76/><W92/><G92/><T87/><D87/><U77/><E77/><V22/><F94/><W61/><G61/><T20/><D10/><U97/><E13/><V134/><F134/><W34/><REACH who="3" step="1"/><G122/><REACH who="3" ten="270,250,230,240" step="2"/><T47/><D132/><U58/><E41/><V73/><F116/><W2/><G2/><T119/><D119/><U51/><E67/><V44/><F110/><W59/><G59/><T57/><D66/><U98/><E65/><V126/><F126/><W55/><G55/><N who="2" m="21001" /><F56/><W105/><G105/><T48/><D60/><U5/><E58/><V14/><F39/><W64/><G64/><T69/><D57/><U15/><E51/><V9/><F44/><W7/><G7/><T120/><D120/><U108/><E108/><V129/><F129/><W50/><G50/><T11/><D69/><U70/><E70/><V37/><F37/><W68/><G68/><T72/><D48/><U89/><N who="1" m="22528" /><DORA hai="27" /><U30/><E5/><N who="2" m="3375" /><F46/><W99/><G99/><T36/><D47/><RYUUKYOKU ba="1,1" sc="270,-30,250,10,230,10,240,10" hai1="15,21,26,30,78,82,85,96,97,98" hai2="22,73,74,75,100,101,103" hai3="8,12,16,25,31,34,40,45,49,79,81,104,107" /><INIT seed="1,2,1,0,2,31" ten="240,260,240,250" oya="1" hai0="106,126,13,133,62,8,39,70,117,74,103,17,1" hai1="114,19,22,0,46,131,41,88,128,73,66,77,3" hai2="100,122,96,25,113,127,23,20,129,4,42,32,71" hai3="53,50,92,121,54,123,33,97,34,104,61,110,26"/><U130/><E114/><V83/><F122/><W109/><G104/><T82/><D126/><U35/><E66/><V87/><F127/><W78/><G78/><T58/><D133/><U9/><E9/><V44/><F113/><W6/><G6/><T11/><D70/><U86/><E77/><V16/><F71/><W56/><G121/><T94/><D39/><U65/><E65/><V116/><F116/><W15/><G15/><T79/><D106/><U107/><E73/><V95/><F129/><W135/><G135/><T52/><D117/><U119/><E35/><V125/><F125/><W102/><G123/><T30/><D30/><U105/><E107/><V21/><F4/><W84/><G84/><T49/><D1/><U27/><E105/><V5/><F5/><W69/><G26/><T93/><D103/><U43/><E119/><V60/><F60/><W91/><G102/><T90/><D11/><U98/><E98/><V7/><F32/><W118/><G118/><T47/><REACH who="0" step="1"/><D90/><REACH who="0" ten="230,260,240,250" step="2"/><U101/><E101/><V51/><F7/><W68/><G68/><T63/><D63/><U36/><REACH who="1" step="1"/><E43/><AGARI ba="2,2" hai="8,13,17,43,47,49,52,58,62,74,79,82,93,94" machi="43" ten="30,3900,0" yaku="1,1,7,1,54,1,53,0" doraHai="31" doraHaiUra="2" who="0" fromWho="1" sc="230,65,260,-45,240,0,250,0" /><INIT seed="2,0,0,5,5,123" ten="295,215,240,250" oya="2" hai0="135,133,132,77,117,0,92,98,49,11,58,44,84" hai1="40,93,27,35,75,53,57,12,109,62,82,80,134" hai2="16,104,61,65,114,31,111,120,36,110,52,1,86" hai3="39,83,74,4,107,81,23,59,6,102,15,42,5"/><V72/><F120/><W101/><G107/><T94/><D58/><U46/><E134/><V106/><F114/><W118/><G118/><T97/><D0/><U87/><E75/><V30/><F72/><W76/><G39/><T60/><D60/><U108/><E12/><V55/><F36/><W85/><G42/><T50/><D117/><U25/><E93/><N who="0" m="35945" /><D11/><U51/><E82/><V69/><F1/><W99/><G99/><N who="0" m="37899" /><D44/><U124/><E124/><V90/><F16/><W34/><G34/><T113/><D113/><U63/><E63/><V3/><F3/><W116/><G59/><T119/><D119/><U64/><E64/><V115/><F115/><W26/><G15/><T8/><D8/><U129/><E129/><V95/><F30/><W19/><REACH who="3" step="1"/><G116/><REACH who="3" ten="295,215,240,240" step="2"/><T103/><D103/><U70/><E70/><V2/><F2/><W91/><AGARI ba="0,1" hai="4,5,6,19,23,26,74,76,81,83,85,91,101,102" machi="91" ten="30,4000,0" yaku="1,1,2,1,0,1,53,0" doraHai="123" doraHaiUra="7" who="3" fromWho="3" sc="295,-10,215,-10,240,-20,240,50" /><INIT seed="3,0,0,4,4,96" ten="285,205,220,290" oya="3" hai0="86,59,47,134,110,64,45,76,101,80,42,54,2" hai1="38,17,9,89,82,129,92,0,20,120,104,49,31" hai2="98,43,40,62,70,121,19,58,123,26,105,107,21" hai3="16,78,55,69,75,72,79,106,95,3,22,131,8"/><W119/><G106/><T41/><D110/><U67/><E104/><V118/><F70/><W50/><G69/><T74/><D134/><U4/><E38/><V33/><F118/><W91/><G131/><T44/><D2/><U68/><E129/><V93/><F33/><W39/><G39/><T128/><D74/><U11/><E120/><N who="2" m="46155" /><F107/><W18/><G75/><T10/><D128/><U90/><E31/><V116/><F105/><W27/><G72/><T113/><D64/><U28/><E28/><V61/><F61/><W6/><G18/><T34/><D34/><U36/><E36/><V37/><F37/><W99/><REACH who="3" step="1"/><G119/><REACH who="3" ten="285,205,220,280" step="2"/><T130/><D130/><U48/><E82/><V13/><F116/><W102/><G102/><T114/><D101/><U88/><E92/><V133/><F133/><W29/><G29/><T12/><D113/><U81/><E81/><V87/><F19/><W66/><G66/><T77/><D114/><U100/><E100/><V25/><F93/><W60/><G60/><N who="0" m="35959" /><D77/><U65/><E65/><V46/><F62/><W122/><G122/><T109/><D109/><U84/><E67/><V97/><F43/><W103/><G103/><T56/><D41/><U115/><E68/><V52/><F40/><W63/><G63/><T85/><D42/><U15/><E115/><V14/><F52/><W94/><G94/><T124/><D80/><U135/><E135/><V51/><F51/><W53/><G53/><T73/><D76/><U111/><E111/><V126/><F126/><W71/><G71/><T7/><D124/><U23/><E84/><N who="0" m="32361" /><D73/><U108/><E108/><RYUUKYOKU ba="0,1" sc="285,10,205,10,220,-30,280,10" hai0="7,10,12,44,45,47,56" hai1="0,4,9,11,15,17,20,23,48,49,88,89,90" hai3="3,6,8,16,22,27,50,55,78,79,91,95,99" /><INIT seed="3,1,1,5,0,122" ten="295,215,190,290" oya="3" hai0="89,132,68,36,98,103,102,47,119,38,108,39,107" hai1="114,9,25,19,22,24,2,73,28,27,133,61,26" hai2="87,106,100,121,129,33,11,123,35,74,117,131,46" hai3="84,127,44,134,124,80,32,1,101,72,20,91,52"/><W112/><G32/><N who="2" m="12361" /><F74/><W130/><G1/><T50/><D119/><U51/><E73/><V85/><F117/><W17/><G112/><T6/><D68/><U65/><E114/><V53/><F11/><W76/><G130/><N who="2" m="49673" /><F106/><W21/><G134/><T13/><D132/><U12/><E133/><V135/><F100/><W0/><G0/><T41/><D103/><U62/><E2/><V7/><F7/><W69/><G101/><T15/><D6/><U86/><E65/><V64/><F64/><W70/><G70/><T75/><D75/><U29/><E29/><V90/><F135/><W10/><G69/><T40/><D89/><U81/><REACH who="1" step="1"/><E51/><REACH who="1" ten="295,205,190,290" step="2"/><N who="2" m="28919" /><F87/><W109/><G72/><T104/><D50/><U92/><E92/><AGARI ba="1,2" hai="85,90,92,121,123" m="28919,49673,12361" machi="92" ten="30,1000,0" yaku="19,1" doraHai="122" who="2" fromWho="1" sc="295,0,205,-13,190,33,290,0" /><INIT seed="4,0,0,0,3,46" ten="295,192,223,290" oya="0" hai0="12,102,131,125,68,132,76,41,64,80,118,105,7" hai1="20,135,88,35,108,79,61,119,117,66,45,89,47" hai2="84,43,99,44,62,123,22,100,39,96,18,112,115" hai3="126,9,38,75,128,42,114,65,83,90,58,49,67"/><T31/><D118/><U106/><E108/><V54/><F123/><W11/><G75/><T34/><D131/><U93/><E106/><V124/><F124/><W23/><G83/><T15/><D125/><U29/><E35/><V5/><F5/><W73/><G73/><T81/><D132/><U109/><E109/><V57/><F84/><W59/><G90/><T63/><D41/><U36/><E79/><V14/><REACH who="2" step="1"/><F100/><REACH who="2" ten="295,192,213,290" step="2"/><W37/><G126/><T70/><D7/><U28/><E119/><V53/><F53/><W87/><G87/><T103/><D103/><U10/><E117/><V113/><AGARI ba="0,1" hai="14,18,22,39,43,44,54,57,62,96,99,112,113,115" machi="113" ten="30,8000,1" yaku="1,1,0,1,15,1,53,2" doraHai="46" doraHaiUra="95" who="2" fromWho="2" sc="295,-40,192,-20,213,90,290,-20" /><INIT seed="5,0,0,4,1,103" ten="255,172,303,270" oya="1" hai0="64,92,61,113,58,108,101,48,12,98,74,131,44" hai1="22,56,93,43,46,31,10,41,132,88,63,6,89" hai2="16,38,126,102,34,129,72,9,27,114,52,8,104" hai3="109,80,130,125,112,60,118,86,94,76,7,53,106"/><U91/><E132/><V55/><F38/><W30/><G7/><T107/><D108/><U28/><E93/><V35/><F72/><W1/><G1/><T19/><D113/><U67/><E22/><V66/><F114/><W100/><G30/><T21/><D131/><U95/><E95/><V70/><F129/><W90/><G53/><N who="2" m="20553" /><F35/><W50/><G50/><T111/><D111/><U83/><E83/><V45/><F45/><W85/><G60/><T68/><D74/><U82/><E82/><V14/><F14/><W115/><G130/><T123/><D123/><U65/><E65/><V15/><F15/><W37/><G37/><T13/><D13/><U36/><REACH who="1" step="1"/><E43/><REACH who="1" ten="255,162,303,270" step="2"/><V81/><F81/><N who="3" m="47271" /><G109/><T119/><D92/><U23/><E23/><V51/><F66/><W105/><G112/><T40/><REACH who="0" step="1"/><D119/><REACH who="0" ten="245,162,303,270" step="2"/><U110/><E110/><V117/><F117/><W18/><G118/><T84/><D84/><U135/><E135/><V122/><F122/><W120/><G120/><T20/><D20/><U116/><E116/><V73/><F73/><W69/><G115/><T128/><D128/><U5/><E5/><V33/><F33/><W124/><G94/><T121/><D121/><U134/><E134/><V79/><F34/><W87/><G86/><T99/><D99/><U11/><E11/><V62/><F8/><W42/><G87/><T77/><D77/><U4/><E4/><V78/><F9/><W75/><G75/><T47/><D47/><U0/><AGARI ba="0,2" hai="0,6,10,28,31,36,41,46,56,63,67,88,89,91" machi="0" ten="30,6000,0" yaku="1,1,0,1,54,1,53,0" doraHai="103" doraHaiUra="133" who="1" fromWho="1" sc="245,-20,162,80,303,-20,270,-20" /><INIT seed="5,1,0,1,1,35" ten="225,242,283,250" oya="1" hai0="15,129,126,118,134,58,72,99,64,97,21,14,122" hai1="59,75,19,33,67,71,8,50,98,1,13,89,6" hai2="111,66,0,49,63,116,73,18,133,93,20,55,108" hai3="3,10,27,105,41,88,125,85,11,91,124,130,56"/><U44/><E71/><V117/><F73/><W110/><G110/><T107/><D118/><U83/><E33/><V62/><F133/><W112/><G105/><T46/><D72/><U23/><E98/><V135/><F135/><W7/><G112/><T114/><D134/><U113/><E113/><V48/><F93/><W26/><G130/><T32/><D32/><U57/><E67/><V120/><F20/><W119/><G41/><T61/><D126/><N who="3" m="48745" /><G119/><N who="2" m="45641" /><F0/><N who="3" m="359" /><G56/><T65/><D58/><U109/><E109/><N who="2" m="42059" /><F18/><W43/><G43/><T78/><D21/><U69/><E69/><N who="2" m="42199" /><F120/><W121/><G121/><T96/><D122/><U90/><E90/><N who="3" m="34346" /><G85/><T17/><D114/><U54/><REACH who="1" step="1"/><E89/><REACH who="1" ten="225,232,283,250" step="2"/><V28/><F28/><W100/><G100/><T128/><D97/><U52/><E52/><V2/><F55/><W53/><G53/><T51/><D99/><U60/><E60/><V68/><F63/><W34/><G34/><T102/><D61/><U132/><E132/><V101/><F101/><W9/><G9/><N who="0" m="6351" /><D129/><U16/><E16/><V47/><F68/><W77/><G77/><AGARI ba="1,1" hai="1,6,8,13,19,23,44,50,54,57,59,75,77,83" machi="77" ten="40,7700,0" yaku="1,1,52,1,53,1" doraHai="35" doraHaiUra="45" who="1" fromWho="3" sc="225,0,232,90,283,0,250,-80" /><INIT seed="5,2,0,3,3,59" ten="225,322,283,170" oya="1" hai0="128,114,73,75,134,87,9,61,53,47,45,40,62" hai1="102,68,21,37,69,112,7,58,104,74,49,3,99" hai2="54,10,42,71,133,90,25,81,57,63,19,39,119" hai3="18,127,101,0,27,70,35,78,31,76,94,50,103"/><U24/><E37/><V5/><F119/><W126/><G0/><T98/><D87/><U124/><E74/><V29/><F133/><W1/><G1/><T86/><D86/><U32/><E32/><V105/><F105/><W64/><G50/><T16/><D134/><U26/><E112/><V77/><F90/><W65/><G18/><T55/><D114/><U120/><E120/><V8/><F71/><W56/><G70/><T108/><D108/><U93/><E104/><V60/><F19/><W96/><G101/><T115/><D115/><U123/><E123/><V85/><F39/><W72/><G65/><T121/><D121/><U118/><E118/><V51/><F42/><W4/><G4/><T66/><D98/><U11/><E124/><N who="3" m="47658" /><G72/><T132/><D16/><U23/><E26/><V106/><F106/><W100/><G100/><T80/><D66/><U79/><E79/><V131/><F131/><W67/><G67/><T92/><D40/><U52/><E23/><N who="2" m="15551" /><F5/><W91/><G103/><T2/><D128/><U83/><E83/><V12/><F12/><W88/><G91/><T43/><D80/><U113/><E113/><V130/><F130/><W36/><G36/><T46/><D2/><U82/><E82/><V14/><F14/><W117/><G117/><T110/><D43/><U20/><E20/><V129/><F129/><W109/><G109/><T41/><D41/><U15/><E3/><V48/><F48/><W28/><G31/><AGARI ba="2,0" hai="7,11,15,21,24,31,49,52,58,68,69,93,99,102" machi="31" ten="30,2900,0" yaku="7,1,54,1" doraHai="59" who="1" fromWho="3" sc="225,0,322,35,283,0,170,-35" /><INIT seed="5,3,0,0,4,102" ten="225,357,283,135" oya="1" hai0="71,27,38,106,124,58,42,99,107,13,76,67,121" hai1="96,128,50,101,5,115,123,70,9,122,21,33,134" hai2="56,86,98,17,132,49,8,77,47,90,31,34,113" hai3="93,84,83,92,22,111,133,3,130,10,32,117,35"/><U52/><E33/><V7/><F132/><W54/><G111/><T95/><D71/><U63/><E134/><V18/><F34/><W72/><G133/><T55/><D76/><U81/><E81/><V57/><F31/><W41/><G130/><T68/><D13/><U43/><E128/><V64/><F77/><W30/><G117/><T69/><D69/><U110/><E115/><V40/><F98/><W6/><G72/><T28/><D124/><U108/><E21/><V131/><F113/><W51/><G41/><T19/><D19/><U119/><E43/><V14/><F131/><W135/><G22/><T125/><D125/><U4/><E63/><N who="2" m="37991" /><F57/><W127/><G127/><T36/><D36/><U94/><E70/><V129/><F129/><W74/><G74/><T46/><D68/><U105/><E94/><AGARI ba="3,0" hai="7,8,14,17,18,40,47,49,86,90,94" m="37991" machi="94" ten="30,1000,0" yaku="8,1" doraHai="102" who="2" fromWho="1" sc="225,0,357,-19,283,19,135,0" /><INIT seed="6,0,0,3,4,115" ten="225,338,302,135" oya="2" hai0="122,15,97,65,85,24,104,62,26,67,118,45,114" hai1="40,19,44,20,70,72,68,77,51,127,21,101,57" hai2="110,132,128,36,18,61,89,88,81,120,76,99,17" hai3="14,133,16,135,129,86,94,53,83,73,5,117,52"/><V25/><F120/><W13/><G73/><T31/><D122/><U91/><E127/><V116/><F36/><W96/><G5/><T92/><D104/><U37/><E21/><V50/><F132/><N who="3" m="50763" /><G14/><T109/><D109/><U34/><E34/><V84/><F25/><W32/><G32/><T75/><D75/><U102/><E77/><V98/><F110/><W2/><G2/><T60/><D45/><U126/><E126/><V47/><F17/><W119/><G129/><T71/><D15/><U105/><E72/><V108/><F128/><W35/><G35/><T113/><D85/><U11/><E11/><V95/><F18/><W28/><G28/><T23/><D24/><U123/><E123/><V125/><F125/><W59/><G96/><T107/><D107/><U90/><E68/><V46/><F99/><W10/><G94/><T131/><D131/><U0/><E70/><V82/><F98/><W56/><G59/><T1/><D1/><U42/><E0/><V63/><F95/><W55/><G56/><T87/><D97/><U33/><E33/><V124/><F124/><W27/><G27/><T130/><D92/><U78/><E19/><V80/><F82/><W6/><G6/><T134/><D130/><U4/><E4/><V22/><F81/><W29/><G29/><T100/><D134/><U43/><E105/><V74/><F74/><W54/><N who="3" m="13312" /><DORA hai="7" /><W9/><G9/><T41/><D31/><U103/><E103/><V64/><F80/><W12/><G12/><T48/><D100/><U39/><E102/><V106/><F106/><W111/><G111/><RYUUKYOKU ba="0,0" sc="225,-10,338,-10,302,-10,135,30" hai3="10,13,16,83,86,117,119" /><INIT seed="7,1,0,1,1,126" ten="215,328,292,165" oya="3" hai0="21,41,30,17,133,7,106,84,56,50,103,8,105" hai1="0,57,78,75,52,129,77,42,100,12,36,19,132" hai2="29,60,122,74,14,115,58,80,63,92,20,118,65" hai3="62,5,113,13,101,51,11,45,81,4,24,82,2"/><W85/><G113/><T61/><D30/><U90/><E129/><V87/><F118/><W69/><G101/><T88/><D103/><U26/><E0/><V9/><F115/><W6/><G24/><T116/><D133/><U104/><E75/><V91/><F122/><W38/><G38/><T98/><D98/><U68/><E68/><V125/><F125/><W44/><G44/><T46/><D8/><U124/><E100/><V3/><F3/><W59/><G69/><T76/><D76/><U109/><E104/><V53/><F74/><W114/><G114/><T73/><D7/><N who="3" m="2633" /><G2/><T32/><D32/><U47/><E26/><V18/><F29/><W23/><G23/><T117/><D73/><U66/><E109/><V31/><F31/><W99/><G99/><T120/><D120/><U40/><E132/><V34/><F34/><W35/><G35/><T55/><D116/><U127/><E127/><V119/><F119/><W135/><G135/><T123/><D123/><U15/><E15/><V27/><F27/><W64/><G85/><T43/><D43/><AGARI ba="1,0" hai="6,11,13,43,45,51,59,62,64,81,82" m="2633" machi="43" ten="30,1500,0" yaku="8,1" doraHai="126" who="3" fromWho="0" sc="215,-18,328,0,292,0,165,18" /><INIT seed="7,2,0,2,1,122" ten="197,328,292,183" oya="3" hai0="111,63,88,20,133,14,106,95,124,77,2,135,113" hai1="15,86,132,116,59,80,11,32,81,130,87,64,74" hai2="60,0,102,99,8,16,128,54,1,47,46,125,73" hai3="28,79,39,19,9,69,57,78,65,98,61,18,71"/><W49/><G39/><T126/><D111/><U51/><E32/><V3/><F73/><W109/><G109/><T103/><D113/><U84/><E74/><V112/><F112/><W50/><G28/><T24/><D2/><U120/><E130/><V13/><F128/><W27/><G69/><T104/><D77/><N who="3" m="29193" /><G71/><T6/><D103/><U110/><E132/><N who="0" m="50761" /><D63/><N who="1" m="38015" /><E120/><V56/><REACH who="2" step="1"/><F125/><REACH who="2" ten="197,328,282,183" step="2"/><W33/><G33/><T91/><D124/><U121/><E121/><V53/><F53/><W76/><N who="3" m="29201" /><W38/><DORA hai="35" /><G38/><T108/><D126/><U17/><E110/><V119/><F119/><W30/><G98/><T21/><D108/><U48/><E116/><V4/><F4/><W83/><G83/><AGARI ba="2,1" hai="11,15,17,48,51,80,81,83,84,86,87" m="38015" machi="83" ten="30,1000,0" yaku="8,1" doraHai="122,35" who="1" fromWho="3" sc="197,0,328,26,282,0,183,-16" owari="197,-20.0,354,45.0,282,8.0,167,-33.0" /></mjloggm>