<mjloggm ver="2.3"><GO type="169" lobby="0"/><UN n0="%E3%83%81%E3%83%83%E3%83%97%E3%82%B3%E3%83%AC%E3%82%AF%E3%82%BF%E3%83%BC" n1="%E5%8D%97%E5%B8%9D%E5%8D%97%E6%B5%A6" n2="%E3%81%94%E3%81%96%E3%83%BC%E3%82%8B%E3%81%94%E3%81%96%E3%82%8B" n3="%E9%87%8C%E6%9C%A8%E4%BB%81" dan="16,16,16,16" rate="2142.56,2087.49,2116.47,2127.83" sx="M,F,M,M"/><TAIKYOKU oya="0"/><INIT seed="0,0,0,4,1,105" ten="250,250,250,250" oya="0" hai0="127,41,82,135,131,113,28,133,124,79,57,86,16" hai1="72,89,84,58,109,91,27,75,54,51,103,121,0" hai2="3,115,7,2,74,38,52,129,19,88,93,8,87" hai3="4,62,123,66,26,132,5,106,119,48,12,122,44"/><T77/><D41/><U43/><E121/><N who="3" m="46090" /><G119/><T90/><D28/><U6/><E109/><V23/><F38/><W68/><G132/><N who="0" m="50763" /><D57/><U42/><E103/><V45/><F129/><W15/><G106/><T18/><D113/><U29/><E91/><V114/><F3/><W130/><G130/><T46/><D46/><U101/><E101/><V34/><F34/><W64/><G64/><T125/><D131/><U9/><E43/><V111/><F74/><W76/><G76/><AGARI ba="0,0" hai="16,18,76,77,79,82,86,90,124,125,127" m="50763" machi="76" ten="40,7700,0" yaku="18,1,20,1,54,1" doraHai="105" who="0" fromWho="3" sc="250,77,250,0,250,0,250,-77" /><INIT seed="0,1,0,0,5,82" ten="327,250,250,173" oya="0" hai0="86,83,22,39,94,93,91,67,29,4,52,45,130" hai1="72,62,12,89,3,11,120,119,74,123,103,107,81" hai2="104,135,46,105,40,41,54,19,97,59,128,1,108" hai3="6,127,88,20,75,132,124,5,114,57,58,27,65"/><T37/><D130/><U98/><E3/><V24/><F1/><W116/><G114/><T71/><D4/><N who="3" m="1641" /><G116/><T133/><D133/><U31/><E119/><V118/><F128/><W113/><G113/><T50/><D71/><U122/><E31/><V101/><F108/><W18/><G132/><T35/><D35/><U70/><E62/><V15/><F135/><W23/><G75/><T49/><D67/><U111/><E70/><V77/><F24/><N who="3" m="14359" /><G65/><T69/><D69/><U2/><E2/><V21/><F118/><W76/><G76/><T99/><D49/><U47/><E47/><V84/><F104/><W43/><G43/><T129/><D129/><U38/><E38/><V42/><F46/><W115/><G115/><T36/><REACH who="0" step="1"/><D99/><REACH who="0" ten="317,250,250,173" step="2"/><U121/><N who="1" m="30720" /><DORA hai="110" /><U80/><E111/><V60/><REACH who="2" step="1"/><F41/><REACH who="2" ten="317,250,240,173" step="2"/><W33/><G33/><T32/><D32/><U17/><E98/><V90/><F90/><W30/><G88/><T102/><D102/><U56/><E103/><V53/><F53/><W117/><G117/><T109/><D109/><U131/><E89/><V96/><F96/><W79/><G127/><T55/><D55/><U63/><E131/><V13/><F13/><W85/><G124/><T66/><D66/><U68/><E12/><V112/><F112/><W10/><G10/><T106/><D106/><U134/><E107/><V126/><F126/><W16/><G30/><T95/><D95/><U87/><E134/><V92/><F92/><W44/><G44/><T73/><D73/><U0/><E74/><V28/><F28/><W14/><G14/><T125/><D125/><RYUUKYOKU ba="1,2" sc="317,10,250,-30,240,10,173,10" hai0="22,29,36,37,39,45,50,52,83,86,91,93,94" hai2="15,19,21,40,42,54,59,60,77,84,97,101,105" hai3="16,23,27,57,58,79,85" /><INIT seed="0,2,2,4,4,91" ten="327,220,250,183" oya="0" hai0="95,111,18,126,25,82,20,134,38,40,37,41,90" hai1="127,71,61,11,16,81,34,108,73,23,85,64,88" hai2="114,80,60,53,76,67,79,3,107,52,106,101,128" hai3="15,129,45,117,19,6,89,55,56,10,63,51,97"/><T102/><D134/><U77/><E127/><V17/><F114/><W21/><G129/><T72/><D126/><U29/><E108/><V120/><F120/><W62/><G117/><T132/><D132/><U105/><E105/><V36/><F36/><W1/><G97/><T123/><D123/><U27/><E11/><V26/><F3/><W70/><G70/><T103/><D38/><U99/><E99/><V58/><F128/><W4/><G4/><T75/><D111/><U44/><E44/><V0/><F0/><W104/><G104/><T109/><D109/><U32/><REACH who="1" step="1"/><E29/><REACH who="1" ten="327,210,250,183" step="2"/><V28/><F107/><W35/><G45/><T22/><D37/><U74/><E74/><V48/><F28/><W46/><G46/><T9/><D9/><U83/><AGARI ba="2,3" hai="16,23,27,32,34,61,64,71,73,77,81,83,85,88" machi="83" ten="20,8000,1" yaku="1,1,0,1,7,1,54,2,53,0" doraHai="91" doraHaiUra="113" who="1" fromWho="1" sc="327,-42,210,116,250,-22,183,-22" /><INIT seed="1,0,0,0,3,113" ten="285,326,228,161" oya="1" hai0="101,54,29,22,23,130,115,60,36,104,14,28,64" hai1="1,103,19,57,111,41,70,80,51,65,119,30,102" hai2="9,69,55,73,37,71,120,12,33,27,40,94,100" hai3="89,3,129,25,93,128,35,97,46,122,84,24,13"/><U52/><E1/><V124/><F120/><W91/><G122/><T62/><D115/><U58/><E30/><V117/><F117/><W15/><G3/><T44/><D130/><N who="3" m="50281" /><G46/><T132/><D132/><U127/><E127/><V47/><F124/><W112/><G112/><T90/><D104/><U76/><E111/><V26/><F73/><W72/><G72/><T18/><D101/><U50/><E119/><V0/><F0/><W77/><G77/><T125/><D125/><U42/><E70/><V45/><F69/><W123/><G123/><T56/><D90/><U7/><E7/><V63/><F33/><W49/><G49/><T96/><D96/><U66/><E19/><V88/><F100/><W92/><G35/><T105/><D105/><U20/><E20/><V106/><F106/><W61/><G61/><T134/><D134/><U10/><E10/><V118/><F118/><W43/><G43/><T53/><D23/><U67/><E58/><V8/><F8/><W87/><G97/><T39/><D53/><U83/><E50/><V34/><F34/><W78/><G78/><T4/><D39/><U75/><REACH who="1" step="1"/><E83/><REACH who="1" ten="285,316,228,161" step="2"/><V59/><F71/><W17/><G15/><T99/><D14/><U121/><E121/><V133/><F133/><W21/><AGARI ba="0,1" hai="13,17,21,24,25,84,87,89,91,92,93" m="50281" machi="21" ten="30,1100,0" yaku="19,1" doraHai="113" who="3" fromWho="3" sc="285,-3,316,-5,228,-3,161,21" /><INIT seed="2,0,0,2,1,95" ten="282,311,225,182" oya="2" hai0="39,38,48,30,55,106,68,117,85,90,65,127,101" hai1="63,124,8,10,45,26,96,51,7,19,56,76,42" hai2="37,44,43,25,49,33,52,123,107,77,97,119,13" hai3="125,126,24,135,104,67,12,120,100,130,53,87,129"/><V103/><F119/><W47/><G120/><T31/><D117/><U131/><E131/><N who="3" m="50186" /><G67/><T23/><D127/><N who="3" m="48649" /><G24/><T110/><D110/><U16/><E76/><V50/><F123/><W79/><G12/><T88/><D65/><N who="1" m="39143" /><E124/><V116/><F116/><W78/><G135/><T62/><D68/><U102/><E7/><V83/><F13/><W61/><G87/><T3/><D85/><U4/><E4/><V75/><F25/><W84/><G84/><T113/><D31/><U94/><E26/><V27/><F27/><W5/><G5/><T132/><D30/><U111/><E111/><V114/><F114/><W0/><G0/><T91/><D113/><U74/><E74/><V89/><F33/><W60/><G47/><T121/><D3/><U1/><E1/><V109/><F109/><W122/><G122/><T72/><D121/><U133/><E133/><V93/><REACH who="2" step="1"/><F52/><REACH who="2" ten="282,311,215,182" step="2"/><W21/><G53/><T58/><D55/><U81/><E81/><V108/><F108/><W14/><G14/><T71/><D132/><U99/><E8/><V2/><F2/><W69/><G21/><T41/><D23/><U40/><E10/><V15/><F15/><W80/><G60/><T22/><D62/><U54/><E54/><V11/><F11/><W105/><G61/><T112/><D22/><U35/><E35/><V18/><F18/><N who="1" m="6697" /><E40/><V64/><F64/><W32/><G32/><T66/><D41/><U20/><E20/><V36/><F36/><W9/><G9/><T134/><D38/><U128/><E128/><V92/><F92/><W98/><G105/><T17/><D39/><RYUUKYOKU ba="0,1" sc="282,-15,311,15,215,15,182,-15" hai1="42,45,51,94,96,99,102" hai2="37,43,44,49,50,75,77,83,89,93,97,103,107" /><INIT seed="2,1,1,5,1,129" ten="267,326,230,167" oya="2" hai0="14,6,105,51,77,101,107,18,85,71,54,5,133" hai1="63,62,81,37,119,103,20,21,90,78,36,104,130" hai2="73,55,41,10,95,115,98,66,1,126,22,121,31" hai3="4,35,39,72,59,46,60,0,113,109,87,127,116"/><V49/><F121/><W70/><RYUUKYOKU type="yao9" ba="1,1" sc="267,0,326,0,230,0,167,0" hai3="0,4,35,39,46,59,60,70,72,87,109,113,116,127" /><INIT seed="2,2,1,3,3,5" ten="267,326,230,167" oya="2" hai0="75,78,87,105,110,48,103,125,42,69,67,72,26" hai1="22,20,99,29,34,88,63,3,93,57,12,81,21" hai2="74,37,128,43,60,11,102,41,106,45,38,25,83" hai3="58,79,19,120,96,118,91,52,104,24,10,68,84"/><V62/><F128/><W89/><G118/><T36/><D110/><U135/><E135/><V124/><F124/><W114/><G120/><T35/><D48/><U130/><E130/><V32/><F106/><W40/><G114/><T9/><D87/><U1/><E81/><V117/><F102/><W55/><G68/><T16/><D125/><U95/><E12/><V127/><F127/><W76/><G40/><T119/><D119/><U109/><E109/><V100/><F100/><W39/><G39/><T46/><D67/><U97/><E34/><V28/><F117/><W73/><G73/><T56/><D56/><U30/><E1/><V66/><F66/><W2/><G104/><T23/><D69/><U71/><E3/><V115/><F115/><W53/><G58/><T0/><D35/><U85/><E71/><V18/><F83/><N who="3" m="49311" /><G2/><T113/><D113/><U92/><E92/><V70/><F74/><W108/><G108/><T64/><D64/><N who="1" m="39023" /><E99/><V31/><F31/><W132/><G132/><T17/><D78/><U98/><E98/><V134/><F134/><W82/><G96/><T101/><D101/><AGARI ba="2,1" hai="20,21,22,29,30,85,88,93,95,97,101" m="39023" machi="101" ten="30,2000,0" yaku="8,1,54,1" doraHai="5" who="1" fromWho="0" sc="267,-26,326,36,230,0,167,0" /><INIT seed="3,0,0,4,3,70" ten="241,362,230,167" oya="3" hai0="86,9,47,96,48,21,73,110,130,39,69,118,62" hai1="93,4,36,63,12,43,6,3,97,103,126,79,91" hai2="90,101,42,113,24,128,129,66,30,67,122,102,34" hai3="114,51,121,18,44,45,52,76,14,100,8,7,15"/><W72/><G114/><T95/><D73/><U60/><E3/><V59/><F113/><W31/><G121/><T64/><D118/><U82/><E126/><V11/><F122/><W56/><G31/><T32/><D32/><U20/><E4/><V98/><F11/><W61/><G100/><T107/><D130/><U40/><E103/><V10/><F10/><W119/><G119/><T65/><D65/><U108/><E108/><V0/><F0/><W80/><REACH who="3" step="1"/><G61/><REACH who="3" ten="241,362,230,157" step="2"/><T58/><D62/><U99/><E63/><N who="2" m="38271" /><F101/><W127/><G127/><T23/><D107/><U135/><E60/><V75/><F102/><W117/><G117/><T77/><D69/><U84/><E135/><V19/><F128/><W26/><G26/><T87/><D64/><U22/><E12/><V28/><F67/><W115/><G115/><T116/><D116/><U120/><E120/><V50/><F28/><W104/><G104/><T54/><D110/><U29/><E29/><V33/><F30/><W134/><G134/><T111/><D111/><U49/><E6/><V78/><F24/><W133/><G133/><T53/><D77/><U74/><E79/><V109/><F109/><W57/><G57/><T124/><D58/><U17/><E17/><V68/><F19/><W1/><G1/><T16/><D16/><U131/><E131/><V27/><F27/><W94/><G94/><T2/><D95/><U85/><E93/><N who="2" m="56631" /><F68/><W112/><G112/><T46/><D2/><U89/><E82/><N who="2" m="45407" /><F129/><W38/><G38/><T55/><D124/><U13/><E36/><V35/><F50/><W71/><G71/><RYUUKYOKU ba="0,1" sc="241,-15,362,-15,230,15,157,15" hai2="33,34,35,42" hai3="7,8,14,15,18,44,45,51,52,56,72,76,80" /><INIT seed="3,1,1,4,0,19" ten="226,347,245,172" oya="3" hai0="13,73,63,92,71,112,60,93,99,7,111,78,89" hai1="127,133,97,70,113,17,39,124,120,109,33,45,14" hai2="129,76,126,35,54,41,28,125,37,96,46,95,16" hai3="8,59,122,47,88,116,75,62,32,34,101,6,52"/><W61/><G116/><T103/><D111/><U1/><RYUUKYOKU type="yao9" ba="1,1" sc="226,0,347,0,245,0,172,0" hai1="1,14,17,33,39,45,70,97,109,113,120,124,127,133" /><INIT seed="3,2,1,1,4,39" ten="226,347,245,172" oya="3" hai0="43,25,19,105,20,98,101,110,16,96,80,83,123" hai1="79,58,84,0,128,97,52,37,6,131,33,22,121" hai2="90,89,12,114,55,73,61,38,132,31,28,81,111" hai3="40,50,54,4,99,56,112,109,15,30,14,93,86"/><W17/><G112/><T94/><D123/><U92/><E33/><V75/><F111/><W36/><G109/><T2/><D110/><U134/><E121/><V69/><F38/><W64/><G30/><T27/><D2/><U135/><E37/><V104/><F104/><W70/><G4/><T63/><D63/><N who="1" m="36295" /><E6/><V9/><F132/><N who="1" m="50729" /><E0/><V21/><F114/><W108/><G86/><T72/><D72/><U126/><E22/><V29/><F21/><W51/><G108/><T46/><D25/><U11/><E11/><V60/><F9/><W106/><G36/><T78/><D78/><U74/><E74/><V82/><F12/><W133/><G133/><T47/><D19/><U24/><E24/><V77/><F29/><W76/><G17/><T122/><D122/><U59/><E59/><V65/><F31/><W85/><G76/><T119/><D47/><U113/><E113/><V26/><F75/><W32/><G32/><T57/><D57/><U130/><E79/><V5/><F26/><W91/><G70/><T115/><D115/><U8/><E8/><V23/><F73/><W117/><G64/><T45/><D45/><U62/><E62/><V71/><F61/><W66/><G66/><T1/><D1/><U41/><E84/><V120/><F60/><W49/><G49/><T116/><D116/><U95/><E97/><V13/><F65/><W88/><G117/><T10/><D10/><U44/><E126/><V129/><F69/><W125/><G125/><T7/><D7/><U103/><E103/><V42/><F71/><W3/><G3/><T48/><D119/><RYUUKYOKU ba="2,1" sc="226,15,347,15,245,-15,172,-15" hai0="16,20,27,43,46,48,80,83,94,96,98,101,105" hai1="41,44,92,95,128,130,131" /><INIT seed="4,3,1,0,5,74" ten="241,362,230,157" oya="0" hai0="72,84,82,100,52,94,48,110,11,98,16,36,128" hai1="42,37,41,35,58,71,14,22,70,10,91,60,12" hai2="130,97,1,6,73,56,103,76,134,79,54,33,20" hai3="120,28,127,57,27,17,135,31,99,29,45,62,132"/><T46/><D128/><U68/><E35/><V32/><F73/><W34/><G127/><T95/><D110/><U133/><E133/><N who="3" m="51274" /><G120/><T65/><D72/><U75/><E75/><V51/><F134/><W105/><G45/><T112/><D112/><U47/><E42/><V49/><F130/><W93/><G105/><T101/><D65/><U117/><E117/><V129/><F129/><W90/><G17/><T44/><D36/><U78/><E78/><V3/><F20/><W64/><AGARI ba="3,1" hai="27,28,29,31,34,57,62,64,90,93,99" m="51274" machi="64" ten="30,1100,0" yaku="20,1" doraHai="74" who="3" fromWho="3" sc="241,-8,362,-6,230,-6,157,30" /><INIT seed="5,0,0,2,2,95" ten="233,356,224,187" oya="1" hai0="2,109,34,116,40,117,21,49,83,121,74,19,102" hai1="68,106,69,65,61,46,77,87,3,35,58,89,12" hai2="107,15,9,126,122,119,11,108,28,63,99,88,103" hai3="31,45,75,59,16,0,133,32,72,44,114,6,113"/><U125/><E106/><V26/><F108/><W47/><G133/><T50/><D109/><U130/><E35/><V7/><F126/><W115/><G59/><T67/><D34/><U112/><E3/><V27/><F122/><W82/><G82/><T98/><D2/><U14/><E112/><V123/><F123/><W4/><G16/><T48/><D121/><U42/><E125/><V118/><F26/><N who="3" m="18551" /><G0/><T86/><D74/><AGARI ba="0,0" hai="4,6,44,45,47,72,74,75,113,114,115" m="18551" machi="74" ten="40,1300,0" yaku="15,1" doraHai="95" who="3" fromWho="0" sc="233,-13,356,0,224,0,187,13" /><INIT seed="6,0,0,2,1,64" ten="220,356,224,200" oya="2" hai0="85,89,14,86,94,33,63,123,117,37,25,116,65" hai1="133,82,9,12,58,17,119,111,87,101,77,2,41" hai2="23,96,24,74,121,36,59,38,28,81,115,68,79" hai3="109,114,54,90,126,122,95,55,135,16,93,52,26"/><V80/><F121/><W15/><G109/><T128/><D123/><U129/><E119/><N who="0" m="45641" /><D37/><U47/><E111/><V0/><F0/><W5/><G122/><T30/><D128/><U103/><E129/><V66/><F59/><W39/><G135/><T45/><D45/><U7/><E133/><V60/><F115/><W91/><G126/><T130/><D130/><U102/><E58/><V34/><F23/><N who="3" m="13671" /><G39/><T43/><D14/><U49/><E2/><V6/><F6/><AGARI ba="0,0" hai="6,7,9,12,17,41,47,49,77,82,87,101,102,103" machi="6" ten="40,1300,0" yaku="8,1" doraHai="64" who="1" fromWho="2" sc="220,0,356,13,224,-13,200,0" /><INIT seed="7,0,0,3,5,106" ten="220,369,211,200" oya="3" hai0="53,42,89,5,121,86,84,105,47,60,130,26,111" hai1="14,116,120,11,52,98,6,22,102,91,97,110,79" hai2="10,90,122,135,54,63,61,94,21,107,88,65,117" hai3="49,15,67,62,34,0,74,73,2,82,33,64,30"/><W16/><G49/><T20/><D111/><U127/><E110/><V68/><F117/><W103/><G103/><T32/><D32/><N who="3" m="12393" /><G16/><N who="0" m="12551" /><D105/><U75/><E120/><V23/><F107/><W71/><G15/><T43/><D121/><U18/><E79/><V48/><F122/><W59/><G30/><T114/><D114/><U8/><E116/><V36/><F36/><W124/><G59/><N who="0" m="34927" /><D130/><U7/><E91/><V25/><F90/><W87/><G87/><N who="0" m="33323" /><D89/><U57/><E102/><V93/><F63/><N who="3" m="40351" /><G124/><T104/><D104/><U51/><E127/><V66/><F65/><W131/><G131/><T113/><D113/><U76/><E11/><V27/><F10/><W123/><G123/><T133/><D133/><U41/><E41/><V101/><F135/><W115/><G115/><T99/><D99/><U118/><E118/><V3/><F101/><W134/><G134/><T100/><D100/><U58/><E98/><V24/><F3/><N who="3" m="1067" /><G82/><T29/><D29/><U108/><E97/><V38/><F94/><W50/><G50/><T12/><D47/><U37/><E22/><V81/><F38/><W109/><G109/><T128/><D128/><U45/><E18/><V92/><F81/><W95/><G95/><N who="2" m="36425" /><F88/><W132/><G132/><T96/><D96/><U17/><E17/><V40/><F23/><W125/><G125/><T46/><D46/><U126/><E126/><V77/><F21/><W39/><G39/><T119/><D119/><U9/><E37/><V1/><F1/><W19/><G19/><T83/><D83/><N who="1" m="45471" /><E108/><V56/><F77/><W31/><G31/><T78/><D78/><RYUUKYOKU ba="0,0" sc="220,0,369,0,211,0,200,0" hai0="5,12,42,43" hai1="6,7,8,9,14,45,51,52,57,58" hai2="24,25,27,40,48,54,56,61,66,68" hai3="62,67,73,74" /><INIT seed="7,1,0,3,0,67" ten="220,369,211,200" oya="3" hai0="107,11,65,88,94,124,66,80,23,51,130,119,69" hai1="58,84,3,127,44,43,18,105,86,81,46,121,115" hai2="53,1,9,8,96,77,41,56,28,108,13,57,68" hai3="125,50,64,132,104,72,5,116,120,17,30,34,22"/><W38/><G38/><T91/><D119/><U60/><E121/><V55/><F108/><W54/><G116/><T26/><D107/><U85/><E3/><V93/><F1/><W31/><G120/><T16/><D69/><U134/><E127/><V99/><F28/><W48/><G125/><T90/><D124/><U37/><E134/><V61/><F41/><W92/><G132/><T27/><D80/><U62/><E105/><V129/><F129/><W40/><G104/><T4/><D130/><U29/><E29/><V21/><F77/><W12/><G72/><T76/><D27/><U2/><E2/><V19/><F68/><W79/><G34/><T101/><D51/><U75/><E46/><V74/><F74/><W100/><G64/><N who="0" m="24683" /><D76/><U15/><E115/><V7/><F7/><W83/><G40/><T63/><D63/><U49/><E37/><V106/><F106/><W42/><G42/><T20/><D20/><N who="1" m="11359" /><E75/><V89/><F99/><N who="3" m="59495" /><G5/><T114/><D114/><U110/><E110/><V14/><F14/><W113/><G113/><T102/><D94/><U45/><E45/><V131/><F131/><W32/><G32/><T33/><D33/><U25/><E58/><V112/><F112/><W39/><G39/><T97/><D97/><U70/><E70/><V103/><F103/><W78/><G50/><AGARI ba="1,0" hai="8,9,13,19,21,50,53,55,56,57,61,89,93,96" machi="50" ten="30,2000,0" yaku="7,1,8,1" doraHai="67" who="2" fromWho="3" sc="220,0,369,0,211,23,200,-23" owari="220,-18.0,369,47.0,234,3.0,177,-32.0" /></mjloggm>