<mjloggm ver="2.3"><GO type="169" lobby="0"/><UN n0="%E3%81%BF%E3%81%A3%E3%81%8D%E3%83%BC" n1="%E5%85%AD%E9%83%A8%E5%9C%AD" n2="%E7%8B%82%E7%8A%AC" n3="%52%79%61%6F" dan="17,16,16,16" rate="2199.52,2105.46,2131.69,2103.23" sx="M,M,M,M"/><TAIKYOKU oya="0"/><INIT seed="0,0,0,3,5,71" ten="250,250,250,250" oya="0" hai0="126,0,43,12,129,119,105,103,67,74,96,15,11" hai1="85,104,83,117,23,99,37,80,98,40,57,50,32" hai2="14,75,97,106,51,30,18,27,22,16,133,8,122" hai3="78,36,86,39,25,47,111,135,63,95,124,118,132"/><T89/><D119/><U46/><E117/><V115/><F75/><W56/><G118/><T31/><D74/><U91/><E32/><V88/><F133/><N who="3" m="51275" /><G111/><T92/><D126/><U44/><E104/><V69/><F122/><W9/><G124/><T1/><D129/><U130/><E130/><V53/><F115/><W5/><G47/><T107/><D31/><U10/><E57/><V82/><F69/><W17/><G17/><T134/><D105/><U26/><E80/><V28/><F106/><W33/><G25/><T100/><D103/><U116/><E10/><V120/><F120/><W21/><G21/><T131/><D67/><U34/><E34/><V19/><F30/><W76/><G33/><T114/><D114/><U110/><E110/><V59/><REACH who="2" step="1"/><F97/><REACH who="2" ten="250,250,240,250" step="2"/><W38/><G86/><AGARI ba="0,1" hai="8,14,16,18,19,22,27,28,51,53,59,82,86,88" machi="86" ten="40,12000,2" yaku="1,1,2,1,8,1,54,2,53,1" doraHai="71" doraHaiUra="55" who="2" fromWho="3" sc="250,0,250,0,240,130,250,-120" /><INIT seed="1,0,0,3,1,25" ten="250,250,370,130" oya="1" hai0="130,117,123,58,23,77,128,19,53,126,129,31,7" hai1="116,109,101,52,6,79,45,90,2,106,107,0,68" hai2="12,87,17,99,100,61,75,28,108,127,72,5,39" hai3="4,94,76,54,20,32,98,22,26,37,46,3,92"/><U120/><E116/><V80/><F39/><W89/><G76/><T14/><D117/><U134/><E120/><V95/><F108/><W86/><G4/><T124/><D123/><U41/><E68/><V55/><F5/><W51/><G3/><T66/><D66/><U115/><E115/><V47/><F127/><N who="0" m="48682" /><D77/><U9/><E79/><V43/><F28/><W110/><G110/><T57/><D7/><U63/><E109/><V50/><F43/><W78/><G37/><T16/><D31/><U114/><E114/><V119/><F61/><W60/><G60/><N who="0" m="35887" /><D58/><U111/><E111/><V82/><F119/><W133/><G133/><T91/><D91/><U122/><E134/><V34/><F34/><W103/><REACH who="3" step="1"/><G78/><REACH who="3" ten="250,250,370,120" step="2"/><T102/><D102/><U93/><E0/><V70/><F75/><W49/><G49/><T18/><AGARI ba="0,1" hai="14,16,18,19,23,128,129,130" m="35887,48682" machi="18" ten="40,5200,0" yaku="19,1,18,1,54,1" doraHai="25" who="0" fromWho="0" sc="250,62,250,-26,370,-13,120,-13" /><INIT seed="2,0,0,0,4,43" ten="312,224,357,107" oya="2" hai0="124,96,118,39,66,85,87,34,49,115,7,61,22" hai1="62,68,56,104,32,30,5,99,91,51,45,105,72" hai2="28,103,102,88,125,47,120,60,80,46,83,11,92" hai3="133,126,123,77,130,81,127,8,25,52,89,74,97"/><V110/><F120/><W38/><G38/><T57/><D34/><U21/><E72/><V35/><F125/><N who="3" m="47627" /><G123/><T17/><D115/><U15/><E68/><V119/><F119/><W128/><G25/><T75/><D39/><U113/><E113/><V69/><F110/><W26/><G26/><T135/><D124/><U42/><E32/><V79/><F35/><W23/><G23/><T31/><D75/><U3/><E3/><V93/><F28/><W50/><G8/><T129/><D135/><U100/><E91/><V16/><F60/><W108/><G108/><T109/><D129/><N who="3" m="49769" /><G97/><T73/><D96/><U131/><E131/><V44/><F69/><W134/><G89/><T58/><D22/><U40/><E21/><V54/><F54/><W84/><G74/><T10/><D10/><U48/><E30/><V86/><F93/><W76/><G76/><T78/><D78/><U55/><E104/><V9/><F9/><W65/><G65/><T33/><D66/><U82/><E82/><N who="2" m="31275" /><F79/><W0/><G0/><T114/><D73/><U106/><E106/><V53/><F53/><W59/><AGARI ba="0,0" hai="50,52,59,77,81,84,133,134" m="49769,47627" machi="59" ten="40,8000,1" yaku="30,2,18,1,19,1,54,1" doraHai="43" who="3" fromWho="3" sc="312,-20,224,-20,357,-40,107,80" /><INIT seed="3,0,0,2,4,121" ten="292,204,317,187" oya="3" hai0="81,7,87,47,12,126,80,98,107,26,89,52,22" hai1="115,62,42,65,130,131,17,49,58,134,104,64,37" hai2="105,34,129,86,66,40,15,46,14,95,48,96,84" hai3="54,128,127,93,119,102,50,117,68,23,82,78,108"/><W118/><G68/><T57/><D126/><U3/><E104/><V53/><F34/><W44/><G127/><T9/><D47/><N who="1" m="24015" /><E3/><V24/><F129/><N who="1" m="49161" /><E17/><V69/><F105/><W39/><G128/><T79/><D107/><U11/><E11/><V135/><F135/><W45/><G23/><T91/><D98/><U19/><E19/><V25/><F40/><W56/><G108/><T90/><D80/><U103/><E103/><V133/><F66/><W113/><G113/><T60/><REACH who="0" step="1"/><D79/><REACH who="0" ten="282,204,317,187" step="2"/><U111/><E115/><V59/><F133/><W28/><G39/><T73/><D73/><U94/><E134/><V99/><F46/><W92/><G92/><T61/><D61/><U101/><E94/><V112/><F112/><W122/><G122/><T76/><D76/><U63/><E101/><V35/><F99/><N who="3" m="59759" /><G82/><T21/><D21/><U74/><E74/><V70/><F96/><W29/><G78/><T33/><D33/><U18/><E63/><V97/><F35/><W100/><G100/><T83/><D83/><U41/><E62/><V77/><F77/><W88/><G45/><T51/><D51/><U32/><E32/><V13/><F97/><W67/><G44/><T71/><D71/><N who="2" m="27146" /><F95/><W5/><G117/><T36/><D36/><U114/><E114/><V31/><F86/><W38/><G38/><T27/><D27/><N who="2" m="10314" /><F84/><W55/><G118/><T124/><D124/><U75/><E75/><V20/><F20/><W8/><G119/><T125/><D125/><U120/><E49/><V72/><F72/><W106/><G106/><T30/><AGARI ba="0,1" hai="7,9,12,22,26,30,52,57,60,81,87,89,90,91" machi="30" ten="20,16000,3" yaku="1,1,0,1,7,1,8,1,54,1,53,3" doraHai="121" doraHaiUra="85" who="0" fromWho="0" sc="282,170,204,-40,317,-40,187,-80" /><INIT seed="4,0,0,0,5,85" ten="452,164,277,107" oya="0" hai0="27,20,86,106,10,8,70,87,113,26,104,135,19" hai1="127,38,33,116,21,75,2,15,6,13,28,123,124" hai2="78,64,11,107,112,119,66,14,129,81,92,59,29" hai3="73,72,109,99,30,62,24,110,82,121,133,79,17"/><T101/><D70/><U42/><E75/><V89/><F112/><W53/><G121/><T71/><D71/><U57/><E38/><V31/><F129/><W114/><G114/><T47/><D113/><U131/><E42/><V91/><F107/><W43/><G43/><T93/><D135/><U120/><E57/><V44/><F44/><W37/><G37/><T7/><D8/><N who="1" m="2135" /><E116/><V102/><F102/><W34/><G133/><T54/><D27/><N who="1" m="18591" /><E131/><V49/><F119/><W12/><G73/><T97/><D104/><U50/><E50/><V80/><F78/><W132/><G132/><T63/><D106/><U128/><E128/><V118/><F118/><W84/><G99/><T98/><D97/><U39/><E39/><V16/><F49/><W83/><G62/><T90/><D101/><U65/><E65/><N who="2" m="25195" /><F59/><W76/><G53/><T77/><D77/><U46/><E46/><V22/><F11/><W115/><G115/><T126/><D126/><N who="1" m="48171" /><E13/><V60/><F60/><W105/><G105/><T0/><D47/><U3/><E3/><V67/><N who="2" m="25203" /><V100/><DORA hai="4" /><F100/><W94/><REACH who="3" step="1"/><G94/><REACH who="3" ten="452,164,277,97" step="2"/><T96/><D96/><U41/><E41/><V1/><F92/><W122/><G122/><T108/><D63/><U103/><E103/><V23/><F81/><W117/><G117/><T61/><D61/><U55/><E55/><V45/><F80/><W35/><G35/><T9/><D54/><U48/><E48/><V36/><F36/><W125/><G125/><T56/><D93/><U40/><E40/><V32/><F32/><W88/><G88/><T18/><D90/><RYUUKYOKU ba="0,1" sc="452,-15,164,15,277,-15,97,15" hai1="15,21,120,123" hai3="12,17,24,30,34,72,76,79,82,83,84,109,110" /><INIT seed="5,1,1,1,2,113" ten="437,179,262,112" oya="1" hai0="47,28,55,44,34,122,3,24,61,15,112,117,119" hai1="92,25,84,129,105,70,104,87,73,20,26,2,72" hai2="108,17,67,101,82,126,54,5,121,127,1,66,68" hai3="31,12,30,75,0,97,48,38,77,132,135,130,111"/><U14/><E2/><V114/><F101/><W19/><G0/><T39/><D3/><U133/><E14/><V50/><F82/><N who="3" m="45375" /><G38/><T103/><D103/><U71/><E92/><V128/><F17/><W86/><G111/><T7/><D7/><U40/><E20/><V102/><F102/><W65/><G65/><N who="2" m="24585" /><F5/><W57/><G97/><T37/><D122/><U51/><E51/><V120/><F1/><W8/><G86/><T81/><D37/><U79/><E79/><V43/><F108/><W11/><G11/><T6/><D39/><U59/><E59/><N who="2" m="33239" /><F43/><W93/><G93/><T124/><D6/><U115/><E40/><V21/><F21/><W131/><G48/><T60/><D15/><U56/><E72/><V53/><F53/><W52/><G31/><T41/><D28/><U83/><E83/><V35/><F35/><W32/><G30/><T13/><D81/><U94/><E94/><V89/><F89/><W23/><G32/><T107/><D34/><U9/><E9/><V91/><F91/><W118/><G118/><T63/><D117/><U98/><E98/><V78/><F78/><W74/><G74/><T49/><D119/><U95/><E95/><V29/><F29/><W80/><G23/><T106/><D107/><U64/><E73/><V4/><F4/><W36/><G80/><T88/><D106/><U125/><E104/><V18/><F18/><W58/><G36/><T85/><D41/><U134/><E105/><V45/><F120/><W69/><G69/><T96/><D96/><U46/><E70/><V42/><F121/><W110/><G19/><RYUUKYOKU ba="1,1" sc="437,0,179,0,262,0,112,0" /><INIT seed="6,2,1,2,5,82" ten="437,179,262,112" oya="2" hai0="91,25,30,92,51,98,115,97,130,81,45,43,94" hai1="77,111,63,127,117,19,21,12,54,37,38,7,68" hai2="56,121,72,40,124,48,113,27,16,24,59,26,70" hai3="88,11,114,17,36,60,100,116,95,15,73,120,67"/><V33/><F121/><W50/><G120/><T83/><D115/><U80/><E111/><V75/><F70/><W85/><G116/><T9/><D9/><U90/><E117/><V71/><F71/><W46/><G36/><T28/><D130/><U32/><E32/><V31/><F113/><W66/><G73/><T49/><D49/><U69/><E127/><V23/><F124/><W53/><G114/><T5/><D5/><U6/><E90/><V109/><F109/><W3/><G3/><T13/><D13/><U110/><E110/><V131/><F131/><W35/><G35/><T57/><D57/><U10/><E6/><V102/><F102/><W42/><G100/><N who="0" m="60455" /><D25/><U61/><E61/><V87/><F26/><W107/><G107/><T126/><D126/><U89/><E89/><V133/><F133/><W132/><G132/><T20/><D20/><U1/><E68/><V128/><F128/><W79/><G79/><T99/><D99/><U112/><E112/><V34/><F34/><W14/><G14/><T84/><D81/><U104/><E104/><V78/><F59/><AGARI ba="2,1" hai="11,15,17,42,46,50,53,59,60,66,67,85,88,95" machi="59" ten="40,5200,0" yaku="8,1,52,1,54,1" doraHai="82" who="3" fromWho="2" sc="437,0,179,0,262,-58,112,68" /><INIT seed="7,0,0,3,5,110" ten="437,179,204,180" oya="3" hai0="56,49,113,111,93,76,122,78,134,45,94,74,130" hai1="100,22,125,10,119,72,62,48,96,18,118,97,21" hai2="44,67,60,28,0,131,5,127,30,71,53,14,43" hai3="89,39,23,11,42,107,29,103,105,25,84,52,88"/><W109/><G39/><T126/><D93/><U102/><E72/><V87/><F0/><W47/><G109/><T27/><D78/><U70/><E125/><V37/><F131/><W108/><G108/><T46/><D56/><U123/><E123/><V54/><F54/><W115/><G103/><N who="1" m="39466" /><E48/><V68/><F68/><W35/><G35/><T114/><D27/><N who="1" m="14775" /><E22/><V124/><F87/><W34/><G34/><T79/><D94/><U117/><E10/><N who="2" m="4431" /><F53/><W1/><G52/><T104/><D45/><U9/><E9/><V69/><F69/><W12/><G1/><T61/><D61/><U116/><E116/><V59/><F71/><W101/><G115/><T120/><D134/><U20/><E20/><V13/><F13/><W112/><G112/><N who="0" m="43115" /><D111/><U92/><E92/><V65/><F65/><AGARI ba="0,0" hai="62,65,70,96,97,117,118,119" m="14775,39466" machi="65" ten="40,1300,0" yaku="12,1" doraHai="110" who="1" fromWho="2" sc="437,0,179,13,204,-13,180,0" owari="437,54.0,192,-1.0,191,-21.0,180,-32.0" /></mjloggm>