<mjloggm ver="2.3"><GO type="169" lobby="0"/><UN n0="%4D%61%74%75%75%72%61" n1="%E5%8B%87%E4%BA%BA" n2="%E9%BB%92%E7%8C%AB%73%69%6E" n3="%E3%82%84%E3%81%BE%E3%81%8B%E3%81%84" dan="17,17,17,16" rate="2187.81,2128.75,2227.01,2161.02" sx="M,M,M,M"/><TAIKYOKU oya="0"/><INIT seed="0,0,0,1,4,41" ten="250,250,250,250" oya="0" hai0="13,47,129,76,105,119,91,67,9,95,78,57,35" hai1="134,61,63,100,126,122,133,81,38,12,113,65,107" hai2="120,109,101,21,32,25,116,17,27,121,48,84,1" hai3="7,52,85,46,55,45,130,50,103,23,58,135,125"/><T70/><D119/><U6/><E122/><V73/><F73/><W66/><G125/><T10/><D35/><U88/><E126/><V31/><F116/><W8/><G130/><T11/><D105/><U77/><E113/><V26/><F109/><W53/><G135/><T64/><D70/><U5/><E38/><V22/><F101/><W94/><G66/><T97/><D129/><U124/><E124/><V42/><F1/><W59/><G23/><T131/><D131/><U29/><E29/><V16/><F42/><W19/><G19/><T90/><D13/><U43/><E43/><V51/><REACH who="2" step="1"/><F84/><REACH who="2" ten="250,250,240,250" step="2"/><W4/><G85/><T89/><D47/><N who="3" m="17929" /><G50/><AGARI ba="0,1" hai="16,17,21,22,25,26,27,31,32,48,50,51,120,121" machi="50" ten="40,5200,0" yaku="1,1,9,1,54,1,53,0" doraHai="41" doraHaiUra="75" who="2" fromWho="3" sc="250,0,250,0,240,62,250,-52" /><INIT seed="1,0,0,5,0,74" ten="250,250,302,198" oya="1" hai0="35,125,58,135,22,110,76,114,80,21,92,101,19" hai1="39,51,50,78,1,71,33,117,38,84,124,68,131" hai2="107,54,123,30,126,121,59,65,129,81,116,55,6" hai3="119,37,105,102,63,56,93,31,10,16,97,23,128"/><U42/><E33/><V43/><F116/><W49/><G37/><T36/><D35/><U20/><E1/><V53/><F107/><W5/><G128/><T87/><D114/><U94/><E94/><V57/><F30/><W24/><G119/><T52/><D36/><U75/><E84/><V29/><F29/><W100/><G49/><T60/><D125/><U34/><E34/><V88/><F6/><W111/><G111/><T45/><D110/><U91/><E91/><V98/><F129/><W127/><G127/><T48/><D135/><U95/><E95/><V3/><F3/><W32/><G105/><T66/><D19/><U112/><E20/><V130/><F130/><W108/><G108/><T7/><D7/><U82/><E131/><V70/><F126/><W86/><G86/><T99/><AGARI ba="0,0" hai="21,22,45,48,52,58,60,66,76,80,87,92,99,101" machi="99" ten="30,7900,0" yaku="0,1,8,1,52,1,54,1" doraHai="74" who="0" fromWho="0" sc="250,79,250,-39,302,-20,198,-20" /><INIT seed="2,0,0,2,4,29" ten="329,211,282,178" oya="2" hai0="116,3,74,17,10,15,24,104,105,135,106,100,35" hai1="0,108,96,101,79,41,28,52,130,81,127,44,48" hai2="94,11,21,38,91,47,123,43,112,125,56,12,20" hai3="55,7,70,88,59,60,36,40,132,1,82,42,90"/><V23/><F112/><W22/><G132/><T58/><D74/><U26/><E108/><V51/><F125/><W87/><G70/><T131/><D135/><U121/><E127/><V25/><F123/><W118/><G118/><T46/><D116/><U72/><E0/><V45/><F56/><W31/><G36/><T133/><D131/><U126/><E126/><V84/><F25/><N who="3" m="16823" /><G1/><T13/><D3/><U85/><E130/><V71/><F71/><W2/><G2/><T99/><D15/><U117/><E121/><V134/><F134/><W103/><G7/><T5/><D133/><U124/><E124/><V64/><F64/><W76/><G103/><T66/><D46/><U53/><E117/><V92/><F92/><W19/><G19/><T61/><D17/><U62/><E72/><V54/><REACH who="2" step="1"/><F23/><REACH who="2" ten="329,211,272,178" step="2"/><W57/><G57/><T122/><D122/><U49/><E62/><V93/><F93/><W95/><G76/><T120/><D120/><U27/><E79/><V39/><F39/><W33/><G33/><T75/><D75/><U110/><E49/><V50/><F50/><W78/><G78/><T98/><D24/><U83/><E27/><V111/><F111/><W65/><G65/><T128/><D128/><U109/><E110/><V18/><AGARI ba="0,1" hai="11,12,18,20,21,38,43,45,47,51,54,84,91,94" machi="18" ten="20,7800,0" yaku="1,1,0,1,7,1,53,1" doraHai="29" doraHaiUra="6" who="2" fromWho="2" sc="329,-26,211,-26,272,88,178,-26" /><INIT seed="2,1,0,5,3,35" ten="303,185,360,152" oya="2" hai0="118,109,105,102,68,121,46,62,43,27,100,26,90" hai1="6,54,14,10,65,33,83,8,115,82,50,95,28" hai2="5,58,108,112,4,78,89,119,12,81,131,57,124" hai3="23,76,24,128,34,15,49,75,32,134,36,91,101"/><V132/><F112/><W113/><G36/><T56/><D121/><U39/><E39/><V38/><F119/><W126/><G113/><T70/><D109/><U47/><E115/><V120/><F120/><W16/><G126/><T103/><D105/><U66/><E33/><V99/><F38/><W3/><G128/><T77/><D77/><U25/><E95/><V53/><F132/><W86/><G134/><T79/><D79/><U116/><E116/><V74/><F131/><W104/><G76/><T30/><D90/><U88/><E10/><V21/><F124/><W29/><G75/><T106/><D106/><U117/><E117/><V96/><F58/><W92/><G49/><T64/><D27/><U129/><E129/><V80/><F108/><W9/><REACH who="3" step="1"/><G3/><REACH who="3" ten="303,185,360,142" step="2"/><T2/><D2/><U37/><E37/><V110/><F78/><W19/><G19/><T18/><D18/><U69/><E50/><V94/><F74/><W44/><G44/><T51/><REACH who="0" step="1"/><D118/><REACH who="0" ten="293,185,360,142" step="2"/><U59/><E6/><V87/><F4/><W71/><G71/><T22/><AGARI ba="1,2" hai="22,26,30,43,46,51,56,62,64,68,70,100,102,103" machi="22" ten="30,4000,0" yaku="1,1,2,1,0,1,53,0" doraHai="35" doraHaiUra="0" who="0" fromWho="0" sc="293,63,185,-11,360,-21,142,-11" /><INIT seed="3,0,0,3,2,21" ten="356,174,339,131" oya="3" hai0="15,71,128,96,115,80,117,51,49,120,114,33,123" hai1="82,62,74,126,111,42,29,110,135,106,121,63,124" hai2="94,76,73,99,133,12,122,34,67,81,37,64,1" hai3="75,55,61,41,72,52,108,40,30,101,104,100,84"/><W35/><G108/><N who="1" m="41514" /><E106/><V0/><F37/><W4/><G4/><T53/><D80/><U102/><E102/><V98/><F98/><W127/><G127/><N who="1" m="48682" /><E74/><V47/><F133/><W23/><G35/><T16/><D96/><U78/><E78/><V95/><F95/><W5/><G5/><T85/><D85/><U25/><E82/><V10/><F34/><W65/><G75/><T50/><D117/><U46/><E121/><V66/><F47/><W19/><G72/><T13/><D128/><U134/><E25/><V69/><F69/><W43/><G30/><T103/><D71/><U44/><E44/><V113/><F122/><W54/><G104/><T92/><D92/><U45/><E45/><V56/><F94/><W39/><G84/><T130/><D130/><U125/><N who="1" m="48690" /><U31/><DORA hai="26" /><E31/><V2/><F99/><W97/><G97/><T87/><D87/><U86/><E86/><V89/><F89/><W22/><G39/><T131/><D131/><U119/><E29/><V20/><F81/><W91/><G91/><T118/><D103/><N who="3" m="39497" /><G19/><T38/><D38/><N who="1" m="21847" /><E119/><V28/><F76/><W17/><G17/><T7/><D118/><U6/><E6/><V18/><F73/><W59/><AGARI ba="0,0" hai="22,23,40,41,43,52,54,55,59,61,65" m="39497" machi="59" ten="40,3900,0" yaku="8,1,54,1" doraHai="21,26" who="3" fromWho="3" sc="356,-13,174,-13,339,-13,131,39" /><INIT seed="3,1,0,4,4,107" ten="343,161,326,170" oya="3" hai0="83,111,59,11,32,36,44,45,43,34,29,130,73" hai1="48,26,14,98,38,72,135,100,134,86,126,76,133" hai2="61,82,15,7,52,104,91,55,94,88,30,71,87" hai3="66,68,25,17,67,106,124,6,8,78,28,4,90"/><W5/><G106/><T69/><D69/><U89/><E38/><V108/><F104/><W33/><G124/><T81/><D111/><U103/><E26/><V110/><F30/><W117/><G117/><T53/><D45/><U115/><E14/><V101/><F101/><N who="1" m="38985" /><E48/><V113/><F113/><W49/><G68/><T13/><D130/><U95/><E115/><V42/><F42/><W18/><G78/><T57/><D57/><U12/><E12/><V27/><F27/><W132/><G132/><T1/><D29/><U58/><E58/><V105/><F105/><W70/><G70/><T50/><D13/><U92/><E126/><V20/><F71/><W65/><G8/><T119/><D119/><U9/><E9/><N who="2" m="4543" /><F20/><W75/><G75/><T118/><D118/><U114/><E114/><V129/><F61/><W60/><G60/><T21/><D21/><U3/><E3/><V125/><F129/><W99/><REACH who="3" step="1"/><G49/><REACH who="3" ten="343,161,326,160" step="2"/><T41/><D50/><U24/><E76/><V131/><F125/><W120/><G120/><T109/><D11/><U46/><E72/><V22/><F131/><W127/><G127/><T112/><D73/><U116/><E116/><V23/><F108/><W97/><G97/><T35/><D109/><U62/><E62/><V0/><F110/><W123/><G123/><T16/><D112/><U37/><E98/><N who="2" m="57671" /><F0/><W80/><G80/><T63/><D1/><U40/><E92/><AGARI ba="1,1" hai="4,5,6,17,18,25,28,33,65,66,67,90,92,99" machi="92" ten="40,3900,0" yaku="1,1,53,1" doraHai="107" doraHaiUra="93" who="3" fromWho="1" sc="343,0,161,-42,326,0,160,52" /><INIT seed="3,2,0,2,0,35" ten="343,119,326,212" oya="3" hai0="10,44,125,67,90,80,107,12,52,48,24,122,55" hai1="45,114,3,58,128,16,115,38,9,76,2,40,39" hai2="97,83,50,59,133,32,99,18,100,95,22,110,134" hai3="91,124,74,70,77,111,11,14,127,28,41,117,49"/><W96/><G117/><T5/><D122/><U120/><E120/><V88/><F32/><W129/><G70/><T53/><D107/><U118/><E39/><V130/><F110/><W64/><G64/><T13/><D125/><N who="3" m="48201" /><G28/><T93/><D67/><U121/><E121/><V94/><F130/><W92/><G129/><T89/><D24/><U27/><E128/><V25/><F50/><W73/><G77/><T84/><D13/><U72/><E118/><V71/><F71/><W21/><G21/><T116/><D116/><U87/><E87/><AGARI ba="2,0" hai="5,10,12,44,48,52,53,55,80,84,87,89,90,93" machi="87" ten="30,3900,0" yaku="7,1,8,1,54,1" doraHai="35" who="0" fromWho="1" sc="343,45,119,-45,326,0,212,0" /><INIT seed="4,0,0,0,0,24" ten="388,74,326,212" oya="0" hai0="28,53,96,135,118,64,3,57,81,49,84,30,117" hai1="6,22,102,74,93,66,80,16,37,114,26,33,13" hai2="120,43,48,1,61,82,25,91,54,41,31,125,60" hai3="126,92,45,39,113,105,72,83,94,79,112,73,103"/><T19/><D3/><U110/><E110/><V123/><F1/><W119/><G39/><T10/><D135/><U89/><E37/><V70/><F125/><W2/><G45/><T69/><D69/><U116/><E114/><N who="3" m="44138" /><G2/><T97/><D117/><U20/><E116/><V5/><F5/><W63/><G63/><T9/><D64/><U17/><E33/><V12/><F12/><W122/><G119/><T88/><D118/><U76/><E6/><V56/><F120/><W101/><G126/><T65/><D65/><U134/><E66/><V15/><F15/><W58/><G58/><T133/><D133/><U127/><E127/><V21/><F123/><W38/><G38/><T18/><D18/><U68/><E134/><V111/><F111/><W128/><G128/><T99/><D19/><U78/><E68/><V121/><F121/><W42/><G42/><N who="2" m="15881" /><F70/><W109/><G109/><T67/><D67/><U100/><REACH who="1" step="1"/><E78/><REACH who="1" ten="388,64,326,212" step="2"/><V47/><F56/><W40/><G122/><T4/><D4/><U77/><E77/><V104/><F104/><W36/><G105/><T11/><AGARI ba="0,1" hai="9,10,11,28,30,49,53,57,81,84,88,96,97,99" machi="11" ten="30,12000,1" yaku="0,1,8,1,52,2,54,1" doraHai="24" who="0" fromWho="0" sc="388,130,64,-40,326,-40,212,-40" /><INIT seed="4,1,0,0,2,65" ten="518,24,286,172" oya="0" hai0="95,27,134,113,24,17,68,50,103,102,111,133,49" hai1="117,129,4,6,25,93,34,40,10,85,47,77,32" hai2="130,106,36,118,58,38,80,29,94,23,86,92,26" hai3="74,123,5,8,66,70,22,120,61,57,54,127,76"/><T44/><D113/><U37/><E117/><V42/><F106/><W81/><G22/><T96/><D102/><U62/><E129/><V78/><F130/><W97/><G97/><T59/><D111/><U46/><E4/><V14/><F118/><W56/><G127/><T100/><D100/><U33/><E62/><V124/><F124/><W30/><G30/><T135/><D59/><U98/><E47/><V51/><F36/><W20/><G20/><T104/><D104/><U114/><E114/><V71/><F38/><W35/><G35/><T43/><D50/><U31/><E85/><V55/><F71/><W41/><G41/><T82/><D68/><U63/><E63/><N who="2" m="36319" /><F14/><W112/><G112/><T122/><D122/><N who="3" m="46633" /><G54/><T79/><REACH who="0" step="1"/><D17/><REACH who="0" ten="508,24,286,172" step="2"/><U19/><E19/><V90/><F51/><W119/><G119/><T87/><AGARI ba="1,1" hai="24,27,43,44,49,79,82,87,95,96,103,133,134,135" machi="87" ten="30,11700,0" yaku="1,1,2,1,0,1,20,1,53,0" doraHai="65" doraHaiUra="110" who="0" fromWho="0" sc="508,130,24,-40,286,-40,172,-40" owari="638,74.0,-16,-52.0,246,5.0,132,-27.0" /></mjloggm>