<mjloggm ver="2.3"><GO type="169" lobby="0"/><UN n0="%E6%B2%B3%E5%B6%8B%4B%4B" n1="%E3%81%A4%E3%82%89%E3%81%84%E3%80%82" n2="%E7%8B%82%E7%8A%AC" n3="%63%6C%75%74%63%68%37%33" dan="19,16,16,17" rate="2282.09,2108.41,2129.47,2168.39" sx="M,M,M,M"/><TAIKYOKU oya="0"/><INIT seed="0,0,0,3,3,4" ten="250,250,250,250" oya="0" hai0="32,62,96,45,21,61,63,20,1,60,54,90,79" hai1="2,85,70,89,15,111,88,75,87,131,19,16,122" hai2="83,132,92,114,94,76,120,28,74,134,52,78,57" hai3="36,129,27,6,121,18,22,13,65,48,80,0,30"/><T107/><D32/><U53/><E122/><V31/><F114/><W106/><G36/><T29/><D1/><U133/><E111/><V119/><F120/><W115/><G115/><T68/><D29/><N who="2" m="11338" /><F76/><W24/><G121/><T34/><D34/><U108/><E108/><V58/><F58/><W72/><G106/><T26/><D79/><U33/><E2/><V101/><F101/><W55/><G65/><T103/><D26/><U109/><E33/><V102/><F102/><W110/><G27/><T39/><D90/><U7/><E75/><V49/><F119/><W112/><G112/><T46/><D46/><U56/><E70/><V17/><F17/><N who="1" m="6729" /><E109/><V86/><F74/><W99/><G110/><T95/><D107/><U64/><E64/><V66/><F66/><W10/><G99/><T125/><D125/><U113/><E113/><V124/><F124/><W40/><G40/><T73/><D73/><U116/><E116/><V50/><F50/><W100/><G100/><T71/><N who="0" m="15360" /><DORA hai="127" /><T117/><D117/><U44/><E56/><V98/><F98/><W41/><G41/><T8/><D39/><U130/><E133/><AGARI ba="0,0" hai="49,52,57,78,83,86,92,94,132,133,134" m="11338" machi="133" ten="30,2000,0" yaku="20,1,54,1" doraHai="4,127" who="2" fromWho="1" sc="250,0,250,-20,250,20,250,0" /><INIT seed="1,0,0,0,1,59" ten="250,230,270,250" oya="1" hai0="20,7,4,99,112,94,110,53,0,52,48,66,1" hai1="72,54,25,131,50,96,113,13,121,29,61,103,27" hai2="23,116,109,51,67,11,32,88,49,70,129,73,101" hai3="65,37,80,5,135,60,107,111,63,45,106,75,125"/><U3/><E3/><V42/><F32/><W44/><G135/><T58/><D112/><U31/><E113/><V19/><F73/><W84/><G75/><T22/><D110/><U55/><E121/><V102/><F109/><W39/><G111/><T117/><D117/><U108/><E108/><V105/><F116/><W82/><G5/><T46/><D66/><U89/><E72/><V123/><F11/><W35/><G84/><T24/><D1/><U100/><E131/><V33/><F33/><W36/><G65/><T21/><D24/><U18/><E89/><V15/><F123/><W119/><G35/><T2/><D2/><U8/><E55/><V86/><F129/><W68/><G119/><T98/><D98/><U28/><E61/><N who="3" m="23626" /><G68/><T41/><D53/><U47/><E96/><V92/><F70/><W81/><G125/><T95/><D95/><U83/><E83/><V128/><F67/><W9/><G9/><T14/><D14/><U6/><E6/><V87/><F128/><W74/><G74/><T69/><D69/><U10/><E10/><V124/><F124/><W40/><G40/><T62/><REACH who="0" step="1"/><D0/><REACH who="0" ten="240,230,270,250" step="2"/><U17/><E27/><V91/><F42/><W85/><G85/><T120/><D120/><U12/><E12/><V71/><F71/><W115/><G115/><T133/><D133/><U132/><E132/><V97/><F86/><W122/><G122/><T76/><D76/><U79/><E79/><V64/><F64/><W56/><G56/><T118/><D118/><U90/><E90/><AGARI ba="0,1" hai="4,7,20,21,22,41,46,48,52,58,62,90,94,99" machi="90" ten="40,8000,1" yaku="1,1,8,1,52,1,54,1,53,1" doraHai="59" doraHaiUra="43" who="0" fromWho="1" sc="240,90,230,-80,270,0,250,0" /><INIT seed="2,0,0,1,3,106" ten="330,150,270,250" oya="2" hai0="125,52,10,24,61,59,88,92,74,0,131,30,123" hai1="135,17,96,14,79,89,7,118,122,20,134,29,45" hai2="115,36,132,69,90,54,57,101,49,50,103,21,68" hai3="38,127,15,12,48,23,25,6,33,86,126,34,129"/><V98/><F115/><W27/><G38/><T110/><D123/><U117/><E122/><V16/><F132/><N who="1" m="50729" /><E45/><V75/><F36/><W70/><G70/><T58/><D110/><U37/><E37/><V8/><F8/><W111/><G86/><T46/><D125/><U18/><E79/><V85/><F75/><W77/><G48/><T80/><D131/><U91/><E29/><V4/><F4/><W95/><G95/><T128/><D128/><U31/><E31/><V119/><F49/><W76/><G129/><T19/><D46/><U108/><E7/><V5/><F5/><W9/><G111/><T11/><D19/><U130/><E108/><V73/><F73/><W133/><G133/><T51/><D0/><U107/><E130/><V116/><F116/><N who="1" m="44649" /><E18/><V67/><F119/><W121/><G121/><T72/><D11/><U40/><E40/><V3/><F3/><W71/><G77/><T43/><D43/><U13/><E13/><V65/><F69/><W83/><G76/><T56/><D56/><U63/><E63/><V44/><F68/><W94/><G71/><T81/><D10/><U62/><E62/><N who="2" m="38095" /><F67/><W2/><G127/><T78/><D72/><U64/><E64/><V112/><F112/><W26/><G126/><T53/><D78/><U35/><E35/><V39/><F39/><W60/><G60/><T113/><D74/><U104/><E104/><V114/><F114/><W47/><G33/><N who="0" m="20679" /><D113/><U28/><E28/><V93/><F85/><W99/><G34/><T22/><D22/><U82/><E82/><V41/><F41/><W124/><G124/><RYUUKYOKU ba="0,0" sc="330,10,150,10,270,10,250,-30" hai0="51,52,53,58,59,61,80,81,88,92" hai1="14,17,20,89,91,96,107" hai2="16,21,44,50,54,90,93,98,101,103" /><INIT seed="2,1,0,3,5,91" ten="340,160,280,220" oya="2" hai0="26,125,68,22,93,41,99,120,21,108,107,61,87" hai1="67,106,85,110,17,132,24,38,109,66,54,115,30" hai2="81,42,112,59,31,12,5,135,76,19,96,121,63" hai3="82,104,57,52,65,102,113,28,123,35,128,4,79"/><V84/><F135/><W32/><G123/><T100/><D120/><U50/><E115/><V37/><F121/><W34/><G113/><T114/><D114/><U8/><E106/><V134/><F134/><W105/><G128/><T39/><D108/><N who="1" m="41579" /><E38/><V6/><F112/><W98/><G65/><T119/><D125/><U58/><E85/><V36/><F31/><W101/><G4/><T94/><D119/><U77/><E77/><V118/><F118/><W20/><G20/><T88/><D68/><U55/><E55/><V122/><F122/><W133/><G133/><T117/><D61/><U124/><E124/><V127/><F127/><W129/><G129/><T90/><D117/><U64/><E132/><V131/><F131/><W111/><G111/><T116/><D116/><U71/><E71/><V11/><F36/><W56/><G28/><T70/><D70/><U92/><E92/><V89/><F42/><W43/><G43/><T51/><D39/><U69/><E69/><V48/><F48/><W53/><G57/><T86/><D26/><U29/><E8/><V18/><F5/><W60/><G53/><T16/><D16/><N who="2" m="6186" /><F37/><W126/><G126/><T2/><D2/><U46/><E46/><AGARI ba="1,0" hai="21,22,41,46,51,86,87,88,90,93,94,99,100,107" machi="46" ten="40,8000,1" yaku="9,1,52,2,54,1" doraHai="91" who="0" fromWho="1" sc="340,83,160,-83,280,0,220,0" /><INIT seed="3,0,0,0,3,112" ten="423,77,280,220" oya="3" hai0="10,104,72,90,120,122,13,41,39,32,58,31,49" hai1="82,110,43,115,20,55,61,48,12,30,135,85,125" hai2="127,40,73,25,74,68,42,34,8,109,123,80,84" hai3="28,33,14,129,9,4,107,54,134,133,15,81,117"/><W66/><G107/><T94/><D104/><U83/><E115/><V56/><F68/><W77/><G66/><T7/><D72/><U52/><E110/><V67/><F109/><W121/><G121/><T108/><D108/><U17/><E135/><N who="3" m="51722" /><G129/><T44/><D32/><U93/><E125/><V16/><F127/><W106/><G106/><T78/><D78/><U59/><E43/><V60/><F123/><W113/><G113/><T103/><D103/><U5/><E5/><V57/><F74/><W11/><G54/><T98/><D31/><U2/><E2/><V75/><F75/><N who="3" m="43199" /><G28/><T88/><D90/><N who="1" m="53455" /><E30/><V71/><F73/><W76/><G76/><T63/><D39/><U132/><E132/><V70/><F70/><W116/><G33/><T53/><AGARI ba="0,0" hai="7,10,13,41,44,49,53,58,63,88,94,98,120,122" machi="53" ten="20,2700,0" yaku="0,1,7,1,54,1" doraHai="112" who="0" fromWho="0" sc="423,27,77,-7,280,-7,220,-13" /><INIT seed="4,0,0,4,0,2" ten="450,70,273,207" oya="0" hai0="62,4,115,55,68,0,112,25,38,19,18,97,16" hai1="96,109,74,11,80,71,83,40,98,90,134,125,13" hai2="84,43,77,118,17,9,127,82,47,5,67,64,93" hai3="24,59,30,60,31,101,3,92,58,132,41,88,45"/><T128/><D38/><U133/><E109/><V57/><F127/><W63/><G132/><N who="1" m="50794" /><E71/><V81/><F118/><W14/><G3/><T1/><D128/><U29/><E74/><V20/><F93/><W39/><G101/><T53/><D25/><U87/><E29/><V120/><F120/><W23/><G14/><T79/><D79/><U61/><E61/><V130/><F130/><W108/><G108/><T123/><D123/><U50/><E83/><V122/><F57/><W48/><G31/><T22/><D22/><U100/><E100/><V117/><F117/><W104/><G104/><T113/><D97/><U94/><E94/><V76/><F122/><W119/><G119/><T131/><D131/><U44/><E125/><V66/><F17/><AGARI ba="0,0" hai="11,13,17,40,44,50,80,87,90,96,98" m="50794" machi="17" ten="30,1000,0" yaku="20,1" doraHai="2" who="1" fromWho="2" sc="450,0,70,10,273,-10,207,0" /><INIT seed="5,0,0,2,5,104" ten="450,80,263,207" oya="1" hai0="75,19,79,131,74,31,45,38,4,52,135,112,22" hai1="123,67,115,101,34,14,55,127,109,70,99,133,80" hai2="111,110,12,33,25,2,85,102,24,29,65,83,103" hai3="94,6,122,46,119,64,47,13,51,49,77,87,9"/><U41/><E123/><V114/><F2/><W11/><G122/><T27/><D112/><U134/><E115/><V57/><F114/><W132/><G132/><N who="1" m="50794" /><E34/><V66/><F12/><N who="3" m="5175" /><G64/><T16/><D135/><U129/><E129/><V53/><F53/><W128/><G128/><T89/><D131/><U62/><E127/><V86/><F57/><W72/><G72/><T36/><D4/><U21/><E41/><V35/><F83/><N who="3" m="47599" /><G119/><T118/><D118/><U18/><E109/><V60/><F60/><W91/><G47/><T92/><D38/><U125/><E125/><V26/><F26/><W50/><G91/><T116/><D116/><U48/><E80/><V107/><F107/><W71/><G71/><T54/><D36/><U121/><E121/><V58/><F58/><W97/><G94/><T95/><D95/><N who="1" m="58623" /><E48/><V68/><F68/><W5/><G97/><T3/><D3/><U126/><E126/><V37/><F37/><W32/><G32/><T63/><D79/><U39/><E39/><V76/><F76/><W124/><G124/><T90/><D90/><U96/><E96/><V23/><F23/><W17/><G46/><T106/><D106/><U78/><E78/><V44/><F44/><W20/><G51/><N who="0" m="28783" /><D75/><U30/><E55/><V7/><F7/><W98/><G98/><N who="0" m="57615" /><D74/><U8/><E30/><AGARI ba="0,0" hai="24,25,29,30,33,35,65,66,85,86,102,103,110,111" machi="30" ten="25,1600,0" yaku="22,2" doraHai="104" who="2" fromWho="1" sc="450,0,80,-16,263,16,207,0" /><INIT seed="6,0,0,4,1,135" ten="450,64,279,207" oya="2" hai0="78,12,43,14,3,2,25,6,18,96,55,98,34" hai1="101,103,99,49,102,48,81,40,27,128,39,126,74" hai2="91,86,97,117,71,22,52,110,5,16,8,59,23" hai3="113,29,1,60,134,121,88,7,37,100,77,0,79"/><V131/><F117/><W125/><G134/><T64/><D64/><U106/><E128/><V53/><F71/><W73/><G29/><T31/><D43/><U41/><E39/><V123/><F123/><W10/><G100/><T47/><D78/><U4/><E4/><V38/><F38/><W72/><G37/><T89/><D14/><U127/><E27/><V62/><F131/><W115/><G121/><T26/><D25/><U124/><E74/><V13/><F110/><W58/><G1/><T45/><D55/><U63/><E63/><V30/><F97/><W44/><G44/><T109/><D109/><U111/><E81/><V24/><F53/><W54/><G88/><T65/><D65/><U32/><E32/><V76/><F76/><N who="3" m="29259" /><G125/><T94/><D98/><U57/><E57/><V112/><F112/><AGARI ba="0,0" hai="0,7,10,54,58,60,72,73,112,113,115" m="29259" machi="112" ten="30,2000,0" yaku="15,1,11,1" doraHai="135" who="3" fromWho="2" sc="450,0,64,0,279,-20,207,20" /><INIT seed="7,0,0,5,4,123" ten="450,64,259,227" oya="3" hai0="49,51,86,131,4,31,50,20,8,26,36,22,80" hai1="34,78,13,35,1,134,43,56,12,82,102,53,96" hai2="41,98,54,135,37,84,0,73,65,76,44,81,55" hai3="39,114,85,57,97,95,99,104,108,33,6,72,58"/><W125/><G114/><T40/><D131/><U119/><E1/><V94/><F135/><W71/><G72/><T21/><D36/><U89/><E134/><V45/><F0/><W63/><G71/><T59/><D40/><U2/><E2/><V88/><F65/><W28/><G39/><T38/><D38/><U100/><E119/><V129/><F129/><W42/><G42/><T103/><D103/><U120/><E43/><V18/><F44/><W110/><G6/><T121/><D59/><U67/><E67/><V17/><F17/><W77/><G125/><T118/><D118/><U83/><E89/><V130/><F130/><W74/><G74/><T79/><D121/><U92/><E120/><V87/><F87/><W62/><G104/><T124/><D124/><U69/><E69/><V7/><F7/><W133/><G133/><T68/><D68/><U128/><E128/><V47/><F47/><W101/><G99/><T25/><D25/><U16/><E12/><AGARI ba="0,0" hai="4,8,12,20,21,22,26,31,49,50,51,79,80,86" machi="12" ten="40,1300,0" yaku="8,1" doraHai="123" who="0" fromWho="1" sc="450,13,64,-13,259,0,227,0" owari="463,56.0,51,-45.0,259,6.0,227,-17.0" /></mjloggm>