<mjloggm ver="2.3"><GO type="225" lobby="0"/><UN n0="%6B%79%6F%6E%6B%6F%31%31" n1="%E8%A8%88%E7%AE%97%E6%A9%9F%E8%87%AA%E7%84%B6" n2="%E9%BA%BB%E9%9B%80%E3%81%9F%E3%81%AE%E3%81%97" n3="%E9%B3%B3%E6%9D%B1%E3%81%AE%E3%81%86%E3%81%95%E3%81%8E%E3%81%95%E3%82%93" dan="17,17,16,18" rate="2201.92,2282.93,2148.19,2127.60" sx="M,M,F,F"/><TAIKYOKU oya="0"/><INIT seed="0,0,0,2,0,16" ten="250,250,250,250" oya="0" hai0="85,28,5,33,89,58,68,43,134,105,93,90,87" hai1="4,35,13,59,129,25,119,24,100,102,80,104,61" hai2="1,103,62,74,67,8,70,64,50,32,44,27,127" hai3="109,63,117,22,76,121,107,45,86,36,51,48,31"/><T65/><D134/><U40/><E119/><V66/><F74/><W98/><G109/><T110/><D110/><U60/><E129/><V91/><F127/><W79/><G117/><T112/><D105/><U116/><E116/><V120/><F120/><W2/><G2/><T82/><D112/><U39/><E39/><V53/><F103/><W94/><G107/><T46/><D68/><U42/><E104/><V111/><F111/><W41/><G63/><T125/><D125/><U17/><E4/><V3/><F91/><W128/><G128/><T123/><D5/><U11/><E35/><V83/><F83/><W21/><G121/><T77/><D123/><U37/><E80/><V6/><F1/><W114/><G114/><T56/><D65/><U7/><E37/><V115/><F115/><W130/><G130/><T20/><D33/><U71/><E71/><V122/><F122/><W19/><G36/><T26/><REACH who="0" step="1"/><D89/><REACH who="0" ten="240,250,250,250" step="2"/><U14/><E7/><V0/><F3/><W133/><G133/><T12/><D12/><U49/><E13/><V55/><F32/><W124/><G124/><T69/><D69/><U57/><E102/><V81/><F70/><W38/><G79/><T96/><D96/><U95/><E100/><V106/><F106/><W18/><G76/><T73/><D73/><U131/><E131/><V126/><F0/><W84/><G98/><T54/><D54/><N who="1" m="33847" /><E40/><N who="2" m="24839" /><F126/><W29/><G41/><T97/><D97/><U72/><E72/><V118/><F55/><W47/><G38/><AGARI ba="0,1" hai="20,26,28,38,43,46,56,58,77,82,85,87,90,93" machi="38" ten="30,11600,0" yaku="1,1,7,1,52,1,53,1" doraHai="16" doraHaiUra="23" who="0" fromWho="3" sc="240,126,250,0,250,0,250,-116" /><INIT seed="0,1,0,3,3,86" ten="366,250,250,134" oya="0" hai0="52,46,112,135,35,11,77,1,96,24,14,127,53" hai1="75,42,134,63,103,108,70,124,29,69,21,57,51" hai2="129,8,100,94,133,110,27,118,125,102,104,115,6" hai3="101,19,72,16,67,68,56,37,44,2,76,93,38"/><T116/><D112/><U47/><E75/><V40/><F115/><W59/><G68/><T89/><D116/><U95/><E108/><V22/><F118/><W128/><G128/><T105/><D1/><U73/><E73/><V41/><F110/><W79/><G72/><T58/><D77/><U83/><E83/><V81/><F104/><W126/><G126/><T48/><D127/><U50/><E124/><V26/><F125/><W119/><G119/><T33/><D24/><N who="1" m="16527" /><E50/><V78/><F129/><W111/><G67/><T106/><D135/><U82/><E82/><V98/><F102/><W13/><G101/><T84/><D96/><N who="1" m="59807" /><E134/><V74/><F133/><W109/><G93/><T88/><D105/><U3/><E3/><V10/><F27/><W107/><G107/><T91/><D106/><U92/><E92/><V61/><F61/><W54/><G2/><T25/><D25/><U32/><E32/><V43/><REACH who="2" step="1"/><F6/><REACH who="2" ten="366,250,240,134" step="2"/><W12/><REACH who="3" step="1"/><G44/><REACH who="3" ten="366,250,240,124" step="2"/><T97/><D97/><U20/><E47/><V121/><F121/><W60/><G60/><N who="0" m="35911" /><D35/><U87/><E63/><V123/><F123/><W23/><G23/><T34/><D34/><U5/><E20/><V66/><F66/><W49/><G49/><T9/><D33/><U31/><E51/><V28/><AGARI ba="1,2" hai="8,10,22,26,28,40,41,43,74,78,81,94,98,100" machi="28" ten="30,4000,0" yaku="1,1,0,1,53,1" doraHai="86" doraHaiUra="18" who="2" fromWho="2" sc="366,-21,250,-11,240,63,124,-11" /><INIT seed="1,0,0,4,4,103" ten="345,239,303,113" oya="1" hai0="87,4,102,98,96,110,42,30,81,116,104,90,38" hai1="123,68,35,49,69,93,59,20,58,107,63,100,65" hai2="46,18,3,117,113,37,43,17,109,22,85,101,124" hai3="27,61,126,135,133,7,115,75,55,111,33,21,134"/><U122/><E35/><V23/><F117/><W14/><G75/><T130/><D116/><U64/><E93/><V88/><F3/><W57/><G111/><T83/><D4/><U128/><E20/><V92/><F109/><W119/><G126/><T77/><D30/><U39/><E39/><V47/><F124/><W78/><G119/><T105/><D42/><U25/><E25/><V16/><F113/><W84/><G115/><T120/><D38/><U79/><E79/><V50/><REACH who="2" step="1"/><F101/><REACH who="2" ten="345,239,293,113" step="2"/><W129/><G133/><T52/><D110/><U108/><E108/><V127/><F127/><W74/><G134/><T2/><D2/><U32/><E100/><V5/><F5/><W0/><G0/><T70/><D120/><U125/><E125/><V15/><F15/><W36/><G135/><T53/><D102/><U54/><E123/><V72/><F72/><W56/><G74/><T41/><D130/><U8/><E122/><V34/><F34/><W51/><G33/><T19/><D98/><U31/><E128/><V132/><F132/><W29/><G129/><T9/><D96/><U82/><E32/><V97/><F97/><W45/><G7/><T62/><D87/><U6/><E6/><V40/><AGARI ba="0,1" hai="16,17,18,22,23,37,40,43,46,47,50,85,88,92" machi="40" ten="30,8000,1" yaku="1,1,0,1,54,2,53,1" doraHai="103" doraHaiUra="91" who="2" fromWho="2" sc="345,-20,239,-40,293,90,113,-20" /><INIT seed="2,0,0,1,2,68" ten="325,199,383,93" oya="2" hai0="24,123,26,51,47,113,59,42,13,55,44,124,63" hai1="23,121,2,41,81,52,135,38,11,111,122,4,30" hai2="102,57,49,61,6,56,19,17,87,75,1,22,128" hai3="16,101,32,21,134,62,35,27,40,114,93,116,90"/><V36/><F36/><W131/><G131/><T64/><D123/><N who="1" m="47115" /><E111/><V9/><F75/><W82/><G134/><T48/><D113/><U99/><E135/><V119/><F128/><W105/><G116/><T83/><D124/><U46/><E99/><V79/><F119/><W66/><G114/><T18/><REACH who="0" step="1"/><D83/><REACH who="0" ten="315,199,383,93" step="2"/><U106/><E81/><V37/><F37/><W91/><G82/><T54/><D54/><U103/><E52/><N who="2" m="31759" /><F79/><W86/><G40/><T78/><D78/><U10/><E38/><V117/><F1/><W127/><G127/><T77/><D77/><U43/><E2/><V31/><F117/><W25/><G91/><T39/><D39/><U53/><E41/><V88/><F102/><W58/><G101/><T97/><D97/><U112/><E53/><V14/><F57/><W76/><G76/><T60/><D60/><U108/><E112/><V98/><F61/><W130/><G130/><T125/><D125/><U110/><E110/><V72/><F98/><W96/><G96/><T80/><D80/><U34/><E108/><V20/><F72/><W28/><REACH who="3" step="1"/><G105/><REACH who="3" ten="315,199,383,83" step="2"/><T84/><D84/><U115/><E115/><V70/><F87/><W5/><G5/><T74/><D74/><U109/><E4/><V33/><F6/><W94/><G94/><T107/><D107/><U7/><E7/><V92/><F92/><W89/><G89/><T50/><D50/><N who="1" m="26975" /><E109/><V104/><F104/><W71/><G71/><T133/><D133/><U29/><E106/><V100/><F70/><W129/><G129/><T85/><D85/><U69/><E69/><V12/><F88/><RYUUKYOKU ba="0,2" sc="315,15,199,-15,383,-15,83,15" hai0="13,18,24,26,42,44,47,48,51,55,59,63,64" hai3="16,21,25,27,28,32,35,58,62,66,86,90,93" /><INIT seed="3,1,2,5,5,130" ten="330,184,368,98" oya="3" hai0="106,117,55,107,100,51,133,57,61,45,34,93,88" hai1="62,102,68,112,85,41,115,77,92,59,65,35,76" hai2="124,84,74,123,13,7,128,9,43,26,19,10,97" hai3="18,3,69,126,49,38,24,22,67,131,15,63,87"/><W82/><G126/><T121/><D117/><U103/><E35/><V20/><F74/><W5/><G131/><T33/><D121/><U75/><E75/><V25/><F128/><W17/><G38/><T2/><D2/><U78/><E68/><V71/><F123/><W0/><G5/><T120/><D120/><U80/><E41/><V27/><F71/><W29/><G49/><T116/><D116/><U91/><REACH who="1" step="1"/><E80/><REACH who="1" ten="330,174,368,98" step="2"/><V90/><F124/><W132/><G132/><T40/><D133/><U30/><E30/><V23/><F43/><W53/><G53/><T16/><D100/><AGARI ba="1,3" hai="59,62,65,76,77,78,85,91,92,100,102,103,112,115" machi="100" ten="40,1300,0" yaku="1,1,53,0" doraHai="130" doraHaiUra="64" who="1" fromWho="0" sc="330,-16,174,46,368,0,98,0" owari="314,11.0,220,-18.0,368,47.0,98,-40.0" /></mjloggm>