<mjloggm ver="2.3"><GO type="169" lobby="0"/><UN n0="%E7%B6%BE%E7%80%AC%E5%B8%82%E6%B0%91" n1="%7A%6B%75%72%74" n2="%E3%82%84%E3%81%BE%E3%81%8C%E3%82%89%E3%83%BC" n3="%E3%82%B7%E3%83%B3%E3%83%95%E3%82%A9%E3%83%8B%E3%82%A2" dan="17,17,17,18" rate="2125.75,2212.62,2188.09,2238.33" sx="M,M,M,M"/><TAIKYOKU oya="0"/><INIT seed="0,0,0,5,5,59" ten="250,250,250,250" oya="0" hai0="28,53,36,121,18,124,70,49,133,69,83,88,76" hai1="87,27,14,52,104,55,80,109,50,29,122,99,134" hai2="22,94,102,57,116,32,68,100,95,111,90,15,4" hai3="62,1,63,13,78,128,106,113,45,89,3,58,33"/><T105/><D121/><U60/><E122/><V19/><F68/><W119/><G113/><T26/><D36/><U23/><E109/><V48/><F32/><W117/><G33/><T61/><D124/><U56/><E134/><V35/><F35/><W71/><G106/><T64/><D133/><U93/><E104/><V47/><F111/><W31/><G78/><T5/><D105/><U108/><E108/><V75/><F75/><W37/><G31/><T51/><D5/><U40/><E40/><V0/><F57/><W130/><G13/><T98/><D70/><U82/><E14/><V127/><F116/><N who="3" m="44619" /><G89/><T67/><D67/><N who="1" m="39303" /><E50/><V43/><F127/><W6/><G6/><T135/><D18/><U101/><E82/><V131/><F131/><N who="3" m="50219" /><G58/><T74/><D135/><U126/><E126/><V118/><F118/><W11/><G71/><T42/><D42/><U34/><E34/><V97/><REACH who="2" step="1"/><F94/><REACH who="2" ten="250,250,240,250" step="2"/><W103/><G103/><T21/><REACH who="0" step="1"/><D53/><REACH who="0" ten="240,250,240,250" step="2"/><U84/><E52/><V96/><F96/><W77/><G3/><T44/><D44/><U125/><E55/><V7/><F7/><W41/><G1/><T30/><D30/><U66/><E125/><V46/><F46/><W112/><G45/><T114/><D114/><U9/><E66/><V86/><F86/><W81/><G112/><T17/><D17/><U25/><E87/><V92/><F92/><AGARI ba="0,2" hai="21,26,28,49,51,61,64,69,74,76,83,88,92,98" machi="92" ten="40,12000,1" yaku="1,1,52,1,54,1,53,1" doraHai="59" doraHaiUra="73" who="0" fromWho="2" sc="240,140,250,0,240,-120,250,0" /><INIT seed="0,1,0,5,5,106" ten="380,250,120,250" oya="0" hai0="4,114,55,13,123,125,131,75,135,113,40,96,57" hai1="60,85,17,120,128,43,59,8,48,14,130,116,45" hai2="134,79,20,80,100,126,84,16,132,33,52,74,6" hai3="58,66,81,127,98,93,32,71,105,51,70,99,62"/><T28/><D123/><U19/><E120/><V67/><F126/><W54/><G127/><T10/><D125/><U95/><E116/><V38/><F33/><W97/><G32/><T78/><D131/><U104/><E104/><V107/><F38/><W2/><G2/><T50/><D135/><N who="2" m="51754" /><F67/><W65/><G105/><T1/><D28/><U101/><E19/><V63/><F6/><W111/><G111/><T37/><D96/><U77/><E101/><V56/><F100/><W121/><G121/><T115/><D13/><U27/><E27/><N who="2" m="14727" /><F107/><W47/><G93/><T30/><D30/><U129/><E95/><V34/><F34/><W109/><G109/><T25/><D25/><U133/><E133/><V87/><AGARI ba="1,0" hai="52,56,63,74,79,80,84,87" m="14727,51754" machi="87" ten="30,7900,0" yaku="20,1,52,1,54,2" doraHai="106" who="2" fromWho="2" sc="380,-40,250,-21,120,82,250,-21" /><INIT seed="1,0,0,4,3,101" ten="340,229,202,229" oya="1" hai0="79,92,108,71,75,81,36,87,29,59,67,109,2" hai1="7,8,78,35,86,66,5,13,134,88,126,127,105" hai2="110,33,132,74,119,34,15,80,102,26,100,99,0" hai3="76,49,23,56,82,17,121,30,20,115,3,32,122"/><U18/><E134/><V19/><F0/><W22/><G115/><T107/><D36/><U27/><E78/><V4/><F119/><W31/><G49/><T124/><D2/><U44/><E66/><V28/><F110/><N who="0" m="42602" /><D29/><N who="3" m="10761" /><G56/><T89/><D59/><U1/><E35/><V98/><F4/><W68/><G82/><N who="0" m="45439" /><D67/><U95/><E27/><V106/><F132/><W103/><G3/><T84/><D71/><U69/><E69/><V63/><F63/><W94/><G17/><T14/><D14/><U97/><E44/><V125/><F125/><N who="1" m="47625" /><E1/><V96/><F34/><W133/><G133/><T111/><D124/><U53/><E53/><V77/><REACH who="2" step="1"/><F100/><AGARI ba="0,0" hai="5,7,8,13,18,86,88,95,97,100,105" m="47625" machi="100" ten="30,5800,0" yaku="18,1,52,1,54,1" doraHai="101" who="1" fromWho="2" sc="340,0,229,58,202,-58,229,0" /><INIT seed="1,1,0,2,3,38" ten="340,287,144,229" oya="1" hai0="67,70,81,103,95,32,57,20,27,11,112,8,119" hai1="19,79,65,69,52,17,68,46,118,62,124,50,28" hai2="51,5,41,94,14,100,73,129,6,74,49,3,45" hai3="76,87,59,99,108,132,102,71,44,80,91,113,61"/><U83/><E118/><V30/><F3/><W66/><G108/><T48/><D112/><U53/><E124/><V58/><F129/><W92/><G132/><T77/><D119/><U72/><E69/><V135/><F135/><W101/><G113/><T85/><D32/><U93/><E28/><V13/><F30/><W134/><G134/><T88/><D70/><U116/><E116/><V1/><F1/><W120/><G120/><T31/><D103/><U36/><E53/><N who="2" m="32063" /><F73/><W121/><G121/><T40/><D67/><U123/><E123/><V84/><F74/><W12/><G71/><T105/><D105/><U26/><E26/><V104/><F104/><W130/><G130/><T63/><D63/><U133/><E133/><V21/><F21/><W131/><G131/><T117/><D117/><U25/><E25/><V96/><F84/><W60/><G60/><T55/><REACH who="0" step="1"/><D40/><REACH who="0" ten="330,287,144,229" step="2"/><U39/><E39/><V127/><F127/><W0/><G0/><T4/><D4/><AGARI ba="1,1" hai="4,5,6,13,14,41,45,49,94,96,100" m="32063" machi="4" ten="30,2000,0" yaku="8,1,52,1" doraHai="38" who="2" fromWho="0" sc="330,-23,287,0,144,33,229,0" /><INIT seed="2,0,0,3,5,69" ten="307,287,177,229" oya="2" hai0="24,135,12,98,47,32,63,74,78,111,101,15,23" hai1="51,50,68,3,96,20,129,11,102,37,34,123,134" hai2="52,59,72,121,43,108,112,45,10,94,80,42,97" hai3="119,55,66,127,116,8,128,106,56,86,7,73,41"/><V84/><F112/><W93/><G106/><T13/><D111/><U49/><E34/><V133/><F121/><W77/><G66/><T35/><D135/><U5/><E134/><V9/><F72/><W30/><G30/><T124/><D124/><U62/><E123/><V18/><F133/><W14/><G73/><T39/><D63/><U81/><E129/><V122/><F122/><W31/><G127/><T2/><D2/><U21/><E81/><V100/><F108/><W109/><G109/><T0/><D0/><U113/><E37/><V125/><F18/><W38/><G31/><T29/><D78/><U26/><E26/><V64/><F64/><W48/><G128/><T60/><D60/><U61/><E113/><V117/><F117/><W132/><G132/><T105/><REACH who="0" step="1"/><D74/><REACH who="0" ten="297,287,177,229" step="2"/><U103/><E62/><N who="2" m="36199" /><F125/><W70/><G77/><T83/><D83/><U1/><E1/><V107/><F107/><W17/><G119/><T131/><D131/><U28/><E61/><V71/><F71/><W58/><G70/><T65/><D65/><U27/><E68/><V25/><F25/><W85/><G116/><T114/><D114/><U110/><E110/><V90/><F43/><AGARI ba="0,1" hai="12,13,15,23,24,29,32,35,39,43,47,98,101,105" machi="43" ten="40,2600,0" yaku="1,1,52,1,53,0" doraHai="69" doraHaiUra="82" who="0" fromWho="2" sc="297,36,287,0,177,-26,229,0" /><INIT seed="3,0,0,1,5,74" ten="333,287,151,229" oya="3" hai0="133,30,47,110,3,53,59,102,26,125,77,11,27" hai1="86,104,35,8,25,42,16,106,23,41,17,61,13" hai2="75,132,45,29,19,33,71,21,49,31,76,81,51" hai3="120,58,123,117,4,127,87,40,54,118,85,2,70"/><W113/><G4/><T119/><D119/><U103/><E35/><V62/><F132/><W109/><G2/><T15/><D110/><U135/><E135/><V38/><F33/><W12/><G12/><T96/><D125/><U130/><E130/><V67/><F38/><W78/><G70/><T52/><D3/><U72/><E72/><V134/><F134/><W114/><G40/><T39/><D133/><U14/><E106/><V112/><F112/><N who="3" m="43115" /><G54/><T44/><D53/><U99/><E61/><V97/><F97/><W56/><G127/><T9/><D9/><U65/><E65/><V46/><F49/><W100/><G100/><T111/><D47/><U129/><E129/><V28/><REACH who="2" step="1"/><F51/><REACH who="2" ten="333,287,141,229" step="2"/><W20/><G118/><T6/><D39/><U43/><E43/><V90/><F90/><W83/><G117/><T32/><D102/><U50/><E50/><V108/><F108/><W66/><G109/><T36/><D36/><U10/><REACH who="1" step="1"/><E86/><REACH who="1" ten="333,277,141,229" step="2"/><V116/><F116/><W22/><G85/><T68/><D111/><U69/><E69/><V5/><F5/><AGARI ba="0,2" hai="5,8,10,13,14,16,17,23,25,41,42,99,103,104" machi="5" ten="30,3900,0" yaku="1,1,7,1,54,1,53,0" doraHai="74" doraHaiUra="63" who="1" fromWho="2" sc="333,0,277,59,141,-39,229,0" /><INIT seed="4,0,0,1,5,134" ten="333,336,102,229" oya="0" hai0="119,105,74,53,52,128,0,63,124,6,15,27,93" hai1="10,46,21,39,103,51,48,11,9,69,57,87,62" hai2="36,100,84,67,20,122,125,45,47,1,7,14,107" hai3="70,86,30,81,31,101,54,135,73,19,92,49,33"/><T22/><D119/><U37/><E69/><V102/><F122/><W76/><G135/><T129/><D105/><U50/><E103/><V35/><F1/><W121/><G70/><T117/><D117/><U91/><E21/><V29/><F35/><W16/><G121/><T88/><D74/><U99/><E99/><V132/><F132/><W68/><G68/><T60/><D0/><U34/><E34/><V82/><F67/><W64/><G64/><T109/><D109/><U89/><E46/><V110/><F110/><W114/><G114/><T4/><D63/><U113/><E113/><V118/><F118/><W66/><G66/><T112/><D112/><U24/><E24/><V3/><F3/><W130/><G130/><N who="0" m="50283" /><D15/><U131/><E131/><V127/><F36/><W17/><G33/><T116/><D116/><U8/><N who="1" m="2048" /><DORA hai="111" /><U120/><E120/><V108/><F7/><N who="0" m="2602" /><D60/><U44/><E44/><N who="2" m="16971" /><F107/><W59/><G73/><T56/><D56/><U80/><E39/><V94/><F14/><W5/><G5/><T123/><D123/><U126/><E37/><V71/><F71/><W90/><G76/><T13/><D13/><U95/><E62/><V12/><F12/><W38/><G38/><T98/><D124/><N who="2" m="47690" /><F108/><W79/><G79/><T61/><D61/><U106/><E106/><V26/><F94/><W41/><G41/><T75/><D75/><U42/><E126/><V133/><F133/><W115/><G115/><T25/><D25/><U55/><E42/><V23/><F20/><W97/><AGARI ba="0,0" hai="16,17,19,30,31,49,54,59,81,86,90,92,97,101" machi="97" ten="30,4000,0" yaku="0,1,8,1,54,1" doraHai="134,111" who="3" fromWho="3" sc="333,-20,336,-10,102,-10,229,40" /><INIT seed="5,0,0,0,1,120" ten="313,326,92,269" oya="1" hai0="113,8,62,6,125,122,112,30,109,135,27,89,127" hai1="40,43,41,56,65,98,18,110,26,119,111,45,124" hai2="64,66,51,36,123,128,102,88,14,49,19,29,126" hai3="76,61,63,34,59,132,91,21,87,11,107,17,2"/><U81/><E119/><V99/><F123/><W73/><G132/><T32/><D62/><N who="1" m="38087" /><E124/><N who="0" m="47689" /><D89/><U3/><E3/><V39/><F126/><W77/><G107/><T74/><D74/><U12/><E26/><V68/><F29/><W117/><G34/><T52/><D52/><U69/><E69/><V50/><F128/><W48/><G11/><T86/><D86/><U106/><E81/><V108/><F108/><N who="1" m="41513" /><E106/><V83/><F68/><W116/><G2/><N who="0" m="87" /><D109/><U22/><E98/><V53/><F53/><W118/><G118/><T9/><D122/><U129/><E129/><V130/><F130/><W46/><G117/><T38/><D135/><U85/><E85/><N who="2" m="50239" /><F36/><AGARI ba="0,0" hai="12,18,22,36,40,41,43,45" m="41513,38087" machi="36" ten="30,11600,0" yaku="10,1,52,3" doraHai="120" who="1" fromWho="2" sc="313,0,326,116,92,-116,269,0" owari="313,11.0,442,54.0,-24,-52.0,269,-13.0" /></mjloggm>