<mjloggm ver="2.3"><GO type="225" lobby="0"/><UN n0="%E9%89%84%E5%BC%B7%E3%83%A2%E3%83%92%E3%83%BC%E3%83%8C%E4%B8%83%E6%AE%B5" n1="%E3%83%B4%E3%83%A0%EF%BC%99%E3%81%A6" n2="%E4%BF%BA%E3%81%A8%E5%A6%96%E5%A4%A2" n3="%E3%81%A4%E3%81%A3%E3%81%97%E3%83%BC%E3%81%BE" dan="18,17,16,16" rate="2235.92,2220.76,2142.15,2055.06" sx="F,M,F,M"/><TAIKYOKU oya="0"/><INIT seed="0,0,0,3,5,108" ten="250,250,250,250" oya="0" hai0="64,97,100,85,11,57,62,110,49,2,32,26,65" hai1="80,106,116,25,89,94,76,109,115,42,129,14,30" hai2="24,28,107,83,117,105,3,98,37,31,122,99,8" hai3="12,118,40,93,27,53,102,56,103,35,71,131,125"/><T133/><D133/><U86/><E116/><V7/><F122/><W120/><G71/><T84/><D110/><U81/><E109/><V36/><F117/><W128/><G118/><T0/><D65/><U78/><E106/><V47/><F83/><W29/><G125/><T70/><D57/><U13/><E129/><N who="3" m="49738" /><G40/><T126/><D49/><U101/><E42/><V38/><F47/><W20/><G93/><T96/><D96/><U9/><E101/><V69/><F69/><W44/><G44/><T33/><D33/><U87/><E115/><V66/><F66/><W63/><G120/><T88/><D126/><U121/><E9/><V46/><F46/><W68/><G68/><T124/><D11/><U67/><E67/><V18/><F18/><AGARI ba="0,0" hai="12,18,20,27,29,35,53,56,63,102,103" m="49738" machi="18" ten="30,1000,0" yaku="19,1" doraHai="108" who="3" fromWho="2" sc="250,0,250,0,250,-10,250,10" /><INIT seed="1,0,0,0,4,93" ten="250,250,240,260" oya="1" hai0="54,68,71,96,115,38,105,52,74,81,132,113,76" hai1="53,27,91,9,8,50,45,48,126,70,1,2,104" hai2="6,72,87,26,100,42,123,46,116,98,37,122,36" hai3="25,17,21,86,41,15,135,23,101,73,103,133,107"/><U112/><E112/><V60/><F72/><W34/><G73/><T62/><D38/><U57/><E70/><V124/><F116/><W16/><G34/><T75/><D132/><U4/><E126/><V110/><F124/><W19/><G19/><T55/><D75/><U88/><E104/><V29/><F37/><W125/><G125/><T106/><D106/><U28/><E8/><V22/><F110/><W127/><G127/><T111/><D111/><U3/><E3/><V84/><F6/><W66/><G41/><T90/><D90/><U20/><REACH who="1" step="1"/><E1/><REACH who="1" ten="250,240,240,260" step="2"/><V33/><F122/><W43/><G107/><T121/><D121/><U61/><E61/><V102/><F123/><W49/><G135/><T95/><D105/><U128/><E128/><V13/><F60/><W134/><G134/><T78/><D71/><U5/><E5/><V51/><F36/><W11/><G133/><T118/><D62/><U97/><E97/><V109/><F109/><W35/><G11/><T47/><D68/><U7/><E7/><V82/><F98/><W59/><G49/><T117/><D115/><U89/><E89/><V40/><F51/><W83/><G103/><T131/><D113/><U12/><E12/><V80/><F100/><W129/><G101/><N who="0" m="60575" /><D131/><U56/><E56/><V10/><F102/><W14/><G129/><T77/><D47/><U67/><E67/><V30/><F46/><W44/><G66/><T64/><D64/><U119/><E119/><V0/><F0/><W32/><G59/><T63/><D63/><U24/><E24/><V69/><F69/><W18/><G25/><RYUUKYOKU ba="0,1" sc="250,15,240,15,240,-15,260,-15" hai0="52,54,55,74,76,77,78,81,117,118" hai1="2,4,9,20,27,28,45,48,50,53,57,88,91" /><INIT seed="1,1,1,0,2,27" ten="265,255,225,245" oya="1" hai0="120,93,33,59,3,30,112,68,34,5,38,127,57" hai1="71,117,105,43,48,36,128,37,121,107,88,101,89" hai2="45,51,76,74,73,66,95,91,69,22,80,65,63" hai3="67,25,50,54,28,12,41,53,72,87,118,98,85"/><U52/><E117/><V62/><F73/><W84/><G72/><T18/><D112/><U24/><E121/><V75/><F75/><W35/><G118/><T32/><D68/><U47/><E71/><V108/><F108/><W20/><G67/><T129/><D38/><U109/><E109/><V133/><F133/><W110/><G110/><T116/><D116/><U29/><E128/><V132/><F132/><W1/><G1/><T40/><D40/><U90/><E101/><V114/><F114/><W14/><G35/><T104/><D104/><U92/><E92/><V86/><F22/><W16/><G12/><T31/><D129/><U102/><E102/><V64/><REACH who="2" step="1"/><F63/><REACH who="2" ten="265,255,215,245" step="2"/><W103/><G103/><T135/><D135/><U58/><REACH who="1" step="1"/><E37/><REACH who="1" ten="265,245,215,245" step="2"/><V10/><F10/><N who="3" m="6231" /><G98/><T123/><D123/><U6/><E6/><V49/><F49/><W39/><G39/><T77/><D5/><U78/><E78/><V134/><F134/><W126/><G126/><T17/><D77/><U125/><E125/><V2/><F2/><W55/><G50/><T21/><D3/><U7/><E7/><V106/><F106/><W100/><G100/><T60/><D127/><U0/><E0/><V131/><F131/><W124/><G124/><T113/><D120/><U99/><E99/><V13/><F13/><W26/><G26/><T56/><D113/><U4/><E4/><V119/><F119/><W44/><G44/><T46/><D46/><U79/><E79/><V11/><F11/><W94/><G94/><T115/><D93/><U130/><E130/><V15/><F15/><W81/><G81/><RYUUKYOKU ba="1,3" sc="265,-30,245,10,215,10,245,10" hai1="24,29,36,43,47,48,52,58,88,89,90,105,107" hai2="45,51,62,64,65,66,69,74,76,80,86,91,95" hai3="20,25,28,41,53,54,55,84,85,87" /><INIT seed="1,2,3,3,1,74" ten="235,255,225,255" oya="1" hai0="116,87,11,37,4,105,48,69,31,28,40,26,44" hai1="17,13,7,85,62,66,106,89,43,127,36,95,2" hai2="80,49,113,123,23,91,50,122,30,5,65,75,68" hai3="134,73,57,84,88,27,131,15,58,100,117,86,39"/><U55/><E106/><V10/><F113/><W92/><G39/><T119/><D69/><U29/><E127/><V12/><F65/><W99/><G134/><T130/><D130/><U18/><E29/><V24/><F68/><W115/><G115/><T83/><D105/><U110/><E110/><V98/><F98/><W118/><G73/><T128/><D37/><U81/><E55/><V33/><F33/><W9/><G27/><T103/><D103/><U121/><E121/><V42/><F91/><W71/><G71/><T51/><D51/><U94/><E2/><V21/><F21/><W102/><G84/><T61/><D61/><U41/><E7/><V124/><F124/><W64/><G64/><T120/><D128/><U20/><E18/><V56/><F56/><N who="3" m="21611" /><G99/><T132/><D132/><U25/><E36/><V14/><F14/><W129/><G129/><T52/><D120/><U76/><E13/><V3/><F12/><W59/><N who="3" m="21619" /><W90/><DORA hai="93" /><G90/><T133/><D133/><U79/><E66/><V109/><F109/><W78/><G78/><N who="1" m="29738" /><E62/><V0/><F0/><W108/><G108/><T53/><D119/><N who="3" m="45577" /><G131/><T135/><D116/><U101/><E101/><V77/><REACH who="2" step="1"/><F50/><REACH who="2" ten="235,255,215,255" step="2"/><W70/><G70/><T107/><D48/><U60/><E60/><V34/><F34/><W63/><G63/><T82/><D135/><U67/><E67/><V16/><F16/><AGARI ba="2,4" hai="9,15,16,86,88,92,100,102" m="45577,21619" machi="16" ten="40,5200,0" yaku="12,1,54,2" doraHai="74,93" who="3" fromWho="2" sc="235,0,255,0,215,-58,255,98" /><INIT seed="2,0,0,0,4,103" ten="235,255,157,353" oya="2" hai0="109,45,112,95,79,87,126,11,118,73,121,64,96" hai1="42,43,3,76,114,78,66,17,81,117,49,86,120" hai2="65,41,124,47,54,85,94,32,12,102,77,101,97" hai3="33,7,4,52,39,74,128,104,35,56,1,83,89"/><V116/><F116/><W28/><G39/><T99/><D121/><U72/><E117/><V98/><F124/><W82/><G104/><T100/><D112/><U38/><E114/><V44/><F32/><W127/><G28/><T23/><D118/><U31/><E3/><V92/><F65/><W26/><G26/><T14/><D73/><U0/><E0/><V5/><F54/><W123/><G89/><T129/><D129/><U21/><E38/><V130/><F130/><W62/><G74/><T58/><D109/><U59/><E31/><V15/><F5/><W25/><G25/><T93/><D45/><N who="1" m="25783" /><E72/><V22/><F22/><W51/><G1/><T88/><D23/><U70/><E70/><V132/><F132/><W24/><G24/><T67/><D58/><U133/><E120/><V53/><F53/><W16/><G52/><T122/><D126/><U40/><E78/><V75/><F75/><W115/><G127/><T34/><D34/><U63/><E133/><V134/><F134/><W113/><G123/><T48/><D48/><U71/><E71/><V106/><F106/><W2/><G51/><T84/><D122/><U8/><E8/><V111/><F111/><W107/><G2/><T37/><D37/><U91/><E76/><V55/><F55/><W119/><G119/><T108/><D108/><U30/><E30/><V135/><F135/><W57/><G128/><T36/><D36/><U29/><E29/><V10/><F10/><W60/><G107/><T18/><D79/><U20/><E21/><V46/><F41/><W6/><G6/><T80/><D80/><AGARI ba="0,0" hai="12,15,44,46,47,77,80,85,92,94,97,98,101,102" machi="80" ten="40,7700,0" yaku="6,1,9,1,8,1" doraHai="103" who="2" fromWho="0" sc="235,-77,255,0,157,77,353,0" /><INIT seed="2,1,0,2,2,66" ten="158,255,234,353" oya="2" hai0="57,20,15,104,95,69,73,134,94,92,82,85,55" hai1="10,106,87,4,53,76,114,35,71,45,27,2,96" hai2="37,24,101,52,25,32,43,47,64,1,80,107,28" hai3="130,75,12,90,50,122,18,77,74,26,51,46,17"/><V81/><F1/><W89/><G122/><T39/><D134/><U131/><E114/><V33/><F64/><W120/><G26/><T105/><D39/><U72/><E87/><V54/><F101/><W102/><G102/><T103/><D73/><U29/><E131/><V38/><F107/><W42/><G130/><T98/><D105/><U116/><E116/><V62/><F62/><W133/><G133/><T67/><D15/><U3/><E3/><V100/><F100/><W110/><G110/><T78/><D20/><U13/><E96/><V99/><F99/><W36/><G36/><T125/><D125/><U30/><E30/><V84/><F37/><W49/><G77/><T6/><D6/><U83/><E106/><V8/><F8/><W48/><G120/><T58/><REACH who="0" step="1"/><D55/><REACH who="0" ten="148,255,234,353" step="2"/><U31/><E13/><V79/><F33/><W41/><G75/><T22/><D22/><U34/><E34/><V5/><F5/><W14/><G74/><T88/><D88/><N who="3" m="33897" /><G46/><T65/><D65/><U68/><E35/><V109/><F109/><W9/><N who="3" m="12288" /><DORA hai="21" /><W119/><G119/><T97/><D97/><U23/><E2/><V70/><F32/><W11/><AGARI ba="1,1" hai="9,11,12,14,17,18,41,42" m="12288,33897" machi="11" ten="40,2700,0" yaku="8,1,54,1" doraHai="66,21" who="3" fromWho="3" sc="148,-8,255,-8,234,-14,353,40" /><INIT seed="3,0,0,2,5,66" ten="140,247,220,393" oya="3" hai0="3,111,31,56,54,8,106,121,1,129,78,23,49" hai1="101,25,37,88,19,26,62,75,58,55,73,20,59" hai2="80,30,4,46,77,102,96,13,68,134,83,81,76" hai3="71,0,113,103,65,32,18,45,34,14,51,22,29"/><W9/><G103/><T85/><D111/><U69/><E69/><V60/><F134/><W95/><G113/><T6/><D129/><U2/><E2/><V7/><F30/><W131/><G95/><T90/><D121/><U130/><E37/><V84/><F46/><W92/><G92/><T105/><D3/><U61/><E101/><V128/><F128/><W44/><G44/><T48/><D78/><U97/><E130/><V132/><F132/><W104/><G104/><T82/><D31/><U107/><E25/><V41/><F41/><W122/><G122/><T110/><D110/><U100/><E88/><V28/><F28/><W124/><G124/><T99/><D99/><U70/><E70/><V11/><F4/><W87/><G87/><T109/><D109/><U42/><E42/><V5/><F5/><W16/><G0/><T135/><D135/><U119/><E119/><V24/><F24/><W72/><G72/><T127/><D127/><U117/><E117/><V21/><F77/><W120/><G29/><T91/><D23/><U27/><E26/><V53/><F21/><W52/><G120/><T67/><D67/><AGARI ba="0,0" hai="19,20,27,55,58,59,61,62,67,73,75,97,100,107" machi="67" ten="30,1000,0" yaku="7,1" doraHai="66" who="1" fromWho="0" sc="140,-10,247,10,220,0,393,0" owari="130,-37.0,257,6.0,220,-18.0,393,49.0" /></mjloggm>