<mjloggm ver="2.3"><GO type="169" lobby="0"/><UN n0="%E6%A9%8B%E5%A0%B4" n1="%E3%82%8A%E3%82%87%E3%81%86%E3%81%BE%35%37%32%34" n2="%E3%82%82%E3%82%8A%E3%81%96%E3%81%AD" n3="%62%69%67%6D%6F%75%74%68" dan="17,17,16,16" rate="2194.30,2191.17,2150.75,2093.97" sx="M,M,M,M"/><TAIKYOKU oya="0"/><INIT seed="0,0,0,1,3,111" ten="250,250,250,250" oya="0" hai0="108,44,13,49,125,126,91,38,47,16,67,128,83" hai1="52,96,103,104,115,133,117,95,135,88,116,93,25" hai2="101,12,20,36,55,7,14,106,72,119,5,23,65" hai3="100,58,32,120,39,123,62,80,27,24,54,6,10"/><T53/><D128/><U132/><E25/><V90/><F72/><W118/><G118/><N who="1" m="45674" /><E52/><V59/><F119/><W1/><G39/><T79/><D108/><U69/><E69/><V19/><F36/><W37/><G37/><T121/><D121/><N who="3" m="46665" /><G32/><T11/><D67/><U61/><E61/><V99/><F65/><W31/><G31/><T122/><D122/><U71/><E71/><V113/><F90/><W102/><G80/><T134/><D134/><U68/><E68/><V74/><F74/><W70/><G70/><T22/><D22/><U85/><E115/><V56/><F113/><W40/><G40/><N who="0" m="22551" /><D79/><U30/><E30/><V114/><F114/><W51/><G62/><T75/><D75/><U76/><E76/><V110/><F56/><W34/><G34/><T46/><D47/><U87/><E87/><AGARI ba="0,0" hai="11,13,16,46,49,53,83,87,91,125,126" m="22551" machi="87" ten="30,2900,0" yaku="25,1,54,1" doraHai="111" who="0" fromWho="1" sc="250,29,250,-29,250,0,250,0" /><INIT seed="0,1,0,3,1,58" ten="279,221,250,250" oya="0" hai0="77,57,52,98,71,65,11,91,133,49,84,112,119" hai1="17,62,53,124,95,59,80,50,41,43,39,118,68" hai2="127,48,103,117,54,92,25,97,46,79,35,134,24" hai3="32,9,82,30,93,0,47,76,66,16,132,89,20"/><T115/><D119/><U37/><E80/><V73/><F117/><W23/><G132/><T72/><D133/><U7/><E95/><V135/><F127/><W44/><G32/><T15/><D98/><U40/><E17/><V123/><F123/><W108/><G108/><T3/><D3/><U55/><E7/><V86/><F73/><W19/><G30/><T101/><D101/><U121/><E118/><V100/><F100/><W70/><G0/><T87/><D72/><U111/><E111/><V4/><F4/><W12/><G9/><T14/><D77/><U99/><E99/><V113/><F113/><W42/><G66/><T109/><D109/><U69/><E124/><V130/><F25/><W27/><G70/><N who="1" m="27242" /><E121/><V13/><F13/><W67/><G67/><T81/><D87/><U85/><E85/><V18/><F35/><W31/><G42/><T2/><D2/><U107/><E107/><V106/><F86/><N who="3" m="48455" /><G19/><T63/><REACH who="0" step="1"/><D14/><REACH who="0" ten="269,221,250,250" step="2"/><U131/><E131/><V60/><F79/><W75/><G75/><T21/><D21/><U94/><E94/><V26/><F130/><W83/><G83/><T74/><D74/><U34/><E34/><V33/><F92/><W128/><G128/><T96/><D96/><AGARI ba="1,1" hai="12,16,20,23,27,31,44,47,89,93,96" m="48455" machi="96" ten="30,2000,0" yaku="8,1,54,1" doraHai="58" who="3" fromWho="0" sc="269,-23,221,0,250,0,250,33" /><INIT seed="1,0,0,0,1,79" ten="246,221,250,283" oya="1" hai0="42,83,119,88,35,76,128,61,132,17,48,92,112" hai1="40,10,98,120,78,73,127,27,59,126,99,131,57" hai2="106,77,82,21,41,116,74,105,5,122,26,95,133" hai3="101,117,69,46,52,39,58,6,38,115,3,53,130"/><U135/><E120/><V97/><F122/><W11/><G115/><T13/><D35/><U33/><E40/><V34/><F116/><W123/><G123/><T63/><D112/><U30/><E10/><V12/><F133/><W66/><G117/><T7/><D119/><U32/><E135/><V109/><F109/><W22/><G130/><T47/><D128/><U96/><E131/><V90/><F41/><W103/><G69/><T51/><D51/><U25/><E30/><V20/><F34/><N who="1" m="13417" /><E78/><V37/><F37/><W23/><G66/><T108/><D108/><U60/><E60/><V121/><F121/><W49/><G39/><T114/><D114/><U110/><E73/><V113/><F113/><W102/><REACH who="3" step="1"/><G38/><REACH who="3" ten="246,221,250,273" step="2"/><T64/><D132/><U9/><E110/><V67/><F67/><W68/><G68/><T111/><D64/><U125/><E9/><V18/><REACH who="2" step="1"/><F5/><REACH who="2" ten="246,221,240,273" step="2"/><W70/><G70/><T93/><D7/><U16/><E16/><AGARI ba="0,2" hai="12,16,18,20,21,26,74,77,82,90,95,97,105,106" machi="16" ten="30,8000,1" yaku="1,1,2,1,7,1,52,1,54,1,53,0" doraHai="79" doraHaiUra="129" who="2" fromWho="1" sc="246,0,221,-80,240,100,273,0" /><INIT seed="2,0,0,0,5,50" ten="246,141,340,273" oya="2" hai0="104,123,78,10,7,0,6,83,87,121,76,94,96" hai1="30,74,125,99,66,105,5,53,65,31,118,16,73" hai2="26,95,60,107,130,108,134,112,34,113,119,82,44" hai3="98,35,69,72,33,128,63,48,29,3,57,43,36"/><V28/><F119/><W93/><G72/><T2/><D104/><U12/><E118/><V102/><F134/><W67/><G3/><T51/><D76/><U103/><E5/><V127/><F127/><W1/><G1/><T17/><D17/><U129/><E125/><V101/><F130/><W40/><G128/><T109/><D109/><U133/><E129/><V80/><F108/><W25/><G35/><T61/><D61/><U55/><E133/><V110/><F110/><W75/><G36/><T4/><D4/><U56/><E74/><V14/><F101/><W20/><G75/><T38/><D38/><U15/><E73/><V81/><F95/><W49/><G33/><T92/><D92/><N who="1" m="58855" /><E12/><V79/><F79/><W84/><G84/><T58/><D7/><U42/><E42/><N who="3" m="15914" /><G69/><T126/><D2/><U68/><E68/><V71/><F44/><W8/><G8/><T70/><D70/><U37/><E37/><V18/><F107/><W85/><G85/><T131/><D126/><U54/><E105/><V106/><F106/><W115/><G115/><T52/><REACH who="0" step="1"/><D131/><REACH who="0" ten="236,141,340,273" step="2"/><U21/><E66/><N who="2" m="41415" /><F113/><W45/><G45/><T91/><AGARI ba="0,1" hai="0,6,10,51,52,58,78,83,87,91,94,96,121,123" machi="91" ten="20,8000,1" yaku="1,1,0,1,7,1,52,1,54,1,53,0" doraHai="50" doraHaiUra="114" who="0" fromWho="0" sc="236,90,141,-20,340,-40,273,-20" /><INIT seed="3,0,0,5,3,25" ten="326,121,300,253" oya="3" hai0="66,11,24,18,15,102,75,9,95,112,1,110,104" hai1="5,26,79,39,52,82,21,92,86,14,64,63,134" hai2="78,32,4,121,29,50,44,65,111,33,13,116,113" hai3="135,124,114,122,71,101,89,97,128,88,109,119,81"/><W117/><G71/><T28/><D104/><U22/><E39/><V74/><F113/><W35/><G35/><T91/><D75/><U120/><E134/><V47/><F116/><N who="3" m="44619" /><G114/><T62/><D112/><U98/><E120/><V94/><F121/><W53/><G53/><T43/><D43/><U85/><E85/><V87/><F65/><W131/><G122/><T99/><D110/><U107/><E107/><V83/><F111/><W57/><G57/><T49/><D49/><U17/><E5/><V40/><F32/><W70/><G70/><T84/><D1/><U132/><E132/><V12/><F12/><W54/><G54/><T90/><D84/><U16/><E64/><V34/><F34/><W10/><G10/><T100/><D100/><U37/><E37/><V58/><F58/><W133/><G109/><T106/><D106/><U41/><E41/><V93/><F74/><W7/><G7/><T19/><D11/><U0/><E0/><V72/><F72/><W31/><G124/><T38/><D38/><U68/><E68/><V60/><F44/><W55/><G55/><T69/><D19/><U108/><E108/><V73/><F73/><W105/><G31/><T59/><D69/><U103/><E52/><V130/><F4/><W67/><G67/><T126/><D126/><U77/><REACH who="1" step="1"/><E63/><REACH who="1" ten="326,111,300,253" step="2"/><V96/><F60/><W61/><G61/><T30/><D66/><U125/><E125/><V51/><F40/><W45/><G135/><T48/><D62/><U3/><E3/><V56/><F50/><W127/><G127/><T80/><D48/><U36/><E36/><RYUUKYOKU ba="0,1" sc="326,-10,111,30,300,-10,253,-10" hai1="14,16,17,21,22,26,77,79,82,86,92,98,103" /><INIT seed="4,1,1,5,3,124" ten="316,141,290,243" oya="0" hai0="95,117,37,14,100,24,62,66,92,113,65,72,120" hai1="1,86,9,20,15,89,2,116,71,34,26,84,47" hai2="58,93,131,54,109,94,112,8,74,30,64,25,108" hai3="129,56,3,4,27,23,57,107,33,98,17,11,48"/><T6/><D37/><U52/><E116/><V43/><F74/><W59/><G33/><T38/><D38/><U60/><E34/><V132/><F43/><W82/><G82/><T41/><D41/><U40/><E71/><V133/><F64/><W73/><G73/><T75/><D117/><U50/><E84/><V103/><F8/><W78/><G78/><T134/><D24/><U18/><E60/><V12/><F12/><W70/><G70/><T31/><D31/><U110/><E110/><V121/><F121/><W81/><G81/><T101/><D14/><U10/><E10/><V67/><F67/><W5/><G5/><T83/><D62/><U111/><E111/><V36/><F36/><W0/><G0/><T28/><D28/><U42/><E2/><V99/><F93/><W123/><G123/><T80/><D120/><U91/><E1/><V16/><F30/><W125/><G125/><T19/><D6/><U45/><E45/><V51/><F112/><W63/><G48/><T61/><D61/><U128/><E91/><V7/><F7/><W35/><G35/><T49/><D49/><U97/><E97/><V106/><F106/><W55/><G107/><T39/><D39/><U135/><E135/><N who="2" m="51787" /><F108/><W69/><G69/><T119/><D134/><U77/><E77/><V68/><F68/><W29/><G29/><T102/><D102/><U90/><BYE who="0" /><E90/><V126/><F126/><W44/><G98/><T127/><D127/><U21/><E21/><N who="2" m="13479" /><F109/><UN n0="%E6%A9%8B%E5%A0%B4" /><W122/><G122/><T85/><D119/><U87/><E42/><V130/><AGARI ba="1,1" hai="51,54,58,94,99,103,130,131" m="13479,51787" machi="130" ten="30,7900,0" yaku="20,1,52,2,54,1" doraHai="124" who="2" fromWho="2" sc="316,-40,141,-21,290,92,243,-21" /><INIT seed="5,0,0,2,0,1" ten="276,120,382,222" oya="1" hai0="16,31,10,41,40,24,94,106,75,70,39,107,64" hai1="124,90,120,38,118,54,66,27,61,74,55,100,108" hai2="113,123,35,50,3,21,19,36,52,51,30,57,77" hai3="69,125,37,59,95,28,9,81,101,2,7,62,130"/><U78/><E118/><V83/><F123/><W91/><G37/><T104/><D94/><U44/><E120/><V76/><F36/><W20/><G69/><T87/><D87/><U58/><E124/><V23/><F3/><W46/><G125/><T99/><D40/><U48/><E108/><V43/><F113/><W92/><G130/><T56/><D56/><U88/><E38/><V129/><F129/><W109/><G109/><T134/><D134/><U47/><E100/><V29/><F35/><W63/><G46/><T132/><D132/><U84/><E74/><V14/><F21/><W17/><G28/><N who="2" m="10857" /><F83/><W79/><G101/><T60/><D16/><U85/><E27/><V103/><F103/><W98/><G95/><T89/><D10/><U42/><E85/><V25/><F14/><W4/><G59/><T112/><D89/><N who="1" m="34411" /><E47/><AGARI ba="0,0" hai="19,23,25,43,47,50,51,52,57,76,77" m="10857" machi="47" ten="30,2000,0" yaku="8,1,54,1" doraHai="1" who="2" fromWho="1" sc="276,0,120,-20,382,20,222,0" /><INIT seed="6,0,0,1,4,57" ten="276,100,402,222" oya="2" hai0="15,88,106,3,110,21,44,19,59,70,117,132,115" hai1="77,64,65,104,39,11,56,14,89,102,127,123,76" hai2="6,25,55,13,133,38,121,8,63,81,31,109,62" hai3="130,32,28,48,10,74,29,96,20,92,95,119,7"/><V91/><F121/><W122/><G122/><T22/><D70/><U134/><E123/><V99/><F38/><W85/><G119/><T108/><D106/><U1/><E1/><V4/><F4/><W135/><G74/><T42/><D3/><U12/><E39/><V27/><F133/><W45/><G32/><T126/><D132/><U40/><E134/><V86/><F109/><W124/><G135/><T30/><D117/><U107/><E40/><V35/><F55/><W112/><G130/><T114/><D126/><U60/><E127/><V101/><REACH who="2" step="1"/><F25/><REACH who="2" ten="276,100,392,222" step="2"/><W128/><G124/><T78/><D108/><U67/><E67/><V26/><F26/><W80/><G128/><T87/><D110/><U69/><E65/><V97/><F97/><W75/><G96/><T23/><D23/><U17/><E69/><V52/><F52/><W94/><G20/><T118/><D22/><U33/><E33/><V18/><F18/><W58/><G7/><T51/><D118/><U79/><E14/><V54/><F54/><W5/><G5/><T98/><D30/><U47/><E47/><V125/><F125/><W113/><G45/><T73/><D98/><U90/><REACH who="1" step="1"/><E102/><REACH who="1" ten="276,90,392,222" step="2"/><V93/><AGARI ba="0,2" hai="6,8,13,27,31,35,62,63,81,86,91,93,99,101" machi="93" ten="20,12000,1" yaku="1,1,0,1,7,1,52,2,53,0" doraHai="57" doraHaiUra="100" who="2" fromWho="2" sc="276,-40,90,-40,392,140,222,-40" /><INIT seed="6,1,0,0,4,80" ten="236,50,532,182" oya="2" hai0="7,96,114,123,94,13,8,31,85,35,52,115,49" hai1="100,16,41,57,121,55,135,122,10,23,73,93,38" hai2="82,109,48,134,107,69,101,30,88,40,9,46,36" hai3="74,103,112,53,108,66,18,95,120,113,67,0,119"/><V1/><F134/><W59/><G120/><T133/><D123/><N who="1" m="47115" /><E73/><V126/><F69/><W45/><G119/><T17/><D133/><U11/><E135/><V6/><F126/><W26/><G108/><T81/><D35/><U71/><E71/><V99/><F109/><W4/><G74/><T34/><D34/><U128/><E128/><V20/><F30/><W29/><G18/><T97/><D31/><U105/><E105/><V12/><F20/><W90/><G45/><N who="0" m="27695" /><D7/><U37/><E100/><V21/><F21/><W61/><G103/><T84/><D97/><U78/><E93/><V129/><F129/><W22/><G4/><T14/><D14/><N who="1" m="9623" /><E78/><V72/><F12/><W68/><G0/><T111/><D111/><U42/><E42/><V62/><F62/><W63/><REACH who="3" step="1"/><G67/><REACH who="3" ten="236,50,532,172" step="2"/><T3/><D3/><U43/><E43/><V56/><F72/><W98/><AGARI ba="1,1" hai="22,26,29,53,59,61,63,66,68,90,95,98,112,113" machi="98" ten="30,7900,0" yaku="1,1,2,1,0,1,53,1" doraHai="80" doraHaiUra="86" who="3" fromWho="3" sc="236,-21,50,-21,532,-40,172,92" /><INIT seed="7,0,0,5,3,16" ten="215,29,492,264" oya="3" hai0="65,9,54,95,49,100,124,129,102,107,37,41,132" hai1="110,89,77,126,61,19,103,79,56,71,114,46,30" hai2="2,11,18,90,112,69,119,134,25,8,93,85,120" hai3="12,38,111,133,31,72,122,108,1,67,96,94,22"/><W83/><G122/><T4/><D129/><U23/><E114/><V13/><F69/><W32/><G38/><T84/><D132/><U66/><E126/><V117/><F112/><W113/><G1/><T21/><D124/><U36/><E110/><N who="3" m="42026" /><G32/><T106/><D65/><U59/><E71/><V80/><F134/><W130/><G130/><T47/><D100/><U50/><E36/><V45/><F120/><W88/><G67/><T17/><D102/><U116/><E116/><V81/><F81/><W87/><G133/><T125/><D125/><U40/><E103/><V44/><F25/><N who="3" m="16823" /><G12/><T14/><D95/><U70/><E70/><V76/><F117/><W24/><G24/><T63/><D84/><U42/><E42/><V48/><F119/><W123/><G123/><T43/><D63/><U121/><E121/><V104/><F2/><W33/><G33/><T26/><REACH who="0" step="1"/><D41/><REACH who="0" ten="205,29,492,264" step="2"/><U6/><E61/><V52/><F13/><W7/><G113/><T78/><D78/><U92/><E79/><V15/><F104/><W10/><G72/><T60/><D60/><U29/><E77/><V55/><F8/><W35/><G87/><T74/><D74/><U53/><E40/><N who="2" m="24583" /><F45/><AGARI ba="0,1" hai="4,9,14,17,21,26,37,43,45,47,49,54,106,107" machi="45" ten="30,3900,0" yaku="1,1,7,1,52,1,53,0" doraHai="16" doraHaiUra="99" who="0" fromWho="2" sc="205,49,29,0,492,-39,264,0" owari="254,-15.0,29,-47.0,453,56.0,264,6.0" /></mjloggm>