<mjloggm ver="2.3"><GO type="169" lobby="0"/><UN n0="%4B%69%7A%75%6E%65%72" n1="%E3%82%82%E3%81%BF%E3%81%95%E3%81%92" n2="%E3%82%84%E3%81%BE%E3%81%8C%E3%82%89%E3%83%BC" n3="%E3%82%B5%E3%83%96%E3%82%A2%E3%83%A9%E3%83%89" dan="17,16,17,16" rate="2141.21,2114.83,2182.11,2062.30" sx="F,M,M,M"/><TAIKYOKU oya="0"/><INIT seed="0,0,0,2,0,96" ten="250,250,250,250" oya="0" hai0="54,93,105,13,102,106,14,111,85,5,10,104,126" hai1="72,47,109,98,24,45,112,68,33,38,76,11,63" hai2="84,46,115,131,135,100,28,77,103,107,78,130,65" hai3="116,20,83,59,16,92,123,121,50,31,69,124,60"/><T37/><D126/><U119/><E119/><V52/><F115/><W30/><G116/><T80/><D111/><U133/><E133/><V134/><F107/><W23/><G124/><T122/><D122/><N who="3" m="46601" /><G69/><T32/><D32/><U15/><E112/><V25/><F65/><N who="3" m="39071" /><G23/><T6/><D37/><U82/><E109/><V42/><F52/><W40/><G83/><T114/><D54/><U1/><E1/><V95/><F25/><N who="3" m="14471" /><G92/><T74/><D74/><U8/><E68/><V94/><F28/><W51/><G51/><T73/><D73/><U4/><E82/><V9/><F9/><W64/><G64/><T99/><D114/><U2/><E8/><V71/><F71/><W18/><G18/><T67/><D67/><U39/><E11/><V35/><F35/><W120/><N who="3" m="46609" /><W57/><DORA hai="61" /><G57/><T86/><D6/><U0/><E4/><V79/><F84/><W101/><G101/><N who="2" m="38985" /><F135/><W12/><G12/><T128/><D13/><U36/><E15/><V62/><F62/><W108/><G108/><T17/><D5/><U21/><E63/><V41/><F134/><W127/><G127/><T43/><D85/><U117/><E33/><V29/><F29/><W49/><G49/><T27/><D27/><U75/><E24/><V19/><F19/><W129/><G129/><N who="2" m="49161" /><F46/><AGARI ba="0,0" hai="30,31,40,46,50" m="14471,39071,46609" machi="46" ten="40,5200,0" yaku="13,1,52,1,54,1" doraHai="96,61" who="3" fromWho="2" sc="250,0,250,0,250,-52,250,52" /><INIT seed="1,0,0,1,0,37" ten="250,250,198,302" oya="1" hai0="26,88,62,72,39,54,15,63,125,70,36,23,106" hai1="50,13,117,2,124,12,73,40,86,78,97,83,47" hai2="57,34,105,87,92,122,14,107,49,104,128,35,114" hai3="96,11,79,130,75,80,126,33,121,30,5,109,10"/><U58/><E117/><V52/><F122/><W118/><G109/><T19/><D125/><U64/><E124/><V61/><F128/><W66/><G121/><T24/><D106/><U81/><E2/><V17/><F114/><W89/><G130/><T65/><D72/><U111/><E111/><V71/><F71/><W31/><G118/><T43/><D36/><U6/><E6/><V91/><REACH who="2" step="1"/><F61/><REACH who="2" ten="250,250,188,302" step="2"/><W77/><G126/><T46/><D62/><U132/><E132/><V18/><F18/><W103/><G5/><T95/><REACH who="0" step="1"/><D54/><REACH who="0" ten="240,250,188,302" step="2"/><U8/><E64/><V131/><F131/><W21/><G66/><T74/><D74/><U56/><E73/><V99/><F99/><AGARI ba="0,2" hai="15,19,23,24,26,39,43,46,63,65,70,88,95,99" machi="99" ten="30,7700,0" yaku="1,1,7,1,52,1,54,1,53,0" doraHai="37" doraHaiUra="76" who="0" fromWho="2" sc="240,97,250,0,188,-77,302,0" /><INIT seed="2,0,0,3,5,109" ten="337,250,111,302" oya="2" hai0="69,73,40,17,1,31,44,30,70,100,123,124,108" hai1="113,116,104,111,87,9,80,121,13,118,97,53,18" hai2="26,23,120,14,15,58,85,34,79,19,25,81,95" hai3="75,59,119,36,2,76,39,27,128,105,107,127,16"/><V24/><F120/><W90/><G119/><T133/><D123/><U52/><E111/><V91/><F34/><W98/><G2/><T94/><D108/><U62/><E121/><V68/><F68/><W93/><G127/><T67/><D124/><U106/><E113/><V54/><F14/><W57/><G128/><T132/><D73/><U134/><E134/><N who="0" m="51817" /><D1/><U49/><E62/><V72/><REACH who="2" step="1"/><F24/><REACH who="2" ten="337,250,101,302" step="2"/><W64/><G27/><T77/><D69/><U37/><E13/><V45/><F45/><W43/><G39/><T99/><D44/><U50/><E37/><V22/><F22/><W0/><G36/><T101/><D70/><U12/><E12/><V11/><F11/><W103/><G0/><T28/><D100/><U4/><E9/><V20/><F20/><W84/><G59/><T41/><D101/><U35/><E35/><V102/><F102/><W115/><G115/><T32/><D32/><U125/><E125/><V38/><F38/><W3/><G3/><T130/><D130/><U78/><E118/><V42/><F42/><W96/><G43/><T56/><D56/><U6/><E116/><V92/><F92/><W7/><G57/><T51/><D94/><U126/><E126/><V47/><F47/><W129/><G129/><T66/><D40/><U86/><E104/><V88/><F88/><W48/><G107/><T83/><D41/><U5/><E106/><V71/><F71/><W110/><G105/><T74/><D77/><U46/><E78/><V29/><F29/><W114/><G76/><T112/><D30/><U89/><E46/><V33/><F33/><RYUUKYOKU ba="0,1" sc="337,-10,250,-10,101,30,302,-10" hai2="15,19,23,25,26,54,58,72,79,81,85,91,95" /><INIT seed="2,1,1,3,1,135" ten="327,240,131,292" oya="2" hai0="56,32,3,18,90,40,93,114,96,78,61,132,6" hai1="83,0,130,58,112,89,5,62,31,117,28,33,108" hai2="26,76,84,87,85,15,47,123,12,79,113,82,8" hai3="67,63,81,70,43,52,125,69,134,17,68,119,30"/><V111/><F113/><W7/><G119/><T54/><D132/><U16/><E117/><V4/><F123/><W94/><G134/><T127/><D114/><U39/><E39/><V64/><F111/><W48/><G7/><T49/><D32/><U131/><E112/><V75/><F64/><W22/><G30/><T1/><D6/><U80/><E108/><V38/><F26/><W9/><G9/><T121/><D121/><U45/><E45/><V11/><F76/><W95/><G81/><N who="1" m="31306" /><E0/><V44/><REACH who="2" step="1"/><F38/><REACH who="2" ten="327,240,121,292" step="2"/><W55/><G70/><T86/><D78/><U118/><E118/><V98/><F98/><W14/><G69/><T36/><D96/><U92/><E33/><V73/><F73/><W97/><G68/><T104/><D36/><U103/><E131/><V110/><F110/><W107/><G67/><T100/><D54/><U66/><E130/><V34/><F34/><W25/><G55/><T106/><D40/><U109/><E109/><V53/><F53/><W50/><G43/><T46/><D3/><U10/><E66/><V133/><F133/><W57/><G25/><T88/><D1/><U105/><E28/><V24/><F24/><W59/><G48/><T23/><D49/><U72/><E31/><V37/><F37/><W41/><G41/><T124/><D61/><U42/><E72/><V91/><F91/><W21/><G63/><T71/><D88/><U27/><E89/><V99/><F99/><W102/><G59/><T120/><D56/><U129/><E58/><V13/><F13/><W77/><G57/><T29/><D71/><U122/><E62/><RYUUKYOKU ba="1,2" sc="327,-10,240,-10,121,30,292,-10" hai2="4,8,11,12,15,44,47,75,79,82,84,85,87" /><INIT seed="2,2,2,5,0,2" ten="317,230,151,282" oya="2" hai0="38,120,91,8,110,99,122,17,72,115,130,65,3" hai1="123,114,18,10,6,93,134,5,79,32,66,9,84" hai2="33,98,127,76,83,57,69,86,58,89,100,54,21" hai3="124,108,111,113,129,47,67,106,80,105,62,37,119"/><V0/><F33/><W116/><G80/><T31/><D115/><U90/><E114/><V4/><F69/><W104/><G113/><T43/><D72/><U118/><E118/><V41/><F127/><W63/><G124/><T50/><D38/><U23/><E32/><V34/><F34/><W15/><G15/><T82/><D65/><U95/><E66/><V12/><F0/><W49/><G37/><T103/><D31/><U77/><E134/><V60/><F41/><W40/><G129/><T85/><D110/><N who="3" m="42025" /><G62/><T51/><D17/><U133/><E133/><V55/><F76/><N who="1" m="29257" /><E95/><N who="2" m="58463" /><F21/><W88/><G88/><T7/><D130/><U64/><E64/><N who="2" m="38927" /><F58/><AGARI ba="2,2" hai="40,47,49,58,63,67,104,105,106,116,119" m="42025" machi="58" ten="40,1300,0" yaku="14,1" doraHai="2" who="3" fromWho="2" sc="317,0,230,0,151,-19,282,39" /><INIT seed="3,0,0,1,5,126" ten="317,230,132,321" oya="3" hai0="112,49,125,73,12,111,37,45,59,106,61,98,105" hai1="78,48,96,83,16,109,2,52,104,92,128,3,85" hai2="24,127,100,82,110,102,132,119,63,123,131,130,89" hai3="10,71,68,72,43,39,1,54,95,99,69,81,67"/><W108/><G108/><T124/><D111/><U19/><E104/><V75/><F110/><W14/><G54/><T34/><D73/><U11/><E109/><V107/><F127/><N who="0" m="48714" /><D37/><U88/><E128/><N who="2" m="49195" /><F119/><W122/><G122/><T33/><D12/><U90/><E78/><N who="2" m="44383" /><F132/><W46/><G1/><T28/><D112/><U30/><E30/><V55/><F123/><W134/><G134/><T42/><D98/><U44/><E19/><V29/><F89/><W77/><G67/><N who="0" m="39359" /><D28/><U47/><E44/><V113/><F113/><W101/><G71/><T80/><D80/><U51/><E51/><V8/><F8/><W133/><G133/><T94/><D94/><U36/><E36/><V35/><F107/><AGARI ba="0,0" hai="33,34,42,45,49,105,106,107" m="39359,48714" machi="107" ten="30,1000,0" yaku="18,1" doraHai="126" who="0" fromWho="2" sc="317,10,230,0,132,-10,321,0" /><INIT seed="4,0,0,0,5,45" ten="327,230,122,321" oya="0" hai0="80,121,95,4,66,104,67,7,32,71,70,134,37" hai1="69,106,117,72,100,103,40,91,26,79,78,48,73" hai2="52,28,41,53,14,105,51,108,11,89,25,29,122" hai3="62,64,23,13,18,50,55,90,135,16,43,76,94"/><T129/><D104/><U39/><E39/><V123/><F105/><W96/><G135/><T74/><D121/><U124/><E69/><V68/><F108/><W44/><G76/><T109/><D37/><U99/><E117/><V9/><F68/><W85/><G96/><T83/><D95/><U114/><E124/><V115/><F115/><W133/><G133/><T82/><D134/><U77/><E114/><V126/><F126/><W119/><G119/><T132/><D132/><U61/><E61/><V81/><F41/><W30/><G30/><T2/><D82/><U21/><E91/><V19/><F9/><W101/><G101/><T65/><D65/><U118/><E103/><V112/><F53/><W34/><G34/><T17/><D17/><U87/><E87/><V22/><F29/><W35/><G35/><T31/><D31/><U102/><E102/><V98/><F112/><W127/><G127/><T116/><D2/><U75/><E118/><V27/><F27/><W10/><G43/><T88/><D74/><U42/><REACH who="1" step="1"/><E48/><REACH who="1" ten="327,220,122,321" step="2"/><V131/><F131/><W120/><G120/><T110/><D116/><U60/><E60/><V3/><F3/><W56/><G23/><T125/><D125/><U84/><E84/><N who="2" m="50319" /><F98/><W113/><G113/><T107/><D129/><U57/><E57/><N who="2" m="32927" /><F123/><W47/><G47/><T33/><D88/><U49/><E49/><V92/><F122/><W8/><G8/><T5/><D70/><U20/><E20/><V24/><F24/><W12/><G10/><T38/><D71/><U59/><E59/><V86/><F86/><W130/><G130/><RYUUKYOKU ba="0,1" sc="327,-30,220,10,122,10,321,10" hai1="21,26,40,42,72,73,75,77,78,79,99,100,106" hai2="11,14,19,22,25,28,92" hai3="12,13,16,18,44,50,55,56,62,64,85,90,94" /><INIT seed="5,1,1,5,0,77" ten="297,230,132,331" oya="1" hai0="39,80,108,127,46,109,13,20,45,112,30,73,100" hai1="70,59,51,27,69,114,116,98,33,63,117,2,132" hai2="131,115,18,128,104,92,91,34,37,16,21,107,47" hai3="125,54,101,62,75,7,134,88,25,61,105,36,74"/><U8/><E132/><V130/><F34/><W97/><G134/><T102/><D127/><U64/><E114/><V24/><F115/><W83/><G125/><T26/><D112/><U60/><E69/><V118/><F118/><W76/><G36/><T85/><D73/><U52/><E51/><V106/><F37/><W14/><G25/><T12/><D108/><U5/><REACH who="1" step="1"/><E98/><REACH who="1" ten="297,220,132,331" step="2"/><V55/><F47/><N who="0" m="17930" /><D39/><U65/><E65/><V11/><F55/><W29/><G54/><T57/><D109/><U66/><E66/><V81/><F81/><W119/><G119/><T40/><D40/><U120/><E120/><V96/><REACH who="2" step="1"/><F11/><REACH who="2" ten="297,220,122,331" step="2"/><W4/><G83/><T15/><D57/><U53/><E53/><V123/><F123/><W1/><G62/><T41/><D41/><U19/><E19/><AGARI ba="1,3" hai="16,18,19,21,24,91,92,96,104,106,107,128,130,131" machi="19" ten="50,6400,0" yaku="1,1,19,1,54,1,53,0" doraHai="77" doraHaiUra="35" who="2" fromWho="1" sc="297,0,220,-67,122,97,331,0" /><INIT seed="6,0,0,1,5,52" ten="297,153,219,331" oya="2" hai0="50,75,5,54,48,103,21,64,35,23,41,38,129" hai1="43,94,34,32,36,74,39,123,42,111,130,122,70" hai2="119,90,14,84,57,91,63,69,82,10,9,110,44" hai3="12,15,73,92,116,72,77,133,19,105,49,85,100"/><V97/><F119/><W26/><G116/><T99/><D75/><U7/><E74/><V93/><F69/><W51/><G133/><T134/><D35/><N who="1" m="13355" /><E7/><V117/><F117/><W13/><G105/><T6/><D134/><U30/><E30/><V37/><F110/><W27/><G73/><T101/><D129/><U0/><E0/><V109/><F109/><W17/><G72/><T124/><D124/><U2/><E2/><V68/><F68/><W58/><G77/><T98/><D38/><N who="1" m="14379" /><E70/><V59/><F63/><W46/><G85/><T113/><D54/><U107/><E111/><V118/><F118/><W11/><G100/><T126/><D126/><U1/><E1/><V76/><F91/><W86/><G86/><T125/><D125/><U102/><E107/><V121/><F121/><N who="1" m="46089" /><E130/><V87/><F87/><W3/><G3/><T95/><D6/><U135/><E135/><V106/><F106/><W89/><G89/><T127/><D5/><U78/><E78/><V79/><F76/><W83/><G83/><T65/><D127/><U8/><E8/><V22/><F22/><W104/><G104/><T115/><D95/><U71/><E71/><V114/><F9/><N who="3" m="6287" /><G92/><T96/><D96/><AGARI ba="0,0" hai="42,43,94,96,102" m="46089,14379,13355" machi="96" ten="40,1300,0" yaku="13,1" doraHai="52" who="1" fromWho="0" sc="297,-13,153,13,219,0,331,0" /><INIT seed="7,0,0,3,0,75" ten="284,166,219,331" oya="3" hai0="112,77,103,13,30,83,135,49,34,91,121,37,132" hai1="85,27,22,78,73,25,32,21,46,9,79,102,113" hai2="123,10,53,36,106,20,133,63,84,128,3,18,24" hai3="48,0,26,110,69,80,1,57,29,8,68,115,130"/><W59/><G115/><T43/><D121/><U119/><E32/><V7/><F36/><W71/><G130/><T35/><D37/><U54/><E113/><V31/><F128/><W19/><G110/><T98/><D91/><U56/><E73/><V12/><F133/><N who="0" m="51274" /><D13/><U81/><E119/><V64/><F106/><W122/><G122/><T67/><D67/><U93/><E46/><V2/><F123/><W99/><G99/><T109/><D30/><U41/><E41/><V126/><F126/><W92/><G92/><N who="0" m="58823" /><D109/><U131/><E131/><V60/><F84/><W45/><G0/><T55/><D43/><U15/><E93/><V116/><F116/><W120/><G120/><T39/><D39/><U44/><E102/><V94/><F94/><W76/><G1/><T28/><D28/><U62/><E44/><V125/><F125/><W4/><G4/><T114/><D112/><U88/><E25/><V95/><F95/><W86/><G29/><T42/><D42/><U70/><E70/><V51/><F64/><W104/><G104/><T74/><D114/><U40/><E40/><V50/><F50/><W38/><G38/><T52/><D55/><U127/><E127/><V118/><F2/><W134/><G134/><T11/><D11/><U124/><E124/><V66/><F66/><W65/><G65/><T6/><D6/><N who="1" m="3511" /><E21/><V97/><F118/><W129/><G129/><T33/><D33/><U107/><E107/><V90/><F97/><W5/><G8/><T58/><AGARI ba="0,0" hai="34,35,49,52,58,74,77,83" m="58823,51274" machi="58" ten="30,4000,0" yaku="20,1,52,1,54,1" doraHai="75" who="0" fromWho="0" sc="284,40,166,-10,219,-10,331,-20" owari="324,42.0,156,-34.0,209,-19.0,311,11.0" /></mjloggm>