<mjloggm ver="2.3"><GO type="225" lobby="0"/><UN n0="%6B%79%6F%6E%6B%6F%31%31" n1="%E5%BE%80%E5%B9%B4%E3%81%AE%E3%82%B4%E3%83%AA%E3%83%A9" n2="%E9%BA%BB%E9%9B%80%E3%81%9F%E3%81%AE%E3%81%97" n3="%E6%B3%A2%E7%91%A0" dan="17,16,16,16" rate="2200.20,2077.97,2142.18,2156.02" sx="M,M,F,F"/><TAIKYOKU oya="0"/><INIT seed="0,0,0,5,3,3" ten="250,250,250,250" oya="0" hai0="104,57,47,91,97,41,69,72,90,100,17,109,7" hai1="27,115,24,10,43,121,12,1,75,71,93,52,4" hai2="124,28,55,65,8,15,119,60,84,14,128,44,131" hai3="68,37,33,132,79,40,122,26,16,39,99,48,5"/><T73/><D69/><U86/><E75/><V116/><F28/><W87/><G68/><T54/><D109/><U11/><E121/><V29/><F29/><W78/><G122/><T76/><D17/><U77/><E71/><V32/><F32/><W62/><G62/><T6/><D73/><U127/><E127/><V126/><F65/><W74/><G74/><T31/><D31/><U125/><E125/><N who="2" m="48235" /><F84/><W36/><G33/><T129/><D129/><N who="2" m="49738" /><F15/><W61/><G99/><T88/><D76/><U111/><E111/><V63/><F44/><W53/><G87/><T50/><REACH who="0" step="1"/><D72/><REACH who="0" ten="240,250,250,250" step="2"/><U67/><E77/><V30/><F30/><W34/><G34/><T130/><D130/><U105/><E115/><V25/><F25/><W114/><G79/><T96/><D96/><U94/><E27/><V9/><F9/><W22/><G78/><T58/><D58/><U66/><E24/><V35/><F35/><W49/><G26/><T106/><D106/><U46/><E105/><V70/><F70/><W59/><G59/><T0/><D0/><U64/><E10/><V108/><F108/><W103/><G16/><T95/><D95/><U81/><E1/><V123/><F123/><W13/><G22/><T45/><D45/><U21/><E94/><V51/><F8/><W42/><G13/><T118/><D118/><N who="2" m="45098" /><F14/><W101/><G114/><T92/><D92/><U110/><E12/><V102/><F102/><W98/><G101/><T117/><D117/><U38/><E93/><V20/><F20/><W107/><G103/><T18/><D18/><U89/><E21/><V82/><F82/><RYUUKYOKU ba="0,1" sc="240,15,250,-15,250,15,250,-15" hai0="6,7,41,47,50,54,57,88,90,91,97,100,104" hai2="51,55,60,63" /><INIT seed="0,1,1,3,4,109" ten="255,235,265,235" oya="0" hai0="100,124,8,40,52,45,126,38,93,103,37,54,6" hai1="78,112,121,83,12,85,58,104,131,71,28,11,0" hai2="17,31,55,132,80,14,41,96,65,114,50,74,16" hai3="92,35,62,72,61,63,113,70,117,3,81,33,32"/><T4/><D93/><U90/><E71/><V129/><F129/><W13/><G3/><T7/><D8/><U10/><E131/><V27/><F132/><W9/><G117/><T20/><D20/><U133/><E104/><V73/><F41/><W5/><G92/><T86/><D86/><U69/><E69/><V57/><F65/><W47/><G47/><T56/><D56/><U67/><E133/><V34/><F114/><W84/><G72/><T30/><D30/><U101/><E101/><N who="0" m="38985" /><D45/><U79/><E121/><V107/><F96/><W115/><REACH who="3" step="1"/><G70/><REACH who="3" ten="255,235,265,225" step="2"/><T98/><D98/><U128/><E0/><V26/><F107/><W49/><G49/><T75/><D75/><U125/><E128/><V89/><F74/><W68/><G68/><T111/><D111/><U1/><E1/><V24/><F73/><W29/><G29/><T91/><D40/><U134/><E134/><V76/><F31/><W22/><G22/><T127/><D91/><AGARI ba="1,2" hai="5,9,13,32,33,35,61,62,63,81,84,91,113,115" machi="91" ten="50,6400,0" yaku="1,1,52,2,53,0" doraHai="109" doraHaiUra="53" who="3" fromWho="0" sc="255,-67,235,0,265,0,225,87" /><INIT seed="1,0,0,3,3,49" ten="188,235,265,312" oya="1" hai0="52,25,117,7,24,11,100,26,5,4,131,97,106" hai1="81,35,124,95,65,43,125,99,56,119,37,1,20" hai2="78,39,62,30,79,84,67,61,22,60,33,74,120" hai3="70,87,108,0,107,34,101,50,123,15,46,89,96"/><U38/><E35/><V86/><F120/><W77/><G0/><T111/><D117/><U90/><E1/><V31/><F33/><W75/><G70/><T40/><D40/><U135/><E119/><V17/><F39/><W44/><G34/><T76/><D76/><U126/><E135/><V113/><F67/><W121/><G108/><T45/><D111/><U36/><E20/><V83/><F113/><W71/><G71/><T55/><D45/><U28/><E28/><V2/><F2/><W16/><G44/><T29/><D29/><U122/><E122/><V53/><F53/><N who="3" m="29911" /><G77/><T110/><D110/><U105/><E105/><V6/><F6/><W10/><G75/><T102/><D131/><U12/><E12/><N who="2" m="9511" /><F74/><W64/><G64/><T42/><D42/><U115/><E115/><V85/><F83/><AGARI ba="0,0" hai="10,15,16,83,87,89,96,101,107,121,123" m="29911" machi="83" ten="30,3900,0" yaku="25,1,52,1,54,1" doraHai="49" who="3" fromWho="2" sc="188,0,235,0,265,-39,312,39" /><INIT seed="2,0,0,3,3,110" ten="188,235,226,351" oya="2" hai0="1,45,126,71,83,91,78,58,69,21,32,75,38" hai1="117,90,5,20,43,47,131,73,102,79,22,37,124" hai2="77,84,11,25,70,122,23,68,118,121,42,112,88" hai3="92,18,81,93,14,36,28,133,123,0,15,132,66"/><V44/><F118/><W4/><G36/><T24/><D32/><U128/><E102/><V86/><F112/><W104/><G104/><T48/><D126/><U41/><E124/><V16/><F11/><W35/><G123/><T82/><D1/><U125/><E117/><V27/><F27/><W98/><G66/><T50/><D38/><U31/><E43/><V134/><F134/><N who="3" m="51819" /><G81/><T113/><D113/><U99/><E5/><V76/><F76/><W114/><G114/><T74/><D58/><U120/><E120/><V103/><F121/><W111/><G15/><T30/><D48/><U109/><E109/><V64/><F122/><W52/><G52/><T105/><D105/><U53/><E53/><V85/><F77/><W2/><G98/><T3/><D3/><U80/><E125/><V97/><F64/><W119/><G111/><T17/><D74/><U135/><E135/><V39/><REACH who="2" step="1"/><F88/><REACH who="2" ten="188,235,216,351" step="2"/><W130/><G119/><T106/><D91/><U57/><E90/><V94/><AGARI ba="0,1" hai="16,23,25,39,42,44,68,70,84,85,86,94,97,103" machi="94" ten="30,18000,2" yaku="1,1,2,1,0,1,54,1,53,2" doraHai="110" doraHaiUra="65" who="2" fromWho="2" sc="188,-60,235,-60,216,190,351,-60" /><INIT seed="2,1,0,4,1,115" ten="128,175,406,291" oya="2" hai0="100,22,107,37,48,9,74,134,14,28,62,85,36" hai1="72,102,87,125,12,27,110,8,103,1,59,64,13" hai2="44,109,95,129,121,46,118,34,89,10,119,77,23" hai3="2,114,45,93,6,41,54,49,33,68,7,16,47"/><V117/><F121/><W97/><G68/><T32/><D74/><U120/><E72/><V123/><F123/><W0/><G33/><T91/><D134/><U20/><E120/><V86/><F34/><W128/><G128/><T81/><D32/><U105/><E105/><V17/><F129/><W69/><G69/><T101/><D107/><U130/><E1/><V24/><F109/><W11/><G114/><T78/><D36/><U122/><E110/><V18/><REACH who="2" step="1"/><F77/><REACH who="2" ten="128,175,396,291" step="2"/><W39/><G2/><T98/><D78/><U75/><E130/><V43/><F43/><W5/><REACH who="3" step="1"/><G16/><REACH who="3" ten="128,175,396,281" step="2"/><T73/><D28/><U35/><E122/><V38/><F38/><W40/><G40/><T52/><D37/><U29/><E29/><V92/><F92/><W50/><G50/><T19/><D48/><U3/><E35/><V131/><F131/><W82/><G82/><T76/><D73/><U104/><E75/><V21/><F21/><W25/><G25/><T84/><D22/><U65/><E27/><V63/><F63/><W113/><G113/><T57/><REACH who="0" step="1"/><D98/><REACH who="0" ten="118,175,396,281" step="2"/><U126/><E20/><V67/><F67/><W26/><G26/><T55/><D55/><U135/><E64/><V56/><F56/><W94/><G94/><AGARI ba="1,3" hai="9,14,19,52,57,62,76,81,84,85,91,94,100,101" machi="94" ten="30,12000,2" yaku="1,1,7,1,8,1,54,1,53,2" doraHai="115" doraHaiUra="80" who="0" fromWho="3" sc="118,153,175,0,396,0,281,-123" /><INIT seed="3,0,0,1,4,12" ten="271,175,396,158" oya="3" hai0="35,10,39,78,112,104,97,27,114,113,44,55,11" hai1="116,81,6,64,50,45,28,84,46,98,25,93,43" hai2="72,135,77,82,36,75,56,91,37,0,95,86,80" hai3="2,16,88,79,66,20,65,7,19,5,108,115,99"/><W100/><G115/><T57/><D78/><U106/><E106/><V134/><F0/><W38/><G38/><N who="2" m="14953" /><F56/><W51/><G79/><T117/><D117/><U109/><E116/><V85/><F82/><W83/><G108/><T26/><D97/><U120/><E120/><V103/><F103/><W52/><G100/><T123/><D104/><U3/><E64/><N who="3" m="24682" /><G2/><T132/><D132/><AGARI ba="0,0" hai="72,75,77,80,85,86,91,95,132,134,135" m="14953" machi="132" ten="30,1000,0" yaku="20,1" doraHai="12" who="2" fromWho="0" sc="271,-10,175,0,396,10,158,0" owari="261,6.0,175,-22.0,406,50.0,158,-34.0" /></mjloggm>