<mjloggm ver="2.3"><GO type="185" lobby="0"/><UN n0="%E3%83%AA%E3%82%B3%E3%83%BB%E3%83%90%E3%83%B3%E3%83%87%E3%83%A9%E3%82%B9" n1="%E5%BF%AB%E9%81%A9" n2="%6E%69%6B%6F%6C%75%30%33" n3="" dan="16,17,17,0" rate="2187.48,2301.58,2264.23,1500.00" sx="M,M,M,C"/><TAIKYOKU oya="0"/><INIT seed="0,0,0,3,4,92" ten="350,350,350,0" oya="0" hai0="65,77,79,60,42,70,127,1,57,0,40,71,2" hai1="80,134,59,84,110,101,64,104,55,48,78,85,122" hai2="50,36,47,132,121,86,66,41,115,95,107,97,88" hai3=""/><T100/><D127/><U128/><N who="1" m="31264" /><U43/><E110/><V109/><N who="2" m="31008" /><V53/><F115/><T114/><D114/><U68/><E128/><V82/><F109/><T58/><D100/><U56/><E134/><V108/><F132/><T135/><D135/><U91/><E43/><V3/><F108/><T131/><D131/><U35/><E35/><V102/><F66/><T94/><D58/><U126/><E126/><V81/><F3/><T123/><N who="0" m="31520" /><T46/><D94/><U67/><E68/><V125/><F125/><T73/><D42/><U105/><E101/><V124/><F124/><T106/><D106/><U38/><E38/><V119/><F119/><T44/><D44/><AGARI ba="0,0" hai="36,41,44,47,50,53,81,82,86,88,95,97,102,107" m="31008" machi="44" ten="30,7700,0" yaku="7,1,52,2,54,1" doraHai="92" who="2" fromWho="0" sc="350,-77,350,0,350,77,0,0" /><INIT seed="1,0,0,2,2,131" ten="273,350,427,0" oya="1" hai0="55,94,90,125,122,57,44,121,91,100,76,66,70" hai1="88,87,40,117,2,101,63,74,53,51,108,60,106" hai2="52,64,103,47,65,84,59,110,97,130,45,58,111" hai3=""/><U50/><E117/><V3/><F3/><T75/><N who="0" m="31008" /><T82/><N who="0" m="31264" /><T98/><D125/><U116/><E116/><V119/><F119/><T42/><D66/><N who="2" m="25706" /><F84/><T107/><D70/><U34/><E74/><V71/><F71/><T128/><D128/><U99/><E108/><N who="2" m="41515" /><F59/><T69/><D69/><U102/><E34/><V39/><F39/><T77/><D77/><U105/><E40/><V33/><F33/><T113/><D113/><U93/><E2/><V109/><F130/><T133/><D107/><U85/><E51/><V79/><F79/><T38/><REACH who="0" step="1"/><D133/><REACH who="0" ten="263,350,427,0" step="2"/><U86/><E105/><V62/><F109/><T1/><D1/><U92/><E106/><AGARI ba="0,1" hai="45,47,52,58,62,97,103,106" m="41515,25706" machi="106" ten="30,2000,0" yaku="14,1,54,1" doraHai="131" who="2" fromWho="1" sc="263,0,350,-20,427,30,0,0" /><INIT seed="2,0,0,5,4,116" ten="263,330,457,0" oya="2" hai0="129,43,113,104,72,107,55,123,90,52,96,1,82" hai1="76,42,65,45,47,60,69,97,134,34,75,77,46" hai2="35,64,115,80,95,112,48,133,85,63,67,40,102" hai3=""/><V54/><F35/><T119/><N who="0" m="31520" /><T68/><D1/><U127/><E34/><V62/><F40/><T59/><D119/><U92/><E127/><V41/><F41/><T78/><D68/><U114/><E114/><V111/><F133/><T51/><D113/><U39/><E134/><V98/><F115/><T86/><D129/><U103/><E75/><V44/><F112/><T49/><D96/><U126/><E126/><V100/><F100/><T106/><D43/><U32/><E32/><V70/><F111/><T36/><D36/><U50/><E47/><V128/><F128/><T57/><D107/><U118/><E118/><V99/><F99/><T58/><D59/><U87/><E87/><V109/><F109/><T33/><D33/><U130/><E130/><V131/><F131/><T89/><D89/><U91/><E91/><V94/><F94/><AGARI ba="0,0" hai="49,51,52,55,57,58,72,78,82,86,90,94,104,106" m="31520" machi="94" ten="30,8000,1" yaku="7,1,9,1,52,2,54,1" doraHai="116" who="0" fromWho="2" sc="263,80,330,0,457,-80,0,0" /><INIT seed="4,0,0,4,2,118" ten="343,330,377,0" oya="0" hai0="106,0,61,47,85,129,83,82,54,128,78,105,35" hai1="52,102,76,127,37,49,64,93,58,92,96,103,114" hai2="40,111,67,33,42,98,70,73,80,63,45,55,57" hai3=""/><T79/><D35/><U62/><E127/><V107/><F33/><T51/><D0/><U3/><E3/><V132/><F111/><T100/><D61/><U133/><E133/><V41/><F132/><T90/><D90/><U116/><E37/><V71/><F98/><T113/><D113/><U126/><E116/><V130/><F107/><T36/><D36/><U34/><E126/><V86/><F73/><T131/><REACH who="0" step="1"/><D100/><REACH who="0" ten="333,330,377,0" step="2"/><U125/><E34/><V1/><F1/><T120/><N who="0" m="30752" /><T74/><AGARI ba="0,1" hai="47,51,54,74,78,79,82,83,85,105,106,128,129,131" m="30752" machi="74" ten="30,12000,2" yaku="1,1,4,1,0,1,19,1,52,2,53,0" doraHai="118" doraHaiUra="95" who="0" fromWho="0" sc="333,130,330,-60,377,-60,0,0" /><INIT seed="4,1,0,1,1,54" ten="463,270,317,0" oya="0" hai0="82,116,130,78,66,50,33,120,100,42,128,111,41" hai1="119,38,74,92,93,63,3,108,127,96,62,83,58" hai2="0,39,61,132,56,113,99,103,35,69,72,47,80" hai3=""/><T123/><N who="0" m="30752" /><T73/><N who="0" m="31520" /><T110/><D33/><U59/><E3/><V68/><F35/><T107/><D116/><U95/><E119/><V131/><F0/><T67/><D100/><U88/><E38/><V2/><F2/><T45/><D107/><U84/><E127/><V104/><F113/><T37/><D42/><U55/><E74/><V86/><F72/><T32/><D37/><U40/><E40/><V126/><F126/><T81/><D81/><U77/><REACH who="1" step="1"/><E108/><REACH who="1" ten="463,260,317,0" step="2"/><N who="0" m="41513" /><D32/><U71/><E71/><V64/><F39/><T117/><D117/><U90/><E90/><V65/><F69/><T114/><D114/><U109/><E109/><V94/><F68/><T53/><D41/><U121/><N who="1" m="31008" /><U112/><E112/><V106/><F131/><AGARI ba="1,1" hai="45,50,53,66,67,73,78,82,128,130,131" m="41513,31520,30752" machi="131" ten="30,11600,0" yaku="19,1,10,1,52,2" doraHai="54" who="0" fromWho="2" sc="463,128,260,0,317,-118,0,0" /><INIT seed="4,2,0,0,1,50" ten="591,260,199,0" oya="0" hai0="33,135,97,79,49,109,70,105,107,32,56,87,116" hai1="98,65,130,121,80,92,102,128,100,99,72,106,44" hai2="34,115,101,132,38,46,48,81,54,45,95,61,78" hai3=""/><T37/><D116/><U118/><N who="1" m="31008" /><U53/><E65/><V73/><F34/><T60/><D37/><U126/><E118/><V40/><F115/><T0/><D0/><U51/><REACH who="1" step="1"/><E126/><REACH who="1" ten="591,250,199,0" step="2"/><V85/><F132/><T90/><D135/><U112/><E112/><V129/><F129/><T71/><D32/><U131/><E131/><V110/><F110/><T59/><D33/><U125/><E125/><V2/><F2/><T123/><D109/><U69/><E69/><V41/><F61/><T68/><D71/><U36/><E36/><V122/><N who="2" m="31264" /><V124/><F124/><T55/><D70/><U66/><E66/><V62/><F62/><T76/><D68/><U114/><E114/><V113/><F113/><T104/><N who="0" m="31520" /><T57/><D60/><U120/><N who="1" m="30752" /><U35/><E35/><V89/><REACH who="2" step="1"/><F101/><REACH who="2" ten="591,250,189,0" step="2"/><T84/><D49/><U133/><E133/><V39/><F39/><T93/><REACH who="0" step="1"/><D55/><AGARI ba="2,2" hai="38,40,41,45,46,48,54,55,73,78,81,85,89,95" m="31264" machi="55" ten="40,8000,1" yaku="1,1,52,3,53,1" doraHai="50" doraHaiUra="119" who="2" fromWho="0" sc="591,-84,250,0,189,104,0,0" /><INIT seed="5,0,0,2,0,73" ten="507,250,293,0" oya="1" hai0="66,65,86,40,67,128,129,3,96,98,112,54,102" hai1="55,61,36,101,52,2,43,106,120,38,121,79,80" hai2="44,127,83,77,42,51,74,122,63,39,49,119,115" hai3=""/><U84/><N who="1" m="30752" /><U0/><N who="1" m="31008" /><U92/><E106/><V75/><N who="2" m="31264" /><V111/><F119/><T82/><D3/><U124/><E124/><V60/><F111/><T135/><D112/><U59/><E55/><V93/><F75/><T118/><D118/><U50/><E2/><V104/><F104/><T56/><D40/><U94/><E0/><V134/><F127/><T100/><D135/><U32/><E32/><V108/><F108/><T33/><D33/><U72/><E101/><N who="0" m="39017" /><D129/><U41/><E50/><V85/><F134/><T48/><D128/><U130/><E130/><V47/><F39/><T37/><D37/><U71/><E71/><V97/><F74/><T35/><D35/><U109/><E109/><V123/><N who="2" m="31520" /><V91/><F115/><T69/><D69/><U1/><E1/><V57/><F57/><T89/><AGARI ba="0,0" hai="48,54,56,65,66,67,82,86,89,96,98" m="39017" machi="89" ten="30,800,0" yaku="8,1" doraHai="73" who="0" fromWho="0" sc="507,8,250,-5,293,-3,0,0" /><INIT seed="6,0,0,4,5,111" ten="515,245,290,0" oya="2" hai0="44,74,99,121,114,73,40,88,103,109,59,128,115" hai1="97,91,55,116,108,93,135,69,1,0,65,95,49" hai2="62,33,45,104,80,92,72,68,51,66,36,38,119" hai3=""/><V70/><F119/><T47/><N who="0" m="31008" /><T46/><D109/><U83/><E108/><V34/><F104/><T100/><D128/><U107/><E116/><V81/><F70/><T129/><D40/><U113/><E107/><V90/><F33/><T127/><D129/><U89/><E135/><V64/><F66/><T131/><D127/><U42/><E42/><V3/><F3/><T35/><D35/><U58/><E83/><V120/><N who="2" m="30752" /><V122/><N who="2" m="31264" /><V125/><F125/><T87/><D59/><U41/><E41/><V77/><F81/><T79/><D79/><U75/><E75/><V86/><F34/><T126/><D126/><U63/><REACH who="1" step="1"/><E113/><REACH who="1" ten="515,235,290,0" step="2"/><V60/><F62/><T39/><D115/><U48/><E48/><V43/><AGARI ba="0,1" hai="36,38,43,45,51,60,64,68,72,77,80,86,90,92" m="31264,30752" machi="43" ten="20,5200,0" yaku="0,1,7,1,52,2" doraHai="111" who="2" fromWho="2" sc="515,-26,235,-26,290,62,0,0" /><INIT seed="6,1,0,0,3,121" ten="489,209,352,0" oya="2" hai0="123,88,38,98,93,74,76,57,2,63,96,129,112" hai1="60,48,84,128,94,43,124,83,65,40,39,91,99" hai2="35,45,108,130,78,135,102,66,90,103,115,86,69" hai3=""/><V92/><F35/><T73/><N who="0" m="31520" /><T36/><D2/><U44/><E39/><V107/><F115/><T109/><D109/><U125/><E128/><V59/><F130/><T72/><D129/><U56/><E124/><V41/><F69/><T68/><D68/><U61/><E125/><V131/><F131/><T113/><D76/><U118/><E118/><V37/><F135/><T126/><D126/><U53/><E61/><V52/><F66/><T104/><D98/><U95/><E95/><V97/><F108/><T58/><D104/><U116/><E116/><V111/><F111/><T55/><D58/><U77/><REACH who="1" step="1"/><E77/><REACH who="1" ten="489,199,352,0" step="2"/><V87/><F78/><T79/><D79/><U1/><E1/><V89/><F107/><T134/><D134/><U132/><E132/><V100/><F90/><T34/><D34/><U67/><E67/><V106/><F106/><T122/><D122/><U64/><E64/><V46/><F89/><T49/><D113/><U127/><E127/><V47/><F92/><T42/><D112/><U101/><E101/><V70/><F103/><T105/><D105/><U119/><E119/><V62/><F102/><T0/><D0/><U117/><E117/><V120/><N who="2" m="30752" /><V133/><F100/><T80/><D93/><RYUUKYOKU ba="1,1" sc="489,-10,199,20,352,-10,0,0" hai1="40,43,44,48,53,56,60,65,83,84,91,94,99" owari="489,44.0,219,-38.0,342,-6.0,0,0.0" /></mjloggm>