<mjloggm ver="2.3"><GO type="225" lobby="0"/><UN n0="%E6%84%9B%E3%81%A8%E5%B9%B3%E5%92%8C%E3%81%A8%E5%83%95" n1="%E9%B3%B3%E6%9D%B1%E3%81%AE%E3%81%86%E3%81%95%E3%81%8E%E3%81%95%E3%82%93" n2="%E8%87%AA%E7%A7%B0%E6%9C%80%E5%BC%B7%E9%9B%80%E5%A3%AB%EF%BC%93" n3="%4B%61%42%45" dan="17,18,16,16" rate="2189.89,2121.92,2133.59,2152.38" sx="M,F,M,F"/><TAIKYOKU oya="0"/><INIT seed="0,0,0,2,5,16" ten="250,250,250,250" oya="0" hai0="109,98,104,90,108,59,14,21,86,54,48,134,117" hai1="106,125,78,103,42,115,56,43,60,82,88,87,110" hai2="105,28,84,52,51,75,41,19,34,46,44,116,135" hai3="36,39,67,119,132,71,1,76,17,31,118,73,69"/><T2/><D2/><U23/><E110/><N who="0" m="42601" /><D117/><U113/><E125/><V114/><F116/><W77/><G17/><N who="0" m="10423" /><D134/><U12/><E103/><V27/><F114/><N who="1" m="43529" /><E106/><V66/><F75/><W68/><G67/><T64/><D64/><N who="1" m="38919" /><E12/><V89/><F105/><W124/><G1/><T102/><D86/><N who="1" m="48471" /><E23/><V4/><F135/><W25/><G132/><T30/><D30/><U13/><E13/><V70/><F4/><W57/><G119/><T123/><D90/><U53/><E53/><V47/><F19/><W111/><G111/><T127/><D127/><U120/><E120/><AGARI ba="0,0" hai="48,54,59,98,102,104,120,123" m="10423,42601" machi="120" ten="30,5800,0" yaku="14,1,10,1,52,1" doraHai="16" who="0" fromWho="1" sc="250,58,250,-58,250,0,250,0" /><INIT seed="0,1,0,2,5,66" ten="308,192,250,250" oya="0" hai0="101,103,14,19,131,52,20,114,89,84,47,22,16" hai1="10,39,38,69,26,3,24,0,9,48,129,130,58" hai2="59,83,108,62,36,80,34,122,50,42,104,116,12" hai3="77,75,5,98,43,121,29,44,124,61,8,99,15"/><T57/><D114/><U63/><E48/><V76/><F122/><W7/><G121/><T70/><D47/><U102/><E58/><V6/><F104/><W30/><G5/><T97/><D70/><U128/><E102/><V100/><F34/><W32/><G124/><T33/><D33/><U18/><E63/><V115/><F115/><W93/><G32/><T23/><D131/><U117/><E117/><V54/><F36/><N who="1" m="13865" /><E18/><V107/><F116/><W74/><G98/><T65/><D65/><U1/><E69/><V21/><F108/><W118/><G118/><T112/><D112/><U60/><E60/><V53/><F42/><W86/><G74/><T87/><D23/><U78/><E78/><V81/><F100/><N who="0" m="38474" /><D97/><U88/><E88/><V51/><F107/><W64/><G75/><T68/><D68/><U4/><E4/><V41/><F62/><W85/><G99/><T72/><D72/><U105/><E105/><V110/><F41/><W119/><G119/><T25/><D89/><U55/><E55/><V132/><F110/><W96/><G96/><T45/><D45/><U91/><E91/><V71/><F71/><W28/><G77/><T134/><D87/><U27/><AGARI ba="1,0" hai="0,1,3,9,10,24,26,27,128,129,130" m="13865" machi="27" ten="50,8000,1" yaku="29,2,28,2,19,1" doraHai="66" who="1" fromWho="1" sc="308,-41,192,83,250,-21,250,-21" /><INIT seed="1,0,0,3,4,63" ten="267,275,229,229" oya="1" hai0="107,94,47,71,78,36,86,46,80,127,64,55,10" hai1="112,103,75,51,92,9,8,34,22,113,53,45,76" hai2="104,123,115,26,35,32,23,93,4,19,42,84,87" hai3="18,43,48,68,108,124,100,114,66,119,126,24,83"/><U73/><E34/><V72/><F72/><W62/><G100/><T101/><D127/><N who="3" m="48681" /><G83/><T128/><D128/><U79/><E22/><V135/><F123/><W33/><G33/><T122/><D122/><U20/><E20/><V40/><F104/><W57/><G24/><T117/><D117/><U89/><E103/><V1/><F115/><W38/><G18/><T69/><D107/><U90/><E45/><V44/><F35/><W13/><G13/><T105/><D105/><U132/><E51/><V120/><F120/><W27/><G27/><T17/><D36/><U91/><E53/><V61/><F32/><W41/><G114/><N who="1" m="44138" /><E92/><V25/><F25/><W7/><G7/><T74/><D101/><U54/><E54/><V134/><F4/><W70/><G119/><T31/><D31/><U58/><E58/><V111/><F1/><W99/><G99/><T15/><D55/><U12/><E12/><V110/><F93/><W106/><G106/><T96/><D74/><N who="1" m="28171" /><E132/><V2/><F2/><W88/><G43/><T11/><D11/><AGARI ba="0,0" hai="8,9,11,76,79,89,90,91" m="28171,44138" machi="11" ten="40,3900,0" yaku="28,2" doraHai="63" who="1" fromWho="0" sc="267,-39,275,39,229,0,229,0" /><INIT seed="1,1,0,3,0,87" ten="228,314,229,229" oya="1" hai0="9,124,107,78,35,101,46,86,127,134,13,51,45" hai1="94,75,97,3,40,60,110,96,114,52,108,48,10" hai2="57,64,23,62,65,47,131,28,61,14,58,126,6" hai3="32,68,118,21,69,72,116,76,93,125,26,81,49"/><U24/><E114/><V16/><F131/><W55/><G32/><T109/><D35/><U7/><E75/><V0/><F126/><N who="0" m="48170" /><D109/><N who="1" m="42091" /><E40/><V82/><F28/><W8/><G8/><T53/><D134/><U27/><E60/><V117/><F117/><N who="3" m="45163" /><G125/><T77/><D45/><N who="1" m="27663" /><E97/><V31/><F31/><N who="3" m="17871" /><G93/><T67/><D67/><U41/><E41/><V115/><F115/><W25/><G25/><T95/><D107/><U33/><E33/><V12/><F47/><AGARI ba="1,0" hai="47,49,55,68,69,72,76,81" m="17871,45163" machi="47" ten="30,1000,0" yaku="12,1" doraHai="87" who="3" fromWho="2" sc="228,0,314,0,229,-13,229,13" /><INIT seed="2,0,0,4,4,59" ten="228,314,216,242" oya="2" hai0="33,88,114,40,28,58,127,26,38,96,46,49,86" hai1="11,128,30,80,47,105,52,133,50,98,84,73,125" hai2="123,15,17,101,111,42,75,18,81,6,32,74,66" hai3="119,78,64,2,21,102,130,16,104,3,121,68,7"/><V65/><F123/><W60/><G121/><T134/><D127/><U131/><E73/><V45/><F32/><W115/><G119/><T97/><D134/><U41/><E133/><V82/><F101/><W107/><G130/><N who="1" m="49706" /><E125/><V100/><F100/><W90/><G78/><T92/><REACH who="0" step="1"/><D114/><REACH who="0" ten="218,314,216,242" step="2"/><U56/><E105/><V63/><F111/><W89/><G115/><T116/><D116/><U72/><E72/><V76/><F75/><W54/><G107/><T51/><D51/><U94/><E50/><V44/><F74/><W61/><G104/><T43/><D43/><U69/><E41/><V34/><F42/><W95/><G102/><T77/><D77/><U112/><E112/><V132/><F132/><W71/><G89/><T99/><D99/><U14/><E98/><V37/><F76/><W108/><G108/><T83/><D83/><U117/><E80/><V103/><F103/><W122/><G122/><T29/><D29/><U91/><E30/><V87/><F37/><W85/><G7/><T36/><D36/><U62/><E117/><V113/><F113/><W19/><G19/><T1/><D1/><U57/><E94/><V70/><F17/><W48/><G48/><T25/><D25/><U10/><E91/><V124/><F124/><W79/><G79/><T67/><D67/><U8/><E14/><V118/><F66/><N who="3" m="41039" /><G54/><AGARI ba="0,1" hai="26,28,33,38,40,46,49,54,58,86,88,92,96,97" machi="54" ten="40,5200,0" yaku="1,1,54,1,53,1" doraHai="59" doraHaiUra="53" who="0" fromWho="3" sc="218,62,314,0,216,0,242,-52" /><INIT seed="3,0,0,3,4,108" ten="280,314,216,190" oya="3" hai0="4,27,107,58,20,85,80,88,32,129,99,73,64" hai1="8,81,25,62,37,92,1,83,121,120,61,29,118" hai2="75,38,56,57,44,60,46,22,48,24,53,14,71" hai3="49,55,96,87,89,91,93,86,116,36,51,90,112"/><W52/><G36/><T122/><D122/><U41/><E92/><V95/><F75/><W5/><G116/><T123/><D123/><U3/><E41/><V63/><F38/><W74/><G74/><T100/><D129/><U128/><E37/><V17/><F71/><W13/><G112/><T70/><D73/><U69/><E128/><V10/><F95/><W103/><G5/><T65/><D4/><U50/><E50/><V97/><F97/><W26/><G26/><T30/><D58/><N who="2" m="22634" /><F46/><N who="3" m="27703" /><G13/><T82/><D20/><U42/><E25/><V126/><F126/><W94/><G93/><N who="0" m="54415" /><D64/><U117/><E8/><V54/><F54/><W45/><AGARI ba="0,0" hai="45,51,55,86,87,89,90,91,94,96,103" m="27703" machi="45" ten="30,3000,0" yaku="8,1,54,1" doraHai="108" who="3" fromWho="3" sc="280,-10,314,-10,216,-10,190,30" /><INIT seed="3,1,0,5,0,124" ten="270,304,206,220" oya="3" hai0="73,38,101,82,71,111,43,33,5,67,63,103,127" hai1="93,64,96,14,9,69,120,58,77,131,129,78,86" hai2="62,46,104,119,130,7,115,110,11,8,75,90,125" hai3="27,118,17,47,15,106,85,25,87,126,56,52,0"/><W49/><G0/><T30/><D127/><U68/><E58/><V92/><F125/><W72/><G72/><T22/><D33/><U18/><E120/><V74/><F119/><W26/><G118/><T99/><D5/><U51/><E51/><V20/><F115/><W98/><G126/><T79/><D111/><U97/><E97/><V59/><F104/><W133/><G133/><T40/><D38/><U23/><E9/><V70/><F70/><W31/><G31/><T80/><D80/><N who="1" m="47375" /><E78/><V123/><F123/><W100/><REACH who="3" step="1"/><G56/><REACH who="3" ten="270,304,206,210" step="2"/><T1/><D1/><U4/><E69/><V113/><F110/><W122/><G122/><T13/><D71/><U114/><E68/><V24/><F113/><W134/><G134/><T105/><D30/><U3/><E114/><V116/><F116/><W65/><G65/><T102/><D67/><U53/><E64/><V44/><F74/><W6/><G6/><T94/><D73/><U107/><E4/><V10/><F75/><W48/><G48/><T16/><D63/><U50/><E3/><V95/><F7/><W66/><G66/><T28/><D28/><U121/><E50/><V57/><F57/><W76/><G76/><T32/><D32/><U112/><E121/><V19/><F130/><W117/><G117/><T36/><D36/><U83/><E112/><V41/><F59/><W109/><G109/><T54/><D79/><U132/><E132/><V34/><F62/><W45/><G45/><T108/><D108/><U21/><E131/><V35/><F46/><W12/><G12/><T2/><D13/><N who="1" m="9423" /><E129/><V88/><F44/><RYUUKYOKU ba="1,1" sc="270,-10,304,-10,206,-10,210,30" hai3="15,17,25,26,27,47,49,52,85,87,98,100,106" /><INIT seed="3,2,1,4,1,105" ten="260,294,196,240" oya="3" hai0="63,32,1,66,114,94,22,21,55,135,18,19,79" hai1="60,128,99,100,69,23,74,26,103,134,93,77,126" hai2="130,31,34,123,87,73,4,84,12,97,109,119,13" hai3="39,104,82,98,11,41,45,37,67,62,28,17,107"/><W133/><G133/><T38/><D32/><U132/><E103/><V20/><F119/><W96/><G17/><T106/><D106/><U52/><E74/><V116/><F116/><W48/><G28/><T71/><D1/><U58/><E77/><V42/><F123/><W14/><G104/><T80/><D135/><N who="1" m="51755" /><E128/><V8/><F73/><W15/><G15/><T47/><D114/><U25/><E126/><V112/><F112/><W75/><G39/><T50/><D38/><U95/><E95/><V118/><F118/><W46/><G107/><T44/><D94/><U102/><E102/><V6/><F130/><W56/><G75/><T3/><D3/><U101/><E101/><V113/><F113/><W88/><G37/><T33/><D33/><U53/><E69/><V127/><F127/><W83/><G45/><T27/><D47/><U78/><E78/><V108/><F34/><W86/><G82/><T54/><D54/><N who="1" m="33879" /><E25/><N who="2" m="16807" /><F42/><W91/><G91/><T49/><D49/><U70/><E70/><V36/><F36/><W9/><G14/><T90/><D90/><U40/><E40/><V65/><F65/><W43/><G41/><T81/><D79/><U68/><E68/><V10/><F97/><AGARI ba="2,1" hai="9,11,43,46,48,56,62,67,83,86,88,96,97,98" machi="97" ten="40,3900,0" yaku="8,1,54,1" doraHai="105" who="3" fromWho="2" sc="260,0,294,0,196,-45,240,55" /><INIT seed="3,3,0,4,5,23" ten="260,294,151,295" oya="3" hai0="31,27,103,67,66,11,79,118,114,13,53,77,16" hai1="56,46,64,83,41,62,125,34,128,0,131,71,59" hai2="76,97,95,93,42,116,123,14,80,110,122,132,105" hai3="17,117,63,43,10,47,21,26,73,126,69,1,12"/><W37/><G117/><T29/><D118/><U22/><E34/><V120/><F116/><W61/><G126/><T102/><D114/><U87/><E0/><V4/><F42/><W48/><G1/><T107/><D107/><U135/><E22/><V60/><F60/><W58/><G73/><T82/><D53/><U19/><E19/><V38/><F38/><W57/><G37/><T40/><D40/><U9/><E9/><V72/><F4/><W39/><G39/><T89/><D89/><N who="1" m="51455" /><E125/><V15/><F15/><W35/><G35/><T68/><D68/><U32/><E32/><V30/><F14/><W121/><G121/><T65/><D31/><U51/><E135/><V130/><F30/><N who="3" m="17743" /><G69/><T20/><REACH who="0" step="1"/><D79/><REACH who="0" ten="250,294,151,295" step="2"/><U98/><E98/><V7/><F132/><W88/><G88/><T74/><AGARI ba="3,1" hai="11,13,16,20,27,29,65,66,67,74,77,82,102,103" machi="74" ten="30,12000,2" yaku="1,1,2,1,0,1,52,1,54,1,53,1" doraHai="23" doraHaiUra="5" who="0" fromWho="0" sc="250,139,294,-33,151,-33,295,-63" owari="389,49.0,261,6.0,118,-38.0,232,-17.0" /></mjloggm>