<mjloggm ver="2.3"><GO type="169" lobby="0"/><UN n0="%E5%AD%95%E3%81%BF%E5%B1%8B%E6%9C%AC%E8%88%97" n1="%E3%82%82%E3%83%BC%E3%82%8A%E3%83%BC" n2="%E4%B9%BE%E5%9D%A4%E5%8D%81%E4%BA%94%E6%93%B2" n3="%E6%9D%91%E6%9D%BE%E3%80%90%E6%9C%AC%E7%89%A9%E3%80%91" dan="16,16,16,16" rate="2127.09,2175.31,2121.20,2117.89" sx="F,M,M,M"/><TAIKYOKU oya="0"/><INIT seed="0,0,0,5,2,48" ten="250,250,250,250" oya="0" hai0="110,28,111,65,11,72,53,105,120,21,113,81,14" hai1="8,46,116,58,17,31,129,5,57,1,133,18,87" hai2="66,19,131,12,123,91,78,126,54,99,93,114,90" hai3="26,83,79,109,47,22,130,10,6,75,35,39,33"/><T41/><D113/><U36/><E116/><V71/><F123/><W55/><G130/><T104/><D120/><U92/><E129/><V34/><F34/><W3/><G109/><N who="0" m="41483" /><D65/><U30/><E133/><V69/><F114/><W44/><G44/><T108/><N who="0" m="41491" /><T27/><DORA hai="68" /><D41/><U77/><E30/><V62/><F126/><W118/><G118/><T56/><D81/><U106/><E31/><V63/><F131/><W85/><G85/><T59/><D59/><U0/><E0/><V64/><F78/><W16/><REACH who="3" step="1"/><G55/><REACH who="3" ten="250,250,250,240" step="2"/><T115/><D115/><U50/><E87/><V38/><F38/><W132/><G132/><T89/><D72/><U23/><E36/><V94/><F54/><W101/><G101/><T135/><D135/><U29/><E46/><V134/><F134/><W74/><G74/><T127/><D127/><U112/><E112/><V7/><F7/><W100/><G100/><T70/><D89/><U2/><E77/><V24/><F91/><W84/><G84/><T60/><D70/><U76/><E76/><V80/><F90/><W119/><G119/><T96/><D96/><U67/><E58/><V40/><F99/><W121/><G121/><T13/><D13/><U9/><E57/><V32/><F12/><W125/><G125/><T20/><D53/><U82/><E2/><V97/><F97/><W73/><G73/><T88/><D56/><U42/><E1/><V98/><F98/><W49/><G49/><T95/><D88/><U52/><E52/><V43/><F71/><W25/><G25/><T122/><D27/><U107/><E50/><RYUUKYOKU ba="0,1" sc="250,-10,250,-10,250,-10,240,30" hai3="3,6,10,16,22,26,33,35,39,47,75,79,83" /><INIT seed="1,1,1,5,0,86" ten="240,240,240,270" oya="1" hai0="4,20,29,49,64,45,46,71,69,122,17,35,31" hai1="65,7,127,100,33,52,51,58,116,90,70,32,92" hai2="98,39,125,36,84,109,72,117,77,53,124,19,30" hai3="38,114,123,14,8,26,104,82,48,97,133,40,120"/><U16/><E116/><V3/><F117/><W113/><G38/><T121/><D4/><U12/><E7/><V135/><F3/><W47/><G133/><T74/><D74/><U59/><E70/><N who="0" m="26633" /><D64/><U107/><E127/><N who="2" m="48715" /><F135/><W101/><G26/><T106/><D106/><U108/><E108/><V111/><F72/><W63/><G63/><T131/><D131/><U89/><E107/><V134/><F134/><W62/><G62/><T61/><D61/><N who="1" m="38079" /><E33/><V37/><F30/><N who="0" m="11274" /><D35/><U81/><E81/><N who="2" m="47151" /><F53/><W9/><G82/><T103/><D103/><U78/><E78/><V132/><F132/><W55/><G55/><T66/><D66/><U119/><E32/><V5/><F5/><W6/><REACH who="3" step="1"/><G8/><REACH who="3" ten="240,240,240,260" step="2"/><T44/><D20/><N who="1" m="11271" /><E119/><V129/><F39/><W105/><G105/><T102/><D49/><U83/><E83/><V85/><F37/><W41/><G41/><T126/><D126/><U15/><E15/><V94/><F36/><W54/><G54/><T1/><D1/><U2/><E2/><V0/><F0/><W34/><G34/><T10/><D10/><U28/><E28/><V96/><F129/><W18/><G18/><T128/><D128/><U87/><E100/><V60/><F19/><W95/><G95/><T112/><D17/><U42/><E42/><V88/><F60/><W91/><G91/><AGARI ba="1,2" hai="51,52,58,87,89,90,91,92" m="11271,38079" machi="91" ten="30,18000,2" yaku="25,1,8,1,52,3,54,2" doraHai="86" who="1" fromWho="3" sc="240,0,240,203,240,0,260,-183" /><INIT seed="1,2,0,3,4,76" ten="240,443,240,77" oya="1" hai0="64,60,114,87,56,118,128,16,116,81,43,86,45" hai1="44,123,129,1,24,50,20,11,42,46,62,112,29" hai2="134,77,54,109,97,79,48,120,66,58,89,117,131" hai3="95,30,9,135,25,70,133,35,104,122,84,90,52"/><U10/><E123/><V65/><F120/><W71/><G122/><T113/><D128/><U53/><E112/><V27/><F131/><W67/><G104/><T130/><D130/><U94/><E129/><V17/><F117/><W61/><G9/><T15/><D87/><U63/><E94/><V6/><F109/><W111/><G111/><T22/><D116/><U0/><E10/><V93/><F134/><W49/><REACH who="3" step="1"/><G70/><REACH who="3" ten="240,443,240,67" step="2"/><T83/><D118/><U85/><E11/><V74/><F6/><W115/><G115/><T98/><D98/><U13/><E0/><V99/><F74/><W119/><G119/><T100/><D100/><U38/><E1/><V102/><F77/><W32/><G32/><T37/><REACH who="0" step="1"/><D81/><REACH who="0" ten="230,443,240,67" step="2"/><U41/><E85/><V125/><F99/><W82/><G82/><T78/><AGARI ba="2,2" hai="15,16,22,37,43,45,56,60,64,78,83,86,113,114" machi="78" ten="20,12000,2" yaku="1,1,2,1,0,1,7,1,52,1,54,1,53,0" doraHai="76" doraHaiUra="96" who="0" fromWho="0" sc="230,146,443,-62,240,-32,67,-32" /><INIT seed="2,0,0,2,0,7" ten="376,381,208,35" oya="2" hai0="45,85,132,80,89,91,77,95,38,78,83,44,60" hai1="19,18,17,79,51,40,52,105,47,88,1,30,28" hai2="31,26,6,81,70,72,4,55,57,109,16,34,50" hai3="43,73,65,117,42,130,125,113,97,121,120,8,75"/><V58/><F70/><W59/><G117/><T29/><D132/><U104/><E1/><V64/><F109/><W108/><G108/><T5/><D38/><U9/><E79/><V119/><F119/><W49/><G125/><T112/><D112/><U11/><E105/><V62/><F72/><W63/><G130/><T84/><D29/><N who="1" m="11371" /><E104/><V71/><F81/><W32/><G32/><T67/><D5/><U96/><E40/><V35/><F35/><W87/><G113/><T68/><REACH who="0" step="1"/><D91/><REACH who="0" ten="366,381,208,35" step="2"/><U66/><E66/><V103/><F103/><W110/><G110/><T116/><D116/><U33/><E33/><V126/><F126/><W82/><G120/><T100/><D100/><U48/><E48/><V101/><F101/><W98/><G121/><T76/><D76/><U21/><E21/><V94/><F4/><W106/><G106/><T93/><D93/><AGARI ba="0,1" hai="9,11,17,18,19,47,51,52,88,93,96" m="11371" machi="93" ten="30,8000,1" yaku="8,1,52,2,54,2" doraHai="7" who="1" fromWho="0" sc="366,-80,381,90,208,0,35,0" /><INIT seed="3,0,0,5,4,128" ten="286,471,208,35" oya="3" hai0="71,121,59,111,103,95,113,5,115,57,33,43,76" hai1="54,19,27,79,88,13,3,123,129,120,7,77,45" hai2="51,61,2,50,97,126,101,130,10,20,102,132,73" hai3="96,16,81,42,47,86,109,66,53,58,52,40,38"/><W106/><G109/><T72/><D71/><U110/><E129/><V24/><F73/><W35/><G35/><T23/><D33/><U124/><E124/><V82/><F130/><W32/><G32/><T84/><D111/><U100/><E100/><V17/><F126/><W15/><G96/><T92/><D121/><U94/><E3/><V89/><F132/><W80/><G106/><T122/><D122/><U98/><E110/><V0/><F0/><W99/><G99/><T119/><D119/><U18/><E120/><V34/><F102/><W64/><G42/><T63/><D43/><U62/><E7/><V105/><F34/><W114/><G114/><T131/><D131/><U25/><E123/><V29/><F61/><W28/><G28/><T39/><D39/><U31/><E45/><V134/><F134/><W30/><G30/><T67/><D5/><U125/><E125/><V55/><F82/><W107/><G107/><T91/><D57/><N who="1" m="35127" /><E31/><V44/><F29/><W68/><G68/><T78/><D23/><N who="1" m="13567" /><E27/><V74/><F74/><W133/><G133/><T6/><D6/><U118/><E118/><V112/><F112/><N who="0" m="43082" /><D72/><U87/><E87/><V22/><F2/><W1/><G1/><T14/><D14/><U4/><E4/><V56/><F22/><AGARI ba="0,0" hai="13,18,22,77,79,88,94,98" m="13567,35127" machi="22" ten="30,3900,0" yaku="25,1,8,1,54,1" doraHai="128" who="1" fromWho="2" sc="286,0,471,39,208,-39,35,0" /><INIT seed="4,0,0,1,0,135" ten="286,510,169,35" oya="0" hai0="38,16,129,36,57,62,55,25,110,76,3,101,77" hai1="132,71,117,4,95,74,82,64,58,29,87,8,105" hai2="32,61,130,106,51,111,43,91,67,78,22,113,121" hai3="59,99,6,20,37,53,26,40,50,10,49,34,102"/><T28/><D129/><U73/><E105/><V128/><F121/><W85/><G34/><T39/><D3/><U9/><E71/><V94/><F106/><W17/><G37/><T11/><D110/><U108/><E132/><V13/><F32/><W12/><G85/><T109/><D109/><U86/><E29/><V127/><F111/><W2/><G2/><T69/><D69/><U60/><E9/><V90/><F78/><W47/><G99/><T54/><D101/><U33/><E33/><V131/><F113/><W88/><REACH who="3" step="1"/><G102/><REACH who="3" ten="286,510,169,25" step="2"/><T104/><D104/><U66/><E86/><N who="2" m="52567" /><F131/><W15/><G15/><T5/><D38/><U35/><E87/><V112/><F130/><W123/><G123/><T19/><D36/><U92/><E73/><V103/><F103/><W70/><G70/><T116/><D39/><U48/><E74/><V65/><F13/><W122/><G122/><T120/><D116/><U126/><E117/><V93/><F128/><W79/><G79/><T115/><D120/><U52/><E108/><V125/><F112/><W56/><G56/><N who="0" m="35095" /><D115/><U84/><E35/><V23/><F91/><AGARI ba="0,1" hai="6,10,12,17,20,26,40,47,49,50,53,59,88,91" machi="91" ten="40,5200,0" yaku="1,1,8,1,54,1,53,0" doraHai="135" doraHaiUra="31" who="3" fromWho="2" sc="286,0,510,0,169,-52,25,62" /><INIT seed="5,0,0,5,5,122" ten="286,510,117,87" oya="1" hai0="112,9,43,103,50,135,14,98,77,101,71,26,133" hai1="129,102,62,68,10,12,27,86,70,134,87,118,131" hai2="124,125,110,100,126,7,8,41,54,2,67,96,21" hai3="52,55,28,65,49,31,109,5,121,29,42,60,74"/><U93/><E118/><V6/><F41/><W22/><G74/><T58/><D71/><U82/><E134/><N who="0" m="51209" /><D112/><U119/><E119/><V34/><F34/><W130/><G121/><T4/><D77/><U81/><E27/><V25/><F67/><W18/><G130/><T63/><D98/><U80/><E62/><V72/><F72/><W97/><G5/><T85/><D85/><U51/><E51/><V17/><F7/><W66/><G109/><T0/><D14/><U53/><E53/><V57/><F57/><W15/><G42/><T104/><D104/><U128/><E10/><V90/><F90/><W76/><G76/><T92/><D92/><U46/><E46/><V37/><F37/><W24/><G15/><T132/><D132/><U94/><E12/><V78/><F78/><W23/><G23/><T40/><D26/><U107/><E68/><V91/><F91/><W99/><G55/><N who="0" m="34271" /><D43/><U113/><E70/><V38/><F54/><W1/><G1/><T19/><D19/><U127/><E113/><V95/><F38/><W59/><REACH who="3" step="1"/><G65/><REACH who="3" ten="286,510,117,77" step="2"/><T39/><D39/><U73/><E73/><V13/><F2/><W44/><AGARI ba="0,1" hai="18,22,24,28,29,31,44,49,52,59,60,66,97,99" machi="44" ten="30,8000,1" yaku="1,1,2,1,0,1,8,1,54,1,53,0" doraHai="122" doraHaiUra="106" who="3" fromWho="3" sc="286,-20,510,-40,117,-20,77,90" /><INIT seed="6,0,0,0,1,131" ten="266,470,97,167" oya="2" hai0="106,97,36,75,25,46,23,37,95,101,33,115,92" hai1="15,64,114,41,93,9,24,123,14,81,77,3,124" hai2="55,35,48,10,43,82,117,18,50,126,96,52,13" hai3="47,29,100,103,94,99,71,76,88,57,130,45,90"/><V5/><F117/><W91/><G71/><T30/><D75/><U112/><E124/><V32/><F126/><W20/><G130/><T2/><D2/><U7/><E64/><V68/><F68/><W111/><G111/><T134/><D134/><U125/><E125/><V1/><F96/><W65/><G76/><T40/><D115/><U132/><E132/><V66/><F66/><W127/><G100/><T28/><D37/><U31/><E93/><V0/><F0/><W80/><G80/><T58/><D58/><U79/><E79/><V78/><F1/><W8/><G8/><T60/><D60/><U17/><E41/><V135/><F135/><W129/><G129/><T72/><D72/><U113/><E123/><V27/><F35/><W42/><G42/><T89/><D89/><U54/><E54/><N who="2" m="20523" /><F32/><W56/><G56/><T84/><D84/><N who="1" m="48175" /><E17/><V12/><F43/><W120/><G120/><T104/><D104/><U59/><E59/><V87/><F27/><N who="3" m="16615" /><G127/><T122/><D122/><U62/><E62/><AGARI ba="0,0" hai="45,47,57,62,65,88,90,91,94,99,103" m="16615" machi="62" ten="30,3900,0" yaku="25,1,8,1,54,1" doraHai="131" who="3" fromWho="1" sc="266,0,470,-39,97,0,167,39" /><INIT seed="7,0,0,1,1,57" ten="266,431,97,206" oya="3" hai0="88,125,52,135,19,50,24,77,87,78,96,83,63" hai1="91,41,118,12,14,126,108,18,53,44,23,42,26" hai2="11,116,36,105,71,121,21,81,122,86,99,6,70" hai3="127,5,49,74,28,73,47,120,30,29,82,51,35"/><W0/><G120/><T110/><D110/><U103/><E108/><V40/><F116/><W94/><G35/><T72/><D135/><U124/><E103/><V95/><F105/><W10/><G127/><T59/><D125/><N who="1" m="48235" /><E118/><V38/><F71/><W9/><G94/><T13/><D72/><U7/><E91/><V100/><F70/><W92/><G92/><T93/><D24/><U130/><E130/><V79/><F21/><W101/><G101/><T22/><REACH who="0" step="1"/><D50/><REACH who="0" ten="256,431,97,206" step="2"/><N who="1" m="28871" /><E26/><V27/><F27/><W97/><G97/><T32/><D32/><U25/><E25/><V133/><F133/><W123/><G123/><T46/><D46/><U113/><E113/><V15/><F122/><W34/><G34/><T8/><D8/><AGARI ba="0,1" hai="7,8,12,14,18,23,41,42" m="28871,48235" machi="8" ten="30,1000,0" yaku="18,1" doraHai="57" who="1" fromWho="0" sc="256,-10,431,20,97,0,206,0" owari="246,5.0,451,54.0,97,-40.0,206,-19.0" /></mjloggm>