<mjloggm ver="2.3"><GO type="225" lobby="0"/><UN n0="%E9%88%B4%E4%B8%B8" n1="%E8%87%AA%E7%A7%B0%E6%9C%80%E5%BC%B7%E9%9B%80%E5%A3%AB%EF%BC%93" n2="%E8%91%B5%E3%81%A1%E3%82%83%E3%82%93" n3="%E5%B7%A5%E8%97%A4%E6%96%B0%E4%B8%80" dan="17,16,16,16" rate="2187.33,2135.55,2142.97,2101.44" sx="M,M,F,M"/><TAIKYOKU oya="0"/><INIT seed="0,0,0,5,2,68" ten="250,250,250,250" oya="0" hai0="66,51,107,124,119,99,87,113,15,30,8,55,45" hai1="126,46,128,71,118,10,122,102,34,48,17,110,5" hai2="90,44,3,2,25,109,112,79,24,50,85,123,62" hai3="131,116,115,16,67,0,4,38,84,18,11,93,73"/><T41/><D113/><U23/><E118/><V101/><F112/><W60/><G115/><T28/><D119/><U69/><E34/><V127/><F123/><W83/><G116/><T92/><D124/><U32/><E32/><V36/><F127/><W47/><G131/><T6/><D66/><U129/><E122/><V86/><F101/><W88/><G73/><T111/><D107/><U42/><E110/><V106/><F106/><W77/><G77/><T78/><D55/><U94/><E126/><V105/><F105/><W61/><G83/><N who="0" m="47607" /><D111/><U43/><E43/><V27/><F62/><W95/><G95/><T121/><D121/><U9/><E9/><V33/><F33/><W72/><G72/><T108/><D108/><U97/><E128/><V120/><F120/><W104/><G104/><T82/><D82/><U117/><E117/><V57/><F57/><W103/><G103/><AGARI ba="0,0" hai="6,8,15,28,30,41,45,51,92,99,103" m="47607" machi="103" ten="30,2900,0" yaku="25,1,8,1" doraHai="68" who="0" fromWho="3" sc="250,29,250,0,250,0,250,-29" /><INIT seed="0,1,0,2,3,44" ten="279,250,250,221" oya="0" hai0="61,4,31,111,113,105,85,80,66,88,93,106,127" hai1="55,98,73,71,114,78,2,17,77,43,74,3,8" hai2="79,18,59,129,32,10,57,24,46,110,36,19,1" hai3="51,12,134,28,76,58,119,135,63,40,83,39,11"/><T5/><D113/><U102/><E114/><V70/><F70/><W81/><G119/><T7/><D127/><U56/><E71/><V125/><F125/><W25/><G39/><T123/><D123/><U131/><E43/><V115/><F115/><W62/><G40/><T133/><D133/><N who="3" m="50697" /><G51/><T104/><D31/><U97/><E131/><V89/><F46/><W52/><G62/><T29/><D29/><U37/><E37/><V50/><F59/><W122/><G76/><T82/><REACH who="0" step="1"/><D111/><REACH who="0" ten="269,250,250,221" step="2"/><U120/><E120/><V132/><F110/><W91/><G122/><T65/><D65/><U99/><E102/><V41/><F132/><W94/><G28/><T42/><D42/><U16/><E74/><V124/><F41/><W128/><G128/><T92/><D92/><U107/><E73/><V21/><F124/><W112/><G112/><T54/><D54/><U22/><E107/><V45/><F129/><W35/><G35/><T108/><D108/><U103/><E103/><V53/><F32/><W0/><G94/><T68/><AGARI ba="1,1" hai="4,5,7,61,66,68,80,82,85,88,93,104,105,106" machi="68" ten="40,7800,0" yaku="1,1,0,1,54,1,53,0" doraHai="44" doraHaiUra="69" who="0" fromWho="0" sc="269,91,250,-27,250,-27,221,-27" /><INIT seed="0,2,0,3,2,35" ten="360,223,223,194" oya="0" hai0="60,101,36,20,128,31,86,48,122,123,29,75,99" hai1="73,4,83,53,72,68,93,124,82,103,9,5,134" hai2="14,95,133,117,130,84,11,62,81,135,59,7,105" hai3="98,94,2,16,17,91,63,102,12,40,110,111,30"/><T69/><D75/><U88/><E68/><V74/><F105/><W118/><G118/><T78/><D36/><U1/><E124/><V52/><F117/><W77/><G2/><T41/><D128/><U49/><E134/><N who="2" m="51211" /><F130/><W112/><G112/><T56/><D69/><U37/><E103/><V70/><F70/><W89/><G77/><T58/><D123/><U119/><E119/><V51/><F95/><W76/><G76/><T96/><D96/><U116/><E116/><V79/><F62/><W100/><G30/><T127/><D127/><U15/><E37/><V23/><F23/><W120/><G120/><T47/><D58/><U67/><E67/><V121/><F121/><W66/><G40/><T6/><D6/><U25/><E25/><V38/><F38/><W46/><G46/><T131/><D131/><U87/><E73/><AGARI ba="2,0" hai="7,11,14,51,52,59,73,74,79,81,84" m="51211" machi="73" ten="30,2000,0" yaku="20,1,54,1" doraHai="35" who="2" fromWho="1" sc="360,0,223,-26,223,26,194,0" /><INIT seed="1,0,0,0,0,98" ten="360,197,249,194" oya="1" hai0="19,39,76,91,52,75,122,96,71,72,126,124,4" hai1="28,127,5,37,58,54,10,24,64,21,31,13,18" hai2="79,130,60,3,103,66,120,55,38,83,128,20,27" hai3="61,80,133,34,14,106,48,132,94,67,68,41,86"/><U43/><E127/><V131/><F120/><W73/><G106/><T111/><D111/><U35/><E64/><V30/><F38/><W50/><G34/><T53/><D39/><U117/><E117/><V2/><F55/><N who="0" m="21066" /><D71/><U33/><E31/><V87/><REACH who="2" step="1"/><F103/><REACH who="2" ten="360,197,239,194" step="2"/><W42/><G132/><T1/><D122/><U97/><E97/><V7/><F7/><W47/><G133/><T17/><D4/><U6/><E6/><V22/><F22/><W29/><G41/><T115/><D1/><U123/><E123/><V77/><F77/><W109/><G42/><T62/><D76/><U134/><E134/><V11/><F11/><W101/><G101/><T51/><D51/><U40/><E37/><V89/><F89/><W46/><G48/><T92/><D62/><U15/><E35/><V0/><F0/><W12/><G50/><AGARI ba="0,1" hai="5,10,13,15,18,21,24,28,33,40,43,50,54,58" machi="50" ten="30,1500,0" yaku="7,1" doraHai="98" who="1" fromWho="3" sc="360,0,197,25,239,0,194,-15" /><INIT seed="1,1,0,5,0,49" ten="360,222,239,179" oya="1" hai0="46,35,75,135,6,96,116,40,109,120,52,12,39" hai1="95,118,31,130,103,56,92,24,68,25,30,26,115" hai2="10,2,44,15,63,86,124,37,7,67,113,23,82" hai3="33,129,17,42,117,122,107,119,126,22,71,38,73"/><U21/><E118/><N who="3" m="45066" /><G122/><T70/><D116/><U102/><E115/><V89/><F113/><W9/><G129/><T0/><D0/><U48/><E68/><V65/><F124/><W127/><G107/><T61/><D35/><U110/><E130/><V54/><F23/><W4/><G33/><T32/><D32/><U8/><E8/><V128/><F128/><W13/><G73/><T5/><D75/><U16/><E110/><V58/><REACH who="2" step="1"/><F2/><REACH who="2" ten="360,222,229,179" step="2"/><N who="3" m="151" /><G71/><T81/><D70/><U76/><E31/><V3/><F3/><W36/><G42/><AGARI ba="1,1" hai="7,10,15,37,42,44,54,58,63,65,67,82,86,89" machi="42" ten="40,2600,0" yaku="1,1,52,1,53,0" doraHai="49" doraHaiUra="133" who="2" fromWho="3" sc="360,0,222,0,229,39,179,-29" /><INIT seed="2,0,0,5,2,101" ten="360,222,268,150" oya="2" hai0="26,65,128,11,47,51,6,22,31,61,33,99,49" hai1="10,36,63,118,111,13,90,115,75,28,108,38,57" hai2="84,119,74,71,66,14,125,82,42,79,135,25,62" hai3="81,41,86,89,17,120,64,93,48,126,5,56,60"/><V88/><F119/><W129/><G129/><T43/><D128/><U85/><E115/><V73/><F125/><W114/><G126/><T20/><D49/><U24/><E75/><V133/><F42/><W105/><G114/><T50/><D50/><U127/><E118/><V35/><F14/><W131/><G131/><T44/><D99/><U58/><E127/><V106/><F106/><W121/><G105/><T132/><D132/><N who="2" m="50762" /><F79/><W19/><G5/><T7/><D7/><U55/><E58/><V78/><F78/><W3/><G3/><T21/><D44/><U68/><E68/><V96/><F96/><W107/><G107/><T77/><D77/><U29/><E29/><AGARI ba="0,0" hai="25,29,35,62,66,71,73,74,82,84,88" m="50762" machi="29" ten="30,2900,0" yaku="20,1,54,1" doraHai="101" who="2" fromWho="1" sc="360,0,222,-29,268,29,150,0" /><INIT seed="2,1,0,4,1,92" ten="360,193,297,150" oya="2" hai0="13,110,113,59,53,91,105,16,104,90,46,95,64" hai1="132,100,131,70,28,2,87,82,6,124,127,9,63" hai2="135,128,111,93,125,74,115,78,32,97,1,12,118" hai3="114,75,133,45,86,126,120,130,42,65,19,3,101"/><V61/><RYUUKYOKU type="yao9" ba="1,0" sc="360,0,193,0,297,0,150,0" hai2="1,12,32,61,74,78,93,97,111,115,118,125,128,135" /><INIT seed="2,2,0,0,0,30" ten="360,193,297,150" oya="2" hai0="11,78,35,82,135,89,103,76,60,15,120,46,33" hai1="67,121,77,22,117,96,123,111,8,84,126,108,0" hai2="104,62,9,86,112,57,100,16,24,88,20,110,27" hai3="119,132,43,51,75,79,4,65,34,58,50,31,25"/><V73/><F112/><W49/><G132/><T125/><D120/><N who="1" m="46155" /><E67/><V28/><F73/><W61/><G119/><T36/><D103/><U55/><E55/><V122/><F122/><W118/><G118/><T13/><D13/><U38/><E38/><V128/><F128/><W48/><G4/><T6/><D125/><U131/><E117/><V116/><F116/><W72/><N who="3" m="12288" /><DORA hai="124" /><W101/><G101/><T102/><D102/><U93/><E131/><V69/><F69/><W68/><G43/><T83/><D60/><U98/><E22/><N who="2" m="15383" /><F100/><W105/><G105/><T66/><D66/><U39/><E39/><V59/><F110/><N who="1" m="42025" /><E126/><V97/><F97/><W23/><G23/><T47/><D135/><U70/><E70/><V92/><F104/><W81/><REACH who="3" step="1"/><G68/><REACH who="3" ten="360,193,297,140" step="2"/><T87/><D36/><U32/><E32/><V115/><F115/><W29/><G29/><T99/><D35/><U90/><E77/><V1/><F1/><W5/><G5/><AGARI ba="2,1" hai="0,5,8,84,90,93,96,98" m="42025,46155" machi="5" ten="30,2000,0" yaku="13,1,14,1" doraHai="30,124" who="1" fromWho="3" sc="360,0,193,36,297,0,140,-26" /><INIT seed="3,0,0,4,3,84" ten="360,229,297,114" oya="3" hai0="71,102,15,35,99,11,96,117,107,90,112,31,45" hai1="61,6,74,122,58,133,127,130,50,69,12,48,42" hai2="106,132,14,36,123,100,94,29,16,88,46,65,32" hai3="66,62,110,111,19,103,113,41,121,116,3,38,30"/><W98/><G113/><T129/><D117/><U25/><E74/><V1/><F1/><W134/><G116/><T64/><D129/><U75/><E75/><V87/><F65/><W55/><G121/><T77/><D77/><U119/><E122/><V57/><F123/><W109/><G134/><T5/><D112/><U13/><E119/><V60/><F132/><W9/><G30/><T33/><D31/><U44/><E130/><V53/><F106/><N who="3" m="63863" /><G55/><T135/><D135/><U80/><E127/><V91/><F32/><W105/><G105/><T85/><D96/><U43/><E69/><V120/><F29/><W92/><G92/><T83/><D45/><U82/><E133/><V76/><F100/><W93/><G93/><T125/><D125/><U131/><E131/><V37/><F46/><N who="3" m="23863" /><G19/><T72/><D72/><U67/><E25/><V23/><F120/><W22/><G22/><T78/><D78/><U115/><E115/><V20/><F76/><W128/><G128/><T126/><D126/><U108/><E108/><V59/><F23/><W40/><G40/><T89/><D89/><U101/><E101/><V27/><F59/><N who="3" m="37215" /><G9/><T104/><D104/><U18/><E18/><V114/><F114/><W51/><G51/><T24/><D24/><U10/><E13/><V70/><F70/><W0/><AGARI ba="0,0" hai="0,3,109,110,111" m="37215,23863,63863" machi="0" ten="40,3900,0" yaku="14,1,10,1" doraHai="84" who="3" fromWho="3" sc="360,-13,229,-13,297,-13,114,39" /><INIT seed="3,1,0,5,4,7" ten="347,216,284,153" oya="3" hai0="35,0,59,13,93,60,25,103,99,12,21,3,66" hai1="94,83,39,95,84,1,87,68,43,82,27,114,2" hai2="104,52,76,15,115,17,33,41,78,80,64,127,8" hai3="4,9,54,79,113,24,75,73,96,62,90,29,46"/><W5/><G113/><T124/><D124/><U67/><E114/><V34/><F115/><W49/><G62/><T71/><D35/><U44/><E68/><V63/><F104/><W58/><G46/><T55/><D0/><U108/><E67/><V31/><F127/><W77/><G75/><T133/><D3/><U23/><E108/><V45/><F31/><W106/><G73/><T118/><D133/><U98/><E2/><V120/><F120/><W89/><G106/><T53/><D118/><U107/><E107/><V61/><F61/><W30/><G4/><T112/><D112/><U121/><E1/><V92/><F92/><N who="3" m="56335" /><G90/><T85/><D85/><U11/><E121/><V28/><F80/><W37/><G37/><T110/><D110/><U132/><E132/><V134/><F134/><W135/><G135/><T91/><D91/><U117/><E117/><V97/><F97/><W16/><G5/><T122/><D122/><U14/><E83/><V72/><F72/><W100/><G100/><T51/><D53/><U69/><E69/><V105/><F105/><W131/><G131/><T125/><D125/><U22/><E82/><V129/><F129/><W123/><G123/><T70/><D70/><U6/><E95/><V56/><F64/><W126/><G126/><T19/><AGARI ba="1,0" hai="12,13,19,21,25,51,55,59,60,66,71,93,99,103" machi="19" ten="20,1500,0" yaku="0,1,7,1" doraHai="7" who="0" fromWho="0" sc="347,18,216,-5,284,-5,153,-8" owari="365,46.0,211,-19.0,279,8.0,145,-35.0" /></mjloggm>