<mjloggm ver="2.3"><GO type="169" lobby="0"/><UN n0="%E4%B8%AD%E5%8D%92%E3%81%AE%E9%AB%98%E6%A9%8B" n1="%E3%81%B5%E3%81%96%E3%81%91%E3%82%8B%E3%83%9F%EF%BC%81" n2="%E3%81%8B%E3%81%A5%E3%81%8D%EF%BC%B8%EF%BC%A9" n3="%E9%81%8A%E3%81%B3%E5%BF%83" dan="16,17,16,18" rate="2118.05,2102.67,2130.46,2201.73" sx="M,M,M,M"/><TAIKYOKU oya="0"/><INIT seed="0,0,0,2,0,8" ten="250,250,250,250" oya="0" hai0="63,90,30,135,64,55,48,71,76,99,88,44,83" hai1="53,98,111,12,75,66,42,73,80,18,26,122,78" hai2="2,127,6,58,51,94,49,65,23,16,108,131,112" hai3="79,97,31,110,70,24,74,40,105,35,67,95,81"/><T29/><D135/><U123/><E111/><V19/><F108/><W7/><G110/><T43/><D43/><U85/><E66/><V106/><F106/><W62/><G40/><T9/><D9/><U117/><E117/><V77/><F112/><W91/><G7/><T0/><D0/><U72/><E26/><V14/><F127/><W59/><REACH who="3" step="1"/><G105/><REACH who="3" ten="250,250,250,240" step="2"/><T96/><D96/><U107/><E42/><V33/><F131/><W118/><G118/><T128/><D128/><U86/><E98/><V121/><F121/><W100/><G100/><T69/><D69/><AGARI ba="0,1" hai="24,31,35,59,62,67,69,70,74,79,81,91,95,97" machi="69" ten="40,1300,0" yaku="1,1,53,0" doraHai="8" doraHaiUra="68" who="3" fromWho="0" sc="250,-13,250,0,250,0,240,23" /><INIT seed="1,0,0,1,2,87" ten="237,250,250,263" oya="1" hai0="134,72,111,29,132,42,108,69,32,82,109,81,45" hai1="133,130,52,30,112,59,27,75,39,80,28,15,44" hai2="11,68,0,57,74,116,90,99,76,16,118,5,70" hai3="129,14,3,122,120,78,41,8,21,2,37,4,63"/><U71/><E112/><V106/><F57/><W47/><G129/><T104/><D104/><U58/><E71/><V13/><F76/><W7/><G63/><T54/><D54/><U85/><E75/><V102/><F74/><W86/><G78/><T20/><D20/><U77/><E130/><V26/><F26/><W38/><G37/><N who="0" m="21711" /><D72/><U31/><E133/><N who="0" m="51305" /><D69/><U83/><E83/><N who="0" m="31753" /><D29/><U73/><E73/><V61/><F70/><W103/><G21/><T9/><D9/><U25/><E39/><V113/><F113/><W101/><G8/><T43/><D32/><U105/><E105/><V1/><F1/><W125/><G38/><T34/><D34/><U128/><E128/><V131/><F131/><W36/><G36/><T124/><D43/><U18/><E44/><V6/><F6/><W79/><G41/><T96/><D96/><U84/><E84/><V115/><F115/><W62/><G4/><T65/><D65/><U49/><E59/><V93/><F68/><W19/><G7/><T135/><N who="0" m="51313" /><T110/><N who="0" m="27648" /><DORA hai="33" /><DORA hai="48" /><T92/><D92/><U67/><E67/><V12/><F61/><W126/><G62/><T95/><D95/><U123/><E123/><V64/><F64/><W23/><G86/><T88/><D124/><U100/><E100/><V56/><F56/><W98/><G101/><T51/><D51/><U46/><E58/><V117/><REACH who="2" step="1"/><F16/><REACH who="2" ten="237,250,240,263" step="2"/><W119/><G19/><T24/><D24/><U22/><AGARI ba="0,1" hai="15,18,22,25,27,28,30,31,46,49,52,77,80,85" machi="22" ten="30,11700,0" yaku="0,1,8,1,52,1,54,1" doraHai="87,33,48" who="1" fromWho="1" sc="237,-39,250,127,240,-39,263,-39" /><INIT seed="1,1,0,3,3,101" ten="198,377,201,224" oya="1" hai0="53,59,113,75,76,47,45,19,40,73,103,44,52" hai1="50,51,62,29,89,36,22,88,108,32,96,48,109" hai2="60,117,68,42,55,102,38,129,33,15,26,90,6" hai3="78,131,1,112,121,122,106,126,105,135,134,125,115"/><U95/><E36/><V28/><F117/><W20/><G1/><T120/><D113/><N who="3" m="43593" /><G20/><T98/><D120/><N who="3" m="46185" /><G78/><T12/><D40/><U31/><E32/><V14/><F129/><W82/><G82/><T11/><D76/><U57/><E89/><V123/><F123/><W85/><G85/><T66/><D66/><N who="1" m="39247" /><E22/><V111/><F111/><AGARI ba="1,0" hai="29,31,48,50,51,88,95,96,108,109,111" m="39247" machi="111" ten="30,5800,0" yaku="14,1,10,1,54,1" doraHai="101" who="1" fromWho="2" sc="198,0,377,61,201,-61,224,0" /><INIT seed="1,2,0,4,5,128" ten="198,438,140,224" oya="1" hai0="91,100,84,30,111,71,72,99,61,65,35,102,133" hai1="131,64,10,104,74,132,115,59,39,89,105,27,92" hai2="106,19,117,22,50,48,79,88,86,82,101,5,76" hai3="44,40,66,126,97,110,41,103,52,134,123,56,32"/><U29/><E115/><V90/><F5/><W68/><G32/><T6/><D72/><U125/><E39/><V23/><F117/><W36/><G97/><T1/><D111/><U108/><E74/><V26/><F106/><W122/><G103/><T70/><D70/><U85/><E131/><V11/><F101/><W42/><G110/><T17/><D17/><U34/><E108/><V121/><F121/><N who="3" m="46091" /><G126/><T7/><D1/><U107/><E125/><V12/><F23/><W83/><G83/><T135/><D102/><U118/><E118/><V49/><REACH who="2" step="1"/><F79/><REACH who="2" ten="198,438,130,224" step="2"/><W127/><G127/><T46/><D46/><U129/><E129/><V63/><F63/><N who="3" m="40031" /><G134/><N who="0" m="51211" /><D35/><U0/><E132/><V16/><AGARI ba="2,1" hai="11,12,16,19,22,26,48,49,50,76,82,86,88,90" machi="16" ten="30,8000,1" yaku="1,1,0,1,8,1,54,2,53,0" doraHai="128" doraHaiUra="98" who="2" fromWho="2" sc="198,-22,438,-42,130,96,224,-22" /><INIT seed="2,0,0,4,3,120" ten="176,396,226,202" oya="2" hai0="41,7,68,38,45,52,119,96,80,130,134,75,132" hai1="128,32,59,76,4,48,118,30,35,66,73,85,25" hai2="103,53,110,92,27,6,133,54,86,125,60,87,17" hai3="49,89,99,122,121,51,84,71,105,116,2,109,57"/><V111/><F133/><N who="0" m="51306" /><D7/><U65/><E118/><V5/><F125/><W93/><G71/><T129/><D96/><U108/><E73/><V72/><F72/><W112/><G2/><T8/><D8/><U123/><E35/><V56/><F54/><W62/><G112/><T11/><D11/><U29/><E29/><V19/><F6/><W113/><G113/><T42/><D80/><U114/><E4/><V100/><F5/><W67/><G116/><T102/><D102/><N who="2" m="38954" /><F92/><W21/><G105/><T95/><D95/><U98/><E123/><V37/><F37/><W83/><G121/><T91/><D91/><U64/><E114/><V90/><F90/><W43/><G43/><N who="0" m="22775" /><D75/><U131/><E131/><N who="0" m="50185" /><D119/><U28/><E128/><V124/><F124/><W117/><G117/><T23/><D23/><U18/><E32/><V88/><F27/><W58/><G21/><T24/><D24/><U55/><E25/><V63/><F19/><W106/><G93/><T97/><D97/><U104/><E18/><V31/><F17/><W12/><G89/><T39/><D39/><U77/><E98/><V40/><F31/><W127/><G99/><T20/><D20/><U46/><E28/><V94/><F87/><W126/><G84/><T36/><D36/><U10/><E30/><V50/><F40/><N who="0" m="15466" /><D52/><N who="1" m="29719" /><E85/><V101/><N who="2" m="38962" /><V135/><DORA hai="0" /><F135/><W44/><G122/><T107/><D107/><U14/><E104/><V47/><F47/><W16/><G127/><T69/><AGARI ba="0,0" hai="68,69" m="15466,50185,22775,51306" machi="69" ten="40,8000,1" yaku="20,1,19,1,34,2" doraHai="120,0" who="0" fromWho="0" sc="176,80,396,-20,226,-40,202,-20" /><INIT seed="3,0,0,1,3,45" ten="256,376,186,182" oya="3" hai0="72,73,134,1,9,81,127,118,98,63,58,91,70" hai1="42,27,96,128,92,62,54,104,65,28,133,22,51" hai2="13,25,16,119,55,7,122,53,18,32,82,33,84" hai3="90,75,94,48,79,100,43,88,86,68,31,112,4"/><W50/><G112/><T19/><D118/><U17/><E133/><V74/><F74/><W26/><G68/><T76/><D134/><U38/><E128/><V129/><F129/><W35/><G43/><T46/><D70/><U36/><E104/><V89/><F119/><W105/><G4/><T40/><D127/><U130/><E130/><V52/><F122/><W116/><G116/><T34/><D34/><U59/><E17/><V125/><F125/><W124/><G90/><T30/><D30/><U132/><E132/><V135/><F135/><W115/><G115/><T126/><D73/><U120/><E42/><V2/><F2/><W113/><G113/><T21/><D126/><U3/><E3/><V80/><F80/><N who="3" m="45183" /><G124/><T41/><D9/><U60/><E60/><V29/><REACH who="2" step="1"/><F33/><REACH who="2" ten="256,376,176,182" step="2"/><W87/><G87/><T121/><D1/><U101/><E120/><V14/><F14/><W44/><G44/><AGARI ba="0,1" hai="22,27,28,36,38,44,51,54,59,62,65,92,96,101" machi="44" ten="30,7700,0" yaku="7,1,25,2,52,1" doraHai="45" who="1" fromWho="3" sc="256,0,376,87,176,0,182,-77" /><INIT seed="4,0,0,5,3,18" ten="256,463,176,105" oya="0" hai0="72,60,35,124,44,3,75,70,105,73,9,10,120" hai1="5,93,132,15,111,33,19,2,129,107,6,77,110" hai2="118,94,97,57,22,87,71,25,65,127,80,112,67" hai3="55,27,78,14,40,90,130,85,131,32,28,39,1"/><T37/><D120/><U41/><E107/><V66/><F112/><W86/><G1/><T104/><D124/><U89/><E33/><V31/><F127/><W48/><G40/><N who="0" m="22543" /><D10/><U133/><E77/><V51/><F71/><W100/><G39/><T21/><D21/><N who="1" m="11519" /><E41/><V30/><F30/><W122/><G100/><T123/><D35/><U54/><E54/><V116/><F116/><W103/><G103/><T26/><D26/><U49/><E49/><V113/><F113/><W36/><G36/><T135/><D135/><N who="1" m="51787" /><E129/><V11/><F11/><W119/><G119/><T134/><D134/><U59/><E59/><V79/><F118/><W76/><G122/><T84/><D123/><U69/><E69/><V121/><F121/><W29/><G14/><T83/><D83/><U95/><E95/><V64/><F51/><W58/><G29/><T92/><D92/><U102/><E102/><N who="2" m="60727" /><F67/><W88/><G130/><T128/><D128/><U45/><E45/><V125/><F125/><W99/><G131/><T8/><D104/><U0/><E0/><V91/><F79/><W61/><G48/><T62/><D105/><U109/><E2/><V20/><F20/><W96/><G78/><T47/><D47/><U53/><E53/><V115/><F115/><W82/><REACH who="3" step="1"/><G76/><REACH who="3" ten="256,463,176,95" step="2"/><T106/><D3/><U24/><E24/><V46/><F46/><W12/><G12/><T117/><D117/><U108/><E108/><V81/><F57/><W4/><G4/><T23/><D75/><U13/><E13/><V38/><F38/><W16/><G16/><T101/><D73/><U63/><E110/><RYUUKYOKU ba="0,1" sc="256,-15,463,-15,176,15,95,15" hai2="22,25,31,64,65,66,80,81,87,91" hai3="27,28,32,55,58,61,82,85,86,88,90,96,99" /><INIT seed="5,1,1,1,3,100" ten="241,448,191,110" oya="1" hai0="63,120,106,40,85,9,70,32,11,99,72,91,64" hai1="43,102,66,5,69,105,90,14,113,27,22,119,122" hai2="115,75,110,4,45,104,52,16,108,93,6,97,35" hai3="28,47,23,117,132,58,116,55,112,71,81,84,73"/><U134/><E113/><V86/><F75/><W107/><G71/><T92/><D40/><U2/><E119/><N who="3" m="45642" /><G73/><T98/><D98/><U76/><E76/><V34/><F115/><W7/><G112/><T103/><D120/><U53/><E2/><V19/><F35/><W79/><G132/><T56/><D56/><U131/><E43/><V41/><F34/><W20/><G7/><T31/><REACH who="0" step="1"/><D72/><REACH who="0" ten="231,448,191,110" step="2"/><U59/><E122/><V15/><F97/><W1/><G47/><T29/><D29/><U60/><E59/><V57/><F45/><W89/><G28/><T124/><D124/><U68/><E68/><V26/><F41/><W39/><G39/><T38/><D38/><U37/><E37/><V114/><F114/><W109/><G109/><T3/><D3/><U46/><E69/><V33/><F110/><W78/><G1/><T25/><AGARI ba="1,2" hai="9,11,25,31,32,63,64,70,85,91,92,99,103,106" machi="25" ten="30,8000,1" yaku="1,1,0,1,25,2,52,1,53,0" doraHai="100" doraHaiUra="126" who="0" fromWho="0" sc="231,103,448,-41,191,-21,110,-21" /><INIT seed="6,0,0,1,3,20" ten="334,407,170,89" oya="2" hai0="45,117,32,126,83,29,88,79,100,68,85,49,130" hai1="30,128,53,4,89,113,50,87,31,5,39,23,98" hai2="121,131,36,106,1,95,38,97,41,46,33,42,75" hai3="54,44,40,84,22,34,109,70,129,90,94,134,122"/><V25/><F121/><W9/><G34/><T0/><D68/><U56/><E39/><V135/><F135/><W119/><G134/><T13/><D0/><U37/><E37/><V99/><F131/><W92/><G129/><T115/><D130/><U51/><E128/><V19/><F1/><W10/><G119/><T67/><D67/><U69/><E69/><V16/><F75/><W76/><G109/><T120/><D115/><U65/><E65/><V17/><F106/><W27/><G122/><T12/><D126/><U108/><E108/><V116/><F116/><W102/><G70/><T21/><D32/><U57/><E98/><V86/><F86/><W71/><G71/><T125/><D100/><U59/><E113/><V66/><F66/><W114/><G114/><T78/><D125/><U35/><E35/><V111/><F111/><W18/><G54/><T6/><D120/><U48/><E53/><V7/><F7/><N who="1" m="2633" /><E23/><V80/><F80/><AGARI ba="0,0" hai="30,31,48,50,51,56,57,59,80,87,89" m="2633" machi="80" ten="30,1000,0" yaku="8,1" doraHai="20" who="1" fromWho="2" sc="334,0,407,10,170,-10,89,0" /><INIT seed="7,0,0,4,2,73" ten="334,417,160,89" oya="3" hai0="36,4,14,0,34,23,80,57,8,49,18,90,5" hai1="89,87,68,85,116,108,100,76,21,32,60,41,121" hai2="71,37,124,45,82,3,26,110,128,88,58,24,103" hai3="79,81,102,15,54,112,40,27,51,7,28,11,25"/><W66/><G112/><T9/><D36/><U38/><E32/><V91/><F3/><W47/><G102/><T1/><D57/><U123/><E100/><V42/><F71/><W94/><G94/><T104/><D104/><U75/><E87/><V93/><F110/><W19/><G66/><T97/><D49/><U95/><E108/><V72/><F124/><W74/><G25/><T50/><D50/><U64/><E116/><V20/><F128/><W62/><G62/><T55/><D55/><U117/><E117/><V78/><F58/><W10/><G10/><N who="0" m="2319" /><D90/><U12/><E41/><V2/><F2/><W111/><G111/><T22/><D80/><U126/><E126/><V133/><F133/><W83/><G83/><T6/><D97/><U63/><E38/><V30/><REACH who="2" step="1"/><F26/><REACH who="2" ten="334,417,150,89" step="2"/><W67/><G67/><T39/><D39/><U127/><E68/><V84/><F84/><W119/><G119/><T46/><D46/><U98/><E63/><V17/><F17/><W106/><G106/><T101/><D101/><U92/><E127/><V33/><F33/><W130/><G130/><T52/><D34/><U105/><E105/><V31/><F31/><W70/><G70/><T48/><D48/><U29/><E64/><V59/><F59/><W120/><G120/><T86/><D86/><U109/><E89/><V61/><F61/><W16/><G40/><T132/><D132/><U65/><E92/><V113/><F113/><W118/><G118/><T135/><D135/><U131/><E98/><AGARI ba="0,1" hai="20,24,30,37,42,45,72,78,82,88,91,93,98,103" machi="98" ten="40,5200,0" yaku="1,1,52,1,54,1,53,0" doraHai="73" doraHaiUra="125" who="2" fromWho="1" sc="334,0,417,-52,150,62,89,0" owari="334,13.0,365,47.0,212,-19.0,89,-41.0" /></mjloggm>