<mjloggm ver="2.3"><GO type="169" lobby="0"/><UN n0="%E3%83%95%E3%82%B5%E3%82%A6%E3%83%9F%E3%82%B3%E3%83%83%E3%83%97" n1="%E3%83%84%E3%83%B3%E2%98%86%E3%83%89%E3%83%A9%E3%82%AD%E3%83%BC" n2="%E5%8F%A4%E6%B8%85%E6%B0%B4%E6%80%9C" n3="%E3%82%A8%E3%83%AB%E3%82%B2%E3%83%AB%E3%83%BC%E3%82%B8" dan="17,16,17,16" rate="2233.23,2039.67,2130.86,2144.41" sx="M,F,F,M"/><TAIKYOKU oya="0"/><INIT seed="0,0,0,4,2,80" ten="250,250,250,250" oya="0" hai0="18,64,61,29,49,69,38,95,86,101,125,104,46" hai1="37,71,128,66,87,60,12,53,90,133,130,34,102" hai2="4,48,134,15,67,110,58,135,13,70,72,25,14" hai3="1,100,54,26,105,74,132,63,21,89,45,121,94"/><T10/><D125/><U47/><E34/><V68/><F72/><W120/><G132/><N who="2" m="50729" /><F110/><W107/><G74/><T0/><D38/><U116/><E133/><V30/><F4/><W92/><G1/><T62/><D29/><U108/><E108/><V77/><F77/><W91/><G45/><T106/><D62/><U93/><E116/><V41/><F67/><W28/><G100/><T111/><D111/><U75/><E75/><V76/><F76/><W35/><G35/><T84/><D0/><U42/><E102/><V115/><F115/><W124/><G124/><T52/><D95/><U126/><E126/><V97/><F97/><N who="3" m="57487" /><G54/><T24/><D101/><U31/><E31/><V119/><F119/><W51/><G51/><T8/><D8/><U19/><REACH who="1" step="1"/><E53/><REACH who="1" ten="250,240,250,250" step="2"/><N who="2" m="32039" /><F41/><W59/><G121/><T88/><D106/><U65/><E65/><V85/><F30/><W43/><G120/><T82/><D104/><U118/><E118/><V2/><F68/><W17/><G107/><T7/><D7/><U96/><E96/><V22/><F70/><W127/><G105/><T9/><REACH who="0" step="1"/><D84/><REACH who="0" ten="240,240,250,250" step="2"/><U11/><AGARI ba="0,2" hai="11,12,19,37,42,47,60,66,71,87,90,93,128,130" machi="11" ten="30,4000,0" yaku="1,1,0,1,52,1,53,0" doraHai="80" doraHaiUra="112" who="1" fromWho="1" sc="240,-20,240,60,250,-10,250,-10" /><INIT seed="1,0,0,0,4,128" ten="220,300,240,240" oya="1" hai0="59,12,88,58,85,64,29,4,20,39,80,104,93" hai1="65,23,9,35,25,24,21,134,89,68,99,2,127" hai2="79,129,118,42,83,34,106,121,46,55,126,40,0" hai3="41,45,94,1,123,8,22,86,84,122,10,90,14"/><U113/><E113/><V66/><F34/><W44/><G1/><T91/><D104/><U133/><E127/><V16/><F106/><W74/><G74/><T51/><D39/><U73/><E73/><V48/><F0/><W96/><G123/><T50/><D29/><U125/><E125/><V92/><F126/><W112/><G112/><T114/><D114/><U132/><E68/><V72/><F121/><W95/><G122/><T38/><D38/><U61/><E61/><V62/><F118/><W103/><G86/><T130/><D130/><U100/><E89/><V115/><F129/><W67/><G67/><T82/><D82/><U32/><E65/><V28/><F28/><W78/><G78/><T54/><D64/><U131/><E131/><V6/><F6/><W56/><G56/><N who="0" m="32855" /><D51/><U57/><E57/><V76/><F76/><W27/><G41/><T119/><D119/><U102/><E102/><V11/><F92/><W69/><G69/><T33/><D33/><N who="1" m="12875" /><E2/><V49/><F49/><W7/><G45/><T37/><D37/><U36/><E36/><V111/><F115/><W43/><G44/><T30/><D91/><U53/><E53/><V5/><F42/><W108/><G43/><T98/><D93/><N who="1" m="58479" /><E9/><V107/><F40/><W63/><G10/><N who="0" m="4167" /><D98/><U120/><E120/><V77/><F48/><W26/><G63/><T3/><D3/><U75/><E75/><V70/><F62/><W105/><G96/><T117/><D117/><U124/><E124/><V19/><F72/><W17/><G103/><T81/><D80/><U71/><E71/><V47/><F70/><RYUUKYOKU ba="0,0" sc="220,15,300,15,240,-15,240,-15" hai0="20,30,58,59,81,85,88" hai1="21,23,24,25,132,133,134" /><INIT seed="1,1,0,4,1,33" ten="235,315,225,225" oya="1" hai0="24,110,14,46,9,112,10,98,32,101,97,83,114" hai1="105,86,68,106,122,16,131,124,104,90,76,7,44" hai2="20,100,23,62,22,65,36,54,47,89,87,102,21" hai3="70,78,95,31,73,72,5,37,75,48,107,130,17"/><U58/><E68/><V82/><N who="2" m="5120" /><DORA hai="92" /><V71/><REACH who="2" step="1"/><F54/><REACH who="2" ten="235,315,215,225" step="2"/><W29/><G75/><T40/><D114/><U49/><E122/><V116/><F116/><W39/><G73/><T66/><D112/><U25/><E124/><V125/><F125/><W8/><G72/><T19/><D110/><U133/><E133/><V69/><F69/><W85/><G70/><T117/><D117/><U11/><E131/><V53/><F53/><W118/><G130/><T35/><D35/><U119/><E119/><V12/><F12/><W38/><G118/><T77/><D32/><U91/><E25/><V28/><F28/><W3/><G31/><T94/><D24/><U120/><E120/><V129/><F129/><W64/><G29/><T27/><D27/><U59/><E16/><V51/><F51/><W127/><G17/><T57/><D19/><U63/><E49/><V1/><F1/><W18/><G127/><T93/><D14/><U50/><E50/><V126/><F126/><W67/><G48/><T135/><D135/><U4/><E44/><V74/><F74/><W13/><G18/><T30/><D30/><U55/><E11/><V103/><F103/><W108/><G108/><T34/><D34/><U0/><E0/><V111/><F111/><W41/><G13/><T6/><D46/><U43/><E59/><V80/><F80/><W56/><G56/><T84/><D10/><U96/><E55/><V2/><F2/><W123/><G123/><T60/><D9/><U26/><E58/><V128/><F128/><W113/><G8/><T52/><D57/><U61/><E26/><RYUUKYOKU ba="1,1" sc="235,-10,315,-10,215,30,225,-10" hai2="36,47,62,65,71,82,87,89,100,102" /><INIT seed="2,2,1,1,2,68" ten="225,305,245,215" oya="2" hai0="98,14,83,70,76,101,36,17,67,21,107,49,15" hai1="126,47,59,119,12,16,99,131,93,3,56,44,123" hai2="2,52,34,109,125,46,69,96,60,28,4,27,90" hai3="132,48,85,97,103,122,94,24,30,9,43,75,133"/><V51/><F125/><W57/><G75/><T6/><D70/><U31/><E131/><V120/><F120/><W92/><G122/><T55/><D67/><U128/><E126/><V127/><F127/><W45/><G57/><T62/><D62/><U118/><E128/><V19/><F2/><W73/><G73/><T23/><D6/><U95/><E3/><V135/><F4/><W35/><G9/><T39/><D23/><U13/><E31/><V33/><F33/><W81/><REACH who="3" step="1"/><G94/><REACH who="3" ten="225,305,245,205" step="2"/><T53/><D15/><U61/><E123/><V116/><F69/><W110/><G110/><T77/><D77/><AGARI ba="2,2" hai="24,30,35,43,45,48,77,81,85,92,97,103,132,133" machi="77" ten="40,1300,0" yaku="1,1,53,0" doraHai="68" doraHaiUra="111" who="3" fromWho="0" sc="225,-19,305,0,245,0,205,39" /><INIT seed="3,0,0,1,5,30" ten="206,305,245,244" oya="3" hai0="44,112,114,132,93,102,39,72,31,37,91,108,95" hai1="10,83,34,110,21,4,88,78,68,107,2,13,92" hai2="98,87,124,127,99,79,128,55,22,113,6,41,67" hai3="53,96,109,1,120,43,0,19,51,66,14,25,16"/><W45/><G120/><T94/><D72/><U33/><E110/><V69/><F113/><N who="0" m="43626" /><D44/><U73/><E68/><V126/><F128/><W125/><G109/><T38/><D31/><U101/><E2/><V56/><F6/><W90/><G125/><T49/><D108/><U46/><E21/><V20/><F41/><W111/><G111/><T135/><D49/><U62/><E62/><N who="2" m="40183" /><F22/><N who="3" m="13511" /><G0/><T54/><D54/><U119/><E119/><V106/><F20/><N who="3" m="11383" /><G1/><T85/><D102/><U7/><E7/><V122/><F106/><W59/><G66/><T103/><D103/><U48/><E101/><V18/><F18/><W11/><G11/><T63/><D63/><U58/><E58/><V40/><F40/><W57/><G43/><T118/><D118/><U9/><E9/><V117/><F122/><W26/><G26/><T105/><D105/><U71/><E71/><V76/><F117/><W8/><G8/><T3/><D3/><U60/><E60/><V82/><F76/><W89/><G89/><T61/><D61/><AGARI ba="0,0" hai="55,56,61,79,82,87,98,99,124,126,127" m="40183" machi="61" ten="30,1000,0" yaku="18,1" doraHai="30" who="2" fromWho="0" sc="206,-10,305,0,245,10,244,0" /><INIT seed="4,0,0,2,2,100" ten="196,305,255,244" oya="0" hai0="18,4,135,72,129,134,93,16,110,67,92,102,55" hai1="111,107,12,130,82,116,26,65,51,127,69,53,117" hai2="46,48,120,44,97,123,84,36,94,56,8,99,68" hai3="115,63,118,6,2,105,9,133,38,128,66,87,7"/><T103/><D72/><U98/><E127/><V10/><F68/><N who="3" m="42079" /><G87/><T29/><D67/><U54/><E130/><V132/><F36/><W52/><G52/><T76/><D129/><U119/><E111/><V95/><F84/><W14/><G14/><T58/><D76/><U79/><E12/><V114/><F56/><W108/><G108/><T24/><D4/><U57/><E54/><V106/><F48/><W17/><G17/><N who="0" m="6763" /><D110/><U50/><E50/><V101/><F101/><N who="0" m="38410" /><D55/><U78/><E98/><V73/><F73/><W126/><G128/><T37/><D58/><U85/><E78/><V15/><F15/><W35/><G7/><T60/><D60/><U64/><E64/><V59/><F59/><W125/><G118/><T11/><D11/><U80/><E80/><V3/><F3/><W124/><G38/><T83/><D83/><U5/><E5/><V19/><F10/><W74/><G74/><T28/><D37/><U45/><E57/><V30/><F8/><W75/><G75/><T25/><D93/><U131/><E131/><V32/><F94/><W81/><G81/><T91/><D91/><U21/><E65/><V121/><F95/><W13/><G2/><T77/><D92/><U41/><E53/><V122/><F121/><W88/><G126/><T42/><D42/><U62/><E62/><V47/><F122/><W113/><G124/><T43/><D43/><U23/><E41/><V39/><F120/><W31/><G125/><T1/><D1/><U22/><E51/><V96/><F123/><W70/><G6/><T49/><D77/><U20/><E79/><RYUUKYOKU ba="0,0" sc="196,0,305,0,255,0,244,0" /><INIT seed="5,1,0,3,3,28" ten="196,305,255,244" oya="1" hai0="43,101,103,135,128,76,80,45,79,78,93,73,125" hai1="113,37,44,29,38,63,89,19,91,26,12,32,69" hai2="105,123,87,108,3,99,104,57,49,127,18,48,70" hai3="14,20,107,16,7,131,0,30,17,46,52,42,25"/><U129/><E113/><V102/><F70/><W130/><G107/><T88/><D45/><U84/><E129/><N who="3" m="49162" /><G42/><T85/><D128/><U75/><E75/><V40/><F105/><W68/><G68/><T106/><D43/><U92/><E44/><V41/><F108/><W64/><G64/><T23/><D23/><U9/><REACH who="1" step="1"/><E89/><REACH who="1" ten="196,295,255,244" step="2"/><V86/><F123/><W67/><G67/><AGARI ba="1,1" hai="9,12,19,26,29,32,37,38,63,67,69,84,91,92" machi="67" ten="40,12000,1" yaku="1,1,2,1,52,1,53,1" doraHai="28" doraHaiUra="22" who="1" fromWho="3" sc="196,0,295,133,255,0,244,-123" /><INIT seed="5,2,0,4,1,29" ten="196,428,255,121" oya="1" hai0="47,22,121,36,68,11,70,44,105,1,55,35,76" hai1="135,48,94,43,27,7,101,82,129,30,108,131,69" hai2="132,112,118,3,87,12,125,23,66,6,74,24,133" hai3="41,39,42,54,13,104,97,2,58,45,37,95,71"/><U80/><E135/><V63/><F74/><W72/><G2/><T84/><D105/><U90/><E69/><V32/><F118/><W85/><G72/><T102/><D102/><U56/><E7/><V77/><F125/><W49/><G104/><T25/><D121/><U59/><E101/><V52/><F3/><W79/><G71/><T51/><D11/><U98/><E108/><V67/><F32/><W127/><G127/><T78/><D35/><N who="1" m="20959" /><E43/><V62/><F87/><W110/><G110/><T86/><D1/><U117/><E48/><V109/><F77/><W111/><G111/><T106/><D78/><U28/><E28/><V124/><F109/><W53/><G13/><T81/><D86/><U8/><E8/><V120/><F120/><W17/><G17/><T83/><D81/><N who="1" m="31339" /><E117/><V14/><F124/><W128/><G128/><AGARI ba="2,0" hai="56,59,90,94,98,128,129,131" m="31339,20959" machi="128" ten="30,2900,0" yaku="19,1,52,1" doraHai="29" who="1" fromWho="3" sc="196,0,428,35,255,0,121,-35" /><INIT seed="5,3,0,1,1,73" ten="196,463,255,86" oya="1" hai0="17,117,104,130,55,102,39,41,119,18,114,23,47" hai1="27,61,65,122,59,66,115,15,81,40,77,25,48" hai2="1,85,112,38,14,80,132,26,94,121,29,113,127" hai3="63,19,0,3,57,100,46,76,83,64,21,108,33"/><U116/><E115/><N who="2" m="44107" /><F38/><W79/><G108/><T96/><D114/><U37/><E37/><V34/><F1/><W75/><G33/><T128/><D55/><U107/><E107/><V44/><F132/><W91/><G100/><T71/><D71/><U84/><E122/><V53/><F127/><W2/><G91/><T86/><D86/><U78/><E66/><V126/><F126/><W68/><G46/><T8/><D8/><U36/><E36/><V101/><F14/><W111/><G111/><T133/><D133/><U56/><E116/><V82/><F121/><W51/><G83/><T131/><REACH who="0" step="1"/><D17/><REACH who="0" ten="186,463,255,86" step="2"/><U67/><E84/><V135/><F135/><W5/><G75/><T69/><D69/><U109/><E109/><V99/><F85/><W28/><G28/><T89/><D89/><U106/><E81/><V10/><F10/><W123/><G123/><T31/><D31/><U43/><E61/><V24/><F29/><W88/><G88/><T129/><N who="0" m="32768" /><DORA hai="6" /><T35/><D35/><U52/><E52/><V92/><F34/><W50/><G68/><T98/><D98/><U90/><E90/><V45/><F82/><W97/><G97/><T22/><D22/><U93/><E67/><V95/><F80/><W125/><G125/><T30/><D30/><U13/><E65/><V12/><F53/><W20/><G20/><T60/><D60/><U62/><E62/><V70/><F70/><W87/><G87/><T72/><D72/><U103/><E43/><V42/><F42/><W58/><G64/><T110/><D110/><U134/><E134/><V9/><F99/><RYUUKYOKU ba="3,1" sc="186,30,463,-10,255,-10,86,-10" hai0="18,23,39,41,47,96,102,104,117,119" /><INIT seed="6,4,1,2,0,7" ten="216,453,245,76" oya="2" hai0="82,111,28,13,98,75,96,59,129,125,27,61,49" hai1="18,26,112,132,47,21,37,53,69,6,117,74,91" hai2="110,134,34,113,10,130,89,67,44,103,58,135,60" hai3="95,62,39,76,123,83,12,24,29,131,106,35,30"/><V54/><F34/><W92/><G123/><T101/><D111/><U0/><E112/><V57/><F110/><W119/><G119/><T46/><D129/><U63/><E132/><N who="2" m="50731" /><F103/><W23/><G131/><T43/><D125/><U56/><E117/><V118/><F130/><W51/><G39/><T2/><D2/><U31/><E74/><V70/><F118/><W85/><G106/><T122/><D122/><U90/><E69/><V93/><F113/><W52/><G62/><T41/><D41/><U33/><E37/><V97/><F10/><W100/><G100/><T84/><D75/><U15/><E47/><V68/><F44/><W80/><G80/><T38/><D13/><U50/><E63/><AGARI ba="4,1" hai="54,57,58,60,63,67,68,70,89,93,97" m="50731" machi="63" ten="30,1500,0" yaku="20,1" doraHai="7" who="2" fromWho="1" sc="216,0,453,-27,245,37,76,0" /><INIT seed="6,5,0,0,0,72" ten="216,426,282,76" oya="2" hai0="10,53,128,132,39,11,106,134,38,89,56,75,76" hai1="34,95,114,4,36,111,103,74,107,94,16,64,22" hai2="93,61,84,0,21,85,115,82,86,42,70,40,44" hai3="105,41,109,28,37,127,81,62,48,110,131,87,116"/><V123/><F0/><W30/><G116/><T59/><D106/><U78/><E114/><V67/><F123/><W120/><G120/><T50/><D89/><U57/><E36/><V19/><F115/><W68/><G37/><T133/><D128/><U122/><E34/><V126/><F126/><W5/><G105/><T45/><D39/><U83/><E111/><V26/><F93/><W101/><G101/><T113/><D113/><U12/><E122/><V1/><F1/><W71/><G131/><T35/><D35/><U31/><E4/><V102/><F102/><W92/><G92/><T20/><D20/><U46/><E31/><V124/><F124/><W25/><G127/><T23/><D23/><U121/><E121/><V15/><F44/><W58/><G5/><T47/><D47/><U112/><E112/><V88/><F42/><W118/><G30/><T52/><D38/><U96/><E46/><V69/><F40/><W63/><G48/><N who="0" m="30727" /><D45/><U32/><E32/><V100/><F100/><W73/><G73/><T7/><D7/><U13/><E107/><V18/><REACH who="2" step="1"/><F70/><REACH who="2" ten="216,426,272,76" step="2"/><W66/><G41/><T135/><D135/><U55/><E95/><V108/><F108/><W2/><G2/><T33/><D33/><U80/><E94/><V14/><F14/><W97/><G68/><T8/><D134/><U130/><E12/><V77/><F77/><N who="3" m="46511" /><G118/><T90/><D133/><U49/><E130/><V24/><F24/><W27/><G27/><T117/><D132/><U60/><E78/><V9/><AGARI ba="5,1" hai="9,15,18,19,21,26,61,67,69,82,84,85,86,88" machi="9" ten="20,7800,0" yaku="1,1,0,1,7,1,54,1,53,0" doraHai="72" doraHaiUra="119" who="2" fromWho="2" sc="216,-31,426,-31,272,103,76,-31" /><INIT seed="6,6,0,5,1,92" ten="185,395,375,45" oya="2" hai0="42,12,6,101,91,89,59,30,133,134,0,97,112" hai1="65,93,122,86,126,70,58,87,55,56,25,66,21" hai2="64,129,47,111,14,49,106,2,121,71,31,33,108" hai3="128,34,76,37,80,61,3,123,120,114,96,75,73"/><V79/><F2/><W103/><G34/><T22/><D112/><U29/><E126/><V95/><F106/><N who="3" m="63847" /><G3/><T17/><D42/><U88/><E122/><N who="3" m="46634" /><G61/><T74/><D74/><N who="3" m="28169" /><G37/><T83/><D30/><U99/><E70/><V118/><F71/><W27/><G27/><T1/><D59/><N who="1" m="22571" /><E55/><V19/><F33/><W81/><G114/><T5/><D1/><U7/><E7/><N who="0" m="2569" /><D83/><N who="3" m="31817" /><G128/><T68/><D0/><U110/><E110/><V105/><F64/><AGARI ba="6,0" hai="21,25,29,64,65,66,86,87,88,93,99" m="22571" machi="64" ten="30,3900,0" yaku="8,1,52,1,54,1" doraHai="92" who="1" fromWho="2" sc="185,0,395,57,375,-57,45,0" /><INIT seed="7,0,0,2,5,82" ten="185,452,318,45" oya="3" hai0="46,76,91,42,66,50,89,117,11,113,6,64,77" hai1="107,83,1,94,74,16,78,31,18,132,38,118,73" hai2="28,71,81,40,13,95,48,60,30,108,110,123,43" hai3="122,45,102,116,55,97,98,59,17,33,3,99,114"/><W56/><G116/><T104/><D104/><U34/><E132/><V65/><F123/><W90/><G122/><T9/><D117/><U96/><E107/><V22/><F43/><W62/><G114/><T69/><D113/><U92/><E38/><V58/><F30/><W29/><G3/><T39/><D39/><U47/><E1/><V130/><F130/><W12/><G102/><T125/><D125/><U85/><E47/><V63/><F40/><W86/><G45/><T75/><D11/><U79/><E34/><V80/><F48/><W127/><G127/><T112/><D112/><U119/><E31/><V121/><F80/><W52/><G29/><T134/><D134/><U128/><E128/><V131/><F28/><W49/><G33/><T115/><D115/><U7/><E7/><V4/><F4/><W70/><G70/><T133/><D133/><U8/><E8/><V87/><F71/><W25/><G25/><T53/><D42/><U93/><E18/><V5/><F5/><W124/><G124/><T2/><D69/><U135/><E16/><V129/><F13/><W23/><G99/><T84/><D91/><N who="1" m="51647" /><E135/><V126/><F126/><W61/><G61/><T19/><D19/><U44/><E44/><V10/><F63/><W103/><G103/><T101/><D101/><U106/><E106/><V88/><F60/><W68/><G68/><T111/><D75/><N who="1" m="28683" /><E96/><V24/><F129/><W0/><REACH who="3" step="1"/><G0/><REACH who="3" ten="185,452,318,35" step="2"/><T32/><D32/><U109/><E119/><V36/><F131/><W51/><G51/><T120/><D50/><U37/><E118/><V27/><F27/><RYUUKYOKU ba="0,1" sc="185,-10,452,-10,318,-10,35,30" hai3="12,17,23,49,52,55,56,59,62,86,90,97,98" /><INIT seed="7,1,1,3,2,47" ten="175,442,308,65" oya="3" hai0="62,27,83,81,86,128,134,127,103,131,23,42,36" hai1="109,113,111,90,45,70,19,21,33,14,98,55,12" hai2="107,99,58,15,6,20,75,24,13,67,135,114,72" hai3="96,66,28,44,30,31,37,91,118,79,0,94,77"/><W115/><G118/><T78/><D127/><U25/><E113/><V56/><F107/><W8/><G115/><T49/><D36/><U3/><E3/><V108/><F108/><W60/><G0/><T105/><D134/><U88/><E70/><V132/><F99/><W53/><G8/><T22/><D62/><U51/><E33/><V102/><F114/><W117/><G117/><T35/><D35/><U4/><E111/><V46/><F46/><W39/><G39/><T92/><D105/><U2/><E98/><V121/><F102/><W130/><G130/><N who="0" m="49707" /><D83/><U110/><E110/><V124/><F121/><W122/><G122/><T87/><D103/><U119/><E119/><V69/><F69/><W10/><G10/><T106/><D106/><U7/><E109/><V48/><F72/><W9/><G9/><T11/><D11/><N who="1" m="4199" /><E2/><V68/><F75/><W123/><G123/><T84/><D92/><U34/><E34/><V120/><F68/><W133/><G133/><T95/><D95/><U17/><E7/><V57/><F6/><W126/><G126/><T65/><D65/><U82/><E82/><V5/><F124/><W73/><G73/><N who="0" m="43215" /><D27/><U129/><E129/><V125/><F125/><W112/><G112/><T16/><D16/><U61/><E61/><V18/><F120/><W64/><G37/><T100/><D100/><U85/><E85/><V97/><F5/><W52/><G66/><T74/><D74/><U32/><E32/><V38/><F135/><W76/><REACH who="3" step="1"/><G44/><AGARI ba="1,1" hai="22,23,42,44,49,84,86,87" m="43215,49707" machi="44" ten="30,2000,0" yaku="19,1,52,1" doraHai="47" who="0" fromWho="3" sc="175,33,442,0,308,0,65,-23" owari="208,-19.0,442,54.0,308,11.0,42,-46.0" /></mjloggm>