<mjloggm ver="2.3"><GO type="169" lobby="0"/><UN n0="%6D%61%73%61%73%69%6F" n1="%E3%81%8A%E3%82%8A%E3%81%BE%E3%81%A4" n2="%52%65%64%62%75%6C%6C" n3="%E4%BC%8A%E8%97%A4%E4%B8%87%E7%90%86%E8%8F%AF" dan="17,16,18,16" rate="2155.18,2100.17,2186.59,2152.86" sx="F,M,F,F"/><TAIKYOKU oya="0"/><INIT seed="0,0,0,5,3,53" ten="250,250,250,250" oya="0" hai0="79,127,134,46,124,25,108,64,43,132,62,115,66" hai1="11,2,78,114,125,20,42,95,101,110,87,34,121" hai2="40,76,14,71,119,106,24,27,89,39,93,65,49" hai3="129,68,91,118,94,111,13,1,17,116,51,90,128"/><T16/><D79/><U26/><E121/><V48/><F106/><W83/><G1/><T52/><D115/><U18/><E42/><V45/><F76/><W82/><G68/><T57/><D16/><U5/><E125/><N who="0" m="48201" /><D25/><U80/><E110/><V60/><F119/><N who="3" m="45611" /><G51/><N who="0" m="27103" /><D108/><U102/><E114/><V75/><F75/><W21/><G111/><T120/><D120/><U73/><E73/><V41/><F14/><W4/><G4/><T37/><D37/><U70/><E70/><V86/><F39/><W50/><G91/><T55/><D55/><U123/><E123/><V131/><F24/><W103/><G103/><T69/><D69/><U59/><E34/><V47/><F27/><W10/><G10/><T99/><D99/><U77/><E77/><V36/><F36/><W58/><G90/><T133/><AGARI ba="0,0" hai="52,57,62,64,66,132,133,134" m="27103,48201" machi="133" ten="40,18000,2" yaku="20,1,18,1,34,2,52,1,54,1" doraHai="53" who="0" fromWho="0" sc="250,180,250,-60,250,-60,250,-60" /><INIT seed="0,1,0,3,5,37" ten="430,190,190,190" oya="0" hai0="5,3,131,27,61,55,48,16,13,95,23,14,36" hai1="57,8,91,15,108,75,125,80,73,22,87,71,115" hai2="116,7,135,106,56,2,92,30,130,35,126,96,24" hai3="49,97,68,121,65,53,105,0,34,42,62,100,74"/><T103/><D36/><U113/><E108/><V1/><F106/><W111/><G0/><T44/><D131/><U86/><E71/><V120/><F120/><W25/><G111/><T114/><D114/><N who="1" m="43531" /><E22/><V67/><F130/><W26/><G121/><T132/><D132/><U133/><E125/><V117/><F126/><W50/><G74/><T129/><D129/><U38/><E38/><V51/><F135/><W54/><G25/><T66/><D3/><U93/><E57/><V32/><F32/><W123/><G123/><T128/><D5/><N who="1" m="3471" /><E133/><V17/><F17/><W11/><G11/><T109/><D109/><U101/><E101/><V104/><F7/><W29/><G49/><T72/><D72/><U59/><E59/><V46/><F56/><W89/><G89/><AGARI ba="1,0" hai="73,75,80,86,87,89,91,93" m="3471,43531" machi="89" ten="30,1000,0" yaku="11,1" doraHai="37" who="1" fromWho="3" sc="430,0,190,13,190,0,190,-13" /><INIT seed="1,0,0,3,1,82" ten="430,203,190,177" oya="1" hai0="43,120,97,114,117,55,29,108,33,113,123,40,132" hai1="90,30,121,107,116,130,109,64,28,73,79,17,34" hai2="49,101,77,96,63,60,88,16,69,87,86,58,89" hai3="70,57,76,11,8,50,78,36,7,84,42,19,134"/><U27/><E116/><V106/><F69/><W5/><G70/><T15/><D132/><U102/><E121/><V74/><F49/><W135/><G36/><T98/><D15/><U127/><E64/><V115/><F115/><W26/><G19/><T9/><D9/><U35/><E79/><V52/><F74/><W133/><G26/><T1/><D29/><U21/><E73/><V14/><F63/><W54/><G42/><T38/><D55/><U56/><E56/><V22/><REACH who="2" step="1"/><F87/><REACH who="2" ten="430,203,180,177" step="2"/><W81/><REACH who="3" step="1"/><G78/><REACH who="3" ten="430,203,180,167" step="2"/><T47/><D114/><U51/><E35/><V53/><F53/><W75/><G75/><T18/><D113/><U119/><E34/><V122/><F122/><W94/><G94/><T126/><D33/><U83/><E107/><V72/><F72/><W68/><G68/><T48/><D38/><U103/><E119/><V39/><F39/><W2/><G2/><T118/><D1/><U125/><E127/><V3/><F3/><W124/><G124/><T128/><D126/><U111/><E125/><V131/><F131/><W104/><G104/><T44/><D128/><U100/><E130/><V65/><F65/><W41/><G41/><T10/><D43/><U0/><E0/><V67/><F67/><W93/><G93/><T110/><D40/><U66/><E66/><V112/><F112/><W85/><G85/><T59/><D117/><U37/><E37/><V105/><F105/><W23/><G23/><T6/><D118/><U20/><E21/><V99/><F99/><W25/><G25/><T61/><D120/><U12/><E27/><V71/><F71/><RYUUKYOKU ba="0,2" sc="430,-15,203,-15,180,15,167,15" hai2="14,16,22,52,58,60,77,86,88,89,96,101,106" hai3="5,7,8,11,50,54,57,76,81,84,133,134,135" /><INIT seed="2,1,2,0,3,108" ten="415,188,195,182" oya="2" hai0="122,20,56,64,125,97,14,45,86,53,104,75,94" hai1="73,8,106,77,1,10,69,114,5,22,115,111,2" hai2="32,68,109,15,50,70,89,47,81,61,4,44,78" hai3="51,128,16,18,52,90,3,28,29,113,123,7,38"/><V60/><F32/><W25/><G123/><T23/><D75/><U35/><E111/><V98/><F109/><W134/><G38/><T36/><D122/><U93/><E22/><V37/><F37/><W54/><G128/><T17/><D104/><U127/><E93/><V67/><F98/><W66/><G134/><T129/><D125/><U116/><E116/><V85/><F89/><W103/><G103/><T19/><D64/><U120/><E120/><V101/><F101/><W71/><G29/><T27/><D86/><U95/><E95/><V83/><F83/><W102/><G102/><T124/><D124/><U110/><E110/><V55/><F47/><W99/><G90/><N who="0" m="55511" /><D36/><U76/><E76/><V74/><F74/><W132/><G54/><T26/><D45/><U59/><E59/><V107/><F107/><W118/><G99/><T42/><D42/><U58/><E106/><V9/><F61/><W79/><G79/><T62/><D26/><U87/><E73/><V105/><F105/><W80/><G80/><T131/><AGARI ba="1,2" hai="14,17,19,20,23,27,53,56,62,129,131" m="55511" machi="131" ten="30,1100,0" yaku="25,1" doraHai="108" who="0" fromWho="0" sc="415,34,188,-4,195,-6,182,-4" /><INIT seed="3,0,0,3,1,92" ten="449,184,189,178" oya="3" hai0="32,105,83,45,58,3,96,7,69,101,43,68,90" hai1="95,124,65,34,31,122,10,37,116,62,106,111,118" hai2="115,22,16,23,20,27,100,52,131,0,30,99,134" hai3="102,12,103,80,78,91,126,75,107,127,8,76,40"/><W133/><G40/><T87/><D32/><U119/><E106/><V18/><F115/><W84/><G12/><T55/><D7/><U98/><E122/><V86/><F0/><W19/><G19/><T114/><D3/><U123/><E123/><V4/><F4/><W41/><G8/><T88/><D90/><U17/><E111/><V42/><F131/><W120/><G41/><T79/><D79/><N who="3" m="30249" /><G120/><T13/><D13/><U14/><E37/><V15/><F134/><W49/><G49/><T110/><D114/><U24/><E124/><N who="3" m="47658" /><G75/><T113/><D110/><U71/><REACH who="1" step="1"/><E119/><REACH who="1" ten="449,174,189,178" step="2"/><V66/><F42/><W5/><G5/><T6/><D6/><U56/><E56/><V26/><F66/><W117/><G117/><T9/><D58/><U74/><E74/><V54/><REACH who="2" step="1"/><F86/><REACH who="2" ten="449,174,179,178" step="2"/><W67/><G67/><T48/><D87/><U89/><AGARI ba="0,2" hai="10,14,17,24,31,34,62,65,71,89,95,98,116,118" machi="89" ten="30,4000,0" yaku="1,1,0,1,52,1,53,0" doraHai="92" doraHaiUra="129" who="1" fromWho="1" sc="449,-10,174,60,179,-10,178,-20" /><INIT seed="4,0,0,4,1,12" ten="439,234,169,158" oya="0" hai0="53,57,60,98,82,93,126,97,90,105,9,95,36" hai1="111,51,63,133,67,89,65,70,99,30,78,52,55" hai2="86,110,73,109,80,124,62,104,54,106,121,8,112" hai3="135,18,29,14,27,127,22,50,34,37,41,31,125"/><T122/><D122/><U88/><E111/><V132/><F8/><W116/><G37/><T47/><D126/><N who="3" m="48137" /><G41/><T48/><D105/><U76/><E30/><N who="3" m="11274" /><G50/><T25/><D36/><U92/><E133/><V103/><F121/><W83/><G83/><T96/><D25/><U84/><E67/><V2/><F132/><W49/><G49/><T117/><D117/><U32/><E32/><V11/><F73/><W33/><G135/><T21/><D21/><U1/><E1/><V91/><F80/><W85/><G85/><N who="0" m="50487" /><D9/><U79/><REACH who="1" step="1"/><E51/><REACH who="1" ten="439,224,169,158" step="2"/><V130/><F110/><W101/><G116/><T75/><D75/><U128/><E128/><V120/><F130/><W72/><G72/><T6/><D6/><U24/><E24/><V45/><F109/><W59/><G34/><T39/><D39/><U35/><E35/><V66/><F124/><W16/><G33/><T107/><D107/><U113/><E113/><V26/><F112/><W28/><G14/><T44/><D44/><U100/><E100/><V38/><F103/><W69/><G69/><T71/><D71/><U5/><E5/><V56/><F38/><W13/><G101/><T58/><D58/><U46/><E46/><V94/><F120/><W7/><G59/><T102/><D102/><U15/><E15/><V77/><F26/><W115/><G115/><T40/><AGARI ba="0,1" hai="40,47,48,53,57,60,93,95,96,97,98" m="50487" machi="40" ten="30,1500,0" yaku="8,1" doraHai="12" who="0" fromWho="0" sc="439,25,224,-5,169,-5,158,-5" /><INIT seed="4,1,0,5,1,131" ten="464,219,164,153" oya="0" hai0="49,15,5,130,101,33,55,126,20,7,78,11,14" hai1="31,88,23,36,4,45,12,35,103,95,87,129,117" hai2="10,102,6,104,57,114,54,83,51,0,39,134,71" hai3="85,58,37,72,65,38,34,42,92,69,90,17,118"/><T22/><D126/><U91/><E117/><V8/><F71/><W44/><G118/><T93/><D33/><U76/><E129/><V135/><F39/><W132/><G34/><T2/><D130/><U70/><E70/><V75/><F114/><W121/><G121/><T80/><D2/><U89/><E35/><V120/><F120/><W13/><G72/><T105/><D105/><U25/><E76/><V68/><F68/><W125/><G125/><T61/><D61/><U48/><E36/><V77/><REACH who="2" step="1"/><F8/><REACH who="2" ten="464,219,154,153" step="2"/><W107/><G69/><T66/><D11/><U108/><E108/><V79/><F79/><W123/><G123/><T30/><D78/><U24/><E103/><V98/><AGARI ba="1,1" hai="0,6,10,51,54,57,75,77,83,98,102,104,134,135" machi="98" ten="30,8000,1" yaku="1,1,0,1,52,2,53,1" doraHai="131" doraHaiUra="3" who="2" fromWho="2" sc="464,-41,219,-21,154,93,153,-21" /><INIT seed="5,0,0,4,3,32" ten="423,198,247,132" oya="1" hai0="26,68,77,56,4,109,133,22,7,90,126,14,59" hai1="76,127,3,38,58,70,39,84,132,113,106,120,12" hai2="81,72,21,128,31,28,103,11,42,102,35,111,85" hai3="2,6,63,107,33,121,23,93,44,80,20,75,15"/><U51/><E120/><V104/><F35/><W9/><G107/><T0/><D68/><U19/><E70/><V62/><F111/><W73/><G121/><T78/><D0/><U122/><E122/><V60/><F72/><W94/><G33/><T48/><D109/><U55/><E106/><V67/><F42/><W43/><G63/><T50/><D133/><U66/><E113/><V119/><F119/><W86/><G75/><T135/><D126/><U25/><E25/><V8/><F128/><W18/><G23/><T99/><D14/><U97/><E66/><V95/><F104/><W30/><G30/><T118/><D118/><U16/><E132/><V88/><F60/><W100/><G100/><T134/><D90/><U83/><E127/><V124/><F21/><W5/><G5/><T54/><D99/><U114/><E114/><V115/><F115/><W24/><G73/><T52/><D22/><U41/><E97/><N who="2" m="59711" /><F103/><W123/><G123/><T40/><D40/><U53/><E41/><V13/><F8/><W112/><G112/><T17/><D17/><U47/><E3/><V116/><F116/><W98/><G98/><T65/><D65/><U46/><E19/><N who="2" m="8639" /><F124/><W117/><G117/><T110/><D110/><U130/><E130/><V74/><F74/><W129/><G129/><T101/><D101/><U82/><E83/><V91/><F91/><N who="3" m="51655" /><G2/><T10/><D10/><U45/><REACH who="1" step="1"/><E55/><REACH who="1" ten="423,188,247,132" step="2"/><V49/><F28/><W131/><G131/><T34/><D26/><U64/><E64/><V69/><F31/><W71/><G71/><T87/><D54/><U57/><E57/><RYUUKYOKU ba="0,1" sc="423,-30,188,10,247,10,132,10" hai1="12,16,38,39,45,46,47,51,53,58,76,82,84" hai2="49,62,67,69,81,85,88" hai3="6,9,15,18,20,24,43,44,93,94" /><INIT seed="5,1,1,5,5,101" ten="393,198,257,142" oya="1" hai0="65,71,68,128,3,81,52,27,30,70,95,82,37" hai1="112,83,103,76,21,18,19,115,25,87,54,129,124" hai2="133,73,46,121,9,53,39,122,58,47,72,29,125" hai3="38,24,41,85,45,126,113,134,105,0,5,50,4"/><U114/><E124/><V86/><F29/><W109/><G109/><T89/><D37/><U2/><E2/><V84/><F9/><W17/><G126/><T16/><D3/><U75/><E129/><V20/><F20/><W91/><G0/><T135/><D135/><U34/><E34/><V118/><F125/><W94/><G134/><T78/><D128/><U131/><E131/><V66/><F66/><W111/><G111/><T32/><D65/><U116/><E116/><V104/><F133/><W93/><G113/><T33/><D33/><U88/><E54/><V7/><F7/><W1/><G1/><T108/><D108/><U119/><E119/><V120/><F118/><W107/><G93/><T43/><D43/><U67/><E103/><V56/><F53/><W48/><G4/><T6/><D6/><U117/><E117/><V110/><F104/><W130/><G5/><T22/><D52/><U57/><E57/><N who="2" m="22123" /><F39/><W14/><G24/><T79/><D79/><U59/><E76/><V23/><F23/><W60/><G60/><T92/><D89/><U106/><E106/><V127/><F127/><W62/><G62/><T28/><D82/><U26/><E75/><N who="2" m="28747" /><F110/><W64/><G64/><T96/><D32/><U123/><E123/><V77/><F77/><W99/><G130/><T61/><D61/><N who="1" m="38335" /><E25/><V36/><F36/><W80/><G38/><T44/><D71/><U8/><E8/><V51/><F51/><W100/><G50/><T90/><D70/><U69/><E69/><V97/><F97/><W132/><G132/><T31/><D68/><U11/><E11/><AGARI ba="1,1" hai="11,14,17,41,45,48,80,85,91,94,99,100,105,107" machi="11" ten="30,7700,0" yaku="6,1,7,1,52,2" doraHai="101" who="3" fromWho="1" sc="393,0,198,-80,257,0,142,90" /><INIT seed="6,0,0,1,0,79" ten="393,118,257,232" oya="2" hai0="74,76,78,14,84,81,75,128,31,1,60,2,103" hai1="40,62,122,120,105,56,24,61,36,111,100,129,55" hai2="82,110,126,6,88,101,96,15,115,13,127,65,133" hai3="5,28,43,71,57,45,125,20,16,44,63,42,41"/><V69/><F115/><W22/><G71/><T19/><D128/><U47/><E105/><V135/><F65/><W121/><G121/><N who="1" m="46698" /><E100/><V8/><F69/><W90/><G125/><N who="2" m="47625" /><F15/><W95/><G5/><T34/><D103/><U117/><E24/><V4/><F4/><W72/><G72/><T9/><D84/><U33/><E33/><V12/><F12/><W77/><G77/><T123/><D123/><U21/><E21/><V80/><F110/><W112/><G112/><T92/><D92/><U70/><E111/><V98/><F98/><W35/><G22/><T30/><D60/><U107/><E107/><N who="2" m="63911" /><F88/><W49/><G28/><T132/><D30/><U26/><E26/><V25/><F25/><N who="3" m="14471" /><G45/><T99/><D31/><U85/><E85/><V116/><F116/><W32/><G32/><T102/><D34/><U27/><E27/><V7/><F7/><W53/><G35/><T29/><D29/><U50/><E129/><V91/><F91/><W86/><AGARI ba="0,0" hai="41,42,43,44,49,53,57,63,86,90,95" m="14471" machi="86" ten="30,2000,0" yaku="8,1,54,1" doraHai="79" who="3" fromWho="3" sc="393,-5,118,-5,257,-10,232,20" /><INIT seed="7,0,0,1,2,73" ten="388,113,247,252" oya="3" hai0="68,14,56,67,127,44,99,39,116,17,96,40,101" hai1="63,65,129,100,69,117,111,7,13,20,113,135,123" hai2="23,51,2,8,60,131,87,120,29,48,52,21,130" hai3="104,78,3,102,11,119,18,24,118,107,103,77,91"/><W94/><G3/><T22/><D127/><U106/><E20/><V115/><F115/><W97/><G11/><T10/><D116/><N who="3" m="44585" /><G18/><T132/><D132/><U109/><E13/><V45/><F120/><W0/><G24/><T88/><D68/><U92/><E7/><N who="2" m="1143" /><F29/><W32/><G32/><T36/><D36/><U15/><E15/><V112/><F112/><W37/><G0/><T85/><D101/><N who="3" m="38409" /><G37/><T33/><D33/><U28/><E92/><V12/><F60/><W121/><G121/><T30/><D67/><U55/><E55/><N who="2" m="30095" /><F87/><W42/><G42/><T1/><D56/><U27/><E117/><V70/><F70/><W57/><G57/><T83/><D30/><U93/><E93/><V81/><F81/><W71/><G71/><T47/><D47/><U26/><E113/><V76/><F76/><AGARI ba="0,0" hai="76,77,78,91,94,97,104,107" m="38409,44585" machi="76" ten="30,12000,1" yaku="34,2,52,3" doraHai="73" who="3" fromWho="2" sc="388,0,113,0,247,-120,252,120" /><INIT seed="7,1,0,3,1,118" ten="388,113,127,372" oya="3" hai0="92,98,115,30,51,29,14,133,27,4,62,129,116" hai1="121,70,40,81,110,59,7,84,58,13,32,68,63" hai2="47,72,80,76,97,8,5,11,60,16,41,78,44" hai3="73,130,93,124,75,105,28,31,102,83,100,1,43"/><W48/><G1/><T79/><D116/><U132/><E121/><V85/><F72/><W54/><G105/><T108/><D108/><U2/><E110/><V101/><F78/><W42/><G73/><T119/><D119/><U91/><E2/><V135/><F135/><W95/><G75/><T15/><D115/><U55/><E32/><V109/><F109/><W131/><G83/><T21/><D129/><N who="3" m="49161" /><G124/><T82/><D133/><U56/><E132/><V19/><F60/><W52/><G95/><T38/><D38/><U23/><E40/><N who="3" m="15402" /><G54/><T117/><D117/><U46/><E46/><V50/><F47/><N who="3" m="27679" /><G93/><T90/><D62/><U26/><E70/><V103/><F80/><W127/><G127/><T66/><D66/><U106/><E68/><V96/><F41/><W87/><G87/><N who="0" m="48607" /><D51/><U126/><E126/><V94/><F50/><W34/><G34/><T74/><D74/><U125/><E106/><V18/><F85/><W86/><G86/><T6/><D30/><AGARI ba="1,0" hai="28,30,31,100,102" m="27679,15402,49161" machi="30" ten="30,2900,0" yaku="19,1,54,1" doraHai="118" who="3" fromWho="0" sc="388,-32,113,0,127,0,372,32" owari="356,16.0,113,-39.0,127,-27.0,404,50.0" /></mjloggm>