<mjloggm ver="2.3"><GO type="169" lobby="0"/><UN n0="%E7%8F%BE%E5%A4%A7%E7%9C%9F%E9%BE%8D%E5%B0%86" n1="%E3%83%93%E3%82%BF%E3%83%9F%E3%83%B3%E3%81%AE%E5%A4%8F%56%32" n2="%E6%84%9B%E5%86%85%E9%87%8C%E8%8F%9C" n3="%6D%69%6E%65%72%61%6C%32" dan="16,16,18,16" rate="2040.16,2104.84,2173.14,2053.80" sx="M,M,F,M"/><TAIKYOKU oya="0"/><INIT seed="0,0,0,5,3,119" ten="250,250,250,250" oya="0" hai0="118,106,66,105,89,51,126,104,84,30,121,21,0" hai1="116,31,132,20,86,42,46,115,55,68,103,14,93" hai2="17,52,65,77,1,24,99,57,36,27,59,11,64" hai3="9,85,26,32,96,88,113,114,91,72,34,123,127"/><T71/><BYE who="2" /><D118/><UN n2="%E6%84%9B%E5%86%85%E9%87%8C%E8%8F%9C" /><U50/><E116/><V76/><F36/><W80/><G72/><T48/><D0/><U15/><E68/><V54/><F1/><W67/><G127/><T25/><D126/><U90/><E132/><V47/><F47/><W23/><G67/><T100/><D100/><U56/><E115/><V5/><F11/><W33/><G9/><T122/><D66/><U6/><E103/><V73/><F73/><W128/><G128/><T108/><D71/><U60/><REACH who="1" step="1"/><E6/><REACH who="1" ten="250,240,250,250" step="2"/><V135/><F135/><W125/><G125/><T131/><D131/><U43/><E43/><V19/><REACH who="2" step="1"/><F5/><REACH who="2" ten="250,240,240,250" step="2"/><W3/><G114/><T111/><D122/><U130/><E130/><V117/><F117/><W40/><G123/><T82/><REACH who="0" step="1"/><D121/><REACH who="0" ten="240,240,240,250" step="2"/><U70/><E70/><V35/><F35/><W45/><G113/><T101/><D101/><U110/><E110/><AGARI ba="0,3" hai="21,25,30,48,51,82,84,89,104,105,106,108,110,111" machi="110" ten="50,9600,0" yaku="1,1,14,1,10,1,53,0" doraHai="119" doraHaiUra="2" who="0" fromWho="1" sc="240,126,240,-96,240,0,250,0" /><INIT seed="0,1,0,3,5,64" ten="366,144,240,250" oya="0" hai0="18,80,66,108,111,26,56,112,61,29,79,88,37" hai1="102,67,78,86,83,70,20,62,71,3,6,43,105" hai2="34,58,65,33,28,106,13,130,48,94,132,95,45" hai3="92,117,39,2,1,135,82,53,76,51,100,98,72"/><T73/><D37/><U118/><E118/><V47/><F106/><W93/><G117/><T68/><D112/><U96/><E43/><V4/><F132/><W12/><G39/><T11/><D56/><U116/><E116/><V109/><F109/><W114/><G114/><T5/><D18/><U115/><E115/><V52/><F130/><W31/><G31/><T75/><D88/><U41/><E41/><V134/><F134/><W0/><G12/><T9/><D73/><U128/><E128/><V59/><F59/><W69/><G135/><T133/><D133/><U46/><E46/><V84/><F47/><W44/><REACH who="3" step="1"/><G69/><REACH who="3" ten="366,144,240,240" step="2"/><T35/><REACH who="0" step="1"/><D11/><REACH who="0" ten="356,144,240,240" step="2"/><U103/><E71/><V131/><F131/><W85/><G85/><T57/><D57/><U110/><E86/><V107/><F84/><W119/><G119/><T90/><D90/><U23/><E70/><V87/><F87/><W120/><G120/><T104/><D104/><AGARI ba="1,2" hai="0,1,2,44,51,53,72,76,82,92,93,98,100,104" machi="104" ten="40,1300,0" yaku="1,1,53,0" doraHai="64" doraHaiUra="8" who="3" fromWho="0" sc="356,-16,144,0,240,0,240,36" /><INIT seed="1,0,0,3,0,113" ten="340,144,240,276" oya="1" hai0="117,77,54,38,96,93,35,133,2,1,128,98,48" hai1="22,70,68,45,32,27,127,106,135,67,7,3,53" hai2="31,74,40,101,100,78,63,89,129,87,36,52,6" hai3="62,111,26,110,57,92,50,105,112,60,34,37,19"/><U10/><E106/><V104/><F129/><W66/><G105/><T61/><D38/><U46/><E32/><V102/><F6/><W12/><G37/><T9/><D117/><U125/><E135/><V59/><F31/><W79/><G79/><T115/><D115/><U64/><E67/><V86/><F86/><W4/><G4/><T95/><D35/><U18/><E64/><V119/><F119/><W33/><G26/><T118/><D118/><U126/><REACH who="1" step="1"/><E53/><REACH who="1" ten="340,134,240,276" step="2"/><V28/><F104/><W65/><G34/><T25/><D54/><U43/><E43/><V124/><F40/><W16/><G33/><T130/><D133/><U94/><E94/><V69/><F52/><W84/><G66/><T80/><D95/><U103/><E103/><V116/><F101/><W58/><G65/><T39/><D93/><U73/><E73/><V71/><F74/><W99/><G112/><T21/><D130/><U82/><E82/><V15/><F100/><W51/><G92/><T123/><D80/><U5/><E5/><V88/><F102/><W91/><G84/><T49/><D128/><U72/><E72/><V120/><F87/><W11/><G99/><T90/><D98/><U134/><E134/><V13/><F116/><W14/><G91/><T122/><D90/><U55/><E55/><V42/><F89/><W29/><G62/><T107/><D61/><U83/><E83/><V8/><F88/><W23/><G60/><T97/><D107/><U131/><E131/><V109/><F63/><W108/><G58/><T20/><D97/><U114/><E114/><V24/><F59/><RYUUKYOKU ba="0,1" sc="340,-10,134,30,240,-10,276,-10" hai1="3,7,10,18,22,27,45,46,68,70,125,126,127" /><INIT seed="1,1,1,0,4,116" ten="330,164,230,266" oya="1" hai0="14,109,15,104,87,20,90,64,22,69,114,97,125" hai1="112,21,72,83,50,37,95,4,25,54,110,78,38" hai2="130,103,123,118,55,86,108,49,111,88,96,45,33" hai3="9,73,80,100,2,3,27,11,56,89,105,7,63"/><U77/><E112/><V30/><F118/><W59/><G59/><T132/><D114/><U126/><E126/><V93/><F130/><W75/><G89/><T0/><D0/><U35/><E35/><V94/><F33/><W24/><G105/><T10/><D125/><U16/><E110/><N who="2" m="42027" /><F30/><W32/><G100/><T127/><D127/><U131/><E131/><V129/><F129/><W23/><G32/><T19/><D109/><U70/><E70/><V13/><F13/><W42/><G42/><T66/><D132/><U91/><E77/><V51/><F51/><W58/><G58/><T92/><D69/><U43/><E4/><V29/><F29/><W8/><G27/><T124/><D124/><U122/><E122/><AGARI ba="1,1" hai="45,49,55,86,88,93,94,96,103,122,123" m="42027" machi="122" ten="30,7700,0" yaku="14,1,52,2,54,1" doraHai="116" who="2" fromWho="1" sc="330,0,164,-80,230,90,266,0" /><INIT seed="2,0,0,5,0,12" ten="330,84,320,266" oya="2" hai0="14,50,0,106,23,129,99,105,54,131,51,7,41" hai1="63,89,27,112,36,3,6,45,130,121,28,114,124" hai2="118,120,84,97,69,66,102,90,75,49,128,73,91" hai3="95,122,133,93,77,76,37,34,56,61,62,47,25"/><V119/><F49/><W26/><G122/><T44/><D0/><U127/><E121/><V87/><F120/><W103/><G133/><T100/><D106/><U30/><E89/><V80/><F128/><W52/><G34/><T35/><D35/><U88/><E63/><V21/><F21/><W113/><G113/><T1/><D1/><U29/><E130/><N who="0" m="49673" /><D23/><U108/><E108/><V8/><F8/><W110/><G110/><T11/><D54/><U92/><E27/><V58/><F58/><W46/><G37/><AGARI ba="0,0" hai="7,11,14,37,41,44,50,51,99,100,105" m="49673" machi="37" ten="30,1000,0" yaku="19,1" doraHai="12" who="0" fromWho="3" sc="330,10,84,0,320,0,266,-10" /><INIT seed="3,0,0,4,4,78" ten="340,84,320,256" oya="3" hai0="27,58,49,119,116,39,6,60,96,26,92,0,17" hai1="117,111,125,65,115,21,15,114,129,37,53,66,57" hai2="16,98,75,108,133,4,87,56,86,85,84,20,62" hai3="102,7,130,45,11,121,43,126,35,112,14,54,38"/><W61/><G112/><T64/><D39/><U46/><E21/><V36/><F108/><W32/><G121/><T103/><D0/><U68/><E15/><V24/><F133/><W73/><G130/><T41/><D6/><U109/><E129/><V74/><F36/><W127/><G102/><T105/><D105/><U118/><E125/><N who="3" m="47626" /><G73/><T106/><D106/><U89/><E89/><V123/><F123/><W33/><G61/><T12/><D119/><N who="1" m="45579" /><E46/><V77/><F98/><W88/><G54/><T19/><D116/><U29/><E29/><V93/><F4/><W25/><G88/><T31/><D31/><AGARI ba="0,0" hai="7,11,14,25,31,32,33,35,38,43,45" m="47626" machi="31" ten="30,1500,0" yaku="18,1" doraHai="78" who="3" fromWho="0" sc="340,-15,84,0,320,0,256,15" /><INIT seed="3,1,0,4,2,100" ten="325,84,320,271" oya="3" hai0="135,1,19,120,21,37,66,23,113,48,121,74,131" hai1="88,84,99,122,72,15,78,116,27,69,43,62,108" hai2="36,67,59,95,98,41,25,32,47,54,92,18,0" hai3="4,33,2,20,77,127,70,3,17,63,56,76,102"/><W134/><G70/><T22/><D37/><U110/><E122/><V39/><F0/><W123/><G123/><T42/><D1/><U106/><E43/><V51/><F67/><W10/><G33/><T132/><D74/><U61/><E27/><V46/><F46/><W91/><G134/><T9/><D66/><U73/><E15/><V124/><F124/><W29/><G29/><T107/><D107/><U53/><E116/><V11/><F11/><W93/><G102/><T68/><D68/><U117/><E117/><V26/><F26/><W45/><G45/><N who="0" m="25655" /><D131/><U57/><E69/><V105/><F92/><W86/><G127/><T119/><D119/><U5/><E5/><V40/><F40/><W52/><REACH who="3" step="1"/><G3/><REACH who="3" ten="325,84,320,261" step="2"/><T79/><D120/><U85/><E110/><V35/><F39/><W111/><G111/><T129/><D121/><U8/><E108/><V60/><F36/><W65/><G65/><T34/><D34/><U109/><E109/><V118/><F118/><W50/><G50/><T75/><D135/><U7/><E62/><V71/><F71/><W28/><G28/><T83/><D132/><U130/><E130/><V96/><F35/><W12/><AGARI ba="1,1" hai="2,4,10,12,17,20,52,56,63,76,77,86,91,93" machi="12" ten="20,7800,0" yaku="1,1,0,1,7,1,54,1,53,0" doraHai="100" doraHaiUra="104" who="3" fromWho="3" sc="325,-27,84,-27,320,-27,261,91" /><INIT seed="3,2,0,5,1,28" ten="298,57,293,352" oya="3" hai0="129,50,75,9,63,4,68,69,29,78,8,81,73" hai1="53,2,89,117,34,114,111,5,15,92,6,64,122" hai2="1,66,7,116,19,96,110,112,42,95,125,3,44" hai3="57,25,10,33,106,77,84,20,35,40,124,105,72"/><W49/><G72/><T74/><D129/><U118/><E122/><V108/><F112/><W135/><G135/><T94/><D8/><N who="1" m="4503" /><E114/><V65/><F19/><W14/><G106/><T113/><D113/><U101/><E101/><V97/><F116/><N who="1" m="44649" /><E64/><V133/><F133/><W127/><G105/><T115/><D115/><U71/><E71/><V91/><F96/><W61/><G40/><T132/><D132/><U99/><E53/><V55/><F125/><N who="3" m="48203" /><G49/><T32/><D50/><U76/><E76/><V83/><F55/><N who="3" m="33983" /><G84/><T24/><D94/><U23/><E23/><V100/><F44/><W85/><G85/><T120/><D120/><U119/><E111/><N who="2" m="42539" /><F42/><W45/><G45/><T93/><D93/><U109/><E109/><V103/><F66/><W102/><G102/><T31/><D63/><U134/><E134/><V90/><F100/><W41/><G77/><T18/><D78/><U59/><E59/><V67/><F103/><W37/><G37/><T58/><D58/><U70/><E70/><V123/><F123/><W38/><G38/><T131/><D69/><U52/><E119/><V60/><F90/><W126/><G41/><T39/><D68/><U0/><E52/><V87/><F67/><W47/><G47/><T107/><D107/><U13/><E34/><V51/><F65/><W12/><G126/><T21/><D32/><N who="3" m="12361" /><G10/><AGARI ba="2,0" hai="0,2,5,10,13,89,92,99" m="44649,4503" machi="10" ten="30,1000,0" yaku="12,1" doraHai="28" who="1" fromWho="3" sc="298,0,57,16,293,0,352,-16" /><INIT seed="4,0,0,2,5,51" ten="298,73,293,336" oya="0" hai0="63,103,70,24,68,77,12,16,28,74,90,120,27" hai1="94,98,113,50,108,4,56,31,47,41,125,1,42" hai2="43,10,122,128,15,40,80,106,84,5,59,117,116" hai3="83,118,127,101,132,115,49,23,109,93,114,69,112"/><T72/><D120/><U129/><E108/><V7/><F122/><W19/><G69/><T87/><D103/><U100/><E125/><V26/><F106/><W124/><G109/><T52/><D77/><U8/><E129/><V82/><F128/><W58/><G118/><N who="2" m="45673" /><F82/><W64/><G83/><T6/><D6/><U32/><E113/><V76/><F7/><W107/><G107/><T78/><D78/><U130/><E130/><V66/><F26/><W99/><G132/><T57/><D70/><U126/><E126/><V17/><F17/><W33/><G33/><T96/><D68/><U46/><E56/><V73/><F73/><W85/><G85/><T102/><D74/><U91/><E31/><V104/><F104/><W92/><G92/><N who="0" m="58631" /><D28/><U34/><REACH who="1" step="1"/><E100/><REACH who="1" ten="298,63,293,336" step="2"/><V89/><F76/><W13/><G127/><T134/><D134/><U65/><E65/><V75/><F75/><W67/><G124/><T88/><D72/><U131/><E131/><V30/><F30/><W53/><AGARI ba="0,1" hai="13,19,23,49,53,58,64,67,93,99,101,112,114,115" machi="53" ten="40,5200,0" yaku="0,1,15,1,52,1" doraHai="51" who="3" fromWho="3" sc="298,-26,63,-13,293,-13,336,62" /><INIT seed="5,0,0,3,4,36" ten="272,50,280,398" oya="1" hai0="87,16,0,124,32,4,9,97,100,58,60,31,68" hai1="78,20,99,29,127,47,42,119,7,3,17,39,91" hai2="22,101,1,118,85,11,130,116,90,53,112,102,59" hai3="126,43,135,54,48,110,19,114,14,57,72,103,38"/><U92/><E119/><V56/><F102/><W74/><G110/><T12/><D68/><U50/><E127/><V71/><F71/><W6/><G6/><T125/><D87/><U120/><E120/><V40/><F101/><W93/><G114/><T66/><D31/><U52/><E78/><V23/><F23/><W76/><G76/><T44/><D32/><U64/><E64/><V88/><F90/><W111/><G135/><T15/><D44/><U34/><E29/><V61/><F22/><W79/><G79/><T84/><D84/><U67/><E67/><V106/><F106/><W69/><G69/><T128/><D128/><U51/><E34/><V81/><F112/><W37/><G37/><T5/><D15/><U83/><E83/><V113/><F59/><W10/><G126/><N who="0" m="48747" /><D0/><U98/><E98/><V35/><F35/><W117/><G111/><T122/><D122/><U82/><E82/><V96/><F96/><W65/><G74/><T121/><D121/><U108/><E108/><V105/><F130/><W24/><G24/><T129/><D129/><U30/><E30/><V26/><F26/><W89/><G72/><T94/><AGARI ba="0,0" hai="4,5,9,12,16,58,60,66,94,97,100" m="48747" machi="94" ten="30,2000,0" yaku="18,1,54,1" doraHai="36" who="0" fromWho="0" sc="272,20,50,-10,280,-5,398,-5" /><INIT seed="6,0,0,3,1,1" ten="292,40,275,393" oya="2" hai0="81,80,119,10,95,83,108,24,43,92,52,85,128" hai1="0,126,89,118,53,102,40,93,38,9,56,5,99" hai2="31,62,115,105,121,3,120,13,76,25,26,64,130" hai3="134,29,19,14,16,91,77,135,20,74,116,106,70"/><V114/><F105/><W60/><G106/><T94/><D108/><U122/><E122/><N who="2" m="47211" /><F76/><W98/><G116/><T45/><D119/><U23/><E118/><V111/><F62/><W100/><G29/><T32/><D128/><U129/><E129/><V59/><F59/><W36/><G36/><T112/><D112/><N who="2" m="43050" /><F64/><N who="3" m="41223" /><G91/><T35/><D85/><U12/><E126/><V61/><F61/><W50/><G50/><T90/><D90/><U78/><E78/><V54/><F54/><W124/><G19/><T17/><D52/><U15/><E38/><V125/><F3/><W97/><G100/><T2/><D2/><U47/><E102/><V79/><F79/><W65/><G124/><T37/><REACH who="0" step="1"/><D24/><REACH who="0" ten="282,40,275,393" step="2"/><U113/><E113/><V27/><F130/><W58/><G65/><T41/><D41/><U39/><E0/><V30/><F125/><W131/><G131/><T66/><D66/><U123/><E123/><V71/><F71/><W63/><G58/><T109/><D109/><U48/><E23/><V132/><F111/><W101/><G63/><T68/><D68/><U6/><REACH who="1" step="1"/><E15/><AGARI ba="0,1" hai="10,15,17,32,35,37,43,45,80,81,83,92,94,95" machi="15" ten="40,1300,0" yaku="1,1,53,0" doraHai="1" doraHaiUra="67" who="0" fromWho="1" sc="282,23,40,-13,275,0,393,0" /><INIT seed="7,0,0,0,3,94" ten="305,27,275,393" oya="3" hai0="71,34,95,30,72,125,37,67,127,132,29,129,96" hai1="103,93,45,75,46,48,14,64,106,77,47,43,31" hai2="88,87,122,68,105,86,70,56,135,101,104,60,53" hai3="17,27,112,110,16,83,28,119,80,79,19,2,82"/><W117/><G112/><T0/><D72/><U116/><E116/><V109/><F109/><W73/><G2/><T23/><D34/><U90/><E64/><V74/><F74/><W134/><G110/><T44/><D0/><U69/><E69/><V8/><F87/><W1/><G1/><T6/><D6/><U84/><E31/><V49/><F8/><W40/><G40/><N who="0" m="22543" /><D129/><U42/><E14/><V123/><F135/><W41/><G41/><T128/><D128/><U113/><E113/><V130/><F130/><W39/><G39/><T4/><D4/><U108/><E108/><V10/><F10/><W20/><G134/><T76/><D76/><U38/><E38/><V99/><F104/><W3/><G3/><T15/><D132/><U58/><E77/><V85/><F85/><W59/><G59/><T89/><D15/><U120/><E75/><V111/><F111/><W25/><G25/><T66/><D23/><U118/><E118/><V124/><F124/><N who="0" m="47690" /><D67/><U61/><E120/><N who="2" m="46123" /><F60/><AGARI ba="0,0" hai="29,30,60,66,71,89,95,96" m="47690,22543" machi="60" ten="30,2000,0" yaku="18,1,52,1" doraHai="94" who="0" fromWho="2" sc="305,20,27,0,275,-20,393,0" owari="325,13.0,27,-47.0,255,-14.0,393,48.0" /></mjloggm>