<mjloggm ver="2.3"><GO type="225" lobby="0"/><UN n0="%6B%79%6F%6E%6B%6F%31%31" n1="%E8%A8%88%E7%AE%97%E6%A9%9F%E8%87%AA%E7%84%B6" n2="%E3%81%BF%E3%81%BF%E3%81%9A" n3="%E9%9F%93%E8%A1%9B%E9%9D%92" dan="17,17,16,16" rate="2203.87,2280.47,2194.31,2180.04" sx="M,M,M,F"/><TAIKYOKU oya="0"/><INIT seed="0,0,0,1,4,12" ten="250,250,250,250" oya="0" hai0="59,72,28,25,45,40,121,14,35,19,48,58,62" hai1="34,95,47,11,7,82,64,57,109,132,4,37,32" hai2="114,106,116,78,126,54,18,112,96,107,86,0,103" hai3="93,110,111,92,22,50,94,5,6,134,52,102,118"/><T30/><D121/><U71/><E71/><V83/><F83/><W99/><G118/><T128/><D72/><U101/><E109/><N who="3" m="41482" /><G134/><T10/><D128/><U38/><E132/><V117/><F0/><W63/><G63/><T130/><D130/><U1/><E4/><N who="3" m="1642" /><G22/><T31/><REACH who="0" step="1"/><D59/><AGARI ba="0,0" hai="50,52,59,92,93,94,99,102" m="1642,41482" machi="59" ten="30,2000,0" yaku="14,1,54,1" doraHai="12" who="3" fromWho="0" sc="250,-20,250,0,250,0,250,20" /><INIT seed="1,0,0,4,2,114" ten="230,250,250,270" oya="1" hai0="1,88,85,122,5,128,63,120,118,39,124,74,32" hai1="14,94,59,9,38,10,132,48,36,100,45,15,80" hai2="6,117,107,86,57,93,37,115,131,69,47,133,61" hai3="19,72,90,26,81,20,43,116,62,108,28,119,27"/><U113/><E113/><V2/><F107/><W87/><G108/><T70/><RYUUKYOKU type="yao9" ba="0,0" sc="230,0,250,0,250,0,270,0" hai0="1,5,32,39,63,70,74,85,88,118,120,122,124,128" /><INIT seed="1,1,0,5,2,92" ten="230,250,250,270" oya="1" hai0="119,123,51,134,85,131,24,2,88,28,107,66,18" hai1="48,83,84,10,25,44,8,33,64,30,56,59,14" hai2="62,36,125,102,129,13,52,53,75,15,32,104,7" hai3="127,128,37,80,117,97,109,41,3,96,112,58,4"/><U95/><E95/><V29/><F75/><W0/><G112/><T23/><D119/><U78/><E64/><V16/><F36/><W5/><G117/><T115/><D2/><U120/><E120/><V49/><F125/><W99/><G127/><T17/><D115/><U130/><E130/><V9/><F129/><W103/><G103/><T54/><D131/><U42/><REACH who="1" step="1"/><E8/><REACH who="1" ten="230,240,250,270" step="2"/><V79/><F104/><W73/><G128/><T47/><D123/><U133/><E133/><V126/><F126/><W20/><G109/><T105/><D134/><U67/><E67/><V26/><F102/><W45/><G3/><T132/><D132/><U63/><E63/><V116/><F116/><W118/><G118/><T6/><D66/><U60/><E60/><V72/><F62/><W121/><G121/><T50/><D107/><U57/><E57/><V122/><F122/><W108/><G108/><T74/><D105/><U27/><E27/><V22/><REACH who="2" step="1"/><F49/><REACH who="2" ten="230,240,240,270" step="2"/><W55/><G0/><T61/><D51/><U40/><E40/><V31/><F31/><W111/><G111/><T89/><D61/><U110/><E110/><V38/><F38/><W81/><G37/><T94/><D28/><U76/><E76/><V12/><F12/><W68/><G41/><T39/><D39/><U82/><E82/><AGARI ba="1,2" hai="7,9,13,15,16,22,26,29,32,52,53,72,79,82" machi="82" ten="40,5200,0" yaku="1,1,54,2,53,0" doraHai="92" doraHaiUra="35" who="2" fromWho="1" sc="230,0,240,-55,240,75,270,0" /><INIT seed="2,0,0,0,1,90" ten="230,185,315,270" oya="2" hai0="50,116,133,82,23,104,9,56,61,74,98,100,125" hai1="34,55,12,115,62,53,14,8,24,7,52,57,112" hai2="89,105,122,83,19,38,81,64,78,0,132,95,123" hai3="110,88,65,25,51,58,26,4,36,16,43,84,129"/><V101/><F38/><W3/><G36/><T30/><D125/><U5/><E34/><V121/><F0/><W46/><G110/><T17/><D133/><U109/><E109/><V72/><F64/><W28/><G129/><T1/><D116/><U21/><E115/><V69/><F69/><W59/><G3/><T119/><D119/><U118/><E112/><V135/><F83/><W86/><G4/><T47/><D30/><U63/><E118/><V126/><F126/><W76/><G65/><T111/><D111/><U93/><E63/><V71/><F19/><W103/><G103/><T94/><D104/><U2/><E2/><V120/><F71/><W75/><G75/><T15/><D82/><U54/><E93/><V67/><F67/><W10/><G84/><T33/><D33/><U40/><E40/><V27/><F27/><N who="3" m="10251" /><G76/><T70/><D74/><U124/><E124/><V60/><F60/><W35/><G28/><T87/><D87/><U11/><E55/><V97/><F123/><W79/><G79/><T13/><D1/><U102/><E102/><V127/><F127/><W29/><G29/><AGARI ba="0,0" hai="5,7,8,11,12,14,21,24,29,52,53,54,57,62" machi="29" ten="30,7700,0" yaku="7,1,9,1,8,1,54,1" doraHai="90" who="1" fromWho="3" sc="230,0,185,77,315,0,270,-77" /><INIT seed="3,0,0,3,4,91" ten="230,262,315,193" oya="3" hai0="110,117,122,33,115,37,71,114,29,101,84,128,118" hai1="69,49,77,129,43,133,74,103,19,82,1,8,64" hai2="94,11,38,25,3,56,23,102,105,9,119,24,89" hai3="125,66,120,26,90,55,18,98,13,96,99,65,5"/><W40/><G120/><T75/><RYUUKYOKU type="yao9" ba="0,0" sc="230,0,262,0,315,0,193,0" hai0="29,33,37,71,75,84,101,110,114,115,117,118,122,128" /><INIT seed="3,1,0,3,2,63" ten="230,262,315,193" oya="3" hai0="36,68,42,122,131,52,89,50,95,23,106,110,64" hai1="54,20,35,111,0,72,108,78,51,61,123,104,14" hai2="28,49,133,99,27,77,103,81,47,121,114,135,126" hai3="93,16,105,96,7,13,66,113,32,11,117,24,1"/><W91/><G113/><T70/><D106/><U4/><E123/><V102/><F114/><W9/><G117/><T56/><D122/><U92/><E104/><V21/><F121/><W31/><REACH who="3" step="1"/><G105/><REACH who="3" ten="230,262,315,183" step="2"/><T90/><D131/><U67/><E111/><V97/><F135/><W41/><G41/><T6/><D110/><U15/><E108/><V40/><F133/><W125/><G125/><T124/><D124/><U34/><E34/><V33/><F126/><W115/><G115/><T85/><D42/><U116/><E35/><V5/><F33/><W57/><G57/><T134/><D134/><U25/><E116/><V26/><F40/><W94/><G94/><T19/><D36/><U18/><E92/><V88/><F47/><W82/><G82/><N who="0" m="49335" /><D70/><U10/><E72/><V2/><F81/><W59/><G59/><T8/><D68/><U60/><E78/><V119/><F77/><W43/><G43/><T100/><D100/><U129/><E129/><V3/><F119/><W83/><G83/><T87/><D64/><AGARI ba="1,1" hai="1,7,9,11,13,16,24,31,32,64,66,91,93,96" machi="64" ten="40,12000,1" yaku="1,1,52,2,54,1,53,0" doraHai="63" doraHaiUra="55" who="3" fromWho="0" sc="230,-123,262,0,315,0,183,133" owari="107,-39.0,262,-14.0,315,12.0,316,41.0" /></mjloggm>