<mjloggm ver="2.3"><GO type="169" lobby="0"/><UN n0="%EF%BC%91%EF%BC%90%E9%80%A3%E3%82%AC%E3%83%81%E3%83%A3" n1="%69%71%31%38%30%E7%9C%9F%E5%89%A3%E6%A7%98" n2="%E3%81%8B%E3%81%A5%E3%81%8D%EF%BC%B8%EF%BC%A9" n3="%E3%81%9F%E3%81%91%E3%81%A3%E3%81%A1%E2%98%85" dan="16,16,16,16" rate="2093.67,2142.81,2128.50,2063.81" sx="M,M,M,M"/><TAIKYOKU oya="0"/><INIT seed="0,0,0,0,5,50" ten="250,250,250,250" oya="0" hai0="74,14,135,113,1,88,67,73,125,29,112,16,65" hai1="117,105,38,91,68,86,34,114,102,60,66,5,107" hai2="131,100,28,51,64,41,36,25,33,62,104,93,55" hai3="35,98,77,79,23,108,87,132,26,46,110,32,95"/><T20/><D1/><U7/><E117/><V134/><F93/><W49/><G132/><T56/><D135/><U15/><E38/><V6/><F131/><W80/><G79/><T43/><D43/><U40/><E40/><V126/><F126/><W69/><G69/><T24/><D125/><U75/><E75/><V94/><F94/><W10/><G10/><T63/><D67/><U53/><E114/><V4/><F134/><W81/><G81/><T109/><D109/><N who="3" m="42089" /><G49/><T13/><D13/><U99/><E107/><V54/><F36/><W52/><G46/><T12/><D12/><U116/><E116/><V59/><F41/><W85/><G85/><T8/><REACH who="0" step="1"/><D88/><REACH who="0" ten="240,250,250,250" step="2"/><U97/><E91/><V130/><F130/><W124/><G124/><T27/><D27/><U71/><E15/><V72/><F64/><W106/><G26/><T122/><D122/><U21/><E66/><V2/><F2/><W58/><G80/><T48/><D48/><U61/><E102/><V96/><REACH who="2" step="1"/><F72/><AGARI ba="0,1" hai="8,14,16,20,24,29,56,63,65,72,73,74,112,113" machi="72" ten="40,3900,0" yaku="1,1,54,1,53,0" doraHai="50" doraHaiUra="133" who="0" fromWho="2" sc="240,49,250,0,250,-39,250,0" /><INIT seed="0,1,0,3,4,126" ten="289,250,211,250" oya="0" hai0="97,43,55,27,14,62,96,69,127,7,64,91,2" hai1="37,104,32,105,40,35,53,23,106,31,18,95,77" hai2="0,15,71,94,61,8,10,52,54,103,33,99,76" hai3="112,68,128,121,3,108,122,135,45,25,107,56,34"/><T1/><D127/><U17/><E77/><V120/><F33/><W6/><RYUUKYOKU type="yao9" ba="1,0" sc="289,0,250,0,211,0,250,0" hai3="3,6,25,34,45,56,68,107,108,112,121,122,128,135" /><INIT seed="0,2,0,4,0,7" ten="289,250,211,250" oya="0" hai0="56,100,60,11,94,102,78,76,112,29,92,43,77" hai1="1,122,2,127,79,21,12,107,117,15,39,14,110" hai2="38,31,131,47,6,9,89,67,113,48,70,129,125" hai3="68,58,84,132,46,81,114,106,103,8,116,16,3"/><T75/><D75/><U57/><E107/><V82/><F113/><W86/><G68/><T44/><D112/><U53/><E39/><V23/><F38/><W69/><G69/><T10/><D29/><U72/><E122/><V32/><F125/><W98/><G114/><T59/><D44/><U97/><E117/><V124/><F124/><W87/><G116/><T30/><D30/><U61/><E127/><V64/><F70/><W63/><G132/><T26/><D26/><U27/><E110/><V71/><F32/><W45/><G81/><T34/><D34/><U104/><E72/><V62/><F67/><W83/><G83/><T121/><D43/><U17/><REACH who="1" step="1"/><E79/><REACH who="1" ten="289,240,211,250" step="2"/><V4/><F129/><W19/><G46/><T51/><D121/><U25/><E25/><V36/><F36/><W74/><G45/><T123/><D123/><U95/><E95/><N who="0" m="36393" /><D51/><U119/><E119/><V133/><F131/><W5/><REACH who="3" step="1"/><G74/><REACH who="3" ten="289,240,211,240" step="2"/><T85/><D77/><U135/><E135/><V128/><F47/><W101/><G101/><AGARI ba="2,2" hai="1,2,12,14,15,17,21,27,53,57,61,97,101,104" machi="101" ten="40,2600,0" yaku="1,1,53,1" doraHai="7" doraHaiUra="55" who="1" fromWho="3" sc="289,0,240,52,211,0,240,-32" /><INIT seed="1,0,0,2,2,135" ten="289,292,211,208" oya="1" hai0="72,38,112,71,98,93,24,53,76,115,48,6,13" hai1="27,46,108,4,70,113,2,132,83,21,35,82,129" hai2="33,31,10,121,43,11,84,66,54,114,78,90,17" hai3="25,58,131,124,16,40,79,117,26,91,29,3,81"/><U85/><E113/><V63/><F121/><W75/><G131/><T41/><D71/><U37/><E70/><V128/><F43/><W118/><G3/><T52/><D38/><U122/><E122/><V7/><F54/><W61/><G40/><T123/><D123/><U56/><E132/><V59/><F78/><W67/><G91/><T107/><D107/><U69/><E69/><V57/><F128/><W19/><G26/><T9/><D72/><U65/><E129/><V126/><F59/><W22/><REACH who="3" step="1"/><G124/><REACH who="3" ten="289,292,211,198" step="2"/><T111/><D115/><U96/><E27/><V133/><F126/><W15/><G15/><T109/><D112/><U102/><E2/><V116/><F114/><W119/><AGARI ba="0,1" hai="16,19,22,25,29,58,61,67,75,79,81,117,118,119" machi="119" ten="30,7900,0" yaku="1,1,0,1,12,1,54,1,53,0" doraHai="135" doraHaiUra="99" who="3" fromWho="3" sc="289,-20,292,-39,211,-20,198,89" /><INIT seed="2,0,0,0,3,55" ten="269,253,191,287" oya="2" hai0="66,60,58,129,116,132,81,85,51,1,73,122,41" hai1="6,109,118,82,134,23,25,34,2,130,8,40,78" hai2="101,42,53,110,92,128,65,4,105,33,56,31,61" hai3="111,5,3,104,107,108,27,18,74,35,11,44,43"/><V96/><F128/><W86/><G86/><T22/><D122/><U64/><E118/><V131/><F131/><W52/><G74/><T80/><D1/><U39/><E130/><V47/><F4/><W126/><G126/><T115/><D115/><U67/><E109/><N who="3" m="42058" /><G52/><T46/><D132/><U49/><E134/><V117/><F117/><W13/><G27/><T63/><D116/><U83/><E83/><V94/><F110/><W87/><G87/><T19/><D73/><N who="1" m="43343" /><E49/><V57/><F31/><W120/><G35/><T99/><D129/><U26/><E34/><V98/><F33/><W10/><G120/><T123/><D123/><U70/><E70/><V119/><F98/><W75/><G75/><T114/><D114/><U112/><E112/><V103/><F103/><W91/><G91/><T12/><D99/><U106/><E26/><V0/><F0/><W121/><G121/><T21/><D21/><U90/><E90/><V93/><F119/><W135/><G135/><T62/><REACH who="0" step="1"/><D81/><REACH who="0" ten="259,253,191,287" step="2"/><U24/><E23/><V76/><F76/><AGARI ba="0,1" hai="12,19,22,41,46,51,58,60,62,63,66,76,80,85" machi="76" ten="30,8000,1" yaku="1,1,2,1,7,1,8,1,52,1,53,0" doraHai="55" doraHaiUra="133" who="0" fromWho="2" sc="259,90,253,0,191,-80,287,0" /><INIT seed="3,0,0,3,1,23" ten="349,253,111,287" oya="3" hai0="77,47,22,27,50,44,20,97,73,10,11,58,35" hai1="120,135,37,128,100,9,112,130,88,87,95,15,45" hai2="38,16,21,104,81,85,33,93,133,6,86,108,115" hai3="12,65,0,67,105,76,5,13,7,101,14,8,90"/><W28/><G76/><T94/><D35/><U74/><E112/><V18/><F38/><W72/><G72/><T29/><D20/><U121/><E74/><V92/><F104/><W48/><G7/><T66/><D77/><U17/><E135/><V69/><F33/><W32/><G48/><T60/><D73/><U40/><REACH who="1" step="1"/><E100/><REACH who="1" ten="349,243,111,287" step="2"/><V83/><F133/><W125/><G125/><T124/><D124/><U126/><E126/><V56/><F115/><W134/><G134/><T75/><D75/><U123/><AGARI ba="0,1" hai="9,15,17,37,40,45,87,88,95,120,121,123,128,130" machi="123" ten="40,5200,0" yaku="1,1,0,1,54,1,53,0" doraHai="23" doraHaiUra="54" who="1" fromWho="1" sc="349,-13,243,62,111,-13,287,-26" /><INIT seed="4,0,0,3,2,88" ten="336,305,98,261" oya="0" hai0="6,12,28,78,126,135,119,3,49,130,0,90,82" hai1="47,43,48,30,128,63,115,89,20,74,22,14,59" hai2="120,106,45,75,4,60,36,65,53,26,5,23,127" hai3="129,118,21,84,121,79,66,77,124,123,109,9,17"/><T64/><D119/><U19/><E74/><V29/><F106/><W57/><G118/><T8/><D135/><U108/><E108/><V56/><F75/><W111/><G66/><T2/><D126/><U1/><E1/><V76/><F120/><N who="3" m="46155" /><G57/><T112/><D112/><U50/><E128/><V134/><F76/><W116/><G116/><T25/><D64/><N who="1" m="39039" /><E115/><V61/><F127/><W132/><G124/><T99/><D49/><N who="1" m="26879" /><E89/><V67/><F134/><W73/><G73/><T97/><D130/><U113/><E113/><V42/><REACH who="2" step="1"/><F53/><REACH who="2" ten="336,305,88,261" step="2"/><W27/><G132/><T34/><D78/><U102/><E102/><V18/><F18/><W91/><G129/><T81/><REACH who="0" step="1"/><D99/><REACH who="0" ten="326,305,88,261" step="2"/><U122/><E122/><V39/><F39/><W11/><G79/><T24/><D24/><AGARI ba="0,2" hai="14,19,20,22,24,30,48,50" m="26879,39039" machi="24" ten="30,1000,0" yaku="8,1" doraHai="88" who="1" fromWho="0" sc="326,-10,305,30,88,0,261,0" /><INIT seed="5,0,0,5,0,109" ten="316,335,88,261" oya="1" hai0="53,92,103,57,110,81,4,9,106,39,63,50,87" hai1="55,68,117,85,49,121,76,65,0,111,96,86,33" hai2="135,97,10,95,42,38,30,7,75,40,20,78,26" hai3="14,114,101,60,3,1,61,54,77,5,56,23,59"/><U72/><E117/><V133/><F78/><W35/><G35/><T126/><D39/><U125/><E121/><V6/><F75/><W89/><G101/><T129/><D126/><U124/><E111/><V90/><F7/><W127/><G127/><N who="1" m="48714" /><E0/><V43/><REACH who="2" step="1"/><F38/><REACH who="2" ten="316,335,78,261" step="2"/><W51/><G77/><T84/><D4/><U11/><E76/><V130/><F130/><W104/><G5/><T48/><D129/><U64/><E72/><V34/><F34/><W36/><G36/><T98/><D110/><U47/><E33/><V8/><F8/><W83/><G23/><T31/><D9/><U94/><E11/><V12/><AGARI ba="0,1" hai="6,10,12,20,26,30,40,42,43,90,95,97,133,135" machi="12" ten="30,2000,0" yaku="1,1,0,1,53,0" doraHai="109" doraHaiUra="41" who="2" fromWho="2" sc="316,-5,335,-10,78,30,261,-5" /><INIT seed="6,0,0,0,2,55" ten="311,325,108,256" oya="2" hai0="38,40,94,115,92,72,20,102,9,15,0,4,44" hai1="118,6,109,67,101,122,43,78,35,124,107,91,29" hai2="111,47,84,125,11,76,97,34,108,69,52,126,110" hai3="85,14,31,96,51,71,77,93,57,24,54,62,22"/><V2/><F69/><W16/><G71/><T114/><D102/><U25/><E109/><V86/><F34/><W23/><G77/><T12/><D72/><U45/><E118/><V112/><F112/><N who="0" m="43050" /><D20/><U58/><E124/><N who="2" m="47723" /><F97/><W56/><G85/><N who="2" m="32873" /><F76/><W39/><G39/><T73/><D73/><U8/><E78/><V18/><F18/><W74/><G74/><T120/><D120/><U100/><E91/><V63/><F47/><N who="3" m="28031" /><G62/><T133/><D133/><U37/><E107/><V53/><F63/><W87/><G87/><T60/><D60/><N who="1" m="38295" /><E37/><V104/><F104/><W88/><AGARI ba="0,0" hai="14,16,22,23,24,31,56,57,88,93,96" m="28031" machi="88" ten="30,8000,1" yaku="8,1,52,2,54,2" doraHai="55" who="3" fromWho="3" sc="311,-20,325,-20,108,-40,256,80" /><INIT seed="7,0,0,0,2,26" ten="291,305,68,336" oya="3" hai0="19,89,56,134,99,20,135,132,43,93,33,23,115" hai1="118,62,42,88,27,94,110,126,130,44,122,120,111" hai2="72,25,103,63,31,36,121,55,60,32,48,133,77" hai3="107,80,22,5,39,95,105,82,7,41,78,112,14"/><W0/><G112/><T97/><D43/><U86/><E62/><V109/><F36/><W46/><G82/><T34/><D115/><U52/><E126/><V127/><F109/><W90/><G7/><T69/><D69/><U66/><E130/><V131/><F127/><W114/><G114/><T113/><D113/><U6/><E118/><V104/><F131/><W91/><G91/><T15/><D56/><U10/><E66/><V11/><F133/><W16/><G5/><T74/><D74/><U123/><E27/><V58/><F121/><W59/><G59/><T124/><D124/><U92/><E94/><V9/><F77/><W4/><G4/><T38/><D38/><U75/><E75/><V28/><F72/><W85/><G0/><T67/><D67/><U8/><E8/><V40/><F31/><W17/><G17/><T18/><REACH who="0" step="1"/><D99/><AGARI ba="0,0" hai="14,16,22,39,41,46,78,80,85,90,95,99,105,107" machi="99" ten="30,2900,0" yaku="7,1,54,1" doraHai="26" who="3" fromWho="0" sc="291,-29,305,0,68,0,336,29" owari="262,-14.0,305,11.0,68,-43.0,365,46.0" /></mjloggm>