<mjloggm ver="2.3"><GO type="169" lobby="0"/><UN n0="%E3%82%B7%E3%83%A3%E3%82%AD%E3%82%AA%E3%83%8B" n1="%E8%91%B5%E3%81%A1%E3%82%83%E3%82%93" n2="%67%61%70%61%6F" n3="%E6%9D%91%E6%9D%BE%E3%80%90%E6%9C%AC%E7%89%A9%E3%80%91" dan="16,16,16,16" rate="2169.96,2149.05,2097.04,2115.80" sx="M,F,M,M"/><TAIKYOKU oya="0"/><INIT seed="0,0,0,3,5,104" ten="250,250,250,250" oya="0" hai0="56,4,53,69,105,82,55,37,129,88,39,35,81" hai1="48,49,63,68,75,119,99,126,76,45,40,25,103" hai2="94,36,107,130,86,34,95,50,90,1,85,20,7" hai3="100,8,32,66,13,74,84,128,111,98,61,10,41"/><T132/><D69/><U91/><E119/><V113/><F36/><W62/><G128/><T110/><D35/><U47/><E126/><V101/><F34/><W97/><G32/><T87/><D129/><U67/><E91/><V80/><F130/><W83/><G111/><T23/><D105/><U6/><E6/><V124/><F1/><W58/><G41/><T44/><D110/><U18/><E25/><V57/><F7/><W102/><G74/><T52/><D132/><U54/><E18/><V117/><F113/><W120/><G120/><T51/><D4/><U26/><E26/><V59/><F124/><W121/><G121/><T122/><D122/><U14/><E14/><V31/><F107/><W71/><G71/><T72/><D23/><U118/><E118/><V17/><F31/><W79/><G62/><T27/><D27/><U73/><E76/><N who="2" m="46215" /><F117/><W38/><G38/><T9/><D9/><N who="3" m="3689" /><G13/><T109/><D109/><U28/><E28/><V106/><F106/><AGARI ba="0,0" hai="40,45,47,48,49,54,63,67,68,73,75,99,103,106" machi="106" ten="30,3900,0" yaku="7,1,52,2" doraHai="104" who="1" fromWho="2" sc="250,0,250,39,250,-39,250,0" /><INIT seed="1,0,0,1,0,35" ten="250,289,211,250" oya="1" hai0="83,66,20,126,0,77,16,124,13,50,95,28,41" hai1="52,117,110,45,119,55,133,92,53,39,78,91,8" hai2="104,18,37,65,100,24,23,22,38,11,6,90,69" hai3="120,54,74,27,99,85,42,127,40,32,5,57,102"/><U80/><E133/><V7/><F104/><W112/><G74/><T115/><D115/><U1/><E110/><V107/><F107/><W43/><G112/><T75/><D66/><U79/><E79/><V61/><F100/><W108/><G108/><T121/><D121/><U131/><E131/><V49/><F6/><W30/><G127/><T59/><D28/><U64/><E64/><V15/><F90/><W47/><G120/><T60/><D95/><U109/><E109/><V48/><F48/><W71/><G5/><T81/><D81/><U67/><E67/><V76/><F76/><W36/><G85/><T82/><D82/><U84/><E8/><V31/><REACH who="2" step="1"/><F49/><REACH who="2" ten="250,289,201,250" step="2"/><W33/><G71/><T97/><D50/><U51/><E39/><V34/><F34/><W10/><G32/><T129/><D124/><U118/><REACH who="1" step="1"/><E1/><AGARI ba="0,1" hai="1,7,11,15,18,22,23,24,31,37,38,61,65,69" machi="1" ten="30,3900,0" yaku="1,1,7,1,52,1,53,0" doraHai="35" doraHaiUra="86" who="2" fromWho="1" sc="250,0,289,-39,201,49,250,0" /><INIT seed="2,0,0,5,1,85" ten="250,250,250,250" oya="2" hai0="16,25,57,115,108,3,34,19,59,44,30,46,75" hai1="100,90,130,66,121,8,24,105,42,69,74,20,109" hai2="51,110,111,89,103,70,129,123,63,72,73,135,15" hai3="128,49,1,64,68,76,17,126,120,71,122,67,60"/><V2/><F123/><W50/><G1/><T132/><D115/><U4/><E121/><V101/><F2/><W13/><G76/><T9/><D75/><U127/><E109/><N who="2" m="41483" /><F135/><W102/><G102/><N who="2" m="38921" /><F129/><W79/><G79/><T43/><D132/><U48/><E74/><V58/><F15/><W41/><G13/><T87/><D108/><U84/><E127/><V22/><F22/><W131/><G17/><T29/><D29/><U118/><E100/><V98/><F51/><W97/><G97/><T82/><D3/><U99/><E105/><V32/><F70/><W96/><G96/><T81/><D9/><U31/><E118/><V10/><F10/><W112/><G60/><T114/><D114/><U56/><E69/><V88/><F32/><W21/><G21/><T107/><D107/><U133/><E20/><V53/><F89/><W77/><G77/><T33/><D30/><U37/><E90/><V116/><F116/><W65/><G112/><T86/><D25/><U39/><E8/><V95/><AGARI ba="0,0" hai="53,58,63,72,73,88,95,98" m="38921,41483" machi="95" ten="30,11700,0" yaku="14,1,10,1,52,1,54,1" doraHai="85" who="2" fromWho="2" sc="250,-39,250,-39,250,117,250,-39" /><INIT seed="2,1,0,4,1,131" ten="211,211,367,211" oya="2" hai0="84,96,26,47,13,56,117,45,83,7,100,86,121" hai1="37,33,80,133,97,44,38,89,3,4,50,17,65" hai2="95,25,6,72,52,40,63,5,2,129,81,54,123" hai3="15,23,105,11,109,88,43,24,51,19,29,124,75"/><V108/><F123/><W128/><G128/><T32/><D121/><U67/><E33/><V127/><F129/><W134/><G124/><T112/><D112/><U106/><E38/><V69/><F127/><W111/><G75/><T48/><D86/><U101/><E37/><V102/><F108/><N who="3" m="41547" /><G105/><T107/><D117/><U116/><E116/><V55/><F40/><W110/><N who="3" m="41555" /><W98/><DORA hai="132" /><G43/><T85/><D85/><U115/><E115/><V120/><F120/><W46/><G46/><T58/><D45/><U10/><E133/><V114/><F114/><W125/><G51/><T73/><D73/><U1/><E1/><V28/><F2/><W12/><G12/><T119/><D119/><U113/><E113/><V94/><F69/><W57/><G57/><T36/><D36/><U91/><E80/><V20/><F63/><W30/><G125/><T59/><D13/><U34/><E67/><V118/><F118/><W130/><G130/><T126/><D126/><U68/><E65/><V18/><F28/><N who="3" m="17439" /><G134/><T122/><D122/><U71/><E68/><V22/><F22/><W61/><G61/><T92/><D107/><U78/><E71/><V93/><REACH who="2" step="1"/><F102/><REACH who="2" ten="211,211,357,211" step="2"/><W90/><G29/><T49/><D100/><U87/><E101/><V8/><F8/><W42/><G30/><T70/><D70/><U76/><E10/><V31/><F31/><W53/><G42/><T21/><D21/><U14/><E3/><V77/><AGARI ba="1,1" hai="5,6,18,20,25,52,54,55,72,77,81,93,94,95" machi="77" ten="40,12000,1" yaku="1,1,0,1,54,1,53,1" doraHai="131,132" doraHaiUra="104,66" who="2" fromWho="2" sc="211,-41,211,-41,357,133,211,-41" /><INIT seed="2,2,0,4,3,94" ten="170,170,490,170" oya="2" hai0="26,71,131,69,76,0,31,45,14,80,81,91,66" hai1="33,98,67,118,42,53,10,57,88,121,113,84,17" hai2="1,108,3,125,28,39,74,109,8,61,41,19,120" hai3="68,83,23,99,35,119,114,89,92,70,112,20,22"/><V63/><F120/><W117/><G35/><T124/><D0/><U11/><E113/><V82/><F125/><W75/><G75/><T38/><D124/><U40/><E118/><V25/><F19/><W65/><G83/><T30/><D30/><U129/><E33/><N who="2" m="20623" /><F63/><W4/><G4/><T126/><D126/><U24/><E129/><V134/><F61/><W37/><G37/><T130/><D66/><U36/><E67/><V18/><F18/><W86/><G65/><T34/><D14/><U64/><E64/><V85/><F85/><W5/><G5/><T106/><D106/><U90/><E121/><V44/><F134/><W9/><G9/><N who="1" m="3082" /><E36/><V58/><F58/><W104/><G104/><T29/><D29/><U51/><E90/><V52/><F52/><W49/><G86/><T48/><D38/><U105/><E105/><V128/><F128/><N who="0" m="49194" /><D91/><U56/><E56/><V2/><F8/><W132/><G49/><T54/><D81/><N who="1" m="49167" /><E98/><V15/><F15/><W122/><G122/><T116/><D116/><N who="3" m="44617" /><G132/><T97/><D97/><U133/><E133/><V115/><F115/><AGARI ba="2,0" hai="20,22,23,68,70,89,92,99,112,114,115" m="44617" machi="115" ten="40,2600,0" yaku="11,1,52,1" doraHai="94" who="3" fromWho="2" sc="170,0,170,0,490,-32,170,32" /><INIT seed="3,0,0,1,2,39" ten="170,170,458,202" oya="3" hai0="14,88,111,45,66,55,51,24,11,20,69,124,61" hai1="134,133,128,12,48,58,46,84,6,81,94,18,47" hai2="90,26,104,108,112,49,32,99,52,57,25,113,82" hai3="29,125,59,100,95,8,23,135,131,16,119,78,1"/><W101/><G119/><T5/><D111/><U92/><E128/><V73/><F108/><W10/><G131/><T40/><D124/><U53/><E6/><V123/><F123/><W27/><G125/><T37/><D88/><N who="1" m="51215" /><E134/><V71/><F71/><W129/><G135/><T122/><D122/><U35/><E35/><V132/><F132/><W72/><G129/><T65/><D65/><U34/><E34/><V70/><F70/><W96/><G72/><T54/><REACH who="0" step="1"/><D37/><REACH who="0" ten="160,170,458,202" step="2"/><U74/><E133/><V7/><F90/><W3/><G100/><T103/><D103/><U109/><E109/><V120/><F120/><W121/><G121/><T89/><D89/><U76/><E76/><V60/><F113/><W97/><G78/><T4/><D4/><U93/><E74/><V62/><F7/><W13/><G96/><T79/><D79/><U36/><E36/><V68/><F73/><W127/><G127/><T63/><D63/><U98/><E98/><V22/><F62/><W86/><G86/><T105/><D105/><U85/><E85/><V91/><F104/><W116/><G116/><T80/><D80/><U17/><E17/><AGARI ba="0,1" hai="5,11,14,17,20,24,40,45,51,54,55,61,66,69" machi="17" ten="30,3900,0" yaku="1,1,7,1,52,1,53,0" doraHai="39" doraHaiUra="118" who="0" fromWho="1" sc="160,49,170,-39,458,0,202,0" /><INIT seed="4,0,0,1,2,128" ten="209,131,458,202" oya="0" hai0="127,65,107,61,25,14,34,129,117,13,19,10,83" hai1="90,22,85,135,101,32,126,62,35,120,3,55,12" hai2="94,48,56,125,26,132,42,71,87,82,108,102,72" hai3="49,93,103,75,57,7,100,4,1,17,66,37,99"/><T5/><D117/><U81/><E120/><V44/><F71/><W41/><G75/><T104/><D129/><U134/><E3/><V11/><F108/><W86/><G37/><T113/><D113/><U54/><E126/><V40/><F125/><W96/><G1/><T105/><D127/><U59/><E101/><V50/><F72/><W74/><G74/><T73/><D34/><U28/><E55/><N who="2" m="31863" /><F132/><N who="1" m="50729" /><E12/><V106/><F106/><W130/><G130/><T64/><D25/><AGARI ba="0,0" hai="22,25,28,32,35,54,59,62,81,85,90" m="50729" machi="25" ten="30,7700,0" yaku="20,1,52,3" doraHai="128" who="1" fromWho="0" sc="209,-77,131,77,458,0,202,0" /><INIT seed="5,0,0,2,1,29" ten="132,208,458,202" oya="1" hai0="97,110,19,98,90,106,132,31,54,77,124,18,83" hai1="58,123,62,117,100,95,17,87,89,70,12,76,11" hai2="66,49,27,109,65,68,94,84,5,71,43,60,135" hai3="40,30,63,74,24,86,2,16,9,107,118,72,38"/><U8/><E117/><V69/><F109/><W125/><G107/><T88/><D110/><U102/><E123/><V134/><F5/><W50/><G125/><T64/><D124/><U21/><E70/><N who="2" m="27243" /><F27/><W15/><G118/><T28/><D106/><U96/><E76/><V78/><F78/><W32/><G38/><T108/><D77/><U104/><REACH who="1" step="1"/><E102/><REACH who="1" ten="132,198,458,202" step="2"/><V13/><F71/><W0/><G72/><T53/><D108/><U81/><E81/><V82/><F82/><W10/><G74/><T129/><D83/><U131/><E131/><V61/><F135/><W67/><G86/><T93/><D129/><U52/><AGARI ba="0,1" hai="8,11,12,17,21,52,58,62,87,89,95,96,100,104" machi="52" ten="20,7800,0" yaku="1,1,0,1,7,1,54,1,53,0" doraHai="29" doraHaiUra="39" who="1" fromWho="1" sc="132,-26,198,88,458,-26,202,-26" /><INIT seed="5,1,0,2,4,107" ten="106,286,432,176" oya="1" hai0="110,134,20,87,14,23,52,32,114,48,25,127,104" hai1="100,15,113,49,125,45,50,124,0,62,17,128,97" hai2="109,66,96,72,69,74,35,85,117,93,41,123,120" hai3="47,11,91,57,16,64,94,70,7,10,71,77,98"/><U67/><E0/><V119/><F35/><W95/><G47/><T115/><D110/><U126/><E113/><V46/><F69/><W118/><G118/><N who="2" m="45065" /><F66/><W84/><G57/><T101/><D32/><U99/><E128/><V56/><F56/><W2/><G64/><T76/><D134/><U75/><E75/><N who="2" m="28715" /><F46/><W60/><G60/><T79/><D127/><U102/><E62/><V21/><F21/><W65/><G77/><T4/><D79/><U78/><E78/><V130/><F41/><W3/><G65/><T133/><D133/><U131/><E131/><V8/><F8/><W9/><G9/><N who="0" m="4391" /><D104/><N who="1" m="63503" /><E67/><V37/><F37/><W111/><G111/><T68/><D68/><U121/><E45/><V36/><F36/><W33/><G33/><T24/><D101/><U82/><E50/><V54/><F54/><W108/><G108/><T90/><D76/><U129/><E49/><V55/><F55/><W132/><G132/><T18/><D115/><U61/><E129/><V83/><F109/><W116/><G70/><T27/><D114/><U86/><E61/><V34/><F34/><W112/><G71/><T42/><D42/><U30/><E30/><V103/><F130/><W88/><G112/><T105/><D105/><N who="1" m="63711" /><E126/><V43/><F43/><W80/><G2/><T29/><D25/><U28/><E28/><V19/><F19/><W81/><G116/><T26/><D26/><U53/><E125/><V6/><F6/><W39/><G39/><T122/><D122/><U44/><E121/><V73/><N who="2" m="28723" /><V135/><DORA hai="22" /><F135/><W51/><G51/><T40/><D48/><RYUUKYOKU ba="1,0" sc="106,-15,286,-15,432,15,176,15" hai2="83,85,93,96,103,120,123" hai3="3,7,10,11,16,80,81,84,88,91,94,95,98" /><INIT seed="6,2,0,1,4,68" ten="91,271,447,191" oya="2" hai0="87,131,34,5,10,71,3,14,16,101,89,55,83" hai1="48,130,135,85,11,47,9,45,118,19,84,79,30" hai2="104,111,38,120,13,124,42,70,27,115,17,29,28" hai3="12,31,105,59,114,91,66,110,119,20,121,72,88"/><V65/><F120/><W62/><G119/><T96/><D131/><U44/><E118/><V21/><F104/><W41/><G121/><T107/><D71/><U67/><E130/><V93/><F115/><W6/><G105/><T18/><D34/><U123/><E123/><V129/><F124/><W78/><G110/><T36/><D55/><U74/><E74/><V133/><F129/><W35/><G35/><T90/><D90/><U81/><E30/><V49/><F133/><W23/><G114/><T32/><D32/><U15/><E67/><V97/><F29/><W37/><G72/><T109/><D109/><U116/><E116/><V25/><F25/><N who="3" m="16807" /><G37/><T80/><D80/><U113/><E113/><V40/><F38/><W128/><G128/><T39/><REACH who="0" step="1"/><D18/><REACH who="0" ten="81,271,447,191" step="2"/><U51/><E135/><V117/><F70/><W2/><G91/><T106/><D106/><U82/><E11/><AGARI ba="2,1" hai="3,5,10,11,14,16,36,39,83,87,89,96,101,107" machi="11" ten="30,8000,1" yaku="1,1,7,1,52,2,54,1,53,0" doraHai="68" doraHaiUra="58" who="0" fromWho="1" sc="81,96,271,-86,447,0,191,0" /><INIT seed="7,0,0,0,0,120" ten="177,185,447,191" oya="3" hai0="38,92,11,107,4,117,8,118,101,67,62,19,122" hai1="27,24,86,13,82,105,14,3,36,66,102,110,52" hai2="32,26,60,98,49,68,25,94,87,16,50,2,22" hai3="21,90,108,23,115,63,9,81,42,128,109,28,123"/><W76/><G123/><T59/><D122/><U97/><E3/><V0/><F0/><W45/><G128/><T47/><D107/><U93/><E110/><N who="3" m="42602" /><G115/><T7/><D19/><U46/><E105/><V61/><F2/><W48/><G90/><T43/><D101/><U79/><E66/><V113/><F68/><W58/><G9/><T41/><D92/><U29/><E36/><V1/><F1/><W56/><G28/><T126/><D126/><U20/><E27/><N who="2" m="10251" /><F32/><W30/><G30/><T127/><D127/><U135/><E135/><V100/><F87/><N who="3" m="48551" /><G58/><T106/><D59/><U130/><E130/><V129/><F129/><W44/><G44/><T78/><D47/><U15/><E46/><V132/><F113/><W88/><G88/><T131/><D131/><U17/><E52/><AGARI ba="0,0" hai="21,23,42,45,48,52,56,63" m="48551,42602" machi="52" ten="30,12000,1" yaku="10,1,52,3,54,1" doraHai="120" who="3" fromWho="1" sc="177,0,185,-120,447,0,191,120" /><INIT seed="7,1,0,3,5,0" ten="177,65,447,311" oya="3" hai0="54,60,105,1,32,59,57,114,85,18,55,65,50" hai1="66,25,49,86,14,43,83,23,120,99,62,63,109" hai2="95,134,51,52,64,33,110,115,126,15,7,89,31" hai3="133,88,107,72,53,27,117,20,36,48,121,73,24"/><W35/><G121/><T113/><D105/><U44/><E120/><V58/><F110/><W8/><G117/><T77/><D1/><U135/><E109/><V21/><F126/><W22/><G107/><T6/><D6/><U103/><E135/><V118/><F134/><W82/><G36/><T26/><D77/><U130/><E130/><V38/><F38/><W127/><G127/><T9/><D85/><U3/><E3/><V4/><F33/><W39/><G39/><T129/><D129/><U41/><E41/><V56/><F115/><N who="0" m="44042" /><D9/><U122/><E122/><V102/><F102/><W79/><G133/><T46/><D18/><U34/><E34/><V19/><F31/><W12/><G35/><T17/><D17/><U5/><E25/><V71/><F71/><W125/><G125/><T76/><D76/><U87/><E23/><N who="3" m="8746" /><G73/><T70/><D26/><U128/><E128/><V2/><F2/><W67/><G72/><T106/><D106/><U132/><E132/><V84/><F118/><W100/><G100/><T47/><D32/><U80/><E86/><V75/><F75/><W10/><G67/><T16/><D16/><U45/><E66/><V30/><F30/><W81/><G79/><T13/><D13/><U112/><E14/><V119/><F119/><W42/><G24/><T61/><AGARI ba="1,0" hai="46,47,50,54,55,57,59,60,61,65,70" m="44042" machi="61" ten="30,7900,0" yaku="15,1,11,1,34,2" doraHai="0" who="0" fromWho="0" sc="177,82,65,-21,447,-21,311,-40" owari="259,-14.0,44,-46.0,426,53.0,271,7.0" /></mjloggm>