<mjloggm ver="2.3"><GO type="169" lobby="0"/><UN n0="%E3%83%8F%E3%82%B9%E5%A4%AA" n1="%62%69%67%6D%6F%75%74%68" n2="%E3%82%8F%E3%81%9F%E3%81%B4%E3%82%93" n3="%4C%69%53%41" dan="16,16,17,16" rate="2131.12,2096.29,2256.05,2182.65" sx="M,M,M,F"/><TAIKYOKU oya="0"/><INIT seed="0,0,0,3,1,60" ten="250,250,250,250" oya="0" hai0="61,64,121,2,32,80,75,59,15,65,91,12,4" hai1="100,26,43,54,25,69,31,129,135,118,109,51,130" hai2="19,42,27,35,79,10,14,7,106,93,119,107,112" hai3="127,77,88,58,57,72,70,3,95,22,56,110,115"/><T17/><D121/><U83/><E118/><V92/><F112/><W5/><G115/><T101/><D32/><U81/><E69/><V98/><F119/><W28/><G70/><T134/><D134/><U63/><E135/><V23/><F42/><W111/><G127/><T108/><D101/><U48/><E109/><N who="3" m="41482" /><G77/><T66/><D2/><U8/><E100/><V21/><F79/><W47/><G72/><T11/><D75/><U94/><E94/><V125/><F92/><W84/><G47/><T126/><D126/><U133/><E133/><V73/><F73/><W0/><G5/><T41/><D41/><U89/><E8/><V103/><F125/><W114/><G114/><T53/><D108/><U38/><E38/><V9/><F35/><W13/><G13/><N who="0" m="7359" /><D4/><U86/><E83/><V76/><F76/><W105/><G105/><T117/><D117/><U40/><E26/><AGARI ba="0,0" hai="0,3,22,26,28,56,57,58,84,88,95" m="41482" machi="26" ten="30,2000,0" yaku="14,1,54,1" doraHai="60" who="3" fromWho="1" sc="250,0,250,-20,250,0,250,20" /><INIT seed="1,0,0,0,3,24" ten="250,230,250,270" oya="1" hai0="111,8,102,117,33,26,60,95,13,25,79,31,46" hai1="67,92,20,81,32,87,122,75,19,71,109,98,3" hai2="53,116,124,96,125,57,64,130,30,40,104,21,61" hai3="89,15,100,34,135,5,52,23,35,118,37,94,48"/><U36/><E122/><V105/><F116/><W126/><G37/><T42/><D117/><U74/><E36/><V103/><F130/><W29/><G118/><T0/><D111/><U113/><E113/><V22/><F40/><W107/><G126/><N who="2" m="48745" /><F105/><W27/><G135/><T119/><D119/><U82/><E3/><V10/><F10/><N who="3" m="4559" /><G107/><T68/><D0/><U72/><E109/><V39/><F39/><W4/><G35/><T97/><D79/><U49/><E32/><V44/><F30/><W1/><G34/><T99/><D26/><U90/><E49/><AGARI ba="0,0" hai="21,22,44,49,53,57,61,64,96,103,104" m="48745" machi="49" ten="30,1000,0" yaku="18,1" doraHai="24" who="2" fromWho="1" sc="250,0,230,-10,250,10,270,0" /><INIT seed="2,0,0,2,5,86" ten="250,220,260,270" oya="2" hai0="67,34,53,106,132,52,103,63,110,125,83,76,78" hai1="18,39,100,47,66,32,4,55,22,130,70,27,25" hai2="15,44,77,133,12,21,84,10,3,131,24,81,59" hai3="46,14,64,11,28,112,128,126,36,94,68,2,16"/><V40/><F131/><W60/><G128/><T101/><D110/><U98/><E130/><V69/><F133/><W49/><G126/><T0/><D125/><U7/><E70/><V117/><F117/><W92/><G112/><T82/><D0/><U134/><E66/><V104/><F69/><W56/><G28/><T61/><D34/><U62/><E134/><V57/><F104/><W89/><G2/><T23/><D132/><U8/><E39/><V107/><F107/><W5/><G36/><T30/><D106/><U97/><E97/><V54/><F3/><W129/><G129/><T38/><D38/><U41/><E41/><V99/><F99/><W13/><G68/><T19/><D30/><U121/><E121/><V26/><F26/><W65/><G64/><T116/><D67/><U58/><E47/><V111/><F111/><W6/><G92/><T122/><D122/><U127/><E127/><V42/><F44/><W74/><G14/><N who="2" m="5161" /><F10/><W17/><G74/><T88/><D19/><U113/><E8/><V29/><F59/><W50/><G17/><T119/><D23/><U123/><E123/><V95/><F95/><W79/><G79/><T96/><D96/><U37/><E37/><V20/><F20/><W72/><G72/><T115/><D115/><U75/><E75/><V31/><F31/><W80/><G80/><T9/><D9/><U48/><E113/><V71/><F71/><W33/><G33/><T108/><D108/><U105/><E62/><AGARI ba="0,0" hai="21,24,29,40,42,54,57,62,77,81,84" m="5161" machi="62" ten="30,1500,0" yaku="8,1" doraHai="86" who="2" fromWho="1" sc="250,0,220,-15,260,15,270,0" /><INIT seed="2,1,0,1,3,9" ten="250,205,275,270" oya="2" hai0="21,122,1,81,59,8,62,38,13,105,36,44,43" hai1="96,47,54,12,88,6,72,26,19,39,89,107,37" hai2="85,86,90,7,14,25,114,87,16,80,71,102,42" hai3="104,5,129,133,74,124,132,120,29,131,57,28,75"/><V125/><F114/><W61/><G104/><T64/><D122/><U3/><E72/><N who="3" m="27690" /><G5/><T116/><D105/><U52/><E3/><V60/><F125/><W31/><G120/><T51/><D116/><U48/><E39/><V134/><F134/><N who="3" m="51819" /><G124/><T50/><D1/><U103/><E37/><V112/><F112/><W20/><G20/><T117/><D117/><U2/><E2/><V70/><F42/><W0/><G0/><T63/><D21/><U97/><E97/><V68/><F102/><W46/><G46/><N who="0" m="25951" /><D13/><U92/><E107/><V67/><F25/><W94/><G94/><T53/><D8/><N who="1" m="4119" /><E54/><AGARI ba="1,0" hai="28,29,31,54,57,61,129,131" m="51819,27690" machi="54" ten="40,1300,0" yaku="20,1" doraHai="9" who="3" fromWho="1" sc="250,0,205,-16,275,0,270,16" /><INIT seed="3,0,0,1,3,125" ten="250,189,275,286" oya="3" hai0="7,9,29,0,31,26,129,15,120,95,65,99,11" hai1="104,102,134,71,23,69,30,70,110,4,79,68,56" hai2="127,94,16,61,41,103,115,59,133,14,116,93,97" hai3="96,5,13,43,85,82,3,2,51,123,21,60,55"/><W8/><G123/><T36/><D36/><U57/><E110/><V100/><F133/><W91/><G43/><T32/><D65/><U66/><E134/><V44/><F127/><W98/><G60/><T119/><D120/><U126/><E126/><V89/><F115/><W12/><G2/><T109/><D109/><U1/><E79/><V74/><F74/><W17/><REACH who="3" step="1"/><G3/><REACH who="3" ten="250,189,275,276" step="2"/><T135/><D135/><U38/><E38/><V28/><F41/><W114/><G114/><T42/><D42/><U77/><E1/><V72/><F61/><W131/><G131/><T80/><D129/><U84/><E71/><V6/><F116/><W49/><G49/><T106/><D0/><U88/><E70/><V108/><F108/><W78/><G78/><T19/><D119/><U40/><E77/><V122/><F122/><W34/><G34/><T33/><D32/><U130/><E130/><V37/><F37/><W18/><G18/><T128/><D128/><U83/><E40/><V76/><F16/><W58/><AGARI ba="0,1" hai="5,8,12,13,17,21,51,55,58,82,85,91,96,98" machi="58" ten="20,7800,0" yaku="1,1,0,1,7,1,8,1,53,0" doraHai="125" doraHaiUra="22" who="3" fromWho="3" sc="250,-26,189,-26,275,-26,276,88" /><INIT seed="3,1,0,2,4,0" ten="224,163,249,364" oya="3" hai0="46,53,69,108,114,86,135,105,40,87,64,50,6" hai1="111,62,45,67,29,94,109,55,61,11,35,119,66" hai2="125,107,73,91,126,39,59,5,15,54,43,85,56" hai3="18,103,24,81,95,33,117,58,47,49,13,124,70"/><W12/><G70/><T100/><D108/><N who="1" m="41547" /><E119/><V79/><F107/><W2/><G2/><T26/><D135/><U63/><E29/><V16/><F79/><W106/><G106/><T42/><D114/><U104/><E104/><V28/><F73/><W113/><G117/><T8/><D26/><U52/><E35/><V118/><F28/><W96/><G113/><T98/><D64/><N who="1" m="24619" /><E94/><V80/><F118/><W72/><G58/><T4/><D69/><U34/><E34/><V74/><F74/><W97/><G33/><T14/><D4/><U93/><E93/><V22/><F5/><W101/><G72/><T32/><REACH who="0" step="1"/><D32/><REACH who="0" ten="214,163,249,364" step="2"/><U130/><E130/><V89/><F125/><W65/><G124/><T77/><D77/><U37/><E11/><V25/><F126/><W116/><G116/><T127/><D127/><U128/><E128/><V57/><F25/><W7/><G24/><T1/><D1/><U82/><E82/><V51/><REACH who="2" step="1"/><F91/><REACH who="2" ten="214,163,239,364" step="2"/><W27/><G27/><T23/><D23/><U134/><E134/><V123/><F123/><W90/><G90/><T75/><D75/><U83/><E83/><V110/><F110/><W38/><G81/><T92/><D92/><U19/><E19/><V44/><AGARI ba="1,2" hai="15,16,22,39,43,44,51,54,56,57,59,80,85,89" machi="44" ten="30,4000,0" yaku="1,1,0,1,54,1,53,0" doraHai="0" doraHaiUra="21" who="2" fromWho="2" sc="214,-11,163,-11,239,63,364,-21" /><INIT seed="4,0,0,0,4,36" ten="203,152,302,343" oya="0" hai0="69,29,45,30,58,96,124,63,92,14,71,49,122" hai1="8,33,4,134,94,83,133,91,93,12,99,100,88" hai2="130,66,22,126,82,75,121,15,68,0,20,18,105" hai3="78,54,42,55,77,9,135,95,67,6,102,109,23"/><T38/><D122/><U87/><REACH who="1" step="1"/><E33/><REACH who="1" ten="203,142,302,343" step="2"/><V65/><F121/><W84/><G109/><T28/><D124/><U86/><AGARI ba="0,1" hai="4,8,12,83,86,87,88,91,93,94,99,100,133,134" machi="86" ten="30,12000,2" yaku="21,2,2,1,0,1,54,1,53,2" doraHai="36" doraHaiUra="129" who="1" fromWho="1" sc="203,-60,142,130,302,-30,343,-30" /><INIT seed="5,0,0,1,3,92" ten="143,272,272,313" oya="1" hai0="18,4,32,61,23,70,102,11,53,36,95,58,25" hai1="117,98,0,124,17,97,118,3,133,26,15,123,78" hai2="127,43,89,88,130,52,79,63,96,113,85,129,60" hai3="67,93,20,49,86,101,45,51,40,46,134,22,76"/><U74/><E123/><V103/><F127/><W12/><G134/><T112/><D112/><U19/><E133/><V24/><F43/><W82/><G67/><T68/><D36/><U135/><E135/><V105/><F24/><W28/><G28/><T104/><D104/><U131/><E124/><V8/><F8/><W119/><G119/><T65/><D32/><U30/><E131/><N who="2" m="50187" /><F113/><W56/><G56/><T1/><REACH who="0" step="1"/><D65/><REACH who="0" ten="133,272,272,313" step="2"/><U115/><E115/><V27/><F27/><W69/><G69/><T121/><D121/><U116/><E26/><V108/><F108/><W31/><G31/><T87/><D87/><U34/><E34/><V125/><F125/><W10/><G86/><T29/><D29/><U72/><E30/><V106/><F106/><W14/><G22/><T54/><D54/><U64/><E64/><V7/><F7/><W62/><G20/><T120/><D120/><U77/><E117/><V48/><F79/><W57/><G76/><T35/><D35/><U81/><E81/><N who="2" m="49199" /><F89/><W71/><G82/><T42/><D42/><U90/><E90/><V107/><F107/><W91/><G40/><T94/><D94/><U41/><E41/><V126/><F126/><W83/><G93/><T38/><D38/><U128/><E128/><V122/><F122/><W2/><G83/><T80/><D80/><U114/><E114/><V132/><F132/><W9/><G91/><T84/><D84/><U109/><E109/><V55/><F55/><W75/><G10/><T100/><D100/><U110/><E110/><V59/><AGARI ba="0,1" hai="48,52,59,60,63,96,103,105" m="49199,50187" machi="59" ten="30,7900,0" yaku="19,1,52,1,54,2" doraHai="92" who="2" fromWho="2" sc="133,-20,272,-39,272,89,313,-20" /><INIT seed="6,0,0,4,2,42" ten="113,233,361,293" oya="2" hai0="70,36,132,60,122,45,93,124,0,31,109,84,119" hai1="77,21,126,64,85,48,115,50,53,57,32,22,101" hai2="61,2,62,108,87,34,80,90,116,127,3,110,120" hai3="79,33,35,28,105,82,37,104,91,38,59,81,65"/><V74/><F116/><W6/><G6/><T129/><D93/><U41/><E32/><V4/><F120/><W88/><G59/><T117/><D84/><U75/><E75/><V99/><F34/><W30/><REACH who="3" step="1"/><G65/><REACH who="3" ten="113,233,361,283" step="2"/><T49/><D45/><N who="1" m="25647" /><E126/><V47/><F47/><W29/><G29/><T10/><D31/><U1/><E1/><V134/><F3/><W24/><G24/><T19/><D124/><U12/><E64/><V128/><F127/><W114/><G114/><T27/><D0/><U123/><E115/><V130/><F4/><W111/><G111/><N who="2" m="42537" /><F2/><W17/><G17/><T69/><D19/><U98/><E123/><V46/><F134/><W73/><G73/><T92/><D132/><U102/><E12/><V26/><F74/><W113/><G113/><T68/><D109/><U89/><E57/><V56/><F56/><W125/><G125/><T44/><D122/><U107/><E107/><V76/><F26/><W78/><AGARI ba="0,1" hai="28,30,33,35,37,38,78,79,81,82,88,91,104,105" machi="78" ten="25,8000,1" yaku="1,1,0,1,22,2,54,1,53,0" doraHai="42" doraHaiUra="58" who="3" fromWho="3" sc="113,-20,233,-20,361,-40,283,90" /><INIT seed="7,0,0,4,2,124" ten="93,213,321,373" oya="3" hai0="54,5,7,19,60,81,115,63,85,129,94,113,133" hai1="59,77,18,65,33,130,126,119,97,68,122,103,110" hai2="95,13,89,86,56,31,132,128,107,39,62,26,134" hai3="88,53,102,41,8,84,74,114,20,99,10,50,72"/><W80/><G114/><N who="0" m="43531" /><D94/><U93/><E122/><V49/><F39/><W24/><G41/><T2/><D2/><U98/><E110/><V73/><F73/><W101/><G74/><T83/><D85/><U16/><E33/><V112/><F112/><W37/><G37/><T42/><D19/><U55/><E68/><V28/><F107/><W3/><G72/><T61/><D133/><N who="2" m="51306" /><F49/><W106/><G3/><T27/><D27/><U125/><E119/><V29/><F13/><W135/><G135/><T34/><D34/><U118/><E118/><V43/><F43/><W44/><G102/><T105/><D54/><U91/><E77/><V78/><F78/><W67/><G67/><T79/><D79/><U1/><E1/><V66/><F26/><W6/><G6/><N who="0" m="2059" /><D42/><U52/><E55/><V4/><F4/><W22/><G22/><T35/><D35/><U104/><E93/><V25/><F25/><W11/><G8/><T30/><D30/><AGARI ba="0,0" hai="10,11,20,24,30,44,50,53,80,84,88,99,101,106" machi="30" ten="30,2900,0" yaku="7,1,54,1" doraHai="124" who="3" fromWho="0" sc="93,-29,213,0,321,0,373,29" owari="64,-44.0,213,-19.0,321,12.0,402,51.0" /></mjloggm>