<mjloggm ver="2.3"><GO type="169" lobby="0"/><UN n0="%E3%81%A9%E3%81%8F%E3%81%A1%E3%81%8F%E3%82%8F" n1="%E6%9C%A8%E5%8E%9F%E8%B1%AA%E4%B8%80" n2="%40%6D%40" n3="%67%6F%74%61%70%6F%6F%68" dan="16,17,16,16" rate="2074.70,2201.45,2055.15,2177.62" sx="M,M,M,M"/><TAIKYOKU oya="0"/><INIT seed="0,0,0,4,4,130" ten="250,250,250,250" oya="0" hai0="123,41,106,121,120,19,53,34,117,93,31,113,5" hai1="129,6,43,23,126,133,122,55,52,67,128,79,96" hai2="103,62,112,108,110,59,29,27,116,64,63,68,82" hai3="119,42,85,90,127,7,54,74,131,39,47,109,61"/><T51/><D106/><U99/><E122/><V102/><F112/><W50/><G131/><N who="1" m="50250" /><E79/><V71/><F116/><W100/><G109/><N who="2" m="42089" /><F82/><W46/><G127/><T24/><D117/><U91/><E6/><V56/><F56/><W14/><G119/><T44/><D113/><U58/><E23/><N who="2" m="15615" /><F71/><W35/><G35/><T37/><D5/><U60/><E126/><V69/><F69/><W94/><G74/><T134/><D19/><U33/><E33/><V73/><F73/><W114/><G114/><T104/><D93/><U32/><E32/><V81/><F81/><W1/><G61/><T38/><D104/><U26/><E26/><V28/><F28/><W92/><G14/><T49/><D37/><U135/><E43/><V15/><F15/><W40/><G40/><T10/><D38/><U111/><E111/><V101/><F103/><W3/><REACH who="3" step="1"/><G7/><REACH who="3" ten="250,250,250,240" step="2"/><T45/><REACH who="0" step="1"/><D10/><REACH who="0" ten="240,250,250,240" step="2"/><U16/><E16/><V88/><F68/><W30/><G30/><T107/><D107/><U18/><E18/><V80/><F63/><W36/><G36/><T48/><D48/><U0/><E60/><V83/><F62/><W76/><G76/><T84/><D84/><U132/><E67/><V21/><F64/><W2/><G2/><T105/><D105/><U87/><E0/><V97/><F97/><AGARI ba="0,2" hai="1,3,39,42,46,47,50,54,85,90,92,94,97,100" machi="97" ten="40,1300,0" yaku="1,1,53,0" doraHai="130" doraHaiUra="20" who="3" fromWho="2" sc="240,0,250,0,250,-13,240,33" /><INIT seed="1,0,0,0,5,99" ten="240,250,237,273" oya="1" hai0="72,47,53,9,36,15,131,109,77,130,75,48,110" hai1="88,103,8,85,52,26,78,69,59,84,90,11,113" hai2="125,98,49,51,34,24,42,112,29,45,68,0,82" hai3="65,23,57,1,31,133,100,3,63,7,135,89,118"/><U123/><E113/><V58/><F68/><W2/><G118/><T56/><D77/><U97/><E69/><V129/><F129/><N who="0" m="49162" /><D36/><U115/><E115/><V73/><F125/><W104/><G89/><N who="1" m="34410" /><E123/><V21/><F0/><W107/><G7/><T76/><D47/><U19/><E78/><V50/><F112/><W122/><G122/><T119/><D119/><U54/><E54/><V92/><F34/><W44/><G44/><T66/><D66/><U86/><E26/><V71/><F71/><W134/><G100/><T62/><D62/><N who="1" m="36199" /><E19/><V114/><F114/><W128/><G128/><T91/><D91/><U126/><E126/><V80/><F73/><N who="0" m="28234" /><D76/><U39/><E39/><V121/><F121/><W12/><G31/><T108/><D108/><U101/><E101/><N who="2" m="60615" /><F58/><W96/><G57/><T102/><D102/><U61/><E61/><V13/><F13/><W43/><G65/><T93/><D109/><U117/><E117/><V30/><F30/><W74/><G74/><T79/><D110/><U35/><E35/><V106/><F106/><N who="3" m="40491" /><G63/><T94/><D79/><U27/><E27/><V32/><F32/><W20/><G12/><T40/><D15/><U16/><E16/><V87/><F24/><W33/><G33/><T120/><D120/><U64/><E64/><V70/><F70/><W132/><N who="3" m="33792" /><DORA hai="17" /><W81/><G1/><T4/><D56/><U46/><E46/><V124/><F45/><W14/><G14/><T116/><D116/><U127/><E127/><V10/><F124/><W6/><G3/><N who="0" m="159" /><D53/><U83/><E83/><V5/><F82/><W28/><G81/><RYUUKYOKU ba="0,0" sc="240,15,250,15,237,-15,273,-15" hai0="40,48,93,94" hai1="8,11,84,85,86,97,103" /><INIT seed="1,1,0,4,3,129" ten="255,265,222,258" oya="1" hai0="118,13,17,91,82,130,1,72,51,33,35,81,117" hai1="64,99,58,90,7,106,89,48,46,18,120,19,12" hai2="131,74,134,127,116,98,102,105,29,30,80,78,3" hai3="31,38,132,37,65,23,75,76,0,15,2,41,85"/><U123/><E7/><V67/><F67/><W114/><G114/><T32/><D1/><U110/><E110/><V61/><F61/><W52/><G65/><T55/><D130/><U79/><E79/><V133/><F3/><W20/><G85/><T10/><D72/><U68/><E68/><V50/><F116/><W86/><G86/><T34/><N who="0" m="8192" /><DORA hai="36" /><T107/><D107/><U108/><E19/><V77/><F77/><W43/><G15/><T121/><D121/><U125/><E125/><V40/><F127/><W4/><G76/><T16/><D17/><U101/><E108/><V11/><F11/><W94/><G94/><T53/><D53/><U6/><E6/><V124/><F124/><W119/><G52/><T93/><D82/><U128/><E128/><V87/><F74/><W104/><G104/><T103/><D103/><U9/><E89/><V22/><F131/><W47/><G47/><T84/><REACH who="0" step="1"/><D93/><REACH who="0" ten="245,265,222,258" step="2"/><U109/><E109/><V97/><F80/><W62/><G4/><T111/><D111/><U122/><E90/><V115/><F105/><W60/><G75/><T66/><D66/><U45/><E64/><V112/><F102/><W21/><G21/><T25/><D25/><U70/><E70/><V39/><F22/><W135/><REACH who="3" step="1"/><G31/><REACH who="3" ten="245,265,222,248" step="2"/><T69/><D69/><U59/><REACH who="1" step="1"/><E45/><AGARI ba="1,2" hai="10,13,16,45,51,55,81,84,91,117,118" m="8192" machi="45" ten="70,8000,1" yaku="1,1,25,2,54,1,53,0" doraHai="129,36" doraHaiUra="56,88" who="0" fromWho="1" sc="245,103,265,-83,222,0,248,0" /><INIT seed="2,0,0,3,2,69" ten="348,182,222,248" oya="2" hai0="24,77,91,65,52,119,67,101,109,57,64,23,73" hai1="111,113,58,114,88,96,122,74,44,6,16,106,20" hai2="131,59,31,50,128,5,33,81,134,40,133,105,80" hai3="115,87,135,15,130,82,117,126,76,95,60,8,116"/><V39/><F105/><W3/><G3/><T86/><D109/><U10/><E74/><V89/><F5/><W54/><G135/><N who="2" m="51721" /><F89/><W103/><G130/><N who="2" m="49705" /><F31/><W41/><G115/><T34/><D34/><U51/><E111/><V19/><F19/><W22/><G95/><T29/><D101/><U25/><E122/><V48/><F33/><W68/><G22/><T90/><D119/><U12/><E58/><V78/><F59/><W92/><G103/><T127/><D73/><U18/><E6/><V53/><F53/><W129/><G54/><T45/><D77/><U47/><E106/><V55/><F55/><W35/><G76/><T17/><D29/><U28/><E28/><V42/><F81/><W43/><G82/><T125/><D45/><U118/><E118/><V132/><N who="2" m="51729" /><V56/><DORA hai="37" /><F56/><W4/><G4/><T71/><D71/><U63/><E47/><N who="2" m="23967" /><F42/><W94/><G35/><T46/><D46/><U124/><E44/><V26/><F26/><W104/><G104/><T121/><D121/><U9/><E25/><V38/><F38/><W72/><G68/><T1/><D90/><U70/><E88/><V7/><F7/><W84/><G129/><T21/><D23/><U93/><E20/><V123/><F123/><W13/><G8/><T36/><D36/><U11/><E11/><V14/><F14/><W108/><G108/><T83/><REACH who="0" step="1"/><D1/><REACH who="0" ten="338,182,222,248" step="2"/><U100/><E70/><V102/><F102/><W61/><G117/><T2/><D2/><U79/><E100/><V49/><F78/><W98/><G116/><T97/><D97/><U62/><E79/><RYUUKYOKU ba="0,1" sc="338,15,182,-15,222,15,248,-15" hai0="17,21,24,52,57,64,65,67,83,86,91,125,127" hai2="48,49,50,80" /><INIT seed="2,1,1,1,4,79" ten="353,167,237,233" oya="2" hai0="134,114,58,5,124,125,1,22,121,38,70,91,31" hai1="67,3,54,93,88,61,24,101,65,92,64,45,68" hai2="73,85,20,40,87,9,109,100,113,14,46,130,60" hai3="29,112,21,59,120,104,25,76,62,23,16,98,28"/><V2/><F73/><W118/><G118/><T44/><D70/><U13/><E3/><V95/><F113/><W17/><G120/><T75/><D121/><U86/><E24/><V57/><F130/><W10/><G112/><T12/><D114/><U135/><E135/><V131/><F131/><W6/><G104/><T33/><D75/><U129/><E129/><V47/><F2/><W74/><G98/><T132/><D58/><U37/><E13/><V4/><F20/><W123/><G123/><T11/><D91/><U102/><E102/><V110/><F100/><W96/><G96/><T8/><D44/><U115/><E115/><V27/><F27/><W34/><G76/><T89/><D89/><U94/><E101/><V32/><F32/><W127/><G74/><T82/><D38/><U77/><E77/><V107/><F107/><W48/><G48/><T81/><D33/><U84/><E84/><V39/><F47/><W35/><G62/><T106/><D106/><U49/><REACH who="1" step="1"/><E37/><REACH who="1" ten="353,157,237,233" step="2"/><V122/><F122/><W15/><G127/><N who="0" m="48715" /><D134/><U117/><E117/><V83/><F87/><W63/><G35/><T43/><D132/><U0/><E0/><V78/><REACH who="2" step="1"/><F95/><AGARI ba="1,2" hai="45,49,54,61,64,65,67,68,86,88,92,93,94,95" machi="95" ten="40,2600,0" yaku="1,1,54,1,53,0" doraHai="79" doraHaiUra="119" who="1" fromWho="2" sc="353,0,157,49,237,-29,233,0" /><INIT seed="3,0,0,5,3,48" ten="353,206,208,233" oya="3" hai0="17,121,44,97,70,34,73,22,69,81,83,42,101" hai1="6,103,110,46,0,95,93,41,20,89,18,54,23" hai2="32,114,119,3,30,71,33,67,10,19,96,21,76" hai3="47,128,100,107,133,77,72,108,113,4,27,117,135"/><W115/><G117/><T40/><D34/><U125/><E110/><V111/><F111/><W52/><G108/><T88/><D121/><U105/><E125/><V25/><F119/><W29/><G4/><T53/><D40/><U86/><E105/><V39/><F39/><W130/><G100/><T92/><D73/><U80/><E23/><V127/><F127/><W62/><G77/><T134/><D134/><N who="3" m="51209" /><G72/><T132/><D132/><U45/><E0/><V82/><F96/><W98/><G98/><T55/><D70/><U129/><E6/><V124/><F114/><N who="3" m="43531" /><G107/><T91/><D69/><U58/><E103/><V38/><F124/><W31/><G31/><T26/><D101/><U126/><E126/><V120/><F120/><W36/><G36/><T99/><D99/><U131/><E131/><V104/><F104/><W109/><G109/><T116/><D116/><U61/><E129/><N who="3" m="49770" /><G47/><N who="1" m="17930" /><E41/><V14/><F38/><W85/><G85/><N who="0" m="50239" /><D81/><U37/><E37/><V51/><F82/><W84/><G84/><T24/><D24/><AGARI ba="0,0" hai="18,20,24,54,58,61,80,86,89,93,95" m="17930" machi="24" ten="30,2000,0" yaku="8,1,52,1" doraHai="48" who="1" fromWho="0" sc="353,-20,206,20,208,0,233,0" /><INIT seed="4,0,0,0,2,42" ten="333,226,208,233" oya="0" hai0="3,74,108,106,34,66,82,56,31,44,38,18,100" hai1="51,94,132,33,88,131,80,90,129,8,21,26,102" hai2="92,95,115,118,7,63,37,119,73,46,68,116,28" hai3="127,123,89,50,64,27,126,58,130,62,54,65,72"/><T20/><D3/><U69/><E69/><V47/><F37/><W71/><G72/><T81/><D34/><U0/><E33/><V93/><F73/><W19/><G19/><T52/><D31/><U39/><E39/><V15/><F28/><W57/><G89/><T53/><D108/><U113/><E132/><V61/><F115/><W4/><G4/><T25/><D66/><U77/><E51/><V135/><F135/><W11/><G11/><T117/><D117/><U111/><E111/><V41/><F41/><W23/><G23/><T83/><D74/><U103/><E90/><V17/><F7/><W99/><G99/><T125/><D125/><N who="3" m="47625" /><G27/><T121/><D121/><U128/><E113/><V110/><F110/><W43/><G130/><T75/><D75/><N who="1" m="43071" /><E8/><V104/><F104/><W29/><G29/><T84/><D84/><N who="1" m="52487" /><E0/><V59/><F68/><W55/><G123/><T22/><D22/><U109/><E109/><V5/><F5/><W2/><G2/><T134/><D134/><U32/><E32/><V16/><F17/><AGARI ba="0,0" hai="17,21,26,102,103,128,129,131" m="52487,43071" machi="17" ten="30,2000,0" yaku="19,1,54,1" doraHai="42" who="1" fromWho="2" sc="333,0,226,20,208,-20,233,0" /><INIT seed="5,0,0,3,3,57" ten="333,246,188,233" oya="1" hai0="100,118,48,114,43,91,54,18,125,72,77,123,76" hai1="16,67,75,45,6,13,68,93,41,129,35,24,63" hai2="109,37,83,81,86,33,27,99,107,4,11,133,36" hai3="111,103,78,0,38,71,64,3,52,44,90,19,79"/><U15/><E75/><V5/><F109/><W130/><G111/><T110/><D110/><U98/><E129/><V55/><F133/><W74/><G103/><T105/><D125/><U120/><E120/><V61/><F83/><W34/><G90/><T127/><D127/><U106/><E106/><V21/><F33/><W28/><G19/><T96/><D118/><U53/><E53/><V87/><F87/><W30/><G52/><T126/><D126/><U56/><E68/><V82/><F82/><W1/><G130/><T104/><D114/><U116/><E6/><V23/><F99/><W121/><G121/><T51/><D123/><U117/><E35/><V42/><F107/><W49/><G38/><T102/><D72/><U17/><E24/><V131/><F131/><W85/><G85/><T124/><D124/><U112/><E15/><V128/><F128/><W62/><G74/><T84/><D105/><U134/><E134/><V94/><F42/><W20/><G34/><T29/><D43/><U47/><E45/><V26/><F81/><W9/><G9/><T50/><D104/><U59/><E59/><V108/><F108/><W119/><G119/><T132/><D132/><U89/><E17/><V70/><F4/><W80/><G80/><T60/><D18/><U39/><REACH who="1" step="1"/><E112/><REACH who="1" ten="333,236,188,233" step="2"/><V97/><F5/><W115/><G115/><T2/><D54/><U73/><E73/><V31/><F55/><N who="3" m="30119" /><G30/><T69/><D69/><U113/><E113/><V25/><F70/><W135/><G135/><T40/><D40/><U10/><AGARI ba="0,1" hai="10,13,16,39,41,47,56,63,67,89,93,98,116,117" machi="10" ten="20,12000,1" yaku="1,1,0,1,7,1,52,1,54,1,53,0" doraHai="57" doraHaiUra="122" who="1" fromWho="1" sc="333,-40,236,130,188,-40,233,-40" /><INIT seed="5,1,0,3,5,77" ten="293,366,148,193" oya="1" hai0="112,85,107,135,96,89,104,105,101,3,99,18,122" hai1="129,39,17,23,102,117,27,16,88,38,120,61,47" hai2="15,114,111,82,110,116,10,45,91,55,51,74,20" hai3="108,76,79,53,37,78,132,67,84,14,97,133,57"/><U35/><E117/><V124/><F116/><W19/><G108/><T90/><D3/><U121/><E35/><V80/><F124/><W92/><G37/><T11/><D11/><U68/><E102/><V115/><F20/><W81/><G67/><T52/><D112/><N who="2" m="43050" /><F91/><N who="3" m="55455" /><G133/><T95/><D18/><U21/><E129/><V22/><F22/><N who="3" m="11639" /><G132/><T54/><D135/><U7/><E7/><N who="2" m="3551" /><F74/><W73/><G73/><T13/><D13/><U60/><E27/><V36/><F36/><W50/><AGARI ba="1,0" hai="50,53,57,76,78,79,81,84" m="11639,55455" machi="50" ten="30,2000,0" yaku="8,1,52,1" doraHai="77" who="3" fromWho="3" sc="293,-6,366,-11,148,-6,193,23" /><INIT seed="6,0,0,0,2,70" ten="287,355,142,216" oya="2" hai0="84,1,55,83,18,16,67,63,73,8,78,49,52" hai1="50,121,115,54,26,133,42,65,66,106,15,32,62" hai2="105,58,60,77,41,36,59,53,93,19,11,61,45" hai3="124,39,21,120,27,5,129,57,72,103,44,109,114"/><V31/><F105/><W99/><G109/><T20/><D73/><U24/><E106/><V68/><F68/><W108/><G108/><T76/><D76/><U81/><E42/><V116/><F116/><W69/><G69/><T90/><D78/><U43/><E43/><V110/><F110/><W4/><G72/><T80/><D80/><U130/><E62/><V12/><F77/><W79/><G120/><T3/><D18/><U112/><E130/><V38/><F93/><N who="3" m="58863" /><G39/><T87/><D87/><U9/><E81/><V13/><F13/><W101/><G101/><T98/><D98/><U88/><E88/><V104/><F104/><W22/><G44/><N who="0" m="27687" /><D55/><U14/><E14/><V96/><F96/><W48/><G5/><T2/><D20/><U64/><E121/><V134/><F31/><W33/><G33/><T6/><D6/><U132/><E32/><V85/><F85/><W30/><G4/><T86/><D84/><U127/><E26/><V113/><F113/><W135/><G114/><N who="1" m="43562" /><E24/><V97/><F97/><W10/><G27/><T0/><D0/><U111/><E111/><V47/><F134/><W94/><G135/><T25/><D25/><U7/><E133/><V123/><F123/><W122/><G122/><T107/><D107/><U37/><E132/><V126/><F126/><W118/><G124/><T35/><D35/><U75/><E75/><V117/><F117/><W28/><G118/><T46/><D1/><U23/><E127/><V17/><F17/><W92/><G30/><T95/><D2/><U89/><E7/><V29/><F29/><W128/><G28/><RYUUKYOKU ba="0,0" sc="287,0,355,0,142,0,216,0" /><INIT seed="7,1,0,2,4,111" ten="287,355,142,216" oya="3" hai0="51,33,75,4,11,131,70,10,100,39,99,45,73" hai1="116,88,3,1,67,36,103,22,69,82,14,18,59" hai2="83,90,98,78,50,44,108,128,79,66,19,134,30" hai3="86,47,96,42,101,81,115,57,105,8,15,29,125"/><W85/><G125/><T43/><D131/><U38/><E69/><V21/><F108/><W6/><G29/><T76/><D11/><U127/><E38/><V17/><F128/><W84/><G57/><T102/><D102/><U130/><E36/><V112/><F134/><W53/><G53/><T37/><D33/><U48/><E130/><V91/><F66/><W92/><G115/><T20/><D20/><U32/><E103/><V9/><F112/><W5/><G5/><T126/><D126/><U118/><E32/><V114/><F114/><W0/><G0/><N who="0" m="263" /><D51/><U132/><E132/><V23/><F9/><W13/><G13/><T97/><D97/><U120/><E120/><V56/><F56/><W41/><G41/><T54/><D54/><N who="1" m="32199" /><E67/><V109/><F109/><W123/><G123/><T27/><D27/><U110/><E110/><V95/><F90/><W58/><G58/><T87/><D37/><U52/><E52/><V133/><F133/><W12/><G12/><T107/><D70/><U55/><E55/><V26/><F23/><W77/><G105/><T60/><D60/><U117/><E127/><V46/><F83/><W104/><G104/><T28/><D28/><U94/><E82/><V68/><F68/><W80/><G80/><T61/><D61/><U31/><E31/><V49/><F49/><AGARI ba="1,0" hai="6,8,15,42,47,49,77,81,84,85,86,92,96,101" machi="49" ten="30,11600,0" yaku="7,1,25,2,8,1" doraHai="111" who="3" fromWho="2" sc="287,0,355,0,142,-119,216,119" /><INIT seed="7,2,0,4,0,65" ten="287,355,23,335" oya="3" hai0="97,130,64,43,121,106,63,85,70,33,47,73,51" hai1="53,31,24,66,69,116,71,15,61,50,28,54,6" hai2="42,10,80,45,34,102,27,89,131,32,3,128,5" hai3="126,35,36,19,122,101,0,99,59,100,115,133,23"/><W111/><G122/><T93/><D121/><U125/><E125/><V9/><F89/><W55/><G126/><T113/><D130/><U30/><E116/><V78/><F102/><N who="3" m="39531" /><G35/><T29/><D73/><U103/><E103/><V22/><F9/><W57/><G0/><T132/><D132/><U83/><E71/><V95/><F95/><W109/><G36/><T108/><D108/><N who="3" m="41545" /><G115/><T44/><D97/><U96/><E96/><V75/><F22/><W37/><G37/><T76/><D113/><U104/><E104/><V56/><F56/><N who="3" m="21579" /><G55/><T39/><D106/><U2/><E2/><V7/><F7/><W1/><G1/><T40/><D29/><U110/><E54/><V77/><F77/><W84/><G84/><T17/><D33/><U90/><E110/><V12/><F12/><N who="3" m="9703" /><G133/><T46/><D47/><N who="1" m="27871" /><E90/><V114/><F114/><W119/><G119/><T52/><D17/><U16/><E83/><V72/><F72/><W62/><G62/><T20/><D20/><N who="1" m="11295" /><E6/><V123/><F42/><W134/><G134/><T86/><D40/><U8/><E8/><V25/><F123/><W88/><G88/><T82/><D86/><U117/><E117/><V79/><F79/><W21/><G21/><T124/><REACH who="0" step="1"/><D93/><REACH who="0" ten="277,355,23,335" step="2"/><U129/><E129/><V74/><F74/><W4/><G4/><T67/><D67/><U127/><E127/><AGARI ba="2,1" hai="39,43,44,46,51,52,63,64,70,76,82,85,124,127" machi="127" ten="40,5200,0" yaku="1,1,52,1,54,1,53,0" doraHai="65" doraHaiUra="107" who="0" fromWho="1" sc="277,68,355,-58,23,0,335,0" owari="345,44.0,297,-10.0,23,-48.0,335,14.0" /></mjloggm>