<mjloggm ver="2.3"><GO type="225" lobby="0"/><UN n0="%E8%87%AA%E7%A7%B0%E6%9C%80%E5%BC%B7%E9%9B%80%E5%A3%AB%EF%BC%93" n1="%E9%88%B4%E4%B8%B8" n2="%E5%B7%A5%E8%97%A4%E6%96%B0%E4%B8%80" n3="%E3%83%B4%E3%83%A0%EF%BC%99%E3%81%A6" dan="16,17,16,17" rate="2129.39,2189.47,2107.16,2219.04" sx="M,M,M,M"/><TAIKYOKU oya="0"/><INIT seed="0,0,0,4,2,53" ten="250,250,250,250" oya="0" hai0="91,1,102,101,34,9,21,128,33,89,62,45,27" hai1="38,107,22,87,7,66,70,49,106,24,47,71,118" hai2="135,28,111,31,116,123,2,39,100,55,72,115,85" hai3="125,80,37,40,113,98,94,60,59,30,131,112,133"/><T8/><D128/><U0/><E38/><V82/><F111/><W73/><G131/><T51/><D34/><U12/><E0/><V83/><F115/><W61/><G125/><T90/><D33/><U84/><E118/><V78/><F123/><W69/><G133/><T5/><D62/><U109/><E109/><V52/><F135/><W36/><G30/><T105/><D9/><U108/><E108/><V92/><F116/><W65/><G80/><T130/><D130/><U16/><E106/><V41/><F2/><W46/><G73/><T10/><D10/><U6/><E107/><V58/><F41/><W25/><G25/><T97/><D102/><U11/><E6/><V3/><F39/><W13/><G13/><T15/><D1/><U64/><E70/><V18/><F18/><W129/><G36/><T81/><D81/><U93/><E71/><V42/><F42/><W44/><G44/><T88/><N who="0" m="22528" /><DORA hai="75" /><T19/><D45/><U4/><E93/><V126/><F3/><W117/><G129/><T50/><AGARI ba="0,0" hai="5,8,15,19,21,27,50,51,97,101,105" m="22528" machi="50" ten="40,3900,0" yaku="0,1,54,1" doraHai="53,75" who="0" fromWho="0" sc="250,39,250,-13,250,-13,250,-13" /><INIT seed="0,1,0,1,5,101" ten="289,237,237,237" oya="0" hai0="130,119,4,97,134,92,47,32,7,54,88,45,81" hai1="69,56,48,124,70,64,55,91,113,105,43,79,75" hai2="67,120,52,36,61,22,83,50,30,99,13,107,33" hai3="114,51,131,29,76,80,108,16,102,41,46,1,35"/><T2/><D119/><U39/><E91/><V77/><F36/><W40/><G114/><T87/><D134/><U49/><E79/><V95/><F120/><W129/><G1/><T6/><D130/><N who="3" m="49673" /><G108/><T12/><D2/><U104/><E75/><V115/><F115/><W78/><G40/><T111/><D32/><U72/><E72/><V14/><F33/><W37/><G37/><T62/><D111/><U63/><E113/><V96/><F107/><N who="1" m="41033" /><E69/><V44/><F30/><W38/><G102/><T132/><D132/><U3/><E3/><V42/><F42/><W117/><G38/><T9/><D62/><U66/><E48/><V23/><F14/><W27/><G117/><T5/><REACH who="0" step="1"/><D54/><REACH who="0" ten="279,237,237,237" step="2"/><U89/><E124/><V74/><F61/><W118/><G118/><T53/><D53/><U121/><E121/><V25/><F67/><W20/><G80/><T10/><D10/><U109/><E109/><V8/><F83/><W19/><G35/><T103/><AGARI ba="1,1" hai="4,5,6,7,9,12,45,47,81,87,88,92,97,103" machi="103" ten="30,12000,1" yaku="1,1,0,1,8,1,54,1,53,1" doraHai="101" doraHaiUra="11" who="0" fromWho="0" sc="279,133,237,-41,237,-41,237,-41" /><INIT seed="0,2,0,2,2,107" ten="412,196,196,196" oya="0" hai0="91,8,99,98,75,47,62,105,104,51,60,72,103" hai1="66,125,54,89,35,102,53,36,4,135,109,27,9" hai2="110,37,33,29,126,49,12,21,2,124,96,14,76" hai3="34,79,134,68,128,84,111,108,133,113,65,85,122"/><T117/><D117/><U25/><E109/><N who="3" m="42058" /><G34/><T61/><D8/><U115/><E36/><V71/><F110/><W77/><G65/><T119/><D119/><U6/><E102/><V92/><F37/><W17/><G17/><T90/><D90/><U13/><E66/><V58/><F71/><W67/><G67/><T94/><REACH who="0" step="1"/><D105/><REACH who="0" ten="402,196,196,196" step="2"/><U42/><E89/><V52/><F124/><W74/><G133/><T80/><D80/><U30/><E9/><V45/><F126/><W120/><G134/><T123/><D123/><U22/><E125/><V19/><F76/><W50/><G77/><T95/><D95/><U88/><E135/><V87/><F92/><W11/><G79/><T63/><N who="0" m="15360" /><DORA hai="97" /><T114/><D114/><U129/><E88/><V10/><F10/><W100/><G113/><T130/><D130/><U32/><E129/><V38/><F96/><W44/><G128/><T131/><D131/><U73/><E115/><V24/><F87/><W55/><G85/><T0/><D0/><U16/><E73/><V18/><F2/><W127/><G74/><T132/><D132/><U23/><E4/><V78/><F78/><W5/><G127/><T40/><AGARI ba="2,1" hai="40,47,51,72,75,91,94,98,99,103,104" m="15360" machi="40" ten="40,24000,3" yaku="1,1,0,1,52,3,53,4" doraHai="107,97" doraHaiUra="118,57" who="0" fromWho="0" sc="402,256,196,-82,196,-82,196,-82" /><INIT seed="0,3,0,5,4,89" ten="658,114,114,114" oya="0" hai0="3,29,70,112,101,27,7,96,130,90,35,111,5" hai1="26,17,68,53,132,57,124,6,107,104,50,105,18" hai2="66,56,69,51,46,84,60,42,54,80,122,44,24" hai3="38,37,1,94,98,123,129,30,61,87,63,114,31"/><T86/><D112/><U45/><E68/><V76/><F122/><W133/><G114/><T21/><D130/><U103/><E124/><V16/><REACH who="2" step="1"/><F42/><REACH who="2" ten="658,114,104,114" step="2"/><W91/><G123/><T116/><D116/><U125/><E125/><V71/><F71/><W20/><G129/><T78/><D70/><U74/><E105/><V134/><F134/><W120/><G133/><T4/><D111/><U0/><E104/><V73/><F73/><W23/><G120/><T72/><D72/><U108/><E74/><V15/><F15/><W92/><G1/><T8/><D3/><U28/><E107/><V131/><F131/><W88/><G37/><T135/><D135/><U2/><E0/><V93/><F93/><W11/><G38/><T67/><D8/><U95/><E2/><V65/><F65/><W22/><G11/><T55/><D67/><U127/><E95/><V52/><F52/><W115/><G115/><T33/><D55/><U13/><E53/><V9/><F9/><W10/><G10/><T36/><D36/><U126/><E13/><V12/><F12/><W59/><G59/><T85/><D86/><U121/><E57/><V49/><F49/><W128/><G128/><T58/><D58/><U64/><E50/><V14/><F14/><W32/><G32/><T117/><D117/><U106/><E64/><V83/><F83/><W47/><G47/><T102/><D85/><U41/><E121/><V109/><F109/><W75/><G75/><T110/><D110/><U97/><E126/><V118/><F118/><W77/><G77/><T82/><D82/><U99/><E127/><RYUUKYOKU ba="3,1" sc="658,-15,114,-15,104,15,114,15" hai2="16,24,44,46,51,54,56,60,66,69,76,80,84" hai3="20,22,23,30,31,61,63,87,88,91,92,94,98" /><INIT seed="1,4,1,2,3,15" ten="643,99,119,129" oya="1" hai0="103,11,14,50,135,87,58,10,86,114,16,111,68" hai1="9,123,98,36,20,112,6,72,106,129,51,130,118" hai2="39,124,23,43,95,41,45,74,37,88,97,31,115" hai3="82,52,61,25,83,57,21,22,102,70,27,76,46"/><U38/><E123/><V3/><F124/><W78/><G70/><T42/><D114/><U110/><E112/><V122/><F115/><W107/><G107/><T28/><D68/><U44/><E118/><V69/><F122/><W18/><G102/><T84/><D111/><U17/><E72/><V96/><F69/><W66/><G46/><N who="0" m="25943" /><D135/><U134/><E134/><V19/><F74/><W4/><G4/><T49/><D28/><U117/><E117/><V80/><F3/><W92/><G92/><T2/><D2/><N who="1" m="215" /><E110/><V64/><F64/><W24/><G66/><T62/><D49/><U35/><E35/><V105/><F31/><N who="3" m="17807" /><G25/><T8/><D103/><N who="1" m="62839" /><E51/><V89/><F105/><W47/><G47/><T132/><D132/><U91/><E91/><V5/><F5/><W73/><G73/><T99/><D99/><U59/><E59/><V93/><F80/><AGARI ba="4,1" hai="18,22,27,52,57,61,76,78,80,82,83" m="17807" machi="80" ten="30,3900,0" yaku="8,1,52,1,54,1" doraHai="15" who="3" fromWho="2" sc="643,0,99,0,119,-51,129,61" /><INIT seed="2,0,0,0,0,40" ten="643,99,68,190" oya="2" hai0="86,52,109,33,121,115,102,65,81,29,61,8,113" hai1="120,41,55,28,134,82,59,107,130,108,5,105,58" hai2="13,22,11,9,31,3,126,100,14,87,57,19,21" hai3="131,39,27,94,7,63,48,127,118,53,85,114,0"/><V135/><F100/><W45/><G118/><T97/><D121/><U35/><E130/><V88/><F126/><W38/><G131/><T12/><D109/><U77/><E108/><V110/><F110/><W25/><G114/><T125/><D125/><U122/><E134/><V68/><F135/><W26/><G127/><T15/><D15/><U36/><E5/><N who="2" m="3247" /><F3/><W64/><G0/><T116/><D116/><U42/><E28/><V4/><F68/><W70/><G7/><T73/><D73/><U119/><E35/><V104/><F104/><W44/><G44/><T62/><D62/><U18/><E119/><V132/><F132/><W67/><REACH who="3" step="1"/><G64/><REACH who="3" ten="643,99,68,180" step="2"/><T69/><D115/><U92/><E120/><V37/><F37/><W56/><G56/><T71/><D113/><U129/><E58/><V90/><F4/><W112/><G112/><T133/><D133/><U49/><E59/><V60/><F31/><W16/><G16/><T93/><D69/><U17/><E18/><V99/><F57/><W1/><G1/><T95/><D29/><U123/><E17/><V128/><F128/><W101/><G101/><T96/><D65/><U24/><E129/><V30/><F30/><W10/><G10/><T23/><D71/><U47/><E122/><V2/><F2/><W106/><G106/><T46/><D8/><U43/><E105/><V32/><F32/><W79/><G79/><T89/><D33/><U111/><E107/><V117/><F117/><W34/><G34/><T78/><D23/><U124/><E123/><V84/><F21/><W80/><G80/><T54/><D102/><RYUUKYOKU ba="0,1" sc="643,-10,99,-10,68,-10,180,30" hai3="25,26,27,38,39,45,48,53,63,67,70,85,94" /><INIT seed="3,1,1,2,3,91" ten="633,89,58,210" oya="3" hai0="119,33,48,120,20,90,34,36,133,98,131,62,103" hai1="2,75,84,63,15,108,107,45,115,9,105,83,40" hai2="126,18,106,68,60,41,130,128,44,10,24,123,19" hai3="81,77,121,87,30,12,55,129,53,25,23,73,92"/><W100/><G121/><T109/><D119/><U111/><E115/><V67/><F106/><W117/><G117/><T29/><D120/><U3/><E63/><V71/><F126/><W50/><G129/><T125/><D36/><N who="1" m="21639" /><E15/><V35/><F123/><W61/><G61/><T116/><D116/><U7/><E2/><V4/><F71/><W42/><G73/><T101/><D125/><U49/><E49/><V113/><F113/><W11/><G42/><T57/><D131/><U86/><E84/><V124/><F124/><W132/><G132/><T8/><D109/><N who="1" m="42059" /><E75/><V65/><F65/><W6/><G50/><T118/><D90/><AGARI ba="1,1" hai="3,7,9,83,86,90,105,107" m="42059,21639" machi="90" ten="30,1000,0" yaku="14,1" doraHai="91" who="1" fromWho="0" sc="633,-13,89,23,58,0,210,0" owari="620,72.0,112,-29.0,58,-44.0,210,1.0" /></mjloggm>