<mjloggm ver="2.3"><GO type="185" lobby="0"/><UN n0="%E7%81%AB%E6%98%9F%E3%81%AE%E7%8A%AC" n1="%44%75%73%6B" n2="%74%69%65%66%62%6C%61%75" n3="" dan="16,16,16,0" rate="2196.60,2208.10,2159.10,1500.00" sx="M,M,M,C"/><TAIKYOKU oya="0"/><INIT seed="0,0,0,0,2,126" ten="350,350,350,0" oya="0" hai0="124,82,61,109,118,43,72,115,105,99,47,106,73" hai1="77,58,104,102,0,41,87,64,60,53,2,34,89" hai2="57,125,50,110,130,88,117,76,134,93,120,98,3" hai3=""/><T1/><D1/><U74/><E34/><V67/><N who="2" m="30752" /><V46/><F3/><T94/><D118/><U39/><E77/><V71/><F125/><T131/><D124/><U83/><E74/><V33/><F33/><T132/><D115/><U135/><E135/><V70/><F117/><T78/><D132/><U79/><E79/><V90/><F134/><T108/><D73/><U55/><E39/><V36/><F36/><T97/><D61/><U119/><E41/><V127/><F127/><T40/><D40/><U84/><E84/><V42/><F76/><T121/><N who="0" m="31008" /><T75/><D75/><U62/><E119/><V91/><F110/><N who="0" m="42602" /><D131/><U122/><N who="1" m="31264" /><U32/><E32/><V95/><F130/><T96/><D94/><U48/><E62/><V52/><F67/><T133/><D133/><U107/><E104/><V69/><REACH who="2" step="1"/><F93/><REACH who="2" ten="350,350,340,0" step="2"/><T59/><D59/><U85/><E2/><V35/><F35/><T54/><D54/><U37/><E55/><V68/><N who="2" m="17408" /><DORA hai="44" /><V92/><F92/><T129/><D129/><U111/><E0/><V112/><F112/><T80/><D80/><U103/><E83/><V113/><F113/><T49/><AGARI ba="0,1" hai="43,47,49,72,78,82,96,97,99,105,106" m="42602,31008" machi="49" ten="30,7800,0" yaku="14,1,10,1,52,2" doraHai="126,44" who="0" fromWho="0" sc="350,88,350,-39,340,-39,0,0" /><INIT seed="0,1,0,2,4,110" ten="438,311,301,0" oya="0" hai0="97,33,55,1,70,78,101,96,135,35,120,98,65" hai1="126,54,49,63,90,109,42,80,84,111,46,64,133" hai2="74,125,132,47,113,86,39,0,75,106,37,123,83" hai3=""/><T85/><N who="0" m="30752" /><T107/><D1/><U32/><E133/><V89/><F0/><T82/><D135/><U108/><E126/><V58/><N who="2" m="31520" /><V100/><F132/><T38/><D38/><U69/><REACH who="1" step="1"/><E42/><REACH who="1" ten="438,301,301,0" step="2"/><V62/><F125/><T117/><D33/><AGARI ba="1,1" hai="32,33,46,49,54,63,64,69,80,84,90,108,109,111" machi="33" ten="40,5200,0" yaku="1,1,2,1,14,1,53,0" doraHai="110" doraHaiUra="104" who="1" fromWho="0" sc="438,-54,301,64,301,0,0,0" /><INIT seed="1,0,0,1,5,123" ten="384,365,301,0" oya="1" hai0="68,126,75,108,117,104,115,53,41,46,94,82,74" hai1="66,116,71,61,100,90,111,118,96,106,79,101,98" hai2="48,35,63,40,56,73,70,109,32,122,113,131,120" hai3=""/><U132/><E132/><V135/><N who="2" m="30752" /><V110/><N who="2" m="31264" /><V57/><F73/><T64/><D115/><U78/><E90/><V93/><F113/><T134/><D117/><U85/><E111/><N who="2" m="42507" /><F135/><T127/><D134/><U38/><E38/><V69/><F131/><T34/><D104/><U51/><E51/><V88/><F40/><T91/><D108/><U58/><E71/><N who="2" m="27147" /><F48/><T119/><D119/><U67/><E67/><V86/><F56/><T76/><D68/><U44/><E44/><V3/><F3/><T130/><D75/><U42/><E42/><V39/><F39/><T128/><D41/><U95/><E116/><V114/><F114/><T47/><D47/><U84/><E118/><V102/><F102/><T129/><D46/><U81/><E78/><V87/><F87/><AGARI ba="0,0" hai="58,61,66,79,81,84,85,87,95,96,98,100,101,106" machi="87" ten="30,1500,0" yaku="7,1" doraHai="123" who="1" fromWho="2" sc="384,0,365,15,301,-15,0,0" /><INIT seed="1,1,0,4,5,123" ten="384,380,286,0" oya="1" hai0="67,63,61,120,52,66,32,71,92,50,80,87,133" hai1="34,131,86,90,96,48,124,111,109,54,108,60,115" hai2="45,44,102,95,47,2,132,58,130,125,39,84,77" hai3=""/><U46/><E115/><V113/><F2/><T106/><N who="0" m="30752" /><T88/><D133/><U74/><E74/><V69/><F113/><T73/><D32/><U49/><E34/><V65/><F132/><T38/><D106/><U68/><E131/><V97/><F130/><T103/><D38/><U55/><E124/><V78/><F125/><T126/><D126/><U134/><E134/><V42/><F69/><T118/><D118/><U3/><E96/><V107/><F77/><T112/><D112/><U51/><E3/><V93/><F107/><T57/><D73/><U98/><E98/><V62/><F78/><T129/><D129/><U41/><E68/><V104/><F104/><T110/><D103/><U83/><E60/><V53/><F65/><T101/><D101/><U135/><E135/><V43/><F39/><AGARI ba="1,0" hai="39,41,46,48,49,51,54,55,83,86,90,108,109,111" machi="39" ten="50,12000,1" yaku="14,1,10,1,52,3" doraHai="123" who="1" fromWho="2" sc="384,0,380,122,286,-122,0,0" /><INIT seed="1,2,0,0,3,46" ten="384,502,164,0" oya="1" hai0="36,110,35,117,2,97,134,92,82,52,81,51,41" hai1="47,107,69,65,40,77,50,60,121,128,91,104,74" hai2="71,66,1,57,113,54,64,79,34,76,33,99,84" hai3=""/><U78/><N who="1" m="31008" /><U133/><E128/><V108/><F1/><T118/><D2/><U45/><E133/><V62/><F113/><T70/><D134/><U93/><E74/><V43/><F108/><T0/><D0/><U63/><E63/><V116/><F116/><N who="0" m="44650" /><D70/><U80/><E80/><V83/><F64/><T106/><D106/><U85/><E104/><V98/><F79/><T100/><D110/><U49/><E107/><V119/><F43/><AGARI ba="2,0" hai="40,43,45,47,49,50,60,65,69,77,78,85,91,93" m="31008" machi="43" ten="30,12000,1" yaku="7,1,9,1,52,3" doraHai="46" who="1" fromWho="2" sc="384,0,502,124,164,-124,0,0" /><INIT seed="1,3,0,2,5,77" ten="384,626,40,0" oya="1" hai0="45,121,40,133,109,131,111,116,58,38,48,74,71" hai1="114,127,117,0,99,120,95,118,91,103,115,100,107" hai2="129,50,55,2,51,66,32,82,94,102,128,124,83" hai3=""/><U46/><N who="1" m="30752" /><U57/><E0/><V105/><F2/><T67/><N who="0" m="31008" /><T44/><D74/><U85/><E46/><V106/><F32/><T132/><D131/><N who="2" m="50250" /><F66/><T88/><D116/><N who="1" m="44651" /><E57/><V104/><F124/><T33/><D33/><U73/><E127/><V59/><F94/><T81/><D45/><U134/><E134/><N who="0" m="51817" /><D71/><U86/><E73/><V41/><F102/><N who="1" m="38953" /><E107/><N who="2" m="27395" /><V53/><DORA hai="87" /><F41/><T98/><D67/><U72/><E72/><V90/><F90/><T62/><D62/><U35/><E35/><V93/><F93/><T43/><D43/><U92/><E92/><V113/><F113/><AGARI ba="3,0" hai="85,86,91,95,99,113,114,115" m="38953,44651,30752" machi="113" ten="30,11600,0" yaku="34,2,52,2" doraHai="77,87" who="1" fromWho="2" sc="384,0,626,122,40,-122,0,0" owari="384,-2.0,748,70.0,-82,-68.0,0,0.0" /></mjloggm>