<mjloggm ver="2.3"><GO type="185" lobby="0"/><UN n0="%72%61%74%65%72%61%74%65" n1="%6E%69%6B%6F%6C%75%30%33" n2="%E3%82%A2%E3%83%AA%E3%82%A2%E3%83%AA%E5%90%9B" n3="" dan="17,17,16,0" rate="2243.21,2264.46,2205.13,1500.00" sx="M,M,M,C"/><TAIKYOKU oya="0"/><INIT seed="0,0,0,5,4,91" ten="350,350,350,0" oya="0" hai0="114,64,57,125,134,34,95,120,41,103,59,49,123" hai1="58,98,69,47,66,111,131,112,0,135,62,78,133" hai2="51,115,38,61,129,90,36,32,70,121,60,107,126" hai3=""/><T55/><N who="0" m="30752" /><T1/><N who="0" m="31520" /><T77/><D114/><U94/><E0/><V87/><N who="2" m="31008" /><V92/><F32/><T85/><D34/><U73/><E112/><V81/><F115/><T101/><D1/><U105/><E111/><V68/><F107/><T96/><D134/><N who="1" m="51211" /><E131/><V89/><F126/><T104/><D125/><U80/><E47/><V82/><F51/><T117/><D117/><U2/><E2/><V43/><F43/><T37/><D37/><U83/><E83/><V110/><F110/><T52/><D41/><U113/><E113/><V46/><F46/><T100/><D64/><U88/><E105/><V132/><F132/><T108/><D108/><U119/><E119/><V72/><F72/><T33/><D33/><U116/><E116/><V97/><F129/><T127/><D127/><U79/><E78/><V54/><F81/><T71/><D71/><AGARI ba="0,0" hai="58,62,66,69,71,73,79,80,88,94,98" m="51211" machi="71" ten="30,3900,0" yaku="20,1,52,1,54,1" doraHai="91" who="1" fromWho="0" sc="350,-39,350,39,350,0,0,0" /><INIT seed="1,0,0,4,0,47" ten="311,389,350,0" oya="1" hai0="83,61,133,108,113,87,42,101,50,120,85,98,79" hai1="110,55,121,104,64,41,97,100,102,91,116,125,128" hai2="69,66,45,52,44,106,33,75,99,95,0,51,37" hai3=""/><U135/><N who="1" m="31008" /><U60/><E116/><V122/><N who="2" m="31264" /><V119/><F33/><T2/><N who="0" m="30752" /><T54/><D113/><U130/><E125/><V77/><F0/><T80/><D2/><U131/><E135/><V38/><F106/><T67/><D108/><U32/><E32/><V109/><F109/><T129/><D133/><U112/><E112/><V74/><F119/><T71/><D129/><U117/><E117/><V76/><F76/><T65/><D65/><U68/><E110/><V124/><F124/><T118/><D42/><U59/><E41/><V96/><F96/><T43/><D43/><U90/><REACH who="1" step="1"/><E102/><REACH who="1" ten="311,379,350,0" step="2"/><V49/><F38/><T88/><D118/><U123/><N who="1" m="31520" /><U3/><E3/><V86/><F37/><T105/><REACH who="0" step="1"/><D54/><REACH who="0" ten="301,379,350,0" step="2"/><U34/><E34/><V72/><F66/><T46/><D46/><U63/><AGARI ba="0,2" hai="55,59,60,63,64,68,90,91,97,100,104,128,130,131" m="31520,31008" machi="63" ten="40,8000,1" yaku="1,1,0,1,19,1,52,2,53,0" doraHai="47" doraHaiUra="73" who="1" fromWho="1" sc="301,-40,379,100,350,-40,0,0" /><INIT seed="1,1,0,4,3,134" ten="261,479,310,0" oya="1" hai0="130,125,75,96,87,44,121,2,3,104,54,101,69" hai1="84,132,116,78,33,38,76,119,48,41,107,36,49" hai2="99,115,0,51,42,91,97,81,70,124,133,128,57" hai3=""/><U67/><E33/><V118/><F0/><T55/><N who="0" m="31008" /><T108/><D75/><U126/><E107/><V122/><N who="2" m="31264" /><V102/><F133/><T65/><D108/><U131/><E132/><V62/><F118/><T61/><D130/><U73/><E84/><V1/><F1/><T47/><D125/><U46/><E67/><V80/><F128/><T34/><D34/><U45/><E131/><V82/><F70/><T120/><N who="0" m="30752" /><T135/><D135/><U35/><E35/><V86/><F124/><T110/><D110/><U89/><E89/><V111/><F115/><T71/><D71/><U59/><E59/><V94/><F99/><T123/><N who="0" m="31520" /><T98/><D98/><U106/><E106/><V83/><F111/><T68/><D68/><U112/><E112/><V50/><REACH who="2" step="1"/><F42/><REACH who="2" ten="261,479,300,0" step="2"/><T43/><D43/><U109/><E109/><V100/><F100/><T79/><D2/><U32/><E32/><V58/><F58/><T105/><D3/><U92/><E41/><V77/><F77/><T40/><D40/><U129/><E129/><V74/><F74/><T66/><D79/><U53/><E73/><V117/><F117/><T37/><D69/><U88/><E126/><V93/><F93/><T127/><D127/><RYUUKYOKU ba="1,1" sc="261,-10,479,-10,300,20,0,0" hai2="50,51,57,62,80,81,82,83,86,91,94,97,102" /><INIT seed="2,2,1,3,2,37" ten="251,469,320,0" oya="2" hai0="88,118,101,126,73,64,98,39,47,93,54,133,70" hai1="41,48,99,36,124,112,121,65,107,81,58,2,132" hai2="116,74,34,40,96,123,92,38,97,43,87,66,129" hai3=""/><V130/><N who="2" m="31520" /><V1/><F1/><T106/><D118/><U68/><N who="1" m="31008" /><U0/><E112/><V35/><F74/><T80/><D133/><U105/><E132/><V59/><F116/><T90/><D126/><U46/><E124/><V125/><F125/><T33/><D33/><U71/><E71/><V85/><F38/><T86/><D73/><U127/><E127/><V45/><F45/><T109/><D109/><U100/><E107/><V72/><F72/><T84/><D70/><U55/><E81/><V3/><F3/><T56/><D64/><U69/><E68/><V111/><F111/><T60/><D39/><U52/><E55/><V49/><F49/><T103/><D103/><U83/><E83/><V77/><F77/><T104/><REACH who="0" step="1"/><D47/><REACH who="0" ten="241,469,320,0" step="2"/><U135/><E135/><V50/><F66/><T67/><D67/><U134/><E134/><V122/><N who="2" m="31264" /><V115/><F59/><T61/><D61/><AGARI ba="2,2" hai="0,2,36,41,46,48,52,58,61,65,69,99,100,105" m="31008" machi="61" ten="40,8000,1" yaku="24,2,52,2,54,1" doraHai="37" who="1" fromWho="0" sc="241,-84,469,104,320,0,0,0" /><INIT seed="4,0,0,0,4,32" ten="157,573,320,0" oya="0" hai0="38,72,41,61,62,1,77,130,94,113,90,74,127" hai1="39,103,133,59,71,106,75,68,132,104,115,96,128" hai2="76,97,57,118,109,47,92,55,83,46,117,95,116" hai3=""/><T78/><D113/><U63/><E115/><V87/><F109/><T58/><D130/><U44/><E128/><V112/><F112/><T70/><D127/><U81/><E106/><V50/><REACH who="2" step="1"/><F92/><REACH who="2" ten="157,573,310,0" step="2"/><T114/><D70/><U80/><E71/><V126/><F126/><T131/><D114/><U3/><E68/><V36/><F36/><T64/><D131/><U40/><E3/><V82/><F82/><T100/><D1/><U43/><E81/><V98/><F98/><T105/><D105/><U124/><E124/><V54/><F54/><T67/><D100/><AGARI ba="0,1" hai="46,47,50,55,57,76,83,87,95,97,100,116,117,118" machi="100" ten="40,2600,0" yaku="1,1,12,1,53,0" doraHai="32" doraHaiUra="123" who="2" fromWho="0" sc="157,-26,573,0,310,36,0,0" /><INIT seed="5,0,0,2,4,128" ten="131,573,346,0" oya="1" hai0="74,87,113,90,75,86,78,61,70,83,56,58,72" hai1="64,132,122,97,85,120,65,39,46,116,108,1,99" hai2="121,125,115,109,37,91,88,102,84,96,110,42,67" hai3=""/><U124/><N who="1" m="30752" /><U77/><N who="1" m="31264" /><U60/><E116/><V71/><N who="2" m="31008" /><V133/><F133/><T45/><D70/><U34/><E132/><V105/><F125/><T130/><D45/><U127/><E34/><V123/><N who="2" m="31520" /><V54/><F115/><T100/><D56/><U63/><E1/><V111/><F42/><T41/><D58/><U82/><E108/><V114/><F37/><T112/><D61/><U2/><E2/><V80/><F114/><T32/><D41/><U50/><E39/><V93/><F54/><T81/><D32/><U49/><E63/><V57/><F57/><T68/><D68/><U95/><E97/><V126/><F126/><N who="1" m="48169" /><E60/><V89/><F67/><N who="1" m="25673" /><E46/><V36/><F36/><T101/><REACH who="0" step="1"/><D130/><REACH who="0" ten="121,573,346,0" step="2"/><U51/><E49/><V38/><F71/><T0/><D0/><U35/><E35/><V48/><F38/><T55/><D55/><U52/><E52/><V134/><F48/><T69/><D69/><U107/><E50/><V131/><F131/><T66/><D66/><U62/><E62/><V129/><F129/><T53/><D53/><U33/><E33/><V103/><F110/><T118/><D118/><U47/><E51/><V94/><F111/><T59/><D59/><U92/><E47/><RYUUKYOKU ba="0,1" sc="121,10,573,10,346,-20,0,0" hai0="72,74,75,78,81,83,86,87,90,100,101,112,113" hai1="77,82,85,92,95,99,107" /><INIT seed="5,1,1,0,0,39" ten="131,583,326,0" oya="1" hai0="63,1,76,45,99,0,124,46,126,48,38,107,3" hai1="113,105,71,133,108,80,110,64,106,127,89,52,41" hai2="65,111,123,81,59,109,50,60,119,32,128,131,92" hai3=""/><U86/><E113/><V98/><N who="2" m="31520" /><V74/><F32/><T34/><D34/><U129/><E127/><V72/><F119/><T130/><D76/><U75/><E129/><N who="2" m="49739" /><F50/><T97/><D130/><U90/><E75/><N who="2" m="28715" /><F81/><T104/><D63/><U95/><E133/><V36/><F36/><T82/><D82/><U100/><E100/><AGARI ba="1,1" hai="59,60,65,92,98,100,109,111" m="28715,49739,31520" machi="100" ten="30,2000,0" yaku="19,1,52,1" doraHai="39" who="2" fromWho="1" sc="131,0,583,-22,326,32,0,0" /><INIT seed="6,0,0,4,0,92" ten="131,561,358,0" oya="2" hai0="102,72,64,49,35,105,124,126,39,93,123,122,53" hai1="86,133,81,70,68,50,3,32,91,103,99,36,60" hai2="78,116,83,87,134,129,128,44,127,37,58,132,57" hai3=""/><V47/><F116/><T75/><D93/><U89/><E32/><V111/><F111/><T42/><D64/><U43/><E3/><V109/><F109/><T65/><D102/><U98/><E133/><N who="2" m="51307" /><F37/><T56/><D65/><U94/><E36/><V95/><F95/><T85/><D56/><N who="2" m="21610" /><F127/><T59/><D53/><U112/><E112/><V135/><N who="2" m="51315" /><V61/><DORA hai="101" /><F61/><T46/><D59/><U55/><E60/><V120/><N who="2" m="30752" /><V118/><F118/><T82/><D49/><U121/><N who="1" m="31008" /><U115/><E115/><V67/><F67/><T119/><D85/><U74/><E55/><V125/><F125/><T1/><D82/><U38/><E38/><V84/><F84/><T54/><D46/><AGARI ba="0,0" hai="44,46,47,78,83,87,128,129" m="30752,21610,51315" machi="46" ten="50,4800,0" yaku="20,1,52,1" doraHai="92,101" who="2" fromWho="0" sc="131,-48,561,0,358,48,0,0" /><INIT seed="6,1,0,5,2,112" ten="83,561,406,0" oya="2" hai0="121,132,94,54,93,89,37,87,2,50,72,79,57" hai1="32,83,73,65,66,105,122,63,103,123,78,34,38" hai2="126,45,0,3,98,76,36,95,106,46,130,51,90" hai3=""/><V111/><F130/><T55/><D87/><U62/><N who="1" m="31264" /><U60/><N who="1" m="31520" /><U131/><E131/><V114/><F114/><T69/><D89/><U68/><E38/><V1/><F111/><T110/><D93/><U102/><E63/><V118/><F126/><T52/><D57/><U41/><E41/><V77/><F106/><T92/><D52/><U86/><E86/><V67/><F67/><T33/><D50/><U59/><REACH who="1" step="1"/><E105/><REACH who="1" ten="83,551,406,0" step="2"/><V115/><F115/><T84/><D55/><U99/><E99/><V53/><REACH who="2" step="1"/><F118/><REACH who="2" ten="83,551,396,0" step="2"/><T97/><D54/><U85/><E85/><V44/><F44/><T129/><D92/><U70/><E70/><V107/><F107/><T48/><D94/><U108/><E108/><V61/><F61/><T104/><D84/><U101/><AGARI ba="1,2" hai="32,34,59,60,62,65,66,68,73,78,83,101,102,103" m="31520,31264" machi="101" ten="30,5900,0" yaku="1,1,0,1,52,2,53,0" doraHai="112" doraHaiUra="35" who="1" fromWho="1" sc="83,-21,551,81,396,-40,0,0" owari="62,-54.0,632,58.0,356,-4.0,0,0.0" /></mjloggm>