<mjloggm ver="2.3"><GO type="185" lobby="0"/><UN n0="%E4%BD%8D%E9%B3%B3%E5%A4%A9" n1="%77%61%6B%75%74%69%6E" n2="%68%6F%70%70%6F%31%32%33" n3="" dan="17,17,16,0" rate="2181.07,2231.85,2076.21,1500.00" sx="M,F,M,C"/><TAIKYOKU oya="0"/><INIT seed="0,0,0,3,5,111" ten="350,350,350,0" oya="0" hai0="47,131,101,106,87,94,102,61,98,38,3,34,71" hai1="88,126,35,39,100,89,51,33,85,49,70,107,69" hai2="78,50,125,77,90,74,83,117,134,123,99,63,84" hai3=""/><T104/><D131/><U118/><E118/><V52/><N who="2" m="31520" /><V133/><F125/><T110/><D110/><U40/><E126/><V121/><N who="2" m="31008" /><V42/><F117/><T96/><D3/><U62/><E39/><V122/><N who="2" m="31264" /><V86/><F99/><T2/><D2/><U59/><E107/><V93/><F63/><T114/><D34/><U44/><E100/><V36/><F36/><T119/><D119/><U73/><E73/><V79/><F42/><T130/><D130/><U108/><E108/><V65/><F65/><T75/><D75/><U80/><E89/><V120/><N who="2" m="30752" /><V113/><F113/><T54/><D114/><U37/><E51/><V115/><F115/><T116/><D116/><U66/><E69/><V58/><REACH who="2" step="1"/><F74/><REACH who="2" ten="350,350,340,0" step="2"/><T56/><D38/><U48/><E48/><V92/><F92/><T45/><D71/><U46/><E70/><V91/><AGARI ba="0,1" hai="50,52,58,77,78,79,83,84,86,90,91,93,133,134" m="30752,31264,31008,31520" machi="91" ten="30,9000,2" yaku="1,1,0,1,52,4,54,1,53,0" doraHai="111" doraHaiUra="64" who="2" fromWho="2" sc="350,-60,350,-30,340,100,0,0" /><INIT seed="1,0,0,4,4,80" ten="290,320,440,0" oya="1" hai0="41,118,55,92,109,66,133,63,113,50,84,124,43" hai1="54,100,33,135,74,87,36,58,46,93,130,53,71" hai2="125,72,126,110,132,69,121,96,49,73,44,81,0" hai3=""/><U60/><E33/><V67/><N who="2" m="31008" /><V98/><F110/><T34/><D113/><U102/><E74/><V108/><F108/><T62/><D109/><U65/><E130/><V119/><F119/><T52/><D34/><U75/><E75/><V56/><F69/><T59/><D133/><U129/><E129/><V61/><F132/><T37/><D124/><N who="2" m="47722" /><F0/><T76/><D118/><U32/><E32/><V128/><F128/><T79/><D37/><U2/><E2/><V103/><F81/><T1/><D1/><U40/><E135/><V99/><F103/><T115/><D115/><U101/><E71/><V106/><F106/><T111/><D111/><U120/><N who="1" m="30752" /><U38/><E38/><V131/><F131/><T94/><D94/><U39/><E39/><V42/><AGARI ba="0,0" hai="42,44,49,56,61,67,72,73,96,98,99" m="47722,31008" machi="42" ten="30,1500,0" yaku="18,1,52,1" doraHai="80" who="2" fromWho="2" sc="290,-5,320,-10,440,15,0,0" /><INIT seed="2,0,0,2,4,95" ten="285,310,455,0" oya="2" hai0="51,116,113,79,50,32,75,38,43,65,36,115,134" hai1="94,69,102,89,34,82,114,110,0,123,128,98,81" hai2="80,121,2,99,76,107,83,70,103,60,74,126,58" hai3=""/><V85/><N who="2" m="31008" /><V119/><F119/><T3/><D65/><U104/><N who="1" m="31520" /><U132/><E34/><V112/><F2/><T96/><D96/><U56/><E0/><V49/><F112/><T106/><D43/><U125/><E69/><V39/><F39/><T1/><D79/><U127/><E114/><V44/><F126/><N who="1" m="48137" /><E56/><V55/><F70/><T86/><D86/><U109/><E132/><V59/><REACH who="2" step="1"/><F60/><REACH who="2" ten="285,310,445,0" step="2"/><T84/><D38/><U45/><E128/><V88/><AGARI ba="0,1" hai="44,49,55,58,59,74,76,80,83,85,88,99,103,107" m="31008" machi="88" ten="20,16000,3" yaku="1,1,2,1,0,1,7,1,52,2,54,1,53,1" doraHai="95" doraHaiUra="48" who="2" fromWho="2" sc="285,-80,310,-80,445,170,0,0" /><INIT seed="2,1,0,0,4,81" ten="205,230,615,0" oya="2" hai0="90,100,88,50,85,86,35,80,102,78,105,53,96" hai1="97,57,124,99,64,75,122,67,72,114,95,59,125" hai2="84,65,2,92,41,121,129,120,3,55,52,133,132" hai3=""/><V54/><N who="2" m="30752" /><V62/><N who="2" m="31008" /><V63/><F129/><T117/><D35/><U39/><N who="1" m="31264" /><U118/><E95/><V103/><F41/><T36/><D36/><U134/><E39/><V71/><F62/><T107/><D117/><U113/><REACH who="1" step="1"/><E134/><REACH who="1" ten="205,220,615,0" step="2"/><N who="2" m="51819" /><F103/><T38/><D38/><U66/><E66/><V76/><F92/><T73/><D53/><U91/><E91/><N who="0" m="34857" /><D50/><U116/><AGARI ba="1,1" hai="57,59,64,67,72,75,97,99,113,114,116,118,124,125" m="31264" machi="116" ten="25,6000,1" yaku="1,1,0,1,22,2,52,1,53,0" doraHai="81" doraHaiUra="45" who="1" fromWho="1" sc="205,-21,220,72,615,-41,0,0" /><INIT seed="4,0,0,1,4,114" ten="184,292,574,0" oya="0" hai0="77,46,104,107,45,34,121,97,133,80,98,64,76" hai1="53,67,49,115,93,87,71,95,111,50,84,37,127" hai2="106,75,122,1,85,112,132,55,73,96,56,79,108" hai3=""/><T74/><N who="0" m="31008" /><T3/><D3/><U94/><E115/><V66/><N who="2" m="31264" /><V39/><F108/><T125/><D34/><U86/><E111/><V32/><F39/><T110/><D110/><U38/><E127/><V120/><N who="2" m="30752" /><V116/><F132/><T131/><D131/><U92/><N who="1" m="23552" /><DORA hai="119" /><U101/><E101/><V62/><F32/><T102/><D125/><U78/><E78/><V59/><F1/><T2/><D2/><U72/><E72/><V61/><F112/><T43/><D64/><U118/><E118/><V89/><F79/><T126/><D126/><U91/><E91/><V128/><F128/><T44/><D133/><U40/><E40/><V60/><F60/><T51/><D77/><U57/><REACH who="1" step="1"/><E50/><REACH who="1" ten="184,282,574,0" step="2"/><V90/><F116/><T123/><N who="0" m="31520" /><T33/><D33/><U58/><E58/><V82/><REACH who="2" step="1"/><F90/><REACH who="2" ten="184,282,564,0" step="2"/><T83/><D83/><U130/><E130/><V81/><F81/><T134/><D134/><U129/><E129/><V35/><F35/><T48/><D48/><U117/><E117/><V70/><F70/><T109/><D109/><U69/><E69/><V113/><F113/><T52/><D43/><U88/><E88/><V103/><AGARI ba="0,2" hai="55,56,59,61,62,66,73,75,82,85,89,96,103,106" m="30752,31264" machi="103" ten="30,9000,2" yaku="1,1,0,1,52,4,53,0" doraHai="114,119" doraHaiUra="135,47" who="2" fromWho="2" sc="184,-60,282,-30,564,110,0,0" /><INIT seed="5,0,0,3,0,130" ten="124,252,674,0" oya="1" hai0="37,66,34,70,104,59,38,64,62,115,124,77,2" hai1="46,90,102,72,79,111,44,78,126,109,125,107,50" hai2="49,39,54,32,98,74,55,63,65,51,60,127,108" hai3=""/><U61/><E61/><V83/><F108/><N who="1" m="41545" /><E46/><V86/><F32/><T113/><D104/><U71/><E71/><V57/><F74/><T112/><D77/><U116/><E116/><V85/><F127/><N who="1" m="48649" /><E72/><V129/><F129/><T0/><D124/><U123/><N who="1" m="31520" /><U84/><E102/><V101/><F39/><N who="0" m="14858" /><D34/><U133/><E107/><V45/><F83/><T106/><D106/><U97/><E97/><V131/><F131/><T68/><D2/><U40/><E133/><V53/><F53/><T92/><D0/><U33/><E33/><V119/><F119/><T1/><D1/><U114/><E114/><N who="0" m="29185" /><T135/><DORA hai="132" /><D135/><U96/><E96/><V91/><F60/><T41/><D41/><U80/><AGARI ba="0,0" hai="40,44,50,78,79,80,84,90" m="31520,48649,41545" machi="80" ten="30,12000,2" yaku="10,1,18,1,52,4" doraHai="130,132" who="1" fromWho="1" sc="124,-60,252,120,674,-60,0,0" /><INIT seed="5,1,0,0,2,108" ten="64,372,614,0" oya="1" hai0="102,121,117,110,3,133,54,59,113,95,131,43,55" hai1="123,56,48,87,120,82,67,118,88,98,83,62,71" hai2="79,42,0,35,84,116,45,77,96,32,92,122,104" hai3=""/><U90/><N who="1" m="30752" /><U39/><N who="1" m="31520" /><U103/><E118/><V36/><N who="2" m="31264" /><V80/><F0/><T97/><D43/><U114/><E39/><V124/><F124/><T70/><D54/><U125/><E125/><V50/><F104/><T94/><D55/><U46/><E114/><V44/><F79/><T106/><D59/><U47/><E47/><V40/><F116/><T132/><D94/><U53/><E83/><V128/><F128/><T72/><D95/><U51/><E90/><AGARI ba="1,0" hai="32,35,36,40,42,44,45,50,77,80,84,90,92,96" m="31264" machi="90" ten="30,2000,0" yaku="7,1,52,1" doraHai="108" who="2" fromWho="1" sc="64,0,372,-22,614,22,0,0" /><INIT seed="6,0,0,0,5,105" ten="64,350,636,0" oya="2" hai0="40,120,63,111,128,82,104,110,126,85,45,130,44" hai1="86,76,79,89,62,123,99,96,2,72,33,59,92" hai2="54,32,77,117,94,127,98,118,50,108,80,83,84" hai3=""/><V43/><F127/><T70/><N who="0" m="30752" /><T67/><D104/><U0/><N who="1" m="31520" /><U129/><E33/><V66/><F32/><T131/><D85/><U113/><E113/><V71/><F43/><T133/><D82/><U103/><E129/><V34/><F34/><T37/><D45/><U49/><E49/><V46/><F108/><T68/><D126/><U52/><E99/><V100/><F83/><T61/><D133/><U75/><E79/><V115/><F115/><T74/><D74/><U1/><REACH who="1" step="1"/><E76/><REACH who="1" ten="64,340,636,0" step="2"/><V122/><N who="2" m="31264" /><V101/><F98/><T39/><REACH who="0" step="1"/><D39/><REACH who="0" ten="54,340,636,0" step="2"/><U64/><E64/><AGARI ba="0,2" hai="37,40,44,61,63,64,67,68,70,110,111,128,130,131" m="30752" machi="64" ten="40,16000,3" yaku="1,1,2,1,9,1,19,1,23,2,34,3,52,1,53,0" doraHai="105" doraHaiUra="112" who="0" fromWho="1" sc="54,180,340,-160,636,0,0,0" owari="234,-17.0,180,-42.0,636,59.0,0,0.0" /></mjloggm>