<mjloggm ver="2.3"><GO type="185" lobby="0"/><UN n0="%68%6F%70%70%6F%31%32%33" n1="%E3%81%BF%E3%82%83%E3%83%BC%E3%81%B6%E3%82%8C%E3%81%84%E3%81%8F" n2="%E3%82%A2%E3%83%AA%E3%82%A2%E3%83%AA%E5%90%9B" n3="" dan="16,16,16,0" rate="2081.82,2187.82,2205.30,1500.00" sx="M,M,M,C"/><TAIKYOKU oya="0"/><INIT seed="0,0,0,2,2,84" ten="350,350,350,0" oya="0" hai0="103,69,70,41,99,73,127,102,100,71,95,128,124" hai1="116,33,78,52,101,109,94,49,91,89,110,63,76" hai2="126,66,108,83,60,59,87,114,2,92,45,125,54" hai3=""/><T81/><D128/><U36/><E116/><V53/><F2/><T57/><D41/><U135/><E36/><V134/><F114/><T119/><D119/><U55/><E33/><V106/><F106/><T123/><N who="0" m="31520" /><T107/><D107/><U50/><E63/><V115/><F115/><T48/><D73/><U38/><E38/><V74/><F108/><N who="1" m="41577" /><E101/><V131/><F131/><T129/><D129/><U75/><E135/><V44/><F74/><T39/><D39/><U96/><E89/><V121/><N who="2" m="31008" /><V46/><F92/><T0/><D0/><U86/><E96/><V90/><REACH who="2" step="1"/><F134/><REACH who="2" ten="350,350,340,0" step="2"/><T105/><D105/><U34/><E34/><V32/><F32/><T61/><D81/><U113/><E113/><V118/><F118/><T111/><D111/><U72/><E75/><V82/><F82/><T56/><D95/><U42/><E72/><V80/><F80/><T1/><D1/><U62/><E94/><V98/><F98/><T47/><D99/><U37/><E86/><V51/><F51/><T120/><N who="0" m="30752" /><T112/><D112/><U65/><E37/><V67/><F67/><T133/><D133/><U93/><E65/><V130/><F130/><T64/><D64/><U3/><E3/><V43/><F43/><RYUUKYOKU ba="0,1" sc="350,-10,350,-10,340,20,0,0" hai2="44,45,46,53,54,59,60,66,83,87,90,125,126" /><INIT seed="1,1,1,2,3,105" ten="340,340,360,0" oya="1" hai0="106,42,67,71,45,81,66,110,133,127,50,103,95" hai1="134,117,34,119,48,109,97,108,57,52,121,36,65" hai2="32,64,3,91,46,120,131,128,122,90,107,86,78" hai3=""/><U129/><N who="1" m="31008" /><U58/><E34/><V104/><N who="2" m="30752" /><V132/><N who="2" m="31264" /><V99/><F32/><T80/><D106/><U112/><E112/><V92/><F3/><T40/><D127/><U124/><E124/><V49/><F64/><T62/><D133/><U126/><E126/><V69/><F69/><T33/><D67/><U88/><E36/><V89/><F132/><T54/><D110/><N who="1" m="42603" /><E129/><N who="2" m="49739" /><F78/><T87/><D33/><U75/><E75/><V135/><F135/><T77/><D80/><U123/><N who="1" m="31520" /><U76/><E76/><V47/><F47/><T51/><D50/><U125/><E134/><V102/><F86/><T96/><AGARI ba="1,1" hai="40,42,45,51,54,62,66,71,77,81,87,95,96,103" machi="96" ten="30,800,0" yaku="0,1" doraHai="105" who="0" fromWho="0" sc="340,20,340,-6,360,-4,0,0" /><INIT seed="2,0,0,0,0,108" ten="360,334,356,0" oya="2" hai0="53,105,90,134,111,51,75,36,103,133,60,0,92" hai1="98,32,47,49,63,123,37,69,97,82,59,2,115" hai2="44,55,125,87,76,110,72,70,88,84,89,56,52" hai3=""/><V130/><F110/><T132/><D75/><U93/><N who="1" m="31520" /><U121/><N who="1" m="31008" /><U86/><E32/><V96/><F72/><T45/><D0/><U67/><E2/><V104/><F70/><T74/><D74/><U126/><E126/><V34/><F34/><T48/><D111/><U62/><E37/><V38/><F125/><T124/><D124/><U80/><E115/><V116/><F116/><T41/><D105/><U40/><E93/><V64/><F64/><T35/><D103/><U118/><E118/><V33/><F33/><T1/><D1/><U131/><E131/><V94/><F76/><T120/><N who="0" m="30752" /><T58/><REACH who="0" step="1"/><D35/><REACH who="0" ten="350,334,356,0" step="2"/><U122/><N who="1" m="31264" /><U135/><E135/><V54/><F130/><T101/><D101/><U83/><REACH who="1" step="1"/><E86/><AGARI ba="0,1" hai="36,41,45,48,51,53,58,60,86,90,92,132,133,134" m="30752" machi="86" ten="40,5200,0" yaku="1,1,20,1,52,1,53,0" doraHai="108" doraHaiUra="73" who="0" fromWho="1" sc="350,62,334,-52,356,0,0,0" /><INIT seed="4,0,0,2,1,0" ten="412,282,356,0" oya="0" hai0="113,49,135,102,44,62,120,67,118,115,35,117,119" hai1="54,107,79,110,45,95,104,93,86,116,92,91,111" hai2="42,51,106,82,83,37,96,125,128,34,131,80,88" hai3=""/><T3/><N who="0" m="30752" /><T81/><D3/><U72/><E54/><V61/><F37/><T77/><D102/><U39/><E45/><V123/><N who="2" m="31520" /><V134/><F134/><T75/><D135/><U2/><E39/><V36/><F36/><T40/><REACH who="0" step="1"/><D35/><REACH who="0" ten="402,282,356,0" step="2"/><U33/><E33/><V52/><F34/><T60/><D60/><U48/><E2/><V109/><F61/><T55/><D55/><U46/><E104/><V98/><F42/><T121/><N who="0" m="31008" /><T87/><D87/><U89/><E107/><V1/><F1/><T133/><D133/><U56/><E86/><V38/><F96/><T99/><D99/><U73/><E73/><V65/><F98/><T59/><AGARI ba="0,1" hai="40,44,49,59,62,67,75,77,81,113,115,117,118,119" m="31008,30752" machi="59" ten="40,8000,1" yaku="1,1,0,1,52,2,53,0" doraHai="0" doraHaiUra="32" who="0" fromWho="0" sc="402,90,282,-40,356,-40,0,0" /><INIT seed="4,1,0,1,0,131" ten="492,242,316,0" oya="0" hai0="95,88,1,115,114,63,85,93,77,53,92,39,59" hai1="120,111,44,50,116,121,52,118,103,108,65,126,83" hai2="34,134,135,132,74,48,100,79,35,122,69,47,119" hai3=""/><T73/><D39/><U0/><N who="1" m="30752" /><U43/><N who="1" m="31008" /><U67/><E0/><V104/><N who="2" m="31264" /><V71/><F119/><N who="1" m="45609" /><E103/><V78/><F100/><T3/><D73/><U56/><E126/><V97/><F97/><T54/><D77/><N who="2" m="29194" /><F74/><T66/><D1/><U68/><E83/><V49/><F104/><T62/><D3/><U91/><E91/><V38/><F38/><T55/><REACH who="0" step="1"/><D63/><REACH who="0" ten="482,242,316,0" step="2"/><U61/><E67/><V33/><F48/><AGARI ba="1,1" hai="43,44,48,50,52,56,61,65,68,108,111" m="45609,31008,30752" machi="48" ten="30,8000,1" yaku="34,2,52,2,54,1" doraHai="131" who="1" fromWho="2" sc="482,0,242,92,316,-82,0,0" /><INIT seed="5,0,0,5,1,0" ten="482,334,234,0" oya="1" hai0="112,82,65,103,74,128,122,40,54,107,68,72,37" hai1="46,79,67,35,95,90,116,78,56,60,93,52,44" hai2="76,84,3,32,53,63,102,59,43,104,132,66,100" hai3=""/><U73/><E116/><V92/><F3/><T123/><N who="0" m="31264" /><T101/><N who="0" m="31520" /><T48/><D112/><U119/><E119/><V45/><F132/><T33/><D33/><U110/><E110/><V58/><F104/><T113/><D113/><U117/><E117/><V108/><F108/><T118/><D128/><U120/><N who="1" m="30752" /><U62/><E35/><V126/><F126/><T69/><D118/><U71/><E93/><V2/><F2/><T57/><D69/><U134/><E134/><V98/><F84/><T83/><D107/><U114/><E114/><V109/><F76/><T133/><D133/><U86/><REACH who="1" step="1"/><E79/><REACH who="1" ten="482,324,234,0" step="2"/><V131/><F32/><T77/><D82/><AGARI ba="0,1" hai="44,46,52,56,60,62,67,71,73,78,82,86,90,95" m="30752" machi="82" ten="40,12000,1" yaku="1,1,2,1,52,1,54,1,53,1" doraHai="0" doraHaiUra="85" who="1" fromWho="0" sc="482,-120,324,130,234,0,0,0" /><INIT seed="5,1,0,4,2,60" ten="362,454,234,0" oya="1" hai0="34,114,57,90,35,108,74,61,117,38,112,48,130" hai1="84,69,86,126,127,33,62,123,97,94,135,42,56" hai2="65,109,0,85,3,119,72,64,36,101,58,77,134" hai3=""/><U83/><N who="1" m="31520" /><U40/><E33/><V132/><F119/><T95/><D108/><U129/><E69/><V92/><F72/><T98/><D74/><U116/><E116/><V66/><F36/><T59/><D38/><U118/><E118/><V63/><F109/><T120/><N who="0" m="30752" /><T47/><D130/><U128/><E135/><N who="2" m="51755" /><F77/><T89/><D89/><U49/><E49/><V32/><F32/><T52/><D59/><U80/><E94/><V103/><F85/><N who="1" m="32873" /><E97/><V51/><F51/><T1/><D117/><U2/><E2/><N who="2" m="555" /><F92/><T45/><D1/><U76/><E76/><V41/><F41/><N who="1" m="15977" /><E80/><V121/><N who="2" m="31008" /><V124/><F124/><N who="1" m="47657" /><E83/><V102/><AGARI ba="1,0" hai="58,63,64,65,66,101,102,103" m="31008,555,51755" machi="102" ten="40,6000,1" yaku="20,1,52,4" doraHai="60" who="2" fromWho="2" sc="362,-21,454,-41,234,62,0,0" /><INIT seed="6,0,0,3,3,0" ten="341,413,296,0" oya="2" hai0="109,110,59,131,61,129,60,92,106,115,39,125,67" hai1="124,43,89,85,42,37,78,103,82,65,51,114,117" hai2="48,54,77,99,53,90,130,113,84,49,45,46,50" hai3=""/><V96/><F130/><N who="0" m="49674" /><D106/><U87/><E114/><V74/><F113/><T52/><D115/><U47/><E124/><V76/><F50/><T62/><D92/><U36/><E117/><V134/><F134/><T128/><N who="0" m="49682" /><T94/><DORA hai="32" /><D94/><U132/><E132/><V133/><F133/><T120/><N who="0" m="30752" /><T88/><D88/><U95/><E43/><V79/><REACH who="2" step="1"/><F74/><REACH who="2" ten="341,413,286,0" step="2"/><T63/><D125/><U112/><E112/><V111/><F111/><N who="0" m="42506" /><D39/><U56/><E37/><V97/><F97/><T73/><D73/><U100/><E36/><V81/><AGARI ba="0,1" hai="45,46,48,49,53,54,76,77,79,81,84,90,96,99" machi="81" ten="30,7800,0" yaku="1,1,0,1,9,1,8,1,53,0" doraHai="0,32" doraHaiUra="108,121" who="2" fromWho="2" sc="341,-39,413,-39,286,88,0,0" /><INIT seed="6,1,0,2,3,61" ten="302,374,374,0" oya="2" hai0="88,33,44,105,134,36,64,125,59,133,115,60,106" hai1="92,55,113,80,120,126,83,71,91,101,118,128,99" hai2="45,47,41,94,2,51,49,77,66,39,58,110,130" hai3=""/><V78/><F2/><T84/><D33/><U32/><N who="1" m="30752" /><U68/><E32/><V63/><F130/><T122/><N who="0" m="31264" /><T117/><D117/><U114/><E128/><V62/><F39/><T116/><D116/><U35/><E35/><V85/><F110/><T46/><D125/><U50/><E118/><V124/><F62/><T123/><N who="0" m="31520" /><T79/><D79/><U1/><E1/><V67/><F67/><T43/><D46/><U76/><E91/><V111/><F111/><T108/><D115/><N who="1" m="44043" /><E83/><V98/><F85/><T129/><D129/><U103/><E101/><V96/><F124/><T93/><REACH who="0" step="1"/><D108/><REACH who="0" ten="292,374,374,0" step="2"/><U72/><E126/><V34/><F34/><T74/><D74/><U90/><E90/><V102/><F98/><T109/><D109/><U57/><AGARI ba="1,1" hai="50,55,57,68,71,72,76,80,92,99,103" m="44043,30752" machi="57" ten="30,1500,0" yaku="15,1,52,1" doraHai="61" who="1" fromWho="1" sc="292,-6,374,27,374,-11,0,0" owari="286,-31.0,401,35.0,363,-4.0,0,0.0" /></mjloggm>