<mjloggm ver="2.3"><GO type="185" lobby="0"/><UN n0="%E3%81%BF%E3%83%BC%E3%82%8F" n1="%E3%82%B5%E3%83%B3%E3%83%9E%E6%BC%81%E5%B8%AB%4B" n2="%E7%81%AB%E6%98%9F%E3%81%AE%E7%8A%AC" n3="" dan="17,17,16,0" rate="2236.63,2244.97,2202.47,1500.00" sx="M,M,M,C"/><TAIKYOKU oya="0"/><INIT seed="0,0,0,1,4,44" ten="350,350,350,0" oya="0" hai0="108,86,110,58,62,60,46,88,34,67,105,103,96" hai1="128,71,89,102,59,76,72,2,1,115,114,135,64" hai2="39,104,132,95,99,32,98,116,51,41,124,66,33" hai3=""/><T90/><D34/><U38/><E38/><V80/><F39/><T112/><D112/><N who="1" m="43051" /><E135/><V61/><F132/><T125/><D125/><U54/><E102/><V117/><F124/><T37/><D62/><U69/><E64/><V81/><F104/><T55/><D37/><U97/><E76/><V35/><F99/><T119/><D119/><N who="2" m="45642" /><F66/><T48/><REACH who="0" step="1"/><D90/><REACH who="0" ten="340,350,350,0" step="2"/><U40/><E89/><V36/><F61/><T77/><D77/><U121/><E1/><V57/><F36/><T73/><D73/><U43/><E72/><V118/><F118/><T68/><D68/><U74/><E74/><V75/><F75/><T85/><D85/><U130/><E2/><V106/><F33/><T91/><D91/><U107/><N who="1" m="31008" /><U93/><E69/><V113/><F32/><T49/><D49/><U63/><E71/><V120/><F113/><T94/><AGARI ba="0,1" hai="46,48,55,58,60,67,86,88,94,96,103,105,108,110" machi="94" ten="30,7800,0" yaku="1,1,0,1,52,1,54,1,53,0" doraHai="44" doraHaiUra="134" who="0" fromWho="0" sc="340,88,350,-39,350,-39,0,0" /><INIT seed="0,1,0,3,1,69" ten="428,311,311,0" oya="0" hai0="113,33,135,83,117,74,40,102,57,126,53,65,111" hai1="44,42,89,52,38,39,101,43,107,49,36,72,68" hai2="103,34,129,70,86,121,56,100,91,125,75,63,124" hai3=""/><T82/><D113/><U81/><E68/><V67/><N who="2" m="31008" /><V47/><F34/><T131/><D117/><U66/><E66/><V98/><F75/><T61/><D33/><U123/><N who="1" m="31520" /><U46/><E101/><V90/><F129/><T76/><D131/><U130/><E107/><V116/><F116/><T132/><D126/><N who="2" m="48746" /><F70/><T134/><D111/><U2/><E2/><V58/><F58/><T80/><D102/><U79/><E130/><V78/><F47/><T118/><D118/><U96/><REACH who="1" step="1"/><E46/><REACH who="1" ten="428,301,311,0" step="2"/><V120/><N who="2" m="30752" /><V115/><F115/><T87/><D65/><U127/><E127/><V97/><F103/><T85/><D134/><U109/><E109/><V93/><F100/><T105/><D105/><U48/><E48/><V35/><F35/><T114/><D135/><U133/><E133/><V71/><F71/><T95/><D132/><U60/><E60/><V54/><F63/><T0/><D0/><U104/><E104/><V51/><F67/><T73/><D114/><U94/><AGARI ba="1,1" hai="36,38,39,42,43,44,49,52,72,79,81,89,94,96" m="31520" machi="94" ten="40,9000,2" yaku="1,1,0,1,52,4,54,1,53,0" doraHai="69" doraHaiUra="3" who="1" fromWho="1" sc="428,-61,301,102,311,-31,0,0" /><INIT seed="1,0,0,2,5,130" ten="367,403,280,0" oya="1" hai0="1,69,48,103,68,74,90,36,80,88,49,133,127" hai1="104,107,114,46,89,95,52,109,72,58,47,115,106" hai2="35,79,67,34,86,42,134,82,3,87,116,66,2" hai3=""/><U32/><E72/><V84/><F116/><T73/><D103/><U120/><N who="1" m="30752" /><U44/><E32/><V129/><F129/><T45/><D45/><U125/><E125/><V123/><N who="2" m="31520" /><V70/><F42/><T37/><D80/><U40/><E40/><V112/><F112/><T110/><D127/><U50/><REACH who="1" step="1"/><E109/><REACH who="1" ten="367,393,280,0" step="2"/><V105/><F35/><T102/><D110/><U76/><E76/><V100/><F34/><T113/><D113/><U122/><N who="1" m="31264" /><U57/><E57/><V93/><F79/><T132/><D102/><U65/><E65/><V60/><F67/><T111/><D111/><U119/><E119/><V38/><F100/><T101/><D101/><U43/><E43/><V94/><F66/><T118/><D118/><U99/><AGARI ba="0,1" hai="44,46,47,50,52,58,89,95,99,104,106,107,114,115" m="31264,30752" machi="99" ten="40,8000,1" yaku="1,1,0,1,52,2,54,1,53,0" doraHai="130" doraHaiUra="62" who="1" fromWho="1" sc="367,-40,393,90,280,-40,0,0" /><INIT seed="1,1,0,5,5,85" ten="327,483,240,0" oya="1" hai0="110,50,87,88,40,106,48,80,69,99,92,129,82" hai1="97,42,65,122,119,131,94,113,126,130,70,96,46" hai2="75,109,105,107,112,117,32,104,111,115,33,108,3" hai3=""/><U84/><N who="1" m="31264" /><U123/><N who="1" m="31520" /><U44/><E119/><V118/><F3/><T34/><D34/><N who="2" m="13418" /><F75/><T41/><D110/><U47/><E113/><AGARI ba="1,0" hai="104,105,107,108,109,111,112,113,115,117,118" m="13418" machi="113" ten="50,12000,2" yaku="28,2,14,1,11,1,31,2" doraHai="85" who="2" fromWho="1" sc="327,0,483,-122,240,122,0,0" /><INIT seed="2,0,0,0,2,57" ten="327,361,362,0" oya="2" hai0="37,106,114,125,53,129,39,64,120,94,82,131,83" hai1="45,123,109,96,93,71,75,90,121,100,115,84,132" hai2="32,73,126,78,52,63,42,103,116,3,1,119,70" hai3=""/><V107/><F32/><T88/><N who="0" m="30752" /><T44/><D106/><U117/><N who="1" m="31008" /><U128/><N who="1" m="31520" /><U124/><E71/><V66/><F126/><T65/><D125/><U47/><E124/><V51/><F73/><T40/><D114/><U102/><E115/><V68/><F78/><T112/><D112/><U72/><E45/><V49/><F70/><T98/><D37/><U36/><E36/><V104/><F51/><T54/><D53/><U95/><E47/><V55/><F55/><T35/><D54/><U59/><E59/><V33/><F33/><T134/><D134/><U0/><E0/><V135/><F135/><T122/><N who="0" m="31264" /><T76/><D35/><U50/><E50/><V60/><F104/><T133/><D133/><U127/><E127/><V43/><F1/><T67/><REACH who="0" step="1"/><D83/><REACH who="0" ten="317,361,362,0" step="2"/><U113/><E113/><V118/><F3/><T130/><D130/><U61/><E128/><V85/><F107/><T74/><AGARI ba="0,1" hai="39,40,44,64,65,67,74,76,82,88,94,98,129,131" m="31264,30752" machi="74" ten="30,9000,2" yaku="1,1,0,1,52,2,54,1,53,1" doraHai="57" doraHaiUra="87" who="0" fromWho="0" sc="317,100,361,-30,362,-60,0,0" /><INIT seed="4,0,0,1,0,34" ten="417,331,302,0" oya="0" hai0="70,121,119,37,62,63,125,88,58,93,126,135,57" hai1="131,108,2,134,110,130,129,56,124,45,72,44,76" hai2="111,107,123,90,61,114,35,101,91,112,94,86,109" hai3=""/><T128/><N who="0" m="31008" /><T77/><D119/><U53/><E76/><V69/><N who="2" m="31520" /><V81/><F35/><T133/><D77/><U87/><E87/><V78/><F69/><T3/><D3/><U50/><E72/><V64/><F64/><T46/><D128/><U99/><E99/><V52/><F61/><N who="0" m="23050" /><D70/><U104/><E104/><V80/><F52/><T75/><D75/><U95/><E95/><V89/><F81/><T92/><D92/><U49/><E2/><V42/><F42/><T32/><D32/><U54/><E134/><N who="0" m="51209" /><D46/><U66/><E124/><N who="0" m="47721" /><D37/><U0/><E0/><V85/><F107/><T38/><D38/><U118/><E118/><V115/><F86/><AGARI ba="0,0" hai="57,58,86,88,93" m="47721,51209,23050,31008" machi="86" ten="30,11600,0" yaku="20,1,18,1,52,1,54,1" doraHai="34" who="0" fromWho="2" sc="417,116,331,0,302,-116,0,0" /><INIT seed="4,1,0,1,1,37" ten="533,331,186,0" oya="0" hai0="89,128,0,55,38,85,64,84,68,117,42,78,49" hai1="116,127,94,80,115,87,105,100,33,40,130,60,119" hai2="50,103,77,47,112,71,46,95,76,81,120,134,124" hai3=""/><T92/><D117/><U32/><E105/><V133/><N who="2" m="30752" /><V35/><F35/><T99/><D0/><U102/><E130/><V111/><F71/><T108/><D128/><U90/><E127/><V44/><F111/><T93/><D108/><U56/><E115/><V113/><F124/><T125/><D125/><U72/><E102/><V98/><F50/><T48/><D38/><U41/><E32/><V110/><F110/><T129/><D129/><U63/><E63/><V88/><F103/><T45/><D78/><N who="2" m="30314" /><F81/><T83/><D85/><U73/><E33/><V53/><F53/><T123/><N who="0" m="31520" /><T86/><D86/><U66/><E72/><V122/><N who="2" m="31264" /><V101/><F101/><T61/><D99/><U1/><E1/><V69/><F69/><T106/><D106/><U54/><E73/><V52/><F52/><T114/><D114/><AGARI ba="1,0" hai="44,46,47,88,95,98,112,113,114,133,134" m="31264,30314,30752" machi="114" ten="40,8000,1" yaku="15,1,52,2,54,1" doraHai="37" who="2" fromWho="0" sc="533,-82,331,0,186,82,0,0" /><INIT seed="5,0,0,2,5,3" ten="451,331,268,0" oya="1" hai0="40,36,34,130,49,66,59,78,106,115,44,35,97" hai1="109,45,89,112,74,132,57,72,92,131,70,47,1" hai2="64,56,118,116,121,110,122,91,90,81,95,62,98" hai3=""/><U38/><E70/><V75/><N who="2" m="31008" /><V94/><N who="2" m="31264" /><V107/><F110/><T51/><D115/><U76/><E1/><V129/><F129/><T79/><D130/><U53/><E131/><V63/><F107/><T71/><D51/><U83/><E112/><V126/><F126/><T119/><D119/><U99/><E109/><V69/><F81/><T55/><D97/><U134/><E74/><V39/><F75/><T80/><D106/><U52/><E53/><V46/><F46/><T77/><D80/><U117/><E117/><V61/><F39/><T43/><D43/><U124/><E124/><V42/><F42/><T102/><D102/><U114/><E114/><V125/><F63/><AGARI ba="0,0" hai="34,35,36,40,44,49,55,59,63,66,71,77,78,79" machi="63" ten="40,8000,1" yaku="24,2,52,2" doraHai="3" who="0" fromWho="2" sc="451,80,331,0,268,-80,0,0" /><INIT seed="6,0,0,1,1,114" ten="531,331,188,0" oya="2" hai0="68,120,128,94,45,88,77,90,3,130,105,82,40" hai1="64,108,97,43,70,42,124,80,92,109,127,41,134" hai2="107,84,49,58,118,60,36,73,132,99,39,56,113" hai3=""/><V33/><F33/><T112/><N who="0" m="30752" /><T103/><D3/><U57/><E70/><V123/><N who="2" m="31520" /><V106/><F113/><T47/><D112/><U65/><E80/><V89/><F73/><T87/><D68/><U66/><E134/><V75/><F132/><T1/><D1/><U72/><E72/><V96/><F75/><T35/><D35/><U44/><E44/><V61/><F49/><T135/><D135/><U110/><E92/><V50/><F50/><T51/><D47/><U48/><E97/><V55/><F84/><T52/><D40/><U71/><E71/><V95/><F118/><T86/><D90/><U67/><E48/><V74/><F74/><T46/><D45/><U126/><E67/><V79/><F79/><T54/><D54/><U93/><E93/><V37/><REACH who="2" step="1"/><F99/><REACH who="2" ten="531,331,178,0" step="2"/><T2/><D2/><U76/><E76/><V78/><F78/><T129/><D87/><U59/><AGARI ba="0,1" hai="41,42,43,57,59,64,65,66,108,109,110,124,126,127" machi="59" ten="50,24000,5" yakuman="41" doraHai="114" who="1" fromWho="1" sc="531,-80,331,250,178,-160,0,0" owari="451,5.0,581,53.0,18,-58.0,0,0.0" /></mjloggm>