<mjloggm ver="2.3"><GO type="169" lobby="0"/><UN n0="%62%6F%6F%6B%65%72%4B" n1="%E3%83%AD%E3%83%83%E3%82%BD" n2="%75%72%61%74%61%6D%61" n3="%68%61%72%75%6B%61%73" dan="16,17,16,16" rate="2099.72,2153.03,2081.19,2108.78" sx="M,F,M,M"/><TAIKYOKU oya="0"/><INIT seed="0,0,0,4,5,12" ten="250,250,250,250" oya="0" hai0="35,45,48,41,108,63,37,17,89,117,0,30,64" hai1="129,25,32,131,19,107,133,123,51,70,130,49,44" hai2="79,7,67,122,20,43,116,26,90,57,27,134,104" hai3="127,28,72,53,85,21,47,86,121,40,115,111,97"/><T8/><D117/><U9/><E107/><V2/><F122/><W78/><G115/><T10/><D35/><U132/><E70/><V71/><F71/><W118/><G118/><T77/><D77/><U1/><E51/><V113/><F113/><W62/><G111/><T93/><D30/><N who="1" m="19535" /><E44/><V42/><F104/><W135/><G97/><T52/><D0/><U120/><E49/><V14/><F2/><W58/><G72/><T29/><D29/><U13/><E1/><V82/><F90/><W94/><G94/><T125/><D108/><U18/><E19/><V4/><F26/><W68/><G68/><T96/><D17/><U5/><E5/><V66/><F43/><W114/><G121/><AGARI ba="0,0" hai="9,13,18,120,121,123,129,130,131,132,133" m="19535" machi="121" ten="40,8000,1" yaku="19,1,34,2,52,1" doraHai="12" who="1" fromWho="3" sc="250,0,250,80,250,0,250,-80" /><INIT seed="1,0,0,3,4,108" ten="250,330,250,170" oya="1" hai0="126,128,15,46,36,82,28,45,115,2,21,114,103" hai1="58,74,27,19,49,6,59,34,31,8,134,129,39" hai2="11,91,35,119,0,104,60,102,73,79,1,122,118" hai3="62,96,100,110,24,67,53,111,44,75,42,61,23"/><U125/><E39/><V72/><F122/><W107/><G75/><T37/><D2/><U9/><E74/><V41/><F73/><W80/><G80/><T84/><D103/><U17/><E134/><V77/><F79/><W106/><G106/><T89/><D128/><U12/><E129/><V52/><F91/><W47/><G53/><T38/><D126/><U97/><E125/><V112/><F35/><W86/><G86/><T70/><D70/><U71/><E71/><V130/><F130/><W40/><G47/><T87/><D84/><U50/><E50/><V64/><F52/><W63/><G67/><T92/><D92/><U113/><E113/><V94/><F94/><W7/><G7/><T66/><D66/><U90/><E49/><V51/><F112/><W68/><G68/><T93/><D45/><U20/><E19/><V105/><F51/><W54/><G54/><T81/><D46/><U101/><E90/><V13/><F41/><W14/><G14/><T83/><REACH who="0" step="1"/><D15/><REACH who="0" ten="240,330,250,170" step="2"/><U117/><E117/><V16/><F118/><W4/><G44/><T48/><D48/><U5/><E59/><V127/><F119/><W121/><G42/><T85/><D85/><U98/><E58/><N who="2" m="36887" /><F127/><W99/><G40/><T10/><D10/><U3/><E101/><V29/><F102/><W22/><G100/><T131/><D131/><U109/><E109/><V56/><F56/><W88/><G110/><T69/><D69/><U135/><E135/><V95/><F105/><W55/><G111/><T78/><D78/><U57/><E57/><V33/><F104/><W76/><G107/><RYUUKYOKU ba="0,1" sc="240,15,330,15,250,-15,170,-15" hai0="21,28,36,37,38,81,82,83,87,89,93,114,115" hai1="3,5,6,8,9,12,17,20,27,31,34,97,98" /><INIT seed="1,1,1,3,4,29" ten="255,345,235,155" oya="1" hai0="129,103,113,38,70,63,26,54,32,134,65,12,30" hai1="47,21,5,127,112,27,68,28,17,45,82,4,91" hai2="75,93,59,43,90,105,125,55,37,31,0,86,2" hai3="46,80,128,51,106,66,116,56,122,13,34,15,64"/><U88/><E68/><V131/><F105/><W87/><G122/><T48/><D134/><U42/><E127/><V33/><F125/><W62/><G106/><T130/><D113/><U9/><E112/><V71/><F75/><W97/><G128/><T61/><D63/><U76/><E17/><V115/><F131/><W108/><G108/><T123/><D123/><U132/><E47/><V14/><F71/><W1/><G1/><T22/><D38/><U96/><E132/><V100/><F100/><W44/><G97/><T60/><D60/><U57/><E57/><V99/><F43/><W102/><G102/><T121/><D121/><U23/><E23/><V114/><F37/><W101/><G101/><T58/><D22/><U50/><E96/><V79/><F114/><W110/><G64/><T10/><REACH who="0" step="1"/><D103/><REACH who="0" ten="245,345,235,155" step="2"/><U40/><E40/><V85/><F115/><W53/><G62/><T104/><D104/><U69/><E69/><V118/><F118/><W119/><G119/><T24/><D24/><U77/><E77/><V19/><F79/><W94/><G116/><T35/><D35/><U81/><E76/><V6/><F33/><W83/><G34/><T74/><D74/><U126/><E126/><V36/><F36/><W135/><G135/><T49/><D49/><U107/><E107/><V20/><F20/><W18/><G51/><T11/><D11/><U111/><E9/><V16/><F90/><N who="1" m="34345" /><E111/><V73/><F73/><W117/><G110/><T7/><AGARI ba="1,2" hai="7,10,12,26,30,32,48,54,58,61,65,70,129,130" machi="7" ten="30,7900,0" yaku="1,1,0,1,52,1,53,1" doraHai="29" doraHaiUra="8" who="0" fromWho="0" sc="245,102,345,-40,235,-21,155,-21" /><INIT seed="2,0,0,5,3,12" ten="347,305,214,134" oya="2" hai0="128,74,7,57,115,27,62,53,19,45,133,88,55" hai1="112,105,10,117,66,28,8,78,114,40,48,16,71" hai2="83,21,69,70,85,2,135,126,56,98,39,49,58" hai3="109,23,75,82,91,17,44,38,14,122,43,20,29"/><V41/><F2/><W46/><G122/><T33/><D74/><U30/><E105/><V50/><F126/><W51/><G109/><T119/><D115/><U3/><E78/><V9/><F39/><W102/><G102/><T5/><D33/><U104/><E104/><V100/><F69/><W127/><G127/><T87/><D128/><U52/><E40/><V18/><F70/><W36/><G75/><T24/><D24/><U59/><E117/><V65/><F9/><W32/><G32/><T68/><D133/><U15/><E71/><V108/><F135/><W96/><G46/><T31/><D31/><U4/><REACH who="1" step="1"/><E66/><REACH who="1" ten="347,295,214,134" step="2"/><V77/><F41/><W42/><G43/><T118/><D68/><U73/><E73/><V81/><F108/><W63/><G38/><T111/><D111/><U35/><E35/><V130/><F130/><W25/><G36/><T95/><D119/><U129/><E129/><V61/><F77/><W93/><G82/><T64/><D118/><U116/><E116/><V134/><F83/><W11/><G11/><T92/><D64/><U123/><E123/><V37/><F65/><W121/><G121/><T107/><D107/><U22/><E22/><V120/><F21/><W131/><G131/><T1/><D95/><U132/><E132/><V72/><F134/><W60/><AGARI ba="0,1" hai="14,17,20,23,25,29,42,44,51,60,63,91,93,96" machi="60" ten="30,4000,0" yaku="0,1,8,1,52,1" doraHai="12" who="3" fromWho="3" sc="347,-10,295,-10,214,-20,134,50" /><INIT seed="3,0,0,0,1,64" ten="337,285,194,184" oya="3" hai0="30,58,48,112,91,32,79,113,117,115,33,12,67" hai1="96,65,18,85,35,93,80,56,120,121,5,87,77" hai2="15,94,105,131,11,22,124,81,31,107,110,37,34" hai3="128,50,10,78,66,20,103,26,23,43,92,100,73"/><W41/><G66/><T1/><D1/><U69/><E35/><V70/><F34/><W7/><G23/><T130/><D79/><U68/><E5/><V114/><F114/><W24/><G26/><T97/><D117/><U38/><E38/><V47/><F81/><W36/><G50/><T122/><D122/><U19/><E56/><V102/><F22/><W71/><G71/><T8/><D30/><U27/><E65/><V6/><F31/><W53/><G53/><T29/><D29/><U28/><E28/><V74/><F15/><W123/><G123/><T83/><D130/><U13/><E27/><V46/><F47/><W52/><G52/><N who="0" m="32007" /><D67/><U127/><E127/><V111/><F131/><W54/><G54/><T42/><D42/><U25/><E25/><V44/><F124/><W57/><G57/><T88/><D12/><U59/><E59/><V76/><F44/><W119/><G43/><T49/><D8/><U86/><E80/><V9/><F11/><W16/><G128/><T135/><D49/><U21/><E77/><V63/><F9/><W60/><G60/><T62/><D62/><U133/><E133/><V61/><F63/><W4/><G78/><T55/><D55/><U2/><E2/><V125/><F76/><W108/><G73/><T0/><D0/><U75/><E75/><V89/><F74/><W72/><G72/><T134/><D32/><U109/><E19/><V90/><F61/><W51/><G36/><T39/><D39/><U98/><E121/><V106/><F37/><W84/><G119/><T99/><D33/><U14/><E120/><RYUUKYOKU ba="0,0" sc="337,0,285,0,194,0,184,0" /><INIT seed="4,1,0,4,5,81" ten="337,285,194,184" oya="0" hai0="97,42,19,89,71,128,54,27,12,44,22,90,43" hai1="32,55,95,87,48,31,135,53,127,18,60,9,85" hai2="6,133,83,101,107,68,134,0,93,116,114,36,30" hai3="122,4,40,129,100,115,7,28,74,52,45,13,14"/><T126/><D71/><U82/><E135/><V130/><F36/><W8/><G74/><T23/><D126/><U58/><E127/><V92/><F68/><W41/><G115/><T77/><D77/><U109/><E109/><V118/><F30/><W57/><G129/><T79/><D79/><U46/><E32/><V21/><F21/><W78/><G78/><T3/><D3/><U5/><E31/><V98/><F6/><W94/><G28/><T56/><D97/><U51/><E82/><V124/><F0/><W113/><G113/><T72/><D72/><U62/><E18/><V105/><F124/><W103/><G122/><T75/><D75/><U69/><E95/><N who="2" m="36427" /><F114/><W86/><G103/><T119/><D44/><U47/><E69/><V15/><F15/><W29/><G29/><N who="0" m="17655" /><D119/><N who="2" m="45610" /><F130/><W91/><G100/><T108/><D108/><U16/><E16/><V120/><F120/><W80/><G94/><T63/><D128/><U35/><E35/><V67/><F67/><W104/><G104/><N who="2" m="40009" /><F83/><W20/><G20/><T132/><D132/><N who="2" m="50794" /><F101/><W24/><G45/><T26/><D12/><N who="1" m="5167" /><E62/><V110/><F98/><W65/><G65/><AGARI ba="1,0" hai="46,47,48,51,53,55,58,60,65,85,87" m="5167" machi="65" ten="30,3900,0" yaku="8,1,52,2" doraHai="81" who="1" fromWho="3" sc="337,0,285,42,194,0,184,-42" /><INIT seed="5,0,0,0,4,135" ten="337,327,194,142" oya="1" hai0="19,96,127,111,79,84,82,22,92,48,39,30,60" hai1="131,71,59,18,29,89,41,8,32,91,12,70,128" hai2="26,130,67,88,45,49,16,97,33,126,81,124,15" hai3="7,50,106,101,36,23,61,68,119,73,114,75,122"/><U109/><E41/><V113/><F130/><N who="1" m="49705" /><E59/><V69/><F67/><W40/><G122/><T35/><D39/><U4/><E109/><V24/><F69/><N who="1" m="26121" /><E29/><V110/><F110/><W133/><G40/><T86/><D60/><U116/><E32/><V121/><F121/><W25/><G61/><T43/><D30/><U1/><E116/><V54/><F113/><W17/><G114/><T100/><D35/><U103/><E103/><V120/><F120/><W99/><G36/><T44/><D111/><U125/><E125/><N who="2" m="48235" /><F33/><W66/><G66/><T80/><D127/><U87/><E87/><N who="0" m="33321" /><D79/><U78/><E78/><V53/><F53/><W28/><G68/><T51/><D51/><U83/><E83/><V117/><F117/><W37/><G50/><T118/><D118/><U98/><E98/><V57/><F57/><W2/><G37/><T112/><D112/><U94/><E94/><N who="2" m="56519" /><F81/><W63/><G119/><T104/><D104/><U72/><E72/><V3/><F3/><W65/><G75/><T34/><D34/><U64/><E64/><V6/><F6/><W105/><G73/><T85/><D85/><U55/><E55/><V134/><F134/><W47/><G106/><T102/><D102/><U31/><E1/><V95/><F95/><W10/><G133/><T46/><D46/><U56/><E56/><V58/><F58/><W74/><G74/><T77/><D77/><U108/><E108/><V93/><F93/><W76/><G76/><T115/><D115/><U107/><E107/><V42/><F42/><W129/><G129/><T27/><AGARI ba="0,0" hai="19,22,27,43,44,48,80,82,92,96,100" m="33321" machi="27" ten="30,1100,0" yaku="8,1" doraHai="135" who="0" fromWho="0" sc="337,11,327,-5,194,-3,142,-3" /><INIT seed="6,0,0,4,5,116" ten="348,322,191,139" oya="2" hai0="53,48,127,131,93,31,32,87,37,123,27,133,89" hai1="107,77,58,114,54,9,103,92,24,101,51,39,59" hai2="56,65,100,117,41,73,125,106,38,35,113,75,67" hai3="119,98,62,12,84,26,102,0,45,71,33,34,68"/><V16/><F117/><W61/><G119/><T90/><D37/><U105/><E39/><V19/><F35/><W18/><G0/><T97/><D131/><U69/><E69/><V104/><F125/><W135/><G45/><T52/><D133/><U11/><E77/><V21/><F113/><W96/><G135/><T14/><D127/><U134/><E134/><V1/><F1/><W23/><G84/><T128/><D128/><U130/><E130/><V70/><F70/><W91/><G91/><T124/><D123/><U99/><E114/><V122/><F41/><W7/><G71/><T2/><D2/><U88/><E107/><V30/><F38/><W10/><G96/><T95/><D124/><U72/><E72/><V86/><F86/><W17/><G17/><T8/><D48/><U3/><E3/><V111/><F30/><W28/><G68/><T46/><D46/><U109/><E109/><V57/><F111/><W82/><G82/><T78/><D78/><U4/><E24/><V36/><F36/><W22/><G33/><T66/><D66/><U55/><E105/><V49/><F100/><N who="1" m="38473" /><E4/><AGARI ba="0,0" hai="4,8,14,27,31,32,52,53,87,89,90,93,95,97" machi="4" ten="30,2000,0" yaku="7,1,54,1" doraHai="116" who="0" fromWho="1" sc="348,20,322,-20,191,0,139,0" /><INIT seed="7,0,0,2,4,69" ten="368,302,191,139" oya="3" hai0="115,102,2,68,7,64,27,85,75,36,80,58,21" hai1="88,55,126,39,33,93,70,117,114,63,127,90,94" hai2="51,18,71,5,112,1,105,10,133,67,23,106,9" hai3="123,107,74,32,29,89,53,41,28,77,72,44,65"/><W60/><G123/><T81/><D68/><U59/><E33/><V14/><F133/><W109/><G107/><T111/><D75/><U82/><E70/><V108/><F108/><W130/><G109/><T25/><D102/><U83/><E114/><V121/><F112/><W46/><G130/><T4/><D21/><U122/><E122/><V95/><F121/><W6/><G6/><T76/><D64/><U73/><E73/><V45/><F95/><W12/><G12/><T3/><D58/><U0/><E0/><V48/><F48/><N who="3" m="28807" /><G89/><T50/><D76/><U47/><E117/><V116/><F116/><W31/><G77/><T92/><D111/><U35/><E35/><V79/><F79/><W119/><G32/><T86/><D115/><U129/><E129/><V103/><F103/><W124/><G119/><T37/><D50/><U110/><E110/><V120/><F120/><W99/><G99/><T84/><D85/><U17/><E17/><V66/><F71/><N who="3" m="42407" /><G124/><N who="1" m="47658" /><E94/><AGARI ba="0,0" hai="2,3,4,7,25,27,36,37,80,81,84,86,92,94" machi="94" ten="25,6400,0" yaku="22,2,52,2" doraHai="69" who="0" fromWho="1" sc="368,64,302,-64,191,0,139,0" owari="432,53.0,238,4.0,191,-21.0,139,-36.0" /></mjloggm>