<mjloggm ver="2.3"><GO type="169" lobby="0"/><UN n0="%63%6C%75%74%63%68%37%33" n1="%73%69%6E%73%69%73%74" n2="%E9%9B%AA%E6%9C%88%E9%A2%A8%E8%8A%B1" n3="%79%6F%75%61%6C%70%68%61" dan="17,18,16,17" rate="2170.50,2244.77,2233.43,2141.79" sx="M,M,F,M"/><TAIKYOKU oya="0"/><INIT seed="0,0,0,4,0,17" ten="250,250,250,250" oya="0" hai0="22,39,32,68,93,78,62,53,135,8,89,73,98" hai1="26,108,75,65,76,34,56,107,0,99,40,46,114" hai2="18,9,3,97,112,54,44,6,55,63,35,123,84" hai3="130,29,83,122,57,36,116,69,125,71,133,61,64"/><T30/><D135/><U10/><E65/><V85/><F112/><W12/><G83/><T38/><D32/><U74/><E56/><V24/><F123/><W20/><G12/><T121/><D121/><U94/><E114/><V129/><F129/><W109/><G122/><T120/><D120/><U41/><E41/><V37/><F97/><W23/><G116/><T96/><D96/><U119/><E108/><V2/><F2/><W4/><G29/><T19/><D30/><N who="1" m="19799" /><E94/><V33/><F33/><W110/><G130/><T95/><D95/><U105/><E119/><V91/><F35/><W72/><G72/><N who="1" m="27690" /><E76/><V103/><F63/><W47/><G4/><T87/><D8/><U70/><E70/><N who="3" m="26634" /><G133/><T66/><D73/><U126/><E126/><V42/><F85/><W77/><G77/><T90/><D53/><U1/><E10/><V51/><F103/><W43/><G125/><T115/><D115/><U13/><E13/><V52/><F24/><W101/><G101/><T49/><D49/><U5/><E5/><V86/><F86/><W106/><G106/><N who="1" m="40458" /><E99/><V67/><F67/><W81/><G81/><T117/><D117/><U128/><E128/><V50/><REACH who="2" step="1"/><F18/><REACH who="2" ten="250,250,240,250" step="2"/><W14/><G14/><T111/><D111/><AGARI ba="0,1" hai="20,23,36,43,47,57,61,64,109,110,111" m="26634" machi="111" ten="30,3900,0" yaku="14,1,52,2" doraHai="17" who="3" fromWho="0" sc="250,-39,250,0,240,0,250,49" /><INIT seed="1,0,0,0,5,90" ten="211,250,240,299" oya="1" hai0="47,75,46,39,111,16,115,102,6,107,74,77,65" hai1="24,95,68,32,85,131,98,130,31,38,96,134,51" hai2="118,63,11,69,55,104,120,94,4,33,81,34,105" hai3="37,19,76,36,42,128,61,40,58,89,28,54,73"/><U52/><E38/><N who="3" m="14954" /><G19/><T135/><D111/><U53/><E68/><V0/><F118/><W122/><G89/><T25/><D115/><U114/><E114/><V101/><F120/><W12/><G12/><T113/><D135/><U45/><E134/><V103/><F81/><W92/><G92/><T121/><D113/><U57/><E85/><V117/><F117/><W10/><G10/><T20/><D121/><U9/><E9/><V59/><F69/><W112/><G28/><T86/><D65/><U56/><E96/><V91/><F101/><W60/><G112/><T124/><D124/><U123/><E123/><V71/><F71/><W97/><G97/><T70/><D70/><U127/><E127/><V1/><F1/><W43/><G122/><T5/><D75/><U88/><REACH who="1" step="1"/><E52/><REACH who="1" ten="211,240,240,299" step="2"/><V35/><REACH who="2" step="1"/><F103/><REACH who="2" ten="211,240,230,299" step="2"/><W126/><G126/><T50/><D102/><U44/><E44/><V106/><F106/><W84/><G73/><T83/><D107/><U119/><E119/><V67/><F67/><W29/><G42/><T22/><D74/><U49/><E49/><V26/><F26/><W80/><G40/><T110/><D46/><U30/><E30/><V82/><F82/><W108/><G43/><N who="0" m="24959" /><D39/><U48/><E48/><V23/><F23/><W41/><G41/><T133/><D133/><U99/><E99/><AGARI ba="0,2" hai="0,4,11,33,34,35,55,59,63,91,94,99,104,105" machi="99" ten="40,5200,0" yaku="1,1,52,1,53,1" doraHai="90" doraHaiUra="3" who="2" fromWho="1" sc="211,0,240,-52,230,72,299,0" /><INIT seed="2,0,0,3,3,59" ten="211,188,302,299" oya="2" hai0="18,49,16,33,48,31,79,127,0,107,21,101,130" hai1="90,91,28,62,54,100,25,99,123,94,22,30,82" hai2="46,13,133,122,115,35,92,50,34,93,51,124,114" hai3="120,55,57,53,132,102,47,38,10,42,23,20,105"/><V63/><F122/><W45/><G120/><T3/><D130/><U125/><E123/><V7/><F13/><W134/><G105/><T56/><D127/><U44/><E125/><V58/><F124/><W76/><G76/><T2/><D79/><U106/><E106/><V4/><F58/><W83/><G102/><T81/><D81/><U67/><E28/><V12/><F12/><W11/><G83/><T15/><D101/><U110/><E110/><V88/><F46/><N who="3" m="17419" /><G42/><T78/><D107/><U61/><E67/><V5/><F5/><W37/><G57/><T32/><D78/><U103/><E103/><V66/><F66/><W98/><G98/><T52/><D31/><U14/><E14/><V116/><F133/><N who="3" m="51307" /><G55/><T17/><REACH who="0" step="1"/><D48/><REACH who="0" ten="201,188,302,299" step="2"/><N who="1" m="28935" /><E82/><V135/><F135/><W131/><G131/><T97/><D97/><U119/><E119/><V75/><F116/><W29/><G29/><T43/><D43/><U40/><E40/><V113/><F113/><W71/><G38/><T41/><D41/><U39/><E39/><V69/><F75/><W1/><G37/><T65/><D65/><U86/><E86/><V6/><F114/><W95/><G95/><T60/><D60/><AGARI ba="0,1" hai="22,25,30,60,61,62,90,91,94,99,100" m="28935" machi="60" ten="30,7700,0" yaku="8,1,52,3" doraHai="59" who="1" fromWho="0" sc="201,-77,188,87,302,0,299,0" /><INIT seed="3,0,0,5,0,76" ten="124,275,302,299" oya="3" hai0="124,1,130,117,4,47,78,64,102,56,44,109,83" hai1="22,74,93,125,17,34,58,96,134,59,85,111,86" hai2="129,50,95,31,48,128,120,65,103,42,41,11,91" hai3="6,77,45,126,106,92,63,51,79,46,94,114,32"/><W131/><G114/><T122/><D109/><U68/><E68/><V115/><F115/><W8/><G32/><T23/><D122/><U10/><E74/><V5/><F103/><W27/><G106/><T60/><D130/><U13/><E34/><V116/><F116/><W105/><G105/><T21/><D124/><U35/><E35/><V81/><F65/><W30/><G131/><T12/><D117/><U121/><E121/><V54/><F31/><W112/><G112/><T113/><D113/><U55/><E111/><V18/><F18/><W88/><G126/><T132/><D132/><U119/><E119/><V52/><F11/><W110/><G63/><T19/><D102/><U133/><E10/><V28/><F28/><W62/><G62/><T38/><D38/><U3/><E3/><V29/><F29/><W70/><G70/><T84/><D4/><U37/><E37/><V104/><F104/><W71/><G71/><T97/><D1/><U108/><E108/><V25/><F95/><N who="3" m="36395" /><G88/><T87/><D97/><U57/><E125/><V40/><F91/><W98/><G98/><T61/><D61/><N who="1" m="36031" /><E134/><V66/><F120/><W15/><G110/><T24/><REACH who="0" step="1"/><D87/><REACH who="0" ten="114,275,302,299" step="2"/><N who="1" m="33291" /><E133/><V20/><F128/><W118/><G118/><T0/><D0/><U67/><E67/><V7/><F66/><W43/><G46/><T39/><D39/><U123/><E123/><V26/><F129/><W2/><G2/><T73/><D73/><U75/><E75/><V72/><F72/><W36/><G36/><T107/><D107/><U135/><E135/><V82/><F48/><W99/><G99/><RYUUKYOKU ba="0,1" sc="114,10,275,10,302,-30,299,10" hai0="12,19,21,23,24,44,47,56,60,64,78,83,84" hai1="13,17,22,58,59,93,96" hai3="6,8,15,27,30,43,45,51,77,79" /><INIT seed="3,1,1,3,5,1" ten="124,285,272,309" oya="3" hai0="118,48,70,117,120,20,32,64,126,103,53,22,80" hai1="5,124,94,111,4,23,101,27,39,49,56,2,123" hai2="14,41,77,96,50,10,3,42,38,52,0,95,26" hai3="98,36,83,45,57,129,104,60,135,106,74,134,128"/><W13/><G36/><T102/><D120/><U47/><E123/><V108/><F108/><W40/><G74/><T131/><D32/><U37/><E111/><V107/><F107/><W65/><G83/><T55/><D131/><N who="3" m="50249" /><G13/><T28/><D126/><U88/><E124/><V30/><F77/><W63/><G98/><T71/><D28/><N who="1" m="17535" /><E2/><V15/><F15/><W125/><G125/><T110/><D110/><U67/><E101/><V33/><F3/><W109/><G109/><T73/><D64/><U61/><E39/><V130/><F0/><W82/><G82/><T31/><D80/><U11/><E11/><V43/><F38/><N who="3" m="21655" /><G104/><T115/><D31/><U16/><E16/><V46/><F130/><W132/><G106/><T25/><D25/><U12/><E12/><V9/><REACH who="2" step="1"/><F14/><REACH who="2" ten="124,285,262,309" step="2"/><W81/><G81/><T6/><D115/><U75/><E37/><V119/><F119/><W29/><G29/><T97/><D73/><U8/><E75/><V18/><F18/><W17/><G17/><T7/><REACH who="0" step="1"/><D48/><REACH who="0" ten="114,285,262,309" step="2"/><U100/><E8/><V121/><F121/><W68/><G63/><T51/><D51/><U114/><E114/><V66/><F66/><W21/><G21/><T112/><D112/><U86/><E67/><V78/><F78/><W85/><G68/><T87/><D87/><AGARI ba="1,3" hai="57,60,65,85,87,132,134,135" m="21655,50249" machi="87" ten="40,3900,0" yaku="20,1,19,1" doraHai="1" who="3" fromWho="0" sc="114,-42,285,0,262,0,309,72" /><INIT seed="3,2,0,3,4,88" ten="72,285,262,381" oya="3" hai0="135,75,129,81,31,64,3,98,99,6,18,107,60" hai1="40,106,69,114,96,63,85,34,50,125,90,122,11" hai2="111,10,62,124,5,73,119,116,30,57,84,49,46" hai3="130,87,65,127,71,126,61,54,51,55,78,42,92"/><W133/><G78/><T12/><D129/><U102/><E122/><V76/><F73/><W20/><G130/><T41/><D135/><U72/><E114/><V97/><F111/><W7/><G7/><T108/><D108/><U19/><E72/><V1/><F30/><W80/><G80/><T24/><D41/><U16/><E125/><N who="3" m="47626" /><G133/><T15/><D15/><U121/><E34/><V128/><F128/><W8/><G8/><T105/><D105/><U35/><E35/><V68/><F124/><W120/><G20/><T89/><D107/><U82/><E121/><V43/><F76/><W52/><G120/><T22/><D75/><U100/><E100/><V70/><F116/><W13/><G13/><T134/><D134/><U132/><E11/><V67/><F119/><W131/><G131/><T59/><D6/><U26/><E26/><V27/><F27/><W110/><G110/><T9/><REACH who="0" step="1"/><D3/><REACH who="0" ten="62,285,262,381" step="2"/><U45/><E132/><V2/><F1/><W103/><G42/><T118/><D118/><U4/><E4/><V101/><REACH who="2" step="1"/><F84/><AGARI ba="2,1" hai="9,12,18,22,24,31,59,60,64,81,84,89,98,99" machi="84" ten="40,5200,0" yaku="1,1,8,1,53,1" doraHai="88" doraHaiUra="21" who="0" fromWho="2" sc="62,68,285,0,262,-58,381,0" /><INIT seed="4,0,0,5,4,95" ten="130,285,204,381" oya="0" hai0="83,31,11,79,104,93,90,53,68,51,72,70,86" hai1="48,128,78,97,4,52,24,71,118,91,43,36,125" hai2="133,30,61,55,28,119,73,44,60,132,26,3,37" hai3="59,101,100,124,21,94,82,123,105,5,45,120,1"/><T116/><D116/><U27/><E118/><V131/><F119/><W103/><G105/><T117/><D117/><U108/><E108/><V2/><F73/><W88/><G82/><T66/><D66/><U92/><E71/><V20/><F131/><W87/><G124/><T80/><D31/><U111/><E111/><V41/><F30/><W126/><G126/><T50/><D50/><U58/><E125/><V56/><REACH who="2" step="1"/><F61/><REACH who="2" ten="130,285,194,381" step="2"/><W81/><G120/><T17/><D104/><U6/><E128/><V33/><F33/><W76/><G123/><T75/><D75/><U115/><E115/><V47/><F47/><W77/><G45/><T106/><D106/><U130/><E130/><V16/><F16/><W7/><G7/><T96/><D17/><U14/><E4/><V29/><F29/><W89/><G5/><T18/><D18/><U102/><E6/><V49/><F49/><W46/><G46/><T57/><REACH who="0" step="1"/><D11/><REACH who="0" ten="120,285,194,381" step="2"/><U19/><E48/><V39/><F39/><W13/><G1/><AGARI ba="0,2" hai="1,2,3,20,26,28,37,41,44,55,56,60,132,133" machi="1" ten="40,2600,0" yaku="1,1,53,1" doraHai="95" doraHaiUra="42" who="2" fromWho="3" sc="120,0,285,0,194,46,381,-26" /><INIT seed="5,0,0,2,3,99" ten="120,285,240,355" oya="1" hai0="81,95,100,102,30,12,129,85,127,84,24,103,116" hai1="42,51,118,15,69,35,98,59,130,54,113,110,87" hai2="11,65,49,97,75,122,57,72,112,126,48,71,74" hai3="101,44,5,28,135,67,32,25,63,76,26,62,66"/><U9/><E118/><V119/><F122/><W79/><G135/><T1/><D116/><U56/><E69/><V121/><F119/><W37/><G5/><T77/><D1/><U10/><E35/><V88/><F121/><W131/><G131/><T86/><D129/><U109/><E130/><V40/><F71/><W43/><G101/><T20/><D127/><U16/><E113/><V96/><F126/><W2/><G2/><T21/><D95/><U39/><E87/><V38/><F38/><W78/><G63/><T8/><D21/><U120/><E120/><V31/><F31/><W68/><G67/><T41/><D41/><U133/><E133/><V82/><F11/><W22/><G78/><T70/><D70/><U104/><E42/><V29/><F29/><AGARI ba="0,0" hai="22,25,26,28,29,32,37,43,44,62,66,68,76,79" machi="29" ten="30,1000,0" yaku="7,1" doraHai="99" who="3" fromWho="2" sc="120,0,285,0,240,-10,355,10" /><INIT seed="6,0,0,3,2,16" ten="120,285,230,365" oya="2" hai0="94,113,73,109,18,114,58,92,50,76,97,13,33" hai1="23,25,75,14,52,19,96,55,115,2,64,38,123" hai2="110,78,1,80,15,45,17,111,98,20,22,116,128" hai3="6,32,35,9,7,37,82,93,4,107,130,53,79"/><V65/><F116/><W108/><G108/><N who="2" m="41513" /><F1/><W11/><G107/><T8/><D109/><U72/><E2/><V29/><F128/><W77/><G37/><T88/><D33/><N who="3" m="12873" /><G82/><T69/><D69/><U84/><E38/><V90/><F45/><W89/><G93/><T60/><D50/><U59/><E115/><V31/><F65/><W0/><G53/><T101/><D73/><U3/><E3/><V135/><F135/><W103/><G103/><T91/><D76/><N who="3" m="29257" /><G0/><T127/><D127/><U85/><E123/><V125/><F125/><W132/><G89/><T54/><REACH who="0" step="1"/><D101/><REACH who="0" ten="110,285,230,365" step="2"/><U118/><E72/><V95/><F78/><W121/><G121/><T83/><D83/><U67/><E75/><V74/><F80/><W112/><G112/><T51/><D51/><U124/><E124/><V81/><F81/><W49/><G49/><T86/><AGARI ba="0,1" hai="8,13,18,54,58,60,86,88,91,92,94,97,113,114" machi="86" ten="30,4000,0" yaku="1,1,0,1,54,1,53,0" doraHai="16" doraHaiUra="102" who="0" fromWho="0" sc="110,50,285,-10,230,-20,365,-10" /><INIT seed="7,0,0,5,2,12" ten="160,275,210,355" oya="3" hai0="82,5,95,18,57,123,126,90,88,66,35,100,1" hai1="134,97,41,43,63,37,87,130,19,68,30,42,71" hai2="104,50,119,120,70,124,108,76,102,112,59,101,8" hai3="15,25,75,17,86,133,62,22,135,83,33,98,7"/><W26/><G75/><T34/><D123/><U107/><E30/><V44/><F8/><N who="3" m="4511" /><G98/><T27/><D126/><U96/><E107/><V9/><F50/><W94/><G62/><T84/><D100/><U89/><E37/><V6/><F59/><W49/><G49/><T58/><D1/><U113/><E113/><V110/><F9/><W40/><G94/><T93/><D5/><U117/><E130/><V65/><F76/><N who="3" m="46439" /><G40/><T91/><D35/><U53/><E134/><N who="3" m="51210" /><G33/><T121/><D121/><U45/><E117/><V125/><F125/><W105/><G105/><T14/><D27/><AGARI ba="0,0" hai="17,22,25,26,27" m="51210,46439,4511" machi="27" ten="30,2900,0" yaku="20,1,52,1" doraHai="12" who="3" fromWho="0" sc="160,-29,275,0,210,0,355,29" owari="131,-37.0,275,8.0,210,-19.0,384,48.0" /></mjloggm>