<mjloggm ver="2.3"><GO type="225" lobby="0"/><UN n0="%E9%B3%B3%E6%9D%B1%E3%81%AE%E3%81%86%E3%81%95%E3%81%8E%E3%81%95%E3%82%93" n1="%E8%A8%88%E7%AE%97%E6%A9%9F%E8%87%AA%E7%84%B6" n2="%6B%69%79%6F%70%69%6E" n3="%E3%82%A4%E3%83%8A%E3%82%BA%E3%83%9E%E8%91%AC%E5%84%80" dan="18,17,16,17" rate="2129.28,2289.41,2118.15,2230.24" sx="F,M,M,F"/><TAIKYOKU oya="0"/><INIT seed="0,0,0,3,3,97" ten="250,250,250,250" oya="0" hai0="131,38,35,118,0,115,54,63,49,82,19,85,91" hai1="5,43,31,77,90,92,99,126,69,39,74,36,64" hai2="93,88,107,37,32,42,30,10,21,76,94,20,110" hai3="81,12,73,11,67,102,114,61,98,4,40,13,109"/><T95/><D131/><U80/><E126/><V104/><F76/><W134/><G109/><T45/><D115/><U86/><E31/><V47/><F110/><W117/><G134/><T87/><D118/><U72/><E5/><V113/><F113/><W8/><G117/><T1/><D35/><U125/><E125/><V70/><F70/><W68/><G114/><T34/><D34/><U6/><E6/><V120/><F120/><W27/><G27/><T17/><D38/><U22/><E22/><V78/><F78/><W57/><G40/><T96/><D85/><U24/><E24/><V14/><F32/><W133/><G133/><T3/><REACH who="0" step="1"/><D63/><REACH who="0" ten="240,250,250,250" step="2"/><U9/><E36/><V28/><F37/><W83/><G73/><T103/><AGARI ba="0,1" hai="0,1,3,17,19,45,49,54,82,87,91,95,96,103" machi="103" ten="30,11700,0" yaku="1,1,2,1,0,1,52,1,53,0" doraHai="97" doraHaiUra="122" who="0" fromWho="0" sc="240,127,250,-39,250,-39,250,-39" /><INIT seed="0,1,0,4,4,127" ten="367,211,211,211" oya="0" hai0="11,26,65,17,49,47,36,78,5,21,75,23,63" hai1="46,102,92,90,125,51,33,77,119,118,32,103,120" hai2="13,81,12,105,27,29,133,79,80,111,50,131,109" hai3="38,116,40,85,48,95,91,64,126,58,7,34,16"/><T83/><D36/><U70/><E120/><V43/><F105/><W44/><G116/><T124/><D124/><U59/><E70/><V128/><F43/><W1/><G126/><T112/><D112/><U24/><E125/><V107/><F50/><W76/><G34/><T89/><D89/><U67/><E77/><V25/><F107/><W10/><G76/><T61/><D21/><U37/><E37/><V30/><REACH who="2" step="1"/><F79/><REACH who="2" ten="367,211,201,211" step="2"/><W42/><G42/><T134/><D134/><AGARI ba="1,1" hai="12,13,25,27,29,30,80,81,109,111,128,131,133,134" machi="134" ten="25,12000,2" yaku="1,1,2,1,22,2,52,2,53,0" doraHai="127" doraHaiUra="35" who="2" fromWho="0" sc="367,-123,211,0,201,133,211,0" /><INIT seed="1,0,0,4,2,80" ten="244,211,334,211" oya="1" hai0="78,73,102,53,38,115,129,67,70,128,31,91,25" hai1="108,119,74,135,98,44,100,123,65,41,81,88,8" hai2="105,60,71,118,57,2,12,107,14,50,84,86,34" hai3="45,114,130,10,66,11,134,95,111,124,68,97,127"/><U61/><E119/><V94/><F2/><W120/><G120/><T79/><D115/><U76/><E123/><V13/><F34/><W22/><G114/><T99/><D38/><U113/><E113/><V126/><F118/><W58/><G68/><T0/><D0/><U122/><E122/><V35/><F35/><W62/><G111/><T132/><D91/><U89/><E135/><V117/><F117/><W109/><G109/><T46/><D132/><U64/><E8/><V103/><F94/><W77/><G130/><N who="0" m="50283" /><D53/><U21/><E21/><V18/><F18/><W33/><G33/><N who="0" m="20719" /><D46/><U7/><E7/><V106/><F103/><N who="3" m="60863" /><G134/><T36/><D36/><U9/><E9/><V23/><F23/><W116/><G116/><T87/><D87/><U92/><E108/><V75/><F75/><W72/><G45/><T63/><D73/><U96/><E64/><V20/><F20/><W30/><G22/><T4/><D4/><U37/><REACH who="1" step="1"/><E96/><REACH who="1" ten="244,201,334,211" step="2"/><V83/><F14/><W59/><G30/><T93/><AGARI ba="0,1" hai="63,67,70,78,79,93,99,102" m="20719,50283" machi="93" ten="30,1100,0" yaku="19,1" doraHai="80" who="0" fromWho="0" sc="244,21,201,-5,334,-3,211,-3" /><INIT seed="2,0,0,3,0,76" ten="265,196,331,208" oya="2" hai0="7,135,37,78,33,116,63,113,50,64,130,114,30" hai1="79,74,131,96,53,49,65,66,133,13,90,1,94" hai2="86,99,38,62,129,134,67,72,119,60,73,123,102" hai3="68,40,23,47,89,41,18,14,85,25,20,118,22"/><V115/><F115/><W51/><G118/><T120/><D37/><U32/><E1/><V110/><F123/><W97/><G68/><T45/><D120/><U48/><E32/><V16/><F119/><W24/><G97/><T122/><D122/><U95/><E133/><V125/><F38/><W31/><G41/><T75/><D116/><U112/><E112/><V56/><F129/><W98/><G98/><T132/><D7/><U91/><E131/><V27/><F125/><W105/><G105/><T52/><D130/><U101/><E13/><V12/><F27/><W59/><G59/><N who="0" m="36991" /><D30/><U8/><E8/><V80/><F62/><W9/><REACH who="3" step="1"/><G24/><REACH who="3" ten="265,196,331,198" step="2"/><T10/><D113/><U17/><E101/><V46/><F99/><W19/><G19/><T15/><D114/><U5/><E17/><V44/><F16/><W4/><G4/><T83/><D132/><U82/><E5/><V11/><F56/><W81/><AGARI ba="0,1" hai="9,14,18,20,22,23,25,31,40,47,51,81,85,89" machi="81" ten="20,8000,1" yaku="1,1,0,1,7,1,8,1,52,1,53,0" doraHai="76" doraHaiUra="92" who="3" fromWho="3" sc="265,-20,196,-20,331,-40,198,90" /><INIT seed="3,0,0,0,5,67" ten="245,176,291,288" oya="3" hai0="20,91,9,126,37,11,101,84,98,42,52,5,26" hai1="123,49,92,69,74,83,113,75,31,117,105,54,59" hai2="66,86,51,107,112,1,30,109,95,57,78,81,61" hai3="85,19,76,111,102,39,96,63,119,73,132,129,50"/><W23/><G39/><T44/><D126/><U90/><E123/><V17/><F112/><W89/><G119/><T106/><D5/><U97/><E113/><V12/><F107/><W80/><G132/><T2/><D2/><U65/><E117/><V88/><F1/><W71/><G129/><T124/><D124/><U130/><E130/><V21/><F109/><W55/><G111/><T121/><D121/><U34/><E105/><V15/><F51/><W14/><G71/><T33/><D33/><U128/><E128/><V79/><F30/><W114/><G114/><T116/><D116/><U16/><E31/><V118/><F118/><W27/><G63/><T6/><D6/><U38/><E34/><V93/><F93/><N who="3" m="58639" /><G73/><T24/><D24/><U70/><E38/><V3/><F3/><W72/><G72/><T22/><D22/><U53/><E65/><V64/><F64/><W134/><G134/><T120/><D120/><U41/><E41/><V62/><F62/><W46/><G76/><N who="2" m="29225" /><F95/><W29/><G29/><T36/><D36/><U40/><E40/><V125/><F125/><W35/><G35/><T28/><D52/><U131/><E131/><V58/><F57/><W10/><G10/><T110/><REACH who="0" step="1"/><D110/><REACH who="0" ten="235,176,291,288" step="2"/><U104/><E53/><V127/><F127/><W47/><G27/><AGARI ba="0,1" hai="12,15,17,21,27,58,61,66,81,86,88" m="29225" machi="27" ten="30,2000,0" yaku="8,1,54,1" doraHai="67" who="2" fromWho="3" sc="235,0,176,0,291,30,288,-20" owari="235,-16.0,176,-32.0,321,41.0,268,7.0" /></mjloggm>