<mjloggm ver="2.3"><GO type="225" lobby="0"/><UN n0="%E3%83%B4%E3%83%A0%EF%BC%99%E3%81%A6" n1="%E9%89%84%E5%BC%B7%E3%83%A2%E3%83%92%E3%83%BC%E3%83%8C%E4%B8%83%E6%AE%B5" n2="%E5%B7%A5%E8%97%A4%E6%96%B0%E4%B8%80" n3="%E3%81%AF%E3%82%88%E3%81%8A%E3%81%98%E3%81%95%E3%82%93" dan="17,18,16,17" rate="2222.48,2229.56,2095.65,2127.25" sx="M,F,M,M"/><TAIKYOKU oya="0"/><INIT seed="0,0,0,5,4,105" ten="250,250,250,250" oya="0" hai0="11,84,110,48,52,66,127,65,76,28,108,26,19" hai1="8,57,89,121,7,30,63,90,93,125,29,94,2" hai2="54,81,33,62,58,83,80,71,56,59,112,103,1" hai3="3,17,23,34,86,123,119,73,109,20,85,91,96"/><T99/><D127/><U55/><E121/><V113/><F1/><W92/><G34/><N who="0" m="20759" /><D99/><U70/><E125/><V107/><F33/><W22/><G119/><T133/><D133/><U122/><E122/><V50/><F71/><W24/><G123/><T100/><D100/><U98/><REACH who="1" step="1"/><E70/><REACH who="1" ten="250,240,250,250" step="2"/><V115/><REACH who="2" step="1"/><F62/><REACH who="2" ten="250,240,240,250" step="2"/><W49/><G109/><T95/><D110/><U35/><E35/><V46/><F46/><W47/><G47/><T87/><D108/><U38/><E38/><V27/><F27/><W131/><G24/><T36/><D36/><U6/><E6/><V42/><F42/><W16/><G49/><T130/><D48/><U78/><E78/><V79/><F79/><W118/><G118/><T18/><D76/><U5/><E5/><V45/><F45/><W51/><G51/><T88/><D130/><U117/><E117/><V32/><F32/><W31/><G131/><T60/><D60/><U97/><AGARI ba="0,2" hai="2,7,8,29,30,55,57,63,89,90,93,94,97,98" machi="97" ten="20,5200,0" yaku="1,1,0,1,7,1,9,1,53,0" doraHai="105" doraHaiUra="39" who="1" fromWho="1" sc="250,-26,240,72,240,-13,250,-13" /><INIT seed="1,0,0,0,4,67" ten="224,312,227,237" oya="1" hai0="14,20,12,36,114,70,38,37,76,57,125,130,77" hai1="86,56,131,35,49,18,69,46,108,81,7,80,72" hai2="123,74,27,135,26,128,98,39,4,23,121,2,111" hai3="50,43,42,6,78,103,95,118,25,13,63,60,100"/><U113/><E113/><V79/><F111/><W96/><G118/><T129/><D114/><U120/><E35/><V45/><F128/><N who="0" m="49258" /><D125/><U17/><E120/><V87/><F135/><W132/><G132/><T34/><D34/><U99/><E131/><V115/><F115/><W47/><G43/><T82/><D57/><U32/><E72/><V0/><F98/><W51/><G51/><T54/><D54/><U124/><E32/><V64/><F64/><W109/><G109/><T93/><D93/><U75/><E75/><V31/><F87/><W66/><G78/><N who="0" m="30315" /><D82/><U83/><E56/><V15/><F15/><N who="0" m="5674" /><D20/><U62/><E83/><N who="2" m="45559" /><F0/><W53/><G95/><T28/><D28/><U110/><E124/><V104/><F104/><W119/><G53/><T1/><D1/><U10/><E81/><V97/><F97/><W44/><G96/><T71/><AGARI ba="0,0" hai="36,37,38,70,71" m="5674,30315,49258" machi="71" ten="40,8000,1" yaku="28,2,19,1,52,2" doraHai="67" who="0" fromWho="0" sc="224,80,312,-40,227,-20,237,-20" /><INIT seed="2,0,0,3,0,70" ten="304,272,207,217" oya="2" hai0="17,103,63,14,44,123,55,66,117,19,26,93,120" hai1="75,3,80,2,74,107,96,65,31,42,36,108,129" hai2="102,12,10,101,62,46,87,58,53,79,30,86,124" hai3="34,78,61,32,16,15,0,91,27,60,21,113,132"/><V29/><F124/><W84/><G0/><T83/><D117/><U57/><E57/><V11/><F46/><W9/><G132/><T23/><D83/><U81/><E108/><V49/><F49/><W127/><G127/><T68/><D55/><U24/><E65/><V20/><F10/><W90/><G113/><T8/><D44/><N who="1" m="23623" /><E80/><N who="2" m="47391" /><F87/><W47/><G47/><T131/><D131/><U104/><E129/><V67/><F67/><W18/><G78/><T95/><REACH who="0" step="1"/><D103/><REACH who="0" ten="294,272,207,217" step="2"/><N who="2" m="39434" /><F20/><W73/><G21/><T4/><D4/><AGARI ba="0,1" hai="4,11,12,29,30,53,58,62" m="39434,47391" machi="4" ten="30,1500,0" yaku="8,1" doraHai="70" who="2" fromWho="0" sc="294,-15,272,0,207,25,217,0" /><INIT seed="2,1,0,1,0,38" ten="279,272,232,217" oya="2" hai0="110,19,12,63,102,15,119,17,76,47,36,62,81" hai1="84,46,118,43,40,85,134,98,18,53,96,82,128" hai2="133,125,122,22,89,74,92,61,35,57,67,37,114" hai3="54,126,16,86,79,34,112,87,6,73,52,95,14"/><V72/><F114/><W97/><G34/><T42/><D110/><U11/><E118/><V26/><F122/><W31/><G73/><T99/><D119/><U107/><E107/><V20/><F125/><W103/><G126/><T78/><D12/><N who="1" m="7455" /><E134/><V58/><F133/><W32/><G112/><T115/><D115/><U29/><E29/><V90/><F37/><W33/><G6/><T9/><D19/><U23/><E23/><V88/><F92/><W13/><G13/><T28/><D28/><U49/><E85/><V64/><F35/><W56/><G54/><T68/><D68/><U75/><E75/><V131/><F131/><W101/><G101/><T30/><D30/><U93/><E128/><V48/><F20/><W5/><G5/><T51/><D36/><U55/><E55/><V83/><F83/><N who="3" m="47487" /><G31/><T104/><D76/><N who="1" m="46151" /><E98/><V91/><N who="2" m="22528" /><DORA hai="105" /><V117/><F117/><W111/><G111/><T7/><D17/><U106/><E106/><V120/><F120/><W80/><G33/><T69/><D69/><U27/><E27/><V113/><F113/><W71/><G71/><T116/><D116/><U100/><AGARI ba="1,0" hai="40,43,46,49,53,93,96,100" m="46151,7455" machi="100" ten="30,4000,0" yaku="8,1,52,2" doraHai="38,105" who="1" fromWho="1" sc="279,-11,272,43,232,-21,217,-11" /><INIT seed="3,0,0,3,4,17" ten="268,315,211,206" oya="3" hai0="76,15,35,120,104,23,19,73,33,24,44,129,103" hai1="14,81,20,39,96,123,78,127,91,97,37,32,90" hai2="83,66,1,135,58,61,88,48,84,54,94,112,26" hai3="29,77,130,3,36,70,118,106,101,125,71,57,89"/><W108/><G118/><T113/><D120/><U87/><E32/><V13/><F135/><W45/><G3/><T40/><D129/><U5/><E123/><V119/><F112/><W69/><G130/><T107/><D113/><U38/><E127/><V30/><F119/><W7/><G7/><T22/><D76/><U85/><E78/><V25/><F1/><W133/><G125/><T122/><D73/><U2/><E2/><V62/><F13/><W6/><G6/><T117/><D122/><U100/><E100/><V10/><F10/><W109/><G133/><T49/><D117/><U41/><E41/><V131/><F131/><W52/><G77/><T50/><D50/><U0/><E0/><V67/><F83/><W65/><G29/><T9/><D22/><U93/><E20/><N who="2" m="15655" /><F26/><W116/><G116/><T21/><D21/><U114/><E114/><V46/><F61/><N who="3" m="38063" /><G89/><T27/><D27/><U60/><E60/><V12/><F12/><W74/><G74/><T132/><D132/><U86/><E14/><V95/><F95/><W82/><G82/><T98/><REACH who="0" step="1"/><D107/><REACH who="0" ten="258,315,211,206" step="2"/><U16/><E38/><V53/><AGARI ba="0,1" hai="46,48,53,54,58,62,66,67,84,88,94" m="15655" machi="53" ten="30,4000,0" yaku="8,1,52,1,54,1" doraHai="17" who="2" fromWho="2" sc="258,-10,315,-10,211,50,206,-20" owari="248,-15.0,305,40.0,261,6.0,186,-31.0" /></mjloggm>