<mjloggm ver="2.3"><GO type="185" lobby="0"/><UN n0="%E3%82%86%E3%81%8D%E3%81%86%E3%81%95%E3%81%8E%E2%98%86" n1="%E5%86%AC%E6%A8%B9%E3%82%A4%E3%83%B4" n2="%E6%B5%B7%E8%83%86%E3%83%88%E3%83%AD%E7%83%8F%E8%B3%8A" n3="" dan="16,16,19,0" rate="2180.58,2174.62,2386.72,1500.00" sx="F,F,M,C"/><TAIKYOKU oya="0"/><INIT seed="0,0,0,4,2,123" ten="350,350,350,0" oya="0" hai0="70,95,128,116,120,114,102,45,71,117,66,49,124" hai1="82,2,61,77,33,130,67,113,88,56,37,98,134" hai2="73,126,55,50,54,108,48,80,125,101,58,87,0" hai3=""/><T38/><N who="0" m="30752" /><T127/><D114/><U94/><E33/><V96/><F73/><T85/><D128/><U40/><E130/><V84/><F0/><T75/><D75/><U119/><E2/><V115/><F115/><T72/><D72/><U121/><N who="1" m="31008" /><U43/><E119/><V60/><F87/><T83/><D38/><U76/><E134/><V57/><F60/><T51/><D116/><U99/><E37/><V32/><F32/><T112/><D117/><U103/><E113/><V46/><F46/><T74/><D74/><U39/><E39/><V36/><F36/><T79/><D112/><U68/><E68/><V69/><F69/><T92/><D70/><U133/><E133/><V78/><REACH who="2" step="1"/><F108/><REACH who="2" ten="350,350,340,0" step="2"/><T41/><D49/><U129/><E129/><V109/><F109/><T44/><D44/><U111/><E111/><V64/><F64/><T97/><D66/><U65/><E67/><V100/><F100/><T90/><D71/><U42/><REACH who="1" step="1"/><E82/><REACH who="1" ten="350,340,340,0" step="2"/><V104/><AGARI ba="0,2" hai="48,50,54,55,57,58,78,80,84,96,101,104,125,126" machi="104" ten="30,6000,1" yaku="1,1,0,1,9,1,53,2" doraHai="123" doraHaiUra="53" who="2" fromWho="2" sc="350,-40,340,-20,340,80,0,0" /><INIT seed="1,0,0,5,1,122" ten="310,320,420,0" oya="1" hai0="67,134,43,42,78,83,35,119,115,57,95,131,80" hai1="90,128,50,121,106,73,3,98,60,116,54,77,125" hai2="111,52,124,2,112,66,76,38,61,69,65,68,127" hai3=""/><U81/><N who="1" m="31008" /><U59/><E116/><V113/><F2/><T92/><D35/><U135/><E3/><V110/><F76/><T55/><D119/><U129/><E125/><N who="2" m="48203" /><F38/><T72/><D115/><N who="2" m="44106" /><F52/><T45/><D67/><N who="2" m="25610" /><F61/><T48/><D43/><U71/><E60/><V34/><F34/><T86/><D42/><U47/><E77/><V101/><F101/><T56/><D55/><U123/><E54/><V39/><F39/><T117/><D78/><U102/><E102/><V130/><F130/><T91/><D131/><U82/><E128/><V88/><F88/><T62/><D91/><U105/><E90/><V84/><F84/><T64/><D86/><U85/><E85/><V33/><F33/><T87/><D62/><U108/><E129/><V126/><N who="2" m="48211" /><V46/><DORA hai="133" /><F46/><T70/><D87/><U79/><E79/><V63/><F63/><T104/><D45/><U44/><E47/><V37/><F37/><T107/><D64/><U100/><E100/><V118/><F118/><T53/><D117/><U103/><E103/><V120/><N who="2" m="30752" /><V93/><F93/><T96/><D92/><U74/><E44/><V49/><F49/><T36/><D95/><U51/><E50/><V94/><F94/><T41/><D48/><RYUUKYOKU ba="0,0" sc="310,-10,320,-10,420,20,0,0" hai2="68,69,110,111" /><INIT seed="2,1,0,3,1,48" ten="300,310,440,0" oya="2" hai0="98,39,60,51,108,53,121,128,76,118,133,56,77" hai1="119,36,37,3,80,33,78,55,50,104,41,100,79" hai2="111,97,92,130,68,62,86,83,132,85,120,61,109" hai3=""/><V46/><N who="2" m="30752" /><V94/><F130/><T81/><N who="0" m="31008" /><T58/><D128/><U32/><E3/><V38/><F132/><T52/><D133/><U72/><E79/><V105/><F105/><T110/><D118/><U101/><E119/><V65/><F62/><T99/><D39/><U116/><E116/><V54/><F94/><T59/><D59/><U124/><E124/><V34/><F34/><T125/><D77/><U102/><E104/><V87/><F83/><T69/><D69/><U67/><E67/><V89/><REACH who="2" step="1"/><F54/><REACH who="2" ten="300,310,430,0" step="2"/><T114/><D125/><U103/><E33/><V2/><F2/><T64/><D53/><U88/><E32/><V84/><N who="2" m="21504" /><DORA hai="123" /><V135/><F135/><T47/><D81/><U44/><E55/><V40/><AGARI ba="1,1" hai="38,40,46,61,65,68,89,92,97,109,111" m="21504,30752" machi="40" ten="50,8000,1" yaku="1,1,0,1,52,3,53,0" doraHai="48,123" doraHaiUra="106,127" who="2" fromWho="2" sc="300,-41,310,-41,430,92,0,0" /><INIT seed="2,2,0,1,4,33" ten="259,269,522,0" oya="2" hai0="38,103,95,47,131,55,91,51,58,35,101,54,126" hai1="43,85,34,48,130,129,77,84,74,99,80,61,122" hai2="124,81,57,87,104,98,36,60,73,37,40,89,111" hai3=""/><V1/><F124/><T62/><D126/><U112/><N who="1" m="31264" /><U121/><N who="1" m="31008" /><U67/><E112/><V66/><F111/><T53/><D35/><U44/><E34/><V132/><F132/><T125/><D125/><U70/><REACH who="1" step="1"/><E99/><REACH who="1" ten="259,259,522,0" step="2"/><V72/><F98/><T82/><D131/><AGARI ba="2,1" hai="43,44,48,61,67,70,74,77,80,84,85,129,130,131" m="31008,31264" machi="131" ten="40,8000,1" yaku="1,1,2,1,19,1,52,2,53,0" doraHai="33" doraHaiUra="110" who="1" fromWho="0" sc="259,-84,259,94,522,0,0,0" /><INIT seed="4,0,0,3,1,93" ten="175,353,522,0" oya="0" hai0="59,47,73,113,79,130,53,80,126,41,72,120,69" hai1="71,102,131,106,133,104,61,44,35,116,66,82,114" hai2="92,122,134,42,1,112,115,57,78,45,32,96,127" hai3=""/><T135/><N who="0" m="30752" /><T103/><D130/><U85/><E116/><V55/><N who="2" m="31264" /><V52/><F1/><T128/><D128/><U34/><E131/><V2/><F2/><T83/><D135/><U124/><E133/><V97/><F134/><T111/><D126/><U43/><E124/><V121/><N who="2" m="31008" /><V107/><F127/><T56/><D113/><N who="2" m="43594" /><F32/><T64/><D111/><U101/><E114/><V87/><F107/><T117/><D117/><U74/><E102/><V125/><F125/><T81/><D103/><U51/><E74/><V65/><F65/><T100/><D100/><U60/><E60/><V33/><F33/><T94/><D69/><U129/><E129/><V62/><F55/><T76/><D64/><U99/><REACH who="1" step="1"/><E106/><REACH who="1" ten="175,343,522,0" step="2"/><V86/><F78/><AGARI ba="0,1" hai="34,35,43,44,51,61,66,71,78,82,85,99,101,104" machi="78" ten="30,7700,0" yaku="1,1,2,1,7,1,52,1,53,0" doraHai="93" doraHaiUra="84" who="1" fromWho="2" sc="175,0,343,87,522,-77,0,0" /><INIT seed="5,0,0,2,1,52" ten="175,430,445,0" oya="1" hai0="67,124,128,74,66,117,111,57,115,107,44,108,64" hai1="69,59,99,105,81,58,135,63,129,35,43,71,46" hai2="37,1,134,70,110,80,60,2,68,61,40,34,88" hai3=""/><U100/><E35/><V32/><F110/><T130/><D74/><U38/><E129/><N who="0" m="49769" /><D107/><U36/><E36/><V119/><F119/><T84/><D84/><U102/><E102/><V65/><F134/><T79/><D79/><U123/><N who="1" m="31520" /><U97/><E97/><V104/><F104/><T56/><D117/><U131/><E131/><V47/><F88/><T106/><D106/><U126/><E126/><V92/><F92/><T72/><D72/><U86/><E59/><N who="0" m="22601" /><D115/><U122/><N who="1" m="31264" /><U98/><E98/><V82/><F82/><T113/><D113/><U42/><E135/><V93/><F93/><T91/><D91/><U76/><REACH who="1" step="1"/><E42/><REACH who="1" ten="175,420,445,0" step="2"/><V94/><F32/><T33/><D33/><U73/><E73/><V95/><F34/><T0/><D0/><U41/><E41/><V50/><F40/><T77/><D124/><U96/><E96/><V109/><F1/><T116/><D116/><U75/><E75/><V120/><F2/><T78/><D78/><U85/><E85/><V55/><F120/><T83/><D77/><U39/><E39/><V121/><F37/><T118/><D118/><U49/><E49/><V103/><F50/><T127/><D127/><U62/><E62/><V51/><N who="2" m="31008" /><V53/><F61/><RYUUKYOKU ba="0,1" sc="175,-10,420,20,445,-10,0,0" hai1="38,43,46,58,63,69,71,76,81,86,99,100,105" /><INIT seed="5,1,1,5,1,114" ten="165,440,435,0" oya="1" hai0="110,124,64,97,41,87,129,43,128,79,44,39,73" hai1="123,95,54,78,57,45,85,66,113,68,89,49,117" hai2="35,81,0,37,47,120,112,88,127,46,76,69,80" hai3=""/><U104/><N who="1" m="31520" /><U62/><E117/><V135/><N who="2" m="30752" /><V103/><F35/><T105/><D110/><U132/><E113/><V34/><F34/><T63/><D124/><U74/><E132/><V59/><F0/><T121/><N who="0" m="31008" /><T56/><D87/><U50/><E104/><V107/><F112/><T91/><D91/><U134/><E134/><V33/><F33/><T48/><D97/><U99/><E74/><V101/><F69/><T60/><D105/><U58/><REACH who="1" step="1"/><E49/><REACH who="1" ten="165,430,435,0" step="2"/><V67/><F135/><T36/><D73/><U119/><E119/><V90/><F107/><T86/><D79/><U118/><E118/><V51/><F51/><T55/><D86/><U108/><E108/><V111/><F111/><T42/><REACH who="0" step="1"/><D60/><REACH who="0" ten="155,430,435,0" step="2"/><U70/><E70/><V83/><F76/><T115/><D115/><U122/><N who="1" m="31264" /><U116/><E116/><V65/><F127/><T38/><AGARI ba="1,3" hai="36,38,39,41,42,43,44,48,55,56,63,64,128,129" m="31008" machi="38" ten="40,12000,3" yaku="1,1,0,1,34,3,52,1,53,3" doraHai="114" doraHaiUra="71" who="0" fromWho="0" sc="155,152,430,-81,435,-41,0,0" /><INIT seed="6,0,0,3,5,65" ten="307,349,394,0" oya="2" hai0="127,74,78,96,86,38,112,109,101,95,59,67,106" hai1="118,61,40,83,33,62,71,37,42,54,36,84,43" hai2="120,73,88,126,75,117,131,102,111,114,39,92,2" hai3=""/><V80/><RYUUKYOKU type="yao9" ba="0,0" sc="307,0,349,0,394,0,0,0" hai2="2,39,73,75,80,88,92,102,111,114,117,120,126,131" /><INIT seed="6,1,0,0,1,55" ten="307,349,394,0" oya="2" hai0="73,47,133,0,107,60,46,83,85,53,54,41,72" hai1="48,63,74,64,119,134,126,115,79,121,52,105,128" hai2="57,98,132,77,36,96,32,44,69,94,86,75,82" hai3=""/><V35/><F69/><T37/><D0/><U122/><N who="1" m="31008" /><U95/><N who="1" m="31264" /><U49/><E105/><V68/><F68/><T70/><D107/><U51/><E115/><V131/><F131/><T59/><D133/><U33/><E33/><V101/><F132/><T62/><D47/><U89/><E134/><V34/><F57/><T110/><D110/><U91/><E128/><V124/><F124/><T43/><D41/><U50/><E126/><V40/><REACH who="2" step="1"/><F98/><REACH who="2" ten="307,349,384,0" step="2"/><T58/><REACH who="0" step="1"/><D70/><REACH who="0" ten="297,349,384,0" step="2"/><U135/><E135/><V111/><F111/><T109/><D109/><U118/><E118/><V117/><F117/><T92/><D92/><U61/><E95/><V2/><F2/><T130/><D130/><U104/><E119/><V56/><F56/><T103/><D103/><U97/><E104/><V99/><F99/><T67/><D67/><U66/><E97/><V78/><F78/><AGARI ba="1,2" hai="37,43,46,53,54,58,59,60,62,72,73,78,83,85" machi="78" ten="30,8000,1" yaku="1,1,7,1,9,1,52,2,53,0" doraHai="55" doraHaiUra="65" who="0" fromWho="2" sc="297,102,349,0,384,-82,0,0" /><INIT seed="8,0,0,5,5,43" ten="399,349,302,0" oya="0" hai0="98,121,1,76,42,130,96,58,33,68,133,90,55" hai1="105,99,108,104,0,95,67,117,93,64,54,102,86" hai2="71,91,120,97,46,45,89,51,62,56,87,109,40" hai3=""/><T47/><N who="0" m="31008" /><T81/><D33/><U110/><E0/><V132/><N who="2" m="30752" /><V114/><F109/><T60/><D1/><U92/><E117/><V70/><F114/><T69/><D130/><U118/><E118/><V79/><F132/><T111/><D111/><U34/><E34/><V112/><F112/><T53/><D53/><U126/><E126/><V106/><F79/><T2/><D2/><U3/><E3/><V36/><F106/><T127/><D127/><U125/><E125/><V85/><F97/><T39/><D133/><U94/><E54/><V82/><F56/><T50/><D90/><U78/><E105/><V131/><F62/><T75/><D68/><U66/><N who="1" m="23552" /><DORA hai="32" /><U107/><REACH who="1" step="1"/><E107/><REACH who="1" ten="399,339,302,0" step="2"/><V38/><F131/><T49/><D55/><U57/><E57/><V116/><F116/><T44/><D58/><U83/><AGARI ba="0,1" hai="64,66,67,78,83,86,99,102,104,108,110" m="23552" machi="83" ten="50,2400,0" yaku="1,1,0,1,53,0" doraHai="43,32" doraHaiUra="37,129" who="1" fromWho="1" sc="399,-16,339,34,302,-8,0,0" /><INIT seed="9,0,0,0,5,52" ten="383,373,294,0" oya="1" hai0="115,91,79,67,33,77,98,121,34,83,0,51,107" hai1="103,71,117,93,126,75,44,102,81,128,106,125,109" hai2="65,69,90,73,61,95,35,55,43,112,68,36,70" hai3=""/><U92/><E117/><V114/><F35/><T56/><N who="0" m="31008" /><T57/><D0/><U40/><E128/><V100/><F73/><T86/><D115/><N who="2" m="44074" /><F100/><N who="1" m="38441" /><E71/><N who="2" m="27211" /><F55/><T135/><D33/><U64/><E64/><V53/><F53/><T124/><D34/><U116/><E109/><V38/><F43/><T94/><D67/><U129/><E129/><V111/><F111/><T105/><D124/><N who="1" m="47723" /><E106/><V89/><F89/><T80/><D105/><U87/><E75/><V49/><F49/><T42/><D107/><U130/><E116/><V58/><N who="2" m="27219" /><V122/><N who="2" m="31264" /><DORA hai="47" /><V72/><F72/><T131/><D131/><U82/><E130/><V97/><AGARI ba="0,0" hai="36,38,58,61,65,90,95,97" m="31264,27219,44074" machi="97" ten="50,4800,0" yaku="11,1,52,2" doraHai="52,47" who="2" fromWho="2" sc="383,-16,373,-32,294,48,0,0" /><INIT seed="10,0,0,3,4,65" ten="367,341,342,0" oya="2" hai0="81,122,43,52,114,40,132,42,68,70,89,129,59" hai1="39,80,78,128,86,50,118,115,113,134,104,109,131" hai2="74,111,79,1,34,107,101,72,53,32,71,73,123" hai3=""/><V98/><N who="2" m="31520" /><V0/><F111/><T60/><N who="0" m="31264" /><T58/><D114/><U124/><E109/><V102/><F79/><T84/><D129/><N who="1" m="49739" /><E39/><V135/><F135/><T33/><D33/><N who="2" m="12906" /><F53/><T93/><D132/><U125/><E134/><V112/><F112/><N who="1" m="43081" /><E118/><V62/><F102/><T126/><D126/><N who="1" m="48747" /><E50/><V56/><F56/><T127/><D127/><U117/><E117/><V37/><F37/><T64/><REACH who="0" step="1"/><D93/><REACH who="0" ten="357,341,342,0" step="2"/><U119/><E119/><V83/><F83/><T76/><D76/><U38/><E38/><V120/><N who="2" m="30752" /><V92/><F92/><T36/><D36/><U63/><E104/><V116/><F116/><T49/><AGARI ba="0,1" hai="40,42,43,49,52,58,59,60,64,68,70,81,84,89" m="31264" machi="49" ten="30,9000,2" yaku="1,1,0,1,52,3,54,1,53,1" doraHai="65" doraHaiUra="87" who="0" fromWho="0" sc="357,100,341,-30,342,-60,0,0" owari="457,41.0,311,-9.0,282,-32.0,0,0.0" /></mjloggm>