<mjloggm ver="2.3"><GO type="169" lobby="0"/><UN n0="%E4%B8%80%E8%93%AE%E5%B3%BB%E6%BD%A4" n1="%52%65%64%62%75%6C%6C" n2="%E3%81%BD%E3%82%93%E3%81%A7%E3%82%89%E3%81%84%E3%81%8A%E3%82%93" n3="%E3%82%A2%E3%82%B9%E3%82%BF%E3%83%8A" dan="18,18,18,17" rate="2240.25,2184.41,2225.56,2194.26" sx="M,F,M,M"/><TAIKYOKU oya="0"/><INIT seed="0,0,0,0,1,119" ten="250,250,250,250" oya="0" hai0="33,38,8,16,127,95,15,22,99,71,110,85,64" hai1="45,7,3,77,36,89,118,72,75,108,107,46,68" hai2="96,114,69,40,17,100,128,23,62,122,31,10,14" hai3="90,44,117,124,83,35,92,53,27,25,104,4,20"/><T105/><D33/><U134/><E89/><V88/><F114/><W93/><G117/><T87/><D38/><U74/><E118/><V11/><F128/><W0/><G104/><T82/><D127/><U101/><E46/><V63/><F40/><W41/><G53/><T47/><D105/><U9/><E108/><V97/><F100/><W109/><G35/><T125/><D125/><U67/><E134/><V42/><F42/><W29/><G27/><T81/><D110/><U28/><E28/><V34/><F96/><W106/><G106/><T91/><D47/><U70/><E67/><V56/><F69/><W80/><G124/><T26/><D71/><U55/><E55/><V54/><F122/><W121/><G121/><T98/><D64/><U65/><E65/><V78/><F78/><W102/><G109/><T1/><D1/><U39/><E77/><V120/><F120/><W76/><G102/><T94/><D99/><N who="1" m="61887" /><E39/><V57/><F31/><W50/><G90/><N who="0" m="53599" /><D98/><U59/><E59/><V51/><F34/><W58/><G58/><T123/><D123/><U24/><E24/><V2/><F2/><W6/><G0/><T131/><D131/><U129/><E129/><V12/><F57/><W21/><G44/><T133/><D133/><U84/><E84/><V43/><F43/><AGARI ba="0,0" hai="3,7,9,36,43,45,68,70,72,74,75" m="61887" machi="43" ten="30,2000,0" yaku="33,2" doraHai="119" who="1" fromWho="2" sc="250,0,250,20,250,-20,250,0" /><INIT seed="1,0,0,2,0,35" ten="250,270,230,250" oya="1" hai0="87,39,73,63,51,50,102,135,43,32,71,123,3" hai1="104,17,61,88,7,100,27,5,77,114,119,122,20" hai2="72,134,124,19,49,69,37,99,107,56,60,109,113" hai3="85,4,128,46,131,67,1,115,66,116,97,24,68"/><U6/><E114/><V130/><RYUUKYOKU type="yao9" ba="0,0" sc="250,0,270,0,230,0,250,0" hai2="19,37,49,56,60,69,72,99,107,109,113,124,130,134" /><INIT seed="1,1,0,4,4,50" ten="250,270,230,250" oya="1" hai0="81,65,17,52,98,108,91,56,59,19,61,29,106" hai1="75,135,15,117,87,110,69,43,96,76,86,118,39" hai2="129,37,109,94,32,1,25,80,6,4,97,126,90" hai3="101,8,114,105,74,99,11,42,83,70,14,121,27"/><U30/><E69/><V95/><F37/><W46/><G114/><T20/><D108/><U41/><E30/><V62/><F109/><W131/><G121/><T66/><D106/><U26/><E26/><V125/><F129/><W119/><G131/><T120/><D120/><U79/><E110/><V107/><F107/><W44/><G119/><T82/><D29/><U18/><E15/><V63/><F80/><N who="0" m="30826" /><D59/><U127/><E18/><N who="0" m="6665" /><D20/><U103/><E39/><V49/><F25/><W45/><G70/><T5/><D5/><U116/><E75/><V112/><F32/><W78/><G27/><T67/><D91/><U84/><E135/><V115/><F90/><W58/><G58/><N who="0" m="37047" /><D98/><U132/><E132/><V28/><F97/><W0/><G0/><T47/><D47/><U48/><E127/><V16/><F16/><W134/><G134/><T85/><D85/><U60/><E60/><AGARI ba="1,0" hai="52,56,60,66,67" m="37047,6665,30826" machi="60" ten="30,3900,0" yaku="8,1,52,1,54,1" doraHai="50" who="0" fromWho="1" sc="250,42,270,-42,230,0,250,0" /><INIT seed="2,0,0,0,0,61" ten="292,228,230,250" oya="2" hai0="132,20,13,0,90,2,58,24,21,117,106,127,52" hai1="76,110,68,118,87,19,135,116,105,40,62,65,91" hai2="88,122,55,131,5,89,36,98,27,134,28,124,86" hai3="57,78,69,48,133,22,16,59,79,121,72,101,125"/><V100/><F122/><W42/><G121/><T9/><D106/><U4/><E105/><V35/><F124/><W74/><G69/><T53/><D127/><U92/><E110/><V73/><F131/><W102/><G125/><T111/><D111/><U60/><E135/><V64/><F134/><W115/><G133/><T14/><D132/><U75/><E40/><V34/><F36/><W32/><G32/><T107/><D107/><U31/><E4/><V18/><F73/><W83/><G115/><T93/><D117/><U119/><E31/><V99/><F35/><W114/><G114/><T82/><D82/><U96/><E19/><V97/><F100/><W63/><G42/><T104/><D104/><U66/><E75/><V67/><F5/><W56/><G48/><T8/><D58/><U38/><E38/><V113/><F113/><W109/><G109/><T12/><D93/><U77/><REACH who="1" step="1"/><E96/><REACH who="1" ten="292,218,230,250" step="2"/><V11/><F18/><W46/><G16/><T45/><D0/><U23/><E23/><V126/><F126/><W129/><G22/><T120/><D2/><U43/><E43/><V30/><F30/><W25/><G72/><T29/><D20/><U49/><E49/><V70/><F28/><W33/><G74/><T15/><D120/><U50/><E50/><V3/><F34/><W80/><G33/><T112/><D112/><U95/><E95/><V26/><F3/><W108/><G108/><T1/><D1/><U10/><E10/><V94/><F11/><W37/><G37/><T39/><D9/><U54/><E54/><V84/><F55/><W130/><G130/><RYUUKYOKU ba="0,1" sc="292,-10,218,30,230,-10,250,-10" hai1="60,62,65,66,68,76,77,87,91,92,116,118,119" /><INIT seed="3,1,1,2,5,32" ten="282,248,220,240" oya="3" hai0="11,134,84,88,22,60,105,39,52,40,107,21,116" hai1="14,131,89,99,77,93,121,135,120,122,25,90,48" hai2="109,118,59,79,86,54,126,7,96,76,97,92,5" hai3="28,115,61,68,87,91,31,57,29,129,102,70,20"/><W38/><G115/><T18/><D116/><U75/><E14/><V49/><F118/><W15/><G38/><T46/><D134/><U71/><E71/><V56/><F109/><W132/><G132/><T110/><D110/><U104/><E25/><V34/><F34/><W33/><G33/><T47/><D11/><U114/><E48/><V0/><F126/><W41/><G129/><T124/><D124/><U123/><E135/><V16/><F96/><W1/><G102/><T27/><D22/><U72/><E114/><V95/><F95/><W51/><G1/><T6/><D6/><U113/><E113/><V78/><F0/><W67/><G41/><T81/><REACH who="0" step="1"/><D47/><REACH who="0" ten="272,248,220,240" step="2"/><U8/><E8/><V12/><F5/><W63/><G20/><T108/><D108/><U10/><E10/><N who="2" m="6167" /><F7/><W19/><G29/><T42/><D42/><U35/><E35/><V83/><F59/><AGARI ba="1,2" hai="18,21,27,39,40,46,52,59,60,81,84,88,105,107" machi="59" ten="40,5200,0" yaku="1,1,54,2,53,0" doraHai="32" doraHaiUra="64" who="0" fromWho="2" sc="272,75,248,0,220,-55,240,0" /><INIT seed="4,0,0,3,1,132" ten="347,248,165,240" oya="0" hai0="125,46,95,122,118,74,120,71,93,92,26,126,121" hai1="33,9,0,64,67,56,47,10,37,66,80,48,88" hai2="101,45,131,90,3,82,61,103,8,68,60,127,50" hai3="18,76,53,87,77,91,14,24,42,117,40,44,35"/><T79/><D71/><U59/><E33/><V27/><F131/><W15/><G117/><T85/><D118/><U65/><E37/><V106/><F27/><W31/><G53/><T108/><D26/><U105/><E105/><V124/><F3/><W98/><G98/><T97/><D46/><U23/><E64/><V81/><F8/><N who="1" m="3177" /><E23/><V78/><F90/><W94/><G40/><T75/><D108/><U16/><E16/><V96/><F103/><W116/><G116/><T86/><D97/><U119/><E0/><V89/><F89/><W69/><G69/><T57/><D57/><U129/><E129/><V25/><F25/><W70/><G70/><T34/><D34/><U114/><E114/><V134/><F134/><W21/><REACH who="3" step="1"/><G15/><REACH who="3" ten="347,248,165,230" step="2"/><T123/><D123/><U17/><E119/><V63/><F68/><W128/><G128/><T4/><D4/><U41/><E17/><V58/><F58/><W29/><G29/><T6/><D6/><U30/><E30/><V28/><F28/><W110/><G110/><T115/><D115/><U5/><E5/><V13/><F13/><W51/><AGARI ba="0,1" hai="14,18,21,24,31,35,42,44,51,76,77,87,91,94" machi="51" ten="20,5200,0" yaku="1,1,0,1,7,1,53,1" doraHai="132" doraHaiUra="84" who="3" fromWho="3" sc="347,-26,248,-13,165,-13,230,62" /><INIT seed="5,0,0,1,2,26" ten="321,235,152,292" oya="1" hai0="82,44,43,3,24,129,132,45,85,83,93,50,97" hai1="78,0,51,95,13,14,65,41,67,98,117,62,25" hai2="124,123,1,22,86,9,76,27,74,66,91,59,40" hai3="77,79,70,56,131,2,125,18,89,37,100,120,87"/><U94/><E0/><V34/><F123/><W10/><G70/><T32/><D3/><U53/><E41/><V75/><F34/><W60/><G37/><T7/><D7/><U35/><E117/><V118/><F118/><W17/><G120/><T63/><D129/><U113/><E113/><V49/><F76/><W15/><G131/><T134/><D63/><U61/><E78/><N who="3" m="29706" /><G2/><T8/><D8/><U116/><E62/><V54/><F124/><W29/><G125/><T133/><D85/><U16/><E94/><V38/><F66/><N who="3" m="39175" /><G29/><N who="0" m="19495" /><D45/><U109/><E109/><V115/><F115/><W105/><G105/><T55/><D43/><U114/><E114/><V108/><F108/><W101/><G17/><T110/><D110/><U96/><E96/><V4/><F40/><W80/><AGARI ba="0,0" hai="10,15,18,80,87,89,100,101" m="39175,29706" machi="80" ten="30,1100,0" yaku="8,1" doraHai="26" who="3" fromWho="3" sc="321,-3,235,-5,152,-3,292,11" /><INIT seed="6,0,0,5,1,37" ten="318,230,149,303" oya="2" hai0="65,81,92,35,64,71,76,123,53,72,7,101,2" hai1="88,0,61,126,43,107,18,111,38,112,99,69,63" hai2="105,27,115,24,6,98,130,70,62,90,8,10,94" hai3="131,74,55,95,93,34,33,25,54,48,73,116,40"/><V110/><F110/><W113/><G116/><T23/><D35/><U39/><E0/><V56/><F70/><W22/><G131/><T42/><D123/><U21/><E112/><V97/><F130/><W44/><G113/><T118/><D118/><U67/><E126/><V20/><F115/><W108/><G108/><T3/><D53/><U49/><E63/><V122/><F122/><W79/><G34/><T89/><D101/><U84/><E107/><V87/><F27/><W31/><G33/><T85/><D71/><U134/><E99/><V91/><F6/><W30/><G30/><T12/><D2/><U129/><E134/><V135/><F135/><W109/><G109/><T1/><D1/><U77/><E77/><V26/><F26/><W57/><G55/><T117/><D117/><U9/><E9/><V16/><F98/><W66/><G66/><T86/><D72/><U32/><E32/><V82/><REACH who="2" step="1"/><F105/><REACH who="2" ten="318,230,139,303" step="2"/><W46/><G25/><T121/><D121/><U11/><E129/><V47/><F47/><W119/><G46/><T50/><D3/><U80/><E111/><V14/><F14/><W52/><G44/><N who="0" m="25879" /><D7/><U75/><E69/><V28/><F28/><W132/><G31/><T100/><D100/><U60/><E18/><AGARI ba="0,1" hai="12,18,23,64,65,76,81,85,86,89,92" m="25879" machi="18" ten="30,2000,0" yaku="8,1,52,1" doraHai="37" who="0" fromWho="1" sc="318,30,230,-20,139,0,303,0" /><INIT seed="7,0,0,3,3,78" ten="348,210,139,303" oya="3" hai0="81,135,2,87,54,84,21,76,71,35,40,111,88" hai1="92,13,118,12,66,105,24,70,14,34,129,26,98" hai2="77,42,65,130,109,113,49,79,132,108,94,10,68" hai3="126,48,52,63,122,3,29,46,89,50,30,25,95"/><W99/><G122/><T61/><D111/><U82/><E129/><V18/><F130/><W116/><G116/><T15/><D35/><U90/><E118/><V31/><F132/><W19/><G3/><T127/><D2/><U11/><E70/><V120/><F120/><W4/><G126/><T51/><D135/><U80/><E66/><V73/><F113/><W28/><G4/><T7/><D127/><U6/><E105/><V16/><F31/><W133/><G133/><T27/><D40/><U1/><E34/><V83/><F79/><W123/><G123/><T134/><D134/><U119/><E119/><V62/><F94/><W32/><G32/><T0/><D0/><U41/><E41/><V57/><F10/><W8/><G46/><N who="0" m="28023" /><D71/><U121/><E121/><V56/><F68/><W5/><G5/><T43/><D43/><U17/><E17/><V103/><F103/><W85/><G85/><N who="0" m="50223" /><D61/><U112/><E112/><V59/><F42/><W106/><G106/><T58/><D58/><U104/><E104/><V38/><F38/><W117/><G117/><T36/><D76/><U39/><E39/><V110/><REACH who="2" step="1"/><F49/><REACH who="2" ten="348,210,129,303" step="2"/><W9/><G8/><N who="0" m="4511" /><D36/><U72/><E92/><V33/><F33/><W125/><G125/><T96/><D96/><U74/><E98/><V107/><F107/><W75/><G9/><T60/><D21/><U44/><E11/><V55/><F55/><W47/><G99/><T93/><D93/><U114/><E114/><V100/><F100/><W97/><G95/><T37/><D37/><U86/><E90/><V101/><F101/><W69/><G50/><RYUUKYOKU ba="0,1" sc="348,-10,210,-10,129,30,303,-10" hai2="16,18,56,57,59,62,65,73,77,83,108,109,110" owari="348,45.0,200,-20.0,159,-34.0,293,9.0" /></mjloggm>