<mjloggm ver="2.3"><GO type="169" lobby="0"/><UN n0="%E3%82%A2%E3%83%B3%E3%81%93%E3%81%B3" n1="%E3%81%8B%E3%81%B6%E8%8C%B6" n2="%E3%81%8D%E3%81%BF%E3%81%A9%E3%82%8A%E3%82%93" n3="%E3%82%81%E3%82%93%E3%81%9F%E3%82%93%6F" dan="16,16,17,16" rate="2186.62,2152.54,2171.16,2085.35" sx="M,M,F,F"/><TAIKYOKU oya="0"/><INIT seed="0,0,0,1,3,76" ten="250,250,250,250" oya="0" hai0="37,41,53,85,13,47,42,45,36,18,34,39,44" hai1="9,38,93,52,107,105,57,110,98,10,95,131,43" hai2="80,129,5,46,81,109,126,55,84,77,75,3,12" hai3="35,30,2,111,120,7,91,71,49,89,27,65,8"/><T128/><D128/><U14/><E131/><V66/><F129/><W121/><G111/><T115/><D115/><U108/><E43/><V79/><F109/><N who="1" m="42089" /><E38/><V118/><F126/><W134/><G134/><T23/><D34/><U92/><E98/><V51/><F66/><W99/><G49/><T31/><D31/><U122/><E122/><V4/><F3/><W25/><G25/><T1/><D1/><U83/><E83/><V72/><F118/><W70/><G65/><T133/><D133/><U50/><E10/><V96/><F96/><W33/><G33/><T56/><REACH who="0" step="1"/><D85/><REACH who="0" ten="240,250,250,250" step="2"/><U17/><AGARI ba="0,1" hai="9,14,17,50,52,57,92,93,95,105,107" m="42089" machi="17" ten="30,2000,0" yaku="14,1,54,1" doraHai="76" who="1" fromWho="1" sc="240,-10,250,30,250,-5,250,-5" /><INIT seed="1,0,0,2,0,52" ten="230,280,245,245" oya="1" hai0="2,26,103,79,110,120,3,107,16,126,17,101,23" hai1="122,121,87,83,91,62,56,118,115,68,12,34,86" hai2="129,58,49,24,37,113,116,57,114,50,47,98,96" hai3="61,10,90,60,81,70,30,53,33,22,35,133,134"/><U32/><E115/><N who="2" m="44043" /><F116/><W25/><G10/><T65/><D120/><U18/><E68/><V7/><F129/><W9/><G9/><T74/><D126/><U48/><E118/><V135/><F135/><N who="3" m="51723" /><G70/><T45/><D110/><U5/><E5/><V124/><F124/><W41/><G41/><T130/><D130/><U67/><E121/><V72/><F72/><W93/><G81/><T39/><D65/><U127/><E127/><V132/><F7/><W64/><G53/><T77/><D107/><U0/><E0/><V6/><F6/><W105/><G105/><T43/><D17/><U88/><E48/><N who="2" m="18539" /><F24/><W73/><G73/><T42/><D42/><U36/><E36/><V97/><F132/><W78/><G78/><T89/><D77/><U125/><E125/><V14/><F14/><W63/><G64/><T104/><D79/><U119/><E119/><V29/><F29/><W95/><G95/><T69/><D74/><U1/><E1/><V99/><N who="2" m="24576" /><DORA hai="46" /><V128/><F128/><W4/><G4/><T112/><D3/><U102/><E122/><V8/><F8/><W40/><G40/><AGARI ba="0,0" hai="37,40,47,57,58" m="24576,18539,44043" machi="40" ten="50,12000,2" yaku="11,1,52,5" doraHai="52,46" who="2" fromWho="3" sc="230,0,280,0,245,120,245,-120" /><INIT seed="2,0,0,0,2,76" ten="230,280,365,125" oya="2" hai0="133,108,19,15,116,57,43,49,13,30,0,66,93" hai1="129,120,14,55,123,88,94,8,53,39,17,31,63" hai2="68,22,102,59,9,73,121,89,12,104,51,118,28" hai3="74,110,96,95,112,115,18,97,91,75,119,11,3"/><V79/><F118/><W61/><G3/><T85/><D116/><U2/><E39/><V82/><F68/><W106/><G61/><T126/><D126/><U98/><E129/><V64/><F121/><W128/><G119/><T109/><D133/><U29/><E2/><V80/><F102/><N who="3" m="62799" /><G18/><T125/><D125/><U40/><E40/><V58/><F104/><W92/><G11/><T41/><D0/><U131/><E131/><V10/><F10/><W87/><G128/><T5/><D30/><N who="1" m="11275" /><E63/><V42/><F64/><W84/><G84/><T99/><D85/><U54/><E123/><V78/><F42/><W111/><G95/><T37/><D37/><U122/><E122/><V45/><F89/><W117/><G96/><T132/><D41/><U114/><E114/><N who="3" m="43562" /><G117/><T36/><D19/><U7/><E120/><V135/><F28/><W20/><G20/><T44/><D66/><U107/><E107/><V23/><F135/><W113/><N who="3" m="43570" /><W48/><DORA hai="127" /><G48/><T26/><D49/><U16/><AGARI ba="0,0" hai="7,8,14,16,17,53,54,55,88,94,98" m="11275" machi="16" ten="30,4000,0" yaku="8,1,54,2" doraHai="76,127" who="1" fromWho="1" sc="230,-10,280,40,365,-20,125,-10" /><INIT seed="3,0,0,4,0,31" ten="220,320,345,115" oya="3" hai0="4,132,58,121,95,110,57,128,44,1,101,90,118" hai1="124,116,56,22,112,52,73,42,12,32,122,19,70" hai2="39,34,38,28,43,18,33,54,88,37,51,130,8" hai3="21,87,77,94,96,5,107,13,11,72,45,27,115"/><W71/><G71/><T6/><D121/><U127/><E112/><V75/><F75/><W40/><G107/><T35/><D118/><U113/><E113/><V106/><F106/><W0/><G72/><T89/><D128/><U3/><E122/><V111/><F43/><W92/><G115/><T59/><D132/><U26/><E70/><V25/><F111/><W47/><G0/><T17/><D110/><U104/><E104/><V99/><F130/><W81/><G96/><N who="0" m="59551" /><D35/><U76/><E42/><V14/><F34/><W102/><G102/><T50/><D17/><U41/><E41/><V53/><F51/><N who="3" m="27047" /><G47/><T109/><D109/><U86/><E73/><V100/><REACH who="2" step="1"/><F100/><REACH who="2" ten="220,320,335,115" step="2"/><W46/><G46/><T68/><D50/><U78/><E32/><V135/><F135/><W105/><G105/><T82/><D44/><U15/><E116/><V7/><F7/><W97/><G97/><T24/><D6/><U133/><E133/><V120/><F120/><W83/><G83/><T10/><D4/><U69/><E3/><V48/><F48/><W9/><G9/><T74/><D10/><U49/><E49/><V119/><F119/><W103/><G103/><T66/><D1/><U23/><E23/><V16/><F16/><AGARI ba="0,1" hai="5,11,13,16,21,27,77,81,87,92,94" m="27047" machi="16" ten="30,5800,0" yaku="25,1,8,1,54,1" doraHai="31" who="3" fromWho="2" sc="220,0,320,0,335,-58,115,68" /><INIT seed="3,1,0,4,0,15" ten="220,320,277,183" oya="3" hai0="74,8,53,38,121,71,1,47,106,61,75,39,67" hai1="64,99,26,103,40,88,91,19,117,77,69,33,12" hai2="119,49,128,134,62,14,85,130,129,10,93,54,124" hai3="44,43,123,110,132,50,96,135,16,46,104,31,6"/><W52/><G123/><T114/><D121/><U111/><E111/><V87/><F119/><W133/><G6/><T9/><D114/><U78/><E40/><V24/><F134/><W76/><G31/><T82/><D106/><U127/><E127/><V29/><F124/><W80/><G110/><T32/><D32/><U63/><E77/><V30/><F62/><W101/><G16/><T65/><D1/><U51/><E51/><V109/><F109/><W83/><REACH who="3" step="1"/><G76/><REACH who="3" ten="220,320,277,173" step="2"/><T86/><D8/><N who="1" m="6535" /><E78/><V131/><F130/><W89/><G89/><T7/><D9/><U73/><E117/><V98/><F29/><W84/><G84/><T59/><D86/><U122/><E122/><V108/><F30/><W13/><G13/><T41/><D7/><U0/><E0/><V116/><F24/><W70/><G70/><T28/><D28/><N who="1" m="19607" /><E73/><V11/><F11/><W48/><AGARI ba="1,1" hai="43,44,46,48,50,52,80,83,96,101,104,132,133,135" machi="48" ten="40,12000,1" yaku="1,1,0,1,20,1,54,1,53,0" doraHai="15" doraHaiUra="81" who="3" fromWho="3" sc="220,-41,320,-41,277,-41,173,133" /><INIT seed="3,2,0,0,3,74" ten="179,279,236,306" oya="3" hai0="6,52,55,71,31,1,24,81,93,36,110,51,10" hai1="65,50,123,78,101,0,69,68,64,13,119,127,26" hai2="58,17,92,7,91,8,12,76,16,129,120,103,34" hai3="95,131,85,88,99,100,97,96,94,107,57,18,15"/><W23/><G131/><T30/><D110/><U29/><E123/><V116/><F116/><W121/><G121/><T32/><D36/><U135/><E0/><V28/><F129/><W73/><G73/><T53/><D71/><U60/><E119/><V4/><F103/><W44/><G107/><T133/><D133/><U11/><E135/><V59/><F34/><W40/><REACH who="3" step="1"/><G57/><REACH who="3" ten="179,279,236,296" step="2"/><T113/><D113/><U104/><E104/><V87/><F120/><W86/><G86/><T39/><D39/><AGARI ba="2,1" hai="15,18,23,39,40,44,85,88,94,95,96,97,99,100" machi="39" ten="30,5800,0" yaku="1,1,7,1,54,1,53,0" doraHai="74" doraHaiUra="106" who="3" fromWho="0" sc="179,-64,279,0,236,0,296,74" /><INIT seed="3,3,0,5,0,72" ten="115,279,236,370" oya="3" hai0="22,109,108,15,103,8,104,127,18,47,115,33,39" hai1="74,107,114,31,51,54,64,0,105,24,42,52,58" hai2="88,100,124,119,59,89,37,83,101,113,75,5,16" hai3="82,78,90,121,25,44,77,48,120,35,63,98,122"/><W133/><G133/><T135/><D103/><U126/><E114/><V45/><F113/><W3/><G3/><T62/><D62/><U106/><E126/><V41/><F124/><W40/><G63/><T4/><D47/><U99/><E0/><V49/><F5/><W9/><G9/><T60/><D60/><U94/><E74/><V85/><F119/><W43/><G43/><T6/><D39/><U70/><E70/><V86/><F75/><W50/><G50/><T61/><D61/><U19/><E19/><V69/><F69/><W30/><REACH who="3" step="1"/><G98/><REACH who="3" ten="115,279,236,360" step="2"/><T26/><D135/><U118/><E64/><V92/><F37/><W131/><G131/><T71/><D127/><U110/><E42/><V66/><F66/><W27/><G27/><T57/><D115/><U7/><E118/><V93/><F59/><W68/><G68/><T96/><D57/><U76/><E54/><V21/><F83/><W67/><G67/><T73/><D71/><U79/><E7/><V123/><F123/><W80/><G80/><T29/><D4/><U10/><E10/><V132/><F132/><W32/><G32/><T13/><D96/><U97/><E97/><V134/><F134/><W129/><G129/><T55/><D33/><U11/><E11/><V12/><AGARI ba="3,1" hai="12,16,21,41,45,49,85,86,88,89,92,93,100,101" machi="12" ten="20,12000,2" yaku="0,1,7,1,9,1,8,1,54,2" doraHai="72" who="2" fromWho="2" sc="115,-33,279,-33,236,139,360,-63" /><INIT seed="4,0,0,1,3,70" ten="82,246,375,297" oya="0" hai0="120,19,37,53,22,18,33,76,61,6,9,14,135" hai1="52,20,74,15,63,40,8,103,32,68,41,38,99" hai2="47,125,39,2,115,12,130,23,50,11,10,65,106" hai3="29,28,129,121,102,90,95,82,62,21,73,34,116"/><T94/><D120/><U114/><E32/><V54/><F115/><W69/><G116/><T100/><D135/><U1/><E74/><V72/><F106/><W91/><G34/><T27/><D33/><U107/><E114/><V67/><F130/><W110/><G129/><T42/><D76/><U92/><E1/><V87/><F72/><W51/><G121/><T4/><D42/><U31/><E38/><V124/><F39/><W111/><G102/><T122/><D122/><U105/><E105/><V96/><F96/><W71/><G95/><T59/><REACH who="0" step="1"/><D37/><REACH who="0" ten="72,246,375,297" step="2"/><U75/><E41/><V13/><F124/><W7/><G110/><T83/><D83/><U64/><E40/><V77/><F125/><W43/><G43/><T36/><D36/><U98/><E75/><V46/><F77/><W48/><G73/><T60/><D60/><U49/><E63/><V5/><F50/><W133/><G62/><T118/><D118/><U3/><E49/><V113/><F113/><W30/><G82/><T0/><D0/><U84/><E3/><V55/><F2/><W88/><G111/><T44/><D44/><U24/><E107/><V57/><F47/><W134/><G51/><T56/><D56/><U109/><E109/><V16/><F57/><W66/><G48/><T17/><D17/><U80/><E80/><V126/><F46/><W97/><G71/><T89/><D89/><U26/><E68/><V132/><F132/><W127/><G69/><T85/><D85/><U128/><E84/><V79/><F126/><W45/><G134/><T81/><D81/><U58/><E128/><RYUUKYOKU ba="0,1" sc="72,30,246,-10,375,-10,297,-10" hai0="4,6,9,14,18,19,22,27,53,59,61,94,100" /><INIT seed="4,1,1,2,3,85" ten="102,236,365,287" oya="0" hai0="18,35,107,16,34,32,91,134,117,12,130,11,108" hai1="100,41,56,4,67,106,24,113,15,62,88,132,74" hai2="72,81,27,7,53,70,90,83,92,47,17,89,68" hai3="0,28,124,52,93,116,3,131,127,104,51,33,101"/><T1/><D117/><U38/><E74/><V99/><F72/><W71/><G104/><T64/><D130/><U84/><E132/><V22/><F70/><W2/><G71/><T129/><D129/><U42/><E113/><V103/><F68/><W73/><G73/><T23/><D134/><U59/><E38/><V6/><F83/><W112/><G131/><T19/><D107/><U39/><E39/><V31/><F17/><N who="0" m="6154" /><D64/><N who="1" m="38983" /><E100/><V126/><F126/><N who="3" m="48171" /><G116/><T115/><D91/><N who="2" m="34826" /><F81/><W26/><G112/><T121/><D115/><U45/><E24/><V87/><F87/><W29/><G29/><T46/><D46/><U5/><E45/><V75/><F75/><W122/><G122/><T43/><D43/><N who="1" m="16395" /><E15/><V135/><F135/><W128/><G128/><T30/><D121/><U10/><E10/><V13/><F13/><W20/><G33/><T69/><D69/><U40/><N who="1" m="16403" /><U110/><DORA hai="119" /><E106/><V94/><F94/><W102/><G93/><T86/><D86/><U105/><E105/><V118/><F118/><W66/><G66/><T48/><D108/><U97/><E110/><V9/><F9/><W61/><G61/><T50/><D1/><U8/><E8/><V25/><F25/><W95/><G95/><T125/><D125/><U58/><E67/><V78/><F78/><W55/><G3/><T37/><D37/><U44/><E84/><V133/><F133/><W49/><G2/><T114/><D114/><U36/><E36/><V98/><F98/><W76/><G0/><T109/><D109/><U111/><E111/><V65/><F65/><W77/><G77/><RYUUKYOKU ba="1,1" sc="102,15,236,-15,365,15,287,-15" hai0="11,12,16,23,30,32,34,35,48,50" hai2="6,7,22,27,31,47,53,92,99,103" /><INIT seed="4,2,1,0,1,79" ten="117,221,380,272" oya="0" hai0="86,91,68,59,99,74,6,96,34,90,33,88,78" hai1="9,84,3,20,10,89,50,60,66,21,110,32,37" hai2="73,83,63,92,58,70,69,124,102,125,64,67,61" hai3="8,101,72,35,112,122,42,7,13,45,49,44,41"/><T105/><D68/><U30/><E110/><V54/><F73/><W53/><G112/><T95/><D6/><U104/><E37/><V15/><F83/><W14/><G35/><T132/><D132/><U123/><E104/><V126/><F15/><W46/><G72/><T100/><D59/><N who="1" m="37151" /><E32/><V1/><F92/><W76/><G122/><T38/><D38/><U17/><E3/><V57/><F102/><W127/><G127/><T62/><D62/><U106/><E106/><V120/><F1/><W75/><G101/><N who="0" m="62631" /><D34/><U24/><E50/><N who="2" m="30935" /><F120/><W87/><G75/><T80/><D33/><U39/><E39/><V118/><F118/><W18/><G53/><T31/><D31/><U26/><E123/><V103/><F103/><W55/><G55/><T94/><AGARI ba="2,1" hai="74,78,80,86,88,90,91,94,95,99,100" m="62631" machi="94" ten="30,24000,3" yaku="24,1,35,5,52,1,54,1" doraHai="79" who="0" fromWho="0" sc="117,256,221,-82,380,-82,272,-82" /><INIT seed="4,3,0,3,5,125" ten="373,139,298,190" oya="0" hai0="93,107,104,110,134,77,122,39,60,84,115,35,8" hai1="57,98,85,6,62,2,56,4,65,102,78,1,116" hai2="12,5,105,126,119,3,76,114,120,100,133,26,82" hai3="97,124,43,20,18,0,49,23,61,27,13,86,28"/><T99/><D39/><U95/><E116/><V130/><F26/><W50/><G0/><T106/><D60/><U92/><E1/><V58/><F58/><W83/><G124/><T14/><D35/><U64/><E2/><V63/><F63/><W80/><G80/><N who="0" m="47119" /><D14/><U38/><E38/><V55/><F55/><W68/><G43/><T121/><D8/><U37/><E37/><V89/><F89/><W47/><G47/><T112/><D110/><U66/><E56/><V87/><F12/><W22/><G22/><T46/><D46/><U59/><E57/><V9/><F126/><W7/><G7/><N who="1" m="2602" /><E78/><V19/><F119/><W11/><G23/><T41/><D41/><U96/><E85/><V25/><F87/><W44/><G44/><T111/><D111/><U129/><E129/><V24/><F130/><W69/><G97/><N who="1" m="37482" /><E102/><V118/><F100/><W123/><G61/><T31/><D31/><U54/><AGARI ba="3,0" hai="54,59,62,64,65,66,92,95" m="37482,2602" machi="54" ten="30,1100,0" yaku="8,1" doraHai="125" who="1" fromWho="1" sc="373,-8,139,20,298,-6,190,-6" /><INIT seed="5,0,0,5,3,23" ten="365,159,292,184" oya="1" hai0="87,111,59,88,124,130,14,126,41,44,109,80,93" hai1="106,81,50,38,40,115,116,30,68,43,79,46,74" hai2="34,29,58,89,94,78,121,123,132,24,47,64,76" hai3="84,54,75,83,49,56,72,77,85,66,133,15,71"/><U134/><E116/><V129/><F129/><W112/><G112/><T53/><D130/><U62/><E115/><V32/><F32/><W114/><G114/><T45/><D14/><U48/><E134/><V60/><F132/><W6/><G133/><T10/><D10/><U86/><E106/><V57/><F58/><W9/><G71/><T122/><D122/><U39/><E30/><V20/><F34/><W12/><G66/><T37/><D45/><U16/><E38/><V52/><F121/><W110/><G110/><T63/><REACH who="0" step="1"/><D80/><REACH who="0" ten="355,159,292,184" step="2"/><U13/><E40/><V11/><F11/><W69/><G15/><T67/><D67/><U117/><E117/><V26/><F123/><W33/><G83/><T120/><D120/><U1/><E1/><V0/><F0/><W98/><G9/><T95/><D95/><U101/><E74/><V96/><F26/><W21/><G12/><T36/><D36/><U125/><E125/><AGARI ba="0,1" hai="37,41,44,53,59,63,87,88,93,109,111,124,125,126" machi="125" ten="40,8000,1" yaku="1,1,18,1,54,1,53,1" doraHai="23" doraHaiUra="91" who="0" fromWho="1" sc="355,90,159,-80,292,0,184,0" /><INIT seed="6,0,0,2,1,91" ten="445,79,292,184" oya="2" hai0="124,130,71,25,0,109,125,1,33,59,126,106,36" hai1="78,133,48,77,7,86,120,90,135,45,6,88,37" hai2="127,18,104,41,110,113,47,129,81,123,24,10,87" hai3="32,99,72,131,96,79,13,98,69,117,56,67,17"/><V116/><F113/><W97/><G32/><T8/><D106/><U114/><E37/><V4/><F116/><W11/><G117/><T5/><D71/><U44/><E114/><V103/><F123/><W12/><G131/><T26/><D36/><U119/><E119/><V61/><F127/><W64/><G69/><T89/><D89/><U76/><E120/><V23/><F129/><W55/><G72/><T92/><D92/><N who="1" m="54295" /><E45/><V83/><F61/><W134/><G79/><N who="1" m="20226" /><U80/><DORA hai="65" /><E80/><V39/><F110/><W35/><G35/><T46/><D109/><U54/><E90/><V50/><F39/><W73/><G73/><T93/><D126/><U62/><E62/><V68/><F87/><W111/><G134/><AGARI ba="0,0" hai="6,7,44,48,54,133,134,135" m="20226,54295" machi="134" ten="40,5200,0" yaku="20,1,52,1,54,1" doraHai="91,65" who="1" fromWho="3" sc="445,0,79,52,292,0,184,-52" /><INIT seed="7,0,0,5,2,116" ten="445,131,292,132" oya="3" hai0="3,100,125,91,43,36,51,131,17,113,124,13,104" hai1="10,111,83,24,0,74,60,49,50,78,101,14,66" hai2="126,110,1,45,40,47,64,11,22,12,46,129,82" hai3="28,58,59,18,6,9,120,87,69,55,94,65,119"/><W96/><G120/><T57/><D131/><U105/><E111/><V108/><F1/><W68/><G119/><T128/><D128/><U132/><E0/><V88/><F129/><W26/><G87/><T135/><D135/><U19/><E132/><V29/><F64/><W70/><G18/><T98/><D113/><U76/><E76/><V56/><F126/><N who="0" m="48746" /><D3/><U73/><E73/><V106/><F56/><W127/><G127/><T123/><D123/><U4/><E101/><V109/><F106/><W130/><G130/><T115/><D115/><U133/><E105/><V102/><F102/><W95/><G65/><T75/><D91/><U16/><E133/><V107/><F40/><W71/><N who="3" m="17408" /><DORA hai="61" /><W7/><G55/><N who="0" m="31999" /><D43/><U85/><E74/><V30/><F107/><W118/><G118/><T67/><D67/><U23/><E19/><V72/><F22/><W33/><G6/><T52/><D52/><U92/><E66/><V90/><F72/><W39/><G39/><T79/><D79/><U134/><E134/><V114/><F114/><W89/><REACH who="3" step="1"/><G95/><REACH who="3" ten="445,131,292,122" step="2"/><T2/><D36/><U93/><E60/><V37/><F37/><W99/><G99/><T31/><D98/><U122/><E122/><V121/><F121/><W77/><G77/><T38/><D38/><U117/><E117/><V80/><F110/><W5/><G5/><T97/><D97/><U41/><E41/><V32/><F109/><W25/><G25/><T62/><D104/><U20/><E93/><V86/><F108/><W8/><G8/><T48/><D75/><U27/><E92/><V35/><F86/><RYUUKYOKU ba="0,1" sc="445,-15,131,15,292,-15,122,15" hai1="4,10,14,16,20,23,24,27,49,50,78,83,85" hai3="7,9,26,28,33,58,59,89,94,96" /><INIT seed="7,1,1,4,4,103" ten="430,146,277,137" oya="3" hai0="91,83,76,72,130,74,45,58,59,97,1,50,0" hai1="51,16,108,90,93,66,102,37,127,85,67,99,35" hai2="48,118,27,53,44,6,8,14,9,54,115,89,116" hai3="101,12,7,62,17,87,2,131,77,126,22,23,104"/><W21/><G126/><T81/><D130/><U24/><E108/><V18/><F115/><W129/><G62/><T47/><D50/><U100/><E37/><V112/><F112/><W11/><G87/><T69/><D97/><U128/><E128/><N who="3" m="49226" /><G77/><T41/><D76/><U65/><E35/><V46/><F89/><W38/><G38/><T84/><D84/><U134/><E134/><V135/><F135/><W79/><G79/><T15/><D91/><N who="1" m="55743" /><E127/><V19/><F48/><W106/><G101/><N who="1" m="39018" /><E51/><V122/><F122/><W123/><G123/><T34/><D15/><U3/><E3/><V55/><F46/><W124/><G124/><T86/><D41/><U13/><E24/><V70/><F44/><W110/><G110/><T73/><D69/><U32/><E32/><V113/><F118/><W10/><AGARI ba="1,1" hai="2,7,10,11,12,17,21,22,23,104,106" m="49226" machi="10" ten="40,7800,0" yaku="19,1,52,2" doraHai="103" who="3" fromWho="3" sc="430,-27,146,-27,277,-27,137,91" /><INIT seed="7,2,0,4,0,2" ten="403,119,250,228" oya="3" hai0="33,113,13,49,5,46,35,61,9,65,114,92,130" hai1="107,93,18,84,70,4,55,131,126,16,112,37,95" hai2="47,103,132,22,64,41,119,28,124,106,82,72,63" hai3="94,75,76,29,21,129,62,17,115,20,10,42,91"/><W83/><G115/><N who="0" m="44043" /><D130/><U24/><E112/><V71/><F119/><W66/><G42/><N who="0" m="24791" /><D92/><U77/><E107/><V45/><F47/><W39/><G39/><T108/><D108/><U85/><E37/><V120/><F63/><W67/><G129/><T36/><D36/><U117/><E131/><V101/><F132/><W98/><G62/><T78/><D78/><U50/><E70/><AGARI ba="2,0" hai="5,9,13,33,35,61,65,70" m="24791,44043" machi="70" ten="30,3900,0" yaku="15,1,11,1,52,1" doraHai="2" who="0" fromWho="1" sc="403,45,119,-45,250,0,228,0" owari="448,55.0,74,-43.0,250,5.0,228,-17.0" /></mjloggm>