<mjloggm ver="2.3"><GO type="185" lobby="0"/><UN n0="%6E%69%6B%6F%6C%75%30%33" n1="%4B%69%64%6F%37%35%30%30" n2="%70%6F%6E%5F%6B%61%73%75" n3="" dan="17,16,16,0" rate="2258.87,2121.61,2144.54,1500.00" sx="M,M,M,C"/><TAIKYOKU oya="0"/><INIT seed="0,0,0,3,1,50" ten="350,350,350,0" oya="0" hai0="110,72,2,84,70,108,121,78,62,52,86,89,39" hai1="61,88,133,38,45,3,112,114,109,118,67,68,124" hai2="99,60,100,80,92,42,120,95,64,85,76,131,47" hai3=""/><T44/><N who="0" m="31008" /><T134/><D2/><U104/><E104/><V117/><N who="2" m="30752" /><V71/><F131/><T48/><D134/><U69/><E118/><V79/><F117/><T77/><D72/><U41/><E133/><V130/><F130/><T94/><D39/><U98/><E3/><V102/><F79/><T91/><D70/><U123/><N who="1" m="31520" /><U122/><N who="1" m="31264" /><U37/><E124/><V40/><F40/><T82/><REACH who="0" step="1"/><D62/><REACH who="0" ten="340,350,350,0" step="2"/><U126/><E37/><V116/><F116/><T111/><AGARI ba="0,1" hai="44,48,52,77,78,82,84,86,89,91,94,108,110,111" m="31008" machi="111" ten="30,16000,3" yaku="1,1,2,1,0,1,14,1,10,1,52,2,54,1,53,0" doraHai="50" doraHaiUra="57" who="0" fromWho="0" sc="340,170,350,-80,350,-80,0,0" /><INIT seed="0,1,0,0,1,95" ten="510,270,270,0" oya="0" hai0="65,50,102,107,66,90,93,34,131,116,135,45,114" hai1="91,119,100,0,129,43,110,80,126,92,38,70,79" hai2="71,61,62,113,58,69,122,105,127,33,121,133,64" hai3=""/><T82/><D116/><U83/><E119/><V81/><N who="2" m="31008" /><V84/><N who="2" m="31264" /><V85/><F113/><T118/><D118/><U75/><E110/><V77/><F33/><T54/><D114/><U108/><E70/><V125/><F105/><T73/><D34/><U86/><E108/><V57/><F133/><T72/><D135/><U63/><E0/><V46/><F46/><T48/><D131/><U115/><E115/><V60/><F60/><T55/><D102/><U111/><E63/><V40/><F40/><T3/><D107/><U76/><E43/><V112/><F84/><T36/><D36/><U97/><E38/><V37/><F112/><T42/><D42/><U123/><N who="1" m="31520" /><U2/><E2/><V130/><F130/><T89/><D3/><U96/><E111/><V101/><F101/><T106/><D106/><U103/><E129/><V39/><F39/><T88/><D93/><U35/><E35/><V104/><F104/><T109/><D109/><U117/><E117/><V132/><F132/><T59/><REACH who="0" step="1"/><D82/><REACH who="0" ten="500,270,270,0" step="2"/><U74/><E126/><N who="2" m="48139" /><F37/><T120/><N who="0" m="30752" /><T44/><D44/><U78/><E78/><V52/><AGARI ba="1,1" hai="52,57,58,61,62,64,69,71,77,81,85" m="48139,31264,31008" machi="52" ten="30,5900,0" yaku="18,1,52,2,54,1" doraHai="95" who="2" fromWho="2" sc="500,-40,270,-21,270,71,0,0" /><INIT seed="1,0,0,4,2,132" ten="460,249,341,0" oya="1" hai0="113,60,103,75,76,34,46,95,109,74,43,94,125" hai1="134,44,50,45,90,52,1,92,128,63,72,67,86" hai2="114,105,118,129,48,64,107,93,33,116,54,36,83" hai3=""/><U49/><E72/><V108/><F33/><T70/><D34/><U39/><E134/><V99/><F36/><T121/><N who="0" m="31008" /><T73/><D113/><U77/><E128/><V87/><F129/><T133/><D133/><U111/><E1/><V122/><N who="2" m="31264" /><V59/><F114/><T47/><D76/><U79/><E111/><V71/><F108/><T40/><D109/><U117/><E39/><V56/><F71/><T0/><D0/><U55/><E117/><V98/><F98/><T97/><D125/><U69/><AGARI ba="0,0" hai="44,45,49,50,52,55,63,67,69,77,79,86,90,92" machi="69" ten="20,5200,0" yaku="0,1,7,1,9,1,54,1" doraHai="132" who="1" fromWho="1" sc="460,-26,249,52,341,-26,0,0" /><INIT seed="1,1,0,2,3,71" ten="434,301,315,0" oya="1" hai0="66,74,48,42,33,108,54,0,51,105,123,76,35" hai1="114,111,77,65,37,97,85,120,45,84,67,1,124" hai2="46,39,101,68,119,58,91,95,99,107,40,104,52" hai3=""/><U63/><N who="1" m="30752" /><U98/><E114/><V41/><F119/><T32/><N who="0" m="31520" /><T61/><D0/><U122/><N who="1" m="31264" /><U44/><E1/><V69/><F41/><T126/><D105/><U116/><E124/><V87/><REACH who="2" step="1"/><F107/><REACH who="2" ten="434,301,305,0" step="2"/><T49/><D126/><U73/><E116/><V134/><F134/><T112/><D112/><U128/><E111/><V82/><F82/><T121/><N who="0" m="31008" /><T133/><D133/><U64/><E128/><V96/><F96/><T56/><D108/><U125/><E125/><V81/><F81/><T36/><D74/><U34/><E73/><V109/><F109/><T55/><REACH who="0" step="1"/><D76/><REACH who="0" ten="424,301,305,0" step="2"/><U62/><E77/><V102/><F102/><T88/><D88/><U93/><E34/><V129/><F129/><T53/><D53/><U86/><E67/><V89/><F89/><T130/><D130/><U131/><E131/><V117/><F117/><T70/><D70/><U118/><E118/><V50/><AGARI ba="1,2" hai="39,40,46,50,52,58,68,69,87,91,95,99,101,104" machi="50" ten="20,9000,2" yaku="1,1,0,1,7,1,52,1,54,1,53,1" doraHai="71" doraHaiUra="92" who="2" fromWho="2" sc="424,-31,301,-61,305,112,0,0" /><INIT seed="2,0,0,5,1,2" ten="393,240,417,0" oya="2" hai0="59,112,115,60,1,113,90,40,56,86,85,47,131" hai1="132,117,82,38,118,42,120,114,99,43,130,104,55" hai2="78,58,80,37,110,96,52,69,91,53,67,75,126" hai3=""/><V39/><F126/><T84/><D1/><U79/><N who="1" m="30752" /><U0/><E0/><V3/><F3/><T134/><D131/><U64/><E114/><V35/><F110/><T33/><D134/><U94/><E132/><V103/><F35/><T70/><D33/><U106/><E64/><V71/><F53/><T72/><D72/><U54/><E130/><V88/><F37/><T102/><D102/><U46/><E43/><V101/><F101/><T65/><REACH who="0" step="1"/><D90/><REACH who="0" ten="383,240,417,0" step="2"/><U135/><E135/><V32/><F32/><T51/><AGARI ba="0,1" hai="40,47,51,56,59,60,65,70,84,85,86,112,113,115" machi="51" ten="40,6000,1" yaku="1,1,2,1,0,1,11,1,53,0" doraHai="2" doraHaiUra="87" who="0" fromWho="0" sc="383,70,240,-20,417,-40,0,0" /><INIT seed="4,0,0,0,1,86" ten="453,220,377,0" oya="0" hai0="121,48,99,53,104,61,59,47,74,51,37,97,70" hai1="46,94,89,82,128,101,110,116,108,111,106,38,96" hai2="98,112,63,68,71,119,131,133,102,57,130,62,105" hai3=""/><T127/><N who="0" m="31008" /><T80/><D127/><U134/><E38/><V76/><F112/><T43/><D104/><U58/><E46/><V129/><F133/><T56/><D51/><U126/><E58/><V69/><F119/><T75/><D59/><U124/><E116/><V35/><F35/><T132/><D132/><U66/><E66/><V41/><F76/><T49/><D48/><U122/><N who="1" m="31264" /><U78/><E134/><V36/><F57/><T91/><D80/><U52/><E52/><V115/><F115/><T72/><REACH who="0" step="1"/><D91/><REACH who="0" ten="443,220,377,0" step="2"/><U54/><E54/><V100/><F100/><T33/><D33/><U32/><E32/><V92/><F105/><T118/><D118/><U45/><E128/><V67/><F67/><AGARI ba="0,1" hai="37,43,47,49,53,56,61,67,70,72,74,75,97,99" m="31008" machi="67" ten="40,12000,1" yaku="1,1,24,2,52,1,53,0" doraHai="86" doraHaiUra="113" who="0" fromWho="2" sc="443,130,220,0,377,-120,0,0" /><INIT seed="4,1,0,3,5,96" ten="573,220,257,0" oya="0" hai0="120,3,57,87,117,92,54,119,82,69,111,118,35" hai1="67,33,34,39,78,44,90,64,110,79,98,113,116" hai2="84,58,93,46,50,115,124,59,32,66,112,51,95" hai3=""/><T101/><N who="0" m="30752" /><T85/><D3/><U0/><E0/><V81/><F32/><T94/><D35/><U55/><E116/><V114/><F124/><T37/><D111/><U56/><E110/><V99/><F66/><T38/><D69/><U1/><E1/><V43/><F51/><T132/><D132/><U47/><E113/><V133/><F133/><T53/><D101/><U62/><E34/><V121/><N who="2" m="31008" /><V36/><F36/><N who="0" m="13930" /><D82/><U103/><E39/><V128/><F128/><T127/><D57/><N who="2" m="21514" /><F99/><T71/><D71/><U2/><E2/><V134/><F134/><T41/><D41/><U91/><E67/><V88/><AGARI ba="1,0" hai="43,46,50,81,84,88,93,95,112,114,115" m="21514,31008" machi="88" ten="40,3900,0" yaku="15,1,52,1,54,1" doraHai="96" who="2" fromWho="2" sc="573,-27,220,-14,257,41,0,0" /><INIT seed="5,0,0,0,4,95" ten="546,206,298,0" oya="1" hai0="59,48,131,50,82,64,66,93,129,44,41,114,88" hai1="99,109,68,77,60,92,79,83,3,63,35,36,49" hai2="130,39,134,104,72,89,116,61,55,118,127,80,108" hai3=""/><U96/><E109/><V69/><RYUUKYOKU type="yao9" ba="0,0" sc="546,0,206,0,298,0,0,0" hai2="39,55,61,69,72,80,89,104,108,116,118,127,130,134" /><INIT seed="5,1,0,1,3,61" ten="546,206,298,0" oya="1" hai0="2,118,102,119,32,48,66,46,74,36,126,133,83" hai1="52,70,104,63,62,123,110,99,39,125,34,57,41" hai2="76,78,55,67,106,96,69,80,115,107,108,85,40" hai3=""/><U90/><N who="1" m="31520" /><U98/><E34/><V38/><F108/><T53/><D32/><U97/><E110/><V68/><F115/><T49/><D2/><U54/><E125/><V132/><F132/><T87/><D133/><U84/><E104/><V94/><F78/><T56/><D126/><U35/><E35/><V111/><F111/><T117/><D74/><U60/><E54/><V130/><F130/><T73/><D73/><U120/><N who="1" m="30752" /><U51/><E41/><V128/><F128/><T89/><D102/><U43/><E43/><V86/><F86/><T77/><D36/><U109/><E39/><V93/><F93/><T71/><D71/><U124/><E124/><V88/><F68/><T72/><D66/><U47/><E109/><V135/><F55/><T59/><D49/><U82/><REACH who="1" step="1"/><E70/><REACH who="1" ten="546,196,298,0" step="2"/><V114/><F135/><T45/><D59/><U131/><E131/><V0/><F114/><T101/><D56/><U103/><E103/><V121/><N who="2" m="31008" /><V105/><F40/><T122/><N who="0" m="31264" /><T113/><D113/><U81/><E81/><V134/><F38/><T95/><D101/><U42/><AGARI ba="1,1" hai="42,47,51,52,57,60,62,63,82,84,90,97,98,99" m="30752,31520" machi="42" ten="30,12000,2" yaku="1,1,0,1,8,1,52,2,54,1,53,0" doraHai="61" doraHaiUra="112" who="1" fromWho="1" sc="546,-61,196,132,298,-61,0,0" /><INIT seed="5,2,0,1,4,71" ten="485,328,237,0" oya="1" hai0="90,95,105,117,1,107,69,53,2,76,125,55,83" hai1="58,33,99,0,63,89,98,54,87,104,35,48,68" hai2="81,49,80,132,79,135,86,129,74,123,130,97,52" hai3=""/><U72/><E0/><V96/><N who="2" m="31520" /><V45/><F96/><T46/><D69/><U59/><E72/><V88/><REACH who="2" step="1"/><F97/><REACH who="2" ten="485,328,227,0" step="2"/><T41/><D1/><U109/><E99/><V100/><F100/><T102/><D2/><U84/><E35/><V32/><F32/><T118/><D102/><U103/><E33/><V133/><AGARI ba="2,1" hai="45,49,52,74,79,80,81,86,88,129,130,132,133,135" m="31520" machi="133" ten="40,12000,3" yaku="1,1,0,1,20,1,52,1,54,2,53,3" doraHai="71" doraHaiUra="128" who="2" fromWho="2" sc="485,-42,328,-82,227,134,0,0" /><INIT seed="6,0,0,2,5,58" ten="443,246,361,0" oya="2" hai0="84,75,121,110,119,91,62,112,76,122,127,88,117" hai1="52,61,70,108,3,87,44,105,96,129,95,92,79" hai2="93,66,73,65,1,32,126,134,77,124,128,94,60" hai3=""/><V48/><F1/><T39/><N who="0" m="31008" /><T130/><N who="0" m="31264" /><T50/><D110/><U55/><E129/><V82/><F32/><T51/><D39/><U97/><E108/><V43/><F128/><T78/><D130/><U40/><E105/><V113/><F113/><T72/><D112/><U109/><E3/><V64/><F134/><T106/><D62/><U80/><E109/><V37/><F37/><T133/><D84/><U54/><E70/><V89/><F93/><T34/><D106/><U56/><E95/><V98/><F43/><T111/><D111/><U102/><REACH who="1" step="1"/><E97/><REACH who="1" ten="443,236,361,0" step="2"/><V33/><F33/><T81/><D34/><U132/><E132/><V120/><F98/><T63/><D133/><U104/><E104/><V125/><F94/><T49/><D119/><U45/><E45/><V74/><F126/><T123/><N who="0" m="31520" /><T35/><D117/><U107/><E107/><V86/><F125/><T36/><D35/><U59/><E59/><V100/><F124/><T53/><D127/><U101/><E101/><V47/><F100/><T131/><D131/><U71/><E71/><V103/><F103/><T83/><D83/><U38/><AGARI ba="0,1" hai="38,40,44,52,54,55,56,61,79,80,87,92,96,102" machi="38" ten="20,6000,1" yaku="1,1,0,1,7,1,52,1,54,1,53,0" doraHai="58" doraHaiUra="118" who="1" fromWho="1" sc="443,-20,236,70,361,-40,0,0" owari="423,37.0,306,-29.0,321,-8.0,0,0.0" /></mjloggm>