<mjloggm ver="2.3"><GO type="169" lobby="0"/><UN n0="%E3%83%8E%E3%82%AA%E3%83%81%E3%83%A3%E3%83%99%E3%82%B9" n1="%E3%81%A1%E3%82%87%E3%82%8A%E3%81%8A" n2="%42%72%42%61" n3="%E3%82%B7%E3%83%A7%E3%83%BC%E3%83%88%E4%B9%85%E6%85%88" dan="16,18,16,16" rate="2097.52,2227.17,2142.10,2042.18" sx="M,M,M,F"/><TAIKYOKU oya="0"/><INIT seed="0,0,0,2,0,97" ten="250,250,250,250" oya="0" hai0="62,60,94,36,126,79,77,93,81,55,38,72,108" hai1="8,86,64,1,134,34,5,7,19,130,99,27,13" hai2="41,125,100,24,54,15,118,131,12,59,66,68,90" hai3="75,91,82,98,58,83,67,69,84,128,65,39,80"/><T29/><D126/><U61/><E130/><V117/><F125/><W95/><G39/><T71/><D108/><U85/><E134/><V20/><F131/><W116/><G128/><T48/><D29/><U63/><E61/><V120/><F120/><W18/><G116/><T30/><D30/><U70/><E7/><V51/><F41/><W42/><G42/><T16/><D77/><U105/><E1/><V49/><F49/><W6/><G6/><T106/><D106/><U133/><E133/><V14/><F90/><W113/><G113/><T89/><D94/><U2/><E2/><V53/><F53/><W17/><G69/><T92/><D93/><U76/><E76/><V52/><F54/><W47/><G47/><T111/><D111/><U31/><REACH who="1" step="1"/><E5/><REACH who="1" ten="250,240,250,250" step="2"/><V37/><F117/><W25/><G67/><T28/><D62/><U88/><E88/><V112/><F118/><W114/><G65/><T103/><D60/><U110/><E110/><V73/><F66/><W35/><G91/><T129/><D129/><U10/><E10/><V0/><F68/><W78/><G78/><T122/><D71/><U109/><E109/><V124/><F0/><W32/><G58/><T26/><D89/><U132/><E132/><V127/><F127/><W22/><G80/><T56/><D122/><U96/><E96/><V44/><F59/><W74/><G83/><T46/><D56/><U9/><E9/><V23/><F124/><W119/><G82/><T115/><D79/><U43/><E43/><V40/><F40/><W57/><G57/><N who="0" m="32999" /><D81/><U102/><AGARI ba="0,1" hai="8,13,19,27,31,34,63,64,70,85,86,99,102,105" machi="102" ten="30,8000,1" yaku="1,1,0,1,25,2,52,1,53,0" doraHai="97" doraHaiUra="50" who="1" fromWho="1" sc="250,-40,240,90,250,-20,250,-20" /><INIT seed="1,0,0,4,1,10" ten="210,330,230,230" oya="1" hai0="105,130,20,61,109,19,94,1,33,124,2,134,15" hai1="86,118,108,72,16,110,91,90,78,131,123,128,54" hai2="11,22,0,89,76,114,95,23,45,107,68,42,125" hai3="103,66,25,7,27,12,5,6,30,71,100,113,80"/><U64/><E64/><V26/><F125/><W48/><G113/><T24/><D105/><U59/><E123/><V82/><F114/><W69/><G80/><T35/><D94/><U38/><E38/><V46/><F107/><W18/><G48/><T40/><D40/><U49/><E72/><V73/><F68/><W77/><G77/><T106/><D106/><U135/><E118/><V31/><F23/><W51/><G51/><T8/><D61/><U53/><E53/><V121/><F121/><W101/><G66/><T39/><D39/><U84/><E135/><V28/><F28/><W21/><REACH who="3" step="1"/><G27/><REACH who="3" ten="210,330,230,220" step="2"/><T104/><D104/><U87/><E78/><V74/><F74/><W133/><G133/><T67/><D67/><U9/><E91/><V14/><F42/><W115/><G115/><T85/><D134/><U60/><E90/><V126/><F126/><W122/><G122/><T32/><D124/><U88/><E88/><V43/><F43/><W41/><G41/><T117/><D117/><U129/><E49/><V75/><F75/><W44/><G44/><T50/><D50/><U98/><E98/><V70/><F46/><W47/><G47/><T127/><D85/><U96/><E96/><N who="2" m="57455" /><F45/><W62/><G62/><T97/><D97/><U52/><E54/><V81/><F81/><W34/><AGARI ba="0,1" hai="5,6,7,12,18,21,25,30,34,69,71,100,101,103" machi="34" ten="30,4000,0" yaku="1,1,0,1,52,1,53,0" doraHai="10" doraHaiUra="37" who="3" fromWho="3" sc="210,-10,330,-20,230,-10,220,50" /><INIT seed="2,0,0,4,2,40" ten="200,310,220,270" oya="2" hai0="76,90,77,49,124,106,110,104,11,73,38,22,4" hai1="36,64,129,101,127,133,20,13,94,55,114,87,27" hai2="111,68,6,0,5,100,10,47,57,62,95,128,25" hai3="83,113,80,28,18,125,107,58,85,3,135,16,34"/><V24/><F128/><W45/><G107/><T105/><D38/><U119/><E119/><V67/><F68/><W112/><G3/><T1/><D73/><U123/><E114/><V14/><F0/><W43/><G135/><T21/><D110/><U39/><E129/><V96/><F111/><W48/><G125/><T33/><D33/><U132/><E127/><V52/><F5/><W82/><G85/><T31/><D124/><U23/><E64/><V99/><F99/><W131/><G131/><T74/><D90/><U116/><E116/><V44/><F67/><W117/><G117/><T32/><D74/><U29/><E123/><V50/><REACH who="2" step="1"/><F47/><REACH who="2" ten="200,310,210,270" step="2"/><W84/><G112/><T97/><D97/><N who="1" m="59575" /><E133/><V37/><F37/><W56/><G113/><T60/><D4/><U8/><E39/><V126/><F126/><W65/><G65/><T93/><D1/><U115/><E36/><V69/><F69/><W54/><G84/><T103/><D106/><U2/><E2/><V121/><F121/><W98/><G98/><T122/><D105/><U66/><E66/><V17/><F17/><W120/><G120/><T12/><D104/><U75/><E75/><V88/><F88/><W108/><G108/><T35/><D122/><U41/><E132/><V79/><F79/><W78/><G78/><T134/><D77/><U9/><E87/><V118/><F118/><W86/><G86/><T63/><D76/><U89/><E89/><V51/><F51/><W19/><G19/><T30/><D134/><U70/><E115/><V72/><F72/><W130/><G130/><T61/><D103/><RYUUKYOKU ba="0,1" sc="200,-10,310,-10,210,30,270,-10" hai2="6,10,14,24,25,44,50,52,57,62,95,96,100" /><INIT seed="2,1,1,4,1,90" ten="190,300,240,260" oya="2" hai0="13,67,79,0,128,94,107,104,45,47,10,101,32" hai1="116,61,62,37,66,63,123,42,17,82,21,40,106" hai2="1,64,126,12,124,75,95,105,22,11,30,38,18" hai3="120,119,70,54,16,88,122,69,112,73,3,20,132"/><V130/><F105/><W24/><G119/><T25/><D0/><U2/><E116/><V7/><F38/><W87/><G73/><T52/><D79/><U127/><E2/><V29/><F75/><W77/><G77/><T33/><D67/><U121/><E106/><V44/><F64/><W80/><G3/><T99/><D128/><U110/><E110/><V85/><F44/><W27/><G132/><T68/><D68/><U117/><E117/><V41/><F41/><N who="1" m="15977" /><E82/><V76/><F130/><W89/><G112/><T97/><D107/><U57/><E37/><V48/><F48/><W60/><G27/><T133/><D133/><U134/><E134/><V118/><F76/><W108/><G108/><T46/><D25/><N who="1" m="14511" /><E127/><N who="2" m="48683" /><F118/><W14/><G70/><T28/><D28/><N who="2" m="10858" /><F85/><W98/><G69/><T26/><D26/><U51/><E51/><V23/><F95/><N who="3" m="56687" /><G14/><T19/><REACH who="0" step="1"/><D52/><REACH who="0" ten="180,300,240,260" step="2"/><U129/><E129/><V53/><F53/><W72/><G72/><T93/><D93/><U111/><E66/><V113/><F113/><W65/><G65/><T125/><D125/><U34/><E111/><V43/><F43/><W96/><G122/><N who="1" m="46602" /><E57/><V135/><F135/><W100/><G120/><T15/><D15/><U50/><E50/><V31/><F31/><W102/><G54/><T35/><D35/><AGARI ba="1,2" hai="34,35,61,62,63" m="46602,14511,15977" machi="35" ten="40,1300,0" yaku="13,1" doraHai="90" who="1" fromWho="0" sc="180,-16,300,36,240,0,260,0" /><INIT seed="3,0,0,4,3,30" ten="164,336,240,260" oya="3" hai0="130,111,29,64,19,28,16,45,109,80,113,35,61" hai1="82,76,49,117,63,2,65,55,67,6,33,13,96" hai2="119,31,7,112,118,125,1,56,134,14,70,132,91" hai3="42,66,102,15,8,120,104,71,51,58,20,34,122"/><W84/><G20/><T22/><D130/><U74/><E117/><N who="2" m="44555" /><F70/><W89/><G71/><T18/><D113/><U24/><E2/><V129/><F91/><W50/><G104/><T87/><D45/><U95/><E6/><V47/><F47/><W107/><G107/><T68/><D22/><U106/><E106/><V85/><F85/><W100/><G51/><T94/><D94/><U83/><E82/><V4/><F56/><W116/><G116/><T92/><D92/><U26/><E13/><V37/><F37/><W38/><G38/><T3/><D3/><U52/><E55/><V77/><F77/><W69/><G69/><T48/><D48/><U78/><E78/><V97/><F97/><W73/><G73/><T79/><REACH who="0" step="1"/><D35/><REACH who="0" ten="154,336,240,260" step="2"/><U75/><E33/><V39/><F112/><W5/><G34/><T59/><D59/><U25/><E95/><V86/><F129/><W105/><G105/><T123/><D123/><U40/><E40/><V99/><F1/><W12/><G120/><T88/><D88/><U121/><E121/><V131/><F131/><W60/><G42/><T53/><D53/><U0/><E0/><V21/><F21/><W115/><G50/><T11/><D11/><U62/><E49/><V54/><F54/><W93/><G115/><T114/><D114/><U110/><E52/><V17/><F39/><W133/><G122/><T46/><D46/><U135/><E67/><V108/><F99/><W57/><G57/><T44/><D44/><U101/><E65/><V36/><F36/><W32/><G32/><T10/><D10/><U23/><E96/><RYUUKYOKU ba="0,1" sc="154,30,336,-10,240,-10,260,-10" hai0="16,18,19,28,29,61,64,68,79,80,87,109,111" /><INIT seed="4,1,1,3,1,135" ten="184,326,230,250" oya="0" hai0="60,15,114,87,96,8,117,124,95,110,50,116,53" hai1="9,79,36,99,101,107,98,102,132,125,111,57,131" hai2="61,67,80,128,28,25,113,104,92,42,19,122,120" hai3="3,118,20,55,66,45,119,65,127,85,126,68,38"/><T5/><D114/><U26/><E111/><V76/><F113/><W103/><G3/><T35/><D35/><U56/><E36/><V34/><F128/><W94/><G20/><T106/><D110/><U4/><E131/><V37/><F19/><W18/><G18/><T58/><D106/><U41/><E41/><V81/><F92/><W13/><G13/><T121/><D121/><U2/><E79/><V48/><F48/><N who="3" m="29071" /><G85/><T59/><D87/><U129/><E129/><V82/><F104/><W7/><G7/><T78/><D78/><U22/><E132/><V51/><F51/><W115/><G115/><T16/><D5/><U33/><E33/><V70/><F76/><W75/><G75/><T100/><REACH who="0" step="1"/><D124/><REACH who="0" ten="174,326,230,250" step="2"/><U74/><E125/><V40/><REACH who="2" step="1"/><F37/><REACH who="2" ten="174,326,220,250" step="2"/><W112/><G38/><T83/><D83/><U30/><E74/><V10/><F10/><W12/><G126/><T133/><D133/><U32/><E32/><V69/><F69/><W89/><G68/><T52/><AGARI ba="1,3" hai="8,15,16,50,52,53,58,59,60,95,96,100,116,117" machi="52" ten="20,18000,2" yaku="1,1,0,1,7,1,54,2,53,1" doraHai="135" doraHaiUra="44" who="0" fromWho="0" sc="174,213,326,-61,220,-61,250,-61" /><INIT seed="4,2,0,1,0,30" ten="387,265,159,189" oya="0" hai0="93,82,47,7,125,5,131,77,115,42,94,52,89" hai1="55,59,64,24,4,86,78,26,33,8,39,91,71" hai2="41,118,37,65,22,21,48,117,34,27,56,13,108" hai3="11,23,50,74,63,124,123,18,12,133,127,46,128"/><T107/><D107/><U60/><E78/><V6/><F108/><W111/><G111/><T54/><D115/><U35/><E24/><V121/><F121/><W99/><G74/><T25/><D25/><U110/><E26/><V96/><F37/><W76/><G76/><T116/><D116/><N who="2" m="44650" /><F96/><W87/><G87/><T51/><D125/><U92/><E39/><V1/><F65/><W70/><G123/><T38/><D131/><U36/><E36/><V14/><F56/><W73/><G73/><T57/><D54/><U10/><E110/><V53/><F53/><W32/><G99/><T102/><D102/><U120/><E120/><V28/><F48/><W66/><G128/><T97/><REACH who="0" step="1"/><D94/><REACH who="0" ten="377,265,159,189" step="2"/><U9/><REACH who="1" step="1"/><E4/><REACH who="1" ten="377,255,159,189" step="2"/><V119/><F119/><W43/><G127/><T15/><D15/><N who="2" m="5642" /><F41/><W45/><G124/><T0/><D0/><U2/><E2/><V17/><F17/><W101/><G18/><T106/><D106/><U95/><E95/><V109/><F109/><W44/><G43/><T58/><D58/><U16/><E16/><V79/><F79/><W114/><G12/><T75/><AGARI ba="2,2" hai="5,7,38,42,47,51,52,57,75,77,82,89,93,97" machi="75" ten="20,7800,0" yaku="1,1,0,1,7,1,54,1,53,0" doraHai="30" doraHaiUra="132" who="0" fromWho="0" sc="377,104,255,-28,159,-28,189,-28" /><INIT seed="4,3,0,4,3,102" ten="481,227,131,161" oya="0" hai0="7,74,113,58,48,115,77,79,91,64,122,118,111" hai1="126,121,99,9,65,78,44,40,75,117,93,36,22" hai2="45,114,89,103,110,133,132,1,90,70,38,85,59" hai3="112,32,21,51,29,14,135,52,34,15,60,80,123"/><T82/><D118/><U87/><E121/><V76/><F110/><W35/><G112/><T55/><D122/><U134/><E117/><V119/><F114/><N who="0" m="43530" /><D111/><U19/><E75/><V54/><F119/><W106/><G123/><T125/><D125/><U101/><E134/><V2/><F70/><W97/><G135/><N who="2" m="51785" /><F103/><W105/><G97/><T37/><D37/><U6/><E65/><V130/><F130/><W98/><G98/><T47/><D7/><U4/><E9/><V66/><F66/><W124/><G60/><N who="0" m="37911" /><D79/><U33/><E33/><V73/><F76/><W16/><G80/><T128/><D91/><U10/><E126/><V120/><F90/><W12/><G29/><T30/><D30/><U68/><E68/><V107/><F107/><W61/><G61/><T3/><D3/><U56/><E78/><V11/><F120/><W62/><G62/><T86/><D128/><U42/><E36/><V109/><F109/><W25/><REACH who="3" step="1"/><G124/><REACH who="3" ten="481,227,131,151" step="2"/><T5/><D5/><U24/><E4/><V20/><F73/><AGARI ba="3,1" hai="47,48,55,73,74,77,82,86" m="37911,43530" machi="73" ten="30,1500,0" yaku="15,1" doraHai="102" who="0" fromWho="2" sc="481,34,227,0,131,-24,151,0" /><INIT seed="4,4,0,0,5,75" ten="515,227,107,151" oya="0" hai0="96,114,106,68,115,29,1,120,39,3,17,135,4" hai1="89,64,121,81,103,73,7,116,70,10,60,134,11" hai2="87,86,84,15,126,72,18,128,9,19,78,74,125" hai3="51,104,36,130,124,0,28,34,21,20,79,37,112"/><T32/><D96/><U129/><E121/><V119/><F128/><W59/><G104/><T80/><D80/><U40/><E116/><V41/><F119/><W5/><G130/><T113/><D39/><U95/><E129/><V92/><F41/><W23/><G112/><T30/><D68/><U2/><E134/><V88/><F19/><W122/><G124/><N who="2" m="47721" /><F74/><W46/><G59/><T63/><D63/><U132/><E132/><V107/><F107/><W105/><G105/><T61/><D61/><U82/><E103/><V6/><F6/><W118/><G122/><T14/><D106/><U76/><E40/><V93/><F93/><W131/><G118/><T26/><D135/><U85/><E11/><V13/><F13/><W66/><G66/><T53/><D53/><U16/><E16/><V108/><F108/><W56/><G56/><T44/><D44/><U83/><AGARI ba="4,0" hai="2,7,10,60,64,70,73,76,81,82,83,85,89,95" machi="83" ten="30,2000,0" yaku="0,1,52,1" doraHai="75" who="1" fromWho="1" sc="515,-14,227,32,107,-9,151,-9" /><INIT seed="5,0,0,3,3,54" ten="501,259,98,142" oya="1" hai0="115,53,85,60,66,94,73,125,110,107,108,124,24" hai1="78,106,19,80,102,26,98,89,130,75,82,16,72" hai2="2,69,129,37,12,61,1,120,91,114,133,42,56" hai3="109,8,29,35,43,11,13,9,38,3,93,92,34"/><U84/><E130/><V5/><F120/><W86/><G38/><T63/><D107/><U45/><E72/><V104/><F129/><W17/><G43/><T64/><D73/><U40/><REACH who="1" step="1"/><E26/><REACH who="1" ten="501,249,98,142" step="2"/><V25/><F25/><W132/><G3/><T95/><D24/><U0/><E0/><V103/><F1/><W79/><G35/><T101/><D125/><U39/><AGARI ba="0,1" hai="16,19,39,40,45,75,78,80,82,84,89,98,102,106" machi="39" ten="20,7800,0" yaku="1,1,0,1,7,1,54,1,53,0" doraHai="54" doraHaiUra="88" who="1" fromWho="1" sc="501,-26,249,88,98,-26,142,-26" /><INIT seed="5,1,0,1,3,62" ten="475,337,72,116" oya="1" hai0="128,51,131,35,84,102,125,15,135,78,17,56,61" hai1="133,47,59,19,88,13,97,76,28,121,64,36,6" hai2="113,73,9,116,115,75,103,3,93,66,27,112,0" hai3="106,118,60,20,11,2,123,67,86,26,117,72,127"/><U50/><E121/><V83/><F116/><W77/><G106/><T18/><D35/><U134/><E36/><V24/><F83/><W85/><G123/><T58/><D102/><U45/><E76/><V41/><F41/><W7/><G72/><N who="2" m="27721" /><F103/><W124/><G86/><T34/><D34/><U95/><E28/><V74/><N who="2" m="27729" /><V111/><DORA hai="29" /><F93/><W129/><G129/><N who="0" m="49739" /><D125/><N who="3" m="48201" /><G85/><T92/><D135/><N who="1" m="51723" /><E6/><V130/><F130/><W14/><G2/><N who="2" m="553" /><F111/><W5/><G77/><T23/><D18/><U39/><E39/><V31/><F9/><W46/><G46/><T55/><D78/><U107/><E107/><V70/><F31/><N who="3" m="17863" /><G7/><T33/><D33/><U105/><E105/><V101/><F101/><W65/><G60/><AGARI ba="1,0" hai="24,27,60,66,70,112,113,115" m="553,27729" machi="60" ten="50,6400,0" yaku="15,1,11,1,52,1" doraHai="62,29" who="2" fromWho="3" sc="475,0,337,0,72,67,116,-67" /><INIT seed="6,0,0,4,4,97" ten="475,337,139,49" oya="2" hai0="107,110,74,75,42,56,27,115,55,61,41,44,57" hai1="83,81,106,16,123,80,114,49,26,51,11,133,113" hai2="36,45,23,76,59,67,0,5,28,66,117,103,77" hai3="31,134,1,3,82,125,109,112,105,89,30,53,7"/><V120/><F120/><W6/><G105/><T128/><D110/><U100/><E133/><V87/><F117/><W60/><G60/><T95/><D107/><U39/><E39/><V65/><F0/><W62/><G62/><T94/><D27/><U129/><E123/><V35/><F5/><W19/><G82/><T84/><D61/><U102/><E106/><V101/><F35/><W63/><G63/><T43/><D55/><U2/><E2/><V69/><F69/><W38/><G38/><T118/><D44/><U132/><E132/><V52/><F45/><W85/><G85/><T18/><D18/><U111/><E111/><V22/><F36/><W127/><G89/><T131/><D84/><U47/><E129/><V32/><F32/><W40/><G40/><T73/><D115/><N who="1" m="44043" /><E51/><N who="2" m="31135" /><F28/><W12/><G112/><T78/><D78/><N who="2" m="30314" /><F87/><W72/><G72/><T24/><D118/><U46/><E46/><V8/><F8/><W98/><G109/><T29/><D57/><U10/><E10/><V64/><F64/><W126/><G53/><T99/><D56/><U90/><E11/><V33/><F33/><W15/><G126/><T17/><D131/><U135/><E135/><V48/><F48/><W68/><G134/><T121/><D128/><U58/><E58/><V70/><F70/><W119/><G68/><T130/><D130/><U71/><E71/><V79/><F79/><W34/><G119/><T4/><D75/><U93/><E49/><V108/><F108/><W37/><G127/><T20/><D74/><U124/><E124/><V92/><F92/><W116/><G125/><RYUUKYOKU ba="0,0" sc="475,-10,337,-10,139,30,49,-10" hai2="22,23,65,66,67,101,103" /><INIT seed="6,1,0,4,2,114" ten="465,327,169,39" oya="2" hai0="68,134,11,76,107,27,42,130,109,26,60,128,88" hai1="72,120,4,91,86,40,89,56,36,0,90,118,69" hai2="110,101,135,29,2,93,116,37,10,133,55,105,67" hai3="122,52,8,71,34,14,33,28,113,75,87,54,48"/><V19/><F110/><W119/><G75/><T5/><D134/><N who="2" m="51210" /><F67/><W16/><G71/><T3/><D109/><U1/><E69/><V92/><F29/><W31/><G122/><T108/><D108/><U95/><E72/><V124/><F37/><W9/><G87/><T79/><D107/><U81/><E120/><V82/><F82/><W125/><G125/><T49/><D88/><U20/><E36/><V102/><F124/><W94/><G94/><N who="2" m="36457" /><F55/><W70/><G70/><T51/><D79/><U24/><E40/><V12/><F2/><W97/><G97/><T25/><D76/><U96/><E0/><V53/><F53/><W43/><G113/><T83/><D83/><U132/><E132/><V99/><F102/><W6/><G43/><T129/><D42/><U78/><E96/><V66/><F66/><AGARI ba="1,0" hai="3,5,11,25,26,27,49,51,60,66,68,128,129,130" machi="66" ten="50,1600,0" yaku="19,1" doraHai="114" who="0" fromWho="2" sc="465,19,327,0,169,-19,39,0" /><INIT seed="7,0,0,4,5,131" ten="484,327,150,39" oya="3" hai0="120,128,33,60,115,34,65,47,61,27,1,26,36" hai1="19,93,113,44,3,66,100,63,127,51,77,86,110" hai2="52,87,39,125,2,8,9,69,15,103,89,117,14" hai3="70,95,74,112,76,23,84,114,135,80,85,81,91"/><W101/><G70/><T105/><D1/><U64/><E3/><V32/><F117/><W130/><G130/><T106/><D128/><U71/><E110/><V109/><F109/><W90/><G23/><T42/><D120/><U6/><E6/><V28/><F125/><W43/><G43/><T133/><D115/><U104/><E104/><V24/><F39/><W94/><G135/><T111/><D133/><U119/><E113/><N who="3" m="43626" /><G101/><T116/><D116/><U99/><E127/><V123/><F103/><W49/><G49/><T124/><D111/><U97/><E97/><V10/><F123/><W37/><G37/><T40/><D124/><U73/><E73/><V118/><F118/><W88/><G80/><T121/><D121/><U79/><E119/><V107/><F107/><W38/><G38/><T29/><D42/><U18/><E66/><V35/><F35/><W59/><G59/><T55/><D55/><U129/><E129/><V132/><F132/><W82/><G74/><T7/><D7/><U12/><E86/><N who="3" m="33386" /><G76/><T50/><D50/><U41/><E19/><V68/><F2/><W102/><G102/><T83/><D83/><N who="3" m="31753" /><G94/><T72/><D61/><U57/><E71/><V98/><F69/><W5/><G5/><T30/><D72/><U67/><E64/><V11/><F68/><AGARI ba="0,0" hai="26,27,29,30,33,34,36,40,47,60,65,68,105,106" machi="68" ten="30,8000,1" yaku="7,1,9,1,33,3" doraHai="131" who="0" fromWho="2" sc="484,80,327,0,150,-80,39,0" owari="564,66.0,327,13.0,70,-33.0,39,-46.0" /></mjloggm>