<mjloggm ver="2.3"><GO type="185" lobby="0"/><UN n0="%E3%82%B5%E3%83%B3%E3%83%9E%E6%BC%81%E5%B8%AB%4B" n1="%28%C2%B4%E3%81%B8%CE%B5%E3%81%B8%60%29" n2="%E5%86%AC%E6%A8%B9%E3%82%A4%E3%83%B4" n3="" dan="17,20,16,0" rate="2256.71,2414.79,2168.06,1500.00" sx="M,M,F,C"/><TAIKYOKU oya="0"/><INIT seed="0,0,0,3,5,42" ten="350,350,350,0" oya="0" hai0="95,85,64,84,130,86,93,128,122,113,116,79,98" hai1="74,103,37,49,60,129,45,108,56,43,41,77,40" hai2="123,106,97,102,48,124,44,92,36,118,66,63,34" hai3=""/><T110/><N who="0" m="31264" /><T59/><D116/><U32/><E32/><V2/><N who="2" m="31520" /><V78/><F34/><T3/><D3/><U69/><E108/><V76/><F2/><T46/><D110/><U134/><E129/><N who="0" m="49769" /><D113/><U96/><E134/><V73/><F118/><T131/><N who="0" m="49777" /><T80/><DORA hai="52" /><D46/><U71/><E77/><V105/><F36/><T68/><D68/><U54/><E74/><V101/><F73/><T117/><D117/><U61/><E60/><V126/><F78/><T1/><D1/><U125/><E125/><N who="2" m="48235" /><F102/><T47/><D47/><U67/><REACH who="1" step="1"/><E69/><REACH who="1" ten="350,340,350,0" step="2"/><V88/><F76/><T135/><D135/><U0/><E0/><V58/><F101/><T119/><D119/><U57/><E57/><V82/><F82/><T72/><D59/><U35/><E35/><V55/><AGARI ba="0,1" hai="44,48,55,58,63,66,88,92,97,105,106" m="48235,31520" machi="55" ten="30,6000,1" yaku="18,1,52,3,54,1" doraHai="42,52" who="2" fromWho="2" sc="350,-40,340,-20,350,70,0,0" /><INIT seed="1,0,0,5,5,45" ten="310,320,420,0" oya="1" hai0="96,102,95,63,43,46,84,67,126,71,128,92,114" hai1="91,120,40,106,122,61,50,77,130,111,93,81,76" hai2="133,65,99,49,134,53,125,101,116,2,135,117,118" hai3=""/><U131/><N who="1" m="30752" /><U68/><N who="1" m="31264" /><U57/><E106/><V83/><F2/><T38/><D128/><N who="1" m="49195" /><E68/><V107/><F125/><T33/><D126/><U1/><E1/><V39/><F39/><T82/><D33/><U37/><E37/><V0/><F0/><T115/><REACH who="0" step="1"/><D95/><REACH who="0" ten="300,320,420,0" step="2"/><U59/><E111/><V35/><F35/><T48/><D48/><U41/><E50/><V72/><F49/><T132/><D132/><U75/><E77/><AGARI ba="0,1" hai="38,43,46,63,67,71,77,82,84,92,96,102,114,115" machi="77" ten="30,2000,0" yaku="1,1,7,1,53,0" doraHai="45" doraHaiUra="113" who="0" fromWho="1" sc="300,30,320,-20,420,0,0,0" /><INIT seed="2,0,0,2,0,116" ten="330,300,420,0" oya="2" hai0="75,3,53,130,56,80,107,57,92,60,73,89,55" hai1="62,1,70,101,128,134,113,122,51,33,63,112,114" hai2="99,59,49,96,65,133,58,106,105,119,110,97,121" hai3=""/><V79/><N who="2" m="31008" /><V111/><F119/><T104/><D130/><U0/><N who="1" m="31264" /><U2/><E33/><V126/><F126/><T81/><D3/><U54/><E128/><V69/><F79/><T41/><D41/><U84/><E134/><V52/><F133/><T100/><D100/><U78/><E101/><V35/><F35/><T120/><N who="0" m="30752" /><T124/><D124/><U129/><E129/><V36/><F36/><T67/><D67/><U32/><E32/><V93/><F93/><T85/><D81/><U48/><E70/><V115/><F115/><T68/><D68/><U38/><E38/><V109/><F69/><T83/><D83/><U87/><E78/><V45/><REACH who="2" step="1"/><F65/><REACH who="2" ten="330,300,410,0" step="2"/><T90/><D107/><AGARI ba="0,1" hai="45,49,52,58,59,96,97,99,105,106,107,109,110,111" m="31008" machi="107" ten="50,24000,3" yaku="1,1,2,1,14,1,10,1,52,2,54,1,53,3" doraHai="116" doraHaiUra="123" who="2" fromWho="0" sc="330,-240,300,0,410,250,0,0" /><INIT seed="2,1,0,3,4,57" ten="90,300,660,0" oya="2" hai0="2,56,43,115,41,110,38,62,34,78,88,123,79" hai1="46,117,59,101,0,36,90,74,39,64,106,120,111" hai2="75,121,119,124,109,129,37,55,132,98,32,85,67" hai3=""/><V96/><RYUUKYOKU type="yao9" ba="1,0" sc="90,0,300,0,660,0,0,0" hai2="32,37,55,67,75,85,96,98,109,119,121,124,129,132" /><INIT seed="2,2,0,5,3,63" ten="90,300,660,0" oya="2" hai0="45,67,124,93,111,51,107,122,114,101,99,106,135" hai1="112,134,53,98,43,42,61,47,55,54,85,74,104" hai2="81,133,50,52,0,128,33,94,92,89,131,105,117" hai3=""/><V126/><F117/><T108/><N who="0" m="31264" /><T39/><D39/><U73/><E112/><V123/><N who="2" m="31520" /><V118/><F118/><T86/><D114/><U110/><E110/><V41/><F105/><T65/><D135/><U115/><E115/><V78/><F33/><T119/><D119/><U62/><E134/><V76/><F133/><T64/><D124/><U103/><E61/><V120/><N who="2" m="30752" /><V77/><F41/><T3/><D3/><U127/><E127/><V83/><F0/><T57/><D57/><U56/><E43/><V132/><F132/><T96/><D86/><U129/><E85/><V59/><F126/><T100/><D93/><N who="2" m="35946" /><F89/><T60/><D60/><U97/><E62/><V95/><F95/><T125/><D125/><U80/><E104/><V91/><F91/><T79/><D79/><U2/><E2/><V36/><F36/><T68/><D68/><U87/><E97/><V71/><F71/><T37/><D37/><U84/><E98/><V46/><F59/><T88/><D88/><U121/><E56/><V58/><F58/><T69/><D69/><U44/><E54/><AGARI ba="2,0" hai="45,51,54,64,65,67,96,99,100,101,106,107,108,111" m="31264" machi="54" ten="40,8000,1" yaku="9,1,52,4" doraHai="63" who="0" fromWho="1" sc="90,84,300,-84,660,0,0,0" /><INIT seed="4,0,0,3,2,91" ten="174,216,660,0" oya="0" hai0="3,50,40,1,127,110,128,84,105,43,120,95,126" hai1="108,89,123,45,115,117,104,77,41,54,103,51,124" hai2="113,62,47,42,94,58,60,83,133,88,35,0,39" hai3=""/><T102/><N who="0" m="30752" /><T85/><D105/><U37/><N who="1" m="31520" /><U55/><E108/><V71/><F0/><N who="0" m="74" /><D50/><U86/><E117/><V73/><F35/><T44/><D44/><U53/><E104/><V38/><F71/><T36/><D36/><U70/><E70/><V52/><F113/><T131/><D110/><U134/><E115/><V61/><F133/><T100/><D95/><U48/><E134/><V49/><F39/><T32/><D32/><U97/><E37/><V46/><F46/><T74/><D74/><U101/><E48/><V92/><F73/><T98/><D98/><U82/><E51/><V75/><F75/><T64/><D64/><U93/><E45/><V34/><F34/><T111/><D111/><U78/><E41/><N who="0" m="15945" /><D84/><U107/><E107/><V121/><N who="2" m="31008" /><V33/><F33/><T129/><D85/><U109/><E109/><V2/><F2/><T118/><D118/><U81/><E86/><V80/><F94/><T132/><D132/><U79/><E93/><V135/><F135/><T57/><D57/><U68/><E68/><V59/><F59/><T125/><AGARI ba="0,0" hai="100,102,125,126,127,128,129,131" m="15945,74,30752" machi="125" ten="50,8000,1" yaku="28,2,18,1,19,1,52,1" doraHai="91" who="0" fromWho="0" sc="174,80,216,-40,660,-40,0,0" /><INIT seed="4,1,0,0,3,131" ten="254,176,620,0" oya="0" hai0="81,91,68,92,95,65,119,104,49,130,111,69,36" hai1="62,66,2,64,110,83,97,87,118,45,44,53,107" hai2="63,103,33,43,40,74,55,48,112,51,123,133,124" hai3=""/><T90/><D36/><U77/><E118/><V67/><N who="2" m="31520" /><V125/><F33/><T120/><N who="0" m="30752" /><T135/><D104/><U56/><E110/><V75/><F112/><T109/><D81/><U3/><E107/><V89/><F133/><T60/><D119/><U85/><E97/><V32/><F103/><T121/><N who="0" m="31008" /><T100/><D100/><U105/><E105/><V122/><N who="2" m="31264" /><V102/><F102/><T61/><D49/><U52/><E87/><V94/><F51/><T82/><D82/><U84/><E83/><V34/><F32/><T98/><D130/><U113/><E77/><V117/><F117/><T88/><D91/><U41/><E41/><V86/><F34/><T78/><D78/><U70/><E113/><V101/><F101/><T47/><D47/><U38/><E38/><V73/><F43/><T93/><D93/><U72/><E72/><V0/><F40/><T99/><D65/><U79/><E79/><V116/><F116/><T128/><D128/><U71/><E45/><V132/><F75/><T50/><D50/><U59/><E44/><V126/><F74/><T108/><D108/><U134/><E62/><V96/><F63/><T54/><D54/><U127/><E53/><V37/><F55/><RYUUKYOKU ba="1,0" sc="254,20,176,-10,620,-10,0,0" hai0="60,61,68,69,88,90,92,95,98,99,109,111,135" /><INIT seed="4,2,0,5,4,127" ten="274,166,610,0" oya="0" hai0="131,66,34,67,83,79,114,74,70,109,35,2,81" hai1="57,100,116,117,121,0,33,86,89,52,98,49,75" hai2="59,85,82,46,55,125,135,84,97,124,105,101,80" hai3=""/><T122/><N who="0" m="31264" /><T32/><D2/><U88/><N who="1" m="31008" /><U132/><E0/><V48/><F135/><T41/><D114/><U99/><E33/><V69/><F69/><T92/><D109/><U126/><E75/><V1/><F1/><T51/><D70/><U3/><E3/><V112/><F112/><T103/><D83/><U133/><E126/><N who="2" m="48747" /><F82/><T113/><D113/><U43/><E43/><V65/><F80/><T119/><D119/><N who="1" m="45643" /><E86/><V54/><F65/><T123/><N who="0" m="31520" /><T76/><D76/><U64/><E64/><V73/><F73/><T63/><D67/><U104/><E98/><V53/><F55/><T40/><D66/><U111/><E111/><V87/><F87/><T56/><D41/><U128/><E128/><V90/><F90/><T47/><D131/><U129/><E129/><V71/><F71/><T38/><D35/><U36/><E36/><V42/><F54/><T106/><D34/><U130/><E130/><V37/><AGARI ba="2,0" hai="37,42,46,48,53,59,84,85,97,101,105" m="48747" machi="37" ten="30,800,0" yaku="18,1" doraHai="127" who="2" fromWho="2" sc="274,-7,166,-5,610,12,0,0" /><INIT seed="5,0,0,2,5,121" ten="267,161,622,0" oya="1" hai0="85,131,93,109,99,91,84,86,72,100,98,111,32" hai1="124,62,65,102,89,61,130,45,43,0,103,60,74" hai2="63,51,48,68,90,95,88,50,69,94,44,38,82" hai3=""/><U75/><E0/><V129/><F129/><T104/><D32/><U92/><E130/><V135/><F135/><T73/><D131/><U40/><E124/><V113/><F113/><T77/><D77/><U35/><E35/><V59/><F38/><T64/><D64/><U97/><E65/><V71/><F82/><T110/><AGARI ba="0,0" hai="72,73,84,85,86,91,93,98,99,100,104,109,110,111" machi="110" ten="40,9000,2" yaku="0,1,34,3,52,3" doraHai="121" who="0" fromWho="0" sc="267,90,161,-60,622,-30,0,0" /><INIT seed="6,0,0,5,0,122" ten="357,101,592,0" oya="2" hai0="86,81,68,75,83,47,59,57,116,89,1,64,133" hai1="55,69,56,124,78,80,45,50,67,70,110,33,37" hai2="117,105,119,90,88,66,95,106,84,79,112,32,51" hai3=""/><V53/><F32/><T128/><D116/><U135/><E80/><V34/><F34/><T93/><D1/><U120/><E78/><V131/><F112/><T129/><D133/><U35/><E35/><V121/><N who="2" m="31008" /><V130/><F66/><T96/><D75/><U44/><E33/><V94/><F79/><T41/><D68/><U63/><N who="1" m="30752" /><U61/><E124/><V123/><N who="2" m="31520" /><V62/><F62/><T125/><D125/><U113/><E113/><V127/><F53/><T92/><D64/><U132/><E132/><V100/><F51/><T40/><D93/><U71/><E135/><V60/><F60/><T65/><D83/><U82/><E82/><V107/><F100/><T42/><D47/><U115/><E115/><V99/><F127/><T118/><D65/><U91/><E91/><V134/><F134/><T43/><D118/><AGARI ba="0,0" hai="84,88,90,94,95,99,105,106,107,117,118,119,130,131" m="31520,31008" machi="118" ten="50,18000,2" yaku="34,3,52,2,54,1" doraHai="122" who="2" fromWho="0" sc="357,-180,101,0,592,180,0,0" owari="177,-22.0,101,-50.0,772,72.0,0,0.0" /></mjloggm>