<mjloggm ver="2.3"><GO type="169" lobby="0"/><UN n0="%E3%81%B2%E3%81%A3%E3%81%93%E3%82%8D%32%36" n1="%E9%81%8A%E8%B5%B0" n2="%E3%82%B7%E3%83%B3%E3%83%95%E3%82%A9%E3%83%8B%E3%82%A2" n3="%E3%81%B5%E3%81%96%E3%81%91%E3%82%8B%E3%83%9F%EF%BC%81" dan="16,16,18,17" rate="2097.97,2173.41,2236.10,2108.85" sx="M,M,M,M"/><TAIKYOKU oya="0"/><INIT seed="0,0,0,0,1,24" ten="250,250,250,250" oya="0" hai0="22,104,103,20,38,19,97,51,9,34,47,110,70" hai1="91,125,56,21,39,121,17,78,67,100,61,60,53" hai2="76,4,89,14,55,52,131,50,126,33,37,40,28" hai3="81,27,116,114,112,7,109,94,65,79,74,44,83"/><T73/><D70/><U62/><E121/><V127/><F76/><W69/><G116/><T92/><D73/><U82/><E39/><V16/><F131/><W10/><G109/><T43/><D34/><U25/><E125/><N who="2" m="47627" /><F37/><W115/><G94/><T117/><D117/><U31/><E100/><V63/><F4/><W128/><G83/><T0/><D110/><U32/><E91/><V30/><F33/><W23/><G128/><T35/><D35/><U68/><E62/><V46/><F89/><W98/><G7/><T86/><D0/><U84/><REACH who="1" step="1"/><E32/><REACH who="1" ten="250,240,250,250" step="2"/><V54/><F63/><W8/><G114/><T57/><D38/><U36/><E36/><V6/><F6/><W130/><G115/><T108/><D108/><U48/><E48/><V93/><F93/><W88/><G112/><T111/><D104/><U18/><AGARI ba="0,1" hai="17,18,21,25,31,53,56,60,61,67,68,78,82,84" machi="18" ten="30,4000,0" yaku="1,1,0,1,52,1,53,0" doraHai="24" doraHaiUra="107" who="1" fromWho="1" sc="250,-20,240,50,250,-10,250,-10" /><INIT seed="1,0,0,4,5,27" ten="230,290,240,240" oya="1" hai0="50,117,63,71,45,59,47,67,52,132,92,113,108" hai1="106,48,16,40,115,10,62,68,41,90,88,22,100" hai2="19,60,53,58,107,102,21,8,128,111,57,89,104" hai3="84,18,37,87,51,116,29,99,129,3,98,131,23"/><U76/><E115/><V91/><F111/><W96/><G37/><T14/><D113/><U73/><E10/><V94/><F128/><N who="3" m="49227" /><G116/><T121/><D132/><U77/><E106/><V86/><F8/><W24/><G3/><T122/><D117/><U1/><E1/><V43/><F43/><N who="1" m="16457" /><E68/><V124/><F124/><W26/><G51/><T133/><D133/><U75/><E73/><V56/><F104/><W20/><AGARI ba="0,0" hai="18,20,23,24,26,29,84,87,96,98,99" m="49227" machi="20" ten="40,2700,0" yaku="19,1,52,1" doraHai="27" who="3" fromWho="3" sc="230,-7,290,-13,240,-7,240,27" /><INIT seed="2,0,0,2,1,42" ten="223,277,233,267" oya="2" hai0="14,18,130,135,87,71,30,119,59,88,44,51,81" hai1="15,117,2,3,12,68,28,53,125,69,38,0,26" hai2="73,108,39,93,62,79,20,77,100,9,80,102,56" hai3="95,46,86,35,6,5,61,98,57,47,24,63,90"/><V103/><F39/><W29/><G63/><T83/><D135/><U52/><E38/><V78/><F108/><W58/><G57/><T106/><D106/><U120/><E117/><V124/><F124/><W75/><G75/><T107/><D107/><U31/><E125/><V96/><F9/><W48/><G48/><T82/><D71/><U72/><E72/><V65/><REACH who="2" step="1"/><F20/><REACH who="2" ten="223,277,223,267" step="2"/><W116/><G116/><T101/><D119/><U11/><E11/><V49/><F49/><W21/><G35/><T128/><D130/><U70/><E120/><V41/><F41/><W25/><G21/><T7/><D128/><U27/><E31/><V94/><F94/><W16/><G29/><T105/><D30/><U67/><E28/><V84/><F84/><W132/><G86/><T111/><D111/><U50/><E50/><V1/><F1/><W110/><G110/><T74/><D74/><U45/><E3/><V104/><F104/><W55/><G132/><T37/><D37/><U123/><E123/><V122/><F122/><W109/><G109/><T32/><D32/><U126/><E126/><V40/><F40/><W118/><G118/><T99/><D87/><U22/><E22/><V112/><F112/><W133/><G133/><T131/><D105/><U54/><E2/><V114/><F114/><W91/><G95/><T4/><D131/><U23/><E0/><V64/><F64/><W127/><G127/><T19/><D51/><N who="1" m="28783" /><E67/><V33/><F33/><W115/><G115/><T97/><D97/><U34/><E34/><V92/><F92/><W113/><G113/><T85/><D99/><RYUUKYOKU ba="0,1" sc="223,-10,277,-10,223,30,267,-10" hai2="56,62,65,73,77,78,79,80,93,96,100,102,103" /><INIT seed="2,1,1,0,1,101" ten="213,267,253,257" oya="2" hai0="57,86,90,11,67,88,120,39,53,4,25,21,75" hai1="97,58,54,71,78,128,8,105,12,92,29,15,84" hai2="18,107,83,13,123,51,77,119,20,50,5,47,6" hai3="125,121,117,62,135,93,106,31,118,102,28,110,100"/><V7/><F119/><W111/><G121/><T73/><D39/><U76/><E71/><V132/><F123/><W44/><G93/><T43/><D43/><U79/><E128/><V61/><F132/><W59/><G135/><T66/><D120/><U116/><E116/><N who="3" m="44650" /><G44/><T112/><D90/><N who="1" m="55447" /><E105/><V33/><F33/><W3/><G3/><T80/><D112/><U81/><E29/><N who="3" m="11338" /><G106/><T69/><D69/><U16/><E15/><V40/><F61/><AGARI ba="1,1" hai="8,12,16,54,58,61,76,78,79,81,84" m="55447" machi="61" ten="30,2000,0" yaku="8,1,54,1" doraHai="101" who="1" fromWho="2" sc="213,0,267,33,253,-23,257,0" /><INIT seed="3,0,0,0,3,121" ten="213,300,230,257" oya="3" hai0="87,84,42,95,28,7,3,12,23,39,37,89,4" hai1="36,45,41,70,96,126,60,65,94,44,125,115,88" hai2="25,14,134,81,80,127,72,51,68,20,59,22,40" hai3="13,61,92,73,111,49,79,8,53,104,66,47,117"/><W43/><G104/><T10/><D4/><U38/><REACH who="1" step="1"/><E115/><REACH who="1" ten="213,290,230,257" step="2"/><V2/><F134/><W124/><G117/><T17/><D42/><AGARI ba="0,1" hai="36,38,41,42,44,45,60,65,70,88,94,96,125,126" machi="42" ten="40,8000,1" yaku="21,2,2,1,9,1,54,1,53,0" doraHai="121" doraHaiUra="98" who="1" fromWho="0" sc="213,-80,290,90,230,0,257,0" /><INIT seed="4,0,0,0,3,97" ten="133,380,230,257" oya="0" hai0="0,44,108,27,46,129,41,112,63,19,26,134,12" hai1="8,31,87,66,15,88,51,34,98,70,17,94,133" hai2="85,52,4,28,105,14,126,49,95,32,75,11,1" hai3="62,58,67,92,36,81,79,61,120,64,30,103,93"/><T100/><D112/><U76/><E133/><V132/><F75/><W115/><G115/><T74/><D134/><U43/><E34/><V101/><F132/><W13/><G36/><T113/><D74/><U91/><E31/><V135/><F135/><W59/><G120/><T24/><D113/><U116/><E116/><V125/><F1/><W5/><G30/><T60/><D108/><U65/><E70/><V117/><F117/><W109/><G109/><T131/><D0/><U124/><E76/><V114/><F114/><W72/><G103/><T21/><D100/><U54/><E43/><V37/><F37/><W23/><G23/><T86/><D86/><U25/><E25/><V56/><F105/><W38/><G38/><T111/><D111/><U130/><E124/><V50/><F50/><W106/><G106/><T16/><D41/><U89/><E130/><N who="0" m="49673" /><D19/><U82/><E91/><V9/><F9/><AGARI ba="0,0" hai="5,9,13,58,59,61,62,64,67,72,79,81,92,93" machi="9" ten="40,1300,0" yaku="9,1" doraHai="97" who="3" fromWho="2" sc="133,0,380,0,230,-13,257,13" /><INIT seed="5,0,0,3,4,102" ten="133,380,217,270" oya="1" hai0="17,132,23,83,58,20,65,106,59,66,24,107,81" hai1="41,7,0,86,76,56,85,118,69,46,50,100,88" hai2="4,71,115,93,31,99,97,116,103,96,129,19,12" hai3="33,121,101,5,134,35,75,82,70,87,127,51,111"/><U44/><E118/><V90/><F116/><W104/><G51/><T21/><D17/><U29/><E69/><V117/><F117/><W61/><G121/><T110/><D110/><U73/><E73/><V40/><F71/><W26/><G111/><T89/><D89/><U3/><E100/><V10/><F129/><W37/><G5/><T74/><D74/><U120/><E120/><V122/><F122/><W30/><G134/><T1/><D1/><U53/><E29/><V95/><F115/><W67/><G127/><T28/><D28/><U109/><E109/><V45/><F31/><W91/><G37/><T124/><D124/><U114/><E114/><V63/><F63/><W80/><G75/><T79/><D79/><U2/><E76/><V39/><F4/><W15/><G15/><T49/><D49/><U62/><E85/><AGARI ba="0,0" hai="10,12,19,39,40,45,85,90,93,95,96,97,99,103" machi="85" ten="30,1000,0" yaku="7,1" doraHai="102" who="2" fromWho="1" sc="133,0,380,-10,217,10,270,0" /><INIT seed="6,0,0,3,4,134" ten="133,370,227,270" oya="2" hai0="68,20,11,6,105,101,28,61,18,43,29,124,111" hai1="50,86,16,12,13,44,94,8,91,27,49,54,47" hai2="128,40,45,100,119,75,39,79,132,63,34,65,33" hai3="52,84,35,38,64,37,131,55,102,82,3,89,22"/><V32/><F132/><W106/><G35/><T121/><D111/><U99/><E27/><V2/><F119/><W90/><G3/><T9/><D121/><U72/><E72/><V81/><F128/><W125/><G64/><T0/><D43/><U59/><E49/><V23/><F23/><W88/><G106/><T51/><D51/><U4/><E99/><V130/><F130/><W112/><G102/><T41/><D41/><U104/><E104/><V1/><REACH who="2" step="1"/><F100/><REACH who="2" ten="133,370,217,270" step="2"/><W129/><G22/><AGARI ba="0,1" hai="4,8,12,13,16,22,44,47,50,54,59,86,91,94" machi="22" ten="30,8000,1" yaku="7,1,25,2,8,1,54,1" doraHai="134" who="1" fromWho="3" sc="133,0,370,90,217,0,270,-80" /><INIT seed="7,0,0,3,1,44" ten="133,460,217,190" oya="3" hai0="58,81,23,100,20,16,69,18,52,99,86,33,11" hai1="92,3,48,64,31,66,0,112,102,117,26,9,88" hai2="63,12,134,32,45,135,78,75,93,109,19,41,119" hai3="4,38,80,30,89,61,50,91,82,114,122,35,39"/><W77/><G122/><T29/><D69/><U67/><E112/><V68/><F109/><W132/><G4/><T37/><D37/><U55/><E117/><V24/><F119/><W110/><G114/><T128/><D128/><U43/><E43/><V72/><F93/><W42/><G132/><N who="2" m="50729" /><F78/><W34/><G61/><T71/><D71/><U97/><E102/><V106/><F106/><W126/><G30/><T1/><D33/><U15/><E15/><V2/><F2/><W118/><G42/><T6/><D29/><U120/><E120/><V56/><F24/><W101/><G101/><T5/><D100/><U36/><E9/><N who="2" m="6543" /><F32/><W60/><G77/><N who="0" m="46383" /><D99/><U129/><E36/><N who="2" m="21671" /><F68/><W113/><G110/><T51/><D1/><U62/><E62/><V14/><F14/><W25/><G118/><T27/><D11/><U21/><REACH who="1" step="1"/><E129/><REACH who="1" ten="133,450,217,190" step="2"/><V87/><F63/><W79/><G38/><T28/><D28/><U133/><E133/><V17/><F75/><W49/><G39/><T40/><D40/><U125/><E125/><V13/><F13/><AGARI ba="0,1" hai="5,6,13,16,18,20,23,27,51,52,58" m="46383" machi="13" ten="30,7700,0" yaku="8,1,52,1,54,2" doraHai="44" who="0" fromWho="2" sc="133,87,450,0,217,-77,190,0" owari="220,2.0,450,55.0,140,-36.0,190,-21.0" /></mjloggm>