<mjloggm ver="2.3"><GO type="225" lobby="0"/><UN n0="%E5%A9%9A%E6%B4%BB%E7%94%9F%40%E5%B7%9D%E6%9D%91%E8%BB%8D%E5%9B%A3" n1="%E3%81%BF%E3%81%BF%E3%81%9A" n2="%E8%A8%88%E7%AE%97%E6%A9%9F%E8%87%AA%E7%84%B6" n3="%6B%79%6F%6E%6B%6F%31%31" dan="17,16,17,17" rate="2234.69,2196.42,2278.15,2197.93" sx="M,M,M,M"/><TAIKYOKU oya="0"/><INIT seed="0,0,0,2,3,117" ten="250,250,250,250" oya="0" hai0="123,52,13,91,62,14,45,73,97,37,39,79,41" hai1="105,1,126,23,74,75,15,112,66,35,133,109,29" hai2="82,34,120,17,26,76,132,80,61,20,86,108,59" hai3="36,54,64,42,11,67,122,98,116,124,0,119,50"/><T135/><D123/><U78/><E66/><N who="3" m="25130" /><G11/><T87/><D135/><U70/><E15/><V102/><F132/><W2/><G98/><T101/><D39/><U49/><E23/><V104/><F108/><W100/><G100/><T9/><D79/><U10/><E49/><V72/><F34/><W130/><G2/><T106/><D73/><U8/><E8/><V46/><F46/><N who="3" m="23879" /><G0/><T77/><D77/><U95/><E126/><V21/><F102/><W47/><G124/><T115/><D115/><U56/><E112/><V81/><F104/><W63/><G130/><T18/><D13/><U90/><E78/><V57/><F72/><W53/><G122/><T94/><D62/><U19/><E1/><V125/><F120/><W99/><G99/><T24/><D24/><U12/><E105/><V38/><F125/><W110/><G110/><T83/><D106/><U16/><E109/><V33/><F33/><W5/><G5/><T4/><D4/><U25/><E19/><V60/><F20/><W96/><G96/><T118/><D118/><U93/><E75/><V44/><F76/><W68/><G68/><T92/><D92/><N who="1" m="35403" /><E70/><V113/><F113/><W32/><G32/><T55/><AGARI ba="0,0" hai="9,14,18,37,41,45,52,55,83,87,91,94,97,101" machi="55" ten="30,3000,0" yaku="0,1,54,1" doraHai="117" who="0" fromWho="0" sc="250,30,250,-10,250,-10,250,-10" /><INIT seed="0,1,0,5,1,36" ten="280,240,240,240" oya="0" hai0="111,14,0,49,74,121,66,35,78,64,22,16,46" hai1="90,102,108,38,95,75,77,41,18,92,1,106,101" hai2="125,68,28,2,85,99,7,20,60,17,24,67,128" hai3="31,58,9,8,127,10,48,107,37,116,119,83,5"/><T80/><D121/><U43/><E1/><V30/><F128/><W59/><G37/><T72/><D72/><U114/><E38/><V130/><F130/><W104/><G5/><T32/><D0/><U81/><E108/><V21/><F125/><W50/><G83/><T6/><D6/><U126/><E126/><V4/><F2/><W42/><G127/><T105/><D105/><U61/><E114/><V71/><F71/><W86/><G86/><T63/><D111/><U113/><E113/><V89/><F99/><W65/><G31/><T84/><D74/><U87/><E95/><V13/><REACH who="2" step="1"/><F30/><REACH who="2" ten="280,240,230,240" step="2"/><W96/><G96/><T11/><D11/><U79/><E102/><V76/><F76/><W91/><G9/><T100/><D100/><U124/><E124/><V110/><F110/><W53/><G91/><T135/><D135/><U3/><E79/><V134/><F134/><W23/><G116/><T94/><D94/><AGARI ba="1,1" hai="4,7,13,17,20,21,24,28,60,67,68,85,89,94" machi="94" ten="30,2000,0" yaku="1,1,7,1,53,0" doraHai="36" doraHaiUra="103" who="2" fromWho="0" sc="280,-23,240,0,230,33,240,0" /><INIT seed="1,0,0,2,4,24" ten="257,240,263,240" oya="1" hai0="33,109,122,4,1,69,106,135,51,118,82,111,104" hai1="89,91,129,34,75,22,99,124,50,55,32,80,103" hai2="72,30,5,65,36,61,123,41,11,42,98,73,58" hai3="110,39,46,18,83,67,92,79,127,45,9,108,96"/><U87/><E124/><V35/><F123/><W107/><G107/><T116/><D51/><U44/><E129/><V77/><F98/><W60/><G127/><T31/><D122/><U8/><E75/><V14/><F77/><W40/><G46/><T94/><D94/><U3/><E91/><V93/><F93/><W63/><G18/><T88/><D69/><U78/><E78/><V114/><F114/><W81/><G9/><N who="0" m="2191" /><D135/><U105/><REACH who="1" step="1"/><E22/><REACH who="1" ten="257,230,263,240" step="2"/><V59/><F73/><W38/><G79/><T128/><D128/><U52/><E52/><V7/><F72/><W43/><G43/><T112/><D88/><U20/><E20/><V25/><F41/><W12/><G38/><T90/><D90/><U97/><E97/><V13/><F36/><W27/><G96/><T133/><D82/><U130/><E130/><V15/><F42/><W126/><G126/><T2/><D112/><U68/><E68/><V121/><F121/><W74/><G83/><T54/><D54/><U76/><E76/><V26/><F11/><W17/><G81/><T62/><D116/><U10/><E10/><V70/><F70/><W66/><G74/><T48/><D118/><U56/><E56/><V101/><F59/><W53/><G53/><T85/><D85/><U86/><E86/><V29/><REACH who="2" step="1"/><F101/><REACH who="2" ten="257,230,253,240" step="2"/><W132/><G39/><T64/><D109/><U120/><E120/><V49/><F49/><W125/><G40/><T28/><D48/><U37/><E37/><V95/><F95/><W23/><G110/><T84/><D111/><U21/><E21/><AGARI ba="0,2" hai="5,7,13,14,15,21,25,26,29,30,35,58,61,65" machi="21" ten="40,5200,0" yaku="1,1,52,2,53,0" doraHai="24" doraHaiUra="6" who="2" fromWho="1" sc="257,0,230,-52,253,72,240,0" /><INIT seed="2,0,0,4,5,71" ten="257,178,325,240" oya="2" hai0="8,88,55,1,107,30,61,76,134,101,109,58,103" hai1="97,132,81,93,102,131,110,59,124,129,96,128,42" hai2="105,3,118,39,114,125,69,22,92,4,26,106,111" hai3="53,16,38,112,21,12,33,20,100,19,18,34,13"/><V5/><F118/><W79/><G100/><T80/><D109/><U83/><E59/><V72/><F114/><W113/><G79/><T23/><D134/><U32/><E32/><N who="3" m="12394" /><G53/><T122/><D107/><U28/><E28/><V35/><F35/><W117/><G38/><T90/><D122/><U77/><E42/><V57/><F72/><W51/><G51/><T98/><D1/><U120/><E110/><V104/><F104/><W94/><G94/><T44/><D8/><U25/><E25/><V84/><F39/><W47/><G47/><T135/><D44/><U52/><E52/><V63/><F106/><W62/><G62/><T0/><D0/><U74/><E120/><V126/><F105/><W37/><G37/><T115/><D135/><U75/><E132/><V73/><F73/><N who="1" m="27657" /><E77/><V14/><F69/><W36/><G36/><T95/><D115/><N who="3" m="44105" /><G117/><T87/><D76/><U108/><E108/><V67/><F111/><W54/><G54/><T11/><D11/><U48/><E48/><V9/><F3/><W133/><G133/><T82/><D82/><N who="1" m="31243" /><E97/><V119/><F119/><W50/><G50/><T43/><D43/><U46/><E46/><V78/><F78/><W121/><G121/><T29/><D29/><U86/><E86/><V99/><F84/><W31/><G31/><T116/><D116/><U127/><AGARI ba="0,0" hai="93,96,102,124,127,128,129,131" m="31243,27657" machi="127" ten="40,5200,0" yaku="19,1,34,2" doraHai="71" who="1" fromWho="1" sc="257,-13,178,52,325,-26,240,-13" /><INIT seed="3,0,0,1,5,80" ten="244,230,299,227" oya="3" hai0="22,50,123,92,134,13,93,118,115,17,4,104,81" hai1="116,59,76,105,94,130,5,98,28,73,112,77,68" hai2="25,102,64,132,126,78,89,36,51,37,14,110,71" hai3="47,85,31,125,101,95,66,26,9,49,55,29,106"/><W52/><G125/><T41/><D104/><U72/><E68/><V3/><F3/><W131/><G131/><T62/><D118/><U107/><E5/><V6/><F78/><N who="1" m="30313" /><E28/><N who="3" m="10826" /><G106/><N who="1" m="40458" /><E59/><V27/><F71/><W53/><G66/><T88/><D115/><U18/><E18/><V75/><F126/><W82/><G95/><T69/><D134/><U119/><E112/><V20/><F64/><W65/><G101/><T48/><D123/><U133/><E133/><V40/><F102/><W8/><G26/><T84/><D4/><U111/><E111/><V87/><F110/><W122/><G65/><T24/><D69/><U117/><E130/><V19/><F25/><W12/><G122/><T135/><D62/><U1/><E1/><V90/><F36/><W103/><G103/><AGARI ba="0,0" hai="72,73,94,98,103,116,117,119" m="40458,30313" machi="103" ten="40,5200,0" yaku="12,1,34,2" doraHai="80" who="1" fromWho="3" sc="244,0,230,52,299,0,227,-52" /><INIT seed="4,0,0,3,0,125" ten="244,282,299,175" oya="0" hai0="77,40,1,79,73,112,86,61,19,27,14,23,120" hai1="128,36,6,129,132,126,134,13,32,102,91,84,90" hai2="85,66,98,117,131,127,133,25,58,35,41,110,87" hai3="97,22,51,29,107,50,101,62,69,52,116,9,28"/><T47/><D120/><U82/><E126/><V31/><F131/><N who="1" m="50249" /><E32/><V39/><F127/><W45/><G116/><T0/><D112/><U80/><E36/><V3/><F110/><W83/><G22/><T92/><D73/><U54/><E102/><V65/><F3/><W46/><G83/><N who="1" m="31786" /><E54/><V34/><F34/><W88/><G88/><N who="1" m="33834" /><E84/><V96/><F39/><W130/><G130/><T115/><D115/><U99/><E99/><V114/><F96/><W21/><G21/><T109/><D109/><U5/><E13/><V49/><F98/><W59/><G69/><T94/><D1/><U26/><E26/><V119/><F87/><W55/><REACH who="3" step="1"/><G9/><REACH who="3" ten="244,282,299,165" step="2"/><N who="0" m="6607" /><D86/><U75/><E75/><V17/><F85/><W24/><G24/><T124/><D124/><U113/><E113/><V71/><F114/><W95/><G95/><T56/><D94/><U81/><E81/><V68/><F25/><W18/><G18/><N who="0" m="12791" /><D92/><U8/><E8/><V123/><F17/><W42/><AGARI ba="0,1" hai="28,29,42,45,46,50,51,52,55,59,62,97,101,107" machi="42" ten="20,12000,2" yaku="1,1,0,1,7,1,54,1,53,2" doraHai="125" doraHaiUra="43" who="3" fromWho="3" sc="244,-60,282,-30,299,-30,165,130" /><INIT seed="5,0,0,1,0,80" ten="184,252,269,295" oya="1" hai0="52,59,42,65,63,126,86,121,116,96,113,90,20" hai1="11,111,77,75,64,14,19,73,1,28,84,21,4" hai2="93,17,131,48,9,102,105,15,37,119,95,47,68" hai3="50,122,100,91,87,83,103,112,88,43,2,49,27"/><U98/><E111/><V109/><F109/><W31/><G2/><T72/><D116/><U7/><E64/><V89/><F119/><W13/><G122/><T85/><D72/><U97/><E4/><V74/><F74/><W133/><G112/><T58/><D121/><U101/><E97/><N who="2" m="59695" /><F37/><W39/><G39/><T125/><D113/><U35/><E77/><V41/><F105/><W66/><G66/><T135/><D42/><U104/><E84/><N who="0" m="32361" /><D135/><U32/><E32/><V8/><F68/><W117/><G91/><T57/><D20/><U134/><E134/><V118/><F131/><W33/><G43/><T24/><D24/><AGARI ba="0,0" hai="1,7,11,14,19,21,24,28,35,73,75,98,101,104" machi="24" ten="40,3900,0" yaku="24,2" doraHai="80" who="1" fromWho="0" sc="184,-39,252,39,269,0,295,0" /><INIT seed="5,1,0,1,5,129" ten="145,291,269,295" oya="1" hai0="103,84,127,100,76,66,50,53,15,104,112,126,44" hai1="124,65,99,93,29,7,57,8,94,85,98,9,107" hai2="24,28,109,56,34,92,101,121,89,62,123,131,105" hai3="58,117,60,115,38,22,75,74,106,72,71,20,11"/><U119/><E119/><V81/><F109/><W47/><G106/><T18/><D112/><U30/><E124/><V70/><F131/><W21/><G115/><T49/><D66/><U69/><E69/><V36/><F36/><W33/><G33/><T83/><D104/><U31/><E107/><V25/><F81/><W4/><G71/><T54/><D127/><U95/><E85/><V51/><F24/><W48/><G38/><T108/><D108/><U45/><E45/><V125/><F125/><W132/><G132/><T86/><D86/><U40/><E40/><V122/><F51/><W80/><G117/><T55/><D126/><U128/><E128/><V87/><F70/><W13/><G80/><T41/><REACH who="0" step="1"/><D50/><REACH who="0" ten="135,291,269,295" step="2"/><U102/><E95/><V110/><F110/><W118/><G118/><T16/><D16/><U91/><E7/><V2/><F122/><W73/><G73/><T113/><D113/><U111/><E111/><V12/><F123/><W5/><G5/><T27/><D27/><U23/><E65/><V133/><F121/><W17/><G75/><T114/><D114/><U42/><E94/><V3/><F105/><W67/><G74/><T130/><D130/><U79/><E93/><V134/><F101/><W39/><G72/><T61/><D61/><U32/><E102/><V88/><F92/><W116/><G39/><T14/><D14/><U82/><E99/><V120/><F12/><N who="3" m="5223" /><G116/><T10/><AGARI ba="1,1" hai="10,15,18,41,44,49,53,54,55,76,83,84,100,103" machi="10" ten="30,4000,0" yaku="1,1,0,1,8,1,53,0" doraHai="129" doraHaiUra="52" who="0" fromWho="0" sc="135,53,291,-21,269,-11,295,-11" /><INIT seed="6,0,0,5,4,128" ten="188,270,258,284" oya="2" hai0="16,113,114,8,24,44,73,107,132,22,23,118,32" hai1="95,111,48,115,47,91,66,58,112,27,31,90,110" hai2="6,84,60,82,43,96,61,72,59,81,86,129,69" hai3="92,38,135,88,97,57,93,78,116,104,21,45,19"/><V5/><F129/><W51/><G135/><T40/><D107/><U122/><E58/><V134/><F72/><W117/><G104/><T133/><D73/><U94/><E66/><V62/><F69/><W80/><G57/><T4/><D118/><U83/><E83/><N who="2" m="31755" /><F59/><W130/><G93/><N who="1" m="35338" /><E122/><V35/><F35/><W99/><G99/><T10/><D32/><U53/><E91/><V119/><F119/><W131/><G38/><N who="0" m="21527" /><D22/><N who="1" m="15863" /><E90/><V63/><F134/><N who="0" m="51818" /><D10/><U28/><E28/><V71/><F71/><W29/><G131/><T108/><D108/><U120/><E120/><V11/><N who="2" m="15360" /><DORA hai="7" /><V46/><F96/><W56/><G130/><T65/><D65/><U41/><E110/><V126/><F126/><W33/><G33/><T87/><D87/><N who="2" m="33322" /><F11/><W121/><G121/><T68/><D68/><U125/><E111/><V50/><AGARI ba="0,0" hai="5,6,43,46,50" m="33322,15360,31755" machi="50" ten="50,2400,0" yaku="8,1" doraHai="128,7" who="2" fromWho="2" sc="188,-8,270,-8,258,24,284,-8" /><INIT seed="6,1,0,0,4,98" ten="180,262,282,276" oya="2" hai0="55,124,74,104,65,57,17,42,47,81,15,68,133" hai1="22,89,114,32,121,38,80,111,122,10,77,118,23" hai2="58,20,60,131,48,11,26,119,95,82,33,110,84" hai3="72,129,9,105,40,135,24,117,44,132,128,113,50"/><V27/><F119/><W120/><G117/><T3/><D104/><U79/><E118/><V51/><F131/><N who="3" m="50251" /><G120/><N who="1" m="46186" /><E111/><V12/><F33/><W13/><G72/><T102/><D3/><U39/><E32/><V45/><F95/><W96/><G24/><N who="2" m="9257" /><F20/><N who="1" m="7721" /><E114/><V112/><F112/><W49/><G49/><N who="0" m="30959" /><D133/><U31/><E31/><V53/><F110/><W130/><G113/><T52/><D124/><U16/><E89/><N who="2" m="51351" /><F45/><W43/><G130/><T94/><D74/><N who="1" m="43063" /><E79/><V109/><F109/><W108/><G108/><T41/><D68/><U0/><E0/><V7/><AGARI ba="1,0" hai="7,11,12,48,51,53,58,60" m="51351,9257" machi="7" ten="30,1500,0" yaku="8,1" doraHai="98" who="2" fromWho="2" sc="180,-6,262,-6,282,18,276,-6" owari="174,-33.0,256,-14.0,300,40.0,270,7.0" /></mjloggm>