<mjloggm ver="2.3"><GO type="185" lobby="0"/><UN n0="%68%6F%70%70%6F%31%32%33" n1="%E3%82%86%E3%81%8D%E3%81%86%E3%81%95%E3%81%8E%E2%98%86" n2="%E3%83%86%E3%82%A4%E3%83%A9%E3%83%BC%E3%83%92%E3%83%AB" n3="" dan="16,16,16,0" rate="2087.52,2180.75,2169.14,1500.00" sx="M,F,F,C"/><TAIKYOKU oya="0"/><INIT seed="0,0,0,4,1,52" ten="350,350,350,0" oya="0" hai0="67,91,116,1,41,128,96,77,75,78,68,113,35" hai1="39,105,98,106,56,133,50,84,119,62,64,95,110" hai2="2,65,49,66,127,82,123,130,42,121,126,131,58" hai3=""/><T117/><D113/><U48/><E119/><V92/><N who="2" m="31008" /><V89/><N who="2" m="31520" /><V36/><F2/><T45/><D35/><U134/><E110/><V100/><F82/><T32/><D32/><U38/><E84/><V112/><F100/><T103/><D1/><U122/><N who="1" m="31264" /><U87/><E87/><V129/><F36/><T83/><D91/><U104/><E38/><V53/><F112/><T81/><D128/><U124/><E124/><N who="2" m="47659" /><F42/><T88/><D88/><U60/><E60/><V69/><F69/><T125/><D125/><U97/><E39/><V85/><AGARI ba="0,0" hai="49,53,58,65,66,85,89,92,129,130,131" m="47659,31520,31008" machi="85" ten="40,6000,1" yaku="19,1,18,1,52,3" doraHai="52" who="2" fromWho="2" sc="350,-40,350,-20,350,60,0,0" /><INIT seed="1,0,0,4,5,51" ten="310,330,410,0" oya="1" hai0="87,36,107,81,34,129,109,98,114,115,33,127,126" hai1="97,35,105,42,83,59,84,78,103,120,118,100,53" hai2="38,92,2,85,61,94,37,123,40,71,90,122,91" hai3=""/><U63/><N who="1" m="30752" /><U130/><E35/><V43/><N who="2" m="31264" /><V96/><N who="2" m="31520" /><V117/><F2/><T133/><D36/><U74/><E130/><V55/><F117/><T69/><D69/><U104/><E118/><V106/><F106/><T119/><D109/><U41/><REACH who="1" step="1"/><E84/><REACH who="1" ten="310,320,410,0" step="2"/><V64/><REACH who="2" step="1"/><F55/><REACH who="2" ten="310,320,400,0" step="2"/><T80/><D119/><U108/><E108/><V134/><F134/><T57/><D129/><U77/><E77/><V128/><F128/><T56/><D133/><U46/><E46/><V116/><F116/><T88/><D33/><U113/><E113/><V131/><F131/><T125/><D34/><U121/><N who="1" m="31008" /><U86/><E86/><V93/><F93/><T66/><D87/><U62/><E62/><V82/><F82/><T54/><D54/><U70/><E70/><V132/><F132/><T0/><D0/><U72/><E72/><V101/><F101/><T89/><D107/><U58/><E58/><V67/><F67/><T135/><D135/><U39/><E39/><AGARI ba="0,2" hai="37,38,39,40,43,61,64,71,85,90,91,92,94,96" m="31520,31264" machi="39" ten="40,5200,0" yaku="1,1,52,2,53,0" doraHai="51" doraHaiUra="110" who="2" fromWho="1" sc="310,0,320,-52,400,72,0,0" /><INIT seed="2,0,0,1,2,49" ten="310,268,472,0" oya="2" hai0="67,119,62,33,2,46,66,50,0,85,65,64,132" hai1="93,53,56,113,101,70,38,86,92,102,121,36,103" hai2="54,135,68,81,112,40,111,110,115,35,44,1,72" hai3=""/><V52/><F1/><T79/><D119/><U59/><N who="1" m="31008" /><U41/><E113/><N who="2" m="43595" /><F35/><T104/><D104/><U96/><E70/><V97/><F97/><T75/><D75/><U63/><E41/><V51/><F72/><T109/><D33/><U114/><E114/><V77/><F77/><T32/><D32/><U39/><E86/><V47/><F81/><T76/><D109/><N who="2" m="41482" /><F68/><T3/><D132/><U131/><E131/><V134/><F44/><T69/><REACH who="0" step="1"/><D85/><REACH who="0" ten="300,268,472,0" step="2"/><U108/><E108/><V116/><F116/><T133/><D133/><AGARI ba="0,1" hai="40,47,51,52,54,133,134,135" m="41482,43595" machi="133" ten="40,24000,3" yaku="20,1,14,1,10,1,34,2,52,2,54,1" doraHai="49" who="2" fromWho="0" sc="300,-240,268,0,472,250,0,0" /><INIT seed="2,1,0,5,0,55" ten="60,268,722,0" oya="2" hai0="37,49,47,34,69,91,107,77,33,81,59,119,72" hai1="108,127,121,53,98,110,118,32,63,64,1,123,124" hai2="130,66,113,94,56,87,80,128,109,79,122,96,40" hai3=""/><V90/><N who="2" m="31264" /><V44/><F113/><T73/><D107/><U83/><N who="1" m="31008" /><U38/><N who="1" m="31520" /><U111/><E1/><V120/><N who="2" m="30752" /><V65/><F109/><T89/><D69/><U35/><E98/><V58/><F58/><T61/><D37/><U42/><E118/><V60/><REACH who="2" step="1"/><F66/><REACH who="2" ten="60,268,712,0" step="2"/><T97/><D119/><U36/><E108/><V85/><F85/><T116/><D116/><U68/><E110/><V2/><F2/><T39/><D73/><U93/><E111/><V135/><F135/><T82/><D97/><U48/><E64/><V132/><F132/><T115/><D115/><U45/><E68/><V78/><F78/><T103/><D77/><U70/><E70/><V106/><F106/><T129/><D72/><U71/><E71/><V100/><F100/><T74/><D74/><U50/><E32/><V62/><F62/><T3/><D103/><U88/><E63/><V46/><F46/><T99/><D3/><U126/><E35/><V101/><F101/><T105/><D105/><U133/><E133/><V117/><F117/><T95/><D91/><U114/><E88/><V131/><F131/><T75/><D129/><U76/><E114/><V125/><F125/><T134/><D134/><U41/><E124/><RYUUKYOKU ba="1,1" sc="60,-10,268,-10,712,20,0,0" hai2="40,44,56,60,65,79,80,87,90,94,96,128,130" /><INIT seed="2,2,1,1,0,88" ten="50,258,732,0" oya="2" hai0="79,130,102,107,95,0,47,64,43,49,103,45,70" hai1="97,39,106,58,44,34,100,89,96,63,131,83,36" hai2="93,72,60,80,134,65,37,33,55,50,59,91,123" hai3=""/><V57/><N who="2" m="31520" /><V2/><F33/><T126/><D126/><U78/><E34/><V104/><F2/><T124/><D107/><U120/><N who="1" m="30752" /><U114/><E114/><V121/><N who="2" m="31008" /><V67/><F104/><T90/><D124/><U117/><E117/><V133/><F37/><T40/><D79/><U94/><E131/><V77/><REACH who="2" step="1"/><F67/><REACH who="2" ten="50,258,722,0" step="2"/><T38/><D130/><U82/><E36/><V112/><F112/><T54/><D0/><U85/><E39/><V46/><F46/><T76/><D64/><U69/><E44/><V128/><F128/><T53/><D70/><U56/><E69/><V129/><F129/><T109/><D109/><U73/><REACH who="1" step="1"/><E63/><REACH who="1" ten="50,248,722,0" step="2"/><V61/><F61/><T66/><D66/><U35/><E35/><V101/><F101/><AGARI ba="2,3" hai="56,58,73,78,82,83,85,89,94,96,97,100,101,106" m="30752" machi="101" ten="30,7700,0" yaku="1,1,7,1,52,2,53,0" doraHai="88" doraHaiUra="115" who="1" fromWho="2" sc="50,0,248,111,722,-81,0,0" /><INIT seed="4,0,0,3,5,73" ten="50,359,641,0" oya="0" hai0="89,72,108,80,55,114,37,111,86,79,54,85,91" hai1="113,62,63,53,96,95,74,52,40,43,90,83,75" hai2="34,78,84,118,101,128,116,93,41,106,102,103,0" hai3=""/><T65/><D37/><U68/><E113/><V33/><F0/><T112/><D65/><U110/><E110/><N who="0" m="42025" /><D54/><U67/><E63/><V81/><F106/><T123/><N who="0" m="31520" /><T50/><D55/><U119/><E53/><V36/><F128/><T134/><D50/><U32/><E119/><N who="2" m="45611" /><F93/><T46/><D46/><AGARI ba="0,0" hai="33,34,36,41,46,78,81,84,101,102,103" m="45611" machi="46" ten="30,2000,0" yaku="12,1,52,1" doraHai="73" who="2" fromWho="0" sc="50,-20,359,0,641,20,0,0" /><INIT seed="5,0,0,0,5,47" ten="30,359,661,0" oya="1" hai0="85,51,64,98,131,104,38,99,55,101,2,43,125" hai1="91,83,88,42,32,134,108,76,111,118,40,35,130" hai2="72,133,60,117,94,33,58,61,67,66,89,109,0" hai3=""/><U121/><N who="1" m="31008" /><U59/><E118/><V62/><F0/><T45/><D125/><U46/><E130/><V114/><F33/><T65/><D131/><U124/><E134/><V36/><F133/><T116/><D116/><U82/><E124/><V103/><F117/><T49/><D2/><U73/><E59/><V93/><F36/><T86/><D38/><U68/><E68/><V84/><F72/><T37/><D37/><U52/><E32/><V3/><F109/><N who="1" m="42057" /><E35/><V107/><F3/><T123/><N who="0" m="31520" /><T92/><D65/><U132/><E132/><V34/><F107/><T54/><D64/><U127/><E127/><V44/><F114/><T105/><D43/><N who="1" m="16427" /><E82/><V80/><F34/><T120/><N who="0" m="30752" /><T128/><D128/><U50/><AGARI ba="0,0" hai="46,50,52,73,76,83,88,91" m="16427,42057,31008" machi="50" ten="30,8000,1" yaku="10,1,52,2,54,2" doraHai="47" who="1" fromWho="1" sc="30,-40,359,80,661,-40,0,0" owari="-10,-61.0,439,4.0,621,57.0,0,0.0" /></mjloggm>