<mjloggm ver="2.3"><GO type="169" lobby="0"/><UN n0="%E8%97%A4%E7%94%B0%E3%83%8B%E3%82%B3%E3%83%AB" n1="%E3%81%BE%E3%81%93%E3%81%A8%E3%81%95%E3%82%93" n2="%E3%81%BF%E3%81%88%E3%83%8D%E3%82%B3" n3="%54%69%65%66%61" dan="17,16,16,16" rate="2099.50,2125.72,2105.71,2085.15" sx="F,M,M,M"/><TAIKYOKU oya="0"/><INIT seed="0,0,0,0,1,122" ten="250,250,250,250" oya="0" hai0="100,129,90,37,125,27,21,107,118,78,59,54,132" hai1="73,99,83,16,6,1,115,32,112,76,134,92,116" hai2="127,66,28,81,123,110,63,113,106,119,3,120,77" hai3="13,84,74,58,68,105,95,89,103,14,19,35,0"/><T80/><D118/><U26/><E116/><V39/><F119/><W130/><G0/><T52/><D132/><U135/><E6/><V2/><F113/><N who="1" m="43593" /><E1/><N who="2" m="11" /><F28/><W22/><G68/><T46/><D129/><U98/><E32/><V114/><F114/><W18/><G130/><T97/><D125/><U51/><E51/><V43/><F127/><W72/><G35/><T93/><D37/><U34/><E34/><V36/><F106/><W38/><G38/><N who="2" m="14377" /><F43/><W126/><G126/><T41/><D41/><U30/><E30/><V15/><F15/><W49/><G105/><T24/><D46/><U69/><E69/><N who="2" m="42207" /><F110/><W96/><G49/><T128/><D128/><U55/><E55/><V109/><F109/><W121/><G58/><T56/><D56/><U102/><E98/><V42/><F42/><W61/><G61/><T44/><D44/><U33/><E33/><V9/><F9/><W111/><G111/><T65/><D65/><U87/><E87/><V88/><F88/><W82/><REACH who="3" step="1"/><G121/><REACH who="3" ten="250,250,250,240" step="2"/><T124/><D124/><U20/><AGARI ba="0,1" hai="16,20,26,73,76,83,92,99,102,134,135" m="43593" machi="20" ten="30,2000,0" yaku="11,1,54,1" doraHai="122" who="1" fromWho="1" sc="250,-10,250,30,250,-5,240,-5" /><INIT seed="1,0,0,3,2,121" ten="240,280,245,235" oya="1" hai0="89,122,113,45,4,46,102,19,27,111,74,30,92" hai1="10,3,127,67,110,80,99,56,1,49,95,16,25" hai2="51,15,131,134,81,63,117,14,75,133,135,28,114" hai3="106,98,53,31,22,47,18,64,125,87,78,94,103"/><U71/><E127/><V37/><F37/><W118/><G125/><T120/><D74/><U77/><E71/><V128/><F117/><W54/><G118/><T130/><D102/><U6/><E3/><V21/><F114/><W109/><G31/><T59/><D4/><U61/><E49/><V55/><F63/><W9/><G64/><T62/><D113/><U20/><E80/><V65/><F65/><W40/><G9/><T83/><D83/><U129/><E77/><N who="2" m="44223" /><F28/><W76/><G106/><T123/><D130/><N who="2" m="49706" /><F21/><W116/><G116/><T73/><D73/><U58/><E129/><V34/><F34/><W13/><G40/><T100/><D100/><U33/><E33/><V115/><F115/><W7/><G7/><T105/><D105/><U35/><E35/><V42/><F42/><W124/><G124/><T68/><D68/><U2/><E2/><V5/><F5/><W50/><G53/><T85/><D30/><U48/><E48/><V86/><F86/><W29/><G29/><T112/><D112/><U43/><E43/><V79/><F79/><W90/><REACH who="3" step="1"/><G109/><REACH who="3" ten="240,280,245,225" step="2"/><T8/><D111/><U36/><E110/><V52/><F55/><W91/><G91/><T38/><D8/><U60/><E36/><V0/><F0/><W41/><G41/><T69/><D38/><U88/><REACH who="1" step="1"/><E67/><REACH who="1" ten="240,270,245,225" step="2"/><V96/><F135/><W82/><AGARI ba="0,2" hai="13,18,22,47,50,54,76,78,82,87,90,94,98,103" machi="82" ten="20,8000,1" yaku="1,1,0,1,7,1,8,1,53,1" doraHai="121" doraHaiUra="84" who="3" fromWho="3" sc="240,-20,270,-40,245,-20,225,100" /><INIT seed="2,0,0,4,0,95" ten="220,230,225,325" oya="2" hai0="36,46,45,5,28,81,12,128,48,19,123,3,132" hai1="11,58,42,99,131,80,107,84,18,118,2,115,101" hai2="39,114,44,61,8,64,125,32,13,33,86,67,51" hai3="6,120,88,127,94,96,21,106,77,82,83,105,134"/><V27/><F114/><W50/><G6/><T53/><D123/><U76/><E115/><V85/><F39/><W103/><G21/><T91/><D132/><U121/><E118/><V0/><F0/><W108/><G50/><T89/><D128/><U78/><E131/><V135/><F135/><W4/><G4/><T112/><D112/><U79/><E121/><V17/><F125/><W117/><G134/><T7/><D28/><U72/><E42/><V113/><F113/><W55/><G55/><T57/><D3/><U29/><E29/><V74/><F74/><N who="3" m="43319" /><G120/><T70/><D70/><U1/><E1/><V15/><F67/><W111/><G127/><T10/><D89/><U22/><E72/><V31/><F15/><W110/><G117/><T62/><D36/><U41/><E41/><V75/><F75/><W98/><G83/><T93/><D81/><U59/><E11/><V20/><F33/><W26/><G26/><T119/><D119/><U9/><E9/><V65/><F32/><W90/><G90/><T35/><D35/><U116/><E2/><V66/><F61/><W68/><G68/><T49/><D49/><U73/><E73/><V104/><F51/><W109/><N who="3" m="27648" /><DORA hai="124" /><W37/><G37/><T130/><D130/><U56/><REACH who="1" step="1"/><E116/><REACH who="1" ten="220,220,225,325" step="2"/><V71/><F8/><W102/><G102/><T69/><D46/><U16/><E16/><V87/><F44/><W100/><G100/><T43/><REACH who="0" step="1"/><D69/><REACH who="0" ten="210,220,225,325" step="2"/><U97/><E97/><AGARI ba="0,2" hai="5,7,10,12,19,43,45,48,53,57,62,91,93,97" machi="97" ten="30,12000,2" yaku="1,1,2,1,7,1,8,1,52,1,53,1" doraHai="95,124" doraHaiUra="23,40" who="0" fromWho="1" sc="210,140,220,-120,225,0,325,0" /><INIT seed="3,0,0,0,3,64" ten="350,100,225,325" oya="3" hai0="122,102,126,129,117,48,49,119,71,114,59,33,89" hai1="84,87,19,3,113,104,96,75,118,68,93,4,130" hai2="85,110,78,124,65,38,2,27,82,72,12,50,131" hai3="120,81,112,60,28,61,21,116,47,42,62,30,108"/><W101/><G112/><T52/><D33/><U95/><E113/><V70/><F2/><W127/><G116/><N who="0" m="44619" /><D102/><N who="1" m="62535" /><E19/><V105/><F38/><W73/><G120/><T15/><D15/><U128/><E4/><V35/><F105/><W51/><G127/><T8/><D8/><U133/><E3/><V83/><F124/><W22/><G108/><T67/><D89/><N who="1" m="53415" /><E118/><V40/><F110/><W107/><G107/><T6/><D6/><U66/><E66/><V32/><F131/><N who="1" m="50217" /><E68/><V100/><F27/><W57/><G101/><T97/><D114/><U94/><E75/><V45/><F100/><W106/><G73/><T135/><D67/><U115/><E115/><V55/><F65/><W10/><G10/><T36/><D71/><U9/><E9/><V23/><F70/><W125/><G125/><T26/><D36/><U16/><E16/><V0/><F0/><W41/><G28/><T11/><D11/><U7/><E7/><V111/><F111/><W17/><G30/><T63/><D126/><U13/><E13/><V103/><F12/><W24/><G41/><T18/><D18/><U123/><E123/><V99/><F23/><W98/><G57/><T92/><D122/><U29/><E29/><V86/><F72/><W79/><G22/><T1/><D129/><U53/><E53/><V39/><F55/><W134/><G42/><T109/><D1/><U14/><E14/><V77/><F39/><W88/><G24/><T37/><D26/><U132/><E87/><V69/><F69/><W20/><G47/><T121/><D109/><U76/><E76/><V46/><F46/><RYUUKYOKU ba="0,0" sc="350,-15,100,15,225,15,325,-15" hai1="94,95,132,133" hai2="32,35,40,45,50,77,78,82,83,85,86,99,103" /><INIT seed="4,1,0,1,4,14" ten="335,115,240,310" oya="0" hai0="93,115,64,47,31,3,33,20,109,119,46,97,67" hai1="17,96,135,44,45,128,111,127,108,120,91,105,6" hai2="29,110,99,48,35,75,72,129,53,50,103,9,87" hai3="57,82,78,122,22,56,63,15,70,117,34,0,106"/><T126/><D33/><U4/><E120/><V76/><F110/><W42/><G117/><T59/><D3/><U66/><E111/><V30/><F129/><W112/><G106/><T54/><D119/><U43/><E108/><V86/><F35/><W12/><G34/><T23/><D115/><U123/><E123/><V116/><F116/><W130/><G0/><T39/><D39/><U101/><E128/><V2/><F2/><W25/><G130/><T79/><D79/><U16/><E135/><V89/><F76/><W118/><G118/><T88/><D126/><U100/><E127/><V21/><F9/><W26/><G122/><T80/><D80/><U13/><E66/><N who="0" m="25129" /><D109/><U28/><E28/><V65/><F65/><W7/><G70/><T51/><D31/><U8/><E4/><V98/><F21/><AGARI ba="1,0" hai="20,21,23,46,47,51,54,59,88,93,97" m="25129" machi="21" ten="30,2900,0" yaku="8,1,54,1" doraHai="14" who="0" fromWho="2" sc="335,32,115,0,240,-32,310,0" /><INIT seed="4,2,0,2,0,60" ten="367,115,208,310" oya="0" hai0="124,69,83,74,3,117,106,35,107,52,56,4,93" hai1="59,42,25,9,61,130,46,120,84,50,68,70,39" hai2="135,65,114,81,44,113,12,123,101,133,33,99,119" hai3="104,21,92,105,91,134,77,18,80,87,127,96,78"/><T62/><D117/><U57/><E120/><V85/><F33/><W115/><G18/><T1/><D35/><U118/><E118/><V132/><F44/><W108/><G21/><T63/><D93/><U23/><E130/><V102/><F119/><W20/><G20/><T43/><D43/><U67/><E9/><V122/><F12/><W64/><G64/><T30/><D30/><U48/><E84/><V75/><F75/><N who="3" m="43071" /><G108/><T47/><D47/><N who="1" m="24031" /><E23/><V103/><F99/><W34/><G34/><T79/><D124/><U126/><E25/><V45/><F65/><W8/><G8/><T53/><D4/><U110/><E126/><V112/><F45/><W0/><G0/><T7/><D7/><U82/><E82/><V125/><F125/><W24/><G24/><T98/><D98/><U11/><E11/><V27/><F27/><W13/><G13/><T58/><REACH who="0" step="1"/><D69/><REACH who="0" ten="357,115,208,310" step="2"/><N who="1" m="42223" /><E110/><V26/><F26/><W88/><G127/><T100/><D100/><U116/><E116/><V10/><F10/><W16/><G16/><T90/><D90/><AGARI ba="2,1" hai="81,85,90,101,102,103,112,113,114,122,123,132,133,135" machi="90" ten="50,12000,2" yaku="29,2,15,1,20,1,34,3" doraHai="60" who="2" fromWho="0" sc="357,-126,115,0,208,136,310,0" /><INIT seed="5,0,0,4,2,88" ten="231,115,344,310" oya="1" hai0="35,48,95,107,79,2,119,67,21,84,129,123,51" hai1="108,16,36,122,128,61,53,29,28,26,33,113,13" hai2="55,47,10,57,30,24,102,80,34,109,45,110,106" hai3="104,94,42,85,19,58,60,11,70,38,68,132,111"/><U32/><E122/><V69/><F69/><W73/><G111/><T82/><D35/><U20/><E36/><V74/><F10/><W40/><G104/><T77/><D2/><U120/><E120/><V4/><F4/><W50/><G73/><T92/><D107/><U98/><E108/><V43/><F106/><W15/><G38/><T37/><D37/><U99/><E113/><V87/><F74/><W7/><G132/><T8/><D119/><U131/><E61/><V103/><F110/><W66/><G70/><T124/><D123/><U114/><E53/><V118/><F109/><W56/><G68/><T112/><D8/><U18/><E114/><V130/><F130/><N who="1" m="49705" /><E99/><V22/><F34/><N who="1" m="13417" /><E98/><V125/><F125/><W116/><G116/><T134/><D112/><U91/><E91/><N who="2" m="51687" /><F118/><W52/><REACH who="3" step="1"/><G7/><REACH who="3" ten="231,115,344,300" step="2"/><T89/><D129/><U81/><E81/><V63/><F43/><W127/><G127/><T133/><D124/><U14/><E26/><V100/><AGARI ba="0,1" hai="22,24,30,45,47,55,57,63,100,102,103" m="51687" machi="100" ten="30,1100,0" yaku="8,1" doraHai="88" who="2" fromWho="2" sc="231,-3,115,-5,344,21,300,-3" /><INIT seed="6,0,0,1,0,40" ten="228,110,365,297" oya="2" hai0="44,3,37,34,81,104,68,64,116,92,101,76,94" hai1="54,121,110,97,24,109,103,18,15,39,111,79,127" hai2="43,52,16,66,93,88,25,87,90,7,105,115,123" hai3="134,86,47,119,84,132,135,106,72,73,100,9,75"/><V82/><F123/><W30/><G119/><T114/><D3/><U38/><E121/><V118/><F118/><W61/><G30/><T22/><D34/><U2/><E127/><V117/><F117/><W59/><G9/><T1/><D1/><U113/><E113/><V112/><F105/><W71/><G71/><T69/><D114/><N who="2" m="43562" /><F7/><W124/><G124/><T60/><D69/><U91/><E2/><V11/><F66/><W78/><G78/><T0/><D0/><U107/><E79/><V122/><F122/><W35/><G35/><T12/><D116/><U55/><E24/><V57/><F43/><W42/><G100/><T96/><D12/><U28/><E28/><V62/><F11/><W29/><G29/><T83/><D22/><U32/><E32/><V108/><F108/><W53/><REACH who="3" step="1"/><G106/><REACH who="3" ten="228,110,365,287" step="2"/><T89/><D76/><U5/><E5/><V131/><F131/><W26/><G26/><T74/><D104/><U21/><REACH who="1" step="1"/><E91/><REACH who="1" ten="228,100,365,287" step="2"/><V8/><F90/><W4/><G4/><T102/><D89/><U36/><AGARI ba="0,2" hai="15,18,21,36,38,39,54,55,97,103,107,109,110,111" machi="36" ten="40,5200,0" yaku="1,1,2,1,0,1,53,0" doraHai="40" doraHaiUra="58" who="1" fromWho="1" sc="228,-13,100,72,365,-26,287,-13" /><INIT seed="7,0,0,4,5,33" ten="215,172,339,274" oya="3" hai0="97,16,52,7,49,35,109,13,14,68,104,83,82" hai1="55,81,21,119,98,1,67,28,75,27,5,107,118" hai2="25,53,71,80,12,58,34,62,31,93,47,111,79" hai3="131,94,125,24,121,108,101,59,113,66,120,39,50"/><W3/><G39/><T41/><D109/><U95/><E107/><V103/><F111/><W88/><G108/><T63/><D35/><U126/><E126/><V43/><F71/><W123/><G125/><T48/><D68/><U115/><E115/><V128/><F128/><W38/><G38/><T19/><D104/><U117/><E67/><V4/><F103/><W132/><G132/><T102/><D102/><U18/><E55/><V20/><F93/><W124/><G124/><T61/><D97/><U89/><E75/><V10/><F34/><W9/><G131/><T76/><D7/><U40/><E40/><V127/><F127/><W44/><G113/><T78/><D41/><U65/><E65/><V129/><F129/><W32/><G101/><T91/><D91/><U69/><E69/><V26/><F26/><W11/><G24/><T6/><D6/><U92/><E81/><V23/><F23/><W100/><G32/><T130/><D130/><U106/><E92/><V60/><F60/><N who="3" m="38175" /><G100/><T77/><D77/><U99/><E106/><V96/><F96/><N who="3" m="57415" /><G3/><T72/><D52/><U37/><E37/><V42/><F47/><W15/><G15/><T84/><D84/><AGARI ba="0,0" hai="4,10,12,20,25,31,42,43,53,58,62,79,80,84" machi="84" ten="30,2000,0" yaku="7,1,8,1" doraHai="33" who="2" fromWho="0" sc="215,-20,172,0,339,20,274,0" owari="195,-20.0,172,-33.0,359,46.0,274,7.0" /></mjloggm>