<mjloggm ver="2.3"><GO type="185" lobby="0"/><UN n0="%6E%69%6B%6F%6C%75%30%33" n1="%E4%BD%8D%E9%B3%B3%E5%A4%A9" n2="%E5%BF%AB%E9%81%A9" n3="" dan="17,17,17,0" rate="2270.33,2180.72,2295.81,1500.00" sx="M,M,M,C"/><TAIKYOKU oya="0"/><INIT seed="0,0,0,4,3,79" ten="350,350,350,0" oya="0" hai0="51,81,40,33,87,118,105,54,62,74,45,35,82" hai1="121,111,1,3,2,103,126,64,53,114,123,104,57" hai2="39,32,52,56,46,48,47,37,0,89,34,109,130" hai3=""/><T78/><D118/><U124/><N who="1" m="31008" /><U127/><N who="1" m="31520" /><U115/><E64/><V85/><F0/><T134/><D105/><U43/><E43/><V99/><F109/><T76/><REACH who="0" step="1"/><D134/><REACH who="0" ten="340,350,350,0" step="2"/><U112/><E111/><V59/><F32/><T133/><D133/><U44/><E44/><V129/><F34/><T131/><D131/><U94/><E104/><V84/><F130/><T63/><D63/><U93/><E103/><V88/><F129/><T98/><D98/><U128/><E128/><V91/><F99/><T66/><D66/><U49/><AGARI ba="0,1" hai="1,2,3,49,53,57,93,94,112,114,115,124,126,127" m="31520,31008" machi="49" ten="50,9000,2" yaku="0,1,29,2,11,1,18,1,52,2" doraHai="79" who="1" fromWho="1" sc="340,-60,350,100,350,-30,0,0" /><INIT seed="1,0,0,4,1,1" ten="280,450,320,0" oya="1" hai0="74,77,40,68,73,118,128,75,52,58,3,122,104" hai1="0,110,36,86,89,85,48,71,105,34,129,54,125" hai2="55,120,92,116,99,72,51,76,119,121,64,70,2" hai3=""/><U80/><E0/><V91/><N who="2" m="30752" /><V33/><N who="2" m="31008" /><V65/><F2/><T38/><N who="0" m="31264" /><T39/><D3/><U133/><E133/><V134/><F134/><T69/><D128/><U83/><E129/><V124/><F124/><T35/><D77/><U45/><E125/><V123/><N who="2" m="31520" /><V82/><F33/><T95/><D104/><U78/><E105/><V114/><F114/><T56/><D35/><U94/><E71/><V59/><REACH who="2" step="1"/><F70/><REACH who="2" ten="280,450,310,0" step="2"/><T127/><D127/><U50/><E34/><V44/><F44/><T79/><D69/><U84/><E110/><V57/><F57/><T112/><D68/><U49/><E36/><V41/><F41/><T106/><D40/><U103/><E103/><V93/><F93/><T61/><D106/><U100/><E100/><V47/><F47/><T42/><D42/><U109/><E109/><V96/><F96/><T87/><D112/><U98/><REACH who="1" step="1"/><E98/><REACH who="1" ten="280,440,310,0" step="2"/><V113/><F113/><T101/><D38/><U107/><E107/><V135/><F135/><T81/><D39/><U117/><E117/><AGARI ba="0,2" hai="51,55,59,64,65,72,76,82,91,92,99,116,117,119" m="31520,31008,30752" machi="117" ten="40,8000,1" yaku="1,1,52,3,53,0" doraHai="1" doraHaiUra="131" who="2" fromWho="1" sc="280,0,440,-80,310,100,0,0" /><INIT seed="2,0,0,5,0,97" ten="280,360,410,0" oya="2" hai0="47,64,82,89,57,78,39,80,108,38,128,45,120" hai1="87,63,72,60,93,37,118,40,55,43,51,61,74" hai2="3,75,126,106,49,44,92,116,98,83,115,112,46" hai3=""/><V50/><F3/><T134/><N who="0" m="30752" /><T132/><D108/><U86/><E118/><V41/><F116/><T84/><D128/><U1/><E1/><V34/><F106/><T56/><D64/><U2/><E2/><V70/><F70/><T71/><D71/><U73/><E37/><V99/><F126/><T88/><D84/><U53/><E93/><V35/><F83/><T105/><D78/><U111/><E111/><V54/><F75/><T103/><D103/><U0/><E0/><V94/><F54/><N who="1" m="20489" /><E51/><V59/><REACH who="2" step="1"/><F59/><REACH who="2" ten="280,360,400,0" step="2"/><T123/><N who="0" m="31520" /><T121/><N who="0" m="31008" /><T124/><D105/><U69/><E69/><V32/><F32/><T110/><D110/><U79/><E79/><V117/><F117/><T96/><D124/><U109/><E109/><V107/><F107/><T114/><D114/><U104/><E104/><V100/><F100/><T65/><D65/><U119/><E119/><V129/><F129/><T77/><D77/><U122/><N who="1" m="31264" /><U113/><E113/><V58/><F58/><T36/><D38/><U130/><E130/><V125/><F125/><T85/><D57/><U52/><N who="1" m="20497" /><U127/><DORA hai="133" /><E127/><V48/><F48/><T91/><D56/><U90/><E90/><V131/><F131/><RYUUKYOKU ba="0,1" sc="280,-20,360,10,400,10,0,0" hai1="40,43,60,61,63,72,73,74,86,87" hai2="34,35,41,44,46,49,50,92,94,98,99,112,115" /><INIT seed="2,1,1,1,4,96" ten="260,370,410,0" oya="2" hai0="118,66,97,133,39,64,33,77,84,125,106,51,32" hai1="1,0,76,121,95,2,132,112,49,70,59,126,50" hai2="63,113,131,119,98,36,102,46,94,90,79,72,82" hai3=""/><V127/><F113/><T69/><D118/><U78/><N who="1" m="31008" /><U86/><E70/><V109/><F119/><T110/><D39/><U116/><E112/><V89/><F131/><T124/><D110/><U74/><E116/><V111/><F127/><N who="0" m="48714" /><D133/><U83/><E126/><V68/><F36/><T42/><D42/><U45/><E132/><V71/><F46/><T41/><D41/><U56/><E50/><V57/><F68/><T62/><D51/><U34/><E34/><V48/><F71/><T135/><D66/><U44/><E44/><V35/><F35/><T38/><D38/><U123/><N who="1" m="31520" /><U65/><E65/><V100/><F90/><T81/><D135/><U115/><E115/><V87/><F48/><T117/><D117/><U120/><N who="1" m="30752" /><U60/><E60/><V80/><REACH who="2" step="1"/><F102/><AGARI ba="1,1" hai="32,33,62,64,69,77,81,84,97,102,106" m="48714" machi="102" ten="30,2000,0" yaku="18,1,52,1" doraHai="96" who="0" fromWho="2" sc="260,32,370,0,410,-22,0,0" /><INIT seed="4,0,0,0,2,134" ten="292,370,388,0" oya="0" hai0="125,94,122,93,81,63,76,74,38,126,79,57,70" hai1="78,123,128,91,77,111,83,132,130,55,103,37,35" hai2="133,96,53,47,124,90,118,69,99,61,95,73,66" hai3=""/><T50/><N who="0" m="31264" /><T104/><D104/><U89/><N who="1" m="31520" /><U71/><E35/><V127/><F133/><T109/><D38/><U56/><E37/><V80/><F118/><T45/><D70/><U39/><E39/><V85/><F47/><T51/><D109/><U131/><E71/><V113/><F113/><T0/><D79/><U100/><E132/><V107/><F53/><T40/><D51/><U98/><E111/><V67/><F66/><T86/><D0/><U110/><E110/><V135/><F135/><T84/><D84/><U120/><N who="1" m="30752" /><U46/><E46/><V88/><REACH who="2" step="1"/><F73/><REACH who="2" ten="292,370,378,0" step="2"/><T117/><D117/><U36/><E36/><V108/><F108/><T72/><D74/><U1/><E1/><V115/><F115/><T101/><D72/><U3/><E3/><V41/><F41/><T116/><D116/><U87/><E55/><V92/><F92/><T49/><D49/><U58/><E58/><V119/><F119/><T105/><D105/><U48/><E48/><V43/><F43/><T2/><D2/><U42/><E42/><V64/><F64/><T62/><D62/><U114/><E114/><V121/><N who="2" m="31008" /><V129/><F129/><T102/><D94/><U65/><E65/><V33/><F33/><RYUUKYOKU ba="0,1" sc="292,-10,370,-10,378,20,0,0" hai2="61,67,69,80,85,88,90,95,96,99,107,124,127" /><INIT seed="5,1,1,4,2,59" ten="282,360,398,0" oya="1" hai0="72,41,68,40,105,81,107,45,102,96,106,116,2" hai1="43,52,101,76,51,54,127,58,3,125,34,118,49" hai2="126,95,55,132,103,104,135,36,129,74,70,47,91" hai3=""/><U124/><E3/><V50/><F74/><T80/><D2/><U90/><E34/><V99/><F70/><T64/><D41/><U87/><E118/><V65/><F65/><T48/><D116/><U38/><E101/><V131/><F36/><T67/><D64/><U61/><E76/><V113/><F113/><T66/><D66/><U128/><E128/><N who="2" m="49227" /><F126/><T86/><D72/><U111/><E111/><V0/><F0/><T63/><REACH who="0" step="1"/><D81/><REACH who="0" ten="272,360,398,0" step="2"/><U32/><E32/><V115/><F115/><T85/><D85/><AGARI ba="1,2" hai="47,50,55,85,91,95,99,103,104,132,135" m="49227" machi="85" ten="30,1000,0" yaku="19,1" doraHai="59" who="2" fromWho="0" sc="272,-12,360,0,398,32,0,0" /><INIT seed="6,0,0,0,1,57" ten="260,360,430,0" oya="2" hai0="101,93,46,115,110,55,88,131,111,122,49,42,0" hai1="113,79,82,107,119,71,44,117,112,78,66,32,118" hai2="87,73,130,123,59,76,38,47,99,105,54,50,81" hai3=""/><V103/><N who="2" m="31520" /><V100/><F130/><T53/><N who="0" m="31264" /><T48/><D0/><U116/><E32/><V70/><F70/><T86/><D131/><U90/><E107/><V67/><F103/><T72/><D72/><U75/><N who="1" m="29696" /><DORA hai="114" /><U121/><N who="1" m="31008" /><U1/><E1/><V37/><F73/><T36/><D115/><U95/><E78/><V89/><F76/><T65/><D65/><U45/><E66/><V35/><F35/><T129/><D129/><U134/><E71/><V63/><AGARI ba="0,0" hai="37,38,47,50,54,59,63,67,81,87,89,99,100,105" m="31520" machi="63" ten="30,4000,0" yaku="0,1,52,2" doraHai="57,114" who="2" fromWho="2" sc="260,-20,360,-20,430,40,0,0" owari="240,-36.0,340,-6.0,470,42.0,0,0.0" /></mjloggm>