<mjloggm ver="2.3"><GO type="185" lobby="0"/><UN n0="%E5%A4%9A%E6%9E%97%E6%99%8B" n1="%E4%BD%8D%E9%B3%B3%E5%A4%A9" n2="%E3%82%B5%E3%83%B3%E3%83%9E%E6%BC%81%E5%B8%AB%4B" n3="" dan="16,17,17,0" rate="2209.93,2180.55,2250.89,1500.00" sx="M,M,M,C"/><TAIKYOKU oya="0"/><INIT seed="0,0,0,2,1,133" ten="350,350,350,0" oya="0" hai0="33,89,61,110,86,65,1,98,92,53,34,46,127" hai1="124,66,69,44,48,76,57,111,70,62,88,126,41" hai2="79,135,35,2,82,129,102,58,73,37,63,56,50" hai3=""/><T97/><BYE who="2" /><D1/><UN n2="%E3%82%B5%E3%83%B3%E3%83%9E%E6%BC%81%E5%B8%AB%4B" /><U128/><E76/><V116/><F2/><T103/><D110/><U32/><E32/><V96/><F37/><T118/><D118/><U130/><E88/><V71/><F135/><T38/><D98/><U52/><E111/><V107/><F35/><T59/><D127/><N who="1" m="48683" /><E69/><V105/><F71/><T40/><REACH who="0" step="1"/><D65/><REACH who="0" ten="340,350,350,0" step="2"/><U81/><E81/><AGARI ba="0,1" hai="33,34,38,40,46,53,59,61,81,86,89,92,97,103" machi="81" ten="30,5800,0" yaku="1,1,2,1,7,1,53,0" doraHai="133" doraHaiUra="104" who="0" fromWho="1" sc="340,68,350,-58,350,0,0,0" /><INIT seed="0,1,0,1,4,59" ten="408,292,350,0" oya="0" hai0="86,72,104,78,116,79,106,131,33,115,88,91,41" hai1="112,99,105,114,133,84,36,127,101,66,111,100,69" hai2="108,63,76,39,52,3,74,71,70,118,51,56,80" hai3=""/><T90/><D33/><U107/><E111/><V44/><F108/><T42/><D116/><U54/><E36/><V57/><F3/><T61/><D115/><U93/><E133/><V49/><F39/><T1/><D1/><U35/><E35/><V43/><REACH who="2" step="1"/><F118/><REACH who="2" ten="408,292,340,0" step="2"/><T122/><N who="0" m="31264" /><T125/><D125/><U75/><E127/><V95/><F95/><T47/><D131/><U77/><E93/><V48/><F48/><T123/><N who="0" m="31520" /><T87/><D106/><U45/><E107/><V60/><F60/><T98/><D61/><U103/><E105/><V96/><F96/><T134/><D134/><U50/><E99/><V58/><F58/><T117/><D117/><U109/><E109/><V81/><F81/><T102/><D41/><U65/><E75/><V132/><F132/><T128/><D128/><U113/><E69/><V135/><F135/><T38/><REACH who="0" step="1"/><D72/><REACH who="0" ten="398,292,340,0" step="2"/><U34/><E34/><V37/><F37/><T53/><D53/><AGARI ba="1,2" hai="43,44,49,51,52,53,56,57,63,70,71,74,76,80" machi="53" ten="30,8000,1" yaku="1,1,7,1,52,1,54,1,53,1" doraHai="59" doraHaiUra="73" who="2" fromWho="0" sc="398,-82,292,0,340,102,0,0" /><INIT seed="1,0,0,1,2,47" ten="316,292,442,0" oya="1" hai0="64,108,35,44,90,69,56,70,105,131,42,82,119" hai1="34,123,76,54,134,91,63,66,41,111,77,60,107" hai2="99,32,87,74,65,116,126,128,57,33,85,71,43" hai3=""/><U98/><N who="1" m="31520" /><U117/><E34/><V106/><F74/><T83/><D35/><U2/><E2/><V104/><F71/><T37/><D105/><U46/><E117/><V132/><F43/><T51/><D119/><U115/><E115/><V75/><F75/><T3/><D3/><U94/><E107/><V114/><F116/><T125/><D131/><U68/><E134/><V103/><F65/><T73/><D73/><U92/><E111/><V97/><F57/><T100/><D100/><U79/><E60/><V86/><F132/><T40/><D108/><U101/><E54/><V50/><F128/><T112/><D64/><U49/><REACH who="1" step="1"/><E79/><REACH who="1" ten="316,282,442,0" step="2"/><V67/><F104/><T121/><N who="0" m="31008" /><T89/><D112/><U45/><E45/><V1/><F106/><T122/><N who="0" m="31264" /><T96/><D44/><U88/><E88/><V58/><F114/><T133/><D133/><U118/><E118/><V36/><F1/><T61/><D90/><U48/><E48/><V72/><F50/><T109/><D89/><U129/><E129/><V120/><F32/><T81/><D109/><U62/><E62/><V55/><F33/><T110/><D110/><U78/><E78/><V80/><F120/><T130/><D51/><U127/><E127/><RYUUKYOKU ba="0,1" sc="316,-10,282,20,442,-10,0,0" hai1="41,46,49,63,66,68,76,77,91,92,94,98,101" /><INIT seed="1,1,1,5,0,49" ten="306,302,432,0" oya="1" hai0="60,2,71,124,65,127,40,108,115,132,109,34,70" hai1="81,114,135,74,45,46,82,67,123,55,105,92,90" hai2="73,72,133,116,87,100,134,1,94,53,86,38,84" hai3=""/><U78/><N who="1" m="31520" /><U121/><N who="1" m="31008" /><U0/><E0/><V54/><F38/><T120/><N who="0" m="30752" /><T77/><D2/><U111/><E114/><V37/><F37/><T130/><D34/><U32/><E32/><V95/><F1/><T118/><D77/><U117/><E105/><V56/><F116/><T64/><D115/><U58/><E117/><V122/><N who="2" m="31264" /><V41/><F41/><T36/><D118/><U110/><E67/><V102/><F86/><T119/><D119/><U131/><E82/><V107/><F56/><T76/><D76/><U89/><E89/><V3/><F3/><T61/><D130/><U113/><E113/><V112/><F112/><T62/><D60/><U43/><E131/><V39/><F39/><T33/><D132/><U91/><E91/><V44/><F44/><T97/><D33/><U42/><E135/><V75/><F75/><T106/><D36/><U128/><E128/><V68/><F107/><T57/><D40/><U96/><E43/><V101/><F101/><T129/><D57/><U103/><E103/><V63/><F68/><T88/><D129/><U93/><E42/><V69/><F69/><T50/><D106/><U83/><E83/><V98/><F98/><T79/><D97/><RYUUKYOKU ba="1,1" sc="306,-10,302,-10,432,20,0,0" hai2="53,54,63,72,73,84,87,94,95,100,102,133,134" /><INIT seed="2,2,1,2,4,61" ten="296,292,452,0" oya="2" hai0="122,88,57,121,77,47,63,99,40,54,132,70,130" hai1="124,80,52,37,101,128,94,123,43,108,49,95,115" hai2="105,66,2,112,51,92,114,64,39,127,134,53,76" hai3=""/><V118/><F105/><T33/><N who="0" m="31008" /><T67/><N who="0" m="31264" /><T45/><D33/><U116/><N who="1" m="31520" /><U110/><E115/><N who="2" m="44075" /><F92/><T0/><D0/><U119/><E80/><V38/><F76/><T60/><D132/><U32/><E32/><V46/><F2/><T97/><D130/><U81/><E81/><V87/><F87/><T113/><D113/><U56/><E128/><V100/><F100/><T3/><D3/><U120/><N who="1" m="30752" /><U58/><E58/><V82/><F82/><T103/><D77/><U86/><E124/><V41/><F134/><T34/><D34/><U131/><E131/><V73/><F73/><T50/><D45/><U98/><E95/><V83/><F83/><T135/><D135/><U36/><E86/><V129/><F118/><N who="1" m="45097" /><E43/><V126/><F129/><T44/><D44/><U42/><E42/><V69/><F69/><T104/><REACH who="0" step="1"/><D99/><REACH who="0" ten="286,292,452,0" step="2"/><U84/><E84/><V78/><F78/><T117/><D117/><U68/><E68/><V109/><F41/><T75/><D75/><U102/><E98/><V133/><F133/><T65/><D65/><N who="2" m="25194" /><F109/><T91/><AGARI ba="2,2" hai="40,47,50,54,57,60,63,67,70,88,91,97,103,104" m="31264,31008" machi="91" ten="30,9000,2" yaku="1,1,0,1,52,3,54,1,53,0" doraHai="61" doraHaiUra="79" who="0" fromWho="0" sc="286,114,292,-32,452,-62,0,0" /><INIT seed="4,0,0,4,1,97" ten="400,260,390,0" oya="0" hai0="71,32,76,59,134,2,103,62,132,37,93,121,79" hai1="120,88,125,44,64,57,117,130,100,38,66,0,126" hai2="87,39,72,101,46,114,96,119,80,78,74,111,54" hai3=""/><T51/><N who="0" m="31008" /><T107/><D2/><U82/><N who="1" m="30752" /><U43/><E0/><V135/><F111/><T108/><D32/><U63/><E117/><V92/><F119/><T53/><D37/><U48/><E130/><V47/><F135/><N who="0" m="51754" /><D107/><U67/><E100/><V84/><F114/><T124/><D108/><U83/><E82/><V112/><F112/><T40/><D124/><N who="1" m="47723" /><E88/><V118/><F118/><T131/><D131/><U35/><E83/><V102/><F74/><T116/><D116/><U3/><E35/><V73/><F73/><T127/><D127/><U52/><E3/><V85/><F39/><AGARI ba="0,0" hai="38,39,43,44,48,52,57,63,64,66,67" m="47723,30752" machi="39" ten="30,8000,1" yaku="18,1,34,2,52,1,54,1" doraHai="97" who="1" fromWho="2" sc="400,0,260,80,390,-80,0,0" /><INIT seed="5,0,0,3,1,42" ten="400,340,310,0" oya="1" hai0="88,69,106,0,72,40,114,102,49,41,55,74,118" hai1="105,94,37,59,121,111,52,76,101,99,83,119,66" hai2="71,133,125,80,34,58,96,91,90,44,128,113,57" hai3=""/><U134/><N who="1" m="31008" /><U85/><E119/><V56/><F34/><T64/><D0/><U89/><E37/><V97/><F71/><T32/><D32/><U65/><E111/><V131/><F125/><T126/><D118/><U98/><E134/><V93/><F133/><T116/><D116/><U120/><N who="1" m="30752" /><U73/><E99/><V135/><F135/><T50/><D126/><U103/><E103/><V45/><F113/><T75/><D69/><U84/><E84/><V33/><F33/><T127/><D64/><U63/><AGARI ba="0,0" hai="52,59,63,65,66,73,76,83,85,89,94,98,101,105" m="30752,31008" machi="63" ten="20,12000,2" yaku="0,1,7,1,24,2,52,2,54,1" doraHai="42" who="1" fromWho="1" sc="400,-60,340,120,310,-60,0,0" /><INIT seed="5,1,0,3,3,121" ten="340,460,250,0" oya="1" hai0="64,125,95,0,52,34,33,77,45,132,39,56,93" hai1="82,60,90,75,69,97,43,89,126,107,128,98,135" hai2="53,71,62,87,66,131,109,32,114,115,80,108,85" hai3=""/><U96/><E43/><V129/><F32/><T42/><D0/><U92/><E69/><V3/><F3/><T88/><D132/><U103/><E60/><V1/><F1/><T79/><D64/><U41/><E41/><V134/><F87/><T76/><D125/><U122/><N who="1" m="31264" /><U100/><E135/><V55/><F134/><T119/><D95/><U59/><E59/><V68/><F85/><T124/><D124/><U57/><E57/><V70/><F80/><T113/><D119/><U58/><E58/><V50/><F50/><T46/><D45/><U116/><E126/><V127/><F127/><T91/><D91/><N who="1" m="34827" /><E116/><V99/><F99/><N who="1" m="37961" /><E128/><N who="2" m="49227" /><F62/><T65/><D33/><U123/><N who="1" m="31520" /><U130/><E130/><V54/><F66/><T133/><D65/><U102/><E107/><V44/><F44/><T78/><D133/><U36/><E36/><V72/><F72/><T105/><D34/><U117/><E117/><V112/><AGARI ba="1,0" hai="53,54,55,68,70,71,108,109,112,114,115" m="49227" machi="112" ten="50,18000,4" yaku="29,2,28,2,15,1,11,1,19,1,34,2,52,2" doraHai="121" who="2" fromWho="2" sc="340,-61,460,-121,250,182,0,0" /><INIT seed="6,0,0,3,0,3" ten="279,339,432,0" oya="2" hai0="87,2,106,58,116,108,49,132,55,52,123,134,94" hai1="54,98,112,48,127,117,80,1,75,65,115,82,89" hai2="0,39,130,118,77,40,59,84,42,66,79,121,53" hai3=""/><V95/><N who="2" m="31008" /><V107/><F107/><T100/><N who="0" m="31520" /><T43/><D2/><U72/><E1/><V64/><F0/><T36/><D108/><U97/><E65/><V111/><F118/><T33/><D116/><U78/><E117/><V124/><F39/><T35/><D106/><U101/><E127/><V131/><F111/><T104/><D104/><U113/><E89/><V105/><F105/><T69/><D69/><U45/><E101/><V61/><F124/><T129/><D129/><U34/><E34/><V114/><F114/><T67/><D67/><N who="2" m="25642" /><F79/><AGARI ba="0,0" hai="45,48,54,72,75,78,79,80,82,97,98,112,113,115" machi="79" ten="40,2600,0" yaku="9,1,15,1" doraHai="3" who="1" fromWho="2" sc="279,0,339,26,432,-26,0,0" owari="279,-32.0,365,-3.0,406,35.0,0,0.0" /></mjloggm>