<mjloggm ver="2.3"><GO type="169" lobby="0"/><UN n0="%E3%81%8A%E3%82%8A%E3%81%BE%E3%81%A4" n1="%E3%81%95%E3%82%89%E3%81%9B%E3%81%99%E3%81%84%E3%81%A1%E3%82%85%E3%81%AA" n2="%E9%B3%A9%E3%82%8A%E3%82%85%E3%81%86%E3%81%8F%E3%82%93" n3="%E9%87%8E%E8%89%AF%E7%8C%AB%E3%83%AD%E3%83%83%E3%82%AF" dan="16,16,16,16" rate="2094.42,2161.23,2115.33,2207.30" sx="M,M,M,M"/><TAIKYOKU oya="0"/><INIT seed="0,0,0,1,1,54" ten="250,250,250,250" oya="0" hai0="59,65,17,74,34,81,28,117,72,42,29,66,33" hai1="58,46,97,35,53,64,25,106,131,41,130,68,86" hai2="30,0,95,36,77,93,22,98,108,70,107,85,44" hai3="100,40,45,105,89,38,18,122,125,128,55,120,124"/><T52/><D117/><U127/><E35/><V116/><F70/><W39/><G89/><T21/><D42/><U37/><E106/><V123/><F123/><N who="3" m="47147" /><G18/><T16/><D81/><U5/><E5/><V8/><F116/><W90/><G90/><T13/><D13/><U80/><E25/><V134/><F107/><W129/><G39/><T119/><D119/><U112/><E97/><V49/><F36/><W32/><G32/><T73/><D21/><U9/><E9/><V110/><F22/><W121/><N who="3" m="47155" /><W61/><DORA hai="7" /><G100/><T62/><D33/><U101/><E101/><V114/><F8/><W113/><G105/><T48/><D34/><U19/><E19/><V11/><F11/><W12/><G12/><T99/><D99/><U102/><E102/><V51/><F98/><W84/><G84/><T43/><D43/><U133/><E37/><V76/><F85/><W83/><G83/><T14/><D66/><U27/><E41/><V47/><F30/><W118/><G113/><T2/><D2/><U103/><E103/><V1/><F114/><W10/><G10/><T109/><D109/><U115/><E80/><V88/><F88/><W135/><G135/><AGARI ba="0,0" hai="0,1,44,47,49,51,76,77,93,95,108,110,134,135" machi="135" ten="25,1600,0" yaku="22,2" doraHai="54,7" who="2" fromWho="3" sc="250,0,250,0,250,16,250,-16" /><INIT seed="1,0,0,5,3,3" ten="250,250,266,234" oya="1" hai0="14,50,129,93,11,76,105,23,133,1,126,95,37" hai1="103,128,106,35,64,55,78,10,61,80,49,56,77" hai2="63,79,130,108,2,58,6,40,125,44,127,109,8" hai3="81,115,72,36,99,48,83,27,28,33,110,86,29"/><U25/><E128/><V69/><F79/><W17/><G115/><T123/><D37/><U41/><E106/><V39/><F130/><W98/><G36/><T132/><D105/><U20/><E103/><V42/><F42/><W124/><G110/><N who="2" m="42601" /><F58/><W118/><G118/><T57/><D126/><N who="2" m="48138" /><F63/><W13/><G29/><T117/><D117/><U54/><E41/><V91/><F91/><W112/><G112/><T65/><D123/><U70/><E55/><V53/><F53/><W102/><G48/><T18/><D76/><U100/><E100/><V32/><F32/><W96/><G72/><T104/><D104/><U67/><E67/><V66/><F66/><W107/><G81/><T52/><D65/><U87/><E35/><V114/><F114/><W62/><G62/><T34/><D34/><U121/><E121/><V73/><F73/><W101/><G101/><T111/><D129/><U26/><E77/><V75/><F75/><W5/><G124/><T116/><D116/><U88/><E78/><V85/><F85/><W21/><G86/><T46/><D57/><U120/><E120/><V89/><F89/><W12/><G83/><T47/><D47/><U31/><E70/><AGARI ba="0,0" hai="2,6,8,39,40,44,69,70" m="48138,42601" machi="70" ten="30,7700,0" yaku="14,1,18,1,23,1,52,1" doraHai="3" who="2" fromWho="1" sc="250,0,250,-77,266,77,234,0" /><INIT seed="2,0,0,4,2,60" ten="250,173,343,234" oya="2" hai0="78,51,117,67,71,57,46,48,61,10,1,95,105" hai1="90,118,34,73,127,36,98,80,62,120,69,121,29" hai2="113,0,76,99,58,85,125,27,101,108,132,17,116" hai3="38,59,131,43,54,45,50,107,79,92,133,77,31"/><V33/><F116/><W14/><G107/><T70/><D105/><U93/><E118/><V42/><F113/><W4/><G131/><T3/><D117/><U86/><E127/><V11/><F125/><W26/><G133/><T104/><D104/><U28/><E36/><V44/><F132/><W41/><G41/><T100/><D78/><U83/><E73/><V124/><F124/><W84/><G4/><T30/><D30/><U20/><E34/><V25/><F108/><W65/><G14/><T111/><D111/><U7/><E7/><V22/><F58/><W102/><G102/><T88/><D51/><U35/><E35/><V114/><F114/><W9/><G9/><T135/><D100/><U89/><E62/><V37/><F0/><W75/><G75/><T103/><D103/><U49/><E49/><V39/><F11/><W8/><G8/><T74/><D74/><U63/><E83/><V82/><F33/><W24/><G79/><T81/><D81/><U115/><E115/><V16/><F39/><W64/><G24/><T21/><D21/><U2/><E2/><V112/><F112/><W94/><G92/><T72/><D72/><U97/><E97/><V91/><F76/><W5/><G5/><T23/><D23/><U134/><E134/><V126/><F126/><W129/><G129/><T12/><D135/><U109/><E109/><V40/><F40/><W106/><G106/><T119/><D119/><U47/><E47/><V128/><F128/><W56/><G56/><T66/><D1/><U6/><E6/><V52/><F44/><W68/><G38/><RYUUKYOKU ba="0,0" sc="250,0,173,0,343,0,234,0" /><INIT seed="3,1,0,5,5,14" ten="250,173,343,234" oya="3" hai0="55,10,7,74,27,2,43,82,29,84,63,32,9" hai1="100,26,56,18,13,6,11,91,44,39,37,80,108" hai2="69,28,99,38,68,94,33,57,110,87,83,104,22" hai3="89,96,85,51,4,21,70,49,122,119,8,90,20"/><W19/><G70/><T88/><D74/><U67/><E108/><V76/><F104/><W45/><G119/><T121/><D43/><U52/><E100/><V123/><F110/><W113/><G113/><T129/><D129/><U130/><E130/><V3/><F33/><W64/><G64/><T116/><D116/><U40/><E67/><V72/><F38/><W31/><G31/><T135/><D135/><U17/><E37/><V48/><F72/><W50/><G21/><T117/><D117/><U1/><E26/><V46/><F3/><W86/><G96/><T109/><D109/><U30/><E30/><V102/><F57/><W106/><G106/><T24/><D9/><U54/><E13/><V77/><F77/><W47/><G8/><T66/><D27/><U41/><E41/><V23/><F123/><W59/><G4/><T134/><D55/><U126/><E126/><V62/><F62/><W131/><G59/><T78/><D134/><U5/><E5/><V75/><F75/><W34/><G34/><T111/><D111/><U42/><E42/><V112/><F112/><W103/><G103/><T15/><D78/><U71/><E71/><V128/><F128/><W53/><G122/><T65/><D65/><U98/><E54/><V124/><F124/><W92/><G53/><T35/><D35/><U101/><E101/><V105/><F105/><W127/><G131/><T12/><D121/><U97/><E97/><V60/><F99/><W73/><G73/><T36/><REACH who="0" step="1"/><D36/><REACH who="0" ten="240,173,343,234" step="2"/><U16/><E39/><V58/><F76/><W93/><G127/><T61/><D61/><RYUUKYOKU ba="1,1" sc="240,15,173,-15,343,-15,234,15" hai0="2,7,10,12,15,24,29,32,63,66,82,84,88" hai3="19,20,45,47,49,50,51,85,86,89,90,92,93" /><INIT seed="3,2,1,2,3,91" ten="255,158,328,249" oya="3" hai0="82,116,119,112,77,48,101,46,88,59,0,97,131" hai1="29,87,13,124,64,94,14,18,73,38,33,37,123" hai2="89,102,62,132,78,44,67,107,6,105,81,22,93" hai3="133,52,85,5,66,2,69,98,61,11,86,54,53"/><W7/><G133/><T80/><D0/><U12/><E73/><V117/><F117/><W104/><REACH who="3" step="1"/><G5/><REACH who="3" ten="255,158,328,239" step="2"/><T79/><D119/><U122/><E122/><V55/><F6/><W36/><G36/><T17/><D116/><U92/><E123/><V121/><F121/><W135/><G135/><T108/><D112/><U65/><E124/><V10/><F132/><W16/><G16/><T106/><D131/><U34/><E18/><V26/><F107/><W15/><G15/><T28/><D28/><U23/><E12/><V71/><F105/><W75/><G75/><T49/><D108/><U113/><E29/><V115/><F115/><W19/><G19/><T99/><D17/><U110/><E113/><V56/><F26/><W128/><G128/><T120/><D120/><U60/><E110/><V125/><F125/><W95/><G95/><T111/><D111/><U31/><E31/><V74/><F93/><W130/><G130/><T68/><D106/><U83/><E37/><V30/><F74/><W129/><G129/><T127/><D127/><U8/><E38/><V40/><F30/><W9/><G9/><T3/><D80/><U35/><E8/><V126/><F81/><W24/><G24/><T58/><D82/><U70/><E13/><V32/><F10/><W103/><AGARI ba="2,2" hai="2,7,11,52,53,54,61,66,69,85,86,98,103,104" machi="103" ten="30,6000,0" yaku="1,1,0,1,54,1,53,0" doraHai="91" doraHaiUra="27" who="3" fromWho="3" sc="255,-22,158,-22,328,-22,239,86" /><INIT seed="3,3,0,3,2,107" ten="233,136,306,325" oya="3" hai0="50,18,57,103,49,2,87,30,128,7,122,133,58" hai1="83,20,132,88,126,118,52,114,129,119,12,27,39" hai2="81,4,69,123,9,17,76,11,22,92,102,74,96" hai3="5,48,51,135,19,66,105,28,25,109,89,0,15"/><W13/><G135/><T44/><D122/><U43/><E114/><V100/><F123/><W3/><G105/><T64/><D133/><U36/><E132/><V24/><F69/><W62/><G109/><T108/><D108/><U86/><E129/><V40/><F40/><W125/><G125/><T91/><D103/><U98/><E126/><V33/><F33/><W95/><G3/><T45/><D30/><U90/><E12/><V61/><F61/><W56/><G15/><T16/><D128/><U112/><E112/><V80/><F4/><W70/><G5/><T10/><D45/><U26/><E26/><V59/><F102/><W53/><G0/><T106/><D49/><U72/><E72/><V82/><F59/><W116/><G48/><T65/><D58/><U99/><E99/><V124/><F124/><W97/><G116/><N who="1" m="44586" /><E43/><V117/><F117/><W68/><G25/><T84/><D84/><N who="1" m="50207" /><E98/><V78/><F82/><W32/><G32/><T37/><D37/><U115/><E115/><V14/><F14/><W23/><G28/><T85/><D85/><AGARI ba="3,0" hai="9,11,17,22,24,74,76,78,80,81,85,92,96,100" machi="85" ten="30,2000,0" yaku="7,1,52,1" doraHai="107" who="2" fromWho="0" sc="233,-29,136,0,306,29,325,0" /><INIT seed="4,0,0,1,2,89" ten="204,136,335,325" oya="0" hai0="14,88,117,132,74,27,51,78,111,92,128,109,126" hai1="97,46,123,5,99,124,54,24,94,115,31,16,107" hai2="42,90,4,87,65,81,6,86,83,61,93,10,104" hai3="85,21,7,57,59,12,15,75,48,22,130,11,102"/><T118/><D128/><U112/><E123/><V52/><F104/><W64/><G75/><T127/><D51/><N who="1" m="29047" /><E124/><N who="0" m="47657" /><D132/><U19/><E107/><V1/><F6/><W91/><G130/><T50/><D50/><U62/><E5/><V125/><F125/><W119/><G119/><N who="0" m="45579" /><D14/><U47/><E47/><V2/><F42/><W40/><G102/><T33/><D78/><U45/><E99/><V71/><F2/><W55/><G40/><T113/><D113/><N who="1" m="43595" /><E62/><V131/><F131/><W66/><G15/><T72/><D27/><U13/><E45/><V108/><F108/><N who="0" m="41546" /><D33/><N who="1" m="20711" /><E13/><V116/><F116/><W3/><G3/><T32/><D32/><U20/><E20/><V28/><F28/><W70/><G22/><T84/><AGARI ba="0,0" hai="72,74,84,88,92" m="41546,45579,47657" machi="84" ten="40,18000,2" yaku="18,1,10,1,34,2,52,1,54,1" doraHai="89" who="0" fromWho="0" sc="204,180,136,-60,335,-60,325,-60" /><INIT seed="4,1,0,5,1,65" ten="384,76,275,265" oya="0" hai0="131,73,63,66,125,111,71,118,49,45,129,35,94" hai1="82,55,93,1,91,74,100,34,130,60,43,122,50" hai2="109,104,11,37,124,48,97,126,88,115,18,29,28" hai3="46,105,112,13,102,89,36,5,40,25,24,67,69"/><T80/><D35/><U59/><E122/><V132/><F109/><W0/><G112/><T6/><D118/><U75/><E34/><V120/><F120/><W22/><G0/><T32/><D32/><U113/><E1/><V133/><F37/><W41/><G41/><T7/><D125/><N who="2" m="48234" /><F115/><W103/><G25/><T99/><D111/><U26/><E130/><V12/><F48/><W78/><G78/><T114/><D114/><U127/><E127/><V53/><F53/><W54/><G54/><T52/><D80/><U117/><E117/><V3/><F104/><W61/><G105/><T8/><D73/><U58/><E113/><V44/><F44/><W107/><G107/><T17/><D17/><U95/><E26/><V42/><F42/><W123/><G123/><T79/><D79/><U9/><E9/><V10/><F97/><W87/><G13/><T2/><REACH who="0" step="1"/><D7/><REACH who="0" ten="374,76,275,265" step="2"/><U16/><E16/><V76/><F76/><W116/><G5/><T51/><D51/><U64/><E75/><V19/><F19/><W38/><G116/><T33/><D33/><U56/><E74/><V72/><F72/><W21/><G38/><T27/><D27/><U110/><E110/><V128/><F18/><W47/><G24/><T81/><D81/><U135/><E82/><V70/><F28/><W68/><G36/><T62/><D62/><U134/><E60/><V20/><F29/><W98/><G61/><T90/><AGARI ba="1,1" hai="2,6,8,45,49,52,63,66,71,90,94,99,129,131" machi="90" ten="30,11700,0" yaku="1,1,0,1,52,1,54,1,53,0" doraHai="65" doraHaiUra="31" who="0" fromWho="0" sc="374,130,76,-40,275,-40,265,-40" /><INIT seed="4,2,0,0,4,112" ten="504,36,235,225" oya="0" hai0="52,23,93,128,14,126,113,5,88,55,25,104,65" hai1="102,59,103,114,84,16,19,115,73,50,99,70,43" hai2="116,100,75,57,72,6,34,107,47,83,3,123,11" hai3="45,109,38,117,91,79,89,33,66,132,124,39,49"/><T76/><D104/><U92/><E70/><V10/><F123/><W20/><G33/><T85/><D113/><N who="1" m="43019" /><E73/><V18/><F34/><W134/><G79/><T54/><D128/><U64/><E103/><V21/><F11/><W110/><G20/><T111/><D126/><U96/><E96/><V71/><F71/><W13/><G13/><T15/><D111/><U30/><E30/><V82/><F107/><W31/><G31/><T122/><D122/><U56/><E56/><V9/><F100/><W37/><G66/><T127/><D127/><U86/><E86/><V101/><F101/><W61/><G61/><T40/><D40/><U46/><E84/><V26/><F10/><W41/><G124/><T119/><D65/><U7/><E7/><V105/><F105/><W69/><G69/><T97/><D5/><U8/><E8/><V63/><F47/><W78/><G78/><T32/><D32/><U130/><E130/><V60/><F60/><AGARI ba="2,0" hai="16,19,43,46,50,59,60,64,92,99,102" m="43019" machi="60" ten="30,3900,0" yaku="15,1,11,1,54,1" doraHai="112" who="1" fromWho="2" sc="504,0,36,45,235,-45,225,0" /><INIT seed="5,0,0,5,5,126" ten="504,81,190,225" oya="1" hai0="106,5,93,84,110,23,116,87,46,68,54,53,69" hai1="44,101,55,67,111,32,22,92,20,103,77,66,56" hai2="2,15,48,45,115,98,31,125,38,8,9,124,33" hai3="21,14,16,72,118,70,129,134,26,36,24,59,104"/><U107/><E32/><V51/><F38/><W71/><G36/><T47/><D106/><U52/><E107/><V91/><F115/><W65/><G104/><T43/><D23/><N who="1" m="8747" /><E111/><V88/><F2/><W19/><G72/><T90/><D116/><U132/><E132/><V30/><F15/><W49/><G134/><T112/><D112/><U130/><E77/><V117/><F45/><W18/><G21/><T25/><D25/><U122/><E122/><V78/><F78/><W109/><G14/><T39/><D39/><U63/><E130/><V13/><F13/><W96/><G129/><T128/><D128/><U4/><E4/><V64/><F64/><N who="1" m="24617" /><E92/><V7/><F7/><W34/><G109/><T113/><D113/><U133/><E133/><V76/><F76/><W131/><G131/><T82/><D93/><U0/><E0/><V62/><F62/><W75/><G34/><T121/><D121/><U58/><E44/><V57/><F33/><W3/><G3/><T85/><D5/><U11/><E11/><V37/><F37/><W12/><G12/><T80/><D110/><U6/><E6/><V97/><F117/><W17/><G118/><T89/><D84/><U114/><E114/><V42/><F125/><W135/><G18/><T83/><D82/><U99/><E99/><V29/><F124/><W100/><G135/><T28/><D28/><U81/><E81/><V1/><F31/><W95/><G65/><T123/><D123/><U120/><E120/><V40/><F1/><W74/><G26/><T73/><D73/><N who="3" m="27657" /><G24/><T35/><D35/><U102/><E102/><RYUUKYOKU ba="0,0" sc="504,0,81,0,190,0,225,0" hai0="43,46,47,53,54,68,69,80,83,85,87,89,90" hai1="52,55,56,58,63,101,103" hai2="8,9,29,30,40,42,48,51,57,88,91,97,98" hai3="16,17,19,49,59,70,71,95,96,100" /><INIT seed="5,1,0,2,5,69" ten="504,81,190,225" oya="1" hai0="92,135,115,112,76,118,106,22,127,126,81,61,74" hai1="99,16,123,93,104,45,71,117,100,103,26,70,23" hai2="34,35,63,4,65,9,51,125,2,32,102,120,17" hai3="8,27,78,66,59,73,58,67,122,1,40,85,68"/><U116/><E123/><V107/><F120/><W130/><G122/><T39/><D118/><U113/><E113/><N who="0" m="43593" /><D39/><U109/><E109/><V38/><F125/><N who="0" m="47626" /><D106/><U114/><E114/><V82/><F82/><W48/><G27/><T14/><D61/><U11/><E45/><V88/><F51/><W29/><G8/><T64/><D64/><U53/><E53/><V12/><F88/><W6/><G29/><T30/><D92/><U19/><E71/><V75/><F75/><W79/><G78/><T134/><D14/><U46/><E46/><V33/><F38/><W132/><G59/><T133/><D22/><U129/><E70/><V15/><F35/><W3/><G48/><T94/><D94/><U55/><E55/><V43/><F43/><W41/><G58/><T47/><D30/><U60/><E60/><V10/><F15/><W0/><G66/><T97/><D47/><U86/><E129/><V50/><F50/><W84/><G130/><T37/><D37/><U124/><E124/><V105/><F102/><W31/><G67/><T52/><D52/><U89/><REACH who="1" step="1"/><E103/><REACH who="1" ten="504,71,190,225" step="2"/><V5/><F63/><W95/><G68/><T128/><D128/><U49/><E49/><V44/><F44/><W25/><G41/><T98/><AGARI ba="1,1" hai="74,76,81,97,98,133,134,135" m="47626,43593" machi="98" ten="40,8000,1" yaku="20,1,15,1,18,1,34,2" doraHai="69" who="0" fromWho="0" sc="504,93,71,-41,190,-21,225,-21" /><INIT seed="6,0,0,5,1,97" ten="597,30,169,204" oya="2" hai0="126,12,122,52,117,7,107,8,34,30,17,28,102" hai1="48,109,56,132,45,13,31,129,108,133,134,121,39" hai2="15,55,85,93,118,106,90,74,82,44,21,46,101" hai3="37,33,2,73,128,23,5,112,61,94,67,135,104"/><V115/><F118/><W125/><RYUUKYOKU type="yao9" ba="0,0" sc="597,0,30,0,169,0,204,0" hai3="2,5,23,33,37,61,67,73,94,104,112,125,128,135" /><INIT seed="6,1,0,5,2,39" ten="597,30,169,204" oya="2" hai0="119,106,121,12,6,113,55,62,22,118,56,20,95" hai1="0,81,88,83,130,116,126,18,27,94,59,85,50" hai2="87,124,1,43,102,117,3,36,123,75,129,115,128" hai3="10,32,91,40,24,17,107,21,84,76,60,103,11"/><V52/><F123/><W112/><G112/><T25/><D106/><U13/><E116/><N who="0" m="44585" /><D113/><U93/><E130/><N who="2" m="50283" /><F117/><W73/><G60/><T89/><D121/><U5/><E126/><V19/><F115/><W37/><G76/><T108/><D108/><U65/><E27/><V79/><F124/><W61/><G11/><N who="0" m="4215" /><D25/><U134/><E134/><V101/><F75/><W96/><G10/><T71/><D71/><U29/><E29/><V45/><F19/><W110/><G61/><T72/><D72/><U100/><E5/><V49/><F87/><AGARI ba="1,0" hai="20,22,55,56,62,87,89,95" m="4215,44585" machi="87" ten="30,1000,0" yaku="12,1" doraHai="39" who="0" fromWho="2" sc="597,13,30,0,169,-13,204,0" /><INIT seed="7,0,0,2,1,34" ten="610,30,156,204" oya="3" hai0="99,112,50,106,69,75,78,31,17,52,28,84,105" hai1="15,128,2,47,0,107,63,98,54,123,48,30,67" hai2="35,7,117,132,5,104,118,108,70,41,19,73,79" hai3="21,90,121,55,95,6,94,82,56,1,133,103,72"/><W40/><G121/><T102/><D69/><U14/><E123/><V10/><F108/><W76/><G133/><T39/><D39/><U53/><E128/><V68/><F104/><W126/><G126/><T37/><D37/><U127/><E127/><V16/><F41/><W116/><G116/><T43/><D43/><U26/><E15/><V23/><F35/><W119/><G119/><T4/><D75/><U13/><E13/><V25/><F73/><W88/><G21/><T113/><D4/><U64/><E14/><V114/><F23/><W81/><G40/><T74/><D17/><U51/><E67/><V125/><F125/><W11/><G81/><N who="0" m="47159" /><D74/><U61/><E61/><V44/><F44/><W27/><G27/><T8/><D106/><U38/><E38/><V42/><F42/><W131/><G131/><T71/><D71/><U134/><E134/><V33/><F33/><W46/><G46/><N who="0" m="27735" /><D8/><U80/><E80/><V57/><F10/><W130/><G130/><T124/><D124/><U101/><E64/><V109/><F132/><W77/><G77/><T62/><D62/><U96/><E96/><V100/><F79/><W58/><G103/><T85/><D85/><U87/><E87/><V18/><F100/><W83/><G83/><T20/><D20/><U110/><E63/><V24/><F19/><W122/><G122/><T89/><D89/><U29/><E110/><V65/><F109/><W60/><G58/><T91/><D91/><U129/><E129/><V92/><F65/><W45/><G76/><T36/><D36/><U86/><E86/><V59/><F114/><AGARI ba="0,0" hai="28,31,99,102,105,112,113,114" m="27735,47159" machi="114" ten="30,7700,0" yaku="6,1,15,1,11,1,54,1" doraHai="34" who="0" fromWho="2" sc="610,77,30,0,156,-77,204,0" owari="687,79.0,30,-47.0,79,-32.0,204,0.0" /></mjloggm>