<mjloggm ver="2.3"><GO type="169" lobby="0"/><UN n0="%E2%98%85%E6%9C%88%E7%A5%9E%E2%98%85%EF%BC%A0%4D%4A" n1="%62%6F%6F%6B%65%72%4B" n2="%79%61%73%73%61%6E" n3="%E6%A5%BD%E3%81%97%E3%82%93%E3%81%94" dan="18,16,16,16" rate="2225.81,2101.60,2147.41,2022.72" sx="M,M,M,M"/><TAIKYOKU oya="0"/><INIT seed="0,0,0,0,4,120" ten="250,250,250,250" oya="0" hai0="126,1,70,76,69,22,34,45,119,11,127,25,18" hai1="14,41,106,67,58,43,129,96,9,114,13,89,19" hai2="130,4,12,32,121,28,57,21,7,84,30,101,68" hai3="53,124,64,51,117,113,85,82,0,23,55,94,103"/><T36/><D119/><U107/><E114/><V81/><F68/><W133/><G117/><T109/><D76/><U77/><E129/><V105/><F32/><W118/><G113/><T29/><D109/><U44/><E43/><V33/><F33/><W42/><G0/><T122/><D122/><U116/><E116/><V15/><F101/><W100/><G133/><T39/><D69/><U99/><E89/><V3/><F105/><W115/><G115/><T102/><D70/><U110/><E110/><V95/><F95/><W125/><G64/><T50/><D102/><U92/><E77/><V56/><F84/><W65/><G65/><T31/><D39/><U73/><E92/><V134/><F21/><W6/><G6/><N who="0" m="1487" /><D36/><U97/><E14/><V46/><F3/><W5/><G5/><T40/><D34/><U59/><E73/><V62/><F121/><W49/><G118/><T79/><D79/><U72/><E72/><V132/><F62/><W2/><G2/><T71/><D71/><U75/><E75/><V61/><F61/><W128/><G128/><T48/><D50/><N who="3" m="18953" /><G42/><T24/><D25/><U108/><E106/><V91/><F130/><W63/><G63/><T111/><D111/><U86/><E107/><V37/><F37/><W17/><G103/><T27/><D24/><U112/><E108/><V54/><F91/><N who="3" m="51639" /><G94/><T131/><D131/><U38/><E67/><V123/><F123/><W10/><G100/><T90/><D90/><U104/><E104/><V74/><F74/><W26/><G10/><T83/><D83/><U78/><E112/><V87/><F81/><AGARI ba="0,0" hai="9,13,19,38,41,44,58,59,78,81,86,96,97,99" machi="81" ten="40,1300,0" yaku="6,1" doraHai="120" who="1" fromWho="2" sc="250,0,250,13,250,-13,250,0" /><INIT seed="1,0,0,1,5,101" ten="250,263,237,250" oya="1" hai0="45,3,26,129,49,2,16,95,87,107,92,130,1" hai1="40,111,112,106,132,53,56,122,20,29,90,133,64" hai2="38,50,34,51,81,94,36,11,0,89,131,13,96" hai3="78,7,100,31,116,47,68,110,17,119,83,22,126"/><U62/><E122/><V10/><F34/><W32/><G68/><T54/><D107/><U88/><E112/><V12/><F0/><W37/><G110/><T80/><D80/><U71/><E40/><V125/><F131/><N who="0" m="50186" /><D87/><U33/><E20/><AGARI ba="0,0" hai="1,2,3,16,20,26,45,49,54,92,95" m="50186" machi="20" ten="40,2600,0" yaku="19,1,54,1" doraHai="101" who="0" fromWho="1" sc="250,26,263,-26,237,0,250,0" /><INIT seed="2,0,0,2,4,25" ten="276,237,237,250" oya="2" hai0="89,95,15,19,52,75,117,27,18,93,87,48,71" hai1="129,13,123,110,14,127,57,109,61,124,68,116,41" hai2="26,49,54,98,58,10,83,115,33,67,107,128,69" hai3="44,29,86,20,3,2,112,37,92,105,102,80,30"/><V96/><F115/><W121/><G121/><T100/><D75/><U31/><E123/><V81/><F128/><W11/><G112/><T36/><D71/><U72/><E72/><V94/><F10/><W9/><G105/><T91/><D36/><U23/><E68/><V70/><F70/><W63/><G63/><T82/><D117/><U122/><E122/><V40/><F40/><W76/><G3/><T4/><D100/><U39/><E116/><V64/><F98/><W7/><G20/><N who="0" m="13727" /><D4/><U50/><E50/><V8/><F8/><W21/><G11/><N who="0" m="6527" /><D91/><U65/><E41/><V97/><F97/><W74/><G86/><T34/><D34/><U120/><E39/><V106/><F106/><W51/><G21/><T16/><D16/><N who="1" m="10639" /><E14/><V53/><F107/><W99/><REACH who="3" step="1"/><G37/><REACH who="3" ten="276,237,237,240" step="2"/><T62/><D62/><U77/><E120/><V113/><F113/><W134/><G134/><T59/><AGARI ba="0,1" hai="48,52,59,82,87,89,93,95" m="6527,13727" machi="59" ten="30,2000,0" yaku="8,1,54,1" doraHai="25" who="0" fromWho="0" sc="276,30,237,-5,237,-10,240,-5" /><INIT seed="3,0,0,5,0,58" ten="306,232,227,235" oya="3" hai0="20,116,129,103,13,120,107,67,69,108,12,23,38" hai1="48,74,91,75,117,49,71,4,22,60,124,32,47" hai2="97,55,14,56,41,131,65,0,132,2,127,106,30" hai3="84,50,135,70,80,112,118,86,66,119,77,109,42"/><W82/><G112/><T81/><D38/><U28/><E32/><V54/><F30/><W134/><G42/><T36/><D36/><U21/><E124/><V16/><F127/><W34/><G34/><T115/><D115/><U15/><E49/><V111/><F41/><W44/><G109/><T126/><D108/><U39/><E39/><V99/><F111/><W114/><G114/><T27/><D116/><U110/><E91/><V102/><F132/><W1/><G1/><T64/><D129/><U73/><E117/><V9/><F131/><W43/><G118/><T96/><D120/><U3/><E3/><V45/><F65/><W95/><G95/><T128/><D128/><U37/><E37/><V52/><F45/><W57/><G70/><T63/><D126/><U130/><E130/><V46/><F46/><W51/><G119/><T8/><D67/><U125/><E125/><V93/><REACH who="2" step="1"/><F56/><REACH who="2" ten="306,232,217,235" step="2"/><W101/><G66/><T6/><D64/><U123/><E28/><V83/><F83/><W29/><G29/><T87/><D69/><U133/><E133/><V113/><F113/><W26/><G134/><T100/><D81/><U98/><E71/><V89/><AGARI ba="0,1" hai="0,2,9,14,16,52,54,55,89,93,97,99,102,106" machi="89" ten="30,7900,0" yaku="1,1,0,1,54,2,53,0" doraHai="58" doraHaiUra="122" who="2" fromWho="2" sc="306,-20,232,-20,217,89,235,-39" /><INIT seed="4,0,0,4,0,59" ten="286,212,306,196" oya="0" hai0="89,72,17,88,99,133,3,5,95,103,101,37,82" hai1="25,66,77,34,35,102,104,41,53,92,2,18,50" hai2="58,121,31,91,131,13,86,123,132,32,115,33,44" hai3="51,40,73,129,116,70,76,84,110,118,49,105,20"/><T130/><D37/><U60/><E2/><V6/><F44/><W85/><G110/><T106/><D3/><U65/><E77/><V21/><F58/><W107/><G70/><T87/><D5/><U16/><E66/><V19/><F131/><W30/><G129/><T109/><D17/><U93/><E41/><V9/><F115/><W100/><G100/><T90/><D130/><U10/><E92/><V43/><F43/><W11/><G40/><T125/><D109/><U122/><E93/><V45/><F45/><W54/><G11/><T79/><D133/><U0/><E35/><V128/><F128/><W78/><G20/><T15/><D15/><U120/><E10/><V27/><F32/><W36/><G30/><T134/><D125/><U22/><E0/><N who="2" m="199" /><F132/><W64/><G64/><T69/><D69/><N who="1" m="42151" /><E22/><V26/><F26/><W83/><G36/><T46/><D46/><N who="1" m="27863" /><E120/><V55/><F55/><W39/><G39/><T47/><D47/><U71/><E71/><V62/><F62/><W4/><G54/><T113/><D113/><U23/><E23/><V1/><F1/><W124/><G124/><T14/><D14/><U97/><E122/><V24/><F24/><W7/><G73/><T75/><D134/><U127/><E127/><V38/><F38/><W48/><G48/><T61/><D61/><U63/><E63/><V12/><F12/><W67/><G67/><T80/><D72/><U74/><E74/><V94/><AGARI ba="0,0" hai="13,19,21,27,31,33,86,91,94,121,123" m="199" machi="94" ten="30,1100,0" yaku="24,1" doraHai="59" who="2" fromWho="2" sc="286,-5,212,-3,306,11,196,-3" /><INIT seed="5,0,0,2,3,17" ten="281,209,317,193" oya="1" hai0="75,135,48,37,85,21,18,56,30,11,60,49,50" hai1="35,80,42,127,121,115,53,0,128,39,64,73,90" hai2="93,7,3,66,62,108,95,41,63,131,68,9,61" hai3="25,2,74,26,10,28,133,67,16,118,109,57,107"/><U104/><RYUUKYOKU type="yao9" ba="0,0" sc="281,0,209,0,317,0,193,0" hai1="0,35,39,42,53,64,73,80,90,104,115,121,127,128" /><INIT seed="5,1,0,3,3,55" ten="281,209,317,193" oya="1" hai0="39,123,77,40,98,1,107,114,128,69,89,79,129" hai1="49,76,14,12,20,75,62,17,135,29,13,8,81" hai2="60,30,36,96,48,47,94,59,56,35,2,10,87" hai3="80,134,82,83,58,104,130,67,100,7,88,3,4"/><U97/><E135/><V110/><F110/><W54/><G134/><T72/><D69/><U116/><E116/><V57/><F36/><W103/><G130/><N who="0" m="50283" /><D1/><U43/><E97/><V24/><F87/><W85/><G67/><T41/><D114/><U106/><E106/><V119/><F119/><W19/><G19/><T65/><D65/><U74/><E74/><V122/><F122/><W21/><G21/><T78/><D123/><U127/><E127/><V133/><F133/><W6/><G3/><T125/><D125/><U120/><E120/><V121/><F121/><W22/><G22/><T26/><D39/><U115/><E115/><V5/><F60/><N who="3" m="35927" /><G104/><T44/><D44/><U105/><E105/><V71/><F71/><W31/><G31/><T108/><D72/><U66/><E29/><V101/><REACH who="2" step="1"/><F57/><REACH who="2" ten="281,209,307,193" step="2"/><W95/><AGARI ba="1,1" hai="4,6,7,80,82,83,85,88,95,100,103" m="35927" machi="95" ten="30,4000,0" yaku="8,1,52,1,54,1" doraHai="55" who="3" fromWho="3" sc="281,-11,209,-21,307,-11,193,53" /><INIT seed="6,0,0,4,5,24" ten="270,188,296,246" oya="2" hai0="17,60,18,95,59,107,54,113,62,67,87,65,2" hai1="79,99,70,8,78,58,111,69,4,97,122,88,84" hai2="106,50,32,93,105,44,39,47,86,104,91,110,74" hai3="132,90,64,117,102,56,41,55,21,15,0,42,85"/><V6/><F32/><W29/><G117/><T120/><D107/><U31/><E111/><V10/><F110/><W114/><G0/><T80/><D2/><U131/><E131/><V49/><F74/><W35/><G35/><T134/><D134/><U76/><E122/><V125/><F125/><W68/><G132/><T92/><D113/><U94/><E58/><V112/><F112/><W26/><G102/><T119/><D120/><U96/><REACH who="1" step="1"/><E31/><REACH who="1" ten="270,178,296,246" step="2"/><V124/><F124/><W109/><G109/><T16/><D119/><U37/><E37/><V9/><F39/><W118/><G118/><T116/><D116/><U1/><AGARI ba="0,1" hai="1,4,8,69,70,76,78,79,84,88,94,96,97,99" machi="1" ten="30,4000,0" yaku="1,1,0,1,54,1,53,0" doraHai="24" doraHaiUra="38" who="1" fromWho="1" sc="270,-10,178,50,296,-20,246,-10" /><INIT seed="7,0,0,2,0,72" ten="260,228,276,236" oya="3" hai0="97,85,24,123,91,19,36,104,112,34,16,46,108" hai1="62,61,1,114,44,54,40,135,120,56,45,131,77" hai2="31,69,92,125,12,0,68,37,78,101,29,50,124" hai3="47,100,98,55,48,82,79,71,13,65,41,32,14"/><W6/><G32/><T86/><D108/><U103/><E1/><V109/><F37/><W43/><G71/><N who="2" m="27209" /><F0/><W27/><G65/><T2/><D2/><U39/><E103/><V64/><F64/><W88/><G27/><T26/><D123/><U20/><E120/><V59/><F12/><W116/><G116/><T63/><D112/><U52/><E114/><V75/><F92/><W129/><G129/><T23/><D63/><U18/><E131/><V58/><F101/><W28/><G28/><N who="2" m="10825" /><F50/><W87/><G14/><T89/><D34/><U53/><E135/><V95/><F95/><N who="3" m="56679" /><G100/><T93/><D104/><U113/><E113/><V96/><F96/><W111/><G111/><T25/><D19/><U115/><E115/><V128/><F128/><W81/><G81/><T21/><D21/><U90/><E90/><V5/><F5/><W99/><G99/><T130/><D130/><U4/><E4/><V127/><F109/><W117/><G117/><T9/><D9/><AGARI ba="0,0" hai="6,9,13,41,43,47,48,55,79,82,87" m="56679" machi="9" ten="30,5800,0" yaku="8,1,52,1,54,1" doraHai="72" who="3" fromWho="0" sc="260,-58,228,0,276,0,236,58" /><INIT seed="7,1,0,0,2,93" ten="202,228,276,294" oya="3" hai0="119,58,128,127,59,21,116,99,39,23,33,35,18" hai1="32,31,105,92,87,115,45,72,40,98,118,80,10" hai2="13,125,28,68,48,14,42,81,69,106,65,49,111" hai3="86,44,79,70,22,24,20,102,129,97,1,96,61"/><W74/><G74/><T16/><D39/><U113/><E105/><V62/><F111/><W52/><G1/><T130/><REACH who="0" step="1"/><D99/><REACH who="0" ten="192,228,276,294" step="2"/><U60/><E118/><V4/><F125/><AGARI ba="1,1" hai="16,18,21,23,33,35,58,59,116,119,125,127,128,130" machi="125" ten="25,8000,1" yaku="1,1,2,1,22,2,54,1,53,0" doraHai="93" doraHaiUra="103" who="0" fromWho="2" sc="192,93,228,0,276,-83,294,0" /><INIT seed="8,0,0,2,2,93" ten="285,228,193,294" oya="0" hai0="88,85,44,116,24,61,41,118,47,42,59,108,15" hai1="14,90,22,79,69,3,76,86,11,19,117,100,120" hai2="87,102,101,105,132,36,112,38,60,126,107,46,91" hai3="54,109,50,99,129,56,35,78,96,115,26,57,51"/><T55/><D108/><U68/><E117/><V18/><F132/><W23/><G109/><T130/><D130/><U123/><E120/><V122/><F122/><W81/><G115/><T67/><D67/><U98/><E68/><V66/><F112/><W27/><G129/><T29/><D15/><U72/><E72/><V31/><F126/><W82/><G35/><T16/><D16/><U65/><E123/><V13/><F31/><N who="3" m="17887" /><G27/><T17/><D17/><U111/><E111/><V34/><F34/><W92/><G78/><T49/><D24/><U70/><E70/><V135/><F135/><W30/><G30/><T58/><D29/><U125/><E65/><V127/><F127/><W64/><G96/><T124/><D58/><N who="3" m="22633" /><G64/><T75/><D75/><U21/><E69/><V5/><F5/><W121/><G121/><T32/><D32/><U6/><E22/><V9/><F105/><W94/><G94/><T128/><D128/><U1/><E1/><V103/><F107/><W71/><G71/><T8/><D8/><U106/><REACH who="1" step="1"/><E125/><REACH who="1" ten="285,218,193,294" step="2"/><V73/><F73/><W63/><G63/><T4/><D124/><U113/><E113/><V89/><F60/><W0/><G0/><T39/><D4/><U62/><E62/><V95/><F66/><W37/><G54/><T83/><AGARI ba="0,1" hai="39,41,42,44,47,49,55,59,61,83,85,88,116,118" machi="83" ten="30,3000,0" yaku="0,1,54,1" doraHai="93" who="0" fromWho="0" sc="285,40,218,-10,193,-10,294,-10" owari="325,43.0,208,-19.0,183,-32.0,284,8.0" /></mjloggm>