<mjloggm ver="2.3"><GO type="225" lobby="0"/><UN n0="%E7%90%B4%E8%91%89%E8%91%B5" n1="%E7%AB%8B%E8%8F%AF%E5%A5%8F" n2="%E3%82%A4%E3%83%8A%E3%82%BA%E3%83%9E%E8%91%AC%E5%84%80" n3="%E6%97%A5%E6%9B%9C%E6%97%A5%E3%82%88%E3%82%8A%E3%81%AE%E4%BD%BF%E8%80%85" dan="16,16,17,16" rate="2083.47,2146.21,2232.05,2173.44" sx="F,F,F,M"/><TAIKYOKU oya="0"/><INIT seed="0,0,0,1,4,119" ten="250,250,250,250" oya="0" hai0="83,45,63,19,132,69,51,110,77,111,9,88,0" hai1="133,38,67,65,66,102,115,40,108,28,85,82,98" hai2="37,34,114,32,54,48,104,18,93,64,71,107,14" hai3="62,117,68,47,112,116,6,120,8,3,11,13,124"/><T36/><D36/><U99/><E115/><V23/><F114/><W43/><G112/><T15/><D132/><U61/><E133/><V86/><F37/><W74/><G74/><T39/><D39/><U26/><E108/><N who="0" m="41513" /><D0/><U50/><E38/><V31/><F64/><W90/><G124/><T49/><D77/><U21/><E40/><V130/><F71/><W56/><G68/><T109/><N who="0" m="41521" /><T122/><DORA hai="29" /><D122/><U24/><E50/><V96/><F31/><W22/><G120/><T129/><D129/><U95/><E98/><V123/><F123/><W89/><G3/><T113/><D113/><U87/><E26/><V105/><F86/><W72/><G72/><T20/><D9/><U16/><E28/><V7/><F7/><W46/><G11/><T55/><D49/><U25/><E25/><V10/><F10/><W12/><G8/><T131/><D131/><U135/><E135/><V35/><F130/><W5/><G5/><T53/><D69/><U2/><E2/><V33/><N who="2" m="8192" /><DORA hai="60" /><V101/><REACH who="2" step="1"/><F107/><REACH who="2" ten="250,250,240,250" step="2"/><W127/><G6/><T84/><D63/><U97/><E97/><V92/><F92/><W59/><G62/><T44/><D44/><AGARI ba="0,1" hai="14,18,23,44,48,54,93,96,101,104,105" m="8192" machi="44" ten="70,8000,1" yaku="1,1,52,4,53,0" doraHai="119,29,60" doraHaiUra="79,125,75" who="2" fromWho="0" sc="250,-80,250,0,240,90,250,0" /><INIT seed="1,0,0,1,1,84" ten="170,250,330,250" oya="1" hai0="134,11,29,15,126,108,63,111,119,71,20,77,56" hai1="23,116,57,30,112,40,122,46,42,2,33,81,58" hai2="92,24,132,85,131,96,87,47,90,115,135,76,4" hai3="8,91,129,25,74,64,32,103,12,10,79,97,7"/><U72/><E112/><V98/><F115/><W124/><G124/><T102/><D119/><U31/><E116/><V86/><F4/><W38/><G129/><T94/><D126/><U9/><E122/><V51/><F131/><W37/><G64/><T107/><D107/><U1/><E33/><V105/><F24/><W55/><G79/><T83/><D134/><N who="2" m="51242" /><F51/><W121/><G74/><T128/><D71/><U62/><E62/><V67/><F67/><W88/><G121/><T3/><D3/><U39/><E40/><V127/><F47/><W93/><G55/><T66/><D128/><U75/><E75/><V120/><F120/><W104/><G10/><T59/><D59/><N who="1" m="22539" /><E23/><V69/><F69/><W133/><G133/><T13/><D111/><U21/><E21/><V18/><F18/><W45/><G45/><T68/><D68/><U114/><E1/><V113/><F113/><W110/><G110/><T49/><D108/><U61/><E61/><V70/><F70/><W34/><G34/><T19/><D49/><U16/><E16/><V130/><F130/><W123/><G123/><T82/><D77/><N who="1" m="44199" /><E114/><V0/><F0/><W65/><G65/><T14/><D14/><U36/><E36/><V80/><F127/><W41/><G41/><T27/><D15/><U35/><E35/><V52/><F52/><W60/><G60/><T22/><D22/><U53/><E53/><V50/><F50/><W100/><G32/><T43/><D43/><U117/><E117/><V101/><AGARI ba="0,0" hai="76,80,85,86,87,90,92,96,98,101,105" m="51242" machi="101" ten="30,7900,0" yaku="20,1,34,2,52,1" doraHai="84" who="2" fromWho="2" sc="170,-20,250,-39,330,79,250,-20" /><INIT seed="2,0,0,1,3,49" ten="150,211,409,230" oya="2" hai0="68,134,14,107,5,13,96,52,128,58,11,88,34" hai1="6,16,67,26,132,59,9,12,0,115,104,45,30" hai2="21,25,118,129,31,32,85,46,39,37,100,3,102" hai3="43,108,47,41,94,133,10,106,105,48,33,71,78"/><V121/><F121/><W20/><G33/><T119/><D68/><U93/><E104/><V53/><F118/><W110/><G71/><T50/><D134/><U28/><E132/><V101/><F3/><W29/><G133/><T124/><D119/><U61/><E115/><V74/><F74/><W84/><G10/><T1/><D128/><U35/><E30/><V55/><F129/><W120/><G43/><T15/><D124/><U36/><E93/><V27/><F85/><W42/><G42/><T99/><D34/><U63/><E63/><V65/><F65/><W82/><G120/><T66/><D107/><U103/><E103/><V51/><REACH who="2" step="1"/><F55/><REACH who="2" ten="150,211,399,230" step="2"/><W70/><G84/><T77/><D66/><U89/><E89/><V81/><F81/><W75/><G82/><T57/><D77/><U126/><E126/><V54/><F54/><W69/><G78/><T127/><D127/><U90/><E90/><V40/><F40/><W112/><G41/><T18/><D58/><U123/><E123/><V23/><F23/><W8/><G20/><T111/><D111/><U86/><E86/><V125/><F125/><W130/><G108/><T113/><D113/><U2/><E2/><V19/><AGARI ba="0,1" hai="19,21,25,27,31,32,37,39,46,51,53,100,101,102" machi="19" ten="30,6000,0" yaku="1,1,0,1,52,1,53,0" doraHai="49" doraHaiUra="91" who="2" fromWho="2" sc="150,-20,211,-20,399,70,230,-20" /><INIT seed="2,1,0,5,1,30" ten="130,191,469,210" oya="2" hai0="57,100,68,28,131,54,97,86,48,135,108,2,71" hai1="72,102,8,124,104,11,129,75,52,15,74,33,111" hai2="76,98,41,110,17,64,0,96,4,91,127,58,132" hai3="82,117,18,89,122,36,40,14,134,78,84,50,113"/><V26/><F76/><W81/><G117/><T12/><D2/><U118/><E118/><V42/><F0/><W9/><G122/><T116/><D28/><U61/><E124/><V94/><F4/><W20/><G134/><T87/><D116/><U107/><E129/><V31/><F110/><W62/><G113/><T44/><D135/><U51/><E111/><V92/><F17/><W120/><G120/><T83/><D108/><U37/><E37/><V53/><F64/><W39/><G62/><T79/><D131/><U47/><E61/><V106/><F106/><W7/><G50/><T16/><D86/><U67/><E67/><V105/><F105/><W93/><G40/><T34/><D44/><U88/><E33/><V125/><F132/><W126/><G126/><T29/><D29/><U3/><E102/><V103/><F127/><W6/><G6/><T121/><D121/><U123/><E123/><V59/><F59/><W109/><G81/><T128/><D128/><U130/><E130/><V56/><F56/><W70/><G70/><T24/><D24/><U65/><E65/><V43/><F43/><W22/><G22/><T114/><D114/><U13/><E3/><V49/><F125/><W101/><G101/><T90/><D34/><AGARI ba="1,0" hai="26,31,34,41,42,49,53,58,91,92,94,96,98,103" machi="34" ten="30,2900,0" yaku="7,1,52,1" doraHai="30" who="2" fromWho="0" sc="130,-32,191,0,469,32,210,0" /><INIT seed="2,2,0,4,3,132" ten="98,191,501,210" oya="2" hai0="29,81,22,134,95,86,85,64,52,44,34,1,87" hai1="116,110,130,121,25,99,9,5,50,72,17,106,122" hai2="88,46,111,24,100,55,94,101,41,40,62,76,38" hai3="104,32,12,93,92,117,119,75,83,109,82,113,68"/><V14/><F111/><W107/><G32/><T115/><D115/><U59/><E110/><V43/><F76/><N who="3" m="44319" /><G12/><T39/><D1/><U33/><E72/><V63/><F38/><W4/><G4/><T31/><D34/><U48/><E116/><N who="3" m="44618" /><G68/><T58/><D134/><U54/><E130/><V45/><F24/><W18/><G18/><T98/><D81/><U51/><E17/><V28/><F28/><W8/><G8/><T77/><D77/><U30/><E99/><N who="2" m="57799" /><F14/><W6/><G6/><T26/><D64/><U42/><E106/><N who="3" m="40490" /><G109/><T135/><D135/><U27/><E27/><V60/><F46/><W114/><G83/><T90/><D39/><U71/><E71/><V123/><F55/><W7/><G7/><T47/><REACH who="0" step="1"/><D29/><REACH who="0" ten="88,191,501,210" step="2"/><U20/><E33/><V53/><F62/><AGARI ba="2,1" hai="22,26,31,44,47,52,58,62,85,86,87,90,95,98" machi="62" ten="40,8000,1" yaku="1,1,2,1,8,1,54,1,53,0" doraHai="132" doraHaiUra="133" who="0" fromWho="2" sc="88,96,191,0,501,-86,210,0" /><INIT seed="3,0,0,4,0,129" ten="184,191,415,210" oya="3" hai0="40,13,3,82,84,19,76,42,12,114,117,58,96" hai1="81,124,123,75,89,127,67,77,15,108,5,95,52" hai2="46,39,112,11,111,109,69,105,49,35,41,113,21" hai3="48,16,74,91,59,83,33,31,115,94,7,6,98"/><W87/><G115/><T80/><D117/><U51/><E67/><V102/><F35/><W9/><G74/><T70/><D114/><U71/><E71/><V119/><F119/><W121/><G121/><T54/><D70/><U135/><E123/><V131/><F131/><W106/><G106/><T63/><D3/><U47/><E108/><N who="2" m="41547" /><F69/><W29/><G33/><T24/><D96/><U100/><E100/><V88/><F21/><W50/><G31/><T60/><D60/><U23/><E5/><V34/><F34/><W55/><G29/><T78/><D24/><U4/><E4/><V97/><F11/><W104/><G48/><T85/><D12/><U0/><E0/><V116/><F116/><W79/><G104/><T64/><D64/><U130/><E130/><V53/><F88/><W103/><G103/><T122/><D122/><U110/><E110/><V118/><F118/><W45/><G59/><AGARI ba="0,0" hai="39,41,46,49,53,59,97,102,105,112,113" m="41547" machi="59" ten="30,1000,0" yaku="14,1" doraHai="129" who="2" fromWho="3" sc="184,0,191,0,415,10,210,-10" owari="184,-32.0,191,-21.0,425,53.0,200,0.0" /></mjloggm>