<mjloggm ver="2.3"><GO type="169" lobby="0"/><UN n0="%E9%A6%AC%E6%9D%89%E5%AF%A7%E9%A6%99" n1="%E9%BA%BB%E9%9B%80%E7%A0%94%E7%A9%B6%E9%83%A8" n2="%73%61%6E%64%69%72%69%73" n3="%74%65%6E%6B%65%79%33" dan="17,16,17,16" rate="2278.03,2170.18,2215.48,2087.81" sx="F,F,M,M"/><TAIKYOKU oya="0"/><INIT seed="0,0,0,2,0,115" ten="250,250,250,250" oya="0" hai0="48,112,2,25,101,93,117,86,61,77,35,39,107" hai1="70,72,64,80,125,99,105,52,34,89,119,14,41" hai2="127,114,120,3,24,58,50,69,18,95,78,108,74" hai3="82,4,133,38,103,132,33,83,55,19,104,6,97"/><T90/><D112/><U131/><E131/><V36/><F120/><W17/><G38/><T130/><D39/><U63/><E125/><V44/><F3/><W27/><G55/><T26/><D130/><U124/><E124/><V96/><F69/><W46/><G46/><T45/><D2/><U75/><E41/><V0/><F0/><W66/><G66/><T110/><D110/><U56/><E34/><V135/><F135/><N who="3" m="51787" /><G33/><T122/><D122/><U81/><E119/><V129/><F108/><W42/><G42/><T60/><D35/><U15/><E105/><V106/><F78/><W67/><G67/><T8/><D117/><U94/><E80/><N who="3" m="30762" /><G27/><N who="0" m="10251" /><D107/><U59/><E70/><V49/><F24/><W29/><G29/><T79/><D101/><U111/><E111/><V118/><F106/><W9/><G9/><T37/><D8/><U134/><E134/><V10/><F10/><W28/><G28/><T102/><D102/><U100/><E100/><V65/><F36/><W16/><AGARI ba="0,0" hai="4,6,16,17,19,97,103,104" m="30762,51787" machi="16" ten="40,2700,0" yaku="20,1,54,1" doraHai="115" who="3" fromWho="3" sc="250,-13,250,-7,250,-7,250,27" /><INIT seed="1,0,0,5,4,104" ten="237,243,243,277" oya="1" hai0="60,85,98,124,125,5,54,56,65,118,24,51,126" hai1="92,41,50,111,0,67,90,89,102,23,121,62,22" hai2="33,42,18,64,113,97,115,30,135,46,2,73,87" hai3="119,69,8,49,108,17,52,12,16,44,20,31,66"/><U94/><E121/><V45/><F2/><W70/><G108/><T6/><D118/><U48/><E0/><V36/><F135/><W28/><G119/><T82/><D98/><U53/><E102/><V58/><F30/><W79/><G79/><T114/><D24/><U59/><E111/><V132/><F33/><W21/><G8/><T15/><D15/><U19/><E41/><V105/><F87/><W37/><G37/><T3/><D114/><U110/><E110/><V38/><F18/><W13/><G66/><T9/><D5/><U86/><E48/><V7/><F7/><W129/><G129/><T127/><N who="0" m="31744" /><DORA hai="83" /><T101/><D101/><U122/><E19/><V96/><F58/><W35/><REACH who="3" step="1"/><G35/><REACH who="3" ten="237,243,243,267" step="2"/><T34/><D34/><U74/><E74/><V130/><F73/><W76/><G76/><N who="0" m="46279" /><D65/><U40/><E122/><V4/><F64/><W134/><G134/><T123/><D123/><U72/><E72/><V131/><F132/><W71/><AGARI ba="0,1" hai="12,13,16,17,20,21,28,31,44,49,52,69,70,71" machi="71" ten="30,8000,1" yaku="1,1,0,1,9,1,54,2,53,0" doraHai="104,83" doraHaiUra="116,120" who="3" fromWho="3" sc="237,-20,243,-40,243,-20,267,90" /><INIT seed="2,0,0,4,1,100" ten="217,203,223,357" oya="2" hai0="74,118,35,85,124,70,24,33,34,47,14,101,102" hai1="32,54,75,107,121,132,6,61,81,0,17,117,52" hai2="28,44,112,126,18,26,82,10,38,7,127,99,95" hai3="69,130,128,59,77,15,58,125,45,27,115,56,46"/><V79/><F112/><W113/><G77/><T114/><D114/><N who="3" m="43529" /><G27/><T40/><D74/><U49/><E117/><V19/><F38/><W36/><G15/><T12/><D70/><U64/><E132/><V83/><F44/><N who="3" m="17003" /><G36/><T104/><D118/><U131/><E17/><V116/><F116/><W105/><G105/><T4/><D24/><U37/><E37/><V31/><F31/><W106/><G106/><T3/><D85/><U63/><E107/><V122/><F122/><W134/><G134/><T92/><D92/><U84/><E75/><V11/><F11/><W21/><G21/><T78/><D78/><U93/><E32/><V76/><F76/><W9/><G9/><N who="0" m="2207" /><D104/><U5/><E121/><V72/><F83/><W57/><G125/><N who="2" m="47625" /><F10/><W50/><G69/><T51/><D124/><U60/><E81/><V20/><F7/><W135/><G135/><T103/><D12/><U1/><E5/><V86/><F72/><W111/><G111/><T65/><D14/><U43/><E6/><V109/><F109/><W119/><G119/><T13/><D13/><U71/><E0/><V25/><F25/><W91/><G91/><AGARI ba="0,0" hai="18,19,20,26,28,79,82,86,91,95,99" m="47625" machi="91" ten="30,1500,0" yaku="18,1" doraHai="100" who="2" fromWho="3" sc="217,0,203,0,223,15,357,-15" /><INIT seed="2,1,0,5,2,5" ten="217,203,238,342" oya="2" hai0="115,101,111,73,8,93,75,53,22,1,61,30,113" hai1="82,11,84,49,102,6,106,105,43,46,23,44,68" hai2="19,66,34,41,24,132,117,57,81,72,126,64,48" hai3="118,51,33,37,90,107,78,40,100,127,29,135,14"/><V3/><F117/><W87/><G37/><T91/><D111/><U124/><E124/><V67/><F132/><W116/><G78/><T9/><D1/><U32/><E32/><V125/><F3/><W134/><G127/><N who="2" m="48649" /><F72/><W86/><G86/><T130/><D130/><U31/><E68/><V59/><F81/><W97/><G33/><T63/><D101/><U133/><E133/><N who="3" m="50698" /><G29/><T85/><D75/><U123/><E123/><V4/><F4/><W35/><G35/><T94/><D73/><U17/><E31/><N who="2" m="19815" /><F19/><W55/><G40/><T28/><D22/><U12/><E102/><V96/><F96/><W16/><G87/><T2/><D2/><U122/><E44/><AGARI ba="1,0" hai="41,44,48,57,59,64,66,67" m="19815,48649" machi="44" ten="30,1500,0" yaku="18,1" doraHai="5" who="2" fromWho="1" sc="217,0,203,-18,238,18,342,0" /><INIT seed="2,2,0,2,4,94" ten="217,185,256,342" oya="2" hai0="129,119,0,134,74,112,15,95,106,96,47,22,17" hai1="66,5,120,98,109,7,82,91,19,8,68,111,71" hai2="86,52,89,87,124,12,31,118,84,49,11,59,101" hai3="16,56,108,64,80,117,26,105,103,83,78,88,55"/><V4/><F124/><W51/><G117/><T40/><D112/><U63/><E120/><V99/><F118/><W25/><G108/><N who="1" m="41546" /><E68/><V23/><F31/><W123/><G123/><T110/><D110/><U116/><E116/><V54/><F23/><W61/><G83/><T53/><D119/><U132/><E132/><V33/><F33/><W65/><G78/><T113/><D113/><U128/><E128/><V18/><F54/><W44/><G65/><T3/><D74/><U85/><E19/><V29/><F29/><W32/><G32/><T27/><D106/><U92/><E8/><V39/><F39/><W21/><G26/><T36/><D134/><U70/><E71/><V130/><F130/><W58/><G44/><T35/><D129/><U135/><E135/><V46/><F4/><W10/><G10/><T122/><D122/><U2/><E2/><V90/><REACH who="2" step="1"/><F46/><REACH who="2" ten="217,185,246,342" step="2"/><W6/><G6/><T107/><D35/><U13/><E13/><V125/><F125/><W73/><G21/><T60/><D15/><U38/><E38/><V100/><F100/><AGARI ba="2,1" hai="5,7,63,66,70,82,85,91,92,98,100" m="41546" machi="100" ten="30,2000,0" yaku="14,1,52,1" doraHai="94" who="1" fromWho="2" sc="217,0,185,36,246,-26,342,0" /><INIT seed="3,0,0,3,4,49" ten="217,221,220,342" oya="3" hai0="11,57,91,72,126,131,64,38,95,61,0,45,80" hai1="67,84,59,32,34,26,53,10,15,109,123,83,118" hai2="120,103,105,43,134,111,70,107,5,2,75,9,52" hai3="68,113,114,55,28,96,130,124,119,129,110,97,112"/><W37/><G28/><T35/><D131/><N who="3" m="50185" /><G68/><T33/><D126/><U106/><E123/><V14/><F75/><W48/><G37/><T16/><D72/><U87/><E109/><V23/><F70/><W51/><G124/><T4/><D80/><U135/><E106/><V21/><F43/><W102/><G119/><T20/><D45/><U122/><E135/><V7/><F111/><W46/><G110/><T89/><D38/><U66/><E84/><V78/><F78/><W40/><G102/><T41/><D41/><U133/><E133/><V73/><F73/><W74/><G74/><T81/><D81/><U101/><E101/><V1/><F120/><W121/><G121/><T125/><D91/><U85/><E85/><V63/><F134/><W94/><G94/><T31/><D31/><U77/><E118/><V98/><F107/><W8/><G8/><T71/><D71/><U39/><E39/><V92/><F105/><W90/><G90/><T127/><D127/><U18/><E122/><V100/><F100/><W93/><G93/><T117/><D117/><U82/><E83/><V104/><F104/><W99/><G99/><T44/><D125/><U128/><E128/><V17/><F1/><W108/><G108/><T12/><REACH who="0" step="1"/><D44/><AGARI ba="0,0" hai="40,44,46,48,51,55,96,97,112,113,114" m="50185" machi="44" ten="40,3900,0" yaku="19,1,52,1" doraHai="49" who="3" fromWho="0" sc="217,-39,221,0,220,0,342,39" /><INIT seed="3,1,0,1,5,44" ten="178,221,220,381" oya="3" hai0="18,121,30,106,104,100,24,107,56,20,94,46,52" hai1="17,80,68,115,50,16,105,47,60,58,87,86,96" hai2="61,75,39,97,99,125,31,118,8,109,103,127,55" hai3="33,51,6,92,76,91,114,120,85,4,45,123,78"/><W116/><G116/><T135/><D135/><U23/><E115/><V117/><F31/><W41/><G114/><T66/><D121/><U9/><E68/><V108/><F8/><W21/><G33/><T37/><D37/><U25/><E105/><V40/><F75/><W53/><G123/><T5/><D5/><U3/><E96/><V72/><F72/><W10/><G120/><T38/><D38/><U128/><E128/><V77/><F77/><W19/><G41/><T132/><D132/><U70/><E70/><V98/><F103/><W13/><REACH who="3" step="1"/><G4/><REACH who="3" ten="178,221,220,371" step="2"/><T28/><D66/><U133/><E133/><V35/><F35/><W74/><G74/><T64/><D64/><U62/><E17/><V48/><F118/><W15/><AGARI ba="1,1" hai="6,10,13,15,19,21,45,51,53,76,78,85,91,92" machi="15" ten="20,12000,1" yaku="1,1,0,1,7,1,8,1,52,1,53,0" doraHai="44" doraHaiUra="126" who="3" fromWho="3" sc="178,-41,221,-41,220,-41,371,133" /><INIT seed="3,2,0,0,4,56" ten="137,180,179,504" oya="3" hai0="85,79,35,48,64,113,108,100,11,2,16,8,6" hai1="91,38,10,111,7,14,25,128,107,103,62,127,33" hai2="83,114,54,27,18,123,28,13,61,93,49,52,57" hai3="94,115,46,125,96,76,47,90,51,32,45,69,129"/><W36/><G32/><T42/><D35/><U134/><E128/><V41/><F114/><W84/><G115/><T86/><D113/><U132/><E127/><V20/><F123/><W105/><G125/><T24/><D108/><U124/><E124/><V21/><F83/><W71/><G129/><T58/><D100/><U9/><E111/><V60/><F41/><W112/><G112/><T121/><D121/><U26/><E38/><V109/><F109/><W99/><G36/><T1/><D79/><U30/><E91/><V75/><F75/><W15/><G51/><T23/><D42/><U87/><E87/><V59/><F93/><W131/><G131/><T77/><D77/><U78/><E78/><V89/><F89/><W50/><G50/><AGARI ba="2,0" hai="13,18,20,21,27,28,49,50,52,54,57,59,60,61" machi="50" ten="30,12000,2" yaku="7,1,9,1,8,1,52,2,54,1" doraHai="56" who="2" fromWho="3" sc="137,0,180,0,179,126,504,-126" /><INIT seed="4,0,0,5,3,57" ten="137,180,305,378" oya="0" hai0="66,133,91,131,17,49,82,81,60,52,120,101,37" hai1="77,23,87,88,84,21,130,111,61,65,118,13,69" hai2="94,126,112,105,45,35,117,93,55,68,98,78,92" hai3="129,11,99,109,7,71,12,89,31,132,86,127,113"/><T125/><D120/><U30/><E130/><V108/><F108/><W10/><G109/><T25/><D131/><U73/><E111/><V135/><F35/><W123/><G129/><T39/><D133/><U62/><E118/><V106/><F68/><W29/><G132/><T26/><D125/><U96/><E73/><V19/><F135/><W79/><G127/><T80/><D101/><U24/><E77/><V75/><F19/><W85/><G71/><T1/><D1/><U15/><E96/><V116/><F55/><W104/><G123/><T76/><D76/><U100/><E100/><V63/><F45/><W2/><G113/><T16/><D91/><U51/><E51/><V44/><F44/><W4/><G104/><T41/><D41/><U38/><E38/><V58/><F98/><W70/><G70/><T42/><D42/><U36/><E36/><V67/><F112/><W48/><G48/><T72/><D72/><U124/><E124/><V47/><F47/><W114/><G114/><T74/><D74/><U102/><E102/><V122/><F122/><W33/><G99/><T14/><D37/><U3/><E3/><V64/><F126/><W40/><G40/><T22/><D39/><U56/><E21/><V59/><F78/><W46/><G46/><N who="0" m="27703" /><D17/><U0/><E0/><V32/><F75/><W95/><G33/><T8/><D22/><U121/><E121/><V103/><F32/><W97/><G79/><T9/><D9/><U27/><E27/><V18/><F103/><W20/><G20/><T54/><D66/><N who="1" m="39207" /><E88/><V128/><F106/><W134/><G134/><RYUUKYOKU ba="0,0" sc="137,10,180,10,305,-30,378,10" hai0="8,14,16,25,26,54,60,80,81,82" hai1="13,15,23,24,30,62,65,69,84,87" hai3="2,4,7,10,11,12,29,31,85,86,89,95,97" /><INIT seed="4,1,0,0,5,13" ten="147,190,275,388" oya="0" hai0="2,135,38,40,84,104,133,59,23,33,98,134,77" hai1="114,86,83,9,41,72,25,34,91,30,111,16,120" hai2="80,43,87,35,103,10,51,90,100,123,93,44,37" hai3="101,68,79,57,96,48,7,50,32,36,31,21,55"/><T65/><D33/><U117/><E111/><V73/><F123/><W92/><G68/><T128/><D2/><U54/><E117/><V18/><F35/><W89/><G36/><T8/><D128/><U3/><E120/><V64/><F64/><W131/><G32/><T69/><D69/><U60/><E114/><V82/><F37/><W127/><G131/><T110/><D110/><U4/><E41/><V20/><F10/><W106/><G127/><T105/><D8/><U119/><E119/><V6/><F6/><W95/><G79/><T74/><D74/><U45/><E72/><V58/><F58/><W76/><G76/><T115/><D115/><U121/><E121/><V67/><F67/><W15/><G106/><N who="0" m="41067" /><D98/><U66/><E54/><V71/><F71/><W52/><G7/><T63/><D23/><U46/><REACH who="1" step="1"/><E16/><REACH who="1" ten="147,180,275,388" step="2"/><V24/><F73/><W124/><G55/><T94/><D40/><U42/><E42/><V130/><F130/><W11/><G52/><T39/><D94/><U28/><E28/><V26/><F26/><W109/><G31/><T125/><D125/><U70/><AGARI ba="1,1" hai="3,4,9,25,30,34,45,46,60,66,70,83,86,91" machi="70" ten="20,2700,0" yaku="1,1,0,1,7,1,53,0" doraHai="13" doraHaiUra="116" who="1" fromWho="1" sc="147,-14,180,40,275,-8,388,-8" /><INIT seed="5,0,0,1,3,32" ten="133,220,267,380" oya="1" hai0="8,110,89,58,108,119,90,48,7,19,78,129,74" hai1="104,64,125,14,18,21,3,16,66,36,54,40,106" hai2="77,71,112,115,131,44,47,75,101,130,67,120,76" hai3="4,123,102,111,126,38,122,0,134,56,86,57,68"/><U31/><E125/><V11/><F11/><W1/><G68/><T33/><D119/><U51/><E31/><V105/><F67/><W15/><G38/><T116/><D116/><U100/><E3/><V23/><F23/><W133/><G111/><T53/><D129/><N who="2" m="49162" /><F47/><W63/><G126/><T24/><D110/><U98/><E104/><V79/><F44/><W42/><G42/><T30/><D108/><U29/><E40/><V80/><F71/><W91/><G102/><T72/><D19/><U50/><E36/><V96/><F120/><N who="3" m="46123" /><G15/><T13/><REACH who="0" step="1"/><D78/><AGARI ba="0,0" hai="75,76,77,78,79,80,96,101,105,112,115" m="49162" machi="78" ten="40,5200,0" yaku="19,1,34,2" doraHai="32" who="2" fromWho="0" sc="133,-52,220,0,267,52,380,0" /><INIT seed="6,0,0,0,0,107" ten="81,220,319,380" oya="2" hai0="7,102,111,27,23,64,80,2,6,62,127,91,78" hai1="35,100,18,125,94,3,90,29,31,84,11,20,70" hai2="81,116,25,75,5,1,93,88,126,67,112,57,87" hai3="104,85,66,119,58,50,133,22,39,36,54,73,0"/><V120/><F120/><W132/><G104/><T97/><D127/><U115/><E115/><V49/><F116/><W28/><G119/><T72/><D111/><U76/><E125/><V38/><F126/><W114/><G0/><T33/><D2/><U34/><E70/><V95/><F38/><W92/><G66/><T123/><D123/><U106/><E34/><V109/><F112/><W53/><G114/><T32/><D91/><U4/><E35/><V86/><F109/><W83/><G92/><T41/><D41/><U65/><E65/><V42/><F75/><W40/><G40/><T30/><D33/><U12/><E76/><V103/><F5/><W82/><G82/><T128/><D128/><U19/><E106/><V16/><F1/><W68/><G68/><T118/><D118/><U105/><E105/><V89/><F103/><W13/><G73/><T124/><D32/><U110/><E100/><V117/><F117/><W122/><G122/><T69/><REACH who="0" step="1"/><D124/><REACH who="0" ten="71,220,319,380" step="2"/><U121/><E110/><V129/><F129/><W48/><G133/><T98/><D98/><U134/><E134/><V101/><F42/><W47/><G132/><T63/><D63/><U108/><E108/><V113/><F89/><W96/><G96/><T14/><D14/><U24/><E121/><V46/><F88/><W45/><G13/><T74/><D74/><U51/><E51/><V99/><F99/><W17/><G48/><T52/><D52/><U61/><E61/><V10/><F49/><W26/><G54/><T43/><D43/><U8/><AGARI ba="0,1" hai="3,4,8,11,12,18,19,20,24,29,31,84,90,94" machi="8" ten="20,1500,0" yaku="0,1,7,1" doraHai="107" who="1" fromWho="1" sc="71,-4,220,25,319,-7,380,-4" /><INIT seed="7,0,0,0,3,5" ten="67,245,312,376" oya="3" hai0="54,102,7,69,61,115,123,47,21,33,89,25,3" hai1="87,75,30,32,20,29,119,40,79,111,104,64,78" hai2="53,1,84,24,130,72,103,36,98,28,46,100,85" hai3="126,38,12,86,70,16,42,31,122,74,107,71,106"/><W63/><G74/><T11/><D123/><U59/><E111/><V18/><F72/><W108/><G122/><T132/><D132/><U73/><E119/><V97/><F1/><W88/><G108/><T35/><D102/><U52/><E104/><V91/><F130/><W60/><G31/><T37/><D37/><U57/><E40/><V51/><F36/><W135/><G135/><T82/><D69/><U8/><E32/><V76/><F76/><W105/><G126/><T134/><D134/><U96/><E96/><N who="2" m="36971" /><F28/><W121/><G121/><T128/><D128/><U110/><E20/><N who="2" m="13335" /><F85/><W13/><G70/><T81/><D115/><U6/><E64/><V90/><F90/><W23/><G71/><T22/><D22/><U2/><E110/><V66/><F66/><W118/><G118/><T26/><D26/><U67/><E67/><V92/><AGARI ba="0,0" hai="46,51,53,84,91,92,100,103" m="13335,36971" machi="92" ten="30,1100,0" yaku="8,1" doraHai="5" who="2" fromWho="2" sc="67,-3,245,-3,312,11,376,-5" owari="64,-44.0,242,-16.0,323,12.0,371,48.0" /></mjloggm>