<mjloggm ver="2.3"><GO type="169" lobby="0"/><UN n0="%63%6C%75%74%63%68%37%33" n1="%E5%A4%A9%E6%B1%9F%E8%8F%AF%E8%8F%9C" n2="%6B%6F%6A%69%6D%6F%6E%39" n3="%74%75%63%6B%62%6F%63%6B" dan="17,16,16,17" rate="2164.64,2001.48,2096.04,2117.05" sx="M,F,M,M"/><TAIKYOKU oya="0"/><INIT seed="0,0,0,5,4,101" ten="250,250,250,250" oya="0" hai0="11,76,44,84,124,133,52,135,32,77,40,132,115" hai1="129,56,70,102,90,125,134,119,39,122,88,94,16" hai2="103,24,8,61,113,79,98,117,95,4,68,37,100" hai3="127,31,49,48,23,10,114,126,19,71,110,128,47"/><T66/><D115/><U55/><E119/><V12/><F113/><W50/><G114/><T36/><D124/><N who="3" m="47657" /><G71/><T73/><D32/><U104/><E125/><V60/><F117/><W51/><G128/><T58/><D73/><U74/><E39/><V81/><F37/><W82/><G110/><T130/><D130/><U35/><E35/><V41/><F41/><W92/><G92/><T97/><D84/><U53/><E104/><V22/><F68/><W29/><G10/><T25/><D66/><U45/><E74/><V1/><F103/><W78/><G82/><T18/><D97/><N who="1" m="59703" /><E134/><V17/><REACH who="2" step="1"/><F1/><REACH who="2" ten="250,250,240,250" step="2"/><W20/><G78/><T6/><D77/><U91/><E70/><V54/><F54/><N who="3" m="29983" /><G23/><T38/><D76/><U59/><E129/><V57/><F57/><N who="1" m="22089" /><E45/><V69/><F69/><W15/><AGARI ba="0,1" hai="15,19,20,29,31,49,50,51" m="29983,47657" machi="15" ten="30,1100,0" yaku="18,1" doraHai="101" who="3" fromWho="3" sc="250,-5,250,-3,240,-3,250,21" /><INIT seed="1,0,0,2,5,95" ten="245,247,237,271" oya="1" hai0="61,14,24,110,59,98,31,26,48,37,131,30,50" hai1="25,75,90,39,76,13,112,63,83,82,99,120,100" hai2="4,17,121,28,20,128,18,9,73,79,118,0,101" hai3="102,108,52,2,105,62,106,84,27,103,78,127,41"/><U91/><E112/><V86/><F118/><W35/><G2/><T80/><D37/><U132/><E132/><V7/><F121/><W96/><G41/><T12/><D131/><U46/><E120/><V134/><F73/><W71/><G127/><T133/><D133/><U113/><E113/><V36/><F36/><W107/><G108/><T129/><D129/><U58/><E13/><V8/><F128/><W6/><G6/><T116/><D80/><U87/><E25/><V64/><F64/><N who="3" m="41367" /><G103/><T77/><D77/><U72/><E46/><V5/><F101/><W34/><G34/><T56/><D61/><U21/><E21/><V49/><F49/><W92/><G52/><T65/><D65/><U51/><E51/><V55/><F55/><W10/><G10/><N who="2" m="4201" /><F86/><W38/><G38/><T130/><D130/><U93/><E39/><V57/><F57/><W135/><G135/><T88/><D110/><U85/><REACH who="1" step="1"/><E76/><REACH who="1" ten="245,237,237,271" step="2"/><V115/><F79/><W81/><G27/><T97/><D116/><U114/><E114/><V44/><F115/><W69/><G35/><T32/><D32/><U54/><AGARI ba="0,1" hai="54,58,63,72,75,82,83,85,87,90,91,93,99,100" machi="54" ten="20,12000,1" yaku="1,1,0,1,7,1,9,1,52,1,53,0" doraHai="95" doraHaiUra="74" who="1" fromWho="1" sc="245,-40,237,130,237,-40,271,-40" /><INIT seed="1,1,0,1,1,97" ten="205,367,197,231" oya="1" hai0="8,11,126,7,80,2,17,5,65,63,22,83,122" hai1="44,59,84,119,70,135,104,67,74,54,50,123,4" hai2="9,14,10,115,68,49,77,42,61,53,110,94,120" hai3="43,128,101,73,26,87,75,66,36,15,34,129,18"/><U0/><E74/><V51/><F120/><W114/><G114/><T12/><D126/><U116/><E104/><V78/><F110/><W71/><G87/><T108/><D108/><U55/><E84/><V131/><F131/><N who="3" m="50251" /><G43/><T76/><D76/><U19/><E19/><V31/><F31/><N who="3" m="19831" /><G36/><T109/><D109/><U32/><E32/><V133/><F133/><W24/><G24/><T56/><REACH who="0" step="1"/><D122/><REACH who="0" ten="195,367,197,231" step="2"/><U20/><E119/><V96/><F78/><W29/><G75/><T102/><D102/><U111/><E116/><V98/><F77/><W79/><G101/><T57/><D57/><U39/><E59/><V27/><F68/><W46/><G46/><T106/><D106/><U127/><E44/><V125/><F125/><W92/><G79/><T58/><D58/><U134/><E127/><V30/><F115/><W107/><G107/><T124/><D124/><U47/><E47/><V60/><F60/><W117/><G73/><T40/><D40/><U35/><E111/><V95/><F61/><W113/><G117/><T45/><D45/><U3/><E123/><V112/><F112/><W91/><G113/><T23/><D23/><U48/><E20/><V82/><F42/><W64/><G71/><T86/><D86/><U69/><E39/><V37/><F37/><W121/><G121/><T99/><D99/><U88/><E70/><V25/><F98/><N who="3" m="57631" /><G29/><T41/><D41/><U72/><E69/><V93/><F30/><W33/><G33/><T130/><D130/><U28/><E28/><V103/><F103/><W16/><G66/><T21/><D21/><U132/><E67/><RYUUKYOKU ba="1,1" sc="195,30,367,-10,197,-10,231,-10" hai0="2,5,7,8,11,12,17,22,56,63,65,80,83" /><INIT seed="2,2,1,5,3,9" ten="225,357,187,221" oya="2" hai0="128,127,135,32,130,73,121,80,101,116,69,24,112" hai1="10,39,12,38,64,85,115,120,78,3,6,5,55" hai2="76,114,104,62,56,50,94,36,49,102,67,84,7" hai3="30,122,96,95,60,106,117,13,26,14,92,71,70"/><V43/><F114/><W0/><G0/><T109/><D24/><U132/><E115/><V19/><F104/><W8/><G122/><T89/><D89/><U98/><E120/><V107/><F107/><W4/><G117/><T79/><D101/><U118/><E118/><V99/><F7/><W52/><G106/><T81/><D81/><U133/><E98/><V47/><REACH who="2" step="1"/><F19/><REACH who="2" ten="225,357,177,221" step="2"/><W72/><G4/><T31/><D31/><U15/><E5/><V65/><F65/><W27/><G30/><T90/><D79/><U58/><E64/><V33/><F33/><W77/><G77/><T25/><D32/><U83/><E39/><V126/><F126/><W35/><G35/><T88/><D112/><U110/><E38/><V74/><F74/><W113/><G72/><T100/><D73/><U40/><E132/><V29/><F29/><W42/><G113/><T18/><D135/><U93/><E133/><V28/><F28/><W105/><G105/><T46/><D18/><U131/><E6/><V41/><F41/><W63/><G42/><T108/><D127/><U37/><E40/><V59/><F59/><W57/><G57/><T97/><D121/><U23/><E37/><V91/><F91/><W20/><G71/><T124/><D88/><U53/><E58/><V21/><F21/><W54/><G70/><T11/><D90/><N who="1" m="53455" /><E23/><V75/><F75/><W34/><G20/><T17/><D69/><U103/><E103/><V51/><F51/><W129/><G34/><T22/><D100/><U86/><E10/><V48/><F48/><W1/><G8/><T61/><D124/><RYUUKYOKU ba="2,2" sc="225,-10,357,-10,177,30,221,-10" hai2="36,43,47,49,50,56,62,67,76,84,94,99,102" /><INIT seed="2,3,2,1,5,122" ten="215,347,207,211" oya="2" hai0="72,37,15,19,78,86,97,6,61,103,108,45,26" hai1="75,101,68,9,98,114,112,107,44,60,132,41,46" hai2="48,0,66,59,64,109,120,54,17,27,56,35,85" hai3="71,73,110,39,102,7,119,18,77,40,5,76,90"/><V100/><F120/><W94/><G119/><T1/><D61/><U128/><E75/><V31/><F0/><W123/><G123/><T58/><D58/><U14/><E128/><V33/><F33/><W111/><G71/><T34/><D86/><U21/><E21/><V135/><F135/><W95/><G18/><T105/><D19/><U63/><E132/><V124/><F124/><W23/><G23/><T42/><D15/><U24/><E24/><V30/><F30/><W79/><G73/><T88/><D88/><U99/><E99/><V83/><F100/><W36/><G102/><T93/><D93/><U74/><E74/><V91/><F109/><N who="3" m="41483" /><G94/><T8/><D108/><U116/><E116/><V32/><F32/><W28/><G28/><N who="0" m="19735" /><D78/><U129/><E129/><V4/><F4/><N who="3" m="1611" /><G40/><T29/><D29/><U96/><E96/><AGARI ba="3,2" hai="36,39,76,77,79,90,95,96" m="1611,41483" machi="96" ten="30,7700,0" yaku="14,1,52,3" doraHai="122" who="3" fromWho="1" sc="215,0,347,-86,207,0,211,106" /><INIT seed="3,0,0,5,4,38" ten="215,261,207,317" oya="3" hai0="129,16,48,100,108,124,76,130,51,22,24,42,1" hai1="52,132,0,44,87,43,23,32,134,122,45,75,126" hai2="92,19,37,21,9,26,8,27,128,14,110,115,84" hai3="104,66,95,73,61,31,64,81,28,10,88,70,13"/><W53/><G104/><T123/><D108/><U94/><E32/><V55/><F37/><W125/><G125/><T4/><D123/><U99/><E75/><V35/><F115/><W93/><G66/><T116/><D116/><U82/><E23/><V46/><F110/><W36/><G53/><T112/><D112/><U25/><E126/><V96/><F84/><W40/><G93/><T12/><D124/><U72/><E72/><V34/><F128/><N who="0" m="49258" /><D76/><U127/><E0/><V17/><F55/><W90/><G73/><T71/><D71/><U85/><E25/><N who="2" m="9227" /><F46/><W3/><G3/><T39/><D1/><U98/><E52/><V54/><F54/><W89/><G81/><T49/><D100/><U29/><E127/><V118/><F92/><W111/><G95/><T67/><D67/><U50/><E29/><V109/><F96/><W114/><G114/><T131/><N who="0" m="49266" /><T5/><DORA hai="11" /><D24/><U59/><E59/><V79/><F79/><W69/><G69/><T60/><D60/><U103/><E122/><V6/><F118/><W33/><G33/><N who="2" m="12297" /><F109/><W105/><G111/><T65/><D65/><U63/><E63/><V56/><F56/><W2/><G31/><T7/><D39/><U86/><E45/><AGARI ba="0,0" hai="4,5,7,12,16,22,42,45,48,49,51" m="49266" machi="45" ten="50,8000,1" yaku="19,1,52,2,54,1" doraHai="38,11" who="0" fromWho="1" sc="215,80,261,-80,207,0,317,0" /><INIT seed="4,0,0,5,1,80" ten="295,181,207,317" oya="0" hai0="59,27,26,87,34,125,104,36,32,63,113,110,33" hai1="57,101,130,82,107,105,48,40,134,43,29,83,17" hai2="79,90,96,127,45,22,98,89,4,86,55,112,31" hai3="35,133,44,124,53,10,46,118,54,73,67,30,28"/><T85/><D113/><U132/><E130/><V49/><F112/><W1/><G118/><T115/><D104/><N who="1" m="40011" /><E101/><V52/><F127/><W99/><G124/><T14/><D115/><U11/><E29/><V2/><F2/><W15/><G1/><T39/><D125/><U20/><E11/><V103/><F4/><W51/><G73/><T102/><D102/><U24/><E57/><V106/><F98/><W3/><G3/><T76/><D76/><U7/><E7/><V38/><F38/><W13/><G67/><T5/><D5/><U65/><E65/><V123/><F123/><W6/><G35/><T120/><D120/><U111/><E111/><V42/><F90/><W41/><G99/><T71/><D71/><U88/><E82/><V84/><F31/><W128/><G128/><T68/><D14/><U64/><E48/><V9/><F9/><W60/><G15/><T72/><D68/><U18/><E18/><V58/><F22/><W78/><G78/><T114/><D72/><U74/><E64/><V19/><F19/><W121/><G121/><T56/><D114/><U75/><E75/><V23/><F23/><W21/><G21/><T131/><D131/><U69/><E69/><V91/><F55/><W12/><G12/><T70/><D70/><U0/><E0/><V100/><F100/><W25/><G6/><T108/><D34/><U47/><E74/><V116/><F116/><W135/><G13/><T109/><D109/><U92/><E83/><V66/><F66/><W61/><G10/><T122/><D122/><U117/><E117/><V94/><F106/><RYUUKYOKU ba="0,0" sc="295,30,181,-10,207,-10,317,-10" hai0="26,27,32,33,36,39,56,59,63,85,87,108,110" /><INIT seed="4,1,0,0,0,68" ten="325,171,197,307" oya="0" hai0="116,67,37,47,121,94,10,30,0,110,35,43,60" hai1="99,5,129,125,51,76,81,41,63,127,98,19,25" hai2="32,16,83,93,44,28,57,128,70,115,95,109,58" hai3="8,9,101,75,31,38,62,122,111,82,79,72,6"/><T26/><D121/><U65/><E5/><V69/><F109/><W54/><G111/><T1/><D110/><U23/><E129/><V50/><F128/><W49/><G122/><T100/><D116/><U56/><E41/><V22/><F115/><W74/><G101/><T126/><D126/><N who="1" m="48139" /><E51/><V80/><F28/><W104/><G104/><T86/><D10/><U134/><E134/><V46/><F32/><W133/><G133/><T17/><D17/><U87/><AGARI ba="1,0" hai="19,23,25,56,63,65,76,81,87,98,99" m="48139" machi="87" ten="30,1100,0" yaku="18,1" doraHai="68" who="1" fromWho="1" sc="325,-6,171,14,197,-4,307,-4" /><INIT seed="5,0,0,0,1,62" ten="319,185,193,303" oya="1" hai0="76,23,66,71,9,24,91,38,135,53,26,104,96" hai1="134,73,83,90,69,36,118,129,122,120,14,4,98" hai2="49,46,121,45,3,19,85,115,18,113,13,86,43" hai3="105,33,133,107,108,88,126,77,55,6,78,94,97"/><U28/><E36/><V63/><F3/><W29/><G6/><T57/><D38/><U40/><E40/><V92/><F121/><N who="1" m="46697" /><E69/><V103/><F19/><W15/><G15/><T12/><D135/><U50/><E50/><V7/><F7/><W31/><G55/><T48/><D104/><U109/><E14/><V47/><F63/><W39/><G39/><T25/><D76/><N who="1" m="44431" /><E28/><V30/><F30/><W44/><G44/><T22/><D71/><U130/><E4/><V41/><F47/><W42/><G42/><T124/><D124/><U21/><E21/><V61/><F61/><W111/><G133/><T114/><D114/><N who="2" m="43530" /><F103/><W75/><G31/><T35/><D35/><U8/><E8/><N who="2" m="6439" /><F92/><W100/><G29/><T116/><D116/><U81/><E134/><V131/><F131/><N who="1" m="50185" /><E118/><V2/><F2/><W80/><G33/><T82/><D23/><U127/><E127/><V119/><F119/><W60/><G60/><N who="0" m="38159" /><D22/><U128/><N who="1" m="50193" /><U70/><DORA hai="64" /><E70/><V95/><F43/><W1/><G126/><T89/><D12/><U20/><E20/><V125/><F125/><W123/><G1/><T110/><D9/><U56/><E56/><V32/><F32/><W17/><G17/><T11/><D11/><U102/><E109/><V51/><F45/><W68/><G68/><T27/><D27/><U99/><E102/><V87/><F51/><W5/><G5/><T112/><D112/><U37/><E37/><V117/><F117/><W72/><G100/><T65/><D110/><U101/><E101/><V16/><F16/><W132/><G132/><T0/><D0/><RYUUKYOKU ba="0,0" sc="319,-15,185,15,193,15,303,-15" hai1="81,90,98,99" hai2="41,46,49,85,86,87,95" /><INIT seed="5,1,0,2,4,32" ten="304,200,208,288" oya="1" hai0="122,38,89,73,40,31,7,8,96,34,95,100,121" hai1="130,97,66,110,106,49,11,91,81,53,113,21,83" hai2="25,62,15,75,94,5,72,98,124,103,18,6,71" hai3="14,50,57,43,128,109,16,51,105,48,36,78,0"/><U61/><E113/><V126/><F25/><W44/><G109/><T9/><D73/><U4/><E110/><V26/><F26/><W112/><G105/><T120/><D31/><U1/><E130/><V54/><F75/><W88/><G112/><T76/><D34/><U70/><E21/><V41/><F41/><W68/><G128/><T27/><D27/><U45/><REACH who="1" step="1"/><E91/><REACH who="1" ten="304,190,208,288" step="2"/><V101/><F126/><W104/><G88/><T52/><D89/><U86/><E86/><V99/><F124/><W132/><G78/><T60/><D122/><U125/><E125/><V28/><F72/><W90/><G90/><T111/><D111/><U65/><E65/><V10/><F28/><W64/><G64/><T116/><D121/><U20/><E20/><V117/><F117/><W59/><G132/><T85/><D116/><U12/><E12/><V63/><F71/><W131/><G68/><T17/><D120/><U87/><E87/><V92/><REACH who="2" step="1"/><F54/><REACH who="2" ten="304,190,198,288" step="2"/><W77/><G131/><T123/><D52/><U115/><E115/><V119/><F119/><W114/><G114/><T47/><D123/><U3/><E3/><V67/><F67/><W135/><G0/><T58/><D85/><U24/><E24/><V127/><F127/><W129/><G129/><T134/><D134/><U84/><E84/><V74/><F74/><W56/><G135/><T93/><D40/><U42/><E42/><V35/><F35/><W133/><G133/><T39/><D96/><U22/><E22/><V2/><F2/><W23/><G77/><T30/><D30/><U46/><E46/><V118/><F118/><RYUUKYOKU ba="1,2" sc="304,-30,190,10,198,10,288,10" hai1="1,4,11,45,49,53,61,66,70,81,83,97,106" hai2="5,6,10,15,18,62,63,92,94,98,99,101,103" hai3="14,16,23,36,43,44,48,50,51,56,57,59,104" /><INIT seed="5,2,2,0,2,116" ten="274,200,208,298" oya="1" hai0="85,74,105,97,17,127,134,90,10,22,133,8,51" hai1="87,118,11,52,38,44,131,50,71,120,119,69,80" hai2="0,57,30,41,36,67,49,23,106,47,42,26,16" hai3="40,68,82,111,65,135,123,86,132,110,6,113,77"/><U37/><E11/><V70/><F106/><W94/><G6/><T55/><D74/><U39/><E87/><V19/><F0/><W98/><G40/><T79/><D79/><U5/><E5/><V34/><F34/><W54/><G54/><T45/><D127/><U84/><E84/><V114/><F114/><W100/><G68/><N who="1" m="26186" /><E80/><V92/><F92/><W4/><G65/><T117/><D117/><N who="1" m="44555" /><E131/><V104/><F104/><W125/><G125/><T103/><D134/><N who="3" m="51241" /><G4/><T81/><D133/><U96/><E96/><V93/><F93/><W1/><G113/><T95/><D105/><U13/><E13/><AGARI ba="2,2" hai="8,10,13,17,22,45,51,55,81,85,90,95,97,103" machi="13" ten="30,2000,0" yaku="7,1,8,1" doraHai="116" who="0" fromWho="1" sc="274,46,200,-26,208,0,298,0" /><INIT seed="6,0,0,2,3,109" ten="320,174,208,298" oya="2" hai0="88,14,1,6,132,104,84,26,36,135,33,130,110" hai1="38,7,16,51,41,93,131,5,22,9,103,58,23" hai2="74,65,52,61,18,91,120,112,133,105,30,59,55" hai3="117,37,8,27,60,56,49,121,34,129,66,94,118"/><V107/><F120/><W108/><G108/><T79/><D110/><U10/><E38/><V3/><F3/><W92/><G121/><T106/><D79/><U127/><E131/><V86/><F74/><W85/><G129/><T47/><D130/><U40/><E127/><V124/><F133/><N who="0" m="51274" /><D1/><U125/><E125/><V17/><F124/><W31/><G37/><T72/><D72/><U39/><E39/><V126/><F30/><W24/><G8/><N who="1" m="3178" /><E23/><V73/><F73/><W81/><G27/><T68/><D68/><U35/><E35/><V70/><F55/><W134/><G134/><T102/><D102/><U87/><E58/><V82/><F126/><W114/><G118/><T15/><D6/><N who="1" m="2059" /><E51/><V71/><F71/><W44/><G117/><T69/><D69/><U12/><E103/><V53/><F53/><W76/><G49/><T29/><D47/><U43/><E93/><V97/><F107/><N who="0" m="41002" /><D36/><U99/><E87/><V95/><F105/><W101/><G44/><T25/><D26/><U64/><E99/><V62/><REACH who="2" step="1"/><F112/><REACH who="2" ten="320,174,198,298" step="2"/><W115/><G101/><AGARI ba="0,1" hai="17,18,52,59,61,62,65,70,82,86,91,95,97,101" machi="101" ten="30,11600,0" yaku="1,1,2,1,7,1,54,1,53,0" doraHai="109" doraHaiUra="45" who="2" fromWho="3" sc="320,0,174,0,198,126,298,-116" /><INIT seed="6,1,0,4,3,127" ten="320,174,324,182" oya="2" hai0="130,74,96,78,71,33,29,86,30,68,14,92,133" hai1="2,94,27,40,35,69,109,110,103,111,125,21,66" hai2="91,105,15,113,49,31,134,99,131,17,48,47,45" hai3="4,1,98,72,50,120,16,65,117,90,36,89,9"/><V10/><F113/><W11/><G117/><T108/><D108/><U67/><E125/><V55/><F134/><W119/><G119/><T122/><D122/><U53/><E2/><V13/><F31/><W84/><G72/><T95/><D74/><U7/><E7/><V12/><F131/><W107/><G36/><T62/><D130/><U22/><E40/><V28/><F28/><W59/><G120/><T112/><D112/><U118/><E118/><V26/><F26/><W61/><G50/><T25/><D14/><U114/><E114/><V5/><F5/><W106/><G98/><T19/><D19/><U88/><E103/><V24/><F24/><W83/><G90/><T18/><D18/><U124/><E124/><V23/><F23/><W79/><REACH who="3" step="1"/><G89/><REACH who="3" ten="320,174,324,172" step="2"/><T76/><D96/><U3/><E3/><V77/><F77/><W115/><G115/><T54/><D86/><U70/><E35/><V6/><F6/><W75/><G75/><T64/><D33/><U100/><E100/><V132/><F132/><W51/><G51/><T129/><D133/><U85/><E53/><V39/><F39/><W8/><G8/><T52/><D54/><U63/><REACH who="1" step="1"/><E27/><REACH who="1" ten="320,164,324,172" step="2"/><V46/><F55/><W104/><G104/><T57/><D52/><U44/><E44/><V101/><F91/><W97/><G97/><T41/><D25/><U42/><E42/><N who="2" m="24631" /><F47/><W56/><G56/><T58/><D41/><U116/><E116/><V0/><F0/><W102/><G102/><T20/><D29/><U87/><E87/><V37/><F37/><W34/><G34/><T80/><D30/><RYUUKYOKU ba="1,2" sc="320,-30,164,10,324,10,172,10" hai1="21,22,63,66,67,69,70,85,88,94,109,110,111" hai2="10,12,13,15,17,46,49,99,101,105" hai3="1,4,9,11,16,59,61,65,79,83,84,106,107" /><INIT seed="6,2,2,3,0,61" ten="290,174,334,182" oya="2" hai0="124,17,128,100,132,118,93,78,13,26,27,102,70" hai1="37,21,68,90,50,6,76,129,75,10,30,115,116" hai2="77,111,43,72,69,49,121,41,91,38,0,82,86" hai3="24,80,56,103,19,119,58,112,87,16,113,14,42"/><V8/><F121/><W20/><G119/><T9/><D118/><U108/><E116/><V96/><F111/><W131/><G103/><T40/><D132/><U73/><E37/><V64/><F96/><W85/><G42/><T67/><D128/><U105/><E108/><V11/><F38/><W134/><G131/><T3/><D124/><U15/><E105/><V33/><F33/><W110/><G110/><T109/><D109/><U104/><E104/><V5/><F11/><N who="3" m="6239" /><G134/><T81/><D3/><U59/><E129/><V99/><F99/><W106/><G106/><T117/><D117/><U23/><E68/><V22/><F22/><W92/><G92/><T83/><D40/><U79/><E115/><N who="3" m="44106" /><G87/><T88/><D100/><U4/><E73/><V45/><F43/><W54/><G54/><T62/><D102/><U48/><E75/><V65/><F69/><W107/><G107/><T94/><D94/><AGARI ba="2,2" hai="0,5,8,41,45,49,64,65,72,77,82,86,91,94" machi="94" ten="30,5800,0" yaku="7,1,52,2" doraHai="61" who="2" fromWho="0" sc="290,-64,174,0,334,84,182,0" /><INIT seed="6,3,0,2,1,76" ten="226,174,418,182" oya="2" hai0="41,39,95,106,83,80,67,123,101,51,86,56,93" hai1="81,110,13,66,32,61,3,15,75,114,77,47,63" hai2="37,111,60,16,30,57,91,105,113,103,54,42,48" hai3="117,94,124,21,135,72,118,20,90,130,69,24,65"/><V85/><F113/><W46/><G72/><T36/><D106/><U109/><E3/><V73/><F73/><W122/><G122/><T108/><D108/><U50/><E32/><V52/><F30/><W87/><G46/><T55/><D123/><U92/><E114/><V4/><F4/><W115/><G115/><T84/><D101/><U89/><E109/><V116/><F116/><W33/><G33/><T7/><D7/><U22/><E110/><V17/><F111/><W49/><G49/><T1/><D1/><U128/><E128/><V26/><F26/><W62/><G21/><T129/><D129/><U58/><E22/><V18/><F37/><W100/><G130/><T12/><D67/><U23/><E61/><V71/><F42/><W98/><G135/><T10/><D39/><U121/><E23/><V119/><F119/><W97/><G97/><T45/><D12/><U133/><E133/><V2/><F2/><W35/><G124/><T127/><D10/><U38/><E38/><V68/><F103/><W59/><G69/><T107/><D107/><U120/><E121/><V131/><F105/><W102/><G102/><T125/><D125/><U88/><E120/><V132/><F132/><W14/><G14/><N who="1" m="5130" /><E92/><N who="0" m="35401" /><D127/><U99/><E99/><V96/><F96/><W74/><G74/><T34/><D34/><U134/><E134/><V27/><F27/><W112/><G35/><T6/><D6/><U8/><E8/><V53/><F131/><W78/><G112/><T9/><D9/><U104/><E104/><V28/><F71/><W82/><G100/><T25/><D25/><RYUUKYOKU ba="3,0" sc="226,10,174,10,418,-30,182,10" hai0="36,41,45,51,55,56,80,83,84,86" hai1="47,50,58,63,66,75,77,81,88,89" hai3="20,24,59,62,65,78,82,87,90,94,98,117,118" /><INIT seed="7,4,0,0,1,111" ten="236,184,388,192" oya="3" hai0="113,135,38,58,45,9,116,87,92,10,133,28,86" hai1="30,24,0,63,57,64,69,4,83,77,109,12,122" hai2="14,31,53,132,130,73,27,127,131,21,70,56,102" hai3="71,41,65,105,44,43,52,11,29,129,7,123,39"/><W117/><G123/><T5/><D116/><U42/><E109/><V104/><F73/><W115/><G117/><T59/><D28/><U22/><E122/><V82/><F70/><W2/><G129/><N who="2" m="49161" /><F132/><N who="0" m="50762" /><D113/><U61/><E42/><V47/><F127/><W3/><G43/><N who="0" m="22775" /><D10/><U88/><E0/><V78/><F47/><W101/><G115/><T48/><D92/><U1/><E1/><V100/><F14/><W85/><G29/><T19/><D19/><U121/><E121/><V34/><F104/><W103/><G2/><N who="0" m="183" /><D48/><U84/><E4/><V37/><F37/><W94/><G105/><T114/><D114/><U62/><E12/><V97/><F97/><W8/><G8/><T17/><D17/><U25/><E25/><V112/><F34/><W107/><G107/><T67/><D59/><U15/><E15/><V35/><F35/><W55/><G71/><T119/><D119/><U68/><E68/><V108/><F108/><W33/><G33/><T32/><D32/><U76/><REACH who="1" step="1"/><E62/><AGARI ba="4,0" hai="58,62,67,86,87" m="183,22775,50762" machi="62" ten="30,1000,0" yaku="20,1" doraHai="111" who="0" fromWho="1" sc="236,22,184,-22,388,0,192,0" owari="258,6.0,162,-34.0,388,49.0,192,-21.0" /></mjloggm>