<mjloggm ver="2.3"><GO type="185" lobby="0"/><UN n0="%E9%9B%80%E3%82%B0%E3%83%A9%E3%83%BC" n1="%E3%82%B5%E3%83%B3%E3%83%9E%E6%BC%81%E5%B8%AB%4B" n2="%E8%99%B9%E9%87%8E%E3%82%86%E3%82%81" n3="" dan="16,17,16,0" rate="2109.49,2256.42,2155.44,1500.00" sx="M,M,F,C"/><TAIKYOKU oya="0"/><INIT seed="0,0,0,0,0,35" ten="350,350,350,0" oya="0" hai0="62,135,128,119,40,63,129,110,81,97,84,76,48" hai1="67,32,102,79,70,64,74,66,122,42,0,99,37" hai2="117,133,73,43,51,38,96,124,47,123,88,57,111" hai3=""/><T95/><D119/><U112/><N who="1" m="31264" /><U114/><E32/><V115/><N who="2" m="31520" /><V65/><F115/><T118/><D118/><U59/><E70/><V3/><F117/><T120/><N who="0" m="30752" /><T75/><D110/><U39/><E59/><V131/><F111/><T52/><D75/><U77/><E0/><V107/><F131/><N who="0" m="50250" /><D40/><U103/><E99/><V108/><F108/><T86/><D86/><U58/><E58/><V100/><F57/><T106/><D106/><U105/><E105/><V82/><F107/><T87/><D87/><U41/><E67/><V44/><F65/><T94/><D135/><U109/><E109/><V90/><F133/><T55/><D55/><U68/><E68/><V121/><F43/><T53/><D95/><U125/><E74/><V34/><F73/><T113/><D113/><U91/><E114/><V78/><F34/><T33/><D33/><U1/><E112/><V50/><F121/><T89/><D53/><U72/><E72/><V80/><F80/><T126/><D126/><U83/><E125/><V56/><F124/><T69/><D69/><U36/><E41/><V134/><F134/><T132/><D132/><U93/><E42/><V61/><F82/><T98/><D98/><U85/><E83/><RYUUKYOKU ba="0,0" sc="350,20,350,-10,350,-10,0,0" hai0="48,52,62,63,76,81,84,89,94,97" /><INIT seed="0,1,0,1,3,59" ten="370,340,340,0" oya="0" hai0="76,133,104,125,94,1,113,42,130,82,86,90,3" hai1="46,119,77,55,105,134,117,89,45,53,2,110,87" hai2="66,124,96,62,126,102,101,111,112,85,95,64,83" hai3=""/><T74/><D113/><U114/><E2/><V68/><F112/><T80/><D125/><N who="2" m="48234" /><F111/><T118/><D118/><U36/><E105/><V135/><F135/><T41/><D133/><U78/><E36/><V39/><F39/><T107/><D130/><U61/><E134/><V106/><F64/><T98/><D107/><U37/><E37/><V99/><F83/><T54/><D54/><U88/><E87/><AGARI ba="1,0" hai="62,66,68,85,87,95,96,99,101,102,106" m="48234" machi="87" ten="30,2000,0" yaku="18,1,52,1" doraHai="59" who="2" fromWho="1" sc="370,0,340,-22,340,22,0,0" /><INIT seed="1,0,0,2,3,74" ten="370,318,362,0" oya="1" hai0="53,36,124,37,133,105,97,103,129,45,135,110,113" hai1="40,51,47,50,134,82,131,119,41,85,64,59,70" hai2="55,60,125,130,78,128,61,107,58,90,122,65,92" hai3=""/><U106/><E106/><V109/><N who="2" m="31264" /><V75/><F107/><T111/><D113/><U121/><N who="1" m="31008" /><U115/><E115/><V57/><F109/><N who="0" m="41482" /><D129/><U54/><E131/><V83/><REACH who="2" step="1"/><F125/><REACH who="2" ten="370,318,352,0" step="2"/><T94/><D124/><U91/><E119/><V120/><N who="2" m="30752" /><V43/><F43/><T73/><D73/><U76/><E134/><N who="0" m="51209" /><D105/><U79/><REACH who="1" step="1"/><E41/><REACH who="1" ten="370,308,352,0" step="2"/><V62/><F62/><AGARI ba="0,2" hai="40,47,50,51,54,59,62,64,70,76,79,82,85,91" m="31008" machi="62" ten="40,18000,2" yaku="1,1,2,1,52,3,53,1" doraHai="74" doraHaiUra="39" who="1" fromWho="2" sc="370,0,308,200,352,-180,0,0" /><INIT seed="1,1,0,2,1,97" ten="370,508,172,0" oya="1" hai0="90,65,74,63,88,82,107,70,57,115,80,86,84" hai1="95,66,128,77,87,79,62,72,106,131,125,64,103" hai2="89,50,92,41,43,132,1,51,56,114,69,85,2" hai3=""/><U135/><E106/><V110/><F69/><T34/><D34/><U105/><E105/><V32/><F32/><T111/><D115/><U58/><E72/><V96/><F114/><T98/><D111/><U0/><E0/><V119/><F119/><T45/><D45/><U3/><E3/><V116/><F116/><T83/><D70/><U124/><E66/><V108/><F132/><T39/><D39/><U81/><E79/><V47/><F1/><T49/><D49/><U130/><E135/><V118/><F118/><T37/><D37/><U38/><E38/><V129/><F129/><T93/><D74/><U76/><E76/><V54/><F2/><T36/><D36/><U113/><E113/><V102/><REACH who="2" step="1"/><F41/><REACH who="2" ten="370,508,162,0" step="2"/><T75/><D75/><U100/><REACH who="1" step="1"/><E95/><AGARI ba="1,1" hai="43,47,50,51,54,56,85,89,92,95,96,102,108,110" machi="95" ten="40,8000,1" yaku="1,1,2,1,52,1,53,1" doraHai="97" doraHaiUra="53" who="2" fromWho="1" sc="370,0,508,-82,162,92,0,0" /><INIT seed="2,0,0,3,5,117" ten="370,426,254,0" oya="2" hai0="112,88,87,42,44,33,76,132,47,60,36,80,48" hai1="93,49,61,78,37,115,91,126,56,52,135,133,94" hai2="81,95,116,54,70,50,58,40,69,108,75,46,122" hai3=""/><V103/><N who="2" m="31264" /><V68/><F116/><T86/><D33/><U0/><E0/><V32/><F32/><T106/><D106/><U131/><E37/><V85/><F108/><T96/><D112/><U110/><E115/><V109/><F109/><T59/><D132/><U90/><E110/><V84/><F75/><T107/><D107/><U130/><E78/><V111/><F111/><T62/><D96/><U97/><E126/><V63/><REACH who="2" step="1"/><F81/><REACH who="2" ten="370,426,244,0" step="2"/><T57/><D80/><U129/><REACH who="1" step="1"/><E61/><REACH who="1" ten="370,416,244,0" step="2"/><V128/><F128/><T35/><D35/><U66/><E66/><V65/><F65/><T3/><D60/><U120/><N who="1" m="30752" /><U123/><N who="1" m="31520" /><U118/><E118/><V41/><F41/><T71/><D62/><U125/><E125/><V124/><F124/><T34/><D34/><U121/><N who="1" m="31008" /><U43/><E43/><V134/><F134/><T77/><D42/><U104/><E104/><V67/><F67/><T74/><D3/><U127/><E127/><V39/><F39/><T79/><D36/><U83/><E83/><V119/><F119/><T101/><D74/><U45/><E45/><V64/><F64/><T73/><D73/><U114/><E114/><V100/><F100/><T98/><D101/><U38/><E38/><RYUUKYOKU ba="0,2" sc="370,-20,416,10,244,10,0,0" hai1="49,52,56,90,91,93,94,97,129,130,131,133,135" hai2="40,46,50,54,58,63,68,69,70,84,85,95,103" /><INIT seed="2,1,2,1,4,79" ten="350,426,254,0" oya="2" hai0="111,57,96,58,45,108,85,104,43,84,110,60,0" hai1="81,51,121,99,106,74,54,61,130,35,132,70,62" hai2="37,105,82,112,103,116,100,118,33,52,34,2,32" hai3=""/><V66/><F112/><T113/><D0/><U64/><N who="1" m="31008" /><U38/><E35/><V83/><F2/><T107/><D113/><U68/><E38/><V47/><F66/><T127/><D127/><U1/><E1/><V55/><F37/><T93/><D107/><U91/><E132/><V67/><F67/><T50/><D50/><U80/><E74/><V114/><F114/><T42/><D104/><U46/><E130/><V72/><F72/><T77/><D77/><U128/><E128/><V135/><F135/><T134/><D134/><U133/><E133/><V119/><F105/><T75/><D75/><U89/><E61/><V131/><F131/><T101/><D58/><U124/><E124/><V129/><F129/><T41/><REACH who="0" step="1"/><D45/><REACH who="0" ten="340,426,254,0" step="2"/><U98/><E106/><V56/><F47/><T44/><D44/><U126/><E126/><V36/><F36/><T102/><D102/><N who="2" m="38954" /><F56/><T73/><D73/><U39/><E39/><V95/><F95/><T122/><N who="0" m="31264" /><T109/><N who="0" m="27648" /><DORA hai="123" /><T125/><D125/><U115/><E115/><V69/><F69/><T3/><D3/><U63/><E68/><V86/><F32/><T87/><D87/><U48/><E70/><V120/><N who="2" m="30752" /><V71/><F33/><T117/><D117/><RYUUKYOKU ba="1,3" sc="340,20,426,-10,254,-10,0,0" hai0="41,42,43,57,60,84,85,93,96,101" /><INIT seed="4,2,3,1,2,100" ten="360,416,244,0" oya="0" hai0="109,85,46,51,135,50,32,58,129,33,125,72,91" hai1="47,118,77,66,119,78,55,90,104,96,99,79,106" hai2="43,67,71,124,84,87,102,35,62,48,54,98,69" hai3=""/><T80/><D109/><U82/><E66/><V133/><F35/><T74/><D125/><U61/><E61/><V53/><F71/><T0/><D0/><U111/><E55/><V115/><F124/><T110/><D110/><U89/><E47/><V93/><F115/><T65/><D135/><U116/><E111/><V42/><F54/><T2/><D2/><U68/><E68/><V113/><F113/><T44/><D129/><U131/><E131/><V70/><F70/><T83/><D58/><U103/><E82/><V81/><F133/><T1/><D65/><U132/><E132/><V39/><F39/><T45/><D1/><U123/><N who="1" m="31520" /><U95/><E90/><V75/><F42/><T130/><D130/><U57/><E57/><V121/><N who="2" m="31008" /><V107/><F43/><T64/><D64/><U97/><E103/><V128/><F128/><T3/><D3/><U63/><E63/><V114/><F114/><T92/><D32/><U86/><AGARI ba="2,3" hai="77,78,79,86,89,95,96,97,99,104,106,116,118,119" m="31520" machi="86" ten="40,12000,3" yaku="0,1,29,2,34,3,52,3" doraHai="100" who="1" fromWho="1" sc="360,-82,416,154,244,-42,0,0" /><INIT seed="5,0,0,0,1,102" ten="278,570,202,0" oya="1" hai0="39,96,53,60,57,47,128,62,118,56,76,89,130" hai1="79,2,69,94,119,100,97,93,134,61,131,74,84" hai2="107,87,115,3,82,42,91,92,83,132,52,58,99" hai3=""/><U110/><E2/><V34/><F34/><T48/><D76/><U116/><E69/><V122/><N who="2" m="31264" /><V108/><F108/><T78/><D78/><U103/><E61/><V106/><F3/><T46/><D89/><U133/><E110/><V81/><F132/><N who="1" m="50793" /><E131/><N who="0" m="50217" /><D96/><U35/><E35/><V33/><F33/><T59/><D118/><N who="1" m="45099" /><E74/><V0/><F0/><T75/><D75/><U50/><E50/><V70/><F70/><T38/><D38/><U129/><E129/><V88/><F115/><T64/><D39/><U105/><E103/><V123/><N who="2" m="31520" /><V85/><F42/><T49/><D49/><U40/><E40/><V44/><F87/><T68/><D68/><U124/><E124/><V126/><F126/><T117/><D117/><U43/><E43/><V67/><F85/><T125/><D125/><U51/><E51/><V77/><F99/><T80/><D80/><AGARI ba="0,0" hai="79,80,84,93,94,97,100,105" m="45099,50793" machi="80" ten="30,11600,0" yaku="20,1,34,2,52,1" doraHai="102" who="1" fromWho="0" sc="278,-116,570,116,202,0,0,0" /><INIT seed="5,1,0,2,2,79" ten="162,686,202,0" oya="1" hai0="53,123,105,64,131,78,120,49,90,102,45,47,58" hai1="46,69,41,86,36,60,80,77,129,56,68,103,92" hai2="1,85,116,95,88,59,99,128,52,62,0,93,57" hai3=""/><U133/><E133/><V51/><F128/><T83/><N who="0" m="30752" /><T113/><N who="0" m="31520" /><T37/><D131/><U82/><E129/><V135/><F135/><T75/><D113/><U112/><E112/><V35/><F116/><T2/><D2/><U73/><E92/><V130/><F35/><T101/><D105/><U134/><E103/><V43/><F130/><T106/><D106/><U98/><E98/><V34/><F34/><T87/><D47/><U118/><E118/><V40/><F0/><T122/><N who="0" m="31264" /><T124/><D124/><U54/><E134/><V91/><REACH who="2" step="1"/><F1/><REACH who="2" ten="162,686,192,0" step="2"/><T71/><D71/><U42/><E42/><V119/><F119/><T3/><D3/><U127/><E127/><V55/><AGARI ba="1,1" hai="40,43,51,52,55,57,59,62,85,88,91,93,95,99" machi="55" ten="20,12000,3" yaku="1,1,0,1,7,1,8,1,54,2,53,2" doraHai="79" doraHaiUra="39" who="2" fromWho="2" sc="162,-41,686,-81,192,132,0,0" /><INIT seed="6,0,0,3,5,110" ten="121,605,324,0" oya="2" hai0="102,59,105,121,68,134,96,76,66,60,89,67,101" hai1="133,41,120,48,109,37,115,80,85,38,50,106,73" hai2="74,123,64,77,71,91,78,135,87,57,79,114,47" hai3=""/><V93/><N who="2" m="31520" /><V118/><F118/><T72/><N who="0" m="31008" /><T88/><D66/><U113/><N who="1" m="30752" /><U3/><E3/><V129/><F129/><T63/><D60/><U131/><E73/><V104/><F135/><T100/><D59/><U43/><E106/><V108/><F108/><T127/><D63/><U132/><E109/><V117/><F117/><T95/><D67/><U75/><E75/><V62/><F104/><T61/><D61/><U107/><E107/><V58/><F74/><T45/><D45/><U97/><E97/><V69/><F69/><T124/><D68/><U32/><E32/><V125/><F125/><T83/><D134/><N who="1" m="51819" /><E131/><V70/><F70/><T49/><D49/><N who="1" m="19051" /><E43/><V65/><F47/><T90/><REACH who="0" step="1"/><D105/><REACH who="0" ten="111,605,324,0" step="2"/><U2/><E41/><V84/><F65/><T35/><D35/><U55/><E55/><V128/><F128/><T46/><D46/><U53/><E53/><V34/><F34/><T130/><D130/><U36/><E2/><V86/><F71/><T92/><D92/><U99/><E38/><V81/><F57/><T54/><D54/><U122/><E36/><V82/><F93/><T103/><N who="0" m="25600" /><DORA hai="56" /><T39/><D39/><U52/><E37/><V51/><F51/><T44/><D44/><RYUUKYOKU ba="0,1" sc="111,20,605,-10,324,-10,0,0" hai0="72,76,83,88,89,90,95,96,124,127" owari="131,-47.0,605,56.0,314,-9.0,0,0.0" /></mjloggm>