<mjloggm ver="2.3"><GO type="185" lobby="0"/><UN n0="%E9%9B%80%E3%82%B0%E3%83%A9%E3%83%BC" n1="%44%75%73%6B" n2="%E3%81%82%E3%81%B9%E3%81%97%E3%81%A3%E3%81%A3" n3="" dan="16,16,16,0" rate="2107.35,2153.12,2225.56,1500.00" sx="M,M,M,C"/><TAIKYOKU oya="0"/><INIT seed="0,0,0,3,5,111" ten="350,350,350,0" oya="0" hai0="50,112,126,127,2,56,79,37,42,86,77,83,81" hai1="44,115,121,78,108,124,51,76,85,129,99,3,101" hai2="61,113,70,60,71,123,84,72,90,38,122,88,58" hai3=""/><T106/><D2/><U100/><N who="1" m="31008" /><U105/><E108/><V62/><N who="2" m="31264" /><V87/><N who="2" m="31520" /><V1/><F72/><T45/><D106/><U40/><E3/><V0/><F38/><T104/><D104/><U59/><E129/><V36/><F36/><T55/><REACH who="0" step="1"/><D112/><REACH who="0" ten="340,350,350,0" step="2"/><U75/><E115/><V125/><F113/><T110/><D110/><U54/><E124/><V82/><F125/><T33/><D33/><U92/><E75/><AGARI ba="0,1" hai="37,42,45,50,55,56,75,77,79,81,83,86,126,127" machi="75" ten="40,3900,0" yaku="1,1,53,1" doraHai="111" doraHaiUra="49" who="0" fromWho="1" sc="340,49,350,-39,350,0,0,0" /><INIT seed="0,1,0,4,5,88" ten="389,311,350,0" oya="0" hai0="92,124,71,63,76,87,105,93,53,110,132,91,98" hai1="125,60,54,73,95,37,82,66,118,107,59,89,75" hai2="86,67,111,116,43,109,50,0,57,122,90,48,77" hai3=""/><T81/><D124/><U120/><N who="1" m="30752" /><U52/><E118/><V127/><N who="2" m="31264" /><V84/><F0/><T99/><D132/><U121/><N who="1" m="31008" /><U61/><E125/><V134/><F134/><T85/><D110/><U135/><E135/><V42/><F116/><T80/><D71/><U78/><E107/><V133/><F133/><T94/><D63/><U64/><E37/><V51/><F127/><T35/><D53/><U102/><E102/><V129/><F129/><T103/><REACH who="0" step="1"/><D35/><REACH who="0" ten="379,311,350,0" step="2"/><U2/><E2/><V62/><F111/><T128/><D128/><U123/><N who="1" m="31520" /><U117/><E117/><V45/><F109/><T114/><D114/><U49/><E61/><V32/><F32/><T68/><D68/><U72/><E54/><V108/><F108/><T69/><D69/><U130/><E130/><V126/><F126/><T47/><D47/><U33/><E33/><V1/><F1/><T131/><D131/><U115/><E115/><V46/><F45/><T70/><D70/><U44/><REACH who="1" step="1"/><E66/><REACH who="1" ten="379,301,350,0" step="2"/><V83/><REACH who="2" step="1"/><F46/><REACH who="2" ten="379,301,340,0" step="2"/><T58/><D58/><U55/><E55/><V119/><F119/><T40/><D40/><U97/><AGARI ba="1,3" hai="44,49,52,59,60,64,72,73,75,78,82,89,95,97" m="31520,31008,30752" machi="97" ten="20,12000,3" yaku="1,1,0,1,7,1,52,4,54,1,53,0" doraHai="88" doraHaiUra="38" who="1" fromWho="1" sc="379,-81,301,152,340,-41,0,0" /><INIT seed="1,0,0,4,0,70" ten="298,453,299,0" oya="1" hai0="64,56,97,45,100,71,128,62,116,38,101,88,132" hai1="63,75,50,111,36,80,55,84,65,43,83,129,79" hai2="120,91,98,42,124,115,44,103,117,68,74,92,121" hai3=""/><U57/><E129/><V114/><N who="2" m="30752" /><V122/><N who="2" m="31008" /><V77/><N who="2" m="31264" /><V72/><F68/><T54/><D116/><U125/><E125/><V60/><F117/><T0/><D0/><U37/><E111/><V96/><F60/><T35/><D35/><U39/><E43/><V52/><F52/><T58/><D132/><U81/><REACH who="1" step="1"/><E75/><REACH who="1" ten="298,443,299,0" step="2"/><V130/><F124/><T76/><D128/><U82/><E82/><V105/><F130/><T53/><D76/><U127/><E127/><V93/><F77/><T48/><D71/><AGARI ba="0,1" hai="36,37,39,50,55,57,63,65,71,79,80,81,83,84" machi="71" ten="40,12000,1" yaku="1,1,52,3,53,0" doraHai="70" doraHaiUra="2" who="1" fromWho="0" sc="298,-120,443,130,299,0,0,0" /><INIT seed="1,1,0,5,4,89" ten="178,573,299,0" oya="1" hai0="127,87,103,2,83,84,82,77,113,51,78,0,43" hai1="104,68,58,102,124,117,79,57,74,33,131,63,72" hai2="133,39,1,76,122,134,75,49,81,80,111,101,48" hai3=""/><U95/><E117/><V73/><N who="2" m="31264" /><V120/><N who="2" m="30752" /><V65/><F1/><T92/><D113/><U115/><E33/><V52/><F39/><T59/><D127/><U42/><E115/><V119/><F119/><T61/><D51/><U126/><E104/><V46/><F111/><T32/><D43/><U41/><E131/><V129/><F65/><T130/><D32/><U96/><E68/><V45/><F101/><T37/><D37/><U70/><E70/><V60/><F60/><T108/><D108/><U109/><E109/><V55/><REACH who="2" step="1"/><F76/><REACH who="2" ten="178,573,289,0" step="2"/><T67/><D130/><AGARI ba="1,1" hai="45,46,48,49,52,55,73,75,80,81,129,130,133,134" m="30752,31264" machi="130" ten="25,12000,2" yaku="1,1,2,1,22,2,52,2,54,1,53,0" doraHai="89" doraHaiUra="112" who="2" fromWho="0" sc="178,-122,573,0,289,132,0,0" /><INIT seed="2,0,0,3,3,75" ten="56,573,421,0" oya="2" hai0="125,73,46,90,47,50,92,34,132,60,51,103,111" hai1="83,134,87,91,66,100,62,71,53,110,69,48,43" hai2="128,96,85,56,106,135,81,121,41,82,58,114,37" hai3=""/><V119/><N who="2" m="31008" /><V102/><F119/><T88/><D34/><U1/><E110/><V98/><F114/><T67/><D73/><U129/><E129/><V108/><F128/><T101/><D111/><U36/><E134/><V84/><F108/><T45/><D132/><U117/><E117/><V89/><F135/><T2/><D2/><U86/><E100/><V72/><F41/><T115/><D115/><U99/><E1/><V33/><F37/><T3/><D3/><U126/><E126/><V109/><F33/><T59/><D125/><U52/><E69/><V123/><N who="2" m="31520" /><V42/><F42/><T49/><REACH who="0" step="1"/><D92/><REACH who="0" ten="46,573,421,0" step="2"/><U65/><E71/><V105/><F109/><T61/><D61/><U57/><E43/><V124/><F124/><T116/><D116/><U68/><E68/><V44/><F72/><T32/><D32/><U78/><E36/><V112/><F112/><T93/><D93/><U80/><E99/><V120/><N who="2" m="30752" /><V70/><F70/><T64/><D64/><U133/><E133/><V127/><F127/><T40/><D40/><U118/><E118/><V122/><N who="2" m="31264" /><V113/><F113/><T77/><D77/><U79/><E78/><V38/><F38/><T97/><D97/><U74/><E74/><RYUUKYOKU ba="0,1" sc="46,10,573,10,421,-20,0,0" hai0="45,46,47,49,50,51,59,60,67,88,90,101,103" hai1="48,52,53,57,62,65,66,79,80,83,86,87,91" /><INIT seed="4,1,1,0,4,41" ten="56,583,401,0" oya="0" hai0="103,133,44,88,62,121,87,113,99,74,129,67,32" hai1="126,75,77,51,38,135,47,72,68,71,118,48,98" hai2="57,52,122,105,37,127,70,45,42,65,100,96,59" hai3=""/><T66/><N who="0" m="31008" /><T131/><D74/><U132/><E118/><V111/><N who="2" m="31264" /><V102/><F111/><T60/><D32/><U1/><E38/><V43/><F127/><T83/><D133/><N who="1" m="51275" /><E126/><V92/><F59/><T33/><D33/><U108/><E108/><V46/><F65/><T81/><D113/><U36/><E36/><V54/><F70/><N who="1" m="26665" /><E77/><V107/><F100/><T56/><D81/><U104/><E51/><V89/><F102/><T40/><D60/><U130/><E130/><V128/><F128/><T110/><D110/><U134/><E1/><V120/><N who="2" m="30752" /><V114/><F114/><T35/><D35/><U109/><E109/><V69/><F69/><T123/><N who="0" m="31520" /><T125/><D125/><U3/><E3/><V82/><F82/><T94/><REACH who="0" step="1"/><D67/><REACH who="0" ten="46,583,401,0" step="2"/><U86/><E134/><V91/><F54/><T50/><AGARI ba="1,2" hai="40,44,50,56,62,66,83,87,88,94,99,103,129,131" m="31520,31008" machi="50" ten="30,16000,3" yaku="1,1,2,1,0,1,52,3,54,1,53,1" doraHai="41" doraHaiUra="97" who="0" fromWho="0" sc="46,182,583,-81,401,-81,0,0" /><INIT seed="4,2,0,1,4,57" ten="228,502,320,0" oya="0" hai0="61,62,134,41,95,112,111,121,123,116,39,59,60" hai1="92,43,83,56,106,42,108,135,0,127,109,107,119" hai2="125,40,96,103,117,115,98,94,89,65,34,88,32" hai3=""/><T1/><N who="0" m="31008" /><T46/><N who="0" m="31520" /><T131/><D1/><U84/><E119/><V58/><F117/><T85/><D116/><U64/><E0/><V3/><F3/><T75/><D75/><U66/><E135/><V132/><F132/><T50/><D134/><U55/><E127/><V78/><F115/><T48/><D112/><U129/><E109/><V104/><F125/><T93/><D111/><U53/><E129/><V102/><F78/><T91/><D131/><U49/><E108/><V2/><F40/><N who="1" m="15401" /><E106/><V79/><F79/><T37/><REACH who="0" step="1"/><D93/><REACH who="0" ten="218,502,320,0" step="2"/><U122/><N who="1" m="31264" /><U82/><E92/><V63/><REACH who="2" step="1"/><F2/><REACH who="2" ten="218,502,310,0" step="2"/><T73/><D73/><U113/><E113/><V120/><N who="2" m="30752" /><V77/><F77/><T90/><D90/><AGARI ba="2,2" hai="32,34,58,63,65,88,89,90,94,96,98,102,103,104" m="30752" machi="90" ten="40,8000,1" yaku="1,1,52,2,54,1,53,0" doraHai="57" doraHaiUra="45" who="2" fromWho="0" sc="218,-84,502,0,310,104,0,0" /><INIT seed="5,0,0,0,5,102" ten="134,502,414,0" oya="1" hai0="77,118,64,101,129,49,48,116,74,45,60,131,0" hai1="114,128,133,122,95,56,91,43,112,62,115,89,75" hai2="84,32,69,73,68,135,125,76,109,35,55,86,54" hai3=""/><U98/><N who="1" m="31264" /><U88/><E75/><V99/><F109/><T52/><D0/><U97/><E128/><N who="0" m="49225" /><D101/><U100/><E133/><V90/><F73/><T65/><D77/><U82/><E43/><V66/><F76/><T58/><D74/><U2/><E2/><V111/><F111/><T103/><D103/><U108/><E108/><V107/><F66/><N who="0" m="25706" /><D49/><U104/><E82/><V59/><F99/><T119/><D60/><U61/><E62/><V36/><F90/><T117/><N who="0" m="29696" /><DORA hai="57" /><T134/><D134/><U67/><AGARI ba="0,0" hai="56,61,67,88,89,91,95,97,98,100,104,112,114,115" m="31264" machi="67" ten="30,12000,2" yaku="0,1,15,1,52,3,54,1" doraHai="102,57" who="1" fromWho="1" sc="134,-60,502,120,414,-60,0,0" /><INIT seed="5,1,0,2,3,86" ten="74,622,354,0" oya="1" hai0="38,68,134,34,45,115,88,0,132,127,97,103,129" hai1="90,32,48,135,41,55,37,75,35,80,83,128,112" hai2="74,105,61,111,81,106,87,82,100,44,60,118,93" hai3=""/><U72/><E112/><V78/><F118/><T62/><D0/><U108/><E128/><V1/><F1/><T71/><D34/><U77/><E135/><V99/><F111/><T121/><N who="0" m="31008" /><T53/><D129/><U126/><E126/><V56/><F44/><T70/><D103/><U42/><E108/><V110/><F60/><T64/><D97/><U84/><E72/><V85/><F74/><T107/><D107/><U69/><E69/><V116/><F116/><T96/><D96/><U92/><E92/><V52/><F110/><T59/><D127/><U91/><E91/><AGARI ba="1,0" hai="52,56,61,78,81,82,85,87,91,93,99,100,105,106" machi="91" ten="30,3900,0" yaku="7,1,52,1,54,1" doraHai="86" who="2" fromWho="1" sc="74,0,622,-41,354,41,0,0" /><INIT seed="6,0,0,4,4,134" ten="74,581,395,0" oya="2" hai0="105,41,133,126,118,32,117,57,115,116,46,86,51" hai1="85,56,73,1,52,94,114,128,76,100,132,91,83" hai2="66,80,63,35,65,81,109,39,48,97,82,98,60" hai3=""/><V127/><F35/><T96/><D86/><U119/><E132/><V130/><F39/><T108/><D96/><U72/><E114/><V40/><F130/><T59/><D51/><U123/><N who="1" m="31520" /><U125/><E125/><V135/><F135/><T90/><D90/><U106/><E119/><V3/><F3/><T92/><D92/><U95/><E128/><V122/><N who="2" m="31264" /><V131/><F131/><T0/><D46/><U79/><E1/><V70/><F109/><T111/><D41/><U37/><E37/><V107/><F127/><T129/><D59/><U112/><E112/><V110/><F110/><T42/><D57/><U89/><E52/><V68/><F107/><T47/><D47/><AGARI ba="0,0" hai="40,47,48,60,63,65,66,68,70,80,81,82,97,98" m="31264" machi="47" ten="40,3900,0" yaku="9,1,52,1" doraHai="134" who="2" fromWho="0" sc="74,-39,581,0,395,39,0,0" /><INIT seed="6,1,0,2,4,89" ten="35,581,434,0" oya="2" hai0="33,81,87,68,102,84,115,58,45,32,43,116,125" hai1="41,70,40,65,46,121,56,95,118,93,109,61,91" hai2="37,86,96,59,110,82,83,131,71,80,79,100,35" hai3=""/><V101/><F35/><T106/><D58/><U85/><N who="1" m="31008" /><U66/><E109/><V108/><F71/><T0/><D45/><U119/><E66/><V44/><F37/><T111/><D43/><U74/><E74/><V120/><N who="2" m="30752" /><V38/><F38/><T92/><D33/><U3/><E3/><V126/><F44/><T90/><D68/><U69/><E40/><V42/><F42/><T133/><D32/><U104/><E104/><V52/><F126/><T105/><D0/><U135/><E135/><V122/><N who="2" m="31264" /><V103/><F131/><T36/><D36/><U47/><E47/><V63/><F96/><T97/><D116/><N who="1" m="44587" /><E46/><V107/><F107/><T94/><D111/><N who="2" m="42538" /><F86/><T72/><D115/><U1/><E1/><V49/><F79/><T55/><D55/><U127/><E127/><V54/><F54/><T39/><D39/><U98/><E41/><V51/><F51/><T48/><D48/><U129/><E129/><V34/><F34/><T62/><D62/><U123/><N who="1" m="31520" /><U114/><E69/><V67/><F49/><T112/><D112/><U60/><E114/><V57/><F67/><T113/><D113/><U130/><E130/><V99/><F57/><T2/><D2/><U75/><E70/><RYUUKYOKU ba="1,0" sc="35,-10,581,-10,434,20,0,0" hai2="52,59,63,80,82,83,99,100,101,103" /><INIT seed="6,2,0,1,1,70" ten="25,571,454,0" oya="2" hai0="131,115,37,38,108,85,48,84,83,98,93,62,75" hai1="116,127,104,61,39,56,91,1,120,103,105,32,121" hai2="2,43,134,46,79,45,96,113,71,0,34,128,68" hai3=""/><V55/><F34/><T126/><D48/><U81/><N who="1" m="30752" /><U88/><N who="1" m="31008" /><U52/><E32/><V122/><N who="2" m="31264" /><V89/><F113/><T100/><D62/><U73/><E1/><V110/><F134/><T57/><D57/><U86/><E127/><V49/><F128/><T106/><D38/><U74/><E116/><V69/><F110/><T101/><D37/><U44/><E103/><V135/><F135/><T3/><D3/><U125/><E125/><V118/><F118/><T67/><D67/><U123/><N who="1" m="31520" /><U109/><E109/><V111/><F111/><T66/><D66/><U41/><REACH who="1" step="1"/><E91/><REACH who="1" ten="25,561,454,0" step="2"/><V119/><F119/><T64/><D64/><U129/><E129/><V124/><F124/><T133/><D131/><U132/><E132/><V50/><REACH who="2" step="1"/><F79/><REACH who="2" ten="25,561,444,0" step="2"/><T47/><D126/><U114/><E114/><V53/><F53/><T117/><D115/><U36/><E36/><V65/><F65/><T40/><D117/><U80/><E80/><V94/><AGARI ba="2,2" hai="0,2,43,45,46,49,50,55,68,69,71,89,94,96" m="31264" machi="94" ten="40,5200,0" yaku="1,1,0,1,52,1,53,0" doraHai="70" doraHaiUra="97" who="2" fromWho="2" sc="25,-28,561,-28,444,76,0,0" owari="-3,-60.0,533,48.0,520,12.0,0,0.0" /></mjloggm>