<mjloggm ver="2.3"><GO type="169" lobby="0"/><UN n0="%E4%BD%8E%E3%82%81%E3%82%B9%E3%83%A9%E3%82%A4%E3%83%80%E3%83%BC" n1="%E3%81%B2%E3%81%AA%E3%81%B3%E3%81%9F%E3%82%AD%E3%83%8E%E3%82%B3" n2="%E3%81%9F%E3%81%8B%E3%81%A3%E3%81%A6%E3%81%83%E3%83%BC" n3="%52%45%49%4E%E6%A3%AE%E4%B9%85%E4%BF%9D%50" dan="16,16,17,16" rate="2145.31,2083.60,2219.92,2138.37" sx="F,M,F,M"/><TAIKYOKU oya="0"/><INIT seed="0,0,0,2,3,33" ten="250,250,250,250" oya="0" hai0="25,22,66,122,135,7,120,99,69,84,30,31,38" hai1="23,105,117,13,16,88,111,48,64,102,45,46,129" hai2="4,59,37,15,107,70,128,1,67,71,10,87,119" hai3="58,125,76,9,103,52,79,26,20,40,127,86,42"/><T18/><D38/><U92/><E117/><V124/><F119/><W126/><G103/><T93/><D135/><U104/><E111/><V2/><F107/><W21/><G9/><T27/><D7/><U19/><E129/><V89/><F37/><W131/><G131/><T32/><D84/><U5/><E102/><V51/><F128/><W17/><G21/><T81/><D81/><U134/><E134/><V116/><F116/><W91/><G76/><T83/><D83/><U82/><E82/><V0/><F124/><W62/><REACH who="3" step="1"/><G79/><REACH who="3" ten="250,250,250,240" step="2"/><T44/><D122/><U110/><E110/><V98/><F98/><W95/><AGARI ba="0,1" hai="17,20,26,40,42,52,58,62,86,91,95,125,126,127" machi="95" ten="30,8000,1" yaku="1,1,2,1,0,1,18,1,54,1,53,0" doraHai="33" doraHaiUra="60" who="3" fromWho="3" sc="250,-40,250,-20,250,-20,240,90" /><INIT seed="1,0,0,5,3,124" ten="210,230,230,330" oya="1" hai0="54,125,16,49,68,65,4,10,67,50,110,122,53" hai1="1,0,108,130,56,112,62,75,78,34,101,92,17" hai2="123,45,25,64,61,102,132,27,43,105,51,42,44" hai3="6,119,81,21,11,14,36,13,52,39,33,133,96"/><U20/><E112/><V12/><F123/><W76/><G133/><T106/><D106/><U22/><E34/><V100/><F132/><W87/><G33/><T117/><D117/><U35/><E35/><V88/><F12/><W55/><G119/><T31/><D31/><U79/><E108/><V24/><F105/><W97/><G39/><T129/><D125/><U111/><E111/><V19/><F19/><N who="3" m="10487" /><G36/><T59/><D110/><U58/><E92/><V63/><F88/><N who="3" m="51311" /><G97/><T48/><D68/><U69/><E69/><V86/><F86/><W66/><G76/><T104/><D104/><U91/><E75/><V99/><F99/><W57/><G96/><T70/><D70/><U120/><E120/><V15/><F15/><W94/><G94/><T71/><D71/><U135/><E135/><V3/><F3/><W82/><G82/><T7/><D122/><U26/><E101/><N who="2" m="39019" /><F64/><W47/><G47/><N who="2" m="17993" /><F51/><W89/><G89/><T109/><D67/><U93/><E91/><V2/><F2/><W9/><G9/><T95/><D65/><U30/><E93/><V114/><F114/><W28/><G28/><T80/><D80/><U74/><E74/><V98/><F98/><W72/><G72/><T5/><D109/><U85/><E85/><V23/><F23/><W107/><G107/><T18/><D95/><U103/><E103/><V118/><F118/><W40/><G40/><AGARI ba="0,0" hai="24,25,27,40,42,43,61,63" m="17993,39019" machi="40" ten="30,3900,0" yaku="28,2,8,1" doraHai="124" who="2" fromWho="3" sc="210,0,230,0,230,39,330,-39" /><INIT seed="2,0,0,3,3,39" ten="210,230,269,291" oya="2" hai0="83,59,16,11,69,99,115,45,31,86,127,113,130" hai1="107,97,88,4,128,32,46,19,132,131,94,36,27" hai2="93,10,80,134,15,100,22,20,111,24,34,51,91" hai3="135,125,119,68,106,48,78,21,41,65,12,77,61"/><V5/><F134/><W44/><G106/><T87/><D69/><U64/><E132/><V133/><F133/><W89/><G135/><T103/><D130/><N who="1" m="49707" /><E4/><V122/><F122/><W116/><G125/><T112/><D127/><U123/><E64/><V95/><F111/><W53/><G89/><T73/><D31/><U79/><E79/><V126/><F126/><W66/><G66/><T74/><D86/><U7/><E7/><V2/><F2/><W38/><G77/><T55/><D45/><U120/><E107/><V40/><F100/><W54/><G78/><T67/><D67/><U42/><E19/><V28/><F80/><W105/><G105/><T72/><D87/><U121/><E121/><V62/><F62/><W81/><G81/><T29/><D29/><AGARI ba="0,0" hai="27,29,32,36,42,46,88,94,97,120,123" m="49707" machi="29" ten="30,3900,0" yaku="19,1,52,1,54,1" doraHai="39" who="1" fromWho="0" sc="210,-39,230,39,269,0,291,0" /><INIT seed="3,0,0,2,1,4" ten="171,269,269,291" oya="3" hai0="94,58,88,111,120,100,108,5,21,106,67,127,103" hai1="11,101,87,83,54,49,46,38,118,19,112,0,25" hai2="115,20,132,15,13,64,77,124,81,27,35,10,24" hai3="135,107,51,90,14,69,42,130,82,84,121,47,34"/><W1/><G107/><T70/><D120/><U61/><E112/><V85/><F115/><W12/><G34/><T3/><D127/><U93/><E118/><V74/><F124/><W131/><G121/><T92/><D70/><U119/><E38/><V89/><F132/><W32/><G69/><T9/><D106/><U53/><E25/><V104/><F104/><W56/><G32/><T109/><D21/><U129/><E129/><N who="3" m="49162" /><G1/><T128/><D94/><U41/><E61/><V122/><F122/><W125/><G125/><T60/><REACH who="0" step="1"/><D128/><REACH who="0" ten="161,269,269,291" step="2"/><U57/><E93/><V117/><F35/><W22/><G135/><T55/><D55/><U29/><E54/><V28/><F20/><W63/><G22/><T95/><D95/><U40/><E53/><AGARI ba="0,1" hai="12,14,42,47,51,53,56,63,82,84,90" m="49162" machi="53" ten="30,1500,0" yaku="19,1" doraHai="4" who="3" fromWho="1" sc="161,0,269,-15,269,0,291,25" /><INIT seed="3,1,0,2,5,61" ten="161,254,269,316" oya="3" hai0="56,116,118,47,107,97,109,9,38,121,17,19,63" hai1="76,30,83,84,51,95,130,50,91,7,108,29,119" hai2="100,12,132,110,42,88,54,0,1,128,66,127,15" hai3="67,23,94,99,113,2,123,90,134,74,20,26,14"/><W10/><G113/><T46/><D121/><U70/><E70/><V53/><F110/><W27/><G74/><T93/><D107/><U73/><E108/><V98/><F128/><W122/><G2/><T111/><D38/><U72/><E130/><V131/><F131/><W44/><G44/><T81/><D81/><U125/><E125/><V37/><F127/><W106/><G106/><T35/><D35/><U92/><E119/><V58/><F132/><W48/><G48/><T57/><D63/><U64/><E73/><V124/><F124/><W80/><G134/><T22/><D22/><U5/><E64/><V3/><F66/><W45/><G80/><T6/><D6/><U52/><E51/><V33/><F33/><W103/><G45/><T129/><D129/><U102/><E102/><V28/><F28/><W120/><G90/><T36/><D36/><U31/><REACH who="1" step="1"/><E95/><REACH who="1" ten="161,244,269,316" step="2"/><V133/><F100/><W34/><G67/><T25/><D116/><U21/><E21/><V71/><F71/><W89/><G103/><T79/><D118/><U11/><E11/><V126/><F126/><W8/><G34/><T78/><D9/><U40/><E40/><V69/><F69/><W55/><G23/><T39/><D39/><U114/><E114/><V49/><F133/><W82/><G20/><T96/><D25/><U87/><E87/><V4/><F37/><W32/><G10/><T101/><D93/><U68/><E68/><V16/><F42/><W59/><G8/><T62/><D101/><U115/><E115/><V135/><F135/><W77/><G32/><T117/><D117/><RYUUKYOKU ba="1,1" sc="161,15,244,15,269,-15,316,-15" hai0="17,19,46,47,56,57,62,78,79,96,97,109,111" hai1="5,7,29,30,31,50,52,72,76,83,84,91,92" /><INIT seed="4,2,1,0,0,59" ten="176,259,254,301" oya="0" hai0="16,24,20,0,92,74,122,86,50,61,55,43,120" hai1="123,100,84,82,114,57,31,63,110,6,79,104,75" hai2="30,99,10,88,116,70,8,76,46,69,41,90,125" hai3="95,91,109,119,1,13,83,11,4,32,135,40,117"/><T19/><D74/><U48/><E123/><V17/><F125/><W53/><G109/><T80/><D0/><U97/><E110/><V45/><F116/><W113/><G113/><T118/><D118/><U37/><E114/><V62/><F76/><W78/><G32/><T101/><D122/><U52/><E37/><V72/><F72/><W127/><G127/><T98/><D120/><U5/><E31/><V54/><F30/><W14/><G40/><T115/><D115/><U126/><E126/><V87/><F99/><W131/><G131/><T23/><D43/><U56/><REACH who="1" step="1"/><E75/><REACH who="1" ten="176,249,254,301" step="2"/><V2/><F2/><W26/><G119/><T103/><D103/><U121/><E121/><V21/><F69/><W94/><G1/><T107/><D107/><U64/><AGARI ba="2,2" hai="5,6,48,52,56,57,63,64,79,82,84,97,100,104" machi="64" ten="20,8000,1" yaku="1,1,0,1,7,1,52,1,54,1,53,0" doraHai="59" doraHaiUra="112" who="1" fromWho="1" sc="176,-42,249,106,254,-22,301,-22" /><INIT seed="5,0,0,1,3,81" ten="134,355,232,279" oya="1" hai0="24,55,95,71,42,56,125,128,63,102,0,3,94" hai1="78,90,129,17,44,18,120,50,127,107,19,22,126" hai2="79,4,92,87,53,14,20,104,91,134,13,108,52" hai3="132,1,69,40,15,99,7,25,60,86,133,59,48"/><U85/><E120/><V103/><F108/><W39/><G1/><T49/><D3/><U65/><E107/><V68/><F68/><W114/><G99/><T28/><D0/><U32/><E32/><V110/><F110/><W43/><G25/><T5/><D5/><U37/><E37/><V27/><F134/><N who="3" m="51819" /><G86/><T82/><D128/><U105/><E105/><V111/><F111/><W51/><G15/><N who="2" m="5641" /><F104/><W135/><N who="3" m="51827" /><W122/><DORA hai="131" /><G7/><T72/><D72/><U26/><E78/><V30/><F4/><W34/><G34/><T61/><D125/><N who="1" m="47627" /><E65/><V29/><F29/><W101/><G101/><T10/><D102/><U117/><E117/><V62/><F103/><W88/><G114/><T83/><D28/><U100/><E100/><V97/><F62/><W76/><G76/><T77/><D77/><U45/><E129/><V106/><F106/><W58/><G88/><T119/><D119/><U36/><E22/><V33/><F33/><W109/><G109/><T75/><D75/><U98/><E26/><V54/><F79/><W115/><G115/><T8/><D24/><U41/><E98/><AGARI ba="0,0" hai="20,27,30,52,53,54,87,91,92,97,98" m="5641" machi="98" ten="30,3900,0" yaku="8,1,52,1,54,1" doraHai="81,131" who="2" fromWho="1" sc="134,0,355,-39,232,39,279,0" /><INIT seed="6,0,0,3,4,35" ten="134,316,271,279" oya="2" hai0="107,113,131,7,102,42,39,82,18,75,74,30,22" hai1="95,44,60,106,128,28,51,78,31,96,57,15,16" hai2="83,65,116,114,27,20,89,100,21,120,11,122,84" hai3="76,23,67,129,61,8,43,62,101,29,6,79,94"/><V32/><F116/><W115/><G43/><T98/><D131/><U117/><E106/><V63/><F114/><W38/><G38/><T105/><D105/><U41/><E78/><V127/><F127/><W108/><G115/><T77/><D113/><U49/><E49/><V26/><F100/><W88/><G62/><T59/><D30/><U119/><E128/><V12/><F32/><W97/><G108/><T14/><D7/><U56/><E56/><V1/><F1/><W73/><G73/><T70/><D70/><U126/><E126/><V81/><F81/><W24/><G129/><T110/><D110/><U93/><E93/><V19/><F21/><W54/><G54/><T5/><D5/><U133/><E133/><V36/><F36/><W47/><G47/><T112/><D112/><U104/><E104/><V85/><F85/><W17/><G17/><T130/><D130/><U45/><E45/><V55/><F55/><W25/><G25/><T71/><D71/><U33/><E33/><V34/><F27/><W3/><REACH who="3" step="1"/><G101/><REACH who="3" ten="134,316,271,269" step="2"/><T66/><D42/><U92/><E119/><V0/><F34/><W124/><G124/><T132/><D39/><U40/><E40/><V2/><F122/><W90/><G90/><T80/><D132/><U99/><E117/><V72/><F72/><N who="0" m="27690" /><D77/><U135/><E135/><V109/><F120/><W125/><G125/><T9/><D66/><N who="1" m="39183" /><E28/><N who="2" m="17479" /><F109/><W123/><G123/><T50/><D50/><U10/><E31/><V103/><F103/><W91/><G91/><T69/><D69/><AGARI ba="0,1" hai="3,6,8,23,24,29,61,67,69,76,79,88,94,97" machi="69" ten="30,7700,0" yaku="1,1,7,1,52,1,54,1,53,0" doraHai="35" doraHaiUra="121" who="3" fromWho="0" sc="134,-77,316,0,271,0,269,87" /><INIT seed="7,0,0,5,1,0" ten="57,316,271,356" oya="3" hai0="6,44,47,102,1,77,89,48,8,7,131,92,87" hai1="78,119,20,125,13,81,9,74,27,130,25,38,105" hai2="122,24,10,128,4,43,120,93,76,134,111,69,5" hai3="18,42,106,135,80,58,55,79,45,95,99,16,109"/><W3/><G3/><T52/><D131/><U65/><E130/><V129/><F111/><W133/><G106/><T11/><D102/><U49/><E38/><V39/><F69/><W86/><G109/><T73/><D73/><U29/><E125/><V118/><F118/><W72/><G72/><T126/><D126/><U68/><E119/><V84/><F134/><N who="3" m="51211" /><G45/><T28/><D28/><U116/><E116/><V67/><F67/><W114/><G42/><T100/><D100/><U101/><E65/><V34/><F129/><W121/><G121/><N who="2" m="46697" /><F128/><W64/><G64/><T36/><D36/><U21/><E68/><V22/><F34/><W61/><G114/><T112/><D77/><U117/><E117/><V35/><F35/><W98/><G98/><T110/><D110/><U59/><E101/><AGARI ba="0,0" hai="16,18,55,58,61,79,80,86,95,99,101" m="51211" machi="101" ten="30,2900,0" yaku="20,1,54,1" doraHai="0" who="3" fromWho="1" sc="57,0,316,-29,271,0,356,29" owari="57,-44.0,287,9.0,271,-13.0,385,48.0" /></mjloggm>