<mjloggm ver="2.3"><GO type="169" lobby="0"/><UN n0="%E3%81%A4%E3%82%80%E3%81%90" n1="%E5%8D%97%E5%B8%9D%E5%8D%97%E6%B5%A6" n2="%E7%8F%BE%E5%A4%A7%E7%9C%9F%E9%BE%8D%E5%B0%86" n3="%E8%A5%BF%E5%B2%A1%E8%82%B2%E6%9C%AA%E2%99%AA" dan="16,16,16,16" rate="2057.76,2085.69,2046.54,2102.78" sx="M,M,M,F"/><TAIKYOKU oya="0"/><INIT seed="0,0,0,3,4,42" ten="250,250,250,250" oya="0" hai0="17,113,122,9,13,59,101,23,29,109,111,105,66" hai1="91,88,18,97,126,130,114,135,65,54,81,72,106" hai2="90,12,71,95,85,3,50,131,43,127,11,34,132" hai3="32,63,104,26,68,48,133,2,56,134,70,27,16"/><T4/><D113/><U52/><E114/><V86/><F3/><W20/><G2/><T47/><D122/><U46/><E130/><V25/><F71/><W37/><G37/><T38/><D105/><U57/><E135/><N who="3" m="51722" /><G104/><T75/><D101/><U22/><E126/><V94/><F132/><W35/><G48/><T33/><D75/><U92/><E106/><V98/><F131/><W112/><G112/><T45/><D38/><U96/><E72/><V82/><F127/><W39/><G39/><T41/><D41/><U6/><E6/><V8/><F34/><N who="3" m="12843" /><G27/><N who="0" m="18623" /><D66/><AGARI ba="0,0" hai="16,20,26,56,63,66,68,70" m="12843,51722" machi="66" ten="30,2000,0" yaku="20,1,54,1" doraHai="42" who="3" fromWho="0" sc="250,-20,250,0,250,0,250,20" /><INIT seed="1,0,0,2,3,103" ten="230,250,250,270" oya="1" hai0="97,62,60,25,24,65,63,85,59,22,74,66,127" hai1="120,33,123,84,98,93,44,8,56,32,106,113,6" hai2="78,45,105,23,100,73,92,96,101,108,35,70,109" hai3="91,125,0,107,54,42,18,41,3,14,12,38,86"/><U134/><E113/><V52/><F35/><W64/><G64/><T124/><D74/><U119/><E119/><V37/><F70/><W15/><G125/><T79/><D124/><U16/><E134/><V30/><F78/><W126/><G126/><T111/><D127/><U39/><E33/><V13/><F73/><W90/><G38/><T128/><D111/><U46/><E32/><V4/><F4/><W57/><G107/><T21/><D128/><U72/><E72/><V114/><F114/><W40/><G18/><T68/><D97/><U89/><E56/><V9/><F9/><W47/><G47/><T83/><D63/><U131/><E131/><V77/><F77/><W122/><G122/><T27/><AGARI ba="0,0" hai="21,22,24,25,27,59,60,62,65,66,68,79,83,85" machi="27" ten="30,1100,0" yaku="0,1" doraHai="103" who="0" fromWho="0" sc="230,11,250,-5,250,-3,270,-3" /><INIT seed="2,0,0,5,0,135" ten="241,245,247,267" oya="2" hai0="94,104,126,9,90,21,33,34,123,50,134,55,39" hai1="24,8,42,114,91,74,40,89,49,14,93,11,71" hai2="15,106,59,22,51,97,121,100,6,107,12,115,92" hai3="128,35,80,79,3,63,76,99,88,118,132,65,32"/><V44/><F115/><W70/><G118/><T72/><D104/><U46/><E71/><V7/><F121/><W43/><G132/><T122/><D72/><U82/><E114/><V36/><F36/><W10/><G128/><T83/><D39/><U38/><E24/><V78/><F78/><W105/><G43/><T95/><D134/><U73/><E8/><V41/><F107/><W103/><G79/><T53/><D83/><U86/><E40/><V77/><F106/><W111/><G111/><T62/><D9/><U0/><E0/><V2/><F2/><W45/><G45/><T37/><D37/><U19/><E38/><V116/><F116/><W81/><G81/><T61/><D21/><U130/><REACH who="1" step="1"/><E130/><REACH who="1" ten="241,235,247,267" step="2"/><V112/><F112/><W110/><G110/><T124/><D50/><U131/><E131/><V96/><F41/><W1/><G1/><T18/><D18/><U13/><E13/><V67/><F15/><W60/><G10/><T102/><D102/><U68/><E68/><V30/><F12/><W98/><G3/><T64/><D64/><U108/><E108/><V120/><F67/><W27/><G27/><T87/><D90/><U52/><E52/><V75/><F51/><W84/><G65/><T28/><D28/><U127/><E127/><V31/><F31/><W29/><G70/><T5/><D5/><U23/><E23/><V119/><F22/><W47/><G29/><T56/><D56/><U109/><E109/><V101/><F30/><W20/><G20/><T48/><D48/><U57/><E57/><V17/><F59/><W125/><G125/><RYUUKYOKU ba="0,1" sc="241,15,235,15,247,-15,267,-15" hai0="33,34,53,55,61,62,87,94,95,122,123,124,126" hai1="11,14,19,42,46,49,73,74,82,86,89,91,93" /><INIT seed="3,1,1,1,3,56" ten="256,250,232,252" oya="3" hai0="101,21,77,15,129,24,108,59,83,41,81,74,33" hai1="82,14,30,134,94,117,90,96,39,45,78,130,71" hai2="87,48,8,112,51,95,43,132,42,63,127,103,111" hai3="107,44,25,86,125,26,124,31,116,131,22,80,50"/><W34/><G116/><T70/><D70/><U110/><E71/><V76/><F112/><W37/><G107/><T52/><D33/><U88/><E117/><V53/><F111/><W92/><G92/><T104/><D108/><U102/><E110/><V35/><F35/><W32/><G37/><T65/><D65/><U119/><E119/><V6/><F127/><N who="3" m="48715" /><G26/><T105/><D41/><U100/><E130/><V68/><F132/><W0/><G0/><T47/><D47/><U98/><E134/><V128/><F128/><W10/><G10/><T2/><D2/><U17/><E30/><V106/><F106/><W7/><G7/><T60/><D129/><U13/><E45/><V18/><F18/><W49/><G49/><T133/><D133/><U72/><E39/><V126/><F126/><W5/><G5/><T121/><D104/><U28/><E28/><V120/><F48/><W73/><G73/><T29/><D105/><U40/><E40/><V118/><F118/><W38/><G38/><T91/><D74/><U122/><E13/><V19/><F19/><W64/><G64/><T93/><D15/><U97/><E14/><V9/><F43/><N who="3" m="24863" /><G131/><T3/><D3/><U11/><E11/><V67/><F42/><W36/><G36/><T46/><D46/><U135/><E135/><V1/><F8/><W113/><G113/><T12/><D24/><U89/><E17/><V79/><F9/><W123/><G123/><T61/><D29/><U57/><E122/><V99/><F120/><W4/><G4/><T62/><D121/><U23/><E72/><V75/><F75/><RYUUKYOKU ba="1,1" sc="256,-10,250,-10,232,-10,252,30" hai3="22,25,31,32,34,80,86" /><INIT seed="3,2,1,1,4,72" ten="246,240,222,282" oya="3" hai0="94,56,93,117,49,0,81,131,113,29,55,89,19" hai1="51,30,60,43,12,134,129,80,62,52,103,31,65" hai2="68,1,76,58,40,110,47,25,115,41,105,88,99" hai3="38,3,36,13,66,96,118,83,54,71,82,92,27"/><W111/><G3/><T64/><D0/><U9/><E129/><V70/><F1/><W7/><G118/><T106/><D106/><U61/><E134/><V5/><F5/><W130/><G130/><T132/><D131/><U37/><E103/><V73/><F115/><W69/><G66/><T78/><D117/><U74/><E65/><V48/><F41/><W128/><G128/><T124/><D29/><U120/><E120/><V86/><F110/><W24/><G111/><T45/><D132/><U101/><E101/><N who="2" m="62655" /><F58/><W102/><G38/><T98/><D113/><U77/><E43/><V50/><F48/><W75/><G36/><T42/><D124/><U33/><E37/><V104/><F25/><N who="3" m="9803" /><G75/><T85/><D64/><U20/><E20/><V119/><F104/><W116/><G69/><T97/><D19/><U90/><E33/><V114/><F114/><W39/><G39/><T10/><D10/><U67/><E67/><V109/><F109/><W84/><G71/><T127/><D127/><U44/><REACH who="1" step="1"/><E90/><REACH who="1" ten="246,230,222,282" step="2"/><V133/><F133/><W87/><G116/><T23/><D23/><U125/><E125/><V123/><F123/><W35/><G35/><T6/><D89/><U126/><E126/><V8/><F119/><W122/><G122/><T26/><D42/><U16/><AGARI ba="2,2" hai="9,12,16,30,31,44,51,52,60,61,62,74,77,80" machi="16" ten="30,12000,2" yaku="1,1,0,1,52,1,54,2,53,1" doraHai="72" doraHaiUra="15" who="1" fromWho="1" sc="246,-32,230,146,222,-32,282,-62" /><INIT seed="4,0,0,1,4,37" ten="214,376,190,220" oya="0" hai0="78,127,66,51,135,130,20,83,67,103,49,108,32" hai1="132,85,91,126,116,89,115,70,65,31,131,90,75" hai2="7,84,94,26,129,86,41,61,93,17,133,22,3" hai3="105,60,48,100,23,28,35,47,52,42,27,5,92"/><T39/><D39/><U128/><E116/><V18/><F129/><N who="1" m="49737" /><E132/><V59/><F133/><W71/><G5/><T8/><D32/><U45/><E126/><V40/><F7/><W121/><G121/><T95/><D135/><U125/><E125/><V76/><F3/><W54/><G92/><N who="2" m="35433" /><F17/><W6/><G6/><T118/><D118/><U34/><E75/><V102/><F102/><W107/><G23/><T15/><D20/><U114/><E85/><N who="2" m="32875" /><F76/><W4/><G4/><T64/><D127/><U19/><E19/><V43/><F59/><W72/><G72/><T88/><D130/><U96/><E96/><V11/><F61/><W69/><G105/><T57/><D103/><U56/><E56/><V21/><F21/><W24/><G27/><T111/><D78/><U2/><E2/><V134/><F134/><W1/><G1/><T25/><D25/><U38/><E90/><V16/><F18/><W53/><REACH who="3" step="1"/><G60/><REACH who="3" ten="214,376,190,210" step="2"/><T117/><D95/><U124/><E124/><V110/><F110/><W79/><G79/><T10/><D108/><U33/><E33/><V50/><F11/><W87/><G87/><N who="0" m="50303" /><D117/><U106/><E91/><V81/><F81/><W62/><G62/><N who="0" m="37967" /><D111/><U58/><E89/><V55/><F55/><W12/><G12/><T29/><D10/><U14/><E14/><V120/><F120/><W123/><G123/><T101/><D101/><U104/><E106/><V0/><F0/><W122/><G122/><T46/><D8/><U82/><E104/><V13/><F13/><W9/><G9/><T74/><D74/><U30/><E34/><V97/><F97/><AGARI ba="0,1" hai="24,28,35,42,47,48,52,53,54,69,71,97,100,107" machi="97" ten="40,8000,1" yaku="1,1,6,1,52,1,54,1,53,0" doraHai="37" doraHaiUra="113" who="3" fromWho="2" sc="214,0,376,0,190,-80,210,90" /><INIT seed="5,0,0,4,5,68" ten="214,376,110,300" oya="1" hai0="132,101,102,49,123,64,128,116,91,69,6,65,76" hai1="25,15,113,94,70,37,2,16,35,131,34,78,111" hai2="93,42,119,39,1,89,52,97,54,125,81,21,77" hai3="66,56,126,84,107,133,74,32,85,60,22,90,106"/><U4/><E70/><V135/><F119/><W99/><G32/><T72/><D49/><U105/><E105/><V75/><F1/><W61/><G74/><T88/><D6/><U26/><E78/><V53/><F125/><W29/><G126/><T18/><D18/><U86/><E37/><V108/><F108/><W38/><G38/><T17/><D17/><U92/><E86/><V58/><F135/><W127/><G127/><T62/><D116/><U110/><E92/><V27/><F58/><W51/><G133/><T95/><D132/><U124/><E94/><V112/><F112/><W19/><G29/><T55/><D55/><U8/><E124/><V12/><F12/><W13/><G51/><T10/><D10/><N who="1" m="6263" /><E113/><V24/><REACH who="2" step="1"/><F21/><REACH who="2" ten="214,376,100,300" step="2"/><W30/><G56/><T47/><D69/><U14/><E2/><V120/><F120/><W100/><G13/><T46/><D123/><U33/><E131/><V63/><F63/><W122/><G22/><T130/><D62/><U20/><E20/><V11/><F11/><W40/><G61/><T36/><D128/><U114/><E114/><V134/><F134/><W57/><G60/><T118/><D118/><U43/><E110/><V82/><F82/><W7/><G122/><T73/><D130/><U87/><E111/><V0/><F0/><W98/><G57/><T129/><D129/><U80/><E34/><V83/><F83/><W104/><G66/><T50/><D65/><U28/><E35/><V48/><F48/><W79/><G7/><T9/><D64/><U44/><E33/><V103/><F103/><N who="0" m="39434" /><D9/><U71/><E8/><RYUUKYOKU ba="0,1" sc="214,-10,376,-10,100,30,300,-10" hai2="24,27,39,42,52,53,54,75,77,81,89,93,97" /><INIT seed="6,1,1,1,4,72" ten="204,366,130,290" oya="2" hai0="69,0,115,63,108,77,99,117,111,15,14,84,96" hai1="100,102,85,45,44,103,3,4,83,74,33,105,80" hai2="91,16,130,24,82,26,87,41,106,54,131,50,135" hai3="57,11,104,65,113,10,12,8,6,88,52,73,121"/><V126/><F41/><W13/><G121/><T101/><D0/><U71/><E71/><V21/><F106/><W123/><G123/><T61/><D84/><U60/><E33/><V38/><F38/><W128/><G104/><T75/><D75/><U114/><E114/><V95/><F126/><W107/><G107/><T29/><D69/><U37/><E105/><V120/><F120/><W30/><G73/><T59/><D59/><U112/><E112/><V32/><F135/><W132/><G132/><T116/><D29/><U70/><E74/><V76/><F26/><W119/><G119/><T133/><D133/><U18/><E18/><V39/><F39/><W20/><G113/><T78/><D115/><U31/><E31/><V62/><F62/><W1/><G65/><T22/><D22/><U109/><E60/><V58/><REACH who="2" step="1"/><F32/><REACH who="2" ten="204,366,120,290" step="2"/><W47/><G128/><T81/><D63/><U28/><E37/><V98/><AGARI ba="1,2" hai="16,21,24,50,54,58,76,82,87,91,95,98,130,131" machi="98" ten="30,18000,2" yaku="1,1,2,1,0,1,52,1,54,1,53,1" doraHai="72" doraHaiUra="79" who="2" fromWho="2" sc="204,-61,366,-61,120,203,290,-61" /><INIT seed="6,2,0,3,4,52" ten="143,305,323,229" oya="2" hai0="99,77,73,107,76,84,133,16,89,38,81,74,53" hai1="98,35,86,50,12,60,112,44,25,115,8,65,36" hai2="108,83,39,87,104,69,56,57,2,125,123,3,90" hai3="103,96,71,106,117,54,127,29,114,61,47,78,92"/><V121/><F69/><W4/><G117/><T33/><D33/><U97/><E36/><V59/><F39/><W20/><G127/><T120/><D38/><U80/><E25/><V64/><F64/><W13/><G114/><N who="1" m="43562" /><E35/><V134/><F104/><W75/><G75/><T21/><D120/><U93/><E93/><V101/><F101/><W31/><G78/><T130/><D130/><U102/><E102/><V122/><F125/><W135/><G135/><T129/><D129/><U72/><E72/><V67/><F67/><W41/><G106/><T15/><D133/><U124/><E124/><V95/><F134/><W7/><G71/><T32/><D32/><U118/><E118/><V63/><F63/><W85/><G85/><T0/><D0/><U34/><E34/><V105/><F105/><W40/><G61/><T79/><D107/><U9/><E50/><V100/><REACH who="2" step="1"/><F108/><REACH who="2" ten="143,305,313,229" step="2"/><W109/><G109/><T132/><D132/><U82/><E60/><V27/><F27/><W30/><G103/><T24/><D74/><U111/><E65/><V5/><F5/><W91/><G4/><T10/><D73/><U116/><E111/><V11/><F11/><N who="3" m="4351" /><G20/><T48/><D24/><U49/><E8/><V55/><F55/><W43/><G54/><T46/><REACH who="0" step="1"/><D21/><REACH who="0" ten="133,305,313,229" step="2"/><U23/><E23/><V45/><F45/><AGARI ba="2,2" hai="29,30,31,40,41,43,45,47,91,92,96" m="4351" machi="45" ten="30,1000,0" yaku="8,1" doraHai="52" who="3" fromWho="2" sc="133,0,305,0,313,-16,229,36" /><INIT seed="7,0,0,1,5,37" ten="133,305,297,265" oya="3" hai0="22,67,8,14,112,12,39,91,45,15,17,128,86" hai1="119,77,116,32,70,96,69,54,30,90,118,25,47" hai2="76,19,0,65,46,11,74,42,50,132,18,121,103" hai3="34,9,10,107,61,83,99,29,95,87,100,63,114"/><W101/><G114/><T51/><D112/><U71/><E77/><V123/><F132/><W38/><G38/><T59/><D128/><U125/><E125/><V98/><F65/><W79/><G34/><T82/><D39/><U89/><E96/><V33/><F33/><W4/><G29/><T135/><D135/><U93/><E93/><N who="2" m="58831" /><F76/><W23/><G107/><T75/><D75/><U126/><E126/><V56/><F74/><W3/><G101/><T111/><D111/><U40/><E54/><N who="2" m="31831" /><F11/><W1/><G23/><T5/><D67/><U109/><E109/><V133/><F0/><W81/><G83/><T129/><D129/><U6/><E6/><AGARI ba="0,0" hai="1,3,4,6,9,10,61,63,79,81,87,95,99,100" machi="6" ten="40,2000,0" yaku="9,1" doraHai="37" who="3" fromWho="1" sc="133,0,305,-20,297,0,265,20" /><INIT seed="7,1,0,4,2,89" ten="133,285,297,285" oya="3" hai0="75,122,41,51,5,81,67,32,109,43,123,8,35" hai1="92,80,42,33,37,110,2,14,125,120,53,58,114" hai2="65,34,18,23,77,38,73,70,118,97,121,19,85" hai3="69,39,98,104,22,108,116,90,119,128,66,7,111"/><W83/><G39/><T94/><D109/><N who="3" m="42057" /><G128/><T13/><D122/><U25/><E110/><V49/><F38/><W124/><G124/><T95/><D123/><U113/><E120/><V84/><F121/><W31/><G7/><T105/><D105/><U112/><E125/><V45/><F34/><W6/><G6/><T15/><D35/><U86/><E2/><V36/><F36/><W130/><G130/><T27/><D32/><U57/><E14/><V93/><F118/><W62/><G83/><T96/><D27/><U9/><E9/><V55/><F73/><W26/><G90/><T99/><D75/><U132/><E132/><V3/><F3/><W40/><G40/><T79/><D67/><U1/><E1/><V50/><F77/><W63/><G62/><T61/><D61/><N who="1" m="36015" /><E58/><N who="2" m="33135" /><F70/><W103/><AGARI ba="1,0" hai="22,26,31,63,66,69,98,103,104,116,119" m="42057" machi="103" ten="30,1500,0" yaku="10,1" doraHai="89" who="3" fromWho="3" sc="133,-6,285,-6,297,-6,285,18" owari="127,-37.0,279,-12.0,291,9.0,303,40.0" /></mjloggm>