<mjloggm ver="2.3"><GO type="169" lobby="0"/><UN n0="%E5%BD%A9%E4%BA%AC" n1="%E3%83%8F%E3%83%83%E3%83%88%E3%83%AA%E3%82%B9" n2="%E4%BE%8D" n3="%54%4C%6B%65%79" dan="17,17,18,16" rate="2198.43,2172.90,2231.16,2156.99" sx="M,M,M,M"/><TAIKYOKU oya="0"/><INIT seed="0,0,0,5,2,113" ten="250,250,250,250" oya="0" hai0="52,86,10,132,1,84,56,4,70,98,120,44,104" hai1="122,88,81,12,50,18,90,62,107,69,93,61,78" hai2="128,123,91,110,83,25,3,65,129,13,102,0,63" hai3="66,60,30,111,33,34,2,101,96,53,17,116,24"/><T80/><D120/><U105/><E122/><V57/><F110/><W103/><G111/><T130/><D70/><U67/><E61/><V59/><F123/><W79/><G2/><T42/><D132/><U47/><E81/><V49/><F102/><W45/><G34/><T51/><D130/><N who="2" m="50282" /><F13/><W64/><G79/><T124/><D124/><U40/><E78/><V94/><F83/><W9/><G101/><T72/><D104/><U26/><E26/><V29/><F49/><W127/><G127/><T28/><D28/><U37/><E50/><V7/><F57/><W16/><G9/><T131/><D98/><U41/><E41/><V77/><F7/><W95/><G66/><T117/><D131/><U76/><E76/><V20/><F77/><W8/><G8/><T11/><D11/><U115/><E115/><V114/><F114/><W73/><G73/><T19/><D72/><U5/><E5/><V39/><F39/><W6/><G6/><T15/><D80/><U68/><E68/><V133/><F133/><W23/><G33/><T48/><D1/><U135/><E135/><V75/><F75/><W43/><G53/><T87/><REACH who="0" step="1"/><D4/><REACH who="0" ten="240,250,250,250" step="2"/><U119/><E69/><V27/><F0/><W21/><G30/><T100/><D100/><U108/><E105/><V97/><F3/><W118/><G103/><T46/><D46/><U99/><E107/><V125/><F125/><W89/><G96/><T14/><D14/><U58/><E108/><V112/><F112/><W134/><G134/><T121/><D121/><U55/><E47/><V126/><F126/><W36/><G45/><RYUUKYOKU ba="0,1" sc="240,15,250,-15,250,15,250,-15" hai0="10,15,19,42,44,48,51,52,56,84,86,87,117" hai2="20,25,27,29,59,63,65,91,94,97" /><INIT seed="0,1,1,3,5,112" ten="255,235,265,235" oya="0" hai0="18,7,41,27,119,28,97,10,0,62,102,96,93" hai1="68,99,89,101,12,8,83,22,67,43,130,124,9" hai2="115,126,35,1,108,38,132,25,20,59,32,77,30" hai3="47,94,26,19,40,113,48,64,91,105,14,79,100"/><T122/><D122/><U135/><E124/><V24/><F38/><W33/><G113/><T110/><D110/><U70/><E43/><V44/><F115/><W111/><G111/><T117/><D41/><U103/><E130/><V131/><F108/><W73/><G64/><T133/><D133/><U104/><E103/><V118/><F44/><W120/><G120/><T51/><D18/><U127/><E127/><V90/><F126/><W95/><G105/><T52/><D62/><U85/><E135/><V5/><F77/><W65/><G65/><T34/><REACH who="0" step="1"/><D97/><REACH who="0" ten="245,235,265,235" step="2"/><U15/><E99/><V36/><F132/><W50/><G19/><T129/><D129/><U55/><E70/><V16/><F131/><W75/><G40/><T46/><AGARI ba="1,2" hai="0,7,10,27,28,34,46,51,52,93,96,102,117,119" machi="46" ten="20,18000,2" yaku="1,1,0,1,7,1,52,2,54,1,53,1" doraHai="112" doraHaiUra="6" who="0" fromWho="0" sc="245,203,235,-61,265,-61,235,-61" /><INIT seed="0,2,0,4,5,54" ten="448,174,204,174" oya="0" hai0="43,10,96,28,19,77,84,125,108,47,52,79,92" hai1="38,30,81,104,121,35,129,39,98,83,117,105,135" hai2="34,37,55,85,120,95,25,18,86,7,123,99,78" hai3="102,103,74,1,73,50,68,124,89,132,3,24,72"/><T58/><D125/><U53/><E117/><V109/><F109/><W94/><G68/><T69/><D69/><U107/><E121/><V112/><F112/><W2/><G124/><T90/><D28/><U131/><E98/><V59/><F37/><W134/><G24/><T65/><D65/><U22/><E35/><V63/><F7/><W126/><G50/><T5/><D19/><U46/><E135/><N who="3" m="51754" /><G126/><T106/><D108/><U6/><E6/><V91/><F34/><W27/><G27/><T100/><D47/><U26/><E39/><V31/><F31/><W70/><G70/><T64/><D64/><U8/><E8/><V14/><F14/><W42/><G42/><T97/><D43/><N who="1" m="22903" /><E53/><V11/><F11/><W128/><G128/><AGARI ba="2,0" hai="22,26,30,81,83,104,105,107,128,129,131" m="22903" machi="128" ten="40,1300,0" yaku="19,1" doraHai="54" who="1" fromWho="3" sc="448,0,174,19,204,0,174,-19" /><INIT seed="1,0,0,3,2,9" ten="448,193,204,155" oya="1" hai0="86,58,25,131,8,15,126,114,77,129,11,18,24" hai1="110,75,51,47,65,117,13,106,35,118,102,73,85" hai2="96,130,17,66,108,30,34,132,36,97,80,37,125" hai3="123,83,69,27,56,103,10,21,55,62,113,44,71"/><U109/><E35/><V63/><F108/><N who="1" m="41577" /><E65/><V1/><F125/><W99/><G123/><T7/><D114/><U12/><E85/><V38/><F130/><N who="0" m="49674" /><D58/><U57/><E57/><V74/><F132/><W101/><G113/><T20/><D126/><U89/><E89/><V33/><F17/><W48/><G10/><N who="0" m="4575" /><D86/><U54/><E75/><V124/><F1/><W78/><G71/><T134/><D77/><U81/><E102/><V3/><F3/><W67/><G69/><T116/><D116/><N who="1" m="44651" /><E106/><V0/><F124/><W49/><G99/><T115/><D115/><U59/><E59/><V133/><F97/><W16/><REACH who="3" step="1"/><G49/><REACH who="3" ten="448,193,204,145" step="2"/><T60/><D134/><U22/><E22/><V90/><F133/><W135/><G135/><T39/><D60/><U23/><E23/><V42/><F63/><W50/><G50/><T98/><D20/><U100/><E100/><V26/><F34/><W43/><G43/><T64/><D11/><U5/><E5/><V92/><F42/><W111/><G111/><T28/><D8/><U53/><E53/><V31/><F33/><W119/><G119/><T93/><D64/><U91/><E91/><V105/><F90/><W6/><G6/><T2/><D2/><U52/><E54/><V14/><F0/><W45/><G45/><T104/><D39/><U121/><E121/><V40/><F66/><W19/><G19/><T29/><D18/><U122/><E122/><V4/><F38/><W68/><G68/><T87/><D98/><U112/><E112/><V88/><F37/><W46/><G46/><T94/><D29/><N who="2" m="10762" /><F36/><W41/><G41/><RYUUKYOKU ba="0,1" sc="448,-15,193,15,204,-15,145,15" hai1="12,13,47,51,52,73,81" hai3="16,21,27,44,48,55,56,62,67,78,83,101,103" /><INIT seed="1,1,1,4,2,4" ten="433,208,189,160" oya="1" hai0="106,113,81,6,65,21,133,128,47,53,126,36,122" hai1="102,108,52,91,73,63,17,9,39,107,118,56,10" hai2="85,72,77,98,67,94,121,37,57,131,5,79,129" hai3="38,82,8,40,83,12,84,49,50,90,105,23,33"/><U70/><E118/><V3/><F121/><W74/><G105/><T80/><D106/><U32/><E73/><V93/><F37/><W2/><G33/><T62/><D113/><U27/><E39/><V97/><F67/><W66/><G2/><T34/><D34/><U119/><E119/><V28/><F57/><W55/><G66/><T127/><D122/><U115/><E115/><V76/><F28/><W61/><G38/><T71/><D128/><N who="2" m="49226" /><F5/><W109/><G40/><T0/><D133/><U29/><E108/><V92/><F3/><W41/><G41/><T117/><D117/><U51/><E17/><V44/><F44/><W125/><G109/><T16/><D36/><U134/><E134/><V123/><F123/><W99/><G74/><T89/><D6/><U100/><E91/><N who="2" m="53359" /><F72/><W104/><G61/><T95/><D0/><U130/><E130/><V59/><F59/><W30/><G30/><T1/><D1/><U42/><E42/><V132/><F132/><W13/><G50/><T78/><D62/><U88/><E100/><N who="2" m="60463" /><F76/><W15/><G49/><T124/><D78/><U11/><E88/><AGARI ba="1,1" hai="77,79,88,94,98" m="60463,53359,49226" machi="88" ten="30,7700,0" yaku="19,1,34,2,54,1" doraHai="4" who="2" fromWho="1" sc="433,0,208,-80,189,90,160,0" /><INIT seed="2,0,0,3,3,104" ten="433,128,279,160" oya="2" hai0="52,26,80,85,50,93,25,58,120,62,61,96,109" hai1="79,91,74,57,69,100,22,71,27,19,114,46,121" hai2="55,77,102,127,135,92,88,54,51,14,95,1,111" hai3="33,129,7,81,18,89,128,38,21,131,125,15,47"/><V42/><F1/><W65/><G125/><T12/><D120/><U113/><E100/><V132/><F127/><W75/><G33/><T134/><D109/><U40/><E121/><V35/><F35/><W6/><G65/><T73/><D134/><N who="2" m="51242" /><F111/><W37/><G89/><N who="0" m="51367" /><D73/><U70/><E91/><V16/><F77/><N who="3" m="44223" /><G47/><N who="0" m="27743" /><D12/><U106/><E106/><V98/><F42/><W133/><G133/><T43/><D43/><U9/><E9/><N who="2" m="6223" /><F51/><W108/><G108/><T60/><D58/><U32/><E57/><V99/><AGARI ba="0,0" hai="54,55,88,92,95,98,99,102" m="6223,51242" machi="99" ten="30,6000,0" yaku="20,1,54,2" doraHai="104" who="2" fromWho="2" sc="433,-20,128,-20,279,60,160,-20" /><INIT seed="2,1,0,3,1,29" ten="413,108,339,140" oya="2" hai0="45,104,96,81,122,77,98,20,6,134,16,87,47" hai1="42,1,13,41,15,35,3,119,25,7,33,63,100" hai2="43,132,116,91,74,37,135,51,103,97,28,128,89" hai3="112,123,21,71,121,107,64,130,11,55,115,129,5"/><V65/><F116/><W22/><G107/><T56/><D122/><N who="3" m="46601" /><G71/><T68/><D68/><U59/><E119/><V126/><F74/><W17/><G64/><T38/><D38/><U117/><E117/><V92/><F37/><W61/><G61/><T105/><D6/><U14/><E100/><V108/><F126/><W23/><G17/><T106/><D134/><N who="2" m="51242" /><F128/><N who="3" m="49259" /><G55/><T102/><D47/><U58/><E25/><V118/><F118/><W2/><AGARI ba="1,0" hai="2,5,11,21,22,23,112,115" m="49259,46601" machi="2" ten="40,5200,0" yaku="19,1,34,2" doraHai="29" who="3" fromWho="3" sc="413,-14,108,-14,339,-27,140,55" /><INIT seed="3,0,0,2,3,51" ten="399,94,312,195" oya="3" hai0="123,109,99,28,9,120,23,3,93,49,22,19,14" hai1="53,43,21,50,82,20,74,110,90,55,66,48,108" hai2="96,12,133,129,40,2,107,34,56,39,42,111,17" hai3="78,75,85,103,6,32,115,121,57,95,30,77,135"/><W86/><G121/><T62/><D109/><U59/><E66/><V46/><F111/><W116/><G32/><T44/><D62/><U117/><E43/><V100/><F129/><W80/><G30/><T112/><D112/><U101/><E117/><V15/><F2/><W64/><G116/><T119/><D119/><U4/><E101/><V11/><F133/><W27/><G6/><T7/><D23/><U127/><E4/><V97/><F34/><W1/><G1/><T24/><D3/><U128/><E128/><V65/><F42/><W122/><G135/><T92/><D92/><U37/><E37/><V29/><F29/><W16/><G122/><T130/><D130/><U94/><E127/><V114/><F114/><W125/><G125/><T113/><D113/><U126/><E126/><V31/><F31/><W105/><G105/><T89/><D28/><U38/><E38/><V33/><F33/><W52/><G64/><T5/><D5/><U124/><E124/><V41/><F41/><AGARI ba="0,0" hai="7,9,14,19,22,24,41,44,49,89,93,99,120,123" machi="41" ten="30,1000,0" yaku="7,1" doraHai="51" who="0" fromWho="2" sc="399,10,94,0,312,-10,195,0" /><INIT seed="4,0,0,3,5,129" ten="409,94,302,195" oya="0" hai0="42,64,72,9,105,116,47,114,15,135,94,112,84" hai1="119,49,39,113,17,118,98,91,63,89,36,122,1" hai2="117,46,62,51,134,6,29,85,126,31,68,33,34" hai3="133,88,59,124,20,2,83,58,93,92,25,110,38"/><T121/><D105/><U24/><E1/><V56/><F68/><W104/><G110/><T16/><D72/><U102/><E122/><V5/><F126/><W86/><G124/><T43/><D116/><U60/><E113/><N who="0" m="43625" /><D121/><U32/><E32/><V106/><F106/><W131/><G104/><T0/><D0/><U103/><E24/><V10/><F117/><W13/><G131/><T100/><D64/><U73/><E49/><V70/><F70/><W53/><G2/><T130/><D130/><U11/><E73/><V27/><F85/><W8/><G38/><T48/><D43/><U50/><E50/><V69/><F69/><W82/><G82/><T78/><D100/><U66/><E11/><V37/><F37/><W80/><G80/><N who="0" m="47127" /><D94/><U22/><E98/><V127/><F127/><W14/><G93/><T21/><D9/><U95/><E95/><V75/><F10/><W125/><G83/><T128/><D128/><U45/><E66/><V26/><F75/><W41/><G41/><T12/><D12/><U97/><E97/><V55/><REACH who="2" step="1"/><F134/><AGARI ba="0,0" hai="15,16,21,42,47,48,134,135" m="47127,43625" machi="134" ten="30,11600,0" yaku="15,1,52,2,54,1" doraHai="129" who="0" fromWho="2" sc="409,116,94,0,302,-116,195,0" /><INIT seed="4,1,0,4,5,125" ten="525,94,186,195" oya="0" hai0="121,1,122,56,88,53,82,68,93,57,128,17,100" hai1="0,50,108,105,32,132,20,75,104,4,96,2,106" hai2="24,119,95,86,51,73,16,47,97,14,15,66,48" hai3="124,72,58,33,45,85,3,123,52,78,26,118,43"/><T116/><D116/><U127/><E108/><V129/><F73/><W117/><G3/><T5/><D68/><U94/><E32/><V42/><F119/><W109/><G124/><T59/><D100/><U61/><E127/><V89/><F129/><W110/><G123/><T49/><D82/><U21/><E75/><V71/><F71/><W9/><G72/><T22/><D128/><U63/><E50/><V130/><F130/><W27/><G118/><T113/><D113/><U111/><E111/><V8/><F66/><W30/><G117/><T36/><D36/><U18/><E132/><V81/><F51/><W102/><G9/><T7/><D1/><U23/><E18/><V103/><F15/><W13/><G13/><N who="0" m="9519" /><D122/><U65/><E4/><N who="0" m="1609" /><D121/><U74/><E74/><V114/><F114/><W40/><G102/><T54/><D54/><U31/><E31/><V44/><F44/><W38/><G26/><AGARI ba="1,0" hai="8,14,16,24,26,42,47,48,81,86,89,95,97,103" machi="26" ten="40,2600,0" yaku="8,1,54,1" doraHai="125" who="2" fromWho="3" sc="525,0,94,0,186,29,195,-29" /><INIT seed="5,0,0,4,2,7" ten="525,94,215,166" oya="1" hai0="107,41,65,14,0,12,48,39,69,4,11,133,92" hai1="8,37,40,45,80,125,57,27,34,101,70,98,87" hai2="35,1,103,15,67,38,124,53,17,47,64,68,78" hai3="128,120,127,135,99,102,132,9,112,6,43,75,85"/><U76/><E125/><V115/><F124/><W58/><G127/><T126/><D107/><U66/><E70/><V16/><F1/><W95/><G120/><T55/><D133/><N who="3" m="51273" /><G75/><T89/><D126/><U21/><E34/><V105/><F35/><W77/><G128/><T91/><D91/><U81/><E81/><V26/><F78/><W83/><G112/><T49/><D49/><U97/><E101/><V79/><F79/><W116/><G43/><T109/><D41/><U5/><E57/><V56/><F115/><W59/><G116/><T51/><D51/><U31/><REACH who="1" step="1"/><E66/><REACH who="1" ten="525,84,215,166" step="2"/><V18/><F67/><W25/><G25/><T96/><D65/><U19/><E19/><V22/><F64/><W24/><G24/><T93/><D69/><U44/><E44/><V106/><F68/><W94/><G94/><T118/><D93/><U84/><E84/><V50/><F105/><W3/><AGARI ba="0,1" hai="3,6,9,58,59,77,83,85,95,99,102" m="51273" machi="3" ten="30,2000,0" yaku="20,1,52,1" doraHai="7" who="3" fromWho="3" sc="525,-5,84,-10,215,-5,166,30" /><INIT seed="6,0,0,3,0,94" ten="520,74,210,196" oya="2" hai0="1,3,28,92,38,98,45,37,63,97,18,126,76" hai1="21,132,11,70,22,5,128,57,99,44,49,83,125" hai2="119,40,127,23,116,81,15,20,73,58,133,78,114" hai3="120,47,48,50,62,65,134,79,87,32,51,16,93"/><V0/><F0/><W61/><G120/><T110/><D126/><U31/><E125/><V105/><F127/><W102/><G134/><T17/><D63/><U30/><E132/><V123/><F133/><W39/><G32/><T77/><D45/><U56/><E70/><V71/><F123/><W52/><G79/><T25/><D92/><U9/><E83/><V29/><F71/><W117/><G117/><T46/><D46/><U42/><E128/><V95/><F105/><W72/><G72/><T26/><D28/><U112/><E112/><V4/><F114/><W113/><G113/><T100/><D100/><U69/><E69/><V104/><F104/><W54/><G16/><T8/><D8/><U2/><E44/><V129/><F129/><W14/><G14/><T84/><D84/><U86/><E86/><V67/><F40/><W130/><G130/><T91/><D91/><U68/><E68/><V60/><F95/><W66/><G39/><T85/><D85/><U27/><E42/><V118/><REACH who="2" step="1"/><F29/><REACH who="2" ten="520,74,200,196" step="2"/><W55/><G93/><T12/><D3/><U106/><E106/><V53/><F53/><W124/><G54/><T90/><D1/><U43/><E43/><V96/><F96/><W122/><G52/><T75/><D98/><U19/><E99/><V24/><F24/><W34/><G122/><T109/><D97/><U36/><E27/><V7/><F7/><W74/><G55/><T6/><D6/><U101/><E5/><V107/><F107/><W115/><G124/><T108/><D26/><U10/><E2/><V64/><F64/><W33/><G115/><RYUUKYOKU ba="0,1" sc="520,-10,74,-10,200,30,196,-10" hai2="4,15,20,23,58,60,67,73,78,81,116,118,119" /><INIT seed="6,1,1,0,2,33" ten="510,64,230,186" oya="2" hai0="73,49,127,48,79,68,72,78,11,30,75,1,100" hai1="22,76,128,111,83,66,64,9,126,117,57,17,86" hai2="115,129,69,70,14,82,56,101,92,59,34,44,81" hai3="16,37,103,95,27,39,123,21,80,134,109,18,97"/><V26/><F115/><W94/><G109/><T118/><D68/><U47/><E128/><V121/><F121/><W0/><G123/><T87/><D30/><U124/><E117/><V132/><F129/><W89/><G134/><T23/><D23/><U96/><E111/><V25/><F14/><W91/><G0/><T108/><D100/><U36/><E36/><V113/><F113/><W28/><G39/><T90/><D108/><U104/><E104/><V24/><F34/><W4/><G37/><T119/><D127/><U54/><E124/><V53/><F44/><W32/><G4/><N who="0" m="1423" /><D49/><U2/><E47/><V5/><F5/><W43/><G43/><T84/><D48/><U135/><E126/><V61/><F132/><W93/><G18/><T74/><D74/><U85/><E135/><V107/><F107/><W71/><G71/><T77/><D90/><U7/><E86/><V20/><F70/><W98/><G80/><N who="2" m="30825" /><F59/><W10/><G10/><T51/><D75/><U65/><E96/><N who="2" m="59527" /><F69/><W45/><G45/><T15/><D15/><U3/><E9/><V112/><F112/><W8/><G8/><T40/><D73/><U35/><E7/><V105/><F105/><W63/><G63/><T38/><D72/><U12/><E35/><V13/><F13/><N who="3" m="9359" /><G103/><T133/><D38/><U110/><E110/><V131/><F131/><W114/><G114/><T58/><D133/><U102/><E102/><V120/><F120/><W60/><G60/><T88/><D119/><U116/><REACH who="1" step="1"/><E116/><REACH who="1" ten="510,54,230,186" step="2"/><V130/><F130/><W52/><G98/><T42/><D118/><U46/><E46/><RYUUKYOKU ba="1,2" sc="510,-15,54,15,230,15,186,-15" hai1="2,3,12,17,22,54,57,64,65,66,76,83,85" hai2="20,24,25,26,53,56,61" /><INIT seed="6,2,2,2,3,123" ten="495,69,245,171" oya="2" hai0="110,51,96,4,115,129,55,90,126,71,14,38,94" hai1="17,102,21,9,75,6,10,68,83,40,32,47,103" hai2="116,48,58,2,95,35,13,79,84,131,27,46,86" hai3="65,82,39,99,61,8,45,74,0,64,44,18,25"/><V77/><F116/><W128/><G128/><T97/><D38/><U72/><E68/><V34/><F2/><W81/><G0/><T59/><D71/><U135/><E135/><V15/><F58/><W124/><G124/><T42/><D42/><U56/><E32/><V22/><F131/><W121/><G121/><T29/><D29/><U50/><E10/><V134/><F134/><W118/><G118/><T23/><D126/><U125/><E125/><V80/><F34/><W117/><G117/><T62/><D129/><U73/><E83/><N who="2" m="47215" /><F95/><W20/><G39/><T7/><D115/><U66/><E66/><V119/><F35/><W93/><G8/><T28/><D62/><U37/><E56/><V112/><F112/><W105/><G105/><T70/><D70/><U89/><E89/><V122/><F122/><W11/><G11/><T3/><D3/><U69/><E69/><V130/><F130/><W52/><G45/><T98/><D94/><U100/><E37/><V127/><F127/><W120/><G120/><T24/><D59/><U109/><E9/><V60/><F60/><W113/><G113/><T16/><D4/><U12/><REACH who="1" step="1"/><E6/><REACH who="1" ten="495,59,245,171" step="2"/><V76/><F119/><W49/><G74/><T5/><D7/><U63/><E63/><V88/><F79/><W132/><G132/><T107/><D5/><U67/><E67/><N who="3" m="25674" /><G61/><T53/><D107/><U1/><E1/><V26/><F76/><W54/><G54/><T92/><D55/><U31/><E31/><V114/><F114/><W108/><G81/><T43/><D53/><U36/><E36/><V19/><F80/><RYUUKYOKU ba="2,3" sc="495,-10,59,30,245,-10,171,-10" hai1="12,17,21,40,47,50,72,73,75,100,102,103,109" /><INIT seed="7,3,3,3,5,96" ten="485,89,235,161" oya="3" hai0="15,59,57,125,12,27,115,9,40,13,88,0,66" hai1="117,49,70,102,77,118,86,8,72,74,69,36,81" hai2="41,37,107,58,97,63,92,7,106,123,22,132,124" hai3="39,113,24,19,104,93,48,61,112,134,38,100,131"/><W98/><G134/><T103/><D125/><U65/><E36/><V114/><F124/><W135/><G135/><T90/><D40/><U116/><E49/><V20/><F132/><W75/><G131/><T16/><D115/><N who="3" m="44105" /><G75/><T28/><D66/><U50/><E50/><V26/><F114/><W56/><G48/><T35/><D0/><U133/><E133/><V31/><F123/><W130/><G130/><T2/><D2/><U54/><E54/><V119/><F119/><N who="1" m="30465" /><U42/><DORA hai="64" /><E42/><V73/><F73/><N who="1" m="28265" /><E65/><N who="2" m="39159" /><F7/><W29/><G19/><T55/><D59/><U128/><E128/><V52/><F20/><N who="3" m="15495" /><G104/><T23/><D16/><U51/><E51/><V121/><F121/><W43/><G43/><T91/><D35/><U14/><E102/><N who="2" m="60711" /><F52/><AGARI ba="3,3" hai="38,39,52,56,61,93,98,100" m="15495,44105" machi="52" ten="30,5800,0" yaku="15,1,52,1,54,1" doraHai="96,64" who="3" fromWho="2" sc="485,0,89,0,235,-67,161,97" /><INIT seed="7,4,0,4,3,106" ten="485,89,168,258" oya="3" hai0="94,124,38,33,130,131,46,86,105,8,6,135,93" hai1="0,71,72,1,100,2,10,65,58,43,125,89,36" hai2="27,75,95,53,133,78,3,57,98,34,24,83,92" hai3="62,101,104,80,61,17,87,37,126,116,120,39,14"/><W50/><G120/><T69/><D69/><U20/><E125/><V118/><F118/><W26/><G116/><T67/><D67/><U107/><E58/><V19/><F133/><W49/><G26/><T134/><D33/><U7/><E89/><V91/><F3/><W112/><G112/><T63/><D63/><N who="1" m="40383" /><E20/><V55/><F34/><W41/><G104/><T42/><D105/><U13/><E13/><V32/><F32/><W40/><G101/><T31/><D31/><U35/><E35/><V110/><F110/><W44/><G126/><T12/><D124/><U73/><E10/><V51/><F19/><W88/><G39/><T113/><D113/><U90/><E90/><V99/><F55/><W16/><G17/><T84/><D94/><U28/><E7/><V111/><F111/><W5/><G37/><T23/><D23/><U18/><E18/><V114/><F114/><W127/><G5/><T129/><D93/><U96/><E28/><V66/><REACH who="2" step="1"/><F66/><REACH who="2" ten="485,89,158,258" step="2"/><W48/><G127/><T9/><D135/><U122/><E122/><V132/><F132/><W47/><G50/><T85/><D134/><U11/><E11/><AGARI ba="4,1" hai="11,14,16,40,41,44,47,48,49,61,62,80,87,88" machi="11" ten="30,12000,1" yaku="7,1,9,1,8,1,54,2" doraHai="106" who="3" fromWho="1" sc="485,0,89,-132,158,0,258,142" /><AGARI ba="4,0" hai="6,8,9,11,12,38,42,46,84,85,86,129,130,131" machi="11" ten="50,1600,0" yaku="19,1" doraHai="106" who="0" fromWho="1" sc="485,16,-43,-16,158,0,400,0" owari="501,60.0,-59,-56.0,158,-24.0,400,20.0" /></mjloggm>