<mjloggm ver="2.3"><GO type="185" lobby="0"/><UN n0="%E5%A4%9A%E6%9E%97%E6%99%8B" n1="%E3%81%B5%E3%81%96%E3%81%91%E3%82%8B%E3%83%9F%EF%BC%81" n2="%E3%81%AE%E3%83%BC%E3%81%97" n3="" dan="16,17,18,0" rate="2195.44,2226.47,2278.58,1500.00" sx="M,M,M,C"/><TAIKYOKU oya="0"/><INIT seed="0,0,0,3,4,84" ten="350,350,350,0" oya="0" hai0="92,102,76,60,35,52,46,1,108,82,69,44,2" hai1="126,83,116,67,72,109,130,77,62,107,49,53,98" hai2="134,131,124,75,99,54,37,66,128,56,129,120,118" hai3=""/><T68/><D35/><U121/><N who="1" m="31008" /><U127/><E109/><V85/><N who="2" m="30752" /><V100/><F118/><T40/><D108/><U38/><E116/><V105/><F37/><T133/><D133/><U39/><E130/><V36/><F36/><T55/><D102/><U110/><E110/><V91/><F75/><T47/><D40/><U94/><E107/><V90/><F134/><T80/><D92/><U103/><E127/><V59/><F124/><T71/><D60/><U125/><E126/><V96/><F66/><T33/><D33/><U106/><E106/><V63/><F59/><T122/><N who="0" m="31264" /><T57/><D57/><U70/><E125/><V78/><F99/><T95/><D95/><U45/><AGARI ba="0,0" hai="38,39,45,49,53,62,67,70,72,77,83,94,98,103" m="31008" machi="45" ten="20,2000,0" yaku="0,1,7,1,52,1" doraHai="84" who="1" fromWho="1" sc="350,-13,350,20,350,-7,0,0" /><INIT seed="1,0,0,0,3,111" ten="337,370,343,0" oya="1" hai0="63,133,77,105,75,52,48,114,36,120,122,0,40" hai1="62,117,98,67,42,66,96,119,110,108,69,134,38" hai2="39,58,88,92,41,59,93,68,87,131,43,104,76" hai3=""/><U128/><E128/><V126/><F104/><T57/><N who="0" m="30752" /><T83/><N who="0" m="31264" /><T112/><D0/><U125/><E125/><V124/><F68/><T47/><D105/><U60/><E134/><V32/><F32/><T51/><D133/><U73/><E73/><V71/><F71/><T129/><D129/><U50/><E50/><V95/><F76/><T130/><D130/><U123/><N who="1" m="31520" /><U127/><E127/><N who="2" m="48683" /><F131/><T79/><REACH who="0" step="1"/><D77/><REACH who="0" ten="327,370,343,0" step="2"/><U54/><E110/><V106/><F106/><T101/><D101/><U61/><E108/><V115/><F115/><AGARI ba="0,1" hai="36,40,47,48,51,52,57,63,75,79,83,112,114,115" m="31264,30752" machi="115" ten="40,12000,2" yaku="1,1,52,5,54,1,53,0" doraHai="111" doraHaiUra="100" who="0" fromWho="2" sc="327,130,370,0,343,-120,0,0" /><INIT seed="2,0,0,2,1,50" ten="457,370,223,0" oya="2" hai0="83,78,87,118,49,66,97,47,127,65,74,57,58" hai1="46,111,93,69,132,2,105,128,101,40,117,121,98" hai2="88,63,89,103,61,36,54,85,102,34,60,52,100" hai3=""/><V38/><F34/><T76/><D118/><U3/><N who="1" m="31008" /><U82/><E117/><V64/><F64/><T94/><D127/><U123/><N who="1" m="31520" /><U133/><E111/><V53/><REACH who="2" step="1"/><F85/><REACH who="2" ten="457,370,213,0" step="2"/><T41/><D65/><U43/><E2/><V73/><F73/><T108/><D66/><U90/><E3/><V79/><F79/><T32/><D32/><U62/><E133/><V119/><F119/><T81/><D108/><U35/><E132/><V0/><F0/><T48/><D76/><U116/><E35/><V42/><F42/><T44/><D74/><U1/><E40/><V109/><F109/><T84/><D84/><U126/><E43/><V135/><F135/><T37/><D37/><AGARI ba="0,1" hai="36,37,38,52,53,54,60,61,63,88,89,100,102,103" machi="37" ten="50,24000,3" yaku="1,1,29,2,28,2,52,3,54,2,53,0" doraHai="50" doraHaiUra="106" who="2" fromWho="0" sc="457,-240,370,0,213,250,0,0" /><INIT seed="2,1,0,5,1,76" ten="217,370,463,0" oya="2" hai0="36,78,102,70,41,67,55,47,123,33,35,101,134" hai1="97,104,56,103,133,63,0,115,119,66,68,120,87" hai2="34,108,32,112,53,131,122,40,110,85,94,49,65" hai3=""/><V95/><N who="2" m="31264" /><V2/><F2/><T75/><N who="0" m="31520" /><T118/><D118/><U90/><N who="1" m="30752" /><U44/><E115/><V43/><F112/><T132/><D78/><U50/><E0/><V45/><F65/><T99/><D75/><U72/><E133/><N who="0" m="51305" /><D55/><U93/><E119/><V124/><F124/><T58/><D70/><U92/><E72/><V71/><F71/><T37/><D36/><U81/><REACH who="1" step="1"/><E68/><REACH who="1" ten="217,360,463,0" step="2"/><V125/><F125/><T113/><D113/><U64/><E64/><V135/><F135/><T129/><D33/><U127/><E127/><V38/><F32/><T98/><D35/><U130/><E130/><V128/><F34/><T77/><D129/><N who="2" m="49738" /><F85/><T105/><D67/><U42/><AGARI ba="1,1" hai="42,44,50,56,63,66,81,87,90,92,93,97,103,104" m="30752" machi="42" ten="20,6000,1" yaku="1,1,0,1,7,1,52,2,53,0" doraHai="76" doraHaiUra="126" who="1" fromWho="1" sc="217,-21,360,72,463,-41,0,0" /><INIT seed="4,0,0,2,1,121" ten="196,432,422,0" oya="0" hai0="52,78,38,85,90,47,81,135,50,45,70,108,83" hai1="133,42,126,86,124,67,41,134,103,119,61,39,130" hai2="76,44,132,115,99,40,48,73,110,51,66,84,123" hai3=""/><T128/><D70/><U105/><E119/><V32/><N who="2" m="31520" /><V129/><F32/><T34/><D34/><U113/><E113/><V107/><F115/><T69/><D69/><U91/><E103/><V46/><F66/><T74/><D135/><N who="1" m="51723" /><E105/><V122/><F132/><T111/><REACH who="0" step="1"/><D128/><REACH who="0" ten="186,432,422,0" step="2"/><U82/><E130/><V120/><N who="2" m="30752" /><V93/><F129/><T127/><D127/><N who="1" m="48683" /><E39/><V100/><F122/><T109/><D109/><U58/><AGARI ba="0,1" hai="41,42,58,61,67,82,86,91" m="48683,51723" machi="58" ten="30,1500,0" yaku="20,1,18,1" doraHai="121" who="1" fromWho="1" sc="186,-10,432,25,422,-5,0,0" /><INIT seed="5,0,0,4,5,41" ten="176,457,417,0" oya="1" hai0="91,69,46,119,118,80,63,133,68,98,67,108,126" hai1="117,94,2,54,87,115,39,44,89,36,81,76,53" hai2="127,75,129,57,125,64,100,86,48,42,43,88,96" hai3=""/><U77/><E115/><V90/><F75/><T49/><D98/><U32/><E32/><V93/><F129/><T112/><D91/><U66/><E117/><N who="0" m="44553" /><D80/><U99/><E2/><V92/><F64/><T130/><D130/><U97/><E66/><V37/><F37/><T105/><D105/><U84/><E94/><V114/><F114/><T73/><D73/><U85/><E85/><V59/><F100/><T33/><D33/><U1/><E1/><V83/><F83/><T0/><D112/><U34/><E34/><V74/><F74/><T38/><D0/><U135/><E81/><V65/><F65/><T121/><N who="0" m="31008" /><T61/><D133/><U45/><E89/><V103/><F103/><T79/><D79/><U107/><E107/><V131/><F131/><T113/><D113/><U40/><E40/><V50/><REACH who="2" step="1"/><F86/><REACH who="2" ten="176,457,407,0" step="2"/><T56/><D38/><U132/><AGARI ba="0,1" hai="36,39,44,45,53,54,76,77,84,87,97,99,132,135" machi="132" ten="25,8000,1" yaku="0,1,22,2,52,2" doraHai="41" who="1" fromWho="1" sc="176,-40,457,90,407,-40,0,0" /><INIT seed="5,1,0,0,3,38" ten="136,547,367,0" oya="1" hai0="119,131,115,3,130,135,72,55,51,35,64,32,93" hai1="56,98,78,113,96,52,81,39,40,108,48,0,102" hai2="116,106,75,117,99,73,36,88,89,68,58,65,46" hai3=""/><U61/><E113/><V2/><F2/><T86/><D3/><U121/><N who="1" m="31008" /><U44/><E0/><V120/><N who="2" m="30752" /><V105/><F68/><T62/><D72/><N who="2" m="27722" /><F58/><T92/><D115/><U63/><E108/><V124/><F65/><T112/><D112/><U134/><E134/><V107/><F46/><T34/><D119/><N who="2" m="45642" /><F36/><T125/><D125/><U42/><E102/><V53/><F53/><T90/><D135/><U45/><E61/><V110/><F110/><T33/><N who="0" m="8192" /><DORA hai="114" /><T77/><D77/><U1/><E1/><V74/><N who="2" m="27730" /><AGARI ba="1,0" hai="39,40,42,44,45,48,52,56,63,74,78,81,96,98" m="31008" machi="74" ten="30,18000,2" yaku="3,1,7,1,52,3,54,1" doraHai="38,114" who="1" fromWho="2" sc="136,0,547,182,367,-182,0,0" /><INIT seed="5,2,0,4,2,79" ten="136,729,185,0" oya="1" hai0="3,117,99,126,100,54,84,111,0,107,131,101,71" hai1="94,103,81,37,82,74,49,69,2,57,135,1,124" hai2="42,112,72,56,134,92,125,47,133,64,128,33,44" hai3=""/><U50/><E69/><V45/><F33/><T53/><D111/><U70/><E70/><V73/><F128/><T83/><D71/><U60/><E37/><V55/><F125/><T34/><D34/><U132/><E74/><V76/><F112/><T106/><D131/><U32/><E32/><V121/><N who="2" m="31008" /><V51/><F64/><T46/><D126/><U91/><E103/><V78/><F92/><T85/><D117/><U118/><E118/><V63/><F42/><T87/><D46/><U36/><E36/><V116/><F116/><T120/><N who="0" m="30752" /><T123/><N who="0" m="31520" /><T62/><D62/><U77/><E124/><V35/><F63/><T119/><D119/><U113/><E113/><V97/><F97/><T93/><D83/><U80/><E77/><N who="2" m="29803" /><F35/><T66/><D66/><U127/><E127/><V129/><F129/><T102/><D99/><U115/><E115/><V130/><F130/><T122/><N who="0" m="31264" /><T105/><D93/><U59/><E80/><V65/><F65/><T114/><D114/><U110/><E94/><V95/><F95/><T67/><D67/><U61/><E110/><V88/><F88/><AGARI ba="2,0" hai="1,2,49,50,57,59,60,61,81,82,88,91,132,135" machi="88" ten="25,12000,1" yaku="22,2,52,2,54,1" doraHai="79" who="1" fromWho="2" sc="136,0,729,124,185,-124,0,0" /><INIT seed="5,3,0,1,4,69" ten="136,853,61,0" oya="1" hai0="128,0,3,132,118,99,133,125,108,124,127,2,106" hai1="68,41,82,109,60,92,111,96,83,53,70,85,34" hai2="121,55,119,89,104,114,94,126,44,79,80,93,37" hai3=""/><U58/><E34/><V97/><N who="2" m="31008" /><V36/><F119/><T72/><D72/><U49/><E41/><V63/><F114/><T76/><D76/><U102/><E83/><V117/><F104/><T105/><D118/><U57/><E57/><V87/><F117/><T54/><D54/><U98/><E98/><V47/><F126/><T65/><D65/><U56/><E56/><V131/><F131/><T100/><D108/><N who="1" m="41547" /><E60/><V43/><F94/><T40/><D40/><U42/><E42/><V64/><F55/><T46/><D46/><U110/><E110/><V62/><F44/><T71/><D71/><U75/><E75/><V101/><F62/><T113/><D113/><U134/><E134/><N who="0" m="51817" /><D128/><U90/><AGARI ba="3,0" hai="49,53,58,68,70,82,85,90,92,96,102" m="41547" machi="90" ten="30,1000,0" yaku="10,1" doraHai="69" who="1" fromWho="1" sc="136,-8,853,16,61,-8,0,0" /><INIT seed="5,4,0,3,4,119" ten="128,869,53,0" oya="1" hai0="58,109,41,116,38,108,63,43,33,120,51,32,57" hai1="54,106,56,72,69,115,103,100,118,95,132,127,52" hai2="1,112,90,87,37,124,42,130,133,67,129,61,134" hai3=""/><U121/><N who="1" m="31008" /><U81/><E118/><V83/><F1/><T39/><N who="0" m="30752" /><T64/><D116/><U78/><E69/><V107/><F107/><T94/><D94/><U110/><E106/><V135/><F112/><T92/><D92/><U97/><E115/><V45/><REACH who="2" step="1"/><F124/><REACH who="2" ten="128,869,43,0" step="2"/><T98/><D32/><U3/><E127/><V89/><F89/><T70/><D33/><U85/><E3/><V113/><F113/><T91/><D91/><U122/><N who="1" m="31264" /><U0/><E0/><V65/><F65/><T46/><D109/><U76/><E110/><V111/><F111/><T114/><D108/><U60/><E103/><V59/><AGARI ba="4,1" hai="37,42,45,59,61,67,83,87,90,129,130,133,134,135" machi="59" ten="40,6000,1" yaku="1,1,0,1,20,1,53,1" doraHai="119" doraHaiUra="55" who="2" fromWho="2" sc="128,-24,869,-44,43,78,0,0" /><INIT seed="6,0,0,0,1,43" ten="104,825,121,0" oya="2" hai0="89,51,101,92,57,3,61,132,48,56,34,84,95" hai1="35,70,72,94,122,59,79,50,119,105,38,63,123" hai2="78,118,117,133,69,108,80,100,77,116,32,97,87" hai3=""/><V134/><F69/><T64/><D3/><U91/><E105/><V68/><F68/><T90/><D132/><N who="2" m="50794" /><F32/><T112/><D34/><U103/><E103/><V75/><F108/><T106/><D112/><U125/><E38/><V83/><F118/><T109/><D109/><U99/><E35/><V74/><F87/><T85/><REACH who="0" step="1"/><D57/><REACH who="0" ten="94,825,121,0" step="2"/><U126/><E99/><AGARI ba="0,1" hai="48,51,56,61,64,84,85,89,90,92,95,99,101,106" machi="99" ten="40,5200,0" yaku="1,1,2,1,9,1,53,0" doraHai="43" doraHaiUra="36" who="0" fromWho="1" sc="94,62,825,-52,121,0,0,0" owari="156,-24.0,773,72.0,121,-48.0,0,0.0" /></mjloggm>