<mjloggm ver="2.3"><GO type="169" lobby="0"/><UN n0="%E3%83%AD%E3%83%83%E3%82%BD" n1="%E3%83%92%E3%81%A8%E3%82%B7" n2="%E9%95%B7%E5%B2%A1" n3="%E3%83%8F%E3%82%B9%E5%A4%AA" dan="17,16,17,16" rate="2175.52,2173.26,2180.59,2140.28" sx="F,M,M,M"/><TAIKYOKU oya="0"/><INIT seed="0,0,0,3,0,46" ten="250,250,250,250" oya="0" hai0="72,37,55,30,111,54,39,91,42,45,13,90,59" hai1="130,38,26,33,62,47,110,73,10,24,77,101,1" hai2="48,97,11,68,105,81,83,7,53,89,69,41,32" hai3="131,18,95,78,119,108,112,84,114,35,128,49,28"/><T113/><D113/><U125/><E110/><V19/><F41/><W70/><G70/><T100/><D72/><U96/><E125/><V16/><F32/><W60/><G119/><T2/><D2/><U43/><E130/><N who="3" m="49706" /><G60/><T56/><D100/><U87/><E62/><V121/><F121/><W135/><G108/><T57/><D30/><U80/><E33/><V127/><F127/><W74/><G135/><T17/><D111/><U79/><E79/><V71/><F105/><W123/><G123/><T98/><D39/><U9/><E87/><V14/><F97/><W122/><G122/><T86/><D98/><U118/><E10/><V103/><F103/><W36/><G36/><T117/><D91/><U133/><E133/><V120/><F120/><W66/><G66/><T5/><D5/><N who="1" m="1199" /><E118/><V8/><F89/><N who="3" m="53671" /><G18/><T76/><D76/><U85/><E85/><V132/><F132/><W6/><G6/><T75/><D75/><U31/><E31/><V12/><REACH who="2" step="1"/><F7/><REACH who="2" ten="250,250,240,250" step="2"/><W82/><G35/><T61/><D117/><U21/><E21/><V99/><F99/><W115/><G28/><T50/><D37/><U126/><E126/><V93/><F93/><AGARI ba="0,1" hai="24,26,38,43,47,73,77,80,93,96,101" m="1199" machi="93" ten="30,1000,0" yaku="25,1" doraHai="46" who="1" fromWho="2" sc="250,0,250,20,240,-10,250,0" /><INIT seed="1,0,0,1,5,69" ten="250,270,230,250" oya="1" hai0="3,74,68,109,111,17,20,114,130,43,26,78,96" hai1="23,63,6,72,61,93,127,5,56,88,40,101,134" hai2="108,103,18,27,67,42,58,128,83,41,1,2,85" hai3="60,48,89,77,82,11,13,86,117,112,84,133,102"/><U28/><E134/><V99/><F108/><W120/><G133/><T35/><D96/><U71/><E127/><V0/><F128/><W75/><G120/><T79/><D79/><U21/><E72/><V14/><F27/><W12/><G112/><T105/><D43/><U8/><E71/><V38/><F38/><W22/><G117/><T104/><D78/><U118/><E118/><V34/><F34/><W46/><G75/><T135/><D105/><U29/><E40/><V97/><F97/><W10/><G102/><T73/><D73/><U7/><E8/><V119/><F119/><W47/><G60/><N who="1" m="23114" /><E56/><V57/><F57/><W9/><G22/><N who="1" m="8202" /><E101/><V76/><F58/><W106/><G106/><T91/><D20/><U44/><E44/><V94/><REACH who="2" step="1"/><F67/><REACH who="2" ten="250,270,220,250" step="2"/><W129/><G129/><T36/><D109/><U87/><AGARI ba="0,1" hai="5,6,7,28,29,87,88,93" m="8202,23114" machi="87" ten="30,3000,0" yaku="8,1,54,1" doraHai="69" who="1" fromWho="1" sc="250,-10,270,40,220,-10,250,-10" /><INIT seed="1,1,0,2,4,130" ten="240,310,210,240" oya="1" hai0="104,76,117,4,32,45,129,79,92,67,24,71,8" hai1="21,17,36,105,134,132,9,83,51,41,28,3,30" hai2="126,33,64,128,81,75,19,88,7,131,2,113,89" hai3="22,106,120,109,1,35,58,27,114,125,57,6,96"/><U107/><E36/><V38/><F33/><W97/><G120/><T111/><D117/><U46/><E30/><V116/><F116/><W23/><G114/><T31/><D104/><U135/><E83/><V70/><F126/><W103/><G125/><T95/><D111/><U26/><E17/><V127/><F127/><W78/><G109/><T13/><D129/><N who="2" m="49738" /><F38/><W124/><G124/><T118/><D118/><U40/><REACH who="1" step="1"/><E41/><REACH who="1" ten="240,300,210,240" step="2"/><V102/><F19/><W48/><G6/><AGARI ba="1,1" hai="3,6,9,21,26,28,40,46,51,105,107,132,134,135" machi="6" ten="40,18000,2" yaku="1,1,2,1,20,1,52,3,53,0" doraHai="130" doraHaiUra="86" who="1" fromWho="3" sc="240,0,300,193,210,0,240,-183" /><INIT seed="1,2,0,1,0,6" ten="240,493,210,57" oya="1" hai0="123,91,3,69,88,2,27,25,96,135,76,32,34" hai1="40,66,37,61,85,75,45,14,86,28,100,49,133" hai2="122,5,120,10,59,60,80,22,53,12,18,92,73" hai3="74,20,104,119,132,90,11,44,13,15,111,110,36"/><U64/><E133/><V46/><F92/><W94/><G132/><T98/><D135/><U65/><E75/><V131/><F131/><W17/><G74/><T115/><D76/><U68/><E28/><V116/><F116/><W79/><G119/><T106/><D69/><U125/><E125/><V9/><F73/><W56/><G104/><T130/><D106/><U113/><E113/><V102/><F102/><W114/><G114/><T62/><D62/><U121/><E121/><V55/><F80/><W134/><G134/><T95/><D95/><U103/><E103/><V126/><F126/><W24/><G79/><T109/><D115/><U43/><E43/><V97/><F97/><W105/><G105/><T1/><D1/><U35/><E35/><V72/><F72/><W8/><G56/><T70/><D70/><U19/><E100/><V67/><F9/><N who="3" m="3659" /><G36/><T21/><D21/><U124/><E124/><V29/><F29/><W78/><G78/><T118/><D118/><U4/><E37/><V51/><REACH who="2" step="1"/><F67/><REACH who="2" ten="240,493,200,57" step="2"/><W23/><G44/><T117/><D117/><U71/><E45/><V38/><F38/><W31/><G111/><T0/><D0/><AGARI ba="2,1" hai="0,5,10,12,18,22,46,51,53,55,59,60,120,122" machi="0" ten="30,7700,0" yaku="1,1,7,1,52,1,53,1" doraHai="6" doraHaiUra="47" who="2" fromWho="0" sc="240,-83,493,0,200,93,57,0" /><INIT seed="2,0,0,5,1,120" ten="157,493,293,57" oya="2" hai0="81,72,95,74,23,64,65,54,83,7,28,117,5" hai1="114,22,24,56,129,19,3,21,103,32,100,73,119" hai2="135,50,111,84,47,118,16,45,63,9,91,97,53" hai3="115,76,2,134,11,124,42,46,30,25,78,13,69"/><V116/><F135/><W58/><G69/><T68/><D68/><U104/><E73/><V4/><F63/><W101/><G134/><T79/><D117/><U51/><E32/><V106/><F45/><W62/><G124/><T86/><D54/><U128/><E3/><V121/><F121/><W49/><G2/><T55/><D55/><U113/><E56/><V133/><F133/><W18/><G101/><T71/><D95/><U20/><E51/><V17/><F116/><W127/><G115/><T102/><D102/><U96/><E103/><V34/><F34/><W15/><G15/><T99/><D99/><U90/><E90/><V31/><F31/><W75/><G75/><T122/><D122/><U48/><E48/><V94/><F118/><W60/><G127/><T27/><D74/><U0/><E0/><V131/><F131/><N who="1" m="50249" /><E119/><V29/><F97/><W110/><G62/><T109/><D65/><U125/><E125/><V67/><F67/><W89/><G89/><T112/><D112/><AGARI ba="0,0" hai="19,20,21,22,24,96,100,104,112,113,114" m="50249" machi="112" ten="30,1000,0" yaku="19,1" doraHai="120" who="1" fromWho="0" sc="157,-10,493,10,293,0,57,0" /><INIT seed="3,0,0,1,0,21" ten="147,503,293,57" oya="3" hai0="57,113,58,116,27,12,31,77,111,37,129,44,54" hai1="17,93,81,91,121,133,48,115,126,36,78,29,66" hai2="134,7,132,39,46,20,105,106,135,87,11,95,82" hai3="5,10,75,47,4,49,33,22,90,80,104,6,63"/><W50/><G33/><T65/><D116/><U74/><E36/><V76/><F39/><W14/><G104/><T118/><D118/><U88/><E115/><V122/><F122/><W68/><G68/><T107/><D107/><U86/><E126/><V124/><F124/><W51/><G63/><T13/><D111/><U99/><E133/><V72/><F46/><W19/><G75/><T53/><D129/><U84/><E66/><V108/><F108/><W71/><G71/><T97/><D65/><U69/><E69/><V43/><F43/><W1/><G1/><T85/><D97/><U52/><E29/><V117/><F20/><W60/><G60/><T16/><D113/><U73/><E17/><V23/><F23/><W98/><G98/><T89/><D77/><U18/><E18/><V83/><F95/><W38/><G38/><T64/><D64/><U2/><E2/><N who="2" m="503" /><F117/><W130/><G130/><T62/><D44/><U127/><E127/><V24/><F24/><W119/><G119/><T26/><D37/><U125/><E121/><V123/><F123/><W56/><G56/><T109/><D109/><U25/><E25/><N who="0" m="9225" /><D16/><U79/><E125/><V94/><F105/><W67/><G67/><T41/><D41/><U110/><E110/><V131/><F106/><W9/><REACH who="3" step="1"/><G47/><REACH who="3" ten="147,503,293,47" step="2"/><T30/><D30/><U120/><E120/><V8/><F131/><W112/><G112/><T3/><D3/><U59/><E74/><V92/><F72/><W40/><G40/><T32/><D31/><U114/><E73/><V102/><F135/><W101/><G101/><T45/><D32/><RYUUKYOKU ba="0,1" sc="147,-10,503,-10,293,-10,47,30" hai3="4,5,6,9,10,14,19,22,49,50,51,80,90" /><INIT seed="3,1,1,1,3,129" ten="137,493,283,77" oya="3" hai0="57,123,111,2,135,134,97,43,39,49,45,89,131" hai1="7,119,110,80,108,54,106,25,12,44,37,113,103" hai2="0,5,23,86,29,47,84,24,36,51,94,27,3" hai3="11,41,18,46,91,64,56,70,67,69,61,62,90"/><W65/><G18/><T114/><D123/><U13/><E113/><V112/><F36/><N who="3" m="21799" /><G90/><T66/><D111/><U126/><E103/><V130/><F112/><W98/><G91/><T68/><D114/><U40/><E106/><V87/><F94/><W20/><G20/><T21/><D2/><U10/><E80/><V4/><F130/><W1/><G11/><T109/><D109/><U99/><E99/><V83/><F83/><W34/><G34/><T16/><D131/><U8/><E25/><N who="2" m="16575" /><F3/><W26/><G26/><N who="2" m="9769" /><F0/><W101/><G98/><T115/><D115/><U95/><E95/><V88/><F88/><W120/><G101/><T31/><D31/><U76/><E76/><V122/><F122/><W15/><G15/><N who="0" m="9375" /><D89/><U72/><E110/><V60/><F60/><N who="3" m="40167" /><G120/><T19/><D19/><U53/><E108/><V73/><F73/><W102/><G102/><T77/><D77/><U125/><E72/><V121/><F121/><W81/><G81/><T14/><D14/><U127/><E119/><V107/><F107/><W93/><G93/><T59/><D97/><U116/><E116/><V133/><F5/><AGARI ba="1,1" hai="5,7,8,10,12,13,37,40,44,53,54,125,126,127" machi="5" ten="40,2600,0" yaku="9,1,18,1" doraHai="129" who="1" fromWho="2" sc="137,0,493,39,283,-29,77,0" /><INIT seed="4,0,0,2,1,8" ten="137,532,254,77" oya="0" hai0="61,117,10,40,81,22,132,131,66,120,121,134,4" hai1="68,59,78,103,37,129,58,71,24,100,122,38,49" hai2="56,95,13,133,73,21,115,83,114,123,99,118,5" hai3="74,88,80,105,124,116,16,46,17,94,127,47,28"/><T65/><D117/><U93/><E24/><V87/><F123/><W63/><G116/><T97/><D97/><U3/><E122/><N who="0" m="47209" /><D81/><U85/><E49/><V39/><F39/><W15/><G28/><T72/><D72/><U26/><E26/><V25/><F73/><W18/><G105/><T35/><D35/><U75/><E93/><V20/><F118/><W30/><G30/><T55/><D22/><U98/><E85/><V104/><F104/><W64/><G80/><T76/><D76/><U36/><E98/><V29/><F133/><N who="0" m="51306" /><D40/><U77/><E75/><V102/><F56/><N who="3" m="36967" /><G74/><T34/><D34/><U107/><E59/><V32/><F32/><W106/><G106/><T48/><D61/><U50/><E78/><V7/><F21/><W70/><G70/><T82/><D82/><U9/><E77/><V23/><F83/><W62/><G62/><T12/><D131/><U45/><E71/><V101/><F101/><W89/><G89/><T57/><AGARI ba="0,0" hai="4,10,12,48,55,57,65,66" m="51306,47209" machi="57" ten="30,3000,0" yaku="20,1,52,1" doraHai="8" who="0" fromWho="0" sc="137,30,532,-10,254,-10,77,-10" /><INIT seed="4,1,0,3,4,18" ten="167,522,244,67" oya="0" hai0="72,25,47,22,8,17,1,108,64,57,125,80,88" hai1="61,95,131,123,115,46,112,76,16,84,106,33,2" hai2="126,90,41,58,55,5,52,35,89,11,127,39,77" hai3="27,130,83,24,135,79,32,31,124,3,53,42,110"/><T134/><D134/><U107/><E123/><V48/><F35/><W44/><G110/><T114/><D114/><U45/><E33/><V120/><F77/><W118/><G118/><T119/><D119/><U70/><E2/><N who="2" m="439" /><F120/><W34/><G135/><T37/><D125/><N who="2" m="47626" /><F55/><W102/><G124/><T54/><D108/><U129/><E61/><V109/><F109/><W21/><G130/><N who="1" m="49674" /><E70/><V30/><F30/><W67/><G67/><T12/><D1/><U98/><E84/><V92/><F92/><W43/><G3/><T60/><D37/><U40/><E76/><V101/><F101/><W71/><G102/><T10/><D72/><U91/><E46/><AGARI ba="1,0" hai="39,41,46,48,52,58,89,90" m="47626,439" machi="46" ten="30,2000,0" yaku="18,1,54,1" doraHai="18" who="2" fromWho="1" sc="167,0,522,-23,244,23,67,0" /><INIT seed="5,0,0,2,4,7" ten="167,499,267,67" oya="1" hai0="49,35,24,15,56,58,82,6,128,131,71,127,52" hai1="116,5,126,54,76,132,112,46,8,80,53,114,67" hai2="113,74,10,83,135,45,25,108,79,119,0,36,40" hai3="17,99,42,38,20,47,87,60,110,16,21,133,123"/><U33/><E116/><V109/><F119/><W55/><G123/><T26/><D71/><U93/><E33/><V111/><F25/><W101/><G110/><T13/><D127/><U89/><E67/><V84/><F84/><W107/><G133/><T2/><D2/><U117/><E117/><V31/><F31/><W129/><G129/><N who="0" m="49739" /><D35/><U134/><E46/><V51/><F51/><W14/><G87/><T125/><D125/><U73/><E126/><V92/><F92/><W105/><G60/><T23/><D82/><U4/><E4/><N who="2" m="1287" /><F113/><N who="1" m="43625" /><E54/><V43/><F43/><W85/><G85/><T48/><D26/><U30/><E53/><V19/><F19/><W81/><G55/><N who="0" m="32111" /><D6/><U97/><E30/><AGARI ba="0,0" hai="13,15,23,24,30,48,52,56" m="32111,49739" machi="30" ten="30,2000,0" yaku="19,1,54,1" doraHai="7" who="0" fromWho="1" sc="167,20,499,-20,267,0,67,0" /><INIT seed="6,0,0,0,0,124" ten="187,479,267,67" oya="2" hai0="127,58,31,112,111,87,44,1,57,106,35,0,24" hai1="20,78,22,48,62,38,7,80,18,82,41,37,86" hai2="29,50,85,90,121,51,66,52,8,3,53,133,113" hai3="110,98,27,92,114,84,13,67,32,123,4,5,93"/><V134/><F121/><W12/><G123/><T55/><D111/><U79/><E7/><N who="2" m="1151" /><F66/><W109/><G67/><T76/><D127/><U15/><E62/><V21/><F50/><W102/><G84/><T40/><D112/><U108/><E108/><V129/><F51/><W70/><G114/><T74/><D74/><U107/><E107/><V126/><F126/><W101/><G27/><T54/><D106/><U11/><E48/><V68/><F68/><W10/><G10/><T65/><D65/><U43/><E38/><V95/><F113/><W89/><G32/><T96/><D96/><U60/><E60/><V30/><F21/><W105/><G105/><T71/><D71/><U97/><E97/><V130/><F29/><W118/><G98/><T120/><D120/><U47/><E41/><V75/><F30/><W72/><G70/><T14/><D14/><U59/><E59/><V69/><F75/><AGARI ba="0,0" hai="11,15,18,20,22,37,43,47,75,78,79,80,82,86" machi="75" ten="30,1000,0" yaku="7,1" doraHai="124" who="1" fromWho="2" sc="187,0,479,10,267,-10,67,0" /><INIT seed="7,0,0,5,3,10" ten="187,489,257,67" oya="3" hai0="65,25,133,13,39,112,42,96,4,114,118,49,3" hai1="122,64,134,70,31,52,23,128,97,87,81,40,11" hai2="69,21,7,17,126,100,95,26,55,127,116,47,99" hai3="35,101,129,38,51,90,24,76,29,20,15,48,30"/><W22/><G38/><T45/><D118/><U63/><E128/><V43/><F69/><W86/><G129/><T18/><D65/><U72/><E134/><V88/><F7/><W8/><G76/><T27/><D133/><U57/><E72/><V83/><F55/><W9/><G101/><T37/><D4/><U111/><E111/><V75/><F116/><W60/><G60/><T5/><D5/><U106/><E40/><V32/><F32/><W93/><G35/><T92/><D3/><U36/><E11/><V117/><F117/><W119/><G119/><T59/><D59/><U108/><E36/><V68/><F68/><W91/><G91/><N who="0" m="55327" /><D39/><U44/><E122/><V41/><F75/><W102/><G102/><T62/><D37/><U61/><E44/><V115/><F47/><W98/><G98/><T14/><D62/><U94/><E106/><V104/><F104/><W2/><G2/><T74/><D74/><U85/><E81/><V50/><F100/><W34/><G34/><T54/><D54/><U121/><E121/><V67/><F67/><W120/><G120/><T58/><D58/><U12/><E108/><V46/><F99/><W132/><G132/><T73/><D73/><U6/><E63/><V135/><F135/><W123/><G123/><T82/><D82/><U53/><E61/><V125/><F125/><W130/><G130/><T16/><D18/><U80/><E97/><V66/><F127/><W28/><G8/><N who="0" m="6183" /><D14/><U79/><E70/><V1/><F1/><W107/><G107/><T124/><D124/><U71/><E71/><V113/><F126/><RYUUKYOKU ba="0,0" sc="187,30,489,-10,257,-10,67,-10" hai0="25,27,42,45,49,112,114" owari="217,-18.0,479,57.0,247,5.0,57,-44.0" /></mjloggm>