<mjloggm ver="2.3"><GO type="185" lobby="0"/><UN n0="%E4%BD%8D%E9%B3%B3%E5%A4%A9" n1="%E6%B5%B7%E8%83%86%E3%83%88%E3%83%AD%E7%83%8F%E8%B3%8A" n2="%58%65%6C%65%72%61%74%6F" n3="" dan="17,18,16,0" rate="2178.73,2383.67,2210.12,1500.00" sx="M,M,F,C"/><TAIKYOKU oya="0"/><INIT seed="0,0,0,0,1,65" ten="350,350,350,0" oya="0" hai0="1,39,107,119,59,118,115,135,76,67,98,95,79" hai1="92,77,60,3,73,104,128,129,134,55,91,132,70" hai2="88,131,90,99,81,32,84,120,121,44,35,80,111" hai3=""/><T100/><D1/><U133/><E104/><V82/><N who="2" m="30752" /><V122/><N who="2" m="31008" /><V47/><N who="2" m="31264" /><V51/><F111/><T127/><D39/><U37/><E37/><V71/><F71/><T57/><D115/><U130/><E3/><V41/><F131/><T86/><D135/><U74/><E77/><V126/><F126/><T63/><D127/><U46/><E46/><V69/><F69/><T117/><D107/><U85/><E55/><V114/><F114/><T124/><D124/><U97/><E97/><V54/><F99/><T108/><D108/><U61/><REACH who="1" step="1"/><E70/><REACH who="1" ten="350,340,350,0" step="2"/><V93/><REACH who="2" step="1"/><F90/><REACH who="2" ten="350,340,340,0" step="2"/><T72/><D119/><U64/><E64/><V68/><F68/><T43/><D118/><U110/><E110/><V33/><F33/><T50/><D117/><U36/><E36/><AGARI ba="0,2" hai="32,35,36,41,44,47,51,54,80,81,82,84,88,93" m="31264,31008,30752" machi="36" ten="40,8000,1" yaku="1,1,52,3,54,1,53,0" doraHai="65" doraHaiUra="34" who="2" fromWho="1" sc="350,0,340,-80,340,100,0,0" /><INIT seed="1,0,0,4,2,100" ten="350,260,440,0" oya="1" hai0="0,78,130,91,132,62,120,43,40,94,108,37,34" hai1="129,74,44,2,127,98,96,128,84,72,60,39,115" hai2="121,116,51,111,119,101,83,123,61,117,124,59,57" hai3=""/><U1/><E115/><V81/><N who="2" m="31008" /><V68/><N who="2" m="31520" /><V69/><F101/><T87/><N who="0" m="30752" /><T95/><D0/><N who="1" m="107" /><E60/><V107/><F107/><T89/><D108/><U70/><E70/><N who="2" m="27243" /><F51/><T126/><D34/><U82/><E44/><V49/><F49/><T73/><D37/><U54/><E54/><V109/><F124/><T71/><D126/><U131/><E39/><V3/><F3/><T104/><D104/><U75/><E127/><V112/><F112/><T47/><D47/><U42/><E42/><V118/><F118/><T110/><D110/><N who="2" m="41994" /><F59/><T86/><D71/><U122/><N who="1" m="31264" /><U85/><E82/><V67/><AGARI ba="0,0" hai="57,61,67,81,83,116,117,119" m="41994,27243,31520,31008" machi="67" ten="40,3900,0" yaku="14,1,52,2" doraHai="100" who="2" fromWho="2" sc="350,-13,260,-26,440,39,0,0" /><INIT seed="2,0,0,3,4,65" ten="337,234,479,0" oya="2" hai0="118,124,105,108,122,3,74,99,102,50,64,95,63" hai1="87,32,44,69,35,75,42,66,84,109,37,41,38" hai2="123,80,121,127,51,78,53,49,34,52,135,132,98" hai3=""/><V85/><N who="2" m="31008" /><V43/><N who="2" m="31520" /><V48/><F34/><T103/><N who="0" m="31264" /><T101/><D108/><U88/><E75/><V67/><F127/><T73/><D124/><U131/><E109/><V61/><F98/><T68/><D3/><U134/><E134/><N who="2" m="51243" /><F43/><T116/><D50/><U77/><E131/><V40/><F40/><T97/><REACH who="0" step="1"/><D101/><REACH who="0" ten="327,234,479,0" step="2"/><U91/><E32/><V117/><F117/><AGARI ba="0,1" hai="63,64,68,73,74,95,97,99,102,103,105,116,117,118" m="31264" machi="117" ten="40,8000,1" yaku="1,1,2,1,52,2,53,1" doraHai="65" doraHaiUra="57" who="0" fromWho="2" sc="327,90,234,0,479,-80,0,0" /><INIT seed="4,0,0,3,4,91" ten="417,234,399,0" oya="0" hai0="59,2,62,87,58,102,133,48,74,93,101,98,82" hai1="63,0,42,51,108,90,35,75,107,49,97,66,78" hai2="88,119,95,80,123,135,84,3,131,85,52,53,112" hai3=""/><T69/><D2/><U33/><E108/><V94/><N who="2" m="31520" /><V50/><F3/><T39/><D39/><U56/><E0/><V68/><F112/><T115/><D115/><U77/><E107/><V126/><F131/><T92/><D133/><U71/><E51/><V105/><F105/><T127/><D127/><U103/><E103/><V60/><F126/><T54/><D74/><U70/><E70/><V121/><N who="2" m="31008" /><V73/><F119/><T109/><D69/><U47/><E77/><V130/><F135/><T132/><D132/><U111/><E111/><V134/><F130/><T76/><D109/><U120/><N who="1" m="30752" /><U36/><E78/><V45/><F73/><T106/><REACH who="0" step="1"/><D102/><REACH who="0" ten="407,234,399,0" step="2"/><U44/><E75/><V37/><F37/><T1/><D1/><U43/><REACH who="1" step="1"/><E71/><REACH who="1" ten="407,224,399,0" step="2"/><V83/><F134/><T64/><AGARI ba="0,2" hai="48,54,58,59,62,64,76,82,87,92,93,98,101,106" machi="64" ten="20,8000,1" yaku="1,1,0,1,7,1,52,2,53,0" doraHai="91" doraHaiUra="34" who="0" fromWho="0" sc="407,100,224,-40,399,-40,0,0" /><INIT seed="4,1,0,5,0,68" ten="507,184,359,0" oya="0" hai0="74,95,77,51,110,124,37,85,111,59,98,123,71" hai1="38,42,35,70,63,81,41,69,55,33,91,128,80" hai2="119,86,92,103,100,118,58,82,66,133,54,116,76" hai3=""/><T40/><N who="0" m="31520" /><T78/><D71/><U60/><E91/><V2/><F66/><T84/><D124/><U89/><E89/><V107/><F2/><T87/><D74/><U1/><E1/><V121/><N who="2" m="31008" /><V75/><F133/><T47/><D59/><U135/><E135/><V99/><F103/><T132/><D51/><U67/><E55/><V106/><REACH who="2" step="1"/><F75/><REACH who="2" ten="507,184,349,0" step="2"/><T53/><D132/><U62/><E67/><V43/><F43/><T102/><D53/><U49/><E41/><V90/><F90/><T0/><D0/><U129/><E33/><V105/><F105/><T94/><D77/><U122/><E35/><V44/><F44/><T36/><D78/><U3/><E3/><V108/><F108/><N who="0" m="41514" /><D37/><U125/><N who="1" m="31264" /><U96/><E38/><V61/><AGARI ba="1,1" hai="54,58,61,76,82,86,92,99,100,106,107,116,118,119" m="31008" machi="61" ten="30,6000,1" yaku="1,1,0,1,12,1,52,1,53,1" doraHai="68" doraHaiUra="97" who="2" fromWho="2" sc="507,-41,184,-21,349,72,0,0" /><INIT seed="5,0,0,5,5,106" ten="466,163,421,0" oya="1" hai0="82,103,44,54,36,90,85,119,126,3,40,132,124" hai1="43,99,110,109,134,130,32,104,92,105,107,91,34" hai2="80,77,88,96,73,39,41,50,56,0,98,75,76" hai3=""/><U59/><E134/><V68/><F68/><T64/><D3/><U120/><N who="1" m="30752" /><U52/><E43/><V2/><F39/><T81/><D132/><U58/><E58/><V135/><F135/><T125/><D64/><U133/><E133/><V83/><F96/><T66/><D66/><U84/><E99/><V63/><F98/><T111/><D111/><N who="1" m="42507" /><E130/><V70/><F70/><T74/><D103/><U79/><E79/><V93/><F41/><T61/><D61/><AGARI ba="0,0" hai="32,34,52,59,61,84,91,92,104,105,107" m="42507,30752" machi="61" ten="40,7700,0" yaku="10,1,52,1,54,1" doraHai="106" who="1" fromWho="0" sc="466,-77,163,77,421,0,0,0" /><INIT seed="5,1,0,1,5,133" ten="389,240,421,0" oya="1" hai0="123,119,35,43,99,73,2,86,32,84,98,36,77" hai1="134,129,87,107,110,68,121,62,102,130,45,112,115" hai2="101,70,88,54,89,61,46,93,113,80,135,125,33" hai3=""/><U65/><N who="1" m="31008" /><U79/><E134/><V56/><F135/><T0/><N who="0" m="31520" /><T55/><D55/><U37/><E110/><V63/><F33/><T83/><D119/><U58/><E87/><V51/><F113/><N who="1" m="43593" /><E79/><V72/><F101/><T82/><D43/><U124/><E124/><V38/><F125/><T90/><D36/><U132/><E132/><V52/><F38/><T41/><D41/><U34/><E34/><V69/><F63/><T91/><D73/><U60/><E107/><V42/><F42/><T92/><D92/><U85/><E85/><V118/><F118/><T74/><D74/><U57/><E102/><V39/><F39/><T75/><D75/><U1/><E1/><V53/><F53/><T126/><D77/><U48/><E37/><V108/><F108/><T128/><D126/><U40/><E68/><V117/><F117/><T116/><D116/><U131/><E130/><AGARI ba="1,0" hai="0,2,32,35,82,83,84,86,90,91,98,99,128,130" m="31520" machi="130" ten="25,3200,0" yaku="22,2,52,1" doraHai="133" who="0" fromWho="1" sc="389,34,240,-34,421,0,0,0" /><INIT seed="6,0,0,3,0,128" ten="423,206,421,0" oya="2" hai0="43,53,82,133,100,87,95,55,132,58,134,36,83" hai1="99,66,124,94,108,125,119,1,135,73,98,115,3" hai2="127,118,71,123,75,84,39,2,68,111,63,0,33" hai3=""/><V51/><RYUUKYOKU type="yao9" ba="0,0" sc="423,0,206,0,421,0,0,0" hai2="0,2,33,39,51,63,68,71,75,84,111,118,123,127" /><INIT seed="6,1,0,0,2,131" ten="423,206,421,0" oya="2" hai0="72,119,70,94,46,133,68,134,78,61,1,104,128" hai1="0,120,99,67,48,113,101,96,35,47,82,97,37" hai2="88,92,130,41,93,123,91,103,54,107,126,87,95" hai3=""/><V34/><N who="2" m="31520" /><V84/><F34/><T89/><D1/><U39/><N who="1" m="30752" /><U108/><E35/><V102/><F130/><T51/><D104/><U121/><N who="1" m="31008" /><U38/><E0/><V116/><F116/><T115/><D128/><U60/><E113/><V110/><F126/><T117/><D115/><U111/><E101/><N who="2" m="38411" /><F107/><T36/><D36/><U125/><E125/><V57/><F110/><T118/><D72/><U49/><E82/><V85/><F41/><T55/><D78/><U105/><E105/><V132/><F132/><N who="0" m="50794" /><D61/><AGARI ba="1,0" hai="54,57,61,84,85,87,88,91,92,93,95" m="38411,31520" machi="61" ten="30,5800,0" yaku="8,1,52,1,54,1" doraHai="131" who="2" fromWho="0" sc="423,-60,206,0,421,60,0,0" owari="363,-4.0,206,-39.0,481,43.0,0,0.0" /></mjloggm>