<mjloggm ver="2.3"><GO type="225" lobby="0"/><UN n0="%E3%81%BF%E3%81%BF%E3%81%9A" n1="%5C%E3%81%AF%E3%81%A1%E3%81%8D%E3%82%87%E3%81%86%2F" n2="%E3%81%82%E3%82%89%E3%81%8C%E3%81%8D%E3%81%82%E3%82%84%E3%81%9B" n3="%E7%84%A1%E3%81%84%EF%BC%81%EF%BC%81" dan="16,16,16,16" rate="2131.01,2112.11,2132.66,2094.96" sx="M,M,F,M"/><TAIKYOKU oya="0"/><INIT seed="0,0,0,2,1,101" ten="250,250,250,250" oya="0" hai0="109,39,98,35,102,64,87,65,93,77,13,115,71" hai1="46,78,97,21,20,47,58,12,132,51,60,9,26" hai2="91,38,23,5,80,88,25,104,121,14,31,62,24" hai3="30,43,86,81,123,70,18,120,114,7,53,110,67"/><T54/><D115/><U66/><E132/><V122/><F38/><W117/><G114/><T59/><D35/><U96/><E78/><V40/><F40/><W106/><G117/><T57/><D71/><U103/><E47/><V16/><F104/><W113/><G113/><T74/><D39/><U29/><E21/><V8/><F62/><W69/><G30/><T116/><D116/><U45/><E96/><V33/><REACH who="2" step="1"/><F80/><REACH who="2" ten="250,250,240,250" step="2"/><W52/><G43/><T111/><D109/><U32/><E51/><V17/><F17/><W4/><G106/><T6/><D111/><U131/><E131/><V125/><F125/><W3/><G110/><T49/><D74/><U82/><E82/><V27/><F27/><W15/><G18/><T63/><D65/><U99/><E32/><V75/><F75/><W100/><G67/><T76/><REACH who="0" step="1"/><D87/><REACH who="0" ten="240,250,240,250" step="2"/><U92/><REACH who="1" step="1"/><E97/><REACH who="1" ten="240,240,240,250" step="2"/><V85/><F85/><W2/><G86/><T119/><D119/><U129/><E129/><V56/><F56/><W19/><G69/><T94/><D94/><U89/><E89/><AGARI ba="0,3" hai="5,8,14,16,23,24,25,31,33,88,89,91,121,122" machi="89" ten="40,5200,0" yaku="1,1,54,2,53,0" doraHai="101" doraHaiUra="44" who="2" fromWho="1" sc="240,0,240,-52,240,82,250,0" /><INIT seed="1,0,0,2,0,54" ten="240,188,322,250" oya="1" hai0="48,63,33,28,47,72,129,70,31,122,131,9,21" hai1="26,124,104,78,84,114,82,65,100,62,58,125,130" hai2="106,117,66,80,23,4,43,73,5,46,34,14,56" hai3="85,69,12,88,0,91,77,90,103,13,7,2,24"/><U68/><E114/><V25/><F106/><W94/><G69/><T38/><D33/><U95/><E130/><N who="0" m="49673" /><D122/><U53/><E104/><V86/><F73/><W111/><G111/><T135/><D135/><U97/><REACH who="1" step="1"/><E26/><REACH who="1" ten="240,178,322,250" step="2"/><V1/><F25/><W50/><G24/><T92/><D31/><U18/><E18/><V17/><F17/><W128/><G128/><T60/><D28/><U20/><E20/><V32/><F23/><W29/><G29/><T10/><D21/><U108/><E108/><V57/><F34/><W19/><G19/><T45/><D9/><U74/><E74/><V119/><F32/><W39/><G7/><T99/><D10/><U81/><E81/><V49/><F80/><W113/><G113/><T76/><D72/><U83/><E83/><V105/><F105/><W44/><G2/><T102/><D76/><U127/><E127/><V51/><F1/><W118/><G0/><T8/><D8/><U11/><E11/><V22/><F22/><W75/><G77/><T123/><D123/><U59/><E59/><V96/><F14/><W109/><G75/><T16/><D16/><U87/><E87/><V115/><F115/><W15/><G109/><T30/><D30/><U93/><E93/><V61/><F86/><W121/><G121/><T42/><D70/><U35/><E35/><V41/><F96/><N who="3" m="59799" /><G15/><T64/><D92/><U112/><E112/><V6/><F56/><W79/><G13/><T134/><D99/><U98/><E98/><V110/><F110/><W116/><G12/><T126/><D126/><U36/><E36/><V3/><F3/><RYUUKYOKU ba="0,1" sc="240,-15,178,15,322,15,250,-15" hai1="53,58,62,65,68,78,82,84,95,97,100,124,125" hai2="4,5,6,41,43,46,49,51,57,61,66,117,119" /><INIT seed="1,1,1,3,4,101" ten="225,193,337,235" oya="1" hai0="71,1,18,129,74,111,35,76,3,123,21,25,132" hai1="115,86,66,57,120,28,96,130,117,80,31,133,30" hai2="11,19,39,59,72,27,9,36,53,83,107,34,32" hai3="10,114,125,97,4,8,104,89,42,135,118,61,44"/><U52/><E115/><V47/><F107/><W88/><G114/><T91/><D71/><U124/><E117/><V109/><F109/><W17/><G118/><T69/><D69/><U106/><E120/><V85/><F72/><W24/><G135/><T131/><D111/><U26/><E133/><V113/><F113/><W23/><G125/><T100/><D132/><U5/><E124/><V127/><F127/><W20/><G61/><T37/><D37/><U50/><E130/><N who="0" m="49673" /><D123/><U14/><E66/><V68/><F68/><W7/><G23/><T22/><D35/><U51/><E51/><V29/><F34/><W38/><G8/><T13/><D91/><U92/><E106/><V48/><F19/><W81/><G81/><N who="0" m="45207" /><D100/><N who="1" m="60423" /><E5/><V63/><F36/><W65/><G7/><T121/><D121/><U46/><E14/><V73/><F73/><W60/><G104/><T105/><D105/><U43/><E26/><V0/><F39/><W16/><G17/><AGARI ba="1,1" hai="1,3,13,17,18,21,22,25" m="45207,49673" machi="17" ten="30,1000,0" yaku="19,1" doraHai="101" who="0" fromWho="3" sc="225,23,193,0,337,0,235,-13" /><INIT seed="2,0,0,5,5,135" ten="248,193,337,222" oya="2" hai0="119,6,126,92,69,108,113,106,35,104,71,7,37" hai1="129,25,31,43,130,16,44,42,107,55,118,66,67" hai2="110,62,50,8,80,124,117,74,97,61,51,26,134" hai3="5,53,77,9,49,101,64,127,36,111,17,52,45"/><V60/><F117/><W56/><G111/><T73/><RYUUKYOKU type="yao9" ba="0,0" sc="248,0,193,0,337,0,222,0" hai0="6,7,35,37,69,71,73,92,104,106,108,113,119,126" /><INIT seed="2,1,0,5,4,53" ten="248,193,337,222" oya="2" hai0="89,59,70,39,22,49,97,72,88,118,20,42,73" hai1="117,93,132,17,94,77,14,9,106,46,47,99,45" hai2="64,52,125,40,128,127,115,87,33,111,110,102,121" hai3="58,24,101,74,86,68,35,82,69,96,26,2,4"/><V134/><F33/><W63/><G74/><T80/><D70/><U28/><E117/><V90/><F121/><W8/><G68/><T36/><D118/><U34/><E132/><V3/><F115/><W124/><G124/><N who="2" m="47689" /><F3/><W85/><G69/><T1/><D1/><U61/><E77/><V81/><F134/><W120/><G85/><T78/><D97/><U107/><E94/><V43/><F64/><W122/><G122/><T18/><D73/><U48/><E48/><V27/><F27/><W7/><G7/><T31/><D31/><U113/><E113/><V13/><F13/><W119/><G119/><T71/><D71/><U29/><E61/><V41/><F128/><W51/><G51/><T116/><D116/><U30/><REACH who="1" step="1"/><E34/><REACH who="1" ten="248,183,337,222" step="2"/><V55/><F102/><AGARI ba="1,1" hai="9,14,17,28,29,30,45,46,47,93,99,102,106,107" machi="102" ten="40,2600,0" yaku="1,1,2,1,53,0" doraHai="53" doraHaiUra="105" who="1" fromWho="2" sc="248,0,183,39,337,-29,222,0" /><INIT seed="3,0,0,3,5,70" ten="248,222,308,222" oya="3" hai0="90,116,126,75,71,57,27,55,91,13,17,4,12" hai1="34,35,79,14,36,10,62,18,96,74,84,23,80" hai2="101,65,59,3,113,53,76,77,44,19,58,68,88" hai3="85,21,124,89,102,25,6,87,128,8,29,100,135"/><W119/><G119/><T43/><D71/><U95/><E36/><V66/><F3/><W46/><G128/><T93/><D116/><U33/><E62/><V49/><F101/><W37/><G135/><T42/><D75/><U103/><E74/><V56/><F113/><W5/><G124/><T99/><D126/><U83/><REACH who="1" step="1"/><E80/><REACH who="1" ten="248,212,308,222" step="2"/><V127/><F127/><W0/><G6/><T22/><D91/><U31/><E31/><V1/><F68/><W15/><G0/><T30/><D4/><U64/><E64/><N who="2" m="24683" /><F1/><W109/><G109/><T115/><D115/><U32/><N who="1" m="8192" /><DORA hai="28" /><U2/><E2/><V78/><F19/><W67/><G67/><T117/><D117/><U39/><E39/><V26/><F88/><W97/><G89/><T134/><D134/><U41/><E41/><N who="0" m="15369" /><D30/><U24/><E24/><AGARI ba="0,1" hai="24,26,44,49,53,56,58,59,76,77,78" m="24683" machi="24" ten="40,1300,0" yaku="8,1" doraHai="70,28" who="2" fromWho="1" sc="248,0,212,-13,308,23,222,0" owari="248,5.0,199,-30.0,331,43.0,222,-18.0" /></mjloggm>