<mjloggm ver="2.3"><GO type="225" lobby="0"/><UN n0="%E9%9F%93%E8%A1%9B%E9%9D%92" n1="%E3%82%B3%E3%83%9E%E3%83%84%E3%81%AE%E9%85%92" n2="%6B%69%79%6F%70%69%6E" n3="%E9%95%B7%E5%B3%B6%E3%83%B3%E3%82%AC%E3%83%B3" dan="16,16,16,17" rate="2175.12,2132.78,2117.62,2157.23" sx="F,M,M,M"/><TAIKYOKU oya="0"/><INIT seed="0,0,0,2,2,15" ten="250,250,250,250" oya="0" hai0="103,104,77,21,27,58,24,122,96,133,53,105,60" hai1="89,135,94,32,28,7,106,0,6,8,5,30,4" hai2="128,131,46,112,87,37,72,38,69,22,78,33,75" hai3="34,41,50,115,44,80,36,86,52,10,66,68,31"/><T107/><D122/><U119/><E106/><V45/><F87/><W117/><G115/><T54/><D133/><U88/><E119/><V83/><F112/><W3/><G117/><T51/><D77/><U108/><E108/><V16/><F33/><W129/><G129/><N who="2" m="49737" /><F69/><W125/><G125/><T113/><D113/><U47/><E135/><V65/><F65/><W85/><G34/><T90/><D27/><U120/><E120/><V17/><F75/><W57/><G31/><T55/><D90/><U62/><E32/><V97/><F97/><W13/><G3/><T74/><D74/><U84/><E62/><V92/><F92/><W91/><G85/><T111/><D111/><U40/><REACH who="1" step="1"/><E89/><REACH who="1" ten="250,240,250,250" step="2"/><V67/><F67/><W126/><G126/><T76/><D76/><U35/><E35/><V71/><F71/><W26/><G68/><T11/><D11/><U110/><E110/><V124/><F124/><W12/><G66/><T102/><D102/><U20/><E20/><V118/><F22/><W130/><G130/><T82/><D82/><U42/><E42/><N who="2" m="22735" /><F118/><W29/><G10/><T43/><D43/><AGARI ba="0,1" hai="16,17,38,43,46,72,78,83" m="22735,49737" machi="43" ten="30,7700,0" yaku="19,1,52,2,54,1" doraHai="15" who="2" fromWho="0" sc="250,-77,240,0,250,87,250,0" /><BYE who="0" /><UN n0="%E9%9F%93%E8%A1%9B%E9%9D%92" /><INIT seed="1,0,0,0,2,92" ten="173,240,337,250" oya="1" hai0="62,46,19,76,85,95,20,34,135,121,7,35,96" hai1="17,2,108,60,100,118,8,91,32,111,86,58,31" hai2="83,6,50,99,68,67,15,78,59,47,18,49,88" hai3="42,10,36,4,26,41,98,40,70,123,80,37,104"/><U115/><E115/><V73/><F68/><W124/><G123/><T72/><D121/><U113/><E113/><V90/><F6/><W102/><G124/><T21/><D135/><U44/><E118/><V43/><F67/><W3/><G70/><T112/><D112/><U74/><E74/><V105/><F59/><W64/><G64/><T57/><D72/><U5/><E44/><V82/><F50/><W106/><G106/><T14/><D7/><U120/><E120/><V11/><REACH who="2" step="1"/><F83/><REACH who="2" ten="173,240,327,250" step="2"/><W53/><G80/><N who="0" m="47239" /><D35/><U16/><E32/><V131/><F131/><W33/><REACH who="3" step="1"/><G53/><REACH who="3" ten="173,240,327,240" step="2"/><N who="0" m="34095" /><D34/><U24/><E58/><V87/><F87/><W94/><G94/><T23/><D46/><U1/><E86/><V61/><F61/><W103/><G103/><AGARI ba="0,2" hai="14,19,20,21,23,95,96,103" m="34095,47239" machi="103" ten="30,2000,0" yaku="8,1,52,1" doraHai="92" who="0" fromWho="3" sc="173,40,240,0,327,0,240,-20" /><AGARI ba="0,0" hai="11,15,18,43,47,49,73,78,82,88,90,99,103,105" machi="103" ten="40,5200,0" yaku="1,1,52,1,54,1,53,0" doraHai="92" doraHaiUra="119" who="2" fromWho="3" sc="213,0,240,0,327,52,220,-52" /><INIT seed="2,0,0,3,4,113" ten="213,240,379,168" oya="2" hai0="128,99,121,14,45,101,74,64,34,58,78,10,132" hai1="12,59,20,30,39,79,26,98,84,62,109,6,60" hai2="55,69,50,114,119,91,93,43,52,29,107,33,86" hai3="11,1,81,44,70,67,0,134,16,96,17,28,106"/><V37/><F114/><W83/><G134/><T41/><D121/><U19/><E39/><V120/><F120/><W118/><G118/><T61/><D34/><U8/><E109/><V63/><F107/><W103/><G28/><T135/><D128/><U73/><E73/><V122/><F29/><W9/><G70/><T47/><D78/><U97/><E62/><V65/><F55/><W40/><G67/><T68/><D74/><U53/><E79/><V72/><F33/><W92/><G106/><T15/><D58/><U87/><E97/><V77/><F77/><W36/><G81/><T104/><D15/><U111/><E111/><V108/><F72/><W133/><G83/><T4/><REACH who="0" step="1"/><D41/><REACH who="0" ten="203,240,379,168" step="2"/><U123/><E123/><V95/><F122/><W112/><G112/><T90/><D90/><U89/><REACH who="1" step="1"/><E30/><REACH who="1" ten="203,230,379,168" step="2"/><V25/><F108/><W110/><G110/><T24/><D24/><U124/><E124/><V22/><F25/><W31/><G31/><T18/><D18/><U76/><E76/><V38/><F69/><W57/><G17/><T46/><AGARI ba="0,2" hai="4,10,14,45,46,47,61,64,68,99,101,104,132,135" machi="46" ten="30,2000,0" yaku="1,1,0,1,53,0" doraHai="113" doraHaiUra="82" who="0" fromWho="0" sc="203,40,230,-5,379,-10,168,-5" /><INIT seed="3,0,0,4,0,3" ten="243,225,369,163" oya="3" hai0="110,57,82,26,36,51,6,133,40,7,9,42,135" hai1="126,119,34,120,93,72,77,85,10,35,116,112,8" hai2="22,27,128,115,12,14,103,74,17,59,114,15,117" hai3="24,60,118,54,29,49,69,106,44,48,46,20,124"/><W78/><G118/><N who="1" m="45098" /><E112/><V21/><F74/><W127/><G106/><T80/><D110/><U41/><E120/><V2/><F103/><W79/><G69/><T100/><D100/><U64/><E64/><V11/><F59/><W104/><G104/><T105/><D105/><U132/><E132/><N who="0" m="50761" /><D36/><U89/><E41/><N who="0" m="15977" /><D26/><U30/><E30/><N who="2" m="17775" /><F117/><W43/><REACH who="3" step="1"/><G60/><REACH who="3" ten="243,225,369,153" step="2"/><T81/><D9/><N who="1" m="3691" /><E126/><AGARI ba="0,1" hai="20,24,29,43,44,46,48,49,54,78,79,124,126,127" machi="126" ten="40,3900,0" yaku="1,1,18,1,53,0" doraHai="3" doraHaiUra="56" who="3" fromWho="1" sc="243,0,225,-39,369,0,153,49" /><INIT seed="3,1,0,1,4,73" ten="243,186,369,202" oya="3" hai0="22,60,76,29,83,80,74,66,111,86,37,67,133" hai1="18,134,49,117,109,90,71,48,93,65,45,98,89" hai2="9,54,82,115,81,70,130,63,3,0,53,30,44" hai3="57,125,27,126,41,4,123,91,15,14,113,17,122"/><W119/><G41/><T96/><D37/><U51/><E109/><V116/><F70/><W128/><G113/><T85/><D111/><U106/><E134/><V56/><F116/><W52/><G119/><T72/><D133/><U135/><E135/><V131/><F30/><W21/><G91/><T50/><D96/><U31/><E117/><V62/><F115/><W59/><G59/><T69/><D66/><U118/><E118/><V114/><F114/><W87/><G87/><T43/><D29/><U97/><E31/><V129/><F9/><N who="3" m="4391" /><G27/><T20/><D72/><U95/><E106/><V105/><F105/><W92/><G92/><T64/><D74/><U101/><E101/><V10/><F62/><N who="3" m="36135" /><G128/><T33/><D33/><U23/><E71/><V12/><F3/><W1/><G1/><T8/><D67/><U6/><E65/><V2/><F0/><W77/><G77/><T132/><D132/><U36/><E6/><N who="2" m="3159" /><F2/><W11/><G11/><T100/><D8/><U34/><E34/><V19/><F19/><W58/><G58/><N who="0" m="36887" /><D100/><U84/><E36/><V25/><F25/><W68/><G68/><T121/><D69/><U78/><E18/><V42/><F42/><W103/><G103/><T16/><D121/><U107/><E107/><V108/><F108/><W79/><G79/><N who="0" m="46239" /><D16/><U94/><E23/><V120/><F120/><W110/><G110/><T40/><D40/><N who="1" m="24615" /><E78/><V102/><F102/><W35/><G35/><T47/><AGARI ba="1,0" hai="20,22,43,47,50,76,83,86" m="46239,36887" machi="47" ten="30,4000,0" yaku="8,1,52,2" doraHai="73" who="0" fromWho="0" sc="243,43,186,-11,369,-11,202,-21" owari="286,9.0,175,-32.0,358,45.0,181,-22.0" /></mjloggm>