<mjloggm ver="2.3"><GO type="169" lobby="0"/><UN n0="%E3%81%BF%E3%81%A9%E3%81%A3%E3%81%93%E5%A4%AA%E9%83%8E" n1="%E3%83%89%E3%83%A9%EF%BC%91%EF%BC%92%EF%BC%90%EF%BC%85" n2="%74%63%61%30%30" n3="%E8%91%B5%E3%81%A1%E3%82%83%E3%82%93" dan="16,17,16,16" rate="2081.51,2232.22,2158.72,2149.18" sx="M,M,M,F"/><TAIKYOKU oya="0"/><INIT seed="0,0,0,3,2,61" ten="250,250,250,250" oya="0" hai0="34,130,15,126,106,125,49,48,16,107,76,17,96" hai1="70,90,1,100,86,22,14,72,84,44,9,64,60" hai2="67,115,78,77,52,58,111,50,110,81,75,4,134" hai3="97,68,98,19,12,43,104,35,66,109,41,135,32"/><T29/><D76/><U23/><E72/><V92/><F115/><W2/><G2/><T103/><D107/><U69/><E100/><V3/><F134/><W133/><G109/><N who="2" m="41481" /><F77/><W71/><G12/><T129/><D29/><U118/><E118/><V74/><F92/><W91/><G19/><N who="0" m="7243" /><D34/><U120/><E1/><V122/><F122/><W82/><G104/><T57/><D15/><U30/><E120/><V73/><F67/><W28/><G28/><T25/><D25/><U89/><E44/><V27/><F27/><W108/><G108/><T83/><D83/><U24/><E23/><V8/><AGARI ba="0,0" hai="3,4,8,50,52,58,73,74,75,78,81" m="41481" machi="8" ten="30,2000,0" yaku="14,1,54,1" doraHai="61" who="2" fromWho="2" sc="250,-10,250,-5,250,20,250,-5" /><INIT seed="1,0,0,2,0,46" ten="240,245,270,245" oya="1" hai0="104,101,69,88,118,81,6,49,84,11,21,126,130" hai1="127,44,5,38,115,42,50,98,111,7,58,128,74" hai2="33,78,70,123,132,94,63,85,75,13,41,20,67" hai3="64,105,113,65,37,57,8,102,30,92,91,45,3"/><U53/><E74/><V29/><F123/><W110/><G113/><T99/><D130/><U116/><E115/><V16/><F132/><W87/><G110/><T1/><D126/><U55/><E127/><V60/><F75/><W76/><G76/><T93/><D118/><U14/><E116/><V48/><F63/><W59/><G30/><T25/><D69/><U86/><E111/><V27/><F94/><W71/><G71/><T73/><D73/><U122/><E122/><V133/><F133/><W131/><G131/><T35/><D35/><U19/><E128/><V129/><F129/><W90/><G8/><T36/><D36/><U23/><E98/><V95/><F95/><W77/><G3/><T22/><D25/><U2/><E2/><V119/><F119/><W109/><G77/><T121/><D121/><U96/><E86/><V97/><F97/><W56/><G91/><T134/><D134/><U10/><E96/><V79/><REACH who="2" step="1"/><F85/><REACH who="2" ten="240,245,260,245" step="2"/><W135/><G87/><T4/><D93/><U0/><E7/><V51/><F51/><W82/><G92/><T114/><D114/><U28/><E28/><V31/><F31/><W17/><G109/><T24/><D6/><U26/><E0/><V43/><F43/><W89/><G135/><T100/><D100/><U61/><REACH who="1" step="1"/><E38/><REACH who="1" ten="240,235,260,245" step="2"/><V124/><F124/><W18/><G37/><T106/><D84/><U68/><E68/><V34/><F34/><W32/><G32/><T107/><D1/><U52/><AGARI ba="0,2" hai="5,10,14,19,23,26,42,44,50,52,53,55,58,61" machi="52" ten="20,18000,2" yaku="1,1,0,1,7,1,8,1,52,1,54,1,53,0" doraHai="46" doraHaiUra="120" who="1" fromWho="1" sc="240,-60,235,200,260,-60,245,-60" /><INIT seed="1,1,0,5,3,16" ten="180,435,200,185" oya="1" hai0="27,103,129,9,73,40,67,4,51,54,70,77,106" hai1="39,89,56,60,92,78,3,32,127,24,115,83,28" hai2="122,120,123,130,105,135,36,25,37,58,65,113,2" hai3="84,10,66,20,109,121,94,42,91,26,47,102,55"/><U17/><E17/><V5/><BYE who="1" /><F105/><UN n1="%E3%83%89%E3%83%A9%EF%BC%91%EF%BC%92%EF%BC%90%EF%BC%85" /><W107/><G109/><T98/><D40/><U14/><E3/><V110/><F5/><W79/><G121/><T88/><D129/><U30/><E115/><V75/><F2/><W7/><G66/><T95/><D67/><U29/><E39/><V114/><F75/><W52/><G79/><T41/><D41/><U63/><E127/><V112/><F25/><W49/><G102/><T101/><D70/><U50/><E14/><V111/><F130/><W1/><REACH who="3" step="1"/><G107/><REACH who="3" ten="180,435,200,175" step="2"/><T71/><D106/><U64/><E64/><V81/><F135/><W74/><G74/><T99/><D101/><U44/><E32/><V53/><F65/><W34/><G34/><T19/><D77/><U8/><E78/><V90/><F90/><W96/><G96/><T100/><D98/><U61/><E89/><V72/><F72/><W18/><AGARI ba="1,1" hai="1,7,10,18,20,26,42,47,49,52,55,84,91,94" machi="18" ten="20,8000,1" yaku="1,1,0,1,7,1,52,1,54,1,53,0" doraHai="16" doraHaiUra="132" who="3" fromWho="3" sc="180,-21,435,-41,200,-21,175,93" /><INIT seed="2,0,0,4,3,13" ten="159,394,179,268" oya="2" hai0="104,130,99,128,100,116,77,73,65,85,101,84,8" hai1="87,96,37,86,124,127,55,30,66,46,135,97,69" hai2="114,28,109,125,14,75,89,120,80,6,26,81,79" hai3="3,29,23,52,34,64,41,90,107,16,108,58,10"/><V74/><F120/><W123/><G123/><T70/><D70/><U105/><E30/><V49/><F114/><W61/><G108/><T76/><D65/><U88/><E105/><V17/><F125/><N who="1" m="48201" /><E87/><N who="0" m="33353" /><D8/><U60/><E135/><V7/><F109/><W1/><G41/><T38/><D38/><U78/><E78/><N who="0" m="30313" /><D116/><U119/><E119/><V53/><F89/><W18/><G34/><T62/><D62/><U31/><E31/><V48/><F48/><W43/><G43/><T63/><D63/><U24/><E24/><V51/><F51/><W56/><G3/><T98/><D73/><U20/><E20/><V134/><F134/><W115/><G115/><T0/><D0/><U36/><E55/><V54/><F80/><W5/><G29/><T32/><D32/><U94/><E46/><V68/><F68/><W15/><G18/><T67/><D67/><U45/><E45/><V19/><F75/><W27/><G1/><T112/><D112/><U122/><E122/><V111/><F111/><W40/><G40/><T106/><AGARI ba="0,0" hai="98,99,100,101,104,106,128,130" m="30313,33353" machi="106" ten="30,2000,0" yaku="34,2" doraHai="13" who="0" fromWho="0" sc="159,20,394,-5,179,-10,268,-5" /><INIT seed="3,0,0,5,5,13" ten="179,389,169,263" oya="3" hai0="117,101,48,19,60,127,125,31,0,107,121,96,74" hai1="71,69,14,68,100,72,104,38,81,90,132,110,46" hai2="124,23,116,115,34,20,56,99,130,93,91,79,134" hai3="114,27,64,88,62,80,26,7,29,131,5,111,47"/><W25/><G114/><T2/><D117/><U61/><E110/><V50/><F116/><W84/><G111/><T28/><D74/><U6/><E132/><V1/><F115/><W85/><G131/><T32/><D121/><U86/><E104/><V30/><F1/><W16/><G29/><T106/><D48/><U59/><E100/><V75/><F130/><W22/><G47/><T120/><D120/><U123/><E123/><V126/><F134/><W98/><G98/><T135/><D135/><U58/><E72/><V95/><F93/><N who="3" m="54407" /><G62/><T128/><D128/><U51/><E38/><V44/><F56/><W4/><G64/><T122/><D122/><U113/><E113/><V76/><F34/><W37/><G37/><T53/><D32/><U10/><REACH who="1" step="1"/><E61/><REACH who="1" ten="179,379,169,263" step="2"/><V12/><F75/><W73/><G73/><T78/><D60/><U57/><E57/><V67/><F67/><W102/><G102/><T8/><D101/><U133/><E133/><V103/><F103/><W89/><AGARI ba="0,1" hai="4,5,7,16,22,25,26,27,80,85,89" m="54407" machi="89" ten="30,11700,0" yaku="8,1,52,1,54,2" doraHai="13" who="3" fromWho="3" sc="179,-39,379,-39,169,-39,263,127" /><INIT seed="3,1,0,3,3,40" ten="140,340,130,390" oya="3" hai0="51,114,14,119,73,101,135,11,35,3,126,13,79" hai1="0,6,30,100,66,70,96,59,27,80,107,106,86" hai2="102,83,78,61,81,127,58,45,115,64,26,18,117" hai3="133,89,43,54,76,16,33,95,22,129,71,56,39"/><W110/><G33/><T55/><D119/><U24/><E107/><V12/><F117/><W74/><G71/><T69/><D35/><U92/><E70/><V2/><F2/><W42/><G129/><T112/><D69/><U23/><E106/><V113/><F127/><W52/><G133/><T90/><D101/><U97/><E97/><V9/><F102/><W7/><G7/><T8/><D3/><U20/><E0/><V10/><F26/><W128/><G128/><T109/><D109/><U130/><E6/><V105/><F105/><W67/><G110/><T131/><D131/><U50/><E130/><V87/><F9/><W84/><G76/><T63/><D63/><N who="1" m="38271" /><E50/><V116/><F116/><W15/><G74/><T21/><D79/><N who="1" m="46367" /><E24/><V38/><REACH who="2" step="1"/><F83/><REACH who="2" ten="140,340,120,390" step="2"/><W120/><G120/><T99/><D126/><U47/><E20/><V108/><F108/><W134/><G134/><T37/><D21/><U132/><E132/><V48/><F48/><W29/><G39/><T123/><D37/><U46/><AGARI ba="1,1" hai="23,27,30,46,47,92,96,100" m="46367,38271" machi="46" ten="30,7900,0" yaku="25,1,8,1,52,2" doraHai="40" who="1" fromWho="1" sc="140,-21,340,92,120,-21,390,-40" /><INIT seed="4,0,0,2,3,10" ten="119,432,99,350" oya="0" hai0="50,113,93,33,89,36,109,26,54,82,108,126,112" hai1="119,128,66,114,29,2,110,118,96,57,117,135,16" hai2="0,25,81,122,58,133,4,8,101,105,71,47,94" hai3="65,42,78,68,132,46,121,13,63,14,102,77,19"/><T75/><D36/><U49/><E2/><V86/><F122/><W88/><G121/><T129/><D126/><U76/><E110/><N who="0" m="42601" /><D33/><U125/><E29/><V11/><F71/><W5/><G132/><T62/><D62/><U84/><E125/><V30/><F133/><W22/><G102/><T120/><D26/><U23/><E135/><V38/><F105/><W7/><G7/><T31/><D31/><U51/><E96/><V18/><F58/><W134/><G134/><T48/><D120/><U72/><E72/><V44/><F38/><W43/><G43/><T97/><D129/><U1/><E1/><V130/><F130/><W87/><G13/><T45/><D48/><U69/><E69/><V24/><F94/><W91/><G5/><T67/><D67/><U55/><E66/><V12/><F101/><W21/><G22/><T70/><D70/><U103/><E103/><V100/><F100/><W34/><G34/><T37/><D37/><U99/><E128/><V35/><REACH who="2" step="1"/><F25/><REACH who="2" ten="119,432,89,350" step="2"/><W74/><G68/><T106/><D106/><U6/><E118/><V20/><F20/><W32/><G21/><T39/><D39/><U17/><E23/><V90/><AGARI ba="0,1" hai="0,4,8,11,12,18,24,30,35,44,47,81,86,90" machi="90" ten="20,8000,1" yaku="1,1,0,1,7,1,52,1,53,1" doraHai="10" doraHaiUra="83" who="2" fromWho="2" sc="119,-40,432,-20,89,90,350,-20" /><INIT seed="5,0,0,2,2,105" ten="79,412,179,330" oya="1" hai0="45,77,19,62,121,56,49,99,65,36,86,93,60" hai1="47,1,85,54,104,107,55,4,74,89,51,11,69" hai2="82,70,39,28,24,130,116,135,30,58,37,120,95" hai3="48,72,79,33,106,25,23,22,59,97,9,53,10"/><U67/><E74/><V119/><F120/><W109/><G109/><T108/><D108/><U14/><E69/><V41/><F70/><W61/><G33/><T92/><D121/><U87/><E67/><V124/><F130/><W35/><G35/><T64/><D36/><U66/><E66/><V100/><F124/><W21/><G25/><T94/><D19/><U113/><E113/><V34/><F135/><W32/><G32/><T101/><D86/><U18/><E55/><V132/><F132/><W50/><G106/><T5/><D77/><U115/><E87/><V16/><F30/><W44/><G97/><T68/><REACH who="0" step="1"/><D5/><REACH who="0" ten="69,412,179,330" step="2"/><U13/><E115/><V128/><F37/><W112/><G112/><T3/><D3/><U80/><E1/><V40/><F39/><W83/><REACH who="3" step="1"/><G48/><REACH who="3" ten="69,412,179,320" step="2"/><T133/><D133/><U117/><REACH who="1" step="1"/><E117/><REACH who="1" ten="69,402,179,320" step="2"/><V63/><F116/><W73/><G73/><T114/><D114/><U103/><E103/><V91/><F100/><W118/><G118/><T81/><D81/><U17/><E17/><V110/><F16/><W88/><G88/><T129/><D129/><U0/><E0/><V6/><F128/><W57/><G57/><T78/><D78/><U2/><E2/><V38/><F58/><W123/><G123/><T27/><D27/><U75/><E75/><V26/><F24/><W96/><G96/><T84/><D84/><U131/><E131/><V43/><F26/><W7/><G7/><T71/><D71/><U46/><E46/><V52/><F6/><W31/><G31/><T8/><D8/><AGARI ba="0,3" hai="4,8,11,13,14,18,47,51,54,80,85,89,104,107" machi="8" ten="30,11600,0" yaku="1,1,7,1,25,2,53,0" doraHai="105" doraHaiUra="125" who="1" fromWho="0" sc="69,-116,402,146,179,0,320,0" owari="-47,-55.0,548,65.0,179,-22.0,320,12.0" /></mjloggm>