<mjloggm ver="2.3"><GO type="169" lobby="0"/><UN n0="%6B%5F%6D%5F%62" n1="%E9%89%84%E7%A8%9A%E9%AD%9A%E3%82%AB%E3%83%A2%E9%A4%8A%E5%88%86" n2="%E3%82%84%E3%81%BE%E3%81%98%E3%82%8D%E3%81%86" n3="%64%61%6E%6E%63%68%69" dan="16,18,16,17" rate="2141.51,2198.80,2102.44,2175.81" sx="M,F,M,M"/><TAIKYOKU oya="0"/><INIT seed="0,0,0,3,3,87" ten="250,250,250,250" oya="0" hai0="16,49,66,116,0,77,117,36,29,52,6,58,37" hai1="134,120,127,22,106,85,76,67,20,56,25,107,69" hai2="92,74,39,119,55,32,30,86,33,126,31,128,42" hai3="54,133,125,113,129,70,100,122,3,91,81,50,73"/><T59/><D29/><U40/><E120/><V102/><F74/><W89/><G70/><T131/><D131/><U111/><E69/><V121/><F121/><W101/><G3/><T124/><D124/><U15/><E127/><V95/><F126/><W118/><G113/><T79/><D0/><U65/><E40/><V17/><F119/><W24/><G125/><T9/><D6/><U132/><E111/><V130/><F55/><W14/><G118/><T112/><D112/><U2/><E2/><V10/><F92/><W78/><G122/><T72/><D117/><U34/><E34/><V123/><F123/><W115/><G115/><T26/><D116/><U97/><E15/><N who="2" m="7415" /><F42/><W41/><G129/><N who="2" m="49769" /><F39/><W96/><G41/><T44/><D72/><U80/><E107/><V108/><F108/><W13/><G24/><T23/><D37/><U8/><E67/><V82/><F95/><W62/><G62/><N who="0" m="38239" /><D36/><U71/><E106/><V5/><F102/><W83/><G133/><T109/><D109/><U19/><E97/><V47/><F47/><W88/><G83/><T135/><D135/><U4/><E132/><V110/><F5/><W45/><REACH who="3" step="1"/><G101/><REACH who="3" ten="250,250,250,240" step="2"/><T68/><D68/><U90/><E71/><V1/><F1/><W51/><G51/><T104/><D49/><U84/><E134/><V38/><F110/><W98/><G98/><T48/><D44/><U103/><E103/><V105/><F38/><W99/><G99/><T7/><D104/><AGARI ba="0,1" hai="13,14,45,50,54,73,78,81,88,89,91,96,100,104" machi="104" ten="40,12000,2" yaku="1,1,52,3,54,1,53,1" doraHai="87" doraHaiUra="43" who="3" fromWho="0" sc="250,-120,250,0,250,0,240,130" /><INIT seed="1,0,0,1,0,125" ten="130,250,250,370" oya="1" hai0="53,108,115,97,17,35,107,113,0,94,116,14,60" hai1="6,126,133,102,1,4,80,65,31,34,70,58,39" hai2="90,117,55,36,103,51,124,82,50,68,114,67,106" hai3="74,43,24,12,110,127,87,47,91,119,93,19,122"/><U78/><E102/><V56/><F36/><W85/><G74/><T64/><D108/><U63/><E133/><V16/><F117/><W73/><G73/><T81/><D116/><U57/><E126/><V134/><F124/><W2/><G2/><T118/><D118/><U69/><E58/><V66/><F114/><W40/><G127/><T96/><D0/><U29/><E6/><V52/><F134/><W30/><G119/><T75/><D35/><U22/><E22/><V11/><F103/><W79/><G122/><T3/><D3/><U76/><E76/><V42/><F106/><W20/><G110/><T105/><D53/><U26/><E31/><V7/><F42/><W33/><G79/><T9/><D81/><U46/><E57/><N who="2" m="32919" /><F7/><W54/><G85/><T38/><D38/><U25/><E25/><V120/><F68/><W89/><G89/><T8/><D75/><N who="1" m="43103" /><E63/><V112/><F112/><W121/><G121/><T18/><D105/><U32/><E65/><V100/><F100/><W48/><AGARI ba="0,0" hai="12,19,20,24,30,33,40,43,47,48,54,87,91,93" machi="48" ten="30,1100,0" yaku="0,1" doraHai="125" who="3" fromWho="3" sc="130,-3,250,-5,250,-3,370,11" /><INIT seed="2,0,0,3,0,112" ten="127,245,247,381" oya="2" hai0="12,65,75,67,130,41,106,24,20,88,3,19,98" hai1="120,44,89,134,22,81,73,105,78,69,115,99,21" hai2="13,34,32,33,104,64,122,61,35,63,39,27,101" hai3="127,103,54,87,30,51,129,83,5,117,123,18,121"/><V74/><F122/><W15/><G117/><T55/><D130/><U6/><E115/><V25/><F25/><W1/><G129/><T131/><D131/><U4/><E69/><V60/><F13/><W57/><G127/><T47/><D3/><U93/><E134/><V109/><F109/><W68/><G68/><T53/><D75/><U14/><E120/><V40/><F74/><W8/><G103/><T62/><D106/><U29/><E44/><V59/><F40/><W96/><G96/><T2/><D2/><U118/><E29/><V126/><F39/><W66/><G66/><T28/><D41/><U45/><E45/><V95/><F126/><W110/><G110/><T76/><D76/><U50/><E50/><V71/><F59/><W11/><G30/><T124/><D124/><U16/><E118/><V42/><F95/><W133/><G133/><T97/><D97/><U116/><E116/><V37/><F42/><W111/><G111/><T79/><D79/><AGARI ba="0,0" hai="1,5,8,11,15,18,51,54,57,79,83,87,121,123" machi="79" ten="30,1000,0" yaku="7,1" doraHai="112" who="3" fromWho="0" sc="127,-10,245,0,247,0,381,10" /><INIT seed="3,0,0,5,0,85" ten="117,245,247,391" oya="3" hai0="125,37,9,52,16,22,19,38,32,96,11,26,30" hai1="45,121,49,55,101,67,131,7,13,76,126,4,36" hai2="21,75,102,18,35,116,130,112,58,15,83,39,31" hai3="72,127,14,122,108,8,97,6,34,87,41,5,28"/><W100/><G72/><T92/><D125/><U61/><E121/><V44/><F112/><W105/><G122/><T95/><D32/><U81/><E131/><V42/><F130/><W64/><G127/><T62/><D38/><U120/><E120/><V80/><F116/><W51/><G108/><T132/><D132/><U3/><E3/><V118/><F118/><W104/><G104/><T123/><D123/><U78/><E78/><V110/><F110/><W29/><G64/><T63/><D37/><U74/><E126/><V124/><F124/><W66/><G66/><T46/><D62/><U17/><E101/><V40/><F40/><W1/><G34/><T70/><D70/><U90/><E36/><V53/><F102/><W43/><G43/><T114/><D114/><U79/><E79/><V27/><F75/><W107/><G107/><T20/><D30/><U33/><E90/><V84/><F84/><W98/><G98/><T88/><D92/><U56/><E33/><V10/><F35/><W89/><G5/><T73/><D73/><U47/><E47/><V86/><F86/><W25/><G1/><T50/><D63/><AGARI ba="0,0" hai="10,15,18,21,27,31,39,42,44,53,58,63,80,83" machi="63" ten="30,1000,0" yaku="7,1" doraHai="85" who="2" fromWho="0" sc="117,-10,245,0,247,10,391,0" /><INIT seed="4,0,0,1,3,5" ten="107,245,257,391" oya="0" hai0="108,97,3,105,89,85,80,94,95,20,71,54,19" hai1="29,18,104,121,0,45,81,48,56,4,69,46,132" hai2="93,27,83,68,76,128,9,57,16,44,64,91,77" hai3="39,75,21,35,24,14,120,65,26,58,87,78,98"/><T133/><D133/><U110/><E110/><V100/><F68/><W74/><G39/><T73/><D108/><U47/><E104/><V109/><F128/><W79/><G98/><T114/><D114/><U103/><E69/><V102/><F44/><W55/><G65/><T119/><D119/><U113/><E103/><N who="2" m="39467" /><F83/><W23/><G35/><T34/><D34/><U118/><E29/><V111/><F111/><W36/><G36/><T60/><D105/><U90/><E118/><V88/><F91/><W72/><G120/><T63/><D3/><U67/><E121/><V22/><F9/><W6/><G87/><N who="0" m="52543" /><D73/><U43/><E132/><V37/><F37/><W17/><G26/><N who="0" m="14623" /><D71/><U25/><E113/><V117/><F117/><W51/><REACH who="3" step="1"/><G6/><REACH who="3" ten="107,245,257,381" step="2"/><T116/><D116/><U129/><E4/><V135/><F109/><W96/><G96/><T106/><D106/><U66/><E25/><V86/><F135/><W15/><G15/><T12/><D12/><U127/><E67/><V10/><F64/><W82/><G82/><T62/><D80/><U131/><E81/><V11/><F93/><W42/><G42/><T33/><D33/><U101/><E43/><V53/><F86/><W134/><G134/><T40/><D40/><U130/><E130/><V1/><F27/><W61/><G61/><T125/><D85/><U123/><E131/><V84/><F84/><W92/><G92/><T2/><D54/><N who="1" m="31815" /><E129/><V126/><F53/><W70/><G70/><T38/><D38/><U49/><E123/><V50/><F50/><W52/><G52/><T32/><D32/><U30/><E49/><RYUUKYOKU ba="0,1" sc="107,-10,245,-10,257,-10,381,30" hai3="14,17,21,23,24,51,55,58,72,74,75,78,79" /><INIT seed="5,1,1,3,2,130" ten="97,235,247,411" oya="1" hai0="54,132,121,47,94,83,5,44,112,9,98,81,116" hai1="6,120,80,12,58,87,39,64,110,24,55,125,28" hai2="131,126,95,27,76,105,10,65,79,29,51,13,82" hai3="119,104,127,78,97,46,18,1,38,20,23,102,107"/><U8/><E120/><V77/><F105/><W86/><G1/><T3/><D116/><U115/><E115/><V135/><F131/><W22/><G119/><T62/><D112/><U108/><E125/><V106/><F106/><W61/><G127/><T45/><D121/><U67/><E39/><V72/><F126/><W88/><G107/><T111/><D111/><U90/><E110/><V50/><F65/><W30/><G78/><T25/><D25/><U21/><REACH who="1" step="1"/><E108/><REACH who="1" ten="97,225,247,411" step="2"/><V52/><F72/><W101/><G38/><T26/><D26/><U103/><E103/><V53/><F51/><AGARI ba="1,2" hai="6,8,12,21,24,28,51,55,58,64,67,80,87,90" machi="51" ten="30,5800,0" yaku="1,1,7,1,8,1,53,0" doraHai="130" doraHaiUra="124" who="1" fromWho="2" sc="97,0,225,81,247,-61,411,0" /><INIT seed="5,2,0,0,1,61" ten="97,306,186,411" oya="1" hai0="15,65,74,134,71,3,80,135,99,81,33,63,86" hai1="2,44,25,11,54,46,103,90,78,8,122,118,106" hai2="70,20,37,14,73,93,108,4,50,115,132,112,97" hai3="82,57,6,19,29,72,58,42,27,109,67,28,53"/><U34/><E118/><V68/><F37/><W85/><G109/><T111/><D111/><U12/><E122/><V49/><F108/><W41/><G72/><T24/><D3/><U23/><E78/><V95/><F73/><W113/><G6/><T5/><D74/><U88/><E34/><V91/><F132/><N who="0" m="50730" /><D86/><U21/><E2/><V62/><F95/><W104/><G104/><T130/><D130/><U9/><E106/><V133/><F133/><W127/><G113/><N who="2" m="43593" /><F70/><W13/><G58/><T30/><D99/><U64/><E103/><V45/><F45/><N who="1" m="17513" /><E54/><V119/><F119/><W117/><G127/><T17/><D5/><U129/><E129/><V98/><F98/><W36/><G36/><T110/><D110/><U0/><E0/><V22/><F22/><AGARI ba="2,0" hai="15,17,22,24,30,33,63,65,71,80,81" m="50730" machi="22" ten="30,2000,0" yaku="20,1,52,1" doraHai="61" who="0" fromWho="2" sc="97,26,306,0,186,-26,411,0" /><INIT seed="6,0,0,2,2,59" ten="123,306,160,411" oya="2" hai0="96,118,41,117,127,87,76,57,54,7,20,115,112" hai1="44,10,93,75,65,55,102,106,56,14,74,21,51" hai2="36,134,89,122,116,78,86,13,0,77,9,107,42" hai3="45,101,22,58,52,53,5,70,34,26,91,33,35"/><V71/><F116/><N who="0" m="44650" /><D127/><U31/><E106/><V88/><F122/><W6/><G70/><T79/><D7/><U64/><E75/><V43/><F107/><W38/><G101/><T50/><D96/><N who="1" m="59663" /><E74/><V11/><F71/><W99/><G38/><T39/><D20/><U120/><E120/><V47/><F134/><W1/><G45/><N who="0" m="23743" /><D87/><U113/><E113/><AGARI ba="0,0" hai="50,54,57,76,79,112,113,115" m="23743,44650" machi="113" ten="30,2000,0" yaku="15,1,12,1" doraHai="59" who="0" fromWho="1" sc="123,20,306,-20,160,0,411,0" /><INIT seed="7,0,0,3,4,95" ten="143,286,160,411" oya="3" hai0="76,77,91,16,118,21,107,82,25,126,42,44,127" hai1="105,133,59,103,28,6,122,94,62,49,48,75,2" hai2="96,38,46,51,99,23,66,24,64,71,3,90,37" hai3="15,43,89,70,20,124,0,52,100,81,114,85,112"/><W131/><G0/><T109/><D109/><U61/><E105/><V33/><F3/><W132/><G43/><T121/><D121/><U55/><E75/><V4/><F4/><W79/><G70/><T12/><D118/><U5/><E28/><V130/><F33/><W104/><G124/><N who="0" m="47659" /><D107/><U116/><E116/><V125/><F125/><W58/><G89/><T97/><D25/><U34/><E34/><V63/><F130/><W123/><G20/><T36/><D97/><U115/><E122/><V54/><F66/><W57/><G52/><T32/><D32/><U67/><E115/><V111/><F111/><W106/><G57/><T18/><D18/><U50/><E133/><V83/><F83/><W30/><G81/><T134/><D134/><U39/><E39/><V14/><F14/><W13/><G85/><AGARI ba="0,0" hai="12,16,21,36,42,44,76,77,82,85,91" m="47659" machi="85" ten="30,2000,0" yaku="18,1,54,1" doraHai="95" who="0" fromWho="3" sc="143,20,286,0,160,0,411,-20" owari="163,-24.0,286,9.0,160,-34.0,391,49.0" /></mjloggm>