<mjloggm ver="2.3"><GO type="185" lobby="0"/><UN n0="%E5%A4%9A%E6%9E%97%E6%99%8B" n1="%E6%B5%B7%E8%83%86%E3%83%88%E3%83%AD%E7%83%8F%E8%B3%8A" n2="%68%69%72%6F%6E%6E%32%30" n3="" dan="16,18,17,0" rate="2195.64,2384.21,2247.44,1500.00" sx="M,M,M,C"/><TAIKYOKU oya="0"/><INIT seed="0,0,0,4,1,104" ten="350,350,350,0" oya="0" hai0="53,77,65,45,74,87,92,37,58,127,120,126,49" hai1="61,83,78,112,1,86,100,3,44,124,102,131,59" hai2="130,81,115,33,66,97,71,129,119,114,52,117,128" hai3=""/><T118/><N who="0" m="30752" /><T133/><D118/><N who="2" m="45066" /><F33/><T35/><D35/><U79/><E131/><V122/><N who="2" m="31264" /><V110/><F110/><T40/><D133/><U101/><E124/><N who="0" m="47657" /><D65/><U75/><E112/><V70/><F97/><T67/><D67/><U89/><E44/><V80/><F66/><T50/><D92/><U55/><REACH who="1" step="1"/><E79/><REACH who="1" ten="350,340,350,0" step="2"/><V116/><F116/><T108/><D108/><U43/><E43/><V73/><F115/><T56/><D56/><U90/><E90/><V64/><F114/><T84/><D49/><U41/><E41/><V76/><F64/><T51/><D50/><U95/><AGARI ba="0,1" hai="1,3,55,59,61,75,78,83,86,89,95,100,101,102" machi="95" ten="30,9000,2" yaku="1,1,0,1,52,1,53,3" doraHai="104" doraHaiUra="99" who="1" fromWho="1" sc="350,-60,340,100,350,-30,0,0" /><INIT seed="1,0,0,4,1,120" ten="290,440,320,0" oya="1" hai0="64,75,52,2,95,0,108,51,124,93,42,34,126" hai1="45,39,48,96,94,67,36,47,84,77,109,133,63" hai2="61,49,125,46,98,80,90,1,40,83,131,114,119" hai3=""/><U59/><E133/><V50/><F119/><T85/><D34/><U58/><E36/><V32/><F1/><T113/><D75/><U65/><E39/><V135/><F135/><T91/><D113/><U117/><E117/><V56/><F114/><T121/><N who="0" m="31008" /><T102/><D42/><U86/><E77/><V127/><F131/><T73/><D73/><U99/><E109/><V79/><F50/><T3/><D64/><U44/><E48/><V103/><F90/><T134/><D134/><U87/><E94/><V112/><F32/><T128/><D128/><U38/><E38/><V68/><F68/><T104/><D104/><U54/><E54/><V53/><F53/><T92/><D108/><U88/><E88/><V122/><N who="2" m="31264" /><V110/><F112/><T123/><N who="0" m="31520" /><T107/><D107/><U81/><E81/><V43/><F83/><T100/><D102/><U62/><AGARI ba="0,0" hai="44,45,47,58,59,62,63,65,67,84,86,87,96,99" machi="62" ten="40,5200,0" yaku="0,1,9,1,8,1" doraHai="120" who="1" fromWho="1" sc="290,-26,440,52,320,-26,0,0" /><INIT seed="1,1,0,4,5,108" ten="264,492,294,0" oya="1" hai0="48,91,104,107,98,89,80,32,85,2,135,111,43" hai1="125,33,94,76,68,129,92,67,64,96,134,123,62" hai2="59,82,40,34,110,122,131,41,57,47,50,35,49" hai3=""/><U81/><N who="1" m="31520" /><U74/><E33/><V60/><N who="2" m="31264" /><V36/><F110/><T66/><D32/><U45/><E134/><V93/><F131/><T127/><D111/><U103/><E129/><V109/><F109/><T46/><D2/><U65/><E125/><V75/><F35/><T86/><D135/><U132/><E132/><V53/><F34/><T1/><D1/><U0/><E0/><V77/><F36/><T71/><D98/><U83/><E94/><V39/><F39/><T105/><D127/><U124/><E124/><V106/><F106/><T101/><D101/><U133/><E133/><V44/><F59/><T88/><D85/><U117/><E117/><V113/><F93/><T70/><REACH who="0" step="1"/><D66/><REACH who="0" ten="254,492,294,0" step="2"/><U114/><E114/><AGARI ba="1,1" hai="40,41,44,47,49,50,53,57,60,75,77,82,113,114" m="31264" machi="114" ten="40,8000,1" yaku="9,1,52,3" doraHai="108" who="2" fromWho="1" sc="254,0,492,-82,294,92,0,0" /><INIT seed="2,0,0,0,1,129" ten="254,410,386,0" oya="2" hai0="87,124,98,108,88,56,131,43,60,123,112,58,45" hai1="38,104,82,130,99,117,86,84,109,134,100,118,77" hai2="42,133,135,90,51,103,102,101,121,110,115,72,132" hai3=""/><V78/><N who="2" m="31008" /><V92/><F115/><T80/><N who="0" m="31520" /><T126/><D131/><U94/><E130/><V57/><F110/><T62/><D112/><U85/><E38/><V48/><F72/><T33/><D33/><U35/><E35/><V93/><F78/><T0/><D0/><U95/><E109/><V50/><F42/><T54/><D98/><U128/><E128/><V127/><F127/><T61/><D108/><U113/><E113/><V125/><F125/><T119/><D119/><N who="1" m="45579" /><E134/><N who="2" m="34307" /><V105/><DORA hai="67" /><F105/><T120/><N who="0" m="30752" /><T59/><REACH who="0" step="1"/><D54/><REACH who="0" ten="244,410,386,0" step="2"/><U66/><E66/><V65/><F65/><T83/><D83/><U32/><E32/><V64/><F64/><T2/><D2/><U114/><E114/><V39/><F39/><AGARI ba="0,1" hai="39,43,45,56,58,59,60,61,62,80,87,88,124,126" m="30752,31520" machi="39" ten="40,8000,1" yaku="1,1,52,2,54,1,53,0" doraHai="129,67" doraHaiUra="47,122" who="0" fromWho="2" sc="244,90,410,0,386,-80,0,0" /><INIT seed="4,0,0,5,1,112" ten="334,410,306,0" oya="0" hai0="108,106,65,98,89,102,60,110,95,51,83,97,64" hai1="59,35,69,119,101,44,128,87,115,42,113,45,48" hai2="49,105,39,32,41,67,74,134,37,2,111,81,131" hai3=""/><T54/><D83/><U63/><E35/><V34/><F111/><T77/><D77/><U43/><E128/><V130/><F105/><T109/><REACH who="0" step="1"/><D60/><REACH who="0" ten="324,410,306,0" step="2"/><U122/><E122/><V126/><F32/><T76/><D76/><U129/><E63/><V107/><F34/><T125/><D125/><U47/><E113/><V118/><F126/><T85/><D85/><U72/><E87/><V123/><F81/><T135/><D135/><U55/><E115/><V96/><F134/><T57/><AGARI ba="0,1" hai="51,54,57,64,65,89,95,97,98,102,106,108,109,110" machi="57" ten="30,7800,0" yaku="1,1,0,1,10,1,53,1" doraHai="112" doraHaiUra="52" who="0" fromWho="0" sc="324,88,410,-39,306,-39,0,0" /><INIT seed="4,1,0,2,0,44" ten="412,371,267,0" oya="0" hai0="3,70,64,73,115,122,37,102,68,79,132,86,123" hai1="53,62,95,130,56,128,134,40,76,90,91,93,50" hai2="75,78,38,116,118,67,121,135,43,48,2,104,96" hai3=""/><T82/><N who="0" m="31264" /><T41/><N who="0" m="31520" /><T107/><D3/><U65/><E134/><V57/><N who="2" m="31008" /><V46/><F135/><T81/><D132/><U47/><E76/><V83/><F2/><T89/><D115/><U71/><E95/><V108/><F108/><T32/><D32/><U51/><REACH who="1" step="1"/><E90/><REACH who="1" ten="412,361,267,0" step="2"/><V42/><F104/><T125/><D107/><U92/><E92/><V34/><F34/><T101/><D102/><U85/><AGARI ba="1,1" hai="40,47,50,51,53,56,62,65,71,85,91,93,128,130" machi="85" ten="30,6000,1" yaku="1,1,0,1,52,2,53,1" doraHai="44" doraHaiUra="49" who="1" fromWho="1" sc="412,-41,361,72,267,-21,0,0" /><INIT seed="5,0,0,1,5,99" ten="371,433,246,0" oya="1" hai0="105,62,96,65,132,133,128,91,90,37,52,0,49" hai1="58,112,119,56,104,121,73,81,114,116,103,94,61" hai2="70,55,48,68,59,83,123,43,122,93,88,120,39" hai3=""/><U107/><N who="1" m="31008" /><U66/><E94/><V115/><N who="2" m="30752" /><V77/><N who="2" m="31264" /><V131/><N who="2" m="31520" /><V33/><F33/><T127/><D37/><U134/><E134/><N who="0" m="51817" /><D0/><U3/><E3/><V124/><F131/><T1/><D1/><U86/><E73/><V45/><F124/><T97/><D127/><U87/><E81/><V71/><F115/><T85/><D90/><U92/><E92/><V44/><F44/><T135/><D105/><U79/><E61/><V110/><F110/><T42/><D42/><U111/><E66/><V75/><REACH who="2" step="1"/><F70/><REACH who="2" ten="371,433,236,0" step="2"/><T126/><D126/><U50/><E111/><V76/><F76/><T40/><D128/><U95/><E79/><V67/><F67/><T130/><D130/><U41/><E114/><V129/><F129/><T32/><D32/><U64/><E112/><V51/><F51/><T2/><D2/><U69/><E50/><V100/><F100/><T117/><D135/><U84/><E69/><V108/><F108/><T98/><D65/><U118/><E64/><V60/><F60/><T46/><D62/><U63/><E63/><V102/><F102/><T54/><D49/><U82/><E103/><V57/><F57/><T106/><D46/><U101/><E58/><V35/><F35/><RYUUKYOKU ba="0,1" sc="371,-10,433,-10,236,20,0,0" hai2="39,43,45,48,55,59,68,71,75,77,83,88,93" /><INIT seed="6,1,1,4,1,116" ten="361,423,256,0" oya="2" hai0="134,124,62,33,99,135,120,59,80,87,0,45,34" hai1="107,82,52,54,72,37,131,102,89,104,42,83,94" hai2="39,48,122,103,35,74,86,57,95,73,108,56,46" hai3=""/><V113/><N who="2" m="31264" /><V65/><F113/><T71/><N who="0" m="30752" /><T111/><D0/><U85/><E131/><V119/><F119/><T58/><D111/><U60/><E60/><V47/><F35/><T132/><D124/><U50/><E102/><V67/><F108/><T90/><D45/><U133/><E133/><V55/><F39/><T129/><D129/><U44/><E54/><V2/><F2/><T128/><D128/><U115/><E115/><V91/><F103/><T36/><D36/><U88/><E82/><V100/><F100/><T64/><D99/><U117/><E117/><V53/><F74/><T81/><D80/><U79/><E89/><V68/><F73/><T43/><D43/><U112/><E112/><V76/><F76/><T96/><D96/><U61/><E61/><V97/><F97/><T70/><D71/><U49/><E37/><V41/><F68/><T84/><D84/><U106/><E106/><V121/><N who="2" m="31008" /><V32/><F32/><AGARI ba="1,1" hai="32,33,34,58,59,62,64,70,81,87,90,132,134,135" m="30752" machi="32" ten="50,6400,0" yaku="20,1,52,2" doraHai="116" who="0" fromWho="2" sc="361,76,423,0,256,-66,0,0" owari="437,39.0,423,2.0,190,-41.0,0,0.0" /></mjloggm>