<mjloggm ver="2.3"><GO type="185" lobby="0"/><UN n0="%4B%69%64%6F%37%35%30%30" n1="%63%61%6C%63%2E" n2="%E3%83%A6%E3%82%A6%E3%83%8B%E3%83%A3" n3="" dan="16,19,18,0" rate="2114.90,2398.03,2280.18,1500.00" sx="M,M,M,C"/><TAIKYOKU oya="0"/><INIT seed="0,0,0,1,1,49" ten="350,350,350,0" oya="0" hai0="110,122,99,58,72,85,106,120,55,126,92,89,112" hai1="44,115,117,43,42,71,113,125,70,47,65,90,123" hai2="33,76,80,86,87,53,75,111,36,57,35,77,41" hai3=""/><T40/><N who="0" m="30752" /><T74/><N who="0" m="31264" /><T32/><D112/><N who="1" m="43083" /><E90/><V52/><F111/><T61/><D110/><U63/><N who="1" m="31520" /><U82/><E82/><V114/><F114/><T116/><D116/><U48/><E125/><V127/><F127/><T3/><D3/><U84/><E84/><V93/><F75/><T50/><D126/><U46/><E117/><V97/><F41/><N who="1" m="15369" /><E70/><V54/><F36/><T37/><D37/><U98/><E98/><V107/><F107/><T128/><D128/><U96/><E96/><V134/><F33/><T0/><D0/><U38/><E38/><V124/><F35/><T45/><REACH who="0" step="1"/><D32/><REACH who="0" ten="340,350,350,0" step="2"/><U51/><AGARI ba="0,1" hai="44,46,47,48,51,63,65,71" m="15369,31520,43083" machi="51" ten="40,6000,1" yaku="11,1,34,2,52,1" doraHai="49" who="1" fromWho="1" sc="340,-40,350,70,350,-20,0,0" /><INIT seed="1,0,0,4,2,57" ten="300,420,330,0" oya="1" hai0="88,51,120,67,40,2,68,77,113,99,45,111,89" hai1="107,84,124,96,36,80,74,92,118,76,131,59,48" hai2="110,102,55,91,125,47,87,127,94,130,58,70,34" hai3=""/><U0/><E0/><V60/><F34/><T73/><N who="0" m="30752" /><T39/><D2/><U116/><E36/><V72/><F72/><T1/><D1/><U95/><E48/><V106/><F110/><T135/><D135/><U64/><E131/><V132/><F130/><T71/><D113/><U121/><N who="1" m="31008" /><U119/><E124/><N who="2" m="47691" /><F70/><T108/><D39/><U32/><E32/><V128/><F128/><T100/><D77/><U56/><E59/><V101/><F106/><T35/><D73/><U75/><E95/><V37/><F132/><T50/><D50/><U109/><E107/><V85/><F85/><T53/><D40/><AGARI ba="0,0" hai="37,40,47,55,58,60,87,91,94,101,102" m="47691" machi="40" ten="30,2000,0" yaku="18,1,52,1" doraHai="57" who="2" fromWho="0" sc="300,-20,420,0,330,20,0,0" /><INIT seed="2,0,0,0,2,85" ten="280,420,350,0" oya="2" hai0="57,115,102,48,111,128,99,109,41,127,113,46,44" hai1="35,105,34,104,2,103,132,116,62,69,95,125,101" hai2="45,133,1,88,80,108,56,89,58,90,134,53,65" hai3=""/><V79/><F1/><T37/><D128/><U76/><E2/><V112/><F112/><N who="0" m="43082" /><D99/><U114/><E114/><V61/><F45/><T135/><D102/><U55/><E76/><V59/><F108/><N who="0" m="41546" /><D135/><N who="2" m="51722" /><F65/><T86/><D86/><AGARI ba="0,0" hai="53,56,58,59,61,79,80,86,88,89,90" m="51722" machi="86" ten="30,12000,1" yaku="20,1,52,3,54,1" doraHai="85" who="2" fromWho="0" sc="280,-120,420,0,350,120,0,0" /><INIT seed="2,1,0,2,3,69" ten="160,420,470,0" oya="2" hai0="41,120,50,64,90,77,102,118,116,130,60,33,35" hai1="113,73,47,123,85,129,133,82,55,76,127,56,121" hai2="1,66,122,40,34,92,57,36,104,91,70,0,117" hai3=""/><V95/><N who="2" m="31264" /><V44/><F117/><T75/><N who="0" m="30752" /><T87/><D130/><U128/><N who="1" m="31008" /><U100/><N who="1" m="31520" /><U68/><E113/><V111/><F104/><T61/><D102/><U52/><E68/><V103/><F34/><T97/><D97/><U3/><E3/><V126/><F70/><T63/><D64/><U94/><E133/><V71/><F71/><T45/><D118/><U99/><E127/><V43/><F43/><T46/><D116/><U80/><E47/><V114/><F114/><T134/><D134/><U65/><E65/><V67/><F126/><T81/><REACH who="0" step="1"/><D46/><REACH who="0" ten="150,420,470,0" step="2"/><U98/><E99/><V83/><F103/><T93/><AGARI ba="1,1" hai="33,35,41,45,50,60,61,63,75,77,81,87,90,93" m="30752" machi="93" ten="30,6000,1" yaku="1,1,2,1,0,1,52,1,53,1" doraHai="69" doraHaiUra="86" who="0" fromWho="0" sc="150,72,420,-21,470,-41,0,0" /><INIT seed="4,0,0,0,5,80" ten="222,399,429,0" oya="0" hai0="61,117,70,73,135,115,45,94,104,55,128,38,126" hai1="96,91,41,79,102,107,66,64,43,62,116,71,118" hai2="90,85,42,60,35,69,81,58,51,36,83,114,123" hai3=""/><T101/><RYUUKYOKU type="yao9" ba="0,0" sc="222,0,399,0,429,0,0,0" hai0="38,45,55,61,70,73,94,101,104,115,117,126,128,135" /><INIT seed="4,1,0,1,3,2" ten="222,399,429,0" oya="0" hai0="89,74,104,36,100,55,80,91,117,118,64,116,134" hai1="90,112,49,99,84,35,69,78,75,52,130,43,54" hai2="129,45,48,3,111,70,101,61,85,51,32,125,133" hai3=""/><T0/><D0/><U73/><E69/><V106/><F111/><T131/><D36/><U66/><E66/><V47/><F101/><T120/><N who="0" m="30752" /><T72/><D64/><U65/><E65/><V102/><F102/><T123/><N who="0" m="31520" /><T87/><D134/><U110/><E43/><V103/><F103/><T71/><D71/><U95/><E110/><V50/><F106/><T62/><D131/><U67/><E67/><V119/><F3/><T86/><D55/><U107/><E130/><V124/><F32/><T105/><D62/><U76/><E107/><N who="0" m="41033" /><D100/><U68/><E68/><V53/><F70/><T81/><AGARI ba="1,0" hai="72,74,80,81,86,87,89,91,116,117,118" m="41033,31520,30752" machi="81" ten="40,8000,1" yaku="34,2,52,2" doraHai="2" who="0" fromWho="0" sc="222,82,399,-41,429,-41,0,0" /><INIT seed="4,2,0,4,5,90" ten="304,358,388,0" oya="0" hai0="32,68,75,103,121,46,73,66,122,132,110,117,129" hai1="60,120,54,3,116,94,49,93,71,83,76,111,70" hai2="48,104,40,74,35,115,64,107,38,78,108,84,51" hai3=""/><T62/><N who="0" m="31008" /><T82/><N who="0" m="31264" /><T77/><D117/><U37/><N who="1" m="30752" /><U112/><E111/><V124/><F108/><T72/><D32/><U128/><E116/><V87/><F64/><T105/><D110/><U0/><E37/><V119/><F119/><T125/><D125/><U55/><E128/><V89/><F74/><T79/><D129/><U135/><E112/><V92/><F35/><T52/><D132/><U98/><E135/><V86/><F115/><T53/><D79/><U33/><E33/><V69/><F69/><T95/><D105/><U47/><E93/><V59/><F38/><T91/><D103/><U126/><E126/><V50/><F40/><T85/><REACH who="0" step="1"/><D46/><REACH who="0" ten="294,358,388,0" step="2"/><U56/><E0/><V133/><F133/><T109/><D109/><U113/><E3/><V123/><N who="2" m="31520" /><V80/><F124/><T81/><D81/><U45/><E113/><V101/><F101/><T58/><D58/><U41/><E83/><V43/><F59/><T134/><D134/><U2/><E2/><V44/><F104/><T67/><D67/><U100/><E76/><V61/><F107/><T65/><D65/><U1/><E1/><V118/><F118/><T102/><D102/><U114/><E114/><V96/><F78/><RYUUKYOKU ba="2,1" sc="294,10,358,10,388,-20,0,0" hai0="52,53,62,66,68,72,73,75,77,82,85,91,95" hai1="41,45,47,49,54,55,56,60,70,71,94,98,100" /><INIT seed="4,3,1,3,0,88" ten="304,368,368,0" oya="0" hai0="35,86,99,3,74,117,135,40,125,80,87,85,37" hai1="0,41,81,97,129,120,70,108,53,106,84,123,45" hai2="77,46,94,95,107,116,115,48,78,102,113,52,36" hai3=""/><T67/><D35/><U127/><N who="1" m="30752" /><U100/><N who="1" m="31520" /><U56/><E108/><V91/><F36/><T104/><D3/><U2/><E70/><V60/><F107/><T83/><D117/><U62/><E127/><V64/><F102/><T112/><D67/><U38/><REACH who="1" step="1"/><E129/><REACH who="1" ten="304,358,368,0" step="2"/><V58/><F116/><T114/><D125/><U79/><AGARI ba="3,2" hai="0,2,38,41,45,53,56,62,79,81,84,97,100,106" m="31520,30752" machi="79" ten="20,9000,2" yaku="1,1,2,1,0,1,7,1,52,2,53,1" doraHai="88" doraHaiUra="57" who="1" fromWho="1" sc="304,-63,358,116,368,-33,0,0" /><INIT seed="5,0,0,4,3,77" ten="241,474,335,0" oya="1" hai0="134,130,45,80,118,2,69,120,125,100,117,56,97" hai1="62,74,73,38,52,64,81,108,43,66,72,107,92" hai2="47,54,131,114,49,44,105,90,59,65,102,37,41" hai3=""/><U99/><E107/><V42/><F131/><T113/><N who="0" m="30752" /><T101/><D69/><U0/><E0/><V123/><N who="2" m="31520" /><V91/><F65/><T129/><D2/><U94/><E92/><V93/><F105/><T85/><D134/><U124/><E124/><V121/><N who="2" m="31008" /><V60/><F114/><T61/><D45/><U132/><E132/><V84/><F90/><T33/><D113/><U1/><E108/><V39/><REACH who="2" step="1"/><F102/><REACH who="2" ten="241,474,325,0" step="2"/><N who="0" m="39530" /><D33/><U109/><E66/><V51/><AGARI ba="0,1" hai="37,39,41,42,44,47,49,51,54,59,60,84,91,93" m="31008,31520" machi="51" ten="20,9000,2" yaku="1,1,0,1,7,1,9,1,52,2,53,0" doraHai="77" doraHaiUra="122" who="2" fromWho="2" sc="241,-30,474,-60,325,100,0,0" /><INIT seed="6,0,0,1,2,99" ten="211,414,425,0" oya="2" hai0="92,109,57,121,127,97,114,65,2,89,42,117,116" hai1="126,44,49,38,102,118,74,131,124,62,104,91,69" hai2="103,67,36,122,111,54,34,1,66,60,64,106,120" hai3=""/><V39/><BYE who="0" /><N who="2" m="30752" /><V0/><N who="2" m="31264" /><V108/><F34/><T128/><D128/><U80/><E38/><N who="2" m="14379" /><F103/><T37/><D37/><U100/><E131/><V79/><F79/><T94/><D94/><U129/><E129/><V68/><F106/><T93/><D93/><U53/><E118/><V95/><F95/><T47/><D47/><U130/><E130/><V76/><F76/><T32/><D32/><U71/><E104/><V61/><F54/><T70/><D70/><N who="1" m="26635" /><E62/><N who="2" m="24171" /><F68/><T43/><D43/><U90/><E74/><V88/><F88/><N who="1" m="33833" /><E80/><V58/><F58/><T134/><D134/><U133/><E133/><V98/><F98/><T115/><D115/><U132/><E132/><V77/><F77/><T51/><D51/><U63/><E63/><V96/><F96/><T55/><D55/><U45/><E45/><V72/><F72/><T87/><D87/><U82/><E82/><V46/><F46/><T107/><D107/><U123/><N who="1" m="31520" /><U50/><E50/><V52/><F52/><T110/><D110/><AGARI ba="0,0" hai="0,1,64,66,67,108,110,111" m="24171,14379,31264,30752" machi="110" ten="40,12000,1" yaku="28,2,10,1,52,2" doraHai="99" who="2" fromWho="0" sc="211,-120,414,0,425,120,0,0" owari="91,-51.0,414,1.0,545,50.0,0,0.0" /></mjloggm>