<mjloggm ver="2.3"><GO type="169" lobby="0"/><UN n0="%68%61%72%75%6B%61%73" n1="%6D%61%74%6F%30%36%30%33" n2="%4B%45%4E%2D%4F%47%41%53" n3="%28%3B%E3%83%BB%E2%88%80%E3%83%BB%29" dan="17,18,16,16" rate="2115.12,2273.08,2124.54,2190.97" sx="M,M,M,M"/><TAIKYOKU oya="0"/><INIT seed="0,0,0,4,0,19" ten="250,250,250,250" oya="0" hai0="47,133,132,40,25,98,65,24,82,103,42,70,30" hai1="71,45,119,20,122,5,69,7,1,108,36,91,62" hai2="68,76,84,128,34,33,57,135,55,16,54,44,58" hai3="41,27,126,131,0,26,77,109,17,94,4,83,66"/><T88/><D65/><U96/><E119/><V21/><F44/><W13/><G0/><T102/><D70/><U115/><E122/><V9/><F9/><W49/><G4/><T61/><D61/><U37/><E108/><V127/><F68/><W80/><G109/><T35/><D25/><U95/><E115/><V85/><F135/><N who="0" m="51786" /><D42/><U22/><E71/><V129/><F127/><W89/><G66/><T99/><D82/><U92/><E1/><V78/><F16/><W3/><G3/><T118/><D118/><U56/><E69/><V113/><REACH who="2" step="1"/><F21/><REACH who="2" ten="250,250,240,250" step="2"/><N who="1" m="8297" /><E37/><V46/><F46/><W18/><G17/><T86/><D47/><U106/><E36/><V105/><F105/><W51/><G18/><T50/><D40/><U110/><E106/><V114/><AGARI ba="0,1" hai="33,34,54,55,57,58,76,78,84,85,113,114,128,129" machi="114" ten="25,6400,0" yaku="1,1,0,1,22,2,53,0" doraHai="19" doraHaiUra="130" who="2" fromWho="2" sc="250,-32,250,-16,240,74,250,-16" /><INIT seed="1,0,0,3,2,98" ten="218,234,314,234" oya="1" hai0="38,62,4,20,99,105,56,16,65,3,84,109,27" hai1="117,120,131,72,101,53,31,108,35,26,111,10,7" hai2="73,81,103,66,0,87,75,14,63,107,88,112,119" hai3="47,128,57,67,89,93,32,40,55,91,21,15,134"/><U48/><E117/><V77/><F0/><W22/><G32/><T97/><D38/><U76/><E120/><V129/><F119/><W126/><G128/><T24/><D109/><U85/><E72/><V59/><F129/><W68/><G68/><T18/><D84/><U61/><E131/><V135/><F135/><W79/><G67/><T1/><D4/><U92/><E61/><V43/><F43/><W86/><G134/><T37/><D37/><U58/><E76/><V23/><F112/><W13/><G126/><T60/><D60/><U33/><E33/><V132/><F132/><W29/><G79/><T28/><D18/><U12/><REACH who="1" step="1"/><E85/><REACH who="1" ten="218,224,314,234" step="2"/><V50/><F75/><W49/><G89/><T133/><D133/><U30/><E30/><V82/><F73/><W115/><G115/><T130/><D130/><U19/><E19/><V36/><F63/><N who="3" m="36287" /><G29/><T122/><D122/><U95/><E95/><V123/><F123/><W51/><G86/><T78/><D78/><U64/><E64/><V44/><F66/><W71/><G93/><T41/><D28/><U70/><E70/><V83/><F87/><W34/><G91/><T94/><D94/><U102/><E102/><V69/><F103/><W104/><G71/><T74/><D74/><U113/><E113/><V25/><F69/><W110/><G34/><T5/><D65/><U106/><E106/><V96/><F107/><W124/><G104/><T118/><D105/><U2/><E2/><V6/><F77/><W9/><G124/><T39/><D118/><U100/><E100/><V90/><F90/><W125/><G125/><RYUUKYOKU ba="0,1" sc="218,-10,224,30,314,-10,234,-10" hai1="7,10,12,26,31,35,48,53,58,92,101,108,111" /><INIT seed="1,1,1,5,5,120" ten="208,254,304,224" oya="1" hai0="6,36,94,103,13,107,113,77,81,131,102,64,115" hai1="78,51,108,60,42,91,26,105,125,56,46,40,12" hai2="85,45,86,92,23,67,29,11,110,27,70,127,18" hai3="95,39,93,52,83,28,65,121,34,71,112,3,133"/><U58/><E105/><V19/><F127/><W87/><G121/><T30/><D36/><U53/><E125/><V47/><F70/><W99/><G112/><T82/><D30/><U4/><E78/><V25/><F67/><W55/><G39/><T111/><D64/><U24/><E40/><V104/><F104/><W129/><G3/><T37/><D37/><U114/><E114/><V5/><F19/><W22/><G34/><T84/><D6/><U122/><E122/><V97/><F86/><W73/><G73/><T7/><D7/><U68/><E68/><V50/><F85/><W109/><G129/><T128/><D13/><U32/><E32/><V43/><F47/><W98/><G65/><T63/><D63/><U75/><E75/><V31/><F27/><W74/><G74/><T9/><D9/><N who="1" m="4135" /><E58/><V100/><REACH who="2" step="1"/><F110/><REACH who="2" ten="208,254,294,224" step="2"/><W96/><G87/><N who="0" m="48559" /><D107/><U101/><E108/><V126/><F126/><W135/><G71/><T79/><D111/><U119/><E119/><V118/><F118/><W49/><G109/><T16/><D16/><U21/><E24/><V10/><F10/><W80/><G28/><T88/><D115/><U1/><E26/><V132/><F132/><W117/><G117/><T41/><D113/><U33/><E46/><V69/><F69/><W8/><G8/><T44/><D44/><U17/><E17/><V35/><F35/><W134/><G133/><T116/><D116/><U130/><E33/><V54/><F54/><W20/><G99/><N who="0" m="57799" /><D41/><U90/><E42/><V76/><F76/><W66/><G66/><T38/><D38/><U59/><E56/><RYUUKYOKU ba="1,2" sc="208,10,254,-30,294,10,224,10" hai0="79,82,84,102,103,128,131" hai2="5,11,18,23,25,29,31,43,45,50,92,97,100" hai3="20,22,49,52,55,80,83,93,95,96,98,134,135" /><INIT seed="2,2,2,5,1,63" ten="218,224,304,234" oya="2" hai0="127,61,60,24,22,84,26,33,30,115,52,130,106" hai1="16,55,7,38,124,46,125,85,81,94,77,14,80" hai2="102,73,40,32,87,36,132,112,96,41,117,66,54" hai3="103,11,128,111,67,68,83,53,82,48,91,118,49"/><V123/><F123/><W28/><G118/><T47/><D115/><U105/><E105/><V101/><F112/><W37/><G37/><T4/><D106/><U39/><E7/><V79/><F73/><W104/><G111/><T62/><D127/><N who="1" m="48715" /><E94/><V25/><F117/><W72/><G72/><T34/><D130/><U3/><E3/><V109/><F54/><W88/><G11/><T70/><D4/><U23/><E80/><V89/><F79/><W95/><G104/><T108/><D108/><U42/><E55/><V107/><F102/><W44/><G28/><T86/><D34/><U58/><E58/><V51/><F109/><W75/><G75/><T17/><D70/><U119/><E119/><V100/><F100/><W20/><G20/><T19/><REACH who="0" step="1"/><D17/><REACH who="0" ten="208,224,304,234" step="2"/><U126/><E126/><V12/><F32/><W133/><G68/><T113/><D113/><U122/><E122/><V90/><F107/><W56/><G128/><T135/><D135/><U99/><E99/><V65/><F132/><W8/><G133/><T93/><D93/><U120/><E120/><V9/><F96/><W114/><G95/><T45/><D45/><U15/><E38/><V13/><F36/><W31/><G44/><T78/><D78/><U76/><E77/><V64/><F101/><W121/><G103/><T59/><D59/><U131/><E131/><V10/><F90/><W74/><G121/><T0/><D0/><U18/><E18/><N who="2" m="8463" /><F89/><W29/><G114/><T71/><D71/><U5/><E5/><N who="2" m="3279" /><F87/><W98/><G91/><T97/><D97/><U43/><E43/><N who="2" m="16459" /><F51/><AGARI ba="2,3" hai="19,22,24,26,30,33,47,51,52,60,61,62,84,86" machi="51" ten="40,2600,0" yaku="1,1,54,1,53,0" doraHai="63" doraHaiUra="129" who="0" fromWho="2" sc="208,62,224,0,304,-32,234,0" /><INIT seed="3,0,0,0,2,30" ten="270,224,272,234" oya="3" hai0="6,104,109,32,114,125,2,71,44,103,123,65,102" hai1="4,38,39,20,76,134,83,86,108,100,51,52,89" hai2="45,55,37,111,105,67,3,59,49,132,9,130,77" hai3="50,93,82,81,122,126,133,15,64,75,36,79,60"/><W23/><G36/><T96/><D102/><U54/><E108/><V128/><F105/><W26/><G122/><T56/><D56/><U70/><E70/><V110/><F77/><W113/><G113/><T16/><D123/><U63/><E134/><V91/><F91/><W85/><G133/><T131/><D109/><N who="2" m="41482" /><F132/><W124/><G93/><T112/><D44/><U17/><E4/><N who="2" m="1183" /><F67/><W5/><G50/><T58/><D65/><U48/><E100/><V80/><F80/><W7/><G81/><T25/><D112/><U92/><E39/><V115/><F115/><W0/><G15/><T117/><D103/><U34/><E38/><V1/><F1/><W87/><G87/><T74/><D104/><U18/><E83/><V61/><F61/><W88/><G79/><T84/><D2/><U28/><E76/><V121/><F121/><W22/><G75/><T99/><D74/><U13/><E63/><V53/><F53/><W118/><G118/><T47/><D117/><U41/><E41/><AGARI ba="0,0" hai="37,41,45,49,55,59,128,130" m="1183,41482" machi="41" ten="30,1000,0" yaku="14,1" doraHai="30" who="2" fromWho="1" sc="270,0,224,-10,272,10,234,0" /><INIT seed="4,0,0,1,1,128" ten="270,214,282,234" oya="0" hai0="0,41,28,95,74,42,79,103,66,27,21,89,134" hai1="30,2,78,64,82,68,127,40,22,111,104,108,6" hai2="116,10,133,8,96,91,119,101,15,112,77,24,5" hai3="81,35,4,124,67,113,69,18,129,39,54,17,102"/><T114/><D0/><U131/><E104/><V46/><F112/><W52/><G129/><T50/><D114/><U90/><E131/><V47/><F91/><W121/><G113/><T26/><D103/><U122/><E122/><V43/><F24/><W58/><G35/><T99/><D66/><U56/><E68/><V92/><F77/><W70/><G39/><T87/><D74/><U115/><E115/><V65/><F65/><W45/><G124/><T20/><D50/><U84/><E127/><V107/><F107/><W1/><G102/><T100/><D79/><U33/><E33/><V48/><F133/><W25/><G45/><T93/><REACH who="0" step="1"/><D134/><REACH who="0" ten="260,214,282,234" step="2"/><U12/><E2/><V14/><REACH who="2" step="1"/><F46/><REACH who="2" ten="260,214,272,234" step="2"/><W19/><G67/><T88/><D88/><U118/><E78/><V44/><F44/><W53/><G121/><T62/><D62/><U83/><E64/><V125/><F125/><W7/><G69/><T105/><D105/><U126/><E126/><V98/><F98/><W85/><G70/><T23/><D23/><U123/><E22/><V34/><F34/><W106/><G106/><T75/><D75/><U37/><E90/><V109/><F109/><W71/><G71/><T16/><AGARI ba="0,2" hai="16,20,21,26,27,28,41,42,87,89,93,95,99,100" machi="16" ten="20,12000,1" yaku="1,1,0,1,7,1,8,1,54,1,53,0" doraHai="128" doraHaiUra="51" who="0" fromWho="0" sc="260,140,214,-40,272,-40,234,-40" /><INIT seed="4,1,0,1,3,74" ten="400,174,232,194" oya="0" hai0="121,104,110,27,68,26,6,13,15,31,58,38,102" hai1="97,16,0,14,8,25,65,119,55,93,76,64,129" hai2="115,127,111,5,133,49,61,48,22,51,124,72,56" hai3="59,37,52,19,73,3,40,29,113,130,101,118,9"/><T103/><D68/><U80/><E119/><V99/><F5/><W63/><G118/><T53/><D121/><U1/><E129/><V17/><F111/><W34/><G113/><T47/><D104/><U43/><E43/><V75/><F115/><W94/><G130/><T135/><D135/><U126/><E126/><N who="2" m="48171" /><F99/><W92/><G73/><T112/><D110/><U131/><E131/><V60/><F60/><W23/><G101/><T41/><D26/><U7/><E0/><V66/><F133/><W57/><G40/><T132/><D132/><U4/><E4/><V10/><F10/><W81/><G37/><T24/><D24/><AGARI ba="1,0" hai="17,22,24,48,49,51,56,61,66,72,75" m="48171" machi="24" ten="30,1000,0" yaku="18,1" doraHai="74" who="2" fromWho="0" sc="400,-13,174,0,232,13,194,0" /><INIT seed="5,0,0,5,2,61" ten="387,174,245,194" oya="1" hai0="97,43,47,123,66,129,8,9,59,85,34,52,119" hai1="90,55,80,112,20,17,133,50,18,51,95,83,27" hai2="35,41,115,93,113,87,38,100,65,79,135,78,107" hai3="54,2,45,7,24,62,101,46,23,75,98,128,131"/><U13/><E112/><N who="2" m="43083" /><F35/><W84/><G75/><T16/><D119/><U108/><E133/><V91/><F41/><W36/><G2/><T49/><D129/><N who="3" m="49737" /><G7/><T82/><D123/><U70/><E70/><V110/><F38/><W53/><G84/><T29/><D66/><U106/><E106/><V32/><F32/><W33/><G33/><T121/><D97/><U48/><E108/><V105/><F110/><W6/><G6/><T64/><D64/><U4/><E4/><V94/><F65/><W89/><G89/><T15/><D34/><U76/><E76/><N who="2" m="29227" /><F135/><W1/><G1/><T81/><D29/><U102/><E55/><N who="3" m="21002" /><G62/><N who="0" m="36199" /><D121/><U134/><E134/><V122/><F122/><W114/><G36/><T40/><D40/><U19/><E102/><V42/><F42/><W10/><G10/><N who="0" m="6263" /><D82/><N who="1" m="31275" /><E13/><V92/><F100/><W99/><G99/><AGARI ba="0,0" hai="17,18,19,20,27,48,50,51,90,95,99" m="31275" machi="99" ten="30,1500,0" yaku="8,1" doraHai="61" who="1" fromWho="3" sc="387,0,174,15,245,0,194,-15" /><INIT seed="5,1,0,5,0,42" ten="387,189,245,179" oya="1" hai0="71,77,93,8,16,25,85,92,132,106,120,111,102" hai1="68,86,54,89,33,88,53,34,7,21,81,30,29" hai2="24,127,62,122,113,39,99,64,96,118,15,74,12" hai3="32,36,22,95,13,47,63,60,98,121,70,103,58"/><U45/><E68/><V97/><F74/><W43/><G32/><T66/><D111/><U78/><E34/><V101/><F39/><W35/><G35/><T129/><D106/><U65/><E33/><V26/><F101/><W94/><G121/><T20/><D120/><U130/><E130/><V1/><F1/><W17/><G70/><T4/><D132/><U19/><E65/><V107/><F107/><W57/><REACH who="3" step="1"/><G95/><REACH who="3" ten="387,189,245,169" step="2"/><T0/><D92/><U82/><E82/><V46/><F122/><W23/><G23/><T133/><D93/><U67/><E81/><V40/><F118/><W2/><G2/><T123/><D123/><U27/><E21/><V61/><F127/><W131/><G131/><T75/><D129/><U55/><E30/><V18/><F113/><W76/><G76/><T109/><D77/><U56/><E29/><V37/><F64/><W125/><G125/><T69/><D66/><U117/><E117/><V41/><F15/><W48/><G48/><T110/><D109/><U3/><E67/><V128/><F128/><W84/><G84/><T90/><D110/><U116/><E116/><V134/><F12/><W14/><G14/><T126/><D126/><U31/><E86/><V11/><F134/><W80/><G80/><T108/><D133/><U112/><E78/><V59/><F99/><W91/><G91/><T51/><D108/><U52/><E112/><V124/><F97/><W87/><G87/><T115/><D115/><U100/><E89/><V72/><F124/><W119/><G119/><T10/><D69/><U114/><E114/><V38/><F96/><RYUUKYOKU ba="1,1" sc="387,-10,189,-10,245,-10,169,30" hai3="13,17,22,36,43,47,57,58,60,63,94,98,103" /><INIT seed="6,2,1,2,0,126" ten="377,179,235,199" oya="2" hai0="65,89,130,64,107,106,61,4,99,123,51,59,101" hai1="36,70,113,134,50,135,1,124,2,127,115,9,8" hai2="90,26,109,12,39,116,119,94,112,129,73,118,20" hai3="15,87,31,83,54,34,91,122,6,7,97,131,17"/><V132/><F39/><W28/><G122/><T58/><D123/><U108/><E36/><V88/><F73/><W32/><G32/><T38/><D38/><U35/><E70/><V53/><F109/><W13/><G131/><T111/><D130/><U3/><E108/><V66/><F66/><W125/><G125/><N who="1" m="48202" /><E50/><V84/><F129/><W30/><G34/><T42/><D4/><U76/><E76/><V67/><F67/><W121/><G121/><T16/><D89/><U71/><E35/><V79/><F79/><W133/><G133/><N who="1" m="50698" /><E71/><V72/><F72/><W117/><G117/><T37/><D37/><U105/><E105/><V18/><F132/><W49/><G97/><T104/><D106/><U85/><E85/><V10/><F90/><W74/><G74/><T21/><D107/><U60/><E60/><V0/><F0/><W14/><REACH who="3" step="1"/><G17/><REACH who="3" ten="377,179,235,189" step="2"/><T77/><D16/><U96/><E96/><V45/><F119/><W47/><AGARI ba="2,2" hai="6,7,13,14,15,28,30,31,47,49,54,83,87,91" machi="47" ten="30,7900,0" yaku="1,1,2,1,0,1,8,1,53,0" doraHai="126" doraHaiUra="23" who="3" fromWho="3" sc="377,-22,179,-22,235,-41,189,105" /><INIT seed="7,0,0,5,2,31" ten="355,157,194,294" oya="3" hai0="91,28,93,131,87,49,43,35,96,70,81,32,19" hai1="47,86,89,55,104,69,65,36,68,62,127,109,16" hai2="125,7,24,22,5,73,132,115,110,58,41,2,107" hai3="21,75,95,57,103,50,11,23,71,80,105,83,8"/><W85/><G71/><T26/><D70/><U135/><E104/><V67/><F73/><W40/><G105/><T112/><D131/><U128/><E109/><V1/><F107/><W122/><G75/><T76/><D19/><U79/><E128/><V63/><F110/><W111/><G122/><T97/><D112/><U14/><E135/><V117/><F41/><W88/><G111/><T17/><D17/><U6/><E127/><V60/><F60/><W42/><G57/><T119/><D119/><U15/><E79/><V82/><F82/><N who="3" m="31275" /><G103/><T18/><D18/><U51/><E36/><V123/><F117/><W134/><G134/><T121/><D121/><U101/><E101/><V25/><F123/><W39/><G39/><T30/><D43/><N who="3" m="16425" /><G50/><T20/><D49/><U118/><E118/><V34/><F132/><W74/><G74/><T102/><D28/><U3/><E69/><V99/><F115/><W46/><G46/><T94/><AGARI ba="0,0" hai="20,26,30,32,35,76,81,87,91,93,94,96,97,102" machi="94" ten="20,5200,0" yaku="0,1,7,1,52,2" doraHai="31" who="0" fromWho="0" sc="355,52,157,-13,194,-13,294,-26" owari="407,51.0,144,-36.0,181,-22.0,268,7.0" /></mjloggm>