<mjloggm ver="2.3"><GO type="169" lobby="0"/><UN n0="%E4%B9%BE%E5%9D%A4%E5%8D%81%E4%BA%94%E6%93%B2" n1="%E3%81%86%E3%81%87%E3%81%A3%E3%81%B8%E3%81%A3%E3%81%B8%77" n2="%E3%81%B4%E3%81%AE%E3%81%93" n3="%E3%81%8D%E3%81%BF%E3%81%A9%E3%82%8A%E3%82%93" dan="16,17,17,17" rate="2137.50,2130.43,2226.46,2166.77" sx="M,M,M,F"/><TAIKYOKU oya="0"/><INIT seed="0,0,0,3,2,31" ten="250,250,250,250" oya="0" hai0="108,120,27,72,131,38,13,77,66,50,10,101,12" hai1="70,8,118,86,106,84,74,58,105,11,34,90,6" hai2="128,42,132,55,99,68,119,111,69,7,62,49,25" hai3="21,0,94,35,107,39,104,40,102,3,80,133,28"/><T127/><D38/><U29/><E70/><V92/><F7/><W53/><G21/><T121/><D66/><U26/><E118/><V20/><F111/><W2/><G53/><T91/><D101/><U100/><E74/><V1/><F1/><W97/><G133/><T59/><D108/><U37/><E37/><V95/><F128/><W124/><G124/><T56/><D131/><U88/><E58/><V16/><F132/><W114/><G114/><T126/><D91/><U82/><E100/><V32/><F119/><W22/><G22/><T75/><D27/><U112/><E112/><V9/><F9/><W14/><G14/><T85/><D85/><U76/><E76/><V89/><F95/><W103/><G80/><T81/><D50/><U43/><E43/><V116/><F116/><W130/><G130/><T33/><D81/><U78/><E78/><V79/><F79/><W93/><G40/><T135/><D77/><U123/><E123/><V87/><F32/><W36/><G94/><T122/><D122/><U110/><E110/><V134/><F87/><W64/><G64/><T98/><D135/><U109/><E109/><V23/><F23/><W73/><G93/><T57/><D10/><U24/><E24/><V60/><F134/><W129/><G73/><T63/><D121/><U45/><E45/><N who="2" m="25783" /><F62/><W4/><G129/><T117/><D120/><U48/><E48/><V51/><F51/><W61/><G61/><T71/><D63/><U65/><E65/><V17/><F17/><W15/><G104/><N who="1" m="40042" /><E6/><V44/><F44/><W52/><G103/><T5/><D117/><RYUUKYOKU ba="0,0" sc="250,-15,250,15,250,15,250,-15" hai1="8,11,26,29,34,82,84,86,88,90" hai2="16,20,25,55,60,68,69,89,92,99" /><INIT seed="1,1,0,1,1,67" ten="235,265,265,235" oya="1" hai0="117,87,53,34,61,62,85,101,26,120,89,134,80" hai1="36,49,54,115,112,118,15,11,48,133,60,57,88" hai2="113,129,24,122,37,77,91,119,5,21,84,0,27" hai3="97,1,63,108,39,59,43,47,94,130,28,66,13"/><U30/><E118/><V98/><F37/><W42/><G108/><T20/><D117/><U25/><E133/><V46/><F122/><W72/><G130/><T128/><D34/><U132/><E132/><V75/><F24/><W92/><G1/><T65/><D134/><U44/><E36/><V78/><F5/><W3/><G3/><T104/><D128/><U19/><E48/><V106/><F0/><W9/><G72/><T56/><D120/><U83/><E115/><V131/><F46/><W135/><G43/><T86/><D101/><U127/><E127/><V23/><F23/><W8/><G28/><T38/><D104/><U116/><E116/><V70/><F77/><W74/><G74/><T102/><D102/><U100/><E100/><V111/><F113/><W68/><G8/><T7/><D7/><U58/><E60/><V73/><F119/><W55/><G97/><T96/><D96/><U103/><E103/><N who="2" m="62839" /><F73/><W71/><G135/><T126/><D126/><U114/><E114/><V64/><F111/><W35/><G35/><T124/><D124/><U121/><E121/><V18/><F75/><W40/><G40/><T17/><D38/><U14/><E14/><V107/><F107/><W45/><G45/><T4/><REACH who="0" step="1"/><D4/><REACH who="0" ten="225,265,265,235" step="2"/><U51/><E112/><V10/><F131/><W33/><G33/><T95/><D95/><U93/><E93/><N who="2" m="54503" /><F129/><W50/><G94/><T105/><D105/><U79/><E79/><V109/><F78/><W22/><G92/><T6/><D6/><U12/><E83/><V81/><F81/><W90/><G39/><T82/><D82/><RYUUKYOKU ba="1,1" sc="225,30,265,-10,265,-10,235,-10" hai0="17,20,26,53,56,61,62,65,80,85,86,87,89" /><INIT seed="2,2,1,4,0,72" ten="255,255,255,225" oya="2" hai0="16,58,103,73,14,128,111,29,79,45,21,70,122" hai1="31,80,7,83,85,69,74,5,127,131,50,109,100" hai2="117,98,125,53,18,39,41,24,1,132,84,28,124" hai3="10,57,95,30,35,75,43,13,93,4,101,3,68"/><V63/><F117/><W121/><G68/><T59/><D122/><U123/><E69/><V51/><F132/><W71/><G71/><T42/><D70/><U120/><E109/><V36/><F1/><W112/><G121/><N who="1" m="46666" /><E131/><V54/><F98/><W96/><G112/><T33/><D128/><U40/><E127/><N who="2" m="48715" /><F18/><W67/><G75/><T19/><D111/><U46/><E31/><V17/><F17/><W76/><G43/><T47/><D103/><U11/><E100/><V99/><F99/><W61/><G76/><T65/><D33/><U87/><E74/><V114/><F114/><W113/><G113/><T48/><D29/><U135/><E135/><V78/><F63/><W92/><REACH who="3" step="1"/><G13/><REACH who="3" ten="255,255,255,215" step="2"/><T9/><D79/><N who="1" m="46239" /><E11/><V126/><F126/><W44/><G44/><T27/><D73/><U105/><E105/><V91/><F39/><W97/><G97/><T52/><REACH who="0" step="1"/><D65/><REACH who="0" ten="245,255,255,215" step="2"/><U107/><E107/><V133/><F133/><W6/><G6/><T66/><D66/><U77/><AGARI ba="2,3" hai="5,7,40,46,50,77,83,87" m="46239,46666" machi="77" ten="30,4000,0" yaku="13,1,52,2" doraHai="72" who="1" fromWho="1" sc="245,-12,255,76,255,-22,215,-12" /><INIT seed="3,0,0,5,0,66" ten="233,331,233,203" oya="3" hai0="51,31,94,59,5,130,80,89,122,52,108,40,65" hai1="61,69,115,29,133,21,32,19,75,77,58,57,91" hai2="111,37,23,22,72,112,121,134,125,18,81,93,42" hai3="14,48,105,2,10,12,39,103,50,132,70,82,1"/><W114/><G114/><T15/><D122/><U123/><E115/><V74/><F93/><W64/><G39/><T34/><D108/><U54/><E123/><V119/><F81/><W85/><G132/><T13/><D130/><U4/><E133/><V83/><F83/><W9/><G105/><T3/><D80/><U131/><E131/><V62/><F62/><W78/><G103/><T99/><D3/><U49/><E4/><V47/><F47/><W17/><G1/><T43/><D34/><U20/><E75/><V102/><F42/><W135/><G2/><T113/><D31/><U87/><E77/><V8/><F8/><W101/><G101/><T97/><D113/><U24/><E69/><V110/><F102/><W76/><G135/><T46/><D65/><U100/><E100/><V35/><F112/><W92/><G92/><T45/><D99/><U0/><E0/><V95/><F95/><W88/><G70/><T128/><D128/><U118/><E118/><V25/><F134/><W27/><G27/><T36/><D5/><U126/><E126/><V98/><F25/><W26/><G26/><T16/><REACH who="0" step="1"/><D16/><REACH who="0" ten="223,331,233,203" step="2"/><N who="1" m="12327" /><E32/><V73/><F18/><N who="3" m="8463" /><G64/><T86/><D86/><U7/><E7/><V53/><F74/><W120/><G120/><T56/><D56/><N who="1" m="32847" /><E29/><V38/><F121/><W104/><G104/><T84/><D84/><U129/><E129/><V11/><F35/><W60/><G78/><T117/><D117/><U71/><E87/><V68/><F98/><W67/><G76/><T79/><D79/><U96/><E96/><V6/><F119/><W30/><G30/><RYUUKYOKU ba="0,1" sc="223,15,331,-15,233,-15,203,15" hai0="13,15,36,40,43,45,46,51,52,59,89,94,97" hai3="10,14,17,48,50,60,67,82,85,88" /><INIT seed="3,1,1,2,0,85" ten="238,316,218,218" oya="3" hai0="64,55,40,76,110,47,118,71,120,51,8,54,9" hai1="73,127,78,116,65,13,100,0,131,19,107,48,28" hai2="20,105,1,2,112,60,84,89,87,74,69,32,27" hai3="93,102,29,56,123,11,67,31,114,90,6,130,83"/><W39/><G114/><T43/><D76/><U108/><E108/><V124/><F112/><W66/><G123/><T91/><D120/><U126/><E0/><V24/><F74/><W25/><G130/><T16/><D110/><U86/><E131/><V52/><F105/><W88/><G39/><T98/><D118/><U79/><E116/><V94/><F69/><W18/><G18/><T63/><D9/><U135/><E135/><V36/><F36/><W3/><G31/><T82/><D55/><U35/><E65/><V26/><F32/><W50/><G83/><T117/><D117/><U15/><E73/><V42/><F1/><W17/><G17/><T72/><D72/><U99/><E48/><V46/><F2/><W128/><G128/><T111/><D111/><U77/><E86/><N who="2" m="52535" /><F124/><N who="1" m="47657" /><E19/><V80/><F42/><W103/><G50/><T10/><D10/><U96/><E96/><V23/><F87/><W14/><G3/><T57/><D71/><U34/><E28/><V38/><F38/><W92/><G25/><T12/><D82/><U59/><E59/><N who="2" m="34919" /><F46/><W62/><G66/><T70/><D70/><U37/><E37/><V122/><F122/><W30/><G30/><T21/><D8/><U58/><E58/><V133/><F133/><W134/><G29/><T104/><D104/><U61/><E61/><V121/><F121/><W5/><G134/><T49/><D49/><U109/><E109/><V4/><F4/><W7/><G7/><T106/><D106/><U33/><AGARI ba="1,1" hai="13,15,33,34,35,77,78,79,99,100,107" m="47657" machi="33" ten="40,1500,0" yaku="18,1" doraHai="85" who="1" fromWho="1" sc="238,-5,316,28,218,-5,218,-8" /><INIT seed="4,0,0,4,3,52" ten="233,344,213,210" oya="0" hai0="56,96,109,0,127,62,93,28,135,106,1,61,22" hai1="58,12,83,15,100,92,132,118,53,131,129,112,115" hai2="74,130,54,40,39,72,133,76,103,119,107,104,114" hai3="77,33,48,31,116,84,117,34,67,55,126,101,36"/><T18/><D106/><U19/><E118/><V21/><F21/><W89/><G126/><T6/><D127/><U50/><E132/><V80/><F54/><W88/><G36/><T16/><D135/><U81/><E100/><V94/><F40/><W82/><G101/><T69/><D109/><U41/><E41/><V45/><F45/><W46/><G67/><T11/><D62/><U51/><E92/><V38/><F133/><W97/><G31/><T4/><D69/><U59/><E19/><V60/><F60/><W20/><G20/><T71/><D71/><U26/><E53/><V122/><F39/><W110/><G110/><T98/><D98/><U99/><E99/><N who="2" m="59895" /><F38/><W79/><G89/><T43/><D43/><U125/><E125/><V73/><F122/><W120/><G120/><T65/><D6/><U66/><REACH who="1" step="1"/><E26/><REACH who="1" ten="233,334,213,210" step="2"/><V102/><F119/><W9/><G116/><T7/><D7/><U5/><E5/><V35/><F102/><W95/><G117/><T121/><D121/><U8/><E8/><V24/><F24/><W91/><REACH who="3" step="1"/><G9/><REACH who="3" ten="233,334,213,200" step="2"/><T49/><D11/><U57/><E57/><V123/><F123/><W2/><G2/><T124/><D1/><U64/><AGARI ba="0,2" hai="12,15,50,51,58,59,64,66,81,83,112,115,129,131" machi="64" ten="25,12000,2" yaku="1,1,0,1,22,2,52,2,53,0" doraHai="52" doraHaiUra="13" who="1" fromWho="1" sc="233,-60,334,140,213,-30,200,-30" /><INIT seed="5,0,0,3,0,6" ten="173,474,183,170" oya="1" hai0="100,130,37,20,128,133,68,120,74,122,13,117,0" hai1="43,41,23,54,52,47,92,18,105,5,95,115,56" hai2="72,15,134,89,127,107,22,21,84,57,31,98,44" hai3="93,49,53,24,8,1,103,3,83,42,80,114,113"/><U112/><E105/><V30/><F134/><W51/><G24/><T67/><D74/><U16/><E5/><V129/><F127/><W96/><G42/><T70/><D37/><U99/><E47/><V102/><F129/><N who="0" m="49770" /><D100/><U81/><E81/><V48/><F57/><W17/><G1/><T69/><D0/><U94/><E99/><V62/><F62/><W87/><G80/><T118/><D20/><U86/><E86/><V19/><F72/><W38/><G38/><T121/><D13/><U26/><E18/><V90/><F22/><W64/><G64/><T116/><D133/><U12/><E26/><V106/><F106/><W29/><G29/><T32/><D32/><U34/><E34/><V108/><F108/><W4/><G17/><T73/><D73/><U55/><REACH who="1" step="1"/><E56/><REACH who="1" ten="173,464,183,170" step="2"/><V39/><F39/><W119/><G87/><T85/><D85/><U60/><E60/><AGARI ba="0,1" hai="60,67,68,69,70,116,117,118,120,121,122" m="49770" machi="60" ten="50,8000,1" yaku="13,1,19,1,23,1,34,2" doraHai="6" who="0" fromWho="1" sc="173,90,464,-80,183,0,170,0" /><INIT seed="6,0,0,0,2,123" ten="263,384,183,170" oya="2" hai0="102,29,19,87,113,5,67,70,71,9,57,63,88" hai1="90,77,18,79,91,73,2,1,21,74,75,53,38" hai2="114,64,16,34,103,40,95,130,60,55,13,45,111" hai3="28,46,14,44,22,120,36,17,25,51,92,61,41"/><V105/><F105/><W24/><G120/><T129/><D113/><U0/><E53/><V78/><F34/><W106/><G106/><T80/><D129/><U69/><E21/><V50/><F130/><W11/><G61/><T20/><D29/><U89/><E18/><V100/><F114/><W6/><G92/><T112/><D102/><U86/><E69/><V26/><F26/><W94/><G94/><T110/><D110/><U116/><E86/><V37/><F78/><N who="1" m="29705" /><E38/><V99/><F111/><W39/><REACH who="3" step="1"/><G44/><REACH who="3" ten="263,384,183,160" step="2"/><T30/><D112/><U47/><E47/><V84/><F84/><W104/><G104/><T72/><D72/><U134/><E134/><V82/><F82/><W4/><G4/><T101/><D101/><U121/><E121/><V62/><F103/><W59/><G59/><T128/><D128/><U33/><E116/><V56/><REACH who="2" step="1"/><F64/><REACH who="2" ten="263,384,173,160" step="2"/><W27/><G27/><N who="0" m="16743" /><D67/><U119/><E119/><V122/><F122/><W31/><G31/><T96/><D80/><U132/><E132/><V125/><F125/><W133/><G133/><T126/><D87/><U117/><E117/><V54/><F54/><W35/><AGARI ba="0,2" hai="6,11,14,17,22,24,25,28,35,36,39,41,46,51" machi="35" ten="20,2700,0" yaku="1,1,0,1,7,1,53,0" doraHai="123" doraHaiUra="58" who="3" fromWho="3" sc="263,-7,384,-7,173,-13,160,47" /><INIT seed="7,0,0,4,2,86" ten="256,377,160,207" oya="3" hai0="62,122,67,112,72,113,46,61,102,123,95,45,105" hai1="66,114,103,24,10,31,75,56,40,82,8,65,121" hai2="47,134,34,80,57,59,5,64,43,69,26,48,97" hai3="17,52,76,0,36,73,14,2,71,129,98,23,1"/><W42/><G71/><N who="0" m="42479" /><D105/><U91/><E121/><V20/><F5/><W39/><G129/><T130/><D95/><U12/><E103/><V126/><F34/><W96/><G39/><T116/><D102/><U74/><E114/><N who="0" m="44137" /><D72/><U88/><E40/><V25/><F126/><W101/><G2/><T84/><D84/><N who="1" m="50199" /><E56/><V21/><F134/><W132/><G42/><T99/><D99/><U35/><E35/><V133/><F133/><W81/><G36/><T58/><D116/><U9/><E74/><V70/><F80/><W83/><G83/><T100/><D100/><U107/><E107/><V15/><F15/><W117/><G117/><T44/><D130/><U49/><E75/><V85/><F85/><W94/><G132/><T93/><D93/><U90/><E12/><V63/><F70/><W41/><G41/><T135/><D135/><U6/><E6/><V60/><F97/><W111/><G98/><T29/><D29/><U11/><E11/><V92/><F92/><W19/><G1/><T18/><D18/><U16/><E31/><V120/><F120/><W77/><G17/><T125/><D125/><U22/><E49/><V51/><F51/><W119/><G0/><T3/><D3/><U110/><E110/><V79/><F79/><W28/><G111/><T118/><D118/><U7/><E7/><V27/><F69/><W55/><G77/><T68/><D68/><U89/><AGARI ba="0,0" hai="8,9,10,16,22,24,65,66,89,90,91" m="50199" machi="89" ten="30,12000,2" yaku="8,1,52,4,54,2" doraHai="86" who="1" fromWho="1" sc="256,-30,377,120,160,-30,207,-60" owari="226,3.0,497,59.0,130,-37.0,147,-25.0" /></mjloggm>