<mjloggm ver="2.3"><GO type="225" lobby="0"/><UN n0="%79%6A%69%72%6F" n1="%E3%82%B3%E3%83%9E%E3%83%84%E3%81%AE%E9%85%92" n2="%E9%9F%93%E8%A1%9B%E9%9D%92" n3="%E3%81%82%E3%82%89%E3%81%8C%E3%81%8D%E3%81%82%E3%82%84%E3%81%9B" dan="17,16,16,16" rate="2189.21,2130.47,2185.58,2132.49" sx="M,M,F,F"/><TAIKYOKU oya="0"/><INIT seed="0,0,0,2,0,12" ten="250,250,250,250" oya="0" hai0="15,103,79,129,42,7,33,6,29,85,3,121,14" hai1="55,133,88,8,34,45,10,11,86,95,109,127,47" hai2="126,124,60,30,100,132,131,62,23,38,130,125,64" hai3="66,123,83,106,116,80,22,32,44,58,89,105,21"/><T107/><D121/><U68/><E34/><V70/><F100/><W53/><G123/><T76/><D3/><U69/><E127/><V65/><F30/><W75/><G32/><T84/><D42/><U35/><E35/><V25/><F25/><W101/><G75/><T2/><D2/><U1/><E1/><V77/><F77/><W63/><G116/><T134/><D33/><U41/><E133/><V117/><F23/><W120/><G120/><T99/><D29/><U87/><E109/><V56/><F117/><W5/><G5/><T115/><D115/><U4/><E4/><V18/><F18/><W49/><G101/><T54/><D134/><U111/><E111/><V28/><F28/><W112/><G112/><T43/><D43/><U50/><REACH who="1" step="1"/><E87/><REACH who="1" ten="250,240,250,250" step="2"/><V81/><F132/><W9/><G105/><T119/><D7/><U74/><E74/><V114/><F114/><W51/><G106/><T39/><D119/><U98/><E98/><V108/><F108/><W110/><G110/><T96/><D96/><U31/><E31/><V59/><F81/><W19/><G83/><N who="0" m="47207" /><D6/><U16/><E16/><V61/><F38/><AGARI ba="0,1" hai="8,10,11,38,41,45,47,50,55,68,69,86,88,95" machi="38" ten="40,5200,0" yaku="1,1,54,1,53,1" doraHai="12" doraHaiUra="37" who="1" fromWho="2" sc="250,0,240,62,250,-52,250,0" /><BYE who="2" /><UN n2="%E9%9F%93%E8%A1%9B%E9%9D%92" /><INIT seed="1,0,0,0,0,0" ten="250,302,198,250" oya="1" hai0="38,106,51,39,62,120,97,63,104,14,43,18,58" hai1="59,56,66,26,108,80,32,19,103,127,101,4,78" hai2="110,46,36,35,126,49,9,91,29,102,95,54,47" hai3="123,12,84,68,41,119,128,94,69,112,60,70,7"/><U115/><E115/><V2/><F110/><W132/><G123/><T129/><D120/><U109/><E127/><V1/><F126/><W25/><G119/><T13/><D129/><U40/><E40/><V22/><F102/><W85/><G112/><T8/><D51/><U50/><E50/><V96/><F35/><W6/><G41/><T81/><D81/><U64/><E19/><V30/><F2/><W3/><G3/><T122/><D122/><U5/><E26/><V77/><F77/><W48/><G48/><T45/><D39/><U87/><E32/><V86/><F36/><W89/><G128/><T88/><D14/><U111/><E103/><V130/><F130/><W37/><G37/><T74/><D74/><U118/><E101/><V134/><F134/><W52/><G132/><T33/><D33/><U107/><E107/><V67/><F67/><N who="1" m="25641" /><E118/><V61/><F61/><W116/><G116/><T28/><D28/><U23/><E23/><V121/><F121/><W98/><G25/><T27/><D27/><U15/><E15/><V114/><F114/><W24/><G24/><T17/><D17/><U11/><E11/><V44/><F22/><W135/><G135/><T92/><REACH who="0" step="1"/><D63/><REACH who="0" ten="240,302,198,250" step="2"/><U124/><E124/><V82/><F30/><W125/><G125/><T131/><D131/><U10/><E10/><V71/><F29/><W55/><G12/><T93/><D93/><U75/><E75/><V90/><REACH who="2" step="1"/><F71/><REACH who="2" ten="240,302,188,250" step="2"/><W83/><G60/><T133/><D133/><U21/><E21/><V53/><F53/><AGARI ba="0,2" hai="8,13,18,38,43,45,53,58,62,88,92,97,104,106" machi="53" ten="30,3900,0" yaku="1,1,7,1,54,1,53,0" doraHai="0" doraHaiUra="65" who="0" fromWho="2" sc="240,59,302,0,188,-39,250,0" /><BYE who="2" /><UN n2="%E9%9F%93%E8%A1%9B%E9%9D%92" /><INIT seed="2,0,0,5,5,4" ten="299,302,149,250" oya="2" hai0="94,123,105,25,67,114,62,11,109,98,126,91,44" hai1="132,107,7,74,76,16,122,47,84,8,28,89,86" hai2="72,36,87,40,97,38,54,49,27,134,42,18,34" hai3="14,29,13,88,46,70,30,5,112,99,45,110,19"/><V61/><F72/><W73/><G73/><T65/><D123/><U22/><E107/><V53/><F134/><W64/><G110/><T111/><D114/><U43/><E28/><N who="3" m="10858" /><G70/><T102/><D126/><U93/><E74/><V26/><F34/><W103/><G64/><T117/><D117/><U2/><E132/><V101/><F38/><W131/><G103/><T79/><D79/><U33/><E33/><V1/><F36/><W69/><G69/><T82/><D82/><U32/><E32/><V63/><F1/><W85/><G99/><T90/><D25/><N who="2" m="9226" /><F87/><W113/><G131/><T66/><D62/><N who="2" m="23562" /><F18/><W120/><G120/><T59/><D59/><U124/><E124/><V108/><F108/><N who="0" m="41546" /><D44/><U92/><E76/><V50/><F97/><W17/><G113/><T71/><D71/><U12/><E122/><V41/><F101/><W129/><G129/><T0/><D105/><U68/><E68/><V9/><F9/><N who="3" m="6351" /><G112/><T121/><D121/><U10/><E86/><V57/><F57/><W35/><G35/><T39/><D39/><U100/><E100/><V83/><F83/><N who="3" m="49215" /><G5/><BYE who="2" /><AGARI ba="0,0" hai="0,5,11,65,66,67,90,91,94,98,102" m="41546" machi="5" ten="30,2000,0" yaku="14,1,52,1" doraHai="4" who="0" fromWho="3" sc="299,20,302,0,149,0,250,-20" /><UN n2="%E9%9F%93%E8%A1%9B%E9%9D%92" /><INIT seed="3,0,0,3,2,92" ten="319,302,149,230" oya="3" hai0="3,16,118,15,111,109,44,82,131,75,76,10,88" hai1="128,124,73,1,126,34,123,21,27,77,9,46,110" hai2="37,33,47,90,116,120,101,39,45,19,57,56,80" hai3="91,67,96,61,130,5,86,85,98,13,121,24,52"/><W117/><G121/><T129/><D118/><U6/><E123/><V112/><F120/><W11/><G117/><T35/><D35/><U119/><E119/><V28/><F116/><W100/><G130/><N who="0" m="49675" /><D3/><U58/><E128/><V7/><F112/><W68/><G24/><T20/><D88/><U54/><E110/><N who="0" m="41993" /><D44/><U55/><E46/><V102/><F7/><W105/><G91/><T108/><N who="0" m="42001" /><T103/><DORA hai="4" /><D103/><U25/><E34/><V87/><F33/><W41/><G41/><T71/><D71/><U0/><E0/><V72/><F28/><W83/><G83/><T48/><D48/><U106/><E27/><V53/><F72/><W66/><G66/><T81/><D81/><U62/><E73/><V8/><F39/><W51/><G98/><T60/><D60/><U32/><E32/><V93/><F37/><W134/><G134/><T2/><D2/><U89/><E89/><V114/><F114/><W122/><G122/><T49/><D49/><U70/><E70/><V36/><F36/><W31/><G31/><T78/><D78/><U65/><E77/><V38/><F38/><W74/><G74/><T50/><D50/><U133/><E133/><V63/><F56/><AGARI ba="0,0" hai="5,11,13,51,52,56,61,67,68,85,86,96,100,105" machi="56" ten="30,11600,0" yaku="7,1,52,2,54,1" doraHai="92,4" who="3" fromWho="2" sc="319,0,302,0,149,-116,230,116" owari="319,12.0,302,-10.0,33,-47.0,346,45.0" /></mjloggm>