<mjloggm ver="2.3"><GO type="225" lobby="0"/><UN n0="%E9%9F%93%E8%A1%9B%E9%9D%92" n1="%6B%69%79%6F%70%69%6E" n2="%E9%95%B7%E5%B3%B6%E3%83%B3%E3%82%AC%E3%83%B3" n3="%E3%82%B3%E3%83%9E%E3%83%84%E3%81%AE%E9%85%92" dan="16,16,17,16" rate="2177.27,2123.50,2151.25,2130.70" sx="F,M,M,M"/><TAIKYOKU oya="0"/><INIT seed="0,0,0,2,1,68" ten="250,250,250,250" oya="0" hai0="58,92,41,129,80,130,8,79,120,127,133,70,4" hai1="97,53,115,46,11,47,59,109,114,34,29,121,14" hai2="89,67,16,25,111,132,30,103,118,1,96,50,17" hai3="15,75,63,123,60,86,69,18,39,62,28,56,21"/><T52/><D120/><U82/><E97/><V44/><F111/><W61/><G75/><T95/><D70/><U110/><E82/><V12/><F1/><W35/><G69/><T48/><D133/><U128/><E29/><V117/><F67/><W119/><G119/><N who="2" m="45577" /><F89/><W5/><G123/><T42/><D127/><U102/><E102/><V54/><F12/><W22/><G5/><T94/><D42/><U105/><E105/><N who="2" m="63719" /><F132/><W3/><G3/><T134/><D41/><U13/><E121/><V20/><AGARI ba="0,0" hai="16,17,20,25,30,44,50,54" m="63719,45577" machi="20" ten="30,2000,0" yaku="12,1,54,1" doraHai="68" who="2" fromWho="2" sc="250,-10,250,-5,250,20,250,-5" /><INIT seed="1,0,0,2,0,43" ten="240,245,270,245" oya="1" hai0="3,87,56,19,14,55,16,134,9,86,115,70,90" hai1="104,127,129,97,10,63,72,80,42,27,31,114,2" hai2="95,50,123,46,65,36,98,120,118,91,1,133,84" hai3="58,52,22,59,4,113,92,126,23,85,21,44,112"/><U96/><E114/><V73/><F118/><W0/><G126/><T12/><D115/><U111/><E127/><V6/><F73/><W122/><G122/><T61/><D134/><U116/><E116/><V11/><F133/><W76/><G0/><T131/><D131/><U81/><E63/><V94/><F65/><W119/><G119/><T105/><D105/><U77/><E129/><V51/><F36/><W30/><G4/><T74/><D74/><U37/><E80/><V67/><F67/><W71/><G71/><T35/><D35/><U89/><E89/><V60/><F60/><W93/><G30/><T109/><D109/><U99/><E104/><V32/><F51/><N who="3" m="28775" /><G112/><T45/><D3/><U107/><E107/><V88/><REACH who="2" step="1"/><F32/><REACH who="2" ten="240,245,260,245" step="2"/><W29/><G113/><T25/><D70/><U38/><E111/><V48/><F48/><W40/><G29/><T101/><D101/><U62/><E62/><V41/><AGARI ba="0,1" hai="1,6,11,41,46,50,84,88,91,94,95,98,120,123" machi="41" ten="20,12000,2" yaku="1,1,0,1,7,1,52,1,54,1,53,1" doraHai="43" doraHaiUra="7" who="2" fromWho="2" sc="240,-30,245,-60,260,130,245,-30" /><INIT seed="2,0,0,5,1,102" ten="210,185,390,215" oya="2" hai0="1,85,131,116,32,59,130,111,28,0,48,93,49" hai1="115,3,79,54,40,60,63,84,58,8,91,57,15" hai2="12,19,117,6,74,71,41,11,73,109,10,45,119" hai3="24,64,47,34,75,9,66,53,36,106,16,18,107"/><V86/><F71/><W89/><G75/><T23/><D32/><U81/><E115/><V100/><F109/><W43/><G53/><N who="0" m="32167" /><D49/><U69/><E3/><V80/><F74/><W5/><G89/><N who="0" m="53423" /><D111/><U72/><E69/><V76/><F100/><W132/><G132/><T110/><D110/><U112/><E112/><V94/><F94/><W78/><G78/><T128/><D116/><U35/><E35/><V127/><F127/><W39/><G39/><T92/><D92/><U125/><E125/><V99/><F99/><W52/><G52/><T129/><N who="0" m="32768" /><DORA hai="77" /><T68/><D68/><U82/><E40/><V26/><F86/><W61/><G66/><T134/><D134/><U104/><E104/><V67/><F67/><W17/><G24/><AGARI ba="0,0" hai="0,1,23,24,28" m="32768,53423,32167" machi="24" ten="60,2000,0" yaku="19,1" doraHai="102,77" who="0" fromWho="3" sc="210,20,185,0,390,0,215,-20" /><INIT seed="3,0,0,2,3,30" ten="230,185,390,195" oya="3" hai0="79,91,52,36,125,88,122,17,123,105,15,18,77" hai1="0,114,24,81,51,118,90,70,68,60,40,78,5" hai2="126,127,58,53,22,34,75,117,45,12,97,16,29" hai3="47,55,99,37,48,13,7,80,11,103,49,1,69"/><W28/><G69/><T119/><D105/><U108/><E114/><V95/><F75/><W115/><G115/><T121/><D36/><U94/><E108/><V8/><F117/><W134/><G37/><T73/><D119/><U92/><E118/><V74/><F74/><W124/><G124/><T101/><D101/><U104/><E104/><V130/><F130/><W131/><G131/><T133/><D125/><N who="2" m="47626" /><F34/><W84/><G134/><T63/><D133/><U46/><E60/><N who="2" m="35919" /><F45/><W50/><G28/><T86/><D73/><U113/><E113/><V42/><F42/><W9/><G11/><T20/><D91/><U109/><E109/><V57/><F57/><W85/><G85/><T6/><D6/><U111/><E111/><V76/><F76/><W128/><G1/><T71/><D71/><U116/><E116/><V96/><F95/><N who="3" m="58879" /><G128/><T64/><D64/><U83/><E94/><V89/><F89/><AGARI ba="0,0" hai="7,9,13,47,48,49,50,55,80,84,89" m="58879" machi="89" ten="30,1500,0" yaku="8,1" doraHai="30" who="3" fromWho="2" sc="230,0,185,0,390,-15,195,15" /><INIT seed="3,1,0,4,2,78" ten="230,185,375,210" oya="3" hai0="52,89,53,71,111,73,31,87,30,110,64,27,108" hai1="11,48,103,130,132,63,79,9,35,115,19,49,25" hai2="34,44,113,72,107,61,33,21,121,92,47,88,123" hai3="125,90,51,74,86,60,81,3,38,55,6,135,109"/><W102/><G125/><T58/><D73/><U68/><E115/><V65/><F107/><W104/><G38/><T0/><D0/><U124/><E124/><V12/><F72/><W112/><G112/><T20/><D71/><U100/><E68/><N who="2" m="42031" /><F21/><W45/><G135/><T36/><D36/><U14/><E132/><V7/><F12/><W32/><G32/><N who="2" m="12393" /><F7/><W119/><G119/><T54/><D64/><U16/><E63/><V116/><F116/><W126/><G126/><T57/><D31/><U15/><E79/><V17/><F17/><W22/><G74/><T76/><D76/><U99/><E130/><V70/><F70/><W114/><G114/><T106/><D106/><U122/><E122/><N who="2" m="46603" /><F113/><W127/><G127/><T98/><D98/><AGARI ba="1,0" hai="44,47,88,92,98" m="46603,12393,42031" machi="98" ten="30,2000,0" yaku="13,1,54,1" doraHai="78" who="2" fromWho="0" sc="230,-23,185,0,375,23,210,0" owari="207,-19.0,185,-31.0,398,49.0,210,1.0" /></mjloggm>