<mjloggm ver="2.3"><GO type="185" lobby="0"/><UN n0="%E3%81%BF%E3%83%BC%E3%82%8F" n1="%E3%81%82%E3%81%9F%E3%82%89%E3%81%AA%E3%81%84%E3%81%A7%EF%BC%81" n2="%69%6E%75%73%61%6E%38%34" n3="" dan="17,16,16,0" rate="2243.89,2142.65,2124.06,1500.00" sx="M,M,M,C"/><TAIKYOKU oya="0"/><INIT seed="0,0,0,4,1,1" ten="350,350,350,0" oya="0" hai0="90,54,92,39,38,33,84,52,106,81,111,37,49" hai1="62,124,75,64,85,80,93,108,112,42,61,56,48" hai2="126,105,63,89,86,47,67,0,71,132,35,70,129" hai3=""/><T102/><D111/><U76/><E108/><V116/><F0/><T68/><D68/><U36/><E124/><V58/><F105/><T88/><D33/><U77/><E112/><V91/><F126/><T43/><D102/><U60/><E36/><V34/><F129/><T53/><D106/><U123/><N who="1" m="31520" /><U125/><E125/><V73/><F73/><T97/><REACH who="0" step="1"/><D43/><REACH who="0" ten="340,350,350,0" step="2"/><U104/><E104/><V134/><F71/><T96/><D96/><U121/><N who="1" m="31008" /><U101/><E101/><V45/><F116/><T95/><D95/><U82/><E93/><V57/><F70/><T83/><D83/><U135/><E135/><N who="2" m="51755" /><F58/><AGARI ba="0,1" hai="37,38,39,49,52,53,54,58,81,84,88,90,92,97" machi="58" ten="40,7700,0" yaku="1,1,54,2,53,0" doraHai="1" doraHaiUra="119" who="0" fromWho="2" sc="340,87,350,0,350,-77,0,0" /><INIT seed="0,1,0,0,5,59" ten="427,350,273,0" oya="0" hai0="64,46,33,135,78,102,69,103,121,3,133,43,37" hai1="124,117,134,38,40,95,120,35,57,42,129,49,76" hai2="53,45,93,132,80,71,116,113,55,115,105,65,70" hai3=""/><T54/><N who="0" m="31008" /><T81/><D3/><U127/><N who="1" m="30752" /><U123/><N who="1" m="31520" /><U88/><E35/><V118/><F105/><T119/><D33/><U32/><E32/><V108/><F80/><T51/><D119/><N who="2" m="45610" /><F93/><T77/><D64/><U99/><E117/><V62/><F108/><T36/><D69/><U0/><E0/><V85/><F85/><T66/><D66/><U67/><E38/><V1/><F1/><T109/><D109/><U48/><E76/><N who="0" m="29289" /><D81/><U90/><E90/><V34/><F34/><T96/><D96/><U111/><E111/><V128/><F132/><N who="0" m="50762" /><D36/><U104/><E134/><V94/><F128/><T131/><D131/><U52/><E129/><V110/><F110/><T75/><D75/><U97/><E104/><V56/><F94/><T63/><D37/><U58/><E95/><V83/><F83/><T60/><D43/><U74/><E74/><V125/><F71/><T114/><D114/><U100/><E88/><V41/><F70/><T72/><D72/><U68/><E68/><V47/><F115/><T44/><D46/><U39/><E39/><V91/><F47/><T130/><D130/><U98/><E67/><V89/><F113/><T61/><AGARI ba="1,0" hai="44,51,54,60,61,63,102,103" m="50762,29289,31008" machi="61" ten="40,8000,1" yaku="20,1,52,4" doraHai="59" who="0" fromWho="0" sc="427,82,350,-41,273,-41,0,0" /><INIT seed="0,2,0,2,5,116" ten="509,309,232,0" oya="0" hai0="111,78,82,90,61,91,71,36,83,124,63,0,121" hai1="104,40,106,45,56,55,67,77,51,46,2,103,32" hai2="72,49,41,69,98,100,58,86,43,133,96,126,125" hai3=""/><T42/><N who="0" m="31008" /><T119/><D119/><U34/><E2/><V80/><F69/><T123/><N who="0" m="31520" /><T50/><D0/><U66/><E77/><V102/><F72/><T130/><D36/><U81/><E81/><V35/><F35/><T3/><D3/><U132/><E132/><V114/><F114/><T94/><D111/><U110/><E110/><V128/><F133/><T99/><D130/><U53/><E103/><V129/><F58/><T134/><D124/><N who="2" m="47722" /><F49/><T1/><D1/><U127/><E127/><V108/><F108/><T122/><N who="0" m="31264" /><T65/><D134/><U88/><E88/><V105/><F43/><T39/><D39/><U64/><E32/><V113/><F41/><T120/><N who="0" m="30752" /><T38/><D38/><U118/><E118/><V62/><F62/><T95/><D63/><U101/><E34/><V87/><F113/><T73/><D83/><U52/><E40/><V112/><F112/><T85/><REACH who="0" step="1"/><D42/><REACH who="0" ten="499,309,232,0" step="2"/><U109/><E109/><V44/><F129/><T60/><D60/><U47/><E51/><AGARI ba="2,1" hai="50,51,61,65,71,73,78,82,85,90,91,94,95,99" m="30752,31264,31520,31008" machi="51" ten="40,24000,3" yaku="1,1,52,8,53,0" doraHai="116" doraHaiUra="33" who="0" fromWho="1" sc="499,254,309,-244,232,0,0,0" /><INIT seed="0,3,0,0,2,131" ten="753,65,232,0" oya="0" hai0="93,129,109,64,86,35,1,98,110,123,50,82,132" hai1="40,106,113,92,125,100,68,0,37,61,102,83,44" hai2="88,78,81,80,74,118,108,127,43,55,112,54,115" hai3=""/><T101/><N who="0" m="31520" /><T126/><D1/><U59/><E0/><V77/><F108/><N who="0" m="41578" /><D35/><U53/><E125/><V42/><F127/><T34/><D126/><U3/><E3/><V133/><F118/><T36/><D34/><U97/><E113/><V32/><F32/><T47/><D129/><U103/><E68/><V111/><F111/><T46/><D64/><U72/><E72/><V60/><F60/><T117/><D117/><U51/><E83/><V73/><F88/><T52/><D132/><AGARI ba="3,0" hai="42,43,54,55,73,74,77,78,80,81,112,115,132,133" machi="132" ten="25,6400,0" yaku="22,2,52,2" doraHai="131" who="2" fromWho="0" sc="753,-70,65,0,232,70,0,0" /><INIT seed="1,0,0,0,3,123" ten="683,65,302,0" oya="1" hai0="65,124,135,89,38,45,59,83,85,119,63,66,52" hai1="36,104,81,84,128,117,132,1,50,127,105,108,126" hai2="41,72,78,49,77,93,37,70,3,74,121,97,103" hai3=""/><U64/><E36/><V88/><N who="2" m="31008" /><V62/><F3/><T107/><D135/><U60/><E1/><V100/><F37/><T48/><D124/><N who="1" m="47659" /><E117/><V58/><F70/><T118/><D107/><N who="1" m="41035" /><E132/><V56/><F74/><T106/><D106/><U57/><E128/><V130/><F130/><T69/><D66/><U71/><E50/><V54/><F72/><T114/><D114/><U94/><E94/><V116/><F116/><N who="0" m="44586" /><D38/><U125/><N who="1" m="47667" /><U33/><DORA hai="46" /><E33/><V111/><F111/><T133/><D133/><U73/><E73/><V39/><F39/><T90/><D69/><U34/><E34/><V98/><F41/><T42/><D42/><U75/><E75/><V40/><F40/><T53/><D53/><U44/><E44/><V87/><F103/><T55/><D55/><U0/><E0/><V129/><F129/><T80/><D83/><U91/><E71/><V82/><F98/><T43/><D43/><U122/><N who="1" m="31264" /><U134/><E134/><V68/><F68/><T86/><D80/><U109/><AGARI ba="0,0" hai="57,60,64,81,84,91,108,109" m="31264,41035,47667" machi="109" ten="50,8000,1" yaku="18,1,52,3" doraHai="123,46" who="1" fromWho="1" sc="683,-40,65,80,302,-40,0,0" /><INIT seed="1,1,0,4,1,77" ten="643,145,262,0" oya="1" hai0="91,41,133,47,101,75,42,111,74,93,92,80,118" hai1="130,86,35,128,87,132,79,69,32,115,43,125,40" hai2="100,95,122,55,90,85,45,112,38,116,64,67,102" hai3=""/><U84/><E115/><V72/><N who="2" m="31264" /><V113/><F116/><T68/><D111/><U131/><E69/><V48/><F38/><T98/><D118/><U57/><E79/><V89/><F72/><T120/><N who="0" m="30752" /><T127/><D68/><U50/><E125/><V121/><N who="2" m="31008" /><V65/><REACH who="2" step="1"/><F90/><REACH who="2" ten="643,145,252,0" step="2"/><T63/><D75/><U78/><E78/><V123/><N who="2" m="31520" /><V88/><F88/><T94/><D74/><U104/><E132/><V37/><F37/><T107/><D91/><U109/><E109/><V73/><F73/><T119/><D133/><U51/><E104/><V108/><F108/><T61/><D107/><U49/><REACH who="1" step="1"/><E57/><REACH who="1" ten="643,135,252,0" step="2"/><V97/><F97/><T1/><D98/><U60/><E60/><V71/><F71/><T33/><D63/><U2/><E2/><V129/><F129/><T82/><D61/><U3/><E3/><V44/><F44/><T134/><D1/><U62/><E62/><V53/><F53/><T126/><D47/><U34/><AGARI ba="1,2" hai="32,34,35,40,43,49,50,51,84,86,87,128,130,131" machi="34" ten="50,32000,5" yakuman="40" doraHai="77" doraHaiUra="106" who="1" fromWho="1" sc="643,-161,135,342,252,-161,0,0" /><INIT seed="1,2,0,3,2,122" ten="482,477,91,0" oya="1" hai0="66,47,45,103,108,52,93,120,3,42,88,69,94" hai1="114,35,61,87,107,99,81,131,63,123,0,91,80" hai2="70,98,86,32,119,124,121,115,101,2,127,83,104" hai3=""/><U37/><N who="1" m="31520" /><U62/><E0/><V84/><N who="2" m="31008" /><V50/><F32/><T40/><N who="0" m="30752" /><T55/><D3/><U64/><E35/><V74/><F2/><T33/><D33/><U112/><E37/><V111/><F70/><T68/><D103/><U128/><E64/><V110/><F119/><T54/><D108/><N who="2" m="41514" /><F50/><T56/><D94/><U134/><E134/><V100/><F100/><T95/><D95/><U132/><E132/><V105/><F105/><T53/><D93/><U72/><E107/><V46/><F46/><N who="0" m="17418" /><D88/><U129/><E99/><V89/><F115/><T75/><D75/><U116/><E116/><V49/><F49/><T51/><D69/><U44/><E44/><V48/><F48/><T126/><D126/><N who="2" m="48170" /><F86/><T106/><D106/><U97/><E97/><V90/><F74/><T118/><D118/><U92/><E72/><V57/><F57/><T67/><D68/><U102/><E102/><V77/><AGARI ba="2,0" hai="77,83,84,89,90,98,101,104" m="48170,41514,31008" machi="77" ten="30,12000,3" yaku="14,1,18,1,34,2,52,4" doraHai="122" who="2" fromWho="2" sc="482,-42,477,-82,91,124,0,0" /><INIT seed="2,0,0,3,1,133" ten="440,395,215,0" oya="2" hai0="56,51,73,35,45,75,109,77,108,59,129,46,81" hai1="90,71,112,32,85,66,49,113,134,126,3,79,93" hai2="99,100,50,130,57,95,1,74,33,76,101,94,96" hai3=""/><V82/><F33/><T36/><D35/><U61/><E32/><V2/><F130/><T72/><D129/><U91/><E3/><V92/><F57/><N who="0" m="22090" /><D36/><U114/><E134/><V124/><F50/><T120/><N who="0" m="30752" /><T111/><D45/><U98/><E79/><V80/><F2/><T40/><AGARI ba="0,0" hai="40,46,51,72,73,75,77,81,108,109,111" m="30752,22090" machi="40" ten="40,2000,0" yaku="14,1,52,1" doraHai="133" who="0" fromWho="0" sc="440,20,395,-7,215,-13,0,0" /><INIT seed="4,0,0,0,0,52" ten="460,388,202,0" oya="0" hai0="43,81,3,89,83,90,1,0,45,53,124,47,40" hai1="64,35,122,42,54,73,109,71,38,55,68,120,77" hai2="66,39,74,135,126,94,88,86,76,56,101,65,82" hai3=""/><T58/><D124/><U80/><N who="1" m="30752" /><U72/><N who="1" m="31264" /><U91/><E109/><V119/><F126/><T118/><D118/><U127/><E35/><V106/><F39/><T41/><D53/><U110/><E110/><V85/><F119/><T92/><D58/><U131/><E127/><V2/><F2/><T32/><D32/><U84/><E73/><V75/><F135/><T134/><D134/><U105/><E71/><V93/><F66/><T121/><N who="0" m="31008" /><T132/><D132/><U130/><E105/><V98/><F65/><T36/><D36/><U46/><E64/><V102/><F56/><T115/><D115/><U96/><E96/><AGARI ba="0,0" hai="74,75,76,82,85,86,88,93,94,96,98,101,102,106" machi="96" ten="40,12000,2" yaku="35,6,54,1" doraHai="52" who="2" fromWho="1" sc="460,0,388,-120,202,120,0,0" /><INIT seed="5,0,0,0,2,70" ten="460,268,322,0" oya="1" hai0="87,58,76,113,83,115,135,59,109,61,75,0,101" hai1="134,65,41,123,119,66,118,81,85,2,128,129,71" hai2="112,108,89,125,131,72,63,67,100,45,54,3,47" hai3=""/><U77/><N who="1" m="31520" /><U52/><E2/><V74/><F108/><T124/><D109/><U78/><E134/><V51/><F3/><T97/><D0/><U50/><E41/><V69/><F125/><T49/><D135/><U84/><E119/><V92/><F131/><N who="1" m="50249" /><E118/><V37/><F100/><T96/><D124/><U88/><E71/><V106/><F106/><T126/><D126/><U73/><E85/><V33/><F33/><T117/><D117/><U116/><E116/><V114/><F47/><T32/><D32/><U86/><E84/><V110/><F110/><T90/><D49/><U43/><E43/><V60/><F60/><T79/><D58/><U62/><E62/><V91/><F74/><T104/><D97/><U93/><E78/><V57/><F72/><T42/><D42/><U121/><N who="1" m="31008" /><U98/><E98/><V94/><F69/><T127/><D127/><U36/><E36/><V120/><N who="2" m="30752" /><V130/><F37/><T39/><D39/><U40/><E40/><V82/><F130/><T64/><D79/><U35/><E35/><V68/><F68/><T53/><D64/><U48/><E48/><V122/><N who="2" m="31264" /><V103/><F51/><T133/><D133/><U46/><AGARI ba="0,0" hai="46,50,52,65,66,73,77,81,86,88,93" m="31008,50249,31520" machi="46" ten="30,8000,1" yaku="19,1,52,2,54,2" doraHai="70" who="1" fromWho="1" sc="460,-40,268,80,322,-40,0,0" /><INIT seed="5,1,0,3,4,125" ten="420,348,282,0" oya="1" hai0="110,112,58,120,128,61,101,68,103,38,111,1,99" hai1="43,56,78,50,64,119,66,72,133,69,3,115,70" hai2="121,67,40,41,114,75,105,102,94,95,73,107,44" hai3=""/><U91/><E3/><V52/><N who="2" m="31008" /><V82/><F114/><T117/><N who="0" m="30752" /><T74/><D1/><U35/><E35/><V60/><F82/><T88/><D128/><U76/><E119/><V93/><F102/><T87/><D112/><U129/><E115/><V118/><F118/><T32/><D117/><U92/><E133/><V123/><N who="2" m="31520" /><V124/><F124/><T86/><D32/><U106/><E106/><V89/><F89/><T100/><D68/><U62/><E129/><V85/><F85/><N who="0" m="32266" /><D38/><U81/><E78/><V84/><F84/><T79/><D58/><U46/><E66/><V33/><F33/><T135/><D61/><U90/><E90/><V126/><F126/><T77/><D135/><U80/><E80/><V34/><F34/><T59/><D79/><U54/><E64/><V127/><F127/><T49/><D77/><U131/><E131/><V134/><F134/><T97/><D88/><U39/><E39/><V132/><F132/><T122/><N who="0" m="31264" /><T113/><D113/><U65/><E65/><V98/><F67/><T83/><D83/><U48/><E62/><V0/><F0/><T51/><D99/><AGARI ba="1,0" hai="43,46,48,50,54,56,69,70,72,76,81,91,92,99" machi="99" ten="30,1500,0" yaku="7,1" doraHai="125" who="1" fromWho="0" sc="420,-17,348,17,282,0,0,0" /><INIT seed="5,2,0,2,4,108" ten="403,365,282,0" oya="1" hai0="33,35,84,0,135,49,74,103,34,109,45,128,66" hai1="83,67,47,56,59,69,53,97,46,100,95,118,80" hai2="50,82,96,129,38,78,77,64,133,90,63,94,115" hai3=""/><U1/><E1/><V134/><F38/><T72/><D0/><U85/><E118/><V114/><F129/><T92/><D109/><U98/><E69/><V112/><F50/><T76/><D128/><U132/><E132/><N who="2" m="50795" /><F82/><T121/><N who="0" m="31008" /><T91/><D135/><U57/><E67/><V124/><F124/><T127/><D127/><U58/><E97/><V36/><F36/><T119/><D119/><U37/><E37/><V120/><N who="2" m="30752" /><V113/><N who="2" m="28672" /><DORA hai="62" /><V52/><F52/><T117/><D117/><U93/><E93/><V51/><F51/><T43/><D66/><U125/><E125/><V3/><F3/><T48/><D49/><U99/><E99/><V81/><F81/><T116/><D116/><U130/><E80/><V101/><F101/><T42/><D103/><U70/><E130/><V102/><F102/><T105/><D48/><U122/><N who="1" m="31264" /><U44/><E83/><V89/><F89/><T2/><D91/><U111/><E111/><V123/><N who="2" m="31520" /><V55/><F55/><T88/><D88/><U126/><E126/><V32/><F32/><T40/><D35/><U71/><N who="1" m="14336" /><DORA hai="79" /><U65/><E53/><V60/><F60/><T68/><D34/><U107/><E65/><V61/><F61/><RYUUKYOKU ba="2,0" sc="403,-20,365,10,282,10,0,0" hai1="44,46,47,70,71,85,95,98,100,107" hai2="63,64,77,78,90,94,96" /><INIT seed="5,3,0,4,5,57" ten="383,375,292,0" oya="1" hai0="52,2,96,126,113,85,69,135,124,60,47,68,32" hai1="37,131,87,106,118,134,33,79,64,35,125,109,116" hai2="71,42,132,95,133,63,55,45,80,65,72,56,78" hai3=""/><U117/><E106/><V73/><F73/><T49/><D2/><U128/><E37/><V102/><F102/><T54/><D32/><U67/><E125/><N who="0" m="48233" /><D113/><U119/><E134/><V53/><F95/><T127/><N who="0" m="48241" /><T108/><DORA hai="122" /><D135/><N who="2" m="51786" /><F71/><N who="0" m="27210" /><D108/><U92/><E117/><V58/><F58/><T94/><D85/><U44/><E44/><V99/><F99/><T111/><D111/><U84/><E109/><V123/><N who="2" m="31520" /><V0/><F0/><T59/><D94/><U90/><E33/><V41/><F41/><T88/><D96/><U62/><E35/><V38/><AGARI ba="3,0" hai="38,42,45,53,55,56,63,65,72,78,80" m="31520,51786" machi="38" ten="30,3000,0" yaku="20,1,52,2" doraHai="57,122" who="2" fromWho="2" sc="383,-13,375,-23,292,36,0,0" /><INIT seed="6,0,0,3,0,36" ten="370,352,328,0" oya="2" hai0="105,73,114,61,134,3,122,59,88,34,45,128,58" hai1="131,115,76,56,125,99,132,107,79,32,117,130,93" hai2="57,2,81,100,127,106,37,112,64,104,89,97,70" hai3=""/><V103/><F2/><T109/><RYUUKYOKU type="yao9" ba="0,0" sc="370,0,352,0,328,0,0,0" hai0="3,34,45,58,59,61,73,88,105,109,114,122,128,134" /><INIT seed="6,1,0,5,4,71" ten="370,352,328,0" oya="2" hai0="59,101,34,60,47,119,56,48,98,38,3,83,82" hai1="91,61,96,75,123,126,72,64,131,46,112,135,128" hai2="33,1,103,66,55,87,69,74,49,114,45,35,94" hai3=""/><V79/><F1/><T115/><D119/><U109/><N who="1" m="31520" /><U110/><E112/><V118/><F118/><T73/><D3/><U111/><E126/><V95/><F114/><T120/><N who="0" m="30752" /><T117/><D117/><U93/><E46/><V113/><F113/><T134/><D34/><U104/><E104/><V121/><N who="2" m="31008" /><V92/><F103/><T81/><D134/><U44/><E44/><V65/><F74/><T86/><D73/><N who="1" m="28235" /><E61/><V39/><F39/><T133/><D133/><U132/><E64/><V67/><REACH who="2" step="1"/><F69/><REACH who="2" ten="370,352,318,0" step="2"/><T129/><D38/><U108/><E108/><V57/><F57/><T127/><D115/><U68/><E68/><V62/><F62/><T99/><D59/><U116/><E116/><V105/><F105/><T41/><D56/><U54/><E135/><V85/><F85/><T0/><D60/><U37/><E37/><V100/><F100/><T89/><D101/><U90/><E132/><V124/><F124/><T50/><D127/><U76/><E111/><V40/><F40/><T53/><D0/><U42/><E110/><V106/><F106/><T77/><D41/><U84/><E42/><V51/><F51/><T125/><D50/><U102/><E109/><V80/><AGARI ba="1,1" hai="33,35,45,49,55,65,66,67,79,80,87,92,94,95" m="31008" machi="80" ten="40,5200,0" yaku="1,1,0,1,52,1,53,0" doraHai="71" doraHaiUra="58" who="2" fromWho="2" sc="370,-27,352,-27,318,64,0,0" /><INIT seed="6,2,0,3,5,43" ten="343,325,382,0" oya="2" hai0="66,126,91,32,62,77,128,56,122,95,44,33,84" hai1="106,132,102,104,86,70,111,60,78,54,118,133,125" hai2="87,88,68,97,63,59,101,116,3,41,83,58,49" hai3=""/><V2/><F116/><T96/><N who="0" m="31264" /><T46/><D128/><U113/><E111/><V93/><F68/><T80/><REACH who="0" step="1"/><D126/><REACH who="0" ten="333,325,382,0" step="2"/><U52/><E125/><V50/><F3/><T72/><D72/><U89/><E118/><V112/><F2/><T48/><D48/><N who="2" m="18538" /><F112/><T38/><D38/><U81/><E113/><V117/><F117/><T90/><D90/><U109/><E89/><V45/><F63/><T114/><D114/><U130/><E130/><V42/><F45/><AGARI ba="2,1" hai="32,33,44,45,46,56,62,66,77,80,84,91,95,96" m="31264" machi="45" ten="40,12000,2" yaku="1,1,52,4,53,1" doraHai="43" doraHaiUra="57" who="0" fromWho="2" sc="333,134,325,0,382,-124,0,0" owari="467,41.0,325,-7.0,258,-34.0,0,0.0" /></mjloggm>