<mjloggm ver="2.3"><GO type="225" lobby="0"/><UN n0="%E9%95%B7%E5%B3%B6%E3%83%B3%E3%82%AC%E3%83%B3" n1="%6B%69%79%6F%70%69%6E" n2="%E9%9F%93%E8%A1%9B%E9%9D%92" n3="%E3%81%AF%E3%82%88%E3%81%8A%E3%81%98%E3%81%95%E3%82%93" dan="17,16,16,17" rate="2155.18,2123.77,2176.98,2144.86" sx="M,M,F,M"/><TAIKYOKU oya="0"/><INIT seed="0,0,0,4,5,83" ten="250,250,250,250" oya="0" hai0="123,56,64,108,34,50,105,76,55,107,96,87,67" hai1="111,126,21,73,109,45,59,15,54,66,127,104,93" hai2="27,13,102,124,25,88,48,70,33,1,24,128,53" hai3="90,4,135,63,74,8,37,100,38,75,119,86,106"/><T26/><D123/><U29/><E104/><V112/><F1/><W89/><G119/><T71/><D108/><N who="1" m="41547" /><E73/><V133/><F112/><W121/><G121/><T52/><D55/><U14/><E45/><V12/><F70/><W69/><G90/><T23/><D34/><U114/><E66/><V115/><F115/><W84/><G135/><T30/><D71/><U91/><E29/><V82/><F128/><W51/><G51/><T9/><D9/><U110/><E114/><V31/><F124/><N who="1" m="47657" /><E21/><N who="2" m="15759" /><F102/><W68/><G100/><T113/><D113/><U41/><E41/><V17/><F33/><W22/><G22/><T58/><D105/><U122/><E122/><V28/><F28/><W85/><G106/><T16/><D30/><U79/><E79/><V60/><F60/><W94/><G75/><T134/><D134/><U78/><E78/><V40/><F40/><W80/><G74/><T116/><D116/><U20/><E20/><N who="2" m="13455" /><F133/><W19/><G63/><T3/><D107/><U36/><E36/><V42/><F42/><W99/><G38/><T10/><D64/><U81/><E110/><V7/><F27/><W65/><G37/><T95/><D67/><U129/><E129/><V77/><F77/><W6/><G65/><T11/><D76/><U61/><E81/><V5/><F53/><W39/><G80/><T49/><D52/><U103/><E103/><V117/><F117/><W118/><G39/><T101/><D101/><U43/><E43/><V120/><F120/><W97/><G118/><T44/><D26/><U92/><E91/><V72/><F72/><W35/><G69/><RYUUKYOKU ba="0,0" sc="250,-10,250,30,250,-10,250,-10" hai1="14,15,54,59,61,92,93" /><INIT seed="1,1,0,4,4,86" ten="240,280,240,240" oya="1" hai0="120,81,6,38,99,132,59,125,10,128,58,5,31" hai1="95,48,15,112,0,91,69,45,121,26,22,1,29" hai2="109,110,21,53,27,44,66,43,97,18,57,77,82" hai3="51,75,105,84,76,129,92,52,73,101,11,20,89"/><U113/><E69/><V90/><F66/><W117/><G129/><T74/><D38/><U30/><E121/><V80/><F110/><W34/><G34/><T96/><D128/><U119/><E119/><V83/><F109/><W79/><G117/><T70/><D70/><U2/><E30/><V123/><F123/><W103/><G11/><T12/><D120/><U115/><E15/><V33/><F33/><W78/><G20/><T61/><D125/><U116/><E116/><V85/><F44/><W9/><G9/><T71/><D132/><U25/><E25/><V87/><F43/><W49/><G49/><T56/><D31/><U108/><E108/><V40/><F40/><W122/><G122/><T104/><D104/><U67/><E67/><V54/><F54/><W127/><G127/><T64/><D6/><U7/><E7/><V133/><F133/><W35/><G35/><T23/><D23/><U100/><E100/><V13/><F97/><W130/><G130/><T39/><D39/><U46/><REACH who="1" step="1"/><E48/><REACH who="1" ten="240,270,240,240" step="2"/><N who="2" m="30887" /><F27/><W114/><G114/><T72/><D71/><U60/><E60/><V16/><F18/><W19/><G19/><T28/><D28/><U47/><E47/><V111/><F111/><W65/><G65/><T17/><D17/><U131/><E131/><V93/><AGARI ba="1,1" hai="13,16,21,77,80,82,83,85,87,90,93" m="30887" machi="93" ten="30,7900,0" yaku="25,1,8,1,52,1,54,1" doraHai="86" who="2" fromWho="2" sc="240,-21,270,-40,240,92,240,-21" /><INIT seed="2,0,0,5,1,134" ten="219,230,332,219" oya="2" hai0="16,110,126,69,87,102,8,28,33,95,12,88,41" hai1="50,122,30,55,26,101,3,38,98,53,35,5,56" hai2="37,10,72,62,91,11,27,107,64,43,18,118,97" hai3="129,104,120,132,94,51,24,65,42,74,34,131,127"/><V13/><F118/><W70/><G104/><T14/><D110/><U19/><E122/><V17/><F72/><W7/><G120/><T54/><D69/><U2/><E38/><V123/><F123/><W1/><G74/><T45/><D126/><U83/><E5/><V75/><F75/><W109/><G132/><T114/><D114/><U58/><E19/><V135/><F135/><W67/><G109/><T124/><D124/><U100/><E83/><V44/><F27/><W79/><G79/><T82/><D54/><U130/><E130/><N who="3" m="49674" /><G70/><T76/><D14/><U121/><E100/><V52/><F107/><W103/><G7/><T125/><D125/><U111/><E111/><V80/><F64/><W59/><G1/><T15/><D15/><U105/><E121/><V20/><F18/><W36/><G36/><T77/><D33/><U22/><E35/><V46/><F97/><N who="3" m="59831" /><G127/><T113/><D113/><U31/><E30/><V57/><F46/><N who="3" m="26071" /><G59/><T0/><D0/><U133/><E133/><V90/><F90/><W116/><G116/><T73/><D28/><AGARI ba="0,0" hai="24,28,34,65,67" m="26071,59831,49674" machi="28" ten="30,1000,0" yaku="19,1" doraHai="134" who="3" fromWho="0" sc="219,-10,230,0,332,0,219,10" /><INIT seed="3,0,0,2,2,76" ten="209,230,332,229" oya="3" hai0="80,95,123,110,132,77,87,12,91,133,135,119,116" hai1="53,86,82,73,55,67,1,58,103,126,79,34,111" hai2="10,49,59,61,0,14,33,63,50,78,99,107,41" hai3="26,54,108,104,102,48,88,72,38,74,65,24,15"/><W36/><G65/><T7/><D123/><U112/><E34/><V121/><F33/><W28/><G102/><T18/><D7/><U51/><E1/><V45/><F0/><W40/><G104/><T105/><D105/><U106/><E111/><V37/><F121/><W39/><G40/><T17/><D110/><U8/><E126/><V44/><F78/><W6/><G108/><T19/><D12/><U71/><E8/><V35/><F35/><W27/><G28/><T81/><D81/><U13/><E13/><V66/><F63/><W16/><G6/><T32/><D32/><U109/><E112/><V52/><F107/><W117/><G117/><T46/><D46/><U69/><E67/><V134/><F99/><AGARI ba="0,0" hai="17,18,19,77,80,87,91,95,99,116,119,132,133,135" machi="99" ten="50,3200,0" yaku="20,1,52,1" doraHai="76" who="0" fromWho="2" sc="209,32,230,0,332,-32,229,0" owari="241,4.0,230,-17.0,300,40.0,229,-27.0" /></mjloggm>