<mjloggm ver="2.3"><GO type="185" lobby="0"/><UN n0="%E3%83%84%E3%83%BC%E3%82%A2%E3%82%A6%E3%83%88" n1="%58%65%6C%65%72%61%74%6F" n2="%E3%81%BE%E3%81%A3%E3%81%97%E3%83%BC" n3="" dan="16,16,16,0" rate="2121.67,2210.19,2251.30,1500.00" sx="M,F,F,C"/><TAIKYOKU oya="0"/><INIT seed="0,0,0,5,4,102" ten="350,350,350,0" oya="0" hai0="34,115,32,90,47,61,132,39,49,84,67,72,42" hai1="103,80,45,131,3,36,106,130,108,128,121,95,111" hai2="86,133,81,99,85,54,83,57,100,64,123,56,70" hai3=""/><T59/><D72/><U65/><N who="1" m="31008" /><U82/><E3/><V63/><N who="2" m="31520" /><V60/><F133/><T118/><D132/><U88/><E65/><V89/><F70/><T117/><D115/><U62/><E62/><V79/><F100/><T33/><REACH who="0" step="1"/><D39/><REACH who="0" ten="340,350,350,0" step="2"/><U107/><E111/><V110/><F110/><T91/><D91/><U127/><E108/><V73/><F73/><T71/><D71/><U92/><E103/><V50/><F99/><T2/><D2/><U93/><E127/><V48/><AGARI ba="0,1" hai="48,50,54,56,57,60,63,64,79,81,83,85,86,89" m="31520" machi="48" ten="30,3000,0" yaku="0,1,8,1,52,1" doraHai="102" who="2" fromWho="2" sc="340,-20,350,-10,350,40,0,0" /><INIT seed="1,0,0,3,2,117" ten="320,340,390,0" oya="1" hai0="59,32,93,78,74,120,129,102,104,68,47,88,57" hai1="41,58,118,52,0,43,84,33,135,71,83,96,94" hai2="98,122,63,56,1,130,128,48,134,3,53,103,66" hai3=""/><U125/><E118/><V77/><N who="2" m="31264" /><V79/><F134/><T82/><N who="0" m="30752" /><T36/><D68/><U38/><E135/><V123/><N who="2" m="31520" /><V49/><F79/><T100/><D32/><U109/><E33/><V127/><F127/><T73/><D129/><N who="2" m="49770" /><F77/><T37/><D74/><U76/><E71/><V61/><F49/><T65/><D65/><U45/><E43/><V34/><F34/><T50/><D37/><U115/><E125/><V95/><F63/><T91/><D36/><U72/><E72/><V126/><F126/><T124/><D124/><U97/><E76/><V133/><F133/><T110/><D110/><U86/><E38/><V90/><F103/><T92/><D102/><U62/><E62/><V113/><F113/><T35/><D35/><U2/><E109/><V107/><F107/><T99/><D104/><U75/><E115/><V46/><AGARI ba="0,0" hai="1,3,46,48,53,56,61,66,90,95,98" m="49770,31520,31264" machi="46" ten="30,6000,1" yaku="19,1,52,4" doraHai="117" who="2" fromWho="2" sc="320,-20,340,-40,390,60,0,0" /><INIT seed="2,0,0,1,0,87" ten="300,300,450,0" oya="2" hai0="62,82,94,32,130,80,125,84,115,38,47,92,116" hai1="108,98,39,100,77,65,52,90,107,74,89,50,58" hai2="104,117,99,110,60,122,88,34,135,33,63,1,64" hai3=""/><V68/><N who="2" m="31264" /><V133/><F117/><T61/><D32/><U35/><E35/><V93/><F1/><T97/><D116/><U46/><E108/><V118/><F118/><T42/><D115/><U81/><REACH who="1" step="1"/><E65/><REACH who="1" ten="300,290,450,0" step="2"/><V121/><N who="2" m="31008" /><V131/><F110/><T54/><D125/><U112/><E112/><V71/><F131/><T69/><D130/><U86/><E86/><V78/><F33/><T120/><N who="0" m="30752" /><T103/><D69/><U119/><E119/><V123/><N who="2" m="31520" /><V83/><F34/><T128/><D128/><U48/><E48/><V59/><F104/><T126/><D126/><U101/><E101/><V57/><F68/><T73/><D73/><U43/><AGARI ba="0,1" hai="39,43,46,50,52,58,74,77,81,89,90,98,100,107" machi="43" ten="30,9000,2" yaku="1,1,0,1,52,2,54,1,53,1" doraHai="87" doraHaiUra="102" who="1" fromWho="1" sc="300,-30,290,100,450,-60,0,0" /><INIT seed="4,0,0,2,2,93" ten="270,390,390,0" oya="0" hai0="78,57,106,129,37,126,94,69,70,111,86,66,112" hai1="0,85,3,98,71,47,44,131,58,49,96,115,109" hai2="1,130,77,60,72,116,33,52,128,92,88,65,59" hai3=""/><T99/><D37/><U67/><E109/><V50/><F1/><T134/><D111/><U127/><E127/><V117/><F33/><T61/><D126/><U81/><E71/><V48/><F77/><T123/><N who="0" m="31520" /><T114/><D129/><N who="2" m="49770" /><F72/><T97/><D134/><U84/><E115/><N who="0" m="44073" /><D106/><U103/><E131/><V135/><F135/><T46/><D46/><U105/><E47/><V132/><F132/><T113/><N who="0" m="44081" /><T121/><N who="0" m="31008" /><DORA hai="107" /><T124/><D124/><U82/><E105/><V63/><F50/><T108/><D108/><U53/><E0/><V51/><F51/><T75/><D75/><U41/><E49/><V32/><F32/><T95/><D78/><U74/><E74/><V76/><F76/><T110/><D110/><U73/><E3/><V2/><F2/><T118/><D118/><N who="2" m="45674" /><F65/><T119/><D119/><U83/><E67/><V122/><N who="2" m="31264" /><V42/><F42/><T54/><D86/><AGARI ba="0,0" hai="48,52,59,60,63,86,88,92" m="31264,45674,49770" machi="86" ten="30,8000,1" yaku="19,1,12,1,52,1,54,2" doraHai="93,107" who="2" fromWho="0" sc="270,-80,390,0,390,80,0,0" /><INIT seed="5,0,0,4,0,122" ten="190,390,470,0" oya="1" hai0="59,66,47,110,88,96,69,85,37,104,103,58,100" hai1="70,52,77,87,72,127,64,94,106,130,71,60,91" hai2="34,45,65,54,123,134,131,135,116,75,63,51,117" hai3=""/><U44/><E106/><V32/><N who="2" m="31520" /><V42/><F75/><T97/><D110/><U48/><E127/><V49/><F32/><T133/><D133/><N who="2" m="50698" /><F34/><T61/><D37/><U67/><E130/><V57/><F131/><T0/><D47/><AGARI ba="0,0" hai="42,45,47,49,51,54,57,63,65,116,117" m="50698,31520" machi="47" ten="30,7700,0" yaku="20,1,34,2,52,1" doraHai="122" who="2" fromWho="0" sc="190,-77,390,0,470,77,0,0" /><INIT seed="6,0,0,3,1,89" ten="113,390,547,0" oya="2" hai0="103,35,92,64,87,93,46,116,72,99,112,54,111" hai1="44,120,105,43,115,37,90,2,97,68,128,110,118" hai2="56,3,57,51,135,119,42,125,39,96,85,69,84" hai3=""/><V59/><F3/><T131/><D72/><U75/><E44/><V66/><F119/><T132/><D35/><U117/><E43/><V130/><F135/><T40/><D132/><U108/><E90/><V88/><F125/><T52/><D116/><U50/><E50/><V95/><F130/><T34/><D131/><U100/><E97/><V107/><F39/><T106/><D112/><U58/><E58/><N who="2" m="22635" /><F69/><T82/><D111/><U74/><E100/><V133/><F107/><T78/><D34/><U70/><E70/><V127/><F133/><T33/><D64/><U81/><E81/><V134/><F134/><T1/><D1/><U71/><N who="1" m="30752" /><U86/><E2/><V45/><F127/><T122/><N who="0" m="31264" /><T83/><D33/><U67/><E128/><V104/><F104/><T41/><D41/><U102/><E102/><V0/><F0/><T101/><D83/><U63/><E105/><V61/><AGARI ba="0,0" hai="42,45,51,59,61,66,84,85,88,95,96" m="22635" machi="61" ten="30,4000,0" yaku="8,1,52,1,54,1" doraHai="89" who="2" fromWho="2" sc="113,-20,390,-20,547,40,0,0" owari="93,-51.0,370,-3.0,587,54.0,0,0.0" /></mjloggm>