<mjloggm ver="2.3"><GO type="225" lobby="0"/><UN n0="%E9%8A%80%E3%81%B0%E3%81%95%E3%81%BF" n1="%67%61%79%75%6E%79" n2="%E7%84%A1%E3%81%84%EF%BC%81%EF%BC%81" n3="%E9%89%84%E5%BC%B7%E3%83%A2%E3%83%92%E3%83%BC%E3%83%8C%E4%B8%83%E6%AE%B5" dan="17,16,16,18" rate="2181.10,2133.43,2093.08,2244.35" sx="M,M,M,F"/><TAIKYOKU oya="0"/><INIT seed="0,0,0,2,1,51" ten="250,250,250,250" oya="0" hai0="83,15,130,44,0,126,10,54,43,85,134,8,100" hai1="40,86,90,39,99,31,25,123,76,56,78,116,112" hai2="120,98,89,97,16,111,109,70,74,48,132,119,38" hai3="27,131,93,101,50,69,58,21,18,30,3,9,80"/><T46/><D134/><U121/><E116/><V14/><F38/><W135/><G69/><T35/><D130/><U49/><E112/><V106/><F120/><W64/><G131/><T103/><D126/><U22/><E39/><V82/><F70/><W55/><G135/><T20/><D35/><U36/><E36/><V1/><F1/><W75/><G64/><T60/><D20/><U71/><E71/><V59/><F119/><W133/><G133/><T95/><D0/><U29/><E99/><V28/><F28/><W7/><G101/><T57/><D95/><U72/><E72/><V47/><F59/><W108/><G93/><T73/><D73/><U113/><E113/><V5/><F5/><W91/><G108/><N who="2" m="41545" /><F106/><W62/><G62/><T6/><D10/><U117/><E117/><V65/><F65/><W52/><G91/><T77/><D46/><U12/><E29/><V2/><F2/><W94/><G30/><T122/><D122/><U92/><E121/><V11/><F132/><W96/><G96/><T125/><D125/><U34/><E123/><V79/><F89/><W107/><G107/><T26/><D26/><U115/><E115/><V17/><F17/><W53/><REACH who="3" step="1"/><G94/><REACH who="3" ten="250,250,250,240" step="2"/><T4/><REACH who="0" step="1"/><D4/><REACH who="0" ten="240,250,250,240" step="2"/><U87/><E92/><V102/><F102/><W42/><G42/><AGARI ba="0,2" hai="11,14,16,42,47,48,74,79,82,97,98" m="41545" machi="42" ten="30,2000,0" yaku="14,1,54,1" doraHai="51" who="2" fromWho="3" sc="240,0,250,0,250,40,240,-20" /><INIT seed="1,0,0,3,5,66" ten="240,250,290,220" oya="1" hai0="84,127,2,104,62,22,20,34,57,33,61,11,55" hai1="80,110,82,75,78,85,121,35,48,54,68,130,86" hai2="50,99,74,1,101,10,17,124,70,123,21,76,18" hai3="81,12,90,111,118,41,83,60,131,24,64,58,105"/><U94/><E68/><V72/><F123/><W135/><G111/><T63/><D104/><U96/><E35/><V69/><F50/><W43/><G135/><T73/><D73/><U129/><E54/><V5/><F17/><W116/><G131/><N who="1" m="50186" /><E48/><V40/><F40/><W117/><G105/><T71/><D127/><U106/><E121/><V114/><F114/><W65/><G65/><T0/><D84/><N who="1" m="32363" /><E106/><V37/><F74/><W122/><G122/><T103/><D63/><U91/><E82/><N who="3" m="31242" /><G24/><T97/><D55/><U23/><E23/><V112/><F112/><W3/><G3/><T9/><D57/><U79/><E79/><V119/><F76/><W51/><G51/><T29/><D71/><U98/><E110/><V126/><F70/><N who="3" m="42247" /><G12/><T87/><D33/><U120/><E120/><V36/><F69/><W28/><G58/><T95/><D34/><U134/><E134/><V46/><F37/><W39/><G39/><T133/><D133/><U19/><E19/><V132/><F36/><W31/><G43/><T113/><D113/><U14/><E14/><V77/><F18/><W100/><G41/><T49/><D49/><U128/><N who="1" m="50194" /><U109/><DORA hai="107" /><E109/><V44/><F132/><W8/><G31/><T115/><D115/><U53/><E53/><V4/><F77/><W52/><G52/><T26/><D22/><U47/><E47/><V89/><F21/><W88/><G28/><T38/><D38/><U7/><E7/><V13/><F5/><W6/><G6/><T108/><D108/><U56/><E56/><V102/><F4/><W16/><G16/><RYUUKYOKU ba="0,0" sc="240,-10,250,30,290,-10,220,-10" hai1="75,78,80,91,94,96,98" /><INIT seed="1,1,0,5,4,106" ten="230,280,280,210" oya="1" hai0="74,114,29,4,86,93,11,5,68,46,54,22,2" hai1="65,73,91,25,122,0,24,119,79,17,103,26,34" hai2="60,115,42,69,83,50,102,87,132,118,75,133,43" hai3="12,130,9,41,21,1,126,48,134,37,38,112,61"/><U99/><E122/><V111/><F118/><W30/><G112/><T15/><D114/><U94/><E119/><V67/><F115/><W97/><G134/><N who="2" m="51817" /><F111/><W23/><G130/><T95/><D68/><U70/><E0/><V64/><F102/><W36/><G126/><T78/><D74/><U39/><E39/><V90/><F67/><W31/><G1/><T124/><D124/><U66/><E34/><V35/><F35/><W81/><G61/><T135/><D135/><U120/><E120/><V8/><F75/><W80/><G97/><T47/><D4/><U52/><E70/><V62/><F62/><W16/><G23/><T27/><D2/><U57/><E17/><V45/><F8/><W53/><G41/><AGARI ba="1,0" hai="41,42,43,45,50,60,64,69,83,87,90" m="51817" machi="41" ten="30,1000,0" yaku="20,1" doraHai="106" who="2" fromWho="3" sc="230,0,280,0,280,13,210,-13" /><INIT seed="2,0,0,4,5,19" ten="230,280,293,197" oya="2" hai0="0,79,98,16,96,125,61,43,119,69,6,39,104" hai1="32,52,67,76,1,73,8,80,50,13,77,87,110" hai2="132,99,131,89,109,17,41,37,30,11,107,48,7" hai3="58,85,97,66,38,114,36,129,91,126,34,115,111"/><V20/><F30/><W124/><G34/><T116/><D125/><N who="3" m="48233" /><G97/><T31/><D31/><U23/><E110/><V9/><F109/><W10/><G111/><T88/><D79/><U103/><E1/><V123/><F123/><W44/><G10/><T62/><D104/><U133/><E133/><V120/><F120/><W60/><G129/><T46/><D6/><U92/><E32/><V78/><F78/><W63/><G85/><T33/><D0/><U128/><E67/><V45/><F132/><W12/><G12/><T134/><D33/><U56/><E128/><V93/><F131/><W127/><N who="3" m="48241" /><W29/><DORA hai="101" /><G91/><T83/><D134/><U75/><E77/><V59/><F107/><W81/><G81/><T27/><D96/><U24/><E92/><V112/><F7/><W94/><G94/><N who="0" m="56647" /><D69/><U102/><E73/><V26/><F11/><W3/><G29/><T68/><D68/><U71/><E71/><V74/><F74/><W22/><G3/><T90/><D90/><U2/><E2/><V14/><F9/><W35/><G35/><T130/><D83/><U118/><E75/><V57/><F14/><W122/><G38/><T113/><D130/><U108/><E108/><V47/><F37/><W55/><G122/><T65/><D113/><N who="3" m="43017" /><G36/><T51/><D39/><U53/><E13/><V49/><F112/><W15/><G44/><T117/><D65/><U18/><E80/><V4/><F4/><W95/><G95/><T72/><D72/><U5/><E76/><V54/><AGARI ba="0,0" hai="17,20,26,41,45,47,48,49,54,57,59,89,93,99" machi="54" ten="20,7800,0" yaku="0,1,7,1,8,1,52,1" doraHai="19,101" who="2" fromWho="2" sc="230,-26,280,-26,293,78,197,-26" /><INIT seed="2,1,0,4,0,52" ten="204,254,371,171" oya="2" hai0="29,47,109,83,62,0,26,96,27,8,100,130,73" hai1="31,15,48,40,126,18,99,114,134,116,107,78,79" hai2="50,103,115,88,106,82,17,33,111,45,97,44,84" hai3="24,104,123,7,89,35,70,112,86,23,80,28,11"/><V30/><F115/><W37/><G123/><T72/><D109/><U121/><E116/><V67/><F111/><W3/><G112/><T46/><D130/><U4/><E114/><V58/><F17/><W53/><G104/><T34/><D27/><U13/><E121/><V57/><F67/><W36/><G70/><T129/><D129/><U16/><E126/><V108/><F108/><W41/><G41/><T19/><D62/><U125/><E125/><V21/><F33/><W38/><REACH who="3" step="1"/><G53/><REACH who="3" ten="204,254,371,161" step="2"/><T61/><D34/><AGARI ba="1,1" hai="3,7,11,23,24,28,34,35,36,37,38,80,86,89" machi="34" ten="40,5200,0" yaku="1,1,2,1,53,1" doraHai="52" doraHaiUra="87" who="3" fromWho="0" sc="204,-55,254,0,371,0,161,65" /><INIT seed="3,0,0,4,1,76" ten="149,254,371,226" oya="3" hai0="53,98,74,1,60,115,67,0,35,22,43,94,18" hai1="14,122,29,110,75,45,62,42,118,39,40,121,114" hai2="78,95,31,15,135,9,34,20,81,2,131,71,93" hai3="6,116,21,64,92,59,47,52,84,128,117,50,68"/><W127/><G127/><T19/><D35/><U90/><E114/><V41/><F71/><W4/><G128/><T27/><D115/><U104/><E110/><V66/><F66/><W108/><G68/><T33/><D74/><U56/><E118/><V73/><F135/><W79/><G108/><T11/><D33/><U86/><E75/><V13/><F131/><W55/><G64/><T87/><D43/><U16/><E42/><V23/><F13/><W97/><G117/><T89/><D87/><U49/><E104/><V120/><F120/><W101/><G21/><T69/><D11/><U105/><E105/><V133/><F133/><W38/><G116/><T65/><D65/><U129/><E29/><V102/><F102/><W61/><G38/><T126/><D126/><U119/><E119/><V99/><F99/><W96/><G96/><T124/><D124/><U5/><E5/><N who="2" m="1207" /><F20/><W30/><G30/><T44/><D44/><U130/><E39/><V3/><F3/><W83/><AGARI ba="0,0" hai="4,6,47,50,52,55,59,61,79,83,84,92,97,101" machi="83" ten="30,11700,0" yaku="0,1,8,1,52,1,54,1" doraHai="76" who="3" fromWho="3" sc="149,-39,254,-39,371,-39,226,117" owari="110,-39.0,215,-18.0,332,13.0,343,44.0" /></mjloggm>