<mjloggm ver="2.3"><GO type="185" lobby="0"/><UN n0="%6D%28%E3%81%AE%5F%E3%81%AE%29%6D%E2%99%AA" n1="%E7%81%AB%E6%98%9F%E3%81%AE%E7%8A%AC" n2="%4B%69%64%6F%37%35%30%30" n3="" dan="16,16,16,0" rate="2174.29,2183.73,2120.70,1500.00" sx="M,M,M,C"/><TAIKYOKU oya="0"/><INIT seed="0,0,0,3,5,74" ten="350,350,350,0" oya="0" hai0="72,89,127,34,38,61,59,66,121,3,93,106,57" hai1="87,58,80,99,96,44,56,2,50,81,52,67,98" hai2="105,88,40,122,126,102,86,90,64,97,134,128,47" hai3=""/><T35/><N who="0" m="31008" /><T115/><D3/><U69/><E2/><V49/><N who="2" m="31264" /><V94/><F134/><T113/><D115/><U100/><E100/><V104/><F128/><T46/><D113/><U1/><E1/><V54/><F126/><T65/><D106/><U79/><E69/><V85/><F64/><T39/><D127/><U71/><E71/><V117/><F117/><T108/><D72/><U111/><E111/><V103/><F103/><T63/><D108/><U36/><E36/><V123/><N who="2" m="31520" /><V116/><F116/><T42/><D39/><U37/><E37/><V91/><F105/><T48/><D38/><U120/><N who="1" m="30752" /><U51/><E67/><V43/><F104/><T92/><D92/><U68/><E68/><V60/><F60/><T53/><REACH who="0" step="1"/><D42/><AGARI ba="0,0" hai="40,42,43,47,49,54,85,86,88,90,91,94,97,102" m="31520,31264" machi="42" ten="40,8000,1" yaku="8,1,52,2,54,1" doraHai="74" who="2" fromWho="0" sc="350,-80,350,0,350,80,0,0" /><INIT seed="1,0,0,5,0,63" ten="270,350,430,0" oya="1" hai0="68,56,52,130,66,123,96,53,99,3,38,108,117" hai1="134,51,71,75,80,46,34,104,125,32,114,81,119" hai2="94,65,111,105,100,112,122,116,37,101,35,95,91" hai3=""/><U61/><E119/><V98/><N who="2" m="31264" /><V57/><F37/><T90/><N who="0" m="31520" /><T126/><D108/><U132/><E114/><V121/><N who="2" m="31008" /><V50/><F111/><T118/><D3/><U54/><E104/><V47/><F35/><N who="1" m="13353" /><E75/><V135/><F116/><N who="0" m="44650" /><D38/><U72/><E72/><V115/><F135/><N who="1" m="51753" /><E125/><V58/><F105/><T120/><N who="0" m="30752" /><T43/><D43/><U79/><E79/><V110/><F110/><T102/><D126/><U39/><E39/><V77/><F77/><T103/><D68/><U109/><E109/><V86/><F101/><N who="0" m="38410" /><D130/><U93/><E93/><V41/><F58/><T131/><D131/><U70/><E70/><V69/><REACH who="2" step="1"/><F69/><REACH who="2" ten="270,350,420,0" step="2"/><T40/><D40/><U42/><E42/><V45/><F45/><T127/><D127/><U124/><E124/><V73/><F73/><T82/><D53/><U133/><E133/><V49/><F49/><T97/><D52/><U44/><E44/><V36/><F36/><T87/><D56/><U88/><E71/><V106/><F106/><T62/><D62/><AGARI ba="0,1" hai="41,47,50,57,62,65,86,91,94,95,98,100,112,115" m="31008,31264" machi="62" ten="40,8000,1" yaku="1,1,52,3,53,0" doraHai="63" doraHaiUra="64" who="2" fromWho="0" sc="270,-80,350,0,420,90,0,0" /><INIT seed="2,0,0,1,1,96" ten="190,350,510,0" oya="2" hai0="1,85,0,131,122,101,77,59,97,93,61,49,79" hai1="114,82,94,39,53,121,112,58,65,78,80,105,107" hai2="2,132,98,60,129,111,124,103,67,55,37,102,127" hai3=""/><V44/><F2/><T119/><N who="0" m="31264" /><T71/><D119/><U33/><N who="1" m="31008" /><U109/><E33/><V47/><F132/><T3/><D131/><U69/><E39/><V43/><F129/><T118/><D118/><U126/><E109/><V57/><F111/><T100/><D71/><U72/><E126/><N who="2" m="48171" /><F98/><T134/><D134/><U84/><E65/><V133/><F133/><T91/><D49/><AGARI ba="0,0" hai="37,43,44,47,49,55,57,60,67,102,103" m="48171" machi="49" ten="30,5800,0" yaku="18,1,52,2" doraHai="96" who="2" fromWho="0" sc="190,-58,350,0,510,58,0,0" /><INIT seed="2,1,0,5,2,45" ten="132,350,568,0" oya="2" hai0="101,41,130,34,88,121,87,73,56,129,90,125,53" hai1="122,105,62,78,114,38,76,3,60,33,44,2,118" hai2="106,99,96,124,112,69,133,82,110,111,71,83,1" hai3=""/><V92/><F1/><T108/><N who="0" m="31008" /><T0/><D0/><U95/><N who="1" m="31264" /><U115/><E105/><V63/><F112/><T54/><D73/><U119/><E38/><V86/><F133/><T46/><D34/><U68/><E44/><V93/><F63/><T42/><D108/><N who="2" m="41514" /><F106/><T36/><D125/><U52/><E95/><N who="2" m="36427" /><F124/><T132/><D132/><U109/><E109/><V117/><F117/><T104/><D42/><U67/><E33/><V79/><F83/><T70/><D70/><AGARI ba="1,0" hai="69,70,71,79,82,86,96,99" m="36427,41514" machi="70" ten="30,2900,0" yaku="14,1,10,1" doraHai="45" who="2" fromWho="0" sc="132,-31,350,0,568,31,0,0" /><INIT seed="2,2,0,1,4,84" ten="101,350,599,0" oya="2" hai0="32,123,74,39,103,60,72,52,111,38,64,127,126" hai1="125,90,101,71,61,66,54,92,44,53,107,110,46" hai2="80,112,75,43,133,89,96,81,122,86,37,34,99" hai3=""/><V49/><N who="2" m="31264" /><V113/><F34/><T106/><N who="0" m="31520" /><T42/><D32/><U55/><E110/><V56/><F37/><N who="0" m="13834" /><D111/><U59/><E125/><N who="0" m="47625" /><D42/><U87/><E107/><V131/><F131/><T65/><D52/><U83/><E71/><V70/><F70/><T115/><D115/><U91/><E101/><V85/><F133/><T117/><D117/><U104/><E104/><V132/><F132/><T97/><D64/><U108/><E108/><V124/><F124/><T73/><D73/><U36/><E36/><V67/><F75/><T128/><D128/><U77/><REACH who="1" step="1"/><E91/><REACH who="1" ten="101,340,599,0" step="2"/><V93/><F113/><T45/><D45/><U116/><E116/><V51/><F112/><T78/><D78/><U82/><E82/><V1/><F80/><T2/><D2/><U62/><E62/><V134/><F1/><T102/><D102/><U119/><E119/><V33/><F134/><T88/><D88/><U76/><E76/><V100/><F33/><T105/><D105/><U120/><N who="1" m="30752" /><U50/><E50/><V69/><F100/><T35/><D35/><U118/><E118/><V98/><F51/><T135/><D135/><U95/><E95/><V114/><F93/><T58/><AGARI ba="2,1" hai="58,60,65,72,74,97,103,106" m="47625,13834,31520" machi="58" ten="30,1500,0" yaku="18,1,52,1" doraHai="84" who="0" fromWho="0" sc="101,29,340,-7,599,-12,0,0" /><INIT seed="4,0,0,2,2,110" ten="130,333,587,0" oya="0" hai0="48,104,1,79,55,44,123,132,46,58,47,43,70" hai1="97,52,71,59,135,105,50,62,85,73,96,42,33" hai2="67,117,90,111,107,131,101,68,94,66,64,113,80" hai3=""/><T40/><N who="0" m="31520" /><T98/><D1/><U77/><E33/><V129/><F111/><T133/><D79/><U72/><E135/><N who="0" m="51785" /><D98/><U128/><E128/><N who="2" m="49227" /><F117/><T89/><D89/><U86/><E73/><V2/><F80/><T63/><D104/><U32/><E32/><V61/><F2/><T119/><D119/><U124/><E124/><V118/><F118/><T51/><D70/><U57/><E71/><V95/><F95/><T82/><D82/><U87/><E105/><V75/><F75/><T38/><D38/><U3/><E3/><V92/><F92/><T127/><D127/><U36/><E72/><V114/><F101/><T91/><D91/><U116/><E77/><V69/><F107/><T78/><D78/><U34/><E34/><V112/><F69/><T108/><D108/><U0/><E0/><V41/><F41/><AGARI ba="0,0" hai="40,41,43,44,46,47,48,51,55,58,63" m="51785,31520" machi="41" ten="30,11600,0" yaku="20,1,34,2,52,1" doraHai="110" who="0" fromWho="2" sc="130,116,333,0,587,-116,0,0" /><INIT seed="4,1,0,2,5,63" ten="246,333,471,0" oya="0" hai0="92,71,58,113,32,2,57,100,93,43,74,130,132" hai1="41,38,61,88,67,47,112,72,54,76,62,68,134" hai2="121,125,85,87,91,110,98,86,80,101,90,84,116" hai3=""/><T0/><D32/><U50/><E72/><V124/><N who="2" m="31008" /><V120/><N who="2" m="30752" /><V78/><F110/><T46/><D71/><U79/><E134/><V114/><F114/><T64/><D132/><U56/><E112/><V103/><F116/><T129/><D74/><U111/><E111/><V81/><F103/><T82/><D82/><U42/><E42/><V49/><F49/><T122/><N who="0" m="31264" /><T105/><D113/><U95/><E62/><V52/><F52/><T131/><D105/><U128/><E128/><N who="0" m="32769" /><T117/><DORA hai="119" /><D117/><U60/><E60/><V55/><F55/><T99/><D93/><U34/><E34/><V133/><F133/><T118/><D118/><U109/><E109/><V77/><F77/><T45/><D45/><U107/><E107/><V102/><F102/><T127/><D127/><N who="2" m="48714" /><F81/><T70/><D70/><U48/><REACH who="1" step="1"/><E48/><REACH who="1" ten="246,323,471,0" step="2"/><V96/><F96/><AGARI ba="1,1" hai="38,41,47,50,54,56,61,67,68,76,79,88,95,96" machi="96" ten="30,16000,3" yaku="1,1,2,1,7,1,24,2,52,1,54,1,53,1" doraHai="63,119" doraHaiUra="59,106" who="1" fromWho="2" sc="246,0,323,172,471,-162,0,0" /><INIT seed="5,0,0,0,5,82" ten="246,495,309,0" oya="1" hai0="128,3,86,64,72,108,93,110,43,60,2,122,81" hai1="125,0,78,90,94,114,70,62,34,89,33,112,46" hai2="61,39,66,113,59,67,41,50,53,116,73,84,91" hai3=""/><U105/><E0/><V131/><F73/><T99/><N who="0" m="31264" /><T69/><D128/><U109/><E105/><V49/><F116/><T76/><D43/><U118/><E118/><V55/><F131/><T57/><D69/><U54/><E125/><V38/><F113/><N who="1" m="43625" /><E78/><V74/><F74/><T47/><D47/><U124/><E124/><V121/><N who="2" m="31008" /><V97/><F97/><T77/><D77/><U101/><E101/><V106/><F106/><T63/><D72/><U123/><N who="1" m="31520" /><U40/><E109/><V68/><F84/><T85/><D108/><U32/><E94/><V119/><F91/><T79/><D110/><U117/><E117/><V115/><F115/><T100/><D63/><U120/><N who="1" m="30752" /><U44/><E44/><V71/><F119/><T130/><D130/><U92/><E92/><V37/><F41/><T45/><D45/><U129/><E129/><V104/><F104/><T107/><D107/><U87/><E40/><V103/><F103/><T133/><D133/><U80/><E33/><V127/><F127/><T135/><D135/><U88/><E32/><V75/><F75/><T111/><D111/><U126/><E34/><V83/><F83/><AGARI ba="0,0" hai="2,3,57,60,64,76,79,81,83,85,86,93,99,100" m="31264" machi="83" ten="40,8000,1" yaku="9,1,52,3" doraHai="82" who="0" fromWho="2" sc="246,80,495,0,309,-80,0,0" /><INIT seed="6,0,0,5,2,93" ten="326,495,229,0" oya="2" hai0="43,50,107,1,129,81,57,58,74,111,45,64,76" hai1="131,94,102,53,63,117,77,90,51,75,113,52,54" hai2="104,135,71,40,36,72,39,69,32,133,0,112,49" hai3=""/><V47/><F32/><T127/><D111/><U37/><E37/><N who="2" m="14411" /><F0/><T125/><D1/><U100/><E131/><V48/><F104/><T98/><D129/><U80/><E113/><V78/><F72/><T106/><D64/><U34/><E34/><V82/><F78/><T118/><D118/><U109/><E109/><V55/><F82/><T91/><D107/><U99/><E117/><V85/><F85/><T68/><D68/><N who="2" m="26186" /><F112/><T132/><D132/><N who="2" m="50762" /><F49/><T108/><D108/><U88/><E51/><V116/><F116/><T119/><D119/><U67/><E90/><V46/><F46/><T60/><D106/><U38/><E38/><V66/><F66/><T124/><D60/><U120/><N who="1" m="30752" /><U87/><E75/><V122/><N who="2" m="31264" /><V130/><F130/><T128/><D128/><U35/><E35/><V126/><F126/><T97/><D91/><U123/><N who="1" m="31520" /><U62/><E67/><V103/><F103/><AGARI ba="0,0" hai="52,53,54,62,63,77,80,87,88,94,99,100,102,103" m="31520,30752" machi="103" ten="40,12000,2" yaku="8,1,52,3,54,2" doraHai="93" who="1" fromWho="2" sc="326,0,495,120,229,-120,0,0" owari="326,-7.0,615,56.0,109,-49.0,0,0.0" /></mjloggm>