<mjloggm ver="2.3"><GO type="169" lobby="0"/><UN n0="%43%46%54%4B%5F%41%47" n1="%E3%82%82%E3%81%BF%E3%81%95%E3%81%92" n2="%E7%B7%91%E3%81%AE%E3%83%A9%E3%83%B3%E3%83%97" n3="%45%75%6D%65%6E%65%73" dan="17,16,16,17" rate="2123.48,2122.05,2075.69,2194.71" sx="M,M,M,M"/><TAIKYOKU oya="0"/><INIT seed="0,0,0,1,0,52" ten="250,250,250,250" oya="0" hai0="20,47,79,130,55,0,121,27,95,53,58,101,50" hai1="30,125,97,88,12,108,61,31,64,80,85,116,2" hai2="37,65,6,36,106,42,129,46,66,81,75,71,7" hai3="68,49,13,73,70,56,60,10,102,17,123,14,91"/><T67/><D130/><U35/><E116/><V74/><F106/><W93/><G123/><T5/><D121/><U48/><E2/><V98/><F129/><W105/><G73/><T1/><D79/><U96/><E108/><V41/><F98/><W120/><G120/><T89/><D5/><U115/><E125/><V11/><F71/><W32/><G32/><T86/><D67/><U126/><E115/><V104/><F104/><W132/><G132/><T82/><D101/><U44/><E12/><V16/><F81/><W4/><G105/><T59/><D82/><U133/><E133/><V23/><F66/><W114/><G49/><T9/><D9/><U78/><E126/><V100/><F65/><W83/><G102/><T29/><REACH who="0" step="1"/><D47/><REACH who="0" ten="240,250,250,250" step="2"/><U43/><E35/><V3/><F100/><W135/><G135/><T22/><D22/><U34/><E34/><V51/><F7/><W25/><G83/><T109/><D109/><U99/><REACH who="1" step="1"/><E78/><REACH who="1" ten="240,240,250,250" step="2"/><V113/><F113/><W28/><G114/><T103/><D103/><U38/><E38/><V8/><F37/><W76/><G76/><T33/><D33/><U112/><E112/><V119/><F36/><W40/><G4/><T94/><D94/><U131/><E131/><V63/><F75/><W54/><G93/><T122/><D122/><U15/><E15/><V26/><F74/><W128/><G13/><T117/><D117/><U18/><E18/><V110/><F6/><W87/><G128/><T84/><D84/><U127/><E127/><V118/><F118/><W77/><G87/><T39/><D39/><U69/><AGARI ba="0,2" hai="30,31,43,44,48,61,64,69,80,85,88,96,97,99" machi="69" ten="30,7900,0" yaku="1,1,5,1,0,1,54,1,53,0" doraHai="52" doraHaiUra="107" who="1" fromWho="1" sc="240,-39,240,99,250,-20,250,-20" /><INIT seed="1,0,0,3,4,121" ten="201,339,230,230" oya="1" hai0="82,32,122,7,102,77,35,18,117,24,12,23,29" hai1="72,47,130,20,129,126,68,70,98,26,21,116,60" hai2="42,41,15,112,83,86,134,113,1,16,119,62,46" hai3="104,85,81,6,48,92,84,34,128,65,38,57,13"/><U132/><E72/><V3/><F119/><W39/><G34/><T74/><D122/><U95/><E116/><V118/><F118/><W97/><G104/><T133/><D117/><U9/><E126/><V0/><F62/><W106/><G106/><T22/><D133/><U101/><E132/><V127/><F127/><W76/><G128/><N who="1" m="49258" /><E60/><V53/><F53/><W66/><G39/><T115/><D115/><N who="2" m="44106" /><F46/><W45/><G38/><T108/><D108/><U67/><E67/><V43/><F134/><W109/><G85/><T17/><D102/><U55/><E9/><N who="2" m="6255" /><F43/><W69/><G69/><N who="1" m="26730" /><E26/><V33/><F33/><W73/><G66/><T8/><REACH who="0" step="1"/><D18/><REACH who="0" ten="191,339,230,230" step="2"/><U56/><E101/><V114/><F114/><W2/><G109/><T14/><AGARI ba="0,1" hai="7,8,12,14,17,22,23,24,29,32,35,74,77,82" machi="14" ten="20,5200,0" yaku="1,1,2,1,0,1,7,1,53,0" doraHai="121" doraHaiUra="54" who="0" fromWho="0" sc="191,62,339,-26,230,-13,230,-13" /><INIT seed="2,0,0,1,5,52" ten="253,313,217,217" oya="2" hai0="70,72,19,122,108,58,74,88,97,135,134,126,63" hai1="38,123,76,84,29,65,109,113,53,10,21,23,60" hai2="30,44,64,2,26,110,99,68,86,91,16,35,116" hai3="6,67,102,89,27,20,92,90,83,32,37,51,130"/><V79/><F116/><W40/><G130/><T115/><D122/><U0/><E113/><V77/><F2/><W66/><G32/><T7/><D70/><U24/><E38/><V128/><F128/><W119/><G37/><T69/><D69/><U57/><E109/><V95/><F44/><W50/><G6/><T3/><D115/><U49/><E123/><V107/><F110/><W1/><G1/><T25/><D126/><U5/><E84/><V87/><F87/><N who="3" m="50431" /><G102/><T48/><D48/><N who="3" m="18473" /><G40/><T104/><D104/><U15/><E76/><V33/><F33/><W34/><G34/><T96/><D7/><U39/><E39/><V54/><F54/><W93/><G119/><T4/><D4/><U132/><E132/><N who="0" m="50729" /><D3/><U114/><E114/><V17/><F79/><W80/><G80/><T28/><D97/><U12/><REACH who="1" step="1"/><E23/><REACH who="1" ten="253,303,217,217" step="2"/><V131/><F77/><W46/><G46/><AGARI ba="0,1" hai="0,5,10,12,15,21,24,29,46,49,53,57,60,65" machi="46" ten="30,8000,1" yaku="1,1,2,1,7,1,52,1,53,1" doraHai="52" doraHaiUra="56" who="1" fromWho="3" sc="253,0,303,90,217,0,217,-80" /><INIT seed="3,0,0,2,1,71" ten="253,393,217,137" oya="3" hai0="43,52,69,60,132,87,88,95,105,108,56,9,78" hai1="113,27,93,28,72,116,10,89,61,38,12,106,130" hai2="127,26,25,117,111,23,97,48,62,70,8,13,126" hai3="114,96,42,54,80,41,94,85,15,110,18,46,53"/><W7/><G114/><T45/><D108/><U75/><E106/><V19/><F117/><W55/><G110/><T1/><D132/><U32/><E130/><V82/><F111/><W83/><G7/><T86/><D105/><U118/><E113/><V17/><F48/><W115/><G115/><T39/><D69/><U123/><E61/><V77/><F97/><W59/><G59/><T57/><D78/><U73/><E123/><V47/><F47/><W120/><G120/><T125/><D125/><U98/><REACH who="1" step="1"/><E38/><REACH who="1" ten="253,383,217,137" step="2"/><V119/><F127/><W66/><G66/><T20/><D39/><U14/><E14/><V112/><F112/><W104/><G104/><T3/><D3/><U11/><E11/><V22/><F126/><W91/><G46/><T16/><D9/><U6/><AGARI ba="0,1" hai="6,10,12,27,28,32,72,73,75,89,93,98,116,118" machi="6" ten="40,2700,0" yaku="1,1,0,1,53,0" doraHai="71" doraHaiUra="100" who="1" fromWho="1" sc="253,-7,383,37,217,-7,137,-13" /><INIT seed="4,0,0,4,0,55" ten="246,420,210,124" oya="0" hai0="2,100,91,20,11,68,134,16,59,87,110,30,98" hai1="62,36,120,7,81,52,60,4,22,37,90,13,65" hai2="32,105,40,71,23,89,127,129,56,39,28,8,123" hai3="51,128,19,61,34,82,54,88,48,6,33,109,126"/><T53/><D134/><U103/><E103/><V49/><F23/><W42/><G109/><T130/><D130/><U46/><E120/><V96/><F123/><W10/><G128/><T99/><D68/><U83/><E22/><V125/><F8/><W86/><G126/><T102/><D30/><U66/><E46/><N who="2" m="23839" /><F28/><W107/><G107/><T63/><D2/><U85/><E13/><V17/><F17/><W15/><G6/><T93/><D11/><U94/><E94/><V131/><F89/><W135/><G135/><T50/><D110/><U79/><E90/><V1/><F1/><W80/><G80/><T45/><D87/><U78/><E85/><V38/><F32/><W119/><G119/><T113/><D99/><U124/><E52/><N who="2" m="31759" /><F71/><W44/><REACH who="3" step="1"/><G61/><REACH who="3" ten="246,420,210,114" step="2"/><T3/><D3/><U106/><E106/><V72/><F131/><W67/><G67/><N who="0" m="39423" /><D113/><U122/><E81/><V5/><F129/><W84/><G84/><T14/><AGARI ba="0,1" hai="14,16,20,45,50,53,91,93,98,100,102" m="39423" machi="14" ten="30,6000,0" yaku="8,1,52,1,54,1" doraHai="55" who="0" fromWho="0" sc="246,70,420,-20,210,-20,114,-20" /><INIT seed="4,1,0,0,4,85" ten="316,400,190,94" oya="0" hai0="28,62,95,105,87,88,113,51,66,44,20,22,21" hai1="5,24,30,47,100,107,11,58,72,79,132,134,54" hai2="110,90,34,133,31,93,8,84,52,42,63,23,74" hai3="91,49,25,101,115,48,80,1,16,69,60,108,17"/><T37/><D105/><U86/><E72/><V41/><F74/><W130/><G108/><T61/><D37/><U9/><E47/><V26/><F110/><W3/><G115/><T59/><D113/><U75/><E75/><V126/><F126/><W6/><G130/><T83/><D62/><U106/><E100/><V129/><F133/><N who="1" m="51305" /><E11/><V68/><F129/><W57/><G101/><T53/><REACH who="0" step="1"/><D83/><REACH who="0" ten="306,400,190,94" step="2"/><N who="1" m="47487" /><E107/><V116/><F116/><W18/><G80/><T94/><D94/><U121/><E106/><V33/><F8/><W77/><G60/><T112/><D112/><U7/><E9/><V40/><REACH who="2" step="1"/><F68/><REACH who="2" ten="306,400,180,94" step="2"/><W46/><G69/><T123/><D123/><U104/><E121/><V50/><F50/><W122/><G49/><T2/><D2/><U114/><E114/><V27/><F27/><AGARI ba="1,2" hai="20,21,22,27,28,44,51,53,59,61,66,87,88,95" machi="27" ten="40,12000,1" yaku="1,1,8,1,52,1,54,1,53,0" doraHai="85" doraHaiUra="135" who="0" fromWho="2" sc="306,143,400,0,180,-123,94,0" /><INIT seed="4,2,0,3,0,20" ten="449,400,57,94" oya="0" hai0="85,81,60,38,2,40,119,73,79,107,61,53,89" hai1="27,26,100,116,96,109,41,92,25,49,43,9,87" hai2="106,110,132,122,111,74,36,133,123,3,52,78,14" hai3="32,8,56,28,86,84,75,11,67,7,18,33,130"/><T105/><D119/><U108/><E116/><V114/><F36/><W126/><G75/><T72/><D2/><U117/><E117/><V70/><F3/><W0/><G126/><T127/><D72/><U5/><E87/><V13/><F70/><W135/><G135/><N who="2" m="51785" /><F78/><W23/><G130/><T129/><D127/><U134/><E134/><V55/><F74/><W80/><G11/><T103/><D129/><U77/><E77/><V113/><F106/><W115/><G115/><N who="2" m="44041" /><F13/><W63/><G28/><T51/><D107/><U95/><E95/><V88/><F88/><W66/><G86/><T128/><D128/><U31/><E31/><V69/><F14/><W118/><G118/><T10/><D38/><U21/><E21/><V62/><F69/><W45/><G33/><T112/><D10/><U121/><E121/><N who="2" m="46091" /><F62/><W46/><G32/><T101/><D105/><U82/><E82/><V50/><F55/><W57/><G67/><T1/><D1/><U131/><E131/><V48/><F50/><W47/><G84/><T16/><D112/><U39/><E39/><V71/><F71/><W15/><G80/><N who="0" m="49319" /><D53/><U34/><E34/><V98/><F98/><W35/><G35/><T6/><D61/><U22/><E22/><V29/><F29/><W65/><G65/><T124/><D60/><U64/><E64/><V93/><F93/><W90/><G90/><T120/><D120/><U97/><E97/><V83/><F83/><W12/><G0/><T37/><D81/><U24/><N who="1" m="6144" /><DORA hai="91" /><U19/><E49/><V104/><F104/><W76/><G76/><T99/><D79/><RYUUKYOKU ba="2,0" sc="449,-15,400,-15,57,15,94,15" hai2="48,52,110,111" hai3="7,8,12,15,18,23,45,46,47,56,57,63,66" /><INIT seed="5,3,0,0,0,83" ten="434,385,72,109" oya="1" hai0="107,108,117,52,29,37,75,41,118,103,64,130,3" hai1="36,127,10,123,74,62,87,70,133,43,21,78,115" hai2="9,135,47,28,128,110,54,86,26,40,59,129,79" hai3="113,44,11,90,126,61,56,51,46,77,49,98,1"/><U114/><E123/><V7/><F110/><W116/><G113/><N who="1" m="43018" /><E74/><V106/><F106/><W32/><G32/><T69/><D108/><U125/><E133/><V6/><F135/><W112/><G112/><T97/><D75/><U16/><E10/><V132/><F132/><W120/><G120/><T20/><D130/><U80/><E43/><V14/><F6/><W91/><G126/><N who="1" m="48138" /><E36/><V18/><F18/><W95/><G11/><T93/><D41/><U12/><E62/><V73/><F73/><W121/><G1/><T42/><D42/><U5/><E5/><V17/><F17/><W81/><G121/><T48/><D37/><U57/><E57/><V122/><F122/><W13/><G56/><N who="0" m="32775" /><D3/><U27/><E12/><V124/><F124/><W67/><G13/><T96/><D69/><AGARI ba="3,0" hai="16,21,27,69,70,78,80,87" m="48138,43018" machi="69" ten="30,11600,0" yaku="15,1,18,1,52,1,54,1" doraHai="83" who="1" fromWho="0" sc="434,-125,385,125,72,0,109,0" /><INIT seed="5,4,0,2,5,26" ten="309,510,72,109" oya="1" hai0="132,16,33,101,110,93,51,72,58,63,47,120,121" hai1="69,30,53,73,82,108,9,62,35,68,114,13,55" hai2="116,65,8,107,17,66,94,7,29,131,77,60,32" hai3="38,64,117,91,134,90,31,48,44,12,11,81,99"/><U37/><E114/><V106/><F116/><W67/><G134/><T85/><D72/><U3/><E3/><V115/><F131/><W112/><G38/><T61/><D110/><U50/><E37/><V111/><F111/><W133/><G112/><T24/><D132/><U43/><E43/><V49/><F77/><W59/><G133/><T4/><D4/><U127/><E108/><V22/><F49/><W23/><G117/><T74/><D74/><U0/><E0/><V92/><F66/><W10/><G59/><T123/><D58/><U52/><E127/><V105/><F115/><W102/><G10/><T56/><D56/><U100/><E100/><V122/><F65/><W83/><G83/><T20/><D33/><U39/><E39/><V54/><F54/><W25/><G91/><T2/><D2/><U86/><E73/><V98/><F60/><W46/><G46/><T76/><D76/><U41/><E62/><V80/><F80/><W75/><G75/><T87/><D87/><U14/><E41/><V70/><F70/><W84/><G102/><T6/><D6/><U96/><E50/><V104/><F98/><W27/><G99/><N who="0" m="59631" /><D85/><U103/><E86/><V88/><F122/><W36/><G36/><T40/><AGARI ba="4,0" hai="16,20,24,40,47,51,61,63,120,121,123" m="59631" machi="40" ten="30,2000,0" yaku="13,1,54,1" doraHai="26" who="0" fromWho="0" sc="309,32,510,-14,72,-9,109,-9" /><INIT seed="6,0,0,2,5,133" ten="341,496,63,100" oya="2" hai0="57,0,17,18,115,12,90,44,40,101,65,41,8" hai1="60,64,82,89,92,96,114,34,29,106,13,120,131" hai2="38,132,67,54,10,27,9,6,124,16,123,63,2" hai3="68,36,102,59,70,122,130,119,83,66,31,111,128"/><V121/><F132/><W84/><G111/><T99/><D0/><U79/><E114/><V87/><F38/><W105/><G119/><T14/><D115/><U11/><E131/><N who="3" m="50218" /><G122/><T126/><D126/><U85/><E120/><V107/><F107/><W50/><G36/><T134/><D134/><U51/><E51/><V46/><F87/><W109/><G109/><T93/><D44/><U32/><E29/><V39/><F124/><W19/><G31/><T3/><D3/><U52/><E106/><V69/><F54/><N who="3" m="32215" /><G66/><T74/><D74/><U21/><E21/><V75/><F75/><W48/><G19/><T5/><D5/><U91/><E79/><V1/><F27/><W15/><G15/><T104/><D57/><U116/><E116/><V86/><F86/><W20/><G20/><T117/><D65/><U62/><E62/><V37/><F37/><W25/><G25/><T81/><D117/><U103/><E103/><V7/><REACH who="2" step="1"/><F16/><REACH who="2" ten="341,496,53,100" step="2"/><W49/><G49/><T23/><D104/><U110/><E110/><V22/><F22/><W43/><G48/><T95/><D81/><U53/><E53/><V118/><F118/><W72/><G72/><T55/><D23/><U113/><E52/><V45/><F45/><W71/><G43/><AGARI ba="0,1" hai="1,2,6,7,9,10,39,43,46,63,67,69,121,123" machi="43" ten="40,12000,1" yaku="1,1,9,1,23,2,53,0" doraHai="133" doraHaiUra="80" who="2" fromWho="3" sc="341,0,496,0,53,130,100,-120" owari="341,14.0,496,60.0,183,-22.0,-20,-52.0" /></mjloggm>