<mjloggm ver="2.3"><GO type="169" lobby="0"/><UN n0="%E3%81%B2%E3%81%AA%E3%81%B3%E3%81%9F%E3%82%AD%E3%83%8E%E3%82%B3" n1="%E4%BD%8E%E3%82%81%E3%82%B9%E3%83%A9%E3%82%A4%E3%83%80%E3%83%BC" n2="%6B%5F%6D%5F%62" n3="%E5%B0%8F%E6%B1%A0%E7%BE%8E%E6%B3%A2%E2%8A%BF" dan="16,16,16,16" rate="2085.92,2139.32,2139.63,2095.23" sx="M,F,M,F"/><TAIKYOKU oya="0"/><INIT seed="0,0,0,2,1,19" ten="250,250,250,250" oya="0" hai0="77,51,22,133,109,94,87,92,9,27,33,62,46" hai1="86,95,40,121,96,130,41,26,134,113,31,15,135" hai2="32,49,50,115,13,88,104,18,68,14,64,43,97" hai3="123,90,119,129,59,73,116,16,57,117,67,47,11"/><T35/><D133/><N who="1" m="50699" /><E121/><V1/><F115/><W85/><G73/><T103/><D109/><U29/><E130/><V38/><F1/><W56/><G129/><T84/><D33/><U101/><E113/><V65/><F32/><W39/><G123/><T72/><D35/><N who="1" m="20919" /><E31/><V106/><F38/><W42/><G67/><N who="2" m="25673" /><F68/><W8/><REACH who="3" step="1"/><G16/><REACH who="3" ten="250,250,250,240" step="2"/><T83/><D72/><U10/><E86/><V74/><F74/><W61/><G61/><T98/><D62/><U58/><E58/><V76/><F76/><W124/><G124/><T78/><D9/><U75/><E75/><V45/><F18/><AGARI ba="0,1" hai="10,15,18,40,41,95,96,101" m="20919,50699" machi="18" ten="30,1000,0" yaku="20,1" doraHai="19" who="1" fromWho="2" sc="250,0,250,20,250,-10,240,0" /><INIT seed="1,0,0,5,0,31" ten="250,270,240,240" oya="1" hai0="76,62,26,130,84,25,7,22,103,21,40,43,51" hai1="133,46,44,115,61,53,120,135,18,108,98,20,105" hai2="113,27,15,4,49,35,109,8,37,116,79,100,96" hai3="42,23,87,92,88,3,52,104,36,75,64,60,69"/><U110/><E120/><V128/><F109/><N who="1" m="42089" /><E115/><V111/><F111/><W65/><G104/><T55/><D130/><U132/><E105/><V126/><F116/><W101/><G75/><T10/><D62/><U29/><E29/><V102/><F126/><W47/><G3/><T90/><D76/><U30/><E30/><V93/><F128/><W28/><G101/><T54/><D103/><U106/><E61/><V14/><F37/><W85/><G65/><T119/><D26/><N who="1" m="14615" /><E53/><V89/><F113/><W134/><G134/><T122/><D54/><U19/><E19/><V77/><F100/><AGARI ba="0,0" hai="44,46,98,100,106,132,133,135" m="14615,42089" machi="100" ten="40,7700,0" yaku="20,1,14,1,10,1" doraHai="31" who="1" fromWho="2" sc="250,0,270,77,240,-77,240,0" /><INIT seed="1,1,0,4,4,101" ten="250,347,163,240" oya="1" hai0="20,22,111,39,94,41,112,71,31,10,96,19,113" hai1="100,72,53,81,29,12,89,56,129,79,86,18,38" hai2="122,82,15,42,93,70,108,75,50,130,87,135,48" hai3="116,57,104,2,34,11,118,64,132,123,78,65,32"/><U97/><E38/><V3/><F122/><W121/><G78/><T1/><D71/><U33/><E129/><V17/><F108/><W37/><G37/><T73/><D73/><U43/><E43/><V16/><F130/><W9/><G57/><T95/><D111/><U114/><E29/><V35/><F135/><W91/><G2/><T8/><D39/><U134/><E33/><V103/><F3/><W23/><G91/><T40/><D1/><U55/><E114/><V30/><F70/><W68/><G68/><T4/><D96/><U115/><E115/><V84/><F75/><W88/><G88/><T85/><D19/><U60/><E134/><V49/><F42/><W131/><G131/><T63/><D63/><U6/><E6/><V109/><F109/><W21/><REACH who="3" step="1"/><G132/><REACH who="3" ten="250,347,163,230" step="2"/><T52/><D112/><U128/><E128/><V61/><F61/><W5/><G5/><T80/><D4/><U59/><E59/><V74/><F74/><W46/><G46/><T77/><D77/><U126/><E56/><V47/><F47/><W66/><G66/><T133/><D113/><U58/><E58/><V99/><F15/><W98/><G98/><T106/><D133/><U0/><E0/><V125/><F125/><W119/><G119/><T13/><D13/><U127/><E60/><V76/><REACH who="2" step="1"/><F87/><REACH who="2" ten="250,347,153,230" step="2"/><W28/><G28/><T117/><D85/><U36/><E127/><V83/><F83/><W44/><G44/><T102/><D31/><U27/><E126/><V51/><N who="2" m="12288" /><DORA hai="90" /><V124/><F124/><W25/><G25/><AGARI ba="1,2" hai="16,17,25,30,35,76,82,84,93,99,103" m="12288" machi="25" ten="50,6400,0" yaku="1,1,52,1,54,1,53,0" doraHai="101,90" doraHaiUra="62,67" who="2" fromWho="3" sc="250,0,347,0,153,87,230,-67" /><INIT seed="2,0,0,5,4,16" ten="250,347,240,163" oya="2" hai0="49,123,81,4,118,14,51,18,38,46,97,78,129" hai1="0,56,126,79,2,11,13,28,66,43,6,7,76" hai2="106,115,67,130,117,92,59,114,25,52,42,73,87" hai3="55,34,131,33,88,40,32,111,93,109,110,103,70"/><V62/><F117/><W24/><G70/><T112/><D123/><U23/><E43/><V44/><F106/><W21/><G40/><T35/><D118/><U133/><E126/><V135/><F130/><W31/><G131/><T86/><D129/><U108/><E108/><V72/><F135/><W116/><G55/><T27/><D112/><U91/><E133/><V134/><F134/><W8/><G116/><T1/><D38/><U98/><E2/><V77/><F67/><W85/><G8/><T121/><D121/><U100/><E6/><V122/><F122/><W105/><G105/><T119/><D119/><U89/><E79/><V127/><F127/><W64/><REACH who="3" step="1"/><G103/><REACH who="3" ten="250,347,240,153" step="2"/><T29/><D46/><U63/><E100/><V50/><F114/><W113/><G113/><T84/><D49/><U60/><E11/><V80/><F115/><W71/><G71/><T125/><D51/><U57/><E66/><AGARI ba="0,1" hai="21,24,31,32,33,34,64,66,85,88,93,109,110,111" machi="66" ten="50,8000,1" yaku="1,1,14,1,52,1,54,1,53,0" doraHai="16" doraHaiUra="48" who="3" fromWho="1" sc="250,0,347,-80,240,0,153,90" /><INIT seed="3,0,0,4,5,47" ten="250,267,240,243" oya="3" hai0="0,56,69,121,38,129,9,2,4,20,17,63,80" hai1="124,91,51,130,27,135,55,46,41,93,45,11,114" hai2="32,81,48,112,70,29,59,115,126,104,94,52,66" hai3="119,72,97,23,83,79,26,85,71,22,1,123,43"/><W39/><G119/><T36/><D121/><U18/><E114/><V54/><F104/><W134/><G123/><T50/><D129/><U24/><E135/><V103/><F32/><W117/><G117/><T3/><D69/><U53/><E130/><V86/><F29/><W13/><G1/><T67/><D80/><U42/><E124/><V87/><F126/><W30/><G71/><T131/><D131/><U92/><E11/><V108/><F108/><W34/><G134/><T57/><D2/><U49/><E18/><V120/><F120/><W76/><G76/><T61/><D50/><U73/><E73/><V28/><F28/><W10/><G97/><T122/><D0/><U99/><E93/><V75/><F75/><W128/><G72/><T89/><D89/><U7/><E7/><V133/><F133/><W101/><G101/><T116/><D116/><U37/><E37/><V5/><F5/><W58/><G58/><T96/><D96/><U15/><E15/><V19/><F19/><W64/><G64/><T68/><D68/><U110/><E110/><V84/><F66/><W16/><REACH who="3" step="1"/><G128/><REACH who="3" ten="250,267,240,233" step="2"/><T25/><D122/><U78/><E78/><N who="2" m="46135" /><F70/><W132/><G132/><T111/><D111/><U65/><E65/><AGARI ba="0,1" hai="3,4,9,17,20,25,36,38,56,57,61,63,65,67" machi="65" ten="30,2000,0" yaku="7,1,9,1" doraHai="47" who="0" fromWho="1" sc="250,30,267,-20,240,0,233,0" /><INIT seed="4,0,0,2,2,104" ten="280,247,240,233" oya="0" hai0="29,108,6,52,129,15,79,33,82,132,59,43,120" hai1="38,14,50,121,18,68,10,24,102,80,34,20,99" hai2="69,70,124,46,37,0,96,21,131,61,114,76,3" hai3="48,127,91,60,87,83,17,13,128,123,8,64,130"/><T5/><D120/><U16/><E121/><V71/><F114/><W67/><G123/><T11/><D132/><U36/><E68/><V90/><F124/><W7/><G127/><T62/><D129/><U42/><E34/><V100/><F131/><N who="3" m="50219" /><G48/><T40/><D108/><U55/><E80/><V49/><F90/><W35/><G35/><T103/><D103/><U56/><REACH who="1" step="1"/><E42/><REACH who="1" ten="280,237,240,233" step="2"/><V122/><F122/><W45/><G83/><T12/><D43/><U107/><AGARI ba="0,1" hai="10,14,16,18,20,24,36,38,50,55,56,99,102,107" machi="107" ten="20,8000,1" yaku="1,1,2,1,0,1,7,1,54,1,53,0" doraHai="104" doraHaiUra="125" who="1" fromWho="1" sc="280,-40,237,90,240,-20,233,-20" /><INIT seed="5,0,0,0,0,106" ten="240,327,220,213" oya="1" hai0="22,121,96,26,115,87,66,58,14,54,63,15,113" hai1="95,130,13,57,0,93,105,11,78,133,41,76,80" hai2="68,92,99,48,94,38,34,114,69,108,85,19,118" hai3="5,23,129,28,55,37,49,75,42,74,52,50,71"/><U127/><E105/><V47/><F108/><W82/><G71/><T32/><D32/><U36/><E133/><V104/><F118/><W1/><G129/><T20/><D121/><U111/><E111/><V135/><F135/><W126/><G37/><T132/><D132/><U81/><E130/><V103/><F38/><W70/><G70/><T46/><D87/><U72/><E127/><V8/><F34/><W97/><G42/><T122/><D122/><U2/><E57/><V10/><F114/><W33/><G33/><T24/><D96/><U98/><E98/><V128/><F128/><W44/><G82/><T83/><D83/><U27/><E27/><N who="0" m="10281" /><D113/><U53/><E53/><V86/><F104/><W40/><G23/><N who="0" m="8747" /><D115/><U17/><E41/><V56/><F69/><W4/><G28/><T29/><D29/><U131/><E36/><V43/><F68/><W88/><G126/><T12/><D46/><U112/><E112/><V101/><F56/><W25/><G25/><T100/><D100/><U45/><E45/><V30/><F30/><W125/><G125/><T89/><D89/><U116/><E116/><V51/><F99/><W91/><G40/><T35/><D35/><U134/><E134/><V77/><F47/><W6/><G1/><T84/><D84/><N who="1" m="48135" /><E131/><V9/><F43/><W119/><G119/><T31/><D31/><U120/><E120/><V73/><F77/><W64/><G97/><T59/><D59/><U62/><E62/><V18/><F10/><W61/><G61/><T65/><AGARI ba="0,0" hai="12,14,15,54,58,63,65,66" m="8747,10281" machi="65" ten="40,1500,0" yaku="8,1" doraHai="106" who="0" fromWho="0" sc="240,15,327,-7,220,-4,213,-4" /><INIT seed="6,0,0,2,1,121" ten="255,320,216,209" oya="2" hai0="99,50,29,21,2,126,76,71,86,19,100,25,82" hai1="0,47,88,72,38,98,92,69,6,106,7,53,12" hai2="66,94,109,89,83,14,17,34,74,20,107,73,5" hai3="80,79,114,62,90,131,41,37,101,85,97,125,67"/><V120/><F120/><W110/><G37/><T127/><D71/><U1/><E69/><V9/><F107/><W129/><G41/><T23/><D2/><U112/><E72/><V26/><F66/><W13/><G13/><T51/><D126/><U95/><E106/><V58/><F58/><W115/><G67/><T49/><D127/><U96/><E112/><N who="3" m="43050" /><G125/><T68/><D68/><U132/><E132/><V56/><F56/><W123/><G123/><T44/><D44/><U30/><E1/><V24/><F83/><N who="3" m="49471" /><G62/><T91/><D76/><U111/><E0/><V42/><F42/><W31/><G31/><T46/><D46/><U60/><E30/><V27/><F34/><W75/><G110/><T55/><D55/><U54/><E111/><V45/><F45/><W65/><G65/><T43/><D43/><U128/><E38/><V35/><F109/><W52/><G52/><T48/><D48/><U113/><E113/><V57/><F57/><W22/><G22/><T64/><D64/><U118/><E47/><V122/><F122/><W61/><G61/><T135/><D23/><U81/><E60/><V18/><F35/><W108/><G108/><T130/><D21/><U59/><E59/><V102/><F18/><W70/><G70/><T119/><D19/><U16/><E54/><V32/><F32/><W116/><G116/><T36/><D119/><U11/><E53/><V40/><F40/><W104/><AGARI ba="0,0" hai="75,79,80,97,101,104,129,131" m="49471,43050" machi="104" ten="30,7900,0" yaku="15,1,11,1,34,2" doraHai="121" who="3" fromWho="3" sc="255,-20,320,-20,216,-39,209,79" /><INIT seed="7,0,0,4,3,45" ten="235,300,177,288" oya="3" hai0="124,71,32,96,16,104,113,122,7,52,94,91,85" hai1="58,48,116,26,131,86,92,101,102,75,99,19,6" hai2="62,126,28,57,15,87,114,64,70,69,50,1,55" hai3="33,79,127,14,17,53,123,81,88,84,2,65,134"/><W90/><G123/><T3/><D122/><U13/><E75/><V111/><F1/><W67/><G2/><T49/><D71/><U34/><E131/><V27/><F111/><W25/><G134/><T112/><D32/><U40/><E116/><V59/><F114/><N who="0" m="44138" /><D124/><U4/><E86/><V38/><F38/><W11/><G127/><T117/><D117/><U119/><E119/><V23/><F126/><W12/><G33/><T42/><D42/><U105/><E105/><V103/><F103/><N who="1" m="39433" /><E26/><V78/><F15/><W47/><G25/><T125/><D125/><U108/><E34/><V89/><REACH who="2" step="1"/><F78/><REACH who="2" ten="235,300,167,288" step="2"/><W54/><G12/><T66/><D3/><U100/><E108/><V82/><AGARI ba="0,1" hai="23,27,28,50,55,57,59,62,64,69,70,82,87,89" machi="82" ten="20,8000,1" yaku="1,1,2,1,0,1,7,1,52,1,53,0" doraHai="45" doraHaiUra="133" who="2" fromWho="2" sc="235,-20,300,-20,167,90,288,-40" /><INIT seed="8,0,0,2,2,70" ten="215,280,257,248" oya="0" hai0="48,129,61,116,16,65,75,59,7,42,25,67,72" hai1="0,20,112,99,22,126,68,91,101,30,9,34,84" hai2="98,88,82,117,15,5,38,104,95,3,40,32,29" hai3="86,106,44,56,81,103,12,31,89,119,109,127,45"/><T96/><D116/><U133/><E68/><V125/><F125/><W4/><G109/><T131/><D7/><U87/><E126/><V57/><F117/><W27/><G127/><T97/><D67/><U18/><E112/><V111/><F111/><W23/><G119/><T110/><D110/><U19/><E133/><V13/><F104/><W122/><G122/><T60/><D60/><U71/><E71/><V92/><F57/><W17/><G106/><T46/><D96/><U121/><E121/><V123/><F123/><W58/><G103/><T63/><D63/><U102/><E34/><V62/><F62/><W108/><G4/><T90/><D90/><U114/><E30/><V55/><F55/><W107/><G107/><T39/><D97/><U54/><E0/><V76/><F95/><W74/><G74/><T85/><D85/><N who="1" m="32843" /><E54/><V47/><F29/><W115/><G115/><T28/><D16/><N who="1" m="6187" /><E9/><N who="2" m="2239" /><F32/><W10/><G108/><T8/><D8/><U73/><E73/><AGARI ba="0,0" hai="13,15,38,40,47,73,76,82,88,92,98" m="2239" machi="73" ten="30,3900,0" yaku="25,1,52,1,54,1" doraHai="70" who="2" fromWho="1" sc="215,0,280,-39,257,39,248,0" /><INIT seed="9,0,0,1,1,95" ten="215,241,296,248" oya="1" hai0="26,35,112,57,62,131,115,68,135,119,84,66,8" hai1="101,123,12,116,90,103,111,16,65,122,1,121,133" hai2="53,102,44,21,63,89,4,64,97,33,78,77,98" hai3="99,124,69,40,31,37,106,105,18,109,96,11,125"/><U127/><E1/><V20/><F33/><W43/><G69/><T117/><D135/><U81/><E133/><V58/><F4/><W91/><G31/><N who="0" m="19959" /><D8/><U28/><E28/><V25/><F89/><W13/><G109/><T118/><D131/><U6/><E6/><V52/><F21/><W85/><G106/><T110/><D110/><U88/><E111/><V114/><F114/><N who="0" m="43562" /><D84/><U92/><E65/><V19/><F64/><W126/><G105/><T38/><D38/><U46/><E46/><V59/><F44/><N who="3" m="23567" /><G43/><T48/><D48/><U10/><E127/><N who="3" m="32514" /><W24/><DORA hai="70" /><G24/><T104/><D104/><U47/><E47/><V75/><F75/><W108/><G108/><T80/><D80/><AGARI ba="0,0" hai="11,13,18,80,85,91,96,99" m="32514,23567" machi="80" ten="40,8000,1" yaku="18,1,52,3" doraHai="95,70" who="3" fromWho="0" sc="215,-80,241,0,296,0,248,80" owari="135,-36.0,241,-16.0,296,10.0,328,42.0" /></mjloggm>