<mjloggm ver="2.3"><GO type="169" lobby="0"/><UN n0="%E5%BC%B7%E6%89%93%E6%84%9B%E5%A5%BD%E5%AE%B6" n1="%64%75%72%72%72%72%72" n2="%E3%81%9F%E3%81%8B%E3%81%A3%E3%81%A6%E3%81%83%E3%83%BC" n3="%E5%A4%A7%E5%92%8C%E7%94%B0%E9%A0%AD%E5%8F%96" dan="16,18,17,18" rate="2147.34,2244.94,2217.56,2225.86" sx="M,M,F,M"/><TAIKYOKU oya="0"/><INIT seed="0,0,0,4,3,44" ten="250,250,250,250" oya="0" hai0="48,110,79,13,88,104,96,35,124,121,127,113,92" hai1="86,9,63,10,123,112,7,120,47,59,53,97,76" hai2="84,64,95,87,101,72,108,54,132,37,62,60,98" hai3="128,109,50,16,34,21,55,11,94,29,66,32,65"/><T24/><D113/><U67/><E112/><V38/><F72/><W28/><G109/><T31/><D121/><U135/><E135/><V27/><F108/><W83/><G128/><T74/><D110/><U91/><E76/><V85/><F132/><W130/><G130/><T39/><D39/><U1/><E97/><V115/><F115/><W73/><G11/><T49/><D104/><U30/><E30/><N who="3" m="11882" /><G73/><T61/><D61/><U129/><E129/><V15/><F27/><N who="3" m="14759" /><G32/><T12/><D79/><U0/><E47/><V68/><F15/><N who="0" m="5706" /><D74/><U25/><E67/><V56/><AGARI ba="0,0" hai="37,38,54,56,60,62,64,68,84,85,87,95,98,101" machi="56" ten="30,1100,0" yaku="0,1" doraHai="44" who="2" fromWho="2" sc="250,-5,250,-3,250,11,250,-3" /><INIT seed="1,0,0,1,0,127" ten="245,247,261,247" oya="1" hai0="107,113,62,124,1,114,34,25,8,53,88,80,110" hai1="12,46,58,134,92,123,49,81,135,90,26,30,97" hai2="65,63,117,36,131,0,15,38,17,130,28,85,67" hai3="72,23,104,111,21,57,33,20,112,132,37,98,126"/><U119/><E119/><V101/><F0/><W99/><G33/><T121/><D107/><U93/><E123/><V11/><F117/><W78/><G112/><T129/><D124/><U55/><E81/><V73/><F73/><W50/><G37/><T115/><D121/><U9/><E93/><V91/><F101/><W82/><G111/><T75/><D75/><U27/><E46/><V64/><F63/><W4/><G132/><T103/><D103/><U54/><E54/><V100/><F28/><W56/><G104/><T43/><D43/><U70/><E70/><V52/><F52/><W89/><G126/><T120/><D110/><U79/><E79/><V31/><F31/><W45/><G4/><T7/><D120/><U10/><E27/><V95/><REACH who="2" step="1"/><F100/><REACH who="2" ten="245,247,251,247" step="2"/><W68/><G72/><T48/><D62/><U122/><E122/><V76/><F76/><W32/><G78/><T44/><D113/><U24/><E30/><V116/><F116/><W35/><G35/><T86/><D34/><U105/><E105/><V118/><F118/><W41/><G32/><T125/><D125/><U47/><E47/><V29/><F29/><W109/><G109/><T96/><D114/><U3/><E134/><V18/><F18/><W2/><G2/><T77/><D115/><U84/><E135/><V128/><AGARI ba="0,1" hai="11,15,17,36,38,64,65,67,85,91,95,128,130,131" machi="128" ten="40,12000,2" yaku="1,1,0,1,19,1,52,3,53,0" doraHai="127" doraHaiUra="42" who="2" fromWho="2" sc="245,-30,247,-60,251,130,247,-30" /><INIT seed="2,0,0,2,2,91" ten="215,187,381,217" oya="2" hai0="103,63,89,25,10,50,24,87,129,111,58,17,83" hai1="121,118,102,32,2,59,113,114,30,61,19,35,101" hai2="123,112,95,51,47,3,42,33,21,128,98,38,110" hai3="66,88,53,49,55,125,86,65,126,57,16,67,9"/><V27/><F112/><W4/><G55/><T117/><D117/><U13/><E2/><V122/><F3/><W73/><G73/><T135/><D135/><U11/><E118/><V100/><F33/><W56/><G56/><T107/><D129/><U43/><E43/><V40/><F128/><W104/><G104/><T109/><D50/><U6/><E19/><V115/><F115/><W69/><G69/><T68/><D68/><U78/><E78/><V48/><F110/><N who="0" m="41994" /><D103/><U108/><E108/><V99/><F99/><W36/><G36/><T74/><D107/><U20/><E20/><V116/><F116/><W18/><G4/><T7/><D17/><U130/><E130/><V84/><F84/><W60/><G49/><T62/><D62/><U52/><E121/><V14/><F14/><W97/><G97/><T45/><D45/><U79/><E114/><V106/><F106/><W34/><G34/><T90/><D89/><U12/><E113/><V37/><F51/><W46/><G46/><T85/><D85/><U131/><E12/><V124/><F124/><N who="3" m="47723" /><G9/><T92/><D83/><AGARI ba="0,0" hai="16,18,53,57,60,65,66,67,83,86,88" m="47723" machi="83" ten="30,3900,0" yaku="18,1,54,2" doraHai="91" who="3" fromWho="0" sc="215,-39,187,0,381,0,217,39" /><INIT seed="3,0,0,3,4,131" ten="176,187,381,256" oya="3" hai0="82,102,98,35,7,20,53,60,104,27,38,114,109" hai1="8,73,15,56,123,34,90,122,57,106,95,19,24" hai2="47,75,130,4,46,77,84,94,117,91,48,110,80" hai3="100,71,120,133,55,23,103,58,52,13,105,17,40"/><W37/><G120/><T93/><D38/><U6/><E106/><V31/><F117/><W125/><G125/><T88/><D109/><U86/><E73/><V67/><F110/><W9/><G71/><T74/><D35/><U25/><E25/><V1/><F130/><W16/><G133/><T5/><D114/><U85/><E56/><V72/><F31/><W64/><G105/><T112/><D112/><U96/><E85/><V54/><F67/><W78/><G78/><T44/><D74/><U50/><E86/><V3/><F72/><W115/><G115/><T92/><D82/><U127/><E127/><V111/><F111/><W36/><G36/><T83/><D83/><U97/><E97/><V32/><F32/><W119/><G40/><T81/><D81/><U12/><E24/><V42/><F4/><W113/><G37/><AGARI ba="0,0" hai="1,3,37,42,46,47,48,54,75,77,80,84,91,94" machi="37" ten="30,1000,0" yaku="7,1" doraHai="131" who="2" fromWho="3" sc="176,0,187,0,381,10,256,-10" /><INIT seed="4,0,0,2,4,26" ten="176,187,391,246" oya="0" hai0="0,12,50,63,78,58,89,13,37,53,124,30,54" hai1="51,87,134,108,22,113,84,38,128,96,107,94,46" hai2="16,125,39,70,102,68,33,52,32,116,82,129,130" hai3="14,64,75,92,2,8,24,88,127,114,123,119,17"/><T55/><D37/><U18/><E108/><V85/><F39/><W122/><G119/><T93/><D0/><U36/><E107/><V35/><F116/><W106/><G75/><T91/><D124/><U31/><E38/><V44/><F102/><W67/><G106/><T43/><D78/><U115/><E36/><V57/><F44/><W10/><G114/><N who="1" m="43530" /><E134/><V99/><F99/><W60/><G24/><T103/><D43/><N who="1" m="25055" /><E128/><N who="2" m="49259" /><F16/><W98/><G127/><T5/><D30/><U1/><E1/><V41/><F41/><W100/><G2/><T86/><D103/><N who="1" m="60823" /><E31/><V47/><F47/><W101/><G101/><T62/><D62/><U20/><E20/><V19/><F19/><W25/><G100/><T28/><D28/><U105/><E105/><V133/><F133/><W79/><G17/><T42/><D5/><U126/><E126/><V65/><F65/><W23/><G64/><N who="0" m="39031" /><D91/><U6/><E6/><V111/><F125/><W110/><G67/><T112/><D112/><U11/><E11/><V109/><F109/><W81/><G110/><T15/><D42/><U95/><E95/><V71/><F111/><W83/><G122/><T61/><D61/><U56/><E56/><AGARI ba="0,0" hai="12,13,15,50,53,54,55,56,86,89,93" m="39031" machi="56" ten="30,1500,0" yaku="8,1" doraHai="26" who="0" fromWho="1" sc="176,15,187,-15,391,0,246,0" /><INIT seed="4,1,0,1,0,105" ten="191,172,391,246" oya="0" hai0="108,81,59,19,66,80,82,117,9,113,101,15,78" hai1="17,77,58,120,53,83,86,115,122,39,31,63,27" hai2="30,132,75,118,14,6,12,21,33,10,104,32,34" hai3="18,52,103,130,79,43,25,51,62,107,73,125,84"/><T1/><D117/><U61/><E39/><V126/><F104/><W46/><G125/><T85/><D113/><U109/><E109/><V49/><F75/><W100/><G107/><T102/><D1/><U11/><E115/><V90/><F126/><W112/><G73/><T106/><D108/><U44/><E44/><V123/><F123/><W110/><G130/><T29/><D29/><U88/><E17/><V96/><F132/><W41/><G110/><T95/><D106/><U129/><E129/><V99/><F118/><W65/><G112/><T64/><D64/><U0/><E63/><V127/><F127/><W56/><G84/><T67/><D67/><U47/><E47/><V119/><F119/><W57/><G79/><T5/><D5/><U76/><E76/><V55/><F90/><W70/><G70/><T24/><D24/><U48/><E61/><V89/><F89/><W116/><G116/><T133/><D133/><U8/><E77/><V74/><F74/><W71/><G71/><T114/><D114/><U13/><E0/><V4/><F30/><W68/><G68/><T28/><D28/><U20/><REACH who="1" step="1"/><E13/><REACH who="1" ten="191,162,391,246" step="2"/><V124/><F124/><W111/><G111/><T60/><D78/><U23/><E23/><V35/><F33/><W92/><G18/><T54/><D66/><U131/><E131/><V22/><F21/><W16/><G65/><T3/><D3/><U72/><E72/><V135/><F135/><W45/><G16/><T38/><D38/><U91/><E91/><AGARI ba="1,1" hai="9,15,19,54,59,60,80,81,82,85,91,95,101,102" machi="91" ten="40,2000,0" yaku="8,1" doraHai="105" who="0" fromWho="1" sc="191,33,162,-23,391,0,246,0" /><INIT seed="4,2,0,5,4,32" ten="224,139,391,246" oya="0" hai0="12,105,83,43,24,60,68,27,50,84,97,71,123" hai1="13,17,108,34,4,3,85,47,75,62,65,117,91" hai2="89,115,96,28,119,37,7,1,18,66,22,93,67" hai3="15,104,69,128,101,10,19,61,129,29,130,110,124"/><T55/><D123/><U41/><E75/><V48/><F37/><W42/><G110/><T122/><D122/><U63/><E108/><V26/><F115/><W98/><G124/><T113/><D113/><U57/><E34/><V30/><F119/><W106/><G29/><N who="2" m="11369" /><F1/><W33/><G33/><T132/><D43/><U118/><E63/><V125/><F125/><W6/><G42/><T14/><D105/><U8/><E17/><V21/><F7/><W92/><REACH who="3" step="1"/><G6/><REACH who="3" ten="224,139,391,236" step="2"/><T0/><D132/><U64/><E64/><AGARI ba="2,1" hai="10,15,19,61,64,69,92,98,101,104,106,128,129,130" machi="64" ten="40,5200,0" yaku="1,1,2,1,19,1,53,0" doraHai="32" doraHaiUra="76" who="3" fromWho="1" sc="224,0,139,-58,391,0,236,68" /><INIT seed="5,0,0,2,5,58" ten="224,81,391,304" oya="1" hai0="46,121,105,0,63,23,75,120,97,43,79,126,35" hai1="1,86,130,90,14,80,95,91,44,25,131,30,52" hai2="100,32,98,92,128,4,48,119,125,127,122,49,13" hai3="47,104,113,20,71,66,42,26,27,123,107,50,96"/><U89/><E1/><V16/><F119/><W45/><G123/><N who="0" m="47179" /><D35/><U36/><E36/><V8/><F122/><W108/><G108/><T9/><D126/><N who="2" m="48138" /><F32/><W103/><G113/><T72/><D23/><N who="1" m="15679" /><E95/><V114/><F128/><N who="1" m="49193" /><E14/><N who="2" m="5383" /><F114/><W12/><G104/><T129/><D129/><U65/><E65/><V83/><F83/><W124/><G124/><T3/><D3/><U67/><E67/><V39/><F39/><W82/><G82/><T19/><D0/><U134/><E134/><V70/><F70/><W60/><G12/><N who="0" m="7567" /><D79/><U18/><E18/><V11/><AGARI ba="0,0" hai="11,13,16,48,49,92,98,100" m="5383,48138" machi="11" ten="30,2000,0" yaku="18,1,54,1" doraHai="58" who="2" fromWho="2" sc="224,-5,81,-10,391,20,304,-5" /><INIT seed="6,0,0,5,1,126" ten="219,71,411,299" oya="2" hai0="58,71,132,76,78,115,128,77,26,93,38,116,59" hai1="64,112,106,114,123,2,13,92,133,118,82,24,90" hai2="1,85,69,12,22,70,122,73,108,40,97,52,86" hai3="88,9,55,63,37,20,72,46,109,67,56,10,111"/><V95/><F1/><W18/><G72/><T50/><D38/><U11/><E2/><V81/><F122/><W120/><G120/><T47/><D71/><U8/><E123/><V28/><F73/><W66/><G111/><T110/><D110/><U27/><E106/><V107/><F107/><W5/><G109/><T80/><D132/><U75/><E118/><V41/><F108/><W51/><G37/><T91/><D115/><U125/><E133/><V44/><F70/><W74/><G74/><T124/><D124/><U105/><E105/><V101/><F69/><W83/><G67/><T96/><D80/><U3/><E125/><V19/><F28/><W49/><G5/><T48/><D48/><U15/><E3/><V131/><F86/><N who="3" m="50271" /><G49/><T84/><D26/><AGARI ba="0,0" hai="9,10,18,20,26,46,51,55,56,63,66" m="50271" machi="26" ten="30,2000,0" yaku="8,1,54,1" doraHai="126" who="3" fromWho="0" sc="219,-20,71,0,411,0,299,20" /><INIT seed="7,0,0,3,0,4" ten="199,71,411,319" oya="3" hai0="10,19,51,1,0,127,54,70,69,112,13,135,117" hai1="126,102,64,80,29,52,53,98,86,23,131,97,37" hai2="132,84,26,124,73,3,90,109,14,106,5,38,43" hai3="20,40,107,24,99,105,113,100,59,11,44,12,28"/><W21/><G113/><T81/><D117/><U133/><E133/><V87/><F87/><W46/><G107/><T125/><D135/><U63/><E131/><V115/><F14/><W116/><G116/><T95/><D95/><U110/><E126/><V2/><F84/><W58/><G21/><T92/><D92/><U17/><E110/><V61/><F26/><W49/><REACH who="3" step="1"/><G46/><REACH who="3" ten="199,71,411,309" step="2"/><T101/><D112/><U34/><E37/><V68/><F106/><W35/><G35/><T74/><D69/><U72/><E34/><V111/><F68/><W31/><G31/><T120/><D70/><U39/><E39/><V104/><F104/><W45/><G45/><T118/><D118/><U48/><E72/><V41/><F73/><W77/><G77/><T123/><D74/><U42/><E29/><V134/><F38/><W62/><G62/><T75/><D75/><U6/><E6/><AGARI ba="0,1" hai="6,11,12,20,24,28,40,44,49,58,59,99,100,105" machi="6" ten="30,5800,0" yaku="1,1,7,1,52,1,53,0" doraHai="4" doraHaiUra="33" who="3" fromWho="1" sc="199,0,71,-58,411,0,309,68" /><INIT seed="7,1,0,2,2,48" ten="199,13,411,377" oya="3" hai0="62,2,64,130,84,39,132,91,15,107,112,0,51" hai1="90,78,44,32,79,110,5,88,41,122,19,101,22" hai2="120,30,28,80,108,1,99,29,115,121,133,95,7" hai3="73,14,61,123,56,127,52,75,100,13,53,109,111"/><W8/><BYE who="1" /><G123/><N who="2" m="47177" /><F108/><N who="3" m="41547" /><G127/><T43/><D132/><U34/><E34/><V71/><F133/><W89/><G100/><T4/><D130/><U10/><E10/><N who="2" m="2415" /><F115/><W17/><G89/><T24/><D107/><U59/><E59/><V135/><F135/><W54/><G14/><T97/><D112/><U103/><E103/><N who="2" m="60927" /><F71/><W49/><G49/><T37/><D37/><U124/><E124/><V33/><F80/><W66/><AGARI ba="1,0" hai="8,13,17,52,53,54,56,61,66,73,75" m="41547" machi="66" ten="30,12000,1" yaku="10,1,52,3,54,1" doraHai="48" who="3" fromWho="3" sc="199,-41,13,-41,411,-41,377,123" owari="158,-24.0,-28,-53.0,370,17.0,500,60.0" /></mjloggm>