<mjloggm ver="2.3"><GO type="169" lobby="0"/><UN n0="%E4%B8%BB%E5%B8%AD" n1="%74%63%61%30%30" n2="%E5%AE%9F%E5%AD%98" n3="%E5%BC%B7%E6%89%93%E6%84%9B%E5%A5%BD%E5%AE%B6" dan="16,16,17,16" rate="2118.69,2156.71,2189.37,2145.65" sx="M,M,M,M"/><TAIKYOKU oya="0"/><INIT seed="0,0,0,5,3,50" ten="250,250,250,250" oya="0" hai0="131,105,71,77,2,117,57,109,3,48,65,41,29" hai1="115,30,135,62,103,76,107,132,73,23,79,39,0" hai2="45,104,123,20,47,126,106,120,119,11,75,95,46" hai3="70,90,55,51,19,9,13,111,94,91,130,118,89"/><T114/><D117/><U129/><E0/><V102/><F75/><W98/><G70/><T87/><D114/><U134/><E39/><V35/><F35/><W4/><G118/><T36/><D105/><U67/><E115/><V127/><F119/><W33/><G33/><T61/><D29/><U22/><E129/><V84/><F11/><W80/><G130/><T40/><D131/><U74/><E103/><V133/><F20/><N who="1" m="7721" /><E107/><N who="2" m="41003" /><F102/><W44/><G111/><T110/><D77/><N who="1" m="29771" /><E30/><V100/><F100/><W31/><G31/><T93/><D2/><U68/><AGARI ba="0,0" hai="62,67,68,73,74,132,134,135" m="29771,7721" machi="68" ten="40,1500,0" yaku="20,1" doraHai="50" who="1" fromWho="1" sc="250,-7,250,15,250,-4,250,-4" /><INIT seed="1,0,0,5,3,124" ten="243,265,246,246" oya="1" hai0="17,63,80,95,113,115,30,83,74,71,35,46,57" hai1="81,84,132,108,8,47,90,112,31,29,56,9,130" hai2="62,107,28,2,11,3,109,104,15,120,16,102,119" hai3="98,10,89,37,51,33,66,134,76,75,32,110,42"/><U125/><E112/><V38/><F120/><W50/><G134/><T6/><D71/><U131/><E125/><V34/><F119/><W111/><G66/><T55/><D6/><U78/><E132/><V39/><F109/><N who="3" m="41483" /><G37/><T94/><D35/><N who="3" m="13385" /><G42/><T20/><D30/><N who="1" m="11275" /><E108/><V86/><F38/><W0/><G76/><T96/><D115/><U4/><E47/><V14/><F39/><W44/><G75/><T25/><D113/><U24/><E24/><V73/><F73/><W126/><G126/><T59/><D74/><U7/><E56/><V99/><F107/><W65/><G65/><N who="0" m="39151" /><D46/><U103/><E103/><V133/><F133/><W54/><G51/><N who="0" m="31231" /><D95/><U88/><E7/><V26/><F62/><W41/><G41/><T100/><AGARI ba="0,0" hai="17,20,25,80,83,94,96,100" m="31231,39151" machi="100" ten="30,1100,0" yaku="8,1" doraHai="124" who="0" fromWho="0" sc="243,11,265,-5,246,-3,246,-3" /><INIT seed="2,0,0,0,2,89" ten="254,260,243,243" oya="2" hai0="55,12,80,100,15,105,85,35,79,9,101,13,20" hai1="51,124,84,73,33,47,96,88,87,104,24,31,23" hai2="46,62,42,98,132,52,135,40,61,4,110,127,95" hai3="66,67,134,118,50,90,27,108,18,65,36,32,34"/><V56/><F127/><W70/><G36/><T54/><D35/><U45/><E73/><V103/><F110/><W6/><G118/><T75/><D75/><U60/><E124/><V120/><F120/><W64/><G108/><T121/><D121/><U83/><E60/><V122/><F122/><W126/><G126/><T116/><D116/><U0/><E0/><V19/><F4/><W99/><G6/><T76/><D76/><U115/><E115/><V102/><F102/><N who="0" m="39530" /><D105/><U25/><E104/><V131/><F131/><W68/><G134/><N who="2" m="51241" /><F19/><W123/><G123/><T7/><D20/><U112/><E112/><V69/><F46/><W81/><N who="3" m="16384" /><DORA hai="114" /><W111/><G111/><T41/><D41/><N who="2" m="15978" /><F62/><W71/><G50/><T1/><D1/><U14/><E51/><V8/><F8/><W43/><G43/><T109/><D109/><U125/><E125/><V97/><F97/><W28/><G34/><T106/><D106/><U92/><E96/><V129/><F129/><W10/><G10/><T39/><D39/><U38/><E38/><V74/><F74/><W58/><G18/><T91/><D7/><U48/><E48/><V59/><F59/><W63/><G58/><T77/><D9/><U107/><E107/><V17/><F17/><W130/><G130/><T133/><D133/><U29/><REACH who="1" step="1"/><E14/><REACH who="1" ten="254,250,243,243" step="2"/><V78/><F69/><W72/><G72/><T21/><D12/><U22/><E22/><V53/><F53/><N who="0" m="19978" /><D13/><U16/><E16/><AGARI ba="0,1" hai="15,16,21,77,79,80,85,91" m="19978,39530" machi="16" ten="30,2000,0" yaku="8,1,54,1" doraHai="89,114" who="0" fromWho="1" sc="254,30,250,-20,243,0,243,0" /><INIT seed="3,0,0,5,1,129" ten="284,230,243,243" oya="3" hai0="105,101,62,29,131,113,114,34,49,95,100,46,87" hai1="76,85,51,86,92,128,35,78,107,32,126,68,102" hai2="43,74,44,36,83,134,81,67,103,104,33,31,75" hai3="116,42,72,25,82,58,98,45,54,30,59,55,94"/><W26/><G116/><T88/><D131/><U79/><E128/><V24/><F81/><W135/><G72/><T106/><D62/><U122/><E68/><V96/><F83/><W120/><G120/><T80/><D29/><U57/><E122/><V22/><F22/><W56/><G82/><T28/><D28/><U118/><E118/><V16/><F16/><W66/><G66/><T125/><D34/><U84/><E126/><V12/><F12/><W130/><G130/><T48/><D125/><U121/><E121/><V123/><F123/><W119/><G119/><T20/><D20/><U10/><E107/><N who="0" m="40969" /><D48/><U11/><E51/><V5/><F5/><W61/><G61/><T52/><D80/><U4/><E57/><V110/><F67/><W39/><G26/><T0/><D0/><U60/><E60/><V89/><F74/><W71/><G71/><T97/><D97/><U53/><E53/><V8/><F75/><W14/><G14/><T63/><D63/><U41/><E41/><V27/><F27/><W23/><REACH who="3" step="1"/><G135/><REACH who="3" ten="284,230,243,233" step="2"/><T99/><D114/><U64/><E64/><V117/><F24/><W124/><G124/><T65/><D65/><U90/><E32/><V17/><F33/><W115/><G115/><T70/><D70/><U18/><E35/><V37/><F117/><W13/><G13/><T47/><D113/><U127/><E127/><V19/><F134/><W133/><G133/><T93/><D46/><U112/><E112/><V132/><F44/><W1/><G1/><T69/><D69/><U3/><E3/><V21/><F132/><W108/><G108/><RYUUKYOKU ba="0,1" sc="284,15,230,-15,243,-15,233,15" hai0="47,49,52,87,88,93,95,99,100,101" hai3="23,25,30,39,42,45,54,55,56,58,59,94,98" /><INIT seed="3,1,1,4,0,31" ten="299,215,228,248" oya="3" hai0="104,93,22,96,17,123,42,98,119,118,99,130,81" hai1="131,95,84,26,53,135,102,15,55,54,122,86,37" hai2="40,126,111,76,14,134,64,87,109,65,41,68,49" hai3="33,62,8,27,48,50,101,60,106,63,88,91,1"/><W113/><G113/><T6/><D123/><U0/><E122/><V57/><F76/><W85/><G106/><T132/><D42/><U103/><E0/><V70/><F87/><W44/><G101/><N who="0" m="62503" /><D6/><U120/><E120/><V28/><F28/><W127/><G127/><T75/><D17/><U51/><E37/><V74/><F74/><W18/><G33/><T133/><D22/><U80/><E135/><N who="0" m="51785" /><D130/><U39/><E39/><V34/><F134/><W90/><G1/><T43/><D43/><U24/><E131/><V100/><F14/><N who="3" m="7495" /><G27/><N who="1" m="10282" /><E15/><V79/><F126/><W19/><G19/><T66/><D66/><U125/><E125/><V36/><F36/><W105/><G105/><T92/><D99/><U116/><E116/><N who="0" m="44585" /><D98/><U67/><E67/><V61/><F65/><W56/><G56/><T23/><D23/><U9/><E9/><V117/><F117/><W2/><G2/><T59/><D59/><U29/><E29/><V52/><F68/><W46/><G44/><T97/><D97/><U73/><E51/><N who="3" m="19498" /><G46/><T72/><D75/><U69/><E73/><V128/><F128/><W11/><G11/><T108/><D108/><N who="2" m="41546" /><F100/><W124/><G124/><T16/><D16/><U30/><E30/><V21/><F21/><W3/><G3/><T83/><D72/><U38/><E69/><V110/><N who="2" m="41554" /><V71/><DORA hai="45" /><F71/><W7/><G7/><T58/><D58/><U89/><E38/><V115/><F57/><W35/><G35/><T82/><AGARI ba="1,1" hai="81,82,83,92,93" m="44585,51785,62503" machi="82" ten="40,5200,0" yaku="20,1,34,2" doraHai="31,45" who="0" fromWho="0" sc="299,65,215,-14,228,-14,248,-27" /><INIT seed="4,0,0,0,5,76" ten="364,201,214,221" oya="0" hai0="79,81,46,2,108,110,66,84,68,5,56,106,18" hai1="67,131,61,77,54,70,42,132,60,49,69,39,12" hai2="47,107,53,59,19,30,29,133,113,6,125,9,48" hai3="80,78,58,101,32,13,35,33,20,72,126,95,34"/><T97/><D68/><U120/><E120/><V93/><F107/><W36/><G36/><T103/><D2/><U123/><E123/><V23/><F113/><W26/><G126/><T10/><D5/><U119/><E119/><V15/><F133/><W90/><N who="3" m="8192" /><DORA hai="7" /><W43/><G43/><T104/><D104/><U127/><E12/><V92/><F125/><W50/><G101/><T115/><D115/><U21/><E21/><V109/><F109/><N who="0" m="42090" /><D46/><N who="1" m="23903" /><E77/><V85/><F47/><W25/><G13/><N who="0" m="7479" /><D56/><N who="1" m="37255" /><E127/><V16/><F19/><W11/><G58/><T82/><D66/><N who="1" m="41167" /><E132/><V40/><F40/><W52/><G20/><T91/><D79/><U75/><E75/><V0/><F92/><AGARI ba="0,0" hai="81,82,84,91,92,97,103,106" m="7479,42090" machi="92" ten="30,11600,0" yaku="10,1,52,3" doraHai="76,7" who="0" fromWho="2" sc="364,116,201,0,214,-116,221,0" /><INIT seed="4,1,0,5,3,126" ten="480,201,98,221" oya="0" hai0="125,3,110,66,69,15,82,29,12,103,2,8,55" hai1="26,87,65,46,120,72,107,76,95,56,71,79,42" hai2="102,47,78,23,90,20,118,73,51,5,63,88,45" hai3="93,129,92,62,24,7,49,33,119,84,85,30,70"/><T54/><D125/><U94/><E120/><V0/><F118/><W86/><G119/><T133/><D133/><U37/><E107/><V18/><F102/><W64/><G7/><T53/><D110/><U35/><E72/><V31/><F45/><W96/><G129/><T130/><D130/><U16/><E71/><V61/><F31/><W81/><G49/><T114/><D114/><U108/><E108/><V39/><F23/><W117/><G117/><T13/><D8/><U124/><E124/><V113/><F113/><W80/><REACH who="3" step="1"/><G92/><REACH who="3" ten="480,201,98,211" step="2"/><T131/><D131/><U132/><E95/><V4/><F4/><W10/><G10/><T43/><D2/><U9/><E9/><V127/><F127/><W14/><G14/><T74/><D13/><U34/><E132/><V91/><F5/><W40/><G40/><T52/><D15/><U25/><E94/><V58/><F0/><W38/><G38/><T100/><D12/><U135/><E42/><V128/><F39/><W115/><G115/><T11/><D43/><U21/><E37/><V32/><F128/><W60/><G60/><T75/><D11/><U112/><E112/><V89/><F63/><W19/><G19/><T116/><D3/><U17/><E16/><V67/><F51/><W41/><G41/><T134/><D134/><U109/><E17/><V101/><F18/><W104/><G104/><T122/><D116/><U6/><E6/><V1/><F1/><W123/><G123/><T106/><D106/><U105/><E105/><V99/><F61/><W98/><G98/><T44/><D122/><U27/><E135/><RYUUKYOKU ba="1,1" sc="480,-10,201,-10,98,-10,211,30" hai3="24,30,33,62,64,70,80,81,84,85,86,93,96" /><INIT seed="5,2,1,2,4,24" ten="470,191,88,241" oya="1" hai0="5,88,104,71,25,48,121,92,45,14,2,62,56" hai1="10,40,100,1,63,83,122,0,120,77,129,69,110" hai2="41,7,99,102,60,131,21,91,34,108,116,59,125" hai3="132,133,52,66,115,46,106,8,81,32,9,113,85"/><U58/><E129/><V109/><F116/><W97/><G32/><T112/><D104/><U18/><E69/><V78/><F34/><W79/><G66/><T57/><D71/><U67/><E110/><V114/><F131/><W35/><G35/><T26/><D2/><U82/><E100/><V64/><F125/><W6/><G97/><T75/><D75/><U54/><E40/><V37/><F114/><N who="3" m="43531" /><G106/><T44/><D121/><U31/><E67/><V73/><F91/><W134/><G6/><T98/><D112/><U103/><E103/><V119/><F119/><W23/><G23/><T89/><D5/><U51/><E63/><V27/><F7/><W93/><G93/><T76/><D92/><U39/><E39/><V43/><F78/><W74/><G74/><T117/><D98/><U29/><E83/><V95/><F73/><W3/><G3/><T61/><D117/><U16/><E0/><V49/><F37/><W38/><G38/><T68/><D68/><U30/><E1/><V94/><F94/><W13/><G13/><T87/><D14/><U80/><E80/><V90/><F90/><W19/><G19/><N who="1" m="7210" /><E10/><V101/><F101/><W47/><G47/><T107/><D107/><U111/><E111/><V70/><F108/><W17/><G17/><T55/><D62/><U105/><E105/><V86/><F109/><W130/><G130/><T96/><D61/><U124/><E124/><V127/><F127/><W126/><G126/><T72/><D72/><N who="1" m="43303" /><E122/><V15/><F86/><W123/><G123/><T42/><D87/><U4/><E120/><V36/><F64/><RYUUKYOKU ba="2,1" sc="470,-15,191,15,88,-15,241,15" hai1="4,29,30,31,51,54,58" hai3="8,9,46,52,79,81,85,132,133,134" /><INIT seed="5,3,1,3,5,109" ten="455,206,73,256" oya="1" hai0="74,95,64,86,76,120,26,119,72,102,10,40,63" hai1="35,3,62,20,123,82,114,125,27,122,89,115,80" hai2="34,2,43,4,106,113,97,15,68,23,87,56,105" hai3="116,107,90,117,52,48,19,118,57,41,51,60,22"/><U99/><E35/><V7/><F68/><W16/><G107/><T135/><D119/><U61/><E3/><V39/><F34/><W132/><G132/><T110/><D110/><U100/><E125/><V130/><F2/><W112/><G112/><N who="1" m="43050" /><E89/><V129/><F113/><W9/><G41/><T83/><D83/><BYE who="0" /><N who="1" m="31787" /><E62/><V31/><F129/><W127/><G127/><UN n0="%E4%B8%BB%E5%B8%AD" /><T13/><D135/><U38/><E61/><V92/><F130/><W54/><G90/><T55/><D120/><U59/><E59/><V73/><F73/><W14/><G54/><T42/><D74/><U88/><E88/><V24/><F56/><W49/><G22/><T17/><D72/><U79/><E38/><V126/><F39/><W1/><G1/><T30/><D76/><U18/><E79/><V28/><F126/><W44/><G44/><T128/><D128/><U103/><E103/><V111/><F111/><W69/><G69/><T5/><D102/><U53/><E53/><V50/><F43/><W81/><G81/><T11/><D42/><U32/><E32/><V104/><F50/><W37/><G37/><T65/><D55/><U8/><E8/><V29/><F23/><W12/><G9/><T78/><D40/><U133/><E133/><V0/><F0/><W94/><G94/><AGARI ba="3,1" hai="18,20,27,94,99,100,122,123" m="31787,43050" machi="94" ten="30,11600,0" yaku="15,1,52,3" doraHai="109" who="1" fromWho="3" sc="455,0,206,135,73,0,256,-125" /><INIT seed="5,4,0,4,0,9" ten="455,341,73,131" oya="1" hai0="39,55,40,70,98,124,35,48,18,80,53,6,42" hai1="115,118,122,17,82,24,34,104,100,15,56,14,3" hai2="135,92,45,64,57,68,62,84,130,133,103,108,16" hai3="22,12,51,72,75,27,91,60,111,4,134,81,66"/><U7/><E122/><V102/><F108/><W113/><G111/><T32/><D35/><U85/><E118/><V29/><F130/><W5/><G134/><T114/><D32/><U107/><E115/><V30/><F102/><W129/><G129/><T125/><D6/><U97/><E104/><V101/><F101/><W89/><G113/><T41/><D70/><U77/><E17/><V127/><F127/><N who="0" m="48714" /><D114/><U87/><E85/><V120/><F120/><W33/><G33/><T54/><D39/><U25/><E25/><V128/><F128/><W71/><G51/><T43/><D80/><U63/><E7/><V123/><F123/><W131/><G131/><T38/><D98/><U126/><E3/><V65/><F133/><W36/><G36/><T79/><D79/><U58/><E126/><V20/><F135/><W23/><G4/><T105/><D105/><U78/><E78/><V94/><F94/><W2/><G2/><T95/><D18/><U73/><E73/><V19/><F19/><W117/><G117/><T26/><D26/><U46/><E46/><V116/><F45/><W99/><G99/><T13/><D13/><U52/><REACH who="1" step="1"/><E58/><REACH who="1" ten="455,331,73,131" step="2"/><N who="2" m="36951" /><F116/><W31/><G75/><T47/><D95/><U121/><E121/><V11/><F92/><W119/><G119/><T10/><D38/><U88/><E88/><V83/><F103/><W59/><G59/><T8/><AGARI ba="4,1" hai="8,10,40,41,42,43,47,48,53,54,55" m="48714" machi="8" ten="40,1500,0" yaku="18,1" doraHai="9" who="0" fromWho="0" sc="455,37,331,-11,73,-8,131,-8" /><INIT seed="6,0,0,3,3,116" ten="492,320,65,123" oya="2" hai0="94,114,20,52,68,120,45,54,16,35,15,10,129" hai1="96,36,18,40,97,43,2,51,65,126,21,12,3" hai2="117,90,63,102,71,108,67,70,19,77,110,107,92" hai3="29,78,83,125,30,42,46,72,58,74,80,69,81"/><V121/><F117/><W27/><G69/><T88/><D35/><U103/><E126/><V56/><F121/><W104/><G104/><T37/><D68/><U17/><E65/><V61/><F77/><W124/><G58/><T101/><D101/><U113/><E113/><V64/><F56/><W60/><G60/><T82/><D82/><U98/><E103/><V7/><F7/><W85/><G85/><T14/><D114/><U8/><E36/><V39/><F39/><N who="3" m="21855" /><G30/><T5/><D120/><U1/><REACH who="1" step="1"/><E51/><REACH who="1" ten="492,310,65,123" step="2"/><V34/><F102/><W59/><G78/><T130/><D37/><U33/><E33/><V28/><F107/><W123/><G74/><T135/><D130/><U44/><E44/><V41/><F34/><W100/><G72/><T0/><D129/><U38/><E38/><V6/><F108/><W133/><G100/><T11/><D45/><U50/><E50/><V105/><F110/><W23/><G123/><T26/><D135/><U112/><E112/><V118/><F105/><W134/><G59/><T4/><D0/><U91/><E91/><V99/><F118/><W9/><G134/><T66/><D66/><U22/><E22/><V25/><F71/><W32/><G133/><T87/><AGARI ba="0,1" hai="4,5,10,11,14,15,16,20,26,52,54,87,88,94" machi="87" ten="20,12000,2" yaku="0,1,7,1,9,1,8,1,54,3" doraHai="116" who="0" fromWho="0" sc="492,130,310,-30,65,-60,123,-30" /><INIT seed="7,0,0,4,3,22" ten="622,280,5,93" oya="3" hai0="68,60,115,108,2,123,16,9,53,98,96,7,75" hai1="58,100,25,29,116,132,84,46,47,113,134,61,10" hai2="40,114,121,55,38,62,79,21,85,111,76,45,31" hai3="91,59,127,34,26,74,90,66,83,124,107,3,14"/><W112/><G107/><T92/><D108/><U8/><E113/><V69/><F111/><W97/><G3/><T89/><D123/><U44/><E100/><V87/><F114/><W35/><G112/><T104/><D115/><U86/><E86/><V23/><F121/><W41/><G41/><T119/><D75/><U43/><E84/><V11/><F87/><W131/><G14/><T73/><D73/><U0/><E0/><V110/><F110/><W36/><G36/><T135/><D119/><U109/><E43/><V120/><F120/><W129/><G59/><T49/><D135/><U88/><E88/><N who="3" m="33834" /><G66/><T18/><D68/><U64/><E116/><V20/><F11/><W6/><G6/><T106/><D106/><U122/><E122/><V94/><F85/><W102/><G102/><T15/><D2/><U82/><E82/><V81/><F81/><W13/><G13/><T80/><D104/><U12/><E12/><V118/><F118/><W5/><G5/><T33/><D33/><N who="3" m="12297" /><G97/><T130/><D98/><U51/><E109/><V39/><F39/><W1/><G1/><T78/><D7/><U67/><E67/><V65/><F94/><W4/><G4/><T128/><D15/><U56/><E134/><V95/><F95/><W72/><G83/><T37/><D80/><U28/><E132/><V93/><F93/><W19/><G74/><T63/><D92/><U105/><E105/><V17/><F17/><W126/><G72/><T24/><D18/><U99/><E99/><V54/><F31/><W117/><G19/><T27/><D16/><U70/><E29/><RYUUKYOKU ba="0,0" sc="622,-10,280,-10,5,30,93,-10" hai2="20,21,23,38,40,45,54,55,62,65,69,76,79" owari="612,71.0,270,7.0,35,-46.0,83,-32.0" /></mjloggm>