<mjloggm ver="2.3"><GO type="185" lobby="0"/><UN n0="%E3%81%AE%E3%83%BC%E3%81%97" n1="%E9%9B%80%E3%82%B0%E3%83%A9%E3%83%BC" n2="%E3%82%AA%E3%83%A0%E3%81%82%E3%82%93%E3%81%93" n3="" dan="18,16,16,0" rate="2279.07,2118.65,2143.52,1500.00" sx="M,M,M,C"/><TAIKYOKU oya="0"/><INIT seed="0,0,0,5,4,51" ten="350,350,350,0" oya="0" hai0="134,92,82,88,61,104,48,94,49,96,102,128,95" hai1="53,131,60,101,2,32,66,35,68,86,132,113,43" hai2="41,57,63,36,46,44,40,45,70,108,133,97,65" hai3=""/><T1/><D1/><U111/><E2/><V0/><F0/><T98/><D134/><U127/><E113/><V75/><F75/><T67/><D128/><U118/><E118/><V122/><N who="2" m="31264" /><V114/><F97/><T109/><D109/><U69/><E69/><V81/><F81/><T103/><D82/><U91/><E127/><V126/><F114/><T39/><D39/><U33/><E101/><V71/><F126/><T123/><N who="0" m="31520" /><T83/><D83/><U106/><E106/><V37/><F133/><T100/><D104/><U73/><E73/><V74/><F74/><T84/><REACH who="0" step="1"/><D102/><REACH who="0" ten="340,350,350,0" step="2"/><U124/><E132/><V115/><F108/><T87/><D87/><U78/><E131/><V34/><F115/><T99/><D99/><U90/><E111/><V93/><F93/><T54/><D54/><U76/><E124/><V119/><F119/><T62/><D62/><U89/><E53/><V121/><F121/><T120/><N who="0" m="30752" /><T58/><AGARI ba="0,1" hai="48,49,58,61,67,84,88,92,94,95,96,98,100,103" m="30752,31520" machi="58" ten="20,16000,3" yaku="1,1,4,1,0,1,7,1,9,1,8,1,52,2,54,1,53,0" doraHai="51" doraHaiUra="107" who="0" fromWho="0" sc="340,170,350,-80,350,-80,0,0" /><INIT seed="0,1,0,1,3,50" ten="510,270,270,0" oya="0" hai0="37,102,52,92,123,62,72,122,57,95,78,47,85" hai1="91,128,66,109,68,77,59,130,97,112,53,132,2" hai2="114,71,124,82,105,32,41,101,54,135,118,55,121" hai3=""/><T38/><N who="0" m="31264" /><T110/><N who="0" m="31520" /><T89/><D110/><U93/><E2/><V127/><N who="2" m="31008" /><V61/><F32/><T86/><D72/><U94/><E112/><V83/><F114/><T44/><D37/><U87/><E109/><V100/><F118/><T134/><D134/><U60/><E132/><V88/><F135/><T126/><D126/><U76/><E76/><V96/><F41/><T43/><D44/><U115/><E115/><V106/><F61/><T67/><D78/><U117/><E117/><V133/><F133/><T107/><D107/><U56/><E68/><V79/><F79/><T81/><D86/><U90/><REACH who="1" step="1"/><E77/><REACH who="1" ten="510,260,270,0" step="2"/><V40/><F71/><T73/><D73/><U65/><E65/><V80/><F127/><T63/><REACH who="0" step="1"/><D102/><REACH who="0" ten="500,260,270,0" step="2"/><U131/><E131/><V49/><F124/><T33/><D33/><U46/><E46/><V84/><F101/><T70/><AGARI ba="1,2" hai="38,43,47,52,57,62,63,67,70,81,85,89,92,95" m="31520,31264" machi="70" ten="20,12000,2" yaku="1,1,0,1,7,1,52,3,54,1,53,0" doraHai="50" doraHaiUra="104" who="0" fromWho="0" sc="500,142,260,-61,270,-61,0,0" /><INIT seed="0,2,0,2,1,69" ten="642,199,209,0" oya="0" hai0="71,48,111,44,0,85,2,132,105,123,118,134,130" hai1="75,74,94,108,84,61,54,66,129,128,50,58,125" hai2="89,60,92,36,78,87,52,35,73,72,70,38,98" hai3=""/><T102/><N who="0" m="31520" /><T40/><D118/><U63/><E125/><V110/><F35/><T82/><D130/><N who="1" m="50283" /><E108/><V95/><F110/><T122/><N who="0" m="31264" /><T81/><D111/><U32/><E32/><V80/><F73/><N who="1" m="27657" /><E66/><V76/><F76/><T115/><D115/><U131/><N who="1" m="50291" /><U86/><DORA hai="43" /><E86/><V117/><F117/><T37/><D71/><U41/><E41/><V101/><REACH who="2" step="1"/><F70/><REACH who="2" ten="642,199,199,0" step="2"/><T51/><D0/><U53/><E53/><V42/><F42/><T121/><N who="0" m="31008" /><T91/><D2/><U126/><E126/><V45/><F45/><T99/><REACH who="0" step="1"/><D82/><REACH who="0" ten="632,199,199,0" step="2"/><U100/><E100/><V79/><F79/><T59/><D59/><AGARI ba="2,2" hai="36,38,52,59,60,72,78,80,87,89,92,95,98,101" machi="59" ten="40,8000,1" yaku="1,1,52,2,54,1,53,0" doraHai="69,43" doraHaiUra="33,127" who="2" fromWho="0" sc="632,-84,199,0,199,104,0,0" /><INIT seed="1,0,0,2,5,37" ten="548,199,303,0" oya="1" hai0="3,60,45,91,44,110,69,35,121,88,135,128,83" hai1="116,80,54,68,48,79,132,39,61,40,82,42,77" hai2="53,86,46,66,76,104,52,90,123,34,99,111,113" hai3=""/><U32/><E32/><V98/><N who="2" m="31520" /><V89/><F34/><T73/><N who="0" m="31008" /><T70/><D3/><U62/><E116/><V94/><F113/><T78/><D35/><U75/><E132/><V43/><F111/><T58/><D110/><U105/><E105/><V57/><F76/><T72/><D72/><U114/><E39/><V100/><F57/><T64/><D135/><U130/><E130/><V117/><F66/><T41/><D44/><U102/><E102/><V55/><F117/><T49/><D128/><U71/><E114/><V47/><REACH who="2" step="1"/><F43/><REACH who="2" ten="548,199,293,0" step="2"/><T0/><D0/><U115/><E115/><V56/><F56/><T106/><D69/><U134/><E134/><V122/><N who="2" m="31264" /><V33/><F33/><T81/><D70/><U85/><E68/><V59/><F59/><T126/><D78/><U133/><E133/><V108/><F108/><T2/><D2/><U103/><E103/><V74/><F74/><T127/><D73/><U87/><E75/><V101/><F101/><T36/><D41/><N who="1" m="15979" /><E71/><V107/><F107/><T129/><D36/><U67/><E67/><V112/><F112/><T50/><D129/><U124/><E124/><V96/><F96/><T109/><D106/><U120/><N who="1" m="30752" /><U63/><E54/><RYUUKYOKU ba="0,1" sc="548,-20,199,10,293,10,0,0" hai1="48,61,62,63,77,79,80,82,85,87" hai2="46,47,52,53,55,86,89,90,94,98,99,100,104" /><INIT seed="1,1,1,4,5,69" ten="528,209,303,0" oya="1" hai0="62,124,87,89,39,95,68,125,76,123,114,127,112" hai1="65,47,36,109,115,84,102,77,103,91,107,92,97" hai2="67,98,120,70,133,48,111,2,83,117,57,56,33" hai3=""/><U100/><E115/><N who="0" m="44073" /><D39/><U45/><E65/><V64/><N who="2" m="30752" /><V134/><F98/><T42/><N who="0" m="31520" /><T1/><D42/><U53/><E109/><V38/><F83/><T71/><D1/><U116/><E116/><V51/><F2/><T119/><D119/><U54/><E107/><V94/><F94/><T61/><D76/><U126/><E126/><V43/><F33/><T72/><D72/><U128/><E128/><V44/><F117/><T63/><AGARI ba="1,1" hai="61,62,63,68,71,87,89,95,124,125,127" m="31520,44073" machi="63" ten="40,2000,0" yaku="18,1,52,1" doraHai="69" who="0" fromWho="0" sc="528,32,209,-14,303,-8,0,0" /><INIT seed="2,0,0,4,1,132" ten="560,195,295,0" oya="2" hai0="2,1,104,130,58,43,101,110,84,57,118,109,95" hai1="66,45,73,121,115,48,69,64,60,72,68,106,114" hai2="86,63,67,91,129,125,85,102,37,59,74,82,127" hai3=""/><V75/><F37/><T92/><D118/><U56/><N who="1" m="31008" /><U39/><E106/><V79/><F102/><T98/><D130/><U81/><E39/><V41/><F41/><T105/><D43/><U96/><E96/><V80/><REACH who="2" step="1"/><F129/><REACH who="2" ten="560,195,285,0" step="2"/><T116/><D101/><U55/><E73/><AGARI ba="0,1" hai="59,63,67,73,74,75,79,80,82,85,86,91,125,127" machi="73" ten="40,12000,1" yaku="1,1,2,1,52,2,53,1" doraHai="132" doraHaiUra="52" who="2" fromWho="1" sc="560,0,195,-120,285,130,0,0" /><INIT seed="2,1,0,5,0,71" ten="560,75,415,0" oya="2" hai0="96,37,127,74,130,84,61,33,40,41,85,117,66" hai1="59,87,119,42,82,95,45,105,88,46,72,64,70" hai2="47,114,133,73,55,102,93,56,91,54,80,83,38" hai3=""/><V116/><F116/><T104/><D130/><U98/><E119/><V65/><F114/><T132/><D127/><U67/><E70/><V79/><F133/><T134/><D117/><U3/><E3/><V126/><F126/><T44/><D74/><U34/><E34/><V48/><F102/><T109/><D33/><U118/><E118/><V122/><N who="2" m="31264" /><V69/><F83/><T129/><D41/><U58/><E105/><V99/><F69/><T103/><D129/><U60/><E72/><V50/><REACH who="2" step="1"/><F65/><REACH who="2" ten="560,75,405,0" step="2"/><T39/><D66/><U128/><E128/><V1/><F1/><T76/><D132/><U90/><E42/><V97/><F97/><T100/><D96/><U107/><E107/><V124/><F124/><T52/><D104/><U89/><E89/><V77/><F77/><T78/><D40/><U101/><E90/><V49/><F49/><T81/><D134/><U131/><E131/><V113/><F113/><T63/><D81/><U57/><E67/><V36/><AGARI ba="1,1" hai="36,38,47,48,50,54,55,56,73,79,80,91,93,99" m="31264" machi="36" ten="30,8000,1" yaku="1,1,0,1,52,3,53,0" doraHai="71" doraHaiUra="115" who="2" fromWho="2" sc="560,-41,75,-41,405,92,0,0" /><INIT seed="2,2,0,3,0,115" ten="519,34,497,0" oya="2" hai0="72,87,82,85,103,95,64,71,38,70,51,47,114" hai1="41,100,65,45,34,50,3,90,69,80,102,106,36" hai2="105,86,0,110,73,63,81,125,2,57,66,58,135" hai3=""/><V74/><F105/><T37/><D114/><U120/><N who="1" m="30752" /><U67/><E3/><V111/><F125/><T78/><D85/><U61/><E34/><V124/><F124/><T53/><D64/><U134/><E67/><V130/><F130/><T60/><D60/><U32/><E32/><V68/><F0/><T127/><D127/><U118/><E134/><V54/><F135/><T113/><D113/><U1/><E1/><V108/><F2/><T92/><D92/><U56/><E106/><V77/><REACH who="2" step="1"/><F68/><REACH who="2" ten="519,34,487,0" step="2"/><T44/><D44/><U75/><E75/><V116/><F116/><T128/><D128/><U122/><N who="1" m="31264" /><U93/><E80/><V133/><F133/><T112/><D112/><U97/><REACH who="1" step="1"/><E118/><REACH who="1" ten="519,24,487,0" step="2"/><V79/><F79/><T107/><D107/><U96/><E96/><V126/><F126/><T131/><D131/><U123/><N who="1" m="31520" /><U104/><E104/><V109/><F109/><T117/><D117/><U40/><E40/><V83/><F83/><T42/><D42/><U121/><N who="1" m="31008" /><U132/><E132/><V49/><AGARI ba="2,2" hai="49,54,57,58,63,66,73,74,77,81,86,108,110,111" machi="49" ten="30,7800,0" yaku="1,1,0,1,14,1,10,1,53,0" doraHai="115" doraHaiUra="43" who="2" fromWho="2" sc="519,-41,24,-41,487,102,0,0" owari="478,8.0,-17,-62.0,589,54.0,0,0.0" /></mjloggm>