<mjloggm ver="2.3"><GO type="169" lobby="0"/><UN n0="%E3%81%8B%E3%81%A4%E3%81%A9%E3%82%93" n1="%4B%57" n2="%E3%83%AD%E3%83%83%E3%82%BD" n3="%E3%83%8F%E3%83%83%E3%83%88%E3%83%AA%E3%82%B9" dan="17,16,17,17" rate="2258.66,2050.25,2173.48,2166.99" sx="F,M,F,M"/><TAIKYOKU oya="0"/><INIT seed="0,0,0,4,0,15" ten="250,250,250,250" oya="0" hai0="112,108,17,70,127,77,8,16,106,58,94,95,81" hai1="109,50,66,21,10,126,73,131,61,123,4,90,48" hai2="93,45,110,91,1,56,133,60,29,62,85,116,55" hai3="13,101,76,132,49,34,78,63,75,103,100,28,83"/><T114/><D70/><U44/><E123/><V40/><F110/><W51/><G132/><T135/><D106/><U115/><E109/><V104/><F104/><W46/><G78/><T5/><D108/><U22/><E131/><V32/><F133/><W47/><G63/><T102/><D135/><U88/><E126/><V41/><F1/><W82/><G82/><T119/><D119/><U52/><E73/><V24/><F116/><W39/><G39/><T125/><D58/><U6/><E115/><V67/><REACH who="2" step="1"/><F45/><REACH who="2" ten="250,250,240,250" step="2"/><W14/><G47/><T2/><D112/><U25/><E6/><V30/><F30/><W79/><G46/><T134/><D114/><U57/><E50/><V84/><F84/><W18/><G51/><T20/><D134/><U111/><E111/><V98/><F98/><W71/><G49/><T53/><D125/><U72/><E72/><V33/><F33/><W117/><G117/><T19/><D127/><U74/><E74/><V36/><F36/><W3/><G3/><T80/><D2/><U87/><E87/><V89/><F89/><W69/><G76/><T86/><D102/><U105/><E105/><V0/><F0/><W42/><G28/><T26/><D86/><U129/><E129/><V97/><F97/><W59/><G34/><T130/><D130/><U68/><E44/><V27/><F27/><W31/><G31/><T12/><D77/><U64/><E25/><V35/><F35/><W54/><G75/><T37/><D37/><U99/><E90/><V118/><F118/><W121/><G79/><T65/><D26/><U9/><E88/><RYUUKYOKU ba="0,1" sc="250,-10,250,-10,240,30,250,-10" hai2="24,29,32,40,41,55,56,60,62,67,85,91,93" /><INIT seed="1,1,1,3,3,1" ten="240,240,270,240" oya="1" hai0="68,3,70,127,39,134,46,76,135,8,61,52,40" hai1="109,85,81,21,9,95,13,100,97,93,130,79,115" hai2="59,29,116,120,114,60,62,88,15,51,18,54,92" hai3="38,96,124,32,103,20,104,66,91,75,125,67,77"/><U30/><E115/><V5/><F120/><W72/><G32/><T73/><D127/><N who="3" m="48713" /><G38/><T36/><D36/><U82/><E130/><V113/><F116/><W41/><G41/><T69/><D73/><N who="3" m="28233" /><G77/><T55/><D76/><U110/><E82/><V89/><F29/><W121/><G121/><T42/><D42/><U34/><E34/><V48/><F48/><W126/><G126/><T47/><D8/><U28/><E95/><V83/><F5/><W50/><G50/><N who="0" m="28767" /><D3/><U128/><E128/><V24/><F24/><W74/><G74/><T132/><D55/><U111/><REACH who="1" step="1"/><E21/><REACH who="1" ten="240,230,270,240" step="2"/><N who="2" m="11487" /><F114/><W58/><G20/><T2/><D2/><U7/><AGARI ba="1,2" hai="7,9,13,28,30,79,81,85,93,97,100,109,110,111" machi="7" ten="30,18000,2" yaku="1,1,0,1,14,1,10,1,52,1,53,1" doraHai="1" doraHaiUra="0" who="1" fromWho="1" sc="240,-61,230,203,270,-61,240,-61" /><INIT seed="1,2,0,4,5,85" ten="179,433,209,179" oya="1" hai0="88,75,58,51,132,98,77,34,49,108,102,107,25" hai1="121,50,1,86,116,91,27,3,105,109,43,84,97" hai2="5,39,54,79,61,41,73,23,35,42,115,33,124" hai3="89,92,4,125,110,26,71,13,56,28,30,135,32"/><U120/><E116/><V68/><F5/><W0/><G71/><T119/><D119/><U24/><E109/><V117/><F117/><W130/><G110/><T95/><D108/><U36/><E36/><V7/><F7/><W114/><G114/><T127/><D127/><U44/><E105/><V57/><F79/><W2/><G125/><T99/><D132/><U134/><E134/><V67/><F73/><W128/><G135/><T38/><D38/><U20/><E97/><V46/><F124/><W63/><G28/><T55/><D51/><U47/><E84/><V9/><F9/><W16/><G4/><T74/><REACH who="0" step="1"/><D77/><REACH who="0" ten="169,433,209,179" step="2"/><U83/><E121/><V15/><F115/><W113/><G113/><T14/><D14/><U126/><E120/><V131/><F131/><W11/><G130/><T66/><D66/><U60/><E126/><V22/><F15/><W70/><G128/><T59/><D59/><U76/><E3/><V81/><F39/><W78/><G78/><T69/><D69/><U8/><E76/><V62/><F68/><W18/><G70/><T52/><D52/><U133/><E133/><V111/><F111/><W101/><G0/><T106/><D106/><U80/><E50/><V103/><F42/><W90/><G2/><T65/><D65/><U94/><E43/><V17/><F41/><W45/><G45/><T82/><D82/><U19/><E47/><V123/><F81/><W118/><G118/><T10/><D10/><U100/><E44/><V37/><F37/><W87/><G11/><T64/><D64/><U104/><E83/><V40/><F123/><RYUUKYOKU ba="2,1" sc="169,30,433,-10,209,-10,179,-10" hai0="25,34,49,55,58,74,75,88,95,98,99,102,107" /><INIT seed="2,3,1,5,5,23" ten="199,423,199,169" oya="2" hai0="60,57,12,40,65,29,68,79,20,126,34,54,31" hai1="135,88,35,42,59,121,120,94,75,118,115,100,39" hai2="103,55,78,3,106,63,56,119,89,83,2,102,90" hai3="72,1,28,7,84,134,73,87,128,46,123,127,122"/><V85/><F119/><W116/><G116/><T130/><D130/><U98/><E118/><V76/><F90/><W96/><G46/><T10/><D126/><U36/><E115/><V13/><F78/><W32/><G7/><T92/><D34/><U99/><E75/><V104/><F104/><W105/><G1/><T38/><D79/><U9/><E135/><V77/><F77/><W114/><G114/><T113/><D113/><U133/><E133/><V69/><F69/><W8/><G8/><T50/><D92/><U110/><E110/><V64/><F64/><W101/><G134/><T66/><D66/><U81/><E35/><V125/><F125/><W24/><G127/><T15/><D20/><U43/><E9/><V67/><F67/><W51/><G51/><T22/><D22/><U27/><E59/><V74/><F13/><N who="0" m="5194" /><D10/><U45/><E81/><V14/><F14/><W18/><G128/><T117/><D117/><U47/><REACH who="1" step="1"/><E27/><REACH who="1" ten="199,413,199,169" step="2"/><V58/><F58/><W132/><G132/><T112/><D112/><U49/><E49/><V53/><F56/><W62/><G73/><T107/><D107/><AGARI ba="3,2" hai="36,39,42,43,45,47,88,94,98,99,100,107,120,121" machi="107" ten="40,5200,0" yaku="1,1,9,1,54,1,53,0" doraHai="23" doraHaiUra="25" who="1" fromWho="0" sc="199,-61,413,81,199,0,169,0" /><INIT seed="3,0,0,2,0,79" ten="138,494,199,169" oya="3" hai0="113,126,18,70,65,96,39,32,91,10,38,24,19" hai1="50,71,2,1,49,60,74,105,33,52,73,20,61" hai2="56,17,40,112,87,78,67,85,129,94,12,100,103" hai3="98,37,134,80,31,23,104,132,30,34,97,116,88"/><W21/><G116/><T9/><D126/><U82/><E33/><V83/><F112/><W3/><G37/><T133/><D113/><U36/><E36/><V0/><F0/><W58/><G3/><T13/><D133/><N who="3" m="51305" /><G58/><T48/><D32/><U99/><E50/><V27/><F129/><W44/><G44/><T120/><D120/><U41/><E41/><V107/><F107/><W22/><G34/><T63/><D48/><U29/><E105/><V95/><F27/><W123/><G123/><T15/><REACH who="0" step="1"/><D24/><REACH who="0" ten="128,494,199,169" step="2"/><U102/><E49/><V110/><F40/><W108/><G108/><T81/><D81/><U46/><E82/><V35/><F83/><W128/><G128/><T8/><D8/><U135/><E135/><V127/><F110/><W121/><G121/><T11/><D11/><U16/><E61/><V86/><F127/><W69/><G104/><T75/><D75/><U111/><E74/><V101/><F35/><W55/><G80/><T28/><D28/><U6/><E29/><V59/><F78/><W43/><G31/><T77/><D77/><U62/><E73/><V84/><N who="2" m="21504" /><DORA hai="130" /><V114/><F114/><W64/><G30/><T72/><D72/><U68/><E62/><V90/><F95/><AGARI ba="0,1" hai="9,10,13,15,18,19,38,39,63,65,70,91,95,96" machi="95" ten="40,2600,0" yaku="1,1,9,1,53,0" doraHai="79,130" doraHaiUra="53,76" who="0" fromWho="2" sc="128,36,494,0,199,-26,169,0" /><INIT seed="4,0,0,4,5,48" ten="164,494,173,169" oya="0" hai0="102,55,49,87,131,70,43,56,119,105,27,109,134" hai1="38,18,58,106,91,45,123,68,20,35,24,47,52" hai2="7,72,26,95,25,82,66,76,31,120,113,89,51" hai3="83,40,74,75,30,13,59,116,94,85,5,126,44"/><T122/><D119/><U121/><E106/><V21/><F120/><W4/><G126/><T19/><D122/><U62/><E35/><V98/><F113/><W42/><G116/><T112/><D70/><U14/><E68/><V86/><F66/><W97/><G30/><T11/><D112/><U3/><E3/><V61/><F61/><W69/><G69/><T10/><D134/><U46/><E38/><V135/><F135/><W128/><G128/><T79/><D131/><U127/><E127/><V103/><F7/><W34/><G34/><T29/><D109/><U12/><E12/><V8/><F8/><W114/><G114/><T104/><D102/><U32/><E32/><V53/><F26/><W9/><G59/><T78/><D105/><U17/><REACH who="1" step="1"/><E91/><REACH who="1" ten="164,484,173,169" step="2"/><V64/><F64/><W16/><G13/><T132/><D104/><U67/><E67/><V133/><F133/><W111/><G111/><T23/><D132/><U73/><E73/><V84/><REACH who="2" step="1"/><F89/><REACH who="2" ten="164,484,163,169" step="2"/><W118/><G118/><T108/><D108/><U22/><AGARI ba="0,2" hai="14,17,18,20,22,24,45,46,47,52,58,62,121,123" machi="22" ten="30,7900,0" yaku="1,1,0,1,52,1,54,1,53,0" doraHai="48" doraHaiUra="101" who="1" fromWho="1" sc="164,-39,484,99,163,-20,169,-20" /><INIT seed="5,0,0,3,2,83" ten="125,583,143,149" oya="1" hai0="116,55,37,96,130,85,73,29,32,31,72,89,94" hai1="43,41,135,44,6,90,119,3,14,38,84,91,107" hai2="5,113,58,35,19,63,79,132,52,69,75,71,78" hai3="115,133,0,48,87,131,27,88,128,10,106,23,4"/><U56/><E119/><V93/><F35/><W25/><G115/><T98/><D116/><U100/><E3/><V70/><F132/><W108/><G108/><T118/><D118/><U60/><E43/><V80/><F5/><W77/><G133/><T15/><D37/><U64/><E135/><V67/><F113/><W126/><G126/><T101/><D130/><N who="3" m="49705" /><G106/><T26/><D31/><U11/><E107/><V39/><F39/><W54/><G77/><T65/><D65/><U129/><E100/><V22/><F79/><W21/><G25/><T68/><D68/><U109/><E109/><V45/><F45/><N who="3" m="27919" /><G27/><T99/><D101/><U51/><E129/><V18/><F93/><AGARI ba="0,0" hai="0,4,10,21,23,87,88,93" m="27919,49705" machi="93" ten="30,3900,0" yaku="19,1,52,1,54,1" doraHai="83" who="3" fromWho="2" sc="125,0,583,0,143,-39,149,39" /><INIT seed="6,0,0,4,4,103" ten="125,583,104,188" oya="2" hai0="2,20,8,35,77,67,121,15,22,14,92,16,0" hai1="1,125,57,119,100,111,26,83,135,104,129,72,66" hai2="61,97,6,90,49,71,25,93,115,126,89,80,84" hai3="114,41,4,24,54,87,134,43,106,46,51,32,3"/><V95/><F115/><W133/><G114/><T65/><D121/><U60/><E119/><V42/><F126/><W102/><G87/><T99/><D35/><U130/><E111/><V86/><F6/><W21/><G32/><T107/><D107/><U28/><E125/><V82/><F25/><W112/><G112/><T132/><D132/><N who="3" m="50793" /><G4/><T127/><D77/><N who="1" m="44455" /><E1/><V59/><F71/><W40/><G3/><T9/><D127/><U27/><E135/><V30/><F30/><N who="3" m="17679" /><G102/><N who="0" m="60775" /><D0/><U131/><E28/><V91/><F95/><W81/><G81/><T74/><D74/><U5/><E5/><V120/><F120/><W62/><G106/><T108/><D2/><U70/><E70/><V53/><REACH who="2" step="1"/><F42/><REACH who="2" ten="125,583,94,188" step="2"/><W79/><G79/><T94/><D108/><U118/><E118/><V23/><F23/><N who="0" m="8746" /><D94/><U47/><E27/><V10/><F10/><W68/><G68/><T37/><D37/><U101/><E26/><V58/><F58/><AGARI ba="0,1" hai="40,41,43,46,51,54,58,62" m="17679,50793" machi="58" ten="30,1000,0" yaku="20,1" doraHai="103" who="3" fromWho="2" sc="125,0,583,0,94,-10,188,20" /><INIT seed="7,0,0,1,1,29" ten="125,583,84,208" oya="3" hai0="132,119,88,103,68,64,107,56,6,74,110,77,101" hai1="109,0,79,58,122,112,55,80,89,12,94,9,98" hai2="117,111,10,61,102,134,18,83,14,31,1,128,92" hai3="91,78,108,28,71,39,30,131,67,13,125,11,84"/><W22/><G39/><T33/><D110/><U86/><E109/><V70/><F111/><W16/><G108/><T62/><D119/><U129/><E122/><V93/><F117/><W95/><G131/><T42/><D33/><U17/><E129/><V2/><F128/><W100/><G125/><T106/><D132/><U120/><E120/><V44/><F134/><W24/><G78/><T116/><D42/><U69/><E112/><V135/><F135/><W105/><G71/><T72/><D6/><U41/><E41/><V115/><F115/><W19/><G67/><T126/><D77/><U5/><E69/><V60/><F83/><N who="3" m="49567" /><G105/><T21/><D68/><U4/><E0/><V96/><F70/><W51/><G51/><AGARI ba="0,0" hai="4,5,9,12,17,51,55,58,79,80,86,89,94,98" machi="51" ten="30,2000,0" yaku="7,1,8,1" doraHai="29" who="1" fromWho="3" sc="125,0,583,20,84,0,208,-20" owari="125,-27.0,603,70.0,84,-42.0,188,-1.0" /></mjloggm>