<mjloggm ver="2.3"><GO type="225" lobby="0"/><UN n0="%E3%81%82%E3%82%89%E3%81%8C%E3%81%8D%E3%81%82%E3%82%84%E3%81%9B" n1="%E6%88%91%E9%81%93" n2="%5C%E3%81%AF%E3%81%A1%E3%81%8D%E3%82%87%E3%81%86%2F" n3="%E3%81%BF%E3%81%BF%E3%81%9A" dan="16,16,16,16" rate="2138.59,2077.54,2106.14,2132.95" sx="F,M,M,M"/><TAIKYOKU oya="0"/><INIT seed="0,0,0,3,1,101" ten="250,250,250,250" oya="0" hai0="96,34,13,18,70,84,5,27,12,75,115,0,81" hai1="78,26,82,59,108,44,10,49,19,76,118,2,30" hai2="80,58,103,7,6,53,73,36,40,67,127,17,23" hai3="43,123,135,105,94,61,77,20,64,60,42,63,97"/><T133/><D70/><U69/><E69/><V25/><F127/><W86/><G135/><T16/><D75/><U65/><E118/><V119/><F119/><W93/><G123/><T132/><D96/><U45/><E108/><V21/><F67/><W72/><G64/><T79/><D115/><U85/><E78/><V62/><F103/><W57/><G72/><T8/><D34/><U128/><E128/><V22/><F36/><W87/><G57/><T55/><D55/><U91/><E76/><V83/><F40/><N who="3" m="15403" /><G105/><T114/><D27/><U9/><E2/><V100/><F100/><N who="3" m="60463" /><G77/><T24/><D24/><U14/><E9/><V51/><F73/><W122/><G122/><T131/><D131/><U120/><E120/><V66/><F80/><W39/><G39/><T50/><D114/><U130/><E130/><V41/><F83/><W99/><G20/><N who="2" m="7785" /><F41/><W74/><G74/><T95/><D95/><U110/><E110/><V28/><F28/><W89/><AGARI ba="0,0" hai="60,61,63,86,87,89,94,99" m="60463,15403" machi="89" ten="30,1100,0" yaku="8,1" doraHai="101" who="3" fromWho="3" sc="250,-5,250,-3,250,-3,250,11" /><INIT seed="1,0,0,2,3,27" ten="245,247,247,261" oya="1" hai0="46,105,17,7,5,24,124,100,55,58,31,51,111" hai1="10,104,2,74,82,84,42,69,68,117,30,98,127" hai2="44,88,11,122,56,62,99,21,73,86,9,103,76" hai3="53,14,0,94,12,107,37,67,26,110,106,28,78"/><U102/><E117/><V72/><F122/><W13/><G0/><T87/><D111/><U89/><E127/><V40/><F73/><W49/><G37/><T63/><D124/><U108/><E108/><V101/><F72/><W126/><G110/><T64/><D87/><U36/><E74/><V83/><F21/><W132/><G126/><T77/><D77/><U71/><E36/><V91/><F91/><W131/><G67/><T4/><D17/><U135/><E135/><V81/><F81/><W121/><G121/><T90/><D90/><U85/><E42/><V32/><F32/><W97/><G78/><T118/><D118/><U75/><E84/><V95/><F101/><W65/><G65/><T114/><D114/><U47/><E47/><V119/><F76/><W3/><G3/><T125/><D125/><U8/><E2/><V41/><F119/><W134/><G131/><T29/><REACH who="0" step="1"/><D24/><REACH who="0" ten="235,247,247,261" step="2"/><U54/><E75/><V123/><F123/><W16/><G16/><T15/><D15/><U93/><E30/><V130/><F130/><W50/><G26/><T48/><D48/><U120/><E120/><V39/><REACH who="2" step="1"/><F40/><REACH who="2" ten="235,247,237,261" step="2"/><W34/><G28/><T112/><D112/><U33/><E82/><V1/><F1/><W25/><G25/><T61/><D61/><U129/><E129/><V57/><F57/><N who="3" m="32943" /><G34/><T70/><D70/><U113/><E33/><V38/><F38/><W43/><G43/><T80/><D80/><U96/><E89/><V20/><F20/><W52/><G50/><T60/><D60/><U116/><E68/><V128/><F128/><W23/><G23/><RYUUKYOKU ba="0,2" sc="235,15,247,-15,237,15,261,-15" hai0="4,5,7,29,31,46,51,55,58,63,64,100,105" hai2="9,11,39,41,44,56,62,83,86,88,95,99,103" /><INIT seed="2,1,2,0,1,117" ten="250,232,252,246" oya="2" hai0="61,35,104,4,40,115,74,133,96,51,52,59,124" hai1="3,114,122,129,100,99,36,41,47,75,80,65,1" hai2="45,69,43,42,49,30,20,84,78,82,27,89,131" hai3="107,116,118,93,119,21,66,106,70,64,23,13,53"/><V123/><F131/><W126/><G53/><T56/><D115/><U39/><E114/><V24/><F69/><W37/><G70/><T31/><D74/><U103/><E129/><V34/><F123/><W16/><G37/><T108/><D108/><U83/><E39/><V54/><REACH who="2" step="1"/><F78/><REACH who="2" ten="250,232,242,246" step="2"/><W113/><G113/><T111/><D111/><U112/><E112/><V110/><F110/><W29/><G126/><T7/><D124/><U67/><E122/><V17/><AGARI ba="1,3" hai="17,20,24,27,30,34,42,43,45,49,54,82,84,89" machi="17" ten="20,7800,0" yaku="1,1,0,1,7,1,53,1" doraHai="117" doraHaiUra="15" who="2" fromWho="2" sc="250,-27,232,-27,242,111,246,-27" /><INIT seed="2,2,0,4,1,131" ten="223,205,353,219" oya="2" hai0="124,129,41,126,36,63,12,90,4,99,3,100,44" hai1="48,22,1,32,64,135,5,116,50,109,122,24,132" hai2="128,130,35,11,60,108,82,15,10,37,80,45,88" hai3="133,27,31,69,65,49,42,53,97,77,91,7,102"/><V118/><F118/><W78/><G42/><T73/><D73/><U43/><E116/><V47/><F35/><N who="3" m="20991" /><G91/><T34/><D34/><U113/><E113/><V117/><F117/><W25/><G25/><T76/><D76/><U20/><E122/><V89/><F60/><N who="3" m="40103" /><G7/><T13/><D129/><U17/><E109/><V72/><F15/><W21/><G21/><T134/><D90/><U86/><E64/><V29/><F29/><W87/><G87/><T52/><D3/><U123/><E123/><V70/><F70/><W26/><G26/><T56/><D4/><U28/><E86/><V39/><F72/><W16/><G16/><T74/><D74/><U40/><E32/><V94/><F94/><W38/><G38/><T55/><D55/><U92/><E92/><V59/><F59/><N who="3" m="33199" /><G133/><N who="1" m="51274" /><E5/><V79/><F79/><W81/><G81/><T68/><D68/><U98/><E1/><V83/><F83/><W51/><G51/><N who="1" m="19498" /><E98/><V106/><F106/><AGARI ba="2,0" hai="77,78,97,102,106" m="33199,40103,20991" machi="106" ten="30,1000,0" yaku="25,1" doraHai="131" who="3" fromWho="2" sc="223,0,205,0,353,-16,219,16" /><INIT seed="3,0,0,3,0,90" ten="223,205,337,235" oya="3" hai0="123,115,28,96,78,103,41,55,124,39,95,97,74" hai1="13,6,33,87,121,71,2,104,8,37,73,36,50" hai2="46,65,4,60,125,84,67,32,18,12,89,1,133" hai3="34,56,105,52,45,30,82,3,40,108,114,127,66"/><W23/><G114/><T80/><D123/><U135/><E121/><V86/><F32/><W77/><G3/><T44/><D115/><U31/><E73/><V119/><F119/><W110/><G105/><T17/><D124/><U126/><E126/><V49/><F125/><W79/><G127/><T100/><D28/><U111/><E111/><N who="3" m="42538" /><G34/><T88/><D55/><U61/><E135/><V47/><F133/><W109/><N who="3" m="42546" /><W25/><DORA hai="70" /><G66/><T48/><D17/><U102/><E50/><V57/><F67/><W131/><G82/><T24/><D24/><N who="1" m="18663" /><E87/><V62/><F84/><W58/><G58/><T112/><D112/><U15/><E15/><V91/><F86/><W68/><G68/><T94/><D88/><U120/><E13/><V20/><F57/><W99/><G131/><T26/><D26/><U101/><E101/><V54/><F65/><W14/><G99/><T72/><D72/><U9/><E9/><V16/><F1/><W83/><G14/><T81/><D81/><U106/><E120/><V113/><F12/><W63/><G83/><T21/><D21/><U107/><E102/><V122/><F20/><W19/><G19/><T29/><D29/><U5/><E5/><V7/><F16/><W35/><G35/><T27/><D27/><U51/><E51/><AGARI ba="0,0" hai="23,25,30,40,45,51,52,56,63,77,79" m="42546" machi="51" ten="40,7700,0" yaku="14,1,10,1,54,1" doraHai="90,70" who="3" fromWho="1" sc="223,0,205,-77,337,0,235,77" /><AGARI ba="0,0" hai="39,41,44,48,51,74,78,80,94,95,96,97,100,103" machi="51" ten="40,8000,1" yaku="9,1,52,3" doraHai="90,70" who="0" fromWho="1" sc="223,80,128,-80,337,0,312,0" /><INIT seed="3,1,0,4,1,49" ten="303,48,337,312" oya="3" hai0="55,17,21,60,70,6,13,84,58,97,7,40,67" hai1="74,94,80,108,86,23,114,39,110,24,112,122,91" hai2="105,98,25,0,5,3,95,64,77,36,130,119,72" hai3="19,128,106,26,10,33,83,127,38,99,57,4,61"/><W63/><G38/><T133/><D133/><U11/><E11/><V65/><F105/><W111/><G128/><T31/><D31/><U68/><E23/><V124/><F119/><W103/><G127/><T54/><D40/><U126/><E24/><V125/><F36/><W82/><G111/><T44/><D97/><U123/><E39/><V102/><F130/><W90/><G90/><T20/><D44/><U113/><E68/><V16/><F77/><W73/><G73/><T101/><D101/><U100/><E100/><V107/><F72/><W43/><G43/><T51/><D55/><U132/><E74/><V134/><F107/><W35/><G63/><T45/><D70/><U59/><E59/><V93/><F93/><W42/><G42/><T8/><D84/><U29/><E29/><V15/><F25/><W1/><G35/><T88/><D88/><U66/><E66/><N who="2" m="25707" /><F5/><AGARI ba="1,0" hai="5,6,7,8,13,17,20,21,45,51,54,58,60,67" machi="5" ten="40,2600,0" yaku="8,1,52,1" doraHai="49" who="0" fromWho="2" sc="303,29,48,0,337,-29,312,0" owari="332,43.0,48,-45.0,308,-9.0,312,11.0" /></mjloggm>