<mjloggm ver="2.3"><GO type="169" lobby="0"/><UN n0="%E3%82%A8%E3%82%B9%E3%82%B1%E3%83%BC" n1="%4B%45%4E%2D%4F%47%41%53" n2="%E3%81%B4%E3%81%8A%E3%81%B4%E3%81%8A%EF%BC%91%EF%BC%91" n3="%68%61%72%75%6B%61%73" dan="16,16,18,17" rate="2067.34,2122.80,2306.65,2121.43" sx="M,M,M,M"/><TAIKYOKU oya="0"/><INIT seed="0,0,0,2,1,9" ten="250,250,250,250" oya="0" hai0="125,60,71,108,69,61,55,20,25,11,93,47,66" hai1="77,109,26,6,59,54,122,13,87,31,114,17,100" hai2="3,44,58,92,102,110,63,27,134,29,128,121,57" hai3="97,111,132,101,79,18,123,90,22,78,104,0,76"/><T14/><D125/><U135/><E122/><V118/><F121/><W50/><G123/><T10/><D10/><U43/><E114/><V81/><F3/><W112/><G0/><T73/><D73/><U105/><E135/><V106/><F106/><W126/><G112/><T19/><D108/><U45/><E109/><V75/><F110/><W82/><G111/><T117/><D117/><U16/><E105/><V130/><F44/><W7/><G7/><T127/><D127/><U39/><E100/><V89/><F102/><W119/><G119/><T88/><D47/><U65/><E65/><V21/><F134/><W12/><G132/><T1/><D1/><U51/><E77/><N who="2" m="44223" /><F63/><W52/><G90/><T67/><D55/><U34/><REACH who="1" step="1"/><E87/><REACH who="1" ten="250,240,250,250" step="2"/><N who="2" m="52287" /><F118/><W124/><REACH who="3" step="1"/><G82/><REACH who="3" ten="250,240,250,240" step="2"/><T48/><D48/><U103/><E103/><V2/><F2/><W4/><G4/><T99/><D71/><U35/><E35/><V40/><F130/><W24/><G24/><T42/><D69/><U98/><E98/><V46/><F27/><W129/><G129/><T36/><D25/><U37/><E37/><V64/><F128/><W41/><G41/><T72/><D42/><U84/><E84/><V8/><F40/><W68/><G68/><T85/><D36/><U94/><E94/><V15/><F64/><W86/><G86/><T56/><D85/><U80/><E80/><V107/><F107/><W91/><G91/><T113/><D72/><U96/><E96/><V83/><F83/><W28/><G28/><T115/><D115/><U5/><E5/><N who="2" m="3471" /><F29/><W95/><G95/><T74/><D113/><RYUUKYOKU ba="0,2" sc="250,-15,240,15,250,-15,240,15" hai1="6,13,16,17,26,31,34,39,43,45,51,54,59" hai3="12,18,22,50,52,76,78,79,97,101,104,124,126" /><INIT seed="1,1,2,0,2,119" ten="235,255,235,255" oya="1" hai0="56,120,30,103,22,65,6,132,27,78,112,92,1" hai1="73,69,91,28,50,45,54,79,109,63,26,62,48" hai2="52,107,88,83,5,128,60,29,133,126,131,104,100" hai3="89,16,94,82,46,102,66,130,135,115,15,123,121"/><U55/><E73/><V99/><F5/><W23/><G115/><T108/><D112/><U74/><E74/><V95/><F29/><W41/><G66/><T33/><D78/><U114/><E114/><V49/><F60/><W117/><G117/><T9/><D108/><U113/><E113/><V7/><F7/><W118/><G118/><T77/><D77/><U110/><E79/><V97/><F133/><W37/><G135/><T129/><D132/><U13/><E13/><V122/><F122/><W24/><G130/><N who="2" m="49705" /><F126/><W44/><G44/><T3/><D129/><U18/><E18/><V86/><F99/><W127/><G127/><T87/><D120/><U70/><E91/><V134/><F134/><W80/><G102/><T34/><D1/><U2/><E26/><V76/><F100/><W68/><G68/><N who="1" m="26218" /><E28/><V96/><F96/><W57/><G24/><T51/><D103/><U4/><E4/><V84/><F84/><W10/><G10/><T0/><D0/><U59/><E2/><V25/><F25/><W36/><G36/><T124/><D124/><U21/><E21/><V43/><F43/><W58/><G121/><T90/><D34/><U67/><E67/><V12/><F12/><W93/><G123/><T39/><D39/><U40/><E40/><V17/><F17/><W11/><G11/><T31/><D31/><U81/><E81/><N who="3" m="31338" /><G94/><T35/><D65/><U98/><E98/><V61/><F107/><W47/><G93/><T64/><D64/><U42/><E42/><V125/><F125/><W106/><G106/><T20/><D35/><U72/><E72/><RYUUKYOKU ba="1,2" sc="235,15,255,15,235,-15,255,-15" hai0="3,6,9,20,22,27,30,33,51,56,87,90,92" hai1="45,48,50,54,55,59,62,63,109,110" /><INIT seed="1,2,2,0,1,110" ten="250,270,220,240" oya="1" hai0="55,94,102,61,103,62,43,34,21,73,35,133,121" hai1="135,134,123,128,89,27,66,120,15,84,44,25,24" hai2="125,23,20,116,68,112,53,81,32,122,13,104,4" hai3="96,117,105,57,19,127,70,114,45,2,60,16,124"/><U41/><E66/><V126/><F104/><W18/><G70/><T75/><D43/><U64/><E64/><V49/><F68/><W129/><G2/><T115/><D21/><U99/><E99/><V107/><F107/><W111/><G111/><T30/><D94/><U50/><E15/><V100/><F100/><N who="0" m="38442" /><D55/><U38/><E50/><V90/><F122/><W31/><G105/><T95/><D95/><U14/><E14/><V10/><F32/><N who="0" m="12330" /><D121/><U65/><E65/><V59/><F23/><W82/><G96/><T47/><D47/><U101/><E101/><V3/><F13/><W131/><G31/><T98/><D98/><U29/><E29/><V42/><F20/><W54/><G117/><T46/><D46/><U83/><REACH who="1" step="1"/><E128/><REACH who="1" ten="250,260,220,240" step="2"/><V113/><F116/><W108/><G108/><T71/><D30/><U79/><E79/><V63/><F49/><W56/><G131/><T74/><D71/><U109/><E109/><V1/><F1/><W132/><G129/><T7/><D7/><U77/><E77/><V87/><REACH who="2" step="1"/><F42/><REACH who="2" ten="250,260,210,240" step="2"/><W86/><G60/><T69/><D69/><U12/><E12/><V11/><F11/><W72/><G18/><T33/><D61/><U40/><E40/><V76/><F76/><W80/><G16/><T51/><D62/><U52/><E52/><V78/><F78/><W67/><G19/><T8/><D51/><U6/><E6/><V118/><F118/><W85/><G54/><T92/><D74/><U28/><E28/><V9/><F9/><W26/><G72/><T39/><D75/><U5/><E5/><V119/><F119/><RYUUKYOKU ba="2,4" sc="250,-15,260,15,210,15,240,-15" hai1="24,25,27,38,41,44,83,84,89,120,123,134,135" hai2="3,4,10,53,59,63,81,87,90,112,113,125,126" /><INIT seed="1,3,4,0,4,52" ten="235,275,225,225" oya="1" hai0="108,61,42,118,102,12,35,80,57,114,98,86,73" hai1="41,14,128,26,105,13,36,51,96,91,68,101,62" hai2="134,99,129,90,109,20,0,85,122,53,54,17,84" hai3="8,79,77,97,63,103,106,30,89,75,15,121,6"/><U38/><E128/><V65/><F122/><W27/><G121/><T22/><D118/><U74/><E74/><V45/><F0/><W56/><G89/><T50/><D35/><U44/><E91/><V69/><F129/><W49/><G49/><T32/><D32/><U59/><E68/><V119/><F119/><W28/><G75/><T115/><D73/><U81/><E81/><V7/><F7/><W93/><G106/><T76/><D108/><U29/><E51/><N who="2" m="28911" /><F65/><W131/><G131/><T23/><D114/><U60/><E60/><V37/><F37/><W87/><G87/><T58/><D115/><U126/><E126/><V127/><F69/><W133/><G133/><T95/><D12/><U1/><E1/><V71/><F71/><W110/><G110/><T123/><D123/><U46/><E46/><V120/><F109/><W78/><G27/><T70/><D70/><U11/><E11/><V111/><F134/><W21/><G21/><N who="0" m="7691" /><D61/><U82/><E82/><V100/><F100/><W16/><G6/><T72/><D72/><U113/><E38/><V125/><F111/><W40/><G40/><T34/><D34/><N who="1" m="20791" /><E113/><V112/><F112/><W130/><G130/><T55/><D42/><U10/><E10/><V64/><F120/><W47/><G47/><AGARI ba="3,4" hai="47,50,55,57,58,76,80,86,95,98,102" m="7691" machi="47" ten="30,3900,0" yaku="8,1,52,2" doraHai="52" who="0" fromWho="3" sc="235,88,275,0,225,0,225,-48" /><INIT seed="2,0,0,2,5,125" ten="323,275,225,177" oya="2" hai0="120,119,75,33,118,99,77,10,76,36,115,132,111" hai1="7,47,63,73,22,116,103,8,96,80,90,87,79" hai2="40,5,109,69,68,31,89,88,121,32,85,50,58" hai3="51,43,67,134,71,34,24,61,128,110,2,107,70"/><V19/><F121/><W0/><G110/><T114/><D36/><U18/><E116/><N who="0" m="44585" /><D33/><U3/><E63/><V65/><F5/><W1/><G71/><T38/><D38/><U41/><E90/><V117/><F117/><W123/><G123/><T129/><D10/><U122/><E87/><V64/><F31/><W86/><G134/><T49/><D49/><U37/><E22/><V127/><F32/><W28/><G86/><T25/><D25/><U93/><E18/><V16/><F127/><W53/><G43/><T30/><D30/><U44/><E44/><N who="2" m="25863" /><F69/><W55/><G51/><T42/><D42/><U62/><E62/><N who="2" m="37975" /><F68/><W29/><G29/><T57/><D57/><U108/><REACH who="1" step="1"/><E122/><REACH who="1" ten="323,265,225,177" step="2"/><V83/><F109/><AGARI ba="0,1" hai="3,7,8,37,41,47,73,79,80,93,96,103,108,109" machi="109" ten="40,8000,1" yaku="1,1,2,1,25,2,53,0" doraHai="125" doraHaiUra="9" who="1" fromWho="2" sc="323,0,265,90,225,-80,177,0" /><INIT seed="3,0,0,5,5,120" ten="323,355,145,177" oya="3" hai0="17,121,18,46,68,26,61,62,51,33,35,50,114" hai1="85,118,119,76,104,9,2,4,73,133,99,65,132" hai2="30,3,53,109,135,24,0,96,8,93,79,134,48" hai3="64,91,21,12,88,101,108,42,34,75,16,127,1"/><W22/><G34/><T117/><D117/><N who="1" m="44555" /><E65/><V82/><F8/><W71/><G1/><T84/><D121/><U60/><E60/><V37/><F37/><W90/><G75/><T81/><D114/><U15/><E85/><V59/><F3/><W97/><G127/><T116/><D116/><U126/><E126/><V103/><F0/><W115/><G115/><T92/><D92/><U39/><E39/><V54/><F54/><W58/><G71/><T122/><D122/><U52/><E52/><V25/><F25/><W106/><G42/><T74/><D74/><U70/><E70/><V128/><F128/><W69/><G69/><T6/><D6/><U29/><E29/><V72/><REACH who="2" step="1"/><F109/><REACH who="2" ten="323,355,135,177" step="2"/><W123/><G123/><T124/><D26/><U40/><E40/><V27/><F27/><W98/><G108/><T47/><D124/><U112/><E112/><V94/><F94/><W66/><G22/><AGARI ba="0,1" hai="22,24,30,48,53,59,72,79,82,93,96,103,134,135" machi="22" ten="40,1300,0" yaku="1,1,53,0" doraHai="120" doraHaiUra="57" who="2" fromWho="3" sc="323,0,355,0,135,23,177,-13" /><INIT seed="4,0,0,4,4,17" ten="323,355,158,164" oya="0" hai0="72,34,113,56,37,59,15,41,73,57,6,92,79" hai1="130,22,36,129,117,2,25,81,87,18,70,26,45" hai2="111,75,116,134,8,55,89,63,9,49,64,106,91" hai3="13,46,35,108,28,11,32,98,58,5,80,67,124"/><T78/><D34/><U83/><E117/><V38/><F38/><W132/><G108/><T7/><D37/><U109/><E109/><V1/><F111/><W114/><G114/><T23/><D113/><U85/><E70/><V104/><F75/><N who="0" m="28746" /><D15/><U105/><E105/><V133/><F116/><W42/><G124/><T118/><D118/><U119/><E2/><V4/><F104/><W94/><G132/><N who="2" m="50793" /><F9/><W29/><G80/><N who="1" m="30794" /><E119/><V126/><F106/><W120/><G120/><T43/><D23/><N who="1" m="13559" /><E45/><N who="2" m="28079" /><F126/><W95/><G35/><T33/><D92/><U48/><E48/><V51/><F51/><N who="3" m="27095" /><G95/><T24/><D24/><U96/><E96/><V107/><F107/><W53/><G32/><T110/><D110/><U93/><BYE who="0" /><E93/><UN n0="%E3%82%A8%E3%82%B9%E3%82%B1%E3%83%BC" /><V47/><F47/><W61/><G67/><T115/><D33/><U52/><E52/><V20/><F20/><W31/><G94/><T44/><D44/><U86/><E36/><V69/><AGARI ba="0,0" hai="1,4,8,63,64,69,89,91" m="28079,50793" machi="69" ten="30,1100,0" yaku="20,1" doraHai="17" who="2" fromWho="2" sc="323,-5,355,-3,158,11,164,-3" /><INIT seed="5,0,0,5,4,105" ten="318,352,169,161" oya="1" hai0="31,52,3,55,22,86,66,23,102,69,62,25,103" hai1="53,51,18,123,134,38,112,56,37,21,15,16,92" hai2="82,30,57,5,27,116,89,43,87,131,13,11,50" hai3="75,29,35,1,130,4,63,96,110,71,88,32,78"/><U95/><E112/><V9/><F131/><W108/><G130/><T91/><D3/><U72/><E134/><V58/><F116/><W26/><G32/><T68/><D68/><U126/><E126/><V12/><F43/><W2/><G88/><T121/><D121/><U79/><E123/><V28/><F50/><W61/><G96/><T49/><D22/><U97/><E92/><V34/><REACH who="2" step="1"/><F30/><REACH who="2" ten="318,352,159,161" step="2"/><W33/><G29/><T118/><D118/><U93/><E38/><V120/><F120/><W83/><G110/><T42/><D42/><U54/><E37/><V132/><F132/><W111/><G108/><T115/><D115/><U20/><E51/><V17/><AGARI ba="0,1" hai="5,9,11,12,13,17,27,28,34,57,58,82,87,89" machi="17" ten="20,2700,0" yaku="1,1,0,1,7,1,53,0" doraHai="105" doraHaiUra="39" who="2" fromWho="2" sc="318,-7,352,-13,159,37,161,-7" /><INIT seed="6,0,0,3,3,75" ten="311,339,196,154" oya="2" hai0="96,62,82,135,105,60,63,13,122,10,89,129,114" hai1="127,47,9,61,57,4,98,112,37,94,45,83,93" hai2="111,131,27,90,51,50,35,38,22,33,23,102,106" hai3="77,48,123,11,118,49,109,116,101,85,2,18,91"/><V34/><F38/><W125/><G109/><T120/><D114/><U70/><E127/><V78/><F131/><W21/><G123/><T15/><D129/><U113/><E70/><V36/><F36/><W41/><G125/><T30/><D135/><U104/><E104/><V128/><F128/><W88/><G101/><T132/><D132/><U73/><E47/><V103/><F90/><W84/><G2/><T108/><D108/><U95/><E83/><V68/><F68/><W44/><G11/><T134/><D134/><U24/><E24/><V54/><F111/><W64/><G64/><T53/><D30/><U80/><E80/><V99/><F102/><W119/><G48/><T124/><D124/><U40/><E73/><V5/><F5/><W76/><G91/><T28/><D28/><U86/><E86/><V81/><F27/><W29/><G29/><T12/><D53/><U121/><E121/><V74/><REACH who="2" step="1"/><F51/><REACH who="2" ten="311,339,186,154" step="2"/><W117/><N who="3" m="29696" /><DORA hai="8" /><W26/><REACH who="3" step="1"/><G84/><REACH who="3" ten="311,339,186,144" step="2"/><N who="0" m="50327" /><D122/><U55/><E113/><V46/><AGARI ba="0,2" hai="22,23,33,34,35,46,50,54,74,78,81,99,103,106" machi="46" ten="30,11700,0" yaku="1,1,0,1,52,1,53,1" doraHai="75,8" doraHaiUra="100,14" who="2" fromWho="2" sc="311,-39,339,-39,186,137,144,-39" /><INIT seed="6,1,0,4,2,9" ten="272,300,323,105" oya="2" hai0="103,49,41,117,68,132,31,121,106,52,57,55,129" hai1="4,61,26,14,78,128,39,112,18,16,122,69,99" hai2="20,60,50,12,108,130,32,63,123,77,88,48,134" hai3="75,13,59,43,64,10,58,131,124,28,15,114,118"/><V21/><F123/><W102/><G118/><T42/><D68/><U1/><E39/><V120/><F32/><W74/><G43/><T70/><D70/><U116/><E78/><V83/><F120/><W33/><G102/><T3/><D3/><U110/><E122/><V93/><F130/><W47/><G47/><T35/><D129/><U5/><E99/><V22/><F134/><W135/><G131/><T37/><D37/><U38/><E61/><N who="2" m="23627" /><F108/><W19/><G64/><T89/><D132/><U25/><E128/><V44/><F83/><W91/><G135/><T100/><D117/><U65/><E65/><V6/><F77/><W125/><G33/><T90/><D35/><U40/><E40/><N who="0" m="15465" /><D106/><U51/><E51/><V45/><F45/><W79/><G79/><T95/><D89/><U62/><E62/><V107/><F107/><W84/><G91/><T8/><D31/><U7/><E69/><V105/><F105/><W24/><G28/><T11/><D55/><U56/><E38/><V86/><F44/><W111/><G111/><T96/><D121/><U85/><E116/><V72/><F72/><W113/><G84/><T71/><D71/><U53/><E85/><V81/><F81/><W98/><G98/><T0/><D0/><U109/><E1/><V2/><F2/><W101/><G101/><AGARI ba="1,0" hai="8,11,49,52,57,90,95,96,100,101,103" m="15465" machi="101" ten="30,2000,0" yaku="8,1,54,1" doraHai="9" who="0" fromWho="3" sc="272,23,300,0,323,0,105,-23" /><INIT seed="7,0,0,2,0,77" ten="295,300,323,82" oya="3" hai0="53,62,67,42,66,100,16,52,60,73,2,115,49" hai1="92,111,126,101,84,14,83,107,134,59,117,44,116" hai2="96,61,11,40,118,86,9,63,27,28,39,0,125" hai3="91,20,113,102,55,46,130,18,21,25,30,85,34"/><W17/><G113/><T132/><D73/><U109/><E44/><V76/><F118/><N who="1" m="45673" /><E59/><V120/><F120/><W15/><G130/><T80/><D2/><U50/><E50/><V79/><F39/><W4/><G102/><T38/><D38/><U75/><E14/><V56/><F40/><W3/><G3/><T122/><D122/><U104/><E75/><V72/><F72/><W128/><G128/><T68/><D115/><U108/><E126/><V23/><F63/><N who="0" m="24106" /><D68/><U105/><E134/><V103/><F0/><W95/><G4/><T31/><D132/><U43/><E43/><V8/><F86/><W70/><G70/><T5/><D5/><U12/><E12/><V88/><F103/><W135/><G135/><T6/><D6/><U37/><E37/><V94/><F125/><W64/><G64/><AGARI ba="0,0" hai="8,9,11,23,27,28,56,61,64,76,79,88,94,96" machi="64" ten="40,2600,0" yaku="8,1,54,1" doraHai="77" who="2" fromWho="3" sc="295,0,300,0,323,26,82,-26" owari="295,-10.0,300,10.0,349,44.0,56,-44.0" /></mjloggm>