<mjloggm ver="2.3"><GO type="169" lobby="0"/><UN n0="%E3%83%A8%E3%82%B3%E3%83%A8%E3%82%B3" n1="%EF%BC%BC%28%EF%BC%BE%6F%EF%BC%BE%29%EF%BC%8F%E2%98%85" n2="%52%45%49%4E%E6%A3%AE%E4%B9%85%E4%BF%9D%50" n3="%E3%83%99%E3%82%B8%E2%80%95%E3%82%BF" dan="16,17,16,16" rate="2119.21,2218.52,2138.36,2139.55" sx="M,M,M,M"/><TAIKYOKU oya="0"/><INIT seed="0,0,0,0,0,135" ten="250,250,250,250" oya="0" hai0="54,83,94,115,103,86,89,6,37,19,32,55,70" hai1="80,49,36,74,75,112,56,82,114,9,43,65,25" hai2="122,88,0,16,121,59,96,26,24,66,118,124,30" hai3="126,97,46,127,5,58,33,23,31,14,104,87,95"/><T61/><D115/><U73/><E36/><V129/><F0/><W62/><G104/><T132/><D132/><U85/><E9/><V101/><F118/><W93/><G46/><T117/><D117/><U15/><E15/><V133/><F133/><W113/><G113/><N who="1" m="43626" /><E25/><V67/><F129/><W128/><G128/><T13/><D37/><U41/><E49/><V17/><F101/><W71/><G71/><T64/><D32/><U102/><E102/><V100/><F100/><N who="3" m="60463" /><G33/><T57/><D6/><U53/><E65/><V28/><F96/><W52/><G5/><T125/><D125/><N who="3" m="47625" /><G31/><T34/><D34/><U1/><E1/><V8/><F124/><W35/><G35/><T77/><D103/><U130/><E130/><V10/><REACH who="2" step="1"/><F59/><REACH who="2" ten="250,250,240,250" step="2"/><W38/><G38/><T48/><D70/><U116/><E116/><V11/><F11/><W109/><G109/><T105/><D105/><U18/><E56/><V3/><F3/><W21/><G14/><T120/><D120/><U84/><E75/><V119/><F119/><W90/><AGARI ba="0,1" hai="21,23,52,58,62,87,90,95" m="47625,60463" machi="90" ten="30,8000,1" yaku="18,1,52,3,54,1" doraHai="135" who="3" fromWho="3" sc="250,-40,250,-20,240,-20,250,90" /><INIT seed="1,0,0,4,2,28" ten="210,230,220,340" oya="1" hai0="135,100,114,107,58,82,128,64,30,98,85,72,81" hai1="3,11,27,7,53,70,115,35,97,87,34,57,95" hai2="55,77,1,86,43,109,76,15,51,39,6,122,101" hai3="50,99,67,16,120,94,52,36,124,47,133,20,129"/><U83/><E70/><V102/><F109/><W2/><G2/><T13/><D114/><U123/><E123/><V134/><F134/><W40/><G133/><T63/><D135/><U9/><E9/><V110/><F110/><W90/><G120/><T80/><D128/><U104/><E104/><V130/><F130/><W125/><G67/><T21/><D72/><U106/><E106/><V116/><F116/><W71/><G71/><T12/><REACH who="0" step="1"/><D85/><REACH who="0" ten="200,230,220,340" step="2"/><U18/><E115/><V96/><F86/><W0/><G129/><T22/><D22/><N who="1" m="13783" /><E87/><V88/><F122/><W92/><G0/><T78/><D78/><U74/><E74/><V33/><F76/><W25/><REACH who="3" step="1"/><G92/><REACH who="3" ten="200,230,220,330" step="2"/><T66/><D66/><U14/><E3/><V91/><F1/><W65/><G65/><T8/><D8/><U49/><E83/><V19/><F77/><W113/><G113/><T111/><D111/><U118/><E118/><V37/><F33/><W42/><G42/><T41/><D41/><U24/><E35/><V61/><F43/><W112/><G112/><T17/><D17/><U29/><E34/><V89/><F19/><W60/><G60/><T56/><D56/><AGARI ba="0,2" hai="16,20,25,36,40,47,50,52,56,90,94,99,124,125" machi="56" ten="40,8000,1" yaku="1,1,54,2,53,2" doraHai="28" doraHaiUra="132" who="3" fromWho="0" sc="200,-80,230,0,220,0,330,100" /><INIT seed="2,0,0,0,1,101" ten="120,230,220,430" oya="2" hai0="116,113,120,53,134,91,36,102,81,44,105,42,47" hai1="119,27,118,124,19,87,20,12,115,61,46,48,21" hai2="11,33,68,127,29,63,15,94,31,7,117,104,84" hai3="1,114,122,13,126,128,39,6,112,132,67,133,121"/><V86/><F117/><W52/><G39/><T103/><D113/><N who="3" m="43625" /><G67/><T16/><D120/><N who="3" m="46185" /><G52/><T69/><D116/><U3/><E124/><V5/><F127/><W83/><G83/><T93/><D134/><N who="3" m="51817" /><G126/><T26/><D69/><U107/><E115/><V60/><F68/><W72/><G72/><T45/><D81/><U111/><E61/><V131/><F94/><W4/><G1/><T30/><D36/><U78/><E3/><V37/><F37/><W9/><G128/><T18/><D42/><U90/><E78/><V97/><F33/><W58/><G58/><T75/><D75/><U106/><E119/><V125/><F125/><W109/><G109/><T25/><D53/><U8/><E111/><V129/><F11/><W43/><G43/><T70/><D70/><U135/><E135/><V65/><F65/><W85/><G85/><T51/><D51/><U96/><E118/><V80/><F80/><W66/><G66/><T108/><D108/><U98/><E8/><V38/><F38/><W79/><G79/><T24/><D30/><U34/><E34/><V73/><F73/><W35/><G35/><T40/><D40/><U95/><E48/><V0/><F0/><W62/><G62/><T57/><D57/><U28/><E46/><V41/><F41/><W54/><G54/><T64/><D64/><U130/><E130/><V74/><F74/><W99/><G99/><T88/><D93/><U49/><E49/><V59/><F97/><W32/><G32/><T92/><D92/><U10/><E10/><V55/><F131/><W71/><G71/><T89/><D105/><AGARI ba="0,0" hai="12,19,20,21,27,28,87,90,95,96,98,105,106,107" machi="105" ten="40,8000,1" yaku="6,1,52,3" doraHai="101" who="1" fromWho="0" sc="120,-80,230,80,220,0,430,0" /><INIT seed="3,0,0,4,5,40" ten="40,310,220,430" oya="3" hai0="115,95,7,93,45,109,36,50,6,4,37,94,121" hai1="103,86,125,112,87,76,63,102,66,128,85,69,71" hai2="96,120,38,12,64,53,2,60,70,129,47,92,132" hai3="59,31,123,62,24,79,61,58,13,15,89,27,127"/><W88/><G123/><T52/><D109/><U124/><E112/><V17/><F120/><W39/><G127/><N who="1" m="48714" /><E128/><V48/><F132/><W131/><G79/><T133/><D115/><U91/><E76/><V55/><F129/><W32/><G131/><T28/><D121/><U56/><E91/><V84/><F84/><W14/><G39/><T126/><D126/><U35/><E35/><V21/><F2/><W99/><G99/><T49/><D133/><U100/><AGARI ba="0,0" hai="56,63,66,69,71,85,86,87,100,102,103" m="48714" machi="100" ten="40,1500,0" yaku="18,1" doraHai="40" who="1" fromWho="1" sc="40,-4,310,15,220,-4,430,-7" /><INIT seed="4,0,0,0,5,95" ten="36,325,216,423" oya="0" hai0="103,126,17,109,8,36,16,80,78,26,3,134,128" hai1="1,63,22,55,35,70,38,99,133,91,45,68,24" hai2="34,115,73,122,18,62,27,59,120,50,74,10,101" hai3="75,49,105,42,118,113,13,129,132,121,57,82,107"/><T46/><D126/><U23/><E1/><V71/><F115/><W106/><G118/><T72/><D128/><U28/><E133/><V37/><F37/><W19/><G129/><T114/><D114/><U0/><E0/><V111/><F111/><W83/><G113/><T98/><D134/><U88/><E70/><V47/><F71/><W117/><G117/><T110/><D26/><U4/><E4/><V69/><F69/><W52/><G132/><T6/><D17/><U25/><E35/><V97/><F73/><W81/><G121/><T30/><D30/><U64/><E99/><V90/><F74/><W15/><G75/><T89/><D89/><U125/><E125/><V131/><F90/><W31/><G31/><T116/><D16/><U84/><E84/><V7/><F131/><W21/><REACH who="3" step="1"/><G42/><REACH who="3" ten="36,325,216,413" step="2"/><N who="0" m="22855" /><D116/><U9/><E28/><V32/><F122/><W93/><G93/><AGARI ba="0,1" hai="3,6,8,72,78,80,93,98,103,109,110" m="22855" machi="93" ten="30,2900,0" yaku="25,1,52,1" doraHai="95" who="0" fromWho="3" sc="36,39,325,0,216,0,413,-29" /><INIT seed="4,1,0,0,3,71" ten="75,325,216,384" oya="0" hai0="25,102,51,34,66,107,129,1,39,109,54,15,4" hai1="80,70,8,95,41,100,3,85,105,110,79,130,126" hai2="59,20,89,44,42,29,2,127,117,33,69,133,83" hai3="120,17,37,86,13,52,48,91,16,81,122,112,134"/><T106/><D129/><U63/><E110/><V23/><F2/><W56/><G112/><T72/><D109/><U88/><E130/><V60/><F69/><W76/><G134/><T46/><D72/><U108/><E108/><V18/><F117/><W118/><G118/><T38/><D1/><U82/><E126/><V78/><F89/><W14/><G37/><T92/><D92/><U26/><E82/><V116/><F116/><W77/><G14/><T5/><D66/><U47/><E26/><V68/><F68/><W62/><G62/><T114/><D114/><U55/><E105/><V119/><F119/><W131/><G131/><T12/><D34/><U40/><E100/><V30/><F23/><W96/><G17/><T94/><D94/><U125/><E125/><V103/><F103/><W99/><G99/><T61/><D25/><U6/><E47/><V65/><F133/><W9/><REACH who="3" step="1"/><G96/><REACH who="3" ten="75,325,216,374" step="2"/><N who="0" m="61767" /><D61/><U97/><REACH who="1" step="1"/><E55/><REACH who="1" ten="75,315,216,374" step="2"/><V36/><F127/><W64/><G64/><AGARI ba="1,2" hai="3,6,8,40,41,63,64,70,79,80,85,88,95,97" machi="64" ten="40,8000,1" yaku="1,1,2,1,54,1,53,1" doraHai="71" doraHaiUra="74" who="1" fromWho="3" sc="75,0,315,103,216,0,374,-83" /><INIT seed="5,0,0,4,0,77" ten="75,418,216,291" oya="1" hai0="34,94,9,36,32,3,70,122,38,27,105,2,28" hai1="101,108,58,104,71,114,10,66,56,57,23,97,75" hai2="14,52,64,112,133,131,92,98,134,49,61,118,121" hai3="43,37,102,128,125,35,80,88,42,11,40,81,67"/><U132/><E114/><V79/><F118/><W44/><G35/><T113/><D113/><U83/><E132/><N who="2" m="50795" /><F112/><W33/><G33/><T123/><D34/><U91/><E108/><V54/><F121/><W120/><G120/><T24/><D24/><U15/><E23/><V74/><F131/><W124/><G102/><T4/><D94/><U26/><E26/><V7/><F79/><W59/><G128/><T135/><D135/><U55/><E71/><N who="2" m="42383" /><F74/><W126/><G11/><T50/><D50/><U47/><E66/><V69/><F69/><W63/><G80/><T48/><D48/><U46/><E55/><V90/><F49/><W85/><AGARI ba="0,0" hai="37,40,42,43,44,59,63,67,81,85,88,124,125,126" machi="85" ten="40,8000,1" yaku="0,1,18,1,52,1,54,1" doraHai="77" who="3" fromWho="3" sc="75,-20,418,-40,216,-20,291,80" /><INIT seed="6,0,0,4,3,130" ten="55,378,196,371" oya="2" hai0="43,112,90,68,3,11,27,128,82,42,18,9,35" hai1="115,131,97,101,49,41,89,80,50,106,111,32,60" hai2="124,104,2,13,114,67,109,75,20,15,129,133,119" hai3="57,66,120,7,88,98,113,38,8,81,45,5,123"/><V96/><RYUUKYOKU type="yao9" ba="0,0" sc="55,0,378,0,196,0,371,0" hai2="2,13,15,20,67,75,96,104,109,114,119,124,129,133" /><INIT seed="6,1,0,4,0,1" ten="55,378,196,371" oya="2" hai0="59,100,14,93,103,81,115,130,21,86,134,45,49" hai1="127,132,66,62,18,29,26,97,65,95,84,27,87" hai2="102,22,77,78,88,13,108,128,99,39,31,24,61" hai3="70,53,90,125,101,0,60,33,23,19,112,54,92"/><V6/><F39/><W71/><G33/><T117/><D115/><U89/><E132/><V43/><F43/><W17/><G0/><T56/><D134/><U44/><E127/><V41/><F41/><W133/><G133/><T32/><D32/><U96/><E44/><V124/><F128/><W36/><G36/><T120/><D130/><U30/><E18/><V11/><F124/><W64/><G125/><T48/><D120/><U72/><E72/><V75/><F75/><W98/><G71/><T83/><D117/><U74/><E74/><V123/><F123/><W82/><G112/><T34/><D34/><U110/><E110/><V111/><F102/><W50/><G82/><T85/><D21/><U3/><E3/><V25/><F25/><W68/><G68/><T114/><D114/><U91/><E62/><V40/><F40/><W42/><G42/><T35/><D35/><U63/><E63/><V52/><F108/><W46/><G54/><T119/><D119/><U58/><E95/><N who="2" m="56807" /><F111/><W118/><G118/><T47/><REACH who="0" step="1"/><D93/><REACH who="0" ten="45,378,196,371" step="2"/><U76/><E30/><V113/><F113/><W8/><G23/><T57/><D57/><U104/><E58/><V16/><F31/><W109/><G109/><T55/><D55/><U121/><E29/><V126/><F126/><W116/><G116/><T122/><D122/><U20/><E121/><V15/><F24/><W131/><G131/><T9/><D9/><U28/><E26/><V80/><F80/><W51/><G8/><T10/><D10/><U106/><E27/><V5/><F11/><W107/><G51/><T129/><D129/><RYUUKYOKU ba="1,1" sc="45,15,378,-15,196,-15,371,15" hai0="14,45,47,48,49,56,59,81,83,85,86,100,103" hai3="17,19,46,50,53,60,64,70,90,92,98,101,107" /><INIT seed="7,2,1,4,2,12" ten="60,363,181,386" oya="3" hai0="112,58,10,9,113,11,97,68,73,22,48,13,17" hai1="127,30,129,87,111,57,38,108,51,83,79,125,82" hai2="130,128,95,44,71,122,90,42,31,120,93,59,98" hai3="107,118,2,67,24,65,46,39,43,54,45,119,91"/><W99/><G2/><T3/><D68/><U115/><E38/><V72/><F71/><W123/><G24/><N who="0" m="14415" /><D97/><U134/><E115/><N who="0" m="44105" /><D73/><U23/><E134/><V33/><F72/><W25/><G25/><T32/><D58/><U135/><E135/><V85/><F31/><W61/><G91/><T74/><D48/><U133/><E133/><V70/><F33/><W66/><G99/><T117/><D74/><U76/><E129/><N who="2" m="49771" /><F59/><N who="3" m="35063" /><G107/><T126/><D117/><N who="3" m="44553" /><G46/><T101/><D101/><U52/><E23/><V69/><F70/><W5/><G5/><N who="0" m="1215" /><D126/><N who="1" m="48139" /><E30/><V1/><F1/><W60/><G123/><T78/><D78/><U89/><E79/><V103/><F69/><AGARI ba="2,1" hai="39,43,45,60,65,66,67,69" m="44553,35063" machi="69" ten="30,2900,0" yaku="34,2" doraHai="12" who="3" fromWho="2" sc="60,0,363,0,181,-35,386,45" owari="60,-44.0,363,16.0,146,-25.0,431,53.0" /></mjloggm>