<mjloggm ver="2.3"><GO type="169" lobby="0"/><UN n0="%E3%81%B2%E3%81%AA%E3%81%B3%E3%81%9F%E3%82%AD%E3%83%8E%E3%82%B3" n1="%62%69%67%6D%6F%75%74%68" n2="%69%71%31%38%30%E7%9C%9F%E5%89%A3%E6%A7%98" n3="%E4%BD%8E%E3%82%81%E3%82%B9%E3%83%A9%E3%82%A4%E3%83%80%E3%83%BC" dan="16,16,16,16" rate="2080.07,2066.13,2131.16,2137.20" sx="M,M,M,F"/><TAIKYOKU oya="0"/><INIT seed="0,0,0,2,2,107" ten="250,250,250,250" oya="0" hai0="104,33,46,42,122,26,108,100,43,123,49,53,130" hai1="9,94,81,79,19,0,113,109,72,38,28,128,60" hai2="2,97,118,99,126,125,134,35,67,101,88,41,54" hai3="114,121,120,116,69,65,73,131,30,92,1,82,63"/><T22/><D33/><U36/><E109/><V8/><F35/><W135/><G116/><T27/><D108/><U56/><E128/><V10/><F134/><W66/><G114/><T64/><D130/><U103/><E113/><V93/><F118/><W32/><G131/><T29/><D64/><U40/><E28/><V45/><F67/><W87/><G135/><T4/><D4/><U70/><E70/><V124/><F54/><W58/><G1/><T3/><D3/><U21/><E40/><V89/><F2/><W50/><G92/><T95/><D104/><U132/><E132/><V44/><F89/><W91/><G73/><T77/><D77/><U106/><E106/><N who="2" m="63791" /><F45/><W57/><G69/><T84/><D27/><U86/><E9/><V6/><F6/><W98/><G98/><T105/><D105/><U13/><E0/><V111/><F111/><W129/><G129/><T74/><D74/><U15/><E15/><V12/><F12/><W24/><G50/><AGARI ba="0,0" hai="8,10,41,44,50,88,93,99,124,125,126" m="63791" machi="50" ten="30,2000,0" yaku="18,1,54,1" doraHai="107" who="2" fromWho="3" sc="250,0,250,0,250,20,250,-20" /><INIT seed="1,0,0,5,1,90" ten="250,250,270,230" oya="1" hai0="36,69,73,116,96,92,105,65,2,24,68,72,62" hai1="76,14,122,60,123,46,94,58,63,3,48,20,28" hai2="86,49,120,124,88,98,97,80,8,22,81,18,15" hai3="102,132,12,54,79,23,110,93,45,89,106,0,37"/><U121/><E3/><V77/><F120/><W32/><G32/><T17/><D116/><U84/><E63/><V103/><F124/><W16/><G110/><T6/><D105/><U74/><E74/><V133/><F133/><W1/><G132/><T31/><D36/><U27/><E14/><V125/><F125/><W57/><G79/><T10/><D17/><U126/><E126/><V59/><F103/><W111/><G111/><T108/><D69/><U9/><E9/><V67/><F8/><W119/><G119/><T33/><REACH who="0" step="1"/><D108/><REACH who="0" ten="240,250,270,230" step="2"/><U5/><E123/><V85/><REACH who="2" step="1"/><F49/><REACH who="2" ten="240,250,260,230" step="2"/><N who="3" m="30927" /><G106/><T104/><D104/><U134/><E134/><V87/><F87/><N who="3" m="52415" /><G102/><AGARI ba="0,2" hai="2,6,10,24,31,33,62,65,68,72,73,92,96,102" machi="102" ten="30,3900,0" yaku="1,1,7,1,52,1,53,0" doraHai="90" doraHaiUra="100" who="0" fromWho="3" sc="240,59,250,0,260,0,230,-39" /><INIT seed="2,0,0,4,1,22" ten="299,250,260,191" oya="2" hai0="6,54,47,91,127,110,126,118,90,94,62,44,109" hai1="71,80,77,87,132,123,8,83,12,92,59,33,11" hai2="122,103,23,106,25,84,93,60,39,96,15,10,24" hai3="113,115,5,107,134,56,63,72,131,102,104,57,61"/><V117/><F117/><W27/><G131/><T26/><D118/><U13/><E71/><V97/><F122/><W52/><G134/><T121/><D121/><U101/><E123/><V43/><F23/><W16/><G72/><T30/><D6/><U85/><E132/><V125/><F125/><N who="0" m="47626" /><D62/><U53/><E33/><V129/><F129/><W18/><G5/><T128/><D128/><U32/><E32/><V79/><F60/><W3/><G3/><T66/><D66/><U51/><E101/><V98/><F98/><W48/><G48/><N who="0" m="28935" /><D47/><U73/><E92/><N who="2" m="58759" /><F39/><W35/><G102/><T45/><D45/><U130/><E130/><V64/><F64/><N who="3" m="38951" /><G107/><T120/><D120/><U75/><E75/><V114/><F43/><W4/><G4/><T112/><D112/><N who="3" m="43081" /><G104/><T38/><D38/><U78/><REACH who="1" step="1"/><E73/><REACH who="1" ten="299,240,260,191" step="2"/><V42/><F114/><W116/><G116/><T105/><D105/><U65/><E65/><V111/><F106/><W14/><G14/><AGARI ba="0,1" hai="8,11,12,13,14,51,53,59,77,78,80,83,85,87" machi="14" ten="40,5200,0" yaku="1,1,9,1,8,1,53,0" doraHai="22" doraHaiUra="68" who="1" fromWho="3" sc="299,0,240,62,260,0,191,-52" /><INIT seed="3,0,0,5,3,7" ten="299,302,260,139" oya="3" hai0="68,98,38,125,19,17,13,33,63,75,55,11,106" hai1="82,5,119,16,101,117,18,102,108,28,40,111,91" hai2="42,29,80,107,27,124,23,57,129,81,115,86,20" hai3="74,60,78,31,39,9,120,43,67,99,89,4,64"/><W49/><G120/><T51/><D38/><U0/><E28/><V128/><F115/><W85/><G39/><T3/><D75/><U76/><E91/><V112/><F112/><W62/><G31/><T54/><D3/><U12/><E40/><V24/><F107/><W46/><G74/><T44/><D33/><U103/><E0/><V35/><F124/><W15/><G99/><T83/><D83/><U34/><E34/><V58/><F42/><W135/><G135/><T97/><D125/><U113/><E5/><V69/><F35/><W48/><G48/><T94/><D106/><U90/><E90/><V1/><F1/><W110/><G110/><N who="1" m="42026" /><E113/><V95/><F29/><W10/><G78/><T65/><D94/><U130/><E130/><V45/><F95/><W131/><G131/><T50/><D17/><N who="1" m="6763" /><E12/><V70/><F86/><AGARI ba="0,0" hai="76,82,86,101,102,103,117,119" m="6763,42026" machi="86" ten="40,2600,0" yaku="14,1,54,1" doraHai="7" who="1" fromWho="2" sc="299,0,302,26,260,-26,139,0" /><INIT seed="4,0,0,5,4,11" ten="299,328,234,139" oya="0" hai0="25,68,57,122,82,108,35,7,132,80,94,99,123" hai1="49,91,112,120,48,128,76,23,6,16,62,53,58" hai2="50,119,101,121,67,106,78,84,95,34,2,114,79" hai3="5,116,110,14,30,100,1,60,10,90,40,89,71"/><T8/><D68/><U133/><E120/><V87/><F2/><W96/><G110/><T109/><D132/><U26/><E133/><V45/><F34/><W118/><G40/><T97/><D57/><U103/><E128/><V17/><F121/><W83/><G30/><T129/><D129/><U31/><E112/><V24/><F106/><W27/><G27/><T65/><D65/><U15/><E6/><V29/><F119/><W0/><G0/><T134/><D134/><U125/><E125/><V12/><F114/><W70/><G70/><T41/><D41/><U111/><E111/><N who="0" m="42569" /><D97/><U113/><E113/><V4/><F4/><W74/><G118/><T51/><D51/><U18/><E103/><V127/><F67/><W32/><G116/><T39/><D39/><U19/><E76/><V107/><F127/><W69/><G69/><T86/><D25/><U61/><E49/><V37/><F37/><W126/><G126/><T38/><D80/><U75/><E48/><V81/><F81/><W54/><G71/><T21/><D21/><U36/><E36/><V77/><F50/><W92/><G54/><T130/><D130/><U105/><E62/><V115/><F115/><W85/><G60/><T59/><D38/><U42/><E42/><V20/><F45/><W64/><G64/><T124/><D124/><U98/><E98/><N who="2" m="59615" /><F107/><N who="3" m="63879" /><G32/><T44/><D35/><U88/><E105/><V22/><AGARI ba="0,0" hai="12,17,20,22,24,29,77,78,79,84,87" m="59615" machi="22" ten="30,2000,0" yaku="8,1,52,1" doraHai="11" who="2" fromWho="2" sc="299,-10,328,-5,234,20,139,-5" /><INIT seed="5,0,0,0,0,14" ten="289,323,254,134" oya="1" hai0="60,2,58,44,114,75,101,0,109,43,42,85,23" hai1="92,78,24,88,28,87,55,67,82,70,63,130,108" hai2="34,38,53,79,102,37,68,20,134,7,127,54,21" hai3="80,25,33,115,133,10,93,30,11,51,22,59,116"/><U66/><E130/><V105/><F34/><W126/><G126/><T41/><D75/><U36/><E36/><V32/><F32/><W135/><G115/><T132/><D109/><U95/><E108/><V56/><F68/><W45/><G116/><T122/><D114/><U49/><E67/><V57/><F79/><W48/><G80/><T77/><D132/><U131/><E131/><V104/><F102/><W129/><G129/><T27/><D101/><U76/><E76/><V72/><F7/><W46/><G59/><T74/><D74/><U117/><E117/><V112/><F72/><W83/><G83/><N who="0" m="47343" /><D2/><U26/><E28/><V19/><F112/><W13/><G33/><T15/><D15/><U94/><REACH who="1" step="1"/><E78/><REACH who="1" ten="289,313,254,134" step="2"/><V128/><F128/><W124/><G135/><T107/><D122/><U9/><E9/><V100/><F134/><W103/><G133/><T91/><D0/><U97/><E97/><V47/><F38/><W4/><G11/><T84/><D41/><U90/><E90/><V120/><F37/><W123/><G123/><T62/><D91/><U71/><E71/><V81/><F120/><W18/><G124/><T16/><D43/><U1/><E1/><V125/><F127/><W110/><G110/><T31/><D42/><U3/><E3/><V64/><F125/><W119/><G119/><T86/><D31/><U5/><E5/><V111/><F111/><W52/><G4/><T39/><D39/><U89/><E89/><V121/><F121/><W61/><G30/><T65/><D65/><U29/><E29/><V118/><F118/><W106/><G10/><RYUUKYOKU ba="0,1" sc="289,-10,313,30,254,-10,134,-10" hai1="24,26,49,55,63,66,70,82,87,88,92,94,95" /><INIT seed="5,1,1,4,1,69" ten="279,343,244,124" oya="1" hai0="107,77,116,75,79,40,71,100,115,0,120,99,89" hai1="81,51,67,21,25,56,59,6,49,102,111,62,72" hai2="65,94,15,133,37,54,110,66,35,96,122,88,28" hai3="78,85,60,98,18,57,126,106,103,73,55,121,68"/><U2/><E111/><V1/><F110/><W64/><G121/><T84/><D116/><U91/><E102/><V4/><F122/><W86/><G126/><T118/><D0/><U87/><E72/><V26/><F133/><W124/><G124/><T8/><D71/><U42/><E42/><V80/><F80/><W3/><G3/><T31/><D118/><U14/><E2/><V52/><F37/><W128/><G128/><T47/><D31/><U92/><E81/><V5/><F1/><W130/><G130/><T83/><D8/><N who="1" m="4375" /><E59/><V10/><REACH who="2" step="1"/><F4/><REACH who="2" ten="279,343,234,124" step="2"/><W63/><G73/><T113/><D120/><U39/><E39/><V19/><F19/><AGARI ba="1,2" hai="19,21,25,49,51,56,62,67,87,91,92" m="4375" machi="19" ten="30,1500,0" yaku="8,1" doraHai="69" who="1" fromWho="2" sc="279,0,343,38,234,-18,124,0" /><INIT seed="5,2,0,1,3,53" ten="279,381,216,124" oya="1" hai0="95,27,130,46,103,108,117,11,107,84,104,50,10" hai1="30,25,67,82,5,83,75,89,33,48,1,61,92" hai2="44,120,16,99,106,134,129,3,38,80,113,40,18" hai3="131,42,57,15,121,37,4,71,35,100,72,58,17"/><U43/><E75/><V39/><F120/><W76/><G121/><T93/><D117/><U45/><E5/><V49/><F3/><W9/><G71/><T41/><D108/><U105/><E105/><V127/><F129/><W114/><G35/><T115/><D115/><U60/><E60/><V122/><F122/><W20/><G114/><T68/><D68/><U124/><E124/><V8/><F127/><W32/><G100/><T28/><D104/><U59/><REACH who="1" step="1"/><E1/><REACH who="1" ten="279,371,216,124" step="2"/><V123/><F123/><W74/><G74/><T22/><D107/><U36/><E36/><V90/><F39/><W135/><G131/><T64/><D130/><U128/><E128/><V88/><F38/><W14/><G135/><T12/><D64/><U34/><E34/><V98/><F106/><W111/><G32/><T81/><D11/><U65/><E65/><V116/><F8/><W78/><G111/><T109/><D109/><U51/><E51/><V91/><F116/><W47/><REACH who="3" step="1"/><G72/><REACH who="3" ten="279,371,216,114" step="2"/><T2/><D103/><U97/><AGARI ba="2,2" hai="25,30,33,43,45,48,59,61,67,82,83,89,92,97" machi="97" ten="20,12000,1" yaku="1,1,0,1,7,1,52,1,53,1" doraHai="53" doraHaiUra="24" who="1" fromWho="1" sc="279,-42,371,146,216,-42,114,-42" /><INIT seed="5,3,0,0,0,133" ten="237,517,174,72" oya="1" hai0="11,21,72,95,63,43,81,121,66,28,39,42,82" hai1="101,44,127,8,102,96,76,130,16,78,20,111,23" hai2="103,49,83,85,123,46,34,70,7,58,115,37,86" hai3="135,19,32,120,17,134,64,14,57,10,53,91,80"/><U129/><E111/><V9/><F123/><W119/><G120/><T15/><D121/><U29/><E29/><V62/><F34/><W45/><G32/><T68/><D39/><U24/><E23/><V25/><F70/><W50/><G119/><T108/><D108/><U22/><E22/><V55/><F37/><W36/><G36/><T87/><D72/><U84/><E8/><V131/><F131/><N who="1" m="50185" /><E44/><V118/><F118/><W40/><G40/><T125/><D125/><U6/><E6/><V88/><F115/><W2/><G2/><T54/><D54/><U26/><E127/><V0/><F103/><W122/><G122/><T48/><D48/><U56/><E26/><V30/><F85/><W47/><G19/><T126/><D126/><U51/><E84/><V60/><F30/><W107/><G107/><T27/><D43/><U114/><E114/><V12/><F0/><W117/><G117/><T5/><D42/><U65/><E102/><V128/><F128/><W67/><G135/><T89/><AGARI ba="3,0" hai="5,11,15,21,27,28,63,66,68,81,82,87,89,95" machi="89" ten="30,1100,0" yaku="0,1" doraHai="133" who="0" fromWho="0" sc="237,20,517,-8,174,-6,72,-6" /><INIT seed="6,0,0,1,2,10" ten="257,509,168,66" oya="2" hai0="111,117,27,13,71,54,85,106,122,134,23,25,97" hai1="56,113,100,46,91,22,24,31,120,63,78,116,50" hai2="84,114,124,55,128,17,115,88,65,131,108,72,32" hai3="98,79,77,121,37,127,125,102,52,89,40,81,15"/><V62/><F32/><W30/><G121/><T34/><D122/><U129/><E116/><V58/><F72/><W16/><G30/><T133/><D71/><U2/><E2/><V18/><F124/><N who="3" m="47691" /><G40/><T4/><D111/><U94/><E113/><N who="2" m="43019" /><F65/><W99/><G37/><T132/><D117/><U43/><E129/><N who="2" m="49739" /><F108/><W51/><G89/><T103/><D34/><U123/><E78/><N who="3" m="29706" /><G81/><AGARI ba="0,0" hai="17,18,55,58,62,81,84,88" m="49739,43019" machi="81" ten="30,5800,0" yaku="15,1,19,1,54,1" doraHai="10" who="2" fromWho="3" sc="257,0,509,0,168,58,66,-58" /><INIT seed="6,1,0,0,3,51" ten="257,509,226,8" oya="2" hai0="43,37,11,105,67,83,65,12,1,123,97,76,22" hai1="34,62,38,32,63,19,4,9,36,10,126,109,89" hai2="49,116,56,99,75,17,125,71,122,82,127,53,5" hai3="15,16,102,23,0,110,84,130,27,119,26,111,39"/><V87/><F122/><W121/><G121/><T114/><D123/><U70/><E109/><V24/><F116/><W47/><G119/><T40/><D114/><U29/><E126/><N who="2" m="48139" /><F75/><W55/><G130/><T112/><D112/><U104/><E104/><V6/><F71/><W54/><G111/><T31/><D40/><U2/><E89/><N who="2" m="51447" /><F99/><W94/><G110/><T101/><D31/><U42/><E42/><V13/><F24/><N who="3" m="9259" /><G0/><T66/><D1/><U85/><E85/><V129/><F129/><W128/><G39/><T81/><D76/><U72/><E72/><V86/><F86/><W28/><G128/><T135/><D135/><U88/><E29/><V35/><F35/><W92/><G28/><T33/><D33/><U91/><E70/><V134/><F134/><W69/><G69/><T58/><D37/><U103/><E38/><V21/><AGARI ba="1,0" hai="5,6,13,17,21,49,53,56" m="51447,48139" machi="21" ten="30,3000,0" yaku="18,1,52,1" doraHai="51" who="2" fromWho="2" sc="257,-11,509,-11,226,33,8,-11" owari="246,-15.0,498,59.0,259,6.0,-3,-50.0" /></mjloggm>