<mjloggm ver="2.3"><GO type="185" lobby="0"/><UN n0="%44%75%73%6B" n1="%4A%45%54%4D%41%4E%4E" n2="%E9%9B%80%E3%82%B0%E3%83%A9%E3%83%BC" n3="" dan="16,16,16,0" rate="2159.17,2136.68,2101.63,1500.00" sx="M,M,M,C"/><TAIKYOKU oya="0"/><INIT seed="0,0,0,3,2,37" ten="350,350,350,0" oya="0" hai0="114,86,62,107,110,60,41,113,63,52,83,67,39" hai1="94,108,103,118,80,71,92,45,64,101,131,88,72" hai2="53,119,38,79,1,87,135,89,104,65,58,81,130" hai3=""/><T90/><D107/><U96/><E118/><V129/><F1/><T56/><D110/><U132/><E108/><V0/><F0/><T102/><D102/><U49/><E131/><N who="2" m="50187" /><F38/><T82/><D82/><U109/><E132/><V2/><F104/><T106/><D106/><U51/><E109/><V40/><F40/><T125/><D125/><U112/><E112/><V121/><N who="2" m="31008" /><V59/><F119/><T34/><D34/><U35/><E35/><V122/><N who="2" m="31264" /><V85/><F135/><T50/><REACH who="0" step="1"/><D67/><REACH who="0" ten="340,350,350,0" step="2"/><U99/><E80/><V47/><F2/><T84/><D84/><U46/><E64/><V77/><F65/><T117/><D117/><U76/><E72/><V111/><F111/><T73/><D73/><U91/><E76/><V95/><F79/><T55/><D55/><U133/><E133/><V115/><F115/><T120/><N who="0" m="30752" /><T33/><D33/><U98/><E98/><V68/><F87/><T75/><D75/><U128/><E128/><V3/><F3/><T134/><D134/><U44/><REACH who="1" step="1"/><E71/><REACH who="1" ten="340,340,350,0" step="2"/><V97/><F68/><T42/><D42/><U124/><E124/><V127/><F127/><T66/><D66/><U74/><E74/><V116/><F116/><T32/><D32/><U61/><E61/><RYUUKYOKU ba="0,2" sc="340,0,340,0,350,0,0,0" hai0="39,41,50,52,56,60,62,63,83,86,90,113,114" hai1="44,45,46,49,51,88,91,92,94,96,99,101,103" hai2="47,53,58,59,77,81,85,89,95,97" /><INIT seed="0,1,2,1,4,59" ten="340,340,350,0" oya="0" hai0="121,35,51,118,84,55,76,104,79,45,80,67,42" hai1="33,117,1,34,98,48,82,81,65,100,52,75,105" hai2="54,128,99,129,97,72,36,102,62,53,47,111,126" hai3=""/><T70/><N who="0" m="31008" /><T49/><D104/><U86/><E117/><V132/><F72/><T68/><D118/><U87/><E1/><V112/><F112/><T83/><D35/><U114/><E114/><V78/><F78/><T3/><D3/><U32/><E65/><V120/><N who="2" m="30752" /><V93/><F126/><T106/><D106/><U57/><E75/><V61/><F132/><T60/><D68/><U77/><REACH who="1" step="1"/><E34/><REACH who="1" ten="340,330,350,0" step="2"/><V89/><F111/><T116/><D116/><U66/><E66/><V37/><F37/><T133/><D133/><U58/><E58/><V41/><F54/><T103/><D103/><U101/><E101/><V125/><F53/><T0/><D0/><U40/><E40/><V115/><F115/><T88/><REACH who="0" step="1"/><D80/><REACH who="0" ten="330,330,350,0" step="2"/><U44/><E44/><AGARI ba="1,4" hai="42,44,45,49,51,55,60,67,70,76,79,83,84,88" m="31008" machi="44" ten="30,18000,2" yaku="1,1,2,1,7,1,52,2,54,1,53,0" doraHai="59" doraHaiUra="94" who="0" fromWho="1" sc="330,222,330,-182,350,0,0,0" /><INIT seed="0,2,0,0,1,66" ten="552,148,350,0" oya="0" hai0="41,75,1,91,67,37,39,93,32,88,81,51,87" hai1="69,98,2,89,112,135,113,44,49,57,125,53,83" hai2="82,120,110,121,47,35,76,109,42,128,43,78,124" hai3=""/><T126/><D32/><U0/><E135/><V38/><N who="2" m="30752" /><V77/><N who="2" m="31008" /><V40/><F35/><T56/><D126/><U65/><E125/><V58/><F124/><T130/><D130/><U127/><E127/><V3/><F3/><T99/><D75/><U70/><E2/><V115/><F115/><N who="1" m="44105" /><E0/><V85/><F128/><T60/><D1/><U45/><E83/><V59/><F47/><N who="1" m="17993" /><E89/><V101/><F101/><T102/><D41/><U106/><E106/><V96/><F96/><T36/><REACH who="0" step="1"/><D51/><REACH who="0" ten="542,148,350,0" step="2"/><U62/><E98/><V103/><F42/><T104/><D104/><U119/><E119/><V107/><F43/><T95/><D95/><U118/><E118/><V34/><F34/><T52/><D52/><U114/><N who="1" m="44113" /><U132/><DORA hai="92" /><E132/><V116/><F116/><T97/><D97/><U86/><E86/><V80/><F107/><T46/><D46/><AGARI ba="2,1" hai="46,49,53,57,62,65,69,70" m="17993,44113" machi="46" ten="40,8000,1" yaku="11,1,34,2,52,2" doraHai="66,92" who="1" fromWho="0" sc="542,-84,148,94,350,0,0,0" /><INIT seed="1,0,0,1,0,74" ten="458,242,350,0" oya="1" hai0="88,70,36,66,2,42,129,40,81,128,3,54,110" hai1="75,119,80,51,89,41,65,114,102,123,55,96,91" hai2="49,35,130,47,33,115,112,61,64,84,85,68,107" hai3=""/><U105/><N who="1" m="31520" /><U116/><E114/><N who="2" m="43563" /><F107/><T121/><N who="0" m="31008" /><T126/><D110/><U79/><E41/><V106/><F106/><T92/><D126/><U60/><E89/><V134/><F134/><T43/><D36/><U71/><REACH who="1" step="1"/><E91/><REACH who="1" ten="458,232,350,0" step="2"/><V113/><F113/><T53/><D81/><U131/><E131/><N who="0" m="50249" /><D3/><U104/><E104/><V76/><F130/><T100/><D2/><U78/><E78/><V117/><F117/><T52/><D88/><U46/><AGARI ba="0,1" hai="46,51,55,60,65,71,75,79,80,96,102,105,116,119" m="31520" machi="46" ten="20,12000,2" yaku="1,1,0,1,7,1,52,2,53,1" doraHai="74" doraHaiUra="73" who="1" fromWho="1" sc="458,-60,232,130,350,-60,0,0" /><INIT seed="1,1,0,1,5,84" ten="398,362,290,0" oya="1" hai0="74,80,96,73,133,132,93,53,89,116,47,131,75" hai1="78,105,55,112,108,91,66,50,120,48,62,68,100" hai2="115,67,71,126,118,44,0,104,130,111,99,117,70" hai3=""/><U103/><N who="1" m="30752" /><U121/><N who="1" m="31008" /><U123/><N who="1" m="31520" /><U35/><E35/><V58/><F111/><T46/><D131/><U3/><E108/><V42/><F126/><T2/><D2/><U129/><E3/><V134/><F130/><T56/><D116/><U65/><E129/><V60/><F134/><N who="0" m="51818" /><D80/><U124/><E124/><V69/><F115/><T114/><D114/><U107/><E112/><V86/><F0/><T87/><D87/><U59/><E78/><V39/><F86/><T64/><D64/><U98/><E65/><V37/><F99/><T54/><D54/><U79/><E79/><V52/><F104/><T122/><N who="0" m="31264" /><T97/><D97/><U43/><E43/><V72/><F72/><N who="0" m="18434" /><T101/><DORA hai="1" /><D101/><U110/><E110/><V106/><F106/><T85/><D85/><U83/><E83/><V109/><F109/><T45/><D45/><U76/><E76/><V41/><F67/><T34/><D34/><U49/><E91/><V135/><F135/><T33/><D33/><U113/><E113/><V127/><F127/><T61/><AGARI ba="1,0" hai="46,47,53,56,61,89,93,96" m="18434,31264,51818" machi="61" ten="50,4800,0" yaku="20,1,52,2" doraHai="84,1" who="0" fromWho="0" sc="398,50,362,-33,290,-17,0,0" /><INIT seed="2,0,0,1,3,134" ten="448,329,273,0" oya="2" hai0="96,36,80,58,66,116,35,83,103,63,49,114,125" hai1="48,40,61,68,118,55,71,44,56,0,65,50,121" hai2="99,108,105,69,75,54,110,2,92,127,132,130,81" hai3=""/><V45/><F69/><N who="1" m="26697" /><E0/><V89/><F2/><T126/><D116/><U64/><N who="1" m="31008" /><U43/><E118/><V111/><F132/><T133/><D36/><U47/><AGARI ba="0,0" hai="40,43,44,47,48,50,55,56,61,64,65" m="31008,26697" machi="47" ten="30,9000,2" yaku="35,5,52,1" doraHai="134" who="1" fromWho="1" sc="448,-30,329,90,273,-60,0,0" /><INIT seed="4,0,0,1,4,37" ten="418,419,213,0" oya="0" hai0="51,54,65,3,59,114,110,83,50,52,56,85,84" hai1="90,126,131,133,76,46,79,32,0,122,111,91,100" hai2="57,58,98,108,34,125,94,61,49,53,113,47,42" hai3=""/><T43/><D114/><U64/><N who="1" m="31264" /><U88/><E0/><V40/><F34/><T107/><D107/><U45/><E32/><V99/><F113/><T60/><D3/><U75/><E111/><V80/><F108/><T48/><D110/><U128/><E133/><V63/><F125/><T121/><N who="0" m="31008" /><T119/><D119/><U117/><E126/><V38/><F80/><T120/><N who="0" m="30752" /><T81/><D43/><N who="2" m="16426" /><F38/><T35/><D35/><U71/><E117/><V73/><F73/><T86/><D48/><U72/><E100/><V101/><F99/><T135/><D135/><U104/><E104/><V87/><F87/><T93/><D93/><U66/><E90/><V62/><AGARI ba="0,0" hai="47,49,53,57,58,61,62,63,94,98,101" m="16426" machi="62" ten="30,5900,0" yaku="8,1,52,3" doraHai="37" who="2" fromWho="2" sc="418,-39,419,-20,213,59,0,0" /><INIT seed="5,0,0,5,3,32" ten="379,399,272,0" oya="1" hai0="100,36,120,57,48,103,0,121,130,74,119,39,76" hai1="132,44,73,65,78,124,111,87,46,80,115,75,59" hai2="98,1,52,134,67,42,64,3,90,53,54,94,41" hai3=""/><U47/><E111/><V49/><F134/><T102/><N who="0" m="30752" /><T83/><N who="0" m="31008" /><T135/><D119/><U79/><E132/><V63/><F67/><T62/><D130/><U113/><E124/><V35/><F35/><T89/><D135/><U71/><E71/><V60/><F60/><T104/><D104/><U99/><E99/><V107/><F107/><T128/><D128/><U93/><E93/><V43/><REACH who="2" step="1"/><F49/><REACH who="2" ten="379,399,262,0" step="2"/><T85/><D48/><U68/><E68/><AGARI ba="0,1" hai="1,3,41,42,43,52,53,54,63,64,68,90,94,98" machi="68" ten="40,8000,1" yaku="1,1,2,1,52,2,54,1,53,0" doraHai="32" doraHaiUra="117" who="2" fromWho="1" sc="379,0,399,-80,262,90,0,0" /><INIT seed="6,0,0,1,4,72" ten="379,319,352,0" oya="2" hai0="40,75,34,57,100,87,54,65,113,80,67,88,118" hai1="94,119,48,47,93,70,91,130,49,121,102,32,95" hai2="131,132,56,53,120,107,69,133,51,115,1,68,125" hai3=""/><V116/><N who="2" m="30752" /><V96/><F1/><T62/><D118/><U129/><N who="1" m="31008" /><U83/><E32/><V135/><F116/><T50/><D34/><U86/><E119/><V122/><N who="2" m="31264" /><V90/><F115/><T35/><D35/><U78/><E70/><N who="2" m="27243" /><F131/><N who="1" m="50185" /><E102/><V97/><F125/><T127/><D127/><U3/><E3/><V105/><F90/><T59/><D113/><U55/><E49/><V84/><F84/><AGARI ba="0,0" hai="47,48,55,78,83,84,86,91,93,94,95" m="50185,31008" machi="84" ten="30,3900,0" yaku="19,1,52,2" doraHai="72" who="1" fromWho="2" sc="379,0,319,39,352,-39,0,0" /><INIT seed="8,0,0,0,2,83" ten="379,358,313,0" oya="0" hai0="54,1,36,80,131,111,73,102,103,35,95,87,129" hai1="101,61,112,124,40,107,117,46,82,133,126,66,34" hai2="3,109,114,49,79,115,123,100,96,64,128,68,45" hai3=""/><T132/><D35/><U78/><E34/><V113/><N who="2" m="31520" /><V32/><F32/><T39/><D1/><U86/><E112/><V37/><F37/><T91/><D132/><U42/><E133/><V43/><F3/><T125/><D125/><N who="1" m="48235" /><E117/><V77/><F109/><T88/><D111/><U60/><E46/><V134/><F134/><T56/><D39/><U50/><E50/><V104/><REACH who="2" step="1"/><F128/><REACH who="2" ten="379,358,303,0" step="2"/><N who="0" m="49226" /><D36/><U105/><E101/><V69/><F69/><T106/><D106/><N who="1" m="40459" /><E61/><AGARI ba="0,1" hai="43,45,49,61,64,68,77,79,96,100,104,113,114,115" m="31520" machi="61" ten="40,8000,1" yaku="1,1,52,1,53,3" doraHai="83" doraHaiUra="108" who="2" fromWho="1" sc="379,0,358,-80,303,90,0,0" /><INIT seed="9,0,0,4,2,77" ten="379,278,393,0" oya="1" hai0="65,49,61,76,122,70,126,113,45,60,74,105,69" hai1="44,66,115,116,78,131,89,90,63,53,95,47,82" hai2="109,99,103,118,68,50,119,37,87,93,125,133,94" hai3=""/><U107/><E131/><V135/><F37/><T104/><N who="0" m="31264" /><T129/><D113/><U1/><E1/><V58/><F68/><T73/><D129/><U123/><N who="1" m="31520" /><U40/><E115/><V120/><N who="2" m="30752" /><V101/><F109/><T108/><D108/><U112/><E112/><V41/><F125/><T71/><D126/><U67/><E116/><V88/><F103/><T2/><D2/><U91/><E107/><V43/><F58/><T124/><D124/><U72/><E53/><V51/><F50/><T92/><D92/><U102/><E102/><V35/><F35/><T75/><D76/><U42/><E95/><V106/><F106/><T114/><D114/><U110/><E110/><V117/><F51/><T0/><D0/><U62/><E62/><V96/><F96/><T57/><REACH who="0" step="1"/><D61/><REACH who="0" ten="369,278,393,0" step="2"/><U98/><E98/><V38/><F38/><T46/><D46/><U130/><E130/><V127/><F127/><T134/><D134/><AGARI ba="0,1" hai="41,43,87,88,93,94,99,101,117,118,119,133,134,135" m="30752" machi="134" ten="50,8000,1" yaku="16,1,20,1,52,1,54,1" doraHai="77" who="2" fromWho="0" sc="369,-80,278,0,393,90,0,0" owari="289,-11.0,278,-32.0,483,43.0,0,0.0" /></mjloggm>