<mjloggm ver="2.3"><GO type="169" lobby="0"/><UN n0="%E9%81%8A%E8%B5%B0" n1="%E3%81%8B%E3%81%A5%E3%81%8D%EF%BC%B8%EF%BC%A9" n2="%E3%82%81%E3%82%93%E3%81%A9%E3%81%84" n3="%28%3B%E3%83%BB%E2%88%80%E3%83%BB%29" dan="17,16,16,16" rate="2176.67,2093.81,2052.64,2178.89" sx="M,M,M,M"/><TAIKYOKU oya="0"/><INIT seed="0,0,0,1,2,103" ten="250,250,250,250" oya="0" hai0="83,81,61,74,129,11,21,72,38,17,63,88,105" hai1="60,43,90,36,119,2,66,96,86,131,99,97,13" hai2="52,122,47,85,28,124,106,89,102,12,62,35,104" hai3="29,75,44,67,116,94,121,3,134,26,0,127,69"/><T55/><D38/><U68/><E2/><V95/><F122/><W42/><G94/><T14/><D129/><U82/><E119/><V91/><F102/><W53/><G53/><T23/><D105/><U93/><E131/><V133/><F133/><W98/><G116/><T34/><D34/><U9/><E43/><V126/><F35/><N who="3" m="20919" /><G134/><T40/><D40/><U118/><E36/><V112/><F28/><W15/><G15/><T65/><D55/><U54/><E54/><V37/><F112/><W19/><G19/><T49/><D49/><U59/><E68/><V22/><F22/><W78/><G98/><T120/><D120/><U1/><E1/><V30/><F30/><W128/><G127/><N who="2" m="48681" /><F12/><W92/><G92/><T58/><D63/><U77/><REACH who="1" step="1"/><E118/><REACH who="1" ten="250,240,250,250" step="2"/><V50/><F37/><N who="3" m="21583" /><G128/><T107/><D65/><U24/><E24/><V80/><F62/><N who="3" m="40183" /><G121/><T39/><D61/><U4/><AGARI ba="0,1" hai="4,9,13,59,60,66,77,82,86,90,93,96,97,99" machi="4" ten="20,8000,1" yaku="1,1,0,1,7,1,8,1,53,1" doraHai="103" doraHaiUra="79" who="1" fromWho="1" sc="250,-40,240,90,250,-20,250,-20" /><INIT seed="1,0,0,3,2,52" ten="210,330,230,230" oya="1" hai0="70,126,81,45,35,13,30,51,44,103,95,89,36" hai1="113,96,40,85,124,80,47,9,58,6,110,66,41" hai2="29,18,115,32,56,43,105,93,68,8,60,84,121" hai3="125,75,67,131,100,3,26,104,128,108,102,10,76"/><U122/><E122/><V21/><F121/><W91/><G108/><T116/><D70/><U109/><E113/><V87/><F105/><W130/><G67/><T112/><D116/><U39/><E124/><V17/><F68/><W4/><G104/><T25/><D112/><U49/><E96/><V0/><F43/><W72/><G125/><T23/><D126/><U31/><E31/><V99/><F32/><W98/><G26/><T97/><D36/><U74/><E74/><N who="3" m="28202" /><G76/><T62/><D62/><N who="1" m="38231" /><E39/><V46/><F46/><W20/><G20/><T127/><D127/><U69/><E69/><V71/><F29/><W14/><G3/><T86/><D35/><U106/><E106/><V2/><F71/><W5/><G5/><T54/><REACH who="0" step="1"/><D13/><REACH who="0" ten="200,330,230,230" step="2"/><N who="1" m="5303" /><E41/><V119/><F115/><W34/><G34/><T83/><D83/><U135/><E135/><V94/><F119/><W64/><G14/><T117/><D117/><U129/><E129/><V132/><F132/><W101/><G131/><T120/><D120/><U111/><E80/><V1/><F1/><N who="3" m="271" /><G130/><T123/><D123/><U57/><E111/><V59/><F0/><W55/><G128/><T107/><D107/><U7/><E110/><V65/><F2/><W133/><G133/><T82/><D82/><U88/><E109/><V77/><F93/><N who="3" m="56639" /><G64/><T48/><D48/><U24/><E24/><V78/><F65/><W61/><G61/><T79/><D79/><U28/><E49/><V90/><F60/><W134/><G134/><T15/><D15/><U37/><E37/><V33/><F33/><W11/><G11/><T38/><D38/><RYUUKYOKU ba="0,1" sc="200,15,330,-15,230,-15,230,15" hai0="23,25,30,44,45,51,54,81,86,89,95,97,103" hai3="55,100,101,102" /><INIT seed="2,1,1,4,4,100" ten="215,315,215,245" oya="2" hai0="76,31,112,116,58,14,65,132,124,123,109,10,130" hai1="11,19,15,134,48,44,4,127,43,105,135,84,128" hai2="118,2,40,45,114,91,108,69,92,29,94,7,67" hai3="99,81,85,28,86,53,12,39,106,46,25,107,73"/><V120/><F114/><W38/><G73/><T27/><D123/><U129/><E84/><V0/><F118/><W133/><G133/><N who="1" m="50698" /><E19/><V34/><F120/><W13/><G53/><T82/><D132/><U26/><E26/><V49/><F108/><W89/><G99/><T110/><D116/><U35/><E35/><V62/><F7/><W75/><G75/><T33/><D130/><N who="1" m="50283" /><E105/><V87/><REACH who="2" step="1"/><F94/><REACH who="2" ten="215,315,205,245" step="2"/><W30/><G106/><T17/><D112/><U68/><E68/><V101/><F101/><W24/><G107/><T122/><D122/><U16/><E4/><V21/><F21/><W66/><G81/><T51/><D124/><AGARI ba="1,2" hai="11,15,16,43,44,48,124,127" m="50283,50698" machi="124" ten="40,8000,1" yaku="30,2,20,1,19,1,54,1" doraHai="100" who="1" fromWho="0" sc="215,-83,315,103,205,0,245,0" /><INIT seed="3,0,0,3,1,44" ten="132,418,205,245" oya="3" hai0="91,131,68,119,31,135,34,47,94,123,17,92,71" hai1="90,51,22,0,50,55,23,118,93,60,12,112,37" hai2="25,45,111,95,64,28,77,59,46,3,6,52,105" hai3="29,35,24,117,10,125,73,62,40,129,43,121,32"/><W78/><G117/><T127/><D119/><U114/><E0/><V89/><F105/><W39/><G121/><T76/><D123/><U79/><E37/><V116/><F111/><W110/><G110/><T96/><D135/><U30/><E79/><V83/><F64/><W2/><G125/><T42/><D127/><U128/><E118/><V107/><F107/><W15/><G129/><T61/><D131/><U1/><E1/><V9/><F116/><W36/><G43/><T122/><D122/><U20/><E128/><V106/><F106/><W86/><G86/><T82/><D61/><U26/><E114/><V57/><F57/><W66/><G15/><T19/><D34/><U120/><E120/><V38/><F38/><W104/><G104/><T67/><D31/><U21/><E12/><V115/><F115/><W14/><G14/><T126/><D126/><U72/><E72/><V49/><F95/><W56/><G40/><T130/><D130/><U75/><E75/><V27/><F89/><W124/><G35/><T63/><D94/><U13/><E13/><V101/><F101/><W81/><REACH who="3" step="1"/><G124/><REACH who="3" ten="132,418,205,235" step="2"/><T8/><D8/><U134/><E112/><V41/><F41/><W109/><G109/><T132/><D132/><U18/><E134/><V88/><F27/><W69/><G69/><T58/><D71/><U54/><E30/><V108/><F108/><W16/><G16/><T11/><D68/><U7/><E18/><V48/><F25/><W4/><AGARI ba="0,1" hai="2,4,10,24,29,32,36,39,56,62,66,73,78,81" machi="4" ten="30,3000,0" yaku="1,1,0,1,53,0" doraHai="44" doraHaiUra="80" who="3" fromWho="3" sc="132,-10,418,-10,205,-10,235,40" /><INIT seed="3,1,0,3,0,116" ten="122,408,195,275" oya="3" hai0="4,62,25,56,114,66,30,19,69,23,121,133,87" hai1="91,34,36,35,42,44,79,45,71,124,61,73,57" hai2="27,89,96,43,117,13,75,88,65,52,8,119,0" hai3="100,46,118,115,28,125,55,93,92,58,84,59,60"/><W29/><G118/><T105/><D133/><U6/><E45/><V78/><F65/><W70/><G115/><T77/><D114/><U104/><E91/><V81/><F27/><W106/><G70/><T24/><D105/><U107/><E57/><V128/><F43/><W76/><G106/><N who="1" m="40490" /><E6/><V126/><F126/><W37/><G125/><T109/><D109/><U98/><E98/><V129/><F0/><W49/><G37/><T82/><D4/><U38/><E38/><V83/><F89/><W7/><G7/><T16/><D121/><U80/><E124/><V15/><F15/><W2/><G2/><T95/><D24/><U31/><E31/><N who="3" m="11850" /><G59/><T22/><D22/><U5/><E5/><V86/><F96/><W134/><G134/><T54/><REACH who="0" step="1"/><D95/><REACH who="0" ten="112,408,195,275" step="2"/><U131/><E131/><V112/><F112/><W11/><G11/><T123/><D123/><U47/><E35/><V41/><F128/><W18/><G18/><T40/><D40/><U127/><E34/><V99/><F41/><N who="3" m="24783" /><G100/><T97/><D97/><U68/><E127/><V85/><F99/><W111/><G111/><T21/><D21/><U67/><E36/><V130/><F130/><W63/><G63/><AGARI ba="1,1" hai="16,19,23,25,30,54,56,62,63,66,69,77,82,87" machi="63" ten="30,3900,0" yaku="1,1,7,1,54,1,53,0" doraHai="116" doraHaiUra="101" who="0" fromWho="3" sc="112,52,408,0,195,0,275,-42" /><INIT seed="4,0,0,2,5,46" ten="164,408,195,233" oya="0" hai0="88,106,62,56,23,8,63,75,49,115,21,96,50" hai1="107,118,113,4,64,30,19,81,2,83,120,42,41" hai2="67,9,54,25,33,95,65,1,38,35,43,31,71" hai3="78,112,122,103,98,3,14,93,34,76,130,100,105"/><T52/><D75/><U97/><E118/><V27/><F67/><W91/><G3/><T87/><D115/><U16/><E120/><V72/><F95/><W99/><G34/><T134/><D134/><U104/><E113/><V94/><F94/><W86/><G112/><T123/><D123/><U131/><E131/><V18/><F54/><W24/><G24/><T59/><D8/><U51/><E30/><V127/><F18/><W26/><G26/><T70/><D70/><U15/><E2/><V53/><F53/><W7/><G14/><T58/><D106/><U40/><E64/><V68/><F127/><W32/><G7/><T39/><D39/><U61/><E61/><N who="0" m="23049" /><D96/><U80/><E97/><V125/><F65/><W74/><G32/><T48/><D52/><U0/><E0/><V114/><F125/><W28/><G28/><T92/><AGARI ba="0,0" hai="21,23,48,49,50,56,58,59,87,88,92" m="23049" machi="92" ten="40,12000,1" yaku="8,1,52,3,54,1" doraHai="46" who="0" fromWho="0" sc="164,120,408,-40,195,-40,233,-40" /><INIT seed="4,1,0,2,3,128" ten="284,368,155,193" oya="0" hai0="131,123,55,102,54,34,19,50,7,77,108,85,35" hai1="64,113,36,66,98,90,17,25,129,31,44,126,132" hai2="124,67,63,117,83,30,29,68,5,100,79,41,112" hai3="73,119,99,109,71,115,74,53,111,26,13,10,69"/><T72/><D72/><U86/><E126/><V22/><F124/><W78/><G119/><T57/><D123/><U84/><E129/><V38/><F112/><W130/><G130/><T93/><D131/><U20/><E113/><V133/><F117/><W127/><G115/><T114/><D114/><U80/><E132/><V4/><F100/><W75/><G127/><T81/><D108/><U56/><E98/><V91/><F91/><W60/><G78/><T122/><D122/><U2/><E2/><V6/><F38/><W95/><G26/><T96/><D7/><U58/><E86/><V37/><F41/><W87/><G87/><T76/><D76/><U89/><E89/><V45/><F45/><W103/><G53/><T101/><D101/><U97/><E97/><V9/><F37/><W47/><G47/><T105/><D105/><U135/><E135/><V18/><F133/><W32/><G32/><T33/><D19/><U16/><E44/><V120/><F9/><W39/><G39/><T52/><AGARI ba="1,0" hai="33,34,35,50,52,54,55,57,77,81,85,93,96,102" machi="52" ten="40,3900,0" yaku="0,1,54,1" doraHai="128" who="0" fromWho="0" sc="284,42,368,-14,155,-14,193,-14" /><INIT seed="4,2,0,4,3,71" ten="326,354,141,179" oya="0" hai0="50,111,115,1,68,77,31,121,17,69,45,110,87" hai1="135,42,105,113,37,51,39,119,131,62,72,66,125" hai2="49,100,26,56,30,129,82,61,118,112,76,32,18" hai3="2,117,124,120,21,65,46,109,11,96,70,41,7"/><T20/><D121/><U54/><E105/><V86/><F112/><W23/><G109/><N who="0" m="41483" /><D1/><U85/><E72/><V53/><F129/><W104/><G117/><T91/><D77/><U130/><E119/><V106/><F118/><W133/><G133/><T16/><D31/><U12/><E135/><V73/><F106/><W92/><G104/><T38/><D115/><U90/><E42/><V40/><F100/><W67/><G124/><T122/><D122/><U35/><E12/><V34/><F73/><W22/><G70/><N who="0" m="27243" /><D20/><U88/><E35/><V28/><F18/><W84/><G84/><T15/><D15/><U132/><E113/><V57/><F40/><W33/><G33/><T4/><D4/><U101/><E101/><V114/><F114/><W103/><REACH who="3" step="1"/><G120/><REACH who="3" ten="326,354,141,169" step="2"/><T0/><D0/><U89/><E125/><V97/><F97/><W63/><G63/><T80/><D50/><AGARI ba="2,1" hai="2,7,11,21,22,23,41,46,50,65,67,92,96,103" machi="50" ten="40,1300,0" yaku="1,1,53,0" doraHai="71" doraHaiUra="107" who="3" fromWho="0" sc="326,-19,354,0,141,0,169,29" /><INIT seed="5,0,0,2,4,125" ten="307,354,141,198" oya="1" hai0="83,13,124,2,18,19,118,52,30,112,101,43,65" hai1="73,102,34,84,109,129,116,131,27,4,96,104,77" hai2="56,74,23,47,119,3,94,85,80,128,93,78,120" hai3="103,35,66,49,133,37,54,10,29,86,113,60,89"/><U123/><E123/><V70/><F3/><W71/><G113/><T33/><D118/><U24/><E84/><V45/><F70/><W38/><G133/><T134/><D2/><U44/><E116/><V82/><F119/><W39/><G103/><T97/><D124/><U122/><E122/><V14/><F120/><W111/><G111/><T6/><D134/><U95/><E4/><V7/><F128/><N who="1" m="49225" /><E109/><V108/><F108/><W53/><G35/><T132/><D112/><U90/><E34/><V92/><F56/><W42/><G29/><T57/><D132/><U26/><E44/><V91/><REACH who="2" step="1"/><F23/><REACH who="2" ten="307,354,131,198" step="2"/><W21/><G21/><T8/><D33/><U61/><E61/><V48/><F48/><W87/><G10/><AGARI ba="0,1" hai="7,10,14,45,47,74,78,80,82,85,91,92,93,94" machi="10" ten="40,2600,0" yaku="1,1,53,1" doraHai="125" doraHaiUra="5" who="2" fromWho="3" sc="307,0,354,0,131,36,198,-26" /><INIT seed="6,0,0,1,1,109" ten="307,354,167,172" oya="2" hai0="71,22,14,135,28,64,130,83,17,126,102,128,8" hai1="5,87,100,115,59,35,88,57,95,133,69,27,98" hai2="63,26,20,1,49,120,79,125,44,4,121,118,116" hai3="111,0,94,16,41,99,66,72,103,108,46,15,30"/><V67/><F125/><W37/><G0/><T21/><D71/><U129/><E69/><V62/><F79/><W80/><G66/><T42/><D64/><U31/><E129/><N who="0" m="49769" /><D42/><U117/><E133/><V114/><F1/><W90/><G30/><T56/><D56/><U91/><E117/><N who="2" m="45163" /><F4/><W40/><G40/><T6/><D102/><U65/><E5/><V36/><F20/><W51/><G37/><T97/><D97/><U122/><E122/><N who="2" m="47211" /><F26/><W9/><G72/><T82/><D126/><U89/><E65/><V93/><F93/><W106/><REACH who="3" step="1"/><G80/><REACH who="3" ten="307,354,167,162" step="2"/><T52/><D83/><U2/><E2/><V132/><F36/><W24/><G24/><T29/><D82/><U78/><E27/><V3/><F3/><W19/><G19/><N who="0" m="10487" /><D135/><U105/><E31/><V131/><F132/><W58/><G58/><T13/><D52/><U74/><E59/><N who="2" m="37343" /><F131/><W43/><G43/><T10/><D10/><U25/><E25/><AGARI ba="0,1" hai="6,8,13,17,22,25,28,29" m="10487,49769" machi="25" ten="30,3900,0" yaku="19,1,34,2" doraHai="109" who="0" fromWho="1" sc="307,49,354,-39,167,0,162,0" /><INIT seed="7,0,0,1,2,68" ten="356,315,167,162" oya="3" hai0="10,122,57,85,17,130,15,27,86,44,3,40,70" hai1="21,67,5,129,28,60,116,95,35,52,135,75,64" hai2="59,82,43,83,120,13,31,97,0,9,71,47,81" hai3="19,78,20,125,87,84,111,105,6,34,7,39,121"/><W132/><G34/><T118/><D70/><U108/><E75/><V119/><F71/><W42/><G121/><T38/><D118/><U102/><E108/><V63/><F0/><W104/><G111/><T37/><D122/><U50/><E35/><V61/><F120/><W92/><G125/><T133/><D38/><U54/><E116/><V128/><F31/><W22/><G132/><T51/><D133/><U73/><E73/><V72/><F128/><W107/><G84/><T30/><D130/><U25/><E5/><V18/><F72/><W32/><G32/><T41/><D3/><U131/><E135/><V24/><F24/><W109/><G20/><N who="0" m="15719" /><D37/><U126/><E126/><V26/><F119/><W134/><G134/><T99/><D40/><U53/><E50/><V65/><F26/><W94/><G109/><T49/><D99/><U80/><E80/><V114/><F97/><W101/><G101/><T36/><D36/><U58/><E67/><V100/><F100/><W55/><G55/><AGARI ba="0,0" hai="10,15,17,41,44,49,51,55,57,85,86" m="15719" machi="55" ten="30,1000,0" yaku="8,1" doraHai="68" who="0" fromWho="3" sc="356,10,315,0,167,0,162,-10" owari="366,46.0,315,12.0,167,-23.0,152,-35.0" /></mjloggm>