<mjloggm ver="2.3"><GO type="169" lobby="0"/><UN n0="%E2%98%85%E3%83%9B%E3%83%BC%E3%82%B9%E2%98%85" n1="%E5%A4%A7%E8%B3%A2%E8%89%AF%E5%B8%AB" n2="%6B%75%72%6F%35%35%36%36" n3="%E3%83%88%E3%82%B7%E3%83%95%E3%83%BC%E3%83%8B" dan="16,16,16,18" rate="2159.77,2053.64,2088.99,2204.80" sx="M,M,M,M"/><TAIKYOKU oya="0"/><INIT seed="0,0,0,1,1,98" ten="250,250,250,250" oya="0" hai0="102,99,105,31,94,71,63,132,37,66,104,100,10" hai1="76,75,120,25,19,0,110,33,79,64,7,77,43" hai2="61,58,21,70,81,86,17,36,62,128,96,35,8" hai3="101,20,121,24,32,85,2,23,16,115,65,131,46"/><T59/><D37/><U29/><E120/><V72/><F35/><W126/><G115/><T122/><D122/><U90/><E110/><V47/><F128/><W11/><G121/><T69/><D132/><U111/><E111/><V133/><F133/><W124/><G131/><T118/><D118/><U83/><E64/><V92/><F72/><W34/><G65/><T113/><D113/><U97/><E19/><V108/><F108/><W53/><G85/><T68/><D31/><U48/><E0/><V116/><F116/><W103/><G23/><T91/><REACH who="0" step="1"/><D10/><REACH who="0" ten="240,250,250,250" step="2"/><U38/><E38/><V74/><F8/><W67/><G11/><T119/><D119/><U12/><E29/><V9/><F9/><W49/><G2/><T15/><D15/><U114/><E12/><V107/><F36/><W88/><G34/><T14/><D14/><U112/><E33/><V27/><F27/><W28/><G28/><T73/><D73/><U135/><E25/><V22/><F74/><W4/><G32/><T89/><D89/><U52/><E90/><V3/><F3/><W95/><G4/><T80/><D80/><U57/><E7/><V41/><F81/><W30/><G30/><T129/><D129/><U127/><E83/><V78/><F22/><W40/><G88/><T82/><D82/><U39/><E75/><V51/><F21/><W55/><G20/><T93/><D93/><U18/><E135/><V87/><F92/><W123/><G123/><T134/><D134/><U130/><E130/><V42/><F107/><AGARI ba="0,1" hai="59,63,66,68,69,71,91,94,99,100,102,104,105,107" machi="107" ten="50,9600,0" yaku="1,1,52,2,53,0" doraHai="98" doraHaiUra="125" who="0" fromWho="2" sc="240,106,250,0,250,-96,250,0" /><INIT seed="0,1,0,3,0,84" ten="346,250,154,250" oya="0" hai0="41,75,90,63,23,134,116,104,118,83,0,14,106" hai1="16,132,73,67,35,20,57,66,7,109,80,49,26" hai2="42,22,122,125,114,31,130,126,25,124,54,12,59" hai3="32,70,103,1,6,85,72,117,4,46,68,15,64"/><T40/><D0/><U38/><E38/><V107/><F122/><W113/><G72/><T9/><D134/><U129/><E132/><V76/><F114/><W105/><G113/><T135/><D135/><U71/><E71/><V50/><F107/><W87/><G32/><T10/><D63/><U91/><E129/><V11/><F130/><W82/><G117/><T96/><D23/><U30/><E109/><V81/><F42/><W128/><G1/><T101/><D106/><U8/><E73/><V65/><F65/><W131/><G46/><T2/><D2/><U121/><E121/><V43/><F43/><W74/><G74/><T99/><D10/><U100/><E100/><V97/><F97/><W27/><G27/><T17/><D41/><U36/><E36/><V69/><F69/><W78/><G105/><T34/><D34/><U62/><E66/><V18/><F81/><W21/><G103/><T108/><D108/><U61/><E61/><V98/><F98/><W45/><G45/><T48/><D75/><U29/><E35/><V19/><REACH who="2" step="1"/><F76/><REACH who="2" ten="346,250,144,250" step="2"/><N who="3" m="46279" /><G64/><T24/><D116/><U127/><E67/><V92/><F92/><W120/><G68/><T110/><D118/><U44/><E80/><V86/><F86/><W89/><G70/><T79/><D110/><U28/><E127/><V13/><F13/><W5/><G78/><T102/><D79/><U56/><E44/><V33/><F33/><W77/><G77/><T111/><D111/><U119/><E119/><V58/><F58/><W93/><G120/><T3/><D14/><U39/><E57/><V37/><F37/><RYUUKYOKU ba="1,1" sc="346,-15,250,-15,144,15,250,15" hai2="11,12,18,19,22,25,31,50,54,59,124,125,126" hai3="4,5,6,15,21,87,89,93,128,131" /><INIT seed="1,2,1,2,0,116" ten="331,235,159,265" oya="1" hai0="67,13,41,20,56,55,127,2,33,105,78,28,111" hai1="46,96,74,21,47,98,102,30,132,121,87,3,110" hai2="128,122,118,14,119,85,1,18,29,44,83,60,126" hai3="94,50,125,90,6,75,19,103,12,115,79,62,112"/><U48/><E3/><V97/><F1/><W99/><G125/><T10/><D105/><U24/><E74/><V130/><F29/><W57/><G6/><T32/><D127/><U104/><E132/><V76/><F126/><W40/><G79/><T106/><D106/><U89/><E110/><V88/><F60/><W27/><G75/><T65/><D41/><U82/><E98/><V22/><F44/><W63/><G103/><T39/><D39/><U135/><E135/><V124/><F124/><W114/><G27/><T45/><D45/><U92/><E121/><V100/><F76/><W71/><G71/><T77/><D111/><U4/><E4/><V17/><F17/><W108/><G108/><T69/><D69/><U113/><E113/><V38/><F38/><W70/><G70/><T64/><D32/><U15/><E15/><V66/><F66/><W80/><G80/><T8/><D33/><U93/><REACH who="1" step="1"/><E46/><REACH who="1" ten="331,225,159,265" step="2"/><V129/><REACH who="2" step="1"/><F122/><REACH who="2" ten="331,225,149,265" step="2"/><W81/><G115/><T101/><D2/><U25/><E25/><V84/><F84/><W91/><G114/><T59/><D13/><U95/><E95/><AGARI ba="2,3" hai="14,18,22,83,85,88,95,97,100,118,119,128,129,130" machi="95" ten="40,5200,0" yaku="1,1,19,1,54,1,53,0" doraHai="116" doraHaiUra="107" who="2" fromWho="1" sc="331,0,225,-58,149,88,265,0" /><INIT seed="2,0,0,2,5,101" ten="331,167,237,265" oya="2" hai0="28,108,70,111,125,9,104,128,82,33,2,126,84" hai1="80,135,95,92,45,35,39,122,57,127,27,11,72" hai2="38,37,76,6,10,7,124,58,106,131,110,129,8" hai3="62,71,66,17,20,132,61,64,78,43,21,24,73"/><V46/><F76/><W107/><G132/><T94/><D70/><U54/><E122/><V75/><F75/><W116/><G116/><T19/><D94/><U69/><E69/><V83/><F83/><W88/><G43/><T40/><D40/><U0/><E135/><V65/><F46/><W91/><G107/><T99/><D128/><N who="2" m="49226" /><F124/><N who="0" m="47722" /><D28/><U50/><E127/><V105/><F58/><W52/><G78/><N who="0" m="46167" /><D33/><U89/><E35/><V47/><F65/><N who="3" m="25195" /><G71/><T16/><D2/><U109/><E109/><N who="0" m="42057" /><D9/><N who="2" m="3690" /><F110/><W44/><G73/><T49/><D49/><U34/><E34/><V77/><F77/><W25/><G61/><T36/><D36/><N who="2" m="13930" /><F47/><W112/><G112/><T30/><D30/><U41/><E72/><V3/><F3/><W23/><G62/><T18/><D18/><U56/><E0/><V123/><F123/><W79/><G79/><T81/><D81/><U113/><E80/><V93/><F93/><W67/><G67/><T120/><D120/><U133/><E95/><V14/><F14/><W13/><G25/><T103/><AGARI ba="0,0" hai="16,19,99,103,104" m="42057,46167,47722" machi="103" ten="40,8000,1" yaku="18,1,14,1,52,1,54,1" doraHai="101" who="0" fromWho="0" sc="331,80,167,-20,237,-40,265,-20" /><INIT seed="3,0,0,2,1,56" ten="411,147,197,245" oya="3" hai0="72,1,37,90,58,55,9,69,76,125,24,105,21" hai1="43,41,3,128,120,68,71,16,46,88,63,80,38" hai2="95,20,97,92,39,87,51,89,36,130,17,101,73" hai3="32,96,34,94,53,115,83,123,91,27,48,10,33"/><W85/><G115/><T18/><D37/><U64/><E120/><V52/><F73/><W111/><G123/><T112/><D69/><U7/><E128/><V102/><F130/><W47/><G111/><T135/><D112/><U11/><E43/><V59/><REACH who="2" step="1"/><F101/><REACH who="2" ten="411,147,187,245" step="2"/><W67/><G67/><T5/><D125/><U29/><E29/><V86/><F86/><W126/><G126/><T49/><D135/><U0/><E0/><V99/><F99/><W44/><G10/><T106/><D72/><U8/><E8/><V119/><F119/><W4/><G4/><T50/><D76/><U12/><E3/><V65/><F65/><W78/><REACH who="3" step="1"/><G47/><REACH who="3" ten="411,147,187,235" step="2"/><T93/><D9/><U116/><E7/><V113/><F113/><W114/><G114/><T61/><D5/><U28/><E116/><V30/><F30/><AGARI ba="0,2" hai="27,30,32,33,34,44,48,53,78,83,85,91,94,96" machi="30" ten="40,3900,0" yaku="1,1,53,1" doraHai="56" doraHaiUra="82" who="3" fromWho="2" sc="411,0,147,0,187,-39,235,59" /><INIT seed="3,1,0,4,0,57" ten="411,147,148,294" oya="3" hai0="23,96,14,49,114,62,85,12,1,17,20,37,78" hai1="42,127,6,33,122,94,29,58,47,15,13,4,10" hai2="38,52,87,134,104,119,97,40,56,76,18,90,11" hai3="107,7,53,113,86,55,132,60,66,27,80,118,79"/><W102/><G118/><T63/><D37/><U32/><E122/><V83/><F119/><W8/><G113/><T69/><D69/><U92/><E127/><V74/><F134/><W111/><G132/><T123/><D1/><U106/><E106/><V103/><F38/><W22/><G111/><T109/><D109/><U130/><E130/><V126/><F40/><W41/><G41/><T72/><D72/><U91/><E29/><V110/><F110/><W67/><G67/><T98/><D49/><U99/><E58/><V125/><F11/><W48/><G102/><T25/><D123/><U19/><E94/><N who="2" m="54623" /><F18/><W43/><G107/><T28/><D114/><U128/><E128/><V30/><F30/><W121/><G121/><T120/><D120/><U70/><E70/><V36/><F36/><W129/><G129/><T0/><D0/><U3/><E6/><V93/><F56/><N who="3" m="37127" /><G22/><T133/><D133/><U61/><E3/><V75/><F52/><N who="3" m="20043" /><G27/><T16/><D25/><U9/><E33/><V108/><F108/><W59/><G59/><T54/><D28/><U81/><E32/><V105/><F74/><W82/><G82/><N who="0" m="47319" /><D54/><U44/><E81/><V117/><F117/><W65/><G65/><T88/><D98/><U5/><E42/><V71/><F71/><W24/><G24/><T100/><D100/><U46/><E4/><V116/><F116/><W35/><G35/><T77/><D77/><U64/><E64/><V21/><F21/><W112/><G112/><T31/><D31/><U34/><E34/><V68/><F68/><W50/><G43/><T45/><D45/><RYUUKYOKU ba="1,0" sc="411,0,147,0,148,0,294,0" hai0="12,14,16,17,20,23,62,63,88,96" hai1="5,9,10,13,15,19,44,46,47,61,91,92,99" hai2="75,76,83,93,97,103,104,105,125,126" hai3="7,8,48,50,79,80,86" /><INIT seed="3,2,0,2,0,126" ten="411,147,148,294" oya="3" hai0="28,33,41,9,119,114,2,93,100,43,108,6,70" hai1="12,39,47,66,1,71,55,36,16,67,134,45,130" hai2="84,10,68,116,69,40,24,3,132,111,125,5,44" hai3="59,20,113,127,60,90,13,29,51,4,80,128,112"/><W17/><G127/><T56/><D70/><U72/><E1/><V62/><F125/><W34/><G4/><T117/><D33/><U91/><E72/><V76/><F116/><W95/><G80/><T107/><D107/><U122/><E122/><V23/><F132/><W25/><G128/><T121/><D28/><U78/><E134/><V50/><F111/><W35/><G35/><T82/><D121/><U7/><E78/><V133/><F133/><W79/><G79/><T61/><D108/><U96/><E7/><V92/><F62/><W131/><G131/><T89/><D114/><U106/><E130/><V22/><F22/><W32/><G32/><T38/><D100/><U18/><E71/><V19/><F76/><W77/><G77/><T58/><D82/><U26/><E26/><V75/><F75/><W102/><G102/><T104/><D104/><U101/><E91/><V81/><REACH who="2" step="1"/><F81/><REACH who="2" ten="411,147,138,294" step="2"/><W42/><G112/><T129/><D129/><U105/><E105/><V63/><F63/><W87/><G113/><T110/><D110/><U99/><E106/><V64/><F64/><W15/><G60/><T49/><D119/><U65/><E65/><V30/><F30/><W31/><G31/><T8/><D117/><U115/><E115/><V109/><F109/><W21/><G34/><T94/><D61/><U98/><E67/><V54/><F54/><N who="3" m="32223" /><G42/><T0/><D43/><U86/><E66/><V97/><F97/><W53/><G53/><T88/><D41/><U57/><E55/><V27/><F27/><AGARI ba="2,1" hai="13,15,17,20,21,25,27,29,87,90,95" m="32223" machi="27" ten="30,1500,0" yaku="8,1" doraHai="126" who="3" fromWho="2" sc="411,0,147,0,138,-21,294,31" /><INIT seed="3,3,0,5,4,24" ten="411,147,117,325" oya="3" hai0="95,8,99,33,46,1,51,115,10,7,14,133,69" hai1="110,52,45,75,89,100,35,78,28,124,130,77,20" hai2="65,67,122,131,83,90,108,13,120,72,30,80,42" hai3="17,76,117,12,50,68,104,38,29,19,94,92,49"/><W39/><G76/><T32/><D69/><U116/><E35/><V101/><F42/><W123/><G68/><T61/><D61/><U21/><E116/><V58/><F101/><W73/><G73/><T27/><D133/><U125/><E130/><V4/><F108/><W81/><G81/><T36/><D36/><U63/><E110/><V3/><F3/><W96/><G104/><T102/><D115/><U16/><E100/><V37/><F37/><W112/><G117/><T55/><REACH who="0" step="1"/><D27/><REACH who="0" ten="401,147,117,325" step="2"/><N who="1" m="16487" /><E75/><V121/><F131/><W70/><G70/><T64/><D64/><U6/><E125/><V48/><F67/><W135/><G112/><T47/><D47/><U86/><E124/><V62/><F122/><W111/><G123/><T60/><D60/><U88/><E6/><AGARI ba="3,1" hai="1,6,7,8,10,14,32,33,46,51,55,95,99,102" machi="6" ten="30,3900,0" yaku="1,1,7,1,53,1" doraHai="24" doraHaiUra="34" who="0" fromWho="1" sc="401,58,147,-48,117,0,325,0" /><INIT seed="4,0,0,2,1,42" ten="459,99,117,325" oya="0" hai0="71,87,90,63,81,0,115,119,48,92,129,43,69" hai1="80,91,133,46,4,56,102,17,74,98,85,18,52" hai2="86,118,20,31,29,126,113,107,97,114,12,75,73" hai3="6,21,19,30,47,35,89,38,95,53,130,8,103"/><T84/><D0/><U79/><E133/><V2/><F2/><W83/><G130/><T14/><D119/><U3/><E4/><V135/><F86/><W57/><G30/><N who="2" m="11273" /><F135/><W11/><G35/><T72/><D72/><N who="2" m="27722" /><F118/><W106/><G83/><T16/><D115/><N who="2" m="44042" /><F126/><W104/><G103/><T33/><D33/><U50/><E3/><V124/><F124/><W108/><G108/><T25/><D129/><U120/><E120/><V13/><F20/><W66/><G66/><T26/><D69/><U45/><E18/><V28/><F28/><W54/><G106/><T82/><D71/><U131/><E17/><V37/><F37/><W27/><G104/><T99/><D87/><U23/><E23/><V77/><F77/><W60/><G6/><T121/><D121/><U70/><E70/><V134/><F134/><W41/><REACH who="3" step="1"/><G54/><REACH who="3" ten="459,99,117,315" step="2"/><T128/><D128/><U62/><E131/><V58/><F107/><W122/><G122/><T125/><D125/><U111/><E111/><V51/><F97/><AGARI ba="0,1" hai="8,11,19,21,27,38,41,47,53,57,60,89,95,97" machi="97" ten="30,8000,1" yaku="1,1,7,1,25,2,52,1,53,0" doraHai="42" doraHaiUra="116" who="3" fromWho="2" sc="459,0,99,0,117,-80,315,90" /><INIT seed="5,0,0,3,3,99" ten="459,99,37,405" oya="1" hai0="29,132,24,69,80,42,49,36,59,55,88,37,74" hai1="122,110,111,39,113,21,0,117,50,18,64,77,10" hai2="2,92,8,81,57,3,134,93,123,78,9,26,45" hai3="23,44,5,12,89,98,109,76,118,108,115,34,31"/><U106/><E106/><V130/><F123/><W40/><G34/><T56/><D69/><U63/><E39/><V94/><F130/><W62/><G76/><T126/><D74/><U17/><E122/><V30/><F134/><W4/><G115/><T114/><D114/><U71/><E113/><V101/><F2/><W119/><G62/><T52/><D132/><U125/><E117/><N who="3" m="44554" /><G31/><T75/><D42/><U51/><E125/><V105/><F45/><W107/><G23/><N who="0" m="15519" /><D75/><U91/><E77/><V14/><F3/><W70/><G70/><T47/><D37/><U100/><E91/><V41/><F41/><W79/><G79/><T95/><D36/><U58/><E100/><V129/><F129/><W20/><G20/><T83/><D126/><U43/><E43/><V102/><F105/><W68/><G68/><T7/><D7/><N who="3" m="2633" /><G12/><T87/><D47/><U32/><E32/><V46/><F46/><W53/><G53/><T103/><D103/><N who="2" m="39434" /><F57/><W11/><G11/><T67/><D67/><U86/><E10/><V90/><F78/><W48/><G107/><T121/><D121/><U133/><E0/><V112/><F112/><W19/><G19/><T66/><D66/><U85/><E133/><V60/><F60/><AGARI ba="0,0" hai="49,52,55,56,59,60,80,83,87,88,95" m="15519" machi="60" ten="30,3900,0" yaku="8,1,54,2" doraHai="99" who="0" fromWho="2" sc="459,39,99,0,37,-39,405,0" owari="498,59.0,99,-30.0,-2,-50.0,405,21.0" /></mjloggm>