<mjloggm ver="2.3"><GO type="169" lobby="0"/><UN n0="%E3%82%A4%E3%83%B3%E3%83%87%E3%82%A3%E3%82%B4%E3%83%96%E3%83%AB%E3%83%BC" n1="%E3%82%81%E3%82%93%E3%81%A9%E3%81%84" n2="%E3%81%8B%E3%81%A5%E3%81%8D%EF%BC%B8%EF%BC%A9" n3="%79%6F%74%65%72%75" dan="16,16,16,18" rate="2140.94,2051.01,2095.97,2253.89" sx="M,M,M,F"/><TAIKYOKU oya="0"/><INIT seed="0,0,0,4,2,94" ten="250,250,250,250" oya="0" hai0="123,113,70,119,10,0,21,4,13,130,28,56,86" hai1="126,8,89,114,77,59,110,90,127,81,125,3,55" hai2="40,25,68,118,85,95,83,128,124,104,1,116,48" hai3="20,74,72,107,22,45,53,87,47,15,43,99,29"/><T27/><D70/><U46/><E110/><V132/><F68/><W9/><G53/><T134/><D113/><U65/><E114/><V49/><F1/><W120/><G120/><T38/><D119/><U135/><E135/><V5/><F5/><W26/><G22/><T6/><D123/><U41/><E65/><V98/><F104/><W73/><G87/><T111/><D111/><U69/><E69/><V82/><F124/><W12/><G45/><T62/><D38/><U52/><E8/><V109/><F128/><W35/><G35/><T2/><D134/><U101/><E101/><V11/><F11/><W71/><G71/><T34/><D130/><U112/><E3/><V84/><F132/><W32/><G32/><T97/><D86/><N who="2" m="33386" /><F25/><W33/><G33/><T122/><D122/><U131/><E55/><V24/><F24/><W133/><G133/><T7/><D34/><U63/><E112/><V17/><F17/><W50/><REACH who="3" step="1"/><G9/><REACH who="3" ten="250,250,250,240" step="2"/><T103/><D2/><U61/><E131/><V31/><F118/><W93/><G93/><N who="0" m="58799" /><D0/><U91/><E46/><V129/><F116/><W121/><G121/><T14/><D10/><U23/><E23/><V42/><F129/><W102/><AGARI ba="0,1" hai="12,15,20,26,29,43,47,50,72,73,74,99,102,107" machi="102" ten="40,8000,1" yaku="1,1,0,1,52,1,53,1" doraHai="94" doraHaiUra="44" who="3" fromWho="3" sc="250,-40,250,-20,250,-20,240,90" /><INIT seed="1,0,0,2,3,46" ten="210,230,230,330" oya="1" hai0="33,89,87,124,102,114,19,111,9,81,110,56,118" hai1="1,108,123,40,10,109,67,13,80,104,77,11,39" hai2="115,44,68,72,82,101,49,97,76,5,15,66,42" hai3="61,17,16,48,113,71,0,4,47,58,91,116,28"/><U85/><E123/><V78/><F78/><W65/><G113/><T12/><D114/><U96/><E67/><V22/><F115/><W117/><G28/><T94/><D118/><N who="3" m="45673" /><G71/><T98/><D124/><U37/><E1/><V34/><F34/><W130/><G130/><T70/><D70/><U38/><E104/><V52/><F42/><N who="3" m="24695" /><G91/><T79/><D33/><U53/><E96/><V119/><F119/><W100/><G100/><T135/><D135/><U63/><E40/><V57/><F68/><W20/><G20/><T105/><REACH who="0" step="1"/><D56/><REACH who="0" ten="200,230,230,330" step="2"/><U126/><E126/><V3/><F57/><W23/><G23/><T74/><AGARI ba="0,1" hai="9,12,19,74,79,81,87,89,94,98,102,105,110,111" machi="74" ten="30,12000,2" yaku="1,1,2,1,0,1,24,2,53,1" doraHai="46" doraHaiUra="90" who="0" fromWho="0" sc="200,130,230,-60,230,-30,330,-30" /><INIT seed="2,0,0,0,3,61" ten="330,170,200,300" oya="2" hai0="84,43,65,88,13,62,22,33,128,11,58,98,126" hai1="112,103,118,102,29,68,86,90,42,105,127,14,131" hai2="97,67,0,51,21,87,109,82,83,20,108,44,115" hai3="45,25,48,75,81,104,134,57,70,64,107,73,91"/><V38/><F0/><W122/><G122/><T71/><D33/><U79/><E112/><V72/><F38/><W26/><G57/><T96/><D126/><U39/><E14/><V17/><F115/><W55/><G134/><T74/><D74/><U95/><E42/><V9/><F97/><W111/><G111/><N who="2" m="42569" /><F72/><W129/><G129/><T106/><D128/><U49/><E39/><V41/><F83/><W10/><G104/><T6/><D43/><U85/><E68/><V100/><F100/><W27/><G107/><T80/><D106/><U8/><E102/><V23/><F9/><W12/><G91/><T36/><D36/><U30/><E8/><V101/><F101/><W78/><G75/><T5/><D5/><U53/><E79/><N who="2" m="46559" /><F67/><W7/><G64/><T121/><D121/><U63/><E103/><V1/><F1/><W52/><G81/><T19/><REACH who="0" step="1"/><D71/><REACH who="0" ten="320,170,200,300" step="2"/><U77/><E105/><V54/><F41/><W3/><G73/><T94/><D94/><U99/><E95/><V66/><F66/><W69/><G69/><T130/><D130/><U89/><E131/><V93/><F93/><W16/><G70/><T46/><D46/><U35/><E35/><V76/><F76/><W123/><G78/><T40/><D40/><U2/><E77/><V125/><F125/><W37/><G123/><T92/><D92/><U114/><E127/><V32/><F32/><W24/><G37/><T124/><D124/><U110/><E114/><V50/><F17/><W60/><N who="3" m="6144" /><DORA hai="47" /><W34/><G16/><T18/><D18/><U56/><E110/><V113/><F113/><RYUUKYOKU ba="0,1" sc="320,15,170,-15,200,15,300,-15" hai0="6,11,13,19,22,58,62,65,80,84,88,96,98" hai2="20,21,23,44,50,51,54" /><INIT seed="2,1,1,2,2,114" ten="335,155,215,285" oya="2" hai0="8,21,2,65,134,75,119,105,80,0,18,36,16" hai1="22,57,31,45,133,87,64,60,37,29,88,63,35" hai2="107,96,9,99,95,82,98,41,19,127,49,7,116" hai3="4,55,17,113,23,85,97,66,106,46,115,62,42"/><V122/><F122/><W74/><G74/><T32/><D105/><U15/><E133/><V89/><F127/><W117/><G4/><T102/><D102/><U90/><E35/><V20/><F107/><W93/><G85/><T84/><D65/><U28/><E37/><V5/><F116/><W111/><G55/><T33/><D36/><U51/><E63/><V91/><F82/><W44/><G111/><T132/><D75/><U14/><E90/><V61/><F61/><W83/><G83/><T135/><D119/><U6/><E22/><V121/><F121/><W125/><G106/><T43/><D43/><U50/><E50/><V58/><F9/><W120/><G125/><T24/><D84/><U27/><E27/><V73/><F73/><W70/><G117/><T12/><D80/><U126/><E6/><N who="2" m="2059" /><F95/><W39/><G44/><T26/><D26/><U92/><REACH who="1" step="1"/><E126/><REACH who="1" ten="335,145,215,285" step="2"/><V25/><F41/><AGARI ba="1,2" hai="14,15,28,29,31,41,45,51,57,60,64,87,88,92" machi="41" ten="40,8000,1" yaku="1,1,2,1,8,1,54,1,53,0" doraHai="114" doraHaiUra="69" who="1" fromWho="2" sc="335,0,145,103,215,-83,285,0" /><INIT seed="3,0,0,4,5,60" ten="335,248,132,285" oya="3" hai0="101,107,63,96,119,65,70,15,5,40,54,89,42" hai1="66,84,125,33,4,19,57,2,59,71,108,115,120" hai2="9,3,112,90,30,69,80,97,103,109,34,72,12" hai3="53,131,82,102,21,0,10,26,114,48,128,106,64"/><W18/><G114/><T132/><D119/><U17/><E33/><V98/><F3/><W7/><G82/><T127/><D132/><U28/><E28/><V22/><F109/><W94/><G106/><T11/><D127/><U32/><E32/><V45/><F112/><W51/><G64/><T124/><D124/><U67/><E84/><V104/><F69/><W122/><G122/><T13/><D54/><U100/><E100/><V129/><F129/><N who="3" m="49739" /><G53/><T76/><D76/><U133/><E115/><V87/><F98/><AGARI ba="0,0" hai="0,7,10,18,21,26,48,51,94,98,102" m="49739" machi="98" ten="30,1500,0" yaku="19,1" doraHai="60" who="3" fromWho="2" sc="335,0,248,0,132,-15,285,15" /><INIT seed="3,1,0,4,4,73" ten="335,248,117,300" oya="3" hai0="110,32,28,34,92,126,68,107,98,14,103,40,20" hai1="49,52,127,99,104,60,96,50,56,94,70,87,54" hai2="108,44,120,0,43,82,39,30,106,8,72,130,5" hai3="86,135,36,17,81,100,79,15,23,6,91,26,12"/><W121/><G121/><T47/><D110/><U95/><E127/><V24/><F108/><W101/><G36/><T125/><D107/><U122/><E122/><V45/><F45/><W25/><G135/><T123/><D68/><U111/><E111/><V31/><F120/><W83/><G15/><T89/><D103/><U133/><E104/><V105/><F31/><W80/><G80/><T1/><D1/><U18/><E133/><V19/><F19/><W124/><G124/><N who="0" m="47723" /><D14/><U132/><E132/><V51/><F51/><N who="1" m="19465" /><E70/><V85/><F85/><N who="3" m="48319" /><G25/><N who="0" m="16423" /><D123/><U22/><E87/><V119/><F130/><W53/><G53/><T16/><D16/><U9/><E9/><AGARI ba="1,0" hai="6,9,12,17,23,26,83,86,91,100,101" m="48319" machi="9" ten="30,2900,0" yaku="8,1,52,1" doraHai="73" who="3" fromWho="1" sc="335,0,248,-32,117,0,300,32" /><INIT seed="3,2,0,1,4,43" ten="335,216,117,332" oya="3" hai0="89,2,75,99,76,71,13,47,11,94,22,51,105" hai1="113,20,63,49,62,32,19,8,87,122,14,30,10" hai2="31,77,52,15,78,18,114,28,6,61,66,124,70" hai3="7,26,96,57,73,24,9,93,53,129,101,21,42"/><W107/><G129/><T1/><D71/><U72/><E72/><V130/><F114/><W3/><G73/><T135/><D135/><U125/><E113/><V0/><F124/><W40/><G107/><T106/><D22/><U115/><E115/><V16/><F130/><W121/><G121/><T112/><D112/><U109/><E109/><V81/><F78/><W103/><G103/><T128/><D128/><U29/><E125/><V64/><F0/><W120/><G120/><T126/><D126/><U97/><E97/><V33/><F33/><W60/><REACH who="3" step="1"/><G26/><REACH who="3" ten="335,216,117,322" step="2"/><T46/><D105/><U79/><E122/><V127/><F127/><W84/><G84/><T98/><D106/><U17/><E87/><N who="2" m="48559" /><F70/><W83/><G83/><T134/><D134/><U37/><E79/><V25/><F25/><W85/><G85/><T23/><D98/><U12/><E37/><V48/><F31/><AGARI ba="2,1" hai="3,7,9,21,24,31,40,42,53,57,60,93,96,101" machi="31" ten="30,5800,0" yaku="1,1,7,1,53,1" doraHai="43" doraHaiUra="91" who="3" fromWho="2" sc="335,0,216,0,117,-64,322,74" /><INIT seed="3,3,0,2,0,58" ten="335,216,53,396" oya="3" hai0="102,39,95,29,37,57,97,118,61,3,8,119,91" hai1="48,10,44,54,22,87,107,52,112,11,63,78,124" hai2="116,127,40,26,12,24,33,108,45,64,32,122,106" hai3="126,5,132,104,50,73,77,65,15,51,130,135,72"/><W123/><G123/><T96/><D29/><U81/><E112/><V28/><F106/><W1/><G1/><T71/><D71/><U68/><E124/><V38/><F108/><W2/><G2/><T23/><D23/><U120/><E107/><V105/><F105/><W19/><G5/><T9/><D118/><U16/><E120/><V92/><F116/><W94/><G104/><T88/><D91/><U79/><E79/><V62/><F122/><W90/><G130/><T14/><D8/><U20/><E20/><V67/><F67/><W41/><G65/><T4/><D3/><U76/><E76/><V117/><F127/><W109/><G41/><T103/><D119/><U6/><E68/><V84/><F12/><W53/><G109/><T56/><D56/><U83/><E83/><V110/><F110/><W43/><G77/><T100/><REACH who="0" step="1"/><D96/><REACH who="0" ten="325,216,53,396" step="2"/><U82/><E11/><V114/><F117/><W55/><G126/><T47/><D47/><U89/><E10/><V13/><F114/><W46/><G46/><T66/><AGARI ba="3,1" hai="4,9,14,37,39,57,61,66,88,95,97,100,102,103" machi="66" ten="30,7900,0" yaku="1,1,0,1,52,1,54,1,53,0" doraHai="58" doraHaiUra="25" who="0" fromWho="0" sc="325,98,216,-23,53,-23,396,-42" /><INIT seed="4,0,0,4,3,11" ten="423,193,30,354" oya="0" hai0="60,69,53,98,0,71,16,129,120,99,44,42,80" hai1="13,93,26,135,88,130,55,24,133,76,95,41,23" hai2="109,104,77,21,65,48,121,111,132,123,83,29,91" hai3="66,8,128,32,75,72,30,22,61,57,49,67,96"/><T34/><D120/><U43/><E130/><V35/><F65/><W116/><G116/><T97/><D0/><U54/><E76/><V6/><F35/><W90/><G32/><T131/><D34/><U100/><E23/><V2/><F132/><W74/><G128/><N who="0" m="49227" /><D80/><U106/><E100/><V12/><F104/><W112/><G112/><T84/><D84/><U38/><E106/><V51/><F91/><W94/><G49/><T1/><D1/><U108/><E108/><N who="2" m="41547" /><F51/><W17/><G30/><T78/><D78/><U62/><E62/><V7/><F48/><W110/><G8/><T134/><D134/><U14/><REACH who="1" step="1"/><E38/><REACH who="1" ten="423,183,30,354" step="2"/><V4/><F77/><W107/><G107/><T47/><D60/><U117/><E117/><V92/><F92/><W81/><G110/><T33/><D33/><U31/><E31/><V85/><F83/><W19/><G81/><T3/><D69/><U73/><E73/><V115/><F115/><W36/><G36/><T59/><D71/><U52/><E52/><V82/><F82/><W118/><G118/><T45/><D53/><U28/><E28/><V18/><F85/><W10/><G74/><T56/><D99/><U40/><E40/><V114/><F114/><W102/><G102/><T27/><D42/><U39/><E39/><V125/><F29/><W5/><G72/><T9/><D97/><U119/><E119/><V37/><F37/><W15/><G75/><T103/><D98/><U58/><E58/><V46/><F46/><W113/><G113/><T79/><D79/><U89/><AGARI ba="0,1" hai="13,14,24,26,41,43,54,55,88,89,93,95,133,135" machi="89" ten="25,12000,2" yaku="1,1,0,1,22,2,52,2,54,1,53,0" doraHai="11" doraHaiUra="70" who="1" fromWho="1" sc="423,-60,183,130,30,-30,354,-30" /><INIT seed="5,0,0,3,5,79" ten="363,313,0,324" oya="1" hai0="132,18,5,33,55,116,62,94,118,83,102,96,27" hai1="63,15,31,129,84,29,30,115,58,60,28,69,124" hai2="48,117,45,17,76,57,86,90,82,73,2,120,52" hai3="54,119,68,110,38,44,34,20,61,99,131,85,46"/><U123/><E123/><V72/><F2/><W97/><G34/><T88/><D5/><U80/><E115/><V125/><F120/><W1/><G110/><T24/><D132/><U77/><E124/><V128/><F117/><W36/><G1/><T51/><D51/><U105/><E105/><V103/><F125/><W114/><G114/><T101/><D27/><U3/><E3/><V106/><F128/><W43/><G131/><T95/><D83/><U12/><E129/><V126/><F126/><W4/><G4/><T107/><D33/><U121/><E121/><V81/><F106/><W19/><G85/><T71/><D71/><U56/><E69/><V70/><F103/><N who="0" m="39434" /><D95/><U40/><E40/><V6/><F70/><W78/><G38/><T91/><D91/><U23/><E23/><V134/><F134/><W111/><G78/><T112/><D107/><U32/><E32/><V75/><F6/><W26/><G111/><T122/><D122/><U87/><E87/><V8/><F57/><W16/><G119/><T42/><D42/><U64/><N who="1" m="7680" /><DORA hai="0" /><U9/><REACH who="1" step="1"/><E9/><REACH who="1" ten="363,303,0,324" step="2"/><V39/><F39/><W66/><G36/><T65/><D112/><U11/><E11/><V47/><F47/><W14/><G43/><T41/><D41/><U37/><E37/><V133/><F133/><W25/><G46/><T89/><D118/><U21/><E21/><V135/><F135/><W100/><G44/><T98/><D116/><U59/><E59/><V92/><F92/><N who="3" m="58407" /><G20/><T127/><D127/><U130/><E130/><V109/><F109/><W50/><G68/><T104/><D104/><RYUUKYOKU ba="0,1" sc="363,-15,303,15,0,15,324,-15" hai1="12,15,56,58,60,63,64,77,80,84" hai2="8,17,45,48,52,72,73,75,76,81,82,86,90" /><INIT seed="5,1,1,2,0,54" ten="348,318,15,309" oya="1" hai0="116,134,113,37,27,21,108,8,23,97,72,86,93" hai1="51,67,22,74,42,59,89,7,17,31,15,107,14" hai2="28,96,33,129,91,1,48,2,77,95,103,73,70" hai3="46,49,44,41,10,43,34,81,25,115,128,45,119"/><U105/><E74/><V0/><F70/><W29/><G115/><T64/><D108/><U60/><E31/><V76/><F129/><W102/><G128/><T111/><D111/><U61/><E61/><V114/><F114/><W90/><G119/><T87/><D116/><U40/><E40/><V85/><F33/><W123/><G123/><T125/><D72/><U19/><E7/><V62/><F28/><W78/><G90/><T110/><D37/><U12/><E12/><V16/><F62/><W69/><G102/><T57/><D110/><U36/><E36/><V50/><F77/><W112/><G69/><T94/><D94/><U68/><E89/><V99/><F99/><W84/><G112/><T118/><D8/><U52/><REACH who="1" step="1"/><E42/><REACH who="1" ten="348,308,15,309" step="2"/><V18/><F48/><W98/><G43/><T104/><D113/><U88/><E88/><V56/><F76/><W127/><G127/><T4/><D4/><U135/><E135/><V71/><F73/><W132/><G132/><T122/><D125/><U55/><E55/><V13/><F71/><W66/><G66/><T75/><D75/><U100/><E100/><V38/><F38/><W39/><G39/><T63/><D63/><U121/><E121/><V133/><F133/><W126/><G126/><T117/><D64/><U82/><E82/><N who="2" m="49591" /><F13/><W79/><G79/><T6/><D122/><U35/><E35/><V53/><F103/><W32/><G32/><T3/><D134/><U106/><E106/><V11/><F11/><AGARI ba="1,2" hai="11,14,15,17,19,22,51,52,59,60,67,68,105,107" machi="11" ten="30,11600,0" yaku="1,1,7,1,52,1,54,1,53,0" doraHai="54" doraHaiUra="109" who="1" fromWho="2" sc="348,0,308,139,15,-119,309,0" owari="348,15.0,447,54.0,-104,-60.0,309,-9.0" /></mjloggm>