<mjloggm ver="2.3"><GO type="169" lobby="0"/><UN n0="%E3%81%92%E3%81%A1%E3%81%87%E3%81%AA%30%34" n1="%E4%B8%89%E5%86%A0%E7%8E%8B%E3%83%BB%E5%B1%B1%E7%94%B0%E5%93%B2%E4%BA%BA" n2="%E5%AE%89%E9%81%94%E3%81%95%E3%81%8F%E3%82%89" n3="%28%3B%E3%83%BB%E2%88%80%E3%83%BB%29" dan="16,17,17,16" rate="2123.30,2212.48,2198.09,2172.63" sx="M,M,M,M"/><TAIKYOKU oya="0"/><INIT seed="0,0,0,2,1,5" ten="250,250,250,250" oya="0" hai0="6,13,35,89,111,77,18,0,110,28,56,97,93" hai1="127,113,67,109,8,10,63,39,106,64,7,65,102" hai2="20,40,48,78,94,128,37,16,2,69,114,41,90" hai3="79,11,117,81,54,12,52,44,100,70,42,119,53"/><T99/><D77/><U38/><E109/><N who="0" m="41481" /><D6/><U46/><E127/><V24/><F114/><W27/><G70/><T101/><D0/><U75/><E113/><V68/><F2/><W55/><G100/><T98/><D56/><U132/><E75/><V1/><F1/><W45/><G27/><N who="0" m="18847" /><D101/><U116/><E7/><V43/><F128/><W115/><G115/><T4/><D4/><U17/><E102/><V58/><F37/><W21/><G21/><AGARI ba="0,0" hai="13,18,21,89,93,97,98,99" m="18847,41481" machi="21" ten="30,2900,0" yaku="14,1,10,1" doraHai="5" who="0" fromWho="3" sc="250,29,250,0,250,0,250,-29" /><INIT seed="0,1,0,2,5,117" ten="279,250,250,221" oya="0" hai0="11,126,89,41,70,102,90,119,96,86,105,45,110" hai1="65,112,64,78,58,22,134,37,60,26,76,1,42" hai2="62,5,123,106,44,92,4,75,74,88,135,132,36" hai3="72,2,51,85,103,12,17,63,133,94,95,91,121"/><T73/><D119/><U43/><E1/><V10/><F106/><W23/><G72/><T21/><D70/><U57/><E134/><N who="2" m="51243" /><F62/><W107/><G107/><T66/><D66/><U59/><E112/><V97/><F4/><W52/><G133/><T46/><D73/><U34/><E34/><V53/><F123/><W101/><G2/><T124/><D11/><U127/><E127/><V38/><F53/><W48/><G121/><T120/><D120/><U18/><E37/><N who="2" m="14443" /><F44/><W128/><G128/><T113/><D46/><U82/><E76/><V130/><F130/><W61/><G51/><T131/><D113/><U111/><E111/><V13/><AGARI ba="1,0" hai="5,10,13,74,75,88,92,97" m="14443,51243" machi="13" ten="30,2000,0" yaku="20,1,54,1" doraHai="117" who="2" fromWho="2" sc="279,-11,250,-6,250,23,221,-6" /><INIT seed="1,0,0,3,0,116" ten="268,244,273,215" oya="1" hai0="69,122,60,53,34,82,27,15,52,134,4,11,121" hai1="120,1,129,32,84,102,127,47,54,91,8,106,24" hai2="81,131,3,36,86,56,40,110,80,58,107,20,118" hai3="22,85,117,98,62,48,93,130,0,57,2,104,73"/><U74/><E74/><V112/><F118/><W123/><G73/><T45/><D134/><U124/><E129/><V119/><F119/><W50/><G123/><N who="0" m="47115" /><D82/><U83/><E120/><V41/><F3/><W42/><G104/><T64/><D45/><U70/><E70/><V76/><F107/><W49/><G85/><T9/><D9/><U13/><E1/><V28/><F110/><W10/><G130/><T31/><AGARI ba="0,0" hai="4,11,15,27,31,34,52,53,60,64,69" m="47115" machi="31" ten="30,8000,1" yaku="13,1,52,3,54,1" doraHai="116" who="0" fromWho="0" sc="268,80,244,-40,273,-20,215,-20" /><INIT seed="2,0,0,1,4,31" ten="348,204,253,195" oya="2" hai0="25,44,47,117,17,42,43,120,134,30,35,4,73" hai1="63,71,81,60,118,127,33,34,90,3,65,85,55" hai2="84,88,113,69,27,58,21,52,123,98,87,50,114" hai3="75,129,119,29,94,0,12,95,36,45,10,110,126"/><V76/><F123/><W101/><G119/><T124/><D73/><U13/><E3/><V26/><F69/><W115/><G0/><T22/><D120/><U68/><E118/><V19/><F27/><W38/><G75/><T86/><D4/><U111/><E111/><V18/><F18/><W7/><G110/><T40/><D117/><U125/><E13/><V89/><F98/><W57/><G126/><N who="1" m="48138" /><E55/><V100/><F100/><W16/><G129/><T93/><D124/><U5/><E5/><V107/><F107/><W92/><G101/><T32/><D134/><U103/><E103/><V74/><F76/><W97/><G97/><T116/><D116/><U82/><E81/><V104/><F104/><W41/><G115/><T112/><D112/><U64/><AGARI ba="0,0" hai="33,34,60,63,64,65,68,71,82,85,90" m="48138" machi="64" ten="30,4000,0" yaku="18,1,52,2" doraHai="31" who="1" fromWho="1" sc="348,-10,204,40,253,-20,195,-10" /><INIT seed="3,0,0,4,4,60" ten="338,244,233,185" oya="3" hai0="76,45,128,24,64,94,121,1,118,53,103,89,115" hai1="107,19,50,111,134,20,36,97,108,72,38,11,102" hai2="68,135,73,113,133,132,28,44,16,120,55,65,42" hai3="71,59,100,114,92,25,22,37,129,109,48,2,119"/><W17/><G114/><T78/><D1/><U27/><E72/><V49/><F113/><W70/><G119/><T84/><D115/><U106/><E134/><V127/><F73/><W85/><G37/><T31/><D121/><U81/><E107/><V56/><F28/><W51/><G129/><T58/><D118/><U63/><E81/><V7/><F7/><W62/><G2/><T57/><D103/><U77/><E77/><V67/><F120/><W95/><G109/><N who="1" m="42058" /><E63/><V99/><F127/><W69/><G95/><T88/><D45/><U47/><E11/><V34/><F34/><W14/><G25/><T93/><D58/><U8/><E8/><V61/><F99/><W54/><REACH who="3" step="1"/><G85/><REACH who="3" ten="338,244,233,175" step="2"/><T32/><D128/><U39/><E38/><V86/><F86/><W98/><AGARI ba="0,1" hai="14,17,22,48,51,54,59,62,69,70,71,92,98,100" machi="98" ten="40,7800,0" yaku="1,1,2,1,0,1,53,0" doraHai="60" doraHaiUra="83" who="3" fromWho="3" sc="338,-26,244,-26,233,-26,175,88" /><INIT seed="3,1,0,3,2,72" ten="312,218,207,263" oya="3" hai0="0,107,49,84,69,28,12,19,113,24,17,135,85" hai1="96,67,131,86,133,10,88,8,79,56,102,30,134" hai2="68,63,100,117,27,45,112,75,29,13,92,99,62" hai3="59,94,70,108,3,16,115,104,15,25,54,116,43"/><W37/><G104/><T41/><D69/><U18/><E131/><V91/><F112/><W83/><G70/><T23/><D107/><U33/><E79/><V95/><F117/><W76/><G3/><T38/><D38/><U6/><E18/><V105/><F75/><W118/><G115/><T90/><D113/><U106/><E30/><V89/><F13/><W32/><G108/><T128/><D0/><U44/><E33/><V7/><F7/><W22/><G43/><T42/><D85/><U132/><E6/><V87/><F45/><W64/><G64/><T80/><D135/><U109/><E44/><V52/><F68/><W39/><G94/><T60/><D60/><N who="1" m="38279" /><E109/><V130/><F130/><W48/><G39/><T127/><D127/><U65/><E65/><V110/><F110/><W124/><G37/><T4/><D4/><U93/><AGARI ba="1,0" hai="8,10,86,88,93,96,102,106,132,133,134" m="38279" machi="93" ten="30,2000,0" yaku="20,1,54,1" doraHai="72" who="1" fromWho="1" sc="312,-6,218,23,207,-6,263,-11" /><INIT seed="4,0,0,2,2,58" ten="306,241,201,252" oya="0" hai0="7,82,5,128,120,64,46,50,135,113,8,43,12" hai1="34,104,91,57,63,29,85,115,37,102,52,24,101" hai2="83,65,14,9,107,0,54,133,124,134,90,33,62" hai3="60,77,1,67,129,35,76,16,121,44,28,87,132"/><T25/><D120/><U26/><E37/><V71/><F107/><W27/><G1/><T18/><D113/><U72/><E72/><V23/><F33/><W122/><G129/><T17/><D135/><N who="2" m="51722" /><F124/><W78/><G132/><T53/><D128/><U84/><E115/><V108/><F108/><W79/><G44/><T123/><D123/><N who="3" m="47113" /><G87/><T94/><D94/><U103/><E24/><V97/><F0/><W19/><N who="3" m="19456" /><DORA hai="41" /><W98/><G98/><T68/><D82/><U38/><E38/><V48/><F23/><W93/><G93/><T86/><D86/><U88/><E104/><V45/><F97/><W61/><G61/><T100/><D100/><U21/><E34/><V30/><F30/><W131/><G131/><T69/><D69/><AGARI ba="0,0" hai="16,19,27,28,35,60,67,69" m="19456,47113" machi="69" ten="40,5200,0" yaku="13,1,52,1,54,1" doraHai="58,41" who="3" fromWho="0" sc="306,-52,241,0,201,0,252,52" /><INIT seed="5,0,0,5,5,133" ten="254,241,201,304" oya="1" hai0="67,75,19,114,23,63,102,24,69,61,92,17,113" hai1="95,22,123,122,99,21,105,116,81,59,9,41,115" hai2="97,15,93,5,65,76,88,87,80,16,30,127,50" hai3="134,70,89,71,118,13,27,96,44,111,12,126,90"/><U55/><E105/><V64/><F127/><W91/><G134/><T104/><D75/><U106/><E106/><V100/><F5/><W8/><G111/><T83/><D104/><U101/><E116/><V40/><F30/><W25/><G118/><T18/><D83/><U26/><E115/><N who="0" m="44041" /><D63/><U45/><E9/><V68/><F68/><W43/><G96/><AGARI ba="0,0" hai="17,18,19,23,24,61,67,69,92,96,102" m="44041" machi="96" ten="30,1000,0" yaku="15,1" doraHai="133" who="0" fromWho="3" sc="254,10,241,0,201,0,304,-10" /><INIT seed="6,0,0,0,0,119" ten="264,241,201,294" oya="2" hai0="96,74,22,47,71,131,108,80,8,37,95,82,75" hai1="50,9,79,113,110,13,117,100,106,98,29,129,27" hai2="15,10,61,41,21,24,99,3,94,46,125,34,26" hai3="55,35,38,83,109,2,89,104,81,18,69,118,1"/><V43/><F125/><W58/><G118/><T65/><D108/><U111/><E117/><V64/><F3/><W19/><G109/><T31/><D65/><U51/><E113/><V60/><F34/><W0/><G69/><T133/><D71/><U93/><E129/><V56/><F61/><W121/><G38/><T44/><D8/><U114/><E114/><V40/><F46/><W105/><G35/><T23/><D95/><U17/><E51/><V28/><F26/><W84/><G121/><T20/><D96/><U16/><E79/><V5/><REACH who="2" step="1"/><F40/><REACH who="2" ten="264,241,191,294" step="2"/><W128/><G2/><T39/><D47/><U92/><E111/><V97/><F97/><W102/><G1/><T30/><D44/><U53/><E110/><V127/><F127/><W36/><G0/><T78/><D131/><U4/><E106/><V54/><F54/><W62/><G128/><T90/><D133/><U63/><E63/><V52/><F52/><W130/><G130/><T11/><D75/><U25/><E25/><V91/><AGARI ba="0,1" hai="5,10,15,21,24,28,41,43,56,60,64,91,94,99" machi="91" ten="20,7800,0" yaku="1,1,0,1,7,1,8,1,53,0" doraHai="119" doraHaiUra="103" who="2" fromWho="2" sc="264,-26,241,-26,191,88,294,-26" /><INIT seed="6,1,0,1,0,1" ten="238,215,279,268" oya="2" hai0="8,3,86,56,106,44,117,0,42,85,39,92,27" hai1="93,40,17,32,36,127,81,28,9,111,18,130,5" hai2="120,70,114,26,131,68,115,121,29,6,10,73,19" hai3="124,88,129,65,109,119,104,91,15,48,33,78,4"/><V125/><F73/><W13/><G109/><T61/><D106/><U107/><E107/><V63/><F63/><W67/><G119/><T113/><D113/><N who="2" m="43018" /><F68/><W122/><G122/><N who="2" m="47209" /><F70/><W96/><G33/><T64/><D117/><U71/><E111/><V103/><F103/><W89/><G124/><T83/><D27/><U50/><E127/><V79/><F79/><W41/><G129/><T31/><D31/><U80/><E71/><V12/><F125/><W84/><G15/><T94/><D94/><U97/><E130/><V99/><F99/><W37/><G37/><T55/><D64/><U22/><E36/><V38/><F38/><W66/><G104/><T57/><D57/><U59/><E59/><V75/><F75/><W60/><G60/><T108/><D108/><U23/><E81/><V116/><F131/><W47/><G96/><T76/><D92/><U34/><E80/><V2/><F116/><W134/><G134/><T128/><D86/><U7/><E97/><V46/><F46/><W20/><G78/><T95/><D95/><U54/><E93/><V43/><F43/><W118/><G118/><T45/><D45/><U105/><E40/><V126/><F126/><W25/><G84/><T77/><D128/><U35/><E105/><V132/><F132/><W11/><REACH who="3" step="1"/><G67/><REACH who="3" ten="238,215,279,258" step="2"/><T58/><D77/><U52/><E50/><V135/><F135/><W62/><G62/><T51/><D76/><U69/><E35/><N who="2" m="20919" /><F2/><W102/><G102/><T72/><D0/><U74/><E74/><V82/><F82/><W112/><G112/><T30/><D72/><U133/><E133/><RYUUKYOKU ba="1,1" sc="238,-15,215,-15,279,15,258,15" hai2="6,10,12,19" hai3="4,11,13,20,25,41,47,48,65,66,88,89,91" /><INIT seed="6,2,1,2,1,56" ten="223,200,294,273" oya="2" hai0="37,50,81,48,35,30,26,122,71,13,104,125,45" hai1="124,68,107,55,84,69,24,10,85,120,113,111,101" hai2="112,31,93,94,38,117,19,119,72,15,87,8,32" hai3="6,80,77,88,43,91,110,79,59,97,123,67,65"/><V28/><F72/><W105/><G110/><T51/><D122/><U115/><E111/><V57/><F38/><W58/><G123/><T61/><D104/><U133/><E120/><V129/><F129/><W3/><G3/><T108/><D108/><U7/><E124/><V11/><F112/><N who="1" m="43081" /><E133/><V54/><F8/><W34/><G34/><T121/><D121/><U134/><E134/><V4/><F4/><W39/><G6/><T5/><D125/><U1/><E55/><V116/><F32/><W49/><G39/><T60/><D71/><N who="1" m="27211" /><E24/><V63/><F94/><N who="3" m="56519" /><G105/><T16/><D5/><U76/><E76/><V27/><F27/><W109/><G109/><T53/><D81/><U132/><E132/><V99/><REACH who="2" step="1"/><F87/><REACH who="2" ten="223,200,284,273" step="2"/><N who="3" m="50663" /><G79/><T62/><REACH who="0" step="1"/><D37/><REACH who="0" ten="213,200,284,273" step="2"/><U25/><E25/><V17/><F17/><W20/><G77/><T52/><D52/><U102/><E107/><V36/><F36/><W103/><G20/><AGARI ba="2,3" hai="13,16,20,26,30,35,45,48,50,51,53,60,61,62" machi="20" ten="40,8000,1" yaku="1,1,52,3,54,1,53,0" doraHai="56" doraHaiUra="0" who="0" fromWho="3" sc="213,116,200,0,284,0,273,-86" /><INIT seed="7,0,0,4,1,119" ten="329,200,284,187" oya="3" hai0="57,22,88,71,60,0,45,126,40,25,135,121,128" hai1="26,58,77,91,89,114,70,16,124,19,5,105,79" hai2="8,76,33,11,69,20,53,84,80,112,115,32,100" hai3="129,104,10,21,72,132,51,94,55,24,41,61,66"/><W74/><G104/><T56/><D121/><U83/><E70/><V7/><F69/><W133/><G41/><T113/><D0/><U107/><E5/><V46/><F100/><W28/><G10/><T59/><D128/><U23/><E114/><N who="2" m="43563" /><F20/><W17/><G129/><T99/><D113/><U14/><E124/><V134/><F134/><N who="3" m="51819" /><G94/><T65/><D135/><U4/><E4/><V50/><F11/><W54/><G28/><T120/><D120/><U123/><E123/><V101/><F101/><W39/><G39/><T109/><D109/><U98/><E58/><V3/><AGARI ba="0,0" hai="3,7,8,32,33,46,50,53,76,80,84" m="43563" machi="3" ten="30,1100,0" yaku="15,1" doraHai="119" who="2" fromWho="2" sc="329,-3,200,-3,284,11,187,-5" owari="326,42.0,197,-20.0,295,10.0,182,-32.0" /></mjloggm>