<mjloggm ver="2.3"><GO type="169" lobby="0"/><UN n0="%45%7A%61%6B%69" n1="%E3%81%B5%E3%81%8F%E3%82%8D%E3%81%86%E3%81%95%E3%82%93" n2="%E4%B8%89%E5%86%A0%E7%8E%8B%E3%83%BB%E5%B1%B1%E7%94%B0%E5%93%B2%E4%BA%BA" n3="%E6%A0%B9%E5%85%83%E3%81%8B%E3%82%89%E5%90%B9%E3%81%A3%E9%A3%9B%E3%81%B6" dan="16,18,17,17" rate="2108.19,2200.13,2218.69,2175.39" sx="M,F,M,F"/><TAIKYOKU oya="0"/><INIT seed="0,0,0,3,2,108" ten="250,250,250,250" oya="0" hai0="72,102,22,51,64,49,112,115,45,127,33,46,88" hai1="14,125,10,9,18,91,73,103,3,120,113,86,55" hai2="53,54,83,74,77,130,100,104,92,123,97,16,71" hai3="6,23,106,8,82,67,126,133,36,32,44,101,39"/><T63/><D72/><U135/><E120/><V87/><F123/><W131/><G23/><T35/><D102/><U78/><E135/><V93/><F71/><W66/><G82/><T37/><D37/><U5/><E125/><V57/><F130/><W19/><G19/><T61/><D22/><U94/><E113/><V30/><F30/><W11/><G11/><T28/><D88/><U84/><E73/><V13/><F74/><W1/><G66/><T65/><REACH who="0" step="1"/><D28/><REACH who="0" ten="240,250,250,250" step="2"/><U29/><E103/><V59/><F104/><W116/><G39/><T60/><D60/><U31/><E78/><V70/><F100/><W79/><G101/><T96/><D96/><U68/><E86/><V62/><F97/><W56/><G106/><T122/><D122/><U89/><E89/><V99/><F99/><W2/><G36/><T12/><D12/><U114/><E31/><V52/><F70/><W98/><G98/><T24/><D24/><U20/><E20/><N who="2" m="11279" /><F62/><W58/><G1/><T21/><D21/><U132/><E29/><V124/><F124/><AGARI ba="0,1" hai="33,35,45,46,49,51,61,63,64,65,112,115,124,127" machi="124" ten="25,12000,1" yaku="1,1,22,2,52,2,53,0" doraHai="108" doraHaiUra="34" who="0" fromWho="2" sc="240,130,250,0,250,-120,250,0" /><INIT seed="0,1,0,4,1,29" ten="370,250,130,250" oya="0" hai0="106,89,82,113,131,86,71,13,133,40,74,19,125" hai1="34,31,30,96,16,80,129,42,101,76,52,116,135" hai2="39,109,111,104,110,102,90,28,84,66,119,55,43" hai3="6,23,35,115,25,14,117,49,79,77,20,70,26"/><T87/><D71/><U57/><E116/><V88/><F119/><W130/><G70/><T124/><D113/><U67/><E129/><V10/><F66/><W75/><G117/><T63/><D106/><U132/><E67/><V99/><F39/><W22/><G75/><T61/><D74/><U120/><E42/><V98/><F43/><W65/><G65/><T62/><D40/><U3/><E3/><V112/><F112/><W17/><G49/><T12/><D133/><N who="1" m="51275" /><E120/><V46/><F10/><N who="3" m="4439" /><G79/><T59/><D131/><U127/><E127/><N who="0" m="48713" /><D87/><N who="1" m="48519" /><E16/><V21/><F99/><W122/><G130/><T95/><D82/><U68/><E68/><V121/><F121/><W126/><G126/><T1/><D1/><U5/><E5/><V7/><F7/><W37/><G37/><T134/><D134/><U107/><E34/><V51/><REACH who="2" step="1"/><F84/><REACH who="2" ten="370,250,120,250" step="2"/><W64/><G115/><T27/><D86/><U92/><E107/><V56/><F56/><W69/><G69/><T18/><D59/><U4/><E4/><V100/><F100/><W73/><G64/><T32/><D63/><AGARI ba="1,1" hai="30,31,52,57,63,92,96,101" m="48519,51275" machi="63" ten="30,2000,0" yaku="20,1,54,1" doraHai="29" who="1" fromWho="0" sc="370,-23,250,33,120,0,250,0" /><INIT seed="1,0,0,4,2,118" ten="347,283,120,250" oya="1" hai0="88,64,124,117,36,67,82,45,133,33,16,8,75" hai1="34,54,107,35,131,119,39,122,102,37,129,38,9" hai2="6,53,112,108,51,58,90,110,73,49,15,70,111" hai3="13,30,40,29,41,83,130,99,120,104,17,42,31"/><U55/><E119/><V48/><F73/><W3/><G3/><T26/><D117/><U95/><E95/><V57/><F6/><W123/><G83/><T63/><D133/><U59/><E9/><V109/><F15/><W66/><G66/><T19/><D124/><U65/><E65/><V12/><F70/><W11/><REACH who="3" step="1"/><G130/><REACH who="3" ten="347,283,120,240" step="2"/><N who="1" m="49674" /><E122/><V46/><F110/><W61/><G61/><T80/><D63/><N who="1" m="36343" /><E55/><V81/><F53/><W47/><G47/><T1/><D45/><U89/><E89/><V126/><F46/><W114/><G114/><T5/><D88/><U100/><E107/><V128/><F128/><W28/><N who="3" m="7168" /><DORA hai="74" /><W62/><G62/><T113/><D113/><U43/><E43/><V97/><F112/><W14/><G14/><T72/><D67/><U91/><E91/><V125/><F12/><W115/><G115/><T101/><D64/><U22/><E102/><AGARI ba="0,1" hai="11,13,17,40,41,42,99,102,104,120,123" m="7168" machi="102" ten="60,7700,0" yaku="1,1,52,2,53,0" doraHai="118,74" doraHaiUra="85,44" who="3" fromWho="1" sc="347,0,283,-77,120,0,240,87" /><INIT seed="2,0,0,3,1,19" ten="347,206,120,327" oya="2" hai0="37,88,117,9,16,116,81,131,47,95,105,17,6" hai1="76,103,13,49,36,66,62,102,106,100,25,39,133" hai2="53,124,80,68,114,85,98,60,43,42,14,132,112" hai3="18,23,58,3,34,89,107,63,54,84,74,44,27"/><V69/><F124/><W87/><G74/><T7/><D131/><U93/><E106/><V30/><F114/><W120/><G120/><T125/><D105/><U110/><E110/><V83/><F112/><W31/><G3/><T119/><D125/><U65/><E133/><V32/><F132/><W122/><G122/><T129/><D81/><U1/><E1/><V29/><F14/><W64/><G107/><T75/><D75/><U59/><E76/><V126/><F126/><W38/><G89/><T134/><D134/><U97/><E66/><V28/><F32/><W77/><G77/><T61/><D129/><U123/><E123/><V45/><F98/><W52/><G54/><T79/><D61/><U11/><E49/><V4/><F4/><N who="0" m="1578" /><D9/><U5/><REACH who="1" step="1"/><E25/><REACH who="1" ten="347,196,120,327" step="2"/><V92/><F68/><W33/><G64/><T55/><D79/><U8/><E8/><V56/><F69/><W10/><G10/><T15/><D15/><U94/><E94/><V111/><F111/><W108/><G108/><T46/><D37/><AGARI ba="0,1" hai="5,11,13,36,37,39,59,62,65,93,97,100,102,103" machi="37" ten="40,8000,1" yaku="1,1,53,3" doraHai="19" doraHaiUra="70" who="1" fromWho="0" sc="347,-80,196,90,120,0,327,0" /><INIT seed="3,0,0,3,5,73" ten="267,286,120,327" oya="3" hai0="133,109,3,51,69,9,11,124,7,101,96,83,121" hai1="23,79,55,17,14,1,126,60,111,65,82,39,4" hai2="72,64,43,125,106,24,28,88,50,108,78,61,42" hai3="132,70,16,54,46,5,122,19,15,6,71,45,63"/><W89/><G122/><T25/><D121/><U37/><E111/><V36/><F108/><W92/><G132/><T52/><D69/><U100/><E126/><V67/><F125/><W77/><G71/><T59/><D124/><U123/><E123/><V47/><F106/><W107/><G107/><T103/><D109/><U22/><E100/><V2/><F2/><W44/><G77/><T117/><D117/><U116/><E116/><V32/><F43/><W91/><G91/><T95/><D133/><U75/><E22/><V57/><F88/><W13/><G70/><T119/><D119/><U93/><E55/><V85/><F85/><N who="3" m="52271" /><G63/><T104/><D25/><U118/><E118/><V80/><REACH who="2" step="1"/><F36/><REACH who="2" ten="267,286,110,327" step="2"/><W20/><G54/><AGARI ba="0,1" hai="24,28,32,42,47,50,54,57,61,64,67,72,78,80" machi="54" ten="30,7700,0" yaku="1,1,2,1,7,1,52,1,53,0" doraHai="73" doraHaiUra="134" who="2" fromWho="3" sc="267,0,286,0,110,87,327,-77" /><INIT seed="4,0,0,4,5,22" ten="267,286,197,250" oya="0" hai0="2,55,27,59,52,119,117,91,70,4,34,66,115" hai1="75,38,13,72,128,30,95,88,1,134,99,0,71" hai2="113,53,57,76,33,89,92,21,69,94,82,24,116" hai3="25,90,48,44,16,132,130,87,61,108,26,79,14"/><T11/><D70/><U135/><E71/><V5/><F69/><W62/><G108/><T42/><D42/><U127/><E128/><V51/><F116/><W39/><G39/><T106/><D106/><U103/><E127/><V64/><F113/><W20/><G132/><N who="1" m="50730" /><E38/><V129/><F129/><W50/><G79/><T40/><D40/><U80/><E13/><V9/><F64/><W28/><G130/><T126/><D126/><U81/><E30/><V100/><F100/><W67/><G67/><T43/><D43/><U111/><E111/><V12/><F33/><W63/><G28/><T32/><D115/><U84/><E80/><V120/><F89/><W133/><G133/><T18/><D117/><U104/><E81/><V98/><F98/><W102/><G102/><T56/><D91/><U31/><E31/><V68/><F68/><W86/><G86/><T58/><D66/><U41/><E41/><V47/><F47/><W109/><G109/><T15/><D119/><U74/><AGARI ba="0,0" hai="0,1,72,74,75,84,88,95,99,103,104" m="50730" machi="74" ten="40,2700,0" yaku="20,1,54,1" doraHai="22" who="1" fromWho="1" sc="267,-13,286,27,197,-7,250,-7" /><INIT seed="5,0,0,4,3,39" ten="254,313,190,243" oya="1" hai0="97,95,70,4,120,60,22,37,66,8,25,106,111" hai1="14,113,63,114,79,28,2,90,68,48,75,15,134" hai2="26,94,126,71,83,78,45,112,54,84,93,35,36" hai3="62,74,13,128,21,56,105,50,58,38,57,123,115"/><U85/><E2/><V96/><F71/><W132/><G123/><T121/><D111/><U88/><E134/><V91/><F126/><W11/><G115/><N who="1" m="44042" /><E28/><V46/><F112/><W55/><G38/><T41/><D106/><U133/><E133/><V127/><F127/><W80/><G105/><T59/><D70/><U34/><E34/><V116/><F116/><W40/><G132/><T44/><D120/><U33/><E33/><V49/><F93/><W19/><G128/><T102/><D121/><U109/><E109/><V77/><F35/><W18/><G74/><T16/><D8/><U51/><E79/><V17/><F77/><W110/><G80/><T27/><REACH who="0" step="1"/><D4/><REACH who="0" ten="244,313,190,243" step="2"/><U1/><E68/><V7/><F7/><W24/><G110/><T101/><D101/><U69/><E69/><V52/><F36/><W86/><REACH who="3" step="1"/><G86/><REACH who="3" ten="244,313,190,233" step="2"/><T64/><D64/><U98/><E85/><V99/><F99/><W65/><G65/><T125/><D125/><U92/><E98/><V31/><F96/><W135/><G135/><T29/><D29/><U43/><E75/><V73/><F31/><W23/><G23/><T130/><D130/><U129/><E129/><V0/><F73/><W89/><G89/><T3/><D3/><U122/><E1/><V9/><F0/><W67/><G67/><T76/><D76/><U32/><E90/><V53/><F78/><W108/><G108/><T72/><D72/><U103/><E88/><V119/><F91/><W117/><G117/><T81/><D81/><U100/><E122/><V20/><F119/><W124/><G124/><T61/><D61/><RYUUKYOKU ba="0,2" sc="244,15,313,-15,190,-15,233,15" hai0="16,22,25,27,37,41,44,59,60,66,95,97,102" hai3="11,13,18,19,21,24,40,50,55,56,57,58,62" /><INIT seed="6,1,2,5,1,78" ten="259,298,175,248" oya="2" hai0="135,48,50,82,35,93,98,2,90,27,124,128,114" hai1="43,20,92,8,9,52,129,95,99,62,73,12,38" hai2="126,108,15,110,23,55,58,112,115,54,134,84,104" hai3="36,49,40,61,76,101,65,26,107,31,67,39,132"/><V14/><F104/><W29/><G29/><T70/><D70/><U28/><E73/><V94/><F126/><W116/><G116/><T85/><D114/><N who="2" m="43562" /><F134/><W105/><G67/><T89/><D135/><U87/><E129/><V60/><F54/><W17/><G17/><T125/><D128/><U18/><E38/><V56/><F58/><W57/><G76/><T97/><D2/><U11/><E43/><V127/><F127/><N who="0" m="48714" /><D98/><U75/><E75/><V102/><F23/><W113/><G132/><T0/><D0/><U59/><E28/><AGARI ba="1,2" hai="27,28,35,48,50,82,85,89,90,93,97" m="48714" machi="28" ten="30,2000,0" yaku="18,1,52,1" doraHai="78" who="0" fromWho="1" sc="259,43,298,-23,175,0,248,0" /><INIT seed="7,0,0,1,5,94" ten="302,275,175,248" oya="3" hai0="5,131,34,40,54,71,38,55,125,126,61,12,45" hai1="20,96,44,86,104,114,8,13,32,47,60,113,111" hai2="46,87,50,42,14,19,9,127,81,103,66,77,105" hai3="118,88,129,7,63,24,52,30,72,48,100,36,57"/><W1/><G118/><T76/><D131/><U10/><E111/><V49/><F127/><N who="0" m="48650" /><D34/><U85/><E32/><V102/><F66/><N who="3" m="39279" /><G1/><T115/><D115/><N who="1" m="44043" /><E20/><V53/><REACH who="2" step="1"/><F105/><REACH who="2" ten="302,275,165,248" step="2"/><W59/><G129/><T133/><D133/><U92/><E104/><V128/><F128/><W99/><G72/><T135/><D135/><U17/><E8/><V70/><F70/><W107/><G107/><T78/><D71/><U37/><E10/><V134/><F134/><W25/><G36/><T101/><D38/><U31/><E37/><V116/><F116/><W0/><G0/><T21/><D5/><U130/><E130/><V22/><F22/><N who="3" m="15671" /><G7/><T93/><D21/><U120/><E120/><V123/><F123/><W3/><G3/><T83/><D12/><U84/><E13/><V51/><F51/><W29/><G100/><T64/><D101/><U56/><E60/><V23/><F23/><N who="3" m="15519" /><G88/><T108/><D61/><U124/><E124/><V16/><F16/><W106/><G106/><T122/><D122/><U90/><E17/><V117/><F117/><W43/><G43/><T68/><D40/><U33/><E33/><V121/><F121/><W79/><G79/><T28/><D76/><U26/><E31/><V80/><F80/><W27/><G27/><T62/><D28/><U91/><E26/><V110/><F110/><W15/><G15/><T65/><D108/><U58/><E91/><V67/><F67/><W112/><G112/><T73/><D65/><U95/><E95/><V132/><F132/><W18/><G18/><T98/><D93/><U6/><E6/><V74/><F74/><RYUUKYOKU ba="0,1" sc="302,-30,275,10,165,10,248,10" hai1="44,47,56,58,84,85,86,90,92,96" hai2="9,14,19,42,46,49,50,53,77,81,87,102,103" hai3="48,52,59,99" /><INIT seed="7,1,1,1,1,123" ten="272,285,175,258" oya="3" hai0="45,108,99,41,8,52,102,77,18,58,34,111,91" hai1="106,55,92,42,101,133,96,79,132,73,66,59,121" hai2="7,135,84,120,12,129,105,38,130,82,70,26,74" hai3="115,37,60,39,32,0,51,25,9,28,6,19,49"/><W76/><G115/><T16/><D34/><U110/><E110/><V88/><F120/><W5/><G76/><T30/><D77/><U48/><E121/><V71/><F135/><N who="1" m="51785" /><E66/><V125/><F125/><W24/><G60/><T81/><D30/><U93/><E42/><V68/><F74/><W112/><G112/><T113/><D113/><U127/><E127/><V33/><F38/><W2/><G19/><T63/><D102/><U75/><E79/><V95/><F105/><W56/><G56/><T94/><D81/><U10/><E10/><V87/><F7/><W114/><G114/><T57/><D8/><U104/><E93/><V100/><F12/><W40/><G9/><T62/><D108/><U46/><E59/><V80/><F100/><W54/><G54/><N who="0" m="34103" /><D111/><U124/><E124/><V35/><F95/><W117/><G117/><T50/><AGARI ba="1,1" hai="16,18,41,45,50,52,58,63,91,94,99" m="34103" machi="50" ten="30,4000,0" yaku="8,1,54,2" doraHai="123" who="0" fromWho="0" sc="272,53,285,-11,175,-11,258,-21" owari="325,43.0,274,7.0,164,-34.0,237,-16.0" /></mjloggm>