<mjloggm ver="2.3"><GO type="185" lobby="0"/><UN n0="%E3%83%AA%E3%82%B3%E3%83%BB%E3%83%90%E3%83%B3%E3%83%87%E3%83%A9%E3%82%B9" n1="%E3%81%BF%E3%82%83%E3%83%BC%E3%81%B6%E3%82%8C%E3%81%84%E3%81%8F" n2="%E3%83%84%E3%83%BC%E3%82%A2%E3%82%A6%E3%83%88" n3="" dan="16,16,16,0" rate="2194.62,2193.68,2090.21,1500.00" sx="M,M,M,C"/><TAIKYOKU oya="0"/><INIT seed="0,0,0,0,0,118" ten="350,350,350,0" oya="0" hai0="43,35,87,121,38,0,61,64,114,39,73,59,115" hai1="66,100,132,70,62,124,91,77,80,113,98,130,86" hai2="127,60,102,123,53,37,67,75,57,76,79,51,101" hai3=""/><T134/><N who="0" m="31008" /><T85/><D35/><U56/><E124/><V63/><N who="2" m="31520" /><V82/><F127/><T103/><D0/><U112/><E132/><V95/><F37/><T133/><D73/><U126/><E126/><V105/><F105/><T34/><D34/><U97/><E130/><V81/><F95/><T2/><D103/><U99/><E70/><V104/><F63/><T106/><D106/><U120/><N who="1" m="30752" /><U116/><E116/><V42/><F42/><T50/><D2/><U49/><E49/><V107/><F107/><T108/><D87/><U46/><E46/><V92/><F92/><T32/><D85/><U90/><REACH who="1" step="1"/><E100/><REACH who="1" ten="350,340,350,0" step="2"/><V68/><REACH who="2" step="1"/><F104/><REACH who="2" ten="350,340,340,0" step="2"/><T93/><D32/><U3/><E3/><V71/><F71/><T74/><D39/><U54/><E54/><V128/><F128/><T33/><D38/><U135/><E135/><V84/><AGARI ba="0,2" hai="51,53,57,60,67,68,75,76,79,81,82,84,101,102" m="31520" machi="84" ten="20,6000,1" yaku="1,1,0,1,7,1,52,2,53,0" doraHai="118" doraHaiUra="110" who="2" fromWho="2" sc="350,-40,340,-20,340,80,0,0" /><INIT seed="1,0,0,4,0,82" ten="310,320,420,0" oya="1" hai0="107,58,46,59,37,125,61,62,41,95,66,75,60" hai1="131,115,106,86,90,32,68,83,57,119,87,73,124" hai2="108,53,38,81,78,71,126,67,130,76,116,69,49" hai3=""/><U84/><E115/><V93/><F116/><T70/><D107/><U122/><N who="1" m="31264" /><U72/><E119/><V64/><F126/><T55/><D75/><U47/><E32/><V133/><F130/><T110/><D95/><U99/><E68/><V111/><F38/><T63/><D125/><U42/><E124/><V91/><F133/><T56/><D110/><N who="2" m="42026" /><F71/><T112/><D112/><U36/><E131/><V134/><F134/><T79/><D79/><N who="2" m="30250" /><F81/><T51/><AGARI ba="0,0" hai="37,41,46,51,55,56,58,59,60,61,62,63,66,70" machi="51" ten="30,12000,3" yaku="0,1,24,2,35,6" doraHai="82" who="0" fromWho="0" sc="310,120,320,-80,420,-40,0,0" /><INIT seed="2,0,0,2,0,109" ten="430,240,380,0" oya="2" hai0="75,79,88,43,96,35,127,76,3,100,2,68,94" hai1="77,99,40,134,102,90,63,132,82,103,53,83,123" hai2="50,106,49,41,58,92,37,116,42,110,121,120,122" hai3=""/><V133/><N who="2" m="30752" /><V101/><N who="2" m="31008" /><V91/><N who="2" m="31264" /><V60/><F116/><T124/><D35/><U52/><N who="1" m="31520" /><U112/><E40/><V89/><F133/><N who="1" m="51305" /><E112/><V71/><F110/><T67/><D43/><N who="2" m="16394" /><F37/><T51/><D51/><N who="2" m="19466" /><F106/><T113/><D113/><U45/><E45/><V39/><F39/><T128/><D3/><U69/><E69/><V81/><F71/><T1/><D1/><U66/><E66/><V36/><F36/><T119/><D2/><U54/><E63/><V117/><F117/><T105/><D119/><U61/><E61/><V104/><F104/><T86/><D67/><U46/><E46/><V33/><F33/><T115/><D115/><U57/><E57/><V65/><F81/><T131/><D68/><U114/><E114/><V56/><F58/><T55/><D55/><U93/><E83/><V44/><F44/><T87/><D75/><AGARI ba="0,0" hai="52,53,54,75,77,82,90,93,99,102,103" m="51305,31520" machi="75" ten="30,3900,0" yaku="20,1,52,1,54,1" doraHai="109" who="1" fromWho="0" sc="430,-39,240,39,380,0,0,0" /><INIT seed="4,0,0,4,5,116" ten="391,279,380,0" oya="0" hai0="2,90,129,79,37,121,89,91,125,111,104,80,43" hai1="101,58,106,133,73,102,110,59,45,78,41,118,54" hai2="68,85,97,88,51,72,126,108,107,74,95,56,46" hai3=""/><T105/><N who="0" m="31008" /><T32/><D2/><U49/><E110/><V65/><F108/><T1/><D1/><U81/><E118/><V130/><F126/><T55/><D111/><U94/><E133/><V39/><F130/><T0/><D0/><U76/><E106/><V3/><F3/><T75/><D32/><U99/><E78/><V86/><F68/><T113/><D129/><U38/><REACH who="1" step="1"/><E59/><REACH who="1" ten="391,269,380,0" step="2"/><V135/><F107/><T109/><D109/><U120/><N who="1" m="30752" /><U53/><E53/><V127/><F135/><T115/><D125/><U98/><E98/><V61/><F127/><T60/><D105/><U34/><E34/><V117/><F117/><T48/><D104/><U132/><E132/><V44/><F97/><T103/><D55/><U67/><E67/><V47/><F65/><T122/><N who="0" m="31264" /><T62/><D79/><U92/><E92/><V134/><F134/><T123/><D123/><U83/><E83/><V63/><F56/><T70/><D80/><U96/><E96/><V33/><F33/><T77/><D77/><U71/><E71/><V100/><F95/><T82/><D82/><U52/><E52/><V128/><F128/><T119/><D70/><U69/><E69/><V36/><F100/><AGARI ba="0,1" hai="38,41,45,49,54,58,73,76,81,94,99,100,101,102" m="30752" machi="100" ten="30,7700,0" yaku="1,1,7,1,52,2,53,0" doraHai="116" doraHaiUra="124" who="1" fromWho="2" sc="391,0,269,87,380,-77,0,0" /><INIT seed="5,0,0,2,5,117" ten="391,356,303,0" oya="1" hai0="45,114,127,91,71,0,76,106,84,108,130,72,59" hai1="103,126,52,64,74,73,112,63,66,90,33,134,42" hai2="53,116,113,47,48,96,118,79,35,46,43,86,55" hai3=""/><U41/><E33/><V80/><F35/><T100/><D71/><U89/><E112/><V82/><F113/><T125/><D114/><U102/><E63/><V131/><F131/><T49/><D0/><U94/><E94/><V37/><F96/><T40/><D108/><U93/><E93/><V135/><F135/><T70/><D70/><U56/><E56/><V111/><F111/><T60/><D130/><U105/><E52/><V128/><F128/><T54/><D76/><U98/><E98/><V119/><F82/><T36/><D72/><U92/><E92/><V120/><REACH who="2" step="1"/><F53/><REACH who="2" ten="391,356,293,0" step="2"/><T121/><N who="0" m="31008" /><AGARI ba="0,1" hai="37,43,46,47,48,55,79,80,86,116,118,119,120,121" machi="121" ten="40,8000,1" yaku="1,1,2,1,52,2,53,1" doraHai="117" doraHaiUra="38" who="2" fromWho="0" sc="391,-80,356,0,293,90,0,0" /><INIT seed="6,0,0,2,1,106" ten="311,356,383,0" oya="2" hai0="42,58,103,64,133,46,123,52,50,71,92,94,95" hai1="89,99,111,63,53,78,93,81,87,2,124,84,129" hai2="73,34,121,116,75,74,110,39,55,117,72,100,37" hai3=""/><V98/><N who="2" m="18432" /><DORA hai="70" /><V119/><N who="2" m="31008" /><V65/><F34/><T66/><N who="0" m="31520" /><T102/><D133/><U33/><E111/><V113/><F110/><T107/><D71/><U101/><E2/><V3/><F3/><T127/><D127/><U108/><E108/><V68/><F55/><T41/><D41/><U69/><E33/><V135/><F135/><T49/><REACH who="0" step="1"/><D107/><REACH who="0" ten="301,356,383,0" step="2"/><U40/><E124/><V77/><F113/><T0/><D0/><U86/><E40/><V109/><F109/><T60/><D60/><U88/><E69/><V44/><F68/><T97/><D97/><U82/><E129/><V43/><F119/><T35/><D35/><U134/><E134/><V79/><F117/><T38/><D38/><U90/><REACH who="1" step="1"/><E78/><REACH who="1" ten="301,346,383,0" step="2"/><V83/><F116/><T96/><D96/><U54/><E54/><V62/><F79/><T57/><D57/><AGARI ba="0,2" hai="53,57,63,81,82,84,86,87,88,89,90,93,99,101" machi="57" ten="40,8000,1" yaku="1,1,8,1,54,1,53,1" doraHai="106,70" doraHaiUra="115,48" who="1" fromWho="0" sc="301,-80,346,100,383,0,0,0" owari="221,-38.0,446,40.0,383,-2.0,0,0.0" /></mjloggm>