<mjloggm ver="2.3"><GO type="185" lobby="0"/><UN n0="%E2%99%AA%E5%A4%A2%E5%85%88%E6%A1%88%E5%86%85%E4%BA%BA" n1="%E7%89%8C%E6%B5%81%E5%AE%9A%E7%9F%B3%E6%9C%80%E9%AB%98" n2="%E3%81%BF%E3%82%83%E3%83%BC%E3%81%B6%E3%82%8C%E3%81%84%E3%81%8F" n3="" dan="17,16,16,0" rate="2267.88,2155.55,2193.42,1500.00" sx="F,M,M,C"/><TAIKYOKU oya="0"/><INIT seed="0,0,0,4,1,98" ten="350,350,350,0" oya="0" hai0="120,78,42,122,107,91,66,55,115,36,62,101,83" hai1="129,104,116,45,97,121,54,58,111,79,74,134,50" hai2="73,131,125,43,90,32,117,64,85,114,110,3,124" hai3=""/><T123/><N who="0" m="30752" /><T41/><N who="0" m="31264" /><T63/><N who="0" m="31520" /><T47/><D115/><U40/><N who="1" m="31008" /><U76/><E116/><V61/><F114/><T126/><D126/><U133/><E111/><V119/><F32/><T69/><D91/><U35/><E74/><V80/><F3/><T44/><D107/><U77/><E129/><V95/><F43/><T81/><D101/><U68/><E68/><V59/><F131/><T82/><D55/><U87/><E87/><V105/><F105/><T128/><D62/><U2/><E35/><V99/><F73/><T113/><D113/><U100/><REACH who="1" step="1"/><E2/><REACH who="1" ten="350,340,350,0" step="2"/><V92/><F110/><T52/><D128/><U130/><E130/><V96/><F119/><T72/><REACH who="0" step="1"/><D52/><REACH who="0" ten="340,340,350,0" step="2"/><U39/><AGARI ba="0,2" hai="39,40,45,50,54,58,76,77,79,97,100,104,133,134" m="31008" machi="39" ten="30,5900,0" yaku="1,1,0,1,52,2,53,0" doraHai="98" doraHaiUra="135" who="1" fromWho="1" sc="340,-39,340,79,350,-20,0,0" /><INIT seed="1,0,0,2,3,33" ten="301,419,330,0" oya="1" hai0="67,106,87,123,84,38,111,97,95,0,96,108,127" hai1="110,89,62,92,104,79,81,83,55,40,98,61,69" hai2="80,49,105,101,47,56,52,65,68,103,66,135,85" hai3=""/><U115/><E115/><V128/><F135/><T43/><N who="0" m="31520" /><T121/><N who="0" m="31008" /><T58/><D127/><U116/><E116/><V82/><F128/><T72/><D72/><U34/><E34/><V76/><F105/><T86/><D0/><U88/><E40/><V54/><F68/><T125/><D125/><U78/><E104/><V109/><F109/><N who="0" m="42058" /><D38/><U73/><E110/><V94/><F80/><T57/><D43/><U39/><E39/><V113/><F113/><T114/><D67/><N who="2" m="25610" /><F94/><T71/><D71/><U77/><E69/><V99/><F99/><N who="0" m="37962" /><D114/><U124/><E124/><V107/><F107/><T74/><D74/><U117/><E117/><V122/><N who="2" m="31264" /><V129/><F129/><T70/><D70/><U51/><E73/><V60/><AGARI ba="0,0" hai="47,49,52,54,56,60,76,82,85,101,103" m="31264,25610" machi="60" ten="30,3000,0" yaku="8,1,52,1,54,1" doraHai="33" who="2" fromWho="2" sc="301,-10,419,-20,330,30,0,0" /><INIT seed="2,0,0,1,0,104" ten="291,399,360,0" oya="2" hai0="54,110,50,109,44,72,119,103,132,47,62,73,91" hai1="69,45,118,66,51,46,99,80,57,105,85,35,115" hai2="86,130,56,58,1,134,101,124,93,87,97,55,96" hai3=""/><V111/><F1/><T108/><D119/><U76/><E115/><V129/><F124/><T84/><D132/><U63/><E118/><V135/><F111/><T37/><D103/><U120/><N who="1" m="30752" /><U3/><E35/><V113/><F113/><T38/><D62/><U83/><E3/><V48/><F56/><T117/><D117/><U33/><E33/><V60/><F48/><T39/><REACH who="0" step="1"/><D47/><REACH who="0" ten="281,399,360,0" step="2"/><U40/><E45/><V95/><F134/><T64/><D64/><U89/><E66/><V123/><N who="2" m="31520" /><V102/><REACH who="2" step="1"/><F135/><REACH who="2" ten="281,399,350,0" step="2"/><T121/><N who="0" m="31008" /><T79/><D79/><U128/><E76/><V78/><F78/><T32/><D32/><U70/><E46/><V59/><F59/><T125/><D125/><U53/><E57/><V74/><F74/><T36/><N who="0" m="9216" /><DORA hai="75" /><T82/><AGARI ba="0,2" hai="44,50,54,72,73,82,84,91,108,109,110" m="9216,31008" machi="82" ten="70,12000,3" yaku="1,1,4,1,0,1,14,1,52,3,53,1" doraHai="104,75" doraHaiUra="88,77" who="0" fromWho="0" sc="281,140,399,-40,350,-80,0,0" /><INIT seed="4,0,0,5,3,52" ten="421,359,270,0" oya="0" hai0="79,46,62,92,34,73,131,51,105,0,109,2,120" hai1="118,124,111,87,123,64,110,100,69,102,115,88,40" hai2="133,57,65,56,1,126,71,82,54,83,72,94,119" hai3=""/><T112/><N who="0" m="30752" /><T81/><D34/><U135/><E40/><V37/><F1/><T41/><D112/><U63/><N who="1" m="31520" /><U104/><E118/><V32/><F32/><T121/><N who="0" m="31008" /><T97/><D131/><U108/><E115/><V84/><F119/><T75/><D109/><U95/><E124/><V66/><F126/><T130/><D130/><U122/><N who="1" m="31264" /><U58/><E135/><V39/><F71/><T48/><D105/><U49/><REACH who="1" step="1"/><E104/><REACH who="1" ten="421,349,270,0" step="2"/><V43/><F43/><T116/><D116/><U103/><E103/><V90/><F133/><T107/><D107/><U99/><E99/><V36/><F72/><T78/><D0/><U59/><E59/><V3/><F3/><T106/><D106/><U35/><E35/><V67/><REACH who="2" step="1"/><F56/><REACH who="2" ten="421,349,260,0" step="2"/><T50/><D2/><U129/><E129/><V38/><N who="2" m="9216" /><DORA hai="53" /><V77/><F77/><T42/><D42/><U96/><E96/><V74/><F74/><T60/><D75/><U134/><E134/><V91/><F91/><T61/><REACH who="0" step="1"/><D78/><REACH who="0" ten="411,349,260,0" step="2"/><U86/><E86/><V47/><F47/><T55/><D55/><AGARI ba="0,3" hai="49,55,58,63,64,69,87,88,95,100,102,108,110,111" m="31264,31520" machi="55" ten="40,12000,2" yaku="1,1,52,4,54,1,53,1" doraHai="52,53" doraHaiUra="80,101" who="1" fromWho="0" sc="411,-120,349,150,260,0,0,0" /><INIT seed="5,0,0,1,1,125" ten="291,499,260,0" oya="1" hai0="74,100,114,95,0,37,3,40,98,72,82,76,47" hai1="44,130,71,122,69,117,118,61,36,112,97,32,126" hai2="78,34,46,67,66,103,54,123,91,89,58,102,41" hai3=""/><U62/><N who="1" m="31264" /><U50/><E32/><V39/><N who="2" m="31520" /><V59/><F34/><T42/><D114/><U121/><N who="1" m="31008" /><U64/><E126/><V1/><F1/><T45/><REACH who="0" step="1"/><D74/><REACH who="0" ten="281,499,260,0" step="2"/><U83/><E112/><V75/><F75/><T81/><D81/><U90/><E83/><V56/><F78/><T110/><D110/><U60/><E118/><V120/><N who="2" m="30752" /><V115/><F115/><T55/><D55/><U43/><E117/><V133/><F54/><T49/><AGARI ba="0,1" hai="0,3,37,40,42,45,47,49,72,76,82,95,98,100" machi="49" ten="20,2000,0" yaku="1,1,0,1,7,1,53,0" doraHai="125" doraHaiUra="85" who="0" fromWho="0" sc="281,30,499,-13,260,-7,0,0" /><INIT seed="6,0,0,1,0,99" ten="311,486,253,0" oya="2" hai0="50,90,54,49,63,66,112,88,89,106,134,118,0" hai1="51,77,107,75,1,81,76,104,114,85,59,124,71" hai2="129,113,45,125,67,73,53,101,103,72,55,80,128" hai3=""/><V127/><F67/><T70/><D0/><U37/><E37/><V61/><F61/><T120/><N who="0" m="30752" /><T98/><D118/><U102/><E71/><V36/><F36/><T91/><D112/><U56/><E114/><V132/><F113/><T86/><D134/><U57/><E107/><V82/><REACH who="2" step="1"/><F45/><REACH who="2" ten="311,486,243,0" step="2"/><T48/><D48/><U109/><E51/><V95/><F95/><T108/><D49/><U39/><E39/><V115/><F115/><T110/><D106/><U131/><E104/><V123/><N who="2" m="31520" /><V65/><F65/><T69/><D69/><U58/><E58/><V94/><F94/><T47/><REACH who="0" step="1"/><D98/><REACH who="0" ten="301,486,243,0" step="2"/><U38/><E38/><V119/><F119/><T92/><AGARI ba="0,2" hai="47,50,54,63,66,70,86,88,89,90,91,92,108,110" m="30752" machi="92" ten="30,9000,2" yaku="1,1,2,1,0,1,52,1,54,1,53,1" doraHai="99" doraHaiUra="42" who="0" fromWho="0" sc="301,110,486,-30,243,-60,0,0" owari="411,1.0,456,41.0,183,-42.0,0,0.0" /></mjloggm>