<mjloggm ver="2.3"><GO type="169" lobby="0"/><UN n0="%E3%82%84%E3%81%8F%E3%81%97%E3%81%BE%E3%82%8B%E3%81%88%E3%81%A4%E3%81%93" n1="%6B%69%79%6F%70%69%6E" n2="%E5%85%AC%E5%8B%99%E5%93%A1%E3%81%8F%E3%82%93" n3="%E4%B9%BE%E5%9D%A4%E5%8D%81%E4%BA%94%E6%93%B2" dan="16,16,16,16" rate="2060.63,2128.96,2148.36,2112.55" sx="F,M,F,M"/><TAIKYOKU oya="0"/><INIT seed="0,0,0,2,4,83" ten="250,250,250,250" oya="0" hai0="11,135,130,12,103,86,105,132,112,73,44,81,87" hai1="10,41,45,118,47,17,43,134,31,114,100,107,104" hai2="6,35,4,29,124,72,13,76,102,34,96,54,109" hai3="94,2,82,133,89,108,71,5,0,64,20,25,52"/><T110/><D112/><U123/><E118/><V127/><F76/><W55/><G108/><T30/><D110/><U56/><E123/><V8/><F72/><W95/><G133/><N who="0" m="51275" /><D130/><U119/><E119/><V22/><F54/><W23/><G71/><T63/><D30/><U129/><E31/><V97/><F109/><W93/><G64/><T1/><D1/><U66/><E100/><V128/><F96/><W113/><G113/><T115/><D115/><U77/><E77/><V3/><F97/><W80/><G5/><T111/><D111/><U99/><E99/><V122/><F102/><W70/><G70/><T69/><D103/><U91/><E134/><V19/><F122/><W74/><G2/><T15/><D105/><U37/><E129/><V62/><F62/><W59/><G0/><T27/><D27/><U26/><E107/><V58/><F58/><W9/><G9/><T28/><D28/><U21/><E10/><N who="2" m="2335" /><F128/><W39/><G39/><T131/><D15/><U121/><E104/><V48/><F48/><N who="3" m="31111" /><G74/><T40/><D131/><U78/><E121/><V79/><F29/><N who="3" m="17575" /><G23/><T75/><D75/><U88/><E114/><V90/><F35/><W85/><G80/><T106/><D106/><U92/><E37/><V32/><F34/><W67/><G67/><N who="0" m="41215" /><D81/><U53/><E66/><V120/><F32/><W33/><G33/><T46/><D73/><U49/><E26/><N who="2" m="14687" /><F120/><W7/><G7/><N who="0" m="3199" /><D44/><U84/><E47/><V68/><F68/><W60/><G82/><T51/><AGARI ba="0,0" hai="40,46,51,86,87" m="3199,41215,51275" machi="51" ten="30,6000,0" yaku="20,1,52,2" doraHai="83" who="0" fromWho="0" sc="250,60,250,-20,250,-20,250,-20" /><INIT seed="0,1,0,3,2,77" ten="310,230,230,230" oya="0" hai0="71,130,125,13,129,33,34,24,25,69,65,28,39" hai1="3,12,36,127,112,84,80,79,114,18,29,102,55" hai2="0,42,86,8,134,54,83,104,96,82,17,111,87" hai3="31,120,117,103,7,2,124,58,133,81,132,74,52"/><T110/><D39/><U107/><E3/><V92/><F111/><W15/><G117/><T68/><D65/><U37/><E29/><V19/><F134/><N who="3" m="51819" /><G2/><T62/><D62/><U73/><E127/><V50/><F104/><W51/><G124/><T14/><D125/><U128/><E128/><N who="0" m="49257" /><D110/><U78/><E55/><V95/><F42/><W109/><G109/><T118/><D118/><U94/><E37/><V53/><F0/><W100/><G31/><AGARI ba="1,0" hai="13,14,24,25,28,31,33,34,68,69,71" m="49257" machi="31" ten="40,2000,0" yaku="19,1" doraHai="77" who="0" fromWho="3" sc="310,23,230,0,230,0,230,-23" /><INIT seed="0,2,0,4,2,112" ten="333,230,230,207" oya="0" hai0="71,17,72,123,114,135,131,15,45,116,103,70,130" hai1="128,1,86,68,49,10,85,89,125,46,11,104,2" hai2="108,12,67,31,118,51,16,84,59,107,96,41,81" hai3="29,56,34,57,105,100,37,44,50,40,93,32,60"/><T134/><D114/><U122/><E122/><V0/><F0/><W69/><G105/><T47/><D123/><U129/><E68/><N who="0" m="26153" /><D72/><U113/><E104/><V61/><F108/><W115/><G115/><T121/><D103/><U101/><E101/><V33/><F107/><W53/><G29/><T28/><D28/><U25/><E25/><V87/><F96/><W109/><G109/><T97/><D97/><U36/><E36/><V74/><F74/><W43/><G43/><T110/><D110/><U111/><E113/><V18/><F18/><W23/><G23/><T82/><D82/><U117/><E111/><V132/><F132/><N who="0" m="50730" /><D121/><U119/><E89/><V78/><F87/><W83/><G83/><T27/><D27/><U106/><E106/><V127/><F31/><W4/><G4/><T94/><D94/><U66/><E66/><V75/><F75/><W65/><G100/><T54/><D54/><U48/><REACH who="1" step="1"/><E46/><REACH who="1" ten="333,220,230,207" step="2"/><N who="0" m="17417" /><D116/><U124/><AGARI ba="2,1" hai="1,2,10,11,48,49,85,86,117,119,124,125,128,129" machi="124" ten="25,12000,2" yaku="1,1,0,1,22,2,52,2,53,0" doraHai="112" doraHaiUra="24" who="1" fromWho="1" sc="333,-62,220,136,230,-32,207,-32" /><INIT seed="1,0,0,1,0,26" ten="271,356,198,175" oya="1" hai0="121,27,7,4,46,56,61,93,91,48,107,58,65" hai1="69,111,84,51,95,13,81,23,38,19,77,132,101" hai2="1,92,42,105,62,94,57,64,52,53,112,110,5" hai3="22,109,33,17,85,75,70,9,40,80,98,71,47"/><U90/><E38/><V63/><F105/><W82/><G109/><T128/><D107/><U20/><E132/><V96/><F110/><W87/><G75/><T125/><D125/><U74/><E69/><V108/><F108/><W18/><G33/><T3/><D128/><U36/><E36/><V28/><F112/><W8/><G98/><T6/><D121/><U120/><E120/><V55/><F42/><W59/><G59/><T34/><D3/><U60/><E111/><V129/><F129/><W79/><G71/><T103/><D103/><U134/><E134/><V123/><F123/><W73/><G70/><T76/><D76/><U39/><E39/><V113/><F113/><W89/><G73/><T12/><D56/><U14/><E60/><V127/><F127/><W29/><G8/><N who="0" m="4103" /><D27/><U118/><E118/><V32/><F63/><W114/><G114/><T106/><D34/><U119/><E119/><V122/><F122/><W16/><G9/><T35/><D35/><U124/><E124/><V97/><F5/><W133/><G133/><T67/><D67/><U66/><E66/><V116/><F1/><W68/><G68/><T115/><D106/><U86/><E101/><N who="2" m="60551" /><F116/><W45/><G40/><N who="0" m="24647" /><D115/><U135/><E135/><V117/><F117/><W10/><G10/><T131/><D131/><U15/><E74/><V11/><F11/><W126/><G126/><T100/><D100/><U130/><E130/><V44/><F44/><W49/><G49/><T83/><D6/><U2/><E2/><V30/><F32/><W25/><AGARI ba="0,0" hai="16,17,18,22,25,29,45,47,79,80,82,85,87,89" machi="25" ten="30,7900,0" yaku="0,1,8,1,52,1,54,1" doraHai="26" who="3" fromWho="3" sc="271,-20,356,-39,198,-20,175,79" /><INIT seed="2,0,0,4,2,95" ten="251,317,178,254" oya="2" hai0="34,72,112,124,19,33,100,35,24,61,89,123,56" hai1="1,88,121,97,51,125,42,128,60,99,9,75,46" hai2="22,23,132,6,39,74,12,3,70,86,116,122,84" hai3="38,21,80,62,106,8,73,115,113,111,79,87,90"/><V133/><F74/><W134/><G38/><T83/><D112/><N who="3" m="43081" /><G8/><T27/><D123/><U127/><E75/><V54/><F39/><W11/><G11/><T114/><D114/><U103/><E128/><V20/><F70/><W135/><G21/><T93/><D124/><N who="1" m="47691" /><E121/><V63/><F116/><W64/><G106/><T119/><D100/><U69/><E103/><V31/><F122/><W65/><G111/><T15/><D119/><U47/><E47/><V18/><F31/><W37/><G37/><T71/><D71/><U109/><E109/><V13/><F3/><W58/><G65/><T50/><D72/><U92/><E69/><V76/><F6/><W26/><G26/><T16/><D24/><U36/><E60/><V57/><F76/><W101/><G101/><T91/><D27/><U28/><E28/><V7/><F7/><W32/><G32/><T105/><D105/><U104/><E36/><V108/><F108/><W30/><G30/><T29/><D29/><U40/><E104/><V85/><REACH who="2" step="1"/><F18/><REACH who="2" ten="251,317,168,254" step="2"/><W55/><G73/><T118/><D118/><U44/><E1/><V41/><F41/><W77/><G77/><T94/><D19/><U102/><E40/><V107/><F107/><W81/><G79/><T117/><D16/><U2/><E2/><V130/><F130/><W120/><G120/><T17/><D17/><U129/><E129/><V131/><F131/><W53/><G135/><AGARI ba="0,1" hai="12,13,20,22,23,54,57,63,84,85,86,132,133,135" machi="135" ten="50,4800,0" yaku="1,1,20,1,53,0" doraHai="95" doraHaiUra="78" who="2" fromWho="3" sc="251,0,317,0,168,58,254,-48" /><INIT seed="2,1,0,2,0,123" ten="251,317,226,206" oya="2" hai0="45,75,7,0,21,16,134,54,48,3,131,42,8" hai1="28,31,38,107,46,95,6,2,15,25,87,39,52" hai2="49,129,72,4,86,106,115,1,97,81,135,61,110" hai3="24,111,44,63,14,66,69,65,101,37,90,99,126"/><V41/><F115/><W133/><G126/><T112/><D112/><U51/><E107/><V108/><F72/><W36/><G133/><T30/><D134/><U19/><E95/><V64/><F135/><W120/><G120/><T60/><D131/><U78/><E78/><V33/><F33/><W88/><G66/><T118/><D118/><U85/><E39/><V82/><F129/><W96/><G44/><T17/><D75/><U83/><E38/><V105/><F1/><W119/><G119/><T56/><D0/><U59/><E31/><V89/><F4/><W122/><G122/><T70/><D30/><U84/><E83/><V35/><F35/><W12/><G37/><T121/><D121/><U23/><E46/><N who="2" m="25807" /><F97/><W68/><G36/><N who="0" m="21703" /><D21/><U113/><E113/><V100/><F100/><W128/><G128/><T124/><D124/><U74/><E74/><V57/><F82/><W10/><G99/><T9/><D9/><U53/><E2/><V34/><F34/><W98/><G98/><T94/><D94/><U125/><E125/><V132/><F132/><W79/><G96/><T13/><D3/><U55/><REACH who="1" step="1"/><E6/><REACH who="1" ten="251,307,226,206" step="2"/><V109/><AGARI ba="1,1" hai="57,61,64,81,86,89,105,106,108,109,110" m="25807" machi="109" ten="30,12000,1" yaku="14,1,10,1,52,3" doraHai="123" who="2" fromWho="2" sc="251,-41,307,-41,226,133,206,-41" /><INIT seed="2,2,0,5,1,17" ten="210,266,359,165" oya="2" hai0="66,41,95,87,29,107,134,31,122,130,30,4,60" hai1="35,105,103,86,131,78,116,104,65,27,111,77,79" hai2="24,25,76,62,12,15,7,117,55,98,81,57,80" hai3="100,21,10,32,75,85,71,110,22,125,43,90,70"/><V26/><F117/><W124/><G32/><T83/><D107/><N who="1" m="41035" /><E27/><V9/><F76/><W42/><G75/><T73/><D73/><U38/><E65/><V82/><F98/><W53/><G100/><T54/><D122/><U132/><E38/><V67/><F15/><W39/><G110/><T63/><D130/><U56/><E56/><V1/><F1/><W49/><G10/><T108/><D108/><U72/><E35/><V84/><REACH who="2" step="1"/><F84/><REACH who="2" ten="210,266,349,165" step="2"/><W102/><G102/><T74/><D87/><U113/><E116/><V91/><F91/><W129/><G129/><T128/><D128/><U99/><E131/><V18/><F18/><W34/><G90/><T88/><D88/><U45/><E111/><V46/><F46/><W59/><G85/><T11/><D74/><U109/><E45/><V127/><F127/><N who="3" m="48715" /><G34/><T20/><D31/><U40/><E109/><V6/><F6/><W13/><G13/><T58/><D30/><U36/><E86/><V93/><F93/><W16/><G16/><T0/><D95/><N who="1" m="58879" /><E72/><V61/><F61/><W23/><G39/><T96/><D29/><U28/><E28/><V123/><F123/><W14/><G14/><T3/><D3/><U101/><E101/><V51/><F51/><W126/><N who="3" m="48723" /><W69/><AGARI ba="2,1" hai="21,22,23,42,43,49,53,59,69,70,71" m="48723" machi="69" ten="50,8000,1" yaku="4,1,18,1,52,3" doraHai="17" who="3" fromWho="3" sc="210,-22,266,-22,349,-42,165,96" /><INIT seed="3,0,0,1,4,0" ten="188,244,307,261" oya="3" hai0="105,18,126,60,108,130,103,74,75,58,9,49,86" hai1="28,34,81,14,36,12,135,114,120,55,124,88,83" hai2="96,39,47,91,77,7,15,26,101,79,21,45,87" hai3="20,44,125,92,122,42,117,116,10,43,118,54,29"/><W25/><G122/><T78/><D108/><U123/><E114/><V93/><F79/><W2/><G125/><T33/><D33/><U73/><E36/><V71/><F71/><W31/><G31/><T24/><D126/><U50/><E124/><V82/><F39/><W56/><G92/><T127/><D127/><U17/><E73/><V80/><F15/><W133/><G133/><T48/><D105/><U13/><E135/><V1/><F1/><W95/><G95/><T62/><D103/><U5/><E28/><V59/><F7/><W112/><G112/><T129/><D86/><N who="1" m="50271" /><E34/><V64/><F59/><W134/><G134/><T27/><D78/><U3/><E81/><V119/><F64/><W85/><G85/><T4/><D75/><U38/><E38/><V76/><F119/><W89/><G89/><T51/><D74/><U100/><E3/><V107/><F80/><W11/><G11/><T110/><D110/><U35/><E35/><V115/><F77/><W57/><G57/><T109/><D109/><U106/><E106/><V128/><F128/><W52/><G2/><T32/><D32/><U102/><E123/><V67/><F67/><W68/><G68/><T90/><D129/><U22/><E120/><V66/><F66/><W113/><G113/><T19/><D130/><U65/><E65/><V84/><REACH who="2" step="1"/><F115/><REACH who="2" ten="188,244,297,261" step="2"/><W46/><G118/><T94/><D58/><N who="1" m="33143" /><E14/><V97/><F97/><W6/><G117/><T111/><D111/><U72/><E72/><V30/><AGARI ba="0,1" hai="21,26,30,45,47,76,82,84,87,91,93,96,101,107" machi="30" ten="20,2700,0" yaku="1,1,0,1,7,1,53,0" doraHai="0" doraHaiUra="37" who="2" fromWho="2" sc="188,-7,244,-7,297,37,261,-13" /><INIT seed="4,0,0,0,2,62" ten="181,237,334,248" oya="0" hai0="7,32,75,95,28,92,48,0,65,134,104,73,24" hai1="11,3,37,72,131,49,87,63,8,1,118,86,88" hai2="82,117,99,109,45,133,93,77,47,58,9,100,123" hai3="2,10,124,106,68,50,103,85,66,112,119,79,30"/><T5/><D104/><U61/><E37/><V21/><F123/><W29/><G119/><T33/><D134/><U22/><E72/><V126/><F117/><W129/><G112/><T16/><D33/><U81/><E118/><V120/><F120/><W52/><G124/><T97/><D92/><U35/><E35/><V108/><F126/><W19/><G129/><T54/><D65/><U36/><E36/><V105/><F133/><W98/><G79/><T89/><D16/><U15/><E131/><V70/><F70/><W96/><G96/><T102/><D102/><U53/><E22/><V64/><F105/><W44/><G85/><T40/><D40/><U6/><E87/><N who="2" m="48591" /><F9/><W60/><REACH who="3" step="1"/><G19/><REACH who="3" ten="181,237,334,238" step="2"/><T91/><D91/><U74/><E74/><V83/><F109/><W57/><G57/><T31/><D31/><U14/><E3/><V135/><F108/><W130/><G130/><T71/><D71/><U114/><E1/><V132/><F132/><W69/><G69/><T107/><D107/><U90/><E114/><V116/><F99/><W111/><G111/><T34/><D0/><U80/><E86/><V101/><F58/><W20/><G20/><T125/><D125/><U41/><E6/><AGARI ba="0,1" hai="2,6,10,29,30,44,50,52,60,66,68,98,103,106" machi="6" ten="40,5200,0" yaku="1,1,52,1,54,1,53,0" doraHai="62" doraHaiUra="13" who="3" fromWho="1" sc="181,0,237,-52,334,0,238,62" /><INIT seed="5,0,0,0,3,113" ten="181,185,334,300" oya="1" hai0="40,101,55,94,127,45,2,59,133,26,51,125,63" hai1="23,68,31,12,18,83,8,3,66,67,88,0,134" hai2="116,73,120,58,103,77,9,108,43,82,71,49,89" hai3="131,61,80,114,54,76,17,90,32,34,65,16,135"/><U97/><E134/><V11/><F71/><W75/><G114/><T41/><D2/><U91/><E68/><V74/><F120/><W57/><G135/><T38/><D133/><U110/><E3/><V105/><F108/><W79/><G131/><T21/><D101/><U4/><E110/><V1/><F73/><W111/><G111/><T60/><D94/><U104/><E31/><V78/><F78/><W93/><G79/><T46/><REACH who="0" step="1"/><D63/><REACH who="0" ten="171,185,334,300" step="2"/><U130/><E130/><V99/><F1/><W118/><G34/><T44/><D44/><U64/><REACH who="1" step="1"/><E83/><REACH who="1" ten="171,175,334,300" step="2"/><V39/><F82/><W52/><G80/><T37/><D37/><U129/><E129/><V85/><F39/><W106/><G75/><T86/><D86/><U119/><E119/><V107/><F85/><W124/><G118/><T33/><D33/><U121/><E121/><V5/><F74/><W56/><G32/><T62/><D62/><U87/><E87/><V70/><F116/><W27/><G61/><T15/><D15/><U19/><E19/><AGARI ba="0,2" hai="19,21,26,38,40,41,45,46,51,55,59,60,125,127" machi="19" ten="40,1300,0" yaku="1,1,53,0" doraHai="113" doraHaiUra="109" who="0" fromWho="1" sc="171,33,175,-13,334,0,300,0" /><INIT seed="6,0,0,2,2,130" ten="204,162,334,300" oya="2" hai0="41,0,105,116,110,24,63,99,12,56,21,68,72" hai1="14,112,111,127,96,2,4,60,101,113,102,85,39" hai2="29,80,31,51,50,87,117,90,71,82,98,91,67" hai3="69,123,94,25,104,115,28,109,40,19,132,70,107"/><V86/><F117/><W22/><G123/><T77/><D0/><U106/><E111/><V89/><F71/><W97/><G109/><T30/><D110/><U134/><E2/><V120/><F67/><W118/><G118/><T1/><D1/><U37/><E127/><V16/><F120/><W108/><G108/><T45/><D116/><U73/><E73/><V103/><F90/><W93/><G115/><T35/><D68/><U84/><E60/><V119/><F119/><W3/><G3/><T54/><D72/><U47/><E47/><V49/><REACH who="2" step="1"/><F16/><REACH who="2" ten="204,162,324,300" step="2"/><W17/><G70/><T131/><D131/><U83/><E113/><V114/><F114/><W78/><G69/><T135/><D77/><U6/><E112/><V88/><F88/><W59/><G78/><T18/><D99/><U34/><E96/><V76/><F76/><W38/><G97/><T46/><D105/><AGARI ba="0,1" hai="29,31,49,50,51,80,82,86,87,89,91,98,103,105" machi="105" ten="40,3900,0" yaku="1,1,9,1,53,0" doraHai="130" doraHaiUra="125" who="2" fromWho="0" sc="204,-39,162,0,324,49,300,0" /><INIT seed="6,1,0,2,3,57" ten="165,162,373,300" oya="2" hai0="70,97,133,94,51,20,12,49,117,111,8,109,90" hai1="47,26,34,121,67,58,114,25,75,93,5,106,63" hai2="110,73,74,115,10,53,92,116,100,66,6,29,22" hai3="54,61,45,102,107,18,31,128,21,134,44,36,87"/><V104/><F104/><W23/><G134/><T27/><D133/><U124/><E106/><V17/><F115/><W80/><G128/><T32/><D32/><U56/><E75/><V135/><F135/><W3/><G3/><T119/><D70/><U13/><E114/><V72/><F116/><N who="0" m="44618" /><D20/><U108/><E108/><N who="0" m="41545" /><D27/><U68/><E124/><V69/><F29/><W0/><G0/><T81/><D81/><U101/><E47/><V105/><F105/><W19/><G31/><T60/><D60/><U96/><E121/><V86/><F110/><W98/><G36/><T77/><D77/><U28/><REACH who="1" step="1"/><E26/><REACH who="1" ten="165,152,373,300" step="2"/><V39/><F73/><W130/><G45/><T125/><D125/><U88/><E88/><V35/><F74/><W127/><G127/><T76/><D76/><U50/><E50/><V120/><F72/><W89/><G44/><T91/><D91/><U84/><E84/><V126/><F86/><W9/><G89/><T118/><D118/><U122/><E122/><V41/><F120/><W112/><G87/><T11/><D11/><AGARI ba="1,1" hai="5,11,13,25,28,34,56,58,63,67,68,93,96,101" machi="11" ten="40,2600,0" yaku="1,1,52,1,53,0" doraHai="57" doraHaiUra="82" who="1" fromWho="0" sc="165,-29,152,39,373,0,300,0" /><INIT seed="7,0,0,2,5,90" ten="136,191,373,300" oya="3" hai0="101,102,79,23,87,9,129,75,123,13,133,124,51" hai1="11,89,34,58,4,107,73,77,85,132,125,18,38" hai2="115,106,57,135,2,82,113,20,44,14,30,50,127" hai3="86,59,93,35,29,134,69,92,94,112,7,108,110"/><W5/><G69/><T122/><D23/><U104/><E38/><V74/><F2/><W37/><G37/><T61/><D61/><U118/><E34/><V70/><F70/><W21/><G35/><T19/><D129/><U47/><E77/><N who="2" m="44343" /><F106/><W103/><G134/><T3/><D133/><U46/><E73/><V99/><F99/><W27/><G112/><N who="2" m="43081" /><F135/><W114/><G114/><T128/><D128/><U78/><E78/><V76/><F76/><W28/><G28/><T109/><D109/><N who="3" m="42089" /><G103/><T105/><D105/><U100/><E100/><V72/><F72/><W67/><G86/><T49/><D75/><U1/><E107/><V117/><F117/><W88/><G88/><T36/><D123/><U68/><E104/><V16/><F127/><W131/><G131/><T43/><D124/><U97/><E125/><V22/><F57/><W15/><G15/><T98/><D3/><U84/><E84/><V39/><F39/><W53/><G67/><T6/><D122/><U0/><E0/><V10/><F30/><W83/><G83/><N who="0" m="47615" /><D98/><U41/><E97/><V64/><F64/><W130/><G130/><T48/><D101/><U12/><E68/><V66/><F66/><W95/><N who="3" m="23552" /><DORA hai="119" /><W45/><G45/><N who="0" m="25663" /><D102/><U126/><E132/><V60/><F14/><W55/><G55/><T116/><D116/><U8/><E118/><V42/><F44/><W111/><N who="3" m="42097" /><W81/><DORA hai="80" /><G81/><T62/><D36/><U121/><E126/><V120/><F120/><W40/><G40/><T33/><D33/><U63/><E121/><V17/><F42/><W56/><G53/><RYUUKYOKU ba="0,0" sc="136,-10,191,-10,373,-10,300,30" hai3="5,7,21,27,29,56,59" /><INIT seed="7,1,0,3,2,94" ten="126,181,363,330" oya="3" hai0="11,7,25,80,131,79,54,67,2,50,21,113,18" hai1="17,68,33,90,29,16,61,135,12,120,22,51,6" hai2="56,133,105,108,112,35,106,129,91,127,27,58,0" hai3="118,98,128,92,14,115,13,95,31,41,111,77,86"/><W5/><G118/><T23/><D131/><U84/><E120/><V65/><F108/><W100/><G128/><T82/><D113/><U122/><E122/><V36/><F129/><W102/><G115/><T93/><D67/><U15/><E135/><V96/><F112/><W32/><G111/><T87/><D80/><U64/><E6/><V119/><F119/><W28/><G41/><T81/><D82/><U10/><E33/><V117/><F36/><W72/><G72/><T8/><D93/><U130/><E29/><N who="3" m="11338" /><G32/><T48/><D23/><U55/><E130/><V57/><F0/><W97/><G5/><T70/><D70/><U83/><E68/><V75/><F75/><W76/><G86/><T110/><D110/><U109/><E109/><V62/><F117/><W134/><G134/><T43/><D43/><U1/><E1/><V103/><F133/><W42/><G42/><T26/><D26/><U34/><E34/><V47/><F127/><W78/><AGARI ba="1,0" hai="13,14,76,77,78,92,95,97,98,100,102" m="11338" machi="78" ten="30,6000,0" yaku="8,1,52,2" doraHai="94" who="3" fromWho="3" sc="126,-21,181,-21,363,-21,330,63" owari="105,-39.0,160,-24.0,342,14.0,393,49.0" /></mjloggm>