<mjloggm ver="2.3"><GO type="169" lobby="0"/><UN n0="%E3%81%8A%E7%9F%A5%E3%82%89%E3%81%9B" n1="%28%3B%E3%83%BB%E2%88%80%E3%83%BB%29" n2="%E9%81%8A%E8%B5%B0" n3="%E3%81%A6%E3%82%93%E3%81%A6%E3%81%93%E7%8B%90" dan="20,16,17,16" rate="2336.31,2172.67,2178.48,2173.61" sx="M,M,M,M"/><TAIKYOKU oya="0"/><INIT seed="0,0,0,1,0,64" ten="250,250,250,250" oya="0" hai0="84,70,66,102,93,24,45,124,43,83,109,104,3" hai1="0,67,87,116,107,112,47,54,58,101,68,42,5" hai2="126,80,38,2,97,35,57,61,44,108,4,14,53" hai3="46,89,81,128,21,110,69,27,90,77,129,40,92"/><T6/><D124/><U9/><E116/><V39/><F126/><W119/><G119/><T121/><D121/><U34/><E34/><V15/><F35/><W22/><G110/><T23/><D104/><U132/><E132/><V130/><F108/><W13/><G13/><T79/><D109/><U28/><E28/><V125/><F125/><W123/><G123/><T55/><D55/><U41/><E112/><V99/><F130/><N who="3" m="50283" /><G69/><T18/><D3/><U95/><E107/><V117/><F117/><W48/><G92/><T103/><D6/><U56/><E54/><V118/><F118/><W78/><G78/><T60/><REACH who="0" step="1"/><D93/><REACH who="0" ten="240,250,250,250" step="2"/><U63/><E42/><V37/><F2/><W30/><G21/><T111/><D111/><U16/><E41/><V114/><F114/><W75/><AGARI ba="0,1" hai="22,27,30,40,46,48,75,77,81,89,90" m="50283" machi="75" ten="30,1100,0" yaku="19,1" doraHai="64" who="3" fromWho="3" sc="240,-5,250,-3,250,-3,250,21" /><INIT seed="1,0,0,3,4,35" ten="235,247,247,271" oya="1" hai0="2,119,84,78,87,85,27,10,34,13,110,121,135" hai1="93,48,77,118,49,20,52,58,108,50,6,71,56" hai2="70,37,125,99,14,31,38,75,128,66,3,67,4" hai3="130,33,26,73,117,40,89,8,24,62,9,76,81"/><U86/><E118/><V51/><F75/><W134/><G130/><T92/><D119/><U36/><E71/><V42/><F3/><W124/><G117/><T63/><D110/><U80/><E108/><V11/><F128/><W97/><G134/><T43/><D135/><U64/><E36/><V28/><F125/><W22/><G124/><T106/><D106/><U132/><E132/><V32/><F99/><W101/><G40/><T111/><D111/><U109/><E109/><V12/><F12/><W127/><G127/><T7/><D121/><U103/><E6/><V72/><F72/><W95/><G62/><T116/><D116/><U105/><E105/><V96/><F96/><W55/><G55/><T91/><D43/><U53/><E64/><V69/><F67/><W131/><G131/><T23/><D78/><U102/><E50/><V115/><F115/><W18/><G33/><T104/><D104/><U16/><E93/><V79/><F79/><W47/><G47/><T17/><D63/><U90/><E77/><V114/><F114/><W112/><G112/><T21/><REACH who="0" step="1"/><D34/><REACH who="0" ten="225,247,247,271" step="2"/><U123/><E123/><V25/><F66/><W59/><G76/><T133/><D133/><U57/><REACH who="1" step="1"/><E56/><REACH who="1" ten="225,237,247,271" step="2"/><V60/><F70/><W41/><G59/><T15/><D15/><AGARI ba="0,2" hai="15,16,20,48,49,52,53,57,58,80,86,90,102,103" machi="15" ten="30,18000,2" yaku="1,1,2,1,7,1,9,1,8,1,54,2,53,0" doraHai="35" doraHaiUra="120" who="1" fromWho="0" sc="225,-180,237,200,247,0,271,0" /><INIT seed="1,1,0,5,3,97" ten="45,437,247,271" oya="1" hai0="47,22,27,62,33,71,98,51,17,41,43,100,109" hai1="5,85,28,107,90,10,23,13,82,117,45,112,40" hai2="57,6,54,114,102,126,29,91,86,96,44,72,63" hai3="116,16,56,65,77,53,129,74,50,131,125,99,118"/><U133/><E112/><V21/><F114/><W61/><G74/><T73/><D109/><U67/><E117/><N who="3" m="45162" /><G77/><T120/><D120/><U9/><E107/><V35/><F126/><W87/><G87/><T106/><D73/><U122/><E122/><V95/><F72/><W58/><G99/><T130/><D130/><N who="3" m="49673" /><G16/><T132/><D132/><U1/><E67/><V24/><F6/><W128/><G128/><T127/><D127/><AGARI ba="1,0" hai="50,53,56,58,61,65,125,127" m="49673,45162" machi="127" ten="40,8000,1" yaku="12,1,19,1,34,2" doraHai="97" who="3" fromWho="0" sc="45,-83,437,0,247,0,271,83" owari="-38,-54.0,437,54.0,247,-15.0,354,15.0" /></mjloggm>