<mjloggm ver="2.3"><GO type="185" lobby="0"/><UN n0="%E3%81%82%E3%81%9F%E3%82%89%E3%81%AA%E3%81%84%E3%81%A7%EF%BC%81" n1="%E6%A8%BD%E3%81%AA%E3%81%AE%E5%A3%8A%E3%81%95%E3%81%AA%E3%81%84%E3%81%A7" n2="%E6%A2%B6%E9%9A%86%E8%87%A3" n3="" dan="17,16,17,0" rate="2202.19,2192.48,2260.52,1500.00" sx="M,M,M,C"/><TAIKYOKU oya="0"/><INIT seed="0,0,0,0,3,35" ten="350,350,350,0" oya="0" hai0="92,124,3,85,125,64,110,93,97,0,118,38,70" hai1="114,134,91,90,130,89,71,126,49,50,81,62,133" hai2="60,78,96,111,46,115,109,129,86,88,102,2,87" hai3=""/><T33/><D33/><U105/><E105/><V66/><F115/><T40/><D118/><U122/><N who="1" m="31264" /><U132/><E114/><V58/><F129/><T98/><D110/><N who="2" m="41994" /><F78/><T117/><D117/><U72/><E130/><V57/><F2/><T51/><D38/><U55/><E126/><N who="0" m="48745" /><D85/><N who="2" m="32266" /><F88/><T94/><D70/><U34/><E34/><V48/><F57/><T80/><D80/><U56/><REACH who="1" step="1"/><E71/><REACH who="1" ten="350,340,350,0" step="2"/><V119/><F119/><T36/><D36/><U113/><E113/><V131/><F131/><T42/><D64/><U120/><N who="1" m="30752" /><U135/><N who="1" m="33792" /><DORA hai="103" /><U41/><E41/><V39/><F39/><T121/><N who="0" m="31008" /><T95/><D42/><U123/><N who="1" m="31520" /><U104/><E104/><V61/><F66/><T75/><D75/><U63/><E63/><V83/><F60/><T77/><D40/><U74/><E74/><V45/><F61/><T79/><D98/><U116/><E116/><V100/><F96/><T108/><D108/><U47/><E47/><V52/><F46/><T76/><D51/><U59/><E59/><V69/><F69/><T112/><D112/><U32/><E32/><V127/><F127/><T44/><D44/><U73/><E73/><V107/><F45/><T99/><D99/><U101/><E101/><AGARI ba="0,1" hai="0,3,76,77,79,92,93,94,95,97,101" m="31008,48745" machi="101" ten="40,12000,1" yaku="6,1,18,1,52,3" doraHai="35,103" who="0" fromWho="1" sc="350,130,340,-120,350,0,0,0" /><INIT seed="0,1,0,4,0,103" ten="480,220,350,0" oya="0" hai0="106,102,133,35,116,122,55,104,67,114,48,40,71" hai1="47,62,105,66,89,96,58,79,85,59,68,77,60" hai2="135,37,33,3,56,32,91,42,43,84,92,132,76" hai3=""/><T63/><N who="0" m="31264" /><T64/><D35/><U51/><E68/><V134/><F3/><T41/><D116/><U110/><E110/><V129/><F129/><T93/><D114/><U36/><E36/><V65/><F76/><T117/><D117/><U73/><E73/><V121/><N who="2" m="31008" /><V118/><F118/><T74/><D74/><U108/><E108/><V100/><F100/><T125/><D125/><U2/><E2/><V50/><F37/><T44/><D67/><U119/><E119/><V1/><F1/><T78/><D78/><U123/><N who="1" m="31520" /><U34/><E34/><N who="2" m="13419" /><F50/><T95/><D133/><U90/><E90/><V61/><AGARI ba="1,0" hai="42,43,56,61,65,84,91,92,132,134,135" m="13419,31008" machi="61" ten="40,2000,0" yaku="20,1,52,1" doraHai="103" who="2" fromWho="2" sc="480,-14,220,-8,350,22,0,0" /><INIT seed="1,0,0,1,1,95" ten="466,212,372,0" oya="1" hai0="39,2,63,33,135,40,92,43,133,132,104,110,55" hai1="118,47,102,49,46,44,68,65,74,69,114,87,66" hai2="112,57,100,111,60,73,84,36,94,101,130,52,131" hai3=""/><U116/><E74/><V51/><F73/><T93/><D2/><U91/><E102/><V120/><N who="2" m="30752" /><V98/><F36/><T128/><D33/><U89/><E87/><V121/><N who="2" m="31008" /><V119/><F119/><N who="1" m="45609" /><E114/><V34/><F111/><T32/><D32/><U88/><E49/><V90/><F34/><T70/><D104/><U35/><E35/><V61/><F112/><T78/><D110/><U50/><E50/><V99/><F100/><T113/><D113/><U126/><E126/><V80/><F99/><T59/><D78/><U129/><E129/><AGARI ba="0,0" hai="51,52,57,60,61,80,84,90,94,98,101,129,130,131" m="31008,30752" machi="129" ten="40,8000,1" yaku="19,1,52,3,54,1" doraHai="95" who="2" fromWho="1" sc="466,0,212,-80,372,80,0,0" /><INIT seed="2,0,0,2,1,48" ten="466,132,452,0" oya="2" hai0="117,55,57,84,91,52,36,50,51,99,74,127,2" hai1="86,103,65,62,66,89,77,92,37,73,60,90,35" hai2="97,105,94,109,44,70,134,49,132,80,33,45,111" hai3=""/><V46/><F33/><T72/><D117/><U107/><E35/><V43/><F105/><T42/><D2/><U69/><E37/><V38/><F70/><T93/><D127/><U116/><E116/><V54/><F80/><T128/><D128/><U63/><E89/><V85/><F85/><T47/><REACH who="0" step="1"/><D99/><REACH who="0" ten="456,132,452,0" step="2"/><U39/><E39/><V56/><F97/><T110/><D110/><N who="2" m="41994" /><F94/><T124/><D124/><U120/><E92/><V95/><F95/><T133/><D133/><AGARI ba="0,1" hai="38,43,44,45,46,49,54,56,132,133,134" m="41994" machi="133" ten="30,18000,2" yaku="20,1,14,1,10,1,34,2,52,1" doraHai="48" who="2" fromWho="0" sc="456,-180,132,0,452,190,0,0" /><INIT seed="2,1,0,5,1,47" ten="276,132,642,0" oya="2" hai0="120,128,48,79,133,93,85,112,76,54,100,40,127" hai1="39,37,59,130,92,38,78,72,33,56,67,102,94" hai2="71,64,41,114,105,132,35,69,83,60,134,66,107" hai3=""/><V119/><F114/><T70/><N who="0" m="30752" /><T122/><N who="0" m="31264" /><T117/><D117/><U129/><E33/><V0/><F119/><T42/><D112/><U2/><E2/><V115/><F115/><T49/><D70/><U98/><E72/><V88/><F0/><T3/><D3/><U61/><E78/><V51/><F35/><T96/><D128/><U55/><REACH who="1" step="1"/><E94/><REACH who="1" ten="276,122,642,0" step="2"/><V73/><F73/><T45/><D79/><U53/><E53/><V63/><F107/><T57/><D133/><U118/><E118/><V36/><F105/><T84/><D127/><U50/><AGARI ba="1,1" hai="37,38,39,50,55,56,59,61,67,92,98,102,129,130" machi="50" ten="40,3900,0" yaku="1,1,0,1,52,1,53,0" doraHai="47" doraHaiUra="74" who="1" fromWho="1" sc="276,-14,122,51,642,-27,0,0" /><INIT seed="4,0,0,1,5,42" ten="262,173,615,0" oya="0" hai0="128,132,114,33,74,118,35,113,104,121,44,1,79" hai1="57,54,63,77,73,91,129,134,101,46,106,130,64" hai2="56,111,34,41,76,86,109,37,124,61,39,40,93" hai3=""/><T43/><RYUUKYOKU type="yao9" ba="0,0" sc="262,0,173,0,615,0,0,0" hai0="1,33,35,43,44,74,79,104,113,114,118,121,128,132" /><INIT seed="4,1,0,3,1,119" ten="262,173,615,0" oya="0" hai0="120,111,50,78,94,118,45,91,70,100,49,102,0" hai1="1,85,67,128,90,75,68,93,39,32,133,114,130" hai2="41,77,87,43,124,74,63,98,103,112,33,73,56" hai3=""/><T96/><N who="0" m="30752" /><T46/><D118/><U129/><E1/><V104/><F33/><T116/><D116/><U34/><E133/><V76/><F112/><T126/><D0/><U101/><E114/><V131/><F131/><T57/><D70/><U2/><E2/><V92/><F124/><T40/><D126/><U108/><E108/><V97/><F77/><T36/><D111/><U86/><E75/><V107/><F87/><T132/><D132/><U121/><N who="1" m="31008" /><U60/><E39/><V81/><F74/><T44/><D78/><U37/><E37/><V106/><F98/><T83/><D83/><U42/><E42/><V59/><REACH who="2" step="1"/><F56/><REACH who="2" ten="262,173,605,0" step="2"/><T105/><D57/><U127/><E127/><V58/><F58/><T55/><REACH who="0" step="1"/><D105/><REACH who="0" ten="252,173,605,0" step="2"/><U51/><E129/><V113/><F113/><T80/><D80/><U61/><E130/><V134/><F134/><T117/><D117/><U109/><E128/><V38/><F38/><T99/><D99/><U79/><E109/><V82/><F82/><T47/><D47/><U84/><E79/><V62/><F62/><T52/><AGARI ba="1,2" hai="36,40,44,45,46,49,50,52,55,91,94,96,100,102" m="30752" machi="52" ten="20,12000,2" yaku="1,1,0,1,7,1,9,1,52,2,54,1,53,0" doraHai="119" doraHaiUra="66" who="0" fromWho="0" sc="252,142,173,-61,605,-61,0,0" /><INIT seed="4,2,0,0,3,75" ten="394,112,544,0" oya="0" hai0="65,135,38,116,0,134,72,94,98,45,109,71,122" hai1="126,84,111,112,125,53,59,39,102,63,104,57,123" hai2="55,37,1,60,74,49,61,70,87,41,118,42,69" hai3=""/><T46/><D0/><U132/><N who="1" m="31520" /><U48/><E39/><V82/><F74/><T56/><N who="0" m="31264" /><T33/><D33/><U40/><E111/><V43/><F1/><T3/><D3/><U34/><E34/><V50/><F118/><T133/><D116/><U103/><E132/><V110/><F110/><T114/><D109/><U120/><N who="1" m="30752" /><U130/><E130/><V73/><F73/><T124/><D71/><N who="2" m="27146" /><F87/><T68/><D68/><U44/><E112/><V80/><F82/><T32/><D32/><U64/><E84/><V101/><F101/><T90/><D114/><U128/><E128/><V131/><F80/><T58/><D72/><U117/><E117/><V35/><F131/><T127/><D65/><U91/><E91/><V106/><F37/><T119/><D119/><U83/><E83/><V95/><F95/><T54/><D38/><U99/><REACH who="1" step="1"/><E103/><REACH who="1" ten="394,102,544,0" step="2"/><V77/><F35/><T105/><D105/><U89/><E89/><V81/><F106/><T88/><D90/><U92/><E92/><V78/><F81/><T85/><D85/><U76/><E76/><V129/><F78/><T113/><D113/><U108/><E108/><V93/><F77/><T86/><D86/><U47/><E47/><N who="0" m="17929" /><D58/><U97/><E97/><RYUUKYOKU ba="2,1" sc="394,10,102,10,544,-20,0,0" hai0="54,56,88,94,98,124,127,133,134,135" hai1="40,44,48,53,57,59,63,64,99,102,104,125,126" /><INIT seed="4,3,1,1,4,37" ten="404,112,524,0" oya="0" hai0="100,116,106,60,42,124,0,114,83,108,126,35,103" hai1="98,57,71,91,131,70,132,92,97,36,32,59,110" hai2="61,41,112,34,86,122,53,50,66,101,80,58,105" hai3=""/><T54/><D116/><U3/><E3/><V120/><N who="2" m="30752" /><V65/><N who="2" m="31264" /><V134/><F34/><T85/><D0/><U62/><E32/><V119/><F112/><T55/><D35/><U74/><E110/><V76/><F119/><T121/><N who="0" m="31008" /><T104/><D114/><U64/><E132/><V77/><F134/><T87/><D60/><U99/><E131/><V67/><F77/><T72/><D83/><U38/><E74/><V133/><F133/><T33/><D33/><U2/><E2/><V49/><REACH who="2" step="1"/><F41/><REACH who="2" ten="404,112,514,0" step="2"/><T69/><D108/><U73/><E73/><V40/><F40/><T93/><D42/><U89/><E89/><V43/><F43/><T107/><D72/><U123/><N who="1" m="31520" /><U135/><E135/><V109/><F109/><T68/><D107/><U118/><E118/><V125/><F125/><T88/><D88/><U111/><E111/><V115/><F115/><T51/><D106/><U79/><E79/><V56/><F56/><T90/><D104/><U44/><E44/><V96/><AGARI ba="3,2" hai="49,50,53,58,61,65,66,67,76,80,86,96,101,105" m="31264,30752" machi="96" ten="30,9000,2" yaku="1,1,0,1,52,2,53,2" doraHai="37" doraHaiUra="117" who="2" fromWho="2" sc="404,-63,112,-33,514,116,0,0" /><INIT seed="5,0,0,5,1,123" ten="341,79,630,0" oya="1" hai0="61,103,97,35,125,99,84,120,119,45,135,63,80" hai1="131,108,75,82,93,96,0,55,88,89,106,95,85" hai2="101,54,41,3,52,72,126,56,130,104,105,40,76" hai3=""/><U64/><E0/><V58/><F101/><T43/><N who="0" m="30752" /><T60/><D35/><U42/><E131/><V134/><F130/><T124/><D119/><U122/><N who="1" m="31264" /><U114/><E114/><V67/><F67/><T92/><D99/><U113/><E113/><V66/><F66/><T98/><D98/><U109/><E106/><V94/><F94/><T71/><D71/><U44/><E55/><V1/><F126/><T90/><REACH who="0" step="1"/><D135/><REACH who="0" ten="331,79,630,0" step="2"/><U102/><E64/><V73/><F134/><T116/><D116/><U74/><E75/><V121/><N who="2" m="31008" /><V53/><F72/><T2/><D2/><U117/><E117/><V33/><F33/><T127/><D127/><U91/><E74/><V46/><F73/><T83/><D83/><U77/><REACH who="1" step="1"/><E95/><REACH who="1" ten="331,69,630,0" step="2"/><V132/><F104/><T100/><D100/><U37/><AGARI ba="0,2" hai="37,42,44,77,82,85,88,89,91,93,96,102,108,109" m="31264" machi="37" ten="30,12000,2" yaku="1,1,2,1,0,1,52,3,54,1,53,0" doraHai="123" doraHaiUra="112" who="1" fromWho="1" sc="331,-60,69,140,630,-60,0,0" /><INIT seed="5,1,0,4,0,114" ten="271,209,570,0" oya="1" hai0="117,107,126,77,129,79,120,128,83,43,95,94,57" hai1="52,70,80,35,88,125,106,131,58,72,98,87,47" hai2="50,123,32,41,71,122,73,132,127,109,78,1,49" hai3=""/><U93/><E35/><V99/><N who="2" m="31264" /><V56/><N who="2" m="31520" /><V116/><F109/><T112/><N who="0" m="30752" /><T74/><D57/><U76/><E131/><N who="0" m="50249" /><D43/><U45/><E70/><V0/><F99/><T36/><D36/><U75/><E125/><V69/><F78/><T59/><D59/><U111/><E111/><V135/><F73/><T67/><D67/><U3/><E3/><V42/><F56/><T65/><D65/><U48/><E106/><V97/><F97/><T121/><N who="0" m="31008" /><T38/><D38/><U84/><E72/><V101/><F101/><T133/><D112/><U39/><REACH who="1" step="1"/><E58/><REACH who="1" ten="271,199,570,0" step="2"/><V119/><F32/><T46/><D46/><U86/><E86/><V90/><F127/><T55/><D126/><U61/><E61/><V63/><F63/><T102/><D107/><U89/><E89/><AGARI ba="1,1" hai="0,1,41,42,49,50,69,71,89,90,116,119,132,135" m="31520,31264" machi="89" ten="25,12000,2" yaku="22,2,52,4" doraHai="114" who="2" fromWho="1" sc="271,0,199,-122,570,132,0,0" /><INIT seed="6,0,0,0,5,85" ten="271,77,702,0" oya="2" hai0="72,122,111,119,46,115,69,66,57,1,91,73,96" hai1="78,79,82,48,40,87,68,103,134,129,56,128,54" hai2="126,102,58,3,41,37,118,80,84,38,77,101,61" hai3=""/><V116/><F126/><T47/><N who="0" m="31264" /><T90/><D111/><U121/><N who="1" m="31008" /><U125/><E68/><V60/><F61/><T124/><D119/><U75/><E56/><V113/><F84/><T130/><D1/><U127/><E54/><V93/><F80/><T43/><D69/><U52/><E52/><V105/><F77/><T110/><D110/><U107/><E48/><V99/><F101/><T94/><D124/><U2/><E40/><V55/><F58/><T51/><D47/><U106/><E2/><V120/><F113/><T71/><D115/><U86/><E103/><V45/><F102/><T109/><D109/><U76/><E76/><V97/><F41/><T83/><D71/><U33/><E33/><V74/><F55/><T100/><D100/><U92/><E82/><V32/><F3/><T59/><D59/><U95/><E134/><V39/><F32/><T65/><D57/><U89/><REACH who="1" step="1"/><E75/><REACH who="1" ten="271,67,702,0" step="2"/><V53/><F74/><T50/><D83/><U81/><E81/><V117/><F53/><T64/><D73/><U133/><E133/><V35/><F35/><T63/><D72/><U67/><E67/><V132/><F132/><T112/><D65/><U34/><E34/><V135/><F135/><T123/><D66/><RYUUKYOKU ba="0,1" sc="271,-10,67,20,702,-10,0,0" hai1="78,79,86,87,89,92,95,106,107,125,127,128,129" owari="261,-14.0,87,-51.0,702,65.0,0,0.0" /></mjloggm>