<mjloggm ver="2.3"><GO type="185" lobby="0"/><UN n0="%E3%81%82%E3%81%9F%E3%82%89%E3%81%AA%E3%81%84%E3%81%A7%EF%BC%81" n1="%E3%83%AA%E3%82%B3%E3%83%BB%E3%83%90%E3%83%B3%E3%83%87%E3%83%A9%E3%82%B9" n2="%E6%A2%B6%E9%9A%86%E8%87%A3" n3="" dan="17,17,17,0" rate="2213.89,2204.45,2267.06,1500.00" sx="M,M,M,C"/><TAIKYOKU oya="0"/><INIT seed="0,0,0,3,1,52" ten="350,350,350,0" oya="0" hai0="45,59,65,42,71,118,100,62,39,102,110,72,116" hai1="58,77,121,46,117,103,35,38,2,120,119,126,66" hai2="68,56,64,75,60,132,76,104,50,129,49,114,101" hai3=""/><T111/><D72/><U109/><N who="1" m="30752" /><U84/><N who="1" m="31008" /><U98/><E2/><V43/><F114/><T90/><D90/><U33/><E109/><N who="0" m="41481" /><D100/><U36/><E126/><V95/><F129/><T81/><D81/><U128/><E128/><V99/><F132/><T106/><D106/><U54/><E66/><V133/><F133/><T41/><D102/><U125/><E125/><V61/><F43/><T92/><D92/><U67/><E67/><V83/><REACH who="2" step="1"/><F104/><REACH who="2" ten="350,350,340,0" step="2"/><T47/><D71/><U122/><N who="1" m="31264" /><U74/><E35/><V130/><F130/><T73/><D73/><U51/><E33/><V82/><F82/><T1/><D1/><U40/><E74/><V85/><F85/><T53/><D65/><AGARI ba="0,1" hai="49,50,56,60,61,64,65,68,75,76,83,95,99,101" machi="65" ten="30,7700,0" yaku="1,1,7,1,52,1,53,1" doraHai="52" doraHaiUra="93" who="2" fromWho="0" sc="350,-77,350,0,340,87,0,0" /><INIT seed="1,0,0,3,4,46" ten="273,350,427,0" oya="1" hai0="54,88,35,57,114,112,36,101,86,100,44,3,128" hai1="98,107,90,49,51,92,132,33,53,68,43,48,75" hai2="103,79,60,77,116,110,72,85,126,120,67,95,71" hai3=""/><U104/><E33/><V40/><N who="2" m="30752" /><V83/><F116/><T81/><D35/><U74/><E132/><V34/><F34/><T58/><D3/><U59/><E68/><V80/><F110/><T1/><D1/><U73/><REACH who="1" step="1"/><E43/><REACH who="1" ten="273,340,427,0" step="2"/><V2/><F2/><T99/><D112/><U45/><E45/><V32/><F32/><T47/><D114/><U0/><E0/><V106/><F40/><T108/><D108/><U52/><E52/><V129/><F129/><T61/><D36/><U56/><E56/><V102/><F126/><T87/><D128/><U39/><E39/><V111/><F111/><T38/><D38/><U121/><N who="1" m="31008" /><U133/><E133/><V113/><F113/><T55/><D44/><U124/><E124/><V122/><N who="2" m="31264" /><V119/><F119/><T63/><D47/><U130/><E130/><V37/><F37/><T65/><D65/><U76/><E76/><V89/><REACH who="2" step="1"/><F106/><AGARI ba="0,1" hai="48,49,51,53,59,73,74,75,90,92,98,104,106,107" m="31008" machi="106" ten="50,12000,1" yaku="1,1,52,4,53,0" doraHai="46" doraHaiUra="70" who="1" fromWho="2" sc="273,0,340,130,427,-120,0,0" /><INIT seed="1,1,0,5,2,33" ten="273,470,307,0" oya="1" hai0="41,115,84,36,85,75,47,110,121,109,74,72,130" hai1="1,68,122,2,46,104,37,82,67,48,127,126,135" hai2="112,93,52,120,123,42,132,100,105,129,133,59,63" hai3=""/><U117/><N who="1" m="31264" /><U39/><E117/><V65/><N who="2" m="30752" /><V66/><N who="2" m="31520" /><V43/><F105/><T116/><N who="0" m="31008" /><T83/><D115/><U96/><E135/><N who="2" m="51787" /><F112/><T125/><D116/><U101/><E82/><V99/><F129/><T134/><D134/><U113/><E113/><V89/><F89/><T3/><D130/><U92/><E92/><V34/><F34/><T102/><D125/><N who="1" m="47627" /><E67/><AGARI ba="1,0" hai="42,43,52,59,63,65,66,67,93,99,100" m="51787,31520,30752" machi="67" ten="30,7700,0" yaku="20,1,52,2,54,1" doraHai="33" who="2" fromWho="1" sc="273,0,470,-79,307,79,0,0" /><INIT seed="2,0,0,1,5,120" ten="273,391,386,0" oya="2" hai0="76,60,126,80,129,2,34,77,113,106,114,92,125" hai1="75,62,130,96,3,119,41,51,117,132,103,48,83" hai2="116,36,82,85,58,124,84,74,105,49,108,109,47" hai3=""/><V121/><N who="2" m="31008" /><V65/><F116/><N who="1" m="44617" /><E3/><V46/><F124/><N who="0" m="47722" /><D2/><U68/><E132/><V55/><F105/><T111/><D34/><U45/><E130/><V95/><F65/><T43/><D43/><U127/><E127/><V70/><F70/><T90/><D60/><U54/><E75/><V79/><F95/><T88/><D106/><U0/><E83/><V99/><F99/><T53/><D53/><U32/><E32/><V102/><F102/><T91/><D129/><U89/><E89/><N who="0" m="34409" /><D111/><N who="2" m="42570" /><F47/><T133/><D133/><U67/><E0/><V71/><F71/><T104/><D104/><U59/><E96/><V78/><F79/><N who="0" m="30282" /><D80/><U52/><E103/><V35/><F35/><T69/><D69/><U101/><E101/><V33/><F33/><T97/><AGARI ba="0,0" hai="91,92,97,113,114" m="30282,34409,47722" machi="97" ten="40,6000,1" yaku="18,1,34,2,54,1" doraHai="120" who="0" fromWho="0" sc="273,60,391,-20,386,-40,0,0" /><INIT seed="4,0,0,0,0,93" ten="333,371,346,0" oya="0" hai0="107,51,102,113,75,98,128,61,36,115,45,127,86" hai1="55,72,33,81,56,77,129,96,54,3,110,135,101" hai2="42,130,49,38,97,40,85,52,109,105,43,80,95" hai3=""/><T68/><D75/><U125/><E110/><V104/><F130/><T50/><D128/><U100/><E129/><V82/><F38/><T114/><D127/><U34/><E125/><V2/><F2/><T60/><D86/><U133/><E3/><V99/><F82/><T112/><N who="0" m="28672" /><DORA hai="1" /><T83/><D83/><U53/><E56/><V74/><F74/><T73/><D73/><U124/><E101/><V88/><F109/><T57/><D68/><U108/><E108/><V78/><REACH who="2" step="1"/><F99/><REACH who="2" ten="333,371,336,0" step="2"/><T63/><D36/><U66/><E124/><V39/><F39/><T111/><D111/><U59/><E135/><V70/><F70/><T89/><D89/><U126/><E133/><V35/><F35/><T47/><REACH who="0" step="1"/><D57/><AGARI ba="0,1" hai="40,42,43,49,52,57,78,80,85,88,95,97,104,105" machi="57" ten="40,8000,1" yaku="1,1,52,1,54,2,53,0" doraHai="93,1" doraHaiUra="122,58" who="2" fromWho="0" sc="333,-80,371,0,336,90,0,0" /><INIT seed="5,0,0,4,0,80" ten="253,371,426,0" oya="1" hai0="101,48,82,74,103,61,114,45,71,35,84,3,1" hai1="0,42,49,54,55,50,120,91,69,93,132,108,77" hai2="88,65,37,51,57,58,86,53,118,100,66,99,124" hai3=""/><U32/><N who="1" m="30752" /><U135/><E0/><V43/><F124/><T121/><N who="0" m="31008" /><T119/><D35/><U94/><E32/><V52/><F118/><T112/><D74/><U109/><E69/><V105/><F43/><T68/><D119/><U111/><E77/><V116/><F37/><T36/><D36/><U90/><E108/><V56/><F116/><T106/><D1/><U131/><REACH who="1" step="1"/><E42/><REACH who="1" ten="253,361,426,0" step="2"/><V130/><F130/><AGARI ba="0,1" hai="49,50,54,55,90,91,93,94,109,111,130,131,132,135" m="30752" machi="130" ten="25,12000,1" yaku="1,1,2,1,22,2,52,1,53,0" doraHai="80" doraHaiUra="39" who="1" fromWho="2" sc="253,0,361,130,426,-120,0,0" /><INIT seed="5,1,0,3,1,128" ten="253,491,306,0" oya="1" hai0="107,131,46,104,43,42,59,89,52,85,114,47,40" hai1="34,77,106,119,118,82,102,37,63,120,58,41,125" hai2="129,48,68,100,2,84,32,116,1,109,90,117,111" hai3=""/><U110/><N who="1" m="30752" /><U121/><N who="1" m="31008" /><U45/><E34/><V87/><F32/><T108/><D108/><U93/><E106/><V105/><F68/><T70/><D70/><U72/><E125/><V73/><F73/><T122/><N who="0" m="31264" /><T75/><D75/><U127/><E127/><V76/><F129/><T113/><D131/><U101/><E110/><V95/><F105/><T112/><D107/><U38/><E38/><V57/><F100/><T44/><D104/><U35/><E35/><V132/><F48/><T83/><REACH who="0" step="1"/><D59/><REACH who="0" ten="243,491,306,0" step="2"/><U103/><REACH who="1" step="1"/><E93/><REACH who="1" ten="243,481,306,0" step="2"/><V115/><F95/><T134/><D134/><U78/><E78/><V39/><F132/><T69/><D69/><U71/><E71/><V135/><F76/><T64/><D64/><AGARI ba="1,2" hai="37,41,45,58,63,64,72,77,82,101,102,103,118,119" m="31008,30752" machi="64" ten="40,7700,0" yaku="1,1,52,2,53,0" doraHai="128" doraHaiUra="94" who="1" fromWho="0" sc="243,-79,481,99,306,0,0,0" /><INIT seed="5,2,0,5,3,62" ten="164,580,306,0" oya="1" hai0="50,0,111,42,113,107,61,40,49,80,122,127,64" hai1="71,102,83,104,103,45,118,99,57,36,134,125,115" hai2="33,135,100,129,97,76,117,35,59,95,43,53,132" hai3=""/><U70/><E118/><V60/><F117/><T65/><N who="0" m="31264" /><T98/><D0/><U66/><E115/><V119/><F119/><T120/><N who="0" m="30752" /><T56/><D107/><U38/><E134/><N who="2" m="51243" /><F129/><T37/><D80/><U88/><E125/><V55/><F43/><N who="0" m="16426" /><D98/><U46/><E103/><V63/><F76/><T91/><D91/><U124/><E124/><V123/><N who="2" m="31520" /><V86/><F86/><T34/><D34/><N who="2" m="12810" /><F63/><T109/><D127/><U121/><N who="1" m="31008" /><U108/><E83/><V126/><F126/><T131/><D131/><U90/><E99/><V116/><F116/><T39/><D113/><U105/><E102/><V44/><F44/><T73/><D73/><U79/><E79/><V72/><F72/><T48/><D65/><AGARI ba="2,0" hai="53,55,59,60,65,95,97,100" m="12810,31520,51243" machi="65" ten="30,3900,0" yaku="20,1,52,2" doraHai="62" who="2" fromWho="0" sc="164,-43,580,0,306,43,0,0" /><INIT seed="6,0,0,2,4,130" ten="121,580,349,0" oya="2" hai0="63,53,133,118,87,64,56,110,105,58,65,76,117" hai1="44,103,38,51,123,3,50,134,49,113,128,98,131" hai2="59,92,111,66,0,112,115,45,61,77,108,121,135" hai3=""/><V42/><N who="2" m="31008" /><V90/><F0/><T55/><D87/><U127/><N who="1" m="31520" /><U95/><E3/><V54/><F77/><T97/><D76/><U2/><E2/><V89/><F89/><T69/><D97/><U107/><E134/><V60/><F90/><T67/><D105/><U100/><E127/><V122/><N who="2" m="31264" /><V104/><F92/><T79/><D79/><U85/><E113/><N who="2" m="43595" /><F104/><T47/><D110/><N who="2" m="42026" /><F135/><T72/><D72/><U74/><E74/><V73/><F73/><T75/><D75/><U39/><E103/><V83/><F83/><T36/><D133/><U101/><E101/><V68/><F45/><T93/><D93/><U62/><E44/><V96/><F42/><T132/><D132/><U86/><E107/><V1/><F1/><T35/><D35/><U33/><E33/><V119/><F119/><T106/><D106/><U120/><N who="1" m="30752" /><U71/><E86/><V52/><F54/><T70/><D118/><U41/><E85/><V43/><F43/><T32/><D32/><U124/><E41/><V114/><N who="2" m="43603" /><V109/><N who="2" m="42034" /><DORA hai="37" /><V40/><DORA hai="46" /><F40/><T78/><D78/><U48/><N who="1" m="12288" /><DORA hai="125" /><U84/><E84/><V129/><F129/><T99/><D117/><U116/><E116/><RYUUKYOKU ba="0,0" sc="121,-10,580,-10,349,20,0,0" hai2="52,59,60,61,66,68,96" /><INIT seed="6,1,0,2,1,64" ten="111,570,369,0" oya="2" hai0="77,45,50,135,109,87,49,37,67,111,66,92,132" hai1="65,42,120,39,83,57,95,60,112,79,76,41,63" hai2="2,61,100,122,56,108,89,52,101,84,51,97,40" hai3=""/><V55/><N who="2" m="31264" /><V126/><F126/><T129/><D92/><U91/><N who="1" m="30752" /><U62/><E112/><V117/><F117/><T33/><D87/><U115/><E115/><V134/><F2/><T107/><D77/><N who="1" m="29771" /><E39/><V54/><F134/><T43/><D107/><U85/><E83/><V99/><F40/><AGARI ba="1,0" hai="40,41,42,57,60,62,63,65,85,91,95" m="29771,30752" machi="40" ten="30,2000,0" yaku="8,1,52,1" doraHai="64" who="1" fromWho="2" sc="111,0,570,22,369,-22,0,0" owari="111,-49.0,592,54.0,347,-5.0,0,0.0" /></mjloggm>