<mjloggm ver="2.3"><GO type="169" lobby="0"/><UN n0="%73%65%61%73%74%6F%72%79" n1="%E3%81%A9%E3%83%BC%E3%82%82%E5%83%95%E3%81%A7%E3%81%99" n2="%E3%81%A4%E3%81%A3%E3%81%97%E3%83%BC%E3%81%BE" n3="%E7%83%8F%E8%B3%8A%E4%B9%8B%E8%BC%94" dan="16,16,16,17" rate="2081.31,2182.46,2063.38,2228.37" sx="M,F,M,M"/><TAIKYOKU oya="0"/><INIT seed="0,0,0,3,1,74" ten="250,250,250,250" oya="0" hai0="124,98,9,44,71,116,50,54,89,8,53,104,10" hai1="108,2,67,19,113,24,76,94,106,45,29,110,35" hai2="7,41,47,16,17,93,100,115,39,18,90,92,112" hai3="121,82,51,72,119,126,120,23,62,69,64,49,79"/><T86/><D116/><U117/><E117/><V65/><F65/><W36/><G119/><T55/><D71/><U123/><E123/><N who="3" m="47178" /><G36/><T105/><D124/><U26/><E106/><V3/><F100/><W56/><G126/><T125/><D125/><U12/><E67/><V135/><F135/><W58/><G23/><T68/><D68/><U63/><E63/><V96/><REACH who="2" step="1"/><F92/><REACH who="2" ten="250,250,240,250" step="2"/><W46/><G49/><T61/><D105/><U107/><E94/><V38/><F38/><W99/><G99/><T42/><D104/><U1/><E107/><V84/><F84/><W80/><G80/><T13/><D98/><U14/><E108/><V34/><F34/><W127/><G127/><T31/><D61/><U33/><E33/><V60/><F60/><W102/><G102/><T77/><D50/><U30/><E35/><V91/><F91/><W122/><G122/><T66/><D89/><U20/><E110/><V37/><F37/><W5/><G5/><T32/><D32/><U15/><E113/><V27/><F27/><W109/><G109/><T87/><D87/><U73/><E24/><V81/><F81/><W25/><G25/><T111/><D111/><U6/><E6/><V11/><AGARI ba="0,1" hai="3,7,11,16,17,18,39,41,47,90,93,96,112,115" machi="11" ten="30,7900,0" yaku="1,1,0,1,54,1,53,1" doraHai="74" doraHaiUra="0" who="2" fromWho="2" sc="250,-39,250,-20,240,89,250,-20" /><INIT seed="1,0,0,3,5,106" ten="211,230,329,230" oya="1" hai0="8,105,4,108,82,1,94,122,76,22,34,119,97" hai1="115,110,135,131,16,77,57,49,124,129,42,70,74" hai2="83,56,81,23,19,14,6,52,63,66,44,104,127" hai3="133,113,25,100,86,69,121,126,38,7,67,45,59"/><U65/><E115/><V33/><F33/><W88/><G113/><T107/><D119/><U99/><E135/><V68/><F104/><W58/><G121/><T41/><D122/><U43/><E124/><V31/><F127/><W54/><G126/><T29/><D34/><U0/><E0/><V37/><F31/><W101/><G69/><T123/><D123/><U40/><E110/><V12/><F6/><W5/><G38/><T39/><D108/><U62/><E99/><V47/><F12/><W90/><G45/><N who="0" m="23743" /><D22/><U35/><E35/><V109/><F47/><W30/><G67/><T120/><D29/><U61/><E16/><V128/><F128/><N who="1" m="49225" /><E77/><V3/><F3/><W79/><G79/><T71/><D71/><U26/><E26/><V125/><F125/><W11/><G133/><T46/><D46/><N who="1" m="25799" /><E74/><V53/><F109/><W75/><G75/><N who="0" m="43295" /><D120/><U130/><N who="1" m="49233" /><U9/><DORA hai="20" /><E9/><V60/><F83/><W114/><G114/><T13/><D13/><U48/><E48/><V134/><F81/><W32/><G32/><T21/><D21/><U102/><E102/><AGARI ba="0,0" hai="1,4,8,94,97,102,105,107" m="43295,23743" machi="102" ten="30,2000,0" yaku="25,1,52,1" doraHai="106,20" who="0" fromWho="1" sc="211,20,230,-20,329,0,230,0" /><INIT seed="2,0,0,1,3,130" ten="231,210,329,230" oya="2" hai0="39,63,86,79,76,23,62,98,14,105,19,20,101" hai1="10,40,48,32,38,116,70,133,114,87,100,123,82" hai2="8,131,124,69,75,103,84,107,52,44,135,16,99" hai3="2,42,106,112,95,11,127,132,122,65,57,13,61"/><V49/><F131/><W97/><G122/><T134/><D39/><U126/><E116/><V71/><F75/><W46/><G106/><T88/><D23/><U7/><E114/><V96/><F124/><W72/><G127/><T59/><D63/><U118/><E118/><V67/><F67/><W18/><G72/><T25/><D14/><U128/><E128/><V91/><F99/><W33/><G33/><T0/><D0/><U115/><E115/><V68/><F135/><W80/><G2/><T47/><D47/><U1/><E70/><V102/><F102/><W85/><G112/><T50/><D50/><U27/><E38/><V81/><F71/><W60/><G60/><T64/><REACH who="0" step="1"/><D134/><REACH who="0" ten="221,210,329,230" step="2"/><U26/><E48/><V31/><F31/><W22/><G132/><T66/><D66/><U74/><E1/><V15/><AGARI ba="0,1" hai="8,15,16,44,49,52,68,69,81,84,91,96,103,107" machi="15" ten="30,12000,1" yaku="0,1,25,2,54,2" doraHai="130" who="2" fromWho="2" sc="221,-40,210,-40,329,130,230,-40" /><INIT seed="2,1,0,1,4,123" ten="181,170,459,190" oya="2" hai0="30,66,44,135,87,60,48,12,38,99,80,105,43" hai1="75,61,23,4,45,47,133,98,22,19,8,67,108" hai2="125,73,110,130,127,79,115,17,117,84,36,32,91" hai3="24,58,102,124,6,90,54,71,35,103,85,15,111"/><V78/><F32/><W53/><G71/><T69/><D135/><U56/><E133/><V42/><F36/><W106/><G124/><N who="2" m="47689" /><F42/><W68/><G68/><T57/><D30/><U82/><E108/><V51/><F51/><W93/><G106/><T81/><D12/><U31/><E31/><V29/><F17/><W62/><G111/><T40/><D40/><U21/><E19/><V28/><F117/><W122/><G122/><T70/><D99/><U27/><E27/><V107/><F29/><W101/><G35/><T83/><D105/><U11/><E11/><V100/><F28/><W132/><G132/><T59/><D70/><U25/><E25/><V7/><F7/><W55/><G24/><T116/><D116/><U77/><REACH who="1" step="1"/><E98/><REACH who="1" ten="181,160,459,190" step="2"/><N who="2" m="61847" /><F110/><W5/><G5/><T72/><D72/><U52/><E52/><V92/><F115/><W46/><G46/><T131/><D44/><U134/><E134/><V3/><F3/><AGARI ba="1,1" hai="3,4,8,21,22,23,45,47,56,61,67,75,77,82" machi="3" ten="40,1300,0" yaku="1,1,53,0" doraHai="123" doraHaiUra="64" who="1" fromWho="2" sc="181,0,160,26,459,-16,190,0" /><INIT seed="3,0,0,0,1,1" ten="181,186,443,190" oya="3" hai0="6,116,20,73,85,59,54,51,64,93,111,95,131" hai1="96,135,67,48,31,10,19,13,27,41,36,125,45" hai2="37,83,126,122,113,105,87,76,119,34,35,88,98" hai3="9,53,56,33,30,77,21,62,71,68,75,70,69"/><W80/><G33/><T89/><D116/><U124/><E135/><V61/><F37/><W14/><N who="3" m="17920" /><DORA hai="57" /><W110/><G110/><T18/><D73/><U90/><E67/><V8/><F119/><W11/><REACH who="3" step="1"/><G14/><REACH who="3" ten="181,186,443,180" step="2"/><T82/><D111/><U99/><E124/><V23/><F35/><W22/><G22/><T52/><D131/><U15/><E125/><V92/><F34/><W50/><G50/><T112/><D112/><U121/><E48/><V102/><F113/><W81/><G81/><T60/><D82/><U7/><E15/><V12/><F23/><W132/><G132/><T133/><D133/><U66/><E13/><V28/><F126/><W42/><G42/><T63/><D51/><U32/><E41/><V49/><F49/><W106/><G106/><T127/><D127/><U72/><E32/><V91/><F105/><W129/><G129/><T38/><D20/><U26/><E36/><V16/><F12/><W114/><G114/><T29/><D38/><U40/><E40/><V44/><F83/><W24/><AGARI ba="0,1" hai="9,11,21,24,30,53,56,62,75,77,80" m="17920" machi="24" ten="60,11700,0" yaku="1,1,0,1,52,1,53,0" doraHai="1,57" doraHaiUra="94,43" who="3" fromWho="3" sc="181,-39,186,-39,443,-39,180,127" /><INIT seed="3,1,0,5,0,39" ten="142,147,404,307" oya="3" hai0="104,34,84,41,115,24,124,9,88,77,1,51,4" hai1="83,30,62,82,23,108,37,75,33,66,112,86,101" hai2="87,17,64,27,73,7,89,105,45,117,60,79,14" hai3="35,74,130,94,97,53,44,2,48,16,76,63,56"/><W132/><G35/><T99/><D124/><U90/><E112/><V67/><F105/><W72/><G2/><T111/><D115/><U106/><E108/><V80/><F117/><W21/><G132/><T107/><D111/><U36/><E23/><V128/><F128/><W10/><G10/><T110/><D110/><U61/><E75/><V96/><F67/><W19/><G130/><T100/><D77/><U133/><E82/><V5/><F96/><W47/><G47/><T81/><D34/><U57/><E133/><V38/><F27/><W40/><G76/><T69/><D69/><U91/><E91/><V65/><F65/><W102/><G19/><T43/><D107/><U11/><E11/><V113/><F45/><W119/><G119/><T32/><REACH who="0" step="1"/><D51/><REACH who="0" ten="132,147,404,307" step="2"/><U131/><E131/><V98/><F113/><W126/><REACH who="3" step="1"/><G126/><REACH who="3" ten="132,147,404,297" step="2"/><T125/><D125/><U59/><E36/><V122/><F38/><W116/><G116/><T71/><D71/><U127/><E37/><V31/><F79/><W6/><G6/><T135/><D135/><U22/><E127/><V42/><F5/><W129/><G129/><T0/><D0/><U25/><E33/><V109/><F7/><W92/><G92/><T85/><D85/><U121/><E106/><V134/><F87/><W78/><G78/><T118/><D118/><U120/><E86/><V103/><F134/><W46/><G46/><T18/><D18/><U70/><E70/><V49/><F17/><W26/><AGARI ba="1,2" hai="16,21,26,40,44,48,53,56,63,72,74,94,97,102" machi="26" ten="20,18000,2" yaku="1,1,0,1,7,1,52,1,54,1,53,1" doraHai="39" doraHaiUra="93" who="3" fromWho="3" sc="132,-61,147,-61,404,-61,297,203" /><INIT seed="3,2,0,4,2,41" ten="71,86,343,500" oya="3" hai0="33,60,97,117,9,24,85,110,124,131,11,81,98" hai1="22,55,69,21,2,121,93,62,79,132,112,126,73" hai2="64,134,1,68,35,71,105,54,63,43,37,29,135" hai3="14,61,12,47,65,56,50,25,66,17,36,88,19"/><W6/><G36/><T8/><D117/><U120/><E112/><V18/><F18/><W94/><G66/><T99/><D131/><U46/><E2/><V101/><F54/><W20/><G6/><T83/><D124/><U67/><E126/><V84/><F84/><N who="3" m="52487" /><G19/><T119/><D119/><U59/><E132/><V91/><F91/><W87/><G87/><T42/><D110/><U26/><E69/><V3/><F71/><W0/><G0/><T96/><D33/><U123/><E123/><V115/><F115/><W23/><G20/><T86/><D24/><U106/><E21/><V7/><F7/><W107/><G107/><T129/><D129/><U10/><E106/><V90/><F90/><W5/><G5/><T100/><D42/><AGARI ba="2,0" hai="12,14,17,23,25,42,47,50,56,61,65" m="52487" machi="42" ten="30,5800,0" yaku="8,1,52,1,54,1" doraHai="41" who="3" fromWho="0" sc="71,-64,86,0,343,0,500,64" /><INIT seed="3,3,0,0,2,121" ten="7,86,343,564" oya="3" hai0="65,66,115,78,6,41,8,82,75,54,35,85,7" hai1="86,103,32,62,71,119,61,132,17,111,31,98,126" hai2="107,3,87,30,48,26,20,23,56,129,18,84,117" hai3="59,69,116,124,4,113,112,29,52,130,106,91,93"/><W63/><G116/><T128/><D128/><U57/><E119/><V0/><F107/><W104/><G130/><T88/><D35/><U114/><E114/><V109/><F117/><W13/><G69/><T14/><D115/><U60/><E126/><V135/><F135/><W131/><G131/><T28/><D28/><U72/><E72/><V47/><F56/><W21/><G124/><T81/><D41/><U5/><E132/><V125/><F125/><W101/><G101/><T19/><D6/><U15/><E5/><V50/><F47/><W39/><G39/><T42/><D42/><U99/><E86/><V90/><F90/><W123/><G123/><T68/><D68/><U110/><E71/><V12/><F129/><W64/><G112/><T105/><D105/><U97/><E103/><V89/><F109/><N who="1" m="41481" /><E31/><V96/><F96/><W44/><G29/><T133/><D133/><U24/><E24/><V102/><F102/><W38/><G4/><T134/><D134/><U127/><E127/><V45/><F84/><W73/><G73/><T36/><D36/><U9/><E32/><V55/><F50/><W16/><G113/><T118/><D118/><U92/><E92/><AGARI ba="3,0" hai="0,3,12,18,20,23,26,30,45,48,55,87,89,92" machi="92" ten="30,1000,0" yaku="7,1" doraHai="121" who="2" fromWho="1" sc="7,0,86,-19,343,19,564,0" /><INIT seed="4,0,0,3,4,14" ten="7,67,362,564" oya="0" hai0="89,28,60,121,128,20,119,123,105,101,99,43,53" hai1="36,31,83,114,72,13,69,61,79,111,81,73,24" hai2="55,65,77,3,52,45,132,131,75,6,25,90,67" hai3="106,16,133,59,18,33,118,22,71,23,4,70,84"/><T108/><D119/><U39/><E111/><V57/><F77/><W64/><G33/><T115/><D108/><U95/><E114/><V12/><F75/><W32/><G32/><T104/><D115/><U5/><E95/><V26/><F3/><W129/><G106/><T1/><D1/><U34/><E5/><V80/><F132/><W87/><G64/><T44/><D105/><U130/><E13/><V15/><F45/><W10/><G71/><T85/><D128/><U62/><E62/><V58/><F80/><W30/><G70/><T109/><D109/><U68/><E130/><V0/><F0/><W37/><G37/><N who="1" m="14410" /><E61/><V93/><F93/><W126/><G133/><T11/><D11/><U110/><E110/><V94/><F94/><W97/><G10/><T41/><D123/><U42/><E42/><V76/><F76/><AGARI ba="0,0" hai="24,31,34,68,69,72,73,76,79,81,83" m="14410" machi="76" ten="30,2000,0" yaku="33,2" doraHai="14" who="1" fromWho="2" sc="7,0,67,20,362,-20,564,0" /><INIT seed="5,0,0,4,1,57" ten="7,87,342,564" oya="1" hai0="133,45,130,85,135,88,132,127,89,98,32,90,83" hai1="51,75,126,13,58,29,110,59,103,18,6,33,15" hai2="93,4,109,42,72,38,73,129,47,95,11,119,43" hai3="69,5,25,63,80,46,26,66,124,128,108,3,65"/><U0/><E75/><V134/><F119/><W22/><G108/><T20/><D32/><U37/><E37/><V23/><F109/><W30/><G124/><T99/><D45/><U112/><E126/><V8/><F23/><W2/><G128/><T118/><D20/><U79/><E15/><V111/><F111/><W117/><G117/><T116/><D127/><U9/><E79/><V44/><F134/><W7/><G80/><T53/><D53/><U55/><E110/><V107/><F107/><W106/><G106/><T68/><D68/><U120/><E103/><V39/><F129/><W56/><G46/><T50/><D50/><U64/><E112/><V94/><REACH who="2" step="1"/><F11/><REACH who="2" ten="7,87,332,564" step="2"/><W62/><G22/><T17/><D130/><U48/><E9/><V1/><AGARI ba="0,1" hai="1,4,8,38,39,42,43,44,47,72,73,93,94,95" machi="1" ten="30,12000,2" yaku="1,1,2,1,0,1,9,1,53,2" doraHai="57" doraHaiUra="70" who="2" fromWho="2" sc="7,-30,87,-60,332,130,564,-30" owari="-23,-52.0,27,-37.0,462,26.0,534,63.0" /></mjloggm>