<mjloggm ver="2.3"><GO type="169" lobby="0"/><UN n0="%E3%82%84%E3%81%8F%E3%81%97%E3%81%BE%E3%82%8B%E3%81%88%E3%81%A4%E3%81%93" n1="%E4%B8%89%E5%B3%B6%E5%85%AB%E9%9B%B2" n2="%E5%9B%A0%E5%B9%A1%E3%81%AE%E9%BB%84%E5%85%8E" n3="%72%52%66%44%79%55%66" dan="16,16,16,16" rate="2067.47,2219.83,2065.58,2115.31" sx="F,M,M,M"/><TAIKYOKU oya="0"/><INIT seed="0,0,0,4,0,97" ten="250,250,250,250" oya="0" hai0="122,98,25,120,90,45,114,28,32,51,100,73,9" hai1="88,65,125,46,106,31,27,116,64,84,13,108,0" hai2="17,53,20,4,56,6,3,59,76,15,103,39,42" hai3="96,63,23,68,21,104,94,123,129,134,8,52,54"/><T40/><D114/><U111/><E116/><V101/><F39/><W5/><G129/><T119/><D119/><U110/><E0/><V37/><F76/><W99/><G134/><T14/><D90/><U10/><E125/><V67/><F37/><W80/><G123/><T58/><D58/><U7/><E106/><V33/><F42/><W30/><G80/><T81/><D81/><U128/><E46/><V29/><F67/><W24/><G23/><T62/><D62/><U61/><E61/><V35/><F59/><W126/><G126/><T135/><D73/><U26/><E128/><V48/><F6/><W121/><G121/><T16/><REACH who="0" step="1"/><D135/><REACH who="0" ten="240,250,250,250" step="2"/><U60/><E60/><V107/><F107/><AGARI ba="0,1" hai="9,14,16,25,28,32,40,45,51,98,100,107,120,122" machi="107" ten="30,12000,1" yaku="1,1,2,1,7,1,52,1,54,1,53,0" doraHai="97" doraHaiUra="70" who="0" fromWho="2" sc="240,130,250,0,250,-120,250,0" /><INIT seed="0,1,0,4,1,61" ten="370,250,130,250" oya="0" hai0="57,24,3,84,12,118,78,36,45,85,128,127,81" hai1="56,63,124,11,123,14,43,132,89,69,25,94,98" hai2="41,60,97,40,1,22,64,72,44,7,125,83,37" hai3="99,92,102,73,59,2,13,21,133,47,115,49,129"/><T17/><D3/><U77/><E132/><V103/><F41/><W134/><G129/><T52/><D118/><U19/><E124/><V120/><F125/><W34/><G115/><T113/><D113/><U8/><E123/><V53/><F53/><W106/><G34/><T86/><D127/><U112/><E112/><V101/><F120/><W23/><G2/><T96/><D128/><U119/><E119/><V75/><F22/><W62/><G73/><T5/><D5/><U126/><E126/><V55/><F55/><W46/><G106/><T66/><D24/><U39/><E69/><V33/><F103/><W65/><G47/><T82/><D96/><U95/><E77/><V9/><F33/><W109/><G109/><T70/><D70/><U116/><E116/><V30/><F30/><W122/><G122/><T50/><D81/><U80/><E80/><V67/><F60/><W131/><G131/><T28/><D28/><U107/><E107/><V88/><F75/><W54/><REACH who="3" step="1"/><G13/><REACH who="3" ten="370,250,130,240" step="2"/><T91/><D78/><U20/><E14/><V29/><F29/><W135/><AGARI ba="1,1" hai="21,23,46,49,54,59,62,65,92,99,102,133,134,135" machi="135" ten="30,8000,1" yaku="1,1,2,1,0,1,20,1,52,1,53,0" doraHai="61" doraHaiUra="15" who="3" fromWho="3" sc="370,-41,250,-21,130,-21,240,93" /><INIT seed="1,0,0,2,3,98" ten="329,229,109,333" oya="1" hai0="27,100,99,87,12,86,64,108,122,16,61,22,90" hai1="129,37,114,51,103,125,28,126,119,131,40,120,63" hai2="38,19,14,49,41,43,77,113,116,135,9,107,35" hai3="132,80,26,33,78,53,30,6,31,83,85,32,57"/><U72/><E72/><V75/><F38/><W59/><G132/><T82/><D108/><U8/><E28/><V123/><F116/><W42/><G6/><T56/><D122/><U105/><E119/><V58/><F123/><W17/><G42/><T70/><D87/><U124/><E120/><V118/><F118/><W109/><G109/><T121/><D121/><U18/><E114/><V39/><F39/><W91/><G17/><T36/><D36/><U71/><E51/><V60/><F107/><W46/><G46/><T93/><D70/><U69/><E18/><V130/><F35/><W4/><G4/><T34/><D34/><U81/><E81/><V88/><F77/><W117/><G117/><T5/><D5/><U73/><E8/><V29/><F75/><W11/><G11/><T106/><REACH who="0" step="1"/><D27/><REACH who="0" ten="319,229,109,333" step="2"/><U44/><E73/><V97/><F113/><W134/><G134/><T110/><D110/><U68/><E63/><V111/><F111/><W104/><G85/><T55/><D55/><U52/><E52/><N who="2" m="32015" /><F135/><W66/><G53/><T89/><D89/><U45/><E44/><V54/><F130/><W2/><G91/><T50/><D50/><U92/><E92/><AGARI ba="0,1" hai="12,16,22,56,61,64,82,86,90,92,93,99,100,106" machi="92" ten="40,8000,1" yaku="1,1,52,1,54,1,53,1" doraHai="98" doraHaiUra="96" who="0" fromWho="1" sc="319,90,229,-80,109,0,333,0" /><INIT seed="2,0,0,4,3,2" ten="409,149,109,333" oya="2" hai0="75,66,114,31,23,81,98,42,70,45,3,21,113" hai1="33,35,100,89,57,1,134,14,58,109,107,68,19" hai2="8,125,126,10,132,119,93,97,121,55,38,105,116" hai3="71,122,9,24,13,34,36,130,127,111,123,101,53"/><V4/><F105/><W63/><G53/><T25/><D3/><U135/><E68/><V128/><F38/><W112/><G63/><T83/><D70/><U46/><E1/><V90/><F121/><N who="3" m="46091" /><G101/><T131/><D66/><U27/><E109/><V99/><F132/><N who="1" m="50729" /><E46/><V32/><F32/><N who="1" m="12361" /><E27/><V87/><F128/><W16/><G71/><T106/><D131/><U74/><E74/><V69/><F69/><W59/><G59/><T51/><D21/><N who="1" m="11511" /><E89/><V5/><F55/><W96/><G36/><T15/><D15/><U108/><E108/><V49/><F49/><W17/><G130/><T64/><D64/><U60/><E60/><V91/><REACH who="2" step="1"/><F87/><REACH who="2" ten="409,149,99,333" step="2"/><W30/><G111/><T47/><D106/><U39/><E39/><V103/><F103/><W12/><G96/><AGARI ba="0,1" hai="57,58,96,100,107" m="11511,12361,50729" machi="96" ten="30,1000,0" yaku="20,1" doraHai="2" who="1" fromWho="3" sc="409,0,149,20,99,0,333,-10" /><INIT seed="3,0,0,1,5,93" ten="409,169,99,323" oya="3" hai0="46,17,91,25,132,7,102,74,50,81,4,58,63" hai1="88,21,40,5,118,16,76,12,0,9,23,33,73" hai2="30,90,28,126,32,108,86,39,6,112,133,47,52" hai3="131,84,36,49,62,109,103,56,77,94,26,22,125"/><W100/><G125/><T120/><D120/><U51/><E118/><V38/><F112/><W11/><G131/><T78/><D132/><U37/><E33/><V113/><F113/><W60/><G36/><T80/><D102/><U114/><E114/><V110/><F6/><N who="0" m="2090" /><D78/><U68/><E68/><V18/><F126/><W67/><G109/><N who="2" m="42089" /><F133/><W15/><G49/><T35/><D35/><U54/><E37/><N who="2" m="13835" /><F18/><N who="3" m="8575" /><G62/><T122/><D74/><U135/><E40/><V85/><F32/><W65/><G65/><N who="0" m="39159" /><D91/><U115/><E115/><V127/><F127/><W98/><G103/><T129/><D122/><U8/><E135/><V130/><F130/><W71/><G71/><T70/><D70/><U57/><REACH who="1" step="1"/><E88/><REACH who="1" ten="409,159,99,323" step="2"/><V89/><F90/><W106/><G77/><T83/><D129/><U43/><E43/><V41/><F41/><W87/><G106/><T111/><D83/><AGARI ba="0,1" hai="0,5,8,9,12,16,21,23,51,54,57,73,76,83" machi="83" ten="40,5200,0" yaku="1,1,54,1,53,1" doraHai="93" doraHaiUra="107" who="1" fromWho="0" sc="409,-52,159,62,99,0,323,0" /><INIT seed="4,0,0,0,5,69" ten="357,221,99,323" oya="0" hai0="77,91,54,133,93,62,27,105,10,134,101,12,29" hai1="83,42,7,73,2,123,56,106,113,96,50,94,129" hai2="47,63,48,112,39,127,84,36,131,31,103,92,59" hai3="41,65,89,80,35,46,20,32,15,57,23,60,122"/><T72/><D101/><U5/><E123/><V30/><F112/><W53/><G122/><T135/><D105/><U85/><E129/><V11/><F131/><W28/><G65/><T55/><D77/><U61/><E113/><V81/><F127/><W102/><G102/><T121/><D72/><U130/><E130/><V119/><F119/><W58/><G58/><T44/><D62/><U108/><E108/><V118/><F118/><W79/><G89/><T1/><D1/><U109/><E2/><V71/><F71/><W90/><G90/><T6/><D44/><N who="1" m="25879" /><E73/><V33/><F11/><W95/><G95/><T26/><D121/><U128/><E106/><V0/><F0/><W9/><G32/><T82/><D82/><U34/><E34/><V75/><F31/><W49/><G28/><T86/><REACH who="0" step="1"/><D26/><REACH who="0" ten="347,221,99,323" step="2"/><U125/><E128/><V110/><F110/><W25/><G25/><T37/><D37/><U132/><E109/><V64/><F75/><W18/><REACH who="3" step="1"/><G35/><AGARI ba="0,1" hai="6,10,12,27,29,35,54,55,86,91,93,133,134,135" machi="35" ten="40,3900,0" yaku="1,1,20,1,53,0" doraHai="69" doraHaiUra="78" who="0" fromWho="3" sc="347,49,221,0,99,0,323,-39" /><INIT seed="4,1,0,3,0,57" ten="396,221,99,284" oya="0" hai0="63,85,115,61,53,30,89,131,14,66,26,49,60" hai1="133,47,65,100,48,59,91,45,32,128,98,97,73" hai2="114,93,58,83,69,0,109,9,16,77,34,121,55" hai3="112,62,17,37,126,81,87,104,90,102,80,31,5"/><T95/><D115/><U70/><E73/><V12/><F109/><W20/><G126/><T72/><D72/><U122/><E122/><V120/><F114/><W106/><G112/><T108/><D131/><U6/><E32/><V79/><F69/><W64/><G37/><T4/><D108/><U56/><E128/><V111/><F111/><W50/><G31/><T78/><D78/><U129/><E129/><V107/><F107/><W40/><G5/><T54/><D66/><U123/><E70/><V15/><F0/><W25/><G81/><T43/><D43/><U105/><E6/><V3/><F3/><W127/><G127/><T113/><D113/><U116/><E116/><V76/><F83/><W1/><G102/><T13/><D4/><U39/><E39/><V44/><F44/><W101/><G101/><T71/><D71/><U118/><E133/><V8/><F93/><W10/><G10/><T68/><D68/><U96/><E91/><V41/><F41/><W24/><G24/><T88/><D89/><U29/><E29/><V134/><F34/><W38/><G38/><T75/><D75/><U27/><E27/><V18/><REACH who="2" step="1"/><F134/><REACH who="2" ten="396,221,89,284" step="2"/><W19/><G1/><T119/><D119/><U67/><E47/><V22/><F22/><W74/><G106/><T110/><D110/><U28/><E45/><V124/><F124/><W130/><G104/><T132/><D132/><U35/><E35/><V94/><F94/><W33/><G33/><N who="0" m="20695" /><D54/><N who="1" m="31815" /><E105/><V52/><F52/><W84/><G130/><T21/><D21/><U86/><E118/><V7/><F7/><W103/><G20/><RYUUKYOKU ba="1,1" sc="396,15,221,-15,89,15,284,-15" hai0="13,14,49,53,60,61,63,85,88,95" hai2="8,9,12,15,16,18,55,58,76,77,79,120,121" /><INIT seed="4,2,1,1,1,91" ten="411,206,104,269" oya="0" hai0="84,9,46,5,127,3,119,80,7,107,38,121,27" hai1="120,124,86,129,95,55,67,13,125,68,99,47,79" hai2="53,111,73,28,15,106,52,58,108,41,103,128,81" hai3="14,75,35,114,30,126,54,18,48,2,32,24,6"/><T90/><D119/><U64/><E120/><V123/><F123/><W100/><G75/><T110/><D121/><U23/><E129/><V70/><F70/><W122/><G122/><T94/><D107/><U78/><E68/><V51/><F128/><W34/><G100/><T101/><D127/><N who="1" m="48715" /><E55/><V83/><F41/><W61/><G126/><T72/><D110/><U39/><E23/><V29/><F106/><W109/><G109/><T87/><D7/><U88/><E13/><V20/><F103/><W130/><G130/><T19/><D101/><N who="1" m="60671" /><E47/><V40/><F40/><W57/><G114/><T118/><D118/><U85/><E39/><V89/><F73/><W50/><G6/><T115/><D115/><U16/><E16/><N who="2" m="10271" /><F111/><W26/><G2/><T74/><D46/><U77/><E85/><N who="2" m="50351" /><F108/><W104/><G104/><T131/><D38/><U117/><E117/><V33/><F33/><W21/><REACH who="3" step="1"/><G26/><REACH who="3" ten="411,206,104,259" step="2"/><T42/><D131/><U0/><E0/><V22/><F28/><W71/><G71/><T43/><D27/><U97/><E97/><V93/><F29/><W1/><G1/><T82/><D3/><U11/><E11/><AGARI ba="2,2" hai="11,14,18,21,24,30,32,34,35,48,50,54,57,61" machi="11" ten="40,1300,0" yaku="1,1,53,0" doraHai="91" doraHaiUra="69" who="3" fromWho="1" sc="411,0,206,-19,104,0,259,39" /><INIT seed="5,0,0,1,3,30" ten="411,187,104,298" oya="1" hai0="112,17,127,133,98,64,16,22,4,83,102,80,40" hai1="95,23,39,58,81,21,73,63,110,77,54,124,60" hai2="101,33,26,134,71,18,68,85,38,116,29,7,11" hai3="114,13,56,50,135,87,45,48,126,104,113,66,9"/><U34/><E39/><V99/><F134/><W28/><G104/><T70/><D133/><U35/><E124/><V25/><F116/><W108/><G108/><T5/><D17/><U88/><E110/><V51/><F38/><W89/><G135/><T103/><D103/><U8/><E8/><V43/><F85/><W119/><G126/><T92/><D112/><N who="3" m="43113" /><G28/><T36/><D127/><U65/><E21/><V100/><F100/><W52/><G119/><T76/><D70/><U46/><E23/><V105/><F18/><N who="3" m="8495" /><G66/><T94/><D64/><U62/><E46/><V97/><F26/><W55/><G89/><T59/><D40/><U14/><E14/><V107/><F107/><W57/><G87/><N who="0" m="48519" /><D83/><U120/><E120/><V130/><F99/><W37/><G37/><T117/><D117/><U15/><E15/><V96/><F96/><W128/><G128/><T123/><D92/><U20/><E20/><V61/><F61/><W1/><G1/><T0/><D0/><U44/><E44/><AGARI ba="0,0" hai="44,45,48,50,52,55,56,57" m="8495,43113" machi="44" ten="30,2000,0" yaku="15,1,54,1" doraHai="30" who="3" fromWho="1" sc="411,0,187,-20,104,0,298,20" /><INIT seed="6,0,0,1,3,1" ten="411,167,104,318" oya="2" hai0="59,96,11,26,27,104,40,125,33,86,34,9,75" hai1="41,116,98,134,132,69,24,94,57,29,83,127,101" hai2="128,53,84,107,37,50,119,67,51,44,92,21,63" hai3="89,48,71,20,56,117,73,99,45,38,79,108,17"/><V70/><F107/><W120/><G108/><T130/><D75/><U72/><E116/><V80/><F128/><W133/><G117/><T122/><D122/><U81/><E69/><V126/><F126/><W55/><G120/><T62/><D40/><U135/><E127/><V8/><F119/><W65/><G133/><T111/><D111/><U93/><E41/><V5/><F92/><W4/><G38/><T19/><D125/><U52/><E72/><V87/><F37/><W76/><G71/><T2/><D86/><U118/><E93/><V85/><F50/><W28/><G28/><T0/><D59/><U68/><E68/><V112/><F21/><W6/><G73/><T131/><D96/><U121/><E121/><V113/><REACH who="2" step="1"/><F80/><REACH who="2" ten="411,167,94,318" step="2"/><W129/><G129/><T54/><D104/><U30/><E118/><V114/><F114/><W64/><G20/><T95/><D95/><U49/><E30/><V97/><F97/><W82/><G99/><T105/><D105/><U123/><E123/><V74/><F74/><W15/><G48/><T12/><D131/><U39/><E39/><V31/><F31/><W58/><G82/><T7/><D130/><U77/><E77/><V42/><F42/><W61/><G79/><T13/><D62/><U18/><E29/><V22/><F22/><AGARI ba="0,1" hai="18,22,24,49,52,57,81,83,94,98,101,132,134,135" machi="22" ten="40,2600,0" yaku="20,1,54,1" doraHai="1" who="1" fromWho="2" sc="411,0,167,36,94,-26,318,0" /><INIT seed="7,0,0,5,1,77" ten="411,203,68,318" oya="3" hai0="4,35,8,129,48,11,125,24,121,93,54,72,60" hai1="28,103,25,44,95,122,120,37,80,32,126,43,42" hai2="97,62,130,92,58,50,128,107,116,70,5,27,29" hai3="61,85,64,41,117,113,65,82,109,9,13,21,69"/><W87/><G117/><T71/><D72/><U91/><E126/><V0/><F116/><W34/><G34/><T86/><D121/><U83/><E103/><V132/><F132/><W36/><G113/><T131/><D125/><U14/><E43/><V123/><F123/><W115/><G115/><T102/><D35/><U81/><REACH who="1" step="1"/><E14/><REACH who="1" ten="411,193,68,318" step="2"/><V73/><F128/><W90/><G109/><T46/><D102/><U49/><E49/><V99/><F130/><W10/><G41/><T30/><D48/><U89/><E89/><V88/><F73/><W38/><G36/><T12/><D12/><U22/><E22/><V84/><F0/><W53/><G38/><T1/><D1/><U100/><E100/><V119/><F119/><W108/><G108/><T15/><D15/><U124/><E124/><V134/><F134/><W23/><G9/><T133/><D11/><U40/><E40/><V118/><F118/><W105/><G10/><T101/><D8/><U68/><E68/><V7/><F107/><W63/><G105/><T20/><D71/><U135/><E135/><V17/><F70/><W74/><G13/><T51/><D133/><U26/><E26/><V67/><F50/><W94/><G69/><T55/><D101/><U98/><AGARI ba="0,1" hai="25,28,32,37,42,44,80,81,83,91,95,98,120,122" machi="98" ten="30,8000,1" yaku="1,1,0,1,52,3,53,0" doraHai="77" doraHaiUra="127" who="1" fromWho="1" sc="411,-20,193,90,68,-20,318,-40" owari="391,49.0,283,8.0,48,-45.0,278,-12.0" /></mjloggm>