<mjloggm ver="2.3"><GO type="169" lobby="0"/><UN n0="%E2%98%85%E3%83%9B%E3%83%BC%E3%82%B9%E2%98%85" n1="%E4%B8%89%E5%B3%B6%E5%85%AB%E9%9B%B2" n2="%E9%BB%92%E7%8C%AB%73%69%6E" n3="%64%75%72%72%72%72%72" dan="16,16,17,18" rate="2138.69,2229.54,2223.90,2238.76" sx="M,M,M,M"/><TAIKYOKU oya="0"/><INIT seed="0,0,0,4,3,38" ten="250,250,250,250" oya="0" hai0="0,7,106,67,86,41,111,45,12,97,65,44,72" hai1="59,110,78,127,94,129,95,28,25,36,31,52,24" hai2="22,115,68,102,84,120,51,30,91,1,123,23,87" hai3="17,19,50,125,48,73,53,43,10,99,39,32,54"/><T29/><D72/><U26/><E110/><V8/><F68/><W135/><G73/><T130/><D111/><U57/><E129/><V75/><F75/><W128/><G32/><T105/><D0/><U18/><E127/><V35/><F115/><W134/><G99/><T40/><D130/><U131/><E131/><V103/><F35/><W9/><G128/><T66/><D106/><U74/><E36/><V117/><F117/><W109/><G109/><T64/><N who="0" m="16384" /><DORA hai="46" /><T3/><D3/><U112/><E112/><V47/><F1/><W107/><G39/><T21/><D86/><U56/><E18/><V100/><F8/><W13/><G107/><T14/><D97/><U58/><E78/><V62/><F62/><W118/><G43/><N who="0" m="16459" /><D105/><U124/><E124/><V126/><F126/><W15/><REACH who="3" step="1"/><G125/><REACH who="3" ten="250,250,250,240" step="2"/><T34/><D34/><U63/><REACH who="1" step="1"/><E74/><REACH who="1" ten="250,240,250,240" step="2"/><V119/><F120/><W42/><G42/><T81/><D7/><U108/><E108/><V132/><F123/><W101/><G101/><T77/><D77/><U85/><E85/><V60/><F87/><W71/><G71/><T82/><D82/><U88/><E88/><V69/><F91/><W49/><G49/><T92/><D81/><U61/><E61/><V80/><F84/><W116/><AGARI ba="0,2" hai="9,10,13,15,17,19,48,50,53,54,116,118,134,135" machi="116" ten="25,12000,2" yaku="1,1,0,1,22,2,52,2,53,0" doraHai="38,46" doraHaiUra="16,96" who="3" fromWho="3" sc="250,-60,240,-30,250,-30,240,140" /><INIT seed="1,0,0,4,0,118" ten="190,210,220,380" oya="1" hai0="105,78,108,41,61,36,72,45,70,1,120,18,64" hai1="44,92,56,123,23,7,99,121,46,43,12,34,25" hai2="58,67,131,114,47,60,69,19,63,94,42,35,30" hai3="0,11,3,107,20,100,8,21,38,55,126,27,104"/><U90/><E34/><V134/><F35/><W75/><G75/><T98/><D18/><U79/><E79/><V113/><F30/><W54/><G38/><T82/><D108/><U52/><E12/><V111/><F94/><W81/><G100/><N who="0" m="62615" /><D1/><U91/><E91/><V39/><F19/><W84/><G84/><T65/><D65/><U10/><E10/><V6/><F6/><W50/><G50/><T125/><D125/><U37/><E46/><V29/><F29/><W4/><G81/><T88/><D88/><U22/><E7/><V2/><F2/><W95/><G95/><T32/><D32/><U76/><E76/><V96/><F96/><W15/><G4/><T74/><D74/><U135/><E135/><V133/><F131/><W86/><G86/><T51/><D51/><U40/><E40/><V87/><F87/><W28/><G28/><T14/><D14/><U17/><E22/><V101/><F101/><W31/><G31/><T33/><D33/><U112/><E112/><N who="2" m="43115" /><F111/><W130/><G15/><T102/><D102/><U66/><E66/><AGARI ba="0,0" hai="39,42,47,58,60,63,66,67,69,133,134" m="43115" machi="66" ten="30,3900,0" yaku="11,1,34,2" doraHai="118" who="2" fromWho="1" sc="190,0,210,-39,220,39,380,0" /><INIT seed="2,0,0,3,3,89" ten="190,171,259,380" oya="2" hai0="74,12,107,52,36,101,109,7,31,123,44,91,48" hai1="28,82,95,112,38,45,77,79,39,88,108,27,111" hai2="114,113,40,105,72,22,58,119,10,102,41,93,62" hai3="96,46,50,30,49,4,75,26,60,51,80,61,35"/><V99/><F119/><W57/><G4/><T37/><D123/><U64/><E112/><V86/><F72/><W9/><G9/><T25/><D74/><U68/><E64/><V21/><F10/><W1/><G1/><T117/><D117/><U18/><E68/><V55/><F105/><W98/><G46/><T33/><D109/><N who="1" m="42059" /><E18/><V13/><F86/><W81/><G75/><T69/><D69/><U90/><E90/><V70/><F70/><W53/><REACH who="3" step="1"/><G61/><REACH who="3" ten="190,171,259,370" step="2"/><T78/><D7/><U100/><E45/><V121/><F121/><W83/><AGARI ba="0,1" hai="26,30,35,49,50,51,53,57,60,80,81,83,96,98" machi="83" ten="30,4000,0" yaku="1,1,2,1,0,1,53,0" doraHai="89" doraHaiUra="32" who="3" fromWho="3" sc="190,-10,171,-10,259,-20,370,50" /><INIT seed="3,0,0,3,5,20" ten="180,161,239,420" oya="3" hai0="96,95,133,67,75,53,14,10,60,129,42,26,28" hai1="6,120,23,112,43,65,110,50,135,3,99,61,79" hai2="47,109,104,40,122,94,90,38,72,15,127,1,134" hai3="101,11,17,98,63,30,91,103,83,62,24,7,80"/><W85/><G17/><T48/><D75/><U2/><E112/><V88/><F1/><W116/><G80/><T57/><D133/><U22/><E120/><V97/><F134/><W54/><G116/><T108/><D108/><U130/><E79/><V105/><F109/><W4/><G101/><T39/><D129/><U35/><E35/><V82/><F122/><W51/><G7/><T119/><D119/><U77/><E77/><V18/><F127/><W132/><G132/><T36/><D42/><U73/><E99/><V106/><F72/><W46/><G11/><T32/><D14/><U121/><E130/><V12/><REACH who="2" step="1"/><F18/><REACH who="2" ten="180,161,229,420" step="2"/><W89/><G4/><T93/><D10/><U16/><E16/><V49/><F49/><W29/><G51/><T13/><D13/><U78/><E2/><V81/><F81/><W113/><G83/><T64/><D36/><U45/><E121/><V31/><F31/><W126/><G29/><T33/><D39/><U68/><E110/><V118/><F118/><W19/><G30/><T117/><D117/><U128/><E135/><V21/><F21/><W74/><G19/><T41/><D32/><U111/><E111/><V76/><F76/><W55/><G126/><T115/><D115/><U92/><E128/><V114/><F114/><W102/><G74/><T56/><D33/><U123/><E123/><V86/><AGARI ba="0,1" hai="12,15,38,40,47,82,86,88,90,94,97,104,105,106" machi="86" ten="40,8000,1" yaku="1,1,0,1,54,1,53,1" doraHai="20" doraHaiUra="69" who="2" fromWho="2" sc="180,-20,161,-20,229,90,420,-40" /><INIT seed="4,0,0,4,3,90" ten="160,141,319,380" oya="0" hai0="15,66,83,131,59,32,28,73,14,20,53,115,69" hai1="89,33,31,76,63,8,79,95,119,100,91,93,104" hai2="96,50,58,110,124,132,45,103,24,111,40,88,85" hai3="87,125,121,41,3,16,113,99,42,74,25,80,67"/><T98/><D32/><U48/><E119/><V77/><F77/><N who="1" m="29769" /><E33/><V81/><F132/><W44/><G74/><T108/><D73/><U70/><E70/><V2/><F124/><W97/><G3/><T116/><D116/><U37/><E37/><V35/><F2/><W36/><G125/><T68/><D83/><U0/><E0/><V27/><F58/><W29/><G113/><T26/><D115/><U18/><E104/><V47/><F47/><W54/><G42/><T12/><D131/><U57/><E31/><V86/><F86/><W65/><G54/><T21/><D66/><U122/><E48/><V114/><F114/><W43/><G43/><T1/><D1/><U117/><E100/><V120/><F120/><W71/><G121/><T92/><D108/><U17/><E117/><V60/><F60/><W127/><G29/><T133/><D133/><U22/><E8/><V64/><F64/><W38/><G38/><T23/><D68/><U7/><E7/><V51/><F51/><W49/><G36/><T102/><D69/><U56/><E56/><V39/><F39/><W34/><G34/><T4/><REACH who="0" step="1"/><D4/><REACH who="0" ten="150,141,319,380" step="2"/><U82/><E82/><V130/><F35/><W112/><G127/><T107/><D107/><U52/><E122/><V61/><F110/><W72/><G112/><T9/><D9/><U19/><E22/><V84/><F111/><W75/><G72/><T62/><AGARI ba="0,1" hai="12,14,15,20,21,23,26,28,53,59,62,92,98,102" machi="62" ten="30,18000,2" yaku="1,1,0,1,8,1,52,1,53,3" doraHai="90" doraHaiUra="11" who="0" fromWho="0" sc="150,190,141,-60,319,-60,380,-60" /><INIT seed="4,1,0,2,5,130" ten="340,81,259,320" oya="0" hai0="5,29,3,93,100,69,24,132,0,43,63,41,123" hai1="120,18,74,31,32,133,103,22,9,73,23,13,7" hai2="27,106,118,26,15,52,58,71,80,40,83,6,54" hai3="48,77,91,114,28,92,129,30,75,117,108,67,76"/><T105/><D123/><U25/><E120/><V104/><F71/><W35/><G108/><T8/><D0/><U109/><E109/><V64/><F64/><W96/><G117/><T85/><D85/><U99/><E23/><V38/><F38/><W116/><G116/><T72/><D93/><U127/><E127/><V12/><F40/><W62/><G129/><T11/><D11/><U87/><E87/><V37/><F37/><W20/><G35/><T46/><D72/><U126/><E126/><V86/><F86/><W124/><G114/><T34/><D46/><U66/><E66/><V121/><F121/><W102/><G124/><T51/><D51/><U61/><E61/><V70/><F70/><W107/><G48/><T94/><D94/><U50/><E50/><V111/><F111/><W81/><G76/><T33/><D33/><U88/><E133/><V42/><F42/><W2/><G20/><T98/><D132/><U89/><E73/><V78/><F118/><W21/><G21/><T14/><D14/><U84/><E84/><V97/><F97/><N who="3" m="57503" /><G2/><T95/><D95/><U122/><E122/><V49/><F49/><W36/><G36/><T60/><D60/><U68/><E68/><V44/><F44/><W128/><G128/><T1/><D1/><N who="1" m="239" /><E74/><V79/><REACH who="2" step="1"/><F6/><REACH who="2" ten="340,81,249,320" step="2"/><W82/><G82/><T113/><D113/><U45/><E45/><V53/><F53/><W125/><G125/><T101/><D41/><U56/><E56/><AGARI ba="1,1" hai="12,15,26,27,52,54,56,58,78,79,80,83,104,106" machi="56" ten="25,6400,0" yaku="1,1,22,2,54,1,53,0" doraHai="130" doraHaiUra="47" who="2" fromWho="1" sc="340,0,81,-67,249,77,320,0" /><INIT seed="5,0,0,0,4,3" ten="340,14,326,320" oya="1" hai0="106,1,96,29,22,111,0,90,33,127,135,18,51" hai1="134,117,13,122,4,95,100,25,103,109,70,57,78" hai2="92,108,36,11,110,42,72,44,41,8,64,116,62" hai3="20,80,9,125,79,5,132,37,32,30,120,69,12"/><U107/><E117/><V47/><F116/><W17/><G120/><T126/><D111/><U61/><E122/><V60/><F72/><W129/><G69/><T85/><D135/><U114/><E70/><V50/><F62/><W91/><G37/><T35/><D106/><U76/><E134/><V14/><F92/><W68/><G68/><T56/><D96/><N who="1" m="59423" /><E107/><V48/><F36/><W7/><G132/><T87/><D87/><U58/><E109/><V66/><F60/><W115/><G115/><T124/><D29/><U55/><E114/><V26/><F14/><W82/><G129/><T112/><D112/><U98/><E25/><AGARI ba="0,0" hai="8,11,25,26,41,42,44,47,48,50,64,66,108,110" machi="25" ten="25,1600,0" yaku="22,2" doraHai="3" who="2" fromWho="1" sc="340,0,14,-16,326,16,320,0" owari="340,14.0,-2,-50.0,342,44.0,320,-8.0" /></mjloggm>