<mjloggm ver="2.3"><GO type="169" lobby="0"/><UN n0="%E3%81%BF%E3%81%8B%E3%82%82%E3%82%81" n1="%E3%83%99%E3%82%B8%E2%80%95%E3%82%BF" n2="%59%61%6E%67%6E%75%6D" n3="%E3%81%A4%E3%82%80%E3%81%90" dan="17,16,16,16" rate="2203.16,2139.79,2180.03,2050.16" sx="M,M,M,M"/><TAIKYOKU oya="0"/><INIT seed="0,0,0,2,4,19" ten="250,250,250,250" oya="0" hai0="78,133,77,74,87,45,108,98,93,119,4,73,95" hai1="127,63,134,84,15,0,25,23,48,92,29,113,27" hai2="109,6,1,67,96,128,68,5,11,80,118,18,61" hai3="21,35,101,62,64,103,90,79,41,91,2,55,17"/><T106/><D4/><U16/><E0/><V20/><F109/><W26/><G2/><T3/><D3/><U34/><E127/><V30/><F128/><W124/><G41/><T37/><D37/><U56/><E134/><V111/><F111/><W83/><G55/><T75/><D45/><U66/><E113/><V88/><F118/><W100/><G35/><T31/><D31/><U36/><E36/><V65/><F6/><W7/><G7/><T116/><D108/><U110/><E110/><V9/><F9/><W38/><G38/><T33/><D33/><U117/><E117/><N who="0" m="45129" /><D133/><U51/><REACH who="1" step="1"/><E27/><REACH who="1" ten="250,240,250,250" step="2"/><V32/><F1/><W52/><G124/><T8/><D8/><U28/><E28/><V115/><F30/><W94/><G94/><N who="0" m="35851" /><D87/><U99/><E99/><V85/><F96/><W70/><G26/><T72/><N who="0" m="18432" /><DORA hai="53" /><T47/><D47/><U125/><E125/><V69/><F85/><W135/><G135/><T54/><D54/><U24/><E24/><V58/><F11/><W123/><G52/><T114/><D114/><U59/><E59/><V40/><F58/><W104/><G70/><T22/><D22/><U50/><E50/><V121/><F20/><W129/><G21/><T10/><D10/><U57/><E57/><V81/><F68/><W43/><G64/><T12/><D12/><U126/><E126/><V97/><F65/><W86/><G86/><T131/><D131/><U82/><E82/><V46/><F67/><W39/><G83/><T42/><D42/><U44/><E44/><V60/><F40/><W130/><G130/><T49/><D49/><RYUUKYOKU ba="0,1" sc="250,15,240,15,250,-15,250,-15" hai0="77,78,98,106" hai1="15,16,23,25,29,34,48,51,56,63,66,84,92" /><INIT seed="0,1,1,0,1,9" ten="265,255,235,235" oya="0" hai0="37,101,95,58,33,8,22,62,14,78,2,11,115" hai1="119,59,110,67,122,4,18,87,135,109,89,64,88" hai2="117,116,91,96,55,6,25,63,3,0,54,20,70" hai3="53,108,52,44,123,50,79,76,43,13,32,130,103"/><T39/><D115/><U45/><E119/><N who="2" m="45643" /><F6/><W82/><G32/><T36/><D33/><U112/><E122/><V105/><F70/><W24/><G123/><T41/><D41/><U81/><E4/><V49/><F63/><W106/><G108/><N who="1" m="41578" /><E112/><V125/><F125/><W61/><G24/><T69/><D69/><U34/><E34/><V97/><F54/><W84/><G130/><T15/><D78/><U98/><E135/><V74/><F74/><W114/><G114/><T21/><D2/><N who="2" m="554" /><F91/><W30/><G76/><T1/><D1/><U107/><E45/><N who="2" m="28079" /><F105/><W47/><G30/><AGARI ba="1,1" hai="20,25,30,96,97" m="28079,554,45643" machi="30" ten="30,1000,0" yaku="12,1" doraHai="9" who="2" fromWho="3" sc="265,0,255,0,235,23,235,-13" /><INIT seed="1,0,0,0,2,65" ten="265,255,258,222" oya="1" hai0="98,83,48,47,114,104,88,12,100,89,52,9,78" hai1="94,85,55,19,39,25,62,16,87,2,61,57,63" hai2="64,14,27,59,8,75,108,99,95,117,60,30,43" hai3="71,81,93,76,7,56,21,130,115,91,96,50,40"/><U106/><E106/><V107/><F108/><W133/><G115/><T110/><D110/><U44/><E2/><V46/><F117/><W4/><G130/><T111/><D111/><U23/><E39/><V125/><F125/><W80/><G133/><T54/><D54/><U116/><E116/><V123/><F123/><W128/><G128/><T127/><D127/><U10/><E44/><V101/><F75/><W132/><G71/><T28/><D28/><U129/><E129/><V102/><F107/><W121/><G132/><T49/><D49/><U3/><E3/><V92/><F92/><W22/><G121/><T134/><D134/><U34/><E34/><V42/><F102/><W33/><G33/><T124/><D114/><U58/><E94/><V0/><F0/><W26/><G81/><T84/><REACH who="0" step="1"/><D124/><REACH who="0" ten="255,255,258,222" step="2"/><U11/><E63/><V24/><F30/><W20/><G40/><N who="2" m="15401" /><F46/><W79/><G50/><T67/><D67/><U122/><E122/><V36/><F36/><W120/><G120/><T37/><D37/><U17/><E10/><V13/><F8/><W29/><G29/><T38/><D38/><U113/><E113/><V72/><F72/><W119/><G119/><T90/><D90/><U6/><E6/><AGARI ba="0,1" hai="6,9,12,47,48,52,78,83,84,88,89,98,100,104" machi="6" ten="30,7700,0" yaku="1,1,7,1,54,2,53,0" doraHai="65" doraHaiUra="15" who="0" fromWho="1" sc="255,87,255,-77,258,0,222,0" /><INIT seed="2,0,0,4,2,24" ten="342,178,258,222" oya="2" hai0="26,0,68,30,47,17,108,33,121,76,4,48,134" hai1="11,44,58,72,106,65,83,82,25,35,117,8,87" hai2="52,62,45,92,78,14,50,23,131,73,19,127,126" hai3="27,54,9,101,32,29,111,61,7,51,112,116,63"/><V15/><F131/><W60/><G116/><T89/><D121/><U75/><E117/><V43/><F73/><W125/><G111/><T91/><D108/><U98/><E72/><V2/><F2/><W1/><G125/><N who="2" m="47625" /><F78/><W130/><G130/><T115/><D115/><U67/><E75/><V39/><F92/><W21/><G112/><T99/><D76/><U102/><E82/><V53/><F62/><W69/><G101/><T97/><D68/><U42/><E58/><N who="2" m="33047" /><F53/><W20/><REACH who="3" step="1"/><G69/><REACH who="3" ten="342,178,258,212" step="2"/><T84/><D134/><U81/><E102/><V16/><F19/><W105/><G105/><T128/><D17/><U109/><E106/><V41/><F41/><W93/><G93/><T96/><D128/><U18/><E42/><V132/><F132/><W66/><G66/><T22/><D33/><U55/><E67/><V10/><F10/><W77/><G77/><T56/><D56/><AGARI ba="0,1" hai="1,7,9,20,21,27,29,32,51,54,56,60,61,63" machi="56" ten="40,5200,0" yaku="1,1,52,1,53,1" doraHai="24" doraHaiUra="5" who="3" fromWho="0" sc="342,-52,178,0,258,0,212,62" /><INIT seed="3,0,0,5,2,27" ten="290,178,258,274" oya="3" hai0="112,96,89,97,120,58,88,111,66,82,134,15,25" hai1="129,1,127,102,73,110,131,26,29,92,103,61,85" hai2="117,10,43,128,56,4,50,68,17,59,63,79,28" hai3="40,12,2,55,130,14,133,132,114,91,107,11,5"/><W116/><G107/><T44/><D120/><U99/><E73/><V123/><F128/><N who="1" m="49225" /><E1/><V98/><F117/><W21/><G130/><T46/><D111/><U60/><E110/><V33/><F123/><W80/><G40/><T119/><D119/><U126/><E85/><V32/><F32/><W113/><G55/><T49/><D134/><N who="3" m="51817" /><G91/><N who="0" m="34891" /><D82/><U37/><E37/><V19/><F79/><W67/><G67/><T6/><D25/><U83/><E83/><V18/><F98/><N who="0" m="37994" /><D112/><N who="3" m="43113" /><G80/><T9/><D66/><U118/><E103/><V41/><F68/><W87/><G87/><T77/><D77/><U122/><E122/><V52/><F43/><W86/><G86/><T84/><D84/><U22/><E118/><V39/><F39/><W57/><G57/><T42/><D46/><U38/><E38/><V45/><F59/><AGARI ba="0,0" hai="6,9,15,42,44,49,58,59" m="37994,34891" machi="59" ten="30,2000,0" yaku="8,1,54,1" doraHai="27" who="0" fromWho="2" sc="290,20,178,0,258,-20,274,0" /><INIT seed="4,0,0,1,1,33" ten="310,178,238,274" oya="0" hai0="35,60,116,121,47,108,12,104,67,61,114,42,31" hai1="94,76,1,91,87,34,90,21,17,69,11,135,129" hai2="64,131,26,92,103,30,52,126,9,122,13,115,62" hai3="20,66,25,32,63,73,71,8,80,106,29,24,124"/><T112/><D116/><U100/><E34/><V37/><F115/><N who="0" m="44074" /><D121/><U84/><E69/><V82/><F131/><W43/><G124/><T7/><D104/><U15/><E129/><V0/><F126/><W22/><G43/><T83/><D108/><U68/><E68/><V111/><F37/><W65/><G65/><T120/><D120/><U48/><E135/><V110/><F122/><W123/><G123/><T5/><D83/><U125/><E125/><V128/><F82/><W101/><G25/><N who="0" m="18927" /><D12/><U6/><E76/><V2/><F128/><W93/><G93/><T70/><D61/><U89/><REACH who="1" step="1"/><E48/><AGARI ba="0,0" hai="5,7,42,47,48,60,67,70" m="18927,44074" machi="48" ten="30,1500,0" yaku="15,1" doraHai="33" who="0" fromWho="1" sc="310,15,178,-15,238,0,274,0" /><INIT seed="4,1,0,1,2,15" ten="325,163,238,274" oya="0" hai0="135,70,75,89,11,97,106,129,98,27,5,115,48" hai1="117,100,108,107,123,120,22,88,23,16,69,85,36" hai2="79,62,46,127,119,40,114,41,39,1,0,128,72" hai3="86,61,31,131,96,26,109,63,91,45,60,30,101"/><T51/><D115/><U132/><E108/><V95/><F128/><W28/><G109/><T118/><D118/><U105/><E117/><V122/><F127/><W42/><G131/><T3/><D129/><U82/><E69/><V103/><F114/><W74/><G74/><T54/><D70/><U52/><E36/><V116/><F122/><W59/><G59/><T76/><D135/><U90/><E132/><V56/><F40/><W34/><G86/><T6/><D6/><U49/><E23/><V81/><F103/><W124/><G91/><T71/><D71/><U112/><E112/><V17/><F95/><W65/><G65/><T113/><D89/><U7/><E7/><V93/><F93/><W78/><G78/><T24/><D51/><U37/><E37/><V68/><F68/><W18/><G124/><T73/><D98/><U67/><E67/><V12/><F119/><W50/><G34/><T19/><D24/><U77/><E90/><V43/><F43/><W9/><G96/><T66/><D66/><U47/><E77/><V14/><F14/><N who="3" m="7503" /><G26/><T25/><D25/><U84/><E84/><V126/><F126/><W102/><AGARI ba="1,0" hai="28,30,31,42,45,50,60,61,63,101,102" m="7503" machi="102" ten="40,2700,0" yaku="8,1,52,1" doraHai="15" who="3" fromWho="3" sc="325,-14,163,-8,238,-8,274,30" /><INIT seed="5,0,0,4,4,18" ten="311,155,230,304" oya="1" hai0="118,84,67,114,116,76,12,95,115,83,100,59,126" hai1="43,34,93,63,99,105,44,22,47,127,33,89,32" hai2="0,72,15,120,40,94,79,134,106,5,37,6,56" hai3="113,45,4,81,133,108,73,23,88,36,96,98,122"/><U46/><E127/><V77/><F106/><W80/><G108/><T90/><D12/><U48/><E105/><V82/><F134/><W129/><G122/><T39/><D39/><U97/><E97/><V71/><F71/><W75/><G36/><T7/><D7/><U13/><REACH who="1" step="1"/><E63/><REACH who="1" ten="311,145,230,304" step="2"/><V66/><F120/><W21/><G98/><T112/><D126/><U102/><E102/><V10/><F0/><W111/><G96/><N who="0" m="57463" /><D100/><U135/><E135/><V92/><F77/><W101/><G101/><T109/><D109/><U131/><E131/><V125/><F125/><W132/><G111/><T64/><D118/><U121/><E121/><V58/><F79/><W35/><G129/><T65/><D116/><U86/><E86/><V8/><F72/><W55/><G132/><T68/><D68/><U85/><E85/><V123/><F123/><W28/><G133/><T103/><D103/><U78/><E78/><V53/><F5/><W54/><G4/><T110/><D110/><U25/><E25/><V19/><F6/><W70/><G70/><T128/><D128/><U50/><E50/><V29/><F37/><W16/><G75/><T2/><D2/><U57/><E57/><AGARI ba="0,1" hai="57,59,64,65,67,76,83,84,112,114,115" m="57463" machi="57" ten="40,1300,0" yaku="15,1" doraHai="18" who="0" fromWho="1" sc="311,23,145,-13,230,0,304,0" /><INIT seed="6,0,0,5,5,20" ten="334,132,230,304" oya="2" hai0="72,108,109,5,79,100,93,4,18,32,29,50,119" hai1="126,84,40,30,131,133,78,53,37,54,34,42,91" hai2="64,134,59,63,39,104,110,92,81,66,52,117,87" hai3="101,9,89,122,13,113,12,116,57,36,85,103,60"/><V51/><F117/><W124/><G116/><T123/><D119/><U61/><E78/><V74/><F104/><W97/><G122/><T23/><D123/><U62/><E126/><V24/><F134/><W1/><G36/><T95/><D72/><U71/><E133/><V8/><F39/><W56/><G56/><T114/><D79/><U22/><E34/><V0/><F74/><W80/><G124/><T46/><D32/><U99/><E131/><V17/><F110/><W26/><G1/><T107/><D29/><U127/><E99/><V38/><F38/><W21/><G113/><T83/><D83/><U77/><E77/><N who="2" m="46511" /><F0/><W31/><G9/><T86/><D107/><U130/><E130/><V48/><F92/><N who="3" m="58535" /><G103/><T82/><D114/><U94/><E127/><V25/><F48/><W128/><G128/><T132/><D132/><U6/><E6/><N who="0" m="2665" /><D100/><U33/><E33/><V90/><F90/><W14/><G14/><T68/><D68/><U129/><E129/><V27/><F51/><W7/><G7/><T65/><D109/><U120/><E120/><V112/><F112/><W67/><AGARI ba="0,0" hai="12,13,21,26,31,57,60,67,80,85,89" m="58535" machi="67" ten="30,4000,0" yaku="25,1,8,1,52,1" doraHai="20" who="3" fromWho="3" sc="334,-10,132,-10,230,-20,304,40" /><INIT seed="7,0,0,5,4,29" ten="324,122,210,344" oya="3" hai0="14,133,85,110,111,31,45,13,120,91,83,116,132" hai1="42,92,81,34,15,36,119,127,19,44,134,17,41" hai2="122,23,48,35,78,95,86,131,53,71,99,64,117" hai3="24,33,51,10,16,93,4,40,88,79,94,80,63"/><W61/><G33/><T96/><D116/><U104/><E104/><V27/><F117/><W20/><G40/><T58/><D120/><U3/><E3/><V43/><F131/><W18/><G18/><T102/><D31/><U84/><E127/><V54/><F35/><W115/><G115/><T49/><D110/><U57/><E134/><V68/><F43/><W105/><G51/><T60/><D111/><U66/><E119/><V128/><F128/><W72/><G94/><T135/><D49/><U46/><E92/><V109/><F122/><W38/><G105/><T39/><D39/><U47/><E34/><V11/><F54/><W21/><G21/><T123/><D45/><U118/><E118/><V76/><F64/><W114/><G38/><T129/><D123/><U28/><E28/><V8/><F68/><W5/><G5/><T55/><REACH who="0" step="1"/><D129/><REACH who="0" ten="314,122,210,344" step="2"/><U70/><E70/><V7/><F71/><W65/><G114/><T22/><D22/><U62/><E36/><V26/><F23/><W124/><G124/><T82/><D82/><U98/><E98/><V74/><F99/><W121/><G121/><T69/><D69/><U67/><E67/><V112/><F112/><W59/><G65/><T97/><D97/><U12/><E12/><V1/><F1/><W87/><G59/><T130/><D130/><U75/><E75/><V2/><F2/><AGARI ba="0,1" hai="2,4,10,16,20,24,61,63,72,79,80,87,88,93" machi="2" ten="30,5800,0" yaku="7,1,54,2" doraHai="29" who="3" fromWho="2" sc="314,0,122,0,210,-58,344,68" owari="314,11.0,122,-38.0,152,-25.0,412,52.0" /></mjloggm>