<mjloggm ver="2.3"><GO type="169" lobby="0"/><UN n0="%E3%82%B7%E3%83%B3%E3%83%95%E3%82%A9%E3%83%8B%E3%82%A2" n1="%E3%82%AA%E3%82%AA%E3%82%AB%E3%83%9F%E5%85%88%E7%94%9F" n2="%E3%81%8B%E3%81%A5%E3%81%8D%EF%BC%B8%EF%BC%A9" n3="%E3%83%8E%E3%82%AA%E3%83%81%E3%83%A3%E3%83%99%E3%82%B9" dan="18,16,17,16" rate="2242.92,2108.28,2132.52,2076.98" sx="M,F,M,M"/><TAIKYOKU oya="0"/><INIT seed="0,0,0,5,2,33" ten="250,250,250,250" oya="0" hai0="15,119,98,77,103,36,14,28,7,72,64,32,108" hai1="20,88,24,70,44,48,117,129,104,12,47,97,73" hai2="101,19,23,2,22,134,116,46,114,127,42,126,6" hai3="78,61,41,125,63,45,50,29,107,68,49,106,105"/><T71/><D119/><U16/><E117/><V9/><F114/><W89/><G78/><T58/><D36/><U130/><E70/><V120/><F101/><W83/><G68/><T100/><D58/><U76/><E73/><V112/><F112/><W43/><G29/><T82/><D103/><U25/><E76/><V75/><F75/><W66/><G66/><T60/><D7/><U18/><E104/><V95/><F95/><W85/><G125/><N who="2" m="47625" /><F46/><AGARI ba="0,0" hai="41,43,45,46,49,50,61,63,83,85,89,105,106,107" machi="46" ten="40,1300,0" yaku="9,1" doraHai="33" who="3" fromWho="2" sc="250,0,250,0,250,-13,250,13" /><INIT seed="1,0,0,3,4,123" ten="250,250,237,263" oya="1" hai0="32,107,95,133,4,84,135,58,71,129,121,11,41" hai1="46,27,99,2,43,78,68,111,101,104,20,23,7" hai2="55,103,88,120,42,82,35,51,39,110,9,131,13" hai3="109,62,16,113,72,134,29,119,18,0,125,22,19"/><U14/><E68/><V50/><F35/><W115/><G72/><T3/><D71/><U47/><E2/><V69/><F69/><W12/><G62/><T85/><D107/><U75/><E75/><V52/><F120/><W112/><G0/><T33/><D121/><U10/><E78/><V105/><F131/><W94/><G94/><T63/><D41/><U79/><E79/><V25/><F105/><W106/><G106/><T64/><D129/><U122/><E122/><V26/><F103/><W28/><G125/><T92/><D92/><U108/><E47/><N who="2" m="27775" /><F110/><N who="1" m="42025" /><E27/><V116/><F42/><W132/><G119/><T97/><D3/><U126/><E126/><V128/><F128/><W67/><G67/><T17/><D64/><U114/><E114/><V127/><F116/><W80/><G80/><T56/><D56/><U74/><E74/><V38/><F38/><AGARI ba="0,0" hai="7,10,14,20,23,38,43,46,99,101,104" m="42025" machi="38" ten="30,12000,1" yaku="14,1,10,1,52,3" doraHai="123" who="1" fromWho="2" sc="250,0,250,120,237,-120,263,0" /><INIT seed="1,1,0,5,1,69" ten="250,370,117,263" oya="1" hai0="38,109,13,68,31,79,59,34,67,111,128,87,81" hai1="113,4,133,9,98,115,82,95,77,112,135,93,94" hai2="72,130,96,65,30,1,40,12,63,58,105,76,17" hai3="73,27,86,129,88,122,103,14,26,41,49,117,19"/><U15/><REACH who="1" step="1"/><E98/><REACH who="1" ten="250,360,117,263" step="2"/><V54/><F96/><W126/><G122/><T89/><D111/><U119/><E119/><V51/><F130/><W83/><G129/><T52/><D109/><U78/><E78/><V84/><F76/><W80/><G117/><T123/><D128/><U42/><E42/><V100/><F40/><W62/><G126/><T53/><D79/><U8/><E8/><V101/><F72/><AGARI ba="1,1" hai="4,9,15,72,77,82,93,94,95,112,113,115,133,135" machi="72" ten="50,4800,0" yaku="21,2,53,0" doraHai="69" doraHaiUra="29" who="1" fromWho="2" sc="250,0,360,61,117,-51,263,0" /><INIT seed="1,2,0,0,4,0" ten="250,421,66,263" oya="1" hai0="72,16,102,56,101,129,130,132,83,26,59,117,43" hai1="14,121,10,78,75,33,7,31,77,106,28,60,37" hai2="6,123,49,11,118,69,122,67,5,93,52,115,127" hai3="23,135,95,62,107,124,19,50,119,99,39,1,63"/><U21/><E106/><V27/><F118/><W91/><G39/><T42/><D117/><U70/><E37/><V48/><F127/><W32/><G32/><T9/><D72/><U89/><E121/><V40/><F115/><W113/><G113/><T84/><D132/><U8/><E33/><V15/><F49/><W82/><G124/><T46/><D102/><U36/><E36/><V54/><F40/><W34/><G34/><T12/><D101/><U80/><E77/><V92/><F27/><W128/><G107/><T96/><D96/><U90/><E10/><V64/><F11/><W108/><G135/><T116/><D116/><U35/><E35/><V74/><F48/><W22/><G1/><T133/><D133/><U134/><E134/><V61/><F15/><W71/><G71/><T13/><D26/><U17/><E31/><V18/><F18/><W25/><G119/><T98/><D98/><U94/><E28/><V111/><F69/><W65/><G65/><T114/><D114/><U87/><E75/><V58/><F58/><N who="0" m="22058" /><D12/><N who="1" m="5151" /><E70/><V4/><F74/><W85/><G23/><T86/><D130/><U125/><E125/><V30/><F30/><W73/><G128/><T44/><D129/><U109/><E109/><V20/><F20/><W2/><G2/><T104/><D9/><U3/><E3/><V120/><F111/><W88/><G108/><T112/><D112/><U55/><E94/><N who="2" m="36459" /><F61/><N who="3" m="23051" /><G73/><T41/><D104/><U45/><E60/><V126/><F126/><W66/><G66/><AGARI ba="2,0" hai="4,5,6,52,54,64,66,67,120,122,123" m="36459" machi="66" ten="40,12000,2" yaku="28,2,52,3,54,1" doraHai="0" who="2" fromWho="3" sc="250,0,421,0,66,126,263,-126" /><INIT seed="2,0,0,3,4,96" ten="250,421,192,137" oya="2" hai0="113,49,24,118,90,71,68,134,28,52,61,44,55" hai1="43,3,108,65,53,76,19,107,83,34,86,18,127" hai2="81,94,77,75,103,128,22,78,54,70,121,27,13" hai3="98,101,38,21,131,132,120,93,40,97,106,51,7"/><V16/><F70/><W117/><G38/><T85/><D113/><U91/><E108/><V31/><F121/><W41/><G120/><T135/><D118/><U26/><E127/><V11/><F128/><W109/><G117/><T125/><D125/><U133/><E133/><N who="0" m="50697" /><D55/><U130/><E3/><V8/><F78/><W99/><G109/><T124/><D61/><U0/><E0/><V50/><F94/><W104/><G132/><T80/><D124/><U1/><E1/><V73/><F103/><W119/><G119/><T56/><D56/><U45/><E65/><V33/><REACH who="2" step="1"/><F75/><REACH who="2" ten="250,421,182,137" step="2"/><W92/><G131/><T20/><AGARI ba="0,1" hai="20,24,28,44,49,52,68,71,80,85,90" m="50697" machi="20" ten="30,2000,0" yaku="20,1,54,1" doraHai="96" who="0" fromWho="0" sc="250,30,421,-5,182,-10,137,-5" /><INIT seed="3,0,0,2,5,23" ten="280,416,172,132" oya="3" hai0="22,106,53,1,75,103,125,7,56,128,98,67,43" hai1="50,132,134,120,107,121,71,27,3,37,47,100,129" hai2="32,69,21,24,80,10,111,57,45,79,58,123,109" hai3="78,19,0,95,101,104,6,117,59,118,54,94,26"/><W126/><G104/><T49/><D75/><U28/><E3/><V91/><F32/><W88/><G78/><T84/><D128/><U2/><E129/><V130/><F69/><W110/><G126/><T41/><D125/><U122/><E2/><V46/><F130/><W5/><G110/><N who="2" m="41993" /><F91/><W131/><G131/><T39/><D39/><U82/><E71/><V115/><F10/><W93/><G118/><T11/><D67/><U29/><E29/><N who="2" m="17551" /><F115/><W89/><G117/><T65/><D65/><U96/><E82/><V119/><F123/><W31/><G19/><T86/><D86/><U108/><E108/><V60/><F119/><W74/><G74/><T12/><D84/><U30/><E30/><V66/><F58/><W85/><G101/><T14/><D1/><U105/><E105/><V133/><F133/><W44/><G44/><T15/><D15/><U9/><E9/><V52/><F66/><W113/><G113/><T92/><D106/><U77/><E77/><V36/><F36/><W102/><G102/><T83/><D83/><U16/><E37/><V76/><F76/><W25/><G0/><T68/><D68/><U61/><E132/><V97/><F97/><N who="3" m="57511" /><G95/><T72/><D72/><AGARI ba="0,0" hai="45,46,52,57,60,72,79,80" m="17551,41993" machi="72" ten="30,3900,0" yaku="14,1,52,1,54,1" doraHai="23" who="2" fromWho="0" sc="280,-39,416,0,172,39,132,0" /><INIT seed="4,0,0,4,1,98" ten="241,416,211,132" oya="0" hai0="37,46,14,127,86,24,81,20,36,107,44,103,68" hai1="134,111,12,112,11,17,3,89,94,77,30,18,93" hai2="49,52,58,91,25,96,66,88,39,33,13,126,110" hai3="132,119,80,117,42,8,56,16,29,72,135,26,32"/><T67/><D127/><U57/><E111/><V76/><F39/><W43/><G56/><T69/><D14/><U28/><E134/><N who="3" m="51242" /><G72/><T7/><D7/><U61/><E3/><V70/><F126/><W87/><G43/><T123/><D123/><U118/><E118/><N who="3" m="45066" /><G42/><T128/><D128/><U102/><E77/><V4/><F110/><W21/><G80/><T101/><D107/><U40/><E40/><V105/><F76/><W129/><G87/><T83/><D20/><U55/><E18/><V74/><F74/><W131/><G8/><T104/><D104/><U116/><E116/><V22/><F70/><W48/><G48/><T92/><D86/><U5/><E57/><V113/><F66/><W35/><G35/><T10/><D10/><U108/><E55/><V106/><F33/><W63/><G63/><T85/><D85/><U53/><E53/><V45/><F58/><W0/><G0/><T59/><D59/><U64/><E61/><V31/><F105/><W54/><G54/><T27/><D92/><U51/><E93/><V122/><F52/><W1/><G1/><T121/><D121/><U47/><E94/><V124/><F106/><W2/><G2/><T9/><D9/><U95/><E95/><V62/><F62/><W120/><G120/><T133/><D133/><U99/><E11/><N who="2" m="4327" /><F122/><W41/><G41/><T109/><D109/><U60/><E108/><V50/><F50/><W130/><G130/><T65/><AGARI ba="0,0" hai="24,27,36,37,44,46,65,67,68,69,81,83,101,103" machi="65" ten="25,12000,1" yaku="0,1,22,2,52,2" doraHai="98" who="0" fromWho="0" sc="241,120,416,-40,211,-40,132,-40" /><INIT seed="4,1,0,4,0,21" ten="361,376,171,92" oya="0" hai0="120,13,135,41,128,115,33,73,88,130,85,0,66" hai1="81,63,126,75,69,112,101,9,90,43,132,129,2" hai2="65,18,27,80,118,55,95,92,15,17,82,58,100" hai3="93,24,106,20,122,39,76,57,42,89,54,102,103"/><T26/><D0/><U121/><E90/><V11/><F65/><W91/><G76/><T38/><D73/><U25/><E101/><V6/><F118/><W59/><G122/><T107/><D120/><U79/><E43/><V47/><F47/><W131/><G131/><N who="0" m="50219" /><D107/><U45/><E45/><V1/><F1/><W72/><G72/><T28/><D115/><U14/><E63/><V134/><F134/><W111/><G111/><T67/><D135/><U71/><E81/><N who="2" m="31339" /><F100/><W124/><G91/><T32/><D32/><U77/><E9/><V4/><F95/><W127/><G42/><T96/><D96/><U61/><E77/><V36/><F92/><W70/><G70/><T56/><D13/><U23/><E79/><V46/><F46/><W116/><G116/><T104/><D104/><U51/><E14/><V3/><F3/><W98/><G39/><T5/><D41/><U53/><E71/><V117/><F117/><W49/><G59/><T83/><D38/><U52/><E69/><V78/><F78/><W86/><REACH who="3" step="1"/><G102/><REACH who="3" ten="361,376,171,82" step="2"/><T48/><D56/><U94/><E121/><V110/><F110/><W99/><G99/><T29/><D88/><U87/><E75/><V34/><F36/><W123/><G123/><T31/><D83/><U109/><E109/><V114/><F58/><W60/><G60/><T119/><D119/><U108/><E61/><V84/><F114/><W37/><G37/><T113/><D85/><U10/><E108/><V16/><F84/><W22/><G22/><T68/><D68/><U62/><E62/><V35/><F34/><W64/><G64/><RYUUKYOKU ba="1,1" sc="361,-10,376,-10,171,-10,82,30" hai3="20,24,49,54,57,86,89,93,98,103,106,124,127" /><INIT seed="5,2,1,0,4,110" ten="351,366,161,112" oya="1" hai0="50,78,66,81,24,73,71,27,93,107,132,54,45" hai1="6,39,61,21,14,125,70,77,59,10,99,22,2" hai2="131,129,121,114,16,115,108,98,43,57,75,4,94" hai3="118,67,7,9,119,106,52,13,60,109,91,80,87"/><U97/><E125/><V63/><F4/><W111/><G106/><T28/><D107/><U86/><E39/><V102/><F75/><W124/><G124/><T25/><D132/><U90/><E70/><V130/><F43/><W30/><G30/><T72/><D72/><U134/><E134/><V32/><F32/><W31/><G31/><T3/><D3/><U88/><E77/><V83/><F83/><W49/><G109/><T127/><D127/><U79/><E79/><V20/><F121/><W96/><G111/><T76/><D76/><U112/><E112/><N who="2" m="43051" /><F108/><W100/><G96/><N who="1" m="36938" /><E2/><V122/><F122/><W58/><REACH who="3" step="1"/><G100/><REACH who="3" ten="351,366,161,102" step="2"/><T47/><D73/><U69/><E69/><AGARI ba="2,2" hai="7,9,13,49,52,58,60,67,69,80,87,91,118,119" machi="69" ten="40,8000,1" yaku="1,1,2,1,54,1,53,1" doraHai="110" doraHaiUra="85" who="3" fromWho="1" sc="351,0,366,-86,161,0,102,106" /><INIT seed="6,0,0,3,5,32" ten="351,280,161,208" oya="2" hai0="36,41,109,75,102,112,38,87,107,56,97,121,126" hai1="6,116,29,125,98,92,0,118,61,5,30,60,26" hai2="122,70,130,133,22,18,68,110,16,8,95,96,54" hai3="52,40,85,127,37,17,28,94,65,82,63,51,47"/><V86/><F122/><W129/><G127/><T99/><D121/><U72/><E125/><V131/><F133/><W55/><G129/><N who="2" m="49161" /><F86/><W105/><G105/><T15/><D107/><U35/><E72/><V71/><F110/><W31/><G94/><T2/><D87/><U24/><E116/><V103/><F8/><W20/><G55/><T4/><D75/><U88/><E118/><V7/><F7/><W78/><G40/><T50/><D41/><U62/><REACH who="1" step="1"/><E0/><REACH who="1" ten="351,270,161,208" step="2"/><V1/><F1/><W21/><G37/><T48/><D36/><U3/><E3/><V108/><F108/><W67/><G21/><AGARI ba="0,1" hai="5,6,21,24,26,29,30,35,60,61,62,88,92,98" machi="21" ten="40,5200,0" yaku="1,1,54,1,53,1" doraHai="32" doraHaiUra="89" who="1" fromWho="3" sc="351,0,270,62,161,0,208,-52" /><INIT seed="7,0,0,5,4,117" ten="351,332,161,156" oya="3" hai0="68,56,41,103,133,91,128,35,67,87,114,11,129" hai1="64,1,47,93,42,72,118,112,29,48,81,32,86" hai2="33,122,104,123,10,82,120,116,45,36,0,15,37" hai3="85,60,106,95,49,132,34,58,88,16,5,43,135"/><W84/><G34/><T130/><D114/><U44/><E112/><V30/><F104/><W57/><G5/><T38/><D133/><N who="3" m="51273" /><G106/><T70/><D35/><U69/><E118/><V94/><F116/><W101/><G101/><T89/><D103/><U113/><E113/><V63/><F0/><W121/><G121/><T71/><D11/><U19/><E1/><V27/><F94/><W25/><G85/><T2/><D2/><U100/><E69/><V53/><F82/><W13/><G25/><T4/><D4/><U55/><E19/><N who="2" m="8695" /><F63/><W127/><G127/><T59/><D67/><U50/><E64/><V107/><F107/><W79/><G79/><T31/><D31/><U65/><E65/><V74/><F74/><W23/><G60/><T22/><D87/><U9/><E72/><V61/><F61/><W40/><G58/><T99/><D59/><U26/><E100/><V14/><F14/><W83/><G83/><T6/><D56/><U78/><E93/><V17/><F17/><W20/><G20/><T110/><D22/><U76/><E9/><V3/><F3/><W97/><G97/><T51/><D99/><U96/><REACH who="1" step="1"/><E96/><REACH who="1" ten="351,322,161,156" step="2"/><V131/><F131/><W105/><G105/><T52/><D130/><U125/><E125/><V90/><F122/><W80/><G80/><T102/><D129/><U28/><E28/><V126/><F126/><W92/><G92/><T46/><D128/><U66/><E66/><V109/><F123/><W134/><N who="3" m="51281" /><W98/><DORA hai="73" /><G98/><T115/><D102/><U12/><E12/><V124/><F120/><W54/><AGARI ba="0,1" hai="13,16,23,40,43,49,54,57,84,88,95" m="51281" machi="54" ten="40,12000,1" yaku="5,1,25,1,20,1,54,2" doraHai="117,73" who="3" fromWho="3" sc="351,-40,322,-40,161,-40,156,130" /><INIT seed="7,1,0,2,3,61" ten="311,282,121,286" oya="3" hai0="21,134,12,122,52,132,66,106,107,94,72,70,82" hai1="38,86,99,4,96,128,125,42,46,117,102,121,100" hai2="16,115,20,14,111,29,50,81,10,71,27,18,104" hai3="19,91,80,37,123,11,41,26,36,24,73,32,17"/><W63/><G123/><T28/><D66/><U30/><E121/><V78/><F104/><W133/><G133/><N who="0" m="51307" /><D70/><U48/><E125/><V126/><F111/><W54/><G41/><T127/><D127/><U130/><E117/><V74/><F126/><W101/><G101/><N who="1" m="39018" /><E30/><V68/><F115/><W89/><G32/><T40/><D122/><U5/><E38/><V83/><F81/><W47/><G73/><T9/><D40/><U69/><E69/><V33/><REACH who="2" step="1"/><F50/><REACH who="2" ten="311,282,111,286" step="2"/><N who="3" m="29023" /><G37/><T65/><D82/><U77/><E128/><V44/><F44/><W1/><G36/><T103/><D107/><U56/><E130/><V8/><F8/><W2/><G80/><T109/><D9/><U129/><E129/><V79/><F79/><W39/><G39/><T95/><D106/><U105/><E105/><V75/><F75/><W112/><G112/><T51/><D72/><U87/><E77/><V120/><F120/><W98/><G11/><T7/><D51/><U85/><E56/><V13/><AGARI ba="1,1" hai="10,13,14,16,18,20,27,29,33,68,71,74,78,83" machi="13" ten="20,5200,0" yaku="1,1,0,1,7,1,54,1,53,0" doraHai="61" doraHaiUra="55" who="2" fromWho="2" sc="311,-14,282,-14,111,65,286,-27" /><INIT seed="8,0,0,5,0,20" ten="297,268,176,259" oya="0" hai0="57,120,93,0,80,44,117,97,36,53,58,45,130" hai1="22,86,6,107,48,61,42,99,135,66,87,43,108" hai2="59,65,75,123,118,112,11,2,67,124,106,128,55" hai3="26,13,27,9,28,1,96,12,79,91,127,25,69"/><T23/><D117/><U92/><E108/><V84/><F75/><W63/><G79/><T3/><D120/><U14/><E135/><V46/><F106/><W113/><G113/><T115/><D115/><U19/><E107/><V10/><F112/><W17/><G1/><T129/><D80/><U15/><E15/><V16/><F123/><W49/><G127/><T105/><D105/><U133/><E6/><V77/><F124/><W126/><G126/><T29/><D23/><U90/><E133/><V98/><F128/><N who="0" m="49258" /><D57/><U68/><E87/><V24/><F2/><N who="0" m="554" /><D29/><U33/><E33/><V82/><F46/><W101/><G91/><N who="0" m="55487" /><D36/><U104/><E104/><V47/><F47/><W132/><G132/><T50/><AGARI ba="0,0" hai="44,45,50,53,58" m="55487,554,49258" machi="50" ten="30,1500,0" yaku="19,1" doraHai="20" who="0" fromWho="0" sc="297,15,268,-5,176,-5,259,-5" owari="312,42.0,263,6.0,171,-33.0,254,-15.0" /></mjloggm>