<mjloggm ver="2.3"><GO type="185" lobby="0"/><UN n0="%E5%A4%9A%E6%9E%97%E6%99%8B" n1="%E8%99%B9%E9%87%8E%E3%82%86%E3%82%81" n2="%E4%B8%8D%E5%B9%B8%E7%94%9F%E5%91%BD%E4%BD%93" n3="" dan="16,16,16,0" rate="2208.41,2145.92,2154.13,1500.00" sx="M,F,M,C"/><TAIKYOKU oya="0"/><INIT seed="0,0,0,1,1,64" ten="350,350,350,0" oya="0" hai0="100,75,67,3,53,79,117,49,110,34,109,121,97" hai1="91,89,130,68,42,59,101,41,52,128,63,72,120" hai2="98,48,78,94,58,51,46,118,115,77,39,123,104" hai3=""/><T66/><N who="0" m="31008" /><T99/><D3/><U87/><N who="1" m="30752" /><U81/><E101/><V35/><N who="2" m="31520" /><V74/><F115/><T116/><D34/><U105/><E105/><V56/><F118/><T92/><D79/><U84/><E72/><V45/><F39/><T113/><D75/><U69/><E41/><V50/><F35/><T40/><D40/><U96/><E96/><V80/><F104/><T88/><D113/><U1/><E42/><V106/><F106/><T85/><D97/><U133/><E133/><V125/><F125/><T60/><D117/><U135/><E135/><V38/><F38/><T47/><D116/><U112/><E1/><V61/><F78/><T93/><REACH who="0" step="1"/><D66/><REACH who="0" ten="340,350,350,0" step="2"/><U86/><E112/><V124/><F124/><T62/><D62/><U90/><REACH who="1" step="1"/><E81/><REACH who="1" ten="340,340,350,0" step="2"/><V55/><F98/><T71/><AGARI ba="0,2" hai="47,49,53,60,67,71,85,88,92,93,99,100,109,110" m="31008" machi="71" ten="30,12000,2" yaku="1,1,0,1,52,2,54,1,53,1" doraHai="64" doraHaiUra="44" who="0" fromWho="0" sc="340,140,340,-60,350,-60,0,0" /><INIT seed="0,1,0,4,2,84" ten="480,280,290,0" oya="0" hai0="41,127,132,88,90,64,133,48,55,135,112,113,60" hai1="52,59,65,102,101,116,63,89,34,70,99,108,123" hai2="51,125,105,77,50,79,43,124,69,42,83,131,128" hai3=""/><T54/><D127/><N who="2" m="48714" /><F105/><T122/><N who="0" m="31264" /><T98/><D41/><N who="2" m="15370" /><F83/><T49/><D98/><U53/><N who="1" m="31520" /><U58/><E116/><V94/><F94/><T110/><D110/><U118/><E118/><V39/><F39/><T93/><D48/><N who="2" m="18474" /><F69/><T38/><D38/><U107/><E108/><V86/><F86/><T85/><D90/><U134/><E34/><V115/><F115/><N who="0" m="44106" /><D49/><U40/><E99/><V35/><F35/><T45/><D45/><U126/><E126/><V95/><F95/><T68/><AGARI ba="1,0" hai="54,55,60,64,68,85,88,93,132,133,135" m="44106,31264" machi="68" ten="40,8000,1" yaku="20,1,52,2,54,1" doraHai="84" who="0" fromWho="0" sc="480,82,280,-41,290,-41,0,0" /><INIT seed="0,2,0,2,3,66" ten="562,239,249,0" oya="0" hai0="101,64,37,122,92,57,56,93,86,80,85,99,98" hai1="77,0,112,103,97,118,127,36,106,110,74,59,51" hai2="68,2,115,94,43,131,58,62,121,55,69,42,47" hai3=""/><T78/><N who="0" m="31264" /><T76/><D37/><U71/><E51/><V50/><N who="2" m="31008" /><V124/><F2/><T1/><D1/><U88/><E88/><V113/><F94/><T111/><D111/><U119/><E59/><V67/><F131/><T49/><D64/><U73/><E97/><V89/><F89/><T84/><D49/><U87/><E87/><N who="0" m="33353" /><D76/><U116/><E77/><V61/><F124/><T65/><D65/><U132/><E118/><V79/><F79/><T126/><D126/><U39/><E39/><V41/><F115/><T52/><D52/><U100/><E119/><V117/><F113/><T63/><D63/><U75/><E127/><V46/><F117/><T130/><D130/><U33/><E116/><V134/><F134/><T35/><D35/><U44/><E132/><V96/><F96/><T40/><D40/><N who="2" m="15466" /><F61/><T81/><D81/><U102/><E112/><V95/><F95/><T128/><D128/><U38/><E0/><V109/><F109/><T90/><AGARI ba="2,0" hai="56,57,78,80,86,90,92,93,98,99,101" m="33353,31264" machi="90" ten="30,2000,0" yaku="8,1,52,1" doraHai="66" who="0" fromWho="0" sc="562,24,239,-12,249,-12,0,0" /><INIT seed="0,3,0,3,3,73" ten="586,227,237,0" oya="0" hai0="122,117,96,108,47,114,118,107,54,88,125,92,93" hai1="85,67,111,133,65,34,124,113,87,41,77,50,128" hai2="109,90,74,129,40,105,82,42,0,101,127,72,64" hai3=""/><T119/><N who="0" m="31264" /><T36/><D114/><U84/><E34/><V53/><F129/><T75/><D107/><U91/><E128/><V63/><F127/><T83/><D125/><U56/><E124/><V37/><F109/><T38/><D108/><U86/><E111/><V99/><F0/><T70/><D70/><U66/><E133/><V61/><F53/><T58/><D47/><U80/><E113/><V79/><F74/><T100/><D83/><U59/><E91/><V78/><F78/><T60/><REACH who="0" step="1"/><D75/><REACH who="0" ten="576,227,237,0" step="2"/><U89/><E77/><V32/><F32/><T94/><D94/><U33/><E33/><V98/><F82/><T102/><D102/><U46/><AGARI ba="3,1" hai="41,46,50,56,59,65,66,67,80,84,85,86,87,89" machi="46" ten="40,2000,0" yaku="0,1,8,1" doraHai="73" who="1" fromWho="1" sc="576,-16,227,36,237,-10,0,0" /><INIT seed="1,0,0,5,2,45" ten="560,263,227,0" oya="1" hai0="44,116,105,91,107,94,79,88,64,120,34,100,124" hai1="73,53,128,33,46,104,98,70,42,56,62,112,131" hai2="37,130,81,75,0,97,47,55,35,36,3,114,126" hai3=""/><U63/><E33/><V61/><F130/><N who="1" m="49705" /><E73/><V90/><F126/><T135/><N who="0" m="30752" /><T129/><D34/><U86/><E112/><V60/><F114/><T68/><D124/><U113/><E113/><V134/><F134/><T72/><D135/><U109/><E109/><V76/><F35/><T115/><D115/><U108/><E108/><V58/><F61/><T122/><N who="0" m="31264" /><T123/><N who="0" m="31520" /><T78/><D129/><U1/><E1/><V106/><F37/><T125/><D125/><U43/><E86/><V103/><F36/><T71/><D116/><U59/><E70/><N who="0" m="26665" /><D44/><U110/><E46/><V102/><F102/><T121/><N who="0" m="31008" /><T132/><D64/><U66/><E110/><V82/><F47/><T65/><D65/><U92/><E104/><N who="0" m="40009" /><D100/><AGARI ba="0,0" hai="42,43,53,56,59,62,63,66,92,98,100" m="49705" machi="100" ten="30,1500,0" yaku="19,1" doraHai="45" who="1" fromWho="0" sc="560,-15,263,15,227,0,0,0" /><INIT seed="1,1,0,1,4,3" ten="545,278,227,0" oya="1" hai0="56,43,131,73,33,64,85,62,72,132,94,82,70" hai1="98,99,87,59,37,36,38,40,100,95,97,119,55" hai2="86,96,130,84,35,133,54,114,39,81,63,121,135" hai3=""/><U125/><E119/><V32/><N who="2" m="31008" /><V102/><F39/><T127/><D132/><N who="2" m="50762" /><F130/><T101/><D131/><U46/><E125/><V2/><F114/><T91/><D127/><U129/><E129/><V124/><F124/><T104/><D43/><U41/><E41/><V92/><F2/><T120/><N who="0" m="30752" /><T1/><D1/><U90/><REACH who="1" step="1"/><E100/><REACH who="1" ten="545,268,227,0" step="2"/><V52/><F84/><T111/><D101/><U80/><E80/><V75/><F75/><T118/><D82/><U126/><E126/><V110/><F110/><T89/><D73/><U0/><E0/><V71/><F71/><T69/><D72/><U93/><E93/><V106/><F92/><T109/><D70/><U45/><E45/><V49/><F63/><AGARI ba="1,1" hai="36,37,38,40,46,55,59,63,87,90,95,97,98,99" machi="63" ten="40,2000,0" yaku="1,1,53,0" doraHai="3" doraHaiUra="79" who="1" fromWho="2" sc="545,0,268,32,227,-22,0,0" /><INIT seed="1,2,0,4,0,61" ten="545,300,205,0" oya="1" hai0="89,113,121,83,64,60,117,45,92,101,130,52,97" hai1="110,46,33,123,118,124,40,80,94,35,66,41,105" hai2="67,111,106,112,43,72,134,132,115,51,1,3,82" hai3=""/><U2/><N who="1" m="31520" /><U53/><E118/><V63/><F106/><T133/><N who="0" m="31008" /><T50/><D113/><N who="2" m="43594" /><F111/><T87/><D117/><U107/><E2/><N who="2" m="523" /><F43/><T69/><D133/><N who="2" m="51306" /><F51/><T119/><D119/><U71/><E110/><V93/><F93/><T38/><D130/><U103/><E94/><V77/><F63/><T90/><REACH who="0" step="1"/><D38/><REACH who="0" ten="535,300,205,0" step="2"/><U39/><E39/><V36/><F36/><T55/><D55/><U122/><E53/><V47/><F47/><T131/><D131/><U42/><E46/><V129/><F129/><T96/><D96/><U79/><E122/><V91/><F67/><T0/><D0/><U116/><E116/><V49/><F49/><T56/><D56/><U102/><E66/><V126/><F126/><T70/><D70/><U99/><E71/><V98/><F98/><T125/><D125/><U62/><E124/><V88/><AGARI ba="2,1" hai="72,77,82,88,91" m="51306,523,43594" machi="88" ten="40,3900,0" yaku="11,1,20,1,54,1" doraHai="61" who="2" fromWho="2" sc="535,-15,300,-28,205,53,0,0" /><INIT seed="2,0,0,4,1,135" ten="520,272,258,0" oya="2" hai0="105,83,94,129,61,39,84,2,93,116,100,85,86" hai1="33,58,47,34,52,64,123,134,87,112,131,107,62" hai2="60,37,40,36,65,50,97,81,111,54,57,32,76" hai3=""/><V90/><F32/><T55/><D2/><U41/><N who="1" m="31520" /><U48/><E112/><V119/><F119/><T68/><D39/><U130/><E134/><V35/><F35/><T79/><D116/><U110/><E110/><V43/><F111/><T95/><D129/><N who="1" m="49163" /><E107/><V102/><F90/><T132/><D132/><U117/><E117/><V124/><F124/><T1/><D1/><U3/><E3/><V53/><F53/><T78/><D55/><U106/><E106/><V113/><F113/><T125/><D125/><U72/><E72/><V98/><F37/><T118/><D118/><U101/><E101/><V126/><F126/><T104/><D78/><U89/><E41/><V108/><F108/><T99/><D105/><U114/><E114/><V45/><F102/><T80/><D79/><U109/><E109/><V77/><F77/><T51/><D104/><U42/><E42/><V71/><F43/><T91/><D100/><U0/><E0/><V92/><F92/><AGARI ba="0,0" hai="33,34,47,48,52,58,62,64,87,89,92" m="49163,31520" machi="92" ten="30,3900,0" yaku="19,1,52,1,54,1" doraHai="135" who="1" fromWho="2" sc="520,0,272,39,258,-39,0,0" /><INIT seed="4,0,0,1,0,36" ten="520,311,219,0" oya="0" hai0="71,129,133,65,77,70,101,43,57,120,96,123,118" hai1="3,110,72,91,115,32,87,55,61,126,122,54,56" hai2="119,100,33,44,63,45,83,39,130,62,34,134,113" hai3=""/><T92/><N who="0" m="30752" /><T58/><N who="0" m="31520" /><T108/><D118/><U37/><N who="1" m="31264" /><U112/><E110/><V41/><F134/><T78/><D133/><U98/><E3/><V89/><F113/><N who="1" m="43593" /><E32/><V68/><F130/><T42/><D129/><U97/><E72/><V121/><N who="2" m="31008" /><V59/><F119/><T103/><D108/><U105/><E105/><V128/><F128/><T48/><D65/><U51/><E37/><V53/><F100/><T132/><D132/><U124/><E98/><V104/><F104/><T52/><D57/><U74/><E97/><V81/><F45/><T127/><D103/><U46/><E74/><V2/><F2/><T38/><D38/><U84/><E84/><V82/><REACH who="2" step="1"/><F89/><REACH who="2" ten="520,311,209,0" step="2"/><T75/><D101/><U66/><E126/><V102/><F102/><T116/><D127/><U99/><E124/><V94/><F94/><T109/><D116/><U85/><E46/><V69/><F69/><T40/><D109/><U0/><E0/><V107/><F107/><T88/><D70/><U93/><E91/><V86/><F86/><T135/><D135/><U90/><E87/><V64/><AGARI ba="0,1" hai="33,34,39,41,44,53,59,62,63,64,68,81,82,83" m="31008" machi="64" ten="30,6000,1" yaku="1,1,0,1,52,2,53,1" doraHai="36" doraHaiUra="60" who="2" fromWho="2" sc="520,-40,311,-20,209,70,0,0" /><INIT seed="5,0,0,5,2,51" ten="480,291,279,0" oya="1" hai0="64,57,78,86,119,41,75,96,132,90,1,66,60" hai1="79,100,2,59,110,61,98,42,54,44,39,70,89" hai2="118,123,128,93,55,67,130,116,36,95,92,126,121" hai3=""/><U135/><E2/><V109/><N who="2" m="31008" /><V71/><N who="2" m="31520" /><V80/><F36/><T122/><N who="0" m="31264" /><T125/><D1/><U69/><E135/><V117/><F71/><T131/><D132/><U94/><E110/><V127/><F67/><T63/><D125/><N who="2" m="47626" /><F55/><T81/><D119/><U82/><REACH who="1" step="1"/><E100/><REACH who="1" ten="480,281,279,0" step="2"/><V38/><F38/><T77/><D131/><N who="2" m="50218" /><F109/><T65/><D60/><U111/><E111/><V34/><F34/><T99/><D63/><U124/><E124/><V32/><F32/><T105/><D64/><U106/><E106/><V85/><F118/><T74/><D65/><U103/><E103/><V35/><F35/><T104/><D66/><U0/><E0/><V58/><F58/><T114/><D57/><U72/><AGARI ba="0,1" hai="39,42,44,54,59,61,69,70,72,79,82,89,94,98" machi="72" ten="20,8000,1" yaku="1,1,0,1,7,1,52,1,53,1" doraHai="51" doraHaiUra="52" who="1" fromWho="1" sc="480,-40,281,90,279,-40,0,0" /><INIT seed="5,1,0,2,4,38" ten="440,371,239,0" oya="1" hai0="123,133,48,41,118,59,34,65,125,119,109,74,45" hai1="1,112,108,67,77,32,107,96,113,51,70,54,110" hai2="101,121,64,97,83,58,92,50,55,2,132,3,39" hai3=""/><U37/><E1/><V36/><N who="2" m="31008" /><V49/><F132/><T0/><N who="0" m="31520" /><T60/><D0/><U84/><E37/><V91/><F39/><T90/><D34/><U68/><E32/><V57/><F36/><T105/><D109/><N who="1" m="42091" /><E107/><V116/><F116/><N who="0" m="44586" /><D125/><U62/><E96/><V78/><F101/><T87/><D74/><U56/><E84/><V89/><F89/><T120/><N who="0" m="30752" /><T127/><D127/><U129/><E77/><V114/><F114/><N who="1" m="44137" /><E129/><V124/><F124/><T71/><D105/><U93/><E93/><V43/><F64/><T104/><D104/><U94/><E94/><V82/><F82/><T42/><D133/><U35/><E35/><V130/><F130/><T95/><D95/><U33/><E33/><V134/><F134/><T73/><D73/><U117/><E117/><V100/><F100/><T46/><D87/><U128/><E128/><V69/><F69/><AGARI ba="1,0" hai="51,54,56,62,67,68,69,70" m="44137,42091" machi="69" ten="30,11600,0" yaku="10,1,15,1,34,2" doraHai="38" who="1" fromWho="2" sc="440,0,371,118,239,-118,0,0" /><INIT seed="5,2,0,1,5,114" ten="440,489,121,0" oya="1" hai0="64,121,104,73,51,45,69,40,34,112,87,99,117" hai1="98,78,43,72,83,116,91,57,128,115,36,47,0" hai2="105,55,92,2,102,124,109,129,122,53,76,125,65" hai3=""/><U93/><E0/><V46/><N who="2" m="31264" /><V77/><F2/><T131/><N who="0" m="31008" /><T35/><D73/><U58/><E115/><V135/><F109/><T103/><D112/><U106/><E128/><V68/><F105/><T62/><D131/><U113/><E113/><V88/><F129/><T75/><D75/><U85/><E116/><V80/><F135/><T56/><D117/><U120/><N who="1" m="30752" /><U33/><REACH who="1" step="1"/><E33/><REACH who="1" ten="440,479,121,0" step="2"/><V49/><F125/><T96/><D87/><U107/><E107/><V110/><F124/><T119/><D119/><U127/><E127/><V84/><F110/><T38/><D99/><U86/><E86/><V37/><F37/><T95/><D104/><U70/><E70/><V52/><F68/><T42/><D69/><U132/><E132/><V100/><F65/><T66/><D64/><U1/><E1/><V82/><F82/><T79/><D34/><U123/><N who="1" m="31520" /><U63/><E63/><V44/><F44/><T54/><D35/><U89/><E89/><V48/><F46/><T3/><D3/><U41/><E41/><V59/><F59/><T97/><D38/><U126/><E126/><V101/><REACH who="2" step="1"/><F77/><REACH who="2" ten="440,479,111,0" step="2"/><T90/><D79/><U134/><E134/><V94/><F94/><T111/><D111/><RYUUKYOKU ba="2,2" sc="440,0,479,0,111,0,0,0" hai0="40,42,45,51,54,56,62,66,90,95,96,97,103" hai1="36,43,47,57,58,72,78,83,85,91,93,98,106" hai2="48,49,52,53,55,76,80,84,88,92,100,101,102" /><INIT seed="5,3,2,3,1,1" ten="440,479,111,0" oya="1" hai0="115,75,59,52,130,62,114,87,102,58,36,38,32" hai1="51,69,127,123,85,120,95,43,53,42,117,39,79" hai2="64,99,122,97,33,109,63,107,68,83,82,45,50" hai3=""/><U46/><N who="1" m="30752" /><U0/><N who="1" m="31520" /><U113/><E117/><V125/><N who="2" m="31264" /><V57/><F125/><T35/><D75/><U100/><E0/><V134/><F109/><T48/><D130/><U128/><E128/><V124/><F134/><T2/><D2/><U135/><E127/><V70/><F124/><T133/><D133/><U88/><E135/><V60/><F107/><T56/><D102/><U132/><E132/><V111/><F111/><T76/><D87/><U131/><E113/><N who="0" m="43017" /><D76/><U47/><E131/><V106/><F106/><T129/><D129/><U104/><E79/><V94/><F94/><T66/><D59/><U110/><E69/><V92/><F92/><T37/><AGARI ba="3,2" hai="32,35,36,37,38,48,52,56,58,62,66" m="43017" machi="37" ten="40,6000,1" yaku="15,1,52,2,54,1" doraHai="1" who="0" fromWho="0" sc="440,86,479,-43,111,-23,0,0" /><INIT seed="6,0,0,1,0,86" ten="526,436,88,0" oya="2" hai0="63,53,1,87,72,57,75,105,121,71,44,49,132" hai1="54,50,35,89,110,97,96,82,123,0,64,124,104" hai2="81,73,40,106,101,117,126,109,134,61,128,69,59" hai3=""/><V133/><F117/><T95/><N who="0" m="31008" /><T93/><D105/><U32/><N who="1" m="31520" /><U88/><E110/><V85/><F109/><T2/><D71/><U92/><E0/><V135/><F73/><T107/><D107/><U48/><E124/><V112/><F69/><T33/><D33/><U66/><E104/><V45/><F126/><T37/><D37/><U90/><E82/><V129/><F112/><T46/><D46/><U76/><E76/><V77/><F101/><T80/><D72/><U56/><E32/><V98/><F98/><N who="1" m="37993" /><E35/><V83/><F83/><T114/><D75/><U78/><E78/><V62/><F106/><T100/><D114/><U116/><E116/><V122/><N who="2" m="31264" /><V41/><F41/><T38/><D80/><U125/><E125/><V119/><F119/><T3/><D3/><U130/><E130/><N who="2" m="50283" /><F59/><T94/><D57/><U115/><E115/><V36/><AGARI ba="0,0" hai="36,40,45,61,62,77,81,85,133,134,135" m="50283,31264" machi="36" ten="40,5200,0" yaku="20,1,19,1,52,1" doraHai="86" who="2" fromWho="2" sc="526,-26,436,-26,88,52,0,0" /><INIT seed="6,1,0,4,2,68" ten="500,410,140,0" oya="2" hai0="102,100,48,50,93,104,108,53,109,94,76,33,119" hai1="96,36,112,72,42,87,106,116,88,75,55,135,82" hai2="83,97,1,91,57,128,131,133,45,63,107,71,73" hai3=""/><V120/><N who="2" m="30752" /><V121/><N who="2" m="31008" /><V47/><F1/><T124/><D119/><U117/><E55/><V69/><F133/><T74/><D74/><U110/><E42/><V101/><F71/><T37/><D76/><U43/><E43/><V70/><F69/><T85/><D37/><U99/><E36/><V67/><F70/><T129/><D104/><U81/><E135/><V41/><F47/><T46/><D85/><U84/><E106/><V38/><REACH who="2" step="1"/><F91/><REACH who="2" ten="500,410,130,0" step="2"/><T51/><D46/><U92/><E88/><V130/><F130/><T0/><D129/><U114/><E110/><V95/><F95/><AGARI ba="1,1" hai="72,75,81,82,84,87,92,95,96,99,112,114,116,117" machi="95" ten="25,8000,1" yaku="22,2,34,3" doraHai="68" who="1" fromWho="2" sc="500,0,410,92,130,-82,0,0" owari="500,10.0,502,45.0,48,-55.0,0,0.0" /></mjloggm>