<mjloggm ver="2.3"><GO type="185" lobby="0"/><UN n0="%68%69%72%6F%6E%6E%32%30" n1="%6D%6B%6F%6A%69" n2="%E3%81%82%E3%81%96%E3%81%B6" n3="" dan="17,17,17,0" rate="2241.03,2254.99,2247.21,1500.00" sx="M,M,M,C"/><TAIKYOKU oya="0"/><INIT seed="0,0,0,0,0,71" ten="350,350,350,0" oya="0" hai0="132,32,63,86,123,118,135,39,117,68,91,45,84" hai1="35,87,124,104,38,77,65,64,54,51,133,0,92" hai2="61,73,130,95,66,112,129,48,79,99,134,116,50" hai3=""/><T43/><N who="0" m="31520" /><T36/><D32/><U119/><E0/><V40/><F112/><T115/><D115/><U37/><E35/><V47/><F134/><N who="0" m="51242" /><D43/><U55/><E104/><V56/><F116/><N who="0" m="44650" /><D45/><U57/><E92/><V75/><F50/><T72/><D72/><U103/><E87/><N who="0" m="33321" /><D91/><U96/><E119/><V82/><F75/><T105/><D105/><U42/><E133/><V41/><F41/><T53/><D53/><N who="1" m="19979" /><E51/><V49/><F48/><T70/><D63/><U120/><N who="1" m="30752" /><U126/><E42/><V1/><F1/><T90/><D90/><U93/><E77/><V78/><F79/><T44/><D44/><U107/><E107/><V2/><F2/><T76/><D76/><U111/><E64/><V58/><F73/><T3/><D3/><U52/><E65/><V94/><F78/><T83/><D83/><U46/><E46/><V109/><F82/><T106/><D106/><U34/><E34/><V131/><F40/><T89/><D89/><U81/><E81/><V121/><F47/><T127/><D127/><U122/><E124/><V85/><F121/><T69/><AGARI ba="0,0" hai="36,39,68,69,70" m="33321,44650,51242,31520" machi="69" ten="40,12000,2" yaku="28,2,20,1,52,3" doraHai="71" who="0" fromWho="0" sc="350,120,350,-60,350,-60,0,0" /><INIT seed="0,1,0,2,2,1" ten="470,290,290,0" oya="0" hai0="64,34,39,33,75,133,46,56,95,91,111,97,73" hai1="94,67,93,52,37,69,32,96,90,43,86,83,117" hai2="125,122,102,40,53,121,112,118,70,74,59,113,36" hai3=""/><T55/><D133/><U110/><E117/><V45/><N who="2" m="31008" /><V106/><N who="2" m="31264" /><V2/><F2/><T82/><D64/><U63/><E110/><V119/><F74/><T104/><D104/><U130/><E130/><V76/><F76/><T131/><D131/><U51/><E32/><V134/><F134/><T85/><D111/><U72/><E72/><V48/><F125/><T3/><D3/><U61/><E61/><V101/><F70/><T81/><D81/><U65/><E65/><V78/><F78/><T0/><D0/><U98/><E93/><V50/><F106/><T99/><D99/><U126/><E126/><V103/><REACH who="2" step="1"/><F36/><REACH who="2" ten="470,290,280,0" step="2"/><T100/><D73/><U124/><E124/><V35/><F35/><T87/><D75/><U47/><REACH who="1" step="1"/><E83/><REACH who="1" ten="470,280,280,0" step="2"/><V88/><F88/><T58/><D82/><U135/><E135/><V129/><F129/><T62/><D91/><U107/><E107/><V92/><F92/><T128/><D128/><U109/><E109/><V38/><F38/><T84/><D33/><U66/><E66/><V115/><AGARI ba="1,2" hai="40,45,48,50,53,59,101,102,103,112,113,115,118,119" m="31264,31008" machi="115" ten="40,6000,1" yaku="1,1,0,1,52,2,53,0" doraHai="1" doraHaiUra="127" who="2" fromWho="2" sc="470,-41,280,-21,280,82,0,0" /><INIT seed="1,0,0,1,1,101" ten="429,259,362,0" oya="1" hai0="0,56,116,63,61,121,93,54,123,58,86,36,52" hai1="42,65,126,131,113,77,98,108,91,130,83,37,99" hai2="50,38,94,75,90,118,81,40,134,88,110,33,115" hai3=""/><U127/><E65/><V105/><F118/><T117/><N who="0" m="31008" /><T128/><D36/><U87/><E42/><V92/><F33/><T57/><N who="0" m="31520" /><T59/><D0/><U102/><E37/><V135/><F38/><T106/><D106/><U60/><E60/><V34/><F34/><T53/><D128/><N who="1" m="49195" /><E113/><V3/><F3/><T51/><D93/><U35/><E35/><V79/><F115/><T32/><D86/><U112/><E108/><V71/><F71/><T55/><D32/><U104/><E112/><V89/><F110/><T85/><D85/><U67/><E67/><V114/><F114/><T1/><D1/><U95/><AGARI ba="0,0" hai="77,83,87,91,95,98,99,102,104,126,127" m="49195" machi="95" ten="30,7800,0" yaku="19,1,34,2,52,1" doraHai="101" who="1" fromWho="1" sc="429,-39,259,78,362,-39,0,0" /><INIT seed="1,1,0,4,2,95" ten="390,337,323,0" oya="1" hai0="90,132,65,96,109,73,47,86,124,122,98,64,61" hai1="135,115,79,102,88,39,104,76,32,127,107,48,40" hai2="118,58,45,128,69,89,74,81,94,53,111,33,70" hai3=""/><U75/><E115/><V91/><F118/><T92/><N who="0" m="31264" /><T72/><D109/><U43/><E32/><V134/><F111/><T112/><D112/><U129/><E39/><V50/><F33/><T126/><D47/><U99/><E107/><V119/><F119/><T41/><D41/><U87/><E129/><V84/><F128/><T106/><D106/><U117/><E117/><V116/><F116/><T125/><D132/><U71/><E71/><V37/><F134/><T105/><D105/><U83/><E79/><V82/><F74/><N who="0" m="28778" /><D65/><U42/><E135/><V62/><F37/><T36/><D36/><U97/><E99/><V114/><F81/><T51/><D51/><U133/><E133/><V56/><F56/><AGARI ba="1,0" hai="56,61,64,86,90,92,96,98,124,125,126" m="28778,31264" machi="56" ten="40,8000,1" yaku="18,1,52,3" doraHai="95" who="0" fromWho="2" sc="390,82,337,0,323,-82,0,0" /><INIT seed="2,0,0,0,0,53" ten="472,337,241,0" oya="2" hai0="55,92,68,128,32,107,88,42,93,1,99,75,135" hai1="122,62,45,71,54,3,77,127,96,59,90,76,134" hai2="106,56,116,115,112,36,49,85,38,43,117,101,131" hai3=""/><V58/><F106/><T126/><D1/><U125/><N who="1" m="31264" /><U34/><E34/><V80/><F101/><T73/><D68/><U47/><E3/><V2/><F2/><T67/><D67/><U89/><E71/><V123/><N who="2" m="31520" /><V44/><F44/><N who="1" m="16969" /><E134/><V86/><F80/><T64/><D64/><U83/><E96/><V109/><F49/><T41/><D135/><U111/><E111/><V60/><F60/><T91/><D107/><U84/><E89/><V124/><F124/><AGARI ba="0,0" hai="54,59,62,76,77,83,84,90,124,125,127" m="16969,31264" machi="124" ten="30,3900,0" yaku="18,1,52,2" doraHai="53" who="1" fromWho="2" sc="472,0,337,39,241,-39,0,0" /><INIT seed="4,0,0,0,0,65" ten="472,376,202,0" oya="0" hai0="64,133,85,32,84,52,42,0,128,130,57,69,63" hai1="103,107,58,68,97,79,71,49,98,54,88,117,43" hai2="120,121,101,96,125,90,45,83,106,126,47,131,100" hai3=""/><T44/><D0/><U111/><E111/><V94/><N who="2" m="30752" /><V76/><N who="2" m="31008" /><V53/><F131/><N who="0" m="50218" /><D32/><U134/><E134/><V99/><F53/><T41/><D133/><U67/><E117/><V77/><F47/><T87/><D44/><U48/><E79/><N who="2" m="30283" /><F45/><T39/><D39/><U1/><E1/><V127/><F83/><T3/><D3/><U59/><E43/><V110/><F110/><T40/><D40/><U70/><E48/><AGARI ba="0,0" hai="41,42,48,52,57,63,64,69,84,85,87" m="50218" machi="48" ten="30,5800,0" yaku="19,1,52,1,54,1" doraHai="65" who="0" fromWho="1" sc="472,58,376,-58,202,0,0,0" /><INIT seed="4,1,0,0,2,84" ten="530,318,202,0" oya="0" hai0="92,37,80,69,129,59,44,78,46,110,121,106,48" hai1="134,85,133,115,131,36,99,60,50,62,63,64,0" hai2="127,53,41,122,108,39,101,54,38,45,124,72,57" hai3=""/><T107/><N who="0" m="31008" /><T51/><D69/><U102/><E0/><V135/><N who="2" m="31264" /><V128/><F101/><T94/><D129/><U91/><E131/><V103/><F103/><T117/><D37/><U118/><E36/><V52/><F72/><T104/><D59/><U111/><E111/><V65/><F128/><T100/><D110/><U86/><E86/><V58/><F108/><T123/><N who="0" m="31520" /><T77/><D100/><U93/><E118/><V83/><F83/><T70/><D70/><U112/><E50/><V2/><F2/><T32/><D117/><U82/><REACH who="1" step="1"/><E64/><REACH who="1" ten="530,308,202,0" step="2"/><V120/><N who="2" m="30752" /><V109/><F109/><T116/><D116/><U113/><AGARI ba="1,1" hai="60,62,63,82,85,91,93,99,102,112,113,115,133,134" machi="113" ten="40,6000,1" yaku="1,1,0,1,15,1,11,1,52,1,53,0" doraHai="84" doraHaiUra="3" who="1" fromWho="1" sc="530,-41,308,72,202,-21,0,0" /><INIT seed="5,0,0,5,5,113" ten="489,380,181,0" oya="1" hai0="91,47,106,61,103,95,76,126,37,66,65,99,135" hai1="51,52,94,102,55,105,107,46,59,98,93,74,133" hai2="100,72,33,120,134,104,38,78,1,49,115,75,2" hai3=""/><U70/><E133/><V108/><RYUUKYOKU type="yao9" ba="0,0" sc="489,0,380,0,181,0,0,0" hai2="1,2,33,38,49,72,75,78,100,104,108,115,120,134" /><INIT seed="5,1,0,2,0,33" ten="489,380,181,0" oya="1" hai0="73,126,128,1,60,72,129,96,34,121,100,46,109" hai1="67,40,80,84,52,2,0,105,130,117,112,78,38" hai2="71,135,44,116,98,111,53,57,127,42,70,123,76" hai3=""/><U39/><E117/><V95/><N who="2" m="31520" /><V113/><F116/><T114/><N who="0" m="31008" /><T59/><D34/><U102/><E112/><V122/><N who="2" m="31264" /><V74/><F111/><T54/><D1/><U118/><E118/><V131/><F113/><T49/><D109/><U45/><E39/><V68/><F127/><T43/><D126/><U90/><E130/><N who="0" m="50281" /><D114/><U120/><N who="1" m="30752" /><U56/><E67/><V89/><F131/><T47/><D47/><U58/><E58/><V88/><F135/><T36/><D36/><U77/><E102/><V103/><F76/><T48/><D49/><U108/><E105/><AGARI ba="1,0" hai="43,46,48,54,59,60,72,73,96,100,105" m="50281,31008" machi="105" ten="30,2000,0" yaku="19,1,52,1" doraHai="33" who="0" fromWho="1" sc="489,22,380,-22,181,0,0,0" /><INIT seed="6,0,0,2,2,44" ten="511,358,181,0" oya="2" hai0="97,104,82,73,103,2,125,122,47,94,36,88,85" hai1="115,59,66,101,67,37,58,119,75,60,89,79,86" hai2="112,54,68,90,84,132,0,71,128,105,135,87,1" hai3=""/><V48/><F105/><T78/><N who="0" m="31264" /><T50/><D125/><U53/><E115/><V3/><F112/><T52/><D36/><U80/><E119/><V133/><F128/><T102/><D103/><U110/><E110/><V69/><F90/><T32/><D32/><U76/><E37/><V61/><F61/><T64/><D64/><U129/><E129/><V49/><F54/><T81/><D82/><U74/><E101/><V92/><F92/><T45/><D45/><U127/><E127/><V118/><F118/><T43/><D43/><U91/><E80/><V96/><F96/><T126/><D126/><U100/><E100/><V83/><F83/><T117/><D117/><U121/><N who="1" m="31008" /><U95/><E86/><AGARI ba="0,0" hai="0,1,3,48,49,68,69,71,84,86,87,132,133,135" machi="86" ten="60,18000,2" yaku="29,2,28,2,20,1,52,2" doraHai="44" who="2" fromWho="1" sc="511,0,358,-180,181,180,0,0" /><INIT seed="6,1,0,3,5,32" ten="511,178,361,0" oya="2" hai0="110,86,37,106,105,112,70,117,133,35,67,76,74" hai1="56,108,132,97,116,90,91,94,51,43,111,88,101" hai2="131,89,115,34,114,130,72,44,128,95,77,60,113" hai3=""/><V42/><F34/><T121/><RYUUKYOKU type="yao9" ba="1,0" sc="511,0,178,0,361,0,0,0" hai0="35,37,67,70,74,76,86,105,106,110,112,117,121,133" /><INIT seed="6,2,0,5,5,112" ten="511,178,361,0" oya="2" hai0="2,99,106,74,39,53,116,41,90,47,122,81,43" hai1="111,134,127,105,113,46,135,61,64,38,75,36,49" hai2="65,76,95,98,68,57,51,58,77,124,82,114,103" hai3=""/><V115/><F124/><T32/><N who="0" m="31264" /><T83/><D116/><U0/><E0/><V54/><F68/><T42/><D32/><U60/><E105/><V55/><F65/><T130/><D130/><U35/><E35/><V87/><REACH who="2" step="1"/><F77/><REACH who="2" ten="511,178,351,0" step="2"/><T117/><D2/><U52/><E75/><V107/><F107/><T129/><D74/><U93/><E93/><V123/><N who="2" m="31520" /><V69/><F69/><T59/><D106/><U118/><E111/><V126/><F126/><T66/><D66/><U3/><E3/><V79/><F79/><T50/><D129/><U131/><E131/><V1/><F1/><T78/><D78/><U67/><E127/><V108/><F108/><T62/><D83/><U132/><E113/><V121/><N who="2" m="31008" /><V92/><F92/><T96/><D81/><U33/><E33/><V97/><F97/><T70/><D99/><U34/><E34/><V109/><F109/><T72/><D72/><U73/><E73/><V56/><F56/><T119/><D70/><U71/><REACH who="1" step="1"/><E118/><REACH who="1" ten="511,168,351,0" step="2"/><V101/><F101/><T44/><D119/><U86/><E86/><V40/><F40/><T80/><D117/><U104/><E104/><V125/><F125/><T85/><D42/><U84/><E84/><V100/><F100/><RYUUKYOKU ba="2,2" sc="511,0,168,0,351,0,0,0" hai0="39,41,43,44,47,50,53,59,62,80,85,90,96" hai1="36,38,46,49,52,60,61,64,67,71,132,134,135" hai2="51,54,55,57,58,76,82,87,95,98,103,114,115" /><INIT seed="6,3,2,0,5,50" ten="511,168,351,0" oya="2" hai0="129,134,91,87,70,77,110,90,131,3,82,41,97" hai1="47,118,32,78,68,74,132,81,51,72,83,59,103" hai2="126,53,109,124,114,2,39,130,0,112,106,67,85" hai3=""/><V95/><F106/><T56/><D3/><N who="2" m="1066" /><F39/><T135/><D70/><U107/><E32/><V101/><F67/><T43/><D110/><U127/><E118/><V89/><F109/><T123/><N who="0" m="31520" /><T45/><D56/><U54/><E68/><V71/><F71/><T98/><D77/><U63/><E132/><N who="0" m="50729" /><D41/><U49/><E127/><N who="2" m="48683" /><F130/><N who="0" m="49674" /><D91/><U111/><E111/><V121/><N who="2" m="31008" /><V99/><F53/><T75/><D75/><U38/><E38/><AGARI ba="3,2" hai="38,43,45,82,87,90,97,98" m="49674,50729,31520" machi="38" ten="30,3900,0" yaku="20,1,19,1,52,1" doraHai="50" who="0" fromWho="1" sc="511,65,168,-45,351,0,0,0" owari="576,53.0,123,-48.0,351,-5.0,0,0.0" /></mjloggm>