<mjloggm ver="2.3"><GO type="169" lobby="0"/><UN n0="%E3%82%B3%E3%83%A1%E3%83%83%E3%83%88%E3%82%8D%E3%82%93" n1="%E2%80%A0%E7%99%BD%E5%85%8E%E2%80%A0" n2="%6D%69%7A%75%79%6F%75" n3="%6F%75%74%E7%A5%AD%E3%82%8A" dan="16,16,16,17" rate="2000.19,2156.02,2185.19,2212.60" sx="M,M,M,M"/><TAIKYOKU oya="0"/><INIT seed="0,0,0,4,4,117" ten="250,250,250,250" oya="0" hai0="26,70,60,135,62,101,115,23,33,48,2,134,49" hai1="124,95,84,39,11,46,76,86,7,34,28,68,65" hai2="130,123,119,45,22,92,94,40,114,21,103,50,89" hai3="87,121,93,90,105,91,24,10,83,78,75,77,59"/><T20/><D115/><U133/><E124/><V29/><F114/><W66/><G105/><T12/><D2/><U43/><E133/><N who="0" m="50697" /><D101/><U36/><E36/><V38/><F130/><W82/><G10/><T102/><D102/><U125/><E125/><V71/><F71/><W69/><G69/><T73/><D73/><U57/><E68/><V37/><F119/><W97/><G24/><T112/><D112/><U27/><E95/><V18/><F103/><N who="3" m="60847" /><G59/><T64/><D62/><U5/><E5/><V99/><F94/><W35/><G66/><T129/><D129/><U25/><E25/><V56/><F56/><W131/><G35/><T111/><D111/><U47/><E47/><V107/><F107/><W14/><G14/><T88/><D88/><N who="3" m="33833" /><G131/><T128/><D128/><U74/><E57/><V85/><F29/><W17/><G17/><N who="0" m="10279" /><D33/><U98/><E65/><V96/><F38/><W72/><G121/><T108/><D108/><U63/><E63/><V81/><F123/><W9/><G9/><T16/><AGARI ba="0,0" hai="16,23,26,48,49,60,64,70" m="10279,50697" machi="16" ten="30,3000,0" yaku="20,1,54,1" doraHai="117" who="0" fromWho="0" sc="250,30,250,-10,250,-10,250,-10" /><INIT seed="0,1,0,5,3,108" ten="280,240,240,240" oya="0" hai0="113,97,8,120,58,102,0,27,64,55,126,44,19" hai1="81,54,38,16,32,26,70,116,12,52,71,90,105" hai2="1,14,13,96,117,72,79,94,130,88,61,41,5" hai3="59,37,60,63,114,43,76,74,30,98,99,51,119"/><T75/><D113/><U87/><E116/><V112/><F117/><W6/><G119/><T3/><D120/><U11/><E38/><V36/><F130/><W18/><G30/><T124/><D75/><U2/><E105/><V115/><F1/><W7/><G37/><T118/><D118/><U29/><REACH who="1" step="1"/><E2/><REACH who="1" ten="280,230,240,240" step="2"/><V57/><F36/><W104/><G104/><N who="0" m="63567" /><D0/><U86/><E86/><V10/><F41/><W92/><G43/><T73/><D3/><U25/><E25/><V22/><F72/><W45/><G74/><T34/><D27/><U134/><E134/><V125/><F125/><W109/><G99/><T103/><D126/><U17/><E17/><V135/><F135/><W132/><G18/><T122/><D19/><U123/><E123/><V101/><F14/><W48/><G98/><T40/><D124/><U91/><E91/><V56/><F88/><W67/><G132/><T9/><D122/><U65/><E65/><V133/><F133/><W107/><G67/><T82/><D64/><U111/><E111/><V33/><F13/><W50/><G107/><T15/><D15/><U23/><E23/><V84/><F22/><W131/><G109/><T93/><D73/><U110/><E110/><V129/><F33/><W42/><G6/><T127/><D34/><U100/><E100/><V89/><F5/><W83/><G7/><T128/><D103/><U20/><E20/><V24/><F101/><W47/><G42/><T35/><D40/><U21/><E21/><V77/><F24/><W68/><G76/><T80/><D127/><U31/><E31/><V121/><F77/><RYUUKYOKU ba="1,1" sc="280,-10,230,30,240,-10,240,-10" hai1="11,12,16,26,29,32,52,54,70,71,81,87,90" /><INIT seed="1,2,1,1,1,4" ten="270,260,230,230" oya="1" hai0="35,85,20,11,131,114,40,10,70,110,61,58,42" hai1="27,6,121,46,49,124,132,106,23,33,79,67,59" hai2="28,2,8,105,83,12,60,93,16,88,68,72,76" hai3="15,43,55,104,98,74,80,86,3,66,63,130,89"/><U36/><E121/><V109/><F109/><W120/><G3/><T57/><D114/><U14/><E106/><V84/><F28/><W31/><G120/><T73/><D73/><U81/><E124/><V64/><F2/><W113/><G113/><T30/><D70/><U1/><E1/><V37/><REACH who="2" step="1"/><F105/><REACH who="2" ten="270,260,220,230" step="2"/><W45/><G31/><T103/><D30/><U92/><E33/><V21/><F21/><W19/><G104/><T99/><D20/><U48/><E23/><V22/><F22/><W125/><G125/><T50/><D35/><U5/><E27/><V96/><F96/><W119/><G98/><T135/><D99/><U108/><E108/><V71/><F71/><W25/><G25/><T18/><D110/><U13/><E132/><V56/><F56/><W115/><G115/><T29/><D57/><U7/><E59/><V39/><AGARI ba="2,2" hai="8,12,16,37,39,60,64,68,72,76,83,84,88,93" machi="39" ten="30,8000,1" yaku="1,1,0,1,52,1,54,2,53,0" doraHai="4" doraHaiUra="102" who="2" fromWho="2" sc="270,-22,260,-42,220,106,230,-22" /><INIT seed="2,0,0,1,1,70" ten="248,218,326,208" oya="2" hai0="111,30,52,86,103,25,41,18,19,23,39,132,32" hai1="110,113,56,12,58,44,128,2,127,57,37,124,109" hai2="9,95,134,20,118,83,46,15,74,59,77,69,68" hai3="97,102,38,34,104,26,0,24,22,114,94,81,78"/><V42/><F118/><W28/><G0/><T119/><D119/><U85/><E2/><V89/><F134/><W92/><G114/><T105/><D132/><U80/><E12/><V125/><F59/><W76/><G76/><T129/><D111/><N who="1" m="42507" /><E85/><V10/><F20/><W91/><G38/><T107/><D129/><U96/><E96/><V98/><F125/><N who="1" m="48201" /><E80/><V47/><F47/><W35/><G26/><T55/><D86/><U64/><E128/><V49/><F9/><W31/><G31/><T117/><D30/><U75/><E75/><V130/><F130/><W122/><G94/><T60/><D107/><U71/><E113/><V108/><F108/><W93/><G93/><T29/><D29/><U17/><E17/><AGARI ba="0,0" hai="10,15,17,42,46,49,68,69,74,77,83,89,95,98" machi="17" ten="30,1500,0" yaku="7,1" doraHai="70" who="2" fromWho="1" sc="248,0,218,-15,326,15,208,0" /><INIT seed="2,1,0,4,5,22" ten="248,203,341,208" oya="2" hai0="62,53,102,28,93,13,72,27,100,126,58,2,4" hai1="111,86,32,42,89,3,88,95,7,96,75,64,103" hai2="133,0,56,17,129,24,110,25,115,30,1,16,81" hai3="48,91,18,120,112,65,117,84,8,118,34,119,20"/><V50/><F115/><W39/><G112/><T83/><D2/><N who="2" m="1130" /><F81/><W14/><G39/><T128/><D128/><U60/><E111/><V38/><F38/><W132/><G34/><T69/><D69/><U130/><E130/><V125/><F56/><W52/><G120/><T74/><D126/><U76/><E32/><N who="2" m="20551" /><F50/><W114/><G65/><T6/><D83/><U61/><E42/><V68/><F68/><W45/><G114/><T82/><D82/><U77/><E75/><V135/><F129/><W121/><G121/><T33/><D74/><U51/><E51/><V55/><F55/><W99/><G99/><T59/><D59/><U11/><E89/><V87/><F87/><W67/><G67/><T131/><D72/><U107/><REACH who="1" step="1"/><E61/><REACH who="1" ten="248,193,341,208" step="2"/><V63/><F63/><W66/><G91/><T109/><D62/><U101/><E101/><V85/><F110/><W21/><G48/><T35/><D109/><U78/><E78/><V43/><F43/><W37/><G37/><T9/><D131/><U105/><E105/><V12/><F125/><W71/><G118/><T15/><D102/><U104/><E104/><V57/><F135/><W19/><G132/><T79/><D100/><U94/><E94/><V47/><F133/><W29/><G119/><T46/><D93/><U36/><E36/><V10/><F47/><W44/><G44/><T54/><D79/><U127/><E127/><V98/><F98/><W106/><G106/><T31/><D46/><U124/><E124/><V116/><F116/><W80/><G45/><T113/><D113/><U134/><E134/><V108/><F108/><RYUUKYOKU ba="1,1" sc="248,-10,193,30,341,-10,208,-10" hai1="3,7,11,60,64,76,77,86,88,95,96,103,107" /><INIT seed="3,2,1,1,5,82" ten="238,223,331,198" oya="3" hai0="133,58,41,11,55,106,59,105,135,101,44,84,4" hai1="61,99,37,64,94,90,14,73,100,114,66,102,33" hai2="117,68,113,56,112,34,62,131,18,129,43,115,45" hai3="49,12,121,78,85,60,116,27,123,130,128,0,69"/><W119/><G0/><T67/><D67/><U109/><E114/><V38/><F34/><W30/><G49/><N who="0" m="26767" /><D105/><U86/><E73/><V10/><F10/><W24/><G60/><T93/><D106/><U74/><E74/><V92/><F18/><W23/><G69/><T2/><D55/><U17/><E33/><V46/><F92/><W110/><G12/><T19/><D19/><U71/><E109/><V39/><F117/><N who="3" m="45131" /><G110/><T29/><D29/><U54/><E37/><V98/><F98/><W75/><G75/><T36/><D36/><U9/><E66/><N who="2" m="41047" /><F56/><W16/><G78/><T76/><D101/><U50/><REACH who="1" step="1"/><E99/><REACH who="1" ten="238,213,331,198" step="2"/><V91/><F38/><W95/><G123/><T5/><D135/><U47/><AGARI ba="2,2" hai="9,14,17,47,50,54,61,64,71,86,90,94,100,102" machi="47" ten="20,8000,1" yaku="1,1,2,1,0,1,7,1,52,1,53,0" doraHai="82" doraHaiUra="77" who="1" fromWho="1" sc="238,-22,213,106,331,-22,198,-42" /><INIT seed="4,0,0,0,3,11" ten="216,319,309,156" oya="0" hai0="73,109,96,74,76,129,99,56,113,46,29,4,128" hai1="16,49,65,3,88,59,26,41,36,25,66,0,120" hai2="107,44,2,64,37,9,94,101,135,108,121,14,51" hai3="122,119,40,89,15,31,10,133,57,34,67,62,86"/><T27/><D46/><U92/><E120/><V69/><F107/><W38/><G119/><T6/><D56/><U23/><E36/><V118/><F37/><W126/><G133/><T55/><D55/><N who="1" m="32239" /><E0/><V43/><F2/><W47/><G126/><T125/><D125/><U53/><E3/><V32/><F121/><W68/><G122/><T132/><D132/><U1/><E1/><V82/><F135/><W93/><G34/><N who="0" m="20799" /><D113/><U112/><E112/><V18/><F32/><W63/><G31/><T114/><D114/><U77/><E77/><V103/><F108/><W21/><G21/><T98/><D109/><U87/><E41/><V30/><F30/><W52/><G68/><T106/><D106/><U116/><E116/><V22/><F118/><W91/><G91/><T100/><D100/><U13/><E53/><V12/><F94/><W110/><G110/><T24/><D24/><AGARI ba="0,0" hai="13,16,23,24,25,26,65,66,87,88,92" m="32239" machi="24" ten="30,8000,1" yaku="25,1,8,1,52,1,54,2" doraHai="11" who="1" fromWho="0" sc="216,-80,319,80,309,0,156,0" /><INIT seed="5,0,0,4,2,28" ten="136,399,309,156" oya="1" hai0="84,103,132,129,97,69,96,113,100,54,14,34,107" hai1="39,50,19,73,89,119,9,37,80,46,55,20,21" hai2="6,95,83,31,110,12,72,38,134,58,87,135,92" hai3="51,128,88,13,90,67,42,101,32,7,81,115,17"/><U25/><E119/><V10/><F38/><W26/><G101/><T47/><D69/><U99/><E73/><V133/><F72/><W70/><G115/><T11/><D113/><U45/><E45/><V59/><F110/><W94/><G128/><T82/><D129/><U125/><E125/><V35/><F92/><W106/><G106/><T22/><D22/><U30/><E9/><V16/><F95/><W27/><G81/><T8/><D132/><U108/><E108/><V112/><F112/><W0/><G51/><T2/><D2/><U77/><E89/><V91/><REACH who="2" step="1"/><F6/><REACH who="2" ten="136,399,299,156" step="2"/><W64/><G7/><T15/><D107/><U18/><E39/><V116/><F116/><W33/><G94/><T123/><D123/><U4/><E37/><V79/><F79/><W86/><G90/><T62/><D82/><U122/><E4/><V75/><F75/><W109/><G88/><T66/><D84/><U114/><E114/><V74/><F74/><W104/><G86/><T61/><D66/><U49/><E122/><V60/><F60/><W98/><G104/><T68/><D68/><U127/><E80/><V48/><F48/><W63/><G67/><T71/><D71/><U121/><E77/><V130/><F130/><W41/><G64/><T117/><D117/><U23/><E121/><V85/><F85/><W36/><G36/><T52/><REACH who="0" step="1"/><D47/><REACH who="0" ten="126,399,299,156" step="2"/><U126/><E46/><V76/><F76/><W105/><G105/><T93/><D93/><U120/><E120/><V78/><F78/><W3/><G70/><T24/><D24/><AGARI ba="0,2" hai="10,12,16,24,31,35,58,59,83,87,91,133,134,135" machi="24" ten="40,8000,1" yaku="1,1,20,1,52,1,54,1,53,1" doraHai="28" doraHaiUra="5" who="2" fromWho="0" sc="126,-80,399,0,299,100,156,0" /><INIT seed="6,0,0,3,4,120" ten="46,399,399,156" oya="2" hai0="48,33,106,35,60,111,28,9,52,100,30,86,99" hai1="18,8,19,84,101,125,85,21,58,47,12,73,5" hai2="102,130,32,66,70,69,14,115,59,45,91,38,31" hai3="133,114,78,131,72,97,26,24,20,71,135,53,92"/><V4/><F102/><W105/><G105/><T43/><D111/><U82/><E125/><V83/><F115/><W57/><G71/><T87/><D43/><U103/><E73/><V50/><F38/><W90/><G114/><T10/><D87/><U56/><E85/><V116/><F31/><W127/><G131/><T126/><D86/><U49/><E103/><V129/><F32/><W68/><G68/><T124/><D124/><U41/><E101/><V81/><F91/><W29/><G26/><T40/><D40/><U75/><E75/><V17/><F4/><W132/><G127/><T134/><D134/><U3/><REACH who="1" step="1"/><E19/><REACH who="1" ten="46,389,399,156" step="2"/><V27/><F116/><W51/><G72/><T15/><D126/><U93/><E93/><V1/><F83/><W44/><G78/><AGARI ba="0,1" hai="3,5,8,12,18,21,41,47,49,56,58,78,82,84" machi="78" ten="30,3900,0" yaku="1,1,7,1,53,1" doraHai="120" doraHaiUra="11" who="1" fromWho="3" sc="46,0,389,49,399,0,156,-39" /><INIT seed="7,0,0,1,4,69" ten="46,438,399,117" oya="3" hai0="27,131,87,1,125,85,99,50,48,76,92,38,59" hai1="110,129,71,21,11,63,19,6,114,41,39,53,17" hai2="135,47,89,16,42,24,98,2,86,108,28,7,96" hai3="33,127,14,109,117,106,115,10,26,128,130,134,22"/><W43/><G106/><T78/><D1/><U9/><E110/><V62/><F108/><W82/><G109/><T4/><D4/><U32/><E32/><V120/><F135/><W25/><G82/><T54/><D131/><N who="3" m="50217" /><G43/><T113/><D125/><U34/><E34/><V55/><F120/><W68/><G68/><T31/><D38/><U121/><E121/><V18/><F7/><N who="3" m="3423" /><G117/><T13/><D13/><U116/><E114/><V36/><F2/><W35/><G115/><T74/><D74/><U104/><E104/><V56/><F98/><W15/><G134/><T67/><D113/><U72/><E72/><V123/><F96/><W79/><G79/><T23/><D67/><U73/><E73/><V65/><F123/><W119/><G119/><T118/><D118/><U111/><E111/><V124/><F124/><W77/><G77/><T58/><D78/><U97/><E97/><V122/><F122/><W20/><G15/><T44/><D76/><U132/><E71/><V70/><F89/><W8/><G8/><T105/><D105/><U84/><E84/><V46/><F46/><W66/><G66/><T64/><D64/><U112/><E112/><V90/><F90/><W51/><G127/><T91/><REACH who="0" step="1"/><D59/><REACH who="0" ten="36,438,399,117" step="2"/><U49/><E116/><V133/><F133/><W94/><G26/><T81/><D81/><U80/><E6/><V0/><F0/><W75/><G25/><T30/><D30/><U57/><E129/><V45/><F45/><W3/><G75/><T29/><D29/><U83/><E132/><V88/><F47/><W100/><G3/><T12/><D12/><RYUUKYOKU ba="0,1" sc="36,30,438,-10,399,-10,117,-10" hai0="23,27,31,44,48,50,54,58,85,87,91,92,99" owari="66,-43.0,438,53.0,389,19.0,107,-29.0" /></mjloggm>