<mjloggm ver="2.3"><GO type="185" lobby="0"/><UN n0="%41%2E%4B%39%6D%65%63" n1="%E4%BA%BA%E7%94%9F%E6%8C%AF%E3%82%8B%E3%82%BC%E3%83%B3%E3%83%84" n2="%E5%A4%A9%E3%83%B6%E7%80%AC%E5%A5%88%E6%9C%88" n3="" dan="18,16,17,0" rate="2352.55,2108.64,2245.40,1500.00" sx="M,M,M,C"/><TAIKYOKU oya="0"/><INIT seed="0,0,0,2,0,50" ten="350,350,350,0" oya="0" hai0="45,97,135,0,41,132,72,54,124,65,90,128,52" hai1="115,32,99,102,46,114,66,120,107,109,62,86,40" hai2="74,87,53,35,75,43,70,112,116,64,121,56,122" hai3=""/><T55/><D0/><U81/><N who="1" m="30752" /><U58/><E109/><V79/><N who="2" m="31008" /><V104/><N who="2" m="31264" /><V129/><F35/><T101/><D72/><U108/><E108/><V1/><F1/><T85/><D65/><U103/><E103/><V49/><F112/><T105/><D124/><U68/><E68/><V106/><F129/><T110/><D128/><U3/><E3/><V134/><F134/><T117/><D117/><U133/><E32/><V83/><F116/><T84/><D110/><U127/><E133/><N who="0" m="51273" /><D90/><U95/><E127/><V94/><F43/><T76/><D76/><U78/><REACH who="1" step="1"/><E107/><REACH who="1" ten="350,340,350,0" step="2"/><V93/><F104/><T111/><D111/><U44/><E44/><V48/><F106/><T113/><D113/><U34/><E34/><V118/><F118/><T71/><D71/><U63/><E63/><V119/><F119/><T130/><D130/><U60/><E60/><V131/><F131/><T80/><D80/><U38/><AGARI ba="0,1" hai="38,40,46,58,62,66,78,81,86,95,99,102,114,115" m="30752" machi="38" ten="30,5900,0" yaku="1,1,0,1,52,1,53,1" doraHai="50" doraHaiUra="37" who="1" fromWho="1" sc="350,-39,340,69,350,-20,0,0" /><INIT seed="1,0,0,4,4,48" ten="311,409,330,0" oya="1" hai0="126,110,68,105,41,94,106,67,38,0,129,135,49" hai1="87,92,90,133,36,100,57,60,83,39,43,117,32" hai2="50,116,47,35,108,123,62,96,3,113,130,72,1" hai3=""/><U44/><E117/><V51/><N who="2" m="31520" /><V95/><F35/><T88/><D0/><U74/><E32/><V37/><F116/><T75/><D75/><U101/><E133/><V115/><F72/><T114/><D114/><N who="2" m="43530" /><F108/><T45/><D135/><U56/><E39/><V61/><F37/><T127/><D129/><U53/><E74/><V52/><F130/><T125/><D110/><U66/><REACH who="1" step="1"/><E83/><REACH who="1" ten="311,399,330,0" step="2"/><V59/><F1/><T80/><D80/><U124/><E124/><V63/><F3/><T78/><D38/><U64/><E64/><V81/><F81/><T99/><D78/><U102/><E102/><V104/><F104/><T58/><D105/><U89/><E89/><V55/><F63/><AGARI ba="0,1" hai="36,43,44,53,56,57,60,63,66,87,90,92,100,101" machi="63" ten="30,11600,0" yaku="1,1,7,1,52,1,53,1" doraHai="48" doraHaiUra="69" who="1" fromWho="2" sc="311,0,399,126,330,-116,0,0" /><INIT seed="1,1,0,3,1,49" ten="311,525,214,0" oya="1" hai0="96,95,61,66,50,79,129,128,40,87,68,2,45" hai1="74,37,53,111,55,97,72,105,52,100,89,104,120" hai2="110,80,54,112,83,93,133,78,84,85,71,116,115" hai3=""/><U81/><N who="1" m="30752" /><U86/><E37/><V51/><F110/><T39/><D2/><U44/><E111/><V99/><F71/><T41/><D41/><U75/><REACH who="1" step="1"/><E44/><REACH who="1" ten="311,515,214,0" step="2"/><V77/><F116/><T82/><REACH who="0" step="1"/><D39/><REACH who="0" ten="301,515,214,0" step="2"/><U98/><E98/><V1/><F1/><T69/><D69/><U63/><E63/><V125/><F99/><T119/><D119/><U76/><E76/><V102/><F78/><T134/><D134/><U90/><E90/><AGARI ba="1,2" hai="40,45,50,61,66,68,79,82,87,90,95,96,128,129" machi="90" ten="40,5200,0" yaku="1,1,53,2" doraHai="49" doraHaiUra="124" who="0" fromWho="1" sc="301,74,515,-54,214,0,0,0" /><INIT seed="2,0,0,5,4,108" ten="375,461,214,0" oya="2" hai0="102,71,1,39,134,46,50,90,101,117,99,3,66" hai1="115,86,45,104,56,121,80,116,60,103,40,65,67" hai2="84,129,120,97,93,54,83,55,127,62,98,35,49" hai3=""/><V125/><N who="2" m="30752" /><V114/><F35/><T69/><D117/><U118/><N who="1" m="31008" /><U76/><E115/><V70/><F129/><T41/><D134/><U87/><E104/><V105/><F105/><T77/><D77/><U132/><E103/><V91/><F114/><T110/><D110/><U43/><E132/><V111/><F111/><T112/><D112/><U85/><E67/><V128/><F128/><T32/><D32/><U135/><E135/><V81/><F81/><T109/><D109/><U113/><E113/><V124/><F49/><T88/><D102/><U59/><E59/><V38/><F38/><T68/><D66/><U131/><E131/><V51/><F51/><T100/><D100/><U52/><E65/><V106/><F70/><T72/><D72/><U34/><E34/><V53/><F62/><T75/><D75/><U33/><E33/><V61/><F61/><T119/><D119/><N who="1" m="45611" /><E43/><V89/><REACH who="2" step="1"/><F106/><REACH who="2" ten="375,461,204,0" step="2"/><T95/><D69/><U73/><E40/><V37/><F37/><T2/><D71/><U74/><E45/><V133/><F133/><T64/><D39/><U79/><E79/><V96/><AGARI ba="0,1" hai="53,54,55,83,84,89,91,93,96,97,98,124,125,127" m="30752" machi="96" ten="40,8000,1" yaku="1,1,0,1,18,1,52,1,53,0" doraHai="108" doraHaiUra="47" who="2" fromWho="2" sc="375,-40,461,-40,204,90,0,0" /><INIT seed="2,1,0,1,4,115" ten="335,421,294,0" oya="2" hai0="93,53,99,119,80,129,41,50,91,58,42,102,73" hai1="44,40,126,131,39,85,132,71,100,35,121,104,0" hai2="81,111,112,33,117,78,134,84,46,51,135,113,77" hai3=""/><V74/><F33/><T57/><D129/><U32/><RYUUKYOKU type="yao9" ba="1,0" sc="335,0,421,0,294,0,0,0" hai1="0,32,35,39,40,44,71,85,100,104,121,126,131,132" /><INIT seed="2,2,0,3,2,74" ten="335,421,294,0" oya="2" hai0="104,51,78,33,107,93,90,77,49,40,36,86,97" hai1="55,130,59,65,56,87,67,121,115,47,101,62,3" hai2="44,37,75,116,57,109,80,125,66,41,34,54,135" hai3=""/><V46/><F34/><T99/><D33/><U52/><N who="1" m="31008" /><U94/><E115/><V105/><F116/><T132/><D36/><U106/><E3/><V89/><F105/><N who="0" m="40522" /><D51/><U42/><E130/><V35/><F35/><T53/><D53/><U100/><E106/><V70/><F135/><T96/><D49/><U124/><E124/><V84/><F125/><T122/><N who="0" m="31264" /><T60/><D60/><U79/><E42/><V134/><F109/><T61/><D61/><U114/><E47/><V64/><F134/><T38/><D38/><U2/><E2/><V69/><F75/><T92/><D40/><U129/><E129/><V108/><F108/><T32/><D32/><U76/><E114/><V133/><F44/><T43/><D43/><U58/><E58/><V1/><F133/><T45/><D45/><U117/><E62/><V131/><F131/><T119/><D119/><U68/><E117/><V88/><F1/><T102/><D132/><U50/><E50/><V71/><REACH who="2" step="1"/><F89/><REACH who="2" ten="335,421,284,0" step="2"/><T123/><N who="0" m="31520" /><T83/><D77/><U98/><E79/><V73/><F73/><AGARI ba="2,1" hai="73,78,83,86,90,92,93,96,97,99,102" m="31520,31264,40522" machi="73" ten="30,16000,3" yaku="35,5,52,3" doraHai="74" who="0" fromWho="2" sc="335,174,421,0,284,-164,0,0" /><INIT seed="4,0,0,3,4,105" ten="509,421,120,0" oya="0" hai0="101,133,75,96,99,81,44,76,46,64,47,66,116" hai1="90,53,39,43,38,118,86,110,117,124,49,121,120" hai2="42,50,103,74,93,97,87,89,80,104,135,45,36" hai3=""/><T106/><D116/><U56/><N who="1" m="30752" /><U111/><N who="1" m="31008" /><U58/><E124/><V35/><F35/><T72/><D133/><U69/><E69/><V60/><F135/><T70/><D70/><U94/><E118/><V85/><F60/><T91/><REACH who="0" step="1"/><D75/><REACH who="0" ten="499,421,120,0" step="2"/><U61/><E117/><V119/><F119/><T48/><D48/><U2/><E2/><V128/><F128/><T1/><D1/><U112/><E112/><V62/><F62/><T59/><D59/><U92/><E39/><V126/><F126/><T125/><D125/><U100/><E38/><V102/><F36/><T32/><D32/><U123/><N who="1" m="31520" /><U34/><E34/><V132/><F132/><T82/><D82/><U51/><E51/><V98/><F74/><T77/><D77/><U67/><REACH who="1" step="1"/><E43/><REACH who="1" ten="499,411,120,0" step="2"/><V108/><F42/><T122/><N who="0" m="31264" /><T57/><D57/><U107/><E107/><V114/><F50/><T65/><D65/><U73/><E73/><V40/><F40/><T84/><D84/><U83/><E83/><V68/><F87/><T71/><D71/><U109/><E109/><V3/><F68/><T130/><D130/><U41/><E41/><V55/><F85/><T115/><D115/><U127/><E127/><V88/><F114/><RYUUKYOKU ba="0,2" sc="499,10,411,10,120,-20,0,0" hai0="44,46,47,64,66,72,76,81,91,96,99,101,106" hai1="49,53,56,58,61,67,86,90,92,94,100,110,111" /><INIT seed="4,1,2,1,2,53" ten="509,421,100,0" oya="0" hai0="133,42,77,96,122,132,105,54,116,69,73,100,89" hai1="59,95,99,108,71,78,37,34,46,72,3,74,45" hai2="62,92,97,131,49,85,119,93,107,70,110,38,0" hai3=""/><T114/><N who="0" m="31264" /><T124/><D116/><U86/><E108/><V82/><F0/><T120/><N who="0" m="30752" /><T123/><N who="0" m="31520" /><T66/><D114/><U126/><E71/><V135/><F110/><T63/><D124/><U41/><E34/><V90/><F38/><T115/><D115/><U33/><E33/><V50/><F119/><T76/><D42/><U52/><E46/><V103/><F135/><N who="0" m="51786" /><D73/><U130/><E130/><V128/><F93/><T35/><D35/><U64/><E64/><V61/><F128/><T121/><N who="0" m="31008" /><T117/><D117/><U40/><E40/><V39/><F39/><T88/><D54/><U67/><E67/><V106/><F131/><T51/><D51/><U56/><E126/><V112/><F112/><T109/><D109/><U91/><E3/><V134/><F50/><T32/><D32/><U81/><REACH who="1" step="1"/><E59/><REACH who="1" ten="509,411,100,0" step="2"/><V102/><F134/><T98/><D98/><U36/><E36/><V129/><F97/><T80/><D80/><U65/><E65/><V101/><F82/><T127/><D127/><U43/><E43/><V125/><F125/><T83/><D83/><U75/><E75/><V118/><F118/><T68/><D68/><U44/><E44/><V55/><F129/><T111/><D111/><RYUUKYOKU ba="1,3" sc="509,10,411,10,100,-20,0,0" hai0="63,66,69,76,77,88,89,96,100,105" hai1="37,41,45,52,56,72,74,78,81,86,91,95,99" /><INIT seed="4,2,3,4,3,3" ten="519,421,80,0" oya="0" hai0="84,40,39,35,62,102,126,94,123,64,63,52,124" hai1="100,74,43,32,85,2,66,93,132,59,69,113,86" hai2="116,79,109,90,107,80,36,133,48,117,105,99,110" hai3=""/><T81/><N who="0" m="31520" /><T47/><D35/><U120/><N who="1" m="30752" /><U60/><E2/><V122/><N who="2" m="31264" /><V118/><F36/><T61/><D64/><U45/><E74/><V55/><F133/><T78/><D102/><U106/><E132/><V135/><F135/><T33/><D33/><U51/><E113/><V49/><F90/><T75/><D94/><U37/><E106/><V134/><F134/><T131/><D131/><U127/><E127/><N who="0" m="48681" /><D75/><U0/><E0/><V87/><F48/><T96/><D96/><U119/><E32/><V42/><F42/><T58/><AGARI ba="2,3" hai="39,40,47,52,58,61,62,63,78,81,84" m="48681,31520" machi="58" ten="30,4000,0" yaku="18,1,52,1,54,1" doraHai="3" who="0" fromWho="0" sc="519,74,421,-22,80,-22,0,0" /><INIT seed="4,3,0,5,2,125" ten="593,399,58,0" oya="0" hai0="110,94,97,118,111,101,92,106,83,58,126,66,116" hai1="74,43,64,40,55,122,82,72,76,38,39,104,81" hai2="93,114,52,63,135,44,88,68,2,33,123,86,73" hai3=""/><T53/><D66/><U84/><N who="1" m="31264" /><U0/><E0/><V41/><N who="2" m="31520" /><V90/><F2/><T77/><D126/><U117/><E117/><N who="0" m="45161" /><D53/><U121/><N who="1" m="31008" /><U124/><E124/><V50/><F33/><T131/><D58/><U59/><E104/><V67/><F73/><T78/><D131/><U71/><E43/><V47/><F114/><T98/><D94/><U107/><E107/><V45/><F135/><T1/><D1/><U134/><E134/><V120/><N who="2" m="30752" /><V70/><F70/><T129/><D129/><U80/><E64/><V85/><REACH who="2" step="1"/><F41/><REACH who="2" ten="593,399,48,0" step="2"/><T32/><D32/><U34/><E71/><V113/><F113/><T108/><D83/><AGARI ba="3,1" hai="44,45,47,50,52,63,67,68,83,85,86,88,90,93" m="30752,31520" machi="83" ten="30,12000,2" yaku="1,1,7,1,52,2,54,2,53,1" doraHai="125" doraHaiUra="60" who="2" fromWho="0" sc="593,-126,399,0,48,136,0,0" /><INIT seed="5,0,0,4,4,125" ten="467,399,184,0" oya="1" hai0="79,56,48,40,67,43,37,47,128,66,90,46,69" hai1="44,116,60,57,54,99,129,110,108,68,133,120,77" hai2="35,102,92,74,93,2,32,33,52,84,100,88,134" hai3=""/><U45/><N who="1" m="30752" /><U89/><E116/><V49/><F2/><T75/><D79/><U131/><E77/><V96/><F74/><T94/><D75/><U109/><E133/><V41/><F134/><T107/><D107/><U85/><E99/><V59/><REACH who="2" step="1"/><F41/><REACH who="2" ten="467,399,174,0" step="2"/><T34/><D43/><U87/><E68/><V135/><F135/><T73/><D40/><U118/><E118/><V111/><F111/><T3/><D73/><U121/><N who="1" m="31008" /><U104/><E104/><V39/><F39/><T78/><D37/><U42/><E87/><V103/><AGARI ba="0,1" hai="32,33,35,49,52,59,84,88,92,93,96,100,102,103" machi="103" ten="40,6000,1" yaku="1,1,0,1,54,2,53,0" doraHai="125" doraHaiUra="58" who="2" fromWho="2" sc="467,-20,399,-40,174,70,0,0" /><INIT seed="6,0,0,4,2,63" ten="447,359,244,0" oya="2" hai0="75,80,95,74,107,104,43,131,132,39,86,58,65" hai1="53,32,111,36,50,52,72,42,71,133,46,106,110" hai2="54,69,128,124,60,56,105,40,55,99,3,97,51" hai3=""/><V119/><F3/><T91/><D65/><U118/><E32/><V77/><F119/><T33/><D58/><U57/><E118/><V45/><F128/><T41/><D33/><U64/><E106/><V66/><F124/><T47/><D43/><U2/><E2/><V73/><F105/><T114/><D114/><U59/><E72/><V90/><F90/><T130/><D132/><U88/><E88/><V112/><F112/><T129/><D75/><U134/><E71/><V96/><REACH who="2" step="1"/><F69/><REACH who="2" ten="447,359,234,0" step="2"/><T85/><D107/><U126/><E126/><V116/><F116/><T122/><D104/><U135/><E64/><V93/><F93/><T62/><D95/><U121/><N who="1" m="31008" /><U34/><E34/><V61/><F61/><AGARI ba="0,1" hai="36,42,46,50,52,53,57,59,61,110,111,133,134,135" m="31008" machi="61" ten="40,12000,2" yaku="20,1,34,3,52,1,54,1" doraHai="63" who="1" fromWho="2" sc="447,0,359,130,234,-120,0,0" owari="447,5.0,489,44.0,114,-49.0,0,0.0" /></mjloggm>