<mjloggm ver="2.3"><GO type="169" lobby="0"/><UN n0="%E5%8D%97%E5%B8%9D%E5%8D%97%E6%B5%A6" n1="%E7%99%BD%E9%AB%AA%E9%AC%BC" n2="%E9%B4%A8%E8%91%B1%E5%A4%AA%E9%83%8E" n3="%E5%AE%9F%E5%AD%98" dan="16,17,17,17" rate="2084.04,2176.54,2174.94,2180.93" sx="F,M,M,M"/><TAIKYOKU oya="0"/><INIT seed="0,0,0,2,2,103" ten="250,250,250,250" oya="0" hai0="69,54,97,38,99,90,19,6,16,95,33,106,7" hai1="104,29,85,4,50,101,34,84,49,23,81,20,107" hai2="111,10,133,13,94,45,55,44,121,17,74,59,9" hai3="131,110,112,18,58,93,64,70,11,66,125,126,80"/><T30/><D38/><U108/><E4/><V61/><F74/><W46/><G112/><T92/><D69/><U8/><E8/><V40/><F121/><W77/><G70/><T32/><D54/><U100/><E29/><V72/><F72/><W79/><G131/><T122/><D30/><U28/><E28/><V39/><F133/><W73/><G110/><T31/><D31/><U86/><E81/><V119/><F45/><W124/><G79/><T3/><D90/><U114/><E114/><V123/><F111/><W76/><G76/><T21/><D21/><N who="1" m="8267" /><E34/><V132/><F132/><W48/><G58/><T109/><D109/><U43/><E43/><V117/><F123/><W128/><G93/><T24/><D122/><U120/><E120/><V27/><F27/><W135/><G128/><T82/><D24/><U116/><E116/><V89/><REACH who="2" step="1"/><F10/><REACH who="2" ten="250,250,240,250" step="2"/><W87/><G73/><T115/><D115/><U22/><E108/><V42/><F42/><N who="3" m="24663" /><G135/><T78/><D3/><U129/><E129/><V12/><F12/><AGARI ba="0,1" hai="11,12,18,64,66,77,80,87,124,125,126" m="24663" machi="12" ten="30,1000,0" yaku="18,1" doraHai="103" who="3" fromWho="2" sc="250,0,250,0,240,-10,250,20" /><INIT seed="1,0,0,2,5,80" ten="250,250,230,270" oya="1" hai0="72,105,9,93,84,1,20,16,14,135,63,51,56" hai1="133,32,104,45,15,11,81,96,6,129,125,131,41" hai2="23,116,91,52,121,69,90,3,5,119,49,113,62" hai3="60,34,19,37,38,117,39,55,132,111,68,103,76"/><U134/><E32/><V128/><F121/><W4/><G34/><T85/><D105/><U100/><E81/><V53/><F113/><W82/><G111/><T126/><D72/><U77/><E77/><V8/><F128/><N who="1" m="49225" /><E125/><V48/><F69/><W88/><G132/><T73/><D73/><U86/><E86/><N who="0" m="33385" /><D126/><U31/><E31/><V109/><F62/><W124/><G124/><T13/><D135/><U43/><E43/><V36/><F36/><AGARI ba="0,0" hai="6,11,15,36,41,45,96,100,104,133,134" m="49225" machi="36" ten="30,1500,0" yaku="19,1" doraHai="80" who="1" fromWho="2" sc="250,0,250,15,230,-15,270,0" /><INIT seed="1,1,0,5,3,77" ten="250,265,215,270" oya="1" hai0="55,82,126,39,3,131,0,81,13,74,134,41,62" hai1="83,32,93,18,84,65,71,100,50,127,33,34,47" hai2="64,128,125,48,123,95,104,115,31,2,29,108,60" hai3="24,132,112,130,7,20,28,91,67,59,14,61,4"/><U45/><E127/><V63/><F2/><W120/><G112/><T80/><D126/><U101/><E71/><V36/><F36/><W135/><G120/><T94/><D74/><U129/><E65/><V85/><F104/><W114/><G114/><T88/><D131/><U69/><E69/><V10/><F128/><W37/><G37/><T44/><D134/><U119/><E119/><V52/><F123/><W99/><G130/><T21/><D62/><U89/><E129/><V27/><F10/><W8/><G135/><T51/><D21/><U46/><E18/><V124/><F115/><W16/><G132/><T12/><D0/><U15/><E15/><V98/><F31/><W117/><G117/><T87/><REACH who="0" step="1"/><D3/><REACH who="0" ten="240,265,215,270" step="2"/><U49/><REACH who="1" step="1"/><E93/><AGARI ba="1,1" hai="4,7,8,14,16,20,24,28,59,61,67,91,93,99" machi="93" ten="40,2600,0" yaku="8,1,54,1" doraHai="77" who="3" fromWho="1" sc="240,0,265,-29,215,0,270,39" /><INIT seed="2,0,0,4,1,80" ten="240,236,215,309" oya="2" hai0="106,134,73,69,57,105,119,68,47,32,97,128,38" hai1="65,89,37,120,64,40,11,88,116,127,18,17,133" hai2="54,41,110,56,74,130,113,100,53,67,124,122,23" hai3="91,4,55,42,98,60,104,51,94,13,44,135,62"/><V19/><F74/><W7/><G135/><T86/><D57/><U117/><E133/><V102/><F122/><W5/><G104/><T28/><D86/><U46/><E120/><V132/><F113/><W84/><G13/><T81/><D134/><U103/><E103/><V3/><F3/><W34/><G34/><T66/><D128/><U125/><E11/><V92/><F130/><W83/><REACH who="3" step="1"/><G55/><REACH who="3" ten="240,236,215,299" step="2"/><T0/><D0/><U45/><E37/><V77/><F54/><W27/><G27/><N who="0" m="18463" /><D119/><U71/><E71/><N who="0" m="27209" /><D66/><U126/><E127/><V82/><F124/><W58/><G58/><T49/><D105/><U25/><E25/><V39/><F67/><W109/><G109/><T112/><D112/><U95/><E40/><V75/><F110/><W48/><G48/><T9/><D49/><U63/><E63/><V22/><F132/><W35/><G35/><T20/><D106/><U8/><E126/><V93/><F41/><W30/><G30/><T15/><D15/><U52/><E125/><V118/><F39/><W107/><G107/><T76/><D38/><U79/><E52/><V121/><F121/><W29/><G29/><T24/><D24/><U26/><E26/><V90/><F118/><W50/><G50/><T43/><D43/><U36/><E36/><V31/><F53/><W70/><G70/><T59/><D59/><U123/><E123/><V108/><F56/><W131/><G131/><T2/><D2/><U129/><E129/><V14/><F108/><W114/><G114/><T72/><D47/><U96/><E64/><V1/><F31/><W10/><G10/><RYUUKYOKU ba="0,1" sc="240,-10,236,-10,215,-10,299,30" hai3="4,5,7,42,44,51,60,62,83,84,91,94,98" /><INIT seed="3,1,1,2,2,39" ten="230,226,205,329" oya="3" hai0="40,19,44,52,54,41,130,134,10,87,29,58,46" hai1="126,117,129,6,112,115,80,86,7,96,122,2,82" hai2="93,59,100,35,38,105,36,47,24,107,60,90,33" hai3="79,9,102,25,49,99,66,127,135,89,85,70,32"/><W128/><G128/><T67/><D130/><U21/><E129/><V88/><F100/><W123/><G123/><T63/><D29/><U103/><E122/><V84/><F38/><W27/><G135/><T12/><D134/><U95/><E117/><V4/><F4/><W57/><G70/><T73/><D73/><U69/><E69/><V72/><F72/><W113/><G113/><T81/><D46/><U22/><E126/><V62/><F62/><W83/><G127/><T132/><D132/><U131/><E131/><V34/><F24/><W106/><G32/><T42/><D44/><U110/><E110/><V8/><F8/><W16/><G79/><AGARI ba="1,1" hai="10,12,19,40,41,42,52,54,58,63,67,79,81,87" machi="79" ten="40,8000,1" yaku="8,1,52,3,54,1" doraHai="39" who="0" fromWho="3" sc="230,93,226,0,205,0,329,-83" /><INIT seed="4,0,0,1,4,114" ten="323,226,205,246" oya="0" hai0="126,56,3,110,38,13,87,18,14,52,88,97,70" hai1="11,123,104,116,30,98,121,7,5,81,12,73,89" hai2="94,32,4,91,42,107,45,21,109,34,101,54,44" hai3="77,47,64,72,17,75,46,111,96,26,63,28,6"/><T135/><D70/><U15/><E30/><V76/><F109/><W35/><G111/><T85/><D38/><U58/><E104/><V23/><F4/><W119/><G119/><T48/><D3/><U33/><E33/><V60/><F76/><W22/><G6/><T108/><D126/><U16/><E116/><V9/><F9/><W50/><G96/><T65/><D135/><U68/><E68/><V74/><F74/><W112/><G112/><T127/><D127/><U41/><E41/><V80/><F80/><W66/><G47/><N who="0" m="27679" /><D110/><U84/><E73/><V102/><F107/><W106/><G106/><T93/><D108/><U25/><E123/><V37/><F34/><W90/><G90/><T83/><D18/><U118/><E118/><V43/><F32/><W2/><G2/><T115/><D115/><U71/><E71/><V92/><F91/><W24/><G77/><N who="0" m="46319" /><D97/><U27/><E121/><V86/><F86/><W40/><G66/><T134/><D134/><U79/><E58/><AGARI ba="0,0" hai="17,22,24,26,28,35,40,46,50,58,63,64,72,75" machi="58" ten="30,1000,0" yaku="7,1" doraHai="114" who="3" fromWho="1" sc="323,0,226,-10,205,0,246,10" /><INIT seed="5,0,0,2,4,92" ten="323,216,205,256" oya="1" hai0="61,86,99,44,73,14,111,94,49,124,50,21,102" hai1="60,15,16,91,40,20,66,3,63,27,26,80,9" hai2="82,1,119,81,6,67,23,11,19,4,62,72,39" hai3="56,24,52,122,17,59,46,48,35,85,83,90,32"/><U37/><E37/><V128/><F119/><W28/><G122/><T45/><D73/><U71/><E40/><V25/><F39/><W117/><G117/><T131/><D111/><U132/><E132/><V65/><F65/><W7/><G32/><T100/><D124/><U97/><E63/><V74/><F128/><W51/><G7/><T47/><D131/><U77/><E3/><V10/><F72/><W64/><G64/><T69/><D86/><U58/><E71/><V101/><F101/><W53/><REACH who="3" step="1"/><G17/><REACH who="3" ten="323,216,205,246" step="2"/><N who="0" m="10423" /><D69/><U108/><E108/><V116/><F116/><W93/><G93/><N who="0" m="58479" /><D61/><U13/><E13/><V18/><F18/><W29/><G29/><T12/><D12/><U103/><E26/><V78/><F62/><W55/><G55/><T127/><D127/><U33/><E33/><V106/><F67/><W31/><G31/><T114/><D114/><U95/><E27/><V118/><F118/><W43/><G43/><T109/><D109/><U105/><E9/><V70/><F70/><W120/><G120/><T115/><D115/><U54/><E66/><V110/><F110/><W126/><G126/><T76/><D76/><U87/><E105/><V5/><F106/><W30/><G30/><T42/><D42/><U104/><E104/><V129/><F129/><W112/><G112/><T121/><D121/><U88/><AGARI ba="0,1" hai="15,16,20,54,58,60,77,80,87,88,91,95,97,103" machi="88" ten="30,12000,1" yaku="0,1,8,1,52,1,54,2" doraHai="92" who="1" fromWho="1" sc="323,-40,216,130,205,-40,246,-40" /><INIT seed="5,1,0,2,4,102" ten="283,346,165,206" oya="1" hai0="109,76,66,87,78,60,97,123,73,19,94,62,111" hai1="20,95,67,105,16,21,112,121,26,86,106,53,34" hai2="15,117,47,119,59,79,71,56,42,88,32,135,131" hai3="46,82,124,7,100,43,130,18,125,83,1,12,64"/><U27/><E34/><V25/><F79/><W4/><G130/><T104/><D62/><U98/><E121/><V11/><F71/><W13/><G1/><T81/><D78/><U113/><E67/><V89/><F131/><W36/><G100/><T61/><D61/><U90/><E53/><V52/><F59/><W85/><G64/><T45/><D45/><U108/><E108/><V40/><F40/><W132/><G132/><T49/><D49/><U5/><E5/><V107/><F107/><W127/><G13/><T91/><D19/><U24/><E24/><V44/><F135/><W2/><G2/><T63/><D63/><U14/><E14/><V6/><F32/><W74/><G74/><T37/><D37/><U116/><E116/><V48/><F47/><W115/><G115/><N who="1" m="44106" /><E98/><V3/><F3/><W35/><G35/><T126/><D126/><U54/><E54/><V101/><F101/><W28/><G28/><AGARI ba="1,0" hai="16,20,21,26,27,28,86,90,95,105,106" m="44106" machi="28" ten="30,11600,0" yaku="15,1,52,2,54,1" doraHai="102" who="1" fromWho="3" sc="283,0,346,119,165,0,206,-119" /><INIT seed="5,2,0,4,1,32" ten="283,465,165,87" oya="1" hai0="12,135,48,109,88,20,79,23,55,61,73,103,84" hai1="68,7,24,11,123,134,46,26,117,94,21,13,4" hai2="9,39,85,72,116,10,81,62,80,47,98,41,92" hai3="63,67,101,0,31,28,42,8,2,118,100,96,29"/><U45/><E68/><V132/><F116/><W15/><G118/><T56/><D109/><U27/><E117/><V16/><F132/><W93/><G42/><T54/><D135/><U105/><E105/><V65/><F72/><W130/><G101/><T91/><D103/><U95/><E134/><V87/><F80/><W122/><G122/><T124/><D124/><U22/><E123/><V33/><F33/><W25/><G130/><T43/><D43/><U6/><E11/><V53/><F53/><W127/><G127/><T106/><D106/><U131/><E131/><V49/><F39/><W113/><G25/><T70/><D70/><U129/><E129/><V35/><F35/><W1/><G113/><T115/><D115/><U82/><E82/><V66/><F66/><W125/><G125/><T104/><D104/><U69/><E69/><V102/><F87/><W18/><REACH who="3" step="1"/><G31/><REACH who="3" ten="283,465,165,77" step="2"/><T17/><D73/><U121/><E121/><V51/><F41/><W120/><G120/><T14/><D79/><U114/><E114/><V133/><F133/><W44/><G44/><T3/><D3/><U38/><E46/><V19/><F47/><W97/><G97/><T52/><D48/><U5/><E45/><V108/><F51/><W40/><G40/><T90/><D84/><U60/><E38/><V76/><F49/><W71/><AGARI ba="2,1" hai="0,1,2,8,15,18,28,29,63,67,71,93,96,100" machi="71" ten="30,8000,1" yaku="1,1,0,1,52,3,53,0" doraHai="32" doraHaiUra="36" who="3" fromWho="3" sc="283,-22,465,-42,165,-22,77,96" /><INIT seed="6,0,0,2,4,119" ten="261,423,143,173" oya="2" hai0="85,79,100,64,3,110,118,6,8,57,80,32,62" hai1="33,72,115,76,28,67,54,63,22,122,55,69,123" hai2="16,23,98,49,26,44,38,11,53,99,126,48,108" hai3="94,20,34,125,104,60,78,82,4,61,86,127,46"/><V37/><F108/><W10/><G104/><T113/><D110/><U88/><E33/><V21/><F126/><N who="3" m="48139" /><G34/><T14/><D113/><U103/><E103/><V74/><F74/><W42/><G20/><T107/><D32/><U5/><E5/><V70/><F70/><W135/><G94/><T87/><D118/><U40/><E40/><V18/><F11/><W111/><G135/><T2/><D87/><U105/><E105/><V39/><REACH who="2" step="1"/><F49/><REACH who="2" ten="261,423,133,173" step="2"/><N who="3" m="26839" /><G111/><T12/><D2/><AGARI ba="0,1" hai="2,4,10,60,61,78,82,86" m="26839,48139" machi="2" ten="30,1000,0" yaku="18,1" doraHai="119" who="3" fromWho="0" sc="261,-10,423,0,133,0,173,20" /><INIT seed="7,0,0,3,1,63" ten="251,423,133,193" oya="3" hai0="26,36,16,88,69,73,115,1,95,116,75,66,121" hai1="34,77,57,21,109,78,106,12,35,108,110,101,15" hai2="122,89,79,129,23,128,50,97,5,103,2,46,67" hai3="17,7,9,74,58,65,49,82,4,118,55,81,64"/><W40/><G118/><T28/><D36/><U100/><E57/><V37/><F37/><W120/><G120/><T45/><D116/><U114/><E21/><V33/><F33/><W83/><G74/><T125/><D121/><U59/><E59/><V8/><F79/><W38/><G38/><T80/><D1/><U43/><E43/><V31/><F122/><W96/><G40/><T13/><D45/><U42/><E42/><V48/><F89/><W87/><G87/><T52/><D125/><U3/><E3/><V124/><F124/><W134/><G134/><T0/><D0/><U41/><E41/><V113/><F113/><W25/><G96/><T98/><D115/><U111/><E111/><V14/><F46/><W92/><G92/><T112/><D112/><U119/><E114/><V61/><F31/><W135/><G135/><T20/><D80/><U24/><E119/><V29/><F2/><W133/><G133/><T104/><D104/><U71/><E109/><V91/><F91/><W93/><G93/><T123/><D123/><U6/><E6/><N who="3" m="2090" /><G25/><T132/><D132/><U90/><E24/><V99/><F99/><W47/><G47/><T84/><D98/><U117/><E117/><V53/><F97/><W51/><G51/><N who="2" m="19497" /><F103/><W44/><G44/><T126/><D126/><U11/><E71/><N who="2" m="42479" /><F53/><W22/><G55/><T102/><D102/><U60/><E101/><V85/><F85/><W72/><G72/><T107/><D107/><U105/><E106/><V27/><F5/><W127/><G127/><T94/><D52/><U18/><E110/><V131/><F131/><RYUUKYOKU ba="0,0" sc="251,-10,423,-10,133,30,193,-10" hai2="8,14,23,27,29,128,129" owari="241,4.0,413,52.0,163,-34.0,183,-22.0" /></mjloggm>