<mjloggm ver="2.3"><GO type="225" lobby="0"/><UN n0="%E3%81%82%E3%81%9A%E3%81%8D%E3%81%82%E3%81%9A%E3%81%95" n1="%E5%85%AC%E5%8B%99%E5%93%A1%E3%81%8F%E3%82%93" n2="%E7%88%86%E7%89%8C%E3%82%A6%E3%82%B7%E3%82%B8%E3%83%9E%E3%81%8F%E3%82%93" n3="%E9%BA%BB%E9%9B%80%E3%81%9F%E3%81%AE%E3%81%97" dan="16,16,16,16" rate="2110.81,2140.57,2102.37,2135.63" sx="M,F,M,F"/><TAIKYOKU oya="0"/><INIT seed="0,0,0,3,2,113" ten="250,250,250,250" oya="0" hai0="124,67,88,68,130,133,119,18,75,74,99,94,83" hai1="79,132,80,32,45,55,5,31,23,12,28,93,1" hai2="106,16,97,91,70,81,84,116,52,82,105,0,78" hai3="10,109,33,112,21,25,51,13,7,90,17,76,69"/><T77/><D124/><U57/><E132/><V56/><F70/><W6/><G69/><T71/><D133/><U86/><E32/><V44/><F0/><W60/><G76/><T49/><D130/><U59/><E1/><V53/><F116/><W72/><G72/><T126/><D126/><U34/><E34/><V58/><F44/><W64/><G64/><T15/><D75/><U127/><E127/><V111/><F111/><W38/><G38/><T121/><D121/><U46/><E93/><V54/><F97/><W101/><G101/><T102/><D67/><U8/><E23/><V63/><F16/><N who="3" m="12455" /><G60/><T20/><D119/><U19/><E19/><V29/><F29/><N who="1" m="11337" /><E59/><V104/><REACH who="2" step="1"/><F58/><REACH who="2" ten="250,250,240,250" step="2"/><W47/><G109/><T43/><REACH who="0" step="1"/><D102/><REACH who="0" ten="240,250,240,250" step="2"/><U95/><E95/><V26/><F26/><W118/><G118/><T11/><D11/><U134/><E134/><V37/><F37/><W61/><G10/><T14/><D14/><U131/><E131/><V114/><F114/><W92/><G112/><T36/><D36/><U98/><E98/><V108/><F108/><W22/><G13/><T89/><D89/><U3/><E3/><V103/><F103/><W2/><G90/><T4/><D4/><U115/><E115/><V39/><F39/><W30/><G7/><T100/><D100/><U27/><E27/><V128/><F128/><W135/><G6/><T96/><D96/><U73/><E73/><AGARI ba="0,2" hai="52,53,54,56,63,73,78,81,82,84,91,104,105,106" machi="73" ten="40,2600,0" yaku="1,1,54,1,53,0" doraHai="113" doraHaiUra="120" who="2" fromWho="1" sc="240,0,250,-26,240,46,250,0" /><INIT seed="1,0,0,2,1,110" ten="240,224,286,250" oya="1" hai0="106,87,104,15,29,0,86,93,47,83,102,27,67" hai1="65,52,98,123,34,16,56,80,107,71,53,66,30" hai2="68,3,28,44,6,94,49,96,45,121,89,69,13" hai3="26,12,129,9,95,73,43,131,58,130,54,126,23"/><U50/><E123/><V133/><F121/><W36/><G73/><T92/><D0/><U46/><E71/><V135/><F28/><W114/><G114/><T40/><D67/><N who="1" m="25611" /><E34/><V20/><F3/><W79/><G79/><T35/><D15/><U75/><E75/><V32/><F32/><W120/><G120/><T91/><D102/><U70/><E107/><V85/><F45/><W128/><G126/><T57/><D57/><U134/><E70/><V2/><F2/><W105/><G105/><T88/><REACH who="0" step="1"/><D83/><REACH who="0" ten="230,224,286,250" step="2"/><U77/><E134/><V60/><F69/><W7/><G58/><T118/><D118/><U8/><E30/><V55/><F68/><W18/><G131/><T78/><D78/><U14/><E98/><V124/><F96/><W108/><G130/><T25/><D25/><U122/><E122/><V39/><F133/><W38/><G129/><T19/><D19/><U113/><E113/><V115/><F135/><W61/><G128/><T101/><D101/><U74/><E74/><V33/><F115/><W4/><G18/><T76/><D76/><U1/><E1/><V22/><F13/><W116/><G12/><T24/><D24/><U99/><E99/><V5/><F5/><W72/><G26/><T17/><D17/><U41/><E56/><V48/><F6/><W31/><G4/><T111/><D111/><U125/><E125/><V97/><F97/><W100/><G31/><T21/><D21/><U10/><E10/><V119/><F22/><W37/><G23/><T103/><D103/><U51/><E51/><AGARI ba="0,1" hai="27,29,35,40,47,51,86,87,88,91,92,93,104,106" machi="51" ten="30,7700,0" yaku="1,1,7,1,9,1,54,1,53,0" doraHai="110" doraHaiUra="64" who="0" fromWho="1" sc="230,87,224,-77,286,0,250,0" /><INIT seed="2,0,0,5,2,101" ten="317,147,286,250" oya="2" hai0="47,65,7,125,22,132,131,1,104,46,35,8,80" hai1="71,18,113,85,94,25,119,117,76,5,107,24,12" hai2="103,112,108,59,20,54,82,15,97,31,40,32,78" hai3="79,70,102,50,56,61,48,126,90,118,72,27,88"/><V100/><F112/><W109/><G70/><T51/><D35/><U86/><E71/><V111/><F40/><W34/><G118/><T128/><D125/><U29/><E113/><V73/><F32/><W43/><G126/><T114/><D114/><U11/><E107/><V96/><F31/><W89/><G109/><N who="2" m="42057" /><F20/><W91/><G102/><N who="2" m="38953" /><F15/><W99/><G34/><T2/><D2/><U115/><E115/><V53/><F53/><W133/><G27/><T41/><D22/><U21/><E94/><V77/><F77/><W87/><G72/><T75/><D75/><U55/><E86/><V120/><F120/><W23/><G23/><T10/><D41/><U58/><E117/><V130/><F130/><W63/><G43/><T36/><D1/><U30/><E119/><V83/><F83/><N who="3" m="47615" /><G61/><AGARI ba="0,0" hai="54,59,61,73,78,82,96,97" m="38953,42057" machi="61" ten="30,2900,0" yaku="14,1,10,1" doraHai="101" who="2" fromWho="3" sc="317,0,147,0,286,29,250,-29" /><INIT seed="2,1,0,5,5,34" ten="317,147,315,221" oya="2" hai0="56,72,86,125,81,5,25,90,6,112,18,97,101" hai1="96,55,73,126,124,47,38,114,15,32,42,48,21" hai2="51,107,110,75,111,52,132,117,30,36,14,44,50" hai3="128,105,115,70,127,82,84,11,77,93,26,1,99"/><V65/><F117/><W16/><G70/><T135/><D112/><U8/><E32/><V53/><F75/><W24/><G115/><T33/><D135/><U10/><E114/><V20/><F107/><W87/><G105/><T59/><D125/><U91/><E73/><V100/><F100/><W76/><G1/><T69/><D69/><U58/><E21/><V37/><F65/><W122/><G122/><T85/><D72/><U92/><REACH who="1" step="1"/><E15/><REACH who="1" ten="317,137,315,221" step="2"/><V68/><F14/><N who="3" m="7263" /><G128/><T23/><D33/><U43/><E43/><V83/><F20/><W79/><G127/><AGARI ba="1,1" hai="8,10,38,42,47,48,55,58,91,92,96,124,126,127" machi="127" ten="40,2600,0" yaku="1,1,18,1,53,0" doraHai="34" doraHaiUra="22" who="1" fromWho="3" sc="317,0,137,39,315,0,221,-29" /><INIT seed="3,0,0,1,4,98" ten="317,176,315,192" oya="3" hai0="74,66,48,128,41,23,63,45,83,10,49,89,50" hai1="54,43,135,86,16,82,9,3,7,80,78,79,127" hai2="22,47,31,4,106,64,46,93,24,2,84,62,81" hai3="91,35,5,102,115,75,121,61,20,42,132,105,33"/><W73/><G121/><T69/><D128/><U117/><E127/><V36/><F106/><W125/><G125/><T58/><D10/><U65/><E135/><V114/><F114/><W85/><G132/><T76/><D89/><U126/><E126/><V131/><F131/><W27/><G5/><T15/><D69/><U44/><E117/><V40/><F93/><W72/><G115/><T70/><D70/><U103/><E65/><V90/><F47/><W95/><G42/><T87/><D74/><N who="1" m="43095" /><E54/><V134/><F134/><W39/><G39/><T34/><D34/><U116/><E116/><V110/><F110/><W18/><REACH who="3" step="1"/><G61/><REACH who="3" ten="317,176,315,182" step="2"/><T122/><D122/><U12/><E103/><V108/><F108/><W130/><G130/><T120/><D120/><U99/><E99/><AGARI ba="0,1" hai="18,20,27,33,35,72,73,75,85,91,95,99,102,105" machi="99" ten="40,12000,1" yaku="1,1,52,1,53,3" doraHai="98" doraHaiUra="104" who="3" fromWho="1" sc="317,0,176,-120,315,0,182,130" /><INIT seed="3,1,0,5,5,56" ten="317,56,315,312" oya="3" hai0="76,67,0,91,135,7,4,116,5,89,117,127,18" hai1="29,103,2,95,50,134,21,32,69,101,27,57,114" hai2="66,35,93,108,97,36,125,119,19,48,42,86,40" hai3="90,120,49,34,46,81,14,38,58,121,12,87,23"/><W84/><G38/><T133/><D0/><U82/><E114/><V128/><F119/><N who="0" m="45642" /><D127/><U64/><E69/><V54/><F108/><W63/><G34/><T15/><D67/><U61/><E2/><V126/><F36/><W71/><G71/><T26/><D26/><U130/><E130/><V111/><F35/><W92/><G121/><T83/><D18/><U51/><E134/><N who="0" m="51209" /><D15/><N who="3" m="5673" /><G120/><T88/><D91/><U53/><E32/><V96/><F66/><N who="3" m="39287" /><G23/><T105/><D105/><U131/><E131/><V68/><F68/><W20/><G20/><T112/><D112/><U99/><E103/><V22/><F111/><W8/><G8/><T107/><D107/><U62/><REACH who="1" step="1"/><E82/><REACH who="1" ten="317,46,315,312" step="2"/><V75/><F128/><W94/><G84/><AGARI ba="1,1" hai="4,5,7,76,83,84,88,89" m="51209,45642" machi="84" ten="40,2600,0" yaku="20,1,54,1" doraHai="56" who="0" fromWho="3" sc="317,39,46,0,315,0,312,-29" owari="356,45.0,46,-45.0,315,12.0,283,-12.0" /></mjloggm>