<mjloggm ver="2.3"><GO type="169" lobby="0"/><UN n0="%6D%69%7A%75%79%6F%75" n1="%E3%82%B7%E3%83%B3%E3%83%95%E3%82%A9%E3%83%8B%E3%82%A2" n2="%E6%9D%B1%E4%BA%AC%E9%9B%BB%E5%8A%9B" n3="%63%61%70%64%75%63%61%6C" dan="16,18,17,16" rate="2187.13,2237.11,2219.75,2147.66" sx="M,M,M,M"/><TAIKYOKU oya="0"/><INIT seed="0,0,0,3,2,101" ten="250,250,250,250" oya="0" hai0="34,29,89,83,77,35,86,99,135,73,5,111,120" hai1="105,54,62,121,4,39,30,122,125,22,131,2,66" hai2="16,55,130,59,79,91,36,31,106,18,95,98,19" hai3="112,44,115,72,57,37,3,63,24,13,92,114,71"/><T43/><D120/><U127/><E54/><V100/><F36/><W6/><G3/><T90/><D135/><U97/><E39/><V107/><F130/><W81/><G71/><T27/><D5/><U42/><E42/><V109/><F109/><W88/><G24/><T50/><D111/><U87/><E87/><V85/><F31/><W134/><G134/><T41/><D35/><U51/><E51/><V49/><REACH who="2" step="1"/><F79/><REACH who="2" ten="250,250,240,250" step="2"/><W65/><G37/><T104/><D90/><U10/><E30/><V12/><F12/><W133/><G133/><T0/><D0/><U118/><E131/><V116/><F116/><W20/><G13/><T21/><D34/><U15/><E118/><V14/><F14/><W56/><G115/><T124/><D124/><N who="1" m="47691" /><E15/><V93/><AGARI ba="0,1" hai="16,18,19,49,55,59,85,91,93,95,98,100,106,107" machi="93" ten="30,8000,1" yaku="1,1,0,1,52,2,54,1,53,0" doraHai="101" doraHaiUra="26" who="2" fromWho="2" sc="250,-40,250,-20,240,90,250,-20" /><INIT seed="1,0,0,2,5,89" ten="210,230,330,230" oya="1" hai0="50,68,30,85,129,24,77,90,127,58,59,93,101" hai1="28,0,124,17,46,67,128,109,62,36,132,25,116" hai2="6,105,106,39,31,19,83,56,103,72,42,22,118" hai3="82,123,41,35,26,80,86,7,102,32,125,94,131"/><U34/><E116/><V111/><F118/><W96/><G123/><T55/><D68/><U104/><E128/><V126/><F31/><W20/><G131/><T134/><D127/><U61/><E124/><V33/><F33/><W48/><G80/><T73/><D134/><U65/><E132/><V81/><F6/><W29/><G125/><T27/><D129/><U120/><E120/><V45/><F103/><W76/><G7/><T121/><D121/><U53/><E0/><V66/><F111/><W88/><G41/><T91/><D101/><U71/><E104/><V64/><F83/><W74/><G48/><T108/><D108/><U98/><E109/><V5/><F5/><W51/><REACH who="3" step="1"/><G51/><REACH who="3" ten="210,230,330,220" step="2"/><T79/><D50/><U3/><E3/><V10/><F42/><W13/><G13/><T47/><D77/><U122/><E122/><V52/><F81/><W11/><G11/><T57/><D79/><U38/><E38/><V117/><F10/><W1/><G1/><T43/><D73/><U115/><E36/><V135/><F72/><W87/><G87/><T113/><D43/><U133/><E133/><V112/><F135/><W69/><G69/><T78/><D78/><U2/><E2/><V44/><F126/><W9/><G9/><T99/><D85/><U114/><E71/><V21/><F39/><W97/><G97/><T92/><D99/><U110/><E98/><V12/><F117/><W14/><G14/><T8/><D8/><U16/><E110/><V75/><F75/><W37/><G37/><T54/><D24/><U100/><E25/><V40/><F40/><RYUUKYOKU ba="0,1" sc="210,-10,230,-10,330,-10,220,30" hai3="20,26,29,32,35,74,76,82,86,88,94,96,102" /><INIT seed="2,1,1,4,1,106" ten="200,220,320,250" oya="2" hai0="19,134,8,119,79,27,44,122,50,87,116,6,102" hai1="118,100,98,12,132,18,128,111,107,42,11,91,49" hai2="125,67,0,126,66,68,21,4,52,31,57,123,35" hai3="25,72,83,82,20,112,97,59,28,24,23,70,60"/><V30/><F35/><W34/><G70/><T9/><D122/><U64/><E111/><V88/><F68/><W76/><G112/><T80/><D134/><U62/><E118/><N who="0" m="45097" /><D102/><U124/><E132/><V65/><F123/><W92/><G82/><T131/><D131/><U45/><E128/><V5/><F21/><W32/><G23/><N who="0" m="13823" /><D6/><N who="2" m="2666" /><F0/><W74/><G25/><T40/><AGARI ba="1,1" hai="8,9,40,44,50,79,80,87" m="13823,45097" machi="40" ten="30,1100,0" yaku="12,1" doraHai="106" who="0" fromWho="0" sc="200,24,220,-4,320,-6,250,-4" /><INIT seed="3,0,0,3,0,133" ten="224,216,314,246" oya="3" hai0="110,73,6,132,109,123,100,17,51,13,24,15,88" hai1="35,40,4,134,105,28,97,52,45,93,33,122,84" hai2="77,126,68,71,30,21,94,65,26,91,70,101,9" hai3="66,104,58,95,81,131,116,103,3,64,27,53,62"/><W72/><G104/><T102/><D73/><U43/><E122/><V31/><F77/><W113/><G116/><T25/><D123/><U107/><E134/><V125/><F101/><W23/><G3/><T18/><D132/><U112/><E112/><V1/><F31/><W57/><G113/><T99/><D51/><U54/><E4/><V67/><F9/><W83/><G72/><T50/><D50/><U119/><E119/><V85/><F1/><W29/><G131/><T42/><D42/><U78/><E78/><V22/><F21/><W80/><G58/><T7/><REACH who="0" step="1"/><D99/><AGARI ba="0,0" hai="23,27,29,53,57,62,64,66,80,81,83,95,99,103" machi="99" ten="40,2000,0" yaku="8,1" doraHai="133" who="3" fromWho="0" sc="224,-20,216,0,314,0,246,20" /><INIT seed="3,1,0,1,5,98" ten="204,216,314,266" oya="3" hai0="107,43,71,76,4,26,134,21,27,56,79,40,101" hai1="23,29,91,106,67,120,60,39,90,78,14,115,105" hai2="129,99,38,58,2,1,130,30,19,83,12,117,114" hai3="69,121,44,84,53,92,62,10,7,80,20,59,85"/><W31/><G69/><T113/><D71/><U88/><E120/><V73/><F114/><W33/><G33/><T102/><D107/><U119/><E115/><V109/><F38/><W48/><G121/><T34/><D113/><U124/><E39/><V96/><F30/><W36/><G36/><T66/><D34/><U110/><E110/><V94/><F58/><W6/><G7/><T108/><D134/><U97/><E78/><N who="0" m="29737" /><D4/><U112/><E112/><V37/><F37/><W111/><G111/><T125/><D125/><U122/><E122/><V49/><F49/><W54/><G80/><T25/><D21/><U35/><E124/><V52/><F83/><W18/><G31/><T24/><D108/><U86/><E119/><V47/><F117/><W131/><G92/><T89/><D89/><U5/><E35/><V17/><F94/><W15/><REACH who="3" step="1"/><G131/><REACH who="3" ten="204,216,314,256" step="2"/><T63/><N who="0" m="6144" /><DORA hai="11" /><T128/><D128/><U77/><E29/><V13/><F109/><W42/><G42/><AGARI ba="1,1" hai="40,42,43,56,63,66,101,102" m="6144,29737" machi="42" ten="40,5200,0" yaku="8,1,52,2" doraHai="98,11" who="0" fromWho="3" sc="204,65,216,0,314,0,256,-55" /><INIT seed="4,0,0,5,2,27" ten="269,216,314,201" oya="0" hai0="82,96,53,128,60,97,56,114,77,103,48,92,94" hai1="132,45,52,3,75,49,31,24,19,91,40,14,124" hai2="22,13,118,39,84,121,38,115,116,134,57,46,89" hai3="107,50,59,80,81,28,99,102,106,32,37,5,130"/><T73/><D128/><U105/><E132/><V123/><F134/><W44/><G107/><T30/><D114/><U11/><E124/><V93/><F115/><W113/><G113/><T12/><D12/><U133/><E133/><V35/><F35/><W17/><G17/><T108/><D108/><U62/><E105/><V69/><F69/><W86/><G5/><T66/><D30/><U34/><E75/><V68/><F68/><W127/><G130/><T131/><D131/><U70/><E91/><V29/><F57/><W33/><G81/><T54/><REACH who="0" step="1"/><D48/><REACH who="0" ten="259,216,314,201" step="2"/><U47/><E3/><V135/><F13/><W125/><G28/><T7/><D7/><U25/><E25/><N who="2" m="16567" /><F135/><W18/><G18/><T117/><D117/><N who="2" m="45162" /><F38/><W42/><G125/><T6/><D6/><U101/><E14/><V43/><AGARI ba="0,1" hai="39,43,46,84,89,93,121,123" m="45162,16567" machi="43" ten="30,2000,0" yaku="12,1,52,1" doraHai="27" who="2" fromWho="2" sc="259,-10,216,-5,314,30,201,-5" /><INIT seed="5,0,0,4,2,19" ten="249,211,344,196" oya="1" hai0="69,71,119,99,108,83,51,96,50,88,55,85,95" hai1="78,23,133,27,84,58,80,21,18,86,15,42,56" hai2="117,109,45,17,16,0,128,106,120,31,48,107,57" hai3="121,52,123,131,41,115,125,70,46,135,38,61,118"/><U37/><E133/><V1/><F31/><W7/><G7/><T112/><D108/><U68/><E68/><V40/><F117/><W129/><G118/><T122/><D119/><U124/><E124/><V25/><F109/><W102/><G102/><T82/><D112/><U59/><E37/><V74/><F74/><W105/><G105/><T24/><D122/><U2/><E2/><V90/><F120/><N who="3" m="46155" /><G135/><T34/><D34/><U53/><E42/><V92/><F128/><N who="3" m="49227" /><G115/><T28/><D96/><U134/><E134/><V63/><F106/><W44/><G125/><T47/><D82/><U39/><E39/><V103/><F103/><W81/><G81/><T65/><D51/><N who="1" m="30783" /><E86/><V87/><F107/><W62/><G70/><T29/><D65/><U66/><E66/><V89/><F0/><W104/><G104/><T76/><REACH who="0" step="1"/><D29/><AGARI ba="0,0" hai="15,18,21,23,27,29,58,59,78,80,84" m="30783" machi="29" ten="30,5800,0" yaku="8,1,52,2" doraHai="19" who="1" fromWho="0" sc="249,-58,211,58,344,0,196,0" /><INIT seed="5,1,0,0,1,18" ten="191,269,344,196" oya="1" hai0="5,26,134,7,107,76,135,121,80,12,132,119,54" hai1="113,27,64,125,105,25,58,23,9,75,103,51,15" hai2="87,14,32,43,98,0,81,24,29,127,41,30,61" hai3="68,92,42,109,106,126,115,69,62,65,93,122,35"/><U48/><E75/><V53/><F0/><W16/><G106/><T100/><D119/><U67/><E113/><V49/><F127/><W20/><G35/><T133/><N who="0" m="33792" /><DORA hai="17" /><T37/><D37/><U47/><E125/><V10/><F61/><W97/><G126/><T71/><D71/><U82/><E105/><V116/><F98/><W52/><G109/><T2/><D2/><U104/><E104/><V22/><F29/><W120/><G69/><T108/><D108/><U88/><E103/><V89/><F32/><W72/><G42/><T96/><D121/><U118/><E25/><V86/><F86/><W79/><G92/><T60/><D12/><U101/><E101/><V111/><F116/><W85/><G72/><T94/><D107/><U84/><E118/><V90/><F90/><W123/><G115/><T57/><REACH who="0" step="1"/><D26/><REACH who="0" ten="181,269,344,196" step="2"/><U19/><E58/><N who="2" m="33071" /><F111/><W46/><G123/><T31/><D31/><N who="1" m="17919" /><E51/><V39/><F39/><W112/><G112/><T13/><D13/><U55/><AGARI ba="1,1" hai="9,15,19,47,48,55,64,67,82,84,88" m="17919" machi="55" ten="30,12000,1" yaku="25,1,8,1,52,2,54,1" doraHai="18,17" who="1" fromWho="1" sc="181,-41,269,133,344,-41,196,-41" /><INIT seed="5,2,0,0,5,103" ten="140,402,303,155" oya="1" hai0="55,131,125,63,11,98,25,22,67,124,59,36,14" hai1="12,87,129,95,130,48,105,37,32,66,50,27,47" hai2="73,33,15,71,57,3,108,2,120,99,85,117,61" hai3="116,78,86,90,101,34,38,64,41,58,88,0,9"/><U42/><E12/><V7/><F33/><W70/><G70/><T75/><D75/><U16/><E32/><V96/><F73/><W44/><G34/><T134/><D36/><U121/><E121/><V119/><F71/><W92/><G116/><T1/><D1/><U40/><E66/><V19/><F7/><W104/><G90/><T97/><D131/><U76/><E105/><V26/><F26/><W28/><G28/><T54/><D134/><U89/><E76/><V10/><F120/><W56/><G64/><T39/><D39/><U91/><E91/><V100/><F85/><W135/><G135/><T79/><D79/><U17/><E37/><V65/><F99/><N who="0" m="37898" /><D125/><U23/><E17/><V60/><F60/><W72/><G0/><T132/><D124/><U6/><E6/><V133/><F133/><W68/><G68/><T53/><D132/><U111/><E111/><V115/><F108/><W123/><G123/><T128/><D128/><U31/><E31/><V84/><F117/><W24/><G24/><T21/><D25/><U62/><E62/><V77/><F119/><W20/><G72/><T8/><D8/><U13/><E27/><V118/><F118/><W107/><G9/><T51/><D51/><U110/><E110/><V102/><F102/><W4/><G101/><T113/><D113/><U81/><E130/><V18/><F115/><W93/><G78/><T127/><D127/><U83/><E129/><V122/><F122/><W106/><G38/><T29/><D29/><U35/><E35/><V45/><F77/><W30/><G30/><T5/><AGARI ba="2,0" hai="5,11,14,21,22,53,54,55,59,63,67" m="37898" machi="5" ten="30,2000,0" yaku="5,1,8,1" doraHai="103" who="0" fromWho="0" sc="140,26,402,-12,303,-7,155,-7" /><INIT seed="6,0,0,4,2,65" ten="166,390,296,148" oya="2" hai0="80,54,129,71,28,4,12,26,133,121,5,81,47" hai1="99,117,72,105,101,17,109,79,83,86,124,74,22" hai2="119,33,116,63,11,42,91,27,104,56,123,89,62" hai3="20,115,15,31,55,76,37,44,30,52,64,84,7"/><V13/><F104/><W122/><G122/><T88/><D121/><U36/><E109/><V29/><F123/><W75/><G75/><T18/><D133/><U40/><E117/><V49/><F63/><W135/><G135/><T70/><D129/><U1/><E1/><V67/><F42/><W94/><G64/><T93/><D4/><U60/><E124/><V92/><F49/><W16/><G7/><T61/><D5/><U103/><E103/><V2/><F2/><W90/><G76/><T68/><D47/><U23/><E60/><V128/><F128/><W21/><G115/><T24/><D54/><N who="3" m="20521" /><G37/><T114/><D61/><U25/><REACH who="1" step="1"/><E22/><REACH who="1" ten="166,380,296,148" step="2"/><N who="3" m="8810" /><G44/><AGARI ba="0,1" hai="17,23,25,36,40,44,72,74,79,83,86,99,101,105" machi="44" ten="40,1300,0" yaku="1,1,53,0" doraHai="65" doraHaiUra="45" who="1" fromWho="3" sc="166,0,380,23,296,0,148,-13" /><INIT seed="7,0,0,4,3,82" ten="166,403,296,135" oya="3" hai0="108,91,73,81,86,65,133,18,56,63,113,61,68" hai1="76,4,9,38,55,49,0,70,47,98,29,12,84" hai2="6,114,54,120,100,36,40,15,107,126,115,74,96" hai3="28,33,69,13,92,72,17,48,52,8,25,127,64"/><W41/><G127/><T104/><D108/><U39/><E70/><V83/><F54/><W26/><G72/><T121/><D104/><U125/><E125/><V3/><F15/><W27/><G41/><T129/><D121/><U57/><E29/><V24/><F24/><W2/><G2/><T90/><D73/><U75/><E98/><V58/><F58/><W22/><G69/><T97/><D133/><U77/><E75/><V122/><F126/><W80/><G64/><T20/><D129/><U34/><E34/><V16/><F16/><W118/><G118/><T101/><D113/><N who="2" m="43018" /><F6/><W128/><G128/><T124/><D101/><U10/><E39/><V102/><F3/><W88/><G80/><T94/><D124/><U116/><E116/><V62/><F62/><W30/><G30/><T132/><D132/><U44/><E38/><V112/><F112/><W53/><G53/><T19/><D20/><U11/><E0/><V95/><F40/><W106/><G106/><T51/><D51/><U60/><E49/><V109/><F36/><W110/><G110/><T89/><D89/><U134/><E55/><AGARI ba="0,0" hai="18,19,55,56,61,63,65,68,81,86,90,91,94,97" machi="55" ten="30,2000,0" yaku="7,1,52,1" doraHai="82" who="0" fromWho="1" sc="166,20,403,-20,296,0,135,0" owari="186,-21.0,383,47.0,296,10.0,135,-36.0" /></mjloggm>