<mjloggm ver="2.3"><GO type="185" lobby="0"/><UN n0="%4B%69%64%6F%37%35%30%30" n1="%6D%28%E3%81%AE%5F%E3%81%AE%29%6D%E2%99%AA" n2="%6A%68%6B%6C%3B%2E%3A%2F" n3="" dan="16,16,16,0" rate="2104.30,2180.13,2143.00,1500.00" sx="M,M,F,C"/><TAIKYOKU oya="0"/><INIT seed="0,0,0,5,5,82" ten="350,350,350,0" oya="0" hai0="126,91,53,133,99,40,119,100,39,76,88,61,49" hai1="117,64,62,101,58,73,89,86,93,94,87,55,83" hai2="38,70,75,85,105,102,78,48,50,57,41,69,63" hai3=""/><T135/><D119/><U120/><N who="1" m="30752" /><U36/><E36/><V92/><F75/><T74/><D126/><U37/><E37/><V71/><F105/><T68/><D40/><U115/><E117/><V98/><F38/><T111/><D39/><U0/><E0/><V114/><F114/><T67/><D111/><U65/><E115/><V122/><N who="2" m="31264" /><V33/><F33/><T43/><D43/><U129/><E129/><V96/><F96/><T66/><D66/><N who="1" m="25707" /><E73/><V2/><F2/><T84/><D76/><U134/><E134/><N who="0" m="51209" /><D74/><U1/><E1/><V112/><F112/><T97/><D91/><U125/><E125/><V118/><F118/><T123/><N who="0" m="31520" /><T121/><N who="0" m="31008" /><T3/><D3/><U128/><E128/><V90/><F78/><T52/><D100/><U42/><E42/><V59/><F41/><T106/><D106/><U132/><E132/><V108/><F108/><T54/><D49/><U104/><E104/><V103/><F103/><T47/><D47/><U109/><E109/><V44/><F44/><T95/><AGARI ba="0,0" hai="52,53,54,61,67,68,84,88,95,97,99" m="31008,31520,51209" machi="95" ten="30,12000,2" yaku="20,1,52,3,54,2" doraHai="82" who="0" fromWho="0" sc="350,120,350,-60,350,-60,0,0" /><INIT seed="0,1,0,2,5,101" ten="470,290,290,0" oya="0" hai0="57,36,53,97,42,94,121,133,88,107,112,108,49" hai1="47,125,132,76,58,99,81,96,37,124,66,128,71" hai2="80,48,95,85,104,115,72,82,98,130,93,117,68" hai3=""/><T131/><N who="0" m="31008" /><T34/><D112/><U55/><E132/><V65/><F117/><T2/><D2/><U63/><E128/><V44/><F130/><T89/><D133/><U1/><E1/><V92/><F115/><T61/><D131/><U135/><E135/><V45/><F72/><T69/><D34/><U35/><E35/><V32/><F32/><T122/><N who="0" m="31264" /><T64/><D108/><U110/><E110/><V75/><F75/><T127/><D127/><N who="1" m="48715" /><E47/><V3/><F3/><T46/><D107/><U70/><E37/><V74/><F74/><T129/><D129/><U39/><E39/><V52/><F45/><T86/><D86/><U83/><E71/><V67/><F82/><N who="1" m="31241" /><E76/><V109/><F68/><T111/><D111/><U43/><E43/><V40/><F40/><T123/><N who="0" m="31520" /><T103/><AGARI ba="1,0" hai="36,42,46,49,53,57,61,64,69,88,89,94,97,103" m="31520,31264,31008" machi="103" ten="20,16000,3" yaku="4,1,0,1,7,1,24,2,52,3,54,1" doraHai="101" who="0" fromWho="0" sc="470,162,290,-81,290,-81,0,0" /><INIT seed="0,2,0,3,4,77" ten="632,209,209,0" oya="0" hai0="112,38,75,118,114,35,109,96,33,102,91,100,65" hai1="45,121,47,129,74,67,125,0,54,48,62,40,37" hai2="83,39,68,66,73,120,122,70,104,82,95,88,78" hai3=""/><T51/><D38/><U81/><N who="1" m="31008" /><U123/><N who="1" m="31520" /><U116/><E0/><V133/><N who="2" m="30752" /><V63/><N who="2" m="31264" /><V107/><F39/><T89/><D118/><U80/><E116/><V84/><F133/><T53/><D75/><U49/><E129/><V52/><F68/><T110/><D65/><U46/><E125/><V92/><F92/><T94/><D35/><U108/><E74/><V98/><REACH who="2" step="1"/><F52/><REACH who="2" ten="632,209,199,0" step="2"/><T119/><D33/><U130/><E108/><N who="0" m="41577" /><D119/><U128/><E130/><V135/><F135/><T61/><D61/><U2/><E128/><V44/><F44/><T36/><D36/><U86/><E2/><V59/><F59/><T60/><D60/><U90/><E46/><V76/><AGARI ba="2,1" hai="63,66,70,73,76,78,82,83,84,88,95,98,104,107" m="31264,30752" machi="76" ten="20,12000,3" yaku="1,1,0,1,7,1,52,4,54,1,53,0" doraHai="77" doraHaiUra="97" who="2" fromWho="2" sc="632,-82,209,-42,199,134,0,0" /><INIT seed="1,0,0,3,1,97" ten="550,167,333,0" oya="1" hai0="103,41,77,74,44,33,111,90,51,121,49,54,91" hai1="101,113,132,39,131,75,58,38,105,85,96,79,59" hai2="65,2,98,83,94,64,1,107,35,53,73,45,86" hai3=""/><U42/><E113/><V125/><F35/><T61/><N who="0" m="31008" /><T82/><D111/><U92/><E132/><V118/><F118/><T95/><D33/><U52/><E131/><V112/><F112/><T124/><D61/><U70/><E70/><V50/><F125/><T84/><D124/><U123/><N who="1" m="31520" /><U71/><E71/><V93/><F107/><T106/><D91/><U37/><E42/><V110/><F73/><T34/><D34/><U60/><E59/><V47/><F110/><T80/><D80/><U72/><REACH who="1" step="1"/><E92/><REACH who="1" ten="550,157,333,0" step="2"/><V69/><F69/><T130/><D130/><U55/><E55/><V81/><F94/><T40/><D51/><U119/><E119/><V78/><F53/><T115/><D115/><U32/><E32/><V114/><F50/><T133/><D133/><U102/><E102/><V116/><F114/><T66/><D66/><U48/><E48/><V57/><F116/><T46/><D46/><U128/><E128/><V43/><F47/><T89/><D40/><U76/><E76/><V3/><F45/><T67/><D67/><U108/><E108/><V99/><F43/><T62/><D41/><U0/><E0/><V117/><F64/><T126/><D44/><U100/><E100/><V122/><F117/><RYUUKYOKU ba="0,1" sc="550,-10,157,20,333,-10,0,0" hai1="37,38,39,52,58,60,72,75,79,85,96,101,105" /><INIT seed="1,1,1,5,4,110" ten="540,177,323,0" oya="1" hai0="42,83,64,48,121,123,54,102,45,111,117,103,93" hai1="41,62,3,97,76,0,59,57,113,69,65,128,124" hai2="61,101,107,115,56,32,109,49,34,96,35,91,82" hai3=""/><U135/><E135/><V88/><F109/><T51/><N who="0" m="31008" /><T74/><N who="0" m="31520" /><T116/><D111/><U108/><E108/><V126/><F126/><T55/><D64/><U106/><E124/><V98/><F115/><T78/><D42/><U105/><E41/><V87/><F49/><T81/><D81/><U119/><E119/><N who="0" m="45641" /><D93/><U36/><E36/><V39/><F39/><T86/><D74/><U79/><E128/><V40/><F40/><T68/><D68/><U127/><E127/><V85/><F96/><T70/><D70/><U90/><E97/><V114/><F114/><T53/><D53/><U1/><E113/><V92/><F32/><T134/><D134/><U47/><E47/><AGARI ba="1,1" hai="45,47,48,51,54,55,78,83,86,102,103" m="45641,31520,31008" machi="47" ten="30,3900,0" yaku="12,1,52,2" doraHai="110" who="0" fromWho="1" sc="540,51,177,-41,323,0,0,0" /><INIT seed="2,0,0,3,1,40" ten="591,136,323,0" oya="2" hai0="117,121,113,83,44,87,64,108,51,110,93,79,43" hai1="99,88,59,116,123,48,74,71,86,114,58,94,76" hai2="49,47,80,34,55,107,46,96,61,62,53,1,95" hai3=""/><V103/><F1/><T35/><N who="0" m="31008" /><T0/><D0/><U63/><N who="1" m="31520" /><U72/><E114/><V112/><F34/><T115/><D35/><U57/><E116/><V78/><F112/><N who="0" m="43082" /><D117/><U70/><E48/><V102/><F107/><T77/><D77/><U50/><E50/><V92/><F53/><T91/><D64/><U100/><E63/><V97/><F47/><T73/><AGARI ba="0,0" hai="43,44,51,73,79,83,87,91,93,108,110" m="43082,31008" machi="73" ten="30,3000,0" yaku="11,1,52,2" doraHai="40" who="0" fromWho="0" sc="591,30,136,-10,323,-20,0,0" /><INIT seed="4,0,0,0,2,132" ten="621,126,303,0" oya="0" hai0="40,55,39,1,87,38,118,134,50,126,70,105,62" hai1="100,32,109,75,98,41,51,86,49,78,34,43,116" hai2="76,72,71,57,33,56,104,122,67,35,88,101,2" hai3=""/><T119/><D105/><U135/><E75/><V131/><N who="2" m="31264" /><V115/><F2/><T89/><D1/><U92/><E135/><V61/><F115/><T45/><D134/><U37/><E116/><V94/><F131/><T129/><D129/><U52/><E109/><V110/><F110/><T123/><N who="0" m="31520" /><T130/><D130/><U81/><E37/><V96/><F57/><T127/><D39/><U3/><E3/><V60/><F72/><T120/><N who="0" m="30752" /><T107/><D107/><U66/><E66/><V112/><F76/><T108/><D108/><U46/><REACH who="1" step="1"/><E43/><REACH who="1" ten="621,116,303,0" step="2"/><V99/><F112/><T95/><D119/><U68/><E68/><V79/><F79/><T93/><D118/><U83/><E83/><V128/><F128/><T59/><D70/><U69/><E69/><V117/><F117/><T114/><D114/><U54/><E54/><AGARI ba="0,1" hai="33,35,54,56,60,61,67,71,88,94,96,99,101,104" m="31264" machi="54" ten="30,3900,0" yaku="7,1,52,1,54,1" doraHai="132" who="2" fromWho="1" sc="621,0,116,-39,303,49,0,0" /><INIT seed="5,0,0,4,5,119" ten="621,77,352,0" oya="1" hai0="43,56,113,93,100,99,102,97,67,116,32,66,47" hai1="103,60,39,53,72,3,129,127,65,83,92,125,54" hai2="133,95,131,134,57,98,96,130,70,35,80,77,94" hai3=""/><U122/><N who="1" m="31264" /><U114/><E3/><V75/><F70/><T128/><D116/><U108/><E39/><V59/><F35/><T81/><D128/><N who="2" m="49194" /><F59/><T88/><D113/><U126/><E129/><V105/><F57/><T78/><D32/><U36/><E36/><V101/><F105/><T49/><D56/><U1/><E1/><V37/><F37/><T46/><D46/><U135/><E108/><V87/><F75/><T40/><D40/><U42/><E42/><V41/><F41/><T85/><D102/><AGARI ba="0,0" hai="77,80,87,94,95,96,98,101,102,133,134" m="49194" machi="102" ten="30,3900,0" yaku="19,1,34,2" doraHai="119" who="2" fromWho="0" sc="621,-39,77,0,352,39,0,0" /><INIT seed="6,0,0,1,2,55" ten="582,77,391,0" oya="2" hai0="90,124,39,2,86,40,105,109,51,119,71,83,52" hai1="80,135,69,43,92,46,130,77,0,100,127,34,44" hai2="36,68,107,97,64,134,126,81,114,110,95,62,73" hai3=""/><V112/><F110/><T93/><D71/><U117/><E44/><V84/><F126/><T74/><D105/><U67/><E92/><V56/><F134/><T128/><D109/><U72/><E80/><V87/><F36/><T76/><D124/><U79/><E46/><V58/><F107/><T123/><N who="0" m="31520" /><T65/><D128/><U129/><E79/><V54/><F73/><T78/><D119/><U94/><E67/><V104/><F104/><T50/><D2/><U101/><E94/><V111/><F111/><T133/><D133/><U63/><E100/><V98/><F68/><T91/><D39/><U35/><E63/><V132/><F132/><T103/><D65/><U82/><E77/><V48/><F97/><T108/><D108/><U49/><E82/><V121/><N who="2" m="31008" /><V113/><F81/><T122/><N who="0" m="31264" /><T96/><D78/><U61/><E49/><V53/><F64/><T85/><D40/><U32/><E61/><V131/><F131/><T115/><D115/><U116/><E43/><V42/><F42/><T57/><D51/><U45/><E45/><V38/><F38/><T120/><N who="0" m="30752" /><T1/><D1/><U47/><E47/><V88/><AGARI ba="0,0" hai="48,53,54,56,58,62,84,87,88,95,98,112,113,114" m="31008" machi="88" ten="30,12000,2" yaku="0,1,15,1,52,3,54,1" doraHai="55" who="2" fromWho="2" sc="582,-60,77,-60,391,120,0,0" /><INIT seed="6,1,0,3,2,127" ten="522,17,511,0" oya="2" hai0="0,53,135,77,132,52,69,120,48,118,105,122,63" hai1="45,116,93,38,104,58,66,47,125,56,57,59,46" hai2="98,97,80,55,42,129,92,101,75,133,123,51,64" hai3=""/><V94/><N who="2" m="31520" /><V102/><F133/><N who="0" m="51274" /><D105/><U114/><N who="1" m="14336" /><DORA hai="36" /><U43/><E104/><V76/><F64/><T32/><N who="0" m="30752" /><T72/><N who="0" m="31264" /><T85/><D32/><U44/><E93/><V84/><F42/><T95/><D0/><U62/><E114/><V124/><F124/><T39/><D39/><U61/><E125/><V87/><F129/><T2/><D2/><U103/><E103/><V79/><F51/><T109/><D109/><U1/><E1/><V34/><F55/><N who="0" m="21066" /><D48/><U115/><E115/><V3/><F3/><T37/><D37/><U121/><N who="1" m="31008" /><U81/><E81/><V68/><F34/><T117/><D72/><U67/><E116/><V89/><F68/><T126/><D126/><U41/><E41/><V88/><F75/><T131/><D131/><U78/><E78/><V70/><F70/><T111/><D111/><U49/><E38/><V106/><AGARI ba="1,0" hai="76,79,80,84,87,88,89,92,94,97,98,101,102,106" m="31520" machi="106" ten="20,16000,3" yaku="0,1,7,1,35,6,52,1,54,1" doraHai="127,36" who="2" fromWho="2" sc="522,-81,17,-81,511,162,0,0" owari="441,4.0,-64,-66.0,673,62.0,0,0.0" /></mjloggm>