<mjloggm ver="2.3"><GO type="185" lobby="0"/><UN n0="%63%61%6C%63%2E" n1="%6A%68%6B%6C%3B%2E%3A%2F" n2="%E6%B5%B7%E8%83%86%E3%83%88%E3%83%AD%E7%83%8F%E8%B3%8A" n3="" dan="19,16,18,0" rate="2401.12,2136.16,2374.42,1500.00" sx="M,F,M,C"/><TAIKYOKU oya="0"/><INIT seed="0,0,0,5,2,73" ten="350,350,350,0" oya="0" hai0="41,76,42,64,122,80,37,48,89,60,63,84,72" hai1="54,50,93,51,85,114,100,131,101,134,109,119,35" hai2="99,110,69,108,111,45,47,96,58,43,102,86,62" hai3=""/><T3/><N who="0" m="31264" /><T106/><D3/><U2/><E2/><V0/><F0/><T83/><D37/><U88/><E35/><V32/><F32/><T57/><D106/><U46/><E119/><V38/><F69/><T68/><REACH who="0" step="1"/><D48/><REACH who="0" ten="340,350,350,0" step="2"/><U128/><E114/><V115/><F115/><T92/><D92/><U79/><E134/><V55/><F111/><T135/><D135/><U82/><E109/><V125/><F110/><T117/><D117/><U75/><E51/><V87/><F108/><T56/><D56/><U127/><E127/><V66/><F125/><T129/><D129/><AGARI ba="0,1" hai="46,50,54,75,79,82,85,88,93,100,101,128,129,131" machi="129" ten="40,5200,0" yaku="19,1,52,1,54,1" doraHai="73" who="1" fromWho="0" sc="340,-52,350,62,350,0,0,0" /><INIT seed="1,0,0,4,4,85" ten="288,412,350,0" oya="1" hai0="73,88,133,67,91,118,76,116,92,82,65,101,57" hai1="126,40,128,127,117,74,72,68,46,3,110,132,130" hai2="42,43,69,121,94,63,52,35,33,83,38,112,59" hai3=""/><U56/><E3/><V50/><N who="2" m="31008" /><V37/><F112/><T70/><D70/><U125/><E68/><V80/><F94/><T2/><D2/><U1/><E1/><V134/><F134/><T54/><D133/><U99/><E117/><N who="0" m="45161" /><D101/><U32/><E32/><V120/><N who="2" m="30752" /><V93/><F93/><T86/><D91/><U75/><E99/><V49/><F69/><T129/><D129/><N who="1" m="49771" /><E56/><V34/><F43/><T89/><D89/><U100/><E100/><V95/><F95/><T66/><D66/><U97/><E97/><V124/><F42/><T39/><D39/><U60/><E60/><AGARI ba="0,0" hai="54,57,60,65,67,73,76,82,86,88,92" m="45161" machi="60" ten="30,3900,0" yaku="12,1,52,1,54,1" doraHai="85" who="0" fromWho="1" sc="288,39,412,-39,350,0,0,0" /><INIT seed="2,0,0,1,2,37" ten="327,373,350,0" oya="2" hai0="79,94,0,88,128,101,43,1,113,48,108,132,90" hai1="97,126,42,100,49,115,123,95,53,40,104,120,93" hai2="61,121,56,124,107,89,86,69,63,76,38,54,83" hai3=""/><V116/><N who="2" m="31008" /><V82/><F116/><T3/><D108/><U75/><N who="1" m="30752" /><U2/><N who="1" m="31520" /><U71/><E2/><V105/><F38/><T122/><N who="0" m="31264" /><T33/><D33/><U41/><E75/><V130/><F130/><T80/><D128/><U134/><E71/><V73/><REACH who="2" step="1"/><F124/><REACH who="2" ten="327,373,340,0" step="2"/><T125/><D125/><U47/><E126/><V127/><F127/><T52/><D3/><U59/><E115/><V68/><F68/><T46/><D113/><U129/><E129/><V110/><F110/><T57/><D1/><U77/><E134/><V39/><F39/><T67/><D0/><U98/><E77/><V135/><F135/><T118/><D132/><U36/><REACH who="1" step="1"/><E104/><REACH who="1" ten="327,363,340,0" step="2"/><V87/><F87/><T117/><D118/><U119/><E119/><V55/><F55/><T114/><D117/><U103/><AGARI ba="0,2" hai="36,40,41,42,47,49,53,59,93,95,97,98,100,103" m="31520,30752" machi="103" ten="20,12000,3" yaku="1,1,0,1,7,1,9,1,52,5,53,0" doraHai="37" doraHaiUra="106" who="1" fromWho="1" sc="327,-40,363,140,340,-80,0,0" /><INIT seed="4,0,0,3,1,1" ten="287,503,260,0" oya="0" hai0="82,134,106,79,101,45,56,72,121,128,55,43,132" hai1="83,93,81,110,127,74,71,125,36,126,0,70,40" hai2="37,32,129,89,3,97,90,51,53,65,88,44,57" hai3=""/><T63/><N who="0" m="31008" /><T69/><D128/><U113/><E0/><V102/><F3/><T68/><D101/><U91/><E110/><V34/><F129/><T98/><D98/><U75/><E113/><V35/><F65/><T130/><D106/><U112/><E112/><V42/><REACH who="2" step="1"/><F90/><REACH who="2" ten="287,503,250,0" step="2"/><T109/><D130/><U2/><E2/><V135/><F135/><N who="0" m="51754" /><D109/><U114/><E114/><V64/><F64/><T95/><D95/><AGARI ba="0,1" hai="32,34,35,37,42,44,51,53,57,88,89,95,97,102" machi="95" ten="40,12000,2" yaku="1,1,52,3,54,1,53,1" doraHai="1" doraHaiUra="49" who="2" fromWho="0" sc="287,-120,503,0,250,130,0,0" /><INIT seed="5,0,0,2,0,73" ten="167,503,380,0" oya="1" hai0="75,80,48,96,84,81,55,118,77,115,123,2,49" hai1="106,116,46,134,34,33,117,68,61,70,113,90,101" hai2="108,44,93,91,69,98,112,86,107,63,1,133,95" hai3=""/><U114/><E90/><V67/><F108/><T32/><N who="0" m="31520" /><T54/><D115/><N who="1" m="44043" /><E46/><V62/><F112/><T0/><D32/><N who="1" m="12395" /><E61/><V94/><F1/><T102/><D118/><N who="1" m="45675" /><E134/><V35/><F133/><T41/><D41/><U89/><E89/><V132/><F132/><T42/><D42/><U109/><E109/><V100/><F35/><T79/><D49/><U78/><E78/><V50/><F63/><T92/><REACH who="0" step="1"/><D54/><AGARI ba="0,0" hai="44,50,54,62,67,69,86,91,93,94,95,98,100,107" machi="54" ten="30,1000,0" yaku="7,1" doraHai="73" who="2" fromWho="0" sc="167,-10,503,0,380,10,0,0" /><INIT seed="6,0,0,0,3,119" ten="157,503,390,0" oya="2" hai0="57,74,128,124,86,73,122,35,134,33,65,104,88" hai1="79,54,59,80,108,87,1,81,0,46,78,107,71" hai2="89,39,34,45,40,42,43,41,75,64,117,85,127" hai3=""/><V123/><N who="2" m="31520" /><V95/><F117/><T113/><D65/><U32/><E32/><V130/><F34/><T102/><D57/><U66/><E107/><V91/><F130/><T62/><D62/><U125/><E108/><V111/><F111/><T114/><N who="0" m="31264" /><T131/><D124/><U135/><E135/><V112/><F75/><N who="0" m="28682" /><D33/><U49/><E125/><V96/><F127/><T63/><D63/><U121/><N who="1" m="31008" /><U60/><E71/><V38/><F64/><T70/><D70/><U58/><E46/><V56/><F56/><T69/><D69/><U50/><E50/><V118/><F118/><T115/><D35/><U68/><E68/><V37/><REACH who="2" step="1"/><F112/><REACH who="2" ten="157,503,380,0" step="2"/><N who="0" m="28674" /><T94/><DORA hai="133" /><D134/><U92/><E59/><V109/><F109/><T44/><D44/><U82/><E58/><V47/><F47/><T72/><N who="0" m="28690" /><T126/><DORA hai="97" /><D126/><U120/><E120/><V51/><F51/><T132/><D132/><U36/><E49/><V105/><F105/><T61/><D61/><U77/><E60/><V53/><F53/><T83/><D104/><U101/><E66/><V100/><F100/><T52/><D52/><U99/><E54/><V116/><F116/><T84/><D102/><U3/><E101/><V76/><F76/><AGARI ba="0,1" hai="76,83,84,86,88,94,128,131" m="28674,28690,31264" machi="76" ten="60,16000,3" yaku="6,1,15,1,11,1,34,2,52,2,54,1" doraHai="119,133,97" who="0" fromWho="2" sc="157,170,503,0,380,-160,0,0" owari="327,-7.0,503,45.0,220,-38.0,0,0.0" /></mjloggm>