<mjloggm ver="2.3"><GO type="169" lobby="0"/><UN n0="%6B%6F%7A%61%6B%69%6E%67" n1="%E5%BD%97%E6%98%9F%E5%85%A5%E3%83%92%E3%82%B3" n2="%E6%9D%BE%E5%B1%8B%E3%81%8A%E3%81%98%E3%81%95%E3%82%93" n3="%E3%81%BE%E3%81%8F%E3%81%A9%E3%81%AA%E3%82%8B%E3%81%AA%E3%82%8B%E3%81%A9" dan="16,16,19,16" rate="2074.68,2129.78,2272.16,2118.94" sx="M,M,M,M"/><TAIKYOKU oya="0"/><INIT seed="0,0,0,1,1,69" ten="250,250,250,250" oya="0" hai0="11,53,8,16,93,133,13,70,64,66,56,0,60" hai1="41,89,125,29,35,65,59,4,31,68,115,7,52" hai2="72,96,46,42,61,106,14,24,114,23,107,110,9" hai3="103,63,47,37,127,119,90,120,82,30,85,26,6"/><T84/><D133/><U78/><E125/><V48/><F110/><W104/><G119/><T45/><D45/><U38/><E115/><V102/><F72/><W58/><G127/><T129/><D129/><U62/><E78/><V88/><F114/><W130/><G130/><T32/><D32/><U10/><E89/><V81/><F61/><W134/><G134/><T94/><D94/><U91/><E91/><V39/><F106/><W112/><G112/><T15/><D0/><U132/><E132/><V20/><F48/><W80/><G6/><T1/><D1/><U105/><E105/><V118/><F118/><W121/><G103/><T5/><D70/><U40/><E40/><V111/><F111/><W128/><G104/><T77/><REACH who="0" step="1"/><D93/><REACH who="0" ten="240,250,250,250" step="2"/><U17/><E35/><V28/><F107/><W122/><G128/><T79/><D79/><U2/><E2/><V100/><F100/><W55/><G47/><T123/><D123/><U34/><E34/><N who="2" m="20743" /><F102/><W33/><REACH who="3" step="1"/><G37/><REACH who="3" ten="240,250,250,240" step="2"/><T99/><D99/><U97/><E38/><V19/><F96/><W54/><G54/><T98/><D98/><U83/><E52/><V25/><F39/><W95/><AGARI ba="0,2" hai="26,30,33,55,58,63,80,82,85,90,95,120,121,122" machi="95" ten="30,4000,0" yaku="1,1,0,1,13,1,53,0" doraHai="69" doraHaiUra="12" who="3" fromWho="3" sc="240,-20,250,-10,250,-10,240,60" /><INIT seed="1,0,0,3,1,56" ten="220,240,240,300" oya="1" hai0="48,0,59,67,120,29,12,26,87,126,132,90,30" hai1="33,99,96,79,113,92,42,52,81,93,104,5,3" hai2="116,112,8,85,39,25,65,106,82,23,102,2,70" hai3="105,15,32,121,103,49,76,75,35,24,117,60,31"/><U55/><E113/><V37/><F116/><W54/><G117/><T11/><D120/><U20/><E33/><V73/><F112/><W77/><G121/><T83/><D132/><U47/><E20/><V100/><F73/><W66/><G35/><T135/><D135/><U18/><E18/><V134/><F134/><W57/><G75/><T22/><D0/><U63/><E104/><V9/><F106/><W28/><G28/><T14/><D126/><U97/><E3/><V43/><F43/><W45/><REACH who="3" step="1"/><G15/><REACH who="3" ten="220,240,240,290" step="2"/><T17/><D14/><U34/><E34/><V61/><F2/><W21/><G21/><T108/><D108/><U27/><E27/><V40/><F9/><W6/><G6/><T51/><REACH who="0" step="1"/><D29/><REACH who="0" ten="210,240,240,290" step="2"/><U101/><E5/><V122/><F122/><W109/><G109/><T44/><D44/><U94/><E101/><V118/><F100/><W36/><G36/><T125/><D125/><U114/><E114/><V38/><F38/><W10/><G10/><T62/><AGARI ba="0,2" hai="11,12,17,22,26,30,48,51,59,62,67,83,87,90" machi="62" ten="30,7900,0" yaku="1,1,0,1,8,1,52,1,53,0" doraHai="56" doraHaiUra="130" who="0" fromWho="0" sc="210,99,240,-39,240,-20,290,-20" /><INIT seed="2,0,0,5,5,38" ten="309,201,220,270" oya="2" hai0="33,64,8,122,41,60,50,114,67,59,23,57,45" hai1="66,70,109,48,85,3,74,82,43,107,37,65,46" hai2="121,2,93,102,20,87,77,95,112,19,68,28,90" hai3="27,135,71,123,98,42,25,1,17,97,34,86,7"/><V16/><F121/><W92/><G123/><T4/><D33/><U84/><E109/><V104/><F112/><W127/><G71/><T36/><D23/><U39/><E107/><V56/><F68/><W52/><G135/><T55/><D8/><U54/><E3/><V128/><F2/><W133/><G133/><T103/><D4/><U5/><E5/><V10/><F128/><W131/><G131/><T58/><D103/><U53/><E74/><V96/><F77/><W12/><G127/><T13/><D13/><U115/><E115/><V105/><F56/><N who="0" m="21610" /><D122/><U111/><E111/><V129/><F129/><W15/><G34/><T108/><D108/><U26/><E26/><N who="3" m="9738" /><G1/><T130/><D130/><U72/><E72/><V88/><F28/><W32/><G32/><T76/><D76/><U21/><E21/><V29/><F29/><W14/><G7/><T91/><D91/><U6/><E6/><V61/><F61/><W73/><G73/><T132/><D132/><U44/><E82/><V83/><F10/><W24/><G52/><N who="1" m="20074" /><E85/><V116/><F116/><W99/><G86/><T51/><D114/><U0/><E84/><N who="2" m="50463" /><F104/><W79/><G79/><T75/><D75/><U101/><E101/><V94/><F105/><W47/><N who="3" m="9746" /><W62/><DORA hai="11" /><G62/><T35/><D35/><U18/><E0/><V113/><F113/><W81/><G81/><T119/><D119/><U30/><E30/><V110/><F110/><W126/><G126/><T120/><D120/><U49/><E18/><N who="2" m="6699" /><F20/><N who="3" m="11303" /><G92/><N who="2" m="35433" /><F87/><W9/><G9/><T125/><D125/><U117/><E117/><V80/><F80/><RYUUKYOKU ba="0,0" sc="309,10,201,-30,220,10,270,10" hai0="36,41,45,50,51,55,59,60,64,67" hai2="88,95,96,102" hai3="14,15,42,47,97,98,99" /><INIT seed="2,1,0,0,3,16" ten="319,171,230,280" oya="2" hai0="55,17,109,18,116,5,45,48,49,21,108,135,43" hai1="106,119,110,23,1,56,62,130,29,50,118,54,91" hai2="15,10,93,79,2,114,44,20,42,87,100,65,34" hai3="13,133,51,69,22,25,67,99,33,121,41,52,117"/><V6/><F114/><W127/><G117/><T107/><D116/><U89/><E1/><V72/><F34/><W46/><G121/><T30/><D107/><U61/><E106/><V94/><F65/><W8/><G127/><T57/><D135/><U96/><E110/><N who="0" m="42601" /><D5/><U120/><E130/><V134/><F134/><W64/><G133/><T84/><D84/><U35/><E35/><V66/><F100/><W26/><G69/><T77/><D77/><U28/><E120/><V74/><F66/><N who="3" m="25131" /><G33/><T75/><D75/><U92/><E89/><V105/><F105/><W126/><G126/><T113/><D113/><U0/><E0/><V3/><F74/><W80/><G80/><T82/><D82/><U53/><E62/><V36/><F87/><W27/><G99/><T111/><N who="0" m="42609" /><T128/><DORA hai="86" /><D128/><U58/><REACH who="1" step="1"/><E29/><REACH who="1" ten="319,161,230,280" step="2"/><V38/><F3/><W85/><G85/><T4/><D30/><U125/><E125/><V63/><F63/><W12/><G12/><T122/><D122/><U123/><E123/><V76/><F72/><W131/><G131/><T90/><D90/><U129/><E129/><V104/><F104/><W73/><G73/><T32/><D32/><U115/><E115/><V68/><F76/><W11/><G41/><T103/><D43/><U81/><E81/><V78/><F78/><W95/><G95/><T70/><D70/><U124/><E124/><V132/><F132/><W24/><G13/><T102/><D102/><U19/><E19/><AGARI ba="1,1" hai="8,11,19,22,24,25,26,27,46,51,52" m="25131" machi="19" ten="30,3900,0" yaku="8,1,52,1,54,1" doraHai="16,86" who="3" fromWho="1" sc="319,0,161,-42,230,0,280,52" /><INIT seed="3,0,0,5,2,82" ten="319,119,230,332" oya="3" hai0="58,29,30,2,44,68,57,8,134,20,117,112,47" hai1="89,9,72,4,78,99,24,16,33,132,114,63,131" hai2="39,111,113,118,123,67,31,59,62,36,116,110,17" hai3="119,61,23,92,38,25,49,3,105,104,70,55,94"/><W124/><G119/><N who="2" m="45609" /><F17/><W88/><G38/><N who="2" m="14377" /><F31/><W64/><G124/><T76/><D117/><U45/><E114/><V66/><F113/><W48/><G3/><T60/><D112/><U122/><E122/><V101/><F101/><W100/><G100/><T1/><D76/><U26/><E131/><V106/><F106/><W6/><G6/><T27/><D68/><U7/><E132/><V13/><F13/><W133/><G94/><T83/><D83/><U86/><E63/><N who="2" m="38271" /><F123/><W43/><G133/><T130/><D134/><U11/><E99/><V120/><F120/><W28/><G49/><T96/><D30/><U109/><E109/><V107/><F107/><W35/><G23/><T135/><D135/><U65/><E33/><V18/><F18/><W10/><G10/><T22/><D22/><U127/><E72/><V5/><F5/><W12/><G12/><T79/><D8/><U115/><E115/><V97/><F97/><W121/><G121/><T85/><D96/><U53/><E78/><V71/><AGARI ba="0,0" hai="62,67,71,110,111" m="38271,14377,45609" machi="71" ten="40,2700,0" yaku="34,2" doraHai="82" who="2" fromWho="2" sc="319,-7,119,-7,230,27,332,-13" /><INIT seed="4,0,0,2,3,99" ten="312,112,257,319" oya="0" hai0="11,130,15,120,51,125,96,65,129,46,126,77,85" hai1="5,89,37,30,134,12,131,100,38,88,48,58,127" hai2="19,78,10,112,63,26,55,114,103,79,84,7,118" hai3="6,60,92,36,86,135,57,14,121,91,132,9,34"/><T80/><D120/><U90/><E127/><N who="0" m="48649" /><D65/><U43/><E131/><N who="0" m="50185" /><D96/><U81/><E134/><N who="3" m="51242" /><G121/><T122/><D122/><U23/><E5/><V70/><F7/><W83/><G36/><T44/><D51/><U93/><E81/><V1/><F63/><W62/><G34/><T66/><D66/><U31/><E38/><V45/><F70/><W59/><G83/><T119/><D119/><U29/><E37/><V61/><F61/><AGARI ba="0,0" hai="6,9,14,57,59,60,61,62,86,91,92" m="51242" machi="61" ten="30,1000,0" yaku="20,1" doraHai="99" who="3" fromWho="2" sc="312,0,112,0,257,-10,319,10" /><INIT seed="5,0,0,0,3,127" ten="312,112,247,329" oya="1" hai0="103,80,109,2,54,34,45,30,17,42,32,11,68" hai1="126,51,131,61,44,57,117,48,58,114,47,67,10" hai2="121,62,83,23,8,60,108,24,28,50,3,123,49" hai3="38,106,22,64,66,56,16,43,75,135,78,105,100"/><U77/><E117/><V69/><F108/><W76/><G38/><T99/><D68/><U63/><E77/><V101/><F101/><W97/><G43/><T37/><D109/><U59/><E10/><V92/><F92/><W18/><G135/><T1/><D54/><N who="1" m="29959" /><E126/><V133/><F133/><W6/><G6/><T21/><D80/><U31/><E31/><V88/><F83/><W52/><G75/><T125/><D125/><U129/><E114/><V85/><F8/><W118/><G118/><T41/><D41/><N who="1" m="25071" /><E61/><V98/><F60/><W20/><G100/><T29/><D29/><U130/><AGARI ba="0,0" hai="57,58,59,63,67,129,130,131" m="25071,29959" machi="130" ten="30,18000,2" yaku="19,1,34,2,52,3" doraHai="127" who="1" fromWho="1" sc="312,-60,112,180,247,-60,329,-60" /><INIT seed="5,1,0,2,0,21" ten="252,292,187,269" oya="1" hai0="55,124,46,118,41,75,93,92,4,78,122,19,40" hai1="1,135,128,61,36,110,116,83,95,70,123,51,76" hai2="65,64,90,81,53,130,96,97,72,133,87,103,104" hai3="16,50,12,34,24,47,108,89,8,113,117,18,127"/><U62/><E36/><V73/><F53/><W106/><G108/><T77/><D122/><U23/><E123/><V84/><F65/><W37/><G106/><T31/><D118/><U105/><E116/><V85/><F64/><W68/><G117/><T100/><D124/><U131/><E1/><V28/><F28/><W3/><G68/><T58/><D31/><U35/><E35/><V52/><F52/><N who="3" m="29791" /><G37/><T44/><D4/><U32/><E32/><V45/><F45/><W39/><G39/><T43/><D19/><U2/><E2/><V14/><F14/><N who="3" m="7239" /><G113/><T126/><D126/><U94/><E105/><N who="2" m="63719" /><F133/><W80/><G127/><T17/><D75/><N who="2" m="28746" /><F130/><W129/><G129/><T48/><D17/><U134/><E70/><V71/><F71/><W13/><G3/><T112/><D112/><U119/><E119/><V42/><F42/><W9/><G34/><T30/><D44/><U57/><E57/><V25/><F25/><W132/><G132/><T101/><D46/><U111/><E51/><V59/><F59/><W0/><G0/><T69/><D69/><U98/><E134/><V67/><F67/><W22/><G9/><T11/><D11/><U120/><E135/><V114/><F114/><W15/><G15/><T102/><D30/><U82/><E23/><V63/><F63/><W29/><G29/><T125/><D125/><U56/><E56/><V115/><F115/><W79/><G13/><T109/><D109/><U121/><E76/><AGARI ba="1,0" hai="40,41,43,48,55,58,76,77,78,92,93,100,101,102" machi="76" ten="40,1300,0" yaku="8,1" doraHai="21" who="0" fromWho="1" sc="252,16,292,-16,187,0,269,0" /><INIT seed="6,0,0,0,5,35" ten="268,276,187,269" oya="2" hai0="92,48,30,111,76,116,42,46,17,82,1,5,58" hai1="15,107,68,56,25,74,81,69,65,52,110,134,57" hai2="89,90,94,14,60,19,80,16,127,43,85,95,38" hai3="129,51,72,13,70,24,53,98,45,83,26,105,130"/><V67/><F127/><W121/><G121/><T109/><D116/><U93/><E107/><V21/><F38/><W4/><G70/><T106/><D106/><U49/><E110/><V50/><F19/><W40/><G105/><T99/><D30/><U113/><E113/><V39/><F39/><W55/><G98/><T9/><D17/><U102/><E134/><V128/><F128/><N who="3" m="49259" /><G72/><T32/><D58/><U84/><E74/><V78/><F43/><W131/><G131/><T132/><D32/><U28/><E15/><V20/><F50/><W117/><G117/><T18/><D18/><U96/><E65/><V11/><F94/><W126/><G126/><T66/><D66/><U114/><E57/><V77/><F77/><W64/><G64/><T88/><D132/><U8/><E8/><V29/><F29/><W12/><G83/><T122/><D122/><U100/><E100/><V87/><REACH who="2" step="1"/><F78/><REACH who="2" ten="268,276,177,269" step="2"/><W37/><G4/><T86/><AGARI ba="0,1" hai="1,5,9,42,46,48,76,82,86,88,92,99,109,111" machi="86" ten="20,5200,0" yaku="0,1,7,1,52,1,54,1" doraHai="35" who="0" fromWho="0" sc="268,62,276,-13,177,-26,269,-13" /><INIT seed="7,0,0,0,1,100" ten="330,263,151,256" oya="3" hai0="94,108,54,97,63,76,18,27,77,85,38,50,51" hai1="28,64,53,126,39,15,36,32,105,12,107,49,56" hai2="43,92,133,58,0,7,78,62,40,11,9,132,93" hai3="6,120,130,47,52,129,2,69,48,111,124,117,70"/><W22/><G22/><N who="0" m="13783" /><D38/><U110/><E110/><V90/><F78/><N who="0" m="30314" /><D85/><U23/><E32/><V25/><F25/><W95/><G95/><T106/><D106/><U113/><E113/><V125/><F125/><W119/><G6/><T29/><D29/><U20/><E64/><V134/><F11/><W61/><G2/><T21/><D21/><U68/><E68/><N who="3" m="26218" /><G124/><T118/><D118/><N who="3" m="45065" /><G120/><T67/><D67/><U37/><E126/><V114/><F114/><W82/><G82/><T19/><D19/><U74/><E74/><V5/><F5/><W73/><G73/><T86/><D86/><U8/><E15/><V131/><F92/><W88/><G88/><N who="0" m="55495" /><D108/><U59/><E28/><V123/><F123/><W60/><G111/><T55/><D55/><U109/><E109/><V84/><REACH who="2" step="1"/><F131/><AGARI ba="0,0" hai="47,48,52,60,61,129,130,131" m="45065,26218" machi="131" ten="40,12000,1" yaku="19,1,34,2,54,1" doraHai="100" who="3" fromWho="2" sc="330,0,263,0,151,-120,256,120" owari="330,13.0,263,-14.0,31,-47.0,376,48.0" /></mjloggm>