<mjloggm ver="2.3"><GO type="169" lobby="0"/><UN n0="%E3%81%BF%E3%81%8B%E3%82%82%E3%82%81" n1="%6A%79%61%6E%70%65%69%34" n2="%6D%69%7A%75%79%6F%75" n3="%E3%83%99%E3%82%B8%E2%80%95%E3%82%BF" dan="17,16,16,16" rate="2201.38,2090.86,2193.31,2141.71" sx="M,M,M,M"/><TAIKYOKU oya="0"/><INIT seed="0,0,0,2,4,15" ten="250,250,250,250" oya="0" hai0="68,16,21,74,9,50,57,112,84,32,105,106,91" hai1="130,36,94,129,82,113,31,25,95,61,20,96,18" hai2="51,27,59,7,0,28,69,1,75,6,62,124,89" hai3="29,80,47,116,60,22,100,125,23,88,118,45,134"/><T117/><D112/><U58/><E36/><V109/><F69/><W14/><G100/><T110/><D117/><U126/><E126/><V76/><F109/><W19/><G125/><T85/><D68/><U66/><E113/><V46/><F124/><W111/><G111/><T65/><D74/><U54/><E82/><V83/><F89/><W3/><G3/><T13/><D32/><U73/><E73/><V86/><F75/><W44/><G134/><T99/><D110/><U90/><E66/><V2/><F59/><W49/><G60/><T108/><D108/><U42/><E42/><V4/><F62/><W35/><G35/><T114/><D114/><U26/><REACH who="1" step="1"/><E95/><REACH who="1" ten="250,240,250,250" step="2"/><V37/><F37/><W98/><G118/><T38/><D38/><U33/><AGARI ba="0,1" hai="18,20,25,26,31,33,54,58,61,90,94,96,129,130" machi="33" ten="30,12000,2" yaku="1,1,2,1,0,1,25,2,52,1,53,0" doraHai="15" doraHaiUra="133" who="1" fromWho="1" sc="250,-60,240,130,250,-30,250,-30" /><INIT seed="1,0,0,2,3,91" ten="190,370,220,220" oya="1" hai0="111,51,83,128,57,55,73,132,22,126,63,134,9" hai1="95,58,77,17,99,86,28,36,15,21,4,0,106" hai2="103,92,61,119,18,24,10,130,135,117,104,6,115" hai3="101,53,16,121,23,100,80,44,32,33,66,116,81"/><U29/><E36/><V76/><F104/><W90/><G121/><T34/><D111/><U48/><E106/><V52/><F76/><W118/><G66/><T133/><D34/><N who="3" m="13417" /><G44/><T41/><D126/><U67/><E4/><V42/><F42/><W79/><G53/><T27/><D9/><U49/><E0/><V12/><F135/><W30/><G30/><N who="1" m="11882" /><E67/><V56/><F130/><W75/><G81/><T2/><D2/><U59/><E59/><V108/><F108/><W7/><G90/><T40/><D128/><U13/><E13/><V87/><F115/><W47/><G7/><T98/><D98/><U31/><E31/><V123/><F123/><W78/><G78/><N who="0" m="44495" /><D63/><U5/><E5/><V102/><F102/><W97/><G97/><T60/><D60/><U25/><E15/><V39/><F39/><W105/><G47/><T20/><D27/><U89/><E58/><V65/><F65/><W110/><G110/><T82/><D82/><AGARI ba="0,0" hai="17,21,25,48,49,77,82,86,89,95,99" m="11882" machi="82" ten="30,2900,0" yaku="8,1,52,1" doraHai="91" who="1" fromWho="0" sc="190,-29,370,29,220,0,220,0" /><INIT seed="1,1,0,0,2,77" ten="161,399,220,220" oya="1" hai0="37,14,125,28,79,46,85,23,11,25,15,36,63" hai1="9,32,45,35,123,29,57,58,19,88,40,13,70" hai2="86,89,92,104,1,21,78,73,128,113,59,124,112" hai3="76,80,33,105,101,118,99,127,74,2,24,121,38"/><U87/><E70/><V5/><F5/><W68/><RYUUKYOKU type="yao9" ba="1,0" sc="161,0,399,0,220,0,220,0" hai3="2,24,33,38,68,74,76,80,99,101,105,118,121,127" /><INIT seed="1,2,0,1,5,14" ten="161,399,220,220" oya="1" hai0="101,30,125,4,110,83,26,96,80,64,9,123,39" hai1="21,106,84,93,112,34,62,126,89,92,53,91,81" hai2="0,120,48,75,47,68,51,6,2,25,135,18,27" hai3="102,40,88,71,10,95,7,41,63,3,35,5,52"/><U133/><E34/><V77/><F120/><W129/><G35/><T117/><D123/><U122/><E122/><V115/><F135/><W59/><G129/><T13/><D117/><U131/><E131/><V98/><F68/><W72/><G72/><T28/><D110/><U85/><E112/><V70/><F70/><W43/><G71/><T19/><D39/><U50/><E126/><V16/><F98/><W76/><G76/><T113/><D113/><U24/><E106/><V103/><F103/><W23/><G102/><T32/><D64/><U82/><E62/><V17/><F115/><W42/><G7/><T127/><D30/><U69/><E69/><V45/><F6/><W94/><N who="3" m="10752" /><DORA hai="87" /><W114/><G114/><T124/><REACH who="0" step="1"/><D4/><REACH who="0" ten="151,399,220,220" step="2"/><U57/><E133/><V49/><F75/><W109/><G109/><T60/><D60/><U116/><E116/><V118/><F118/><W73/><G73/><T121/><D121/><U65/><E65/><V134/><F134/><W1/><G1/><N who="2" m="617" /><F77/><W108/><G108/><T99/><D99/><U15/><REACH who="1" step="1"/><E15/><REACH who="1" ten="151,389,220,220" step="2"/><V105/><F105/><AGARI ba="2,2" hai="9,13,19,26,28,32,80,83,96,101,105,124,125,127" machi="105" ten="40,5200,0" yaku="1,1,18,1,52,1,53,0" doraHai="14,87" doraHaiUra="119,61" who="0" fromWho="2" sc="151,78,389,0,220,-58,220,0" /><INIT seed="2,0,0,2,5,23" ten="229,389,162,220" oya="2" hai0="62,1,6,9,69,132,63,84,3,19,7,85,87" hai1="22,42,16,77,123,56,21,76,49,98,20,73,115" hai2="117,34,111,68,28,88,119,32,64,38,135,12,57" hai3="65,27,51,96,78,61,112,99,86,82,40,5,89"/><V121/><F68/><W122/><G122/><T95/><D132/><U46/><E115/><V66/><F121/><W118/><G118/><T35/><D35/><U37/><E123/><V103/><F103/><W33/><G112/><T41/><D41/><U92/><E73/><V17/><F38/><W127/><G127/><T67/><D95/><U126/><E37/><V114/><F114/><W4/><G40/><T54/><D19/><U14/><E56/><V128/><F135/><W130/><G130/><T50/><D62/><U91/><REACH who="1" step="1"/><E126/><REACH who="1" ten="229,379,162,220" step="2"/><V104/><F128/><W81/><G61/><T93/><D93/><U90/><E90/><V133/><F104/><W26/><G51/><T44/><REACH who="0" step="1"/><D7/><REACH who="0" ten="219,379,162,220" step="2"/><U102/><E102/><V60/><F133/><W31/><G4/><T58/><D58/><U29/><E29/><V48/><F28/><W53/><G5/><T107/><D107/><U25/><E25/><V79/><F57/><W74/><G27/><T8/><D8/><AGARI ba="0,2" hai="8,14,16,20,21,22,42,46,49,76,77,91,92,98" machi="8" ten="40,5200,0" yaku="1,1,8,1,54,1,53,0" doraHai="23" doraHaiUra="129" who="1" fromWho="0" sc="219,-52,379,72,162,0,220,0" /><INIT seed="3,0,0,2,5,103" ten="167,451,162,220" oya="3" hai0="74,115,54,84,119,117,82,3,51,26,14,76,46" hai1="125,81,60,108,39,123,107,34,120,44,12,90,109" hai2="7,72,100,59,4,79,112,104,64,91,102,98,110" hai3="121,118,75,89,9,133,65,99,122,94,73,28,30"/><W20/><G118/><T25/><D3/><U5/><E125/><V38/><F38/><W78/><G65/><T114/><D14/><U68/><E34/><V56/><F112/><N who="0" m="43050" /><D74/><N who="3" m="28169" /><G9/><T93/><D93/><U61/><E107/><V127/><F110/><N who="1" m="42601" /><E90/><V95/><F127/><W31/><G20/><T83/><D83/><U8/><E81/><N who="2" m="45287" /><F102/><W16/><G16/><T71/><D71/><U113/><E113/><V47/><F47/><W1/><G1/><T36/><D36/><U66/><E61/><N who="2" m="37951" /><F56/><W70/><G70/><T6/><D6/><U106/><E106/><V41/><F41/><AGARI ba="0,0" hai="5,8,12,39,41,44,60,66,68,120,123" m="42601" machi="41" ten="30,1000,0" yaku="14,1" doraHai="103" who="1" fromWho="2" sc="167,0,451,10,162,-10,220,0" /><INIT seed="4,0,0,1,3,103" ten="167,461,152,220" oya="0" hai0="77,109,94,20,133,130,86,123,49,33,91,106,88" hai1="4,108,44,16,19,116,1,100,101,85,74,69,92" hai2="112,111,35,76,30,17,90,119,46,113,107,11,126" hai3="82,57,48,118,34,9,115,41,72,93,14,87,65"/><T2/><D123/><U60/><E74/><V39/><F111/><W21/><G34/><T24/><D33/><U12/><E108/><V40/><F126/><W13/><G118/><T59/><D109/><U125/><E116/><V26/><F119/><W97/><G72/><T89/><D130/><U120/><E120/><V66/><F66/><W55/><G115/><T47/><D2/><U5/><E1/><V54/><F76/><W52/><G41/><T6/><D133/><U10/><E69/><V58/><F90/><W3/><G3/><T117/><D6/><U0/><E0/><V67/><F67/><W18/><G65/><T129/><D129/><U50/><E60/><V131/><F131/><W95/><G97/><T61/><D106/><U78/><E19/><V134/><F134/><W81/><G55/><N who="0" m="34047" /><D77/><U36/><E36/><V8/><F107/><W96/><G87/><T83/><D94/><U23/><E92/><V27/><F27/><W79/><G79/><N who="0" m="46463" /><D117/><U31/><E78/><V98/><F98/><W70/><G70/><T114/><D114/><N who="2" m="44138" /><F17/><N who="3" m="8367" /><G93/><T28/><D91/><AGARI ba="0,0" hai="14,18,21,48,52,57,81,82,91,95,96" m="8367" machi="91" ten="30,2000,0" yaku="8,1,54,1" doraHai="103" who="3" fromWho="0" sc="167,-20,461,0,152,0,220,20" /><INIT seed="5,0,0,3,0,101" ten="147,461,152,240" oya="1" hai0="111,15,36,110,32,26,51,30,62,18,121,81,55" hai1="102,74,3,85,116,97,0,64,42,5,46,122,38" hai2="135,56,40,58,129,93,9,89,23,115,132,41,53" hai3="84,37,59,79,33,83,130,17,126,82,98,94,4"/><U113/><E85/><V10/><F129/><W16/><G37/><T47/><D121/><U7/><E113/><V19/><F115/><W27/><G130/><T88/><D36/><U39/><E116/><V92/><F23/><W68/><G68/><T2/><D2/><U123/><E64/><V69/><F69/><W61/><G4/><T29/><D62/><U67/><E67/><V75/><F19/><W45/><G45/><T49/><D49/><U103/><E74/><V131/><F89/><W127/><G83/><T86/><REACH who="0" step="1"/><D30/><REACH who="0" ten="137,461,152,240" step="2"/><U24/><E0/><V108/><F135/><W106/><G61/><T11/><AGARI ba="0,1" hai="11,15,18,26,29,32,47,51,55,81,86,88,110,111" machi="11" ten="20,16000,3" yaku="1,1,2,1,0,1,7,1,25,2,54,1,53,2" doraHai="101" doraHaiUra="120" who="0" fromWho="0" sc="137,170,461,-80,152,-40,240,-40" /><INIT seed="6,0,0,2,1,97" ten="307,381,112,200" oya="2" hai0="113,19,92,78,47,48,126,122,89,83,55,32,9" hai1="101,123,10,21,35,106,72,74,73,80,76,31,52" hai2="68,36,115,96,69,34,29,56,86,130,4,91,3" hai3="65,134,84,58,127,53,67,95,110,49,93,88,100"/><V37/><F115/><W1/><G110/><T23/><D122/><U120/><E21/><V6/><F130/><W111/><G111/><T40/><D113/><U125/><E125/><V70/><F96/><N who="3" m="59407" /><G1/><T124/><D32/><U33/><E52/><V0/><F56/><W133/><G127/><T44/><D9/><U14/><E31/><V79/><F79/><W27/><G27/><T82/><D78/><U59/><E59/><V38/><F29/><W87/><G87/><T71/><D71/><U5/><E101/><V63/><F34/><N who="1" m="12809" /><E106/><V42/><F63/><W102/><G102/><T20/><D20/><U43/><E43/><V45/><F45/><W77/><G77/><T112/><D112/><U7/><E7/><V107/><F107/><W18/><G18/><T50/><D126/><U128/><E128/><V61/><F61/><W129/><G129/><T105/><D105/><U114/><E114/><V11/><F42/><W8/><G8/><T81/><D124/><U13/><E13/><V57/><F57/><W85/><G85/><T94/><REACH who="0" step="1"/><D89/><REACH who="0" ten="297,381,112,200" step="2"/><U26/><E123/><V135/><F11/><W64/><G134/><T118/><D118/><U90/><E90/><V99/><F135/><W131/><G131/><T116/><D116/><U60/><E120/><V54/><F91/><W30/><G133/><T25/><AGARI ba="0,1" hai="19,23,25,40,44,47,48,50,55,81,82,83,92,94" machi="25" ten="30,8000,1" yaku="1,1,0,1,8,1,53,2" doraHai="97" doraHaiUra="46" who="0" fromWho="0" sc="297,90,381,-20,112,-40,200,-20" /><INIT seed="7,0,0,2,4,132" ten="387,361,72,180" oya="3" hai0="120,118,4,127,20,112,83,0,116,51,126,3,14" hai1="50,82,10,102,22,16,48,54,60,66,87,46,76" hai2="95,91,105,72,93,1,113,77,128,23,73,15,68" hai3="40,70,63,21,108,129,42,64,26,71,37,30,35"/><W135/><G135/><T85/><D120/><U32/><E32/><V55/><F1/><W88/><G129/><T6/><D51/><U103/><E10/><V9/><F68/><W24/><G108/><T134/><D134/><U59/><E50/><V28/><F128/><W41/><G71/><T47/><D47/><U84/><E84/><V81/><F113/><W67/><G67/><T123/><D123/><U7/><E7/><N who="0" m="2601" /><D112/><U74/><E74/><V98/><F9/><W104/><G104/><T131/><D131/><U119/><E119/><N who="0" m="45609" /><D85/><U101/><E101/><V36/><F36/><W29/><REACH who="3" step="1"/><G88/><REACH who="3" ten="387,361,72,170" step="2"/><T130/><D130/><U12/><AGARI ba="0,1" hai="12,16,22,46,48,54,59,60,66,76,82,87,102,103" machi="12" ten="20,5200,0" yaku="0,1,7,1,8,1,54,1" doraHai="132" who="1" fromWho="1" sc="387,-13,361,62,72,-13,170,-26" owari="374,17.0,423,53.0,59,-44.0,144,-26.0" /></mjloggm>