<mjloggm ver="2.3"><GO type="169" lobby="0"/><UN n0="%74%61%63%6F%73" n1="%E3%81%B4%E3%81%8A%E3%81%B4%E3%81%8A%EF%BC%91%EF%BC%91" n2="%E8%99%8E%E7%8D%85%E3%81%8F%E3%82%93" n3="%E3%83%8F%E3%83%83%E3%83%88%E3%83%AA%E3%82%B9" dan="17,18,17,17" rate="2140.92,2310.66,2208.04,2168.97" sx="F,M,M,M"/><TAIKYOKU oya="0"/><INIT seed="0,0,0,1,3,106" ten="250,250,250,250" oya="0" hai0="60,102,5,103,70,107,108,92,32,133,3,88,77" hai1="123,51,127,66,0,22,125,115,30,78,59,110,46" hai2="57,82,63,19,65,134,119,98,94,43,28,35,58" hai3="79,95,38,17,7,86,24,118,135,56,16,131,48"/><T100/><D32/><U89/><E123/><V52/><F134/><W75/><G118/><T69/><D133/><U116/><E116/><V121/><F121/><W49/><G38/><T91/><D107/><U112/><E0/><V124/><F124/><N who="1" m="47689" /><E110/><V73/><F43/><W120/><G120/><T99/><D108/><U129/><E129/><V10/><F28/><W90/><G131/><T55/><D77/><U54/><E89/><V27/><F35/><W76/><G7/><T72/><D72/><U8/><E8/><V113/><F113/><W80/><G135/><T93/><D5/><U85/><E85/><V20/><F10/><W44/><G79/><T21/><D3/><U41/><E78/><V37/><F37/><W50/><G44/><T18/><D55/><U105/><E105/><V14/><F119/><W39/><G39/><T11/><D11/><U6/><E6/><V122/><F122/><W126/><G126/><T67/><D69/><U42/><E22/><V114/><F114/><N who="1" m="43561" /><E30/><V25/><F82/><W128/><G128/><T61/><D61/><AGARI ba="0,0" hai="41,42,46,51,54,59,61,66" m="43561,47689" machi="61" ten="30,7700,0" yaku="18,1,11,1,34,2" doraHai="106" who="1" fromWho="0" sc="250,-77,250,77,250,0,250,0" /><INIT seed="1,0,0,3,3,42" ten="173,327,250,250" oya="1" hai0="92,123,77,53,117,128,122,124,112,7,17,88,76" hai1="71,102,116,120,97,63,60,113,35,33,98,10,82" hai2="127,29,93,40,61,125,69,70,105,67,94,9,34" hai3="134,135,36,19,4,65,16,99,73,27,111,101,104"/><U91/><E113/><V38/><F70/><W1/><G111/><T30/><D30/><U56/><E116/><V28/><F28/><W44/><G65/><T24/><D7/><U47/><E71/><V109/><F109/><W0/><G73/><T80/><D112/><U78/><E10/><V23/><F23/><N who="3" m="13799" /><G19/><T11/><D117/><U58/><E91/><V107/><F9/><W100/><G100/><T126/><D128/><U121/><E82/><V96/><F93/><W84/><G84/><N who="0" m="52231" /><D53/><U90/><E90/><V3/><F3/><W130/><G4/><T68/><D68/><U115/><E115/><V57/><F69/><W62/><G62/><T12/><D24/><U103/><E78/><N who="0" m="30313" /><D80/><U74/><E74/><V85/><F85/><W43/><G130/><T49/><D49/><U131/><E131/><V32/><F105/><W64/><G64/><T83/><D83/><U108/><E108/><V106/><F106/><W21/><G0/><T14/><D12/><U37/><E37/><V46/><F107/><W51/><G1/><T119/><D119/><U75/><E75/><V55/><F67/><W39/><G39/><T59/><D59/><U2/><E2/><V79/><F79/><W25/><G36/><T45/><D45/><AGARI ba="0,0" hai="33,35,45,47,56,58,60,63,97,98,102,103,120,121" machi="45" ten="25,9600,0" yaku="22,2,52,2" doraHai="42" who="1" fromWho="0" sc="173,-96,327,96,250,0,250,0" /><INIT seed="1,1,0,1,1,118" ten="77,423,250,250" oya="1" hai0="51,18,107,134,35,23,42,131,90,6,62,14,26" hai1="127,82,75,69,119,111,130,28,60,71,133,58,32" hai2="68,53,15,84,66,117,31,99,124,97,91,79,56" hai3="9,135,55,103,120,34,77,17,122,113,46,74,129"/><U92/><E119/><V48/><F117/><W41/><G34/><T59/><D107/><U33/><E130/><V100/><F124/><W94/><G113/><T104/><D104/><U63/><E127/><V27/><F79/><W76/><G55/><T114/><D114/><U109/><E92/><V73/><F73/><W40/><G129/><T50/><D131/><U22/><E22/><V0/><F0/><W52/><G74/><T108/><D108/><N who="1" m="41547" /><E133/><V45/><F68/><N who="1" m="26185" /><E28/><V70/><F70/><W67/><G94/><T93/><D134/><U12/><E12/><V39/><F100/><W37/><G103/><T81/><D81/><U112/><E112/><V38/><F15/><W20/><G20/><T87/><D14/><U95/><E95/><V78/><F31/><W5/><G135/><T86/><D93/><U116/><E116/><V115/><F115/><W10/><G17/><T1/><D18/><U72/><E82/><V80/><F80/><W47/><G5/><T13/><D23/><U57/><E75/><V96/><F96/><W123/><G67/><T105/><D13/><U132/><E132/><V21/><F97/><W7/><G7/><T61/><D6/><U85/><E85/><V24/><F21/><W29/><G29/><T65/><D86/><U89/><E89/><V30/><F91/><W121/><G121/><T101/><D90/><U128/><E128/><V83/><F99/><W110/><G110/><T106/><D105/><U16/><E16/><V2/><F84/><W64/><G122/><T36/><D106/><U44/><E72/><V54/><F30/><RYUUKYOKU ba="1,0" sc="77,0,423,0,250,0,250,0" /><INIT seed="2,2,0,3,5,69" ten="77,423,250,250" oya="2" hai0="122,28,23,71,98,17,21,76,133,7,97,18,12" hai1="104,109,44,82,64,135,73,57,79,100,31,6,93" hai2="92,24,2,88,124,118,46,50,1,112,30,63,108" hai3="83,38,4,27,48,0,121,127,5,25,29,56,41"/><V106/><F112/><W116/><G116/><T91/><D122/><U99/><E109/><V20/><F118/><W120/><G127/><T59/><D71/><U9/><E135/><V39/><F124/><W72/><G27/><T123/><D123/><U61/><E44/><V87/><F108/><W119/><G119/><T96/><D133/><U107/><REACH who="1" step="1"/><E31/><REACH who="1" ten="77,413,250,250" step="2"/><V85/><F106/><W58/><G29/><T102/><D28/><U128/><E128/><V89/><F63/><W80/><G121/><T75/><D102/><U68/><E68/><V62/><F62/><W11/><G120/><T130/><D130/><U132/><E132/><V113/><F113/><W117/><G117/><T34/><D59/><U111/><E111/><V94/><REACH who="2" step="1"/><F39/><REACH who="2" ten="77,413,240,250" step="2"/><W129/><G38/><T77/><D34/><U33/><E33/><V86/><F86/><W19/><G129/><T67/><D75/><U52/><E52/><AGARI ba="2,2" hai="1,2,20,24,30,46,50,52,85,87,88,89,92,94" machi="52" ten="30,12000,1" yaku="1,1,7,1,9,1,54,2,53,0" doraHai="69" doraHaiUra="105" who="2" fromWho="1" sc="77,0,413,-126,240,146,250,0" /><INIT seed="2,3,0,0,2,129" ten="77,287,386,250" oya="2" hai0="133,25,100,89,17,120,116,41,54,11,130,30,115" hai1="119,63,74,6,56,62,126,24,58,101,70,34,109" hai2="117,87,64,82,125,84,28,44,69,107,18,53,15" hai3="132,57,43,105,106,35,39,91,31,123,2,61,45"/><V83/><F117/><W103/><G123/><T95/><D115/><U114/><E119/><V88/><F107/><W27/><G2/><T92/><D120/><U79/><E114/><V75/><F75/><W98/><G91/><T3/><D130/><U60/><E109/><V77/><F28/><W12/><G12/><T38/><D100/><U90/><E126/><V102/><F102/><W135/><REACH who="3" step="1"/><G105/><REACH who="3" ten="77,287,386,240" step="2"/><T68/><D3/><U73/><E90/><V111/><F125/><W122/><G122/><T121/><D89/><U33/><E101/><V99/><F111/><W78/><G78/><T7/><D121/><U113/><E79/><V20/><F99/><W0/><G0/><T37/><D116/><U72/><E113/><V9/><F9/><W23/><G23/><T104/><D11/><U65/><E24/><V97/><F97/><W94/><G94/><T4/><D95/><U14/><E14/><V10/><F20/><W32/><G32/><T86/><D92/><U16/><E34/><V71/><F64/><AGARI ba="3,1" hai="27,31,35,39,43,45,57,61,64,98,103,106,132,135" machi="64" ten="40,5200,0" yaku="1,1,52,2,53,0" doraHai="129" doraHaiUra="134" who="3" fromWho="2" sc="77,0,287,0,386,-61,240,71" /><INIT seed="3,0,0,3,0,16" ten="77,287,325,311" oya="3" hai0="33,96,20,6,116,114,11,42,13,125,79,44,50" hai1="25,112,91,122,17,124,119,89,47,54,9,77,109" hai2="134,4,135,107,63,45,84,34,87,26,85,128,94" hai3="41,61,117,130,108,68,99,82,100,31,18,53,106"/><W32/><G117/><T115/><D33/><U56/><E122/><V57/><F107/><W113/><G113/><T102/><D116/><U120/><E120/><V49/><F4/><W38/><G130/><T2/><D125/><U22/><E112/><V1/><F1/><W15/><G108/><T126/><D126/><U3/><E109/><V129/><F94/><W51/><G82/><T70/><D70/><U98/><E119/><V118/><F118/><W101/><G101/><T76/><D114/><U73/><E47/><V29/><F57/><W55/><G38/><T62/><D115/><U0/><E124/><V111/><F63/><W86/><G86/><T10/><D62/><N who="1" m="36119" /><E9/><V58/><F58/><W12/><G12/><T97/><D97/><U127/><E91/><V95/><F95/><W46/><G31/><T21/><D76/><U105/><E105/><V37/><F37/><W67/><REACH who="3" step="1"/><G32/><REACH who="3" ten="77,287,325,301" step="2"/><T8/><D79/><U74/><E127/><V27/><F111/><W131/><G131/><N who="2" m="50249" /><F27/><W7/><G7/><T71/><D71/><U78/><E78/><V69/><F69/><W5/><G5/><T90/><D90/><U93/><E77/><V60/><F60/><W65/><G65/><T43/><D2/><AGARI ba="0,1" hai="0,2,3,17,22,25,73,74,89,93,98" m="36119" machi="2" ten="30,2000,0" yaku="25,1,52,1" doraHai="16" who="1" fromWho="0" sc="77,-20,287,30,325,0,301,0" /><INIT seed="4,0,0,5,2,119" ten="57,317,325,301" oya="0" hai0="88,50,68,30,60,115,89,117,132,51,66,87,32" hai1="113,46,34,54,106,35,57,109,17,1,6,25,19" hai2="18,94,128,43,44,37,99,56,112,92,98,86,81" hai3="59,102,104,31,40,101,105,131,110,70,15,135,91"/><T93/><D117/><U10/><E106/><V114/><F128/><W22/><G70/><T0/><D0/><U58/><E109/><V74/><F74/><W124/><G110/><T108/><D108/><U129/><E129/><V42/><F56/><W120/><G40/><T16/><D115/><N who="2" m="44074" /><F18/><W67/><G124/><T64/><D132/><U95/><E113/><V96/><F43/><W133/><G131/><T27/><D64/><U55/><E95/><V85/><F85/><W21/><G91/><AGARI ba="0,0" hai="37,42,44,81,86,91,92,94,96,98,99" m="44074" machi="91" ten="30,1000,0" yaku="15,1" doraHai="119" who="2" fromWho="3" sc="57,0,317,0,325,10,301,-10" /><INIT seed="5,0,0,4,0,59" ten="57,317,335,291" oya="1" hai0="78,12,1,56,72,19,4,87,74,21,29,76,15" hai1="70,62,14,103,114,130,134,66,86,81,77,89,31" hai2="93,17,52,85,50,0,36,43,132,44,121,53,3" hai3="84,88,123,11,118,120,100,30,39,47,45,42,95"/><U48/><E114/><V26/><F132/><W51/><G118/><T20/><D56/><U68/><E130/><V131/><F121/><W79/><G100/><T23/><D87/><U82/><E134/><V57/><F53/><W58/><G30/><T90/><D90/><U33/><E33/><V73/><F73/><W107/><G107/><T6/><D1/><U35/><E103/><V25/><F131/><W28/><G28/><T80/><D29/><U63/><E48/><V99/><F85/><W92/><G92/><T38/><D38/><U135/><E135/><V24/><REACH who="2" step="1"/><F17/><REACH who="2" ten="57,317,325,291" step="2"/><W75/><G75/><T91/><D91/><AGARI ba="0,1" hai="0,3,24,25,26,36,43,44,50,52,57,91,93,99" machi="91" ten="40,5200,0" yaku="1,1,2,1,54,1,53,0" doraHai="59" doraHaiUra="97" who="2" fromWho="0" sc="57,-52,317,0,325,62,291,0" /><INIT seed="6,0,0,3,0,120" ten="5,317,387,291" oya="2" hai0="40,32,111,5,75,25,82,83,108,106,39,89,41" hai1="102,66,110,128,124,55,7,47,84,45,77,51,60" hai2="59,27,87,68,2,122,50,9,72,113,85,62,105" hai3="44,78,130,99,93,96,16,56,1,58,115,38,95"/><V57/><F122/><W30/><G1/><T73/><D5/><U54/><E110/><N who="0" m="42025" /><D25/><U46/><E128/><V64/><F113/><W94/><G30/><T80/><D32/><U114/><E124/><V104/><F72/><N who="0" m="27722" /><D39/><U53/><E114/><V129/><F129/><W107/><G107/><T26/><D26/><U67/><E102/><V17/><F59/><W13/><G78/><T10/><D10/><U132/><E132/><V88/><F85/><W133/><G133/><T8/><D8/><U74/><E74/><V123/><F123/><W23/><G115/><T19/><D19/><U109/><E7/><V12/><F2/><W125/><G125/><T86/><D40/><U21/><E109/><V131/><F131/><W49/><G38/><T15/><D15/><U98/><E98/><N who="3" m="37418" /><G130/><T63/><D63/><U126/><E126/><V127/><F127/><W97/><N who="3" m="37426" /><W35/><DORA hai="33" /><G35/><T90/><D41/><U134/><E134/><V22/><F50/><W100/><G100/><T101/><D101/><U3/><E3/><V18/><F68/><W20/><G23/><T34/><D34/><U65/><E21/><V117/><F22/><W79/><G79/><N who="0" m="46367" /><D106/><U70/><E51/><V42/><F105/><W71/><G71/><T43/><D43/><U91/><E77/><V48/><F104/><W6/><G6/><T52/><D52/><AGARI ba="0,0" hai="13,16,20,44,49,52,56,58,93,94,95" m="37426" machi="52" ten="40,5200,0" yaku="8,1,54,2" doraHai="120,33" who="3" fromWho="0" sc="5,-52,317,0,387,0,291,52" owari="-47,-55.0,317,-8.0,387,49.0,343,14.0" /></mjloggm>