<mjloggm ver="2.3"><GO type="169" lobby="0"/><UN n0="%62%69%67%6D%6F%75%74%68" n1="%41%79%6F%75%46" n2="%E3%82%A2%E3%83%B3%E3%81%93%E3%81%B3" n3="%E3%81%8B%E3%82%8A%E3%82%93%E3%81%95%E3%82%93" dan="16,17,16,18" rate="2076.90,2132.19,2194.17,2213.90" sx="M,M,M,M"/><TAIKYOKU oya="0"/><INIT seed="0,0,0,5,2,13" ten="250,250,250,250" oya="0" hai0="38,21,130,82,84,102,113,23,57,49,22,127,83" hai1="94,100,135,51,92,10,48,103,78,45,74,50,125" hai2="12,66,91,62,1,3,60,46,61,42,116,105,104" hai3="30,14,20,107,128,77,101,59,63,27,34,88,95"/><T52/><D113/><U32/><E32/><V118/><F66/><W109/><G109/><T121/><D121/><U126/><E45/><V54/><F54/><W19/><G128/><T111/><D38/><U26/><E26/><V99/><F12/><W33/><G77/><T24/><D130/><U67/><E67/><V16/><F91/><W134/><G134/><T71/><D71/><U39/><E39/><V106/><F99/><W28/><G107/><T81/><D111/><U85/><E10/><V132/><F132/><W55/><G101/><N who="1" m="38986" /><E135/><V4/><F4/><W122/><G122/><T117/><D117/><N who="2" m="45162" /><F16/><N who="3" m="12679" /><G33/><T96/><D127/><N who="1" m="48651" /><E85/><V36/><AGARI ba="0,0" hai="1,3,36,42,46,60,61,62,104,105,106" m="45162" machi="36" ten="40,1500,0" yaku="12,1" doraHai="13" who="2" fromWho="2" sc="250,-7,250,-4,250,15,250,-4" /><INIT seed="1,0,0,3,4,41" ten="243,246,265,246" oya="1" hai0="23,87,83,79,34,51,73,27,57,128,100,8,58" hai1="89,35,117,101,22,98,94,108,6,129,84,54,52" hai2="121,116,122,14,85,72,53,106,45,10,28,46,31" hai3="16,120,81,69,70,25,76,104,123,65,3,49,125"/><U9/><E35/><V92/><F72/><W21/><G125/><T11/><D34/><U40/><E117/><V50/><F106/><W103/><G3/><T67/><D128/><U37/><E129/><V80/><F116/><W78/><G78/><T48/><D73/><U109/><E22/><V24/><F92/><W39/><G39/><T130/><D130/><U77/><E77/><V99/><F99/><W134/><G134/><T44/><D100/><U90/><E90/><V19/><F31/><W115/><G115/><T33/><D33/><U110/><E40/><V107/><F107/><W119/><G119/><T56/><D51/><U26/><E26/><V112/><F45/><W91/><G91/><T96/><D96/><U111/><N who="1" m="27648" /><DORA hai="93" /><U2/><E37/><V30/><F112/><W124/><G124/><T86/><D86/><U68/><E68/><V127/><F127/><W20/><G69/><T131/><D67/><U95/><AGARI ba="0,0" hai="2,6,9,52,54,84,89,94,95,98,101" m="27648" machi="95" ten="60,12000,1" yaku="0,1,14,1,10,1,52,1,54,1" doraHai="41,93" who="1" fromWho="1" sc="243,-40,246,120,265,-40,246,-40" /><INIT seed="1,1,0,2,2,128" ten="203,366,225,206" oya="1" hai0="107,21,26,110,40,11,120,17,94,39,50,41,38" hai1="35,100,28,113,74,73,85,60,24,82,87,135,58" hai2="22,72,117,19,59,57,131,91,78,77,118,34,20" hai3="126,62,55,114,56,8,4,88,5,37,7,83,49"/><U23/><E113/><V67/><F34/><W116/><G37/><T45/><D107/><U101/><E87/><V64/><F131/><W47/><G114/><T66/><D110/><U0/><E0/><V52/><F91/><W46/><G116/><T43/><D120/><U15/><E135/><V16/><REACH who="2" step="1"/><F72/><REACH who="2" ten="203,366,215,206" step="2"/><W14/><G126/><T6/><D39/><U111/><E74/><V99/><F99/><W80/><G47/><T54/><D38/><U109/><E73/><V9/><F9/><W76/><G88/><T102/><D66/><U71/><E35/><V103/><F103/><W61/><G76/><T12/><D102/><U44/><E44/><V90/><F90/><W65/><REACH who="3" step="1"/><G61/><REACH who="3" ten="203,366,215,196" step="2"/><T10/><D45/><U75/><E60/><V27/><F27/><W129/><G129/><T33/><D26/><U95/><E24/><V2/><F2/><W1/><G1/><T134/><D12/><U119/><E15/><V93/><F93/><W89/><G89/><T53/><D94/><U112/><E95/><V106/><F106/><W25/><G25/><T30/><D50/><U68/><E112/><V51/><F51/><W79/><G79/><T124/><D124/><U108/><E111/><V31/><F31/><W121/><G121/><T69/><D30/><U105/><E28/><V63/><F63/><W115/><G115/><T36/><D36/><U81/><E109/><V48/><F48/><W3/><G3/><T127/><D127/><U133/><E108/><V97/><F97/><W104/><G104/><T122/><D122/><U130/><E105/><V96/><F96/><RYUUKYOKU ba="1,2" sc="203,-15,366,-15,215,15,196,15" hai2="16,19,20,22,52,57,59,64,67,77,78,117,118" hai3="4,5,7,8,14,46,49,55,56,62,65,80,83" /><INIT seed="2,2,2,3,4,61" ten="188,351,230,211" oya="2" hai0="134,46,130,91,39,68,87,75,66,120,44,73,83" hai1="20,50,100,57,23,128,62,37,84,43,113,105,35" hai2="94,133,9,65,24,7,106,107,118,101,2,71,11" hai3="129,86,80,67,78,25,124,126,89,1,10,74,33"/><V30/><F118/><W26/><G129/><T110/><D120/><U27/><E113/><V29/><F133/><W19/><G33/><T99/><D134/><U58/><E37/><V76/><F76/><W13/><G1/><T41/><D130/><U34/><E20/><V93/><F11/><W117/><G117/><T69/><D110/><U81/><E128/><V96/><F107/><W40/><G40/><T5/><D5/><U70/><E70/><V88/><F88/><W119/><G119/><T102/><D46/><U51/><E51/><V123/><F123/><W97/><G97/><T28/><D28/><U56/><E100/><V4/><F4/><W6/><G67/><T59/><D59/><U14/><E14/><V12/><F2/><W85/><G74/><T72/><REACH who="0" step="1"/><D66/><REACH who="0" ten="178,351,230,211" step="2"/><U135/><E135/><V64/><F29/><W49/><G6/><T53/><D53/><U79/><E62/><N who="2" m="40343" /><F65/><W18/><G19/><T115/><D115/><U63/><E63/><V47/><F47/><W54/><G124/><T77/><D77/><U42/><E58/><V98/><F98/><W36/><G126/><T92/><AGARI ba="2,3" hai="39,41,44,68,69,72,73,75,83,87,91,92,99,102" machi="92" ten="30,2000,0" yaku="1,1,0,1,53,0" doraHai="61" doraHaiUra="114" who="0" fromWho="0" sc="178,56,351,-7,230,-12,211,-7" /><INIT seed="3,0,0,3,2,30" ten="234,344,218,204" oya="3" hai0="99,34,86,23,113,53,112,61,45,123,91,70,100" hai1="62,3,1,116,37,42,96,32,72,7,10,128,110" hai2="39,4,88,75,15,18,84,134,47,74,95,38,59" hai3="103,9,22,111,90,20,35,69,49,117,64,56,115"/><W5/><G115/><N who="0" m="44107" /><D123/><U73/><E110/><V78/><F134/><W127/><G117/><T126/><D126/><U6/><E128/><V85/><F4/><W125/><G103/><T25/><D23/><U24/><E116/><V63/><F47/><W51/><G111/><T19/><D19/><U104/><E62/><V71/><F71/><W129/><G129/><T107/><D45/><N who="1" m="23759" /><E6/><V108/><F108/><W67/><G69/><T122/><D122/><U131/><E131/><V98/><F39/><W101/><G101/><T79/><D79/><U87/><E87/><V135/><F38/><W80/><G5/><T83/><D70/><U0/><E96/><V118/><F118/><W120/><G90/><T94/><D61/><U66/><E66/><V46/><F46/><W41/><G9/><T102/><D53/><U60/><E60/><V27/><F135/><W77/><G77/><T36/><D36/><U29/><E104/><V2/><F2/><AGARI ba="0,0" hai="0,1,2,3,7,10,24,29,32,72,73" m="23759" machi="2" ten="30,3900,0" yaku="33,2,52,1" doraHai="30" who="1" fromWho="2" sc="234,0,344,39,218,-39,204,0" /><INIT seed="4,0,0,2,4,48" ten="234,383,179,204" oya="0" hai0="18,41,24,116,118,87,122,114,5,32,69,125,105" hai1="61,74,47,3,23,25,93,22,128,98,55,57,76" hai2="29,110,37,103,99,101,75,107,14,16,28,129,40" hai3="109,94,2,126,92,70,52,88,39,71,49,21,115"/><T65/><D122/><U27/><E3/><V102/><F110/><W119/><G109/><T113/><D105/><U15/><E128/><V59/><F129/><W78/><G119/><T120/><D120/><U133/><E133/><V106/><F75/><W66/><G2/><T54/><D87/><U63/><E15/><V6/><F6/><W112/><G39/><T12/><D5/><U35/><E35/><V72/><F72/><W11/><G78/><T64/><D125/><U30/><E47/><V123/><F123/><W104/><G104/><T8/><D41/><U132/><E132/><V34/><F59/><N who="3" m="33167" /><G66/><T33/><D33/><U4/><E4/><V53/><F53/><W51/><G126/><T86/><D86/><U91/><E74/><V85/><F40/><W134/><G134/><T31/><D65/><U9/><E9/><V121/><F121/><W100/><G11/><T95/><D64/><U58/><E76/><V56/><F37/><W68/><G51/><T89/><D69/><U17/><E58/><V73/><F56/><W0/><G0/><T67/><D67/><U19/><E63/><V77/><F73/><W124/><G124/><T13/><D8/><U96/><E96/><N who="2" m="61735" /><F34/><W46/><G46/><T36/><D36/><U117/><E117/><V45/><F45/><W38/><G38/><T43/><D32/><U44/><E44/><V60/><F60/><W111/><G111/><T82/><D118/><U80/><E61/><V131/><F131/><W127/><G127/><T90/><D116/><U108/><E108/><V7/><F77/><W83/><G71/><RYUUKYOKU ba="0,0" sc="234,0,383,0,179,0,204,0" /><INIT seed="5,1,0,4,3,34" ten="234,383,179,204" oya="1" hai0="83,29,52,97,117,35,72,17,121,135,30,98,130" hai1="71,54,103,41,124,109,76,0,108,104,122,48,27" hai2="79,110,16,3,78,53,39,18,19,89,36,24,55" hai3="43,66,46,105,20,91,23,113,26,133,67,70,88"/><U94/><E122/><V118/><F118/><W129/><G105/><T131/><D117/><U21/><E71/><V77/><F110/><W7/><G113/><T11/><D121/><U6/><E104/><V102/><F102/><W31/><G133/><T45/><D135/><U84/><E41/><V111/><F111/><W28/><G129/><N who="0" m="49163" /><D72/><U73/><E124/><V112/><F112/><W8/><G70/><T64/><D64/><U132/><E73/><V40/><F3/><W25/><G66/><T33/><D83/><U47/><E132/><V10/><F10/><W58/><G58/><T107/><D35/><U69/><E69/><V86/><F24/><W127/><G67/><T38/><D38/><U51/><E0/><V15/><F15/><W22/><G22/><T106/><D106/><U125/><E6/><V2/><F2/><W123/><G123/><T1/><D17/><U80/><E125/><V96/><F96/><N who="0" m="36970" /><D33/><U4/><E4/><V85/><F40/><W114/><G114/><T99/><D107/><U68/><E68/><V61/><F61/><W74/><G74/><T59/><D45/><U5/><E5/><V65/><F65/><W100/><G127/><T90/><D1/><U115/><E115/><V49/><F49/><N who="3" m="26847" /><G100/><T62/><D11/><U14/><E103/><V12/><F12/><AGARI ba="1,0" hai="7,8,12,20,23,25,26,28,31,88,91" m="26847" machi="12" ten="30,2000,0" yaku="8,1,54,1" doraHai="34" who="3" fromWho="2" sc="234,0,383,0,179,-23,204,23" /><INIT seed="6,0,0,1,1,29" ten="234,383,156,227" oya="2" hai0="14,94,36,48,121,3,12,99,0,28,39,97,10" hai1="84,27,54,66,79,7,125,129,109,133,25,132,134" hai2="56,8,118,70,85,106,95,62,26,117,98,2,9" hai3="112,32,41,42,90,4,15,47,13,16,96,55,34"/><V75/><F75/><W37/><G112/><T113/><D121/><U131/><E109/><V135/><F135/><W92/><G41/><T20/><D113/><U127/><E66/><V17/><F70/><W68/><G68/><T114/><D114/><U120/><E120/><V49/><F49/><W78/><G78/><T87/><D87/><U123/><E123/><V46/><F46/><W76/><G76/><T38/><D48/><U33/><E7/><V102/><F85/><W110/><G110/><T57/><D57/><U31/><E54/><V63/><F106/><W71/><G71/><T88/><D99/><U5/><E5/><V53/><F63/><W64/><G64/><T100/><D100/><U122/><E122/><V77/><F77/><W82/><G82/><T40/><D40/><U130/><E27/><V50/><F62/><W61/><G4/><T52/><D52/><U103/><E103/><V81/><F81/><AGARI ba="0,0" hai="25,31,33,79,81,84,125,127,129,130,131,132,133,134" machi="81" ten="50,8000,1" yaku="30,2,19,1,20,1,52,1" doraHai="29" who="1" fromWho="2" sc="234,0,383,80,156,-80,227,0" /><INIT seed="7,0,0,5,0,2" ten="234,463,76,227" oya="3" hai0="59,68,75,60,118,116,49,87,106,131,27,115,80" hai1="53,39,71,120,38,24,90,93,33,78,95,94,35" hai2="19,86,108,11,0,133,84,105,69,70,55,17,37" hai3="34,22,47,3,57,79,4,73,103,64,121,5,20"/><W96/><G121/><T113/><D75/><U9/><E71/><V15/><F108/><W117/><G34/><T40/><D106/><U42/><E120/><V61/><F0/><W45/><G117/><T132/><D68/><U62/><E78/><V112/><F133/><W110/><G110/><T65/><D132/><U1/><E90/><V101/><F37/><W134/><G134/><T67/><D131/><U122/><E122/><V119/><F119/><W100/><G73/><T36/><D36/><U109/><E109/><V91/><F112/><N who="0" m="43082" /><D67/><U63/><E1/><V66/><F69/><W81/><G3/><T30/><D49/><U98/><E9/><V52/><F19/><W114/><G114/><T129/><D40/><U130/><E95/><V74/><F74/><W76/><G57/><T21/><D129/><U51/><E51/><V32/><F32/><W85/><G64/><T128/><D128/><U58/><E24/><V102/><F86/><W41/><G41/><T44/><D44/><N who="3" m="16969" /><G79/><AGARI ba="0,0" hai="21,27,30,59,60,65,79,80,87,116,118" m="43082" machi="79" ten="30,2000,0" yaku="15,1,11,1" doraHai="2" who="0" fromWho="3" sc="234,20,463,0,76,0,227,-20" owari="254,5.0,463,56.0,76,-42.0,207,-19.0" /></mjloggm>