<mjloggm ver="2.3"><GO type="225" lobby="0"/><UN n0="%E7%88%86%E7%89%8C%E3%82%A6%E3%82%B7%E3%82%B8%E3%83%9E%E3%81%8F%E3%82%93" n1="%E3%81%AF%E3%82%88%E3%81%8A%E3%81%98%E3%81%95%E3%82%93" n2="%79%6A%69%72%6F" n3="%E3%81%95%E3%81%8D%E3%81%9F%E3%81%BE%E6%9E%97%E6%AA%8E" dan="16,17,17,16" rate="2104.79,2139.39,2209.49,2153.34" sx="M,M,M,M"/><TAIKYOKU oya="0"/><INIT seed="0,0,0,2,5,23" ten="250,250,250,250" oya="0" hai0="3,57,100,114,14,59,134,53,124,49,7,102,87" hai1="60,83,33,89,34,64,68,40,55,42,66,41,133" hai2="117,69,36,11,30,110,72,17,93,122,71,131,28" hai3="107,91,35,2,80,9,103,38,135,18,104,86,81"/><T109/><D114/><U54/><E133/><V108/><F122/><W85/><G38/><T128/><D134/><U67/><E68/><N who="2" m="26187" /><F72/><W115/><G135/><T65/><D3/><U113/><E113/><V47/><F131/><W70/><G70/><T27/><D128/><U120/><E120/><V116/><F93/><W4/><G115/><T31/><D124/><U99/><E99/><V121/><F121/><W123/><G123/><T43/><D109/><N who="2" m="42090" /><F17/><W97/><G18/><T112/><D43/><U5/><E5/><V45/><F11/><W29/><G29/><N who="2" m="11369" /><F36/><W125/><G125/><T39/><D112/><U127/><E127/><V24/><F24/><W94/><REACH who="3" step="1"/><G35/><REACH who="3" ten="250,250,250,240" step="2"/><T25/><D39/><U130/><E33/><V26/><F26/><N who="0" m="9738" /><D31/><U13/><E34/><V10/><F10/><W19/><G19/><T12/><D7/><U20/><E130/><V82/><F82/><W15/><G15/><N who="0" m="5675" /><D87/><U50/><E13/><V22/><F22/><W126/><G126/><T111/><D111/><U52/><E20/><V51/><F116/><W21/><G21/><T56/><D65/><U132/><E132/><V105/><F117/><W37/><G37/><T106/><D106/><U88/><E66/><V78/><F105/><W58/><G58/><AGARI ba="0,1" hai="49,53,56,57,58,59,100,102" m="5675,9738" machi="58" ten="30,11600,0" yaku="8,1,52,3" doraHai="23" who="0" fromWho="3" sc="250,126,250,0,250,0,240,-116" /><INIT seed="0,1,0,1,0,75" ten="376,250,250,124" oya="0" hai0="113,103,94,98,4,125,82,110,15,100,57,21,53" hai1="3,108,80,17,81,36,46,55,92,91,13,123,39" hai2="0,16,22,51,97,135,68,72,114,86,26,85,66" hai3="122,65,38,45,118,52,54,131,40,95,67,116,88"/><T115/><D125/><U120/><E3/><V101/><F114/><W27/><G27/><T111/><D100/><U107/><E107/><V133/><F0/><W124/><G95/><T9/><D21/><U104/><E104/><V73/><F51/><W128/><G124/><T1/><D1/><U44/><E108/><N who="0" m="41513" /><D82/><U20/><E81/><V34/><F34/><W84/><G84/><N who="2" m="32361" /><F66/><N who="3" m="25099" /><G88/><T42/><D42/><U74/><E91/><V25/><F68/><W50/><G122/><T106/><D106/><U5/><E80/><V109/><F26/><W126/><G126/><T29/><D29/><U105/><E105/><N who="2" m="63663" /><F109/><W99/><G99/><T60/><AGARI ba="1,0" hai="4,9,15,53,57,60,94,98,103,113,115" m="41513" machi="60" ten="30,3000,0" yaku="14,1,10,1" doraHai="75" who="0" fromWho="0" sc="376,33,250,-11,250,-11,124,-11" /><INIT seed="0,2,0,3,4,45" ten="409,239,239,113" oya="0" hai0="114,95,32,98,91,107,57,124,130,99,44,50,43" hai1="4,18,94,73,80,72,53,125,112,105,110,122,40" hai2="56,133,9,21,54,86,71,7,87,46,24,127,123" hai3="5,23,42,33,76,10,77,92,29,6,20,132,37"/><T113/><D124/><U70/><E105/><V52/><F123/><W60/><G132/><T12/><D130/><U59/><E122/><V78/><F71/><W63/><G33/><T55/><D12/><U93/><E70/><V82/><F133/><W58/><G37/><T34/><D107/><U3/><E40/><V61/><F127/><W131/><G131/><T68/><D68/><U104/><E104/><V75/><F46/><W35/><G35/><T13/><D98/><U96/><E18/><V84/><F54/><W79/><G42/><T17/><D34/><U101/><E110/><V120/><F120/><W2/><G2/><T109/><D32/><U30/><E30/><V116/><F116/><W15/><G6/><T0/><D0/><U27/><E27/><V128/><F128/><W67/><G29/><T19/><D19/><U31/><E31/><V28/><REACH who="2" step="1"/><F75/><REACH who="2" ten="409,239,229,113" step="2"/><W16/><G63/><T89/><D109/><U25/><E73/><V126/><F126/><W121/><G121/><T85/><D113/><U14/><E72/><V65/><F65/><W134/><G134/><T102/><D114/><U48/><E112/><V39/><F39/><W69/><G69/><T135/><D135/><U103/><E53/><V118/><F118/><W83/><G83/><T117/><D117/><U11/><E80/><V51/><F51/><W66/><G66/><T97/><D55/><U36/><E48/><V115/><F115/><W22/><REACH who="3" step="1"/><G92/><REACH who="3" ten="409,239,229,103" step="2"/><T81/><D95/><N who="1" m="58527" /><E125/><V106/><F106/><W74/><G74/><T100/><D43/><U1/><E94/><V8/><F8/><RYUUKYOKU ba="2,2" sc="409,-15,239,-15,229,15,103,15" hai2="7,9,21,24,28,52,56,61,78,82,84,86,87" hai3="5,10,15,16,20,22,23,58,60,67,76,77,79" /><INIT seed="1,3,2,5,2,2" ten="394,224,244,118" oya="1" hai0="82,66,20,73,57,16,117,11,6,72,14,78,87" hai1="84,33,119,71,55,49,9,32,120,129,15,130,4" hai2="51,122,35,46,89,112,80,45,10,115,94,48,98" hai3="40,101,128,90,126,123,3,23,28,118,58,7,91"/><U102/><E119/><V75/><F122/><W109/><G123/><T114/><D114/><N who="2" m="43562" /><F35/><W70/><G70/><T105/><D105/><U62/><E120/><V131/><F131/><N who="1" m="50185" /><E102/><V113/><N who="2" m="43570" /><V61/><DORA hai="31" /><F61/><W50/><G128/><T60/><REACH who="0" step="1"/><D117/><REACH who="0" ten="384,224,244,118" step="2"/><U13/><E84/><N who="2" m="50311" /><F75/><W108/><G118/><T42/><D42/><U47/><E15/><AGARI ba="3,3" hai="6,11,14,15,16,20,57,60,66,72,73,78,82,87" machi="15" ten="30,7700,0" yaku="1,1,7,1,52,1,54,1,53,0" doraHai="2,31" doraHaiUra="110,133" who="0" fromWho="1" sc="384,116,224,-86,244,0,118,0" /><INIT seed="2,0,0,0,1,86" ten="500,138,244,118" oya="2" hai0="19,102,134,50,0,121,54,65,95,112,118,124,40" hai1="111,37,18,93,4,115,83,28,88,122,113,127,94" hai2="9,14,57,96,34,81,55,25,44,126,8,23,84" hai3="21,64,101,15,82,75,1,76,103,45,12,104,90"/><V109/><F126/><W105/><G1/><T91/><D0/><U73/><E37/><V32/><F109/><W87/><G64/><T97/><D124/><U125/><E111/><V52/><F96/><N who="3" m="61479" /><G45/><T22/><D112/><U133/><E125/><V26/><F44/><W135/><G21/><T71/><D40/><U85/><E127/><V66/><F66/><W108/><G108/><T107/><D121/><U120/><E133/><V39/><F39/><W17/><G17/><T132/><D118/><U42/><E42/><V106/><F106/><W48/><G48/><T58/><D65/><U27/><E18/><V74/><F55/><W80/><G15/><T47/><D47/><U29/><E4/><V100/><F100/><W72/><G12/><N who="0" m="9575" /><D71/><U117/><E117/><V116/><F116/><W129/><G129/><T131/><D131/><U119/><E119/><V114/><F114/><N who="1" m="43529" /><E73/><V123/><F74/><N who="3" m="43031" /><G135/><T99/><D134/><U92/><E27/><V10/><F123/><AGARI ba="0,0" hai="28,29,83,85,88,92,93,94,120,122,123" m="43529" machi="123" ten="40,5200,0" yaku="13,1,52,1,54,1" doraHai="86" who="1" fromWho="2" sc="500,0,138,52,244,-52,118,0" /><INIT seed="3,0,0,3,5,3" ten="500,190,192,118" oya="3" hai0="134,55,72,70,125,119,128,86,67,50,97,52,101" hai1="11,131,93,98,76,56,90,51,24,4,48,37,13" hai2="40,103,53,99,122,42,60,64,54,113,14,85,8" hai3="25,15,115,73,107,114,30,94,130,100,109,84,75"/><W41/><G107/><T132/><D72/><U124/><E37/><V92/><F113/><W129/><G41/><N who="2" m="15977" /><F122/><W20/><G109/><T62/><D119/><U7/><E124/><V43/><N who="2" m="15985" /><V38/><DORA hai="17" /><F38/><W74/><G15/><T27/><D125/><U89/><E131/><N who="3" m="50186" /><G84/><T102/><D128/><U79/><E4/><N who="2" m="3335" /><F85/><W69/><G69/><T110/><D102/><U111/><E111/><V65/><F60/><W35/><G35/><T1/><D62/><U81/><E24/><V91/><F103/><W49/><G49/><N who="1" m="19018" /><E56/><V123/><F123/><W61/><G61/><T121/><D27/><U95/><E81/><V46/><F46/><W80/><G80/><T112/><D110/><U127/><E127/><V21/><F21/><W2/><G2/><T135/><D1/><U118/><E118/><V29/><F29/><W120/><G120/><T108/><D121/><U36/><E36/><V6/><F6/><W26/><G26/><T126/><D126/><U77/><E95/><V78/><F78/><W68/><G68/><T16/><D70/><U28/><E28/><V88/><F91/><AGARI ba="0,0" hai="7,11,13,76,77,79,89,90,91,93,98" m="19018" machi="91" ten="30,2000,0" yaku="8,1,52,1" doraHai="3,17" who="1" fromWho="2" sc="500,0,190,20,192,-20,118,0" owari="500,60.0,210,1.0,172,-23.0,118,-38.0" /></mjloggm>