<mjloggm ver="2.3"><GO type="185" lobby="0"/><UN n0="%28%C2%B4%E3%81%B8%CE%B5%E3%81%B8%60%29" n1="%E7%81%AB%E6%98%9F%E3%81%AE%E7%8A%AC" n2="%E5%A4%A9%E3%83%B6%E7%80%AC%E5%A5%88%E6%9C%88" n3="" dan="20,16,17,0" rate="2420.15,2208.08,2239.36,1500.00" sx="M,M,M,C"/><TAIKYOKU oya="0"/><INIT seed="0,0,0,3,4,124" ten="350,350,350,0" oya="0" hai0="95,85,59,67,101,52,107,104,133,115,63,70,114" hai1="38,54,64,122,58,69,41,112,78,94,134,56,43" hai2="123,82,119,49,60,87,76,110,48,51,35,3,68" hai3=""/><T89/><D133/><U40/><N who="1" m="31264" /><U109/><E109/><V46/><N who="2" m="31520" /><V83/><F3/><T81/><D81/><U92/><E134/><V44/><F35/><T73/><D73/><U75/><E112/><V100/><F110/><T116/><D116/><U121/><N who="1" m="31008" /><U86/><E75/><V61/><F119/><T80/><D80/><U88/><E38/><V71/><F100/><T36/><D36/><U106/><E106/><V84/><REACH who="2" step="1"/><F49/><REACH who="2" ten="350,350,340,0" step="2"/><T120/><N who="0" m="30752" /><T55/><D101/><U33/><E33/><V113/><F113/><T130/><D114/><U127/><E127/><V72/><F72/><T117/><D115/><U66/><E69/><V99/><F99/><T47/><D117/><U42/><N who="1" m="10752" /><DORA hai="2" /><U103/><E103/><V126/><F126/><T97/><D97/><U91/><E78/><AGARI ba="0,1" hai="44,46,48,51,60,61,68,71,76,78,82,83,84,87" m="31520" machi="78" ten="25,6400,0" yaku="1,1,22,2,52,1,53,0" doraHai="124,2" doraHaiUra="0,108" who="2" fromWho="1" sc="350,0,350,-64,340,74,0,0" /><INIT seed="1,0,0,2,2,95" ten="350,286,414,0" oya="1" hai0="102,74,98,124,112,40,129,66,106,69,75,34,103" hai1="84,59,131,37,88,61,36,53,135,96,101,39,65" hai2="104,97,76,128,93,127,108,126,116,79,121,87,58" hai3=""/><U35/><E35/><V120/><N who="2" m="30752" /><V44/><N who="2" m="31008" /><V85/><F116/><T56/><D112/><U81/><E131/><V92/><F128/><T110/><D34/><U111/><E135/><V52/><F108/><T132/><D129/><U73/><E73/><V107/><F44/><T32/><D32/><U71/><E111/><V1/><F1/><T62/><D110/><U113/><E113/><V117/><F117/><T60/><D132/><U55/><REACH who="1" step="1"/><E71/><REACH who="1" ten="350,276,414,0" step="2"/><V77/><F85/><T109/><D109/><U122/><N who="1" m="31264" /><U100/><E100/><V123/><N who="2" m="31520" /><V48/><F87/><T2/><D102/><U115/><E115/><V0/><F0/><T46/><D2/><U3/><E3/><V70/><F70/><T133/><D133/><U130/><E130/><V64/><F64/><T90/><D74/><U89/><E89/><V78/><F78/><T72/><D90/><U49/><E49/><V125/><F92/><AGARI ba="0,1" hai="36,37,39,53,55,59,61,65,81,84,88,92,96,101" m="31264" machi="92" ten="40,12000,1" yaku="1,1,52,2,54,1,53,1" doraHai="95" doraHaiUra="91" who="1" fromWho="2" sc="350,0,276,130,414,-120,0,0" /><INIT seed="1,1,0,4,0,129" ten="350,406,294,0" oya="1" hai0="85,100,108,61,83,59,40,56,126,65,52,121,68" hai1="75,74,47,48,77,78,106,117,72,62,97,42,114" hai2="96,41,93,105,51,122,44,70,43,0,2,33,102" hai3=""/><U63/><E117/><V104/><N who="2" m="31264" /><V87/><F33/><T123/><N who="0" m="31008" /><T36/><N who="0" m="31520" /><T131/><D131/><U67/><E114/><V55/><F70/><T116/><D108/><U66/><E106/><V50/><F105/><T73/><D116/><U120/><N who="1" m="30752" /><U46/><E97/><V132/><F132/><T53/><D126/><U34/><E34/><V92/><F41/><T94/><D73/><U1/><E1/><V95/><REACH who="2" step="1"/><F87/><REACH who="2" ten="350,406,284,0" step="2"/><T3/><D3/><U32/><E32/><V54/><F54/><T128/><D128/><U39/><E74/><V57/><AGARI ba="1,1" hai="0,2,43,44,50,51,55,57,92,93,95,96,102,104" m="31264" machi="57" ten="30,3000,0" yaku="1,1,0,1,52,1,53,0" doraHai="129" doraHaiUra="69" who="2" fromWho="2" sc="350,-11,406,-21,284,42,0,0" /><INIT seed="2,0,0,0,4,32" ten="339,385,326,0" oya="2" hai0="76,34,127,39,135,83,88,110,72,94,131,3,97" hai1="84,2,52,111,70,81,74,99,0,44,65,93,73" hai2="98,106,1,69,38,66,85,45,61,95,92,130,82" hai3=""/><V67/><F1/><T62/><D34/><U113/><E113/><V47/><F130/><T80/><D39/><U55/><E111/><V75/><F75/><T123/><N who="0" m="31520" /><T107/><D110/><U33/><E33/><V102/><F66/><T46/><D131/><U104/><E104/><V101/><F38/><T122/><N who="0" m="31264" /><T134/><D3/><U43/><E74/><V126/><F126/><T63/><D127/><U78/><E73/><V49/><F102/><T117/><D117/><U132/><E132/><N who="0" m="50729" /><D107/><U90/><E70/><V68/><F68/><T128/><D128/><U50/><E65/><V51/><F51/><T109/><D109/><U103/><E103/><V115/><F115/><T112/><D112/><U124/><E124/><V60/><F60/><N who="0" m="23082" /><D83/><U121/><N who="1" m="31008" /><U36/><E55/><V41/><REACH who="2" step="1"/><F47/><AGARI ba="0,0" hai="46,47,72,76,80,88,94,97" m="23082,50729,31264,31520" machi="47" ten="30,7700,0" yaku="20,1,52,2,54,1" doraHai="32" who="0" fromWho="2" sc="339,77,385,0,326,-77,0,0" /><AGARI ba="0,0" hai="0,2,36,43,44,47,50,52,78,81,84,90,93,99" m="31008" machi="47" ten="30,8000,1" yaku="7,1,52,3,54,1" doraHai="32" who="1" fromWho="2" sc="416,0,385,80,249,-80,0,0" /><INIT seed="4,0,0,2,2,45" ten="416,465,169,0" oya="0" hai0="87,112,97,46,67,68,66,83,131,126,91,63,39" hai1="33,130,101,60,38,50,51,107,98,122,84,94,75" hai2="125,69,103,44,48,99,88,77,0,72,119,49,102" hai3=""/><T111/><D112/><U110/><N who="1" m="31264" /><U123/><N who="1" m="31520" /><U85/><E110/><V76/><F0/><T93/><D111/><U79/><E33/><V132/><F132/><T37/><D131/><U73/><E38/><V128/><F128/><T55/><D126/><U34/><E34/><V105/><F125/><T74/><D74/><U2/><E2/><V35/><F35/><T32/><D32/><U61/><E130/><V120/><N who="2" m="30752" /><V65/><F119/><T106/><D106/><U1/><E1/><V96/><F88/><T40/><D66/><U134/><E134/><V100/><F72/><T89/><REACH who="0" step="1"/><D55/><REACH who="0" ten="406,465,169,0" step="2"/><U90/><E75/><V78/><F105/><T71/><D71/><U133/><E133/><V41/><F69/><T59/><D59/><U86/><E107/><V135/><F65/><T127/><D127/><U54/><E73/><V118/><F135/><T124/><D124/><U70/><E70/><V58/><F118/><T109/><D109/><U115/><E54/><AGARI ba="0,1" hai="41,44,48,49,54,58,76,77,78,96,99,100,102,103" m="30752" machi="54" ten="40,8000,1" yaku="8,1,52,3" doraHai="45" who="2" fromWho="1" sc="406,0,465,-80,169,90,0,0" /><INIT seed="5,0,0,2,2,129" ten="406,385,259,0" oya="1" hai0="71,105,120,119,89,33,104,117,53,125,38,0,44" hai1="50,127,111,126,40,69,101,35,82,113,116,90,103" hai2="60,85,64,107,114,118,59,49,109,128,102,135,47" hai3=""/><U79/><E35/><V41/><F109/><T55/><N who="0" m="30752" /><T67/><D33/><U87/><E69/><V57/><F118/><N who="0" m="45066" /><D0/><U2/><E116/><V133/><F128/><T92/><D125/><N who="1" m="47627" /><E2/><V88/><F114/><T93/><D67/><U68/><E68/><V3/><F3/><T34/><D71/><U65/><E113/><V110/><F110/><T124/><D124/><U52/><E111/><V43/><F59/><T134/><D34/><U32/><E32/><V83/><REACH who="2" step="1"/><F43/><REACH who="2" ten="406,385,249,0" step="2"/><T77/><D44/><U72/><E40/><V56/><F56/><T61/><D53/><U100/><E65/><V58/><F58/><T48/><D55/><U66/><E66/><V63/><F63/><T81/><D61/><U121/><N who="1" m="31008" /><U97/><E52/><V78/><F78/><T36/><D77/><U130/><E130/><V94/><F94/><T86/><D92/><U46/><E46/><V70/><F70/><T108/><D93/><U95/><E50/><V84/><F84/><AGARI ba="0,1" hai="72,79,82,84,87,90,95,97,100,101,103" m="31008,47627" machi="84" ten="30,11600,0" yaku="18,1,34,2,52,1" doraHai="129" who="1" fromWho="2" sc="406,0,385,126,249,-116,0,0" /><INIT seed="5,1,0,5,5,53" ten="406,511,133,0" oya="1" hai0="43,122,113,61,91,87,108,89,131,121,104,83,132" hai1="88,93,120,103,56,105,71,97,81,70,107,34,102" hai2="134,69,92,64,101,49,119,84,67,85,125,2,52" hai3=""/><U72/><N who="1" m="30752" /><U115/><E115/><V128/><F2/><T50/><N who="0" m="31008" /><T54/><N who="0" m="31264" /><T114/><D108/><U129/><E34/><V62/><F119/><T116/><D104/><U32/><E32/><V95/><F134/><T79/><D132/><U45/><E129/><V98/><F128/><T40/><D131/><U110/><E45/><V77/><F125/><T117/><D61/><U100/><E110/><V60/><F77/><T48/><D89/><U124/><E124/><V1/><F1/><T46/><D79/><U111/><E111/><V47/><REACH who="2" step="1"/><F92/><REACH who="2" ten="406,511,123,0" step="2"/><T35/><D35/><U118/><E118/><N who="0" m="45673" /><D40/><U112/><E107/><V57/><AGARI ba="1,1" hai="47,49,52,57,60,62,64,67,69,84,85,95,98,101" machi="57" ten="20,6000,1" yaku="1,1,0,1,7,1,52,1,54,1,53,0" doraHai="53" doraHaiUra="39" who="2" fromWho="2" sc="406,-21,511,-41,123,72,0,0" /><INIT seed="6,0,0,5,2,104" ten="385,470,195,0" oya="2" hai0="135,0,87,39,125,132,95,109,73,123,38,1,56" hai1="37,3,89,126,98,32,117,74,113,127,102,43,78" hai2="61,66,55,134,71,128,115,84,82,103,57,54,86" hai3=""/><V49/><F115/><T77/><N who="0" m="31520" /><T100/><D56/><U94/><E113/><V129/><F134/><T2/><D109/><U59/><E32/><V41/><F103/><T107/><D125/><N who="1" m="47627" /><E3/><V64/><F64/><T44/><D95/><U116/><E43/><V62/><F41/><T70/><D87/><U112/><E37/><V72/><F72/><T96/><D70/><U81/><E112/><V111/><F111/><T65/><D65/><U63/><E102/><V33/><F33/><T121/><N who="0" m="31008" /><T119/><D119/><U36/><E36/><V50/><F84/><T51/><D51/><U58/><E58/><V118/><F118/><T122/><N who="0" m="31264" /><T79/><D79/><U80/><E80/><V105/><F105/><T133/><D44/><U46/><E46/><V108/><F108/><T91/><D91/><U114/><E114/><V42/><F42/><T92/><D92/><U76/><E76/><V47/><REACH who="2" step="1"/><F50/><REACH who="2" ten="385,470,185,0" step="2"/><T69/><D69/><U130/><E117/><V97/><F97/><T99/><D96/><U120/><E116/><V67/><F67/><T34/><D34/><U85/><E120/><V52/><F52/><T131/><D38/><U124/><E124/><V60/><F60/><T75/><D39/><RYUUKYOKU ba="0,1" sc="385,-10,470,-10,185,20,0,0" hai2="47,49,54,55,57,61,62,66,71,82,86,128,129" /><INIT seed="6,1,1,4,3,116" ten="375,460,205,0" oya="2" hai0="51,66,79,61,127,72,57,96,49,130,83,97,115" hai1="62,58,75,70,35,125,117,1,106,41,126,135,93" hai2="67,53,55,48,107,73,114,100,87,36,38,112,34" hai3=""/><V111/><F34/><T86/><D130/><U120/><RYUUKYOKU type="yao9" ba="1,1" sc="375,0,460,0,205,0,0,0" hai1="1,35,41,58,62,70,75,93,106,117,120,125,126,135" /><INIT seed="6,2,1,1,4,130" ten="375,460,205,0" oya="2" hai0="33,54,63,126,62,3,127,55,41,112,96,93,123" hai1="65,50,111,83,77,52,59,109,101,1,78,134,37" hai2="34,76,46,60,51,53,84,74,129,2,56,106,118" hai3=""/><V91/><F118/><T35/><N who="0" m="31520" /><T79/><D3/><U43/><E134/><V107/><F2/><T115/><D79/><U125/><E1/><V66/><F34/><T39/><D41/><U75/><E125/><N who="0" m="47625" /><D39/><U58/><E78/><V110/><F129/><T64/><D33/><U103/><E37/><V61/><F110/><T88/><D35/><U133/><E43/><V102/><F102/><T97/><D97/><U44/><E133/><V135/><F135/><T113/><D63/><U81/><E111/><V40/><F74/><T36/><D36/><U57/><E109/><V128/><F128/><T80/><D80/><U104/><E104/><V120/><N who="2" m="30752" /><V86/><F76/><T70/><AGARI ba="2,1" hai="54,55,62,64,70,88,93,96,112,113,115" m="47625,31520" machi="70" ten="40,6000,1" yaku="15,1,11,1,18,1,52,1,54,1" doraHai="130" who="0" fromWho="0" sc="375,74,460,-22,205,-42,0,0" owari="449,40.0,438,4.0,163,-44.0,0,0.0" /></mjloggm>