<mjloggm ver="2.3"><GO type="225" lobby="0"/><UN n0="%E9%89%84%E5%BC%B7%E3%83%A2%E3%83%92%E3%83%BC%E3%83%8C%E4%B8%83%E6%AE%B5" n1="%E3%82%AB%E3%83%9C%E3%83%81%E3%83%A3%E3%82%BF%E3%83%8D" n2="%E3%81%82%E3%81%9A%E3%81%8D%E3%81%82%E3%81%9A%E3%81%95" n3="%70%69%6E%70%69%6E%36" dan="18,16,16,16" rate="2240.99,2081.87,2116.87,2180.47" sx="F,M,M,M"/><TAIKYOKU oya="0"/><INIT seed="0,0,0,2,1,104" ten="250,250,250,250" oya="0" hai0="15,121,29,116,106,7,17,84,123,53,98,61,52" hai1="122,96,28,59,39,40,25,81,126,11,54,33,91" hai2="129,113,103,58,20,47,0,76,94,70,45,22,109" hai3="99,112,13,93,49,68,24,3,30,111,14,110,36"/><T134/><D116/><U119/><E119/><V6/><F113/><W27/><G36/><T97/><D134/><U118/><E118/><V125/><F70/><W26/><G68/><T60/><D29/><U89/><E122/><V4/><F109/><N who="3" m="41483" /><G112/><T43/><D43/><U2/><E126/><V90/><F129/><W41/><G3/><T5/><D106/><U63/><E96/><N who="2" m="59799" /><F0/><W74/><G74/><T83/><D17/><U64/><E81/><V44/><F76/><W12/><G49/><T65/><D15/><N who="3" m="3841" /><W19/><DORA hai="105" /><G41/><T69/><D69/><U21/><E40/><V75/><F75/><W56/><G56/><T62/><D83/><U34/><E39/><V46/><F46/><W42/><G42/><T82/><D82/><U48/><E2/><V88/><F58/><W115/><G115/><T108/><D108/><U77/><E77/><V66/><F66/><W114/><G114/><T10/><D65/><U133/><E133/><V1/><F1/><W80/><G80/><T124/><D62/><U132/><E132/><V35/><F35/><N who="3" m="20935" /><G19/><T78/><D78/><U31/><E11/><V38/><F38/><W128/><G128/><T107/><D10/><U87/><E31/><V102/><F47/><W95/><G95/><T55/><D107/><U67/><E67/><V37/><F45/><W127/><G127/><T130/><D124/><U86/><E64/><V135/><F125/><W131/><G131/><T57/><D130/><U101/><E63/><V92/><F135/><W32/><G32/><T79/><D79/><U85/><E101/><AGARI ba="0,0" hai="26,27,93,99,101" m="20935,3841,41483" machi="101" ten="40,1300,0" yaku="14,1" doraHai="104,105" who="3" fromWho="1" sc="250,0,250,-13,250,0,250,13" /><INIT seed="1,0,0,5,1,94" ten="250,237,250,263" oya="1" hai0="123,5,57,91,49,71,33,114,6,18,14,85,60" hai1="39,77,118,82,83,50,90,40,8,99,24,65,59" hai2="15,51,78,119,134,34,31,135,116,129,112,41,62" hai3="93,11,69,121,120,61,126,53,98,96,2,100,21"/><U67/><E118/><N who="2" m="45099" /><F78/><W20/><G126/><T106/><D114/><U9/><E39/><V26/><F62/><W105/><G120/><T125/><D33/><U12/><E24/><V89/><F89/><W35/><G35/><T1/><D1/><U28/><E28/><V124/><F51/><W101/><G121/><T102/><D125/><U47/><E59/><V55/><F55/><W63/><G63/><T122/><D71/><U132/><E132/><N who="2" m="50731" /><F41/><W38/><G38/><T66/><D49/><U32/><E32/><V46/><F46/><W104/><G93/><T80/><D123/><U117/><E117/><V109/><F124/><W23/><G53/><T76/><D122/><U44/><E44/><V133/><F133/><W13/><G2/><T45/><D45/><U70/><E70/><V7/><F112/><W17/><REACH who="3" step="1"/><G11/><REACH who="3" ten="250,237,250,253" step="2"/><T36/><D36/><U110/><E9/><N who="2" m="4543" /><F129/><W29/><G29/><T92/><D106/><U42/><E42/><V19/><F19/><W103/><G103/><T127/><D102/><U79/><E40/><V37/><F37/><W86/><G86/><N who="0" m="48391" /><D127/><U27/><E50/><V73/><F73/><W84/><G84/><T88/><D92/><U115/><E115/><V3/><F3/><W16/><G16/><T75/><D85/><U81/><E81/><V113/><F113/><W0/><G0/><T43/><D75/><U22/><E83/><V25/><F109/><W130/><G130/><T52/><D43/><U68/><E110/><V97/><F34/><W131/><G131/><T128/><D128/><U56/><E82/><V107/><F31/><RYUUKYOKU ba="0,1" sc="250,-15,237,-15,250,15,253,15" hai2="25,26,97,107" hai3="13,17,20,21,23,61,69,96,98,100,101,104,105" /><INIT seed="2,1,1,4,3,3" ten="235,222,265,268" oya="2" hai0="8,94,124,85,75,130,16,53,122,35,38,46,125" hai1="103,99,55,102,13,135,15,87,41,40,67,81,5" hai2="114,66,33,107,128,30,23,98,2,70,80,27,61" hai3="50,59,10,71,48,11,96,116,39,129,29,65,62"/><V110/><F114/><W95/><G116/><T54/><D75/><U132/><E67/><V56/><F128/><W63/><G39/><T101/><D35/><U14/><E55/><V106/><F110/><W31/><G129/><T78/><D122/><U0/><E0/><V26/><F2/><W117/><G117/><T91/><D130/><U9/><E132/><V90/><F56/><W77/><G77/><T68/><D68/><U121/><E121/><V22/><F27/><W113/><G113/><T88/><D78/><U37/><E135/><V47/><F47/><W111/><G111/><T108/><D108/><U52/><E37/><V92/><F80/><W73/><G73/><T36/><D101/><N who="1" m="38411" /><E99/><V60/><REACH who="2" step="1"/><F61/><REACH who="2" ten="235,222,255,268" step="2"/><W83/><G83/><T104/><D46/><U25/><E25/><V120/><F120/><W112/><G112/><T21/><D124/><U69/><E69/><V51/><F51/><N who="3" m="19499" /><G62/><T126/><D126/><U6/><E9/><N who="3" m="3082" /><G71/><T100/><D125/><U4/><E52/><V57/><F57/><W17/><G59/><T79/><D38/><U7/><N who="1" m="1024" /><DORA hai="84" /><U19/><E19/><V24/><F24/><W43/><G43/><T1/><D36/><U45/><E45/><V89/><F89/><AGARI ba="1,2" hai="13,14,15,40,41,81,87,89" m="1024,38411" machi="89" ten="50,12000,2" yaku="8,1,52,5" doraHai="3,84" who="1" fromWho="2" sc="235,0,222,143,255,-123,268,0" /><INIT seed="3,0,0,5,1,97" ten="235,365,132,268" oya="3" hai0="22,112,117,125,49,54,35,24,19,132,87,88,67" hai1="17,52,48,90,60,114,18,100,20,15,27,58,41" hai2="50,80,65,5,74,59,28,121,4,83,34,84,38" hai3="64,103,108,94,16,127,57,101,131,9,98,77,134"/><W81/><G131/><T115/><D117/><U72/><E114/><N who="0" m="43561" /><D132/><U122/><E122/><V23/><F38/><W130/><G130/><T61/><D35/><U43/><E72/><V78/><F121/><W30/><G30/><T51/><D54/><U8/><E100/><V21/><F34/><W106/><G134/><T45/><D45/><N who="1" m="27663" /><E90/><V7/><F28/><W120/><G120/><T135/><D125/><U104/><E104/><V66/><F50/><W44/><G44/><T12/><D24/><U126/><E126/><V33/><F33/><W53/><G64/><AGARI ba="0,0" hai="8,15,17,18,20,27,41,43,58,60,64" m="27663" machi="64" ten="30,2000,0" yaku="8,1,54,1" doraHai="97" who="1" fromWho="3" sc="235,0,365,20,132,0,268,-20" owari="235,-16.0,385,48.0,132,-37.0,248,5.0" /></mjloggm>