<mjloggm ver="2.3"><GO type="169" lobby="0"/><UN n0="%E3%83%89%E3%82%B8%E3%83%A3%E3%83%BC%E3%82%B9" n1="%73%69%6E%73%69%73%74" n2="%E5%AE%89%E9%81%94%E3%81%95%E3%81%8F%E3%82%89" n3="%6B%69%6C%6C%65%72%73%39" dan="16,18,17,16" rate="2153.66,2237.48,2194.93,2193.21" sx="M,M,M,M"/><TAIKYOKU oya="0"/><INIT seed="0,0,0,0,3,37" ten="250,250,250,250" oya="0" hai0="8,9,106,82,29,108,10,45,18,19,107,28,65" hai1="31,17,57,52,43,122,20,97,33,30,74,123,53" hai2="12,80,50,14,2,60,48,22,102,58,110,135,42" hai3="51,44,126,84,85,115,15,38,71,3,111,16,32"/><T113/><D113/><U119/><E74/><V47/><F2/><W92/><G115/><T75/><D65/><U26/><E119/><V121/><F121/><W39/><G3/><T87/><D75/><U23/><E33/><V129/><F110/><W86/><G71/><T127/><D127/><U46/><E122/><V132/><F129/><W112/><G126/><T79/><D108/><U133/><E133/><N who="2" m="51275" /><F102/><W7/><G7/><T120/><D120/><U11/><E123/><V78/><F50/><W61/><G32/><T100/><D45/><U1/><E97/><V4/><F22/><W6/><G6/><T70/><D70/><U118/><E118/><V128/><F4/><W54/><G111/><T40/><D40/><U55/><E1/><V36/><F36/><W69/><G112/><T62/><D62/><U95/><E95/><V63/><F63/><W59/><G69/><T99/><REACH who="0" step="1"/><D106/><REACH who="0" ten="240,250,250,250" step="2"/><U81/><E43/><V109/><F109/><W134/><G134/><T104/><D104/><U105/><E105/><V125/><F125/><W88/><G39/><T25/><D25/><N who="1" m="16703" /><E46/><V21/><F47/><W130/><G38/><T0/><D0/><U66/><E66/><V94/><F42/><N who="3" m="24983" /><G130/><T101/><D101/><U98/><E57/><V124/><F124/><W35/><G35/><T131/><D131/><U24/><E24/><V41/><F128/><W89/><G89/><T5/><D5/><U90/><E90/><V117/><F41/><W68/><G68/><T114/><D114/><U64/><E64/><V116/><F117/><W77/><G77/><T34/><D34/><RYUUKYOKU ba="0,1" sc="240,15,250,-15,250,-15,250,15" hai0="8,9,10,18,19,28,29,79,82,87,99,100,107" hai3="15,16,54,59,61,84,85,86,88,92" /><INIT seed="0,1,1,5,3,69" ten="255,235,235,265" oya="0" hai0="1,37,115,53,28,89,26,2,96,113,38,31,24" hai1="65,81,101,78,76,35,30,87,124,55,97,92,111" hai2="52,22,77,134,116,95,56,43,118,17,122,79,50" hai3="105,13,61,5,46,75,80,57,63,102,127,74,131"/><T7/><D53/><U8/><E35/><V83/><F122/><W39/><G127/><T59/><D59/><U19/><E124/><V33/><F134/><W94/><G105/><T47/><D47/><U68/><E30/><V85/><F33/><W100/><G61/><T93/><D7/><U110/><E65/><V71/><F71/><W109/><G131/><T48/><D48/><U29/><E29/><V90/><F43/><W45/><G45/><T21/><D2/><U0/><E55/><V104/><F104/><W10/><G75/><T88/><D1/><U32/><E32/><V16/><F79/><W9/><G9/><T49/><D49/><U128/><E68/><V42/><F42/><W54/><G94/><T3/><D3/><U15/><E0/><V4/><F4/><W132/><G132/><T36/><REACH who="0" step="1"/><D89/><REACH who="0" ten="245,235,235,265" step="2"/><N who="1" m="51439" /><E128/><V62/><F50/><W64/><G54/><T44/><D44/><U108/><AGARI ba="1,2" hai="8,15,19,76,78,92,97,101,108,110,111" m="51439" machi="108" ten="30,1100,0" yaku="14,1" doraHai="69" who="1" fromWho="1" sc="245,-6,235,34,235,-4,265,-4" /><INIT seed="1,0,0,0,4,36" ten="239,269,231,261" oya="1" hai0="105,127,49,17,117,96,132,112,0,100,99,53,43" hai1="41,58,44,56,10,106,9,77,90,34,30,55,11" hai2="46,42,27,61,67,22,94,75,5,102,131,50,126" hai3="54,65,39,26,74,88,107,116,133,68,115,18,129"/><U128/><E106/><V110/><F75/><W135/><G26/><T119/><D112/><U79/><E34/><V47/><F110/><W95/><G54/><T72/><D72/><U16/><E30/><V134/><F134/><W7/><G18/><T84/><D132/><U31/><E31/><V60/><F131/><W103/><G65/><T109/><D109/><U2/><E2/><V52/><F126/><W130/><G7/><T1/><D127/><U8/><E128/><V32/><F32/><W6/><G6/><T4/><D99/><U123/><E123/><V45/><F5/><W86/><G68/><T125/><D125/><U81/><E90/><V23/><F23/><W13/><G39/><T93/><D17/><U28/><E28/><V33/><F33/><W14/><G74/><T89/><D43/><U57/><E55/><V87/><F67/><W80/><G80/><T73/><D4/><U15/><REACH who="1" step="1"/><E81/><REACH who="1" ten="239,259,231,261" step="2"/><V69/><F52/><W48/><G88/><T92/><D1/><U113/><E113/><V101/><F101/><W19/><G103/><T124/><D0/><U62/><E62/><V120/><F61/><W51/><G107/><T104/><D124/><U111/><E111/><V25/><F60/><W83/><G83/><T122/><D122/><U35/><E35/><V71/><F102/><W12/><G115/><T20/><D104/><U66/><E66/><V40/><F120/><W118/><G135/><T38/><D105/><U78/><E78/><V97/><F71/><W3/><G133/><T108/><D108/><U21/><E21/><V82/><F69/><RYUUKYOKU ba="0,1" sc="239,-10,259,30,231,-10,261,-10" hai1="8,9,10,11,15,16,41,44,56,57,58,77,79" /><INIT seed="1,1,1,4,5,78" ten="229,289,221,251" oya="1" hai0="52,10,70,91,55,82,114,74,117,44,3,73,50" hai1="101,2,90,33,71,26,72,41,100,122,6,27,48" hai2="60,39,32,59,112,65,104,75,110,25,49,77,19" hai3="128,68,113,116,118,45,133,16,11,93,98,127,4"/><U115/><E115/><V84/><F39/><W103/><G113/><T34/><D114/><U111/><E122/><V37/><F37/><W58/><G68/><T46/><D117/><N who="3" m="45161" /><G127/><T131/><D131/><U38/><E38/><V51/><F112/><W7/><G128/><T24/><D70/><U31/><E71/><V120/><F120/><W89/><G45/><T107/><D107/><U119/><E119/><V132/><F104/><W15/><G133/><T97/><D34/><U88/><E72/><V106/><F106/><N who="3" m="63863" /><G58/><T130/><D130/><U80/><E111/><V29/><F110/><W76/><G76/><T129/><D129/><U36/><E36/><V13/><F132/><W96/><AGARI ba="1,1" hai="4,7,11,15,16,89,93,96" m="63863,45161" machi="96" ten="30,2000,0" yaku="12,1,54,1" doraHai="78" who="3" fromWho="3" sc="229,-6,289,-11,221,-6,251,33" /><INIT seed="2,0,0,0,1,67" ten="223,278,215,284" oya="2" hai0="15,111,90,66,61,2,29,58,73,42,60,0,4" hai1="1,108,120,71,80,124,26,44,94,134,22,123,95" hai2="118,88,116,9,55,86,126,112,82,20,132,16,78" hai3="64,106,130,40,110,39,6,84,62,81,49,63,65"/><V85/><F112/><W18/><G106/><T115/><D115/><U70/><E1/><V69/><F132/><W127/><G6/><T12/><D111/><U131/><E108/><V24/><F126/><W102/><G102/><T104/><D73/><U53/><E80/><V35/><F69/><N who="1" m="26121" /><E124/><V25/><F55/><W37/><G18/><T43/><D29/><U105/><E105/><V113/><F113/><W38/><G84/><T89/><D104/><U129/><E134/><V41/><F41/><W56/><G81/><T17/><D66/><N who="3" m="25705" /><G127/><T121/><D58/><U33/><E33/><V87/><F87/><W36/><G110/><T59/><D59/><U11/><E11/><V48/><F48/><W98/><G98/><T72/><D4/><U14/><E14/><V107/><F107/><W46/><G130/><N who="1" m="49674" /><E44/><V83/><REACH who="2" step="1"/><F9/><REACH who="2" ten="223,278,205,284" step="2"/><W47/><G56/><T119/><D72/><U117/><E53/><AGARI ba="0,1" hai="36,37,38,39,40,46,47,49,53,62,63" m="25705" machi="53" ten="30,8000,1" yaku="35,5" doraHai="67" who="3" fromWho="1" sc="223,0,278,-80,205,0,284,90" /><INIT seed="3,0,0,3,0,68" ten="223,198,205,374" oya="3" hai0="28,76,33,54,81,15,14,119,26,17,107,103,85" hai1="108,115,126,48,7,0,53,116,41,36,12,88,64" hai2="34,16,106,90,61,8,77,51,63,49,105,122,130" hai3="75,13,128,99,84,134,23,67,118,101,114,95,40"/><W125/><G118/><T11/><D119/><U6/><E116/><V9/><F34/><W86/><G114/><T29/><D29/><U37/><E0/><V44/><F130/><W39/><G75/><T100/><D107/><U93/><E115/><V73/><F122/><W27/><G128/><T129/><D129/><U121/><E121/><V87/><F106/><W50/><G134/><T94/><D94/><U72/><E72/><V20/><F105/><W3/><G3/><T32/><D32/><U59/><E41/><V80/><F8/><W123/><G125/><T98/><D98/><U62/><E126/><V82/><F9/><W24/><G67/><T117/><D117/><U52/><E108/><V4/><F4/><W132/><G39/><T2/><D54/><U43/><E53/><V135/><F135/><W96/><G96/><T18/><REACH who="0" step="1"/><D2/><REACH who="0" ten="213,198,205,374" step="2"/><U91/><E43/><V5/><F5/><W74/><G123/><T110/><D110/><U19/><E6/><V89/><F82/><W113/><G113/><T131/><D131/><U22/><E7/><V65/><F80/><W45/><G132/><T83/><D83/><U21/><E21/><AGARI ba="0,1" hai="11,14,15,17,18,21,26,28,33,76,81,85,100,103" machi="21" ten="30,3900,0" yaku="1,1,7,1,53,1" doraHai="68" doraHaiUra="25" who="0" fromWho="1" sc="213,49,198,-39,205,0,374,0" /><INIT seed="4,0,0,5,3,42" ten="262,159,205,374" oya="0" hai0="126,16,58,25,79,39,115,7,88,8,47,52,127" hai1="102,22,83,95,84,73,100,27,75,50,129,13,80" hai2="98,17,119,121,40,60,61,45,123,19,63,55,68" hai3="133,106,108,38,31,4,114,134,65,109,46,21,23"/><T30/><D115/><U34/><E34/><V81/><F68/><W113/><G106/><T78/><D88/><N who="1" m="53639" /><E129/><V128/><F128/><W76/><G65/><T14/><D7/><U77/><E13/><V3/><F3/><W62/><G62/><N who="0" m="36167" /><D39/><U72/><E50/><V66/><F66/><W110/><G76/><T117/><D117/><U11/><E11/><V57/><F119/><W116/><G4/><T48/><D30/><U10/><E10/><V91/><F123/><W5/><G5/><T12/><D12/><U43/><E43/><V41/><F121/><W104/><G104/><T51/><D25/><U125/><E27/><V0/><F0/><W92/><G92/><T99/><D99/><U29/><E29/><V85/><F41/><N who="3" m="22839" /><G116/><T132/><D132/><N who="3" m="50793" /><G31/><T26/><D26/><U131/><E131/><V105/><F105/><W130/><G130/><T87/><D87/><N who="1" m="48527" /><E22/><AGARI ba="0,0" hai="21,22,23,108,109,110,113,114" m="50793,22839" machi="22" ten="40,2600,0" yaku="20,1,52,1" doraHai="42" who="3" fromWho="1" sc="262,0,159,-26,205,0,374,26" /><INIT seed="5,0,0,5,0,35" ten="262,133,205,400" oya="1" hai0="67,102,43,37,18,26,99,21,78,32,56,76,6" hai1="132,24,31,12,124,19,87,17,125,86,34,22,64" hai2="2,131,105,127,111,7,65,133,83,48,60,107,45" hai3="4,46,90,59,128,115,100,0,47,1,53,25,97"/><U130/><E64/><V116/><F111/><W135/><G128/><T84/><D32/><U79/><E130/><V62/><F131/><W14/><G115/><T40/><D6/><U16/><E86/><V33/><F116/><W101/><G25/><T52/><D67/><U20/><E79/><V66/><F33/><W3/><G90/><T11/><D11/><U91/><E132/><V8/><F133/><W74/><G74/><T72/><D72/><U51/><E51/><V123/><F123/><W54/><G4/><T50/><D37/><U75/><E75/><V112/><F112/><W58/><G14/><T77/><REACH who="0" step="1"/><D84/><REACH who="0" ten="252,133,205,400" step="2"/><U70/><E70/><V96/><F8/><W28/><G135/><T89/><D89/><U13/><REACH who="1" step="1"/><E19/><REACH who="1" ten="252,123,205,400" step="2"/><V10/><F66/><W118/><G118/><T117/><D117/><U121/><E121/><V82/><F65/><W63/><G97/><T39/><D39/><U108/><E108/><V9/><F96/><W49/><G28/><T114/><D114/><U68/><E68/><V15/><F7/><W38/><G38/><T73/><D73/><U109/><E109/><V106/><F60/><W30/><G30/><T42/><D42/><U93/><AGARI ba="0,2" hai="12,13,16,17,20,22,24,31,34,87,91,93,124,125" machi="93" ten="30,11700,0" yaku="1,1,0,1,9,1,54,1,53,0" doraHai="35" doraHaiUra="120" who="1" fromWho="1" sc="252,-39,123,137,205,-39,400,-39" /><INIT seed="5,1,0,4,0,20" ten="213,260,166,361" oya="1" hai0="23,133,67,65,21,114,4,106,131,33,0,82,27" hai1="11,64,39,127,134,15,9,10,105,122,17,126,32" hai2="118,80,62,31,100,92,30,19,109,129,123,75,70" hai3="125,18,50,40,87,63,66,95,58,38,1,35,29"/><U111/><E39/><V54/><F118/><W43/><G1/><T81/><D106/><U85/><E105/><V97/><F123/><W78/><G38/><T124/><D33/><U53/><E122/><V101/><F109/><W48/><G125/><N who="1" m="47626" /><E111/><V42/><F129/><W36/><G36/><T37/><D37/><U108/><E108/><V110/><F110/><W55/><G29/><T113/><D124/><U83/><E134/><V60/><F42/><W119/><G35/><T74/><D131/><U86/><E32/><V8/><F101/><W24/><G50/><T14/><D0/><U5/><E64/><N who="0" m="24649" /><D23/><N who="1" m="11711" /><E53/><V68/><F70/><W112/><G119/><T116/><D74/><U61/><E61/><V34/><F68/><W98/><G63/><T57/><D57/><U135/><E135/><V77/><F54/><W76/><G66/><T6/><D133/><U7/><E85/><V96/><F60/><W132/><G132/><T128/><D128/><U121/><E121/><V26/><F62/><W51/><G51/><T13/><D116/><U71/><E71/><V88/><F31/><W104/><G104/><T69/><D69/><U3/><E3/><V99/><REACH who="2" step="1"/><F100/><REACH who="2" ten="213,260,156,361" step="2"/><N who="3" m="60511" /><G55/><T73/><D113/><U16/><E16/><V91/><F91/><AGARI ba="1,1" hai="5,7,9,10,11,83,86,91" m="11711,47626" machi="91" ten="30,1500,0" yaku="18,1" doraHai="20" who="1" fromWho="2" sc="213,0,260,28,156,-18,361,0" /><INIT seed="5,2,0,5,2,23" ten="213,288,138,361" oya="1" hai0="113,88,47,49,84,20,130,94,79,70,103,54,85" hai1="9,40,118,46,92,6,39,28,33,126,73,95,114" hai2="135,11,35,10,69,77,76,100,117,78,60,62,99" hai3="129,41,101,25,90,66,45,134,50,67,16,1,83"/><U31/><E118/><V109/><F117/><W106/><G1/><T56/><D113/><U116/><E116/><V127/><F109/><W32/><G134/><T110/><D130/><U34/><E114/><V112/><F112/><W75/><G129/><T111/><D70/><U128/><E128/><V124/><F69/><W133/><G133/><T14/><D103/><U44/><E73/><V93/><F135/><W108/><G108/><T123/><D123/><U102/><E126/><V59/><F35/><W72/><G106/><T81/><D47/><U5/><E9/><V115/><F115/><W27/><G101/><T61/><D61/><U42/><REACH who="1" step="1"/><E102/><REACH who="1" ten="213,278,138,361" step="2"/><V22/><F10/><W55/><G75/><T12/><D110/><U96/><E96/><V21/><F11/><W3/><G72/><T121/><D111/><U71/><E71/><V120/><F127/><W105/><G3/><T15/><D121/><U51/><E51/><V64/><F124/><W107/><G105/><T119/><D119/><U65/><E65/><V86/><F120/><W30/><G107/><T0/><D0/><U26/><E26/><V36/><F36/><AGARI ba="2,1" hai="5,6,28,31,33,34,36,39,40,42,44,46,92,95" machi="36" ten="25,4800,0" yaku="1,1,22,2,53,0" doraHai="23" doraHaiUra="125" who="1" fromWho="2" sc="213,0,278,64,138,-54,361,0" /><INIT seed="5,3,0,4,1,77" ten="213,342,84,361" oya="1" hai0="102,66,117,61,135,112,37,5,32,101,42,89,60" hai1="22,116,128,93,25,35,19,24,58,82,87,133,47" hai2="80,46,33,100,98,38,43,6,52,11,92,27,51" hai3="29,104,20,40,90,68,121,88,76,39,96,103,110"/><U0/><E116/><V79/><F33/><W34/><G110/><T71/><D5/><U115/><E0/><V2/><F27/><W120/><G20/><T54/><D32/><U30/><E115/><V59/><F38/><W132/><G132/><T65/><D89/><U108/><E133/><V111/><F111/><W134/><G134/><T49/><D102/><U44/><E108/><V55/><REACH who="2" step="1"/><F59/><REACH who="2" ten="213,342,74,361" step="2"/><W15/><G39/><T64/><D135/><U23/><E35/><V127/><F127/><W45/><G34/><T9/><D37/><U41/><E128/><V31/><F31/><W72/><G29/><T125/><D125/><U74/><E58/><V109/><F109/><W129/><G129/><T26/><D26/><U7/><E24/><V28/><F28/><W18/><G68/><T69/><D69/><U36/><E30/><V62/><F62/><W94/><G121/><T95/><D61/><U10/><E36/><V70/><F70/><W67/><G120/><T56/><D71/><U17/><E25/><V63/><F63/><W107/><G67/><T105/><D66/><U1/><E19/><V16/><F16/><W73/><G18/><T84/><D65/><U124/><E17/><V86/><AGARI ba="3,1" hai="2,6,11,43,46,51,52,55,79,80,86,92,98,100" machi="86" ten="20,12000,2" yaku="1,1,0,1,7,1,52,1,54,1,53,1" doraHai="77" doraHaiUra="97" who="2" fromWho="2" sc="213,-33,342,-63,74,139,361,-33" /><INIT seed="6,0,0,4,5,88" ten="180,279,213,328" oya="2" hai0="81,109,100,44,4,8,93,5,37,92,124,35,128" hai1="132,129,125,66,53,34,41,26,23,7,32,123,84" hai2="104,27,33,18,127,45,62,117,112,97,82,15,118" hai3="61,94,70,107,58,63,105,48,36,110,69,14,22"/><V80/><F112/><W79/><G110/><T46/><D109/><U102/><E41/><V95/><F104/><W122/><G36/><T10/><D35/><U0/><E66/><V60/><F127/><W96/><G79/><T75/><D124/><U25/><E125/><V50/><F27/><W16/><G122/><T19/><D37/><U68/><E68/><V120/><F33/><W21/><G48/><T3/><D128/><U89/><E102/><V20/><F120/><W115/><G115/><T134/><D134/><U24/><E123/><V40/><F118/><W6/><G6/><N who="0" m="2667" /><D75/><U13/><E0/><V12/><F12/><W9/><G105/><T11/><D3/><U91/><E91/><N who="2" m="55551" /><F117/><W31/><G107/><T59/><D100/><U72/><E72/><V133/><F133/><W55/><G63/><AGARI ba="0,0" hai="15,18,20,40,45,50,60,62,63,80,82" m="55551" machi="63" ten="30,2900,0" yaku="8,1,52,1" doraHai="88" who="2" fromWho="3" sc="180,0,279,0,213,29,328,-29" /><INIT seed="6,1,0,1,5,114" ten="180,279,242,299" oya="2" hai0="34,64,57,127,72,38,47,10,23,44,11,96,37" hai1="85,3,18,73,30,36,31,69,117,99,109,49,22" hai2="67,68,115,84,17,77,41,19,90,126,54,75,80" hai3="43,87,28,92,100,88,81,24,95,48,93,32,14"/><V118/><F115/><W70/><G70/><T9/><D34/><U55/><E73/><V135/><F135/><W16/><G100/><T15/><D72/><U119/><E36/><V59/><F126/><W116/><G116/><T29/><D127/><U103/><E109/><V125/><F125/><W65/><G65/><T26/><D38/><U25/><E69/><V120/><F120/><W42/><REACH who="3" step="1"/><G48/><REACH who="3" ten="180,279,242,289" step="2"/><T1/><D37/><U40/><E119/><V106/><F67/><W45/><G45/><T46/><D1/><U89/><E3/><V74/><F68/><W113/><G113/><T101/><D64/><U60/><E60/><V78/><F118/><W79/><G79/><T51/><D57/><U130/><E117/><V71/><F78/><W52/><G52/><T110/><D110/><U102/><E102/><V62/><F77/><W76/><G76/><T105/><REACH who="0" step="1"/><D51/><REACH who="0" ten="170,279,242,289" step="2"/><U63/><E49/><V21/><F71/><W50/><G50/><T56/><D56/><U35/><E55/><V4/><F75/><W2/><G2/><T134/><D134/><U27/><E63/><V91/><F74/><W132/><G132/><T53/><D53/><U61/><E61/><V7/><F54/><W129/><G129/><T128/><D128/><U124/><E130/><V108/><F108/><W111/><G111/><T112/><D112/><U133/><E133/><V122/><F59/><W121/><G121/><T131/><D131/><U82/><E124/><V94/><F122/><W98/><G98/><T97/><D97/><U39/><E39/><V33/><F62/><W12/><G12/><AGARI ba="1,2" hai="9,10,11,12,15,23,26,29,44,46,47,96,101,105" machi="12" ten="40,2600,0" yaku="1,1,6,1,53,0" doraHai="114" doraHaiUra="58" who="0" fromWho="3" sc="170,49,279,0,242,0,289,-29" /><INIT seed="7,0,0,5,2,90" ten="219,279,242,260" oya="3" hai0="86,87,61,68,102,123,91,57,100,3,20,8,118" hai1="117,103,35,11,24,109,60,0,131,26,80,71,38" hai2="49,1,76,25,17,98,32,62,126,2,112,125,119" hai3="39,52,110,92,29,120,44,121,65,85,37,89,135"/><W13/><G135/><T33/><D123/><U97/><E24/><V101/><F119/><W113/><G113/><T56/><D118/><U107/><E117/><V40/><F112/><W105/><G105/><T77/><D33/><U19/><E19/><V73/><F62/><W23/><G65/><T84/><D68/><U115/><E115/><V133/><F133/><W132/><G132/><T134/><D134/><U88/><E109/><V42/><F76/><W129/><G110/><T9/><D3/><U127/><E127/><V34/><F73/><W75/><G75/><T21/><D77/><U104/><E104/><V43/><F49/><W7/><G129/><T30/><D91/><U81/><E38/><V108/><F108/><W12/><G37/><T54/><D57/><U27/><E27/><V31/><F17/><W66/><G66/><T59/><D30/><N who="1" m="19927" /><E11/><N who="0" m="4169" /><D59/><U55/><E0/><V74/><F74/><W128/><G128/><T94/><D102/><U83/><E131/><V78/><F78/><W72/><G72/><T45/><D45/><U5/><E5/><V82/><F34/><W67/><G67/><T116/><D116/><U96/><E71/><V4/><F4/><W18/><G29/><T114/><D114/><U47/><E47/><V106/><F82/><W36/><G36/><T122/><D122/><U63/><E80/><V53/><F1/><W15/><G7/><T79/><D79/><U99/><E81/><V14/><F2/><W69/><G69/><T22/><D21/><U51/><E83/><V111/><F111/><W130/><G121/><T28/><D28/><RYUUKYOKU ba="0,0" sc="219,30,279,-10,242,-10,260,-10" hai0="20,22,54,56,61,84,86,87,94,100" /><INIT seed="8,1,0,5,1,103" ten="249,269,232,250" oya="0" hai0="134,26,75,70,82,124,79,22,95,46,74,51,1" hai1="91,128,117,105,62,114,111,32,20,49,116,129,59" hai2="113,130,64,87,126,47,19,101,34,131,15,80,89" hai3="57,90,11,24,97,45,16,31,13,8,33,61,120"/><T54/><D134/><U98/><E32/><V112/><F34/><W84/><G120/><T135/><D135/><U109/><E20/><V127/><F64/><W5/><G45/><T121/><D121/><U60/><E114/><N who="2" m="44139" /><F47/><W30/><G97/><T107/><D70/><U2/><E91/><V21/><F19/><W73/><G73/><T118/><D74/><U71/><E2/><V52/><F52/><N who="3" m="33959" /><G33/><T99/><D1/><U86/><E86/><V18/><F101/><W23/><G11/><T29/><D124/><AGARI ba="1,0" hai="15,18,21,80,87,89,124,126,127,130,131" m="44139" machi="124" ten="30,1000,0" yaku="18,1" doraHai="103" who="2" fromWho="0" sc="249,-13,269,0,232,13,250,0" /><INIT seed="9,0,0,1,5,94" ten="236,269,245,250" oya="1" hai0="99,22,2,70,110,91,41,21,52,133,4,106,78" hai1="80,31,86,88,65,111,132,120,100,56,81,12,39" hai2="25,123,68,107,122,15,23,98,108,51,50,77,3" hai3="53,75,89,67,61,44,62,83,135,6,66,121,43"/><U127/><E120/><V128/><F3/><W69/><G121/><T35/><D110/><U109/><E39/><V27/><F108/><N who="1" m="41545" /><E132/><V117/><F68/><W49/><G135/><T40/><D133/><U16/><E31/><V37/><F37/><W74/><G6/><T48/><D35/><U82/><E100/><V57/><F117/><W63/><G89/><T7/><D70/><U13/><E13/><V79/><F128/><W8/><G8/><T134/><D134/><U84/><E84/><V34/><F34/><W93/><G93/><N who="0" m="56767" /><D106/><U102/><E102/><N who="2" m="62935" /><F15/><W97/><G97/><T36/><D36/><U42/><E42/><N who="0" m="16489" /><D78/><U124/><E56/><V103/><F103/><W45/><G74/><T46/><D2/><U72/><E65/><N who="3" m="24586" /><G83/><N who="1" m="31818" /><E72/><V55/><F123/><W71/><G75/><T28/><D28/><U113/><E113/><V38/><F38/><AGARI ba="0,0" hai="38,43,44,45,49,53,61,62,63,69,71" m="24586" machi="38" ten="30,8000,1" yaku="35,5" doraHai="94" who="3" fromWho="2" sc="236,0,269,0,245,-80,250,80" owari="236,-16.0,269,7.0,165,-33.0,330,42.0" /></mjloggm>