<mjloggm ver="2.3"><GO type="169" lobby="0"/><UN n0="%E3%83%A2%E3%83%AD%E3%83%98%E3%82%A4%E3%83%A4" n1="%63%61%70%64%75%63%61%6C" n2="%50%4F%4E%5A%55" n3="%43%61%70" dan="16,16,16,16" rate="2082.41,2141.92,2124.08,2094.04" sx="M,M,M,M"/><TAIKYOKU oya="0"/><INIT seed="0,0,0,0,2,97" ten="250,250,250,250" oya="0" hai0="114,96,29,50,62,33,15,84,44,95,117,47,87" hai1="57,0,22,31,25,7,14,4,92,121,131,39,108" hai2="56,9,35,8,80,127,41,82,2,123,72,36,51" hai3="21,122,85,68,106,90,16,66,52,27,101,118,5"/><T12/><D114/><U69/><E69/><V125/><F123/><W1/><G118/><T32/><D117/><U91/><E39/><V116/><F35/><W64/><G68/><T107/><D107/><U83/><E121/><V119/><F82/><W43/><G43/><T13/><D62/><U102/><E0/><V110/><F9/><W63/><G122/><T94/><D29/><U23/><E131/><V24/><F24/><W74/><G74/><T54/><D47/><U124/><E124/><N who="2" m="47691" /><F110/><W130/><G130/><T99/><D33/><U79/><E108/><V81/><F81/><W55/><G5/><T86/><REACH who="0" step="1"/><D32/><REACH who="0" ten="240,250,250,250" step="2"/><U60/><E60/><V88/><F119/><W67/><G63/><T73/><D73/><U65/><E31/><V19/><F72/><W126/><G126/><T10/><D10/><U49/><E23/><V104/><F104/><W18/><G106/><T115/><D115/><U11/><E22/><V129/><F116/><W78/><G21/><T59/><D59/><U17/><E57/><V113/><F56/><W71/><G71/><T132/><D132/><U53/><E11/><V38/><F113/><W3/><G66/><T6/><D6/><U77/><E7/><N who="2" m="1143" /><F129/><W58/><G58/><T135/><D135/><U26/><E4/><V40/><F19/><W61/><G18/><T103/><D103/><U105/><E17/><V93/><F36/><W133/><G16/><T109/><D109/><U45/><E105/><V89/><F38/><W111/><G111/><T75/><D75/><U30/><E30/><V70/><F70/><W28/><G28/><RYUUKYOKU ba="0,1" sc="240,30,250,-10,250,-10,250,-10" hai0="12,13,15,44,50,54,84,86,87,94,95,96,99" /><INIT seed="0,1,1,0,5,85" ten="270,240,240,240" oya="0" hai0="28,45,105,74,56,59,38,121,53,84,103,130,63" hai1="92,75,132,89,91,44,9,58,129,87,7,70,39" hai2="20,57,11,51,123,68,113,100,119,98,111,0,67" hai3="15,71,124,135,90,82,1,76,95,3,80,110,32"/><T14/><D74/><U128/><E70/><V17/><F111/><W65/><G32/><T133/><D121/><U115/><E75/><V134/><F113/><W40/><G110/><T61/><D133/><U66/><E132/><V34/><F34/><W22/><G40/><T19/><D130/><N who="1" m="50283" /><E115/><V101/><F123/><W118/><G65/><T73/><D73/><U46/><E39/><V30/><F68/><W26/><G71/><T78/><D28/><U33/><E33/><V88/><F119/><W96/><G1/><T120/><D120/><U97/><E58/><V5/><F30/><W2/><G2/><T108/><D108/><U64/><E64/><V16/><F17/><W23/><G3/><T29/><D29/><U25/><E25/><V94/><F134/><W35/><G35/><T48/><D38/><U6/><E66/><V127/><F127/><W106/><G26/><T10/><D105/><U54/><E54/><V104/><F104/><W112/><G124/><T86/><D103/><U49/><E9/><V24/><REACH who="2" step="1"/><F67/><REACH who="2" ten="270,240,230,240" step="2"/><W114/><G114/><T36/><D36/><U77/><E6/><V93/><F93/><W109/><G106/><T43/><D78/><U8/><E77/><V47/><F47/><W99/><G112/><T12/><D12/><N who="1" m="5151" /><E49/><V116/><F116/><W41/><G118/><T18/><D19/><U42/><E42/><V21/><F21/><W107/><G135/><T83/><D83/><AGARI ba="1,2" hai="44,46,83,87,89,91,92,97" m="5151,50283" machi="83" ten="30,3900,0" yaku="19,1,52,2" doraHai="85" who="1" fromWho="0" sc="270,-42,240,62,230,0,240,0" /><INIT seed="1,0,0,1,3,103" ten="228,302,230,240" oya="1" hai0="89,72,100,66,22,8,19,75,23,46,53,84,54" hai1="42,121,33,67,99,31,14,119,79,4,68,126,61" hai2="6,50,122,11,70,27,39,132,102,0,55,18,114" hai3="71,107,112,12,118,129,116,85,98,28,128,17,90"/><U124/><E121/><V60/><F39/><W3/><G3/><T7/><D66/><U81/><E119/><N who="3" m="45610" /><G71/><T86/><D100/><U62/><E62/><V15/><F132/><W120/><G28/><T64/><D64/><U93/><E42/><V32/><F114/><W51/><G112/><T63/><D86/><U24/><E4/><V123/><F102/><N who="3" m="62935" /><G51/><T130/><D130/><U35/><E35/><V108/><F108/><W92/><G120/><T30/><D30/><U109/><E109/><V26/><F60/><W13/><G13/><T88/><D89/><U91/><REACH who="1" step="1"/><E14/><REACH who="1" ten="228,292,230,240" step="2"/><V80/><F123/><W20/><AGARI ba="0,1" hai="12,17,20,85,90,92,128,129" m="62935,45610" machi="20" ten="30,2000,0" yaku="12,1,52,1" doraHai="103" who="3" fromWho="3" sc="228,-5,292,-10,230,-5,240,30" /><INIT seed="2,0,0,5,1,64" ten="223,282,225,270" oya="2" hai0="50,52,12,101,48,42,67,55,103,16,2,111,53" hai1="109,20,69,134,49,88,63,113,45,122,29,95,9" hai2="13,104,102,115,83,105,89,27,74,41,120,47,61" hai3="93,30,1,106,128,76,86,91,4,31,117,39,90"/><V96/><F120/><W119/><G106/><T126/><D2/><U57/><E113/><V26/><F105/><W75/><G128/><T60/><D111/><U79/><E79/><V8/><F115/><W6/><G39/><T100/><D126/><U46/><E109/><V77/><F61/><W118/><G75/><T129/><D129/><U124/><E124/><V37/><F89/><W78/><G93/><T24/><D24/><U21/><E45/><V112/><REACH who="2" step="1"/><F112/><REACH who="2" ten="223,282,215,270" step="2"/><W35/><G91/><T10/><REACH who="0" step="1"/><D42/><REACH who="0" ten="213,282,215,270" step="2"/><U87/><E122/><V44/><F44/><W33/><G118/><T98/><D98/><U7/><E46/><V127/><F127/><W3/><G119/><T71/><AGARI ba="0,2" hai="10,12,16,48,50,52,53,55,60,67,71,100,101,103" machi="71" ten="30,12000,2" yaku="1,1,0,1,52,1,54,2,53,1" doraHai="64" doraHaiUra="14" who="0" fromWho="0" sc="213,140,282,-30,215,-60,270,-30" /><INIT seed="3,0,0,4,4,97" ten="353,252,155,240" oya="3" hai0="69,19,25,126,79,129,112,24,35,62,15,27,64" hai1="113,101,104,26,63,67,49,131,43,120,91,6,133" hai2="0,4,40,107,28,9,68,16,86,48,54,118,128" hai3="81,56,66,123,99,17,134,88,109,103,114,95,52"/><W57/><G114/><T53/><D112/><U102/><E104/><V39/><F118/><W125/><G123/><T106/><D106/><U93/><E120/><V14/><F28/><W36/><G36/><T51/><D129/><U85/><E131/><V76/><F68/><W21/><G134/><T46/><D126/><U75/><E75/><V7/><F107/><W8/><G125/><T127/><D127/><U87/><E133/><V60/><F128/><W32/><G32/><T33/><REACH who="0" step="1"/><D79/><REACH who="0" ten="343,252,155,240" step="2"/><U72/><E113/><V71/><F0/><W130/><G130/><T11/><AGARI ba="0,1" hai="11,15,19,24,25,27,33,35,46,51,53,62,64,69" machi="11" ten="30,4000,0" yaku="1,1,2,1,0,1,53,0" doraHai="97" doraHaiUra="115" who="0" fromWho="0" sc="343,50,252,-10,155,-10,240,-20" /><INIT seed="4,0,0,2,0,75" ten="393,242,145,220" oya="0" hai0="54,134,71,6,109,53,98,89,23,133,45,84,30" hai1="37,123,103,48,108,88,39,122,111,0,116,96,41" hai2="81,76,16,69,28,7,102,118,58,135,110,82,57" hai3="92,132,129,3,40,27,61,124,70,77,120,19,107"/><T25/><D71/><U32/><E32/><V93/><F69/><W36/><G92/><T11/><D98/><U49/><E0/><V24/><F110/><W5/><G19/><T87/><D87/><U52/><E103/><V95/><F135/><N who="0" m="51722" /><D45/><N who="1" m="25647" /><E88/><V51/><F7/><W105/><G5/><T115/><D115/><U63/><E63/><V85/><F118/><W64/><G61/><T31/><D31/><U97/><E97/><N who="2" m="59695" /><F95/><W9/><G105/><T91/><D109/><N who="1" m="42059" /><E96/><V60/><F82/><W2/><G132/><T127/><D127/><U130/><E130/><V86/><F86/><W131/><G124/><T35/><D35/><U67/><E67/><N who="2" m="39311" /><F28/><W74/><G129/><T10/><D10/><U66/><E66/><V12/><F24/><W55/><G27/><T62/><D62/><U72/><E72/><V8/><F51/><W78/><G74/><T119/><D119/><U68/><E68/><V79/><F58/><W34/><G70/><T29/><D29/><U4/><E4/><V50/><F50/><W15/><G34/><T65/><D65/><U94/><E94/><V90/><AGARI ba="0,0" hai="8,12,16,76,79,81,85,90" m="39311,59695" machi="90" ten="30,7900,0" yaku="8,1,52,2,54,1" doraHai="75" who="2" fromWho="2" sc="393,-39,242,-20,145,79,220,-20" /><INIT seed="5,0,0,1,5,29" ten="354,222,224,200" oya="1" hai0="102,96,86,22,28,83,119,20,40,91,27,118,109" hai1="48,57,100,5,1,115,122,31,135,124,80,72,79" hai2="75,52,61,50,132,90,97,127,10,117,89,19,49" hai3="128,32,15,71,30,66,74,8,16,85,112,35,65"/><U101/><E122/><V78/><F117/><W53/><G74/><T92/><D109/><U131/><E115/><V111/><F111/><W114/><G30/><T88/><D40/><U45/><E124/><V93/><F127/><W33/><G128/><T9/><D9/><U56/><E131/><V21/><F10/><W42/><G42/><T17/><REACH who="0" step="1"/><D102/><REACH who="0" ten="344,222,224,200" step="2"/><U54/><E101/><V7/><F132/><W103/><G103/><T126/><D126/><U84/><E135/><V76/><F75/><W37/><G37/><T104/><D104/><U95/><E72/><V81/><F7/><W41/><G41/><T116/><D116/><U123/><E5/><V13/><F61/><W60/><G65/><T34/><D34/><U39/><E39/><V82/><F50/><W51/><REACH who="3" step="1"/><G85/><REACH who="3" ten="344,222,224,190" step="2"/><T14/><AGARI ba="0,2" hai="14,17,20,22,27,28,83,86,88,91,92,96,118,119" machi="14" ten="20,5200,0" yaku="1,1,0,1,7,1,54,1,53,0" doraHai="29" doraHaiUra="130" who="0" fromWho="0" sc="344,72,222,-26,224,-13,190,-13" /><INIT seed="6,0,0,1,2,95" ten="416,196,211,177" oya="2" hai0="6,72,91,19,90,29,22,48,109,92,40,127,124" hai1="24,44,42,114,104,11,117,43,78,76,9,111,70" hai2="73,134,63,77,131,7,65,100,62,101,18,88,17" hai3="64,106,99,87,120,105,126,58,75,33,3,71,85"/><V67/><F134/><W57/><G75/><T54/><D72/><U0/><E70/><V86/><F73/><W41/><G120/><T122/><D40/><U102/><E117/><V32/><F32/><W115/><G3/><T118/><D29/><U27/><E111/><V97/><F7/><W56/><G33/><T112/><D6/><U66/><E66/><N who="2" m="25099" /><F77/><W51/><G126/><T50/><D122/><U133/><E0/><V81/><F131/><W107/><G115/><T47/><D91/><U98/><E114/><V21/><F17/><W37/><G37/><T121/><D121/><U45/><E102/><N who="2" m="39531" /><F97/><W28/><G28/><T10/><D10/><U110/><E110/><V38/><F38/><W59/><G71/><T49/><D19/><U94/><E104/><V130/><F130/><W108/><G108/><T61/><D22/><U84/><E133/><V53/><F53/><W4/><G4/><T83/><D54/><U35/><E35/><V14/><AGARI ba="0,0" hai="14,18,21,62,63,81,86,88" m="39531,25099" machi="14" ten="30,3000,0" yaku="8,1,54,1" doraHai="95" who="2" fromWho="2" sc="416,-10,196,-10,211,30,177,-10" /><INIT seed="6,1,0,1,0,132" ten="406,186,241,167" oya="2" hai0="6,32,102,64,23,26,63,4,0,15,98,101,58" hai1="106,38,88,67,113,49,25,118,112,69,116,44,66" hai2="80,72,46,114,50,34,42,91,33,119,28,111,126" hai3="47,103,93,97,78,100,12,37,24,107,35,99,130"/><V120/><F120/><W128/><G78/><T124/><D0/><U61/><E106/><V127/><F119/><W70/><G70/><T45/><D32/><U13/><E13/><V1/><F1/><W29/><G12/><T131/><D131/><U7/><E7/><V2/><F2/><W59/><G59/><T117/><D117/><U17/><E17/><V77/><F111/><W41/><AGARI ba="1,0" hai="24,29,35,37,41,47,93,97,99,100,103,107,128,130" machi="41" ten="30,1100,0" yaku="0,1" doraHai="132" who="3" fromWho="3" sc="406,-4,186,-4,241,-6,167,14" /><INIT seed="7,0,0,3,4,129" ten="402,182,235,181" oya="3" hai0="134,70,89,97,33,23,41,120,116,60,133,99,35" hai1="28,11,2,59,45,112,96,86,17,109,101,82,103" hai2="46,131,67,78,135,57,48,79,121,94,34,107,62" hai3="68,30,85,25,8,21,40,39,105,95,74,47,81"/><W100/><G68/><T53/><D116/><U22/><E109/><V64/><F107/><W16/><G105/><T9/><D120/><U13/><E112/><V98/><F34/><W115/><G74/><T19/><D41/><U90/><E45/><V4/><F121/><W49/><G115/><T110/><D9/><U6/><E59/><V55/><F131/><W63/><G63/><T124/><D110/><U20/><E96/><V117/><F117/><W51/><G100/><T102/><D89/><U66/><E66/><N who="2" m="25131" /><F4/><W76/><REACH who="3" step="1"/><G95/><REACH who="3" ten="402,182,235,171" step="2"/><T27/><D102/><U104/><E104/><V42/><F94/><W111/><G111/><T0/><D60/><U126/><E126/><V69/><F69/><W113/><G113/><T93/><D93/><U91/><E103/><V44/><F62/><W18/><G18/><T71/><D19/><U32/><E101/><V83/><F83/><W14/><AGARI ba="0,1" hai="8,14,16,21,25,30,39,40,47,49,51,76,81,85" machi="14" ten="30,11700,0" yaku="1,1,0,1,54,1,53,1" doraHai="129" doraHaiUra="24" who="3" fromWho="3" sc="402,-39,182,-39,235,-39,171,127" /><INIT seed="7,1,0,3,3,2" ten="363,143,196,298" oya="3" hai0="134,104,31,94,44,34,32,38,124,89,20,78,101" hai1="0,42,23,58,111,46,112,91,133,11,62,53,37" hai2="60,19,12,68,85,74,114,54,90,28,71,99,120" hai3="81,5,102,25,55,52,87,95,76,8,80,70,63"/><W100/><G70/><T72/><D101/><U131/><E111/><V110/><F110/><W6/><G8/><T64/><D104/><U30/><E112/><V117/><F74/><W59/><G25/><T122/><D64/><U51/><E131/><V93/><F114/><W73/><G73/><T127/><D122/><U109/><E109/><V9/><F117/><W67/><G80/><T79/><D20/><U83/><E133/><V65/><F28/><W10/><G10/><T48/><D38/><U119/><E119/><V123/><F54/><N who="3" m="20523" /><G100/><T106/><D106/><U66/><E30/><V84/><F71/><W129/><G129/><T49/><D31/><U18/><E91/><V29/><F29/><W88/><G76/><N who="0" m="29227" /><D72/><U98/><E98/><AGARI ba="1,0" hai="5,6,59,63,67,81,87,88,95,98,102" m="20523" machi="98" ten="30,12000,1" yaku="8,1,52,2,54,2" doraHai="2" who="3" fromWho="1" sc="363,0,143,-123,196,0,298,123" owari="363,16.0,20,-48.0,196,-20.0,421,52.0" /></mjloggm>