<mjloggm ver="2.3"><GO type="225" lobby="0"/><UN n0="%E3%81%BF%E3%81%BF%E3%81%9A" n1="%E7%88%86%E7%89%8C%E3%82%A6%E3%82%B7%E3%82%B8%E3%83%9E%E3%81%8F%E3%82%93" n2="%E9%BA%BB%E9%9B%80%E3%81%9F%E3%81%AE%E3%81%97" n3="%E3%81%B7%E3%82%8B%E3%81%B7%E3%82%8B%E3%81%A0%E3%81%9E" dan="16,16,16,16" rate="2152.81,2104.47,2133.57,2113.60" sx="M,M,F,M"/><TAIKYOKU oya="0"/><INIT seed="0,0,0,0,4,23" ten="250,250,250,250" oya="0" hai0="112,119,74,20,69,2,37,41,78,29,8,81,42" hai1="27,61,59,54,7,135,6,110,45,101,96,83,46" hai2="122,13,73,39,62,28,72,129,104,47,80,86,0" hai3="31,48,30,125,115,3,124,79,15,88,26,82,56"/><T58/><D112/><U34/><E110/><V75/><F104/><W128/><G3/><T89/><D119/><U17/><E135/><V132/><F0/><W102/><G102/><T99/><D69/><U60/><E83/><V134/><F122/><W91/><G115/><T97/><D58/><U105/><E60/><V94/><F129/><W25/><G15/><T68/><D68/><U107/><E107/><V10/><F28/><N who="3" m="10795" /><G128/><T19/><D29/><U50/><E34/><V127/><F127/><N who="3" m="48715" /><G48/><T100/><D89/><N who="3" m="34377" /><G56/><T90/><D90/><U71/><E71/><V40/><F134/><W131/><G131/><T87/><D99/><U98/><E98/><V4/><F132/><W57/><G57/><T43/><D37/><U1/><E1/><V117/><F117/><W108/><G108/><T67/><D2/><U49/><E49/><V93/><F62/><W51/><G51/><T118/><D118/><U120/><E120/><V109/><F109/><W123/><G123/><T32/><D32/><U9/><E46/><V126/><F126/><W5/><G5/><T70/><D70/><U16/><E17/><V18/><F18/><W114/><G114/><T64/><D8/><U52/><REACH who="1" step="1"/><E9/><REACH who="1" ten="250,240,250,250" step="2"/><V113/><F113/><W53/><G53/><T66/><D97/><U33/><E33/><V22/><F22/><AGARI ba="0,1" hai="6,7,16,22,27,45,50,52,54,59,61,96,101,105" machi="22" ten="40,8000,1" yaku="1,1,52,1,54,2,53,0" doraHai="23" doraHaiUra="121" who="1" fromWho="2" sc="250,0,240,90,250,-80,250,0" /><INIT seed="1,0,0,1,3,70" ten="250,330,170,250" oya="1" hai0="54,91,28,30,126,88,26,101,37,35,68,112,80" hai1="85,73,114,97,99,39,71,61,11,34,15,130,90" hai2="76,12,125,51,106,55,121,13,132,111,72,128,31" hai3="10,40,120,8,6,74,67,2,119,19,49,1,98"/><U32/><E73/><V118/><F106/><W103/><G74/><T7/><D112/><U45/><E114/><V16/><F118/><W105/><G120/><T44/><D68/><U108/><E130/><V62/><F121/><W89/><G119/><T124/><D101/><U109/><E71/><V63/><F128/><W52/><G67/><T14/><D30/><U78/><E61/><V38/><F38/><W59/><G40/><N who="0" m="22543" /><D80/><U46/><E78/><V53/><F111/><N who="1" m="42569" /><E39/><V129/><F129/><W18/><REACH who="3" step="1"/><G89/><REACH who="3" ten="250,330,170,240" step="2"/><T29/><D88/><U4/><E99/><V69/><F132/><W95/><G95/><T50/><D91/><U116/><E97/><V113/><F113/><W57/><G57/><T127/><D124/><U115/><E116/><V20/><F69/><W24/><G24/><T131/><D126/><U117/><E115/><V21/><F125/><W79/><G79/><T41/><D127/><U48/><E117/><V133/><F72/><W86/><G86/><T104/><D41/><N who="1" m="24623" /><E46/><V135/><F76/><W23/><G23/><T27/><D131/><U25/><E25/><N who="0" m="9225" /><D104/><U75/><E75/><V47/><F31/><W134/><G134/><N who="2" m="51209" /><F55/><W123/><G123/><T43/><D43/><U122/><E122/><V17/><AGARI ba="0,1" hai="12,13,16,17,20,21,47,51,53,62,63" m="51209" machi="17" ten="30,2000,0" yaku="20,1,54,1" doraHai="70" who="2" fromWho="2" sc="250,-5,330,-10,170,30,240,-5" /><INIT seed="2,0,0,3,1,134" ten="245,320,200,235" oya="2" hai0="36,17,133,110,106,119,43,62,29,95,109,61,66" hai1="33,132,80,117,114,31,60,122,89,93,84,70,26" hai2="91,48,39,23,120,77,69,16,22,105,7,124,40" hai3="24,5,78,41,76,87,129,68,13,54,74,71,37"/><V82/><F105/><W65/><G129/><T35/><D106/><U128/><E128/><V55/><F39/><W46/><G74/><T83/><D133/><U75/><E132/><V100/><F69/><W96/><G96/><T79/><D119/><U86/><E117/><V47/><F120/><W4/><G24/><N who="0" m="18855" /><D95/><U51/><E122/><V57/><F7/><W8/><G5/><T20/><D43/><U15/><E114/><V72/><F100/><W94/><G54/><T18/><D36/><U10/><E75/><V92/><F124/><W131/><G131/><T2/><D2/><U63/><E51/><V130/><F130/><W113/><G113/><T3/><D3/><U6/><E70/><V118/><F118/><W102/><G68/><N who="0" m="42063" /><D20/><U67/><E67/><V112/><F112/><W21/><G21/><T104/><D62/><U85/><E85/><V42/><F23/><W99/><REACH who="3" step="1"/><G87/><REACH who="3" ten="245,320,200,225" step="2"/><N who="0" m="48639" /><D104/><U53/><E84/><N who="2" m="52327" /><F47/><W121/><G121/><T44/><D44/><U111/><E86/><V11/><F11/><W52/><G52/><T38/><D17/><U98/><E10/><V123/><F123/><W14/><G14/><AGARI ba="0,1" hai="14,16,22,40,42,48,55,57,72,77,82" m="52327" machi="14" ten="30,2900,0" yaku="25,1,54,1" doraHai="134" who="2" fromWho="3" sc="245,0,320,0,200,39,225,-29" /><INIT seed="2,1,0,5,1,130" ten="245,320,239,196" oya="2" hai0="89,102,6,20,134,112,2,115,95,33,25,46,16" hai1="4,79,45,81,10,118,135,132,21,86,43,73,39" hai2="3,58,107,24,37,114,30,110,83,98,56,67,9" hai3="52,99,18,128,23,103,75,66,93,55,29,34,87"/><V51/><F37/><W69/><G128/><T125/><D102/><U19/><E118/><V7/><F114/><W0/><G0/><T35/><D125/><U42/><E42/><V100/><F110/><W41/><G75/><T71/><D71/><U8/><E86/><V111/><F111/><W38/><G29/><T96/><D134/><N who="1" m="51243" /><E4/><V85/><F51/><W109/><G34/><T64/><D64/><U101/><E101/><V13/><F3/><W88/><G109/><T121/><D121/><U47/><E47/><V123/><F123/><W82/><G41/><T108/><D108/><U97/><E97/><V91/><F67/><W119/><G38/><T36/><D46/><U78/><E78/><V59/><F59/><W65/><G119/><T17/><D36/><U68/><E68/><V27/><F27/><AGARI ba="1,0" hai="8,10,19,21,27,39,43,45,73,79,81" m="51243" machi="27" ten="30,7700,0" yaku="20,1,52,3" doraHai="130" who="1" fromWho="2" sc="245,0,320,80,239,-80,196,0" /><INIT seed="3,0,0,1,5,43" ten="245,400,159,196" oya="3" hai0="122,23,41,85,71,61,55,35,129,104,91,82,73" hai1="119,62,76,106,80,2,60,19,96,22,16,105,97" hai2="48,34,36,133,86,32,128,5,45,135,126,28,90" hai3="50,15,123,21,89,3,79,63,58,100,72,112,7"/><W26/><G112/><T6/><D35/><U87/><E2/><V11/><F36/><W127/><G123/><T77/><D122/><U88/><E119/><V53/><F28/><W108/><G3/><T13/><D41/><U49/><E49/><V99/><F99/><N who="1" m="37961" /><E106/><V10/><F32/><W14/><G100/><T51/><D55/><U54/><E105/><V9/><F34/><W57/><G127/><T42/><D23/><U114/><E114/><V131/><F5/><W83/><G108/><T98/><D13/><N who="1" m="9487" /><E54/><V118/><F118/><W46/><G7/><T27/><D77/><U116/><E116/><V134/><REACH who="2" step="1"/><F126/><REACH who="2" ten="245,400,149,196" step="2"/><W64/><G58/><T110/><D6/><U124/><E124/><V103/><F103/><W56/><G56/><T47/><D104/><U121/><E121/><V59/><F59/><W39/><G39/><T130/><D71/><U120/><E120/><V52/><F52/><W117/><G117/><T113/><D113/><U0/><E0/><V24/><F24/><W38/><G38/><T115/><D27/><U75/><E19/><V94/><AGARI ba="0,1" hai="9,10,11,45,48,53,86,90,94,128,131,133,134,135" machi="94" ten="40,8000,1" yaku="1,1,0,1,20,1,52,1,53,0" doraHai="43" doraHaiUra="65" who="2" fromWho="2" sc="245,-20,400,-20,149,90,196,-40" owari="225,-17.0,380,47.0,239,4.0,156,-34.0" /></mjloggm>