<mjloggm ver="2.3"><GO type="225" lobby="0"/><UN n0="%E3%81%82%E3%82%89%E3%81%8C%E3%81%8D%E3%81%82%E3%82%84%E3%81%9B" n1="%E5%BE%80%E5%B9%B4%E3%81%AE%E3%82%B4%E3%83%AA%E3%83%A9" n2="%63%61%74%6D%65%56%47%43" n3="%E3%81%93%E3%81%84%E3%82%8F%E3%81%84%E3%82%88%E3%81%A4%E3%81%B0" dan="16,16,16,18" rate="2142.32,2091.31,2185.68,2235.38" sx="F,M,M,M"/><TAIKYOKU oya="0"/><INIT seed="0,0,0,2,1,133" ten="250,250,250,250" oya="0" hai0="26,9,37,30,90,92,5,123,19,91,50,100,15" hai1="97,61,31,125,20,72,65,60,128,16,38,24,76" hai2="124,2,117,59,14,4,134,58,29,67,57,7,6" hai3="135,70,98,27,84,12,101,111,22,121,47,78,109"/><T103/><D37/><U96/><E38/><V13/><F134/><W94/><G135/><T130/><D130/><U132/><E132/><V89/><F2/><W10/><G70/><T87/><D123/><U71/><E128/><V131/><F131/><W102/><G121/><T82/><D5/><U85/><E72/><V40/><F29/><W17/><G101/><T51/><D51/><U86/><E86/><V39/><F67/><W116/><G116/><T0/><D0/><U120/><E120/><V95/><F117/><W49/><G84/><T113/><D113/><U115/><E115/><V80/><F80/><W73/><G73/><T52/><D90/><U114/><E114/><V112/><F112/><W32/><G32/><T44/><REACH who="0" step="1"/><D92/><REACH who="0" ten="240,250,250,250" step="2"/><U34/><E61/><V42/><F39/><W122/><G122/><T41/><D41/><N who="2" m="15978" /><F124/><W68/><G49/><T79/><D79/><U126/><E76/><V45/><F45/><W63/><G47/><T110/><D110/><U48/><E48/><V129/><F129/><W56/><G78/><T3/><D3/><U23/><E60/><V66/><F66/><W119/><G119/><T81/><D81/><U62/><E62/><V105/><F105/><W69/><G111/><T64/><D64/><U1/><E65/><V107/><F107/><W36/><G36/><T46/><D46/><U106/><E1/><V83/><F83/><W28/><G109/><T108/><D108/><U118/><E71/><V74/><F74/><W43/><G43/><T55/><D55/><AGARI ba="0,1" hai="10,12,17,22,27,28,55,56,63,68,69,94,98,102" machi="55" ten="30,1000,0" yaku="7,1" doraHai="133" who="3" fromWho="0" sc="240,-10,250,0,250,0,250,20" /><INIT seed="1,0,0,2,3,16" ten="230,250,250,270" oya="1" hai0="41,113,18,57,131,8,2,105,129,78,73,54,98" hai1="34,46,106,23,97,51,53,102,11,116,79,109,25" hai2="39,81,3,76,10,126,27,68,50,130,96,128,82" hai3="24,61,86,71,0,91,28,115,44,112,13,22,93"/><U1/><E116/><V63/><F39/><W55/><G0/><T32/><D32/><U30/><E109/><V108/><F108/><W65/><REACH who="3" step="1"/><G13/><REACH who="3" ten="230,250,250,260" step="2"/><N who="0" m="7463" /><D2/><U52/><E79/><V66/><F3/><W47/><G47/><T37/><D113/><U121/><E121/><V6/><F76/><W15/><G15/><T89/><D78/><U26/><E26/><V12/><F27/><W90/><G90/><T103/><D89/><U110/><E110/><V29/><F12/><W101/><G101/><T67/><D103/><U119/><E119/><V20/><F128/><W132/><G132/><T70/><D131/><U62/><E1/><V124/><F130/><W85/><G85/><T21/><D129/><U45/><E45/><V99/><F124/><W75/><G75/><T77/><D77/><U56/><REACH who="1" step="1"/><E11/><REACH who="1" ten="230,240,250,260" step="2"/><V14/><F10/><W88/><G88/><T48/><D73/><U122/><E122/><V36/><F14/><W127/><G127/><T72/><D72/><U80/><E80/><V43/><F126/><W7/><G7/><T35/><D98/><U4/><E4/><V95/><F6/><W123/><G123/><T111/><D111/><U59/><E59/><V87/><F96/><W33/><G33/><AGARI ba="0,2" hai="23,25,30,33,34,46,51,52,53,56,62,97,102,106" machi="33" ten="40,12000,1" yaku="1,1,52,1,54,1,53,1" doraHai="16" doraHaiUra="40" who="1" fromWho="3" sc="230,0,240,140,250,0,260,-120" /><INIT seed="1,1,0,1,0,58" ten="230,380,250,140" oya="1" hai0="48,13,79,17,37,7,18,78,27,103,117,121,84" hai1="112,62,111,4,49,75,67,50,45,65,40,93,2" hai2="73,61,91,52,1,9,56,28,32,34,35,14,33" hai3="72,76,126,102,83,59,39,54,69,125,88,11,64"/><U23/><E112/><V3/><F73/><W38/><G102/><T122/><D37/><U6/><E75/><V60/><N who="2" m="8192" /><DORA hai="134" /><V133/><F28/><W80/><G11/><N who="0" m="4351" /><D103/><U109/><E93/><V94/><F60/><N who="3" m="37919" /><G69/><T86/><D48/><U5/><E2/><V19/><REACH who="2" step="1"/><F133/><REACH who="2" ten="230,380,240,140" step="2"/><W115/><G115/><T42/><D121/><U87/><E62/><V95/><F95/><W101/><G101/><T71/><D122/><U43/><E65/><V110/><F110/><W114/><G114/><T100/><D100/><U96/><E67/><V10/><F10/><W30/><G30/><T20/><D71/><U104/><E111/><V135/><F135/><W47/><G80/><T120/><D120/><U127/><E109/><V124/><F124/><N who="3" m="47723" /><G88/><T128/><D79/><U74/><E127/><V57/><F57/><W106/><G106/><T99/><D78/><U89/><E89/><V31/><F31/><W131/><G131/><T46/><D128/><U15/><E104/><V29/><F29/><W105/><G105/><T92/><D92/><U82/><E82/><V107/><F107/><W97/><G97/><AGARI ba="1,1" hai="1,3,9,14,19,52,56,61,91,94,97" m="8192" machi="97" ten="70,8000,1" yaku="1,1,52,1,54,1,53,0" doraHai="58,134" doraHaiUra="26,24" who="2" fromWho="3" sc="230,0,380,0,240,93,140,-83" /><INIT seed="2,0,0,5,3,33" ten="230,380,333,57" oya="2" hai0="99,102,88,63,130,92,59,12,104,35,126,24,71" hai1="76,16,135,42,28,125,54,38,87,1,96,20,85" hai2="45,123,97,73,19,95,15,37,81,34,10,101,13" hai3="65,117,47,32,49,110,39,36,61,44,82,23,9"/><V70/><F123/><W6/><G117/><T55/><D130/><U8/><E38/><V109/><F34/><W113/><G32/><T57/><D126/><U3/><E42/><V5/><F70/><W108/><G23/><T121/><D121/><U105/><E28/><V46/><F109/><W133/><G82/><T120/><D120/><U43/><E43/><V0/><F37/><W119/><G119/><T18/><D35/><U2/><E8/><V58/><F58/><W93/><G93/><T30/><D30/><U64/><E64/><V53/><F53/><W60/><G113/><T111/><D24/><U77/><E125/><V107/><F15/><W100/><G100/><T134/><D134/><U98/><E54/><V91/><F81/><W132/><G6/><T131/><D131/><U69/><E69/><V29/><F73/><W122/><G9/><T22/><D111/><U40/><E40/><V127/><F29/><W129/><G122/><T78/><D78/><U115/><E135/><V112/><F112/><W80/><G80/><T52/><D71/><U79/><E115/><V21/><REACH who="2" step="1"/><F127/><REACH who="2" ten="230,380,323,57" step="2"/><W75/><G75/><T14/><D14/><U25/><REACH who="1" step="1"/><E105/><REACH who="1" ten="230,370,323,57" step="2"/><V89/><F89/><W114/><G114/><T48/><D104/><U103/><E103/><AGARI ba="0,2" hai="12,18,22,48,52,55,57,59,63,88,92,99,102,103" machi="103" ten="40,5200,0" yaku="8,1,54,2" doraHai="33" who="0" fromWho="1" sc="230,72,370,-52,323,0,57,0" /><INIT seed="3,0,0,2,2,8" ten="302,318,323,57" oya="3" hai0="128,41,133,115,135,0,54,125,36,35,127,9,111" hai1="45,114,73,66,53,34,14,74,117,23,113,109,19" hai2="101,129,30,119,123,67,108,4,75,132,28,50,68" hai3="33,112,11,104,94,46,10,22,71,44,107,95,20"/><W17/><G71/><T87/><D111/><U97/><E34/><V5/><F119/><W88/><G33/><T83/><D115/><U25/><E109/><V27/><F108/><W37/><G112/><T80/><D35/><U31/><E117/><V3/><F75/><W85/><G37/><T6/><D128/><U96/><E74/><V40/><F28/><W102/><G102/><T130/><D130/><U90/><E73/><V121/><F129/><W78/><G17/><T63/><D41/><U42/><E42/><V134/><F101/><W100/><G100/><T13/><D0/><U62/><E90/><V70/><F40/><W43/><G43/><T59/><D36/><U105/><E105/><V98/><F98/><N who="1" m="37993" /><E114/><V21/><F50/><W12/><G85/><T103/><D103/><U64/><E113/><V29/><F29/><W56/><G56/><T16/><D6/><N who="2" m="2666" /><F3/><W48/><G48/><T26/><D26/><U86/><E86/><V52/><F52/><W65/><G78/><N who="0" m="46487" /><D83/><U93/><E93/><V81/><F81/><W118/><G118/><T38/><D38/><U110/><E110/><V60/><F68/><W69/><G69/><T92/><D92/><U57/><E45/><V15/><F123/><W116/><G116/><T47/><D47/><U76/><E76/><V7/><F121/><W131/><G131/><T82/><D82/><U1/><E1/><V51/><F51/><W61/><G88/><T72/><D72/><U18/><E31/><V2/><F2/><W55/><G55/><T24/><D24/><U126/><E126/><AGARI ba="0,0" hai="9,13,16,54,59,63,125,126,127,133,135" m="46487" machi="126" ten="30,3900,0" yaku="18,1,52,1,54,1" doraHai="8" who="0" fromWho="1" sc="302,39,318,-39,323,0,57,0" owari="341,44.0,279,-12.0,323,12.0,57,-44.0" /></mjloggm>