<mjloggm ver="2.3"><GO type="169" lobby="0"/><UN n0="%E3%81%BE%E3%81%8F%E3%81%A9%E3%81%AA%E3%82%8B%E3%81%AA%E3%82%8B%E3%81%A9" n1="%E3%81%B5%E3%81%8B" n2="%6B%6F%7A%61%6B%69%6E%67" n3="%E3%82%8F%E3%81%9F%E3%81%B4%E3%82%93" dan="16,18,16,17" rate="2125.09,2241.84,2077.06,2259.98" sx="M,M,M,M"/><TAIKYOKU oya="0"/><INIT seed="0,0,0,4,2,119" ten="250,250,250,250" oya="0" hai0="43,116,80,135,77,97,114,91,106,94,0,36,60" hai1="108,84,89,85,52,90,126,14,38,59,42,75,7" hai2="68,103,44,34,10,50,98,15,56,72,8,121,54" hai3="46,88,93,78,25,55,124,62,102,61,81,6,35"/><T118/><D114/><U71/><E75/><V45/><F68/><W4/><G124/><T47/><D135/><U1/><E71/><V107/><F34/><W13/><G102/><T51/><D60/><U37/><E1/><V57/><F72/><W74/><G35/><T133/><D133/><U70/><E70/><V22/><F121/><W53/><G25/><T18/><D0/><U23/><E126/><V69/><F69/><W82/><G82/><T30/><D30/><U96/><E108/><V11/><F22/><W122/><G122/><T132/><D132/><U112/><E112/><V67/><F67/><W110/><G110/><T134/><D134/><U125/><E125/><V29/><F29/><W100/><G100/><T17/><D106/><U21/><E96/><V63/><REACH who="2" step="1"/><F15/><REACH who="2" ten="250,250,240,250" step="2"/><W5/><G13/><T129/><D129/><U111/><E111/><V3/><F3/><W12/><G12/><T48/><D118/><U16/><E23/><V76/><F76/><W127/><G127/><T26/><D116/><U79/><E79/><V27/><F27/><W83/><G78/><T39/><D26/><U73/><E73/><V64/><AGARI ba="0,1" hai="8,10,11,44,45,50,54,56,57,63,64,98,103,107" machi="64" ten="30,2000,0" yaku="1,1,0,1,53,0" doraHai="119" doraHaiUra="115" who="2" fromWho="2" sc="250,-10,250,-5,240,30,250,-5" /><INIT seed="1,0,0,3,0,54" ten="240,245,270,245" oya="1" hai0="97,96,80,26,59,76,42,114,65,134,55,41,116" hai1="2,22,82,64,37,56,120,49,25,131,87,14,29" hai2="20,67,101,28,8,70,117,21,31,107,86,6,44" hai3="45,16,24,81,3,125,57,105,126,52,90,123,83"/><U61/><E120/><V135/><F117/><W89/><G123/><T91/><D116/><U108/><E2/><V10/><F135/><W118/><G105/><T0/><D114/><U103/><E37/><V92/><F107/><W7/><G45/><T124/><D0/><U19/><E131/><V102/><F70/><W35/><G35/><T122/><D122/><U4/><E108/><V11/><F67/><W84/><G7/><T46/><D134/><U47/><E103/><V69/><F69/><W15/><G24/><T75/><D124/><N who="3" m="47721" /><G3/><T33/><D65/><U95/><E95/><V104/><F44/><W23/><G118/><T115/><D115/><U13/><E4/><V112/><F112/><W36/><G36/><T53/><D26/><U98/><E98/><V78/><F6/><W133/><G133/><T109/><D33/><U132/><E132/><V73/><F73/><W66/><G66/><T79/><D109/><U39/><E39/><V77/><F104/><W51/><G83/><T106/><D106/><U27/><E27/><V74/><F74/><W110/><G110/><T99/><D75/><U48/><E29/><V32/><F32/><W38/><G38/><T94/><D80/><U5/><E5/><V130/><F31/><W88/><AGARI ba="0,0" hai="15,16,23,51,52,57,81,84,88,89,90" m="47721" machi="88" ten="30,8000,1" yaku="18,1,52,1,54,3" doraHai="54" who="3" fromWho="3" sc="240,-20,245,-40,270,-20,245,80" /><INIT seed="2,0,0,5,3,93" ten="220,205,250,325" oya="2" hai0="49,118,45,42,55,112,61,114,64,108,5,83,94" hai1="3,24,44,15,65,132,50,95,28,123,130,48,102" hai2="124,126,67,133,80,82,120,38,86,46,21,33,52" hai3="1,74,77,31,87,56,63,103,11,129,85,104,7"/><V25/><F120/><W53/><G129/><T39/><D5/><U76/><E3/><V109/><F133/><W70/><G70/><N who="0" m="42255" /><D83/><U69/><E130/><V29/><F109/><W13/><G31/><T58/><D94/><U8/><E132/><V78/><F67/><W128/><G128/><T73/><D73/><U40/><E123/><V47/><F38/><W127/><G127/><T18/><D18/><U22/><E69/><V121/><F121/><W91/><G74/><T97/><D97/><N who="1" m="59711" /><E65/><V99/><F99/><W72/><G72/><T43/><D108/><U10/><E76/><V66/><F66/><W119/><G119/><T0/><D0/><U98/><E98/><V37/><F37/><W41/><G77/><T100/><D100/><U88/><E88/><V32/><F82/><W54/><G103/><T30/><D30/><U19/><E48/><V75/><F75/><W26/><G104/><T106/><D106/><U105/><E105/><V116/><F116/><W110/><G110/><T2/><D2/><U90/><E90/><V14/><F33/><W23/><G91/><T135/><D135/><U107/><E107/><V4/><F32/><W17/><G1/><T79/><D79/><U111/><E111/><V117/><F117/><W115/><G85/><T84/><D84/><U122/><E122/><V68/><F78/><W36/><G87/><T35/><D35/><U92/><E92/><V101/><F101/><W96/><G96/><T12/><D118/><U125/><E125/><V89/><F124/><W134/><G134/><T113/><D42/><U81/><E81/><RYUUKYOKU ba="0,0" sc="220,15,205,15,250,-15,325,-15" hai0="12,39,43,45,49,55,58,112,113,114" hai1="8,10,15,19,22,24,28,40,44,50" /><INIT seed="3,1,0,5,3,50" ten="235,220,235,310" oya="3" hai0="103,18,53,98,25,54,52,112,57,16,58,1,23" hai1="55,61,123,15,34,68,72,37,9,7,88,3,62" hai2="101,87,124,120,99,27,71,13,65,47,73,32,82" hai3="36,135,11,75,121,122,77,129,95,22,14,48,115"/><W46/><G115/><T119/><D119/><U31/><E123/><V114/><F120/><W104/><G104/><T76/><D1/><U59/><E37/><V100/><F114/><W63/><G36/><T30/><D112/><U105/><E72/><V116/><F116/><W29/><G129/><T26/><D76/><U28/><E105/><V125/><F73/><W6/><G135/><T109/><D109/><U38/><E38/><V85/><F13/><W19/><G29/><T33/><REACH who="0" step="1"/><D18/><REACH who="0" ten="225,220,235,310" step="2"/><U79/><E79/><V69/><F124/><W0/><G121/><T133/><D133/><U35/><E3/><V83/><F125/><W130/><G77/><T91/><D91/><U126/><E126/><V42/><F101/><W67/><G122/><T111/><D111/><U49/><E31/><V80/><F100/><W96/><G75/><T24/><D24/><U12/><E12/><V132/><F132/><W8/><G130/><T110/><D110/><U10/><E28/><V107/><F85/><W117/><G117/><T92/><AGARI ba="1,1" hai="16,23,25,26,30,33,52,53,54,57,58,92,98,103" machi="92" ten="30,16000,3" yaku="1,1,0,1,52,3,54,2,53,1" doraHai="50" doraHaiUra="97" who="0" fromWho="0" sc="225,173,220,-41,235,-41,310,-81" /><INIT seed="4,0,0,4,1,84" ten="398,179,194,229" oya="0" hai0="25,93,132,64,78,20,102,59,115,17,125,26,70" hai1="19,89,47,29,13,23,12,11,38,85,112,37,30" hai2="111,34,16,130,15,22,69,116,36,65,7,73,6" hai3="0,45,83,81,72,31,10,41,127,101,77,109,98"/><T123/><D123/><U110/><E110/><V75/><F36/><W60/><G109/><T114/><D70/><U66/><E66/><V71/><F111/><W87/><G127/><T44/><D125/><U67/><E67/><V63/><F130/><W68/><G31/><T39/><D78/><U3/><E3/><V121/><F121/><W86/><G60/><N who="0" m="37919" /><D132/><U51/><E112/><N who="0" m="43049" /><D26/><U91/><E38/><V8/><F116/><W82/><G68/><T53/><D39/><U135/><E37/><V99/><F71/><W100/><G72/><T14/><D25/><U107/><E107/><V96/><F34/><W120/><G120/><T52/><D44/><U61/><E61/><V134/><F134/><W42/><G45/><T118/><D118/><U58/><E58/><V9/><F75/><W4/><G82/><T106/><D106/><U128/><E128/><V95/><F73/><W62/><G62/><T57/><D57/><U5/><E135/><V32/><F32/><W104/><REACH who="3" step="1"/><G101/><REACH who="3" ten="398,179,194,219" step="2"/><T76/><D76/><AGARI ba="0,1" hai="0,4,10,41,42,76,77,81,83,86,87,98,100,104" machi="76" ten="30,7700,0" yaku="1,1,2,1,7,1,9,1,53,0" doraHai="84" doraHaiUra="21" who="3" fromWho="0" sc="398,-77,179,0,194,0,219,87" /><INIT seed="5,0,0,2,1,134" ten="321,179,194,306" oya="1" hai0="52,101,9,46,74,87,37,112,15,20,2,43,13" hai1="124,78,69,135,120,40,72,14,41,88,75,48,122" hai2="49,83,65,8,77,22,7,108,97,91,66,116,60" hai3="129,35,29,80,36,42,123,55,21,92,17,95,73"/><U25/><E69/><V63/><F116/><W98/><G123/><T19/><D74/><U84/><E135/><V64/><F108/><W27/><G129/><T107/><D112/><U0/><E0/><V68/><F22/><W61/><G42/><T24/><D107/><U121/><E78/><V58/><F49/><W30/><G36/><T62/><D101/><U103/><E103/><V31/><F31/><W127/><G95/><T132/><D132/><U10/><E25/><V82/><F66/><W67/><G55/><T133/><D133/><U125/><E72/><V113/><F113/><W18/><G18/><T50/><D87/><U79/><E79/><V45/><F45/><W38/><G38/><T110/><D110/><U23/><E75/><V115/><F77/><W59/><G80/><T76/><D76/><U86/><E23/><V51/><F51/><W4/><G73/><T5/><REACH who="0" step="1"/><D62/><REACH who="0" ten="311,179,194,306" step="2"/><U34/><E84/><V1/><F115/><W118/><G61/><T71/><D71/><U126/><E48/><V54/><F68/><W85/><G85/><T100/><D100/><U70/><E70/><V3/><F63/><W89/><G98/><T93/><D93/><N who="1" m="54423" /><E34/><V111/><F111/><W114/><G35/><T11/><D11/><U131/><E131/><V33/><F33/><W119/><G114/><T32/><D32/><U26/><E26/><V90/><F97/><N who="3" m="57487" /><G118/><T102/><D102/><U28/><E10/><V16/><F8/><W99/><G119/><T44/><AGARI ba="0,1" hai="2,5,9,13,15,19,20,24,37,43,44,46,50,52" machi="44" ten="20,5200,0" yaku="1,1,0,1,7,1,54,1,53,0" doraHai="134" doraHaiUra="105" who="0" fromWho="0" sc="311,62,179,-26,194,-13,306,-13" /><INIT seed="6,0,0,3,5,22" ten="373,153,181,293" oya="2" hai0="48,79,122,102,14,21,15,84,9,118,111,114,134" hai1="119,54,37,51,117,110,30,92,101,63,66,20,70" hai2="124,129,58,120,82,96,18,46,94,89,127,2,68" hai3="109,100,73,13,4,16,44,42,131,39,57,104,99"/><V7/><F120/><W59/><G109/><T38/><D111/><U47/><E110/><V112/><F68/><W85/><G73/><T12/><D122/><U32/><E32/><V81/><F112/><W0/><G131/><T35/><D38/><U107/><E107/><V19/><F129/><W60/><G0/><T128/><D35/><U3/><E3/><V27/><F58/><W106/><G4/><T53/><D128/><U62/><E62/><V76/><F46/><W50/><G39/><T40/><D114/><U71/><E71/><V1/><F82/><W23/><G106/><T33/><D33/><U103/><E37/><V25/><F2/><W64/><G85/><T55/><D134/><U91/><E117/><V86/><F18/><W93/><G104/><T49/><D102/><U67/><E67/><V8/><REACH who="2" step="1"/><F19/><REACH who="2" ten="373,153,171,293" step="2"/><W105/><G105/><T78/><D118/><U83/><E119/><V130/><F130/><W108/><G108/><T132/><D132/><U88/><E83/><V10/><F10/><W43/><G59/><T29/><D9/><U77/><E77/><V90/><F90/><W69/><G69/><T45/><D79/><U121/><E121/><V6/><F6/><W36/><G36/><T61/><D78/><U133/><E133/><V95/><F95/><W115/><G115/><T26/><D45/><U135/><E135/><V80/><F80/><W97/><G43/><T113/><D40/><U28/><E91/><V11/><F11/><W5/><G5/><T123/><D123/><U125/><E88/><V56/><F56/><W17/><G17/><RYUUKYOKU ba="0,1" sc="373,-15,153,-15,171,15,293,15" hai2="1,7,8,25,27,76,81,86,89,94,96,124,127" hai3="13,16,23,42,44,50,57,60,64,93,97,99,100" /><INIT seed="6,1,1,2,0,65" ten="358,138,186,308" oya="2" hai0="3,16,64,87,32,7,117,47,1,26,45,31,21" hai1="106,20,10,46,71,131,15,9,133,110,66,113,62" hai2="58,5,2,24,48,109,52,92,13,88,19,127,70" hai3="93,119,111,134,38,56,37,123,105,75,73,79,81"/><V59/><F127/><W86/><G111/><T90/><D117/><U8/><E110/><V11/><F109/><W72/><G56/><T57/><D64/><U76/><E113/><V42/><F70/><W94/><G38/><T129/><D129/><U41/><E131/><V60/><F24/><W63/><G63/><T130/><D130/><U83/><E133/><V103/><F103/><W101/><G37/><T18/><D18/><U39/><E106/><V135/><F135/><W97/><G123/><T67/><D67/><U12/><REACH who="1" step="1"/><E20/><REACH who="1" ten="358,128,186,308" step="2"/><V40/><F2/><W89/><G134/><T74/><D21/><U28/><E28/><V91/><F5/><W107/><G119/><T95/><D7/><U54/><E54/><N who="2" m="33911" /><F91/><W80/><G80/><T30/><D1/><U114/><E114/><V6/><F6/><W100/><G100/><T51/><D3/><U116/><E116/><V22/><F22/><W27/><G27/><T55/><D31/><U126/><E126/><V121/><F121/><W69/><G69/><T35/><D35/><U112/><E112/><V85/><AGARI ba="1,2" hai="11,13,19,40,42,48,52,58,85,88,92" m="33911" machi="85" ten="30,6000,0" yaku="8,1,54,2" doraHai="65" who="2" fromWho="2" sc="358,-21,128,-21,186,83,308,-21" /><INIT seed="6,2,0,5,0,53" ten="337,107,269,287" oya="2" hai0="90,126,9,47,92,4,91,128,62,56,68,25,80" hai1="23,94,45,125,105,46,59,112,97,10,3,44,81" hai2="63,16,31,86,83,124,110,60,109,11,38,127,118" hai3="15,130,108,7,51,49,119,107,77,22,36,84,131"/><V50/><F38/><W70/><G108/><N who="2" m="41577" /><F31/><W52/><G36/><T39/><D68/><U87/><E112/><V116/><F50/><W100/><G70/><T103/><D128/><N who="3" m="49193" /><G119/><N who="2" m="45609" /><F11/><N who="3" m="4607" /><G22/><T99/><D126/><N who="2" m="48170" /><F16/><W95/><G107/><T71/><D71/><U88/><E125/><V13/><F13/><W111/><G111/><T115/><D39/><U14/><E105/><V2/><F2/><W82/><G52/><T122/><D9/><U41/><E3/><V37/><F37/><W21/><G21/><T135/><D4/><U72/><E72/><V54/><F54/><W102/><G51/><T40/><D40/><U42/><E23/><V20/><F20/><W104/><G104/><T6/><D6/><U8/><E59/><V35/><F35/><W0/><G0/><T32/><D56/><U65/><E65/><V76/><AGARI ba="2,0" hai="60,63,76,83,86" m="48170,45609,41577" machi="76" ten="40,3900,0" yaku="10,1,18,1" doraHai="53" who="2" fromWho="2" sc="337,-15,107,-15,269,45,287,-15" /><INIT seed="6,3,0,4,2,64" ten="322,92,314,272" oya="2" hai0="26,131,92,36,9,73,43,81,87,77,34,121,32" hai1="61,24,82,125,67,119,11,93,94,127,37,19,78" hai2="113,89,65,101,70,53,95,134,117,105,133,66,84" hai3="86,80,52,6,50,114,115,116,108,31,91,111,122"/><V102/><F117/><W47/><G116/><T16/><D121/><U41/><E119/><V63/><F66/><W62/><G122/><T126/><D126/><N who="1" m="48139" /><E41/><V110/><F110/><W44/><G31/><T5/><D131/><U100/><E37/><V56/><F113/><W75/><G75/><T17/><D92/><U4/><E100/><V79/><F79/><W128/><G128/><T135/><D135/><N who="2" m="51722" /><F105/><W85/><G6/><T0/><D87/><N who="1" m="48599" /><E19/><N who="0" m="7241" /><D26/><U38/><E24/><V103/><F53/><W28/><G28/><T98/><D98/><U88/><E38/><V72/><F72/><W45/><G62/><T124/><D124/><U120/><E120/><V96/><F96/><W130/><G130/><T58/><D58/><AGARI ba="3,0" hai="56,58,63,65,70,84,89,95,101,102,103" m="51722" machi="58" ten="30,2900,0" yaku="20,1,52,1" doraHai="64" who="2" fromWho="0" sc="322,-38,92,0,314,38,272,0" /><INIT seed="6,4,0,5,3,16" ten="284,92,352,272" oya="2" hai0="128,24,82,37,97,78,56,33,79,132,32,42,120" hai1="50,25,53,95,64,65,46,109,61,85,116,107,114" hai2="60,112,106,80,99,21,93,108,124,54,27,15,68" hai3="14,38,11,134,26,30,36,49,43,71,122,70,20"/><V129/><F112/><W96/><G122/><T12/><D120/><U117/><E107/><V118/><F118/><W34/><G134/><T35/><D132/><U8/><E109/><V133/><F106/><W69/><G34/><T127/><D127/><U77/><E114/><V98/><F133/><W39/><G96/><T13/><D128/><U119/><E8/><V89/><F108/><W81/><G81/><T125/><D125/><U86/><E77/><V6/><F124/><W45/><REACH who="3" step="1"/><G39/><REACH who="3" ten="284,92,352,262" step="2"/><T47/><D97/><U10/><E95/><V92/><F80/><W62/><G62/><T1/><D79/><U22/><E10/><V48/><F60/><W9/><G9/><T58/><D1/><U115/><E115/><V23/><F93/><W57/><G57/><T63/><D58/><U121/><E121/><V123/><F99/><W66/><G66/><T75/><REACH who="0" step="1"/><D24/><REACH who="0" ten="274,92,352,262" step="2"/><U72/><E64/><AGARI ba="4,2" hai="12,13,32,33,35,37,42,47,56,63,64,75,78,82" machi="64" ten="40,2600,0" yaku="1,1,2,1,53,0" doraHai="16" doraHaiUra="130" who="0" fromWho="1" sc="274,58,92,-38,352,0,262,0" /><INIT seed="7,0,0,1,5,60" ten="332,54,352,262" oya="3" hai0="87,97,127,11,84,64,75,19,40,90,57,62,61" hai1="66,30,23,80,26,43,72,108,37,94,130,79,45" hai2="25,39,42,104,89,102,118,12,110,47,114,27,15" hai3="100,77,123,71,88,48,122,56,49,2,69,38,112"/><W10/><G100/><T33/><D75/><U65/><E130/><V14/><F110/><W29/><G77/><T34/><D40/><U7/><E108/><V92/><F118/><W124/><G88/><T53/><D127/><U74/><E74/><V99/><REACH who="2" step="1"/><F114/><REACH who="2" ten="332,54,342,262" step="2"/><W55/><G29/><T125/><D125/><U132/><E132/><V4/><F4/><W31/><G31/><T93/><D34/><U6/><E6/><V73/><F73/><W78/><G78/><T115/><D33/><U32/><E32/><V46/><F46/><N who="3" m="28087" /><G10/><T113/><D11/><U22/><E22/><V18/><F18/><W41/><G2/><T16/><D19/><U96/><REACH who="1" step="1"/><E7/><REACH who="1" ten="332,44,342,262" step="2"/><V59/><F59/><W44/><G124/><T76/><D115/><U83/><E83/><V35/><F35/><W129/><G112/><T50/><D113/><U67/><E67/><V111/><F111/><W105/><G129/><T24/><D64/><U13/><E13/><V81/><F81/><W52/><G105/><T20/><D76/><U85/><E85/><AGARI ba="0,2" hai="12,14,15,25,27,39,42,47,85,89,92,99,102,104" machi="85" ten="40,1300,0" yaku="1,1,53,0" doraHai="60" doraHaiUra="5" who="2" fromWho="1" sc="332,0,44,-13,342,33,262,0" /><AGARI ba="0,0" hai="16,20,24,50,53,57,61,62,84,85,87,90,93,97" machi="85" ten="40,2600,0" yaku="8,1,54,1" doraHai="60" who="0" fromWho="1" sc="332,26,31,-26,375,0,262,0" owari="358,16.0,5,-49.0,375,47.0,262,-14.0" /></mjloggm>