<mjloggm ver="2.3"><GO type="185" lobby="0"/><UN n0="%E5%A4%9A%E6%9E%97%E6%99%8B" n1="%79%61%6D%61%64%61%35%35" n2="%E3%82%A2%E3%83%AA%E3%82%A2%E3%83%AA%E5%90%9B" n3="" dan="16,16,16,0" rate="2202.43,2189.04,2205.16,1500.00" sx="M,M,M,C"/><TAIKYOKU oya="0"/><INIT seed="0,0,0,0,0,64" ten="350,350,350,0" oya="0" hai0="38,120,87,57,97,47,93,92,1,72,127,83,54" hai1="48,113,55,123,36,56,88,84,122,78,89,46,67" hai2="42,63,130,2,41,109,132,121,128,35,44,68,134" hai3=""/><T104/><N who="0" m="30752" /><T133/><D1/><U95/><N who="1" m="31264" /><U96/><N who="1" m="31520" /><U76/><E113/><V101/><N who="2" m="31008" /><V3/><F35/><T66/><D133/><N who="2" m="51306" /><F101/><T40/><D127/><U75/><E75/><V100/><F100/><T118/><D118/><U59/><E36/><V126/><F109/><T34/><D34/><U124/><E124/><V86/><F86/><T65/><D72/><U106/><E106/><V102/><F102/><T111/><D104/><U116/><E116/><V52/><F126/><T103/><D93/><U53/><E67/><V70/><F52/><T79/><REACH who="0" step="1"/><D111/><REACH who="0" ten="340,350,350,0" step="2"/><U135/><E135/><V51/><F2/><T71/><D71/><N who="2" m="27178" /><F3/><T114/><D114/><U91/><E55/><V32/><F32/><T129/><D129/><N who="2" m="49770" /><F42/><T37/><D37/><U61/><E53/><V74/><F74/><T105/><D105/><U94/><E84/><V77/><F77/><T107/><D107/><U50/><E76/><V33/><F33/><T58/><D58/><U115/><E78/><V90/><F90/><T39/><D39/><U112/><E89/><V73/><F73/><T0/><D0/><U119/><E91/><V110/><F110/><T99/><D99/><U131/><E96/><V108/><F108/><RYUUKYOKU ba="0,1" sc="340,10,350,-20,350,10,0,0" hai0="38,40,47,54,57,65,66,79,83,87,92,97,103" hai2="41,44,51,63" /><INIT seed="0,1,1,4,1,77" ten="350,330,360,0" oya="0" hai0="65,118,117,3,135,109,96,131,43,91,102,52,42" hai1="35,100,53,113,55,92,125,85,41,2,61,122,56" hai2="72,127,86,106,1,39,111,88,132,46,116,49,47" hai3=""/><T64/><D3/><U58/><N who="1" m="31264" /><U99/><E2/><V130/><F1/><T134/><D131/><U74/><E35/><V128/><F116/><T93/><D109/><U101/><E74/><V98/><F111/><T44/><D118/><U45/><E125/><V115/><F72/><T78/><D117/><U38/><E113/><V103/><F127/><T79/><D78/><U107/><E85/><V32/><F32/><T133/><D79/><U105/><REACH who="1" step="1"/><E100/><REACH who="1" ten="350,320,360,0" step="2"/><V33/><F33/><T80/><D102/><U68/><E68/><V69/><F69/><T89/><D89/><U121/><N who="1" m="31008" /><U0/><E0/><V97/><F115/><T123/><N who="0" m="31520" /><T95/><D93/><U54/><E54/><V90/><F98/><T112/><D112/><U40/><E40/><N who="0" m="15401" /><D80/><U81/><E81/><V60/><F103/><T71/><D71/><U57/><E57/><V73/><F47/><T124/><D124/><U67/><E67/><V48/><F46/><T62/><D44/><U114/><E114/><V108/><F108/><T75/><D75/><U110/><E110/><V70/><F70/><T34/><D34/><U126/><E126/><V129/><F129/><T119/><D119/><U76/><E76/><V66/><F128/><RYUUKYOKU ba="1,2" sc="350,10,320,10,360,-20,0,0" hai0="52,62,64,65,91,95,96,133,134,135" hai1="38,41,45,53,55,56,58,61,92,99,101,105,107" /><INIT seed="0,2,2,1,4,33" ten="360,330,340,0" oya="0" hai0="123,47,79,58,104,56,106,102,45,62,1,113,67" hai1="86,114,122,96,109,42,66,132,77,91,92,134,131" hai2="112,83,32,87,34,38,127,70,82,78,98,94,97" hai3=""/><T100/><N who="0" m="31520" /><T110/><D113/><U115/><N who="1" m="31264" /><U51/><E66/><V117/><F112/><N who="1" m="43049" /><E42/><V48/><F38/><T37/><D79/><U55/><E109/><V125/><F117/><T133/><D110/><U64/><E64/><V54/><F70/><T118/><D118/><U68/><E68/><V128/><F83/><T0/><D133/><N who="1" m="51307" /><E131/><V74/><F74/><T59/><D67/><U43/><E43/><V85/><F85/><T44/><D62/><U46/><E77/><V111/><F111/><T116/><D116/><U35/><E35/><V105/><F128/><T52/><D52/><U3/><E96/><V60/><F34/><T76/><D76/><U84/><E84/><V121/><N who="2" m="31008" /><V71/><F32/><T107/><D37/><U53/><E53/><V72/><F72/><T69/><D69/><U63/><E63/><V129/><F129/><T93/><D93/><U135/><N who="1" m="51315" /><U2/><AGARI ba="2,2" hai="2,3,46,51,55,86,91,92" m="51315,43049,31264" machi="2" ten="50,9000,2" yaku="4,1,11,1,20,1,52,3" doraHai="33" who="1" fromWho="1" sc="360,-62,330,114,340,-32,0,0" /><INIT seed="1,0,0,5,0,44" ten="298,444,308,0" oya="1" hai0="76,133,131,87,88,82,39,117,135,101,60,110,3" hai1="73,72,114,68,121,111,49,116,130,77,46,61,48" hai2="120,94,33,84,53,96,66,80,42,107,70,74,67" hai3=""/><U69/><N who="1" m="31008" /><U85/><E116/><V93/><N who="2" m="30752" /><V95/><F33/><T81/><D3/><U97/><E114/><V86/><F74/><T100/><D39/><U62/><E130/><V54/><F107/><T41/><D41/><U105/><E111/><V36/><F70/><T50/><D50/><U118/><E118/><V134/><F134/><N who="0" m="51210" /><D60/><U45/><E105/><V55/><F96/><T115/><D117/><U0/><E97/><V75/><F75/><T37/><D37/><U106/><E106/><V124/><F124/><T83/><D110/><U56/><E56/><V102/><F102/><N who="0" m="39530" /><D115/><U132/><E132/><V113/><F113/><T52/><D52/><U1/><REACH who="1" step="1"/><E77/><REACH who="1" ten="298,434,308,0" step="2"/><V125/><F125/><T103/><N who="0" m="39538" /><T90/><DORA hai="71" /><D131/><U129/><E129/><V122/><F122/><T64/><D64/><U92/><E92/><V34/><F67/><T32/><D32/><U43/><E43/><V91/><F66/><T104/><D104/><U108/><E108/><V40/><F34/><T123/><N who="0" m="31520" /><T99/><D99/><U38/><E38/><V119/><F119/><T109/><D109/><U59/><E59/><V65/><F65/><T126/><D126/><U112/><E112/><V128/><F128/><RYUUKYOKU ba="0,1" sc="298,10,434,10,308,-20,0,0" hai0="76,81,82,83,87,88,90" hai1="0,1,45,46,48,49,61,62,68,69,72,73,85" /><INIT seed="1,1,1,0,0,95" ten="308,444,288,0" oya="1" hai0="84,106,134,35,42,94,92,96,81,88,36,66,33" hai1="44,78,86,105,0,125,127,55,93,47,114,110,70" hai2="65,49,128,100,41,89,122,113,118,56,57,79,120" hai3=""/><U99/><E0/><V121/><N who="2" m="30752" /><V87/><N who="2" m="31008" /><V62/><N who="2" m="31264" /><V73/><F118/><T37/><D106/><U50/><E114/><V39/><F113/><T131/><D131/><U58/><E110/><V103/><F128/><T109/><D109/><U43/><E70/><V107/><F107/><T59/><D134/><U130/><E130/><V63/><F39/><T45/><D36/><U123/><N who="1" m="31520" /><U108/><E108/><V46/><F79/><T32/><D94/><U97/><E105/><V40/><F40/><T112/><D112/><U3/><E3/><V82/><F73/><T75/><D75/><U34/><E34/><V102/><F102/><T126/><D126/><N who="1" m="48139" /><E47/><V74/><F74/><T83/><D81/><U85/><E78/><V72/><F72/><T90/><REACH who="0" step="1"/><D32/><REACH who="0" ten="298,444,288,0" step="2"/><U2/><E2/><V51/><REACH who="2" step="1"/><F49/><REACH who="2" ten="298,444,278,0" step="2"/><T68/><D68/><U67/><E93/><V132/><F132/><T77/><D77/><U61/><E43/><V133/><F133/><T48/><D48/><U80/><E80/><V119/><F119/><T1/><D1/><U38/><E38/><V76/><F76/><T115/><D115/><U69/><E50/><V71/><F71/><T117/><D117/><U64/><E69/><RYUUKYOKU ba="1,3" sc="298,10,444,-20,278,10,0,0" hai0="33,35,37,42,45,59,66,83,84,88,90,92,96" hai2="41,46,51,56,57,62,63,65,82,87,89,100,103" /><INIT seed="2,2,3,5,2,52" ten="308,424,288,0" oya="2" hai0="83,103,84,3,75,34,57,116,127,113,125,99,129" hai1="95,98,88,117,47,44,68,69,48,107,96,67,109" hai2="120,80,94,118,133,114,85,65,100,102,135,63,41" hai3=""/><V82/><N who="2" m="30752" /><V90/><F118/><T45/><D3/><U124/><E109/><V61/><F41/><T128/><D34/><U32/><E32/><V43/><F114/><T46/><D116/><U108/><E108/><V72/><F43/><T121/><N who="0" m="31008" /><T0/><D75/><U81/><E124/><N who="0" m="47689" /><D113/><U123/><N who="1" m="31520" /><U92/><E117/><V38/><F38/><T39/><D57/><U54/><E107/><V115/><F115/><T51/><D39/><U2/><E2/><V86/><F63/><T89/><D0/><U70/><E81/><V134/><F72/><T66/><D66/><U59/><REACH who="1" step="1"/><E67/><REACH who="1" ten="308,414,288,0" step="2"/><V130/><F130/><N who="0" m="50282" /><D51/><U131/><E131/><V79/><REACH who="2" step="1"/><F82/><REACH who="2" ten="308,414,278,0" step="2"/><T33/><D33/><U49/><E49/><V126/><F126/><T53/><D53/><U132/><E132/><V71/><AGARI ba="2,5" hai="61,65,71,79,80,85,86,90,94,100,102,133,134,135" m="30752" machi="71" ten="30,7800,0" yaku="1,1,0,1,20,1,52,1,53,0" doraHai="52" doraHaiUra="110" who="2" fromWho="2" sc="308,-41,414,-41,278,132,0,0" /><INIT seed="2,3,0,4,1,49" ten="267,373,410,0" oya="2" hai0="72,75,44,130,90,73,40,34,59,39,71,81,115" hai1="108,35,51,111,100,86,123,129,47,83,113,126,37" hai2="57,76,96,128,63,56,38,79,65,84,121,60,68" hai3=""/><V45/><N who="2" m="31008" /><V110/><F128/><T33/><D71/><U66/><N who="1" m="31520" /><U61/><E35/><V94/><F110/><N who="1" m="42025" /><E113/><V118/><F118/><T69/><D69/><U87/><E129/><V112/><F112/><T32/><D130/><U80/><E126/><V103/><F68/><T55/><D115/><U52/><E37/><V131/><F131/><T134/><D134/><U50/><E100/><V67/><F84/><N who="1" m="32297" /><E50/><V99/><F99/><T85/><REACH who="0" step="1"/><D32/><REACH who="0" ten="257,373,410,0" step="2"/><U104/><E104/><V46/><F38/><T89/><D89/><U106/><E106/><V36/><REACH who="2" step="1"/><F36/><REACH who="2" ten="257,373,400,0" step="2"/><T109/><D109/><U107/><E107/><V105/><F105/><T124/><D124/><U97/><E97/><V120/><N who="2" m="30752" /><V91/><F91/><T95/><D95/><U125/><E125/><V93/><F93/><T0/><D0/><U127/><E127/><V92/><F92/><T2/><D2/><U58/><AGARI ba="3,2" hai="47,51,52,58,61,66,80,83" m="32297,42025,31520" machi="58" ten="30,5900,0" yaku="14,1,52,2,54,1" doraHai="49" who="1" fromWho="1" sc="257,-23,373,85,400,-42,0,0" /><INIT seed="4,0,0,3,3,44" ten="234,458,358,0" oya="0" hai0="128,56,49,100,34,88,40,66,47,73,81,122,116" hai1="50,62,111,91,79,38,90,32,125,1,67,75,78" hai2="121,99,43,36,112,115,110,77,51,80,84,134,68" hai3=""/><T65/><N who="0" m="31264" /><T48/><D116/><U35/><E111/><V108/><N who="2" m="31008" /><V42/><F36/><T53/><D34/><U61/><E38/><V63/><F134/><T55/><D128/><U54/><E1/><V105/><F105/><T83/><D100/><U109/><E109/><V98/><F108/><T96/><D73/><U119/><E119/><V41/><F51/><T58/><D96/><U117/><E117/><V97/><F110/><T104/><D104/><U126/><E90/><V85/><REACH who="2" step="1"/><F84/><REACH who="2" ten="234,458,348,0" step="2"/><T102/><D102/><U37/><E32/><V69/><F69/><T60/><D88/><U118/><E91/><V127/><F127/><T107/><D107/><U87/><E35/><V89/><F89/><T133/><D133/><U64/><E87/><V70/><F70/><T39/><D39/><U113/><E37/><V76/><F76/><T101/><D101/><U94/><E126/><V82/><F82/><AGARI ba="0,1" hai="40,47,48,49,53,55,56,58,60,65,66,81,82,83" m="31264" machi="82" ten="40,12000,1" yaku="8,1,52,3" doraHai="44" who="0" fromWho="2" sc="234,130,458,0,348,-120,0,0" /><INIT seed="4,1,0,1,3,92" ten="364,458,228,0" oya="0" hai0="68,131,102,51,42,95,44,94,48,72,79,101,133" hai1="124,134,113,1,81,90,85,107,117,46,116,40,71" hai2="122,32,0,123,65,125,56,132,110,50,43,119,87" hai3=""/><T59/><D68/><U86/><E1/><V111/><N who="2" m="31264" /><V53/><N who="2" m="31520" /><V130/><F32/><T76/><D133/><U54/><E134/><V57/><F0/><T70/><D70/><U103/><E71/><V73/><F132/><T41/><D131/><U61/><E124/><V97/><F73/><T52/><D72/><U118/><E113/><V36/><F130/><T106/><D106/><U115/><E115/><V128/><F128/><T69/><D69/><U64/><E54/><V98/><F125/><T2/><D2/><U39/><E107/><V105/><F119/><T109/><D109/><U78/><E103/><N who="0" m="39433" /><D41/><U49/><E117/><V121/><N who="2" m="31008" /><V135/><F105/><T93/><AGARI ba="1,0" hai="42,44,48,51,52,59,76,79,93,94,95" m="39433" machi="93" ten="30,2000,0" yaku="8,1,54,1" doraHai="92" who="0" fromWho="0" sc="364,22,458,-11,228,-11,0,0" /><INIT seed="4,2,0,4,2,57" ten="386,447,217,0" oya="0" hai0="94,88,40,53,131,90,52,80,66,134,59,89,32" hai1="74,78,108,55,135,86,113,101,68,44,115,69,130" hai2="95,58,128,33,51,103,42,63,54,123,85,49,45" hai3=""/><T124/><D32/><U60/><E108/><V97/><N who="2" m="31520" /><V120/><N who="2" m="30752" /><V125/><F33/><T46/><D131/><U82/><E135/><V67/><F128/><T116/><D116/><U50/><E130/><V64/><F125/><T56/><D134/><U47/><E101/><V38/><F64/><T75/><D124/><U102/><E102/><V1/><F1/><T72/><D94/><U81/><E44/><V35/><F35/><T114/><D114/><N who="1" m="43531" /><E60/><V71/><REACH who="2" step="1"/><F85/><REACH who="2" ten="386,447,207,0" step="2"/><T133/><D133/><U132/><E132/><V104/><F104/><T93/><D72/><U105/><E105/><V73/><F73/><T109/><D75/><U126/><E126/><V36/><AGARI ba="2,1" hai="36,38,42,45,49,51,54,58,63,67,71,95,97,103" m="30752,31520" machi="36" ten="30,6000,1" yaku="1,1,0,1,52,3,53,0" doraHai="57" doraHaiUra="111" who="2" fromWho="2" sc="386,-42,447,-22,207,74,0,0" /><INIT seed="5,0,0,3,4,45" ten="344,425,281,0" oya="1" hai0="55,79,3,115,77,65,87,73,50,36,0,39,129" hai1="113,122,71,135,107,105,94,62,68,121,41,127,74" hai2="46,101,123,47,43,76,109,51,80,37,81,112,102" hai3=""/><U130/><N who="1" m="31008" /><U110/><N who="1" m="31264" /><U54/><E74/><V108/><N who="2" m="31520" /><V117/><F117/><T64/><D73/><U83/><E113/><V126/><F112/><T114/><D55/><U44/><E130/><V124/><F102/><T38/><D129/><U86/><E135/><V116/><F101/><T93/><D36/><U49/><E127/><N who="2" m="48683" /><F116/><T89/><D87/><U97/><E110/><N who="2" m="42603" /><F76/><T92/><D89/><U63/><E107/><V134/><F134/><T103/><D103/><U75/><E105/><V48/><F37/><T32/><D32/><U53/><E75/><V56/><F56/><T2/><D0/><U52/><E94/><V96/><F96/><T82/><D82/><U57/><E97/><V100/><F100/><T35/><D35/><U78/><REACH who="1" step="1"/><E57/><REACH who="1" ten="344,415,281,0" step="2"/><V118/><F118/><T72/><D72/><U90/><E90/><V95/><F95/><T84/><D84/><U70/><AGARI ba="0,1" hai="41,44,49,52,53,54,62,63,68,70,71,78,83,86" m="31264,31008" machi="70" ten="40,12000,2" yaku="1,1,0,1,52,3,54,1,53,0" doraHai="45" doraHaiUra="1" who="1" fromWho="1" sc="344,-60,415,130,281,-60,0,0" /><INIT seed="5,1,0,3,2,119" ten="284,545,221,0" oya="1" hai0="63,102,118,96,46,116,61,109,94,92,71,76,77" hai1="65,43,91,124,107,70,78,1,120,112,89,129,113" hai2="128,95,84,45,34,68,81,93,79,122,82,54,52" hai3=""/><U111/><N who="1" m="30752" /><U99/><E1/><V67/><N who="2" m="31264" /><V57/><F34/><T60/><D109/><U110/><E43/><V62/><F128/><T115/><D71/><U40/><E40/><V53/><F68/><T125/><D125/><U73/><E129/><V47/><REACH who="2" step="1"/><F81/><REACH who="2" ten="284,545,211,0" step="2"/><T41/><D118/><U126/><E70/><V51/><F51/><T64/><D116/><U104/><E111/><V131/><F131/><T86/><D63/><U58/><E110/><V134/><F134/><T59/><D61/><U2/><E124/><V48/><F48/><T33/><D33/><U66/><E126/><V49/><F49/><T35/><D35/><U38/><E38/><V108/><F108/><T36/><D60/><U42/><E2/><V32/><F32/><T130/><D130/><U55/><E113/><V132/><F132/><T50/><D115/><U0/><E112/><V72/><F72/><T121/><D36/><U39/><E39/><V80/><F80/><T101/><D50/><U37/><E0/><V88/><F88/><T69/><D69/><U105/><E37/><V56/><F56/><T100/><D59/><U98/><E58/><V103/><F103/><T3/><N who="0" m="31008" /><T90/><D101/><U74/><E74/><RYUUKYOKU ba="1,1" sc="284,-10,545,-10,211,20,0,0" hai2="45,47,52,53,54,57,62,67,79,82,84,93,95" /><INIT seed="6,2,1,3,3,62" ten="274,535,231,0" oya="2" hai0="76,36,102,106,94,110,127,37,75,60,69,40,105" hai1="85,71,86,42,1,32,83,120,103,68,135,57,61" hai2="74,99,84,55,44,63,96,48,97,104,79,35,125" hai3=""/><V98/><F35/><T88/><D110/><U33/><N who="1" m="30752" /><U89/><E1/><V108/><F108/><T128/><D128/><U123/><N who="1" m="31520" /><U77/><E135/><V118/><F118/><T43/><D127/><U34/><E103/><V115/><F125/><T45/><D76/><U53/><REACH who="1" step="1"/><E42/><REACH who="1" ten="274,525,231,0" step="2"/><V121/><N who="2" m="31008" /><V56/><F115/><T95/><D40/><U109/><E109/><V100/><F74/><T65/><D75/><U93/><AGARI ba="2,2" hai="32,33,34,53,57,61,68,71,77,83,85,86,89,93" m="31520,30752" machi="93" ten="30,5900,0" yaku="1,1,0,1,52,2,53,0" doraHai="62" doraHaiUra="122" who="1" fromWho="1" sc="274,-22,525,83,231,-41,0,0" owari="252,-15.0,608,56.0,190,-41.0,0,0.0" /></mjloggm>