<mjloggm ver="2.3"><GO type="169" lobby="0"/><UN n0="%E3%81%8B%E3%82%8A%E3%82%93%E3%81%95%E3%82%93" n1="%6B%69%79%6F%70%69%6E" n2="%E3%82%AD%E3%83%B3%E3%82%B0%E3%81%82%E3%81%A4%E3%81%97" n3="%E8%A5%BF%E5%B2%A1%E8%82%B2%E6%9C%AA%E2%99%AA" dan="18,16,17,16" rate="2220.18,2118.26,2191.18,2121.00" sx="M,M,M,F"/><TAIKYOKU oya="0"/><INIT seed="0,0,0,2,3,70" ten="250,250,250,250" oya="0" hai0="53,69,49,8,5,34,106,26,109,37,101,13,113" hai1="16,72,114,73,120,84,43,19,119,71,31,58,107" hai2="116,6,127,12,115,98,117,3,122,63,10,36,81" hai3="90,65,7,97,91,80,46,121,134,110,35,29,103"/><T62/><D113/><U126/><E71/><V47/><F115/><W57/><G110/><T50/><D109/><U125/><E119/><N who="2" m="45643" /><F122/><W21/><G35/><T66/><D53/><U128/><E107/><V82/><F127/><N who="1" m="48649" /><E120/><V129/><F129/><W96/><G7/><T20/><D37/><U52/><E128/><V104/><F63/><N who="3" m="38127" /><G103/><T68/><D69/><U23/><E84/><V93/><F104/><W40/><G134/><T22/><D20/><U124/><E114/><V105/><F105/><W41/><G80/><T28/><REACH who="0" step="1"/><D22/><REACH who="0" ten="240,250,250,250" step="2"/><U33/><E124/><V87/><F3/><W27/><G40/><T51/><D51/><N who="1" m="31007" /><E33/><V24/><F36/><W45/><G41/><T95/><D95/><U4/><E43/><V99/><F93/><N who="3" m="56375" /><G121/><T60/><D60/><U11/><E23/><V2/><F2/><W83/><G83/><T108/><D108/><U118/><E118/><V89/><F82/><W100/><G45/><T32/><D32/><U44/><E44/><V39/><F39/><W48/><G48/><T54/><D54/><U92/><E92/><V0/><F47/><W67/><G46/><T74/><D74/><N who="1" m="28779" /><E31/><V1/><F1/><AGARI ba="0,1" hai="1,4,11,16,19" m="28779,31007,48649" machi="1" ten="30,3900,0" yaku="18,1,54,2" doraHai="70" who="1" fromWho="2" sc="240,0,250,49,250,-39,250,0" /><INIT seed="1,0,0,4,1,85" ten="240,299,211,250" oya="1" hai0="52,15,38,110,48,79,95,62,78,72,134,68,125" hai1="9,51,94,2,65,26,1,82,131,24,67,50,123" hai2="114,34,104,64,77,27,56,63,83,111,121,16,127" hai3="81,102,17,80,41,11,86,36,120,87,59,116,101"/><U88/><E123/><V66/><F121/><W119/><G36/><T55/><D38/><U69/><E69/><V58/><F104/><W129/><G41/><T103/><D134/><U31/><E131/><V23/><F111/><W32/><G32/><T93/><D110/><U108/><E108/><V112/><F127/><W14/><G120/><T6/><D125/><U40/><E82/><V97/><F34/><W42/><G42/><T4/><D72/><U33/><E40/><V90/><F97/><W25/><G25/><N who="1" m="9834" /><E33/><V44/><F44/><W47/><G47/><T46/><D68/><U99/><E2/><V91/><F58/><W122/><G59/><N who="0" m="35175" /><D103/><U61/><E1/><V133/><F64/><N who="1" m="24649" /><E31/><V107/><F107/><W117/><G122/><T92/><D4/><U130/><E130/><V84/><REACH who="2" step="1"/><F133/><REACH who="2" ten="240,299,201,250" step="2"/><W21/><G129/><T19/><D6/><U73/><E61/><V28/><F28/><W43/><G43/><T105/><D105/><U10/><E73/><V70/><F70/><W106/><G106/><T12/><D19/><U128/><E128/><V98/><F98/><W118/><G118/><T22/><D46/><U71/><E71/><V53/><F53/><W45/><G45/><T75/><D55/><U74/><E74/><V18/><F18/><W37/><G37/><T0/><D75/><U30/><E30/><V57/><F57/><W3/><G102/><T29/><D29/><U60/><E60/><V126/><F126/><W49/><G101/><T96/><D96/><U7/><E7/><V89/><AGARI ba="0,1" hai="16,23,27,56,63,66,77,83,84,89,90,91,112,114" machi="89" ten="30,12000,2" yaku="1,1,0,1,52,3,54,1,53,0" doraHai="85" doraHaiUra="100" who="2" fromWho="2" sc="240,-30,299,-60,201,130,250,-30" /><INIT seed="2,0,0,1,1,76" ten="210,239,331,220" oya="2" hai0="69,34,119,6,116,25,0,24,40,26,68,88,85" hai1="118,36,121,128,56,135,83,87,112,1,11,4,19" hai2="125,120,81,97,22,74,45,41,98,29,70,78,49" hai3="117,129,43,93,50,31,5,105,38,46,72,73,77"/><V12/><F120/><W108/><G105/><T18/><D40/><U67/><E112/><V54/><F70/><W101/><G117/><N who="0" m="45131" /><D34/><U30/><E118/><V126/><F41/><W80/><G129/><T84/><D84/><U60/><E128/><V91/><F91/><W86/><G108/><T33/><D33/><U75/><E135/><V63/><F63/><W123/><G123/><T71/><D6/><U23/><E36/><V61/><F61/><W114/><G114/><T13/><D0/><U127/><E127/><N who="2" m="48651" /><F12/><W39/><G31/><T52/><D52/><U103/><E103/><V48/><F48/><W9/><G73/><T3/><D3/><U130/><E75/><V111/><F111/><W110/><G110/><T35/><D35/><U8/><E130/><V47/><F47/><W124/><G124/><T32/><D32/><U133/><E121/><V42/><F42/><W131/><G131/><T92/><D13/><U64/><E64/><V14/><F14/><N who="3" m="5423" /><G72/><T94/><D18/><U65/><E65/><V89/><F89/><W58/><G58/><T53/><D53/><U79/><E67/><V55/><F55/><W96/><AGARI ba="0,0" hai="38,39,43,46,50,77,80,86,93,96,101" m="5423" machi="96" ten="30,2000,0" yaku="25,1,52,1" doraHai="76" who="3" fromWho="3" sc="210,-5,239,-5,331,-10,220,20" /><INIT seed="3,0,0,0,5,132" ten="205,234,321,240" oya="3" hai0="63,55,105,32,1,106,22,20,57,134,79,36,26" hai1="60,122,15,73,91,74,103,104,56,23,69,127,39" hai2="47,44,34,33,114,8,107,96,85,31,133,76,51" hai3="67,82,21,102,109,16,87,3,95,30,78,7,80"/><W129/><G129/><T49/><D134/><U68/><E15/><V75/><F75/><N who="1" m="28681" /><E23/><V86/><F133/><W119/><G119/><T117/><D117/><U100/><E91/><V84/><F76/><W42/><G109/><T90/><D36/><U120/><E56/><V112/><F8/><W40/><G30/><T126/><D79/><U25/><E25/><V29/><F51/><W52/><G67/><T27/><D1/><U121/><E60/><V101/><F96/><N who="3" m="59679" /><G7/><T113/><D32/><N who="2" m="12394" /><F107/><W0/><G0/><T48/><D63/><U45/><E100/><V24/><F24/><N who="3" m="14375" /><G82/><T12/><D105/><U130/><E130/><V88/><F101/><W108/><G108/><T123/><D106/><U17/><E103/><V125/><F31/><W94/><G94/><T98/><D27/><U83/><E104/><V71/><F29/><W10/><G10/><T72/><D26/><U18/><E83/><V38/><F38/><W37/><G37/><T59/><D22/><U61/><E39/><V54/><F71/><W65/><G3/><T2/><D20/><U116/><E69/><V6/><F6/><W110/><G110/><T53/><D2/><U9/><E9/><V41/><F112/><W5/><G5/><T124/><D113/><U89/><E116/><V93/><F93/><W62/><G40/><T70/><D70/><U77/><E68/><V46/><F41/><W64/><G42/><T135/><D135/><U131/><E131/><V66/><F66/><W97/><G97/><T115/><D115/><U11/><E11/><V118/><F114/><W13/><G13/><RYUUKYOKU ba="0,0" sc="205,-10,234,-10,321,-10,240,30" hai3="52,62,64,65,78,80,87" /><INIT seed="3,1,0,2,3,46" ten="195,224,311,270" oya="3" hai0="19,85,49,35,36,64,50,32,129,7,103,18,91" hai1="10,25,123,4,9,41,106,40,55,8,90,6,23" hai2="114,37,95,11,120,58,34,105,29,39,86,135,2" hai3="76,104,33,127,118,44,87,52,26,89,78,14,31"/><W111/><G118/><T5/><D36/><U66/><E106/><V73/><F86/><W60/><G104/><T110/><D110/><U77/><E66/><V116/><F95/><W83/><G127/><T88/><D64/><U45/><E123/><V54/><F58/><W125/><G125/><T20/><D20/><U28/><E90/><V98/><F54/><W133/><G133/><T100/><D85/><U132/><E132/><V56/><F56/><W75/><G111/><T71/><D129/><U15/><E77/><V84/><F84/><W1/><G1/><T68/><AGARI ba="1,0" hai="5,7,18,19,32,35,49,50,68,71,88,91,100,103" machi="68" ten="25,12000,2" yaku="0,1,22,2,52,2,54,1" doraHai="46" who="0" fromWho="0" sc="195,123,224,-31,311,-31,270,-61" /><INIT seed="4,0,0,2,3,126" ten="318,193,280,209" oya="0" hai0="46,32,105,71,91,114,117,73,76,12,37,89,15" hai1="133,78,102,55,122,0,11,125,104,35,39,82,124" hai2="134,16,40,92,48,14,31,112,120,54,57,75,130" hai3="70,65,116,67,53,43,61,34,30,18,119,103,36"/><T121/><D117/><U108/><E55/><V131/><F120/><W132/><G18/><T99/><D121/><U85/><E122/><V6/><F112/><W90/><G90/><T21/><D32/><U88/><E35/><V128/><F134/><W60/><G103/><T135/><D71/><U68/><E68/><V4/><F75/><W64/><G30/><T83/><D114/><U113/><E39/><V9/><F31/><W62/><G34/><T129/><D135/><U94/><E113/><V80/><F80/><W17/><G17/><T10/><D21/><U58/><E58/><V97/><F40/><W56/><G132/><T38/><D15/><U19/><E108/><V33/><F33/><W81/><G81/><T95/><D105/><U74/><E133/><V66/><F66/><N who="3" m="25707" /><G62/><T41/><D91/><AGARI ba="0,0" hai="4,6,9,14,16,48,54,57,91,92,97,128,130,131" machi="91" ten="40,8000,1" yaku="19,1,52,3,54,1" doraHai="126" who="2" fromWho="0" sc="318,-80,193,0,280,80,209,0" /><INIT seed="5,0,0,3,0,55" ten="238,193,360,209" oya="1" hai0="103,85,94,86,119,128,113,34,60,57,50,97,29" hai1="14,4,121,126,48,18,109,56,23,11,20,45,120" hai2="135,28,131,67,114,25,134,39,64,35,78,132,30" hai3="77,93,71,52,133,69,110,37,127,49,58,15,1"/><U106/><E106/><V32/><F39/><W99/><G110/><T108/><D108/><U75/><E75/><V80/><F131/><W54/><G1/><T96/><D119/><U92/><E109/><V66/><F114/><W41/><G127/><T122/><D128/><U7/><E126/><V87/><F30/><W21/><G133/><T117/><D117/><U36/><E36/><V26/><F26/><W105/><G105/><T83/><D113/><U10/><E92/><V124/><F124/><W43/><G77/><T115/><D115/><U84/><E84/><V8/><F8/><W76/><G76/><T72/><D72/><U65/><E23/><AGARI ba="0,0" hai="23,25,28,32,35,64,66,67,78,80,87,132,134,135" machi="23" ten="50,1600,0" yaku="20,1" doraHai="55" who="2" fromWho="1" sc="238,0,193,-16,360,16,209,0" /><INIT seed="6,0,0,4,1,132" ten="238,177,376,209" oya="2" hai0="28,49,79,53,89,7,5,129,95,55,68,21,27" hai1="122,59,82,13,113,11,51,24,0,10,90,104,98" hai2="74,34,73,114,131,124,39,54,97,85,69,17,93" hai3="71,58,106,94,111,41,2,80,77,78,32,8,50"/><V133/><F54/><W109/><G106/><T3/><D129/><U16/><E113/><V14/><F17/><W22/><G71/><T37/><D37/><U130/><E130/><V56/><F14/><W25/><G32/><T75/><D68/><U42/><E122/><V99/><F56/><W18/><G94/><T30/><D3/><U33/><E104/><V65/><F65/><W91/><G91/><T35/><D75/><U46/><E0/><V76/><F85/><W135/><G135/><T6/><D79/><U57/><E11/><V115/><F93/><W40/><G78/><T108/><D108/><U26/><E33/><V123/><F97/><W1/><G1/><T62/><D62/><U64/><E98/><V103/><F99/><W36/><G2/><T67/><D67/><U125/><E125/><V120/><F124/><W38/><G38/><T117/><D117/><U63/><REACH who="1" step="1"/><E57/><REACH who="1" ten="238,167,376,209" step="2"/><V110/><F34/><W102/><G8/><T92/><D35/><U126/><E126/><V60/><F120/><W87/><G109/><T72/><D21/><U45/><E45/><V134/><F123/><W12/><G111/><T20/><D20/><U19/><E19/><V101/><F110/><W118/><G118/><T121/><D121/><U44/><E44/><V112/><F131/><W47/><G102/><T107/><D107/><U127/><E127/><V83/><F103/><W66/><G58/><T100/><D100/><U15/><E15/><V43/><F101/><W23/><G12/><T52/><D5/><U81/><E81/><V86/><F133/><W9/><G9/><RYUUKYOKU ba="0,1" sc="238,-10,167,30,376,-10,209,-10" hai1="10,13,16,24,26,42,46,51,59,63,64,82,90" /><INIT seed="7,1,1,1,3,32" ten="228,197,366,199" oya="3" hai0="31,94,119,33,5,114,84,110,21,11,30,38,108" hai1="48,77,46,14,43,15,101,102,107,117,35,36,26" hai2="37,96,73,103,63,128,34,17,72,27,124,132,52" hai3="92,90,56,19,131,82,3,113,20,80,121,78,118"/><W22/><G118/><T53/><D119/><U130/><E117/><V111/><F111/><W93/><G121/><T74/><D74/><U104/><E35/><V99/><F37/><W71/><G71/><T65/><D38/><U57/><E36/><V54/><F17/><W89/><G3/><T105/><D105/><U49/><E130/><V68/><F27/><W12/><G113/><T39/><D39/><U16/><E104/><V83/><F83/><N who="3" m="31787" /><G131/><T87/><D33/><U29/><E77/><V23/><F68/><W61/><G78/><T64/><D114/><U75/><E75/><V123/><F123/><W70/><G70/><T25/><D31/><U9/><E15/><V106/><F34/><W13/><G20/><T109/><D53/><N who="1" m="31919" /><E107/><V112/><F23/><W97/><G12/><N who="0" m="5231" /><D109/><U76/><E76/><V10/><F128/><W2/><G2/><T95/><D110/><U88/><E88/><N who="3" m="33898" /><G97/><T100/><D108/><U135/><E135/><V1/><F132/><W85/><G85/><N who="0" m="32843" /><D100/><N who="1" m="38507" /><E26/><V62/><F112/><W116/><G116/><T60/><D60/><U66/><E29/><V98/><F103/><W134/><G134/><T50/><D50/><U126/><E126/><V45/><F124/><W59/><G61/><T4/><D4/><U55/><E55/><V47/><F106/><W129/><G129/><T125/><D125/><U133/><E133/><V41/><F73/><W28/><G28/><T115/><D115/><U24/><E24/><V51/><F99/><W44/><G44/><T91/><D91/><U127/><E127/><V6/><F10/><W0/><G0/><RYUUKYOKU ba="1,1" sc="228,10,197,10,366,-30,199,10" hai0="21,25,30,64,65,94,95" hai1="9,14,16,43,46,48,66" hai3="13,19,22,56,59,92,93" /><INIT seed="7,2,1,2,2,50" ten="238,207,336,209" oya="3" hai0="110,51,99,18,31,41,125,126,40,64,113,49,10" hai1="14,29,65,124,59,61,36,102,54,30,20,112,122" hai2="114,118,9,34,93,66,106,123,42,57,107,117,12" hai3="115,38,73,46,82,121,17,116,37,23,19,32,128"/><W101/><G32/><T55/><D110/><U35/><E122/><V70/><F34/><W0/><G116/><T67/><D31/><N who="1" m="11787" /><E36/><V3/><F114/><W96/><G0/><T11/><D99/><U7/><E124/><N who="0" m="47721" /><D113/><U78/><E35/><V81/><F81/><W111/><G121/><T27/><D27/><U22/><E112/><V69/><F93/><W68/><G68/><T8/><D18/><U129/><E129/><V77/><F77/><W109/><G115/><T25/><D25/><U4/><E102/><V45/><F12/><W83/><G128/><T120/><D120/><U127/><E127/><V58/><F9/><W92/><G17/><T133/><D133/><U53/><E78/><V130/><F130/><W119/><G119/><T13/><D13/><U62/><E62/><V24/><F24/><N who="3" m="14463" /><G73/><T84/><D84/><U6/><E14/><V39/><F3/><W134/><G134/><T44/><D41/><U79/><E79/><V75/><F75/><W86/><G86/><T2/><D2/><U97/><E97/><V60/><F123/><W87/><G87/><T135/><D135/><U16/><E16/><V63/><F107/><W74/><G74/><T21/><D21/><AGARI ba="2,1" hai="4,6,7,20,21,22,53,54,59,61,65" m="11787" machi="21" ten="30,3900,0" yaku="8,1,52,2" doraHai="50" who="1" fromWho="0" sc="238,-45,207,55,336,0,209,0" owari="193,-31.0,262,6.0,336,44.0,209,-19.0" /></mjloggm>