<mjloggm ver="2.3"><GO type="169" lobby="0"/><UN n0="%E3%81%8B%E3%81%A3%E9%A3%9B%E3%81%B0%E3%81%9B%E5%85%A8%E9%83%A8" n1="%E3%81%8A%E3%81%84%E3%81%AE%E3%82%8A" n2="%E3%82%B3%E3%82%AB%E3%83%A9%E3%82%A4%E3%82%A2" n3="%61%70%70%6C%61%75%73%65" dan="16,16,17,16" rate="2116.73,2139.35,2160.39,2122.76" sx="M,M,M,F"/><TAIKYOKU oya="0"/><INIT seed="0,0,0,0,1,133" ten="250,250,250,250" oya="0" hai0="117,56,68,96,78,125,28,38,66,35,73,121,118" hai1="72,59,30,113,120,4,7,18,19,134,114,123,83" hai2="3,106,52,47,60,53,61,130,8,103,13,135,21" hai3="108,63,115,67,65,26,74,44,90,36,102,22,94"/><T79/><D121/><N who="1" m="46667" /><E59/><V98/><F135/><W101/><G115/><N who="1" m="44042" /><E134/><V33/><F130/><W124/><G108/><T126/><D68/><U105/><E105/><V109/><F33/><W6/><G74/><T91/><D38/><U39/><E39/><V48/><F109/><W54/><G6/><N who="1" m="2090" /><E83/><V58/><F3/><W29/><G65/><T20/><D35/><U14/><E72/><V50/><REACH who="2" step="1"/><F21/><REACH who="2" ten="250,250,240,250" step="2"/><W100/><G22/><T119/><D20/><N who="1" m="11351" /><E19/><AGARI ba="0,1" hai="8,13,19,47,48,50,52,53,58,60,61,98,103,106" machi="19" ten="30,3900,0" yaku="1,1,7,1,54,1,53,0" doraHai="133" doraHaiUra="76" who="2" fromWho="1" sc="250,0,250,-39,240,49,250,0" /><INIT seed="1,0,0,5,0,48" ten="250,211,289,250" oya="1" hai0="69,117,129,97,54,106,121,66,73,64,8,87,104" hai1="120,91,17,56,95,134,96,43,47,78,77,99,103" hai2="102,74,116,9,130,68,92,3,112,84,15,25,1" hai3="18,10,38,63,113,11,59,76,62,126,50,29,31"/><U4/><E120/><V67/><F116/><W86/><G38/><T13/><D117/><U24/><E134/><V111/><F111/><W105/><G105/><T26/><D73/><U42/><E4/><V53/><F74/><W44/><G113/><T128/><D121/><U123/><E123/><V60/><F25/><W12/><G126/><T109/><D109/><U115/><E115/><V20/><F130/><N who="0" m="50282" /><D87/><U40/><E56/><V82/><F20/><W46/><G10/><T132/><D132/><U58/><E58/><V131/><F131/><W41/><G44/><T89/><D26/><U101/><E47/><V75/><F75/><W83/><REACH who="3" step="1"/><G62/><REACH who="3" ten="250,211,289,240" step="2"/><T7/><D106/><U34/><E34/><V98/><F112/><W5/><G5/><T108/><D8/><U35/><E35/><V16/><REACH who="2" step="1"/><F53/><AGARI ba="0,1" hai="11,12,18,29,31,41,46,50,53,59,63,76,83,86" machi="53" ten="30,7700,0" yaku="1,1,7,1,8,1,52,1,53,0" doraHai="48" doraHaiUra="93" who="3" fromWho="2" sc="250,0,211,0,289,-77,240,87" /><INIT seed="2,0,0,5,4,22" ten="250,211,212,327" oya="2" hai0="5,16,89,82,69,4,85,61,7,68,1,133,27" hai1="3,100,59,2,88,80,31,124,26,94,47,77,87" hai2="104,6,98,96,75,134,54,84,13,48,114,63,17" hai3="0,55,23,91,70,97,81,105,106,107,76,14,10"/><V129/><F75/><W18/><G70/><T25/><D1/><U79/><E124/><V24/><F114/><W121/><G121/><T21/><D133/><U92/><E79/><V8/><F134/><W9/><G0/><T33/><REACH who="0" step="1"/><D61/><REACH who="0" ten="240,211,212,327" step="2"/><U120/><E120/><V49/><F63/><W127/><G127/><T30/><AGARI ba="0,1" hai="4,5,7,16,21,25,27,30,33,68,69,82,85,89" machi="30" ten="30,12000,2" yaku="1,1,2,1,0,1,52,2,54,1,53,0" doraHai="22" doraHaiUra="117" who="0" fromWho="0" sc="240,130,211,-30,212,-60,327,-30" /><INIT seed="3,0,0,4,1,109" ten="370,181,152,297" oya="3" hai0="12,27,26,42,77,106,76,110,3,73,53,1,70" hai1="84,43,86,37,88,38,78,82,80,92,24,89,65" hai2="63,23,33,39,90,117,126,36,57,131,98,132,135" hai3="66,67,75,7,21,83,50,133,55,122,72,25,31"/><W61/><G122/><T115/><D70/><U96/><E43/><V85/><F117/><W121/><G121/><T19/><D106/><U5/><E5/><V64/><F33/><W94/><G133/><N who="2" m="51273" /><F98/><W52/><G72/><T49/><D42/><U103/><E65/><V116/><F116/><W22/><G7/><T112/><D110/><U97/><REACH who="1" step="1"/><E24/><REACH who="1" ten="370,171,152,297" step="2"/><V108/><F108/><W11/><G66/><T114/><D26/><U127/><E127/><V69/><F126/><W118/><G67/><T28/><D27/><U8/><E8/><V71/><F69/><W32/><G11/><N who="0" m="6559" /><D28/><U16/><E16/><V111/><F71/><W130/><G118/><T13/><D13/><U20/><E20/><V9/><F23/><W34/><G21/><T46/><D73/><U15/><E15/><V87/><F111/><W2/><G22/><T128/><D128/><U45/><E45/><V107/><F9/><W18/><G130/><T0/><AGARI ba="0,1" hai="0,1,3,46,49,53,76,77,112,114,115" m="6559" machi="0" ten="40,8000,1" yaku="11,1,52,3" doraHai="109" who="0" fromWho="0" sc="370,90,171,-20,152,-20,297,-40" /><INIT seed="4,0,0,2,0,47" ten="460,151,132,257" oya="0" hai0="13,19,124,8,69,107,120,66,45,106,37,26,7" hai1="111,97,117,75,73,79,39,118,87,0,48,28,135" hai2="82,81,63,62,4,40,71,23,129,109,5,113,77" hai3="49,56,90,101,29,99,133,112,9,76,42,125,86"/><T78/><D120/><U36/><E111/><V127/><F109/><W55/><G112/><T74/><D124/><U30/><E97/><V95/><F127/><W121/><G121/><T83/><D66/><U31/><E87/><V50/><F113/><W12/><G125/><T21/><D69/><U110/><E110/><V46/><F129/><W131/><G131/><T24/><D24/><U105/><E79/><V132/><F132/><W41/><G133/><T108/><D108/><U94/><E94/><V98/><F23/><W134/><G134/><T130/><D130/><U91/><E91/><V93/><F93/><W20/><G76/><T64/><D64/><U84/><E84/><V115/><F115/><W44/><G29/><T51/><REACH who="0" step="1"/><D37/><REACH who="0" ten="450,151,132,257" step="2"/><U2/><E135/><V88/><F71/><W114/><G114/><T85/><D85/><U119/><E105/><V22/><F77/><W25/><G25/><T34/><D34/><U128/><E128/><V89/><F81/><W16/><G86/><T96/><D96/><U43/><E36/><V123/><F82/><W116/><G99/><T18/><D18/><U33/><E39/><V67/><F123/><W17/><G17/><T54/><AGARI ba="0,1" hai="7,8,13,19,21,26,45,51,54,74,78,83,106,107" machi="54" ten="20,7800,0" yaku="1,1,0,1,7,1,52,1,53,0" doraHai="47" doraHaiUra="70" who="0" fromWho="0" sc="450,88,151,-26,132,-26,257,-26" /><INIT seed="4,1,0,4,1,132" ten="538,125,106,231" oya="0" hai0="85,56,18,127,38,27,0,4,14,60,23,104,72" hai1="124,122,90,66,111,102,128,58,88,91,109,1,64" hai2="74,68,5,17,95,37,52,33,9,21,97,62,133" hai3="107,67,13,42,89,61,100,116,51,31,28,63,105"/><T29/><D72/><U82/><E1/><V119/><F133/><W10/><G100/><T92/><D104/><U46/><E122/><V126/><F119/><W65/><G89/><T53/><D38/><U47/><E128/><V123/><F123/><W86/><G86/><T12/><D0/><U32/><E32/><V16/><F37/><W103/><G116/><T108/><D108/><U25/><E25/><V134/><F74/><W75/><G75/><T101/><D4/><U80/><E58/><N who="2" m="35143" /><F68/><W118/><G118/><T113/><D113/><U20/><E20/><V3/><F33/><W15/><G51/><T26/><D26/><U84/><E84/><V71/><F71/><W8/><G103/><T22/><D12/><U6/><E102/><V131/><F134/><W79/><REACH who="3" step="1"/><G42/><REACH who="3" ten="538,125,106,221" step="2"/><T49/><D101/><U35/><E91/><V54/><F131/><W40/><G40/><T34/><D85/><U110/><E109/><V78/><F78/><AGARI ba="1,1" hai="8,10,13,15,28,31,61,63,65,67,78,79,105,107" machi="78" ten="25,3200,0" yaku="1,1,22,2,53,0" doraHai="132" doraHaiUra="98" who="3" fromWho="2" sc="538,0,125,0,106,-35,221,45" /><INIT seed="5,0,0,5,4,10" ten="538,125,71,266" oya="1" hai0="86,29,63,0,96,73,103,80,44,61,14,128,11" hai1="97,79,12,69,15,41,125,42,131,74,52,48,18" hai2="37,102,84,75,104,135,43,116,81,71,46,127,9" hai3="8,78,72,82,113,56,134,132,23,121,85,3,49"/><U36/><E36/><V90/><F116/><W6/><G121/><T26/><D73/><U7/><E69/><V126/><F71/><W25/><G113/><T22/><D0/><U47/><E131/><V51/><F135/><N who="3" m="51755" /><G49/><T118/><D44/><U54/><E125/><V24/><F24/><W58/><G72/><T16/><D118/><U130/><E130/><V117/><F117/><W110/><G110/><T35/><D35/><U4/><E79/><V27/><F27/><W112/><G112/><T129/><D129/><U38/><E74/><V28/><F28/><AGARI ba="0,0" hai="3,6,8,23,25,28,56,58,78,82,85" m="51755" machi="28" ten="30,1000,0" yaku="20,1" doraHai="10" who="3" fromWho="2" sc="538,0,125,0,71,-10,266,10" /><INIT seed="6,0,0,2,4,101" ten="538,125,61,276" oya="2" hai0="82,127,70,73,77,126,24,38,72,90,80,26,34" hai1="102,3,25,59,18,75,97,19,117,12,39,10,51" hai2="130,81,111,62,9,78,133,15,109,69,67,84,54" hai3="60,99,88,120,17,52,0,110,125,66,112,14,44"/><V65/><F133/><W134/><G110/><N who="2" m="41993" /><F130/><W13/><G120/><T23/><D38/><U28/><E3/><V57/><F69/><W20/><G0/><T41/><D41/><U89/><E75/><V21/><F21/><W79/><G79/><N who="0" m="44135" /><D70/><U35/><E117/><V22/><F22/><W36/><G125/><N who="0" m="47627" /><D34/><U53/><E39/><V123/><F123/><W115/><G13/><T47/><D47/><U32/><E32/><V85/><F84/><W107/><G134/><T93/><D23/><U131/><E131/><V27/><F27/><W119/><G119/><T5/><D5/><AGARI ba="0,0" hai="5,9,15,54,57,62,65,67,78,81,85" m="41993" machi="5" ten="30,1500,0" yaku="10,1" doraHai="101" who="2" fromWho="0" sc="538,-15,125,0,61,15,276,0" /><INIT seed="6,1,0,4,5,78" ten="523,125,76,276" oya="2" hai0="47,52,1,7,111,94,29,119,41,123,66,40,135" hai1="2,81,93,45,77,124,80,5,46,38,128,92,20" hai2="83,3,26,107,37,64,84,25,127,11,131,67,31" hai3="86,54,106,89,19,24,48,76,101,97,71,103,99"/><V33/><F107/><W12/><G71/><T70/><D111/><U57/><E128/><V42/><F131/><W27/><G76/><T0/><D123/><U100/><E124/><V43/><F127/><W62/><G62/><T79/><D29/><U28/><E2/><V129/><F129/><W115/><G115/><T16/><D79/><U17/><E5/><V112/><F112/><W35/><G35/><T87/><D41/><N who="2" m="15370" /><F33/><W105/><G27/><N who="2" m="10249" /><F3/><W95/><G24/><T32/><D1/><U90/><E38/><V108/><F37/><W110/><G110/><T98/><D0/><U21/><E28/><V82/><F31/><W55/><G48/><T109/><D32/><U125/><E125/><V34/><F34/><W91/><G106/><T36/><D36/><U68/><E68/><V116/><F116/><W58/><G105/><T10/><D70/><U85/><E17/><V15/><F108/><W18/><G18/><T63/><D16/><U44/><E100/><V13/><F84/><W14/><G19/><T30/><D109/><U39/><E39/><V73/><F73/><W8/><G86/><T51/><D87/><N who="1" m="48527" /><E57/><V60/><F11/><W56/><G8/><T102/><D10/><U65/><E65/><N who="2" m="25163" /><F60/><W120/><G120/><T113/><D63/><U4/><E4/><V59/><F59/><W49/><G49/><T118/><D51/><U9/><E9/><V53/><F53/><W134/><G54/><T75/><D52/><U133/><E133/><V104/><F104/><W69/><G134/><T126/><D135/><U117/><E117/><N who="0" m="44553" /><D126/><U22/><AGARI ba="1,0" hai="20,21,22,44,45,46,81,85,90,92,93" m="48527" machi="22" ten="30,7900,0" yaku="5,1,8,1,52,2" doraHai="78" who="1" fromWho="1" sc="523,-21,125,82,76,-40,276,-21" /><INIT seed="7,0,0,2,5,115" ten="502,207,36,255" oya="3" hai0="91,67,131,16,1,83,88,117,74,94,85,51,64" hai1="4,0,48,114,76,33,9,60,40,135,109,38,52" hai2="13,54,35,132,24,108,97,82,36,18,11,93,118" hai3="95,30,68,14,89,59,78,121,62,26,101,47,113"/><W41/><G121/><T123/><D131/><U70/><E109/><V105/><F108/><W110/><G113/><T81/><D1/><U5/><E33/><V7/><F132/><W134/><G110/><T79/><D117/><U46/><E114/><V2/><F36/><W34/><G134/><T55/><D16/><U69/><E135/><V23/><F105/><W66/><G78/><T22/><D22/><U104/><E104/><V63/><F82/><W133/><G133/><T127/><D127/><U29/><E5/><V17/><F63/><W8/><G101/><T61/><D61/><U27/><E76/><V77/><F54/><W125/><G125/><T53/><D53/><U124/><E124/><V86/><F86/><W98/><G14/><T6/><D6/><U72/><E72/><V39/><F39/><W106/><G106/><T119/><D119/><U92/><E92/><V130/><F77/><W42/><G8/><T90/><D90/><U122/><E122/><V100/><F130/><W111/><G111/><T15/><D15/><U116/><E60/><V120/><F120/><W75/><G75/><T28/><D123/><U19/><E116/><V44/><F118/><W58/><G42/><T129/><D129/><U87/><E87/><V21/><F44/><W107/><G107/><T73/><D73/><U112/><E112/><V99/><F35/><W128/><G128/><T126/><D126/><U50/><E38/><AGARI ba="0,0" hai="26,30,34,38,41,47,58,59,62,66,68,89,95,98" machi="38" ten="30,1500,0" yaku="7,1" doraHai="115" who="3" fromWho="1" sc="502,0,207,-15,36,0,255,15" /><INIT seed="7,1,0,2,2,123" ten="502,192,36,270" oya="3" hai0="7,127,106,74,102,57,9,50,114,58,22,78,130" hai1="5,63,116,72,56,135,84,17,99,37,132,60,119" hai2="54,52,101,75,115,80,55,42,90,97,6,25,87" hai3="111,71,68,18,1,117,120,3,64,20,16,30,11"/><W112/><G117/><N who="1" m="45130" /><E72/><V13/><F115/><W129/><G120/><T121/><D57/><U118/><E5/><V29/><F42/><W88/><G112/><T98/><D98/><U94/><E84/><V77/><F6/><W27/><G64/><T34/><D50/><U100/><E37/><V126/><F13/><W93/><G129/><T0/><D22/><U26/><N who="1" m="45138" /><U134/><DORA hai="67" /><E56/><V21/><F126/><W32/><G111/><T45/><D102/><U36/><E36/><V109/><F109/><W49/><G49/><T19/><D106/><U124/><E124/><V76/><F76/><W46/><G46/><T14/><D14/><U61/><E26/><V10/><F10/><W44/><G44/><T128/><D34/><U103/><E17/><V31/><F31/><W65/><G65/><T12/><D9/><U81/><E81/><V110/><F110/><W4/><G1/><T48/><D128/><U104/><E104/><V73/><F73/><W43/><G43/><T92/><D45/><U40/><E40/><V107/><F55/><W39/><G39/><T83/><D78/><U96/><E94/><AGARI ba="1,0" hai="21,25,29,52,54,75,77,80,87,90,94,97,101,107" machi="94" ten="30,7700,0" yaku="7,1,24,2,54,1" doraHai="123,67" who="2" fromWho="1" sc="502,0,192,-80,36,80,270,0" owari="502,60.0,112,-39.0,116,-28.0,270,7.0" /></mjloggm>