<mjloggm ver="2.3"><GO type="225" lobby="0"/><UN n0="%E3%81%BF%E3%81%BF%E3%81%9A" n1="%E3%81%82%E3%82%89%E3%81%8C%E3%81%8D%E3%81%82%E3%82%84%E3%81%9B" n2="%E3%82%8F%E3%81%A3%E3%81%97%E3%82%87%E3%81%84%E5%90%9B%32%E5%8F%B7" n3="%63%61%74%6D%65%56%47%43" dan="16,16,16,16" rate="2154.76,2148.24,2164.54,2183.78" sx="M,F,M,M"/><TAIKYOKU oya="0"/><INIT seed="0,0,0,1,3,80" ten="250,250,250,250" oya="0" hai0="131,113,26,40,62,82,73,39,75,130,23,135,50" hai1="60,134,87,59,78,121,54,123,30,35,13,16,76" hai2="63,31,112,57,42,45,24,93,19,6,89,22,95" hai3="97,109,108,67,7,55,86,133,52,46,68,12,72"/><T51/><D113/><U28/><E134/><V127/><F112/><W17/><G72/><T41/><D135/><U114/><E114/><V25/><F6/><W43/><G133/><T90/><D62/><U104/><E104/><V122/><F127/><W58/><G7/><T118/><D118/><U36/><E36/><V61/><F122/><W100/><G86/><N who="0" m="50519" /><D75/><U107/><E107/><V117/><F117/><W94/><G68/><T29/><D73/><U115/><E115/><V14/><F61/><W96/><G96/><T21/><D39/><U77/><E35/><V85/><F95/><W81/><G81/><T79/><D79/><U70/><E70/><V8/><F31/><W34/><G34/><T69/><D69/><U11/><E123/><V38/><REACH who="2" step="1"/><F8/><REACH who="2" ten="250,250,240,250" step="2"/><N who="3" m="6279" /><G109/><T92/><D21/><U5/><E121/><V98/><F98/><W3/><G3/><T0/><D0/><U48/><E60/><V110/><F110/><W15/><G108/><T119/><D119/><U53/><E5/><V66/><AGARI ba="0,1" hai="14,19,22,24,25,38,42,45,57,63,66,85,89,93" machi="66" ten="20,8000,1" yaku="1,1,0,1,7,1,52,1,53,1" doraHai="80" doraHaiUra="83" who="2" fromWho="2" sc="250,-40,250,-20,240,90,250,-20" /><INIT seed="1,0,0,4,4,131" ten="210,230,330,230" oya="1" hai0="74,68,52,105,64,100,66,99,17,109,31,95,77" hai1="78,14,23,55,47,33,135,93,88,6,41,26,112" hai2="15,57,32,45,123,125,87,60,129,39,40,58,44" hai3="8,65,115,7,27,127,91,86,97,117,9,76,94"/><U21/><E112/><V22/><F32/><W0/><G115/><T69/><D31/><U80/><E33/><V73/><F73/><W24/><G127/><T18/><D109/><U120/><E120/><V114/><F114/><W132/><G117/><T134/><D105/><U29/><E135/><V25/><F125/><W5/><G132/><T71/><D134/><U34/><E55/><V118/><F129/><W28/><G65/><T36/><D36/><U1/><E1/><V61/><F123/><W70/><G70/><T101/><D74/><U42/><E6/><V56/><F118/><W119/><G119/><T110/><D77/><U53/><E53/><V67/><F45/><W81/><REACH who="3" step="1"/><G28/><REACH who="3" ten="210,230,330,220" step="2"/><T116/><D110/><U79/><E29/><V63/><F67/><W90/><G90/><T35/><D116/><U49/><E88/><V121/><F121/><W30/><G30/><T122/><D122/><U98/><E34/><V104/><F63/><W38/><G38/><T37/><D37/><U75/><E79/><V85/><F61/><W50/><G50/><T92/><D35/><U96/><E78/><V20/><F60/><W103/><G103/><T124/><D124/><U133/><E133/><V3/><F39/><W107/><G107/><T11/><D66/><U19/><E49/><V4/><F104/><W46/><G46/><T126/><D64/><U12/><E47/><V54/><F44/><W84/><G84/><T51/><D126/><U113/><E113/><V72/><F85/><W83/><G83/><T62/><D62/><U43/><E80/><V128/><F87/><RYUUKYOKU ba="0,1" sc="210,-10,230,-10,330,-10,220,30" hai3="0,5,7,8,9,24,27,76,81,86,91,94,97" /><INIT seed="2,1,1,4,0,53" ten="200,220,320,250" oya="2" hai0="115,4,61,0,25,9,47,91,56,16,50,59,100" hai1="111,20,105,119,32,107,73,60,109,11,134,99,38" hai2="101,30,87,7,133,127,98,34,1,28,68,97,129" hai3="126,94,26,82,65,76,72,31,29,51,110,62,19"/><V128/><F68/><W36/><G36/><T130/><D115/><U135/><E32/><V49/><F127/><W39/><G39/><T124/><D124/><U66/><E119/><V67/><F133/><N who="1" m="50697" /><E73/><V96/><F101/><W75/><G75/><T80/><D100/><U44/><E11/><N who="2" m="2543" /><F34/><W112/><G110/><N who="1" m="41994" /><E20/><V84/><F67/><W10/><G112/><T132/><D132/><U2/><E2/><V27/><F49/><W78/><G78/><T13/><D130/><N who="2" m="50282" /><F27/><W8/><G26/><T42/><D61/><U74/><E74/><V83/><F87/><W37/><G51/><T63/><D63/><U85/><E85/><V54/><F54/><W93/><G37/><T14/><D25/><U5/><E99/><V125/><F125/><W79/><G126/><T46/><D0/><U55/><E5/><V103/><F103/><W64/><G72/><T118/><D118/><U122/><E55/><V48/><F48/><W131/><G131/><T121/><D121/><U45/><E122/><V89/><AGARI ba="1,1" hai="28,30,83,84,89,96,97,98" m="50282,2543" machi="89" ten="30,1500,0" yaku="19,1" doraHai="53" who="2" fromWho="2" sc="200,-6,220,-6,320,28,250,-6" /><INIT seed="2,2,0,1,2,24" ten="194,214,348,244" oya="2" hai0="45,120,40,59,115,56,126,64,52,84,65,74,93" hai1="60,57,114,103,19,2,89,9,98,77,35,132,131" hai2="7,47,51,86,110,92,46,28,34,125,79,3,108" hai3="119,39,87,17,37,97,10,75,13,94,135,29,100"/><V78/><F3/><W20/><G119/><T63/><D74/><U14/><E114/><V31/><F7/><W4/><G75/><T105/><D120/><U67/><E132/><V106/><F106/><W27/><G135/><T80/><D105/><U43/><E131/><V55/><F125/><W23/><REACH who="3" step="1"/><G87/><REACH who="3" ten="194,214,348,234" step="2"/><T113/><D126/><U104/><E2/><AGARI ba="2,1" hai="2,4,10,13,17,20,23,27,29,37,39,94,97,100" machi="2" ten="30,7700,0" yaku="1,1,2,1,7,1,52,1,53,0" doraHai="24" doraHaiUra="53" who="3" fromWho="1" sc="194,0,214,-83,348,0,234,93" /><INIT seed="3,0,0,2,3,71" ten="194,131,348,327" oya="3" hai0="27,38,68,115,44,80,64,67,12,82,43,16,1" hai1="107,106,121,13,128,31,10,104,18,32,122,3,39" hai2="75,101,4,34,6,134,123,125,70,77,37,66,92" hai3="21,58,126,49,48,47,63,25,60,57,20,40,113"/><W108/><G113/><T90/><D1/><U114/><E114/><V45/><F34/><W129/><G129/><T23/><D115/><U103/><E128/><V56/><F70/><W30/><G126/><T117/><D117/><U99/><E3/><V112/><F112/><W61/><G108/><T29/><D68/><U69/><E69/><V55/><F125/><W46/><REACH who="3" step="1"/><G20/><REACH who="3" ten="194,131,348,317" step="2"/><T19/><D19/><U133/><E133/><V119/><F134/><W86/><G86/><T87/><REACH who="0" step="1"/><D80/><REACH who="0" ten="184,131,348,317" step="2"/><U11/><E11/><AGARI ba="0,2" hai="11,12,16,23,27,29,38,43,44,64,67,82,87,90" machi="11" ten="30,8000,1" yaku="1,1,2,1,7,1,52,1,54,1,53,0" doraHai="71" doraHaiUra="109" who="0" fromWho="1" sc="184,100,131,-80,348,0,317,0" owari="284,-12.0,51,-45.0,348,45.0,317,12.0" /></mjloggm>