<mjloggm ver="2.3"><GO type="169" lobby="0"/><UN n0="%63%6C%75%74%63%68%37%33" n1="%E3%82%AB%E3%83%83%E3%82%AB%E3%83%83%E3%82%AB%E3%83%83" n2="%E5%AE%89%E9%81%94%E3%81%95%E3%81%8F%E3%82%89" n3="%E2%80%A0%41%71%75%61%E2%80%A0" dan="17,16,17,17" rate="2156.34,2102.40,2201.14,2175.39" sx="M,M,M,M"/><TAIKYOKU oya="0"/><INIT seed="0,0,0,0,5,91" ten="250,250,250,250" oya="0" hai0="58,8,42,108,132,4,16,31,60,30,21,19,120" hai1="51,12,55,65,99,35,10,36,61,26,93,107,97" hai2="3,100,118,54,37,103,98,105,25,50,115,45,62" hai3="109,101,28,64,29,133,44,14,116,94,123,126,106"/><T85/><D120/><U88/><E36/><V47/><F115/><W11/><G116/><T57/><D132/><U13/><E35/><V18/><F118/><W79/><G123/><T119/><D119/><U82/><E26/><V84/><F3/><W39/><G133/><T111/><D42/><U52/><E107/><V32/><F103/><W72/><G106/><T43/><D43/><U86/><E51/><V112/><F112/><W22/><G109/><N who="0" m="42059" /><D19/><U7/><E13/><V113/><F113/><W5/><G126/><T130/><D130/><U0/><E0/><V96/><F96/><W81/><G64/><N who="0" m="38927" /><D58/><N who="1" m="37047" /><E99/><V73/><F73/><W17/><G44/><T24/><D85/><U33/><E33/><V9/><F62/><W129/><G39/><T23/><D23/><U76/><AGARI ba="0,0" hai="7,10,12,52,55,76,82,86,88,93,97" m="37047" machi="76" ten="30,7900,0" yaku="8,1,52,1,54,2" doraHai="91" who="1" fromWho="1" sc="250,-39,250,79,250,-20,250,-20" /><INIT seed="1,0,0,4,2,62" ten="211,329,230,230" oya="1" hai0="73,56,132,120,114,116,3,117,11,6,133,109,98" hai1="42,97,106,48,121,34,13,87,90,107,103,122,39" hai2="12,111,45,95,25,4,91,126,124,86,59,115,16" hai3="112,94,96,78,79,113,104,102,37,41,105,10,22"/><U82/><E34/><V129/><F111/><W1/><G37/><T76/><D114/><N who="3" m="44137" /><G41/><T99/><D109/><U101/><E39/><V24/><F129/><W130/><G22/><T28/><D120/><U135/><E42/><V46/><F115/><W66/><G66/><T17/><D28/><U75/><E48/><V69/><F69/><W61/><G61/><T110/><D110/><U0/><E0/><V100/><F4/><W47/><G47/><N who="2" m="17929" /><F100/><N who="1" m="38473" /><E13/><V83/><F59/><W29/><G29/><T55/><D76/><N who="3" m="29225" /><G10/><T14/><D73/><U125/><E75/><V70/><F70/><W52/><G52/><T8/><D117/><U89/><E135/><N who="0" m="51785" /><D116/><U32/><E125/><N who="2" m="48235" /><F83/><W71/><G71/><T131/><D131/><U85/><E32/><V23/><AGARI ba="0,0" hai="12,16,23,24,25,86,91,95" m="48235,17929" machi="23" ten="30,2000,0" yaku="18,1,54,1" doraHai="62" who="2" fromWho="2" sc="211,-5,329,-10,230,20,230,-5" /><INIT seed="2,0,0,3,2,79" ten="206,319,250,225" oya="2" hai0="59,12,68,32,16,3,63,25,45,46,96,61,22" hai1="112,1,92,82,114,34,117,127,103,104,49,60,98" hai2="8,130,88,80,43,19,47,105,62,17,120,119,56" hai3="93,23,94,111,121,78,116,95,69,85,27,129,70"/><V65/><F119/><W10/><G116/><T30/><D68/><U67/><E1/><V6/><F120/><W29/><G121/><T115/><D115/><U37/><E117/><V41/><F105/><W40/><G111/><T48/><D63/><U28/><E37/><V123/><F123/><W64/><G129/><T84/><D48/><U122/><E122/><V4/><F130/><W113/><G113/><T15/><D15/><U110/><E110/><V21/><F8/><W109/><G109/><T91/><D96/><U106/><E127/><V11/><F11/><W66/><G40/><N who="2" m="15433" /><F47/><W2/><G70/><T75/><D75/><U86/><E49/><V134/><F134/><W33/><G69/><T135/><D3/><U126/><E126/><V99/><F99/><W108/><G108/><T31/><D31/><U87/><E114/><V58/><F58/><W133/><G133/><T38/><D38/><U90/><E112/><V132/><F132/><W54/><G54/><T39/><D39/><U35/><E106/><V102/><F102/><W53/><G53/><T71/><D71/><U131/><E131/><V128/><F128/><W7/><REACH who="3" step="1"/><G33/><REACH who="3" ten="206,319,250,215" step="2"/><T50/><D135/><U124/><E35/><V20/><F65/><W13/><G13/><T81/><REACH who="0" step="1"/><D50/><REACH who="0" ten="196,319,250,215" step="2"/><U72/><E124/><V55/><F62/><W74/><G74/><T100/><D100/><U42/><E60/><V14/><F14/><W77/><G77/><T5/><D5/><U51/><E103/><V73/><F4/><W89/><G89/><T52/><AGARI ba="0,2" hai="12,16,22,25,30,32,45,46,52,59,61,81,84,91" machi="52" ten="20,12000,2" yaku="1,1,0,1,7,1,52,1,54,2,53,0" doraHai="79" doraHaiUra="101" who="0" fromWho="0" sc="196,140,319,-30,250,-60,215,-30" /><INIT seed="3,0,0,2,1,80" ten="336,289,190,185" oya="3" hai0="84,43,107,110,30,23,45,83,105,38,130,97,73" hai1="9,54,5,46,0,109,57,42,108,69,117,104,75" hai2="61,29,67,77,15,48,47,88,119,87,50,33,128" hai3="59,82,96,20,72,26,94,25,99,39,135,92,58"/><W129/><G39/><T86/><D130/><U40/><E117/><V106/><F119/><W100/><G129/><T31/><D110/><N who="1" m="42603" /><E69/><V81/><F128/><W79/><G135/><T62/><D62/><U120/><E120/><V32/><F106/><W52/><G20/><T4/><D107/><U44/><E104/><V93/><F15/><W3/><G3/><T78/><D31/><U6/><E6/><V24/><F33/><W53/><G59/><T37/><D37/><U132/><E75/><V116/><F116/><W22/><G58/><T12/><D105/><U90/><E90/><V64/><F64/><W28/><REACH who="3" step="1"/><G25/><REACH who="3" ten="336,289,190,175" step="2"/><T14/><D14/><U1/><E1/><V89/><F47/><N who="1" m="17961" /><E132/><V71/><REACH who="2" step="1"/><F89/><AGARI ba="0,1" hai="22,26,28,52,53,72,79,82,89,92,94,96,99,100" machi="89" ten="30,5800,0" yaku="1,1,7,1,54,1,53,0" doraHai="80" doraHaiUra="68" who="3" fromWho="2" sc="336,0,289,0,190,-58,175,68" /><INIT seed="3,1,0,0,3,68" ten="336,289,132,243" oya="3" hai0="114,31,135,43,79,10,85,54,9,99,88,33,25" hai1="66,90,63,34,110,7,80,37,75,6,42,97,84" hai2="116,122,4,59,120,50,14,123,93,26,40,107,17" hai3="100,44,78,28,67,3,48,35,60,106,47,89,0"/><W29/><G78/><T94/><D135/><U129/><E110/><V13/><F116/><W87/><G100/><T58/><D114/><U73/><E129/><V69/><F107/><W103/><G103/><T32/><D32/><U133/><E34/><V91/><F69/><W95/><G106/><T115/><D115/><U56/><E133/><V111/><F111/><W24/><G28/><T134/><D134/><U11/><E97/><V121/><N who="2" m="30720" /><DORA hai="126" /><V86/><F4/><W49/><G48/><T98/><D43/><U82/><E82/><V76/><F76/><W128/><G128/><T52/><D54/><U81/><E81/><V92/><F92/><W21/><G35/><T61/><REACH who="0" step="1"/><D79/><REACH who="0" ten="326,289,132,243" step="2"/><U72/><REACH who="1" step="1"/><E11/><AGARI ba="1,1" hai="9,10,11,25,31,33,52,58,61,85,88,94,98,99" machi="11" ten="40,8000,1" yaku="1,1,2,1,54,2,53,0" doraHai="68,126" doraHaiUra="77,130" who="0" fromWho="1" sc="326,93,289,-83,132,0,243,0" /><INIT seed="4,0,0,5,2,60" ten="419,206,132,243" oya="0" hai0="116,41,102,47,71,103,134,52,122,63,69,17,23" hai1="10,40,88,114,36,73,126,46,3,57,90,38,50" hai2="66,59,83,113,62,80,37,27,110,109,107,43,120" hai3="5,68,98,30,42,54,61,99,115,21,129,130,133"/><T31/><D122/><U55/><E73/><V45/><F120/><W34/><G115/><T78/><D31/><U4/><E114/><V121/><F121/><W49/><G34/><T79/><D71/><U70/><E126/><V11/><F113/><W53/><G5/><T101/><D134/><U125/><E125/><V72/><F107/><W29/><G133/><T74/><D74/><U112/><E112/><V85/><F72/><W24/><G42/><T105/><D105/><U12/><E36/><V64/><F27/><W58/><G30/><T87/><D87/><U84/><E70/><V128/><F128/><N who="3" m="49259" /><G68/><T86/><D86/><U0/><REACH who="1" step="1"/><E90/><REACH who="1" ten="419,196,132,243" step="2"/><V117/><F117/><W20/><G20/><T96/><D116/><U1/><E1/><V94/><F11/><W18/><G29/><T28/><D69/><U65/><E65/><V127/><F127/><W26/><G26/><T131/><D23/><U39/><E39/><V51/><F37/><W111/><G111/><T77/><D28/><U19/><E19/><V48/><F109/><W100/><G100/><T44/><D17/><U16/><E16/><V9/><F110/><W15/><G24/><T92/><D131/><U89/><E89/><N who="2" m="53551" /><F9/><W2/><G2/><T81/><D103/><U124/><E124/><V123/><F123/><W6/><G6/><T104/><D102/><U119/><E119/><V33/><F33/><W14/><G14/><T35/><D35/><U82/><AGARI ba="0,1" hai="0,3,4,10,12,38,40,46,50,55,57,82,84,88" machi="82" ten="20,5200,0" yaku="1,1,0,1,7,1,54,1,53,0" doraHai="60" doraHaiUra="56" who="1" fromWho="1" sc="419,-26,196,62,132,-13,243,-13" /><INIT seed="5,0,0,2,5,114" ten="393,258,119,230" oya="1" hai0="9,95,110,36,87,55,71,127,113,101,119,98,27" hai1="63,31,83,69,17,122,8,96,68,58,28,44,12" hai2="22,48,7,86,6,102,131,100,35,2,5,61,43" hai3="33,106,130,124,49,19,32,81,134,74,89,85,93"/><U82/><E122/><V126/><F35/><W109/><G109/><T11/><D119/><U65/><E44/><V47/><F131/><W16/><G130/><T135/><D71/><U14/><E96/><V60/><F126/><W52/><G124/><T118/><D118/><U112/><E112/><V24/><F2/><W23/><G106/><T88/><D110/><U50/><E68/><V76/><F76/><W132/><G74/><T94/><D36/><U46/><E69/><V21/><F86/><W121/><G81/><N who="1" m="30730" /><E12/><V34/><F34/><W84/><G84/><T45/><D113/><U115/><E115/><V77/><F77/><W20/><G121/><T73/><D73/><U75/><E75/><V57/><F22/><N who="3" m="8235" /><G32/><T0/><D0/><U30/><E30/><V91/><F91/><W56/><G33/><T72/><D72/><U129/><E129/><V133/><F133/><AGARI ba="0,0" hai="16,19,49,52,56,85,89,93,132,133,134" m="8235" machi="133" ten="30,3900,0" yaku="20,1,54,2" doraHai="114" who="3" fromWho="2" sc="393,0,258,0,119,-39,230,39" /><INIT seed="6,0,0,2,3,48" ten="393,258,80,269" oya="2" hai0="23,67,42,99,52,72,114,87,126,14,105,78,90" hai1="63,25,112,127,6,89,53,39,111,71,133,130,69" hai2="84,81,57,83,121,60,104,94,100,120,113,79,31" hai3="36,97,9,61,1,59,8,134,96,92,116,107,119"/><V93/><F113/><W3/><G36/><T66/><D126/><U106/><E39/><V5/><F5/><W123/><G123/><T24/><D42/><U80/><E106/><V125/><F125/><W20/><G134/><T46/><D72/><U2/><E111/><V21/><F104/><W33/><G33/><T68/><D68/><U27/><E130/><V82/><F120/><W47/><G107/><T54/><D99/><U103/><E103/><V50/><F50/><W37/><G20/><T117/><D78/><U51/><E112/><V10/><F10/><W70/><G70/><T86/><D86/><U44/><E69/><V64/><F121/><W35/><G35/><T108/><D108/><U98/><E133/><V91/><F94/><W58/><G37/><T15/><D46/><U12/><E2/><V34/><F34/><W13/><G47/><T101/><D101/><U85/><E98/><V17/><F31/><W19/><G92/><T11/><D15/><U43/><E127/><V30/><F30/><W7/><G1/><T41/><D41/><U122/><E122/><V132/><F100/><W115/><G115/><T49/><D49/><U124/><E124/><V110/><F110/><W29/><G29/><N who="0" m="17567" /><D117/><N who="3" m="45129" /><G61/><T102/><D102/><U88/><E43/><V40/><F40/><W95/><G95/><N who="0" m="54751" /><D114/><U75/><E51/><V135/><REACH who="2" step="1"/><F79/><REACH who="2" ten="393,258,70,269" step="2"/><W0/><G0/><T22/><D105/><U18/><E6/><V76/><F76/><W26/><G3/><T4/><D22/><U16/><E63/><V45/><F45/><W28/><G8/><T65/><AGARI ba="0,1" hai="4,11,14,52,54,65,66,67" m="54751,17567" machi="65" ten="30,8000,1" yaku="5,1,8,1,52,2,54,1" doraHai="48" who="0" fromWho="0" sc="393,90,258,-20,70,-40,269,-20" /><INIT seed="7,0,0,0,3,51" ten="483,238,30,249" oya="3" hai0="99,129,69,126,65,125,90,84,121,124,34,87,108" hai1="80,83,110,88,18,60,76,114,57,105,128,66,106" hai2="120,82,62,46,25,55,31,29,130,93,97,8,24" hai3="2,9,7,91,61,45,58,102,133,103,59,75,48"/><W134/><G75/><T49/><D108/><U11/><E110/><V73/><F130/><W35/><G35/><T115/><D121/><U101/><E128/><V38/><F120/><W19/><G91/><T4/><D129/><U116/><E114/><V104/><F104/><W64/><G58/><T22/><D115/><U81/><E105/><V71/><F71/><W42/><REACH who="3" step="1"/><G19/><REACH who="3" ten="483,238,30,239" step="2"/><T92/><D34/><U43/><E18/><V41/><F73/><W33/><G33/><T94/><D90/><U53/><E88/><V12/><F82/><W27/><G27/><T28/><D126/><U17/><E17/><V122/><F122/><W50/><G50/><T37/><D49/><U119/><E83/><V39/><F39/><W100/><AGARI ba="0,1" hai="2,7,9,42,45,48,59,61,64,100,102,103,133,134" machi="100" ten="30,3000,0" yaku="1,1,0,1,53,0" doraHai="51" doraHaiUra="118" who="3" fromWho="3" sc="483,-10,238,-10,30,-10,239,40" /><INIT seed="7,1,0,1,5,62" ten="473,228,20,279" oya="3" hai0="128,96,125,132,64,112,116,6,73,35,52,12,16" hai1="49,44,113,80,106,59,51,117,15,25,21,31,29" hai2="135,107,111,14,90,105,42,9,34,104,94,50,89" hai3="69,87,10,2,82,8,86,92,53,4,99,130,20"/><W30/><G69/><T27/><D116/><U37/><E113/><V115/><F111/><W13/><G130/><T121/><D112/><U124/><E106/><V47/><F115/><W79/><G53/><T74/><D74/><U38/><E124/><V66/><F135/><W33/><G33/><T54/><D54/><U61/><E29/><V108/><F108/><W88/><G30/><T32/><D6/><U3/><E3/><V19/><F34/><W5/><REACH who="3" step="1"/><G20/><REACH who="3" ten="473,228,20,269" step="2"/><T46/><D35/><U23/><E31/><V70/><REACH who="2" step="1"/><F94/><REACH who="2" ten="473,228,10,269" step="2"/><W36/><G36/><T43/><D52/><U77/><E38/><V119/><F119/><W102/><G102/><T110/><D128/><U97/><E37/><V91/><F91/><W63/><G63/><AGARI ba="1,2" hai="9,14,19,42,47,50,63,66,70,89,90,104,105,107" machi="63" ten="40,2600,0" yaku="1,1,52,1,53,0" doraHai="62" doraHaiUra="131" who="2" fromWho="3" sc="473,0,228,0,10,49,269,-29" owari="473,57.0,228,-17.0,59,-44.0,240,4.0" /></mjloggm>