<mjloggm ver="2.3"><GO type="169" lobby="0"/><UN n0="%E3%82%B5%E3%83%96%E3%82%A2%E3%83%A9%E3%83%89" n1="%E7%B7%91%E3%81%AE%E3%83%A9%E3%83%B3%E3%83%97" n2="%73%68%6F%35%35%35%35%35" n3="%E9%BA%BB%E9%9B%80%49%51%31%32%30" dan="16,16,16,17" rate="2049.32,2072.37,2109.27,2094.46" sx="M,M,M,M"/><TAIKYOKU oya="0"/><INIT seed="0,0,0,4,5,92" ten="250,250,250,250" oya="0" hai0="8,109,132,120,73,66,74,55,35,96,88,13,41" hai1="123,87,24,98,101,71,21,63,86,14,25,1,43" hai2="122,79,16,42,94,116,49,81,38,30,91,3,57" hai3="128,54,78,80,83,6,105,127,64,72,62,50,67"/><T7/><D120/><U130/><E1/><V47/><F116/><W124/><G6/><T11/><D35/><U121/><E130/><V28/><F3/><W19/><G128/><T53/><D41/><U129/><E129/><V46/><F57/><W68/><G67/><T56/><D132/><U44/><E14/><V61/><F61/><W58/><G105/><T2/><D109/><U4/><E4/><V39/><F122/><W108/><G83/><T89/><D89/><U115/><E115/><V15/><F39/><W23/><REACH who="3" step="1"/><G108/><REACH who="3" ten="250,250,250,240" step="2"/><T27/><D66/><U100/><E123/><V33/><F81/><W76/><G76/><T110/><D110/><U69/><E121/><V135/><F79/><W95/><G95/><N who="0" m="56423" /><D74/><U36/><E71/><V113/><F113/><W18/><G18/><T17/><D73/><U10/><E69/><V102/><F135/><W0/><G0/><T26/><D53/><U84/><E43/><V45/><F33/><W59/><G59/><T9/><D2/><U103/><E44/><V104/><F47/><W93/><G93/><T97/><D7/><U131/><E131/><V51/><F38/><W112/><G112/><T60/><D97/><U106/><E36/><V125/><F104/><W37/><G37/><T52/><D55/><U114/><E98/><V22/><F46/><W31/><G31/><T90/><D90/><U85/><E114/><V126/><F91/><W107/><G107/><T5/><D5/><U40/><E40/><V111/><F111/><W32/><G32/><T12/><D17/><U134/><E106/><V29/><F42/><RYUUKYOKU ba="0,1" sc="250,15,250,-15,250,-15,240,15" hai0="8,9,11,12,13,26,27,52,56,60" hai3="19,23,50,54,58,62,64,68,72,78,80,124,127" /><INIT seed="0,1,1,5,2,103" ten="265,235,235,255" oya="0" hai0="116,102,57,111,39,65,30,70,69,125,62,67,127" hai1="53,35,47,46,11,40,8,114,73,41,83,105,108" hai2="51,10,52,21,88,76,126,129,132,68,56,23,122" hai3="64,16,59,27,135,104,91,2,22,55,100,4,25"/><T31/><D116/><U124/><E35/><V117/><F122/><W71/><G135/><T33/><D39/><U94/><E124/><N who="0" m="47689" /><D111/><U45/><E108/><V112/><F126/><W42/><G42/><T18/><D102/><U115/><E94/><V61/><F112/><N who="1" m="43049" /><E53/><V118/><F76/><W19/><G91/><T84/><D33/><U9/><E105/><V14/><F132/><W28/><G104/><T54/><D84/><U82/><E73/><V77/><F77/><W96/><G100/><T130/><D130/><U81/><AGARI ba="1,1" hai="8,9,11,40,41,45,46,47,81,82,83" m="43049" machi="81" ten="40,12000,2" yaku="29,2,28,2,26,2,11,1" doraHai="103" who="1" fromWho="1" sc="265,-61,235,133,235,-31,255,-31" /><INIT seed="1,0,0,3,4,120" ten="204,368,204,224" oya="1" hai0="57,45,47,105,8,67,55,99,126,109,38,115,80" hai1="21,100,132,11,25,92,1,93,127,31,10,13,72" hai2="74,19,17,44,128,37,39,121,24,110,88,76,75" hai3="69,20,87,42,2,56,52,86,98,14,78,123,122"/><U112/><E72/><V116/><F121/><W50/><G2/><T133/><D115/><U12/><E112/><V96/><F76/><W54/><G69/><T130/><D126/><U18/><E127/><V27/><F44/><W124/><G124/><T64/><D130/><U51/><E132/><V77/><F77/><W23/><G78/><T95/><D105/><U90/><E1/><V41/><F41/><W22/><G42/><T36/><D80/><U53/><E100/><V118/><F96/><W111/><G98/><T101/><D8/><U58/><REACH who="1" step="1"/><E90/><REACH who="1" ten="204,358,204,224" step="2"/><V59/><F88/><W97/><G123/><T84/><D133/><U82/><E82/><V70/><F128/><W30/><G122/><T4/><D101/><U117/><E117/><V85/><F75/><W7/><G97/><T71/><D99/><U62/><E62/><V102/><F74/><W15/><G86/><T63/><D84/><U40/><E40/><V135/><F85/><W32/><G87/><T94/><D94/><U29/><E29/><V113/><F102/><W114/><G114/><T43/><D95/><U46/><E46/><V26/><F135/><W103/><G103/><T33/><D43/><U48/><E48/><V83/><F113/><W6/><G50/><T28/><D28/><U49/><E49/><V104/><F83/><W35/><G30/><T107/><D63/><U61/><E61/><V134/><F134/><W65/><G65/><T5/><D67/><U66/><E66/><V131/><F131/><W68/><G54/><T0/><D55/><U3/><E3/><V73/><F73/><RYUUKYOKU ba="0,1" sc="204,-10,358,30,204,-10,224,-10" hai1="10,11,12,13,18,21,25,31,51,53,58,92,93" /><INIT seed="1,1,1,2,4,67" ten="194,388,194,214" oya="1" hai0="110,101,85,84,15,135,88,61,75,72,45,91,49" hai1="105,107,94,58,12,106,36,122,116,55,32,42,108" hai2="89,96,56,33,52,3,90,26,20,28,127,53,76" hai3="19,50,111,21,34,117,43,51,25,79,81,30,8"/><U114/><E116/><V13/><F127/><W63/><G111/><T100/><D110/><U134/><E108/><V70/><F70/><W7/><G63/><T83/><D61/><U40/><E114/><V39/><F3/><W120/><G120/><T5/><D135/><U80/><E32/><V11/><F39/><W126/><G126/><T23/><D23/><U48/><E122/><V24/><F76/><W82/><G82/><T104/><D15/><U109/><E109/><V6/><F96/><W27/><G43/><T98/><D5/><U22/><E80/><V128/><F128/><W112/><G112/><T129/><D49/><U10/><E36/><V87/><F56/><W66/><G66/><T86/><D45/><U125/><E125/><V2/><F89/><N who="0" m="34378" /><D129/><U4/><E94/><V123/><F123/><W31/><G19/><T133/><D133/><U68/><E68/><V62/><F62/><W37/><G117/><T44/><D44/><U132/><E132/><V46/><F46/><W38/><G38/><T57/><D57/><U118/><E118/><V95/><REACH who="2" step="1"/><F2/><REACH who="2" ten="194,388,184,214" step="2"/><W14/><G37/><T113/><D113/><U65/><E134/><V0/><F0/><W99/><G99/><N who="0" m="61471" /><D83/><U41/><E65/><V121/><F121/><W35/><G35/><T9/><D9/><U60/><E22/><V103/><F103/><W1/><G1/><T102/><D102/><U29/><E60/><V17/><AGARI ba="1,2" hai="6,11,13,17,20,24,26,28,33,52,53,87,90,95" machi="17" ten="20,8000,1" yaku="1,1,0,1,7,1,54,1,53,1" doraHai="67" doraHaiUra="18" who="2" fromWho="2" sc="194,-21,388,-41,184,103,214,-21" /><INIT seed="2,0,0,3,5,89" ten="173,347,287,193" oya="2" hai0="25,115,57,130,21,131,110,54,70,1,119,48,3" hai1="108,52,43,72,27,86,80,46,134,128,6,124,127" hai2="49,92,101,59,123,20,98,23,7,76,135,114,66" hai3="63,109,8,126,44,99,32,17,9,105,22,129,58"/><V36/><F123/><W94/><G32/><T28/><D115/><U38/><E134/><V45/><F114/><W47/><G105/><T103/><D110/><U83/><E108/><V35/><F35/><W29/><G129/><N who="0" m="49163" /><D119/><U11/><E27/><V19/><F36/><W68/><G68/><T79/><D70/><U132/><E132/><V95/><F7/><W51/><G126/><T69/><D69/><U13/><E128/><V78/><F135/><W40/><G47/><T64/><D64/><U0/><E13/><V125/><F23/><W82/><G82/><T62/><D62/><U104/><E104/><V60/><F125/><W111/><G29/><T91/><D103/><U81/><E81/><V12/><REACH who="2" step="1"/><F95/><REACH who="2" ten="173,347,277,193" step="2"/><W30/><G111/><T96/><D79/><N who="1" m="44135" /><E127/><V102/><F102/><W97/><G109/><T122/><D122/><U71/><E124/><V34/><F34/><W41/><G94/><AGARI ba="0,1" hai="1,3,21,25,28,48,54,57,91,94,96" m="49163" machi="94" ten="30,2000,0" yaku="19,1,52,1" doraHai="89" who="0" fromWho="3" sc="173,30,347,0,277,0,193,-20" /><INIT seed="3,0,0,0,5,56" ten="203,347,277,173" oya="3" hai0="106,39,130,20,87,45,21,34,78,31,5,73,59" hai1="6,63,121,77,104,67,49,111,1,96,135,91,98" hai2="53,32,118,108,129,38,40,76,115,90,110,88,15" hai3="133,68,13,9,46,112,97,36,62,19,134,44,25"/><W85/><G112/><T60/><D130/><U102/><E121/><V54/><F118/><W66/><G85/><T2/><D106/><U126/><E126/><V80/><F32/><W8/><G97/><T75/><D87/><U7/><E135/><V0/><F0/><W95/><G95/><T10/><D75/><U103/><E77/><V101/><F101/><W114/><G114/><T69/><D69/><U86/><E49/><V12/><F115/><W113/><G113/><T105/><D105/><U117/><E1/><V22/><F40/><W37/><G8/><T14/><D14/><U119/><E7/><V120/><F38/><W4/><G37/><T124/><D124/><U41/><E6/><V127/><F127/><W109/><G109/><T18/><D18/><U48/><E48/><V64/><F64/><W26/><G4/><T89/><D89/><U35/><E41/><V99/><F129/><W116/><G116/><T43/><D34/><U55/><E35/><V17/><F12/><W82/><G82/><N who="0" m="45391" /><D31/><U29/><E29/><V70/><F70/><W23/><G36/><T128/><D128/><U132/><E111/><N who="2" m="42539" /><F120/><W28/><REACH who="3" step="1"/><G26/><REACH who="3" ten="203,347,277,163" step="2"/><T51/><D51/><U61/><E104/><V79/><F99/><W123/><G123/><T81/><D81/><U83/><E98/><V125/><F125/><W16/><G16/><T100/><D100/><U3/><E103/><V11/><F80/><W93/><G93/><T47/><D47/><AGARI ba="0,1" hai="9,13,19,23,25,28,44,46,47,62,66,68,133,134" machi="47" ten="40,12000,1" yaku="1,1,52,1,53,2" doraHai="56" doraHaiUra="131" who="3" fromWho="0" sc="203,-120,347,0,277,0,163,130" /><INIT seed="3,1,0,2,1,31" ten="83,347,277,293" oya="3" hai0="12,132,20,23,53,6,59,86,18,108,51,35,71" hai1="49,43,74,58,116,32,63,75,40,38,69,34,62" hai2="27,41,124,57,65,119,133,121,129,47,94,29,54" hai3="21,17,91,67,8,48,126,22,15,5,98,100,13"/><W134/><G134/><T25/><D108/><U11/><E116/><V112/><F119/><W135/><G135/><T109/><D109/><U85/><E11/><V55/><F133/><W61/><G126/><T64/><D132/><U104/><E85/><V95/><F112/><W113/><G113/><T76/><D6/><U84/><E84/><V50/><F129/><W128/><G128/><T127/><D127/><U130/><E104/><V92/><F121/><W68/><G48/><T90/><D76/><U9/><E9/><V52/><F124/><W60/><G61/><T33/><D64/><N who="1" m="41111" /><E43/><V0/><F0/><W3/><G91/><T24/><D71/><U106/><E63/><V82/><F82/><W16/><G98/><T66/><D66/><U125/><E106/><V28/><F28/><W117/><G100/><T103/><D103/><U78/><E78/><V118/><F65/><W114/><G114/><T39/><D39/><U72/><E130/><V105/><F105/><W102/><G102/><T107/><D107/><U14/><E14/><V46/><F118/><AGARI ba="1,0" hai="3,5,8,13,15,16,17,21,22,60,67,68,117,118" machi="118" ten="40,3900,0" yaku="9,1,54,1" doraHai="31" who="3" fromWho="2" sc="83,0,347,0,277,-42,293,42" /><INIT seed="3,2,0,4,1,120" ten="83,347,235,335" oya="3" hai0="92,37,77,25,126,73,105,58,74,87,4,44,112" hai1="111,93,45,113,60,42,130,90,50,84,64,133,115" hai2="68,86,123,40,52,27,117,106,76,97,16,70,24" hai3="22,8,23,18,62,17,103,28,104,0,36,134,119"/><W85/><G36/><T43/><D126/><U109/><E133/><V78/><F117/><W66/><G119/><T71/><D112/><U56/><REACH who="1" step="1"/><E130/><REACH who="1" ten="83,337,235,335" step="2"/><V5/><F123/><W129/><G129/><T19/><D105/><U69/><E69/><V21/><F70/><W33/><G134/><T63/><D71/><U54/><E54/><V83/><F68/><W65/><G65/><T35/><D35/><U49/><E49/><V57/><F106/><W12/><G66/><T98/><D63/><U132/><E132/><V38/><F38/><W67/><G67/><T99/><D37/><U59/><E59/><V46/><F57/><W32/><G62/><T102/><D58/><U101/><E101/><V110/><F52/><W89/><G103/><T2/><D44/><U131/><E131/><V7/><F46/><W75/><G104/><T72/><D43/><U100/><E100/><V15/><F40/><W118/><G118/><T81/><D2/><U61/><E61/><V108/><F76/><W82/><G0/><T26/><D4/><U31/><E31/><V51/><F51/><W95/><G28/><T121/><D19/><U41/><E41/><V96/><F7/><W53/><G53/><T80/><D121/><U20/><E20/><N who="3" m="7722" /><G18/><T88/><D25/><U91/><E91/><V1/><F1/><W13/><G13/><T48/><D26/><U11/><E11/><N who="2" m="4591" /><F24/><W114/><G114/><AGARI ba="2,1" hai="42,45,50,56,60,64,84,90,93,109,111,113,114,115" machi="114" ten="40,5200,0" yaku="1,1,52,2,53,0" doraHai="120" doraHaiUra="135" who="1" fromWho="3" sc="83,0,337,68,235,0,335,-58" /><INIT seed="4,0,0,5,3,80" ten="83,405,235,277" oya="0" hai0="25,121,36,41,21,31,1,97,67,96,7,99,70" hai1="104,8,112,123,50,82,5,43,20,42,74,135,52" hai2="103,110,95,113,79,40,63,120,126,18,23,4,131" hai3="58,54,13,108,45,94,88,19,85,3,122,92,90"/><T9/><D121/><U117/><E123/><V124/><F110/><W93/><G108/><T109/><D109/><U119/><E104/><V87/><F120/><W57/><G3/><T33/><D41/><U56/><E135/><V114/><F4/><W11/><G122/><T77/><D36/><U22/><E112/><N who="2" m="43115" /><F40/><W72/><G72/><T65/><D70/><U106/><E106/><V102/><F63/><W73/><G73/><T98/><N who="0" m="24576" /><DORA hai="37" /><T55/><D55/><U83/><E74/><V61/><F61/><W133/><G133/><T38/><D38/><U15/><E119/><V111/><F131/><W12/><G12/><T125/><D125/><U130/><E130/><V127/><F111/><W129/><G129/><T134/><D134/><U62/><E117/><V29/><F29/><W47/><G58/><T44/><D44/><N who="3" m="16969" /><G90/><T101/><D101/><U49/><E62/><AGARI ba="0,0" hai="11,13,19,54,57,62,85,88,92,93,94" m="16969" machi="62" ten="30,3900,0" yaku="8,1,52,1,54,1" doraHai="80,37" who="3" fromWho="1" sc="83,0,405,-39,235,0,277,39" /><INIT seed="5,0,0,0,0,84" ten="83,366,235,316" oya="1" hai0="58,89,15,43,72,37,26,24,87,52,38,102,65" hai1="63,57,106,34,104,74,36,53,79,130,35,103,76" hai2="16,97,39,115,85,54,17,99,70,6,108,81,88" hai3="123,20,91,41,73,9,40,33,5,42,61,92,114"/><U51/><E36/><V64/><F108/><W116/><G33/><T113/><D113/><U90/><E130/><V109/><F109/><W10/><G73/><T45/><D72/><U18/><E35/><V47/><F6/><W135/><G123/><T127/><D127/><U128/><E34/><V11/><F70/><W121/><G121/><T12/><D37/><U59/><E106/><V134/><F64/><W124/><G114/><T77/><D77/><U48/><E74/><V78/><F115/><W56/><G124/><T125/><D125/><U60/><E103/><V110/><F134/><W3/><G135/><T1/><D1/><U4/><E18/><N who="2" m="7275" /><F39/><W95/><G95/><T69/><D102/><U7/><E104/><V96/><F11/><W29/><G10/><T22/><D26/><U67/><E128/><V23/><F23/><W21/><G29/><T30/><D65/><U120/><E120/><V93/><F110/><W44/><G44/><T132/><D69/><U122/><E122/><V105/><F105/><W86/><REACH who="3" step="1"/><G116/><REACH who="3" ten="83,366,235,306" step="2"/><T55/><D132/><U129/><E129/><V133/><F133/><W112/><G112/><T71/><D71/><U0/><E0/><V75/><F75/><W28/><G28/><T8/><D58/><U19/><E19/><V131/><F131/><W80/><G80/><T107/><D107/><U49/><E4/><V101/><F101/><W50/><G50/><AGARI ba="0,1" hai="47,50,54,78,81,85,88,93,96,97,99" m="7275" machi="50" ten="30,7700,0" yaku="8,1,52,1,54,2" doraHai="84" who="2" fromWho="3" sc="83,0,366,0,235,87,306,-77" /><INIT seed="6,0,0,0,5,24" ten="83,366,322,229" oya="2" hai0="60,36,15,14,118,79,22,86,68,69,106,50,53" hai1="31,94,111,33,48,5,115,129,107,117,35,87,121" hai2="95,2,93,120,30,7,17,102,61,72,28,109,75" hai3="130,88,82,101,81,83,133,19,46,85,116,104,100"/><V91/><F120/><W27/><G116/><T39/><D106/><U41/><E41/><V38/><F38/><W114/><G130/><T51/><D118/><U58/><E107/><V4/><F2/><W34/><G133/><T49/><D22/><U40/><E40/><V119/><F119/><W47/><G114/><T16/><D86/><U55/><E115/><V122/><F122/><W78/><G104/><T64/><D79/><U74/><E74/><V98/><F75/><W23/><G34/><T54/><D16/><U37/><E37/><N who="0" m="14409" /><D14/><U13/><E129/><V131/><F72/><W134/><G134/><T67/><D15/><U108/><E35/><V70/><F109/><W135/><G135/><T32/><D32/><U6/><E6/><N who="2" m="2091" /><F70/><N who="0" m="27242" /><D60/><U0/><E0/><V126/><F61/><W3/><G3/><T25/><D25/><U90/><E117/><V123/><F17/><W45/><REACH who="3" step="1"/><G78/><REACH who="3" ten="83,366,322,219" step="2"/><T124/><D124/><U12/><E121/><V76/><F123/><W59/><G59/><T44/><D44/><U125/><E125/><V11/><F126/><W42/><G42/><T29/><D29/><N who="2" m="11370" /><F131/><W65/><G65/><AGARI ba="0,1" hai="49,50,51,53,54,64,65,67" m="27242,14409" machi="65" ten="40,12000,2" yaku="28,2,35,5" doraHai="24" who="0" fromWho="3" sc="83,130,366,0,322,0,219,-120" /><INIT seed="7,0,0,4,2,75" ten="213,366,322,99" oya="3" hai0="92,42,34,123,129,10,15,37,32,88,112,81,53" hai1="62,7,8,100,80,33,110,31,121,90,82,38,64" hai2="128,13,9,87,133,40,116,115,94,91,71,21,16" hai3="69,44,131,99,41,83,108,6,124,85,61,105,49"/><W95/><G105/><T58/><D123/><U19/><E38/><V14/><F116/><W52/><G124/><T20/><D129/><U127/><E127/><V76/><F71/><W67/><G131/><T130/><D130/><U135/><E121/><V24/><F128/><W109/><G6/><T43/><D81/><U0/><E110/><V17/><F133/><W101/><REACH who="3" step="1"/><G41/><REACH who="3" ten="213,366,322,89" step="2"/><T23/><D43/><U56/><E135/><V111/><F40/><W57/><G57/><T1/><D42/><U122/><E56/><V104/><F104/><W36/><G36/><T106/><D37/><U118/><E7/><V97/><F111/><W28/><G28/><T119/><D106/><U35/><E31/><V102/><F17/><W70/><G70/><T51/><D119/><U72/><E19/><V65/><F16/><W26/><G26/><T18/><D112/><U22/><E118/><V93/><F24/><W3/><G3/><T5/><D23/><U113/><E22/><V29/><F21/><W66/><G66/><T68/><D68/><U98/><E64/><V126/><F65/><W12/><G12/><T55/><D55/><U54/><E54/><V47/><F115/><W114/><G114/><T86/><AGARI ba="0,1" hai="1,5,10,15,18,20,32,34,51,53,58,86,88,92" machi="86" ten="20,8000,1" yaku="0,1,7,1,25,2,54,1" doraHai="75" who="0" fromWho="0" sc="213,90,366,-20,322,-20,89,-40" owari="303,10.0,346,45.0,302,-10.0,49,-45.0" /></mjloggm>