<mjloggm ver="2.3"><GO type="169" lobby="0"/><UN n0="%E7%89%8C%E5%BB%83%E4%BA%BA" n1="%E5%B0%8F%E6%89%8B%E8%BF%94%E6%92%B2%E6%BB%85%E4%BC%9A%E9%95%B7" n2="%E5%AE%89%E8%89%AF%E5%B2%A1%E8%8A%B1%E7%81%AB" n3="%67%61%79%75%6E%79" dan="17,17,16,16" rate="2172.41,2168.65,2081.33,2125.69" sx="M,F,M,M"/><TAIKYOKU oya="0"/><INIT seed="0,0,0,5,1,13" ten="250,250,250,250" oya="0" hai0="128,134,80,105,48,40,116,99,75,81,59,95,123" hai1="5,110,11,36,26,30,115,77,127,24,91,7,117" hai2="126,55,124,106,111,97,20,21,64,27,121,4,43" hai3="72,71,37,52,102,39,9,100,101,51,93,22,98"/><T68/><D116/><U84/><E117/><V38/><F121/><W15/><G71/><T118/><D118/><U57/><E110/><V65/><F111/><W82/><G22/><T135/><D123/><U78/><E36/><V18/><F55/><W66/><G66/><T108/><D108/><U94/><E127/><N who="2" m="48683" /><F4/><W120/><G120/><T132/><D68/><U119/><E115/><V89/><F89/><W125/><G125/><T10/><D105/><U49/><E5/><V96/><F21/><W0/><G0/><T1/><D75/><U34/><E26/><V85/><F85/><W35/><G35/><T61/><D128/><U14/><E119/><V50/><F50/><W32/><G32/><T3/><D48/><U23/><E34/><V31/><F31/><W130/><G130/><T83/><D40/><U76/><E76/><V47/><F106/><W107/><G107/><T58/><D10/><U44/><REACH who="1" step="1"/><E57/><REACH who="1" ten="250,240,250,250" step="2"/><V104/><F104/><W112/><G112/><T41/><D59/><U19/><E19/><V86/><F86/><W46/><G37/><T113/><D113/><U6/><E6/><V25/><F25/><W42/><G39/><T114/><D114/><U33/><E33/><V129/><F129/><W131/><G131/><T16/><D16/><U62/><E62/><V53/><F97/><W70/><G70/><T56/><D56/><U133/><E133/><V69/><F96/><W28/><G28/><T45/><D58/><U8/><E8/><V60/><F69/><W73/><G98/><T17/><D132/><U74/><E74/><V92/><F60/><RYUUKYOKU ba="0,1" sc="250,-10,240,30,250,-10,250,-10" hai1="7,11,14,23,24,30,44,49,77,78,84,91,94" /><INIT seed="1,1,1,3,1,36" ten="240,270,240,240" oya="1" hai0="23,100,122,31,116,44,89,93,108,77,2,5,118" hai1="22,56,15,19,78,55,57,7,114,135,53,85,61" hai2="107,98,124,45,128,43,65,81,70,84,134,133,103" hai3="39,30,72,110,8,75,131,71,125,80,67,87,117"/><U66/><E114/><V41/><F128/><W82/><G110/><T59/><D108/><U58/><E135/><N who="2" m="51723" /><F124/><W79/><G125/><T83/><D122/><U121/><E121/><V34/><F34/><W1/><G131/><T96/><D59/><N who="1" m="22603" /><E7/><V102/><F102/><W25/><G117/><T73/><D31/><U54/><E66/><V16/><F45/><W51/><G51/><T126/><D126/><U91/><E78/><N who="2" m="46135" /><F16/><W106/><G106/><T38/><D23/><U123/><E123/><V104/><F107/><W14/><G1/><T32/><D32/><U132/><E132/><V50/><F50/><W24/><G39/><T17/><D17/><U119/><E119/><V49/><F49/><W68/><G30/><T37/><D37/><U21/><E22/><V4/><F4/><W48/><G48/><T130/><D130/><U28/><E28/><V94/><F104/><W13/><G79/><T115/><D115/><U47/><E47/><V105/><F105/><W111/><G111/><T18/><D18/><U0/><E0/><V112/><F112/><W9/><REACH who="3" step="1"/><G87/><REACH who="3" ten="240,270,240,230" step="2"/><T64/><D118/><U27/><E27/><V52/><F52/><W62/><G62/><AGARI ba="1,2" hai="41,43,62,65,70,94,98,103" m="46135,51723" machi="62" ten="30,3900,0" yaku="20,1,52,2" doraHai="36" who="2" fromWho="3" sc="240,0,270,0,240,62,230,-42" /><INIT seed="2,0,0,3,3,42" ten="240,270,302,188" oya="2" hai0="73,107,121,14,76,131,81,6,12,31,33,11,83" hai1="51,59,126,34,122,87,0,72,88,44,37,21,50" hai2="43,105,65,3,115,85,133,7,27,82,90,132,45" hai3="47,22,60,17,93,13,77,94,66,23,127,58,35"/><V80/><F115/><W134/><G35/><T40/><D121/><U103/><E72/><V61/><F105/><W38/><G134/><N who="2" m="51817" /><F27/><W106/><G106/><T15/><D107/><U8/><E34/><V53/><F53/><W9/><G127/><T48/><D131/><U41/><E126/><V10/><F85/><W20/><G38/><T30/><D81/><U102/><E122/><V89/><F82/><W99/><G77/><T101/><D101/><U46/><E59/><N who="2" m="37055" /><F80/><W26/><G93/><T52/><D40/><N who="1" m="24903" /><E37/><AGARI ba="0,0" hai="3,7,10,37,43,45,89,90" m="37055,51817" machi="37" ten="30,2900,0" yaku="20,1,52,1" doraHai="42" who="2" fromWho="1" sc="240,0,270,-29,302,29,188,0" /><INIT seed="2,1,0,2,2,13" ten="240,241,331,188" oya="2" hai0="74,21,114,64,123,57,48,96,15,109,100,51,125" hai1="29,8,83,41,69,97,23,106,89,132,113,73,28" hai2="25,119,52,116,76,93,35,77,120,122,40,117,91" hai3="47,45,38,9,107,72,127,126,92,84,50,34,3"/><V31/><F40/><W103/><G72/><T11/><D114/><U39/><E69/><V133/><F133/><W75/><G75/><T17/><D123/><U18/><E132/><V16/><F122/><W24/><G38/><T90/><D74/><U101/><E113/><V33/><F120/><W30/><G107/><T68/><D109/><U87/><E8/><V49/><F35/><W59/><G59/><T128/><D128/><U78/><E41/><V0/><F0/><W99/><G84/><T62/><D125/><N who="3" m="47625" /><G50/><T88/><D11/><U134/><E39/><V124/><F124/><W22/><G34/><T14/><D14/><U66/><E66/><V115/><F115/><W94/><G92/><N who="0" m="58375" /><D68/><U10/><E10/><V108/><F108/><W61/><G61/><T131/><D131/><U19/><E134/><V5/><F5/><AGARI ba="1,0" hai="3,5,9,22,24,30,45,47,94,99,103" m="47625" machi="5" ten="30,1000,0" yaku="18,1" doraHai="13" who="3" fromWho="2" sc="240,0,241,0,331,-13,188,13" /><INIT seed="3,0,0,0,3,100" ten="240,241,318,201" oya="3" hai0="58,97,132,90,32,34,124,56,83,93,86,65,10" hai1="107,85,112,8,9,119,18,79,131,29,99,129,114" hai2="94,44,72,39,115,28,120,91,37,57,69,95,82" hai3="64,59,103,73,46,109,117,104,52,12,19,133,98"/><W36/><G117/><T30/><D132/><U68/><E68/><V126/><F115/><N who="1" m="44073" /><E29/><V49/><F126/><W92/><G133/><T20/><D124/><U0/><E85/><V23/><F69/><W108/><G73/><T42/><D42/><U4/><E18/><V22/><F120/><W110/><G64/><T118/><D118/><U121/><E9/><V128/><F128/><N who="1" m="49225" /><E119/><V61/><F82/><W80/><G80/><T78/><D10/><U14/><E79/><V74/><F28/><W130/><G130/><T127/><D127/><U41/><E41/><V25/><F25/><W87/><G87/><T26/><D32/><U102/><E121/><V55/><F74/><W101/><G36/><T71/><D34/><U47/><E47/><V3/><F72/><W63/><G46/><T122/><D122/><U43/><E43/><V40/><F37/><W88/><REACH who="3" step="1"/><G104/><REACH who="3" ten="240,241,318,191" step="2"/><T89/><D71/><U21/><E21/><AGARI ba="0,1" hai="12,19,21,52,59,63,88,92,98,101,103,108,109,110" machi="21" ten="40,18000,2" yaku="1,1,2,1,14,1,10,1,54,2,53,0" doraHai="100" doraHaiUra="6" who="3" fromWho="1" sc="240,0,241,-180,318,0,191,190" /><INIT seed="3,1,0,1,1,57" ten="240,61,318,381" oya="3" hai0="20,99,63,67,65,135,42,131,103,77,100,79,21" hai1="26,121,87,90,112,39,31,41,85,3,107,93,51" hai2="36,83,33,49,45,56,8,2,60,128,92,34,94" hai3="32,82,58,91,1,102,86,125,124,95,62,120,54"/><W76/><G32/><T30/><D135/><U66/><E121/><V73/><F128/><W117/><G117/><T19/><D131/><U72/><E72/><V80/><F34/><W0/><G120/><T6/><D6/><U88/><E107/><V50/><F33/><W7/><G102/><T116/><D116/><U96/><E3/><V40/><F2/><W4/><G0/><T16/><D42/><U123/><E39/><V101/><F8/><W134/><G134/><T5/><D5/><U23/><E112/><V74/><F74/><W12/><G12/><T122/><D122/><U111/><E111/><V46/><F36/><W133/><G133/><T11/><D11/><U10/><E10/><V29/><F29/><W98/><REACH who="3" step="1"/><G1/><REACH who="3" ten="240,61,318,371" step="2"/><T119/><D119/><U14/><E14/><V110/><F101/><W106/><G106/><T126/><D100/><U61/><E123/><V127/><F110/><W97/><G97/><T27/><D99/><U89/><E96/><V38/><F94/><W25/><G25/><T22/><D103/><U15/><E15/><V109/><F92/><W59/><G59/><T132/><D132/><U118/><E118/><V18/><F109/><W48/><G48/><T115/><D27/><U55/><E93/><V68/><F50/><W28/><G28/><T81/><D30/><U105/><E105/><V84/><F49/><W104/><G104/><T9/><D115/><U24/><E24/><V108/><F108/><W35/><G35/><T69/><D19/><U43/><E31/><V64/><F18/><W17/><G17/><T13/><D16/><RYUUKYOKU ba="1,1" sc="240,-10,61,-10,318,-10,371,30" hai3="4,7,54,58,62,76,82,86,91,95,98,124,125" /><INIT seed="3,2,1,3,2,9" ten="230,51,308,401" oya="3" hai0="10,64,107,54,24,47,72,86,46,88,89,70,13" hai1="122,28,0,93,80,111,85,14,56,42,118,49,81" hai2="132,120,135,92,3,55,61,16,129,37,4,114,121" hai3="32,117,78,20,48,112,115,133,26,2,30,131,113"/><W104/><G104/><T62/><D72/><U59/><E122/><N who="2" m="47211" /><F92/><W116/><G48/><T128/><D107/><U98/><E0/><V6/><F37/><W91/><G91/><T95/><D128/><U100/><E111/><V102/><F102/><W71/><G71/><T106/><D106/><U130/><E28/><V82/><F82/><W67/><G67/><T79/><D79/><U31/><E31/><V87/><F87/><W101/><G101/><T57/><D24/><U105/><E130/><V12/><F129/><W68/><G68/><T108/><D108/><U36/><E81/><V35/><F114/><W52/><G52/><T58/><D89/><U34/><E34/><V39/><F39/><W65/><G65/><T103/><D103/><U53/><E36/><V119/><F119/><N who="3" m="45643" /><G78/><T74/><D74/><U63/><E42/><V99/><F99/><W27/><G131/><T94/><D95/><U124/><E105/><V1/><F35/><W50/><G50/><N who="0" m="30935" /><D70/><U75/><E75/><V19/><F55/><W69/><G69/><T38/><D38/><U83/><E118/><V17/><F61/><W127/><G2/><N who="2" m="521" /><F4/><AGARI ba="2,1" hai="4,10,13,46,47,58,62,64,86,88,94" m="30935" machi="4" ten="30,3900,0" yaku="8,1,52,1,54,1" doraHai="9" who="0" fromWho="2" sc="230,55,51,0,308,-45,401,0" /><INIT seed="4,0,0,5,1,110" ten="285,51,263,401" oya="0" hai0="78,16,71,53,85,94,45,4,122,74,5,51,116" hai1="96,65,69,48,121,134,103,124,106,81,126,111,135" hai2="57,26,43,12,30,87,93,100,102,37,128,3,91" hai3="118,20,83,132,19,86,11,27,131,52,24,101,123"/><T18/><D116/><U125/><E69/><V8/><F128/><W58/><G118/><T75/><D122/><U129/><E65/><V1/><F57/><W0/><G131/><T88/><D71/><U50/><E129/><V2/><F43/><W79/><G132/><N who="1" m="50730" /><E50/><V68/><F37/><W92/><G123/><T97/><D75/><U10/><E48/><V49/><F49/><W42/><G42/><T63/><D74/><U17/><E121/><V119/><F119/><W46/><G46/><T55/><D78/><U9/><E111/><V21/><REACH who="2" step="1"/><F68/><REACH who="2" ten="285,51,253,401" step="2"/><W76/><G58/><N who="0" m="35279" /><D97/><U60/><E60/><V39/><F39/><W84/><G52/><T66/><D66/><U31/><E31/><V34/><F34/><W56/><G56/><T120/><D120/><U130/><E130/><V73/><F73/><W107/><G86/><T13/><D18/><AGARI ba="0,1" hai="1,2,3,8,12,18,21,26,30,87,91,93,100,102" machi="18" ten="40,2600,0" yaku="1,1,53,1" doraHai="110" doraHaiUra="80" who="2" fromWho="0" sc="285,-26,51,0,253,36,401,0" /><INIT seed="5,0,0,0,3,15" ten="259,51,289,401" oya="1" hai0="76,62,94,101,73,58,74,65,132,96,88,78,60" hai1="61,32,30,39,24,120,109,38,57,128,26,25,103" hai2="64,112,115,70,87,35,2,1,17,83,104,106,71" hai3="44,133,135,123,50,21,8,130,31,77,67,43,127"/><U3/><E120/><V108/><F108/><W107/><G123/><T37/><D37/><U18/><E109/><V19/><F87/><W102/><G130/><T59/><D132/><N who="3" m="50761" /><G127/><T28/><D28/><U10/><E128/><V42/><F83/><W49/><G77/><T85/><D74/><U91/><E103/><V99/><F42/><W89/><G67/><T33/><D33/><U80/><E25/><V114/><F35/><W117/><G117/><T95/><REACH who="0" step="1"/><D73/><REACH who="0" ten="249,51,289,401" step="2"/><U81/><E3/><N who="2" m="1035" /><F99/><W105/><G31/><T0/><D0/><U22/><E10/><V66/><F71/><W36/><G8/><T14/><D14/><U86/><REACH who="1" step="1"/><E80/><REACH who="1" ten="249,41,289,401" step="2"/><V118/><F118/><W98/><G21/><T16/><D16/><N who="2" m="6218" /><F70/><W54/><G107/><AGARI ba="0,2" hai="64,66,104,106,107,112,114,115" m="6218,1035" machi="107" ten="40,16000,3" yaku="28,2,15,1,11,1,52,3,54,1" doraHai="15" who="2" fromWho="3" sc="249,0,41,0,289,180,401,-160" /><INIT seed="6,0,0,3,4,126" ten="249,41,469,241" oya="2" hai0="51,109,17,89,25,93,115,6,35,131,26,101,78" hai1="7,102,108,20,107,3,36,65,1,92,0,21,116" hai2="49,88,47,69,50,110,121,128,130,57,100,111,96" hai3="70,34,119,103,41,99,13,23,113,58,56,32,133"/><V82/><F69/><W90/><G70/><T124/><D109/><N who="2" m="41482" /><F121/><W72/><G119/><T30/><D124/><U86/><E108/><V125/><F125/><W4/><G72/><T11/><D115/><U95/><E116/><V19/><F19/><W129/><G113/><T87/><D131/><N who="2" m="50218" /><F57/><W85/><G58/><T63/><D17/><U42/><E65/><V48/><F82/><W46/><G56/><T112/><D112/><U75/><E75/><V66/><F66/><W18/><G129/><T5/><D63/><U8/><E8/><V54/><F88/><W134/><G4/><T24/><D89/><U61/><E61/><V31/><F31/><W81/><G134/><T9/><D5/><U37/><E7/><V104/><AGARI ba="0,0" hai="47,48,49,50,54,96,100,104" m="50218,41482" machi="104" ten="30,12000,1" yaku="10,1,19,1,52,3" doraHai="126" who="2" fromWho="2" sc="249,-40,41,-40,469,120,241,-40" /><INIT seed="6,1,0,5,1,104" ten="209,1,589,201" oya="2" hai0="1,47,96,2,34,108,46,86,44,121,9,89,3" hai1="62,93,11,21,126,122,23,56,36,133,38,52,73" hai2="90,102,95,49,114,103,125,70,15,112,31,72,18" hai3="83,51,77,67,127,71,30,100,41,94,35,24,42"/><V40/><F70/><W118/><G118/><T7/><D108/><U4/><E122/><V91/><F72/><W68/><G127/><T113/><D121/><U64/><E126/><V117/><F117/><W115/><G115/><N who="2" m="44073" /><F125/><W128/><G128/><T79/><D113/><U131/><E131/><V116/><F31/><W130/><G130/><T55/><D34/><U111/><E111/><V123/><F123/><W26/><G26/><T129/><D129/><U20/><E133/><V25/><F25/><W39/><G51/><T132/><D132/><U82/><E38/><V14/><F14/><W78/><G78/><T63/><D79/><U98/><E36/><V6/><F6/><W87/><G39/><T109/><D96/><U88/><E73/><V85/><F91/><W84/><G68/><T29/><D29/><U61/><E82/><V81/><F81/><W13/><G13/><T60/><D109/><U50/><E64/><V12/><F12/><AGARI ba="1,0" hai="4,11,12,20,21,23,50,52,56,61,62,88,93,98" machi="12" ten="40,5200,0" yaku="8,1,54,2" doraHai="104" who="1" fromWho="2" sc="209,0,1,55,589,-55,201,0" /><INIT seed="7,0,0,0,5,39" ten="209,56,534,201" oya="3" hai0="116,45,124,15,117,62,87,86,26,106,94,97,125" hai1="126,30,112,36,34,89,75,64,23,61,81,55,56" hai2="12,73,105,82,114,83,63,98,40,69,11,44,46" hai3="18,102,120,134,4,96,71,24,78,92,68,132,129"/><W53/><G120/><T17/><D26/><U67/><E34/><V65/><F114/><W5/><G129/><T70/><D106/><U49/><E112/><V95/><F105/><W29/><G18/><T121/><D121/><U113/><E113/><V32/><F32/><W91/><G78/><T22/><D45/><U99/><E126/><N who="0" m="48745" /><D70/><N who="3" m="26665" /><G53/><T111/><D62/><U3/><E3/><V2/><F2/><W25/><G25/><T104/><D104/><U35/><E36/><V101/><F73/><W103/><G103/><N who="0" m="60855" /><D111/><U27/><E35/><V88/><F101/><W93/><G93/><T110/><D110/><U90/><E75/><V8/><F46/><W42/><G102/><T14/><D15/><U123/><E123/><V52/><F8/><W9/><G9/><T79/><D79/><U19/><E30/><V77/><F52/><W13/><G13/><T57/><D57/><U119/><E119/><AGARI ba="0,0" hai="14,17,22,86,87,116,117,119" m="60855,48745" machi="119" ten="30,1000,0" yaku="18,1" doraHai="39" who="0" fromWho="1" sc="209,10,56,-10,534,0,201,0" owari="219,2.0,46,-45.0,534,63.0,201,-20.0" /></mjloggm>