<mjloggm ver="2.3"><GO type="169" lobby="0"/><UN n0="%E6%9D%8E%E7%A9%8E%E8%97%8D" n1="%E6%B2%96%E3%83%92%E3%82%AB%E3%83%AB%EF%BC%88%E6%9C%AC%E7%89%A9%EF%BC%89" n2="%E3%83%81%E3%83%83%E3%83%97%E3%82%B3%E3%83%AC%E3%82%AF%E3%82%BF%E3%83%BC" n3="%74%75%63%6B%62%6F%63%6B" dan="17,16,16,17" rate="2153.65,2081.65,2146.70,2106.20" sx="F,F,M,M"/><TAIKYOKU oya="0"/><INIT seed="0,0,0,1,0,4" ten="250,250,250,250" oya="0" hai0="108,118,80,96,75,94,67,86,3,38,58,10,69" hai1="112,63,109,56,103,14,2,64,116,70,61,30,47" hai2="23,74,18,122,31,37,115,93,19,66,11,111,24" hai3="55,68,132,114,124,129,5,106,22,32,6,41,134"/><T33/><D118/><U133/><E2/><V89/><F74/><W105/><G32/><T81/><D69/><U123/><E123/><V87/><F37/><W48/><G68/><T16/><D38/><U1/><E1/><V120/><F115/><W54/><G114/><T100/><D33/><U44/><E14/><N who="2" m="7519" /><F122/><W43/><G22/><T126/><D126/><U130/><E103/><V8/><F111/><W71/><G71/><T59/><D108/><U36/><E30/><V107/><F107/><W15/><G15/><N who="0" m="7287" /><D75/><U119/><E109/><V28/><F120/><W135/><G124/><T83/><D3/><U21/><E36/><V27/><F66/><W35/><G35/><T17/><D67/><U117/><E112/><V9/><F19/><W0/><G0/><T84/><D17/><U97/><E64/><V57/><F57/><AGARI ba="0,0" hai="57,58,59,80,81,83,84,86,94,96,100" m="7287" machi="57" ten="30,5800,0" yaku="8,1,52,1,54,1" doraHai="4" who="0" fromWho="2" sc="250,58,250,0,250,-58,250,0" /><INIT seed="0,1,0,0,2,78" ten="308,250,192,250" oya="0" hai0="119,22,20,29,49,3,132,115,25,71,107,133,62" hai1="103,18,111,77,114,33,57,113,68,66,101,13,79" hai2="126,41,7,30,58,81,82,95,124,120,87,109,56" hai3="91,51,67,46,42,92,61,15,36,116,63,134,88"/><T40/><D115/><U125/><E68/><V9/><F120/><W59/><G134/><N who="0" m="51819" /><D119/><U32/><E66/><V27/><F109/><W105/><G105/><T50/><D107/><U35/><E57/><V130/><F41/><W90/><G116/><T94/><D3/><U47/><E47/><V131/><F95/><W26/><G36/><T6/><D6/><U60/><E60/><V8/><F87/><W2/><G2/><T98/><D40/><U31/><E31/><V89/><F89/><W23/><G15/><T110/><D110/><U129/><E111/><V102/><F102/><W123/><G63/><T84/><D84/><U10/><E103/><V14/><F56/><W1/><G1/><T75/><D75/><U100/><E100/><V104/><F58/><W38/><G38/><T21/><D98/><U0/><E0/><V34/><F8/><W44/><G44/><T112/><D94/><U96/><E96/><V97/><F97/><N who="3" m="57479" /><G123/><T19/><D112/><U37/><E37/><V99/><F99/><W48/><G48/><N who="0" m="18539" /><D29/><AGARI ba="1,0" hai="23,26,29,42,46,51,59,61,67,90,91" m="57479" machi="29" ten="30,2000,0" yaku="8,1,54,1" doraHai="78" who="3" fromWho="0" sc="308,-23,250,0,192,0,250,23" /><INIT seed="1,0,0,1,0,16" ten="285,250,192,273" oya="1" hai0="41,88,82,43,5,21,67,91,37,47,13,66,10" hai1="69,2,26,39,72,133,101,23,77,120,25,74,11" hai2="4,14,53,112,35,54,15,12,100,92,125,55,99" hai3="29,19,64,113,127,22,119,109,31,30,7,135,32"/><U134/><E69/><V20/><F125/><W110/><G64/><T36/><D82/><U89/><E101/><V98/><F35/><W60/><G60/><T50/><D37/><U17/><E120/><V71/><F71/><W95/><G95/><T124/><D124/><U46/><E89/><N who="0" m="34377" /><D36/><U103/><E103/><V58/><F112/><W87/><G87/><T9/><D9/><U105/><E105/><V114/><F114/><W104/><G104/><T70/><D70/><U51/><E26/><V117/><F117/><W126/><G113/><T49/><D21/><U48/><E74/><V81/><F81/><W115/><G115/><T83/><D83/><N who="1" m="45479" /><E51/><V128/><F128/><W45/><G119/><T76/><D76/><U129/><E48/><V42/><F42/><W106/><G106/><T0/><D0/><U34/><E34/><V6/><F99/><W118/><G118/><T1/><D1/><U130/><E11/><V79/><F79/><W131/><G131/><N who="1" m="50186" /><E2/><V57/><REACH who="2" step="1"/><F20/><REACH who="2" ten="285,250,182,273" step="2"/><W107/><G32/><T8/><D8/><U86/><E86/><V65/><F65/><W116/><G116/><T27/><D27/><U40/><AGARI ba="0,1" hai="17,23,25,39,40,46,133,134" m="50186,45479" machi="40" ten="30,3000,0" yaku="19,1,52,1" doraHai="16" who="1" fromWho="1" sc="285,-10,250,40,182,-10,273,-10" /><INIT seed="1,1,0,4,3,30" ten="275,290,172,263" oya="1" hai0="23,24,102,98,96,86,69,46,12,125,80,78,93" hai1="70,91,114,82,135,11,94,56,109,128,130,25,118" hai2="27,111,16,15,19,0,108,126,57,95,101,85,6" hai3="22,83,18,73,97,122,71,75,119,124,60,34,44"/><U52/><E70/><V29/><F126/><W100/><G122/><T76/><D69/><U105/><E105/><V45/><F45/><W106/><G124/><T131/><D125/><U33/><E114/><V54/><F0/><W77/><G119/><T104/><D131/><U120/><E118/><V32/><F6/><W79/><G44/><T81/><D12/><U87/><E120/><V134/><F134/><W123/><G123/><T62/><D62/><U17/><E135/><V4/><F4/><W41/><G41/><T1/><D1/><U92/><E109/><N who="2" m="42059" /><F15/><W2/><G2/><T51/><D98/><U9/><E9/><V68/><F68/><W84/><G34/><T107/><D81/><U39/><E11/><V7/><F7/><W132/><G132/><T37/><D76/><U103/><E39/><V64/><F64/><W67/><G79/><T14/><D14/><AGARI ba="1,0" hai="14,18,22,60,67,71,73,75,77,83,84,97,100,106" machi="14" ten="30,1000,0" yaku="7,1" doraHai="30" who="3" fromWho="0" sc="275,-13,290,0,172,0,263,13" /><INIT seed="2,0,0,5,1,72" ten="262,290,172,276" oya="2" hai0="87,34,43,126,99,74,25,95,90,78,3,94,75" hai1="29,108,129,17,88,44,86,85,123,13,96,45,112" hai2="56,121,131,24,84,114,119,8,106,71,92,127,30" hai3="59,97,63,36,77,67,83,82,7,50,11,49,134"/><V37/><F92/><W133/><G36/><T52/><D3/><U51/><E112/><V33/><F84/><W73/><G97/><T111/><D43/><U60/><E123/><V42/><F56/><W54/><G83/><T128/><D111/><U6/><E108/><V18/><F18/><W9/><G50/><T28/><D128/><U48/><E129/><V23/><F23/><W110/><G110/><T16/><D126/><U14/><E60/><V120/><F8/><W35/><G35/><T116/><D116/><U79/><E29/><V5/><F5/><W117/><G117/><T76/><D75/><U2/><E2/><V124/><F119/><W65/><G65/><T115/><D74/><U105/><E105/><V122/><F114/><W80/><G80/><T69/><D69/><U132/><E132/><N who="3" m="50794" /><G7/><T81/><D115/><U26/><E6/><V98/><F131/><W20/><G20/><N who="0" m="13447" /><D34/><U39/><E96/><V89/><F89/><W101/><G101/><N who="0" m="60663" /><D28/><U22/><E88/><V100/><REACH who="2" step="1"/><F71/><AGARI ba="0,0" hai="9,11,49,54,59,63,67,71,73,77,82" m="50794" machi="71" ten="30,2000,0" yaku="20,1,52,1" doraHai="72" who="3" fromWho="2" sc="262,0,290,0,172,-20,276,20" /><INIT seed="3,0,0,1,2,108" ten="262,290,152,296" oya="3" hai0="125,4,104,60,124,72,37,110,97,27,115,102,26" hai1="100,43,48,91,50,77,90,87,118,31,80,32,78" hai2="2,64,56,71,79,133,63,93,16,132,70,14,98" hai3="33,74,65,73,53,15,99,7,128,29,101,9,49"/><W69/><G128/><T86/><D72/><U135/><E135/><N who="2" m="51787" /><F2/><N who="3" m="247" /><G53/><T96/><D37/><U105/><E31/><V51/><F79/><W28/><G28/><T35/><D110/><U89/><E32/><V95/><F51/><W117/><G49/><T47/><D47/><U82/><E118/><V114/><F114/><W58/><G58/><T129/><D129/><U131/><E131/><V88/><F95/><W40/><G40/><T36/><D36/><U1/><E1/><V23/><AGARI ba="0,0" hai="14,16,23,56,63,64,70,71,88,93,98" m="51787" machi="23" ten="30,4000,0" yaku="20,1,54,2" doraHai="108" who="2" fromWho="2" sc="262,-10,290,-10,152,40,296,-20" /><INIT seed="4,0,0,1,2,6" ten="252,280,192,276" oya="0" hai0="34,83,113,106,107,9,24,76,126,52,86,124,128" hai1="8,100,59,49,131,94,104,65,68,92,28,123,57" hai2="31,134,17,36,82,117,75,71,26,112,85,67,30" hai3="1,81,38,56,16,96,121,47,50,70,13,14,114"/><T95/><D113/><U4/><E123/><V40/><F117/><W133/><G1/><T45/><D95/><U44/><E68/><V61/><F75/><W18/><G70/><T127/><D128/><U120/><E120/><V54/><F112/><W55/><G121/><T69/><D69/><U73/><E73/><V10/><F134/><W119/><G133/><T63/><D9/><U20/><E104/><V35/><F30/><W27/><G114/><T2/><D2/><U15/><E131/><V58/><F40/><W74/><G27/><T48/><REACH who="0" step="1"/><D63/><REACH who="0" ten="242,280,192,276" step="2"/><U130/><E130/><V39/><F71/><W101/><G119/><T62/><D62/><U118/><E94/><V22/><F61/><W53/><G96/><T132/><D132/><U116/><E92/><V110/><F10/><W12/><G101/><T88/><D88/><U87/><E8/><V105/><F105/><W21/><G38/><T79/><D79/><U78/><E78/><V93/><F36/><W37/><G37/><T19/><D19/><U129/><E129/><V108/><F17/><W97/><G97/><T103/><D103/><U125/><E100/><V0/><F93/><W89/><G18/><T84/><D84/><U72/><E87/><V122/><F85/><N who="3" m="50351" /><G74/><T109/><D109/><U115/><E72/><V42/><F110/><W11/><G11/><T135/><D135/><U80/><E118/><V98/><F108/><W66/><G66/><T29/><AGARI ba="0,1" hai="24,29,34,45,48,52,76,83,86,106,107,124,126,127" machi="29" ten="40,12000,1" yaku="1,1,0,1,18,1,54,1,53,0" doraHai="6" doraHaiUra="99" who="0" fromWho="0" sc="242,130,280,-40,192,-40,276,-40" /><INIT seed="4,1,0,3,5,23" ten="372,240,152,236" oya="0" hai0="20,18,59,26,100,3,111,15,115,98,61,14,107" hai1="117,93,122,57,114,11,17,19,129,88,28,25,99" hai2="37,121,31,62,1,45,123,64,127,90,50,82,94" hai3="92,124,65,13,2,52,56,9,0,49,21,133,8"/><T75/><D3/><U32/><E117/><V103/><F1/><W134/><G2/><T83/><D115/><U30/><E122/><V29/><F37/><W70/><G124/><T67/><REACH who="0" step="1"/><D111/><REACH who="0" ten="362,240,152,236" step="2"/><U22/><E114/><V4/><F123/><W48/><G0/><T104/><D104/><U113/><E113/><V125/><F121/><W10/><G134/><T54/><D54/><U72/><E129/><V41/><F127/><W120/><G133/><T128/><D128/><U24/><E72/><V51/><F125/><W74/><G74/><T5/><D5/><U119/><E119/><V76/><F4/><W71/><G120/><T55/><D55/><U91/><E11/><V34/><F34/><W44/><G65/><T130/><D130/><U78/><E78/><AGARI ba="1,1" hai="14,15,18,20,26,59,61,67,75,78,83,98,100,107" machi="78" ten="40,3900,0" yaku="1,1,52,1,53,0" doraHai="23" doraHaiUra="47" who="0" fromWho="1" sc="362,52,240,-42,152,0,236,0" /><INIT seed="4,2,0,5,3,45" ten="414,198,152,236" oya="0" hai0="30,85,123,75,101,116,63,23,34,37,112,82,54" hai1="35,65,133,74,72,106,61,121,21,119,33,93,47" hai2="24,125,132,92,105,98,1,36,46,68,16,38,99" hai3="13,26,129,32,11,118,102,111,115,18,96,44,31"/><T3/><D116/><U97/><E119/><V107/><F1/><W2/><G118/><T77/><D123/><U104/><E121/><V60/><F132/><W71/><G71/><T53/><D34/><U25/><E133/><V86/><F125/><W103/><G103/><T0/><D37/><U8/><E74/><V19/><F86/><W135/><G135/><T73/><D101/><U130/><E72/><V134/><F134/><W109/><G115/><T87/><D23/><U83/><E83/><V91/><F68/><W131/><G44/><T43/><D82/><U17/><E8/><V20/><F19/><W78/><G78/><T120/><D63/><U50/><E35/><V110/><F110/><W88/><G88/><T127/><D120/><U12/><E33/><V128/><F128/><N who="3" m="49227" /><G2/><T79/><D112/><U6/><E6/><V56/><F99/><W49/><G49/><T108/><D108/><N who="3" m="41545" /><G102/><T57/><D79/><U42/><E130/><V10/><F10/><W126/><G96/><T70/><D0/><U29/><E93/><V14/><F14/><W39/><G39/><T41/><D3/><U113/><E97/><V62/><F62/><W94/><G94/><T7/><D77/><U90/><E90/><V59/><F59/><W40/><G40/><T9/><D57/><N who="1" m="37039" /><E113/><V15/><F15/><W48/><G48/><T89/><D43/><U58/><E58/><V76/><F76/><W51/><G51/><T69/><D41/><U64/><E64/><V80/><F56/><W28/><G126/><T100/><D127/><U22/><E106/><V81/><F107/><RYUUKYOKU ba="2,0" sc="414,-15,198,15,152,-15,236,15" hai1="12,17,21,22,25,29,42,47,50,104" hai3="11,13,18,26,28,31,32" /><INIT seed="5,3,0,3,0,82" ten="399,213,137,251" oya="1" hai0="77,84,128,32,11,0,21,51,65,59,49,72,37" hai1="103,15,126,131,1,120,52,57,92,70,130,74,121" hai2="54,58,39,27,71,111,38,14,89,34,69,4,56" hai3="48,62,114,101,3,23,127,119,115,45,41,118,133"/><U83/><E1/><V29/><F111/><W66/><G3/><T75/><D32/><U26/><E70/><V94/><F58/><N who="3" m="37207" /><G101/><T117/><D117/><N who="3" m="44553" /><G23/><T88/><D37/><U93/><E15/><V68/><F4/><W50/><G133/><T9/><D77/><N who="1" m="44471" /><E26/><V125/><F125/><W55/><G127/><T13/><D72/><U46/><E46/><AGARI ba="3,0" hai="41,45,46,48,50,55,114,115" m="44553,37207" machi="46" ten="30,3900,0" yaku="12,1,34,2" doraHai="82" who="3" fromWho="1" sc="399,0,213,-48,137,0,251,48" /><INIT seed="6,0,0,3,3,99" ten="399,165,137,299" oya="2" hai0="131,5,122,76,38,53,79,73,88,27,17,2,40" hai1="133,132,4,95,61,102,48,3,57,31,135,74,9" hai2="0,60,6,127,28,119,77,121,30,100,82,10,16" hai3="46,86,37,94,7,20,66,13,21,90,65,62,51"/><V42/><F121/><W1/><G37/><T24/><D122/><U129/><E74/><V70/><F119/><W117/><G117/><T14/><D2/><U12/><E129/><V72/><F127/><W36/><G36/><T19/><D5/><U67/><E3/><V64/><F42/><W83/><G1/><T103/><D73/><U116/><E116/><V114/><F114/><W109/><G109/><T84/><D38/><U126/><E126/><V130/><F130/><W26/><G94/><N who="0" m="54535" /><D40/><U59/><E31/><V18/><REACH who="2" step="1"/><F100/><REACH who="2" ten="399,165,127,299" step="2"/><W92/><G66/><T69/><D103/><U89/><E102/><V71/><F71/><W124/><G124/><T50/><D69/><N who="1" m="42223" /><E48/><V39/><F39/><W123/><G123/><T125/><D131/><U115/><E115/><V108/><F108/><W68/><G68/><T75/><D125/><U15/><E15/><V52/><F52/><W106/><G65/><T78/><D14/><U96/><AGARI ba="0,1" hai="4,9,12,57,59,89,95,96,132,133,135" m="42223" machi="96" ten="30,1100,0" yaku="20,1" doraHai="99" who="1" fromWho="1" sc="399,-3,165,21,127,-5,299,-3" /><INIT seed="7,0,0,3,0,121" ten="396,186,122,296" oya="3" hai0="131,32,38,49,52,60,8,20,55,96,56,58,86" hai1="18,37,117,1,44,53,62,110,99,108,33,84,57" hai2="43,0,120,68,102,14,118,100,115,7,113,13,123" hai3="41,116,124,70,94,21,17,106,133,83,69,5,71"/><W78/><G116/><T103/><D32/><U127/><E33/><V73/><F73/><W3/><G106/><T79/><D38/><U101/><E1/><V98/><F43/><W125/><G133/><T76/><D131/><U122/><E122/><N who="2" m="46635" /><F68/><W77/><G41/><T134/><D134/><U15/><E117/><V119/><F98/><W126/><G94/><N who="0" m="58775" /><D8/><U31/><E84/><V35/><F35/><W85/><G5/><T22/><D79/><U93/><E37/><V88/><F0/><W54/><G3/><T91/><D76/><U135/><E135/><V59/><F59/><W132/><G132/><T45/><D58/><U63/><E44/><V50/><F50/><W130/><G130/><T97/><D97/><U47/><E47/><V26/><F26/><N who="3" m="14639" /><G78/><T19/><D19/><U128/><E128/><V65/><F65/><W30/><G30/><T61/><D61/><U2/><E63/><V46/><F46/><W66/><G54/><T11/><D11/><U92/><E2/><V95/><F7/><W4/><G4/><T82/><AGARI ba="0,0" hai="20,22,45,49,52,55,56,60,82,86,91" m="58775" machi="82" ten="30,2000,0" yaku="8,1,54,1" doraHai="121" who="0" fromWho="0" sc="396,20,186,-5,122,-5,296,-10" owari="416,51.0,181,-22.0,117,-38.0,286,9.0" /></mjloggm>