<mjloggm ver="2.3"><GO type="169" lobby="0"/><UN n0="%E3%82%B4%E3%83%83%E3%82%B5%E3%83%A0" n1="%E3%83%8E%E3%82%AA%E3%83%81%E3%83%A3%E3%83%99%E3%82%B9" n2="%E7%9F%B3%E5%A1%9A" n3="%E3%82%AE%E3%82%AC%E3%83%9E%E3%82%A4%E3%83%B3" dan="16,16,16,16" rate="2059.63,2078.94,2083.71,2121.93" sx="M,M,M,M"/><TAIKYOKU oya="0"/><INIT seed="0,0,0,4,0,129" ten="250,250,250,250" oya="0" hai0="127,0,69,83,18,40,71,25,111,61,101,37,133" hai1="80,88,132,93,4,31,126,64,24,47,103,91,46" hai2="76,50,70,45,53,119,28,22,112,20,21,14,42" hai3="109,73,58,125,72,104,78,32,135,13,89,12,59"/><T114/><D114/><U121/><E121/><V97/><F112/><W124/><G104/><T86/><D0/><U67/><E4/><V105/><F70/><W77/><G89/><T96/><D40/><U54/><E126/><V33/><F33/><W116/><G32/><T110/><D37/><U57/><E103/><V27/><F76/><W36/><G36/><T55/><D55/><U92/><E80/><V85/><F105/><W117/><G109/><N who="0" m="41483" /><D127/><U11/><E11/><V107/><F107/><W74/><G74/><T87/><D87/><U17/><E17/><V9/><F97/><W99/><G99/><T113/><D113/><U75/><E75/><V82/><F119/><W56/><G56/><T68/><D61/><U16/><E31/><V98/><F98/><W23/><G23/><N who="0" m="13559" /><D96/><U5/><E5/><V10/><F10/><W41/><G41/><T26/><D26/><U30/><E30/><V15/><F15/><W134/><AGARI ba="0,0" hai="12,13,58,59,72,73,77,78,116,117,124,125,134,135" machi="134" ten="25,8000,1" yaku="0,1,22,2,52,2" doraHai="129" who="3" fromWho="3" sc="250,-40,250,-20,250,-20,250,80" /><INIT seed="1,0,0,5,4,129" ten="210,230,230,330" oya="1" hai0="101,23,92,42,81,75,31,128,8,111,131,98,48" hai1="78,71,110,18,125,65,74,61,77,79,90,14,43" hai2="2,135,17,1,62,50,10,7,106,63,88,130,108" hai3="117,26,115,87,113,107,121,5,15,103,124,38,119"/><U82/><E125/><V46/><F130/><N who="0" m="49706" /><D8/><U127/><E127/><V120/><F120/><W4/><G124/><T39/><D48/><U66/><E110/><V91/><F106/><W123/><G38/><T54/><D54/><U68/><E43/><V6/><F108/><W49/><G49/><T41/><D39/><U105/><E105/><V116/><F116/><N who="3" m="44619" /><G26/><N who="0" m="16863" /><D111/><U13/><E90/><V59/><F135/><W118/><G118/><T112/><D112/><N who="3" m="43081" /><G87/><T104/><D104/><U96/><E96/><V109/><F109/><W44/><G44/><T99/><D99/><U24/><E24/><V47/><F50/><W85/><G85/><T25/><D25/><U80/><E74/><V19/><REACH who="2" step="1"/><F10/><REACH who="2" ten="210,230,220,330" step="2"/><W76/><G107/><T83/><D75/><U84/><E80/><AGARI ba="0,1" hai="41,42,80,81,83,92,98,101" m="16863,49706" machi="80" ten="30,1000,0" yaku="19,1" doraHai="129" who="0" fromWho="1" sc="210,20,230,-10,220,0,330,0" /><INIT seed="2,0,0,4,4,88" ten="230,220,220,330" oya="2" hai0="109,1,86,65,111,55,123,127,62,129,66,69,119" hai1="112,56,35,10,135,57,61,106,33,39,126,117,7" hai2="67,31,20,13,83,0,23,70,80,108,45,60,91" hai3="98,131,17,103,96,124,53,118,84,15,22,93,89"/><V8/><F0/><W114/><G118/><T81/><D123/><U50/><E39/><V11/><F11/><W14/><G131/><T101/><D1/><U42/><E106/><V130/><F130/><W95/><G124/><T44/><D129/><U105/><E105/><V21/><F45/><W134/><G134/><T49/><D127/><U76/><E135/><V122/><F122/><W73/><G73/><T100/><D119/><U32/><E117/><V47/><F47/><W75/><G75/><T71/><D101/><U97/><E112/><V120/><F120/><W24/><G114/><T82/><D100/><U5/><E76/><V74/><F74/><W132/><G132/><T78/><REACH who="0" step="1"/><D81/><REACH who="0" ten="220,220,220,330" step="2"/><U115/><E126/><V85/><F108/><W27/><G84/><T125/><D125/><U128/><E128/><V51/><F85/><W90/><G103/><T102/><D102/><U99/><E115/><V16/><F83/><W41/><G41/><T38/><D38/><U52/><E42/><V48/><F80/><W63/><G27/><T46/><D46/><U79/><E79/><V54/><F91/><W34/><G34/><T107/><D107/><U121/><E121/><V19/><F31/><W37/><G37/><T64/><D64/><U92/><E99/><V113/><F113/><W110/><G110/><T116/><D116/><U133/><E133/><V94/><F94/><W68/><G68/><T58/><D58/><AGARI ba="0,1" hai="14,15,17,22,24,53,58,63,89,90,93,95,96,98" machi="58" ten="40,12000,2" yaku="9,1,25,2,8,1,52,2" doraHai="88" who="3" fromWho="0" sc="220,-120,220,0,220,0,330,130" /><INIT seed="3,0,0,1,2,85" ten="100,220,220,460" oya="3" hai0="104,35,124,10,19,37,56,119,12,58,120,45,127" hai1="81,109,73,77,28,69,93,105,26,131,30,64,48" hai2="134,82,114,117,47,128,102,95,110,50,51,54,96" hai3="13,115,113,24,21,132,83,23,92,25,118,75,33"/><W130/><G118/><T20/><D119/><U39/><E39/><V126/><F114/><W65/><G33/><T67/><D120/><U9/><E105/><V1/><F110/><W98/><G132/><T22/><D104/><U38/><E38/><V15/><F1/><W76/><G130/><T62/><D35/><U53/><E109/><V108/><F108/><W43/><G13/><T0/><D58/><U103/><E131/><V57/><F128/><W123/><G123/><T133/><D133/><U49/><E9/><V29/><F134/><W42/><G65/><T79/><D79/><U116/><E116/><V91/><F29/><W66/><G66/><T16/><D0/><U111/><E111/><V94/><F126/><N who="0" m="48170" /><D19/><U74/><E74/><V44/><F82/><W8/><G8/><T4/><D4/><U107/><E107/><V129/><F129/><W80/><G92/><T122/><D122/><U112/><E112/><V61/><F117/><W89/><G98/><T70/><D70/><U97/><E30/><V3/><F3/><W86/><G113/><T135/><D135/><U59/><E64/><V121/><F121/><W14/><G14/><T68/><D68/><U40/><E69/><V100/><F15/><W32/><G32/><T106/><D106/><U5/><E5/><V101/><F95/><W41/><REACH who="3" step="1"/><G115/><REACH who="3" ten="100,220,220,450" step="2"/><T99/><D99/><U84/><E97/><V34/><F34/><W87/><G87/><T90/><D10/><U55/><E84/><V11/><F11/><W36/><G36/><T17/><D37/><U52/><E93/><V125/><F125/><RYUUKYOKU ba="0,1" sc="100,-15,220,-15,220,15,450,15" hai2="44,47,50,51,54,57,61,91,94,96,100,101,102" hai3="21,23,24,25,41,42,43,75,76,80,83,86,89" /><INIT seed="3,1,1,3,5,59" ten="85,205,235,465" oya="3" hai0="100,93,82,81,5,24,1,60,104,21,46,38,123" hai1="3,29,91,52,31,8,131,120,37,72,7,113,12" hai2="85,15,45,62,6,105,114,133,92,125,57,94,39" hai3="119,67,47,98,111,16,43,40,135,118,121,73,77"/><W90/><G121/><T58/><D104/><U61/><E120/><V80/><F114/><W30/><G135/><T127/><D127/><U4/><E113/><V115/><F105/><W10/><G30/><T95/><D1/><U23/><E37/><V35/><F115/><W110/><G67/><T17/><D5/><U66/><E72/><V103/><F35/><W84/><G73/><T108/><D108/><N who="3" m="41513" /><G77/><T79/><D82/><U89/><E131/><V76/><F133/><W22/><G98/><T117/><D100/><U14/><E66/><V86/><F103/><W25/><G10/><T13/><D117/><N who="3" m="44553" /><G47/><T109/><D123/><U88/><E3/><V132/><F125/><W78/><G78/><T19/><D109/><U64/><E64/><V75/><F86/><W9/><G9/><T134/><D134/><U44/><E44/><V106/><F85/><W87/><G87/><T56/><D46/><U129/><E129/><V122/><F75/><W34/><G34/><T18/><D79/><U48/><E4/><V83/><F6/><W130/><G130/><T41/><D18/><N who="1" m="10695" /><E48/><V51/><F51/><W70/><G70/><T97/><D19/><U69/><E69/><V55/><F132/><W124/><G124/><T102/><D17/><U128/><E128/><V63/><F76/><W28/><G28/><T54/><D97/><U99/><E99/><V116/><F116/><W101/><G101/><T74/><D102/><U11/><E11/><V68/><F122/><W27/><G27/><T96/><D96/><U126/><E126/><V65/><F45/><W2/><G2/><RYUUKYOKU ba="1,1" sc="85,-15,205,15,235,-15,465,15" hai1="7,8,14,29,31,52,61,88,89,91" hai3="16,22,25,40,43,84,90" /><INIT seed="3,2,1,1,0,72" ten="70,220,220,480" oya="3" hai0="30,127,66,109,107,103,95,20,108,123,118,75,34" hai1="79,125,61,80,14,76,7,135,33,86,50,77,116" hai2="96,131,84,19,114,3,124,54,29,13,120,46,56" hai3="78,40,82,8,49,57,53,6,70,1,133,126,119"/><W94/><G119/><T9/><D118/><U26/><E116/><V110/><F114/><W112/><G112/><T68/><D123/><U100/><E135/><V45/><F3/><W42/><G70/><T121/><D121/><U24/><E125/><V111/><F120/><W102/><G133/><T28/><D127/><U91/><E33/><V134/><F124/><W43/><G126/><T0/><D20/><U129/><E129/><V104/><F29/><W115/><G115/><T27/><D95/><U48/><E61/><V25/><F25/><N who="1" m="9833" /><E100/><N who="2" m="62471" /><F84/><W74/><G94/><T32/><D30/><U16/><E7/><V73/><F73/><W113/><G102/><T92/><D92/><U130/><E130/><V105/><F105/><W64/><G64/><T17/><D75/><U71/><E71/><V36/><F36/><W4/><G4/><N who="0" m="1159" /><D34/><U31/><E31/><V101/><F101/><W98/><G98/><N who="0" m="61943" /><D17/><U2/><E2/><V90/><F131/><W15/><G113/><T106/><D106/><U59/><E59/><V51/><F90/><W60/><REACH who="3" step="1"/><G1/><REACH who="3" ten="70,220,220,470" step="2"/><T83/><D66/><U58/><E58/><V5/><F134/><W88/><G88/><T67/><D67/><U39/><E39/><V69/><F69/><W12/><G12/><T47/><D68/><U44/><E44/><AGARI ba="2,2" hai="6,8,15,40,42,43,44,49,53,57,60,74,78,82" machi="44" ten="40,3900,0" yaku="1,1,52,1,53,0" doraHai="72" doraHaiUra="35" who="3" fromWho="1" sc="70,0,220,-45,220,0,470,65" /><INIT seed="3,3,0,3,3,61" ten="70,175,220,535" oya="3" hai0="24,54,98,37,105,9,14,20,86,69,125,103,35" hai1="104,115,5,60,101,18,48,2,122,21,123,25,45" hai2="47,124,129,62,56,134,97,26,4,135,132,112,65" hai3="51,43,46,100,33,63,32,30,44,127,38,84,106"/><W82/><G127/><T1/><D125/><U96/><E115/><V39/><F124/><W55/><G30/><T70/><D37/><U83/><E83/><V119/><F4/><W0/><G0/><T71/><D1/><U6/><E6/><V110/><F119/><W12/><G12/><T64/><D54/><U133/><E133/><V15/><F112/><W36/><G36/><T76/><D76/><U75/><E75/><V85/><F110/><W72/><G72/><T87/><D35/><U78/><E78/><V120/><F120/><W8/><G8/><T29/><REACH who="0" step="1"/><D64/><REACH who="0" ten="60,175,220,535" step="2"/><U109/><E109/><V80/><F39/><W107/><G63/><T50/><D50/><U93/><E60/><V52/><F135/><W34/><REACH who="3" step="1"/><G100/><REACH who="3" ten="60,175,220,525" step="2"/><T11/><D11/><U111/><E111/><V131/><F62/><W102/><G102/><T41/><D41/><U121/><E2/><V17/><F134/><W99/><G99/><T3/><D3/><U73/><E123/><V68/><F97/><W23/><G23/><T40/><D40/><U16/><E122/><V108/><F132/><W53/><G53/><T89/><D89/><AGARI ba="3,2" hai="32,33,34,38,43,44,46,51,55,82,84,89,106,107" machi="89" ten="40,2000,0" yaku="1,1,53,0" doraHai="61" doraHaiUra="114" who="3" fromWho="0" sc="60,-29,175,0,220,0,525,49" /><INIT seed="3,4,0,4,2,45" ten="31,175,220,574" oya="3" hai0="124,101,32,39,133,23,29,88,71,91,22,111,130" hai1="70,97,102,53,65,40,108,115,116,28,64,110,106" hai2="12,3,33,100,125,85,119,68,82,9,19,117,56" hai3="1,128,46,55,16,21,77,41,44,121,96,66,105"/><W69/><G121/><T67/><D39/><U131/><E70/><V37/><F68/><W60/><G1/><T135/><D111/><N who="1" m="42539" /><E40/><V134/><F37/><W11/><G128/><T4/><D4/><U75/><E75/><V14/><F100/><W114/><G114/><T35/><D101/><U80/><E115/><V30/><F3/><W2/><G77/><T93/><D130/><U99/><E80/><V109/><F109/><W94/><G105/><T118/><D118/><U17/><E28/><V58/><F134/><N who="0" m="51210" /><D124/><U26/><E97/><V38/><F38/><W120/><G55/><T27/><D35/><U10/><E116/><V89/><F125/><W0/><G120/><T43/><D43/><U98/><E98/><V34/><F34/><W52/><G41/><T20/><D93/><U83/><E83/><V92/><F30/><W31/><G31/><T61/><AGARI ba="4,0" hai="20,22,23,27,29,32,61,67,71,88,91" m="51210" machi="61" ten="40,2700,0" yaku="20,1,54,1" doraHai="45" who="0" fromWho="0" sc="31,39,175,-11,220,-11,574,-17" /><INIT seed="4,0,0,0,5,6" ten="70,164,209,557" oya="0" hai0="48,82,134,21,5,24,86,125,135,101,102,73,91" hai1="119,11,60,66,84,41,69,103,122,63,98,107,114" hai2="93,65,0,23,25,26,32,54,113,88,40,34,128" hai3="19,52,80,10,110,74,43,20,132,81,42,116,37"/><T106/><D125/><U72/><E72/><V47/><F0/><W96/><G110/><T45/><D73/><U13/><E119/><V123/><F123/><W89/><G116/><T78/><D78/><U117/><E117/><V3/><F3/><W1/><G132/><N who="0" m="50731" /><D5/><U14/><E122/><V46/><F65/><W104/><G74/><T29/><D106/><U51/><E63/><V120/><F113/><W28/><G104/><T133/><N who="0" m="50739" /><T90/><DORA hai="39" /><D91/><U8/><E114/><V59/><F46/><W15/><G89/><T95/><D95/><U105/><E105/><V49/><F128/><W27/><G81/><T97/><D97/><U7/><E84/><V77/><F77/><W115/><G80/><T130/><D130/><U68/><E68/><V87/><F120/><W129/><G96/><T76/><D76/><U17/><REACH who="1" step="1"/><E51/><REACH who="1" ten="70,154,209,557" step="2"/><V127/><F127/><W58/><G37/><T33/><D33/><U64/><E64/><V38/><REACH who="2" step="1"/><F26/><REACH who="2" ten="70,154,199,557" step="2"/><W118/><G118/><T111/><D111/><U44/><E44/><V67/><F67/><W126/><G126/><T9/><D45/><U79/><E79/><V56/><F56/><W75/><G75/><T12/><D48/><U36/><E36/><V62/><F62/><N who="3" m="36167" /><G129/><T30/><D24/><U99/><E99/><V131/><F131/><W124/><G115/><T18/><D102/><U70/><E70/><V31/><AGARI ba="0,2" hai="23,25,31,32,34,38,40,47,49,54,59,87,88,93" machi="31" ten="20,8000,1" yaku="1,1,0,1,7,1,52,1,54,1,53,0" doraHai="6,39" doraHaiUra="57,35" who="2" fromWho="2" sc="70,-40,154,-20,199,100,557,-20" /><INIT seed="5,0,0,1,3,118" ten="30,134,299,537" oya="1" hai0="79,89,86,127,112,75,90,35,47,5,82,104,103" hai1="101,122,135,107,88,27,11,106,124,131,2,99,38" hai2="52,132,56,125,63,24,123,91,130,108,113,98,116" hai3="121,81,6,70,33,68,30,16,45,26,77,31,25"/><U95/><E38/><V71/><F108/><W54/><G121/><T57/><D35/><U0/><E122/><V102/><F116/><W73/><G6/><T55/><D5/><U37/><E37/><V42/><F125/><W74/><G74/><T119/><D119/><U83/><E124/><V134/><F130/><W87/><G16/><T128/><D128/><U59/><E131/><V8/><F123/><W72/><G72/><T32/><D32/><U65/><E135/><V105/><F113/><W23/><G73/><T94/><D127/><U69/><E69/><V67/><F42/><W13/><G13/><T111/><D89/><U133/><E133/><V62/><F8/><W48/><AGARI ba="0,0" hai="23,25,26,30,31,33,45,48,54,68,70,77,81,87" machi="48" ten="30,1100,0" yaku="0,1" doraHai="118" who="3" fromWho="3" sc="30,-3,134,-5,299,-3,537,11" /><INIT seed="6,0,0,1,0,56" ten="27,129,296,548" oya="2" hai0="108,51,70,132,93,16,79,91,29,43,130,125,9" hai1="14,66,22,113,32,120,3,129,50,122,95,31,30" hai2="2,44,47,33,23,102,63,38,15,80,119,123,4" hai3="49,74,0,40,45,19,6,10,107,64,25,8,62"/><V18/><F123/><N who="1" m="47145" /><E3/><V37/><F119/><W72/><G107/><T101/><D125/><U27/><E95/><V111/><F111/><W20/><G10/><T98/><D108/><U92/><E92/><V67/><F33/><W58/><AGARI ba="0,0" hai="0,6,8,19,20,25,40,45,49,58,62,64,72,74" machi="58" ten="20,2700,0" yaku="0,1,7,1,52,1" doraHai="56" who="3" fromWho="3" sc="27,-7,129,-7,296,-13,548,27" /><INIT seed="7,0,0,1,1,91" ten="20,122,283,575" oya="3" hai0="114,70,7,35,63,84,101,59,17,48,67,119,11" hai1="16,14,87,104,129,41,121,65,45,79,36,110,43" hai2="50,109,118,122,102,1,3,83,98,40,0,24,71" hai3="127,6,73,117,12,9,107,95,2,33,51,116,88"/><W49/><G107/><T44/><D119/><U76/><E121/><V81/><F118/><W5/><G73/><T94/><D35/><U105/><E110/><V125/><F71/><W120/><G120/><T90/><D114/><U32/><E32/><V29/><F122/><W92/><G33/><T38/><D101/><U133/><E65/><V58/><F125/><W123/><G123/><T72/><D72/><U77/><E129/><V57/><F40/><W126/><G88/><T135/><D135/><U15/><E87/><V61/><F50/><W25/><G12/><T47/><D17/><U23/><E133/><V106/><F57/><W124/><G124/><T108/><D108/><U132/><E132/><V19/><F19/><W134/><G134/><T111/><D111/><U60/><E60/><V89/><F89/><W4/><G4/><T103/><D103/><U10/><E43/><V112/><F112/><W100/><G9/><T115/><D115/><U113/><E113/><V37/><F37/><W62/><G2/><T64/><D64/><U31/><E31/><V20/><F109/><W13/><G100/><T86/><D86/><U42/><E42/><V85/><F85/><W99/><G13/><T131/><D131/><U26/><E26/><V18/><F29/><W55/><G55/><T74/><D74/><U27/><E15/><V46/><F0/><W39/><G39/><T56/><D38/><U30/><AGARI ba="0,0" hai="10,14,16,23,27,30,36,41,45,76,77,79,104,105" machi="30" ten="30,2000,0" yaku="0,1,54,1" doraHai="91" who="1" fromWho="1" sc="20,-5,122,20,283,-5,575,-10" owari="15,-48.0,142,-26.0,278,8.0,565,66.0" /></mjloggm>