<mjloggm ver="2.3"><GO type="169" lobby="0"/><UN n0="%E9%89%84%E7%A8%9A%E9%AD%9A%E3%82%AB%E3%83%A2%E9%A4%8A%E5%88%86" n1="%52%45%49%4E%E6%A3%AE%E4%B9%85%E4%BF%9D%50" n2="%E3%81%B5%E3%81%81%E3%82%93%E3%81%A7%E3%82%8B%E3%81%95%E3%83%BC%E3%82%8B" n3="%E2%80%A0%E7%99%BD%E5%85%8E%E2%80%A0" dan="18,16,16,16" rate="2194.60,2132.88,2154.95,2151.79" sx="F,M,M,M"/><TAIKYOKU oya="0"/><INIT seed="0,0,0,4,0,58" ten="250,250,250,250" oya="0" hai0="62,48,133,93,81,0,7,122,135,101,107,46,6" hai1="29,49,25,102,47,126,18,108,5,10,89,67,19" hai2="50,72,99,78,123,28,60,22,131,130,38,32,23" hai3="54,98,115,76,56,66,100,64,52,33,69,59,114"/><T2/><D122/><U1/><E108/><V40/><F38/><W13/><G33/><T82/><D107/><U96/><E89/><V88/><F123/><W45/><G76/><T31/><D31/><U65/><E19/><V57/><F32/><W124/><G13/><T9/><D101/><U111/><E18/><V53/><F72/><W3/><G3/><T27/><D27/><U70/><E126/><V127/><F78/><W61/><G124/><T91/><D6/><U41/><E70/><V55/><F40/><W73/><G73/><T86/><D0/><U129/><E129/><N who="2" m="49163" /><F28/><W51/><G66/><T37/><D37/><U26/><E26/><V109/><F109/><W83/><G83/><T16/><D16/><U80/><E80/><V104/><F127/><W105/><REACH who="3" step="1"/><G45/><REACH who="3" ten="250,250,250,240" step="2"/><T35/><D35/><U97/><E111/><V15/><F15/><W106/><G106/><T44/><D46/><U8/><E1/><V85/><F104/><W120/><G120/><T14/><D2/><U84/><E67/><V20/><F99/><W121/><G121/><T34/><D34/><U119/><E65/><N who="2" m="39055" /><F50/><AGARI ba="0,1" hai="50,51,52,54,56,59,61,64,69,98,100,105,114,115" machi="50" ten="30,8000,1" yaku="1,1,7,1,9,1,52,1,54,1,53,0" doraHai="58" doraHaiUra="116" who="3" fromWho="2" sc="250,0,250,0,250,-80,240,90" /><INIT seed="1,0,0,1,5,10" ten="250,250,170,330" oya="1" hai0="38,91,112,32,63,92,53,65,35,80,88,74,30" hai1="78,121,128,16,4,116,126,57,8,52,107,113,84" hai2="85,47,115,42,134,67,33,3,9,59,24,82,49" hai3="81,20,25,26,132,40,75,71,105,123,93,96,99"/><U110/><E107/><V97/><F134/><W103/><G123/><T15/><D112/><U31/><E121/><V61/><F115/><W27/><G132/><T104/><D104/><U60/><E116/><V117/><F117/><W39/><G71/><T11/><D38/><U19/><E113/><V68/><F97/><W22/><G40/><T21/><D53/><U43/><E128/><V6/><F24/><W98/><G39/><T17/><D30/><U90/><E78/><V94/><F94/><W41/><G41/><T66/><D66/><U130/><E130/><V111/><F33/><W95/><G81/><T106/><D106/><U86/><E126/><V127/><F111/><W73/><G103/><T89/><D92/><N who="3" m="35401" /><G105/><T122/><D122/><U56/><E31/><V125/><REACH who="2" step="1"/><F68/><REACH who="2" ten="250,250,160,330" step="2"/><W36/><G36/><T28/><D35/><U0/><E110/><V51/><F51/><W101/><G101/><T45/><D32/><U37/><E90/><AGARI ba="0,1" hai="3,6,9,42,47,49,59,61,67,82,85,90,125,127" machi="90" ten="40,1300,0" yaku="1,1,53,0" doraHai="10" doraHaiUra="119" who="2" fromWho="1" sc="250,0,250,-13,160,23,330,0" /><INIT seed="2,0,0,5,4,50" ten="250,237,183,330" oya="2" hai0="61,88,44,41,89,63,112,107,43,57,106,62,47" hai1="119,84,127,54,35,102,126,121,98,80,94,17,22" hai2="87,32,12,28,79,4,46,19,64,115,49,128,92" hai3="134,48,131,0,93,25,7,70,11,110,133,20,65"/><V132/><F115/><W122/><G122/><T75/><D75/><U53/><E35/><V40/><F128/><W81/><G131/><T24/><D24/><N who="1" m="14415" /><E119/><V71/><F4/><W83/><G110/><T130/><D130/><U33/><E33/><V51/><F28/><W21/><G21/><T99/><D99/><U42/><E42/><V23/><F32/><W114/><G114/><T77/><D112/><U109/><E109/><V97/><F132/><W90/><G65/><T56/><D62/><U95/><E95/><V27/><F27/><W124/><G70/><T69/><REACH who="0" step="1"/><D77/><REACH who="0" ten="240,237,183,330" step="2"/><N who="1" m="46095" /><E121/><V26/><F79/><W123/><G123/><T118/><D118/><U58/><E58/><V105/><F71/><AGARI ba="0,1" hai="41,43,44,47,56,57,61,63,69,71,88,89,106,107" machi="71" ten="25,12000,2" yaku="1,1,22,2,54,1,53,2" doraHai="50" doraHaiUra="55" who="0" fromWho="2" sc="240,130,237,0,183,-120,330,0" /><INIT seed="3,0,0,5,2,27" ten="370,237,63,330" oya="3" hai0="70,109,112,104,10,50,98,120,108,90,39,15,6" hai1="122,24,73,69,110,86,76,8,116,18,82,131,105" hai2="71,102,77,64,72,75,132,25,46,30,42,97,134" hai3="78,37,96,81,5,68,20,129,26,117,16,119,65"/><W91/><G129/><T59/><D120/><U123/><E69/><V93/><F77/><W55/><G37/><T113/><D70/><U63/><E110/><N who="0" m="42601" /><D39/><U40/><E105/><V95/><F95/><W128/><G128/><T88/><D104/><U1/><E40/><V80/><F80/><W44/><G5/><T12/><D12/><U61/><E116/><V43/><F43/><W118/><G68/><T99/><D59/><U79/><E131/><V31/><F64/><W56/><G44/><T87/><D50/><U133/><E133/><N who="2" m="51307" /><F71/><W89/><G65/><T9/><D9/><U111/><E111/><V32/><F31/><W29/><G96/><N who="0" m="36907" /><D90/><U7/><E122/><V45/><F45/><W13/><G81/><AGARI ba="0,0" hai="6,10,15,81,87,88,112,113" m="36907,42601" machi="81" ten="30,2000,0" yaku="14,1,54,1" doraHai="27" who="0" fromWho="3" sc="370,20,237,0,63,0,330,-20" /><INIT seed="4,0,0,1,0,135" ten="390,237,63,310" oya="0" hai0="46,65,43,13,70,42,128,117,81,88,93,90,126" hai1="5,21,59,62,54,15,9,134,85,27,58,66,80" hai2="92,34,50,98,36,104,32,61,111,37,113,125,123" hai3="45,107,1,77,57,118,29,101,40,53,49,44,26"/><T89/><D117/><U103/><E103/><V20/><F111/><W47/><G118/><T124/><D128/><U16/><E134/><V105/><F123/><W74/><G1/><T18/><D70/><U17/><E59/><V121/><F121/><W84/><G74/><T30/><D30/><U55/><REACH who="1" step="1"/><E5/><REACH who="1" ten="390,227,63,310" step="2"/><V25/><F105/><W63/><G101/><T78/><D126/><U8/><E8/><V52/><F104/><W114/><G107/><T106/><D124/><U67/><E67/><V83/><F125/><W119/><G119/><T48/><D65/><U3/><E3/><V120/><F120/><W51/><G114/><T115/><D115/><U72/><E72/><V73/><F113/><W69/><G69/><T127/><D127/><U87/><E87/><V76/><F61/><W22/><G63/><T97/><D106/><U33/><E33/><V2/><F2/><W60/><G60/><T96/><D96/><U129/><E129/><V12/><F34/><W75/><G75/><T71/><D71/><U24/><E24/><V102/><F32/><W56/><G57/><T100/><D100/><U6/><E6/><V108/><F108/><W91/><REACH who="3" step="1"/><G77/><AGARI ba="0,1" hai="9,15,16,17,21,27,54,55,58,62,66,77,80,85" machi="77" ten="30,7700,0" yaku="1,1,7,1,8,1,54,1,53,0" doraHai="135" doraHaiUra="131" who="1" fromWho="3" sc="390,0,227,87,63,0,310,-77" /><INIT seed="5,0,0,5,2,132" ten="390,314,63,233" oya="1" hai0="35,36,18,13,31,87,97,21,23,12,37,9,131" hai1="99,101,40,66,33,77,92,121,63,135,129,43,5" hai2="72,88,41,104,10,106,32,81,6,120,65,38,42" hai3="26,61,64,94,44,80,39,52,118,130,20,4,60"/><U78/><E121/><V112/><F120/><W19/><G130/><T58/><D131/><U119/><E129/><V96/><F32/><W89/><G118/><T115/><D115/><U1/><E119/><V103/><F112/><W54/><G4/><T28/><D97/><U84/><E33/><V74/><F106/><W25/><G80/><T100/><D100/><U47/><E135/><V122/><F122/><W14/><G39/><T55/><D87/><U59/><E43/><V93/><F65/><W2/><G2/><T30/><D35/><U67/><E67/><V127/><F127/><W134/><G134/><T46/><D46/><U69/><E69/><V75/><F81/><W95/><G95/><T102/><D102/><U68/><E68/><V17/><F17/><W107/><G107/><T117/><D117/><U126/><E126/><V62/><F62/><N who="3" m="24171" /><G64/><T51/><REACH who="0" step="1"/><D23/><REACH who="0" ten="380,314,63,233" step="2"/><U83/><E47/><V11/><F38/><W8/><G20/><T82/><D82/><U124/><E124/><V15/><REACH who="2" step="1"/><F11/><REACH who="2" ten="380,314,53,233" step="2"/><W105/><G105/><T22/><D22/><U29/><E83/><V45/><F45/><W109/><G44/><T111/><D111/><U91/><E40/><V0/><F0/><W114/><G109/><T16/><AGARI ba="0,2" hai="9,12,13,16,18,21,28,30,31,36,37,51,55,58" machi="16" ten="30,12000,2" yaku="1,1,0,1,54,1,53,3" doraHai="132" doraHaiUra="24" who="0" fromWho="0" sc="380,140,314,-60,53,-30,233,-30" /><INIT seed="6,0,0,4,2,58" ten="520,254,23,203" oya="2" hai0="2,40,112,132,101,45,34,37,10,15,32,128,81" hai1="108,65,116,13,126,114,24,111,135,113,63,22,31" hai2="133,72,27,125,30,0,87,38,29,33,1,64,96" hai3="134,89,4,131,28,49,14,9,121,3,90,86,7"/><V105/><F72/><W127/><G121/><T107/><D2/><U25/><E135/><V53/><F38/><W36/><G36/><T92/><D107/><U109/><E116/><V76/><F133/><W67/><G134/><T94/><D132/><U56/><E126/><V52/><F125/><W79/><G127/><T120/><D120/><U93/><E13/><V84/><F64/><W55/><G28/><T115/><D128/><U77/><E77/><V41/><F41/><W47/><G131/><T35/><D81/><U16/><REACH who="1" step="1"/><E93/><REACH who="1" ten="520,244,23,203" step="2"/><V12/><F12/><W119/><G119/><T100/><D92/><U46/><E46/><V80/><F30/><W66/><G3/><T60/><D94/><U104/><E104/><V26/><F26/><W83/><G7/><T39/><D15/><U118/><E118/><V102/><REACH who="2" step="1"/><F87/><REACH who="2" ten="520,244,13,203" step="2"/><W19/><G14/><T20/><D39/><U62/><E62/><V88/><F88/><W117/><G89/><T59/><D60/><U54/><E54/><AGARI ba="0,2" hai="0,1,27,29,33,52,53,54,76,80,84,96,102,105" machi="54" ten="40,3900,0" yaku="1,1,54,1,53,0" doraHai="58" doraHaiUra="43" who="2" fromWho="1" sc="520,0,244,-39,13,59,203,0" /><INIT seed="6,1,0,1,1,90" ten="520,205,72,203" oya="2" hai0="133,114,115,26,77,79,87,109,96,107,48,8,61" hai1="125,31,70,60,46,63,67,41,42,35,86,54,122" hai2="56,123,17,50,32,64,18,132,111,92,94,57,36" hai3="98,62,120,68,124,37,103,135,106,101,110,65,7"/><V9/><F123/><W91/><G120/><T28/><D109/><U24/><E122/><V52/><F36/><W134/><G110/><T53/><D133/><N who="3" m="50697" /><G124/><T19/><D61/><U1/><E1/><V108/><F132/><W59/><G37/><T84/><D84/><U10/><E125/><V113/><F111/><W99/><G7/><T25/><D107/><U93/><E10/><V33/><F108/><W118/><G91/><T80/><D96/><U71/><E71/><V55/><F64/><W126/><G126/><T3/><D79/><U97/><E86/><V20/><F113/><W95/><G118/><T75/><D75/><U6/><E6/><V0/><F0/><W102/><G102/><T85/><D85/><U66/><E54/><V23/><F9/><W45/><G45/><T40/><D40/><U22/><E35/><V78/><F50/><W119/><G119/><T51/><D51/><U38/><E41/><V88/><F88/><W58/><AGARI ba="1,0" hai="58,59,62,65,68,95,98,99,101,103,106" m="50697" machi="58" ten="30,2000,0" yaku="20,1,52,1" doraHai="90" who="3" fromWho="3" sc="520,-6,205,-6,72,-11,203,23" /><INIT seed="7,0,0,2,4,84" ten="514,199,61,226" oya="3" hai0="30,70,115,120,111,99,93,1,40,5,66,11,20" hai1="108,17,0,131,91,77,65,102,57,52,113,26,76" hai2="48,25,81,100,13,68,124,74,27,80,7,132,59" hai3="82,122,119,33,63,123,23,16,39,46,94,114,22"/><W75/><G33/><T54/><D111/><U31/><E0/><V96/><F124/><W42/><G119/><T71/><D120/><U79/><E108/><V28/><F132/><W103/><G114/><T73/><D73/><U78/><E131/><V32/><F74/><W3/><G3/><T87/><D40/><U2/><E2/><V19/><F7/><W34/><G34/><T92/><D115/><U130/><E130/><V55/><F27/><W12/><G23/><T97/><D66/><U128/><E128/><V36/><F36/><W50/><G63/><T72/><D72/><U53/><E102/><V98/><F98/><W35/><G35/><T106/><D106/><U4/><N who="1" m="19456" /><DORA hai="14" /><U112/><E4/><V90/><F68/><W104/><G82/><T89/><D54/><U95/><E31/><V110/><F110/><W38/><G104/><T43/><D43/><U105/><E105/><V118/><F118/><W121/><G75/><T61/><D61/><N who="1" m="38063" /><E112/><V51/><F100/><W88/><REACH who="3" step="1"/><G103/><REACH who="3" ten="514,199,61,216" step="2"/><N who="0" m="60839" /><D20/><N who="1" m="13583" /><E113/><V126/><F126/><W69/><G69/><T18/><D71/><U15/><E15/><V67/><F67/><W101/><G101/><T127/><D70/><U21/><E21/><V44/><F13/><W60/><G60/><T125/><D125/><U129/><E129/><V41/><REACH who="2" step="1"/><F19/><REACH who="2" ten="514,199,51,216" step="2"/><W85/><AGARI ba="0,2" hai="12,16,22,38,39,42,46,50,85,88,94,121,122,123" machi="85" ten="30,18000,2" yaku="1,1,0,1,52,2,54,2,53,1" doraHai="84,14" doraHaiUra="37,58" who="3" fromWho="3" sc="514,-60,199,-60,51,-60,216,200" owari="454,55.0,139,-26.0,-9,-51.0,416,22.0" /></mjloggm>