<mjloggm ver="2.3"><GO type="169" lobby="0"/><UN n0="%EF%BC%93%E7%95%AA%E3%82%B7%E3%83%A7%E3%83%BC%E3%83%88%E5%9D%82%E7%94%B0" n1="%E3%81%B5%E3%81%81%E3%82%93%E3%81%A7%E3%82%8B%E3%81%95%E3%83%BC%E3%82%8B" n2="%E9%BA%BB%E9%9B%80%E7%A0%94%E7%A9%B6%E9%83%A8" n3="%E5%8F%A4%E6%9C%AC" dan="17,16,16,16" rate="2168.40,2148.97,2165.84,2061.91" sx="M,M,F,M"/><TAIKYOKU oya="0"/><INIT seed="0,0,0,2,4,8" ten="250,250,250,250" oya="0" hai0="5,109,9,12,20,19,101,40,23,43,83,48,21" hai1="31,35,61,113,53,66,59,84,72,56,123,90,110" hai2="75,41,0,39,3,14,17,125,49,55,62,104,24" hai3="1,64,105,100,44,127,32,79,2,95,47,65,91"/><T120/><D120/><U18/><E123/><V118/><F125/><W135/><G32/><T102/><D109/><U29/><E72/><V78/><F104/><W27/><G127/><T92/><D83/><U131/><E131/><V121/><F121/><W26/><G79/><T115/><D115/><U6/><E35/><V67/><F41/><W126/><G126/><T80/><D80/><U38/><E38/><V4/><F39/><W46/><G105/><T52/><D5/><U25/><E6/><V76/><F24/><W11/><G11/><T128/><D128/><U77/><E77/><V106/><F106/><W103/><G135/><T63/><D63/><U97/><E110/><V51/><F51/><W116/><G91/><T54/><D54/><U98/><E18/><V58/><F4/><W87/><G87/><T7/><D7/><U119/><E119/><V10/><F118/><W73/><G95/><T133/><D133/><U88/><E90/><V45/><REACH who="2" step="1"/><F75/><REACH who="2" ten="250,250,240,250" step="2"/><W22/><G73/><T70/><D70/><U96/><E25/><V122/><F122/><W33/><G116/><T60/><D60/><N who="1" m="35855" /><E113/><V93/><F93/><AGARI ba="0,1" hai="29,31,59,61,66,84,88,93,96,97,98" m="35855" machi="93" ten="30,2000,0" yaku="8,1,54,1" doraHai="8" who="1" fromWho="2" sc="250,0,250,30,240,-20,250,0" /><INIT seed="1,0,0,2,5,73" ten="250,280,220,250" oya="1" hai0="98,65,27,130,57,12,77,129,1,9,81,86,87" hai1="109,128,55,38,21,127,53,41,54,43,47,23,106" hai2="39,0,68,13,71,79,32,72,6,76,135,90,112" hai3="49,95,2,114,62,113,45,48,64,8,75,37,10"/><U89/><E106/><V119/><F119/><W3/><G75/><T133/><D1/><U36/><E127/><V33/><F135/><W91/><G37/><T16/><D133/><U110/><E128/><V30/><F90/><W52/><G49/><T26/><D98/><U115/><E89/><V126/><F126/><W101/><G101/><T66/><D87/><U24/><E115/><V117/><F117/><W108/><G108/><N who="1" m="41578" /><E24/><V17/><F39/><N who="1" m="14889" /><E47/><V104/><F104/><W56/><G3/><T100/><D100/><U11/><E11/><V42/><F112/><W59/><G114/><T25/><REACH who="0" step="1"/><D57/><REACH who="0" ten="240,280,220,250" step="2"/><U107/><E107/><V103/><F103/><W4/><G113/><T60/><D60/><U14/><E14/><V5/><F13/><W82/><G2/><T35/><D35/><U134/><E134/><V85/><F32/><W125/><G59/><T69/><D69/><U123/><E123/><V94/><F68/><W28/><G56/><T31/><D31/><U70/><E70/><V92/><F71/><W51/><G45/><T131/><AGARI ba="0,1" hai="9,12,16,25,26,27,65,66,77,81,86,129,130,131" machi="131" ten="40,8000,1" yaku="1,1,0,1,19,1,52,1,54,1,53,0" doraHai="73" doraHaiUra="29" who="0" fromWho="0" sc="240,90,280,-40,220,-20,250,-20" /><INIT seed="2,0,0,4,1,83" ten="330,240,200,230" oya="2" hai0="85,97,20,39,126,99,9,62,112,65,113,91,10" hai1="71,131,101,121,87,77,81,21,33,37,69,96,92" hai2="2,17,59,8,123,19,15,120,44,114,48,76,103" hai3="86,127,130,111,78,36,60,14,100,45,40,58,79"/><V115/><F103/><W0/><G0/><T106/><D39/><U88/><E33/><V124/><F59/><W29/><G130/><T125/><D20/><U42/><E131/><V98/><F98/><N who="0" m="37386" /><D9/><U72/><E121/><V46/><F76/><W95/><G100/><T26/><D26/><U25/><E42/><V35/><F48/><W68/><G68/><T93/><D10/><U22/><E37/><V54/><F54/><W55/><G127/><N who="0" m="48651" /><D62/><U90/><E90/><V4/><F124/><W94/><G111/><T49/><D49/><U108/><E108/><V6/><F8/><W89/><G29/><T119/><D65/><U7/><E7/><V43/><F15/><W133/><G14/><T75/><D119/><U122/><E122/><V16/><F17/><W5/><G5/><T1/><D1/><U56/><E56/><V64/><F64/><W50/><G36/><T67/><D67/><U74/><E74/><V3/><REACH who="2" step="1"/><F35/><REACH who="2" ten="330,240,190,230" step="2"/><W27/><G58/><T24/><D24/><U38/><E38/><V128/><F128/><W53/><G27/><T66/><D66/><U109/><E109/><V30/><F30/><W31/><G31/><T47/><D47/><U73/><E21/><V41/><AGARI ba="0,1" hai="2,3,4,6,16,19,41,43,44,46,114,115,120,123" machi="41" ten="25,18000,2" yaku="1,1,0,1,22,2,54,1,53,2" doraHai="83" doraHaiUra="13" who="2" fromWho="2" sc="330,-60,240,-60,190,190,230,-60" /><INIT seed="2,1,0,4,3,61" ten="270,180,380,170" oya="2" hai0="79,30,103,98,39,90,64,91,21,122,36,124,3" hai1="87,8,123,40,112,11,85,42,47,20,118,110,17" hai2="50,51,84,102,60,25,93,131,120,83,4,7,95" hai3="129,121,63,32,44,119,49,76,74,66,41,62,0"/><V55/><F131/><W16/><G121/><T99/><D122/><U35/><E118/><V101/><F120/><W31/><G119/><T43/><D3/><U53/><E35/><V130/><F130/><W6/><G129/><T88/><D124/><U68/><E112/><V45/><F60/><W26/><G63/><T65/><D79/><U46/><E68/><V71/><F71/><W73/><G76/><T80/><D80/><U1/><E53/><V104/><F104/><W97/><G97/><N who="0" m="36875" /><D36/><U13/><E110/><V70/><F25/><W125/><G125/><T14/><D39/><U134/><E134/><V56/><F70/><W33/><G33/><T111/><D111/><U9/><E1/><V132/><F132/><W113/><G113/><T75/><D75/><U86/><REACH who="1" step="1"/><E123/><REACH who="1" ten="270,170,380,170" step="2"/><V27/><F55/><W34/><G34/><T92/><D43/><AGARI ba="1,1" hai="8,9,11,13,17,20,40,42,43,46,47,85,86,87" machi="43" ten="40,5200,0" yaku="1,1,2,1,8,1,53,0" doraHai="61" doraHaiUra="89" who="1" fromWho="0" sc="270,-55,170,65,380,0,170,0" /><INIT seed="3,0,0,2,1,100" ten="215,235,380,170" oya="3" hai0="74,91,30,24,47,60,54,81,79,5,111,108,31" hai1="84,95,96,66,113,89,23,122,57,39,22,42,110" hai2="131,59,9,72,82,41,40,45,99,0,120,114,20" hai3="13,73,33,48,12,18,109,29,46,26,44,27,61"/><W14/><G73/><T11/><D91/><U3/><E122/><V52/><F114/><W65/><G109/><N who="0" m="42059" /><D24/><U56/><E113/><V85/><F131/><W80/><G80/><T36/><D60/><U7/><E39/><V55/><F72/><W123/><G123/><T87/><D87/><U121/><E42/><V4/><F20/><W94/><G94/><T69/><D69/><U106/><E121/><V132/><F132/><W17/><G27/><T8/><D8/><U21/><E66/><V1/><F99/><W49/><G48/><N who="0" m="28959" /><D36/><U2/><E110/><V90/><F120/><W10/><G49/><T25/><D25/><U105/><E2/><AGARI ba="0,0" hai="2,5,11,30,31,74,79,81" m="28959,42059" machi="2" ten="30,1000,0" yaku="14,1" doraHai="100" who="0" fromWho="1" sc="215,10,235,-10,380,0,170,0" /><INIT seed="4,0,0,2,0,20" ten="225,225,380,170" oya="0" hai0="42,122,46,107,65,120,69,8,62,27,99,44,118" hai1="33,47,11,55,58,67,88,4,30,83,17,96,109" hai2="133,54,38,76,104,26,63,64,135,85,91,37,81" hai3="75,15,108,13,110,24,115,56,132,59,68,92,127"/><T41/><D118/><U131/><E109/><V60/><F104/><W18/><G75/><T102/><D8/><U10/><E131/><V95/><F54/><W23/><G68/><T43/><REACH who="0" step="1"/><D27/><REACH who="0" ten="215,225,380,170" step="2"/><U78/><E11/><V40/><F26/><W48/><G24/><T57/><D57/><U121/><E10/><V25/><F25/><W53/><G59/><T79/><D79/><U2/><E78/><V130/><F130/><W113/><G56/><T12/><D12/><U94/><E58/><N who="2" m="36887" /><F63/><W114/><G15/><T101/><D101/><U86/><E2/><V6/><F6/><W98/><G13/><T9/><D9/><U70/><E4/><V126/><F126/><W116/><G127/><T82/><D82/><U52/><E83/><V31/><F31/><W66/><G116/><T112/><D112/><U34/><E30/><V74/><F81/><W16/><G115/><T84/><D84/><U19/><E86/><V21/><F85/><W3/><G114/><T14/><D14/><U71/><E71/><V29/><F76/><W103/><G113/><T39/><D39/><U97/><E70/><V22/><F37/><W100/><G3/><T89/><D89/><U106/><E88/><V45/><F29/><W72/><G103/><T0/><D0/><U123/><E34/><V77/><F77/><W35/><G100/><T1/><D1/><U7/><E33/><V50/><F38/><W87/><G35/><T117/><D117/><U124/><E7/><V111/><F21/><W134/><G23/><T125/><D125/><U128/><E124/><V73/><F22/><RYUUKYOKU ba="0,1" sc="215,30,225,-10,380,-10,170,-10" hai0="41,42,43,44,46,62,65,69,99,102,107,120,122" /><INIT seed="4,1,1,1,4,81" ten="245,215,370,160" oya="0" hai0="57,45,126,52,37,2,92,75,0,39,31,109,99" hai1="15,54,11,76,50,80,42,135,83,48,89,24,117" hai2="124,32,60,64,72,55,26,23,91,110,21,98,34" hai3="94,28,49,130,127,102,122,20,107,27,58,17,112"/><T121/><D121/><U119/><E135/><V93/><F110/><W125/><G122/><T74/><D31/><U123/><E123/><V67/><F72/><N who="0" m="27690" /><D45/><U19/><E42/><V115/><F124/><N who="3" m="47691" /><G112/><T68/><D68/><U101/><E101/><V8/><F8/><W5/><G130/><T100/><D126/><U113/><E113/><V51/><F21/><W4/><G107/><T118/><D118/><U62/><E76/><V108/><F64/><W59/><G28/><T131/><D131/><U116/><E24/><V25/><F25/><W7/><G49/><T82/><D82/><U65/><E48/><V111/><F108/><W78/><G78/><T70/><D70/><U33/><E33/><V97/><F111/><W103/><G103/><T40/><D40/><U35/><E35/><V87/><F32/><W104/><G104/><T96/><D96/><AGARI ba="1,1" hai="4,5,7,17,20,27,58,59,94,96,102" m="47691" machi="96" ten="30,1000,0" yaku="18,1" doraHai="81" who="3" fromWho="0" sc="245,-13,215,0,370,0,160,23" /><INIT seed="5,0,0,5,5,50" ten="232,215,370,183" oya="1" hai0="115,99,4,124,38,20,48,102,39,32,116,129,76" hai1="5,46,86,114,1,100,92,63,88,128,27,111,133" hai2="132,57,58,16,11,104,10,80,44,93,34,9,60" hai3="19,126,110,55,22,65,91,68,127,75,87,94,103"/><U77/><E114/><V53/><F104/><W83/><G110/><T40/><D32/><U43/><E111/><V134/><F34/><W101/><G68/><T26/><D116/><U97/><E133/><N who="2" m="51307" /><F93/><W36/><G65/><T2/><D115/><U131/><E77/><V107/><F107/><W123/><G36/><T70/><D70/><U56/><E27/><V62/><F44/><W118/><G123/><T120/><D76/><U14/><E14/><N who="2" m="7247" /><F80/><W125/><G118/><T15/><D2/><U82/><E5/><V105/><F105/><W64/><G83/><T79/><D4/><U67/><REACH who="1" step="1"/><E1/><REACH who="1" ten="232,205,370,183" step="2"/><V21/><F21/><W12/><G22/><T117/><D26/><U61/><E61/><V25/><F25/><W17/><G125/><T42/><D124/><U33/><E33/><V24/><F24/><W71/><G126/><T85/><D117/><U84/><E84/><V73/><F73/><W69/><G87/><T7/><D85/><U30/><E30/><V51/><F60/><W13/><G75/><T52/><D7/><U108/><E108/><V18/><F18/><W28/><G17/><T6/><D6/><U54/><BYE who="0" /><E54/><AGARI ba="0,1" hai="10,11,51,53,54,57,58,62" m="7247,51307" machi="54" ten="30,7700,0" yaku="20,1,52,2,54,1" doraHai="50" who="2" fromWho="1" sc="232,0,205,-77,370,87,183,0" /><INIT seed="6,0,0,1,1,13" ten="232,128,457,183" oya="2" hai0="123,75,127,77,85,111,20,70,112,83,16,86,57" hai1="87,105,82,62,126,43,26,104,0,35,59,56,108" hai2="96,89,15,34,7,46,49,98,109,48,118,74,119" hai3="41,40,79,102,103,135,114,10,107,51,60,97,58"/><V93/><F74/><W72/><G135/><T21/><D21/><U63/><E108/><V69/><F34/><W42/><G114/><T23/><D23/><U1/><E43/><V11/><F109/><W76/><G103/><T113/><D113/><U133/><E35/><V128/><F69/><W121/><G121/><T18/><D18/><U55/><E133/><UN n0="%EF%BC%93%E7%95%AA%E3%82%B7%E3%83%A7%E3%83%BC%E3%83%88%E5%9D%82%E7%94%B0" /><V53/><F128/><W54/><G72/><T95/><D70/><U5/><E26/><V31/><F31/><W132/><G132/><T25/><D111/><U120/><E120/><V106/><F106/><W91/><G91/><T2/><D2/><U115/><E115/><V117/><F96/><W14/><REACH who="3" step="1"/><G60/><REACH who="3" ten="232,128,457,173" step="2"/><T38/><D112/><U116/><E116/><V124/><F117/><W64/><G64/><T4/><D75/><U30/><E126/><V90/><F124/><W100/><G100/><T110/><D127/><U68/><E68/><V73/><F73/><W19/><AGARI ba="0,1" hai="10,14,19,40,41,42,51,54,58,76,79,97,102,107" machi="19" ten="30,4000,0" yaku="1,1,0,1,52,1,53,0" doraHai="13" doraHaiUra="78" who="3" fromWho="3" sc="232,-10,128,-10,457,-20,173,50" /><INIT seed="7,0,0,4,1,16" ten="222,118,437,223" oya="3" hai0="133,75,107,122,25,59,116,84,78,47,38,68,21" hai1="55,126,65,114,99,131,44,46,58,132,111,60,115" hai2="33,123,71,117,6,105,83,20,5,134,8,92,87" hai3="125,72,89,52,51,37,22,70,36,98,50,112,56"/><W0/><G0/><T81/><D68/><U80/><E80/><V85/><F117/><W121/><G121/><T86/><D116/><U1/><E1/><V73/><F33/><W129/><G70/><T29/><D122/><U82/><E82/><V90/><F105/><W93/><G72/><T43/><D107/><U67/><E99/><V42/><F73/><W63/><G125/><T61/><D133/><U124/><E111/><V79/><F134/><W12/><G129/><T28/><D28/><U100/><E100/><V64/><F42/><W135/><G135/><T120/><D120/><U102/><E102/><V34/><F34/><W57/><G112/><N who="1" m="43050" /><E132/><V74/><F5/><W11/><G51/><T13/><D13/><U103/><E103/><V31/><F64/><AGARI ba="0,0" hai="21,25,29,38,43,47,59,61,64,75,78,81,84,86" machi="64" ten="30,2000,0" yaku="7,1,52,1" doraHai="16" who="0" fromWho="2" sc="222,20,118,0,437,-20,223,0" owari="242,4.0,118,-38.0,417,52.0,223,-18.0" /></mjloggm>