<mjloggm ver="2.3"><GO type="169" lobby="0"/><UN n0="%E9%81%8A%E8%B5%B0" n1="%E3%81%B2%E3%81%90%E3%81%A1" n2="%E9%BB%92%E7%8A%AC%40%E3%81%A6%E3%82%93%E3%81%BB%E3%83%BC" n3="%E5%8F%A4%E6%9C%AC" dan="16,17,16,16" rate="2156.83,2236.30,2096.78,2060.29" sx="M,M,F,M"/><TAIKYOKU oya="0"/><INIT seed="0,0,0,5,1,102" ten="250,250,250,250" oya="0" hai0="65,52,9,74,130,14,57,30,15,45,133,78,54" hai1="110,81,46,38,122,49,128,58,36,13,90,70,103" hai2="53,1,79,101,77,82,32,119,88,84,73,23,11" hai3="29,26,71,100,126,72,69,120,62,68,42,51,55"/><T2/><D2/><U75/><E122/><V7/><F32/><W104/><G72/><T123/><D123/><U85/><E70/><V66/><F119/><W112/><G120/><T4/><D133/><U129/><E110/><V109/><F109/><W37/><G112/><T64/><D130/><N who="1" m="50283" /><E75/><V111/><F111/><W47/><G126/><T76/><D30/><U83/><E58/><V25/><F66/><N who="0" m="25706" /><D74/><U34/><E34/><V98/><F53/><N who="0" m="20586" /><D57/><U63/><E63/><V20/><F25/><W117/><G62/><T132/><D132/><U134/><E134/><V87/><F87/><W18/><G117/><T114/><D114/><U92/><E13/><N who="0" m="4617" /><D45/><U12/><E12/><V59/><F59/><W108/><G29/><T80/><D80/><N who="1" m="30795" /><E103/><V5/><F5/><W21/><G100/><T39/><D39/><U113/><E113/><V91/><F91/><W56/><REACH who="3" step="1"/><G108/><REACH who="3" ten="250,250,250,240" step="2"/><T22/><D4/><U60/><E60/><V93/><F77/><N who="0" m="29802" /><D22/><U17/><E36/><V115/><REACH who="2" step="1"/><F115/><REACH who="2" ten="250,250,240,240" step="2"/><W95/><G95/><AGARI ba="0,2" hai="1,7,11,20,23,73,79,82,84,88,93,95,98,101" machi="95" ten="30,7700,0" yaku="1,1,2,1,7,1,54,1,53,0" doraHai="102" doraHaiUra="121" who="2" fromWho="3" sc="250,0,250,0,240,97,240,-77" /><INIT seed="1,0,0,4,5,38" ten="250,250,337,163" oya="1" hai0="34,37,68,81,133,96,116,73,14,26,36,23,5" hai1="112,52,100,109,32,99,44,104,110,10,103,75,91" hai2="70,85,2,97,30,101,53,102,86,57,74,123,0" hai3="79,87,33,121,28,61,43,13,83,67,120,131,63"/><U50/><E112/><V122/><F70/><W118/><G118/><T29/><D116/><U16/><E32/><V3/><F30/><W47/><G131/><T11/><D68/><U114/><E114/><V18/><F74/><W8/><G28/><T21/><D133/><U128/><E128/><V40/><F40/><W98/><G98/><T58/><D96/><U41/><E75/><V59/><F97/><W127/><G33/><T55/><D23/><U92/><E104/><V65/><F18/><W45/><G45/><T80/><D34/><U72/><E72/><V69/><F69/><W49/><G127/><T90/><D80/><U35/><E35/><V107/><F107/><W132/><G132/><T22/><D22/><U60/><E60/><V93/><F93/><W56/><REACH who="3" step="1"/><G63/><REACH who="3" ten="250,250,337,153" step="2"/><T64/><D36/><U27/><E103/><V78/><F102/><W117/><G117/><T31/><D37/><U94/><E109/><V42/><F101/><W111/><G111/><T6/><D31/><U19/><E110/><V24/><F123/><W7/><AGARI ba="0,1" hai="7,8,13,43,47,49,56,61,67,79,83,87,120,121" machi="7" ten="20,12000,2" yaku="1,1,0,1,7,1,25,2,52,1,53,0" doraHai="38" doraHaiUra="108" who="3" fromWho="3" sc="250,-30,250,-60,337,-30,153,130" /><INIT seed="2,0,0,3,5,71" ten="220,190,307,283" oya="2" hai0="112,114,57,98,88,128,106,82,109,38,45,55,79" hai1="33,118,49,21,108,42,2,13,18,8,47,39,107" hai2="133,93,131,63,92,102,85,46,78,134,105,69,77" hai3="16,17,95,113,119,80,101,27,23,117,36,67,51"/><V99/><F69/><W25/><G67/><T81/><D128/><U44/><E118/><V29/><F63/><W10/><G80/><T103/><D109/><U30/><E107/><V104/><F29/><W121/><G51/><T75/><D45/><U0/><E108/><V56/><F56/><W3/><G95/><T116/><D116/><U90/><E33/><V28/><F28/><W94/><G94/><T14/><D38/><U11/><E90/><N who="2" m="53455" /><F46/><W124/><G101/><T96/><D96/><U60/><E60/><V76/><F131/><W43/><G43/><T83/><D14/><U130/><E130/><V132/><AGARI ba="0,0" hai="76,77,78,92,99,102,104,105,132,133,134" m="53455" machi="132" ten="40,7800,0" yaku="20,1,34,2" doraHai="71" who="2" fromWho="2" sc="220,-26,190,-26,307,78,283,-26" /><INIT seed="2,1,0,3,0,84" ten="194,164,385,257" oya="2" hai0="45,86,42,122,24,22,101,132,54,58,108,81,46" hai1="135,20,13,59,21,94,10,98,119,131,126,124,130" hai2="91,69,115,95,129,64,36,26,118,33,82,61,11" hai3="39,0,30,67,6,105,103,25,19,56,53,68,83"/><V66/><F36/><W70/><G39/><T113/><D122/><U44/><E44/><V2/><F118/><W121/><G121/><T52/><D132/><U1/><E119/><V99/><F115/><W27/><G19/><T89/><D113/><U8/><E59/><V76/><F129/><N who="1" m="49161" /><E98/><V78/><F66/><W114/><G114/><T37/><D108/><U110/><E94/><V107/><F107/><W41/><G41/><T15/><D101/><U102/><E102/><V85/><F2/><W28/><G103/><T88/><D15/><U63/><E63/><V74/><F11/><N who="1" m="4137" /><E1/><V18/><F78/><W133/><G0/><T73/><D73/><U62/><E62/><V48/><F48/><W127/><G105/><T3/><D3/><U120/><E120/><V123/><F123/><W116/><G56/><T51/><D58/><U104/><E104/><V106/><F106/><W14/><G116/><T4/><D4/><U47/><E47/><V79/><F79/><W65/><G6/><T17/><D54/><U60/><E60/><V7/><F7/><W90/><G53/><T50/><D37/><U134/><E110/><V87/><REACH who="2" step="1"/><F33/><REACH who="2" ten="194,164,375,257" step="2"/><W12/><G67/><T77/><AGARI ba="1,1" hai="17,22,24,42,45,46,50,51,52,77,81,86,88,89" machi="77" ten="20,12000,2" yaku="0,1,7,1,8,1,52,2,54,2" doraHai="84" who="0" fromWho="0" sc="194,133,164,-31,375,-61,257,-31" /><INIT seed="3,0,0,0,1,135" ten="327,133,314,226" oya="3" hai0="123,80,52,42,58,14,4,96,78,13,89,41,24" hai1="2,110,12,53,3,133,73,49,30,55,68,72,83" hai2="9,85,93,130,33,61,63,54,39,50,105,92,113" hai3="81,103,71,22,98,97,134,60,115,77,7,57,16"/><W38/><G115/><T106/><D123/><U45/><E110/><V46/><F105/><W132/><G38/><T114/><D114/><U70/><E30/><V82/><F33/><W95/><G7/><T124/><D124/><U128/><E133/><N who="3" m="51306" /><G71/><T69/><D69/><U26/><E26/><V86/><F113/><W5/><G5/><T0/><D0/><U108/><E108/><V99/><F130/><W34/><G34/><T11/><D24/><U15/><E83/><V109/><F9/><W40/><G40/><N who="0" m="15467" /><D106/><U59/><E49/><V32/><F32/><W104/><G104/><T67/><D67/><U127/><E59/><V64/><F39/><W6/><G6/><T111/><D111/><U66/><E66/><V27/><F27/><N who="3" m="14791" /><G98/><T10/><D96/><U125/><REACH who="1" step="1"/><E45/><REACH who="1" ten="327,123,314,226" step="2"/><V65/><F109/><W122/><G122/><T8/><D58/><U126/><E126/><V91/><F64/><N who="3" m="38927" /><G81/><T56/><D80/><U116/><E116/><V131/><F65/><W37/><G37/><T76/><D56/><U36/><E36/><V25/><F131/><AGARI ba="0,1" hai="2,3,12,15,53,55,68,70,72,73,125,127,128,131" machi="131" ten="25,12000,2" yaku="1,1,22,2,52,2,53,2" doraHai="135" doraHaiUra="48" who="1" fromWho="2" sc="327,0,123,130,314,-120,226,0" /><INIT seed="4,0,0,4,1,23" ten="327,253,194,226" oya="0" hai0="70,132,53,83,79,59,104,39,24,45,61,0,75" hai1="84,41,7,35,117,105,48,58,64,29,131,25,127" hai2="40,42,15,32,109,36,80,47,112,10,5,77,9" hai3="54,31,108,119,50,19,118,28,74,116,97,14,8"/><T73/><D132/><U55/><E117/><V37/><F32/><W4/><G108/><T12/><D104/><U57/><E105/><V96/><F96/><W121/><G74/><T88/><D0/><U66/><E131/><V86/><F112/><W76/><G76/><T110/><D110/><U62/><E127/><V82/><F109/><W87/><G87/><T51/><D70/><U115/><E115/><V114/><F114/><W34/><G34/><T123/><D123/><U128/><E128/><V46/><F10/><W49/><G97/><T38/><D75/><U52/><E7/><V44/><REACH who="2" step="1"/><F82/><REACH who="2" ten="327,253,184,226" step="2"/><W33/><G33/><T99/><D99/><U98/><E98/><V93/><F93/><W3/><G121/><T21/><D83/><U16/><E84/><V94/><F94/><W111/><G111/><T43/><D73/><U124/><E124/><V27/><F27/><W135/><G135/><T1/><D24/><U17/><REACH who="1" step="1"/><E41/><AGARI ba="0,1" hai="5,9,15,36,37,40,41,42,44,46,47,77,80,86" machi="41" ten="40,1300,0" yaku="1,1,53,0" doraHai="23" doraHaiUra="113" who="2" fromWho="1" sc="327,0,253,-13,184,23,226,0" /><INIT seed="5,0,0,1,2,4" ten="327,240,207,226" oya="1" hai0="130,44,13,75,34,87,8,5,54,57,17,38,12" hai1="134,60,97,71,20,45,33,100,124,80,72,107,50" hai2="103,46,90,96,99,31,81,66,37,129,48,10,131" hai3="23,52,47,76,2,88,135,95,70,9,41,121,69"/><U59/><E33/><V127/><F37/><W21/><G121/><T119/><D119/><U133/><E71/><V126/><F31/><W108/><G108/><T22/><D75/><U128/><E124/><N who="2" m="47659" /><F66/><W65/><G70/><T16/><D130/><N who="2" m="49674" /><F103/><W25/><G135/><T43/><D34/><U7/><E7/><V29/><F29/><W93/><G76/><T85/><D5/><U68/><E20/><V36/><F36/><W53/><G2/><T91/><D91/><U110/><E68/><V58/><F58/><W83/><G69/><T35/><D35/><U101/><E101/><V106/><F106/><W86/><G65/><T105/><D105/><U6/><E6/><V104/><F104/><W51/><G9/><T40/><D40/><U18/><E18/><V3/><F3/><W49/><G41/><T120/><D120/><U116/><E116/><V24/><F24/><W61/><G61/><AGARI ba="0,0" hai="8,12,13,16,17,22,38,43,44,54,57,61,85,87" machi="61" ten="30,3900,0" yaku="7,1,52,1,54,1" doraHai="4" who="0" fromWho="3" sc="327,39,240,0,207,0,226,-39" /><INIT seed="6,0,0,0,2,68" ten="366,240,207,187" oya="2" hai0="4,50,77,119,31,56,14,11,80,130,48,122,33" hai1="54,90,109,117,94,126,84,40,35,99,6,115,108" hai2="47,45,20,79,104,75,105,1,28,76,114,46,106" hai3="63,120,36,22,107,102,69,3,127,41,124,81,98"/><V58/><F1/><W93/><G120/><T42/><D122/><U39/><E117/><V9/><F9/><W112/><G3/><T110/><D110/><U78/><E35/><V132/><F132/><W96/><G81/><T64/><D130/><U91/><E6/><V111/><F111/><W43/><G41/><T2/><D2/><U44/><E115/><V12/><F114/><W131/><G112/><T123/><D123/><U27/><E126/><N who="3" m="48170" /><G131/><T53/><D119/><U59/><E78/><V5/><F5/><W66/><G22/><T26/><D64/><U19/><E19/><V118/><F118/><W62/><G62/><T85/><D42/><U125/><E27/><V30/><F58/><W89/><G43/><T61/><AGARI ba="0,0" hai="4,11,14,26,31,33,48,50,53,56,61,77,80,85" machi="61" ten="20,1500,0" yaku="0,1,7,1" doraHai="68" who="0" fromWho="0" sc="366,15,240,-4,207,-7,187,-4" /><INIT seed="7,0,0,1,4,4" ten="381,236,200,183" oya="3" hai0="22,34,41,24,132,130,89,135,103,128,123,127,121" hai1="116,73,93,70,29,114,75,15,11,10,92,71,113" hai2="5,115,68,126,55,101,82,32,0,97,98,106,18" hai3="28,60,27,46,16,12,23,77,124,47,64,31,86"/><W108/><G124/><T17/><D127/><U6/><E29/><V99/><F126/><W57/><G108/><T25/><D103/><U84/><E84/><V20/><F32/><W7/><G7/><T53/><D41/><U96/><E116/><V33/><F33/><W76/><G31/><N who="0" m="19823" /><D53/><U39/><E39/><V119/><F115/><N who="1" m="44041" /><E11/><V69/><F119/><W67/><G64/><T109/><D89/><N who="1" m="55311" /><E93/><V21/><F82/><N who="3" m="47431" /><G77/><T59/><D59/><U95/><E95/><V40/><F69/><AGARI ba="0,0" hai="6,10,15,69,70,71,73,75" m="55311,44041" machi="69" ten="30,2000,0" yaku="15,1,52,1" doraHai="4" who="1" fromWho="2" sc="381,0,236,20,200,-20,183,0" owari="381,48.0,256,6.0,180,-32.0,183,-22.0" /></mjloggm>