<mjloggm ver="2.3"><GO type="169" lobby="0"/><UN n0="%E7%B7%91%E3%81%AE%E3%83%A9%E3%83%B3%E3%83%97" n1="%E9%9B%AA%E6%9C%88%E9%A2%A8%E8%8A%B1" n2="%E3%83%8F%E3%82%BF%E3%83%A2%E3%83%88%E3%83%92%E3%83%AD" n3="%E3%82%84%E3%81%BE%E3%81%8C%E3%82%89%E3%83%BC" dan="16,16,17,17" rate="2073.96,2213.82,2151.88,2176.62" sx="M,F,M,M"/><TAIKYOKU oya="0"/><INIT seed="0,0,0,5,1,42" ten="250,250,250,250" oya="0" hai0="21,22,68,77,45,4,90,31,134,37,59,60,84" hai1="69,103,29,93,8,56,73,109,128,43,105,112,26" hai2="9,50,118,54,47,15,18,106,67,102,71,127,33" hai3="135,85,81,125,101,94,88,75,11,64,124,23,19"/><T28/><D68/><U82/><E69/><V116/><F33/><W25/><G135/><T117/><D117/><N who="2" m="45162" /><F127/><N who="3" m="48715" /><G64/><T57/><D77/><U98/><E109/><V132/><F132/><W1/><G101/><T0/><D0/><U52/><E128/><V72/><F72/><W7/><G75/><T78/><D78/><U121/><E121/><V46/><F106/><W131/><G131/><T130/><D4/><U49/><E112/><V44/><F102/><W104/><G104/><T2/><D2/><U107/><E8/><V36/><F36/><W48/><G48/><T39/><D134/><U58/><E73/><V20/><F9/><W89/><G89/><T14/><D130/><U32/><E82/><AGARI ba="0,0" hai="1,7,11,19,23,25,81,82,85,88,94" m="48715" machi="82" ten="30,2000,0" yaku="18,1,54,1" doraHai="42" who="3" fromWho="1" sc="250,0,250,-20,250,0,250,20" /><INIT seed="1,0,0,3,5,64" ten="250,230,250,270" oya="1" hai0="23,16,97,0,6,76,95,25,54,117,27,120,24" hai1="61,92,65,67,38,1,112,109,73,31,129,84,66" hai2="17,48,105,52,51,15,125,71,35,88,113,104,78" hai3="131,89,22,60,82,119,100,36,7,127,3,46,45"/><U56/><E112/><V90/><F35/><W106/><G106/><T83/><D117/><U75/><E1/><V53/><F113/><W85/><G100/><T111/><D120/><U29/><E38/><V118/><F78/><W59/><G119/><T96/><D111/><U103/><E109/><V99/><F118/><W5/><G127/><T34/><D0/><U32/><E129/><V37/><F37/><W49/><G36/><T21/><D6/><U91/><E103/><V115/><F115/><W114/><G131/><T44/><D34/><U57/><E32/><V72/><F72/><W110/><G110/><T42/><D54/><U122/><E122/><V26/><F26/><W20/><G46/><T126/><D126/><U135/><E135/><V86/><F71/><W121/><G121/><T33/><D33/><U133/><E133/><V87/><F99/><W11/><G5/><T107/><D107/><U102/><E102/><V19/><F15/><W55/><REACH who="3" step="1"/><G114/><REACH who="3" ten="250,230,250,260" step="2"/><T116/><D44/><U63/><REACH who="1" step="1"/><E66/><AGARI ba="0,1" hai="3,7,11,20,22,45,49,55,59,60,66,82,85,89" machi="66" ten="30,3900,0" yaku="1,1,2,1,7,1,53,0" doraHai="64" doraHaiUra="12" who="3" fromWho="1" sc="250,0,230,-39,250,0,260,49" /><INIT seed="2,0,0,2,3,78" ten="250,191,250,309" oya="2" hai0="35,135,27,9,59,92,11,5,89,44,134,118,61" hai1="93,65,49,120,28,26,19,23,17,109,48,103,83" hai2="66,121,87,38,25,108,101,21,34,0,60,15,56" hai3="74,72,117,4,122,94,51,79,3,43,127,84,99"/><V88/><F0/><W106/><G117/><T85/><D118/><U102/><E120/><V82/><F38/><W131/><G122/><T45/><D35/><U104/><E109/><V107/><F121/><W76/><G127/><T86/><D86/><U71/><E104/><V128/><F128/><W69/><G69/><T96/><D96/><U90/><E71/><V58/><F34/><W33/><G33/><T24/><D24/><U12/><E65/><V100/><F108/><W40/><G4/><T18/><D27/><U114/><E114/><V68/><F15/><W64/><G64/><T54/><D18/><N who="1" m="6667" /><E12/><V81/><F107/><W52/><G3/><T95/><D95/><U57/><E57/><V98/><F98/><W129/><G106/><T42/><D11/><U63/><E63/><N who="2" m="38247" /><F68/><W73/><G40/><T124/><D124/><U110/><E110/><V36/><F36/><W2/><G43/><T132/><REACH who="0" step="1"/><D42/><REACH who="0" ten="240,191,250,309" step="2"/><U6/><E93/><N who="2" m="54431" /><F25/><W13/><G99/><T62/><D62/><U32/><E32/><V130/><F130/><W133/><G129/><T125/><D125/><U14/><E26/><V31/><F31/><W119/><G131/><T30/><D30/><U111/><E28/><V37/><F21/><W70/><G119/><T50/><D50/><N who="1" m="19563" /><E23/><V91/><F37/><W1/><G51/><T10/><D10/><N who="1" m="4439" /><E111/><V29/><F29/><W75/><G72/><T47/><D47/><U46/><E46/><V116/><F116/><W22/><G74/><T97/><D97/><U67/><E67/><N who="2" m="39319" /><F91/><N who="3" m="53607" /><G75/><T41/><D41/><U123/><E123/><V8/><F8/><RYUUKYOKU ba="0,1" sc="240,10,191,10,250,10,309,-30" hai0="5,9,44,45,54,59,61,85,89,92,132,134,135" hai1="83,90,102,103" hai2="81,82,100,101" /><INIT seed="2,1,1,0,4,109" ten="250,201,260,279" oya="2" hai0="16,103,90,110,102,107,71,55,106,1,21,91,122" hai1="30,6,25,134,27,11,74,57,108,62,65,44,18" hai2="83,98,46,85,73,131,36,24,28,3,113,52,81" hai3="123,26,92,41,35,66,72,50,97,43,20,133,93"/><V75/><F3/><W78/><G123/><T60/><D1/><U63/><E108/><V100/><F131/><W59/><G35/><T95/><D110/><U135/><E74/><V0/><F0/><W86/><G72/><T8/><D8/><U101/><E101/><V82/><F85/><W127/><G127/><T76/><D122/><U61/><E44/><V111/><F113/><W118/><G133/><N who="1" m="50698" /><E18/><V129/><F129/><W49/><G49/><T47/><D76/><U34/><E25/><V121/><F121/><W70/><G70/><T2/><D2/><AGARI ba="1,1" hai="2,6,11,27,30,34,57,61,62,63,65" m="50698" machi="2" ten="30,1000,0" yaku="20,1" doraHai="109" who="1" fromWho="0" sc="250,-13,201,23,260,0,279,0" /><INIT seed="3,0,0,0,1,21" ten="237,224,260,279" oya="3" hai0="115,33,114,46,117,34,96,18,121,81,68,43,94" hai1="27,127,38,103,107,48,47,19,32,30,64,88,73" hai2="53,71,63,134,5,108,61,50,87,77,58,12,74" hai3="2,133,84,0,14,126,56,72,119,4,95,92,120"/><W1/><G72/><T15/><D81/><U24/><E73/><V89/><F108/><W113/><G119/><T122/><D68/><U37/><E127/><V76/><F134/><W16/><G113/><N who="0" m="43019" /><D117/><U90/><E64/><V7/><F74/><W57/><G120/><T102/><D122/><U135/><E135/><V123/><F123/><W67/><G133/><T109/><D109/><U20/><E103/><V116/><F71/><W55/><G126/><T17/><D121/><U35/><E107/><V11/><F5/><W25/><G25/><T101/><D101/><U130/><E35/><N who="0" m="13321" /><D15/><U8/><E8/><V104/><F104/><W124/><G124/><T97/><D97/><U52/><E130/><V9/><F11/><W85/><G4/><T13/><D13/><U36/><AGARI ba="0,0" hai="19,20,24,27,30,32,36,37,38,47,48,52,88,90" machi="36" ten="30,8000,1" yaku="0,1,52,2,54,2" doraHai="21" who="1" fromWho="1" sc="237,-20,224,80,260,-20,279,-40" /><INIT seed="4,0,0,0,1,21" ten="217,304,240,239" oya="0" hai0="22,63,43,96,13,38,80,108,25,26,17,67,8" hai1="104,68,12,10,48,50,113,55,32,124,44,27,87" hai2="65,79,49,129,71,0,103,109,110,41,81,4,30" hai3="24,75,52,37,105,16,123,102,106,74,46,121,59"/><T31/><D108/><U135/><E68/><V2/><F49/><N who="3" m="31119" /><G37/><T89/><D38/><U97/><E113/><V125/><F41/><W111/><G111/><T34/><D43/><U134/><E124/><V51/><F51/><W60/><G60/><T88/><D80/><U132/><E87/><V114/><F125/><W7/><G7/><T99/><D99/><U61/><E61/><V92/><F0/><W54/><G54/><T119/><D96/><U1/><E1/><V98/><F129/><W128/><G46/><T36/><D36/><U118/><E48/><V5/><F65/><W15/><G102/><T101/><D101/><N who="1" m="62511" /><E118/><V62/><F62/><W73/><G24/><T83/><D83/><U18/><E27/><V107/><F114/><W3/><G3/><T56/><REACH who="0" step="1"/><D119/><REACH who="0" ten="207,304,240,239" step="2"/><U45/><E134/><V23/><F103/><W131/><G131/><T72/><D72/><U127/><E44/><V133/><F133/><N who="1" m="51273" /><E127/><V117/><F117/><W115/><G128/><T70/><D70/><U85/><E85/><V19/><F71/><W64/><G115/><T122/><D122/><N who="3" m="46601" /><G64/><T78/><D78/><U58/><E45/><V29/><F79/><W112/><G112/><T20/><D20/><AGARI ba="0,1" hai="15,16,20,73,74,75,105,106" m="46601,31119" machi="20" ten="40,5200,0" yaku="13,1,54,2" doraHai="21" who="3" fromWho="0" sc="207,-52,304,0,240,0,239,62" /><INIT seed="5,0,0,3,2,128" ten="155,304,240,301" oya="1" hai0="46,38,4,40,24,135,18,49,74,82,97,52,8" hai1="19,26,37,28,111,64,12,27,100,118,13,59,32" hai2="115,113,87,89,127,65,130,103,66,108,75,70,68" hai3="47,91,44,14,16,96,119,42,120,62,104,31,0"/><U92/><E118/><V86/><F75/><W60/><G120/><T73/><D97/><U84/><E37/><V109/><F89/><W83/><G0/><T20/><D82/><U76/><E111/><V131/><REACH who="2" step="1"/><F127/><REACH who="2" ten="155,304,230,301" step="2"/><W81/><G91/><T63/><D74/><U116/><E76/><V98/><F98/><W25/><G96/><T39/><D73/><U6/><E84/><V45/><F45/><W33/><G47/><T123/><D123/><U71/><E116/><V79/><F79/><W61/><G119/><T57/><REACH who="0" step="1"/><D135/><REACH who="0" ten="145,304,230,301" step="2"/><U11/><E100/><AGARI ba="0,2" hai="65,66,68,70,86,87,100,103,108,109,113,115,130,131" machi="100" ten="25,3200,0" yaku="1,1,22,2,53,0" doraHai="128" doraHaiUra="56" who="2" fromWho="1" sc="145,0,304,-32,230,52,301,0" /><INIT seed="6,0,0,0,1,115" ten="145,272,282,301" oya="2" hai0="132,104,53,26,116,65,58,27,103,114,117,83,14" hai1="118,76,106,50,59,129,2,30,108,34,18,35,77" hai2="101,80,31,130,11,21,68,3,133,86,128,88,79" hai3="75,54,102,42,0,66,126,9,60,7,16,8,73"/><V89/><F133/><W127/><G42/><T91/><D132/><U12/><E108/><V99/><F68/><W19/><G102/><T113/><D14/><U70/><E70/><V87/><F31/><W17/><G54/><T93/><D83/><U15/><E2/><V47/><F21/><W72/><REACH who="3" step="1"/><G8/><REACH who="3" ten="145,272,282,291" step="2"/><T39/><D39/><U107/><E129/><N who="2" m="49771" /><F47/><W125/><G125/><T131/><D131/><U134/><E134/><V110/><F110/><W32/><G32/><T25/><D103/><U100/><E100/><V29/><F29/><W10/><G10/><T51/><D65/><U44/><E30/><V109/><F109/><W41/><G41/><T123/><D123/><U84/><E44/><V23/><F23/><W112/><G112/><N who="0" m="43115" /><D104/><U43/><E43/><V63/><F11/><W46/><G46/><T28/><D28/><U69/><E106/><V71/><F3/><W48/><G48/><T92/><D92/><U122/><E107/><N who="2" m="63935" /><F63/><W124/><G124/><T5/><D5/><U81/><E122/><V74/><F71/><AGARI ba="0,1" hai="0,7,9,16,17,19,60,66,71,72,73,75,126,127" machi="71" ten="50,6400,0" yaku="1,1,54,1,53,1" doraHai="115" doraHaiUra="64" who="3" fromWho="2" sc="145,0,272,0,282,-64,291,74" /><INIT seed="7,0,0,0,3,88" ten="145,272,218,365" oya="3" hai0="71,133,124,85,44,128,25,52,22,82,42,87,97" hai1="131,74,96,20,60,21,107,61,19,114,115,94,23" hai2="45,16,12,0,46,110,57,8,112,4,9,37,72" hai3="91,129,18,90,77,35,95,123,108,89,54,130,38"/><W122/><G108/><T34/><D133/><U27/><E107/><V101/><F110/><W119/><G119/><T47/><D128/><N who="3" m="49257" /><G38/><T48/><D124/><U113/><E74/><V15/><F72/><W121/><G35/><T55/><D71/><U125/><E125/><V17/><F112/><W111/><G111/><T134/><D134/><U1/><E1/><V75/><F75/><W98/><G77/><T63/><D34/><U2/><E2/><V120/><F120/><W66/><G66/><T3/><D3/><U53/><E131/><V30/><F30/><W73/><G73/><T11/><D11/><U67/><E60/><V64/><F37/><W92/><G18/><T105/><D63/><U5/><E5/><V78/><F78/><W118/><G118/><T116/><D116/><U49/><E49/><V76/><F76/><W127/><G127/><T31/><D82/><U117/><E117/><V69/><F69/><W14/><G14/><T86/><REACH who="0" step="1"/><D47/><REACH who="0" ten="135,272,218,365" step="2"/><U99/><E113/><V33/><F33/><W26/><G122/><T24/><D24/><U39/><E27/><V40/><F45/><W68/><G26/><T62/><D62/><U7/><E61/><V56/><F64/><W84/><G68/><T32/><D32/><U81/><E67/><V104/><F0/><W13/><G121/><T102/><AGARI ba="0,1" hai="22,25,31,42,44,48,52,55,85,86,87,97,102,105" machi="102" ten="30,7900,0" yaku="1,1,0,1,54,1,53,1" doraHai="88" doraHaiUra="43" who="0" fromWho="0" sc="135,89,272,-20,218,-20,365,-39" owari="224,-18.0,252,5.0,198,-30.0,326,43.0" /></mjloggm>