<mjloggm ver="2.3"><GO type="169" lobby="0"/><UN n0="%62%69%67%6D%6F%75%74%68" n1="%41%79%6F%75%46" n2="%E3%81%8B%E3%82%8A%E3%82%93%E3%81%95%E3%82%93" n3="%EF%BC%93%E7%95%AA%E3%82%B7%E3%83%A7%E3%83%BC%E3%83%88%E5%9D%82%E7%94%B0" dan="16,17,18,17" rate="2079.29,2138.31,2211.61,2170.24" sx="M,M,M,M"/><TAIKYOKU oya="0"/><INIT seed="0,0,0,4,2,98" ten="250,250,250,250" oya="0" hai0="49,127,112,62,107,31,46,26,123,124,27,54,79" hai1="94,86,12,133,48,87,41,134,13,121,92,34,18" hai2="83,126,16,14,67,82,37,1,128,21,32,43,56" hai3="59,135,97,77,101,5,0,7,102,115,130,11,35"/><T76/><D123/><U47/><E34/><V58/><F32/><W44/><G115/><T114/><D107/><U45/><E48/><V3/><F126/><N who="0" m="48170" /><D62/><U129/><E41/><V38/><F128/><W109/><G35/><N who="0" m="20983" /><D27/><U63/><E63/><V65/><F14/><W89/><G130/><T55/><D55/><U50/><E50/><V39/><F21/><W78/><G135/><T70/><D70/><U81/><E129/><V95/><F37/><W2/><G44/><T52/><D54/><U91/><E81/><V8/><F95/><W71/><G71/><T25/><D25/><U51/><E51/><V108/><F43/><W64/><G59/><T68/><D68/><U33/><E33/><V99/><F56/><W104/><G104/><T96/><D96/><U132/><E121/><V105/><F99/><W29/><G97/><T110/><D110/><U93/><E91/><V23/><F105/><W100/><G89/><T72/><D72/><U90/><E90/><V119/><F108/><W66/><G109/><T125/><N who="0" m="48178" /><T103/><DORA hai="28" /><D103/><U24/><E24/><V6/><F58/><W17/><G29/><T116/><D116/><U57/><E57/><V61/><F119/><W118/><G118/><T113/><AGARI ba="0,0" hai="46,49,52,76,79,112,113,114" m="20983,48178" machi="113" ten="50,9600,0" yaku="18,1,52,1,54,1" doraHai="98,28" who="0" fromWho="0" sc="250,96,250,-32,250,-32,250,-32" /><INIT seed="0,1,0,5,2,22" ten="346,218,218,218" oya="0" hai0="130,128,113,65,108,125,56,85,76,55,111,18,75" hai1="58,31,50,92,41,82,95,42,61,16,79,73,117" hai2="67,126,103,70,10,102,98,45,9,30,21,62,122" hai3="129,97,100,28,119,8,46,29,101,104,25,15,35"/><T14/><D113/><U120/><E117/><V114/><F114/><W115/><G115/><T27/><D75/><U123/><E31/><V38/><F122/><W44/><G129/><N who="0" m="49771" /><D65/><U87/><E123/><V135/><F126/><W121/><G119/><T66/><D66/><U3/><E3/><V43/><F135/><W127/><G127/><T90/><D76/><U93/><E120/><V54/><F102/><W132/><G132/><T17/><D125/><U11/><E73/><V77/><F77/><W107/><G121/><T1/><D1/><U74/><E74/><V72/><F72/><W109/><G109/><N who="0" m="42059" /><D14/><N who="1" m="7263" /><E50/><V63/><F63/><W96/><REACH who="3" step="1"/><G28/><REACH who="3" ten="346,218,218,208" step="2"/><T13/><D13/><U26/><E26/><V69/><F30/><W83/><G83/><N who="0" m="49471" /><D27/><U32/><E32/><V78/><F9/><W110/><G110/><T19/><D19/><AGARI ba="1,1" hai="8,15,19,25,29,35,44,46,96,97,100,101,104,107" machi="19" ten="30,7700,0" yaku="1,1,7,1,9,1,52,1,53,0" doraHai="22" doraHaiUra="81" who="3" fromWho="0" sc="346,-80,218,0,218,0,208,90" /><INIT seed="1,0,0,4,0,31" ten="266,218,218,298" oya="1" hai0="0,20,15,88,60,36,111,132,28,90,99,124,127" hai1="18,107,53,130,54,32,126,26,106,52,34,122,86" hai2="42,57,125,121,81,100,19,46,6,119,7,113,116" hai3="77,17,13,4,67,14,25,98,48,89,64,63,38"/><U70/><E122/><V103/><F121/><W56/><G38/><T73/><D36/><U129/><E70/><V21/><F125/><N who="0" m="48202" /><D0/><U120/><E120/><V29/><F29/><W105/><G77/><T3/><D3/><U72/><E126/><V102/><F81/><W96/><G64/><T24/><D73/><U33/><E72/><V123/><F123/><W55/><G105/><T134/><D111/><U61/><E61/><V9/><F113/><W128/><G128/><N who="1" m="49258" /><E86/><V12/><F57/><W59/><G25/><T69/><D15/><U131/><BYE who="3" /><N who="1" m="49266" /><U50/><DORA hai="82" /><E50/><UN n3="%EF%BC%93%E7%95%AA%E3%82%B7%E3%83%A7%E3%83%BC%E3%83%88%E5%9D%82%E7%94%B0" /><V109/><F109/><W87/><G13/><T79/><D79/><U71/><E71/><V68/><F68/><W108/><G4/><T44/><D44/><U30/><E18/><V104/><F6/><W84/><G108/><T85/><D99/><N who="3" m="37929" /><G89/><N who="0" m="34411" /><D85/><U5/><E5/><V37/><REACH who="2" step="1"/><F104/><AGARI ba="0,0" hai="26,30,32,33,34,52,53,54,104,106,107" m="49266" machi="104" ten="50,12000,1" yaku="19,1,52,3,54,1" doraHai="31,82" who="1" fromWho="2" sc="266,0,218,120,218,-120,298,0" /><INIT seed="1,1,0,0,5,9" ten="266,338,98,298" oya="1" hai0="5,55,40,95,51,29,131,89,49,72,115,1,36" hai1="46,132,102,38,35,15,26,19,43,105,7,53,135" hai2="104,91,103,61,96,59,70,121,80,68,85,75,127" hai3="17,56,60,48,22,120,21,34,77,109,52,2,54"/><U117/><E117/><V125/><F121/><W33/><G120/><T73/><D115/><U94/><E105/><V27/><F27/><W116/><G116/><T82/><D36/><U24/><E7/><V106/><F106/><W71/><G2/><T129/><D29/><U122/><E122/><V87/><F87/><W32/><G109/><T126/><D126/><U92/><E53/><V130/><F130/><N who="0" m="49674" /><D40/><U99/><E94/><V83/><F83/><W69/><G77/><T128/><D82/><U134/><REACH who="1" step="1"/><E35/><REACH who="1" ten="266,328,98,298" step="2"/><V50/><F125/><W44/><REACH who="3" step="1"/><G22/><AGARI ba="1,1" hai="15,19,22,24,26,38,43,46,92,99,102,132,134,135" machi="22" ten="40,12000,1" yaku="1,1,2,1,20,1,52,1,53,1" doraHai="9" doraHaiUra="93" who="1" fromWho="3" sc="266,0,328,133,98,0,298,-123" /><INIT seed="1,2,0,0,4,61" ten="266,461,98,175" oya="1" hai0="94,35,10,66,46,14,79,45,55,135,0,118,16" hai1="121,49,93,120,119,1,99,2,96,30,90,43,112" hai2="128,73,18,76,3,95,4,8,58,57,6,60,42" hai3="86,15,75,38,70,19,82,22,59,107,117,125,115"/><U132/><E112/><V32/><F32/><W53/><G115/><T130/><D118/><U98/><E119/><V11/><F128/><W20/><G117/><T68/><D35/><U78/><E30/><V7/><F57/><W74/><G38/><T65/><D130/><U77/><E43/><V62/><F62/><W47/><G107/><T33/><D33/><U9/><E49/><V108/><F108/><W104/><G104/><T124/><D68/><U83/><E9/><V111/><F111/><W41/><G70/><T85/><D0/><U114/><E114/><V63/><F63/><W116/><G125/><T24/><D124/><U39/><E39/><V102/><F42/><W80/><G80/><N who="0" m="47263" /><D135/><U37/><E37/><V97/><F73/><W5/><G5/><T25/><D94/><U40/><E40/><V71/><F71/><W81/><G81/><T103/><D103/><U100/><E2/><V84/><F3/><W26/><G116/><T131/><D131/><U113/><E1/><V51/><F51/><W101/><G47/><N who="0" m="17931" /><D55/><U23/><E113/><V109/><F109/><W12/><G41/><T105/><D105/><U122/><E132/><V56/><F56/><W27/><G74/><T17/><D25/><U92/><E77/><V36/><F36/><W72/><G75/><T64/><D24/><U44/><E44/><V88/><F76/><N who="3" m="46407" /><G101/><T69/><D69/><U91/><E100/><V133/><F133/><W87/><G72/><T48/><D48/><U134/><E134/><V67/><F18/><AGARI ba="2,0" hai="10,14,16,17,18,64,65,66" m="17931,47263" machi="18" ten="30,8000,1" yaku="8,1,52,3,54,1" doraHai="61" who="0" fromWho="2" sc="266,86,461,0,98,-86,175,0" /><INIT seed="2,0,0,5,2,119" ten="352,461,12,175" oya="2" hai0="45,106,70,10,0,27,127,71,69,79,77,90,56" hai1="33,19,121,104,12,130,22,8,100,82,62,129,107" hai2="40,4,25,95,30,32,94,112,133,72,16,44,78" hai3="114,66,9,37,1,64,43,11,50,120,88,86,128"/><V5/><F112/><W60/><G128/><T46/><D106/><U125/><E33/><V52/><F133/><W35/><G35/><T6/><D127/><U18/><E125/><V84/><F72/><W102/><G114/><T34/><D56/><U99/><E107/><V41/><F41/><W109/><G37/><T7/><D90/><U36/><E36/><V111/><F111/><W97/><G109/><T124/><D124/><U42/><E42/><V76/><F5/><W51/><G1/><T105/><D105/><U134/><E134/><V103/><F4/><W96/><G120/><T23/><D34/><U65/><E82/><V55/><F103/><W126/><G126/><T83/><D7/><U89/><E89/><V2/><F2/><W53/><G50/><T118/><D118/><U54/><E54/><V73/><F73/><W59/><G64/><T31/><REACH who="0" step="1"/><D79/><REACH who="0" ten="342,461,12,175" step="2"/><U92/><E104/><V38/><F78/><W13/><G102/><T24/><D24/><U123/><E129/><V63/><F63/><W67/><G67/><T15/><D15/><U132/><E130/><V3/><F3/><W28/><G13/><T87/><AGARI ba="0,1" hai="0,6,10,23,27,31,45,46,69,70,71,77,83,87" machi="87" ten="30,2000,0" yaku="1,1,0,1,53,0" doraHai="119" doraHaiUra="39" who="0" fromWho="0" sc="342,30,461,-5,12,-10,175,-5" /><INIT seed="3,0,0,3,5,21" ten="372,456,2,170" oya="3" hai0="34,26,104,86,70,61,128,79,58,111,74,123,81" hai1="24,57,47,127,129,60,100,35,78,122,106,72,125" hai2="17,45,77,22,92,59,99,97,52,131,53,13,36" hai3="101,32,112,12,49,117,54,38,2,14,33,119,87"/><W67/><G38/><T51/><D123/><U135/><E122/><V64/><F131/><W19/><G2/><T132/><D104/><U83/><E129/><V94/><F77/><W98/><G112/><T48/><D128/><U121/><E121/><V105/><F105/><W41/><G41/><T110/><D70/><U88/><E135/><V134/><F134/><W29/><G67/><T40/><D132/><U9/><E47/><V113/><F113/><W68/><G68/><T75/><D51/><U124/><E9/><V50/><F64/><W56/><G87/><T43/><D43/><U27/><E35/><V133/><F133/><W42/><G42/><T115/><D115/><U25/><E88/><N who="2" m="55431" /><F36/><W89/><G89/><T96/><D96/><N who="1" m="61703" /><E57/><V30/><F30/><W10/><G12/><T5/><D5/><U114/><E114/><V69/><F69/><W95/><REACH who="3" step="1"/><G29/><REACH who="3" ten="372,456,2,160" step="2"/><T55/><D40/><U0/><E0/><V130/><F130/><W65/><G65/><T82/><D86/><U15/><E15/><V85/><F85/><W1/><G1/><T7/><D75/><U31/><E31/><V84/><F84/><W107/><G107/><T103/><D74/><U102/><E102/><N who="2" m="60791" /><F53/><W90/><G90/><T120/><D103/><U66/><E66/><V20/><F45/><W3/><G3/><T80/><D120/><U71/><E71/><V37/><F37/><W118/><AGARI ba="0,1" hai="10,14,19,32,33,49,54,56,95,98,101,117,118,119" machi="118" ten="30,6000,0" yaku="1,1,0,1,53,1" doraHai="21" doraHaiUra="91" who="3" fromWho="3" sc="372,-20,456,-20,2,-20,160,70" owari="352,15.0,436,54.0,-18,-52.0,230,-17.0" /></mjloggm>