<mjloggm ver="2.3"><GO type="185" lobby="0"/><UN n0="%E5%A4%9A%E6%9E%97%E6%99%8B" n1="%E3%82%A2%E3%83%AA%E3%82%A2%E3%83%AA%E5%90%9B" n2="%79%61%6D%61%64%61%35%35" n3="" dan="16,16,16,0" rate="2202.42,2199.13,2195.09,1500.00" sx="M,M,M,C"/><TAIKYOKU oya="0"/><INIT seed="0,0,0,4,1,89" ten="350,350,350,0" oya="0" hai0="69,45,77,79,43,122,103,0,125,86,59,42,106" hai1="78,126,73,76,46,44,87,40,93,64,102,63,135" hai2="132,109,114,58,112,117,110,52,75,67,51,72,99" hai3=""/><T131/><N who="0" m="31264" /><T134/><D0/><U101/><E135/><V3/><F3/><T91/><D69/><U81/><E126/><V68/><F132/><T47/><D134/><U85/><E46/><V55/><F117/><T97/><D125/><U111/><E111/><N who="2" m="42507" /><F99/><T107/><D106/><U32/><E73/><V65/><F72/><T88/><D91/><U127/><E127/><V90/><F90/><T71/><D71/><U57/><E32/><V121/><N who="2" m="31008" /><V35/><F75/><T70/><D70/><U41/><E41/><V60/><F35/><T2/><D59/><U61/><E61/><V50/><F67/><T129/><D2/><U53/><E64/><V123/><N who="2" m="31520" /><V133/><F133/><T1/><D1/><U54/><E78/><V96/><F96/><T82/><D77/><U119/><E119/><V37/><F37/><T49/><REACH who="0" step="1"/><D79/><REACH who="0" ten="340,350,350,0" step="2"/><U105/><E105/><V66/><F66/><T118/><D118/><U130/><E76/><V100/><F100/><T83/><D83/><U80/><E80/><V116/><F116/><T36/><AGARI ba="0,1" hai="36,42,43,45,47,49,82,86,88,97,103,107,129,131" m="31264" machi="36" ten="30,8000,1" yaku="1,1,0,1,52,1,54,1,53,1" doraHai="89" doraHaiUra="95" who="0" fromWho="0" sc="340,90,350,-40,350,-40,0,0" /><INIT seed="0,1,0,5,2,106" ten="430,310,310,0" oya="0" hai0="86,54,128,53,92,39,66,56,40,125,55,41,47" hai1="95,46,1,101,83,32,98,71,61,122,82,34,37" hai2="87,42,0,62,79,114,48,100,129,120,2,80,44" hai3=""/><T117/><D117/><U72/><N who="1" m="31264" /><U102/><E1/><V131/><N who="2" m="30752" /><V89/><F114/><T36/><D92/><U93/><E71/><V113/><F113/><T130/><D86/><U51/><E37/><N who="0" m="14409" /><D125/><U45/><E61/><V59/><F100/><T74/><D74/><U97/><E51/><V103/><F103/><T126/><D126/><U123/><N who="1" m="31520" /><U69/><E69/><V91/><F91/><T109/><D109/><U76/><E76/><V84/><F0/><T50/><D40/><U111/><E111/><V57/><F2/><T99/><D99/><U116/><E116/><V110/><F110/><T115/><D115/><U107/><E107/><V90/><F90/><T134/><D134/><U58/><E58/><V96/><F96/><T63/><AGARI ba="1,0" hai="41,47,50,53,54,55,56,63,66,128,130" m="14409" machi="63" ten="40,2600,0" yaku="34,2" doraHai="106" who="0" fromWho="0" sc="430,28,310,-14,310,-14,0,0" /><INIT seed="0,2,0,1,0,86" ten="458,296,296,0" oya="0" hai0="103,133,102,135,46,120,35,50,45,131,110,51,108" hai1="105,118,43,88,38,132,122,130,116,52,55,124,92" hai2="41,66,82,115,119,0,114,112,68,78,3,107,81" hai3=""/><T44/><N who="0" m="30752" /><T56/><D35/><U53/><N who="1" m="31264" /><U94/><E105/><V113/><N who="2" m="28672" /><DORA hai="34" /><V59/><F119/><T32/><D32/><U98/><E132/><N who="0" m="50761" /><D131/><U57/><E130/><V33/><F33/><T77/><D77/><U85/><E124/><V75/><F68/><T129/><D129/><U2/><E2/><V125/><F125/><T126/><D126/><U123/><N who="1" m="31520" /><U64/><E43/><V1/><F107/><T91/><D91/><U127/><E38/><V62/><F82/><T65/><D65/><U73/><E73/><V79/><F79/><T61/><D61/><U109/><E127/><V89/><F89/><T47/><D56/><U71/><E71/><V83/><F83/><T36/><D36/><U117/><E64/><V121/><N who="2" m="31008" /><V76/><F76/><T128/><D128/><U111/><REACH who="1" step="1"/><E57/><REACH who="1" ten="458,286,296,0" step="2"/><V80/><F41/><T100/><N who="0" m="11264" /><DORA hai="96" /><T63/><D63/><U93/><E93/><V134/><F134/><T99/><D99/><U42/><E42/><V95/><REACH who="2" step="1"/><F80/><REACH who="2" ten="458,286,286,0" step="2"/><T60/><D60/><U87/><E87/><V101/><F101/><AGARI ba="2,2" hai="52,53,55,85,88,92,94,98,101,109,111,116,117,118" m="31520,31264" machi="101" ten="50,16000,3" yaku="1,1,52,4,54,2,53,3" doraHai="86,34,96" doraHaiUra="48,37,72" who="1" fromWho="2" sc="458,0,286,184,286,-164,0,0" /><INIT seed="1,0,0,3,4,83" ten="458,470,122,0" oya="1" hai0="49,133,132,130,98,99,34,64,85,42,100,110,39" hai1="35,47,78,66,62,70,120,69,71,44,96,60,67" hai2="116,61,131,77,1,105,127,87,55,72,0,73,58" hai3=""/><U106/><N who="1" m="30752" /><U63/><E35/><V3/><F116/><T65/><D34/><U95/><E106/><V92/><F131/><T119/><D119/><U111/><E78/><V52/><F127/><T56/><D39/><U59/><E111/><V54/><F105/><T50/><D110/><U76/><E76/><V135/><F135/><T32/><D32/><U109/><E109/><V118/><F118/><T89/><D130/><U93/><E59/><V45/><F45/><T68/><D42/><U128/><E128/><V46/><F46/><N who="1" m="17449" /><E96/><V124/><F124/><T108/><D68/><U38/><E38/><V113/><F113/><T117/><D117/><U104/><E104/><V80/><REACH who="2" step="1"/><F92/><AGARI ba="0,0" hai="60,62,63,66,67,69,70,71,92,93,95" m="17449,30752" machi="92" ten="40,7700,0" yaku="28,2,52,1" doraHai="83" who="1" fromWho="2" sc="458,0,470,77,122,-77,0,0" /><INIT seed="1,1,0,5,1,127" ten="458,547,45,0" oya="1" hai0="76,134,109,114,124,3,78,2,68,32,80,119,56" hai1="105,1,86,75,94,100,115,40,44,47,95,73,0" hai2="43,125,41,70,65,60,48,96,51,116,45,103,111" hai3=""/><U64/><E115/><V118/><F125/><T58/><D32/><U102/><E64/><V55/><F111/><T81/><D124/><U123/><N who="1" m="31520" /><U126/><E126/><V120/><N who="2" m="30752" /><V89/><F89/><T69/><D114/><U66/><E66/><V72/><F72/><T90/><D90/><U122/><N who="1" m="31264" /><U87/><E40/><V77/><F77/><T91/><D91/><U132/><E105/><V46/><F96/><T42/><D42/><U36/><REACH who="1" step="1"/><E132/><REACH who="1" ten="458,537,45,0" step="2"/><V79/><F79/><T84/><D134/><U133/><E133/><V88/><F88/><T117/><D109/><U67/><E67/><V112/><F103/><T37/><D37/><AGARI ba="1,1" hai="0,1,36,37,44,47,73,75,86,87,94,95,100,102" m="31264,31520" machi="37" ten="25,12000,1" yaku="1,1,22,2,52,2,53,0" doraHai="127" doraHaiUra="92" who="1" fromWho="0" sc="458,-122,537,132,45,0,0,0" /><INIT seed="1,2,0,0,2,101" ten="336,669,45,0" oya="1" hai0="107,48,79,60,49,34,33,45,132,110,87,100,42" hai1="57,90,70,73,89,95,134,63,62,103,52,115,74" hai2="69,37,97,36,120,123,44,78,47,64,86,116,126" hai3=""/><U96/><E115/><V104/><N who="2" m="30752" /><V94/><N who="2" m="31520" /><V131/><F116/><T113/><D113/><U102/><E134/><V84/><F131/><T117/><D117/><U1/><E1/><V39/><F126/><T40/><D132/><U127/><E127/><V118/><F118/><T67/><D110/><U111/><E111/><V56/><F69/><T76/><D87/><U85/><E73/><V38/><F104/><T114/><D114/><U35/><E74/><V91/><N who="2" m="9216" /><DORA hai="119" /><V124/><F124/><T59/><D100/><U2/><E2/><V106/><F106/><T83/><D107/><U3/><E3/><V68/><F68/><T43/><D79/><U72/><E72/><V0/><F0/><T125/><D125/><U77/><E77/><V46/><REACH who="2" step="1"/><F78/><REACH who="2" ten="336,669,35,0" step="2"/><T122/><N who="0" m="31264" /><T66/><D76/><U105/><E105/><V109/><F109/><T75/><D75/><U55/><E70/><V51/><F51/><T71/><D48/><U93/><E35/><V129/><F129/><T61/><D33/><U112/><E112/><V128/><F128/><T32/><D34/><U88/><E63/><AGARI ba="2,1" hai="44,46,47,56,63,64,84,86,91,94,97" m="9216,31520,30752" machi="63" ten="70,8000,1" yaku="1,1,52,4,53,0" doraHai="101,119" doraHaiUra="108,130" who="2" fromWho="1" sc="336,0,669,-84,35,94,0,0" /><INIT seed="2,0,0,5,5,130" ten="336,585,129,0" oya="2" hai0="48,93,78,126,101,40,96,34,122,83,44,114,128" hai1="91,115,0,51,116,52,36,55,45,71,100,56,124" hai2="131,41,72,82,134,33,119,67,47,103,121,66,88" hai3=""/><V61/><N who="2" m="31008" /><V95/><F33/><T75/><N who="0" m="31264" /><T85/><D34/><U35/><E35/><V99/><F119/><T74/><D128/><U50/><E0/><V90/><F131/><T65/><D126/><U81/><E116/><V104/><F134/><T123/><N who="0" m="31520" /><T3/><D3/><U94/><E71/><V129/><F129/><T53/><D114/><U89/><E115/><V2/><F2/><T58/><REACH who="0" step="1"/><D65/><REACH who="0" ten="326,585,129,0" step="2"/><U98/><E124/><V113/><F113/><T105/><D105/><U38/><E38/><AGARI ba="0,1" hai="38,40,44,48,53,58,74,75,78,83,85,93,96,101" m="31520,31264" machi="38" ten="30,7700,0" yaku="1,1,7,1,52,2,53,0" doraHai="130" doraHaiUra="127" who="0" fromWho="1" sc="326,87,585,-77,129,0,0,0" /><INIT seed="4,0,0,3,2,105" ten="413,508,129,0" oya="0" hai0="86,70,52,99,57,45,73,58,34,78,103,69,124" hai1="33,51,50,41,101,85,76,118,83,111,53,102,71" hai2="40,123,54,89,93,117,46,98,72,125,110,90,38" hai3=""/><T80/><D34/><U114/><E33/><V115/><N who="2" m="31520" /><V107/><F110/><T108/><D108/><U32/><E32/><V88/><F115/><T75/><D124/><U42/><E111/><V82/><F125/><T59/><D69/><U134/><E71/><V77/><F117/><T61/><D70/><U79/><E114/><V48/><REACH who="2" step="1"/><F107/><REACH who="2" ten="413,508,119,0" step="2"/><T35/><D35/><U0/><E118/><V92/><F92/><T44/><D61/><U56/><E0/><V62/><F62/><T106/><REACH who="0" step="1"/><D52/><REACH who="0" ten="403,508,119,0" step="2"/><U84/><E53/><V129/><F129/><T66/><D66/><U47/><E134/><V74/><F74/><AGARI ba="0,2" hai="44,45,57,58,59,73,74,75,78,80,86,99,103,106" machi="74" ten="40,12000,1" yaku="1,1,52,3,53,0" doraHai="105" doraHaiUra="60" who="0" fromWho="2" sc="403,140,508,0,119,-120,0,0" owari="543,49.0,508,11.0,-1,-60.0,0,0.0" /></mjloggm>