<mjloggm ver="2.3"><GO type="169" lobby="0"/><UN n0="%EF%BC%91%EF%BC%90%E9%80%A3%E3%82%AC%E3%83%81%E3%83%A3" n1="%E3%81%8A%E7%9F%A5%E3%82%89%E3%81%9B" n2="%E3%81%A9%E3%82%84%E3%81%A9%E3%82%84%31%35%39" n3="%E9%89%84%E7%A8%9A%E9%AD%9A%E3%82%AB%E3%83%A2%E9%A4%8A%E5%88%86" dan="16,19,17,18" rate="2069.84,2316.11,2162.68,2200.42" sx="M,M,F,F"/><TAIKYOKU oya="0"/><INIT seed="0,0,0,4,3,23" ten="250,250,250,250" oya="0" hai0="75,51,81,131,56,9,94,3,74,65,68,83,52" hai1="130,66,119,22,29,108,32,41,120,59,121,88,18" hai2="96,91,11,46,35,102,26,132,79,17,63,7,114" hai3="113,1,89,60,98,117,97,40,70,67,95,53,45"/><T31/><D131/><U93/><E119/><V107/><F114/><W43/><G113/><T86/><D31/><U99/><E130/><V20/><F132/><W19/><G1/><T27/><D68/><U78/><E108/><V122/><F122/><W72/><G72/><T82/><D65/><U118/><E118/><V2/><F79/><W33/><G117/><T54/><D54/><U4/><E4/><V124/><F124/><W134/><G134/><T125/><D125/><U126/><E126/><V103/><F46/><W30/><G19/><T76/><D75/><U36/><E78/><V87/><F103/><W115/><G115/><T105/><D105/><U6/><E6/><V109/><F109/><W12/><G12/><T57/><D57/><U92/><E92/><V8/><F8/><W106/><G53/><T10/><D3/><U100/><E100/><V38/><F63/><W50/><G43/><T123/><D123/><U62/><E32/><V48/><F48/><W129/><G129/><T49/><D49/><U13/><REACH who="1" step="1"/><E29/><REACH who="1" ten="250,240,250,250" step="2"/><V47/><F35/><W37/><G30/><T25/><D76/><U16/><E16/><V71/><F17/><W5/><G5/><T112/><D112/><U101/><E101/><V58/><F102/><N who="3" m="62799" /><G33/><T15/><D74/><U24/><E24/><N who="0" m="9289" /><D15/><U61/><E61/><V128/><F128/><W135/><G135/><T80/><N who="0" m="20480" /><DORA hai="85" /><T14/><D14/><U127/><E127/><V42/><F2/><W64/><G60/><T73/><D73/><U0/><E0/><V44/><F107/><W104/><G104/><T116/><D116/><RYUUKYOKU ba="0,1" sc="250,15,240,15,250,-15,250,-15" hai0="9,10,51,52,56,86,94" hai1="13,18,22,36,41,59,62,66,88,93,99,120,121" /><INIT seed="0,1,1,1,5,43" ten="265,255,235,235" oya="0" hai0="8,53,98,88,91,69,135,121,133,75,126,125,77" hai1="93,27,36,49,3,42,67,68,12,118,96,58,73" hai2="46,87,117,116,128,9,21,7,120,131,29,71,103" hai3="127,20,19,72,85,97,52,63,59,10,37,5,60"/><T112/><D69/><U51/><E3/><V111/><F120/><W40/><G72/><T123/><D8/><U13/><E73/><V41/><F71/><W56/><G127/><N who="0" m="48651" /><D53/><U44/><E118/><N who="2" m="45675" /><F111/><W132/><G132/><N who="0" m="50763" /><D112/><U14/><E68/><V74/><F74/><W95/><G85/><T50/><D50/><U54/><E27/><N who="2" m="16623" /><F103/><W99/><G95/><N who="0" m="56679" /><D91/><U107/><E67/><V45/><F87/><W86/><G40/><T79/><D75/><U108/><E108/><V61/><F61/><W66/><G37/><T47/><D47/><N who="2" m="17930" /><F41/><W22/><G60/><T89/><D89/><U65/><E65/><V130/><F130/><W23/><G66/><T4/><D4/><U64/><E64/><V0/><AGARI ba="1,1" hai="0,7,9,128,131" m="17930,16623,45675" machi="0" ten="30,7900,0" yaku="12,1,52,3" doraHai="43" who="2" fromWho="2" sc="265,-40,255,-21,235,92,235,-21" /><INIT seed="1,0,0,2,5,56" ten="225,234,327,214" oya="1" hai0="83,5,15,24,131,72,115,125,112,74,67,126,75" hai1="81,46,117,41,20,44,50,100,57,80,38,4,53" hai2="34,82,47,70,123,26,135,121,84,69,108,109,78" hai3="48,10,132,119,21,14,51,104,97,105,129,42,27"/><U35/><E35/><V3/><F3/><W114/><G114/><T98/><D24/><U103/><E117/><V61/><F47/><W120/><G120/><T19/><D5/><U0/><E20/><V127/><F135/><W37/><G132/><T86/><D98/><U88/><E46/><V76/><F127/><N who="0" m="48650" /><D67/><U99/><E100/><V111/><F78/><W79/><G79/><N who="0" m="46463" /><D131/><U31/><E31/><N who="2" m="19831" /><F61/><W101/><G129/><T65/><D65/><U11/><REACH who="1" step="1"/><E88/><REACH who="1" ten="225,224,327,214" step="2"/><V113/><F113/><W128/><G101/><T30/><D30/><U36/><E36/><V32/><F32/><W94/><G37/><T40/><D40/><U73/><E73/><V110/><F111/><W7/><G42/><T12/><D112/><U90/><E90/><V122/><AGARI ba="0,1" hai="69,70,76,82,84,108,109,110,121,122,123" m="19831" machi="122" ten="40,1500,0" yaku="14,1" doraHai="56" who="2" fromWho="2" sc="225,-4,224,-7,327,25,214,-4" /><INIT seed="2,0,0,1,1,5" ten="221,217,352,210" oya="2" hai0="131,56,31,68,16,96,122,114,109,102,52,69,18" hai1="29,67,60,86,59,79,70,93,134,24,26,94,81" hai2="110,133,48,71,57,39,61,20,124,75,103,2,74" hai3="119,47,76,129,65,9,33,111,118,10,30,127,83"/><V104/><F39/><W105/><G105/><T1/><D114/><U36/><E134/><V106/><F133/><W50/><G65/><T11/><D122/><U115/><E115/><V108/><F124/><W34/><G127/><T97/><D31/><U19/><E36/><V82/><F2/><W120/><G120/><T100/><D109/><N who="2" m="42090" /><F82/><W49/><G111/><T6/><D131/><U88/><E70/><V107/><F103/><W23/><G23/><T132/><D132/><U21/><REACH who="1" step="1"/><E79/><REACH who="1" ten="221,207,352,210" step="2"/><V72/><F71/><W27/><G129/><T40/><D68/><U3/><E3/><V63/><F20/><AGARI ba="0,1" hai="19,20,21,24,26,29,59,60,67,81,86,88,93,94" machi="20" ten="30,12000,2" yaku="1,1,7,1,8,1,54,1,53,2" doraHai="5" doraHaiUra="22" who="1" fromWho="2" sc="221,0,207,130,352,-120,210,0" /><INIT seed="3,0,0,1,2,104" ten="221,337,232,210" oya="3" hai0="127,48,132,38,3,88,22,99,67,86,70,57,47" hai1="11,0,15,19,124,5,80,121,112,73,135,133,26" hai2="103,12,106,71,30,101,119,33,52,32,39,27,117" hai3="58,78,129,83,60,69,92,28,42,21,82,97,34"/><W46/><G129/><T79/><D3/><U54/><E121/><V90/><F39/><W113/><G113/><T59/><D132/><N who="1" m="50763" /><E112/><V68/><F33/><W125/><G125/><T74/><D38/><U16/><E124/><V64/><F103/><W50/><G69/><T115/><D99/><U55/><E26/><V25/><F25/><N who="3" m="16431" /><G78/><T51/><D51/><U76/><E19/><V1/><F1/><W94/><G34/><T131/><D131/><U8/><AGARI ba="0,0" hai="0,5,8,11,15,16,54,55,73,76,80" m="50763" machi="8" ten="30,4000,0" yaku="20,1,52,1,54,1" doraHai="104" who="1" fromWho="1" sc="221,-10,337,40,232,-10,210,-20" /><INIT seed="4,0,0,1,3,71" ten="211,377,222,190" oya="0" hai0="22,119,100,90,6,114,54,87,16,115,107,135,85" hai1="126,35,38,29,122,30,73,132,96,2,62,65,81" hai2="133,4,51,8,123,52,116,45,48,19,70,17,58" hai3="130,44,3,103,33,34,86,18,57,60,106,49,117"/><T121/><D121/><U109/><E109/><V134/><F123/><W63/><G117/><T91/><D6/><U108/><E108/><V40/><F70/><W127/><G3/><T55/><D119/><U12/><E122/><V37/><F51/><W113/><G113/><N who="0" m="43019" /><D135/><N who="2" m="51722" /><F116/><W67/><G130/><T89/><D100/><U131/><E12/><AGARI ba="0,0" hai="4,8,12,17,19,37,40,45,48,52,58" m="51722" machi="12" ten="30,3900,0" yaku="20,1,52,1,54,1" doraHai="71" who="2" fromWho="1" sc="211,0,377,-39,222,39,190,0" /><INIT seed="5,0,0,1,4,110" ten="211,338,261,190" oya="1" hai0="54,128,75,111,47,30,104,39,63,66,133,52,73" hai1="80,93,14,28,27,82,125,98,117,91,32,8,68" hai2="74,88,65,121,134,101,20,2,43,57,103,109,71" hai3="107,132,69,86,60,9,78,48,79,85,29,76,3"/><U127/><E68/><V49/><F109/><W34/><G132/><T106/><D133/><U21/><E32/><V70/><F134/><W15/><G107/><T51/><D30/><U89/><E117/><V113/><F74/><W95/><G3/><T42/><D128/><U135/><E135/><V102/><F121/><W72/><G72/><T114/><D75/><U1/><E1/><V92/><F2/><W24/><G95/><T6/><D73/><U45/><E125/><V90/><F113/><W10/><G10/><T77/><D77/><U131/><E127/><V120/><F120/><W56/><G48/><T23/><D6/><U83/><E45/><V105/><F105/><W26/><G24/><T67/><D23/><U4/><REACH who="1" step="1"/><E131/><REACH who="1" ten="211,328,261,190" step="2"/><V119/><F119/><W40/><G69/><T0/><D0/><U19/><E19/><V96/><F71/><W116/><G116/><T124/><D111/><U100/><AGARI ba="0,1" hai="4,8,14,21,27,28,80,82,83,89,91,93,98,100" machi="100" ten="30,6000,0" yaku="1,1,0,1,8,1,53,0" doraHai="110" doraHaiUra="53" who="1" fromWho="1" sc="211,-20,328,70,261,-20,190,-20" /><INIT seed="5,1,0,4,0,79" ten="191,398,241,170" oya="1" hai0="26,68,17,40,6,76,101,106,109,73,35,130,29" hai1="20,34,102,95,5,112,85,16,62,7,19,71,129" hai2="50,91,108,83,65,90,0,119,39,54,123,66,69" hai3="116,113,21,117,45,107,67,28,93,52,49,114,74"/><U41/><E34/><V47/><F108/><W82/><G107/><T132/><D109/><U32/><E32/><V37/><F119/><N who="3" m="45643" /><G67/><T14/><D130/><U72/><E72/><V131/><F123/><W33/><G33/><T110/><D110/><U98/><E112/><N who="3" m="43114" /><G93/><T48/><D68/><U115/><E129/><V15/><F65/><W22/><G28/><T8/><D106/><U25/><E115/><V105/><F66/><W3/><G3/><T96/><D132/><U111/><E111/><V103/><F0/><W23/><G74/><T38/><D38/><U70/><E70/><V80/><F105/><W58/><G82/><T121/><D121/><U10/><E71/><V30/><F83/><W124/><G124/><T56/><D73/><U86/><E86/><V120/><F69/><W55/><G22/><T128/><D128/><U51/><E85/><V63/><F131/><W89/><G89/><T43/><D29/><U134/><E95/><V75/><F75/><W92/><G92/><N who="0" m="58503" /><D35/><U77/><E77/><V46/><F30/><W18/><G18/><T100/><D76/><U1/><E19/><V104/><F104/><W2/><G2/><T125/><D125/><U42/><E16/><V44/><F120/><W94/><G94/><T27/><D100/><U127/><E102/><V59/><F103/><W64/><G64/><T122/><D122/><U81/><E127/><V135/><F91/><W11/><G11/><T133/><D17/><U13/><E1/><V31/><F31/><W24/><G24/><N who="0" m="9259" /><D133/><U118/><E134/><V87/><F135/><W57/><G57/><RYUUKYOKU ba="1,0" sc="191,15,398,-15,241,-15,170,15" hai0="6,8,14,40,43,48,56" hai3="21,23,45,49,52,55,58" /><INIT seed="6,2,0,0,3,103" ten="206,383,226,185" oya="2" hai0="119,38,34,131,3,125,47,12,24,65,117,105,93" hai1="26,78,75,9,15,68,29,33,115,14,6,41,81" hai2="95,130,31,112,82,22,84,1,124,0,76,56,8" hai3="127,116,7,30,87,129,70,114,126,77,109,50,104"/><V54/><F112/><W63/><G109/><T88/><D3/><U46/><E68/><V40/><F130/><W42/><G116/><T32/><D125/><N who="3" m="47625" /><G129/><T4/><D65/><U79/><E79/><V5/><F124/><W48/><G7/><T110/><D110/><U57/><E57/><V39/><F0/><W113/><G30/><T74/><D74/><U35/><E115/><N who="3" m="44042" /><G42/><N who="0" m="22999" /><D131/><U61/><E61/><V108/><F108/><W85/><G104/><T49/><D105/><U60/><E60/><V111/><F40/><W53/><G77/><T94/><D4/><U44/><E41/><V91/><F111/><W71/><G48/><T69/><D49/><U106/><E106/><V134/><F39/><W13/><G13/><T11/><D24/><U133/><E15/><V43/><F43/><W96/><G96/><N who="0" m="57383" /><D94/><U121/><E14/><V97/><F31/><W73/><G73/><T2/><D2/><U107/><E107/><V135/><REACH who="2" step="1"/><F22/><REACH who="2" ten="206,383,216,185" step="2"/><W122/><G122/><T27/><D34/><U80/><E121/><V118/><F118/><W10/><G10/><T67/><D32/><U52/><E33/><V28/><F28/><W72/><G72/><T20/><D117/><U101/><E75/><V86/><F86/><N who="3" m="32779" /><G63/><AGARI ba="2,1" hai="1,5,8,54,56,63,76,82,84,91,95,97,134,135" machi="63" ten="40,3900,0" yaku="1,1,53,1" doraHai="103" doraHaiUra="89" who="2" fromWho="3" sc="206,0,383,0,216,55,185,-45" /><INIT seed="6,3,0,4,2,38" ten="206,383,271,140" oya="2" hai0="67,46,102,10,65,77,13,75,64,17,28,114,66" hai1="30,37,6,34,104,98,0,18,5,84,19,14,63" hai2="135,55,62,78,73,54,74,118,83,116,22,99,101" hai3="48,108,86,110,93,109,88,82,49,57,53,97,113"/><V72/><F135/><W111/><N who="3" m="28160" /><DORA hai="15" /><W120/><G120/><T128/><D114/><U105/><E37/><V131/><F131/><W124/><G124/><T103/><D128/><U76/><E0/><V50/><F62/><W87/><G113/><T11/><D28/><U31/><E104/><V112/><F112/><W9/><G82/><T89/><D46/><U106/><E106/><V91/><F91/><W94/><G94/><T119/><D119/><U71/><E84/><V25/><F118/><W107/><G107/><T52/><D77/><U85/><E85/><V45/><F55/><W132/><G132/><T43/><D75/><U81/><E81/><V32/><F32/><W8/><G8/><T100/><D89/><U24/><E31/><V16/><REACH who="2" step="1"/><F116/><REACH who="2" ten="206,383,261,140" step="2"/><W96/><G96/><T27/><D52/><U68/><E63/><V39/><F39/><W79/><G79/><T61/><D61/><U69/><E76/><V26/><F26/><W41/><REACH who="3" step="1"/><G9/><REACH who="3" ten="206,383,261,130" step="2"/><T95/><D10/><U20/><E98/><V126/><F126/><W44/><AGARI ba="3,2" hai="41,44,48,49,53,57,86,87,88,93,97" m="28160" machi="44" ten="60,12000,2" yaku="1,1,2,1,0,1,52,1,54,1,53,1" doraHai="38,15" doraHaiUra="42,58" who="3" fromWho="3" sc="206,-33,383,-33,261,-63,130,149" /><INIT seed="7,0,0,3,4,123" ten="173,350,198,279" oya="3" hai0="1,25,87,55,13,100,42,105,90,95,65,130,33" hai1="22,89,114,52,93,133,83,51,62,132,74,41,16" hai2="5,134,84,104,39,50,135,98,36,75,43,3,116" hai3="44,91,34,11,113,101,86,97,9,19,124,85,12"/><W61/><G113/><T118/><D118/><U60/><E41/><V64/><F116/><W38/><G124/><T45/><D1/><U18/><E114/><V48/><F75/><W67/><G34/><T6/><D65/><U119/><E119/><V94/><F64/><W58/><G9/><T68/><D68/><U63/><E74/><V122/><F122/><W29/><G29/><T129/><D105/><U15/><E83/><V57/><F57/><W92/><G38/><T7/><D100/><U99/><REACH who="1" step="1"/><E18/><REACH who="1" ten="173,340,198,279" step="2"/><V46/><F43/><W70/><G70/><T112/><D112/><U120/><E120/><V106/><F134/><W111/><G111/><T37/><D55/><U47/><AGARI ba="0,1" hai="15,16,22,47,51,52,60,62,63,89,93,99,132,133" machi="47" ten="30,7900,0" yaku="1,1,0,1,54,2,53,0" doraHai="123" doraHaiUra="82" who="1" fromWho="1" sc="173,-20,340,89,198,-20,279,-39" owari="153,-35.0,429,53.0,178,-22.0,240,4.0" /></mjloggm>