<mjloggm ver="2.3"><GO type="225" lobby="0"/><UN n0="%E3%81%93%E3%81%84%E3%82%8F%E3%81%84%E3%82%88%E3%81%A4%E3%81%B0" n1="%E3%81%95%E3%81%8B%E3%81%95%E3%81%BE%E3%82%A8%E3%83%9E%E3%83%8E%E3%83%B3" n2="%E3%81%AF%E3%82%88%E3%81%8A%E3%81%98%E3%81%95%E3%82%93" n3="%E2%96%BD%E4%B8%8E%E4%BD%9C%28%E3%81%8A%E3%81%AB%E3%81%8E%E3%82%8A" dan="18,16,17,17" rate="2244.08,2057.68,2140.76,2183.89" sx="M,F,M,M"/><TAIKYOKU oya="0"/><INIT seed="0,0,0,5,0,27" ten="250,250,250,250" oya="0" hai0="79,85,60,91,50,10,76,94,15,71,43,84,83" hai1="59,55,112,23,22,9,32,77,121,44,25,117,64" hai2="131,72,74,37,125,108,135,62,124,48,31,89,12" hai3="130,47,100,81,24,111,75,52,102,93,51,63,13"/><T127/><D127/><U123/><E117/><V14/><F37/><W45/><G111/><T87/><D71/><U99/><E112/><V110/><F62/><W82/><G130/><T109/><D109/><N who="2" m="42090" /><F48/><N who="3" m="28687" /><G75/><N who="2" m="28713" /><F89/><W29/><G13/><N who="2" m="5225" /><F131/><W57/><G82/><T116/><D60/><U96/><E96/><V61/><F61/><W88/><G81/><T114/><D114/><U66/><E99/><V34/><F135/><W33/><G33/><T36/><D50/><U134/><E32/><V46/><F46/><W107/><G51/><T53/><D36/><U11/><E44/><V54/><F54/><N who="3" m="34231" /><G47/><T90/><D83/><U113/><E55/><V35/><F35/><W128/><G128/><T69/><D53/><U115/><E134/><V2/><F2/><W98/><G107/><T73/><D73/><U126/><E77/><V95/><F95/><W49/><G49/><T104/><D104/><U4/><E115/><V6/><F6/><W19/><G102/><T18/><D79/><U5/><E113/><V86/><F86/><W65/><G100/><T101/><D76/><U28/><E4/><V133/><F133/><W7/><G7/><T80/><D101/><U68/><E5/><V41/><F41/><W20/><G65/><T105/><D105/><U118/><E66/><V26/><AGARI ba="0,0" hai="26,31,34,124,125" m="5225,28713,42090" machi="26" ten="40,2700,0" yaku="14,1,52,1" doraHai="27" who="2" fromWho="2" sc="250,-13,250,-7,250,27,250,-7" /><INIT seed="1,0,0,4,3,79" ten="237,243,277,243" oya="1" hai0="86,14,23,133,42,71,40,119,7,38,125,55,50" hai1="25,85,129,22,47,15,81,67,59,131,74,62,45" hai2="134,132,115,26,44,91,120,107,90,9,31,28,110" hai3="53,61,93,130,94,83,58,76,75,5,52,32,48"/><U46/><E74/><V105/><F120/><W123/><G123/><T96/><D71/><U114/><E15/><V27/><F44/><W69/><G130/><T121/><D119/><U51/><E114/><V98/><F9/><W126/><G126/><T112/><D112/><U34/><E34/><V122/><F122/><W0/><G32/><T70/><D121/><U56/><E56/><V108/><F115/><W82/><G69/><T10/><D133/><U20/><E51/><V84/><F84/><W117/><G117/><T12/><D70/><U118/><E118/><V29/><F28/><W127/><G127/><T113/><D113/><U41/><E41/><V87/><F87/><W78/><G5/><T99/><D86/><U88/><REACH who="1" step="1"/><E20/><REACH who="1" ten="237,233,277,243" step="2"/><V109/><F110/><W39/><G0/><T11/><D23/><U30/><AGARI ba="0,1" hai="22,25,30,45,46,47,59,62,67,81,85,88,129,131" machi="30" ten="30,18000,2" yaku="1,1,2,1,0,1,52,1,54,1,53,1" doraHai="79" doraHaiUra="80" who="1" fromWho="1" sc="237,-60,233,190,277,-60,243,-60" /><INIT seed="1,1,0,4,2,70" ten="177,423,217,183" oya="1" hai0="95,37,113,122,118,33,98,31,52,134,1,103,130" hai1="60,68,132,87,59,126,83,38,46,80,128,32,107" hai2="51,25,104,62,114,110,69,74,97,11,14,115,2" hai3="94,7,23,10,27,4,29,40,88,135,49,109,26"/><U82/><E32/><V89/><F74/><W79/><G109/><T106/><RYUUKYOKU type="yao9" ba="1,0" sc="177,0,423,0,217,0,183,0" hai0="1,31,33,37,52,95,98,103,106,113,118,122,130,134" /><INIT seed="1,2,0,3,2,47" ten="177,423,217,183" oya="1" hai0="87,120,43,19,40,6,122,30,100,64,78,13,71" hai1="22,14,112,105,109,97,134,101,85,15,130,124,51" hai2="73,131,113,80,23,99,28,57,1,119,21,52,135" hai3="12,7,45,17,70,33,89,110,118,16,75,2,54"/><U53/><E112/><V94/><F119/><W126/><G118/><T129/><D6/><U62/><E124/><V60/><F1/><W96/><G70/><T27/><D100/><U26/><E130/><V132/><F131/><W69/><G69/><T92/><D129/><U31/><E134/><N who="2" m="51243" /><F28/><W108/><G33/><T107/><D107/><U11/><E62/><V48/><F113/><W58/><G45/><T3/><D3/><U39/><E39/><V90/><F60/><W79/><G79/><AGARI ba="2,0" hai="21,23,48,52,57,73,79,80,90,94,99" m="51243" machi="79" ten="30,3900,0" yaku="20,1,52,1,54,1" doraHai="47" who="2" fromWho="3" sc="177,0,423,0,217,45,183,-45" /><INIT seed="2,0,0,2,2,68" ten="177,423,262,138" oya="2" hai0="77,91,65,62,39,52,64,1,105,92,107,119,5" hai1="97,133,69,40,32,99,110,31,53,108,104,33,73" hai2="4,129,63,17,98,120,122,47,14,81,94,35,127" hai3="0,9,12,27,8,61,54,79,7,19,100,95,43"/><V34/><F4/><W116/><G116/><T25/><D119/><U111/><E133/><V60/><F127/><W74/><G74/><T51/><D77/><U38/><E73/><V114/><F114/><W55/><G79/><T118/><D118/><U58/><E69/><V23/><F129/><W80/><G80/><T41/><D25/><N who="1" m="18543" /><E33/><V18/><F35/><W131/><G131/><T112/><D112/><U45/><E104/><V50/><F34/><W71/><G27/><T83/><D83/><U113/><E113/><V132/><F132/><W10/><G10/><T67/><D62/><AGARI ba="0,0" hai="38,40,45,53,58,62,97,99,108,110,111" m="18543" machi="62" ten="30,2000,0" yaku="14,1,52,1" doraHai="68" who="1" fromWho="0" sc="177,-20,423,20,262,0,138,0" /><INIT seed="3,0,0,0,0,7" ten="157,443,262,138" oya="3" hai0="116,70,130,81,108,60,22,131,124,109,4,77,43" hai1="90,37,103,13,1,80,54,39,52,66,63,96,38" hai2="40,115,135,64,110,91,58,11,69,67,111,89,99" hai3="127,30,74,3,76,16,0,44,134,106,46,32,84"/><W31/><G106/><T123/><D123/><U18/><E1/><V78/><F69/><W100/><G100/><T24/><D116/><U129/><E129/><N who="0" m="49161" /><D124/><U21/><E80/><V36/><F115/><W113/><G113/><T49/><D4/><U42/><E90/><V48/><F78/><W59/><G127/><T34/><D34/><U73/><E73/><V105/><F36/><W68/><G74/><N who="0" m="43191" /><D49/><U10/><E42/><V5/><F5/><W95/><G68/><T65/><D43/><U53/><E21/><V112/><F135/><W94/><G134/><T121/><D121/><U98/><E103/><V72/><F72/><W88/><G76/><T87/><D87/><U93/><E93/><N who="3" m="35338" /><G32/><T114/><D114/><U125/><E125/><V117/><F105/><W85/><G85/><T45/><D45/><N who="3" m="17513" /><G59/><T97/><D97/><U107/><E107/><V133/><F99/><W120/><G120/><T33/><D33/><U28/><E28/><AGARI ba="0,0" hai="22,24,28,60,65,70,108,109" m="43191,49161" machi="28" ten="30,1000,0" yaku="19,1" doraHai="7" who="0" fromWho="1" sc="157,10,443,-10,262,0,138,0" owari="167,-23.0,433,53.0,262,6.0,138,-36.0" /></mjloggm>