<mjloggm ver="2.3"><GO type="169" lobby="0"/><UN n0="%E3%82%82%E3%82%8A%E3%81%96%E3%81%AD" n1="%E3%83%8F%E3%82%B9%E5%A4%AA" n2="%E6%A9%8B%E5%A0%B4" n3="%E3%83%95%E3%83%84%E3%82%A6%E3%81%AE%E6%81%8B%E3%81%AE%E7%B5%90%E6%9C%AB" dan="16,16,17,17" rate="2154.69,2134.42,2193.21,2188.01" sx="M,M,M,M"/><TAIKYOKU oya="0"/><INIT seed="0,0,0,1,3,72" ten="250,250,250,250" oya="0" hai0="88,65,132,25,106,104,31,53,122,83,21,42,105" hai1="8,128,55,99,17,10,74,124,12,86,101,4,41" hai2="30,78,27,93,131,84,33,35,109,77,66,36,64" hai3="22,94,28,102,61,29,46,112,100,5,56,63,117"/><T69/><D122/><U24/><E128/><V80/><F36/><W108/><G112/><T11/><D132/><U129/><E129/><V26/><F131/><W79/><G117/><T54/><D42/><U0/><E124/><V71/><F109/><W92/><G108/><T15/><D69/><U50/><E74/><V20/><F71/><W91/><G5/><T113/><D113/><U134/><E134/><V118/><F118/><W18/><G46/><T7/><REACH who="0" step="1"/><D65/><REACH who="0" ten="240,250,250,250" step="2"/><U111/><E111/><V123/><F123/><W38/><G38/><T115/><D115/><U120/><E120/><V39/><F39/><W125/><G125/><T59/><D59/><U95/><E41/><V130/><F130/><W119/><G56/><T87/><AGARI ba="0,1" hai="7,11,15,21,25,31,53,54,83,87,88,104,105,106" machi="87" ten="40,7800,0" yaku="1,1,0,1,54,1,53,0" doraHai="72" doraHaiUra="37" who="0" fromWho="0" sc="240,88,250,-26,250,-26,250,-26" /><INIT seed="0,1,0,2,3,113" ten="328,224,224,224" oya="0" hai0="2,38,133,25,108,109,99,49,4,26,58,67,94" hai1="5,116,80,63,33,118,57,76,79,135,129,60,134" hai2="23,132,119,82,36,68,59,22,40,110,112,92,93" hai3="91,16,27,10,90,126,46,13,85,86,44,125,73"/><T30/><D38/><U88/><E33/><V87/><F68/><W8/><G73/><T6/><D133/><N who="1" m="50699" /><E129/><V124/><F132/><W29/><G29/><T64/><D25/><U66/><E5/><N who="0" m="2153" /><D2/><U24/><E24/><V103/><F112/><W102/><G27/><T48/><D26/><U98/><E76/><V72/><F72/><W78/><G78/><T45/><D30/><U50/><E50/><N who="0" m="19561" /><D45/><U3/><E3/><V127/><F36/><W84/><G102/><T115/><D115/><U18/><E18/><V83/><F103/><W77/><G77/><T1/><D1/><U28/><E28/><V39/><F39/><W52/><G85/><T81/><D81/><U74/><E63/><V128/><F87/><W105/><G105/><T61/><D67/><U15/><E15/><V20/><F40/><W71/><G13/><T114/><D114/><U104/><E104/><V43/><F43/><W9/><G9/><T7/><N who="0" m="2161" /><T47/><DORA hai="130" /><D47/><U41/><E41/><V35/><F128/><W70/><G16/><T65/><D65/><U53/><E66/><V101/><F22/><W31/><G31/><T54/><D64/><U122/><E122/><V51/><F51/><W56/><G56/><T0/><D0/><U32/><E32/><V121/><F59/><W34/><G34/><T107/><D107/><U14/><E14/><V42/><F35/><W11/><G11/><T55/><D61/><U117/><E98/><V21/><F42/><W106/><G106/><T120/><D120/><U95/><E95/><V12/><F121/><W111/><G71/><RYUUKYOKU ba="1,0" sc="328,-10,224,30,224,-10,224,-10" hai1="53,57,60,74,79,80,88,116,117,118" /><INIT seed="1,2,0,4,2,43" ten="318,254,214,214" oya="1" hai0="36,79,116,50,48,87,128,13,126,120,104,53,9" hai1="46,8,24,20,77,106,99,52,78,59,22,55,101" hai2="31,2,131,58,1,103,49,74,91,65,86,102,68" hai3="17,10,109,15,105,16,64,3,51,26,85,19,117"/><U124/><E124/><V66/><F74/><W38/><G38/><T62/><D116/><U60/><E8/><V30/><F68/><W18/><G105/><T33/><D36/><U21/><REACH who="1" step="1"/><E24/><REACH who="1" ten="318,244,214,214" step="2"/><V92/><F131/><W40/><G26/><T0/><D126/><U57/><E57/><V27/><F27/><W133/><G10/><T37/><D128/><U5/><E5/><V7/><F7/><W6/><G6/><T32/><D9/><U14/><E14/><V118/><F118/><W82/><G117/><T41/><D13/><U125/><E125/><V71/><F71/><W115/><G15/><T83/><D0/><U44/><E44/><V112/><F2/><W127/><G3/><T111/><D120/><U107/><E107/><V100/><F1/><W94/><G127/><T132/><D104/><U135/><E135/><V113/><F112/><W61/><G133/><T23/><D132/><U114/><E114/><V34/><F113/><W89/><G115/><T67/><D111/><U35/><E35/><V54/><F34/><W11/><G109/><T39/><D32/><U108/><E108/><V80/><F80/><W130/><G130/><T96/><D33/><U122/><E122/><V97/><F97/><W98/><G11/><T25/><D96/><U12/><E12/><V72/><F72/><W28/><G98/><T93/><D25/><U81/><E81/><V45/><F58/><W42/><G82/><T56/><D83/><U123/><E123/><V95/><F95/><W90/><G94/><T88/><D93/><U63/><E63/><V76/><F76/><RYUUKYOKU ba="2,1" sc="318,-15,244,15,214,15,214,-15" hai1="20,21,22,46,52,55,59,60,77,78,99,101,106" hai2="30,31,45,49,54,65,66,86,91,92,100,102,103" /><INIT seed="1,3,1,2,2,83" ten="303,259,229,199" oya="1" hai0="98,2,121,133,6,92,89,79,13,99,16,0,25" hai1="84,41,4,17,112,68,11,66,64,21,69,47,20" hai2="60,90,62,54,22,9,81,107,126,44,105,40,131" hai3="23,15,37,85,51,101,29,76,106,5,88,103,72"/><U135/><E112/><V7/><F131/><W57/><G37/><T122/><D133/><U128/><E135/><V71/><F126/><W27/><G106/><T61/><D79/><U130/><E130/><V39/><F22/><W31/><G72/><T97/><D61/><U134/><E128/><V77/><F90/><W48/><G31/><T116/><D25/><U43/><E134/><V14/><F60/><W95/><G76/><T129/><D129/><U32/><E32/><V42/><F42/><W91/><G91/><T50/><D50/><N who="3" m="18985" /><G57/><T52/><D52/><U30/><E30/><V26/><F26/><W59/><G59/><T33/><D116/><U56/><E56/><V125/><F54/><W86/><G86/><N who="0" m="52279" /><D6/><U3/><E4/><V108/><F108/><W34/><G34/><T102/><D102/><U93/><E3/><V19/><F19/><W1/><G1/><T38/><D38/><U96/><E17/><V70/><F125/><W8/><AGARI ba="3,1" hai="5,8,15,23,27,29,85,88,95,101,103" m="18985" machi="8" ten="30,4000,0" yaku="8,1,52,1,54,1" doraHai="83" who="3" fromWho="3" sc="303,-13,259,-23,229,-13,199,59" /><INIT seed="2,0,0,4,0,100" ten="290,236,216,258" oya="2" hai0="106,95,6,47,80,74,111,54,13,113,123,101,61" hai1="10,97,104,1,84,135,11,25,3,48,132,89,98" hai2="45,122,7,94,121,107,90,42,17,133,21,38,134" hai3="73,44,56,39,67,83,32,68,109,75,29,33,34"/><V124/><F7/><W93/><G93/><T79/><D123/><U23/><E48/><V5/><F5/><W30/><G56/><T115/><D113/><U28/><E84/><V9/><F9/><W127/><G109/><T18/><D6/><U49/><E49/><V40/><F40/><W46/><G127/><T41/><D115/><U0/><E89/><V77/><F77/><W102/><G102/><T52/><D111/><U82/><E82/><V112/><F112/><W88/><G39/><T50/><D95/><U12/><E98/><V51/><F38/><W108/><G67/><T110/><D110/><U105/><E97/><V4/><F4/><W62/><G62/><T81/><D81/><U70/><E70/><V35/><F35/><W2/><G68/><T58/><D101/><U128/><E128/><V130/><F107/><N who="1" m="41033" /><E12/><N who="2" m="9383" /><F124/><W65/><G108/><T43/><REACH who="0" step="1"/><D106/><REACH who="0" ten="280,236,216,258" step="2"/><U24/><E25/><V91/><F130/><W20/><G83/><T63/><D63/><U99/><E99/><N who="2" m="57815" /><F91/><W117/><G88/><T87/><D87/><U72/><E72/><V59/><F121/><W8/><G75/><T60/><D60/><U71/><E71/><V118/><F122/><W131/><G73/><T31/><D31/><U120/><E120/><V126/><F126/><W22/><G30/><T114/><D114/><U53/><E28/><V14/><F118/><W116/><G29/><T57/><D57/><U27/><E0/><V103/><F103/><W129/><G33/><T78/><D78/><U125/><E125/><V19/><F59/><W86/><G117/><T16/><D16/><RYUUKYOKU ba="0,1" sc="280,15,236,-15,216,15,258,-15" hai0="13,18,41,43,47,50,52,54,58,61,74,79,80" hai2="14,19,42,45,51,133,134" /><INIT seed="2,1,1,5,5,79" ten="295,221,231,243" oya="2" hai0="10,37,84,66,6,95,130,91,32,35,42,30,68" hai1="135,73,20,119,0,110,63,14,40,97,81,105,52" hai2="122,83,121,54,56,124,76,99,90,2,70,77,8" hai3="29,102,107,57,74,129,64,51,22,80,132,78,125"/><V16/><F70/><W114/><G125/><T28/><D130/><U69/><E110/><V82/><F124/><W120/><G120/><T11/><D37/><U134/><E119/><V60/><F121/><W133/><G129/><T109/><D109/><U61/><E0/><V45/><F122/><W15/><G114/><T111/><D42/><U9/><E40/><V117/><F117/><W17/><G29/><T89/><D111/><U96/><E20/><V131/><F131/><W59/><G64/><T98/><D32/><U4/><E105/><V33/><F33/><W19/><G19/><T65/><D35/><U41/><E41/><V47/><F2/><W106/><G106/><T85/><D98/><U72/><E69/><V24/><F76/><W48/><G48/><T101/><D101/><U3/><E3/><V128/><F128/><W27/><G27/><T103/><D103/><U75/><E81/><N who="2" m="30731" /><F77/><W86/><G74/><T34/><D34/><U38/><E38/><V18/><F8/><W123/><G123/><T113/><D10/><U88/><E88/><V116/><F116/><W23/><G107/><T1/><D113/><U26/><E26/><V112/><F112/><W92/><G78/><T58/><D68/><U93/><E97/><V94/><F16/><W44/><G17/><T50/><D28/><U127/><E127/><V67/><F67/><W115/><G115/><T104/><D30/><U43/><E73/><V53/><F54/><W21/><G21/><AGARI ba="1,1" hai="18,21,24,45,47,53,56,60,90,94,99" m="30731" machi="21" ten="30,12000,1" yaku="25,1,8,1,52,3" doraHai="79" who="2" fromWho="3" sc="295,0,221,0,231,133,243,-123" /><INIT seed="2,2,0,0,2,113" ten="295,221,364,120" oya="2" hai0="23,104,40,42,1,87,100,126,134,54,91,61,111" hai1="4,81,109,8,45,14,20,19,25,17,72,71,116" hai2="18,66,96,47,86,32,37,98,84,41,114,128,130" hai3="102,133,3,6,83,62,12,127,68,53,28,24,120"/><V70/><F114/><W55/><G120/><T74/><D1/><U63/><E109/><V21/><F32/><W132/><G3/><T30/><D74/><U35/><E45/><V51/><F37/><W9/><G102/><T124/><D111/><U119/><E35/><V82/><F66/><N who="3" m="41047" /><G83/><T57/><D134/><N who="3" m="51817" /><G127/><N who="0" m="48683" /><D30/><U115/><E115/><V56/><F56/><W27/><G27/><T64/><D23/><AGARI ba="2,0" hai="6,9,12,23,24,28,53,55" m="51817,41047" machi="23" ten="30,1000,0" yaku="20,1" doraHai="113" who="3" fromWho="0" sc="295,-16,221,0,364,0,120,16" /><INIT seed="3,0,0,2,4,51" ten="279,221,364,136" oya="3" hai0="39,112,68,47,53,60,128,81,40,63,50,103,30" hai1="3,96,43,2,5,90,108,54,0,86,18,44,33" hai2="14,10,118,11,15,1,42,9,84,88,107,49,7" hai3="133,32,135,25,52,97,120,12,121,71,104,65,127"/><W106/><G12/><T8/><D128/><U122/><E108/><V21/><F107/><N who="3" m="41003" /><G97/><T125/><D103/><U105/><E122/><V110/><F110/><W80/><G80/><T17/><D125/><U78/><E33/><V22/><F118/><W41/><G41/><T24/><D112/><U87/><E18/><N who="2" m="8527" /><F11/><W83/><G83/><T29/><D81/><U59/><E78/><V116/><F1/><W69/><G127/><T102/><D102/><U85/><E96/><V62/><F62/><N who="3" m="40119" /><G71/><T26/><D8/><U117/><E117/><V37/><F37/><W35/><G52/><N who="0" m="29791" /><D39/><U131/><E131/><V82/><F116/><W31/><G35/><T13/><D68/><U28/><E105/><V23/><F42/><W111/><G111/><T89/><D40/><U130/><E130/><V123/><F123/><AGARI ba="0,0" hai="25,31,32,120,121,123,133,135" m="40119,41003" machi="123" ten="30,1500,0" yaku="23,1" doraHai="51" who="3" fromWho="2" sc="279,0,221,0,364,-15,136,15" /><INIT seed="3,1,0,0,0,30" ten="279,221,349,151" oya="3" hai0="94,103,9,86,70,82,22,16,48,40,78,71,80" hai1="25,33,32,117,11,104,45,126,18,108,109,37,106" hai2="2,105,52,73,21,72,120,100,7,113,60,127,118" hai3="96,85,81,90,119,67,88,121,43,53,27,92,12"/><W112/><G121/><T49/><D70/><U101/><E126/><V122/><F113/><W133/><G112/><T115/><D115/><U5/><E117/><V107/><F118/><W87/><G119/><T50/><D71/><U132/><E132/><V23/><F127/><W79/><G133/><T38/><D38/><U95/><E95/><V36/><F36/><W24/><G67/><T39/><D39/><U51/><E37/><V6/><F2/><W123/><G123/><N who="2" m="47145" /><F52/><W131/><G43/><T93/><D40/><N who="1" m="24999" /><E18/><V91/><F91/><W10/><G53/><T66/><D66/><U28/><E101/><V56/><F100/><W34/><G34/><N who="1" m="13418" /><E25/><V68/><F68/><W74/><G74/><N who="2" m="28777" /><F56/><W130/><G27/><T77/><D9/><U46/><E28/><V26/><F60/><W59/><G59/><T57/><D57/><U97/><E97/><V89/><F89/><W4/><REACH who="3" step="1"/><G24/><REACH who="3" ten="279,221,349,141" step="2"/><N who="0" m="14407" /><D103/><U124/><E124/><V3/><F26/><W111/><G111/><N who="1" m="42570" /><E46/><V84/><F105/><W13/><G13/><AGARI ba="1,1" hai="5,11,13,104,106" m="42570,13418,24999" machi="13" ten="30,7700,0" yaku="14,1,52,3" doraHai="30" who="1" fromWho="3" sc="279,0,221,90,349,0,141,-80" /><INIT seed="4,0,0,4,4,97" ten="279,311,349,61" oya="0" hai0="12,129,56,86,81,14,108,66,69,46,93,79,16" hai1="106,115,15,113,85,82,61,9,37,42,116,41,131" hai2="48,60,91,99,114,43,111,117,28,72,35,29,121" hai3="8,71,89,30,24,80,0,62,107,102,120,10,88"/><T128/><D66/><U63/><E116/><V4/><F72/><W112/><G112/><N who="1" m="43082" /><E106/><V13/><F111/><W45/><G120/><T101/><D69/><U77/><E131/><N who="0" m="50249" /><D56/><U78/><E78/><V76/><F76/><W135/><G135/><T59/><D59/><U132/><E132/><V33/><F121/><W126/><G126/><T6/><D108/><U38/><E41/><V50/><F114/><W124/><G124/><T84/><D46/><N who="1" m="23887" /><E38/><V103/><F43/><W109/><G109/><T31/><D31/><U7/><AGARI ba="0,0" hai="7,9,15,61,63,77,82,85" m="23887,43082" machi="7" ten="30,2000,0" yaku="15,1,11,1" doraHai="97" who="1" fromWho="1" sc="279,-10,311,20,349,-5,61,-5" /><INIT seed="5,0,0,2,1,16" ten="269,331,344,56" oya="1" hai0="19,65,128,118,97,86,82,129,95,113,57,6,23" hai1="17,55,130,89,22,36,21,62,2,35,1,87,43" hai2="18,75,13,39,58,51,81,85,127,60,34,10,100" hai3="68,116,53,93,61,15,44,25,71,125,40,49,91"/><U73/><E35/><V59/><F39/><W45/><G125/><T84/><D6/><U88/><E73/><V54/><F75/><W69/><G116/><T56/><D118/><U7/><E130/><N who="0" m="50281" /><D113/><U132/><E132/><V107/><F34/><W119/><G119/><T42/><D42/><U90/><E87/><N who="0" m="33321" /><D65/><U32/><E32/><V105/><F100/><W123/><G123/><T0/><D0/><U101/><E101/><V9/><F9/><W96/><G15/><N who="0" m="9727" /><D82/><U50/><E17/><V38/><F38/><W108/><G108/><T66/><D66/><U8/><E1/><V78/><F127/><W112/><G112/><T11/><D11/><U33/><E33/><V122/><F122/><W4/><G4/><T47/><D47/><U117/><E117/><V135/><F135/><W109/><G109/><T104/><D104/><U5/><E5/><V121/><F121/><W114/><G114/><T92/><D92/><U80/><E80/><V99/><F99/><W26/><REACH who="3" step="1"/><G61/><REACH who="3" ten="269,331,344,46" step="2"/><T134/><D134/><U48/><E62/><V110/><F110/><W67/><G67/><AGARI ba="0,1" hai="10,13,18,51,54,58,59,60,67,78,81,85,105,107" machi="67" ten="30,1000,0" yaku="7,1" doraHai="16" who="2" fromWho="3" sc="269,0,331,0,344,20,46,-10" /><INIT seed="6,0,0,5,5,131" ten="269,331,364,36" oya="2" hai0="27,94,25,108,67,91,43,55,99,111,46,52,68" hai1="4,70,118,49,113,23,107,103,71,126,109,81,96" hai2="58,47,35,2,134,73,85,65,93,69,28,74,117" hai3="78,104,123,8,22,20,16,92,33,133,38,48,114"/><V18/><F69/><W54/><G123/><T75/><D75/><U102/><E109/><V41/><F2/><W64/><G104/><T36/><D108/><U106/><E118/><V84/><F35/><W5/><G38/><T44/><D111/><U14/><E113/><V72/><F28/><W80/><G33/><T9/><D68/><U53/><E126/><V122/><F122/><W129/><G114/><T12/><D67/><U17/><E4/><V15/><F117/><W51/><G129/><T105/><D105/><U98/><REACH who="1" step="1"/><E81/><REACH who="1" ten="269,321,364,36" step="2"/><V34/><F73/><W88/><G64/><T110/><D110/><U19/><E19/><V82/><F72/><W115/><G115/><T61/><D55/><U56/><AGARI ba="0,1" hai="14,17,23,49,53,56,70,71,96,98,102,103,106,107" machi="56" ten="20,5200,0" yaku="1,1,0,1,7,1,9,1,53,0" doraHai="131" doraHaiUra="40" who="1" fromWho="1" sc="269,-13,321,62,364,-26,36,-13" /><INIT seed="7,0,0,4,4,3" ten="256,383,338,23" oya="3" hai0="103,9,40,110,57,58,6,80,67,91,42,117,88" hai1="11,96,90,121,112,45,28,82,109,72,105,124,134" hai2="87,33,8,113,34,10,61,115,126,94,130,78,24" hai3="74,92,108,128,73,31,106,4,18,123,100,47,89"/><W69/><G123/><T85/><D110/><U84/><E121/><V35/><F61/><W44/><G69/><T49/><D117/><U23/><E109/><V0/><F78/><W119/><G108/><T54/><D103/><U81/><E112/><N who="2" m="43083" /><F87/><W102/><G119/><T43/><D67/><U86/><E72/><V71/><F94/><W95/><G31/><T48/><D91/><N who="1" m="51599" /><E134/><V22/><F71/><W98/><G18/><T118/><D118/><U13/><E105/><V32/><N who="2" m="8192" /><DORA hai="111" /><V53/><F53/><W25/><G25/><T60/><REACH who="0" step="1"/><D58/><REACH who="0" ten="246,383,338,23" step="2"/><U52/><E90/><V116/><F116/><W65/><G89/><T15/><AGARI ba="0,1" hai="6,9,15,40,42,43,48,49,54,57,60,80,85,88" machi="15" ten="30,12000,2" yaku="1,1,2,1,0,1,8,1,52,1,54,1,53,0" doraHai="3,111" doraHaiUra="30,129" who="0" fromWho="0" sc="246,130,383,-30,338,-30,23,-60" owari="376,48.0,353,15.0,308,-9.0,-37,-54.0" /></mjloggm>