<mjloggm ver="2.3"><GO type="169" lobby="0"/><UN n0="%EF%BC%BC%28%EF%BC%BE%6F%EF%BC%BE%29%EF%BC%8F%E2%98%85" n1="%70%69%6E%63%65%72%73" n2="%28%3B%E3%83%BB%E2%88%80%E3%83%BB%29" n3="%6D%61%74%6F%30%36%30%33" dan="17,16,16,18" rate="2221.92,2152.84,2182.25,2271.14" sx="M,M,M,M"/><TAIKYOKU oya="0"/><INIT seed="0,0,0,0,2,6" ten="250,250,250,250" oya="0" hai0="71,28,101,132,11,116,99,130,54,34,65,102,33" hai1="74,125,86,82,53,37,134,110,75,85,57,35,59" hai2="4,100,25,30,126,26,133,15,47,129,5,84,77" hai3="14,42,3,105,83,92,111,31,2,7,87,103,27"/><T55/><D116/><U123/><E123/><V32/><F126/><W78/><G111/><T79/><D132/><U8/><E35/><V63/><F133/><W21/><G105/><T50/><D79/><U119/><E37/><V46/><F129/><W58/><G42/><T68/><D130/><U107/><E107/><V49/><F100/><W69/><G69/><T41/><D41/><U56/><E119/><V128/><F128/><W43/><G43/><T39/><D39/><U60/><E134/><V20/><F63/><W52/><G103/><T67/><D50/><U9/><E110/><V64/><F64/><W114/><G92/><T80/><D28/><U40/><E40/><V12/><F49/><W113/><G113/><T38/><D38/><U104/><E104/><V106/><F106/><W0/><G114/><T97/><REACH who="0" step="1"/><D80/><REACH who="0" ten="240,250,250,250" step="2"/><U24/><E82/><V90/><F77/><W118/><G118/><T81/><D81/><U72/><E125/><V89/><F30/><W44/><G44/><T127/><D127/><U91/><E60/><V17/><F47/><W115/><G115/><T96/><D96/><U108/><E108/><V120/><F46/><W29/><G31/><T117/><D117/><U66/><E66/><V19/><F120/><W124/><G124/><T135/><D135/><U18/><E53/><V51/><F51/><W112/><G112/><T122/><D122/><U76/><E76/><V121/><F121/><W13/><G52/><T48/><D48/><U22/><REACH who="1" step="1"/><E91/><REACH who="1" ten="240,240,250,250" step="2"/><V94/><F89/><W1/><G78/><T88/><D88/><U61/><E61/><RYUUKYOKU ba="0,2" sc="240,15,240,15,250,-15,250,-15" hai0="11,33,34,54,55,65,67,68,71,97,99,101,102" hai1="8,9,18,22,24,56,57,59,72,74,75,85,86" /><INIT seed="0,1,2,0,2,93" ten="255,255,235,235" oya="0" hai0="119,13,98,0,64,19,99,22,87,115,9,5,81" hai1="131,121,124,8,127,110,132,129,62,73,27,16,55" hai2="30,59,135,47,86,50,101,68,65,90,44,106,78" hai3="37,35,74,91,1,42,103,23,83,46,95,120,15"/><T40/><D115/><U21/><E121/><V36/><F68/><W48/><G35/><T77/><D119/><U10/><E73/><V41/><F135/><W18/><G120/><T2/><D2/><U133/><E62/><V38/><F78/><W92/><G1/><T11/><D64/><U3/><E55/><V118/><F118/><W28/><G28/><T66/><D66/><U104/><E104/><V96/><F30/><W6/><G6/><T67/><D67/><U34/><E34/><V130/><F130/><N who="1" m="49673" /><E110/><V24/><F24/><W122/><G122/><T33/><D33/><U4/><E10/><V79/><F79/><W20/><G74/><T57/><D57/><U61/><E61/><V114/><F114/><W126/><G126/><AGARI ba="1,2" hai="3,4,8,16,21,27,124,126,127,132,133" m="49673" machi="126" ten="30,12000,2" yaku="30,2,18,1,19,1,34,2,54,1" doraHai="93" who="1" fromWho="3" sc="255,0,255,143,235,0,235,-123" /><INIT seed="1,0,0,2,0,71" ten="255,398,235,112" oya="1" hai0="111,12,122,40,54,18,119,5,53,84,27,26,35" hai1="7,14,102,130,52,86,11,81,47,91,95,64,31" hai2="2,22,37,9,63,0,87,96,50,46,112,107,101" hai3="29,45,82,15,23,103,61,57,42,83,19,128,20"/><U85/><E130/><V65/><F112/><W99/><G128/><T43/><D119/><U123/><E123/><V74/><F74/><W116/><G116/><T1/><D111/><U129/><E129/><V28/><F87/><W62/><G29/><T72/><D72/><U16/><E64/><V132/><F132/><W39/><G23/><T59/><D54/><U106/><E106/><V124/><F124/><W78/><G78/><T133/><D133/><U120/><E31/><V8/><F22/><W30/><G30/><T55/><D55/><U41/><E41/><V104/><F28/><W21/><G21/><T32/><D122/><U88/><E120/><V38/><F104/><W134/><G134/><T118/><D5/><U76/><E102/><V114/><F114/><W6/><G6/><T108/><D1/><U125/><E125/><V105/><F105/><W51/><G39/><T58/><D53/><U126/><E126/><V3/><F9/><W33/><G33/><T77/><D18/><U73/><E7/><V131/><F8/><W25/><G25/><T117/><D12/><U68/><E68/><V100/><F101/><W69/><G69/><T48/><D77/><U98/><REACH who="1" step="1"/><E91/><REACH who="1" ten="255,388,235,112" step="2"/><V56/><REACH who="2" step="1"/><F131/><REACH who="2" ten="255,388,225,112" step="2"/><W80/><REACH who="3" step="1"/><G57/><REACH who="3" ten="255,388,225,102" step="2"/><N who="0" m="21515" /><D118/><U36/><E36/><V4/><F4/><W79/><G79/><T60/><D117/><U70/><E70/><V17/><F17/><W89/><G89/><T115/><D115/><U97/><E97/><V92/><F92/><AGARI ba="0,3" hai="15,19,20,42,45,51,61,62,80,82,83,92,99,103" machi="92" ten="40,2600,0" yaku="1,1,8,1,53,0" doraHai="71" doraHaiUra="113" who="3" fromWho="2" sc="255,0,388,0,225,-26,102,56" /><INIT seed="2,0,0,3,5,95" ten="255,388,199,158" oya="2" hai0="108,122,99,61,71,85,131,45,72,17,89,5,110" hai1="18,90,56,106,10,51,98,32,86,104,23,54,39" hai2="49,42,135,62,116,75,0,92,8,113,11,109,94" hai3="30,121,118,47,133,97,96,114,22,130,124,101,134"/><V64/><F113/><W52/><G118/><T15/><D72/><U119/><E32/><V59/><F116/><W76/><G121/><T128/><D5/><U80/><E119/><V68/><F75/><W55/><G114/><T24/><D24/><U67/><E39/><V34/><F34/><W105/><G76/><T65/><D45/><U37/><E37/><V123/><F123/><W6/><G130/><N who="0" m="49707" /><D122/><U69/><E10/><V111/><F135/><N who="3" m="51723" /><G124/><T126/><D126/><U2/><E2/><V107/><F107/><N who="3" m="63911" /><G6/><T63/><D63/><U12/><E69/><V20/><F20/><W53/><G47/><T33/><D33/><U117/><E117/><V60/><F42/><W41/><G41/><T38/><D38/><U77/><E67/><V70/><F49/><W40/><G40/><T31/><D31/><U36/><E36/><V100/><F100/><N who="3" m="62607" /><G55/><T103/><D17/><U9/><E23/><V48/><F48/><W25/><AGARI ba="0,0" hai="22,25,30,52,53" m="62607,63911,51723" machi="25" ten="30,7900,0" yaku="20,1,52,2,54,1" doraHai="95" who="3" fromWho="3" sc="255,-20,388,-20,199,-39,158,79" /><INIT seed="3,0,0,3,3,92" ten="235,368,160,237" oya="3" hai0="107,70,60,115,121,125,108,94,30,61,114,36,43" hai1="18,38,84,55,41,112,24,58,71,21,98,77,91" hai2="10,95,85,132,27,59,124,104,87,8,29,106,56" hai3="20,76,68,52,116,120,103,46,57,110,101,23,102"/><W9/><G68/><T75/><D107/><U51/><E112/><N who="0" m="43049" /><D75/><U96/><E71/><V7/><F124/><W1/><G116/><T83/><D30/><U3/><E3/><V54/><F132/><W42/><G120/><T79/><D94/><N who="1" m="54631" /><E38/><V133/><F133/><W13/><G1/><T33/><D83/><U31/><E77/><V69/><F69/><W105/><G76/><T5/><D5/><U135/><E135/><V123/><F123/><W72/><G72/><T130/><D33/><U99/><E41/><V97/><F104/><W129/><G129/><T6/><D6/><U16/><AGARI ba="0,0" hai="16,18,21,24,31,51,55,58,96,98,99" m="54631" machi="16" ten="30,8000,1" yaku="8,1,52,3,54,1" doraHai="92" who="1" fromWho="1" sc="235,-20,368,80,160,-20,237,-40" /><INIT seed="4,0,0,4,4,127" ten="215,448,140,197" oya="0" hai0="70,92,12,34,107,10,93,31,38,61,52,20,134" hai1="88,39,96,14,66,37,25,26,2,15,13,29,35" hai2="28,120,115,86,97,11,128,9,79,40,106,121,125" hai3="130,50,4,131,67,87,43,27,57,42,55,124,62"/><T95/><D107/><U81/><E2/><V74/><F40/><N who="3" m="15403" /><G4/><T64/><D38/><U30/><E66/><V104/><F28/><W109/><G27/><T63/><D34/><U108/><E108/><V5/><F5/><W33/><G33/><T91/><D134/><U75/><E75/><V44/><F44/><N who="3" m="28103" /><G87/><T18/><D31/><U78/><E78/><V76/><F11/><W82/><G82/><T132/><D132/><U16/><E16/><V102/><F9/><W17/><G17/><T6/><D63/><U71/><E71/><V23/><F23/><W22/><G22/><T41/><D41/><U90/><E90/><V89/><F125/><W111/><G124/><T68/><D52/><U135/><E135/><V8/><F8/><W60/><G60/><T32/><D32/><U85/><E96/><V123/><F106/><W119/><G119/><T105/><D105/><U73/><E73/><V94/><F115/><W116/><G116/><T126/><D126/><U84/><E84/><V21/><F21/><W56/><G56/><T48/><D68/><U46/><E46/><V80/><F79/><W98/><G98/><T112/><D112/><U47/><E47/><V83/><F83/><W118/><G118/><T101/><D48/><U49/><E49/><V24/><REACH who="2" step="1"/><F24/><REACH who="2" ten="215,448,130,197" step="2"/><W110/><AGARI ba="0,1" hai="57,62,67,109,110,111,130,131" m="28103,15403" machi="110" ten="40,8000,1" yaku="34,2,52,2" doraHai="127" who="3" fromWho="3" sc="215,-40,448,-20,130,-20,197,90" /><INIT seed="5,0,0,5,5,37" ten="175,428,110,287" oya="1" hai0="80,64,52,6,10,34,26,119,48,53,92,132,124" hai1="109,5,44,65,69,93,85,45,12,87,81,1,50" hai2="88,31,97,22,35,79,89,110,125,127,101,58,102" hai3="27,98,54,61,20,39,32,11,133,9,41,74,129"/><U94/><E1/><V43/><F110/><W73/><G32/><T8/><D119/><U17/><E109/><V63/><F35/><W67/><G129/><T128/><D128/><U111/><E111/><V7/><F79/><W55/><G133/><T121/><D132/><U29/><E5/><V42/><F7/><W68/><G39/><T126/><D121/><U21/><E29/><V76/><F76/><W91/><G41/><N who="2" m="15369" /><F31/><W46/><G46/><T96/><D64/><U47/><E69/><V24/><F24/><W28/><G55/><T75/><D26/><U2/><E2/><V14/><F22/><W77/><G54/><T59/><D53/><U51/><E65/><N who="2" m="39159" /><F14/><W122/><G122/><T57/><D57/><U71/><E71/><V19/><F19/><W33/><G33/><T123/><D34/><U134/><E134/><V118/><F118/><W4/><G77/><N who="0" m="44095" /><D6/><U72/><E72/><V100/><F97/><W60/><G11/><T18/><D18/><U13/><E21/><V16/><F16/><W36/><G98/><T115/><D123/><U30/><E17/><V25/><F25/><W131/><G27/><T84/><D96/><U49/><E30/><V103/><N who="2" m="25600" /><DORA hai="86" /><V120/><F120/><W66/><G4/><T112/><D10/><U82/><E13/><V23/><F23/><W90/><G9/><T70/><D70/><U114/><E12/><V0/><F0/><W116/><G20/><T117/><D117/><U113/><E45/><V108/><F108/><W107/><G116/><T40/><D8/><U130/><E130/><V83/><F83/><RYUUKYOKU ba="0,0" sc="175,-10,428,-10,110,30,287,-10" hai2="88,89,125,127" /><INIT seed="6,1,0,5,4,102" ten="165,418,140,277" oya="2" hai0="108,52,57,20,116,33,44,39,110,22,16,9,53" hai1="120,101,31,21,80,65,127,63,3,42,112,14,47" hai2="0,48,84,51,59,58,77,4,126,90,54,62,19" hai3="26,1,85,35,83,49,29,13,133,79,103,41,125"/><V60/><F126/><W121/><G1/><T55/><D33/><U70/><E3/><V81/><F0/><W113/><G121/><T18/><D9/><U73/><E127/><V115/><F115/><W38/><G125/><T24/><D116/><U118/><E112/><V61/><F4/><W50/><G113/><T27/><D57/><U5/><E118/><V71/><F71/><W67/><G133/><T122/><D122/><U97/><E120/><V89/><REACH who="2" step="1"/><F19/><REACH who="2" ten="165,418,130,277" step="2"/><W119/><G119/><T104/><D104/><U96/><E5/><V105/><F105/><W43/><G29/><T64/><D64/><U82/><E65/><V74/><F74/><W100/><G67/><T124/><D124/><U30/><E73/><V66/><F66/><W32/><G32/><T123/><D123/><U10/><E70/><V17/><F17/><W75/><G75/><T114/><D114/><U46/><E30/><V36/><F36/><W129/><G38/><T15/><D15/><U98/><E31/><V34/><F34/><W45/><G13/><T23/><D23/><U91/><E21/><V28/><F28/><W95/><G35/><T40/><AGARI ba="1,1" hai="16,18,20,22,24,27,39,40,44,52,53,55,108,110" machi="40" ten="30,7900,0" yaku="0,1,9,1,54,2" doraHai="102" who="0" fromWho="0" sc="165,92,418,-21,130,-40,277,-21" /><INIT seed="7,0,0,1,4,52" ten="257,397,90,256" oya="3" hai0="13,30,29,68,31,105,53,88,7,100,61,25,64" hai1="131,128,37,18,28,86,99,56,135,125,97,91,2" hai2="94,44,24,119,113,23,85,48,65,33,11,43,74" hai3="79,124,78,112,89,46,103,77,40,109,6,116,114"/><W55/><G116/><T35/><D53/><U75/><E75/><V81/><F74/><W134/><G124/><T120/><D120/><U8/><E125/><V21/><F119/><W108/><G103/><T10/><D88/><U72/><E72/><V127/><F113/><N who="3" m="43627" /><G6/><T123/><D123/><U58/><E37/><V126/><F126/><W26/><G134/><T54/><D54/><U115/><E115/><V62/><F33/><W60/><G26/><T3/><D3/><U47/><E135/><V12/><F127/><W16/><G89/><T27/><D27/><U101/><E28/><V32/><F94/><W84/><G84/><T66/><D66/><U39/><E47/><V14/><F14/><W36/><G16/><T110/><D110/><N who="3" m="42601" /><G79/><T70/><D68/><U50/><E39/><V121/><F32/><W4/><G4/><T42/><D42/><U122/><E122/><V51/><F51/><W59/><AGARI ba="0,0" hai="36,40,46,55,59,60,77,78" m="42601,43627" machi="59" ten="40,7800,0" yaku="15,1,10,1,52,1" doraHai="52" who="3" fromWho="3" sc="257,-26,397,-26,90,-26,256,78" /><INIT seed="7,1,0,1,3,105" ten="231,371,64,334" oya="3" hai0="132,57,106,11,19,63,5,27,127,102,45,3,67" hai1="131,62,104,30,8,125,15,61,66,69,130,86,134" hai2="14,98,90,121,39,111,82,108,118,79,20,2,77" hai3="58,83,71,29,75,112,10,6,97,65,120,133,38"/><W126/><G120/><T93/><D132/><U115/><E115/><V114/><F39/><W119/><G119/><T74/><D127/><U88/><E104/><V4/><F2/><N who="3" m="343" /><G58/><T36/><D106/><U7/><E134/><V122/><F4/><W13/><G133/><T55/><D102/><U84/><E125/><V26/><F14/><W96/><G126/><T12/><D93/><U31/><E61/><V72/><F20/><W56/><G71/><T100/><D100/><U85/><E88/><V113/><F26/><W24/><G38/><T51/><D27/><U109/><REACH who="1" step="1"/><E109/><REACH who="1" ten="231,361,64,334" step="2"/><N who="2" m="42059" /><F98/><W50/><G112/><N who="2" m="43113" /><F90/><W40/><G97/><T123/><D19/><U78/><E78/><V59/><F59/><W22/><G96/><T92/><D12/><U129/><AGARI ba="1,1" hai="7,8,15,30,31,62,66,69,84,85,86,129,130,131" machi="129" ten="40,5200,0" yaku="1,1,0,1,19,1,53,0" doraHai="105" doraHaiUra="135" who="1" fromWho="1" sc="231,-14,361,65,64,-14,334,-27" owari="217,-18.0,426,52.0,50,-45.0,307,11.0" /></mjloggm>