<mjloggm ver="2.3"><GO type="185" lobby="0"/><UN n0="%E4%BD%8D%E9%B3%B3%E5%A4%A9" n1="%E3%81%BB%E3%81%BC%E9%9D%A2%E5%89%8D" n2="%E8%99%8E%E7%8D%85%E3%81%8F%E3%82%93" n3="" dan="17,16,16,0" rate="2173.10,2099.33,2169.35,1500.00" sx="M,M,M,C"/><TAIKYOKU oya="0"/><INIT seed="0,0,0,4,4,101" ten="350,350,350,0" oya="0" hai0="66,131,61,53,36,112,102,50,87,43,123,129,130" hai1="74,51,122,59,71,113,115,121,99,128,1,132,134" hai2="120,109,107,63,111,44,35,89,62,79,92,81,94" hai3=""/><T56/><N who="0" m="31520" /><T119/><D119/><U76/><N who="1" m="31008" /><U68/><N who="1" m="31264" /><U114/><E1/><V40/><N who="2" m="30752" /><V73/><F35/><T2/><D2/><U98/><E128/><V78/><F78/><T126/><D102/><U100/><E74/><V72/><F72/><T103/><D103/><U37/><E37/><V124/><F124/><T83/><D126/><U70/><E76/><V127/><F127/><T125/><D125/><U96/><E100/><V135/><F135/><N who="1" m="51753" /><E59/><V105/><F94/><T32/><D32/><U75/><E75/><V58/><F109/><T0/><D0/><U52/><E52/><V67/><F63/><T116/><D116/><U60/><E51/><V133/><F111/><T34/><D34/><U93/><E93/><V69/><F58/><T82/><D36/><U55/><E55/><V48/><REACH who="2" step="1"/><F133/><REACH who="2" ten="350,350,340,0" step="2"/><T104/><D104/><U54/><E54/><V90/><F90/><T117/><D117/><U45/><E45/><V57/><F57/><T85/><D43/><U41/><E41/><V47/><F47/><T106/><D106/><U49/><E60/><V42/><F42/><T86/><REACH who="0" step="1"/><D112/><REACH who="0" ten="340,350,340,0" step="2"/><U88/><E115/><V64/><F64/><T33/><D33/><U84/><E114/><RYUUKYOKU ba="0,2" sc="340,10,350,-20,340,10,0,0" hai0="50,53,56,61,66,82,83,85,86,87,129,130,131" hai2="40,44,48,62,67,69,73,79,81,89,92,105,107" /><INIT seed="0,1,2,3,4,135" ten="350,330,350,0" oya="0" hai0="62,124,46,67,79,71,98,39,87,117,42,85,106" hai1="65,0,103,68,52,132,70,94,48,77,128,3,72" hai2="113,78,129,120,80,101,111,83,40,95,97,55,41" hai3=""/><T50/><D117/><U89/><E132/><V125/><N who="2" m="30752" /><V60/><F113/><T74/><D124/><U109/><E109/><V36/><F111/><T107/><D107/><U82/><E128/><V81/><F129/><T93/><D106/><U88/><E103/><V118/><F118/><T76/><D39/><U127/><E127/><V122/><N who="2" m="31264" /><V121/><N who="2" m="31008" /><V100/><F125/><T102/><REACH who="0" step="1"/><D74/><REACH who="0" ten="340,330,350,0" step="2"/><U49/><E0/><V1/><F1/><T91/><D91/><U112/><E3/><V58/><F36/><T110/><D110/><U116/><E112/><V115/><F115/><T45/><D45/><U131/><E116/><V47/><F47/><T51/><D51/><U57/><E89/><V53/><F78/><AGARI ba="1,3" hai="42,46,50,62,67,71,76,78,79,85,87,93,98,102" machi="78" ten="40,2000,0" yaku="1,1,53,0" doraHai="135" doraHaiUra="34" who="0" fromWho="2" sc="340,52,330,0,350,-22,0,0" /><INIT seed="0,2,0,4,1,61" ten="392,330,328,0" oya="0" hai0="109,122,119,98,125,86,88,51,117,81,108,102,118" hai1="95,39,133,69,58,66,79,113,0,115,3,83,77" hai2="100,120,53,132,56,106,46,72,35,52,57,70,130" hai3=""/><T93/><N who="0" m="31264" /><T103/><D51/><U104/><E133/><V110/><N who="2" m="30752" /><V134/><F72/><T62/><D62/><U33/><E33/><V36/><F100/><T111/><D125/><U63/><E104/><V38/><F106/><T127/><D127/><U91/><E39/><N who="2" m="14891" /><F35/><T126/><D126/><U84/><E79/><AGARI ba="2,0" hai="79,81,86,88,93,98,102,103,108,109,111,117,118,119" m="31264" machi="79" ten="50,18000,2" yaku="14,1,10,1,34,3,52,1,54,1" doraHai="61" who="0" fromWho="1" sc="392,184,330,-184,328,0,0,0" /><INIT seed="0,3,0,1,3,47" ten="576,146,328,0" oya="0" hai0="106,57,52,34,42,45,118,91,109,43,92,125,98" hai1="84,53,86,68,134,56,110,0,96,116,82,113,130" hai2="112,128,61,126,63,123,1,94,101,46,62,55,114" hai3=""/><T80/><D118/><U72/><E110/><V36/><N who="2" m="31520" /><V79/><F1/><T115/><D109/><U78/><E0/><V51/><F126/><T88/><D115/><U44/><E116/><V108/><F108/><T37/><D125/><U83/><E68/><V38/><F79/><T120/><N who="0" m="30752" /><T107/><D42/><U97/><E113/><N who="2" m="43627" /><F94/><T103/><D34/><U89/><E130/><V35/><F101/><T54/><D54/><U40/><E72/><V32/><F32/><T71/><D71/><U41/><E134/><V85/><F85/><T76/><D107/><U132/><E132/><V105/><F105/><T70/><D70/><U87/><E87/><V64/><F35/><T121/><N who="0" m="31008" /><T102/><D103/><U66/><E66/><V59/><F128/><T74/><D106/><U69/><E69/><V111/><F111/><T93/><D93/><U67/><E67/><V99/><F99/><T65/><D65/><U33/><E40/><V50/><F64/><T127/><D127/><U39/><E33/><V2/><F2/><T133/><D133/><U49/><AGARI ba="3,0" hai="39,41,44,49,53,56,78,82,83,84,86,89,96,97" machi="49" ten="20,2000,0" yaku="0,1,7,1,52,1" doraHai="47" who="1" fromWho="1" sc="576,-16,146,26,328,-10,0,0" /><INIT seed="1,0,0,2,0,84" ten="560,172,318,0" oya="1" hai0="46,135,128,104,105,2,69,117,1,40,134,66,72" hai1="120,37,74,48,86,52,97,51,73,50,123,129,109" hai2="58,115,61,131,96,42,121,36,88,101,39,102,68" hai3=""/><U79/><N who="1" m="30752" /><U41/><N who="1" m="31520" /><U56/><E129/><V59/><N who="2" m="31008" /><V62/><F131/><T38/><D128/><U93/><E109/><V70/><F42/><T64/><D72/><U3/><E3/><N who="0" m="1033" /><D117/><U108/><E108/><V116/><F96/><T119/><D119/><U99/><E73/><V118/><REACH who="2" step="1"/><F88/><REACH who="2" ten="560,172,308,0" step="2"/><T133/><D69/><U83/><E37/><V77/><F77/><T33/><D33/><U130/><E130/><V76/><F76/><T67/><AGARI ba="0,1" hai="38,40,46,64,66,67,104,105,133,134,135" m="1033" machi="67" ten="40,1100,0" yaku="20,1" doraHai="84" who="0" fromWho="0" sc="560,21,172,-7,308,-4,0,0" /><INIT seed="2,0,0,5,3,44" ten="581,165,304,0" oya="2" hai0="2,77,96,122,121,99,60,53,76,58,1,38,95" hai1="67,120,134,106,48,98,69,119,115,56,32,74,123" hai2="63,50,59,108,81,65,70,133,39,125,3,0,113" hai3=""/><V102/><F113/><T93/><N who="0" m="31008" /><T116/><N who="0" m="31264" /><T47/><D116/><U130/><N who="1" m="30752" /><U127/><E67/><V92/><F125/><T94/><D38/><U71/><E48/><V129/><F129/><T68/><D68/><U118/><E56/><V49/><F133/><T97/><REACH who="0" step="1"/><D47/><REACH who="0" ten="571,165,304,0" step="2"/><U36/><E118/><V54/><F39/><T62/><D62/><U57/><E57/><V86/><F108/><T114/><D114/><U80/><E119/><V109/><F109/><T104/><D104/><U124/><E36/><V128/><F128/><T33/><D33/><U107/><E130/><V45/><F0/><AGARI ba="0,1" hai="0,1,2,53,58,60,76,77,93,94,95,96,97,99" m="31264,31008" machi="0" ten="50,6400,0" yaku="1,1,52,2,53,0" doraHai="44" doraHaiUra="82" who="0" fromWho="2" sc="571,74,165,0,304,-64,0,0" /><INIT seed="4,0,0,5,2,111" ten="645,165,240,0" oya="0" hai0="130,58,119,2,60,55,50,113,128,71,114,79,123" hai1="41,103,81,92,40,61,110,62,134,86,121,98,67" hai2="44,38,131,117,106,49,3,78,93,125,135,68,104" hai3=""/><T43/><N who="0" m="31520" /><T116/><D2/><U91/><N who="1" m="31008" /><U73/><E110/><V57/><F93/><T77/><D77/><U94/><E134/><V118/><F78/><T35/><D79/><U129/><E129/><N who="0" m="49769" /><D35/><U76/><REACH who="1" step="1"/><E62/><REACH who="1" ten="645,155,240,0" step="2"/><V109/><F131/><T83/><D83/><U105/><E105/><V87/><F106/><T65/><D43/><U124/><E124/><V36/><F125/><T63/><D63/><U84/><E84/><V48/><F87/><T72/><D72/><U70/><AGARI ba="0,1" hai="40,41,61,67,70,73,76,81,86,91,92,94,98,103" m="31008" machi="70" ten="20,6000,1" yaku="1,1,0,1,7,1,52,1,53,1" doraHai="111" doraHaiUra="75" who="1" fromWho="1" sc="645,-40,155,70,240,-20,0,0" /><INIT seed="5,0,0,5,0,62" ten="605,225,220,0" oya="1" hai0="106,93,65,3,34,130,105,107,40,101,67,120,61" hai1="69,54,84,125,112,129,83,68,111,98,50,89,95" hai2="90,57,133,134,127,78,44,135,56,53,80,94,117" hai3=""/><U63/><E112/><V64/><F117/><T77/><N who="0" m="30752" /><T115/><D3/><U0/><E0/><V2/><F2/><T109/><D109/><U116/><E116/><V86/><F127/><T52/><D34/><U39/><E39/><V114/><F114/><T45/><D130/><U122/><N who="1" m="31264" /><U128/><E125/><V58/><F44/><T37/><D77/><U38/><E38/><V88/><F90/><T46/><D115/><U100/><E111/><V118/><F118/><T60/><D60/><U87/><E87/><V66/><REACH who="2" step="1"/><F53/><REACH who="2" ten="605,225,210,0" step="2"/><T59/><D46/><U123/><N who="1" m="31520" /><U91/><E129/><V121/><N who="2" m="31008" /><V70/><F70/><T47/><D47/><U71/><E128/><V126/><F126/><T81/><D45/><U48/><E91/><V104/><F104/><T82/><D107/><U76/><E89/><V51/><F51/><T92/><D106/><U131/><E131/><V96/><AGARI ba="0,1" hai="56,57,58,64,66,78,80,86,88,94,96,133,134,135" m="31008" machi="96" ten="40,9000,2" yaku="1,1,0,1,20,1,52,3,54,1,53,0" doraHai="62" doraHaiUra="43" who="2" fromWho="2" sc="605,-30,225,-60,210,100,0,0" /><INIT seed="6,0,0,3,4,34" ten="575,165,310,0" oya="2" hai0="54,99,41,80,45,60,110,38,33,70,42,135,47" hai1="111,72,105,112,76,127,102,91,97,0,109,132,79" hai2="96,77,133,115,50,84,124,55,98,85,53,61,81" hai3=""/><V119/><F119/><T51/><D110/><U125/><E0/><V95/><F124/><T1/><D1/><U52/><E132/><V36/><F36/><T90/><D135/><U62/><E112/><V40/><F115/><T131/><D131/><U116/><E52/><V56/><F40/><T106/><D106/><U94/><E62/><V66/><F55/><T3/><D3/><U63/><E63/><V118/><F118/><T100/><D33/><U104/><E116/><V48/><F48/><T71/><D60/><U108/><E104/><V46/><F133/><T126/><D126/><U43/><E43/><V93/><F93/><T123/><N who="0" m="31520" /><T87/><D54/><U57/><E57/><V65/><F65/><T120/><N who="0" m="30752" /><T89/><D70/><U114/><E114/><V37/><F37/><T35/><D71/><U122/><N who="1" m="31264" /><U64/><E64/><V128/><F128/><T134/><D134/><U59/><E59/><V103/><REACH who="2" step="1"/><F98/><REACH who="2" ten="575,165,300,0" step="2"/><T82/><D38/><U130/><E130/><V78/><F78/><T67/><D67/><U68/><E68/><V2/><F2/><T83/><D51/><U121/><N who="1" m="31008" /><U107/><E107/><V117/><F117/><T44/><D99/><U129/><E129/><RYUUKYOKU ba="0,1" sc="575,-10,165,-10,300,20,0,0" hai2="46,50,53,56,61,66,77,81,84,85,95,96,103" /><INIT seed="6,1,1,1,3,100" ten="565,155,320,0" oya="2" hai0="85,90,105,47,121,82,106,119,117,69,86,95,123" hai1="114,73,129,76,134,126,66,58,104,56,32,97,111" hai2="81,131,110,52,49,45,103,53,54,62,80,125,59" hai3=""/><V89/><F131/><T83/><D69/><U38/><RYUUKYOKU type="yao9" ba="1,1" sc="565,0,155,0,320,0,0,0" hai1="32,38,56,58,66,73,76,97,104,111,114,126,129,134" /><INIT seed="6,2,1,3,5,98" ten="565,155,320,0" oya="2" hai0="66,94,127,105,123,96,70,50,91,63,86,110,69" hai1="40,32,115,33,83,53,109,43,82,84,132,129,78" hai2="97,88,71,73,64,117,122,57,120,104,0,3,125" hai3=""/><V59/><N who="2" m="30752" /><V77/><N who="2" m="31264" /><V103/><F117/><T62/><N who="0" m="31520" /><T95/><D110/><U46/><E109/><V92/><F125/><T44/><D105/><U87/><E115/><V102/><F71/><T99/><D127/><U58/><E129/><V126/><F126/><T68/><D63/><U134/><E46/><V55/><F64/><T100/><D99/><U38/><E38/><V89/><F89/><T52/><AGARI ba="2,1" hai="44,50,52,62,66,68,69,70,86,91,94,95,96,100" m="31520" machi="52" ten="20,6000,1" yaku="0,1,7,1,52,2,54,1" doraHai="98" who="0" fromWho="0" sc="565,74,155,-22,320,-42,0,0" owari="639,59.0,133,-47.0,278,-12.0,0,0.0" /></mjloggm>