<mjloggm ver="2.3"><GO type="225" lobby="0"/><UN n0="%E2%96%BD%E4%B8%8E%E4%BD%9C%28%E3%81%8A%E3%81%AB%E3%81%8E%E3%82%8A" n1="%E3%81%AF%E3%82%88%E3%81%8A%E3%81%98%E3%81%95%E3%82%93" n2="%79%6A%69%72%6F" n3="%E3%81%93%E3%81%84%E3%82%8F%E3%81%84%E3%82%88%E3%81%A4%E3%81%B0" dan="17,17,17,18" rate="2177.76,2142.84,2186.08,2241.65" sx="M,M,M,M"/><TAIKYOKU oya="0"/><INIT seed="0,0,0,1,4,126" ten="250,250,250,250" oya="0" hai0="9,107,127,39,50,120,48,19,90,112,103,123,66" hai1="67,125,7,15,93,133,54,22,117,3,99,104,124" hai2="102,75,96,76,69,70,72,86,62,57,111,28,37" hai3="63,119,16,65,13,114,47,23,26,82,45,83,129"/><T61/><D112/><U56/><E117/><V85/><F37/><W105/><G114/><T18/><D39/><U25/><E104/><V81/><F111/><W36/><G119/><T73/><D127/><U53/><E3/><V100/><F28/><W35/><G105/><T46/><D73/><U0/><E133/><V51/><F51/><W21/><G35/><T106/><D50/><U44/><E0/><V95/><F102/><W118/><G118/><T32/><D32/><U115/><E44/><V20/><F20/><W116/><G116/><T132/><D132/><U64/><E54/><V109/><F109/><W87/><G129/><T94/><D103/><U92/><E92/><V80/><F75/><W31/><G83/><T88/><D90/><U122/><E122/><V40/><F40/><W42/><G42/><N who="0" m="24663" /><D107/><U30/><E115/><V10/><F10/><W5/><G5/><T60/><D106/><U134/><E134/><V33/><F33/><W78/><REACH who="3" step="1"/><G36/><REACH who="3" ten="250,250,250,240" step="2"/><T52/><D123/><U29/><E125/><V1/><F1/><W113/><G113/><T135/><D120/><U84/><E7/><V27/><F72/><W55/><G55/><T12/><D135/><U11/><E53/><V91/><F27/><W17/><G17/><N who="0" m="8335" /><D52/><AGARI ba="0,1" hai="52,57,62,69,70,76,80,81,85,86,91,95,96,100" machi="52" ten="30,2000,0" yaku="7,1,54,1" doraHai="126" who="2" fromWho="0" sc="250,-20,250,0,250,30,240,0" /><INIT seed="1,0,0,5,4,53" ten="230,250,280,240" oya="1" hai0="80,45,98,4,6,106,36,28,41,117,126,93,65" hai1="76,130,111,37,24,58,132,63,61,79,124,72,85" hai2="120,134,20,42,21,47,14,62,99,18,109,102,35" hai3="44,50,34,38,86,127,122,97,3,119,83,16,90"/><U84/><E37/><V15/><F120/><W121/><G34/><T13/><D117/><U56/><E72/><V2/><F2/><W75/><G3/><T94/><D106/><U88/><E124/><V1/><F1/><W115/><G115/><T51/><D36/><U116/><E116/><V52/><F35/><W39/><G119/><T67/><D126/><U55/><E130/><V48/><F109/><W30/><G30/><T69/><D28/><U71/><E71/><V27/><F134/><W46/><G127/><T108/><D108/><U104/><E111/><V78/><F78/><N who="1" m="29737" /><E104/><V66/><F42/><W103/><G75/><T123/><D123/><U19/><E132/><V82/><F82/><W110/><G110/><T31/><D80/><N who="1" m="49159" /><E85/><V87/><F21/><W77/><G121/><T129/><D69/><U74/><E74/><V8/><F87/><W59/><G122/><T131/><D129/><U64/><E19/><V29/><F15/><W96/><G39/><T11/><D131/><U101/><E101/><V95/><F66/><N who="0" m="25098" /><D31/><U133/><E133/><V54/><F54/><N who="3" m="32215" /><G38/><T89/><D94/><U9/><E9/><V49/><F49/><W105/><G105/><T60/><D4/><U57/><E57/><N who="2" m="35111" /><F48/><W5/><G83/><T26/><D60/><U125/><E125/><V112/><F112/><W128/><G128/><T81/><D81/><U135/><E135/><V40/><F40/><W91/><G77/><T7/><D7/><U73/><E73/><V0/><F0/><W10/><G5/><T25/><AGARI ba="0,0" hai="6,11,13,25,26,41,45,51,89,93,98" m="25098" machi="25" ten="30,1100,0" yaku="8,1" doraHai="53" who="0" fromWho="0" sc="230,11,250,-5,280,-3,240,-3" /><INIT seed="2,0,0,2,1,42" ten="241,245,277,237" oya="2" hai0="24,5,100,108,115,101,6,79,92,125,109,104,111" hai1="110,61,67,9,34,131,36,40,75,20,112,38,32" hai2="128,134,73,113,23,3,121,44,69,43,49,7,94" hai3="71,54,50,117,13,25,91,84,66,68,0,11,118"/><V22/><F113/><W1/><G25/><T132/><D115/><U21/><E112/><V26/><F121/><W76/><G76/><T124/><D104/><U74/><E9/><V78/><F69/><W29/><G29/><T64/><D132/><U93/><E93/><V19/><F134/><W60/><G71/><T28/><D64/><U53/><E53/><V65/><F65/><W35/><G35/><N who="0" m="20871" /><D79/><U107/><E67/><V46/><F128/><W90/><G90/><T135/><D135/><U98/><E40/><V47/><F94/><W15/><G15/><T130/><D130/><U95/><E95/><V129/><F129/><W16/><G0/><T17/><D17/><U14/><E131/><V83/><REACH who="2" step="1"/><F23/><REACH who="2" ten="241,245,267,237" step="2"/><W37/><G117/><T82/><D92/><U52/><E21/><V119/><F119/><W86/><G118/><T30/><D109/><U45/><E20/><V2/><F2/><W4/><G1/><T126/><D111/><U96/><E110/><V57/><F57/><W55/><G68/><T116/><D108/><U31/><E34/><V10/><AGARI ba="0,1" hai="3,7,10,19,22,26,43,44,46,47,49,73,78,83" machi="10" ten="30,18000,2" yaku="1,1,0,1,52,3,53,1" doraHai="42" doraHaiUra="105" who="2" fromWho="2" sc="241,-60,245,-60,267,190,237,-60" /><INIT seed="2,1,0,1,5,36" ten="181,185,457,177" oya="2" hai0="30,4,26,52,110,20,120,131,23,60,64,5,115" hai1="133,54,2,100,62,134,70,119,32,67,89,124,91" hai2="74,44,3,71,69,11,13,47,8,99,135,113,105" hai3="83,123,128,53,132,59,43,78,68,45,57,63,112"/><V126/><F74/><W50/><G123/><T94/><D120/><U101/><E119/><V130/><F126/><W80/><G132/><N who="1" m="50794" /><E124/><V49/><F130/><W85/><G128/><T58/><D115/><U6/><E32/><V17/><F113/><W29/><G112/><T61/><D110/><U37/><E37/><V40/><F135/><W114/><G114/><T19/><D131/><U103/><E54/><V28/><F28/><W125/><G125/><T7/><D94/><U31/><E31/><V84/><F84/><W75/><G29/><T27/><REACH who="0" step="1"/><D5/><REACH who="0" ten="171,185,457,177" step="2"/><U33/><E33/><V56/><F105/><W92/><G92/><T12/><D12/><U9/><AGARI ba="1,1" hai="2,6,9,62,67,70,89,91,100,101,103" m="50794" machi="9" ten="40,1500,0" yaku="20,1" doraHai="36" who="1" fromWho="1" sc="171,-5,185,28,457,-8,177,-5" /><INIT seed="3,0,0,0,3,47" ten="166,213,449,172" oya="3" hai0="73,116,27,2,100,69,122,133,98,97,25,120,93" hai1="32,1,68,65,87,124,92,17,16,52,30,0,26" hai2="111,43,90,82,64,48,51,41,112,118,63,39,134" hai3="55,34,37,117,75,126,123,76,96,36,86,84,127"/><W33/><G117/><T21/><D116/><U88/><E124/><N who="3" m="47658" /><G96/><T91/><D2/><U44/><E0/><V19/><F118/><W109/><G123/><T94/><D133/><U67/><E1/><V35/><F134/><W57/><G75/><T42/><D73/><U113/><E113/><V71/><F112/><W61/><G109/><T6/><D69/><U81/><E68/><V56/><F111/><W38/><G76/><T54/><D6/><U104/><E104/><V23/><F90/><W103/><G103/><T89/><D100/><U132/><E132/><V31/><F82/><W135/><G135/><T62/><D42/><U15/><E17/><V66/><F39/><W78/><G78/><T131/><D131/><U8/><E92/><V70/><F43/><W121/><G121/><T18/><D27/><U95/><E95/><V45/><F41/><W11/><G11/><T58/><AGARI ba="0,0" hai="18,21,25,54,58,62,89,91,93,94,97,98,120,122" machi="58" ten="30,7900,0" yaku="0,1,9,1,25,2" doraHai="47" who="0" fromWho="0" sc="166,79,213,-20,449,-20,172,-39" owari="245,5.0,193,-21.0,429,53.0,133,-37.0" /></mjloggm>