<mjloggm ver="2.3"><GO type="169" lobby="0"/><UN n0="%4E%4F%2E%E2%85%A0" n1="%E3%83%A2%E3%83%AD%E3%83%98%E3%82%A4%E3%83%A4" n2="%E3%82%AA%E3%82%AA%E3%82%AB%E3%83%9F%E5%85%88%E7%94%9F" n3="%73%69%6E%73%69%73%74" dan="16,16,16,18" rate="2194.87,2080.03,2110.05,2231.86" sx="M,M,F,M"/><TAIKYOKU oya="0"/><INIT seed="0,0,0,2,0,22" ten="250,250,250,250" oya="0" hai0="45,43,94,34,13,71,7,74,52,87,97,76,118" hai1="4,125,121,64,135,122,14,82,95,55,134,60,91" hai2="79,100,96,48,46,110,132,32,50,77,63,131,62" hai3="83,42,72,25,5,65,84,73,101,53,57,107,80"/><T8/><D118/><U112/><E55/><V15/><F110/><W86/><G42/><T41/><D74/><N who="3" m="28777" /><G65/><T59/><D34/><U21/><E82/><N who="3" m="31274" /><G5/><T49/><D71/><U67/><E125/><V105/><F15/><W24/><G53/><N who="0" m="29871" /><D87/><N who="3" m="33321" /><G57/><T39/><D76/><U124/><E124/><V75/><F62/><W130/><G130/><T92/><D39/><U88/><E112/><V109/><F63/><W44/><G44/><T2/><D2/><U40/><E40/><N who="0" m="15433" /><D97/><U3/><E3/><V16/><F131/><W11/><G11/><T120/><D120/><U68/><E67/><V117/><F32/><W47/><G47/><T51/><AGARI ba="0,0" hai="7,8,13,51,52,59,92,94" m="15433,29871" machi="51" ten="30,3000,0" yaku="8,1,54,1" doraHai="22" who="0" fromWho="0" sc="250,30,250,-10,250,-10,250,-10" /><INIT seed="0,1,0,3,2,135" ten="280,240,240,240" oya="0" hai0="64,103,56,117,18,79,119,22,108,70,44,34,50" hai1="35,37,72,89,16,62,123,81,68,101,129,66,63" hai2="0,46,60,7,99,41,93,6,28,134,127,5,38" hai3="74,24,124,112,118,21,100,23,61,97,40,45,91"/><T94/><D34/><U88/><E35/><V43/><F134/><W113/><G118/><T82/><D70/><U80/><E37/><V42/><F28/><W26/><G74/><T51/><D108/><U25/><E123/><V85/><F0/><W71/><G91/><T107/><D107/><U59/><E101/><V90/><F127/><W111/><G111/><T126/><D126/><U128/><E72/><V86/><F86/><W57/><G71/><T48/><D44/><U83/><E25/><V36/><F46/><W106/><G124/><T76/><D119/><U9/><E9/><V84/><F60/><W95/><G106/><T27/><D117/><U116/><E16/><V17/><F17/><W92/><G92/><T13/><D13/><U55/><REACH who="1" step="1"/><E116/><REACH who="1" ten="280,230,240,240" step="2"/><V39/><AGARI ba="1,1" hai="5,6,7,36,38,39,41,42,43,84,85,90,93,99" machi="39" ten="40,5200,0" yaku="0,1,29,2" doraHai="135" who="2" fromWho="2" sc="280,-27,230,-14,240,65,240,-14" /><INIT seed="1,0,0,0,5,67" ten="253,216,305,226" oya="1" hai0="33,65,50,109,127,43,20,64,28,130,108,104,27" hai1="24,22,52,15,23,96,134,51,32,1,101,37,39" hai2="71,17,95,59,135,106,113,6,88,46,115,78,3" hai3="38,63,26,55,73,42,79,34,21,70,93,90,121"/><U2/><E32/><V125/><F106/><W8/><G121/><T84/><D104/><U13/><E134/><V14/><F135/><W122/><G122/><T9/><D130/><U44/><E2/><V47/><F125/><W54/><G34/><T57/><D127/><U40/><E1/><V126/><F126/><W29/><G38/><T94/><D9/><U111/><E111/><N who="0" m="42569" /><D33/><U118/><E118/><V18/><F78/><W4/><G42/><T132/><D132/><U103/><E103/><V116/><F116/><W61/><G79/><T82/><D94/><U30/><E23/><V41/><F59/><W86/><G73/><T102/><D102/><U5/><E5/><V72/><F72/><W119/><G119/><T112/><D112/><U16/><E30/><V128/><F128/><W89/><G89/><N who="0" m="51351" /><D57/><U19/><E19/><V81/><F81/><W75/><G75/><T69/><D69/><U83/><E83/><V48/><F71/><W0/><REACH who="3" step="1"/><G61/><REACH who="3" ten="253,216,305,216" step="2"/><T123/><D123/><U12/><REACH who="1" step="1"/><E40/><REACH who="1" ten="253,206,305,216" step="2"/><V66/><F41/><W10/><G10/><T60/><D43/><U35/><E35/><V25/><F115/><W92/><G92/><AGARI ba="0,2" hai="12,13,15,16,22,24,37,39,44,51,52,92,96,101" machi="92" ten="40,7700,0" yaku="1,1,54,2,53,0" doraHai="67" doraHaiUra="117" who="1" fromWho="3" sc="253,0,206,97,305,0,216,-77" /><INIT seed="1,1,0,5,1,65" ten="253,303,305,139" oya="1" hai0="109,83,10,113,47,120,20,55,48,105,90,46,67" hai1="38,41,66,63,101,85,125,37,0,18,40,88,75" hai2="62,43,29,98,124,115,13,51,3,112,15,36,123" hai3="1,78,102,95,117,96,26,104,89,53,107,118,97"/><U17/><E75/><V108/><F123/><W72/><G1/><T9/><D109/><U74/><E74/><V68/><F108/><W2/><G2/><T77/><D113/><U94/><E0/><V116/><F3/><W27/><G53/><T110/><D110/><U126/><E101/><V130/><F116/><N who="3" m="44651" /><G26/><T8/><D105/><N who="3" m="40521" /><G27/><T32/><D120/><U119/><E119/><V6/><F29/><W64/><G64/><T93/><D32/><U73/><E73/><V5/><F51/><W12/><G12/><T30/><D67/><U23/><E40/><V111/><F111/><W103/><G96/><N who="0" m="57399" /><D47/><U82/><E94/><V86/><F98/><W76/><G76/><T122/><D122/><U22/><E22/><V79/><F79/><W54/><G54/><T42/><D55/><U39/><E41/><V127/><F43/><W71/><G71/><T14/><D30/><U21/><E21/><V19/><F68/><W99/><G99/><T33/><D33/><U60/><E60/><V134/><F62/><W84/><G72/><N who="0" m="43431" /><D14/><U56/><REACH who="1" step="1"/><E17/><REACH who="1" ten="253,293,305,139" step="2"/><V58/><F19/><W49/><G49/><T4/><D20/><U59/><E59/><V128/><F115/><W132/><G102/><T24/><D42/><U92/><E92/><V34/><F112/><W100/><G132/><T70/><D48/><U50/><E50/><V131/><F134/><W61/><G61/><T44/><D70/><U106/><E106/><V28/><F34/><W45/><G45/><T91/><D46/><U129/><E129/><V11/><F131/><W121/><G121/><T133/><D133/><RYUUKYOKU ba="1,1" sc="253,-15,293,15,305,-15,139,15" hai1="18,23,37,38,39,56,63,66,82,85,88,125,126" hai3="78,84,89,95,97,100,103" /><INIT seed="1,2,1,2,3,80" ten="238,308,290,154" oya="1" hai0="62,125,109,79,42,116,27,112,9,81,122,94,68" hai1="98,90,101,73,8,43,99,11,134,58,38,128,107" hai2="76,69,52,18,59,45,57,105,106,114,83,50,120" hai3="89,33,5,66,63,92,67,55,49,3,97,25,60"/><U95/><E73/><V1/><F120/><W121/><G121/><T54/><D109/><U130/><E134/><V135/><F69/><W100/><G3/><T113/><D116/><U15/><E58/><V13/><F1/><W132/><G5/><T118/><D118/><U16/><REACH who="1" step="1"/><E8/><REACH who="1" ten="238,298,290,154" step="2"/><V96/><F135/><W65/><G132/><T72/><D9/><U129/><E129/><V93/><F59/><W12/><G33/><T30/><D122/><U28/><E28/><V47/><F57/><W111/><G111/><T115/><D30/><U88/><E88/><V51/><F114/><W108/><G108/><T82/><D72/><U14/><E14/><V71/><F71/><W133/><G133/><T22/><D68/><U78/><E78/><V46/><F46/><AGARI ba="2,2" hai="11,15,16,38,43,46,90,95,98,99,101,107,128,130" machi="46" ten="40,3900,0" yaku="1,1,54,1,53,0" doraHai="80" doraHaiUra="20" who="1" fromWho="2" sc="238,0,298,65,290,-45,154,0" /><INIT seed="1,3,0,2,3,109" ten="238,363,245,154" oya="1" hai0="49,103,48,72,104,132,101,22,97,21,102,105,68" hai1="29,34,99,94,98,76,1,19,122,73,84,111,51" hai2="83,38,60,95,3,36,77,61,17,119,71,126,23" hai3="113,127,42,62,39,52,8,50,31,124,89,107,41"/><U135/><E1/><V134/><F119/><W114/><G107/><T70/><D72/><U96/><E73/><V120/><F120/><W13/><G31/><T35/><D35/><U87/><E122/><V69/><F3/><W25/><G25/><T82/><D82/><U100/><E29/><V63/><F126/><N who="3" m="48171" /><G62/><T53/><D132/><U80/><E34/><V106/><F106/><N who="0" m="41066" /><D97/><U116/><E116/><V46/><F95/><W125/><N who="3" m="48179" /><W5/><DORA hai="37" /><G89/><T92/><D53/><U28/><E28/><V118/><F134/><W133/><G39/><T57/><D57/><U110/><E135/><V9/><F9/><W91/><G91/><T128/><D92/><U33/><E33/><V47/><F36/><W130/><G130/><T15/><D15/><U44/><E19/><V75/><F118/><W12/><G12/><T115/><D115/><N who="3" m="44041" /><G133/><T59/><D128/><U78/><E111/><V10/><F38/><W43/><G52/><T30/><D30/><U121/><E121/><V131/><F131/><W18/><G18/><T26/><D26/><U58/><E58/><V81/><F60/><W129/><G129/><T6/><D59/><U45/><E110/><V14/><F61/><W16/><G5/><T2/><D6/><U108/><E108/><V86/><F63/><W0/><G0/><T32/><D2/><U123/><E123/><V11/><F69/><N who="0" m="26730" /><D32/><U20/><E100/><V67/><F71/><W93/><G93/><T40/><D48/><AGARI ba="3,0" hai="8,13,16,41,42,43,48,50" m="44041,48179" machi="48" ten="50,16000,3" yaku="18,1,52,6,54,1" doraHai="109,37" who="3" fromWho="0" sc="238,-169,363,0,245,0,154,169" /><INIT seed="2,0,0,0,1,76" ten="69,363,245,323" oya="2" hai0="0,74,26,32,82,105,67,25,38,58,84,30,23" hai1="85,116,73,24,50,41,120,7,39,134,132,87,28" hai2="12,68,60,8,63,3,126,66,37,110,103,48,52" hai3="102,51,56,131,92,20,11,118,114,91,43,133,49"/><V18/><F126/><W57/><G118/><T22/><D74/><U29/><E73/><V129/><F129/><W111/><G131/><T135/><D135/><U40/><E39/><V10/><F37/><W88/><G133/><T27/><D105/><U13/><E116/><V1/><F110/><W42/><G111/><T79/><D0/><U77/><E29/><V78/><F103/><W124/><G124/><T106/><D106/><U72/><E72/><V122/><F122/><W109/><G109/><T5/><D38/><U65/><E65/><V80/><F63/><W34/><G34/><T21/><REACH who="0" step="1"/><D5/><REACH who="0" ten="59,363,245,323" step="2"/><U99/><E7/><V107/><F107/><W93/><G114/><T59/><D59/><U64/><E134/><V101/><F1/><W44/><G57/><T89/><D89/><U35/><E132/><V81/><F101/><W61/><G102/><T97/><D97/><U69/><E99/><V71/><F71/><W96/><G91/><T95/><D95/><U117/><E69/><V62/><F78/><W123/><G92/><T104/><D104/><U19/><E77/><V70/><F70/><W17/><G96/><T98/><D98/><U47/><E117/><V130/><F130/><W54/><G93/><T127/><D127/><U33/><E120/><V31/><F3/><W2/><G88/><T55/><D55/><U6/><E6/><V75/><F68/><W14/><G123/><T128/><D128/><U9/><E40/><N who="3" m="15402" /><G44/><T108/><D108/><U121/><E121/><V46/><F46/><W113/><G113/><T16/><D16/><U53/><E41/><RYUUKYOKU ba="0,1" sc="59,15,363,-15,245,-15,323,15" hai0="21,22,23,25,26,27,30,32,58,67,79,82,84" hai3="2,11,14,17,20,49,51,54,56,61" /><INIT seed="3,1,1,4,0,63" ten="74,348,230,338" oya="3" hai0="116,61,72,51,39,29,108,78,34,100,119,126,67" hai1="30,44,14,88,106,113,101,131,92,65,82,10,13" hai2="97,115,37,21,7,58,69,11,77,19,117,1,81" hai3="55,8,79,102,25,80,95,33,112,56,134,74,5"/><W125/><G112/><T121/><D108/><U59/><E30/><V27/><F117/><W16/><G125/><T132/><D121/><U68/><E68/><V118/><F118/><W46/><G134/><T35/><D39/><U60/><E113/><V49/><F115/><W42/><G102/><T110/><D110/><U48/><E106/><V87/><F69/><W64/><G95/><T86/><D132/><U73/><E101/><V22/><F37/><W76/><G76/><T84/><D72/><U52/><E131/><V111/><F111/><W89/><G89/><T109/><D126/><U70/><E73/><V94/><F21/><W9/><G33/><T122/><D122/><U105/><E105/><V107/><F107/><W57/><G64/><T45/><D35/><U83/><E70/><V114/><F114/><W12/><G55/><T123/><D34/><U91/><E91/><V71/><F71/><W43/><G43/><T31/><D123/><U129/><E129/><V28/><F49/><W24/><G24/><T98/><D109/><U135/><E135/><V40/><F58/><W18/><G18/><T85/><D119/><U47/><E47/><V66/><F40/><W53/><G53/><N who="0" m="29935" /><D78/><U133/><E133/><V4/><F4/><W124/><G124/><T36/><D36/><U2/><E2/><V120/><F120/><W26/><G26/><T93/><D116/><U62/><E62/><V103/><F19/><W20/><REACH who="3" step="1"/><G9/><REACH who="3" ten="74,348,230,328" step="2"/><T128/><D128/><U104/><E104/><V3/><F66/><W54/><G54/><T17/><D17/><U6/><E65/><RYUUKYOKU ba="1,2" sc="74,10,348,-30,230,10,328,10" hai0="29,31,61,67,84,85,86,93,98,100" hai2="1,3,7,11,22,27,28,77,81,87,94,97,103" hai3="5,8,12,16,20,25,42,46,56,57,74,79,80" /><INIT seed="3,2,2,0,4,117" ten="84,318,240,338" oya="3" hai0="134,60,124,66,7,57,103,106,62,26,91,17,6" hai1="107,128,46,113,108,112,92,49,24,23,130,43,21" hai2="69,2,100,71,30,41,135,16,34,121,32,61,53" hai3="70,83,42,9,78,75,10,94,82,19,35,90,79"/><W54/><G70/><T8/><D134/><U125/><E107/><V18/><F2/><W38/><G35/><T3/><D124/><U102/><E125/><V81/><F135/><W44/><G54/><T15/><D103/><U63/><E108/><V40/><F100/><W58/><G58/><T93/><D106/><U77/><E77/><V68/><F81/><W74/><REACH who="3" step="1"/><G19/><REACH who="3" ten="84,318,240,328" step="2"/><T84/><D3/><U122/><E113/><V47/><F34/><W95/><G95/><T126/><D126/><U50/><E92/><V45/><F32/><W96/><AGARI ba="2,3" hai="9,10,38,42,44,74,75,78,79,82,83,90,94,96" machi="96" ten="20,7800,0" yaku="1,1,0,1,7,1,9,1,53,0" doraHai="117" doraHaiUra="67" who="3" fromWho="3" sc="84,-28,318,-28,240,-28,328,114" /><INIT seed="3,3,0,3,3,47" ten="56,290,212,442" oya="3" hai0="49,72,70,112,45,94,62,128,81,82,29,135,48" hai1="98,61,57,4,23,76,134,71,117,110,122,15,36" hai2="104,19,85,37,66,46,129,101,58,113,84,119,73" hai3="40,132,120,53,59,64,68,42,109,92,95,34,54"/><W114/><G34/><T33/><D128/><U91/><E36/><V10/><F113/><W121/><G95/><T0/><D0/><U118/><E71/><V14/><F73/><W67/><G92/><T115/><D135/><U13/><E76/><V39/><F119/><W38/><G114/><N who="0" m="43563" /><D29/><U7/><E122/><V11/><F104/><W51/><G132/><T8/><D33/><U56/><E134/><V16/><F101/><W12/><G12/><T21/><D21/><U130/><E130/><V17/><F129/><W111/><G38/><T96/><D8/><U123/><E123/><N who="3" m="47178" /><G54/><T89/><D72/><U86/><E98/><V107/><F107/><W100/><G100/><T1/><D1/><U3/><E3/><V127/><F37/><W83/><G83/><N who="0" m="31755" /><D45/><U97/><E97/><V105/><F11/><W50/><G68/><T93/><D94/><U102/><E102/><V106/><F105/><W88/><G88/><T55/><D70/><U32/><E91/><V65/><F106/><W133/><G133/><T124/><D124/><U28/><E32/><V74/><F74/><W5/><G5/><T2/><D2/><U24/><E4/><V35/><F35/><W108/><G40/><T78/><D78/><U131/><E7/><V63/><F10/><W25/><G25/><T9/><D9/><U6/><E24/><V22/><F22/><W52/><G42/><T79/><D79/><U80/><E6/><V126/><F19/><W116/><G116/><T87/><D96/><U26/><E118/><V90/><F17/><W44/><AGARI ba="3,0" hai="44,50,51,52,53,59,64,67,108,109,111" m="47178" machi="44" ten="40,18000,2" yaku="14,1,10,1,34,2,52,2,54,1" doraHai="47" who="3" fromWho="3" sc="56,-63,290,-63,212,-63,442,189" owari="-7,-51.0,227,3.0,149,-25.0,631,73.0" /></mjloggm>