<mjloggm ver="2.3"><GO type="225" lobby="0"/><UN n0="%5C%E3%81%AF%E3%81%A1%E3%81%8D%E3%82%87%E3%81%86%2F" n1="%E9%89%84%E5%BC%B7%E3%83%A2%E3%83%92%E3%83%BC%E3%83%8C%E4%B8%83%E6%AE%B5" n2="%E9%9F%93%E8%A1%9B%E9%9D%92" n3="%E3%81%95%E3%81%8B%E3%81%95%E3%81%BE%E3%82%A8%E3%83%9E%E3%83%8E%E3%83%B3" dan="16,18,16,16" rate="2088.87,2247.49,2184.71,2064.18" sx="M,F,F,F"/><TAIKYOKU oya="0"/><INIT seed="0,0,0,4,3,85" ten="250,250,250,250" oya="0" hai0="110,106,64,100,8,105,55,62,52,124,116,81,13" hai1="109,26,49,125,120,114,104,82,91,19,102,84,79" hai2="87,129,9,127,11,46,31,113,6,21,112,39,83" hai3="60,0,38,37,18,97,1,42,126,15,57,12,61"/><T70/><D116/><U4/><E120/><V65/><F129/><W115/><G115/><T133/><D124/><U25/><E125/><V75/><F127/><W77/><G126/><T32/><D32/><U71/><E109/><V67/><F11/><W121/><G121/><T54/><D133/><U40/><E71/><V134/><F134/><W23/><G77/><T99/><D81/><U45/><E114/><V22/><F67/><W47/><G37/><T14/><D110/><U63/><E4/><V50/><F65/><W103/><G12/><T122/><D122/><U28/><E63/><V88/><F75/><W98/><G98/><T36/><D36/><U130/><E130/><V17/><F39/><W111/><G111/><T20/><D20/><N who="1" m="15431" /><E104/><V94/><F94/><W74/><G74/><T73/><D73/><U95/><E102/><V7/><F112/><W128/><G128/><T29/><D29/><U59/><E59/><V68/><F68/><W132/><G132/><T86/><D86/><N who="1" m="48479" /><E19/><V41/><F113/><W90/><G61/><T43/><D43/><U16/><E16/><V108/><F108/><W44/><G44/><T24/><D24/><AGARI ba="0,0" hai="24,25,40,45,49,84,91,95" m="48479,15431" machi="24" ten="30,2000,0" yaku="8,1,52,1" doraHai="85" who="1" fromWho="0" sc="250,-20,250,20,250,0,250,0" /><INIT seed="1,0,0,3,2,41" ten="230,270,250,250" oya="1" hai0="25,22,110,87,116,76,132,86,71,75,60,122,118" hai1="104,27,64,63,17,124,56,33,133,68,65,6,96" hai2="119,3,80,97,112,57,111,78,16,49,30,90,44" hai3="134,10,20,117,67,92,126,121,8,69,131,70,79"/><U125/><E133/><V102/><F119/><W13/><G121/><T108/><D122/><U135/><E135/><V42/><F3/><W114/><G114/><T32/><D32/><U73/><E73/><V54/><F111/><N who="0" m="42538" /><D132/><U99/><E6/><V83/><F112/><W123/><G134/><T50/><D75/><U45/><E65/><V11/><F30/><W53/><G123/><T48/><D60/><U88/><E56/><V129/><F129/><W36/><G131/><T103/><D103/><U109/><E109/><V107/><F90/><W38/><G126/><N who="1" m="48746" /><E104/><V120/><F120/><W128/><G128/><T12/><D71/><U81/><E45/><V58/><F58/><W19/><G70/><T26/><D76/><U7/><E7/><V47/><F78/><W37/><G79/><T28/><D87/><N who="1" m="50287" /><E17/><V130/><F130/><W101/><G69/><T95/><D86/><U29/><AGARI ba="0,0" hai="27,29,33,63,64,68,96,99" m="50287,48746" machi="29" ten="30,3000,0" yaku="18,1,54,1" doraHai="41" who="1" fromWho="1" sc="230,-10,270,30,250,-10,250,-10" /><INIT seed="1,1,0,0,5,92" ten="220,300,240,240" oya="1" hai0="116,80,58,37,1,90,16,20,117,112,133,11,119" hai1="113,79,59,29,57,82,96,130,0,21,115,5,3" hai2="77,104,38,94,35,74,62,107,114,33,105,47,44" hai3="15,14,102,66,103,24,51,22,9,30,32,17,49"/><U126/><E126/><V27/><F114/><W86/><G66/><T55/><D112/><U48/><E130/><V101/><F62/><W70/><G70/><T122/><D133/><U43/><E115/><V63/><F63/><W76/><G76/><T25/><D37/><U67/><E113/><V7/><F7/><W36/><G36/><T109/><D109/><U127/><E3/><V123/><F123/><W106/><G86/><T42/><D42/><U95/><E0/><V19/><F38/><W99/><REACH who="3" step="1"/><G103/><REACH who="3" ten="220,300,240,230" step="2"/><T110/><D122/><U60/><E67/><V40/><F77/><W8/><G8/><T28/><D110/><U61/><E79/><V132/><F132/><W53/><G53/><T121/><D121/><U26/><E127/><V78/><F78/><W83/><G83/><T73/><D73/><U2/><E82/><V87/><F74/><W118/><G118/><T4/><D117/><U120/><E120/><V46/><F40/><W124/><G124/><T54/><D54/><U91/><E43/><V89/><F101/><W64/><G64/><T84/><REACH who="0" step="1"/><D28/><REACH who="0" ten="210,300,240,230" step="2"/><U81/><E29/><V98/><REACH who="2" step="1"/><F87/><REACH who="2" ten="210,300,230,230" step="2"/><W31/><G31/><T72/><D72/><U34/><E34/><V45/><N who="2" m="11264" /><DORA hai="111" /><V50/><F50/><AGARI ba="1,3" hai="1,4,11,16,20,25,50,55,58,80,84,90,116,119" machi="50" ten="30,3900,0" yaku="1,1,7,1,54,1,53,0" doraHai="92,111" doraHaiUra="135,134" who="0" fromWho="2" sc="210,72,300,0,230,-42,230,0" /><BYE who="2" /><UN n2="%E9%9F%93%E8%A1%9B%E9%9D%92" /><INIT seed="2,0,0,5,1,74" ten="282,300,188,230" oya="2" hai0="118,37,135,124,120,92,80,123,90,39,38,54,31" hai1="0,115,16,36,85,11,10,46,25,132,52,101,27" hai2="119,134,20,88,103,122,47,99,57,18,125,107,29" hai3="73,104,93,105,12,53,108,6,60,3,13,61,41"/><V30/><F119/><W86/><G73/><T64/><D118/><U65/><E115/><V131/><F122/><W129/><G108/><T7/><D64/><U84/><E132/><V96/><F134/><W59/><G41/><T116/><D116/><U35/><E65/><V100/><F131/><W50/><G3/><T45/><D135/><U23/><E101/><V82/><F125/><W91/><G129/><T24/><D7/><U66/><E66/><V48/><F57/><W106/><REACH who="3" step="1"/><G6/><REACH who="3" ten="282,300,188,220" step="2"/><T112/><D124/><U55/><E0/><V56/><F107/><W79/><G79/><T117/><D117/><U42/><E42/><N who="2" m="24695" /><F103/><W2/><G2/><T49/><D112/><U63/><E36/><V1/><F100/><W111/><G111/><T94/><D123/><U81/><E55/><V32/><F1/><W8/><G8/><T121/><D120/><U70/><E52/><V102/><F102/><W83/><G83/><T133/><D121/><U34/><E11/><V75/><F75/><W67/><G67/><T40/><D40/><U58/><E10/><V110/><F110/><W72/><G72/><T9/><D9/><U114/><E81/><V98/><F32/><W87/><G87/><BYE who="0" /><T15/><D15/><AGARI ba="0,1" hai="12,13,15,50,53,59,60,61,86,91,93,104,105,106" machi="15" ten="40,1300,0" yaku="1,1,53,0" doraHai="74" doraHaiUra="33" who="3" fromWho="0" sc="282,-13,300,0,188,0,220,23" /><INIT seed="3,0,0,2,1,28" ten="269,300,188,243" oya="3" hai0="111,4,61,45,78,124,52,10,107,1,53,89,115" hai1="22,7,6,15,127,105,125,135,74,60,106,43,114" hai2="134,120,76,57,42,87,91,92,59,29,132,2,40" hai3="104,38,16,51,101,39,3,20,44,123,35,48,72"/><W67/><G123/><T126/><D126/><N who="1" m="48139" /><E114/><V77/><F120/><UN n0="%5C%E3%81%AF%E3%81%A1%E3%81%8D%E3%82%87%E3%81%86%2F" /><W98/><G72/><T100/><D124/><U37/><E74/><V73/><F2/><W66/><G3/><T65/><D115/><U34/><E34/><V71/><F71/><W55/><G35/><T11/><D111/><U56/><E43/><N who="2" m="16427" /><F29/><W79/><G79/><N who="2" m="30281" /><F73/><W27/><REACH who="3" step="1"/><G51/><REACH who="3" ten="269,300,188,233" step="2"/><T18/><D78/><U70/><E37/><AGARI ba="0,1" hai="16,20,27,37,38,39,44,48,55,66,67,98,101,104" machi="37" ten="40,12000,1" yaku="1,1,2,1,54,1,53,1" doraHai="28" doraHaiUra="12" who="3" fromWho="1" sc="269,0,300,-120,188,0,233,130" owari="269,7.0,180,-32.0,188,-21.0,363,46.0" /></mjloggm>