<mjloggm ver="2.3"><GO type="225" lobby="0"/><UN n0="%E3%81%82%E3%81%9A%E3%81%8D%E3%81%82%E3%81%9A%E3%81%95" n1="%E9%89%84%E5%BC%B7%E3%83%A2%E3%83%92%E3%83%BC%E3%83%8C%E4%B8%83%E6%AE%B5" n2="%E9%BA%BB%E9%9B%80%E5%A4%AA%E9%83%8E" n3="%70%69%6E%70%69%6E%36" dan="16,18,17,16" rate="2111.07,2238.57,2199.76,2182.35" sx="M,F,M,M"/><TAIKYOKU oya="0"/><INIT seed="0,0,0,2,3,63" ten="250,250,250,250" oya="0" hai0="95,58,50,62,55,122,68,125,54,101,129,103,86" hai1="102,0,51,20,53,84,35,92,16,2,59,114,28" hai2="85,130,41,80,120,24,64,113,119,71,48,60,14" hai3="27,128,123,73,96,36,74,91,46,34,29,98,111"/><T25/><D122/><U126/><E126/><V8/><F120/><W78/><G123/><T17/><D125/><U3/><E114/><V22/><F113/><W32/><G111/><T26/><D129/><U94/><E102/><N who="0" m="38921" /><D68/><U97/><E97/><V57/><F130/><W124/><G124/><T40/><D40/><U76/><E35/><V12/><F119/><W77/><G128/><T108/><D108/><U104/><E28/><V61/><F41/><W44/><G29/><T15/><D95/><U67/><E104/><V19/><F48/><W52/><G91/><T121/><D86/><U131/><E131/><V70/><F61/><W47/><G47/><N who="0" m="27999" /><D121/><U43/><E43/><V87/><F87/><W65/><G52/><T45/><D45/><U133/><E84/><V66/><F71/><W106/><G106/><T13/><D13/><N who="2" m="5226" /><F8/><W127/><G127/><T100/><D100/><U21/><E0/><V115/><F70/><W132/><G27/><T116/><D116/><U69/><E2/><V33/><F33/><W88/><G88/><T79/><D79/><U10/><E76/><N who="2" m="46215" /><F115/><W82/><G82/><T4/><D4/><U5/><E5/><V72/><F72/><W38/><REACH who="3" step="1"/><G132/><REACH who="3" ten="250,250,250,240" step="2"/><T99/><D99/><U117/><E133/><V89/><F89/><W135/><G135/><T112/><D112/><U11/><E117/><V30/><F30/><W110/><G110/><T81/><D81/><U49/><E94/><V105/><F105/><W1/><G1/><T109/><D109/><U118/><E92/><V7/><F7/><W107/><G107/><T75/><D75/><RYUUKYOKU ba="0,1" sc="250,10,250,-30,250,10,240,10" hai0="15,17,25,26,55,58,62" hai2="19,22,24,57,60,64,66" hai3="32,34,36,38,44,46,65,73,74,77,78,96,98" /><INIT seed="0,1,1,0,4,6" ten="260,220,260,250" oya="0" hai0="35,10,16,31,114,30,89,128,88,119,53,5,23" hai1="48,0,37,45,96,27,67,28,83,79,117,105,77" hai2="94,92,132,72,71,113,82,60,17,124,84,1,39" hai3="61,33,109,93,80,129,9,4,81,66,90,68,111"/><T44/><D114/><U75/><E117/><V122/><F113/><W74/><G33/><T98/><D119/><U95/><E0/><V19/><F122/><W131/><G74/><T78/><D128/><N who="3" m="49225" /><G81/><T49/><D78/><U76/><E37/><V106/><F39/><W51/><G51/><T18/><D35/><U42/><E67/><V121/><F106/><W127/><G127/><T59/><D59/><U115/><E105/><V58/><F58/><W108/><G80/><T104/><D104/><U14/><E14/><V36/><F82/><W123/><G123/><T85/><D98/><U86/><E115/><V116/><F36/><W8/><G4/><T126/><D126/><U34/><REACH who="1" step="1"/><E75/><REACH who="1" ten="260,210,260,250" step="2"/><V7/><F72/><W125/><G125/><T29/><D18/><U38/><E38/><V15/><F19/><W47/><G47/><T3/><REACH who="0" step="1"/><D85/><AGARI ba="1,2" hai="8,9,61,66,68,85,90,93,108,109,111" m="49225" machi="85" ten="40,8000,1" yaku="14,1,19,1,52,2" doraHai="6" who="3" fromWho="0" sc="260,-83,210,0,260,0,250,103" /><INIT seed="1,0,0,0,1,68" ten="177,210,260,353" oya="1" hai0="122,31,98,50,114,97,106,58,20,44,105,2,17" hai1="0,40,67,27,51,4,48,19,115,78,93,38,117" hai2="30,112,118,82,89,79,46,90,75,121,8,77,120" hai3="70,29,61,32,131,10,54,42,57,113,132,99,6"/><U22/><E115/><V13/><F118/><W94/><G113/><T52/><D114/><U16/><E117/><V103/><F112/><W126/><G126/><T64/><D122/><U87/><E67/><V37/><F30/><W66/><G131/><T108/><D108/><U25/><E0/><V33/><F33/><W129/><G129/><T39/><D2/><U86/><E4/><V3/><F103/><W24/><G42/><T21/><D31/><U102/><E38/><V9/><F9/><W23/><G132/><T76/><D76/><U111/><E111/><V59/><F79/><W60/><G32/><T74/><D74/><U127/><E127/><V72/><F75/><W41/><G41/><T84/><D84/><N who="1" m="32299" /><E40/><N who="2" m="22799" /><F59/><W107/><G107/><T69/><D39/><U62/><E62/><V35/><F13/><W91/><G10/><T1/><D1/><U85/><E102/><V73/><F73/><W135/><G135/><T14/><D69/><U109/><E109/><V18/><F18/><W45/><G45/><T80/><D105/><U12/><E27/><V88/><F35/><W96/><G6/><AGARI ba="0,0" hai="3,6,8,72,77,82,88,89,90,120,121" m="22799" machi="6" ten="30,3900,0" yaku="25,1,52,1,54,1" doraHai="68" who="2" fromWho="3" sc="177,0,210,0,260,39,353,-39" /><INIT seed="2,0,0,0,1,129" ten="177,210,299,314" oya="2" hai0="35,8,57,104,99,105,72,95,120,36,112,90,7" hai1="86,132,100,4,92,48,14,19,50,61,133,108,52" hai2="41,25,64,83,40,59,34,121,9,130,29,103,33" hai3="18,49,69,66,37,131,30,13,39,23,21,42,2"/><V27/><F121/><W85/><G2/><T125/><D120/><U6/><E108/><V63/><F130/><W76/><G131/><T117/><D112/><U0/><E0/><V17/><F103/><W45/><G69/><T3/><D125/><U113/><E113/><V55/><F83/><W51/><G66/><T107/><D117/><U116/><E116/><V123/><F123/><W47/><G76/><T115/><D115/><U119/><E61/><V15/><REACH who="2" step="1"/><F64/><REACH who="2" ten="177,210,289,314" step="2"/><W128/><G128/><T91/><D105/><U58/><E100/><V122/><F122/><W20/><G85/><T31/><D104/><U38/><E119/><V67/><F67/><W134/><G134/><T102/><D107/><U32/><E133/><V24/><F24/><W43/><REACH who="3" step="1"/><G30/><AGARI ba="0,1" hai="9,15,17,25,27,29,30,33,34,40,41,55,59,63" machi="30" ten="40,3900,0" yaku="1,1,9,1,53,0" doraHai="129" doraHaiUra="80" who="2" fromWho="3" sc="177,0,210,0,289,49,314,-39" /><INIT seed="2,1,0,0,0,63" ten="177,210,338,275" oya="2" hai0="17,121,1,79,6,23,32,82,19,9,5,26,18" hai1="122,40,106,48,78,87,100,4,120,124,70,46,56" hai2="8,133,96,98,13,113,22,101,99,28,88,62,71" hai3="89,115,0,123,111,114,93,3,130,41,83,108,50"/><V33/><F113/><N who="3" m="43019" /><G123/><N who="1" m="47146" /><E70/><V11/><F133/><W53/><G41/><T31/><D121/><U76/><E124/><V27/><F101/><W51/><G83/><T105/><D105/><U36/><E4/><V109/><F109/><N who="3" m="42059" /><G130/><T21/><D82/><N who="1" m="47559" /><E78/><V10/><F33/><W43/><G43/><T128/><D79/><U110/><E110/><V37/><F37/><W104/><G104/><T117/><D128/><U132/><E132/><V55/><F71/><W54/><G51/><T66/><D66/><U74/><E74/><V127/><F127/><W75/><G75/><T86/><D86/><U69/><E69/><V14/><F88/><W52/><G50/><T112/><D112/><U38/><E56/><AGARI ba="1,0" hai="8,10,11,13,14,22,27,28,55,56,62,96,98,99" machi="56" ten="40,2000,0" yaku="8,1" doraHai="63" who="2" fromWho="1" sc="177,0,210,-23,338,23,275,0" /><INIT seed="2,2,0,3,4,125" ten="177,187,361,275" oya="2" hai0="11,123,89,66,2,100,48,131,18,126,22,7,96" hai1="103,31,9,84,90,51,69,59,10,111,135,15,19" hai2="38,53,37,32,107,50,35,82,97,12,72,79,29" hai3="114,46,95,55,25,17,44,119,110,57,70,99,30"/><V74/><F74/><W85/><G70/><T58/><D123/><U118/><E118/><V39/><F29/><W127/><G119/><T26/><D126/><U76/><E69/><V121/><F121/><W34/><G127/><T104/><D89/><U5/><E111/><V49/><F12/><W91/><G110/><T27/><D27/><U1/><E135/><V52/><F107/><W78/><G114/><T120/><D120/><U128/><E103/><V133/><F97/><W92/><G17/><T93/><D104/><U54/><E76/><V94/><F94/><W24/><G24/><T87/><D87/><U73/><E31/><V71/><F71/><W56/><G56/><T88/><D100/><U14/><E73/><V102/><F102/><W33/><G33/><T122/><D122/><U42/><E42/><V6/><F6/><W62/><REACH who="3" step="1"/><G78/><REACH who="3" ten="177,187,361,265" step="2"/><T45/><D58/><U36/><E19/><V80/><F79/><W64/><G64/><T134/><D66/><U83/><E59/><V40/><F32/><W20/><G20/><T28/><D18/><U61/><E10/><V43/><F35/><W3/><G3/><T124/><D124/><U81/><E1/><V130/><F133/><W117/><G117/><T98/><D134/><U4/><E9/><V16/><F16/><W113/><G113/><T8/><D8/><U106/><E15/><V116/><F116/><W65/><G65/><T67/><D67/><U115/><E14/><V112/><F112/><W86/><G86/><N who="0" m="52375" /><D131/><U101/><E128/><V75/><F75/><W132/><G132/><T105/><D105/><RYUUKYOKU ba="2,1" sc="177,15,187,-15,361,-15,265,15" hai0="2,7,11,22,26,28,45,48,96,98" hai3="25,30,34,44,46,55,57,62,85,91,92,95,99" /><INIT seed="3,3,1,1,0,63" ten="192,172,346,280" oya="3" hai0="14,28,87,67,45,98,125,134,29,103,76,30,74" hai1="124,81,17,120,64,84,110,42,101,109,7,26,117" hai2="32,58,133,77,68,80,47,86,88,19,40,18,113" hai3="121,89,95,62,96,51,9,122,107,48,57,37,44"/><W10/><G37/><T126/><D134/><U5/><E120/><V23/><F113/><W6/><G107/><N who="0" m="63991" /><D67/><U93/><E124/><N who="0" m="47721" /><D74/><U11/><E117/><V130/><F58/><W4/><G121/><T123/><D123/><U16/><E42/><V52/><F19/><N who="1" m="7241" /><E26/><V79/><F130/><W108/><G108/><N who="1" m="41578" /><E64/><V55/><F79/><W33/><G33/><T36/><D14/><U20/><E20/><V94/><F18/><W97/><G97/><T82/><D45/><U69/><E69/><V12/><F80/><W0/><G122/><T128/><D36/><U50/><E50/><V112/><F32/><W8/><G44/><T104/><D104/><U91/><E11/><V85/><F86/><W115/><G115/><T71/><D71/><U106/><E106/><V35/><F94/><W73/><G73/><T24/><D128/><U135/><E135/><V99/><F77/><W46/><G46/><T116/><D116/><U59/><E59/><V56/><F99/><AGARI ba="3,1" hai="5,7,81,84,91,93,99,101" m="41578,7241" machi="99" ten="30,2000,0" yaku="14,1,54,1" doraHai="63" who="1" fromWho="2" sc="192,0,172,39,346,-29,280,0" owari="192,-31.0,211,-19.0,317,42.0,280,8.0" /></mjloggm>