<mjloggm ver="2.3"><GO type="169" lobby="0"/><UN n0="%E3%81%9F%E3%81%8F%E3%81%98%E3%82%8D%E3%81%86" n1="%6D%6F%72%65%6B%6F%75" n2="%E2%91%A3%E3%82%BB%E3%83%B3%E3%83%81" n3="%E3%83%84%E3%83%AC%E3%82%AA" dan="16,16,18,17" rate="2102.11,2064.39,2241.81,2216.75" sx="M,M,M,M"/><TAIKYOKU oya="0"/><INIT seed="0,0,0,0,0,100" ten="250,250,250,250" oya="0" hai0="31,21,58,129,102,131,124,128,36,121,65,107,32" hai1="59,51,78,67,10,104,111,108,57,133,119,0,5" hai2="132,44,123,13,83,71,52,79,81,130,89,63,84" hai3="109,92,69,87,48,82,50,70,18,35,45,135,97"/><T88/><D121/><U134/><E119/><V23/><F123/><W37/><G35/><T27/><D124/><U53/><E78/><V24/><F132/><N who="1" m="50793" /><E67/><V19/><F130/><W4/><G135/><T29/><D36/><U116/><E116/><V95/><F71/><W11/><G37/><T101/><D107/><U47/><E104/><V22/><F79/><W20/><G109/><AGARI ba="0,0" hai="0,5,10,47,51,53,57,59,108,109,111" m="50793" machi="109" ten="30,2000,0" yaku="14,1,20,1" doraHai="100" who="1" fromWho="3" sc="250,0,250,20,250,0,250,-20" /><INIT seed="1,0,0,1,5,97" ten="250,270,250,230" oya="1" hai0="118,43,72,133,104,84,6,74,115,77,48,67,9" hai1="112,37,10,111,116,12,3,5,49,38,61,2,73" hai2="120,94,117,93,83,127,82,87,131,14,105,16,114" hai3="110,47,108,92,66,134,98,76,26,46,29,39,4"/><U101/><E116/><V106/><F117/><W122/><G122/><T51/><D118/><U89/><E73/><V123/><F14/><W85/><G134/><T52/><D115/><U88/><E112/><V91/><F114/><W99/><G4/><T60/><D133/><U128/><E128/><V65/><F65/><W125/><G125/><T64/><D104/><N who="2" m="40042" /><F16/><W96/><G66/><T86/><D43/><U102/><E111/><N who="3" m="42538" /><G39/><T17/><D17/><U124/><E61/><V40/><F40/><W56/><G56/><T35/><D35/><U75/><E75/><V7/><F7/><W53/><G53/><T24/><D24/><U130/><E130/><V54/><F54/><W62/><G62/><T70/><D74/><U71/><E71/><V30/><F30/><W13/><G13/><T81/><D67/><U57/><E3/><V68/><F68/><W23/><G76/><T0/><REACH who="0" step="1"/><D51/><REACH who="0" ten="240,270,250,230" step="2"/><U20/><E38/><V100/><F131/><W44/><G26/><T126/><D126/><U50/><E37/><V27/><F27/><W132/><G132/><T19/><D19/><U78/><E124/><V55/><F55/><W25/><G25/><T58/><AGARI ba="0,1" hai="0,6,9,48,52,58,60,64,70,72,77,81,84,86" machi="58" ten="20,5200,0" yaku="1,1,0,1,7,1,54,1,53,0" doraHai="97" doraHaiUra="22" who="0" fromWho="0" sc="240,62,270,-26,250,-13,230,-13" /><INIT seed="2,0,0,1,0,21" ten="302,244,237,217" oya="2" hai0="8,22,30,111,108,42,84,107,105,7,54,125,118" hai1="58,82,129,25,39,41,28,80,62,91,10,15,133" hai2="38,87,14,66,103,85,114,64,135,90,74,50,6" hai3="119,100,11,70,116,23,37,89,81,94,12,104,63"/><V71/><F38/><W2/><G37/><T86/><D42/><U99/><E133/><V9/><F74/><W131/><G131/><T56/><D125/><U115/><E115/><V61/><F114/><W55/><G104/><N who="0" m="40011" /><D118/><U76/><E129/><V36/><F36/><W52/><G100/><T73/><D73/><U51/><E39/><V4/><F103/><W57/><G81/><T113/><D22/><N who="1" m="15415" /><E76/><V44/><F135/><W46/><G70/><T123/><D30/><U72/><E72/><V101/><F101/><W1/><G1/><N who="0" m="111" /><D123/><U16/><E51/><V124/><F124/><W127/><G127/><T92/><D92/><N who="1" m="56735" /><E41/><V5/><F87/><W112/><G112/><T106/><D106/><U121/><E121/><V117/><F117/><W17/><G46/><T53/><D53/><AGARI ba="0,0" hai="10,15,16,53,58,62,80,82" m="56735,15415" machi="53" ten="30,3900,0" yaku="8,1,52,1,54,1" doraHai="21" who="1" fromWho="0" sc="302,-39,244,39,237,0,217,0" /><INIT seed="3,0,0,0,0,56" ten="263,283,237,217" oya="3" hai0="17,46,83,78,12,101,57,69,14,74,3,87,28" hai1="27,65,115,63,61,30,88,79,96,6,19,25,45" hai2="127,84,128,111,50,118,85,106,16,21,8,5,123" hai3="94,117,125,90,112,70,93,44,48,102,54,9,107"/><W76/><G112/><T60/><D3/><U15/><E115/><V103/><F118/><W52/><G117/><T97/><D69/><U20/><E79/><V131/><F123/><W23/><G125/><T119/><D119/><U0/><E65/><V29/><F29/><W33/><G33/><T13/><D28/><U100/><E0/><V116/><F116/><W120/><G120/><T129/><D129/><N who="2" m="49738" /><F111/><W121/><G121/><T105/><D46/><U114/><E114/><V104/><F50/><W92/><G76/><T71/><D71/><U67/><E67/><V134/><F134/><W135/><G135/><T36/><D36/><U108/><E108/><V72/><F72/><W109/><G109/><T35/><D35/><U59/><E59/><V122/><F103/><W26/><G70/><T32/><D32/><U62/><E45/><V110/><F127/><W40/><G90/><T38/><D38/><U77/><E77/><V91/><F85/><W24/><G24/><N who="1" m="9290" /><E6/><V53/><F53/><W1/><G107/><T2/><D2/><U99/><E30/><V37/><F37/><W86/><G102/><T81/><D81/><U66/><E66/><V39/><F39/><W10/><G86/><T4/><D4/><U41/><E41/><V18/><F122/><W82/><G82/><T34/><D34/><U51/><E100/><V73/><F73/><W47/><G1/><T43/><D43/><U31/><E31/><V7/><F110/><W42/><G42/><T11/><D74/><U55/><E88/><V80/><F91/><W126/><G126/><T98/><D98/><RYUUKYOKU ba="0,0" sc="263,15,283,15,237,-15,217,-15" hai0="11,12,13,14,17,57,60,78,83,87,97,101,105" hai1="15,19,20,51,55,61,62,63,96,99" /><INIT seed="4,1,0,2,5,61" ten="278,298,222,202" oya="0" hai0="95,109,34,97,39,7,55,113,92,41,8,37,119" hai1="101,53,31,104,19,96,80,102,78,62,63,48,59" hai2="74,85,33,20,124,73,46,50,29,134,23,43,70" hai3="76,38,32,94,14,129,130,132,12,27,68,128,11"/><T87/><D119/><U69/><E31/><V42/><F33/><W122/><G38/><T45/><D34/><U81/><E102/><V75/><F124/><W105/><G105/><T98/><D113/><U64/><E19/><V116/><F116/><W88/><G132/><T22/><D109/><U49/><REACH who="1" step="1"/><E81/><REACH who="1" ten="278,288,222,202" step="2"/><V4/><F29/><W118/><G118/><T83/><D7/><U30/><E30/><V131/><F4/><W71/><G122/><T44/><D83/><U52/><E52/><V47/><F134/><W5/><G32/><T6/><D55/><U2/><E2/><V77/><F43/><W82/><G27/><T110/><D41/><U66/><E66/><V15/><F42/><W21/><G14/><T126/><D6/><U51/><E51/><V26/><F50/><W121/><G121/><T1/><D1/><U133/><E133/><V106/><F15/><W60/><G21/><T35/><D35/><U65/><E65/><V123/><F20/><W99/><REACH who="3" step="1"/><G60/><REACH who="3" ten="278,288,222,192" step="2"/><T127/><D22/><U103/><E103/><V10/><F26/><W67/><G67/><T111/><D8/><U72/><AGARI ba="1,2" hai="48,49,53,59,62,63,64,69,72,78,80,96,101,104" machi="72" ten="20,5200,0" yaku="1,1,0,1,7,1,52,1,53,0" doraHai="61" doraHaiUra="86" who="1" fromWho="1" sc="278,-27,288,75,222,-14,192,-14" /><INIT seed="5,0,0,3,0,88" ten="251,363,208,178" oya="1" hai0="104,124,40,58,17,23,123,101,22,43,89,46,99" hai1="113,114,13,61,12,90,8,100,9,87,67,117,111" hai2="28,2,19,126,16,66,49,32,62,42,98,4,120" hai3="134,10,33,7,86,78,73,74,24,110,75,41,60"/><U122/><E122/><V107/><F120/><W37/><G110/><T48/><D123/><U79/><E117/><V130/><F2/><W121/><G121/><T115/><D115/><N who="1" m="44043" /><E100/><N who="2" m="62871" /><F4/><W70/><G134/><T30/><D124/><U6/><E79/><V94/><F94/><W125/><G125/><T44/><D58/><N who="1" m="37303" /><E111/><V47/><F126/><W69/><G86/><T93/><D30/><U59/><E59/><V53/><F53/><W11/><G11/><N who="1" m="4170" /><E6/><V102/><F102/><W5/><G5/><T82/><D17/><U64/><E64/><V118/><F118/><W97/><G78/><T103/><D103/><U68/><E68/><N who="2" m="42071" /><F130/><W108/><G108/><T77/><D101/><U20/><E20/><V84/><F16/><W29/><G60/><T63/><D104/><U15/><E15/><V54/><F19/><W55/><G70/><T95/><D63/><U31/><E31/><V128/><F128/><W56/><G69/><T112/><D112/><U38/><E38/><V91/><F28/><W81/><G56/><T36/><D22/><U135/><E135/><V85/><F32/><W109/><G37/><T25/><D23/><U129/><E129/><V127/><F127/><W116/><G116/><T133/><D133/><U26/><E26/><V106/><F106/><W21/><G21/><T51/><D25/><U52/><E52/><V39/><F91/><W18/><G55/><T131/><D36/><U72/><E72/><V71/><F71/><W0/><G109/><T92/><D131/><U105/><E105/><V76/><F76/><W1/><G73/><AGARI ba="0,0" hai="40,43,44,46,48,51,73,77,82,89,92,93,95,99" machi="73" ten="30,8000,1" yaku="7,1,9,1,52,3" doraHai="88" who="0" fromWho="3" sc="251,80,363,0,208,0,178,-80" /><INIT seed="6,0,0,1,1,23" ten="331,363,208,98" oya="2" hai0="47,121,0,101,134,125,34,24,30,67,36,100,60" hai1="109,55,104,120,65,8,15,80,119,96,64,82,58" hai2="78,83,95,135,41,128,29,6,106,97,51,108,21" hai3="12,131,114,42,7,54,73,84,26,127,92,20,116"/><V75/><F135/><W49/><G73/><T59/><D121/><U50/><E109/><V32/><F32/><W87/><G116/><T5/><D134/><U1/><E1/><V90/><F108/><W39/><G131/><T57/><D125/><U40/><E119/><V89/><F128/><W124/><G39/><T113/><D113/><U4/><E120/><V117/><F117/><W66/><G42/><T79/><D79/><U123/><E123/><V88/><F6/><W10/><G66/><N who="1" m="25706" /><E104/><V46/><REACH who="2" step="1"/><F106/><REACH who="2" ten="331,363,198,98" step="2"/><W44/><G114/><T99/><D5/><U85/><E96/><V16/><F16/><N who="3" m="12551" /><G127/><T70/><D99/><U11/><E8/><V18/><F18/><W115/><G124/><T14/><D34/><U69/><E69/><V93/><F93/><W110/><G115/><T52/><D70/><U33/><E33/><V22/><F22/><W81/><G110/><T91/><D30/><U111/><E111/><V13/><F13/><W38/><G38/><T107/><D14/><U37/><E37/><V35/><F35/><W3/><G3/><T112/><D0/><U132/><E132/><V25/><AGARI ba="0,1" hai="21,25,29,41,46,51,75,78,83,88,89,90,95,97" machi="25" ten="30,11700,0" yaku="1,1,0,1,52,1,54,1,53,0" doraHai="23" doraHaiUra="102" who="2" fromWho="2" sc="331,-39,363,-39,198,127,98,-39" /><INIT seed="6,1,0,5,3,94" ten="292,324,325,59" oya="2" hai0="81,35,28,8,95,117,122,60,85,24,23,54,27" hai1="101,77,125,119,46,9,123,93,107,13,111,34,68" hai2="43,97,104,29,53,40,108,91,39,56,64,30,45" hai3="82,73,84,0,12,87,120,61,57,86,58,47,70"/><V59/><F108/><W26/><G0/><T52/><D122/><U127/><E111/><V36/><F64/><W10/><G120/><T1/><D117/><U3/><E119/><V15/><F15/><W129/><G129/><T105/><D105/><U62/><E34/><V7/><F7/><W14/><G14/><T79/><D60/><U99/><E3/><V78/><F78/><W121/><G121/><T83/><D83/><U37/><E77/><V31/><F91/><W69/><G73/><T131/><D131/><U110/><E110/><V80/><F80/><W22/><G82/><T5/><REACH who="0" step="1"/><D95/><REACH who="0" ten="282,324,325,59" step="2"/><U89/><E123/><V51/><F59/><W50/><G58/><T74/><D74/><U71/><E62/><V128/><F128/><W72/><G72/><T20/><D20/><U113/><E113/><V32/><F32/><W42/><G57/><T6/><D6/><U130/><E130/><V76/><F76/><W2/><G61/><T55/><D55/><U118/><E118/><V25/><F43/><W106/><G106/><T67/><D67/><U133/><E71/><V21/><REACH who="2" step="1"/><F39/><REACH who="2" ten="282,324,315,59" step="2"/><W49/><G70/><T66/><D66/><U135/><E68/><V112/><F112/><W115/><G69/><T38/><D38/><U109/><E109/><V134/><F134/><N who="1" m="51209" /><E37/><V63/><F63/><W65/><G65/><T18/><AGARI ba="1,2" hai="1,5,8,18,23,24,27,28,35,52,54,79,81,85" machi="18" ten="20,8000,1" yaku="1,1,0,1,7,1,54,1,53,1" doraHai="94" doraHaiUra="4" who="0" fromWho="0" sc="282,103,324,-21,315,-41,59,-21" /><INIT seed="7,0,0,0,0,135" ten="385,303,274,38" oya="3" hai0="57,55,108,47,117,80,72,35,131,11,44,43,86" hai1="134,23,63,99,39,46,116,76,18,133,53,31,20" hai2="49,42,70,24,112,8,2,101,107,58,125,48,13" hai3="84,22,54,118,110,14,16,113,130,83,5,27,93"/><W40/><G118/><T26/><D108/><U60/><E116/><V77/><F70/><W37/><G110/><T10/><D72/><U65/><E31/><V67/><F2/><W85/><G113/><T95/><D131/><U9/><E76/><V1/><F1/><W89/><G130/><T12/><D117/><U73/><E73/><V132/><F77/><W114/><G114/><T100/><D35/><U128/><E128/><V75/><F75/><W104/><G104/><T66/><D66/><U109/><E109/><V82/><F82/><W36/><G40/><T122/><D26/><U88/><E9/><N who="0" m="3081" /><D12/><U87/><E99/><V121/><F24/><W81/><G5/><T105/><D43/><U69/><E39/><V6/><F13/><W28/><G54/><T106/><D122/><U102/><E102/><V71/><F101/><W78/><REACH who="3" step="1"/><G81/><REACH who="3" ten="385,303,274,28" step="2"/><T97/><D106/><U4/><E134/><V52/><F42/><W50/><G50/><N who="0" m="30967" /><D105/><U3/><E133/><V38/><F107/><W124/><G124/><T29/><D29/><U119/><E119/><V94/><F125/><W33/><AGARI ba="0,1" hai="14,16,22,27,28,33,36,37,78,83,84,85,89,93" machi="33" ten="20,12000,1" yaku="1,1,0,1,7,1,54,1,53,1" doraHai="135" doraHaiUra="90" who="3" fromWho="3" sc="385,-40,303,-40,274,-40,28,130" /><INIT seed="7,1,0,1,2,79" ten="345,263,234,158" oya="3" hai0="67,43,90,63,17,36,45,32,121,34,96,97,106" hai1="20,76,98,13,26,31,88,135,54,122,30,25,92" hai2="28,11,16,118,0,35,75,120,37,8,2,72,78" hai3="113,59,65,101,29,134,84,40,14,86,24,55,81"/><W116/><G116/><T109/><D109/><U22/><E122/><V77/><F37/><W10/><G113/><T7/><D121/><U71/><E135/><V102/><F120/><W117/><G117/><T47/><D7/><U131/><E131/><V64/><F64/><W114/><G114/><T53/><D96/><U93/><E71/><V126/><F102/><W82/><G134/><T100/><D90/><U115/><E115/><V112/><F112/><W27/><G101/><T21/><D53/><U119/><E119/><V85/><F85/><N who="3" m="32875" /><G40/><T99/><D47/><U41/><E41/><V58/><F118/><W61/><G65/><T110/><D99/><U3/><E3/><V48/><F35/><W73/><G73/><T66/><D66/><U39/><E39/><V68/><F68/><W12/><G12/><T133/><D110/><U103/><E76/><V87/><F75/><W94/><G94/><T52/><D52/><U15/><E54/><V51/><F72/><W1/><G1/><T130/><D130/><U70/><E70/><V95/><F95/><W111/><G111/><T38/><D38/><U80/><E80/><N who="3" m="30826" /><G29/><T62/><D133/><U127/><E127/><V60/><F28/><W132/><G132/><T49/><D36/><U69/><E69/><V33/><F126/><W6/><AGARI ba="1,0" hai="6,10,14,24,27,55,59,61" m="30826,32875" machi="6" ten="30,11700,0" yaku="8,1,52,3" doraHai="79" who="3" fromWho="3" sc="345,-40,263,-40,234,-40,158,120" /><INIT seed="7,2,0,1,5,105" ten="305,223,194,278" oya="3" hai0="129,10,87,20,48,62,42,21,74,25,18,127,113" hai1="54,124,23,13,8,1,46,28,65,126,91,56,83" hai2="96,102,121,4,88,51,45,3,75,77,103,17,130" hai3="22,14,72,86,132,114,19,0,84,69,63,90,31"/><W61/><G114/><T99/><D74/><U93/><E1/><V57/><F3/><W97/><G0/><T134/><D113/><U38/><E65/><V119/><F4/><W59/><G132/><T79/><D134/><U30/><E83/><V49/><F119/><W47/><G72/><T70/><D129/><U5/><E46/><V16/><F77/><W26/><G69/><T107/><D127/><N who="1" m="48683" /><E23/><V52/><F75/><W115/><G115/><T32/><D87/><N who="3" m="33321" /><G47/><T68/><D79/><U82/><E82/><V41/><F121/><W34/><G34/><T112/><D10/><U100/><E100/><N who="2" m="38443" /><F130/><W101/><G101/><N who="0" m="62911" /><D18/><U85/><E38/><V15/><F15/><W104/><G104/><T58/><D112/><U66/><E66/><V106/><F106/><W109/><G109/><T37/><D37/><U108/><E108/><V120/><F120/><W27/><G31/><N who="0" m="19567" /><D70/><U53/><E53/><V71/><F71/><W98/><G61/><AGARI ba="2,0" hai="5,8,13,28,30,54,56,61,85,91,93" m="48683" machi="61" ten="30,1000,0" yaku="18,1" doraHai="105" who="1" fromWho="3" sc="305,0,223,16,194,0,278,-16" owari="305,41.0,239,-16.0,194,-31.0,262,6.0" /></mjloggm>