<mjloggm ver="2.3"><GO type="185" lobby="0"/><UN n0="%E3%81%8B%E3%81%8D%E6%B0%B7" n1="%28%C2%B4%E3%81%B8%CE%B5%E3%81%B8%60%29" n2="%E4%BA%BA%E7%94%9F%E6%8C%AF%E3%82%8B%E3%82%BC%E3%83%B3%E3%83%84" n3="" dan="17,20,16,0" rate="2269.38,2425.50,2115.28,1500.00" sx="M,M,M,C"/><TAIKYOKU oya="0"/><INIT seed="0,0,0,4,5,130" ten="350,350,350,0" oya="0" hai0="94,79,49,52,122,108,83,118,84,127,40,41,61" hai1="128,72,82,33,105,106,36,116,112,100,54,35,134" hai2="62,81,102,103,124,98,101,93,86,69,50,73,53" hai3=""/><T88/><N who="0" m="31264" /><T99/><D127/><U37/><E54/><V34/><F34/><T95/><D118/><U77/><E116/><V38/><F38/><T125/><D125/><U57/><E57/><V66/><F73/><T67/><D108/><U114/><E128/><V74/><F74/><T1/><D1/><U44/><E100/><V2/><F2/><T132/><D132/><U39/><E44/><V78/><REACH who="2" step="1"/><F124/><REACH who="2" ten="350,350,340,0" step="2"/><T87/><D87/><U123/><N who="1" m="31520" /><U120/><N who="1" m="30752" /><U126/><E126/><V133/><F133/><T65/><D94/><U3/><E3/><V110/><F110/><T42/><REACH who="0" step="1"/><D61/><REACH who="0" ten="340,350,340,0" step="2"/><U111/><E134/><V48/><F48/><T85/><D85/><U129/><E111/><V76/><F76/><T56/><AGARI ba="0,2" hai="40,41,42,49,52,56,65,67,79,83,84,88,95,99" m="31264" machi="56" ten="30,12000,2" yaku="1,1,0,1,8,1,52,1,54,2,53,0" doraHai="130" doraHaiUra="68" who="0" fromWho="0" sc="340,140,350,-60,340,-60,0,0" /><INIT seed="0,1,0,0,3,40" ten="480,290,280,0" oya="0" hai0="39,84,64,73,44,95,38,67,107,42,45,93,53" hai1="57,34,103,70,71,115,0,129,99,66,80,75,58" hai2="104,50,102,112,91,46,69,83,41,100,54,48,74" hai3=""/><T36/><D107/><U106/><E34/><V111/><F112/><T90/><D73/><U86/><E0/><V52/><F111/><T3/><D3/><U117/><E117/><V81/><F69/><T32/><D32/><U37/><E115/><V77/><F104/><T43/><D36/><U96/><E129/><V131/><F131/><T124/><D124/><U110/><E110/><V62/><F62/><T63/><D95/><U127/><E127/><V135/><F135/><T49/><D63/><U87/><E37/><V68/><F68/><T123/><N who="0" m="31520" /><T98/><D98/><U125/><E71/><V60/><F60/><T97/><D97/><U101/><E70/><V92/><F83/><T33/><D33/><U65/><E75/><V79/><F79/><T76/><D76/><U59/><E125/><V128/><F128/><T134/><D134/><U94/><REACH who="1" step="1"/><E86/><REACH who="1" ten="480,280,280,0" step="2"/><V89/><F74/><T122/><N who="0" m="31264" /><T105/><D105/><U114/><E114/><V132/><F132/><T116/><D116/><U85/><E85/><V133/><F133/><T108/><D108/><U51/><E51/><V120/><F50/><T35/><D35/><U88/><AGARI ba="1,1" hai="57,58,59,65,66,80,87,88,94,96,99,101,103,106" machi="88" ten="30,3000,0" yaku="1,1,0,1,54,1,53,0" doraHai="40" doraHaiUra="1" who="1" fromWho="1" sc="480,-21,280,42,280,-11,0,0" /><INIT seed="1,0,0,4,5,0" ten="459,322,269,0" oya="1" hai0="74,95,58,79,84,78,110,118,135,123,65,121,48" hai1="120,119,1,127,101,39,91,62,133,71,107,124,51" hai2="66,131,132,47,60,43,81,128,94,105,129,103,53" hai3=""/><U126/><N who="1" m="30752" /><U96/><E1/><V46/><F132/><T114/><N who="0" m="31008" /><T90/><N who="0" m="31520" /><T106/><D114/><U116/><E39/><V42/><F105/><T3/><D3/><U88/><E133/><V45/><F81/><T87/><D135/><U122/><N who="1" m="31264" /><U111/><E111/><V69/><F103/><T57/><D106/><U38/><E38/><V55/><F55/><T36/><BYE who="2" /><D36/><U52/><E62/><V77/><F77/><T59/><D110/><U89/><REACH who="1" step="1"/><E71/><REACH who="1" ten="459,312,269,0" step="2"/><UN n2="%E4%BA%BA%E7%94%9F%E6%8C%AF%E3%82%8B%E3%82%BC%E3%83%B3%E3%83%84" /><V2/><F2/><T86/><D118/><U63/><E63/><V61/><F94/><T70/><D70/><U49/><E49/><V85/><F85/><T33/><D48/><U92/><E92/><V73/><F73/><T98/><D74/><U44/><AGARI ba="0,1" hai="44,51,52,88,89,91,96,101,107,116,119,124,126,127" m="31264,30752" machi="44" ten="40,16000,3" yaku="1,1,0,1,18,1,52,2,54,2,53,1" doraHai="0" doraHaiUra="93" who="1" fromWho="1" sc="459,-80,312,170,269,-80,0,0" /><INIT seed="1,1,0,4,2,64" ten="379,482,189,0" oya="1" hai0="40,86,63,68,99,119,134,97,112,75,45,125,87" hai1="0,34,106,51,74,2,96,94,128,32,78,109,54" hai2="55,90,118,132,52,73,117,3,77,60,131,130,110" hai3=""/><U44/><E128/><N who="2" m="49195" /><F3/><T76/><D112/><U105/><E109/><V116/><F110/><T135/><D125/><U114/><E114/><V98/><F132/><T115/><D119/><U50/><E74/><V46/><F46/><T104/><D115/><U122/><N who="1" m="31264" /><U93/><E78/><V85/><F98/><N who="0" m="37386" /><D104/><U82/><E96/><V126/><F126/><T127/><D127/><U43/><E44/><V38/><F38/><T53/><D75/><U124/><E82/><V120/><N who="2" m="30752" /><V66/><F77/><T123/><N who="0" m="31520" /><T101/><D101/><U42/><REACH who="1" step="1"/><E124/><REACH who="1" ten="379,472,189,0" step="2"/><V83/><F73/><T84/><D76/><U103/><E103/><V107/><F107/><T65/><D87/><U121/><N who="1" m="31008" /><U61/><E61/><V71/><AGARI ba="1,1" hai="52,55,60,66,71,83,85,90,116,117,118" m="30752,49195" machi="71" ten="40,6000,1" yaku="19,1,52,2,54,1" doraHai="64" who="2" fromWho="2" sc="379,-21,472,-41,189,72,0,0" /><INIT seed="2,0,0,3,2,135" ten="358,431,261,0" oya="2" hai0="125,44,88,116,59,66,64,39,87,115,95,34,117" hai1="112,128,71,134,38,91,57,36,131,113,1,108,120" hai2="51,50,72,70,65,47,111,53,45,32,80,37,121" hai3=""/><V124/><N who="2" m="31008" /><V89/><F32/><T68/><D34/><U55/><N who="1" m="30752" /><U127/><E1/><V105/><F105/><T100/><D115/><N who="1" m="44107" /><E91/><V122/><N who="2" m="31264" /><V0/><F0/><T33/><D33/><U103/><E103/><V85/><F111/><T90/><D68/><U86/><E86/><V40/><F124/><T81/><D125/><U63/><E127/><V43/><F72/><T73/><D100/><U96/><E96/><V94/><F70/><T93/><D93/><U48/><E134/><V119/><F65/><T69/><D69/><U106/><E106/><V109/><F109/><T101/><D101/><U107/><E108/><V58/><REACH who="2" step="1"/><F119/><REACH who="2" ten="358,431,251,0" step="2"/><T35/><D35/><U54/><E107/><V118/><F118/><T84/><D73/><U56/><E71/><V60/><F60/><T83/><D66/><U92/><E92/><AGARI ba="0,1" hai="37,40,43,45,47,50,51,53,58,80,85,89,92,94" m="31264,31008" machi="92" ten="40,7700,0" yaku="1,1,52,2,53,0" doraHai="135" doraHaiUra="110" who="2" fromWho="1" sc="358,0,431,-77,251,87,0,0" /><INIT seed="2,1,0,2,1,55" ten="358,354,338,0" oya="2" hai0="80,58,90,50,73,120,0,99,128,132,92,131,89" hai1="106,65,43,47,116,63,40,91,70,102,48,95,86" hai2="115,123,124,104,119,130,75,56,57,84,108,41,52" hai3=""/><V66/><N who="2" m="31520" /><V103/><F75/><T122/><N who="0" m="30752" /><T60/><N who="0" m="31264" /><T53/><D0/><U129/><E129/><N who="0" m="49737" /><D132/><U81/><E116/><V85/><F130/><T109/><D109/><U49/><E106/><V61/><F119/><T112/><D112/><U37/><E43/><V121/><N who="2" m="31008" /><V35/><F35/><T59/><D73/><U1/><E1/><V101/><F115/><T44/><D60/><U42/><E42/><V71/><F71/><T72/><D90/><U114/><E114/><V117/><F117/><T94/><D94/><U39/><E39/><V113/><F113/><T46/><D44/><U83/><E95/><V110/><F104/><T96/><D96/><U77/><E102/><V54/><F61/><T64/><D64/><U135/><E135/><V78/><F66/><T51/><D51/><U107/><E107/><V88/><F110/><T62/><D62/><U82/><E82/><V133/><F133/><T111/><D111/><U126/><E48/><V76/><F108/><T69/><D69/><U87/><E49/><V2/><F2/><T100/><D100/><U93/><E93/><V33/><F103/><T98/><D98/><U45/><E45/><V3/><F101/><T74/><D74/><RYUUKYOKU ba="1,0" sc="358,10,354,10,338,-20,0,0" hai0="46,50,53,58,59,72,80,89,92,99" hai1="37,40,47,63,65,70,77,81,83,86,87,91,126" /><INIT seed="4,2,0,5,3,36" ten="368,364,318,0" oya="0" hai0="108,120,105,2,54,87,71,90,130,113,86,1,119" hai1="72,76,129,91,128,46,132,65,99,59,79,104,0" hai2="92,56,103,126,45,82,64,80,116,83,121,40,55" hai3=""/><T94/><N who="0" m="30752" /><T134/><D119/><U34/><E0/><V78/><N who="2" m="31008" /><V37/><F116/><T33/><D33/><U41/><E34/><V127/><F64/><T96/><D113/><U124/><E124/><N who="2" m="47659" /><F92/><T88/><D130/><U38/><E132/><V106/><F106/><T53/><D134/><U60/><E72/><V70/><F70/><T50/><D71/><U52/><E65/><V77/><F103/><T75/><D108/><U67/><E104/><V115/><F115/><T102/><D75/><U100/><E100/><V89/><F89/><T81/><REACH who="0" step="1"/><D54/><REACH who="0" ten="358,364,318,0" step="2"/><U47/><E128/><V66/><F66/><T62/><D62/><AGARI ba="2,1" hai="37,40,45,55,56,62,77,78,80,82,83" m="47659,31008" machi="62" ten="30,3900,0" yaku="18,1,52,2" doraHai="36" who="2" fromWho="0" sc="358,-43,364,0,318,53,0,0" /><INIT seed="5,0,0,3,5,97" ten="315,364,371,0" oya="1" hai0="112,36,100,99,106,79,53,57,131,134,111,45,40" hai1="84,91,109,120,60,47,103,98,107,62,125,65,133" hai2="77,49,104,67,3,118,55,130,126,116,96,75,54" hai3=""/><U83/><N who="1" m="30752" /><U86/><E125/><V48/><F3/><T110/><D131/><U132/><E109/><V46/><F67/><T72/><D134/><U56/><E47/><V88/><F130/><T135/><D135/><U119/><E119/><V59/><F126/><T101/><D112/><U63/><E63/><V2/><F2/><T87/><D72/><U95/><REACH who="1" step="1"/><E62/><REACH who="1" ten="315,354,371,0" step="2"/><V78/><F118/><T90/><D111/><U58/><E58/><V93/><F116/><T66/><D110/><U43/><E43/><V121/><N who="2" m="31008" /><V51/><F75/><T73/><D73/><U64/><E64/><V52/><F104/><T61/><D66/><U124/><E124/><V39/><F39/><T105/><D36/><U128/><E128/><V81/><F81/><T117/><D117/><U34/><E34/><V89/><F46/><T102/><D106/><U76/><AGARI ba="0,1" hai="56,60,65,76,83,84,86,91,95,98,103,107,132,133" m="30752" machi="76" ten="30,8000,1" yaku="1,1,0,1,52,2,53,1" doraHai="97" doraHaiUra="74" who="1" fromWho="1" sc="315,-40,354,90,371,-40,0,0" /><INIT seed="5,1,0,5,5,122" ten="275,444,331,0" oya="1" hai0="92,117,53,71,105,121,54,134,59,130,126,102,69" hai1="60,70,33,63,113,132,90,87,86,101,52,84,40" hai2="36,45,35,76,119,98,65,62,38,127,2,115,51" hai3=""/><U57/><E33/><V64/><F2/><T96/><N who="0" m="31008" /><T112/><D112/><U66/><E113/><V91/><F35/><T118/><D126/><U97/><E132/><V83/><F115/><T55/><D134/><U129/><E129/><V0/><F0/><T89/><D59/><U109/><E40/><V100/><F119/><N who="0" m="45578" /><D130/><U133/><E133/><V116/><F116/><T94/><D105/><U46/><E46/><V95/><F127/><T111/><D111/><U43/><E43/><V123/><N who="2" m="31520" /><V32/><F32/><T39/><D39/><U67/><E109/><V110/><F100/><T124/><D124/><U37/><E37/><V79/><F110/><T103/><D103/><U88/><REACH who="1" step="1"/><E66/><REACH who="1" ten="275,434,331,0" step="2"/><V34/><F65/><T58/><D53/><U41/><E41/><V74/><F34/><T82/><D54/><U114/><E114/><V61/><F38/><T106/><D55/><U107/><AGARI ba="1,1" hai="52,57,60,63,67,70,84,86,87,88,90,97,101,107" machi="107" ten="30,12000,2" yaku="1,1,0,1,54,2,53,3" doraHai="122" doraHaiUra="80" who="1" fromWho="1" sc="275,-61,434,132,331,-61,0,0" /><INIT seed="5,2,0,0,0,48" ten="214,566,270,0" oya="1" hai0="56,3,47,73,69,104,67,66,65,2,57,91,68" hai1="97,115,85,84,94,127,64,41,38,72,129,40,32" hai2="43,74,108,120,50,101,110,100,83,103,88,98,87" hai3=""/><U49/><E32/><V124/><N who="2" m="30752" /><V61/><F124/><T70/><D104/><U80/><E38/><V125/><F125/><T131/><D73/><U79/><E127/><V107/><F43/><T58/><D131/><U117/><E117/><V111/><F50/><T89/><REACH who="0" step="1"/><D47/><REACH who="0" ten="204,566,270,0" step="2"/><U63/><E129/><V90/><F74/><T133/><D133/><U113/><E72/><V77/><F61/><T135/><D135/><U132/><E132/><V126/><F126/><T96/><D96/><U81/><E97/><V92/><F107/><T62/><D62/><U134/><E134/><V46/><F46/><T42/><D42/><U0/><E41/><V36/><REACH who="2" step="1"/><F36/><REACH who="2" ten="204,566,260,0" step="2"/><T123/><N who="0" m="31520" /><T59/><N who="0" m="14336" /><DORA hai="105" /><T121/><N who="0" m="31008" /><T114/><D114/><U44/><E113/><V106/><F106/><T71/><N who="0" m="17408" /><DORA hai="130" /><T45/><D45/><U86/><E115/><V128/><F128/><T52/><D52/><U118/><E44/><V95/><F95/><T93/><D93/><U119/><E94/><V112/><F112/><T39/><D39/><U35/><E40/><V34/><F34/><T122/><N who="0" m="31264" /><T78/><D78/><AGARI ba="2,2" hai="77,78,83,87,88,90,92,98,100,101,103,108,110,111" m="30752" machi="78" ten="50,12000,2" yaku="1,1,34,3,52,1,54,1,53,0" doraHai="48,105,130" doraHaiUra="60,53,1" who="2" fromWho="0" sc="204,-124,566,0,260,144,0,0" /><INIT seed="6,0,0,3,2,3" ten="80,566,404,0" oya="2" hai0="45,119,95,129,35,56,74,128,53,34,63,60,67" hai1="135,69,51,40,79,126,134,104,81,84,112,43,98" hai2="87,80,115,48,62,106,47,118,90,57,108,83,91" hai3=""/><V92/><F115/><T61/><D74/><U132/><E112/><V46/><F118/><T124/><D119/><U64/><E126/><V66/><F108/><T73/><D73/><U52/><E64/><V100/><F106/><T114/><D124/><U68/><E98/><V2/><F2/><T86/><D114/><U36/><E104/><V55/><F100/><T59/><D45/><U93/><E93/><V102/><F102/><T113/><D113/><U50/><E50/><V71/><F83/><T54/><D95/><U88/><E79/><V105/><F105/><T58/><D86/><AGARI ba="0,0" hai="46,47,48,55,57,62,66,71,80,86,87,90,91,92" machi="86" ten="30,1500,0" yaku="7,1" doraHai="3" who="2" fromWho="0" sc="80,-15,566,0,404,15,0,0" /><INIT seed="6,1,0,3,3,119" ten="65,566,419,0" oya="2" hai0="49,42,112,46,41,0,92,87,135,69,107,97,109" hai1="121,89,118,33,70,77,126,117,120,66,51,83,3" hai2="78,57,59,2,91,75,110,102,80,43,61,123,122" hai3=""/><V68/><N who="2" m="31264" /><V105/><N who="2" m="31520" /><V114/><F2/><T104/><D92/><U55/><N who="1" m="30752" /><U96/><N who="1" m="31008" /><U131/><E3/><V127/><F114/><T111/><D0/><U82/><E33/><V40/><F68/><T125/><D97/><U90/><E131/><V48/><F127/><T113/><D125/><U72/><E126/><V73/><F73/><T56/><D69/><U62/><E83/><V71/><F71/><T52/><D87/><U37/><E37/><V79/><F79/><T128/><D128/><U45/><REACH who="1" step="1"/><E96/><REACH who="1" ten="65,556,419,0" step="2"/><V129/><F129/><T88/><D88/><AGARI ba="1,1" hai="45,51,55,62,66,70,72,77,82,88,89,90,117,118" m="31008,30752" machi="88" ten="40,12000,2" yaku="1,1,2,1,52,4,54,1,53,0" doraHai="119" doraHaiUra="39" who="1" fromWho="0" sc="65,-122,556,132,419,0,0,0" owari="-57,-66.0,688,64.0,419,2.0,0,0.0" /></mjloggm>