<mjloggm ver="2.3"><GO type="169" lobby="0"/><UN n0="%72%52%66%44%79%55%66" n1="%54%4C%6B%65%79" n2="%4E%41%4B%41%48%41%52%41" n3="%42%72%42%61" dan="16,16,16,16" rate="2128.69,2167.27,2108.17,2135.96" sx="M,M,M,M"/><TAIKYOKU oya="0"/><INIT seed="0,0,0,3,2,94" ten="250,250,250,250" oya="0" hai0="135,31,99,33,54,20,111,123,22,34,84,32,103" hai1="131,78,42,37,75,41,86,83,66,40,55,106,19" hai2="65,58,27,108,118,62,95,89,122,81,132,117,80" hai3="116,51,107,10,96,30,1,74,48,91,56,35,24"/><T125/><D123/><U45/><E131/><V133/><F27/><W16/><G116/><N who="2" m="44649" /><F108/><W57/><G74/><T110/><D125/><U128/><E128/><V79/><F122/><W38/><G38/><T18/><D135/><N who="2" m="51786" /><F79/><W43/><G1/><T100/><D100/><U82/><E66/><V13/><F13/><W93/><G107/><T67/><D67/><U113/><E106/><V97/><AGARI ba="0,0" hai="58,62,65,80,81,89,95,97" m="51786,44649" machi="97" ten="30,4000,0" yaku="12,1,20,1,52,1" doraHai="94" who="2" fromWho="2" sc="250,-20,250,-10,250,40,250,-10" /><INIT seed="1,0,0,3,2,130" ten="230,240,290,240" oya="1" hai0="95,111,61,60,91,39,15,108,27,66,79,81,51" hai1="36,78,21,33,77,12,55,17,14,40,57,4,128" hai2="127,70,103,89,97,107,56,50,24,45,124,92,74" hai3="122,112,19,93,75,120,82,6,7,44,104,88,3"/><U129/><E33/><V119/><F70/><W46/><G112/><T42/><D39/><U83/><E36/><V99/><F119/><W134/><G104/><T28/><D15/><U48/><E40/><V34/><F74/><W80/><G19/><T84/><D51/><U52/><E55/><V67/><F56/><W13/><G3/><T73/><D42/><U118/><E118/><V76/><F76/><W25/><G25/><T16/><D16/><U106/><E106/><V54/><REACH who="2" step="1"/><F67/><REACH who="2" ten="230,240,280,240" step="2"/><W105/><G75/><T1/><D1/><U98/><E78/><V87/><F87/><W72/><G72/><T90/><D90/><U8/><REACH who="1" step="1"/><E98/><REACH who="1" ten="230,230,280,240" step="2"/><V100/><F100/><W53/><G120/><T43/><D66/><U64/><E64/><V49/><F49/><W29/><G122/><T26/><D79/><U110/><E110/><V22/><F22/><W132/><G46/><T59/><D108/><U9/><E9/><V115/><F115/><W0/><G44/><T11/><D11/><U133/><E133/><V113/><F113/><W32/><G134/><T96/><D111/><U125/><E125/><V63/><F63/><W58/><G132/><T101/><D61/><U85/><AGARI ba="0,2" hai="4,8,12,14,17,21,48,52,57,77,83,85,128,129" machi="85" ten="30,11700,0" yaku="1,1,0,1,54,1,53,1" doraHai="130" doraHaiUra="2" who="1" fromWho="1" sc="230,-39,230,137,280,-39,240,-39" /><INIT seed="1,1,0,0,4,13" ten="191,367,241,201" oya="1" hai0="61,75,98,45,8,68,76,102,91,99,67,123,2" hai1="80,134,101,53,7,26,19,51,35,115,29,41,72" hai2="131,97,34,38,100,92,112,50,95,96,62,64,111" hai3="74,54,86,42,81,132,127,110,79,40,43,16,108"/><U126/><E115/><V125/><F38/><W12/><G132/><T56/><D123/><U39/><E134/><V58/><F34/><W107/><G127/><T84/><D76/><U49/><E126/><V14/><F125/><W70/><G107/><T60/><D75/><U37/><E7/><V85/><F111/><N who="3" m="42539" /><G70/><T63/><D45/><U87/><E72/><V15/><F131/><W28/><G28/><T20/><D63/><U117/><E117/><V121/><F121/><W113/><G113/><T66/><D20/><U114/><E41/><V23/><F112/><W17/><G54/><T11/><D2/><U48/><E53/><V88/><F50/><W6/><G74/><T32/><D32/><U78/><E101/><V3/><F3/><W1/><G1/><T94/><REACH who="0" step="1"/><D98/><REACH who="0" ten="181,367,241,201" step="2"/><U36/><E114/><V82/><REACH who="2" step="1"/><F23/><REACH who="2" ten="181,367,231,201" step="2"/><W25/><G25/><T77/><D77/><AGARI ba="1,2" hai="14,15,58,62,64,77,82,85,88,92,95,96,97,100" machi="77" ten="30,8000,1" yaku="1,1,2,1,7,1,8,1,54,1,53,0" doraHai="13" doraHaiUra="104" who="2" fromWho="0" sc="181,-83,367,0,231,103,201,0" /><INIT seed="2,0,0,1,0,118" ten="98,367,334,201" oya="2" hai0="100,121,101,26,60,95,23,89,93,98,25,70,27" hai1="55,133,134,84,49,73,107,129,132,42,62,75,47" hai2="104,72,11,94,76,120,130,114,21,10,105,80,32" hai3="37,125,59,85,122,68,58,2,99,128,45,52,91"/><V110/><F32/><W124/><G128/><T19/><D70/><U0/><E0/><V50/><F114/><W92/><G2/><T5/><D5/><U64/><E129/><V41/><F130/><W86/><G68/><T56/><D121/><U66/><E107/><V115/><F115/><W46/><G122/><T67/><REACH who="0" step="1"/><D101/><REACH who="0" ten="88,367,334,201" step="2"/><U36/><E84/><AGARI ba="0,1" hai="19,23,25,26,27,56,60,67,84,89,93,95,98,100" machi="84" ten="30,8000,1" yaku="1,1,2,1,7,1,8,1,53,1" doraHai="118" doraHaiUra="16" who="0" fromWho="1" sc="88,90,367,-80,334,0,201,0" /><INIT seed="3,0,0,0,4,57" ten="178,287,334,201" oya="3" hai0="101,99,118,17,37,107,120,125,79,6,2,119,84" hai1="88,55,32,69,15,129,90,5,122,40,97,44,105" hai2="130,111,30,82,96,77,67,124,46,116,38,93,18" hai3="123,53,115,3,43,26,10,112,87,95,7,65,51"/><W133/><G123/><T103/><D37/><U102/><E122/><V20/><F116/><N who="0" m="44586" /><D17/><U72/><E129/><V75/><F111/><W66/><G133/><T34/><D6/><U71/><E72/><V25/><F124/><W8/><G43/><T108/><D34/><U94/><E32/><V80/><F130/><W22/><G10/><T74/><D2/><U59/><E15/><V117/><F80/><W11/><G11/><T76/><D120/><U106/><E5/><V104/><F104/><W134/><G134/><T24/><D24/><U0/><E105/><V64/><F117/><W42/><G42/><T16/><D16/><U114/><E0/><V4/><F4/><W35/><G35/><T36/><D36/><U63/><E114/><V113/><F113/><W135/><G135/><T83/><D108/><U62/><E62/><V39/><F39/><W48/><G115/><T132/><D132/><U45/><E45/><V85/><F38/><W98/><G51/><T58/><D58/><U21/><E21/><V12/><F46/><W13/><G3/><T33/><D33/><U49/><REACH who="1" step="1"/><E90/><REACH who="1" ten="178,277,334,201" step="2"/><N who="2" m="55351" /><F75/><W78/><G112/><T27/><D27/><U110/><E110/><V68/><F68/><W70/><G70/><T109/><D109/><U23/><E23/><AGARI ba="0,1" hai="12,18,20,23,25,30,64,67,77,82,85" m="55351" machi="23" ten="30,1000,0" yaku="8,1" doraHai="57" who="2" fromWho="1" sc="178,0,277,-10,334,20,201,0" /><INIT seed="4,0,0,4,2,35" ten="178,267,354,201" oya="0" hai0="67,25,97,41,77,6,13,83,36,85,21,47,4" hai1="132,121,51,100,32,63,15,59,131,86,37,89,88" hai2="120,57,130,44,74,123,115,48,16,3,2,68,69" hai3="50,9,65,129,126,80,49,113,112,84,72,78,75"/><T134/><D134/><U99/><E37/><V79/><F115/><N who="3" m="44107" /><G129/><T19/><D67/><U42/><E121/><V17/><F130/><W22/><G126/><T116/><D116/><U93/><E131/><V54/><F69/><W118/><G118/><T102/><REACH who="0" step="1"/><D25/><REACH who="0" ten="168,267,354,201" step="2"/><U91/><E132/><V30/><F123/><W23/><G65/><T11/><D11/><U27/><E27/><V133/><F120/><W108/><G9/><T29/><D29/><U107/><E32/><V127/><F30/><W0/><G108/><T20/><D20/><N who="3" m="7721" /><G0/><T60/><D60/><U62/><E62/><V94/><F133/><W53/><G49/><T109/><D109/><U10/><E63/><V66/><F66/><W70/><G70/><T71/><D71/><U101/><E51/><V92/><F68/><W28/><G28/><T31/><D31/><U73/><E10/><V40/><F2/><W106/><G106/><AGARI ba="0,1" hai="4,6,13,19,21,36,41,47,77,83,85,97,102,106" machi="106" ten="30,2900,0" yaku="1,1,7,1,53,0" doraHai="35" doraHaiUra="110" who="0" fromWho="3" sc="168,39,267,0,354,0,201,-29" /><INIT seed="4,1,0,5,1,106" ten="207,267,354,172" oya="0" hai0="135,31,119,23,60,85,134,80,55,98,84,86,20" hai1="121,45,97,10,87,47,133,130,112,129,18,68,62" hai2="73,115,43,57,41,125,128,94,82,51,122,36,79" hai3="9,44,89,127,77,8,71,1,78,39,7,13,70"/><T29/><D119/><U74/><E121/><V0/><F122/><W19/><G127/><T46/><D98/><U99/><E133/><N who="0" m="50697" /><D80/><U11/><E112/><V116/><F0/><W110/><G110/><T24/><D60/><U32/><E32/><V37/><F43/><W65/><G89/><T66/><D66/><U26/><E26/><V16/><F115/><W28/><G28/><N who="0" m="10827" /><D24/><U63/><E18/><V69/><F116/><W96/><G96/><T90/><D90/><U21/><E87/><V88/><F125/><W126/><G126/><T15/><D15/><U50/><E50/><AGARI ba="1,0" hai="20,23,46,50,55,84,85,86" m="10827,50697" machi="50" ten="40,2000,0" yaku="20,1" doraHai="106" who="0" fromWho="1" sc="207,23,267,-23,354,0,172,0" /><INIT seed="4,2,0,0,5,84" ten="230,244,354,172" oya="0" hai0="126,5,46,2,67,114,52,87,36,107,61,25,79" hai1="91,86,12,60,6,55,13,4,10,38,123,125,135" hai2="64,30,1,108,50,72,23,93,76,35,37,113,32" hai3="117,115,29,62,116,51,81,99,56,27,8,24,83"/><T97/><D114/><U57/><E123/><V65/><F37/><W68/><G115/><T59/><D126/><U40/><E125/><V104/><F1/><W105/><G51/><T118/><D118/><U14/><E135/><V48/><F104/><W9/><G116/><T44/><D36/><U28/><E28/><V88/><F108/><W73/><G117/><T127/><D127/><U33/><E33/><V45/><F50/><W100/><G27/><T101/><D25/><U96/><E96/><V80/><F23/><W3/><G73/><T109/><D109/><U110/><E110/><V120/><F120/><W66/><G56/><T102/><D102/><U98/><E98/><V111/><F113/><W130/><G130/><T58/><D5/><U132/><E132/><V49/><F49/><W131/><G131/><T94/><D2/><U31/><E31/><V89/><F111/><W90/><G3/><T21/><D21/><U134/><E134/><V85/><F30/><W95/><G8/><T20/><D20/><U47/><REACH who="1" step="1"/><E4/><REACH who="1" ten="230,234,354,172" step="2"/><V70/><F32/><N who="3" m="20519" /><G9/><T121/><D121/><U43/><E43/><N who="2" m="24639" /><F35/><W16/><G16/><T122/><D122/><U18/><E18/><V41/><F41/><W124/><G124/><T0/><D0/><U69/><E69/><V82/><F70/><W106/><G106/><T75/><D107/><U53/><E53/><V19/><F19/><W54/><G54/><T71/><D71/><U112/><E112/><V63/><F64/><W128/><G128/><T92/><D67/><U7/><E7/><V17/><F65/><W119/><G119/><RYUUKYOKU ba="2,1" sc="230,-15,234,15,354,-15,172,15" hai1="6,10,12,13,14,38,40,47,55,57,60,86,91" hai3="62,66,68,81,83,90,95,99,100,105" /><INIT seed="5,3,1,3,0,46" ten="215,249,339,187" oya="1" hai0="100,115,126,74,42,90,58,80,97,18,5,86,122" hai1="40,85,76,9,78,34,48,16,24,93,87,68,119" hai2="10,51,125,4,41,43,21,35,15,73,33,83,37" hai3="114,49,95,25,6,70,117,110,55,45,62,28,53"/><U66/><E119/><V120/><F37/><W56/><G110/><T81/><D115/><U30/><E68/><V0/><F120/><W57/><G114/><T84/><D122/><U107/><E107/><V36/><F125/><W105/><G117/><T12/><D126/><U20/><E66/><V133/><F41/><W106/><G70/><T121/><D121/><U54/><E40/><V96/><F96/><W22/><G6/><T64/><D74/><U69/><E69/><V77/><F51/><W52/><REACH who="3" step="1"/><G95/><REACH who="3" ten="215,249,339,177" step="2"/><T124/><D5/><U2/><E93/><V116/><F116/><W59/><G59/><T29/><D58/><U8/><E78/><V109/><F109/><W102/><G102/><T123/><D100/><U17/><E76/><V91/><F91/><W92/><G92/><T99/><D90/><U132/><E2/><V63/><F77/><W129/><G129/><T89/><D89/><U39/><E87/><V13/><F0/><W19/><G19/><T61/><D18/><U50/><E85/><V94/><F94/><W14/><G14/><T27/><D12/><U82/><E17/><V134/><F15/><W60/><AGARI ba="3,2" hai="22,25,28,45,49,52,53,55,56,57,60,62,105,106" machi="60" ten="20,12000,2" yaku="1,1,0,1,7,1,9,1,52,1,54,1,53,0" doraHai="46" doraHaiUra="67" who="3" fromWho="3" sc="215,-33,249,-63,339,-33,177,149" /><INIT seed="6,0,0,4,5,48" ten="182,186,306,326" oya="2" hai0="107,118,77,132,109,91,33,63,135,133,2,18,81" hai1="14,10,120,83,104,38,6,66,89,56,117,115,126" hai2="42,22,94,87,4,112,55,8,99,54,129,41,105" hai3="108,103,16,43,74,37,46,5,11,82,85,100,114"/><V121/><F121/><W106/><G108/><T86/><D109/><U23/><E117/><V45/><F112/><W111/><G111/><T90/><D118/><U124/><E115/><V92/><F105/><W102/><G114/><T72/><D107/><U28/><E104/><V71/><F71/><W67/><G67/><T57/><D2/><U59/><E38/><V116/><F116/><W53/><G74/><T93/><D33/><U131/><E131/><V97/><F87/><W7/><G106/><T27/><D90/><U12/><E120/><V75/><F22/><W127/><G127/><N who="1" m="48682" /><E66/><V125/><F75/><W134/><G53/><N who="2" m="19977" /><F129/><W31/><G31/><T26/><REACH who="0" step="1"/><D18/><REACH who="0" ten="172,186,306,326" step="2"/><N who="1" m="10711" /><E28/><V65/><F125/><W61/><G16/><T34/><D34/><U13/><E13/><N who="2" m="5255" /><F65/><AGARI ba="0,1" hai="26,27,57,63,65,72,77,81,86,91,93,132,133,135" machi="65" ten="40,2600,0" yaku="1,1,20,1,53,0" doraHai="48" doraHaiUra="49" who="0" fromWho="2" sc="172,36,186,0,306,-26,326,0" /><INIT seed="7,0,0,1,2,122" ten="208,186,280,326" oya="3" hai0="112,12,95,74,3,65,28,48,110,51,69,19,60" hai1="43,91,38,94,78,130,92,31,71,52,117,104,42" hai2="35,57,84,63,37,100,15,49,108,83,114,11,77" hai3="109,118,5,46,102,123,59,68,119,66,121,133,131"/><W72/><G72/><T89/><D3/><U113/><E104/><V107/><F37/><W40/><G102/><T9/><D74/><U25/><E130/><V103/><F35/><W26/><G5/><T80/><D112/><U17/><E71/><V120/><F114/><W22/><G68/><T1/><D1/><U14/><E113/><V125/><F125/><W2/><G2/><T61/><D28/><U135/><E135/><V18/><F120/><W32/><G32/><T87/><D110/><U4/><E4/><V45/><F107/><W55/><G109/><T29/><D29/><U47/><E78/><V39/><F39/><W23/><G66/><T33/><D33/><U58/><E43/><N who="2" m="24767" /><F108/><W85/><G131/><T105/><D105/><U70/><E70/><V88/><F77/><W90/><G133/><T67/><REACH who="0" step="1"/><D80/><REACH who="0" ten="198,186,280,326" step="2"/><U132/><E132/><V24/><F24/><W127/><G121/><T111/><D111/><U62/><E117/><V116/><F116/><W7/><G123/><T54/><D54/><AGARI ba="0,1" hai="11,15,18,54,57,63,83,84,88,100,103" m="24767" machi="54" ten="30,2000,0" yaku="8,1,54,1" doraHai="122" who="2" fromWho="0" sc="198,-20,186,0,280,30,326,0" owari="178,-32.0,186,-21.0,310,11.0,326,42.0" /></mjloggm>