<mjloggm ver="2.3"><GO type="225" lobby="0"/><UN n0="%E7%88%86%E7%89%8C%E3%82%A6%E3%82%B7%E3%82%B8%E3%83%9E%E3%81%8F%E3%82%93" n1="%63%61%74%6D%65%56%47%43" n2="%E3%81%BF%E3%81%BF%E3%81%9A" n3="%E3%81%82%E3%81%9A%E3%81%8D%E3%81%82%E3%81%9A%E3%81%95" dan="16,16,16,16" rate="2096.16,2190.04,2152.83,2112.68" sx="M,M,M,M"/><TAIKYOKU oya="0"/><INIT seed="0,0,0,2,2,11" ten="250,250,250,250" oya="0" hai0="125,106,66,113,39,120,83,12,101,71,2,78,109" hai1="30,129,24,73,110,55,108,127,49,32,53,56,6" hai2="43,38,34,37,98,112,40,116,36,77,9,4,59" hai3="46,89,85,118,88,68,72,20,97,105,23,44,52"/><T64/><D113/><U70/><E70/><V48/><F112/><W35/><G35/><T18/><D120/><U86/><E73/><V80/><F34/><W130/><G72/><T81/><D2/><U21/><E129/><V124/><F124/><W54/><G130/><T29/><D39/><U82/><E6/><V103/><F116/><W84/><G97/><T41/><D41/><U111/><E127/><V58/><F80/><W102/><G102/><T19/><D125/><U10/><E10/><V47/><F77/><W96/><G96/><T27/><D109/><U132/><E132/><V3/><REACH who="2" step="1"/><F43/><REACH who="2" ten="250,250,240,250" step="2"/><W31/><G118/><T7/><D81/><U92/><E82/><V74/><F74/><W42/><G42/><T107/><D83/><U15/><E32/><V69/><F69/><W94/><G68/><T63/><D78/><U104/><E104/><AGARI ba="0,1" hai="3,4,9,36,37,38,40,47,48,58,59,98,103,104" machi="104" ten="40,1300,0" yaku="1,1,53,0" doraHai="11" doraHaiUra="25" who="2" fromWho="1" sc="250,0,250,-13,240,23,250,0" /><INIT seed="1,0,0,2,1,88" ten="250,237,263,250" oya="1" hai0="79,18,63,4,101,31,102,2,85,41,123,55,84" hai1="12,32,29,107,116,42,114,80,23,27,89,44,99" hai2="35,37,133,117,82,86,45,48,56,95,94,21,64" hai3="90,6,8,75,52,62,83,78,7,93,10,61,5"/><U3/><E116/><V69/><F35/><W106/><G106/><T81/><D123/><U77/><E114/><V51/><F117/><W105/><G105/><T72/><D31/><U126/><E126/><V66/><F69/><W25/><G25/><T39/><D18/><U17/><E3/><V16/><F37/><W33/><G33/><T100/><D63/><U22/><E107/><V118/><F118/><W104/><G104/><T36/><D55/><U113/><E113/><V71/><F71/><W108/><G108/><T97/><D97/><U112/><E112/><V121/><F133/><W54/><G62/><T130/><D130/><U134/><E134/><V19/><F19/><W50/><G61/><T9/><REACH who="0" step="1"/><D39/><REACH who="0" ten="240,237,263,250" step="2"/><U103/><E32/><V73/><F121/><W125/><G125/><T0/><D0/><U98/><E103/><V1/><F1/><W120/><G120/><T20/><D20/><U58/><E58/><V28/><F28/><W43/><G43/><T111/><D111/><U47/><E42/><N who="2" m="24631" /><F56/><W49/><G54/><T46/><AGARI ba="0,1" hai="2,4,9,36,41,46,72,79,81,84,85,100,101,102" machi="46" ten="30,7900,0" yaku="1,1,0,1,25,2,53,0" doraHai="88" doraHaiUra="60" who="0" fromWho="0" sc="240,89,237,-39,263,-20,250,-20" /><INIT seed="2,0,0,2,0,78" ten="329,198,243,230" oya="2" hai0="21,56,72,53,50,97,100,114,5,40,74,44,3" hai1="38,33,88,26,36,28,54,49,98,29,76,110,132" hai2="119,30,128,127,11,35,59,2,75,124,111,108,0" hai3="90,52,83,116,123,118,37,64,45,8,16,91,122"/><V66/><F119/><W13/><G64/><T34/><D34/><U19/><E110/><N who="2" m="42027" /><F75/><W95/><G90/><T60/><D114/><U73/><E132/><V126/><F128/><W86/><G95/><T20/><D3/><N who="2" m="1066" /><F11/><W96/><G96/><T48/><D5/><U94/><E29/><V77/><F77/><W89/><G89/><T67/><D72/><U71/><E71/><V99/><F99/><W69/><G69/><T12/><D74/><U10/><E76/><V107/><F107/><W105/><G105/><T112/><D12/><U129/><E73/><V80/><F80/><W117/><G37/><T92/><REACH who="0" step="1"/><D112/><REACH who="0" ten="319,198,243,230" step="2"/><U7/><E129/><V18/><F35/><W25/><G25/><T47/><AGARI ba="0,1" hai="20,21,40,44,47,48,50,53,56,60,67,92,97,100" machi="47" ten="20,8000,1" yaku="1,1,2,1,0,1,7,1,8,1,53,0" doraHai="78" doraHaiUra="68" who="0" fromWho="0" sc="319,90,198,-20,243,-40,230,-20" /><INIT seed="3,0,0,1,0,64" ten="409,178,203,210" oya="3" hai0="13,71,8,104,108,36,125,133,101,41,9,84,63" hai1="55,12,76,31,116,4,113,83,43,77,15,24,28" hai2="42,40,5,115,33,93,69,89,3,86,127,122,67" hai3="95,70,110,16,22,29,44,37,7,61,132,109,73"/><W45/><G73/><T82/><D108/><N who="3" m="41577" /><G37/><T19/><D125/><U26/><E113/><V74/><F115/><W126/><G126/><T118/><D118/><U35/><E116/><V11/><F127/><W87/><G29/><T129/><D129/><U94/><E43/><V79/><F33/><W39/><G7/><T111/><D111/><U27/><E94/><V38/><F122/><W91/><G39/><T78/><D133/><U30/><E35/><V59/><F59/><W51/><G51/><T85/><D41/><U17/><E4/><V62/><REACH who="2" step="1"/><F38/><REACH who="2" ten="409,178,193,210" step="2"/><W46/><G132/><T34/><D36/><U48/><E83/><AGARI ba="0,1" hai="3,5,11,40,42,62,67,69,74,79,83,86,89,93" machi="83" ten="40,5200,0" yaku="1,1,2,1,52,1,53,0" doraHai="64" doraHaiUra="135" who="2" fromWho="1" sc="409,0,178,-52,193,62,210,0" owari="409,50.0,126,-37.0,255,6.0,210,-19.0" /></mjloggm>