<mjloggm ver="2.3"><GO type="169" lobby="0"/><UN n0="%E9%BA%BB%E9%9B%80%E3%81%9F%E3%81%AE%E3%81%97" n1="%E6%9D%BE%E5%B1%8B%E3%81%8A%E3%81%98%E3%81%95%E3%82%93" n2="%E3%81%BD%E3%81%BF%E3%82%85" n3="%E3%81%BE%E3%81%93%E3%81%A8%E3%81%95%E3%82%93" dan="16,19,17,16" rate="2135.54,2265.55,2203.12,2133.19" sx="F,M,F,M"/><TAIKYOKU oya="0"/><INIT seed="0,0,0,0,2,40" ten="250,250,250,250" oya="0" hai0="39,11,89,28,4,44,93,72,127,37,59,6,32" hai1="110,68,129,38,25,121,36,116,66,54,88,95,132" hai2="1,31,0,33,70,75,26,51,85,56,109,112,12" hai3="10,120,49,55,97,83,34,86,5,45,73,65,58"/><T99/><D72/><U23/><E116/><V103/><F75/><W62/><G120/><T8/><D127/><U27/><E121/><V92/><F70/><W124/><G34/><T91/><D32/><U71/><E110/><V14/><F112/><W78/><G124/><T22/><D59/><U48/><E132/><V84/><F109/><W2/><G97/><T82/><D37/><U118/><E118/><V20/><F84/><W24/><G24/><T114/><D114/><U60/><E68/><V76/><F103/><W108/><G108/><T133/><D133/><U67/><E67/><V119/><F119/><W42/><REACH who="3" step="1"/><G73/><REACH who="3" ten="250,250,250,240" step="2"/><T100/><D99/><U77/><E27/><V17/><F33/><W64/><AGARI ba="0,1" hai="2,5,10,42,45,49,55,58,62,64,65,78,83,86" machi="64" ten="30,8000,1" yaku="1,1,2,1,0,1,52,1,53,1" doraHai="40" doraHaiUra="52" who="3" fromWho="3" sc="250,-40,250,-20,250,-20,240,90" /><INIT seed="1,0,0,3,5,42" ten="210,230,230,330" oya="1" hai0="31,65,125,8,15,96,112,127,120,104,58,107,130" hai1="124,14,89,115,9,53,77,123,83,133,54,128,22" hai2="114,134,55,25,87,135,119,61,102,6,19,62,44" hai3="34,12,17,67,11,100,129,72,98,56,97,75,40"/><U78/><E115/><V105/><F119/><W2/><G129/><T52/><D112/><U110/><E123/><V118/><F118/><W30/><G2/><T88/><D120/><U93/><E128/><V86/><F114/><W116/><G116/><T108/><D130/><U122/><E122/><V24/><F6/><W117/><G97/><T99/><D108/><U85/><E124/><N who="0" m="47689" /><D65/><U80/><E133/><N who="2" m="50699" /><F102/><W0/><G0/><T29/><D104/><U21/><E110/><V76/><F105/><W66/><G117/><T27/><D107/><U3/><E3/><V43/><F76/><W35/><G67/><T46/><D46/><U59/><E78/><V20/><F25/><W121/><G121/><T109/><D109/><U48/><E54/><V51/><F62/><W73/><G40/><T132/><D132/><U126/><E126/><V60/><F61/><W7/><G7/><N who="0" m="3487" /><D88/><U68/><E68/><V47/><F60/><W5/><G5/><T91/><D91/><U41/><E41/><V113/><F113/><W92/><G66/><T28/><D27/><U70/><E70/><V32/><F32/><W1/><G56/><T64/><D64/><U95/><E95/><V94/><F94/><W16/><G1/><T57/><D57/><U36/><E83/><V13/><F24/><N who="3" m="18759" /><G35/><T37/><D37/><AGARI ba="0,0" hai="13,19,20,37,43,44,47,51,55,86,87" m="50699" machi="37" ten="30,3900,0" yaku="20,1,52,2" doraHai="42" who="2" fromWho="0" sc="210,-39,230,0,230,39,330,0" /><INIT seed="2,0,0,2,3,130" ten="171,230,269,330" oya="2" hai0="116,84,32,33,114,36,53,67,29,82,21,102,93" hai1="106,61,35,80,132,15,134,123,25,12,63,7,70" hai2="6,22,71,66,75,45,47,24,126,90,8,96,34" hai3="9,128,42,30,131,13,3,50,10,107,37,103,118"/><V46/><F75/><W62/><G118/><T2/><D114/><U77/><E106/><V64/><F34/><W28/><G37/><T59/><D36/><U113/><E113/><V4/><F126/><W86/><G103/><T125/><D2/><U79/><E123/><V100/><F90/><W121/><G107/><T108/><D108/><U14/><E7/><V120/><F120/><W87/><G121/><T31/><D125/><U60/><E70/><V110/><F110/><W88/><G86/><T97/><D116/><U74/><REACH who="1" step="1"/><E79/><REACH who="1" ten="171,220,269,330" step="2"/><V20/><F71/><W19/><G128/><T95/><D33/><U129/><E129/><V44/><F4/><W23/><G131/><T5/><D32/><U117/><E117/><V105/><N who="2" m="11264" /><DORA hai="18" /><V69/><F69/><W1/><G42/><T65/><D5/><U135/><E135/><V133/><F133/><W109/><G109/><T68/><D68/><U89/><E89/><V39/><F39/><W111/><G111/><T94/><D102/><U99/><E99/><V112/><F112/><W54/><G1/><T124/><D97/><U55/><E55/><V26/><F6/><W51/><G3/><T41/><D124/><U38/><E38/><V104/><F104/><W49/><G88/><N who="0" m="51223" /><D41/><U76/><E76/><V0/><F0/><W119/><G119/><T27/><D31/><AGARI ba="0,1" hai="12,14,15,25,31,35,60,61,63,74,77,80,132,134" machi="31" ten="50,12000,2" yaku="1,1,52,2,53,3" doraHai="130,18" doraHaiUra="127,56" who="1" fromWho="0" sc="171,-120,220,130,269,0,330,0" /><INIT seed="3,0,0,5,5,98" ten="51,350,269,330" oya="3" hai0="24,0,106,1,130,95,132,16,76,62,128,90,123" hai1="68,10,102,112,118,7,22,9,91,45,122,60,134" hai2="99,124,44,17,115,28,11,88,125,67,55,18,114" hai3="73,21,92,41,65,39,72,74,63,31,133,113,135"/><W19/><G113/><T131/><D106/><U49/><E122/><V58/><F28/><W100/><G39/><T3/><D123/><U66/><E112/><V83/><F67/><W5/><G41/><T80/><D62/><U59/><E134/><N who="3" m="51210" /><G5/><T27/><D132/><U48/><E118/><V81/><F44/><W53/><G53/><T33/><D80/><U36/><E91/><V42/><F42/><W89/><G31/><N who="0" m="19687" /><D95/><U46/><E22/><V120/><F120/><W117/><G117/><T77/><D90/><U6/><E68/><V87/><F115/><W14/><G100/><T96/><D96/><U70/><E102/><V119/><F119/><W8/><G92/><T82/><D82/><U26/><E36/><V12/><F114/><W35/><G89/><T109/><D109/><U71/><E48/><V15/><F99/><W126/><G35/><T79/><D77/><U47/><E49/><V50/><REACH who="2" step="1"/><F83/><REACH who="2" ten="51,350,259,330" step="2"/><W93/><G65/><T121/><D121/><U30/><E47/><V34/><F34/><W32/><G32/><T127/><D127/><U64/><E59/><V104/><F104/><W78/><G126/><T84/><D128/><U129/><E129/><V43/><F43/><W101/><G74/><T57/><D131/><U38/><E38/><V51/><F51/><W29/><G73/><T108/><D130/><U105/><E105/><V37/><F37/><W94/><G72/><T56/><D84/><U111/><E30/><V13/><F13/><W61/><G29/><T107/><D107/><U25/><E60/><V110/><F110/><AGARI ba="0,1" hai="6,7,9,10,25,26,45,46,64,66,70,71,110,111" machi="110" ten="25,1600,0" yaku="22,2" doraHai="98" who="1" fromWho="2" sc="51,0,350,26,259,-16,330,0" /><INIT seed="4,0,0,2,5,22" ten="51,376,243,330" oya="0" hai0="70,90,73,86,43,109,23,9,24,29,30,13,104" hai1="38,46,85,12,99,2,110,120,92,55,111,98,56" hai2="115,5,67,127,21,47,71,106,34,134,59,133,112" hai3="18,11,101,44,78,118,16,100,58,132,37,10,131"/><T51/><D73/><U84/><E2/><V125/><F106/><W108/><G108/><T36/><D36/><U14/><E120/><V17/><F34/><W88/><G118/><T41/><D104/><U52/><E56/><V93/><F93/><W130/><G78/><T116/><D70/><U48/><E92/><V69/><F5/><W107/><G58/><T57/><D116/><U135/><E48/><V62/><F47/><W49/><G37/><T33/><D109/><U66/><E38/><V74/><F74/><W77/><G77/><T87/><D33/><U1/><E1/><V53/><F21/><W32/><G32/><T35/><D35/><U121/><E135/><N who="2" m="51723" /><F69/><W40/><G132/><T76/><D30/><U68/><E68/><V89/><F89/><W61/><G61/><T75/><D75/><U50/><E50/><N who="2" m="31159" /><F17/><N who="3" m="6763" /><G88/><T15/><D76/><U72/><E72/><V3/><F3/><W26/><G100/><T123/><D123/><U25/><E121/><V95/><F95/><W64/><G101/><T82/><D87/><U81/><E46/><V105/><F105/><W83/><G83/><T39/><D39/><U27/><E66/><V4/><F4/><W102/><G64/><T19/><REACH who="0" step="1"/><D15/><REACH who="0" ten="41,376,243,330" step="2"/><U103/><E110/><V45/><F45/><W60/><G44/><T42/><D42/><U114/><E111/><V28/><F28/><W79/><G40/><T0/><D0/><U54/><E14/><V20/><F20/><W91/><G79/><T129/><D129/><U94/><E12/><V63/><F63/><W65/><G130/><T122/><D122/><RYUUKYOKU ba="0,1" sc="41,15,376,-15,243,15,330,-15" hai0="9,13,19,23,24,29,41,43,51,57,82,86,90" hai2="62,67,71,112,115,125,127" /><INIT seed="4,1,1,4,4,24" ten="56,361,258,315" oya="0" hai0="100,127,45,89,48,87,132,29,76,59,23,73,20" hai1="84,71,79,134,16,46,133,28,83,78,82,108,43" hai2="31,135,49,27,36,129,66,119,74,90,34,77,4" hai3="0,88,7,98,114,21,35,19,99,117,75,93,10"/><T80/><D132/><N who="1" m="50795" /><E71/><V85/><F135/><W58/><G117/><T81/><D127/><U62/><E108/><V41/><F119/><W103/><G114/><T125/><D125/><U9/><E62/><V14/><F129/><W86/><G35/><T26/><D100/><U106/><E106/><V112/><F112/><W130/><G130/><T131/><D131/><U18/><E28/><V122/><F122/><W68/><G68/><T101/><D101/><U94/><E94/><V120/><F120/><W38/><G38/><T6/><D6/><U50/><E9/><V55/><F66/><W8/><G8/><T104/><D104/><U92/><E92/><V60/><F60/><W109/><G75/><AGARI ba="1,1" hai="16,18,43,46,50,75,78,79,82,83,84" m="50795" machi="75" ten="30,2000,0" yaku="20,1,54,1" doraHai="24" who="1" fromWho="3" sc="56,0,361,33,258,0,315,-23" /><INIT seed="5,0,0,2,5,0" ten="56,394,258,292" oya="1" hai0="46,54,42,84,73,39,6,5,11,33,129,63,89" hai1="52,2,22,98,102,26,8,87,111,31,101,4,37" hai2="119,104,50,120,121,95,12,1,107,7,20,103,38" hai3="27,99,72,49,126,108,35,75,30,88,45,32,36"/><U64/><E37/><V13/><F38/><W117/><G108/><T3/><D129/><U17/><E111/><V14/><F119/><W68/><G117/><T106/><D33/><U83/><E64/><V112/><F112/><W133/><G133/><T114/><D114/><U10/><E98/><V24/><F95/><W92/><G126/><T128/><D128/><U15/><REACH who="1" step="1"/><E52/><REACH who="1" ten="56,384,258,292" step="2"/><V79/><F50/><W58/><G36/><T123/><D123/><U77/><AGARI ba="0,1" hai="2,4,8,10,15,17,22,26,31,77,83,87,101,102" machi="77" ten="20,12000,1" yaku="1,1,2,1,0,1,7,1,52,1,53,0" doraHai="0" doraHaiUra="130" who="1" fromWho="1" sc="56,-40,384,130,258,-40,292,-40" /><INIT seed="5,1,0,4,1,113" ten="16,514,218,252" oya="1" hai0="15,20,17,71,131,101,91,55,93,31,45,18,33" hai1="100,116,21,6,23,36,7,69,39,12,133,128,88" hai2="126,53,135,103,81,117,80,107,47,84,123,120,27" hai3="72,58,127,66,51,19,112,0,4,90,41,3,29"/><U34/><E34/><V11/><F126/><W115/><G127/><T94/><D71/><U86/><E116/><V62/><F135/><W73/><G29/><T109/><D109/><U49/><E69/><V22/><F81/><W65/><G90/><T96/><D131/><U60/><E60/><V125/><F125/><W67/><G19/><T119/><D119/><U40/><E100/><V61/><F117/><W26/><G26/><T48/><D33/><U8/><E133/><V111/><F111/><W118/><G118/><T95/><D31/><U2/><E2/><N who="3" m="554" /><G4/><T59/><D45/><N who="1" m="25767" /><E39/><V16/><F103/><W83/><G83/><T89/><REACH who="0" step="1"/><D18/><REACH who="0" ten="6,514,218,252" step="2"/><N who="1" m="8455" /><E128/><V52/><F120/><W104/><G115/><T5/><D5/><N who="1" m="1547" /><E36/><V87/><F123/><W134/><G112/><T46/><D46/><U10/><E10/><V114/><F114/><W32/><G32/><T98/><D98/><U122/><E122/><V97/><F97/><W13/><G134/><T85/><D85/><U14/><E14/><V57/><F84/><W24/><G13/><T9/><D9/><U37/><E37/><V129/><F129/><W121/><G121/><T124/><D124/><U42/><E42/><V76/><F11/><W70/><G41/><T68/><D68/><U79/><E79/><V50/><F107/><AGARI ba="1,1" hai="15,17,20,48,55,59,89,91,93,94,95,96,101,107" machi="107" ten="40,1300,0" yaku="1,1,53,0" doraHai="113" doraHaiUra="1" who="0" fromWho="2" sc="6,26,514,0,218,-16,252,0" /><INIT seed="6,0,0,4,4,111" ten="32,514,202,252" oya="2" hai0="47,98,44,114,12,49,3,38,22,84,53,77,109" hai1="129,63,131,90,9,125,56,18,5,107,128,112,60" hai2="72,75,58,4,132,135,30,95,65,121,94,54,119" hai3="50,104,123,14,33,106,59,70,74,73,116,61,13"/><V81/><F119/><W11/><G116/><T118/><D3/><U43/><E112/><V46/><F121/><W42/><G123/><T15/><D118/><U110/><E110/><V71/><F71/><W82/><G33/><T55/><D109/><U36/><E125/><V51/><F30/><W1/><G1/><T79/><D38/><U92/><E107/><V91/><F4/><W89/><G70/><T102/><D102/><U126/><E126/><V120/><F120/><W69/><G14/><T115/><D84/><U78/><E78/><V52/><F65/><W130/><G130/><T27/><D98/><U124/><E124/><V32/><F32/><W0/><G0/><T127/><D127/><U6/><E60/><V83/><F91/><W23/><G23/><T99/><D99/><N who="1" m="57751" /><E43/><V25/><F25/><W64/><G73/><T86/><D86/><U37/><E18/><V48/><REACH who="2" step="1"/><F58/><REACH who="2" ten="32,514,192,252" step="2"/><N who="3" m="36919" /><G89/><T31/><D79/><U93/><E6/><V80/><F80/><W26/><G59/><T108/><D77/><U105/><E56/><V62/><F62/><W45/><G82/><T68/><D68/><U66/><E63/><V39/><F39/><W17/><G26/><T21/><D108/><U2/><E66/><V122/><F122/><W87/><G69/><T57/><D57/><U103/><E37/><V20/><F20/><W117/><G117/><T100/><D100/><U28/><E36/><V19/><F19/><W97/><G17/><N who="0" m="10407" /><D15/><U10/><E28/><V35/><F35/><W96/><G13/><T101/><D101/><U34/><E34/><V29/><F29/><RYUUKYOKU ba="0,1" sc="32,15,514,-15,192,15,252,-15" hai0="22,27,31,44,47,49,53,55,114,115" hai2="46,48,51,52,54,72,75,81,83,94,95,132,135" /><INIT seed="6,1,1,3,1,32" ten="47,499,207,237" oya="2" hai0="75,42,8,13,93,70,86,89,112,76,68,119,92" hai1="90,135,59,130,44,121,106,3,33,6,125,40,18" hai2="129,102,67,60,47,66,132,17,131,118,128,108,5" hai3="123,81,87,100,4,45,49,27,57,58,82,1,124"/><V64/><F102/><W85/><G123/><T104/><D104/><U95/><E33/><V127/><F5/><W63/><G124/><T20/><D112/><U61/><E106/><V15/><F127/><W74/><G74/><T11/><D119/><U23/><E125/><V94/><F118/><W34/><G100/><T22/><D75/><U38/><E135/><V2/><F132/><W24/><G4/><T7/><D76/><U48/><E3/><V111/><F60/><W9/><G9/><T28/><D42/><U29/><E29/><V37/><F94/><W25/><G1/><T84/><D28/><U80/><E80/><N who="3" m="30826" /><G34/><T31/><D31/><U14/><E130/><V77/><F77/><W55/><G58/><T115/><D115/><U36/><E6/><V103/><F103/><W12/><G12/><T43/><D7/><U54/><E121/><V72/><F72/><W107/><G107/><T97/><D43/><AGARI ba="1,1" hai="24,25,27,43,45,49,55,57,63,85,87" m="30826" machi="43" ten="30,1000,0" yaku="8,1" doraHai="32" who="3" fromWho="0" sc="47,-13,499,0,207,0,237,23" /><INIT seed="7,0,0,4,1,54" ten="34,499,207,260" oya="3" hai0="128,91,130,85,30,135,3,57,66,72,50,1,74" hai1="62,123,7,119,68,103,63,100,75,46,44,64,20" hai2="2,10,36,32,108,120,35,92,87,98,126,27,79" hai3="11,23,73,95,77,5,69,93,33,47,70,40,90"/><W49/><G33/><T101/><D101/><U89/><E75/><V115/><F108/><W26/><G73/><T18/><D30/><U81/><E123/><V14/><F36/><W125/><G125/><T76/><D18/><U0/><E0/><V22/><F2/><W21/><G77/><T83/><D66/><U31/><E7/><V99/><F126/><W51/><G95/><T107/><D50/><U122/><E122/><V134/><F120/><W6/><G6/><T110/><D3/><U132/><E132/><V129/><F115/><W105/><G105/><T37/><D1/><U127/><E127/><V55/><F129/><W104/><G104/><T24/><D24/><N who="1" m="16775" /><E68/><V117/><F134/><W112/><G51/><T86/><D37/><U15/><E15/><V114/><F117/><W124/><G112/><T53/><D135/><U80/><E119/><V121/><F114/><W16/><G23/><T102/><D53/><U52/><E64/><V42/><F121/><W97/><REACH who="3" step="1"/><G124/><REACH who="3" ten="34,499,207,250" step="2"/><T19/><D110/><U131/><E131/><N who="0" m="50217" /><D57/><U106/><E106/><V48/><F35/><W58/><G58/><T65/><D65/><U116/><E116/><V13/><F32/><W56/><G56/><T111/><D111/><U67/><E67/><V45/><F48/><W9/><G9/><T109/><D109/><U118/><E118/><V34/><F10/><W12/><AGARI ba="0,1" hai="5,11,12,16,21,26,40,47,49,69,70,90,93,97" machi="12" ten="20,12000,1" yaku="1,1,0,1,7,1,54,1,53,1" doraHai="54" doraHaiUra="84" who="3" fromWho="3" sc="34,-40,499,-40,207,-40,250,130" owari="-6,-51.0,459,56.0,167,-23.0,380,18.0" /></mjloggm>