<mjloggm ver="2.3"><GO type="169" lobby="0"/><UN n0="%E5%BD%97%E6%98%9F%E5%85%A5%E3%83%92%E3%82%B3" n1="%E3%81%8A%E3%81%8D%E3%81%9F%E3%81%8B%E3%81%B2%E3%82%8D" n2="%E3%81%AF%E3%81%98%E3%82%81%E3%81%A3%E3%81%A1" n3="%69%6E%61%7A%6F" dan="16,16,17,16" rate="2127.88,2058.71,2209.62,2143.29" sx="M,F,F,M"/><TAIKYOKU oya="0"/><INIT seed="0,0,0,3,4,76" ten="250,250,250,250" oya="0" hai0="9,106,20,63,15,41,53,24,68,127,115,45,32" hai1="49,2,58,123,117,114,87,23,42,36,51,94,16" hai2="4,5,125,119,105,40,98,128,27,0,84,38,129" hai3="67,65,133,107,75,113,82,80,111,62,26,78,77"/><T54/><D115/><U135/><E117/><V86/><F119/><W3/><G3/><T25/><D25/><U118/><E123/><V52/><F125/><W10/><G113/><T72/><D106/><U93/><E118/><V83/><F86/><W122/><G107/><T121/><D121/><U29/><E2/><V7/><F27/><W89/><G122/><T99/><D72/><U73/><E73/><V18/><F18/><W6/><G133/><T66/><D127/><U21/><E29/><V104/><F0/><W95/><G111/><T71/><D71/><U28/><E28/><V47/><F52/><W46/><G46/><T37/><D32/><U116/><E23/><V108/><F108/><W50/><G50/><T11/><D99/><U1/><E1/><V56/><F56/><N who="3" m="37063" /><G67/><T134/><D134/><U132/><E36/><V69/><F69/><W43/><G43/><T91/><D91/><U17/><E114/><V74/><F74/><W12/><G26/><T70/><D70/><U120/><E120/><V102/><REACH who="2" step="1"/><F105/><REACH who="2" ten="250,250,240,250" step="2"/><W13/><G75/><T57/><D15/><U81/><E116/><V100/><F100/><W79/><G13/><T30/><REACH who="0" step="1"/><D53/><REACH who="0" ten="240,250,240,250" step="2"/><N who="1" m="32063" /><E132/><V35/><F35/><W97/><AGARI ba="0,2" hai="6,10,12,77,78,79,80,82,89,95,97" m="37063" machi="97" ten="30,4000,0" yaku="8,1,52,2" doraHai="76" who="3" fromWho="3" sc="240,-20,250,-10,240,-10,250,60" /><INIT seed="1,0,0,3,5,115" ten="220,240,230,310" oya="1" hai0="72,73,95,86,67,60,99,2,53,135,54,34,126" hai1="87,81,24,108,8,88,32,68,18,91,50,70,21" hai2="117,19,113,41,128,52,82,1,134,27,107,62,92" hai3="102,0,71,96,51,43,85,42,37,29,31,66,57"/><U47/><E32/><V69/><F107/><W125/><G0/><T26/><D2/><U15/><E91/><V17/><F113/><W20/><G125/><T110/><D126/><U10/><E10/><V16/><F128/><W76/><G37/><T130/><D130/><U35/><E35/><V120/><F120/><W39/><G39/><T12/><D110/><U127/><E108/><V11/><F134/><W112/><G71/><T64/><D135/><U59/><E59/><V4/><F41/><W9/><G9/><T79/><D12/><U56/><E56/><V6/><F6/><W122/><G122/><T104/><D67/><U133/><E133/><V63/><F117/><W101/><G31/><T121/><D121/><U74/><E74/><V3/><F3/><W103/><G96/><T100/><D95/><U90/><E90/><V61/><F92/><W114/><G114/><T94/><D94/><U40/><REACH who="1" step="1"/><E127/><REACH who="1" ten="220,230,230,310" step="2"/><V25/><F69/><W38/><G57/><T49/><D73/><U89/><E89/><V58/><REACH who="2" step="1"/><F82/><REACH who="2" ten="220,230,220,310" step="2"/><W98/><G112/><T97/><D97/><U7/><AGARI ba="0,2" hai="7,8,15,18,21,24,40,47,50,68,70,81,87,88" machi="7" ten="20,12000,1" yaku="1,1,0,1,7,1,54,1,53,1" doraHai="115" doraHaiUra="44" who="1" fromWho="1" sc="220,-40,230,140,220,-40,310,-40" /><INIT seed="1,1,0,1,0,55" ten="180,370,180,270" oya="1" hai0="59,113,47,25,133,102,101,123,15,82,118,3,38" hai1="115,48,32,92,90,46,89,86,125,94,106,57,18" hai2="62,99,53,49,97,54,135,9,100,27,16,80,35" hai3="72,60,93,65,105,78,95,21,71,0,5,22,23"/><U132/><E115/><V84/><F135/><W8/><REACH who="3" step="1"/><G105/><REACH who="3" ten="180,370,180,260" step="2"/><T121/><D113/><U30/><E106/><V77/><F100/><W50/><G50/><T69/><D102/><U28/><E48/><V11/><F62/><W116/><G116/><T91/><D101/><U74/><E125/><V14/><F53/><W85/><G85/><T10/><D118/><U66/><E86/><V33/><F97/><W68/><G68/><T104/><D69/><U117/><E66/><V119/><F99/><W63/><G63/><T29/><D104/><U67/><E117/><V112/><F119/><W83/><AGARI ba="1,1" hai="0,5,8,21,22,23,60,65,71,72,78,83,93,95" machi="83" ten="30,4000,0" yaku="21,2,0,1,53,0" doraHai="55" doraHaiUra="126" who="3" fromWho="3" sc="180,-11,370,-21,180,-11,260,53" /><INIT seed="2,0,0,4,0,102" ten="169,349,169,313" oya="2" hai0="104,60,131,120,80,125,20,19,30,91,46,85,5" hai1="49,31,8,115,82,109,71,110,38,1,90,39,98" hai2="95,92,26,89,119,77,36,17,62,47,29,21,67" hai3="33,72,18,48,16,55,127,86,9,99,7,106,69"/><V50/><F119/><W116/><G72/><T56/><D120/><U132/><E115/><V126/><F126/><W12/><G69/><T129/><D5/><U66/><E132/><V101/><F36/><W100/><G33/><T105/><D30/><U45/><E31/><V35/><F77/><W134/><G127/><T103/><D46/><U22/><E66/><V76/><F76/><W57/><G134/><T63/><D125/><U84/><E22/><V111/><F111/><W42/><G116/><T83/><D103/><U121/><E71/><V3/><F3/><W51/><REACH who="3" step="1"/><G86/><REACH who="3" ten="169,349,169,303" step="2"/><T96/><D96/><U37/><E121/><V24/><F101/><W108/><G108/><T61/><D56/><U88/><E98/><V122/><F122/><W93/><G93/><T52/><D83/><U113/><E82/><V43/><REACH who="2" step="1"/><F89/><REACH who="2" ten="169,349,159,303" step="2"/><W68/><G68/><AGARI ba="0,2" hai="17,21,24,26,29,35,43,47,50,62,67,68,92,95" machi="68" ten="30,11600,0" yaku="1,1,2,1,7,1,53,1" doraHai="102" doraHaiUra="40" who="2" fromWho="3" sc="169,0,349,0,159,136,303,-116" /><INIT seed="2,1,0,0,1,67" ten="169,349,295,187" oya="2" hai0="70,66,100,49,115,119,112,74,75,110,113,2,117" hai1="30,73,6,77,87,14,98,116,124,123,50,16,118" hai2="39,83,93,102,88,57,131,1,69,33,101,36,41" hai3="96,54,111,78,35,126,37,133,72,56,135,43,44"/><V46/><F131/><W79/><G35/><T55/><D2/><U58/><E73/><V23/><F33/><W38/><G111/><T81/><D100/><U125/><E6/><V3/><F39/><W45/><G72/><T130/><D130/><U15/><E30/><V21/><F1/><W109/><G109/><T89/><D110/><U107/><E14/><V127/><F127/><N who="1" m="48713" /><E107/><V11/><F69/><W34/><G34/><T25/><D25/><U62/><E50/><V18/><F83/><W61/><G96/><T114/><N who="0" m="28672" /><DORA hai="76" /><T104/><D104/><U65/><E98/><V99/><F23/><W63/><G126/><T29/><D29/><U105/><E105/><V53/><F11/><W27/><G27/><T0/><D0/><U26/><E26/><V122/><F122/><W51/><G78/><T90/><D75/><U42/><E42/><V59/><F59/><W20/><G79/><N who="0" m="44279" /><D66/><U8/><E123/><V17/><F3/><W9/><G9/><T60/><D60/><N who="3" m="23113" /><G20/><T120/><D120/><U85/><E77/><V32/><F32/><W82/><G43/><T132/><D132/><N who="3" m="50761" /><G82/><T48/><D70/><U10/><E10/><V4/><F4/><W12/><G12/><T28/><D28/><U129/><E129/><V31/><F31/><W80/><G80/><T13/><D13/><U52/><E65/><V22/><F22/><W64/><G64/><T134/><D134/><U40/><E40/><V92/><F21/><W128/><G128/><T24/><D24/><U84/><AGARI ba="1,0" hai="8,15,16,52,58,62,84,85,87,116,118" m="48713" machi="84" ten="30,4000,0" yaku="18,1,54,2" doraHai="67,76" who="1" fromWho="1" sc="169,-11,349,43,295,-21,187,-11" /><INIT seed="3,0,0,0,3,85" ten="158,392,274,176" oya="3" hai0="88,41,78,38,118,119,97,54,82,27,116,12,49" hai1="5,101,128,91,127,57,25,21,23,43,75,48,50" hai2="22,96,32,117,113,17,31,68,66,94,83,71,69" hai3="63,132,59,111,115,104,3,93,0,39,74,45,73"/><W67/><G115/><T134/><D134/><U55/><E75/><V90/><F113/><W6/><G104/><T102/><D27/><U62/><E127/><V44/><F117/><W81/><G132/><T124/><D124/><U100/><E5/><V112/><F112/><W72/><G111/><T4/><D38/><U80/><E23/><V7/><F7/><W53/><G93/><T18/><D41/><U129/><E43/><V42/><F31/><W15/><G39/><T58/><D4/><U9/><E9/><V56/><F32/><W35/><G35/><T103/><D78/><U13/><E13/><V14/><F83/><W95/><G81/><T16/><D18/><N who="1" m="12471" /><E50/><V2/><F2/><W11/><G45/><T110/><D110/><U76/><E48/><V99/><F56/><W47/><G47/><T114/><D114/><U98/><E76/><V123/><F123/><W61/><REACH who="3" step="1"/><G95/><REACH who="3" ten="158,392,274,166" step="2"/><T125/><D125/><U64/><E80/><V109/><F109/><W37/><G37/><T33/><D33/><U133/><E133/><V51/><F94/><W92/><G92/><T105/><D103/><U79/><E101/><V135/><F135/><W108/><G108/><T106/><D106/><U126/><E100/><V60/><F99/><W131/><G131/><T87/><REACH who="0" step="1"/><D118/><REACH who="0" ten="148,392,274,166" step="2"/><U65/><E126/><V121/><F121/><W89/><G89/><T122/><D122/><U84/><E91/><V10/><F90/><W19/><G19/><T86/><D86/><U40/><E84/><V77/><F96/><W107/><G107/><T70/><D70/><AGARI ba="0,2" hai="0,3,6,11,15,53,59,61,63,67,70,72,73,74" machi="70" ten="40,2000,0" yaku="1,1,53,0" doraHai="85" doraHaiUra="28" who="3" fromWho="0" sc="148,-20,392,0,274,0,166,40" /><INIT seed="3,1,0,2,2,129" ten="128,392,274,206" oya="3" hai0="18,107,95,45,44,28,64,35,97,74,121,15,17" hai1="126,60,127,117,66,82,31,73,53,42,78,20,25" hai2="110,80,94,116,0,99,2,104,101,59,13,19,54" hai3="26,50,92,113,123,65,87,98,111,131,21,22,8"/><W38/><G113/><T108/><D121/><U47/><E53/><V63/><F110/><W29/><G38/><T68/><D74/><U5/><E5/><V77/><F116/><W51/><G131/><T70/><D108/><U112/><E112/><V48/><F63/><W135/><G123/><T43/><D107/><U40/><E40/><V4/><F4/><W32/><G111/><T10/><D18/><U105/><E105/><V114/><F114/><W106/><G106/><T96/><D64/><U49/><REACH who="1" step="1"/><E117/><REACH who="1" ten="128,382,274,206" step="2"/><V100/><F104/><W69/><G65/><T7/><D7/><U67/><E67/><V118/><F118/><W62/><G69/><AGARI ba="1,1" hai="20,25,31,42,47,49,60,66,69,73,78,82,126,127" machi="69" ten="40,1300,0" yaku="1,1,53,0" doraHai="129" doraHaiUra="52" who="1" fromWho="3" sc="128,0,382,26,274,0,206,-16" /><INIT seed="4,0,0,3,4,59" ten="128,408,274,190" oya="0" hai0="41,51,111,31,32,57,36,102,46,50,17,118,131" hai1="108,109,24,92,95,104,82,66,129,71,69,119,40" hai2="85,49,103,116,76,78,23,94,53,48,2,33,0" hai3="93,63,125,10,56,25,99,37,15,19,44,22,11"/><T97/><D118/><U98/><E119/><V18/><F33/><W83/><G125/><T20/><D111/><U58/><E40/><V42/><F2/><W65/><G83/><T12/><D131/><U133/><E104/><V72/><F72/><W81/><G81/><T96/><D96/><U30/><E82/><V43/><F0/><W127/><G127/><T68/><D68/><U52/><E66/><V27/><F116/><W38/><G11/><T4/><D4/><U39/><E39/><V124/><F124/><W128/><G128/><T88/><D88/><U134/><E95/><V79/><F49/><W13/><G13/><T21/><D32/><N who="1" m="20551" /><E69/><V26/><F26/><W84/><G84/><T67/><D31/><U73/><E73/><V34/><F34/><W28/><REACH who="3" step="1"/><G44/><REACH who="3" ten="128,408,274,180" step="2"/><T29/><D29/><U74/><E129/><V3/><F3/><W105/><G105/><T126/><D126/><U16/><E74/><V5/><F5/><W80/><G80/><T112/><D112/><U77/><E98/><N who="2" m="59863" /><F85/><W107/><G107/><T89/><D89/><AGARI ba="0,1" hai="10,15,19,22,25,28,37,38,56,63,65,89,93,99" machi="89" ten="30,3900,0" yaku="1,1,7,1,52,1,53,0" doraHai="59" doraHaiUra="1" who="3" fromWho="0" sc="128,-39,408,0,274,0,180,49" /><INIT seed="5,0,0,4,1,106" ten="89,408,274,229" oya="1" hai0="81,99,57,131,132,69,128,56,122,117,80,6,114" hai1="30,97,95,65,52,58,73,124,135,40,67,113,125" hai2="4,115,41,78,13,126,116,77,127,85,64,11,25" hai3="91,5,48,50,72,94,100,22,112,75,19,79,118"/><U18/><E113/><V47/><F116/><W45/><G112/><T24/><D114/><U3/><E3/><V66/><F25/><W101/><G50/><T38/><D69/><U90/><E40/><V59/><F115/><W74/><G79/><T37/><D24/><U21/><E73/><V27/><F27/><W12/><G5/><T83/><D99/><U10/><E10/><V98/><F98/><W110/><G110/><T119/><D6/><U60/><E30/><V123/><F123/><W9/><G9/><T121/><REACH who="0" step="1"/><D83/><REACH who="0" ten="79,408,274,229" step="2"/><U36/><E135/><AGARI ba="0,1" hai="37,38,56,57,80,81,117,119,121,122,128,131,132,135" machi="135" ten="25,6400,0" yaku="1,1,2,1,22,2,53,0" doraHai="106" doraHaiUra="62" who="0" fromWho="1" sc="79,74,408,-64,274,0,229,0" /><INIT seed="6,0,0,2,1,131" ten="153,344,274,229" oya="2" hai0="108,19,53,52,109,40,79,10,85,97,42,74,31" hai1="70,90,130,50,35,32,33,4,84,99,34,54,37" hai2="102,88,100,56,122,73,5,67,103,48,123,69,49" hai3="87,18,45,15,60,98,0,112,64,133,117,59,61"/><V29/><F73/><W26/><G117/><T119/><D74/><U94/><E70/><V134/><F69/><W124/><G0/><T23/><D119/><U132/><E37/><V62/><F29/><W6/><G6/><T129/><D129/><U57/><E35/><V13/><F134/><W96/><G133/><T20/><D97/><U38/><E132/><V30/><F30/><W75/><G75/><T111/><D31/><U121/><E38/><V95/><F122/><W21/><G124/><T12/><D79/><U68/><E68/><V51/><F123/><W63/><G112/><T110/><N who="0" m="27648" /><DORA hai="28" /><T9/><D85/><U16/><E4/><V101/><N who="2" m="25600" /><DORA hai="115" /><V107/><F107/><W89/><G45/><T39/><D39/><U105/><E121/><V118/><F118/><W83/><G61/><T1/><D23/><U114/><E105/><V2/><F2/><W24/><G63/><T25/><D1/><U3/><E3/><V128/><F128/><W41/><G41/><T22/><D22/><U36/><E36/><V86/><F5/><W126/><REACH who="3" step="1"/><G126/><REACH who="3" ten="153,344,274,219" step="2"/><T11/><REACH who="0" step="1"/><D25/><AGARI ba="0,1" hai="15,18,21,24,25,26,59,60,64,83,87,89,96,98" machi="25" ten="40,8000,1" yaku="1,1,2,1,8,1,53,1" doraHai="131,28,115" doraHaiUra="78,104,135" who="3" fromWho="0" sc="153,-80,344,0,274,0,219,90" /><INIT seed="7,0,0,3,4,81" ten="73,344,274,309" oya="3" hai0="110,103,95,99,135,100,33,72,118,132,109,18,79" hai1="127,83,54,55,93,26,25,74,105,57,90,65,78" hai2="37,8,9,44,134,58,94,0,32,115,98,48,16" hai3="10,41,53,102,39,89,15,121,117,22,70,80,129"/><W51/><G117/><T84/><D18/><U108/><E105/><V20/><F115/><W45/><G121/><T71/><D71/><U96/><E108/><V12/><F134/><W30/><G129/><T42/><D42/><U116/><E127/><V23/><F37/><W7/><G70/><T119/><D33/><U85/><E116/><V91/><F32/><W46/><G102/><T87/><D79/><U5/><E5/><V59/><F0/><W61/><G61/><T82/><D82/><U113/><E113/><V14/><F59/><W4/><G30/><T114/><D114/><U130/><E130/><V88/><F58/><W31/><G22/><T47/><D47/><U73/><E73/><V19/><F91/><W29/><G7/><T6/><D6/><U124/><E74/><V131/><F131/><W2/><G2/><T64/><D64/><U43/><E43/><AGARI ba="0,0" hai="8,9,12,14,16,19,20,23,43,44,48,88,94,98" machi="43" ten="30,8000,1" yaku="7,1,9,1,8,1,54,2" doraHai="81" who="2" fromWho="1" sc="73,0,344,-80,274,80,309,0" owari="73,-43.0,264,-14.0,354,46.0,309,11.0" /></mjloggm>