<mjloggm ver="2.3"><GO type="169" lobby="0"/><UN n0="%E4%BD%8E%E3%82%81%E3%82%B9%E3%83%A9%E3%82%A4%E3%83%80%E3%83%BC" n1="%52%59%4F%40%53%53" n2="%E3%81%94%E3%81%AB%E3%82%87" n3="%E3%81%8B%E3%81%A5%E3%81%8D%EF%BC%B8%EF%BC%A9" dan="16,18,17,17" rate="2130.90,2206.84,2188.14,2126.33" sx="F,M,M,M"/><TAIKYOKU oya="0"/><INIT seed="0,0,0,2,4,127" ten="250,250,250,250" oya="0" hai0="73,30,130,5,57,40,64,129,109,119,50,27,89" hai1="122,116,8,15,51,52,0,94,99,132,78,42,101" hai2="74,46,97,131,48,134,68,14,38,124,135,54,17" hai3="133,75,36,93,92,100,95,107,85,106,65,19,105"/><T102/><D119/><U117/><E132/><V126/><F74/><W67/><G36/><T39/><D39/><U66/><E122/><V11/><F68/><W26/><G75/><T70/><D70/><U88/><E0/><V31/><F31/><W9/><G133/><N who="2" m="50697" /><F38/><W108/><G108/><T29/><D73/><U43/><E78/><V69/><F69/><W118/><G118/><T115/><D115/><U81/><E66/><V34/><F34/><W84/><G100/><T62/><D109/><U33/><E33/><V61/><F61/><W10/><G26/><T103/><D5/><U71/><E71/><V120/><F120/><W23/><G23/><N who="0" m="15615" /><D89/><U125/><E125/><N who="2" m="48235" /><F97/><W49/><G49/><T12/><D30/><U2/><E2/><V60/><F60/><W1/><G1/><T86/><D86/><N who="3" m="33385" /><G19/><T76/><D76/><U47/><E117/><V90/><F90/><W13/><G13/><T3/><D12/><U32/><E32/><V114/><F114/><W18/><G18/><T7/><D7/><N who="1" m="3487" /><E116/><V83/><F83/><W113/><G113/><T121/><D3/><U25/><E25/><V59/><F59/><W79/><G79/><T6/><D6/><U28/><E28/><V44/><F44/><W104/><N who="3" m="26624" /><DORA hai="35" /><W98/><G98/><T55/><D121/><U72/><E72/><V41/><F41/><N who="1" m="15369" /><E81/><V123/><F123/><W53/><G53/><T63/><D40/><U128/><E88/><V111/><F111/><W20/><G20/><T37/><D37/><U96/><E96/><V16/><F17/><W80/><G80/><T56/><D63/><RYUUKYOKU ba="0,0" sc="250,0,250,0,250,0,250,0" hai0="50,55,56,57,62,64,102,103,129,130" hai1="47,51,52,94,99,101,128" hai2="11,14,16,46,48,54,131" hai3="9,10,65,67,92,93,95" /><INIT seed="0,1,0,0,5,82" ten="250,250,250,250" oya="0" hai0="27,100,38,55,80,8,89,34,121,32,2,69,88" hai1="46,104,65,109,102,127,68,91,124,54,45,71,41" hai2="118,29,15,101,6,36,95,13,11,56,49,20,0" hai3="61,111,120,14,123,94,28,60,112,35,57,77,85"/><T17/><D121/><N who="3" m="46665" /><G111/><T23/><D69/><N who="1" m="26699" /><E91/><V67/><F118/><W12/><G112/><T21/><D38/><N who="1" m="21687" /><E102/><V33/><F36/><W40/><G40/><T117/><D117/><U81/><E81/><V115/><F115/><W106/><G106/><T98/><D55/><U83/><E83/><V19/><F15/><N who="3" m="5675" /><G57/><T74/><D23/><U30/><E30/><V133/><F49/><W59/><G59/><T132/><D34/><U129/><E104/><V97/><F56/><W130/><G130/><T103/><D103/><U31/><E31/><V126/><F67/><W44/><G44/><T52/><D32/><U48/><E109/><V1/><F1/><W58/><G58/><T3/><D3/><U63/><E129/><V135/><REACH who="2" step="1"/><F126/><REACH who="2" ten="250,250,240,250" step="2"/><W78/><G78/><T99/><D2/><U43/><E65/><V51/><F51/><W10/><G77/><T53/><D53/><U16/><E54/><V42/><F42/><W26/><G10/><T114/><D8/><U39/><E39/><V9/><F9/><W105/><G105/><T5/><D114/><U47/><E47/><V90/><F90/><AGARI ba="1,1" hai="26,28,35,60,61,85,90,94" m="5675,46665" machi="90" ten="30,2000,0" yaku="13,1,52,1" doraHai="82" who="3" fromWho="2" sc="250,0,250,0,240,-23,250,33" /><INIT seed="1,0,0,3,1,129" ten="250,250,217,283" oya="1" hai0="88,89,105,63,93,130,91,51,41,43,118,135,71" hai1="27,114,26,36,56,108,121,94,46,29,25,102,75" hai2="64,52,35,119,134,22,50,98,78,21,113,10,40" hai3="61,81,59,13,83,68,9,49,80,45,12,109,31"/><U74/><E114/><V124/><F119/><W122/><G68/><T60/><D105/><U128/><E121/><V58/><F113/><W79/><G109/><T96/><D130/><U39/><E128/><V38/><F35/><W72/><G31/><T6/><D118/><U23/><E108/><V53/><F124/><W20/><G20/><T97/><D6/><U0/><E0/><V28/><F64/><W120/><G120/><T99/><D71/><U125/><E125/><V3/><F53/><W18/><G12/><T30/><D30/><U42/><E39/><V123/><F123/><W70/><G70/><T37/><D37/><U44/><E44/><V55/><F55/><W107/><G107/><T106/><D106/><U103/><E103/><V77/><F98/><W92/><G92/><T17/><D17/><U133/><E56/><V33/><F33/><W73/><G73/><T111/><D93/><U76/><E76/><V115/><F115/><W5/><G18/><T48/><D111/><U24/><REACH who="1" step="1"/><E133/><REACH who="1" ten="250,240,217,283" step="2"/><V100/><F58/><W116/><G116/><T82/><D135/><U112/><E112/><V84/><F78/><W69/><G69/><T32/><D32/><U67/><E67/><V1/><F77/><W65/><G122/><T132/><D132/><U62/><E62/><N who="0" m="23593" /><D82/><U14/><E14/><V57/><F134/><W7/><G5/><T54/><D51/><U66/><E66/><V86/><F38/><W126/><G126/><T87/><D87/><N who="2" m="33322" /><F50/><W4/><G4/><T131/><D131/><U34/><E34/><V101/><F1/><W127/><G127/><RYUUKYOKU ba="0,1" sc="250,10,240,10,217,-30,283,10" hai0="41,43,48,54,88,89,91,96,97,99" hai1="23,24,25,26,27,29,36,42,46,74,75,94,102" hai3="7,9,13,45,49,59,61,65,72,79,80,81,83" /><INIT seed="1,1,1,1,5,82" ten="260,250,187,293" oya="1" hai0="35,53,91,2,125,1,73,30,32,89,85,123,41" hai1="66,26,92,38,5,131,43,57,61,116,127,79,45" hai2="78,86,28,18,128,6,63,84,122,4,121,24,67" hai3="29,40,93,95,48,62,11,106,50,124,81,14,113"/><U111/><E116/><V100/><F128/><W126/><G106/><T118/><D118/><U102/><E131/><V97/><F18/><W119/><G113/><T44/><D73/><U104/><E127/><N who="3" m="48682" /><G29/><T98/><D125/><U23/><E111/><V103/><F4/><W27/><G27/><T68/><D68/><U49/><E79/><V133/><F6/><W7/><G62/><T70/><D70/><U55/><E5/><V69/><F133/><W74/><G119/><T112/><D53/><U75/><E75/><V107/><F103/><W15/><G15/><T90/><D112/><U13/><E13/><V99/><F99/><W65/><G65/><T17/><D98/><N who="1" m="59719" /><E104/><V16/><F16/><N who="3" m="8287" /><G40/><T39/><D2/><U101/><E101/><V37/><F121/><W0/><G7/><T88/><D1/><U52/><E38/><V9/><F122/><W114/><G0/><T120/><D120/><U22/><E22/><V42/><F9/><W58/><G114/><T3/><D3/><U60/><E61/><V134/><F134/><W33/><G33/><T47/><D123/><U71/><E71/><V56/><F69/><W8/><G8/><T105/><D105/><U130/><E130/><V46/><REACH who="2" step="1"/><F78/><REACH who="2" ten="260,250,177,293" step="2"/><N who="3" m="44247" /><G58/><T21/><D30/><AGARI ba="1,2" hai="23,26,30,43,45,49,52,55,57,60,66" m="59719" machi="30" ten="30,5800,0" yaku="25,1,8,1,54,1" doraHai="82" who="1" fromWho="0" sc="260,-61,250,81,177,0,293,0" /><INIT seed="1,2,0,3,3,48" ten="199,331,177,293" oya="1" hai0="53,109,36,77,106,75,49,116,39,83,30,133,110" hai1="100,69,7,59,42,51,85,76,19,123,90,47,93" hai2="114,15,79,102,35,56,95,37,130,89,3,31,78" hai3="125,67,64,134,73,14,20,84,92,4,24,94,71"/><U61/><E123/><V103/><F3/><W16/><G73/><T11/><D116/><U126/><E126/><V97/><F114/><W96/><G96/><T9/><D133/><U108/><E69/><V82/><F130/><W113/><G113/><T70/><D70/><U127/><E127/><V40/><F78/><W80/><G134/><T117/><D106/><U10/><E108/><N who="0" m="41577" /><D30/><U115/><E115/><V27/><F37/><N who="0" m="14410" /><D117/><U50/><E50/><V124/><F40/><W23/><G71/><T13/><D13/><U99/><E19/><V121/><F121/><W57/><G125/><T25/><D25/><U122/><E76/><V112/><F112/><W5/><G5/><T44/><AGARI ba="2,0" hai="9,11,44,49,53,75,77,83" m="14410,41577" machi="44" ten="30,2000,0" yaku="14,1,52,1" doraHai="48" who="0" fromWho="0" sc="199,26,331,-12,177,-7,293,-7" /><INIT seed="2,0,0,3,4,65" ten="225,319,170,286" oya="2" hai0="59,112,113,130,129,38,93,73,17,37,7,92,29" hai1="116,9,10,25,0,48,53,63,28,6,26,21,111" hai2="110,62,64,120,94,67,134,75,5,98,14,119,46" hai3="126,122,82,84,30,74,42,60,71,23,66,70,95"/><V115/><F115/><N who="0" m="44106" /><D73/><U32/><E111/><V61/><F119/><W89/><G122/><T131/><D29/><U54/><E116/><V108/><F134/><W39/><G126/><T15/><D59/><U41/><E10/><V49/><F120/><W45/><G74/><T83/><D83/><U79/><E79/><V27/><F75/><W56/><REACH who="3" step="1"/><G82/><REACH who="3" ten="225,319,170,276" step="2"/><T97/><D7/><U117/><E117/><V99/><F110/><W105/><G105/><T52/><D93/><U91/><E6/><V69/><F108/><W35/><G35/><T18/><D92/><U8/><E32/><V1/><F94/><W55/><G55/><T109/><D109/><U19/><E54/><V101/><F101/><W3/><G3/><T24/><D52/><U124/><E53/><V2/><F2/><W40/><G40/><T85/><D97/><U118/><E41/><V80/><F1/><W114/><G114/><T107/><D107/><U12/><E118/><V76/><F99/><W33/><G33/><T13/><D85/><U100/><E0/><V123/><F98/><W22/><G22/><N who="0" m="13399" /><D15/><U125/><E12/><V4/><F123/><W102/><G102/><T51/><D51/><U90/><E100/><V133/><F14/><W34/><G34/><T57/><D13/><U68/><E48/><V121/><F121/><W128/><G128/><T50/><D50/><U96/><E96/><V16/><F49/><W127/><G127/><T77/><D131/><U47/><E125/><V78/><F4/><W88/><G88/><T36/><D130/><U86/><E124/><V20/><F5/><RYUUKYOKU ba="0,1" sc="225,-10,319,-10,170,-10,276,30" hai3="23,30,39,42,45,56,60,66,70,71,84,89,95" /><INIT seed="3,1,1,1,4,123" ten="215,309,160,306" oya="3" hai0="24,50,125,60,44,67,111,91,95,57,103,63,73" hai1="102,30,79,99,121,69,4,118,117,42,43,3,106" hai2="58,86,74,33,49,25,22,120,113,65,56,132,85" hai3="122,23,88,104,97,28,81,20,124,105,32,15,34"/><W98/><G122/><T54/><D73/><U131/><E121/><V38/><F120/><W107/><G124/><T129/><D129/><U93/><E69/><V127/><F38/><W70/><G70/><T52/><D125/><U96/><E79/><V80/><F33/><W26/><G98/><T94/><D103/><U64/><E64/><V5/><F127/><W36/><G36/><T119/><D119/><N who="1" m="45579" /><E30/><V11/><F113/><W92/><REACH who="3" step="1"/><G81/><REACH who="3" ten="215,309,160,296" step="2"/><T61/><D67/><U134/><E131/><V55/><F80/><W10/><G10/><T13/><D95/><U128/><E128/><V9/><F11/><W72/><G72/><T59/><D94/><U37/><E37/><V40/><F74/><W130/><G130/><T110/><D91/><U115/><E115/><V90/><F90/><W100/><G100/><T108/><D24/><U101/><E134/><V39/><F132/><W12/><G12/><T6/><D54/><U17/><E42/><V45/><F25/><W2/><G2/><T51/><D51/><U68/><E43/><V71/><F71/><W14/><G14/><T47/><D59/><U114/><E68/><V89/><F89/><W76/><G76/><T84/><D84/><N who="2" m="32362" /><F58/><W77/><G77/><T62/><N who="0" m="15360" /><DORA hai="46" /><T75/><D75/><U27/><E114/><V8/><F65/><W126/><G126/><T109/><N who="0" m="27648" /><DORA hai="135" /><T82/><D82/><U53/><E53/><V35/><F55/><W48/><G48/><T7/><D13/><U87/><E87/><V41/><F49/><W0/><G0/><T19/><D50/><U112/><E112/><RYUUKYOKU ba="1,2" sc="215,-10,309,-10,160,-10,296,30" hai3="15,20,23,26,28,32,34,88,92,97,104,105,107" /><INIT seed="3,2,2,1,3,56" ten="205,299,150,326" oya="3" hai0="96,102,3,4,20,27,72,116,9,58,36,40,95" hai1="2,130,84,69,34,45,135,101,127,109,23,18,76" hai2="52,41,26,7,31,86,99,115,24,51,125,25,57" hai3="48,55,62,35,67,108,81,134,19,117,78,88,64"/><W49/><G35/><T83/><D116/><U77/><E109/><V5/><F115/><W107/><G107/><T121/><D121/><U28/><E69/><V118/><F125/><W82/><G117/><T104/><D104/><U43/><E2/><V122/><F118/><W85/><G134/><T97/><D97/><U39/><E127/><V11/><F122/><W60/><G108/><T59/><D36/><U106/><E130/><V94/><F31/><W47/><G49/><T128/><D40/><U87/><E28/><V123/><F123/><W14/><G67/><T93/><D93/><U54/><E34/><V89/><F41/><W92/><G64/><T79/><REACH who="0" step="1"/><D128/><REACH who="0" ten="195,299,150,326" step="2"/><U16/><E43/><V71/><F71/><W8/><G81/><T133/><D133/><U119/><E106/><V112/><F112/><W132/><G132/><T80/><D80/><U110/><E39/><V17/><F99/><AGARI ba="2,3" hai="8,14,19,47,48,55,60,62,78,82,85,88,92,99" machi="99" ten="30,12000,1" yaku="7,1,8,1,52,2,54,1" doraHai="56" who="3" fromWho="2" sc="195,0,299,0,150,-126,326,156" /><INIT seed="3,3,0,5,5,104" ten="195,299,24,482" oya="3" hai0="22,124,100,49,87,35,6,123,67,103,55,66,115" hai1="95,93,114,77,57,36,120,24,32,68,97,134,40" hai2="62,130,96,50,122,126,81,52,118,34,9,58,39" hai3="30,23,107,76,13,72,1,60,129,16,12,91,11"/><W10/><G107/><T73/><D35/><U27/><E68/><V105/><F34/><W113/><G113/><T74/><D123/><U33/><E120/><V102/><F118/><W121/><G121/><T82/><D6/><U88/><E134/><V2/><F122/><W84/><G129/><T56/><D124/><U14/><E77/><V83/><F126/><W48/><G60/><T37/><D37/><U41/><E36/><V59/><F39/><W64/><G64/><T109/><D22/><U4/><E57/><V46/><F130/><W18/><G1/><T99/><D103/><U112/><E14/><V116/><F116/><W5/><G48/><T43/><D43/><U42/><E4/><V78/><F83/><W79/><G30/><T15/><D115/><U92/><E92/><V3/><F59/><W69/><G69/><T25/><D25/><U38/><E42/><V80/><F81/><W70/><G70/><T111/><D15/><U110/><E38/><V119/><F9/><W63/><G63/><T29/><D29/><U75/><E110/><N who="0" m="41993" /><D67/><U8/><E8/><V51/><F51/><W89/><G10/><T54/><D54/><U108/><E108/><V0/><F119/><W21/><G5/><T7/><D66/><U45/><E114/><V98/><F102/><W53/><G53/><T125/><D125/><U85/><E112/><V128/><F128/><W71/><G71/><T94/><D7/><U31/><E33/><V44/><F105/><W90/><G11/><T132/><D132/><U28/><E32/><V131/><F131/><W61/><G61/><RYUUKYOKU ba="3,0" sc="195,30,299,-10,24,-10,482,-10" hai0="49,55,56,73,74,82,87,94,99,100" /><INIT seed="4,4,0,1,2,30" ten="225,289,14,472" oya="0" hai0="32,5,9,88,103,112,111,116,64,97,108,31,47" hai1="84,72,135,1,132,25,39,114,71,34,126,90,115" hai2="101,81,127,100,134,10,73,7,69,46,8,48,0" hai3="113,50,125,117,59,92,82,106,94,21,77,49,57"/><T130/><D116/><U19/><E1/><V98/><F127/><W38/><G38/><T68/><D112/><N who="1" m="43051" /><E72/><V6/><F134/><N who="1" m="51241" /><E71/><V85/><F73/><W95/><G106/><N who="0" m="63855" /><D47/><U67/><E39/><V123/><F123/><W58/><G117/><T28/><D130/><U60/><E126/><V93/><F69/><W107/><G125/><T70/><D31/><N who="1" m="19823" /><E19/><V44/><F101/><W36/><G36/><T41/><D41/><U27/><E27/><V79/><REACH who="2" step="1"/><F48/><REACH who="2" ten="225,289,4,472" step="2"/><W12/><G113/><T66/><D70/><U42/><E60/><V96/><F96/><W128/><G50/><T62/><D62/><U80/><E67/><V74/><F74/><W26/><G49/><T83/><D68/><U3/><E42/><V4/><F4/><W23/><G128/><T129/><D129/><U2/><AGARI ba="4,1" hai="2,3,80,84,90" m="19823,51241,43051" machi="2" ten="40,8000,1" yaku="15,1,11,1,20,1,52,1" doraHai="30" who="1" fromWho="1" sc="225,-44,289,102,4,-24,472,-24" owari="181,-22.0,391,19.0,-20,-52.0,448,55.0" /></mjloggm>