<mjloggm ver="2.3"><GO type="169" lobby="0"/><UN n0="%E3%81%B4%E3%81%8A%E3%81%B4%E3%81%8A%EF%BC%91%EF%BC%91" n1="%64%61%6E%6E%63%68%69" n2="%67%61%70%61%6F" n3="%31%74%61" dan="18,17,16,17" rate="2313.26,2175.58,2105.17,2172.26" sx="M,M,M,M"/><TAIKYOKU oya="0"/><INIT seed="0,0,0,1,0,54" ten="250,250,250,250" oya="0" hai0="71,125,60,94,124,47,118,65,55,9,11,89,131" hai1="36,56,68,22,58,128,102,82,69,53,3,78,66" hai2="72,62,96,35,39,73,92,130,21,64,32,101,93" hai3="79,28,126,70,97,37,108,133,91,42,74,29,86"/><T81/><D118/><U7/><E36/><V5/><F39/><W48/><G37/><T49/><D81/><U87/><E128/><V110/><F110/><W2/><G2/><T52/><D131/><U27/><E102/><V17/><F5/><W122/><G108/><T63/><D63/><U8/><E66/><V23/><F130/><W90/><G70/><T123/><D123/><U46/><E46/><V103/><F72/><W24/><G126/><N who="0" m="48747" /><D55/><U105/><E105/><V114/><F73/><W30/><G133/><T99/><AGARI ba="0,0" hai="9,11,47,49,52,60,65,71,89,94,99" m="48747" machi="99" ten="30,3000,0" yaku="18,1,54,1" doraHai="54" who="0" fromWho="0" sc="250,30,250,-10,250,-10,250,-10" /><INIT seed="0,1,0,4,2,55" ten="280,240,240,240" oya="0" hai0="64,18,20,26,78,79,126,95,120,106,68,31,134" hai1="51,5,54,130,12,67,17,132,61,3,46,34,107" hai2="25,21,94,98,38,2,96,127,23,118,93,6,59" hai3="122,72,117,86,92,83,66,131,88,105,45,85,123"/><T56/><D120/><N who="3" m="46121" /><G117/><T110/><D106/><U90/><E107/><V11/><F127/><W125/><G66/><T82/><D126/><U29/><E130/><V41/><F118/><W15/><G125/><T129/><D68/><U77/><E77/><V1/><F1/><W53/><G105/><T84/><D129/><U50/><E132/><V42/><F21/><W4/><G131/><T116/><D116/><U65/><E3/><V108/><F108/><W10/><G72/><T62/><D134/><U103/><E103/><V60/><F93/><W69/><G69/><T28/><D110/><U8/><E34/><V119/><F119/><W9/><G9/><T30/><REACH who="0" step="1"/><D95/><REACH who="0" ten="270,240,240,240" step="2"/><U63/><E5/><V112/><F94/><W102/><G102/><T71/><D71/><U32/><E32/><V114/><F11/><W75/><G92/><T27/><D27/><U0/><E8/><V49/><F6/><W70/><G70/><T33/><D33/><U111/><E111/><V37/><F25/><W124/><G124/><T76/><AGARI ba="1,1" hai="18,20,26,28,30,31,56,62,64,76,78,79,82,84" machi="76" ten="30,12000,1" yaku="1,1,0,1,8,1,52,1,53,1" doraHai="55" doraHaiUra="22" who="0" fromWho="0" sc="270,133,240,-41,240,-41,240,-41" /><INIT seed="0,2,0,2,1,127" ten="403,199,199,199" oya="0" hai0="61,27,65,132,117,73,62,59,95,105,9,10,60" hai1="110,88,82,125,41,123,34,97,90,119,45,106,128" hai2="38,50,85,75,81,18,19,29,11,77,87,58,26" hai3="122,111,47,126,109,134,3,129,74,91,130,64,112"/><T84/><D117/><U114/><E34/><V116/><F38/><W79/><G3/><T101/><D73/><U32/><E32/><V76/><F116/><W71/><G126/><T28/><D132/><U133/><E119/><V23/><F75/><W108/><G134/><T33/><D105/><U63/><E125/><V42/><F11/><W72/><G112/><T1/><D84/><U94/><E133/><V69/><F69/><W124/><G124/><T70/><D1/><U13/><E123/><V43/><F58/><W120/><G47/><T68/><D62/><U99/><E114/><V83/><F50/><W14/><G14/><T52/><REACH who="0" step="1"/><D68/><REACH who="0" ten="393,199,199,199" step="2"/><U7/><E63/><V8/><F8/><W56/><G71/><T20/><D20/><U2/><E2/><V100/><F23/><W93/><G74/><T48/><D48/><N who="1" m="26671" /><E106/><V57/><F87/><N who="3" m="52479" /><G64/><T15/><D15/><U102/><E13/><V121/><F85/><W46/><G56/><T131/><D131/><N who="3" m="50185" /><G46/><T21/><D21/><U31/><E128/><V98/><F57/><W6/><G6/><T17/><D17/><U55/><E7/><V37/><F18/><W104/><G104/><T25/><D25/><U86/><E31/><V135/><F19/><W44/><G44/><T4/><D4/><U16/><E16/><V36/><F29/><W0/><G0/><T24/><D24/><U51/><E99/><AGARI ba="2,1" hai="9,10,27,28,33,52,59,60,61,65,70,95,99,101" machi="99" ten="40,3900,0" yaku="1,1,54,1,53,0" doraHai="127" doraHaiUra="40" who="0" fromWho="1" sc="393,55,199,-45,199,0,199,0" /><INIT seed="0,3,0,0,2,117" ten="448,154,199,199" oya="0" hai0="93,27,53,6,19,133,134,24,124,77,59,48,15" hai1="71,32,118,66,119,111,2,127,68,56,86,90,50" hai2="82,85,76,100,110,87,114,84,80,67,120,78,63" hai3="14,20,112,55,8,26,102,40,4,79,16,35,51"/><T12/><D124/><U72/><E2/><V91/><F67/><W73/><G112/><T75/><D6/><U105/><E72/><V41/><F41/><W128/><G128/><T88/><D77/><N who="2" m="29802" /><F63/><W49/><G102/><T9/><D75/><U57/><E32/><V23/><F23/><W107/><G107/><T10/><D12/><U7/><E7/><V1/><F1/><N who="3" m="15" /><G40/><T108/><D10/><U129/><E129/><V131/><F114/><W89/><G89/><T31/><D108/><U99/><E127/><V28/><F28/><N who="3" m="19863" /><G55/><T17/><D17/><U33/><E33/><V69/><F69/><W115/><G115/><T46/><D46/><U37/><E37/><V101/><F131/><W62/><G62/><T25/><REACH who="0" step="1"/><D31/><REACH who="0" ten="438,154,199,199" step="2"/><U83/><E111/><V42/><F110/><W126/><G126/><T44/><D44/><U104/><E119/><V5/><F5/><W132/><G132/><T64/><D64/><U58/><E118/><V109/><F109/><W38/><G38/><T13/><D13/><U103/><E66/><V94/><F42/><W34/><G79/><T81/><D81/><N who="2" m="31338" /><F120/><W22/><G73/><T54/><D54/><U52/><REACH who="1" step="1"/><E105/><REACH who="1" ten="438,144,199,199" step="2"/><V97/><AGARI ba="3,2" hai="84,85,87,91,94,97,100,101" m="31338,29802" machi="97" ten="30,12000,2" yaku="8,1,35,5" doraHai="117" who="2" fromWho="2" sc="438,-63,144,-33,199,149,199,-33" /><INIT seed="1,0,0,5,2,125" ten="375,111,348,166" oya="1" hai0="83,67,89,15,111,119,98,5,88,93,16,4,7" hai1="71,81,33,135,116,96,62,2,29,133,30,1,68" hai2="101,65,87,134,103,27,90,127,120,99,32,45,34" hai3="69,122,51,44,48,53,100,115,49,126,9,76,31"/><U110/><E116/><V8/><F120/><W52/><G122/><T13/><D111/><U21/><E33/><V23/><F127/><W57/><G126/><T95/><D119/><U24/><E81/><V97/><F65/><W74/><G115/><T70/><D70/><U14/><E96/><V117/><F117/><W80/><G69/><T124/><D124/><U78/><E78/><V35/><F134/><N who="1" m="51209" /><E62/><V131/><F8/><W86/><G100/><T28/><D28/><N who="1" m="17423" /><E68/><V22/><F45/><W38/><G31/><N who="1" m="11786" /><E71/><V18/><F99/><W6/><G74/><T25/><D67/><U26/><E26/><V63/><F63/><W128/><G128/><T132/><D83/><U50/><E50/><V66/><F131/><W91/><G76/><T109/><D132/><U37/><E37/><V102/><F66/><W114/><G114/><T54/><D54/><U107/><E107/><V121/><F23/><W106/><G106/><T79/><D79/><U75/><E75/><V85/><F121/><W64/><G38/><T17/><D25/><U113/><E113/><V60/><F60/><N who="3" m="37903" /><G44/><T61/><D61/><U104/><E104/><V73/><F73/><W41/><G41/><T108/><D5/><U56/><E56/><V46/><F46/><W118/><G118/><T43/><D98/><U59/><E59/><V58/><F58/><W19/><G6/><T0/><D43/><U47/><E47/><V129/><F129/><W36/><G36/><T82/><D82/><U94/><E110/><V92/><AGARI ba="0,0" hai="18,22,27,32,34,35,85,87,90,92,97,101,102,103" machi="92" ten="40,1500,0" yaku="0,1" doraHai="125" who="2" fromWho="2" sc="375,-4,111,-7,348,15,166,-4" /><INIT seed="2,0,0,3,4,80" ten="371,104,363,162" oya="2" hai0="103,129,116,67,110,96,75,120,109,40,3,119,34" hai1="92,26,90,32,95,54,7,93,66,35,16,45,58" hai2="49,12,135,53,44,102,4,25,121,106,125,91,13" hai3="51,70,108,22,123,77,86,89,43,87,24,39,8"/><V11/><F121/><W94/><G108/><N who="0" m="41579" /><D3/><U48/><E7/><V107/><F135/><W63/><G39/><T17/><D34/><U134/><E134/><V130/><F130/><W20/><G123/><T114/><D120/><U0/><E0/><V81/><F125/><W133/><G133/><T29/><D29/><U73/><E73/><V76/><F25/><W68/><G8/><T28/><D28/><U6/><E6/><V82/><F102/><W60/><G68/><T10/><D75/><U124/><E124/><V128/><F128/><W59/><G70/><T74/><D74/><U57/><E35/><V14/><F91/><W56/><G43/><T50/><D67/><U111/><E111/><V131/><F131/><W78/><G51/><T38/><D50/><U98/><E57/><V105/><REACH who="2" step="1"/><F82/><REACH who="2" ten="371,104,353,162" step="2"/><N who="3" m="47447" /><G77/><T118/><D129/><U30/><E90/><V65/><F65/><N who="3" m="39047" /><G24/><T52/><D118/><U112/><E66/><AGARI ba="0,1" hai="20,22,59,63,66,87,89,94" m="39047,47447" machi="66" ten="30,3900,0" yaku="8,1,52,2" doraHai="80" who="3" fromWho="1" sc="371,0,104,-39,353,0,162,49" /><INIT seed="3,0,0,5,4,39" ten="371,65,353,211" oya="3" hai0="109,102,3,85,72,115,93,36,86,47,95,0,13" hai1="80,25,21,6,50,106,116,74,8,119,87,128,4" hai2="40,44,133,41,107,56,11,110,33,26,66,24,43" hai3="48,19,120,117,34,125,65,49,17,7,71,35,15"/><W96/><G117/><T28/><D72/><U132/><E106/><V30/><F107/><W82/><G120/><T5/><D109/><U38/><E74/><V55/><F110/><W101/><G125/><T63/><D28/><U105/><E105/><V29/><F133/><W114/><G114/><T73/><D73/><U62/><E38/><V2/><F66/><W131/><G131/><T90/><D63/><U83/><E128/><V46/><F11/><W129/><G129/><T130/><D115/><U124/><E62/><V79/><F79/><W12/><G7/><T75/><D75/><U118/><E132/><V37/><F2/><W70/><G82/><T76/><D130/><U98/><E124/><V94/><F94/><W61/><G61/><T51/><D36/><U52/><E98/><V81/><F81/><N who="1" m="31305" /><E8/><V104/><F104/><W88/><G96/><N who="0" m="59679" /><D76/><U108/><E87/><V18/><F18/><W69/><G65/><T14/><D3/><U123/><E123/><V59/><F37/><W78/><G78/><T22/><D86/><U58/><E108/><V60/><REACH who="2" step="1"/><F56/><REACH who="2" ten="371,65,343,211" step="2"/><W32/><G19/><AGARI ba="0,1" hai="4,6,19,21,25,50,52,58,116,118,119" m="31305" machi="19" ten="30,2000,0" yaku="12,1,54,1" doraHai="39" who="1" fromWho="3" sc="371,0,65,30,343,0,211,-20" /><INIT seed="4,0,0,5,4,131" ten="371,95,343,191" oya="0" hai0="128,79,24,41,97,12,126,62,16,65,57,72,132" hai1="39,124,69,45,81,53,123,84,87,95,121,38,111" hai2="40,71,4,13,19,15,94,44,11,66,89,125,18" hai3="108,58,48,74,76,114,7,85,10,1,105,88,6"/><T133/><D128/><U73/><E69/><V52/><F125/><W96/><G108/><T56/><D126/><U93/><E124/><V119/><F119/><W35/><G114/><T103/><D41/><U3/><E3/><V27/><F71/><W98/><G35/><T28/><D57/><U109/><E73/><V115/><F66/><W22/><G6/><T117/><D117/><U55/><REACH who="1" step="1"/><E81/><REACH who="1" ten="371,85,343,191" step="2"/><V50/><F115/><W102/><G74/><T77/><D72/><U91/><E91/><V49/><F27/><W32/><G76/><T129/><D129/><U101/><E101/><V90/><F94/><W23/><G102/><T67/><D79/><U42/><E42/><V63/><F63/><W113/><G88/><T14/><D77/><U75/><E75/><V110/><F110/><W104/><G113/><T37/><D37/><U31/><E31/><V25/><F25/><W100/><G100/><T46/><D14/><U112/><E112/><V78/><F78/><W33/><G1/><T107/><D24/><U106/><E106/><V70/><F70/><W83/><G105/><T9/><D28/><U17/><E17/><N who="2" m="6155" /><F13/><W26/><G104/><T20/><D9/><U21/><E21/><V8/><F11/><W130/><G10/><T127/><D127/><U59/><E59/><AGARI ba="0,1" hai="4,8,15,40,44,49,50,52,59,89,90" m="6155" machi="59" ten="30,2000,0" yaku="8,1,54,1" doraHai="131" who="2" fromWho="1" sc="371,0,85,-20,343,30,191,0" /><INIT seed="5,0,0,3,3,26" ten="371,65,373,191" oya="1" hai0="93,63,2,5,76,31,61,50,65,119,34,19,113" hai1="59,123,135,73,57,41,39,77,42,129,18,60,82" hai2="15,126,54,75,125,9,131,58,11,91,130,51,92" hai3="67,107,32,109,45,117,53,33,111,99,52,118,104"/><U0/><E123/><V66/><F75/><W37/><G67/><T122/><D119/><N who="3" m="45577" /><G99/><T72/><D122/><U16/><E129/><N who="2" m="49163" /><F66/><W6/><G6/><T56/><D5/><U134/><E0/><V102/><F102/><W121/><G121/><T30/><D2/><U108/><E108/><N who="3" m="41546" /><G37/><T112/><D34/><N who="3" m="13417" /><G45/><T44/><D72/><U40/><E39/><V68/><F68/><W101/><G101/><T22/><D76/><U133/><REACH who="1" step="1"/><E59/><REACH who="1" ten="371,55,373,191" step="2"/><V127/><F126/><W96/><G96/><T120/><D120/><U100/><E100/><V1/><F127/><W28/><G28/><T116/><D116/><U21/><E21/><V24/><F125/><W105/><AGARI ba="0,1" hai="52,53,104,105,107" m="13417,41546,45577" machi="105" ten="50,8000,1" yaku="28,2,12,1,54,1" doraHai="26" who="3" fromWho="3" sc="371,-20,55,-40,373,-20,191,90" /><INIT seed="6,0,0,0,5,135" ten="351,15,353,281" oya="2" hai0="128,48,50,25,47,24,27,72,88,28,111,60,61" hai1="53,33,43,74,37,67,36,13,132,91,119,30,58" hai2="100,102,115,112,40,125,129,123,44,10,45,117,95" hai3="68,92,26,55,12,126,39,82,81,97,20,18,4"/><V51/><F123/><W22/><G68/><T83/><D111/><U104/><E74/><V127/><F117/><W16/><G39/><T122/><D122/><U90/><E104/><V21/><F129/><W9/><G126/><N who="2" m="48137" /><F10/><W108/><G108/><T134/><D134/><U87/><E33/><V93/><F21/><W29/><G55/><T32/><D32/><U98/><E30/><V38/><F95/><W41/><G41/><N who="0" m="24687" /><D72/><U34/><E34/><V110/><F110/><W99/><G99/><T35/><D35/><U6/><E132/><V69/><F69/><W116/><G116/><T52/><D28/><U5/><E67/><V84/><F84/><W96/><G96/><T63/><D128/><U57/><E98/><N who="2" m="59471" /><F102/><N who="3" m="60711" /><G29/><T71/><D71/><U80/><E87/><V113/><F45/><W11/><G9/><T109/><D109/><U15/><E119/><V86/><F86/><W94/><G94/><T103/><D103/><U17/><E43/><V3/><F3/><W75/><G75/><T124/><D124/><U105/><E105/><V120/><F120/><W133/><G133/><T46/><D83/><U1/><E80/><V78/><F78/><W65/><G65/><T49/><D88/><U66/><E66/><V54/><F38/><W31/><G31/><T118/><D118/><U70/><E70/><V89/><F89/><W7/><G7/><T101/><D101/><U114/><E1/><V2/><F2/><W56/><G56/><T130/><D130/><U131/><E131/><V64/><F64/><W62/><G82/><T8/><D8/><U106/><E37/><RYUUKYOKU ba="0,0" sc="351,15,15,-15,353,15,281,-15" hai0="24,25,27,46,49,50,52,60,61,63" hai2="40,44,51,54,112,113,115" /><INIT seed="6,1,0,4,0,58" ten="366,0,368,266" oya="2" hai0="90,83,99,77,10,34,27,81,42,36,84,85,12" hai1="25,5,32,63,135,49,18,71,125,16,44,108,60" hai2="66,75,28,55,35,72,9,133,11,74,94,40,41" hai3="3,33,95,68,30,82,120,4,51,65,0,104,7"/><V64/><F133/><W69/><G104/><T109/><D109/><U112/><E108/><V115/><F35/><W14/><G95/><T53/><D36/><U73/><E71/><V70/><F28/><W6/><G120/><T21/><D42/><N who="2" m="16490" /><F70/><W17/><G51/><T54/><D99/><U110/><E110/><V123/><F94/><W59/><G82/><T31/><D34/><U100/><E73/><V52/><F115/><W24/><G59/><T23/><D23/><U118/><E118/><V92/><F92/><W121/><G121/><T128/><D128/><U26/><E135/><V57/><F57/><W48/><G48/><T76/><D90/><U80/><E112/><V129/><F129/><W19/><G68/><T124/><REACH who="0" step="1"/><D124/><REACH who="0" ten="356,0,368,266" step="2"/><U105/><E125/><V67/><F123/><W62/><REACH who="3" step="1"/><G14/><REACH who="3" ten="356,0,368,256" step="2"/><T38/><D38/><U29/><E80/><V111/><F111/><W117/><G117/><T79/><D79/><U46/><E105/><V101/><F101/><W106/><G106/><T96/><D96/><U102/><E49/><V134/><F134/><W8/><G8/><AGARI ba="1,2" hai="8,9,11,52,55,64,66,67,72,74,75" m="16490" machi="8" ten="40,7700,0" yaku="28,2,54,1" doraHai="58" who="2" fromWho="3" sc="356,0,0,0,368,100,256,-80" /><INIT seed="6,2,0,2,1,99" ten="356,0,468,176" oya="2" hai0="63,110,105,15,8,6,111,25,90,45,125,123,114" hai1="12,48,81,78,118,124,60,71,17,112,46,7,130" hai2="47,50,134,16,59,69,75,131,51,61,128,34,13" hai3="23,54,58,133,109,41,74,122,27,38,68,102,89"/><V2/><F75/><W64/><G109/><T94/><D123/><U37/><E118/><V70/><F2/><W11/><G122/><T49/><D105/><U84/><E112/><V86/><F34/><W26/><G74/><T100/><D100/><U129/><E124/><V53/><F86/><W57/><G133/><T35/><D114/><U106/><E106/><V21/><F134/><W85/><G11/><T72/><D72/><U9/><E37/><V1/><F1/><W4/><G4/><T0/><D125/><U29/><E29/><V40/><REACH who="2" step="1"/><F61/><REACH who="2" ten="356,0,458,176" step="2"/><W83/><G85/><T101/><D0/><U104/><E104/><V31/><F31/><W10/><G83/><T92/><D35/><U28/><E28/><V115/><F115/><W32/><G32/><T135/><D135/><U76/><E76/><V120/><F120/><W52/><G38/><T20/><D63/><U103/><E17/><V77/><F77/><W91/><G27/><T107/><D107/><U65/><E103/><V108/><F108/><W66/><G102/><T113/><D113/><U43/><AGARI ba="2,1" hai="7,9,12,43,46,48,60,65,71,78,81,84,129,130" machi="43" ten="30,4000,0" yaku="0,1,25,2" doraHai="99" who="1" fromWho="1" sc="356,-12,0,56,458,-22,176,-12" /><INIT seed="7,0,0,0,4,19" ten="344,56,436,164" oya="3" hai0="27,105,114,40,60,31,9,42,15,36,128,112,94" hai1="64,122,29,123,125,16,92,87,75,0,121,102,91" hai2="124,104,120,126,24,21,26,57,56,99,88,12,53" hai3="48,80,45,41,30,82,25,118,119,134,37,23,17"/><W22/><G134/><T4/><D105/><U79/><E64/><V103/><F120/><W18/><G37/><T73/><D73/><U62/><E62/><V34/><F34/><W113/><G113/><T85/><D128/><U10/><E29/><V20/><F88/><W67/><G67/><T97/><D85/><U50/><E125/><N who="2" m="48235" /><F12/><W131/><G131/><T78/><D78/><U133/><E133/><V109/><F109/><W8/><G8/><T77/><D77/><U66/><E66/><V33/><F33/><W68/><G68/><T49/><D36/><U86/><E0/><V1/><F1/><W129/><G129/><T117/><D117/><U2/><E2/><V93/><F104/><W115/><G115/><T83/><D83/><N who="3" m="31785" /><G119/><T47/><D112/><U108/><E108/><V46/><F46/><W44/><G118/><T132/><D132/><U35/><E35/><V101/><F101/><W11/><G45/><T111/><D111/><U116/><E116/><V98/><F98/><W55/><G11/><T65/><D114/><U6/><E102/><V70/><F70/><W43/><G30/><T58/><D47/><U59/><E75/><V7/><F7/><W13/><AGARI ba="0,0" hai="13,17,18,22,23,25,41,43,44,48,55" m="31785" machi="13" ten="30,6000,0" yaku="8,1,52,2" doraHai="19" who="3" fromWho="3" sc="344,-20,56,-20,436,-20,164,60" /><INIT seed="7,1,0,4,3,116" ten="324,36,416,224" oya="3" hai0="101,78,106,14,48,41,38,64,94,12,42,68,124" hai1="132,103,31,89,8,84,123,66,37,39,110,18,77" hai2="27,45,1,34,119,13,22,32,0,126,93,23,60" hai3="81,56,85,104,125,105,134,16,127,99,30,69,100"/><W98/><G69/><T112/><D106/><U95/><E110/><V71/><F45/><W86/><G30/><T113/><D38/><U33/><E66/><V114/><F93/><W76/><G56/><T2/><D2/><N who="2" m="1130" /><F60/><W40/><G40/><N who="0" m="15467" /><D124/><N who="3" m="47689" /><G16/><T5/><D78/><U11/><E33/><N who="2" m="12907" /><F71/><W107/><G134/><T90/><D101/><U67/><E31/><N who="2" m="17911" /><F126/><W21/><G21/><T70/><D48/><U102/><E132/><V83/><F83/><N who="3" m="47335" /><G100/><T59/><D70/><U20/><E67/><V97/><F97/><W133/><G133/><T117/><D68/><U17/><E20/><V24/><F119/><W130/><G130/><T108/><D5/><U122/><E77/><V87/><F87/><W53/><G53/><T15/><D117/><U44/><E84/><V9/><F23/><W49/><G49/><T57/><D64/><U88/><REACH who="1" step="1"/><E95/><REACH who="1" ten="324,26,416,224" step="2"/><V74/><F9/><W55/><G55/><T75/><D94/><U129/><E129/><V35/><F35/><W91/><AGARI ba="1,1" hai="81,86,91,98,99,104,105,107" m="47335,47689" machi="91" ten="40,7800,0" yaku="18,1,34,2" doraHai="116" who="3" fromWho="3" sc="324,-27,26,-27,416,-27,224,91" owari="297,-10.0,-1,-50.0,389,48.0,315,12.0" /></mjloggm>