<mjloggm ver="2.3"><GO type="169" lobby="0"/><UN n0="%69%6B%65%64%61%64%61" n1="%6B%75%72%69%6D%75" n2="%E3%81%B5%E3%81%98%E3%81%8B%E3%81%A4" n3="%E8%8D%92%E3%83%AA%E3%83%BC%E3%83%81%EF%BC%81%E2%98%86" dan="16,18,16,16" rate="2150.04,2271.24,2181.32,2124.77" sx="M,M,M,M"/><TAIKYOKU oya="0"/><INIT seed="0,0,0,1,2,42" ten="250,250,250,250" oya="0" hai0="9,116,62,134,85,86,127,25,88,125,63,95,40" hai1="45,105,77,78,94,53,36,59,93,43,104,33,98" hai2="99,2,81,135,54,92,69,112,50,26,124,4,133" hai3="8,113,119,14,80,1,115,97,84,11,13,72,90"/><T132/><D116/><U38/><E38/><V66/><F112/><W87/><G119/><T12/><D25/><U75/><E33/><V128/><F81/><W102/><G1/><T21/><D21/><U57/><E57/><V117/><F117/><W83/><G72/><T73/><D73/><U37/><E37/><V47/><F124/><N who="0" m="47690" /><D86/><U60/><E93/><V34/><F128/><W74/><G74/><T30/><D30/><U46/><E46/><V15/><F2/><W71/><G71/><T121/><D121/><U70/><E70/><V22/><F34/><W10/><G113/><T108/><D108/><U109/><E109/><V24/><F69/><W18/><G115/><T76/><D76/><U114/><E114/><V101/><F66/><W67/><G67/><T118/><D40/><U106/><REACH who="1" step="1"/><E75/><REACH who="1" ten="250,240,250,250" step="2"/><V64/><F92/><W52/><G52/><T111/><D111/><U23/><E23/><V103/><F54/><W20/><G20/><T56/><D118/><U65/><E65/><V61/><F64/><W79/><REACH who="3" step="1"/><G13/><REACH who="3" ten="250,240,250,240" step="2"/><T131/><D131/><U3/><E3/><V58/><F22/><W123/><G123/><T89/><D56/><U129/><E129/><V120/><F15/><W16/><G16/><N who="0" m="8207" /><D62/><U0/><E0/><V29/><F58/><W122/><G122/><T5/><D63/><U49/><E49/><V126/><F61/><W41/><G41/><T39/><D39/><U107/><N who="1" m="26624" /><DORA hai="48" /><U110/><E110/><V51/><F126/><W68/><G68/><T130/><D130/><U32/><E32/><V31/><F120/><W35/><G35/><RYUUKYOKU ba="0,2" sc="250,-15,240,15,250,-15,240,15" hai1="36,43,45,53,59,60,77,78,94,98" hai3="8,10,11,14,18,79,80,83,84,87,90,97,102" /><INIT seed="1,1,2,4,0,101" ten="235,255,235,255" oya="1" hai0="91,106,89,8,107,35,77,105,88,126,41,48,25" hai1="47,10,83,45,18,20,133,5,54,75,70,21,82" hai2="55,103,38,115,43,36,134,12,104,29,64,22,65" hai3="31,63,102,11,128,111,108,51,97,13,69,117,53"/><U40/><E70/><V85/><F134/><W50/><G117/><T125/><D8/><U130/><E133/><V114/><F85/><W116/><G116/><T30/><D77/><U52/><E130/><V113/><F55/><W58/><G128/><T123/><D123/><U2/><E45/><N who="2" m="23783" /><F38/><W6/><G31/><T23/><REACH who="0" step="1"/><D35/><REACH who="0" ten="225,255,235,255" step="2"/><U74/><E75/><V46/><F46/><AGARI ba="1,3" hai="23,25,30,41,46,48,88,89,91,105,106,107,125,126" machi="46" ten="50,12000,2" yaku="1,1,2,1,52,3,54,1,53,0" doraHai="101" doraHaiUra="120" who="0" fromWho="2" sc="225,153,255,0,235,-123,255,0" /><INIT seed="2,0,0,1,2,128" ten="378,255,112,255" oya="2" hai0="72,59,53,82,119,105,109,120,16,46,19,47,85" hai1="118,23,14,38,25,74,97,115,20,132,121,37,43" hai2="90,123,76,102,34,55,31,18,27,111,107,126,58" hai3="39,66,100,32,8,24,116,11,124,51,108,110,81"/><V17/><F123/><W79/><G116/><T117/><D105/><U112/><E74/><V106/><F126/><W88/><G124/><T73/><D120/><U60/><E60/><V61/><F76/><W36/><G66/><T129/><D129/><U84/><E84/><V78/><F78/><W65/><G65/><T96/><D96/><U87/><E87/><V92/><F111/><N who="3" m="42539" /><G100/><T86/><D109/><U83/><E97/><V42/><F42/><W56/><G56/><T101/><D101/><U64/><E64/><V22/><F102/><W104/><G51/><T44/><D86/><U50/><E83/><V95/><F17/><N who="0" m="6730" /><D59/><U29/><E118/><N who="0" m="45065" /><D53/><U71/><E71/><V98/><REACH who="2" step="1"/><F95/><REACH who="2" ten="378,255,102,255" step="2"/><W134/><G104/><T48/><D48/><U89/><E50/><V131/><F131/><W125/><G125/><T54/><D54/><U127/><E43/><V68/><F68/><W62/><G39/><T5/><D5/><U13/><E38/><V91/><F91/><AGARI ba="0,1" hai="44,46,47,72,73,82,85,91" m="45065,6730" machi="91" ten="30,2000,0" yaku="12,1,54,1" doraHai="128" who="0" fromWho="2" sc="378,30,255,0,102,-20,255,0" /><INIT seed="3,0,0,4,1,115" ten="408,255,82,255" oya="3" hai0="35,34,120,68,11,73,67,58,79,43,10,20,2" hai1="128,76,5,14,23,105,108,117,80,109,53,44,52" hai2="31,98,72,119,135,59,54,83,15,46,4,45,127" hai3="17,107,47,106,8,93,104,21,82,33,116,12,77"/><W3/><G33/><T134/><D120/><U66/><E105/><V126/><F31/><W49/><G93/><T25/><D68/><U81/><E66/><V122/><F122/><W51/><G3/><T28/><D43/><U78/><E128/><V41/><F98/><W131/><G131/><T57/><D134/><U26/><E14/><V91/><F135/><W60/><G60/><T70/><D70/><U85/><E5/><V61/><F72/><W118/><G21/><T97/><D97/><U102/><E102/><V132/><F132/><W32/><G32/><T65/><D79/><U121/><E121/><V110/><F83/><W92/><G92/><T27/><D73/><U111/><E44/><N who="2" m="17003" /><F91/><W18/><G18/><T71/><D71/><U89/><E117/><V55/><F15/><W37/><G37/><T9/><D2/><U0/><E0/><V88/><F4/><W123/><G123/><T13/><D13/><U112/><E112/><V62/><F119/><W90/><G90/><T19/><D35/><U124/><E124/><N who="2" m="47659" /><F88/><W114/><G114/><T95/><D95/><U38/><E38/><V50/><F110/><W39/><G39/><T130/><D130/><U87/><E89/><V56/><F50/><N who="3" m="18955" /><G47/><T133/><D133/><U1/><E1/><V22/><F22/><W129/><G129/><T103/><D103/><U113/><E113/><V16/><F16/><AGARI ba="0,0" hai="16,23,26,52,53,76,78,80,81,85,87,108,109,111" machi="16" ten="40,8000,1" yaku="9,1,14,1,54,2" doraHai="115" who="1" fromWho="2" sc="408,0,255,80,82,-80,255,0" /><INIT seed="4,0,0,3,0,31" ten="408,335,2,255" oya="0" hai0="40,85,55,52,101,6,109,107,53,129,77,37,30" hai1="58,78,41,27,81,19,0,92,91,18,14,25,118" hai2="87,23,93,106,123,51,1,76,82,90,108,60,97" hai3="130,125,11,50,45,39,83,100,15,35,65,111,67"/><T131/><D109/><U70/><E0/><V120/><F1/><W104/><G111/><T61/><D6/><U127/><E127/><V17/><F108/><W79/><G125/><T28/><D61/><U38/><E70/><V46/><F60/><W99/><G130/><N who="0" m="49675" /><D101/><U135/><E135/><V75/><F23/><W113/><G39/><T56/><D56/><U13/><E118/><V68/><F17/><W44/><G113/><T98/><D98/><U4/><E4/><V116/><F68/><W3/><G3/><T128/><D107/><U33/><E33/><V71/><F71/><W64/><G35/><T47/><N who="0" m="49683" /><T74/><DORA hai="32" /><D74/><U21/><E41/><V34/><F34/><W26/><G26/><T10/><D10/><U89/><E38/><V48/><F48/><W29/><G29/><N who="0" m="11371" /><D85/><U124/><E58/><V94/><F51/><W117/><G117/><T105/><D105/><U24/><E124/><V110/><F46/><W36/><G36/><T9/><D9/><U119/><E119/><V7/><F7/><W69/><G69/><T54/><D54/><U57/><E57/><V132/><F116/><W102/><G102/><T88/><D88/><U8/><REACH who="1" step="1"/><E92/><REACH who="1" ten="408,325,2,255" step="2"/><N who="2" m="54367" /><F132/><W95/><G104/><T80/><D80/><U5/><E5/><V20/><F110/><W59/><G59/><T96/><D96/><U12/><E12/><V42/><F42/><W2/><G2/><T133/><D133/><U134/><E134/><V22/><F106/><W115/><G115/><T86/><D37/><U16/><E16/><V103/><F94/><W84/><G50/><RYUUKYOKU ba="0,1" sc="408,-30,325,10,2,10,255,10" hai1="8,13,14,18,19,21,24,25,27,78,81,89,91" hai2="20,22,75,76,82,93,97,103,120,123" hai3="11,15,44,45,64,65,67,79,83,84,95,99,100" /><INIT seed="5,1,1,5,4,7" ten="378,335,12,265" oya="1" hai0="109,119,67,104,36,55,6,58,43,15,47,112,85" hai1="8,54,110,131,65,63,101,93,75,39,135,77,10" hai2="24,22,129,46,89,17,62,72,130,132,11,121,87" hai3="102,134,126,32,25,37,118,124,81,115,106,42,113"/><U27/><E39/><V120/><F72/><W108/><G108/><T82/><D119/><U100/><E110/><V122/><F46/><N who="3" m="23887" /><G118/><T35/><D35/><U34/><E75/><V49/><F49/><W83/><G134/><T45/><D104/><U13/><E77/><V60/><F132/><W44/><G44/><T12/><D109/><U59/><E135/><V69/><F69/><W57/><G57/><T117/><D117/><U125/><E131/><N who="2" m="50187" /><F87/><W133/><G133/><T78/><D112/><N who="3" m="43081" /><G102/><N who="1" m="39530" /><E125/><N who="3" m="48234" /><G106/><T76/><D47/><U66/><E93/><V4/><F89/><W3/><G3/><AGARI ba="1,1" hai="3,4,11,17,22,24,60,62,120,121,122" m="50187" machi="3" ten="40,2600,0" yaku="19,1,52,1" doraHai="7" who="2" fromWho="3" sc="378,0,335,0,12,39,265,-29" /><INIT seed="6,0,0,5,2,31" ten="378,335,51,236" oya="2" hai0="46,100,29,26,124,49,33,68,76,65,78,111,17" hai1="97,62,57,90,84,70,35,105,71,72,93,92,104" hai2="127,45,21,102,23,123,14,131,122,85,53,125,126" hai3="80,110,32,6,117,74,95,24,3,55,42,88,94"/><V108/><F102/><W56/><G117/><T133/><D111/><U50/><E72/><V130/><F85/><W16/><G110/><T44/><D133/><U27/><E50/><V12/><F108/><W103/><G42/><T87/><D124/><U101/><E70/><V4/><F45/><W128/><G128/><N who="2" m="49193" /><F53/><W120/><G120/><N who="2" m="46121" /><F4/><W69/><G69/><T73/><D100/><U79/><E71/><V113/><F113/><W30/><G103/><T13/><D87/><U134/><E134/><V107/><F107/><W52/><G74/><T64/><D46/><U59/><E79/><V129/><N who="2" m="49201" /><V106/><DORA hai="116" /><F106/><W67/><G55/><T77/><D68/><U10/><E59/><V41/><F41/><W36/><G52/><T22/><D73/><U47/><E47/><V81/><F81/><W38/><G56/><T34/><D65/><U8/><E104/><V15/><AGARI ba="0,0" hai="12,14,15,21,23,125,126,127" m="46121,49201" machi="15" ten="60,24000,3" yaku="28,2,18,1,19,1,34,2,52,3" doraHai="31,116" who="2" fromWho="2" sc="378,-80,335,-80,51,240,236,-80" /><INIT seed="6,1,0,0,4,43" ten="298,255,291,156" oya="2" hai0="118,93,39,72,132,123,121,106,31,48,105,99,60" hai1="12,122,0,67,111,7,120,47,3,22,83,20,36" hai2="98,25,16,80,52,104,28,10,27,94,66,124,64" hai3="112,81,40,134,38,130,33,88,92,82,8,90,29"/><V126/><F104/><W24/><G112/><T17/><D39/><U54/><E67/><V108/><F108/><W116/><G116/><T62/><D72/><U45/><E111/><V4/><F80/><W26/><G130/><T70/><D118/><U21/><E83/><V75/><F75/><W103/><G134/><T6/><D132/><U89/><E89/><V107/><F107/><W78/><G8/><T129/><D129/><U63/><E36/><V73/><F73/><W91/><G26/><T5/><D48/><U46/><E12/><N who="2" m="7191" /><F4/><W77/><G103/><T9/><D31/><U95/><E7/><V41/><F41/><W71/><G71/><T113/><D113/><U23/><E95/><V13/><F13/><W79/><REACH who="3" step="1"/><G92/><REACH who="3" ten="298,255,291,146" step="2"/><T11/><D70/><U86/><N who="1" m="5120" /><DORA hai="49" /><U68/><E68/><V110/><F110/><W115/><G115/><T1/><D106/><U18/><E18/><V133/><F133/><W53/><G53/><T19/><D105/><U65/><E65/><V131/><F131/><W58/><G58/><T100/><D19/><U34/><E34/><V109/><F109/><W76/><N who="3" m="19456" /><DORA hai="55" /><W135/><G135/><T51/><D17/><U117/><E117/><V59/><F27/><W2/><G2/><T50/><D93/><U85/><E3/><V114/><F114/><W125/><G125/><N who="2" m="48233" /><F25/><W44/><AGARI ba="1,1" hai="24,29,33,38,40,44,81,82,88,90,91" m="19456" machi="44" ten="50,8000,1" yaku="1,1,0,1,52,1,54,1,53,1" doraHai="43,49,55" doraHaiUra="30,128,57" who="3" fromWho="3" sc="298,-21,255,-21,291,-41,146,93" /><INIT seed="7,0,0,5,4,17" ten="277,234,250,239" oya="3" hai0="39,88,49,9,66,101,0,15,98,129,35,50,20" hai1="44,97,74,32,108,73,47,79,110,30,62,55,85" hai2="103,112,64,76,78,57,91,14,6,116,63,80,104" hai3="84,34,60,72,25,111,23,8,3,93,96,48,5"/><W107/><G72/><T13/><D39/><U87/><E97/><V86/><F116/><W134/><G134/><T18/><D35/><U120/><E32/><V82/><F112/><W122/><G122/><T114/><D0/><U83/><E30/><V31/><F104/><W29/><G111/><T52/><D114/><U105/><E105/><V40/><F40/><W102/><G48/><T130/><D88/><U119/><E62/><V117/><F103/><W56/><G84/><T24/><D66/><U121/><E83/><V70/><F70/><W125/><G125/><T100/><D50/><U51/><E51/><V7/><F31/><W65/><G34/><T126/><D15/><U135/><E55/><V46/><F46/><W1/><G107/><T90/><D90/><U45/><E45/><V33/><F33/><W132/><G132/><T123/><D123/><U109/><E109/><V21/><F117/><W11/><G11/><T95/><D101/><U106/><E106/><V99/><F99/><W19/><G1/><T26/><D126/><U61/><E61/><V2/><F2/><W92/><G92/><T10/><D10/><U4/><E135/><V16/><F91/><W41/><G41/><T27/><REACH who="0" step="1"/><D9/><REACH who="0" ten="267,234,250,239" step="2"/><U38/><E38/><V77/><F78/><W36/><G36/><T58/><AGARI ba="0,1" hai="13,18,20,24,26,27,49,52,58,95,98,100,129,130" machi="58" ten="30,8000,1" yaku="1,1,2,1,0,1,52,1,54,1,53,0" doraHai="17" doraHaiUra="113" who="0" fromWho="0" sc="267,90,234,-20,250,-20,239,-40" owari="357,46.0,214,-19.0,230,3.0,199,-30.0" /></mjloggm>