<mjloggm ver="2.3"><GO type="169" lobby="0"/><UN n0="%67%61%79%75%6E%79" n1="%E3%81%B3%E3%82%8A%E3%81%B3%E3%82%8A%E2%98%86%E3%83%93%E3%83%AA%E3%83%BC" n2="%E5%B0%8F%E6%89%8B%E8%BF%94%E6%92%B2%E6%BB%85%E4%BC%9A%E9%95%B7" n3="%E9%8A%80%E8%89%B2%E3%81%84%E3%81%8C%E3%81%90%E3%82%8A" dan="16,17,17,18" rate="2123.75,2156.58,2162.50,2278.76" sx="M,M,F,M"/><TAIKYOKU oya="0"/><INIT seed="0,0,0,0,3,24" ten="250,250,250,250" oya="0" hai0="29,120,118,23,4,6,88,102,28,40,89,95,37" hai1="104,119,20,79,49,75,113,115,65,125,34,106,126" hai2="7,131,122,130,42,135,15,31,101,14,68,9,133" hai3="63,134,62,67,46,66,87,48,54,110,127,116,47"/><T13/><D120/><U1/><E34/><V58/><F68/><W41/><G116/><T43/><D118/><U0/><E65/><N who="3" m="24586" /><G87/><T83/><D37/><U99/><E49/><V73/><F73/><W22/><G22/><T59/><D83/><N who="1" m="45567" /><E20/><V18/><F122/><W80/><G80/><T107/><D107/><N who="1" m="41003" /><E1/><V39/><F101/><W82/><G82/><T57/><D102/><U2/><E2/><V91/><F91/><W123/><G110/><T36/><D36/><U52/><E52/><V12/><F58/><N who="3" m="35159" /><G134/><N who="2" m="51209" /><F39/><N who="3" m="21823" /><G127/><N who="1" m="48650" /><E0/><N who="2" m="231" /><F42/><N who="3" m="24695" /><G123/><T117/><D23/><U72/><E119/><V86/><F86/><W27/><G27/><T105/><D117/><U61/><E72/><V21/><F31/><W38/><G38/><T10/><D105/><U44/><E99/><V11/><F11/><W5/><G5/><T32/><D32/><U3/><E3/><V81/><F81/><W33/><G33/><T71/><D10/><U53/><E115/><V56/><F56/><W55/><G55/><T26/><D26/><AGARI ba="0,0" hai="12,14,15,18,21,26,130,131" m="231,51209" machi="26" ten="30,3900,0" yaku="20,1,34,2" doraHai="24" who="2" fromWho="0" sc="250,-39,250,0,250,39,250,0" /><INIT seed="1,0,0,5,5,105" ten="211,250,289,250" oya="1" hai0="8,83,86,63,93,38,102,6,109,68,3,61,111" hai1="7,34,10,79,21,133,81,104,54,24,55,125,52" hai2="71,127,33,121,26,32,22,27,1,69,115,36,20" hai3="30,37,82,35,4,53,41,132,77,116,15,85,91"/><U64/><E133/><V126/><F36/><W58/><G132/><T73/><D38/><U59/><E125/><N who="2" m="47627" /><F1/><W96/><G116/><T67/><D63/><U76/><E104/><V129/><F121/><W94/><G35/><N who="2" m="13385" /><F129/><W2/><G2/><T112/><D112/><U114/><E114/><V14/><F115/><W44/><G30/><T57/><D68/><N who="2" m="26186" /><F14/><W62/><G15/><T47/><D47/><U72/><E34/><V12/><F12/><W45/><G45/><T124/><D124/><U120/><E120/><V29/><F29/><W134/><G134/><T113/><D113/><U43/><E43/><V51/><F51/><W100/><REACH who="3" step="1"/><G4/><REACH who="3" ten="211,250,289,240" step="2"/><T0/><D0/><U18/><E7/><V118/><F118/><W130/><G130/><T48/><D6/><U23/><E10/><V92/><F92/><W119/><G119/><T98/><D8/><U70/><E23/><AGARI ba="0,1" hai="20,22,23,26,27" m="26186,13385,47627" machi="23" ten="40,5200,0" yaku="28,2,18,1" doraHai="105" who="2" fromWho="1" sc="211,0,250,-52,289,62,240,0" /><INIT seed="2,0,0,2,3,55" ten="211,198,351,240" oya="2" hai0="128,135,38,40,123,89,85,7,1,90,86,66,53" hai1="42,13,88,5,56,106,99,82,10,133,94,17,134" hai2="110,108,124,121,31,21,126,18,122,130,93,23,28" hai3="114,120,105,115,118,2,109,63,54,70,3,127,96"/><V45/><F45/><W80/><G120/><N who="2" m="46185" /><F93/><W100/><G118/><T27/><D123/><U35/><E35/><V101/><F101/><W112/><G127/><N who="2" m="48681" /><F130/><W98/><G109/><N who="2" m="42089" /><F21/><W97/><G80/><T29/><D128/><U67/><E106/><V62/><F62/><W103/><G98/><T33/><D86/><U43/><E82/><V8/><F8/><W68/><G68/><T34/><D85/><U14/><E133/><V19/><F19/><W51/><G70/><T119/><D135/><U24/><E134/><V11/><F11/><W26/><G63/><T48/><D34/><U22/><E43/><V46/><F46/><W15/><G100/><T0/><D40/><U6/><E42/><V81/><F81/><W59/><G97/><T113/><D33/><U77/><E10/><V52/><F52/><W32/><G96/><T69/><D53/><U50/><E77/><V73/><F73/><W83/><G103/><T41/><D69/><U16/><E17/><V117/><F117/><W87/><G83/><T4/><D41/><U57/><E50/><V131/><F131/><W64/><G54/><T20/><D48/><U132/><E132/><V72/><F72/><W9/><G51/><T84/><D119/><U61/><E57/><V95/><F95/><W25/><G59/><T30/><D84/><U129/><E129/><V39/><F39/><W74/><G87/><T12/><D20/><U47/><E47/><V78/><F78/><W58/><G74/><T44/><D38/><U76/><E76/><V60/><F60/><W65/><G58/><T111/><D44/><RYUUKYOKU ba="0,0" sc="211,-15,198,15,351,15,240,-15" hai1="5,6,13,14,16,22,24,56,61,67,88,94,99" hai2="18,23,28,31" /><INIT seed="2,1,0,3,3,128" ten="196,213,366,225" oya="2" hai0="9,79,1,34,56,51,55,80,93,38,114,41,71" hai1="110,94,61,36,28,3,19,88,89,63,31,111,115" hai2="15,24,131,133,75,5,32,42,117,81,104,12,46" hai3="72,118,7,112,129,66,92,65,23,84,103,68,97"/><V77/><F117/><W124/><G118/><T98/><D114/><U74/><E115/><V125/><F131/><W67/><G112/><T116/><D116/><U26/><E36/><V70/><F125/><W119/><G72/><T120/><D120/><U35/><E74/><V134/><F70/><W20/><G124/><T25/><D71/><U73/><E73/><V58/><F104/><W113/><G119/><T109/><D109/><N who="1" m="41483" /><E3/><V83/><F83/><W126/><G68/><T16/><D38/><U2/><E2/><V76/><F76/><W14/><G129/><T87/><D41/><U50/><E50/><V60/><F32/><W86/><G126/><T106/><D106/><U52/><E31/><V135/><F24/><W0/><G0/><T100/><D1/><U39/><E39/><N who="2" m="21855" /><F5/><W11/><G113/><T69/><D69/><U21/><E52/><AGARI ba="1,0" hai="12,15,52,58,60,75,77,81,133,134,135" m="21855" machi="52" ten="30,12000,1" yaku="20,1,52,3,54,1" doraHai="128" who="2" fromWho="1" sc="196,0,213,-123,366,123,225,0" /><INIT seed="2,2,0,4,0,52" ten="196,90,489,225" oya="2" hai0="11,119,131,3,68,50,59,75,98,67,53,48,103" hai1="2,31,19,55,34,8,22,129,33,38,121,4,21" hai2="76,118,117,15,47,54,46,94,6,27,122,30,123" hai3="73,28,9,93,64,36,106,7,101,13,37,61,81"/><V135/><F76/><W42/><G106/><T72/><D119/><U45/><E38/><V0/><F54/><W60/><G60/><T66/><D131/><U39/><E39/><V14/><F94/><W82/><G28/><T16/><D48/><U83/><E129/><V99/><F99/><W95/><G95/><T96/><D96/><U32/><E83/><V124/><F124/><W43/><G37/><T104/><D3/><U49/><E121/><V63/><F63/><W78/><G36/><T25/><D68/><U115/><E115/><V41/><F41/><W85/><G93/><T12/><REACH who="0" step="1"/><D25/><REACH who="0" ten="186,90,489,225" step="2"/><U17/><E49/><V51/><F27/><W80/><G101/><T105/><D105/><U1/><E45/><V69/><F0/><W120/><G120/><T20/><D20/><N who="1" m="7787" /><E2/><V92/><F51/><W70/><G73/><AGARI ba="2,1" hai="11,12,16,50,53,59,66,67,72,73,75,98,103,104" machi="73" ten="40,5200,0" yaku="1,1,52,1,54,1,53,0" doraHai="52" doraHaiUra="57" who="0" fromWho="3" sc="186,68,90,0,489,0,225,-58" /><INIT seed="3,0,0,4,5,113" ten="254,90,489,167" oya="3" hai0="119,36,5,97,129,55,90,89,40,105,7,56,77" hai1="10,31,132,92,98,14,44,133,13,104,47,23,102" hai2="20,71,62,88,127,2,82,74,126,114,3,1,106" hai3="108,0,75,24,76,69,8,57,29,121,49,41,124"/><W117/><G121/><T107/><D129/><U19/><E104/><V6/><F106/><W37/><G69/><T43/><D77/><U42/><E31/><V22/><F114/><W130/><G130/><T35/><D56/><U116/><E116/><V87/><F6/><W118/><G49/><T72/><D55/><U54/><E54/><V112/><F74/><W45/><G57/><T109/><D72/><U110/><E110/><V25/><F25/><W50/><G50/><T101/><D35/><U52/><E52/><V79/><F79/><W15/><G108/><T86/><D86/><U26/><E26/><V111/><F111/><W83/><G124/><N who="2" m="47657" /><F112/><W120/><G120/><T46/><D109/><U60/><E60/><V100/><F100/><W66/><G66/><AGARI ba="0,0" hai="1,2,3,20,22,62,66,71,82,87,88" m="47657" machi="66" ten="40,2600,0" yaku="18,1,54,1" doraHai="113" who="2" fromWho="3" sc="254,0,90,0,489,26,167,-26" /><INIT seed="4,0,0,5,4,23" ten="254,90,515,141" oya="0" hai0="110,74,11,3,125,94,46,118,123,32,39,41,134" hai1="45,15,87,133,73,99,31,120,84,67,13,19,6" hai2="48,36,70,106,50,126,86,34,49,4,122,24,83" hai3="17,115,105,109,25,130,97,82,60,0,88,9,103"/><T8/><RYUUKYOKU type="yao9" ba="0,0" sc="254,0,90,0,515,0,141,0" hai0="3,8,11,32,39,41,46,74,94,110,118,123,125,134" /><INIT seed="4,1,0,5,5,27" ten="254,90,515,141" oya="0" hai0="60,74,30,71,7,135,75,40,48,36,62,93,120" hai1="12,130,66,121,77,72,10,8,107,73,11,85,63" hai2="32,2,46,20,116,119,125,94,45,5,21,122,43" hai3="96,112,99,133,106,131,80,108,82,127,50,76,39"/><T64/><D120/><U58/><E121/><V111/><F32/><W14/><G39/><T98/><D135/><U33/><E130/><V68/><F111/><W53/><G108/><T15/><D36/><U65/><E107/><V51/><F68/><W13/><G133/><T44/><D62/><U24/><E66/><V35/><F35/><W49/><G131/><T102/><D7/><U79/><E12/><V37/><F125/><W9/><G106/><T29/><REACH who="0" step="1"/><D15/><REACH who="0" ten="244,90,515,141" step="2"/><U86/><E63/><V28/><F5/><W101/><G14/><T117/><D117/><U16/><E65/><V47/><F122/><W84/><G127/><T56/><D56/><U134/><E58/><V59/><F59/><W81/><G49/><T115/><D115/><U78/><E134/><V91/><F37/><W26/><G112/><T104/><D104/><U67/><E67/><V6/><F6/><W100/><G13/><T54/><D54/><U52/><E52/><V95/><F51/><W70/><G50/><T19/><D19/><U89/><E16/><V22/><F119/><W87/><G53/><T128/><D128/><U83/><E73/><AGARI ba="1,1" hai="29,30,40,44,48,60,64,71,73,74,75,93,98,102" machi="73" ten="40,12000,1" yaku="1,1,52,2,53,1" doraHai="27" doraHaiUra="92" who="0" fromWho="1" sc="244,133,90,-123,515,0,141,0" owari="377,18.0,-33,-53.0,515,61.0,141,-26.0" /></mjloggm>