<mjloggm ver="2.3"><GO type="225" lobby="0"/><UN n0="%E3%82%8F%E3%81%A3%E3%81%97%E3%82%87%E3%81%84%E5%90%9B%32%E5%8F%B7" n1="%73%75%7A%75%6D%65%33" n2="%E5%B7%A5%E8%97%A4%E6%96%B0%E4%B8%80" n3="%E3%81%AB%E3%81%9B%E6%82%9F%E7%A9%BA" dan="16,17,16,17" rate="2190.33,2191.08,2130.43,2180.45" sx="M,M,M,M"/><TAIKYOKU oya="0"/><INIT seed="0,0,0,4,0,128" ten="250,250,250,250" oya="0" hai0="0,134,67,50,13,27,70,72,11,4,124,129,73" hai1="41,25,98,23,2,7,85,77,127,39,45,59,34" hai2="87,110,15,126,83,54,14,40,9,52,101,47,65" hai3="106,19,49,46,29,114,10,82,16,123,97,89,1"/><T135/><D129/><U76/><E127/><V43/><F110/><W21/><G114/><T61/><D124/><U36/><E36/><V107/><F126/><W96/><G123/><T48/><D27/><U78/><E34/><V115/><F115/><W91/><G106/><T132/><D0/><U116/><E116/><V53/><F65/><W99/><G29/><T95/><D95/><U120/><E120/><V66/><F66/><W102/><G102/><T100/><D100/><U86/><E98/><V28/><F28/><W64/><G64/><T112/><D112/><U6/><E59/><V79/><F101/><W75/><G75/><AGARI ba="0,0" hai="4,11,13,48,50,61,67,70,72,73,75,132,134,135" machi="75" ten="50,12000,1" yaku="20,1,52,3" doraHai="128" who="0" fromWho="3" sc="250,120,250,0,250,0,250,-120" /><INIT seed="0,1,0,3,1,102" ten="370,250,250,130" oya="0" hai0="39,75,128,129,76,74,43,84,111,64,55,1,94" hai1="99,82,86,45,95,15,51,87,73,30,124,4,17" hai2="77,109,78,23,92,3,19,59,71,118,31,54,61" hai3="115,62,50,134,96,56,83,38,81,93,28,12,68"/><T8/><D64/><U7/><E124/><V125/><F109/><W21/><G38/><T121/><D121/><U97/><E30/><V122/><F125/><W40/><G115/><T60/><D111/><U6/><E73/><V69/><F122/><W13/><G134/><T9/><D43/><N who="1" m="25023" /><E95/><V123/><F123/><W90/><G68/><T126/><D39/><U119/><E119/><V53/><F118/><W57/><G28/><T110/><D110/><U85/><E82/><N who="3" m="31242" /><G21/><AGARI ba="1,0" hai="4,6,7,15,17,21,85,86,87,97,99" m="25023" machi="21" ten="30,1000,0" yaku="8,1" doraHai="102" who="1" fromWho="3" sc="370,0,250,13,250,0,130,-13" /><INIT seed="1,0,0,2,2,48" ten="370,263,250,117" oya="1" hai0="98,40,18,37,33,70,99,72,121,97,64,7,67" hai1="16,42,74,1,114,24,128,80,54,105,43,73,108" hai2="8,82,130,124,3,66,122,13,129,6,23,55,11" hai3="41,109,111,123,45,28,14,117,79,56,94,96,62"/><U125/><E114/><V132/><F122/><W60/><G123/><T2/><D33/><U119/><E119/><V47/><F124/><W68/><G79/><T9/><D121/><U69/><E69/><V52/><F132/><W22/><G117/><T12/><D70/><U115/><E115/><V10/><F66/><W29/><G68/><T49/><D37/><U91/><E105/><V93/><F82/><W112/><G112/><T83/><D72/><U103/><E1/><V57/><F93/><W31/><G111/><T95/><D83/><U46/><E103/><V84/><F84/><W104/><G104/><T25/><D95/><U4/><E4/><V85/><F85/><W102/><G109/><T63/><D63/><U75/><E108/><V110/><F110/><W17/><REACH who="3" step="1"/><G56/><REACH who="3" ten="370,263,250,107" step="2"/><T51/><D40/><U77/><E42/><V5/><F57/><W126/><G126/><T131/><D131/><N who="2" m="50186" /><F47/><W100/><G100/><T90/><D90/><U76/><E128/><V38/><F38/><AGARI ba="0,1" hai="14,17,22,28,29,31,38,41,45,60,62,94,96,102" machi="38" ten="40,1300,0" yaku="1,1,53,0" doraHai="48" doraHaiUra="135" who="3" fromWho="2" sc="370,0,263,0,250,-13,107,23" /><INIT seed="2,0,0,4,0,65" ten="370,263,237,130" oya="2" hai0="57,112,54,43,22,129,81,6,67,7,101,96,12" hai1="106,19,63,132,26,8,24,94,45,98,39,52,115" hai2="78,97,118,134,36,23,56,125,116,41,25,85,10" hai3="44,69,51,30,28,99,21,16,3,79,58,76,135"/><V46/><F125/><W87/><G3/><T91/><D67/><U66/><E115/><V74/><F134/><W111/><G135/><T77/><D43/><U13/><E106/><V11/><F74/><W40/><G111/><T117/><D91/><U60/><E132/><V95/><F56/><W75/><G75/><T73/><D129/><U2/><E2/><V32/><F32/><W88/><G69/><T47/><D47/><U15/><E15/><V108/><F108/><W84/><G58/><T102/><D102/><U103/><E39/><V86/><F116/><W127/><G127/><T121/><D121/><U38/><E38/><V5/><F118/><W42/><G99/><T120/><D120/><U110/><E110/><V105/><F105/><W18/><G42/><T61/><D112/><U72/><E72/><V82/><F85/><W71/><G71/><T113/><D113/><U14/><E14/><V122/><F5/><W31/><G87/><T104/><D117/><U27/><E66/><V89/><REACH who="2" step="1"/><F122/><REACH who="2" ten="370,263,227,130" step="2"/><W4/><G4/><T90/><D6/><U49/><AGARI ba="0,1" hai="8,13,19,24,26,27,45,49,52,60,63,94,98,103" machi="49" ten="30,4000,0" yaku="0,1,8,1,54,1" doraHai="65" who="1" fromWho="1" sc="370,-10,263,50,227,-20,130,-10" /><INIT seed="3,0,0,1,4,77" ten="360,313,207,120" oya="3" hai0="124,18,58,16,48,65,4,63,75,53,128,0,102" hai1="49,78,10,45,123,132,131,33,82,114,64,108,29" hai2="32,56,15,2,43,37,44,79,133,51,38,11,28" hai3="107,125,39,93,40,110,105,24,135,46,100,67,96"/><W115/><G115/><T106/><D124/><U62/><E114/><V69/><F133/><W3/><G135/><T84/><D75/><U35/><E132/><V90/><F2/><W98/><G3/><T130/><D84/><U83/><E123/><V68/><F79/><W104/><G125/><T47/><D102/><U81/><E78/><V118/><F118/><W80/><G67/><T13/><D106/><U61/><E131/><N who="0" m="50217" /><D0/><U66/><E10/><AGARI ba="0,0" hai="4,10,13,16,18,47,48,53,58,63,65" m="50217" machi="10" ten="30,2000,0" yaku="19,1,54,1" doraHai="77" who="0" fromWho="1" sc="360,20,313,-20,207,0,120,0" owari="380,48.0,293,9.0,207,-19.0,120,-38.0" /></mjloggm>