<mjloggm ver="2.3"><GO type="185" lobby="0"/><UN n0="%E3%81%BF%E3%83%BC%E3%82%8F" n1="%72%61%74%65%72%61%74%65" n2="%E3%82%84%E3%81%BE%E3%81%8B%E3%81%84" n3="" dan="17,17,17,0" rate="2232.33,2243.63,2272.36,1500.00" sx="M,M,M,C"/><TAIKYOKU oya="0"/><INIT seed="0,0,0,3,3,117" ten="350,350,350,0" oya="0" hai0="125,97,123,121,106,48,44,54,35,53,93,64,105" hai1="3,34,76,111,1,57,58,49,112,38,2,89,55" hai2="0,52,91,72,115,51,47,80,74,63,103,66,83" hai3=""/><T82/><N who="0" m="31008" /><T79/><N who="0" m="31520" /><T116/><D116/><U99/><E34/><V42/><F115/><T69/><D35/><U56/><E111/><V124/><F124/><T128/><D125/><U101/><E112/><V108/><F108/><T60/><D128/><U78/><E38/><V130/><F130/><T118/><D118/><U45/><REACH who="1" step="1"/><E89/><REACH who="1" ten="350,340,350,0" step="2"/><V61/><F91/><T73/><D54/><U129/><E129/><V41/><F0/><T134/><D134/><U75/><E75/><V94/><F74/><T37/><D37/><U84/><E84/><V135/><F72/><T102/><AGARI ba="0,1" hai="44,48,53,60,64,69,73,79,82,93,97,102,105,106" m="31520,31008" machi="102" ten="20,12000,2" yaku="0,1,7,1,52,4" doraHai="117" who="0" fromWho="0" sc="350,130,340,-60,350,-60,0,0" /><INIT seed="0,1,0,3,1,88" ten="480,280,290,0" oya="0" hai0="75,130,34,66,126,118,82,50,96,47,52,80,62" hai1="122,114,123,83,128,39,101,35,1,36,94,125,72" hai2="105,79,60,84,108,78,91,59,74,40,54,53,109" hai3=""/><T129/><D118/><U68/><E94/><V116/><F116/><T133/><D34/><U113/><E101/><V49/><F105/><T121/><N who="0" m="31008" /><T77/><D133/><U76/><E83/><V87/><F40/><T92/><D82/><U117/><E76/><V61/><F74/><T63/><D126/><U3/><E3/><V97/><F97/><T45/><D47/><U89/><E89/><V115/><F115/><T131/><D66/><U90/><E90/><AGARI ba="1,0" hai="45,50,52,62,63,75,77,80,90,92,96,129,130,131" m="31008" machi="90" ten="40,12000,1" yaku="19,1,52,2,54,1" doraHai="88" who="0" fromWho="1" sc="480,122,280,-122,290,0,0,0" /><INIT seed="0,2,0,1,3,75" ten="602,158,290,0" oya="0" hai0="45,3,74,44,99,54,98,109,84,107,72,80,35" hai1="133,33,55,105,1,134,127,78,67,48,46,64,76" hai2="104,32,121,97,38,106,108,132,89,124,87,117,53" hai3=""/><T116/><D116/><U130/><E33/><V2/><RYUUKYOKU type="yao9" ba="2,0" sc="602,0,158,0,290,0,0,0" hai2="2,32,38,53,87,89,97,104,106,108,117,121,124,132" /><INIT seed="0,3,0,4,0,135" ten="602,158,290,0" oya="0" hai0="44,132,87,36,129,110,111,69,3,53,41,123,61" hai1="108,32,62,35,81,78,99,79,91,77,127,83,97" hai2="85,122,80,40,65,89,133,115,120,109,119,114,45" hai3=""/><T128/><N who="0" m="31520" /><T86/><D3/><U38/><E108/><N who="0" m="41513" /><D132/><U93/><E38/><V1/><N who="2" m="30752" /><V70/><N who="2" m="31264" /><V37/><F109/><T82/><D86/><U106/><E62/><V125/><F133/><T64/><D53/><U95/><E32/><V98/><F1/><T54/><D54/><U74/><E35/><V113/><F119/><T105/><D105/><U2/><E2/><V88/><F65/><T107/><D107/><U63/><E63/><V126/><REACH who="2" step="1"/><F70/><REACH who="2" ten="602,158,280,0" step="2"/><T48/><D36/><U58/><E58/><V34/><F34/><T39/><D39/><U68/><E68/><V96/><F96/><T52/><D41/><U116/><E116/><V43/><F43/><T103/><D129/><U118/><E118/><V47/><F47/><T131/><D128/><U75/><E106/><V134/><F134/><T130/><D131/><U71/><E71/><V76/><F76/><T84/><D130/><U50/><E78/><V73/><F73/><T90/><D69/><U56/><E56/><V51/><F51/><T46/><D64/><U0/><E50/><V101/><F101/><T49/><D103/><U94/><E0/><V33/><F33/><T59/><D49/><U124/><E97/><V60/><F60/><RYUUKYOKU ba="3,1" sc="602,-20,158,10,280,10,0,0" hai1="74,75,77,79,81,83,91,93,94,95,99,124,127" hai2="37,40,45,80,85,88,89,98,113,114,115,125,126" /><INIT seed="1,4,1,5,5,119" ten="582,168,290,0" oya="1" hai0="1,101,3,39,100,131,99,124,118,117,112,34,35" hai1="66,52,63,133,78,65,2,49,40,121,38,45,95" hai2="42,109,72,107,46,134,102,82,106,92,76,61,44" hai3=""/><U59/><N who="1" m="31008" /><U67/><E2/><N who="0" m="521" /><D112/><U91/><E78/><V103/><F109/><T64/><D64/><U74/><E74/><V69/><F134/><T55/><D55/><U130/><E130/><V96/><F102/><N who="0" m="39530" /><D99/><U50/><REACH who="1" step="1"/><E133/><REACH who="1" ten="582,158,290,0" step="2"/><V115/><F76/><T86/><D131/><U57/><E57/><V83/><F72/><T105/><D118/><U127/><E127/><V47/><F115/><T51/><D117/><U94/><E94/><V85/><F92/><T122/><D124/><U80/><E80/><V81/><F81/><T110/><D122/><U43/><E43/><V120/><F42/><T129/><D129/><U116/><E116/><V33/><F83/><T56/><D56/><U0/><E0/><V73/><F73/><T58/><D58/><U111/><E111/><V77/><N who="2" m="30752" /><V126/><F126/><T89/><D110/><U132/><E132/><V84/><F82/><T41/><D41/><U113/><E113/><V87/><F77/><T98/><D34/><U88/><E88/><V62/><F33/><T108/><D35/><U128/><E128/><V135/><F135/><T60/><D108/><U104/><E104/><V97/><F106/><T54/><D105/><U93/><E93/><V114/><F107/><RYUUKYOKU ba="4,2" sc="582,-10,158,20,290,-10,0,0" hai1="38,40,45,49,50,52,59,63,65,66,67,91,95" /><INIT seed="1,5,2,0,2,47" ten="572,178,280,0" oya="1" hai0="118,91,103,98,58,106,86,82,62,3,55,112,64" hai1="121,89,88,130,84,123,60,92,110,40,114,39,131" hai2="107,74,101,120,97,69,96,59,90,44,111,119,70" hai3=""/><U115/><N who="1" m="31008" /><U105/><N who="1" m="31520" /><U109/><E60/><V134/><N who="2" m="30752" /><V108/><F119/><T35/><D118/><U2/><E2/><V52/><F134/><T49/><D3/><U61/><E61/><V83/><F44/><T85/><D112/><N who="1" m="43051" /><E40/><V51/><F96/><T72/><D35/><U54/><E54/><V50/><F90/><T76/><REACH who="0" step="1"/><D91/><REACH who="0" ten="562,178,280,0" step="2"/><U77/><E39/><V87/><F111/><N who="1" m="42505" /><E77/><V104/><F108/><T37/><D37/><U135/><E135/><V32/><F32/><T45/><AGARI ba="5,3" hai="45,49,55,58,62,64,72,76,82,85,86,98,103,106" machi="45" ten="20,6000,1" yaku="1,1,0,1,7,1,52,1,53,1" doraHai="47" doraHaiUra="79" who="0" fromWho="0" sc="562,100,178,-45,280,-25,0,0" /><INIT seed="2,0,0,2,0,132" ten="662,133,255,0" oya="2" hai0="84,67,40,128,111,74,101,32,77,38,47,93,43" hai1="76,117,124,60,115,126,90,116,1,34,35,109,120" hai2="44,125,86,61,100,79,131,62,134,66,85,110,72" hai3=""/><V39/><F134/><T75/><D32/><N who="1" m="12331" /><E1/><V42/><F131/><T103/><D111/><U69/><N who="1" m="30752" /><U98/><E76/><V65/><F110/><T68/><D128/><U55/><E109/><V97/><F72/><T104/><D43/><U92/><E115/><V37/><F79/><T107/><D67/><U83/><E83/><V49/><F49/><T123/><N who="0" m="31520" /><T3/><D68/><U81/><E81/><V78/><F78/><T135/><D135/><U95/><E95/><V0/><F0/><T118/><D118/><N who="1" m="45675" /><E69/><V33/><F33/><T56/><D3/><U112/><E112/><V96/><F100/><T41/><D103/><U52/><E60/><V54/><F62/><T121/><D101/><U2/><E2/><V82/><F61/><T73/><D74/><U102/><E102/><V113/><F82/><T114/><D73/><U57/><E57/><V94/><F94/><T51/><D56/><U46/><E46/><V99/><F44/><T58/><D47/><U87/><E98/><V129/><F99/><T70/><D75/><U105/><E105/><V50/><F129/><T80/><D107/><U88/><E88/><V63/><F113/><T59/><D114/><U45/><E45/><V89/><F89/><RYUUKYOKU ba="0,0" sc="662,-10,133,20,255,-10,0,0" hai1="52,55,87,90,92,124,126" /><INIT seed="4,1,0,2,1,91" ten="652,153,245,0" oya="0" hai0="76,100,58,71,3,124,52,115,64,111,97,103,108" hai1="61,50,107,77,59,56,118,99,116,78,109,67,135" hai2="37,102,80,121,53,43,117,2,49,87,60,47,98" hai3=""/><T40/><D3/><U132/><E109/><N who="0" m="42057" /><D115/><U106/><E107/><V127/><N who="2" m="31008" /><V84/><F127/><T42/><D124/><U75/><E106/><V33/><F117/><N who="1" m="45161" /><E99/><V46/><F2/><T51/><D76/><N who="1" m="29291" /><E75/><V1/><F1/><T36/><D36/><U125/><E125/><V126/><F126/><T39/><D39/><U85/><E85/><V95/><F33/><T104/><D103/><U120/><N who="1" m="30752" /><U90/><E90/><V88/><F87/><T130/><D130/><U74/><E74/><V48/><F37/><T57/><D71/><U86/><E86/><V35/><F35/><T131/><D131/><U122/><N who="1" m="31264" /><U65/><E50/><V72/><F72/><T44/><D97/><U45/><E45/><V96/><F96/><T133/><D100/><U83/><E83/><V54/><F60/><T32/><D104/><U92/><E92/><V134/><F134/><N who="1" m="51241" /><E61/><V73/><F73/><T114/><D133/><U112/><E112/><V110/><F110/><T66/><D114/><U34/><E34/><V70/><F80/><T113/><D113/><U68/><E68/><V129/><F70/><T79/><D32/><U94/><E94/><V0/><F0/><T63/><D63/><U41/><E41/><RYUUKYOKU ba="1,0" sc="652,-10,153,20,245,-10,0,0" hai1="56,59,65,67" /><INIT seed="5,2,0,3,2,111" ten="642,173,235,0" oya="1" hai0="64,96,69,129,46,89,45,43,34,75,88,42,71" hai1="44,36,127,50,131,117,81,60,102,68,40,33,51" hai2="0,104,97,32,78,114,53,65,105,2,76,83,56" hai3=""/><U73/><E117/><V118/><F118/><T85/><D75/><U35/><E33/><V108/><F108/><T74/><D74/><U109/><E35/><V86/><F32/><T87/><D34/><U119/><E109/><V126/><F126/><T135/><D96/><U70/><E119/><V77/><F65/><T79/><D64/><U61/><E127/><V39/><F39/><T59/><D59/><U122/><N who="1" m="31264" /><U80/><E102/><V120/><N who="2" m="30752" /><V107/><F97/><T98/><D98/><U91/><E131/><V66/><F66/><T100/><D79/><U82/><E73/><V54/><F114/><T130/><D135/><U72/><E72/><V99/><F99/><T124/><D124/><U57/><E91/><V92/><F92/><T125/><D125/><U103/><E103/><AGARI ba="2,0" hai="42,43,45,46,69,71,85,87,88,89,100,103,129,130" machi="103" ten="25,3200,0" yaku="22,2,54,1" doraHai="111" who="0" fromWho="1" sc="642,36,173,-36,235,0,0,0" /><INIT seed="6,0,0,0,4,100" ten="678,137,235,0" oya="2" hai0="122,71,115,101,60,79,69,32,41,58,107,43,86" hai1="88,99,59,50,81,118,56,38,84,48,130,127,36" hai2="92,132,62,96,95,2,3,63,51,76,90,34,37" hai3=""/><V53/><F37/><T106/><N who="0" m="31264" /><T113/><D32/><U55/><E127/><V105/><F34/><T110/><D110/><U109/><E130/><V68/><F105/><N who="0" m="39946" /><D101/><U123/><N who="1" m="31520" /><U112/><E112/><N who="0" m="43081" /><D86/><U119/><E109/><V128/><F128/><T44/><D79/><U47/><E99/><V45/><F96/><T124/><D124/><U131/><E131/><V103/><F76/><T85/><D85/><U57/><REACH who="1" step="1"/><E50/><REACH who="1" ten="678,127,235,0" step="2"/><V77/><F51/><T93/><D93/><U133/><E133/><V125/><F95/><T0/><D0/><U126/><E126/><V39/><F92/><T91/><D91/><U87/><E87/><V72/><F90/><T116/><D116/><U97/><E97/><V111/><F125/><T114/><D114/><U1/><E1/><V70/><F111/><T73/><D73/><U129/><E129/><V75/><F75/><T35/><D35/><U67/><E67/><V98/><F72/><T61/><D71/><U78/><E78/><V40/><F77/><T65/><D69/><U117/><AGARI ba="0,1" hai="36,38,47,48,55,56,57,59,81,84,88,117,118,119" m="31520" machi="117" ten="40,6000,1" yaku="1,1,0,1,12,1,52,1,54,1,53,0" doraHai="100" doraHaiUra="108" who="1" fromWho="1" sc="678,-20,127,70,235,-40,0,0" owari="658,60.0,197,-20.0,195,-40.0,0,0.0" /></mjloggm>