<mjloggm ver="2.3"><GO type="169" lobby="0"/><UN n0="%E3%81%8D%E3%81%BF%E3%81%A9%E3%82%8A%E3%82%93" n1="%E3%83%AD%E3%83%83%E3%82%BD" n2="%6B%61%74%65%72%69%6E%61" n3="%E8%BD%9F%E9%8B%BC%E9%89%84" dan="17,17,17,16" rate="2168.15,2165.01,2134.87,2208.79" sx="F,F,M,M"/><TAIKYOKU oya="0"/><INIT seed="0,0,0,4,3,107" ten="250,250,250,250" oya="0" hai0="113,77,59,39,62,50,108,109,41,34,22,80,133" hai1="132,126,102,58,65,122,105,90,30,72,89,87,47" hai2="44,69,54,67,48,103,98,128,19,118,93,51,0" hai3="31,27,111,16,114,121,97,129,84,2,26,7,85"/><T21/><D113/><U1/><E1/><V68/><F118/><W6/><G114/><T10/><D34/><U127/><E30/><V13/><F128/><W73/><G121/><T61/><D133/><U92/><E47/><V9/><F67/><W116/><G116/><T123/><D123/><U63/><E122/><V46/><REACH who="2" step="1"/><F0/><REACH who="2" ten="250,250,240,250" step="2"/><W17/><G2/><T5/><D108/><U74/><E132/><V130/><F130/><W49/><G111/><T110/><D110/><U83/><E102/><V32/><F32/><W112/><G129/><T11/><D109/><U53/><E65/><V75/><F75/><W106/><G73/><T33/><D33/><U42/><E105/><V23/><F23/><W96/><G106/><T82/><D21/><U125/><REACH who="1" step="1"/><E42/><AGARI ba="0,1" hai="9,13,19,42,44,46,48,51,54,68,69,93,98,103" machi="42" ten="30,3900,0" yaku="1,1,7,1,53,1" doraHai="107" doraHaiUra="94" who="2" fromWho="1" sc="250,0,250,-39,240,49,250,0" /><INIT seed="1,0,0,1,1,125" ten="250,211,289,250" oya="1" hai0="102,14,68,21,22,117,30,133,111,7,130,121,6" hai1="40,88,119,74,39,65,43,118,18,120,8,127,101" hai2="42,13,95,100,36,51,49,104,106,91,70,55,47" hai3="79,44,83,38,78,97,90,94,87,50,41,2,103"/><U71/><E74/><V69/><F36/><W67/><G2/><T9/><D68/><U98/><E120/><V60/><F13/><W132/><G132/><T26/><D102/><U80/><E127/><V66/><F100/><W31/><G67/><T34/><D117/><U63/><E43/><V116/><F70/><W108/><G108/><T62/><D111/><U20/><E8/><V28/><F28/><W75/><G31/><T85/><D62/><U52/><E52/><V86/><REACH who="2" step="1"/><F116/><REACH who="2" ten="250,211,279,250" step="2"/><W110/><G110/><T77/><D133/><U10/><E39/><V23/><F23/><W46/><G75/><T61/><D121/><U54/><E20/><V72/><F72/><W29/><G29/><T134/><D134/><U81/><E101/><V89/><F89/><W5/><G5/><T115/><D30/><U4/><E18/><V92/><F92/><W27/><G27/><T76/><D14/><U126/><E126/><V96/><F96/><W48/><REACH who="3" step="1"/><G38/><REACH who="3" ten="250,211,279,240" step="2"/><T15/><D26/><U64/><E119/><V19/><F19/><W105/><G105/><T129/><D15/><U58/><E118/><V59/><AGARI ba="0,2" hai="42,47,49,51,55,59,60,66,69,86,91,95,104,106" machi="59" ten="20,2700,0" yaku="1,1,0,1,7,1,53,0" doraHai="125" doraHaiUra="122" who="2" fromWho="2" sc="250,-7,211,-13,279,47,240,-7" /><INIT seed="2,0,0,5,4,5" ten="243,198,326,233" oya="2" hai0="103,119,8,120,96,46,26,24,79,39,11,86,62" hai1="60,42,117,93,112,81,116,129,100,132,53,38,17" hai2="80,35,122,85,89,4,22,54,72,131,134,48,121" hai3="52,29,71,58,10,118,9,102,12,20,135,113,18"/><V25/><F134/><W7/><G118/><T45/><D120/><U123/><E112/><V83/><F131/><W91/><G71/><T94/><D119/><U66/><E81/><V124/><F124/><W114/><G135/><T110/><D110/><U37/><E100/><V56/><F35/><W40/><G102/><T133/><D133/><U130/><E93/><V15/><F80/><W97/><G40/><T27/><D62/><U55/><E17/><V95/><F25/><W41/><G41/><T19/><D39/><N who="1" m="14859" /><E42/><V126/><F126/><W21/><G29/><T6/><D19/><U13/><E13/><V67/><F67/><W63/><G114/><T68/><D68/><N who="1" m="42055" /><E132/><V16/><REACH who="2" step="1"/><F4/><REACH who="2" ten="243,198,316,233" step="2"/><W32/><G32/><T76/><D6/><U90/><E117/><V98/><F98/><W127/><G127/><T49/><D86/><U111/><E116/><V82/><F82/><W77/><G113/><T64/><D64/><U2/><E123/><V50/><F50/><W109/><G109/><T128/><D49/><U61/><E111/><V59/><F59/><W65/><G65/><T36/><D128/><U104/><E130/><V70/><F70/><W33/><G33/><T75/><D36/><U34/><E129/><V107/><F107/><W57/><G58/><T0/><D75/><U3/><E104/><V1/><F1/><N who="1" m="9" /><E34/><V43/><F43/><W84/><G97/><T44/><D0/><U101/><E61/><V73/><F73/><W125/><G125/><T88/><D103/><U115/><E115/><V105/><F105/><W51/><G63/><T92/><D92/><RYUUKYOKU ba="0,1" sc="243,15,198,-15,316,15,233,-15" hai0="8,11,24,26,27,44,45,46,76,79,88,94,96" hai2="15,16,22,48,54,56,72,83,85,89,95,121,122" /><INIT seed="2,1,1,0,1,47" ten="258,183,331,218" oya="2" hai0="88,91,54,67,40,36,28,93,118,81,99,29,50" hai1="82,23,1,10,55,108,126,5,71,16,101,19,11" hai2="21,84,87,33,114,46,132,48,113,115,51,20,83" hai3="110,103,117,133,38,105,34,41,95,100,78,35,85"/><V56/><F33/><W120/><G41/><T121/><D121/><U106/><E71/><V0/><F0/><W62/><G62/><T96/><D118/><U45/><E108/><V92/><F132/><W130/><G95/><N who="0" m="56423" /><D36/><U52/><E126/><V68/><F68/><W102/><G85/><N who="2" m="32841" /><F46/><W72/><G78/><T135/><D135/><U63/><E82/><V27/><F27/><W116/><G100/><T69/><D69/><U14/><E63/><V125/><F92/><W57/><G57/><N who="0" m="32983" /><D40/><U15/><REACH who="1" step="1"/><E45/><REACH who="1" ten="258,173,331,218" step="2"/><V107/><F83/><W3/><G110/><T127/><D127/><U86/><E86/><V134/><F125/><W13/><G133/><T131/><D81/><U79/><E79/><V9/><F134/><W109/><G109/><T44/><D131/><U37/><E37/><V24/><F115/><W128/><G38/><T104/><D44/><U112/><E112/><V26/><F114/><W124/><G124/><T53/><D67/><U129/><E129/><V70/><F70/><W60/><G130/><T76/><D76/><U17/><E17/><V65/><F113/><W59/><G128/><T49/><D104/><U4/><E4/><V7/><F107/><W22/><G105/><T98/><D98/><AGARI ba="1,2" hai="1,5,10,11,14,15,16,19,23,52,55,98,101,106" machi="98" ten="40,8000,1" yaku="1,1,54,2,53,1" doraHai="47" doraHaiUra="18" who="1" fromWho="0" sc="258,-83,173,103,331,0,218,0" /><INIT seed="3,0,0,0,1,37" ten="175,276,331,218" oya="3" hai0="52,113,96,17,108,22,55,27,83,57,93,2,39" hai1="124,99,107,4,73,58,109,133,135,50,26,43,125" hai2="25,72,62,79,110,18,13,126,80,64,49,105,33" hai3="24,6,34,65,114,115,116,97,35,16,42,20,70"/><W36/><G116/><T123/><D108/><U119/><E73/><V3/><F110/><W82/><G6/><T74/><D123/><U15/><E109/><V8/><F126/><N who="1" m="48745" /><E26/><V92/><F105/><W78/><G97/><T61/><D113/><U85/><E85/><V104/><F104/><W102/><G102/><T111/><D111/><U67/><E119/><V98/><F49/><W68/><G115/><T117/><D117/><U128/><E4/><V23/><F3/><W130/><G130/><T14/><D39/><U118/><E15/><V106/><F106/><W90/><G90/><T129/><D129/><U32/><E32/><V100/><F33/><W71/><G65/><T29/><D2/><U127/><E118/><V60/><REACH who="2" step="1"/><F64/><REACH who="2" ten="175,276,321,218" step="2"/><W9/><G114/><T1/><D1/><U31/><E67/><V77/><F77/><W5/><G34/><T69/><D55/><N who="1" m="32119" /><E127/><V131/><F131/><W95/><G35/><T19/><D83/><U103/><E128/><V59/><F59/><W134/><G95/><T121/><D121/><U41/><E31/><AGARI ba="0,1" hai="8,13,18,23,25,31,60,62,72,79,80,92,98,100" machi="31" ten="30,2000,0" yaku="1,1,7,1,53,0" doraHai="37" doraHaiUra="28" who="2" fromWho="1" sc="175,0,276,-20,321,30,218,0" /><INIT seed="4,0,0,1,3,11" ten="175,256,351,218" oya="0" hai0="127,130,19,63,74,65,73,56,125,101,94,9,85" hai1="131,107,5,103,134,6,17,81,97,88,10,118,116" hai2="91,40,93,29,45,49,120,8,122,64,16,82,2" hai3="119,15,129,90,126,111,52,67,41,51,106,42,124"/><T62/><D130/><U36/><E36/><V12/><F2/><W28/><G106/><T55/><D85/><U37/><E37/><V96/><F29/><W18/><G28/><T23/><D9/><U99/><E131/><V132/><F132/><W68/><G129/><T100/><D74/><U1/><E134/><V3/><F3/><W77/><G77/><T66/><D73/><U108/><E108/><V50/><F64/><W78/><G78/><T114/><D114/><U26/><E6/><V48/><REACH who="2" step="1"/><F82/><REACH who="2" ten="175,256,341,218" step="2"/><W72/><G111/><T95/><D66/><U25/><E81/><V57/><F57/><W117/><G67/><T104/><D104/><U105/><E105/><V0/><F0/><W70/><G68/><T24/><D95/><U86/><E1/><V47/><F47/><W113/><G70/><T39/><D94/><U7/><E107/><V35/><F35/><W109/><G109/><T13/><D39/><AGARI ba="0,1" hai="8,12,16,39,40,45,48,49,50,91,93,96,120,122" machi="39" ten="40,5200,0" yaku="1,1,52,1,54,1,53,0" doraHai="11" doraHaiUra="76" who="2" fromWho="0" sc="175,-52,256,0,341,62,218,0" /><INIT seed="5,0,0,4,3,102" ten="123,256,403,218" oya="1" hai0="18,20,125,16,114,113,86,82,110,74,123,35,61" hai1="53,111,130,19,52,69,4,99,106,58,15,46,37" hai2="14,81,29,93,100,9,73,94,63,31,5,13,23" hai3="36,78,96,41,131,60,54,124,64,105,24,62,72"/><U97/><E69/><V107/><F107/><W43/><G131/><T126/><D110/><U17/><E130/><V10/><F63/><W12/><G124/><N who="0" m="47723" /><D35/><U33/><E33/><V132/><F132/><W83/><G24/><N who="0" m="14343" /><D74/><U42/><E111/><V65/><F65/><W51/><G12/><T30/><D30/><U80/><E80/><V22/><F81/><W71/><G62/><T68/><D18/><U112/><E112/><N who="0" m="43113" /><D61/><U76/><E4/><V32/><F32/><W70/><G70/><T55/><D55/><U116/><E53/><V59/><F73/><W115/><G115/><T134/><D134/><U120/><E19/><V119/><F5/><W103/><REACH who="3" step="1"/><G36/><REACH who="3" ten="123,256,403,208" step="2"/><T118/><D68/><U45/><E37/><V133/><F14/><W3/><G3/><T88/><D123/><U2/><E2/><V104/><F13/><W57/><AGARI ba="0,1" hai="41,43,51,54,57,60,64,71,72,78,83,96,103,105" machi="57" ten="20,5200,0" yaku="1,1,0,1,7,1,52,1,53,0" doraHai="102" doraHaiUra="84" who="3" fromWho="3" sc="123,-13,256,-26,403,-13,208,62" /><INIT seed="6,0,0,5,0,121" ten="110,230,390,270" oya="2" hai0="101,135,1,105,15,65,102,10,120,88,131,97,16" hai1="34,129,43,103,86,69,39,42,26,80,58,133,27" hai2="66,64,89,92,79,72,93,53,107,61,55,24,75" hai3="85,18,91,83,126,60,22,130,62,112,35,111,122"/><V132/><F132/><W29/><G122/><T37/><D131/><U124/><E69/><V76/><F107/><W11/><G130/><T14/><D120/><U45/><E129/><V127/><F127/><W113/><G126/><T44/><D135/><U128/><E128/><V47/><F24/><W36/><G36/><T9/><D1/><U17/><E27/><V123/><F123/><W96/><G29/><T119/><D65/><U19/><E43/><V63/><F47/><W52/><G35/><T21/><D119/><U115/><E103/><V117/><REACH who="2" step="1"/><F89/><REACH who="2" ten="110,230,380,270" step="2"/><W54/><G91/><T68/><D102/><U28/><E124/><V104/><F104/><W8/><G113/><T70/><D88/><U23/><E26/><V110/><F110/><W74/><G111/><T87/><D44/><U114/><E133/><V116/><AGARI ba="0,1" hai="53,55,61,63,64,66,72,75,76,79,92,93,116,117" machi="116" ten="25,18000,2" yaku="1,1,0,1,22,2,53,2" doraHai="121" doraHaiUra="48" who="2" fromWho="2" sc="110,-60,230,-60,380,190,270,-60" /><INIT seed="6,1,0,0,5,69" ten="50,170,570,210" oya="2" hai0="70,58,122,51,95,102,91,81,50,113,88,92,34" hai1="46,80,14,96,132,90,12,124,120,82,21,20,52" hai2="100,101,71,110,77,67,54,97,119,0,61,60,3" hai3="87,29,17,74,56,106,105,126,35,89,2,15,79"/><V85/><F119/><W86/><G2/><T109/><D113/><U36/><E132/><V9/><F110/><W47/><G29/><T103/><D122/><U27/><E124/><V133/><F133/><W111/><G35/><T6/><D70/><U116/><E116/><V135/><F135/><W48/><G74/><T16/><D34/><U108/><E108/><V117/><F117/><W23/><G126/><T13/><D109/><U125/><E125/><V55/><F85/><W118/><G118/><T72/><D6/><U31/><E120/><V26/><F26/><W32/><G32/><T30/><D30/><U68/><E68/><V25/><F25/><W45/><G45/><T99/><D72/><U33/><E33/><V76/><F71/><W73/><G73/><T75/><D81/><N who="1" m="31339" /><E36/><V130/><F130/><W65/><G79/><T128/><D75/><U11/><E21/><V8/><F97/><W19/><G86/><N who="0" m="52343" /><D128/><U94/><E11/><V115/><REACH who="2" step="1"/><F67/><REACH who="2" ten="50,170,560,210" step="2"/><W5/><G65/><T37/><D37/><U42/><E96/><V40/><F40/><W121/><G87/><T22/><D51/><N who="1" m="28791" /><E42/><V41/><F41/><W18/><G111/><T39/><D39/><U64/><E64/><V107/><F107/><W38/><G106/><T10/><D10/><U127/><E127/><V78/><F78/><W98/><G105/><T123/><D123/><U114/><E114/><AGARI ba="1,1" hai="0,3,8,9,54,55,60,61,76,77,100,101,114,115" machi="114" ten="25,12000,1" yaku="1,1,22,2,53,2" doraHai="69" doraHaiUra="7" who="2" fromWho="1" sc="50,0,170,-123,560,133,210,0" /><INIT seed="6,2,0,5,3,127" ten="50,47,693,210" oya="2" hai0="130,100,129,11,86,71,31,76,19,113,117,89,48" hai1="60,61,105,63,92,106,123,77,35,72,80,39,94" hai2="131,8,59,28,103,118,49,110,107,23,40,119,46" hai3="111,116,87,120,42,0,52,64,78,97,121,34,43"/><V37/><F110/><W45/><G34/><T36/><D36/><U104/><E35/><V5/><F103/><W109/><G0/><T102/><D113/><U33/><E33/><V18/><F131/><N who="0" m="50186" /><D31/><U124/><E39/><V29/><F107/><W81/><G42/><T122/><D122/><U10/><E123/><V55/><F119/><W58/><G43/><T96/><D71/><U126/><REACH who="1" step="1"/><E10/><REACH who="1" ten="50,37,693,210" step="2"/><V15/><REACH who="2" step="1"/><F118/><REACH who="2" ten="50,37,683,210" step="2"/><W91/><G116/><T17/><D117/><U56/><E56/><V79/><F79/><W69/><G58/><T6/><D76/><U114/><E114/><V133/><F133/><W132/><G78/><T93/><D102/><U21/><E21/><V99/><F99/><W82/><G97/><T85/><D96/><U22/><E22/><V65/><F65/><W74/><G64/><T3/><D100/><U2/><E2/><AGARI ba="2,2" hai="2,5,8,15,18,23,28,29,37,40,46,49,55,59" machi="2" ten="30,2900,0" yaku="1,1,7,1,53,0" doraHai="127" doraHaiUra="73" who="2" fromWho="1" sc="50,0,37,-35,683,55,210,0" /><INIT seed="6,3,0,4,0,122" ten="50,2,738,210" oya="2" hai0="83,95,42,21,61,73,110,43,71,102,52,94,23" hai1="48,49,126,108,50,128,32,111,64,78,127,12,6" hai2="100,45,134,87,15,41,90,60,114,84,18,13,53" hai3="55,47,81,106,29,105,25,51,27,132,91,0,76"/><V10/><F114/><W68/><G0/><T34/><D34/><U9/><E32/><V123/><F123/><W40/><G68/><T98/><D110/><N who="1" m="42027" /><E78/><V72/><F134/><W19/><G132/><T69/><D69/><U24/><E24/><V101/><F72/><W2/><G2/><T112/><D71/><U16/><E64/><V39/><F87/><W109/><G91/><T97/><D112/><U131/><E6/><V37/><F37/><W75/><G109/><T130/><D73/><U26/><E26/><V135/><F135/><W44/><G19/><T96/><D83/><U8/><E8/><V117/><F117/><W1/><G25/><T77/><D77/><U22/><E22/><N who="0" m="8201" /><D98/><U62/><E62/><V57/><F15/><W89/><G89/><N who="0" m="55375" /><D130/><AGARI ba="3,0" hai="9,12,16,48,49,50,126,127,128,130,131" m="42027" machi="130" ten="40,8000,1" yaku="19,1,52,3,54,1" doraHai="122" who="1" fromWho="0" sc="50,-89,2,89,738,0,210,0" owari="-39,-54.0,91,-31.0,738,84.0,210,1.0" /></mjloggm>