<mjloggm ver="2.3"><GO type="169" lobby="0"/><UN n0="%E7%A5%9E%E9%A2%A8%E3%81%A6%E3%81%83%E3%81%A3%E3%81%97%E3%82%85" n1="%6B%6F%62%6F%7A" n2="%EF%BC%BC%28%EF%BC%BE%6F%EF%BC%BE%29%EF%BC%8F%E2%98%85" n3="%74%65%6E%67%75%6D%61%6E" dan="16,18,17,16" rate="2153.09,2205.14,2220.37,2145.70" sx="M,M,M,M"/><TAIKYOKU oya="0"/><INIT seed="0,0,0,2,2,9" ten="250,250,250,250" oya="0" hai0="67,125,59,60,90,69,55,2,40,42,5,25,34" hai1="135,81,31,89,94,107,13,126,113,11,100,115,73" hai2="0,32,7,112,53,24,61,70,101,66,119,10,6" hai3="68,91,93,52,78,49,72,87,3,12,123,45,15"/><T43/><D125/><U121/><E121/><V92/><F112/><W114/><G3/><T65/><D2/><U19/><E126/><V21/><F7/><W46/><G68/><T30/><D5/><U103/><E135/><V97/><F119/><W14/><G114/><N who="1" m="43530" /><E107/><V51/><F32/><W39/><G123/><T106/><D106/><U86/><E31/><V57/><F70/><W63/><G63/><T76/><D76/><AGARI ba="0,0" hai="11,13,19,73,76,81,86,89,94,100,103" m="43530" machi="76" ten="30,2000,0" yaku="11,1,52,1" doraHai="9" who="1" fromWho="0" sc="250,-20,250,20,250,0,250,0" /><INIT seed="1,0,0,0,3,128" ten="230,270,250,250" oya="1" hai0="121,114,36,86,48,13,14,2,7,93,25,104,22" hai1="67,52,115,71,91,79,50,72,63,60,66,105,57" hai2="11,29,101,31,113,27,59,41,20,4,47,9,10" hai3="118,131,89,28,110,65,127,126,35,26,124,53,74"/><U92/><E105/><V77/><F113/><W98/><G65/><T102/><D36/><U81/><E115/><V76/><F4/><W119/><G74/><T18/><D104/><U68/><E92/><V94/><F31/><W24/><G53/><T5/><D114/><U8/><E8/><V78/><F59/><W12/><G89/><AGARI ba="0,0" hai="50,52,57,60,63,66,67,68,71,72,79,81,89,91" machi="89" ten="40,3900,0" yaku="9,1,54,1" doraHai="128" who="1" fromWho="3" sc="230,0,270,39,250,0,250,-39" /><INIT seed="1,1,0,5,2,107" ten="230,309,250,211" oya="1" hai0="104,41,7,99,109,47,33,52,12,24,125,60,37" hai1="84,76,28,44,113,63,9,26,13,3,6,93,39" hai2="127,101,35,69,70,45,116,66,95,130,71,59,72" hai3="48,87,74,8,81,124,103,4,110,91,43,80,22"/><U114/><E63/><V25/><F116/><W102/><G110/><T83/><D109/><U34/><E93/><V85/><F127/><W78/><G124/><T77/><D125/><U135/><E135/><V27/><F130/><W120/><G120/><T40/><D40/><U23/><E84/><V126/><F126/><W62/><G62/><T128/><D128/><U10/><E76/><V64/><F59/><W79/><G91/><T49/><D24/><N who="1" m="18695" /><E44/><V42/><F72/><W2/><REACH who="3" step="1"/><G22/><REACH who="3" ten="230,309,250,201" step="2"/><T38/><D60/><U73/><E113/><V11/><F35/><W112/><G112/><T67/><D33/><U30/><E114/><V29/><F70/><W108/><G108/><T131/><D131/><U90/><E90/><V36/><F69/><W121/><G121/><T20/><D20/><U89/><E89/><V122/><F71/><W75/><G75/><T119/><D67/><U100/><E73/><V56/><F66/><W51/><G51/><T32/><D32/><U54/><E39/><V111/><F122/><W17/><G17/><T92/><D38/><U88/><E88/><V94/><F111/><W0/><G0/><T55/><D37/><U50/><E3/><V106/><F85/><W53/><G53/><T96/><D55/><U129/><E54/><V46/><F64/><W105/><G105/><T118/><D52/><U115/><E50/><V14/><F56/><W98/><G98/><N who="0" m="37419" /><D104/><U123/><E123/><V16/><F46/><AGARI ba="1,1" hai="2,4,8,43,46,48,74,78,79,80,81,87,102,103" machi="46" ten="40,2600,0" yaku="1,1,52,1,53,0" doraHai="107" doraHaiUra="58" who="3" fromWho="2" sc="230,0,309,0,250,-29,201,39" /><INIT seed="2,0,0,5,4,52" ten="230,309,221,240" oya="2" hai0="128,61,112,100,34,58,74,30,50,107,75,44,101" hai1="57,17,56,29,132,35,97,26,127,33,49,40,20" hai2="59,32,9,131,65,116,0,104,122,85,54,126,38" hai3="28,12,119,1,91,87,24,113,133,110,43,90,114"/><V53/><F116/><W11/><G1/><T124/><D112/><N who="3" m="43113" /><G43/><T125/><D128/><U79/><E79/><V16/><F122/><W111/><G119/><T7/><D7/><U106/><E132/><V130/><F32/><N who="3" m="20487" /><G133/><T94/><D94/><U60/><E127/><N who="0" m="48713" /><D30/><U27/><E35/><V72/><F72/><N who="0" m="27690" /><D107/><U117/><E117/><V66/><F104/><W103/><G103/><T84/><D84/><U76/><E76/><V98/><F38/><W6/><G91/><T47/><D47/><U63/><E97/><V105/><F85/><W102/><G102/><T46/><D46/><N who="1" m="25799" /><E33/><V68/><F126/><W120/><G120/><T19/><D19/><U36/><E36/><V80/><F105/><W115/><G115/><T10/><D10/><U89/><E89/><V25/><F98/><W31/><G31/><T3/><D3/><U93/><E93/><AGARI ba="0,0" hai="6,11,12,87,90,93,110,111" m="20487,43113" machi="93" ten="30,1000,0" yaku="11,1" doraHai="52" who="3" fromWho="1" sc="230,0,309,-10,221,0,240,10" /><INIT seed="3,0,0,3,1,98" ten="230,299,221,250" oya="3" hai0="97,13,79,42,27,66,119,123,5,10,132,49,32" hai1="130,84,51,72,77,87,116,121,17,75,53,82,115" hai2="70,91,20,109,12,65,33,18,131,58,126,99,31" hai3="54,117,102,85,47,43,88,9,69,6,44,108,107"/><W122/><G117/><T93/><D123/><U133/><E130/><V111/><F131/><W52/><G69/><T30/><D132/><U95/><E121/><V90/><F70/><W23/><G122/><T22/><D119/><U62/><E115/><V103/><F126/><W78/><G78/><T11/><D79/><U29/><E29/><V24/><F65/><W129/><G129/><T83/><D83/><U135/><E62/><V68/><F58/><W25/><G107/><T7/><D66/><U74/><E17/><V57/><F57/><W120/><G102/><T113/><D113/><U118/><E53/><V37/><F37/><W61/><G108/><N who="2" m="41545" /><F68/><W63/><G120/><T4/><D32/><U59/><E51/><V2/><F2/><W106/><G106/><AGARI ba="0,0" hai="12,18,20,24,31,33,90,91,99,103,106" m="41545" machi="106" ten="30,2000,0" yaku="14,1,52,1" doraHai="98" who="2" fromWho="3" sc="230,0,299,0,221,20,250,-20" /><INIT seed="4,0,0,1,2,9" ten="230,299,241,230" oya="0" hai0="124,44,5,87,19,12,35,78,52,73,49,32,82" hai1="104,58,37,126,50,108,30,96,106,31,135,93,22" hai2="53,109,26,68,77,21,112,116,23,3,17,4,66" hai3="118,40,121,1,125,94,8,103,20,56,62,128,133"/><T16/><D124/><U59/><E37/><V33/><F77/><W29/><G40/><T36/><D5/><U70/><E70/><V86/><F109/><W90/><G118/><T72/><D36/><U55/><E108/><V69/><F33/><W11/><G103/><T95/><D19/><U63/><E135/><V15/><F112/><W83/><G83/><T6/><D6/><U84/><E84/><V2/><F116/><W76/><G76/><T28/><D28/><U14/><E106/><V130/><F130/><W51/><G1/><T65/><D65/><N who="1" m="39159" /><E104/><V131/><F131/><W43/><G121/><T132/><D132/><U42/><E42/><V24/><F86/><N who="3" m="52567" /><G125/><T41/><D41/><U64/><E64/><V115/><F115/><W129/><G133/><T80/><D95/><U89/><E126/><V7/><F66/><N who="3" m="39239" /><G129/><T122/><D122/><U47/><E47/><V101/><F101/><W117/><G117/><T123/><D123/><U38/><E38/><V120/><F120/><W0/><G0/><T39/><D39/><U127/><E127/><V113/><F113/><W102/><G102/><T111/><D111/><U25/><E31/><V119/><F119/><W100/><G100/><T74/><REACH who="0" step="1"/><D82/><REACH who="0" ten="220,299,241,230" step="2"/><U48/><E30/><V114/><F114/><W81/><G81/><T54/><D54/><U91/><E55/><V79/><F53/><W99/><G128/><T34/><D34/><U46/><E93/><V18/><F79/><W98/><G29/><T88/><D88/><U67/><E91/><V110/><F110/><W105/><G43/><T97/><D97/><RYUUKYOKU ba="0,1" sc="220,15,299,-15,241,15,230,-15" hai0="12,16,32,35,44,49,52,72,73,74,78,80,87" hai2="2,3,4,7,15,17,18,21,23,24,26,68,69" /><INIT seed="4,1,1,0,4,46" ten="235,284,256,215" oya="0" hai0="115,109,34,47,59,10,37,66,12,79,56,118,13" hai1="82,24,31,94,122,120,41,23,80,11,102,76,132" hai2="1,97,61,0,127,70,68,16,130,50,8,73,39" hai3="85,4,64,40,110,20,32,86,72,96,99,83,113"/><T131/><D118/><U28/><E132/><V57/><F39/><W65/><G32/><T133/><D34/><U33/><E82/><V116/><F73/><W98/><G110/><T38/><D109/><U128/><E128/><V51/><F130/><W106/><G106/><T71/><D131/><U89/><E102/><V93/><F116/><W7/><G72/><T129/><D129/><U111/><E111/><V44/><F127/><W135/><G40/><T2/><D71/><U124/><E124/><V9/><F68/><W105/><G105/><T62/><D2/><U63/><E11/><V25/><F70/><W14/><G113/><T104/><D104/><U42/><E63/><V29/><F1/><W87/><G83/><T6/><D133/><U35/><E80/><V107/><F44/><W17/><REACH who="3" step="1"/><G135/><REACH who="3" ten="235,284,256,205" step="2"/><T126/><D115/><U74/><E74/><V19/><F107/><W49/><G49/><N who="2" m="18441" /><F8/><W108/><G108/><T5/><D126/><U15/><E35/><V27/><F0/><W26/><G26/><N who="2" m="9737" /><F9/><W75/><G75/><T91/><D38/><U95/><E33/><V77/><F77/><W112/><G112/><T123/><D79/><U52/><E76/><V60/><F29/><W92/><G92/><T100/><D37/><U90/><E31/><V101/><F61/><W3/><G3/><T58/><D62/><U114/><E28/><V55/><AGARI ba="1,2" hai="16,19,55,57,60,93,97,101" m="9737,18441" machi="55" ten="30,8000,1" yaku="8,1,52,3,54,1" doraHai="46" who="2" fromWho="2" sc="235,-41,284,-21,256,103,205,-21" /><INIT seed="5,0,0,0,1,51" ten="194,263,359,184" oya="1" hai0="122,73,27,120,11,9,67,42,43,112,93,36,52" hai1="118,100,7,95,115,33,78,41,125,50,0,47,75" hai2="60,77,69,65,10,8,79,12,123,84,90,119,40" hai3="59,102,16,26,124,4,134,54,34,38,80,2,89"/><U110/><E118/><V88/><F119/><W127/><G38/><T3/><D36/><U74/><E33/><V56/><F123/><N who="0" m="47146" /><D67/><U111/><E115/><V81/><F40/><W104/><G134/><T128/><D112/><U39/><E125/><N who="3" m="48202" /><G4/><N who="0" m="1183" /><D73/><U53/><E7/><N who="2" m="3103" /><F69/><W6/><G6/><T126/><D126/><U25/><E0/><V94/><F10/><W105/><G102/><T82/><D82/><U87/><E25/><V70/><F70/><W31/><G2/><T48/><D128/><U15/><E15/><V29/><F29/><W5/><G5/><T129/><D129/><U63/><E78/><V24/><F24/><W17/><G89/><T98/><D11/><U135/><E135/><V130/><F130/><W83/><G83/><T62/><D62/><U32/><E63/><V116/><F116/><W1/><G80/><T44/><D27/><U92/><E32/><V30/><F30/><W66/><G66/><T103/><AGARI ba="0,0" hai="42,43,44,48,52,93,98,103" m="1183,47146" machi="103" ten="30,4000,0" yaku="13,1,52,1,54,1" doraHai="51" who="0" fromWho="0" sc="194,40,263,-20,359,-10,184,-10" /><INIT seed="6,0,0,2,1,105" ten="234,243,349,174" oya="2" hai0="1,131,112,33,23,81,14,53,16,19,102,32,98" hai1="70,91,65,84,92,88,86,66,54,21,11,5,95" hai2="0,76,67,17,74,47,87,128,62,129,127,51,12" hai3="69,6,20,113,80,18,109,114,110,90,49,43,35"/><V3/><F87/><N who="3" m="50535" /><G35/><T10/><D112/><N who="3" m="43113" /><G69/><T38/><D38/><U42/><E70/><V101/><F101/><W104/><G104/><T72/><D131/><N who="2" m="50250" /><F127/><W4/><G43/><T48/><D1/><U15/><E42/><N who="2" m="25079" /><F62/><W24/><G49/><T64/><D64/><U132/><E132/><V30/><F67/><W63/><G63/><T106/><D19/><U116/><E54/><V126/><F30/><W26/><G26/><T34/><D23/><U134/><E134/><V28/><F28/><W79/><G79/><T31/><D31/><U94/><E21/><N who="2" m="11431" /><F126/><W61/><G61/><T13/><D13/><U83/><E66/><V77/><F77/><W27/><G27/><T122/><D122/><U39/><E65/><V22/><F22/><W119/><G119/><T52/><REACH who="0" step="1"/><D48/><REACH who="0" ten="224,243,349,174" step="2"/><U9/><E39/><V117/><F117/><W78/><G78/><AGARI ba="0,1" hai="10,14,16,32,33,34,52,53,72,78,81,98,102,106" machi="78" ten="40,12000,2" yaku="1,1,2,1,52,1,54,2,53,2" doraHai="105" doraHaiUra="50" who="0" fromWho="3" sc="224,130,243,0,349,0,174,-120" /><INIT seed="7,0,0,5,0,84" ten="354,243,349,54" oya="3" hai0="105,89,115,24,75,55,73,7,97,85,28,83,48" hai1="128,33,90,77,102,59,8,98,130,80,21,129,5" hai2="114,32,116,9,101,4,23,11,103,104,13,94,37" hai3="57,25,81,72,111,131,46,109,50,118,123,71,106"/><W19/><G71/><T47/><D115/><U39/><E39/><V61/><F32/><W107/><G118/><T38/><D38/><U110/><E110/><N who="3" m="41994" /><G123/><T6/><D75/><U66/><E33/><V22/><F104/><N who="3" m="39979" /><G57/><T3/><D73/><U56/><E66/><V135/><F135/><W15/><G25/><T126/><D126/><U68/><E68/><V35/><F35/><W117/><G117/><T124/><D124/><U18/><E102/><N who="2" m="38923" /><F37/><W41/><G131/><T63/><D105/><U42/><E42/><V51/><F116/><W14/><G19/><T95/><D63/><U93/><E18/><V45/><F114/><W86/><G72/><T60/><D60/><U108/><E21/><N who="2" m="7691" /><F61/><W20/><G20/><N who="0" m="15367" /><D3/><N who="1" m="63" /><E108/><V87/><F11/><W113/><G113/><T122/><D122/><U74/><AGARI ba="0,0" hai="56,59,74,77,80,90,93,98,128,129,130" m="63" machi="74" ten="30,2000,0" yaku="19,1,52,1" doraHai="84" who="1" fromWho="1" sc="354,-5,243,20,349,-5,54,-10" owari="349,46.0,263,-14.0,344,14.0,44,-46.0" /></mjloggm>