<mjloggm ver="2.3"><GO type="169" lobby="0"/><UN n0="%E3%81%8A%E3%81%98%E3%81%95%E3%82%93" n1="%E6%9A%A2%E4%B8%80" n2="%E7%A7%81%E3%81%8C%E4%B8%89%E9%87%8D%E3%81%A0" n3="%E6%96%87%E8%B1%AA" dan="16,16,17,16" rate="2172.67,2144.88,2171.23,2036.14" sx="M,M,F,M"/><TAIKYOKU oya="0"/><INIT seed="0,0,0,4,3,46" ten="250,250,250,250" oya="0" hai0="79,12,9,117,31,115,61,131,133,100,3,59,77" hai1="114,44,81,56,108,80,52,65,93,84,0,33,87" hai2="60,8,105,5,15,20,13,32,40,121,73,129,24" hai3="122,23,92,89,62,45,83,27,7,72,28,6,125"/><T135/><D3/><U120/><E108/><V98/><F73/><W50/><G125/><T47/><D115/><U74/><E120/><V132/><F121/><W36/><G36/><T119/><D100/><U111/><E111/><V2/><F129/><W71/><G122/><T37/><D31/><U134/><E0/><V63/><F132/><N who="0" m="50762" /><D131/><U18/><E33/><V11/><F40/><W38/><G38/><T70/><D70/><U82/><E114/><V64/><F60/><W69/><G83/><T101/><D101/><U118/><E134/><V42/><F42/><W26/><G72/><T91/><D91/><N who="1" m="53503" /><E65/><V35/><F98/><W49/><G69/><T88/><D88/><N who="1" m="51207" /><E44/><V97/><F97/><W54/><G27/><T29/><D29/><U57/><E118/><N who="0" m="45065" /><D47/><U53/><E74/><V30/><F105/><W55/><G62/><T127/><D37/><U41/><E41/><V123/><F123/><W130/><G71/><T124/><D124/><U96/><E96/><V99/><F99/><N who="3" m="57743" /><G130/><T4/><D127/><U48/><E18/><V110/><F110/><W10/><G45/><T67/><AGARI ba="0,0" hai="4,9,12,59,61,67,77,79" m="45065,50762" machi="67" ten="30,1500,0" yaku="20,1" doraHai="46" who="0" fromWho="0" sc="250,15,250,-5,250,-5,250,-5" /><INIT seed="0,1,0,4,1,63" ten="265,245,245,245" oya="0" hai0="37,59,31,22,91,65,16,26,32,77,64,107,124" hai1="130,18,133,102,3,23,51,15,132,57,12,67,128" hai2="127,106,14,74,49,126,43,68,71,105,48,111,117" hai3="45,95,21,83,44,0,116,123,40,27,119,104,96"/><T9/><D37/><U97/><E3/><V69/><F14/><W47/><G0/><T82/><D107/><N who="2" m="40970" /><F43/><W93/><G104/><T4/><D124/><N who="2" m="47658" /><F74/><W85/><G123/><T98/><D59/><U13/><E102/><V129/><F111/><W5/><G5/><T30/><D91/><U108/><E97/><V88/><F129/><N who="1" m="49769" /><E108/><V19/><F19/><W84/><G40/><T75/><D98/><U94/><E94/><V61/><F88/><W7/><G7/><T99/><D99/><U70/><E70/><V109/><F109/><W60/><G96/><T58/><D58/><U62/><E51/><N who="2" m="19531" /><F117/><W86/><G83/><T50/><D50/><U73/><E73/><V120/><F120/><W1/><G1/><N who="0" m="143" /><D31/><U2/><E2/><V29/><F29/><W24/><G119/><T72/><D72/><U52/><E52/><V114/><F114/><W35/><G116/><T42/><D42/><U41/><E41/><V39/><F39/><W17/><G95/><T121/><D121/><U11/><E11/><V20/><F20/><W125/><G125/><T81/><D81/><U36/><E36/><V28/><F28/><N who="3" m="19847" /><G93/><T101/><D101/><U34/><E34/><V8/><F8/><W25/><G86/><T10/><D10/><U103/><E103/><V134/><F61/><W55/><G85/><T131/><D131/><U46/><E46/><V92/><F92/><W115/><G84/><T135/><D135/><AGARI ba="1,0" hai="12,13,15,18,23,57,62,67,132,133,135" m="49769" machi="135" ten="30,3900,0" yaku="20,1,19,1,52,1" doraHai="63" who="1" fromWho="0" sc="265,-42,245,42,245,0,245,0" /><AGARI ba="1,0" hai="68,69,71,134,135" m="19531,47658,40970" machi="135" ten="50,6400,0" yaku="28,2,18,1" doraHai="63" who="2" fromWho="0" sc="223,-64,287,0,245,64,245,0" /><INIT seed="1,0,0,2,2,105" ten="159,287,309,245" oya="1" hai0="23,63,130,118,122,42,80,33,113,54,67,18,36" hai1="72,26,99,100,19,11,119,86,135,14,88,40,50" hai2="76,49,6,10,103,85,93,34,112,131,126,78,108" hai3="71,117,115,45,24,107,75,94,48,58,90,51,114"/><U123/><E123/><V55/><F34/><W64/><G107/><T81/><D122/><U29/><E119/><V30/><F108/><W32/><G117/><T95/><D118/><U9/><E135/><V60/><F126/><W15/><G71/><T133/><D33/><U132/><E132/><V69/><F131/><W121/><G121/><T109/><D133/><U61/><E61/><V47/><F112/><W4/><G51/><T111/><D113/><U0/><E0/><V25/><F69/><W128/><G128/><T101/><D54/><U79/><E40/><V12/><F60/><W43/><G58/><T37/><D130/><U21/><E50/><V28/><F103/><W92/><G92/><T13/><D95/><N who="1" m="58495" /><E72/><V3/><F3/><W104/><G104/><T134/><D101/><U74/><E74/><V5/><F5/><W70/><G75/><T17/><D134/><U65/><E65/><V98/><F98/><N who="3" m="57687" /><G70/><N who="0" m="42367" /><D18/><U31/><E79/><V22/><F30/><N who="1" m="11273" /><E14/><V44/><REACH who="2" step="1"/><F47/><REACH who="2" ten="159,287,299,245" step="2"/><W53/><G114/><T106/><D111/><U20/><E20/><V56/><F56/><W27/><G32/><T73/><D109/><U59/><E59/><V2/><F2/><W46/><G115/><T102/><D102/><U125/><E125/><V52/><F52/><W1/><G1/><T127/><D127/><U57/><E57/><V91/><AGARI ba="0,1" hai="6,10,12,22,25,28,44,49,55,76,78,85,91,93" machi="91" ten="30,7900,0" yaku="1,1,0,1,8,1,53,1" doraHai="105" doraHaiUra="7" who="2" fromWho="2" sc="159,-20,287,-39,299,89,245,-20" /><INIT seed="2,0,0,1,1,129" ten="139,248,388,225" oya="2" hai0="133,77,17,46,57,87,130,98,23,68,123,70,112" hai1="58,118,31,127,71,40,39,26,102,109,92,65,50" hai2="56,100,101,9,80,93,122,108,103,73,105,88,120" hai3="94,42,116,81,41,22,113,83,78,60,55,24,25"/><V124/><F9/><W30/><G116/><T119/><D112/><U32/><E109/><V54/><F108/><W96/><G113/><T114/><D114/><U45/><E118/><V33/><F33/><W86/><G25/><T79/><D119/><U61/><E127/><V67/><F67/><W4/><G4/><T111/><D123/><U12/><E12/><V29/><F29/><W16/><G83/><T7/><D7/><U84/><E84/><V0/><F0/><W90/><G30/><T99/><D111/><U28/><E28/><V117/><F117/><W5/><G5/><T44/><D87/><U121/><E121/><V97/><F124/><W11/><G11/><T115/><D115/><U59/><E39/><V125/><F125/><W106/><G106/><T135/><D57/><AGARI ba="0,0" hai="16,22,24,41,42,55,57,60,78,81,86,90,94,96" machi="57" ten="40,8000,1" yaku="25,2,8,1,54,1" doraHai="129" who="3" fromWho="0" sc="139,-80,248,0,388,0,225,80" /><INIT seed="3,0,0,4,5,39" ten="59,248,388,305" oya="3" hai0="94,81,61,97,90,118,100,21,69,47,78,40,120" hai1="43,131,79,66,8,32,0,9,77,1,49,65,33" hai2="22,83,105,44,24,124,36,29,57,129,6,53,58" hai3="125,135,13,31,72,20,4,133,5,28,111,42,15"/><W74/><G125/><T121/><D118/><U123/><E49/><V98/><F124/><W26/><G111/><T107/><D21/><U103/><E103/><V86/><F6/><N who="3" m="2667" /><G72/><T3/><D3/><U62/><E62/><V16/><F129/><W17/><G42/><T64/><D90/><U80/><E80/><V116/><F116/><W34/><G74/><T7/><D7/><U106/><E43/><V85/><F36/><W75/><G75/><T51/><REACH who="0" step="1"/><D107/><REACH who="0" ten="49,248,388,305" step="2"/><U112/><E131/><V30/><F105/><W126/><G126/><T101/><D101/><U56/><E106/><V10/><F22/><N who="3" m="11567" /><G31/><T67/><D67/><U108/><E108/><V93/><F29/><W48/><G20/><T110/><D110/><U91/><E91/><V68/><F30/><W2/><G2/><T19/><D19/><U89/><E89/><V18/><F18/><W35/><G35/><T63/><D63/><U37/><E32/><V84/><F16/><W59/><G15/><T55/><D55/><U122/><E33/><V73/><F10/><W11/><G11/><T109/><D109/><U38/><REACH who="1" step="1"/><E56/><REACH who="1" ten="49,238,388,305" step="2"/><V25/><F58/><W132/><G59/><T70/><D70/><U46/><E46/><V92/><F68/><W104/><G104/><T134/><D134/><U71/><E71/><V130/><F44/><W50/><AGARI ba="0,2" hai="26,28,34,48,50,132,133,135" m="11567,2667" machi="50" ten="40,2100,0" yaku="20,1" doraHai="39" who="3" fromWho="3" sc="49,-7,238,-7,388,-7,305,41" /><INIT seed="3,1,0,1,2,84" ten="42,231,381,346" oya="3" hai0="45,18,86,95,64,118,120,14,22,60,132,107,88" hai1="94,56,66,69,21,57,112,72,80,106,104,97,25" hai2="83,49,30,65,74,92,125,115,35,85,130,82,34" hai3="121,42,2,108,75,114,111,36,131,6,127,37,67"/><W119/><G114/><T101/><D118/><U16/><E112/><V23/><F115/><W105/><G119/><T39/><D120/><U4/><E69/><V43/><F130/><W19/><G121/><T59/><D132/><U17/><E4/><V91/><F125/><W10/><G127/><T134/><D134/><U70/><E70/><V29/><F35/><W40/><G131/><T76/><D76/><U52/><E17/><V26/><F34/><W7/><G105/><T93/><D107/><U0/><E0/><V41/><F65/><W126/><G126/><T44/><REACH who="0" step="1"/><D39/><REACH who="0" ten="32,231,381,346" step="2"/><U33/><E104/><V117/><F117/><W102/><G37/><T12/><D12/><U31/><E106/><V109/><F109/><W90/><G36/><T63/><D63/><U122/><E122/><V20/><F74/><W8/><G75/><T62/><D62/><N who="1" m="38223" /><E72/><V77/><F49/><W135/><G135/><T15/><D15/><U55/><E56/><V11/><F77/><W27/><G108/><T87/><D87/><U98/><E98/><AGARI ba="1,1" hai="14,18,22,44,45,59,60,64,86,88,93,95,98,101" machi="98" ten="40,8000,1" yaku="1,1,8,1,52,1,54,1,53,0" doraHai="84" doraHaiUra="48" who="0" fromWho="1" sc="32,93,231,-83,381,0,346,0" /><INIT seed="4,0,0,5,3,118" ten="125,148,381,346" oya="0" hai0="46,112,61,86,117,107,73,55,130,50,127,91,83" hai1="7,37,128,104,116,99,1,81,124,48,102,58,133" hai2="53,5,85,93,76,15,96,65,8,113,111,106,72" hai3="75,66,108,22,21,18,11,24,82,0,88,87,13"/><T29/><D117/><U32/><E116/><V30/><F111/><W49/><G108/><T59/><D107/><U19/><E37/><V129/><F113/><W134/><G134/><T110/><D112/><U2/><E133/><V68/><F129/><W23/><G75/><T20/><D110/><U9/><E32/><V39/><F39/><W38/><G38/><T80/><D130/><U122/><E128/><V131/><F131/><W60/><G0/><T135/><D135/><U63/><E124/><V71/><F72/><W69/><REACH who="3" step="1"/><G49/><REACH who="3" ten="125,148,381,336" step="2"/><T70/><D127/><U6/><E48/><V17/><F71/><W121/><G121/><T114/><D70/><U12/><E122/><V90/><F68/><W64/><G64/><T10/><D114/><U42/><E1/><V125/><F65/><W31/><AGARI ba="0,1" hai="11,13,18,21,22,23,24,31,60,66,69,82,87,88" machi="31" ten="20,8000,1" yaku="1,1,0,1,7,1,54,1,53,1" doraHai="118" doraHaiUra="77" who="3" fromWho="3" sc="125,-40,148,-20,381,-20,336,90" /><INIT seed="5,0,0,0,3,58" ten="85,128,361,426" oya="1" hai0="83,131,20,135,99,70,54,16,78,15,113,96,114" hai1="72,107,124,85,57,45,31,4,93,122,64,119,128" hai2="3,42,94,28,120,129,69,60,125,21,67,56,74" hai3="8,87,77,86,0,97,82,47,111,80,65,79,127"/><U46/><E119/><V41/><F120/><W89/><G111/><T134/><D70/><U133/><E122/><V19/><F125/><W26/><G127/><T43/><D43/><U76/><E107/><V55/><F129/><W91/><G97/><T12/><D131/><U11/><E128/><V51/><F74/><W53/><G65/><T112/><D12/><N who="1" m="5223" /><E72/><V6/><F28/><W37/><G26/><T117/><D117/><U118/><E118/><V14/><F3/><W71/><G71/><T102/><D54/><U9/><E124/><V13/><F6/><W88/><G37/><T81/><D99/><U25/><E9/><V38/><F14/><W50/><G8/><T49/><D49/><U101/><E101/><V123/><F123/><W95/><G95/><T108/><D108/><U44/><E133/><N who="0" m="50697" /><D78/><U66/><E57/><V33/><F33/><W34/><REACH who="3" step="1"/><G0/><REACH who="3" ten="85,128,361,416" step="2"/><T59/><D59/><U48/><E66/><V98/><REACH who="2" step="1"/><F38/><REACH who="2" ten="85,128,351,416" step="2"/><W109/><G109/><T130/><D130/><U32/><E32/><AGARI ba="0,2" hai="32,34,47,50,53,77,79,80,82,86,87,88,89,91" machi="32" ten="40,5200,0" yaku="1,1,9,1,54,1,53,0" doraHai="58" doraHaiUra="17" who="3" fromWho="1" sc="85,0,128,-52,351,0,416,72" /><INIT seed="6,0,0,3,3,39" ten="85,76,351,488" oya="2" hai0="76,125,5,66,133,96,33,64,82,120,110,17,111" hai1="128,79,14,31,124,93,109,29,92,50,129,98,30" hai2="71,32,100,58,99,94,11,55,102,37,51,27,9" hai3="78,103,49,104,13,81,16,68,61,80,43,127,44"/><V42/><F71/><W0/><G0/><T77/><D33/><U86/><E109/><V54/><F100/><W1/><G1/><T35/><D35/><U114/><E114/><V135/><F135/><W20/><G127/><T106/><D133/><U40/><E124/><V115/><F115/><W2/><G2/><T3/><D125/><U74/><E74/><V108/><F108/><W24/><G24/><T19/><D120/><U112/><E112/><V52/><F37/><W59/><G68/><T18/><D111/><U56/><E14/><V25/><F58/><W119/><G119/><T131/><D110/><U123/><E123/><V113/><F113/><W63/><G63/><T4/><D131/><N who="1" m="50251" /><E98/><V60/><F60/><W22/><G22/><T23/><D23/><U88/><E79/><V46/><F32/><W8/><G20/><T47/><D77/><U12/><E12/><V67/><F67/><W15/><G15/><T122/><D122/><U38/><E38/><V132/><F132/><W130/><G78/><T34/><D34/><U28/><N who="1" m="7168" /><DORA hai="70" /><U83/><E56/><V87/><REACH who="2" step="1"/><F87/><REACH who="2" ten="85,76,341,488" step="2"/><W95/><G130/><T10/><D66/><U126/><E126/><V62/><F62/><W91/><G103/><T41/><D64/><U97/><E97/><V7/><F7/><W65/><G104/><T26/><D5/><U21/><E92/><V73/><F73/><W101/><G101/><N who="0" m="62759" /><D26/><AGARI ba="0,1" hai="9,11,25,26,27,42,46,51,52,54,55,94,99,102" machi="26" ten="40,18000,2" yaku="1,1,8,1,52,1,54,1,53,2" doraHai="39,70" doraHaiUra="69,6" who="2" fromWho="0" sc="85,-180,76,0,341,190,488,0" owari="-95,-60.0,76,-32.0,531,63.0,488,29.0" /></mjloggm>