<mjloggm ver="2.3"><GO type="169" lobby="0"/><UN n0="%E3%81%8D%E3%81%BE%E3%81%99" n1="%E3%82%86%E3%81%86%E3%81%95%E3%81%8F%EF%BD%90" n2="%E3%81%8A%E3%81%98%E3%81%95%E3%82%93" n3="%E8%97%A4%E7%94%B0%E3%83%8B%E3%82%B3%E3%83%AB" dan="17,16,16,17" rate="2212.23,2065.80,2166.47,2101.32" sx="M,M,M,F"/><TAIKYOKU oya="0"/><INIT seed="0,0,0,1,3,17" ten="250,250,250,250" oya="0" hai0="87,101,129,132,94,71,113,103,91,40,41,34,44" hai1="124,43,135,50,30,123,7,105,47,85,9,131,36" hai2="82,49,78,24,46,6,58,65,45,83,128,99,77" hai3="97,98,79,21,117,125,26,107,10,112,14,116,104"/><T1/><D71/><U16/><E124/><V23/><F128/><W89/><G112/><T67/><D67/><U0/><E135/><V60/><F6/><W5/><G125/><T57/><D34/><U102/><E131/><V25/><F25/><W68/><G68/><T122/><D1/><U93/><E123/><V18/><F99/><W70/><G70/><T72/><D122/><U126/><E126/><V115/><F115/><W81/><G98/><T28/><D113/><U38/><E30/><V22/><F22/><W12/><G12/><T4/><D72/><U48/><E36/><V134/><F134/><W51/><G51/><T86/><D132/><U19/><E105/><V121/><F121/><W11/><G11/><T111/><D111/><U53/><E102/><V63/><F63/><W52/><G52/><T127/><D4/><U95/><E38/><V2/><F2/><W73/><G104/><T109/><D109/><U130/><E130/><V92/><F92/><W42/><G42/><T31/><D41/><U66/><E66/><V20/><F20/><W114/><G114/><T27/><D129/><U59/><REACH who="1" step="1"/><E95/><REACH who="1" ten="250,240,250,250" step="2"/><V110/><F110/><W61/><G107/><T96/><D103/><U8/><E8/><V90/><F65/><W74/><G117/><T118/><D101/><U76/><E76/><V120/><F77/><W55/><G116/><T29/><D118/><U88/><AGARI ba="0,1" hai="0,7,9,16,19,43,47,48,50,53,59,85,88,93" machi="88" ten="30,12000,2" yaku="1,1,0,1,54,2,53,2" doraHai="17" doraHaiUra="13" who="1" fromWho="1" sc="250,-60,240,130,250,-30,250,-30" /><INIT seed="1,0,0,1,3,115" ten="190,370,220,220" oya="1" hai0="125,98,109,124,86,3,70,122,117,33,90,62,28" hai1="120,116,103,112,85,134,1,73,17,20,111,110,113" hai2="22,58,84,11,78,87,13,37,14,76,81,51,107" hai3="29,25,80,52,69,55,7,94,50,95,66,30,6"/><U21/><E73/><V129/><F37/><W92/><G69/><T18/><D109/><N who="1" m="41483" /><E1/><V74/><F107/><W24/><G66/><T126/><D3/><U36/><E36/><V118/><F129/><W77/><G80/><T102/><D18/><U72/><E72/><V132/><F132/><W5/><G77/><T127/><D122/><U41/><E41/><V44/><F118/><W71/><G71/><T47/><N who="0" m="31744" /><DORA hai="38" /><T75/><D47/><U61/><E134/><V89/><F58/><W64/><G64/><N who="0" m="41239" /><D75/><U108/><E108/><V34/><F34/><W46/><REACH who="3" step="1"/><G55/><REACH who="3" ten="190,370,220,210" step="2"/><T23/><D33/><U65/><E120/><V31/><F74/><W48/><G48/><T67/><D67/><U8/><E65/><V56/><F78/><W49/><G49/><T43/><D43/><U54/><E54/><V99/><F51/><W123/><G123/><T128/><D128/><U105/><E112/><V9/><F76/><W60/><G60/><T96/><D117/><U88/><E113/><V135/><F135/><W100/><G100/><T4/><D102/><U97/><E61/><V63/><F63/><W2/><G2/><T106/><D106/><U68/><E68/><V27/><F81/><W35/><G35/><T133/><D133/><U83/><E116/><V16/><F56/><W10/><G10/><T91/><D91/><U53/><E53/><V19/><F44/><W121/><G121/><T0/><D0/><U119/><E119/><V42/><F42/><W131/><G131/><T82/><D90/><U45/><E45/><V12/><F12/><AGARI ba="0,1" hai="8,12,17,20,21,83,85,88,97,103,105" m="41483" machi="12" ten="30,5800,0" yaku="14,1,10,1,54,1" doraHai="115,38" who="1" fromWho="2" sc="190,0,370,68,220,-58,210,0" /><INIT seed="1,1,0,0,1,112" ten="190,438,162,210" oya="1" hai0="124,14,38,50,31,34,26,3,109,80,113,129,56" hai1="106,16,43,90,132,77,59,0,75,116,65,64,100" hai2="102,1,4,40,82,105,78,53,72,107,98,94,13" hai3="118,70,5,6,104,86,20,41,58,2,127,17,99"/><U126/><E116/><V36/><F13/><W101/><G70/><T130/><D38/><U121/><E121/><V110/><F53/><W28/><G127/><T135/><D80/><U15/><E0/><V93/><F93/><W83/><G28/><T30/><D109/><U67/><E132/><V49/><F49/><W119/><G41/><T62/><D124/><U74/><E126/><V27/><F27/><W128/><G58/><T11/><D113/><U37/><E59/><V18/><F18/><W96/><G96/><T52/><D135/><U23/><E90/><V66/><F66/><W25/><G128/><N who="0" m="49259" /><D30/><U88/><E88/><V35/><F110/><W81/><G81/><T79/><D79/><U33/><E33/><V61/><F61/><W84/><G84/><T95/><D95/><U123/><E123/><V48/><F48/><W108/><G108/><T45/><D3/><U91/><E91/><V21/><F21/><W55/><G55/><T122/><D122/><U54/><E54/><V68/><F35/><W46/><G46/><T12/><D11/><U29/><E29/><V19/><F68/><W57/><G57/><T22/><D34/><U69/><E69/><V115/><F115/><W125/><G2/><T10/><D10/><U60/><E60/><V97/><F97/><W73/><G73/><T131/><N who="0" m="49267" /><T7/><DORA hai="9" /><D7/><U51/><E37/><V85/><F72/><W8/><G125/><T103/><D103/><U87/><E100/><V39/><F39/><W42/><G8/><T92/><D92/><U44/><E106/><V71/><F107/><RYUUKYOKU ba="1,0" sc="190,15,438,15,162,-15,210,-15" hai0="12,14,22,26,31,45,50,52,56,62" hai1="15,16,23,43,44,51,64,65,67,74,75,77,87" /><INIT seed="1,2,0,0,1,23" ten="205,453,147,195" oya="1" hai0="95,105,102,118,29,55,93,101,14,123,82,67,117" hai1="27,72,98,43,120,96,3,126,56,51,85,2,36" hai2="6,21,106,40,88,49,134,84,79,31,33,78,69" hai3="92,90,65,12,58,77,135,104,10,133,24,119,131"/><U121/><E126/><V35/><F69/><W115/><G115/><T112/><D67/><U94/><E72/><V86/><F106/><W41/><G104/><T54/><D29/><U5/><E36/><V71/><F71/><W52/><G77/><T108/><D82/><U109/><E109/><V99/><F134/><N who="3" m="51211" /><G41/><T73/><D14/><U124/><E124/><V39/><F39/><W26/><G65/><T46/><D108/><U122/><E5/><V47/><F6/><N who="3" m="3159" /><G131/><T81/><D105/><U9/><E9/><V48/><F35/><W111/><G119/><T132/><D81/><U28/><E85/><N who="2" m="32875" /><F33/><W50/><G111/><T127/><D112/><U70/><E70/><V59/><F59/><W44/><G58/><T87/><D127/><U37/><E37/><V11/><F49/><W18/><G18/><T1/><D123/><U38/><E38/><V63/><F63/><W25/><G90/><T13/><D73/><U30/><E122/><V100/><F11/><W7/><G7/><T76/><D117/><U22/><E121/><V97/><F100/><W19/><G19/><T8/><D102/><U103/><E120/><V89/><F89/><W68/><G68/><T20/><D101/><U107/><E43/><V130/><F130/><W42/><G42/><T129/><D118/><U91/><E56/><V83/><F78/><W74/><G74/><T113/><D76/><U32/><E51/><V66/><F66/><W4/><G4/><T110/><D129/><U34/><E30/><V114/><F114/><W0/><G0/><T80/><D132/><U61/><E61/><RYUUKYOKU ba="2,0" sc="205,-15,453,15,147,-15,195,15" hai1="2,3,22,27,28,32,34,91,94,96,98,103,107" hai3="24,25,26,44,50,52,92" /><INIT seed="1,3,0,0,3,62" ten="190,468,132,210" oya="1" hai0="84,26,42,111,86,24,131,17,36,133,71,8,74" hai1="54,57,59,119,78,15,34,125,5,83,0,4,77" hai2="30,46,7,60,23,87,122,123,43,32,11,106,101" hai3="81,22,21,126,112,66,48,58,12,129,65,61,63"/><U13/><E119/><V50/><F32/><W49/><G112/><T115/><D111/><U118/><E118/><V79/><F106/><W102/><G129/><T97/><D115/><U20/><E34/><V98/><F60/><W127/><G102/><T135/><D71/><U3/><E125/><N who="3" m="47626" /><G81/><T117/><D74/><U95/><E95/><V109/><F109/><W120/><G120/><T47/><D131/><U80/><E20/><N who="3" m="7786" /><G12/><N who="0" m="7303" /><D97/><U2/><E2/><V38/><F38/><W29/><G29/><T99/><D99/><U105/><REACH who="1" step="1"/><E54/><REACH who="1" ten="190,458,132,210" step="2"/><V132/><F123/><W90/><G90/><T14/><D117/><U113/><E113/><V96/><F122/><W75/><G75/><T9/><D26/><U92/><E92/><V110/><F110/><W53/><G53/><T82/><D24/><U6/><E6/><V16/><F7/><W31/><G31/><T1/><D82/><U25/><E25/><V35/><F101/><W114/><G114/><T41/><D1/><U103/><E103/><V45/><F35/><W134/><G134/><N who="0" m="51211" /><D42/><U67/><E67/><V37/><F132/><W64/><G64/><T128/><D128/><U56/><E56/><AGARI ba="3,1" hai="48,49,56,58,61,63,65,66" m="7786,47626" machi="56" ten="30,3900,0" yaku="18,1,52,2" doraHai="62" who="3" fromWho="1" sc="190,0,458,-48,132,0,210,58" /><INIT seed="2,0,0,2,3,20" ten="190,410,132,268" oya="2" hai0="130,70,120,110,39,29,113,76,84,93,41,90,35" hai1="38,51,62,80,59,89,61,10,96,125,105,4,67" hai2="102,52,115,97,56,8,34,37,49,127,58,126,101" hai3="77,87,69,68,122,129,12,73,65,50,103,100,94"/><V128/><F37/><W17/><G122/><T16/><D110/><U116/><E116/><V106/><F115/><W132/><G73/><T55/><D113/><U43/><E125/><N who="2" m="47627" /><F102/><W117/><G117/><T64/><D120/><U99/><E38/><V46/><F128/><W119/><G119/><T114/><D130/><U47/><E105/><V104/><F104/><W118/><G118/><T123/><D123/><U24/><E61/><V28/><F8/><W74/><G74/><T15/><D76/><U86/><E24/><AGARI ba="0,0" hai="24,28,34,46,49,52,56,58,97,101,106" m="47627" machi="24" ten="30,5800,0" yaku="18,1,52,1,54,1" doraHai="20" who="2" fromWho="1" sc="190,0,410,-58,132,58,268,0" /><INIT seed="2,1,0,3,5,116" ten="190,352,190,268" oya="2" hai0="109,92,64,100,122,70,80,113,1,108,77,30,96" hai1="27,88,58,131,86,74,22,5,82,102,127,115,25" hai2="93,126,68,62,120,75,118,40,33,117,124,89,15" hai3="123,72,103,20,105,59,110,34,14,135,101,83,87"/><V3/><F3/><W85/><G34/><T6/><D30/><U128/><E115/><V104/><F33/><W50/><G110/><N who="0" m="42603" /><D6/><U129/><E127/><N who="2" m="48683" /><F40/><W94/><G72/><N who="0" m="43047" /><D1/><U84/><E102/><V111/><F111/><W7/><G105/><T36/><D36/><U97/><E5/><V61/><F104/><W132/><G7/><T43/><D43/><U112/><E112/><V73/><F120/><W125/><G123/><T38/><D38/><U53/><E74/><N who="2" m="28171" /><F15/><W130/><G14/><T66/><D113/><U51/><E97/><N who="2" m="57519" /><F68/><W47/><G125/><T79/><D79/><N who="1" m="46175" /><E22/><V91/><F91/><W78/><G78/><T28/><D28/><U9/><E9/><V99/><F99/><W106/><G20/><T76/><D76/><U71/><E71/><V32/><F32/><W23/><G23/><T2/><D2/><U134/><E134/><V29/><F29/><W42/><G135/><T56/><D70/><U12/><E12/><V11/><F11/><W81/><G132/><T24/><D24/><U8/><E8/><V63/><AGARI ba="1,0" hai="61,62,63,117,118" m="57519,28171,48683" machi="63" ten="40,2100,0" yaku="18,1" doraHai="116" who="2" fromWho="2" sc="190,-8,352,-8,190,24,268,-8" /><INIT seed="2,2,0,0,5,22" ten="182,344,214,260" oya="2" hai0="52,85,88,69,97,72,15,1,39,31,32,3,75" hai1="26,104,135,2,67,115,84,68,46,73,25,77,59" hai2="6,19,76,81,83,47,89,8,21,30,63,94,61" hai3="16,40,10,57,78,118,86,101,133,0,48,111,41"/><V54/><F30/><W131/><G118/><T45/><D69/><U37/><E115/><V120/><F120/><W105/><G105/><T119/><D97/><U60/><E104/><V58/><F63/><W49/><G101/><T100/><D100/><U117/><E117/><V80/><F47/><W18/><G18/><T56/><BYE who="3" /><D119/><U70/><E135/><V65/><F65/><W7/><G7/><T125/><D125/><U123/><E123/><V113/><F113/><W130/><G130/><T12/><D3/><U98/><E73/><V132/><F132/><W28/><G28/><T124/><D1/><U121/><E121/><V122/><F122/><W23/><G23/><T109/><D124/><U43/><E2/><V129/><F129/><W36/><G36/><T62/><D109/><U107/><E107/><V34/><F34/><W71/><G71/><T51/><D39/><U35/><E35/><V79/><F8/><W53/><G53/><T38/><D38/><U128/><E128/><V127/><F6/><W9/><G9/><T5/><D5/><U103/><E70/><V114/><F114/><W24/><G24/><T27/><D75/><U74/><E74/><V13/><REACH who="2" step="1"/><F127/><REACH who="2" ten="182,344,204,260" step="2"/><W93/><G93/><T44/><D44/><U14/><E46/><V33/><F33/><W17/><G17/><T112/><D112/><U99/><E60/><V42/><F42/><W29/><G29/><T110/><D110/><U55/><E67/><V50/><F50/><W90/><G90/><T102/><D51/><U4/><E43/><V82/><N who="2" m="20480" /><DORA hai="108" /><V87/><AGARI ba="2,1" hai="13,19,21,54,58,61,76,79,87,89,94" m="20480" machi="87" ten="40,12000,1" yaku="1,1,4,1,0,1,8,1,53,1" doraHai="22,108" doraHaiUra="20,91" who="2" fromWho="2" sc="182,-42,344,-42,204,136,260,-42" /><UN n3="%E8%97%A4%E7%94%B0%E3%83%8B%E3%82%B3%E3%83%AB" /><INIT seed="2,3,0,4,5,22" ten="140,302,340,218" oya="2" hai0="68,31,101,64,113,132,41,39,29,105,96,88,49" hai1="14,62,6,15,60,54,78,127,3,98,125,91,25" hai2="134,12,4,43,86,38,2,10,97,24,27,46,1" hai3="83,120,16,36,53,110,117,66,79,124,85,61,121"/><V58/><F134/><W130/><G117/><T57/><D132/><U104/><E78/><V33/><F86/><W20/><G110/><T114/><D31/><U109/><E109/><V116/><F116/><W34/><G34/><T73/><D73/><U56/><E3/><V55/><F97/><W21/><G36/><T23/><D39/><U11/><E14/><V69/><F69/><W87/><G130/><T102/><D101/><U70/><E25/><V90/><F90/><W93/><G124/><N who="1" m="47690" /><E70/><V5/><F33/><W99/><G53/><T35/><D23/><U40/><E40/><V94/><F94/><W103/><G21/><T100/><D102/><N who="1" m="62551" /><E91/><V112/><F112/><W75/><G120/><T0/><D0/><U95/><E95/><V42/><F42/><W80/><G121/><T71/><D68/><U48/><AGARI ba="3,0" hai="6,11,15,48,54,56,60,62" m="62551,47690" machi="48" ten="30,1100,0" yaku="18,1" doraHai="22" who="1" fromWho="1" sc="140,-6,302,20,340,-8,218,-6" /><INIT seed="3,0,0,2,2,106" ten="134,322,332,212" oya="3" hai0="124,17,133,67,15,128,78,120,47,109,51,107,10" hai1="32,74,63,72,0,27,58,132,83,19,1,100,130" hai2="91,45,104,108,53,82,55,127,23,29,11,54,37" hai3="102,123,135,35,25,89,71,12,118,9,90,86,97"/><W111/><G118/><T50/><D120/><U117/><E117/><V119/><F119/><W122/><G135/><T68/><D107/><U131/><E132/><V28/><F104/><W14/><G71/><T39/><D133/><U98/><E83/><V60/><F108/><W112/><G112/><T77/><D128/><N who="1" m="49195" /><E19/><V34/><F34/><W101/><G111/><T73/><D109/><U85/><E85/><N who="2" m="50615" /><F37/><W42/><G42/><T38/><D124/><U26/><E27/><N who="2" m="16511" /><F29/><W13/><G9/><T22/><D67/><N who="1" m="39415" /><E26/><V8/><F127/><W31/><G101/><T16/><D68/><U43/><E43/><V33/><F33/><W95/><REACH who="3" step="1"/><G89/><REACH who="3" ten="134,322,332,202" step="2"/><T24/><D77/><U93/><E32/><V87/><F8/><W103/><G103/><T48/><REACH who="0" step="1"/><D47/><REACH who="0" ten="124,322,332,202" step="2"/><U110/><E110/><V84/><F45/><W115/><G115/><T96/><D96/><U7/><E7/><V76/><F76/><W79/><G79/><T52/><D52/><U134/><E134/><V59/><F55/><W49/><G49/><T62/><D62/><U4/><E4/><V113/><F54/><W18/><G18/><T92/><D92/><AGARI ba="0,2" hai="12,13,14,25,31,35,86,90,92,95,97,102,122,123" machi="92" ten="40,2000,0" yaku="1,1,53,0" doraHai="106" doraHaiUra="125" who="3" fromWho="0" sc="124,-20,322,0,332,0,202,40" /><INIT seed="3,1,0,0,2,118" ten="104,322,332,242" oya="3" hai0="68,123,6,38,127,99,111,39,50,80,54,33,84" hai1="116,105,58,55,32,101,37,34,110,18,131,10,119" hai2="103,27,117,74,104,97,108,98,0,57,40,25,83" hai3="121,15,1,3,102,77,14,35,112,16,9,42,100"/><W82/><G82/><T23/><BYE who="3" /><D33/><UN n3="%E8%97%A4%E7%94%B0%E3%83%8B%E3%82%B3%E3%83%AB" /><U133/><E110/><V11/><F117/><N who="1" m="45129" /><E37/><V67/><F108/><W81/><G112/><T122/><D6/><U28/><E28/><V79/><F98/><W113/><G113/><T51/><D99/><N who="1" m="61631" /><E131/><V63/><REACH who="2" step="1"/><F40/><REACH who="2" ten="104,322,322,242" step="2"/><W76/><G42/><T47/><D111/><U135/><E133/><V96/><F96/><W130/><G130/><T44/><D127/><U17/><E135/><V2/><F2/><W61/><G102/><T66/><D39/><U46/><E34/><V24/><F24/><W89/><G35/><T45/><D38/><U21/><E32/><V65/><F65/><W41/><G1/><T5/><D66/><U114/><E114/><V59/><F59/><W71/><G3/><T43/><D68/><U29/><E46/><V13/><F13/><W125/><G15/><T93/><D45/><U20/><E58/><V19/><F19/><W87/><G41/><T36/><D36/><U115/><E115/><V92/><F92/><W109/><G109/><T75/><D5/><AGARI ba="1,1" hai="0,5,11,25,27,57,63,67,74,79,83,97,103,104" machi="5" ten="40,1300,0" yaku="1,1,53,0" doraHai="118" doraHaiUra="91" who="2" fromWho="0" sc="104,-16,322,0,322,26,242,0" /><INIT seed="4,0,0,5,3,20" ten="88,322,348,242" oya="0" hai0="134,97,24,76,111,82,93,64,32,128,63,88,61" hai1="34,114,105,65,122,66,131,46,100,15,83,22,56" hai2="57,6,16,27,2,55,113,36,91,45,98,3,30" hai3="123,116,23,75,68,77,69,118,112,8,7,48,39"/><T109/><D134/><U79/><E122/><V54/><F113/><W72/><G39/><T14/><D128/><U31/><E131/><V28/><F6/><W130/><G112/><T96/><D14/><U106/><E114/><V87/><F98/><W49/><G130/><T58/><D63/><U129/><E129/><V33/><F30/><W81/><G75/><T70/><D97/><U42/><E100/><V51/><F16/><W133/><G133/><T5/><D5/><U37/><E66/><V127/><F127/><W41/><G123/><T101/><D101/><U89/><E89/><V1/><F36/><W84/><G72/><T18/><D70/><U59/><E59/><V26/><F26/><W62/><G69/><T0/><D0/><U29/><E34/><V92/><REACH who="2" step="1"/><F1/><REACH who="2" ten="88,322,338,242" step="2"/><W4/><G4/><T126/><D126/><U17/><E31/><V50/><AGARI ba="0,1" hai="2,3,27,28,33,45,50,51,54,55,57,87,91,92" machi="50" ten="20,12000,2" yaku="1,1,2,1,0,1,7,1,52,1,53,2" doraHai="20" doraHaiUra="35" who="2" fromWho="2" sc="88,-60,322,-30,338,130,242,-30" /><INIT seed="5,0,0,3,0,16" ten="28,292,468,212" oya="1" hai0="62,3,98,114,101,2,134,133,102,47,38,61,58" hai1="27,126,7,125,35,29,9,78,20,85,107,74,113" hai2="37,97,72,24,28,45,1,121,43,18,21,15,100" hai3="116,5,84,57,46,66,48,52,44,51,60,88,95"/><U42/><E107/><V132/><F132/><W32/><G116/><T59/><D47/><U128/><E74/><V55/><F72/><W99/><G32/><T110/><D98/><U4/><E42/><V106/><F1/><W135/><G135/><T53/><D38/><U0/><E85/><V71/><F71/><W64/><G5/><T50/><D114/><U10/><E78/><V11/><REACH who="2" step="1"/><F55/><REACH who="2" ten="28,292,458,212" step="2"/><W105/><G105/><T56/><D56/><U117/><E113/><V123/><AGARI ba="0,1" hai="11,15,18,21,24,28,37,43,45,97,100,106,121,123" machi="123" ten="30,7900,0" yaku="1,1,2,1,0,1,52,1,53,0" doraHai="16" doraHaiUra="76" who="2" fromWho="2" sc="28,-20,292,-39,458,89,212,-20" /><INIT seed="6,0,0,3,0,67" ten="8,253,547,192" oya="2" hai0="120,112,38,58,11,104,66,128,31,20,121,50,34" hai1="131,125,6,74,48,85,23,1,33,95,45,60,12" hai2="73,9,96,86,72,19,42,7,29,62,16,26,89" hai3="100,109,39,43,13,4,52,36,69,127,91,76,126"/><V106/><F42/><W77/><G100/><T14/><D104/><U18/><E74/><V24/><F62/><W30/><G109/><T2/><D38/><U130/><E33/><V70/><F70/><W80/><G30/><T122/><D50/><U82/><E125/><N who="3" m="47626" /><G43/><T114/><D58/><U65/><E95/><V37/><F37/><W135/><G91/><T83/><D83/><U3/><E6/><V88/><F89/><W108/><G77/><T129/><D66/><U87/><E60/><V107/><F26/><W134/><G69/><T92/><D92/><U10/><E10/><V44/><F44/><W105/><G105/><T22/><D2/><N who="1" m="523" /><E65/><V115/><F7/><W28/><G39/><T46/><D46/><U59/><E59/><V79/><F107/><W111/><G36/><T116/><D116/><U97/><E97/><V64/><F64/><W56/><G80/><T94/><D94/><U103/><E82/><V93/><F9/><N who="3" m="4263" /><G76/><T15/><D34/><U75/><E75/><V49/><F49/><W21/><G56/><T99/><D99/><U84/><E103/><V54/><F54/><W101/><G101/><T78/><D78/><U124/><E124/><V113/><F73/><W17/><G52/><T5/><D31/><U8/><E48/><V123/><F79/><W57/><G28/><T55/><D55/><U71/><E45/><V25/><F93/><W32/><G32/><T40/><D40/><U47/><E47/><V61/><F29/><W110/><G57/><T0/><D0/><U51/><E51/><V53/><F96/><W35/><G35/><RYUUKYOKU ba="0,0" sc="8,-10,253,-10,547,-10,192,30" hai3="17,21,108,110,111,134,135" owari="-2,-50.0,243,4.0,537,64.0,222,-18.0" /></mjloggm>