<mjloggm ver="2.3"><GO type="185" lobby="0"/><UN n0="%E5%A4%9A%E6%9E%97%E6%99%8B" n1="%E3%82%84%E3%81%BE%E3%81%8B%E3%81%84" n2="%61%6F%70%79%6F%6E%2D%7A" n3="" dan="16,17,16,0" rate="2201.67,2266.25,2086.18,1500.00" sx="M,M,M,C"/><TAIKYOKU oya="0"/><INIT seed="0,0,0,1,3,52" ten="350,350,350,0" oya="0" hai0="102,126,135,1,70,33,83,66,90,127,58,35,98" hai1="121,65,76,117,63,99,42,132,55,51,113,81,46" hai2="130,57,124,75,54,86,77,44,97,45,80,85,38" hai3=""/><T68/><D1/><U105/><N who="1" m="31008" /><U96/><E117/><V88/><F130/><T43/><D135/><U50/><E132/><V61/><F124/><N who="0" m="47658" /><D43/><U110/><E110/><V36/><F75/><T84/><D58/><U100/><E99/><V39/><REACH who="2" step="1"/><F97/><REACH who="2" ten="350,350,340,0" step="2"/><T128/><D128/><U62/><E113/><V133/><F133/><T82/><D83/><AGARI ba="0,1" hai="36,38,39,44,45,54,57,61,77,80,83,85,86,88" machi="83" ten="40,5200,0" yaku="1,1,52,1,54,1,53,0" doraHai="52" doraHaiUra="103" who="2" fromWho="0" sc="350,-52,350,0,340,62,0,0" /><INIT seed="1,0,0,1,5,71" ten="298,350,402,0" oya="1" hai0="115,46,65,93,92,59,114,55,85,35,58,67,108" hai1="96,66,120,69,44,109,43,116,70,57,53,45,54" hai2="76,56,133,95,83,3,103,64,129,2,89,90,63" hai3=""/><U37/><N who="1" m="30752" /><U105/><E105/><V125/><F125/><T110/><D35/><U52/><E116/><V135/><F129/><T107/><D107/><U84/><E96/><V0/><F103/><T78/><D46/><U130/><E84/><V41/><F41/><T118/><D55/><N who="1" m="21067" /><E130/><V127/><F127/><T101/><D85/><U32/><E32/><V48/><F48/><T68/><D68/><N who="1" m="26219" /><E109/><V128/><F128/><T112/><D115/><U94/><E94/><V119/><F119/><T134/><D118/><U1/><E1/><V87/><F95/><T79/><D101/><U111/><E111/><V61/><F61/><T82/><D82/><U99/><E99/><V86/><F86/><T98/><D98/><U97/><E97/><V42/><F76/><T102/><D102/><U106/><E106/><V123/><N who="2" m="31520" /><V40/><F90/><T75/><D75/><U47/><E66/><V126/><F126/><T100/><D100/><U49/><AGARI ba="0,0" hai="37,43,44,45,47,49,54,57" m="26219,21067,30752" machi="49" ten="30,16000,3" yaku="35,5,52,2,54,1" doraHai="71" who="1" fromWho="1" sc="298,-80,350,160,402,-80,0,0" /><INIT seed="1,1,0,1,3,110" ten="218,510,322,0" oya="1" hai0="112,83,108,38,81,132,116,107,59,34,121,68,42" hai1="80,58,88,40,124,106,86,95,60,75,2,61,62" hai2="113,77,39,71,41,82,129,96,100,55,91,49,54" hai3=""/><U125/><E2/><V79/><F71/><T43/><RYUUKYOKU type="yao9" ba="1,0" sc="218,0,510,0,322,0,0,0" hai0="34,38,42,43,59,68,81,83,107,108,112,116,121,132" /><INIT seed="1,2,0,1,1,77" ten="218,510,322,0" oya="1" hai0="34,69,66,51,105,128,42,58,60,94,117,65,120" hai1="104,110,131,78,135,54,47,89,2,119,111,96,46" hai2="97,100,115,76,93,53,80,63,64,40,122,130,33" hai3=""/><U52/><E119/><V0/><N who="2" m="31264" /><V86/><F33/><T74/><N who="0" m="30752" /><T71/><D34/><U45/><E2/><V75/><F0/><T70/><D105/><U103/><E131/><V102/><F130/><T39/><D74/><U43/><E135/><V114/><F40/><T35/><D35/><U79/><E43/><V107/><F53/><T124/><D128/><U99/><E79/><V49/><F49/><T32/><D32/><U106/><E78/><V59/><F102/><T109/><D94/><U3/><E3/><V123/><N who="2" m="31520" /><V121/><N who="2" m="31008" /><V48/><F48/><T72/><D72/><U113/><E113/><N who="2" m="43019" /><F75/><T87/><D42/><U61/><E61/><V1/><F1/><T118/><D51/><U127/><E47/><V116/><F116/><T41/><D118/><U38/><E38/><V88/><F76/><T83/><D117/><U85/><E103/><V92/><AGARI ba="2,0" hai="59,63,64,80,86,88,92,93,97,100,107" m="43019,31008,31520,31264" machi="92" ten="30,9000,2" yaku="11,1,52,4,54,1" doraHai="77" who="2" fromWho="2" sc="218,-32,510,-62,322,94,0,0" /><INIT seed="2,0,0,5,2,132" ten="186,448,416,0" oya="2" hai0="118,135,104,122,110,62,61,76,126,103,36,44,115" hai1="49,88,81,64,3,47,93,63,123,96,38,0,125" hai2="128,65,45,106,48,85,121,79,114,112,86,101,117" hai3=""/><V92/><N who="2" m="31008" /><V134/><F117/><T108/><N who="0" m="31264" /><T133/><D118/><U97/><N who="1" m="31520" /><U107/><E125/><V129/><F65/><T66/><D76/><U59/><E38/><V120/><N who="2" m="30752" /><V42/><F134/><N who="0" m="51210" /><D103/><U80/><E107/><V119/><F119/><T70/><D104/><U78/><E96/><V35/><F35/><T52/><D115/><U33/><E33/><V32/><F32/><T2/><D2/><U109/><E109/><N who="0" m="42089" /><D36/><U89/><E89/><V84/><F106/><T53/><D44/><U74/><REACH who="1" step="1"/><E81/><REACH who="1" ten="186,438,416,0" step="2"/><V73/><F114/><T83/><D83/><U37/><E37/><V82/><F112/><T95/><D95/><U39/><E39/><V60/><F92/><T34/><D34/><U124/><E124/><V111/><F111/><T94/><D94/><U130/><E130/><N who="2" m="50283" /><F101/><T54/><D126/><U69/><E69/><V1/><F1/><T113/><D113/><U50/><E50/><V51/><F51/><T40/><D62/><AGARI ba="0,1" hai="42,45,48,60,62,73,79,82,84,85,86" m="50283,30752,31008" machi="62" ten="30,5800,0" yaku="19,1,52,2" doraHai="132" who="2" fromWho="0" sc="186,-58,438,0,416,68,0,0" /><INIT seed="2,1,0,2,4,63" ten="128,438,484,0" oya="2" hai0="53,110,61,39,113,82,99,74,37,98,55,77,32" hai1="114,42,69,85,43,46,78,87,54,45,128,83,84" hai2="102,104,95,75,59,36,2,117,116,91,1,121,111" hai3=""/><V124/><N who="2" m="31008" /><V135/><F36/><T67/><D32/><U108/><E114/><V64/><F75/><T65/><D113/><U58/><E69/><V56/><F135/><T126/><D126/><U127/><E127/><V115/><F115/><T33/><D33/><U40/><E108/><V0/><F124/><T107/><D110/><U122/><N who="1" m="31264" /><U57/><E128/><V35/><F35/><T62/><D74/><U134/><E134/><V34/><F34/><T68/><D82/><U101/><E101/><V89/><F111/><T60/><D62/><U112/><E112/><V131/><F104/><T76/><D107/><U73/><REACH who="1" step="1"/><E58/><REACH who="1" ten="128,428,484,0" step="2"/><V132/><F132/><T106/><D106/><U125/><E125/><V70/><F70/><AGARI ba="1,1" hai="37,39,53,55,60,61,65,67,68,70,76,77,98,99" machi="70" ten="25,6400,0" yaku="22,2,52,2" doraHai="63" who="0" fromWho="2" sc="128,76,428,0,484,-66,0,0" /><INIT seed="4,0,0,4,0,106" ten="204,428,418,0" oya="0" hai0="44,117,77,128,34,124,107,52,66,80,47,45,72" hai1="46,67,120,38,93,114,78,83,87,103,2,105,82" hai2="94,41,3,56,60,130,95,97,109,40,37,1,133" hai3=""/><T49/><D34/><U89/><N who="1" m="30752" /><U92/><E2/><V115/><F109/><T64/><D117/><U58/><E38/><V96/><F130/><T129/><D107/><U113/><E46/><V111/><F111/><T91/><D124/><U116/><E116/><V104/><F104/><T75/><D72/><U84/><E58/><V131/><F131/><N who="0" m="50250" /><D91/><U108/><E67/><AGARI ba="0,0" hai="44,45,47,49,52,64,66,67,75,77,80" m="50250" machi="67" ten="30,5800,0" yaku="19,1,52,1,54,1" doraHai="106" who="0" fromWho="1" sc="204,58,428,-58,418,0,0,0" /><INIT seed="4,1,0,1,5,75" ten="262,370,418,0" oya="0" hai0="48,71,106,61,122,66,108,44,125,54,41,72,56" hai1="103,119,63,85,133,107,3,128,77,76,45,86,100" hai2="129,90,110,132,64,62,40,0,89,134,130,33,113" hai3=""/><T42/><N who="0" m="31264" /><T69/><D106/><U105/><E3/><V123/><N who="2" m="31520" /><V49/><F33/><T36/><D72/><U102/><E119/><V51/><F110/><T55/><D108/><U60/><E45/><V96/><F113/><T84/><D84/><U112/><E103/><V81/><F81/><T34/><D34/><U87/><E87/><V50/><F40/><N who="0" m="15466" /><D125/><U1/><E1/><V127/><F0/><T68/><D36/><U59/><E59/><V74/><F74/><T52/><AGARI ba="1,0" hai="44,48,52,54,55,56,61,66,68,69,71" m="15466,31264" machi="52" ten="40,12000,2" yaku="35,5,52,1,54,1" doraHai="75" who="0" fromWho="0" sc="262,122,370,-61,418,-61,0,0" /><INIT seed="4,2,0,4,2,132" ten="384,309,357,0" oya="0" hai0="104,92,106,86,135,99,107,127,35,37,87,126,58" hai1="33,123,103,59,98,49,63,90,88,96,52,54,121" hai2="0,130,118,95,113,89,111,119,60,131,44,97,101" hai3=""/><T71/><D35/><U134/><N who="1" m="31008" /><U74/><N who="1" m="31520" /><U62/><E33/><V77/><F0/><T125/><D71/><U56/><E74/><V70/><F44/><T133/><D37/><U57/><E134/><N who="0" m="51209" /><D58/><U36/><E36/><V66/><F77/><T67/><D67/><U109/><E109/><V53/><F113/><T51/><D51/><U117/><E117/><N who="2" m="44555" /><F111/><T41/><D41/><U32/><E32/><V3/><F3/><T112/><D112/><U116/><E116/><V43/><F43/><T38/><D38/><U76/><E76/><V50/><F50/><T46/><D46/><U39/><E39/><V128/><F53/><N who="1" m="20585" /><E49/><V55/><F55/><T2/><D2/><U48/><E48/><V34/><F34/><T91/><AGARI ba="2,0" hai="86,87,91,92,99,104,106,107,125,126,127" m="51209" machi="91" ten="50,12000,2" yaku="18,1,20,1,34,2,52,3" doraHai="132" who="0" fromWho="0" sc="384,124,309,-62,357,-62,0,0" /><INIT seed="4,3,0,5,0,46" ten="508,247,295,0" oya="0" hai0="88,134,131,45,95,36,47,123,135,112,120,53,90" hai1="81,107,133,96,104,39,125,127,3,2,119,121,48" hai2="105,73,32,99,37,83,110,129,66,114,100,1,93" hai3=""/><T124/><N who="0" m="30752" /><T126/><N who="0" m="31520" /><T69/><D69/><U33/><N who="1" m="31008" /><U109/><E109/><V84/><F1/><T59/><D112/><U122/><N who="1" m="31264" /><U55/><E39/><V117/><F32/><T111/><D111/><U74/><E33/><V67/><F37/><T62/><D131/><U85/><E119/><V86/><F129/><T41/><D47/><U103/><E74/><V130/><F73/><T76/><D76/><U38/><E104/><V44/><F105/><T108/><D108/><U116/><E38/><V91/><F114/><T77/><D77/><U87/><E116/><V43/><F130/><T106/><D90/><U128/><E85/><V35/><F35/><T56/><D59/><U79/><E128/><V113/><F113/><T42/><D42/><U75/><E75/><V58/><F117/><T0/><D0/><U98/><E98/><V52/><F110/><T94/><D94/><U132/><E3/><V115/><F115/><T65/><D65/><U51/><E2/><V80/><F43/><T54/><D53/><U61/><E61/><V64/><F44/><T101/><D106/><U63/><E63/><V40/><F40/><T50/><D36/><U71/><E71/><V92/><F86/><RYUUKYOKU ba="3,0" sc="508,-10,247,-10,295,20,0,0" hai2="52,58,64,66,67,80,83,84,91,92,93,99,100" /><INIT seed="5,4,0,0,0,62" ten="498,237,315,0" oya="1" hai0="99,41,97,98,35,113,79,76,73,85,60,65,122" hai1="93,36,1,43,32,128,125,118,44,91,51,81,120" hai2="2,74,94,0,37,75,124,78,69,123,119,135,96" hai3=""/><U102/><N who="1" m="30752" /><U88/><E118/><V112/><F78/><T92/><N who="0" m="31264" /><T71/><D35/><U55/><E32/><V127/><N who="2" m="31520" /><V90/><F37/><T57/><D113/><U129/><E1/><V40/><F40/><T50/><D73/><U83/><E102/><V114/><F69/><T103/><D71/><U48/><E125/><N who="2" m="48203" /><F135/><T47/><D103/><U3/><E3/><N who="2" m="1067" /><F119/><T46/><D47/><U52/><E36/><V59/><F59/><T107/><D107/><U100/><E100/><V87/><F87/><T64/><D64/><U56/><E43/><V84/><F84/><T82/><D92/><U134/><E134/><V67/><F67/><T61/><D61/><U66/><E66/><V130/><F130/><N who="1" m="50281" /><E93/><V86/><F86/><T108/><D65/><U53/><E53/><V77/><F75/><T101/><D41/><U34/><E34/><V133/><F133/><T89/><D85/><U45/><E56/><V116/><F116/><T63/><D57/><U80/><AGARI ba="4,0" hai="44,45,48,51,52,55,80,81,83,88,91" m="50281,30752" machi="80" ten="30,7800,0" yaku="19,1,52,1,54,2" doraHai="62" who="1" fromWho="1" sc="498,-43,237,86,315,-43,0,0" /><INIT seed="5,5,0,5,1,107" ten="455,323,272,0" oya="1" hai0="105,83,98,80,133,3,68,84,102,115,74,113,130" hai1="49,50,99,46,131,108,43,76,52,73,78,55,66" hai2="44,85,134,77,106,45,125,104,40,114,48,121,58" hai3=""/><U37/><E131/><V109/><N who="2" m="31008" /><V86/><F109/><T72/><D3/><U94/><E108/><V135/><F125/><T47/><D68/><U90/><E66/><V35/><F35/><T112/><D130/><U117/><E117/><V79/><F58/><T120/><N who="0" m="30752" /><T34/><D34/><U63/><E63/><V129/><F129/><T88/><D133/><U75/><E37/><V97/><F97/><T60/><D60/><U67/><E67/><V119/><F40/><T123/><N who="0" m="31520" /><T38/><D80/><U64/><E64/><V127/><F127/><T71/><D71/><U93/><E43/><AGARI ba="5,0" hai="38,43,47,72,74,83,84,88,98,102,105,112,113,115" m="31520,30752" machi="43" ten="40,12000,2" yaku="15,1,52,4,54,1" doraHai="107" who="0" fromWho="1" sc="455,130,323,-130,272,0,0,0" /><INIT seed="6,0,0,0,3,132" ten="585,193,272,0" oya="2" hai0="100,97,55,128,66,47,106,109,62,53,43,83,84" hai1="92,115,68,88,67,134,101,40,54,2,70,116,86" hai2="99,73,63,122,123,44,58,45,103,74,34,76,125" hai3=""/><V135/><N who="2" m="31264" /><V33/><N who="2" m="31520" /><V65/><F135/><T94/><D109/><U61/><E134/><V80/><F74/><T41/><D106/><U72/><E2/><V133/><F133/><T129/><D41/><U50/><E115/><V126/><F45/><T90/><D128/><U111/><E111/><V117/><F44/><T82/><D83/><U77/><E116/><V119/><F119/><T108/><D129/><U95/><E40/><V0/><F0/><T35/><D35/><U120/><N who="1" m="30752" /><U48/><E68/><V36/><F36/><T89/><D100/><U105/><E95/><V57/><F117/><T93/><D82/><U69/><E69/><V42/><F42/><T1/><D108/><U107/><E54/><V32/><REACH who="2" step="1"/><F57/><REACH who="2" ten="585,193,262,0" step="2"/><T51/><D1/><U85/><E72/><V46/><F46/><T98/><D43/><U96/><REACH who="1" step="1"/><E107/><AGARI ba="0,1" hai="32,33,34,58,63,65,73,76,80,99,103,107,125,126" m="31520,31264" machi="107" ten="40,12000,1" yaku="1,1,52,4,53,0" doraHai="132" doraHaiUra="113" who="2" fromWho="1" sc="585,0,193,-120,262,130,0,0" /><INIT seed="6,1,0,3,0,55" ten="585,73,392,0" oya="2" hai0="56,62,65,40,95,106,47,58,135,53,124,68,119" hai1="118,116,133,48,71,64,121,57,105,73,59,74,69" hai2="111,77,63,44,97,128,52,122,51,112,80,72,114" hai3=""/><V123/><N who="2" m="31264" /><V3/><N who="2" m="31520" /><V125/><F3/><T87/><D106/><U35/><N who="1" m="31008" /><U94/><E94/><V49/><F111/><T46/><D119/><U54/><E105/><V96/><F128/><T89/><D135/><U107/><E107/><V129/><F129/><T126/><D46/><U132/><E35/><V78/><F125/><N who="0" m="48234" /><D53/><U70/><E64/><V100/><F78/><T43/><D43/><U115/><E54/><V75/><F75/><T101/><D101/><U76/><E48/><AGARI ba="1,0" hai="40,47,48,56,58,62,65,68,87,89,95" m="48234" machi="48" ten="30,3900,0" yaku="18,1,52,2" doraHai="55" who="0" fromWho="1" sc="585,41,73,-41,392,0,0,0" owari="626,58.0,32,-57.0,392,-1.0,0,0.0" /></mjloggm>