<mjloggm ver="2.3"><GO type="169" lobby="0"/><UN n0="%E9%81%8A%E8%B5%B0" n1="%E3%82%8A%E3%82%86%E3%83%BC" n2="%E3%82%B7%E3%82%A7%E3%82%A4%E3%83%97%E3%82%B7%E3%83%95%E3%82%BF%E3%83%BC" n3="%E5%8D%97%E5%B8%9D%E5%8D%97%E6%B5%A6" dan="16,18,16,16" rate="2166.25,2252.22,2136.63,2081.10" sx="M,M,M,F"/><TAIKYOKU oya="0"/><INIT seed="0,0,0,2,0,89" ten="250,250,250,250" oya="0" hai0="90,75,57,110,80,12,132,41,122,112,67,103,44" hai1="114,116,61,0,113,109,39,105,74,35,83,34,19" hai2="38,118,29,85,25,73,86,124,56,9,11,99,54" hai3="93,111,123,65,51,21,37,31,46,102,79,126,45"/><T26/><D122/><U92/><E105/><V4/><F73/><W121/><G111/><T66/><D112/><N who="1" m="43115" /><E109/><V129/><F38/><W68/><G126/><T135/><D110/><U98/><E39/><V20/><F129/><W62/><G79/><T8/><D26/><U84/><E0/><V101/><F124/><W10/><G10/><T91/><D103/><N who="1" m="60871" /><E74/><V40/><F40/><W23/><G37/><T115/><D115/><U27/><E61/><V7/><F7/><W120/><G31/><T59/><D75/><U130/><E130/><V87/><F4/><W69/><G69/><T1/><D1/><U97/><E97/><V107/><REACH who="2" step="1"/><F118/><REACH who="2" ten="250,250,240,250" step="2"/><W28/><G121/><T17/><D41/><U33/><E116/><V64/><F64/><W104/><G123/><T52/><D67/><U32/><E32/><V100/><F100/><W117/><G120/><T58/><D66/><U60/><E34/><V134/><F134/><N who="0" m="51242" /><D80/><U108/><E108/><V131/><F131/><W50/><G117/><T88/><D44/><U49/><E35/><V71/><F71/><W133/><G133/><T96/><D96/><U43/><E43/><V128/><F128/><W94/><G102/><T6/><D6/><U106/><E33/><V24/><F24/><W22/><G104/><T42/><D42/><U18/><E27/><V13/><F13/><W63/><G28/><T77/><D77/><U72/><E72/><V48/><AGARI ba="0,1" hai="9,11,20,25,29,48,54,56,85,86,87,99,101,107" machi="48" ten="30,2000,0" yaku="1,1,0,1,53,0" doraHai="89" doraHaiUra="125" who="2" fromWho="2" sc="250,-10,250,-5,240,30,250,-5" /><INIT seed="1,0,0,3,3,49" ten="240,245,270,245" oya="1" hai0="27,134,48,38,36,135,97,10,106,80,81,50,6" hai1="123,25,37,32,105,18,41,51,14,108,112,33,101" hai2="23,127,13,132,110,126,77,58,40,39,88,45,94" hai3="69,35,92,125,68,85,116,89,22,55,103,17,113"/><U71/><E112/><V70/><F70/><W4/><G113/><T109/><D109/><U104/><E123/><V117/><F117/><W118/><G125/><T128/><D27/><U11/><E108/><V107/><F107/><W19/><G35/><T7/><D97/><U60/><E37/><V95/><F95/><W61/><G4/><T15/><D15/><U66/><E25/><V0/><F0/><W82/><G19/><T28/><D10/><U3/><E3/><V98/><F132/><W8/><G8/><T54/><D128/><U74/><E74/><V73/><F110/><W86/><G103/><T59/><D106/><U79/><E79/><V111/><F111/><W20/><G20/><T90/><D90/><U53/><E41/><V78/><F58/><N who="3" m="35039" /><G17/><T57/><REACH who="0" step="1"/><D54/><REACH who="0" ten="230,245,270,245" step="2"/><U131/><E131/><V87/><F126/><W130/><G130/><T16/><D16/><U133/><E133/><V119/><F127/><W121/><G121/><T65/><D65/><U62/><E105/><V99/><F13/><W93/><G89/><T124/><D124/><U26/><E26/><V46/><F88/><W122/><G122/><T44/><D44/><N who="1" m="27879" /><E104/><V56/><F45/><W67/><G67/><T12/><D12/><U63/><E101/><V9/><F46/><W120/><G120/><T100/><D100/><U72/><E33/><V64/><F9/><W29/><G118/><T31/><AGARI ba="0,1" hai="6,7,28,31,36,38,48,50,57,59,80,81,134,135" machi="31" ten="25,6400,0" yaku="1,1,0,1,22,2,53,0" doraHai="49" doraHaiUra="21" who="0" fromWho="0" sc="230,74,245,-32,270,-16,245,-16" /><INIT seed="2,0,0,0,0,72" ten="304,213,254,229" oya="2" hai0="39,96,53,18,127,101,73,111,90,94,83,12,59" hai1="33,13,25,115,57,38,24,41,40,28,112,14,58" hai2="93,108,27,105,92,78,20,51,29,125,47,15,75" hai3="69,121,99,46,104,89,134,81,55,37,120,56,110"/><V48/><F105/><W7/><G110/><T123/><D111/><U8/><E28/><V61/><F108/><W107/><G69/><T91/><D127/><U77/><E8/><V50/><F125/><W31/><G134/><T109/><D109/><U2/><E38/><V23/><F47/><W74/><G31/><T60/><D39/><U131/><E2/><V10/><F20/><W0/><G89/><T62/><D123/><U42/><E131/><V44/><F44/><W21/><G21/><T97/><D62/><U113/><E33/><V102/><F102/><W34/><G34/><T49/><D60/><U117/><E117/><V3/><F3/><W64/><G64/><T124/><D124/><U100/><E100/><V79/><F61/><W6/><G99/><T45/><D45/><U106/><E106/><V88/><F75/><W119/><G119/><T116/><D116/><U30/><E30/><V82/><F82/><W1/><G81/><T67/><D67/><U118/><E77/><N who="2" m="29195" /><F88/><W80/><G80/><T129/><D129/><U128/><E128/><V135/><F135/><W16/><G74/><T70/><D70/><U66/><E118/><V19/><AGARI ba="0,0" hai="10,15,19,23,27,29,48,50,51,92,93" m="29195" machi="19" ten="30,11700,0" yaku="8,1,52,3" doraHai="72" who="2" fromWho="2" sc="304,-39,213,-39,254,117,229,-39" /><INIT seed="2,1,0,4,3,109" ten="265,174,371,190" oya="2" hai0="49,81,51,124,129,92,45,126,105,32,118,24,30" hai1="86,66,71,104,59,8,84,21,38,29,42,132,106" hai2="98,58,35,46,39,44,103,18,77,75,67,48,83" hai3="3,57,64,117,17,53,1,119,65,120,22,16,5"/><V110/><F35/><W20/><G57/><T127/><D105/><U93/><E71/><V23/><F110/><W19/><G53/><T10/><D129/><U115/><E38/><V28/><F39/><W114/><G120/><T15/><D118/><U50/><E132/><V91/><F91/><W113/><G19/><T107/><D107/><U34/><E34/><V131/><F28/><W73/><REACH who="3" step="1"/><G73/><REACH who="3" ten="265,174,371,180" step="2"/><T9/><D45/><U70/><E59/><V41/><F58/><W133/><G133/><T25/><D127/><U96/><E106/><V116/><F18/><W36/><G36/><T76/><D126/><U4/><E104/><V78/><F75/><W128/><G128/><T99/><D30/><U55/><E55/><V97/><F44/><W72/><G72/><T135/><D124/><U123/><E123/><V89/><F131/><W130/><G130/><T79/><D135/><U108/><E108/><V31/><F31/><W85/><G85/><T6/><D6/><AGARI ba="1,1" hai="1,3,5,6,16,17,20,22,64,65,113,114,117,119" machi="6" ten="25,12000,2" yaku="1,1,22,2,52,2,54,1,53,0" doraHai="109" doraHaiUra="80" who="3" fromWho="0" sc="265,-123,174,0,371,0,180,133" /><INIT seed="3,0,0,2,3,1" ten="142,174,371,313" oya="3" hai0="76,96,38,37,45,118,9,105,54,94,0,53,29" hai1="101,116,16,114,85,28,51,122,124,119,65,81,13" hai2="27,26,74,130,89,23,25,128,39,127,17,117,68" hai3="100,59,41,104,107,113,133,10,2,60,120,78,22"/><W77/><G120/><T83/><D105/><U48/><E114/><V31/><F117/><N who="1" m="45129" /><E124/><V67/><F39/><W40/><G22/><T125/><D118/><U131/><E131/><N who="2" m="50219" /><F74/><W36/><G36/><T19/><D125/><U24/><E101/><V66/><F127/><W134/><G10/><T30/><D37/><U50/><E65/><N who="2" m="24587" /><F68/><W43/><G2/><T112/><D112/><U132/><E132/><N who="3" m="50794" /><G113/><T6/><D19/><U86/><E122/><V135/><F135/><W110/><G110/><T91/><D30/><U8/><E81/><V33/><F89/><W108/><G108/><T82/><D29/><U98/><E98/><V95/><F95/><W56/><G100/><T102/><D102/><U12/><E12/><AGARI ba="0,0" hai="12,17,23,25,26,27,31,33" m="24587,50219" machi="12" ten="30,1000,0" yaku="19,1" doraHai="1" who="2" fromWho="1" sc="142,0,174,-10,371,10,313,0" /><INIT seed="4,0,0,2,4,60" ten="142,164,381,313" oya="0" hai0="111,125,27,15,52,17,24,67,98,104,94,109,53" hai1="74,118,0,103,10,12,63,129,21,127,107,16,49" hai2="25,2,130,3,30,68,11,39,90,96,54,97,133" hai3="56,48,31,85,116,135,66,18,131,64,114,59,47"/><T113/><D104/><U22/><E118/><V120/><F39/><W84/><G116/><T95/><D113/><U71/><E74/><V108/><F68/><W78/><G131/><T87/><D87/><N who="3" m="33353" /><G135/><T117/><D117/><U5/><E129/><V7/><F2/><W33/><G33/><T115/><D115/><U40/><E127/><V105/><F108/><N who="0" m="41546" /><D125/><U88/><E22/><V82/><F105/><W51/><G78/><T34/><D94/><U46/><E88/><V106/><F120/><W28/><G18/><T6/><D6/><U23/><E23/><V123/><F7/><W26/><G114/><T37/><D37/><U89/><E89/><V83/><F90/><W29/><G26/><N who="0" m="9771" /><D34/><U62/><REACH who="1" step="1"/><E71/><REACH who="1" ten="142,154,381,313" step="2"/><V61/><F130/><W119/><G119/><T73/><D73/><U45/><E45/><V79/><F79/><W91/><G91/><N who="0" m="55679" /><D67/><N who="3" m="25641" /><G47/><T112/><D112/><U110/><E110/><V43/><F133/><W36/><G36/><T93/><D93/><U122/><E122/><V92/><F123/><W77/><G77/><T132/><D132/><U124/><E124/><V58/><F92/><W76/><G76/><T101/><D101/><U80/><E80/><V32/><F83/><W13/><G13/><T35/><D35/><U134/><E134/><V126/><F82/><W81/><G81/><T14/><D14/><U19/><E19/><V1/><F32/><W41/><G41/><T65/><D65/><U128/><E128/><V9/><F43/><W57/><AGARI ba="0,1" hai="28,29,31,48,51,56,57,59" m="25641,33353" machi="57" ten="40,12000,2" yaku="28,2,8,1,52,3" doraHai="60" who="3" fromWho="3" sc="142,-60,154,-30,381,-30,313,130" /><INIT seed="5,0,0,3,1,68" ten="82,124,351,443" oya="1" hai0="82,86,74,4,29,121,31,110,52,79,124,71,106" hai1="80,58,27,135,92,131,9,87,98,12,114,62,51" hai2="17,32,117,102,2,57,13,63,78,44,119,88,97" hai3="109,90,93,21,112,84,10,33,100,30,11,111,134"/><U41/><E114/><V42/><F2/><W99/><G134/><T60/><D110/><U67/><E135/><V55/><F32/><W53/><G112/><T1/><D106/><U108/><E108/><V26/><F78/><W105/><G33/><T77/><D124/><U133/><E131/><V49/><F26/><N who="3" m="16719" /><G111/><T3/><D121/><U61/><E133/><V104/><REACH who="2" step="1"/><F88/><REACH who="2" ten="82,124,341,443" step="2"/><W39/><G109/><T81/><D1/><U48/><E27/><V35/><F35/><W72/><G90/><T25/><D25/><U47/><E87/><V14/><F14/><W34/><G84/><T36/><D3/><U56/><E80/><V8/><AGARI ba="0,1" hai="8,13,17,42,44,49,55,57,63,97,102,104,117,119" machi="8" ten="20,2700,0" yaku="1,1,0,1,7,1,53,0" doraHai="68" doraHaiUra="64" who="2" fromWho="2" sc="82,-7,124,-13,341,37,443,-7" /><INIT seed="6,0,0,3,5,63" ten="75,111,378,436" oya="2" hai0="100,10,104,112,0,83,132,60,115,34,32,56,5" hai1="82,7,122,86,17,30,72,18,69,4,59,37,48" hai2="52,96,93,116,75,53,88,124,102,87,91,114,121" hai3="9,127,106,16,98,90,12,128,133,125,57,27,118"/><V15/><F75/><W135/><G118/><T62/><D83/><U85/><E69/><V6/><F121/><W108/><G108/><T38/><D38/><U110/><E37/><V23/><F116/><W95/><G106/><T36/><D132/><N who="3" m="50761" /><G27/><T40/><D62/><U107/><E107/><V42/><F114/><W101/><G57/><T35/><D60/><U31/><E72/><V81/><F124/><N who="3" m="47691" /><G101/><T2/><D56/><U43/><E59/><V78/><F42/><W126/><N who="3" m="47699" /><W71/><DORA hai="113" /><G71/><T84/><D84/><U131/><E43/><V46/><F46/><W74/><G74/><T66/><D66/><U50/><E110/><V29/><F29/><W25/><G25/><T33/><N who="0" m="8192" /><DORA hai="45" /><T65/><D65/><U51/><E122/><V24/><F24/><W1/><G1/><N who="0" m="303" /><D115/><U64/><E64/><V20/><F102/><W67/><G67/><T19/><D112/><U49/><E49/><V77/><F77/><W120/><G120/><T97/><D19/><U70/><E51/><V105/><F78/><W73/><G73/><T119/><D119/><U11/><E70/><V3/><F105/><W76/><G76/><T68/><D68/><U99/><E82/><V26/><F81/><W58/><G58/><T21/><D21/><U103/><E103/><V80/><F23/><W39/><G39/><T13/><D13/><U109/><E109/><V41/><F15/><W130/><AGARI ba="0,0" hai="9,12,16,90,95,98,128,130" m="47699,50761" machi="130" ten="50,8000,1" yaku="30,2,20,1,18,1,54,1" doraHai="63,113,45" who="3" fromWho="3" sc="75,-20,111,-20,378,-40,436,80" /><INIT seed="7,0,0,0,1,13" ten="55,91,338,516" oya="3" hai0="101,114,64,107,100,54,91,45,90,95,22,41,112" hai1="25,86,53,10,74,65,42,89,130,129,70,116,127" hai2="12,9,108,16,58,68,67,128,55,14,94,105,88" hai3="50,106,62,34,2,124,7,48,69,117,0,87,72"/><W61/><G87/><T97/><D64/><U135/><E135/><V132/><F105/><W113/><G117/><T77/><D54/><U43/><E127/><V78/><F132/><W33/><G7/><T17/><D77/><U121/><E121/><V122/><F128/><N who="1" m="49257" /><E74/><V126/><F126/><W52/><G113/><N who="0" m="43627" /><D101/><U18/><E116/><V37/><F37/><W82/><G33/><T39/><D107/><U71/><E53/><V47/><F122/><W96/><G0/><T11/><D11/><U85/><E85/><V30/><F108/><W92/><G34/><T99/><D99/><U24/><E10/><V98/><F30/><W79/><G2/><T115/><N who="0" m="43635" /><T109/><DORA hai="81" /><D109/><U131/><N who="1" m="49265" /><U93/><DORA hai="32" /><E65/><V38/><F38/><W26/><G26/><AGARI ba="0,0" hai="17,22,26,39,41,45,90,91,95,97,100" m="43635" machi="26" ten="40,5200,0" yaku="15,1,11,1,52,1" doraHai="13,81,32" who="0" fromWho="3" sc="55,52,91,0,338,0,516,-52" owari="107,-29.0,91,-41.0,338,14.0,464,56.0" /></mjloggm>