<mjloggm ver="2.3"><GO type="169" lobby="0"/><UN n0="%E5%A4%A9%E7%A5%9E%E9%B3%B3%E4%BD%8D" n1="%E3%83%A1%E3%82%AB%E3%82%BC%E3%83%83%E3%83%88%E3%83%B3" n2="%E5%8D%83%E7%BE%BD%E9%B4%89" n3="%E3%82%A4%E3%83%B3%E3%83%87%E3%82%A3%E3%82%B4%E3%83%96%E3%83%AB%E3%83%BC" dan="16,16,17,16" rate="2105.06,2127.97,2225.36,2135.81" sx="M,M,F,M"/><TAIKYOKU oya="0"/><INIT seed="0,0,0,3,3,26" ten="250,250,250,250" oya="0" hai0="118,12,65,57,96,131,55,0,2,53,124,125,82" hai1="103,116,102,19,67,133,46,86,47,110,112,30,115" hai2="69,13,76,27,35,31,41,37,10,111,11,94,1" hai3="72,81,77,104,60,83,132,36,63,119,5,107,74"/><T51/><D118/><U66/><E110/><V8/><F111/><W14/><G119/><T39/><D39/><U84/><E116/><V52/><F69/><W92/><G36/><T29/><D131/><U99/><E99/><V34/><F1/><W48/><G132/><T56/><D65/><U43/><E43/><V21/><F76/><W108/><G108/><T109/><D109/><U120/><E133/><V128/><F128/><W106/><G48/><T18/><D96/><U123/><REACH who="1" step="1"/><E19/><REACH who="1" ten="250,240,250,250" step="2"/><V80/><F41/><W114/><G114/><T91/><D125/><U7/><E7/><V121/><F121/><W6/><G104/><T93/><D124/><U4/><E4/><V135/><F135/><W95/><REACH who="3" step="1"/><G14/><REACH who="3" ten="250,240,250,240" step="2"/><T33/><D0/><U20/><E20/><V97/><F13/><W17/><G17/><T101/><D2/><U105/><E105/><V134/><F134/><W98/><G98/><T129/><D18/><U45/><E45/><V130/><F21/><W32/><G32/><T54/><D12/><U100/><E100/><V40/><F34/><W79/><AGARI ba="0,2" hai="5,6,60,63,72,74,77,79,81,83,92,95,106,107" machi="79" ten="25,6400,0" yaku="1,1,0,1,22,2,53,0" doraHai="26" doraHaiUra="50" who="3" fromWho="3" sc="250,-32,240,-16,250,-16,240,84" /><INIT seed="1,0,0,3,1,99" ten="218,224,234,324" oya="1" hai0="91,88,5,33,96,75,80,83,38,44,52,135,133" hai1="21,97,122,16,116,74,132,45,15,94,24,82,47" hai2="85,23,0,123,22,98,63,66,57,111,8,110,18" hai3="50,78,109,92,81,95,112,79,90,25,29,119,127"/><U10/><E116/><V28/><F123/><W104/><G109/><N who="2" m="41481" /><F28/><W100/><G112/><T60/><D33/><U54/><E122/><V48/><F85/><N who="3" m="50479" /><G119/><T108/><D108/><U76/><E132/><N who="0" m="50761" /><D38/><U53/><E45/><V32/><F32/><W70/><G70/><T84/><D5/><U17/><REACH who="1" step="1"/><E47/><REACH who="1" ten="218,214,234,324" step="2"/><V102/><F48/><W107/><G50/><N who="0" m="28743" /><D60/><U73/><E73/><V30/><F63/><W113/><G113/><T129/><D129/><U49/><E49/><V19/><F57/><W1/><G127/><T68/><D68/><U9/><E9/><V89/><F8/><W37/><G37/><T31/><D75/><U86/><E86/><V67/><F67/><W13/><G1/><T26/><D84/><U43/><E43/><V7/><F66/><W115/><G115/><T121/><D121/><U69/><E69/><V6/><F0/><W39/><G39/><T59/><D59/><U41/><E41/><V130/><F130/><W40/><G40/><T128/><D128/><U3/><E3/><V124/><F124/><W27/><G13/><T103/><D26/><U61/><E61/><V35/><F7/><W2/><G27/><T46/><D46/><U125/><E125/><V120/><F6/><W58/><G2/><T71/><D71/><U56/><E56/><V51/><F51/><W64/><G58/><T11/><D11/><U42/><E42/><V72/><F72/><W65/><G65/><T12/><D12/><U14/><E14/><V126/><F126/><W131/><G64/><T34/><D34/><U114/><E114/><V106/><F35/><RYUUKYOKU ba="0,1" sc="218,-10,214,30,234,-10,324,-10" hai1="10,15,16,17,21,24,53,54,74,76,82,94,97" /><INIT seed="1,1,1,5,2,24" ten="208,244,224,314" oya="1" hai0="2,78,76,20,71,45,82,59,1,107,26,134,93" hai1="127,66,96,119,36,95,122,67,21,39,17,94,5" hai2="124,106,109,6,22,118,35,58,31,15,13,54,41" hai3="28,73,55,83,121,100,12,132,116,42,43,104,131"/><U49/><E119/><V47/><F106/><W98/><G121/><T91/><D134/><U111/><E122/><V40/><F118/><W3/><G3/><T92/><D71/><U63/><E5/><V99/><F35/><W11/><G116/><T97/><D107/><U123/><E123/><V48/><F109/><W117/><G132/><T113/><D113/><U105/><E105/><V65/><F124/><W8/><G131/><T89/><D45/><U57/><E127/><V56/><F99/><W16/><G11/><T90/><D59/><N who="2" m="22570" /><F65/><W27/><G55/><T101/><D92/><U34/><E34/><V102/><F102/><W37/><G37/><T52/><D52/><U9/><E111/><V30/><F15/><W14/><G14/><T85/><REACH who="0" step="1"/><D76/><REACH who="0" ten="198,244,224,314" step="2"/><U126/><E126/><V10/><F54/><W70/><G70/><T80/><D80/><U108/><E108/><V7/><F41/><W128/><G117/><T60/><D60/><U88/><E67/><V25/><F6/><W135/><G135/><T103/><D103/><U64/><E64/><V29/><AGARI ba="1,2" hai="7,10,13,22,25,29,30,31,40,47,48" m="22570" machi="29" ten="30,7900,0" yaku="8,1,52,3" doraHai="24" who="2" fromWho="2" sc="198,-21,244,-40,224,102,314,-21" /><INIT seed="2,0,0,5,0,34" ten="177,204,326,293" oya="2" hai0="115,110,126,37,45,130,59,85,76,112,93,41,63" hai1="47,86,29,103,128,32,30,9,133,58,10,53,7" hai2="88,74,26,1,31,55,62,101,105,0,99,6,46" hai3="19,117,79,60,98,43,68,50,90,15,5,35,20"/><V123/><F123/><W14/><G117/><T72/><D72/><U24/><E133/><V100/><F74/><W89/><G35/><T82/><D110/><U97/><E128/><V96/><F6/><W67/><G79/><T84/><D130/><U54/><E29/><V80/><F80/><W38/><G38/><T122/><D122/><U16/><E86/><V66/><F88/><W57/><G68/><T69/><D69/><U108/><E108/><V75/><F75/><W116/><G98/><T4/><D126/><U39/><E53/><V65/><F55/><W95/><G95/><T73/><D4/><U23/><E47/><V17/><F17/><N who="3" m="10303" /><G5/><T40/><D40/><U102/><E39/><V131/><F46/><N who="3" m="25951" /><G116/><T2/><D112/><U125/><E125/><V3/><F62/><W114/><G114/><T111/><D115/><U13/><E97/><V120/><F131/><W8/><AGARI ba="0,0" hai="8,14,19,57,60,67,89,90" m="25951,10303" machi="8" ten="30,1100,0" yaku="8,1" doraHai="34" who="3" fromWho="3" sc="177,-3,204,-3,326,-5,293,11" /><INIT seed="3,0,0,4,2,91" ten="174,201,321,304" oya="3" hai0="40,14,128,0,99,85,54,20,18,19,126,56,123" hai1="52,24,121,87,63,90,26,10,94,112,93,79,77" hai2="100,50,95,13,5,48,39,98,110,84,116,1,105" hai3="44,7,113,92,15,83,122,25,47,38,61,29,45"/><W103/><G113/><T8/><D123/><U129/><E121/><V46/><F116/><W70/><G122/><T86/><D126/><U37/><E37/><V30/><F1/><W134/><G134/><T80/><D128/><U69/><E112/><V109/><F30/><W132/><G132/><T81/><D40/><U27/><E129/><V16/><F5/><W76/><G70/><T117/><D117/><U115/><E115/><V11/><F84/><N who="3" m="48231" /><G61/><T102/><D86/><U35/><E35/><V6/><F6/><W31/><G25/><T17/><D85/><U64/><E10/><V135/><F135/><W119/><G119/><T124/><D124/><U130/><E130/><V12/><F12/><W21/><G38/><T125/><D125/><U96/><REACH who="1" step="1"/><E52/><REACH who="1" ten="174,191,321,304" step="2"/><V49/><REACH who="2" step="1"/><F105/><REACH who="2" ten="174,191,311,304" step="2"/><W23/><G7/><T133/><D133/><U74/><E74/><V104/><F104/><W9/><G9/><T58/><D0/><U65/><E65/><V67/><F67/><W59/><G21/><T53/><D20/><U75/><E75/><V42/><AGARI ba="0,2" hai="11,13,16,39,42,46,48,49,50,95,98,100,109,110" machi="42" ten="30,8000,1" yaku="1,1,0,1,52,1,54,1,53,1" doraHai="91" doraHaiUra="41" who="2" fromWho="2" sc="174,-20,191,-20,311,100,304,-40" /><INIT seed="4,0,0,1,0,128" ten="154,171,411,264" oya="0" hai0="64,23,130,73,22,41,78,1,113,5,4,71,84" hai1="34,17,24,51,72,66,67,56,93,55,9,122,15" hai2="123,94,118,19,125,90,119,36,103,65,20,21,110" hai3="74,108,132,111,18,76,80,47,13,53,10,126,70"/><T87/><D130/><U61/><E72/><V133/><F36/><W117/><G117/><N who="2" m="44553" /><F65/><W91/><G70/><T60/><D113/><U96/><E122/><V28/><F103/><W7/><G126/><T116/><D116/><U82/><E82/><V48/><F48/><W32/><G32/><T30/><D41/><U115/><E115/><V16/><F94/><W98/><G132/><T100/><D100/><U102/><E34/><V42/><F42/><W107/><G7/><T101/><D101/><U54/><REACH who="1" step="1"/><E24/><REACH who="1" ten="154,161,411,264" step="2"/><N who="2" m="14343" /><F123/><W43/><G80/><T124/><D73/><U11/><E11/><V45/><F125/><W33/><G10/><T3/><D124/><U63/><E63/><V25/><F110/><W106/><G33/><T83/><D83/><U120/><E120/><V79/><F79/><W37/><G76/><T38/><D78/><U121/><E121/><V8/><F8/><W109/><G109/><T81/><D81/><U50/><E50/><V95/><F25/><W89/><G111/><T12/><D38/><U97/><E97/><V88/><F21/><W29/><G98/><T2/><D23/><U105/><E105/><V6/><F6/><N who="0" m="2666" /><D12/><U52/><E52/><V59/><F95/><W85/><G106/><T49/><D49/><U68/><E68/><V112/><F112/><W26/><G107/><T75/><D75/><U69/><E69/><V129/><F129/><W99/><G74/><T127/><D127/><U86/><E86/><V134/><F90/><W40/><G91/><T77/><D77/><U58/><AGARI ba="0,1" hai="9,15,17,51,54,55,56,58,61,66,67,93,96,102" machi="58" ten="20,8000,1" yaku="1,1,0,1,7,1,8,1,53,1" doraHai="128" doraHaiUra="46" who="1" fromWho="1" sc="154,-40,161,90,411,-20,264,-20" /><INIT seed="5,0,0,5,2,64" ten="114,251,391,244" oya="1" hai0="80,23,110,38,8,119,92,55,34,29,124,129,3" hai1="41,84,86,114,105,66,77,126,56,130,93,111,108" hai2="73,85,87,27,123,32,28,75,49,22,65,6,31" hai3="62,97,60,39,83,20,133,79,98,112,91,14,36"/><U82/><E41/><V99/><F85/><W51/><G112/><T81/><D110/><N who="1" m="42027" /><E56/><V30/><F87/><W74/><G133/><T135/><D119/><U52/><E52/><V121/><F49/><W42/><G51/><T120/><D38/><U72/><E66/><V26/><F99/><W132/><G132/><T61/><D135/><U48/><E48/><V88/><F88/><W78/><G91/><T24/><D92/><U54/><E54/><V134/><F65/><W115/><G115/><T44/><D44/><U76/><E114/><V11/><F134/><W17/><G79/><T71/><D129/><U69/><E69/><V70/><F70/><W12/><G12/><T122/><D124/><U16/><E16/><V127/><F127/><W101/><G97/><T0/><D55/><U45/><E45/><V67/><F67/><W90/><G90/><T18/><D61/><U131/><E105/><V106/><F106/><W4/><G4/><N who="0" m="1031" /><D71/><U128/><E126/><V104/><F104/><W40/><G40/><T116/><D116/><U10/><E10/><V21/><F31/><W59/><G42/><T57/><D57/><U47/><E47/><V19/><F19/><W107/><G60/><T118/><D118/><U63/><E63/><V103/><F32/><W7/><G7/><T117/><D117/><U96/><E77/><V13/><REACH who="2" step="1"/><F103/><AGARI ba="0,0" hai="72,76,82,84,86,93,96,103,128,130,131" m="42027" machi="103" ten="40,12000,1" yaku="19,1,10,1,34,2" doraHai="64" who="1" fromWho="2" sc="114,0,251,120,391,-120,244,0" /><INIT seed="5,1,0,1,5,72" ten="114,371,271,244" oya="1" hai0="107,43,115,117,46,27,66,21,82,123,80,51,28" hai1="9,69,40,18,41,26,109,20,64,98,55,114,47" hai2="89,60,48,113,78,81,96,108,63,4,30,52,130" hai3="62,118,8,25,36,58,45,131,77,29,32,116,12"/><U105/><E114/><V126/><F113/><W14/><G131/><T79/><D115/><U33/><E109/><V50/><F130/><W19/><G14/><T97/><D117/><N who="3" m="45161" /><G45/><T31/><D123/><U7/><E33/><V37/><F37/><W1/><G36/><T127/><D127/><U6/><E64/><V111/><F126/><W88/><G1/><T24/><D66/><U75/><E75/><V38/><F38/><W134/><G134/><T23/><D107/><U54/><E69/><V57/><F30/><W132/><G132/><T3/><D3/><U76/><E105/><V103/><F4/><W22/><G77/><T94/><REACH who="0" step="1"/><D79/><REACH who="0" ten="104,371,271,244" step="2"/><U121/><E76/><V87/><F108/><W95/><G95/><T101/><AGARI ba="1,1" hai="21,23,24,27,28,31,43,46,51,80,82,94,97,101" machi="101" ten="20,12000,2" yaku="1,1,2,1,0,1,7,1,9,1,8,1,53,0" doraHai="72" doraHaiUra="67" who="0" fromWho="0" sc="104,133,371,-61,271,-31,244,-31" /><INIT seed="6,0,0,0,2,40" ten="237,310,240,213" oya="2" hai0="7,45,104,31,64,57,67,20,50,47,123,110,82" hai1="94,124,98,27,51,69,102,11,13,93,62,134,54" hai2="101,109,118,76,103,128,32,83,112,19,84,114,85" hai3="126,90,33,52,78,125,119,12,29,99,38,26,21"/><V107/><F32/><W39/><G119/><T120/><D104/><U60/><E134/><V91/><F19/><W81/><G12/><T117/><D110/><U1/><E124/><V108/><F118/><W116/><G33/><T58/><D117/><U49/><E1/><V5/><F128/><W63/><G90/><T35/><D35/><U36/><E36/><V79/><F5/><W53/><G99/><T4/><D82/><U3/><E3/><V17/><F17/><W132/><G132/><T0/><D0/><U87/><E69/><V130/><F130/><W127/><G116/><T6/><D120/><U111/><E111/><N who="2" m="42571" /><F76/><W25/><G25/><N who="0" m="16807" /><D123/><U73/><E27/><V9/><F9/><W37/><REACH who="3" step="1"/><G63/><REACH who="3" ten="237,310,240,203" step="2"/><N who="0" m="37999" /><D50/><U133/><E49/><V70/><F70/><W71/><G71/><T131/><D131/><U42/><E51/><V41/><F41/><W74/><AGARI ba="0,1" hai="21,26,29,37,38,39,52,53,74,78,81,125,126,127" machi="74" ten="40,8000,1" yaku="1,1,0,1,18,1,54,1,53,0" doraHai="40" doraHaiUra="95" who="3" fromWho="3" sc="237,-20,310,-20,240,-40,203,90" /><INIT seed="7,0,0,0,1,52" ten="217,290,200,293" oya="3" hai0="0,45,110,125,93,129,23,54,99,39,50,121,82" hai1="89,41,108,62,70,115,69,36,58,64,18,87,86" hai2="118,127,47,98,27,80,101,85,119,16,84,17,128" hai3="123,76,67,49,4,126,73,7,112,30,10,53,60"/><W37/><G112/><T22/><D110/><U120/><E108/><V91/><F127/><W97/><G123/><T74/><D121/><U48/><E120/><V31/><F128/><W59/><G37/><T100/><D129/><U94/><E115/><V95/><F47/><W90/><G126/><T42/><D125/><U14/><E36/><V124/><F124/><W57/><G10/><T75/><D0/><U109/><E109/><V65/><F65/><W1/><G1/><T5/><D5/><U15/><E15/><V2/><F2/><W66/><G66/><T81/><D75/><U111/><E111/><V12/><F85/><W71/><G71/><T130/><D130/><U20/><E86/><V21/><REACH who="2" step="1"/><F17/><REACH who="2" ten="217,290,190,293" step="2"/><W103/><G67/><T40/><D74/><U33/><E87/><V35/><AGARI ba="0,1" hai="12,16,21,27,31,35,80,84,91,95,98,101,118,119" machi="35" ten="20,8000,1" yaku="1,1,2,1,0,1,7,1,54,1,53,0" doraHai="52" doraHaiUra="131" who="2" fromWho="2" sc="217,-20,290,-20,190,90,293,-40" /><INIT seed="8,0,0,0,1,61" ten="197,270,280,253" oya="0" hai0="43,25,33,14,110,31,13,41,128,97,42,94,89" hai1="24,106,76,79,118,131,90,29,37,36,83,115,93" hai2="34,91,70,22,92,111,4,116,54,59,72,64,105" hai3="32,47,113,135,11,98,73,10,49,80,109,129,0"/><T38/><D128/><U16/><E106/><V74/><F34/><W2/><G109/><T58/><D110/><U12/><E131/><V82/><F105/><W84/><G113/><T1/><D38/><U77/><E83/><V108/><F4/><W95/><G73/><T114/><D114/><U119/><E115/><V117/><F64/><W86/><G32/><T112/><D112/><U87/><E37/><V133/><F70/><W18/><G84/><T56/><REACH who="0" step="1"/><D1/><REACH who="0" ten="187,270,280,253" step="2"/><U26/><E36/><V28/><F111/><W52/><G129/><T96/><D96/><U68/><E119/><V48/><F108/><W81/><G2/><T7/><D7/><U55/><E118/><V134/><F116/><W101/><G0/><T75/><D75/><U121/><E121/><V45/><F117/><W124/><G135/><T15/><AGARI ba="0,1" hai="13,14,15,25,31,33,41,42,43,56,58,89,94,97" machi="15" ten="30,3000,0" yaku="1,1,0,1,53,0" doraHai="61" doraHaiUra="122" who="0" fromWho="0" sc="187,40,270,-10,280,-10,253,-10" /><INIT seed="8,1,0,1,0,119" ten="227,260,270,243" oya="0" hai0="85,132,38,120,13,8,70,1,126,101,28,135,96" hai1="36,84,82,72,5,49,102,118,9,3,99,128,93" hai2="87,56,129,69,97,88,22,91,32,106,24,89,41" hai3="104,33,67,29,80,18,11,95,66,60,65,103,50"/><T90/><D70/><U134/><E118/><V19/><F69/><N who="3" m="42151" /><G95/><N who="0" m="58527" /><D38/><U105/><E128/><V43/><F129/><W108/><G108/><T81/><D1/><U15/><E134/><N who="0" m="51241" /><D28/><U51/><E36/><V71/><F71/><W79/><G50/><T110/><D110/><U113/><E113/><V122/><F122/><W83/><G83/><T26/><D26/><U58/><E58/><V74/><F32/><W16/><G11/><T121/><D126/><U10/><E72/><V30/><F74/><N who="3" m="43127" /><G66/><T48/><D48/><U63/><E63/><V125/><F125/><W42/><G42/><T40/><D40/><U35/><E35/><V27/><F41/><W100/><G67/><T109/><D109/><U61/><E61/><V123/><F43/><W115/><G115/><T39/><D39/><U45/><E45/><V98/><F56/><W127/><G127/><T111/><D111/><U12/><E105/><V92/><F106/><W131/><G131/><T46/><D46/><U86/><E3/><V116/><F116/><W133/><G133/><T47/><D47/><U76/><E86/><V94/><F87/><W57/><G57/><T23/><D23/><U7/><AGARI ba="1,0" hai="5,7,9,10,12,15,49,51,76,82,84,93,99,102" machi="7" ten="20,5200,0" yaku="0,1,7,1,9,1,8,1" doraHai="119" who="1" fromWho="1" sc="227,-27,260,55,270,-14,243,-14" owari="200,-30.0,315,41.0,256,6.0,229,-17.0" /></mjloggm>