<mjloggm ver="2.3"><GO type="169" lobby="0"/><UN n0="%E3%81%A4%E3%81%A3%E3%81%97%E3%83%BC%E3%81%BE" n1="%42%72%42%61" n2="%E5%BC%B7%E6%89%93%E6%84%9B%E5%A5%BD%E5%AE%B6" n3="%E8%88%AC%E5%8D%93%E6%B0%91%E3%81%AE%E6%9C%9D%E3%81%AF%E6%97%A9%E3%81%84" dan="16,16,16,17" rate="2060.95,2140.22,2143.69,2241.18" sx="M,M,M,M"/><TAIKYOKU oya="0"/><INIT seed="0,0,0,1,3,113" ten="250,250,250,250" oya="0" hai0="107,63,21,35,108,45,43,13,56,52,65,133,84" hai1="134,76,125,62,106,54,74,12,27,23,97,72,6" hai2="40,117,105,31,47,57,44,18,60,61,22,88,95" hai3="15,29,121,20,128,96,130,116,100,99,4,37,11"/><T7/><D107/><U104/><E134/><V1/><F1/><W24/><G37/><T79/><D35/><U132/><E132/><V36/><F105/><W112/><G112/><T49/><D133/><U10/><E125/><V8/><F31/><W90/><G121/><T77/><D108/><U64/><E54/><V42/><F8/><W109/><G109/><T3/><D3/><U85/><E104/><V28/><F28/><W86/><G100/><T5/><D5/><U89/><E76/><V94/><F94/><N who="3" m="54615" /><G116/><T30/><D84/><U68/><E97/><V131/><F131/><W124/><G124/><T114/><D114/><U0/><E0/><V73/><F73/><W101/><G101/><T87/><D87/><U25/><E25/><V98/><F117/><W46/><G46/><T91/><D91/><U69/><E69/><V75/><F57/><W38/><G38/><T55/><D7/><U111/><E106/><V26/><REACH who="2" step="1"/><F75/><REACH who="2" ten="250,250,240,250" step="2"/><W9/><G11/><T71/><D71/><U127/><E127/><V81/><F81/><W66/><G128/><T67/><D30/><U83/><E111/><V39/><AGARI ba="0,1" hai="18,22,26,36,39,40,42,44,47,60,61,88,95,98" machi="39" ten="20,8000,1" yaku="1,1,0,1,7,1,9,1,54,1,53,0" doraHai="113" doraHaiUra="78" who="2" fromWho="2" sc="250,-40,250,-20,240,90,250,-20" /><INIT seed="1,0,0,3,3,52" ten="210,230,330,230" oya="1" hai0="73,106,54,120,130,100,26,113,21,0,14,96,34" hai1="115,109,112,84,20,81,15,114,30,31,82,131,103" hai2="16,23,46,38,102,74,78,87,135,98,64,129,19" hai3="63,32,39,95,11,48,104,119,79,57,5,51,36"/><U50/><E131/><V47/><F129/><W59/><G104/><T99/><D130/><U75/><E103/><V69/><F74/><W72/><G32/><T118/><D118/><U71/><E71/><V116/><F116/><W42/><G119/><T80/><D120/><U85/><E75/><V110/><F135/><W121/><G121/><T70/><D0/><U53/><E109/><V6/><F6/><W56/><G95/><T10/><D70/><U67/><E67/><V134/><F134/><W17/><G17/><T25/><D34/><U58/><E15/><V126/><F126/><W125/><G63/><T90/><D113/><U62/><E62/><V93/><F64/><W92/><G125/><T128/><D26/><U97/><E97/><V40/><F69/><W55/><G92/><T37/><D37/><U68/><E68/><V76/><F19/><W105/><G105/><T111/><D111/><U83/><REACH who="1" step="1"/><E31/><REACH who="1" ten="210,220,330,230" step="2"/><V33/><F110/><W61/><G61/><T132/><D128/><U88/><E88/><V24/><F87/><W91/><G91/><T60/><D132/><U9/><E9/><V27/><F98/><W127/><G127/><T41/><D99/><U122/><E122/><V8/><F102/><W44/><G72/><T124/><D124/><U18/><E18/><V29/><F8/><W107/><G107/><T12/><D10/><U1/><E1/><V35/><F29/><W2/><REACH who="3" step="1"/><G79/><REACH who="3" ten="210,220,330,220" step="2"/><T7/><D73/><U94/><E94/><V77/><F93/><W133/><G133/><T49/><D106/><U65/><E65/><V13/><F78/><RYUUKYOKU ba="0,2" sc="210,-15,220,15,330,-15,220,15" hai1="20,30,50,53,58,81,82,83,84,85,112,114,115" hai3="2,5,11,36,39,42,44,48,51,55,56,57,59" /><INIT seed="1,1,2,0,2,78" ten="195,235,315,235" oya="1" hai0="38,18,26,93,31,3,117,122,95,104,44,79,72" hai1="89,82,125,66,20,36,40,83,24,108,77,67,48" hai2="76,62,68,69,91,81,11,70,126,75,65,100,111" hai3="94,80,123,56,51,73,131,39,121,135,63,61,13"/><U105/><E125/><V43/><F111/><W0/><G0/><T25/><D117/><U35/><E36/><V60/><F126/><W110/><G39/><T129/><D104/><U98/><E35/><V107/><F91/><W74/><G110/><T33/><D129/><U53/><E108/><V85/><F85/><W4/><G94/><T106/><D106/><U46/><E105/><V6/><F43/><W134/><G131/><T45/><D122/><U96/><E89/><V54/><F54/><W127/><G127/><T37/><D3/><U29/><E40/><V12/><REACH who="2" step="1"/><F60/><REACH who="2" ten="195,235,305,235" step="2"/><W30/><G63/><T112/><D38/><U59/><E46/><V118/><F118/><W7/><G121/><T115/><D37/><U57/><E77/><V16/><F16/><W2/><G61/><T128/><D128/><U23/><E98/><AGARI ba="1,3" hai="6,11,12,62,65,68,69,70,75,76,81,98,100,107" machi="98" ten="40,2600,0" yaku="1,1,52,1,53,0" doraHai="78" doraHaiUra="87" who="2" fromWho="1" sc="195,0,235,-29,305,59,235,0" /><INIT seed="2,0,0,3,2,21" ten="195,206,364,235" oya="2" hai0="120,74,132,11,27,123,78,133,56,108,40,58,68" hai1="97,0,4,57,29,37,129,38,131,101,130,31,91" hai2="15,110,13,12,96,67,18,46,107,84,102,66,88" hai3="7,104,51,98,22,134,62,19,20,115,125,80,82"/><V79/><F110/><W23/><G125/><T6/><D108/><U54/><E91/><V135/><F135/><N who="0" m="51786" /><D68/><U86/><E86/><V64/><F46/><W87/><G134/><T63/><D40/><U119/><E119/><V44/><F44/><W103/><G115/><T8/><D78/><U83/><E83/><V45/><F45/><W106/><G7/><T39/><D74/><U117/><E117/><V122/><F79/><W42/><G42/><T93/><D93/><U9/><E38/><V26/><F122/><N who="0" m="46634" /><D39/><U2/><E2/><V43/><F43/><W35/><G51/><T33/><D63/><N who="1" m="36279" /><E37/><V53/><F53/><W111/><G111/><T124/><D124/><U127/><E127/><V114/><F114/><W25/><G62/><T48/><D48/><U55/><E55/><V109/><F109/><W47/><G47/><T32/><D32/><U70/><E70/><V89/><REACH who="2" step="1"/><F84/><REACH who="2" ten="195,206,354,235" step="2"/><W94/><G87/><T3/><D11/><U14/><E0/><V77/><F77/><W34/><G82/><T105/><D105/><AGARI ba="0,1" hai="4,9,14,29,31,97,101,105,129,130,131" m="36279" machi="105" ten="30,1000,0" yaku="19,1" doraHai="21" who="1" fromWho="0" sc="195,-10,206,20,354,0,235,0" /><INIT seed="3,0,0,3,0,45" ten="185,226,354,235" oya="3" hai0="132,27,125,46,86,74,34,20,69,106,44,3,63" hai1="83,76,97,15,98,96,80,120,35,26,107,62,123" hai2="113,87,115,38,54,29,31,82,68,57,17,37,7" hai3="36,59,92,39,100,129,110,124,89,12,108,49,71"/><W88/><G71/><T94/><D74/><U60/><E15/><V84/><F7/><W131/><G124/><T23/><D3/><U6/><E6/><V73/><F73/><W19/><G100/><T9/><D9/><U79/><E35/><V78/><F68/><W25/><G25/><T109/><D106/><U22/><E22/><V117/><F117/><W50/><G59/><T1/><D1/><U2/><E26/><V66/><F66/><W40/><G40/><T104/><D104/><U53/><E2/><V14/><F38/><N who="3" m="14379" /><G19/><T121/><D63/><N who="1" m="24107" /><E53/><V128/><F37/><W111/><G12/><T90/><D125/><U133/><E133/><V41/><F17/><W114/><G114/><T65/><D132/><U93/><E93/><V103/><F14/><W51/><G89/><T24/><D65/><U101/><E101/><V42/><F103/><W99/><AGARI ba="0,0" hai="49,50,51,88,92,99,108,110,111,129,131" m="14379" machi="99" ten="40,18000,2" yaku="14,1,10,1,52,3,54,1" doraHai="45" who="3" fromWho="3" sc="185,-60,226,-60,354,-60,235,180" /><INIT seed="3,1,0,3,4,59" ten="125,166,294,415" oya="3" hai0="114,26,81,133,92,134,22,62,96,107,33,25,13" hai1="82,32,83,53,57,68,10,29,77,7,121,36,131" hai2="135,72,61,4,39,116,98,55,76,16,51,112,15" hai3="71,86,78,37,43,9,105,85,24,73,11,18,47"/><W21/><G105/><T118/><D118/><U48/><E121/><V75/><F39/><W56/><G71/><T58/><D114/><U103/><E131/><V46/><F112/><W104/><G104/><T113/><D113/><U100/><E36/><V99/><F116/><W44/><G73/><T129/><D107/><U3/><E68/><V31/><F31/><W120/><G120/><T54/><D129/><U66/><E66/><V127/><F4/><W38/><G78/><T1/><D1/><U94/><E83/><V14/><F135/><N who="0" m="51722" /><D81/><U6/><E6/><V70/><F14/><W128/><G128/><T125/><D33/><U122/><E122/><V42/><F127/><W93/><G93/><T41/><D41/><U50/><E50/><V30/><F30/><W90/><G38/><T5/><D5/><U52/><E53/><V124/><F124/><W69/><G43/><T79/><D79/><U91/><E29/><V17/><F17/><W111/><G37/><T84/><D84/><U0/><E0/><V23/><F76/><W40/><G40/><T117/><D125/><U89/><E32/><V126/><F126/><W88/><G86/><T115/><D115/><U28/><E28/><V35/><F35/><W49/><G85/><T132/><D117/><U12/><E3/><V110/><F42/><W19/><G19/><N who="0" m="10607" /><D132/><U95/><E95/><V80/><F80/><W119/><G119/><T74/><D74/><N who="1" m="43319" /><E94/><V20/><F75/><W67/><G18/><T2/><D2/><U34/><E34/><V109/><F72/><W123/><G123/><T101/><AGARI ba="1,0" hai="25,26,54,58,62,92,96,101" m="10607,51722" machi="101" ten="30,4000,0" yaku="5,1,20,1,52,1" doraHai="59" who="0" fromWho="0" sc="125,43,166,-11,294,-11,415,-21" /><INIT seed="4,0,0,4,2,62" ten="168,155,283,394" oya="0" hai0="106,37,64,44,51,125,117,12,11,101,98,127,79" hai1="39,2,56,26,121,91,8,14,92,63,123,133,118" hai2="76,95,129,110,103,102,70,111,74,82,66,90,120" hai3="135,34,10,126,42,1,41,4,31,67,85,105,16"/><T13/><D117/><U93/><E118/><V65/><F120/><W89/><G105/><T28/><D28/><U38/><E133/><V54/><F129/><W84/><G135/><T22/><D37/><U109/><E109/><V86/><F70/><W6/><G126/><T128/><D79/><U60/><E2/><V99/><F102/><W3/><G31/><T19/><D128/><U119/><E119/><V69/><F69/><W114/><G34/><T108/><D108/><N who="2" m="41514" /><F54/><W30/><G30/><T130/><D130/><U46/><E26/><V104/><AGARI ba="0,0" hai="65,66,74,76,82,86,90,95,99,103,104" m="41514" machi="104" ten="30,4000,0" yaku="24,1,52,2" doraHai="62" who="2" fromWho="2" sc="168,-20,155,-10,283,40,394,-10" /><INIT seed="5,0,0,5,4,135" ten="148,145,323,384" oya="1" hai0="47,32,74,126,94,43,48,67,122,39,53,129,88" hai1="3,5,52,117,40,66,76,12,42,44,91,93,90" hai2="1,82,133,37,111,87,92,15,105,11,58,80,65" hai3="7,127,24,99,0,121,124,35,77,51,46,72,56"/><U55/><E117/><V22/><F37/><W62/><G121/><T73/><D32/><U49/><E3/><V79/><F105/><W63/><G99/><T130/><D122/><U17/><E76/><V10/><F111/><W78/><G7/><T14/><D67/><U116/><E116/><V97/><F133/><W57/><G0/><T100/><D100/><U132/><E132/><V9/><F82/><W38/><G38/><T118/><D118/><U98/><E5/><V36/><F36/><W70/><G70/><T83/><D14/><U31/><E31/><V113/><F22/><W89/><G89/><N who="1" m="33802" /><E66/><V6/><F113/><W107/><G107/><T115/><D115/><U8/><E42/><V25/><F25/><W81/><G77/><T61/><D61/><N who="3" m="23049" /><G24/><T125/><D83/><U34/><E34/><V120/><F120/><W75/><G75/><N who="0" m="28683" /><D43/><U86/><E86/><V4/><F1/><W108/><G108/><T21/><D39/><U95/><E95/><V2/><F4/><W18/><G35/><T45/><D21/><U71/><E71/><V109/><F2/><W110/><G110/><T20/><D20/><U16/><E17/><V101/><F109/><W69/><G18/><T119/><D119/><U128/><E128/><N who="0" m="49257" /><D45/><U131/><E131/><V33/><F33/><W26/><G69/><T54/><D53/><U102/><AGARI ba="0,0" hai="8,12,16,40,44,49,52,55,93,98,102" m="33802" machi="102" ten="30,6000,0" yaku="8,1,54,2" doraHai="135" who="1" fromWho="1" sc="148,-20,145,60,323,-20,384,-20" /><INIT seed="5,1,0,4,3,30" ten="128,205,303,364" oya="1" hai0="31,27,128,65,28,59,79,121,9,129,18,0,96" hai1="77,84,92,2,3,113,6,102,130,51,40,68,74" hai2="73,80,75,125,101,119,52,63,16,62,111,8,14" hai3="120,57,69,93,33,85,100,118,99,19,81,24,12"/><U29/><E113/><V82/><F119/><W10/><G118/><T46/><D79/><U39/><E130/><V122/><F122/><W108/><G108/><T64/><D121/><U53/><E68/><V106/><F111/><W48/><G69/><T36/><D96/><U88/><E29/><V61/><F125/><W90/><G120/><T67/><D31/><U23/><E23/><V26/><F106/><W13/><G33/><T134/><D134/><U44/><E102/><V49/><F101/><W21/><G10/><T56/><D18/><U55/><E55/><AGARI ba="1,0" hai="12,13,19,21,24,48,55,57,81,85,90,93,99,100" machi="55" ten="40,1300,0" yaku="8,1" doraHai="30" who="3" fromWho="1" sc="128,0,205,-16,303,0,364,16" /><INIT seed="6,0,0,2,4,45" ten="128,189,303,380" oya="2" hai0="63,61,92,91,88,42,57,81,29,9,10,43,51" hai1="106,19,47,4,18,98,34,103,5,86,15,50,23" hai2="80,13,20,108,3,12,66,48,79,68,129,74,107" hai3="65,117,38,104,112,121,95,2,1,123,127,35,60"/><V76/><F3/><W97/><G117/><T71/><D71/><U132/><E132/><V40/><F108/><W133/><G133/><T55/><D29/><U54/><E34/><V105/><F76/><W49/><G49/><N who="0" m="30959" /><D81/><U17/><E86/><V0/><F0/><N who="3" m="107" /><G95/><T135/><D135/><U118/><E118/><V115/><F68/><N who="3" m="42023" /><G127/><T39/><D39/><U101/><E101/><V26/><F66/><W7/><G7/><T44/><D43/><U33/><E33/><V82/><F79/><W62/><G112/><T126/><D126/><U46/><E46/><V21/><F40/><W119/><G119/><T11/><D91/><U69/><E69/><V37/><F48/><W122/><G62/><T94/><D94/><U25/><REACH who="1" step="1"/><E19/><REACH who="1" ten="128,179,303,380" step="2"/><V99/><F115/><W27/><G35/><T85/><AGARI ba="0,1" hai="9,10,11,42,44,51,61,63,85,88,92" m="30959" machi="85" ten="30,7900,0" yaku="8,1,52,2,54,1" doraHai="45" who="0" fromWho="0" sc="128,89,179,-20,303,-39,380,-20" /><INIT seed="7,0,0,0,0,39" ten="217,159,264,360" oya="3" hai0="47,118,99,109,96,9,52,67,71,115,112,123,98" hai1="72,116,25,77,114,100,120,88,18,54,121,4,7" hai2="133,61,28,29,124,50,21,15,34,51,33,117,135" hai3="1,43,23,38,127,24,27,64,49,8,36,101,134"/><W3/><G101/><T45/><D118/><U89/><E116/><V40/><F117/><W97/><G97/><T126/><D123/><U14/><E114/><N who="0" m="43561" /><D109/><U37/><E100/><V103/><F103/><W78/><G24/><T55/><D9/><U94/><E25/><V57/><F124/><W106/><G64/><T10/><D10/><U66/><E66/><V90/><F90/><W111/><G49/><N who="2" m="18441" /><F40/><W48/><G43/><T26/><D26/><U70/><E70/><V80/><F80/><W91/><G48/><T20/><D20/><U53/><E37/><V104/><F104/><W79/><G106/><T132/><D132/><N who="2" m="50762" /><F15/><W16/><G91/><N who="1" m="34890" /><E14/><V110/><F21/><W85/><G23/><T105/><D126/><U93/><E77/><V32/><F110/><W58/><G111/><T84/><D84/><U35/><E18/><V2/><F2/><W92/><G16/><T44/><D105/><U0/><E35/><V69/><F69/><W68/><G68/><T60/><AGARI ba="0,0" hai="44,45,47,52,55,60,67,71,96,98,99" m="43561" machi="60" ten="40,5200,0" yaku="15,1,11,1,54,1" doraHai="39" who="0" fromWho="0" sc="217,52,159,-13,264,-13,360,-26" owari="269,7.0,146,-35.0,251,-15.0,334,43.0" /></mjloggm>