<mjloggm ver="2.3"><GO type="225" lobby="0"/><UN n0="%E3%83%94%E3%82%B3%E3%83%9E%E3%82%B9%E3%83%86%E3%82%A3%E3%83%95" n1="%E9%81%85%E5%88%BB%E3%81%AE%E3%83%97%E3%83%AA%E3%83%B3%E3%82%B9%E2%99%AA" n2="%E7%B6%BE%E9%87%8E%E7%8F%AA%E5%AD%90" n3="%E8%A8%88%E7%AE%97%E6%A9%9F%E8%87%AA%E7%84%B6" dan="17,16,17,17" rate="2192.42,2121.96,2203.19,2279.69" sx="M,F,F,M"/><TAIKYOKU oya="0"/><INIT seed="0,0,0,0,4,45" ten="250,250,250,250" oya="0" hai0="17,83,82,3,81,75,105,59,66,70,63,58,24" hai1="122,71,11,50,32,103,107,57,124,19,84,7,10" hai2="131,56,23,15,129,65,64,120,60,89,47,76,117" hai3="25,42,130,110,79,133,28,34,134,97,95,31,85"/><T102/><D3/><U86/><E122/><V55/><F120/><W46/><G110/><T68/><D75/><U111/><E71/><V108/><F76/><W72/><G72/><T29/><D17/><U78/><E111/><V73/><F73/><W96/><G130/><N who="2" m="49673" /><F108/><W61/><G28/><T20/><REACH who="0" step="1"/><D70/><REACH who="0" ten="240,250,250,250" step="2"/><U38/><E19/><N who="2" m="10751" /><F117/><W54/><G134/><T51/><D51/><U67/><E50/><N who="2" m="29151" /><F89/><W104/><G133/><T119/><D119/><U114/><E38/><V93/><F93/><W91/><G79/><T53/><D53/><AGARI ba="0,1" hai="53,56,60,64,65" m="29151,10751,49673" machi="53" ten="30,2000,0" yaku="19,1,52,1" doraHai="45" who="2" fromWho="0" sc="240,-20,250,0,250,30,250,0" /><INIT seed="1,0,0,2,0,61" ten="220,250,280,250" oya="1" hai0="10,40,43,33,42,38,50,16,126,39,31,105,6" hai1="44,49,52,53,68,47,80,134,92,96,23,76,104" hai2="24,41,122,114,4,83,21,91,132,109,99,112,51" hai3="26,19,65,55,35,102,58,127,79,3,9,60,17"/><U64/><E104/><V118/><F118/><W72/><G127/><T20/><D105/><U117/><E117/><V7/><F122/><W2/><G102/><T1/><D126/><U106/><E106/><V97/><F132/><W111/><G111/><T100/><D100/><U116/><E116/><V37/><F37/><W120/><G120/><T107/><D107/><U28/><E134/><V108/><F41/><W130/><G130/><T66/><D50/><U119/><E119/><V32/><F51/><W89/><G89/><T74/><D74/><U62/><E28/><N who="2" m="19463" /><F83/><W84/><G72/><T125/><D125/><U90/><E23/><V48/><F48/><W29/><G55/><T110/><D110/><N who="2" m="42602" /><F91/><W5/><REACH who="3" step="1"/><G2/><REACH who="3" ten="220,250,280,240" step="2"/><T27/><REACH who="0" step="1"/><D66/><REACH who="0" ten="210,250,280,240" step="2"/><U95/><E47/><V78/><F114/><W77/><G77/><T121/><D121/><U86/><REACH who="1" step="1"/><E92/><REACH who="1" ten="210,240,280,240" step="2"/><V88/><F112/><W46/><G46/><T70/><D70/><U87/><E87/><V12/><F99/><W113/><G113/><T59/><D59/><U18/><E18/><N who="2" m="10439" /><F78/><W45/><G45/><T30/><D30/><U85/><E85/><V14/><F97/><W57/><G57/><T103/><D103/><U22/><E22/><V115/><F115/><W131/><G131/><T67/><D67/><U129/><E129/><V15/><F88/><W101/><G101/><T36/><D36/><U11/><E11/><V25/><F7/><W128/><G128/><T0/><D0/><U98/><E98/><V94/><F4/><W93/><G93/><T123/><D123/><U73/><E73/><V124/><F124/><RYUUKYOKU ba="0,3" sc="210,10,240,10,280,-30,240,10" hai0="1,6,10,16,20,27,31,33,38,39,40,42,43" hai1="44,49,52,53,62,64,68,76,80,86,90,95,96" hai3="3,5,9,17,19,26,29,35,58,60,65,79,84" /><INIT seed="1,1,3,1,1,90" ten="220,250,250,250" oya="1" hai0="117,55,52,80,109,67,51,127,59,75,94,0,88" hai1="95,24,106,133,85,70,16,40,1,32,76,38,93" hai2="31,77,73,8,50,26,100,104,122,103,19,61,111" hai3="132,28,86,68,46,60,79,58,37,92,45,71,131"/><U116/><E116/><V20/><F122/><W42/><G132/><T124/><D117/><U114/><E114/><V110/><F61/><W29/><G131/><T4/><D109/><N who="2" m="41482" /><F104/><W83/><G45/><T2/><D67/><U115/><E115/><V41/><F77/><W102/><G68/><T18/><D18/><U89/><E106/><V23/><F8/><W81/><G71/><T119/><D119/><U54/><E70/><V48/><F73/><W96/><REACH who="3" step="1"/><G81/><REACH who="3" ten="220,250,250,240" step="2"/><T7/><D80/><U84/><E133/><V21/><F41/><W43/><G43/><T47/><D75/><U56/><E40/><V125/><F125/><N who="0" m="48202" /><D0/><U123/><E1/><V3/><F3/><W9/><G9/><T98/><D2/><U39/><E123/><V74/><F74/><W13/><G13/><T57/><D47/><U65/><E39/><V120/><F120/><W30/><G30/><T108/><D108/><U35/><E38/><V17/><F31/><W14/><G14/><T64/><D64/><AGARI ba="1,4" hai="28,29,37,42,46,58,60,64,79,83,86,92,96,102" machi="64" ten="30,3900,0" yaku="1,1,7,1,52,1,53,0" doraHai="90" doraHaiUra="105" who="3" fromWho="0" sc="220,-42,250,0,250,0,240,82" /><INIT seed="2,0,0,5,3,88" ten="178,250,250,322" oya="2" hai0="23,33,32,89,102,22,46,129,16,38,123,20,108" hai1="62,54,49,64,31,69,131,68,52,50,99,132,115" hai2="124,48,6,12,40,121,125,65,15,75,44,83,4" hai3="77,74,135,66,93,1,101,56,41,126,24,92,25"/><V118/><F118/><W27/><G1/><T117/><D123/><U28/><E115/><V42/><F121/><W34/><G34/><T51/><D117/><U0/><E0/><V82/><F65/><W100/><G135/><T130/><D38/><U5/><E132/><V72/><F48/><W36/><G126/><T111/><D102/><N who="3" m="39529" /><G74/><T19/><D89/><U91/><E5/><V45/><AGARI ba="0,0" hai="4,6,12,15,40,42,44,45,72,75,82,83,124,125" machi="45" ten="25,4800,0" yaku="0,1,22,2" doraHai="88" who="2" fromWho="2" sc="178,-16,250,-16,250,48,322,-16" /><INIT seed="2,1,0,1,4,91" ten="162,234,298,306" oya="2" hai0="13,85,36,35,108,68,135,106,96,50,29,11,74" hai1="40,132,110,76,120,59,0,53,15,124,78,112,18" hai2="57,104,62,14,111,131,87,94,25,60,99,89,121" hai3="38,31,90,130,123,134,80,2,118,24,97,122,95"/><V23/><F121/><W51/><G38/><T109/><D74/><U49/><E112/><V7/><F131/><W21/><G118/><T54/><D36/><U67/><E0/><V79/><F111/><W8/><G130/><T26/><D68/><U3/><E3/><V105/><F105/><W88/><G134/><T72/><D72/><U52/><E110/><V116/><F116/><W10/><G2/><T42/><D135/><U46/><E132/><V61/><F104/><W65/><G123/><T103/><D42/><U37/><E124/><V39/><F39/><W66/><G122/><T98/><D85/><U83/><E120/><V100/><F79/><W129/><G129/><T58/><REACH who="0" step="1"/><D98/><REACH who="0" ten="152,234,298,306" step="2"/><U6/><E37/><V28/><F87/><N who="3" m="50279" /><G51/><T117/><D117/><U41/><E41/><V55/><F89/><W71/><G71/><T20/><D20/><U69/><E69/><V102/><F102/><W107/><G107/><T30/><D30/><U33/><E40/><V1/><F1/><W86/><G86/><T22/><D22/><U44/><E33/><V113/><F113/><W63/><G63/><T92/><D92/><U114/><E114/><V9/><AGARI ba="1,1" hai="7,9,14,23,25,28,55,57,60,61,62,94,99,100" machi="9" ten="30,6000,0" yaku="0,1,8,1,52,1" doraHai="91" who="2" fromWho="2" sc="152,-21,234,-21,298,73,306,-21" /><INIT seed="2,2,0,2,5,88" ten="131,213,371,285" oya="2" hai0="91,29,123,116,111,89,6,128,12,54,56,90,122" hai1="59,42,15,132,102,114,121,70,43,18,23,97,118" hai2="9,120,103,30,96,71,7,77,32,33,78,49,133" hai3="44,41,36,34,61,58,0,63,100,74,93,22,79"/><V80/><F120/><W45/><G34/><T40/><D128/><U76/><E118/><V112/><F112/><W27/><G0/><T60/><D116/><U98/><E114/><V51/><F71/><W113/><G113/><T13/><D111/><U62/><E70/><V135/><F30/><W28/><G44/><T64/><D40/><U14/><E121/><V37/><F37/><W47/><G47/><T81/><D123/><U17/><E76/><V4/><F96/><W25/><G25/><T5/><D122/><U95/><E98/><V8/><F80/><W134/><G134/><T68/><D81/><U39/><E132/><V119/><REACH who="2" step="1"/><F103/><REACH who="2" ten="131,213,361,285" step="2"/><W26/><G28/><T86/><D29/><U117/><E39/><V52/><F52/><W72/><G100/><T55/><D86/><U130/><E117/><AGARI ba="2,1" hai="4,7,8,9,32,33,49,51,77,78,117,119,133,135" machi="117" ten="25,4800,0" yaku="1,1,22,2,53,0" doraHai="88" doraHaiUra="124" who="2" fromWho="1" sc="131,0,213,-54,361,64,285,0" /><INIT seed="2,3,0,0,1,87" ten="131,159,425,285" oya="2" hai0="72,25,104,121,61,18,110,103,112,76,21,130,102" hai1="58,80,56,11,89,97,92,53,54,126,51,64,8" hai2="77,132,81,90,128,29,62,9,49,78,33,46,115" hai3="32,65,7,16,47,23,13,60,107,17,118,70,91"/><V63/><F115/><W86/><G118/><T57/><D121/><U68/><E126/><V27/><F132/><W59/><G32/><T24/><D112/><U94/><E80/><V83/><F128/><W34/><G34/><T4/><D130/><U38/><E38/><V41/><F90/><W95/><G107/><T109/><D4/><U2/><E2/><V44/><F44/><W84/><G7/><T19/><D72/><U1/><E1/><V106/><F106/><W30/><G30/><T55/><D76/><U131/><E131/><V79/><F9/><W75/><G75/><T36/><D36/><U31/><E31/><V93/><F93/><W48/><G17/><T12/><D104/><U0/><E0/><V37/><F37/><W123/><G123/><T5/><D5/><U116/><E116/><V85/><F78/><W22/><G70/><T67/><D67/><U39/><E39/><V45/><F45/><W129/><G129/><T52/><D55/><U42/><E42/><V15/><F15/><W69/><G69/><T98/><D98/><N who="1" m="57615" /><E64/><V120/><F120/><W50/><G84/><AGARI ba="3,0" hai="27,29,33,41,46,49,62,63,77,79,81,83,84,85" machi="84" ten="30,2900,0" yaku="7,1,9,1" doraHai="87" who="2" fromWho="3" sc="131,0,159,0,425,38,285,-38" /><INIT seed="2,4,0,5,3,4" ten="131,159,463,247" oya="2" hai0="108,83,102,105,101,16,111,51,50,120,70,106,89" hai1="15,47,12,25,58,68,5,43,112,128,75,8,88" hai2="65,3,132,67,73,85,74,34,1,80,94,69,32" hai3="87,45,127,133,55,77,54,72,81,44,79,36,90"/><V78/><F132/><W46/><G36/><T66/><D120/><U29/><E68/><V7/><F94/><W26/><G133/><T53/><D70/><U99/><E112/><V95/><F95/><W23/><G127/><T122/><D122/><U41/><E75/><V40/><F40/><W37/><G37/><T56/><D66/><U93/><E128/><V116/><F116/><W21/><G21/><T71/><D71/><U130/><E130/><V117/><F117/><W33/><G33/><T126/><D126/><U59/><E15/><V57/><F57/><W123/><G123/><T10/><D83/><U134/><E134/><V35/><F69/><W125/><G125/><T9/><D89/><U18/><E5/><V62/><F62/><W107/><G107/><T30/><D30/><U118/><E118/><V48/><F48/><W11/><G11/><N who="0" m="4107" /><D16/><U124/><E124/><V63/><F63/><W6/><G6/><T0/><D50/><N who="1" m="26991" /><E43/><V91/><F74/><W17/><G72/><T98/><D0/><U104/><E104/><N who="0" m="40041" /><D98/><U82/><E82/><V39/><F39/><W19/><G17/><T28/><D28/><U2/><E2/><V113/><F3/><W52/><AGARI ba="4,0" hai="19,23,26,44,45,46,52,54,55,77,79,81,87,90" machi="52" ten="30,4000,0" yaku="0,1,8,1,54,1" doraHai="4" who="3" fromWho="3" sc="131,-14,159,-14,463,-24,247,52" /><INIT seed="3,0,0,3,0,134" ten="117,145,439,299" oya="3" hai0="44,99,133,52,131,1,124,60,132,33,84,10,80" hai1="102,46,41,122,72,75,106,38,135,11,100,76,58" hai2="114,15,70,25,107,105,32,83,130,87,103,40,66" hai3="123,34,22,30,117,67,94,23,31,14,48,27,89"/><W37/><G37/><T118/><D118/><U24/><E122/><V88/><F114/><W39/><G39/><T26/><D99/><U96/><E102/><V110/><F40/><W51/><G117/><T86/><D131/><U63/><E135/><N who="0" m="51785" /><D33/><U73/><E24/><V116/><F130/><W7/><G123/><T18/><D26/><U28/><E28/><N who="3" m="10794" /><G67/><T127/><D18/><U8/><REACH who="1" step="1"/><E76/><REACH who="1" ten="117,135,439,299" step="2"/><V125/><F103/><W71/><G27/><T42/><D42/><U4/><E4/><V17/><F116/><W0/><G7/><N who="0" m="1391" /><D86/><U109/><E109/><V61/><F70/><W43/><G43/><T49/><D60/><U65/><AGARI ba="0,1" hai="8,11,38,41,46,58,63,65,72,73,75,96,100,106" machi="65" ten="30,2000,0" yaku="1,1,0,1,53,0" doraHai="134" doraHaiUra="121" who="1" fromWho="1" sc="117,-5,135,30,439,-5,299,-10" owari="112,-39.0,165,-23.0,434,53.0,289,9.0" /></mjloggm>