<mjloggm ver="2.3"><GO type="169" lobby="0"/><UN n0="%E8%87%AA%E6%83%9A%E3%82%8C%E3%83%AA%E3%83%BC%E3%83%81" n1="%E3%82%B7%E3%83%A9%E3%80%82" n2="%E5%A4%A7%E6%A5%A0%E5%85%AC" n3="%E3%81%B3%E3%82%8A%E3%81%B3%E3%82%8A%E2%98%86%E3%83%93%E3%83%AA%E3%83%BC" dan="16,17,16,17" rate="2072.66,2172.09,2167.84,2148.70" sx="M,M,M,M"/><TAIKYOKU oya="0"/><INIT seed="0,0,0,2,3,55" ten="250,250,250,250" oya="0" hai0="56,43,121,60,23,50,4,11,118,100,110,78,26" hai1="111,15,105,32,61,123,119,69,106,7,122,35,42" hai2="68,28,114,53,113,54,14,109,134,124,6,112,85" hai3="74,25,36,94,66,12,37,102,92,20,101,131,125"/><T9/><D118/><U108/><E119/><V115/><F109/><N who="1" m="42057" /><E42/><V90/><F68/><W52/><G74/><T30/><D110/><U135/><E135/><V133/><F124/><W10/><G125/><T17/><D121/><N who="1" m="46091" /><E15/><V3/><F3/><W99/><G131/><T84/><D100/><U117/><E7/><V76/><F76/><W89/><G66/><T40/><D50/><U22/><E22/><V79/><F79/><W97/><G89/><T116/><D116/><U18/><E18/><V91/><N who="2" m="28672" /><DORA hai="104" /><V87/><F28/><W13/><G52/><N who="2" m="20073" /><F14/><W38/><REACH who="3" step="1"/><G10/><REACH who="3" ten="250,250,250,240" step="2"/><T80/><D11/><U62/><E117/><V120/><F120/><W98/><G98/><T67/><REACH who="0" step="1"/><D30/><AGARI ba="0,1" hai="12,13,20,25,30,36,37,38,92,94,97,99,101,102" machi="30" ten="40,8000,1" yaku="1,1,9,1,53,3" doraHai="55,104" doraHaiUra="128,70" who="3" fromWho="0" sc="250,-80,250,0,250,0,240,90" /><INIT seed="1,0,0,1,1,87" ten="170,250,250,330" oya="1" hai0="2,16,109,25,13,53,67,20,46,123,82,129,104" hai1="3,69,30,65,103,79,94,59,108,74,11,27,44" hai2="49,80,39,98,10,110,127,86,36,32,47,14,75" hai3="92,45,133,22,90,120,12,134,128,4,111,107,41"/><U38/><E108/><V71/><F110/><W37/><G111/><T43/><D129/><U33/><E59/><V124/><F75/><W68/><G120/><T19/><D104/><U28/><E28/><V96/><F71/><W17/><G107/><T101/><D101/><U50/><E94/><V5/><F32/><W31/><G128/><T58/><D2/><U35/><E103/><V116/><F116/><W18/><G68/><T70/><D67/><U15/><E38/><V9/><F9/><W7/><G31/><T88/><D70/><U115/><E3/><V42/><F36/><W64/><G64/><T40/><D46/><U121/><E115/><V130/><F39/><W135/><REACH who="3" step="1"/><G17/><REACH who="3" ten="170,250,250,320" step="2"/><T52/><D123/><U1/><E121/><V24/><F130/><W55/><G55/><T29/><D53/><U126/><E65/><V51/><F124/><W62/><G62/><N who="0" m="36167" /><D109/><U81/><E69/><V63/><F63/><W122/><G122/><T66/><D66/><U48/><E126/><V100/><F127/><W23/><G23/><N who="0" m="11663" /><D29/><U91/><E35/><V83/><F42/><W114/><G114/><T117/><D117/><U77/><E30/><V125/><F125/><W34/><G34/><T106/><D106/><U76/><E33/><V78/><F49/><W93/><G93/><T56/><D56/><U112/><E50/><V97/><F51/><W118/><G118/><T60/><D60/><U57/><E48/><V26/><F47/><W61/><G61/><T84/><AGARI ba="0,1" hai="19,20,25,40,43,82,84,88" m="11663,36167" machi="84" ten="30,8000,1" yaku="8,1,52,1,54,3" doraHai="87" who="0" fromWho="0" sc="170,90,250,-40,250,-20,320,-20" /><INIT seed="2,0,0,2,2,131" ten="260,210,230,300" oya="2" hai0="119,11,10,128,29,86,89,121,58,73,103,51,2" hai1="61,88,72,21,20,107,133,34,55,129,14,37,6" hai2="67,28,1,13,110,117,22,69,19,54,83,100,81" hai3="62,125,35,124,71,33,24,49,52,104,70,97,115"/><V96/><F117/><W80/><G80/><T118/><D73/><U32/><E129/><V91/><F1/><W15/><G15/><T68/><D68/><U40/><E72/><V53/><F110/><W56/><G115/><T3/><D128/><U27/><E107/><V106/><F28/><N who="3" m="19591" /><G35/><T4/><D103/><U105/><E105/><V98/><F83/><W95/><G49/><T99/><D29/><U109/><E109/><V65/><F67/><W130/><G130/><T17/><D99/><U12/><E37/><V66/><F66/><W90/><G104/><T7/><D17/><U114/><E40/><V111/><F111/><W41/><G41/><T135/><D121/><U87/><E14/><V45/><F45/><W26/><G26/><T92/><D58/><U75/><E114/><V50/><F50/><W59/><G59/><T30/><D30/><U44/><E27/><V46/><F46/><W18/><G18/><T122/><D51/><U123/><E44/><V102/><F102/><W0/><G0/><T113/><D122/><U25/><E123/><V120/><F120/><W64/><G64/><T5/><D5/><U16/><E6/><V9/><F22/><W126/><AGARI ba="0,0" hai="52,56,62,70,71,90,95,97,124,125,126" m="19591" machi="126" ten="30,2000,0" yaku="18,1,54,1" doraHai="131" who="3" fromWho="3" sc="260,-5,210,-5,230,-10,300,20" /><INIT seed="3,0,0,2,4,54" ten="255,205,220,320" oya="3" hai0="95,46,68,97,36,17,43,65,55,5,90,31,58" hai1="75,6,19,27,61,38,131,113,11,69,14,40,82" hai2="9,119,101,12,56,4,111,127,59,81,122,73,126" hai3="91,63,79,92,21,72,1,121,25,86,44,45,83"/><W123/><G1/><T117/><D117/><U35/><E113/><V29/><F119/><W96/><G123/><T106/><D5/><U26/><E131/><V0/><F122/><W22/><G121/><T49/><D31/><U60/><E69/><V20/><F111/><W39/><G39/><T71/><D106/><U52/><E35/><V125/><F101/><W70/><G21/><T53/><D53/><U57/><E61/><V74/><F81/><W42/><G42/><T33/><D33/><U104/><E104/><V110/><F110/><W23/><G22/><T88/><D17/><U103/><E103/><V78/><F78/><W8/><G8/><T102/><D71/><U93/><E93/><V16/><REACH who="2" step="1"/><F29/><REACH who="2" ten="255,205,210,320" step="2"/><W30/><G72/><AGARI ba="0,1" hai="0,4,9,12,16,20,56,59,72,73,74,125,126,127" machi="72" ten="50,12000,2" yaku="1,1,2,1,18,1,52,2,54,1,53,0" doraHai="54" doraHaiUra="80" who="2" fromWho="3" sc="255,0,205,0,210,130,320,-120" /><INIT seed="4,0,0,3,0,118" ten="255,205,340,200" oya="0" hai0="44,77,131,56,83,72,85,95,42,112,11,115,74" hai1="130,45,134,27,109,41,97,122,68,63,73,5,61" hai2="92,81,26,25,15,89,8,21,114,66,119,62,38" hai3="54,28,113,116,117,78,39,3,43,53,133,30,16"/><T103/><D56/><U71/><E109/><V132/><F119/><W94/><G3/><T31/><D31/><U128/><E73/><V110/><F110/><W67/><G113/><N who="0" m="43595" /><D11/><U32/><E5/><V36/><F132/><W129/><G133/><T70/><D70/><N who="1" m="26667" /><E134/><V102/><F81/><W20/><G129/><N who="1" m="49770" /><E97/><V51/><F102/><W127/><G127/><T75/><D131/><U55/><E32/><V47/><F114/><W46/><G67/><T65/><D65/><U29/><E29/><V57/><F36/><W23/><G116/><T64/><D64/><U13/><E13/><V106/><F38/><W60/><G117/><T80/><D80/><U14/><E14/><V18/><F106/><W12/><G30/><T98/><D75/><U104/><E104/><V40/><REACH who="2" step="1"/><F8/><REACH who="2" ten="255,205,330,200" step="2"/><W123/><G39/><AGARI ba="0,1" hai="39,42,44,72,74,77,83,85,95,98,103" m="43595" machi="39" ten="30,1500,0" yaku="15,1" doraHai="118" who="0" fromWho="3" sc="255,25,205,0,330,0,200,-15" /><INIT seed="4,1,0,3,5,44" ten="280,205,330,185" oya="0" hai0="25,47,10,70,60,113,49,36,69,16,63,100,30" hai1="18,61,52,14,7,78,107,0,21,127,126,95,71" hai2="34,33,83,27,62,118,9,48,13,23,129,41,104" hai3="121,102,17,81,28,67,75,35,39,109,20,76,116"/><T135/><D113/><U103/><E107/><V72/><F104/><W59/><G109/><T3/><D36/><U32/><E32/><V51/><F129/><W74/><G116/><T45/><D45/><U43/><E43/><V97/><F118/><W106/><G39/><T31/><D100/><U87/><E78/><V80/><F41/><W124/><G124/><T12/><D3/><U4/><E71/><V11/><F97/><W101/><G75/><T119/><D119/><U6/><E0/><V82/><F72/><W111/><G111/><T91/><D70/><U1/><E1/><V19/><F62/><N who="0" m="23594" /><D69/><U130/><E130/><V117/><F117/><W50/><G67/><T29/><D91/><U86/><E103/><V125/><F125/><N who="1" m="47625" /><E95/><V114/><F114/><W57/><G121/><T5/><D135/><U79/><E79/><V26/><F34/><W22/><G35/><T58/><D58/><AGARI ba="1,0" hai="4,6,7,14,18,21,52,58,61,86,87" m="47625" machi="58" ten="30,2000,0" yaku="18,1,54,1" doraHai="44" who="1" fromWho="0" sc="280,-23,205,23,330,0,185,0" /><INIT seed="5,0,0,3,1,103" ten="257,228,330,185" oya="1" hai0="46,15,45,56,3,50,28,6,88,76,75,65,54" hai1="35,36,127,61,97,8,43,32,110,23,25,67,109" hai2="70,49,79,122,94,19,10,131,60,30,34,58,96" hai3="130,85,71,117,57,80,114,121,133,68,89,90,37"/><U113/><E113/><V22/><F122/><W102/><G121/><T72/><D3/><U14/><E127/><V24/><F131/><W135/><G130/><T52/><D28/><U112/><E112/><V92/><F70/><W41/><G114/><T98/><D76/><U77/><E77/><V5/><F79/><W40/><G102/><T86/><D98/><U124/><E124/><V84/><F49/><W66/><G57/><N who="0" m="32919" /><D65/><U63/><E97/><V111/><F111/><N who="1" m="42505" /><E43/><V119/><F119/><W20/><G20/><T48/><D72/><U120/><E36/><V99/><F84/><W125/><G125/><T81/><D75/><U116/><E120/><V21/><F34/><N who="1" m="12841" /><E67/><V128/><F128/><W55/><G66/><T31/><D31/><N who="1" m="17855" /><E116/><V73/><F73/><W29/><G117/><T11/><AGARI ba="0,0" hai="6,11,15,45,46,48,54,56,81,86,88" m="32919" machi="11" ten="30,4000,0" yaku="8,1,54,2" doraHai="103" who="0" fromWho="0" sc="257,40,228,-20,330,-10,185,-10" /><INIT seed="6,0,0,0,3,135" ten="297,208,320,175" oya="2" hai0="36,114,110,49,67,62,79,17,51,94,117,84,85" hai1="132,61,57,16,25,113,29,32,89,128,0,5,44" hai2="83,8,34,38,92,104,78,129,63,112,81,35,74" hai3="65,101,130,134,43,48,90,98,100,30,125,107,97"/><V82/><F82/><W55/><G134/><T7/><D36/><U127/><E132/><V64/><F112/><W102/><G130/><T31/><D31/><U42/><E113/><V20/><F129/><W10/><G30/><T23/><D110/><U120/><E128/><V58/><F38/><W53/><G65/><T33/><D33/><U52/><E120/><V45/><F104/><W86/><G43/><T96/><D7/><U106/><E106/><V21/><F45/><W26/><G26/><T122/><D117/><U69/><E69/><V103/><F81/><W68/><G68/><T46/><D79/><U133/><E133/><V77/><F77/><W124/><G10/><T99/><D99/><U126/><E89/><V91/><F103/><W1/><G1/><T19/><D51/><U18/><E5/><V15/><F35/><W39/><G39/><T60/><D19/><U119/><E0/><V12/><F12/><W70/><G70/><T11/><D11/><U13/><E119/><V3/><F34/><W80/><G55/><N who="0" m="30135" /><D122/><U6/><E6/><V95/><F95/><W108/><G108/><T41/><D41/><U88/><E88/><V22/><F3/><W105/><G102/><N who="0" m="60695" /><D67/><U75/><E75/><V118/><F118/><W115/><G115/><T2/><D2/><U109/><E109/><V54/><F64/><W37/><G37/><T111/><D111/><U40/><E40/><V131/><F131/><W28/><G28/><T56/><D114/><U76/><E76/><V14/><F8/><W4/><G4/><T93/><D93/><U71/><E32/><RYUUKYOKU ba="0,0" sc="297,-15,208,-15,320,15,175,15" hai2="14,15,20,21,22,54,58,63,74,78,83,91,92" hai3="48,53,80,86,90,97,98,100,101,105,107,124,125" /><INIT seed="6,1,0,2,1,9" ten="282,193,335,190" oya="2" hai0="99,125,30,134,20,52,40,59,123,93,74,108,23" hai1="42,41,7,110,94,111,120,31,102,69,25,34,24" hai2="65,124,130,113,109,98,127,53,76,115,118,84,126" hai3="38,62,104,26,63,12,105,75,21,32,132,79,80"/><V91/><F65/><W117/><G117/><T97/><D108/><U64/><E120/><V89/><F53/><W36/><G132/><T103/><D123/><U68/><E7/><V88/><F109/><W43/><G32/><T60/><D74/><U6/><E6/><V51/><F118/><W112/><G112/><N who="2" m="43081" /><F130/><W35/><G35/><T11/><D125/><U131/><E131/><V16/><F51/><W82/><G43/><T27/><D40/><U70/><E64/><V47/><F47/><W56/><G26/><T87/><D11/><U17/><E42/><V85/><F16/><W101/><G38/><T133/><D87/><N who="2" m="33354" /><F98/><W129/><G36/><T14/><REACH who="0" step="1"/><D97/><REACH who="0" ten="272,193,335,190" step="2"/><N who="1" m="59703" /><E41/><V95/><F95/><W55/><G129/><T67/><D67/><U28/><E111/><V106/><F106/><W50/><G104/><T44/><D44/><U122/><E110/><V100/><F100/><W107/><G107/><T4/><D4/><U57/><E122/><V121/><F121/><W114/><G114/><T13/><D13/><U18/><E25/><V81/><F81/><W66/><G80/><T71/><D71/><U33/><E70/><V19/><F19/><AGARI ba="1,1" hai="14,19,20,23,27,30,52,59,60,93,99,103,133,134" machi="19" ten="40,5200,0" yaku="1,1,52,1,54,1,53,0" doraHai="9" doraHaiUra="116" who="0" fromWho="2" sc="272,65,193,0,335,-55,190,0" /><INIT seed="7,0,0,2,3,106" ten="337,193,280,190" oya="3" hai0="89,65,133,72,115,83,54,71,111,109,23,42,49" hai1="34,125,96,22,127,77,130,2,12,99,16,46,15" hai2="74,66,75,51,70,73,57,43,103,97,102,39,95" hai3="124,112,5,19,10,13,92,17,116,0,50,117,134"/><W64/><G112/><T79/><D115/><U55/><E130/><V135/><F135/><W132/><G64/><T101/><D133/><N who="3" m="51305" /><G50/><T28/><D42/><U21/><E2/><V27/><F27/><W11/><G92/><T7/><D7/><U35/><E77/><V67/><F102/><W78/><G78/><T123/><D101/><U110/><E110/><V60/><F67/><W58/><G58/><T41/><D123/><U129/><E129/><V93/><F39/><W48/><G48/><T38/><D89/><U82/><E82/><V68/><REACH who="2" step="1"/><F93/><REACH who="2" ten="337,193,270,190" step="2"/><W56/><G56/><T90/><D38/><U113/><E113/><V53/><F53/><W128/><G128/><T25/><D41/><U107/><E55/><V88/><F88/><W126/><G19/><T8/><D90/><U91/><E16/><V105/><F105/><W9/><G9/><T86/><D8/><U52/><E91/><V45/><AGARI ba="0,1" hai="43,45,51,57,60,66,68,70,73,74,75,95,97,103" machi="45" ten="40,12000,2" yaku="1,1,0,1,52,3,53,1" doraHai="106" doraHaiUra="47" who="2" fromWho="2" sc="337,-30,193,-30,270,130,190,-60" owari="307,11.0,163,-24.0,400,50.0,130,-37.0" /></mjloggm>