<mjloggm ver="2.3"><GO type="169" lobby="0"/><UN n0="%E8%8B%A5%E5%AE%AE%E6%98%8E%E6%97%A5%E9%A6%99" n1="%E3%81%B5%E3%81%8F%E3%81%A1%E3%82%83%E3%82%93%E3%81%A7%E3%81%99" n2="%42%72%42%61" n3="%74%75%63%6B%62%6F%63%6B" dan="17,16,16,17" rate="2198.15,2061.58,2146.31,2104.78" sx="F,M,M,M"/><TAIKYOKU oya="0"/><INIT seed="0,0,0,5,3,104" ten="250,250,250,250" oya="0" hai0="123,30,11,44,12,118,95,15,111,130,99,105,125" hai1="27,107,13,0,87,120,129,112,131,108,128,43,72" hai2="93,37,56,60,5,81,121,25,132,97,33,91,96" hai3="34,59,64,49,26,88,47,66,31,134,8,9,110"/><T18/><D118/><U57/><E107/><V77/><F121/><W29/><G134/><T94/><D123/><U78/><E120/><V124/><F132/><W46/><G110/><T113/><D113/><U50/><E0/><V51/><F124/><W20/><G59/><T22/><D125/><U115/><E108/><V74/><F37/><W133/><G133/><T24/><D111/><U83/><E27/><V14/><F51/><W89/><G49/><T103/><D130/><U4/><E57/><V48/><F48/><W35/><G26/><T7/><REACH who="0" step="1"/><D44/><REACH who="0" ten="240,250,250,250" step="2"/><U28/><E115/><V58/><F33/><AGARI ba="0,1" hai="7,11,12,15,18,22,24,30,33,94,95,99,103,105" machi="33" ten="30,11600,0" yaku="1,1,2,1,7,1,53,1" doraHai="104" doraHaiUra="1" who="0" fromWho="2" sc="240,126,250,0,250,-116,250,0" /><INIT seed="0,1,0,0,5,1" ten="366,250,134,250" oya="0" hai0="55,97,67,87,122,115,119,45,76,42,77,125,10" hai1="22,82,5,58,112,63,48,101,18,44,31,134,29" hai2="121,64,113,38,49,14,88,7,4,66,79,135,127" hai3="96,124,117,73,131,50,118,25,86,56,27,65,47"/><T129/><D115/><U92/><E134/><V60/><F113/><W71/><G73/><T17/><D119/><U98/><E112/><V120/><F135/><W130/><G86/><T19/><D122/><U11/><E82/><V116/><F116/><N who="3" m="44651" /><G96/><T15/><D129/><N who="3" m="49161" /><G27/><T51/><D125/><U43/><E22/><V8/><F127/><W16/><G124/><T32/><D32/><U30/><E18/><V57/><F79/><W24/><G16/><T35/><D35/><U123/><E123/><V90/><F120/><W95/><G95/><T2/><D2/><U111/><E111/><V9/><F121/><W128/><G56/><T41/><D97/><U89/><E101/><V6/><F38/><W13/><G13/><T99/><D77/><U94/><E94/><V68/><F68/><W52/><N who="3" m="49169" /><W26/><DORA hai="114" /><G65/><T103/><D67/><U61/><REACH who="1" step="1"/><E58/><REACH who="1" ten="366,240,134,250" step="2"/><V54/><F64/><W105/><G71/><T93/><D19/><U100/><E100/><V23/><F23/><W126/><G126/><T133/><D133/><U132/><E132/><V36/><F36/><W28/><G105/><T70/><D70/><U62/><E62/><V39/><F39/><W81/><G81/><AGARI ba="1,1" hai="10,15,17,41,42,45,51,55,76,81,87,93,99,103" machi="81" ten="40,2000,0" yaku="8,1" doraHai="1,114" who="0" fromWho="3" sc="366,33,240,0,134,0,250,-23" /><INIT seed="0,2,0,1,2,114" ten="399,240,134,227" oya="0" hai0="59,112,49,127,27,24,50,118,44,129,98,73,32" hai1="17,83,123,1,65,18,115,70,26,30,116,14,8" hai2="110,57,111,19,131,75,40,66,92,58,61,113,69" hai3="64,38,22,15,126,122,37,120,31,97,78,93,133"/><T12/><D112/><U36/><E36/><V60/><F75/><W2/><G2/><T87/><D73/><U72/><E115/><V77/><F77/><W56/><G78/><T13/><D127/><U100/><E100/><V0/><F0/><W63/><G126/><T16/><D129/><U104/><E104/><V128/><F92/><W125/><G125/><T84/><D32/><U76/><E123/><N who="3" m="47146" /><G133/><T42/><D98/><U119/><E1/><V41/><F19/><N who="3" m="10623" /><G31/><T33/><D33/><U46/><E18/><V25/><F25/><N who="0" m="9802" /><D118/><U85/><E72/><V6/><F6/><W28/><G28/><T35/><D35/><U96/><E96/><V4/><F4/><W79/><G79/><T20/><D12/><U130/><E130/><N who="2" m="49707" /><F113/><W5/><G5/><T52/><AGARI ba="2,0" hai="13,16,20,42,44,49,50,52,59,84,87" m="9802" machi="52" ten="30,6000,0" yaku="8,1,54,2" doraHai="114" who="0" fromWho="0" sc="399,66,240,-22,134,-22,227,-22" /><INIT seed="0,3,0,0,2,111" ten="465,218,112,205" oya="0" hai0="132,35,86,61,34,121,120,56,51,11,83,58,12" hai1="24,107,5,80,76,15,125,23,71,92,16,26,118" hai2="49,70,124,75,20,116,68,97,52,22,50,0,21" hai3="43,2,6,37,36,46,3,45,19,88,53,90,123"/><T112/><D132/><U91/><E71/><V27/><F124/><W122/><G19/><T48/><D35/><U31/><E125/><V39/><F116/><W82/><G53/><T32/><D32/><U109/><E109/><V134/><F134/><W94/><G82/><T74/><D34/><U65/><E118/><V104/><F39/><N who="3" m="14923" /><G6/><T99/><D74/><U77/><E65/><V14/><F75/><W67/><G67/><T106/><D56/><U84/><E107/><V59/><F0/><N who="3" m="43" /><G43/><T115/><D106/><U73/><E76/><V130/><F130/><W9/><G94/><T54/><D99/><U117/><E117/><V18/><F50/><W133/><G9/><T47/><D51/><U55/><E5/><V100/><REACH who="2" step="1"/><F22/><REACH who="2" ten="465,218,102,205" step="2"/><W89/><G133/><T95/><D48/><U114/><E114/><V63/><F63/><W101/><G101/><T57/><D115/><U119/><E119/><V66/><F66/><W128/><G128/><T33/><D112/><U69/><E69/><V4/><F4/><W29/><G29/><AGARI ba="3,1" hai="14,18,20,21,27,29,49,52,59,68,70,97,100,104" machi="29" ten="30,3900,0" yaku="1,1,7,1,54,1,53,0" doraHai="111" doraHaiUra="28" who="2" fromWho="3" sc="465,0,218,0,102,58,205,-48" /><INIT seed="1,0,0,2,4,108" ten="465,218,160,157" oya="1" hai0="17,98,5,105,24,52,11,115,100,126,90,94,48" hai1="36,1,99,135,65,104,69,129,118,6,7,93,9" hai2="122,0,119,22,85,41,102,60,124,83,63,54,23" hai3="53,111,125,2,75,82,50,113,51,121,15,46,80"/><U89/><E118/><V128/><F119/><W131/><G121/><T19/><D126/><U57/><E36/><V84/><F122/><W58/><G2/><T114/><D24/><U79/><E135/><V78/><F124/><W42/><G125/><T134/><D134/><U25/><E69/><V72/><F128/><W47/><G111/><T71/><D71/><U77/><E129/><V43/><F0/><W132/><G131/><T110/><D110/><U30/><E7/><V120/><F120/><W96/><G132/><T40/><D40/><U74/><E74/><V32/><F32/><W64/><G96/><T31/><D31/><U20/><E104/><V92/><F72/><W73/><G15/><T68/><D68/><U37/><E37/><V127/><F127/><W112/><G75/><T33/><D33/><U103/><REACH who="1" step="1"/><E89/><REACH who="1" ten="465,208,160,157" step="2"/><V38/><F38/><W62/><REACH who="3" step="1"/><G73/><REACH who="3" ten="465,208,160,147" step="2"/><T76/><D105/><U109/><E109/><V4/><F4/><W59/><G59/><T107/><D107/><U14/><E14/><V49/><F78/><W86/><G86/><T21/><D76/><U87/><E87/><V81/><F85/><W133/><G133/><T3/><D3/><U67/><E67/><V13/><F84/><W88/><G88/><T95/><D90/><U35/><E35/><V45/><F13/><W29/><G29/><T130/><D130/><U70/><E70/><V18/><F83/><AGARI ba="0,2" hai="42,46,47,50,51,53,58,62,64,80,82,83,112,113" machi="83" ten="40,5200,0" yaku="1,1,52,2,53,0" doraHai="108" doraHaiUra="116" who="3" fromWho="2" sc="465,0,208,0,160,-52,147,72" /><INIT seed="2,0,0,3,0,99" ten="465,208,108,219" oya="2" hai0="131,107,112,70,98,2,132,52,36,73,23,103,64" hai1="95,54,81,33,84,41,124,34,92,77,80,119,89" hai2="26,8,28,126,109,5,87,121,101,58,15,7,50" hai3="69,11,66,12,113,128,32,4,47,108,44,79,78"/><V76/><F121/><W68/><G32/><T9/><D112/><U17/><E119/><V67/><F126/><W48/><G113/><T115/><D115/><U30/><E124/><V90/><F76/><W88/><G128/><T21/><D73/><U37/><E34/><V25/><F109/><W104/><G47/><T29/><D36/><U71/><E71/><V135/><F135/><W31/><G31/><T134/><D131/><U129/><E129/><V20/><F25/><W61/><G69/><T118/><D118/><U133/><E30/><V116/><F116/><W10/><G108/><T94/><D107/><U14/><E33/><V39/><F39/><W24/><G24/><T75/><D75/><U46/><E133/><N who="0" m="51305" /><D29/><U45/><E80/><V18/><F101/><W22/><G104/><T51/><D64/><U72/><E72/><V6/><F50/><W42/><G22/><T91/><D91/><U0/><E0/><V27/><F27/><W62/><G62/><T83/><D83/><U56/><E77/><V1/><F1/><W19/><G88/><T110/><D70/><U16/><E81/><N who="2" m="49519" /><F28/><W35/><G35/><T96/><D96/><U3/><E3/><AGARI ba="0,0" hai="3,4,10,11,12,19,42,44,48,61,66,68,78,79" machi="3" ten="30,1000,0" yaku="7,1" doraHai="99" who="3" fromWho="1" sc="465,0,208,-10,108,0,219,10" /><INIT seed="3,0,0,4,2,129" ten="465,198,108,229" oya="3" hai0="57,111,131,65,18,106,36,117,118,97,109,123,50" hai1="23,103,86,17,45,95,26,107,35,110,80,54,14" hai2="11,113,89,108,60,102,114,104,12,63,27,20,83" hai3="3,8,88,93,121,25,44,10,56,42,100,9,75"/><W62/><G121/><T34/><D36/><U74/><E74/><V98/><F108/><N who="0" m="41546" /><D123/><U124/><E124/><V132/><F113/><W37/><G75/><T59/><D34/><U79/><E110/><V19/><F114/><W40/><G40/><T31/><D31/><U39/><E107/><V120/><F120/><W116/><G116/><T58/><D131/><U30/><E39/><V1/><F1/><W135/><G25/><T90/><D65/><U96/><E45/><V119/><F119/><W85/><G100/><T29/><D29/><U105/><E54/><V115/><F115/><W52/><REACH who="3" step="1"/><G135/><REACH who="3" ten="465,198,108,219" step="2"/><T101/><D118/><U81/><E105/><V32/><F132/><W7/><AGARI ba="0,1" hai="3,7,8,9,10,37,42,44,52,56,62,85,88,93" machi="7" ten="30,18000,2" yaku="1,1,2,1,0,1,54,2,53,1" doraHai="129" doraHaiUra="48" who="3" fromWho="3" sc="465,-60,198,-60,108,-60,219,190" /><INIT seed="3,1,0,5,3,75" ten="405,138,48,409" oya="3" hai0="5,53,124,73,128,89,24,65,29,32,68,14,69" hai1="83,119,30,74,82,127,50,46,41,3,36,132,43" hai2="93,18,13,102,104,49,38,113,101,33,125,42,61" hai3="134,118,92,26,19,123,48,105,85,40,133,87,67"/><W66/><G123/><T117/><D117/><U71/><E71/><V60/><F113/><W122/><G105/><T56/><D73/><U22/><E3/><V1/><F125/><W110/><G122/><T90/><D124/><U20/><E127/><V86/><F1/><W78/><G118/><T8/><D128/><U23/><E119/><V96/><F33/><W34/><G110/><T135/><D135/><N who="3" m="51721" /><G19/><T59/><D59/><U114/><E114/><V25/><F25/><W121/><G121/><T62/><REACH who="0" step="1"/><D69/><REACH who="0" ten="395,138,48,409" step="2"/><U21/><E132/><V17/><F61/><AGARI ba="1,1" hai="5,8,14,24,29,32,53,56,61,62,65,68,89,90" machi="61" ten="30,3900,0" yaku="1,1,2,1,7,1,53,0" doraHai="75" doraHaiUra="112" who="0" fromWho="2" sc="395,52,138,0,48,-42,409,0" /><INIT seed="4,0,0,0,4,80" ten="447,138,6,409" oya="0" hai0="32,115,69,81,60,21,39,18,55,78,68,13,1" hai1="12,0,110,86,99,94,71,24,65,10,23,36,41" hai2="30,90,84,73,117,7,92,5,59,40,27,104,119" hai3="58,107,95,33,49,114,77,2,63,51,97,35,44"/><T38/><D1/><U31/><E110/><V16/><F104/><W131/><G107/><T76/><D32/><U132/><E132/><V74/><F40/><W96/><G2/><T20/><D78/><U4/><E41/><V135/><F135/><W111/><G111/><T130/><D69/><U88/><E36/><V66/><F66/><W105/><G77/><T67/><D115/><U129/><E129/><V109/><F109/><W64/><G114/><T85/><D130/><U3/><E65/><V101/><F59/><W19/><G131/><T123/><D123/><U106/><E71/><V128/><F128/><W42/><G49/><T45/><REACH who="0" step="1"/><D21/><REACH who="0" ten="437,138,6,409" step="2"/><U34/><E34/><N who="2" m="20831" /><F101/><W120/><G120/><T100/><D100/><U108/><E108/><V75/><F16/><W22/><G105/><T125/><D125/><U121/><E121/><V93/><F93/><W102/><REACH who="3" step="1"/><G97/><REACH who="3" ten="437,138,6,399" step="2"/><T56/><D56/><U9/><E106/><V126/><F126/><W37/><G37/><T91/><D91/><U52/><E88/><V113/><F113/><W17/><G17/><T15/><D15/><AGARI ba="0,2" hai="15,19,22,33,35,42,44,51,58,63,64,95,96,102" machi="15" ten="30,2000,0" yaku="1,1,7,1,53,0" doraHai="80" doraHaiUra="70" who="3" fromWho="0" sc="437,-20,138,0,6,0,399,40" /><INIT seed="5,0,0,1,4,102" ten="417,138,6,439" oya="1" hai0="35,48,134,72,83,97,42,1,77,40,43,74,125" hai1="78,44,57,71,75,28,131,115,73,39,12,65,21" hai2="132,10,20,56,66,95,121,17,7,24,4,106,61" hai3="120,130,70,53,55,63,127,90,19,38,108,3,27"/><U46/><E115/><V34/><F121/><W101/><G120/><T51/><D1/><U126/><E71/><V110/><F110/><W89/><G108/><T37/><D37/><U25/><E131/><V30/><F132/><W49/><G38/><T45/><D35/><U96/><E126/><V13/><F106/><W128/><G127/><T14/><D125/><U88/><E39/><V100/><F34/><W107/><G3/><T68/><D68/><U29/><E78/><V11/><F11/><W105/><G70/><T62/><D62/><N who="1" m="38095" /><E73/><V92/><F92/><W86/><G63/><T60/><D60/><U103/><E103/><V6/><F6/><W81/><G101/><T80/><D134/><U109/><E75/><V135/><F135/><W94/><G107/><T67/><D67/><U113/><E113/><V84/><F84/><W98/><G105/><T33/><D33/><U36/><E36/><V114/><F114/><W116/><G116/><T119/><D119/><U82/><E109/><V58/><F58/><W52/><G49/><T104/><D14/><U5/><E5/><V2/><F2/><W133/><G133/><T124/><D124/><U54/><E12/><V99/><AGARI ba="0,0" hai="4,7,10,13,17,20,24,30,56,61,66,95,99,100" machi="99" ten="30,7900,0" yaku="0,1,25,2,8,1" doraHai="102" who="2" fromWho="2" sc="417,-20,138,-39,6,79,439,-20" /><INIT seed="6,0,0,2,1,31" ten="397,99,85,419" oya="2" hai0="61,56,76,112,46,62,45,94,82,89,16,36,47" hai1="41,119,109,102,92,127,30,28,100,8,25,106,2" hai2="93,69,108,116,34,128,126,73,6,42,105,97,5" hai3="68,37,107,44,123,19,79,15,125,99,134,35,27"/><V90/><F116/><W95/><G123/><T117/><D117/><U77/><E119/><V50/><F128/><W1/><G1/><T32/><D36/><U9/><E106/><V65/><F126/><W55/><G107/><T84/><D32/><U38/><E127/><V132/><F132/><W39/><G125/><T57/><D112/><U80/><E109/><V12/><F108/><W66/><G134/><T103/><D103/><U0/><E41/><V133/><F133/><W71/><G79/><T21/><D62/><U23/><E38/><V43/><F73/><W10/><G39/><T18/><D57/><U74/><E30/><V121/><F121/><W78/><G78/><T17/><D56/><U130/><E130/><V104/><F34/><W72/><G72/><T114/><D61/><U49/><E49/><V87/><F104/><W60/><G71/><T58/><D58/><U54/><E54/><V88/><F50/><W59/><G35/><T120/><D114/><U91/><E0/><V11/><F5/><W98/><G27/><N who="0" m="14759" /><D120/><U7/><E9/><V124/><F124/><W67/><G37/><T129/><D129/><U29/><E28/><V53/><F53/><W51/><G67/><T64/><D64/><U101/><E101/><N who="2" m="62639" /><F90/><N who="3" m="55671" /><G68/><T13/><D13/><U70/><E70/><V86/><F86/><AGARI ba="0,0" hai="17,18,45,46,47,76,82,84,86,89,94" m="14759" machi="86" ten="30,2000,0" yaku="8,1,54,1" doraHai="31" who="0" fromWho="2" sc="397,20,99,0,85,-20,419,0" /><AGARI ba="0,0" hai="2,7,8,23,25,29,74,77,80,86,91,92,100,102" machi="86" ten="30,1000,0" yaku="7,1" doraHai="31" who="1" fromWho="2" sc="417,0,99,10,65,-10,419,0" /><INIT seed="7,0,0,5,0,22" ten="417,109,55,419" oya="3" hai0="26,71,74,93,6,48,49,46,9,122,42,77,2" hai1="14,55,85,23,128,29,116,105,84,108,80,102,81" hai2="12,123,98,32,44,94,40,11,36,10,110,8,24" hai3="97,70,56,15,82,73,126,58,99,7,4,79,89"/><W112/><G70/><T30/><D122/><U104/><E108/><V130/><F110/><W107/><G126/><T121/><D121/><U101/><E128/><V19/><F123/><W39/><G39/><N who="0" m="21855" /><D71/><U34/><E34/><V120/><F120/><W68/><G68/><T124/><D93/><U59/><E116/><V41/><F130/><W18/><G107/><T115/><D124/><U72/><E72/><V31/><REACH who="2" step="1"/><F40/><REACH who="2" ten="417,109,45,419" step="2"/><W0/><G112/><T106/><D115/><U62/><E105/><V5/><F5/><W61/><G7/><T65/><D106/><U135/><E104/><V76/><F76/><W1/><G4/><T50/><D65/><U33/><E135/><V45/><F45/><W20/><G58/><T96/><D96/><U131/><E131/><V28/><F28/><W133/><G133/><T78/><D78/><U17/><E29/><V134/><F134/><W35/><G35/><N who="0" m="20951" /><D50/><U69/><E33/><V63/><F63/><W21/><G99/><T103/><D103/><AGARI ba="0,1" hai="8,10,11,12,19,24,31,32,36,41,44,94,98,103" machi="103" ten="30,3900,0" yaku="1,1,7,1,52,1,53,0" doraHai="22" doraHaiUra="66" who="2" fromWho="0" sc="417,-39,109,0,45,49,419,0" owari="378,18.0,109,-29.0,94,-41.0,419,52.0" /></mjloggm>