<mjloggm ver="2.3"><GO type="169" lobby="0"/><UN n0="%E5%BD%97%E6%98%9F%E5%85%A5%E3%83%92%E3%82%B3" n1="%79%75%36%31%39%7A%69" n2="%E6%9D%8E%E7%A9%8E%E8%97%8D" n3="%6D%61%74%6F%30%36%30%33" dan="16,16,17,18" rate="2105.25,2113.37,2149.25,2272.02" sx="M,M,F,M"/><TAIKYOKU oya="0"/><INIT seed="0,0,0,1,5,104" ten="250,250,250,250" oya="0" hai0="6,59,31,42,78,34,30,7,50,89,35,77,46" hai1="122,16,58,22,0,132,10,106,43,18,39,125,127" hai2="47,112,111,76,88,119,25,90,79,95,64,40,53" hai3="130,128,99,66,19,133,37,2,48,4,12,124,54"/><T84/><D35/><U126/><E106/><V105/><F112/><W103/><G37/><T100/><D100/><U91/><E122/><V38/><F111/><W109/><G109/><T15/><D34/><U135/><E91/><V28/><F105/><W120/><G120/><T107/><D107/><U5/><E58/><V13/><F119/><W121/><G121/><T114/><D114/><U36/><E43/><V61/><F53/><W110/><G110/><T80/><D59/><U23/><E39/><V32/><F13/><W108/><G124/><T73/><D77/><U92/><E92/><V56/><REACH who="2" step="1"/><F90/><REACH who="2" ten="250,250,240,250" step="2"/><W81/><G12/><T117/><D117/><U11/><E11/><V41/><F41/><W74/><G108/><T101/><D101/><U113/><E113/><V62/><F62/><W69/><G103/><T71/><D71/><U68/><E68/><V63/><F63/><W1/><G69/><T70/><D70/><U3/><E3/><V26/><F26/><W29/><G1/><T67/><D67/><U86/><E36/><V118/><F118/><W72/><G2/><T134/><D15/><N who="1" m="9503" /><E86/><AGARI ba="0,1" hai="25,28,32,38,40,47,56,61,64,76,79,86,88,95" machi="86" ten="30,3900,0" yaku="1,1,7,1,54,1,53,0" doraHai="104" doraHaiUra="33" who="2" fromWho="1" sc="250,0,250,-39,240,49,250,0" /><INIT seed="1,0,0,2,2,52" ten="250,211,289,250" oya="1" hai0="23,11,32,110,76,67,37,132,78,30,117,94,68" hai1="22,53,81,133,127,47,14,102,75,5,74,88,123" hai2="107,77,92,135,99,125,134,13,10,82,98,46,84" hai3="17,8,60,12,19,108,51,42,16,20,34,65,122"/><U86/><E133/><N who="2" m="50699" /><F125/><W93/><G34/><T35/><D132/><U95/><E127/><V41/><F107/><W54/><G122/><T115/><D115/><U100/><E123/><V121/><F92/><W71/><G108/><T27/><D37/><U120/><E120/><V25/><F25/><W69/><G42/><T45/><D117/><U7/><E75/><V126/><F126/><W50/><G50/><T4/><D110/><U129/><E129/><V44/><F121/><W18/><G93/><T58/><D68/><U128/><E128/><V39/><F46/><W21/><REACH who="3" step="1"/><G69/><REACH who="3" ten="250,211,289,240" step="2"/><T36/><D35/><U43/><E43/><V31/><F31/><W2/><G2/><T26/><D32/><U90/><E47/><AGARI ba="0,1" hai="8,12,16,17,18,19,20,21,47,51,54,60,65,71" machi="47" ten="40,5200,0" yaku="1,1,54,1,53,1" doraHai="52" doraHaiUra="56" who="3" fromWho="1" sc="250,0,211,-52,289,0,240,62" /><INIT seed="2,0,0,0,3,22" ten="250,159,289,302" oya="2" hai0="135,62,94,28,72,81,50,112,114,78,116,10,124" hai1="93,106,60,71,127,20,32,103,83,11,25,87,43" hai2="88,110,6,128,9,41,47,26,5,33,59,82,99" hai3="64,14,69,92,125,70,74,2,96,133,18,104,115"/><V122/><F122/><W107/><G2/><T51/><D124/><U111/><E106/><V89/><F128/><W90/><G74/><T48/><D135/><U66/><E127/><V76/><F6/><W4/><G125/><T113/><D116/><U56/><E43/><V120/><F120/><W57/><G4/><T13/><D94/><U102/><E32/><V63/><F99/><W17/><G133/><T0/><D0/><U12/><E93/><V61/><F110/><W46/><G46/><T16/><D62/><U77/><E71/><V80/><F63/><W53/><G115/><T84/><REACH who="0" step="1"/><D28/><REACH who="0" ten="240,159,289,302" step="2"/><U75/><E111/><V121/><F121/><W68/><G104/><T34/><D34/><U19/><REACH who="1" step="1"/><E75/><AGARI ba="0,1" hai="10,13,16,48,50,51,72,75,78,81,84,112,113,114" machi="75" ten="50,3200,0" yaku="1,1,54,1,53,0" doraHai="22" doraHaiUra="3" who="0" fromWho="1" sc="240,42,159,-32,289,0,302,0" /><INIT seed="3,0,0,4,1,124" ten="282,127,289,302" oya="3" hai0="64,118,96,80,98,15,9,100,41,52,103,24,44" hai1="133,39,108,114,79,65,110,88,6,101,47,19,102" hai2="132,46,109,70,113,32,62,8,69,111,5,17,55" hai3="129,31,59,72,83,123,43,14,127,91,107,57,78"/><W121/><G107/><T87/><D118/><U51/><E114/><V61/><F113/><W84/><G31/><T66/><D24/><U35/><E35/><V95/><F32/><W128/><G43/><T134/><D134/><U54/><E6/><V92/><F17/><W122/><G127/><T26/><D26/><U71/><E79/><V81/><F81/><N who="3" m="49551" /><G14/><T20/><D20/><U85/><E39/><V29/><F29/><W115/><G115/><T0/><D0/><U1/><E1/><V90/><F132/><W112/><G112/><T73/><D73/><U104/><E104/><V22/><F22/><W49/><G49/><N who="0" m="28711" /><D41/><U4/><E4/><V3/><F70/><W34/><G34/><T105/><D105/><U28/><E28/><V125/><F125/><W93/><G93/><N who="0" m="58383" /><D98/><U58/><E133/><V60/><F69/><W97/><G97/><T106/><D103/><U135/><E71/><V21/><F21/><W2/><G2/><T68/><D68/><U33/><E33/><V48/><F92/><W30/><G30/><T18/><D106/><U76/><E135/><V16/><F16/><W130/><AGARI ba="0,0" hai="57,59,72,78,83,121,122,123,128,129,130" m="49551" machi="130" ten="40,12000,1" yaku="19,1,52,3" doraHai="124" who="3" fromWho="3" sc="282,-40,127,-40,289,-40,302,120" /><INIT seed="3,1,0,2,5,9" ten="242,87,249,422" oya="3" hai0="59,85,21,129,124,23,131,34,57,108,22,69,78" hai1="117,31,15,19,27,41,122,8,82,70,35,104,84" hai2="25,58,88,14,87,106,116,113,42,56,49,66,109" hai3="16,6,107,100,120,20,28,71,115,51,135,13,55"/><W92/><G115/><T93/><D69/><U133/><E133/><V130/><F113/><W5/><G120/><T72/><D34/><U81/><E122/><V97/><F116/><W121/><G107/><T64/><D108/><U128/><E70/><V36/><F36/><W43/><G71/><T79/><D124/><U62/><E62/><V30/><F109/><W17/><G121/><T73/><D93/><U29/><E104/><V119/><F119/><W63/><G135/><T50/><D64/><U114/><E114/><V32/><F130/><N who="0" m="49674" /><D85/><U99/><E99/><V7/><F66/><W3/><G28/><T95/><D95/><U44/><E117/><V37/><F37/><W102/><G17/><T47/><D47/><U1/><E128/><V52/><F42/><W123/><G3/><T103/><D103/><N who="3" m="39465" /><G92/><T134/><D50/><U48/><E31/><V126/><F126/><W0/><G0/><T54/><D54/><U118/><E118/><V105/><F97/><W86/><G86/><T111/><D111/><U18/><E1/><V76/><F106/><W53/><G123/><T65/><D65/><U94/><E94/><N who="2" m="54559" /><F105/><W33/><G33/><T67/><D67/><U45/><E82/><V4/><F32/><W98/><G98/><T89/><D134/><U83/><E83/><V2/><F2/><W80/><G80/><N who="0" m="45127" /><D89/><U11/><E84/><V10/><F76/><W40/><G40/><T127/><D127/><U12/><E81/><AGARI ba="1,0" hai="21,22,23,57,59,73,79,81" m="45127,49674" machi="81" ten="30,1000,0" yaku="19,1" doraHai="9" who="0" fromWho="1" sc="242,13,87,-13,249,0,422,0" /><INIT seed="4,0,0,3,0,16" ten="255,74,249,422" oya="0" hai0="79,71,46,4,44,30,62,45,89,125,77,104,37" hai1="42,56,95,78,103,93,111,99,131,59,24,75,87" hai2="48,100,96,19,0,50,127,110,112,23,70,40,132" hai3="83,126,68,124,20,72,119,113,32,35,15,7,92"/><T105/><D37/><U74/><E111/><V26/><F110/><W123/><G68/><T1/><D125/><N who="3" m="48233" /><G119/><T57/><D71/><U122/><E122/><V86/><F127/><W91/><G113/><T60/><D30/><U12/><E131/><V94/><F112/><W61/><G123/><T41/><D41/><U54/><E42/><V25/><F0/><W11/><G61/><T102/><D89/><U121/><E121/><V65/><F132/><W101/><G101/><T33/><D33/><U76/><E12/><V107/><F40/><W47/><G47/><T88/><D4/><U120/><E59/><V52/><F50/><W129/><G20/><T106/><D1/><U36/><E36/><V6/><F6/><W63/><G63/><T84/><D102/><U53/><E120/><V27/><F65/><W3/><G3/><T55/><REACH who="0" step="1"/><D60/><REACH who="0" ten="245,74,249,422" step="2"/><U114/><E114/><V5/><F5/><W31/><G31/><T14/><D14/><U49/><E103/><V117/><F70/><W97/><G129/><T134/><D134/><U18/><E76/><AGARI ba="0,1" hai="7,11,15,32,35,72,76,83,91,92,97" m="48233" machi="76" ten="30,1000,0" yaku="18,1" doraHai="16" who="3" fromWho="1" sc="245,0,74,-10,249,0,422,20" /><INIT seed="5,0,0,1,0,133" ten="245,64,249,442" oya="1" hai0="0,94,50,131,44,34,27,78,15,113,61,76,112" hai1="42,36,29,3,38,31,109,81,10,135,39,17,110" hai2="49,127,22,58,114,85,132,77,105,122,92,33,124" hai3="55,23,8,43,4,99,96,126,95,120,111,56,62"/><U98/><E135/><V86/><F132/><W118/><G111/><N who="1" m="42506" /><E98/><V82/><F122/><W91/><G126/><N who="2" m="48169" /><F33/><W129/><G23/><T18/><D61/><U63/><E63/><V123/><F123/><W89/><G89/><T75/><D0/><U46/><E81/><V64/><F105/><W60/><G60/><T100/><D75/><U121/><E121/><V93/><F114/><N who="0" m="44138" /><D34/><U20/><E10/><V48/><F64/><W2/><G8/><N who="0" m="6503" /><D27/><N who="1" m="14735" /><E3/><V103/><F103/><W66/><G2/><T70/><D70/><U134/><E134/><V5/><F5/><W14/><G4/><T106/><D106/><U21/><E21/><V116/><F116/><W26/><G66/><T32/><D32/><U79/><E79/><V16/><F86/><W13/><G118/><T9/><D9/><U130/><E130/><V101/><F101/><W35/><G129/><T80/><D131/><U7/><E7/><V30/><F30/><AGARI ba="0,0" hai="29,30,31,36,38,39,42,46" m="14735,42506" machi="30" ten="30,1500,0" yaku="10,1" doraHai="133" who="1" fromWho="2" sc="245,0,64,15,249,-15,442,0" /><INIT seed="5,1,0,4,5,129" ten="245,79,234,442" oya="1" hai0="131,37,55,12,33,1,105,85,77,98,101,32,114" hai1="81,130,57,90,5,7,93,119,73,111,27,110,115" hai2="125,47,29,63,117,86,24,88,99,23,60,0,34" hai3="11,54,36,61,15,39,120,126,64,51,82,52,100"/><U26/><E130/><V103/><F117/><W31/><G120/><T67/><D114/><U58/><E119/><V70/><F0/><W19/><G126/><T106/><D1/><U17/><E115/><V43/><F125/><W135/><G135/><T128/><D37/><U122/><E122/><V113/><F113/><W28/><G39/><T49/><D106/><U35/><E27/><V8/><F8/><W62/><G36/><T94/><D67/><U14/><E73/><V65/><F63/><N who="3" m="24075" /><G64/><T79/><D79/><U74/><E74/><V104/><F23/><W50/><G100/><T59/><D131/><U121/><E121/><V95/><F47/><N who="3" m="27999" /><G82/><T53/><D53/><U45/><E81/><V30/><F30/><W68/><G68/><T38/><D38/><U44/><E45/><AGARI ba="1,0" hai="11,15,19,28,31,45,51,52" m="27999,24075" machi="45" ten="30,2000,0" yaku="8,1,54,1" doraHai="129" who="3" fromWho="1" sc="245,0,79,-23,234,0,442,23" /><INIT seed="6,0,0,5,3,54" ten="245,56,234,465" oya="2" hai0="57,1,34,92,97,19,115,66,4,132,53,20,30" hai1="99,39,22,52,108,70,120,51,113,36,25,21,131" hai2="29,46,96,101,83,58,133,135,33,128,124,125,86" hai3="130,43,77,62,64,114,88,89,38,87,109,10,61"/><V16/><F46/><W49/><G109/><T24/><D115/><U44/><E108/><V48/><F29/><W72/><G72/><T121/><D132/><N who="2" m="50762" /><F33/><W11/><G38/><T74/><D74/><U31/><E131/><V129/><F16/><W7/><G130/><N who="2" m="50281" /><F58/><N who="3" m="36919" /><G114/><T78/><D78/><U0/><E113/><V14/><F14/><N who="3" m="5471" /><G11/><T122/><D66/><U32/><E120/><V93/><F48/><W27/><G62/><T116/><D116/><U98/><E0/><V84/><F83/><N who="3" m="47599" /><G27/><T63/><D1/><U105/><E70/><V28/><F28/><W85/><G85/><AGARI ba="0,0" hai="84,85,86,93,96,101,124,125" m="50281,50762" machi="85" ten="40,18000,2" yaku="30,2,20,1,19,1,34,2" doraHai="54" who="2" fromWho="3" sc="245,0,56,0,234,180,465,-180" /><INIT seed="6,1,0,2,2,119" ten="245,56,414,285" oya="2" hai0="58,105,23,61,3,82,43,22,51,71,70,21,111" hai1="29,14,66,53,25,122,67,45,1,76,106,120,78" hai2="134,18,0,73,89,72,46,92,100,33,36,124,50" hai3="19,104,93,24,57,94,11,116,38,133,84,126,5"/><V87/><F36/><W129/><G104/><T101/><D111/><U2/><E106/><V62/><F0/><W91/><G38/><T63/><D3/><U12/><E25/><V108/><F33/><W125/><G116/><T40/><D82/><U52/><REACH who="1" step="1"/><E45/><REACH who="1" ten="245,46,414,285" step="2"/><V88/><F46/><W123/><G24/><T48/><D105/><U99/><E99/><V54/><F108/><W85/><G126/><T96/><D96/><U103/><E103/><V30/><F100/><W15/><G125/><T13/><D101/><U135/><E135/><V128/><F134/><W27/><G27/><T90/><D13/><U64/><E64/><V9/><F124/><W112/><G133/><T47/><D71/><U60/><E60/><V8/><F62/><W77/><G15/><T56/><D70/><U65/><E65/><V81/><F128/><W20/><G129/><T16/><D63/><U132/><E132/><V17/><F30/><AGARI ba="1,1" hai="1,2,12,14,29,30,52,53,66,67,76,78,120,122" machi="30" ten="25,12000,2" yaku="1,1,22,2,52,2,54,1,53,0" doraHai="119" doraHaiUra="98" who="1" fromWho="2" sc="245,0,46,133,414,-123,285,0" /><INIT seed="7,0,0,4,5,44" ten="245,179,291,285" oya="3" hai0="93,103,70,24,26,14,91,75,120,48,119,45,87" hai1="110,112,71,105,29,126,53,94,62,82,121,80,129" hai2="22,68,8,135,102,31,133,95,79,59,74,35,51" hai3="81,132,97,61,116,125,12,118,20,64,15,123,90"/><W86/><G123/><T106/><D119/><U9/><E105/><V7/><F68/><W134/><G97/><T92/><D120/><U33/><E121/><V23/><F35/><W40/><G40/><T17/><D70/><U5/><E110/><V60/><F51/><W108/><G108/><T28/><D75/><U2/><E129/><V73/><F102/><W6/><G125/><T52/><D106/><U111/><E111/><V27/><F95/><W54/><G54/><T88/><D103/><U77/><E126/><V56/><F22/><W99/><G99/><N who="0" m="57759" /><D28/><U128/><E128/><V47/><F47/><W13/><G20/><AGARI ba="0,0" hai="14,17,20,24,26,45,48,52,87,88,93" m="57759" machi="20" ten="30,7700,0" yaku="8,1,52,1,54,2" doraHai="44" who="0" fromWho="3" sc="245,77,179,0,291,0,285,-77" owari="322,42.0,179,-32.0,291,9.0,208,-19.0" /></mjloggm>