<mjloggm ver="2.3"><GO type="169" lobby="0"/><UN n0="%E7%B6%AD%E6%96%B0" n1="%E3%81%8B%E3%81%A5%E3%81%8D%EF%BC%B8%EF%BC%A9" n2="%68%61%79%61%74%6F%E2%98%86" n3="%6B%75%72%6F%35%35%36%36" dan="16,17,17,16" rate="2131.07,2118.84,2151.30,2093.22" sx="M,M,M,M"/><TAIKYOKU oya="0"/><INIT seed="0,0,0,1,2,61" ten="250,250,250,250" oya="0" hai0="32,121,27,8,6,135,103,134,87,35,67,56,17" hai1="80,49,99,122,82,84,39,26,79,43,123,42,38" hai2="20,93,30,83,74,37,95,127,111,119,72,85,117" hai3="45,62,29,10,120,2,124,77,91,75,24,106,9"/><T129/><D121/><U92/><E82/><V86/><F37/><W131/><G91/><T51/><D129/><U52/><E39/><V110/><F30/><W133/><G106/><T44/><D103/><U53/><E53/><V81/><REACH who="2" step="1"/><F20/><REACH who="2" ten="250,250,240,250" step="2"/><W16/><G29/><T104/><D35/><U18/><E38/><V63/><F63/><W88/><G62/><T114/><D32/><U28/><E123/><V54/><F54/><W33/><G120/><T105/><D134/><U4/><E28/><V21/><F21/><W112/><G33/><T13/><D135/><U23/><E122/><V31/><F31/><W34/><G34/><T69/><D114/><U90/><REACH who="1" step="1"/><E4/><REACH who="1" ten="250,240,240,250" step="2"/><V47/><F47/><AGARI ba="0,2" hai="18,23,26,42,43,47,49,52,79,80,84,90,92,99" machi="47" ten="30,8000,1" yaku="1,1,2,1,7,1,8,1,54,1,53,0" doraHai="61" doraHaiUra="58" who="1" fromWho="2" sc="250,0,240,100,240,-80,250,0" /><INIT seed="1,0,0,5,5,129" ten="250,340,160,250" oya="1" hai0="43,3,86,72,4,57,67,25,71,56,32,108,62" hai1="59,68,78,44,69,75,42,18,65,82,63,127,29" hai2="7,36,95,35,20,135,27,11,26,45,51,87,13" hai3="132,31,24,53,6,9,79,125,92,81,17,126,76"/><U119/><E119/><V121/><F36/><W90/><G53/><T117/><D72/><U33/><E127/><N who="3" m="48650" /><G81/><T105/><D86/><U103/><E18/><V100/><F121/><W39/><G39/><T58/><D25/><U84/><E84/><V23/><F35/><N who="3" m="20967" /><G17/><T73/><D67/><U49/><REACH who="1" step="1"/><E103/><REACH who="1" ten="250,330,160,250" step="2"/><V12/><F100/><W28/><G28/><T134/><D117/><U48/><E48/><V8/><F51/><W77/><G6/><T107/><D4/><U0/><E0/><V2/><F87/><N who="3" m="52319" /><G9/><T97/><D3/><U15/><E15/><V133/><F2/><W46/><G46/><T116/><D116/><U47/><E47/><V124/><F45/><W80/><G80/><T130/><D73/><U88/><E88/><V93/><F124/><W41/><G41/><T10/><D43/><U22/><E22/><V118/><F118/><W40/><G40/><T70/><D10/><U123/><E123/><V101/><F101/><W85/><G85/><T19/><D19/><U5/><E5/><AGARI ba="0,1" hai="5,7,8,11,12,13,20,23,26,27,93,95,133,135" machi="5" ten="25,6400,0" yaku="22,2,52,2" doraHai="129" who="2" fromWho="1" sc="250,0,330,-64,160,74,250,0" /><INIT seed="2,0,0,4,5,103" ten="250,266,234,250" oya="2" hai0="26,34,117,28,21,58,2,8,63,42,115,25,51" hai1="99,60,6,20,23,105,79,45,78,82,31,118,7" hai2="4,132,109,49,13,84,14,123,71,44,22,87,76" hai3="111,135,73,112,19,65,124,110,89,55,113,120,126"/><V127/><F123/><W93/><G19/><T68/><D115/><N who="3" m="44105" /><G65/><T70/><D117/><U74/><E79/><V104/><F71/><W92/><G55/><T102/><D102/><U15/><E118/><V133/><F127/><N who="3" m="48683" /><G120/><T91/><D91/><U100/><E60/><V59/><F59/><W27/><G27/><T1/><D42/><U131/><E131/><V88/><F109/><N who="3" m="41483" /><G73/><T56/><D51/><U39/><E31/><V122/><F122/><W116/><G116/><T98/><D8/><U54/><E54/><V18/><F4/><W80/><G135/><T108/><D108/><U64/><E64/><V16/><F49/><W9/><G9/><T48/><D48/><U37/><E37/><V134/><F44/><W52/><G52/><T61/><D28/><U83/><E6/><V130/><F130/><W77/><G77/><T29/><D29/><U97/><E45/><V125/><F125/><W47/><G47/><T95/><D34/><U32/><E32/><V41/><F41/><W36/><G36/><T85/><D21/><N who="1" m="8267" /><E39/><V86/><F76/><W106/><G106/><T35/><D35/><U10/><E74/><V129/><F129/><W128/><G128/><T107/><D107/><N who="1" m="63887" /><E78/><V81/><F104/><W114/><G114/><T3/><D63/><U0/><E0/><V67/><F67/><W38/><G38/><T66/><D68/><U121/><E121/><V69/><F69/><W119/><G119/><T17/><D70/><U12/><E12/><N who="2" m="4715" /><F18/><W101/><G101/><N who="0" m="60639" /><D2/><U57/><E57/><N who="0" m="22121" /><D1/><U90/><E105/><V5/><F5/><W46/><G46/><RYUUKYOKU ba="0,0" sc="250,-30,266,10,234,10,250,10" hai1="7,10,15,82,83,90,99" hai2="16,22,81,84,86,87,88,132,133,134" hai3="80,89,92,93" /><INIT seed="2,1,0,4,4,89" ten="220,276,244,260" oya="2" hai0="106,22,12,135,97,79,29,95,19,27,90,61,110" hai1="5,31,76,122,3,72,26,114,64,113,67,124,40" hai2="17,107,28,102,126,132,60,2,47,54,94,53,88" hai3="32,73,98,134,25,116,59,121,75,87,93,51,92"/><V48/><F2/><W82/><G121/><T117/><D110/><U55/><E124/><V42/><F126/><W21/><G116/><T7/><D117/><U4/><E40/><V62/><F132/><W6/><G32/><T46/><D135/><U127/><E127/><V111/><F111/><W0/><G134/><T68/><D106/><U58/><E122/><V115/><F115/><W133/><G133/><T71/><D7/><U118/><E118/><V105/><F28/><W83/><G0/><T112/><D112/><U74/><E76/><V14/><F102/><W35/><G35/><T69/><D79/><U8/><E4/><V24/><F24/><W78/><G6/><T41/><D61/><N who="2" m="23658" /><F107/><W66/><G66/><T129/><D129/><U52/><E113/><V99/><F105/><W57/><G75/><T131/><D131/><U80/><E114/><V1/><F1/><W108/><G108/><T119/><D119/><U23/><E74/><V34/><F34/><W33/><G33/><T37/><REACH who="0" step="1"/><D69/><REACH who="0" ten="210,276,244,260" step="2"/><U85/><E72/><V77/><F77/><W84/><G73/><T56/><D56/><U44/><E58/><V101/><F101/><W39/><G57/><T91/><D91/><N who="1" m="51623" /><E44/><V125/><F125/><W15/><G59/><T9/><AGARI ba="1,1" hai="9,12,19,22,27,29,37,41,46,68,71,90,95,97" machi="9" ten="20,8000,1" yaku="1,1,0,1,7,1,52,1,53,1" doraHai="89" doraHaiUra="86" who="0" fromWho="0" sc="210,93,276,-21,244,-41,260,-21" /><INIT seed="3,0,0,4,2,87" ten="303,255,203,239" oya="3" hai0="61,96,64,70,39,52,134,99,75,42,53,43,37" hai1="74,81,20,118,22,121,126,115,111,14,7,77,44" hai2="65,1,112,11,50,88,108,105,2,46,51,122,120" hai3="26,94,114,85,116,54,28,76,3,21,30,93,25"/><W135/><G116/><T9/><D75/><U15/><E111/><V131/><F112/><W98/><G114/><T82/><D82/><U35/><E35/><V102/><F108/><W66/><G135/><T38/><D134/><U29/><E115/><V68/><F102/><W16/><G3/><T17/><D9/><U104/><E104/><V6/><F105/><W63/><G54/><N who="0" m="21099" /><D17/><U49/><E121/><N who="2" m="46699" /><F2/><W12/><G76/><T95/><D95/><U72/><E72/><V48/><F131/><W78/><G78/><T91/><D91/><U101/><E101/><V56/><F56/><N who="3" m="37223" /><G85/><T110/><D99/><U4/><E118/><V32/><F32/><W34/><G34/><T107/><D96/><U59/><E59/><V106/><F106/><W83/><G83/><T19/><D19/><U117/><E117/><V97/><F65/><W57/><G57/><N who="0" m="36911" /><D107/><U84/><E74/><V119/><F68/><W23/><G93/><T27/><D27/><N who="3" m="10249" /><G23/><T100/><D110/><U103/><E20/><V67/><F67/><W127/><G127/><T47/><D100/><AGARI ba="0,0" hai="12,16,21,28,30,94,98,100" m="10249,37223" machi="100" ten="30,2900,0" yaku="8,1,54,1" doraHai="87" who="3" fromWho="0" sc="303,-29,255,0,203,0,239,29" /><INIT seed="3,1,0,4,0,85" ten="274,255,203,268" oya="3" hai0="66,8,112,124,15,56,87,25,44,20,51,120,93" hai1="71,113,31,32,13,130,14,54,92,78,67,28,103" hai2="40,118,91,45,82,60,12,109,52,50,95,4,99" hai3="128,59,125,86,101,35,5,48,129,37,62,39,42"/><W61/><G35/><T19/><D120/><U74/><E113/><V97/><F109/><W102/><G5/><T84/><D112/><U77/><E130/><N who="3" m="50282" /><G86/><T46/><D124/><U3/><E3/><V90/><F118/><W73/><G73/><T55/><D46/><U22/><E74/><V79/><F79/><N who="1" m="30217" /><E71/><V134/><F134/><W127/><G48/><T33/><D33/><U6/><E67/><V24/><F24/><W105/><G42/><T100/><D100/><N who="3" m="38505" /><G105/><T58/><D93/><U98/><E32/><V135/><F135/><W29/><G29/><N who="1" m="11338" /><E6/><V57/><F82/><W107/><G107/><T89/><D66/><U106/><E106/><V7/><F12/><N who="1" m="4713" /><E22/><V131/><F131/><W121/><G121/><T133/><D133/><U27/><E27/><V114/><F114/><W116/><G116/><T36/><D36/><N who="3" m="13897" /><G59/><T126/><D126/><AGARI ba="1,0" hai="61,62,125,126,127" m="13897,38505,50282" machi="126" ten="40,12000,1" yaku="28,2,18,1,19,1" doraHai="85" who="3" fromWho="0" sc="274,-123,255,0,203,0,268,123" /><INIT seed="3,2,0,5,0,72" ten="151,255,203,391" oya="3" hai0="106,41,39,84,4,30,26,79,113,120,65,123,107" hai1="86,95,23,6,5,128,125,51,133,93,25,109,21" hai2="68,69,110,116,15,67,129,80,58,16,118,78,1" hai3="64,9,22,29,48,130,135,43,96,40,108,59,99"/><W90/><G130/><T100/><D65/><U13/><E109/><V0/><F110/><W17/><G108/><T114/><D4/><U115/><E125/><V119/><F129/><W134/><G29/><T101/><D39/><U124/><E115/><N who="0" m="44041" /><D41/><U92/><E124/><V76/><F58/><W24/><G9/><T52/><D52/><U61/><E61/><V126/><F126/><W104/><G104/><N who="0" m="39979" /><D26/><U12/><E133/><N who="3" m="50698" /><G64/><T88/><D30/><U71/><E71/><V98/><F98/><N who="3" m="37419" /><G90/><T45/><D45/><U111/><E111/><V82/><F67/><W32/><G32/><T73/><D73/><U8/><E51/><V10/><F68/><W3/><G3/><T102/><D79/><U44/><E44/><V60/><F60/><W70/><G70/><T75/><D75/><U50/><E50/><V37/><F69/><W31/><G31/><T122/><D122/><U77/><E128/><V56/><F37/><W7/><G7/><N who="1" m="2570" /><E8/><V46/><F46/><W38/><G38/><T97/><D97/><U28/><E21/><V105/><F56/><W11/><G11/><T131/><D131/><U55/><E55/><AGARI ba="2,0" hai="17,22,24,40,43,48,55,59" m="37419,50698" machi="55" ten="30,1500,0" yaku="20,1" doraHai="72" who="3" fromWho="1" sc="151,0,255,-21,203,0,391,21" /><INIT seed="3,3,0,2,4,40" ten="151,234,203,412" oya="3" hai0="24,80,64,35,86,22,88,90,20,123,53,104,111" hai1="124,126,50,94,23,84,11,130,51,109,120,97,121" hai2="26,5,14,100,85,99,52,38,133,119,63,41,28" hai3="57,106,8,2,79,48,81,32,62,92,122,134,31"/><W6/><G122/><T10/><D123/><N who="1" m="47179" /><E11/><V13/><F119/><W70/><G106/><T131/><D111/><U87/><E23/><V61/><F85/><N who="1" m="32841" /><E109/><V125/><F125/><N who="1" m="48233" /><E130/><V47/><F133/><W21/><G134/><T39/><D131/><U115/><E115/><V95/><F5/><W110/><G110/><T59/><D22/><U43/><E43/><V135/><F135/><W33/><G92/><T69/><D20/><U98/><E98/><V77/><F77/><W128/><G128/><T25/><D24/><U0/><E0/><V1/><F1/><W71/><G21/><T72/><D25/><U68/><E68/><V16/><F13/><W93/><G93/><T75/><D10/><U76/><E76/><V114/><F114/><W83/><G70/><T27/><D27/><U19/><E19/><V96/><F96/><W12/><G2/><T17/><D69/><U60/><E60/><V42/><F42/><W129/><G129/><T44/><D17/><U45/><E45/><V54/><F63/><W56/><G79/><T29/><D44/><U82/><E82/><N who="3" m="31242" /><G71/><T73/><D80/><U18/><E18/><V9/><F61/><W118/><G31/><T36/><D75/><U102/><AGARI ba="3,0" hai="50,51,94,97,102" m="48233,32841,47179" machi="102" ten="40,1500,0" yaku="18,1" doraHai="40" who="1" fromWho="1" sc="151,-7,234,24,203,-7,412,-10" /><INIT seed="4,0,0,4,3,61" ten="144,258,196,402" oya="0" hai0="36,43,24,83,12,0,13,2,111,52,70,97,106" hai1="37,53,16,91,69,117,77,68,57,107,82,134,131" hai2="48,113,126,56,94,123,74,44,127,78,19,129,119" hai3="98,100,25,27,108,40,35,96,114,112,115,118,14"/><T9/><D70/><U26/><E37/><V80/><F123/><W28/><G108/><T18/><D111/><U54/><E107/><V110/><F110/><W67/><G118/><T101/><D24/><U50/><E117/><V75/><F119/><W116/><G116/><T92/><D106/><U42/><E91/><V8/><F113/><W34/><G40/><T135/><D135/><U63/><E131/><V47/><F94/><W85/><G85/><T81/><D13/><U21/><E134/><V87/><F56/><W59/><G14/><T58/><D43/><U122/><E42/><N who="2" m="24599" /><F47/><W60/><G96/><T130/><D36/><U125/><E125/><N who="2" m="47627" /><F129/><W10/><G10/><T90/><D130/><U105/><E105/><V4/><F19/><W31/><G98/><T132/><D132/><U29/><E29/><V86/><F87/><W121/><G100/><T128/><D128/><U17/><E17/><V33/><F33/><W79/><G79/><T93/><D2/><AGARI ba="0,0" hai="2,4,8,74,75,78,80,86" m="47627,24599" machi="2" ten="30,1000,0" yaku="18,1" doraHai="61" who="2" fromWho="0" sc="144,-10,258,0,196,10,402,0" /><INIT seed="5,0,0,2,4,58" ten="134,258,206,402" oya="1" hai0="66,109,39,50,3,18,105,76,27,116,100,115,82" hai1="126,6,11,29,104,110,45,53,8,2,78,80,33" hai2="132,40,51,42,101,117,70,23,5,38,99,22,102" hai3="1,121,63,81,55,106,113,93,72,67,64,85,10"/><U87/><E126/><V59/><F117/><W95/><G106/><T133/><D116/><U125/><E125/><V12/><F70/><W129/><G121/><T111/><D39/><U74/><E104/><V112/><F38/><W25/><G72/><T44/><D3/><U123/><E123/><V17/><F5/><W61/><G1/><T65/><D105/><U0/><E110/><V13/><F132/><W16/><G113/><T90/><D100/><U41/><E53/><N who="2" m="32191" /><F99/><W20/><G129/><T26/><D90/><U46/><E87/><V94/><F94/><N who="3" m="35851" /><G55/><T15/><D133/><U14/><E46/><V91/><F91/><N who="3" m="51631" /><G67/><T135/><D135/><U48/><E33/><V68/><F68/><W35/><G35/><T19/><D115/><U24/><E11/><V75/><F75/><W131/><G131/><T124/><D124/><U28/><E28/><V71/><F71/><W127/><G127/><T34/><D34/><U4/><E6/><V31/><F31/><N who="3" m="17831" /><G64/><N who="0" m="24683" /><D109/><U54/><E41/><N who="2" m="15979" /><F112/><W83/><G83/><T47/><D111/><U118/><E118/><V120/><F120/><W32/><G32/><T130/><D130/><U60/><E2/><V98/><F98/><W119/><G119/><T79/><D82/><U77/><E0/><V9/><F9/><W49/><G49/><T86/><D50/><U114/><E114/><V21/><F21/><W122/><G122/><T107/><D107/><U92/><E92/><V84/><F84/><W69/><G69/><T52/><D86/><U43/><E74/><V97/><F97/><W89/><G89/><T103/><D103/><RYUUKYOKU ba="0,0" sc="134,-15,258,-15,206,15,402,15" hai2="12,13,17,22,23,101,102" hai3="10,16,61,63" /><INIT seed="6,1,0,2,3,39" ten="119,243,221,417" oya="2" hai0="91,5,66,125,67,94,20,110,73,99,119,84,33" hai1="48,82,124,102,46,76,52,14,30,133,114,113,62" hai2="127,15,38,0,129,87,95,26,49,10,9,16,106" hai3="103,60,104,54,85,28,56,83,25,36,19,43,107"/><V1/><F38/><W77/><G107/><T118/><D110/><U80/><E102/><V108/><F106/><W98/><G19/><T17/><D33/><U4/><E30/><V86/><F127/><W116/><G116/><N who="0" m="44587" /><D73/><U23/><E133/><V72/><F72/><W40/><REACH who="3" step="1"/><G36/><REACH who="3" ten="119,243,221,407" step="2"/><T27/><D5/><U42/><E124/><V63/><F16/><W126/><G126/><T13/><D125/><U68/><E114/><V70/><F108/><W69/><G69/><T75/><D75/><U105/><E113/><V81/><F70/><W35/><AGARI ba="1,1" hai="25,28,35,40,43,54,56,60,77,83,85,98,103,104" machi="35" ten="20,12000,2" yaku="1,1,0,1,7,1,52,2,53,1" doraHai="39" doraHaiUra="79" who="3" fromWho="3" sc="119,-31,243,-31,221,-61,407,133" /><INIT seed="7,0,0,3,1,88" ten="88,212,160,540" oya="3" hai0="6,81,132,96,2,121,62,7,135,61,63,65,30" hai1="24,42,40,90,128,101,134,19,31,38,35,58,80" hai2="93,66,116,84,82,50,8,130,14,0,68,78,74" hai3="46,112,12,27,94,113,110,13,119,3,103,104,55"/><W109/><G104/><T11/><D121/><U57/><E128/><V52/><F0/><W15/><G3/><T17/><D65/><U10/><E134/><V99/><F116/><W26/><G46/><T91/><D30/><U5/><E19/><V16/><F130/><W69/><G55/><T131/><D131/><U25/><E25/><N who="3" m="9226" /><G69/><T77/><D7/><U76/><E38/><V89/><F68/><W97/><G119/><T9/><D9/><U54/><E54/><V86/><F66/><W71/><G71/><T48/><D17/><U43/><E40/><V124/><F124/><W18/><G18/><T44/><D91/><U85/><E42/><V126/><F126/><W106/><G106/><T60/><N who="0" m="15872" /><DORA hai="122" /><T72/><REACH who="0" step="1"/><D96/><REACH who="0" ten="78,212,160,540" step="2"/><U111/><E90/><V95/><F95/><W105/><G94/><T64/><D64/><U41/><E31/><V120/><F120/><W92/><G105/><T133/><D133/><U32/><E35/><V129/><F129/><W102/><G102/><T117/><D117/><U87/><E32/><V49/><F99/><W21/><G21/><T33/><D33/><U67/><E67/><V59/><F93/><W29/><G29/><T36/><D36/><U28/><E28/><V53/><F89/><W39/><G39/><T118/><D118/><U79/><E5/><V51/><F51/><W83/><G83/><T98/><D98/><U75/><E80/><V115/><F50/><W20/><G20/><T22/><D22/><U45/><E10/><V108/><F49/><W123/><G123/><T100/><D100/><U125/><E101/><RYUUKYOKU ba="0,1" sc="78,15,212,-15,160,-15,540,15" hai0="2,6,11,44,48,72,77,81,132,135" hai3="12,13,15,92,97,103,109,110,112,113" owari="93,-41.0,197,0.0,145,-25.0,565,66.0" /></mjloggm>