<mjloggm ver="2.3"><GO type="169" lobby="0"/><UN n0="%E9%9B%AA%E6%9C%88%E9%A2%A8%E8%8A%B1" n1="%E7%9C%BC%E7%A7%91%E5%8C%BB" n2="%E3%81%8D%E3%81%BF%E3%81%A9%E3%82%8A%E3%82%93" n3="%E3%83%9D%E3%83%B3%E3%83%89%E3%83%AB" dan="16,16,17,16" rate="2211.04,2132.02,2170.29,2050.35" sx="M,M,F,M"/><TAIKYOKU oya="0"/><INIT seed="0,0,0,3,4,54" ten="250,250,250,250" oya="0" hai0="126,81,121,16,0,2,102,109,93,90,4,10,104" hai1="66,79,88,106,75,108,5,72,97,86,76,103,57" hai2="80,131,45,105,13,27,70,23,48,92,12,69,129" hai3="71,52,24,1,41,73,116,117,39,25,130,68,119"/><T58/><D121/><U6/><E6/><V33/><F105/><W21/><G73/><N who="1" m="28234" /><E5/><V50/><F80/><W61/><G1/><T44/><D81/><N who="1" m="49231" /><E57/><V135/><F135/><W99/><G99/><T19/><D44/><U132/><E66/><V133/><F133/><W47/><G24/><T55/><D2/><U113/><E132/><V51/><F92/><W77/><G77/><N who="1" m="29770" /><E108/><V87/><F33/><W123/><G123/><T31/><D31/><U15/><E15/><N who="2" m="5707" /><F87/><W115/><G21/><T134/><D109/><U98/><E113/><V89/><F89/><W18/><G18/><T43/><D134/><U38/><E38/><V56/><F45/><W84/><G25/><T83/><D0/><U85/><E85/><V26/><F23/><W101/><G84/><T9/><D4/><U32/><E32/><V42/><F42/><W11/><G115/><T94/><D43/><U127/><E127/><V28/><F28/><W34/><G34/><T8/><D126/><U96/><AGARI ba="0,0" hai="96,97,98,103,106" m="29770,49231,28234" machi="96" ten="30,12000,2" yaku="35,5,54,1" doraHai="54" who="1" fromWho="1" sc="250,-60,250,120,250,-30,250,-30" /><INIT seed="1,0,0,2,4,21" ten="190,370,220,220" oya="1" hai0="62,29,84,66,119,47,129,2,22,124,68,27,41" hai1="7,32,19,31,24,80,60,111,106,92,104,117,134" hai2="23,33,100,86,108,38,110,115,37,26,18,1,49" hai3="46,133,11,87,14,135,40,50,45,51,103,20,13"/><U105/><E117/><V107/><F1/><W44/><G103/><T72/><D119/><U79/><E134/><N who="3" m="51210" /><G87/><T54/><D72/><U109/><E7/><V56/><F115/><W131/><G131/><T53/><D124/><U3/><E3/><V65/><F33/><W12/><G20/><T91/><D2/><U67/><E92/><V63/><F49/><N who="3" m="18443" /><G11/><T94/><REACH who="0" step="1"/><D129/><REACH who="0" ten="180,370,220,220" step="2"/><U69/><REACH who="1" step="1"/><E19/><REACH who="1" ten="180,360,220,220" step="2"/><V113/><F18/><W4/><G4/><T102/><D102/><U127/><E127/><V48/><F100/><W90/><G90/><T61/><D61/><U77/><E77/><V118/><F63/><W70/><G70/><T57/><D57/><U96/><E96/><V39/><F56/><W74/><G74/><AGARI ba="0,2" hai="24,31,32,60,67,69,74,79,80,104,105,106,109,111" machi="74" ten="50,12000,1" yaku="1,1,23,2,52,1,53,0" doraHai="21" doraHaiUra="99" who="1" fromWho="3" sc="180,0,360,140,220,0,220,-120" /><INIT seed="1,1,0,1,1,133" ten="180,500,220,100" oya="1" hai0="73,16,124,113,118,131,115,75,49,31,47,46,86" hai1="53,14,121,88,28,102,127,104,72,35,64,95,105" hai2="41,6,112,106,122,9,22,56,32,45,55,18,61" hai3="63,67,96,40,119,129,116,78,15,34,97,36,51"/><U69/><E121/><V8/><F122/><W108/><G36/><T1/><D118/><N who="3" m="45097" /><G34/><T0/><D86/><U48/><E72/><V25/><F106/><W10/><G108/><T103/><D49/><U130/><E102/><V26/><F112/><W111/><G111/><T13/><D13/><U117/><E117/><V135/><F135/><W59/><G78/><T43/><D31/><U20/><E35/><V57/><F57/><W85/><G85/><T71/><D71/><U12/><E130/><V132/><F132/><W68/><G129/><T24/><D131/><U60/><E12/><V70/><F70/><W23/><G23/><T110/><D110/><U87/><E127/><V29/><F6/><N who="3" m="3543" /><G40/><T54/><D43/><U82/><E82/><V98/><F98/><N who="3" m="37995" /><G51/><AGARI ba="1,0" hai="8,9,18,22,25,26,29,32,41,45,51,55,56,61" machi="51" ten="30,1000,0" yaku="7,1" doraHai="133" who="2" fromWho="3" sc="180,0,500,0,220,13,100,-13" /><INIT seed="2,0,0,2,0,100" ten="180,500,233,87" oya="2" hai0="28,121,7,125,5,101,54,37,12,99,108,76,36" hai1="39,15,3,134,124,111,81,120,97,25,91,20,103" hai2="32,29,104,115,26,77,93,4,51,58,89,112,105" hai3="56,92,64,87,11,65,119,35,18,84,6,75,78"/><V135/><F77/><W24/><G119/><T94/><D121/><U95/><E3/><V82/><F82/><W2/><G75/><T130/><D130/><U43/><E15/><V116/><F116/><W62/><G78/><T30/><D108/><U50/><E39/><V41/><F135/><W72/><G72/><T40/><D125/><U126/><E111/><V0/><F115/><W79/><G79/><T55/><D76/><U63/><E134/><V90/><F112/><W17/><G65/><T86/><D12/><U107/><E120/><V133/><F133/><W45/><G45/><T69/><D101/><U102/><E63/><V128/><F128/><W33/><G92/><T127/><D94/><U96/><E81/><V9/><F90/><W48/><G48/><T49/><D49/><U131/><E91/><V129/><F129/><W19/><REACH who="3" step="1"/><G24/><REACH who="3" ten="180,500,233,77" step="2"/><T122/><D122/><U53/><E131/><V73/><F73/><W80/><G80/><T110/><D110/><U13/><E124/><V42/><F58/><W123/><G123/><T22/><D127/><U71/><E126/><V114/><F114/><W70/><G70/><T14/><D69/><U47/><E71/><V67/><F67/><W132/><G132/><T8/><D37/><U60/><E60/><V109/><F109/><W57/><G57/><T83/><D83/><U34/><E95/><V38/><F38/><W27/><G27/><N who="0" m="16759" /><D36/><U46/><E50/><V31/><F51/><W59/><G59/><T61/><D61/><U113/><E47/><V98/><F31/><W1/><G1/><N who="0" m="47" /><D28/><U66/><E46/><RYUUKYOKU ba="0,1" sc="180,-15,500,-15,233,15,77,15" hai2="0,4,9,26,29,32,41,42,89,93,98,104,105" hai3="2,6,11,17,18,19,33,35,56,62,64,84,87" /><INIT seed="2,1,1,1,3,84" ten="165,485,248,92" oya="2" hai0="119,64,29,132,25,109,4,26,57,43,77,116,54" hai1="3,134,100,113,45,13,18,49,98,60,1,37,121" hai2="111,83,67,99,127,33,81,19,96,10,68,28,36" hai3="11,56,102,7,69,9,124,130,72,104,78,2,53"/><V85/><F127/><W79/><G69/><T58/><D109/><U51/><E113/><V22/><F36/><W5/><G130/><T31/><D132/><U120/><E134/><V42/><F42/><W61/><G124/><T44/><D4/><U16/><E37/><V123/><F123/><N who="1" m="47177" /><E60/><V52/><F111/><W14/><G104/><T108/><D108/><U73/><E73/><V129/><F129/><W65/><G102/><T59/><D54/><N who="1" m="29999" /><E51/><V12/><F83/><W63/><REACH who="3" step="1"/><G72/><REACH who="3" ten="165,485,248,82" step="2"/><T87/><D116/><U15/><E100/><V126/><F68/><W97/><G97/><T55/><D119/><U106/><E98/><V17/><F96/><W89/><G89/><T82/><D64/><U40/><E106/><V90/><F99/><W112/><G112/><T103/><D103/><U101/><E101/><V8/><F67/><W128/><G128/><T24/><REACH who="0" step="1"/><D55/><REACH who="0" ten="155,485,248,82" step="2"/><U95/><E40/><V75/><F52/><W115/><G115/><T62/><D62/><U27/><E1/><V23/><F126/><W135/><G135/><T47/><D47/><U41/><E3/><V35/><F75/><W76/><G76/><T71/><D71/><U50/><E41/><V114/><F114/><W70/><AGARI ba="1,3" hai="2,5,7,9,11,14,53,56,61,63,65,70,78,79" machi="70" ten="20,5200,0" yaku="1,1,0,1,7,1,53,1" doraHai="84" doraHaiUra="48" who="3" fromWho="3" sc="155,-14,485,-14,248,-27,82,85" /><INIT seed="3,0,0,4,0,54" ten="141,471,221,167" oya="3" hai0="113,16,5,49,36,19,4,30,53,84,78,37,119" hai1="93,62,83,43,21,47,23,92,51,25,66,28,105" hai2="112,0,89,10,1,120,65,133,117,110,82,115,48" hai3="118,95,7,22,68,76,13,18,6,131,106,9,97"/><W55/><G68/><T20/><D119/><U24/><E83/><V126/><F65/><W75/><G118/><T70/><D70/><U34/><E105/><V29/><F117/><W94/><G131/><T122/><D122/><U40/><E40/><V128/><F110/><W98/><G106/><T135/><D113/><U134/><E134/><V104/><F104/><W129/><G129/><T33/><D135/><U3/><E3/><V124/><F29/><W121/><G121/><T61/><D61/><U14/><E14/><V63/><F63/><W101/><G76/><T57/><D19/><U38/><E38/><V44/><F133/><W130/><G75/><T88/><D78/><U73/><E73/><V69/><F69/><W132/><G130/><T12/><D37/><U79/><E79/><V96/><F120/><W71/><G71/><T42/><D30/><N who="1" m="17679" /><E34/><V81/><F115/><W27/><G55/><T116/><D33/><U26/><E26/><V85/><F112/><W99/><G132/><T107/><D107/><U2/><E2/><V46/><F0/><W86/><G6/><T123/><D123/><U32/><E32/><V15/><F1/><W125/><G125/><T72/><D72/><U80/><E80/><V64/><F82/><W77/><G77/><T87/><D116/><U56/><AGARI ba="0,0" hai="23,25,28,43,47,51,56,62,66,92,93" m="17679" machi="56" ten="30,2000,0" yaku="8,1,52,1" doraHai="54" who="1" fromWho="1" sc="141,-5,471,20,221,-5,167,-10" /><INIT seed="4,0,0,0,3,14" ten="136,491,216,157" oya="0" hai0="127,24,79,74,128,113,33,123,21,55,42,27,40" hai1="70,7,32,120,45,43,105,71,115,19,28,135,118" hai2="111,106,78,77,95,117,114,41,96,63,85,39,104" hai3="112,82,75,37,26,122,36,29,65,102,61,103,31"/><T101/><D123/><U131/><E120/><V10/><F39/><W38/><G122/><T124/><D113/><U52/><E118/><V107/><F41/><W13/><G112/><T94/><D128/><U51/><E105/><N who="2" m="40555" /><F63/><W17/><G82/><N who="0" m="45431" /><D55/><U2/><E115/><V69/><F69/><W6/><G75/><T97/><D33/><U58/><E131/><V20/><F20/><W0/><G0/><T34/><D34/><U16/><E135/><V46/><F46/><W47/><G47/><T56/><D56/><U4/><E71/><V23/><F23/><W90/><G6/><T130/><D130/><U25/><E70/><V59/><F59/><W60/><G60/><T80/><D80/><U66/><E66/><V83/><F10/><W125/><G26/><N who="0" m="9771" /><D21/><N who="1" m="15407" /><E2/><V9/><F9/><W81/><G31/><T86/><D86/><U89/><E32/><V8/><F8/><W133/><G29/><T132/><D132/><U11/><E89/><V48/><F117/><W129/><G133/><T5/><D5/><N who="1" m="2123" /><E11/><V1/><F1/><W116/><G129/><T49/><D127/><U44/><E44/><V84/><F48/><AGARI ba="0,0" hai="16,19,43,45,48,51,52,58" m="2123,15407" machi="48" ten="30,8000,1" yaku="8,1,52,2,54,2" doraHai="14" who="1" fromWho="2" sc="136,0,491,80,216,-80,157,0" /><INIT seed="5,0,0,1,4,40" ten="136,571,136,157" oya="1" hai0="62,57,14,18,116,25,46,127,50,97,130,49,31" hai1="2,131,54,72,135,76,108,75,121,48,19,96,42" hai2="81,30,32,37,80,56,113,104,36,85,67,87,34" hai3="74,77,114,51,82,110,8,91,43,100,123,10,16"/><U27/><E121/><V106/><F67/><W120/><G110/><T29/><D116/><U1/><E42/><V98/><F56/><W132/><G100/><T86/><D127/><U109/><E96/><V58/><F58/><W4/><G114/><T126/><D126/><U103/><E103/><V0/><F30/><W95/><G132/><T21/><D130/><U5/><E135/><V41/><F41/><W73/><G73/><T124/><D49/><U15/><E27/><V68/><F0/><W38/><G10/><T105/><D86/><U129/><E5/><V133/><F133/><W128/><G51/><T13/><D97/><U115/><E115/><V6/><F6/><W92/><G92/><T55/><D105/><U44/><E76/><V99/><REACH who="2" step="1"/><F113/><REACH who="2" ten="136,571,126,157" step="2"/><W71/><G4/><T89/><D124/><U11/><E1/><V53/><F53/><W61/><G128/><N who="1" m="49226" /><E2/><V64/><F64/><W60/><G123/><T23/><D29/><U93/><E109/><V122/><F122/><W22/><G120/><T70/><D70/><AGARI ba="0,1" hai="32,34,36,37,68,70,80,81,85,87,98,99,104,106" machi="70" ten="25,3200,0" yaku="1,1,22,2,53,0" doraHai="40" doraHaiUra="12" who="2" fromWho="0" sc="136,-32,571,0,126,42,157,0" /><INIT seed="6,0,0,3,5,1" ten="104,571,168,157" oya="2" hai0="68,33,132,72,90,104,101,115,59,95,25,38,71" hai1="10,43,105,83,102,131,50,118,7,111,47,91,107" hai2="41,70,28,36,76,27,2,73,79,48,109,63,119" hai3="16,18,52,51,4,29,53,58,20,61,96,103,75"/><V89/><F119/><W55/><G75/><T112/><D38/><U110/><E111/><V15/><F2/><W80/><G80/><T121/><D121/><U13/><E110/><V100/><F36/><W46/><G4/><T42/><D42/><U31/><E118/><V128/><F128/><W74/><G74/><T35/><D72/><U67/><E131/><V117/><F117/><W40/><G29/><T64/><D59/><U60/><E102/><V122/><F89/><W87/><G87/><N who="0" m="52703" /><D132/><U17/><E31/><V5/><F100/><W30/><G30/><N who="0" m="19663" /><D35/><U39/><E39/><V66/><F122/><W57/><G20/><T32/><D32/><U62/><E62/><V126/><F73/><W23/><G23/><T98/><D68/><U3/><E83/><V81/><F27/><W84/><G84/><T49/><D49/><U65/><E65/><V77/><F81/><W34/><G34/><T69/><D69/><U124/><E124/><V54/><F126/><W21/><G21/><T78/><D78/><U82/><E91/><V129/><F41/><W93/><REACH who="3" step="1"/><G55/><REACH who="3" ten="104,571,168,147" step="2"/><T135/><D135/><U99/><E82/><V45/><F28/><W114/><G114/><T37/><D37/><AGARI ba="0,1" hai="16,18,37,40,46,51,52,53,57,58,61,93,96,103" machi="37" ten="30,8000,1" yaku="1,1,7,1,54,2,53,1" doraHai="1" doraHaiUra="92" who="3" fromWho="0" sc="104,-80,571,0,168,0,147,90" /><INIT seed="7,0,0,5,0,10" ten="24,571,168,237" oya="3" hai0="65,106,127,89,101,128,28,75,76,114,40,77,122" hai1="48,117,60,43,18,69,93,95,1,91,35,6,132" hai2="105,124,129,70,113,50,99,72,31,41,24,130,26" hai3="98,81,120,94,110,115,44,27,61,14,119,36,109"/><W5/><G120/><T54/><D122/><U45/><E35/><V131/><F72/><W133/><G119/><T22/><D127/><U53/><E1/><V126/><F113/><W56/><G115/><T118/><D114/><U37/><E6/><V135/><F70/><W86/><G27/><T104/><D118/><U20/><E117/><V49/><F99/><W23/><G133/><T79/><D128/><U97/><E132/><V80/><F105/><W3/><G3/><T59/><D75/><U16/><E20/><N who="2" m="15751" /><F80/><W12/><G5/><T0/><D0/><U33/><E33/><V83/><F83/><W21/><G44/><T108/><D108/><U32/><E32/><V78/><F78/><N who="3" m="46391" /><G36/><T29/><D104/><U7/><E7/><V2/><F2/><W85/><G85/><T87/><D106/><U52/><E53/><V67/><F26/><W9/><G9/><T102/><D54/><U62/><E62/><V82/><F135/><W121/><G121/><T88/><D22/><U125/><E125/><N who="2" m="48235" /><F41/><W103/><G109/><T116/><D40/><U64/><E93/><V19/><F82/><W46/><G23/><T25/><D116/><U96/><E97/><V123/><F67/><W71/><G21/><N who="0" m="15407" /><D29/><U73/><E73/><V63/><F123/><W58/><G71/><T90/><D87/><U4/><E4/><V42/><F42/><W39/><G98/><T74/><D74/><U57/><AGARI ba="0,0" hai="16,18,37,43,45,48,52,57,60,64,69,91,95,96" machi="57" ten="20,12000,2" yaku="0,1,7,1,24,2,54,2" doraHai="10" who="1" fromWho="1" sc="24,-30,571,120,168,-30,237,-60" owari="-6,-51.0,691,79.0,138,-26.0,177,-2.0" /></mjloggm>