<mjloggm ver="2.3"><GO type="169" lobby="0"/><UN n0="%4D%6F%6E%6F%69%64" n1="%E7%8B%82%E7%8A%AC" n2="%67%61%79%75%6E%79" n3="%E3%83%AB%E3%82%A2%E3%82%B4%E3%82%A4%E3%83%95" dan="16,16,16,17" rate="2156.45,2127.49,2120.46,2081.29" sx="F,M,M,M"/><TAIKYOKU oya="0"/><INIT seed="0,0,0,5,3,60" ten="250,250,250,250" oya="0" hai0="14,121,87,13,90,58,113,89,88,71,78,66,127" hai1="114,107,53,129,131,74,128,86,110,17,32,126,81" hai2="22,24,34,76,99,104,62,55,96,59,5,123,31" hai3="42,61,118,3,133,44,1,64,16,108,91,93,82"/><T77/><D121/><U85/><E32/><V109/><F123/><W47/><G118/><T103/><D113/><U46/><E17/><V69/><F109/><W119/><G108/><T27/><D71/><U9/><E110/><V65/><F5/><W63/><G119/><T51/><D127/><U116/><E116/><V124/><F124/><W67/><G133/><T11/><D103/><U48/><E126/><V8/><F8/><W10/><G82/><T68/><D68/><U7/><E107/><V120/><F120/><W50/><G47/><T57/><D27/><U95/><E95/><V75/><F76/><N who="0" m="29290" /><D87/><U4/><E74/><V115/><F75/><W6/><G1/><T83/><D83/><U134/><E134/><V72/><F72/><W79/><G79/><T28/><D28/><U36/><E81/><V26/><F115/><W41/><G41/><T35/><D35/><U20/><E114/><V105/><F104/><W23/><G63/><N who="0" m="38255" /><D11/><U45/><E9/><V84/><F84/><N who="1" m="32361" /><E20/><V37/><F37/><W106/><G106/><T54/><AGARI ba="0,0" hai="13,14,51,54,58,88,89,90" m="38255,29290" machi="54" ten="30,6000,0" yaku="8,1,52,1,54,1" doraHai="60" who="0" fromWho="0" sc="250,60,250,-20,250,-20,250,-20" /><INIT seed="0,1,0,2,3,114" ten="310,230,230,230" oya="0" hai0="102,129,106,92,85,81,105,78,87,47,73,69,94" hai1="63,58,134,41,75,71,121,5,39,118,46,89,34" hai2="21,119,48,70,22,66,15,62,97,57,55,103,77" hai3="128,8,26,25,40,95,24,6,37,133,65,31,23"/><T61/><D47/><U54/><E34/><V115/><F115/><W19/><G65/><T96/><D61/><U72/><E121/><V135/><F135/><W32/><G40/><T112/><D69/><U10/><E134/><V12/><F77/><W45/><G37/><T7/><D7/><U29/><E29/><V9/><F12/><N who="3" m="5143" /><G95/><N who="0" m="58655" /><D112/><U88/><E118/><V84/><F84/><N who="0" m="32330" /><D129/><U117/><E117/><V109/><F119/><W108/><G108/><T0/><D0/><U53/><E53/><V38/><F38/><W98/><G98/><T50/><D50/><U59/><E59/><V1/><F1/><W30/><G133/><T104/><AGARI ba="1,0" hai="73,78,81,92,94,104,105,106" m="32330,58655" machi="104" ten="40,12000,1" yaku="35,5" doraHai="114" who="0" fromWho="0" sc="310,123,230,-41,230,-41,230,-41" /><INIT seed="0,2,0,0,4,38" ten="433,189,189,189" oya="0" hai0="76,108,135,18,134,70,75,79,63,124,55,104,59" hai1="123,98,65,49,92,33,6,43,57,97,61,45,107" hai2="50,19,51,5,102,46,30,14,94,20,22,115,37" hai3="8,64,62,106,87,32,109,16,60,81,80,78,116"/><T15/><D124/><U17/><E123/><V91/><F115/><W35/><G116/><T11/><D108/><U31/><E6/><V126/><F126/><W2/><G109/><T129/><D129/><U127/><E127/><V74/><F74/><W118/><G118/><T113/><D113/><U125/><E107/><V48/><F102/><W93/><G106/><T112/><D112/><U105/><E105/><V77/><F77/><W89/><G2/><T122/><D122/><U73/><E73/><V0/><F37/><W23/><G8/><T34/><D104/><U42/><E33/><V82/><F82/><W85/><G93/><T96/><D34/><U13/><E31/><V53/><F0/><W24/><REACH who="3" step="1"/><G60/><REACH who="3" ten="433,189,189,179" step="2"/><T84/><D63/><U25/><E125/><V9/><F5/><W28/><G28/><T69/><D11/><U58/><E92/><V120/><F120/><W4/><G4/><T132/><D132/><U12/><E98/><N who="2" m="57695" /><F9/><W110/><G110/><T130/><D96/><U39/><E97/><V29/><F29/><W95/><G95/><T128/><D135/><U56/><E61/><V111/><F111/><W121/><G121/><T41/><D134/><U67/><E39/><V52/><F46/><W3/><G3/><T54/><D130/><U21/><REACH who="1" step="1"/><E43/><REACH who="1" ten="433,179,189,179" step="2"/><V99/><F99/><W100/><G100/><T71/><D41/><U90/><E90/><V114/><F114/><W133/><G133/><T40/><D40/><U1/><E1/><V88/><F88/><W119/><G119/><T83/><D128/><U7/><E7/><V86/><F86/><RYUUKYOKU ba="2,2" sc="433,-30,179,10,189,10,179,10" hai1="12,13,17,21,25,42,45,49,56,57,58,65,67" hai2="14,19,20,22,30,48,50,51,52,53" hai3="16,23,24,32,35,62,64,78,80,81,85,87,89" /><INIT seed="1,3,2,0,5,26" ten="403,189,199,189" oya="1" hai0="80,108,73,15,98,106,5,30,130,34,2,132,120" hai1="47,110,86,82,74,44,63,24,0,78,69,123,39" hai2="17,52,59,129,64,68,43,41,66,107,1,50,18" hai3="37,62,94,6,115,97,31,109,90,28,11,46,87"/><U20/><E123/><V21/><F1/><W8/><G109/><T16/><D108/><U105/><E110/><V25/><F107/><W77/><G115/><T48/><D120/><U71/><E0/><V102/><F129/><W42/><G11/><N who="0" m="2487" /><D48/><U103/><E105/><V111/><F111/><W93/><G62/><T32/><D130/><U54/><E103/><V19/><F102/><W118/><G118/><T3/><D3/><U27/><E27/><V60/><REACH who="2" step="1"/><F66/><REACH who="2" ten="403,189,189,189" step="2"/><W12/><REACH who="3" step="1"/><G77/><REACH who="3" ten="403,189,189,179" step="2"/><T23/><D132/><U57/><E71/><V14/><F14/><W125/><G125/><T122/><D15/><U75/><E69/><V49/><F49/><W85/><G85/><T83/><D122/><U114/><E114/><V133/><F133/><W36/><G36/><T67/><D73/><U113/><E113/><V33/><F33/><W9/><G9/><T40/><D34/><U89/><E39/><V112/><F112/><W58/><G58/><T22/><D32/><U13/><E13/><V38/><F38/><W45/><G45/><T121/><D121/><U84/><E75/><V124/><F124/><W7/><G7/><T61/><D61/><U72/><E72/><V117/><F117/><W116/><G116/><T76/><D76/><U10/><E10/><V96/><F96/><W65/><G65/><T53/><D67/><U56/><E56/><V91/><F91/><AGARI ba="3,4" hai="6,8,12,28,31,37,42,46,87,90,91,93,94,97" machi="91" ten="30,8000,1" yaku="1,1,7,1,52,2,53,1" doraHai="26" doraHaiUra="81" who="3" fromWho="2" sc="403,0,189,0,189,-89,179,129" /><INIT seed="2,0,0,0,5,123" ten="403,189,100,308" oya="2" hai0="124,48,11,93,5,68,119,103,6,72,44,134,54" hai1="3,50,41,18,74,21,89,30,100,128,20,45,36" hai2="121,64,94,91,31,127,33,8,69,114,76,62,16" hai3="38,19,43,46,109,98,73,32,14,79,82,60,23"/><V122/><F114/><W4/><G32/><T78/><D68/><U1/><E128/><V125/><F76/><W42/><G42/><T2/><D124/><N who="2" m="47690" /><F31/><W110/><G60/><T106/><D106/><U95/><E74/><V86/><F33/><W24/><G98/><T39/><D134/><U115/><E115/><V9/><F9/><W102/><G102/><T51/><D119/><U129/><E129/><V34/><F34/><W15/><G4/><T116/><D116/><U85/><E30/><V126/><N who="2" m="47698" /><V130/><DORA hai="111" /><F130/><W25/><G14/><AGARI ba="0,0" hai="8,14,16,62,64,69,86,91,94,121,122" m="47698" machi="14" ten="40,3900,0" yaku="18,1,54,1" doraHai="123,111" who="2" fromWho="3" sc="403,0,189,0,100,39,308,-39" /><INIT seed="2,1,0,5,5,7" ten="403,189,139,269" oya="2" hai0="31,128,1,99,114,53,123,130,55,20,94,65,64" hai1="132,75,69,84,102,115,97,120,110,47,42,121,96" hai2="111,28,86,131,50,6,95,87,36,16,41,104,92" hai3="113,24,127,78,135,68,116,27,70,62,76,15,119"/><V59/><F104/><W105/><G105/><T71/><D114/><U38/><E115/><V17/><F131/><N who="0" m="50218" /><D123/><N who="1" m="47179" /><E75/><V74/><F74/><W101/><G113/><T22/><D1/><U14/><E110/><V54/><F111/><W79/><G62/><N who="0" m="40343" /><D65/><U25/><E69/><N who="3" m="26730" /><G15/><T37/><D37/><U112/><E112/><V49/><F36/><W45/><G45/><T32/><D32/><U34/><E132/><V81/><F28/><W58/><G58/><T134/><D134/><U98/><E84/><V83/><F6/><W8/><G135/><T43/><D43/><U40/><E40/><V18/><F41/><W19/><G101/><N who="0" m="60663" /><D31/><N who="1" m="19823" /><E14/><V9/><F9/><W48/><G8/><T77/><D77/><U72/><E72/><V91/><REACH who="2" step="1"/><F49/><REACH who="2" ten="403,189,129,269" step="2"/><W107/><G48/><T133/><D133/><U66/><E66/><V29/><F29/><W39/><G39/><T10/><D10/><U52/><E52/><AGARI ba="1,1" hai="20,22,52,53,55" m="60663,40343,50218" machi="52" ten="30,2000,0" yaku="19,1,54,1" doraHai="7" who="0" fromWho="1" sc="403,33,189,-23,129,0,269,0" /><INIT seed="3,0,0,5,3,75" ten="436,166,129,269" oya="3" hai0="74,60,9,27,130,112,77,125,92,48,44,100,85" hai1="124,33,49,41,35,24,22,45,6,83,42,10,63" hai2="16,23,106,67,26,128,20,61,103,12,4,117,7" hai3="39,56,62,66,25,54,32,57,101,132,82,118,47"/><W37/><G118/><T109/><D109/><U73/><E124/><V102/><F117/><W70/><G101/><T91/><D125/><U1/><E63/><V107/><F128/><W38/><G32/><T3/><D130/><U51/><E42/><V55/><F55/><W64/><G132/><T50/><D112/><U99/><E99/><V111/><F111/><W28/><G28/><T18/><D100/><U127/><E51/><V90/><F90/><W58/><G25/><T84/><D74/><U80/><E80/><V116/><F116/><W0/><G0/><T29/><D60/><U119/><E127/><V133/><F133/><W121/><G82/><N who="0" m="47183" /><D3/><U36/><E49/><N who="0" m="19049" /><D44/><U72/><E72/><V96/><F103/><W11/><G11/><T134/><D134/><U123/><E123/><V126/><F107/><W105/><G105/><T93/><D29/><U8/><E8/><V108/><F108/><W110/><G110/><T71/><D71/><U76/><REACH who="1" step="1"/><E119/><REACH who="1" ten="436,156,129,269" step="2"/><V89/><F126/><W65/><G121/><T69/><D9/><U81/><E81/><V68/><REACH who="2" step="1"/><F89/><REACH who="2" ten="436,156,119,269" step="2"/><W14/><G54/><T34/><D91/><U17/><AGARI ba="0,2" hai="1,6,10,17,22,24,33,35,36,41,45,73,76,83" machi="17" ten="20,12000,2" yaku="1,1,0,1,7,1,25,2,52,1,53,1" doraHai="75" doraHaiUra="5" who="1" fromWho="1" sc="436,-30,156,140,119,-30,269,-60" /><INIT seed="4,0,0,2,5,133" ten="406,296,89,209" oya="0" hai0="35,37,117,46,8,1,77,28,42,7,9,23,34" hai1="84,101,43,26,125,124,59,103,70,104,121,33,44" hai2="122,81,21,58,13,55,40,4,5,57,114,91,29" hai3="94,27,76,71,88,72,52,14,66,128,92,90,15"/><T100/><D117/><U107/><E121/><V36/><F122/><W3/><G3/><T38/><D38/><N who="1" m="21623" /><E84/><V120/><F120/><W56/><G128/><T127/><D127/><N who="1" m="48715" /><E70/><V113/><F40/><W53/><G72/><T82/><D100/><N who="1" m="38475" /><E59/><V62/><F58/><W93/><G76/><T63/><D63/><U54/><E54/><N who="3" m="21098" /><G27/><N who="0" m="16511" /><D9/><U79/><E79/><V110/><F36/><W87/><G71/><T47/><D47/><U129/><E129/><V89/><F113/><W97/><G93/><T112/><D112/><U51/><E51/><V22/><F114/><W74/><G74/><AGARI ba="0,0" hai="1,7,8,34,35,37,42,46,74,77,82" m="16511" machi="74" ten="30,1500,0" yaku="25,1" doraHai="133" who="0" fromWho="3" sc="406,15,296,0,89,0,209,-15" /><INIT seed="4,1,0,4,1,111" ten="421,296,89,194" oya="0" hai0="5,20,26,120,66,37,15,86,97,9,18,126,94" hai1="71,104,1,32,61,76,36,8,33,77,40,92,90" hai2="108,73,60,132,131,45,4,125,59,102,54,68,7" hai3="119,124,31,128,80,6,114,72,27,58,22,121,49"/><T29/><D120/><U0/><E104/><V50/><F108/><W35/><G119/><T30/><D37/><U101/><E101/><V87/><F125/><W3/><G121/><T99/><D126/><U63/><E40/><V46/><F132/><W93/><G124/><T118/><D118/><U16/><E36/><V112/><F73/><W110/><G110/><T55/><D66/><U116/><E116/><V82/><F131/><W79/><G128/><T105/><D105/><U134/><E134/><V28/><F28/><N who="0" m="10858" /><D55/><U69/><E92/><V109/><F109/><W2/><G35/><T65/><D65/><U103/><E103/><V51/><F102/><W81/><G93/><T98/><D86/><U106/><E90/><AGARI ba="1,0" hai="5,9,15,18,20,26,90,94,97,98,99" m="10858" machi="90" ten="30,1500,0" yaku="8,1" doraHai="111" who="0" fromWho="1" sc="421,18,296,-18,89,0,194,0" /><INIT seed="4,2,0,2,3,23" ten="439,278,89,194" oya="0" hai0="70,132,65,71,8,64,58,130,17,38,111,97,109" hai1="11,119,83,57,101,33,7,76,81,96,114,25,105" hai2="21,134,60,61,123,69,46,128,102,49,47,67,51" hai3="131,129,85,126,91,53,95,124,6,127,92,72,133"/><T74/><D74/><U16/><E119/><V73/><F73/><W56/><G6/><T88/><D38/><U98/><E98/><V1/><F1/><W62/><G72/><T121/><D121/><U27/><E114/><V84/><F123/><W89/><REACH who="3" step="1"/><G133/><REACH who="3" ten="439,278,89,184" step="2"/><T107/><D132/><U50/><E7/><V106/><F134/><W86/><AGARI ba="2,1" hai="53,56,62,85,86,89,91,92,95,124,126,127,129,131" machi="86" ten="40,8000,1" yaku="1,1,2,1,0,1,9,1,18,1,53,0" doraHai="23" doraHaiUra="112" who="3" fromWho="3" sc="439,-42,278,-22,89,-22,184,96" /><INIT seed="5,0,0,2,3,89" ten="397,256,67,280" oya="1" hai0="73,116,32,69,81,40,122,16,48,83,33,95,105" hai1="108,35,104,38,55,15,2,49,96,4,118,119,58" hai2="91,57,103,13,9,134,63,84,117,61,54,106,42" hai3="66,111,3,14,113,11,10,30,67,17,1,120,62"/><U76/><E2/><V71/><F117/><W123/><G66/><T50/><D116/><U37/><E35/><V43/><F134/><W114/><G67/><T93/><D105/><U98/><E119/><V12/><F71/><W79/><G62/><T19/><D69/><U23/><E118/><V85/><F106/><W65/><G65/><T127/><D40/><U47/><E108/><V128/><F103/><W22/><G79/><T26/><D26/><U51/><E76/><V34/><F34/><W132/><G111/><T101/><D101/><U124/><E124/><V115/><F115/><N who="3" m="44043" /><G132/><T46/><D46/><U133/><E133/><V102/><F102/><W121/><G30/><T87/><D87/><U5/><E104/><V7/><F128/><W20/><G20/><T31/><D31/><U60/><E37/><V25/><F25/><W112/><N who="3" m="44051" /><W97/><DORA hai="125" /><G97/><N who="1" m="37482" /><E38/><V36/><F36/><W28/><G28/><T126/><REACH who="0" step="1"/><D73/><REACH who="0" ten="387,256,67,280" step="2"/><U78/><E78/><V45/><F85/><W107/><G107/><T94/><D94/><U82/><E82/><V56/><F45/><W70/><G70/><T99/><D99/><U129/><E129/><V88/><F91/><W8/><AGARI ba="0,1" hai="1,3,8,10,11,14,17,22,120,121,123" m="44051" machi="8" ten="50,6400,0" yaku="15,1,34,2" doraHai="89,125" who="3" fromWho="3" sc="387,-16,256,-32,67,-16,280,74" /><INIT seed="6,0,0,5,1,53" ten="371,224,51,354" oya="2" hai0="121,42,11,75,84,21,39,57,68,111,43,126,36" hai1="20,128,109,130,34,102,45,47,44,37,78,18,2" hai2="63,134,105,106,13,15,58,56,117,81,129,6,82" hai3="69,90,125,132,4,32,33,24,79,61,114,70,113"/><V26/><F117/><W50/><G79/><T87/><D75/><U98/><E109/><V29/><F134/><W95/><G132/><T108/><D11/><U62/><E78/><V30/><F129/><N who="1" m="49769" /><E62/><V10/><F63/><W91/><G125/><T14/><D14/><N who="1" m="9303" /><E34/><N who="3" m="13418" /><G24/><T41/><D21/><U74/><E74/><V118/><F118/><W22/><G22/><T88/><D84/><U122/><E2/><V123/><F123/><W66/><G4/><T9/><D9/><U8/><E8/><V16/><F10/><W12/><G12/><T7/><D7/><U23/><E23/><V99/><F99/><W1/><G1/><T107/><D107/><N who="1" m="63959" /><E122/><V127/><F6/><W94/><G50/><T76/><D76/><U51/><E37/><V110/><F16/><W116/><G116/><T17/><D121/><U119/><E119/><V85/><F127/><W83/><G70/><T124/><D68/><U5/><E5/><V115/><F110/><W133/><G133/><T120/><D120/><U48/><AGARI ba="0,0" hai="44,45,47,48,51" m="63959,9303,49769" machi="48" ten="40,1500,0" yaku="19,1" doraHai="53" who="1" fromWho="1" sc="371,-4,224,15,51,-7,354,-4" /><INIT seed="7,0,0,1,1,94" ten="367,239,44,350" oya="3" hai0="122,48,20,80,58,101,42,49,19,51,113,83,29" hai1="36,98,107,32,106,124,76,68,27,50,18,75,44" hai2="66,108,84,72,110,59,112,9,91,105,89,23,37" hai3="111,114,92,0,134,88,57,61,67,10,130,71,102"/><W118/><G118/><T26/><D122/><U104/><E36/><V69/><F112/><W85/><G114/><T5/><D113/><U25/><E68/><V14/><F37/><W97/><G111/><T38/><D38/><U73/><E32/><V45/><F105/><W8/><G134/><T82/><D5/><U13/><E124/><V133/><F72/><W135/><G135/><T81/><D101/><U115/><E115/><V87/><F69/><W63/><G130/><T54/><D82/><U74/><E76/><V120/><F45/><W3/><G3/><T129/><D129/><U55/><E25/><V21/><F133/><W31/><G31/><T119/><D119/><U99/><REACH who="1" step="1"/><E27/><REACH who="1" ten="367,229,44,350" step="2"/><V77/><F77/><W34/><G34/><T95/><D26/><U132/><E132/><V47/><F47/><W2/><G2/><T109/><D109/><U28/><E28/><V12/><F59/><N who="3" m="37375" /><G0/><T127/><D29/><U93/><E93/><V131/><F131/><W78/><G78/><T41/><D127/><U4/><E4/><V60/><F120/><W43/><G71/><T117/><D95/><U70/><E70/><V30/><F30/><W53/><G43/><T22/><D42/><U33/><E33/><V39/><F39/><W6/><G6/><T96/><D41/><U116/><E116/><V128/><F128/><W65/><G92/><T24/><D117/><U123/><E123/><V40/><F40/><W90/><G90/><T17/><D58/><U79/><E79/><V86/><F110/><W64/><G88/><T62/><D24/><U52/><E52/><RYUUKYOKU ba="0,1" sc="367,-10,229,30,44,-10,350,-10" hai1="13,18,44,50,55,73,74,75,98,99,104,106,107" owari="367,47.0,259,-14.0,34,-47.0,340,14.0" /></mjloggm>