<mjloggm ver="2.3"><GO type="169" lobby="0"/><UN n0="%41%6E%74%69%64%6F%74%65" n1="%E9%8A%80%E8%89%B2%E3%81%84%E3%81%8C%E3%81%90%E3%82%8A" n2="%E6%B9%98%E5%8C%97%E2%91%AD%E4%B8%89%E4%BA%95%E5%AF%BF" n3="%4D%6F%6E%6F%69%64" dan="16,18,17,16" rate="2193.90,2274.76,2160.11,2154.24" sx="M,M,M,F"/><TAIKYOKU oya="0"/><INIT seed="0,0,0,1,5,119" ten="250,250,250,250" oya="0" hai0="91,16,28,75,1,29,108,74,5,124,0,131,11" hai1="35,49,30,18,24,73,17,4,2,66,71,90,126" hai2="76,40,68,7,21,42,110,96,81,95,12,69,22" hai3="38,23,122,106,8,114,77,83,99,87,70,54,43"/><T115/><BYE who="1" /><D115/><UN n1="%E9%8A%80%E8%89%B2%E3%81%84%E3%81%8C%E3%81%90%E3%82%8A" /><U88/><E126/><V46/><F110/><W26/><G114/><T129/><D124/><U55/><E73/><V103/><F42/><W112/><G112/><T62/><D108/><U92/><E90/><V78/><F69/><W33/><G33/><T128/><D0/><U20/><E35/><V105/><F105/><W15/><G70/><T82/><D62/><U97/><E2/><V63/><F63/><W130/><G130/><T60/><D60/><U50/><E71/><V34/><F34/><W134/><G134/><T36/><D36/><U101/><E66/><V117/><F68/><W100/><G54/><T89/><D16/><U47/><E4/><V13/><F117/><W3/><G3/><T102/><D102/><U56/><REACH who="1" step="1"/><E101/><REACH who="1" ten="250,240,250,250" step="2"/><V132/><F7/><W25/><G100/><T85/><REACH who="0" step="1"/><D91/><REACH who="0" ten="240,240,250,250" step="2"/><U123/><E123/><V51/><F103/><W111/><G122/><T120/><D120/><U93/><E93/><V52/><F95/><W44/><G111/><T94/><D94/><U32/><E32/><V104/><F104/><W121/><G121/><T9/><D9/><U109/><E109/><V19/><F81/><W61/><G8/><T39/><D39/><U48/><E48/><V53/><F51/><W116/><G38/><T64/><D64/><U72/><E72/><AGARI ba="0,2" hai="1,5,11,28,29,72,74,75,82,85,89,128,129,131" machi="72" ten="50,12000,1" yaku="1,1,19,1,53,3" doraHai="119" doraHaiUra="125" who="0" fromWho="1" sc="240,140,240,-120,250,0,250,0" /><INIT seed="0,1,0,1,3,102" ten="380,120,250,250" oya="0" hai0="113,107,54,45,83,34,100,99,6,124,24,87,48" hai1="116,130,65,94,108,30,49,111,96,58,46,129,19" hai2="42,127,135,56,80,106,23,117,22,75,44,12,114" hai3="72,20,52,61,13,25,64,8,79,10,27,81,77"/><T55/><D113/><U28/><E116/><V59/><F114/><W71/><G77/><T16/><D124/><U133/><E133/><V123/><F123/><W66/><G66/><T93/><D6/><U38/><E38/><V33/><F33/><W2/><G52/><T120/><D120/><U125/><E125/><V51/><F127/><W63/><G63/><T74/><D74/><U121/><E121/><V29/><F106/><W18/><G2/><T118/><D118/><U88/><E19/><V47/><F135/><W3/><G3/><T78/><D34/><U110/><E58/><V15/><F75/><W53/><G53/><T122/><D122/><U98/><E96/><V103/><F103/><W97/><G97/><T70/><D70/><U128/><E65/><V14/><F117/><W115/><G115/><T85/><D55/><AGARI ba="1,0" hai="28,30,46,49,55,88,94,98,108,110,111,128,129,130" machi="55" ten="50,6400,0" yaku="14,1,19,1,54,1" doraHai="102" who="1" fromWho="0" sc="380,-67,120,67,250,0,250,0" /><INIT seed="1,0,0,5,1,75" ten="313,187,250,250" oya="1" hai0="53,13,54,61,40,111,0,26,33,2,67,49,85" hai1="117,28,41,88,47,135,93,51,79,44,57,99,34" hai2="109,130,134,64,76,84,104,112,114,14,122,121,62" hai3="113,18,58,52,81,102,36,25,5,89,68,83,100"/><U70/><E135/><V35/><F35/><W106/><G113/><N who="2" m="43625" /><F134/><W4/><G68/><T78/><D111/><U16/><E70/><N who="2" m="42263" /><F104/><W60/><G36/><T90/><D40/><U107/><E107/><V38/><F38/><W66/><G106/><T101/><D101/><N who="3" m="39017" /><G66/><T123/><D123/><U48/><E117/><V31/><F31/><W59/><G59/><T133/><D133/><U91/><E57/><V86/><F109/><W42/><G42/><T20/><D33/><U56/><E56/><V96/><F96/><W105/><G105/><T72/><D61/><U27/><E91/><V21/><F130/><W1/><G1/><T103/><D0/><U15/><E79/><V39/><F39/><W108/><G108/><T71/><D78/><U132/><E132/><V11/><F21/><N who="3" m="13495" /><G89/><T65/><D90/><U50/><REACH who="1" step="1"/><E44/><REACH who="1" ten="313,177,250,250" step="2"/><V19/><F76/><W23/><G23/><AGARI ba="0,1" hai="15,16,23,27,28,34,41,47,48,50,51,88,93,99" machi="23" ten="30,12000,1" yaku="1,1,2,1,7,1,54,2,53,0" doraHai="75" doraHaiUra="118" who="1" fromWho="3" sc="313,0,177,130,250,0,250,-120" /><INIT seed="1,1,0,4,4,131" ten="313,307,250,130" oya="1" hai0="48,57,108,36,33,47,105,94,100,28,113,24,129" hai1="90,86,44,117,63,101,26,102,7,77,132,69,115" hai2="74,43,58,80,62,97,107,124,99,126,1,110,35" hai3="65,59,128,76,83,89,112,66,52,84,8,71,111"/><U95/><E117/><V34/><F1/><W116/><G112/><T40/><D113/><U85/><E115/><V104/><F43/><W78/><G128/><T98/><D129/><U49/><E7/><V6/><F6/><W96/><G116/><T37/><D108/><U55/><E132/><V13/><F13/><W67/><G111/><T3/><D3/><U87/><E69/><V50/><F50/><W46/><G71/><T32/><D32/><N who="2" m="12330" /><F80/><W91/><G46/><T118/><D118/><U127/><E127/><N who="2" m="48683" /><F74/><W30/><G30/><T81/><D81/><U103/><E77/><V125/><N who="2" m="48691" /><V19/><DORA hai="54" /><F19/><W61/><REACH who="3" step="1"/><G8/><REACH who="3" ten="313,307,250,120" step="2"/><T0/><D47/><U15/><E26/><V27/><F27/><W20/><G20/><T82/><D24/><U93/><E15/><V53/><F110/><W75/><G75/><T56/><D28/><U4/><E4/><V72/><F72/><W18/><G18/><T38/><D33/><U73/><E73/><V64/><F64/><W29/><G29/><T130/><D130/><U60/><REACH who="1" step="1"/><E95/><AGARI ba="1,1" hai="52,59,61,65,66,67,76,78,83,84,89,91,95,96" machi="95" ten="40,8000,1" yaku="1,1,8,1,52,1,54,1,53,0" doraHai="131,54" doraHaiUra="114,21" who="3" fromWho="1" sc="313,0,307,-83,250,0,120,93" /><INIT seed="2,0,0,5,1,24" ten="313,224,250,213" oya="2" hai0="66,65,9,109,45,110,123,112,42,59,117,125,105" hai1="22,13,128,84,62,86,43,108,41,0,67,5,21" hai2="52,102,47,81,57,75,64,60,54,68,25,111,100" hai3="26,10,30,32,61,76,107,63,133,135,28,118,39"/><V6/><F6/><W7/><G118/><T51/><D105/><U124/><E108/><N who="0" m="41577" /><D9/><U48/><E128/><V33/><F111/><W3/><G107/><T99/><D99/><U27/><E124/><V46/><F33/><W17/><G39/><N who="0" m="21727" /><D123/><U16/><E0/><V56/><F25/><N who="3" m="18511" /><G76/><T104/><D104/><U106/><E48/><V74/><F68/><W38/><G38/><T119/><D125/><U94/><E106/><V132/><F64/><N who="0" m="24682" /><D112/><U90/><E84/><V120/><F120/><W31/><G61/><T131/><D131/><U96/><E86/><V85/><F60/><W89/><G63/><T78/><D78/><U11/><REACH who="1" step="1"/><E22/><REACH who="1" ten="313,214,250,213" step="2"/><V77/><F85/><W36/><G36/><T18/><D51/><U50/><E50/><V15/><F77/><W134/><G89/><T103/><D117/><U2/><E2/><V49/><F49/><W73/><G73/><T130/><D119/><U8/><E8/><V72/><F75/><W83/><G83/><T98/><D130/><U116/><E116/><V35/><F35/><W14/><G26/><T121/><D121/><U93/><E93/><V114/><F81/><W70/><G70/><AGARI ba="0,1" hai="5,11,13,16,21,27,41,43,62,67,70,90,94,96" machi="70" ten="30,3900,0" yaku="1,1,7,1,54,1,53,0" doraHai="24" doraHaiUra="126" who="1" fromWho="3" sc="313,0,214,49,250,0,213,-39" /><INIT seed="3,0,0,3,4,72" ten="313,263,250,174" oya="3" hai0="117,102,3,47,132,25,82,118,114,77,130,107,87" hai1="17,115,19,20,46,116,42,50,122,8,64,121,133" hai2="51,95,68,126,119,21,124,128,15,94,35,27,29" hai3="24,13,57,93,48,11,80,23,26,67,14,31,44"/><W100/><G80/><T63/><D3/><U70/><E115/><V76/><F68/><W54/><G26/><T111/><D25/><U43/><E133/><V5/><F119/><W74/><G74/><T106/><D47/><U12/><E116/><N who="0" m="44649" /><D63/><U69/><E43/><V99/><F128/><W96/><REACH who="3" step="1"/><G11/><REACH who="3" ten="313,263,250,164" step="2"/><T53/><D114/><U91/><E121/><V36/><F27/><W108/><G108/><T131/><D111/><U113/><E122/><V2/><F126/><W89/><G89/><T39/><D130/><U79/><E113/><V37/><F124/><W22/><G22/><T33/><D131/><U86/><E91/><V103/><F21/><W81/><G81/><T58/><D82/><U10/><E10/><V135/><F35/><W34/><G34/><T52/><D33/><U105/><E20/><V134/><F135/><W71/><G71/><T88/><D132/><U75/><E75/><V32/><F32/><W98/><G98/><T92/><D88/><U49/><E69/><V120/><F99/><W45/><G45/><T30/><D102/><U41/><E46/><V59/><F103/><W55/><G55/><T65/><D53/><U83/><E70/><V6/><F134/><W84/><G84/><T60/><D87/><U38/><E86/><V97/><F97/><W61/><AGARI ba="0,1" hai="13,14,23,24,31,44,48,54,57,61,67,93,96,100" machi="61" ten="30,12000,1" yaku="1,1,0,1,25,2,8,1,53,0" doraHai="72" doraHaiUra="110" who="3" fromWho="3" sc="313,-40,263,-40,250,-40,164,130" /><INIT seed="3,1,0,4,3,77" ten="273,223,210,294" oya="3" hai0="74,72,13,69,25,2,84,16,67,132,36,7,17" hai1="18,64,87,99,79,98,93,45,122,102,66,37,103" hai2="5,131,14,94,4,61,38,108,89,97,56,40,80" hai3="127,76,130,126,12,59,62,85,28,133,96,21,109"/><W117/><G117/><T128/><D36/><U113/><E122/><V70/><F108/><W30/><G109/><T43/><D43/><U49/><E113/><V116/><F116/><W86/><G130/><T50/><D50/><U81/><E37/><V104/><F131/><W26/><G133/><T39/><D39/><U8/><E8/><V100/><F70/><W23/><G96/><T75/><D128/><U32/><E32/><V121/><F121/><W91/><G76/><T105/><D105/><U107/><REACH who="1" step="1"/><E18/><REACH who="1" ten="273,213,210,294" step="2"/><V19/><F38/><W41/><G127/><T46/><D17/><U53/><AGARI ba="1,1" hai="45,49,53,64,66,79,81,87,93,98,99,102,103,107" machi="53" ten="20,8000,1" yaku="1,1,2,1,0,1,7,1,52,1,53,0" doraHai="77" doraHaiUra="110" who="1" fromWho="1" sc="273,-21,213,93,210,-21,294,-41" /><INIT seed="4,0,0,3,0,65" ten="252,306,189,253" oya="0" hai0="116,83,45,91,8,59,123,47,75,92,33,87,54" hai1="16,84,18,0,64,12,77,51,93,44,97,76,101" hai2="82,68,109,22,131,9,19,118,129,117,31,30,14" hai3="74,107,124,133,94,114,115,1,13,96,35,120,2"/><T60/><D116/><N who="2" m="44650" /><F82/><W104/><G74/><T23/><D123/><U89/><E0/><V29/><F68/><W63/><G120/><T112/><D33/><U38/><E64/><V27/><F109/><W79/><G79/><T57/><D112/><N who="3" m="43049" /><G124/><T21/><D75/><U135/><E135/><V56/><F56/><W69/><G133/><T24/><D8/><U81/><E38/><V4/><AGARI ba="0,0" hai="4,9,14,19,22,27,29,30,31,129,131" m="44650" machi="4" ten="40,5200,0" yaku="12,1,34,2" doraHai="65" who="2" fromWho="2" sc="252,-26,306,-13,189,52,253,-13" /><INIT seed="5,0,0,5,0,22" ten="226,293,241,240" oya="1" hai0="100,118,60,30,21,134,44,49,8,12,27,76,25" hai1="52,124,126,107,17,129,42,70,35,26,111,115,54" hai2="64,31,96,47,68,128,101,88,57,5,105,62,120" hai3="83,110,121,19,69,53,84,33,13,103,89,75,51"/><U23/><E115/><V78/><F120/><W119/><G121/><T55/><D118/><U86/><E107/><V74/><F128/><W38/><G110/><T1/><D1/><U45/><E129/><V95/><F5/><W71/><G38/><T99/><D134/><U61/><E111/><V93/><F47/><W125/><G119/><T133/><D133/><U15/><E86/><V114/><F114/><W6/><G125/><N who="1" m="48234" /><E35/><V92/><F31/><W117/><G117/><T113/><D113/><U106/><E106/><V132/><F132/><W59/><G6/><T91/><D91/><U97/><E97/><V36/><F36/><W81/><G33/><T135/><D135/><U4/><E70/><V50/><F50/><W94/><G81/><T66/><D76/><U34/><E61/><V63/><F78/><W73/><G73/><T40/><D99/><U43/><E43/><V116/><F74/><W16/><G19/><N who="0" m="8583" /><D40/><U104/><E104/><V7/><F7/><W11/><G103/><T20/><D100/><U65/><E65/><V80/><F80/><W102/><G102/><T85/><D85/><U108/><E108/><V58/><F68/><W79/><AGARI ba="0,0" hai="11,13,16,51,53,59,69,71,75,79,83,84,89,94" machi="79" ten="30,2000,0" yaku="0,1,54,1" doraHai="22" who="3" fromWho="3" sc="226,-5,293,-10,241,-5,240,20" /><INIT seed="6,0,0,5,1,64" ten="221,283,236,260" oya="2" hai0="79,81,5,10,103,89,119,75,128,11,6,83,74" hai1="15,124,121,52,110,48,58,2,46,95,71,42,8" hai2="107,19,54,34,135,123,86,37,4,91,22,28,99" hai3="97,125,41,82,35,100,77,13,131,78,9,122,88"/><V112/><F37/><W72/><G122/><T92/><D128/><U126/><E110/><V65/><F123/><W3/><G3/><T111/><D111/><U73/><E121/><V44/><F4/><W132/><G35/><T120/><D120/><U38/><E73/><V17/><F135/><W57/><G132/><T53/><D119/><U56/><E2/><V85/><F112/><W51/><G131/><T16/><D103/><U40/><E95/><V12/><F65/><W98/><G125/><N who="1" m="48234" /><E71/><V104/><F28/><W1/><G1/><T114/><D114/><U36/><E8/><V87/><F34/><W66/><G77/><T76/><D53/><N who="1" m="31783" /><E15/><N who="2" m="9535" /><F99/><W70/><G98/><T50/><D50/><N who="1" m="26951" /><E42/><V127/><F127/><W60/><G41/><T90/><D92/><U49/><AGARI ba="0,0" hai="36,38,49,52,58" m="26951,31783,48234" machi="49" ten="30,7900,0" yaku="18,1,34,2,54,1" doraHai="64" who="1" fromWho="1" sc="221,-20,283,79,236,-39,260,-20" /><INIT seed="7,0,0,4,1,20" ten="201,362,197,240" oya="3" hai0="128,100,96,109,98,78,27,36,88,112,95,55,135" hai1="84,121,89,87,76,40,116,127,17,28,6,21,70" hai2="2,11,117,22,35,71,29,108,39,42,51,44,5" hai3="64,65,99,59,106,31,81,58,92,18,73,86,97"/><W32/><G73/><T14/><D36/><U115/><E121/><V26/><F108/><W103/><G18/><T120/><D120/><U75/><E70/><V123/><F123/><W111/><G111/><T12/><D109/><U69/><E69/><V130/><F117/><W54/><G65/><T8/><D128/><U101/><E116/><V72/><F71/><W126/><G126/><T3/><D135/><U57/><E75/><V77/><F130/><W62/><G32/><T61/><D78/><U85/><E127/><V102/><F102/><W67/><G31/><T90/><D112/><U24/><E115/><V114/><F114/><W107/><G99/><T0/><D27/><U118/><E6/><V37/><REACH who="2" step="1"/><F35/><REACH who="2" ten="201,362,187,240" step="2"/><W38/><G38/><T82/><D100/><U52/><E101/><V131/><F131/><W1/><G107/><T16/><D14/><U33/><E118/><V122/><F122/><W47/><G106/><T80/><D0/><U10/><E33/><V113/><F113/><W46/><G1/><T68/><D3/><U45/><E76/><V125/><F125/><W132/><G132/><T105/><D105/><U41/><E89/><V53/><F53/><W104/><G104/><T134/><D134/><U133/><E52/><V93/><F93/><W25/><G54/><T49/><D68/><U74/><E133/><V13/><F13/><W50/><G103/><T94/><D61/><U19/><E41/><V63/><F63/><W7/><G92/><T110/><REACH who="0" step="1"/><D110/><REACH who="0" ten="191,362,187,240" step="2"/><U56/><E40/><V9/><F9/><W34/><G62/><T60/><D60/><RYUUKYOKU ba="0,2" sc="191,15,362,-15,187,15,240,-15" hai0="8,12,16,49,55,80,82,88,90,94,95,96,98" hai2="2,5,11,22,26,29,37,39,42,44,51,72,77" owari="206,-19.0,367,46.0,202,-30.0,225,3.0" /></mjloggm>