<mjloggm ver="2.3"><GO type="169" lobby="0"/><UN n0="%E5%9B%9B%E5%AE%AE%E7%B4%85%E8%BC%9D" n1="%E5%AE%9F%E5%AD%98" n2="%E3%83%92%E3%83%AB%E3%83%99%E3%83%AB%E3%83%88" n3="%E7%A5%9E%E9%A2%A8%E3%81%A6%E3%81%83%E3%81%A3%E3%81%97%E3%82%85" dan="18,17,17,16" rate="2284.54,2168.54,2217.92,2159.23" sx="F,M,M,M"/><TAIKYOKU oya="0"/><INIT seed="0,0,0,4,4,15" ten="250,250,250,250" oya="0" hai0="69,122,83,62,90,124,5,41,44,99,53,7,18" hai1="133,113,120,125,29,114,81,78,105,106,118,3,130" hai2="116,132,43,67,30,84,127,36,50,87,35,2,14" hai3="56,0,101,45,52,51,109,57,107,72,75,86,16"/><T115/><D115/><U61/><E29/><V85/><F116/><W66/><G0/><T128/><D122/><U38/><E61/><V102/><F2/><W1/><G1/><T27/><D124/><U55/><E55/><V82/><F127/><W42/><G109/><T13/><D128/><U54/><E54/><V121/><F121/><W104/><G86/><N who="0" m="50527" /><D69/><U49/><E49/><V59/><F132/><W135/><G135/><T11/><D27/><U58/><E58/><V40/><F102/><W20/><G57/><N who="0" m="35119" /><D99/><U76/><E76/><V26/><F36/><W88/><G66/><T96/><D96/><U100/><E78/><V4/><F50/><AGARI ba="0,0" hai="5,7,11,13,18,41,44,50" m="35119,50527" machi="50" ten="30,2900,0" yaku="8,1,52,1" doraHai="15" who="0" fromWho="2" sc="250,29,250,0,250,-29,250,0" /><INIT seed="0,1,0,3,3,76" ten="279,250,221,250" oya="0" hai0="117,123,134,45,12,51,36,46,99,118,16,55,75" hai1="69,42,4,6,35,112,62,67,44,113,74,126,15" hai2="107,27,111,100,32,20,28,125,18,8,41,127,68" hai3="24,9,13,66,89,3,133,50,116,82,70,60,52"/><T91/><D123/><U124/><E35/><V65/><F41/><W71/><G116/><T85/><D134/><U115/><E74/><V57/><F57/><W88/><G133/><T92/><D75/><U58/><E15/><V0/><F65/><W121/><G121/><T17/><D17/><U103/><E103/><V72/><F72/><W114/><G114/><T73/><D73/><U95/><E95/><V109/><F68/><W105/><G105/><T86/><D36/><N who="1" m="21575" /><E6/><N who="2" m="1095" /><F100/><W39/><G3/><T83/><D46/><U1/><E1/><V101/><F101/><W43/><G70/><T33/><D33/><U21/><E4/><V104/><F107/><W2/><G2/><T130/><D130/><U49/><E21/><V19/><F19/><W78/><G43/><T93/><D86/><U106/><E106/><V63/><F63/><W30/><G39/><T97/><D93/><U122/><E122/><V108/><F104/><W135/><G135/><T11/><D97/><U131/><E131/><V29/><F29/><W128/><G128/><T80/><D80/><U120/><E120/><V90/><F90/><AGARI ba="1,0" hai="11,12,16,45,51,55,83,85,90,91,92,99,117,118" machi="90" ten="30,12000,1" yaku="7,1,25,2,52,1,54,1" doraHai="76" who="0" fromWho="2" sc="279,123,250,0,221,-123,250,0" /><INIT seed="0,2,0,4,1,87" ten="402,250,98,250" oya="0" hai0="12,90,17,113,74,45,129,56,5,86,112,73,42" hai1="57,102,101,11,82,18,7,59,37,3,122,32,92" hai2="88,79,47,108,133,39,98,100,70,66,46,63,126" hai3="104,84,60,125,53,76,115,80,25,22,61,132,24"/><T121/><D121/><U0/><E122/><V48/><F108/><W118/><G115/><T49/><D129/><U119/><E119/><V71/><F79/><W9/><G118/><T91/><D5/><U31/><E37/><V110/><F110/><W68/><G68/><T20/><D90/><U116/><E3/><V135/><F100/><W44/><G104/><T83/><REACH who="0" step="1"/><D56/><REACH who="0" ten="392,250,98,250" step="2"/><U10/><E59/><N who="2" m="37247" /><F126/><W36/><G125/><T13/><D13/><U127/><E127/><V4/><F4/><W65/><G25/><T54/><D54/><U41/><E7/><V93/><F71/><W130/><G53/><T23/><D23/><U97/><E116/><V128/><F70/><W8/><G130/><T99/><D99/><U85/><E97/><V114/><F128/><W134/><G8/><T77/><D77/><U103/><E10/><V6/><F114/><AGARI ba="2,1" hai="12,17,20,42,45,49,73,74,83,86,91,112,113,114" machi="114" ten="40,3900,0" yaku="1,1,52,1,53,0" doraHai="87" doraHaiUra="69" who="0" fromWho="2" sc="392,55,250,0,98,-45,250,0" /><INIT seed="0,3,0,5,2,51" ten="447,250,53,250" oya="0" hai0="110,105,109,5,3,82,111,34,130,87,66,17,7" hai1="131,74,16,133,123,95,117,41,15,88,6,22,47" hai2="69,4,28,119,91,18,1,20,24,76,35,73,32" hai3="116,129,19,68,99,38,37,43,11,25,10,50,58"/><T70/><D105/><U101/><E123/><V64/><F91/><W113/><G116/><T2/><D34/><N who="2" m="12842" /><F76/><W13/><G113/><T79/><D130/><U77/><E117/><V30/><F73/><W52/><G129/><T80/><D17/><U40/><E133/><V57/><F57/><W94/><G68/><T89/><D66/><U121/><E121/><V9/><F64/><W135/><G135/><T65/><D65/><U14/><E101/><V0/><F69/><W134/><G134/><T49/><D70/><U102/><E102/><V12/><F119/><W100/><G25/><T75/><REACH who="0" step="1"/><D49/><REACH who="0" ten="437,250,53,250" step="2"/><U21/><E131/><V61/><F61/><W55/><G38/><T42/><D42/><U90/><E40/><V48/><F48/><W26/><G37/><T107/><D107/><U97/><E41/><V124/><F124/><W45/><G58/><T128/><D128/><U62/><E62/><V86/><F86/><W63/><G63/><T108/><N who="0" m="27648" /><DORA hai="118" /><T78/><D78/><U106/><E77/><V120/><F120/><W33/><G33/><T23/><D23/><U59/><E21/><N who="2" m="15375" /><F30/><W114/><G114/><T71/><D71/><U54/><E59/><V83/><F83/><W67/><G67/><T8/><D8/><U92/><E106/><V85/><F85/><W27/><G11/><T36/><D36/><U53/><E47/><V31/><F31/><W104/><G104/><T29/><D29/><U127/><E127/><V44/><F44/><W84/><G43/><T56/><D56/><U115/><E115/><V39/><F39/><W60/><G45/><RYUUKYOKU ba="3,1" sc="437,15,250,-15,53,15,250,-15" hai0="2,3,5,7,75,79,80,82,87,89" hai2="0,1,4,9,12,18,20" /><INIT seed="0,4,1,2,1,53" ten="452,235,68,235" oya="0" hai0="82,128,64,70,2,74,79,80,1,105,123,48,65" hai1="54,90,121,98,87,67,11,75,126,10,41,16,99" hai2="130,84,61,58,106,109,35,38,33,100,12,85,59" hai3="44,83,112,115,23,15,25,3,101,73,29,94,102"/><T45/><D123/><U107/><E121/><V20/><F38/><W127/><G3/><T27/><D128/><U19/><E75/><V119/><F130/><W22/><G127/><T69/><D105/><U133/><E133/><V131/><F131/><W52/><G73/><T125/><D125/><U68/><E126/><V21/><F12/><W43/><G43/><T89/><D27/><U7/><E41/><V55/><F109/><W6/><G112/><T66/><D89/><U111/><E67/><V104/><F55/><W95/><G83/><T96/><D96/><U63/><E68/><V72/><F72/><W57/><G44/><T86/><D2/><U93/><E111/><V28/><F61/><N who="3" m="36007" /><G115/><T47/><D1/><U26/><E107/><V39/><F39/><W113/><G113/><T4/><D4/><U42/><E42/><V5/><F5/><W32/><G32/><T17/><D47/><U132/><E7/><V88/><F28/><W31/><G31/><T62/><D70/><U108/><E132/><V14/><F14/><W24/><G24/><T50/><D45/><U92/><E26/><V97/><F119/><W77/><G77/><T71/><D71/><U51/><E108/><V78/><F78/><W81/><G81/><T9/><D82/><U134/><E134/><V34/><F104/><W135/><G135/><T118/><D118/><U8/><E19/><V40/><F40/><W129/><G129/><T76/><D74/><U36/><E16/><V122/><F122/><W60/><G60/><T120/><D120/><U91/><E36/><V13/><F106/><RYUUKYOKU ba="4,1" sc="452,0,235,0,68,0,235,0" /><INIT seed="1,5,1,4,0,44" ten="452,235,68,235" oya="1" hai0="94,46,111,4,86,96,132,102,73,6,30,114,2" hai1="121,110,70,47,1,134,124,31,71,85,29,72,64" hai2="89,45,48,56,32,53,8,24,83,20,113,22,66" hai3="97,67,130,38,57,25,18,51,59,11,78,76,135"/><U60/><E72/><V84/><F113/><W68/><G38/><T108/><D73/><U28/><E121/><V127/><F127/><W3/><G130/><T115/><D132/><U119/><E119/><V26/><F32/><W10/><G135/><T126/><D126/><U43/><E134/><V81/><F81/><W77/><G3/><T33/><D86/><U99/><E1/><V74/><F74/><W105/><G68/><T54/><D54/><U93/><E124/><V14/><F26/><W41/><G67/><T55/><D55/><U7/><E7/><N who="0" m="2601" /><D46/><U91/><E110/><N who="0" m="42025" /><D2/><U23/><E71/><V80/><F24/><AGARI ba="5,1" hai="24,30,33,94,96,102,114,115" m="42025,2601" machi="24" ten="30,1000,0" yaku="14,1" doraHai="44" who="0" fromWho="2" sc="452,35,235,0,68,-25,235,0" /><INIT seed="2,0,0,1,5,68" ten="487,235,43,235" oya="2" hai0="12,121,66,131,65,64,88,13,130,30,0,19,128" hai1="94,15,38,95,83,98,9,109,84,96,115,4,63" hai2="71,48,67,118,120,77,46,112,39,70,16,126,7" hai3="60,74,52,6,122,107,56,134,92,69,25,78,75"/><V22/><F112/><W97/><G122/><T123/><D0/><U1/><E115/><V100/><F118/><W116/><G116/><T82/><D30/><U33/><E33/><V34/><F120/><N who="0" m="46154" /><D19/><U119/><E119/><V21/><F34/><W61/><G134/><T104/><D104/><U10/><E109/><V36/><F7/><W117/><G117/><T125/><D125/><U124/><E124/><V23/><F126/><W49/><G107/><T102/><D102/><U87/><E63/><V2/><F2/><W114/><G114/><T11/><D11/><U27/><E27/><V103/><F77/><W55/><G78/><T99/><D82/><U132/><E132/><V133/><F133/><W129/><G129/><T80/><D80/><U14/><E1/><V58/><F16/><W105/><G105/><T24/><D24/><U76/><E76/><V8/><F8/><W37/><G25/><T43/><D43/><U42/><E42/><V57/><F67/><W50/><G6/><T45/><D45/><U108/><E83/><V85/><F46/><W40/><G92/><AGARI ba="0,0" hai="12,13,64,65,66,88,92,99,128,130,131" m="46154" machi="92" ten="40,2600,0" yaku="19,1,54,1" doraHai="68" who="0" fromWho="3" sc="487,26,235,0,43,0,235,-26" /><INIT seed="3,0,0,4,3,49" ten="513,235,43,209" oya="3" hai0="115,113,76,28,74,114,58,14,108,85,31,7,82" hai1="91,63,129,42,84,15,65,70,112,134,117,5,51" hai2="38,127,30,6,135,56,54,52,90,116,118,21,94" hai3="110,45,88,41,106,98,66,100,27,132,123,64,130"/><W111/><G123/><T77/><D108/><N who="3" m="41513" /><G130/><T67/><D74/><U36/><E112/><V3/><F38/><N who="3" m="21687" /><G132/><T122/><D122/><U10/><E129/><V29/><F135/><W43/><G43/><T97/><D77/><U32/><E134/><V20/><F127/><W105/><G105/><T24/><D97/><U103/><E117/><V72/><F72/><W16/><G88/><T79/><D79/><U92/><E36/><V1/><F90/><W95/><G95/><T22/><D28/><U46/><E103/><V71/><F94/><W59/><G59/><T18/><D7/><U26/><E92/><V44/><F56/><W55/><G55/><T126/><D126/><U39/><E39/><V13/><F6/><W33/><G33/><N who="0" m="20711" /><D58/><U57/><E57/><V131/><F131/><W19/><G27/><T48/><D48/><U11/><E26/><V96/><F96/><W50/><G50/><T73/><D73/><U99/><E99/><V9/><F44/><W128/><G128/><T78/><D78/><U17/><E32/><V124/><F124/><W2/><G2/><T12/><D12/><U86/><E91/><V60/><F13/><AGARI ba="0,0" hai="5,10,11,13,15,17,42,46,51,63,65,70,84,86" machi="13" ten="30,1000,0" yaku="7,1" doraHai="49" who="1" fromWho="2" sc="513,0,235,10,43,-10,209,0" /><INIT seed="4,0,0,1,1,103" ten="513,245,33,209" oya="0" hai0="58,127,17,94,59,111,110,124,132,92,29,115,73" hai1="86,61,100,8,126,66,80,85,63,108,24,30,46" hai2="133,81,129,4,13,67,16,42,95,104,22,19,5" hai3="20,105,135,89,65,69,72,122,51,6,102,47,125"/><T130/><D73/><U96/><E126/><N who="0" m="48169" /><D29/><U28/><E108/><N who="0" m="41513" /><D115/><U50/><E30/><V14/><F67/><W107/><G65/><T74/><D74/><U39/><E66/><V68/><F68/><W75/><G69/><T64/><D64/><U57/><E39/><V116/><F42/><W78/><G72/><T15/><D130/><U9/><E28/><V76/><F95/><N who="0" m="36394" /><D132/><U106/><E85/><V99/><F129/><W11/><G75/><T97/><D97/><U12/><E86/><V40/><F133/><W91/><G135/><T37/><D37/><U18/><E96/><V83/><F40/><W31/><G31/><T10/><AGARI ba="0,0" hai="10,15,17,58,59" m="36394,41513,48169" machi="10" ten="40,3900,0" yaku="18,1,10,1" doraHai="103" who="0" fromWho="0" sc="513,39,245,-13,33,-13,209,-13" /><INIT seed="4,1,0,4,5,40" ten="552,232,20,196" oya="0" hai0="26,54,71,104,33,34,57,95,122,47,28,75,92" hai1="17,4,68,42,16,133,86,110,108,124,123,50,128" hai2="2,55,3,31,37,61,78,51,117,8,18,22,32" hai3="97,93,44,10,114,88,109,25,121,98,11,118,80"/><T7/><D71/><U90/><E123/><V19/><F37/><W105/><G109/><T94/><D122/><U39/><E68/><V83/><F117/><W38/><G118/><T60/><D104/><U49/><E39/><V45/><F32/><W65/><G65/><T66/><D75/><U67/><E67/><V125/><F125/><W81/><G114/><T131/><D131/><U73/><E73/><V96/><F96/><W127/><G127/><T35/><REACH who="0" step="1"/><D7/><REACH who="0" ten="542,232,20,196" step="2"/><U52/><E4/><V29/><F61/><W129/><G105/><T99/><D99/><U58/><E128/><V79/><F3/><W30/><G129/><T77/><D77/><N who="2" m="29194" /><F2/><W85/><G121/><T74/><D74/><U64/><E124/><V14/><F83/><W5/><G5/><T107/><D107/><U69/><E69/><V76/><N who="2" m="29202" /><V82/><DORA hai="89" /><F82/><W56/><G81/><T13/><D13/><AGARI ba="1,1" hai="8,13,14,18,19,22,29,31,45,51,55" m="29202" machi="13" ten="30,2000,0" yaku="8,1,52,1" doraHai="40,89" who="2" fromWho="0" sc="542,-23,232,0,20,33,196,0" /><INIT seed="5,0,0,1,1,112" ten="519,232,53,196" oya="1" hai0="82,119,13,43,63,85,64,18,117,70,124,26,89" hai1="49,135,113,59,33,2,91,120,28,27,25,90,128" hai2="41,96,62,134,21,22,73,12,16,99,116,78,103" hai3="6,68,102,101,129,86,77,125,46,72,71,57,67"/><U20/><E120/><V114/><F114/><W80/><G129/><T19/><D124/><U38/><E113/><V50/><F134/><W1/><G125/><T106/><D106/><U115/><E115/><V4/><F4/><W55/><G67/><T48/><D26/><U69/><E38/><V84/><F73/><W127/><G127/><T53/><D43/><U108/><E69/><V123/><F123/><W133/><G133/><T66/><D66/><U37/><E37/><V31/><F116/><W93/><G102/><T36/><D36/><U10/><E108/><V61/><F78/><W83/><G46/><T17/><REACH who="0" step="1"/><D13/><REACH who="0" ten="509,232,53,196" step="2"/><U56/><E27/><V32/><F32/><W42/><G42/><T40/><D40/><U11/><E25/><N who="2" m="16823" /><F84/><W51/><G68/><T44/><AGARI ba="0,1" hai="17,18,19,44,48,53,63,64,70,82,85,89,117,119" machi="44" ten="30,7900,0" yaku="1,1,0,1,52,2,53,0" doraHai="112" doraHaiUra="95" who="0" fromWho="0" sc="509,89,232,-39,53,-20,196,-20" /><INIT seed="6,0,0,2,2,111" ten="598,193,33,176" oya="2" hai0="66,105,41,47,69,30,82,19,43,28,6,13,32" hai1="70,14,122,15,81,68,57,27,54,104,83,134,135" hai2="90,22,1,24,33,0,44,100,86,20,12,37,18" hai3="115,51,58,107,40,2,72,125,85,11,7,133,55"/><V31/><F100/><W34/><G72/><T124/><D105/><U119/><E119/><V29/><F37/><W59/><G107/><T67/><D6/><U48/><E104/><V64/><F64/><W60/><G133/><N who="1" m="50698" /><E122/><V74/><F74/><W110/><G110/><T97/><D47/><U93/><E93/><V10/><F44/><W71/><G34/><T23/><D19/><U50/><E27/><N who="2" m="18623" /><F90/><W75/><G75/><T73/><D23/><N who="2" m="8746" /><F86/><W96/><G96/><T26/><D43/><U42/><E42/><V117/><F117/><W25/><G25/><T132/><D67/><U49/><E83/><V130/><F130/><W36/><G36/><T17/><D97/><U94/><E94/><V103/><F103/><W89/><G71/><N who="1" m="27178" /><E81/><V61/><F61/><AGARI ba="0,0" hai="14,15,48,49,50,54,57,61" m="27178,50698" machi="61" ten="40,1300,0" yaku="20,1" doraHai="111" who="1" fromWho="2" sc="598,0,193,13,33,-13,176,0" /><INIT seed="7,0,0,1,0,29" ten="598,206,20,176" oya="3" hai0="51,127,132,61,41,57,126,86,59,119,36,71,83" hai1="120,131,37,35,1,116,100,91,129,97,15,123,110" hai2="38,122,104,78,95,75,4,72,89,66,54,17,56" hai3="32,33,103,45,26,87,108,23,48,6,63,7,99"/><W49/><G108/><T25/><D119/><U31/><E1/><V134/><F104/><W68/><G6/><T121/><D121/><U111/><E37/><V77/><F122/><N who="1" m="46633" /><E116/><V21/><F38/><W40/><G7/><T22/><D132/><U112/><E112/><V114/><F134/><W101/><G49/><T128/><D71/><U81/><E15/><V24/><F114/><W113/><G113/><T130/><D51/><U94/><E35/><V47/><F4/><W43/><G43/><T82/><D82/><U53/><E31/><V80/><F66/><W88/><G63/><T73/><D73/><U13/><E13/><V52/><F47/><W44/><G44/><T19/><D126/><U3/><E53/><V133/><F133/><W90/><G90/><N who="0" m="51551" /><D61/><U0/><E0/><V135/><F135/><W84/><G84/><T18/><D18/><U67/><E67/><V115/><F115/><W69/><G69/><T70/><D127/><U64/><E64/><V8/><F8/><W16/><G68/><T118/><D118/><U46/><E3/><V9/><F9/><W106/><G103/><T105/><D70/><U74/><E46/><V12/><F12/><W60/><G60/><T28/><D41/><U124/><E124/><V42/><F42/><W85/><G85/><T98/><D36/><U14/><E14/><V58/><F75/><W11/><G11/><T102/><D59/><N who="2" m="22570" /><F78/><W27/><G27/><N who="0" m="14815" /><D57/><U93/><E111/><V92/><F92/><AGARI ba="0,0" hai="16,23,26,32,33,40,45,48,87,88,92,99,101,106" machi="92" ten="30,12000,1" yaku="7,1,52,2,54,2" doraHai="29" who="3" fromWho="2" sc="598,0,206,0,20,-120,176,120" owari="598,69.0,206,-19.0,-100,-60.0,296,10.0" /></mjloggm>