<mjloggm ver="2.3"><GO type="225" lobby="0"/><UN n0="%70%69%6E%70%69%6E%36" n1="%E3%83%B4%E3%83%A0%EF%BC%99%E3%81%A6" n2="%E3%82%8F%E3%81%A3%E3%81%97%E3%82%87%E3%81%84%E5%90%9B%32%E5%8F%B7" n3="%E5%B7%A5%E8%97%A4%E6%96%B0%E4%B8%80" dan="16,17,16,16" rate="2181.95,2213.09,2180.50,2135.76" sx="M,M,M,M"/><TAIKYOKU oya="0"/><INIT seed="0,0,0,2,0,62" ten="250,250,250,250" oya="0" hai0="6,111,97,53,4,121,116,131,92,98,80,106,93" hai1="87,83,89,41,21,31,39,3,32,27,61,55,110" hai2="75,49,79,8,37,54,10,105,40,134,73,125,69" hai3="91,12,86,43,107,63,64,90,58,72,129,113,109"/><T117/><D121/><U101/><E3/><V71/><F105/><W103/><G109/><T15/><D106/><U133/><E110/><V30/><F125/><W130/><G113/><T23/><D111/><U26/><E133/><V115/><F115/><W70/><G72/><T33/><D33/><U81/><E101/><V126/><F126/><W9/><G43/><T120/><D120/><U18/><E41/><V88/><F134/><W60/><G103/><T19/><D131/><N who="3" m="50185" /><G107/><T123/><D123/><U22/><E39/><V35/><F40/><W34/><G34/><T84/><D53/><U16/><E61/><V25/><F37/><W119/><G119/><T99/><D116/><U112/><E55/><V102/><F102/><W82/><G91/><N who="0" m="51591" /><D117/><U51/><E51/><V108/><F108/><W45/><G45/><T1/><D1/><U135/><E135/><V20/><F35/><W24/><G24/><T76/><D76/><U48/><E48/><V74/><F88/><W77/><G77/><T67/><D67/><U78/><E112/><V104/><F104/><W127/><G127/><T65/><D65/><U52/><E52/><V114/><F79/><W29/><G29/><T132/><D132/><U38/><E38/><V13/><F114/><W94/><G94/><AGARI ba="0,0" hai="4,6,15,19,23,92,93,94,97,98,99" m="51591" machi="94" ten="30,1500,0" yaku="8,1" doraHai="62" who="0" fromWho="3" sc="250,15,250,0,250,0,250,-15" /><INIT seed="0,1,0,0,3,103" ten="265,250,250,235" oya="0" hai0="105,40,126,95,76,59,131,99,113,72,23,67,94" hai1="11,77,18,15,65,96,30,6,54,89,42,10,51" hai2="48,45,112,55,127,8,106,86,74,101,49,7,111" hai3="110,69,116,117,24,19,128,32,57,5,87,60,100"/><T119/><D113/><U26/><E77/><V71/><F112/><W28/><G110/><T68/><D119/><U13/><E65/><V36/><F74/><W107/><G128/><T43/><D131/><U104/><E42/><V22/><F71/><W20/><G5/><T132/><D68/><U129/><E129/><V31/><F127/><W41/><G41/><T130/><D130/><U114/><E114/><V85/><F36/><W46/><G46/><T61/><D126/><U80/><E80/><V37/><F37/><W92/><G69/><T1/><D1/><U79/><E79/><V82/><F82/><W125/><G125/><T88/><D132/><U29/><E26/><V33/><F33/><W2/><G2/><T70/><D76/><U53/><E53/><V21/><F49/><W66/><G107/><T134/><D134/><U25/><E25/><V9/><F31/><W16/><G19/><T124/><D72/><U3/><E3/><V75/><F75/><W97/><REACH who="3" step="1"/><G87/><REACH who="3" ten="265,250,250,225" step="2"/><T135/><D70/><U108/><E108/><V73/><F73/><W58/><G58/><T0/><D0/><U35/><E104/><V98/><F111/><W63/><G63/><T56/><D56/><N who="1" m="32863" /><E35/><V84/><F7/><W81/><G81/><T90/><D105/><U62/><E62/><V52/><REACH who="2" step="1"/><F55/><REACH who="2" ten="265,250,240,225" step="2"/><W78/><G78/><T14/><D124/><U44/><E44/><V39/><F39/><W115/><G115/><T102/><D135/><U83/><E83/><V91/><F91/><W64/><G64/><T12/><D90/><U38/><E38/><V50/><F50/><RYUUKYOKU ba="1,2" sc="265,-30,250,10,240,10,225,10" hai1="6,10,11,13,15,18,29,30,89,96" hai2="8,9,21,22,45,48,52,84,85,86,98,101,106" hai3="16,20,24,28,32,57,60,66,92,97,100,116,117" /><INIT seed="1,2,2,0,5,47" ten="235,260,250,235" oya="1" hai0="108,45,63,49,90,43,126,28,70,99,34,80,13" hai1="134,73,42,132,125,51,96,83,66,75,107,109,29" hai2="116,113,121,0,20,114,72,74,59,122,62,32,58" hai3="105,16,133,52,6,19,100,120,98,30,115,5,4"/><U103/><E66/><V124/><F32/><W88/><G133/><N who="1" m="51306" /><E29/><V69/><F116/><W130/><G130/><T38/><D108/><U60/><E60/><V127/><F0/><W18/><G120/><N who="2" m="46185" /><F20/><W82/><G115/><N who="2" m="44041" /><F69/><W81/><G30/><T56/><D126/><N who="2" m="48170" /><F58/><W77/><G77/><T3/><D3/><U71/><E71/><V35/><F35/><W110/><G110/><T129/><D129/><U57/><E109/><V46/><F46/><W7/><N who="3" m="1024" /><DORA hai="36" /><W95/><REACH who="3" step="1"/><G52/><AGARI ba="2,2" hai="52,59,62,72,74" m="48170,44041,46185" machi="52" ten="40,5200,0" yaku="11,1,18,1,54,1" doraHai="47,36" who="2" fromWho="3" sc="235,0,260,0,250,78,235,-58" /><INIT seed="2,0,0,1,4,114" ten="235,260,328,177" oya="2" hai0="41,99,94,18,104,117,26,60,54,120,47,20,100" hai1="40,103,81,75,112,31,83,10,93,109,49,87,97" hai2="35,2,80,36,44,15,69,78,70,5,59,129,125" hai3="33,51,76,118,53,57,89,48,21,32,12,79,95"/><V108/><F35/><W61/><G118/><T72/><D120/><U105/><E112/><V65/><F125/><W22/><G33/><T42/><D72/><U86/><E31/><V3/><F129/><W56/><G32/><T39/><D42/><U68/><E68/><V77/><F108/><W133/><G133/><T27/><D104/><U46/><E109/><V107/><F107/><W123/><G123/><T28/><D117/><U88/><E75/><V45/><F15/><W37/><G37/><T43/><D43/><U24/><E24/><V9/><F2/><W116/><G116/><T101/><D101/><U84/><REACH who="1" step="1"/><E10/><REACH who="1" ten="235,250,328,177" step="2"/><V73/><F70/><W63/><G21/><T126/><D126/><U119/><E119/><V23/><F69/><W58/><G22/><T102/><D27/><U16/><E16/><V71/><F71/><W124/><G124/><T66/><D28/><U128/><E128/><V0/><F23/><W96/><G12/><T122/><D122/><U55/><E55/><V92/><F0/><W98/><G53/><T17/><D17/><U1/><E1/><V134/><F9/><W106/><G106/><T8/><D8/><U67/><E67/><V135/><F65/><W85/><G51/><T115/><D115/><U90/><E90/><V74/><F3/><W113/><G48/><T50/><D66/><U11/><E11/><V29/><F29/><W38/><G113/><T62/><D39/><U25/><E25/><V82/><F36/><W13/><G13/><T131/><D131/><U91/><E91/><V34/><F34/><W19/><G38/><RYUUKYOKU ba="0,1" sc="235,-10,250,30,328,-10,177,-10" hai1="40,46,49,81,83,84,86,87,88,93,97,103,105" /><INIT seed="3,1,1,1,3,17" ten="225,280,318,167" oya="3" hai0="60,135,9,66,56,7,94,18,52,113,15,44,5" hai1="55,106,59,86,20,22,30,12,24,99,133,125,108" hai2="104,119,10,97,32,102,45,84,36,129,25,115,75" hai3="50,23,1,76,114,124,101,82,73,88,42,116,14"/><W8/><G114/><T70/><D135/><U38/><E38/><V103/><F75/><W0/><G124/><T37/><D113/><U49/><E125/><V80/><F103/><W48/><G116/><T62/><D94/><U71/><E71/><V127/><F127/><W4/><G101/><T16/><REACH who="0" step="1"/><D5/><REACH who="0" ten="215,280,318,167" step="2"/><U134/><E108/><V131/><F115/><W33/><G33/><T28/><D28/><U126/><E126/><V65/><F32/><W91/><G1/><T89/><D89/><U107/><E99/><V13/><F97/><W81/><G42/><AGARI ba="1,2" hai="7,9,15,16,18,37,42,44,52,56,60,62,66,70" machi="42" ten="40,5200,0" yaku="1,1,54,2,53,0" doraHai="17" doraHaiUra="98" who="0" fromWho="3" sc="215,75,280,0,318,0,167,-55" owari="290,9.0,280,-12.0,318,42.0,112,-39.0" /></mjloggm>