<mjloggm ver="2.3"><GO type="169" lobby="0"/><UN n0="%E5%B0%8F%E6%B1%A0%E7%BE%8E%E6%B3%A2%E2%8A%BF" n1="%E3%81%B2%E3%81%A3%E3%81%93%E3%82%8D%32%36" n2="%E8%BD%9F%E9%8B%BC%E9%89%84" n3="%E3%81%AF%E3%81%98%E3%82%81%E3%81%A3%E3%81%A1" dan="16,16,16,17" rate="2092.55,2070.15,2215.13,2204.41" sx="F,M,M,F"/><TAIKYOKU oya="0"/><INIT seed="0,0,0,3,4,43" ten="250,250,250,250" oya="0" hai0="50,58,114,94,28,118,41,104,127,88,102,77,24" hai1="83,42,51,45,129,84,56,81,120,128,53,7,100" hai2="105,40,71,134,123,10,14,121,87,48,106,61,39" hai3="23,117,57,15,63,116,93,20,107,135,1,34,70"/><T27/><D114/><U111/><E111/><V38/><F134/><W44/><G107/><T37/><D118/><U9/><E120/><V12/><F87/><W119/><G135/><T109/><D127/><U90/><E100/><V78/><F78/><W95/><G34/><T112/><D112/><U124/><E124/><V74/><F74/><W98/><G1/><T55/><D77/><U64/><E64/><V132/><F48/><W18/><G70/><T67/><D109/><U13/><REACH who="1" step="1"/><E83/><REACH who="1" ten="250,240,250,250" step="2"/><V60/><F132/><W54/><G117/><T36/><D67/><U47/><E47/><V33/><F123/><W126/><G126/><T46/><D102/><U82/><E82/><V19/><F121/><W29/><G44/><T86/><D104/><U96/><E96/><V17/><F106/><W125/><G125/><T0/><D0/><U73/><E73/><V92/><F92/><W3/><G95/><T99/><D99/><U21/><E21/><V130/><F33/><W11/><G23/><T22/><REACH who="0" step="1"/><D27/><REACH who="0" ten="240,240,250,250" step="2"/><U52/><E52/><V85/><F105/><W30/><G3/><T122/><D122/><U113/><E113/><V75/><F75/><W110/><G110/><T66/><D66/><U8/><E8/><V97/><F10/><W115/><G115/><T108/><D108/><U31/><E31/><V5/><F97/><W131/><G29/><T76/><D76/><U35/><E35/><V68/><F85/><W101/><G30/><T62/><AGARI ba="0,2" hai="22,24,28,36,37,41,46,50,55,58,62,86,88,94" machi="62" ten="20,12000,1" yaku="1,1,0,1,7,1,52,1,54,1,53,0" doraHai="43" doraHaiUra="6" who="0" fromWho="0" sc="240,140,240,-40,250,-40,250,-40" /><INIT seed="0,1,0,2,4,134" ten="380,200,210,210" oya="0" hai0="122,102,23,29,63,7,104,8,95,43,74,62,85" hai1="68,55,92,124,33,93,135,109,90,52,27,65,45" hai2="123,59,72,100,101,75,10,129,71,69,24,14,83" hai3="98,128,6,96,126,30,50,21,118,12,41,97,84"/><T99/><D122/><U38/><E135/><V58/><F129/><W131/><G118/><T88/><D74/><U56/><E109/><V3/><F24/><W0/><G0/><T111/><D111/><U108/><E108/><V51/><F3/><W18/><G84/><T4/><D43/><U89/><E68/><V2/><F2/><W77/><G77/><T106/><D106/><U82/><E33/><V70/><F83/><W48/><G41/><T9/><D29/><U39/><E27/><V94/><F94/><W54/><G30/><T112/><D23/><U25/><E25/><V60/><F51/><W5/><G50/><T57/><D112/><U105/><E56/><V64/><F59/><W117/><G117/><T91/><D91/><U113/><E65/><V16/><REACH who="2" step="1"/><F123/><REACH who="2" ten="380,200,200,210" step="2"/><W53/><G131/><T17/><D57/><U44/><E82/><V32/><F32/><W127/><G128/><T66/><D95/><U13/><E105/><V67/><F67/><W121/><G121/><T37/><D66/><U133/><E133/><V49/><F49/><W103/><G103/><AGARI ba="1,1" hai="10,14,16,58,60,64,69,70,71,72,75,100,101,103" machi="103" ten="40,2600,0" yaku="1,1,54,1,53,0" doraHai="134" doraHaiUra="31" who="2" fromWho="3" sc="380,0,200,0,200,39,210,-29" /><INIT seed="1,0,0,2,4,88" ten="380,200,239,181" oya="1" hai0="127,30,27,78,92,25,82,13,71,66,0,85,89" hai1="17,39,51,33,113,41,130,109,70,102,129,91,56" hai2="93,81,45,83,86,49,124,101,20,21,79,35,65" hai3="134,105,80,75,64,57,122,120,126,1,19,3,107"/><U98/><E70/><V99/><F35/><W29/><G29/><T4/><D0/><N who="3" m="73" /><G19/><T38/><D38/><U58/><E33/><V97/><F124/><W108/><G57/><T11/><D127/><U68/><E68/><V8/><F65/><W44/><G44/><T135/><D135/><U52/><E113/><V15/><F97/><W36/><G64/><T2/><D2/><U67/><E91/><V59/><F83/><W60/><G60/><T7/><D7/><U12/><E39/><V14/><F59/><W46/><G126/><T103/><D103/><U34/><E41/><V76/><F79/><N who="3" m="44159" /><G108/><T42/><D42/><U54/><E34/><V116/><F116/><W117/><G117/><T118/><D118/><U73/><E109/><V69/><F69/><W31/><G31/><T37/><D30/><U62/><E73/><V28/><F14/><W94/><G94/><T5/><D5/><U111/><E67/><V10/><F8/><W63/><G63/><T74/><D37/><U112/><E112/><V90/><F28/><W110/><G110/><T133/><D133/><U22/><REACH who="1" step="1"/><E111/><REACH who="1" ten="380,190,239,181" step="2"/><V24/><F90/><W95/><G134/><T23/><D66/><U32/><E32/><V100/><F100/><W9/><G36/><T84/><D71/><U6/><E6/><N who="2" m="3543" /><F24/><N who="0" m="9290" /><D74/><U123/><E123/><V104/><F104/><AGARI ba="0,1" hai="12,17,22,51,52,54,56,58,62,98,102,104,129,130" machi="104" ten="40,12000,1" yaku="1,1,54,1,53,2" doraHai="88" doraHaiUra="55" who="1" fromWho="2" sc="380,0,190,130,239,-120,181,0" /><INIT seed="1,1,0,2,1,112" ten="380,320,119,181" oya="1" hai0="60,123,94,129,23,3,101,98,45,53,47,75,95" hai1="110,48,125,106,46,96,88,82,5,97,104,79,37" hai2="111,26,36,22,31,57,29,128,44,76,33,89,80" hai3="68,28,9,34,42,70,132,127,73,86,115,116,10"/><U78/><E125/><V124/><F124/><W121/><G127/><T50/><D3/><U59/><E37/><V35/><F111/><W126/><G126/><T38/><D75/><U67/><E110/><V0/><F0/><W65/><G73/><T15/><D129/><U17/><E5/><V12/><F128/><W63/><G121/><T91/><D38/><U58/><E106/><V2/><F2/><W56/><G115/><T87/><D60/><N who="1" m="38295" /><E59/><V13/><F89/><W52/><G132/><T99/><D123/><U69/><E17/><V74/><F57/><W84/><G42/><T61/><D61/><U85/><E104/><V120/><F120/><W135/><G135/><T81/><D47/><U107/><E107/><V16/><F12/><W114/><G114/><T131/><D131/><U49/><E49/><V6/><F6/><W41/><G41/><T117/><D117/><U100/><E100/><V21/><REACH who="2" step="1"/><F31/><REACH who="2" ten="380,320,109,181" step="2"/><W118/><G70/><T51/><D15/><U133/><E69/><V19/><F19/><W103/><G103/><T134/><D101/><U24/><E133/><V7/><F7/><W54/><G68/><T77/><D134/><U25/><E79/><V66/><F66/><W122/><G122/><T43/><D77/><U55/><E78/><V119/><F119/><N who="3" m="45611" /><G65/><T72/><D91/><U8/><E8/><N who="3" m="3178" /><G54/><T27/><D53/><U64/><E64/><V39/><F39/><W14/><G14/><T109/><D109/><U113/><E113/><V18/><F18/><W92/><G28/><T1/><D1/><U11/><E11/><V83/><F83/><RYUUKYOKU ba="1,1" sc="380,-15,320,15,109,15,181,-15" hai1="24,25,46,48,55,82,85,88,96,97" hai2="13,16,21,22,26,29,33,35,36,44,74,76,80" /><INIT seed="1,2,1,1,2,44" ten="365,335,124,166" oya="1" hai0="58,8,20,29,95,22,113,59,23,17,4,135,119" hai1="90,14,63,91,34,12,30,125,127,84,53,42,26" hai2="11,105,43,61,87,120,74,27,96,109,70,50,41" hai3="94,118,76,13,112,114,24,80,7,73,38,6,106"/><U130/><E130/><V97/><F74/><W92/><G38/><T28/><D113/><U21/><E42/><V132/><F120/><W116/><G106/><T107/><D107/><U33/><E91/><V46/><F132/><W15/><G24/><T131/><D119/><N who="3" m="45609" /><G15/><N who="1" m="5674" /><E63/><V35/><F109/><W129/><G129/><T51/><D131/><U54/><E90/><V32/><F11/><N who="3" m="4343" /><G7/><T1/><D135/><U5/><E84/><V134/><F134/><W103/><G94/><T69/><D69/><U62/><E62/><V39/><F105/><W121/><G121/><T133/><D17/><U18/><E5/><V93/><F27/><W110/><G110/><T25/><D25/><N who="1" m="14519" /><E53/><V64/><F41/><W31/><G31/><T68/><D68/><U60/><E54/><V55/><F32/><N who="1" m="12393" /><E60/><V36/><F36/><W47/><G47/><T82/><D133/><U9/><E9/><V65/><F65/><W72/><G72/><T52/><D59/><U79/><E79/><V100/><F39/><W49/><G49/><T98/><REACH who="0" step="1"/><D82/><REACH who="0" ten="355,335,124,166" step="2"/><U48/><E30/><V37/><F70/><W45/><G80/><T89/><AGARI ba="2,2" hai="1,4,8,20,22,23,28,29,51,52,58,89,95,98" machi="89" ten="30,8000,1" yaku="1,1,2,1,0,1,52,1,54,1,53,0" doraHai="44" doraHaiUra="102" who="0" fromWho="0" sc="355,106,335,-42,124,-22,166,-22" /><INIT seed="2,0,0,4,0,41" ten="461,293,102,144" oya="2" hai0="58,95,131,19,49,6,73,121,14,75,135,110,40" hai1="67,124,1,104,43,88,108,81,132,26,17,8,98" hai2="42,69,82,90,24,84,10,36,111,78,115,50,23" hai3="54,70,4,106,34,134,127,105,100,119,27,45,97"/><V9/><F69/><W0/><G119/><T68/><D68/><U99/><E108/><V3/><F115/><W32/><G134/><T128/><D121/><U117/><E117/><V85/><F111/><W12/><G127/><T86/><D6/><U66/><E132/><V65/><F36/><W112/><G112/><T126/><D126/><U72/><E1/><V53/><F42/><W29/><G12/><T123/><D123/><U130/><E104/><V59/><F65/><W71/><G34/><T51/><D51/><U61/><E61/><V79/><F3/><W60/><G105/><T5/><D5/><U91/><E72/><V64/><F64/><W18/><G18/><T13/><D13/><U125/><E43/><V62/><F62/><W101/><G101/><T120/><D120/><U2/><E17/><V87/><F87/><W92/><G92/><T107/><D107/><U11/><E2/><V129/><F129/><N who="0" m="49738" /><D110/><U80/><E130/><V48/><F48/><W118/><G118/><T114/><D114/><U21/><E26/><V22/><F22/><AGARI ba="0,0" hai="8,11,21,22,66,67,80,81,88,91,98,99,124,125" machi="22" ten="25,3200,0" yaku="22,2,54,1" doraHai="41" who="1" fromWho="2" sc="461,0,293,32,102,-32,144,0" /><INIT seed="3,0,0,4,4,44" ten="461,325,70,144" oya="3" hai0="41,70,121,32,21,60,105,112,64,34,46,3,75" hai1="134,92,31,26,114,63,127,66,4,9,17,22,15" hai2="124,11,40,94,90,120,13,87,100,95,39,49,131" hai3="109,25,57,116,65,133,119,30,35,20,125,129,108"/><W47/><G129/><T5/><D121/><U7/><E134/><V36/><F120/><W61/><G133/><T123/><D123/><U71/><E127/><V0/><F0/><W113/><G125/><T126/><D126/><U82/><E114/><V118/><F118/><W24/><G113/><T98/><D21/><U56/><E71/><V54/><F131/><W62/><G62/><T12/><D12/><U51/><E82/><V16/><F40/><W18/><REACH who="3" step="1"/><G47/><REACH who="3" ten="461,325,70,134" step="2"/><T8/><D112/><U52/><E92/><V23/><F124/><W97/><G97/><T14/><D98/><U19/><E4/><V28/><F100/><W85/><G85/><T102/><D46/><U101/><E101/><V117/><F117/><AGARI ba="0,1" hai="18,20,24,25,30,35,57,61,65,108,109,116,117,119" machi="117" ten="40,2000,0" yaku="1,1,53,0" doraHai="44" doraHaiUra="38" who="3" fromWho="2" sc="461,0,325,0,70,-20,134,30" /><INIT seed="3,1,0,4,5,70" ten="461,325,50,164" oya="3" hai0="46,92,94,31,119,95,89,50,126,133,57,43,116" hai1="58,100,117,99,128,16,21,12,27,110,35,52,64" hai2="124,0,73,10,112,115,87,120,26,66,93,11,102" hai3="97,36,79,75,78,91,67,122,84,88,113,108,25"/><W105/><G113/><T63/><D133/><U80/><E128/><V74/><F66/><W55/><G122/><T40/><D126/><U8/><E117/><V125/><F26/><W23/><G67/><T28/><D116/><U132/><E132/><V82/><F0/><W127/><G127/><N who="2" m="48713" /><F10/><W17/><G108/><T42/><D119/><U118/><E110/><V76/><F11/><W101/><G91/><T129/><D129/><U77/><E64/><V51/><F51/><W6/><G6/><T134/><D134/><U29/><E118/><V32/><F32/><W114/><G114/><N who="2" m="43561" /><F120/><W49/><G36/><T1/><D89/><U104/><E35/><V4/><F4/><W60/><G60/><T85/><D85/><U19/><E19/><V98/><AGARI ba="1,0" hai="73,74,76,82,87,93,98,102" m="43561,48713" machi="98" ten="40,5200,0" yaku="18,1,34,2" doraHai="70" who="2" fromWho="2" sc="461,-14,325,-14,50,55,164,-27" /><INIT seed="4,0,0,4,4,115" ten="447,311,105,137" oya="0" hai0="34,24,26,77,107,108,53,88,123,86,45,46,95" hai1="38,65,119,19,116,130,98,97,9,60,110,22,102" hai2="85,84,109,20,111,68,106,40,132,134,129,28,36" hai3="59,133,125,114,128,90,15,4,39,30,112,81,31"/><T118/><D123/><U17/><E110/><V33/><F106/><W126/><G39/><T131/><D108/><U124/><E38/><V100/><F100/><W1/><G1/><T8/><D107/><U67/><E130/><V70/><F20/><W62/><G128/><T113/><D113/><N who="3" m="43625" /><G133/><T16/><D131/><U96/><E102/><V73/><F129/><W49/><G49/><N who="0" m="28847" /><D34/><U74/><E74/><V99/><F73/><W66/><G4/><T47/><D118/><N who="1" m="45099" /><E9/><V80/><F36/><W32/><G15/><N who="0" m="7271" /><D77/><U57/><E22/><V44/><F33/><W93/><G32/><T27/><AGARI ba="0,0" hai="24,26,27,46,47,86,88,95" m="7271,28847" machi="27" ten="30,6000,0" yaku="8,1,54,2" doraHai="115" who="0" fromWho="0" sc="447,60,311,-20,105,-20,137,-20" /><INIT seed="4,1,0,4,2,36" ten="507,291,85,117" oya="0" hai0="24,96,67,130,17,34,128,20,6,76,61,53,105" hai1="5,73,125,68,4,14,27,118,54,94,12,112,126" hai2="103,13,71,114,65,86,8,123,75,52,135,84,133" hai3="22,102,80,55,124,99,131,37,41,0,15,98,101"/><T57/><D76/><U113/><E73/><V58/><F75/><W32/><G32/><T23/><D6/><N who="1" m="2667" /><E68/><V1/><F1/><W51/><G0/><T2/><D2/><U89/><E118/><V95/><F123/><W109/><G109/><T38/><D38/><U42/><E42/><V108/><F108/><W25/><G124/><N who="1" m="47722" /><E54/><V97/><F114/><N who="1" m="44137" /><E94/><V48/><F65/><W56/><G41/><T74/><D67/><U115/><E115/><V92/><F95/><W9/><G55/><T26/><D74/><U66/><E66/><V77/><F71/><W21/><G98/><T30/><D96/><U100/><E100/><V127/><F127/><W10/><G99/><T3/><D53/><U104/><E89/><V82/><REACH who="2" step="1"/><F86/><REACH who="2" ten="507,291,75,117" step="2"/><W78/><G101/><T59/><D3/><U62/><E104/><V31/><F31/><W35/><G102/><T47/><D30/><U28/><E62/><V49/><F49/><W64/><G51/><T117/><D61/><U110/><E110/><V91/><F91/><W33/><G64/><T50/><D50/><U63/><E63/><V7/><AGARI ba="1,1" hai="7,8,13,48,52,58,77,82,84,92,97,103,133,135" machi="7" ten="30,4000,0" yaku="1,1,0,1,54,1,53,0" doraHai="36" doraHaiUra="16" who="2" fromWho="2" sc="507,-21,291,-11,75,53,117,-11" /><INIT seed="5,0,0,4,1,47" ten="486,280,128,106" oya="1" hai0="115,128,3,16,125,113,129,46,135,2,23,6,130" hai1="65,134,61,110,27,79,132,14,55,93,96,38,62" hai2="102,97,36,108,17,111,56,49,95,4,88,42,85" hai3="122,68,80,45,87,7,74,50,101,59,29,81,63"/><U40/><E110/><V98/><F4/><W82/><G122/><T1/><D135/><U109/><E109/><V21/><F36/><W86/><G68/><T70/><D70/><U99/><E79/><V11/><F11/><W20/><G74/><T126/><D46/><U12/><E27/><V9/><F9/><W32/><G32/><T41/><D41/><U13/><E55/><V10/><F10/><W78/><G101/><T22/><D6/><U24/><E24/><V90/><F98/><N who="1" m="37417" /><E65/><V133/><F90/><W66/><G7/><T58/><D58/><U117/><E93/><V5/><F5/><W48/><G45/><T0/><D0/><U106/><E106/><V60/><F133/><N who="1" m="51305" /><E117/><V94/><F42/><W52/><G66/><T83/><D83/><N who="3" m="31817" /><G87/><T19/><D19/><U121/><E121/><V37/><F37/><W104/><G104/><T114/><D16/><U18/><E18/><V116/><F116/><W25/><AGARI ba="0,0" hai="20,25,29,48,50,52,59,63,78,82,86" m="31817" machi="25" ten="30,7900,0" yaku="8,1,52,2,54,1" doraHai="47" who="3" fromWho="3" sc="486,-20,280,-39,128,-20,106,79" /><INIT seed="6,0,0,4,3,40" ten="466,241,108,185" oya="2" hai0="26,24,22,125,58,114,54,14,17,67,21,126,133" hai1="117,106,27,41,42,13,52,46,6,30,20,103,84" hai2="48,23,43,49,121,34,88,69,4,93,50,11,122" hai3="127,61,9,68,86,15,70,19,16,57,63,71,85"/><V107/><F34/><W60/><G127/><N who="0" m="48651" /><D133/><U35/><E117/><V100/><F69/><W36/><G36/><T94/><D114/><U135/><E135/><V80/><F107/><W66/><G66/><T76/><D76/><U5/><E106/><V132/><F132/><W109/><G109/><T89/><D67/><U72/><E72/><V116/><F116/><W124/><G124/><T98/><D22/><U77/><E103/><V101/><F80/><W99/><G57/><T55/><D55/><U31/><E77/><V96/><F43/><W131/><G131/><T39/><D39/><U3/><E3/><V59/><F59/><W102/><REACH who="3" step="1"/><G19/><REACH who="3" ten="466,241,108,175" step="2"/><T38/><D38/><U29/><E35/><V78/><F78/><W28/><G28/><T112/><D112/><U82/><E31/><V113/><F113/><W95/><AGARI ba="0,1" hai="9,15,16,60,61,63,68,70,71,85,86,95,99,102" machi="95" ten="40,5200,0" yaku="1,1,0,1,54,1,53,0" doraHai="40" doraHaiUra="51" who="3" fromWho="3" sc="466,-13,241,-13,108,-26,175,62" /><INIT seed="7,0,0,4,1,81" ten="453,228,82,237" oya="3" hai0="35,38,47,44,132,112,69,52,26,63,72,89,105" hai1="92,115,24,119,110,20,25,101,59,53,67,48,49" hai2="37,66,97,106,96,116,29,40,83,126,109,73,42" hai3="28,102,6,22,36,135,31,4,68,76,79,70,5"/><W33/><G36/><T0/><D105/><U134/><E115/><V30/><F83/><W131/><G102/><T50/><D72/><U98/><E134/><V111/><F66/><W9/><G9/><T45/><D0/><U74/><E74/><V58/><F73/><W14/><G14/><T108/><D35/><U88/><E119/><V122/><F58/><W125/><G22/><T43/><D89/><U82/><E110/><V103/><F103/><W18/><G18/><T39/><D26/><N who="1" m="10347" /><E67/><V17/><F17/><W41/><G41/><N who="0" m="22591" /><D108/><U61/><E20/><V91/><F37/><W84/><G135/><T7/><D7/><U54/><E54/><V1/><F91/><W120/><G120/><T127/><D127/><U99/><E99/><V62/><F62/><W128/><G125/><T80/><D80/><U93/><E93/><V85/><F126/><W133/><G133/><T87/><D87/><AGARI ba="0,0" hai="48,49,53,59,61,82,87,88,92,98,101" m="10347" machi="87" ten="30,3900,0" yaku="8,1,52,1,54,1" doraHai="81" who="1" fromWho="0" sc="453,-39,228,39,82,0,237,0" owari="414,51.0,267,7.0,82,-42.0,237,-16.0" /></mjloggm>