<mjloggm ver="2.3"><GO type="169" lobby="0"/><UN n0="%73%75%7A%75%6D%65%33" n1="%74%6F%6B%6F%31%30%30%35" n2="%E3%81%8A%E3%81%8D%E3%81%9F%E3%81%8B%E3%81%B2%E3%82%8D" n3="%54%4F%52" dan="17,16,16,16" rate="2203.60,2054.70,2048.16,2152.13" sx="M,M,F,M"/><TAIKYOKU oya="0"/><INIT seed="0,0,0,4,1,40" ten="250,250,250,250" oya="0" hai0="108,24,94,67,124,110,39,46,99,0,96,105,81" hai1="63,64,95,10,84,17,48,3,65,87,125,60,118" hai2="112,42,50,131,100,5,121,101,98,31,35,43,93" hai3="19,34,88,2,133,68,47,44,71,102,109,77,26"/><T78/><D0/><U130/><E118/><V6/><F121/><W54/><G2/><T128/><D67/><U22/><E130/><V41/><F112/><W45/><G102/><N who="0" m="62663" /><D24/><U1/><E125/><V129/><F101/><W11/><G77/><T9/><D9/><U28/><E28/><V74/><F74/><W33/><G109/><N who="0" m="42091" /><D128/><N who="2" m="49226" /><F35/><W92/><G133/><T29/><D29/><U83/><E1/><V23/><F31/><W69/><G54/><T134/><D134/><U79/><E3/><V80/><F23/><W51/><G51/><T75/><D124/><U13/><E48/><V117/><F80/><W115/><G115/><T37/><D46/><U82/><E95/><V14/><F117/><W56/><G56/><T72/><D75/><U16/><E64/><V52/><F14/><W120/><G120/><T62/><D62/><U38/><E38/><V126/><F126/><W122/><G122/><T119/><D119/><U27/><REACH who="1" step="1"/><E65/><REACH who="1" ten="250,240,250,250" step="2"/><V111/><F111/><W97/><REACH who="3" step="1"/><G11/><REACH who="3" ten="250,240,250,240" step="2"/><T61/><D61/><U86/><E86/><V107/><F107/><W32/><G32/><T4/><D37/><U18/><E18/><V135/><F135/><W90/><G90/><AGARI ba="0,2" hai="10,13,16,17,22,27,60,63,79,82,83,84,87,90" machi="90" ten="30,8000,1" yaku="1,1,7,1,8,1,54,1,53,1" doraHai="40" doraHaiUra="8" who="1" fromWho="3" sc="250,0,240,100,250,0,240,-80" /><INIT seed="1,0,0,5,2,7" ten="250,340,250,160" oya="1" hai0="127,41,34,110,100,31,126,113,15,2,85,107,0" hai1="134,17,75,51,79,90,52,14,95,69,38,48,105" hai2="25,45,122,80,86,60,12,42,8,118,103,76,82" hai3="59,30,119,120,109,20,70,65,62,94,133,96,81"/><U123/><E123/><V92/><F118/><W55/><G120/><T18/><D107/><U46/><E105/><V74/><F122/><W50/><G109/><T64/><D100/><U22/><E69/><V66/><F25/><W106/><G106/><T117/><D64/><U49/><E134/><V13/><F103/><W61/><G133/><T73/><D73/><U54/><E38/><V83/><F13/><W116/><G81/><T102/><D102/><U87/><E75/><V36/><F92/><W37/><G37/><T104/><D104/><U3/><E3/><V88/><F80/><W91/><REACH who="3" step="1"/><G62/><REACH who="3" ten="250,340,250,150" step="2"/><T98/><D110/><U78/><REACH who="1" step="1"/><E49/><REACH who="1" ten="250,330,250,150" step="2"/><V16/><REACH who="2" step="1"/><F60/><REACH who="2" ten="250,330,240,150" step="2"/><W128/><G128/><T99/><D117/><U68/><E68/><V26/><F26/><AGARI ba="0,3" hai="20,26,30,50,55,59,61,65,70,91,94,96,116,119" machi="26" ten="40,1300,0" yaku="1,1,53,0" doraHai="7" doraHaiUra="9" who="3" fromWho="2" sc="250,0,330,0,240,-13,150,43" /><INIT seed="2,0,0,0,0,133" ten="250,330,227,193" oya="2" hai0="92,11,2,10,115,14,120,24,25,68,12,30,87" hai1="63,91,79,127,108,33,16,123,27,60,125,134,13" hai2="57,85,109,110,130,72,18,29,20,48,117,5,128" hai3="119,126,124,19,3,45,49,65,77,22,7,121,103"/><V132/><F117/><W88/><G119/><T89/><D68/><U131/><E134/><V0/><F132/><W93/><G121/><T135/><D120/><U21/><E123/><V39/><F39/><W43/><G77/><T122/><D122/><U112/><E112/><V42/><F72/><W107/><G65/><T37/><D37/><U66/><E108/><N who="2" m="41579" /><F29/><W104/><G7/><T97/><D115/><U67/><E131/><N who="2" m="50219" /><F0/><W84/><G3/><T80/><D2/><U53/><E79/><V44/><F5/><W94/><G94/><T70/><D70/><U15/><E91/><V62/><F85/><W4/><G4/><N who="0" m="3143" /><D30/><N who="1" m="19679" /><E13/><N who="2" m="9295" /><F57/><W78/><G78/><N who="0" m="46487" /><D135/><U54/><E67/><V52/><F62/><N who="1" m="23593" /><E66/><V31/><F31/><W32/><G32/><T99/><D99/><U74/><E74/><V83/><F83/><W51/><G51/><T105/><D105/><U47/><E47/><V23/><F23/><W61/><G61/><T81/><D81/><U73/><E73/><V100/><F100/><W75/><G75/><T6/><AGARI ba="0,0" hai="6,11,14,24,25,89,92,97" m="46487,3143" machi="6" ten="30,1100,0" yaku="8,1" doraHai="133" who="0" fromWho="0" sc="250,11,330,-3,227,-5,193,-3" /><INIT seed="3,0,0,4,2,66" ten="261,327,222,190" oya="3" hai0="88,46,53,119,68,15,40,43,132,22,32,9,49" hai1="101,122,134,1,103,99,39,93,0,44,125,110,104" hai2="97,79,127,109,102,113,6,117,26,73,82,24,20" hai3="34,62,54,47,38,105,64,63,98,83,2,128,107"/><W37/><G34/><T106/><D32/><U124/><E122/><V78/><F113/><W133/><G2/><T7/><D106/><U13/><E13/><V35/><F117/><W131/><G83/><T121/><D119/><U19/><E19/><V94/><F109/><W111/><G98/><T30/><D121/><U50/><E39/><V69/><F127/><N who="1" m="48713" /><E134/><V12/><F35/><W89/><G89/><T31/><D68/><U96/><E110/><V118/><F118/><W61/><G111/><T126/><D132/><U4/><E4/><V27/><F79/><W108/><G108/><T11/><D126/><U45/><E45/><V115/><F115/><W129/><G133/><T55/><D11/><U58/><E58/><V85/><F73/><W25/><G25/><N who="0" m="16695" /><D31/><U86/><E86/><V57/><F57/><W100/><G100/><T92/><D43/><AGARI ba="0,0" hai="0,1,43,44,50,93,96,99,101,103,104" m="48713" machi="43" ten="30,1000,0" yaku="18,1" doraHai="66" who="1" fromWho="0" sc="261,-10,327,10,222,0,190,0" /><INIT seed="4,0,0,5,4,18" ten="251,337,222,190" oya="0" hai0="1,10,132,131,46,98,76,51,53,135,72,56,93" hai1="94,47,97,68,49,106,57,65,88,21,101,55,121" hai2="6,124,122,11,78,31,119,32,45,28,33,105,42" hai3="29,99,113,64,134,92,69,67,96,103,27,128,130"/><T9/><D131/><N who="3" m="50217" /><G113/><T111/><D111/><U118/><E118/><V95/><F122/><W23/><G69/><T37/><D76/><U20/><E68/><V80/><F124/><W114/><G114/><T34/><D72/><U13/><E121/><V126/><F126/><W7/><G7/><T115/><D34/><U48/><E13/><V62/><F119/><W108/><G108/><T109/><D115/><U58/><E58/><V83/><F105/><N who="3" m="63719" /><G134/><N who="0" m="51243" /><D1/><U125/><E125/><V41/><F33/><W38/><G38/><T0/><D0/><U63/><E49/><V123/><F123/><W91/><AGARI ba="0,0" hai="23,27,29,64,67,91,92,99" m="63719,50217" machi="91" ten="30,2000,0" yaku="19,1,52,1" doraHai="18" who="3" fromWho="3" sc="251,-10,337,-5,222,-5,190,20" /><INIT seed="5,0,0,1,3,85" ten="241,332,217,210" oya="1" hai0="100,37,97,48,72,44,12,7,60,75,66,27,129" hai1="17,38,10,15,53,118,134,101,20,74,91,111,96" hai2="65,42,21,47,40,43,83,70,76,11,89,6,63" hai3="106,80,58,93,61,39,79,3,108,78,128,33,125"/><U126/><E118/><V71/><F71/><W112/><G108/><T19/><D37/><U77/><E38/><V114/><F114/><W52/><G106/><T59/><D27/><U26/><E111/><V94/><F21/><W46/><G33/><T105/><D7/><U22/><E134/><V82/><F76/><W104/><G104/><T121/><D129/><U64/><E126/><V23/><F23/><W107/><G107/><T90/><D121/><U98/><E64/><V1/><REACH who="2" step="1"/><F47/><REACH who="2" ten="241,332,207,210" step="2"/><W122/><G112/><T132/><D132/><U130/><E22/><V50/><F50/><W84/><G122/><T24/><D48/><U35/><E77/><V119/><F119/><W8/><G79/><T95/><D44/><U109/><E35/><V18/><F18/><W120/><G120/><T127/><D127/><U13/><E17/><V131/><F131/><W88/><G125/><T29/><D29/><U55/><E20/><V133/><F133/><W28/><G128/><T56/><D24/><U41/><E26/><V62/><F62/><W45/><G28/><T110/><D110/><U73/><E130/><V34/><F34/><W92/><G39/><T31/><D31/><U86/><E109/><V57/><F57/><W115/><G115/><T36/><D56/><U135/><E135/><V4/><F4/><W87/><REACH who="3" step="1"/><G93/><REACH who="3" ten="241,332,207,200" step="2"/><T116/><D36/><U67/><E73/><V102/><F102/><W49/><G49/><T113/><D113/><U5/><E101/><V123/><F123/><W30/><G30/><T69/><D100/><U81/><E74/><N who="0" m="28201" /><D95/><U25/><E25/><RYUUKYOKU ba="0,2" sc="241,-15,332,-15,207,15,200,15" hai2="1,6,11,40,42,43,63,65,70,82,83,89,94" hai3="3,8,45,46,52,58,61,78,80,84,87,88,92" /><INIT seed="6,1,2,1,3,38" ten="226,317,222,215" oya="2" hai0="9,62,84,64,115,119,69,90,123,134,39,107,23" hai1="13,36,103,7,77,31,10,44,93,111,46,26,88" hai2="51,14,68,135,47,17,130,35,124,122,48,54,95" hai3="61,18,29,76,19,89,99,71,74,78,2,105,110"/><V11/><F122/><W70/><G110/><T106/><D123/><U67/><E111/><V15/><F68/><W101/><G2/><T100/><D119/><U50/><E36/><V21/><F35/><W41/><G41/><T121/><D121/><U8/><E103/><V128/><F124/><W57/><G29/><T6/><D39/><U43/><E77/><V27/><F135/><W5/><G5/><T127/><D134/><U1/><E67/><V118/><F118/><W53/><G89/><T16/><D100/><U132/><E132/><V55/><F95/><W25/><G18/><T65/><D65/><U37/><E1/><V49/><F49/><W126/><G126/><T108/><D115/><U125/><E125/><V120/><F120/><W94/><G105/><T56/><D108/><U109/><E10/><V96/><F96/><W28/><G19/><T58/><D107/><U63/><E63/><V0/><F0/><W72/><G76/><T98/><D98/><U66/><E66/><V102/><F102/><W86/><G86/><T75/><D75/><U3/><E109/><V97/><F97/><W133/><G133/><T116/><D106/><U59/><E59/><N who="2" m="33223" /><F11/><W33/><REACH who="3" step="1"/><G78/><REACH who="3" ten="226,317,222,205" step="2"/><T92/><D127/><U85/><E3/><V82/><F82/><W80/><G80/><T32/><D116/><U45/><E37/><V79/><F79/><W117/><G117/><T30/><D30/><U83/><E83/><V42/><F42/><W24/><G24/><N who="0" m="14439" /><D32/><AGARI ba="1,3" hai="7,8,13,26,31,32,43,44,45,46,50,85,88,93" machi="32" ten="30,3900,0" yaku="7,1,52,1,54,1" doraHai="38" who="1" fromWho="0" sc="226,-42,317,72,222,0,205,0" /><INIT seed="7,0,0,1,0,21" ten="184,389,222,205" oya="3" hai0="50,17,25,64,94,119,67,33,115,133,125,88,84" hai1="36,90,121,63,54,124,106,129,97,42,86,127,95" hai2="26,46,100,6,103,11,55,44,79,4,39,62,134" hai3="66,45,71,120,111,116,3,132,13,49,53,118,68"/><W1/><G120/><T15/><D119/><N who="3" m="45609" /><G13/><T101/><D133/><U56/><E121/><V109/><F39/><W74/><G74/><T102/><D125/><N who="1" m="48203" /><E36/><V70/><F79/><W18/><G18/><T14/><D115/><U37/><E37/><V122/><F134/><W34/><G34/><T135/><D135/><U92/><E42/><V80/><F80/><W60/><G132/><T23/><D50/><U72/><E72/><V24/><F122/><W20/><G20/><N who="0" m="11319" /><D15/><U28/><E28/><V82/><F82/><W30/><G30/><N who="0" m="17727" /><D102/><N who="1" m="60735" /><E106/><V16/><F103/><W104/><G104/><T2/><D2/><U31/><E31/><V99/><F100/><W40/><G3/><T41/><D33/><U12/><E12/><V73/><F73/><W48/><G1/><T27/><D101/><U91/><E90/><V32/><F32/><W9/><G9/><T43/><D27/><U75/><E75/><V29/><F26/><W83/><G83/><T110/><D110/><U76/><E76/><V87/><F109/><W7/><G7/><T35/><D35/><U78/><E78/><V77/><F77/><W57/><G111/><T105/><D105/><U59/><E56/><AGARI ba="0,0" hai="40,45,48,49,53,56,57,60,66,68,71" m="45609" machi="56" ten="30,2900,0" yaku="34,2" doraHai="21" who="3" fromWho="1" sc="184,0,389,-29,222,0,205,29" /><INIT seed="7,1,0,0,4,93" ten="184,360,222,234" oya="3" hai0="90,11,20,1,121,105,33,106,39,86,38,18,23" hai1="5,73,102,32,91,8,124,40,46,71,49,103,101" hai2="47,55,97,64,123,95,44,78,13,134,115,45,82" hai3="122,113,7,30,126,125,42,117,27,108,112,54,21"/><W19/><G42/><T60/><D33/><U133/><E73/><V37/><F37/><W14/><G54/><T77/><D121/><U98/><E32/><V26/><F115/><N who="3" m="44107" /><G122/><T92/><D38/><U70/><E133/><V72/><F123/><W111/><G7/><T66/><D39/><U116/><E124/><N who="3" m="47722" /><G117/><T132/><D132/><U99/><E116/><V29/><F134/><W56/><G56/><T0/><D77/><U80/><E71/><V67/><F55/><W107/><G107/><T81/><D105/><U85/><REACH who="1" step="1"/><E70/><REACH who="1" ten="184,350,222,234" step="2"/><V68/><F68/><W69/><G69/><T79/><D106/><U51/><E51/><V110/><F110/><W57/><G57/><T24/><D11/><AGARI ba="1,1" hai="11,14,19,21,27,30,108,111" m="47722,44107" machi="11" ten="30,11600,0" yaku="15,1,18,1,34,2" doraHai="93" who="3" fromWho="0" sc="184,-119,350,0,222,0,234,129" owari="65,-43.0,350,15.0,222,-18.0,363,46.0" /></mjloggm>