<mjloggm ver="2.3"><GO type="169" lobby="0"/><UN n0="%E3%82%8F%E3%81%A3%E3%81%97%E3%82%87%E3%81%84%E5%90%9B%32%E5%8F%B7" n1="%E7%95%99%E3%83%81%E3%83%A7%E3%83%AD" n2="%E8%B5%A4%E5%9F%8E%E3%81%BF%E3%82%8A%E3%81%82" n3="%E3%82%84%E3%81%BE%E3%81%8B%E3%81%84" dan="16,17,16,16" rate="2216.57,2134.84,2113.57,2168.95" sx="M,M,F,M"/><TAIKYOKU oya="0"/><INIT seed="0,0,0,0,4,124" ten="250,250,250,250" oya="0" hai0="34,31,10,62,87,130,80,32,83,97,9,21,48" hai1="128,110,1,102,115,24,112,105,89,121,14,85,44" hai2="134,61,27,135,74,25,54,19,70,122,117,33,3" hai3="104,103,60,51,69,64,88,30,55,41,67,106,132"/><T17/><D34/><U116/><E1/><V78/><F122/><W125/><G125/><T11/><D32/><U127/><E127/><V29/><F3/><W113/><G113/><N who="1" m="43594" /><E14/><V120/><F120/><W20/><G132/><N who="2" m="50729" /><F117/><W46/><G67/><T49/><D31/><U13/><E121/><V63/><F70/><W59/><G103/><T93/><D62/><U133/><E133/><V82/><F54/><W99/><G30/><T37/><D37/><U77/><E24/><V72/><F72/><W22/><G104/><T16/><D130/><U108/><E77/><V111/><F111/><N who="1" m="42537" /><E13/><V98/><F98/><W57/><G106/><T95/><D21/><AGARI ba="0,0" hai="19,21,25,27,29,33,61,63,74,78,82" m="50729" machi="21" ten="30,1000,0" yaku="20,1" doraHai="124" who="2" fromWho="0" sc="250,-10,250,0,250,10,250,0" /><INIT seed="1,0,0,1,2,27" ten="240,250,260,250" oya="1" hai0="96,104,84,91,95,2,8,3,127,12,135,64,32" hai1="102,28,9,1,72,59,61,111,16,73,117,23,54" hai2="105,56,90,124,85,106,13,116,92,118,47,82,103" hai3="57,122,113,97,51,88,134,89,107,18,43,6,132"/><U35/><E117/><N who="2" m="45163" /><F56/><W81/><G113/><T108/><D108/><U121/><E121/><V87/><F47/><N who="3" m="26111" /><G122/><T69/><D127/><U38/><E38/><V65/><F65/><W68/><G68/><T67/><D135/><N who="3" m="51753" /><G6/><T128/><D128/><U78/><E111/><V120/><F13/><W5/><G5/><T110/><D32/><U40/><E40/><V19/><F19/><W42/><G42/><T37/><D37/><U71/><E102/><V101/><F120/><W115/><G115/><T29/><D110/><U98/><E98/><V10/><F10/><W62/><G81/><T58/><D69/><U31/><E35/><V83/><F124/><W7/><G7/><T50/><D2/><U129/><E129/><V130/><F130/><W0/><G0/><T25/><D3/><U66/><E9/><V76/><F83/><W17/><G17/><T46/><D8/><U30/><E1/><V125/><F125/><W86/><G18/><T52/><D12/><U60/><REACH who="1" step="1"/><E78/><REACH who="1" ten="240,240,260,250" step="2"/><V123/><F123/><W15/><G97/><T39/><D96/><U131/><E131/><V22/><F22/><W80/><G107/><AGARI ba="0,1" hai="76,82,85,87,90,92,101,103,105,106,107" m="45163" machi="107" ten="30,2000,0" yaku="34,2" doraHai="27" who="2" fromWho="3" sc="240,0,240,0,260,30,250,-20" /><INIT seed="2,0,0,1,3,52" ten="240,240,290,230" oya="2" hai0="36,119,2,54,72,27,41,10,22,56,96,63,104" hai1="44,58,98,61,17,33,103,114,30,38,43,39,108" hai2="125,78,115,118,37,106,121,95,57,91,71,117,11" hai3="67,112,28,132,88,86,55,85,5,120,4,32,83"/><V45/><F115/><W24/><G120/><T29/><D72/><U100/><E114/><V51/><F121/><W76/><G112/><T134/><D134/><U9/><E108/><V75/><F106/><W26/><G132/><T66/><D119/><U87/><E39/><V62/><F125/><W131/><G131/><T92/><D104/><U73/><E73/><V18/><F78/><W93/><G67/><T94/><D94/><U123/><E123/><V15/><F75/><W77/><G77/><T48/><D2/><U35/><E30/><V124/><F71/><W101/><G101/><T3/><D3/><U46/><E46/><V133/><F37/><W1/><G1/><T116/><D116/><U16/><E87/><V99/><F124/><W34/><REACH who="3" step="1"/><G55/><REACH who="3" ten="240,240,290,220" step="2"/><T42/><D36/><U81/><E100/><V110/><F133/><W23/><G23/><T59/><D10/><U111/><E103/><AGARI ba="0,1" hai="22,27,29,41,42,48,54,56,59,63,66,92,96,103" machi="103" ten="30,12000,2" yaku="7,1,25,2,8,1,52,2" doraHai="52" who="0" fromWho="1" sc="240,130,240,-120,290,0,220,0" /><INIT seed="3,0,0,4,4,45" ten="370,120,290,220" oya="3" hai0="24,66,41,106,109,97,29,112,47,104,25,123,103" hai1="107,28,120,113,129,39,128,108,87,32,27,76,42" hai2="64,83,95,43,9,53,49,135,23,56,110,92,14" hai3="10,30,63,1,133,80,85,116,3,0,48,8,98"/><W75/><G116/><T111/><D123/><U93/><E120/><V58/><F110/><N who="0" m="41994" /><D112/><U4/><E108/><V101/><F135/><W36/><G36/><N who="0" m="21927" /><D66/><U50/><E107/><V70/><F70/><W11/><G75/><T67/><D67/><U35/><E113/><V94/><F101/><W55/><G133/><T72/><D72/><U13/><E39/><V73/><F23/><W71/><G30/><T90/><D90/><U21/><E4/><V44/><F73/><W69/><G98/><T126/><D126/><U17/><E35/><V20/><F20/><W12/><G12/><T7/><D7/><U77/><E93/><V26/><F83/><W99/><G99/><T134/><D134/><U96/><E96/><V18/><F26/><N who="0" m="10346" /><D29/><U22/><E32/><V65/><REACH who="2" step="1"/><F58/><REACH who="2" ten="370,120,280,220" step="2"/><W81/><G81/><T132/><D132/><U54/><E42/><V31/><F31/><W131/><G71/><T57/><D57/><U88/><E128/><V16/><F16/><W46/><G131/><T122/><D122/><U91/><E129/><V74/><F74/><W79/><G69/><T51/><D106/><U60/><E28/><V115/><F115/><W119/><G119/><T34/><D34/><U52/><E27/><V61/><AGARI ba="0,1" hai="9,14,18,43,44,49,53,56,61,64,65,92,94,95" machi="61" ten="30,8000,1" yaku="1,1,0,1,8,1,52,1,53,1" doraHai="45" doraHaiUra="6" who="2" fromWho="2" sc="370,-20,120,-20,280,90,220,-40" /><INIT seed="4,0,0,1,2,7" ten="350,100,370,180" oya="0" hai0="29,24,122,92,64,48,19,120,117,15,115,52,49" hai1="12,72,86,63,82,93,76,26,14,62,66,131,135" hai2="30,124,118,71,132,20,101,87,127,10,0,21,79" hai3="33,8,81,108,40,45,90,133,37,56,18,99,129"/><T46/><D117/><U84/><E131/><V123/><F123/><W50/><G108/><T57/><D115/><U103/><E135/><V74/><F71/><W28/><G129/><T5/><D5/><U51/><E72/><V112/><F74/><W73/><G133/><T4/><D4/><U130/><E130/><V13/><F0/><W1/><G28/><T128/><D128/><U109/><E109/><V69/><F69/><W77/><G33/><T44/><D92/><U34/><E34/><V125/><F132/><W121/><G121/><T31/><D46/><U59/><E62/><V17/><F112/><W110/><G110/><T126/><D126/><U134/><E134/><V106/><F118/><W100/><G90/><T55/><D64/><U67/><E67/><V111/><F111/><W41/><G1/><T102/><D102/><U83/><E26/><V97/><REACH who="2" step="1"/><F30/><REACH who="2" ten="350,100,360,180" step="2"/><W95/><G73/><T80/><D31/><U61/><E63/><V104/><F104/><W11/><G41/><T70/><D70/><U42/><E61/><V98/><F98/><W94/><G99/><T65/><D120/><U35/><E42/><V91/><F91/><W96/><G96/><T89/><D122/><U22/><E103/><V6/><F6/><W54/><G100/><T68/><D68/><U78/><E78/><V2/><F2/><W9/><G77/><T116/><D116/><U113/><E76/><V105/><F105/><W36/><G40/><T75/><D75/><U53/><E113/><V32/><F32/><W58/><G18/><T25/><D19/><U107/><E35/><RYUUKYOKU ba="0,1" sc="350,-10,100,-10,360,30,180,-10" hai2="10,13,17,20,21,79,87,97,101,106,124,125,127" /><INIT seed="5,1,1,0,3,62" ten="340,90,390,170" oya="1" hai0="130,8,105,117,120,125,84,56,2,27,126,103,102" hai1="97,128,48,129,49,21,47,19,23,119,89,16,7" hai2="44,124,96,0,45,53,3,100,12,82,28,35,14" hai3="116,134,61,108,10,6,101,74,50,9,77,26,17"/><U95/><E119/><V29/><F124/><N who="0" m="47722" /><D117/><U70/><E70/><V121/><F121/><W63/><G116/><T80/><D120/><U83/><E7/><V122/><F122/><W79/><G108/><T31/><D130/><N who="1" m="50283" /><E83/><V4/><F82/><W113/><G113/><T112/><D112/><U59/><E59/><V86/><F86/><W30/><G134/><T107/><D56/><U40/><E49/><V46/><F53/><W57/><G101/><N who="0" m="38411" /><D8/><U111/><E111/><V22/><F35/><W123/><G123/><T5/><D5/><U131/><N who="1" m="50291" /><U127/><DORA hai="13" /><E127/><V52/><F52/><N who="3" m="31895" /><G74/><T98/><D2/><U55/><E55/><V39/><F39/><W67/><G61/><T68/><D68/><U135/><E135/><V36/><F36/><W66/><G6/><T133/><D133/><U60/><E60/><V32/><F4/><W85/><G63/><T38/><D38/><U11/><E11/><N who="3" m="4106" /><G30/><T69/><D69/><U73/><E73/><V104/><F29/><W42/><G42/><T132/><D132/><U54/><E40/><V118/><F118/><W20/><G85/><T24/><D31/><U78/><E78/><AGARI ba="1,1" hai="17,20,26,66,67,77,78,79" m="4106,31895" machi="78" ten="30,8000,1" yaku="8,1,52,3,54,1" doraHai="62,13" who="3" fromWho="1" sc="340,0,90,-83,390,0,170,93" /><INIT seed="6,0,0,2,3,86" ten="340,7,390,263" oya="2" hai0="20,57,116,120,13,6,85,55,95,62,36,113,115" hai1="70,28,69,51,99,102,4,18,19,90,112,83,22" hai2="47,5,11,114,14,105,121,54,72,128,40,49,117" hai3="64,61,89,125,107,2,59,27,46,32,42,119,67"/><V50/><F117/><W31/><G125/><T41/><D120/><U97/><E112/><N who="0" m="43081" /><D116/><U29/><E4/><V123/><F105/><W43/><G119/><T108/><D108/><U33/><E33/><V127/><F72/><W91/><G107/><T81/><D95/><U131/><E131/><V37/><F114/><W126/><G126/><T58/><D58/><U96/><E102/><V30/><F127/><W92/><G2/><T17/><D6/><U60/><E60/><V45/><F128/><W71/><G43/><T100/><D100/><U104/><E104/><V82/><F30/><W129/><G129/><T93/><D93/><U34/><E34/><V134/><F134/><W75/><G75/><T65/><D41/><U35/><E35/><V1/><F1/><W106/><G106/><T25/><D36/><U110/><E110/><V68/><F68/><W118/><G118/><T63/><D63/><U76/><E69/><V16/><F5/><W0/><G0/><T109/><D109/><U24/><E70/><V21/><F21/><W98/><G71/><T77/><D25/><U7/><E7/><V101/><F101/><W88/><G67/><AGARI ba="0,0" hai="13,17,20,55,57,62,65,67,77,81,85" m="43081" machi="67" ten="30,1000,0" yaku="15,1" doraHai="86" who="0" fromWho="3" sc="340,10,7,0,390,0,263,-10" /><INIT seed="7,0,0,5,2,132" ten="350,7,390,253" oya="3" hai0="121,85,87,104,108,129,65,95,96,29,2,58,18" hai1="8,30,1,24,44,50,74,69,63,3,92,7,77" hai2="17,120,49,64,130,67,79,55,126,32,61,10,26" hai3="123,75,66,60,131,53,46,82,35,42,133,68,135"/><W73/><G35/><T99/><D121/><U4/><E50/><V86/><F120/><W34/><G34/><T51/><D108/><U62/><E44/><N who="2" m="28071" /><F130/><W115/><G123/><T39/><D39/><U21/><E92/><V54/><F32/><W41/><G82/><T37/><D37/><U103/><E103/><V43/><F43/><W22/><G22/><T52/><D129/><U117/><E77/><V6/><F126/><W12/><G12/><T19/><D2/><U14/><E69/><V70/><F70/><W84/><G84/><T118/><D118/><U98/><E63/><V48/><F61/><W128/><G75/><T116/><D116/><U27/><E98/><V110/><F110/><W88/><G88/><N who="0" m="55399" /><D104/><U127/><E62/><V59/><F6/><W36/><G73/><T78/><D65/><U33/><E74/><V119/><F119/><W124/><G115/><T101/><D29/><U56/><E56/><V122/><F122/><W47/><G53/><T102/><D99/><U16/><E117/><V5/><F5/><W28/><G28/><T31/><D31/><U90/><E90/><V97/><F97/><W114/><G114/><T125/><D87/><U11/><E127/><V23/><F10/><W20/><G124/><T0/><D125/><U13/><E13/><V100/><F100/><N who="0" m="38506" /><D0/><U45/><E27/><V89/><F79/><W57/><G57/><T111/><D111/><U113/><E113/><V107/><F107/><W134/><G20/><T109/><D109/><U71/><E71/><V81/><AGARI ba="0,0" hai="17,23,26,48,54,59,64,67,81,86,89" m="28071" machi="81" ten="30,1100,0" yaku="8,1" doraHai="132" who="2" fromWho="2" sc="350,-3,7,-3,390,11,253,-5" owari="347,15.0,4,-50.0,401,50.0,248,-15.0" /></mjloggm>