<mjloggm ver="2.3"><GO type="169" lobby="0"/><UN n0="%E5%BD%97%E6%98%9F%E5%85%A5%E3%83%92%E3%82%B3" n1="%E7%B4%85%E8%8C%B6%30%37" n2="%E8%88%AC%E5%8D%93%E6%B0%91%E3%81%AE%E6%9C%9D%E3%81%AF%E6%97%A9%E3%81%84" n3="%E3%83%8F%E3%82%BF%E3%83%A2%E3%83%88%E3%83%92%E3%83%AD" dan="16,17,17,17" rate="2095.62,2112.74,2248.91,2146.34" sx="M,M,M,M"/><TAIKYOKU oya="0"/><INIT seed="0,0,0,1,0,54" ten="250,250,250,250" oya="0" hai0="15,35,79,134,88,105,91,133,9,60,127,27,36" hai1="73,8,25,81,110,92,80,95,59,2,64,82,70" hai2="6,34,135,49,128,7,117,32,124,118,29,19,22" hai3="55,63,47,30,10,14,84,46,71,43,52,28,21"/><T85/><D36/><U116/><E116/><N who="2" m="44651" /><F49/><N who="3" m="26847" /><G71/><T67/><D105/><U12/><E2/><V99/><F99/><W114/><G114/><T5/><D127/><U120/><E70/><V131/><F124/><W58/><G21/><T77/><D35/><N who="2" m="13354" /><F29/><N who="3" m="11371" /><G84/><T20/><D20/><U93/><E73/><V104/><F104/><W65/><G47/><T41/><D27/><U68/><E68/><V106/><F106/><W115/><G115/><T102/><D102/><U72/><E72/><V48/><F48/><W103/><G103/><T62/><D41/><U76/><E76/><V0/><F135/><N who="0" m="51722" /><D91/><U13/><E120/><V97/><F97/><W86/><G86/><T121/><D121/><U130/><E25/><N who="2" m="14559" /><F0/><W33/><G33/><T122/><D122/><U44/><E44/><V109/><F109/><W69/><G69/><N who="0" m="42215" /><D62/><N who="1" m="37983" /><E110/><V38/><F38/><W39/><G39/><T50/><D50/><U101/><E101/><V57/><F57/><W45/><G45/><T26/><D26/><U108/><E108/><V129/><AGARI ba="0,0" hai="6,7,128,129,131" m="14559,13354,44651" machi="129" ten="40,8000,1" yaku="19,1,12,1,34,2" doraHai="54" who="2" fromWho="2" sc="250,-40,250,-20,250,80,250,-20" /><INIT seed="1,0,0,3,3,64" ten="210,230,330,230" oya="1" hai0="127,18,49,126,92,80,52,15,69,134,12,51,124" hai1="4,119,32,105,38,84,33,133,100,21,117,73,50" hai2="115,125,110,82,2,58,47,104,44,101,66,102,106" hai3="81,98,65,132,76,107,45,118,0,34,63,37,75"/><U123/><E73/><V130/><F2/><W56/><G132/><T90/><D80/><U70/><E38/><V88/><F66/><W114/><G114/><T67/><D134/><U29/><E133/><V5/><F5/><W97/><G118/><T19/><D67/><U55/><E21/><V72/><F58/><W71/><G97/><T36/><D36/><U77/><E84/><N who="2" m="50199" /><F47/><W11/><G56/><T16/><D69/><U112/><E77/><V6/><F6/><N who="3" m="1479" /><G34/><T57/><REACH who="0" step="1"/><D49/><REACH who="0" ten="200,230,330,230" step="2"/><U42/><E50/><V129/><F115/><W96/><G107/><T135/><D135/><U13/><E105/><V53/><F106/><W22/><G22/><T128/><D128/><U111/><E112/><V61/><F104/><W109/><G109/><T79/><D79/><U78/><E111/><V31/><F110/><W20/><G20/><T1/><D1/><U131/><E117/><V39/><F129/><W10/><G10/><T122/><D122/><U30/><E119/><V87/><F39/><W28/><G28/><T25/><D25/><U27/><E30/><V103/><F31/><W89/><G89/><T113/><D113/><U17/><E29/><V46/><F130/><W74/><G74/><T59/><D59/><U35/><E131/><V43/><F72/><W120/><G120/><T108/><D108/><U41/><E123/><V91/><F91/><W95/><G95/><T62/><D62/><U9/><E78/><V40/><F61/><W14/><G14/><T83/><D83/><U48/><E13/><V93/><F93/><W94/><G94/><T60/><D60/><RYUUKYOKU ba="0,1" sc="200,15,230,-15,330,-15,230,15" hai0="12,15,16,18,19,51,52,57,90,92,124,126,127" hai3="37,45,63,65,71,75,76,81,96,98" /><INIT seed="2,1,1,3,5,71" ten="215,215,315,245" oya="2" hai0="95,56,93,104,103,43,53,89,40,78,75,12,73" hai1="132,112,57,94,123,62,105,17,9,51,48,45,16" hai2="115,97,102,21,28,33,113,30,114,85,39,4,66" hai3="36,127,80,96,81,32,47,65,117,99,13,49,124"/><V38/><F33/><W8/><G32/><T76/><D104/><U91/><E105/><V128/><F128/><W88/><G117/><T63/><D103/><U60/><E112/><V14/><F66/><W130/><G65/><T92/><D89/><U7/><E123/><V134/><F85/><N who="3" m="50215" /><G81/><T86/><D86/><U120/><E132/><V64/><F64/><W79/><G79/><T37/><D12/><N who="1" m="5183" /><E120/><V87/><F134/><W18/><G36/><T44/><REACH who="0" step="1"/><D43/><REACH who="0" ten="205,215,315,245" step="2"/><U34/><E91/><V6/><F87/><W26/><G130/><T119/><D119/><U67/><E94/><V101/><F14/><W90/><G26/><T11/><D11/><U23/><E67/><V82/><F82/><W111/><G90/><T41/><D41/><U68/><E68/><V50/><F113/><W5/><G99/><T35/><D35/><U118/><E118/><V122/><F122/><W74/><G96/><T3/><D3/><U106/><E106/><V24/><F97/><W83/><G83/><T110/><D110/><U125/><E34/><V1/><F1/><W46/><G111/><T131/><D131/><U2/><E2/><V100/><F100/><W108/><G108/><T69/><D69/><U55/><E23/><V70/><F70/><W59/><G74/><AGARI ba="1,2" hai="37,40,44,53,56,63,73,74,75,76,78,92,93,95" machi="74" ten="40,5200,0" yaku="1,1,52,1,53,1" doraHai="71" doraHaiUra="52" who="0" fromWho="3" sc="205,75,215,0,315,0,245,-55" /><INIT seed="3,0,0,2,3,122" ten="280,215,315,190" oya="3" hai0="77,49,124,46,90,60,2,70,133,128,35,64,13" hai1="27,12,113,16,84,17,26,43,6,120,29,38,127" hai2="3,65,106,4,79,103,96,42,134,37,125,41,86" hai3="73,22,58,39,50,102,75,48,104,55,66,45,99"/><W52/><G39/><T56/><D2/><U110/><E38/><V85/><F65/><W123/><G123/><T30/><D124/><U105/><E120/><V87/><F125/><W109/><G109/><T7/><D128/><U44/><E127/><V31/><F31/><W116/><G116/><T130/><D130/><U114/><E105/><V76/><F134/><W78/><G78/><T21/><D133/><U111/><E84/><V92/><F37/><W115/><G115/><N who="1" m="44042" /><E44/><V68/><F68/><W94/><G66/><T25/><D77/><N who="2" m="29770" /><F3/><W24/><REACH who="3" step="1"/><G104/><REACH who="3" ten="280,215,315,180" step="2"/><T57/><D70/><U61/><E111/><V34/><F106/><W98/><G98/><T131/><D131/><U126/><E110/><V0/><F96/><W67/><G67/><T15/><D64/><U47/><E126/><V132/><F132/><W8/><G8/><T18/><D90/><U91/><E91/><V135/><F135/><W14/><G14/><T62/><D13/><U93/><E12/><V107/><F107/><W80/><G80/><T81/><D81/><U69/><E69/><V101/><F0/><W83/><G83/><T63/><REACH who="0" step="1"/><D7/><REACH who="0" ten="270,215,315,180" step="2"/><U121/><E6/><V33/><F4/><W118/><G118/><T20/><D20/><U32/><E121/><V10/><F10/><W23/><G23/><T59/><D59/><U129/><E129/><V88/><F34/><W100/><G100/><N who="2" m="38473" /><F33/><W36/><G36/><T53/><AGARI ba="0,2" hai="15,18,21,25,30,35,46,49,53,56,57,60,62,63" machi="53" ten="30,2000,0" yaku="1,1,0,1,53,0" doraHai="122" doraHaiUra="82" who="0" fromWho="0" sc="270,40,215,-5,315,-5,180,-10" /><INIT seed="4,0,0,1,5,53" ten="310,210,310,170" oya="0" hai0="13,48,65,7,55,61,84,106,100,112,1,34,14" hai1="0,128,16,124,129,67,51,104,46,38,76,3,54" hai2="110,107,108,126,4,19,134,58,105,44,6,78,89" hai3="5,109,11,50,96,120,49,47,35,101,75,12,30"/><T22/><D34/><U62/><E104/><V25/><F78/><W33/><G109/><T99/><D112/><U28/><E28/><V115/><F44/><W23/><G75/><T40/><D40/><U117/><E117/><V111/><F89/><W69/><G69/><T86/><D1/><U57/><E124/><V63/><F25/><W103/><G120/><T10/><D14/><U116/><E116/><V70/><F70/><W90/><G35/><T56/><REACH who="0" step="1"/><D22/><REACH who="0" ten="300,210,310,170" step="2"/><U132/><E38/><V127/><F115/><W21/><G33/><T66/><D66/><U45/><E0/><V80/><F126/><W133/><G23/><T29/><D29/><U114/><E3/><V93/><F127/><W121/><G121/><T32/><D32/><U41/><E114/><V31/><F31/><W82/><G30/><T97/><D97/><U71/><E67/><V17/><F110/><W36/><G36/><T91/><D91/><U20/><E20/><V125/><F125/><W27/><G21/><T123/><D123/><U95/><E41/><V94/><F111/><W39/><G39/><T72/><D72/><U102/><E128/><V59/><F108/><W73/><G73/><T130/><D130/><U83/><E129/><V26/><F26/><W9/><G27/><T92/><D92/><U122/><E95/><V98/><F98/><W18/><G96/><T113/><D113/><U2/><E122/><V43/><F43/><W77/><G90/><T135/><D135/><U64/><E2/><V88/><F88/><W118/><G133/><T81/><D81/><U68/><E132/><RYUUKYOKU ba="0,1" sc="300,30,210,-10,310,-10,170,-10" hai0="7,10,13,48,55,56,61,65,84,86,99,100,106" /><INIT seed="4,1,1,4,0,17" ten="330,200,300,160" oya="0" hai0="38,48,96,15,92,11,90,7,4,9,99,125,73" hai1="51,35,89,46,108,116,62,131,123,29,103,71,100" hai2="133,37,94,75,132,45,79,130,59,22,115,77,47" hai3="27,82,135,23,80,41,10,30,111,95,120,86,36"/><T24/><D38/><U33/><E123/><V16/><F115/><W13/><G111/><T25/><D73/><U109/><E116/><V72/><F130/><W127/><G120/><T91/><D125/><U102/><E131/><V5/><F5/><W44/><G135/><N who="2" m="51785" /><F59/><W2/><G2/><T84/><D48/><U126/><E126/><V0/><F94/><W68/><G68/><T114/><D114/><U105/><E105/><V69/><F69/><W58/><G127/><T42/><D42/><U74/><E74/><N who="2" m="28203" /><F0/><W113/><G113/><T83/><REACH who="0" step="1"/><D96/><REACH who="0" ten="320,200,300,160" step="2"/><U19/><E109/><V21/><F37/><W66/><G86/><T128/><D128/><U32/><E108/><V63/><F63/><W104/><G104/><T18/><D18/><U53/><E19/><V60/><F60/><W88/><G88/><T76/><D76/><N who="2" m="29258" /><F16/><W119/><G36/><T12/><AGARI ba="1,2" hai="4,7,9,11,12,15,24,25,83,84,90,91,92,99" machi="12" ten="20,12000,1" yaku="1,1,0,1,7,1,9,1,8,1,53,0" doraHai="17" doraHaiUra="31" who="0" fromWho="0" sc="320,143,200,-41,300,-41,160,-41" /><INIT seed="4,2,0,0,2,25" ten="463,159,259,119" oya="0" hai0="90,89,42,63,13,109,135,120,132,20,103,83,46" hai1="127,134,93,110,104,94,112,123,129,131,0,53,97" hai2="7,105,34,9,101,4,56,5,88,117,2,37,41" hai3="74,92,102,19,128,39,58,78,68,18,99,50,3"/><T47/><D120/><U48/><E53/><V87/><F117/><W64/><G39/><T98/><D63/><U82/><E93/><V44/><F34/><W26/><G3/><T96/><D109/><U67/><E48/><V36/><F36/><W100/><G128/><T86/><D90/><U61/><E94/><V130/><F130/><W24/><G68/><T12/><D96/><U57/><E82/><V108/><F108/><W14/><G102/><T70/><D70/><U73/><E57/><V121/><F121/><W66/><G19/><T95/><D47/><U85/><E97/><V59/><F105/><W49/><G78/><T65/><D65/><N who="3" m="25193" /><G74/><T126/><D126/><U79/><E85/><V43/><F101/><W32/><G32/><T60/><D60/><U111/><E61/><V77/><F77/><W38/><G38/><T51/><D20/><U80/><E67/><V107/><F107/><W69/><G69/><T113/><D113/><U116/><E79/><V21/><F21/><N who="3" m="11479" /><G50/><T115/><D115/><U16/><E16/><V124/><F124/><W23/><G23/><T22/><D22/><U30/><E131/><V75/><F75/><W106/><G58/><T40/><D40/><N who="2" m="15434" /><F44/><W84/><G49/><T72/><D72/><U27/><E127/><V122/><F37/><W71/><G71/><T45/><D46/><U1/><E129/><V81/><F122/><W62/><G62/><T31/><D31/><U125/><E111/><V76/><F76/><W114/><G114/><T17/><D17/><U28/><E110/><V10/><F2/><W11/><G11/><AGARI ba="2,0" hai="4,5,7,9,10,11,56,59,81,87,88" m="15434" machi="11" ten="30,3900,0" yaku="6,1,8,1,54,1" doraHai="25" who="2" fromWho="3" sc="463,0,159,0,259,45,119,-45" /><INIT seed="5,0,0,3,0,135" ten="463,159,304,74" oya="1" hai0="44,42,62,56,46,38,134,108,50,88,11,123,115" hai1="52,76,33,120,114,31,57,103,93,84,54,82,124" hai2="74,81,121,118,126,80,77,90,5,45,66,53,128" hai3="21,119,2,12,107,129,32,27,105,91,48,23,0"/><U15/><E120/><V58/><F121/><W28/><G107/><T101/><D123/><U17/><E114/><V39/><F118/><W87/><G105/><T116/><D116/><U99/><E124/><V60/><F128/><W130/><G119/><T22/><D108/><U43/><E43/><V125/><F5/><W35/><G48/><T73/><D134/><U111/><E111/><V51/><F90/><W18/><G87/><T34/><D73/><U109/><E109/><V29/><F29/><W9/><G91/><T61/><D34/><N who="3" m="12841" /><G130/><T59/><D115/><U13/><E13/><V24/><F24/><N who="3" m="16399" /><G129/><T3/><D101/><U98/><E98/><V132/><F132/><W89/><G89/><T104/><D88/><U63/><E31/><AGARI ba="0,0" hai="0,2,9,12,18,23,27,31" m="16399,12841" machi="31" ten="30,8000,1" yaku="35,5" doraHai="135" who="3" fromWho="1" sc="463,0,159,-80,304,0,74,80" /><INIT seed="6,0,0,4,2,70" ten="463,79,304,154" oya="2" hai0="63,64,131,29,129,18,134,96,2,116,67,84,135" hai1="48,32,93,26,90,45,76,112,97,68,14,21,62" hai2="65,47,87,33,95,104,103,34,110,108,120,115,88" hai3="122,126,102,7,24,28,85,55,78,42,99,15,79"/><V0/><F120/><W54/><G122/><T72/><D2/><U71/><E112/><V105/><F0/><W73/><G73/><T30/><D72/><U100/><E32/><V25/><F115/><W6/><G126/><T58/><D116/><U20/><E76/><V37/><F65/><W89/><G42/><T66/><D96/><U69/><E62/><V127/><F127/><W82/><G79/><T107/><D107/><N who="2" m="41034" /><F25/><W17/><G78/><T9/><D84/><U114/><E114/><V61/><F103/><W98/><G6/><T40/><D40/><U43/><E14/><V77/><F61/><W49/><G7/><T113/><D113/><U35/><E35/><V36/><F77/><W121/><G121/><T12/><D29/><U60/><E60/><V132/><F34/><W106/><G98/><T57/><D30/><U92/><REACH who="1" step="1"/><E26/><REACH who="1" ten="463,69,304,154" step="2"/><V124/><F33/><W109/><G24/><T94/><D63/><U10/><E10/><V125/><F125/><W38/><G28/><T52/><D66/><U39/><E39/><V51/><F124/><W11/><G38/><T118/><D9/><U27/><E27/><V128/><F37/><W13/><G13/><T111/><D12/><U59/><E59/><V46/><F36/><W23/><G11/><T133/><D67/><U16/><E16/><V117/><F51/><W119/><G49/><T74/><D18/><U130/><E130/><V86/><F128/><W3/><G3/><T75/><D64/><U83/><E83/><V50/><F50/><W8/><G8/><T19/><D19/><U31/><E31/><RYUUKYOKU ba="0,1" sc="463,-10,69,30,304,-10,154,-10" hai1="20,21,43,45,48,68,69,71,90,92,93,97,100" /><INIT seed="7,1,1,1,3,83" ten="453,99,294,144" oya="3" hai0="1,17,58,115,35,70,16,45,104,21,123,32,111" hai1="85,28,60,48,54,51,96,88,63,13,76,49,131" hai2="114,25,57,26,110,112,46,20,93,81,105,52,44" hai3="125,42,108,4,109,73,24,120,14,78,126,91,75"/><W77/><G24/><T118/><D111/><N who="3" m="42569" /><G14/><T134/><D118/><U23/><E131/><V94/><F110/><W41/><G4/><T135/><D70/><U9/><E76/><N who="3" m="29290" /><G120/><T53/><D104/><U90/><E96/><V27/><F20/><W65/><G65/><T8/><D123/><U15/><E90/><V119/><F119/><W107/><G107/><T11/><D45/><U95/><E54/><V121/><F105/><W0/><G0/><T43/><D43/><N who="3" m="16393" /><G91/><T82/><D21/><U31/><E15/><V6/><F121/><W129/><G129/><T127/><D1/><U97/><E97/><V40/><F6/><W22/><G22/><T79/><D79/><U29/><E23/><V98/><F40/><W74/><AGARI ba="1,1" hai="73,74,75,125,126" m="16393,29290,42569" machi="74" ten="40,7800,0" yaku="28,2,10,1" doraHai="83" who="3" fromWho="3" sc="453,-27,99,-27,294,-27,144,91" /><INIT seed="7,2,0,3,1,126" ten="426,72,267,235" oya="3" hai0="38,105,21,17,39,114,131,117,100,7,4,120,70" hai1="130,73,77,86,61,72,34,74,63,31,10,18,122" hai2="14,116,104,59,135,53,124,12,66,2,133,81,54" hai3="44,28,16,107,58,91,27,134,95,102,47,56,42"/><W78/><G134/><N who="2" m="51209" /><F124/><W29/><G78/><T115/><D70/><U103/><E122/><V1/><F116/><W119/><G119/><T69/><D69/><U109/><E109/><V65/><F104/><W55/><G102/><T52/><D117/><U49/><E103/><V11/><F81/><W80/><G80/><T23/><D120/><U37/><E37/><V118/><F118/><W60/><G56/><T8/><D52/><N who="2" m="20074" /><F12/><W98/><G107/><T97/><D23/><U6/><E18/><N who="2" m="8543" /><F59/><W15/><G27/><T75/><D39/><U123/><E49/><V111/><F111/><W99/><G99/><T40/><D38/><U3/><E123/><V84/><F84/><W76/><G76/><T25/><D25/><U45/><E45/><N who="3" m="17482" /><G42/><T125/><D40/><U43/><E43/><V108/><F108/><W93/><G93/><T113/><D97/><U101/><E101/><V92/><F92/><W83/><G83/><T90/><D100/><U85/><E77/><V127/><F127/><W129/><G129/><T71/><D125/><U30/><E130/><V106/><F106/><W68/><G68/><T33/><D105/><U51/><E51/><V110/><F110/><W128/><G128/><T32/><D131/><U64/><E64/><AGARI ba="2,0" hai="1,2,64,65,66" m="8543,20074,51209" machi="64" ten="30,2000,0" yaku="20,1,54,1" doraHai="126" who="2" fromWho="1" sc="426,0,72,-26,267,26,235,0" owari="426,52.0,46,-45.0,293,9.0,235,-16.0" /></mjloggm>