<mjloggm ver="2.3"><GO type="169" lobby="0"/><UN n0="%E3%83%94%E3%82%B3%E3%83%9E%E3%82%B9%E3%83%86%E3%82%A3%E3%83%95" n1="%E3%81%86%E3%81%95%E3%81%8E%E3%83%95%E3%82%A1%E3%83%B3%E3%82%B7%E3%83%BC" n2="%E3%81%8A%E3%81%8D%E3%81%9F%E3%81%8B%E3%81%B2%E3%82%8D" n3="%E3%81%BF%E3%83%BC%E3%81%94%E3%81%BE" dan="17,17,16,17" rate="2184.14,2143.62,2046.50,2164.30" sx="M,F,F,M"/><TAIKYOKU oya="0"/><INIT seed="0,0,0,2,4,111" ten="250,250,250,250" oya="0" hai0="41,15,37,95,120,9,118,40,69,71,135,60,11" hai1="100,34,108,12,44,70,127,94,119,64,14,72,36" hai2="33,121,2,58,73,39,42,56,16,109,32,80,55" hai3="43,21,13,45,59,20,7,48,31,112,129,133,87"/><T35/><D118/><U105/><E119/><V49/><F109/><W17/><G133/><T97/><D120/><U52/><E108/><V8/><F121/><W53/><G129/><T30/><D135/><U74/><E127/><V114/><F114/><W61/><G112/><T1/><D1/><U85/><E105/><V125/><F125/><W122/><G122/><T6/><D11/><U88/><E100/><V5/><F58/><W93/><G7/><T29/><D69/><U99/><E34/><V106/><F106/><W104/><G104/><T22/><D35/><U63/><E99/><V96/><F96/><W115/><G115/><T25/><D37/><U67/><E67/><V130/><F130/><W110/><G110/><T76/><D76/><U4/><E36/><V117/><F117/><W92/><G87/><T50/><D29/><U91/><E91/><V27/><F73/><W116/><G116/><T124/><D124/><U83/><E4/><V75/><F75/><W38/><G38/><T68/><D68/><U113/><E113/><V77/><F77/><W19/><REACH who="3" step="1"/><G31/><REACH who="3" ten="250,250,250,240" step="2"/><T47/><D71/><U23/><E74/><V62/><F39/><W86/><G86/><T102/><REACH who="0" step="1"/><D60/><REACH who="0" ten="240,250,250,240" step="2"/><U79/><E70/><V46/><F62/><W103/><G103/><T78/><D78/><U84/><E72/><V18/><F2/><W90/><G90/><T26/><D26/><AGARI ba="0,2" hai="13,17,19,20,21,26,43,45,48,53,59,61,92,93" machi="26" ten="30,3900,0" yaku="1,1,7,1,8,1,53,0" doraHai="111" doraHaiUra="24" who="3" fromWho="0" sc="240,-39,250,0,250,0,240,59" /><INIT seed="1,0,0,1,1,115" ten="201,250,250,299" oya="1" hai0="125,90,80,6,33,45,92,94,11,56,102,17,36" hai1="43,98,44,32,13,40,18,70,89,112,28,35,9" hai2="66,57,128,73,105,24,22,7,97,26,65,4,103" hai3="60,110,114,21,23,1,130,129,54,131,49,20,15"/><U116/><E112/><V95/><F73/><W106/><G106/><T5/><D33/><U10/><E70/><V126/><F126/><W16/><G1/><T72/><D125/><U124/><E124/><V93/><F128/><W135/><G114/><T51/><D36/><U38/><E43/><V64/><F57/><W123/><G123/><T58/><D17/><U74/><E74/><V75/><F26/><W104/><G104/><T29/><D29/><U30/><E116/><V53/><F53/><W86/><G110/><T69/><D69/><U91/><E32/><V46/><F46/><W83/><G60/><T52/><D102/><U3/><E35/><V121/><F75/><W87/><G135/><T50/><D58/><U63/><E63/><V61/><F61/><W67/><G67/><T101/><D101/><U100/><E3/><V19/><F121/><W42/><G42/><N who="0" m="24887" /><D72/><U0/><E0/><V31/><F31/><W27/><G27/><T119/><D119/><U117/><E117/><V62/><F62/><W77/><REACH who="3" step="1"/><G87/><REACH who="3" ten="201,250,250,289" step="2"/><N who="0" m="50535" /><D11/><U79/><E10/><V120/><F120/><W133/><G133/><T134/><D134/><U84/><E9/><V132/><F132/><W14/><G14/><T48/><D51/><U88/><E13/><V76/><F105/><W39/><G39/><T2/><D2/><U12/><E12/><V108/><F66/><W25/><G25/><T109/><D109/><U113/><E113/><V41/><F108/><W71/><G71/><T99/><D99/><U111/><E111/><V96/><F97/><W37/><G37/><T55/><D55/><RYUUKYOKU ba="0,1" sc="201,15,250,-15,250,-15,289,15" hai0="5,6,48,52,56,92,94" hai3="15,16,20,21,23,49,54,77,83,86,129,130,131" /><INIT seed="2,1,1,0,0,68" ten="216,235,235,304" oya="2" hai0="48,27,119,125,44,31,13,57,82,1,16,114,28" hai1="4,17,77,65,33,84,73,87,49,128,58,129,85" hai2="55,34,12,104,66,76,5,135,113,35,22,39,9" hai3="19,41,6,133,115,96,18,106,37,59,88,21,97"/><V74/><F113/><W132/><G115/><T122/><D114/><U79/><E33/><V112/><F112/><W64/><G6/><T109/><D122/><U99/><E4/><V75/><F104/><W78/><G78/><T116/><D1/><U3/><E3/><V46/><F66/><W54/><G64/><T102/><D102/><U86/><E17/><V40/><F135/><N who="3" m="51787" /><G106/><T23/><D109/><U92/><E49/><V81/><F75/><W95/><G97/><T111/><D111/><U126/><E126/><V45/><F55/><W14/><G18/><T118/><D125/><U62/><N who="1" m="21504" /><DORA hai="0" /><U124/><E124/><V38/><REACH who="2" step="1"/><F22/><REACH who="2" ten="216,235,225,304" step="2"/><W43/><G54/><N who="0" m="31943" /><D82/><U83/><REACH who="1" step="1"/><E79/><REACH who="1" ten="216,225,225,304" step="2"/><V107/><F107/><W103/><G21/><N who="0" m="11407" /><D31/><U7/><E7/><V130/><F130/><W90/><G103/><AGARI ba="1,3" hai="58,62,65,73,77,83,92,99,103,128,129" m="21504" machi="103" ten="50,1600,0" yaku="1,1,53,0" doraHai="68,0" doraHaiUra="8,15" who="1" fromWho="3" sc="216,0,225,49,225,0,304,-19" /><INIT seed="3,0,0,1,5,36" ten="216,274,225,285" oya="3" hai0="123,90,35,69,43,133,56,125,64,57,5,29,60" hai1="61,2,110,17,3,117,93,109,120,97,30,37,58" hai2="9,121,98,132,41,72,131,112,14,122,34,51,25" hai3="62,95,77,83,91,79,59,129,108,115,52,134,84"/><W15/><G115/><T23/><D123/><N who="2" m="47114" /><F112/><W0/><G0/><T10/><D35/><U19/><E120/><V6/><F72/><W100/><G134/><T18/><D29/><U54/><E117/><V94/><F132/><W39/><G129/><T85/><D133/><U40/><E30/><N who="2" m="19791" /><F131/><W135/><G135/><T63/><D125/><U118/><E118/><V130/><F130/><W42/><G108/><N who="1" m="41578" /><E2/><V82/><F82/><W32/><G32/><T65/><D69/><U124/><E3/><V24/><F24/><W49/><G39/><T53/><D5/><U22/><E124/><V76/><F76/><W113/><G113/><T103/><D103/><N who="1" m="60847" /><E22/><V126/><F126/><W106/><G106/><T74/><D74/><U78/><E78/><V67/><F67/><W107/><G107/><T119/><D119/><U86/><E86/><V38/><F38/><W4/><G79/><T114/><D114/><U28/><E28/><V33/><F33/><W68/><G77/><T96/><D64/><U101/><E101/><N who="2" m="60631" /><F51/><W116/><G116/><T71/><D23/><U70/><E70/><V44/><F44/><AGARI ba="0,0" hai="17,19,37,40,44,54,58,61" m="60847,41578" machi="44" ten="30,2000,0" yaku="14,1,52,1" doraHai="36" who="1" fromWho="2" sc="216,0,274,20,225,-20,285,0" /><INIT seed="4,0,0,1,0,56" ten="216,294,205,285" oya="0" hai0="112,123,69,120,90,47,116,33,94,44,28,68,27" hai1="5,15,134,79,63,16,30,102,62,132,32,114,85" hai2="7,23,80,75,135,10,124,29,42,60,48,86,17" hai3="106,128,9,122,119,84,98,58,104,73,115,76,35"/><T22/><D116/><U83/><E114/><V45/><F75/><W82/><G35/><T13/><D112/><U89/><E5/><V130/><F130/><W96/><G115/><T40/><D68/><U92/><E102/><V37/><F124/><W100/><G119/><T127/><D127/><U51/><E51/><V126/><F126/><W49/><G128/><T54/><D69/><U36/><E36/><V11/><F29/><W121/><G9/><T78/><D78/><U61/><E30/><V25/><F135/><N who="1" m="51753" /><E32/><V46/><F7/><W21/><G21/><T74/><D74/><N who="1" m="43511" /><E63/><V91/><REACH who="2" step="1"/><F60/><REACH who="2" ten="216,294,195,285" step="2"/><W53/><G73/><T1/><D28/><U26/><E26/><V20/><F20/><AGARI ba="0,1" hai="15,16,20,61,62,85,89,92" m="43511,51753" machi="20" ten="30,7700,0" yaku="20,1,52,2,54,1" doraHai="56" who="1" fromWho="2" sc="216,0,294,87,195,-77,285,0" /><INIT seed="5,0,0,4,2,17" ten="216,381,118,285" oya="1" hai0="105,2,69,53,15,122,90,57,129,126,47,33,8" hai1="83,95,98,75,118,73,131,31,56,110,21,6,61" hai2="111,121,125,124,9,41,66,4,48,67,30,134,7" hai3="87,12,28,43,16,74,85,132,112,18,101,80,37"/><U107/><E118/><V109/><F121/><W100/><G74/><T62/><D105/><U3/><E131/><V78/><F134/><W99/><G132/><T38/><D33/><U29/><E107/><V89/><F78/><W115/><G28/><T120/><D2/><U23/><E110/><V133/><F133/><W52/><G37/><T91/><D129/><U40/><E40/><V94/><F30/><N who="1" m="11273" /><E3/><V79/><F79/><W135/><G43/><T72/><D72/><U58/><E75/><V113/><F113/><N who="3" m="43595" /><G135/><T49/><D69/><U104/><E104/><V13/><F4/><W65/><G65/><N who="2" m="24585" /><F48/><W36/><G36/><T59/><D126/><N who="2" m="48746" /><F41/><W24/><G99/><AGARI ba="0,0" hai="7,9,13,89,94,99,109,111" m="48746,24585" machi="99" ten="30,1000,0" yaku="18,1" doraHai="17" who="2" fromWho="3" sc="216,0,381,0,118,10,285,-10" /><INIT seed="6,0,0,2,2,132" ten="216,381,128,275" oya="2" hai0="68,13,130,51,116,96,6,55,134,41,92,76,71" hai1="99,121,48,61,101,46,79,15,87,86,111,98,36" hai2="122,52,19,119,84,34,108,104,65,17,127,72,23" hai3="123,42,30,20,43,89,115,38,49,74,110,0,103"/><V112/><F122/><W35/><G123/><T18/><D134/><U59/><E111/><V16/><F72/><W94/><G110/><T28/><D130/><U133/><E121/><V70/><F108/><W63/><G38/><T102/><D116/><U77/><E133/><V67/><F119/><W126/><G0/><T29/><D6/><U64/><E36/><V22/><F34/><W125/><G35/><T118/><D118/><U9/><E87/><V105/><F112/><W100/><G74/><T58/><D76/><N who="1" m="29259" /><E86/><V26/><F70/><W128/><G63/><T27/><D41/><N who="3" m="15369" /><G49/><T50/><D50/><U21/><E21/><N who="2" m="7691" /><F127/><N who="3" m="48651" /><G128/><T44/><D58/><U109/><E59/><V95/><F105/><W40/><N who="3" m="15377" /><W54/><DORA hai="78" /><G115/><T135/><D135/><U131/><E61/><V57/><F104/><W5/><G5/><T31/><D68/><U32/><E48/><N who="2" m="30855" /><F26/><N who="3" m="16711" /><G54/><T12/><D71/><U114/><E32/><V37/><F37/><W88/><G89/><AGARI ba="0,0" hai="16,17,19,65,67,84,89,95" m="30855,7691" machi="89" ten="30,5800,0" yaku="8,1,54,2" doraHai="132,78" who="2" fromWho="3" sc="216,0,381,0,128,58,275,-58" /><INIT seed="6,1,0,3,5,78" ten="216,381,186,217" oya="2" hai0="0,48,118,80,84,135,101,130,116,40,44,34,86" hai1="72,109,122,115,85,30,64,61,87,75,81,41,26" hai2="134,106,24,111,117,37,123,79,35,43,68,52,88" hai3="100,132,27,129,12,127,17,19,113,18,96,16,97"/><V105/><F123/><W14/><G132/><T95/><D34/><U15/><E109/><V77/><F117/><N who="0" m="45162" /><D0/><U8/><E122/><V38/><F68/><W76/><G129/><T128/><D135/><U21/><E115/><V45/><F134/><W20/><G127/><T74/><D74/><U133/><E133/><V89/><F38/><W25/><G113/><T82/><D95/><U9/><E41/><V119/><F119/><W104/><G76/><N who="0" m="46087" /><D101/><U121/><E87/><V93/><F89/><AGARI ba="1,0" hai="40,44,48,82,86,89,128,130" m="46087,45162" machi="89" ten="30,3900,0" yaku="12,1,52,2" doraHai="78" who="0" fromWho="2" sc="216,42,381,0,186,-42,217,0" /><INIT seed="7,0,0,0,1,77" ten="258,381,144,217" oya="3" hai0="105,133,129,99,43,28,60,131,135,132,24,68,102" hai1="74,52,32,34,62,78,64,5,92,110,107,87,130" hai2="29,21,39,112,49,108,96,124,111,88,9,1,10" hai3="80,7,127,17,20,106,71,8,109,98,48,83,116"/><W93/><G116/><T118/><D43/><U119/><E110/><V61/><F39/><W42/><G71/><T44/><D44/><U19/><E107/><V79/><F112/><W121/><G106/><T2/><D2/><U66/><E5/><V113/><F113/><W18/><G121/><T91/><D118/><U31/><E74/><V13/><F124/><W82/><G127/><T95/><D60/><U40/><E40/><V94/><F1/><W36/><G36/><T56/><D56/><U120/><E120/><V104/><F104/><W72/><G72/><T45/><D45/><U59/><E130/><N who="0" m="49673" /><D68/><U97/><E64/><V123/><F123/><W6/><G109/><T86/><D133/><U100/><E66/><V69/><F79/><W114/><G8/><T12/><D12/><U47/><E47/><V22/><F49/><W23/><G42/><T27/><D27/><U33/><E59/><V103/><F103/><N who="3" m="60879" /><G48/><T63/><D63/><U3/><E62/><V117/><F117/><W0/><G114/><T90/><D90/><U85/><E100/><V101/><F101/><W126/><G126/><T70/><D70/><U35/><E119/><V73/><F73/><W89/><G89/><T30/><D102/><U67/><E3/><V54/><F69/><W14/><G0/><T122/><D122/><U81/><E35/><V37/><F37/><W51/><G51/><T4/><D132/><U75/><E34/><V57/><F9/><W65/><G65/><T84/><D105/><U76/><E33/><V41/><F41/><W16/><G23/><N who="2" m="8713" /><F29/><W15/><G20/><RYUUKYOKU ba="0,0" sc="258,-15,381,-15,144,15,217,15" hai2="10,13,54,57,61,88,94,96,108,111" hai3="6,7,14,15,16,17,18,80,82,83" /><INIT seed="7,1,0,3,2,59" ten="243,366,159,232" oya="3" hai0="29,41,113,23,17,120,114,70,97,38,22,0,123" hai1="71,107,117,20,14,75,28,132,104,121,43,11,45" hai2="125,8,131,62,86,74,92,32,46,15,36,24,98" hai3="126,69,124,54,76,105,31,94,78,18,77,60,133"/><W91/><G105/><T37/><D70/><U73/><E121/><V81/><F74/><W83/><G133/><T6/><D97/><U25/><E71/><V39/><F125/><N who="3" m="48235" /><G31/><T118/><D118/><U102/><E132/><V10/><F131/><W127/><G127/><T3/><D41/><U80/><E117/><V12/><F32/><W26/><G26/><N who="0" m="16607" /><D38/><U134/><E134/><V35/><F35/><W40/><G18/><T44/><D44/><U88/><E102/><V110/><F110/><W135/><G40/><T30/><D37/><U96/><E107/><V1/><F1/><N who="0" m="586" /><D6/><U101/><E45/><V47/><F24/><W64/><G54/><T84/><D84/><U128/><E43/><V63/><F39/><W56/><G135/><T13/><D30/><U82/><E28/><V19/><F36/><W48/><G48/><T108/><D108/><U112/><E104/><V65/><F65/><W51/><G51/><T85/><D85/><U5/><E75/><V99/><F47/><W87/><G69/><T7/><D7/><U95/><E5/><V53/><F46/><W66/><G66/><T106/><D106/><U79/><E73/><AGARI ba="1,0" hai="56,60,64,73,76,77,78,83,87,91,94" m="48235" machi="73" ten="30,2900,0" yaku="18,1,52,1" doraHai="59" who="3" fromWho="1" sc="243,0,366,-32,159,0,232,32" /><INIT seed="7,2,0,3,3,36" ten="243,334,159,264" oya="3" hai0="73,89,130,131,4,96,38,108,110,91,103,121,79" hai1="74,65,133,9,54,106,135,132,94,53,114,49,77" hai2="23,124,31,25,76,3,43,100,71,134,83,40,50" hai3="30,0,28,18,87,1,122,117,61,21,12,127,55"/><W29/><G122/><T37/><D4/><U26/><E106/><V14/><F3/><W48/><G117/><T97/><D121/><U125/><E125/><V5/><F71/><W42/><G127/><T99/><D103/><U34/><E114/><V81/><F124/><W93/><G61/><T88/><D37/><U82/><E65/><V69/><F69/><W98/><G87/><T60/><D60/><U57/><E9/><V22/><F134/><W17/><G17/><T129/><D38/><U120/><E120/><V115/><F115/><W105/><G105/><T78/><D73/><U15/><E15/><V104/><F104/><W13/><G13/><T59/><D59/><N who="1" m="33199" /><E94/><V101/><F50/><W35/><G35/><T90/><N who="0" m="22528" /><DORA hai="109" /><T72/><D72/><U68/><E68/><V84/><F83/><W113/><G113/><T85/><D85/><U45/><E57/><V20/><F5/><W56/><REACH who="3" step="1"/><G42/><REACH who="3" ten="243,334,159,254" step="2"/><N who="2" m="15913" /><F14/><W75/><G75/><T62/><D62/><U128/><E34/><V44/><F44/><W118/><G118/><T67/><D67/><U27/><E45/><V41/><N who="2" m="15921" /><V16/><DORA hai="80" /><F16/><W46/><G46/><T6/><D6/><U11/><E74/><V63/><F63/><W70/><G70/><T112/><D112/><U95/><E135/><V119/><F119/><W102/><AGARI ba="2,1" hai="0,1,12,18,21,28,29,30,48,55,56,93,98,102" machi="102" ten="30,6000,0" yaku="1,1,0,1,53,1" doraHai="36,109,80" doraHaiUra="64,92,7" who="3" fromWho="3" sc="243,-22,334,-22,159,-22,254,76" owari="221,-18.0,312,11.0,137,-36.0,330,43.0" /></mjloggm>