<mjloggm ver="2.3"><GO type="169" lobby="0"/><UN n0="%E3%82%B9%E3%83%8A%E3%83%83%E3%82%AF%E7%9E%B3" n1="%E8%88%AC%E5%8D%93%E6%B0%91%E3%81%AE%E6%9C%9D%E3%81%AF%E6%97%A9%E3%81%84" n2="%47%2E%4B%2E" n3="%E8%A5%BF%E5%B2%A1%E8%82%B2%E6%9C%AA%E2%99%AA" dan="16,17,17,16" rate="2121.64,2230.37,2203.84,2117.56" sx="M,M,M,F"/><TAIKYOKU oya="0"/><INIT seed="0,0,0,4,4,13" ten="250,250,250,250" oya="0" hai0="35,36,115,43,75,81,64,34,33,121,104,25,39" hai1="66,29,70,110,23,10,27,21,37,53,103,20,4" hai2="16,30,14,89,59,15,73,128,95,93,26,69,61" hai3="55,31,32,97,24,40,45,134,50,94,60,52,12"/><T125/><D115/><U80/><E37/><V11/><F73/><W91/><G134/><T58/><D121/><U116/><E103/><V57/><F128/><W79/><G79/><T85/><D104/><U62/><E116/><V3/><F3/><W82/><G82/><T120/><D75/><U113/><E113/><V28/><F14/><W109/><G109/><T99/><D125/><U78/><E53/><V74/><F74/><W49/><G60/><T111/><D99/><U65/><E110/><V105/><F105/><W129/><G129/><T124/><D43/><U0/><E66/><V47/><F47/><W84/><G12/><T68/><D68/><U119/><E119/><V2/><F2/><W7/><G7/><T71/><D71/><U108/><E108/><V6/><F69/><W42/><REACH who="3" step="1"/><G97/><REACH who="3" ten="250,250,250,240" step="2"/><T112/><D111/><U118/><E118/><V5/><F61/><W56/><AGARI ba="0,1" hai="24,31,32,40,42,45,49,50,52,55,56,84,91,94" machi="56" ten="20,12000,2" yaku="1,1,2,1,0,1,7,1,54,1,53,2" doraHai="13" doraHaiUra="48" who="3" fromWho="3" sc="250,-60,250,-30,250,-30,240,130" /><INIT seed="1,0,0,1,4,1" ten="190,220,220,370" oya="1" hai0="31,67,79,18,108,35,51,13,22,36,2,74,72" hai1="6,9,95,77,93,135,45,62,0,21,76,20,69" hai2="132,119,99,65,48,34,97,52,128,83,55,14,117" hai3="104,111,131,24,26,66,87,59,85,80,11,100,98"/><U58/><E135/><V125/><F34/><W19/><G111/><T112/><D36/><U56/><E69/><V17/><F128/><W57/><G131/><T38/><D38/><U60/><E45/><V107/><F125/><W5/><G87/><T30/><D2/><U94/><E0/><V46/><F132/><W49/><G19/><T101/><D108/><U123/><E123/><V54/><F65/><W37/><G37/><T129/><D101/><U75/><E75/><V28/><F28/><W133/><G133/><T15/><D67/><U89/><E89/><V122/><F122/><W10/><G10/><T3/><D3/><U103/><E103/><V64/><F64/><W126/><G126/><T16/><D51/><U81/><E81/><V82/><F117/><W102/><G102/><T118/><D79/><N who="1" m="30283" /><E6/><V29/><F29/><W47/><G85/><T44/><D129/><U90/><E90/><V109/><F107/><W110/><G80/><N who="2" m="30761" /><F119/><W53/><G110/><T115/><D44/><U106/><E9/><N who="2" m="6351" /><F109/><W61/><G47/><T43/><D22/><N who="1" m="8811" /><E106/><V23/><F23/><W73/><G73/><T127/><D127/><U40/><E40/><AGARI ba="0,0" hai="40,46,48,52,54,55,97,99" m="6351,30761" machi="40" ten="30,2000,0" yaku="8,1,54,1" doraHai="1" who="2" fromWho="1" sc="190,0,220,-20,220,20,370,0" /><INIT seed="2,0,0,3,0,115" ten="190,200,240,370" oya="2" hai0="98,81,83,10,101,93,35,105,59,116,89,123,117" hai1="18,0,100,109,2,125,41,38,16,5,130,122,107" hai2="92,25,132,67,129,113,58,62,119,64,74,24,47" hai3="111,4,73,50,128,114,112,103,55,72,43,44,84"/><V65/><F113/><N who="3" m="43627" /><G111/><T52/><D123/><U17/><E38/><V106/><F106/><W39/><G128/><T57/><D10/><U104/><E41/><V12/><F74/><W7/><G103/><T68/><D35/><U6/><E100/><V22/><F132/><W20/><G20/><T133/><D68/><U48/><E109/><V26/><F129/><W32/><G32/><T79/><D133/><U66/><E48/><V21/><F119/><N who="0" m="45642" /><D79/><U135/><E135/><V102/><F47/><N who="3" m="28127" /><G84/><N who="0" m="52391" /><D57/><U69/><E130/><V96/><F12/><W70/><G70/><T51/><AGARI ba="0,0" hai="51,52,59,81,83,98,101,105" m="52391,45642" machi="51" ten="30,8000,1" yaku="12,1,52,3,54,1" doraHai="115" who="0" fromWho="0" sc="190,80,200,-20,240,-40,370,-20" /><INIT seed="3,0,0,2,2,12" ten="270,180,200,350" oya="3" hai0="51,52,114,118,128,67,120,125,38,56,77,95,20" hai1="88,98,87,108,82,35,116,31,79,5,75,40,103" hai2="107,105,134,36,104,21,117,126,81,112,72,84,62" hai3="43,86,16,2,3,11,96,65,30,119,17,60,71"/><W27/><G119/><T22/><D38/><U124/><E116/><V121/><F117/><W48/><G96/><T131/><D120/><U64/><E108/><V29/><F36/><W0/><G11/><T1/><D118/><U54/><E124/><V129/><F112/><W80/><G48/><T68/><D1/><U106/><E5/><V76/><F62/><W39/><G43/><T57/><D68/><U127/><E127/><V19/><F29/><W135/><G135/><T130/><D125/><U13/><E40/><V44/><F44/><W123/><G39/><T110/><D110/><U83/><E13/><V97/><F134/><W92/><G92/><T4/><D4/><U42/><E42/><V85/><F129/><W69/><G69/><T89/><D77/><U49/><E64/><V26/><F121/><W34/><REACH who="3" step="1"/><G123/><REACH who="3" ten="270,180,200,340" step="2"/><T9/><D9/><U33/><REACH who="1" step="1"/><E31/><REACH who="1" ten="270,170,200,340" step="2"/><V47/><F126/><W73/><G73/><T7/><D128/><U46/><AGARI ba="0,2" hai="33,35,46,49,54,75,79,82,83,87,88,98,103,106" machi="46" ten="20,12000,2" yaku="1,1,2,1,0,1,7,1,54,1,53,1" doraHai="12" doraHaiUra="93" who="1" fromWho="1" sc="270,-30,170,140,200,-30,340,-60" /><INIT seed="4,0,0,5,0,130" ten="240,310,170,280" oya="0" hai0="73,10,14,23,88,21,66,82,126,99,52,71,105" hai1="103,128,104,43,78,37,35,79,54,92,36,29,32" hai2="122,115,75,108,25,111,46,81,28,63,60,4,133" hai3="0,93,24,67,113,85,117,77,34,121,94,19,27"/><T96/><D126/><U38/><E128/><V15/><F122/><W59/><G0/><T89/><D71/><U62/><E104/><V72/><F115/><W95/><G117/><T31/><D66/><U18/><E43/><V55/><F4/><W118/><G118/><T76/><D23/><U84/><E18/><V16/><F46/><W114/><G121/><T91/><D105/><U110/><E110/><V125/><F125/><W68/><G68/><T20/><D20/><U30/><E103/><V48/><F108/><W116/><G116/><T26/><REACH who="0" step="1"/><D52/><REACH who="0" ten="230,310,170,280" step="2"/><U33/><E54/><V132/><F55/><W80/><G67/><T47/><D47/><U119/><E119/><V123/><F111/><W39/><G59/><T131/><D131/><U56/><E56/><V12/><F123/><W107/><G107/><T41/><D41/><U1/><E35/><V13/><F48/><W86/><G34/><T64/><D64/><U42/><E42/><V112/><F112/><W8/><G113/><T49/><D49/><U102/><E36/><V57/><F57/><W134/><G39/><T74/><D74/><U101/><E33/><V90/><F75/><W61/><G114/><T87/><D87/><U9/><E32/><V100/><F72/><W109/><G86/><T51/><D51/><U83/><E84/><N who="2" m="50447" /><F28/><W58/><G109/><T70/><D70/><U65/><E30/><V22/><F100/><N who="1" m="38505" /><E29/><V17/><F60/><W97/><G61/><T11/><D11/><U98/><E62/><V69/><F17/><AGARI ba="0,1" hai="10,14,17,21,26,31,73,76,82,88,89,91,96,99" machi="17" ten="40,3900,0" yaku="1,1,54,1,53,0" doraHai="130" doraHaiUra="53" who="0" fromWho="2" sc="230,49,310,0,170,-39,280,0" /><INIT seed="4,1,0,1,1,110" ten="279,310,131,280" oya="0" hai0="52,48,23,17,117,122,104,92,78,76,35,93,15" hai1="0,94,54,129,134,34,2,71,126,40,130,86,124" hai2="57,36,70,6,121,115,74,77,28,39,105,135,73" hai3="18,22,97,16,42,107,63,81,60,37,87,46,49"/><T53/><D117/><U19/><E71/><V133/><F57/><W85/><G107/><T99/><D122/><U89/><E34/><V84/><F84/><W62/><G97/><T69/><D35/><U7/><E40/><V82/><F28/><W112/><G112/><T29/><D69/><U30/><E30/><V13/><F13/><W1/><G1/><T125/><D125/><N who="1" m="48235" /><E19/><V4/><F82/><W88/><G37/><N who="2" m="14409" /><F77/><N who="3" m="46255" /><G22/><T91/><D104/><U3/><E54/><N who="0" m="21097" /><D48/><U5/><E134/><N who="2" m="51211" /><F105/><W50/><G49/><T101/><D29/><U51/><E51/><V114/><F121/><W116/><G116/><T33/><D33/><U38/><E38/><V80/><F70/><W98/><G98/><AGARI ba="1,0" hai="15,17,23,76,78,91,92,93,98,99,101" m="21097" machi="98" ten="30,2900,0" yaku="8,1,54,1" doraHai="110" who="0" fromWho="3" sc="279,32,310,0,131,0,280,-32" /><INIT seed="4,2,0,0,1,56" ten="311,310,131,248" oya="0" hai0="95,57,97,116,61,102,30,92,72,124,9,67,78" hai1="69,2,132,131,86,6,114,59,91,130,26,84,1" hai2="11,64,46,109,36,60,105,52,0,90,42,58,126" hai3="119,81,29,103,53,44,17,5,89,83,16,54,63"/><T4/><D116/><U96/><E69/><V108/><F105/><W75/><G119/><T68/><D124/><U13/><E132/><V24/><F24/><W41/><G103/><T99/><D30/><U80/><E13/><V94/><F126/><W65/><G5/><T76/><D72/><U117/><E117/><V123/><F123/><W104/><G104/><T10/><D68/><U20/><E96/><V31/><F31/><W28/><G75/><T32/><D32/><U15/><E15/><V47/><F0/><W73/><G73/><T118/><D118/><U38/><E38/><V23/><F23/><W128/><G128/><N who="1" m="49194" /><E114/><V25/><F11/><N who="0" m="4106" /><D4/><U19/><E6/><V22/><F47/><W7/><G7/><T8/><N who="0" m="4114" /><T120/><DORA hai="3" /><D120/><U135/><E135/><V74/><F74/><W39/><G29/><T79/><D79/><N who="1" m="46111" /><E59/><V121/><F121/><W125/><G125/><T55/><D67/><U50/><E50/><V122/><F64/><W82/><G39/><T40/><D40/><U100/><E100/><AGARI ba="2,0" hai="55,57,61,76,78,92,95,97,99,100,102" m="4114" machi="100" ten="30,2900,0" yaku="8,1,52,1" doraHai="56,3" who="0" fromWho="1" sc="311,35,310,-35,131,0,248,0" /><INIT seed="4,3,0,2,5,36" ten="346,275,131,248" oya="0" hai0="125,39,120,26,46,79,63,52,2,80,3,16,108" hai1="41,23,50,123,44,5,109,67,40,91,15,29,25" hai2="100,57,112,81,0,135,20,68,21,97,75,84,66" hai3="30,103,104,38,127,10,28,54,72,13,111,110,95"/><T130/><D120/><U93/><E109/><V121/><F121/><W133/><G72/><T34/><D125/><U53/><E123/><V22/><F112/><W43/><G127/><T101/><D130/><U94/><E67/><V92/><F0/><W51/><G133/><T19/><D101/><U96/><E93/><V73/><F68/><W85/><G104/><T9/><D108/><U58/><E44/><V90/><F135/><W74/><G74/><N who="0" m="43127" /><D2/><U64/><E64/><V106/><F66/><W12/><G12/><T47/><D26/><U32/><REACH who="1" step="1"/><E23/><REACH who="1" ten="346,265,131,248" step="2"/><V42/><F57/><W99/><G110/><T33/><D46/><U60/><E60/><V18/><F75/><W24/><G111/><T128/><D34/><U8/><AGARI ba="3,1" hai="5,8,15,25,29,32,40,41,50,53,58,91,94,96" machi="8" ten="30,7900,0" yaku="1,1,0,1,52,2,53,0" doraHai="36" doraHaiUra="70" who="1" fromWho="1" sc="346,-42,265,98,131,-23,248,-23" /><INIT seed="5,0,0,5,5,42" ten="304,363,108,225" oya="1" hai0="57,35,96,127,5,68,37,45,99,85,40,89,30" hai1="90,38,56,119,23,113,73,95,71,97,31,67,78" hai2="111,4,21,114,106,13,43,12,9,14,64,2,101" hai3="98,128,76,53,1,55,118,33,36,60,131,41,103"/><U48/><E119/><V7/><F106/><W117/><G1/><T120/><D68/><U80/><E38/><V15/><F64/><W105/><G33/><T88/><D127/><U59/><E113/><V122/><F101/><W26/><G26/><T125/><D125/><U124/><E124/><V0/><F43/><W18/><G18/><T28/><D120/><U126/><E71/><V133/><F122/><W93/><G76/><T70/><D70/><U29/><E126/><V77/><F77/><W27/><G27/><T74/><D74/><U20/><E59/><V121/><F121/><W94/><G60/><T63/><D5/><N who="2" m="2122" /><F111/><W79/><G79/><T69/><D69/><U6/><E6/><N who="2" m="3127" /><F133/><W46/><G93/><T19/><D19/><U3/><E3/><N who="2" m="1067" /><F114/><W84/><G84/><T130/><D96/><U8/><E80/><V65/><F65/><W17/><G17/><AGARI ba="0,0" hai="13,14,15,17,21" m="1067,3127,2122" machi="17" ten="30,8000,1" yaku="35,5" doraHai="42" who="2" fromWho="3" sc="304,0,363,0,108,80,225,-80" /><INIT seed="6,0,0,0,3,11" ten="304,363,188,145" oya="2" hai0="5,23,44,36,71,103,76,31,17,4,65,59,106" hai1="98,119,45,115,116,68,101,80,75,33,131,85,18" hai2="109,69,13,14,72,9,102,117,39,12,89,83,125" hai3="32,77,28,26,122,79,126,121,95,94,37,70,35"/><V74/><F117/><W130/><G26/><T22/><D71/><U58/><E68/><V86/><F69/><W48/><G70/><T108/><D108/><U63/><E33/><V0/><F39/><W54/><G37/><T2/><D76/><N who="3" m="29257" /><G48/><T55/><D65/><U27/><E75/><V123/><F123/><N who="3" m="47115" /><G28/><T24/><D103/><U78/><E115/><V21/><F109/><W66/><G66/><T3/><D106/><U100/><E131/><V120/><F120/><W25/><G25/><T30/><D30/><U62/><E101/><V87/><F102/><W113/><G54/><T92/><D4/><U90/><E58/><V97/><F125/><W96/><G130/><T104/><D104/><U93/><E116/><V111/><F111/><W105/><G96/><T61/><D5/><U84/><E45/><V42/><F97/><W6/><G6/><T67/><D3/><U49/><E49/><V99/><F99/><W73/><G73/><T53/><D2/><U135/><E119/><V7/><F42/><W128/><G128/><T91/><D44/><U19/><E27/><V88/><REACH who="2" step="1"/><F21/><REACH who="2" ten="304,363,178,145" step="2"/><W47/><G105/><T1/><D36/><U20/><E20/><V114/><F114/><W129/><G129/><T8/><D23/><U112/><E112/><V133/><F133/><W34/><G113/><T132/><D132/><U81/><E135/><V107/><F107/><W134/><G134/><T38/><D38/><U40/><E40/><V52/><F52/><W15/><G126/><T124/><D124/><U82/><E98/><V64/><F64/><W50/><G34/><RYUUKYOKU ba="0,1" sc="304,-10,363,-10,178,30,145,-10" hai2="0,7,9,12,13,14,72,74,83,86,87,88,89" /><INIT seed="6,1,1,4,3,107" ten="294,353,208,135" oya="2" hai0="26,129,87,39,67,53,69,40,61,50,114,91,42" hai1="44,65,1,92,113,45,46,135,4,8,12,17,84" hai2="15,35,80,121,81,82,115,31,33,83,52,14,74" hai3="90,70,55,97,116,133,38,94,99,73,72,66,111"/><V49/><F121/><W124/><G111/><T25/><D114/><U32/><E113/><V22/><F115/><W109/><G109/><T95/><D129/><U77/><E135/><V60/><F60/><W36/><G116/><T64/><D64/><U47/><E32/><V9/><F22/><W23/><G133/><T134/><D134/><U71/><E71/><V76/><F31/><W10/><G124/><T101/><D101/><U5/><E65/><V132/><F132/><W118/><G118/><T85/><D85/><U128/><E128/><V130/><F130/><W78/><G10/><T37/><D42/><U2/><E2/><V104/><F104/><W48/><G78/><T51/><D50/><U79/><E47/><V103/><F103/><W29/><G97/><T126/><D126/><U63/><E63/><V131/><F131/><W88/><G90/><T68/><D37/><U110/><E1/><V56/><REACH who="2" step="1"/><F14/><REACH who="2" ten="294,353,198,135" step="2"/><W59/><G70/><T119/><D68/><U19/><E110/><V62/><F62/><W34/><G34/><T123/><D123/><U89/><E4/><AGARI ba="1,2" hai="4,9,15,33,35,49,52,56,74,76,80,81,82,83" machi="4" ten="40,12000,1" yaku="1,1,52,1,54,1,53,2" doraHai="107" doraHaiUra="30" who="2" fromWho="1" sc="294,0,353,-123,198,143,135,0" /><INIT seed="6,2,0,5,4,86" ten="294,230,341,135" oya="2" hai0="117,93,101,28,73,64,0,95,131,67,79,98,99" hai1="4,53,128,30,83,35,50,45,124,1,109,78,132" hai2="9,5,36,6,46,84,118,14,91,105,57,19,42" hai3="90,120,55,3,17,32,88,68,61,112,47,72,10"/><V100/><F118/><W121/><G32/><T70/><D117/><U22/><E109/><V15/><F57/><W54/><G72/><T43/><D131/><U24/><E128/><V110/><F110/><W52/><G112/><T63/><D0/><U126/><E132/><V97/><REACH who="2" step="1"/><F15/><REACH who="2" ten="294,230,331,135" step="2"/><N who="3" m="7415" /><G121/><T87/><D70/><U41/><E124/><V85/><F85/><W81/><G68/><T33/><D87/><U103/><E126/><V8/><F8/><W2/><G2/><T56/><D73/><U77/><E1/><V25/><F25/><W16/><G3/><T7/><D56/><U108/><E108/><V69/><F69/><W123/><G123/><T134/><D134/><U49/><E24/><V18/><F18/><W94/><G120/><T104/><D7/><U133/><E30/><V82/><AGARI ba="2,1" hai="5,6,9,14,19,36,42,46,82,84,91,97,100,105" machi="82" ten="20,7800,0" yaku="1,1,0,1,7,1,52,1,53,0" doraHai="86" doraHaiUra="58" who="2" fromWho="2" sc="294,-28,230,-28,331,94,135,-28" /><INIT seed="6,3,0,5,4,36" ten="266,202,425,107" oya="2" hai0="101,108,53,73,13,1,71,9,80,65,54,14,130" hai1="72,95,91,106,39,63,67,102,42,27,62,48,12" hai2="120,76,82,69,87,32,122,115,112,107,75,51,94" hai3="98,38,124,127,60,16,19,88,49,50,84,99,46"/><V79/><F32/><W23/><G60/><T24/><D108/><U90/><E72/><V111/><F69/><W133/><G133/><T34/><D1/><U0/><E0/><V103/><F51/><N who="3" m="19467" /><G38/><T64/><D101/><U7/><E106/><V96/><F111/><W77/><G77/><T116/><D80/><U126/><E39/><V33/><F33/><W30/><G30/><T118/><D34/><U93/><E27/><V128/><F128/><W123/><G46/><T85/><D71/><U117/><E117/><V44/><F44/><W15/><G123/><N who="2" m="47145" /><F79/><W57/><G57/><T110/><D110/><U11/><E102/><V132/><F132/><W131/><G131/><T56/><D56/><U43/><E48/><V8/><F8/><W104/><G19/><T29/><D130/><U18/><E18/><V125/><F125/><N who="3" m="48203" /><G104/><T109/><D29/><U68/><E126/><V74/><F107/><W41/><G41/><N who="1" m="15370" /><E68/><V47/><F47/><W114/><G114/><AGARI ba="3,0" hai="74,75,76,82,87,94,96,103,112,114,115" m="47145" machi="114" ten="30,5800,0" yaku="15,1,34,2" doraHai="36" who="2" fromWho="3" sc="266,0,202,0,425,67,107,-67" /><INIT seed="6,4,0,0,3,135" ten="266,202,492,40" oya="2" hai0="74,64,46,131,78,62,126,134,24,102,57,4,108" hai1="70,58,39,69,60,88,99,121,95,30,3,75,80" hai2="82,106,132,73,109,110,120,94,36,116,14,47,76" hai3="65,38,43,42,113,10,18,33,40,34,124,93,37"/><V9/><F9/><W22/><BYE who="2" /><G10/><T101/><D108/><UN n2="%47%2E%4B%2E" /><U7/><E121/><V49/><F106/><W28/><G28/><T130/><D134/><U72/><E39/><V125/><F36/><W52/><G38/><T97/><D4/><U56/><E30/><V104/><F104/><W5/><G37/><T66/><D46/><U15/><E3/><V63/><F94/><W6/><G65/><T11/><D11/><U31/><E31/><V0/><F0/><W68/><G68/><T119/><D66/><U111/><E111/><V13/><F63/><W105/><G105/><T61/><D61/><U133/><E133/><V89/><F89/><W21/><G113/><T50/><D50/><U77/><E7/><V112/><F112/><W90/><G33/><T55/><D64/><U127/><E15/><V81/><F13/><W53/><G34/><T19/><D24/><U103/><E75/><V115/><F14/><W100/><G100/><T91/><D101/><U92/><E69/><V17/><F17/><W48/><G124/><T117/><D19/><U71/><E127/><V44/><F125/><W12/><G22/><T41/><D126/><U128/><E70/><V83/><F110/><W26/><G26/><T79/><D91/><U59/><E71/><V45/><F109/><W123/><G123/><T122/><D122/><U114/><E114/><V67/><F115/><W85/><REACH who="3" step="1"/><G53/><REACH who="3" ten="266,202,492,30" step="2"/><N who="0" m="34095" /><D102/><U129/><E60/><V23/><F120/><W84/><G84/><T29/><D29/><U107/><E107/><V25/><F132/><W27/><G27/><T35/><D35/><RYUUKYOKU ba="4,1" sc="266,-15,202,15,492,-15,30,15" hai1="56,58,59,72,77,80,88,92,95,99,103,128,129" hai3="5,6,12,18,21,40,42,43,48,52,85,90,93" /><INIT seed="7,5,1,3,1,94" ten="251,217,477,45" oya="3" hai0="12,134,125,105,43,9,36,135,121,84,53,68,35" hai1="76,116,31,113,50,102,7,119,87,25,64,85,1" hai2="24,17,67,117,92,66,129,123,39,18,19,46,101" hai3="4,54,114,57,120,122,118,79,89,69,132,2,0"/><W65/><G118/><N who="1" m="45098" /><E113/><V75/><F75/><W104/><G114/><T58/><D68/><U60/><E76/><V52/><F129/><W51/><G132/><N who="0" m="50731" /><D35/><N who="1" m="20975" /><E50/><N who="2" m="28759" /><F39/><W47/><G104/><T14/><D105/><U37/><E37/><V103/><F123/><W6/><G79/><T70/><D70/><N who="1" m="42247" /><E102/><N who="2" m="38923" /><F117/><W90/><G69/><T21/><D36/><U29/><E29/><V93/><F24/><W107/><G107/><T26/><D26/><U112/><E112/><V78/><F78/><W81/><G120/><T38/><D38/><U33/><E33/><V72/><F72/><W91/><G122/><T44/><D121/><U8/><AGARI ba="5,1" hai="1,7,8,85,87" m="42247,20975,45098" machi="8" ten="30,1100,0" yaku="12,1" doraHai="94" who="1" fromWho="1" sc="251,-8,217,36,477,-8,45,-10" owari="243,-16.0,253,5.0,469,57.0,35,-46.0" /></mjloggm>