<mjloggm ver="2.3"><GO type="169" lobby="0"/><UN n0="%E8%91%B5%E3%81%A1%E3%82%83%E3%82%93" n1="%E9%87%8C%E6%9C%A8%E4%BB%81" n2="%E3%83%8B%E3%83%A3%E3%83%83%E3%83%94%E3%83%BC%E5%A4%8F%E7%9B%AE" n3="%E8%A5%BF%E5%B2%A1%E8%82%B2%E6%9C%AA%E2%99%AA" dan="16,16,18,16" rate="2128.28,2123.24,2304.44,2111.82" sx="F,M,M,F"/><TAIKYOKU oya="0"/><INIT seed="0,0,0,5,3,134" ten="250,250,250,250" oya="0" hai0="70,98,62,26,38,51,29,135,72,0,10,21,75" hai1="128,25,7,127,68,91,122,5,27,52,131,12,9" hai2="103,117,78,86,99,79,64,1,132,104,66,102,49" hai3="36,105,42,53,37,110,59,48,34,95,46,130,54"/><T113/><D38/><U8/><E122/><V119/><F1/><W22/><G105/><T112/><D135/><U121/><E68/><V107/><F132/><W83/><G34/><T90/><D75/><U106/><E106/><N who="2" m="40491" /><F49/><N who="3" m="31151" /><G95/><T57/><D72/><U116/><E91/><V93/><F64/><W63/><G22/><T41/><D70/><U109/><E52/><V67/><F67/><W124/><G83/><T15/><D0/><N who="1" m="39" /><E121/><V28/><F28/><W3/><G3/><T80/><D51/><U39/><E39/><N who="3" m="14922" /><G130/><T96/><D96/><U81/><E81/><N who="2" m="47415" /><F66/><W23/><G23/><T120/><D98/><U20/><E27/><V73/><F102/><W35/><G35/><T133/><D26/><U89/><E25/><V82/><AGARI ba="0,0" hai="73,79,82,93,99,103,117,119" m="47415,40491" machi="82" ten="30,2000,0" yaku="34,2" doraHai="134" who="2" fromWho="2" sc="250,-10,250,-5,250,20,250,-5" /><INIT seed="1,0,0,4,0,64" ten="240,245,270,245" oya="1" hai0="30,83,32,35,100,102,3,119,46,78,67,40,91" hai1="130,66,63,7,85,74,93,115,59,72,21,88,133" hai2="50,125,18,99,22,116,121,60,97,56,96,77,53" hai3="135,23,45,114,118,48,55,68,98,8,5,44,54"/><U81/><E115/><V13/><F116/><W111/><G114/><T1/><D119/><U117/><E117/><V58/><F121/><W31/><G118/><T37/><D91/><U29/><E133/><V112/><F112/><W94/><G111/><T33/><D30/><U80/><E130/><V108/><F108/><W27/><G68/><T124/><D124/><U15/><E74/><V105/><F125/><W17/><G135/><T43/><D43/><U87/><E72/><V57/><F105/><W123/><G123/><T26/><D26/><N who="1" m="16591" /><E85/><V113/><F113/><W14/><G31/><T122/><D122/><U41/><E41/><V62/><REACH who="2" step="1"/><F77/><REACH who="2" ten="240,245,260,245" step="2"/><W38/><G38/><T19/><D37/><U28/><E28/><V52/><F52/><W106/><G106/><T84/><D78/><U69/><E69/><V0/><F0/><W25/><G55/><T90/><D3/><U39/><E39/><V128/><F128/><W127/><G127/><T70/><D1/><U2/><E2/><V4/><F4/><W6/><G6/><T109/><D109/><U75/><E75/><V71/><F71/><W24/><REACH who="3" step="1"/><G44/><AGARI ba="0,1" hai="13,18,22,44,50,53,56,57,58,60,62,96,97,99" machi="44" ten="40,2600,0" yaku="1,1,8,1,53,0" doraHai="64" doraHaiUra="120" who="2" fromWho="3" sc="240,0,245,0,260,36,245,-26" /><INIT seed="2,0,0,2,3,40" ten="240,245,296,219" oya="2" hai0="14,125,102,81,88,69,41,16,133,59,100,75,50" hai1="43,80,110,107,86,46,32,17,13,53,21,119,132" hai2="87,30,0,77,71,6,22,109,65,90,93,8,60" hai3="39,116,29,55,26,19,24,44,129,126,73,112,58"/><V38/><F38/><W4/><G116/><T83/><D69/><U122/><E119/><V51/><F109/><W78/><G129/><T128/><D128/><U67/><E110/><V5/><F5/><W111/><G111/><T127/><D133/><U66/><E132/><V98/><F30/><W85/><G126/><N who="0" m="48139" /><D75/><U68/><E122/><V91/><F22/><W92/><G4/><T106/><D106/><U84/><E107/><V76/><REACH who="2" step="1"/><F51/><REACH who="2" ten="240,245,286,219" step="2"/><W131/><G44/><N who="0" m="25871" /><D59/><U105/><E46/><V47/><F47/><W33/><G58/><T10/><D83/><AGARI ba="0,1" hai="0,6,8,60,65,71,76,77,83,87,90,91,93,98" machi="83" ten="30,2900,0" yaku="1,1,7,1,53,0" doraHai="40" doraHaiUra="114" who="2" fromWho="0" sc="240,-29,245,0,286,39,219,0" /><INIT seed="2,1,0,5,4,101" ten="211,245,325,219" oya="2" hai0="31,83,98,59,102,36,29,24,27,50,85,57,47" hai1="111,75,114,58,93,3,7,25,17,96,64,23,90" hai2="28,118,21,44,19,37,69,94,39,105,110,134,104" hai3="26,16,33,15,115,120,108,95,107,55,11,12,130"/><V67/><F118/><W53/><G120/><T109/><D109/><U117/><E117/><V71/><F28/><W34/><G108/><T49/><D36/><U79/><E111/><V62/><F110/><W8/><G130/><T35/><D85/><U4/><E3/><V41/><F134/><W103/><G115/><T135/><D83/><U5/><E114/><V38/><F71/><W77/><G77/><T116/><D116/><U86/><E75/><V128/><F128/><W43/><G95/><T42/><D50/><U9/><E9/><V80/><F94/><W119/><G43/><T2/><D2/><U121/><E121/><V6/><F6/><W52/><G26/><T40/><D40/><U51/><E64/><V92/><F92/><W65/><G65/><T97/><D135/><U124/><E124/><V70/><F70/><W88/><G88/><T82/><D82/><N who="1" m="47455" /><E58/><V22/><F22/><W13/><G13/><T125/><D125/><U84/><E51/><V46/><F80/><W73/><G73/><T0/><D0/><U106/><E106/><V91/><F91/><W131/><G131/><T122/><D122/><U81/><E5/><V132/><F132/><W68/><G68/><T126/><D126/><U112/><E112/><V78/><F78/><AGARI ba="1,0" hai="4,7,17,23,25,78,81,84,90,93,96" m="47455" machi="78" ten="30,1000,0" yaku="8,1" doraHai="101" who="1" fromWho="2" sc="211,0,245,13,325,-13,219,0" /><INIT seed="3,0,0,5,0,19" ten="211,258,312,219" oya="3" hai0="123,30,12,4,72,62,74,28,81,101,63,86,134" hai1="66,77,40,47,16,64,85,126,44,3,57,54,33" hai2="45,108,25,91,110,106,112,76,135,99,23,22,53" hai3="69,51,20,34,37,8,2,18,107,133,10,120,127"/><W50/><G120/><T9/><D123/><U15/><E3/><V1/><F1/><W55/><G37/><T75/><D134/><U132/><E33/><V78/><F112/><W98/><G133/><T21/><D101/><U59/><E126/><V79/><F135/><W89/><G69/><T111/><D111/><N who="2" m="42538" /><F25/><W109/><G34/><T84/><D84/><U129/><E129/><V94/><F106/><W6/><G127/><T93/><D93/><U116/><E116/><V24/><F24/><W65/><G65/><N who="1" m="25194" /><E40/><V29/><F29/><W26/><G109/><T42/><D42/><U35/><E35/><V117/><F117/><W114/><G114/><T130/><D130/><U121/><E121/><V61/><F45/><N who="1" m="17481" /><E54/><V27/><F27/><W83/><G107/><T13/><D30/><U67/><N who="1" m="25202" /><U49/><DORA hai="71" /><E49/><V68/><F68/><W113/><G51/><T104/><D104/><U39/><E39/><V41/><F41/><W128/><G50/><T100/><D28/><U7/><E7/><V11/><F11/><W96/><G55/><T70/><D70/><U88/><E132/><V119/><F119/><W95/><G128/><T0/><D0/><U87/><E77/><V115/><F115/><W118/><G113/><T31/><D31/><U38/><E38/><V73/><F73/><W105/><G118/><T56/><D74/><U52/><E52/><V48/><F48/><W82/><G10/><T5/><D72/><U32/><E32/><V58/><AGARI ba="0,0" hai="22,23,53,58,61,76,78,79,91,94,99" m="42538" machi="58" ten="40,5200,0" yaku="14,1,52,2" doraHai="19,71" who="2" fromWho="2" sc="211,-13,258,-13,312,52,219,-26" /><INIT seed="4,0,0,1,1,112" ten="198,245,364,193" oya="0" hai0="6,36,5,128,131,91,97,33,27,114,37,87,57" hai1="95,92,55,64,60,3,7,74,39,124,41,127,108" hai2="111,32,130,123,88,113,26,93,80,96,45,14,10" hai3="51,20,121,25,84,115,29,9,118,75,52,12,82"/><T59/><D114/><U23/><E74/><V0/><F113/><W102/><G115/><T19/><D97/><U104/><E104/><V103/><F123/><W109/><G109/><T98/><D98/><U101/><E108/><V120/><F120/><W129/><G121/><T69/><D69/><N who="1" m="42119" /><E55/><V48/><F111/><W46/><G129/><N who="0" m="49739" /><D57/><U49/><E49/><V119/><F130/><W63/><G102/><T100/><D100/><U16/><E101/><V134/><F0/><W132/><G132/><T21/><D59/><U42/><E7/><N who="0" m="2569" /><D33/><U76/><E3/><V122/><F134/><W56/><G75/><T133/><D133/><U77/><E127/><V18/><F122/><W34/><G118/><T68/><D68/><U35/><E35/><V8/><F119/><W65/><G34/><T106/><D106/><U43/><E124/><V85/><F32/><W31/><G31/><T89/><D89/><U117/><E117/><V126/><F126/><W78/><G9/><T72/><D72/><U24/><E39/><V107/><F107/><W90/><G90/><T70/><D70/><U38/><E38/><V61/><F61/><W79/><G78/><T81/><AGARI ba="0,0" hai="19,21,27,36,37,81,87,91" m="2569,49739" machi="81" ten="30,1500,0" yaku="19,1" doraHai="112" who="0" fromWho="0" sc="198,15,245,-5,364,-5,193,-5" /><INIT seed="4,1,0,2,1,66" ten="213,240,359,188" oya="0" hai0="13,10,101,30,41,84,65,12,8,56,83,103,64" hai1="21,33,129,75,133,86,95,77,61,2,117,106,1" hai2="78,14,127,69,130,92,35,55,85,104,51,67,80" hai3="115,59,121,43,39,68,48,126,107,128,79,71,123"/><T45/><D30/><U113/><E117/><V9/><F104/><W94/><G107/><T99/><D12/><U114/><E33/><V60/><F130/><W96/><G79/><T62/><D64/><U15/><E106/><V102/><F127/><W73/><G73/><T40/><D99/><U49/><E129/><V122/><F122/><N who="3" m="46603" /><G128/><T63/><D63/><U72/><E133/><V74/><F35/><W118/><G118/><T81/><D81/><N who="1" m="47407" /><E49/><V34/><F34/><W24/><G126/><T110/><D110/><U22/><E95/><V38/><F38/><W111/><G24/><T5/><D10/><U47/><E47/><V90/><F102/><N who="3" m="60695" /><G111/><T132/><D132/><U46/><E75/><V100/><F100/><N who="0" m="38474" /><D45/><U58/><E46/><V57/><F14/><W134/><G134/><T6/><D6/><U31/><E15/><V135/><F135/><W88/><G39/><T112/><D112/><U125/><E125/><V82/><F9/><W27/><G115/><T76/><AGARI ba="1,0" hai="5,8,13,40,41,56,62,65,76,83,84" m="38474" machi="76" ten="30,1500,0" yaku="8,1" doraHai="66" who="0" fromWho="0" sc="213,18,240,-6,359,-6,188,-6" /><INIT seed="4,2,0,2,3,125" ten="231,234,353,182" oya="0" hai0="78,30,121,114,42,50,100,9,82,113,84,68,95" hai1="8,32,51,79,48,72,102,2,57,28,92,130,64" hai2="45,129,54,18,76,77,5,83,52,119,80,61,97" hai3="94,40,43,90,10,85,46,41,36,96,134,35,33"/><T107/><D121/><U0/><E72/><V65/><F129/><W69/><G134/><T39/><D68/><U135/><E79/><V24/><F119/><W67/><G69/><T74/><D39/><U103/><E135/><V53/><F5/><W14/><G67/><T56/><D30/><U1/><E8/><V44/><F97/><W7/><G35/><T70/><D70/><U120/><E120/><V11/><F65/><W25/><G33/><T112/><D9/><U111/><E111/><V4/><F61/><W49/><G25/><T88/><D56/><U106/><E106/><V122/><F122/><W63/><G63/><T86/><D50/><U126/><E126/><V118/><F118/><W16/><G36/><T99/><D42/><U6/><E6/><V21/><F76/><W127/><G127/><T29/><D29/><U123/><E123/><V34/><F34/><W19/><REACH who="3" step="1"/><G96/><AGARI ba="2,0" hai="74,78,82,84,86,88,95,96,99,100,107,112,113,114" machi="96" ten="40,12000,1" yaku="15,1,34,3,54,1" doraHai="125" who="0" fromWho="3" sc="231,126,234,0,353,0,182,-126" /><INIT seed="4,3,0,2,2,69" ten="357,234,353,56" oya="0" hai0="70,92,43,33,49,23,20,104,61,68,9,6,44" hai1="10,11,99,117,80,2,124,1,113,66,108,87,93" hai2="14,101,65,105,52,4,48,88,77,81,60,16,107" hai3="22,98,3,110,36,122,58,8,130,83,90,32,72"/><T50/><D104/><U121/><E117/><V115/><F115/><W127/><G58/><T30/><D33/><U129/><E108/><V39/><F39/><W84/><G22/><T109/><D109/><U123/><E66/><V64/><F4/><W73/><G8/><T17/><D30/><U120/><E129/><V42/><F42/><W111/><G98/><T41/><D92/><U116/><E116/><V26/><F26/><W62/><G84/><T125/><D125/><U12/><E124/><V13/><F13/><W15/><G15/><T54/><D23/><U76/><E113/><V45/><F101/><W79/><G62/><T29/><D29/><U59/><E59/><N who="2" m="36895" /><F65/><W0/><G90/><T126/><D126/><U37/><E37/><V96/><F77/><W85/><G85/><T75/><D75/><U82/><E82/><V134/><F134/><W131/><G83/><T132/><D132/><U91/><REACH who="1" step="1"/><E11/><REACH who="1" ten="357,224,353,56" step="2"/><N who="2" m="6239" /><F96/><W128/><G36/><T89/><D9/><U135/><E135/><V67/><F67/><W74/><G127/><T86/><D68/><U40/><E40/><V57/><F57/><W100/><G111/><T31/><D70/><U34/><E34/><V97/><F97/><W5/><G32/><T19/><D43/><U94/><E94/><V63/><F63/><W119/><G110/><T28/><D61/><U46/><E46/><V24/><F81/><W118/><G119/><T47/><D44/><U95/><E95/><V56/><F56/><W106/><G118/><T71/><D47/><U55/><E55/><V25/><F52/><W103/><G128/><RYUUKYOKU ba="3,1" sc="357,-10,224,30,353,-10,56,-10" hai1="1,2,10,12,76,80,87,91,93,99,120,121,123" /><INIT seed="5,4,1,3,3,15" ten="347,254,343,46" oya="1" hai0="59,121,116,134,64,86,0,111,30,114,55,39,106" hai1="120,38,6,122,48,88,127,21,115,68,132,46,9" hai2="26,117,3,83,43,105,108,36,89,10,57,124,2" hai3="135,69,82,50,33,125,102,110,72,4,79,133,23"/><U42/><E115/><V28/><F108/><W112/><G110/><T44/><D44/><U126/><E132/><V73/><F117/><W45/><G33/><T8/><D30/><U90/><E68/><V60/><F105/><W54/><G69/><T76/><D86/><U34/><E34/><V49/><F124/><N who="1" m="47657" /><E38/><V65/><F36/><W119/><G125/><T17/><D39/><U66/><E66/><V62/><F10/><W80/><G112/><T14/><D64/><U47/><E47/><V11/><F11/><W131/><G119/><T97/><D59/><U37/><E21/><V22/><F43/><W27/><G4/><T13/><D8/><U51/><E51/><V92/><F49/><W107/><G131/><T40/><D40/><U118/><E118/><V101/><F101/><W29/><G102/><T56/><D116/><U16/><E37/><V25/><F62/><W61/><G107/><T78/><D106/><U52/><E42/><V32/><F83/><W98/><G98/><T1/><D114/><U58/><E46/><V7/><F73/><W99/><G99/><T20/><D111/><U123/><E16/><V87/><F7/><W81/><REACH who="3" step="1"/><G61/><REACH who="3" ten="347,254,343,36" step="2"/><T113/><D113/><U96/><E96/><V94/><F60/><W100/><G100/><T104/><D97/><U63/><E63/><V41/><F65/><W70/><G70/><T31/><D104/><U35/><E35/><V19/><F32/><W128/><G128/><T129/><D129/><U91/><E123/><V95/><F2/><AGARI ba="4,2" hai="2,6,9,48,52,58,88,90,91,120,122" m="47657" machi="2" ten="30,5800,0" yaku="18,1,54,2" doraHai="15" who="1" fromWho="2" sc="347,0,254,90,343,-70,36,0" /><INIT seed="5,5,0,0,2,104" ten="347,344,273,36" oya="1" hai0="0,22,58,31,25,48,43,52,60,110,39,38,86" hai1="15,37,123,98,45,87,53,35,27,112,101,132,47" hai2="91,117,107,19,116,42,103,119,89,124,122,28,10" hai3="8,133,9,6,99,135,90,46,41,23,1,118,79"/><U59/><E123/><V97/><F122/><W71/><G71/><T34/><D110/><U65/><E112/><V81/><F42/><W66/><G66/><T94/><D0/><U96/><E132/><V17/><F124/><W128/><G128/><T109/><D109/><U105/><E65/><V49/><F28/><W64/><G64/><T51/><D34/><U33/><E98/><V56/><F10/><W77/><G118/><T72/><D72/><U129/><E129/><V120/><F120/><W57/><G57/><T83/><D94/><U106/><E106/><V70/><F70/><W69/><G69/><T115/><D115/><U13/><E87/><V73/><F49/><W32/><G32/><T78/><D43/><U125/><E125/><V61/><F17/><W12/><G23/><T92/><D92/><U108/><E108/><V5/><F19/><W62/><G62/><T114/><D114/><U54/><E54/><V24/><F24/><W113/><G113/><T85/><D85/><U75/><E75/><V3/><F5/><W55/><G55/><T7/><REACH who="0" step="1"/><D7/><REACH who="0" ten="337,344,273,36" step="2"/><U20/><E35/><V134/><F3/><W76/><G99/><T74/><D74/><U18/><E33/><V50/><F134/><W21/><G133/><T84/><D84/><U80/><E80/><V127/><F127/><W36/><G135/><T63/><D63/><U95/><E95/><V4/><F4/><W44/><G41/><T2/><D2/><U29/><E37/><AGARI ba="5,1" hai="22,25,31,37,38,39,48,51,52,58,60,78,83,86" machi="37" ten="40,2600,0" yaku="1,1,54,1,53,0" doraHai="104" doraHaiUra="88" who="0" fromWho="1" sc="337,51,344,-41,273,0,36,0" /><INIT seed="6,0,0,1,1,71" ten="388,303,273,36" oya="2" hai0="96,22,37,104,31,73,36,48,45,6,39,42,1" hai1="130,118,119,94,108,16,97,62,23,60,102,49,65" hai2="79,25,93,129,17,51,87,128,26,86,76,113,13" hai3="61,106,90,53,43,20,59,117,116,2,54,110,80"/><V44/><F113/><W64/><G110/><T77/><D22/><U107/><E108/><V75/><F75/><W103/><G2/><T66/><D66/><U15/><E130/><N who="2" m="50283" /><F93/><W95/><G80/><N who="0" m="45103" /><D48/><U83/><E83/><N who="2" m="47463" /><F87/><W82/><G82/><T133/><D31/><U52/><E107/><V105/><F105/><W122/><G103/><N who="0" m="62567" /><D133/><U84/><E84/><V3/><F79/><W46/><G106/><T91/><D91/><U92/><E92/><V72/><F3/><W88/><G90/><T67/><D67/><U33/><E65/><V98/><F98/><W131/><G131/><T134/><D134/><U68/><E68/><V11/><F72/><W50/><G122/><T100/><D100/><U121/><E121/><V27/><F27/><W57/><G20/><T70/><D70/><U127/><E97/><V125/><F125/><W10/><G10/><AGARI ba="0,0" hai="1,6,10,36,37,39,42,45" m="62567,45103" machi="10" ten="30,12000,2" yaku="25,1,33,2,52,3" doraHai="71" who="0" fromWho="3" sc="388,120,303,0,273,0,36,-120" owari="508,61.0,303,10.0,273,-13.0,-84,-58.0" /></mjloggm>