<mjloggm ver="2.3"><GO type="169" lobby="0"/><UN n0="%4E%45%4F%E3%81%B5%E3%81%A3%E3%81%8F%E3%82%93" n1="%E9%9B%AA%E6%9C%88%E9%A2%A8%E8%8A%B1" n2="%E6%81%A9%E7%94%B0%E5%B8%8C" n3="%E5%8F%A4%E6%9C%AC" dan="16,16,17,16" rate="2083.69,2203.21,2109.82,2047.22" sx="M,M,F,M"/><TAIKYOKU oya="0"/><INIT seed="0,0,0,4,3,64" ten="250,250,250,250" oya="0" hai0="100,77,103,73,110,35,43,82,52,91,54,93,50" hai1="116,133,4,123,42,24,12,55,125,96,130,40,57" hai2="47,104,127,5,71,79,84,126,70,18,33,23,94" hai3="16,15,86,108,85,115,134,3,26,129,13,30,28"/><T107/><D35/><U38/><E24/><V62/><F104/><W78/><G115/><T76/><D76/><U22/><E96/><V117/><F117/><W34/><G3/><T90/><D110/><U95/><E22/><V132/><F5/><W60/><G108/><T36/><D36/><U29/><E95/><V119/><F62/><W83/><G129/><T39/><D39/><U92/><E92/><V102/><F47/><W131/><G131/><T68/><D68/><U113/><E12/><V9/><F9/><W48/><G134/><T41/><D54/><U109/><E29/><V106/><F132/><W1/><G30/><T121/><D121/><U59/><E57/><V80/><F106/><W81/><G1/><T63/><D63/><U89/><E89/><V111/><F119/><W75/><G60/><T8/><D8/><U45/><E40/><V7/><F7/><W31/><G28/><T67/><D67/><U112/><E112/><V65/><F65/><W46/><G15/><T61/><D61/><U2/><E4/><V21/><F21/><W124/><G81/><T118/><D91/><U122/><E122/><V135/><F33/><W53/><REACH who="3" step="1"/><G124/><REACH who="3" ten="250,250,250,240" step="2"/><N who="2" m="47657" /><F135/><W19/><G19/><T97/><D118/><U17/><E133/><V49/><F111/><W101/><G101/><T98/><REACH who="0" step="1"/><D103/><REACH who="0" ten="240,250,250,240" step="2"/><U6/><E109/><V105/><F102/><W51/><G51/><T11/><D11/><AGARI ba="0,2" hai="11,13,16,26,31,34,46,48,53,75,78,83,85,86" machi="11" ten="30,3900,0" yaku="1,1,7,1,54,1,53,0" doraHai="64" doraHaiUra="66" who="3" fromWho="0" sc="240,-39,250,0,250,0,240,59" /><INIT seed="1,0,0,1,2,109" ten="201,250,250,299" oya="1" hai0="7,8,87,16,111,24,70,11,122,43,41,80,120" hai1="63,18,46,105,132,108,73,49,30,96,102,88,71" hai2="121,10,44,69,28,2,45,112,66,131,133,104,17" hai3="38,14,134,12,123,23,75,126,61,83,97,93,135"/><U114/><E108/><V90/><F104/><W1/><G1/><T94/><D111/><U124/><E124/><V25/><F121/><N who="0" m="46698" /><D70/><U117/><E117/><V21/><F66/><W6/><G123/><T78/><D94/><U118/><E118/><V65/><F65/><W98/><G38/><T67/><D67/><U37/><E132/><N who="3" m="50730" /><G61/><T31/><D7/><U34/><E37/><V127/><F69/><W53/><G126/><T113/><D113/><U95/><E73/><V54/><F133/><W82/><G53/><T77/><D77/><U32/><E114/><V79/><F54/><W86/><G75/><T40/><D16/><U100/><E18/><V119/><F17/><N who="3" m="10663" /><G93/><T4/><D4/><U15/><E71/><V60/><F112/><W59/><G59/><T103/><D103/><U74/><E102/><V107/><F127/><W58/><G58/><T42/><N who="0" m="10240" /><DORA hai="89" /><T92/><D92/><U130/><E95/><V84/><F119/><W36/><G36/><T20/><AGARI ba="0,0" hai="8,11,20,24,31,78,80,87" m="10240,46698" machi="20" ten="50,1600,0" yaku="13,1" doraHai="109,89" who="0" fromWho="0" sc="201,16,250,-8,250,-4,299,-4" /><INIT seed="2,0,0,4,4,59" ten="217,242,246,295" oya="2" hai0="124,6,93,89,51,110,125,14,65,48,47,70,73" hai1="43,121,37,9,2,46,25,19,60,102,98,45,74" hai2="77,36,20,112,133,130,104,99,53,63,23,71,72" hai3="122,92,69,24,54,131,26,40,31,75,103,117,123"/><V38/><F112/><W82/><G117/><T83/><D110/><U134/><E121/><V79/><F130/><W49/><G69/><T67/><D6/><U32/><E134/><V126/><F133/><W17/><G40/><T64/><D14/><U61/><E74/><V66/><F126/><N who="0" m="48746" /><D73/><U85/><E45/><V7/><F7/><W3/><G3/><T62/><D83/><U127/><E127/><V15/><F53/><W10/><G131/><T44/><D93/><U33/><E85/><V111/><F111/><W0/><G82/><T100/><D100/><U108/><E108/><V135/><F135/><W113/><G75/><T105/><D89/><U95/><E2/><V18/><F23/><W29/><G113/><T88/><D88/><U106/><E106/><V42/><F42/><W1/><G103/><T28/><D28/><U21/><REACH who="1" step="1"/><E9/><REACH who="1" ten="217,232,246,295" step="2"/><V27/><F72/><W5/><G10/><T118/><D105/><U78/><E78/><V41/><F104/><W30/><G1/><T80/><D80/><U58/><E58/><V34/><F79/><W50/><G0/><T90/><D118/><U76/><E76/><V56/><F77/><W16/><G123/><T96/><D96/><U39/><E39/><V97/><F38/><W12/><G122/><T109/><D109/><U120/><E120/><V114/><F114/><W132/><G132/><T35/><D47/><U129/><E129/><V68/><F99/><W128/><G128/><T81/><D44/><U115/><E115/><V55/><F97/><W119/><G119/><T107/><D107/><U8/><E8/><RYUUKYOKU ba="0,1" sc="217,-10,232,30,246,-10,295,-10" hai1="19,21,25,32,33,37,43,46,60,61,95,98,102" /><INIT seed="3,1,1,1,1,111" ten="207,262,236,285" oya="3" hai0="62,119,70,121,132,82,107,33,19,32,71,54,60" hai1="116,74,48,39,47,41,104,4,100,30,43,10,110" hai2="56,115,126,81,24,105,5,6,52,77,117,65,133" hai3="89,97,125,80,53,12,78,113,23,57,8,42,34"/><W3/><G3/><T13/><D119/><U88/><E110/><V93/><F117/><W58/><G34/><T134/><D121/><U50/><E116/><V76/><F105/><W15/><G42/><T120/><D120/><U11/><E74/><V7/><F126/><W94/><G125/><T26/><D107/><U55/><E30/><V130/><F130/><W68/><G68/><T21/><D82/><U64/><E64/><V128/><F128/><W106/><G106/><T44/><D70/><U99/><E41/><V102/><F65/><W118/><G118/><T18/><D71/><U25/><E25/><V108/><F133/><N who="0" m="51306" /><D44/><U92/><E4/><V109/><F24/><W14/><G57/><N who="0" m="34871" /><D62/><U28/><E28/><V36/><F36/><W61/><G23/><AGARI ba="1,1" hai="13,18,19,21,23,26,32,33" m="34871,51306" machi="23" ten="30,1000,0" yaku="20,1" doraHai="111" who="0" fromWho="3" sc="207,23,262,0,236,0,285,-13" /><INIT seed="4,0,0,1,1,10" ten="230,262,236,272" oya="0" hai0="36,71,37,24,122,74,109,115,5,119,40,9,19" hai1="113,15,14,80,118,48,39,130,99,94,123,46,126" hai2="52,95,28,112,125,7,26,49,33,135,55,56,87" hai3="92,12,78,131,73,31,129,75,120,83,13,0,117"/><T2/><D115/><U45/><E118/><V106/><F112/><W101/><G117/><T61/><D119/><U18/><E113/><V27/><F106/><W17/><G0/><T79/><D122/><U44/><E123/><V43/><F135/><W132/><G120/><T82/><D109/><U68/><E39/><V1/><F125/><W85/><G132/><T84/><D84/><U23/><E68/><V4/><F43/><W3/><G31/><T127/><D127/><U121/><E130/><N who="3" m="49674" /><G3/><T90/><D90/><N who="1" m="55767" /><E121/><V110/><F1/><W65/><G65/><T21/><REACH who="0" step="1"/><D40/><REACH who="0" ten="220,262,236,272" step="2"/><N who="1" m="24583" /><E126/><V108/><F110/><W51/><G85/><T32/><D32/><U59/><E80/><V105/><F108/><W11/><G83/><T104/><D104/><U70/><E70/><V64/><F105/><W124/><G124/><T42/><D42/><U20/><E59/><V134/><F134/><W47/><G47/><T67/><AGARI ba="0,1" hai="2,5,9,19,21,24,36,37,61,67,71,74,79,82" machi="67" ten="30,6000,0" yaku="1,1,0,1,53,1" doraHai="10" doraHaiUra="66" who="0" fromWho="0" sc="220,70,262,-20,236,-20,272,-20" /><INIT seed="4,1,0,2,1,75" ten="290,242,216,252" oya="0" hai0="30,16,134,24,114,4,96,128,41,44,102,36,98" hai1="21,125,101,58,112,110,51,43,113,81,89,100,47" hai2="115,57,85,123,116,99,120,107,38,73,88,79,17" hai3="71,129,87,48,130,119,12,135,67,126,122,69,103"/><T111/><D114/><N who="1" m="44139" /><E110/><V7/><F57/><W35/><G35/><T66/><D111/><U91/><E125/><V6/><F17/><W64/><G126/><T25/><D134/><U106/><E106/><V19/><F19/><W50/><G103/><N who="1" m="39498" /><E81/><N who="2" m="45295" /><F38/><W37/><G87/><T33/><D128/><N who="3" m="49257" /><G12/><T11/><D102/><U56/><E21/><V54/><F54/><W78/><G37/><T65/><D65/><N who="3" m="25161" /><G119/><T29/><D66/><U14/><E14/><V23/><F23/><W72/><G122/><T40/><D16/><U46/><E46/><V3/><F115/><W1/><G1/><T62/><D62/><U13/><E13/><V108/><F3/><W0/><G0/><T20/><D40/><U117/><E117/><V32/><F32/><W104/><G104/><T9/><D9/><U55/><E58/><V97/><F108/><W52/><G135/><T22/><REACH who="0" step="1"/><D33/><REACH who="0" ten="280,242,216,252" step="2"/><U76/><E43/><V94/><F107/><W90/><G71/><T105/><D105/><U68/><E68/><V92/><F116/><W127/><G69/><T5/><D5/><U83/><E56/><V61/><F61/><W39/><G127/><T2/><AGARI ba="1,1" hai="2,4,11,20,22,24,25,29,30,36,41,44,96,98" machi="2" ten="20,7800,0" yaku="1,1,0,1,7,1,9,1,53,0" doraHai="75" doraHaiUra="80" who="0" fromWho="0" sc="280,91,242,-27,216,-27,252,-27" /><INIT seed="4,2,0,5,2,130" ten="371,215,189,225" oya="0" hai0="67,42,98,34,63,12,126,29,116,36,13,92,45" hai1="43,0,104,113,134,27,30,83,96,21,77,135,56" hai2="16,14,23,39,82,110,55,97,62,107,81,75,71" hai3="109,105,33,17,94,26,15,111,69,8,60,57,90"/><T74/><D74/><U95/><E104/><V112/><F110/><W102/><G69/><T41/><D116/><U122/><E0/><V129/><F129/><W65/><G102/><T53/><D126/><U48/><E122/><V120/><F120/><W87/><G105/><T44/><D29/><U31/><E31/><V101/><F75/><W118/><G118/><T128/><D34/><U4/><E4/><V119/><F39/><W59/><G33/><T91/><D128/><U133/><E113/><V99/><F119/><W73/><G73/><T80/><D80/><U47/><E56/><V66/><F112/><W22/><REACH who="3" step="1"/><G59/><REACH who="3" ten="371,215,189,215" step="2"/><T35/><D35/><U24/><E24/><V88/><REACH who="2" step="1"/><F55/><REACH who="2" ten="371,215,179,215" step="2"/><W28/><AGARI ba="2,2" hai="8,15,17,22,26,28,57,60,65,87,90,94,109,111" machi="28" ten="20,8000,1" yaku="1,1,2,1,0,1,7,1,53,1" doraHai="130" doraHaiUra="10" who="3" fromWho="3" sc="371,-42,215,-22,179,-22,215,106" /><INIT seed="5,0,0,4,2,44" ten="329,193,157,321" oya="1" hai0="130,57,81,2,120,23,103,41,82,20,109,35,110" hai1="94,125,22,53,86,106,15,39,111,76,1,127,129" hai2="38,96,55,97,24,56,26,71,105,104,128,114,61" hai3="32,84,31,91,14,135,33,17,67,89,132,0,11"/><U124/><E106/><V7/><F38/><W8/><G67/><T119/><D35/><N who="3" m="13385" /><G31/><T115/><D2/><U65/><E39/><V93/><F71/><W40/><G40/><T58/><D119/><U62/><E1/><V16/><F7/><N who="3" m="1127" /><G84/><T88/><D115/><U92/><E111/><V134/><F114/><W100/><G100/><T13/><D130/><U79/><E129/><V45/><F128/><W112/><G112/><T9/><D103/><U113/><E113/><V28/><F28/><W68/><G68/><T29/><D29/><U73/><E73/><V36/><F97/><W63/><G63/><T34/><D34/><U85/><E53/><V122/><F26/><W18/><G91/><T108/><D120/><U50/><E85/><V87/><F87/><W80/><G89/><T133/><D41/><U78/><E50/><V70/><F70/><W47/><G47/><T25/><D108/><U37/><E86/><V131/><F45/><W52/><G52/><T101/><D88/><U21/><E37/><V83/><F36/><W27/><G80/><T64/><D101/><U107/><E107/><V49/><F83/><W123/><G123/><T72/><D82/><U30/><E62/><V77/><F49/><W54/><G54/><T102/><D72/><U69/><E65/><V121/><F131/><W75/><G75/><T48/><D64/><U12/><E69/><V74/><F74/><W10/><G27/><T66/><D110/><U6/><E30/><V3/><F122/><W46/><G46/><T4/><D109/><U126/><N who="1" m="31744" /><DORA hai="59" /><U42/><E42/><RYUUKYOKU ba="0,0" sc="329,-10,193,-10,157,-10,321,30" hai3="10,11,14,17,18,132,135" /><INIT seed="6,1,0,2,3,117" ten="319,183,147,351" oya="2" hai0="99,89,50,92,35,128,8,46,32,58,27,37,135" hai1="95,127,91,126,83,43,38,122,130,84,115,114,53" hai2="47,1,41,70,101,49,14,51,108,75,3,77,52" hai3="98,17,107,42,103,24,40,104,97,112,15,121,119"/><V22/><F108/><W67/><G119/><T2/><D135/><U7/><E7/><V29/><F70/><W116/><G116/><T33/><D128/><U31/><E31/><V6/><F101/><W10/><G112/><N who="1" m="43050" /><E53/><V82/><F29/><W134/><G121/><T45/><D37/><U54/><E54/><V129/><F129/><W36/><G134/><T16/><D58/><U66/><E66/><V132/><F132/><W21/><G67/><T28/><D46/><N who="1" m="23927" /><E130/><V65/><F65/><W111/><G111/><T124/><D124/><N who="1" m="47659" /><E95/><V81/><F81/><W106/><G36/><T74/><D74/><U48/><E48/><V68/><F68/><W12/><G12/><T102/><D89/><U55/><E55/><V120/><F6/><W72/><G72/><T56/><D56/><U76/><E76/><V105/><F105/><W64/><G64/><T57/><D57/><U9/><E9/><V20/><F51/><W85/><G107/><T25/><D45/><U80/><E80/><V110/><F41/><W78/><G106/><T79/><D79/><U0/><E0/><N who="2" m="75" /><F110/><W11/><G42/><T13/><D50/><U125/><N who="1" m="47667" /><U96/><DORA hai="61" /><E96/><V94/><F94/><W131/><G131/><T44/><D44/><U34/><E34/><V30/><F30/><N who="3" m="17679" /><G40/><T69/><D69/><U123/><AGARI ba="1,0" hai="83,84,91,122,123" m="47667,23927,43050" machi="123" ten="50,8000,1" yaku="15,1,18,1,52,2" doraHai="117,61" who="1" fromWho="1" sc="319,-21,183,83,147,-41,351,-21" /><INIT seed="7,0,0,4,2,127" ten="298,266,106,330" oya="3" hai0="130,114,49,39,8,93,75,31,88,23,105,35,53" hai1="69,62,67,100,71,82,129,70,99,42,47,73,4" hai2="27,133,61,1,78,97,96,43,51,20,87,109,111" hai3="28,76,21,102,113,50,22,15,30,60,126,59,17"/><W16/><G113/><T92/><D105/><U132/><E132/><V94/><F1/><W25/><G126/><T33/><D75/><U44/><E129/><V115/><F133/><W9/><G102/><T34/><D130/><U58/><E4/><V125/><F125/><W32/><G32/><T119/><D39/><U84/><E73/><V66/><F115/><W117/><G117/><T80/><D119/><U122/><E122/><V101/><F96/><W45/><G9/><T123/><D123/><U103/><E103/><V110/><F43/><N who="3" m="24895" /><G76/><T7/><D114/><U63/><E63/><V52/><F78/><W118/><G118/><T37/><D37/><U98/><E98/><V13/><F87/><W128/><G128/><T19/><D80/><U90/><REACH who="1" step="1"/><E42/><REACH who="1" ten="298,256,106,330" step="2"/><V6/><F6/><W5/><G5/><T86/><D93/><AGARI ba="0,1" hai="44,47,58,62,67,69,70,71,82,84,90,93,99,100" machi="93" ten="40,2600,0" yaku="1,1,2,1,53,0" doraHai="127" doraHaiUra="135" who="1" fromWho="0" sc="298,-26,256,36,106,0,330,0" owari="272,-13.0,292,9.0,106,-39.0,330,43.0" /></mjloggm>