<mjloggm ver="2.3"><GO type="169" lobby="0"/><UN n0="%4E%45%4F%E3%81%B5%E3%81%A3%E3%81%8F%E3%82%93" n1="%73%6F%63%63%68%79" n2="%E3%81%BF%E3%81%A3%E3%81%8D%E3%83%BC" n3="%E6%B1%A0%E7%94%B0%E3%81%AD%E3%81%93" dan="16,17,17,16" rate="2085.41,2235.39,2195.32,2044.85" sx="M,M,M,F"/><TAIKYOKU oya="0"/><INIT seed="0,0,0,1,4,26" ten="250,250,250,250" oya="0" hai0="76,52,93,57,36,106,9,120,80,34,21,77,108" hai1="104,1,134,7,42,58,64,51,87,118,19,101,102" hai2="48,29,89,73,8,22,132,17,50,31,38,45,2" hai3="14,28,125,55,112,15,115,81,83,68,32,6,23"/><T84/><D120/><U12/><E118/><V98/><F38/><W54/><G68/><T129/><D34/><U41/><E134/><V79/><F73/><W11/><G32/><T100/><D36/><U95/><E104/><V65/><F79/><W124/><G81/><T35/><D35/><U121/><E121/><V128/><F128/><W88/><G55/><T116/><D129/><U126/><E7/><V47/><F65/><W18/><G54/><T59/><D116/><U69/><E1/><V96/><F8/><N who="3" m="6503" /><G88/><T94/><D108/><U107/><E107/><V109/><F109/><W86/><G86/><T110/><D110/><U25/><E25/><N who="2" m="14543" /><F2/><W91/><G91/><T133/><D76/><U33/><E69/><V74/><F74/><W127/><G83/><T43/><D43/><N who="1" m="16395" /><E33/><V117/><F132/><W46/><G46/><N who="2" m="17417" /><F117/><W135/><G135/><T37/><D106/><U0/><E0/><V105/><F105/><W70/><G70/><T119/><D37/><U131/><E131/><V66/><F66/><W103/><G103/><T90/><D100/><U111/><E111/><V27/><F89/><W78/><G78/><T16/><D119/><U75/><E75/><V49/><F27/><AGARI ba="0,0" hai="6,11,14,23,27,28,112,115,124,125,127" m="6503" machi="27" ten="30,7700,0" yaku="18,1,34,2,52,1" doraHai="26" who="3" fromWho="2" sc="250,0,250,0,250,-77,250,77" /><INIT seed="1,0,0,2,1,52" ten="250,250,173,327" oya="1" hai0="91,64,61,108,104,40,131,70,55,121,89,59,73" hai1="130,38,43,135,26,48,80,35,29,82,0,8,28" hai2="90,118,3,101,126,39,125,44,57,49,87,133,65" hai3="42,18,103,83,31,10,16,11,116,123,69,114,7"/><U46/><E130/><V2/><F118/><W22/><G69/><T129/><D108/><U106/><E106/><V62/><F39/><W76/><G114/><T30/><D104/><U132/><E29/><V124/><F101/><W71/><G71/><T92/><D73/><U113/><E113/><V34/><F34/><W77/><G123/><T115/><D121/><U105/><E105/><V36/><F36/><W32/><G103/><T41/><D115/><U37/><E37/><V107/><F107/><W122/><G42/><N who="0" m="16491" /><D30/><U84/><E48/><V75/><F75/><W119/><G122/><T50/><D92/><U94/><E94/><V56/><F133/><N who="1" m="51273" /><E84/><V23/><F23/><W95/><G95/><T86/><D86/><U98/><E98/><V110/><F110/><W109/><G109/><T58/><D91/><U45/><E45/><V51/><F44/><W79/><G83/><T21/><D21/><U67/><E67/><V128/><F128/><N who="0" m="49226" /><D89/><U19/><E0/><N who="2" m="43" /><F57/><AGARI ba="0,0" hai="50,55,57,58,59,61,64,70" m="49226,16491" machi="57" ten="30,12000,2" yaku="19,1,34,2,52,3" doraHai="52" who="0" fromWho="2" sc="250,120,250,0,173,-120,327,0" /><INIT seed="2,0,0,3,1,14" ten="370,250,53,327" oya="2" hai0="26,111,73,59,33,130,53,62,60,132,89,32,58" hai1="37,12,63,25,21,13,82,5,91,117,106,81,108" hai2="120,118,43,7,66,48,67,47,69,122,113,28,126" hai3="16,124,9,61,103,3,34,100,80,22,56,133,41"/><V88/><F28/><W83/><G34/><T15/><D111/><U23/><E117/><V0/><F7/><W38/><G38/><T96/><D132/><U110/><E106/><V36/><F0/><W75/><G41/><T20/><D130/><U135/><E37/><V107/><F107/><W1/><G133/><T4/><D73/><U10/><E135/><V71/><F118/><W97/><G124/><T2/><D2/><U79/><E91/><V72/><F72/><W27/><G103/><T45/><D45/><U101/><E101/><V92/><F113/><W24/><G24/><T128/><D128/><U125/><E125/><V99/><F126/><W94/><G75/><T104/><D104/><U119/><E119/><V19/><F36/><W86/><G9/><T112/><D112/><U116/><E116/><V18/><F69/><W123/><G123/><T31/><D15/><U65/><E23/><V29/><F29/><W127/><G127/><T39/><D4/><U76/><E13/><V115/><F115/><W64/><G83/><N who="1" m="31754" /><E110/><V46/><F46/><W35/><REACH who="3" step="1"/><G35/><REACH who="3" ten="370,250,53,317" step="2"/><T109/><D39/><U131/><E108/><V52/><F43/><W74/><G74/><T129/><D109/><U49/><E131/><V17/><REACH who="2" step="1"/><F71/><REACH who="2" ten="370,250,43,317" step="2"/><W11/><G11/><T85/><D129/><U70/><E70/><V95/><F95/><W98/><G98/><T134/><D96/><U6/><E10/><V93/><F93/><W114/><G114/><T51/><D134/><U84/><E6/><V57/><F57/><W121/><G121/><AGARI ba="0,2" hai="17,18,19,47,48,52,66,67,88,92,99,120,121,122" machi="121" ten="40,18000,2" yaku="1,1,52,3,54,2,53,1" doraHai="14" doraHaiUra="87" who="2" fromWho="3" sc="370,0,250,0,43,200,317,-180" /><INIT seed="2,1,0,5,2,78" ten="370,250,243,137" oya="2" hai0="19,8,128,102,77,45,87,106,100,24,75,12,74" hai1="134,48,9,80,97,39,31,46,121,26,64,61,67" hai2="135,84,33,88,132,29,15,55,49,96,41,99,25" hai3="16,72,76,94,113,40,14,122,91,65,131,115,36"/><V103/><F41/><W104/><G122/><T56/><D128/><U6/><E121/><V53/><F55/><W59/><G104/><T5/><D75/><U35/><E134/><N who="2" m="51243" /><F15/><W111/><G111/><T32/><D74/><U73/><E97/><V133/><N who="2" m="51251" /><V110/><DORA hai="95" /><F110/><W37/><G131/><T4/><D106/><U69/><E67/><V108/><F103/><W51/><G76/><T117/><D117/><U38/><E48/><V112/><F112/><W105/><G72/><T3/><D102/><U68/><E46/><N who="2" m="27831" /><F108/><W116/><G105/><T82/><D100/><U93/><E69/><V43/><F43/><W118/><G118/><T66/><D45/><U125/><E125/><V71/><F71/><W17/><G116/><T52/><D3/><N who="1" m="223" /><E93/><AGARI ba="1,0" hai="25,29,33,84,88,93,96,99" m="27831,51251" machi="93" ten="40,12000,1" yaku="20,1,52,2,54,1" doraHai="78,95" who="2" fromWho="1" sc="370,0,250,-123,243,123,137,0" /><INIT seed="2,2,0,4,1,40" ten="370,127,366,137" oya="2" hai0="11,80,84,26,103,107,44,20,128,79,46,102,38" hai1="5,83,125,30,63,108,124,60,55,35,36,91,89" hai2="132,120,122,21,69,90,92,8,6,10,4,126,67" hai3="57,110,86,130,88,48,76,115,62,54,78,73,19"/><V72/><F72/><W22/><G110/><T59/><D38/><U113/><E36/><V81/><F81/><W112/><G130/><T68/><D128/><U97/><E113/><N who="3" m="43594" /><G73/><T49/><D68/><U94/><E108/><V45/><F67/><W66/><G22/><T95/><D107/><U85/><E5/><V50/><F69/><N who="3" m="42199" /><G19/><T117/><D117/><U106/><E106/><V123/><F126/><N who="1" m="48745" /><E55/><V9/><F132/><W29/><G29/><T98/><D103/><U33/><E33/><V131/><F21/><W134/><G134/><T114/><D11/><U12/><E12/><V70/><F70/><W41/><G41/><T111/><D111/><U23/><E23/><V75/><F75/><W2/><G2/><T93/><D93/><AGARI ba="2,0" hai="48,54,57,76,78,86,88,93" m="42199,43594" machi="93" ten="30,2000,0" yaku="11,1,54,1" doraHai="40" who="3" fromWho="0" sc="370,-26,127,0,366,0,137,26" /><INIT seed="3,0,0,1,0,92" ten="344,127,366,163" oya="3" hai0="38,130,54,80,35,78,26,21,16,120,67,9,72" hai1="112,62,108,89,63,69,100,25,106,102,86,7,81" hai2="51,23,134,20,75,71,47,43,6,73,113,129,56" hai3="30,126,122,128,77,105,5,32,88,29,28,104,11"/><W121/><G77/><T18/><D120/><U127/><E112/><V79/><F113/><W48/><G32/><T97/><D38/><U116/><E108/><V107/><F71/><W49/><G128/><T50/><D130/><U22/><E127/><V99/><F129/><W37/><G37/><T111/><D111/><U31/><E116/><V15/><F134/><W27/><G126/><T8/><D67/><U14/><E69/><V93/><F107/><W45/><G27/><T64/><D64/><U60/><REACH who="1" step="1"/><E106/><REACH who="1" ten="344,117,366,163" step="2"/><V118/><F118/><W135/><G105/><T114/><D114/><U70/><E70/><V95/><F73/><W132/><G104/><T57/><D35/><U53/><E53/><V52/><F75/><W109/><G109/><T117/><D117/><U87/><E87/><V4/><F79/><W59/><G122/><T46/><D97/><U103/><E103/><N who="2" m="60911" /><F95/><W41/><G121/><T12/><REACH who="0" step="1"/><D46/><REACH who="0" ten="334,117,366,163" step="2"/><U124/><E124/><V119/><F119/><W61/><G135/><T68/><D68/><U76/><E76/><V33/><F33/><W17/><G132/><T133/><D133/><U34/><E34/><V10/><F47/><W91/><G45/><T40/><D40/><U44/><E44/><V3/><F43/><W98/><G41/><T2/><D2/><U125/><E125/><V1/><F3/><W85/><G98/><T101/><D101/><U82/><E82/><V42/><F42/><W24/><G85/><T84/><D84/><U66/><E66/><V13/><F1/><W74/><G74/><T19/><D19/><U123/><E123/><RYUUKYOKU ba="0,2" sc="334,10,117,10,366,10,163,-30" hai0="8,9,12,16,18,21,26,50,54,57,72,78,80" hai1="7,14,22,25,31,60,62,63,81,86,89,100,102" hai2="4,6,10,13,15,20,23,51,52,56" /><INIT seed="4,1,2,0,3,46" ten="344,127,376,133" oya="0" hai0="18,52,50,65,0,6,34,93,109,37,41,42,30" hai1="103,64,116,84,12,130,9,7,121,66,47,23,108" hai2="79,91,67,2,38,96,51,19,87,105,17,119,39" hai3="134,97,5,83,110,32,77,44,85,73,106,123,99"/><T71/><D71/><U11/><E121/><V127/><F2/><W10/><G110/><T112/><D65/><U90/><E116/><V75/><F67/><W31/><G123/><T69/><D69/><U25/><E108/><V115/><F115/><W81/><G134/><T43/><D109/><U63/><E130/><V122/><F127/><W133/><G133/><T59/><D112/><U28/><E103/><V4/><F4/><W92/><G106/><T95/><D37/><U114/><E114/><V98/><F38/><W21/><G32/><T135/><D135/><U70/><E66/><V16/><F39/><W49/><G31/><T68/><D68/><U86/><E90/><V55/><F105/><W62/><G62/><T45/><D45/><U104/><E104/><V61/><F61/><W33/><G21/><T80/><D80/><U56/><E70/><V60/><F60/><W57/><G57/><T76/><D76/><U118/><E118/><V14/><F75/><W74/><G33/><T102/><D102/><U128/><E128/><V117/><F79/><W54/><G81/><T94/><D18/><N who="2" m="7274" /><F122/><W1/><REACH who="3" step="1"/><G97/><REACH who="3" ten="344,127,376,123" step="2"/><T53/><D34/><U35/><E35/><V72/><F117/><W111/><G111/><T131/><D30/><U36/><REACH who="1" step="1"/><E11/><REACH who="1" ten="344,117,376,123" step="2"/><N who="2" m="6623" /><F119/><W3/><G3/><T120/><D131/><U15/><E15/><V48/><F96/><W78/><G78/><T126/><D120/><U22/><E22/><V27/><F98/><W113/><G113/><T58/><D0/><U13/><E13/><V132/><F132/><W8/><G8/><T124/><D126/><RYUUKYOKU ba="1,4" sc="344,-15,117,15,376,-15,123,15" hai1="7,9,12,23,25,28,36,47,56,63,64,84,86" hai3="1,5,10,44,49,54,73,74,77,83,85,92,99" /><INIT seed="5,2,4,1,2,134" ten="329,132,361,138" oya="1" hai0="30,111,82,74,121,91,128,48,90,125,28,109,133" hai1="35,59,100,4,80,95,54,99,107,67,114,108,113" hai2="102,57,33,94,62,135,85,86,73,97,96,8,23" hai3="9,26,58,104,38,92,51,5,14,122,31,61,89"/><U29/><E108/><N who="0" m="41545" /><D48/><U56/><E4/><V34/><F73/><W6/><G122/><T32/><D32/><U53/><E67/><V16/><F135/><W119/><G38/><T72/><D133/><U52/><E80/><V93/><F8/><W101/><G119/><T19/><D19/><U117/><E117/><V1/><F1/><W17/><G51/><T131/><D121/><U24/><REACH who="1" step="1"/><E107/><REACH who="1" ten="329,122,361,138" step="2"/><V60/><F34/><W110/><G104/><T21/><D82/><U12/><E12/><N who="2" m="9607" /><F33/><W71/><G110/><T37/><D74/><U65/><E65/><N who="2" m="39055" /><F62/><W42/><G71/><T0/><D72/><U83/><E83/><V127/><F127/><W36/><G5/><T129/><D125/><U7/><E7/><V124/><F124/><W10/><G6/><T87/><D0/><U78/><E78/><V105/><F105/><W76/><G76/><T75/><D75/><U64/><E64/><V55/><F55/><W20/><G42/><T63/><D131/><U81/><E81/><V79/><F79/><W130/><G130/><T84/><D129/><U120/><E120/><V77/><F77/><W45/><G61/><T69/><D128/><U18/><E18/><V22/><F94/><W2/><G92/><T126/><D126/><U46/><E46/><V123/><F123/><W13/><G45/><T3/><D63/><U27/><E27/><V40/><F40/><W115/><G26/><T50/><D30/><U112/><AGARI ba="2,5" hai="24,29,35,52,53,54,56,59,95,99,100,112,113,114" machi="112" ten="40,18000,2" yaku="1,1,0,1,15,1,54,1,53,3" doraHai="134" doraHaiUra="49" who="1" fromWho="1" sc="329,-62,122,236,361,-62,138,-62" /><INIT seed="5,3,0,3,3,104" ten="267,358,299,76" oya="1" hai0="115,27,24,107,78,51,70,125,59,41,118,131,98" hai1="88,47,19,97,64,15,17,29,0,90,109,7,53" hai2="134,3,13,74,58,117,37,96,26,8,55,28,50" hai3="130,66,16,1,91,75,133,52,103,34,127,87,85"/><U39/><E109/><V6/><F117/><W76/><G1/><T22/><D118/><U5/><E0/><V113/><F37/><W106/><G34/><T100/><D115/><U129/><E129/><V69/><F69/><W9/><G66/><T124/><D131/><U84/><E64/><V23/><F113/><W56/><G130/><T120/><D70/><U122/><E122/><V108/><F108/><W14/><G133/><T119/><D119/><U99/><E29/><V67/><F134/><W121/><G121/><T105/><D105/><U62/><E39/><V126/><F126/><N who="0" m="48746" /><D120/><U35/><E35/><V83/><F96/><W20/><G127/><T82/><D22/><U38/><E38/><V111/><F67/><W65/><G65/><T79/><D79/><U128/><E128/><V2/><F111/><W57/><G106/><T135/><D135/><U44/><E53/><V101/><REACH who="2" step="1"/><F101/><REACH who="2" ten="267,358,289,76" step="2"/><W25/><G103/><T116/><D116/><U71/><E71/><V68/><F68/><W61/><G57/><T81/><D41/><U11/><E99/><V30/><F30/><W40/><G40/><T4/><D107/><U123/><E97/><V89/><F89/><W73/><G91/><T60/><D100/><U110/><E90/><V112/><F112/><W12/><G76/><AGARI ba="3,1" hai="2,3,6,8,13,23,26,28,50,55,58,74,76,83" machi="76" ten="40,8000,1" yaku="1,1,52,1,53,2" doraHai="104" doraHaiUra="32" who="2" fromWho="3" sc="267,0,358,0,289,99,76,-89" owari="267,-13.0,358,16.0,388,48.0,-13,-51.0" /></mjloggm>