<mjloggm ver="2.3"><GO type="169" lobby="0"/><UN n0="%E9%9B%AA%E6%9C%88%E9%A2%A8%E8%8A%B1" n1="%72%52%66%44%79%55%66" n2="%6D%61%74%6F%30%36%30%33" n3="%66%61%74%65%34%32%39%38" dan="16,16,18,16" rate="2209.30,2121.55,2279.85,2152.47" sx="F,M,M,M"/><TAIKYOKU oya="0"/><INIT seed="0,0,0,2,3,76" ten="250,250,250,250" oya="0" hai0="22,128,31,16,38,19,44,133,9,110,83,90,130" hai1="7,95,123,2,21,79,96,113,32,74,91,70,127" hai2="48,121,135,125,112,3,8,99,87,116,63,54,49" hai3="6,82,117,68,51,36,119,89,129,37,105,25,65"/><T13/><D133/><U17/><E127/><V1/><F121/><W20/><G105/><T57/><D31/><U61/><E123/><V41/><F112/><W104/><G104/><T78/><D90/><U107/><E113/><V118/><F125/><W94/><G6/><T5/><D57/><U97/><E32/><V134/><F99/><W81/><G129/><N who="0" m="49771" /><D110/><U4/><E2/><N who="2" m="523" /><F8/><W102/><G102/><T92/><D92/><U50/><E107/><V56/><F87/><W67/><G51/><N who="2" m="19529" /><F41/><W93/><G89/><T11/><D11/><U124/><E124/><V115/><F115/><W24/><G20/><T28/><D28/><U75/><E97/><V30/><F30/><W60/><G60/><T55/><D55/><U98/><E98/><V42/><F42/><W35/><REACH who="3" step="1"/><G68/><REACH who="3" ten="250,250,250,240" step="2"/><T132/><D22/><U106/><E106/><V71/><F71/><W45/><G45/><T86/><D132/><AGARI ba="0,1" hai="54,56,63,116,118,132,134,135" m="19529,523" machi="132" ten="40,1300,0" yaku="20,1" doraHai="76" who="2" fromWho="0" sc="250,-13,250,0,250,23,240,0" /><INIT seed="1,0,0,5,3,103" ten="237,250,273,240" oya="1" hai0="29,134,48,51,38,27,92,37,93,70,61,85,49" hai1="125,2,69,4,74,131,87,46,11,17,35,124,76" hai2="36,40,106,97,118,58,5,77,123,102,57,68,55" hai3="44,75,63,120,14,53,99,86,65,10,66,88,31"/><U9/><E131/><V113/><F118/><W115/><G75/><T78/><D134/><U114/><E114/><V64/><F123/><W72/><G72/><T6/><D6/><U16/><E69/><V127/><F113/><W100/><G115/><T104/><D104/><U126/><E74/><V101/><F101/><W42/><G31/><T54/><D38/><U71/><E71/><V91/><F77/><W15/><G120/><T56/><D37/><U96/><E35/><V84/><F84/><W62/><BYE who="2" /><G14/><T23/><REACH who="0" step="1"/><D70/><REACH who="0" ten="227,250,273,240" step="2"/><U79/><E4/><V130/><F130/><W1/><G1/><T3/><D3/><U8/><E2/><V81/><F81/><AGARI ba="0,1" hai="23,27,29,48,49,51,54,56,61,78,81,85,92,93" machi="81" ten="40,5200,0" yaku="1,1,8,1,53,1" doraHai="103" doraHaiUra="19" who="0" fromWho="2" sc="227,62,250,0,273,-52,240,0" /><INIT seed="2,0,0,5,0,31" ten="289,250,221,240" oya="2" hai0="117,106,5,8,7,76,79,33,49,16,28,64,108" hai1="73,69,71,1,34,109,30,128,84,38,78,66,101" hai2="105,50,61,36,112,39,104,22,87,120,9,92,89" hai3="134,27,81,122,86,37,4,74,100,32,98,133,131"/><V35/><F35/><W41/><G122/><T3/><D117/><U125/><E109/><V53/><F53/><W10/><G74/><T99/><D108/><U44/><E84/><V67/><F67/><W59/><G131/><T127/><D127/><U111/><E111/><V68/><F68/><W0/><G41/><T113/><D113/><U19/><E19/><V88/><F88/><N who="3" m="51279" /><G37/><T77/><D7/><U123/><E125/><V43/><F43/><W14/><G59/><UN n2="%6D%61%74%6F%30%36%30%33" /><T126/><D126/><U70/><E128/><V60/><F112/><W121/><G121/><T85/><D64/><U118/><E118/><V110/><F110/><W17/><BYE who="2" /><G98/><T115/><D115/><U18/><E123/><V58/><F58/><W82/><G82/><T55/><D85/><U23/><E1/><V54/><F54/><W45/><G45/><T12/><D99/><U52/><E44/><V130/><F130/><W11/><G100/><T72/><D106/><U65/><E101/><V25/><F25/><W46/><G46/><T97/><D97/><U96/><E96/><V102/><F102/><W24/><G32/><T75/><D33/><U29/><E34/><V57/><F57/><W13/><G0/><T42/><D42/><U135/><E38/><V2/><F2/><W95/><G95/><T62/><D62/><U116/><E116/><V20/><F20/><W124/><G124/><T6/><D72/><U114/><E73/><V91/><F91/><W56/><G56/><N who="0" m="32879" /><D75/><U119/><E70/><V47/><F47/><W103/><G103/><T40/><D40/><U132/><E69/><RYUUKYOKU ba="0,0" sc="289,-10,250,-10,221,-10,240,30" hai3="4,10,11,13,14,17,24,27,133,134" /><UN n2="%6D%61%74%6F%30%36%30%33" /><INIT seed="3,1,0,0,4,77" ten="279,240,211,270" oya="3" hai0="95,128,82,127,81,45,96,109,55,19,9,1,113" hai1="119,43,30,108,133,69,102,14,53,110,73,80,32" hai2="4,50,64,97,20,12,122,89,86,87,11,49,28" hai3="48,83,0,107,38,51,39,118,100,62,120,121,129"/><W75/><G0/><T130/><D109/><N who="1" m="42091" /><E133/><V72/><F72/><W59/><G118/><T70/><D70/><U29/><E119/><V42/><F122/><W126/><G126/><T117/><D117/><U85/><E73/><V90/><F64/><W68/><G68/><T123/><D123/><U65/><E32/><V58/><F97/><W61/><G129/><N who="0" m="49771" /><D127/><U78/><E43/><V93/><F42/><W34/><G75/><T13/><D1/><U8/><E102/><V134/><F58/><W54/><G100/><N who="0" m="60447" /><D113/><U66/><E53/><V103/><F103/><W41/><G34/><T111/><D111/><U101/><E101/><V92/><REACH who="2" step="1"/><F134/><REACH who="2" ten="279,240,201,270" step="2"/><W22/><G41/><T88/><D45/><U57/><E69/><V17/><F17/><W24/><G59/><T131/><D131/><U3/><E57/><V56/><F56/><W124/><G124/><T21/><D55/><U6/><E3/><V91/><F91/><W84/><G54/><T115/><D88/><U112/><E112/><V106/><F106/><W135/><G107/><T105/><D105/><U52/><E52/><V10/><F10/><W125/><G135/><T16/><D115/><U79/><E78/><V76/><F76/><N who="3" m="46183" /><G125/><T67/><D67/><AGARI ba="1,1" hai="6,8,14,29,30,65,66,67,79,80,85" m="42091" machi="67" ten="30,2000,0" yaku="14,1,52,1" doraHai="77" who="1" fromWho="0" sc="279,-23,240,33,201,0,270,0" /><INIT seed="4,0,0,1,0,68" ten="256,273,201,270" oya="0" hai0="56,48,71,57,23,126,27,115,117,40,101,41,26" hai1="102,92,47,53,58,131,77,99,20,78,32,97,129" hai2="1,111,82,88,90,30,2,100,33,34,69,81,49" hai3="16,21,127,45,80,134,112,4,108,74,44,87,124"/><T84/><D117/><U107/><E32/><N who="2" m="12395" /><F49/><W63/><G74/><T67/><D115/><U36/><E20/><V73/><F100/><W130/><G112/><T94/><D126/><N who="3" m="48169" /><G108/><T132/><D26/><U24/><E24/><V91/><F73/><W113/><G113/><T50/><D71/><U55/><E55/><V64/><F69/><W31/><G130/><N who="1" m="49674" /><E47/><N who="3" m="17994" /><G134/><T119/><D132/><U28/><E28/><V114/><F114/><W95/><G4/><T120/><D119/><U61/><E36/><V72/><F72/><W135/><G135/><T38/><D23/><U13/><E13/><V35/><N who="2" m="12403" /><V6/><DORA hai="25" /><F6/><W76/><G95/><T0/><D94/><U22/><E22/><V85/><F64/><W128/><G128/><T54/><D67/><U43/><E43/><V8/><F8/><W121/><G121/><T65/><D120/><U11/><E11/><V118/><F118/><W103/><G103/><AGARI ba="0,0" hai="53,58,61,77,78,92,97,99,102,103,107" m="49674" machi="103" ten="30,1000,0" yaku="19,1" doraHai="68,25" who="1" fromWho="3" sc="256,0,273,10,201,0,270,-10" /><INIT seed="5,0,0,2,4,119" ten="256,283,201,260" oya="1" hai0="39,76,97,3,114,53,78,17,48,93,60,52,89" hai1="103,98,134,56,23,16,124,33,72,108,104,120,47" hai2="13,61,118,67,79,116,81,12,11,106,5,80,96" hai3="125,42,83,49,20,129,130,92,127,110,15,24,22"/><U135/><E120/><V95/><F106/><W32/><G110/><T123/><D39/><U109/><E33/><V37/><F37/><W8/><G83/><T85/><D3/><U18/><E72/><V126/><F126/><N who="3" m="48139" /><G92/><N who="0" m="54319" /><D114/><U121/><E121/><V9/><F116/><W91/><G91/><N who="0" m="55487" /><D123/><U65/><E124/><V62/><F118/><W111/><G111/><N who="1" m="42570" /><E47/><V34/><F34/><W71/><G71/><T94/><D94/><U128/><E128/><N who="3" m="49258" /><G42/><T21/><D60/><N who="1" m="38023" /><E18/><V29/><F29/><N who="3" m="19495" /><G49/><T77/><D48/><U84/><E84/><V69/><F62/><W2/><G2/><T6/><D53/><U82/><E82/><V27/><F79/><W99/><G99/><T64/><D52/><U45/><E45/><V101/><F81/><W113/><G113/><T36/><D36/><U19/><E98/><V43/><F80/><W68/><G68/><T105/><D64/><U66/><E66/><V31/><F43/><W132/><G132/><T122/><D122/><U115/><E134/><V70/><F67/><W117/><G117/><T10/><D105/><U75/><E104/><V0/><F61/><W102/><G102/><T73/><D73/><U51/><E103/><V88/><F101/><W74/><G74/><T1/><D78/><U40/><E75/><V133/><F133/><W131/><G131/><T63/><D63/><U100/><E100/><V87/><F96/><W55/><G55/><T50/><D50/><U41/><E115/><V44/><F44/><W112/><G112/><T90/><D90/><U59/><E135/><V14/><F70/><W86/><G86/><RYUUKYOKU ba="0,0" sc="256,15,283,-15,201,-15,260,15" hai0="1,6,10,17,21,76,77" hai3="8,15,20,22" /><INIT seed="6,1,0,5,1,17" ten="271,268,186,275" oya="2" hai0="102,60,80,5,98,72,38,107,14,69,119,52,96" hai1="105,134,95,34,108,92,97,117,57,129,71,48,59" hai2="121,33,82,89,112,30,125,44,128,91,132,0,70" hai3="37,87,66,4,88,23,77,133,135,120,86,19,36"/><V123/><F70/><W35/><G35/><T124/><D119/><U79/><E108/><V78/><F0/><W31/><G120/><T29/><D38/><U7/><E117/><V50/><F33/><W103/><G103/><T99/><D124/><U6/><E71/><V25/><F125/><W90/><G4/><T53/><D29/><U83/><E105/><V73/><F112/><W64/><G31/><T1/><D1/><U55/><E34/><V75/><F75/><W131/><G77/><T100/><D99/><U32/><E32/><V85/><F128/><W43/><G43/><T51/><D51/><U16/><E134/><V94/><F132/><W118/><G19/><T9/><D80/><U114/><E114/><V8/><F8/><W126/><G126/><T81/><D81/><U63/><E16/><V101/><F101/><W12/><G12/><T61/><D72/><U68/><E68/><V76/><F76/><W111/><G118/><T115/><D115/><U116/><E129/><V21/><REACH who="2" step="1"/><F89/><REACH who="2" ten="271,268,176,275" step="2"/><W74/><G74/><T15/><D69/><U13/><E116/><V24/><F24/><W106/><G131/><T46/><D9/><U39/><E79/><V104/><F104/><W28/><G106/><T49/><D107/><U65/><E13/><V2/><F2/><W113/><G113/><T84/><D102/><U56/><E6/><V3/><F3/><W47/><G135/><T130/><D100/><U109/><E7/><V45/><F45/><W42/><G47/><T10/><D10/><U11/><E11/><V40/><AGARI ba="1,1" hai="21,25,30,40,44,50,73,78,82,85,91,94,121,123" machi="40" ten="20,7800,0" yaku="1,1,0,1,7,1,52,1,53,0" doraHai="17" doraHaiUra="67" who="2" fromWho="2" sc="271,-27,268,-27,176,91,275,-27" /><INIT seed="6,2,0,0,0,80" ten="244,241,267,248" oya="2" hai0="17,125,64,133,129,23,67,2,109,115,134,30,87" hai1="84,29,61,10,105,112,126,46,45,93,38,104,71" hai2="103,42,131,107,92,35,132,60,75,24,119,123,96" hai3="49,86,89,21,53,73,111,102,14,66,34,69,28"/><V19/><F119/><W130/><G111/><T11/><D109/><U70/><E112/><V72/><F123/><W65/><G73/><T108/><D108/><U0/><E29/><V43/><F131/><W22/><G34/><T81/><D115/><U122/><E122/><V39/><F132/><N who="0" m="50794" /><D30/><U16/><E126/><V26/><F35/><W121/><G121/><T50/><D50/><U85/><E93/><V55/><F39/><W54/><G69/><T128/><D11/><U18/><E10/><V47/><F75/><W3/><G3/><T127/><D2/><U63/><E0/><V7/><F72/><W52/><G49/><T57/><D57/><U97/><E97/><V51/><F107/><W68/><G102/><T31/><D31/><U56/><E56/><N who="2" m="34847" /><F7/><W6/><G68/><T44/><D44/><U78/><E78/><V117/><F117/><W101/><G101/><T74/><D74/><U83/><E83/><V32/><F32/><W41/><G130/><N who="0" m="50283" /><D64/><U94/><E94/><V8/><F42/><W95/><G41/><T20/><D67/><N who="3" m="25609" /><G28/><T88/><D20/><U36/><AGARI ba="2,0" hai="16,18,36,38,45,46,61,63,70,71,84,85,104,105" machi="36" ten="25,12000,2" yaku="0,1,22,2,52,2,54,1" doraHai="80" who="1" fromWho="1" sc="244,-32,241,126,267,-62,248,-32" /><INIT seed="7,0,0,3,3,64" ten="212,367,205,216" oya="3" hai0="69,100,9,123,94,107,23,108,131,59,57,32,124" hai1="31,133,46,33,79,63,40,81,87,36,41,129,43" hai2="61,110,111,3,12,67,7,74,30,50,26,98,44" hai3="85,75,128,105,1,78,37,45,99,24,47,80,19"/><W113/><G1/><T76/><D123/><U25/><E129/><V54/><F3/><W56/><G128/><T55/><D131/><U58/><E133/><V106/><F74/><W68/><G68/><T60/><D108/><U88/><E79/><V73/><F73/><W125/><G125/><T83/><D32/><U126/><E126/><V0/><F0/><W77/><G113/><T52/><D69/><U72/><E72/><V35/><F7/><W65/><G37/><T122/><D122/><U86/><E86/><V39/><F39/><W132/><G132/><T62/><D107/><U2/><E2/><V97/><F12/><W48/><G75/><T11/><D23/><U15/><E15/><V71/><F98/><W102/><G78/><T93/><D124/><U95/><E81/><V22/><F22/><W118/><G118/><T5/><D100/><AGARI ba="0,0" hai="26,30,35,44,50,54,61,67,71,97,100,106,110,111" machi="100" ten="40,5200,0" yaku="25,2,52,1" doraHai="64" who="2" fromWho="0" sc="212,-52,367,0,205,52,216,0" owari="160,-34.0,367,46.0,257,6.0,216,-18.0" /></mjloggm>