<mjloggm ver="2.3"><GO type="169" lobby="0"/><UN n0="%E3%81%93%E3%81%93%E3%81%A7%E9%A3%B2%E3%82%80%E3%81%8B%E3%82%82%EF%BC%9F" n1="%E4%B8%BB%E5%B8%AD" n2="%E6%86%A7%E6%86%AC" n3="%E5%B0%8F%E6%B1%A0%E7%BE%8E%E6%B3%A2%E2%8A%BF" dan="16,16,16,16" rate="2116.69,2134.02,2140.81,2098.84" sx="M,M,F,F"/><TAIKYOKU oya="0"/><INIT seed="0,0,0,1,2,7" ten="250,250,250,250" oya="0" hai0="19,114,83,80,70,18,130,22,21,25,64,40,90" hai1="89,81,69,57,110,120,48,49,9,111,87,12,0" hai2="53,126,55,92,44,4,59,86,26,135,37,61,96" hai3="99,104,35,131,30,20,118,24,60,13,47,78,46"/><T65/><D114/><U39/><E0/><V132/><F126/><W94/><G118/><T8/><D130/><U124/><E69/><V98/><F26/><W85/><G131/><T32/><D32/><U11/><E120/><V73/><F73/><W68/><G78/><T122/><D122/><U71/><E71/><V128/><F128/><W17/><G85/><T27/><D40/><U91/><E124/><V97/><F4/><W113/><G113/><T77/><D90/><U121/><E121/><V88/><REACH who="2" step="1"/><F37/><REACH who="2" ten="250,250,240,250" step="2"/><W16/><G17/><T28/><D70/><U105/><E39/><V115/><F115/><W42/><G42/><T58/><D58/><U38/><E38/><V123/><F123/><W107/><G47/><T56/><D56/><U109/><E57/><V23/><F23/><W5/><G5/><T108/><D108/><U127/><E127/><V15/><F15/><W103/><REACH who="3" step="1"/><G46/><REACH who="3" ten="250,250,240,240" step="2"/><T116/><D116/><U67/><E110/><V34/><F34/><W63/><G63/><T43/><D43/><U66/><E111/><V102/><F102/><W29/><G29/><T14/><REACH who="0" step="1"/><D83/><REACH who="0" ten="240,250,240,240" step="2"/><U62/><E109/><V119/><F119/><W50/><G50/><AGARI ba="0,3" hai="44,50,53,55,59,61,86,88,92,96,97,98,132,135" machi="50" ten="40,2600,0" yaku="1,1,54,1,53,0" doraHai="7" doraHaiUra="100" who="2" fromWho="3" sc="240,0,250,0,240,56,240,-26" /><INIT seed="1,0,0,4,2,61" ten="240,250,296,214" oya="1" hai0="5,110,121,131,129,132,73,32,92,86,18,44,21" hai1="54,62,94,91,88,23,43,97,127,41,115,69,106" hai2="128,36,60,109,78,11,77,71,75,90,118,31,25" hai3="65,29,85,67,125,26,7,51,13,53,66,40,55"/><U79/><E115/><V96/><F118/><W14/><G125/><T113/><D73/><U19/><E127/><V93/><F36/><W27/><G85/><T50/><D32/><U39/><E106/><V74/><F109/><W104/><G104/><T59/><D110/><U15/><E79/><V133/><F75/><W135/><G135/><T20/><D113/><U72/><E72/><V52/><F74/><W87/><G87/><T17/><D5/><U34/><E34/><V83/><F83/><W56/><G40/><T48/><D132/><U114/><E114/><V3/><F133/><W82/><G82/><T57/><D86/><U119/><E119/><V116/><F128/><W68/><G68/><T105/><D105/><U84/><E39/><V45/><F45/><N who="3" m="27887" /><G29/><T22/><D121/><U102/><E102/><V38/><F38/><W0/><G0/><T124/><D124/><U37/><E37/><V46/><F71/><W99/><G99/><T98/><D131/><U63/><E69/><V16/><F3/><W70/><G70/><T89/><D129/><U28/><E28/><V112/><F116/><W81/><G81/><T76/><D76/><U100/><E100/><V108/><F108/><W95/><G95/><T80/><D80/><N who="1" m="49159" /><E54/><V103/><F103/><W107/><G107/><T42/><D48/><U111/><E111/><V8/><F78/><W6/><G6/><T33/><REACH who="0" step="1"/><D33/><REACH who="0" ten="230,250,296,214" step="2"/><U134/><E134/><V9/><F77/><W123/><G123/><T10/><D10/><U126/><E126/><V49/><F112/><W4/><G4/><T30/><D30/><RYUUKYOKU ba="0,1" sc="230,15,250,15,296,-15,214,-15" hai0="17,18,20,21,22,42,44,50,57,59,89,92,98" hai1="15,19,23,41,43,62,63,91,94,97" /><INIT seed="1,1,1,2,1,76" ten="245,265,281,199" oya="1" hai0="119,115,15,65,10,79,4,62,48,85,2,74,8" hai1="22,112,120,78,20,117,37,30,109,106,132,129,14" hai2="7,61,103,77,26,81,98,25,73,96,16,47,107" hai3="58,110,130,34,50,21,42,108,116,91,5,29,113"/><U133/><E106/><V41/><F61/><W95/><G113/><T1/><D115/><U105/><E105/><V17/><F98/><W66/><G34/><T99/><D119/><U45/><E112/><V92/><F92/><W84/><G130/><T11/><D74/><U46/><E37/><V54/><F54/><W59/><G5/><T9/><D99/><U121/><E78/><V33/><F7/><W104/><G104/><T94/><D48/><U122/><E129/><V3/><F3/><W97/><G116/><T131/><D131/><U13/><E117/><V71/><F71/><W27/><G97/><T0/><D94/><U70/><E70/><V31/><REACH who="2" step="1"/><F25/><REACH who="2" ten="245,265,271,199" step="2"/><W6/><G6/><T127/><D0/><U44/><E109/><N who="3" m="42090" /><G66/><T53/><D65/><U52/><E52/><V75/><F75/><W60/><G60/><T55/><D62/><U126/><E126/><V63/><F63/><W125/><G125/><T64/><D64/><U49/><E49/><AGARI ba="1,2" hai="16,17,26,31,33,41,47,49,73,77,81,96,103,107" machi="49" ten="30,7700,0" yaku="1,1,7,1,52,1,54,1,53,0" doraHai="76" doraHaiUra="32" who="2" fromWho="1" sc="245,0,265,-80,271,100,199,0" /><INIT seed="2,0,0,0,3,68" ten="245,185,371,199" oya="2" hai0="98,115,89,22,72,126,24,74,7,88,105,131,135" hai1="81,76,17,59,65,3,87,83,82,106,13,16,2" hai2="38,0,108,92,101,23,4,85,61,125,117,79,107" hai3="35,67,114,50,20,42,69,12,30,84,28,39,32"/><V14/><F117/><W36/><G114/><T34/><D115/><U21/><E106/><V5/><F0/><W47/><G30/><T11/><D34/><U9/><E2/><V86/><F61/><W48/><G32/><T57/><D135/><U31/><E31/><V70/><F70/><W56/><G35/><T78/><D131/><U104/><E104/><V102/><F92/><W121/><G121/><T94/><D126/><U111/><E111/><V95/><F95/><W130/><G130/><T15/><D105/><U90/><E3/><V18/><F107/><W66/><G84/><T8/><D8/><U54/><E65/><N who="3" m="24586" /><G12/><T100/><D57/><U113/><E76/><V52/><F14/><W6/><G6/><T122/><D122/><U53/><E113/><V19/><F79/><W93/><G93/><T49/><D49/><N who="3" m="19049" /><G20/><T26/><D26/><N who="1" m="14639" /><E54/><V119/><F23/><W45/><G28/><T44/><D44/><N who="3" m="16969" /><G69/><T37/><D78/><U91/><E87/><V103/><F86/><W118/><G118/><T1/><D1/><U134/><E134/><V110/><F85/><W120/><G120/><T116/><D116/><U96/><E96/><V43/><F119/><W97/><G97/><T51/><D22/><U40/><E91/><V127/><F5/><W132/><G132/><T25/><D89/><U10/><E90/><V27/><F4/><W60/><G42/><T99/><D88/><U58/><E40/><V77/><F43/><W62/><G62/><T109/><D99/><U33/><E33/><V63/><F63/><W55/><AGARI ba="0,0" hai="36,39,55,56,60" m="16969,19049,24586" machi="55" ten="30,12000,2" yaku="35,5,52,2" doraHai="68" who="3" fromWho="3" sc="245,-30,185,-30,371,-60,199,120" /><INIT seed="3,0,0,3,2,84" ten="215,155,311,319" oya="3" hai0="75,63,57,24,71,14,104,64,65,135,33,132,117" hai1="44,20,113,101,114,32,102,131,74,6,127,27,97" hai2="118,31,85,22,54,52,11,26,68,112,83,111,7" hai3="41,123,103,56,107,129,77,5,110,55,91,19,66"/><W109/><G123/><T0/><D0/><U119/><E74/><V29/><F112/><W72/><G5/><T80/><D117/><U106/><E32/><V42/><F118/><W122/><G122/><T108/><D108/><N who="3" m="41577" /><G129/><T1/><D1/><U28/><E119/><V94/><F68/><W59/><G41/><T105/><D14/><U45/><E131/><V3/><F111/><W78/><G72/><T120/><D120/><U48/><E127/><V12/><F3/><W89/><G66/><T96/><D57/><N who="3" m="22089" /><G55/><T10/><D64/><U60/><E6/><V130/><F130/><W81/><G19/><T100/><D105/><U95/><E60/><V62/><F62/><W128/><G128/><T16/><D75/><U82/><E45/><V25/><F42/><W39/><G39/><T133/><D80/><U40/><E82/><V2/><F94/><W9/><G9/><T46/><D46/><U15/><E114/><V30/><F2/><W49/><G49/><T17/><D10/><U90/><E113/><V53/><REACH who="2" step="1"/><F22/><REACH who="2" ten="215,155,301,319" step="2"/><W87/><G77/><AGARI ba="0,1" hai="7,11,12,25,26,29,30,31,52,53,54,77,83,85" machi="77" ten="40,8000,1" yaku="1,1,2,1,8,1,54,1,53,0" doraHai="84" doraHaiUra="69" who="2" fromWho="3" sc="215,0,155,0,301,90,319,-80" /><INIT seed="4,0,0,4,3,35" ten="215,155,391,239" oya="0" hai0="44,27,11,56,129,103,59,74,87,116,0,127,13" hai1="71,105,113,66,32,86,73,12,80,55,34,10,131" hai2="62,89,7,5,107,45,22,130,40,9,38,46,78" hai3="106,133,14,19,41,1,72,52,90,109,124,77,117"/><T100/><D116/><U61/><E113/><V82/><F107/><W23/><G117/><T2/><D74/><U15/><E131/><V125/><F89/><W21/><G109/><T25/><D129/><U118/><E118/><V132/><F130/><W98/><G1/><T69/><D69/><U17/><E73/><V104/><F104/><W33/><G33/><T94/><D127/><U53/><E105/><V110/><F110/><W135/><G41/><T88/><D44/><U47/><E15/><V39/><F125/><W120/><G124/><T6/><D27/><U119/><E119/><V112/><F112/><W123/><G23/><T126/><D126/><U79/><REACH who="1" step="1"/><E53/><REACH who="1" ten="215,145,391,239" step="2"/><V85/><F40/><W43/><G43/><T26/><D26/><U24/><E24/><V83/><F39/><W122/><G52/><T121/><D25/><U108/><E108/><V29/><F38/><W68/><G106/><T58/><REACH who="0" step="1"/><D121/><REACH who="0" ten="205,145,391,239" step="2"/><U91/><E91/><V48/><F78/><W63/><G77/><T65/><D65/><U51/><AGARI ba="0,2" hai="10,12,17,32,34,47,51,55,61,66,71,79,80,86" machi="51" ten="30,4000,0" yaku="1,1,0,1,53,1" doraHai="35" doraHaiUra="60" who="1" fromWho="1" sc="205,-20,145,60,391,-10,239,-10" /><INIT seed="5,0,0,5,1,116" ten="185,205,381,229" oya="1" hai0="24,48,10,123,43,41,50,99,102,28,84,18,95" hai1="46,118,56,111,133,108,63,128,97,134,47,104,51" hai2="66,93,27,40,7,114,58,1,73,61,15,109,94" hai3="20,132,34,3,38,23,86,90,82,31,42,127,105"/><U57/><E118/><V19/><F73/><W78/><G105/><T121/><D84/><U88/><E104/><V35/><F109/><N who="1" m="42057" /><E128/><V45/><F114/><W37/><G3/><T96/><D18/><U9/><E9/><V39/><F1/><W30/><G132/><N who="1" m="50794" /><E51/><N who="0" m="19497" /><D99/><U26/><E26/><V103/><F103/><W17/><G38/><T130/><D10/><U85/><E97/><V16/><F7/><W36/><G36/><T112/><D112/><U25/><E25/><V135/><F135/><W67/><G37/><T44/><D44/><N who="1" m="16939" /><E63/><V117/><F117/><W65/><G42/><T81/><D130/><U76/><E76/><V77/><F40/><W70/><G78/><T11/><D11/><U89/><E89/><V0/><F39/><W71/><G90/><T55/><D43/><U14/><E14/><V129/><F15/><W49/><G49/><T110/><D41/><U80/><AGARI ba="0,0" hai="56,57,80,85,88" m="16939,50794,42057" machi="80" ten="40,7800,0" yaku="10,1,20,1,54,1" doraHai="116" who="1" fromWho="1" sc="185,-26,205,78,381,-26,229,-26" /><INIT seed="5,1,0,2,5,102" ten="159,283,355,203" oya="1" hai0="89,30,40,11,39,62,114,109,73,95,66,5,93" hai1="3,38,68,123,70,110,25,94,37,103,128,115,69" hai2="27,91,88,53,127,104,60,112,9,101,111,65,56" hai3="61,36,106,77,79,47,135,134,116,117,22,96,15"/><U16/><E123/><V126/><F111/><W85/><G61/><T14/><D109/><U0/><E110/><V51/><F112/><W6/><G36/><T63/><D114/><U108/><E108/><V80/><F9/><W7/><G47/><T76/><D63/><U122/><E122/><V32/><F80/><N who="3" m="47247" /><G22/><T17/><D30/><U24/><E115/><V2/><F2/><W107/><G79/><T42/><D95/><U35/><E128/><V58/><F27/><W44/><G44/><T74/><D39/><U43/><E0/><V84/><F32/><W130/><G130/><T72/><D5/><N who="3" m="1545" /><G15/><T75/><N who="0" m="18432" /><DORA hai="33" /><T78/><D78/><U105/><E3/><V132/><F84/><W87/><G87/><T67/><D76/><U92/><E35/><V54/><F132/><N who="3" m="50731" /><G96/><T28/><D67/><U10/><E69/><V13/><F13/><W82/><G82/><T83/><D83/><U81/><E70/><V12/><F12/><W121/><G121/><T86/><REACH who="0" step="1"/><D28/><REACH who="0" ten="149,283,355,203" step="2"/><U48/><E38/><V4/><F65/><W118/><AGARI ba="1,1" hai="106,107,116,117,118" m="50731,1545,47247" machi="118" ten="40,8000,1" yaku="12,1,20,1,52,2" doraHai="102,33" who="3" fromWho="3" sc="149,-21,283,-41,355,-21,203,93" /><INIT seed="6,0,0,1,2,90" ten="128,242,334,296" oya="2" hai0="102,37,80,117,75,17,97,16,30,106,69,119,98" hai1="53,134,87,40,63,72,42,92,23,95,85,13,8" hai2="83,126,59,61,100,35,64,118,62,18,88,116,114" hai3="112,91,52,130,7,0,73,39,84,122,110,124,5"/><V15/><F35/><W68/><RYUUKYOKU type="yao9" ba="0,0" sc="128,0,242,0,334,0,296,0" hai3="0,5,7,39,52,68,73,84,91,110,112,122,124,130" /><INIT seed="6,1,0,0,1,88" ten="128,242,334,296" oya="2" hai0="24,93,28,60,16,27,76,25,73,114,15,46,47" hai1="37,57,112,54,96,10,40,31,55,20,99,104,129" hai2="21,11,3,41,48,95,79,19,126,33,91,81,58" hai3="64,107,90,119,1,34,131,108,84,135,45,32,29"/><V17/><F33/><W2/><G108/><T97/><D114/><U109/><E109/><V82/><F126/><W127/><G107/><T133/><D133/><U77/><E112/><V51/><F41/><W117/><G64/><T78/><D28/><U69/><E129/><V13/><F58/><W123/><G45/><T30/><D30/><U67/><E69/><V8/><F8/><W63/><G63/><T7/><D7/><U92/><E77/><V36/><F36/><W49/><G49/><T101/><D60/><N who="1" m="38287" /><E104/><V74/><F81/><W130/><G90/><T72/><D73/><U83/><E83/><V100/><F100/><W87/><G29/><T53/><D72/><U26/><E40/><V0/><F0/><W105/><G105/><T22/><REACH who="0" step="1"/><D46/><REACH who="0" ten="118,242,334,296" step="2"/><U65/><E65/><V70/><F74/><W4/><G4/><T89/><D89/><U116/><E31/><V125/><F91/><W113/><G113/><T71/><D71/><U124/><E124/><V38/><F70/><W86/><G86/><T44/><D44/><U12/><E116/><V50/><F125/><W61/><G127/><T66/><D66/><U118/><E118/><V115/><F115/><W42/><G61/><T122/><D122/><U134/><E134/><V9/><F79/><W85/><G85/><T59/><D59/><U5/><E5/><V6/><F6/><W106/><G135/><T103/><D103/><U14/><E99/><V43/><F3/><W121/><G121/><T132/><D132/><U39/><E96/><V120/><F120/><W98/><G98/><T56/><D56/><RYUUKYOKU ba="1,1" sc="118,30,242,-10,334,-10,296,-10" hai0="15,16,22,24,25,27,47,53,76,78,93,97,101" /><INIT seed="7,2,1,1,0,49" ten="148,232,324,286" oya="3" hai0="58,75,86,135,48,101,15,5,83,69,116,133,117" hai1="112,45,30,24,6,47,37,78,38,73,118,0,54" hai2="53,102,4,121,115,44,98,84,94,10,126,129,134" hai3="107,114,103,93,41,3,76,25,36,28,95,57,106"/><W34/><G95/><T88/><D69/><U43/><E112/><V82/><F115/><W124/><G114/><T79/><D5/><U70/><E70/><V16/><F134/><N who="0" m="51210" /><D15/><U8/><E118/><N who="0" m="45673" /><D48/><N who="1" m="28943" /><E38/><V56/><F126/><W113/><G93/><N who="0" m="54423" /><D58/><U123/><E24/><V51/><F56/><W87/><G57/><T74/><D101/><U40/><E40/><V85/><F102/><W108/><G103/><T66/><D66/><U96/><E30/><V100/><F44/><W55/><G41/><T2/><D2/><U132/><E132/><V42/><F51/><W127/><G3/><T23/><D23/><U128/><E0/><V90/><F10/><W109/><G113/><T50/><D50/><U72/><E6/><V12/><F12/><W13/><G13/><T29/><D29/><U81/><E8/><V92/><F4/><W19/><G28/><T11/><D11/><U104/><E37/><V110/><F16/><W22/><G36/><T46/><D46/><U1/><E47/><V52/><F42/><W17/><G19/><T71/><D71/><U99/><E43/><V77/><F100/><W35/><G17/><T31/><D31/><U130/><E1/><V21/><F21/><W65/><G22/><T125/><D125/><U97/><E130/><V68/><F129/><W9/><G127/><T18/><D18/><U64/><E128/><V89/><F68/><W122/><G124/><T131/><D131/><U119/><E64/><V39/><F39/><W14/><G65/><T7/><D7/><U67/><E119/><V91/><F53/><W27/><G9/><RYUUKYOKU ba="2,1" sc="148,30,232,-10,324,-10,286,-10" hai0="74,75,79,83" owari="178,-32.0,222,-18.0,324,42.0,276,8.0" /></mjloggm>