<mjloggm ver="2.3"><GO type="169" lobby="0"/><UN n0="%E3%83%95%E3%82%B5%E3%82%A6%E3%83%9F%E3%82%B3%E3%83%83%E3%83%97" n1="%E3%83%9E%E3%83%8A%E3%83%96%E9%9B%B6" n2="%E3%83%8E%E3%82%AA%E3%83%81%E3%83%A3%E3%83%99%E3%82%B9" n3="%E3%81%BF%E3%81%8B%E3%82%93%E5%A4%AA" dan="17,16,16,17" rate="2192.55,2156.64,2066.62,2180.88" sx="M,M,M,M"/><TAIKYOKU oya="0"/><INIT seed="0,0,0,3,0,55" ten="250,250,250,250" oya="0" hai0="49,30,68,34,133,71,13,58,103,35,131,48,98" hai1="88,39,42,15,130,78,75,100,0,41,113,36,52" hai2="37,115,33,134,20,95,87,66,77,105,59,94,120" hai3="89,9,84,90,26,51,73,117,82,6,106,69,70"/><T107/><D133/><U18/><E0/><V74/><F33/><W110/><G110/><T24/><D131/><U79/><E100/><V132/><F37/><W44/><G117/><T64/><D35/><U21/><E130/><V28/><F105/><W76/><G106/><T45/><D13/><U14/><E113/><V126/><F120/><W57/><G26/><T46/><D64/><U91/><E75/><V111/><F111/><W81/><G90/><N who="1" m="34346" /><E36/><V12/><F74/><W60/><G51/><T135/><D135/><N who="2" m="51754" /><F126/><W19/><G44/><T114/><D58/><U93/><E93/><V112/><F77/><N who="1" m="29193" /><E39/><V17/><F28/><W129/><G19/><T56/><D56/><U102/><E102/><V50/><F87/><W92/><G92/><N who="2" m="35369" /><F50/><W11/><G129/><T54/><REACH who="0" step="1"/><D114/><REACH who="0" ten="240,250,250,250" step="2"/><U16/><E52/><AGARI ba="0,1" hai="24,30,34,45,46,48,49,52,54,68,71,98,103,107" machi="52" ten="30,12000,1" yaku="1,1,2,1,7,1,9,1,54,1,53,0" doraHai="55" doraHaiUra="104" who="0" fromWho="1" sc="240,130,250,-120,250,0,250,0" /><INIT seed="0,1,0,1,0,36" ten="370,130,250,250" oya="0" hai0="24,109,102,54,13,90,55,10,76,93,81,18,64" hai1="117,122,86,26,1,33,2,120,125,118,50,52,12" hai2="23,65,135,57,29,101,3,104,73,21,62,129,8" hai3="44,15,84,69,79,42,98,61,45,128,110,6,103"/><T30/><D102/><U123/><E86/><V9/><F73/><W133/><G110/><T11/><D64/><U124/><E50/><V0/><F129/><W78/><G128/><T28/><D10/><U107/><E107/><V119/><F119/><N who="1" m="45577" /><E52/><V34/><F34/><W121/><G133/><T53/><D109/><U39/><E39/><V108/><F135/><W126/><G126/><N who="1" m="48746" /><E12/><V56/><F108/><W71/><G45/><T134/><D134/><U85/><E85/><V58/><F104/><W20/><G61/><T105/><D105/><U74/><E74/><V80/><F80/><W22/><G78/><T88/><D93/><U25/><E33/><V87/><F87/><W19/><G69/><T127/><D127/><U92/><E92/><V72/><F72/><W38/><G71/><T89/><REACH who="0" step="1"/><D24/><AGARI ba="1,0" hai="1,2,24,25,26,120,122,123" m="48746,45577" machi="24" ten="40,8000,1" yaku="28,2,18,1,34,2" doraHai="36" who="1" fromWho="0" sc="370,-83,130,83,250,0,250,0" /><INIT seed="1,0,0,3,4,80" ten="287,213,250,250" oya="1" hai0="85,95,4,116,46,68,118,79,23,111,18,81,5" hai1="43,10,42,87,19,130,88,22,106,16,20,121,132" hai2="124,126,109,17,104,62,86,119,60,59,51,82,1" hai3="96,74,30,13,98,89,14,31,73,134,37,110,107"/><U135/><E106/><V125/><F119/><W54/><G110/><T70/><D111/><U47/><E121/><V55/><F109/><W48/><G37/><T6/><D46/><U58/><E58/><V94/><F104/><W101/><G134/><N who="1" m="51242" /><E130/><V25/><F94/><W76/><G76/><T57/><D57/><U40/><E47/><V56/><F1/><W9/><G13/><T93/><D93/><N who="1" m="54431" /><E10/><V52/><F51/><W99/><G74/><T11/><D11/><U7/><E7/><V71/><F71/><W128/><G73/><T34/><D34/><U127/><E127/><V39/><F39/><W66/><G128/><T108/><D108/><U38/><E38/><V32/><F32/><W44/><G66/><T33/><D33/><U3/><E3/><V69/><F69/><W0/><G0/><T27/><D70/><U67/><E67/><V78/><F126/><W129/><G129/><T36/><D68/><U105/><E105/><V114/><F114/><W50/><G107/><T53/><D36/><U92/><E92/><V35/><F35/><W120/><G120/><T75/><D53/><U100/><E100/><V83/><F83/><W131/><G101/><T2/><D2/><U21/><AGARI ba="0,0" hai="16,19,20,21,22,40,42,43" m="54431,51242" machi="21" ten="40,12000,1" yaku="20,1,52,1,54,2" doraHai="80" who="1" fromWho="1" sc="287,-40,213,120,250,-40,250,-40" /><INIT seed="1,1,0,2,4,2" ten="247,333,210,210" oya="1" hai0="116,59,119,88,101,9,13,23,113,24,114,123,78" hai1="100,96,112,45,135,14,95,53,122,64,92,82,81" hai2="29,75,118,111,79,5,87,98,80,86,58,105,108" hai3="70,85,47,67,55,134,66,7,3,83,51,30,41"/><U69/><E122/><V121/><F29/><W117/><G134/><T8/><D101/><U25/><E112/><V37/><F37/><W109/><G109/><N who="2" m="42057" /><F58/><W57/><G30/><T103/><D78/><U52/><E135/><V104/><F121/><W99/><G99/><T74/><D74/><U1/><E1/><V46/><F46/><W12/><G3/><T39/><D123/><U36/><E25/><V61/><F61/><W133/><G117/><T110/><D110/><U93/><E69/><V125/><F118/><W28/><G28/><T128/><D39/><U42/><E64/><V131/><F5/><W11/><G70/><T124/><D103/><U10/><E93/><V84/><F131/><W27/><G27/><T21/><D128/><U40/><E95/><V38/><F38/><W77/><REACH who="3" step="1"/><G133/><REACH who="3" ten="247,333,210,200" step="2"/><T4/><D24/><U115/><E115/><V132/><F132/><W50/><AGARI ba="1,1" hai="7,11,12,41,47,50,51,55,57,66,67,77,83,85" machi="50" ten="20,16000,3" yaku="1,1,2,1,0,1,7,1,25,2,8,1,52,1,53,0" doraHai="2" doraHaiUra="56" who="3" fromWho="3" sc="247,-41,333,-81,210,-41,200,173" /><INIT seed="2,0,0,3,4,111" ten="206,252,169,373" oya="2" hai0="95,66,84,54,87,135,121,113,129,99,24,72,107" hai1="125,117,86,45,20,114,69,0,1,94,123,74,39" hai2="28,56,41,109,101,108,127,27,22,53,2,36,21" hai3="128,29,106,65,51,42,133,96,44,79,119,67,40"/><V12/><F2/><W4/><G128/><T13/><D121/><U16/><E117/><V50/><F127/><W9/><G133/><T3/><D135/><U88/><E74/><V64/><F101/><W15/><G29/><T90/><D3/><U47/><E69/><V134/><F134/><W18/><G40/><T6/><D129/><U58/><E125/><V100/><F100/><W63/><G119/><T60/><D107/><U77/><E123/><V92/><F92/><W71/><G65/><T105/><D105/><U102/><E114/><V57/><F41/><W34/><G34/><T30/><D72/><U103/><E77/><V32/><F36/><W25/><G106/><T48/><D13/><U73/><E73/><V35/><F64/><W76/><G96/><T11/><D11/><U91/><E103/><V75/><F75/><W115/><G115/><T130/><D6/><U122/><E102/><V132/><F57/><W118/><G118/><T31/><D31/><U38/><E58/><V68/><F68/><W104/><G104/><T81/><D130/><U19/><E122/><V93/><F93/><W97/><G97/><T14/><D14/><U37/><E91/><V116/><F116/><W82/><G82/><T112/><D84/><U10/><E10/><V5/><F132/><W62/><G62/><T70/><D99/><U55/><E55/><V124/><F124/><W49/><G49/><T8/><D8/><U85/><E85/><V83/><F83/><W26/><G26/><T52/><D81/><U61/><E38/><V7/><F35/><W110/><G110/><RYUUKYOKU ba="0,0" sc="206,-10,252,-10,169,-10,373,30" hai3="4,9,15,18,25,42,44,51,63,67,71,76,79" /><INIT seed="3,1,0,3,3,56" ten="196,242,159,403" oya="3" hai0="35,120,7,21,59,85,29,119,118,19,25,39,92" hai1="109,52,117,18,97,28,57,88,103,108,31,62,40" hai2="27,107,95,84,80,98,55,41,26,126,78,4,134" hai3="12,129,50,17,53,51,8,94,44,33,32,110,67"/><W77/><G129/><T71/><D71/><U124/><E124/><V100/><F126/><W3/><G3/><T83/><D39/><U116/><E40/><V112/><F112/><W5/><G110/><N who="1" m="42602" /><E18/><V72/><F134/><W105/><G105/><T36/><D36/><U47/><E47/><V122/><F122/><W66/><G17/><T6/><D120/><U93/><E103/><V113/><F113/><W15/><G15/><T69/><D69/><U106/><E106/><V74/><F41/><W22/><G22/><T0/><D92/><U14/><E14/><V2/><F74/><W101/><G32/><T82/><D82/><U123/><E123/><V81/><F81/><W45/><G33/><T10/><D7/><U9/><E9/><V34/><F34/><W23/><G23/><T132/><D132/><U104/><E104/><V121/><F121/><W75/><G77/><T64/><D35/><U73/><E73/><V42/><F42/><N who="3" m="24855" /><G75/><T131/><D19/><U102/><E102/><V128/><F128/><W130/><G130/><T63/><REACH who="0" step="1"/><D131/><REACH who="0" ten="186,242,159,403" step="2"/><U58/><E58/><V48/><F4/><W16/><G5/><T111/><D111/><U46/><E46/><N who="2" m="28055" /><F2/><W76/><G45/><T125/><D125/><U60/><E60/><V133/><F133/><W70/><G16/><T127/><D127/><U43/><E43/><V20/><F20/><W87/><G70/><T30/><D30/><AGARI ba="1,1" hai="28,30,31,52,57,62,88,93,97,116,117" m="42602" machi="30" ten="30,7700,0" yaku="14,1,52,1,54,2" doraHai="56" who="1" fromWho="0" sc="186,-80,242,90,159,0,403,0" /><INIT seed="4,0,0,5,4,59" ten="106,332,159,403" oya="0" hai0="9,14,43,77,92,33,50,26,72,22,42,106,111" hai1="121,61,7,41,85,23,20,17,116,91,3,112,105" hai2="114,51,125,40,49,117,13,69,27,54,11,98,46" hai3="35,52,71,30,78,1,70,81,76,16,57,84,104"/><T55/><D106/><U68/><E121/><V10/><F69/><W44/><G1/><T96/><D33/><U60/><E116/><V6/><F117/><W8/><G104/><T122/><D122/><U24/><E68/><V45/><F114/><W18/><G76/><T38/><D38/><U63/><E105/><V87/><F125/><W53/><G35/><T21/><D111/><U0/><E41/><V102/><F27/><W126/><G30/><T131/><D131/><U34/><E34/><V80/><F11/><W123/><G126/><T74/><D74/><U73/><E73/><V66/><F66/><W101/><G101/><T67/><D67/><U64/><E64/><V103/><REACH who="2" step="1"/><F98/><REACH who="2" ten="106,332,149,403" step="2"/><W65/><G65/><T47/><D26/><N who="1" m="14607" /><E112/><V2/><F2/><W94/><G70/><T132/><D132/><U99/><E0/><V15/><F15/><W32/><G8/><T56/><D14/><U113/><E113/><V134/><F134/><W86/><G71/><T118/><D9/><U31/><E3/><V25/><F25/><W29/><G123/><T58/><D118/><U130/><E130/><V108/><F108/><W95/><G32/><T127/><D127/><U39/><E99/><V36/><F36/><W133/><G133/><T120/><D120/><U100/><E39/><V93/><F93/><W115/><G94/><T135/><D135/><U109/><E109/><V28/><F28/><W129/><G29/><T48/><D92/><N who="1" m="54383" /><E7/><V119/><F119/><W5/><G115/><T88/><D96/><U62/><N who="1" m="15360" /><DORA hai="37" /><U128/><E128/><V79/><AGARI ba="0,1" hai="6,10,13,40,45,46,49,51,54,79,80,87,102,103" machi="79" ten="20,16000,3" yaku="1,1,5,1,0,1,7,1,25,2,8,1,52,1,53,1" doraHai="59,37" doraHaiUra="83,110" who="2" fromWho="2" sc="106,-80,332,-40,149,170,403,-40" /><INIT seed="5,0,0,3,5,24" ten="26,292,319,363" oya="1" hai0="126,14,132,57,63,115,70,60,105,67,89,48,113" hai1="82,2,66,133,121,100,50,9,74,26,84,130,16" hai2="83,99,6,17,62,3,5,79,58,103,116,53,54" hai3="120,45,91,31,92,10,27,111,112,25,125,81,106"/><U44/><E121/><V102/><F116/><W87/><G106/><T8/><D105/><U7/><E74/><V52/><F17/><W1/><G111/><T122/><D122/><U123/><E123/><V90/><F90/><W118/><G112/><N who="0" m="43083" /><D89/><U15/><E133/><V18/><F18/><W13/><G1/><T78/><D78/><U55/><E130/><V93/><F103/><W65/><G125/><T109/><D14/><N who="1" m="5439" /><E26/><V40/><F40/><W128/><G128/><T38/><D8/><N who="1" m="6247" /><E2/><V86/><F3/><W47/><G65/><AGARI ba="0,0" hai="5,6,52,53,54,58,62,65,79,83,86,93,99,102" machi="65" ten="40,2600,0" yaku="8,1,54,1" doraHai="24" who="2" fromWho="3" sc="26,0,292,0,319,26,363,-26" /><INIT seed="6,0,0,5,0,65" ten="26,292,345,337" oya="2" hai0="1,93,45,69,47,119,33,57,115,94,96,38,74" hai1="14,83,111,64,110,118,0,109,113,3,44,71,59" hai2="81,48,120,104,105,91,90,31,5,106,75,97,127" hai3="18,82,116,86,103,98,61,68,28,42,60,15,135"/><V107/><F120/><W76/><G116/><T24/><D57/><U30/><E118/><V6/><F127/><W126/><G126/><T37/><D24/><U80/><E59/><V26/><F48/><W41/><G135/><T21/><D21/><U87/><E80/><V8/><F6/><W52/><G28/><T2/><D96/><U16/><E30/><V22/><N who="2" m="26624" /><DORA hai="84" /><V46/><F46/><W27/><G27/><T54/><D119/><U43/><E113/><V36/><F36/><W125/><G125/><T13/><D13/><U72/><E72/><V66/><F66/><W51/><G98/><T39/><D74/><U29/><E29/><V23/><F23/><N who="3" m="11743" /><G103/><T117/><D117/><U130/><E130/><V34/><F34/><W12/><G68/><T95/><D33/><U53/><E53/><V7/><F7/><W121/><G12/><T58/><D58/><U112/><E112/><V50/><F50/><W129/><G129/><T10/><D54/><U56/><E56/><V128/><F97/><W63/><G121/><T92/><N who="0" m="23552" /><DORA hai="25" /><T99/><D99/><U131/><E131/><V100/><F100/><W70/><G70/><T78/><D78/><U17/><E17/><V101/><F101/><W32/><G32/><T62/><D115/><U114/><E114/><V73/><F128/><W134/><G134/><T85/><D85/><U11/><E64/><V9/><F75/><W124/><G124/><T133/><D133/><U67/><E67/><V89/><F5/><W20/><G20/><T40/><D37/><N who="1" m="21615" /><E71/><V19/><F31/><W132/><G132/><RYUUKYOKU ba="0,0" sc="26,-30,292,10,345,10,337,10" hai1="0,3,11,14,16,83,87,109,110,111" hai2="8,9,19,22,26,73,81,89,90,91" hai3="41,42,51,52,60,61,63,76,82,86" owari="-4,-50.0,302,-10.0,355,45.0,347,15.0" /></mjloggm>