<mjloggm ver="2.3"><GO type="169" lobby="0"/><UN n0="%E3%81%BB%E3%83%BC%E3%82%8A%E3%83%BC" n1="%E6%B1%A0%E7%94%B0%E3%81%AD%E3%81%93" n2="%69%71%31%38%30%E7%9C%9F%E5%89%A3%E6%A7%98" n3="%E3%82%B3%E3%82%AB%E3%83%A9%E3%82%A4%E3%82%A2" dan="16,16,16,17" rate="2143.80,2043.92,2160.40,2159.19" sx="M,F,M,M"/><TAIKYOKU oya="0"/><INIT seed="0,0,0,0,4,64" ten="250,250,250,250" oya="0" hai0="100,11,7,87,22,84,55,88,74,19,101,62,93" hai1="82,4,118,79,114,36,91,24,124,77,29,128,80" hai2="71,129,57,132,76,123,23,13,40,67,134,61,1" hai3="25,0,52,21,9,119,45,104,37,103,99,50,42"/><T39/><D74/><U97/><E36/><V66/><F1/><W133/><G133/><T73/><D73/><U2/><E118/><V8/><F123/><W90/><G119/><T15/><D39/><U44/><E128/><V113/><F113/><W89/><G0/><T107/><D107/><U16/><E124/><V5/><F129/><W33/><G9/><T53/><D84/><U130/><E44/><V81/><F40/><W27/><G27/><T41/><D41/><U35/><E114/><V120/><F120/><W14/><G14/><T63/><D63/><U47/><E47/><V28/><F66/><W83/><G33/><T30/><D30/><U69/><E69/><V48/><F28/><W72/><G72/><T49/><D62/><U18/><E130/><V26/><F23/><W106/><G106/><T78/><D78/><U116/><E116/><V127/><F26/><W65/><G65/><T96/><D96/><U43/><E43/><V70/><F127/><W131/><G83/><T115/><D53/><U112/><E112/><V10/><F10/><W34/><G34/><T121/><D121/><U95/><E4/><V60/><F61/><W135/><G135/><N who="2" m="51753" /><F48/><W56/><REACH who="3" step="1"/><G131/><REACH who="3" ten="250,250,250,240" step="2"/><T17/><D115/><U108/><E2/><V117/><F117/><W98/><G98/><T31/><D31/><AGARI ba="0,1" hai="21,25,31,37,42,45,50,52,56,89,90,99,103,104" machi="31" ten="30,3900,0" yaku="1,1,7,1,54,1,53,0" doraHai="64" doraHaiUra="125" who="3" fromWho="0" sc="250,-39,250,0,250,0,240,49" /><INIT seed="1,0,0,2,0,92" ten="211,250,250,289" oya="1" hai0="98,124,77,65,109,120,123,57,71,105,80,91,54" hai1="5,40,135,19,94,17,61,7,63,133,101,108,12" hai2="62,51,46,118,64,4,85,20,14,82,115,119,13" hai3="112,30,15,99,132,107,74,52,79,6,28,21,29"/><U45/><E108/><V100/><F115/><W44/><G112/><T36/><D36/><U42/><E94/><V43/><F14/><W23/><G132/><N who="1" m="50762" /><E101/><V78/><F20/><W131/><G131/><T83/><D109/><U86/><E19/><V53/><F100/><W16/><G74/><T72/><D124/><U122/><E122/><N who="0" m="46633" /><D65/><U68/><E86/><V49/><F49/><N who="3" m="28711" /><G79/><T39/><D39/><N who="1" m="21663" /><E42/><V67/><F53/><W31/><G6/><N who="1" m="2058" /><E68/><V97/><F64/><W8/><G107/><T26/><D71/><U114/><E114/><V111/><F111/><W125/><G125/><T1/><D105/><U127/><E127/><V106/><F67/><W0/><G0/><T59/><D1/><U9/><AGARI ba="0,0" hai="9,12,17,61,63" m="2058,21663,50762" machi="9" ten="30,1500,0" yaku="20,1" doraHai="92" who="1" fromWho="1" sc="211,-5,250,15,250,-5,289,-5" /><INIT seed="1,1,0,5,4,42" ten="206,265,245,284" oya="1" hai0="103,92,112,55,39,107,26,90,124,123,87,41,2" hai1="72,129,12,109,67,68,22,49,101,52,89,99,5" hai2="6,23,62,122,104,45,105,134,102,20,48,108,1" hai3="77,24,0,3,116,50,33,31,88,61,54,36,113"/><U44/><E72/><V94/><F122/><W32/><G113/><T119/><D2/><U98/><E129/><V74/><F74/><W40/><G77/><T128/><D119/><U47/><E109/><V80/><F108/><W79/><G79/><T100/><D107/><U8/><E99/><V111/><F111/><W29/><G116/><T51/><D112/><U56/><E89/><V18/><F134/><W95/><G61/><T58/><D124/><U9/><E9/><V28/><F80/><W70/><G70/><T84/><D128/><U93/><REACH who="1" step="1"/><E22/><REACH who="1" ten="206,255,245,284" step="2"/><V127/><F23/><W16/><G88/><T69/><D90/><U106/><E106/><V75/><F104/><W27/><G33/><T37/><D87/><U85/><E85/><V43/><F75/><W126/><G32/><T78/><D84/><U115/><E115/><V91/><F105/><W60/><G126/><T73/><D73/><U34/><E34/><V7/><F127/><W125/><G125/><T13/><D78/><U86/><E86/><V131/><F91/><W25/><G95/><T120/><D92/><U19/><E19/><V83/><F131/><W66/><G16/><T117/><D117/><U132/><E132/><V76/><F18/><W4/><G4/><T121/><D123/><U10/><E10/><N who="2" m="2383" /><F7/><W82/><G82/><T59/><D121/><U81/><E81/><V53/><F20/><W11/><G11/><T114/><D120/><U96/><E96/><N who="2" m="59671" /><F28/><W130/><G29/><T14/><D114/><U17/><E17/><V97/><F97/><W46/><G31/><T135/><D135/><RYUUKYOKU ba="1,1" sc="206,-10,255,30,245,-10,284,-10" hai1="5,8,12,44,47,49,52,56,67,68,93,98,101" /><INIT seed="1,2,1,0,1,63" ten="196,285,235,274" oya="1" hai0="131,82,48,134,89,64,128,94,81,8,19,43,68" hai1="2,90,117,26,50,105,130,46,51,76,120,65,59" hai2="47,111,109,88,56,11,27,98,110,49,32,58,9" hai3="73,132,112,62,55,133,74,67,54,45,79,113,31"/><U18/><E120/><V42/><F32/><W16/><G31/><T35/><D35/><U20/><E117/><V25/><F11/><W92/><G92/><T107/><D107/><U1/><E105/><V6/><F56/><W93/><G93/><T100/><D100/><U72/><E130/><N who="0" m="49705" /><D134/><N who="3" m="51817" /><G16/><T80/><D43/><U14/><E76/><V116/><F58/><N who="3" m="37335" /><G79/><T125/><D48/><U28/><E72/><N who="3" m="27754" /><G45/><T106/><D106/><U135/><E135/><V37/><F116/><W91/><G91/><T4/><D19/><U127/><E90/><V7/><F7/><W39/><G39/><T87/><D125/><U13/><E127/><V33/><F37/><W36/><G36/><T69/><D64/><U61/><E14/><AGARI ba="2,1" hai="4,8,14,68,69,80,81,82,87,89,94" m="49705" machi="14" ten="30,1000,0" yaku="19,1" doraHai="63" who="0" fromWho="1" sc="196,26,285,-16,235,0,274,0" /><INIT seed="2,0,0,5,1,127" ten="222,269,235,274" oya="2" hai0="56,30,7,17,24,98,68,91,15,26,85,70,29" hai1="67,60,9,69,116,22,11,104,14,19,90,121,54" hai2="83,74,32,28,108,36,124,43,42,71,20,101,41" hai3="44,115,38,99,33,46,62,94,129,122,51,125,49"/><V6/><F71/><W132/><G33/><T119/><D7/><U93/><E116/><V126/><F32/><W135/><G122/><T95/><D70/><U34/><E121/><V72/><F6/><W3/><G3/><T118/><D68/><U0/><E104/><V35/><F35/><W59/><G125/><N who="2" m="48233" /><F108/><W61/><G115/><T8/><D56/><U25/><E0/><V105/><F36/><W112/><G94/><T64/><D64/><U120/><E120/><V66/><F66/><W39/><G99/><T97/><D97/><U133/><E133/><V40/><N who="2" m="10240" /><DORA hai="31" /><V109/><F109/><W65/><G112/><T58/><D58/><U113/><E113/><V53/><F53/><W77/><G59/><T16/><D98/><U4/><E54/><V128/><F101/><W52/><G65/><T27/><REACH who="0" step="1"/><D17/><REACH who="0" ten="212,269,235,274" step="2"/><U102/><E19/><V1/><F105/><W55/><G77/><T12/><D12/><U37/><E14/><V88/><F1/><W73/><G73/><T84/><D84/><U18/><E4/><V92/><F74/><W5/><G5/><T107/><D107/><U89/><E69/><V114/><F72/><W50/><G49/><T75/><D75/><U86/><E67/><V130/><F114/><W110/><G110/><T117/><AGARI ba="0,1" hai="8,15,16,24,26,27,29,30,85,91,95,117,118,119" machi="117" ten="40,8000,1" yaku="1,1,0,1,12,1,54,1,53,1" doraHai="127,31" doraHaiUra="82,76" who="0" fromWho="0" sc="212,90,269,-20,235,-40,274,-20" /><INIT seed="3,0,0,3,4,21" ten="302,249,195,254" oya="3" hai0="91,112,81,124,42,6,14,8,74,117,49,47,70" hai1="12,76,56,37,89,32,45,82,109,72,30,29,2" hai2="119,62,9,116,44,98,46,129,101,15,92,55,73" hai3="5,88,38,34,132,1,33,16,18,96,130,114,113"/><W127/><G38/><T36/><D70/><U75/><E109/><V63/><F73/><W7/><G1/><T69/><D69/><U121/><E121/><V17/><F129/><W53/><G130/><T27/><D117/><U52/><E2/><V10/><F119/><W51/><G132/><T58/><D124/><U31/><E75/><V26/><F116/><W41/><G41/><T11/><D11/><U102/><E102/><V28/><F10/><W125/><G51/><T66/><D27/><U48/><E12/><V99/><F98/><W61/><G61/><T78/><D91/><U123/><E89/><V100/><F100/><W85/><G96/><T87/><D112/><N who="3" m="43113" /><G53/><T83/><D36/><U133/><E133/><V3/><F3/><W0/><G0/><T67/><D58/><U118/><E123/><V105/><F105/><W131/><G131/><T20/><D20/><U106/><E106/><V79/><F79/><W77/><G77/><T57/><D57/><U110/><E110/><V64/><F55/><W126/><G85/><T25/><D74/><U59/><E118/><V80/><F63/><W135/><G135/><T90/><D78/><U71/><E71/><V40/><F40/><W35/><G88/><T60/><D90/><U95/><E95/><V65/><F80/><W54/><G54/><T103/><D103/><U94/><E94/><V84/><F84/><W120/><G120/><T97/><D97/><U39/><E32/><N who="2" m="20503" /><F62/><W19/><AGARI ba="0,0" hai="5,7,16,18,19,33,34,35,125,126,127" m="43113" machi="19" ten="50,24000,3" yaku="29,2,28,2,18,1,34,2,54,1" doraHai="21" who="3" fromWho="3" sc="302,-80,249,-80,195,-80,254,240" /><INIT seed="3,1,0,1,2,45" ten="222,169,115,494" oya="3" hai0="30,120,69,13,72,17,26,127,73,19,66,11,104" hai1="123,3,97,87,106,56,15,117,67,39,18,64,92" hai2="54,1,53,16,80,68,58,40,21,51,6,44,20" hai3="38,93,135,61,84,76,109,105,42,65,32,96,71"/><W115/><G115/><T62/><D104/><U78/><E123/><V55/><F68/><W29/><G135/><T50/><D120/><U48/><E39/><V101/><F21/><W41/><G109/><T9/><D127/><U129/><E3/><V124/><F124/><W89/><G38/><T0/><D50/><U119/><E129/><V131/><F131/><W7/><G7/><T111/><D111/><U86/><E106/><V85/><F101/><N who="3" m="62631" /><G76/><T132/><D132/><U88/><E78/><N who="2" m="46231" /><F6/><W52/><G52/><N who="2" m="20073" /><F1/><W95/><G95/><T94/><D94/><U14/><E48/><N who="2" m="26631" /><F20/><W113/><G113/><T83/><D0/><U2/><E2/><V12/><F16/><W102/><G102/><T70/><D70/><U57/><E18/><V46/><F12/><N who="1" m="4649" /><E119/><V24/><F24/><AGARI ba="1,0" hai="24,29,32,41,42,61,65,71,84,89,93" m="62631" machi="24" ten="30,1500,0" yaku="25,1" doraHai="45" who="3" fromWho="2" sc="222,0,169,0,115,-18,494,18" /><INIT seed="3,2,0,0,0,113" ten="222,169,97,512" oya="3" hai0="107,103,95,16,118,86,130,59,90,36,21,3,97" hai1="8,87,88,19,104,23,22,17,11,54,46,5,92" hai2="75,114,133,96,126,33,50,74,14,27,85,35,55" hai3="12,38,65,99,69,45,115,98,61,47,28,41,25"/><W29/><G115/><T32/><D32/><U93/><E104/><V68/><F114/><W34/><G28/><T110/><D3/><U91/><E46/><V121/><F68/><W13/><G47/><T73/><D36/><U15/><E54/><V6/><F126/><W4/><G4/><T129/><D110/><U77/><E77/><V105/><F133/><W111/><G111/><T79/><D59/><U64/><E64/><V51/><F121/><W123/><G123/><T9/><D9/><U53/><E53/><V67/><F67/><W122/><G122/><T44/><D44/><U127/><E127/><V134/><F134/><W0/><G0/><T84/><D84/><U100/><E100/><V119/><F119/><W7/><G7/><T101/><D101/><U52/><E52/><V108/><F105/><W80/><G80/><N who="0" m="45167" /><D118/><U72/><E72/><V58/><F33/><W94/><G99/><T117/><D117/><U135/><E135/><V30/><F35/><W37/><REACH who="3" step="1"/><G38/><REACH who="3" ten="222,169,97,502" step="2"/><T31/><D31/><U102/><E5/><V71/><F108/><W128/><G128/><T42/><D42/><U2/><E2/><V83/><F74/><W81/><G81/><T116/><D116/><U43/><E43/><V132/><F75/><W89/><AGARI ba="2,1" hai="12,13,25,29,34,37,41,45,61,65,69,89,94,98" machi="89" ten="20,7800,0" yaku="1,1,0,1,7,1,53,1" doraHai="113" doraHaiUra="63" who="3" fromWho="3" sc="222,-28,169,-28,97,-28,502,94" /><INIT seed="3,3,0,4,3,69" ten="194,141,69,596" oya="3" hai0="3,15,124,37,59,128,73,105,99,91,58,64,57" hai1="1,30,121,45,76,129,122,52,0,23,38,21,5" hai2="11,98,70,43,112,39,62,61,82,131,77,108,67" hai3="20,110,127,96,28,95,106,41,9,97,71,78,103"/><W83/><G71/><T118/><D3/><U111/><E111/><V53/><F108/><W88/><G110/><T107/><D73/><U114/><E114/><V60/><F112/><W132/><G127/><T16/><D64/><U90/><E129/><V40/><F131/><W87/><G41/><T4/><D4/><U115/><E115/><V34/><F34/><W50/><G50/><T26/><D26/><U8/><E0/><V10/><F98/><W134/><G9/><T56/><D118/><U125/><E125/><V44/><F43/><W133/><G20/><T18/><D58/><U123/><E30/><V72/><REACH who="2" step="1"/><F61/><REACH who="2" ten="194,141,59,596" step="2"/><W35/><G35/><T32/><D99/><U89/><E123/><V29/><F29/><AGARI ba="3,1" hai="28,29,78,83,87,88,95,96,97,103,106,132,133,134" machi="29" ten="40,3900,0" yaku="20,1,54,1" doraHai="69" who="3" fromWho="2" sc="194,0,141,0,59,-48,596,58" /><INIT seed="3,4,0,2,4,10" ten="194,141,11,654" oya="3" hai0="123,65,106,51,133,34,57,40,116,21,76,114,52" hai1="110,31,124,98,23,33,30,47,130,41,92,8,37" hai2="91,121,74,56,100,102,118,54,115,62,86,4,27" hai3="2,103,17,44,119,53,9,104,127,12,84,125,132"/><W42/><G119/><T26/><D106/><U107/><E107/><V25/><F118/><W87/><G132/><T129/><D34/><U66/><E110/><V49/><F115/><W81/><G2/><T7/><D123/><U68/><E33/><V108/><F74/><W120/><G120/><T122/><D7/><U48/><E130/><V20/><F121/><W109/><G109/><T64/><D122/><U70/><E124/><V89/><F108/><W101/><G104/><T16/><D133/><U112/><E112/><V117/><F117/><W99/><G99/><T61/><D129/><U71/><E8/><V13/><F62/><W67/><G67/><T75/><D116/><U24/><E31/><N who="2" m="17831" /><F27/><W22/><G84/><T80/><D114/><U135/><E135/><V29/><F29/><W3/><G3/><T38/><D38/><U95/><E37/><V134/><F134/><W97/><G9/><T78/><D78/><U28/><E28/><V79/><F79/><W128/><G128/><T35/><D35/><U36/><E36/><V45/><F45/><W55/><G97/><T18/><D18/><U19/><E30/><V69/><F69/><W32/><G32/><T15/><D26/><U82/><E98/><V58/><F58/><W43/><G44/><T126/><D126/><U60/><E70/><V73/><F73/><W39/><G39/><T83/><D75/><U72/><E71/><V96/><F96/><W131/><G131/><T93/><D76/><N who="1" m="44295" /><E68/><V14/><F91/><N who="3" m="51695" /><G125/><T5/><D57/><N who="1" m="37135" /><E47/><V63/><F63/><W105/><G127/><T50/><D61/><RYUUKYOKU ba="4,0" sc="194,-10,141,30,11,-10,654,-10" hai1="19,23,24,41,48,92,95" /><INIT seed="4,5,0,1,5,35" ten="184,171,1,644" oya="0" hai0="94,135,42,68,70,14,126,8,101,55,45,73,123" hai1="109,6,18,125,59,48,43,7,10,21,2,47,93" hai2="49,106,76,134,107,51,103,16,29,40,69,100,17" hai3="90,92,24,52,87,122,22,41,74,128,77,12,78"/><T88/><D73/><U99/><E109/><V115/><F69/><W54/><G128/><T75/><D75/><U0/><E125/><V133/><F76/><N who="3" m="29291" /><G74/><T28/><D123/><U85/><E85/><V121/><F29/><N who="3" m="17559" /><G122/><T131/><D101/><N who="2" m="38986" /><F121/><W130/><G130/><T104/><D104/><N who="2" m="39978" /><F40/><W36/><G36/><T124/><D55/><U108/><E108/><V91/><F91/><W32/><G32/><T120/><D28/><U116/><E116/><V79/><F79/><W44/><G12/><T50/><D120/><U113/><E113/><V25/><F115/><W30/><G30/><T4/><D135/><N who="2" m="51722" /><F25/><W102/><G102/><T89/><D89/><U1/><E59/><V13/><F13/><W64/><G64/><T23/><D23/><U9/><E93/><V119/><F119/><W96/><G87/><N who="0" m="52511" /><D131/><U39/><E99/><V62/><F62/><W5/><G54/><T63/><D63/><U105/><E105/><V15/><F15/><W129/><G52/><T66/><D66/><U114/><E114/><V86/><F86/><W98/><G96/><T117/><D117/><U37/><E0/><V67/><F67/><W110/><G129/><T3/><D3/><U27/><AGARI ba="5,0" hai="1,2,6,7,9,10,18,21,27,37,39,43,47,48" machi="27" ten="20,8000,1" yaku="0,1,7,1,9,1,52,2" doraHai="35" who="1" fromWho="1" sc="184,-45,171,95,1,-25,644,-25" owari="139,-26.0,266,7.0,-24,-52.0,619,71.0" /></mjloggm>