<mjloggm ver="2.3"><GO type="169" lobby="0"/><UN n0="%6B%6F%62%6F%7A" n1="%E8%88%AC%E5%8D%93%E6%B0%91%E3%81%AE%E6%9C%9D%E3%81%AF%E6%97%A9%E3%81%84" n2="%64%75%72%72%72%72%72" n3="%E3%81%88%E3%82%8A%E3%82%93%E3%81%BC%50" dan="18,17,18,17" rate="2211.13,2225.78,2217.68,2197.95" sx="M,M,M,M"/><TAIKYOKU oya="0"/><INIT seed="0,0,0,0,4,109" ten="250,250,250,250" oya="0" hai0="76,132,30,90,128,32,112,69,6,83,0,44,8" hai1="89,82,10,54,79,133,59,23,111,53,93,92,123" hai2="43,22,25,99,81,61,63,85,3,15,66,42,64" hai3="11,65,68,91,41,52,46,103,50,119,129,56,67"/><T108/><D69/><U131/><E111/><V101/><F3/><W45/><G119/><T71/><D108/><U72/><E131/><V84/><F15/><W36/><G103/><T20/><D71/><U60/><E133/><V13/><F13/><W135/><G91/><T124/><D128/><U121/><E10/><V115/><F115/><W4/><G129/><T49/><D132/><U31/><E54/><V47/><F63/><W37/><G135/><T24/><D124/><U97/><E31/><V17/><F84/><W1/><REACH who="3" step="1"/><G68/><REACH who="3" ten="250,250,250,240" step="2"/><T19/><D90/><U74/><E74/><V106/><F101/><W86/><G86/><T87/><D112/><U16/><REACH who="1" step="1"/><E93/><REACH who="1" ten="250,240,250,240" step="2"/><V14/><F106/><W127/><G127/><T28/><REACH who="0" step="1"/><D32/><REACH who="0" ten="240,240,250,240" step="2"/><U35/><E35/><V105/><F105/><W73/><G73/><T100/><D100/><U118/><E118/><V75/><F75/><W130/><G130/><T126/><D126/><U5/><E5/><V39/><F85/><W40/><AGARI ba="0,3" hai="1,4,11,36,37,40,41,45,46,50,52,56,65,67" machi="40" ten="30,7900,0" yaku="1,1,0,1,9,1,54,1,53,0" doraHai="109" doraHaiUra="77" who="3" fromWho="3" sc="240,-39,240,-20,250,-20,240,109" /><INIT seed="1,0,0,2,2,108" ten="201,220,230,349" oya="1" hai0="61,70,66,45,103,3,101,132,133,134,35,100,91" hai1="43,10,76,63,37,18,24,28,98,56,118,83,68" hai2="4,80,13,127,86,123,58,51,25,60,129,64,11" hai3="22,67,78,79,110,128,96,5,44,12,65,84,115"/><U53/><E118/><V92/><F123/><W21/><G110/><T34/><D3/><U15/><E68/><V57/><F129/><W130/><G44/><T30/><D30/><U97/><E43/><V126/><F92/><W102/><G5/><T27/><D27/><U113/><E37/><V59/><F25/><W95/><G115/><T52/><D91/><U46/><E46/><V33/><F33/><W17/><G21/><T99/><D99/><U36/><E36/><V93/><F93/><W50/><G50/><AGARI ba="0,0" hai="34,35,45,50,52,61,66,70,100,101,103,132,133,134" machi="50" ten="50,3200,0" yaku="20,1,54,1" doraHai="108" who="0" fromWho="3" sc="201,32,220,0,230,0,349,-32" /><INIT seed="2,0,0,1,2,90" ten="233,220,230,317" oya="2" hai0="86,30,9,114,7,96,123,75,31,71,46,85,52" hai1="33,135,56,28,76,107,43,12,66,99,47,104,29" hai2="35,14,95,26,32,117,37,48,106,131,81,133,57" hai3="112,80,124,127,116,72,92,60,18,19,134,16,87"/><V121/><F106/><W22/><G116/><T63/><D75/><U49/><E135/><V119/><F37/><W59/><G134/><T58/><D114/><U105/><E76/><V23/><F133/><W108/><G112/><T39/><D71/><U10/><E33/><V74/><F121/><W122/><G72/><T25/><D123/><U88/><E66/><V24/><F131/><W36/><G36/><T132/><D31/><U97/><E56/><V101/><F14/><W5/><G5/><T130/><D96/><U73/><E97/><V3/><F3/><W0/><G0/><T4/><D4/><U69/><E69/><V42/><F35/><W20/><G108/><T91/><D130/><U93/><REACH who="1" step="1"/><E73/><REACH who="1" ten="233,210,230,317" step="2"/><V44/><F57/><W109/><G122/><T100/><D132/><U79/><E79/><N who="2" m="44279" /><F32/><W70/><G109/><T50/><D100/><U78/><E78/><V45/><F45/><W126/><G70/><T34/><D91/><U68/><E68/><V65/><F65/><N who="3" m="39071" /><G80/><T67/><REACH who="0" step="1"/><D39/><REACH who="0" ten="223,210,230,317" step="2"/><U54/><E54/><N who="2" m="29959" /><F119/><W41/><G41/><T89/><D89/><AGARI ba="0,2" hai="16,18,19,20,22,87,89,92,124,126,127" m="39071" machi="89" ten="40,5200,0" yaku="18,1,52,1,54,1" doraHai="90" who="3" fromWho="0" sc="223,-52,210,0,230,0,317,72" /><INIT seed="3,0,0,5,2,51" ten="171,210,230,389" oya="3" hai0="90,102,87,24,74,126,64,56,62,103,17,47,0" hai1="104,11,9,29,42,100,5,8,114,30,134,91,37" hai2="89,14,34,25,70,127,48,58,131,20,118,28,53" hai3="85,22,88,110,92,125,38,66,39,61,15,40,81"/><W84/><G125/><T36/><D74/><U7/><E104/><V106/><F118/><W113/><G113/><T95/><D0/><U79/><E37/><V43/><F43/><W120/><G120/><T18/><D126/><U77/><E114/><V21/><F70/><W108/><G22/><T93/><D36/><U130/><E42/><V54/><F106/><W49/><G15/><T109/><D109/><N who="3" m="42089" /><G49/><T68/><D47/><U45/><E45/><V69/><F69/><N who="3" m="42191" /><G40/><T32/><D68/><U31/><E130/><V52/><F127/><W27/><G27/><T96/><D32/><U71/><E71/><V98/><F131/><W122/><G122/><T101/><REACH who="0" step="1"/><D24/><REACH who="0" ten="161,210,230,389" step="2"/><U60/><E5/><V112/><F34/><W23/><G38/><T94/><D94/><U1/><E7/><V50/><F112/><W80/><G39/><T117/><D117/><U72/><E1/><V75/><F75/><W59/><G59/><T82/><D82/><U41/><E72/><V4/><F58/><W99/><G80/><T67/><D67/><U83/><E83/><V13/><F13/><W123/><G123/><T119/><D119/><U86/><E41/><V55/><N who="2" m="13312" /><DORA hai="135" /><V121/><F121/><W44/><G44/><T57/><D57/><U107/><E107/><V97/><F4/><W35/><G35/><T128/><D128/><U124/><E124/><V129/><F129/><W115/><G115/><T111/><D111/><U2/><E2/><V105/><F14/><W12/><G81/><T3/><D3/><U73/><E73/><V10/><F25/><W46/><G46/><RYUUKYOKU ba="0,1" sc="161,15,210,-15,230,-15,389,15" hai0="17,18,56,62,64,87,90,93,95,96,101,102,103" hai3="12,23,84,85,88,92,99" /><INIT seed="3,1,1,3,2,80" ten="176,195,215,404" oya="3" hai0="67,106,33,95,8,100,11,104,38,45,7,14,42" hai1="118,54,111,6,66,92,62,87,69,15,68,86,77" hai2="125,75,130,113,88,119,9,114,59,1,82,109,39" hai3="65,108,122,90,20,25,21,16,19,50,4,34,97"/><W83/><G122/><T76/><D33/><U12/><E111/><V128/><F39/><W135/><G108/><T117/><D117/><U131/><E131/><N who="2" m="50219" /><F109/><W32/><G135/><T78/><D67/><U120/><E120/><V132/><F119/><W23/><G65/><T133/><D133/><U85/><E118/><V98/><F132/><W84/><G4/><T81/><D78/><U5/><E69/><V74/><F59/><W91/><G50/><T29/><D29/><U102/><E77/><N who="2" m="44343" /><F75/><W112/><G112/><N who="2" m="43113" /><F9/><W99/><G21/><T123/><D123/><U41/><E41/><V30/><F30/><W22/><G22/><T94/><D11/><U73/><E73/><V37/><F37/><W2/><G2/><T105/><REACH who="0" step="1"/><D100/><REACH who="0" ten="166,195,215,404" step="2"/><U57/><E66/><V31/><F31/><W51/><G32/><T96/><D96/><N who="1" m="59655" /><E68/><V18/><F1/><W60/><G34/><T3/><D3/><U79/><E79/><V27/><F125/><W17/><G90/><T36/><D36/><U40/><E40/><V48/><F98/><W56/><G20/><T129/><D129/><U13/><AGARI ba="1,2" hai="5,6,12,13,15,54,57,62,85,86,87" m="59655" machi="13" ten="30,7900,0" yaku="8,1,52,3" doraHai="80" who="1" fromWho="1" sc="166,-21,195,102,215,-21,404,-40" /><INIT seed="4,0,0,0,2,1" ten="145,297,194,364" oya="0" hai0="129,16,93,34,72,64,128,7,44,98,99,132,84" hai1="60,29,78,41,22,39,76,15,47,5,90,56,32" hai2="112,13,96,67,88,127,20,82,31,135,37,43,59" hai3="53,30,40,46,123,100,45,42,120,130,75,95,122"/><T87/><D34/><U4/><E32/><V83/><F112/><W110/><G75/><T68/><D72/><U11/><E90/><V10/><F135/><W77/><G110/><T70/><D132/><U6/><E29/><V19/><F127/><W50/><G77/><T23/><D44/><U2/><E22/><V66/><F43/><W62/><G30/><T52/><D64/><N who="2" m="24618" /><F59/><N who="3" m="35183" /><G95/><T97/><D93/><U134/><E134/><V89/><F37/><N who="3" m="21647" /><G100/><T48/><D7/><N who="1" m="3583" /><E39/><V54/><F54/><W118/><G130/><N who="0" m="50283" /><D70/><U61/><E2/><V25/><F96/><N who="0" m="24578" /><T36/><DORA hai="80" /><D36/><U79/><E56/><V86/><F82/><W18/><G18/><T101/><D68/><U21/><E21/><V108/><F108/><W9/><G9/><T38/><D38/><U3/><E3/><V0/><F0/><W114/><G114/><T131/><N who="0" m="50291" /><T74/><DORA hai="65" /><D74/><U119/><E119/><AGARI ba="0,0" hai="42,46,50,118,119,120,122,123" m="21647,35183" machi="119" ten="30,3900,0" yaku="13,1,34,2" doraHai="1,80,65" who="3" fromWho="1" sc="145,0,297,-39,194,0,364,39" /><INIT seed="5,0,0,1,1,16" ten="145,258,194,403" oya="1" hai0="117,43,133,53,56,66,48,94,22,42,121,33,81" hai1="86,12,101,97,131,78,126,18,2,89,31,51,125" hai2="40,59,105,128,6,132,32,47,110,58,113,135,120" hai3="57,104,73,63,55,38,75,27,116,109,3,92,24"/><U30/><E2/><V1/><F32/><W45/><G104/><T8/><D117/><U122/><E122/><V100/><F120/><W111/><G116/><T124/><D33/><U69/><E78/><V68/><F68/><W13/><G3/><T36/><D121/><U80/><E131/><V44/><F1/><W98/><G73/><T76/><D124/><U19/><E19/><V118/><F6/><W115/><G75/><T99/><D133/><U17/><E17/><V108/><F100/><W65/><G115/><T15/><D66/><U130/><E69/><V60/><F105/><W107/><G107/><T52/><D36/><U112/><E112/><V14/><F14/><W7/><G38/><T0/><D53/><U11/><E130/><V127/><F113/><W103/><G109/><N who="2" m="42089" /><F127/><N who="1" m="48649" /><E51/><N who="2" m="27015" /><F128/><W96/><G111/><T90/><D0/><U129/><E129/><V64/><F118/><W34/><G34/><T35/><D35/><U93/><AGARI ba="0,0" hai="11,12,18,30,31,80,86,89,93,97,101" m="48649" machi="93" ten="30,1500,0" yaku="18,1" doraHai="16" who="1" fromWho="1" sc="145,-5,258,15,194,-5,403,-5" /><INIT seed="5,1,0,3,1,22" ten="140,273,189,398" oya="1" hai0="60,76,77,49,59,69,9,3,37,73,23,67,113" hai1="89,58,42,34,135,29,65,33,66,72,13,27,125" hai2="6,4,130,32,11,106,31,84,119,102,129,123,133" hai3="30,53,92,115,35,101,107,44,18,45,122,75,108"/><U21/><E125/><V56/><F102/><W103/><G122/><T134/><D113/><U55/><E135/><V128/><F106/><W39/><G107/><T19/><D134/><U12/><E72/><V16/><F133/><W93/><G75/><T96/><D73/><U2/><E42/><V100/><F100/><W94/><G39/><T127/><D127/><U114/><E114/><V91/><F123/><W61/><G108/><T111/><D96/><U26/><E2/><V116/><F56/><N who="3" m="34959" /><G35/><T121/><D111/><U41/><E89/><V105/><F105/><W51/><G30/><T112/><D112/><U83/><E83/><V50/><F50/><W81/><G81/><T79/><D37/><U118/><E41/><V0/><F4/><W47/><G115/><T104/><D104/><U38/><E38/><V24/><REACH who="2" step="1"/><F16/><REACH who="2" ten="140,273,179,398" step="2"/><W85/><G51/><T43/><D121/><U63/><E118/><V78/><F78/><W5/><G5/><T80/><D69/><U17/><E13/><V62/><F62/><W40/><G18/><T54/><D9/><U74/><E74/><V68/><F68/><W71/><G71/><T8/><D8/><U36/><E36/><V97/><F97/><W90/><G40/><T95/><D43/><U70/><E70/><V109/><F109/><W117/><G117/><T46/><D77/><U126/><E126/><V124/><F124/><W110/><G110/><T20/><D79/><U87/><E87/><V64/><F64/><W7/><G7/><T86/><D19/><U98/><E98/><V10/><F10/><W131/><G101/><RYUUKYOKU ba="1,1" sc="140,-15,273,15,179,15,398,-15" hai1="12,17,21,26,27,29,33,34,55,58,63,65,66" hai2="0,6,11,24,31,32,84,91,116,119,128,129,130" /><INIT seed="5,2,1,0,4,76" ten="125,288,194,383" oya="1" hai0="100,41,23,47,37,42,75,63,85,8,31,69,19" hai1="57,18,73,50,78,98,40,29,32,127,93,10,39" hai2="43,80,4,33,30,102,66,21,90,45,91,126,27" hai3="105,14,62,64,103,11,65,99,67,131,132,95,133"/><U129/><E127/><V124/><F66/><W114/><G131/><T61/><D100/><U113/><E113/><V109/><F109/><W0/><G0/><T115/><D115/><U128/><E39/><V55/><F102/><W25/><G114/><T130/><D130/><U83/><E29/><V81/><F4/><W68/><G25/><T46/><D75/><U35/><E128/><V3/><F3/><W87/><G105/><T89/><D69/><U118/><E118/><V17/><F55/><W88/><G68/><T120/><D8/><U125/><E125/><N who="2" m="48235" /><F91/><W52/><G52/><T86/><D31/><U79/><E79/><V82/><F90/><W53/><G53/><T38/><D120/><U92/><E92/><V13/><F80/><N who="3" m="49255" /><G62/><T15/><REACH who="0" step="1"/><D85/><REACH who="0" ten="115,288,194,383" step="2"/><U119/><E129/><V58/><F58/><W97/><G132/><T51/><D51/><AGARI ba="2,2" hai="13,17,21,27,30,33,43,45,51,81,82" m="48235" machi="51" ten="30,3900,0" yaku="18,1,52,2" doraHai="76" who="2" fromWho="0" sc="115,-45,288,0,194,65,383,0" /><INIT seed="6,0,0,1,0,126" ten="70,288,259,383" oya="2" hai0="74,73,4,16,2,8,0,59,101,27,96,35,103" hai1="36,42,108,31,56,72,20,29,3,50,115,68,125" hai2="102,69,52,123,1,6,118,63,81,88,9,122,91" hai3="55,100,78,89,129,109,121,130,44,97,17,46,41"/><V5/><F118/><W114/><G109/><T21/><D0/><U116/><E3/><V47/><F102/><W13/><G121/><T133/><D133/><U39/><E72/><V98/><F6/><W132/><G132/><T107/><D103/><U87/><E87/><V105/><F105/><W24/><G114/><T25/><D59/><U11/><E11/><V79/><F69/><W99/><G78/><T34/><D34/><U110/><E20/><V61/><F61/><W135/><G135/><T93/><D107/><U90/><E68/><V33/><F33/><W7/><G24/><T58/><D58/><U127/><E116/><V45/><F45/><W128/><G7/><T83/><REACH who="0" step="1"/><D83/><REACH who="0" ten="60,288,259,383" step="2"/><U32/><E32/><V104/><F104/><W120/><G100/><T40/><D40/><U76/><E42/><V82/><F82/><W85/><G41/><T57/><D57/><U60/><E125/><V71/><F71/><W70/><G70/><T124/><D124/><U51/><E127/><V77/><F1/><W112/><G120/><T48/><D48/><U43/><E43/><V15/><F123/><W22/><G112/><T12/><D12/><U106/><E106/><V94/><F122/><W54/><G44/><T23/><D23/><U75/><E115/><V134/><F134/><W131/><G129/><T65/><D65/><U28/><E51/><N who="2" m="28799" /><F63/><W19/><G46/><T67/><D67/><U38/><E60/><V18/><F81/><N who="3" m="49327" /><G54/><T14/><D14/><U113/><E113/><V30/><F15/><N who="3" m="9535" /><G55/><T92/><D92/><U84/><E56/><V10/><F94/><RYUUKYOKU ba="0,1" sc="60,15,288,-15,259,-15,383,15" hai0="2,4,8,16,21,25,27,35,73,74,93,96,101" hai3="13,19,97,99,128,130,131" /><INIT seed="7,1,1,5,2,42" ten="75,273,244,398" oya="3" hai0="68,43,21,88,62,6,58,98,48,106,65,24,113" hai1="47,100,78,37,93,112,52,0,53,95,84,121,96" hai2="33,134,41,70,38,81,15,5,8,28,103,91,69" hai3="120,92,104,73,25,46,39,60,26,108,118,82,83"/><W12/><G104/><T87/><D106/><U20/><E121/><V111/><F111/><W131/><G108/><T123/><D123/><U2/><E112/><V105/><F134/><W30/><G131/><T71/><D6/><U74/><E2/><N who="2" m="55" /><F91/><W107/><G73/><T77/><D113/><U9/><E20/><V55/><F55/><W76/><G107/><T61/><D77/><U57/><E74/><V31/><F15/><W116/><G12/><T14/><D14/><U40/><E57/><V51/><F51/><W3/><G60/><T90/><D98/><U13/><E0/><V109/><F81/><W67/><G3/><T133/><D133/><U129/><E129/><V79/><F31/><W34/><G120/><T11/><D11/><U119/><E119/><V17/><F17/><W1/><G1/><T114/><D114/><U54/><E78/><V122/><F79/><W94/><G76/><T80/><D90/><U59/><E84/><V27/><F109/><W86/><G86/><T10/><D10/><U128/><E128/><V44/><F122/><W132/><G30/><T7/><D7/><U18/><E95/><V72/><F72/><W126/><G132/><T22/><D24/><U102/><E102/><V115/><F115/><W130/><G25/><T56/><D71/><U4/><E4/><V85/><F85/><W32/><G130/><T45/><REACH who="0" step="1"/><D68/><REACH who="0" ten="65,273,244,398" step="2"/><U125/><E9/><V23/><F70/><W64/><G26/><T135/><D135/><U89/><E13/><V75/><F69/><W99/><G99/><T97/><D97/><U36/><E96/><RYUUKYOKU ba="1,2" sc="65,30,273,-10,244,-10,398,-10" hai0="21,22,43,45,48,56,58,61,62,65,80,87,88" owari="95,-40.0,263,6.0,234,-17.0,408,51.0" /></mjloggm>