<mjloggm ver="2.3"><GO type="169" lobby="0"/><UN n0="%E8%A5%BF%E6%9D%91%E9%9B%84%E4%B8%80%E9%83%8E" n1="%EF%BC%8A%E7%B4%97%E5%BC%A5%E8%8F%AF%EF%BC%8A" n2="%E5%90%89%E6%BE%A4%E2%98%86%E7%91%A0%E5%81%89" n3="%52%59%4F%40%53%53" dan="18,16,16,18" rate="2323.30,2103.56,2137.42,2211.38" sx="M,F,M,M"/><TAIKYOKU oya="0"/><INIT seed="0,0,0,3,4,111" ten="250,250,250,250" oya="0" hai0="102,47,93,106,129,49,109,104,23,67,25,41,20" hai1="7,52,69,44,88,64,34,35,0,28,65,80,60" hai2="101,3,117,90,51,62,126,74,92,26,71,121,82" hai3="58,18,91,63,76,10,54,11,134,119,17,133,22"/><T70/><D129/><U21/><E65/><V56/><F3/><W95/><G119/><T130/><D130/><U86/><E7/><V89/><F121/><W9/><G76/><T12/><D109/><U83/><E0/><V59/><F117/><W75/><G75/><T46/><D20/><U42/><E83/><V125/><F71/><W127/><G127/><T48/><D12/><U68/><E68/><V14/><F14/><W40/><G40/><T115/><D115/><U66/><E66/><V87/><F101/><W50/><G18/><T29/><D93/><U1/><E1/><V110/><F110/><W85/><REACH who="3" step="1"/><G63/><REACH who="3" ten="250,250,250,240" step="2"/><T131/><D131/><U33/><E42/><V45/><F74/><W98/><G98/><T61/><D102/><U73/><E73/><V113/><F126/><W30/><G30/><T108/><D108/><U128/><E128/><V39/><F125/><W19/><G19/><T77/><D77/><U2/><E28/><V124/><F124/><W37/><G37/><T84/><D84/><U5/><E5/><V32/><F39/><W43/><G43/><AGARI ba="0,1" hai="23,25,29,41,43,46,47,48,49,61,67,70,104,106" machi="43" ten="30,2900,0" yaku="7,1,9,1" doraHai="111" who="0" fromWho="3" sc="250,39,250,0,250,0,240,-29" /><INIT seed="0,1,0,1,4,49" ten="289,250,250,211" oya="0" hai0="105,90,72,36,69,66,63,47,52,59,115,99,23" hai1="15,2,91,104,133,4,74,101,29,126,85,0,131" hai2="94,42,24,53,107,111,16,134,77,30,93,71,81" hai3="57,43,25,61,33,51,31,128,55,92,12,106,20"/><T121/><D115/><U45/><E74/><V108/><F107/><W97/><G128/><T8/><D121/><U124/><E131/><V5/><F5/><W132/><G132/><T11/><D72/><U35/><E133/><V56/><F71/><W79/><G106/><T58/><D69/><U113/><E113/><V46/><F134/><W135/><G135/><T122/><D122/><U67/><E67/><V117/><F117/><W62/><G79/><T13/><D36/><U3/><E45/><V116/><F116/><W88/><G33/><T76/><D76/><U102/><E29/><V96/><F30/><W98/><G43/><T7/><D47/><U19/><E4/><V9/><F46/><W1/><G1/><T103/><D90/><U40/><E40/><V37/><F42/><W130/><G130/><T120/><D120/><U14/><E35/><V129/><F37/><W26/><G26/><T50/><REACH who="0" step="1"/><D7/><REACH who="0" ten="279,250,250,211" step="2"/><U54/><E2/><V100/><F129/><W114/><G114/><T65/><D65/><U86/><E91/><V75/><F75/><W22/><G98/><T21/><D21/><U32/><E32/><V118/><F118/><W10/><G22/><T83/><D83/><U27/><E0/><V84/><F77/><W123/><G123/><T17/><AGARI ba="1,1" hai="8,11,13,17,23,50,52,58,59,63,66,99,103,105" machi="17" ten="30,11700,0" yaku="1,1,0,1,52,1,54,1,53,0" doraHai="49" doraHaiUra="110" who="0" fromWho="0" sc="279,130,250,-40,250,-40,211,-40" /><INIT seed="0,2,0,4,5,107" ten="409,210,210,171" oya="0" hai0="61,110,46,83,108,5,54,94,41,51,56,53,40" hai1="93,91,47,73,27,92,18,113,86,112,135,130,17" hai2="101,37,52,88,77,21,6,71,50,132,122,30,8" hai3="125,89,55,96,81,44,49,36,57,85,116,114,80"/><T84/><D94/><U111/><E111/><N who="0" m="42537" /><D5/><U4/><E4/><V126/><F37/><W39/><G114/><N who="1" m="44138" /><E135/><V63/><F101/><W12/><G125/><T33/><D33/><U65/><E130/><V58/><F122/><W7/><G116/><T23/><D23/><N who="1" m="13807" /><E65/><V22/><F126/><W60/><G96/><T29/><D29/><U15/><E47/><V75/><F132/><W129/><G129/><T131/><D131/><U119/><E119/><V34/><F34/><W79/><G12/><T19/><D19/><U99/><E73/><V42/><F30/><W98/><G7/><T67/><D67/><U105/><E105/><V115/><F115/><W48/><G98/><T74/><D74/><U1/><E1/><V109/><F109/><W70/><G70/><T120/><D120/><U24/><E24/><V78/><F78/><AGARI ba="2,0" hai="40,41,46,51,53,54,56,61,78,83,84" m="42537" machi="78" ten="30,2900,0" yaku="14,1,10,1" doraHai="107" who="0" fromWho="2" sc="409,35,210,0,210,-35,171,0" /><INIT seed="0,3,0,3,2,90" ten="444,210,175,171" oya="0" hai0="0,98,93,17,123,124,62,31,119,35,51,29,24" hai1="79,69,30,7,113,102,3,120,74,88,117,107,65" hai2="80,41,82,42,43,23,89,46,40,27,118,96,25" hai3="22,32,106,115,9,116,100,104,55,57,86,109,110"/><T26/><D119/><U18/><E117/><V6/><F118/><W61/><G32/><T13/><D123/><U132/><E30/><V75/><F6/><W77/><G116/><T122/><D0/><U56/><E69/><V87/><F75/><W54/><G115/><T134/><D134/><U127/><E18/><V63/><F63/><W10/><G22/><T67/><D51/><U38/><E38/><V81/><F96/><N who="3" m="61447" /><G106/><T8/><D124/><U121/><E3/><V45/><N who="2" m="10240" /><DORA hai="60" /><V21/><F21/><W16/><G16/><T133/><D122/><U36/><E7/><V73/><F27/><W33/><G54/><T99/><D93/><U70/><E36/><V66/><F66/><W19/><G19/><T114/><D114/><U28/><E113/><V49/><F73/><W129/><G33/><T47/><D47/><U108/><E74/><V15/><F15/><W97/><G97/><T64/><D133/><U48/><E132/><V34/><F34/><W37/><G37/><T92/><D62/><U14/><E121/><V91/><F49/><W83/><G129/><T59/><D59/><U111/><E56/><V76/><F76/><W126/><G126/><T71/><D71/><U135/><E70/><V128/><F128/><W58/><G58/><T112/><D99/><U5/><E127/><V50/><F50/><W4/><G4/><T84/><D112/><U130/><E120/><V125/><F125/><W44/><G44/><N who="2" m="17001" /><F87/><W68/><G68/><T39/><D39/><U95/><E130/><V85/><F85/><W11/><G86/><T78/><D84/><RYUUKYOKU ba="3,0" sc="444,-15,210,-15,175,15,171,15" hai2="23,25,80,81,82,89,91" hai3="9,10,11,55,57,61,77,83,109,110" /><INIT seed="1,4,0,4,1,4" ten="429,195,190,186" oya="1" hai0="21,91,40,110,72,106,131,132,53,126,88,82,66" hai1="108,75,64,7,17,130,70,52,24,58,113,95,15" hai2="98,76,5,36,43,38,94,135,8,18,45,120,125" hai3="111,85,105,68,25,42,12,61,62,134,33,81,116"/><U20/><E75/><V119/><F120/><W109/><G116/><T122/><D106/><U112/><E130/><V103/><F119/><W3/><G3/><T31/><D40/><U9/><E108/><N who="3" m="41546" /><G105/><T86/><D66/><U123/><E123/><V16/><F38/><W22/><G68/><T44/><D72/><U83/><E83/><V71/><F71/><W55/><G42/><T128/><D110/><U99/><E64/><V59/><F135/><W46/><G134/><T117/><D126/><U84/><E84/><V1/><F125/><W60/><G12/><T6/><D6/><U67/><E67/><V56/><F56/><N who="3" m="34847" /><G33/><T34/><D34/><U11/><E70/><V73/><F59/><W80/><G80/><AGARI ba="4,0" hai="1,5,8,16,18,36,43,45,73,76,80,94,98,103" machi="80" ten="40,8000,1" yaku="25,2,52,1,54,1" doraHai="4" who="2" fromWho="3" sc="429,0,195,0,190,92,186,-92" /><INIT seed="2,0,0,4,3,41" ten="429,195,282,94" oya="2" hai0="20,26,95,50,46,65,8,21,27,82,119,101,11" hai1="128,123,96,34,3,53,88,71,59,94,85,24,132" hai2="125,76,67,19,54,108,75,98,92,45,86,129,10" hai3="18,2,72,22,130,55,131,93,103,87,38,81,135"/><V31/><F75/><W30/><G2/><T114/><D114/><U42/><E3/><V61/><F129/><W90/><G38/><T73/><D65/><U77/><E71/><V60/><F31/><W74/><G30/><N who="0" m="17735" /><D82/><U70/><E70/><V115/><F115/><W25/><G135/><T100/><D73/><U9/><E132/><V56/><F125/><W5/><G5/><T79/><D79/><U84/><E128/><N who="3" m="49194" /><G55/><N who="0" m="30167" /><D95/><U105/><E105/><V110/><F86/><N who="3" m="52439" /><G103/><N who="0" m="39499" /><D119/><U109/><E77/><AGARI ba="0,0" hai="18,22,25,72,74,77,81,87" m="52439,49194" machi="77" ten="30,1000,0" yaku="19,1" doraHai="41" who="3" fromWho="1" sc="429,0,195,-10,282,0,94,10" /><INIT seed="3,0,0,3,2,55" ten="429,185,282,104" oya="3" hai0="23,75,91,65,130,115,61,43,74,106,64,37,53" hai1="34,47,83,122,123,36,100,88,3,13,97,102,44" hai2="58,77,81,45,7,57,11,92,73,62,96,126,49" hai3="46,6,103,132,107,2,95,112,124,54,131,113,67"/><W121/><G121/><T38/><D106/><U33/><E3/><V0/><F62/><W51/><G124/><T21/><D53/><U18/><E36/><V8/><F126/><W125/><G125/><T26/><D61/><U70/><E70/><V85/><F8/><W128/><G107/><T25/><D91/><U86/><E123/><V28/><F28/><W12/><G2/><T135/><D43/><U118/><E118/><V48/><F73/><W127/><G127/><T35/><D35/><U40/><E102/><V133/><F133/><W66/><G132/><T17/><D17/><U50/><E47/><V84/><F85/><W24/><G24/><T98/><D98/><U56/><E122/><V20/><F20/><W10/><G95/><T41/><D41/><U9/><REACH who="1" step="1"/><E56/><REACH who="1" ten="429,175,282,104" step="2"/><V93/><F45/><W27/><G103/><T30/><D37/><U99/><E99/><V69/><F69/><W5/><G113/><T72/><D38/><U32/><E32/><V1/><F0/><W59/><G112/><T105/><D115/><U19/><E19/><V71/><F71/><W4/><G46/><T68/><D68/><U42/><E42/><V82/><F1/><W114/><G114/><T108/><D135/><U22/><E22/><V119/><F96/><W29/><G131/><T16/><D130/><U89/><E89/><V39/><F119/><W80/><G128/><T111/><D23/><U52/><E52/><V63/><F39/><W79/><G67/><T78/><D65/><U14/><E14/><V104/><F63/><W117/><G117/><T134/><D134/><RYUUKYOKU ba="0,1" sc="429,-10,175,30,282,-10,104,-10" hai1="9,13,18,33,34,40,44,50,83,86,88,97,100" /><INIT seed="4,1,1,1,5,120" ten="419,205,272,94" oya="0" hai0="108,45,83,42,102,32,3,61,96,63,1,93,0" hai1="90,33,124,95,54,50,37,49,103,27,11,101,43" hai2="88,84,4,105,31,21,85,29,71,86,130,39,121" hai3="9,41,58,25,82,80,98,107,56,129,78,112,109"/><T57/><D32/><U76/><E76/><V75/><F75/><W8/><G112/><T135/><D135/><U14/><E37/><V10/><F121/><W123/><G123/><T52/><D108/><U22/><E43/><V67/><F39/><W26/><G98/><T72/><D63/><U77/><E77/><V126/><F105/><W30/><G78/><T128/><D128/><U133/><E33/><V24/><F126/><W2/><G41/><T12/><D12/><U46/><E50/><V106/><F106/><W115/><G107/><T104/><D104/><U5/><E124/><V94/><F130/><W59/><G59/><T127/><D127/><U81/><E81/><V110/><F29/><W116/><G129/><T23/><D23/><U74/><E74/><V113/><F113/><W19/><G115/><T87/><D72/><U36/><E36/><V35/><F35/><W111/><G19/><T47/><REACH who="0" step="1"/><D42/><REACH who="0" ten="409,205,272,94" step="2"/><U65/><E133/><V79/><F110/><W122/><G122/><T118/><D118/><U28/><REACH who="1" step="1"/><E65/><REACH who="1" ten="409,195,272,94" step="2"/><V17/><F67/><W92/><G116/><T7/><D7/><U91/><E91/><AGARI ba="1,3" hai="0,1,3,45,47,52,57,61,83,87,91,93,96,102" machi="91" ten="40,12000,1" yaku="1,1,54,1,53,2" doraHai="120" doraHaiUra="40" who="0" fromWho="1" sc="409,153,195,-123,272,0,94,0" /><INIT seed="4,2,0,0,5,32" ten="562,72,272,94" oya="0" hai0="128,38,84,86,5,106,125,19,115,40,91,39,53" hai1="31,95,0,26,68,7,15,22,131,46,18,36,28" hai2="42,87,75,16,13,62,33,135,73,54,60,120,113" hai3="23,27,52,94,17,49,21,80,124,130,70,66,20"/><T121/><D121/><U97/><E68/><V133/><F33/><W89/><G124/><T50/><D106/><U100/><E131/><V6/><F6/><W117/><G130/><T107/><D107/><U10/><REACH who="1" step="1"/><E26/><REACH who="1" ten="562,62,272,94" step="2"/><V114/><F120/><W92/><G117/><T56/><D128/><U98/><E98/><V77/><F135/><W67/><G70/><T29/><D125/><U78/><E78/><V90/><F77/><W14/><G27/><T88/><D38/><U81/><E81/><V59/><F133/><W102/><G80/><T123/><D123/><U30/><E30/><V44/><F114/><W129/><G129/><T43/><D29/><U111/><E111/><V41/><F113/><W108/><G108/><T45/><D115/><U61/><E61/><V2/><F62/><W127/><G127/><T132/><D132/><U99/><E99/><V116/><F116/><W65/><G102/><T105/><D39/><U25/><E25/><V3/><F73/><W122/><G122/><T69/><D69/><U103/><E103/><V76/><F76/><W34/><G34/><T11/><D86/><U93/><E93/><N who="3" m="35946" /><G89/><T4/><D91/><U85/><E85/><V71/><F75/><W83/><G83/><T104/><D105/><U9/><E9/><V48/><F71/><W47/><AGARI ba="2,1" hai="14,17,20,21,23,47,49,52,65,66,67" m="35946" machi="47" ten="30,2000,0" yaku="8,1,54,1" doraHai="32" who="3" fromWho="3" sc="562,-12,62,-7,272,-7,94,36" /><INIT seed="5,0,0,0,0,83" ten="550,55,265,130" oya="1" hai0="107,79,46,120,108,33,124,112,58,32,38,62,86" hai1="104,123,89,11,70,72,132,116,41,0,64,23,20" hai2="39,52,117,93,45,78,121,25,75,47,87,111,71" hai3="131,10,135,130,59,122,96,76,119,7,134,9,26"/><U3/><E123/><V84/><F71/><W109/><G76/><T114/><D107/><U57/><E116/><V103/><F75/><W24/><G96/><T56/><D108/><U97/><E72/><V65/><F65/><W34/><G59/><T17/><D17/><U90/><E70/><V48/><F111/><W4/><G109/><T14/><D14/><U36/><E132/><V115/><F117/><W15/><G119/><T69/><D69/><U101/><E41/><V98/><F78/><W82/><G82/><N who="0" m="47455" /><D56/><U8/><E36/><V102/><F102/><W85/><G85/><T16/><D16/><U68/><E68/><V110/><F110/><W53/><G53/><T128/><D128/><N who="3" m="49193" /><G122/><T2/><D2/><U95/><E57/><V80/><F80/><W127/><G127/><T73/><D124/><U31/><E64/><V126/><F121/><W28/><G26/><T54/><D120/><U60/><E60/><V118/><F126/><W63/><G63/><T37/><D37/><U74/><E74/><V13/><F25/><W67/><G67/><T19/><D46/><U5/><E31/><V18/><F118/><W40/><G40/><T49/><D38/><U42/><E42/><V106/><F106/><W77/><G77/><T22/><D62/><U12/><E3/><AGARI ba="0,0" hai="3,4,7,9,10,15,24,28,34,134,135" m="49193" machi="3" ten="30,3900,0" yaku="19,1,34,2" doraHai="83" who="3" fromWho="1" sc="550,0,55,-39,265,0,130,39" /><INIT seed="6,0,0,1,2,67" ten="550,16,265,169" oya="2" hai0="42,24,56,88,50,113,58,17,65,77,83,95,89" hai1="134,41,110,129,79,108,105,96,26,66,61,85,20" hai2="47,106,91,111,119,16,114,130,120,23,11,10,70" hai3="73,6,60,116,87,18,69,29,132,39,32,12,38"/><V109/><F106/><W103/><G73/><T13/><D24/><U97/><E129/><V33/><F120/><W93/><G6/><T118/><D113/><U125/><E134/><V27/><F119/><W84/><G132/><T3/><D3/><U51/><E125/><V5/><F47/><W71/><G60/><T30/><D30/><U98/><E105/><V112/><F70/><W44/><G116/><T52/><D42/><U54/><E41/><V122/><F91/><W92/><G29/><T14/><D14/><U28/><E85/><V1/><F122/><W81/><G32/><T37/><D37/><U90/><E79/><V8/><F130/><W34/><G34/><T4/><D4/><U49/><E49/><V57/><F57/><W86/><G81/><T101/><D101/><U59/><REACH who="1" step="1"/><E90/><REACH who="1" ten="550,6,265,169" step="2"/><V100/><F100/><W43/><G39/><T7/><D118/><U135/><E135/><V31/><F10/><W25/><G38/><T21/><D95/><U121/><E121/><V35/><F8/><W15/><G93/><T78/><D78/><U53/><E53/><V2/><F1/><W48/><G92/><T99/><D88/><U123/><E123/><V115/><REACH who="2" step="1"/><F35/><REACH who="2" ten="550,6,255,169" step="2"/><W102/><G102/><T82/><D58/><AGARI ba="0,2" hai="20,26,28,51,54,58,59,61,66,96,97,98,108,110" machi="58" ten="40,2600,0" yaku="1,1,53,1" doraHai="67" doraHaiUra="46" who="1" fromWho="0" sc="550,-26,6,46,255,0,169,0" /><INIT seed="7,0,0,3,1,69" ten="524,52,255,169" oya="3" hai0="32,2,50,109,84,108,25,55,7,76,52,1,8" hai1="120,110,80,27,82,115,4,134,67,29,39,100,124" hai2="31,11,75,18,104,125,51,135,48,36,66,101,28" hai3="74,17,122,23,99,123,15,61,42,88,59,47,41"/><W40/><G74/><T93/><D1/><U113/><E120/><V26/><F75/><W45/><G123/><T129/><D129/><U132/><E4/><V5/><F36/><W72/><G72/><T90/><D55/><U9/><E9/><V131/><F131/><W46/><G122/><T24/><D76/><U13/><E13/><V65/><F104/><W53/><G99/><T97/><D25/><U133/><E67/><V79/><F101/><W86/><REACH who="3" step="1"/><G42/><REACH who="3" ten="524,52,255,159" step="2"/><T77/><D97/><U78/><E110/><V92/><F135/><W121/><G121/><T95/><D109/><U64/><E124/><V128/><F125/><W43/><G43/><T33/><D108/><U96/><E64/><V73/><F66/><W21/><G21/><T63/><D32/><U105/><E39/><V16/><F128/><W107/><G107/><T54/><D33/><U20/><REACH who="1" step="1"/><E78/><REACH who="1" ten="524,42,255,159" step="2"/><V68/><F79/><W98/><G98/><T37/><D77/><U94/><E94/><AGARI ba="0,2" hai="15,17,23,40,41,45,46,47,53,59,61,86,88,94" machi="94" ten="40,12000,1" yaku="1,1,8,1,54,1,53,1" doraHai="69" doraHaiUra="49" who="3" fromWho="1" sc="524,0,42,-120,255,0,159,140" owari="524,62.0,-78,-58.0,255,-14.0,299,10.0" /></mjloggm>