<mjloggm ver="2.3"><GO type="169" lobby="0"/><UN n0="%E8%83%83%E3%81%A8%E8%85%B8" n1="%E6%A4%8E%E5%90%8D%E3%82%8A%E3%81%8F" n2="%E5%A4%A7%E8%BE%BB" n3="%4E%41%4B%41%48%41%52%41" dan="18,17,16,16" rate="2244.59,2217.40,2078.17,2090.02" sx="M,F,M,M"/><TAIKYOKU oya="0"/><INIT seed="0,0,0,1,5,21" ten="250,250,250,250" oya="0" hai0="71,114,2,121,67,31,131,93,49,128,98,130,124" hai1="116,27,64,43,94,123,82,0,52,92,96,122,11" hai2="48,9,77,51,37,90,111,5,34,46,80,53,133" hai3="41,81,89,33,112,58,109,57,14,13,73,101,32"/><T134/><D114/><U119/><E64/><V69/><F69/><W29/><G112/><T7/><D121/><U68/><E68/><V8/><F133/><W106/><G109/><T107/><D134/><U40/><E82/><V24/><F111/><W20/><G41/><T110/><D110/><U86/><E11/><V35/><F90/><W95/><G106/><T83/><D124/><U4/><E86/><V26/><F35/><W10/><G101/><T25/><D83/><U75/><E4/><V62/><F34/><W74/><G20/><T120/><D120/><U18/><E18/><V103/><F103/><W44/><G44/><T54/><D107/><U42/><E0/><V87/><F37/><W117/><G117/><T66/><D71/><U50/><E75/><V132/><F132/><W127/><G127/><T108/><D108/><U28/><E122/><V38/><F38/><W129/><G129/><T72/><D72/><U85/><E85/><V22/><F22/><W102/><G73/><T105/><D105/><U135/><E123/><V84/><F84/><N who="3" m="50319" /><G74/><T60/><D2/><U100/><E92/><V126/><F126/><W17/><G33/><N who="0" m="20719" /><D7/><U118/><E135/><V115/><F115/><W15/><G17/><T91/><D60/><U23/><REACH who="1" step="1"/><E118/><REACH who="1" ten="250,240,250,250" step="2"/><V30/><F8/><W1/><G10/><T16/><D16/><U113/><E113/><V97/><F9/><W76/><G1/><T3/><D3/><U61/><E61/><V39/><F5/><W63/><G63/><T45/><AGARI ba="0,1" hai="45,49,54,66,67,91,93,98,128,130,131" m="20719" machi="45" ten="30,3000,0" yaku="19,1,52,1" doraHai="21" who="0" fromWho="0" sc="250,40,240,-10,250,-10,250,-10" /><INIT seed="0,1,0,5,0,107" ten="290,230,240,240" oya="0" hai0="17,98,124,58,61,6,46,86,134,23,119,123,70" hai1="128,127,42,118,48,2,85,75,126,14,102,93,64" hai2="108,47,100,44,121,68,29,30,49,27,35,57,92" hai3="11,19,52,66,56,114,89,103,59,116,105,133,38"/><T7/><D119/><U81/><E2/><V62/><F121/><W15/><G114/><T74/><D123/><U13/><E118/><V45/><F30/><W0/><G116/><T20/><D124/><N who="1" m="47659" /><E64/><V104/><F108/><W99/><G38/><T41/><D134/><U125/><N who="1" m="47667" /><U26/><DORA hai="25" /><E26/><V117/><F117/><W122/><G133/><T115/><D115/><U65/><E65/><V36/><F36/><W10/><G122/><T80/><D70/><U130/><E102/><V53/><F68/><W83/><G59/><T18/><D98/><U32/><E32/><V72/><F72/><W34/><G34/><T37/><D74/><U101/><E93/><V132/><F132/><W77/><G89/><T88/><D20/><U82/><E101/><V40/><F104/><W21/><G66/><T8/><D23/><U55/><E42/><V71/><F71/><W33/><G0/><T50/><D37/><U3/><E3/><V16/><REACH who="2" step="1"/><F16/><REACH who="2" ten="290,230,230,240" step="2"/><N who="0" m="6250" /><D8/><U131/><E75/><V109/><F109/><W84/><REACH who="3" step="1"/><G33/><REACH who="3" ten="290,230,230,230" step="2"/><T22/><D22/><U24/><E128/><V135/><F135/><W76/><G76/><T60/><D60/><AGARI ba="1,2" hai="10,11,15,19,21,52,56,60,77,83,84,99,103,105" machi="60" ten="30,7700,0" yaku="1,1,7,1,54,1,53,1" doraHai="107,25" doraHaiUra="112,79" who="3" fromWho="0" sc="290,-80,230,0,230,0,230,100" /><INIT seed="1,0,0,1,0,76" ten="210,230,230,330" oya="1" hai0="78,10,82,117,39,16,23,59,37,116,104,50,88" hai1="131,70,130,101,49,43,85,56,11,109,120,54,17" hai2="26,124,32,6,71,20,123,100,113,4,90,128,46" hai3="74,118,86,87,79,21,80,110,121,51,25,1,72"/><U30/><E120/><V8/><F71/><W106/><G121/><T47/><D104/><U103/><E70/><V2/><F123/><W62/><G110/><T108/><D108/><U132/><E109/><V42/><F113/><W94/><G106/><T84/><D37/><U115/><E115/><V134/><F128/><N who="1" m="49193" /><E30/><V53/><F134/><W81/><G1/><T48/><D39/><U68/><E68/><V92/><F100/><W33/><G94/><T7/><D59/><U111/><E111/><V44/><F124/><W114/><G33/><T133/><D133/><U97/><E132/><V127/><F127/><W73/><G114/><T24/><D78/><U35/><E35/><V61/><F32/><W27/><G118/><T12/><REACH who="0" step="1"/><D48/><REACH who="0" ten="200,230,230,330" step="2"/><U19/><E56/><V83/><F46/><W29/><G51/><T14/><D14/><U22/><E49/><V75/><F61/><W119/><G119/><T38/><D38/><U99/><E103/><V69/><F69/><W5/><G62/><T18/><D18/><U102/><E102/><V41/><F6/><W65/><G5/><T3/><D3/><U45/><E101/><V77/><F44/><W95/><G27/><T9/><D9/><U67/><E11/><V66/><F66/><W89/><G65/><T93/><D93/><U64/><E67/><V105/><F105/><W31/><G95/><T34/><D34/><U40/><E64/><V36/><F36/><W57/><G57/><T15/><D15/><U107/><E45/><V125/><F125/><W28/><AGARI ba="0,1" hai="21,25,28,29,31,72,73,74,79,80,81,86,87,89" machi="28" ten="40,5200,0" yaku="0,1,52,2" doraHai="76" who="3" fromWho="3" sc="200,-13,230,-26,230,-13,330,62" /><INIT seed="2,0,0,4,5,12" ten="187,204,217,392" oya="2" hai0="94,4,91,84,116,10,38,105,132,27,80,41,99" hai1="31,49,13,23,17,128,63,135,133,117,124,29,70" hai2="54,76,81,79,21,37,123,88,73,65,114,118,33" hai3="101,129,56,3,120,67,0,121,45,103,92,1,125"/><V74/><F123/><W2/><G125/><T58/><D132/><N who="1" m="50763" /><E124/><V69/><F33/><W104/><G104/><T83/><D116/><U127/><E127/><V89/><F118/><W112/><G129/><T68/><D68/><U95/><E117/><V50/><F37/><W19/><G112/><T115/><D115/><U20/><E128/><V90/><F114/><W42/><G0/><T86/><D38/><U44/><E95/><V109/><F109/><W126/><G126/><T14/><D41/><N who="1" m="24719" /><E23/><V102/><F102/><W82/><G82/><T46/><D46/><U36/><E36/><V26/><F65/><AGARI ba="0,0" hai="13,17,20,29,31,63,65,70" m="24719,50763" machi="65" ten="30,2000,0" yaku="20,1,52,1" doraHai="12" who="1" fromWho="2" sc="187,0,204,20,217,-20,392,0" /><INIT seed="3,0,0,0,1,132" ten="187,224,197,392" oya="3" hai0="108,49,85,12,30,16,28,33,15,50,51,76,17" hai1="116,113,77,31,34,119,96,91,109,125,43,99,90" hai2="40,127,110,61,83,20,56,32,65,35,124,46,19" hai3="22,82,79,98,5,3,70,38,59,134,80,54,60"/><W55/><G134/><T78/><D108/><U86/><E43/><V130/><F110/><W92/><G70/><T57/><D57/><U1/><E109/><V23/><F130/><W11/><G38/><T66/><D66/><U128/><E1/><V14/><F23/><W44/><G22/><N who="0" m="11527" /><D33/><U87/><E31/><N who="0" m="11817" /><D85/><U21/><E21/><AGARI ba="0,0" hai="15,17,21,49,50,51,76,78" m="11817,11527" machi="21" ten="30,2000,0" yaku="8,1,54,1" doraHai="132" who="0" fromWho="1" sc="187,20,224,-20,197,0,392,0" /><INIT seed="4,0,0,4,3,51" ten="207,204,197,392" oya="0" hai0="30,5,126,7,37,66,1,52,4,33,104,115,6" hai1="107,18,102,21,12,16,88,31,47,15,123,93,49" hai2="34,130,116,67,23,122,111,70,35,110,109,106,124" hai3="100,3,63,32,10,36,54,114,40,62,58,105,20"/><T57/><D115/><U82/><E123/><V112/><F67/><W77/><G32/><T96/><D126/><U24/><E82/><V78/><F23/><W48/><G77/><T64/><D37/><U120/><E120/><V41/><F41/><W73/><G73/><T44/><D44/><U132/><E132/><V98/><F98/><W86/><G86/><T2/><N who="0" m="1024" /><DORA hai="61" /><T92/><D104/><U43/><E102/><V69/><F78/><W133/><G10/><T17/><D33/><N who="2" m="12298" /><F122/><W72/><G20/><T74/><D74/><U129/><E107/><V56/><F56/><W11/><G100/><T14/><D30/><U55/><E129/><V42/><F42/><W121/><G11/><N who="0" m="6367" /><D1/><U28/><E43/><V79/><F79/><W39/><G3/><T97/><D2/><U68/><E68/><N who="2" m="26219" /><F106/><W71/><G105/><T75/><D75/><U99/><E12/><V91/><F91/><W80/><G72/><T22/><D22/><AGARI ba="0,0" hai="15,16,18,21,22,24,28,31,47,49,55,88,93,99" machi="22" ten="30,8000,1" yaku="7,1,8,1,52,1,54,2" doraHai="51,61" who="1" fromWho="0" sc="207,-80,204,80,197,0,392,0" /><INIT seed="5,0,0,0,5,132" ten="127,284,197,392" oya="1" hai0="124,94,4,47,119,66,123,19,29,107,12,27,0" hai1="67,45,127,3,37,64,128,83,9,118,114,134,50" hai2="116,89,65,32,35,135,80,133,88,102,125,112,59" hai3="104,36,95,101,68,77,126,86,92,18,62,97,81"/><U60/><E118/><V38/><F116/><W25/><G36/><T85/><D119/><U17/><E134/><N who="2" m="51211" /><F38/><W52/><G126/><T53/><D123/><U61/><E114/><V100/><F112/><W51/><G68/><T46/><D107/><U20/><E128/><V21/><F21/><N who="3" m="13495" /><G104/><T10/><D66/><U30/><E37/><V49/><F125/><W108/><G108/><T96/><D85/><U44/><E127/><V105/><F105/><W63/><G92/><T56/><D124/><U41/><E45/><AGARI ba="0,0" hai="45,51,52,62,63,77,81,86,95,97,101" m="13495" machi="45" ten="30,2000,0" yaku="8,1,54,1" doraHai="132" who="3" fromWho="1" sc="127,0,284,-20,197,0,392,20" /><INIT seed="6,0,0,3,0,45" ten="127,264,197,412" oya="2" hai0="124,92,83,133,62,21,37,102,29,52,99,2,8" hai1="80,73,90,26,76,65,113,56,78,97,43,13,38" hai2="103,12,94,44,66,20,88,134,28,68,116,108,34" hai3="112,64,127,131,95,1,47,53,57,41,84,6,63"/><V126/><F116/><W77/><G127/><T49/><D124/><U119/><E119/><V81/><F126/><W10/><G131/><T104/><D133/><U74/><E113/><V85/><F134/><W123/><G123/><T19/><D37/><U100/><E90/><V107/><F108/><W25/><G112/><T50/><D104/><U61/><E13/><V87/><F34/><W82/><G25/><T40/><D29/><U36/><E43/><V115/><F115/><W48/><REACH who="3" step="1"/><G95/><REACH who="3" ten="127,264,197,402" step="2"/><T32/><D32/><U39/><E26/><V4/><F107/><W70/><G70/><T33/><D33/><U58/><E36/><V15/><F68/><W109/><G109/><T69/><D69/><U86/><E38/><V3/><F103/><W96/><G96/><T120/><D120/><U16/><E97/><V130/><F130/><W114/><G114/><T59/><D83/><U118/><E39/><V121/><F121/><W91/><G91/><T27/><REACH who="0" step="1"/><D40/><AGARI ba="0,1" hai="1,6,10,40,41,47,48,53,57,63,64,77,82,84" machi="40" ten="40,5200,0" yaku="1,1,52,1,53,1" doraHai="45" doraHaiUra="55" who="3" fromWho="0" sc="127,-52,264,0,197,0,402,62" /><INIT seed="7,0,0,4,4,28" ten="75,264,197,464" oya="3" hai0="58,7,65,74,14,75,45,92,87,132,131,90,47" hai1="127,106,84,19,1,46,33,104,5,25,76,135,60" hai2="26,70,10,98,61,133,18,23,73,85,100,48,95" hai3="17,115,49,93,120,43,6,113,89,79,39,105,128"/><W4/><G105/><T35/><D131/><U21/><E127/><V99/><F73/><W112/><G39/><T116/><D116/><U57/><E135/><V83/><F133/><W66/><G79/><T129/><D132/><U72/><E72/><V3/><F3/><W41/><G128/><T42/><D129/><U31/><E46/><V36/><F36/><W68/><G120/><T80/><D74/><U81/><E5/><N who="3" m="2154" /><G49/><T9/><D75/><U62/><E1/><V56/><F10/><W118/><G17/><T86/><D35/><U103/><E103/><V114/><F99/><N who="3" m="57775" /><G118/><T122/><D122/><U53/><E62/><AGARI ba="0,0" hai="41,43,62,66,68,112,113,115" m="57775,2154" machi="62" ten="40,2000,0" yaku="15,1" doraHai="28" who="3" fromWho="1" sc="75,0,264,-20,197,0,464,20" owari="75,-42.0,244,4.0,197,-20.0,484,58.0" /></mjloggm>