<mjloggm ver="2.3"><GO type="169" lobby="0"/><UN n0="%E8%A5%BF%E5%B2%A1%E8%82%B2%E6%9C%AA%E2%99%AA" n1="%E3%82%B3%E3%82%AB%E3%83%A9%E3%82%A4%E3%82%A2" n2="%E3%81%BB%E3%83%BC%E3%82%8A%E3%83%BC" n3="%E6%B1%A0%E7%94%B0%E3%81%AD%E3%81%93" dan="16,17,16,16" rate="2119.37,2161.42,2137.91,2041.55" sx="F,M,M,F"/><TAIKYOKU oya="0"/><INIT seed="0,0,0,5,0,98" ten="250,250,250,250" oya="0" hai0="66,41,82,67,58,124,45,118,125,127,65,16,114" hai1="69,116,70,10,47,28,88,109,94,99,74,78,53" hai2="75,3,117,44,4,87,18,119,128,90,31,97,43" hai3="2,51,13,133,8,62,135,102,50,40,0,14,106"/><T34/><D114/><U77/><E109/><V91/><F75/><W61/><G106/><T15/><D118/><N who="2" m="45066" /><F31/><W26/><G26/><T123/><D34/><U105/><E116/><V73/><F73/><W49/><G40/><T79/><D123/><U59/><E28/><V25/><F97/><W19/><G102/><T85/><D58/><U52/><E105/><V130/><F4/><W1/><REACH who="3" step="1"/><G14/><REACH who="3" ten="250,250,250,240" step="2"/><T103/><D103/><U132/><E132/><AGARI ba="0,1" hai="0,1,2,8,13,19,49,50,51,61,62,132,133,135" machi="132" ten="50,6400,0" yaku="1,1,2,1,20,1,53,0" doraHai="98" doraHaiUra="89" who="3" fromWho="1" sc="250,0,250,-64,250,0,240,74" /><INIT seed="1,0,0,4,2,18" ten="250,186,250,314" oya="1" hai0="99,81,37,71,30,94,7,69,61,51,113,95,24" hai1="74,70,68,43,84,10,129,63,3,106,128,98,57" hai2="108,60,114,82,0,47,85,73,97,50,123,77,100" hai3="42,101,66,16,125,11,132,29,121,105,133,33,130"/><U110/><E74/><V59/><F0/><W52/><G121/><T5/><D37/><U96/><E43/><V40/><F108/><W44/><G125/><T126/><D113/><U119/><E119/><V89/><F114/><W23/><G130/><N who="1" m="50282" /><E84/><V38/><F123/><W131/><G131/><T56/><D81/><U92/><E106/><V27/><F27/><W19/><G66/><T22/><D95/><U55/><E110/><V90/><F38/><W75/><G75/><T62/><D94/><U86/><E86/><V32/><F32/><W4/><G52/><T53/><D99/><N who="1" m="37931" /><E92/><N who="2" m="58407" /><F73/><W127/><G127/><T112/><D126/><U87/><E87/><V12/><F12/><N who="3" m="9607" /><G19/><T103/><D103/><U115/><E115/><V54/><AGARI ba="0,0" hai="40,47,50,54,59,60,77,82,85,89,90" m="58407" machi="54" ten="30,1100,0" yaku="8,1" doraHai="18" who="2" fromWho="2" sc="250,-3,186,-5,250,11,314,-3" /><INIT seed="2,0,0,5,5,36" ten="247,181,261,311" oya="2" hai0="47,23,32,15,64,71,0,16,60,19,58,70,79" hai1="38,135,25,100,52,21,115,104,113,124,133,30,46" hai2="84,75,27,110,18,121,24,77,63,72,55,33,76" hai3="43,122,87,28,1,89,9,54,109,45,92,97,29"/><V40/><F121/><W95/><G122/><T59/><D0/><U39/><E104/><V10/><F33/><W26/><G109/><T117/><D117/><U34/><E124/><V62/><F84/><W37/><G54/><T128/><D128/><U69/><E100/><V126/><F10/><W132/><G132/><N who="1" m="50762" /><E69/><V96/><F55/><W7/><REACH who="3" step="1"/><G26/><REACH who="3" ten="247,181,261,301" step="2"/><T82/><D32/><U93/><E34/><V101/><F110/><W73/><G73/><T86/><D47/><U114/><E52/><V6/><F24/><W78/><G78/><T103/><D71/><U8/><E46/><V66/><F27/><W119/><G119/><T83/><D70/><U35/><E35/><V50/><F76/><W118/><G118/><T44/><D44/><U14/><E93/><V53/><F53/><W94/><G94/><T98/><D59/><U2/><E2/><V99/><F75/><W51/><G51/><T111/><D111/><U11/><E14/><V125/><F50/><W90/><AGARI ba="0,1" hai="1,7,9,28,29,37,43,45,87,89,90,92,95,97" machi="90" ten="20,5200,0" yaku="1,1,0,1,7,1,52,1,53,0" doraHai="36" doraHaiUra="20" who="3" fromWho="3" sc="247,-13,181,-13,261,-26,301,62" /><INIT seed="3,0,0,1,2,95" ten="234,168,235,363" oya="3" hai0="10,52,103,29,19,2,105,35,124,126,118,50,9" hai1="132,63,87,60,67,6,66,109,45,78,91,21,65" hai2="99,108,121,98,12,106,40,107,130,72,57,15,64" hai3="28,8,85,33,51,88,125,48,24,120,102,44,47"/><W97/><G120/><T76/><D118/><U111/><E78/><V75/><F57/><W39/><G125/><T13/><D76/><U14/><E6/><V70/><F40/><W92/><G8/><T7/><D35/><U81/><E132/><V17/><F17/><W74/><G74/><T68/><D29/><U22/><E45/><V115/><F64/><W119/><G119/><T59/><REACH who="0" step="1"/><D68/><REACH who="0" ten="224,168,235,363" step="2"/><U58/><E111/><V123/><F70/><W31/><G28/><T23/><D23/><U134/><E109/><V41/><F108/><W110/><G110/><T101/><D101/><U5/><E134/><V43/><REACH who="2" step="1"/><F130/><REACH who="2" ten="224,168,225,363" step="2"/><W96/><G47/><T34/><D34/><U61/><E66/><V83/><F83/><W117/><G117/><T30/><D30/><U55/><E65/><V104/><F104/><W18/><G44/><T25/><D25/><U38/><E67/><V127/><F127/><W20/><G39/><T114/><D114/><AGARI ba="0,2" hai="12,15,41,43,72,75,98,99,106,107,114,115,121,123" machi="114" ten="25,8000,1" yaku="1,1,22,2,52,2,53,0" doraHai="95" doraHaiUra="112" who="2" fromWho="0" sc="224,-80,168,0,225,100,363,0" /><INIT seed="4,0,0,2,3,111" ten="144,168,325,363" oya="0" hai0="98,114,100,121,17,57,5,20,8,66,87,106,38" hai1="21,24,89,72,39,56,76,70,94,75,99,105,107" hai2="33,134,83,112,62,119,40,113,77,22,53,122,2" hai3="74,0,34,132,28,55,115,26,23,78,1,69,84"/><T42/><D121/><U101/><E70/><V31/><F2/><W50/><G69/><T103/><D38/><U3/><E3/><V43/><F33/><W30/><G74/><T81/><D42/><U108/><E39/><V48/><F62/><W92/><G132/><T135/><D135/><U120/><E108/><V13/><F122/><W19/><G115/><N who="2" m="44105" /><F119/><W95/><G95/><T7/><D103/><U32/><E32/><V10/><F22/><W54/><G54/><T15/><D114/><U133/><E133/><V91/><F91/><N who="3" m="53351" /><G78/><T35/><D35/><U128/><E128/><V37/><F31/><W4/><G4/><T86/><D5/><U118/><E118/><V27/><F27/><W117/><G117/><T45/><D7/><U85/><E21/><V102/><F102/><W63/><G63/><T41/><D20/><U96/><E24/><V97/><F97/><W68/><G68/><T110/><D110/><U67/><E120/><V104/><F104/><W36/><G36/><T12/><D98/><U109/><E109/><V29/><F29/><W93/><G93/><T18/><D100/><U58/><E107/><V16/><F134/><W123/><G123/><T59/><D106/><U127/><E99/><V25/><F25/><W6/><G6/><T71/><D71/><U129/><E129/><V51/><F37/><W65/><G30/><T125/><D66/><U116/><E67/><V124/><F124/><W61/><G65/><T9/><D125/><U79/><E127/><V14/><F43/><W82/><G34/><T130/><D41/><U131/><E116/><RYUUKYOKU ba="0,0" sc="144,0,168,0,325,0,363,0" /><INIT seed="5,1,0,1,3,64" ten="144,168,325,363" oya="1" hai0="36,47,31,125,76,129,67,2,69,20,89,58,13" hai1="130,91,135,94,22,116,53,7,5,121,46,92,0" hai2="12,61,15,39,109,115,66,44,126,127,75,17,118" hai3="68,42,9,38,40,98,33,71,10,124,41,123,63"/><U96/><E116/><V106/><F75/><W132/><G123/><T105/><D2/><U55/><E121/><V1/><F106/><W93/><G33/><T21/><D105/><U128/><E135/><V104/><F104/><W79/><G132/><T16/><D129/><U54/><E46/><V14/><F1/><W62/><G38/><T18/><D125/><N who="2" m="47626" /><F109/><W119/><G119/><T56/><D31/><U72/><E72/><V108/><F108/><W84/><G124/><T134/><D76/><U73/><E73/><V32/><F32/><W23/><G23/><T60/><D134/><U77/><E77/><V87/><F87/><W99/><G84/><T100/><D100/><U122/><E122/><V3/><F3/><W112/><G79/><T8/><D89/><U19/><E0/><V111/><F111/><W49/><G49/><T11/><D47/><U29/><E29/><V133/><F115/><W30/><G30/><T113/><D36/><U90/><E128/><V95/><F95/><W78/><G93/><T57/><REACH who="0" step="1"/><D113/><REACH who="0" ten="134,168,325,363" step="2"/><U24/><REACH who="1" step="1"/><E130/><REACH who="1" ten="134,158,325,363" step="2"/><V81/><F133/><W97/><G78/><T85/><D85/><AGARI ba="1,2" hai="5,7,19,22,24,53,54,55,85,90,91,92,94,96" machi="85" ten="40,7700,0" yaku="1,1,2,1,8,1,53,0" doraHai="64" doraHaiUra="110" who="1" fromWho="0" sc="134,-80,158,100,325,0,363,0" /><INIT seed="5,2,0,2,2,128" ten="54,258,325,363" oya="1" hai0="36,102,43,134,64,87,90,115,71,30,77,122,132" hai1="113,17,86,83,34,58,100,80,20,11,67,29,127" hai2="44,82,85,40,94,103,129,76,119,14,105,2,78" hai3="69,0,81,12,120,98,45,49,50,95,24,9,111"/><U110/><E113/><V88/><F2/><W131/><G111/><T22/><D115/><U7/><E127/><V37/><F129/><W35/><G131/><T39/><D122/><U117/><E117/><V10/><F105/><W47/><G120/><T74/><D102/><U21/><E110/><V99/><REACH who="2" step="1"/><F119/><REACH who="2" ten="54,258,315,363" step="2"/><W123/><G0/><T89/><D71/><U66/><E34/><V42/><F42/><W62/><G123/><T13/><D43/><U48/><E67/><V63/><F63/><W23/><G35/><T73/><D64/><U130/><E66/><V107/><F107/><W135/><G62/><T109/><D109/><U8/><E130/><V31/><F31/><W84/><G69/><T5/><D30/><U121/><E29/><V27/><F27/><W25/><G25/><T124/><D124/><U104/><E104/><V114/><F114/><W112/><G24/><T4/><D13/><U55/><E121/><V92/><F92/><W3/><G95/><T79/><REACH who="0" step="1"/><D87/><REACH who="0" ten="44,258,315,363" step="2"/><U106/><E86/><V72/><F72/><W91/><G84/><T32/><D32/><U38/><E106/><V51/><F51/><W97/><G12/><T1/><D1/><U133/><E48/><V68/><F68/><W70/><G70/><T56/><D56/><U101/><E58/><V59/><F59/><W16/><G3/><T46/><D46/><U65/><E65/><V52/><F52/><W18/><G112/><T61/><D61/><U118/><E55/><V57/><F57/><W108/><G108/><T33/><D33/><U19/><E118/><V96/><F96/><RYUUKYOKU ba="2,2" sc="44,15,258,-15,315,15,363,-15" hai0="4,5,22,36,39,73,74,77,79,89,90,132,134" hai2="10,14,37,40,44,76,78,82,85,88,94,99,103" /><INIT seed="6,3,2,5,0,99" ten="59,243,330,348" oya="2" hai0="64,50,134,27,116,100,12,37,77,130,109,48,91" hai1="25,68,123,66,70,92,101,20,94,23,26,93,51" hai2="59,53,110,76,33,22,75,108,36,52,117,72,81" hai3="79,47,39,135,35,18,7,30,102,96,122,114,6"/><V62/><F33/><W69/><G122/><T56/><D37/><U106/><E123/><V89/><F36/><W83/><G135/><T5/><D134/><U131/><E131/><V97/><F117/><W43/><G114/><T38/><D38/><U15/><E15/><V127/><F127/><W17/><G69/><T133/><D133/><U60/><E51/><V44/><F75/><W120/><G120/><T125/><D125/><U65/><E106/><V128/><F128/><W73/><G17/><T19/><D130/><U40/><E40/><V112/><F112/><W78/><G78/><T49/><D109/><N who="2" m="42090" /><F22/><W1/><G30/><T10/><D77/><U103/><E92/><N who="2" m="56463" /><F44/><W84/><G35/><T2/><D116/><U21/><REACH who="1" step="1"/><E23/><REACH who="1" ten="59,233,330,348" step="2"/><V118/><F118/><W46/><G43/><T119/><D119/><U45/><E45/><V31/><F31/><W11/><G39/><T14/><D14/><U121/><E121/><V98/><F98/><W90/><G47/><T126/><D12/><U13/><E13/><V54/><AGARI ba="3,3" hai="52,53,54,59,62,72,76,81" m="56463,42090" machi="54" ten="30,3000,0" yaku="10,1,54,1" doraHai="99" who="2" fromWho="2" sc="59,-13,233,-13,330,69,348,-13" /><INIT seed="6,4,0,5,0,94" ten="46,220,399,335" oya="2" hai0="102,4,18,117,19,40,96,17,25,119,69,20,125" hai1="93,45,29,90,64,82,97,131,122,61,43,80,87" hai2="66,58,59,132,85,98,55,104,27,57,121,52,74" hai3="106,22,3,79,35,48,112,39,115,70,103,109,92"/><V128/><F74/><W5/><G109/><T76/><D125/><U32/><E131/><V133/><F66/><W10/><G39/><T38/><D69/><U6/><E122/><V24/><F121/><W123/><G123/><T26/><D76/><U100/><E6/><V14/><F14/><W126/><G35/><T23/><D4/><U0/><E0/><V56/><F85/><W49/><G126/><T101/><D17/><U47/><E43/><V91/><F128/><W86/><G70/><T114/><D114/><N who="3" m="43561" /><G106/><T120/><D120/><U78/><E29/><V95/><F104/><W105/><G105/><T12/><D12/><U53/><E53/><N who="2" m="20555" /><F58/><W28/><G79/><T81/><D81/><U42/><E32/><V37/><F37/><W8/><G8/><T65/><D65/><U83/><E42/><V110/><F110/><W51/><G86/><T67/><D67/><U130/><E130/><V11/><F11/><W107/><G107/><T31/><D40/><U30/><E80/><V7/><F7/><W71/><G71/><T118/><D38/><U13/><E82/><V113/><F113/><W73/><G73/><T88/><D31/><U21/><E30/><V129/><F129/><W99/><G48/><T134/><D134/><AGARI ba="4,0" hai="24,27,56,57,59,91,95,98,132,133,134" m="20555" machi="134" ten="30,5800,0" yaku="20,1,52,1,54,1" doraHai="94" who="2" fromWho="0" sc="46,-70,220,0,399,70,335,0" owari="-24,-52.0,220,-18.0,469,56.0,335,14.0" /></mjloggm>