<mjloggm ver="2.3"><GO type="169" lobby="0"/><UN n0="%E3%83%81%E3%82%A7%EF%BC%81%E3%83%86%E3%83%90%E3%83%A9" n1="%E4%BA%8C%E3%81%93%E4%BA%8C%E3%81%93" n2="%74%75%63%6B%62%6F%63%6B" n3="%E3%81%99%E3%81%B1%E3%81%95%E3%81%B6" dan="16,16,17,17" rate="2048.00,2074.67,2111.81,2219.71" sx="M,M,M,M"/><TAIKYOKU oya="0"/><INIT seed="0,0,0,0,5,122" ten="250,250,250,250" oya="0" hai0="49,105,32,90,133,92,40,103,1,7,128,24,46" hai1="113,71,5,14,130,52,9,61,2,111,77,50,82" hai2="43,59,42,48,19,22,21,27,73,102,119,44,54" hai3="31,98,97,134,135,63,94,109,108,34,96,104,37"/><T70/><D70/><U75/><E130/><V11/><F119/><W79/><G37/><T10/><D128/><U41/><E113/><V68/><F68/><W89/><G79/><T8/><D133/><N who="3" m="50697" /><G63/><T131/><D131/><U26/><E26/><V74/><F102/><N who="3" m="62551" /><G31/><T115/><D115/><U13/><E41/><V120/><F120/><W29/><G29/><T129/><D129/><U45/><REACH who="1" step="1"/><E111/><REACH who="1" ten="250,240,250,250" step="2"/><N who="3" m="42570" /><G34/><T67/><D32/><U116/><E116/><V107/><F43/><W91/><G96/><T64/><D40/><U53/><E53/><V87/><F54/><W33/><G33/><T121/><D121/><U35/><E35/><V60/><F42/><W118/><G118/><T88/><D67/><AGARI ba="0,1" hai="2,5,9,13,14,45,50,52,61,67,71,75,77,82" machi="67" ten="40,2600,0" yaku="1,1,54,1,53,0" doraHai="122" doraHaiUra="69" who="1" fromWho="0" sc="250,-26,240,36,250,0,250,0" /><INIT seed="1,0,0,0,2,87" ten="224,276,250,250" oya="1" hai0="36,103,17,61,10,63,40,31,7,76,2,106,0" hai1="114,18,116,124,83,4,97,94,118,135,54,38,44" hai2="72,85,33,52,107,75,14,81,96,56,123,108,110" hai3="50,41,60,134,69,82,53,115,27,26,12,111,73"/><U59/><E114/><V89/><F33/><W64/><G115/><T126/><D2/><U28/><E135/><V3/><F3/><W119/><G134/><T9/><D126/><U122/><E122/><V104/><F14/><W120/><G120/><T68/><D31/><U84/><E124/><V21/><F21/><W35/><G111/><N who="2" m="42537" /><F123/><W67/><G119/><T42/><D76/><U129/><E129/><V6/><F6/><W22/><G67/><T39/><D68/><U109/><E109/><V132/><F132/><W15/><G35/><T101/><D17/><U45/><E28/><V49/><F96/><W58/><G26/><T25/><D0/><U86/><E86/><V46/><F46/><W66/><G15/><T113/><D25/><U127/><E127/><V23/><F23/><W57/><G12/><T95/><D7/><U71/><E71/><V48/><F49/><W65/><G69/><T74/><D113/><U130/><E130/><V47/><F47/><W30/><G41/><T5/><D42/><U13/><E4/><V125/><F125/><W77/><AGARI ba="0,0" hai="22,27,30,50,53,57,58,60,64,65,66,73,77,82" machi="77" ten="30,1100,0" yaku="0,1" doraHai="87" who="3" fromWho="3" sc="224,-3,276,-5,250,-3,250,11" /><INIT seed="2,0,0,0,3,125" ten="221,271,247,261" oya="2" hai0="113,24,61,102,6,47,28,133,116,1,134,50,2" hai1="60,7,98,86,119,31,18,112,4,129,0,104,21" hai2="83,96,15,51,108,78,34,66,118,27,11,85,69" hai3="63,39,35,82,53,84,76,25,10,103,56,79,99"/><V40/><F118/><W9/><G39/><T109/><D113/><U46/><E112/><V5/><F96/><W37/><G37/><T8/><D2/><U135/><E119/><V52/><F108/><W59/><G79/><T44/><D116/><U95/><E31/><V72/><F69/><W101/><G101/><T74/><D74/><U89/><E0/><V43/><F66/><W87/><G87/><T33/><D109/><U90/><E135/><N who="0" m="51721" /><D102/><U45/><E60/><V117/><F117/><W94/><G35/><T91/><D61/><U92/><E104/><V58/><REACH who="2" step="1"/><F72/><REACH who="2" ten="221,271,237,261" step="2"/><W93/><G99/><T107/><D107/><U71/><E71/><V131/><F131/><W80/><G103/><T115/><D115/><U42/><E129/><V41/><F41/><W73/><G73/><T97/><D97/><U3/><E42/><V17/><F17/><W100/><G100/><T55/><D91/><U13/><E4/><V12/><F12/><W121/><G76/><T36/><D36/><U64/><E64/><V106/><F106/><W122/><G122/><T68/><D68/><U126/><E126/><V65/><F65/><W114/><G121/><T48/><D55/><U49/><E3/><V23/><F23/><W77/><G114/><T127/><D127/><U57/><E7/><V88/><F88/><W20/><G53/><AGARI ba="0,1" hai="13,18,21,45,46,49,53,57,86,89,90,92,95,98" machi="53" ten="40,5200,0" yaku="25,2,8,1" doraHai="125" who="1" fromWho="3" sc="221,0,271,62,237,0,261,-52" /><INIT seed="3,0,0,3,2,12" ten="221,333,237,209" oya="3" hai0="80,19,56,9,128,69,65,96,24,10,125,50,77" hai1="103,82,52,49,11,117,38,62,86,109,8,31,41" hai2="71,4,3,59,5,0,116,121,1,15,36,105,123" hai3="119,68,129,42,70,89,91,57,76,126,66,90,48"/><W32/><G119/><T110/><D128/><U39/><E117/><V132/><F71/><W134/><G129/><T25/><D69/><U99/><E109/><V51/><F36/><W107/><G32/><T23/><D110/><U106/><E31/><V46/><F105/><W47/><G134/><T17/><D125/><U21/><E62/><V100/><F100/><W92/><G107/><T73/><D96/><U43/><E39/><V101/><F101/><W18/><G126/><T14/><D24/><U26/><E38/><V60/><F116/><W98/><G76/><T53/><REACH who="0" step="1"/><D65/><REACH who="0" ten="211,333,237,209" step="2"/><U120/><E26/><V79/><F132/><W33/><G70/><T29/><D29/><U87/><E99/><V122/><F79/><W61/><G33/><T37/><D37/><U40/><E120/><V72/><F72/><W97/><G68/><T85/><D85/><U131/><E86/><V30/><F30/><W133/><G133/><T54/><D54/><U20/><E52/><N who="2" m="29815" /><F15/><W34/><G34/><T102/><D102/><U104/><E103/><V35/><F35/><W135/><G135/><T94/><D94/><U124/><E104/><V88/><F88/><N who="3" m="55431" /><G98/><T45/><D45/><N who="1" m="25767" /><E106/><V7/><F0/><W78/><G78/><T108/><D108/><U13/><E131/><V63/><F3/><W44/><G44/><T130/><D130/><U22/><E13/><V81/><F1/><W111/><G111/><T6/><D6/><U2/><E2/><V114/><F123/><W27/><G27/><T28/><D28/><U118/><E124/><V74/><F122/><W112/><G112/><RYUUKYOKU ba="0,1" sc="211,15,333,-15,237,-15,209,15" hai0="9,10,14,17,19,23,25,50,53,56,73,77,80" hai3="18,42,47,48,57,61,66,89,90,91" /><INIT seed="3,1,1,4,3,119" ten="226,318,222,224" oya="3" hai0="22,26,130,16,7,96,15,9,30,66,31,128,29" hai1="79,24,34,61,77,38,105,115,101,62,95,114,69" hai2="59,50,67,102,97,124,107,35,133,6,103,42,84" hai3="76,58,33,11,10,121,113,20,53,19,117,45,54"/><W94/><G117/><T86/><D66/><N who="1" m="41167" /><E62/><V89/><F35/><W132/><G113/><T104/><D86/><U106/><E95/><V87/><F103/><W49/><G33/><N who="0" m="20663" /><D96/><N who="1" m="61607" /><E38/><V32/><F32/><W8/><G132/><T17/><D104/><U111/><E111/><V88/><F133/><W36/><G76/><N who="1" m="29258" /><E106/><V43/><F67/><W134/><G134/><T56/><D56/><U78/><E78/><V74/><F74/><W90/><G36/><T131/><D17/><U18/><E18/><V28/><F6/><W27/><G121/><T126/><D126/><U51/><E51/><V44/><F124/><W71/><G71/><T39/><D39/><U108/><E108/><V99/><F59/><W14/><G54/><T41/><D41/><U82/><E82/><V4/><F4/><W83/><G83/><T109/><D109/><U21/><E21/><V93/><F43/><W92/><G92/><T3/><AGARI ba="1,1" hai="3,7,9,15,16,22,30,31,128,130,131" m="20663" machi="3" ten="30,8000,1" yaku="24,1,19,1,34,2,54,1" doraHai="119" who="0" fromWho="0" sc="226,93,318,-21,222,-21,224,-41" /><INIT seed="4,0,0,4,5,110" ten="319,297,201,183" oya="0" hai0="66,5,81,17,58,67,108,10,130,35,98,7,61" hai1="118,44,97,32,117,62,54,129,29,111,11,25,79" hai2="102,86,99,131,14,3,112,15,19,95,9,109,26" hai3="88,126,78,46,74,127,100,90,76,107,89,6,31"/><T33/><D130/><U122/><E111/><V8/><F109/><W22/><G6/><T4/><D108/><U134/><E122/><V85/><F131/><W94/><G46/><T72/><D67/><U21/><E129/><V87/><F3/><W124/><G22/><T42/><D42/><U65/><E134/><V41/><F41/><W93/><G31/><T103/><D72/><U60/><E11/><V114/><REACH who="2" step="1"/><F26/><REACH who="2" ten="319,297,191,183" step="2"/><W16/><G16/><AGARI ba="0,1" hai="8,9,14,15,16,19,85,86,87,95,99,102,112,114" machi="16" ten="40,12000,2" yaku="1,1,2,1,9,1,52,2,54,1,53,0" doraHai="110" doraHaiUra="123" who="2" fromWho="3" sc="319,0,297,0,191,130,183,-120" /><INIT seed="5,0,0,0,4,22" ten="319,297,321,63" oya="1" hai0="39,129,61,19,54,93,2,96,20,72,4,43,118" hai1="9,63,11,97,30,121,40,115,56,44,81,66,45" hai2="53,133,122,59,124,29,48,128,26,112,92,117,12" hai3="38,87,71,114,111,109,42,94,73,62,98,120,69"/><U25/><E115/><V101/><F117/><W16/><G73/><T24/><D118/><U49/><E121/><V75/><F122/><W113/><G120/><T23/><D129/><U84/><E97/><V55/><F128/><W99/><G38/><T6/><D72/><U85/><E45/><V58/><F75/><W60/><G42/><T51/><D2/><U65/><E65/><V21/><F112/><W95/><REACH who="3" step="1"/><G87/><REACH who="3" ten="319,297,321,53" step="2"/><T10/><D43/><U15/><E84/><V132/><F132/><W126/><G126/><T89/><D39/><U108/><E108/><V37/><F37/><W47/><G47/><T32/><D6/><U90/><REACH who="1" step="1"/><E15/><REACH who="1" ten="319,287,321,53" step="2"/><V102/><F133/><W123/><G123/><T127/><D127/><U31/><E31/><V80/><F124/><W50/><G50/><T110/><D51/><U107/><E107/><V14/><F12/><W74/><G74/><T52/><D96/><U35/><AGARI ba="0,2" hai="9,11,25,30,35,40,44,49,56,63,66,81,85,90" machi="35" ten="20,12000,1" yaku="1,1,0,1,7,1,52,1,53,1" doraHai="22" doraHaiUra="46" who="1" fromWho="1" sc="319,-40,287,140,321,-40,53,-40" /><INIT seed="5,1,0,0,0,106" ten="279,427,281,13" oya="1" hai0="122,78,86,80,51,111,4,47,17,109,134,89,112" hai1="88,9,45,1,21,107,74,84,24,71,124,12,69" hai2="28,96,75,125,83,91,19,46,93,36,61,132,8" hai3="126,117,99,135,70,133,42,13,59,43,116,79,103"/><U73/><E1/><V129/><F132/><N who="3" m="50763" /><G79/><T100/><D134/><U66/><E107/><V120/><F28/><W95/><G95/><T115/><D4/><U0/><E0/><V41/><F125/><W20/><G103/><T33/><D33/><U130/><E130/><V34/><F34/><W49/><G99/><T56/><D56/><U32/><E32/><V62/><F129/><W50/><G70/><T77/><D100/><U97/><E97/><V102/><F120/><W63/><G20/><T65/><D122/><U29/><E45/><V55/><F55/><N who="3" m="34303" /><G13/><T37/><D78/><U76/><E76/><N who="2" m="44447" /><F8/><W11/><G11/><T68/><D77/><U25/><E25/><V94/><F93/><W10/><G10/><T60/><D109/><U110/><E124/><V131/><F131/><W81/><G81/><T27/><D111/><U2/><E2/><V38/><F19/><W121/><G121/><T64/><D80/><U67/><E110/><V57/><F102/><W14/><G14/><T119/><D89/><U40/><E69/><V54/><F91/><W3/><G3/><T52/><D86/><U30/><E30/><V127/><F127/><W114/><G126/><T48/><D68/><U85/><E71/><V90/><F36/><W105/><G105/><T104/><D37/><U128/><E128/><V113/><F96/><W98/><G98/><T101/><D101/><U15/><E9/><V6/><F6/><W72/><G72/><T16/><D104/><U123/><E123/><V31/><F94/><W82/><G82/><T39/><D39/><U118/><E29/><RYUUKYOKU ba="1,0" sc="279,0,427,0,281,0,13,0" /><INIT seed="6,2,0,0,1,10" ten="279,427,281,13" oya="2" hai0="117,25,118,6,19,72,107,26,56,51,130,53,49" hai1="102,23,11,129,82,32,134,120,86,78,8,45,87" hai2="61,76,75,41,128,115,5,65,36,60,108,62,58" hai3="131,13,30,119,50,68,55,57,103,31,20,71,77"/><V33/><F128/><W18/><G119/><N who="0" m="45579" /><D107/><U99/><E129/><V43/><F33/><W124/><G131/><T114/><D130/><U7/><E32/><V48/><F75/><W47/><G124/><T24/><D72/><U135/><E23/><V106/><F106/><W17/><G103/><T14/><D114/><U39/><E120/><V27/><F76/><W123/><G123/><T37/><D37/><U84/><E45/><N who="2" m="23719" /><F5/><W1/><G1/><T73/><D73/><U91/><E8/><V89/><F89/><W46/><G77/><T4/><D51/><U116/><E116/><V93/><F93/><W104/><G104/><T34/><D34/><U94/><E39/><V121/><F27/><W15/><G71/><T35/><D35/><U74/><E11/><AGARI ba="2,0" hai="4,6,11,14,19,24,25,26,49,53,56" m="45579" machi="11" ten="30,2000,0" yaku="12,1,52,1" doraHai="10" who="0" fromWho="1" sc="279,26,427,-26,281,0,13,0" /><INIT seed="7,0,0,1,5,111" ten="305,401,281,13" oya="3" hai0="100,11,92,64,127,17,6,46,69,129,79,30,114" hai1="71,23,34,28,105,76,72,67,10,126,106,51,31" hai2="38,125,49,116,60,88,124,57,113,81,122,21,123" hai3="93,54,41,68,39,77,89,109,15,132,35,52,7"/><W43/><G109/><T29/><D79/><U4/><E51/><V48/><F38/><W61/><G35/><T47/><D69/><U101/><E23/><V107/><F107/><W18/><G132/><T103/><D64/><U65/><E65/><V95/><F81/><W14/><G77/><T19/><D129/><U117/><E117/><V87/><F116/><W20/><G68/><T26/><D127/><N who="2" m="48714" /><F21/><W75/><G75/><T5/><D92/><U22/><E28/><V121/><F113/><W120/><G120/><T104/><D11/><U0/><E101/><V99/><F99/><W118/><G118/><T8/><D8/><U108/><E22/><V1/><F1/><W73/><G73/><T66/><D66/><AGARI ba="0,0" hai="48,49,57,60,66,87,88,95,121,122,123" m="48714" machi="66" ten="40,5200,0" yaku="13,1,18,1,54,1" doraHai="111" who="2" fromWho="0" sc="305,-52,401,0,281,52,13,0" owari="253,-15.0,401,51.0,333,13.0,13,-49.0" /></mjloggm>