<mjloggm ver="2.3"><GO type="169" lobby="0"/><UN n0="%E3%82%81%E3%82%93%E3%81%A9%E3%81%84" n1="%64%75%72%72%72%72%72" n2="%E3%83%81%E3%82%A7%EF%BC%81%E3%83%86%E3%83%90%E3%83%A9" n3="%48%2E%4D%65%74%61%6C" dan="16,18,16,16" rate="2051.42,2215.66,2046.33,2038.01" sx="M,M,M,M"/><TAIKYOKU oya="0"/><INIT seed="0,0,0,1,0,131" ten="250,250,250,250" oya="0" hai0="33,82,85,104,57,133,87,17,88,99,101,64,108" hai1="30,60,117,130,84,25,47,3,5,12,14,125,110" hai2="129,89,59,48,45,118,124,102,4,44,128,63,0" hai3="95,114,31,37,28,113,1,49,121,79,122,46,120"/><T27/><D133/><U7/><E3/><V66/><F102/><W39/><G1/><T11/><D108/><U13/><E117/><V38/><F89/><W71/><G79/><T92/><D33/><U86/><E110/><V35/><F4/><W91/><G71/><T42/><D42/><U132/><E130/><N who="2" m="50283" /><F35/><W100/><G100/><T43/><D43/><U72/><E72/><V80/><F80/><W34/><G49/><T50/><D50/><U9/><E125/><V74/><F74/><W21/><G34/><T135/><D135/><U40/><E60/><V16/><F0/><W62/><G62/><T56/><D64/><U68/><E68/><V96/><F96/><W123/><G46/><T36/><D36/><N who="3" m="13897" /><G120/><T8/><D8/><U126/><E126/><V75/><F75/><W119/><G119/><T81/><D104/><U32/><E132/><V69/><F124/><W29/><G21/><N who="0" m="13743" /><D11/><U77/><E7/><V6/><F6/><W83/><G83/><T90/><AGARI ba="0,0" hai="56,57,81,82,85,87,88,90,92,99,101" m="13743" machi="90" ten="30,3000,0" yaku="8,1,54,1" doraHai="131" who="0" fromWho="0" sc="250,30,250,-10,250,-10,250,-10" /><INIT seed="0,1,0,4,2,110" ten="280,240,240,240" oya="0" hai0="99,123,43,52,67,121,63,46,112,69,133,42,120" hai1="72,34,126,35,66,3,129,130,135,102,6,64,108" hai2="84,12,104,91,0,101,14,76,28,103,71,80,22" hai3="11,81,21,96,60,8,25,45,74,20,16,109,100"/><T36/><D99/><U24/><E72/><V78/><F0/><W10/><G109/><T73/><D73/><U50/><E108/><V92/><F71/><W9/><G21/><T27/><D27/><U56/><E102/><N who="2" m="38923" /><F28/><W1/><G60/><N who="0" m="40167" /><D133/><U4/><E50/><V106/><F14/><W48/><G1/><T53/><D112/><U26/><E3/><V41/><F12/><W85/><G74/><T19/><D19/><U117/><E56/><V95/><F41/><N who="0" m="15370" /><D36/><U118/><REACH who="1" step="1"/><E126/><REACH who="1" ten="280,230,240,240" step="2"/><V86/><F22/><W5/><G8/><T49/><D63/><U128/><E128/><V2/><F2/><W90/><G9/><T15/><D15/><U31/><E31/><V105/><F95/><N who="3" m="58399" /><G5/><T98/><D98/><U107/><E107/><V93/><F93/><W23/><G23/><T75/><D75/><U40/><E40/><AGARI ba="1,1" hai="10,11,16,20,25,40,45,48,81,85,90" m="58399" machi="40" ten="30,2000,0" yaku="8,1,54,1" doraHai="110" who="3" fromWho="1" sc="280,0,230,-23,240,0,240,33" /><AGARI ba="1,0" hai="40,46,49,52,53,120,121,123" m="15370,40167" machi="40" ten="30,5800,0" yaku="34,2,54,1" doraHai="110" who="0" fromWho="1" sc="280,58,207,-58,240,0,273,0" /><INIT seed="0,2,0,3,0,99" ten="338,149,240,273" oya="0" hai0="4,101,87,133,102,39,117,20,59,43,121,73,116" hai1="52,14,67,98,88,6,69,124,110,66,97,28,54" hai2="53,85,24,125,112,32,36,64,79,86,17,72,46" hai3="91,13,37,8,57,89,80,83,92,15,75,41,94"/><T29/><D121/><U30/><E69/><V3/><F3/><W107/><G107/><T33/><D73/><U49/><E110/><V40/><F112/><W127/><G127/><T51/><D33/><U55/><E124/><V129/><F129/><W1/><G1/><T12/><D133/><U23/><E49/><V84/><F64/><N who="1" m="24617" /><E98/><V47/><F125/><W19/><G57/><T78/><D39/><U62/><E62/><V134/><F134/><W11/><G41/><T95/><D117/><U71/><E71/><V34/><F53/><N who="1" m="13569" /><U115/><DORA hai="128" /><E115/><V7/><F47/><W74/><REACH who="3" step="1"/><G19/><REACH who="3" ten="338,149,240,263" step="2"/><T131/><D59/><U68/><E68/><V25/><F17/><W60/><G60/><T106/><D43/><U22/><E6/><V44/><F7/><W109/><G109/><T82/><D4/><U130/><E130/><V5/><F5/><W18/><G18/><T135/><D131/><U35/><E35/><V126/><F126/><W123/><G123/><T65/><D116/><U48/><E48/><V119/><F119/><W114/><G114/><T70/><D51/><U132/><E132/><V105/><F34/><W0/><G0/><T103/><D106/><U10/><E10/><V31/><F105/><W50/><G50/><T45/><D135/><U108/><E108/><V76/><F40/><W56/><G56/><T81/><D70/><U113/><E113/><V58/><F58/><W21/><G21/><N who="1" m="7690" /><E14/><V93/><F32/><W90/><G90/><T96/><D12/><U63/><E63/><V2/><F2/><W16/><G16/><T9/><D9/><RYUUKYOKU ba="2,1" sc="338,-15,149,15,240,-15,263,15" hai1="28,30,88,97" hai3="8,11,13,15,37,74,75,80,83,89,91,92,94" /><INIT seed="1,3,1,2,1,90" ten="323,164,225,278" oya="1" hai0="3,120,14,42,91,23,105,41,88,63,123,82,45" hai1="93,100,61,104,114,17,35,56,85,59,6,132,39" hai2="128,101,49,60,30,32,130,74,8,72,113,76,73" hai3="81,98,48,118,86,109,40,75,55,117,52,26,111"/><U24/><E39/><V20/><F76/><W15/><G75/><T16/><D105/><U1/><E114/><V80/><F32/><W115/><G115/><T79/><D3/><U54/><E104/><V57/><F113/><W44/><G26/><T53/><D63/><U38/><E38/><V25/><F80/><W36/><G98/><T97/><D97/><N who="1" m="59439" /><E35/><V33/><F49/><W122/><G15/><T65/><D65/><U77/><E1/><V11/><F101/><W19/><G19/><T5/><D5/><U51/><E132/><V22/><F22/><W12/><G12/><T9/><D9/><U50/><E6/><V58/><F33/><W134/><G122/><N who="0" m="46635" /><D53/><N who="3" m="20553" /><G36/><N who="0" m="21671" /><D42/><U112/><E59/><N who="2" m="22539" /><F60/><W110/><G134/><T106/><D106/><U2/><E2/><V131/><AGARI ba="3,1" hai="8,11,20,25,30,72,73,74,128,130,131" m="22539" machi="131" ten="40,1500,0" yaku="19,1" doraHai="90" who="2" fromWho="2" sc="323,-7,164,-10,225,34,278,-7" /><INIT seed="2,0,0,3,2,87" ten="316,154,259,271" oya="2" hai0="41,56,51,130,126,103,99,36,88,32,50,21,101" hai1="40,61,49,120,24,15,114,71,69,96,104,112,90" hai2="82,129,124,31,63,74,52,30,84,95,98,28,106" hai3="102,117,105,108,9,85,27,94,18,83,77,26,109"/><V118/><F118/><W75/><G117/><T121/><D121/><U39/><E39/><V92/><F129/><W33/><G33/><T12/><D32/><U100/><E120/><V111/><F124/><W68/><G68/><T113/><D113/><U134/><E134/><V17/><F74/><W8/><G105/><T7/><D36/><U115/><E24/><V125/><F125/><W76/><G76/><T47/><D130/><U1/><E1/><V29/><F29/><W81/><G81/><T42/><D42/><U20/><E90/><N who="2" m="51479" /><F106/><W79/><G79/><T60/><D51/><U3/><E3/><V110/><F17/><W133/><G133/><T2/><D2/><U66/><E71/><V44/><F98/><N who="3" m="59735" /><G75/><T59/><D126/><U62/><E62/><V53/><F44/><W57/><G57/><N who="0" m="22091" /><D60/><U135/><E135/><V78/><F78/><W19/><G18/><N who="0" m="10439" /><D7/><U0/><E0/><V25/><F25/><N who="3" m="9227" /><G19/><T22/><D22/><U119/><E119/><V14/><F14/><W128/><G128/><T80/><D80/><U131/><E131/><V45/><F63/><W70/><G70/><T48/><D48/><U43/><E49/><N who="2" m="28719" /><F53/><W107/><G107/><T97/><D97/><U54/><E54/><V67/><F67/><W86/><G8/><T58/><D58/><U127/><E127/><V132/><F132/><W23/><G9/><T16/><D16/><N who="1" m="10271" /><E43/><V72/><F72/><N who="3" m="43431" /><G23/><T91/><D99/><U5/><E40/><V35/><F35/><W122/><G122/><T46/><D46/><U123/><E123/><V37/><F37/><W13/><G13/><RYUUKYOKU ba="0,0" sc="316,0,154,0,259,0,271,0" hai0="41,47,50,88,91,101,103" hai1="5,61,66,69,96,100,104,112,114,115" hai2="28,30,31,92,95,110,111" hai3="85,86,108,109" /><INIT seed="2,1,0,3,4,42" ten="316,154,259,271" oya="2" hai0="88,122,123,64,13,112,134,3,23,121,25,24,7" hai1="100,14,96,20,115,135,8,66,130,103,97,56,71" hai2="67,28,133,37,93,70,5,81,43,59,113,85,132" hai3="114,11,128,69,39,15,120,124,52,92,80,60,76"/><V41/><F113/><W50/><G120/><T16/><D112/><U109/><E71/><V32/><F70/><W131/><G114/><T57/><D134/><N who="2" m="51818" /><F5/><W83/><G39/><T65/><D3/><U35/><E115/><V46/><F43/><W101/><G124/><T31/><D7/><U118/><E35/><V108/><F93/><W21/><G21/><T63/><D64/><U47/><E118/><V90/><F108/><W17/><G101/><T77/><D77/><U87/><E109/><V73/><F73/><W84/><G92/><T2/><D2/><U74/><E74/><V12/><F12/><W49/><G83/><T94/><REACH who="0" step="1"/><D31/><REACH who="0" ten="306,154,259,271" step="2"/><U79/><E66/><V106/><F67/><W1/><G1/><T110/><D110/><U126/><E79/><V105/><F59/><N who="3" m="34919" /><G69/><T53/><D53/><U119/><E56/><V116/><F116/><W34/><G34/><T89/><D89/><U95/><E119/><V78/><F90/><W91/><G91/><T36/><D36/><U75/><E135/><V99/><F99/><AGARI ba="1,1" hai="13,16,23,24,25,57,63,65,88,94,99,121,122,123" machi="99" ten="40,5200,0" yaku="1,1,54,2,53,0" doraHai="42" doraHaiUra="6" who="0" fromWho="2" sc="306,65,154,0,259,-55,271,0" /><INIT seed="3,0,0,4,5,74" ten="371,154,204,271" oya="3" hai0="102,135,20,128,123,109,17,62,51,68,116,35,63" hai1="125,115,90,110,97,13,69,113,112,58,34,122,48" hai2="134,121,8,104,96,79,43,28,61,52,124,31,12" hai3="25,73,78,16,99,23,53,81,71,42,4,127,57"/><W40/><G127/><T88/><D35/><U55/><E34/><V92/><F104/><W82/><G71/><T11/><D116/><U10/><E69/><V39/><F39/><W45/><G4/><T76/><D109/><U29/><E122/><V86/><F124/><W14/><G45/><T37/><D37/><U59/><E125/><V22/><F134/><W56/><G56/><T120/><D128/><U30/><E110/><V80/><F43/><W9/><G82/><T44/><D102/><U60/><E90/><V87/><F87/><W24/><G99/><T38/><D38/><U85/><E85/><V107/><F107/><W36/><G25/><T32/><D32/><U98/><E97/><V118/><F118/><W94/><G94/><T117/><D11/><U21/><E21/><V83/><F83/><W46/><G42/><T111/><D111/><U47/><E98/><V26/><F31/><W91/><G91/><T131/><D117/><U72/><E59/><N who="2" m="35047" /><F121/><W2/><G2/><T65/><D63/><U75/><E72/><V105/><F105/><W6/><G57/><T89/><D131/><U129/><E75/><V0/><F0/><W70/><G70/><T18/><D135/><U19/><REACH who="1" step="1"/><E129/><REACH who="1" ten="371,144,204,271" step="2"/><V67/><F96/><W108/><G108/><T84/><D68/><U103/><E103/><V130/><F130/><W64/><G64/><AGARI ba="0,1" hai="10,13,19,29,30,47,48,55,58,60,64,112,113,115" machi="64" ten="40,2600,0" yaku="1,1,53,1" doraHai="74" doraHaiUra="49" who="1" fromWho="3" sc="371,0,144,36,204,0,271,-26" /><INIT seed="4,0,0,3,0,85" ten="371,180,204,245" oya="0" hai0="35,29,31,104,97,44,57,60,23,93,117,131,87" hai1="100,88,54,127,39,51,27,134,68,125,22,73,75" hai2="5,90,55,48,43,1,20,118,53,47,109,46,81" hai3="63,108,122,116,4,8,49,52,124,36,32,41,128"/><T110/><D117/><U98/><E39/><V95/><F109/><W16/><G116/><T112/><D112/><U71/><E134/><V83/><F118/><W86/><G108/><T50/><D131/><U61/><E100/><V45/><F1/><W92/><G32/><T132/><D35/><U76/><E76/><V67/><F67/><W18/><G36/><T42/><D132/><U10/><E10/><V130/><F130/><W120/><G41/><T84/><D31/><U11/><E11/><V7/><F55/><W77/><G63/><T82/><D82/><N who="2" m="31242" /><F20/><W94/><G77/><T59/><D59/><N who="1" m="35063" /><E51/><N who="2" m="27071" /><F47/><N who="3" m="27711" /><G124/><N who="1" m="47690" /><E22/><V69/><F69/><N who="1" m="26697" /><E27/><V123/><F123/><N who="3" m="47147" /><G128/><T33/><D33/><U64/><E64/><V21/><F21/><W58/><G58/><T119/><D57/><U72/><E72/><V3/><F3/><W133/><G133/><T26/><D23/><U89/><E89/><V80/><N who="2" m="31250" /><V19/><DORA hai="65" /><F19/><W28/><G28/><T6/><D29/><U115/><E115/><V30/><F30/><W14/><G94/><AGARI ba="0,0" hai="73,75,88,94,98" m="26697,47690,35063" machi="94" ten="30,12000,2" yaku="18,1,52,4,54,1" doraHai="85,65" who="1" fromWho="3" sc="371,0,180,120,204,0,245,-120" /><INIT seed="5,0,0,3,3,81" ten="371,300,204,125" oya="1" hai0="24,113,95,115,133,79,90,50,67,103,109,96,125" hai1="30,23,89,71,3,64,26,72,61,86,132,100,87" hai2="85,131,16,60,14,77,22,41,121,11,108,32,18" hai3="29,122,119,120,27,63,94,39,9,56,33,17,126"/><U38/><E72/><V124/><F108/><W91/><G39/><T92/><D109/><U127/><E38/><V117/><F117/><W53/><G126/><T134/><D125/><U62/><E127/><V135/><F121/><W116/><G9/><T112/><D67/><U118/><E118/><N who="3" m="45098" /><G17/><T80/><D50/><U128/><E3/><V82/><F32/><W123/><G123/><T6/><D6/><U65/><E132/><N who="0" m="50793" /><D24/><U1/><E1/><V129/><F124/><W20/><G33/><T98/><D115/><U8/><E128/><N who="2" m="49227" /><F135/><W93/><G93/><T49/><D49/><U114/><E114/><V97/><F41/><W76/><G76/><T107/><D107/><U105/><E8/><V102/><F60/><W78/><G78/><T57/><D57/><U43/><E43/><V7/><F22/><W70/><G70/><T111/><D111/><U69/><E89/><V37/><F37/><W104/><G104/><AGARI ba="0,0" hai="7,11,14,16,18,77,82,85,97,102,104" m="49227" machi="104" ten="30,3900,0" yaku="19,1,52,1,54,1" doraHai="81" who="2" fromWho="3" sc="371,0,300,0,204,39,125,-39" /><INIT seed="6,0,0,1,3,91" ten="371,300,243,86" oya="2" hai0="17,44,49,113,52,84,126,127,41,108,75,116,4" hai1="99,43,37,111,26,104,118,102,39,112,121,107,70" hai2="28,57,54,18,78,38,64,66,13,130,15,20,46" hai3="86,96,129,2,33,120,11,87,58,56,40,65,103"/><V8/><F130/><W22/><G120/><T0/><D75/><U81/><E111/><V124/><F124/><N who="0" m="47658" /><D108/><U36/><E118/><V19/><F78/><W135/><G33/><T98/><D98/><U34/><E121/><V71/><F71/><W128/><G40/><T109/><D109/><U68/><E112/><V31/><F46/><W67/><G22/><T27/><D116/><U30/><E43/><V89/><F38/><W117/><G117/><T82/><D17/><U94/><REACH who="1" step="1"/><E81/><REACH who="1" ten="371,290,243,86" step="2"/><V3/><F3/><W62/><G129/><T5/><D41/><U50/><E50/><N who="2" m="30935" /><F89/><W88/><G128/><T21/><D113/><U73/><E73/><V59/><F66/><W95/><G135/><T122/><D122/><U106/><AGARI ba="0,1" hai="26,30,34,36,37,39,68,70,94,99,102,104,106,107" machi="106" ten="40,12000,2" yaku="1,1,0,1,52,1,53,3" doraHai="91" doraHaiUra="101" who="1" fromWho="1" sc="371,-30,290,130,243,-60,86,-30" /><INIT seed="7,0,0,4,5,62" ten="341,420,183,56" oya="3" hai0="4,55,115,105,5,84,45,28,88,65,57,128,22" hai1="119,81,1,42,53,77,31,33,9,3,118,20,72" hai2="68,111,87,109,91,34,38,71,110,92,52,35,67" hai3="14,37,131,47,46,78,50,133,94,85,61,11,48"/><W13/><G131/><T8/><D128/><U134/><E33/><V54/><F38/><W17/><G133/><T18/><D105/><U80/><E134/><V39/><F39/><W130/><G130/><T70/><D115/><U2/><E42/><V76/><F76/><W132/><G37/><T36/><D28/><U108/><E108/><V102/><F102/><W19/><G132/><T40/><D8/><U74/><E53/><V29/><F29/><W73/><G73/><N who="1" m="28266" /><E9/><V106/><F106/><W114/><G114/><T89/><D89/><U107/><E107/><V101/><F101/><W0/><G0/><T121/><D121/><U112/><E112/><V41/><F41/><W127/><G61/><T125/><D125/><U60/><E60/><V51/><F54/><W21/><G127/><T122/><D122/><U12/><E77/><V97/><F97/><W120/><G120/><T32/><D32/><U98/><E98/><V82/><F82/><N who="1" m="31849" /><E31/><V90/><F90/><N who="3" m="53583" /><G78/><T104/><D104/><U6/><E20/><V23/><F71/><W129/><G129/><T69/><D69/><U49/><E49/><AGARI ba="0,0" hai="11,13,14,17,19,21,46,47,48,49,50" m="53583" machi="49" ten="30,1500,0" yaku="8,1" doraHai="62" who="3" fromWho="1" sc="341,0,420,-15,183,0,56,15" /><INIT seed="7,1,0,1,4,134" ten="341,405,183,71" oya="3" hai0="124,107,87,127,13,33,61,31,35,104,16,3,102" hai1="129,26,89,5,85,23,69,57,97,112,63,100,21" hai2="96,101,41,135,94,48,78,18,50,92,46,53,27" hai3="6,93,122,20,37,79,81,38,120,130,42,71,123"/><W7/><G71/><T19/><D3/><U17/><E69/><V99/><F135/><W109/><G130/><T14/><D87/><U98/><E129/><V108/><F108/><W49/><G109/><T51/><D51/><U62/><E112/><V58/><F78/><W90/><G49/><T68/><D68/><U110/><E110/><V9/><F9/><W125/><G125/><N who="0" m="48203" /><D61/><U24/><E5/><V8/><F8/><W28/><G28/><T84/><D84/><U126/><E100/><N who="2" m="60423" /><F18/><N who="0" m="6698" /><D102/><U36/><E36/><V67/><F67/><W56/><G20/><N who="1" m="7754" /><E17/><V119/><F50/><W95/><G56/><T47/><D47/><U75/><E75/><V114/><F58/><W64/><G64/><T76/><D76/><U30/><E30/><V60/><F46/><W12/><G38/><T111/><D111/><U1/><E1/><V117/><F101/><W44/><G90/><T115/><D115/><U91/><E91/><V121/><F60/><N who="1" m="23081" /><E57/><V77/><F48/><W66/><G66/><T29/><D29/><U43/><E126/><V103/><F103/><W80/><G79/><T86/><D86/><U106/><E43/><V105/><F41/><W73/><G73/><T70/><D70/><U59/><E59/><V22/><F77/><W11/><REACH who="3" step="1"/><G6/><REACH who="3" ten="341,405,183,61" step="2"/><T25/><D35/><U113/><E113/><V65/><F114/><W133/><G133/><T118/><D118/><U54/><E89/><V15/><F119/><W52/><G52/><T45/><D45/><U4/><E54/><V116/><F53/><W132/><G132/><T74/><D74/><U72/><E72/><RYUUKYOKU ba="1,1" sc="341,15,405,-15,183,-15,61,15" hai0="13,14,25,31,33,104,107" hai3="7,11,12,37,42,44,80,81,93,95,120,122,123" /><INIT seed="7,2,1,5,1,111" ten="356,390,168,76" oya="3" hai0="52,87,102,119,36,40,9,48,55,92,22,56,76" hai1="122,3,133,88,43,23,12,39,120,74,107,17,35" hai2="38,16,132,127,79,134,62,24,93,58,66,78,118" hai3="104,113,103,112,130,34,72,68,83,115,15,135,81"/><W105/><G34/><T126/><D119/><U51/><E107/><N who="3" m="41034" /><G68/><T8/><D126/><U32/><E74/><V116/><F127/><W13/><G103/><T69/><D69/><U27/><E39/><V110/><F110/><W11/><G135/><N who="2" m="51753" /><F38/><W46/><G130/><T44/><D22/><U84/><E35/><V57/><F57/><W49/><G72/><T109/><D109/><U114/><E88/><V123/><F123/><W117/><G117/><N who="2" m="45161" /><F93/><W85/><G11/><T33/><D33/><U94/><E23/><AGARI ba="2,1" hai="16,23,24,58,62,66,78,79" m="45161,51753" machi="23" ten="30,2000,0" yaku="20,1,54,1" doraHai="111" who="2" fromWho="1" sc="356,0,390,-26,168,36,76,0" owari="356,16.0,364,46.0,204,-20.0,76,-42.0" /></mjloggm>