<mjloggm ver="2.3"><GO type="169" lobby="0"/><UN n0="%4E%4F%2E%E2%85%A0" n1="%E7%89%8C%E6%B5%81%E5%AE%9A%E7%9F%B3%E6%9C%80%E9%AB%98" n2="%E4%BB%8A%E6%97%A5%E4%B8%80" n3="%E6%84%9B%E5%86%85%E9%87%8C%E8%8F%9C" dan="16,16,16,18" rate="2190.98,2131.21,2070.76,2175.42" sx="M,M,F,F"/><TAIKYOKU oya="0"/><INIT seed="0,0,0,0,4,97" ten="250,250,250,250" oya="0" hai0="135,23,119,67,16,17,129,79,118,55,111,85,59" hai1="43,53,105,82,91,109,15,90,52,39,101,124,58" hai2="38,61,40,33,74,20,71,80,32,120,19,47,3" hai3="31,48,24,62,112,125,116,75,83,5,126,76,73"/><T2/><D129/><U29/><E109/><V87/><F120/><W86/><G112/><T95/><D135/><U64/><E29/><V134/><F3/><W44/><G116/><T108/><D2/><U106/><E106/><V1/><F1/><W54/><G5/><T63/><D17/><U72/><E124/><N who="3" m="47722" /><G62/><T117/><D67/><U49/><E64/><V6/><F6/><W77/><G77/><T96/><D85/><U4/><E53/><V12/><F134/><W100/><G100/><T60/><D79/><U9/><E39/><V50/><F38/><W27/><G27/><T130/><D60/><U51/><E72/><V115/><F74/><W57/><G57/><T28/><D28/><U7/><E82/><V104/><F104/><W22/><AGARI ba="0,0" hai="22,24,31,44,48,54,73,75,76,83,86" m="47722" machi="22" ten="30,1100,0" yaku="18,1" doraHai="97" who="3" fromWho="3" sc="250,-5,250,-3,250,-3,250,11" /><INIT seed="1,0,0,0,3,39" ten="245,247,247,261" oya="1" hai0="56,75,72,21,78,121,128,50,62,110,117,69,133" hai1="8,86,63,82,77,84,90,20,98,123,41,95,120" hai2="124,108,34,125,11,88,80,81,118,126,42,7,100" hai3="64,52,91,119,122,40,47,12,134,53,51,93,2"/><U70/><E20/><V23/><F118/><W5/><G122/><T76/><D110/><U37/><E70/><V6/><F34/><W107/><G107/><T101/><D128/><U48/><E37/><V59/><F108/><W36/><G119/><T129/><D129/><U132/><E132/><V58/><F100/><W94/><G2/><T65/><D133/><U71/><E71/><V35/><F35/><W115/><G115/><T46/><D117/><U106/><E63/><V43/><F23/><W38/><G64/><T27/><D121/><U60/><E60/><V68/><F68/><W22/><G38/><T116/><D116/><U67/><E67/><V26/><F26/><W9/><G36/><T103/><D69/><U4/><E106/><V130/><F130/><W111/><G111/><T109/><D109/><U113/><E98/><V10/><F124/><W31/><G93/><T73/><D103/><U97/><E97/><V24/><F24/><N who="3" m="16791" /><G134/><T112/><D101/><U74/><E74/><V83/><F83/><W14/><G14/><T25/><D112/><U55/><E113/><V17/><F17/><W44/><G47/><T49/><D49/><U61/><E61/><V18/><F18/><W33/><G33/><T28/><REACH who="0" step="1"/><D27/><REACH who="0" ten="235,247,247,261" step="2"/><U79/><E123/><V114/><F114/><W57/><G57/><T3/><D3/><U0/><E120/><V85/><F125/><W16/><G5/><T105/><D105/><U127/><E127/><V96/><F126/><W135/><G135/><T1/><D1/><U89/><E0/><V87/><F88/><W131/><G131/><RYUUKYOKU ba="0,1" sc="235,10,247,-30,247,10,261,10" hai0="21,25,28,46,50,56,62,65,72,73,75,76,78" hai2="6,7,10,11,42,43,58,59,80,81,85,87,96" hai3="9,12,16,40,44,51,52,53,91,94" /><INIT seed="2,1,1,2,2,128" ten="245,217,257,271" oya="2" hai0="132,44,62,108,78,112,66,77,135,90,72,58,61" hai1="28,8,14,76,25,99,51,41,131,124,91,68,126" hai2="129,100,102,130,55,110,69,104,31,54,106,32,81" hai3="92,45,87,86,21,73,63,111,56,33,49,15,46"/><V9/><F69/><W53/><G111/><T79/><D108/><U0/><E68/><V116/><F110/><W75/><G33/><T1/><D112/><U35/><E76/><V107/><F116/><W118/><G118/><T5/><D72/><U88/><E0/><V70/><F70/><W3/><G3/><T133/><D44/><N who="1" m="25999" /><E99/><V97/><F9/><W121/><G121/><T115/><D115/><U22/><E35/><V10/><F10/><W105/><G105/><T16/><D5/><N who="1" m="3343" /><E131/><N who="2" m="50187" /><F81/><W18/><G46/><T74/><D1/><U12/><E12/><V52/><F97/><W29/><G29/><T67/><D90/><U98/><E98/><V30/><F32/><W119/><G119/><T39/><D16/><U47/><E47/><V50/><F50/><W96/><G73/><T34/><D34/><U37/><E37/><V13/><F13/><W64/><REACH who="3" step="1"/><G75/><REACH who="3" ten="245,217,257,261" step="2"/><T94/><D74/><U6/><E6/><V27/><F27/><W20/><G20/><T42/><D39/><U65/><E65/><V127/><F127/><AGARI ba="1,2" hai="22,25,28,88,91,124,126,127" m="3343,25999" machi="127" ten="30,2000,0" yaku="18,1,54,1" doraHai="128" who="1" fromWho="2" sc="245,0,217,43,257,-23,261,0" /><INIT seed="3,0,0,2,2,18" ten="245,260,234,261" oya="3" hai0="25,111,118,116,48,127,63,31,115,50,134,83,24" hai1="120,67,100,81,56,124,47,43,75,16,65,77,45" hai2="53,105,0,1,11,15,10,85,62,110,42,91,4" hai3="95,3,58,27,52,97,112,98,8,79,39,123,109"/><W101/><G112/><T20/><D111/><U72/><E120/><V37/><F105/><W12/><G123/><T128/><D115/><U13/><E124/><V19/><F110/><W89/><G109/><T133/><D127/><U71/><E100/><V59/><F42/><W35/><G39/><T33/><D63/><U46/><E75/><V121/><F121/><W49/><G3/><T129/><D83/><U64/><E71/><V41/><F41/><W30/><G79/><T92/><D92/><U32/><E32/><V69/><F69/><W6/><REACH who="3" step="1"/><G101/><REACH who="3" ten="245,260,234,251" step="2"/><T132/><D50/><U117/><E117/><N who="0" m="45161" /><D48/><U80/><E77/><V57/><F37/><W28/><G28/><AGARI ba="0,1" hai="20,24,25,28,31,33,128,129,132,133,134" m="45161" machi="28" ten="40,8000,1" yaku="20,1,34,2,52,1" doraHai="18" who="0" fromWho="3" sc="245,90,260,0,234,0,251,-80" /><INIT seed="4,0,0,4,1,44" ten="335,260,234,171" oya="0" hai0="117,59,69,9,29,5,114,92,126,121,111,65,73" hai1="10,89,77,33,1,82,47,101,34,22,60,93,32" hai2="95,39,14,125,46,85,28,71,88,66,53,54,80" hai3="132,8,38,27,36,12,83,4,62,107,13,56,90"/><T63/><D114/><U45/><E101/><V17/><F125/><W106/><G132/><T129/><D126/><U3/><E22/><V19/><F28/><W84/><G36/><T43/><D129/><U55/><E89/><V58/><F71/><W7/><G38/><T130/><D130/><U67/><E93/><V98/><F39/><W76/><G27/><T72/><D121/><U118/><E118/><V116/><F116/><W16/><G76/><T61/><D111/><U120/><E47/><V99/><F46/><W113/><G113/><T24/><D92/><U94/><E10/><V15/><F66/><W133/><G133/><T81/><D43/><U75/><E94/><V87/><F87/><W40/><G40/><T122/><D122/><U31/><E31/><V123/><F98/><W124/><G124/><T30/><D117/><U102/><E102/><V37/><F37/><W11/><REACH who="3" step="1"/><G7/><REACH who="3" ten="335,260,234,161" step="2"/><T48/><D24/><U131/><E120/><V108/><F123/><W26/><G26/><T91/><D5/><U115/><E115/><V68/><F108/><W103/><G103/><T86/><D30/><U42/><E42/><V79/><F68/><W50/><G50/><T2/><D48/><U134/><E134/><V119/><F119/><W97/><G97/><T109/><D29/><U104/><E131/><V78/><F79/><W110/><G110/><T70/><D109/><U100/><E100/><V23/><F78/><W74/><G74/><N who="0" m="28779" /><D63/><U41/><E41/><V49/><F99/><W6/><G6/><N who="0" m="1239" /><D70/><N who="1" m="42343" /><E104/><V135/><F135/><W128/><G128/><T112/><D112/><RYUUKYOKU ba="0,1" sc="335,10,260,10,234,-30,161,10" hai0="59,61,65,69,81,86,91" hai1="1,3,32,33,34,45,55,75,77,82" hai3="4,8,11,12,13,16,56,62,83,84,90,106,107" /><INIT seed="4,1,1,4,0,33" ten="345,270,204,171" oya="0" hai0="93,46,123,56,41,72,13,88,91,54,28,110,112" hai1="43,99,39,117,87,100,48,67,60,18,34,50,0" hai2="5,31,19,49,103,105,26,124,118,69,96,80,8" hai3="129,132,97,17,61,77,62,47,53,4,121,92,20"/><T94/><D112/><U44/><E117/><V42/><F124/><W66/><G132/><T70/><D70/><U58/><E34/><V109/><F109/><W76/><G129/><T59/><D123/><U120/><E120/><V101/><F118/><W10/><G121/><T82/><D110/><U3/><E87/><V23/><F69/><W57/><G47/><T24/><D13/><U37/><E18/><V68/><F68/><W71/><G20/><N who="0" m="15367" /><D72/><U89/><E89/><N who="0" m="34377" /><D82/><U135/><E135/><V95/><F80/><W115/><G115/><T21/><D21/><U114/><E114/><V15/><F103/><W73/><G73/><T40/><D46/><U45/><E39/><V74/><F74/><W83/><G83/><T116/><D59/><U134/><E134/><V108/><F108/><W90/><REACH who="3" step="1"/><G17/><REACH who="3" ten="345,270,204,161" step="2"/><T81/><D81/><U30/><E30/><V2/><F42/><N who="0" m="16490" /><D116/><U27/><E44/><V78/><F78/><W52/><G52/><T130/><D130/><U36/><E36/><V131/><F131/><W126/><G126/><T122/><D122/><U104/><E37/><V128/><F128/><W79/><G79/><T63/><AGARI ba="1,2" hai="54,56,63,93,94" m="16490,34377,15367" machi="63" ten="30,3000,0" yaku="8,1,54,1" doraHai="33" who="0" fromWho="0" sc="345,53,270,-11,204,-11,161,-11" /><INIT seed="4,2,0,4,2,101" ten="398,259,193,150" oya="0" hai0="47,5,83,14,116,56,74,111,3,118,11,119,63" hai1="79,91,72,54,109,53,24,18,40,2,103,9,77" hai2="1,61,125,132,6,43,78,25,30,89,20,27,92" hai3="82,38,50,90,22,124,84,34,88,108,4,115,19"/><T66/><D111/><U13/><E109/><V29/><F132/><W128/><G108/><T46/><REACH who="0" step="1"/><D3/><REACH who="0" ten="388,259,193,150" step="2"/><U123/><E2/><V68/><F1/><W107/><G115/><T134/><D134/><U7/><E123/><V102/><F125/><W15/><G124/><T31/><D31/><U28/><E28/><V110/><F29/><W106/><G128/><T71/><D71/><U133/><E133/><V97/><F68/><W75/><G38/><T41/><D41/><U52/><E40/><V135/><F43/><W36/><G36/><T59/><D59/><U55/><E103/><V117/><F110/><W94/><G34/><T81/><D81/><U122/><E122/><V98/><F135/><W67/><G4/><T65/><D65/><U76/><E72/><V73/><F6/><W26/><G75/><T60/><D60/><U105/><E7/><V39/><F61/><W49/><G67/><T96/><D96/><U64/><E64/><V33/><F39/><W85/><REACH who="3" step="1"/><G26/><REACH who="3" ten="388,259,193,140" step="2"/><T44/><D44/><U130/><E130/><V131/><F131/><W58/><G58/><T86/><D86/><U113/><E113/><V23/><F27/><W95/><G95/><T104/><D104/><AGARI ba="2,2" hai="15,19,22,49,50,82,84,85,88,90,94,104,106,107" machi="104" ten="40,8000,1" yaku="1,1,52,3,54,1,53,0" doraHai="101" doraHaiUra="127" who="3" fromWho="0" sc="388,-86,259,0,193,0,140,106" /><INIT seed="5,0,0,5,3,75" ten="302,259,193,246" oya="1" hai0="16,65,95,18,28,35,133,103,125,74,8,70,10" hai1="7,38,44,80,30,27,121,59,110,111,129,76,112" hai2="93,108,20,67,86,4,114,92,23,34,113,123,68" hai3="97,1,15,94,83,120,61,63,105,130,42,46,45"/><U124/><E121/><V31/><F123/><W25/><G120/><T64/><D74/><U19/><E112/><N who="2" m="43115" /><F108/><N who="1" m="41513" /><E7/><V41/><F4/><W126/><G1/><T11/><D133/><U106/><E106/><V57/><F68/><W49/><G105/><T43/><D125/><U77/><E124/><V29/><F41/><W132/><G132/><T55/><D43/><N who="1" m="22647" /><E80/><V47/><F47/><W48/><G83/><T66/><D70/><U90/><E129/><V85/><F57/><W26/><G130/><T39/><D39/><U36/><E36/><V12/><F67/><W117/><G126/><T62/><D28/><N who="2" m="10826" /><F34/><W40/><G45/><T0/><D35/><N who="1" m="20959" /><E90/><N who="2" m="53327" /><F12/><W51/><G15/><T96/><D0/><U17/><E59/><AGARI ba="0,0" hai="8,10,11,16,18,55,59,62,64,65,66,95,96,103" machi="59" ten="40,2600,0" yaku="8,1,54,1" doraHai="75" who="0" fromWho="1" sc="302,26,259,-26,193,0,246,0" /><INIT seed="6,0,0,5,2,84" ten="328,233,193,246" oya="2" hai0="97,132,90,51,53,57,131,122,20,21,67,52,77" hai1="16,78,61,115,99,44,62,91,113,71,33,15,135" hai2="11,42,116,22,4,110,39,104,13,103,128,7,19" hai3="8,134,25,63,32,45,83,35,46,96,100,105,117"/><V69/><F116/><W2/><G117/><T125/><D122/><U95/><E33/><V87/><F69/><W65/><G134/><T49/><D132/><U89/><E135/><V133/><F133/><W9/><G83/><T0/><D131/><U37/><E78/><V120/><F120/><W127/><G127/><T23/><D125/><U68/><E37/><V129/><F42/><W64/><G64/><T123/><D123/><U54/><E44/><N who="3" m="17002" /><G2/><T82/><D0/><U28/><E28/><V119/><F39/><W76/><G76/><T18/><D67/><U31/><E31/><V48/><F48/><W14/><G14/><N who="0" m="9303" /><D77/><U106/><E106/><V81/><F119/><W108/><G108/><T121/><D121/><U92/><E68/><V102/><F7/><W70/><G32/><T74/><D74/><U98/><E71/><V40/><F40/><W38/><G38/><T60/><D49/><U101/><E101/><N who="2" m="38411" /><F104/><W6/><G6/><T94/><D82/><U27/><E27/><N who="2" m="14815" /><F110/><W29/><AGARI ba="0,0" hai="8,9,25,29,35,63,65,70,96,100,105" m="17002" machi="29" ten="30,1100,0" yaku="25,1" doraHai="84" who="3" fromWho="3" sc="328,-3,233,-3,193,-5,246,11" /><INIT seed="7,0,0,5,4,55" ten="325,230,188,257" oya="3" hai0="104,95,51,3,101,47,78,33,123,8,116,9,111" hai1="117,1,58,22,100,132,87,38,129,102,40,96,64" hai2="4,30,120,125,66,134,31,27,119,133,112,88,65" hai3="23,5,94,54,49,10,73,76,7,83,36,11,98"/><W110/><G110/><T103/><D123/><U29/><E1/><V53/><F119/><W86/><G36/><T69/><D116/><U122/><E122/><V52/><F120/><W41/><G41/><T72/><D104/><U60/><E117/><V35/><F112/><W79/><G23/><T124/><D124/><U13/><E129/><V34/><F4/><W12/><G76/><T46/><D69/><U43/><E132/><V80/><F80/><W92/><G98/><T19/><D33/><U20/><E38/><V128/><F27/><W135/><G73/><T57/><D111/><U15/><E87/><V42/><F42/><W114/><G114/><T127/><D127/><U74/><E102/><V77/><F125/><W28/><G28/><T97/><D103/><U82/><E82/><V50/><F50/><W67/><G67/><T59/><D46/><U105/><E74/><V90/><F77/><W93/><G93/><T89/><D101/><U44/><E44/><V37/><F37/><W108/><G135/><T48/><D48/><U2/><E2/><V24/><F24/><W106/><G106/><T62/><D62/><U0/><E0/><V61/><F61/><W81/><G81/><N who="0" m="45255" /><D19/><N who="1" m="10351" /><E29/><V91/><F91/><W26/><G108/><T17/><D17/><N who="1" m="10559" /><E105/><V70/><F70/><W16/><G26/><T131/><D131/><AGARI ba="0,0" hai="30,31,34,35,52,53,65,66,88,90,128,131,133,134" machi="131" ten="25,6400,0" yaku="22,2,54,2" doraHai="55" who="2" fromWho="0" sc="325,-64,230,0,188,64,257,0" /><INIT seed="8,0,0,5,1,109" ten="261,230,252,257" oya="0" hai0="48,69,50,17,46,96,16,91,12,49,0,70,45" hai1="63,31,99,51,21,108,107,129,54,98,44,32,14" hai2="79,88,28,117,106,72,115,53,36,121,59,111,42" hai3="47,66,130,118,57,119,3,120,133,85,56,38,80"/><T125/><D0/><U9/><E108/><V124/><F111/><W102/><G3/><T94/><D125/><U35/><E129/><V62/><F106/><W11/><G130/><T97/><D17/><U60/><E35/><V92/><F121/><W82/><G120/><T128/><D128/><U25/><E32/><V105/><F105/><W1/><G102/><T15/><D15/><U18/><REACH who="1" step="1"/><E107/><REACH who="1" ten="261,220,252,257" step="2"/><V13/><F124/><W114/><G118/><T112/><D112/><U122/><E122/><V65/><F115/><W83/><G119/><T113/><D113/><U100/><E100/><V29/><F117/><W26/><G114/><T71/><REACH who="0" step="1"/><D97/><AGARI ba="0,1" hai="9,14,18,21,25,31,44,51,54,60,63,97,98,99" machi="97" ten="40,2600,0" yaku="1,1,8,1,53,0" doraHai="109" doraHaiUra="68" who="1" fromWho="0" sc="261,-26,220,36,252,0,257,0" /><INIT seed="9,0,0,5,0,2" ten="235,256,252,257" oya="1" hai0="30,31,19,66,85,56,74,1,29,106,62,6,91" hai1="26,37,135,57,20,46,79,14,126,86,42,109,73" hai2="65,7,110,128,92,71,11,50,116,104,17,67,18" hai3="133,112,99,40,34,41,127,97,105,114,100,5,70"/><U28/><E126/><V43/><F104/><W75/><G75/><T16/><D74/><U0/><E135/><V25/><F110/><W88/><G34/><T108/><D106/><U118/><E118/><V22/><F116/><W98/><G70/><T44/><D108/><U27/><E0/><V23/><F128/><W60/><G60/><T120/><D120/><U3/><E3/><V107/><F107/><W10/><G100/><T48/><D6/><U49/><E73/><V9/><F71/><W13/><G105/><T123/><D1/><U52/><E109/><V69/><F69/><W119/><G119/><T39/><D39/><U122/><E122/><V87/><F50/><W63/><G127/><T130/><D130/><U121/><E121/><V115/><F43/><N who="3" m="16459" /><G133/><T15/><D123/><U24/><REACH who="1" step="1"/><E14/><REACH who="1" ten="235,246,252,257" step="2"/><N who="2" m="5439" /><F115/><W80/><G112/><T132/><D132/><U111/><E111/><V35/><F35/><W77/><G114/><T96/><D96/><U12/><E12/><N who="2" m="9511" /><F11/><W61/><G13/><T117/><D117/><U102/><E102/><V81/><F92/><N who="3" m="56455" /><G10/><T59/><D15/><U47/><E47/><V55/><F81/><AGARI ba="0,1" hai="20,24,26,27,28,37,42,46,49,52,57,79,81,86" machi="81" ten="40,3900,0" yaku="1,1,54,1,53,0" doraHai="2" doraHaiUra="8" who="1" fromWho="2" sc="235,0,246,49,252,-39,257,0" /><INIT seed="9,1,0,2,3,68" ten="235,295,213,257" oya="1" hai0="25,78,103,59,91,23,102,105,80,119,13,94,44" hai1="128,54,114,115,70,3,2,28,82,75,38,84,12" hai2="24,93,42,1,67,129,18,99,48,85,19,34,27" hai3="22,88,121,130,92,0,14,47,135,65,125,4,53"/><U37/><E54/><V31/><F1/><N who="1" m="9" /><E84/><V131/><F67/><W104/><G135/><T50/><D13/><U90/><E90/><V96/><F85/><W77/><G130/><N who="2" m="49673" /><F27/><W111/><G125/><T120/><D59/><U21/><E21/><V57/><F96/><W127/><G111/><T74/><D105/><U132/><E128/><V76/><F76/><W79/><G121/><T40/><D119/><U107/><E12/><V8/><F8/><N who="3" m="4359" /><G127/><T117/><D117/><U6/><E6/><V126/><F126/><W110/><G110/><T16/><REACH who="0" step="1"/><D120/><REACH who="0" ten="225,295,213,257" step="2"/><U101/><E132/><V64/><F64/><W71/><G0/><T60/><D60/><U95/><E107/><V106/><F106/><W122/><G122/><T62/><D62/><U97/><E70/><V100/><F57/><W45/><G104/><T112/><D112/><U109/><E109/><V81/><F81/><W33/><G71/><T72/><D72/><U108/><E108/><V61/><F61/><W49/><G65/><T39/><D39/><U56/><E56/><V134/><F134/><W124/><G124/><T83/><D83/><U51/><E82/><V123/><F123/><W5/><G92/><T87/><AGARI ba="1,1" hai="16,23,25,40,44,50,74,78,80,87,91,94,102,103" machi="87" ten="20,8000,1" yaku="1,1,0,1,7,1,54,1,53,1" doraHai="68" doraHaiUra="86" who="0" fromWho="0" sc="225,93,295,-41,213,-21,257,-21" owari="318,42.0,254,5.0,192,-31.0,236,-16.0" /></mjloggm>