<mjloggm ver="2.3"><GO type="185" lobby="0"/><UN n0="%E3%83%9D%E3%82%B3%E3%83%94%E3%83%B3" n1="%74%61%6B%61%2D%31%31%36" n2="%E5%A4%9A%E6%9E%97%E6%99%8B" n3="" dan="16,16,16,0" rate="2197.25,2142.69,2214.08,1500.00" sx="M,M,M,C"/><TAIKYOKU oya="0"/><INIT seed="0,0,0,4,0,53" ten="350,350,350,0" oya="0" hai0="100,115,48,1,132,131,61,91,112,81,46,92,99" hai1="110,83,55,123,75,41,78,108,36,43,69,68,84" hai2="101,135,54,2,103,76,58,118,107,73,82,121,66" hai3=""/><T77/><D1/><U51/><N who="1" m="31520" /><U105/><E105/><V49/><N who="2" m="31008" /><V57/><F2/><T64/><D91/><U124/><E124/><V87/><F118/><T74/><D132/><U38/><E75/><V40/><F135/><T96/><D96/><U70/><E84/><V67/><F40/><N who="1" m="15433" /><E83/><V32/><F32/><T120/><N who="0" m="30752" /><T95/><D95/><U119/><E78/><V63/><F107/><T34/><D34/><U71/><N who="1" m="17408" /><DORA hai="86" /><U128/><E128/><V65/><REACH who="2" step="1"/><F73/><REACH who="2" ten="350,350,340,0" step="2"/><T113/><D131/><U127/><E119/><V116/><F116/><T80/><D74/><U102/><E127/><V129/><F129/><T45/><D115/><U0/><E0/><V50/><F50/><T44/><D48/><U104/><E104/><V117/><F117/><T130/><D130/><U97/><E38/><V93/><F93/><T106/><D106/><U42/><E42/><V134/><F134/><T125/><D125/><U126/><E126/><V89/><F89/><T88/><D113/><U39/><E39/><V90/><F90/><T79/><D112/><U111/><E36/><V60/><F60/><T85/><D81/><U122/><N who="1" m="31264" /><U56/><E111/><V72/><F72/><T3/><D3/><RYUUKYOKU ba="0,1" sc="350,0,350,0,340,0,0,0" hai0="44,45,46,61,64,77,79,80,85,88,92,99,100" hai1="51,55,56,97,102,108,110" hai2="49,54,57,58,63,65,66,67,76,82,87,101,103" /><INIT seed="0,1,1,2,3,130" ten="350,350,340,0" oya="0" hai0="67,109,122,0,71,128,55,1,112,77,50,63,120" hai1="80,69,132,110,91,134,73,41,85,78,40,131,107" hai2="95,135,126,81,119,82,33,90,117,79,56,89,68" hai3=""/><T127/><D112/><U102/><E69/><V36/><F33/><T133/><N who="0" m="30752" /><T111/><N who="0" m="31264" /><T34/><D34/><U123/><N who="1" m="31520" /><U32/><E32/><V76/><F68/><T98/><D128/><U60/><E131/><V64/><F36/><T38/><D38/><U65/><E110/><N who="0" m="41993" /><D127/><U61/><E102/><V3/><F3/><N who="0" m="1098" /><D77/><U118/><E107/><V115/><F126/><T101/><D50/><U124/><E124/><V87/><F115/><T103/><D55/><U42/><E118/><V97/><F119/><T116/><D116/><U43/><E43/><V35/><F35/><T45/><D45/><U2/><E2/><V94/><F117/><T44/><D44/><U57/><REACH who="1" step="1"/><E61/><REACH who="1" ten="350,340,340,0" step="2"/><V75/><F76/><T58/><D103/><U47/><E47/><V62/><F79/><T83/><D71/><U53/><E53/><V37/><F62/><T39/><D101/><U52/><E52/><V100/><F100/><T84/><D63/><U108/><E108/><V46/><F46/><T48/><D58/><U106/><E106/><V121/><F56/><T114/><D114/><U74/><E74/><V92/><F75/><T70/><D70/><U129/><E129/><V59/><N who="2" m="31008" /><V88/><F59/><RYUUKYOKU ba="1,2" sc="350,-10,340,20,340,-10,0,0" hai1="40,41,42,57,60,65,73,78,80,85,91,132,134" /><INIT seed="1,2,2,5,1,65" ten="340,360,330,0" oya="1" hai0="67,70,64,73,110,35,94,72,76,118,78,44,59" hai1="99,109,82,74,68,53,129,92,39,33,108,75,130" hai2="123,1,96,106,128,77,116,135,111,56,57,66,42" hai3=""/><U121/><N who="1" m="31008" /><U114/><E33/><V46/><N who="2" m="31520" /><V115/><F1/><T95/><D35/><U3/><E3/><V122/><N who="2" m="31264" /><V91/><F116/><T51/><D59/><U52/><E39/><V134/><F128/><N who="1" m="49257" /><E68/><V127/><F127/><T133/><D118/><U37/><E37/><V45/><F111/><N who="1" m="42569" /><E114/><V132/><F115/><T84/><D110/><U93/><E93/><V100/><F66/><T125/><D125/><U126/><E126/><V107/><F106/><T69/><D51/><U60/><E82/><V83/><F132/><T101/><D133/><U87/><E87/><V112/><F112/><T89/><D84/><U62/><E62/><V61/><F61/><T38/><D38/><U117/><E117/><V88/><F135/><T120/><N who="0" m="30752" /><T34/><D34/><U119/><E119/><V54/><F134/><T71/><D71/><U131/><N who="1" m="49265" /><U113/><DORA hai="81" /><E113/><V102/><F107/><T40/><D67/><U43/><E43/><V80/><F42/><T63/><D70/><U97/><E97/><V55/><F96/><T86/><D40/><U36/><E36/><V79/><AGARI ba="2,2" hai="45,46,54,55,56,57,77,79,80,83,88,91,100,102" m="31264,31520" machi="79" ten="25,9000,2" yaku="0,1,22,2,8,1,52,2,54,1" doraHai="65,81" who="2" fromWho="2" sc="340,-32,360,-62,330,114,0,0" /><INIT seed="2,0,0,5,3,87" ten="308,298,444,0" oya="2" hai0="130,1,113,54,94,76,99,59,43,129,91,70,35" hai1="44,57,52,66,0,64,121,77,127,42,2,104,97" hai2="33,36,83,47,92,41,79,72,134,60,46,109,86" hai3=""/><V40/><F33/><T39/><D1/><U112/><N who="1" m="31008" /><U73/><E112/><V118/><F118/><T89/><D35/><U93/><E104/><V133/><F109/><T68/><D113/><U132/><E127/><V124/><F124/><T100/><D76/><U117/><E132/><V114/><F60/><T74/><D74/><U128/><E128/><N who="0" m="49257" /><D43/><U71/><E77/><V123/><N who="2" m="31520" /><V98/><F114/><T85/><D39/><U116/><E73/><V111/><F111/><T65/><D65/><N who="1" m="25195" /><E71/><N who="0" m="27177" /><D85/><U69/><E69/><V67/><F72/><T135/><D135/><U131/><E2/><V63/><F134/><T50/><AGARI ba="0,0" hai="50,54,59,89,91,94,99,100" m="27177,49257" machi="50" ten="30,3000,0" yaku="19,1,52,2" doraHai="87" who="0" fromWho="0" sc="308,30,298,-10,444,-20,0,0" /><INIT seed="4,0,0,5,2,114" ten="338,288,424,0" oya="0" hai0="88,38,106,42,66,69,80,111,77,78,120,51,101" hai1="45,32,127,134,52,135,99,48,93,97,87,129,85" hai2="83,64,131,65,73,126,94,109,91,117,58,89,67" hai3=""/><T81/><D38/><U82/><E32/><V102/><F109/><T108/><N who="0" m="30752" /><T59/><D69/><U118/><E118/><V133/><F131/><T74/><D106/><U61/><E127/><V56/><F126/><T68/><D101/><U3/><E3/><V90/><F133/><N who="1" m="50697" /><E129/><V76/><F117/><T55/><D42/><U53/><E93/><V41/><F41/><T63/><REACH who="0" step="1"/><D88/><REACH who="0" ten="328,288,424,0" step="2"/><U43/><E43/><V123/><N who="2" m="31520" /><V71/><F71/><T1/><D1/><U113/><E113/><V79/><F102/><T0/><D0/><U125/><E125/><V115/><F115/><T96/><D96/><U2/><E99/><V50/><F94/><T86/><AGARI ba="0,1" hai="51,55,59,63,66,68,74,77,78,80,81,86,108,111" m="30752" machi="86" ten="30,4000,0" yaku="1,1,0,1,52,1,53,0" doraHai="114" doraHaiUra="70" who="0" fromWho="0" sc="328,50,288,-20,424,-20,0,0" /><INIT seed="4,1,0,1,5,106" ten="378,268,404,0" oya="0" hai0="84,50,122,1,44,38,53,125,3,135,92,116,114" hai1="85,55,117,79,134,45,101,115,93,33,81,36,54" hai2="110,71,119,111,91,58,120,108,130,69,72,94,67" hai3=""/><T73/><D73/><U35/><E117/><V95/><N who="2" m="30752" /><V64/><F119/><T86/><N who="0" m="31264" /><T99/><D116/><U49/><E134/><V60/><F130/><T75/><D75/><U121/><N who="1" m="31008" /><U46/><E115/><V59/><F72/><T56/><D135/><U88/><E101/><V47/><F47/><T102/><D114/><U52/><E36/><V74/><F74/><T80/><D125/><U103/><E103/><V90/><F110/><T128/><D128/><U87/><REACH who="1" step="1"/><E49/><REACH who="1" ten="378,258,404,0" step="2"/><V40/><F60/><T131/><D131/><U43/><E43/><AGARI ba="1,1" hai="40,43,58,59,64,67,69,71,90,91,94,95,108,111" m="30752" machi="43" ten="25,3200,0" yaku="22,2,52,1" doraHai="106" who="2" fromWho="1" sc="378,0,258,-34,404,44,0,0" /><INIT seed="5,0,0,1,5,96" ten="378,224,448,0" oya="1" hai0="88,84,131,41,134,123,80,62,92,47,48,58,75" hai1="130,128,54,35,79,95,101,106,132,61,89,81,50" hai2="111,97,91,124,125,90,2,104,57,46,117,67,102" hai3=""/><U68/><E35/><V33/><F33/><T110/><N who="0" m="31520" /><T52/><D134/><U77/><E132/><V64/><F2/><T99/><D131/><N who="1" m="50219" /><E68/><V85/><F111/><T135/><D135/><U34/><E61/><V100/><F117/><T36/><D110/><U108/><E108/><V45/><F102/><T103/><REACH who="0" step="1"/><D75/><REACH who="0" ten="368,224,448,0" step="2"/><U114/><E114/><V83/><F125/><T116/><D116/><U39/><E39/><AGARI ba="0,1" hai="36,39,41,47,48,52,58,62,80,84,88,92,99,103" m="31520" machi="39" ten="40,8000,1" yaku="1,1,52,2,54,2,53,0" doraHai="96" doraHaiUra="32" who="0" fromWho="1" sc="368,90,224,-80,448,0,0,0" /><INIT seed="6,0,0,3,1,69" ten="458,144,448,0" oya="2" hai0="108,93,76,78,132,2,88,126,41,77,117,59,38" hai1="74,105,52,85,51,129,92,122,64,106,104,107,55" hai2="127,44,91,47,86,54,134,53,57,32,1,66,81" hai3=""/><V72/><F1/><T62/><D2/><U68/><N who="1" m="31264" /><U73/><N who="1" m="26624" /><DORA hai="0" /><U46/><E129/><V98/><F32/><T87/><D117/><U99/><E85/><V45/><F134/><T133/><D108/><U71/><E64/><V90/><F127/><T34/><D34/><U70/><E51/><V60/><F72/><T42/><D126/><U89/><E46/><V3/><F3/><T103/><D103/><U84/><E84/><V50/><F50/><T112/><D112/><U63/><E63/><V125/><F125/><T121/><N who="0" m="31008" /><T40/><REACH who="0" step="1"/><D38/><REACH who="0" ten="448,144,448,0" step="2"/><U123/><N who="1" m="31520" /><U58/><REACH who="1" step="1"/><E58/><REACH who="1" ten="448,134,448,0" step="2"/><V56/><F57/><T116/><D116/><U130/><E130/><V114/><F114/><T113/><D113/><U96/><E96/><V135/><F135/><T35/><D35/><U49/><E49/><V48/><F48/><T43/><D43/><U39/><E39/><V37/><F37/><T109/><D109/><U119/><E119/><V33/><F33/><T128/><D128/><U100/><E100/><V101/><F101/><T65/><AGARI ba="0,2" hai="40,41,42,59,62,65,76,77,78,87,88,93,132,133" m="31008" machi="65" ten="40,6000,1" yaku="1,1,0,1,52,1,54,1,53,0" doraHai="69,0" doraHaiUra="79,97" who="0" fromWho="0" sc="448,80,134,-20,448,-40,0,0" owari="528,48.0,114,-49.0,408,1.0,0,0.0" /></mjloggm>