<mjloggm ver="2.3"><GO type="225" lobby="0"/><UN n0="%E8%A8%88%E7%AE%97%E6%A9%9F%E8%87%AA%E7%84%B6" n1="%E3%82%8F%E3%81%A3%E3%81%97%E3%82%87%E3%81%84%E5%90%9B%32%E5%8F%B7" n2="%E3%81%95%E3%81%8D%E3%81%9F%E3%81%BE%E6%9E%97%E6%AA%8E" n3="%E5%B7%A5%E8%97%A4%E6%96%B0%E4%B8%80" dan="17,17,16,16" rate="2272.26,2243.88,2139.21,2113.88" sx="M,M,M,M"/><TAIKYOKU oya="0"/><INIT seed="0,0,0,0,3,42" ten="250,250,250,250" oya="0" hai0="96,65,103,15,41,13,83,23,24,120,108,25,30" hai1="20,119,93,66,130,43,58,22,77,34,60,57,54" hai2="99,114,124,38,9,122,39,116,115,85,8,82,91" hai3="129,128,28,52,36,2,48,17,75,59,3,33,62"/><T102/><D120/><U49/><E119/><V44/><F122/><W53/><G36/><T18/><D108/><U71/><E130/><N who="3" m="50282" /><G75/><T117/><D117/><U121/><E121/><V72/><F116/><W6/><G17/><T106/><D102/><U29/><E77/><V5/><F9/><W7/><G28/><T81/><D65/><U95/><E34/><V51/><F124/><W111/><G111/><T92/><D106/><U61/><E20/><V55/><F39/><W133/><G133/><T101/><D101/><U132/><E132/><V97/><F38/><W125/><G33/><T37/><D13/><U1/><E1/><N who="3" m="10" /><G125/><T79/><D79/><U118/><E118/><V90/><F72/><W78/><G78/><T104/><D104/><U47/><REACH who="1" step="1"/><E71/><REACH who="1" ten="250,240,250,250" step="2"/><V46/><F115/><W4/><G4/><T105/><D105/><U26/><AGARI ba="0,1" hai="22,26,29,43,47,49,54,57,58,60,61,66,93,95" machi="26" ten="30,8000,1" yaku="1,1,2,1,0,1,8,1,52,1,53,0" doraHai="42" doraHaiUra="113" who="1" fromWho="1" sc="250,-40,240,90,250,-20,250,-20" /><INIT seed="1,0,0,5,0,72" ten="210,330,230,230" oya="1" hai0="36,52,124,77,42,107,29,109,111,133,99,23,20" hai1="93,105,64,67,106,74,128,91,121,43,127,63,0" hai2="104,73,75,101,40,119,82,46,117,59,12,71,58" hai3="108,41,25,18,110,49,85,28,78,6,57,125,7"/><U90/><E121/><V65/><F71/><W11/><G125/><T92/><D107/><U131/><E0/><V53/><F65/><W8/><G18/><T102/><D124/><U50/><E127/><V123/><F123/><W98/><G98/><T15/><D133/><U16/><E74/><V130/><F130/><W116/><G116/><T113/><D113/><U87/><E67/><V39/><F75/><W80/><G11/><T88/><D102/><U4/><E4/><V55/><F55/><N who="3" m="31983" /><G41/><T48/><D36/><U19/><E91/><V94/><F104/><W61/><G61/><T66/><D42/><U56/><E105/><V69/><F69/><W129/><G8/><T30/><D66/><U68/><E106/><V86/><F73/><W81/><G81/><T26/><D15/><U33/><E33/><V31/><F31/><W89/><G89/><T132/><D132/><U5/><E5/><V126/><F126/><W2/><G2/><T10/><D10/><U51/><E51/><N who="2" m="31039" /><F12/><W45/><G45/><N who="0" m="27663" /><D29/><U22/><E68/><V27/><F59/><W34/><G129/><N who="1" m="49738" /><E22/><V14/><F119/><W70/><G70/><T76/><D20/><U32/><E32/><V96/><F117/><W9/><G9/><T37/><D37/><U21/><E21/><V100/><F100/><W17/><G17/><T3/><D3/><U1/><E1/><V24/><F14/><W84/><G84/><T112/><D112/><U79/><E19/><V83/><F86/><W118/><G118/><T120/><D120/><U135/><E16/><V97/><F97/><W134/><G134/><RYUUKYOKU ba="0,0" sc="210,10,330,-30,230,10,230,10" hai0="23,26,30,76,77,88,92,99,109,111" hai2="24,27,39,40,46,82,83,94,96,101" hai3="6,7,25,28,34,78,80,85,108,110" /><INIT seed="2,1,0,2,2,70" ten="220,300,240,240" oya="2" hai0="37,35,130,13,134,11,96,135,132,94,6,51,2" hai1="92,14,90,55,133,31,24,99,0,88,116,53,60" hai2="49,68,85,7,27,54,79,17,119,82,123,59,50" hai3="117,124,34,3,56,115,76,42,38,91,64,22,101"/><V112/><F119/><W18/><G124/><T128/><D35/><U26/><E116/><V75/><F112/><W73/><G117/><T102/><D37/><U87/><E0/><V46/><F123/><W108/><G108/><T48/><REACH who="0" step="1"/><D2/><REACH who="0" ten="210,300,240,240" step="2"/><U106/><E133/><V126/><F126/><W33/><G3/><T100/><D100/><U125/><E125/><V30/><F68/><W8/><G101/><T114/><D114/><U121/><E121/><V23/><F7/><W95/><G33/><T74/><D74/><U111/><E111/><V120/><F120/><W1/><G34/><T15/><D15/><U61/><E14/><V36/><F36/><W57/><G1/><T67/><D67/><U52/><E24/><V4/><F75/><W63/><G73/><T10/><D10/><U93/><E106/><V9/><F9/><W80/><G8/><T105/><D105/><U83/><E26/><V47/><F4/><W103/><G103/><T40/><D40/><U113/><E113/><V66/><F66/><W118/><G118/><T20/><D20/><U77/><E55/><N who="2" m="30135" /><F30/><W110/><G110/><T72/><D72/><U131/><E31/><V32/><F32/><W78/><G42/><T43/><D43/><U12/><E53/><V41/><F41/><W107/><G107/><T44/><D44/><AGARI ba="1,1" hai="17,23,27,44,47,50,54,59,79,82,85" m="30135" machi="44" ten="30,1500,0" yaku="8,1" doraHai="70" who="2" fromWho="0" sc="210,-18,300,0,240,28,240,0" /><INIT seed="2,2,0,1,4,134" ten="192,300,268,240" oya="2" hai0="30,17,88,100,121,60,20,26,92,0,117,7,129" hai1="23,74,77,119,70,40,99,111,94,47,4,135,21" hai2="115,2,5,109,29,3,67,46,87,72,48,31,73" hai3="1,9,82,58,127,45,50,66,97,38,42,54,36"/><V12/><F115/><W65/><G97/><T49/><D121/><U43/><E119/><V80/><F67/><N who="3" m="25611" /><G82/><T113/><D113/><U103/><E70/><V108/><F31/><W105/><G9/><T120/><D120/><U110/><E135/><V56/><F56/><W128/><G1/><N who="2" m="9" /><F29/><W98/><G98/><T59/><D129/><U51/><E4/><V28/><F28/><W89/><G89/><T61/><D100/><U10/><E10/><N who="2" m="4175" /><F73/><W27/><G27/><T63/><D117/><U18/><E43/><N who="2" m="24671" /><F72/><W76/><G105/><T133/><D133/><U104/><E104/><V131/><F131/><W57/><G76/><AGARI ba="2,0" hai="76,80,87,108,109" m="24671,4175,9" machi="76" ten="30,1500,0" yaku="25,1" doraHai="134" who="2" fromWho="3" sc="192,0,300,0,268,21,240,-21" /><INIT seed="2,3,0,0,1,15" ten="192,300,289,219" oya="2" hai0="58,78,18,106,11,99,27,14,21,125,85,9,37" hai1="71,84,23,90,38,96,98,95,80,49,6,86,126" hai2="128,109,1,72,0,92,24,97,16,102,40,59,113" hai3="65,122,83,120,64,94,12,81,36,132,115,39,129"/><V8/><F113/><W50/><G129/><T66/><D37/><U26/><E38/><V57/><F128/><W10/><G132/><T60/><D125/><U110/><E71/><V69/><F69/><W52/><G115/><T7/><D106/><U121/><E126/><V119/><F72/><W82/><G94/><T4/><D99/><U3/><E110/><V30/><F119/><W25/><G25/><T89/><D78/><U131/><E131/><V70/><F70/><W133/><G133/><T91/><REACH who="0" step="1"/><D85/><REACH who="0" ten="182,300,289,219" step="2"/><U55/><E86/><V79/><F79/><W93/><G39/><T29/><D29/><U123/><E98/><V104/><F104/><W88/><G36/><T61/><D61/><U135/><E135/><V108/><F109/><W103/><G103/><T67/><D67/><U47/><E96/><V117/><F30/><W20/><G120/><T114/><D114/><U2/><E121/><V62/><F62/><W107/><G107/><T33/><D33/><U34/><E123/><V28/><F28/><W105/><G105/><T13/><AGARI ba="3,1" hai="4,7,9,11,13,14,18,21,27,58,60,66,89,91" machi="13" ten="20,12000,2" yaku="1,1,0,1,7,1,9,1,8,1,52,1,53,0" doraHai="15" doraHaiUra="116" who="0" fromWho="0" sc="182,139,300,-33,289,-63,219,-33" /><INIT seed="3,0,0,0,2,37" ten="321,267,226,186" oya="3" hai0="91,17,88,114,135,62,3,49,27,124,68,44,51" hai1="54,61,72,134,11,0,71,45,58,87,15,13,93" hai2="100,50,123,83,82,63,106,74,115,55,129,128,76" hai3="120,28,42,67,38,79,4,98,101,108,29,118,126"/><W64/><G118/><T57/><D3/><U70/><E72/><V39/><F39/><W113/><G113/><T80/><D68/><U40/><E134/><V104/><F115/><W103/><G120/><T130/><D114/><U48/><E0/><V32/><F32/><W121/><G121/><T84/><D135/><U94/><E15/><V26/><F123/><W78/><G126/><T9/><D130/><U19/><REACH who="1" step="1"/><E94/><REACH who="1" ten="321,257,226,186" step="2"/><V8/><F129/><W6/><G108/><T30/><D124/><U43/><E43/><V90/><F74/><W105/><G38/><T59/><D91/><AGARI ba="0,1" hai="11,13,19,40,45,48,54,58,61,70,71,87,91,93" machi="91" ten="40,5200,0" yaku="1,1,52,1,53,1" doraHai="37" doraHaiUra="85" who="1" fromWho="0" sc="321,-52,257,62,226,0,186,0" owari="269,7.0,319,41.0,226,-17.0,186,-31.0" /></mjloggm>