<mjloggm ver="2.3"><GO type="169" lobby="0"/><UN n0="%E5%A4%A7%E5%AE%AE%E5%BF%8D%76" n1="%6D%61%74%6F%30%36%30%33" n2="%E3%81%B4%E3%82%8C" n3="%E3%82%8A%E3%82%86%E3%83%BC" dan="17,18,16,18" rate="2216.00,2288.31,2111.40,2252.80" sx="M,M,M,M"/><TAIKYOKU oya="0"/><INIT seed="0,0,0,3,0,79" ten="250,250,250,250" oya="0" hai0="109,19,48,80,7,38,53,9,115,107,70,122,12" hai1="89,14,29,28,120,117,101,71,106,126,88,54,76" hai2="55,23,1,92,118,43,36,102,130,129,22,135,8" hai3="45,64,113,65,96,49,18,16,31,10,40,21,69"/><T20/><D115/><U119/><E120/><V61/><F135/><W134/><G113/><T6/><D122/><U46/><E71/><V133/><F133/><W111/><G134/><T27/><D70/><U63/><E126/><V15/><F118/><W86/><G111/><T98/><D38/><U94/><E76/><V108/><F108/><W66/><G96/><T34/><D109/><U47/><E14/><V41/><F1/><W11/><G69/><T81/><D34/><U91/><E106/><V56/><F102/><W84/><G31/><N who="1" m="11850" /><E63/><V35/><F35/><W3/><G18/><T100/><REACH who="0" step="1"/><D7/><REACH who="0" ten="240,250,250,250" step="2"/><U44/><E119/><V58/><F129/><W93/><G3/><T75/><D75/><U26/><E117/><V83/><F130/><W116/><G116/><T99/><D99/><N who="1" m="59639" /><E26/><V52/><F36/><W73/><G73/><T87/><D87/><U59/><E59/><AGARI ba="0,1" hai="6,9,12,19,20,27,48,53,59,80,81,98,100,107" machi="59" ten="30,12000,1" yaku="1,1,7,1,52,2,53,1" doraHai="79" doraHaiUra="95" who="0" fromWho="1" sc="240,130,250,-120,250,0,250,0" /><INIT seed="0,1,0,3,1,86" ten="370,130,250,250" oya="0" hai0="58,36,94,46,7,91,116,78,118,45,114,56,113" hai1="135,107,124,106,57,95,117,66,61,59,2,67,13" hai2="71,69,38,49,41,22,39,128,27,105,103,93,52" hai3="50,26,1,134,70,60,110,10,48,29,35,6,63"/><T85/><D7/><U65/><E117/><V129/><F105/><W3/><G110/><T14/><D14/><U9/><E2/><V101/><F41/><W53/><G134/><T16/><D16/><U131/><E135/><V55/><F22/><W90/><G1/><T37/><D94/><U76/><E131/><N who="2" m="50251" /><F93/><W42/><G70/><N who="2" m="26633" /><F27/><W77/><G77/><T33/><D78/><U44/><E76/><V96/><F96/><W97/><G48/><T132/><D85/><U98/><E124/><V130/><N who="2" m="50259" /><V51/><DORA hai="87" /><F101/><W104/><G42/><T8/><D8/><U34/><E34/><V24/><F24/><W119/><G119/><T75/><D132/><U120/><E120/><V74/><F74/><W5/><G5/><T125/><D125/><U121/><E121/><V43/><F43/><W112/><G104/><T100/><D100/><U109/><E109/><V54/><F103/><W99/><G99/><T32/><D75/><U18/><E44/><V31/><F31/><W64/><G97/><T111/><REACH who="0" step="1"/><D111/><REACH who="0" ten="360,130,250,250" step="2"/><U115/><E107/><V15/><F15/><W79/><G10/><T62/><D62/><N who="1" m="38095" /><E106/><V84/><F84/><W40/><G63/><T127/><D127/><U20/><E9/><V126/><F126/><W82/><G60/><T21/><D21/><U88/><E115/><V28/><F28/><W68/><G112/><T81/><D81/><U102/><E102/><V80/><F80/><W89/><G82/><T30/><D30/><U47/><E67/><V25/><F25/><N who="3" m="18863" /><G64/><T72/><D72/><U122/><E122/><V123/><F123/><RYUUKYOKU ba="1,1" sc="360,10,130,10,250,10,250,-30" hai0="32,33,36,37,45,46,56,58,91,113,114,116,118" hai1="13,18,20,47,59,61,66,88,95,98" hai2="38,39,49,51,52,54,55" /><INIT seed="0,2,1,4,3,131" ten="370,140,260,220" oya="0" hai0="23,22,97,56,116,110,26,25,61,82,48,119,54" hai1="65,28,44,100,29,129,79,11,55,16,7,45,98" hai2="47,43,59,8,15,128,57,21,32,2,84,70,4" hai3="14,83,46,135,67,76,134,91,37,130,77,42,3"/><T30/><D110/><U112/><E129/><V10/><F70/><W9/><G130/><T53/><D82/><U115/><E65/><V95/><F128/><W92/><G67/><T40/><D40/><U41/><E79/><V102/><F32/><W18/><G3/><T50/><D97/><U109/><E109/><V12/><F21/><W113/><G113/><T93/><D93/><U5/><E55/><V127/><F127/><W124/><G124/><T122/><D122/><U120/><E120/><V111/><F111/><W24/><G24/><T105/><D105/><U38/><E45/><V19/><F2/><W63/><G63/><T94/><D94/><N who="1" m="58455" /><E7/><V20/><F20/><W106/><G106/><T114/><D114/><N who="1" m="43563" /><E16/><V108/><F108/><W71/><G71/><T68/><D68/><U62/><E62/><V117/><F117/><W101/><G101/><T99/><D61/><U74/><E74/><V73/><F73/><W75/><REACH who="3" step="1"/><G76/><REACH who="3" ten="370,140,260,210" step="2"/><T33/><D26/><U96/><E96/><AGARI ba="2,2" hai="9,14,18,37,42,46,75,77,83,91,92,96,134,135" machi="96" ten="40,8000,1" yaku="1,1,2,1,52,2,53,1" doraHai="131" doraHaiUra="87" who="3" fromWho="1" sc="370,0,140,-86,260,0,210,106" /><INIT seed="1,0,0,0,3,57" ten="370,54,260,316" oya="1" hai0="117,115,71,82,43,25,20,63,34,35,30,119,7" hai1="123,38,13,91,54,61,53,109,10,70,122,33,56" hai2="4,90,69,81,131,64,124,74,52,6,128,127,97" hai3="0,21,45,48,49,125,75,100,134,19,31,129,77"/><U27/><E38/><V102/><F69/><W88/><G134/><T118/><D43/><U111/><E70/><V104/><F64/><W120/><G120/><T24/><D82/><U80/><E33/><N who="0" m="12297" /><D63/><N who="1" m="36239" /><E27/><V116/><F116/><W60/><G31/><T66/><D66/><U42/><E42/><V65/><F65/><W105/><G75/><T110/><D71/><U14/><E14/><V29/><F29/><W37/><G77/><T50/><D50/><U94/><E80/><V28/><F28/><W112/><G48/><T58/><D58/><N who="1" m="35031" /><E13/><V1/><F52/><W108/><G49/><T8/><D25/><U106/><E10/><V41/><F41/><W15/><G45/><T26/><D26/><U5/><E5/><V87/><F1/><W16/><G0/><N who="0" m="103" /><D115/><U86/><E106/><V67/><F67/><W3/><G112/><T98/><D24/><U99/><E99/><V22/><F74/><W107/><G107/><T79/><D98/><U32/><E32/><V95/><F22/><W59/><G105/><T83/><D20/><U135/><E135/><V23/><F23/><W40/><G40/><T11/><D11/><U47/><E47/><V55/><F6/><W12/><G37/><T51/><D30/><U2/><E2/><V126/><F4/><W73/><G3/><T133/><D133/><U76/><E76/><N who="2" m="46503" /><F55/><W85/><G21/><T96/><D96/><AGARI ba="0,0" hai="90,95,96,97,102,104,124,126,127,128,131" m="46503" machi="96" ten="40,5200,0" yaku="18,1,34,2" doraHai="57" who="2" fromWho="0" sc="370,-52,54,0,260,52,316,0" /><INIT seed="2,0,0,1,2,10" ten="318,54,312,316" oya="2" hai0="24,113,70,78,29,80,53,5,87,131,82,134,39" hai1="104,47,81,15,35,64,28,11,12,22,26,37,84" hai2="120,106,1,99,132,124,45,32,21,127,77,108,109" hai3="0,122,79,7,125,90,68,95,55,91,52,65,61"/><V103/><F120/><W4/><G122/><T34/><D113/><U129/><E104/><V119/><F32/><W111/><G111/><N who="2" m="42569" /><F119/><W59/><G125/><N who="2" m="48201" /><F1/><W135/><G135/><T121/><D134/><U94/><E129/><V56/><F132/><W50/><G79/><T76/><D131/><U130/><E130/><V60/><F45/><W62/><G0/><T46/><D121/><U3/><E35/><V57/><F77/><W71/><G91/><T115/><D115/><U16/><E3/><V48/><F48/><W100/><G100/><T75/><D39/><U97/><E37/><V51/><F51/><W118/><G118/><T73/><D46/><U98/><E47/><V72/><F72/><W27/><G50/><T31/><D34/><U112/><E112/><V93/><F106/><W66/><G55/><T17/><D53/><U92/><E64/><N who="2" m="38919" /><F57/><W88/><G59/><T69/><D75/><U89/><E98/><V102/><F21/><W83/><G71/><T67/><D70/><U2/><E2/><V18/><F18/><W8/><G68/><T85/><D73/><U23/><REACH who="1" step="1"/><E97/><REACH who="1" ten="318,44,312,316" step="2"/><V19/><F19/><AGARI ba="0,1" hai="11,12,15,16,19,22,23,26,28,81,84,89,92,94" machi="19" ten="30,16000,3" yaku="1,1,2,1,7,1,8,1,52,2,54,1,53,1" doraHai="10" doraHaiUra="86" who="1" fromWho="2" sc="318,0,44,170,312,-160,316,0" /><INIT seed="3,0,0,2,2,133" ten="318,214,152,316" oya="3" hai0="101,123,89,62,37,47,88,118,87,53,4,3,116" hai1="31,131,127,45,78,84,64,107,25,19,86,10,77" hai2="6,26,110,68,52,71,38,117,35,29,98,105,28" hai3="0,108,59,12,100,34,15,57,50,7,2,119,128"/><W40/><G119/><T76/><D123/><U113/><E107/><V102/><F117/><W111/><G34/><T14/><D3/><N who="3" m="1065" /><G100/><T120/><D120/><U58/><E113/><V72/><F110/><N who="3" m="42027" /><G7/><T122/><D122/><U135/><E127/><V1/><F29/><W95/><G95/><T124/><D124/><U21/><E131/><V27/><F27/><W41/><G50/><T60/><D101/><U17/><E135/><V93/><F93/><W11/><G11/><T65/><D116/><U69/><E10/><N who="2" m="2383" /><F52/><W79/><G79/><T67/><D76/><U74/><E78/><V114/><F114/><W61/><G61/><T8/><D118/><U30/><E77/><V99/><F72/><W5/><G5/><T51/><D89/><U55/><E55/><V70/><F99/><W112/><G128/><T13/><D62/><U24/><E74/><V63/><F38/><W132/><G132/><T104/><D37/><U85/><E21/><V109/><F109/><W106/><G106/><T46/><D104/><U115/><E115/><V22/><F22/><W20/><G20/><T43/><D60/><U129/><E129/><V23/><F23/><W81/><G81/><T130/><D130/><U90/><E31/><V125/><F125/><W48/><G112/><T91/><D91/><U66/><E30/><V96/><F96/><W73/><G73/><T33/><D33/><U126/><E126/><V44/><F44/><N who="3" m="25607" /><G41/><T82/><D43/><U121/><E121/><V49/><F49/><W103/><G103/><T56/><D51/><U54/><E25/><V16/><F63/><RYUUKYOKU ba="0,0" sc="318,-15,214,-15,152,15,316,15" hai2="16,26,28,35,68,70,71,98,102,105" hai3="12,15,57,59" /><INIT seed="3,1,0,5,4,39" ten="303,199,167,331" oya="3" hai0="123,20,22,24,82,106,110,77,73,119,116,37,75" hai1="72,43,14,8,84,6,90,66,131,67,26,62,93" hai2="19,16,53,47,118,58,23,109,87,91,57,4,134" hai3="1,3,36,127,81,0,13,122,9,31,42,69,34"/><W80/><G122/><T28/><D123/><U50/><E131/><V15/><F118/><W97/><G69/><T83/><D106/><U125/><E125/><V114/><F114/><W10/><G127/><T121/><D121/><U128/><E72/><V46/><F109/><W95/><G34/><T115/><D110/><U132/><E128/><V65/><F134/><W44/><G31/><T108/><D108/><U25/><E132/><V124/><F124/><W103/><REACH who="3" step="1"/><G9/><REACH who="3" ten="303,199,167,321" step="2"/><T98/><D116/><U27/><E8/><V38/><F38/><W64/><G64/><T51/><D37/><U133/><E67/><V94/><F65/><W56/><G56/><T40/><D119/><U76/><E66/><V135/><F58/><W126/><G126/><T89/><D115/><U52/><E133/><V11/><F135/><W17/><AGARI ba="1,1" hai="0,1,3,10,13,17,36,42,44,80,81,95,97,103" machi="17" ten="30,11700,0" yaku="1,1,0,1,52,1,53,1" doraHai="39" doraHaiUra="92" who="3" fromWho="3" sc="303,-40,199,-40,167,-40,321,130" /><INIT seed="3,2,0,3,2,24" ten="263,159,127,451" oya="3" hai0="70,36,118,103,57,21,50,87,83,16,128,110,85" hai1="98,102,69,15,99,32,120,105,131,7,66,65,39" hai2="129,62,27,41,12,100,46,61,72,76,106,91,52" hai3="123,13,97,135,29,84,28,73,11,48,92,127,47"/><W56/><G123/><T121/><D121/><U113/><E120/><V37/><F129/><W30/><G73/><T25/><D118/><U2/><E15/><V14/><F106/><W134/><G127/><T31/><D36/><U126/><E98/><V58/><F100/><W23/><G84/><T51/><D70/><U64/><E113/><V122/><F122/><W26/><G56/><T44/><D128/><U117/><E131/><V111/><F111/><W132/><G11/><T125/><D110/><U10/><E126/><V80/><F91/><N who="3" m="55455" /><G13/><T86/><D125/><U54/><E39/><V74/><F74/><W1/><G1/><T112/><D112/><U79/><E79/><V63/><REACH who="2" step="1"/><F27/><REACH who="2" ten="263,159,117,451" step="2"/><W60/><G60/><AGARI ba="2,1" hai="12,14,37,41,46,52,58,60,61,62,63,72,76,80" machi="60" ten="40,5200,0" yaku="1,1,2,1,54,1,53,0" doraHai="24" doraHaiUra="96" who="2" fromWho="3" sc="263,0,159,0,117,68,451,-58" /><INIT seed="4,0,0,0,4,22" ten="263,159,185,393" oya="0" hai0="83,35,14,32,70,17,18,27,129,13,112,44,113" hai1="111,97,55,6,115,94,85,89,62,105,90,0,12" hai2="91,60,72,29,52,9,117,120,20,19,81,26,80" hai3="42,124,48,128,49,103,39,8,59,1,88,61,98"/><T119/><D83/><U116/><E111/><V38/><F120/><W25/><G128/><T96/><D44/><U10/><E116/><V101/><F38/><W109/><G109/><T5/><D96/><U47/><E115/><N who="0" m="44105" /><D70/><U125/><E125/><V23/><F72/><W65/><G124/><T4/><D119/><U100/><E0/><V93/><F117/><W56/><G39/><T64/><D64/><U2/><E2/><V63/><F101/><W121/><G42/><T110/><D110/><U77/><E77/><V104/><F9/><W21/><G121/><T71/><D71/><U34/><E34/><N who="0" m="12841" /><D27/><U69/><E89/><V133/><F104/><W135/><G88/><T130/><D14/><U102/><E102/><V84/><F133/><W74/><G59/><T131/><D13/><U92/><E47/><V51/><F81/><W95/><G74/><T37/><D37/><U68/><E105/><V36/><F80/><W87/><G87/><T43/><D43/><U99/><E85/><V76/><F36/><W53/><G135/><T79/><D79/><U66/><E55/><V132/><F132/><W46/><G46/><T16/><AGARI ba="0,0" hai="4,5,16,17,18,129,130,131" m="12841,44105" machi="16" ten="50,18000,2" yaku="28,2,19,1,15,1,34,2,54,1" doraHai="22" who="0" fromWho="0" sc="263,180,159,-60,185,-60,393,-60" /><INIT seed="4,1,0,4,0,27" ten="443,99,125,333" oya="0" hai0="109,38,105,71,44,131,76,26,133,112,135,132,96" hai1="47,61,0,68,99,1,116,6,42,11,28,130,14" hai2="32,82,59,86,115,29,121,126,124,85,55,60,25" hai3="117,91,69,77,4,10,95,75,34,54,97,13,30"/><T35/><D112/><U49/><E116/><V40/><F121/><W41/><G117/><T7/><D7/><U9/><E130/><V57/><F40/><W113/><G113/><T22/><D131/><U114/><E114/><V125/><F115/><W89/><G41/><N who="0" m="22583" /><D76/><U110/><E110/><V46/><F46/><W81/><G69/><T134/><D134/><U16/><E99/><V31/><F82/><W108/><G108/><T37/><D37/><U21/><E68/><V80/><F80/><W87/><G54/><T84/><D84/><U119/><E119/><V33/><F59/><W83/><G34/><T8/><D8/><U88/><E61/><V36/><F36/><W62/><G62/><T111/><D71/><U94/><E11/><V107/><F107/><W20/><G20/><T127/><D22/><U102/><E102/><V67/><F67/><W58/><G58/><T118/><D118/><U15/><REACH who="1" step="1"/><E28/><REACH who="1" ten="443,89,125,333" step="2"/><V73/><REACH who="2" step="1"/><F73/><REACH who="2" ten="443,89,115,333" step="2"/><W103/><G30/><N who="0" m="19927" /><D111/><U12/><E12/><V5/><F5/><W123/><G123/><T23/><D109/><U17/><E17/><V50/><F50/><W51/><G51/><T39/><D39/><U100/><E100/><V128/><F128/><W53/><G103/><T64/><D133/><U3/><E3/><V72/><F72/><W24/><G75/><T52/><D132/><U43/><E43/><V74/><F74/><W2/><G2/><T92/><D135/><U70/><E70/><V106/><F106/><W63/><G4/><T66/><D105/><U129/><E129/><V101/><F101/><W45/><G77/><RYUUKYOKU ba="1,2" sc="443,-15,89,15,115,15,333,-15" hai1="0,1,6,9,14,15,16,21,42,47,49,88,94" hai2="25,29,31,32,33,55,57,60,85,86,124,125,126" /><INIT seed="5,2,2,2,3,124" ten="428,104,130,318" oya="1" hai0="82,50,92,59,97,75,93,53,12,18,135,86,117" hai1="125,63,129,118,0,35,22,6,80,108,83,122,111" hai2="37,44,23,99,67,95,134,7,113,77,130,74,29" hai3="56,33,9,54,40,15,109,121,42,32,43,62,70"/><U25/><E118/><V107/><F134/><W1/><G109/><N who="1" m="42058" /><E122/><V85/><F67/><W103/><G121/><T100/><D117/><U115/><E35/><V64/><F64/><W49/><G103/><T131/><D131/><U58/><E125/><V116/><F116/><W89/><G1/><T55/><D135/><U2/><E115/><V102/><F7/><W98/><G70/><T28/><D28/><N who="1" m="17463" /><E6/><V91/><F113/><W96/><G33/><T76/><D55/><N who="1" m="34271" /><E129/><V46/><F130/><W66/><G32/><T133/><D133/><U71/><E71/><V128/><F128/><W26/><G26/><T45/><D59/><U34/><E34/><V47/><F29/><W126/><G126/><T11/><D75/><U114/><E114/><V127/><F127/><W48/><G66/><T132/><D132/><U112/><E112/><V30/><F30/><W61/><G61/><T27/><D27/><U19/><E19/><V87/><F23/><W68/><G68/><T3/><D3/><AGARI ba="2,2" hai="0,2,3,80,83" m="34271,17463,42058" machi="3" ten="30,1500,0" yaku="10,1" doraHai="124" who="1" fromWho="0" sc="428,-21,104,41,130,0,318,0" /><INIT seed="5,3,0,4,5,106" ten="407,145,130,318" oya="1" hai0="4,40,48,105,92,13,135,96,75,7,78,82,104" hai1="22,55,108,72,95,76,124,73,39,99,83,3,38" hai2="2,29,46,61,10,15,30,64,57,11,103,49,102" hai3="100,122,66,53,113,77,109,60,23,131,12,87,129"/><U71/><E71/><V43/><F2/><W52/><G109/><T27/><D27/><U127/><E3/><V121/><F121/><W19/><G122/><T45/><D135/><U25/><E108/><V115/><F115/><W90/><G100/><T68/><D68/><U69/><E69/><V35/><F11/><W111/><G113/><T89/><REACH who="0" step="1"/><D13/><REACH who="0" ten="397,145,130,318" step="2"/><U58/><E25/><V133/><F133/><W36/><G111/><T37/><D37/><U31/><E39/><V34/><F34/><W1/><G36/><T70/><D70/><U128/><E38/><V80/><F35/><W16/><G1/><T6/><AGARI ba="3,1" hai="4,6,7,40,45,48,75,78,82,89,92,96,104,105" machi="6" ten="30,7900,0" yaku="1,1,0,1,52,1,53,1" doraHai="106" doraHaiUra="86" who="0" fromWho="0" sc="397,98,145,-42,130,-23,318,-23" /><INIT seed="6,0,0,4,2,116" ten="495,103,107,295" oya="2" hai0="105,20,60,14,103,65,61,86,98,21,16,117,126" hai1="9,115,90,96,34,133,47,40,131,36,99,8,118" hai2="108,73,93,84,95,59,63,72,28,80,22,82,81" hai3="94,127,77,25,130,52,57,10,12,107,24,83,120"/><V46/><F108/><W110/><G110/><T54/><D126/><U124/><E34/><V75/><F46/><W43/><G127/><T66/><D117/><U89/><E118/><V51/><F51/><W53/><G130/><T132/><D132/><U71/><E71/><V70/><F70/><W7/><G107/><T97/><D86/><U15/><E124/><V38/><F38/><W4/><G4/><T39/><D39/><U74/><E74/><V92/><F22/><W18/><G43/><T68/><D54/><U64/><E131/><V26/><F26/><W114/><G114/><T41/><D41/><U69/><E133/><V56/><F28/><W49/><G120/><T129/><D129/><U125/><E125/><V17/><F17/><W78/><G94/><T33/><D33/><U37/><E115/><V3/><F3/><W48/><G83/><T122/><D122/><U50/><E37/><V0/><F0/><W79/><G7/><T2/><D2/><U13/><E64/><V19/><F19/><W29/><G29/><T32/><D32/><U5/><E69/><V62/><REACH who="2" step="1"/><F84/><REACH who="2" ten="495,103,97,295" step="2"/><W134/><G134/><T121/><D21/><U1/><E36/><V88/><F88/><N who="1" m="33897" /><E1/><V27/><F27/><W31/><G31/><T44/><D44/><AGARI ba="0,1" hai="10,12,18,24,25,44,48,49,52,53,57,77,78,79" machi="44" ten="40,2600,0" yaku="8,1,54,1" doraHai="116" who="3" fromWho="0" sc="495,-26,103,0,97,0,295,36" /><INIT seed="7,0,0,1,2,33" ten="469,103,97,331" oya="3" hai0="9,21,18,70,17,38,24,98,77,100,41,113,127" hai1="31,22,12,50,90,36,4,103,134,53,69,37,52" hai2="80,65,131,49,39,61,0,6,124,51,126,128,64" hai3="96,55,87,10,26,5,81,129,60,34,83,122,54"/><W78/><G122/><T99/><D70/><U62/><E37/><V119/><F39/><W73/><G129/><N who="2" m="49737" /><F119/><W63/><G96/><T120/><D120/><U109/><E36/><V71/><F65/><W8/><G8/><T84/><D41/><U11/><E109/><V125/><F80/><W102/><G102/><T110/><D110/><U105/><E134/><V74/><F74/><W3/><G34/><T48/><D48/><U1/><E69/><V2/><F6/><W133/><G133/><T108/><D108/><U106/><E103/><V123/><F123/><W13/><G13/><N who="0" m="7343" /><D38/><U25/><E1/><AGARI ba="0,0" hai="0,1,2,49,51,61,64,71,124,125,126" m="49737" machi="1" ten="40,8000,1" yaku="18,1,19,1,52,3" doraHai="33" who="2" fromWho="1" sc="469,0,103,-80,97,80,331,0" owari="469,57.0,23,-48.0,177,-22.0,331,13.0" /></mjloggm>