<mjloggm ver="2.3"><GO type="169" lobby="0"/><UN n0="%62%75%72%65%61%36" n1="%E9%9B%AA%E6%9C%88%E9%A2%A8%E8%8A%B1" n2="%E5%90%89%E6%BE%A4%E2%98%86%E7%91%A0%E5%81%89" n3="%E3%81%B4%E3%81%8A%E3%81%B4%E3%81%8A%EF%BC%91%EF%BC%91" dan="16,16,16,18" rate="2144.88,2208.42,2090.31,2308.15" sx="M,F,M,M"/><TAIKYOKU oya="0"/><INIT seed="0,0,0,2,3,86" ten="250,250,250,250" oya="0" hai0="73,99,94,100,35,43,80,62,32,71,29,108,134" hai1="65,93,101,105,52,44,38,61,132,48,9,26,97" hai2="69,119,120,2,30,104,63,8,133,36,127,56,17" hai3="27,129,53,125,98,122,96,123,107,131,111,34,3"/><T39/><D134/><U45/><E132/><V126/><F133/><W121/><G3/><T75/><D108/><U106/><E9/><V130/><F120/><W0/><G0/><T25/><D35/><U128/><E128/><N who="3" m="49226" /><G111/><T64/><REACH who="0" step="1"/><D80/><REACH who="0" ten="240,250,250,250" step="2"/><U57/><E26/><V91/><F130/><W51/><G34/><T6/><D6/><U21/><E21/><V55/><F119/><W19/><G27/><T42/><D42/><U66/><E38/><V115/><F36/><W20/><G122/><T109/><D109/><U1/><E1/><V33/><F33/><W118/><G118/><T14/><D14/><U60/><REACH who="1" step="1"/><E44/><AGARI ba="0,1" hai="25,29,32,39,43,44,62,64,71,73,75,94,99,100" machi="44" ten="40,2000,0" yaku="1,1,53,0" doraHai="86" doraHaiUra="79" who="0" fromWho="1" sc="240,30,250,-20,250,0,250,0" /><INIT seed="0,1,0,3,1,82" ten="270,230,250,250" oya="0" hai0="49,23,98,79,124,84,13,2,78,12,105,19,133" hai1="63,103,24,80,129,53,28,119,83,10,14,96,117" hai2="22,114,131,89,108,59,123,6,34,107,20,135,15" hai3="42,81,112,116,92,126,58,8,57,38,36,35,106"/><T70/><D70/><U37/><E129/><V130/><F107/><W7/><G112/><T75/><D2/><U61/><E37/><V64/><F114/><W87/><G106/><T29/><D75/><U4/><E117/><V39/><F39/><W5/><G35/><T127/><D29/><U47/><E119/><V109/><F34/><W27/><G116/><T40/><D133/><U48/><E80/><V111/><F123/><W16/><G92/><T9/><D40/><U11/><E10/><N who="2" m="4567" /><F89/><W1/><G7/><T55/><D98/><U68/><E68/><V73/><F73/><W33/><G126/><N who="0" m="48171" /><D105/><U93/><REACH who="1" step="1"/><E83/><REACH who="1" ten="270,220,250,250" step="2"/><V100/><F135/><W30/><G38/><T66/><D66/><U110/><E110/><V95/><F64/><W72/><G72/><T77/><D9/><U101/><E101/><V88/><F100/><W60/><G36/><T115/><D115/><U56/><E56/><V43/><F59/><W45/><G60/><T120/><D120/><U90/><E90/><V32/><F32/><AGARI ba="1,1" hai="4,11,14,24,28,32,47,48,53,61,63,93,96,103" machi="32" ten="30,2000,0" yaku="1,1,7,1,53,0" doraHai="82" doraHaiUra="104" who="1" fromWho="2" sc="270,0,220,33,250,-23,250,0" /><INIT seed="1,0,0,0,2,67" ten="270,253,227,250" oya="1" hai0="110,60,113,16,46,92,22,51,108,109,72,75,7" hai1="56,93,10,134,49,31,89,44,28,129,133,30,18" hai2="48,1,87,70,0,111,27,80,82,37,81,42,127" hai3="17,39,97,101,100,71,107,5,63,64,8,88,43"/><U106/><E106/><V124/><F37/><W53/><G53/><T95/><D7/><U13/><E129/><V79/><F111/><W61/><G63/><T54/><D113/><U26/><E56/><V117/><F117/><W131/><G131/><T84/><D60/><U105/><E105/><V98/><F98/><W15/><G100/><T128/><D128/><U104/><E104/><V59/><F27/><W96/><G43/><T65/><D65/><U25/><E133/><V74/><F70/><W40/><G40/><T76/><D84/><U122/><E122/><V14/><F14/><W102/><G102/><T120/><D120/><U68/><E68/><V90/><F82/><W12/><G39/><T57/><D57/><U132/><E134/><V99/><F99/><W4/><REACH who="3" step="1"/><G15/><REACH who="3" ten="270,253,227,240" step="2"/><T78/><D75/><U33/><E132/><V126/><F42/><W112/><G112/><T121/><D72/><U62/><E62/><V47/><F47/><W3/><G3/><T35/><D121/><U55/><REACH who="1" step="1"/><E33/><REACH who="1" ten="270,243,227,240" step="2"/><V86/><F74/><W24/><G24/><N who="0" m="14407" /><D35/><U130/><E130/><V91/><F79/><AGARI ba="0,2" hai="46,51,54,76,78,79,92,95,108,109,110" m="14407" machi="79" ten="30,2000,0" yaku="14,1,54,1" doraHai="67" who="0" fromWho="2" sc="270,40,243,0,227,-20,240,0" /><INIT seed="2,0,0,5,0,96" ten="310,243,207,240" oya="2" hai0="91,83,82,72,25,105,62,15,13,58,22,108,33" hai1="90,128,109,130,119,74,127,114,120,51,63,48,61" hai2="132,24,99,55,52,67,102,81,77,27,123,6,36" hai3="124,106,65,94,69,7,53,11,116,18,10,115,60"/><V14/><F123/><W131/><G116/><T75/><D108/><U87/><E74/><V43/><F67/><W64/><G106/><T30/><D105/><U111/><E120/><V84/><F132/><W31/><G131/><N who="1" m="50218" /><E119/><V29/><F43/><W95/><G124/><T47/><D47/><U78/><E78/><V4/><F36/><W42/><G42/><T34/><D34/><U100/><E127/><V129/><F129/><W3/><G31/><T39/><D39/><U44/><E114/><V86/><F84/><W133/><G133/><T38/><D38/><U122/><E122/><V49/><F55/><W79/><G79/><T59/><D59/><U46/><E100/><V1/><F1/><W57/><G115/><T41/><D33/><U71/><E90/><V45/><F14/><W40/><G40/><T112/><D112/><U134/><E87/><V23/><REACH who="2" step="1"/><F27/><REACH who="2" ten="310,243,197,240" step="2"/><W135/><G135/><T93/><D75/><U104/><E134/><V20/><F20/><W2/><G65/><N who="0" m="39127" /><D72/><U5/><E109/><V88/><F88/><W89/><G89/><T70/><D41/><N who="1" m="24591" /><E111/><V68/><F68/><W126/><G126/><T85/><D70/><U66/><E66/><V80/><F80/><AGARI ba="0,1" hai="13,15,22,25,30,80,82,83,85,91,93" m="39127" machi="80" ten="30,1000,0" yaku="8,1" doraHai="96" who="0" fromWho="2" sc="310,20,243,0,197,-10,240,0" /><INIT seed="3,0,0,2,4,2" ten="330,243,187,240" oya="3" hai0="30,89,37,26,93,45,34,3,135,52,107,56,31" hai1="19,57,122,95,96,129,87,99,73,65,106,46,66" hai2="28,110,119,98,53,47,128,90,38,60,25,80,13" hai3="101,23,36,16,61,42,41,55,64,62,121,102,132"/><W81/><G121/><T118/><D118/><U44/><E122/><V35/><F119/><W32/><G32/><T85/><D135/><U109/><E73/><V4/><F128/><W86/><G132/><T76/><D107/><U27/><E129/><V58/><F110/><W78/><G55/><T43/><D3/><U88/><E109/><V126/><F126/><W63/><G64/><N who="1" m="24682" /><E57/><V71/><F71/><W117/><G117/><T0/><D0/><U14/><E27/><V74/><F74/><W54/><G54/><T127/><D127/><U18/><E18/><V130/><F130/><W7/><G7/><T1/><D1/><U94/><E106/><V68/><F68/><W133/><G133/><T24/><D76/><U112/><E112/><V104/><F104/><W8/><G8/><T115/><D115/><U105/><E105/><V77/><F77/><W12/><REACH who="3" step="1"/><G36/><REACH who="3" ten="330,243,187,230" step="2"/><T79/><D37/><U33/><E33/><V84/><F38/><W111/><G111/><T82/><D34/><U103/><E87/><V92/><F47/><W5/><G5/><T113/><D45/><U75/><E75/><V72/><F72/><W100/><AGARI ba="0,1" hai="12,16,23,41,42,61,62,63,78,81,86,100,101,102" machi="100" ten="30,11700,0" yaku="1,1,0,1,8,1,54,1,53,0" doraHai="2" doraHaiUra="125" who="3" fromWho="3" sc="330,-39,243,-39,187,-39,230,127" /><INIT seed="3,1,0,5,4,38" ten="291,204,148,357" oya="3" hai0="70,44,112,17,103,128,14,97,42,9,58,22,132" hai1="116,67,0,101,80,76,1,48,108,5,90,127,60" hai2="16,93,39,55,135,47,7,119,126,6,92,82,121" hai3="84,77,62,57,98,122,123,124,40,114,21,104,133"/><W28/><G114/><T75/><D128/><U79/><E108/><V130/><F119/><W71/><G71/><T87/><D132/><U54/><E116/><V56/><F121/><W59/><G133/><T20/><D75/><U91/><E127/><V109/><F135/><W134/><G134/><T10/><D70/><U66/><E101/><V115/><F115/><W30/><G124/><T69/><D69/><U65/><E60/><V53/><F126/><W94/><G104/><T100/><D112/><U88/><E5/><V8/><F109/><W45/><G122/><T73/><D73/><U52/><E48/><V51/><F82/><W85/><G59/><T11/><D87/><U41/><E41/><V2/><F130/><W86/><G77/><N who="1" m="29770" /><E80/><V107/><F107/><W113/><G21/><T29/><D58/><U110/><E110/><V74/><F74/><W118/><G123/><T24/><REACH who="0" step="1"/><D97/><REACH who="0" ten="281,204,148,357" step="2"/><U129/><E129/><V26/><F56/><W72/><G72/><T120/><D120/><U33/><E33/><V49/><F47/><W25/><G113/><T95/><D95/><U99/><E99/><V23/><F93/><W64/><G118/><T125/><D125/><U81/><E81/><V96/><F92/><W43/><G45/><T13/><D13/><U68/><E68/><V3/><F96/><W105/><G105/><T12/><D12/><U117/><E117/><V35/><F3/><AGARI ba="1,1" hai="0,1,3,52,54,65,66,67,88,90,91" m="29770" machi="3" ten="40,8000,1" yaku="28,2,54,2" doraHai="38" who="1" fromWho="2" sc="281,0,204,93,148,-83,357,0" /><INIT seed="4,0,0,5,5,103" ten="281,297,65,357" oya="0" hai0="1,51,18,100,13,43,134,54,72,107,11,26,47" hai1="57,120,44,46,33,35,8,40,113,126,65,83,102" hai2="59,132,10,32,60,112,20,42,6,119,30,2,29" hai3="87,53,9,78,73,99,64,7,79,66,90,127,108"/><T118/><D118/><U123/><E126/><V105/><F112/><W15/><G127/><T116/><D116/><U17/><E113/><V62/><F119/><W58/><G108/><T121/><D121/><U55/><E65/><N who="3" m="25194" /><G99/><T63/><D134/><U52/><E83/><V77/><F77/><W115/><G73/><T21/><D72/><U27/><E8/><V24/><F42/><W69/><G69/><T22/><D1/><U68/><E27/><V61/><F132/><W45/><G45/><T36/><D63/><U80/><E80/><V96/><F30/><W110/><G110/><T25/><D25/><U71/><E102/><V133/><F133/><W74/><G74/><T85/><D85/><U56/><E17/><V14/><F96/><W3/><G3/><T124/><D124/><U89/><E89/><V98/><F98/><W16/><G7/><T88/><D100/><U49/><E49/><V4/><F4/><W135/><G115/><T114/><D114/><U92/><REACH who="1" step="1"/><E40/><REACH who="1" ten="281,287,65,357" step="2"/><V111/><F111/><W122/><G135/><T106/><D88/><U109/><E109/><V75/><F75/><W19/><G19/><T93/><D26/><U38/><E38/><V31/><F31/><W39/><G39/><T84/><D36/><U82/><E82/><V97/><F97/><W67/><G122/><T101/><D43/><U129/><E129/><V76/><F76/><W86/><G79/><T50/><D101/><U91/><E91/><V0/><F0/><W70/><G78/><T95/><D51/><U125/><E125/><V37/><F37/><W5/><G90/><RYUUKYOKU ba="0,1" sc="281,-10,287,30,65,-10,357,-10" hai1="33,35,44,46,52,55,56,57,68,71,92,120,123" /><INIT seed="5,1,1,5,5,9" ten="271,317,55,347" oya="1" hai0="23,91,94,25,73,48,51,57,100,114,108,128,92" hai1="11,134,124,43,7,103,104,93,97,3,36,28,109" hai2="69,45,16,82,27,20,115,34,132,117,121,70,72" hai3="77,74,58,125,76,88,62,78,38,47,50,107,86"/><U17/><E134/><V8/><F121/><W101/><G125/><T111/><D114/><U30/><E124/><V130/><F115/><W112/><G112/><T133/><D133/><U95/><E109/><V22/><F132/><W123/><G38/><T1/><D128/><U67/><E67/><V10/><F130/><W116/><G123/><T79/><D1/><U90/><E93/><V40/><F117/><W65/><G116/><T56/><D79/><U89/><E90/><V71/><F34/><W119/><G119/><T29/><D73/><U5/><E5/><V80/><F22/><W39/><G39/><T127/><D127/><U81/><E81/><V68/><N who="2" m="17408" /><DORA hai="4" /><V21/><F21/><W120/><G120/><T99/><D111/><U126/><E126/><V33/><F33/><W85/><G74/><T31/><D31/><U118/><E118/><V18/><F82/><N who="3" m="49239" /><G101/><T66/><D108/><U49/><E36/><V6/><F6/><W96/><G96/><N who="0" m="57375" /><D57/><U63/><E103/><V42/><F18/><W12/><G107/><T35/><D35/><U64/><E17/><V0/><F0/><W110/><G110/><T53/><D66/><U98/><E104/><V41/><REACH who="2" step="1"/><F45/><REACH who="2" ten="271,317,45,347" step="2"/><W52/><G12/><T113/><D113/><U106/><E3/><V60/><F60/><AGARI ba="1,2" hai="23,25,29,48,51,53,56,60,94,99,100" m="57375" machi="60" ten="30,1000,0" yaku="8,1" doraHai="9,4" who="0" fromWho="2" sc="271,33,317,0,45,-13,347,0" /><INIT seed="6,0,0,1,0,129" ten="304,317,32,347" oya="2" hai0="75,104,122,28,112,12,68,43,37,117,76,94,116" hai1="131,99,101,109,35,96,6,2,32,114,82,86,69" hai2="13,18,15,41,126,27,128,29,52,85,95,58,80" hai3="88,110,62,55,3,54,64,78,5,31,34,130,118"/><V4/><F128/><W115/><G110/><T17/><D68/><U61/><E109/><V73/><F126/><W38/><G118/><T59/><D104/><U56/><E131/><V51/><F73/><W134/><G38/><T22/><D122/><U66/><E114/><V123/><F123/><W53/><G130/><T42/><D37/><U67/><E2/><V7/><F95/><W83/><G134/><T40/><D112/><U87/><E6/><V90/><F13/><W77/><G115/><T71/><D71/><U135/><E135/><V81/><F81/><W93/><G34/><T100/><D28/><U47/><E47/><V36/><F41/><W125/><G31/><T91/><D100/><U120/><E120/><V119/><F36/><W19/><G19/><T102/><D102/><U92/><E96/><V10/><REACH who="2" step="1"/><F119/><REACH who="2" ten="304,317,22,347" step="2"/><W21/><G93/><T132/><D117/><U26/><E82/><V72/><F72/><W63/><G83/><T84/><D116/><U97/><E92/><V48/><F48/><W106/><G125/><T33/><D75/><U14/><E14/><V9/><F9/><W98/><G3/><T127/><D127/><U44/><E101/><V57/><F57/><W30/><G106/><T103/><D59/><U121/><E56/><V23/><AGARI ba="0,1" hai="4,7,10,15,18,23,27,29,51,52,58,80,85,90" machi="23" ten="20,18000,2" yaku="1,1,0,1,7,1,8,1,54,1,53,2" doraHai="129" doraHaiUra="0" who="2" fromWho="2" sc="304,-60,317,-60,22,190,347,-60" /><INIT seed="6,1,0,3,4,95" ten="244,257,212,287" oya="2" hai0="15,31,40,129,3,7,90,51,2,10,14,12,111" hai1="18,97,62,114,118,127,99,132,128,131,37,110,82" hai2="75,81,13,35,53,5,74,46,36,101,98,19,85" hai3="121,69,94,130,106,45,116,100,103,119,70,105,49"/><V28/><F5/><W8/><G121/><T4/><D90/><U93/><E110/><V76/><F35/><W34/><G34/><T122/><D51/><U102/><E118/><V60/><F28/><W125/><G125/><T134/><D40/><U80/><E37/><V57/><F46/><W107/><G130/><N who="1" m="49706" /><E127/><V16/><F36/><W135/><G135/><T59/><D59/><U25/><E132/><V92/><REACH who="2" step="1"/><F19/><REACH who="2" ten="244,257,202,287" step="2"/><W52/><G116/><T21/><D129/><U78/><E18/><V88/><F88/><W61/><G119/><T123/><D134/><U30/><E30/><V58/><F58/><W89/><G70/><T79/><D111/><U124/><E124/><V20/><AGARI ba="1,1" hai="13,16,20,53,57,60,74,75,76,81,85,92,98,101" machi="20" ten="20,12000,1" yaku="1,1,0,1,7,1,52,1,54,1,53,0" doraHai="95" doraHaiUra="6" who="2" fromWho="2" sc="244,-41,257,-41,202,133,287,-41" /><INIT seed="6,2,0,0,0,110" ten="203,216,335,246" oya="2" hai0="72,66,54,121,116,16,61,76,45,117,31,8,57" hai1="131,73,62,0,63,80,135,53,22,124,48,85,42" hai2="86,64,29,126,93,88,21,55,108,12,118,39,58" hai3="20,5,1,50,49,79,82,91,38,106,102,14,17"/><V87/><F39/><W65/><G38/><T99/><D121/><U104/><E73/><V75/><F75/><W35/><G35/><T40/><D31/><U7/><E124/><V125/><F118/><N who="0" m="45674" /><D76/><U13/><E104/><V120/><F120/><W11/><G65/><T15/><D72/><U105/><E105/><V127/><F64/><W89/><G102/><T115/><D99/><U10/><E42/><V36/><F36/><W69/><G69/><T18/><D115/><U26/><E0/><V77/><F108/><W47/><G106/><T3/><D3/><U132/><E131/><V119/><F119/><W2/><G50/><N who="0" m="26919" /><D66/><U28/><E132/><V56/><F29/><W30/><G30/><T24/><D24/><U70/><E70/><V51/><F58/><W60/><G60/><T4/><AGARI ba="2,0" hai="4,8,15,16,18,54,57,61" m="26919,45674" machi="4" ten="30,2000,0" yaku="12,1,54,1" doraHai="110" who="0" fromWho="0" sc="203,26,216,-7,335,-12,246,-7" /><INIT seed="7,0,0,2,2,109" ten="229,209,323,239" oya="3" hai0="99,26,41,131,86,128,127,67,85,110,96,10,135" hai1="117,50,106,36,54,87,8,79,30,77,3,100,31" hai2="56,81,78,60,123,74,69,11,120,15,25,44,47" hai3="40,27,129,42,2,108,21,124,38,63,93,132,92"/><W1/><G108/><T65/><D110/><U57/><E36/><V103/><F25/><W29/><G129/><N who="0" m="49739" /><D41/><U18/><E117/><V91/><F69/><W80/><G132/><T58/><D58/><U119/><E119/><V122/><F91/><W49/><G38/><T13/><D26/><U83/><E79/><V118/><F103/><W17/><G124/><T101/><D99/><U72/><E72/><V62/><F118/><W82/><G2/><T23/><D23/><U125/><E125/><V20/><F20/><W5/><G5/><N who="0" m="3279" /><D135/><U43/><E43/><V53/><F62/><W51/><G1/><T59/><D59/><U48/><E18/><AGARI ba="0,0" hai="11,15,18,44,47,53,56,60,74,78,81,120,122,123" machi="18" ten="40,1300,0" yaku="13,1" doraHai="109" who="2" fromWho="1" sc="229,0,209,-13,323,13,239,0" owari="229,-17.0,196,-30.0,336,43.0,239,4.0" /></mjloggm>