<mjloggm ver="2.3"><GO type="169" lobby="0"/><UN n0="%61%6E%6C%75%6E" n1="%62%6F%79%61%74%65%74%75" n2="%E7%A5%9E%E6%9E%B6%E3%82%BF%E3%82%A4%E3%82%BF%E3%83%8B%E3%83%83%E3%82%AF" n3="%69%6B%65%64%61%64%61" dan="16,16,16,16" rate="2119.44,2114.44,2038.41,2158.14" sx="M,M,M,M"/><TAIKYOKU oya="0"/><INIT seed="0,0,0,0,5,123" ten="250,250,250,250" oya="0" hai0="74,129,64,25,76,54,124,5,115,88,90,77,41" hai1="33,97,71,2,29,43,46,21,11,58,31,0,98" hai2="106,100,73,8,57,134,107,32,95,117,128,22,44" hai3="82,59,131,103,39,108,3,24,118,132,6,133,102"/><T35/><D115/><U83/><E71/><V17/><F32/><W101/><G118/><T93/><D41/><U55/><E33/><V61/><F73/><W12/><G39/><T120/><D120/><U7/><E0/><V20/><F128/><W113/><G113/><T42/><D129/><U72/><E97/><V92/><F134/><W80/><G3/><T48/><D42/><U13/><E98/><V49/><F117/><W60/><G24/><T23/><D35/><U130/><E130/><V99/><F8/><N who="3" m="4119" /><G131/><T27/><D64/><U62/><E13/><V81/><F81/><W28/><G28/><T116/><D116/><U85/><E21/><V114/><F22/><W14/><G14/><T96/><D74/><U112/><E112/><V87/><F87/><W111/><G82/><T91/><D5/><U68/><E68/><V67/><F107/><W38/><G80/><T45/><D27/><U26/><E26/><V109/><F114/><W40/><G40/><T47/><D47/><U70/><E70/><V75/><F75/><W78/><G78/><N who="0" m="30315" /><D124/><U89/><REACH who="1" step="1"/><E72/><REACH who="1" ten="250,240,250,250" step="2"/><V9/><F20/><W84/><G38/><AGARI ba="0,1" hai="2,7,11,29,31,38,43,46,55,58,62,83,85,89" machi="38" ten="30,7700,0" yaku="1,1,2,1,7,1,53,1" doraHai="123" doraHaiUra="4" who="1" fromWho="3" sc="250,0,240,87,250,0,250,-77" /><INIT seed="1,0,0,5,1,129" ten="250,327,250,173" oya="1" hai0="19,99,12,62,68,96,40,9,1,78,7,44,25" hai1="106,90,100,38,75,121,26,104,43,86,67,39,110" hai2="84,22,52,98,54,126,59,42,50,23,69,71,105" hai3="118,115,8,112,116,92,29,88,107,87,55,66,119"/><U31/><E121/><V13/><F126/><W135/><G66/><T15/><D78/><U21/><E75/><V63/><F42/><W83/><G29/><T46/><D46/><U130/><E130/><V125/><F125/><W133/><G8/><T47/><D47/><U65/><E110/><V79/><F105/><W16/><G16/><T45/><D45/><U94/><E106/><V28/><F98/><N who="3" m="57607" /><G107/><T17/><D25/><U93/><E104/><V20/><F28/><W53/><G55/><T36/><D68/><U48/><E39/><V82/><REACH who="2" step="1"/><F13/><REACH who="2" ten="250,327,240,173" step="2"/><W6/><G53/><T58/><D15/><U18/><E31/><V122/><F122/><W49/><G49/><T97/><REACH who="0" step="1"/><D12/><REACH who="0" ten="240,327,240,173" step="2"/><U30/><E26/><V85/><F85/><W117/><G117/><T128/><D128/><U103/><E86/><V114/><F114/><N who="3" m="43563" /><G6/><T102/><D102/><U134/><E103/><V56/><AGARI ba="0,2" hai="20,22,23,50,52,54,56,59,63,69,71,79,82,84" machi="56" ten="30,4000,0" yaku="1,1,0,1,54,1,53,0" doraHai="129" doraHaiUra="124" who="2" fromWho="2" sc="240,-10,327,-20,240,60,173,-10" /><INIT seed="2,0,0,4,0,9" ten="230,307,300,163" oya="2" hai0="126,89,63,45,104,94,46,70,93,16,77,110,86" hai1="41,113,84,109,61,118,57,97,129,21,67,123,11" hai2="127,19,92,33,68,78,14,35,7,99,3,80,26" hai3="115,66,117,23,27,40,101,44,108,37,131,112,132"/><V25/><F68/><W60/><G117/><T122/><D122/><U5/><E118/><V105/><F105/><W29/><G108/><T73/><D110/><U119/><E109/><V128/><F128/><W18/><G131/><T88/><D104/><U34/><E119/><V98/><F127/><W43/><G132/><T76/><D126/><U6/><E129/><V75/><F98/><W71/><G101/><T12/><D73/><U13/><E113/><V62/><F62/><W36/><G18/><T58/><D70/><U49/><E34/><V102/><F3/><W100/><G100/><T17/><D17/><U125/><E123/><V65/><F65/><W135/><G135/><T50/><D50/><U120/><E120/><V64/><F64/><W133/><G133/><T51/><D51/><U52/><E41/><V106/><F7/><W116/><G116/><T91/><D76/><U82/><E97/><V85/><F33/><W28/><G28/><T72/><D72/><U111/><E111/><V10/><F35/><W30/><REACH who="3" step="1"/><G29/><REACH who="3" ten="230,307,300,153" step="2"/><T124/><D124/><U79/><E125/><V0/><F0/><W39/><G39/><T20/><D94/><U38/><E38/><V74/><F74/><W53/><G53/><N who="0" m="34255" /><D93/><U2/><E21/><V87/><F87/><W42/><G42/><T69/><D69/><U1/><REACH who="1" step="1"/><E5/><REACH who="1" ten="230,297,300,153" step="2"/><V103/><F103/><W47/><AGARI ba="0,2" hai="23,27,30,36,37,40,43,44,47,60,66,71,112,115" machi="47" ten="30,4000,0" yaku="1,1,0,1,9,1,53,0" doraHai="9" doraHaiUra="134" who="3" fromWho="3" sc="230,-10,297,-10,300,-20,153,60" /><INIT seed="3,0,0,3,2,9" ten="220,287,280,213" oya="3" hai0="14,21,77,36,42,68,2,111,57,134,123,29,52" hai1="62,70,33,75,19,128,66,76,126,88,67,53,12" hai2="6,93,99,113,110,127,24,102,45,63,121,31,35" hai3="11,106,61,15,107,97,13,119,55,23,58,80,114"/><W8/><G119/><T18/><D123/><U59/><E126/><V26/><F113/><W122/><G122/><T60/><D111/><U94/><E128/><V78/><F121/><W50/><G114/><T103/><D134/><U87/><E33/><V132/><F132/><W51/><G23/><T82/><D2/><U125/><E125/><V91/><F127/><W112/><G112/><T49/><D103/><U74/><E76/><V65/><F110/><W131/><G131/><T85/><D36/><U28/><E28/><V16/><F6/><N who="3" m="3223" /><G107/><T30/><D68/><U47/><E47/><AGARI ba="0,0" hai="14,18,21,29,30,42,47,49,52,57,60,77,82,85" machi="47" ten="40,5200,0" yaku="8,1,52,1,54,1" doraHai="9" who="0" fromWho="1" sc="220,52,287,-52,280,0,213,0" /><INIT seed="4,0,0,3,2,37" ten="272,235,280,213" oya="0" hai0="74,22,130,121,50,87,75,70,99,49,128,71,127" hai1="97,20,124,105,122,10,34,27,120,23,94,107,39" hai2="134,59,123,52,113,135,5,14,25,110,58,89,38" hai3="29,88,3,86,80,35,31,40,104,84,77,11,98"/><T36/><D121/><U12/><E39/><V60/><F123/><W78/><G35/><T125/><D36/><U79/><E124/><N who="0" m="47689" /><D87/><U76/><E34/><V2/><F110/><W66/><G66/><T102/><D22/><U15/><E94/><V108/><F108/><W116/><G116/><T109/><D109/><U81/><E10/><N who="2" m="4431" /><F2/><W117/><G117/><T54/><D99/><U53/><E97/><V114/><F38/><W8/><G3/><T73/><D102/><U17/><E53/><N who="2" m="33871" /><F89/><W1/><G1/><T57/><D50/><U21/><E21/><V32/><F25/><W18/><G78/><T118/><D118/><U91/><E91/><V103/><F103/><W9/><G77/><T129/><AGARI ba="0,0" hai="49,54,57,70,71,73,74,75,128,129,130" m="47689" machi="129" ten="50,4800,0" yaku="19,1,18,1" doraHai="37" who="0" fromWho="0" sc="272,48,235,-16,280,-16,213,-16" /><INIT seed="4,1,0,1,2,33" ten="320,219,264,197" oya="0" hai0="110,134,74,0,123,4,79,17,21,59,90,103,126" hai1="7,75,42,99,12,22,41,91,95,69,10,37,94" hai2="18,120,36,73,80,81,68,54,30,31,3,53,20" hai3="26,101,32,63,67,38,124,35,77,23,116,86,85"/><T88/><D123/><U44/><E69/><V130/><F68/><W71/><G116/><T104/><D126/><U83/><E42/><V66/><F66/><W82/><G38/><T14/><D134/><U46/><E46/><V78/><F36/><W70/><G124/><T9/><D110/><U64/><E64/><V128/><F120/><W125/><G125/><T47/><D103/><U72/><E83/><V52/><F80/><W100/><G71/><T112/><D104/><U117/><E117/><V133/><F3/><W56/><G70/><T34/><D112/><U49/><E37/><V40/><F40/><W97/><G86/><T29/><D47/><U119/><E119/><V27/><REACH who="2" step="1"/><F133/><REACH who="2" ten="320,219,254,197" step="2"/><W96/><G35/><T13/><D34/><U102/><REACH who="1" step="1"/><E22/><REACH who="1" ten="320,209,254,197" step="2"/><V57/><F57/><W28/><REACH who="3" step="1"/><G32/><REACH who="3" ten="320,209,254,187" step="2"/><T16/><D21/><U105/><E105/><V107/><F107/><W109/><G109/><T55/><D29/><AGARI ba="1,3" hai="18,20,27,29,30,31,52,53,54,73,78,81,128,130" machi="29" ten="40,2600,0" yaku="1,1,54,1,53,0" doraHai="33" doraHaiUra="84" who="2" fromWho="0" sc="320,-29,209,0,254,59,187,0" /><INIT seed="5,0,0,1,1,26" ten="291,209,313,187" oya="1" hai0="83,75,52,80,127,59,126,12,76,89,107,72,70" hai1="81,95,123,5,53,109,19,131,63,94,4,113,68" hai2="91,66,99,13,40,111,130,27,74,78,0,125,71" hai3="11,23,73,47,85,16,43,101,50,112,28,38,61"/><U122/><E113/><V104/><F0/><W90/><G112/><T42/><D70/><U57/><E131/><V25/><F40/><W20/><G73/><T3/><D3/><U46/><E109/><V87/><F111/><W102/><G38/><T9/><D107/><U86/><E68/><V32/><F13/><N who="3" m="7231" /><G61/><T58/><D42/><U30/><E19/><V18/><F18/><W8/><G8/><T93/><D59/><U115/><E115/><V15/><F15/><W10/><G10/><T34/><D34/><U29/><E122/><V135/><F125/><N who="0" m="47626" /><D76/><N who="1" m="46375" /><E46/><V65/><F32/><W17/><G17/><N who="0" m="8335" /><D75/><U51/><E63/><V77/><F74/><W37/><G37/><T55/><D72/><U48/><E48/><V22/><F71/><W103/><G28/><N who="1" m="10858" /><E123/><V14/><F104/><W1/><G1/><T45/><D45/><U124/><E124/><V35/><F35/><W62/><G62/><N who="0" m="36167" /><D55/><U117/><E117/><V39/><F39/><W56/><G56/><T114/><D114/><U132/><E132/><V92/><F135/><W100/><N who="3" m="25600" /><DORA hai="41" /><W67/><G67/><T110/><D110/><U31/><N who="1" m="10866" /><U120/><DORA hai="64" /><E120/><V36/><F66/><W2/><G2/><T105/><D105/><U60/><E60/><V119/><F65/><W33/><G33/><T7/><D7/><AGARI ba="0,0" hai="4,5,7,51,53,57,94,95" m="10866,46375" machi="7" ten="30,12000,1" yaku="8,1,52,4" doraHai="26,41,64" who="1" fromWho="0" sc="291,-120,209,120,313,0,187,0" /><INIT seed="5,1,0,4,4,130" ten="171,329,313,187" oya="1" hai0="83,101,53,111,33,2,93,21,108,115,67,84,60" hai1="7,65,42,79,28,133,123,50,31,89,126,80,57" hai2="106,39,30,0,70,41,74,12,59,103,72,58,90" hai3="125,5,120,55,56,26,124,29,119,128,78,3,132"/><U43/><E123/><V94/><F70/><W86/><G120/><T71/><D33/><U47/><E126/><N who="3" m="48746" /><G5/><T110/><D115/><U35/><E42/><V122/><F0/><W52/><G3/><T96/><D2/><U20/><E35/><V95/><F30/><W63/><G128/><T13/><D53/><U121/><E121/><V11/><F95/><W1/><G1/><T68/><D68/><U44/><E7/><V91/><F91/><W112/><G112/><T64/><D64/><U23/><E89/><V25/><F25/><W36/><G36/><T85/><D83/><U6/><E6/><V100/><F72/><W24/><G119/><T129/><D129/><U51/><E80/><V10/><F74/><W98/><G98/><T16/><AGARI ba="1,0" hai="13,16,21,60,67,71,84,85,93,96,101,108,110,111" machi="16" ten="40,2700,0" yaku="0,1,54,1" doraHai="130" who="0" fromWho="0" sc="171,30,329,-14,313,-8,187,-8" /><INIT seed="6,0,0,1,5,122" ten="201,315,305,179" oya="2" hai0="127,30,71,49,80,97,63,70,48,109,14,72,24" hai1="64,41,133,46,66,31,36,67,47,100,113,23,28" hai2="79,35,53,62,12,54,16,101,117,58,8,59,86" hai3="128,73,81,26,93,134,32,111,115,83,130,55,61"/><V95/><F117/><W105/><G105/><T104/><D127/><U34/><E34/><V37/><F35/><W77/><G134/><T19/><D71/><U43/><E133/><V78/><F37/><W15/><G15/><T114/><D114/><U56/><E113/><V11/><F11/><W40/><G40/><T50/><D80/><U135/><E135/><V18/><F18/><W110/><G115/><T51/><D72/><U9/><E100/><V112/><F112/><W45/><G83/><T106/><D106/><U65/><E9/><V96/><REACH who="2" step="1"/><F86/><REACH who="2" ten="201,315,295,179" step="2"/><W25/><G32/><T108/><D19/><U118/><E118/><V116/><F116/><W39/><G39/><T120/><D120/><U98/><E23/><V5/><F5/><W38/><G38/><T27/><D14/><U119/><E119/><V121/><F121/><W10/><G10/><T132/><D132/><U44/><E36/><V7/><F7/><W20/><G20/><T74/><D74/><U57/><E98/><V91/><F91/><W103/><G25/><T84/><D84/><U102/><E102/><V60/><AGARI ba="0,1" hai="8,12,16,53,54,58,59,60,62,78,79,95,96,101" machi="60" ten="20,18000,2" yaku="1,1,0,1,7,1,9,1,8,1,54,1,53,0" doraHai="122" doraHaiUra="69" who="2" fromWho="2" sc="201,-60,315,-60,295,190,179,-60" /><INIT seed="6,1,0,1,3,24" ten="141,255,485,119" oya="2" hai0="50,119,36,133,22,120,87,48,100,20,83,115,71" hai1="93,55,13,69,42,88,61,57,132,29,84,99,12" hai2="34,124,94,27,103,25,2,3,54,79,76,108,125" hai3="122,102,39,121,46,116,32,1,7,23,82,44,5"/><V16/><F108/><W30/><G116/><T80/><D120/><U104/><E132/><V113/><F113/><W21/><G102/><T58/><D71/><U4/><E69/><V33/><F54/><W66/><G66/><T10/><D36/><U38/><E38/><V85/><F103/><W35/><G39/><T106/><D115/><U37/><E37/><V78/><F94/><W43/><G82/><T77/><D133/><U129/><E42/><V49/><F85/><W28/><REACH who="3" step="1"/><G1/><REACH who="3" ten="141,255,485,109" step="2"/><T130/><D119/><U73/><E104/><V68/><F2/><W111/><G111/><T8/><D100/><U31/><E129/><V90/><F3/><W128/><G128/><T134/><D130/><U117/><E117/><V97/><F124/><W26/><G26/><T51/><D134/><U9/><E73/><V56/><F27/><W40/><AGARI ba="1,1" hai="5,7,21,23,28,30,32,35,40,43,44,46,121,122" machi="40" ten="25,16000,3" yaku="1,1,0,1,22,2,52,2,53,2" doraHai="24" doraHaiUra="118" who="3" fromWho="3" sc="141,-41,255,-41,485,-81,109,173" /><INIT seed="7,0,0,4,3,68" ten="100,214,404,282" oya="3" hai0="17,80,79,129,13,119,78,63,54,134,120,31,125" hai1="28,76,34,15,0,110,25,107,114,9,40,90,26" hai2="55,94,56,75,8,19,131,128,88,108,135,102,62" hai3="70,82,95,123,16,67,1,43,130,106,74,89,21"/><W36/><G123/><T91/><D119/><U32/><E107/><V121/><F121/><W2/><G106/><T24/><D120/><U30/><E76/><V66/><F75/><W51/><G51/><T83/><D125/><U71/><E90/><V133/><F102/><W86/><G130/><N who="2" m="49705" /><F108/><W38/><G67/><T104/><D129/><U96/><E96/><N who="2" m="57415" /><F19/><W98/><G70/><T112/><D104/><U39/><E71/><N who="2" m="42455" /><F8/><W10/><G74/><T42/><D134/><U58/><E110/><V116/><F116/><W101/><G43/><T35/><D112/><U93/><E93/><V124/><F124/><W87/><G87/><T81/><D42/><U122/><E58/><V84/><F84/><W44/><G44/><T109/><D109/><U127/><E0/><V47/><F47/><W22/><G22/><T27/><D91/><U57/><E57/><V115/><F115/><W73/><G73/><T37/><D27/><U11/><E114/><V126/><F126/><W23/><G23/><T4/><D4/><U52/><E127/><V33/><F33/><W100/><G100/><T3/><D3/><U113/><E40/><V92/><F92/><W53/><G53/><T48/><D79/><U49/><E34/><V29/><F29/><W5/><G1/><T50/><D78/><U14/><E32/><V132/><F132/><W65/><G65/><T69/><D37/><U77/><E39/><V45/><F45/><W99/><G99/><T46/><D46/><U105/><E113/><V59/><F59/><W61/><G61/><AGARI ba="0,0" hai="55,56,61,133,135" m="42455,57415,49705" machi="61" ten="30,2000,0" yaku="19,1,54,1" doraHai="68" who="2" fromWho="3" sc="100,0,214,0,404,20,282,-20" owari="100,-40.0,214,-19.0,424,53.0,262,6.0" /></mjloggm>