<mjloggm ver="2.3"><GO type="169" lobby="0"/><UN n0="%E7%B6%BE%E7%80%AC%E5%B8%82%E6%B0%91" n1="%E3%82%84%E3%81%8F%E3%81%97%E3%81%BE%E3%82%8B%E3%81%88%E3%81%A4%E3%81%93" n2="%E3%81%8B%E3%81%8B%E3%81%8B%E3%81%8B" n3="%E8%99%8E%E7%8D%85%E3%81%8F%E3%82%93" dan="17,16,16,17" rate="2133.29,2070.84,2101.03,2214.04" sx="M,F,M,M"/><TAIKYOKU oya="0"/><INIT seed="0,0,0,3,2,27" ten="250,250,250,250" oya="0" hai0="31,103,115,112,1,9,15,96,53,45,32,135,101" hai1="22,123,71,93,85,70,80,57,114,55,6,100,126" hai2="75,111,88,121,69,118,134,19,4,59,83,62,58" hai3="122,16,10,102,21,8,65,37,95,20,84,25,41"/><T42/><D135/><U98/><E123/><V109/><F121/><W90/><G122/><T50/><D1/><U60/><E126/><V72/><F134/><W120/><G120/><T99/><D32/><U63/><E114/><V49/><F69/><W28/><G65/><T113/><D31/><U89/><E6/><V105/><F105/><W92/><G41/><T97/><REACH who="0" step="1"/><D42/><REACH who="0" ten="240,250,250,250" step="2"/><U129/><E129/><V119/><F119/><W82/><G37/><T107/><D107/><U125/><E125/><V73/><F118/><W34/><G34/><T3/><D3/><U5/><E5/><AGARI ba="0,1" hai="5,9,15,45,50,53,96,97,99,101,103,112,113,115" machi="5" ten="50,2400,0" yaku="1,1,53,0" doraHai="27" doraHaiUra="18" who="0" fromWho="1" sc="240,34,250,-24,250,0,250,0" /><INIT seed="0,1,0,5,3,130" ten="274,226,250,250" oya="0" hai0="58,123,79,32,61,107,67,38,117,28,83,125,111" hai1="46,47,14,84,55,124,19,85,92,98,24,22,45" hai2="82,101,51,78,21,3,135,100,40,17,76,81,66" hai3="133,64,103,72,25,36,77,114,0,20,75,12,41"/><T106/><D117/><U110/><E110/><V70/><F3/><W99/><G114/><T5/><D123/><U121/><E121/><V48/><F66/><W57/><G0/><T89/><D125/><U104/><E104/><V122/><F70/><W50/><G36/><T56/><D38/><U120/><E120/><V30/><F30/><W74/><G12/><T54/><D89/><U6/><E124/><V4/><F4/><W118/><G118/><T43/><D43/><U134/><E134/><V127/><F122/><W1/><G1/><T29/><D5/><U105/><E105/><V62/><F62/><W37/><G37/><T9/><D9/><U7/><E55/><V119/><F119/><W52/><G41/><T34/><D29/><U44/><N who="1" m="11264" /><DORA hai="10" /><U108/><E108/><V94/><F94/><W16/><G64/><T97/><D28/><U2/><E2/><V131/><F131/><W65/><G65/><T93/><D107/><U15/><E6/><V102/><F40/><W49/><G133/><T71/><D106/><U42/><E42/><V132/><F101/><W68/><G68/><T73/><D71/><U115/><E115/><V86/><F21/><W95/><REACH who="3" step="1"/><G49/><REACH who="3" ten="274,226,250,240" step="2"/><N who="0" m="30799" /><D111/><U128/><E128/><V80/><F135/><W129/><G129/><T26/><D67/><U53/><E53/><V35/><F132/><W23/><G23/><T8/><D32/><U31/><E7/><V96/><F35/><W91/><G91/><T13/><D34/><N who="1" m="20839" /><E15/><V126/><F126/><W63/><G63/><T87/><D26/><U90/><E14/><V11/><F127/><RYUUKYOKU ba="1,1" sc="274,-15,226,15,250,-15,240,15" hai1="19,22,84,85,90,92,98" hai3="16,20,25,50,52,57,72,74,75,77,95,99,103" /><INIT seed="1,2,1,4,4,64" ten="259,241,235,255" oya="1" hai0="71,129,63,44,40,125,102,108,66,19,124,116,27" hai1="36,9,35,109,32,101,115,96,91,128,90,59,15" hai2="114,11,74,57,2,46,17,6,132,34,52,67,80" hai3="21,23,22,42,73,25,24,28,3,119,92,50,55"/><U83/><E115/><V133/><F34/><W61/><G119/><T43/><D102/><U58/><E36/><V49/><F114/><W31/><G73/><T135/><D27/><U113/><E113/><V76/><F67/><W47/><G3/><T107/><D19/><U68/><E68/><V121/><F121/><W33/><G92/><T126/><D107/><U4/><E128/><V75/><F75/><W56/><AGARI ba="2,1" hai="21,22,23,24,25,28,31,33,42,47,50,55,56,61" machi="56" ten="30,1100,0" yaku="0,1" doraHai="64" who="3" fromWho="3" sc="259,-5,241,-7,235,-5,255,27" /><INIT seed="2,0,0,3,1,117" ten="254,234,230,282" oya="2" hai0="31,26,44,131,126,5,124,4,8,7,30,129,118" hai1="95,128,27,60,41,40,36,92,63,32,62,59,107" hai2="87,35,65,103,53,0,68,113,28,125,2,94,1" hai3="46,43,71,130,123,3,84,91,47,29,54,33,67"/><V77/><F113/><W57/><G3/><T80/><D118/><U58/><E107/><V89/><F125/><N who="0" m="48234" /><D80/><U11/><E128/><N who="0" m="49225" /><D44/><U38/><E11/><V88/><F68/><W21/><G47/><T97/><D97/><U102/><E27/><V24/><F65/><W50/><G91/><T66/><D66/><U134/><E32/><V114/><F114/><W10/><G84/><T17/><D17/><U72/><E72/><V100/><F77/><W109/><G67/><T85/><D85/><U99/><E99/><V132/><F53/><W25/><G71/><T15/><D30/><U78/><E78/><V90/><F100/><W73/><G73/><T69/><D69/><U39/><E102/><V18/><F18/><W6/><G130/><T105/><D105/><U116/><E116/><V122/><F103/><W76/><G76/><T93/><D93/><U42/><E134/><V115/><F132/><W81/><G81/><T48/><D48/><U108/><E108/><V70/><F70/><W96/><G109/><T106/><D106/><U110/><E110/><V37/><F115/><W127/><G96/><T19/><D7/><U120/><E120/><V22/><F122/><W16/><G127/><T104/><D104/><U75/><E75/><V45/><REACH who="2" step="1"/><F35/><AGARI ba="0,0" hai="4,5,8,15,19,26,31,35" m="49225,48234" machi="35" ten="30,7700,0" yaku="18,1,19,1,34,2" doraHai="117" who="0" fromWho="2" sc="254,77,234,0,230,-77,282,0" /><INIT seed="3,0,0,2,1,16" ten="331,234,153,282" oya="3" hai0="43,93,35,96,53,66,133,85,108,60,102,128,72" hai1="63,28,21,44,36,45,84,32,121,9,86,92,107" hai2="125,39,10,31,3,41,55,75,132,57,68,61,99" hai3="115,131,114,46,69,122,59,4,14,17,65,79,111"/><W33/><G122/><T119/><D108/><U42/><E107/><V5/><F125/><W130/><G33/><T23/><D119/><U89/><E121/><V77/><F132/><W47/><G69/><T19/><D128/><N who="3" m="49193" /><G4/><T98/><D72/><U37/><E32/><V123/><F123/><W29/><G29/><T2/><D35/><U25/><E63/><V26/><F68/><W52/><G65/><T13/><D133/><U0/><E45/><N who="3" m="16906" /><G79/><T110/><D43/><U113/><E113/><V120/><F120/><W22/><G111/><T73/><D2/><U20/><E37/><V135/><F135/><W105/><G105/><T134/><D110/><U1/><E9/><V109/><F109/><W118/><G118/><T12/><D134/><U76/><REACH who="1" step="1"/><E21/><REACH who="1" ten="331,224,153,282" step="2"/><V91/><F39/><W94/><G94/><T95/><D23/><U67/><E67/><V87/><F10/><W74/><G74/><T90/><D73/><U27/><E27/><V104/><F26/><W48/><AGARI ba="0,1" hai="14,17,22,48,52,59,114,115" m="16906,49193" machi="48" ten="30,6000,0" yaku="19,1,52,1,54,1" doraHai="16" who="3" fromWho="3" sc="331,-20,224,-20,153,-20,282,70" /><INIT seed="3,1,0,2,1,61" ten="311,204,133,352" oya="3" hai0="37,1,131,123,77,35,38,91,127,52,69,83,45" hai1="29,41,56,113,102,119,82,55,66,32,78,124,128" hai2="79,44,134,130,31,40,86,73,107,54,9,21,60" hai3="51,80,20,5,16,65,85,3,114,28,98,118,115"/><W63/><G118/><T97/><D123/><U72/><E119/><V26/><F73/><W19/><G28/><T42/><D127/><U87/><E124/><V94/><F107/><W117/><G117/><T93/><D131/><U120/><E120/><V25/><F130/><W48/><G5/><T112/><D112/><U33/><E113/><V133/><F9/><W58/><G3/><T74/><D35/><U81/><E128/><V0/><F0/><W2/><G2/><T47/><D1/><U75/><E102/><V116/><F116/><W4/><G4/><T95/><D69/><U132/><E132/><N who="2" m="50795" /><F25/><W8/><G98/><T92/><REACH who="0" step="1"/><D52/><REACH who="0" ten="301,204,133,352" step="2"/><U53/><E33/><V96/><F54/><W71/><G71/><T76/><D76/><U99/><E53/><V70/><F70/><W7/><G115/><T12/><D12/><U101/><E55/><V59/><F60/><W88/><G114/><T15/><D15/><U62/><E32/><V67/><F59/><W135/><G135/><T121/><D121/><U17/><E56/><V30/><F79/><W22/><G7/><T11/><D11/><U89/><E78/><V103/><F26/><N who="3" m="14623" /><G8/><T23/><D23/><U39/><E62/><V6/><F21/><W106/><G106/><T27/><D27/><AGARI ba="1,1" hai="16,22,27,48,51,58,63,65,80,85,88" m="14623" machi="27" ten="30,11600,0" yaku="8,1,52,1,54,2" doraHai="61" who="3" fromWho="0" sc="301,-119,204,0,133,0,352,129" /><INIT seed="3,2,0,3,1,120" ten="182,204,133,481" oya="3" hai0="110,42,118,5,49,0,47,18,27,134,39,75,81" hai1="133,93,62,108,57,31,109,73,68,128,70,82,41" hai2="85,71,37,33,43,77,45,38,14,89,7,87,15" hai3="58,64,51,119,132,130,46,55,52,1,112,104,25"/><W10/><G119/><T123/><D118/><U111/><E128/><V32/><F71/><W12/><G112/><T125/><D123/><U117/><E133/><V59/><F59/><W13/><G130/><T78/><D125/><U101/><E117/><V90/><F77/><W80/><G104/><T105/><D134/><U30/><E41/><V26/><F26/><W127/><G127/><T66/><D105/><U107/><E107/><V28/><F28/><N who="1" m="10793" /><E101/><V94/><F37/><W84/><G25/><T48/><D66/><N who="1" m="39247" /><E93/><V34/><REACH who="2" step="1"/><F7/><REACH who="2" ten="182,204,123,481" step="2"/><W36/><G36/><T16/><D18/><U3/><E3/><V53/><F53/><W6/><G64/><T114/><D114/><U65/><E65/><V2/><F2/><W124/><G124/><T96/><D5/><U102/><E102/><V126/><F126/><W121/><G121/><T97/><D0/><U69/><E68/><V83/><AGARI ba="2,1" hai="14,15,32,33,34,38,43,45,83,85,87,89,90,94" machi="83" ten="30,7900,0" yaku="1,1,0,1,53,2" doraHai="120" doraHaiUra="8" who="2" fromWho="2" sc="182,-22,204,-22,123,95,481,-41" /><INIT seed="4,0,0,2,3,9" ten="160,182,218,440" oya="0" hai0="45,54,58,78,70,59,101,36,4,98,29,126,6" hai1="132,56,61,135,129,37,96,25,127,92,94,60,34" hai2="30,77,69,88,91,86,35,52,74,27,87,17,46" hai3="53,123,109,22,23,128,39,14,28,134,18,65,5"/><T26/><D126/><U51/><E37/><V124/><F69/><W48/><G109/><T104/><D70/><U119/><E119/><V67/><F67/><W49/><G39/><T32/><D78/><U66/><E127/><V110/><F74/><W118/><G118/><T24/><D26/><U50/><E129/><V1/><F1/><W76/><G5/><T85/><D85/><U11/><E94/><V121/><F121/><W122/><G134/><N who="1" m="51242" /><E61/><V44/><F77/><W112/><G112/><T64/><D64/><U80/><E11/><V79/><F79/><W3/><G3/><T8/><D6/><U2/><E80/><N who="2" m="49223" /><F110/><W131/><G65/><T7/><D4/><U115/><E2/><V100/><F100/><W41/><G122/><T83/><D83/><U108/><E115/><V42/><F42/><W133/><G123/><T99/><D99/><U72/><E72/><V47/><F30/><W63/><G133/><T43/><REACH who="0" step="1"/><D54/><REACH who="0" ten="150,182,218,440" step="2"/><U75/><E75/><V12/><F27/><N who="3" m="16503" /><G76/><T55/><D55/><U116/><E116/><V0/><F124/><W106/><G128/><T103/><D103/><N who="1" m="60807" /><E108/><V10/><F0/><AGARI ba="0,1" hai="0,7,8,24,29,32,36,43,45,58,59,98,101,104" machi="0" ten="30,2900,0" yaku="1,1,7,1,53,0" doraHai="9" doraHaiUra="90" who="0" fromWho="2" sc="150,39,182,0,218,-29,440,0" /><INIT seed="4,1,0,1,3,70" ten="189,182,189,440" oya="0" hai0="58,30,88,118,82,98,123,26,39,59,43,49,6" hai1="112,47,73,52,130,61,10,113,5,18,79,29,90" hai2="135,31,44,19,23,22,84,115,48,50,108,114,51" hai3="110,67,24,92,89,69,119,64,77,74,129,104,95"/><T21/><D118/><U101/><E130/><V38/><F108/><W8/><G104/><T54/><D123/><U125/><E125/><V120/><F120/><W71/><G110/><T94/><D6/><U11/><E101/><V121/><F121/><W36/><G24/><T32/><D58/><U93/><E29/><V12/><F135/><W46/><G8/><T80/><REACH who="0" step="1"/><D32/><REACH who="0" ten="179,182,189,440" step="2"/><U40/><E5/><V3/><F115/><W62/><G119/><T65/><D65/><U117/><E117/><V111/><F114/><W97/><G129/><T45/><AGARI ba="1,1" hai="21,26,30,39,43,45,49,54,59,80,82,88,94,98" machi="45" ten="30,11700,0" yaku="1,1,0,1,52,1,54,1,53,0" doraHai="70" doraHaiUra="132" who="0" fromWho="0" sc="179,130,182,-40,189,-40,440,-40" /><INIT seed="4,2,0,1,4,115" ten="309,142,149,400" oya="0" hai0="121,111,74,46,9,60,66,125,38,87,25,34,13" hai1="98,6,2,5,65,85,102,72,57,130,64,123,11" hai2="55,89,114,62,112,108,119,63,52,35,97,50,51" hai3="131,12,117,28,78,128,61,109,22,47,88,124,135"/><T39/><D121/><U70/><E72/><V113/><F35/><W1/><G1/><T101/><D74/><U31/><E123/><V134/><F108/><W53/><G109/><T76/><D125/><U45/><E130/><N who="3" m="49706" /><G78/><T23/><D34/><U14/><E70/><V129/><F129/><W73/><G73/><T8/><D101/><U77/><E31/><V67/><F89/><W19/><G135/><T127/><D127/><U16/><E2/><V41/><F67/><N who="1" m="25673" /><E45/><N who="2" m="25903" /><F97/><W29/><G88/><T3/><D3/><U75/><E75/><V99/><F99/><W132/><G132/><T118/><D111/><U93/><E57/><N who="2" m="35111" /><F134/><W122/><G122/><T92/><D46/><U133/><E133/><V71/><F71/><W56/><G124/><T81/><D39/><U36/><E36/><V7/><F7/><W40/><G28/><T79/><D38/><U27/><E27/><V116/><F63/><W26/><G26/><T43/><D60/><U42/><E42/><V104/><F104/><W58/><G29/><T86/><D66/><U0/><E0/><V96/><F96/><W103/><G103/><T48/><D43/><U94/><E94/><V37/><F37/><W68/><G68/><T4/><D92/><U59/><E59/><AGARI ba="2,0" hai="51,55,59,112,113,114,116,119" m="35111,25903" machi="59" ten="30,12000,2" yaku="15,1,34,2,52,2,54,1" doraHai="115" who="2" fromWho="1" sc="309,0,142,-126,149,126,400,0" /><INIT seed="5,0,0,5,2,111" ten="309,16,275,400" oya="1" hai0="82,124,36,10,73,107,71,126,100,65,113,76,7" hai1="119,46,108,72,64,26,3,42,8,103,11,41,75" hai2="120,114,83,18,63,19,60,35,1,92,2,88,13" hai3="109,110,95,66,54,34,57,87,97,132,43,16,86"/><U14/><E14/><V50/><BYE who="1" /><F120/><W117/><G34/><T38/><D71/><U25/><E25/><V9/><F35/><W37/><G66/><T62/><D62/><U133/><E133/><V55/><F83/><W58/><G58/><T96/><D65/><U45/><E45/><V33/><F33/><W116/><G132/><T135/><D135/><U74/><E74/><V47/><F114/><W15/><G43/><T85/><D85/><U84/><E84/><V31/><F31/><W104/><G104/><T48/><D48/><U32/><E32/><V0/><REACH who="2" step="1"/><F18/><REACH who="2" ten="309,16,265,400" step="2"/><W39/><G16/><T127/><REACH who="0" step="1"/><D113/><REACH who="0" ten="299,16,265,400" step="2"/><U105/><E105/><V129/><F129/><W131/><G131/><T61/><D61/><U49/><E49/><V69/><F69/><W70/><G70/><T77/><D77/><U122/><E122/><V81/><F81/><W28/><G86/><AGARI ba="0,2" hai="0,1,2,9,13,19,47,50,55,60,63,86,88,92" machi="86" ten="40,2600,0" yaku="1,1,54,1,53,0" doraHai="111" doraHaiUra="27" who="2" fromWho="3" sc="299,0,16,0,265,46,400,-26" /><INIT seed="6,0,0,1,4,88" ten="299,16,311,374" oya="2" hai0="55,60,130,127,18,21,39,62,131,6,101,56,25" hai1="63,112,54,108,96,27,8,16,57,48,34,36,95" hai2="78,121,107,120,67,79,100,49,75,17,76,32,124" hai3="116,111,123,110,28,64,58,42,47,97,37,30,43"/><V26/><F49/><W81/><G116/><T86/><D127/><U19/><E19/><V38/><F38/><W5/><G123/><N who="2" m="47177" /><F17/><W135/><G42/><T125/><D125/><U119/><E119/><V70/><F124/><W2/><G64/><T93/><D39/><U12/><E12/><V105/><F75/><W69/><G69/><T133/><D133/><U50/><E50/><V61/><F107/><W129/><G135/><T102/><D6/><U122/><E122/><V89/><F89/><W15/><G58/><T84/><D62/><U29/><E29/><N who="2" m="19511" /><F78/><W117/><G28/><T24/><D24/><U98/><E98/><AGARI ba="0,0" hai="61,67,70,76,79,98,100,105" m="19511,47177" machi="98" ten="30,1500,0" yaku="25,1" doraHai="88" who="2" fromWho="1" sc="299,0,16,-15,311,15,374,0" /><INIT seed="6,1,0,2,1,9" ten="299,1,326,374" oya="2" hai0="64,83,43,45,87,35,48,49,114,116,27,88,85" hai1="72,46,74,89,12,77,132,50,121,103,68,4,7" hai2="66,30,40,128,42,134,115,54,23,86,99,126,67" hai3="17,39,52,41,76,2,6,59,37,26,33,96,131"/><V38/><F115/><W53/><G131/><T75/><D114/><U111/><E111/><V44/><F126/><W20/><G33/><T130/><D130/><U25/><E25/><N who="2" m="16703" /><F128/><W73/><G96/><T109/><D109/><U69/><E69/><V105/><F38/><W65/><G65/><N who="2" m="24585" /><F105/><W102/><G102/><T123/><D123/><U0/><E0/><V117/><F117/><W57/><G37/><T81/><D116/><U60/><E60/><V133/><F99/><W28/><G28/><T104/><D104/><U24/><E24/><V113/><F113/><W16/><G17/><T92/><D64/><U93/><E93/><V84/><F133/><W62/><G41/><N who="2" m="15977" /><F134/><W94/><G39/><T95/><D75/><U18/><E18/><V135/><F135/><W5/><G2/><T10/><D49/><AGARI ba="1,0" hai="44,49,54,84,86" m="15977,24585,16703" machi="49" ten="30,1500,0" yaku="8,1" doraHai="9" who="2" fromWho="0" sc="299,-18,1,0,326,18,374,0" /><INIT seed="6,2,0,5,5,46" ten="281,1,344,374" oya="2" hai0="129,83,119,106,41,105,82,59,1,70,72,103,48" hai1="120,64,112,47,93,43,107,123,27,85,52,14,55" hai2="76,115,91,80,3,114,74,94,88,121,117,65,98" hai3="111,44,104,90,101,67,18,133,33,26,10,78,16"/><V125/><F3/><W20/><G111/><T71/><D1/><U126/><E126/><V73/><F117/><W130/><G33/><T56/><D41/><U134/><E134/><V99/><F121/><W77/><G133/><T108/><D103/><U31/><E31/><V23/><F125/><W49/><G130/><T110/><D72/><N who="2" m="27754" /><F65/><W75/><G75/><T17/><D17/><U21/><E21/><V15/><F15/><N who="3" m="7287" /><G104/><T62/><D62/><U135/><E135/><V29/><F23/><W116/><G101/><T96/><D96/><N who="2" m="36906" /><F29/><W118/><G118/><T53/><D53/><U122/><E122/><V0/><F0/><W4/><G116/><T24/><D119/><U37/><E37/><V42/><F42/><N who="3" m="24727" /><G4/><T45/><D45/><U36/><E36/><V57/><F57/><W81/><G67/><T28/><D28/><U8/><E8/><V102/><F102/><W11/><G11/><T97/><D97/><U9/><E9/><V12/><F12/><W69/><G69/><T58/><D58/><U79/><E79/><N who="3" m="30218" /><G90/><N who="2" m="34345" /><F94/><W61/><G61/><T113/><D129/><U84/><E84/><AGARI ba="2,0" hai="76,80,84,114,115" m="34345,36906,27754" machi="84" ten="30,5800,0" yaku="34,2,54,1" doraHai="46" who="2" fromWho="1" sc="281,0,1,-64,344,64,374,0" owari="281,-12.0,-63,-56.0,408,51.0,374,17.0" /></mjloggm>