<mjloggm ver="2.3"><GO type="169" lobby="0"/><UN n0="%E3%82%B7%E3%83%B3%E3%83%95%E3%82%A9%E3%83%8B%E3%82%A2" n1="%E4%B9%9D%E4%B8%88%E8%8A%B1%E9%9F%B3" n2="%E3%82%84%E3%81%BE%E3%81%8B%E3%81%84" n3="%E6%8C%AF%E3%82%8A%E8%BE%BC%E3%81%BF%E3%81%AE%E9%81%94%E4%BA%BA%EF%BC%81" dan="18,16,16,16" rate="2225.39,2178.49,2158.98,2143.24" sx="M,F,M,M"/><TAIKYOKU oya="0"/><INIT seed="0,0,0,2,4,81" ten="250,250,250,250" oya="0" hai0="32,5,131,47,50,108,72,73,111,112,128,117,89" hai1="25,61,132,9,52,126,91,22,95,94,14,80,28" hai2="122,41,103,44,35,135,75,106,23,90,129,26,119" hai3="11,98,19,71,56,1,39,109,87,115,48,46,37"/><T88/><D32/><U67/><E132/><V58/><F122/><W102/><G115/><T42/><D5/><U29/><E126/><V40/><F75/><N who="0" m="28746" /><D112/><U2/><E2/><V27/><F135/><W68/><G39/><T55/><D42/><U110/><E110/><N who="0" m="42025" /><D117/><U99/><E29/><V133/><F133/><W83/><G19/><T10/><D10/><U63/><E67/><V116/><F35/><W107/><G56/><T31/><D31/><U78/><E94/><V21/><F58/><W65/><G37/><T92/><D89/><U0/><E0/><V59/><F90/><W12/><G65/><T86/><AGARI ba="0,0" hai="47,50,55,86,88,92,128,131" m="42025,28746" machi="86" ten="40,12000,1" yaku="14,1,10,1,52,1,54,1" doraHai="81" who="0" fromWho="0" sc="250,120,250,-40,250,-40,250,-40" /><INIT seed="0,1,0,5,5,7" ten="370,210,210,210" oya="0" hai0="121,127,135,79,115,67,71,92,19,100,51,90,41" hai1="126,40,64,124,108,50,9,85,49,5,97,10,33" hai2="16,107,89,78,21,13,105,3,109,132,56,134,29" hai3="22,35,37,8,91,70,65,88,30,99,84,96,42"/><T101/><D71/><U52/><E33/><V45/><F109/><W28/><G35/><T59/><D135/><N who="2" m="51754" /><F3/><W128/><G37/><T25/><D127/><N who="1" m="48683" /><E108/><V106/><F78/><W61/><G42/><T72/><D115/><U12/><E64/><V14/><F29/><W31/><G128/><T15/><D121/><U47/><E97/><V125/><F125/><W54/><G22/><T131/><D131/><U74/><E74/><V120/><F120/><W55/><G91/><T69/><D69/><U60/><E60/><V38/><F56/><W75/><G75/><T117/><D117/><U44/><E85/><V23/><F89/><W87/><G8/><AGARI ba="1,0" hai="5,8,9,10,12,40,44,47,49,50,52" m="48683" machi="8" ten="30,8000,1" yaku="18,1,52,3,54,1" doraHai="7" who="1" fromWho="3" sc="370,0,210,83,210,0,210,-83" /><INIT seed="1,0,0,2,1,39" ten="370,293,210,127" oya="1" hai0="37,43,131,61,52,87,99,109,65,34,13,115,10" hai1="75,127,44,125,47,129,28,42,35,79,132,82,89" hai2="88,33,73,116,81,135,67,19,23,98,54,12,45" hai3="26,91,104,72,117,4,48,64,110,1,112,56,22"/><U25/><E129/><V29/><F116/><W118/><G112/><T111/><D115/><U3/><E132/><V69/><F135/><W2/><G72/><T102/><D34/><U0/><E89/><V41/><F54/><W94/><G104/><T122/><D131/><U74/><E47/><V16/><F73/><W119/><G4/><T83/><D122/><U114/><E74/><V106/><F106/><W77/><G77/><T55/><D43/><U71/><E71/><V46/><F46/><W134/><G134/><T93/><D37/><N who="1" m="21583" /><E114/><V49/><F33/><W24/><G110/><N who="0" m="41995" /><D61/><U36/><E36/><V133/><F133/><W14/><G14/><T59/><D65/><U57/><E57/><V76/><F76/><W17/><G26/><T18/><D59/><U20/><E20/><V63/><F12/><W78/><G78/><AGARI ba="0,0" hai="10,13,18,52,55,78,83,87,93,99,102" m="41995" machi="78" ten="30,2000,0" yaku="14,1,54,1" doraHai="39" who="0" fromWho="3" sc="370,20,293,0,210,0,127,-20" /><INIT seed="2,0,0,1,1,27" ten="390,293,210,107" oya="2" hai0="43,115,35,109,45,74,28,110,14,26,20,116,41" hai1="32,22,60,48,133,59,117,17,25,44,55,34,71" hai2="10,75,124,1,42,100,63,105,3,114,94,93,89" hai3="67,73,52,64,5,81,29,69,97,62,65,66,33"/><V102/><F114/><W6/><G97/><T92/><D115/><U50/><E133/><V40/><F75/><W56/><G73/><T46/><D74/><U88/><E117/><V49/><F63/><W111/><G111/><N who="0" m="42507" /><D116/><U30/><E17/><V125/><F49/><W4/><N who="3" m="16384" /><DORA hai="54" /><W68/><REACH who="3" step="1"/><G81/><REACH who="3" ten="390,293,210,97" step="2"/><T83/><D83/><U82/><E71/><V112/><F112/><W76/><G76/><T129/><D92/><U107/><E107/><V122/><F105/><W23/><G23/><T126/><D20/><U53/><REACH who="1" step="1"/><E60/><REACH who="1" ten="390,283,210,97" step="2"/><V118/><F118/><W19/><G19/><T72/><D72/><U78/><E78/><V120/><F10/><W84/><G84/><AGARI ba="0,2" hai="22,25,30,32,34,44,48,50,53,55,59,82,84,88" machi="84" ten="40,8000,1" yaku="1,1,52,2,54,1,53,0" doraHai="27,54" doraHaiUra="121,9" who="1" fromWho="3" sc="390,0,283,100,210,0,97,-80" /><INIT seed="3,0,0,1,0,132" ten="390,383,210,17" oya="3" hai0="6,5,89,35,119,80,81,53,104,131,32,113,85" hai1="30,112,59,75,100,133,69,71,14,117,124,28,67" hai2="47,24,0,109,83,17,114,51,134,125,84,108,31" hai3="62,74,90,56,45,57,48,94,105,58,19,20,54"/><W128/><G74/><T36/><D119/><U44/><E112/><V122/><F114/><W118/><G105/><T25/><D113/><U110/><E75/><V11/><F134/><W33/><G128/><T64/><D131/><U116/><E133/><V98/><F122/><W9/><G9/><T86/><D104/><U12/><E44/><V101/><F17/><W4/><G4/><T2/><D36/><U130/><E130/><V123/><F123/><W91/><G33/><T50/><D64/><U96/><E59/><V42/><F11/><W10/><G10/><T34/><D25/><U93/><E110/><V29/><F0/><W7/><G7/><T70/><D70/><U82/><E82/><V121/><F121/><W1/><G1/><T46/><REACH who="0" step="1"/><D2/><REACH who="0" ten="380,383,210,17" step="2"/><U43/><E67/><V21/><F24/><N who="3" m="14367" /><G118/><T78/><AGARI ba="0,1" hai="5,6,32,34,35,46,50,53,78,80,81,85,86,89" machi="78" ten="30,4000,0" yaku="1,1,0,1,53,1" doraHai="132" doraHaiUra="87" who="0" fromWho="0" sc="380,50,383,-10,210,-10,17,-20" owari="430,53.0,373,17.0,200,-20.0,-3,-50.0" /></mjloggm>