<mjloggm ver="2.3"><GO type="225" lobby="0"/><UN n0="%E7%B6%BE%E9%87%8E%E7%8F%AA%E5%AD%90" n1="%4B%69%7A%75%6E%65%72" n2="%E6%96%87%E8%B1%AA" n3="%62%6F%6E%6F%73%2E%2E" dan="17,17,16,17" rate="2223.17,2172.53,2046.23,2200.56" sx="F,F,M,M"/><TAIKYOKU oya="0"/><INIT seed="0,0,0,5,5,30" ten="250,250,250,250" oya="0" hai0="93,100,37,35,24,15,22,61,133,44,8,54,23" hai1="14,67,69,31,55,18,109,91,36,73,135,134,34" hai2="130,88,48,52,131,99,104,20,82,3,101,128,96" hai3="97,127,119,47,105,59,6,38,4,78,113,53,12"/><T132/><D37/><U106/><E109/><V83/><F3/><W19/><G113/><T66/><D44/><U80/><E36/><V120/><F20/><W26/><G119/><T1/><D54/><U84/><E106/><V25/><F25/><W21/><G127/><T89/><D100/><U112/><E112/><V111/><F111/><W41/><G78/><T121/><D121/><U0/><E0/><V108/><F108/><W42/><G42/><T64/><D1/><U13/><E73/><V2/><F2/><W98/><G105/><T65/><D61/><N who="1" m="40175" /><E55/><V81/><F120/><W124/><G124/><T79/><D79/><U125/><E125/><V77/><F77/><W74/><G74/><T126/><D126/><U129/><E129/><V27/><F27/><W116/><G116/><T45/><D45/><U95/><E80/><V10/><F10/><W51/><G4/><T40/><D40/><U114/><E114/><V9/><F9/><W90/><G90/><T122/><D122/><U76/><E76/><V63/><F63/><N who="3" m="36335" /><G38/><T75/><D75/><U7/><E7/><V72/><F72/><W43/><G41/><T115/><D115/><U117/><E117/><V11/><F11/><AGARI ba="0,0" hai="6,11,12,19,21,26,43,47,51,97,98" m="36335" machi="11" ten="30,1000,0" yaku="8,1" doraHai="30" who="3" fromWho="2" sc="250,0,250,0,250,-10,250,10" /><INIT seed="1,0,0,5,4,15" ten="250,250,240,260" oya="1" hai0="108,120,48,17,20,131,1,122,12,80,36,100,32" hai1="129,63,83,19,33,124,10,8,104,125,49,133,76" hai2="97,102,110,116,13,39,40,69,71,24,84,94,58" hai3="135,47,74,130,7,45,55,114,56,86,26,25,87"/><U9/><E104/><V89/><F116/><W14/><G74/><T91/><D36/><U99/><E33/><V6/><F110/><W41/><G114/><T11/><D120/><U53/><E129/><V93/><F58/><W52/><G130/><T16/><D108/><U46/><E133/><V113/><F113/><W101/><G101/><T75/><D131/><U44/><E99/><V64/><F24/><N who="3" m="9323" /><G55/><T21/><D32/><U77/><E63/><V0/><F0/><W43/><G135/><T50/><D122/><U119/><E119/><V3/><F3/><W90/><G14/><N who="0" m="9239" /><D1/><U123/><E123/><V82/><F64/><W42/><G7/><N who="0" m="3199" /><D100/><U92/><E44/><N who="3" m="16970" /><G90/><T134/><D75/><U60/><E60/><AGARI ba="0,0" hai="41,42,43,52,56,60,86,87" m="16970,9323" machi="60" ten="30,2000,0" yaku="8,1,54,1" doraHai="15" who="3" fromWho="1" sc="250,0,250,-20,240,0,260,20" /><INIT seed="2,0,0,5,1,1" ten="250,230,240,280" oya="2" hai0="9,105,129,70,135,6,101,0,16,102,89,21,53" hai1="128,114,40,8,97,46,30,31,11,59,77,38,41" hai2="58,63,122,56,13,124,14,15,26,123,113,35,78" hai3="134,69,51,7,116,24,50,44,42,45,121,55,3"/><V43/><F113/><W20/><G116/><T100/><D70/><U88/><E114/><V104/><F124/><W75/><G121/><T23/><D135/><U96/><E128/><V107/><F78/><W108/><G108/><T91/><D129/><U83/><E59/><V127/><F127/><W2/><G134/><T61/><D105/><U37/><E77/><V25/><F43/><W109/><G109/><T72/><D72/><U74/><E83/><V92/><F92/><W36/><G75/><T28/><D28/><U60/><E74/><V115/><F115/><W67/><G36/><T93/><D23/><U64/><E60/><V12/><F12/><W87/><G7/><T19/><D19/><U5/><E64/><V130/><F130/><W79/><G67/><T71/><D93/><U81/><E81/><V65/><F58/><W17/><G69/><T125/><D125/><U18/><E18/><V85/><F85/><W76/><G76/><T29/><D29/><U94/><E97/><V80/><F80/><N who="3" m="47519" /><G2/><T111/><D111/><U133/><E133/><V34/><F123/><W119/><G3/><T73/><D73/><U117/><E117/><V4/><F4/><W90/><G119/><T84/><D84/><U99/><E99/><V10/><F10/><N who="1" m="3625" /><E5/><V66/><F122/><W118/><G118/><T27/><REACH who="0" step="1"/><D71/><REACH who="0" ten="240,230,240,280" step="2"/><U32/><E32/><N who="2" m="12331" /><F107/><W126/><G126/><T112/><D112/><U22/><E22/><V62/><F104/><W120/><G120/><T86/><D86/><U49/><E38/><V52/><F66/><W110/><G110/><T57/><AGARI ba="0,1" hai="0,6,9,16,21,27,53,57,61,89,91,100,101,102" machi="57" ten="30,8000,1" yaku="1,1,5,1,0,1,52,1,54,1,53,0" doraHai="1" doraHaiUra="106" who="0" fromWho="0" sc="240,90,230,-20,240,-40,280,-20" /><INIT seed="3,0,0,5,0,35" ten="330,210,200,260" oya="3" hai0="106,77,6,89,99,3,42,56,14,64,72,4,88" hai1="13,36,81,10,135,107,113,66,12,20,84,53,90" hai2="91,51,1,30,98,110,129,54,100,102,130,28,126" hai3="101,74,18,11,68,49,132,128,41,76,43,108,105"/><W37/><G49/><T16/><D42/><U8/><E113/><V45/><F110/><W133/><G18/><T25/><D3/><U22/><E135/><V57/><F126/><W86/><G11/><N who="0" m="6239" /><D72/><U7/><E107/><V94/><F1/><W79/><G79/><T23/><D106/><U123/><E36/><V55/><F129/><W87/><G87/><T38/><D38/><U83/><E123/><V17/><F17/><W5/><G5/><T2/><D2/><U31/><E66/><V112/><F112/><W0/><G101/><N who="2" m="39017" /><F130/><W73/><G68/><T71/><D71/><U44/><E83/><V131/><F131/><W63/><G63/><N who="0" m="37991" /><D77/><U21/><E31/><V80/><F80/><W47/><G105/><T124/><D124/><U92/><E81/><V120/><F120/><W118/><G37/><T32/><D32/><U15/><E7/><N who="0" m="2601" /><D99/><U61/><E61/><AGARI ba="0,0" hai="28,30,45,51,54,55,57,61,91,94,98" m="39017" machi="61" ten="30,1000,0" yaku="8,1" doraHai="35" who="2" fromWho="1" sc="330,0,210,-10,200,10,260,0" owari="330,43.0,200,-30.0,210,-19.0,260,6.0" /></mjloggm>