<mjloggm ver="2.3"><GO type="169" lobby="0"/><UN n0="%48%61%63%68%69%6E%61%6C" n1="%64%75%72%72%72%72%72" n2="%6B%75%72%69%6D%75" n3="%E3%82%B7%E3%83%B3%E3%83%95%E3%82%A9%E3%83%8B%E3%82%A2" dan="16,18,18,18" rate="2044.51,2251.07,2261.28,2231.56" sx="M,M,M,M"/><TAIKYOKU oya="0"/><INIT seed="0,0,0,2,5,30" ten="250,250,250,250" oya="0" hai0="52,129,98,110,120,99,11,17,130,40,105,48,102" hai1="19,4,133,69,31,89,112,33,27,125,68,47,66" hai2="82,116,39,22,109,73,86,15,74,96,115,26,119" hai3="126,113,50,108,65,90,10,1,128,75,81,117,76"/><T6/><D120/><U118/><E118/><V111/><F39/><W131/><G117/><N who="2" m="45129" /><F15/><W58/><G113/><T2/><D110/><N who="2" m="41994" /><F115/><W107/><G108/><T57/><D40/><U114/><E133/><V62/><F62/><W42/><G1/><T9/><REACH who="0" step="1"/><D99/><REACH who="0" ten="240,250,250,250" step="2"/><U20/><E114/><V124/><F96/><W53/><G42/><T78/><D78/><U7/><E112/><V44/><F124/><W60/><G126/><T79/><D79/><U5/><E125/><V54/><F54/><W106/><G76/><T64/><D64/><U41/><E66/><V91/><F44/><W70/><G53/><T8/><D8/><U87/><E47/><V92/><F92/><W34/><G10/><T88/><D88/><U32/><E41/><V127/><F127/><W121/><G90/><T36/><D36/><U55/><E55/><V56/><F56/><W61/><G58/><T45/><D45/><U18/><E69/><V23/><F23/><W97/><G70/><T84/><D84/><U51/><E68/><V21/><F21/><W16/><G97/><T93/><D93/><U3/><E87/><V37/><F37/><W13/><G65/><T12/><AGARI ba="0,1" hai="2,6,9,11,12,17,48,52,57,98,102,105,129,130" machi="12" ten="30,11700,0" yaku="1,1,0,1,54,1,53,1" doraHai="30" doraHaiUra="49" who="0" fromWho="0" sc="240,127,250,-39,250,-39,250,-39" /><INIT seed="0,1,0,0,4,112" ten="367,211,211,211" oya="0" hai0="79,16,45,104,127,44,75,119,88,36,58,42,134" hai1="80,91,95,53,61,135,90,81,49,67,96,71,111" hai2="33,109,89,76,24,39,6,116,60,52,77,26,121" hai3="55,103,32,114,118,101,13,132,54,72,23,63,129"/><T99/><D119/><U9/><E111/><V85/><F39/><W93/><G32/><T84/><D134/><U43/><E135/><V15/><F109/><W94/><G72/><T122/><D122/><U35/><E35/><V17/><F6/><W21/><G132/><T133/><D133/><U38/><E9/><V83/><F116/><W68/><G68/><T2/><D2/><U34/><E34/><V82/><F33/><W50/><G114/><T97/><D127/><U128/><E128/><V31/><F31/><W66/><G129/><T0/><D0/><U74/><E74/><V130/><F121/><W4/><G118/><T120/><D120/><U25/><E25/><N who="2" m="9835" /><F82/><W98/><G66/><T87/><D75/><U47/><REACH who="1" step="1"/><E91/><REACH who="1" ten="367,201,211,211" step="2"/><V19/><F130/><W40/><G4/><T115/><D115/><U123/><E123/><V86/><F19/><W20/><G13/><T7/><D16/><U108/><E108/><V5/><F5/><W22/><G22/><T64/><D7/><U92/><E92/><N who="2" m="54319" /><F17/><W65/><G20/><T117/><D117/><U100/><E100/><V70/><F15/><W113/><G113/><T37/><D104/><U46/><AGARI ba="1,1" hai="38,43,46,47,49,53,61,67,71,80,81,90,95,96" machi="46" ten="20,2700,0" yaku="1,1,0,1,7,1,53,0" doraHai="112" doraHaiUra="105" who="1" fromWho="1" sc="367,-14,201,40,211,-8,211,-8" /><INIT seed="1,0,0,5,4,103" ten="353,241,203,203" oya="1" hai0="46,133,5,26,51,53,2,73,6,111,7,95,126" hai1="82,134,63,108,32,23,71,16,98,28,36,61,115" hai2="65,4,105,44,116,17,110,88,31,129,113,132,1" hai3="34,84,62,49,47,74,125,106,101,130,0,43,24"/><U20/><E115/><V21/><F65/><W15/><G0/><T90/><D73/><U52/><E32/><V97/><F116/><W45/><G74/><T64/><D111/><U41/><E71/><V128/><F110/><W123/><G123/><T124/><D133/><U38/><E108/><V107/><F31/><W121/><G121/><T33/><D64/><U77/><E134/><V135/><F132/><W119/><G119/><T12/><D2/><U99/><E41/><V91/><F135/><W55/><G130/><N who="2" m="50281" /><F113/><W131/><G131/><T68/><D68/><U19/><E28/><V85/><F44/><W92/><G125/><N who="0" m="48235" /><D26/><U58/><E38/><V39/><F97/><W30/><G15/><T96/><D33/><U117/><E36/><V66/><F66/><W104/><G101/><T69/><D69/><U22/><E61/><V86/><F39/><W114/><G114/><T9/><AGARI ba="0,0" hai="5,6,7,9,12,46,51,53,90,95,96" m="48235" machi="9" ten="30,1100,0" yaku="18,1" doraHai="103" who="0" fromWho="0" sc="353,11,241,-5,203,-3,203,-3" /><INIT seed="2,0,0,4,3,76" ten="364,236,200,200" oya="2" hai0="122,46,92,80,53,57,115,83,99,109,113,66,77" hai1="33,90,68,133,67,35,29,15,23,19,130,131,69" hai2="106,10,58,85,70,37,21,96,111,128,18,41,5" hai3="135,47,7,20,61,45,13,100,11,98,62,17,9"/><V71/><F128/><N who="1" m="49193" /><E133/><V108/><F41/><W55/><G135/><T51/><D122/><U87/><E67/><V65/><F37/><W6/><G9/><T78/><D109/><N who="2" m="42058" /><F85/><W105/><G6/><T124/><D124/><U79/><E79/><N who="0" m="30217" /><D113/><U49/><E49/><V94/><F106/><W72/><G72/><T16/><D115/><U116/><E116/><V31/><F31/><W117/><G117/><T121/><D121/><U56/><E56/><V114/><F114/><W50/><REACH who="3" step="1"/><G47/><REACH who="3" ten="364,236,200,190" step="2"/><T3/><D3/><AGARI ba="0,1" hai="3,7,11,13,17,20,45,50,55,61,62,98,100,105" machi="3" ten="30,3900,0" yaku="1,1,2,1,7,1,53,0" doraHai="76" doraHaiUra="74" who="3" fromWho="0" sc="364,-39,236,0,200,0,190,49" /><INIT seed="3,0,0,2,3,44" ten="325,236,200,239" oya="3" hai0="111,68,108,118,73,22,33,10,133,54,66,87,95" hai1="6,41,59,40,15,110,78,64,98,36,52,32,53" hai2="74,45,86,112,25,69,85,76,16,58,63,113,49" hai3="1,18,47,23,13,38,119,106,26,61,67,82,4"/><W43/><G119/><T11/><D118/><U101/><E32/><V115/><F69/><W42/><G106/><T107/><D33/><U114/><E114/><V71/><F71/><W60/><G43/><T19/><D73/><U35/><E35/><V90/><F74/><W37/><G1/><T24/><D133/><U132/><E132/><V127/><F76/><W65/><G82/><T31/><D107/><U93/><E78/><V56/><F127/><W122/><G122/><T46/><D66/><U120/><E36/><V9/><F63/><W48/><G4/><T12/><D68/><U28/><E28/><V89/><F85/><W0/><G0/><T34/><D95/><U116/><E110/><N who="0" m="42025" /><D87/><U51/><E64/><N who="3" m="24650" /><G37/><T88/><D88/><N who="1" m="55591" /><E120/><V17/><F89/><W5/><G38/><T117/><D117/><U92/><E53/><N who="2" m="29871" /><F25/><W129/><G129/><T57/><D46/><U70/><E70/><V134/><F17/><N who="3" m="12655" /><G5/><T3/><D3/><U104/><E104/><V14/><F134/><W20/><AGARI ba="0,0" hai="13,18,20,42,47,48,60,61" m="12655,24650" machi="20" ten="30,3000,0" yaku="8,1,52,1" doraHai="44" who="3" fromWho="3" sc="325,-10,236,-10,200,-10,239,30" /><INIT seed="3,1,0,5,4,100" ten="315,226,190,269" oya="3" hai0="128,13,79,89,83,132,114,123,85,45,47,108,27" hai1="48,99,52,130,78,61,18,88,105,107,73,113,9" hai2="80,97,118,3,22,19,60,39,15,120,2,134,50" hai3="98,7,126,91,5,49,87,14,16,41,110,28,55"/><W122/><G126/><T74/><D123/><U42/><E113/><V54/><F39/><W72/><G72/><T24/><D114/><U112/><E112/><V12/><F118/><W32/><G122/><T38/><D108/><U33/><E33/><V84/><F134/><W67/><G110/><T37/><D132/><U115/><E115/><V68/><F97/><W64/><G41/><T131/><D13/><U127/><E42/><V4/><F4/><N who="3" m="1611" /><G98/><T66/><D66/><U101/><E61/><V111/><F111/><W117/><G28/><T106/><D106/><U125/><E130/><N who="0" m="49705" /><D37/><U57/><E107/><V65/><F15/><W119/><G32/><T93/><D38/><U11/><E88/><V121/><F120/><W81/><G119/><T36/><D36/><U6/><E18/><V129/><F129/><W53/><G117/><T8/><D8/><U51/><E51/><V94/><F121/><W124/><G124/><N who="1" m="47690" /><E6/><V102/><F102/><W90/><G90/><T86/><D74/><U35/><E35/><V26/><F26/><AGARI ba="1,0" hai="24,26,27,45,47,79,83,85,86,89,93" m="49705" machi="26" ten="30,1000,0" yaku="19,1" doraHai="100" who="0" fromWho="2" sc="315,13,226,0,190,-13,269,0" /><INIT seed="4,0,0,3,3,71" ten="328,226,177,269" oya="0" hai0="31,134,33,75,32,13,7,111,126,43,83,63,124" hai1="34,96,102,3,27,118,91,49,61,24,65,93,114" hai2="116,19,8,67,38,117,37,107,92,52,20,42,6" hai3="16,98,56,15,55,48,36,130,0,129,104,77,17"/><T69/><D134/><U89/><E3/><V47/><F107/><W108/><G108/><T88/><D111/><U39/><E118/><N who="2" m="45675" /><F67/><W45/><G0/><T95/><D43/><U127/><E39/><N who="2" m="21983" /><F52/><W50/><G77/><T132/><D132/><U103/><E127/><N who="0" m="48681" /><D31/><U1/><E49/><V51/><F51/><W60/><G104/><T28/><D28/><U78/><E61/><V9/><F92/><W105/><G48/><T2/><D2/><U122/><E93/><V73/><F73/><W90/><G36/><N who="2" m="13929" /><F6/><W119/><G119/><T87/><D7/><U74/><E65/><V26/><AGARI ba="0,0" hai="8,9,19,20,26" m="13929,21983,45675" machi="26" ten="30,8000,1" yaku="12,1,52,4" doraHai="71" who="2" fromWho="2" sc="328,-40,226,-20,177,80,269,-20" /><INIT seed="5,0,0,3,5,59" ten="288,206,257,249" oya="1" hai0="54,104,3,71,107,75,76,129,37,81,39,85,45" hai1="35,57,102,134,133,13,135,27,84,89,20,69,23" hai2="127,125,6,56,2,82,72,88,46,90,51,52,115" hai3="124,22,53,110,94,66,25,114,92,26,70,126,97"/><U30/><E69/><V4/><F115/><W117/><G110/><T77/><D129/><U58/><E102/><V111/><F111/><W131/><G114/><T24/><D71/><U55/><E57/><V74/><F2/><W41/><G41/><T122/><D122/><U119/><E13/><V62/><F6/><W48/><G131/><T63/><D3/><U5/><E5/><V8/><F8/><W100/><G117/><T101/><D24/><U28/><E28/><V86/><F90/><W36/><G36/><T120/><D120/><U79/><E79/><V118/><F4/><W73/><G73/><T87/><D75/><U64/><E64/><V109/><F109/><W130/><G130/><T34/><D34/><U78/><E78/><V9/><F9/><W1/><G1/><T49/><D101/><U7/><E7/><V99/><F99/><W12/><G92/><T10/><D10/><U42/><E42/><N who="2" m="25047" /><F118/><W50/><G97/><T106/><D39/><U47/><E47/><V31/><F31/><W112/><G112/><T17/><D37/><U80/><REACH who="1" step="1"/><E119/><REACH who="1" ten="288,196,257,249" step="2"/><V105/><F105/><W67/><G100/><T40/><D104/><U65/><E65/><V61/><F74/><W103/><G103/><T128/><D128/><U29/><E29/><V15/><F72/><W108/><G70/><T98/><D107/><U121/><E121/><V16/><F15/><W38/><G12/><T33/><D106/><U21/><E21/><V113/><F113/><W19/><G108/><T14/><D33/><U68/><E68/><V83/><F16/><W32/><G32/><RYUUKYOKU ba="0,1" sc="288,-10,196,30,257,-10,249,-10" hai1="20,23,27,30,35,55,58,80,84,89,133,134,135" /><INIT seed="5,1,1,1,0,76" ten="278,226,247,239" oya="1" hai0="65,74,18,89,56,96,105,72,104,109,57,131,14" hai1="35,54,20,38,70,79,93,108,85,8,33,37,61" hai2="12,100,115,51,123,97,39,80,73,111,129,4,63" hai3="50,15,21,27,25,67,121,19,134,23,87,10,135"/><U11/><E108/><V3/><F123/><W116/><G121/><T13/><D109/><U26/><E37/><V82/><F39/><W86/><G116/><T0/><D0/><U60/><E38/><V1/><F73/><W55/><G67/><T46/><D46/><U132/><E132/><N who="3" m="50730" /><G23/><T6/><D6/><U77/><E35/><V99/><F63/><W94/><G94/><T53/><D65/><U98/><E33/><V84/><F129/><W118/><G118/><T44/><D44/><U5/><E77/><V47/><F115/><W2/><G2/><T120/><D120/><U130/><E70/><V83/><F3/><W16/><G25/><T7/><D7/><U59/><E61/><V66/><F1/><W75/><G75/><T103/><D105/><U40/><E40/><N who="2" m="25063" /><F66/><W91/><G91/><T29/><D74/><U127/><E5/><V30/><F30/><W41/><G41/><T64/><D29/><N who="1" m="17607" /><E130/><V95/><F99/><W107/><G107/><T101/><D72/><U36/><E36/><V133/><F111/><W128/><G128/><T42/><D104/><U52/><E54/><V69/><F69/><W126/><G126/><T62/><D42/><U43/><E127/><V9/><F133/><W28/><G28/><T112/><D131/><U88/><E43/><V68/><F68/><W110/><G110/><T49/><D112/><U31/><E31/><V125/><F125/><W81/><G81/><AGARI ba="1,1" hai="8,11,52,59,60,79,81,85,88,93,98" m="17607" machi="81" ten="30,11600,0" yaku="8,1,52,1,54,2" doraHai="76" who="1" fromWho="3" sc="278,0,226,129,247,0,239,-119" /><INIT seed="5,2,0,3,1,37" ten="278,355,247,120" oya="1" hai0="42,83,26,21,120,41,116,46,43,75,72,8,36" hai1="18,131,15,127,55,17,38,29,33,103,84,104,22" hai2="45,49,27,88,118,102,32,39,57,132,117,109,67" hai3="35,1,24,129,66,52,2,111,74,107,4,25,30"/><U90/><E38/><V87/><F109/><W31/><G107/><T6/><D116/><U80/><E131/><V58/><F102/><W0/><G74/><T96/><D120/><U79/><E127/><V114/><F39/><W93/><G66/><T54/><D36/><U76/><E33/><V135/><F27/><W91/><G111/><T113/><D113/><U61/><E29/><V3/><F32/><W53/><G129/><T125/><D125/><U47/><E103/><V50/><F3/><W71/><G71/><T44/><D96/><U40/><E104/><V63/><F50/><W119/><G119/><T62/><D62/><U133/><E133/><N who="2" m="51275" /><F57/><W85/><REACH who="3" step="1"/><G4/><REACH who="3" ten="278,355,247,110" step="2"/><T9/><D72/><N who="1" m="43015" /><E79/><V56/><F114/><W98/><G98/><T105/><D105/><U64/><E64/><V124/><F124/><W23/><AGARI ba="2,1" hai="0,1,2,23,24,25,30,31,35,52,53,85,91,93" machi="23" ten="30,4000,0" yaku="1,1,0,1,54,1,53,0" doraHai="37" doraHaiUra="94" who="3" fromWho="3" sc="278,-12,355,-22,247,-12,110,56" /><INIT seed="6,0,0,5,1,102" ten="266,333,235,166" oya="2" hai0="92,80,123,78,67,10,113,70,100,12,112,42,63" hai1="81,32,40,7,58,98,24,31,79,77,4,8,86" hai2="53,71,57,103,33,21,30,6,83,134,39,117,124" hai3="116,122,89,5,28,22,72,38,105,135,101,99,84"/><V128/><F39/><W108/><G38/><T17/><D123/><U3/><E40/><V34/><F71/><W131/><G122/><T73/><D42/><U127/><E127/><V130/><F117/><W59/><G116/><T26/><D26/><U48/><E7/><V95/><F6/><W85/><G108/><T111/><D111/><U110/><E110/><V54/><F124/><W19/><G72/><T66/><D66/><U133/><E133/><V118/><F83/><W114/><G135/><T88/><REACH who="0" step="1"/><D100/><REACH who="0" ten="256,333,235,166" step="2"/><U125/><E24/><N who="2" m="16655" /><F118/><W36/><G36/><T64/><D64/><U119/><E119/><V16/><F134/><W47/><G28/><T13/><D13/><U93/><E31/><V1/><F1/><W49/><G131/><N who="2" m="50217" /><F16/><W27/><G5/><T121/><D121/><U106/><E125/><V65/><F65/><W96/><G114/><T55/><D55/><N who="2" m="21002" /><F57/><W41/><REACH who="3" step="1"/><G59/><REACH who="3" ten="256,333,235,156" step="2"/><T115/><D115/><U91/><E58/><V35/><F35/><W69/><G69/><T2/><D2/><U29/><E32/><V109/><F109/><W43/><G43/><T60/><D60/><U90/><E29/><V9/><F34/><W126/><G126/><T15/><D15/><U68/><E68/><V75/><F33/><W11/><G11/><T120/><D120/><U50/><E3/><V18/><F9/><W14/><G14/><T46/><D46/><U104/><E4/><V107/><F18/><W37/><G37/><T74/><D74/><U129/><E8/><V56/><F75/><W44/><G44/><T45/><D45/><U94/><E129/><RYUUKYOKU ba="0,2" sc="256,15,333,-15,235,-15,156,15" hai0="10,12,17,63,67,70,73,78,80,88,92,112,113" hai3="19,22,27,41,47,49,84,85,89,96,99,101,105" /><INIT seed="7,1,2,1,4,10" ten="271,318,220,171" oya="3" hai0="24,67,106,54,104,40,73,64,97,5,121,36,56" hai1="87,23,29,120,77,70,14,50,117,103,123,8,60" hai2="41,80,9,89,124,0,95,45,63,6,38,27,101" hai3="55,18,39,16,118,114,98,1,83,68,133,94,115"/><W61/><G118/><T57/><D121/><U33/><E33/><V21/><F124/><W2/><G39/><T13/><D73/><U105/><E117/><V119/><F119/><W116/><G116/><T113/><D113/><N who="3" m="43017" /><G83/><T49/><D24/><U112/><E112/><V111/><F111/><W31/><G31/><T126/><D126/><U37/><E37/><V100/><F80/><W25/><G133/><T93/><D40/><U66/><E87/><V78/><F63/><W62/><G68/><T96/><D96/><U129/><E77/><V75/><F78/><W4/><G4/><T102/><D36/><U125/><E129/><V58/><F58/><N who="0" m="22634" /><D104/><U17/><E50/><V109/><F75/><W72/><G72/><T11/><D106/><U131/><E131/><V88/><F89/><N who="3" m="55631" /><G18/><T26/><D26/><U132/><E132/><V3/><F3/><N who="3" m="1035" /><G55/><T51/><D51/><U71/><E71/><V130/><F109/><W90/><G90/><T135/><D135/><U22/><E29/><V30/><F130/><W127/><G127/><T92/><D92/><U47/><E125/><V12/><F0/><W85/><G85/><AGARI ba="1,2" hai="6,9,12,21,27,30,38,41,45,85,88,95,100,101" machi="85" ten="30,3900,0" yaku="7,1,52,1,54,1" doraHai="10" who="2" fromWho="3" sc="271,0,318,0,220,62,171,-42" owari="271,-13.0,318,42.0,282,8.0,129,-37.0" /></mjloggm>