<mjloggm ver="2.3"><GO type="169" lobby="0"/><UN n0="%E7%B7%91%E3%81%AE%E3%83%A9%E3%83%B3%E3%83%97" n1="%E5%BD%A9%E4%BA%AC" n2="%52%79%61%6F" n3="%E3%81%A9%E3%83%BC%E3%82%82%E5%83%95%E3%81%A7%E3%81%99" dan="16,17,16,16" rate="2082.17,2233.07,2093.84,2185.39" sx="M,M,M,F"/><TAIKYOKU oya="0"/><INIT seed="0,0,0,0,1,110" ten="250,250,250,250" oya="0" hai0="94,63,42,130,68,81,36,96,27,8,84,34,71" hai1="90,49,75,29,2,54,106,99,101,114,35,21,109" hai2="120,67,69,55,45,7,92,43,11,38,111,15,17" hai3="48,79,33,24,98,31,62,13,127,3,64,56,59"/><T85/><D130/><U37/><E2/><V115/><F120/><W47/><G3/><T122/><D122/><U89/><E109/><V105/><F105/><W57/><G127/><T93/><D8/><U124/><E124/><V52/><F111/><W80/><G98/><T58/><D36/><U6/><E6/><V72/><F72/><W87/><REACH who="3" step="1"/><G13/><REACH who="3" ten="250,250,250,240" step="2"/><T4/><D96/><U73/><E99/><V126/><F126/><W117/><G117/><T5/><D27/><U104/><E106/><V86/><F115/><W70/><G70/><T53/><D71/><U123/><E104/><V113/><F113/><W82/><G82/><T97/><D68/><U88/><E114/><V19/><F69/><W46/><G46/><T25/><D97/><U0/><E123/><V65/><F45/><W16/><G16/><T32/><D25/><U119/><E0/><V131/><F19/><W18/><G18/><T134/><D81/><U100/><E100/><V14/><F17/><W10/><G10/><T22/><D58/><U77/><E101/><V91/><F15/><W20/><G20/><T116/><D22/><U133/><E21/><V107/><F107/><W66/><G66/><N who="2" m="25097" /><F131/><W121/><G121/><T28/><D116/><U103/><E103/><V135/><F135/><W102/><G102/><T95/><D134/><U39/><E133/><V41/><F14/><W112/><G112/><T12/><D12/><U60/><E119/><V50/><F11/><W118/><G118/><T1/><D1/><U132/><E132/><V128/><F128/><W125/><G125/><T74/><D34/><RYUUKYOKU ba="0,1" sc="250,-10,250,-10,250,-10,240,30" hai3="24,31,33,47,48,56,57,59,62,64,79,80,87" /><INIT seed="1,1,1,3,4,92" ten="240,240,240,270" oya="1" hai0="123,127,88,82,6,33,102,59,99,113,73,30,68" hai1="112,21,89,22,62,122,128,41,25,90,63,32,44" hai2="20,94,11,107,31,4,48,18,10,95,75,7,117" hai3="115,91,133,5,72,125,47,71,2,135,87,55,46"/><U26/><E122/><V28/><F107/><W70/><G72/><T134/><D68/><N who="3" m="26153" /><G115/><T120/><D113/><U24/><E32/><V49/><F75/><W81/><G125/><T114/><D114/><U36/><E112/><V65/><F65/><W78/><G78/><N who="0" m="44367" /><D6/><U116/><E116/><V66/><F66/><W13/><G2/><T119/><D59/><U34/><E34/><V74/><F74/><W17/><G5/><T61/><D61/><U100/><E128/><V64/><F64/><W109/><G109/><T35/><D30/><U106/><E22/><V85/><F117/><W79/><G79/><T45/><D45/><U40/><E40/><V0/><F85/><W16/><G17/><T105/><D119/><U1/><E1/><V8/><F0/><W121/><G121/><N who="0" m="46667" /><D127/><U110/><E21/><V67/><F67/><W124/><G124/><T130/><D130/><U101/><E63/><V84/><F4/><W69/><G69/><T53/><D53/><U12/><E62/><V97/><F7/><W80/><G47/><T96/><D134/><N who="3" m="51209" /><G55/><T15/><D15/><U83/><E12/><N who="2" m="9287" /><F28/><W118/><G118/><T57/><D57/><U19/><E19/><V23/><F31/><W93/><G46/><T108/><D108/><U111/><E110/><V29/><F29/><W37/><G37/><T54/><D54/><U43/><E111/><V76/><F23/><AGARI ba="1,1" hai="13,16,23,80,81,87,91,93" m="51209,26153" machi="23" ten="30,2000,0" yaku="20,1,54,1" doraHai="92" who="3" fromWho="2" sc="240,0,240,0,240,-23,270,33" /><INIT seed="2,0,0,4,1,82" ten="240,240,217,303" oya="2" hai0="5,119,67,16,90,70,47,2,99,105,61,57,60" hai1="80,114,125,14,122,87,77,78,19,49,81,11,20" hai2="34,0,52,15,3,71,26,50,75,83,51,43,124" hai3="10,8,9,93,79,108,46,97,121,35,32,111,98"/><V30/><F71/><W58/><G121/><T91/><D119/><U37/><E114/><V66/><F124/><W92/><G58/><T85/><D2/><U96/><E125/><V45/><F66/><W24/><G79/><T129/><D5/><U88/><E37/><V55/><F43/><W22/><G46/><T62/><D129/><U135/><E135/><V127/><F127/><W29/><G92/><T28/><D28/><U95/><E122/><V1/><F15/><W25/><G97/><T68/><D68/><U18/><E49/><V72/><REACH who="2" step="1"/><F83/><REACH who="2" ten="240,240,207,303" step="2"/><W109/><REACH who="3" step="1"/><G25/><REACH who="3" ten="240,240,207,293" step="2"/><T103/><D70/><U13/><REACH who="1" step="1"/><E81/><REACH who="1" ten="240,230,207,293" step="2"/><V113/><F113/><W86/><G86/><T123/><D123/><U94/><E94/><V6/><F6/><W36/><G36/><T104/><D104/><U65/><E65/><V7/><F7/><W31/><G31/><T64/><D64/><U131/><E131/><V107/><F107/><W74/><G74/><T128/><D128/><U48/><E48/><V33/><F33/><W56/><G56/><AGARI ba="0,3" hai="0,1,3,26,30,34,45,50,51,52,55,56,72,75" machi="56" ten="40,7700,0" yaku="1,1,54,1,53,1" doraHai="82" doraHaiUra="42" who="2" fromWho="3" sc="240,0,230,0,207,107,293,-77" /><INIT seed="2,1,0,4,0,114" ten="240,230,314,216" oya="2" hai0="104,78,77,37,134,81,115,66,8,116,106,84,56" hai1="89,32,112,88,117,62,122,60,125,7,58,99,59" hai2="9,19,44,132,79,10,100,47,82,55,128,94,83" hai3="24,105,48,68,101,87,69,71,18,52,15,61,67"/><V21/><F132/><W20/><G105/><T53/><D37/><U74/><E112/><V93/><F128/><W113/><G113/><T16/><D116/><U97/><E32/><V40/><F55/><W85/><G101/><T91/><D66/><U135/><E7/><V31/><F31/><W123/><G123/><T76/><D134/><U0/><E0/><V109/><F109/><W70/><REACH who="3" step="1"/><G24/><REACH who="3" ten="240,230,314,206" step="2"/><T96/><D115/><U108/><E122/><V28/><F100/><W107/><G107/><T92/><D106/><U124/><E135/><V3/><F28/><W42/><G42/><T27/><D27/><U35/><E108/><V11/><F40/><W72/><G72/><T50/><D104/><U30/><E74/><V80/><F3/><W119/><G119/><T111/><D111/><U86/><E30/><V14/><REACH who="2" step="1"/><F79/><REACH who="2" ten="240,230,304,206" step="2"/><W22/><G22/><T33/><D33/><U49/><E35/><V73/><F73/><W64/><G64/><T43/><D43/><U38/><E117/><V12/><F12/><AGARI ba="1,2" hai="8,12,16,50,53,56,76,77,78,81,84,91,92,96" machi="12" ten="40,2600,0" yaku="8,1,54,1" doraHai="114" who="0" fromWho="2" sc="240,49,230,0,304,-29,206,0" /><INIT seed="3,0,0,2,1,57" ten="289,230,275,206" oya="3" hai0="106,88,121,28,43,61,26,32,52,92,12,124,30" hai1="111,16,13,104,101,87,76,91,84,18,123,4,48" hai2="29,3,74,59,81,90,98,85,69,0,115,37,135" hai3="5,79,99,117,7,8,9,105,15,41,102,119,24"/><W36/><G79/><T38/><D121/><U114/><E123/><V44/><F69/><W133/><G133/><T126/><D106/><U33/><E33/><V77/><F135/><W60/><G24/><T94/><D94/><U75/><E114/><V71/><F71/><W45/><REACH who="3" step="1"/><G60/><REACH who="3" ten="289,230,275,196" step="2"/><T65/><D26/><U14/><E76/><V96/><F77/><W64/><G64/><T58/><D65/><U132/><E132/><V95/><F74/><W110/><G110/><T55/><D32/><U51/><E75/><V100/><F115/><W23/><G23/><T47/><D126/><U20/><E20/><V49/><F29/><W107/><G107/><T25/><D124/><U31/><E104/><V6/><F0/><AGARI ba="0,1" hai="0,5,7,8,9,15,36,41,45,99,102,105,117,119" machi="0" ten="30,2900,0" yaku="1,1,7,1,53,0" doraHai="57" doraHaiUra="72" who="3" fromWho="2" sc="289,0,230,0,275,-29,196,39" /><INIT seed="3,1,0,0,0,20" ten="289,230,246,235" oya="3" hai0="53,69,43,47,59,61,63,32,127,2,105,82,93" hai1="72,84,40,126,115,35,67,91,13,5,19,41,26" hai2="34,62,98,128,27,57,7,38,130,70,33,112,74" hai3="106,52,39,18,85,3,104,129,31,49,110,86,0"/><W81/><G39/><T28/><D105/><U124/><E115/><V102/><F112/><W90/><G129/><N who="2" m="49769" /><F74/><W75/><G75/><T29/><D2/><U131/><E72/><V73/><F73/><W37/><G37/><T121/><D121/><U123/><E123/><V78/><F78/><W80/><G110/><T89/><D82/><N who="1" m="49559" /><E67/><N who="2" m="41335" /><F57/><W92/><G31/><T23/><D32/><U21/><E131/><V14/><F38/><W58/><G92/><T103/><D103/><U109/><E109/><V8/><F27/><W17/><G0/><T50/><D69/><U46/><E46/><V11/><F11/><W94/><G3/><T12/><D63/><U48/><E48/><V108/><F108/><W122/><G94/><AGARI ba="1,0" hai="7,8,14,33,34,94,98,102" m="41335,49769" machi="94" ten="30,1000,0" yaku="19,1" doraHai="20" who="2" fromWho="3" sc="289,0,230,0,246,13,235,-13" /><INIT seed="4,0,0,3,5,29" ten="289,230,259,222" oya="0" hai0="70,117,105,104,50,95,111,127,38,121,15,135,119" hai1="97,84,129,130,62,132,100,118,33,71,133,102,47" hai2="9,73,67,128,16,109,4,99,19,37,2,120,106" hai3="78,21,89,52,101,1,32,28,17,31,125,36,43"/><T112/><RYUUKYOKU type="yao9" ba="0,0" sc="289,0,230,0,259,0,222,0" hai0="15,38,50,70,95,104,105,111,112,117,119,121,127,135" /><INIT seed="4,1,0,2,4,123" ten="289,230,259,222" oya="0" hai0="107,133,93,28,135,32,122,83,68,134,76,86,90" hai1="20,14,48,46,45,50,12,22,72,0,67,61,119" hai2="124,120,85,42,78,110,59,98,15,3,36,55,75" hai3="87,108,128,92,49,19,56,71,2,64,104,4,129"/><T9/><D68/><U34/><E72/><V103/><F3/><W21/><G104/><T112/><D122/><U5/><E119/><V35/><F35/><W57/><G2/><T116/><D9/><U114/><E34/><V74/><F42/><W102/><G4/><T109/><D116/><U80/><E0/><V82/><F36/><W69/><G102/><T6/><D6/><U100/><E5/><V27/><F124/><W131/><G108/><T44/><D44/><U7/><E7/><V95/><F110/><W132/><G132/><T99/><D112/><U29/><E100/><V81/><F15/><N who="3" m="9471" /><G64/><T105/><D28/><U53/><E114/><V37/><F37/><W121/><G121/><T117/><D32/><U125/><E125/><V63/><F120/><W41/><G41/><T79/><D117/><U23/><E29/><V111/><F111/><W97/><G97/><T96/><D109/><U62/><E80/><V8/><F8/><W73/><G73/><N who="0" m="43407" /><D79/><U106/><E106/><AGARI ba="1,0" hai="86,90,93,96,99,105,106,107,133,134,135" m="43407" machi="106" ten="40,7700,0" yaku="20,1,34,2" doraHai="123" who="0" fromWho="1" sc="289,80,230,-80,259,0,222,0" /><INIT seed="4,2,0,5,2,85" ten="369,150,259,222" oya="0" hai0="50,43,75,28,27,86,84,98,96,49,23,13,131" hai1="124,32,133,39,83,56,93,30,82,21,125,53,37" hai2="100,113,25,122,130,17,26,99,51,47,134,0,128" hai3="91,132,135,101,5,36,74,62,79,34,18,65,90"/><T94/><D75/><U38/><E133/><N who="3" m="51274" /><G36/><T114/><D131/><U70/><E70/><V80/><F0/><W127/><G127/><N who="1" m="48714" /><E32/><V4/><F4/><W121/><G121/><T54/><D43/><U87/><E30/><V68/><F68/><N who="3" m="42039" /><G34/><T104/><D49/><N who="1" m="30767" /><E21/><V63/><F113/><W31/><G31/><T112/><D13/><U110/><E110/><V1/><F1/><W3/><G18/><T117/><D104/><U71/><E71/><V92/><F17/><W12/><G12/><T69/><D69/><U14/><E14/><V57/><F134/><W116/><G101/><T22/><D117/><U103/><E103/><V118/><F122/><W52/><G52/><T108/><D108/><U109/><E109/><V73/><F118/><W45/><G45/><T106/><D28/><U7/><E7/><V41/><F128/><W58/><G58/><T55/><D106/><U120/><E120/><V11/><F130/><W60/><G60/><T6/><D6/><U97/><E39/><V10/><F26/><W88/><G116/><T77/><D50/><U9/><E9/><V46/><F25/><W105/><G105/><T20/><D27/><U19/><E19/><V64/><F46/><W72/><G79/><T2/><D2/><U111/><E111/><V61/><F61/><W29/><G29/><T16/><D16/><U119/><E119/><V24/><F24/><W33/><G33/><T89/><D114/><U35/><E35/><V126/><F126/><W95/><G95/><T115/><D112/><U123/><E123/><V59/><F59/><W102/><G102/><RYUUKYOKU ba="2,0" sc="369,-15,150,-15,259,15,222,15" hai2="10,11,41,47,51,57,63,64,73,80,92,99,100" hai3="3,5,72,74,88,90,91" /><INIT seed="5,3,0,1,2,87" ten="354,135,274,237" oya="1" hai0="102,32,65,51,114,82,68,53,22,60,112,135,1" hai1="2,16,49,54,113,46,110,132,15,97,39,37,70" hai2="67,30,59,120,19,130,77,125,121,126,62,14,115" hai3="83,98,92,117,63,48,85,108,89,12,26,86,116"/><U118/><E118/><N who="3" m="45674" /><G48/><T33/><D1/><U4/><E70/><V81/><F130/><W73/><G63/><T84/><D102/><U17/><E113/><N who="0" m="43625" /><D22/><U123/><E123/><V18/><F30/><W69/><G12/><T127/><D127/><N who="2" m="48650" /><F115/><W88/><G69/><T25/><D25/><U107/><E132/><V5/><F5/><W75/><G108/><T7/><D7/><U44/><E110/><V55/><F55/><W106/><G26/><T9/><D9/><U10/><E17/><N who="2" m="6155" /><F14/><W23/><G23/><T6/><D6/><U43/><E107/><V134/><F134/><W29/><G29/><T35/><D135/><U99/><REACH who="1" step="1"/><E39/><REACH who="1" ten="354,125,274,237" step="2"/><V90/><F120/><W3/><G3/><T104/><D104/><U50/><E50/><V57/><F121/><W0/><G0/><T74/><D68/><U95/><E95/><V38/><F38/><W45/><G45/><T80/><D51/><U27/><E27/><V24/><F24/><W72/><G106/><T79/><D35/><U124/><E124/><V34/><F34/><W105/><G105/><T28/><D32/><U8/><AGARI ba="3,1" hai="2,4,8,10,15,16,37,43,44,46,49,54,97,99" machi="8" ten="20,7800,0" yaku="1,1,0,1,7,1,54,1,53,0" doraHai="87" doraHaiUra="61" who="1" fromWho="1" sc="354,-29,125,97,274,-29,237,-29" /><INIT seed="5,4,0,3,1,130" ten="325,222,245,208" oya="1" hai0="72,115,57,84,82,38,119,11,92,125,101,117,8" hai1="104,88,40,65,110,131,20,49,39,56,113,135,6" hai2="81,121,99,89,102,112,10,23,4,108,3,83,60" hai3="122,107,94,33,129,106,116,103,118,64,25,69,28"/><U97/><E131/><V132/><F108/><W62/><G129/><T109/><D38/><U44/><E110/><V66/><F121/><W13/><G122/><T37/><D37/><U76/><E113/><V55/><F55/><W85/><G13/><T48/><D72/><U98/><E76/><V16/><F89/><N who="3" m="53551" /><G103/><T7/><D11/><U34/><E34/><V32/><F132/><W35/><G35/><T70/><D70/><U87/><E104/><V80/><F32/><W46/><G46/><T74/><D74/><U2/><E2/><V93/><F112/><W53/><G53/><N who="0" m="31911" /><D115/><U0/><E0/><V30/><F30/><W105/><G105/><T22/><D109/><U128/><E6/><V19/><REACH who="2" step="1"/><F23/><REACH who="2" ten="325,222,235,208" step="2"/><W79/><G79/><T47/><D22/><U12/><E128/><V75/><F75/><W124/><G124/><T96/><D125/><U71/><E135/><V133/><F133/><W27/><G33/><T86/><D119/><U78/><E20/><V42/><F42/><W31/><G31/><T134/><D117/><U50/><E40/><V114/><F114/><W59/><G116/><T29/><D29/><U58/><E88/><V90/><F90/><W100/><G118/><T45/><D134/><U77/><E78/><V36/><F36/><W123/><G123/><T54/><D54/><U73/><E77/><V24/><F24/><W126/><G126/><T95/><D101/><U61/><E39/><V52/><F52/><N who="3" m="34151" /><G100/><T51/><D51/><U18/><E50/><V127/><F127/><W14/><G28/><T120/><D120/><U9/><E73/><RYUUKYOKU ba="4,1" sc="325,-10,222,-10,235,30,208,-10" hai2="3,4,10,16,19,60,66,80,81,83,93,99,102" /><INIT seed="6,5,1,1,4,110" ten="315,212,265,198" oya="2" hai0="121,9,44,42,120,95,109,52,79,39,19,60,76" hai1="96,50,123,104,111,128,113,40,84,102,107,91,131" hai2="125,87,56,82,78,117,4,25,93,97,68,85,27" hai3="16,108,73,7,90,24,49,129,0,26,61,83,22"/><V119/><F68/><W130/><G108/><T32/><D109/><U58/><E111/><V94/><F125/><W118/><G118/><T135/><D135/><U43/><E123/><V55/><F4/><W127/><G127/><T89/><D32/><U63/><E107/><V34/><F34/><W88/><G49/><T70/><D121/><U92/><E113/><V47/><F47/><W80/><G61/><T37/><D37/><U132/><E132/><V36/><F36/><W14/><G0/><T134/><D134/><U101/><E101/><V72/><F72/><W41/><G41/><T69/><D69/><U17/><E17/><V46/><F46/><W10/><G26/><N who="2" m="9737" /><F117/><W62/><G62/><T54/><D70/><U38/><E38/><V106/><F106/><W57/><G57/><T13/><D120/><U1/><E1/><V74/><F74/><W81/><REACH who="3" step="1"/><G73/><REACH who="3" ten="315,212,265,188" step="2"/><T86/><D60/><U100/><E43/><V30/><F119/><W103/><G103/><T115/><D42/><U6/><E102/><V112/><F56/><W67/><G67/><T31/><D39/><U126/><E126/><V114/><F55/><W124/><G124/><T75/><D75/><U48/><E40/><V99/><F30/><W65/><G65/><T23/><D54/><N who="1" m="34263" /><E131/><AGARI ba="5,2" hai="7,10,14,16,22,24,80,81,83,88,90,129,130,131" machi="131" ten="40,8000,1" yaku="1,1,19,1,54,2,53,0" doraHai="110" doraHaiUra="98" who="3" fromWho="1" sc="315,0,212,-95,265,0,188,115" /><INIT seed="7,0,0,1,1,26" ten="315,117,265,303" oya="3" hai0="120,74,98,107,75,130,134,72,128,62,68,45,13" hai1="20,100,21,122,84,77,105,6,80,29,60,43,55" hai2="110,97,61,102,54,83,15,124,67,3,121,24,114" hai3="71,30,95,93,12,14,23,111,36,69,119,117,132"/><W28/><G36/><T106/><D120/><U58/><E122/><V90/><F3/><W78/><G78/><T125/><D125/><U66/><E43/><V33/><F110/><W49/><G49/><T94/><D134/><U59/><E6/><V57/><F124/><W48/><G48/><T9/><D45/><U44/><E105/><V46/><F114/><W135/><G23/><T86/><D86/><U18/><E100/><V50/><F121/><W70/><G70/><T82/><D82/><U115/><E115/><V52/><F15/><W109/><AGARI ba="0,0" hai="12,14,28,30,69,71,93,95,109,111,117,119,132,135" machi="109" ten="25,12000,1" yaku="0,1,22,2,52,2" doraHai="26" who="3" fromWho="3" sc="315,-40,117,-40,265,-40,303,120" owari="275,8.0,77,-42.0,225,-17.0,423,51.0" /></mjloggm>