<mjloggm ver="2.3"><GO type="169" lobby="0"/><UN n0="%E7%89%8C%E6%B5%81%E5%AE%9A%E7%9F%B3%E6%9C%80%E9%AB%98" n1="%61%6D%61%69%6B%61" n2="%E5%A4%A7%E5%AE%AE%E5%BF%8D%76" n3="%E6%84%9B%E5%86%85%E9%87%8C%E8%8F%9C" dan="16,17,17,18" rate="2124.92,2206.72,2214.16,2181.41" sx="M,M,M,F"/><TAIKYOKU oya="0"/><INIT seed="0,0,0,0,4,32" ten="250,250,250,250" oya="0" hai0="26,42,31,134,63,126,103,65,43,86,94,49,124" hai1="95,120,20,79,82,89,69,56,112,14,117,128,50" hai2="109,44,39,130,74,85,108,129,111,36,12,125,45" hai3="1,48,119,107,64,105,104,59,68,55,37,135,19"/><T72/><D72/><U24/><E117/><V29/><F85/><W93/><G119/><T22/><D134/><U30/><E120/><V75/><F12/><W96/><G135/><T71/><D49/><U106/><E106/><V4/><F4/><W51/><G37/><N who="2" m="14409" /><F29/><W11/><G48/><T33/><D33/><U47/><E69/><V131/><F125/><N who="0" m="48234" /><D86/><U58/><E128/><V5/><F5/><W7/><G19/><T116/><D116/><U97/><E112/><V16/><F16/><W28/><G28/><T88/><D88/><U10/><E10/><V100/><F100/><W83/><G83/><T0/><D0/><U38/><E38/><V18/><F18/><W61/><REACH who="3" step="1"/><G107/><REACH who="3" ten="250,250,250,240" step="2"/><T113/><D113/><U66/><E82/><V121/><F121/><W54/><G54/><T78/><D78/><U91/><E30/><V6/><F6/><W87/><G87/><T80/><D80/><U40/><E97/><AGARI ba="0,1" hai="22,26,31,42,43,63,65,71,94,97,103" m="48234" machi="97" ten="30,1500,0" yaku="18,1" doraHai="32" who="0" fromWho="1" sc="250,25,250,-15,250,0,240,0" /><INIT seed="0,1,0,3,4,0" ten="275,235,250,240" oya="0" hai0="64,18,89,90,37,29,40,22,104,59,117,84,69" hai1="101,6,110,3,125,50,99,96,61,74,127,8,1" hai2="130,132,113,122,106,14,7,63,30,135,77,131,10" hai3="28,111,2,32,72,19,11,13,44,21,121,102,128"/><T47/><D117/><U17/><E110/><V94/><F94/><W82/><G111/><T5/><D104/><U88/><E74/><V60/><F77/><W39/><G128/><N who="2" m="49193" /><F106/><W95/><G121/><T68/><D29/><U116/><E116/><V66/><F63/><W133/><G133/><N who="2" m="51273" /><F113/><W100/><G95/><T4/><D69/><U78/><E78/><V108/><F108/><W24/><G82/><T31/><D31/><U98/><E101/><V62/><F62/><W103/><G72/><T79/><D79/><U9/><E61/><V12/><F122/><W97/><G97/><T92/><D68/><U73/><E73/><V112/><F112/><W57/><G57/><T56/><D64/><U70/><E50/><V83/><F83/><W23/><G44/><T81/><D59/><U76/><E76/><V129/><N who="2" m="49201" /><V52/><DORA hai="85" /><F30/><W120/><G120/><T115/><D56/><U109/><E109/><V55/><F14/><W49/><G49/><T65/><D65/><U53/><E53/><V67/><F67/><W33/><G102/><T25/><D115/><U16/><E70/><AGARI ba="1,0" hai="7,10,12,52,55,60,66,70" m="51273,49201" machi="70" ten="40,8000,1" yaku="19,1,20,1,52,1,54,1" doraHai="0,85" who="2" fromWho="1" sc="275,0,235,-83,250,83,240,0" /><INIT seed="1,0,0,1,0,39" ten="275,152,333,240" oya="1" hai0="70,80,36,55,57,86,124,45,100,58,85,89,127" hai1="17,87,75,134,68,48,61,115,94,11,41,1,4" hai2="37,44,73,74,109,117,49,77,32,125,54,42,79" hai3="33,40,72,93,111,129,101,23,6,131,82,60,10"/><U126/><E115/><V103/><F117/><W8/><G111/><T95/><D70/><U13/><E75/><V65/><F32/><W7/><G33/><T99/><D86/><U20/><E134/><V108/><F103/><W51/><G23/><T133/><D133/><U130/><E130/><V66/><F79/><W67/><G101/><T90/><D90/><U59/><E126/><N who="0" m="48169" /><D36/><U78/><E68/><V123/><F125/><W105/><G93/><T128/><D128/><U18/><E18/><V91/><F91/><W114/><G105/><T22/><D22/><U12/><E94/><V52/><F123/><W26/><G114/><T84/><D84/><U47/><E1/><V46/><F77/><W135/><G135/><T116/><D116/><U118/><E118/><V83/><F83/><W69/><G82/><T121/><D121/><U3/><E3/><V15/><F15/><W21/><G72/><T0/><D0/><U28/><E28/><V43/><F49/><AGARI ba="0,0" hai="45,49,55,57,58,80,85,89,95,99,100" m="48169" machi="49" ten="30,1000,0" yaku="18,1" doraHai="39" who="0" fromWho="2" sc="275,10,152,0,333,-10,240,0" /><INIT seed="2,0,0,1,5,53" ten="285,152,323,240" oya="2" hai0="54,21,89,94,22,130,15,27,52,20,25,13,72" hai1="39,83,2,97,84,108,8,69,87,103,78,41,82" hai2="4,96,1,112,125,123,60,132,122,30,5,73,16" hai3="32,58,49,75,91,92,67,106,129,42,90,36,85"/><V38/><F73/><W34/><G129/><T24/><D72/><U131/><E108/><V98/><F38/><W100/><G75/><T70/><D70/><U77/><E131/><V50/><F112/><W56/><G36/><T57/><D130/><U105/><E69/><V71/><F30/><W46/><G67/><T119/><D119/><U88/><E39/><V7/><F1/><W120/><G120/><T62/><REACH who="0" step="1"/><D54/><REACH who="0" ten="275,152,323,240" step="2"/><U114/><E114/><V80/><F122/><W3/><G3/><T128/><D128/><U63/><E41/><V23/><F123/><W31/><G32/><T107/><D107/><U35/><E35/><V18/><F71/><W110/><G110/><T95/><D95/><U104/><E63/><V93/><F60/><W12/><G106/><N who="1" m="41066" /><E2/><V61/><F61/><W11/><G42/><T17/><D17/><U29/><E29/><V76/><F16/><W14/><G31/><T111/><D111/><U40/><E40/><V0/><F0/><W37/><G34/><T124/><D124/><U101/><E8/><V127/><F125/><W117/><G11/><T9/><D9/><U64/><E64/><V47/><F127/><W26/><G92/><AGARI ba="0,1" hai="77,78,82,83,84,87,88,92,97,101,103" m="41066" machi="92" ten="30,12000,2" yaku="35,5,54,1" doraHai="53" who="1" fromWho="3" sc="275,0,152,130,323,0,240,-120" /><INIT seed="3,0,0,3,1,85" ten="275,282,323,120" oya="3" hai0="14,126,31,21,23,122,110,35,114,124,46,17,72" hai1="75,132,87,32,77,5,3,106,83,130,94,91,62" hai2="20,107,104,113,59,4,0,71,112,102,105,128,26" hai3="80,89,68,53,55,49,134,116,131,90,95,86,40"/><W38/><G134/><T73/><D122/><U60/><E32/><V129/><F71/><W9/><G131/><N who="2" m="50249" /><F102/><W12/><G116/><T65/><D65/><U99/><E130/><V79/><F79/><W54/><G38/><T121/><D121/><U37/><E37/><V51/><F4/><W93/><G68/><T34/><D46/><U47/><E47/><V7/><F7/><N who="3" m="3135" /><G40/><T103/><D103/><N who="1" m="62847" /><E132/><V63/><F51/><W39/><G39/><T97/><D97/><U123/><E123/><V10/><F10/><AGARI ba="0,0" hai="3,5,10,60,62,75,77,83,87,91,94" m="62847" machi="10" ten="30,2000,0" yaku="24,1,52,1" doraHai="85" who="1" fromWho="2" sc="275,0,282,20,323,-20,120,0" /><INIT seed="4,0,0,4,1,49" ten="275,302,303,120" oya="0" hai0="115,5,8,3,65,99,63,79,28,75,18,25,109" hai1="57,111,41,113,30,31,17,132,33,27,47,14,70" hai2="118,105,23,96,34,9,24,15,128,88,39,98,87" hai3="92,125,130,54,55,108,119,82,13,32,84,127,45"/><T64/><D115/><U94/><E111/><V46/><F34/><W6/><G108/><T62/><D109/><U133/><E70/><V22/><F128/><W29/><G119/><T60/><D18/><U81/><E113/><V1/><F1/><W7/><G130/><T89/><D79/><U129/><E129/><V48/><F39/><W134/><G92/><T123/><D75/><U67/><E81/><N who="2" m="49263" /><F105/><W100/><G100/><T131/><D123/><U103/><E94/><V58/><F58/><W50/><G134/><N who="1" m="51818" /><E27/><V40/><F118/><W11/><G7/><T74/><D74/><U61/><E103/><V104/><F104/><W95/><G95/><T20/><REACH who="0" step="1"/><D131/><REACH who="0" ten="265,302,303,120" step="2"/><U36/><E33/><V86/><F86/><W43/><G32/><T85/><D85/><U117/><E117/><V26/><F96/><W107/><G107/><T19/><D19/><U52/><E67/><V101/><F98/><W122/><G122/><T51/><D51/><U120/><E120/><V121/><F121/><W35/><G35/><T73/><D73/><U44/><E17/><V37/><F37/><W59/><G29/><T69/><D69/><U38/><E14/><V12/><F15/><W10/><G10/><T126/><D126/><N who="3" m="48137" /><G59/><T53/><D53/><U66/><E66/><V56/><F56/><W71/><G71/><T78/><D78/><AGARI ba="0,1" hai="6,11,13,43,45,50,54,55,78,82,84" m="48137" machi="78" ten="30,7700,0" yaku="25,1,18,1,52,2" doraHai="49" who="3" fromWho="0" sc="265,-77,302,0,303,0,120,87" /><INIT seed="5,0,0,3,1,43" ten="188,302,303,207" oya="1" hai0="23,36,81,19,135,79,113,77,39,69,76,109,102" hai1="82,114,21,80,56,58,34,72,71,18,94,15,86" hai2="0,55,65,70,132,99,10,27,46,124,105,37,44" hai3="68,8,66,129,11,78,26,121,125,93,123,42,47"/><U29/><E114/><V84/><F65/><W110/><G78/><T98/><D113/><U74/><E71/><V48/><F70/><W4/><G110/><T3/><D109/><U92/><E29/><V130/><F27/><W119/><G129/><T40/><D135/><U45/><E34/><V133/><F84/><W85/><G125/><T100/><D3/><U1/><E1/><V52/><F124/><W33/><G119/><T91/><D69/><U131/><E131/><V20/><F20/><W32/><G8/><T38/><D81/><N who="1" m="31339" /><E74/><V67/><F67/><W106/><G106/><T89/><D40/><U12/><E12/><V95/><F105/><W87/><G66/><T61/><D61/><U63/><E72/><V64/><F64/><W75/><G75/><T115/><D115/><U120/><E120/><V73/><F73/><W60/><G60/><T126/><D126/><U111/><E111/><V28/><F28/><W116/><G116/><T108/><D108/><U104/><E104/><V49/><F37/><N who="3" m="21967" /><G68/><T2/><D2/><U50/><E86/><N who="3" m="32778" /><G32/><T118/><D118/><U35/><E35/><V24/><F130/><W107/><G107/><T53/><D53/><N who="1" m="34191" /><E58/><V51/><F132/><W25/><G33/><T17/><D98/><U30/><E30/><V88/><F133/><W9/><G121/><T134/><D134/><U13/><E13/><V5/><F24/><N who="3" m="9323" /><G123/><T96/><D96/><U117/><E117/><V83/><F83/><W103/><G4/><T62/><D62/><U90/><E90/><N who="0" m="34313" /><D23/><U101/><E101/><AGARI ba="0,0" hai="17,19,36,38,39,76,77,79,100,101,102" m="34313" machi="101" ten="40,2600,0" yaku="28,2" doraHai="43" who="0" fromWho="1" sc="188,26,302,-26,303,0,207,0" /><INIT seed="6,0,0,2,2,16" ten="214,276,303,207" oya="2" hai0="135,55,12,42,29,23,8,61,83,78,33,76,124" hai1="68,20,87,3,36,90,131,101,15,62,85,125,88" hai2="44,111,65,81,126,128,97,123,35,25,74,31,130" hai3="60,109,75,69,9,28,92,120,56,93,1,82,64"/><V57/><F123/><W51/><G120/><T6/><D124/><U77/><E36/><V115/><F115/><W41/><G109/><T22/><D135/><U71/><E3/><V13/><F126/><W114/><G114/><T63/><D42/><U127/><E101/><V122/><F122/><W66/><G28/><T95/><D33/><U37/><E37/><V102/><F44/><W11/><G64/><T116/><D116/><U106/><E106/><V105/><F13/><W100/><G69/><T113/><D29/><U17/><E77/><N who="0" m="29801" /><D83/><U117/><E117/><V59/><F81/><W27/><G82/><T24/><D24/><U107/><E107/><V58/><F74/><W34/><G75/><T79/><N who="0" m="29809" /><T103/><DORA hai="110" /><D113/><U99/><E71/><V30/><F111/><W45/><G1/><T47/><D47/><U38/><E38/><V26/><REACH who="2" step="1"/><F65/><REACH who="2" ten="214,276,293,207" step="2"/><W112/><G112/><T121/><D121/><U91/><E125/><V134/><F134/><W73/><G73/><T54/><D54/><U46/><E46/><V108/><F108/><W39/><G39/><T21/><D55/><U18/><E127/><V72/><F72/><W129/><G66/><T2/><D2/><U104/><E15/><V19/><F19/><W50/><G45/><T4/><D4/><U94/><E17/><V86/><F86/><W7/><G7/><T67/><D67/><U96/><E18/><V132/><F132/><W52/><G52/><T80/><D80/><U43/><E87/><V89/><F89/><W133/><G133/><T84/><D84/><U48/><E85/><RYUUKYOKU ba="0,1" sc="214,15,276,-15,293,15,207,-15" hai0="6,8,12,21,22,23,61,63,95,103" hai2="25,26,30,31,35,57,58,59,97,102,105,128,130" /><INIT seed="6,1,1,2,5,81" ten="229,261,308,192" oya="2" hai0="32,95,104,39,129,23,25,92,46,48,128,47,112" hai1="41,56,52,26,65,77,34,13,99,80,131,126,12" hai2="93,110,60,127,107,30,96,133,8,58,67,124,5" hai3="135,33,50,28,72,89,20,132,84,3,15,94,91"/><V100/><F133/><N who="3" m="51275" /><G3/><T59/><D112/><U98/><E65/><V55/><F110/><W14/><G33/><T16/><D104/><U57/><E41/><V122/><F122/><W7/><G72/><T97/><D32/><U106/><E131/><N who="0" m="50249" /><D39/><U24/><E126/><V53/><F30/><W86/><G50/><T90/><D95/><U87/><E34/><V63/><F107/><W2/><G28/><T21/><D21/><U61/><E57/><V75/><F75/><W130/><G130/><T79/><D79/><U116/><E116/><V118/><F118/><W83/><G20/><T73/><D73/><U49/><E61/><V119/><F119/><W62/><G62/><T6/><D6/><U31/><E106/><V64/><F127/><W37/><G37/><T38/><D38/><U51/><E51/><V114/><F114/><W22/><G22/><T45/><D59/><U66/><E66/><V11/><F124/><W10/><AGARI ba="1,1" hai="2,7,10,14,15,83,84,86,89,91,94" m="51275" machi="10" ten="30,4000,0" yaku="20,1,52,2" doraHai="81" who="3" fromWho="3" sc="229,-11,261,-11,308,-21,192,53" /><INIT seed="7,0,0,0,4,100" ten="218,250,287,245" oya="3" hai0="53,67,15,3,39,72,127,75,66,23,37,48,57" hai1="77,98,32,59,65,52,117,19,11,81,54,85,61" hai2="79,27,129,120,69,82,99,63,26,42,113,74,134" hai3="25,2,34,132,70,106,97,36,125,88,92,110,78"/><W31/><G36/><T133/><D3/><U43/><E32/><V30/><F27/><W29/><G29/><T96/><D133/><U1/><E117/><V0/><F134/><W116/><G132/><T20/><D96/><U51/><E1/><V62/><F62/><W108/><G116/><T8/><D127/><U114/><E114/><V107/><F113/><W131/><G125/><T124/><D124/><U122/><E122/><V135/><F135/><W105/><G131/><T73/><D39/><U86/><E98/><V87/><F42/><W22/><G70/><T91/><D91/><U128/><E128/><V83/><F0/><W112/><G112/><T5/><REACH who="0" step="1"/><D37/><REACH who="0" ten="208,250,287,245" step="2"/><U89/><E89/><V95/><F129/><W76/><G2/><T33/><D33/><U104/><E77/><N who="3" m="29802" /><G34/><T118/><D118/><U40/><E81/><V71/><F83/><W123/><G123/><T90/><D90/><U28/><E85/><V7/><F87/><W10/><G10/><T41/><D41/><U103/><E86/><V84/><F84/><W64/><G64/><AGARI ba="0,1" hai="5,8,15,20,23,48,53,57,64,66,67,72,73,75" machi="64" ten="40,5200,0" yaku="1,1,53,2" doraHai="100" doraHaiUra="17" who="0" fromWho="3" sc="208,62,250,0,287,0,245,-52" /><INIT seed="8,0,0,0,4,48" ten="270,250,287,193" oya="0" hai0="8,11,96,43,35,18,111,131,3,100,83,21,92" hai1="37,116,12,76,61,40,78,73,99,86,112,66,122" hai2="114,132,60,109,69,113,87,44,9,128,107,126,125" hai3="53,108,129,91,0,101,80,45,24,123,88,23,16"/><T47/><D131/><U97/><E116/><V56/><F109/><W134/><G108/><T95/><D111/><U133/><E122/><V84/><F128/><W72/><G129/><T94/><D35/><U127/><E73/><V59/><F107/><W20/><G0/><T6/><D11/><U71/><E133/><V62/><F44/><W27/><G134/><T77/><D21/><U124/><E112/><V81/><F9/><W33/><G33/><T106/><D18/><U25/><E12/><V58/><F132/><W119/><G119/><T79/><REACH who="0" step="1"/><D83/><REACH who="0" ten="260,250,287,193" step="2"/><U103/><E124/><V102/><F125/><W49/><G123/><T32/><D32/><U28/><E127/><V14/><F126/><W5/><G5/><T70/><D70/><U121/><E71/><V29/><F69/><W36/><G36/><AGARI ba="0,1" hai="3,6,8,36,43,47,77,79,92,94,95,96,100,106" machi="36" ten="40,7700,0" yaku="1,1,53,2" doraHai="48" doraHaiUra="74" who="0" fromWho="3" sc="260,87,250,0,287,0,193,-77" owari="347,44.0,250,-15.0,287,9.0,116,-38.0" /></mjloggm>