<mjloggm ver="2.3"><GO type="169" lobby="0"/><UN n0="%51%6F%6F%E5%9D%8A" n1="%4E%65%67%69%74%6F%72%6F" n2="%E8%8B%A5%E5%AE%AE%E6%98%8E%E6%97%A5%E9%A6%99" n3="%75%72%61%74%61%6D%61" dan="16,16,17,16" rate="2115.72,2138.37,2205.63,2070.80" sx="M,M,F,M"/><TAIKYOKU oya="0"/><INIT seed="0,0,0,5,3,98" ten="250,250,250,250" oya="0" hai0="0,56,7,75,36,72,109,82,46,123,44,67,131" hai1="12,112,111,59,43,97,32,116,28,77,71,17,50" hai2="93,3,5,94,9,91,83,79,81,114,87,29,25" hai3="121,39,73,132,113,34,101,115,127,62,128,129,100"/><T104/><D123/><U15/><E116/><V66/><F114/><W80/><G34/><T53/><D0/><U85/><E71/><V19/><F66/><W48/><G39/><T51/><D7/><U90/><E112/><N who="3" m="43082" /><G121/><T26/><D26/><U118/><E111/><V103/><F19/><W11/><G11/><T135/><D82/><U108/><E108/><V37/><F37/><W41/><G62/><N who="0" m="38343" /><D109/><U13/><E32/><V49/><F49/><W8/><G8/><T122/><D122/><U110/><E28/><V58/><F58/><W106/><G106/><T102/><D72/><U88/><E118/><V52/><F52/><W99/><G132/><T60/><D75/><U14/><E110/><V57/><F57/><W54/><G41/><N who="0" m="22567" /><D135/><U68/><E77/><V86/><REACH who="2" step="1"/><F103/><REACH who="2" ten="250,250,240,250" step="2"/><N who="3" m="39499" /><G127/><T133/><D133/><U105/><E17/><V69/><F69/><W92/><G48/><T76/><D51/><U35/><E68/><V65/><F65/><W130/><G54/><T38/><D53/><U33/><E50/><V6/><F6/><W117/><G117/><T16/><D38/><U31/><E59/><V4/><F4/><W78/><G128/><T23/><D131/><U2/><E43/><V10/><F10/><W95/><G95/><T61/><D16/><U20/><E2/><V22/><AGARI ba="0,1" hai="3,5,9,22,25,29,79,81,83,86,87,91,93,94" machi="22" ten="20,5200,0" yaku="1,1,0,1,7,1,53,1" doraHai="98" doraHaiUra="1" who="2" fromWho="2" sc="250,-26,250,-13,240,62,250,-13" /><INIT seed="1,0,0,0,5,43" ten="224,237,302,237" oya="1" hai0="12,122,4,55,95,26,106,46,130,11,94,13,7" hai1="103,6,48,64,118,72,58,59,92,99,50,53,5" hai2="45,119,120,22,28,105,34,1,125,115,57,32,91" hai3="36,8,112,42,0,68,98,78,87,104,117,85,93"/><U121/><E121/><V37/><F119/><W31/><G104/><T126/><D106/><U66/><E118/><V17/><F120/><W132/><G117/><T10/><D122/><U30/><E72/><V2/><F105/><W77/><G68/><T113/><D113/><U131/><E131/><V27/><F115/><W73/><G31/><T19/><D130/><U54/><REACH who="1" step="1"/><E30/><REACH who="1" ten="224,227,302,237" step="2"/><V82/><F28/><W52/><G73/><T29/><D126/><U96/><E96/><V102/><F125/><W20/><G98/><T69/><D69/><U40/><E40/><V44/><F34/><W79/><G42/><T100/><D100/><U71/><E71/><V47/><F32/><W129/><G129/><T15/><D29/><U107/><E107/><V25/><F102/><W35/><G35/><T110/><D110/><U39/><E39/><V65/><F37/><W123/><G36/><T33/><D33/><U24/><E24/><V74/><F27/><W14/><G123/><T86/><D26/><U128/><E128/><V23/><F74/><W41/><G41/><T60/><D86/><U21/><E21/><V18/><F23/><W9/><G85/><T70/><D70/><U16/><E16/><V134/><F17/><N who="3" m="8391" /><G20/><T62/><D19/><U80/><E80/><V81/><F81/><W133/><G112/><T90/><D11/><U3/><E3/><V88/><F82/><W127/><G0/><T84/><D10/><U135/><E135/><V124/><F134/><W83/><G9/><T63/><D94/><U67/><AGARI ba="0,1" hai="5,6,48,50,53,54,58,59,64,66,67,92,99,103" machi="67" ten="30,11700,0" yaku="1,1,0,1,9,1,8,1,53,0" doraHai="43" doraHaiUra="108" who="1" fromWho="1" sc="224,-39,227,127,302,-39,237,-39" /><INIT seed="1,1,0,1,3,14" ten="185,354,263,198" oya="1" hai0="57,20,99,73,80,125,9,25,34,77,79,47,17" hai1="97,88,46,71,27,4,41,39,96,122,76,16,132" hai2="107,12,126,40,13,103,78,35,72,23,0,45,10" hai3="109,94,58,116,7,32,134,81,84,44,101,49,108"/><U64/><E122/><V1/><F35/><W100/><G116/><T95/><D125/><U26/><E132/><V56/><F126/><W67/><G32/><T130/><D130/><U92/><E76/><V117/><F117/><W98/><G134/><T105/><D105/><U37/><E4/><V68/><F68/><W60/><G100/><T66/><D34/><U21/><E26/><V89/><F103/><W19/><G7/><T127/><D9/><U121/><E121/><V115/><F107/><W15/><G84/><T119/><D77/><U69/><E69/><V55/><F115/><W6/><G81/><T106/><D106/><U85/><REACH who="1" step="1"/><E39/><REACH who="1" ten="185,344,263,198" step="2"/><V8/><F78/><W59/><G6/><T120/><D127/><U5/><E5/><V129/><F0/><W31/><G109/><T111/><D111/><U36/><E36/><V29/><F1/><W112/><G108/><T135/><D120/><U50/><E50/><V53/><F12/><W30/><G112/><T65/><D135/><U22/><E22/><V83/><F13/><W61/><G49/><T42/><D119/><U3/><E3/><V54/><F23/><N who="3" m="11775" /><G44/><T102/><D57/><U24/><E24/><V52/><F56/><W62/><G62/><AGARI ba="1,1" hai="16,21,27,37,41,46,62,64,71,85,88,92,96,97" machi="62" ten="40,12000,1" yaku="1,1,52,1,54,2,53,1" doraHai="14" doraHaiUra="63" who="1" fromWho="3" sc="185,0,344,133,263,0,198,-123" /><INIT seed="1,2,0,3,0,122" ten="185,477,263,75" oya="1" hai0="89,98,123,17,16,62,44,99,19,33,48,85,28" hai1="105,32,49,113,10,36,41,68,121,1,101,72,108" hai2="104,83,35,61,91,43,65,131,64,118,112,29,42" hai3="71,26,114,38,40,127,73,90,100,13,124,63,4"/><U51/><RYUUKYOKU type="yao9" ba="2,0" sc="185,0,477,0,263,0,75,0" hai1="1,10,32,36,41,49,51,68,72,101,105,108,113,121" /><INIT seed="1,3,0,4,1,8" ten="185,477,263,75" oya="1" hai0="44,49,59,105,88,126,5,123,98,12,7,46,96" hai1="53,117,43,61,48,104,125,87,106,13,16,58,33" hai2="120,2,27,74,112,66,64,77,111,60,71,90,78" hai3="42,134,129,22,133,40,108,127,35,1,17,121,51"/><U95/><E117/><V15/><F2/><W93/><G121/><T102/><D126/><U85/><E125/><V29/><F120/><W14/><G127/><T122/><D59/><N who="1" m="33191" /><E33/><V101/><F66/><W50/><G129/><T89/><D49/><N who="3" m="18441" /><G1/><T11/><D102/><U86/><E43/><V25/><F111/><W115/><G35/><T116/><D11/><N who="1" m="6207" /><E106/><V99/><F74/><W26/><G108/><T114/><D105/><U82/><E104/><V39/><F39/><W30/><G93/><T20/><D20/><U24/><E24/><V55/><F27/><W38/><G38/><T80/><D80/><U128/><E95/><V72/><F25/><W132/><G115/><T3/><D3/><U19/><E19/><V23/><F112/><W131/><G131/><T36/><D36/><U109/><E109/><V124/><F124/><W21/><AGARI ba="3,0" hai="14,17,21,22,26,30,40,42,132,133,134" m="18441" machi="21" ten="40,2700,0" yaku="20,1,52,1" doraHai="8" who="3" fromWho="3" sc="185,-10,477,-16,263,-10,75,36" /><INIT seed="2,0,0,1,2,56" ten="175,461,253,111" oya="2" hai0="54,59,5,98,88,0,82,71,100,116,129,7,13" hai1="41,87,61,51,64,67,46,21,84,94,85,106,101" hai2="108,19,36,125,81,31,60,35,103,76,2,83,20" hai3="72,119,17,126,39,43,112,133,110,86,53,40,30"/><V114/><F114/><W93/><G119/><T99/><D116/><U95/><E106/><V11/><F36/><W32/><G72/><T123/><D123/><U69/><E67/><V3/><F103/><W1/><G1/><T113/><D71/><U78/><E78/><V22/><F83/><W102/><G17/><T45/><D45/><U89/><E101/><V34/><F125/><W24/><G53/><T134/><D134/><U109/><E109/><V27/><F108/><W38/><G126/><T65/><D65/><U131/><E131/><V63/><F22/><W96/><G133/><T91/><D0/><U6/><E6/><N who="2" m="1495" /><F35/><W135/><G135/><T37/><D37/><U122/><E122/><V107/><F107/><W124/><G124/><T28/><D100/><U66/><E66/><V80/><F3/><W92/><G110/><T9/><D5/><U104/><E104/><V73/><F81/><W25/><G39/><T52/><D82/><U128/><E128/><V75/><F75/><W47/><G40/><T111/><D111/><U48/><E94/><V58/><F58/><W70/><G112/><T18/><D7/><U26/><REACH who="1" step="1"/><E51/><REACH who="1" ten="175,451,253,111" step="2"/><V77/><F77/><W33/><G92/><T29/><D129/><U8/><E8/><V97/><F76/><W15/><G93/><T23/><D9/><U68/><E68/><V90/><F73/><W62/><G70/><T121/><D121/><U57/><E57/><V117/><F117/><W16/><G38/><T74/><D74/><U118/><E118/><V44/><F80/><W120/><G102/><T55/><D113/><RYUUKYOKU ba="0,1" sc="175,-10,451,30,253,-10,111,-10" hai1="21,26,41,46,48,61,64,69,84,85,87,89,95" /><INIT seed="3,1,1,3,0,81" ten="165,481,243,101" oya="3" hai0="36,56,100,15,1,55,32,21,6,69,93,0,90" hai1="4,127,19,108,14,96,77,85,51,20,119,125,27" hai2="128,92,70,112,2,3,18,103,82,106,35,40,33" hai3="39,25,74,75,87,30,65,135,105,34,86,111,73"/><W109/><G39/><T62/><D32/><U123/><E108/><N who="3" m="41546" /><G135/><T29/><D36/><U83/><E123/><V126/><F112/><W97/><G65/><T110/><D110/><U116/><E96/><V79/><F70/><W22/><G34/><T133/><D133/><U101/><E101/><AGARI ba="1,1" hai="22,25,30,73,74,75,86,87,97,101,105" m="41546" machi="101" ten="40,12000,1" yaku="14,1,10,1,52,2" doraHai="81" who="3" fromWho="1" sc="165,0,481,-123,243,0,101,133" /><INIT seed="3,2,0,0,0,63" ten="165,358,243,234" oya="3" hai0="52,133,29,125,30,2,16,118,88,22,13,116,124" hai1="77,72,120,93,3,28,58,31,24,103,97,32,127" hai2="44,117,42,67,101,84,119,102,104,19,34,132,20" hai3="60,87,100,106,47,43,38,62,105,69,130,27,75"/><W40/><G130/><T21/><D2/><U115/><E3/><V95/><F34/><W51/><G75/><T5/><D5/><U80/><E127/><N who="0" m="48713" /><D52/><U78/><E78/><V86/><F132/><W134/><G134/><T109/><D133/><U66/><E28/><N who="0" m="10857" /><D109/><U128/><E128/><V108/><F108/><W65/><G27/><T18/><D88/><U121/><E115/><V55/><F55/><W111/><G111/><T92/><D92/><U96/><E96/><V73/><F95/><W6/><G6/><T59/><D59/><U46/><E46/><V112/><F44/><W113/><G113/><T56/><D56/><U71/><E58/><V15/><F112/><W99/><G105/><T82/><D82/><U79/><E79/><V48/><F104/><W41/><G87/><T25/><AGARI ba="2,0" hai="13,16,18,21,22,25,116,118" m="10857,48713" machi="25" ten="30,7900,0" yaku="18,1,34,2,54,1" doraHai="63" who="0" fromWho="0" sc="165,85,358,-22,243,-22,234,-41" /><INIT seed="4,0,0,1,2,68" ten="250,336,221,193" oya="0" hai0="83,58,82,19,118,77,84,128,75,59,134,38,28" hai1="85,24,86,5,113,65,126,11,88,66,9,16,91" hai2="90,120,122,92,62,102,101,56,15,25,49,110,26" hai3="3,93,105,124,53,87,117,10,0,51,13,129,41"/><T12/><D118/><U98/><E126/><V42/><F110/><W130/><G105/><T32/><D134/><U35/><E35/><V39/><F122/><W123/><G117/><T100/><D100/><N who="2" m="38506" /><F39/><W17/><G41/><T30/><D128/><U106/><E106/><V23/><F120/><W115/><G124/><T34/><D38/><U81/><E113/><V76/><F76/><W6/><G123/><T7/><D7/><U125/><E98/><V2/><F2/><W119/><G119/><T74/><D19/><U104/><E104/><V116/><F116/><W109/><G109/><T72/><D12/><N who="1" m="5167" /><E125/><V54/><F42/><W29/><G29/><T135/><D135/><U132/><E11/><V22/><F62/><W8/><G115/><T21/><D21/><N who="2" m="7690" /><F15/><W114/><G114/><T40/><D40/><U57/><E132/><V69/><F69/><W71/><G71/><T89/><D74/><U73/><E73/><V20/><N who="2" m="7698" /><V61/><DORA hai="94" /><F61/><W70/><G70/><T50/><D50/><U97/><E65/><V78/><F78/><W121/><G121/><T18/><D18/><U48/><E16/><V96/><AGARI ba="0,0" hai="25,26,49,54,56,90,92,96" m="7698,38506" machi="96" ten="40,2700,0" yaku="8,1,52,1" doraHai="68,94" who="2" fromWho="2" sc="250,-13,336,-7,221,27,193,-7" /><INIT seed="5,0,0,4,4,134" ten="237,329,248,186" oya="1" hai0="83,121,27,21,101,108,5,78,77,125,124,106,42" hai1="28,11,39,26,127,45,25,97,60,29,80,16,61" hai2="3,35,47,56,90,8,105,116,22,30,23,33,120" hai3="93,72,98,115,48,58,94,102,38,49,133,46,135"/><U87/><E127/><N who="0" m="48713" /><D108/><U75/><E75/><V57/><F105/><W95/><G72/><N who="0" m="43431" /><D78/><N who="1" m="46487" /><E39/><V44/><F116/><W71/><G71/><T118/><D118/><U99/><E45/><V9/><F90/><W1/><G1/><T14/><D42/><U104/><E104/><V12/><F3/><W50/><G115/><T122/><D106/><U51/><E51/><V52/><F30/><N who="1" m="11881" /><E25/><V10/><F120/><W68/><G68/><T24/><D101/><U73/><E73/><V37/><F37/><W74/><G74/><T76/><D76/><U41/><E41/><V70/><F70/><W91/><G91/><T2/><D2/><U65/><E65/><V82/><F35/><W20/><G38/><T119/><D119/><U0/><E0/><V117/><F33/><W111/><G111/><T84/><D84/><U53/><E53/><V63/><F52/><W69/><G69/><T86/><D86/><U62/><E11/><V34/><F8/><W132/><G46/><T15/><D24/><U114/><E114/><V40/><F40/><W131/><G132/><T32/><D32/><U54/><E54/><V103/><F34/><W55/><G55/><T130/><D130/><U89/><E89/><V81/><F117/><W64/><G131/><T85/><D85/><U96/><E96/><V129/><F129/><W66/><G133/><T107/><D107/><U79/><E79/><V123/><F103/><W88/><G102/><T100/><D100/><U13/><E26/><V126/><F126/><W4/><G135/><T17/><D27/><U31/><N who="1" m="11889" /><U128/><DORA hai="43" /><E128/><RYUUKYOKU ba="0,0" sc="237,15,329,15,248,-15,186,-15" hai0="5,14,15,17,21,121,122" hai1="13,16,60,61,62,97,99" /><INIT seed="5,1,0,4,5,101" ten="252,344,233,171" oya="1" hai0="29,44,94,22,8,28,108,35,27,90,120,66,11" hai1="99,81,97,119,21,121,12,73,43,117,7,37,3" hai2="80,100,0,113,116,31,25,133,129,126,111,107,67" hai3="69,76,72,16,18,4,95,60,83,23,109,103,70"/><U123/><E43/><V38/><RYUUKYOKU type="yao9" ba="1,0" sc="252,0,344,0,233,0,171,0" hai2="0,25,31,38,67,80,100,107,111,113,116,126,129,133" /><INIT seed="5,2,0,5,2,14" ten="252,344,233,171" oya="1" hai0="103,104,17,73,70,53,78,23,116,113,32,101,26" hai1="114,120,44,49,57,63,55,87,24,83,35,51,75" hai2="124,50,38,100,131,61,88,47,77,84,96,19,12" hai3="110,118,31,105,79,94,8,41,36,11,95,106,127"/><U56/><E120/><V66/><F38/><W54/><G110/><T60/><D116/><U30/><E114/><V46/><F77/><W20/><G79/><T125/><D113/><U3/><E3/><V68/><F131/><W135/><G41/><T121/><D121/><U48/><E75/><V76/><F76/><W42/><G42/><T112/><D112/><U92/><E92/><V102/><F124/><W21/><G36/><T97/><D103/><U5/><E5/><V123/><F123/><W13/><G13/><T64/><D53/><U34/><E34/><V43/><F47/><W81/><G81/><T65/><D65/><U122/><E122/><V86/><F96/><W25/><G54/><T62/><D62/><U107/><E107/><V115/><F86/><W108/><G108/><T117/><D125/><U7/><E7/><V29/><F29/><W119/><G31/><T0/><D0/><U128/><E128/><V1/><F1/><W80/><G80/><T90/><D32/><U22/><E35/><V9/><REACH who="2" step="1"/><F115/><REACH who="2" ten="252,344,223,171" step="2"/><W40/><G127/><T133/><D78/><N who="1" m="46583" /><E44/><V18/><F18/><W89/><G119/><T67/><D117/><U72/><E72/><V33/><F33/><W37/><G118/><T129/><D73/><U39/><E39/><V109/><F109/><W132/><G37/><T82/><D129/><U69/><E69/><V98/><F98/><W45/><G45/><T91/><D97/><U2/><E2/><V28/><F28/><W85/><G85/><T16/><D70/><U15/><E30/><V111/><F111/><W10/><G89/><RYUUKYOKU ba="2,1" sc="252,-10,344,-10,223,30,171,-10" hai2="9,12,19,43,46,50,61,66,68,84,88,100,102" /><INIT seed="6,3,1,1,2,22" ten="242,334,253,161" oya="2" hai0="11,50,6,1,61,37,92,118,120,105,98,48,7" hai1="63,74,25,129,49,70,123,66,60,15,65,52,3" hai2="43,51,17,54,126,101,24,23,133,13,95,109,31" hai3="67,55,132,18,69,90,77,76,130,21,44,56,19"/><V53/><F126/><W96/><G130/><T42/><D120/><U2/><E74/><V84/><F133/><W41/><G132/><T83/><D105/><U32/><E129/><V79/><F109/><W116/><G67/><T59/><D6/><U86/><E123/><V4/><F4/><W58/><G69/><T47/><D118/><U103/><E103/><V94/><F43/><W64/><G64/><T10/><D10/><U122/><E122/><V100/><F94/><W121/><G121/><T16/><D16/><N who="3" m="6185" /><G116/><T128/><D128/><U45/><E15/><V5/><F5/><W112/><G41/><T68/><D68/><U104/><E104/><V35/><F54/><W88/><G44/><T117/><D117/><U34/><E86/><V12/><F12/><W62/><G21/><T29/><D83/><U20/><E32/><V135/><F135/><W110/><G110/><T30/><D48/><U89/><E34/><V134/><F134/><W99/><G56/><T8/><D37/><U71/><E89/><N who="3" m="34410" /><G112/><T107/><D107/><U108/><E108/><V102/><F79/><AGARI ba="3,1" hai="55,58,62,76,77,79,96,99" m="34410,6185" machi="79" ten="30,3900,0" yaku="8,1,54,2" doraHai="22" who="3" fromWho="2" sc="242,0,334,0,253,-48,161,58" /><INIT seed="7,0,0,0,0,98" ten="242,334,205,219" oya="3" hai0="0,104,54,47,77,42,21,132,60,6,105,94,75" hai1="10,79,125,88,74,27,56,35,1,43,121,66,24" hai2="40,31,124,107,20,8,116,70,129,30,78,2,50" hai3="126,83,89,122,13,112,52,127,67,111,28,26,53"/><W9/><G122/><T19/><D94/><U100/><E100/><V103/><F70/><W128/><G112/><T80/><D54/><U58/><E35/><V22/><F116/><W108/><G67/><T48/><D60/><U59/><E66/><V86/><F107/><W5/><G83/><T114/><D132/><U131/><E58/><V135/><F135/><W92/><G128/><T12/><D114/><U65/><E24/><V63/><F129/><W113/><G113/><T85/><D75/><U110/><E88/><V81/><F63/><W115/><G115/><T134/><D134/><U44/><E27/><V25/><F124/><N who="3" m="47659" /><G92/><T33/><D33/><U84/><E65/><V87/><F103/><W99/><G99/><T91/><D91/><U29/><E121/><V73/><F31/><W133/><G89/><T51/><D51/><U14/><E29/><V69/><F69/><W46/><G133/><T3/><D104/><U71/><E71/><V96/><F96/><W82/><G82/><T49/><D105/><U117/><E131/><V90/><F90/><W15/><G15/><T76/><D0/><U95/><E14/><V102/><F102/><W32/><G46/><N who="0" m="25687" /><D3/><U18/><E1/><V16/><F2/><W34/><G34/><T68/><D68/><U57/><E125/><V11/><F73/><W37/><G37/><T4/><D76/><U119/><E79/><V45/><F87/><W17/><G5/><T41/><AGARI ba="0,0" hai="4,6,12,19,21,41,47,49,77,80,85" m="25687" machi="41" ten="30,1100,0" yaku="8,1" doraHai="98" who="0" fromWho="0" sc="242,11,334,-3,205,-3,219,-5" owari="253,5.0,331,44.0,202,-30.0,214,-19.0" /></mjloggm>