<mjloggm ver="2.3"><GO type="169" lobby="0"/><UN n0="%E6%8C%AF%E3%82%8A%E8%BE%BC%E3%81%BF%E3%81%AE%E9%81%94%E4%BA%BA%EF%BC%81" n1="%52%79%61%6F" n2="%E3%82%B7%E3%83%AD%E3%82%AF%E3%83%AD" n3="%E3%81%8B%E3%81%A4%E3%81%A9%E3%82%93" dan="16,16,17,17" rate="2145.16,2099.53,2153.09,2246.16" sx="M,M,M,F"/><TAIKYOKU oya="0"/><INIT seed="0,0,0,3,0,17" ten="250,250,250,250" oya="0" hai0="27,33,38,94,99,101,11,66,23,70,46,97,73" hai1="104,95,52,130,20,129,120,55,71,14,36,89,125" hai2="123,98,128,0,88,48,117,122,134,16,30,26,44" hai3="116,96,3,103,119,118,59,110,5,100,53,50,25"/><T72/><D11/><U19/><E120/><N who="2" m="46123" /><F0/><W82/><G110/><T49/><D38/><U28/><E104/><V2/><F2/><W43/><G43/><T84/><D84/><U37/><E71/><V40/><F30/><W1/><G5/><T108/><D108/><U76/><E76/><V135/><F128/><N who="1" m="49257" /><E28/><V65/><F65/><W10/><G10/><T78/><D33/><U41/><E125/><V68/><F68/><W69/><G69/><T58/><D70/><U24/><E24/><V133/><F117/><W77/><G25/><T21/><D78/><U13/><E13/><V79/><F79/><W124/><G124/><T56/><D66/><U57/><E41/><V9/><F9/><W39/><G39/><N who="1" m="14922" /><E57/><V64/><F64/><W114/><G1/><T86/><D27/><U121/><E121/><V113/><F113/><W74/><G3/><T109/><D109/><U83/><E83/><V4/><F4/><W85/><G114/><T126/><D126/><U8/><E8/><V75/><F75/><W62/><G74/><T31/><D73/><U29/><E29/><V45/><F45/><W60/><G119/><T105/><D72/><U6/><E6/><V34/><F34/><W54/><G118/><T81/><D31/><U115/><E115/><V18/><F26/><W131/><G116/><T32/><D32/><U22/><E22/><N who="0" m="8201" /><D105/><U7/><E7/><V80/><F80/><W127/><G127/><T35/><D35/><U87/><AGARI ba="0,0" hai="14,19,20,52,55,87,89,95" m="14922,49257" machi="87" ten="30,4000,0" yaku="19,1,52,1,54,1" doraHai="17" who="1" fromWho="1" sc="250,-20,250,40,250,-10,250,-10" /><INIT seed="1,0,0,0,2,59" ten="230,290,240,240" oya="1" hai0="93,70,87,37,57,86,30,40,7,125,135,128,117" hai1="75,29,36,69,45,31,84,65,124,120,132,90,42" hai2="3,133,83,43,122,79,94,109,100,67,16,61,119" hai3="113,126,101,33,2,9,89,52,17,53,115,14,111"/><U96/><E120/><V51/><F122/><W46/><G111/><T11/><D117/><U76/><E132/><V68/><F109/><W108/><G108/><T5/><D70/><U22/><E124/><V78/><F3/><W66/><G126/><T64/><D125/><U97/><E76/><V23/><F119/><W72/><G72/><T73/><D73/><U13/><E75/><V127/><F127/><W121/><G121/><T26/><D37/><U24/><E29/><V80/><F133/><W38/><G33/><T134/><D40/><U21/><E21/><V110/><F110/><W77/><G77/><T32/><D128/><U34/><E34/><V1/><F1/><W71/><G101/><T103/><D103/><U129/><E13/><V35/><F35/><W28/><G28/><T63/><D93/><U99/><E129/><V62/><F68/><W0/><G0/><T95/><D95/><U112/><E112/><V27/><F67/><W25/><G2/><N who="0" m="439" /><D7/><U81/><E69/><V91/><F100/><W74/><G74/><T15/><D15/><U98/><N who="1" m="25088" /><DORA hai="55" /><U50/><REACH who="1" step="1"/><E65/><REACH who="1" ten="230,280,240,240" step="2"/><V41/><F79/><W60/><G115/><T8/><D8/><U12/><E12/><V114/><F78/><W18/><G113/><T123/><D123/><U19/><E19/><V39/><F114/><W82/><G17/><T105/><D135/><U10/><E10/><V102/><F23/><W107/><G9/><T92/><D134/><U85/><E85/><V49/><F102/><W106/><G14/><T4/><D87/><U20/><E20/><V58/><F16/><RYUUKYOKU ba="0,1" sc="230,-10,280,30,240,-10,240,-10" hai1="22,24,31,36,42,45,50,81,84,90" /><INIT seed="1,1,1,5,0,23" ten="220,310,230,230" oya="1" hai0="86,54,5,36,107,113,41,66,52,26,3,111,82" hai1="74,8,103,4,119,31,85,92,16,69,65,105,77" hai2="20,33,51,112,58,46,19,122,15,0,49,97,101" hai3="35,125,32,1,40,9,135,88,110,57,10,38,70"/><U22/><E119/><V76/><F122/><W42/><G70/><T131/><D113/><U87/><E31/><V93/><F112/><W116/><G116/><T7/><D107/><U24/><E69/><V13/><F0/><W45/><G110/><T63/><D111/><U56/><E105/><V83/><F33/><W132/><G125/><T59/><D131/><U129/><E129/><V64/><F46/><W71/><G71/><T81/><D36/><U99/><E74/><V61/><REACH who="2" step="1"/><F15/><REACH who="2" ten="220,310,220,230" step="2"/><W79/><G1/><T84/><D3/><U78/><E78/><V44/><F44/><W127/><G79/><T128/><D128/><U126/><E77/><V47/><F47/><W104/><G40/><T134/><D41/><U120/><E120/><V108/><F108/><W50/><G38/><T98/><D134/><U117/><E117/><V80/><F80/><W2/><G2/><T27/><D82/><U133/><E133/><V55/><F55/><N who="0" m="21034" /><D81/><U89/><E126/><V124/><F124/><W67/><G127/><T75/><D75/><AGARI ba="1,2" hai="13,19,20,49,51,58,61,64,75,76,83,93,97,101" machi="75" ten="30,2000,0" yaku="1,1,7,1,53,0" doraHai="23" doraHaiUra="118" who="2" fromWho="0" sc="220,-23,310,0,220,43,230,0" /><INIT seed="2,0,0,5,1,42" ten="197,310,263,230" oya="2" hai0="73,60,63,98,17,68,35,36,122,128,92,25,111" hai1="48,23,88,90,52,12,66,11,99,69,110,14,65" hai2="75,76,115,118,22,53,5,116,112,77,28,71,129" hai3="50,123,51,16,113,85,26,119,87,125,67,4,109"/><V54/><F71/><W32/><G119/><T27/><D122/><U49/><E69/><V126/><F126/><W19/><G123/><T57/><D73/><U7/><E110/><V29/><F5/><W117/><G117/><T72/><D72/><U124/><E49/><V3/><F3/><W131/><G109/><T46/><D111/><U93/><E124/><V74/><REACH who="2" step="1"/><F22/><REACH who="2" ten="197,310,253,230" step="2"/><W20/><G125/><T103/><D68/><U64/><E23/><V89/><F89/><W45/><G20/><T121/><D121/><U31/><E90/><V94/><F94/><W62/><G113/><T41/><D35/><U2/><REACH who="1" step="1"/><E31/><REACH who="1" ten="197,300,253,230" step="2"/><V91/><F91/><W30/><G30/><T135/><D103/><U96/><E96/><V114/><F114/><W79/><G32/><T13/><D98/><U105/><E105/><V0/><F0/><W18/><G79/><T86/><D135/><U55/><E55/><V127/><F127/><W84/><G131/><AGARI ba="0,2" hai="28,29,53,54,74,75,76,77,112,115,116,118,129,131" machi="131" ten="25,4800,0" yaku="1,1,22,2,53,0" doraHai="42" doraHaiUra="95" who="2" fromWho="3" sc="197,0,300,0,253,68,230,-48" /><INIT seed="2,1,0,1,2,55" ten="197,300,321,182" oya="2" hai0="29,23,124,22,45,63,5,92,57,68,67,89,114" hai1="86,51,73,87,69,131,7,4,88,77,48,135,64" hai2="27,3,113,33,117,115,16,14,15,128,129,98,123" hai3="53,32,91,119,11,52,30,82,108,72,35,95,2"/><V71/><F71/><W99/><G119/><T133/><D114/><N who="2" m="43530" /><F98/><W102/><G108/><T54/><D124/><U0/><E0/><V25/><F117/><W78/><G30/><T84/><D133/><U39/><E39/><V94/><F94/><W34/><REACH who="3" step="1"/><G102/><REACH who="3" ten="197,300,321,172" step="2"/><T126/><D126/><U38/><E135/><V122/><F33/><W79/><G79/><T97/><D29/><U56/><E77/><V61/><F3/><W44/><G44/><T43/><D97/><U26/><E131/><N who="2" m="50251" /><F14/><W116/><G116/><T130/><D45/><U9/><E69/><V112/><F112/><W47/><G47/><T104/><D68/><U58/><E73/><V31/><F31/><W74/><G74/><T100/><D100/><U21/><E38/><V65/><F123/><W49/><G49/><T118/><D118/><U28/><E51/><V75/><F75/><W103/><G103/><T18/><D130/><U109/><E48/><V60/><F122/><W66/><G66/><T80/><D67/><U37/><E64/><V1/><F1/><W107/><G107/><T132/><D132/><U125/><E37/><V90/><F65/><W83/><G83/><T121/><D80/><U93/><E109/><V6/><F15/><W62/><G62/><T36/><D63/><U12/><E125/><V105/><F61/><W13/><G13/><T42/><D36/><U8/><E12/><V19/><F60/><W46/><G46/><T81/><D121/><U59/><E86/><V24/><F105/><W76/><G76/><T134/><D134/><U50/><E50/><V10/><F90/><RYUUKYOKU ba="1,1" sc="197,-30,300,10,321,10,172,10" hai1="4,7,8,9,21,26,28,56,58,59,87,88,93" hai2="6,10,16,19,24,25,27" hai3="2,11,32,34,35,52,53,72,78,82,91,95,99" /><INIT seed="2,2,1,2,0,80" ten="167,310,331,182" oya="2" hai0="37,0,12,49,124,94,1,8,129,133,130,24,33" hai1="64,106,31,107,32,42,34,109,22,61,96,21,13" hai2="75,19,132,43,97,45,54,60,84,119,47,52,10" hai3="26,78,16,93,127,3,59,62,5,14,40,99,131"/><V88/><F75/><W20/><G131/><N who="0" m="50187" /><D37/><U50/><E109/><V128/><F119/><W35/><G127/><T38/><D38/><U28/><E13/><N who="2" m="7607" /><F132/><W91/><G40/><T98/><D49/><U11/><E11/><V87/><F128/><W68/><G68/><T69/><D69/><U2/><E50/><N who="2" m="26943" /><F47/><W85/><G3/><T100/><D133/><U72/><E42/><V36/><F36/><W48/><G48/><T110/><D110/><U65/><E72/><V95/><F54/><N who="3" m="34167" /><G35/><T66/><D66/><U39/><E39/><V53/><F53/><W17/><G5/><N who="0" m="3087" /><D124/><U55/><E55/><V76/><F76/><W30/><G14/><T67/><D67/><U18/><E2/><V105/><F105/><W102/><G78/><T112/><D112/><U44/><E44/><V57/><AGARI ba="2,1" hai="52,57,60,84,87,88,95,97" m="26943,7607" machi="57" ten="30,12000,1" yaku="8,1,52,2,54,2" doraHai="80" who="2" fromWho="2" sc="167,-42,310,-42,331,136,182,-42" /><INIT seed="2,3,0,1,4,34" ten="125,268,467,140" oya="2" hai0="5,82,106,35,12,30,20,110,123,92,7,84,19" hai1="126,48,24,93,39,50,74,96,9,51,135,66,109" hai2="79,71,69,99,68,104,102,90,81,108,15,38,112" hai3="54,76,43,101,18,0,72,13,113,26,21,2,17"/><V75/><F112/><W118/><G118/><T36/><D123/><U40/><E74/><V129/><F129/><W77/><G113/><T128/><D106/><U115/><E115/><V14/><F108/><W1/><G43/><T6/><D110/><U78/><E109/><V49/><F38/><W119/><G119/><T70/><D36/><U45/><E135/><V65/><F65/><W28/><G72/><T56/><D70/><U23/><E126/><V116/><F116/><W131/><G131/><T47/><D47/><U42/><E78/><V61/><F61/><W121/><G121/><T67/><D128/><U64/><E9/><V95/><REACH who="2" step="1"/><F49/><REACH who="2" ten="125,268,457,140" step="2"/><W58/><G101/><T91/><D35/><U105/><E64/><V60/><F60/><W120/><G120/><T73/><D67/><U37/><E66/><V4/><F4/><W53/><G53/><T88/><D7/><U16/><E39/><V83/><F83/><W22/><REACH who="3" step="1"/><G18/><REACH who="3" ten="125,268,457,130" step="2"/><T122/><D122/><U132/><E37/><V111/><F111/><W33/><G33/><T133/><D19/><U100/><E132/><V55/><F55/><W124/><G124/><T94/><D133/><U57/><E42/><V44/><F44/><W31/><G31/><T97/><D30/><U10/><E40/><V98/><AGARI ba="3,2" hai="14,15,68,69,71,75,79,81,90,95,98,99,102,104" machi="98" ten="40,3900,0" yaku="1,1,0,1,53,0" doraHai="34" doraHaiUra="27" who="2" fromWho="2" sc="125,-16,268,-16,457,68,130,-16" /><INIT seed="2,4,0,1,5,41" ten="109,252,525,114" oya="2" hai0="104,29,11,80,86,42,96,72,58,108,55,117,64" hai1="40,59,52,8,12,128,65,69,35,93,99,122,70" hai2="111,33,87,98,71,25,56,105,47,0,13,126,135" hai3="61,95,46,82,106,23,97,132,32,121,84,78,133"/><V114/><F114/><W62/><G32/><T18/><D72/><U43/><E35/><V91/><F111/><W89/><G121/><T130/><D108/><U14/><E128/><V116/><F135/><N who="3" m="51787" /><G106/><T81/><D29/><U50/><E14/><V7/><F116/><W4/><G4/><T76/><D80/><U134/><E134/><V85/><F0/><W115/><G115/><T57/><D130/><U30/><E30/><V120/><F71/><W36/><G23/><T129/><D129/><U45/><E43/><AGARI ba="4,0" hai="36,43,46,61,62,78,82,84,89,95,97" m="51787" machi="43" ten="30,2000,0" yaku="20,1,52,1" doraHai="41" who="3" fromWho="1" sc="109,0,252,-32,525,0,114,32" /><INIT seed="3,0,0,5,1,39" ten="109,220,525,146" oya="3" hai0="63,32,135,18,98,7,42,99,12,36,119,61,27" hai1="74,104,129,31,91,101,25,123,82,58,70,66,78" hai2="121,20,52,73,132,69,92,134,84,76,111,65,116" hai3="130,33,47,90,1,107,51,128,93,22,115,64,17"/><W4/><G115/><T53/><D119/><U67/><E123/><V35/><F35/><W62/><G107/><T8/><D135/><N who="2" m="51754" /><F121/><W48/><G33/><T6/><D32/><U49/><E129/><N who="3" m="49770" /><G4/><T41/><D36/><U109/><E109/><V38/><F116/><W96/><G1/><T9/><D27/><U122/><E122/><V81/><F111/><W77/><G77/><T97/><D18/><U105/><E105/><V79/><F38/><W16/><G22/><T80/><D80/><U110/><E110/><V50/><F20/><W112/><G48/><T72/><D72/><U133/><E49/><V113/><F113/><W75/><G75/><T68/><D68/><U85/><E70/><V126/><F126/><W131/><N who="3" m="49778" /><W26/><DORA hai="55" /><G26/><T60/><REACH who="0" step="1"/><D53/><REACH who="0" ten="99,220,525,146" step="2"/><U29/><E133/><V106/><F73/><W86/><G112/><T108/><D108/><U57/><E25/><V117/><F69/><N who="3" m="42135" /><G86/><T40/><D40/><AGARI ba="0,1" hai="16,17,40,47,51,90,93,96" m="42135,49778" machi="40" ten="40,7700,0" yaku="19,1,52,1,54,1" doraHai="39,55" who="3" fromWho="0" sc="99,-77,220,0,525,0,146,87" /><INIT seed="3,1,0,0,2,111" ten="22,220,525,233" oya="3" hai0="86,4,92,105,112,108,127,32,31,3,9,39,88" hai1="114,121,133,12,61,82,30,13,134,57,123,5,38" hai2="52,27,20,83,10,85,129,103,100,77,132,62,19" hai3="80,99,116,59,48,87,17,98,26,63,18,25,43"/><W44/><G116/><T0/><D39/><U11/><E38/><V109/><F129/><W71/><G71/><T34/><D105/><U75/><E75/><V84/><F109/><W28/><G17/><T79/><D108/><U119/><E82/><V110/><F110/><W15/><G99/><T128/><D0/><U22/><E114/><V33/><F33/><W46/><G46/><T56/><D128/><U120/><E119/><V117/><F117/><W55/><G98/><T72/><D31/><U90/><E90/><V2/><F132/><N who="1" m="50793" /><E57/><N who="2" m="35111" /><F2/><W93/><G93/><T68/><D68/><U135/><E61/><V54/><F84/><W125/><G28/><T96/><D72/><U42/><N who="1" m="50801" /><U124/><DORA hai="104" /><E42/><V7/><F7/><W130/><G125/><T6/><D6/><U40/><E40/><V97/><F97/><W67/><G43/><T126/><D56/><U60/><E60/><V74/><F74/><W35/><G35/><T58/><D58/><U24/><E124/><N who="0" m="47657" /><D112/><U101/><E101/><N who="2" m="38987" /><F10/><N who="3" m="6519" /><G130/><T50/><D50/><U115/><E115/><V36/><F36/><W14/><G63/><T70/><D70/><U1/><AGARI ba="1,0" hai="1,5,11,12,13,22,24,30,120,121,123" m="50801" machi="1" ten="50,6400,0" yaku="20,1,34,2" doraHai="111,104" who="1" fromWho="1" sc="22,-17,220,67,525,-17,233,-33" /><INIT seed="4,0,0,2,2,92" ten="5,287,508,200" oya="0" hai0="35,85,93,42,125,69,18,58,75,121,63,10,126" hai1="30,0,49,3,41,108,130,62,118,13,66,135,51" hai2="36,105,73,55,116,26,6,134,101,80,71,15,84" hai3="31,127,78,124,74,81,1,40,107,64,98,88,52"/><T17/><D75/><U77/><E108/><V20/><F116/><W47/><G1/><T109/><D121/><U57/><E13/><V4/><F134/><W94/><G64/><T114/><D69/><U112/><E30/><V32/><F71/><W9/><BYE who="2" /><G31/><T50/><D35/><U19/><E118/><V5/><F5/><W120/><G120/><T16/><D109/><U123/><E123/><V8/><F8/><W29/><G29/><T70/><D10/><UN n2="%E3%82%B7%E3%83%AD%E3%82%AF%E3%83%AD" /><U99/><E77/><V27/><F36/><W82/><G82/><T79/><D114/><U53/><E19/><N who="0" m="4865" /><T45/><DORA hai="28" /><D70/><U7/><E112/><V25/><F73/><W91/><G107/><T117/><D117/><U89/><E130/><V37/><F32/><W95/><G9/><T83/><D93/><N who="1" m="56751" /><E135/><V97/><F37/><W44/><G40/><T22/><D22/><U48/><E3/><V68/><F68/><W21/><G21/><T72/><D72/><U38/><E38/><V96/><F20/><W43/><G43/><T39/><D39/><U23/><E23/><V59/><F15/><W61/><G127/><N who="0" m="48651" /><D58/><N who="1" m="37207" /><E41/><V128/><F128/><W56/><G124/><T113/><D113/><U87/><E0/><V34/><F34/><W132/><G132/><T14/><D14/><U65/><E7/><N who="2" m="2603" /><F105/><W106/><G106/><T119/><D119/><U129/><E129/><V24/><F59/><W100/><G100/><T60/><AGARI ba="0,0" hai="42,45,50,60,63,79,83,85" m="48651,4865" machi="60" ten="40,3900,0" yaku="18,1,54,1" doraHai="92,28" who="0" fromWho="0" sc="5,39,287,-13,508,-13,200,-13" /><INIT seed="4,1,0,1,0,18" ten="44,274,495,187" oya="0" hai0="3,124,62,5,13,25,46,126,9,35,134,15,47" hai1="91,70,27,78,73,37,42,17,86,106,11,30,65" hai2="61,109,22,88,99,101,80,102,132,45,23,87,89" hai3="8,127,112,108,1,71,90,50,114,39,44,119,94"/><T135/><D62/><U2/><E106/><V51/><F109/><W21/><G108/><T33/><D47/><U48/><E37/><V41/><F132/><N who="0" m="50730" /><D46/><N who="1" m="25687" /><E2/><V54/><F89/><W103/><G39/><T67/><D67/><U56/><E70/><V14/><F14/><N who="0" m="5130" /><D25/><U111/><E111/><V116/><F116/><W20/><G71/><T104/><D104/><U72/><E65/><V60/><F102/><W92/><G103/><T64/><D64/><U66/><E66/><V130/><F130/><W16/><G119/><T68/><D68/><U122/><E27/><V0/><F0/><W31/><G1/><T76/><D76/><U38/><E38/><V84/><F84/><W6/><G44/><T77/><D77/><U115/><E56/><N who="2" m="34839" /><F61/><W52/><G50/><T121/><D121/><U12/><E78/><V36/><F36/><W58/><G58/><T26/><D26/><U53/><E122/><V79/><F101/><W95/><G90/><T69/><D69/><U83/><E30/><V82/><F82/><W105/><G31/><T107/><D107/><U93/><E83/><V133/><F133/><W100/><G105/><T125/><AGARI ba="1,0" hai="3,5,9,33,35,124,125,126" m="5130,50730" machi="125" ten="40,12000,1" yaku="18,1,20,1,34,2" doraHai="18" who="0" fromWho="0" sc="44,123,274,-41,495,-41,187,-41" /><INIT seed="4,2,0,4,0,17" ten="167,233,454,146" oya="0" hai0="123,92,15,69,83,113,38,81,8,86,70,1,21" hai1="135,131,85,115,28,104,60,46,2,58,133,96,30" hai2="20,128,80,68,47,84,53,125,97,88,93,55,119" hai3="75,116,44,13,64,19,49,66,65,99,87,40,25"/><T16/><D123/><U36/><E2/><V78/><F68/><W56/><G116/><T59/><D38/><U35/><E35/><V57/><F119/><W101/><G75/><T106/><D106/><U45/><E131/><V33/><F128/><W94/><G25/><N who="0" m="14503" /><D69/><U90/><E36/><V110/><F33/><W50/><G87/><T34/><D70/><U31/><E115/><V108/><F125/><W14/><REACH who="3" step="1"/><G19/><REACH who="3" ten="167,233,454,136" step="2"/><N who="0" m="8679" /><D1/><U37/><E37/><V134/><F134/><W10/><G10/><T62/><D34/><U122/><E133/><V105/><F105/><W109/><G109/><T77/><D113/><U89/><E135/><V42/><F20/><W52/><AGARI ba="2,1" hai="13,14,40,44,49,50,52,56,64,65,66,94,99,101" machi="52" ten="30,8000,1" yaku="1,1,0,1,8,1,54,1,53,1" doraHai="17" doraHaiUra="51" who="3" fromWho="3" sc="167,-42,233,-22,454,-22,136,96" /><INIT seed="5,0,0,3,5,59" ten="125,211,432,232" oya="1" hai0="1,96,40,53,75,77,68,115,37,12,50,22,108" hai1="0,4,127,67,107,16,82,55,64,2,49,83,105" hai2="110,48,126,95,114,113,74,66,47,33,134,21,129" hai3="46,94,93,133,18,111,56,70,112,65,97,89,132"/><U109/><E127/><V20/><F126/><W120/><G111/><T87/><D108/><U73/><E109/><V86/><F74/><W79/><G70/><T90/><D1/><U30/><E30/><V17/><F129/><W116/><G116/><T131/><D131/><U80/><E73/><V51/><F33/><W3/><G120/><T41/><D75/><U6/><E2/><V34/><F110/><W124/><G3/><T60/><D115/><N who="2" m="44042" /><F34/><W27/><G124/><T58/><D77/><U10/><E105/><V28/><F134/><N who="3" m="51819" /><G79/><T123/><D123/><U42/><E42/><V119/><F119/><W135/><G46/><T85/><D37/><U128/><E107/><V19/><F66/><N who="1" m="25129" /><E0/><V52/><F51/><W36/><G36/><T32/><D32/><U14/><E128/><V98/><F86/><N who="0" m="32778" /><D50/><U61/><E61/><V25/><F21/><W118/><G118/><T24/><D12/><U76/><E76/><V39/><F39/><W26/><G112/><T54/><D54/><U38/><E38/><V88/><AGARI ba="0,0" hai="17,19,20,25,28,47,48,52,88,95,98" m="44042" machi="88" ten="30,7900,0" yaku="15,1,11,1,54,2" doraHai="59" who="2" fromWho="2" sc="125,-20,211,-39,432,79,232,-20" /><INIT seed="6,0,0,2,1,122" ten="105,172,511,212" oya="2" hai0="78,113,62,99,116,93,17,40,71,102,95,63,101" hai1="112,94,77,8,31,5,9,23,91,44,92,74,43" hai2="106,115,10,19,75,123,24,55,98,111,79,120,109" hai3="81,47,46,37,41,89,64,0,90,14,88,132,3"/><V28/><F115/><W25/><G132/><T108/><D113/><U72/><E112/><V127/><F127/><W97/><G64/><T52/><D116/><U133/><E133/><V121/><F55/><W4/><G97/><T129/><D40/><U20/><E77/><V54/><F54/><W84/><G25/><T39/><D39/><U66/><E66/><V30/><F79/><W15/><G46/><T33/><D129/><U53/><E53/><V131/><F75/><W82/><G82/><T130/><D130/><U58/><E58/><V21/><F131/><W35/><G35/><T16/><D33/><U26/><E23/><V67/><F67/><W117/><G117/><T76/><D99/><U22/><E22/><V83/><F83/><W118/><G118/><T110/><D52/><U51/><E92/><V27/><F98/><W45/><G45/><T124/><D124/><U125/><E125/><V114/><F106/><W128/><G128/><T12/><D12/><U1/><E8/><V86/><F86/><AGARI ba="0,0" hai="1,5,9,20,26,31,43,44,51,72,74,86,91,94" machi="86" ten="30,1000,0" yaku="7,1" doraHai="122" who="1" fromWho="2" sc="105,0,172,10,511,-10,212,0" /><INIT seed="7,0,0,5,2,131" ten="105,182,501,212" oya="3" hai0="111,82,61,98,40,102,44,130,59,124,39,30,53" hai1="2,9,71,112,55,50,19,128,48,46,135,64,132" hai2="62,49,11,101,42,26,18,80,104,78,36,69,108" hai3="8,52,75,93,20,66,45,16,114,43,72,12,105"/><W99/><G105/><T100/><D130/><U51/><E128/><V34/><F108/><W119/><G119/><T25/><D124/><U68/><E112/><V79/><F36/><W133/><G114/><T57/><D111/><U83/><E83/><V91/><F104/><W86/><G66/><T63/><D82/><U107/><E107/><V73/><F101/><W56/><G86/><T106/><D98/><U24/><E24/><V129/><F129/><W5/><G43/><T15/><D106/><U110/><E110/><V92/><F42/><W4/><G45/><T3/><D3/><U96/><E96/><V76/><F49/><N who="1" m="19049" /><E19/><V118/><F118/><W85/><G85/><T47/><D47/><U127/><E127/><V35/><F35/><W77/><G77/><T31/><D15/><U27/><E27/><V0/><F34/><W87/><G87/><T33/><REACH who="0" step="1"/><D31/><REACH who="0" ten="95,182,501,212" step="2"/><U134/><E64/><AGARI ba="0,1" hai="25,30,33,39,40,44,53,57,59,61,63,64,100,102" machi="64" ten="30,3900,0" yaku="1,1,2,1,7,1,53,0" doraHai="131" doraHaiUra="122" who="0" fromWho="1" sc="95,49,182,-39,501,0,212,0" owari="144,-26.0,143,-36.0,501,61.0,212,1.0" /></mjloggm>