<mjloggm ver="2.3"><GO type="169" lobby="0"/><UN n0="%E3%81%8D%E3%81%BE%E3%81%99" n1="%E3%82%B7%E3%83%A9%E3%80%82" n2="%E4%B8%BB%E5%B8%AD" n3="%E3%81%B5%E3%81%96%E3%81%91%E3%82%8B%E3%83%9F%EF%BC%81" dan="17,17,16,17" rate="2211.95,2166.02,2149.73,2099.87" sx="M,M,M,M"/><TAIKYOKU oya="0"/><INIT seed="0,0,0,0,5,134" ten="250,250,250,250" oya="0" hai0="32,110,80,114,105,87,81,77,22,62,122,53,12" hai1="37,27,133,86,76,41,71,4,31,121,119,132,5" hai2="21,30,14,98,11,107,56,70,24,51,67,2,7" hai3="52,118,91,8,18,115,42,73,65,104,9,75,16"/><T127/><D32/><U47/><E119/><V68/><F2/><W19/><G115/><T113/><D122/><U38/><E121/><V108/><F108/><W26/><G118/><T29/><D105/><U64/><E38/><V89/><F107/><W88/><G104/><T112/><D110/><U102/><E102/><V95/><REACH who="2" step="1"/><F51/><REACH who="2" ten="250,250,240,250" step="2"/><W97/><G73/><T58/><D81/><U3/><E3/><V79/><F79/><W85/><G75/><T28/><REACH who="0" step="1"/><D127/><REACH who="0" ten="240,250,240,250" step="2"/><U124/><E124/><V50/><F50/><W117/><G117/><T74/><D74/><U72/><E72/><V90/><F90/><W60/><G91/><T106/><D106/><U23/><E76/><V49/><F49/><W39/><G88/><T20/><D20/><U13/><E23/><V57/><F57/><W36/><G39/><T40/><D40/><U63/><E41/><V0/><F0/><W48/><G36/><T69/><D69/><U1/><E37/><V94/><F94/><W59/><G42/><T125/><D125/><U126/><E71/><V46/><F46/><W109/><G59/><T54/><D54/><U34/><E47/><V101/><F101/><W135/><G52/><T100/><D100/><U96/><E126/><V131/><F131/><W116/><G109/><T6/><D6/><U43/><E4/><V92/><F92/><W83/><G116/><T66/><D66/><U129/><E64/><V111/><F111/><W82/><G65/><T84/><D84/><U93/><E86/><V130/><F130/><W44/><G85/><T123/><D123/><U128/><E129/><RYUUKYOKU ba="0,2" sc="240,15,250,-15,240,15,250,-15" hai0="12,22,28,29,53,58,62,77,80,87,112,113,114" hai2="7,11,14,21,24,30,56,67,68,70,89,95,98" /><INIT seed="0,1,2,3,2,67" ten="255,235,255,235" oya="0" hai0="80,95,100,85,84,55,93,76,130,123,90,50,3" hai1="57,37,42,16,40,132,9,83,25,22,62,72,134" hai2="19,48,109,24,126,2,31,13,12,129,74,118,44" hai3="106,65,97,20,94,92,66,34,124,96,110,101,58"/><T98/><D3/><U43/><E37/><V0/><F74/><W41/><G34/><T30/><D30/><U45/><E9/><V120/><F120/><W11/><G110/><T33/><D130/><U38/><E72/><V104/><F104/><W26/><G124/><T61/><D61/><U70/><E70/><V78/><F78/><W127/><G127/><T119/><D33/><U82/><E38/><V15/><F126/><W122/><G122/><T103/><D123/><U114/><E114/><V99/><F129/><W102/><G106/><T88/><REACH who="0" step="1"/><D119/><REACH who="0" ten="245,235,255,235" step="2"/><U6/><E134/><V131/><F131/><W89/><G66/><T8/><D8/><U105/><E132/><V39/><F0/><W23/><G11/><T91/><D91/><U29/><E29/><V4/><F2/><W7/><G89/><T35/><D35/><U54/><E62/><V51/><F118/><W63/><G20/><T133/><D133/><U111/><E22/><V121/><F121/><W117/><G117/><T71/><D71/><U28/><E28/><V79/><F31/><W116/><G116/><T14/><D14/><U81/><E111/><V60/><F109/><W18/><G7/><T56/><AGARI ba="1,3" hai="50,55,56,76,80,84,85,88,90,93,95,98,100,103" machi="56" ten="20,12000,1" yaku="1,1,0,1,7,1,8,1,54,1,53,0" doraHai="67" doraHaiUra="68" who="0" fromWho="0" sc="245,153,235,-41,255,-41,235,-41" /><INIT seed="0,2,0,3,4,135" ten="398,194,214,194" oya="0" hai0="89,48,7,123,26,116,70,133,64,40,71,118,16" hai1="50,51,125,2,69,29,92,104,41,65,78,31,99" hai2="0,27,112,3,62,109,107,97,115,39,86,18,30" hai3="52,19,95,96,24,110,73,34,68,55,131,75,53"/><T15/><D123/><U111/><E111/><V120/><F120/><W6/><G110/><T129/><D133/><U117/><E117/><V59/><F109/><W1/><G131/><T9/><D129/><U98/><E2/><V28/><F18/><W11/><G68/><T93/><D64/><U128/><E128/><V101/><F86/><W130/><G130/><T94/><D94/><U132/><E132/><V126/><F39/><W84/><G84/><T43/><D118/><U72/><E104/><V20/><F30/><W38/><G38/><T77/><D77/><U10/><E10/><V12/><F12/><W35/><G19/><T114/><D114/><U105/><E41/><V91/><F91/><W14/><G1/><T127/><D116/><U47/><E105/><V13/><F13/><W46/><G46/><T88/><D89/><U124/><E99/><V5/><F0/><W63/><G63/><T108/><D108/><U56/><E69/><V102/><F102/><W4/><G4/><T74/><D74/><U49/><E47/><V57/><F57/><W23/><G23/><N who="0" m="13671" /><D71/><U67/><E78/><V87/><F115/><W54/><N who="3" m="13312" /><DORA hai="90" /><W76/><G76/><T33/><D33/><U79/><E79/><V103/><F112/><W32/><REACH who="3" step="1"/><G24/><REACH who="3" ten="398,194,214,184" step="2"/><T119/><D70/><U83/><E72/><V44/><F3/><W42/><G42/><T45/><D40/><U85/><E85/><V17/><F87/><W121/><G121/><T8/><D119/><U60/><E60/><V81/><F62/><W25/><G25/><T61/><D43/><U37/><E37/><RYUUKYOKU ba="2,1" sc="398,-10,194,-10,214,-10,184,30" hai3="6,11,14,32,34,35,73,75,95,96" /><INIT seed="1,3,1,4,3,56" ten="388,184,204,214" oya="1" hai0="99,129,114,57,65,15,9,110,134,43,40,89,94" hai1="39,96,50,66,80,86,47,116,48,38,17,125,83" hai2="28,123,44,109,135,113,33,98,64,124,70,42,91" hai3="21,0,45,5,92,100,20,82,54,29,76,101,115"/><U14/><E125/><V52/><F123/><W79/><G115/><T16/><D110/><U7/><E116/><V84/><F33/><W23/><G29/><T68/><D134/><U10/><E96/><V32/><F32/><W55/><G0/><T69/><D129/><U127/><E127/><V2/><F28/><W49/><G5/><T3/><D3/><U111/><E111/><V118/><F2/><W103/><G92/><T46/><D69/><U97/><E97/><V6/><F6/><W75/><REACH who="3" step="1"/><G76/><REACH who="3" ten="388,184,204,204" step="2"/><T131/><D114/><U133/><E7/><V93/><F113/><W85/><G85/><T25/><D131/><U51/><E133/><V105/><F135/><W128/><G128/><T62/><D94/><U58/><E47/><V81/><F109/><W122/><G122/><T78/><D78/><U22/><E83/><V119/><F124/><W30/><G30/><T108/><D108/><U90/><REACH who="1" step="1"/><E10/><REACH who="1" ten="388,174,204,204" step="2"/><V74/><F119/><W1/><G1/><T120/><D46/><U41/><E41/><AGARI ba="3,3" hai="20,21,23,41,45,49,54,55,75,79,82,100,101,103" machi="41" ten="40,1300,0" yaku="1,1,53,0" doraHai="56" doraHaiUra="31" who="3" fromWho="1" sc="388,0,174,-22,204,0,204,52" /><INIT seed="2,0,0,3,1,40" ten="388,152,204,256" oya="2" hai0="98,122,105,86,103,64,87,6,91,134,74,100,58" hai1="15,14,22,104,115,45,76,121,61,38,60,51,2" hai2="118,63,126,81,3,46,57,123,129,32,131,52,13" hai3="73,96,88,8,0,113,25,28,1,12,102,53,62"/><V110/><F3/><W83/><G113/><T95/><D6/><U93/><E115/><V99/><F32/><W108/><G108/><T78/><D64/><U77/><E121/><V56/><F123/><W67/><G53/><T133/><D58/><U20/><E2/><V49/><F118/><W69/><G12/><N who="1" m="4650" /><E38/><V84/><F110/><W42/><G42/><T82/><D122/><U55/><E104/><V66/><F126/><W16/><G16/><T43/><D43/><U65/><E93/><V17/><F99/><W50/><G50/><T114/><D114/><U68/><E68/><V19/><F57/><W33/><G8/><T94/><REACH who="0" step="1"/><D103/><REACH who="0" ten="378,152,204,256" step="2"/><U31/><E65/><V27/><F27/><W117/><G117/><T23/><D23/><N who="1" m="8747" /><E31/><V101/><F101/><W37/><G102/><T85/><D85/><U89/><E89/><AGARI ba="0,1" hai="74,78,82,86,87,89,91,94,95,98,100,105,133,134" machi="89" ten="40,12000,2" yaku="1,1,9,1,24,2,34,3,53,0" doraHai="40" doraHaiUra="41" who="0" fromWho="1" sc="378,130,152,-120,204,0,256,0" /><INIT seed="3,0,0,5,3,32" ten="508,32,204,256" oya="3" hai0="76,40,27,99,61,106,107,21,36,0,112,103,34" hai1="16,111,75,104,135,30,84,87,4,122,5,58,33" hai2="69,109,116,83,20,134,3,71,29,121,13,110,79" hai3="6,92,51,43,68,77,78,80,114,91,23,130,1"/><W55/><G68/><T11/><D112/><U73/><E122/><V56/><F116/><W105/><G114/><T62/><D76/><U90/><E111/><N who="2" m="42507" /><F121/><W14/><G105/><T24/><D107/><U19/><E135/><V89/><F134/><W82/><G130/><T94/><D106/><U81/><E104/><V2/><F89/><W9/><G43/><T118/><D34/><U119/><E119/><V54/><F71/><W124/><G124/><T117/><D27/><U86/><E90/><V12/><F69/><W125/><G125/><T39/><D39/><U18/><E58/><V52/><F29/><W93/><G93/><T85/><D85/><U22/><E33/><V97/><F97/><W35/><G35/><T10/><D118/><U102/><E102/><V15/><F20/><W57/><G77/><T64/><D117/><U128/><E128/><V72/><F54/><W41/><G78/><T70/><D61/><AGARI ba="0,0" hai="2,3,12,13,15,52,56,61,72,79,83" m="42507" machi="61" ten="30,7700,0" yaku="14,1,52,2,54,1" doraHai="32" who="2" fromWho="0" sc="508,-77,32,0,204,77,256,0" /><INIT seed="4,0,0,2,0,72" ten="431,32,281,256" oya="0" hai0="13,5,46,90,80,106,117,33,129,58,124,77,55" hai1="1,99,105,66,14,115,71,96,22,68,130,24,63" hai2="111,49,43,34,36,112,118,47,53,4,18,91,7" hai3="114,25,48,133,31,104,92,65,2,94,12,61,120"/><T38/><D106/><U75/><E130/><V64/><F111/><W62/><G2/><T41/><D33/><U67/><E1/><V45/><F34/><W30/><G104/><T39/><D129/><U29/><E115/><V87/><F112/><W125/><G114/><T27/><D124/><U89/><E75/><V84/><F118/><W42/><G125/><T52/><D90/><U116/><E116/><V19/><F64/><W59/><G133/><T73/><D27/><U76/><E76/><V97/><F97/><W126/><G126/><T132/><D132/><U69/><E105/><V11/><F87/><W122/><G12/><T85/><D39/><U37/><E37/><V101/><F101/><W35/><G30/><T110/><D110/><U103/><E14/><V0/><REACH who="2" step="1"/><F7/><REACH who="2" ten="431,32,271,256" step="2"/><W100/><G100/><T9/><D117/><U121/><E67/><V54/><F54/><W44/><REACH who="3" step="1"/><G62/><REACH who="3" ten="431,32,271,246" step="2"/><T8/><D5/><U79/><E103/><V128/><F128/><W86/><G86/><T74/><D85/><U83/><E63/><V16/><F16/><W102/><G102/><T109/><D74/><U134/><E134/><V108/><F108/><W78/><G78/><T15/><D77/><U70/><N who="1" m="17408" /><DORA hai="113" /><U28/><E79/><V93/><AGARI ba="0,2" hai="0,4,11,18,19,36,43,45,47,49,53,84,91,93" machi="93" ten="20,5200,0" yaku="1,1,0,1,7,1,53,1" doraHai="72,113" doraHaiUra="51,95" who="2" fromWho="2" sc="431,-26,32,-13,271,72,246,-13" /><INIT seed="5,0,0,3,1,58" ten="405,19,343,233" oya="1" hai0="43,120,84,94,13,109,69,113,34,130,127,11,0" hai1="65,18,4,79,21,33,122,129,118,76,83,116,131" hai2="61,95,1,5,66,103,126,60,89,124,123,128,15" hai3="55,87,115,49,101,40,19,78,16,45,48,10,41"/><U112/><E122/><V42/><F1/><W114/><G101/><T25/><D69/><U46/><E33/><V75/><F123/><W74/><G74/><T7/><D43/><U53/><E4/><V99/><F75/><W111/><G111/><T119/><D94/><U134/><E112/><N who="3" m="43050" /><G10/><T59/><D84/><U107/><E134/><V72/><F72/><W2/><G2/><T82/><D82/><U100/><E65/><V77/><F77/><N who="1" m="29769" /><E83/><V9/><F128/><N who="1" m="49225" /><E100/><V38/><F103/><W125/><G125/><N who="2" m="48233" /><F66/><W47/><G40/><T86/><D127/><U3/><E107/><V14/><F14/><W24/><G24/><T62/><D120/><U63/><E3/><V35/><F35/><W50/><G50/><T32/><D34/><U96/><E96/><V80/><F80/><AGARI ba="0,0" hai="16,19,41,45,47,48,49,55,78,80,87" m="43050" machi="80" ten="30,2000,0" yaku="15,1,54,1" doraHai="58" who="3" fromWho="2" sc="405,0,19,0,343,-20,233,20" /><INIT seed="6,0,0,0,1,3" ten="405,19,323,253" oya="2" hai0="90,79,126,62,41,34,123,72,55,120,10,28,12" hai1="88,112,128,53,33,129,0,114,119,52,1,91,40" hai2="94,43,85,35,48,93,76,57,113,46,47,86,24" hai3="81,130,116,22,38,84,74,44,32,59,107,65,5"/><V103/><F113/><N who="1" m="43625" /><E40/><V7/><F35/><W122/><G32/><T20/><D20/><U50/><E33/><V132/><F132/><W111/><G116/><T58/><D79/><U105/><E105/><V4/><F24/><W131/><G122/><T37/><D90/><N who="1" m="34347" /><E119/><V68/><F68/><W23/><G107/><T2/><D72/><U13/><E13/><V92/><F103/><W11/><G74/><T45/><D2/><N who="1" m="1131" /><E50/><N who="2" m="26975" /><F57/><W87/><G59/><T61/><D58/><U6/><E6/><N who="2" m="2091" /><F76/><W135/><G135/><T125/><D120/><U54/><AGARI ba="0,0" hai="52,53,54,128,129" m="1131,34347,43625" machi="54" ten="40,8000,1" yaku="28,2,15,1,54,2" doraHai="3" who="1" fromWho="1" sc="405,-20,19,80,323,-40,253,-20" /><INIT seed="7,0,0,0,2,85" ten="385,99,283,233" oya="3" hai0="33,38,116,65,3,95,68,42,30,87,84,55,29" hai1="104,115,45,133,6,27,51,10,32,15,23,57,58" hai2="109,12,78,14,20,108,103,102,61,118,54,35,80" hai3="124,121,17,4,113,111,13,76,34,22,128,94,60"/><W44/><G121/><T88/><D3/><U135/><E104/><V16/><F118/><W69/><G34/><T26/><D30/><U101/><E32/><V56/><F35/><W46/><G111/><T119/><D55/><U7/><E115/><V18/><F109/><W132/><G113/><T91/><D65/><U48/><E101/><V2/><F2/><W120/><G120/><T96/><D68/><U110/><E110/><V11/><F108/><W129/><G76/><T82/><D42/><U53/><E6/><V106/><F106/><W83/><G83/><T125/><D38/><U0/><E0/><V31/><F31/><W134/><G94/><T36/><D36/><U39/><E39/><V123/><F123/><W130/><G4/><T122/><D125/><U114/><E114/><V98/><F98/><W89/><G89/><T86/><D122/><U62/><E62/><V47/><F47/><W77/><G77/><T41/><D41/><U50/><E50/><V92/><F92/><W49/><G69/><T105/><D105/><U64/><E64/><V66/><F66/><W117/><G117/><T97/><D82/><U67/><E67/><V73/><AGARI ba="0,0" hai="11,12,14,16,18,20,54,56,61,73,78,80,102,103" machi="73" ten="20,2700,0" yaku="0,1,7,1,54,1" doraHai="85" who="2" fromWho="2" sc="385,-7,99,-7,283,27,233,-13" owari="378,48.0,92,-41.0,310,11.0,220,-18.0" /></mjloggm>