<mjloggm ver="2.3"><GO type="169" lobby="0"/><UN n0="%E8%8C%B6%E8%89%B2%E3%81%AE%E3%82%A2%E3%83%AC" n1="%4E%65%67%69%74%6F%72%6F" n2="%4B%45%4E%2D%4F%47%41%53" n3="%E3%82%84%E3%81%8F%E3%81%97%E3%81%BE%E3%82%8B%E3%81%88%E3%81%A4%E3%81%93" dan="17,16,16,16" rate="2179.43,2144.35,2133.13,2063.45" sx="M,M,M,F"/><TAIKYOKU oya="0"/><INIT seed="0,0,0,3,2,77" ten="250,250,250,250" oya="0" hai0="0,51,129,28,90,38,3,4,124,52,60,83,95" hai1="130,24,94,115,97,41,45,80,58,37,64,35,43" hai2="74,122,84,75,111,65,69,21,53,9,59,91,92" hai3="50,7,88,125,131,63,119,118,100,10,121,110,132"/><T108/><D38/><U87/><E130/><V120/><F111/><W72/><G110/><T46/><D108/><U116/><E116/><V103/><F65/><W113/><G113/><T36/><D129/><U31/><E115/><V22/><F69/><W89/><G131/><T107/><D107/><U6/><E41/><V133/><F133/><W81/><G132/><T112/><D112/><U85/><E6/><V82/><F75/><W19/><G121/><T29/><D124/><U78/><E64/><V135/><F135/><W17/><G125/><T47/><D60/><U23/><E58/><V102/><F9/><W1/><G100/><T42/><D4/><U105/><E105/><V61/><F22/><W14/><G19/><T62/><D62/><U15/><E15/><V98/><F103/><W128/><G128/><T99/><REACH who="0" step="1"/><D83/><REACH who="0" ten="240,250,250,250" step="2"/><U18/><E80/><V73/><F122/><W48/><G63/><T123/><D123/><U16/><E37/><V20/><F120/><W93/><G119/><T106/><D106/><U68/><E94/><V79/><F74/><W96/><G118/><T40/><D40/><U27/><E43/><V101/><F101/><W2/><G72/><T12/><D12/><U39/><E39/><V134/><F134/><W5/><G5/><T13/><D13/><U86/><E24/><V34/><F34/><W104/><G104/><AGARI ba="0,1" hai="20,21,53,59,61,73,79,82,84,91,92,98,102,104" machi="104" ten="30,7700,0" yaku="7,1,24,2,52,1" doraHai="77" who="2" fromWho="3" sc="240,0,250,0,250,87,250,-77" /><INIT seed="1,0,0,0,0,44" ten="240,250,337,173" oya="1" hai0="55,64,82,19,50,60,85,80,3,31,112,27,79" hai1="33,61,57,71,94,9,89,87,119,74,23,68,83" hai2="104,41,73,54,107,4,49,38,6,15,121,58,76" hai3="128,29,132,7,67,45,117,51,106,13,108,126,43"/><U22/><E119/><V17/><F121/><W34/><G117/><T46/><D112/><U118/><E118/><V10/><F107/><W36/><G108/><T59/><D3/><U100/><E33/><V129/><F104/><W99/><G126/><T37/><D19/><U72/><E72/><V24/><F129/><W32/><G128/><T120/><D120/><U84/><E74/><V114/><F114/><W134/><G67/><T18/><D18/><U130/><E130/><V115/><F115/><W26/><G34/><T70/><D80/><U103/><E68/><V12/><F24/><W39/><G7/><T110/><D110/><U63/><E71/><V20/><F38/><W5/><G5/><T1/><D1/><U28/><E9/><V52/><F6/><W66/><G66/><T42/><D27/><N who="1" m="16503" /><E23/><V62/><F73/><W81/><G13/><T21/><D21/><U105/><E105/><V135/><F135/><N who="3" m="51755" /><G81/><T86/><D31/><U40/><E40/><V0/><F0/><W16/><G16/><T48/><D48/><U101/><E57/><N who="2" m="35111" /><F41/><W96/><G106/><T53/><D53/><U124/><E124/><V125/><F125/><W102/><G102/><T88/><D88/><AGARI ba="0,0" hai="61,63,83,84,87,88,89,94,100,101,103" m="16503" machi="88" ten="30,2900,0" yaku="8,1,54,1" doraHai="44" who="1" fromWho="0" sc="240,-29,250,29,337,0,173,0" /><INIT seed="1,1,0,4,3,37" ten="211,279,337,173" oya="1" hai0="87,109,15,123,65,7,14,0,95,53,9,98,107" hai1="79,61,115,93,120,50,72,126,1,64,31,88,51" hai2="27,4,83,59,48,90,36,52,135,32,124,63,101" hai3="73,91,2,5,103,112,102,18,110,56,114,47,70"/><U69/><E120/><V62/><F135/><W99/><G70/><T21/><D123/><U100/><E115/><V119/><F124/><W86/><G73/><T19/><D65/><U12/><E126/><V104/><F119/><W23/><G110/><T94/><D109/><U78/><E1/><V128/><F128/><W3/><G112/><T13/><D107/><U33/><E100/><V97/><F36/><W41/><G56/><T44/><D87/><U125/><E125/><V81/><F4/><W66/><G66/><T29/><D95/><U133/><E133/><V10/><F10/><W106/><G103/><T92/><D94/><U49/><E72/><V111/><F90/><W25/><G5/><T75/><D75/><U58/><E69/><V35/><F35/><W82/><REACH who="3" step="1"/><G114/><REACH who="3" ten="211,279,337,163" step="2"/><T30/><D7/><U24/><REACH who="1" step="1"/><E12/><REACH who="1" ten="211,269,337,163" step="2"/><V28/><F111/><W113/><G113/><T34/><D14/><U74/><E74/><V117/><F117/><W129/><G129/><T121/><D121/><U46/><E46/><V57/><F63/><W26/><G26/><T118/><D118/><U108/><E108/><V55/><AGARI ba="1,2" hai="27,28,32,48,52,55,57,59,62,81,83,97,101,104" machi="55" ten="20,2700,0" yaku="0,1,7,1,54,1" doraHai="37" who="2" fromWho="2" sc="211,-8,269,-14,337,50,163,-8" /><INIT seed="2,0,0,4,1,5" ten="203,255,387,155" oya="2" hai0="131,107,83,66,17,40,36,55,18,48,88,9,79" hai1="112,43,13,80,24,19,76,49,108,33,20,132,34" hai2="38,116,81,53,74,129,105,113,75,134,96,51,57" hai3="47,106,73,44,78,10,2,120,122,15,3,118,111"/><V89/><F116/><W126/><G118/><T77/><D107/><U7/><E112/><V35/><F113/><W130/><G106/><T67/><D36/><U99/><E108/><V114/><F114/><W109/><G73/><T16/><D40/><U60/><E132/><V121/><F121/><N who="3" m="46699" /><G78/><T125/><D125/><U29/><E7/><V63/><F35/><W82/><G82/><T39/><D39/><U46/><E60/><V56/><F38/><W103/><G103/><T124/><D131/><U31/><E99/><V70/><F70/><W71/><G71/><T119/><D119/><U21/><REACH who="1" step="1"/><E31/><REACH who="1" ten="203,245,387,155" step="2"/><V115/><F115/><W37/><G126/><T90/><D124/><U69/><E69/><V8/><F134/><W26/><G130/><T98/><D98/><U133/><E133/><V1/><F96/><W72/><G111/><T92/><D18/><U27/><E27/><V59/><F129/><W97/><G26/><T87/><D17/><U12/><E12/><V94/><F63/><W6/><G109/><T100/><D100/><U61/><E61/><V123/><F123/><W135/><G97/><N who="0" m="57479" /><D67/><U110/><E110/><V62/><F62/><W102/><G102/><T84/><D66/><U23/><E23/><V11/><F105/><W58/><G135/><T117/><D117/><U22/><E22/><V64/><F64/><W0/><G0/><T41/><D84/><AGARI ba="0,1" hai="13,19,20,21,24,29,33,34,43,46,49,76,80,84" machi="84" ten="30,2000,0" yaku="1,1,7,1,53,0" doraHai="5" doraHaiUra="91" who="1" fromWho="0" sc="203,-20,245,30,387,0,155,0" /><INIT seed="3,0,0,5,0,17" ten="183,275,387,155" oya="3" hai0="134,78,9,60,114,126,92,119,53,84,39,44,101" hai1="34,3,133,107,85,73,91,18,99,82,79,88,117" hai2="11,35,123,14,56,38,121,20,102,51,96,36,49" hai3="80,8,59,45,33,32,28,118,57,90,111,22,41"/><W54/><G118/><T69/><D119/><U68/><E68/><V125/><F35/><W120/><G120/><N who="2" m="46153" /><F125/><W77/><G90/><N who="1" m="34346" /><E18/><N who="2" m="10327" /><F11/><W95/><G95/><T128/><D69/><U132/><E3/><V113/><F113/><W108/><G8/><T43/><D114/><U124/><E34/><V46/><F56/><W23/><G32/><T97/><D9/><U50/><E50/><N who="2" m="18955" /><F46/><W106/><G33/><T25/><D44/><U81/><E117/><V115/><F115/><W7/><G7/><T47/><D47/><U31/><E31/><V112/><F112/><W87/><G28/><T94/><D126/><U10/><E10/><V70/><F70/><W40/><G59/><T29/><D29/><U75/><E124/><V1/><F1/><W62/><G106/><AGARI ba="0,0" hai="36,38,96,102,106" m="18955,10327,46153" machi="106" ten="30,2000,0" yaku="13,1,52,1" doraHai="17" who="2" fromWho="3" sc="183,0,275,0,387,20,155,-20" /><INIT seed="4,0,0,5,1,43" ten="183,275,407,135" oya="0" hai0="102,131,67,24,124,68,66,37,87,84,8,15,104" hai1="60,99,90,14,69,111,128,86,103,19,75,112,135" hai2="12,127,47,50,63,132,54,32,16,51,91,78,88" hai3="36,7,71,53,26,34,38,97,5,27,98,123,94"/><T121/><D121/><U45/><E75/><V118/><F32/><W72/><G72/><T110/><D131/><U62/><E111/><V10/><F127/><W108/><G34/><T59/><D124/><U100/><E100/><V134/><F118/><W20/><G20/><T46/><D68/><U120/><E120/><V73/><F63/><W58/><G123/><T30/><D110/><U70/><E70/><V129/><F129/><W1/><G71/><T28/><D104/><U31/><E31/><V105/><F105/><W0/><G108/><T109/><D102/><U101/><E101/><V11/><F11/><W115/><G94/><T76/><D59/><U83/><E69/><V85/><F51/><W61/><G61/><T95/><D84/><U42/><E112/><V74/><F91/><W18/><G58/><T29/><D24/><U23/><E135/><N who="2" m="51755" /><F78/><W113/><REACH who="3" step="1"/><G18/><REACH who="3" ten="183,275,407,125" step="2"/><T4/><D109/><U89/><E128/><V126/><F126/><W65/><G65/><T92/><D92/><AGARI ba="0,1" hai="10,12,16,47,50,54,73,74,85,88,92" m="51755" machi="92" ten="30,7700,0" yaku="20,1,52,1,54,2" doraHai="43" who="2" fromWho="0" sc="183,-77,275,0,407,87,125,0" /><INIT seed="5,0,0,2,4,57" ten="106,275,494,125" oya="1" hai0="88,84,23,11,59,58,56,103,12,107,0,37,110" hai1="30,133,36,15,102,31,117,134,82,19,52,91,94" hai2="115,68,80,109,17,123,77,122,65,21,48,35,119" hai3="86,106,130,43,41,9,44,99,97,64,51,49,53"/><U50/><E117/><V70/><F35/><W127/><G127/><T100/><D110/><U25/><E36/><V81/><F119/><W71/><G130/><T4/><D37/><U7/><E102/><V38/><F38/><W112/><G112/><T132/><D132/><N who="1" m="50795" /><E82/><V79/><F109/><W5/><G106/><T131/><D107/><U126/><E7/><V125/><F48/><W45/><G53/><T42/><D42/><U93/><E126/><V60/><F70/><W101/><G101/><T74/><D74/><U105/><E105/><V54/><F54/><W2/><REACH who="3" step="1"/><G86/><REACH who="3" ten="106,275,494,115" step="2"/><T121/><D131/><U18/><E30/><V13/><F125/><W24/><G24/><T114/><D114/><U116/><E31/><V26/><F26/><W104/><G104/><T96/><D121/><U39/><E116/><V89/><F115/><W90/><G90/><T135/><D135/><U55/><E55/><V32/><F89/><W63/><AGARI ba="0,1" hai="2,5,9,41,43,44,45,49,51,63,64,71,97,99" machi="63" ten="30,7900,0" yaku="1,1,0,1,9,1,52,1,53,0" doraHai="57" doraHaiUra="14" who="3" fromWho="3" sc="106,-20,275,-39,494,-20,115,89" /><INIT seed="6,0,0,1,3,63" ten="86,236,474,204" oya="2" hai0="16,41,12,130,104,119,117,20,19,78,69,4,124" hai1="109,132,72,3,74,115,60,133,65,37,125,51,70" hai2="61,98,34,134,56,107,45,36,95,102,39,79,105" hai3="50,10,29,55,111,30,85,0,17,33,15,129,90"/><V32/><F134/><N who="1" m="51817" /><E3/><V31/><F79/><W62/><G111/><T127/><D41/><U89/><E37/><V73/><F73/><W131/><G0/><T46/><D46/><U35/><E35/><V83/><F83/><N who="3" m="49471" /><G62/><T82/><D104/><U87/><E115/><V121/><F121/><W128/><G33/><T97/><D97/><U43/><E125/><N who="0" m="48201" /><D69/><U58/><E109/><V18/><F18/><N who="0" m="6698" /><D78/><U103/><E103/><V5/><F5/><W77/><G77/><T86/><D86/><U11/><E11/><V38/><F45/><AGARI ba="0,0" hai="10,15,17,29,30,45,50,55,128,129,131" m="49471" machi="45" ten="30,2000,0" yaku="25,1,19,1" doraHai="63" who="3" fromWho="2" sc="86,0,236,0,474,-20,204,20" /><INIT seed="7,0,0,3,4,7" ten="86,236,454,224" oya="3" hai0="128,49,42,30,67,25,3,95,107,2,89,104,60" hai1="72,37,57,103,83,23,97,85,133,96,131,75,73" hai2="93,74,108,12,125,36,1,54,106,44,129,38,34" hai3="62,92,124,56,116,79,18,77,99,33,76,78,82"/><W102/><G116/><T46/><D128/><U113/><E37/><V9/><F106/><W28/><G124/><T80/><D80/><U68/><E68/><V71/><F74/><W127/><G127/><T0/><D104/><U115/><E131/><V69/><F108/><W45/><G45/><T14/><D107/><N who="1" m="63975" /><E97/><V65/><F1/><W22/><G33/><T51/><D51/><U24/><E57/><V11/><F71/><W27/><G77/><T59/><D14/><U109/><E133/><V39/><F69/><W5/><G5/><T8/><D89/><N who="1" m="51391" /><E75/><V50/><F34/><W90/><G82/><T98/><D95/><U135/><E135/><V105/><F105/><W4/><G4/><T122/><D98/><U87/><E87/><V10/><F125/><W110/><G110/><T16/><D122/><U101/><E101/><V117/><F117/><W120/><G120/><T21/><REACH who="0" step="1"/><D30/><REACH who="0" ten="76,236,454,224" step="2"/><U64/><E109/><V126/><F126/><W114/><G28/><T40/><D40/><U70/><E72/><V66/><F129/><W61/><G90/><T118/><D118/><U26/><E73/><V111/><F111/><W134/><G134/><T84/><D84/><U47/><E26/><V130/><F130/><W48/><G48/><T53/><D53/><U55/><E55/><V29/><F39/><W112/><G62/><T119/><D119/><U123/><E24/><V121/><F38/><W100/><G102/><T94/><D94/><U6/><E123/><V13/><F36/><W32/><G61/><T35/><D35/><U132/><E132/><V91/><F121/><RYUUKYOKU type="nm" ba="0,1" sc="76,-20,236,-20,454,80,224,-40" hai0="0,2,3,8,16,21,25,42,46,49,59,60,67" owari="56,-44.0,216,2.0,544,64.0,184,-22.0" /></mjloggm>