<mjloggm ver="2.3"><GO type="169" lobby="0"/><UN n0="%E3%81%8B%E3%81%A4%E3%81%A9%E3%82%93" n1="%E6%AD%A6%E5%89%87%E8%BC%9D%E6%B5%B7" n2="%E3%82%A6%E3%83%AB%E3%83%88%E3%83%A9%E7%AB%8B%E7%9B%B4" n3="%E3%83%AA%E3%83%92%E3%83%A3" dan="17,16,20,16" rate="2247.05,2103.59,2172.21,2079.71" sx="F,M,M,M"/><TAIKYOKU oya="0"/><INIT seed="0,0,0,5,3,14" ten="250,250,250,250" oya="0" hai0="44,131,5,98,86,28,87,47,23,106,130,37,56" hai1="9,74,8,134,100,43,4,128,116,6,93,24,54" hai2="109,124,58,61,89,79,127,95,69,48,16,121,39" hai3="45,63,11,32,82,115,71,66,34,40,88,119,27"/><T36/><D5/><U50/><E74/><V107/><F39/><N who="0" m="14922" /><D56/><U102/><E116/><V105/><F79/><W135/><G115/><T85/><D28/><U62/><E43/><V118/><F121/><W101/><G135/><T78/><D23/><U29/><E134/><V46/><F69/><W80/><G101/><N who="0" m="62775" /><D78/><U59/><E128/><AGARI ba="0,0" hai="44,47,85,86,87,128,130,131" m="62775,14922" machi="128" ten="40,2000,0" yaku="19,1" doraHai="14" who="0" fromWho="1" sc="250,20,250,-20,250,0,250,0" /><INIT seed="0,1,0,1,2,69" ten="270,230,250,250" oya="0" hai0="92,7,114,121,13,135,88,78,125,16,3,43,74" hai1="107,30,95,29,110,128,6,65,59,20,21,46,0" hai2="90,115,130,93,75,52,89,100,67,56,39,91,82" hai3="71,105,119,22,38,109,28,112,116,129,15,35,60"/><T34/><D114/><U45/><E107/><V37/><F115/><W40/><G15/><T104/><D121/><U96/><E110/><V27/><F130/><W127/><G22/><T76/><D104/><U124/><E128/><V108/><F108/><W17/><G17/><T106/><D106/><U72/><E72/><V73/><F67/><W8/><G112/><T118/><D118/><U68/><E68/><V10/><F75/><W55/><G55/><T50/><D34/><U81/><E81/><V133/><F133/><W80/><G127/><T58/><D135/><U42/><E46/><V12/><F27/><N who="3" m="18847" /><G80/><T49/><D74/><U94/><E124/><V113/><F113/><W97/><G8/><N who="0" m="6183" /><D7/><U19/><E0/><V132/><F132/><W61/><G61/><T63/><D3/><U2/><E2/><V1/><F1/><W117/><G129/><T134/><D134/><U41/><E6/><V122/><F122/><W64/><G109/><T86/><D125/><U47/><E19/><V79/><F12/><W25/><G25/><T126/><D126/><U131/><E131/><V4/><F4/><W11/><G11/><T23/><D23/><U101/><E94/><V44/><F10/><W33/><G33/><T54/><D63/><N who="1" m="38143" /><E21/><V24/><F24/><W51/><G119/><T99/><D86/><U123/><E123/><V111/><F111/><W32/><G32/><T85/><D85/><U48/><E20/><V103/><F93/><W98/><G105/><T9/><D9/><U70/><E70/><V62/><F37/><W57/><G38/><T31/><D31/><RYUUKYOKU ba="1,0" sc="270,10,230,10,250,10,250,-30" hai0="43,49,50,54,58,76,78,88,92,99" hai1="29,30,41,42,45,47,48,95,96,101" hai2="39,44,52,56,62,73,79,82,89,90,91,100,103" /><INIT seed="0,2,0,5,3,135" ten="280,240,260,220" oya="0" hai0="115,23,49,51,114,68,126,131,61,123,46,56,79" hai1="30,33,31,34,26,12,29,0,8,10,88,89,25" hai2="118,7,78,2,75,109,42,22,21,125,27,59,64" hai3="57,19,133,63,60,84,48,107,62,72,130,40,85"/><T58/><D123/><U24/><E89/><V93/><F118/><W104/><G72/><T11/><D79/><U90/><E88/><V82/><F109/><W36/><G36/><T98/><D98/><U70/><E90/><V28/><F93/><W54/><G130/><T74/><D74/><U102/><E102/><V110/><F110/><W52/><G133/><T67/><D11/><U83/><E83/><V129/><F129/><W16/><G40/><N who="0" m="24775" /><D131/><U103/><E70/><V99/><F99/><W14/><G19/><T92/><D92/><U71/><E71/><V112/><F112/><N who="0" m="43050" /><D23/><U65/><E65/><V80/><F80/><W113/><G107/><T32/><D32/><U50/><E50/><V101/><F101/><W38/><G38/><T13/><D13/><U53/><E53/><V121/><F121/><W128/><G104/><T77/><D77/><U5/><E103/><V97/><F97/><W37/><G37/><T3/><D3/><U108/><E108/><V94/><F2/><W120/><G120/><T43/><D126/><U105/><E105/><V127/><F94/><W122/><G122/><T1/><D1/><U69/><E69/><V76/><F76/><W44/><G128/><T100/><D100/><U9/><E9/><V17/><F127/><W87/><G113/><T55/><D43/><U41/><E41/><V111/><F42/><W96/><G96/><T20/><D20/><AGARI ba="2,0" hai="14,16,20,44,48,52,54,57,60,62,63,84,85,87" machi="20" ten="40,5200,0" yaku="8,1,54,2" doraHai="135" who="3" fromWho="0" sc="280,-58,240,0,260,0,220,58" /><INIT seed="1,0,0,0,5,116" ten="222,240,260,278" oya="1" hai0="67,60,35,12,97,8,134,53,46,29,124,61,132" hai1="20,27,70,91,86,113,92,45,19,44,82,6,30" hai2="73,105,28,103,56,66,38,107,26,34,10,104,100" hai3="25,51,32,63,121,119,57,85,59,72,133,31,110"/><U109/><E70/><V115/><F115/><W125/><G72/><T90/><D124/><U64/><E113/><V129/><F73/><W123/><G110/><T58/><D35/><U80/><E64/><V39/><F129/><W21/><G133/><N who="0" m="51307" /><D29/><U68/><E68/><V108/><F108/><W112/><G112/><T40/><D90/><U55/><E109/><V49/><F10/><W23/><G119/><T79/><D79/><U41/><E6/><V37/><REACH who="2" step="1"/><F49/><REACH who="2" ten="222,240,250,278" step="2"/><W131/><G131/><T7/><D97/><U81/><E41/><V75/><F75/><W78/><G125/><T9/><D8/><U4/><E4/><V120/><F120/><W126/><G126/><T3/><D3/><U50/><REACH who="1" step="1"/><E30/><REACH who="1" ten="222,230,250,278" step="2"/><V0/><F0/><W1/><G31/><T130/><D130/><U18/><E18/><V101/><F101/><W76/><G1/><T48/><D40/><U117/><E117/><V127/><F127/><W22/><G123/><T52/><D7/><U87/><E87/><V93/><F93/><W16/><G85/><T24/><D9/><U95/><E95/><V54/><F54/><W106/><G121/><T118/><D118/><U47/><AGARI ba="0,2" hai="19,20,27,44,45,47,50,55,80,81,82,86,91,92" machi="47" ten="30,11700,0" yaku="1,1,0,1,8,1,53,1" doraHai="116" doraHaiUra="15" who="1" fromWho="1" sc="222,-39,230,137,250,-39,278,-39" /><INIT seed="1,1,0,4,5,92" ten="183,367,211,239" oya="1" hai0="111,109,44,126,101,61,97,108,55,54,36,79,9" hai1="99,12,102,114,73,103,37,52,118,77,94,19,93" hai2="4,84,29,115,43,96,76,112,116,133,34,125,53" hai3="46,98,128,63,2,105,57,71,7,119,1,67,72"/><U123/><E123/><V51/><F116/><W24/><G128/><T121/><D121/><U130/><E118/><V15/><F125/><W106/><G119/><T110/><N who="0" m="27648" /><DORA hai="59" /><T89/><D126/><U64/><E37/><V83/><F133/><W132/><G72/><T23/><D79/><U32/><E32/><V74/><F43/><W33/><G132/><T35/><D35/><U85/><E73/><V6/><F74/><W0/><G46/><T68/><D89/><U38/><E38/><V88/><F29/><N who="3" m="19623" /><G57/><T20/><D9/><U91/><E114/><N who="2" m="43563" /><F34/><W31/><G31/><T17/><D36/><U45/><E130/><V100/><F76/><W49/><G49/><N who="0" m="28967" /><D17/><U127/><E127/><V28/><F28/><W25/><G106/><N who="0" m="63791" /><D55/><U107/><E77/><V117/><F117/><W66/><G66/><AGARI ba="1,0" hai="20,23,61,66,68" m="63791,28967,27648" machi="66" ten="60,7700,0" yaku="14,1,52,2" doraHai="92,59" who="0" fromWho="3" sc="183,80,367,0,211,0,239,-80" /><INIT seed="2,0,0,0,5,10" ten="263,367,211,159" oya="2" hai0="88,92,81,2,83,118,3,63,68,31,9,106,35" hai1="48,62,95,121,130,80,110,127,60,42,57,59,109" hai2="120,46,52,53,107,96,13,1,122,103,24,66,4" hai3="38,79,33,64,55,108,12,104,100,18,94,91,128"/><V125/><F1/><W8/><G108/><T29/><D106/><U102/><E80/><V6/><F125/><W113/><G128/><T7/><D2/><U134/><E102/><V89/><F66/><W25/><G113/><T47/><D118/><U119/><E95/><V23/><F89/><W86/><G38/><T85/><D47/><N who="1" m="25719" /><E119/><V65/><F65/><W73/><G64/><T39/><D39/><U75/><E75/><V50/><F53/><W27/><G33/><T101/><D68/><U93/><E93/><V43/><F43/><W37/><G37/><T112/><D112/><U54/><E134/><V135/><F135/><W116/><G55/><T15/><D63/><N who="1" m="24107" /><E130/><V77/><F77/><W16/><G18/><T5/><D35/><U40/><E40/><V22/><F6/><N who="0" m="2058" /><D3/><U58/><E121/><V51/><F51/><W123/><G123/><T90/><D101/><U45/><E127/><V133/><F133/><W41/><G41/><T19/><D83/><U87/><E87/><AGARI ba="0,0" hai="9,15,19,29,31,81,85,87,88,90,92" m="2058" machi="87" ten="30,3900,0" yaku="8,1,52,1,54,1" doraHai="10" who="0" fromWho="1" sc="263,39,367,-39,211,0,159,0" /><INIT seed="3,0,0,4,5,109" ten="302,328,211,159" oya="3" hai0="99,122,76,15,128,17,46,31,73,90,33,79,42" hai1="26,71,45,132,78,120,8,4,135,21,52,43,54" hai2="2,93,82,91,84,34,88,51,56,127,69,53,39" hai3="70,59,19,20,44,103,129,29,16,18,0,10,87"/><W113/><G70/><T58/><D122/><U40/><E71/><V22/><F34/><W92/><G129/><T61/><D128/><U80/><E120/><V49/><F39/><W65/><G44/><T85/><D99/><U86/><E43/><V25/><F2/><W118/><G118/><T63/><D73/><U119/><E119/><V130/><F130/><W112/><G0/><T5/><D5/><U108/><E108/><V74/><F69/><W48/><G10/><T75/><D75/><U133/><E21/><V116/><F127/><W89/><G103/><T111/><D31/><U95/><E95/><V105/><F105/><W110/><G110/><T47/><D33/><U55/><E26/><V125/><F125/><W36/><G36/><T62/><D58/><U124/><E124/><V100/><F116/><W97/><G97/><T107/><D107/><U9/><REACH who="1" step="1"/><E4/><REACH who="1" ten="302,318,211,159" step="2"/><V37/><F22/><W6/><G6/><T131/><D131/><U66/><E66/><V77/><F25/><W72/><G65/><T98/><D42/><U41/><E41/><V12/><F93/><W27/><REACH who="3" step="1"/><G72/><REACH who="3" ten="302,318,211,149" step="2"/><T106/><D111/><U28/><E28/><V60/><F74/><W68/><G68/><T101/><D106/><U13/><E13/><V38/><F12/><W94/><G94/><T117/><D117/><U126/><E126/><V67/><F67/><W30/><G30/><T14/><D14/><U50/><AGARI ba="0,2" hai="8,9,40,45,50,52,54,55,78,80,86,132,133,135" machi="50" ten="40,8000,1" yaku="1,1,0,1,20,1,54,1,53,0" doraHai="109" doraHaiUra="11" who="1" fromWho="1" sc="302,-20,318,100,211,-20,149,-40" /><INIT seed="4,0,0,2,5,25" ten="282,418,191,109" oya="0" hai0="112,58,129,74,132,19,92,56,93,83,115,77,101" hai1="36,69,96,0,32,64,90,71,67,63,119,109,22" hai2="116,79,130,86,13,43,97,47,105,117,57,99,80" hai3="30,85,108,53,7,18,10,124,12,114,20,104,38"/><T2/><D2/><U78/><E119/><N who="2" m="45643" /><F130/><W62/><G108/><T34/><D34/><U111/><E0/><V82/><F105/><W26/><G114/><T134/><D19/><U127/><E32/><V72/><F57/><N who="3" m="35119" /><G38/><T102/><D56/><U54/><E78/><N who="2" m="44103" /><F13/><W81/><G104/><T24/><D24/><U73/><E73/><V95/><F95/><N who="0" m="36426" /><D58/><U42/><E69/><V76/><F76/><N who="3" m="46247" /><G124/><T46/><D46/><U45/><E127/><V121/><F121/><W1/><G1/><T133/><D129/><U51/><E67/><V87/><F87/><W128/><G128/><T4/><D4/><AGARI ba="0,0" hai="4,7,10,12,18,20,26,30" m="46247,35119" machi="4" ten="30,2000,0" yaku="8,1,52,1" doraHai="25" who="3" fromWho="0" sc="282,-20,418,0,191,0,109,20" /><INIT seed="5,0,0,4,0,85" ten="262,418,191,129" oya="1" hai0="114,76,93,24,108,72,115,99,46,135,3,31,35" hai1="60,34,128,80,17,43,37,133,87,33,86,71,73" hai2="49,27,134,118,77,107,0,9,32,117,39,98,106" hai3="124,4,131,7,82,26,130,129,41,116,67,29,55"/><U47/><E73/><V10/><F49/><W1/><G41/><T112/><D108/><U38/><E38/><V111/><F98/><W84/><G124/><T14/><D3/><U97/><E128/><V30/><F111/><W88/><G1/><T78/><D135/><U36/><E36/><V127/><F10/><W52/><G67/><T69/><D69/><U66/><E133/><V59/><F59/><W22/><G116/><T75/><D46/><U74/><E74/><N who="0" m="28201" /><D14/><U113/><E87/><V122/><F134/><W62/><G62/><T15/><D15/><U6/><E97/><V92/><F39/><W121/><G121/><T126/><D126/><U58/><E6/><AGARI ba="0,0" hai="4,6,7,22,26,29,52,55,82,84,88,129,130,131" machi="6" ten="40,8000,1" yaku="19,1,52,1,54,2" doraHai="85" who="3" fromWho="1" sc="262,0,418,-80,191,0,129,80" /><INIT seed="6,0,0,4,5,49" ten="262,338,191,209" oya="2" hai0="18,19,32,134,34,29,20,16,5,4,56,22,102" hai1="37,127,96,42,111,121,6,88,8,83,113,48,41" hai2="36,106,47,26,135,107,50,43,52,104,23,15,57" hai3="71,130,94,46,112,105,45,51,77,58,25,85,7"/><V31/><REACH who="2" step="1"/><F15/><REACH who="2" ten="262,338,181,209" step="2"/><W120/><G120/><T60/><D134/><AGARI ba="0,1" hai="23,26,31,36,43,47,50,52,57,104,106,107,134,135" machi="134" ten="50,24000,3" yaku="21,2,2,1,52,1,54,1,53,3" doraHai="49" doraHaiUra="100" who="2" fromWho="0" sc="262,-240,338,0,181,250,209,0" /><INIT seed="6,1,0,2,5,57" ten="22,338,431,209" oya="2" hai0="21,107,120,1,81,10,50,54,3,56,74,75,78" hai1="118,28,68,6,90,99,126,23,17,123,135,110,66" hai2="117,108,93,129,7,88,16,9,49,53,45,37,58" hai3="2,111,71,40,76,70,104,102,61,43,41,15,97"/><V67/><F117/><W55/><G2/><T27/><D120/><U98/><E118/><V115/><F115/><W113/><G111/><T83/><D107/><U0/><E110/><V52/><F108/><W4/><G76/><T80/><D10/><U26/><E135/><V89/><F129/><W73/><G73/><T44/><D83/><U12/><E126/><V79/><F79/><W116/><G116/><T133/><D133/><U114/><E114/><V127/><F127/><W106/><G113/><T8/><D8/><U25/><E123/><V131/><F131/><W82/><G82/><T30/><D81/><U11/><E26/><V69/><F69/><W36/><G106/><T85/><D74/><U122/><E90/><V60/><F37/><W20/><G36/><T77/><D77/><U84/><E84/><V95/><F16/><W121/><G4/><T13/><D75/><U42/><E42/><V109/><F109/><W65/><G97/><T134/><D134/><U22/><E122/><V128/><F128/><W62/><G104/><T63/><REACH who="0" step="1"/><D13/><REACH who="0" ten="12,338,431,209" step="2"/><U33/><REACH who="1" step="1"/><E23/><REACH who="1" ten="12,328,431,209" step="2"/><V32/><F32/><W64/><G20/><T72/><D72/><U46/><E46/><V29/><F45/><W105/><G121/><T87/><D87/><U38/><E38/><V34/><F34/><W130/><G130/><T14/><D14/><U47/><E47/><V119/><F119/><W39/><G39/><T112/><D112/><U94/><E94/><V31/><F95/><W86/><G15/><T35/><D35/><U125/><E125/><V91/><F93/><W100/><G105/><RYUUKYOKU ba="1,2" sc="12,15,328,15,431,-15,209,-15" hai0="1,3,21,27,30,44,50,54,56,63,78,80,85" hai1="0,6,11,12,17,22,25,28,33,66,68,98,99" /><INIT seed="7,2,2,3,4,102" ten="27,343,416,194" oya="3" hai0="51,39,71,17,37,25,128,13,81,3,12,27,85" hai1="73,117,5,22,11,29,0,69,61,50,72,108,8" hai2="114,79,38,94,74,80,19,18,55,56,42,112,103" hai3="116,90,24,52,66,95,70,98,130,58,127,125,34"/><W132/><G116/><T23/><D128/><U84/><E108/><V44/><F94/><W30/><G132/><T111/><D71/><U126/><E126/><N who="3" m="48138" /><G130/><T48/><D111/><U16/><E117/><V110/><F103/><W63/><G70/><T89/><D85/><U106/><E11/><V26/><F110/><W91/><G91/><T83/><D89/><U40/><E29/><V62/><F26/><W43/><G43/><T123/><D23/><U28/><E28/><V53/><F53/><AGARI ba="2,2" hai="24,30,34,52,53,58,63,66,90,95,98" m="48138" machi="53" ten="30,2900,0" yaku="18,1,54,1" doraHai="102" who="3" fromWho="2" sc="27,0,343,0,416,-35,194,55" /><INIT seed="7,3,0,0,1,105" ten="27,343,381,249" oya="3" hai0="114,31,20,82,118,121,120,135,0,102,28,39,37" hai1="99,45,133,19,124,8,83,27,48,131,87,70,59" hai2="21,115,72,96,79,113,111,80,16,65,98,24,91" hai3="25,23,69,122,42,61,93,26,44,14,134,110,78"/><W106/><G106/><T85/><D102/><U3/><E70/><V92/><F111/><W77/><G122/><T107/><D85/><U112/><E112/><N who="2" m="43083" /><F65/><W11/><G134/><T109/><D82/><U125/><E133/><V29/><F98/><W71/><G110/><T68/><D20/><U123/><E123/><V116/><F116/><W43/><G93/><T89/><D89/><U47/><E131/><V4/><F4/><W104/><G104/><T53/><D53/><U103/><E59/><V6/><F6/><W55/><G71/><T40/><D40/><N who="3" m="15401" /><G69/><T117/><D31/><AGARI ba="3,0" hai="16,21,24,29,31,72,79,80,91,92,96" m="43083" machi="31" ten="30,3900,0" yaku="15,1,52,1,54,1" doraHai="105" who="2" fromWho="0" sc="27,-48,343,0,381,48,249,0" owari="-21,-52.0,343,14.0,429,53.0,249,-15.0" /></mjloggm>