<mjloggm ver="2.3"><GO type="169" lobby="0"/><UN n0="%E7%94%9F%E3%81%97%E3%82%89%E3%81%99" n1="%52%65%64%62%75%6C%6C" n2="%E8%8D%92%E5%B7%9D%E5%95%93%E5%90%BE" n3="%77%72%77%72%77%72%77%72" dan="16,18,18,17" rate="2087.44,2192.76,2290.81,2167.41" sx="M,F,M,M"/><TAIKYOKU oya="0"/><INIT seed="0,0,0,2,0,18" ten="250,250,250,250" oya="0" hai0="62,35,105,67,91,10,82,39,98,130,41,88,9" hai1="33,107,100,3,76,131,104,94,61,101,60,122,109" hai2="134,132,124,1,102,120,30,68,4,24,70,121,42" hai3="44,28,64,25,90,111,129,29,20,27,84,87,71"/><T86/><D35/><U22/><E33/><V15/><F42/><W115/><G115/><T26/><D130/><U126/><E3/><V46/><F46/><W56/><G111/><T63/><D63/><U79/><E94/><V16/><F102/><W50/><G71/><T113/><D113/><U32/><E32/><N who="2" m="20551" /><F70/><W48/><G129/><T66/><D66/><U57/><E122/><N who="2" m="47211" /><F68/><W97/><G97/><T78/><D26/><U12/><E126/><V77/><F77/><W17/><G17/><T127/><D127/><U38/><E38/><V128/><F124/><W117/><G117/><T14/><D9/><U69/><E69/><V5/><F128/><W23/><G90/><T53/><D53/><U65/><E57/><V74/><F74/><W7/><G7/><N who="2" m="2633" /><F1/><W43/><G50/><T55/><D55/><U106/><E106/><V36/><F36/><W89/><G89/><T8/><D41/><U58/><E104/><V112/><F112/><W81/><G81/><T21/><D39/><U59/><E107/><V31/><F31/><W110/><G110/><T13/><D105/><U54/><E54/><V114/><F114/><W103/><G103/><T96/><D78/><U6/><E109/><V11/><AGARI ba="0,0" hai="11,15,16,132,134" m="2633,47211,20551" machi="11" ten="30,4000,0" yaku="34,2,54,1" doraHai="18" who="2" fromWho="2" sc="250,-20,250,-10,250,40,250,-10" /><INIT seed="1,0,0,5,4,2" ten="230,240,290,240" oya="1" hai0="25,38,101,133,41,128,8,90,12,110,75,119,21" hai1="94,68,13,83,115,31,1,113,125,135,60,76,117" hai2="118,98,9,108,24,56,122,78,27,70,80,11,116" hai3="19,67,26,61,134,10,36,72,18,33,35,65,51"/><U59/><E1/><V47/><F70/><W91/><G36/><T79/><D119/><U49/><E117/><V52/><F122/><W28/><G72/><T99/><D110/><U103/><E125/><V120/><F120/><W58/><G134/><T45/><D128/><U54/><E135/><V77/><F108/><W6/><G35/><T22/><D133/><U106/><E106/><V32/><F47/><W100/><G100/><T69/><D69/><U107/><E107/><V88/><F116/><W15/><G65/><T95/><D79/><N who="2" m="30218" /><F32/><W71/><REACH who="3" step="1"/><G91/><REACH who="3" ten="230,240,290,230" step="2"/><T126/><D75/><U105/><E103/><V63/><F118/><W64/><G64/><T55/><D90/><U102/><E102/><V48/><F63/><W7/><G7/><T92/><D126/><U86/><E60/><V53/><F53/><AGARI ba="0,1" hai="6,10,15,18,19,26,28,33,51,53,58,61,67,71" machi="53" ten="40,2600,0" yaku="1,1,52,1,53,0" doraHai="2" doraHaiUra="109" who="3" fromWho="2" sc="230,0,240,0,290,-26,230,36" /><INIT seed="2,0,0,0,0,101" ten="230,240,264,266" oya="2" hai0="55,103,121,120,51,105,76,39,21,41,73,31,104" hai1="61,107,132,6,52,4,72,23,45,92,113,1,135" hai2="128,26,70,118,111,126,7,46,15,93,20,38,78" hai3="86,90,60,22,131,115,117,40,97,116,96,43,124"/><V54/><F118/><W89/><G131/><T74/><D41/><N who="3" m="15945" /><G22/><T84/><D21/><U108/><E72/><N who="0" m="27753" /><D31/><U95/><E23/><V0/><F0/><W47/><G60/><T112/><D55/><U2/><E113/><V64/><F126/><W24/><G47/><T13/><D13/><U110/><E61/><V106/><F106/><N who="0" m="41066" /><D51/><U85/><E85/><V130/><F111/><W68/><G24/><T127/><D39/><U37/><E107/><V129/><F78/><W133/><G68/><T12/><D12/><U82/><E82/><V109/><F93/><N who="1" m="35913" /><E37/><V62/><F109/><N who="1" m="42089" /><E52/><V114/><F114/><W75/><G115/><T100/><D112/><U50/><E50/><N who="2" m="29015" /><F38/><W34/><G34/><T8/><D8/><N who="1" m="2063" /><E45/><V122/><F122/><N who="0" m="47210" /><D127/><U9/><AGARI ba="0,0" hai="2,6,9,132,135" m="2063,42089,35913" machi="9" ten="40,1500,0" yaku="14,1" doraHai="101" who="1" fromWho="1" sc="230,-4,240,15,264,-7,266,-4" /><INIT seed="3,0,0,5,3,70" ten="226,255,257,262" oya="3" hai0="6,51,73,78,49,99,13,17,16,135,50,89,37" hai1="26,10,126,3,94,1,58,111,95,69,131,52,134" hai2="68,100,12,86,25,45,81,115,103,76,11,7,60" hai3="67,96,121,77,18,47,82,85,130,5,116,91,23"/><W119/><G121/><T66/><D135/><U79/><E69/><V63/><F115/><W117/><G130/><T112/><D112/><U104/><E104/><V110/><F110/><W109/><G5/><T107/><D73/><U21/><E111/><V127/><F127/><W27/><G109/><T106/><D37/><U53/><E134/><V65/><F60/><W42/><G67/><T128/><D78/><U29/><E126/><V33/><F33/><W71/><G71/><T40/><D40/><U75/><E53/><V90/><F25/><W133/><G133/><T0/><D66/><U92/><E10/><V74/><REACH who="2" step="1"/><F45/><REACH who="2" ten="226,255,247,262" step="2"/><W34/><G34/><T39/><D128/><U35/><E35/><V62/><F62/><W32/><G32/><T125/><D125/><U123/><E131/><V88/><F88/><W84/><G96/><T113/><D89/><U72/><E123/><V55/><F55/><W108/><G108/><T14/><D99/><U56/><E52/><V28/><F28/><W87/><REACH who="3" step="1"/><G91/><REACH who="3" ten="226,255,247,252" step="2"/><T59/><D113/><U22/><E1/><V122/><F122/><W118/><G118/><T64/><D0/><U46/><E3/><V19/><F19/><W57/><G57/><T101/><D17/><U132/><E132/><V2/><F2/><W43/><G43/><T105/><D16/><U31/><E58/><V97/><F97/><W98/><G98/><T20/><D64/><U93/><E56/><V80/><AGARI ba="0,2" hai="7,11,12,63,65,68,74,76,80,81,86,90,100,103" machi="80" ten="20,2700,0" yaku="1,1,0,1,7,1,53,0" doraHai="70" doraHaiUra="38" who="2" fromWho="2" sc="226,-7,255,-7,247,47,252,-13" /><INIT seed="4,0,0,3,1,40" ten="219,248,294,239" oya="0" hai0="86,109,81,84,15,18,75,121,46,88,98,0,39" hai1="43,55,60,48,87,25,132,5,35,36,30,8,125" hai2="23,120,77,96,105,65,114,33,118,54,108,73,76" hai3="68,92,56,69,101,104,79,58,24,82,59,57,2"/><T49/><D121/><U1/><E132/><V71/><F23/><W6/><G104/><T99/><D39/><U129/><E129/><V62/><F108/><W83/><G57/><T97/><D75/><U51/><E125/><V127/><F120/><W131/><G131/><T110/><D0/><U14/><E60/><V11/><F114/><W32/><G6/><T103/><D103/><U12/><E36/><V113/><F113/><W95/><G2/><T134/><D134/><U94/><E43/><V117/><F127/><W61/><G61/><T52/><REACH who="0" step="1"/><D84/><REACH who="0" ten="209,248,294,239" step="2"/><U130/><E130/><V17/><F73/><W126/><G101/><T53/><D53/><U112/><E55/><V133/><F54/><W85/><G85/><T4/><D4/><U102/><E87/><V38/><F38/><W66/><G66/><T41/><D41/><U124/><E102/><N who="2" m="62663" /><F133/><W123/><G123/><T74/><D74/><U91/><E124/><V111/><F65/><W26/><G126/><T19/><D19/><U107/><E1/><V100/><F100/><W37/><G37/><T90/><D90/><U31/><E107/><V122/><F122/><W106/><G106/><T27/><D27/><U72/><E72/><V45/><F17/><W9/><G24/><T3/><D3/><U93/><E91/><V70/><F118/><W128/><G26/><T47/><D47/><U42/><E42/><V44/><F44/><W20/><G128/><T10/><AGARI ba="0,1" hai="10,15,18,46,49,52,81,86,88,97,98,99,109,110" machi="10" ten="30,18000,2" yaku="1,1,0,1,25,2,52,1,54,2,53,0" doraHai="40" doraHaiUra="116" who="0" fromWho="0" sc="209,190,248,-60,294,-60,239,-60" /><INIT seed="4,1,0,5,2,91" ten="399,188,234,179" oya="0" hai0="116,52,48,21,134,42,2,1,12,44,125,131,102" hai1="59,115,93,29,20,74,75,47,10,68,41,55,86" hai2="8,110,49,17,36,57,109,126,113,67,81,120,103" hai3="70,35,6,53,28,15,4,13,61,99,80,34,40"/><T25/><D116/><U5/><E68/><V95/><F36/><W78/><G40/><T101/><D131/><U108/><E108/><V129/><F120/><W65/><G53/><T72/><D72/><U90/><E115/><V118/><F113/><W127/><G99/><T24/><D1/><U132/><E132/><V98/><F129/><W46/><G46/><T76/><D2/><U30/><E74/><V37/><F37/><W89/><G89/><T111/><D125/><U0/><E20/><V63/><F118/><W54/><G54/><T79/><D134/><U11/><E11/><V122/><F122/><W22/><G22/><T7/><D42/><U88/><E90/><V105/><F126/><W32/><G28/><N who="0" m="17423" /><D25/><U135/><E75/><V123/><F123/><W27/><G27/><T69/><D69/><U16/><E16/><V112/><F112/><W124/><G124/><T26/><D26/><U96/><E86/><V121/><F121/><W66/><G127/><T92/><D102/><U33/><E33/><V84/><F105/><W23/><G15/><T107/><D107/><U51/><REACH who="1" step="1"/><E135/><REACH who="1" ten="399,178,234,179" step="2"/><V39/><F110/><W18/><REACH who="3" step="1"/><G65/><REACH who="3" ten="399,178,234,169" step="2"/><T45/><D111/><U38/><AGARI ba="1,2" hai="0,5,10,29,30,38,41,47,51,55,59,88,93,96" machi="38" ten="20,12000,2" yaku="1,1,2,1,0,1,7,1,52,1,54,1,53,0" doraHai="91" doraHaiUra="100" who="1" fromWho="1" sc="399,-61,178,143,234,-31,169,-31" /><INIT seed="5,0,0,5,3,123" ten="338,321,203,138" oya="1" hai0="1,32,111,24,105,84,57,34,4,8,98,94,53" hai1="78,90,77,45,83,93,60,33,133,55,119,66,40" hai2="80,75,129,15,68,43,81,65,63,97,54,87,132" hai3="36,114,49,22,115,73,9,79,51,70,88,85,21"/><U64/><E119/><V124/><F124/><W101/><G36/><T2/><D111/><U19/><E33/><V71/><F132/><W17/><G70/><T96/><D1/><U134/><E55/><V108/><F129/><W28/><G101/><T99/><D24/><U89/><E19/><V127/><F127/><W12/><G73/><T76/><D105/><U92/><E45/><V95/><F43/><W122/><G79/><T27/><D27/><U106/><E40/><V10/><F75/><W112/><G122/><T37/><D37/><U39/><E39/><V11/><F71/><W120/><G120/><T23/><D23/><N who="3" m="8713" /><G28/><T47/><D47/><U7/><E7/><V82/><F108/><W113/><N who="3" m="28672" /><DORA hai="5" /><W104/><G104/><T31/><D76/><U67/><E106/><V126/><F126/><W74/><G74/><T130/><D31/><U13/><E77/><V72/><F72/><W117/><G117/><T86/><D94/><AGARI ba="0,0" hai="9,12,17,49,51,85,88,94" m="28672,8713" machi="94" ten="60,7700,0" yaku="15,1,52,1,54,1" doraHai="123,5" who="3" fromWho="0" sc="338,-77,321,0,203,0,138,77" /><INIT seed="6,0,0,0,1,110" ten="261,321,203,215" oya="2" hai0="86,4,114,13,63,123,60,54,52,129,32,25,122" hai1="66,85,26,67,116,74,90,34,5,9,108,12,29" hai2="73,10,18,19,27,89,33,69,45,77,95,111,119" hai3="51,6,102,0,113,59,36,49,43,125,135,99,134"/><V97/><F119/><W39/><G125/><T98/><D129/><U100/><E74/><V130/><F130/><W121/><G0/><T1/><D1/><U58/><E108/><V105/><F111/><W83/><G6/><T22/><D32/><U115/><E100/><V75/><F69/><W47/><G121/><T56/><D114/><U79/><E115/><V101/><F45/><W70/><G83/><T7/><D98/><U14/><E79/><V118/><F118/><W104/><G70/><T41/><D41/><U38/><E38/><V128/><F128/><W64/><G113/><T17/><D122/><U37/><E37/><V94/><F10/><W57/><G64/><T42/><D42/><U15/><E116/><V82/><F73/><W68/><G68/><T31/><D86/><U20/><E34/><V23/><F33/><W112/><G112/><T80/><D80/><N who="1" m="49447" /><E66/><V24/><REACH who="2" step="1"/><F89/><REACH who="2" ten="261,321,193,215" step="2"/><W46/><G57/><N who="0" m="34855" /><D123/><U16/><E58/><V81/><F81/><W109/><G59/><T53/><D53/><U132/><E67/><V88/><F88/><W11/><G109/><T126/><D126/><U48/><E9/><V107/><F107/><W44/><G11/><T131/><D131/><U84/><E20/><AGARI ba="0,1" hai="18,19,20,23,24,27,75,77,82,94,95,97,101,105" machi="20" ten="40,7700,0" yaku="1,1,9,1,53,1" doraHai="110" doraHaiUra="76" who="2" fromWho="1" sc="261,0,321,-77,193,87,215,0" /><INIT seed="6,1,0,5,1,9" ten="261,244,280,215" oya="2" hai0="92,72,53,96,135,123,21,124,42,3,82,87,34" hai1="40,113,125,93,118,73,94,32,35,4,52,22,90" hai2="130,48,55,98,11,50,108,8,116,16,95,61,105" hai3="114,18,43,84,109,14,126,120,104,83,132,107,28"/><V23/><F116/><W36/><G109/><T29/><D34/><U117/><E73/><V0/><F105/><W129/><G120/><T127/><D3/><U77/><E77/><V102/><F130/><W78/><G129/><T79/><D42/><U134/><E40/><V38/><F38/><W24/><G132/><T31/><D53/><U57/><E4/><V65/><F108/><W91/><G126/><N who="0" m="48171" /><D21/><U17/><E125/><V86/><F86/><W115/><G43/><T20/><D20/><U39/><E113/><N who="3" m="43018" /><G36/><T80/><D123/><U10/><E10/><V37/><F37/><W56/><G56/><T15/><D15/><U112/><E134/><V100/><F100/><W41/><G41/><T7/><D7/><U74/><E39/><V54/><F54/><W88/><G24/><T101/><D135/><U25/><E74/><V69/><F0/><W97/><G28/><T33/><D33/><U131/><E131/><V110/><F48/><W63/><G63/><T122/><D122/><U81/><E112/><V64/><F64/><W71/><G71/><T119/><D119/><U99/><E35/><V85/><F85/><W46/><G46/><T58/><D58/><U62/><E32/><V5/><F110/><W30/><G30/><T128/><D128/><U75/><E117/><V106/><F5/><W89/><G97/><T6/><D6/><U12/><E118/><V49/><F49/><W76/><G76/><AGARI ba="1,0" hai="29,31,72,76,79,80,82,87,92,96,101" m="48171" machi="76" ten="30,1000,0" yaku="18,1" doraHai="9" who="0" fromWho="3" sc="261,13,244,0,280,0,215,-13" /><INIT seed="7,0,0,5,0,109" ten="274,244,280,202" oya="3" hai0="110,105,92,65,130,77,125,120,128,63,61,56,42" hai1="58,41,44,84,73,8,124,25,135,39,108,40,72" hai2="37,9,66,131,12,47,82,96,4,104,134,26,3" hai3="111,18,106,31,16,62,86,89,116,28,118,64,94"/><W57/><G106/><T2/><D110/><U52/><E108/><V121/><F134/><W90/><G111/><T0/><D105/><U103/><E135/><V87/><F131/><W34/><G34/><T7/><D77/><U98/><E124/><V10/><F121/><W19/><REACH who="3" step="1"/><G90/><REACH who="3" ten="274,244,280,192" step="2"/><T97/><D128/><U95/><E72/><V67/><F104/><W81/><G81/><T114/><D130/><U85/><E73/><V99/><F82/><W93/><G93/><T43/><D92/><U115/><E115/><V74/><F74/><W117/><AGARI ba="0,1" hai="16,18,19,28,31,57,62,64,86,89,94,116,117,118" machi="117" ten="40,7800,0" yaku="1,1,0,1,54,1,53,0" doraHai="109" doraHaiUra="78" who="3" fromWho="3" sc="274,-26,244,-26,280,-26,192,88" /><INIT seed="7,1,0,4,0,129" ten="248,218,254,280" oya="3" hai0="48,33,77,98,72,101,52,76,55,6,128,35,45" hai1="78,70,100,75,11,32,104,131,82,56,113,40,87" hai2="105,124,31,68,49,57,106,15,10,36,58,23,27" hai3="114,37,0,16,118,29,28,85,21,41,38,112,50"/><W91/><G0/><T122/><D122/><U24/><E131/><V89/><F68/><W18/><G18/><T1/><D128/><U3/><E113/><N who="3" m="43626" /><G50/><T7/><D1/><U111/><E111/><V43/><F124/><W51/><G51/><T109/><D72/><U63/><E87/><V34/><F34/><W94/><G41/><T123/><D48/><U121/><E121/><V22/><F36/><N who="3" m="13931" /><G118/><T4/><D123/><U20/><E56/><V69/><F69/><W115/><G115/><T90/><D90/><U134/><E20/><V67/><F89/><W44/><G44/><T99/><D45/><U60/><E40/><V84/><F22/><W74/><G74/><T64/><D64/><N who="1" m="41223" /><E63/><V46/><F67/><W108/><G108/><T120/><D120/><U116/><E116/><V47/><F47/><W80/><G94/><T17/><D17/><U8/><E3/><V93/><F57/><W110/><G110/><T132/><D4/><U9/><E134/><V103/><F58/><W97/><G97/><T71/><D109/><U83/><E83/><V25/><F43/><W73/><G73/><T65/><D71/><U13/><E13/><AGARI ba="1,0" hai="13,16,21,28,29,80,85,91" m="13931,43626" machi="13" ten="30,2900,0" yaku="15,1,54,1" doraHai="129" who="3" fromWho="1" sc="248,0,218,-32,254,0,280,32" owari="248,-15.0,186,-31.0,254,5.0,312,41.0" /></mjloggm>