<mjloggm ver="2.3"><GO type="169" lobby="0"/><UN n0="%E4%B9%9D%E4%B8%88%E8%8A%B1%E9%9F%B3" n1="%E9%9B%AA%E6%9C%88%E9%A2%A8%E8%8A%B1" n2="%E5%8D%97%E5%B8%9D%E5%8D%97%E6%B5%A6" n3="%E8%91%B5%E3%81%A1%E3%82%83%E3%82%93" dan="16,16,16,16" rate="2184.23,2207.96,2078.99,2153.28" sx="F,M,M,F"/><TAIKYOKU oya="0"/><INIT seed="0,0,0,1,2,105" ten="250,250,250,250" oya="0" hai0="32,134,16,78,21,103,45,3,65,117,125,84,5" hai1="111,80,130,20,39,22,28,69,60,42,6,52,126" hai2="122,110,2,54,104,19,124,93,10,121,94,41,27" hai3="92,97,30,71,99,37,25,119,62,113,98,44,18"/><T127/><D117/><U135/><E111/><V116/><F104/><W85/><G119/><T63/><D134/><U91/><E135/><V132/><F116/><W50/><G113/><T43/><D32/><U73/><E130/><V128/><F110/><W35/><G35/><T40/><BYE who="3" /><D103/><U106/><E106/><V102/><F132/><W86/><G86/><T57/><D5/><UN n3="%E8%91%B5%E3%81%A1%E3%82%83%E3%82%93" /><U100/><E100/><V33/><F128/><W55/><G37/><T123/><D3/><U83/><E28/><V34/><F124/><N who="0" m="47690" /><D45/><U81/><E6/><V7/><F41/><W75/><G75/><T74/><D84/><U1/><E1/><V17/><F54/><W68/><G30/><T14/><D123/><U109/><E109/><V112/><F112/><W12/><G44/><T108/><D108/><U53/><E42/><V77/><F102/><W88/><G85/><T8/><D21/><U76/><E22/><V26/><F2/><W15/><G99/><T133/><D133/><U90/><E20/><V64/><F7/><W38/><G98/><T4/><D4/><U11/><E126/><V0/><F0/><W36/><G97/><T66/><D65/><U29/><E11/><V131/><F64/><W114/><G114/><T87/><D87/><U47/><E47/><V48/><F10/><W89/><G38/><T13/><D14/><U31/><E39/><V23/><F23/><W115/><G15/><T58/><D57/><N who="1" m="34863" /><E31/><V61/><F131/><W46/><G36/><T118/><D118/><U59/><E29/><N who="2" m="19639" /><F122/><W107/><G115/><T9/><D8/><U70/><E59/><RYUUKYOKU ba="0,0" sc="250,30,250,-10,250,-10,250,-10" hai0="9,13,16,40,43,58,63,66,74,78" /><INIT seed="0,1,0,3,0,42" ten="280,240,240,240" oya="0" hai0="119,32,59,51,39,66,108,72,116,27,36,104,64" hai1="44,6,8,28,81,50,45,117,124,34,84,86,56" hai2="75,129,1,46,15,88,5,109,52,101,21,53,11" hai3="90,31,76,135,80,93,12,113,99,40,22,0,37"/><T125/><D72/><U10/><E117/><V47/><F75/><W115/><G0/><T87/><D104/><U114/><E114/><V54/><F109/><W58/><G135/><T112/><D87/><U111/><E111/><V26/><F129/><W126/><G126/><T78/><D78/><U7/><E28/><N who="2" m="17487" /><F1/><W48/><G37/><T102/><D102/><U122/><E34/><V89/><F101/><W23/><G23/><T82/><D82/><U121/><E56/><V128/><F128/><W30/><G30/><T74/><D74/><U105/><E50/><V25/><F25/><W19/><G31/><T17/><D17/><U14/><E14/><V83/><F83/><W98/><G98/><T43/><D27/><U3/><E3/><V4/><F4/><W35/><G35/><T107/><D107/><U110/><E110/><V100/><F100/><W73/><G58/><T62/><D32/><U33/><E33/><V127/><F127/><W120/><G120/><T20/><D20/><U60/><E105/><V24/><F24/><W77/><G77/><T18/><D125/><U68/><E124/><V130/><F130/><W132/><G132/><T61/><D112/><U29/><E81/><V85/><F85/><W41/><G115/><T49/><D108/><U118/><E29/><V9/><F9/><W65/><G113/><T103/><D103/><U94/><E118/><N who="0" m="45097" /><D18/><U67/><E86/><V38/><F38/><N who="0" m="14378" /><D43/><N who="3" m="16457" /><G73/><T79/><D79/><U123/><E84/><V55/><N who="2" m="13312" /><DORA hai="91" /><V70/><F70/><AGARI ba="1,0" hai="49,51,59,61,62,64,66,70" m="14378,45097" machi="70" ten="30,2900,0" yaku="34,2" doraHai="42,91" who="0" fromWho="2" sc="280,32,240,0,240,-32,240,0" /><INIT seed="0,2,0,5,4,118" ten="312,240,208,240" oya="0" hai0="85,39,125,133,105,83,2,103,74,71,128,95,46" hai1="62,92,8,37,10,106,101,72,97,34,24,117,64" hai2="1,7,52,116,80,110,9,81,28,108,84,53,121" hai3="78,132,107,45,102,86,127,6,130,91,70,135,22"/><T75/><D71/><U115/><E117/><V61/><F116/><W99/><G70/><T57/><D2/><U25/><E115/><V123/><F28/><W113/><G113/><T69/><D69/><N who="1" m="42135" /><E24/><V33/><F33/><W93/><G6/><T66/><D128/><U54/><E92/><V27/><F27/><W88/><G45/><T131/><D131/><U38/><E54/><N who="2" m="21099" /><F61/><W82/><G22/><T13/><D13/><U12/><E72/><V4/><F4/><W23/><G23/><T89/><D57/><U79/><E79/><N who="2" m="46111" /><F81/><N who="3" m="49231" /><G127/><T32/><D32/><U0/><E0/><V21/><F21/><W112/><G112/><T50/><D39/><N who="1" m="14859" /><E12/><V63/><F63/><W40/><G40/><T26/><D75/><U19/><E19/><V60/><F60/><W76/><G130/><T68/><D26/><U36/><E36/><V114/><F114/><W94/><G107/><T3/><D105/><U122/><E10/><V41/><F41/><W31/><G31/><T90/><D3/><U43/><E8/><V49/><F49/><W109/><G109/><AGARI ba="2,0" hai="1,7,9,108,109,110,121,123" m="46111,21099" machi="109" ten="30,7700,0" yaku="14,1,52,2,54,1" doraHai="118" who="2" fromWho="3" sc="312,0,240,0,208,83,240,-83" /><INIT seed="1,0,0,5,2,82" ten="312,240,291,157" oya="1" hai0="97,64,42,40,31,94,55,131,63,104,57,43,44" hai1="9,112,135,7,111,3,32,96,105,35,16,10,4" hai2="108,69,49,109,121,74,51,58,120,19,8,15,79" hai3="66,85,36,25,99,26,95,89,72,101,86,102,113"/><U114/><E105/><V14/><F69/><W73/><G36/><T115/><D115/><N who="1" m="44075" /><E96/><V38/><F38/><W61/><G113/><T47/><D104/><U39/><E39/><V75/><F58/><N who="3" m="37175" /><G73/><N who="2" m="27657" /><F79/><W22/><G72/><T34/><D131/><U110/><E135/><V134/><F134/><W130/><G130/><T128/><D128/><U41/><E41/><V24/><F24/><N who="3" m="9323" /><G22/><T28/><D34/><N who="1" m="12843" /><E16/><N who="2" m="8263" /><F121/><W129/><G129/><T78/><D78/><U27/><E27/><V29/><F29/><N who="0" m="11338" /><D64/><U125/><E125/><V132/><F132/><W67/><G67/><T20/><D20/><U122/><E122/><V107/><F107/><W124/><G124/><T56/><D57/><U92/><E92/><V91/><F120/><W126/><G126/><T46/><D40/><U70/><E70/><V1/><F1/><AGARI ba="0,0" hai="1,3,4,7,9,10,110,111" m="12843,44075" machi="1" ten="40,7700,0" yaku="23,1,34,2" doraHai="82" who="1" fromWho="2" sc="312,0,240,77,291,-77,157,0" /><INIT seed="1,1,0,5,3,69" ten="312,317,214,157" oya="1" hai0="20,11,57,116,13,70,107,105,74,64,15,129,75" hai1="22,21,37,61,34,109,87,47,95,16,79,112,10" hai2="72,41,45,52,135,14,51,123,0,125,46,90,42" hai3="27,98,73,94,56,53,81,58,78,23,2,86,80"/><U28/><E112/><V102/><F0/><W101/><G2/><T68/><D20/><U121/><E121/><V33/><F72/><N who="0" m="27690" /><D57/><U76/><E34/><V54/><F33/><W110/><G110/><T115/><D11/><U1/><E109/><V88/><F123/><W111/><G111/><T12/><D64/><U122/><E122/><V117/><F117/><W71/><G71/><N who="0" m="27179" /><D116/><U124/><E61/><V118/><F118/><W62/><G58/><T106/><D129/><U31/><E1/><V32/><F32/><W8/><G8/><T25/><D25/><U48/><E95/><V100/><F14/><W4/><G4/><T36/><D115/><U3/><E3/><V17/><F17/><W6/><G6/><T85/><D85/><U59/><E87/><V77/><F77/><W134/><G134/><T7/><D7/><U65/><E59/><V114/><F135/><W133/><G133/><T49/><D49/><U40/><E48/><V130/><F51/><W44/><G73/><T82/><D82/><U26/><E10/><V83/><F83/><W91/><G80/><T35/><D35/><U119/><E65/><V97/><F114/><W131/><G131/><T132/><D132/><U128/><E128/><V39/><F130/><W104/><G104/><T30/><D30/><N who="1" m="11307" /><E22/><V50/><F50/><W66/><G66/><T84/><D84/><U92/><E119/><V103/><F103/><W113/><G113/><T93/><D93/><U60/><E92/><V126/><REACH who="2" step="1"/><F97/><REACH who="2" ten="312,317,204,157" step="2"/><W120/><G120/><T96/><D96/><U24/><E16/><V5/><F5/><RYUUKYOKU ba="1,1" sc="312,15,317,-15,204,15,157,-15" hai0="12,13,15,36,105,106,107" hai2="39,41,42,45,46,52,54,88,90,100,102,125,126" /><INIT seed="2,2,1,2,5,113" ten="327,302,219,142" oya="2" hai0="47,21,63,89,110,2,115,25,98,46,66,48,99" hai1="127,22,8,134,79,33,90,49,135,83,1,114,24" hai2="73,38,45,52,67,19,43,29,61,78,109,130,34" hai3="126,26,53,18,41,133,62,27,80,68,40,106,13"/><V103/><F130/><W50/><G106/><T94/><D115/><U97/><E114/><V56/><F109/><W82/><G126/><T36/><D2/><U72/><E33/><V16/><F103/><W84/><G133/><T100/><D36/><U14/><E1/><V101/><F101/><W131/><G131/><T35/><D48/><U5/><E49/><V55/><F73/><W54/><G68/><T32/><D32/><U118/><E127/><V76/><F55/><W87/><G50/><T17/><D35/><U81/><E97/><V65/><F29/><W102/><G102/><T96/><D96/><U70/><E70/><V28/><F28/><W122/><G122/><T23/><D23/><U93/><E93/><V60/><F34/><W107/><G107/><T92/><REACH who="0" step="1"/><D110/><REACH who="0" ten="317,302,219,142" step="2"/><U121/><E135/><V111/><F111/><W51/><G51/><T129/><D129/><U39/><E134/><V44/><F44/><W74/><G74/><T91/><D91/><U58/><E39/><V112/><F112/><W119/><G119/><T104/><D104/><U69/><E118/><V132/><F132/><W9/><G9/><T116/><D116/><U124/><E8/><V0/><F0/><W86/><G86/><T11/><D11/><U120/><E124/><V88/><F88/><W7/><G87/><T12/><D12/><U64/><E90/><V108/><F108/><W20/><G84/><T117/><D117/><U30/><E120/><V123/><F123/><W125/><G20/><T77/><D77/><N who="2" m="29802" /><F61/><W105/><G125/><T10/><D10/><N who="1" m="4431" /><E121/><V59/><F60/><RYUUKYOKU ba="2,2" sc="317,30,302,-10,219,-10,142,-10" hai0="17,21,25,46,47,63,66,89,92,94,98,99,100" /><INIT seed="3,3,2,1,3,129" ten="347,292,209,132" oya="3" hai0="123,45,109,97,107,50,69,99,94,68,28,18,49" hai1="15,104,33,54,115,47,42,31,111,128,114,112,84" hai2="26,64,1,113,58,92,67,57,102,14,46,119,59" hai3="0,9,98,75,78,40,121,101,127,23,80,39,132"/><W65/><G121/><T10/><D123/><U105/><E111/><V110/><F119/><W88/><G127/><T71/><D109/><U7/><E128/><V22/><F1/><W60/><G132/><T25/><D107/><U56/><E84/><V130/><F130/><W96/><G23/><T55/><D50/><U125/><E125/><V2/><F2/><W17/><G17/><T120/><D120/><U134/><E134/><V29/><F110/><W19/><G19/><T89/><D10/><U131/><E131/><V53/><F113/><W103/><G40/><T116/><D18/><U38/><E31/><V91/><F102/><W61/><G39/><T83/><D83/><U74/><E33/><V124/><F14/><W81/><G81/><T118/><REACH who="0" step="1"/><D99/><REACH who="0" ten="337,292,209,132" step="2"/><U70/><E105/><V43/><F124/><W73/><G96/><T95/><D95/><U5/><E104/><V52/><F67/><W16/><G16/><T48/><D48/><N who="1" m="30791" /><E112/><V117/><F64/><W86/><G75/><T30/><D30/><U76/><E74/><V133/><F133/><W13/><G0/><T82/><D82/><U34/><E114/><V3/><F3/><W36/><G36/><T77/><D77/><U20/><E76/><V106/><F106/><W135/><G135/><T63/><D63/><N who="3" m="24137" /><G65/><T44/><D44/><U122/><E122/><V90/><F92/><N who="3" m="56583" /><G73/><T24/><D24/><U87/><E38/><N who="2" m="21879" /><F117/><W8/><G9/><T100/><D100/><U37/><E37/><V21/><F26/><W27/><G27/><T12/><D12/><U51/><E115/><V41/><F29/><RYUUKYOKU ba="3,3" sc="337,15,292,-15,209,-15,132,15" hai0="25,28,45,49,55,68,69,71,89,94,97,116,118" hai3="8,13,78,80,86,101,103" /><INIT seed="3,4,3,2,3,28" ten="352,277,194,147" oya="3" hai0="78,13,100,106,79,8,96,119,30,2,68,15,38" hai1="107,40,135,125,53,105,49,9,55,7,69,31,52" hai2="70,97,23,84,115,94,1,85,36,62,72,37,57" hai3="114,88,21,47,65,120,14,54,46,81,71,33,24"/><W77/><G114/><T83/><D119/><U60/><E135/><V126/><F115/><W61/><G120/><T66/><D38/><U20/><E125/><V134/><F72/><W11/><G54/><T118/><D118/><U128/><E128/><V73/><F73/><W41/><G41/><T19/><D30/><U113/><E113/><V89/><F70/><W32/><G47/><T17/><D2/><U39/><E39/><V123/><F1/><W109/><G46/><T10/><D83/><U93/><E93/><V64/><F134/><W103/><G103/><T127/><D127/><U44/><E20/><V63/><F126/><W29/><G88/><T130/><D130/><U50/><E31/><V6/><F6/><W74/><REACH who="3" step="1"/><G109/><REACH who="3" ten="352,277,194,137" step="2"/><T59/><D100/><U87/><E40/><V133/><F123/><W56/><G56/><T25/><D59/><U111/><E111/><V116/><F116/><W91/><G91/><T92/><D68/><U131/><E131/><V95/><F133/><W35/><G35/><T67/><D79/><U75/><E44/><V18/><F37/><W34/><G34/><T5/><D78/><U101/><E53/><N who="2" m="34095" /><F36/><W76/><G76/><T121/><D121/><U43/><E69/><V112/><F112/><W0/><G0/><T110/><D110/><U45/><E55/><V80/><F64/><W4/><AGARI ba="4,4" hai="4,11,14,21,24,29,32,33,61,65,71,74,77,81" machi="4" ten="20,12000,1" yaku="1,1,0,1,7,1,52,2,53,0" doraHai="28" doraHaiUra="99" who="3" fromWho="3" sc="352,-44,277,-44,194,-44,137,172" /><INIT seed="3,5,0,4,4,32" ten="308,233,150,309" oya="3" hai0="69,19,128,131,39,37,43,73,120,97,25,20,31" hai1="111,90,93,123,85,60,24,28,44,2,92,57,81" hai2="51,134,0,126,114,98,119,15,118,34,3,47,13" hai3="29,132,5,58,26,30,64,130,6,122,109,62,75"/><W105/><G122/><T61/><D120/><U27/><E123/><V63/><F114/><W133/><G130/><N who="0" m="49707" /><D73/><U55/><E111/><V82/><F34/><W80/><G105/><T7/><D43/><U23/><E2/><V38/><F38/><W50/><G50/><T10/><D97/><U22/><REACH who="1" step="1"/><E44/><REACH who="1" ten="308,223,150,309" step="2"/><V91/><F0/><W21/><G109/><T86/><D39/><U78/><E78/><V16/><F3/><W106/><G133/><T76/><D76/><U35/><E35/><V18/><F134/><W52/><G132/><T59/><D37/><U79/><E79/><V66/><F47/><W8/><G75/><T46/><D46/><U83/><E83/><V94/><F82/><W102/><G80/><T67/><D69/><U112/><E112/><V41/><F119/><W77/><G77/><T9/><D9/><U101/><E101/><V72/><F72/><W4/><G8/><T135/><D10/><U70/><E70/><V56/><F118/><W129/><G129/><T1/><D1/><U33/><E33/><V121/><F121/><W88/><G102/><T40/><D135/><U89/><E89/><V54/><F91/><W127/><G88/><T17/><D20/><U11/><E11/><V87/><F56/><W115/><G58/><T84/><D59/><U110/><E110/><V99/><F126/><W74/><G127/><T108/><D108/><U14/><E14/><V45/><F13/><W65/><G115/><T107/><D7/><U48/><E48/><V42/><F15/><W100/><G5/><T103/><D103/><U68/><E68/><RYUUKYOKU ba="5,1" sc="308,-10,223,30,150,-10,309,-10" hai1="22,23,24,27,28,55,57,60,81,85,90,92,93" /><INIT seed="4,6,1,4,5,38" ten="298,253,140,299" oya="0" hai0="32,15,126,17,130,49,8,56,120,134,63,100,135" hai1="59,3,20,133,118,26,97,123,107,117,28,80,43" hai2="25,89,85,72,27,4,31,84,54,131,30,112,9" hai3="105,127,114,41,68,48,1,110,125,0,101,82,51"/><T74/><D120/><U60/><E123/><V113/><F72/><W61/><G114/><N who="2" m="44137" /><F54/><W92/><G110/><T78/><D32/><U7/><E133/><V70/><F70/><W67/><G105/><T33/><D33/><U52/><E3/><N who="3" m="1098" /><G82/><T86/><D74/><U10/><E10/><V2/><F131/><W35/><G35/><T106/><D130/><U128/><E7/><V79/><F79/><W81/><G81/><N who="0" m="47415" /><D49/><U14/><E14/><V121/><F121/><W98/><G41/><T124/><D100/><U99/><E43/><V19/><F85/><W47/><G47/><T42/><D42/><U50/><E128/><V87/><F87/><W39/><G39/><T122/><D106/><U103/><E80/><N who="2" m="49287" /><F19/><W44/><G44/><T93/><D93/><U109/><E109/><V77/><F77/><W75/><G75/><T24/><D122/><U46/><REACH who="1" step="1"/><E99/><REACH who="1" ten="298,243,140,299" step="2"/><V69/><F69/><W90/><G98/><T129/><D129/><U18/><E18/><V13/><F2/><W66/><G68/><T119/><D135/><U53/><AGARI ba="6,2" hai="20,26,28,46,50,52,53,59,60,97,103,107,117,118" machi="53" ten="20,8000,1" yaku="1,1,0,1,7,1,54,1,53,1" doraHai="38" doraHaiUra="21" who="1" fromWho="1" sc="298,-46,243,118,140,-26,299,-26" /><INIT seed="5,0,0,2,4,71" ten="252,361,114,273" oya="1" hai0="36,65,88,62,105,31,89,107,129,15,115,2,60" hai1="106,30,46,124,99,25,87,40,55,131,32,59,56" hai2="118,18,28,116,41,119,83,39,5,96,133,37,97" hai3="45,19,69,90,128,101,33,61,42,94,126,127,27"/><U76/><E131/><V3/><F133/><W68/><G128/><T103/><D129/><U100/><E124/><N who="3" m="47658" /><G101/><T29/><D2/><U132/><E132/><V75/><F28/><N who="3" m="19615" /><G61/><T12/><D103/><U24/><E24/><V20/><F41/><W43/><G19/><T1/><D1/><U111/><E111/><V17/><F5/><W4/><G4/><T64/><REACH who="0" step="1"/><D115/><REACH who="0" ten="242,361,114,273" step="2"/><U52/><E100/><V47/><F3/><W114/><G114/><T7/><D7/><U125/><E125/><V104/><F104/><W53/><G53/><T57/><D57/><U38/><E52/><V8/><F47/><W123/><G123/><T6/><D6/><U63/><E56/><V10/><F118/><W50/><G43/><T67/><D67/><U73/><E55/><V109/><F109/><W74/><G74/><T13/><D13/><U121/><E73/><V21/><F75/><W108/><G108/><T23/><D23/><U80/><E40/><V86/><REACH who="2" step="1"/><F86/><AGARI ba="0,1" hai="42,45,50,68,69,86,90,94" m="19615,47658" machi="86" ten="30,1000,0" yaku="18,1" doraHai="71" who="3" fromWho="2" sc="242,0,361,0,114,-10,273,20" /><INIT seed="6,0,0,2,4,83" ten="242,361,104,293" oya="2" hai0="96,94,74,24,76,28,13,12,79,121,104,3,35" hai1="0,91,31,109,47,72,61,106,101,18,77,102,55" hai2="21,6,10,54,51,99,38,34,48,114,67,16,19" hai3="65,69,131,62,122,17,70,123,126,120,80,4,75"/><V129/><F38/><W63/><G17/><T57/><D121/><U50/><E0/><V124/><F34/><W45/><G45/><T117/><D3/><U1/><E1/><V40/><F114/><W58/><G58/><T82/><BYE who="3" /><D104/><U118/><E106/><V110/><F129/><W20/><G20/><UN n3="%E8%91%B5%E3%81%A1%E3%82%83%E3%82%93" /><T90/><D117/><U127/><E18/><N who="2" m="6699" /><F124/><W92/><G92/><T5/><D5/><U37/><E72/><V36/><F36/><W15/><G126/><T84/><D79/><U135/><E37/><V52/><F110/><W132/><G131/><T7/><D7/><U25/><E118/><V73/><F73/><W78/><G78/><BYE who="3" /><T103/><D57/><U8/><E135/><UN n3="%E8%91%B5%E3%81%A1%E3%82%83%E3%82%93" /><V134/><F134/><W100/><G122/><T9/><D9/><U68/><E68/><V33/><F33/><W98/><G120/><T130/><D130/><U105/><E105/><V2/><F67/><W113/><G65/><T64/><D64/><U49/><E109/><V60/><F60/><W128/><G63/><T88/><D103/><U111/><E61/><V85/><F21/><W59/><G62/><T30/><D28/><U97/><E111/><V22/><F22/><W39/><G123/><T29/><D30/><U89/><E31/><V108/><F108/><W87/><G128/><T26/><D24/><U32/><E32/><V56/><F40/><W115/><G113/><T27/><D26/><U95/><E25/><V42/><F42/><W66/><G115/><T125/><REACH who="0" step="1"/><D125/><REACH who="0" ten="232,361,104,293" step="2"/><U93/><E127/><V107/><F107/><W119/><G119/><T43/><D43/><RYUUKYOKU ba="0,1" sc="232,30,361,-10,104,-10,293,-10" hai0="12,13,27,29,35,74,76,82,84,88,90,94,96" /><INIT seed="7,1,1,5,5,126" ten="262,351,94,283" oya="3" hai0="114,89,105,40,52,95,6,57,72,56,111,133,87" hai1="43,88,109,45,125,98,129,33,77,12,55,38,117" hai2="80,18,16,3,36,119,61,69,124,134,99,73,85" hai3="84,104,135,116,48,66,127,47,103,19,25,13,70"/><W20/><G116/><T21/><D111/><U132/><E109/><V107/><F119/><W94/><G127/><T1/><D105/><U37/><E117/><V68/><F3/><W15/><G135/><T121/><D121/><U78/><E33/><V30/><F36/><W41/><G104/><T63/><D72/><U91/><E132/><V26/><F124/><W7/><G70/><T83/><D133/><U31/><E31/><V50/><F134/><W67/><G103/><T46/><D114/><U130/><E55/><V8/><F73/><W110/><G110/><T115/><D115/><U60/><E60/><V62/><F50/><W113/><G113/><T118/><D118/><U23/><E125/><V64/><F8/><W17/><G7/><T59/><D21/><U2/><E2/><V10/><F10/><N who="3" m="6327" /><G25/><T123/><D123/><U128/><E38/><V96/><F96/><W82/><G94/><T92/><D6/><U24/><E24/><V51/><F51/><W28/><G28/><T75/><D1/><U34/><E34/><V4/><F4/><W100/><G100/><T0/><D0/><U54/><E98/><V81/><F81/><W71/><G71/><T65/><D75/><U35/><E35/><N who="2" m="20951" /><F68/><W58/><G58/><N who="0" m="37111" /><D40/><U79/><E54/><V106/><F62/><W122/><G122/><T93/><D46/><U5/><E5/><V42/><F42/><W39/><G39/><T11/><D11/><U86/><E23/><V76/><F107/><W49/><G49/><AGARI ba="1,1" hai="49,52,56,57,59,83,87,89,92,93,95" m="37111" machi="49" ten="30,2000,0" yaku="8,1,54,1" doraHai="126" who="0" fromWho="3" sc="262,33,351,0,94,0,283,-23" owari="295,10.0,351,45.0,94,-41.0,260,-14.0" /></mjloggm>