<mjloggm ver="2.3"><GO type="169" lobby="0"/><UN n0="%E3%83%80%E3%83%9C" n1="%E3%81%9F%E3%81%91%E3%81%A3%E3%81%A1%E2%98%85" n2="%E9%9B%80%E8%8D%98%E4%B8%AD%E5%B7%9D" n3="%E3%81%AF%E3%81%98%E3%82%81%E3%81%A3%E3%81%A1" dan="17,16,17,17" rate="2196.01,2057.27,2202.90,2204.03" sx="M,M,M,F"/><TAIKYOKU oya="0"/><INIT seed="0,0,0,4,2,30" ten="250,250,250,250" oya="0" hai0="10,72,79,124,63,46,121,131,9,126,75,94,93" hai1="19,83,103,99,51,26,98,61,100,56,112,69,74" hai2="32,82,134,125,80,62,123,71,29,119,15,45,6" hai3="11,122,65,89,21,81,110,102,108,120,133,116,59"/><T55/><D121/><N who="3" m="46697" /><G116/><T14/><D131/><U49/><E69/><V1/><F123/><W66/><G102/><T77/><D63/><U127/><E127/><V114/><F125/><N who="0" m="48234" /><D55/><U113/><E74/><N who="0" m="28201" /><D46/><U91/><E26/><V111/><F45/><W97/><G133/><T60/><D60/><U31/><E31/><V42/><F62/><W20/><G11/><N who="0" m="4107" /><D14/><U2/><E61/><V115/><F15/><W118/><G118/><T86/><D86/><U95/><E113/><V47/><F119/><W8/><G8/><T41/><D41/><U52/><E112/><V25/><F42/><W37/><G59/><T76/><AGARI ba="0,0" hai="76,77,79,93,94" m="4107,28201,48234" machi="76" ten="40,7800,0" yaku="28,2,18,1" doraHai="30" who="0" fromWho="0" sc="250,78,250,-26,250,-26,250,-26" /><INIT seed="0,1,0,2,5,36" ten="328,224,224,224" oya="0" hai0="45,25,63,26,124,127,118,23,85,79,91,55,51" hai1="104,72,64,129,89,111,106,86,19,61,119,113,71" hai2="122,125,123,117,75,38,115,107,29,14,109,97,69" hai3="42,131,135,6,128,52,16,48,116,50,130,66,35"/><T102/><D79/><U76/><E119/><V78/><RYUUKYOKU type="yao9" ba="1,0" sc="328,0,224,0,224,0,224,0" hai2="14,29,38,69,75,78,97,107,109,115,117,122,123,125" /><INIT seed="0,2,0,1,2,101" ten="328,224,224,224" oya="0" hai0="0,90,112,87,23,135,100,120,59,78,20,77,123" hai1="15,3,62,89,6,122,119,95,130,5,94,12,75" hai2="33,125,56,13,24,85,11,86,54,98,104,36,37" hai3="43,91,28,40,79,73,81,41,105,99,92,103,29"/><T67/><D0/><U68/><E122/><V111/><F111/><W102/><REACH who="3" step="1"/><G102/><REACH who="3" ten="328,224,224,214" step="2"/><T64/><D100/><U84/><E119/><V18/><F37/><W128/><G128/><T114/><D135/><U134/><E130/><V107/><F36/><W34/><G34/><T80/><D120/><U76/><E134/><V57/><F125/><W118/><G118/><T126/><D126/><U133/><E133/><V10/><F10/><W50/><G50/><T31/><D123/><U46/><E62/><V47/><F11/><W22/><G22/><T21/><D31/><U82/><E3/><V121/><F33/><W71/><G71/><T69/><D69/><U30/><E68/><V53/><F121/><W70/><G70/><T35/><D35/><U32/><E30/><V129/><F129/><W88/><G88/><T39/><D39/><U124/><E32/><V108/><F108/><W96/><AGARI ba="2,1" hai="28,29,40,41,43,73,79,81,91,92,96,99,103,105" machi="96" ten="30,7900,0" yaku="21,2,0,1,52,1,53,0" doraHai="101" doraHaiUra="113" who="3" fromWho="3" sc="328,-41,224,-22,224,-22,214,95" /><INIT seed="1,0,0,4,0,7" ten="287,202,202,309" oya="1" hai0="113,46,62,108,50,60,12,19,59,28,93,118,35" hai1="64,23,96,0,85,65,41,42,48,84,25,47,130" hai2="40,111,39,126,21,78,128,58,6,77,109,116,134" hai3="63,17,16,115,94,33,68,67,44,117,79,105,91"/><U98/><E130/><V18/><F116/><W83/><G115/><T4/><D118/><U10/><E41/><V75/><F128/><W1/><G105/><T3/><D113/><U5/><E85/><V135/><F75/><W49/><G33/><T87/><D108/><N who="2" m="41546" /><F40/><W43/><G1/><T86/><D4/><U100/><E84/><V127/><F6/><W99/><REACH who="3" step="1"/><G117/><REACH who="3" ten="287,202,202,299" step="2"/><T80/><D3/><U26/><E26/><V121/><F121/><W20/><G20/><T72/><D35/><U103/><E23/><V27/><F135/><W45/><G45/><T90/><D46/><U8/><E25/><V101/><F134/><W32/><G32/><T9/><D72/><AGARI ba="0,1" hai="16,17,43,44,49,63,67,68,72,79,83,91,94,99" machi="72" ten="30,3900,0" yaku="1,1,7,1,54,1,53,0" doraHai="7" doraHaiUra="131" who="3" fromWho="0" sc="287,-39,202,0,202,0,299,49" /><INIT seed="2,0,0,5,4,75" ten="248,202,202,348" oya="2" hai0="112,67,63,9,58,0,8,33,35,24,114,110,29" hai1="87,39,90,129,65,130,68,43,78,127,4,2,88" hai2="40,49,86,17,11,70,1,105,30,62,84,100,93" hai3="85,21,23,128,120,104,22,83,3,111,36,20,48"/><V123/><F123/><W121/><G36/><T50/><D110/><U113/><E113/><V106/><F106/><W119/><G119/><T99/><D35/><U124/><E68/><V59/><F70/><W109/><G128/><N who="1" m="49258" /><E65/><V96/><F30/><W79/><G3/><T95/><D50/><U74/><E74/><V135/><F135/><W32/><G104/><T60/><D63/><U91/><E4/><V107/><F105/><W56/><G32/><T18/><D9/><U13/><E13/><N who="2" m="7359" /><F1/><W12/><G12/><T64/><D64/><U115/><E2/><V69/><F107/><W102/><G102/><T80/><D80/><N who="1" m="47511" /><E115/><V25/><F25/><W66/><G23/><T15/><D0/><U131/><N who="1" m="49266" /><U16/><DORA hai="132" /><E16/><V42/><F69/><W71/><G71/><T34/><D34/><U19/><E19/><V89/><F42/><W14/><G14/><T77/><D114/><U126/><E43/><V94/><F40/><W116/><G121/><T5/><D112/><U52/><E52/><N who="2" m="32143" /><F62/><W54/><G120/><T44/><D18/><U103/><E103/><V7/><F7/><W46/><G66/><T47/><D5/><U31/><E31/><V51/><F51/><W97/><G48/><T37/><D37/><AGARI ba="0,0" hai="37,39,88,90,91,124,126,127" m="47511,49266" machi="37" ten="50,12000,2" yaku="18,1,19,1,52,4,54,1" doraHai="75,132" who="1" fromWho="0" sc="248,-120,202,120,202,0,348,0" /><INIT seed="3,0,0,5,3,26" ten="128,322,202,348" oya="3" hai0="0,94,39,49,132,18,61,1,57,103,73,118,53" hai1="32,127,91,84,66,17,101,122,98,28,44,80,117" hai2="6,72,134,13,25,129,126,51,55,102,109,56,15" hai3="4,38,12,35,81,79,112,3,31,59,11,74,105"/><W70/><G112/><T60/><D39/><U37/><E122/><V86/><F72/><W65/><G59/><T78/><D118/><U29/><E117/><V23/><F109/><W123/><G123/><T85/><D73/><U92/><E127/><V30/><F126/><W115/><G115/><T58/><D132/><U77/><E32/><V10/><F134/><W54/><G54/><T69/><D69/><U50/><E37/><V67/><F129/><W82/><G82/><T40/><D18/><U95/><E17/><V83/><F102/><W19/><G105/><T121/><D121/><U42/><E66/><V90/><REACH who="2" step="1"/><F67/><REACH who="2" ten="128,322,192,348" step="2"/><W76/><G65/><T2/><D103/><U88/><E101/><V68/><F68/><W33/><G70/><T104/><D104/><U89/><E89/><V106/><F106/><W113/><G113/><T7/><D78/><U27/><E27/><V93/><F93/><W34/><G76/><T47/><D94/><U5/><E5/><V62/><F62/><W24/><REACH who="3" step="1"/><G38/><REACH who="3" ten="128,322,192,338" step="2"/><T107/><D107/><U16/><E16/><V52/><F52/><W64/><G64/><T130/><D130/><U96/><AGARI ba="0,2" hai="28,29,42,44,50,77,80,84,88,91,92,95,96,98" machi="96" ten="20,12000,2" yaku="0,1,7,1,9,1,8,1,52,2,54,1" doraHai="26" who="1" fromWho="1" sc="128,-30,322,140,192,-30,338,-60" /><INIT seed="4,0,0,3,2,90" ten="98,462,162,278" oya="0" hai0="101,78,14,63,52,105,108,70,107,31,80,91,79" hai1="109,65,130,97,122,68,17,96,49,18,54,99,43" hai2="120,3,121,119,111,19,112,28,62,20,76,53,25" hai3="124,40,50,23,131,0,115,117,114,64,32,133,106"/><T6/><D108/><U125/><E109/><V27/><F76/><W4/><G23/><T30/><D70/><U132/><E122/><V69/><F111/><W116/><G50/><T82/><D91/><U89/><E132/><V81/><F3/><W7/><G64/><T86/><D101/><U15/><E130/><V10/><F81/><W77/><G40/><T113/><D113/><U110/><E125/><V95/><F112/><W75/><G77/><T42/><D42/><U72/><E110/><V39/><F39/><W8/><G75/><T22/><D107/><U44/><E72/><V5/><F119/><W38/><G38/><T84/><D105/><U102/><E18/><V118/><F118/><W35/><G106/><T24/><D14/><U2/><E2/><V71/><F71/><W94/><G0/><T104/><D104/><U93/><E102/><V12/><F69/><W59/><G133/><T29/><D6/><U58/><E65/><V135/><F135/><W41/><G41/><T51/><D63/><U56/><E56/><AGARI ba="0,0" hai="22,24,29,30,31,51,52,56,78,79,80,82,84,86" machi="56" ten="30,11600,0" yaku="7,1,9,1,8,1,54,1" doraHai="90" who="0" fromWho="1" sc="98,116,462,-116,162,0,278,0" /><INIT seed="4,1,0,0,1,63" ten="214,346,162,278" oya="0" hai0="91,18,93,38,125,44,104,82,67,17,43,24,126" hai1="70,32,98,62,55,100,33,99,103,14,59,15,48" hai2="84,42,53,131,114,127,129,27,85,8,124,115,133" hai3="51,58,54,64,40,12,112,97,11,72,80,41,105"/><T81/><D104/><U34/><E70/><V77/><F8/><W21/><G112/><N who="2" m="43049" /><F27/><W5/><G72/><T108/><D108/><U113/><E113/><V6/><F6/><W86/><G105/><T60/><D24/><U7/><E7/><V94/><F42/><W65/><G97/><T20/><D18/><U128/><E128/><N who="2" m="49227" /><F53/><W52/><G21/><T29/><D29/><U4/><E4/><V37/><F37/><W101/><G101/><T56/><D17/><U47/><E99/><V0/><F0/><W135/><G135/><T116/><D116/><U28/><E103/><V57/><F57/><W10/><G10/><T75/><D20/><U30/><E30/><V39/><F39/><W13/><G13/><T119/><D119/><U102/><E102/><V78/><F133/><W26/><G26/><T130/><D130/><U71/><E71/><V36/><F36/><W3/><G3/><T117/><D117/><U122/><E122/><V35/><F35/><W87/><G87/><N who="2" m="33353" /><F94/><W95/><G95/><T19/><D19/><U118/><E118/><V25/><F25/><W79/><G54/><T109/><D38/><U31/><E31/><V110/><F110/><W16/><G5/><T107/><D109/><U1/><E1/><V88/><F88/><W111/><G111/><T74/><D43/><AGARI ba="1,0" hai="11,12,16,40,41,43,51,52,58,64,65,79,80,86" machi="43" ten="40,8000,1" yaku="8,1,52,2,54,2" doraHai="63" who="3" fromWho="0" sc="214,-83,346,0,162,0,278,83" /><INIT seed="5,0,0,0,1,54" ten="131,346,162,361" oya="1" hai0="51,41,130,36,100,119,0,113,8,35,4,105,43" hai1="110,108,17,73,27,131,47,38,86,19,112,44,122" hai2="83,60,90,31,74,115,18,85,135,30,39,89,61" hai3="97,29,101,121,103,16,56,111,2,10,33,40,78"/><U13/><E73/><V124/><F39/><W52/><G111/><N who="1" m="42538" /><E122/><V25/><F74/><W22/><G121/><T102/><D36/><U1/><E1/><V64/><F135/><W84/><G40/><T127/><D35/><U72/><E72/><V11/><F124/><W7/><G78/><T62/><D119/><U98/><E38/><V125/><F125/><W5/><G5/><T55/><D127/><U45/><E112/><V77/><F115/><W80/><G80/><T9/><D113/><U128/><E98/><V53/><F53/><W79/><G79/><T50/><D130/><N who="1" m="49707" /><E86/><V91/><F61/><W3/><G84/><T26/><D62/><U118/><E118/><V95/><F95/><W96/><G3/><T120/><D120/><U134/><E134/><V65/><F65/><W88/><G97/><T23/><D105/><U126/><E126/><V63/><F63/><N who="3" m="36231" /><G33/><T59/><D9/><U114/><E114/><V14/><REACH who="2" step="1"/><F25/><REACH who="2" ten="131,346,152,361" step="2"/><W109/><G109/><T32/><D26/><U70/><E27/><V37/><F37/><W129/><G129/><T71/><D43/><U133/><E133/><V68/><AGARI ba="0,1" hai="11,14,18,30,31,60,64,68,77,83,85,89,90,91" machi="68" ten="30,4000,0" yaku="1,1,0,1,53,1" doraHai="54" doraHaiUra="6" who="2" fromWho="2" sc="131,-10,346,-20,152,50,361,-10" /><INIT seed="6,0,0,4,2,55" ten="121,326,202,351" oya="2" hai0="101,95,66,83,1,53,46,20,89,81,26,135,57" hai1="0,99,94,114,63,128,43,108,116,112,87,19,27" hai2="52,127,47,86,106,77,97,7,8,54,48,31,17" hai3="115,51,41,82,70,6,84,103,28,13,18,45,40"/><V24/><F127/><W118/><G118/><T88/><D1/><U93/><E116/><V129/><F129/><W3/><G70/><T78/><D135/><U124/><E0/><V104/><F17/><W73/><G73/><T44/><D66/><U9/><E108/><V98/><F106/><W91/><G28/><T39/><D101/><U4/><E128/><V120/><F104/><W36/><G36/><T117/><D117/><U49/><E124/><V58/><F86/><W132/><G132/><T102/><D102/><U100/><E4/><V33/><F77/><W67/><G103/><T38/><D38/><U64/><E49/><V29/><F29/><W90/><G67/><T111/><D111/><U14/><E43/><V119/><F120/><W71/><G71/><T85/><D39/><U105/><E27/><V21/><F33/><W59/><G41/><T62/><D89/><U61/><E61/><N who="2" m="36039" /><F119/><W68/><G3/><T11/><D11/><U32/><E32/><V50/><F50/><W110/><G6/><T56/><D56/><N who="1" m="36967" /><E87/><V37/><F37/><W10/><G110/><T122/><D122/><U75/><E75/><V126/><F126/><W2/><G2/><T12/><D12/><U5/><E19/><V22/><F22/><W69/><G59/><T74/><REACH who="0" step="1"/><D81/><REACH who="0" ten="111,326,202,351" step="2"/><U125/><E125/><V107/><F107/><W113/><G90/><T133/><D133/><U35/><E105/><V30/><F8/><W109/><G109/><T72/><D72/><U34/><E94/><V96/><F7/><W79/><G91/><T60/><D60/><U130/><E130/><RYUUKYOKU ba="0,1" sc="111,0,326,0,202,0,351,0" hai0="20,26,44,46,53,57,62,74,78,83,85,88,95" hai1="5,9,14,34,35,93,99,100,112,114" hai2="21,24,30,31,47,48,54,96,97,98" hai3="10,13,18,40,45,51,68,69,79,82,84,113,115" /><INIT seed="6,1,1,0,5,24" ten="111,326,202,351" oya="2" hai0="111,90,98,103,65,2,87,56,50,120,32,96,19" hai1="1,117,23,8,39,34,48,59,106,114,94,121,81" hai2="21,101,69,25,113,11,84,62,40,110,91,31,126" hai3="12,22,45,17,115,71,46,9,89,18,104,86,37"/><V7/><F113/><W79/><G71/><T131/><D2/><U72/><E106/><V42/><F126/><W0/><G104/><T52/><D120/><U29/><E34/><V20/><F101/><W67/><G0/><T26/><D111/><U123/><E39/><V88/><F110/><W54/><G67/><T119/><D119/><U63/><E117/><V95/><F21/><W128/><G37/><T70/><D131/><U75/><E114/><V82/><F62/><W102/><G102/><T66/><D70/><U13/><E1/><V127/><F69/><W108/><G108/><T73/><D73/><U130/><E130/><V61/><F61/><W77/><G115/><T129/><D129/><U83/><E48/><V41/><F127/><W53/><G53/><T64/><D103/><U74/><E94/><V16/><F7/><W28/><G28/><T47/><D47/><N who="3" m="17929" /><G54/><T35/><D35/><U133/><E133/><V43/><F43/><W107/><G107/><T27/><D27/><N who="1" m="16639" /><E59/><V92/><F91/><W85/><G128/><T60/><D60/><U134/><E134/><V4/><F4/><W124/><G124/><T51/><D51/><U100/><E100/><V122/><F122/><N who="1" m="46601" /><E63/><V112/><F112/><W80/><G86/><T58/><D58/><U99/><E99/><V36/><F36/><W109/><G109/><T55/><D55/><U33/><E33/><V135/><F135/><W5/><G5/><AGARI ba="1,1" hai="5,8,13,72,74,75,81,83" m="46601,16639" machi="5" ten="40,2600,0" yaku="13,1,52,1" doraHai="24" who="1" fromWho="3" sc="111,0,326,39,202,0,351,-29" /><INIT seed="7,0,0,1,4,72" ten="111,365,202,322" oya="3" hai0="134,52,36,32,33,120,116,55,18,83,10,16,78" hai1="3,95,99,39,6,21,127,100,115,97,60,124,123" hai2="107,108,71,40,80,122,27,9,13,75,88,34,22" hai3="106,68,51,103,86,57,35,25,23,111,81,125,74"/><W63/><G125/><N who="1" m="48202" /><E123/><V7/><F108/><W17/><G111/><T76/><D36/><U82/><E115/><V129/><F71/><W93/><G74/><T87/><D120/><U67/><E39/><V26/><F107/><W2/><G2/><T90/><D116/><U73/><E3/><V101/><F101/><W79/><G106/><T118/><D118/><U91/><E6/><V131/><F34/><W43/><G35/><T53/><D134/><U121/><E121/><V58/><F40/><W29/><G68/><T96/><D33/><U117/><E117/><V62/><F122/><W47/><G17/><N who="0" m="6763" /><D32/><U24/><E73/><V38/><F38/><W1/><G1/><T102/><D10/><U114/><E114/><V15/><F75/><W0/><G0/><T77/><D102/><U54/><E54/><N who="0" m="13825" /><T56/><DORA hai="92" /><D56/><N who="1" m="37255" /><E82/><V84/><F58/><W14/><G14/><T126/><D126/><U30/><E100/><V109/><F109/><W4/><G4/><T69/><D69/><U12/><E12/><V130/><F62/><W61/><G57/><T66/><D66/><U45/><E45/><V37/><F37/><W135/><G135/><T70/><D70/><U20/><E20/><V28/><F15/><W132/><G132/><T44/><D44/><U128/><E128/><V98/><F131/><W133/><G133/><T48/><D48/><U5/><E5/><V8/><F130/><W65/><G65/><T105/><D105/><U50/><E50/><V46/><F129/><W64/><G64/><T104/><D104/><U41/><E41/><V94/><F46/><RYUUKYOKU ba="0,0" sc="111,10,365,10,202,-30,322,10" hai0="76,77,78,83,87,90,96" hai1="21,24,30,91,95,97,99" hai3="23,25,29,43,47,51,61,63,79,81,86,93,103" /><INIT seed="7,1,0,4,1,66" ten="121,375,172,332" oya="3" hai0="117,75,129,121,63,130,25,55,37,97,39,52,95" hai1="115,43,111,125,23,15,68,42,131,27,133,62,76" hai2="20,103,107,10,82,41,92,106,58,128,81,94,31" hai3="98,1,109,51,3,110,50,4,0,56,48,29,73"/><W101/><G73/><T24/><D75/><U83/><E111/><N who="3" m="42506" /><G29/><T45/><D121/><U90/><E133/><V105/><F41/><W71/><G4/><T86/><D86/><U123/><E123/><V104/><F58/><W100/><G56/><T116/><D95/><U34/><E34/><V11/><F94/><N who="3" m="58455" /><G101/><T122/><D122/><U127/><E131/><V88/><F128/><W96/><G96/><T16/><D97/><U60/><E115/><V134/><F31/><W135/><G135/><T126/><D126/><N who="1" m="48139" /><E90/><V18/><F88/><W7/><G7/><T21/><D21/><U65/><E62/><V70/><F20/><W14/><G14/><T30/><D30/><N who="1" m="17791" /><E15/><V64/><F134/><W36/><G36/><T38/><D38/><U124/><E124/><V53/><F103/><W5/><G5/><T89/><D89/><U99/><E99/><V13/><F13/><W67/><G67/><T9/><D9/><U132/><E132/><V19/><F11/><W28/><G28/><T72/><D63/><U85/><AGARI ba="1,0" hai="42,43,60,65,68,76,83,85" m="17791,48139" machi="85" ten="30,2000,0" yaku="18,1,52,1" doraHai="66" who="1" fromWho="1" sc="121,-6,375,23,172,-6,332,-11" owari="115,-38.0,398,49.0,166,-23.0,321,12.0" /></mjloggm>