<mjloggm ver="2.3"><GO type="185" lobby="0"/><UN n0="%E3%82%B5%E3%83%B3%E3%83%9E%E6%BC%81%E5%B8%AB%4B" n1="%E3%81%BA%E3%82%93%E3%81%8E%E3%82%93%E3%81%95%E3%82%93" n2="%63%61%6C%63%2E" n3="" dan="17,16,19,0" rate="2246.89,2115.61,2358.10,1500.00" sx="M,F,M,C"/><TAIKYOKU oya="0"/><INIT seed="0,0,0,2,1,75" ten="350,350,350,0" oya="0" hai0="36,3,2,42,65,125,102,82,101,63,134,32,103" hai1="69,127,124,81,123,38,120,35,79,119,62,99,87" hai2="59,1,84,60,54,76,93,56,51,118,83,126,71" hai3=""/><T50/><D36/><U77/><N who="1" m="30752" /><U37/><N who="1" m="31520" /><U43/><E35/><V133/><F1/><T80/><D32/><U106/><E119/><V92/><F71/><T73/><D134/><U33/><E33/><V115/><F115/><T108/><D125/><N who="1" m="48203" /><E106/><V109/><F126/><T97/><D97/><U64/><E99/><V117/><F109/><T41/><D108/><U70/><E43/><V44/><F133/><T113/><D113/><U48/><E48/><V94/><REACH who="2" step="1"/><F59/><REACH who="2" ten="350,350,340,0" step="2"/><T61/><D2/><U132/><E132/><V53/><AGARI ba="0,1" hai="44,51,53,54,56,60,76,83,84,92,93,94,117,118" machi="53" ten="30,5900,0" yaku="1,1,2,1,0,1,52,1,53,0" doraHai="75" doraHaiUra="110" who="2" fromWho="2" sc="350,-39,350,-20,340,69,0,0" /><INIT seed="1,0,0,4,4,96" ten="311,330,409,0" oya="1" hai0="127,45,107,85,134,119,124,118,81,71,1,129,126" hai1="87,113,102,98,33,65,41,105,67,117,63,125,74" hai2="100,79,58,35,106,131,73,112,121,56,61,120,47" hai3=""/><U53/><E33/><V90/><N who="2" m="30752" /><V88/><N who="2" m="31008" /><V44/><F35/><T48/><D1/><U66/><E113/><V123/><N who="2" m="31520" /><V40/><F112/><T89/><D71/><U93/><E117/><N who="0" m="44553" /><D134/><U72/><E125/><V99/><F131/><T108/><D108/><U97/><E41/><V82/><F47/><T36/><D107/><U69/><E87/><V122/><N who="2" m="31264" /><V70/><F70/><T110/><D110/><U109/><E109/><V77/><F77/><T83/><D36/><U78/><E53/><V104/><F104/><T34/><D34/><U86/><E86/><V0/><F0/><T59/><D129/><U111/><E111/><V42/><F42/><T62/><D83/><U57/><E69/><V32/><F32/><T43/><D126/><U60/><E78/><V133/><F133/><T128/><D128/><U132/><E132/><V51/><REACH who="2" step="1"/><F56/><REACH who="2" ten="311,330,399,0" step="2"/><T114/><D114/><U130/><E130/><V46/><F46/><T75/><D127/><U2/><E2/><V37/><F37/><T92/><D124/><U103/><REACH who="1" step="1"/><E57/><REACH who="1" ten="311,320,399,0" step="2"/><V3/><F3/><T94/><D59/><U68/><E68/><V116/><F116/><T54/><D43/><U50/><E50/><V64/><AGARI ba="0,2" hai="40,44,51,58,61,64,73,79,82,88,90,99,100,106" m="31264,31520,31008,30752" machi="64" ten="20,12000,3" yaku="1,1,5,1,0,1,7,1,52,5,54,1,53,0" doraHai="96" doraHaiUra="80" who="2" fromWho="2" sc="311,-40,320,-80,399,140,0,0" /><INIT seed="2,0,0,0,0,2" ten="271,240,539,0" oya="2" hai0="134,61,72,69,75,82,64,121,65,112,35,125,80" hai1="44,124,36,55,51,40,78,32,131,107,86,105,108" hai2="100,43,57,79,0,102,76,132,113,62,81,34,127" hai3=""/><V74/><F0/><T96/><N who="0" m="31008" /><T50/><D134/><U83/><E108/><V73/><F113/><T101/><D112/><U63/><E131/><V128/><F128/><T106/><D125/><U103/><E124/><V59/><F127/><T39/><D39/><U94/><E63/><V110/><F132/><T85/><D80/><U115/><E115/><V98/><F43/><T41/><D65/><U56/><E32/><V122/><N who="2" m="31264" /><V42/><F42/><T91/><REACH who="0" step="1"/><D35/><REACH who="0" ten="261,240,539,0" step="2"/><U3/><E3/><V47/><F34/><T38/><D38/><U84/><E36/><V45/><F81/><T129/><D129/><U54/><E83/><V120/><N who="2" m="30752" /><V37/><F37/><T46/><AGARI ba="0,1" hai="41,46,50,61,64,69,72,75,82,85,91,96,101,106" m="31008" machi="46" ten="30,3000,0" yaku="1,1,0,1,52,1,53,0" doraHai="2" doraHaiUra="130" who="0" fromWho="0" sc="261,40,240,-10,539,-20,0,0" /><INIT seed="4,0,0,1,5,91" ten="301,230,519,0" oya="0" hai0="77,50,133,61,119,88,64,89,32,75,70,112,51" hai1="99,69,85,45,49,97,47,127,80,111,106,95,83" hai2="121,104,78,82,72,79,81,53,115,102,74,87,57" hai3=""/><T54/><D119/><U56/><E111/><V46/><N who="2" m="31008" /><V117/><F117/><T135/><D32/><U92/><E69/><V52/><F115/><T110/><D112/><U73/><E127/><V39/><F87/><T122/><N who="0" m="31264" /><T129/><D110/><U44/><E106/><V94/><F104/><T123/><N who="0" m="31520" /><T65/><D65/><U36/><E36/><V71/><F71/><T42/><D42/><U130/><E130/><V93/><F102/><T66/><D66/><U60/><E49/><V113/><F113/><T59/><D129/><U120/><N who="1" m="30752" /><U125/><E73/><V101/><F101/><T90/><REACH who="0" step="1"/><D51/><REACH who="0" ten="291,230,519,0" step="2"/><U118/><E118/><V84/><F39/><T62/><D62/><U38/><E38/><V132/><F132/><T107/><D107/><U128/><E128/><V41/><F41/><T3/><D3/><U48/><E48/><V33/><F33/><T2/><D2/><U43/><E43/><V108/><F108/><T124/><D124/><U68/><E125/><V76/><F53/><T131/><D131/><U86/><E60/><V98/><F52/><T58/><D58/><U67/><E56/><V109/><F57/><T1/><D1/><U55/><E67/><V35/><F109/><RYUUKYOKU ba="0,1" sc="291,20,230,-10,519,-10,0,0" hai0="50,54,59,61,64,70,75,77,88,89,90,133,135" /><INIT seed="4,1,1,5,2,85" ten="311,220,509,0" oya="0" hai0="128,81,40,121,34,45,52,78,123,64,125,2,58" hai1="82,103,70,33,35,88,124,55,54,126,112,67,86" hai2="44,72,53,47,48,36,118,130,127,43,89,69,96" hai3=""/><T109/><N who="0" m="31008" /><T32/><N who="0" m="31520" /><T63/><D2/><U115/><E103/><V66/><F72/><T97/><D109/><U68/><E67/><V113/><F113/><N who="1" m="43593" /><E54/><V1/><F1/><T106/><D128/><U99/><E99/><V77/><F77/><T93/><D106/><U133/><E55/><V3/><F3/><T102/><D125/><N who="1" m="48235" /><E133/><V75/><F127/><T100/><D64/><U87/><E87/><V114/><F53/><T79/><D102/><U80/><E80/><V110/><F114/><T56/><D56/><U61/><E61/><V42/><F66/><T107/><D107/><U74/><E74/><V76/><F75/><T104/><D104/><U50/><E50/><V116/><F48/><T51/><D79/><U91/><E91/><V135/><F89/><T60/><D63/><U84/><E84/><AGARI ba="1,1" hai="32,34,40,45,51,52,58,60,78,81,84,93,97,100" m="31520,31008" machi="84" ten="30,11600,0" yaku="7,1,52,2,54,1" doraHai="85" who="0" fromWho="1" sc="311,128,220,-118,509,0,0,0" /><INIT seed="4,2,0,4,5,72" ten="439,102,509,0" oya="0" hai0="32,119,2,87,63,86,36,100,75,57,33,74,89" hai1="122,96,1,66,56,102,54,39,83,108,109,111,98" hai2="127,91,79,67,70,123,61,116,35,130,84,69,3" hai3=""/><T99/><D36/><U44/><N who="1" m="31264" /><U42/><E1/><V62/><N who="2" m="31520" /><V52/><F3/><T73/><D2/><U110/><N who="1" m="27648" /><DORA hai="81" /><U51/><E102/><V82/><F35/><T78/><D78/><U121/><N who="1" m="31008" /><U105/><E105/><V101/><F130/><T77/><D77/><U53/><E66/><V120/><N who="2" m="30752" /><V128/><F128/><T106/><D119/><U92/><E92/><V124/><F116/><T0/><D0/><U93/><E93/><V113/><F113/><T45/><D45/><U125/><E125/><N who="2" m="48203" /><F101/><T95/><REACH who="0" step="1"/><D87/><REACH who="0" ten="429,102,509,0" step="2"/><U103/><E103/><V126/><F126/><T38/><D38/><U46/><REACH who="1" step="1"/><E83/><REACH who="1" ten="429,92,509,0" step="2"/><V134/><F82/><T65/><AGARI ba="2,2" hai="32,33,57,63,65,73,74,75,86,89,95,99,100,106" machi="65" ten="30,7800,0" yaku="1,1,0,1,52,1,53,1" doraHai="72,81" doraHaiUra="58,76" who="0" fromWho="0" sc="429,102,92,-41,509,-41,0,0" /><INIT seed="4,3,0,0,5,32" ten="531,51,468,0" oya="0" hai0="89,84,57,78,125,103,133,35,77,64,132,37,76" hai1="123,49,62,45,131,113,74,112,43,92,81,63,118" hai2="39,79,93,126,94,97,36,91,69,61,122,72,134" hai3=""/><T33/><D37/><U127/><N who="1" m="31520" /><U115/><E118/><V59/><N who="2" m="31264" /><V56/><F134/><N who="0" m="51818" /><D103/><U110/><E110/><V67/><F126/><T2/><D125/><U47/><E127/><V3/><F3/><T34/><D2/><U73/><E131/><V50/><F79/><T85/><D89/><U102/><E47/><V135/><F72/><N who="1" m="27753" /><E81/><V124/><F124/><T101/><D101/><U104/><E104/><V1/><F1/><T66/><D57/><U83/><E83/><V88/><F135/><T82/><D82/><U0/><E0/><V117/><F117/><T116/><D116/><U96/><AGARI ba="3,0" hai="43,45,49,62,63,92,96,102,112,113,115" m="27753,31520" machi="96" ten="40,3900,0" yaku="15,1,11,1,52,1" doraHai="32" who="1" fromWho="1" sc="531,-29,51,45,468,-16,0,0" /><INIT seed="5,0,0,0,4,46" ten="502,96,452,0" oya="1" hai0="39,74,119,36,135,97,112,92,120,130,128,124,104" hai1="99,43,125,54,64,76,123,93,56,129,84,107,62" hai2="85,106,83,68,115,67,73,132,90,121,33,0,50" hai3=""/><U122/><N who="1" m="31264" /><U126/><N who="1" m="31520" /><U96/><E129/><N who="0" m="49769" /><D112/><U79/><E43/><V102/><N who="2" m="31008" /><V109/><F109/><T34/><N who="0" m="30752" /><T94/><D34/><U80/><E79/><V117/><F117/><T63/><D74/><U1/><E1/><V88/><F73/><T38/><D135/><U35/><E35/><V58/><F33/><T110/><D110/><U87/><E87/><V82/><F132/><T101/><D124/><N who="1" m="47723" /><E107/><V81/><F0/><T116/><D63/><U2/><E2/><V70/><F85/><T75/><D75/><U77/><E77/><V49/><F106/><T131/><N who="0" m="49777" /><T44/><DORA hai="105" /><D44/><U133/><E133/><V111/><F111/><T103/><D104/><U57/><E93/><N who="0" m="35945" /><D97/><U3/><E3/><V40/><F40/><T69/><D69/><U45/><E45/><V61/><F70/><T127/><D127/><U113/><E113/><V32/><F32/><T53/><D119/><U71/><E71/><V95/><F115/><T52/><D116/><U89/><E89/><N who="2" m="34411" /><F68/><T134/><D134/><U114/><E114/><V59/><F59/><T60/><D103/><U86/><E86/><V98/><AGARI ba="0,0" hai="49,50,58,61,67,81,82,83,95,98,102" m="34411,31008" machi="98" ten="30,6000,1" yaku="8,1,52,3,54,1" doraHai="46,105" who="2" fromWho="2" sc="502,-20,96,-40,452,60,0,0" /><INIT seed="6,0,0,3,2,38" ten="482,56,512,0" oya="2" hai0="80,86,87,110,70,75,1,60,85,72,39,47,33" hai1="132,79,74,126,96,84,109,37,133,35,73,120,93" hai2="105,98,41,52,128,62,44,82,97,119,34,95,40" hai3=""/><V46/><F119/><T116/><D116/><U121/><N who="1" m="30752" /><U57/><N who="1" m="31008" /><U101/><E57/><V68/><F34/><T123/><N who="0" m="31520" /><T135/><D33/><U55/><E55/><V99/><F105/><T112/><D1/><U134/><E84/><V0/><F0/><T58/><D70/><U111/><E79/><V54/><F128/><T83/><D110/><U51/><E51/><V56/><F68/><T49/><D39/><U131/><E93/><V118/><F118/><T117/><D117/><U90/><E90/><V78/><F95/><T61/><D135/><U71/><E71/><V36/><F54/><T104/><D104/><U3/><E96/><V63/><F63/><T124/><D124/><U113/><E101/><V89/><F89/><T45/><D112/><U42/><E113/><V48/><F98/><T69/><D69/><U59/><E35/><V50/><F36/><T94/><D75/><AGARI ba="0,0" hai="40,41,44,46,48,50,52,56,62,75,78,82,97,99" machi="75" ten="30,12000,1" yaku="7,1,9,1,52,2,54,1" doraHai="38" who="2" fromWho="0" sc="482,-120,56,0,512,120,0,0" owari="362,-4.0,56,-54.0,632,58.0,0,0.0" /></mjloggm>