<mjloggm ver="2.3"><GO type="169" lobby="0"/><UN n0="%62%75%72%65%61%36" n1="%E5%AE%89%E9%81%94%E3%81%95%E3%81%8F%E3%82%89" n2="%6B%61%74%65%72%69%6E%61" n3="%79%6F%75%61%6C%70%68%61" dan="16,17,17,17" rate="2133.35,2188.47,2143.33,2127.71" sx="M,M,M,M"/><TAIKYOKU oya="0"/><INIT seed="0,0,0,1,1,121" ten="250,250,250,250" oya="0" hai0="55,8,21,63,73,74,84,94,97,95,1,85,17" hai1="106,72,113,123,83,122,3,12,118,52,65,58,47" hai2="112,38,76,6,2,45,59,69,120,115,81,114,49" hai3="7,98,102,105,109,124,24,107,30,119,130,135,22"/><T51/><D74/><U33/><E3/><V16/><F120/><W104/><G119/><T13/><D73/><U20/><E118/><V18/><F69/><W88/><G130/><T37/><D37/><U14/><E33/><V35/><F35/><W92/><G135/><T91/><D63/><U56/><E106/><V60/><F38/><W77/><G124/><T11/><D1/><U134/><E134/><V57/><F6/><W34/><G7/><T5/><D5/><U133/><E133/><V23/><F2/><W128/><G128/><T39/><D39/><U86/><E72/><V42/><F59/><W15/><G77/><T53/><D53/><U103/><E103/><V40/><F40/><W132/><G132/><T79/><D85/><U100/><E100/><V89/><F89/><W131/><G131/><T108/><D108/><U127/><E127/><V27/><F18/><W125/><G125/><T66/><D66/><U19/><E113/><V0/><F0/><W67/><G67/><T68/><D68/><U54/><E47/><V41/><F41/><W32/><G109/><T82/><REACH who="0" step="1"/><D95/><REACH who="0" ten="240,250,250,250" step="2"/><U116/><E65/><V26/><F115/><W4/><G4/><T93/><D93/><U71/><E71/><V110/><F110/><W61/><G61/><T25/><D25/><N who="1" m="14495" /><E123/><V129/><F129/><W64/><G64/><T96/><D96/><U36/><E36/><V44/><F27/><W80/><G15/><N who="1" m="5674" /><E122/><V62/><F114/><W48/><G48/><T43/><D43/><U78/><E116/><V90/><F42/><W75/><G75/><T117/><D117/><RYUUKYOKU ba="0,1" sc="240,10,250,10,250,-30,250,10" hai0="8,11,13,17,21,51,55,79,82,84,91,94,97" hai1="52,54,56,58,78,83,86" hai3="22,24,30,32,34,80,88,92,98,102,104,105,107" /><INIT seed="0,1,1,5,4,133" ten="250,260,220,260" oya="0" hai0="41,134,130,51,60,53,78,49,16,50,112,73,82" hai1="87,71,77,108,131,96,103,8,79,98,37,11,104" hai2="25,128,105,3,23,68,127,33,106,86,70,69,91" hai3="6,28,75,63,2,17,34,120,61,36,35,40,64"/><T90/><D112/><U14/><E108/><V101/><F3/><W111/><G111/><T123/><D123/><U54/><E131/><V135/><F135/><W20/><G120/><T59/><D134/><U97/><E37/><V72/><F72/><W115/><G115/><T89/><D130/><U125/><E71/><V102/><F128/><W109/><G75/><T119/><D119/><U45/><E8/><V80/><F33/><W55/><G55/><T29/><D29/><U12/><E12/><V113/><F113/><W94/><G63/><T46/><REACH who="0" step="1"/><D16/><REACH who="0" ten="240,260,220,260" step="2"/><U38/><E11/><V0/><F106/><W56/><G28/><T39/><AGARI ba="1,2" hai="39,41,46,49,50,51,53,59,60,73,78,82,89,90" machi="39" ten="30,11700,0" yaku="1,1,2,1,0,1,53,1" doraHai="133" doraHaiUra="52" who="0" fromWho="0" sc="240,140,260,-40,220,-40,260,-40" /><INIT seed="0,2,0,4,1,119" ten="380,220,180,220" oya="0" hai0="12,71,24,114,30,88,65,111,130,67,76,86,49" hai1="36,93,50,103,129,94,37,33,54,110,43,56,102" hai2="3,123,21,27,15,55,109,7,44,47,80,14,28" hai3="20,87,23,46,61,120,89,16,133,84,72,57,5"/><T85/><D114/><U31/><E110/><V104/><F109/><W118/><G118/><T81/><D111/><U113/><E113/><V19/><F104/><W132/><G72/><T18/><D71/><U134/><E129/><V125/><F125/><W60/><G5/><T26/><D130/><U98/><E134/><N who="3" m="51818" /><G46/><T22/><D49/><U51/><E31/><V131/><F131/><W6/><G6/><T73/><D73/><U11/><E33/><V1/><F15/><N who="3" m="9247" /><G23/><T45/><D45/><U10/><E37/><V121/><F80/><N who="3" m="49287" /><G87/><T32/><REACH who="0" step="1"/><D26/><REACH who="0" ten="370,220,180,220" step="2"/><U63/><E36/><V83/><F47/><W107/><G61/><T52/><D52/><U124/><E63/><V92/><F55/><N who="3" m="33855" /><G107/><T0/><D0/><U112/><E112/><V91/><F3/><W135/><G135/><T78/><D78/><U4/><E50/><V62/><F44/><W69/><G69/><T115/><D115/><U127/><E51/><V105/><F105/><W68/><G68/><T8/><D8/><U116/><E54/><V75/><F75/><W96/><G96/><T95/><AGARI ba="2,1" hai="12,18,22,24,30,32,65,67,76,81,85,86,88,95" machi="95" ten="20,7800,0" yaku="1,1,0,1,7,1,54,1,53,0" doraHai="119" doraHaiUra="42" who="0" fromWho="0" sc="370,94,220,-28,180,-28,220,-28" /><INIT seed="0,3,0,1,1,33" ten="464,192,152,192" oya="0" hai0="11,108,127,128,70,106,67,35,18,79,56,98,0" hai1="38,88,62,1,69,72,22,92,2,29,86,100,115" hai2="20,30,49,24,121,27,89,68,66,76,130,12,64" hai3="44,52,43,77,42,45,126,7,46,110,129,107,17"/><T113/><D113/><U60/><E115/><V95/><F130/><W5/><G107/><T96/><D127/><U36/><E72/><V109/><F109/><W119/><G119/><T6/><D128/><U82/><E38/><V58/><F121/><W48/><G126/><T105/><D79/><U118/><E36/><V103/><F76/><W91/><G110/><T125/><D56/><U124/><E118/><V63/><F103/><W51/><G77/><T8/><D35/><U84/><E124/><V13/><F27/><W112/><G112/><T117/><D125/><U61/><E69/><V55/><REACH who="2" step="1"/><F66/><REACH who="2" ten="464,192,142,192" step="2"/><W94/><G129/><T65/><D67/><U85/><E100/><V41/><F41/><W90/><G42/><T116/><D65/><U73/><E73/><V99/><AGARI ba="3,1" hai="12,13,20,24,30,49,55,58,63,64,68,89,95,99" machi="99" ten="20,2700,0" yaku="1,1,0,1,7,1,53,0" doraHai="33" doraHaiUra="80" who="2" fromWho="2" sc="464,-16,192,-10,142,46,192,-10" /><INIT seed="1,0,0,1,0,69" ten="448,182,188,182" oya="1" hai0="115,96,36,28,72,85,78,87,14,47,66,74,27" hai1="59,119,10,63,32,61,21,100,26,95,125,31,2" hai2="40,15,22,46,41,1,33,118,20,127,39,107,122" hai3="30,23,81,101,120,103,71,80,60,114,97,129,92"/><U5/><E119/><V109/><F122/><W38/><G114/><T76/><D66/><U70/><E125/><V3/><F118/><W108/><G120/><T7/><D7/><U0/><E70/><V75/><F75/><W105/><G108/><T52/><D14/><U48/><E0/><V77/><F127/><W65/><G129/><T133/><D74/><U117/><E117/><V123/><F123/><W34/><G23/><T91/><D72/><U11/><E11/><V104/><F109/><W113/><G113/><T62/><D36/><U111/><E111/><V134/><F134/><W37/><G92/><T18/><D18/><U35/><E48/><V42/><F33/><W102/><G102/><T13/><D13/><U79/><E79/><V49/><F39/><N who="3" m="14859" /><G103/><T90/><D96/><N who="1" m="59423" /><E63/><V128/><F128/><W55/><G55/><T64/><D78/><U82/><E82/><V99/><F77/><W110/><G110/><T50/><D76/><U17/><E17/><V51/><F107/><W135/><G135/><T24/><D133/><U8/><E8/><V29/><F104/><W112/><G112/><T116/><D115/><U121/><E121/><V58/><F99/><W54/><G54/><T88/><D116/><U86/><E86/><V98/><F98/><W67/><G65/><AGARI ba="0,0" hai="2,5,10,21,26,31,32,35,59,61,65" m="59423" machi="65" ten="30,1500,0" yaku="25,1" doraHai="69" who="1" fromWho="3" sc="448,0,182,15,188,0,182,-15" /><INIT seed="1,1,0,4,0,97" ten="448,197,188,167" oya="1" hai0="108,4,20,91,19,11,72,28,126,21,100,103,47" hai1="129,86,93,33,59,101,74,30,131,39,104,16,17" hai2="52,71,128,120,64,9,49,42,96,92,107,81,8" hai3="121,76,134,46,124,58,32,95,25,125,65,29,98"/><U57/><E74/><V14/><F120/><W117/><G121/><T110/><D72/><U1/><E39/><V22/><F128/><N who="1" m="49225" /><E1/><V7/><F107/><W10/><G134/><T89/><D28/><U27/><E104/><V53/><F81/><W13/><G76/><T24/><D126/><U112/><E112/><V84/><F84/><W85/><G85/><T70/><D70/><U109/><E109/><N who="0" m="42089" /><D47/><U87/><E86/><V115/><F115/><W94/><G46/><T102/><D21/><U79/><E79/><V68/><F22/><W66/><G95/><T99/><D99/><N who="1" m="59631" /><E87/><V73/><F73/><W67/><G117/><T77/><D77/><U41/><E41/><V122/><F122/><W69/><G69/><T35/><D35/><U6/><E6/><V55/><F9/><W48/><G124/><T44/><D44/><U113/><E113/><V83/><F83/><W34/><G125/><T36/><D36/><U80/><E80/><V105/><F105/><W130/><G130/><T50/><D50/><U12/><E17/><V23/><F42/><W111/><G111/><T114/><D114/><U45/><E45/><V78/><F78/><W88/><G34/><T43/><D43/><U75/><E75/><V15/><F49/><W3/><G48/><T5/><D5/><U62/><E62/><N who="2" m="39959" /><F71/><W118/><G118/><T123/><D123/><U90/><E90/><N who="2" m="55319" /><F23/><AGARI ba="1,0" hai="12,16,23,27,30,33,57,59" m="59631,49225" machi="23" ten="30,5800,0" yaku="19,1,52,1,54,1" doraHai="97" who="1" fromWho="2" sc="448,0,197,61,188,-61,167,0" /><INIT seed="1,2,0,2,1,92" ten="448,258,127,167" oya="1" hai0="72,119,64,19,45,112,2,25,17,52,106,23,105" hai1="67,35,91,104,131,39,88,95,14,11,41,76,118" hai2="107,3,100,60,40,82,97,58,123,124,44,47,77" hai3="98,61,10,134,116,18,8,99,127,128,74,103,34"/><U27/><E118/><V16/><F123/><W21/><G34/><T56/><D119/><U68/><E104/><V79/><F124/><W33/><G116/><T15/><D112/><U94/><E131/><V37/><F3/><W65/><G33/><T126/><D72/><U78/><E39/><V110/><F110/><W81/><G128/><T62/><D2/><U66/><E41/><V57/><F47/><W114/><G114/><T43/><D126/><U93/><E27/><V132/><F132/><W87/><G74/><T26/><D64/><N who="1" m="24619" /><E35/><V121/><F121/><W86/><G103/><T83/><D83/><U30/><E30/><V20/><F60/><W50/><G134/><T54/><D54/><U9/><E68/><V7/><F7/><W122/><G122/><T5/><D5/><N who="1" m="3375" /><E11/><N who="3" m="4138" /><G127/><T130/><D130/><U109/><E109/><V117/><F117/><W6/><G6/><T75/><D75/><U36/><E36/><V113/><F113/><W29/><G29/><T42/><D106/><U115/><E115/><V63/><F63/><W120/><G120/><T24/><D105/><U0/><E0/><V31/><F31/><W4/><G4/><T71/><D71/><U70/><E70/><V32/><F32/><W108/><G108/><T69/><D69/><U135/><E135/><V73/><REACH who="2" step="1"/><F79/><AGARI ba="2,0" hai="76,78,79,88,91,93,94,95" m="3375,24619" machi="79" ten="30,2900,0" yaku="8,1,54,1" doraHai="92" who="1" fromWho="2" sc="448,0,258,35,127,-35,167,0" /><INIT seed="1,3,0,5,2,6" ten="448,293,92,167" oya="1" hai0="29,93,34,109,3,129,50,46,130,4,48,74,82" hai1="5,91,36,38,87,81,119,45,115,103,28,78,104" hai2="121,27,84,112,14,1,0,25,67,57,100,99,13" hai3="133,83,97,85,35,11,17,41,76,56,80,7,20"/><U114/><E119/><V116/><F121/><W24/><G133/><T89/><D109/><U32/><E104/><V64/><F116/><W9/><G35/><T113/><D113/><U19/><E103/><V101/><F112/><W30/><G41/><T58/><D29/><U65/><E65/><V94/><F84/><N who="3" m="48135" /><G7/><T128/><D34/><U75/><E38/><V111/><F111/><W135/><G135/><T21/><D21/><U2/><E19/><V55/><F57/><W23/><G97/><T88/><D58/><U90/><E28/><V53/><F99/><W69/><G56/><T33/><D33/><U110/><E32/><V12/><F12/><N who="3" m="9255" /><G69/><T120/><D120/><U43/><E91/><AGARI ba="3,0" hai="9,11,23,24,30,83,85,91" m="9255,48135" machi="91" ten="30,3900,0" yaku="8,1,52,2" doraHai="6" who="3" fromWho="1" sc="448,0,293,-48,92,0,167,48" /><INIT seed="2,0,0,0,4,87" ten="448,245,92,215" oya="2" hai0="42,22,0,76,83,106,99,96,5,20,121,104,63" hai1="45,10,28,102,7,60,24,115,52,25,110,31,103" hai2="57,97,6,15,34,80,41,37,79,116,111,17,94" hai3="131,125,61,89,11,117,105,66,8,33,40,1,92"/><V46/><F116/><W39/><G105/><T75/><D121/><U32/><E115/><V93/><F111/><W71/><G117/><T68/><D22/><U13/><E110/><V3/><F34/><W122/><G122/><T130/><D130/><U128/><E128/><V69/><F69/><W77/><G125/><T118/><D20/><U44/><E45/><V12/><F57/><W132/><G132/><T73/><D73/><U82/><E82/><V95/><F3/><W53/><G33/><T2/><D42/><U126/><E126/><V48/><F6/><W124/><G77/><T21/><D21/><U38/><E38/><V65/><F65/><W90/><G131/><T72/><D72/><U55/><E55/><V100/><F37/><W84/><G1/><T23/><D23/><U43/><E43/><V133/><F133/><W64/><G64/><N who="0" m="40991" /><D5/><U59/><E44/><V112/><F112/><W26/><G26/><T74/><D74/><U14/><E14/><V109/><F109/><W88/><G124/><T91/><D118/><U127/><E127/><V19/><F12/><W107/><G107/><T101/><D104/><U51/><E60/><V56/><F56/><N who="3" m="37159" /><G39/><T54/><D2/><U70/><E70/><V113/><F113/><W49/><G71/><T4/><D4/><U62/><E62/><V27/><F27/><N who="1" m="10313" /><E32/><V50/><F50/><W98/><G40/><T58/><D0/><U129/><E129/><V86/><REACH who="2" step="1"/><F15/><REACH who="2" ten="448,245,82,215" step="2"/><W85/><G49/><T108/><D58/><U29/><AGARI ba="0,1" hai="7,10,13,28,29,31,51,52,59,102,103" m="10313" machi="29" ten="30,2000,0" yaku="8,1,54,1" doraHai="87" who="1" fromWho="1" sc="448,-5,245,30,82,-10,215,-5" /><INIT seed="3,0,0,4,1,93" ten="443,275,72,210" oya="3" hai0="57,41,95,64,39,117,94,89,2,126,50,133,21" hai1="10,66,85,131,26,121,82,24,17,42,119,65,130" hai2="49,79,111,53,68,102,55,90,104,114,5,31,27" hai3="12,115,62,33,9,107,1,34,110,74,46,4,47"/><W61/><G74/><T6/><D117/><U3/><E121/><V124/><F124/><W116/><G115/><T135/><D126/><U72/><E119/><V118/><F118/><W108/><G116/><T122/><D122/><U98/><E72/><V78/><F114/><W91/><G1/><T37/><D21/><U88/><E42/><V51/><F68/><W100/><G91/><T128/><D128/><N who="1" m="49195" /><E17/><V87/><F111/><N who="3" m="42539" /><G47/><T32/><D6/><N who="1" m="1375" /><E98/><V16/><F5/><W30/><G46/><T18/><D2/><U35/><E35/><N who="3" m="13322" /><G30/><T22/><D32/><U19/><E19/><V81/><F31/><W109/><N who="3" m="42547" /><W96/><AGARI ba="0,0" hai="4,9,12,61,62,96,100,107" m="13322,42547" machi="96" ten="50,12000,1" yaku="4,1,14,1,10,1,52,1" doraHai="93" who="3" fromWho="3" sc="443,-40,275,-40,72,-40,210,120" /><INIT seed="3,1,0,0,0,101" ten="403,235,32,330" oya="3" hai0="16,66,35,43,82,14,122,80,18,25,118,37,119" hai1="117,5,12,58,27,110,108,123,52,69,97,121,31" hai2="2,120,133,59,55,63,26,10,128,84,19,29,50" hai3="112,79,21,114,28,90,72,7,48,96,54,44,47"/><W33/><G33/><T83/><D122/><U77/><E69/><V106/><F120/><N who="1" m="46153" /><E77/><V126/><F126/><W42/><G7/><T62/><D43/><U64/><E64/><V15/><F133/><W11/><G11/><T4/><D37/><U8/><E97/><V17/><F128/><W49/><G28/><T109/><D4/><U46/><E46/><V89/><F106/><W22/><G112/><T68/><D109/><N who="1" m="42091" /><E58/><V56/><F2/><W135/><G135/><T13/><D35/><N who="1" m="20991" /><E52/><V34/><F19/><W81/><REACH who="3" step="1"/><G114/><REACH who="3" ten="403,235,32,320" step="2"/><T85/><D18/><U57/><E117/><V71/><F71/><W115/><G115/><T1/><D119/><U103/><E8/><V131/><F131/><W32/><G32/><T124/><D118/><U65/><E5/><V39/><F39/><W105/><G105/><T61/><D124/><U107/><E107/><V51/><REACH who="2" step="1"/><F59/><REACH who="2" ten="403,235,22,320" step="2"/><W132/><G132/><T134/><D134/><U104/><E57/><V0/><F0/><W36/><G36/><T116/><D1/><U130/><E130/><V86/><F86/><W125/><G125/><T88/><D116/><U74/><E104/><V76/><F76/><W94/><AGARI ba="1,2" hai="21,22,42,44,47,48,49,54,72,79,81,90,94,96" machi="94" ten="30,3000,0" yaku="1,1,0,1,53,0" doraHai="101" doraHaiUra="98" who="3" fromWho="3" sc="403,-11,235,-11,22,-11,320,53" /><INIT seed="3,2,0,5,2,26" ten="392,224,11,373" oya="3" hai0="61,86,103,71,60,56,72,111,108,12,91,70,41" hai1="129,35,3,6,121,135,110,132,19,81,127,131,58" hai2="9,82,67,128,78,96,42,7,116,25,46,88,57" hai3="119,44,15,109,124,77,66,52,43,133,55,5,45"/><W36/><G119/><T85/><D72/><U0/><E58/><V84/><F128/><N who="1" m="49225" /><E81/><V65/><F116/><W10/><G133/><N who="1" m="51274" /><E121/><V126/><F126/><W80/><G124/><T30/><D103/><U13/><E127/><V94/><F57/><W64/><G109/><T47/><D30/><U92/><E92/><V97/><F97/><W79/><G79/><T54/><D12/><U34/><E110/><N who="0" m="42025" /><D61/><U62/><E62/><V93/><F93/><W89/><G89/><T123/><D123/><U95/><E95/><V1/><REACH who="2" step="1"/><F25/><REACH who="2" ten="392,224,1,373" step="2"/><W53/><REACH who="3" step="1"/><G45/><REACH who="3" ten="392,224,1,363" step="2"/><T16/><D91/><U130/><E130/><V112/><F112/><W99/><G99/><T106/><D106/><U17/><E0/><V74/><F74/><AGARI ba="2,2" hai="5,10,15,36,43,44,52,53,55,64,66,74,77,80" machi="74" ten="40,3900,0" yaku="1,1,54,1,53,0" doraHai="26" doraHaiUra="24" who="3" fromWho="2" sc="392,0,224,0,1,-45,363,65" owari="392,19.0,224,-18.0,-44,-54.0,428,53.0" /></mjloggm>