<mjloggm ver="2.3"><GO type="225" lobby="0"/><UN n0="%E3%81%95%E3%81%8D%E3%81%9F%E3%81%BE%E6%9E%97%E6%AA%8E" n1="%E5%B7%A5%E8%97%A4%E6%96%B0%E4%B8%80" n2="%E9%BA%BB%E9%9B%80%E3%81%9F%E3%81%AE%E3%81%97" n3="%E8%A8%88%E7%AE%97%E6%A9%9F%E8%87%AA%E7%84%B6" dan="16,16,16,17" rate="2137.93,2109.59,2144.75,2262.04" sx="M,M,F,M"/><TAIKYOKU oya="0"/><INIT seed="0,0,0,1,5,8" ten="250,250,250,250" oya="0" hai0="81,47,119,89,78,23,51,44,52,11,28,6,98" hai1="74,111,0,29,14,21,132,108,17,20,83,36,115" hai2="102,133,13,43,93,22,90,129,134,2,92,107,68" hai3="118,100,97,94,131,85,49,87,62,117,35,41,5"/><T48/><D119/><U114/><E36/><V19/><F2/><W72/><G35/><T57/><D28/><U124/><E83/><V127/><F68/><W110/><G72/><T26/><D98/><U56/><E56/><V7/><F7/><W12/><G110/><N who="1" m="42026" /><E74/><V82/><F82/><W84/><G131/><T80/><D78/><U30/><E124/><V113/><F113/><N who="1" m="43017" /><E132/><N who="2" m="50795" /><F129/><W86/><G62/><T10/><D57/><U116/><E116/><V69/><F69/><W65/><G65/><T71/><D71/><U54/><E54/><V66/><F66/><W27/><G118/><T1/><D89/><U25/><E0/><V77/><F127/><W50/><G117/><T61/><D61/><U4/><E4/><V34/><F77/><W3/><G3/><T33/><D1/><U99/><E99/><V122/><F43/><W58/><G41/><N who="0" m="24591" /><D6/><U79/><E79/><V63/><F122/><W70/><G70/><T75/><D75/><U73/><E73/><V130/><F63/><W18/><G84/><T16/><D33/><U42/><E42/><V55/><F34/><W120/><G120/><T9/><AGARI ba="0,0" hai="9,10,11,16,23,26,47,51,52,80,81" m="24591" machi="9" ten="30,6000,0" yaku="8,1,54,2" doraHai="8" who="0" fromWho="0" sc="250,60,250,-20,250,-20,250,-20" /><INIT seed="0,1,0,4,1,15" ten="310,230,230,230" oya="0" hai0="133,52,57,32,54,27,96,13,55,88,46,26,29" hai1="86,110,82,63,81,108,70,99,16,17,93,73,135" hai2="111,105,61,125,35,2,72,8,18,60,66,129,31" hai3="78,74,58,119,6,20,5,122,75,123,112,79,40"/><T134/><D46/><U77/><E135/><N who="0" m="51721" /><D27/><U106/><E106/><V98/><F111/><N who="1" m="42537" /><E63/><V91/><F60/><W94/><G112/><T11/><D96/><U37/><E70/><V10/><F72/><N who="3" m="27691" /><G119/><T33/><D33/><U80/><E37/><V132/><F31/><W49/><G94/><T50/><D57/><U128/><E128/><V7/><F35/><W34/><G34/><T48/><D88/><N who="1" m="51271" /><E82/><V85/><F91/><AGARI ba="1,0" hai="16,17,73,77,81,91,93,99" m="51271,42537" machi="91" ten="30,8000,1" yaku="14,1,52,2,54,2" doraHai="15" who="1" fromWho="2" sc="310,0,230,83,230,-83,230,0" /><INIT seed="1,0,0,2,1,75" ten="310,313,147,230" oya="1" hai0="17,90,109,83,35,41,113,50,59,29,51,80,81" hai1="25,93,2,42,58,134,131,66,32,110,10,115,119" hai2="45,31,124,122,69,70,52,101,87,132,86,129,120" hai3="106,128,108,30,112,47,20,102,92,15,57,12,63"/><U118/><E115/><V74/><F74/><W95/><G112/><T71/><D113/><U82/><E131/><V21/><F124/><W44/><G106/><T5/><D5/><U64/><E134/><V16/><F129/><W85/><G108/><T68/><D109/><U116/><E110/><V11/><F132/><W26/><G128/><T127/><D127/><U4/><E42/><V125/><F125/><W54/><G95/><T48/><D41/><U38/><E38/><V56/><F101/><W77/><G102/><T79/><D59/><U13/><E2/><V105/><F105/><W100/><G100/><T84/><D17/><U91/><E82/><V99/><F99/><W67/><G92/><T60/><D60/><U117/><E58/><V7/><F31/><W49/><REACH who="3" step="1"/><G44/><REACH who="3" ten="310,313,147,220" step="2"/><T1/><D71/><U6/><E119/><V76/><F45/><W36/><G36/><T73/><D68/><U133/><E133/><V96/><F69/><W111/><G111/><T130/><D130/><U94/><E94/><V0/><F70/><W9/><G9/><T53/><D53/><U104/><E104/><V126/><F126/><W89/><G89/><T103/><D103/><U40/><E91/><V39/><F39/><W27/><G27/><T107/><D107/><U33/><E93/><V114/><F114/><W14/><G14/><T19/><D90/><U62/><E117/><V22/><F96/><W18/><G18/><T8/><D19/><U3/><E118/><V23/><F16/><W43/><G43/><T121/><D1/><U55/><E116/><V78/><F0/><RYUUKYOKU ba="0,1" sc="310,-10,313,-10,147,-10,220,30" hai3="12,15,20,26,30,47,49,54,57,63,67,77,85" /><INIT seed="2,1,1,2,5,29" ten="300,303,137,250" oya="2" hai0="12,13,127,42,129,73,43,114,70,45,131,32,17" hai1="88,16,75,111,98,8,10,0,46,18,49,52,34" hai2="39,55,30,106,19,113,59,95,53,1,104,122,38" hai3="57,83,124,121,56,81,89,37,91,50,120,102,64"/><V14/><F1/><W22/><G37/><T108/><D73/><U80/><E111/><V130/><F113/><W41/><G102/><T31/><D108/><U71/><E71/><V87/><F122/><W93/><G124/><T117/><D70/><U72/><E34/><V115/><F115/><W5/><G5/><T61/><D114/><U119/><E119/><V66/><F66/><W125/><G125/><T107/><D117/><U2/><E2/><V85/><F30/><W84/><G121/><T103/><D127/><U78/><E75/><V40/><F40/><W86/><G120/><T4/><D61/><U33/><E33/><V112/><F112/><W28/><G93/><T15/><D17/><U128/><E128/><N who="0" m="49225" /><D4/><U63/><E63/><V105/><F130/><W110/><G110/><T20/><D20/><U101/><E88/><V97/><F39/><W24/><G64/><T135/><D135/><U27/><E27/><V9/><F38/><W82/><G82/><T96/><D45/><AGARI ba="1,1" hai="22,24,28,41,45,50,56,57,81,83,84,86,89,91" machi="45" ten="40,2600,0" yaku="9,1,8,1" doraHai="29" who="3" fromWho="0" sc="300,-29,303,0,137,0,250,39" /><INIT seed="3,0,0,1,0,4" ten="271,303,137,289" oya="3" hai0="90,78,108,102,31,135,107,79,80,58,26,25,61" hai1="28,123,66,72,129,11,75,40,35,34,125,12,6" hai2="44,69,18,45,51,87,8,106,52,103,124,23,53" hai3="50,9,117,24,111,127,49,88,13,110,128,132,32"/><W57/><G117/><T95/><D108/><N who="3" m="41513" /><G127/><T93/><D135/><U33/><E125/><V76/><F124/><W5/><G132/><T133/><D133/><U104/><E123/><V39/><F69/><W38/><G128/><T92/><D107/><U91/><E129/><V42/><F106/><W48/><G38/><T115/><D115/><U89/><E104/><V20/><F103/><W29/><G88/><T85/><D102/><U22/><E66/><V99/><F99/><W119/><G119/><T36/><D36/><U41/><E22/><V14/><F53/><AGARI ba="0,0" hai="5,9,13,24,29,32,48,49,50,53,57" m="41513" machi="53" ten="30,5800,0" yaku="14,1,10,1,52,1" doraHai="4" who="3" fromWho="2" sc="271,0,303,0,137,-58,289,58" owari="271,-13.0,303,10.0,79,-42.0,347,45.0" /></mjloggm>