<mjloggm ver="2.3"><GO type="169" lobby="0"/><UN n0="%E3%81%A6%E3%82%93%E3%81%A6%E3%81%93%E7%8B%90" n1="%70%69%6E%63%65%72%73" n2="%E3%83%8F%E3%83%83%E3%83%88%E3%83%AA%E3%82%B9" n3="%E8%BC%9D%E5%A4%9C%E6%9C%88" dan="16,16,17,17" rate="2170.37,2157.29,2172.77,2229.38" sx="M,M,M,F"/><TAIKYOKU oya="0"/><INIT seed="0,0,0,0,5,82" ten="250,250,250,250" oya="0" hai0="41,117,83,69,28,116,4,110,120,114,135,74,97" hai1="99,25,64,130,121,70,37,112,103,50,124,62,27" hai2="107,72,65,129,43,101,84,90,33,98,111,104,45" hai3="71,68,106,67,46,127,30,19,1,89,91,49,78"/><T95/><D4/><U22/><E37/><V9/><F33/><W93/><G106/><T40/><D28/><U10/><E121/><V15/><F72/><W73/><G1/><T59/><D69/><U96/><E130/><V88/><F111/><W38/><G38/><T24/><D24/><U115/><E124/><V122/><F129/><W77/><G127/><T125/><D125/><U14/><E50/><V23/><F65/><W113/><G113/><N who="1" m="43594" /><E27/><V11/><F90/><W134/><G134/><T16/><D40/><U126/><E126/><V42/><F122/><W102/><G30/><T128/><D41/><U7/><E103/><V57/><F57/><W63/><G71/><T53/><D128/><U105/><E105/><V52/><F104/><W66/><G49/><T87/><D114/><U36/><E36/><V29/><F43/><W5/><G102/><T54/><D120/><U55/><E55/><V3/><F52/><N who="0" m="20074" /><D59/><U56/><E70/><V44/><F42/><W26/><G26/><T34/><D34/><U0/><E0/><V76/><F3/><W94/><G68/><T48/><D48/><U6/><E6/><V86/><F45/><W132/><G5/><T100/><D74/><U75/><E75/><V131/><F44/><W21/><G46/><T18/><D110/><U80/><E80/><N who="2" m="47111" /><F131/><W81/><G73/><T8/><D135/><U109/><E109/><V32/><F32/><W108/><G132/><T85/><D83/><U13/><E13/><V12/><F12/><W47/><G108/><T17/><D8/><U79/><E79/><V20/><F9/><RYUUKYOKU ba="0,0" sc="250,15,250,15,250,-15,250,-15" hai0="16,17,18,85,87,95,97,100,116,117" hai1="7,10,14,22,25,56,62,64,96,99" /><INIT seed="0,1,0,3,2,24" ten="265,265,235,235" oya="0" hai0="73,17,95,66,77,11,41,59,96,28,107,133,84" hai1="80,106,25,93,83,51,70,49,31,116,79,90,10" hai2="13,3,36,27,74,71,105,132,130,0,38,78,12" hai3="16,15,124,75,122,14,37,117,68,113,32,50,135"/><T112/><D112/><U8/><E106/><V58/><F71/><W121/><RYUUKYOKU type="yao9" ba="1,0" sc="265,0,265,0,235,0,235,0" hai3="14,15,16,32,37,50,68,75,113,117,121,122,124,135" /><INIT seed="0,2,0,2,1,6" ten="265,265,235,235" oya="0" hai0="17,127,23,53,10,91,94,121,72,96,66,26,134" hai1="100,128,59,61,126,77,49,86,78,130,88,25,116" hai2="75,111,13,89,84,33,54,122,7,22,55,112,131" hai3="4,28,0,9,24,38,83,30,50,34,129,69,48"/><T118/><D121/><U104/><E116/><V56/><F122/><W74/><G129/><N who="1" m="49770" /><E126/><V37/><F37/><W43/><G69/><T76/><D118/><U133/><E133/><V3/><F112/><W114/><G30/><T44/><D134/><U97/><E49/><V60/><F75/><W57/><G57/><T108/><D127/><U14/><E25/><V71/><F71/><W64/><G64/><T19/><D108/><U120/><E120/><V27/><F33/><W36/><G36/><T70/><D70/><U82/><E14/><V5/><F3/><W93/><G93/><T125/><D125/><U8/><E8/><N who="2" m="4239" /><F7/><W68/><G68/><T110/><D110/><U20/><E20/><V115/><F115/><W102/><G102/><T62/><D17/><U35/><E35/><V80/><F111/><W16/><G16/><T63/><D10/><U90/><E77/><V107/><F131/><W79/><REACH who="3" step="1"/><G114/><REACH who="3" ten="265,265,235,225" step="2"/><T132/><D132/><U119/><E119/><V95/><F95/><W31/><G31/><T18/><D18/><U123/><E123/><V51/><F56/><W92/><G92/><T12/><D26/><U29/><E29/><V47/><F27/><W135/><G135/><T65/><D65/><AGARI ba="2,1" hai="59,61,65,78,82,86,88,90,97,100,104" m="49770" machi="65" ten="30,2000,0" yaku="19,1,54,1" doraHai="6" who="1" fromWho="0" sc="265,-26,265,36,235,0,225,0" /><INIT seed="1,0,0,0,4,81" ten="239,301,235,225" oya="1" hai0="121,42,28,79,7,53,126,37,135,52,68,2,90" hai1="56,46,106,70,66,12,31,85,27,44,130,11,84" hai2="113,107,9,10,91,17,50,122,69,116,36,87,45" hai3="38,21,22,51,82,47,96,86,105,98,131,30,74"/><U24/><E70/><V134/><F116/><W26/><G38/><T33/><D68/><U109/><E106/><V103/><F122/><W77/><G131/><T120/><D135/><U112/><E112/><V128/><F128/><W35/><G74/><T73/><D126/><U118/><E118/><V110/><F110/><W133/><G133/><T25/><D90/><U59/><E130/><V62/><F36/><W64/><G64/><T92/><D92/><U16/><E109/><V83/><F113/><W75/><G75/><T5/><D79/><U88/><E84/><V104/><F134/><W63/><G63/><T94/><D94/><N who="1" m="54543" /><E56/><V114/><F103/><W61/><G105/><T123/><D73/><U97/><E97/><V39/><F39/><W13/><G35/><T115/><D115/><U117/><E117/><V71/><F71/><W102/><G102/><T93/><D93/><U8/><E8/><V32/><F10/><W80/><G80/><T129/><D129/><U60/><E31/><V58/><F69/><W23/><G98/><T20/><D33/><U40/><E40/><N who="2" m="24871" /><F32/><W34/><G96/><T95/><D95/><U65/><E65/><N who="2" m="39127" /><F114/><W54/><REACH who="3" step="1"/><G61/><REACH who="3" ten="239,301,235,215" step="2"/><T78/><D123/><U124/><E124/><V100/><F100/><W99/><G99/><T108/><D121/><U125/><E125/><V1/><F107/><W57/><G57/><T89/><D120/><U132/><E132/><V127/><F104/><W43/><G43/><T19/><D37/><U14/><E14/><AGARI ba="0,1" hai="13,14,21,22,23,26,30,34,47,51,54,77,82,86" machi="14" ten="40,2600,0" yaku="1,1,52,1,53,0" doraHai="81" doraHaiUra="111" who="3" fromWho="1" sc="239,0,301,-26,235,0,215,36" /><INIT seed="2,0,0,0,0,80" ten="239,275,235,251" oya="2" hai0="64,43,106,71,46,77,0,93,56,110,24,10,29" hai1="117,55,114,18,1,58,8,100,68,15,124,94,45" hai2="133,81,62,61,91,67,5,50,126,111,87,88,132" hai3="135,28,9,108,25,89,95,2,49,102,47,125,42"/><V6/><F126/><W118/><G125/><T73/><D110/><U101/><E68/><V97/><F111/><W63/><G108/><T116/><D106/><U119/><E124/><V72/><F72/><W121/><G135/><N who="2" m="51785" /><F50/><W69/><G118/><T85/><D116/><U90/><E114/><V92/><F61/><W26/><G121/><T59/><D73/><U14/><E1/><V7/><F7/><W74/><G102/><T65/><D0/><U13/><E45/><V52/><F52/><W86/><G74/><T70/><D10/><U75/><E75/><V109/><F109/><W31/><G63/><T32/><D56/><AGARI ba="0,0" hai="5,6,56,62,67,81,87,88,91,92,97" m="51785" machi="56" ten="30,5800,0" yaku="20,1,52,1,54,1" doraHai="80" who="2" fromWho="0" sc="239,-58,275,0,235,58,251,0" /><INIT seed="2,1,0,1,1,20" ten="181,275,293,251" oya="2" hai0="100,109,1,4,40,3,11,84,10,32,56,2,8" hai1="53,0,28,111,107,37,73,95,106,76,122,50,38" hai2="54,46,55,48,94,23,97,121,130,71,7,114,18" hai3="112,70,110,52,45,85,99,119,131,80,9,74,44"/><V102/><F114/><W132/><G119/><T29/><D40/><U63/><E0/><V82/><F71/><W39/><G112/><T127/><D100/><U47/><E111/><V15/><F130/><W123/><G123/><T14/><D56/><U31/><E122/><V68/><F68/><W101/><G74/><T65/><D84/><U75/><E38/><V83/><F121/><W77/><G39/><T105/><D65/><U13/><E37/><V36/><F36/><W116/><G116/><T120/><D105/><U126/><E106/><V88/><F7/><W92/><G70/><T41/><D41/><U22/><E107/><V24/><F54/><W34/><G110/><T19/><D120/><U67/><E126/><V118/><F118/><W103/><G103/><T129/><D109/><U17/><E95/><V62/><F62/><W57/><G131/><T59/><D59/><U69/><REACH who="1" step="1"/><E73/><REACH who="1" ten="181,265,293,251" step="2"/><V115/><F115/><W90/><G92/><T124/><D129/><U93/><E93/><N who="2" m="58671" /><F15/><W78/><G101/><T5/><REACH who="0" step="1"/><D1/><REACH who="0" ten="171,265,293,251" step="2"/><U117/><E117/><V134/><F134/><W25/><G132/><T98/><D98/><AGARI ba="1,2" hai="18,23,24,46,48,55,82,83,88,94,98" m="58671" machi="98" ten="30,5800,0" yaku="8,1,52,1,54,1" doraHai="20" who="2" fromWho="0" sc="171,-61,265,0,293,81,251,0" /><INIT seed="2,2,0,1,4,40" ten="110,265,374,251" oya="2" hai0="37,24,20,97,103,82,126,29,104,121,131,120,89" hai1="102,78,52,106,59,98,64,14,92,73,9,61,6" hai2="60,70,4,26,63,124,55,80,113,85,116,44,77" hai3="125,35,23,49,41,74,122,21,18,99,110,28,112"/><V93/><F113/><W69/><G112/><T133/><D133/><U132/><E132/><V66/><F116/><W0/><G122/><T45/><D131/><U83/><REACH who="1" step="1"/><E64/><REACH who="1" ten="110,255,374,251" step="2"/><V117/><F117/><W134/><G134/><T119/><D119/><U62/><E62/><V107/><F60/><W54/><G110/><T111/><D111/><U30/><E30/><V16/><F63/><W48/><G28/><T65/><D65/><U11/><E11/><V96/><F66/><W8/><G8/><T17/><D126/><U90/><E90/><V115/><F124/><W33/><G125/><T51/><D29/><U27/><E27/><V84/><F26/><W86/><G35/><T94/><D37/><U1/><E1/><V2/><F2/><W135/><G0/><T71/><D71/><U118/><E118/><V43/><F70/><W36/><G36/><T56/><D56/><U32/><E32/><V46/><F115/><W53/><G33/><T95/><D121/><U42/><E42/><V22/><F43/><W114/><G41/><T109/><D120/><U100/><E100/><V58/><F58/><W5/><G69/><T130/><D109/><U19/><E19/><V67/><F67/><W79/><G18/><T7/><D130/><U39/><E39/><V57/><F16/><W101/><G101/><T127/><D127/><U123/><E123/><V47/><F57/><W68/><G68/><T72/><D7/><U31/><E31/><V81/><F4/><W34/><G5/><T25/><D24/><U91/><E91/><V105/><F46/><N who="3" m="27799" /><G135/><T88/><D17/><RYUUKYOKU ba="2,1" sc="110,-10,255,30,374,-10,251,-10" hai1="6,9,14,52,59,61,73,78,83,92,98,102,106" /><INIT seed="3,3,1,0,4,79" ten="100,285,364,241" oya="3" hai0="12,58,105,103,63,26,60,5,69,95,114,108,46" hai1="8,9,4,21,52,72,107,23,134,36,39,45,120" hai2="87,125,44,66,94,81,123,133,31,59,38,119,76" hai3="132,0,106,33,85,131,64,10,128,50,47,104,110"/><W20/><G33/><T51/><D108/><U22/><E120/><V102/><F119/><W111/><G132/><T55/><D114/><U75/><E107/><N who="3" m="41002" /><G64/><T101/><D105/><U112/><E112/><V78/><F38/><W86/><G20/><T80/><D69/><U91/><E134/><V16/><F44/><W15/><G0/><T24/><D63/><U68/><E68/><V130/><F31/><W99/><G99/><T100/><D95/><U29/><E29/><V30/><F66/><W126/><G126/><T61/><D61/><U34/><E34/><V135/><F30/><W90/><G15/><T122/><D122/><U40/><E36/><V67/><F67/><W92/><G10/><N who="0" m="4175" /><D80/><U83/><E8/><V37/><F123/><W25/><G25/><T97/><D97/><U109/><E109/><N who="3" m="41482" /><G86/><T124/><D124/><U84/><REACH who="1" step="1"/><E52/><AGARI ba="3,1" hai="47,50,52,85,90,92,128,131" m="41482,41002" machi="52" ten="30,5800,0" yaku="14,1,10,1,54,1" doraHai="79" who="3" fromWho="1" sc="100,0,285,-67,364,0,241,77" /><AGARI ba="3,0" hai="24,26,46,51,52,55,58,60,100,101,103" m="4175" machi="52" ten="30,2000,0" yaku="8,1,54,1" doraHai="79" who="0" fromWho="1" sc="100,20,218,-20,364,0,318,0" /><INIT seed="3,4,0,3,1,70" ten="120,198,364,318" oya="3" hai0="58,45,56,95,39,7,22,68,50,35,131,36,123" hai1="32,52,2,113,74,87,0,117,17,99,69,75,5" hai2="72,100,4,38,46,40,105,91,48,18,102,27,77" hai3="93,90,25,24,13,54,37,78,130,82,26,94,51"/><W6/><G130/><T20/><D35/><U11/><E113/><V88/><F48/><W31/><G37/><N who="0" m="14411" /><D7/><U116/><E69/><V122/><F18/><W8/><G78/><T121/><D95/><U61/><E32/><V10/><F27/><W85/><G31/><T132/><D20/><U63/><E0/><N who="2" m="263" /><F122/><N who="0" m="46602" /><D22/><U60/><E99/><N who="2" m="61599" /><F102/><W109/><G109/><T29/><D29/><U49/><E87/><V64/><F64/><W1/><G1/><T9/><D9/><U107/><E107/><V53/><F53/><W83/><G83/><AGARI ba="4,0" hai="38,40,46,72,77,83,88,91" m="61599,263" machi="83" ten="30,3900,0" yaku="25,1,52,1,54,1" doraHai="70" who="2" fromWho="3" sc="120,0,198,0,364,51,318,-51" /><INIT seed="4,0,0,5,2,10" ten="120,198,415,267" oya="0" hai0="105,15,2,67,113,8,1,93,91,111,64,90,78" hai1="124,33,39,5,122,134,9,34,66,127,28,68,81" hai2="119,92,18,94,88,126,133,30,132,52,135,51,61" hai3="82,71,117,106,4,77,21,87,54,108,116,6,13"/><T56/><D105/><U131/><E39/><V114/><F114/><W40/><G108/><T22/><D113/><U57/><E122/><V14/><F126/><N who="1" m="48169" /><E68/><V95/><F61/><W115/><G71/><T3/><D111/><U129/><E81/><V27/><F27/><W46/><G106/><T120/><D120/><U47/><E47/><N who="2" m="27775" /><F30/><W23/><G115/><T99/><D78/><U103/><E103/><V63/><F63/><W59/><G117/><T16/><D56/><U123/><E57/><V97/><F119/><W35/><G35/><N who="1" m="13322" /><E66/><V53/><F53/><W62/><G116/><T26/><REACH who="0" step="1"/><D91/><REACH who="0" ten="110,198,415,267" step="2"/><U79/><E123/><V73/><F73/><W58/><G59/><T98/><D98/><U107/><E79/><V84/><F97/><W37/><G77/><T0/><N who="0" m="0" /><DORA hai="12" /><T7/><AGARI ba="0,1" hai="7,8,15,16,22,26,64,67,90,93,99" m="0" machi="7" ten="60,18000,2" yaku="1,1,4,1,0,1,52,2,54,1,53,0" doraHai="10,12" doraHaiUra="48,130" who="0" fromWho="0" sc="110,190,198,-60,415,-60,267,-60" /><INIT seed="4,1,0,1,4,92" ten="300,138,355,207" oya="0" hai0="133,73,125,104,91,38,122,25,2,109,117,44,126" hai1="3,88,4,129,127,106,75,40,89,130,62,48,27" hai2="14,101,9,118,32,111,21,47,15,80,82,23,39" hai3="64,60,17,116,114,124,1,16,41,102,59,113,56"/><T132/><RYUUKYOKU type="yao9" ba="1,0" sc="300,0,138,0,355,0,207,0" hai0="2,25,38,44,73,91,104,109,117,122,125,126,132,133" /><INIT seed="4,2,0,5,2,17" ten="300,138,355,207" oya="0" hai0="27,108,69,88,102,84,18,71,45,92,68,135,52" hai1="40,24,79,11,105,76,110,66,46,81,94,38,53" hai2="87,19,113,119,56,28,58,55,86,61,0,36,31" hai3="44,25,63,121,100,123,126,41,7,22,26,106,77"/><T54/><D135/><U4/><E105/><V60/><F36/><W15/><G126/><T101/><D108/><U89/><E110/><V34/><F0/><W21/><G77/><T112/><D112/><U9/><E66/><V74/><F74/><W23/><G63/><T64/><D64/><U16/><E76/><V50/><F113/><W131/><G131/><T51/><REACH who="0" step="1"/><D54/><REACH who="0" ten="290,138,355,207" step="2"/><U65/><E65/><V30/><F55/><W124/><G124/><T72/><D72/><U125/><E53/><V115/><F115/><W129/><G129/><T67/><D67/><U42/><E125/><V109/><F109/><W117/><G117/><T43/><D43/><U57/><E40/><V98/><F119/><W111/><G111/><T49/><D49/><U37/><E37/><V103/><F50/><W83/><G41/><T35/><D35/><U8/><E57/><V14/><F34/><W122/><G44/><T59/><D59/><U93/><E4/><V12/><F58/><W95/><G7/><T62/><D62/><U10/><N who="1" m="2048" /><DORA hai="134" /><U133/><E133/><V33/><F60/><W78/><G122/><T3/><D3/><U29/><E46/><V96/><F33/><W99/><G123/><T120/><D120/><U73/><E42/><V132/><F61/><W90/><G121/><T130/><D130/><U47/><E47/><V48/><F48/><W107/><G15/><T97/><D97/><N who="1" m="57519" /><E38/><V128/><F128/><W75/><REACH who="3" step="1"/><G107/><REACH who="3" ten="290,138,355,197" step="2"/><T6/><D6/><U118/><E118/><V104/><F104/><W2/><G2/><T1/><D1/><U39/><E39/><RYUUKYOKU ba="2,2" sc="290,15,138,-15,355,-15,197,15" hai0="18,27,45,51,52,68,69,71,84,88,92,101,102" hai3="21,22,23,25,26,75,78,83,90,95,99,100,106" /><INIT seed="4,3,2,4,0,94" ten="305,123,340,212" oya="0" hai0="86,37,132,74,103,19,54,117,24,135,123,110,97" hai1="85,31,40,39,102,91,2,17,78,129,53,87,134" hai2="67,68,26,69,125,52,25,127,133,45,118,63,119" hai3="33,48,8,131,49,82,71,14,1,126,58,61,36"/><T70/><D74/><U66/><E129/><V101/><F133/><W21/><G33/><T51/><D37/><U122/><E122/><V60/><F101/><W10/><G36/><T108/><D70/><U4/><E134/><N who="0" m="51241" /><D123/><U124/><E66/><N who="2" m="41031" /><F25/><W9/><G71/><T73/><D73/><U18/><E124/><N who="2" m="47691" /><F26/><W100/><G126/><T80/><D117/><U57/><E102/><V27/><F27/><W20/><G131/><T72/><D72/><U56/><E31/><V29/><F29/><W3/><G100/><T95/><D19/><U6/><E78/><V111/><F111/><W35/><G35/><T11/><D11/><U75/><E75/><V79/><F79/><W30/><G30/><T64/><D64/><U15/><E39/><V121/><F121/><W65/><G1/><T105/><D24/><U32/><E32/><V62/><F62/><W43/><G3/><T81/><D105/><U99/><E2/><V23/><F23/><W93/><G21/><T106/><D106/><U107/><E107/><V46/><F52/><W16/><G20/><T84/><D54/><U89/><E53/><V116/><AGARI ba="3,2" hai="45,46,63,67,69,116,118,119" m="47691,41031" machi="116" ten="40,8000,1" yaku="12,1,18,1,34,2" doraHai="94" who="2" fromWho="2" sc="305,-43,123,-23,340,109,212,-23" /><INIT seed="5,0,0,5,3,6" ten="262,100,449,189" oya="1" hai0="36,20,4,32,104,21,34,91,53,129,1,73,80" hai1="3,37,119,81,51,28,58,47,18,105,85,101,106" hai2="86,41,118,13,92,83,95,27,99,109,93,57,22" hai3="98,122,16,110,111,121,38,72,123,55,76,8,40"/><U113/><E113/><V45/><F109/><W128/><G55/><T108/><D108/><U44/><E119/><V120/><F120/><W69/><G69/><T66/><D104/><U79/><E28/><V52/><F118/><W97/><G40/><T126/><D36/><U127/><E127/><V71/><F13/><W70/><G70/><T50/><D129/><U9/><E37/><V26/><F71/><W87/><G38/><T46/><D126/><U102/><E106/><V130/><F130/><W125/><G128/><T133/><D133/><U60/><E105/><V33/><F33/><W115/><G125/><T14/><D66/><N who="1" m="39191" /><E3/><V17/><F27/><W89/><G115/><T74/><D1/><U94/><E94/><V23/><F23/><W65/><G65/><T10/><D34/><U116/><E116/><V31/><F31/><W54/><G111/><T78/><D73/><U25/><E25/><V96/><F45/><N who="1" m="17481" /><E51/><N who="2" m="30879" /><F41/><W107/><G110/><T103/><D32/><U2/><E2/><V90/><AGARI ba="0,0" hai="17,22,26,83,86,90,92,93,95,96,99" m="30879" machi="90" ten="30,2000,0" yaku="8,1,54,1" doraHai="6" who="2" fromWho="2" sc="262,-5,100,-10,449,20,189,-5" /><INIT seed="6,0,0,2,3,125" ten="257,90,469,184" oya="2" hai0="61,123,17,82,46,106,124,76,54,11,122,16,53" hai1="78,15,37,39,57,80,77,68,134,64,0,97,111" hai2="129,24,50,133,79,5,7,107,119,12,89,72,47" hai3="116,131,92,84,45,99,10,27,71,55,95,135,114"/><V14/><F119/><W112/><G71/><T109/><D109/><U66/><E0/><V121/><F107/><W43/><G116/><T117/><D117/><U115/><E111/><V87/><F121/><W62/><G135/><T9/><D106/><U51/><E115/><N who="3" m="44074" /><G10/><T6/><D124/><U48/><E134/><V2/><F79/><W52/><G131/><T108/><D108/><U126/><E126/><V67/><F129/><W90/><G27/><T105/><D105/><U104/><E68/><V88/><F24/><W56/><G55/><T75/><D123/><U34/><E34/><V26/><F26/><W101/><G45/><T63/><D122/><U58/><E104/><V103/><F47/><W91/><G91/><T40/><D54/><U36/><E15/><V1/><F88/><N who="3" m="53255" /><G101/><T22/><D9/><U73/><E97/><V93/><F103/><W59/><G59/><N who="1" m="22538" /><E78/><V35/><F89/><W18/><G18/><T94/><D53/><U41/><E41/><AGARI ba="0,0" hai="41,43,52,56,62,90,95,99" m="53255,44074" machi="41" ten="30,7700,0" yaku="15,1,11,1,54,2" doraHai="125" who="3" fromWho="1" sc="257,0,90,-77,469,0,184,77" /><INIT seed="7,0,0,3,3,74" ten="257,13,469,261" oya="3" hai0="20,43,93,64,86,129,76,3,0,90,46,49,17" hai1="30,112,127,41,25,114,82,54,53,121,5,23,51" hai2="36,117,110,31,113,37,77,55,89,15,102,22,73" hai3="18,91,118,107,88,32,10,45,120,50,38,95,52"/><W1/><G120/><T68/><D129/><U105/><E121/><V71/><F117/><W116/><G107/><T133/><D133/><U84/><E105/><V33/><F71/><W8/><G32/><T132/><D132/><U94/><E127/><V27/><F110/><W56/><G1/><T87/><D68/><U63/><E114/><V26/><F102/><W101/><G118/><T108/><D108/><U61/><E112/><V79/><F15/><N who="3" m="7527" /><G38/><T59/><D64/><U29/><E5/><V69/><F69/><W131/><G131/><T125/><D125/><U24/><E94/><V28/><F113/><W99/><G116/><T35/><D35/><U58/><E41/><V81/><F77/><W124/><G124/><T123/><D59/><U115/><E115/><V135/><F135/><W70/><G70/><T104/><D104/><U97/><E97/><V65/><F65/><W96/><G96/><T119/><D123/><U67/><E67/><V100/><F100/><W48/><G10/><T47/><D47/><U106/><E106/><V40/><F40/><AGARI ba="0,0" hai="40,45,48,50,52,56,88,91,95,99,101" m="7527" machi="40" ten="30,5800,0" yaku="8,1,54,2" doraHai="74" who="3" fromWho="2" sc="257,0,13,0,469,-58,261,58" /><INIT seed="7,1,0,1,1,96" ten="257,13,411,319" oya="3" hai0="7,2,114,57,134,69,31,11,71,14,98,59,66" hai1="79,102,33,110,36,80,104,16,108,19,84,17,126" hai2="50,26,124,56,95,76,70,64,63,68,42,117,65" hai3="111,87,47,54,10,23,78,29,77,121,43,32,109"/><W21/><G121/><T5/><D134/><U45/><E33/><V34/><F117/><W105/><G105/><T20/><D114/><U12/><E36/><V53/><F124/><W37/><G32/><T83/><D83/><U38/><E38/><V133/><F133/><W112/><G112/><T93/><D5/><U24/><E126/><V91/><F76/><W8/><G54/><T0/><D0/><U28/><E108/><N who="3" m="41546" /><G77/><T81/><D81/><U120/><E120/><V99/><F42/><W46/><G46/><T94/><D94/><U55/><E110/><V106/><F106/><W22/><G29/><T44/><D44/><U9/><E104/><V130/><F130/><W58/><G58/><T88/><D14/><U119/><E119/><V100/><F65/><W129/><G129/><T86/><D86/><U113/><E113/><V51/><F51/><W72/><G72/><T123/><D123/><U39/><E39/><V13/><F68/><W115/><G115/><T131/><D131/><U125/><E125/><V97/><F34/><W101/><G101/><T35/><D35/><U122/><E122/><V27/><F100/><W25/><G25/><T90/><D90/><U73/><E73/><V107/><F107/><W89/><G78/><T41/><D41/><U52/><E102/><V60/><F50/><W82/><AGARI ba="1,0" hai="8,10,21,22,23,37,43,47,82,87,89" m="41546" machi="82" ten="30,1500,0" yaku="10,1" doraHai="96" who="3" fromWho="3" sc="257,-6,13,-6,411,-6,319,18" /><INIT seed="7,2,0,3,1,46" ten="251,7,405,337" oya="3" hai0="72,8,16,51,81,10,110,36,4,135,52,109,83" hai1="103,31,69,113,129,77,71,0,80,14,98,104,28" hai2="75,42,1,22,90,57,85,7,97,88,125,95,121" hai3="12,91,73,64,44,58,131,120,21,37,18,23,32"/><W134/><G120/><T82/><D135/><U132/><E0/><V122/><F75/><W9/><G32/><T66/><D36/><U94/><E132/><V45/><F125/><W19/><G73/><T84/><D72/><U3/><E3/><V50/><F22/><W29/><G131/><T56/><D66/><U102/><E113/><V59/><F1/><W27/><G134/><T106/><D106/><U86/><E69/><V119/><F119/><W107/><G107/><T70/><D70/><U24/><E71/><V126/><F126/><W74/><G74/><T55/><D4/><U78/><E129/><V62/><F7/><W13/><G37/><T43/><D43/><U2/><E2/><V76/><F76/><W123/><G123/><N who="2" m="47113" /><F62/><W48/><G91/><T30/><D30/><U38/><E38/><V118/><F118/><W117/><G117/><T60/><D84/><U87/><E14/><V40/><F40/><W49/><G44/><T47/><REACH who="0" step="1"/><D8/><REACH who="0" ten="241,7,405,337" step="2"/><U41/><E41/><V65/><F65/><W112/><G112/><T63/><D63/><AGARI ba="2,1" hai="9,12,13,18,19,21,23,27,29,48,49,58,63,64" machi="63" ten="40,7700,0" yaku="8,1,52,2" doraHai="46" who="3" fromWho="0" sc="241,-83,7,0,405,0,337,93" owari="158,-24.0,7,-49.0,405,21.0,430,52.0" /></mjloggm>