<mjloggm ver="2.3"><GO type="169" lobby="0"/><UN n0="%73%69%6E%34%36" n1="%E8%8D%92%E5%B7%9D%E5%95%93%E5%90%BE" n2="%77%72%77%72%77%72%77%72" n3="%EF%BC%A0%E3%81%86%E3%81%95%E3%81%BF%E3%82%93" dan="16,18,17,16" rate="2156.61,2292.28,2173.50,2139.35" sx="M,M,M,M"/><TAIKYOKU oya="0"/><INIT seed="0,0,0,2,0,132" ten="250,250,250,250" oya="0" hai0="100,128,61,31,131,58,101,120,112,117,47,94,26" hai1="118,27,48,104,32,111,129,38,91,115,1,23,36" hai2="72,81,134,87,46,109,79,99,10,107,52,89,124" hai3="103,18,113,85,76,33,53,98,51,3,42,56,14"/><T43/><D117/><U54/><E118/><V39/><F109/><W126/><G3/><T83/><D120/><U70/><E70/><V5/><F134/><W34/><G42/><T28/><D83/><U44/><E1/><V13/><F39/><W66/><G66/><N who="0" m="39223" /><D112/><U16/><E111/><V40/><F40/><W41/><G41/><T37/><D28/><U75/><E129/><N who="0" m="49737" /><D94/><U21/><E32/><AGARI ba="0,0" hai="26,31,32,37,43,47,100,101" m="49737,39223" machi="32" ten="30,1500,0" yaku="19,1" doraHai="132" who="0" fromWho="1" sc="250,15,250,-15,250,0,250,0" /><INIT seed="0,1,0,4,2,131" ten="265,235,250,250" oya="0" hai0="57,58,81,5,7,111,113,80,2,112,60,123,11" hai1="65,46,61,15,116,13,87,19,97,122,27,88,86" hai2="100,79,38,59,24,21,17,121,54,106,52,39,68" hai3="18,20,118,132,51,107,133,125,34,69,40,89,109"/><T110/><D123/><U16/><E116/><V50/><F121/><W1/><G34/><T105/><D105/><U76/><E122/><V33/><F79/><W55/><G40/><T66/><D7/><U53/><E27/><V26/><F68/><W4/><G69/><T35/><D35/><U130/><E130/><V6/><F6/><W96/><G118/><T135/><D135/><N who="3" m="51785" /><G125/><T90/><D57/><U74/><E74/><V126/><F100/><N who="3" m="62855" /><G109/><N who="0" m="41483" /><D90/><U63/><E76/><V37/><F106/><W103/><G103/><T62/><D60/><U95/><E53/><V44/><F126/><W0/><G89/><T25/><D25/><U85/><E46/><V94/><F94/><W41/><G4/><T83/><AGARI ba="1,0" hai="2,5,11,58,62,66,80,81,83,112,113" m="41483" machi="83" ten="30,3000,0" yaku="14,1,10,1" doraHai="131" who="0" fromWho="0" sc="265,33,235,-11,250,-11,250,-11" /><INIT seed="0,2,0,3,5,132" ten="298,224,239,239" oya="0" hai0="85,135,123,82,35,77,45,100,129,75,50,7,122" hai1="61,124,29,115,89,20,66,73,117,131,72,134,18" hai2="121,59,25,62,6,69,36,104,116,114,127,111,112" hai3="74,81,58,16,0,126,37,15,54,106,26,19,40"/><T67/><D35/><U34/><E117/><V71/><F6/><W24/><G0/><T88/><D135/><U76/><E134/><V133/><F25/><W70/><G70/><N who="2" m="26633" /><F104/><W128/><G106/><T13/><D67/><U102/><E131/><V78/><F78/><W41/><G128/><T84/><D100/><U119/><E119/><V107/><F107/><W95/><G37/><T42/><D129/><U46/><E115/><N who="2" m="44075" /><F133/><W10/><G74/><T43/><D42/><U8/><E8/><V98/><F98/><W109/><G81/><N who="0" m="49167" /><D75/><U28/><E102/><V31/><F31/><W33/><G33/><T44/><D45/><U63/><E28/><V39/><F116/><W103/><G103/><T94/><D94/><U65/><E29/><V125/><F111/><W38/><G109/><T99/><D99/><U87/><E34/><V64/><F121/><W5/><G95/><T60/><D60/><U30/><E61/><V51/><F51/><W12/><G38/><AGARI ba="2,0" hai="36,38,39,59,62,64,125,127" m="44075,26633" machi="38" ten="40,8000,1" yaku="34,2,52,2" doraHai="132" who="2" fromWho="3" sc="298,0,224,0,239,86,239,-86" /><INIT seed="1,0,0,4,3,95" ten="298,224,325,153" oya="1" hai0="110,93,73,31,29,113,99,24,126,21,83,34,78" hai1="0,116,98,104,82,54,65,10,72,69,7,59,37" hai2="38,68,107,115,9,114,79,122,11,74,46,1,5" hai3="39,70,63,50,28,90,44,16,80,42,35,87,41"/><U52/><E116/><V3/><F122/><W117/><G117/><T85/><D110/><U101/><E37/><V91/><F91/><W67/><G28/><T18/><D113/><N who="2" m="43018" /><F68/><W49/><G35/><T100/><D126/><U22/><E69/><V17/><F107/><W75/><G75/><T20/><D34/><U88/><E22/><V40/><F17/><W6/><G6/><T131/><D131/><U30/><E30/><V86/><F86/><W108/><G108/><T15/><D73/><U106/><E106/><V56/><F56/><W76/><G76/><T12/><REACH who="0" step="1"/><D29/><REACH who="0" ten="288,224,325,153" step="2"/><U125/><E125/><V13/><F11/><W123/><G123/><T51/><D51/><U121/><E121/><V84/><F74/><W111/><G111/><T45/><D45/><U127/><E127/><V77/><F46/><W103/><G42/><T53/><D53/><U60/><REACH who="1" step="1"/><E88/><REACH who="1" ten="288,214,325,153" step="2"/><V112/><F38/><W27/><G39/><T19/><D19/><U14/><E14/><AGARI ba="0,2" hai="12,14,15,18,20,21,24,31,78,83,85,93,99,100" machi="14" ten="30,12000,2" yaku="1,1,7,1,8,1,52,1,53,3" doraHai="95" doraHaiUra="8" who="0" fromWho="1" sc="288,140,214,-120,325,0,153,0" /><INIT seed="2,0,0,4,2,21" ten="428,94,325,153" oya="2" hai0="35,123,44,125,6,58,72,79,70,77,116,54,83" hai1="23,94,1,102,40,41,24,82,91,117,109,10,81" hai2="71,74,127,28,31,11,113,67,121,62,80,135,26" hai3="131,9,0,120,18,37,13,130,38,86,14,8,98"/><V105/><F121/><W20/><G98/><T46/><D70/><U69/><E69/><V39/><F113/><W25/><G86/><T15/><D123/><U112/><E112/><V115/><F115/><W36/><G120/><T129/><D35/><U50/><E102/><V75/><F135/><W52/><G0/><T101/><D101/><U55/><E109/><V48/><F127/><W47/><G13/><T78/><D72/><U19/><E117/><V97/><F31/><W118/><G118/><T122/><D122/><U3/><E3/><V124/><F39/><W88/><G88/><T17/><D6/><U111/><E111/><V134/><F134/><W76/><G76/><T29/><D29/><U45/><E1/><V30/><F30/><W53/><G8/><T64/><D64/><U42/><REACH who="1" step="1"/><E10/><REACH who="1" ten="428,84,325,153" step="2"/><V89/><F11/><W12/><G12/><T33/><D15/><U57/><E57/><V126/><F71/><W99/><G47/><T90/><D46/><U104/><E104/><V66/><F105/><W2/><G2/><T114/><D44/><U5/><E5/><V96/><F124/><W93/><G9/><T61/><D125/><U22/><E22/><V119/><F126/><W128/><G14/><T51/><D114/><U59/><E59/><V32/><F119/><W110/><G110/><T132/><D58/><U73/><E73/><V68/><F75/><W49/><G49/><T92/><D51/><U65/><E65/><V100/><F74/><W84/><G131/><T60/><D116/><U95/><E95/><V108/><F48/><W7/><G7/><RYUUKYOKU ba="0,1" sc="428,-10,84,30,325,-10,153,-10" hai1="19,23,24,40,41,42,45,50,55,81,82,91,94" /><INIT seed="3,1,1,0,3,47" ten="418,114,315,143" oya="3" hai0="2,65,98,7,58,34,54,20,129,38,127,69,61" hai1="114,28,48,71,23,63,44,4,111,72,27,14,85" hai2="124,82,25,55,79,16,134,37,131,99,67,75,70" hai3="30,110,89,73,130,109,88,29,135,43,1,11,18"/><W94/><G73/><T81/><D34/><U125/><E72/><V103/><F131/><W50/><G130/><T83/><D38/><U64/><E114/><V9/><F134/><W66/><G66/><T87/><D2/><U121/><E121/><V119/><F124/><W84/><G89/><T8/><D20/><U68/><E111/><N who="3" m="42506" /><G135/><T108/><D108/><U118/><E118/><V42/><F67/><W96/><G84/><T13/><D127/><U95/><E125/><V46/><F70/><W74/><G74/><T100/><D87/><U19/><E4/><V78/><F78/><W0/><G18/><T107/><REACH who="0" step="1"/><D129/><REACH who="0" ten="408,114,315,143" step="2"/><U10/><E85/><V117/><F75/><W106/><G106/><T33/><D33/><U32/><E32/><V62/><F117/><W35/><G35/><T6/><D6/><U52/><REACH who="1" step="1"/><E95/><REACH who="1" ten="408,104,315,143" step="2"/><V49/><F119/><W36/><G0/><T15/><D15/><U102/><E102/><V92/><F103/><W41/><G1/><T128/><D128/><U53/><E53/><V97/><F55/><W40/><G36/><T60/><AGARI ba="1,3" hai="7,8,13,54,58,60,61,65,69,81,83,98,100,107" machi="60" ten="20,2700,0" yaku="1,1,0,1,7,1,53,0" doraHai="47" doraHaiUra="115" who="0" fromWho="0" sc="408,60,104,-8,315,-8,143,-14" /><INIT seed="4,0,0,0,1,30" ten="468,96,307,129" oya="0" hai0="85,133,61,65,131,107,120,70,132,75,69,74,50" hai1="21,10,118,37,62,22,112,0,79,97,64,14,42" hai2="18,87,16,47,104,103,110,1,90,56,52,27,121" hai3="91,78,45,63,92,108,39,43,135,4,123,7,31"/><T86/><D107/><U36/><E0/><V40/><F110/><W128/><G108/><T72/><D120/><U28/><E118/><V71/><F71/><W41/><G123/><T96/><D96/><U83/><E112/><V60/><F1/><W106/><G106/><T67/><D50/><U46/><E36/><V68/><F68/><N who="0" m="26218" /><D61/><U115/><E28/><V6/><F6/><W89/><G78/><T2/><D2/><U25/><E25/><V23/><F121/><W35/><G63/><T113/><D113/><U77/><E115/><V53/><F103/><W34/><G31/><T130/><D85/><U101/><E77/><V26/><F104/><W95/><G39/><T58/><D86/><U33/><E33/><V9/><F9/><W54/><G54/><T88/><D88/><U48/><E37/><V24/><F18/><W55/><G55/><T127/><D58/><U81/><E81/><N who="2" m="49519" /><F40/><W84/><G84/><T99/><D99/><U51/><E51/><AGARI ba="0,0" hai="16,23,24,26,27,47,51,52,53,56,60" m="49519" machi="51" ten="30,3900,0" yaku="8,1,54,2" doraHai="30" who="2" fromWho="1" sc="468,0,96,-39,307,39,129,0" /><INIT seed="5,0,0,5,5,100" ten="468,57,346,129" oya="1" hai0="1,45,96,84,101,10,15,72,104,11,105,135,40" hai1="110,95,130,88,66,55,70,56,93,112,76,64,19" hai2="122,111,22,41,28,58,131,127,34,8,99,36,119" hai3="106,78,128,49,124,68,59,14,69,3,0,117,33"/><U37/><E37/><V46/><F111/><W114/><G33/><T30/><D72/><U16/><E110/><V62/><F119/><W23/><G78/><T92/><D30/><U108/><E108/><V24/><F131/><W51/><G128/><T102/><D135/><U57/><E130/><V60/><F127/><W87/><G87/><T121/><D121/><U48/><E70/><V53/><F122/><W17/><G124/><T13/><D1/><U123/><E123/><V107/><F8/><W6/><G117/><T94/><D84/><U132/><E76/><V20/><F62/><W85/><G106/><T126/><D45/><U80/><E132/><V39/><F39/><W134/><G134/><T25/><D25/><U32/><E32/><V54/><F54/><W71/><G114/><T97/><D40/><U27/><E112/><V7/><F7/><W21/><G21/><T98/><D97/><U61/><E66/><V42/><F42/><W63/><G85/><T67/><D67/><U82/><E95/><V52/><F53/><W12/><G12/><T83/><D83/><N who="1" m="31787" /><E27/><V9/><F9/><W74/><G74/><T4/><D4/><U79/><E79/><V86/><F86/><AGARI ba="0,0" hai="16,19,48,55,56,57,61,64,86,88,93" m="31787" machi="86" ten="30,5800,0" yaku="8,1,54,2" doraHai="100" who="1" fromWho="2" sc="468,0,57,58,346,-58,129,0" /><INIT seed="5,1,0,4,4,64" ten="468,115,288,129" oya="1" hai0="117,135,30,14,18,88,76,32,104,114,101,97,90" hai1="102,120,29,133,27,124,7,38,81,95,36,53,24" hai2="129,121,108,85,118,122,80,63,94,127,51,57,41" hai3="45,93,66,26,125,67,107,78,131,79,77,40,96"/><U91/><E120/><V65/><F108/><W98/><G131/><T4/><D117/><U47/><E124/><V58/><F127/><W73/><G73/><T19/><D76/><U86/><E133/><V130/><F118/><W49/><G125/><T89/><D32/><U6/><E36/><V15/><F94/><W92/><G107/><T116/><D30/><U37/><E38/><V10/><F58/><W111/><G111/><T123/><D116/><U87/><E37/><V60/><F60/><W25/><G93/><T75/><D75/><U12/><E12/><V22/><F22/><W31/><G98/><T28/><D28/><U83/><E102/><V9/><F9/><W16/><G31/><T110/><D4/><U119/><E119/><V52/><F41/><W106/><G106/><T3/><D3/><U84/><E53/><V82/><F82/><N who="1" m="31241" /><E47/><N who="2" m="27775" /><F10/><W113/><G113/><T8/><D114/><U105/><E105/><V20/><F20/><N who="3" m="13447" /><G26/><N who="1" m="9770" /><E29/><V11/><F11/><W46/><G45/><T69/><D135/><U39/><E39/><V62/><F15/><W44/><G46/><T2/><D2/><U55/><E55/><V23/><F23/><W115/><G115/><T33/><D123/><U100/><E100/><AGARI ba="1,0" hai="40,44,49,66,67,77,78,79,92,96,100" m="13447" machi="100" ten="30,2000,0" yaku="8,1,54,1" doraHai="64" who="3" fromWho="1" sc="468,0,115,-23,288,0,129,23" /><INIT seed="6,0,0,2,4,28" ten="468,92,288,152" oya="2" hai0="58,116,25,10,21,120,119,38,102,31,112,16,54" hai1="85,111,129,75,46,39,13,1,100,57,26,4,130" hai2="35,115,104,93,29,77,132,48,47,118,87,91,109" hai3="30,9,72,0,14,78,65,33,27,101,7,55,59"/><V6/><F118/><N who="0" m="45098" /><D38/><U76/><E111/><V71/><F104/><W34/><G101/><T19/><D112/><U121/><E121/><V90/><F77/><W99/><G65/><T50/><D120/><U106/><E85/><V125/><F71/><W82/><G99/><T62/><D10/><U53/><E13/><V108/><F125/><W11/><G11/><T134/><D134/><U105/><E26/><N who="2" m="18871" /><F6/><W70/><G70/><T80/><D102/><U122/><E122/><V97/><F115/><W41/><G41/><T15/><D15/><U45/><E4/><V103/><F87/><W56/><G56/><N who="0" m="32855" /><D80/><U40/><E1/><V12/><F12/><W63/><REACH who="3" step="1"/><G14/><REACH who="3" ten="468,92,288,142" step="2"/><T95/><D58/><U22/><E46/><V69/><F69/><W88/><G88/><T42/><D42/><U131/><E100/><V114/><F91/><W44/><G44/><T89/><D89/><U110/><E110/><V73/><F90/><W49/><G49/><T98/><D98/><U20/><E106/><V5/><F97/><W60/><G60/><T66/><D95/><U107/><E105/><V135/><F93/><W74/><G74/><T133/><D62/><N who="1" m="36143" /><E107/><V86/><F73/><W64/><G64/><T92/><D92/><U8/><E8/><V17/><F103/><W113/><G113/><T67/><D67/><U81/><AGARI ba="0,1" hai="20,22,39,40,45,75,76,81,129,130,131" m="36143" machi="81" ten="40,1500,0" yaku="19,1" doraHai="28" who="1" fromWho="1" sc="468,-4,92,25,288,-7,142,-4" /><INIT seed="7,0,0,5,2,12" ten="464,117,281,138" oya="3" hai0="129,11,135,87,85,128,88,93,32,64,105,115,55" hai1="54,74,47,67,121,51,9,95,42,26,43,127,79" hai2="8,94,120,3,28,119,53,37,41,25,65,69,99" hai3="27,123,61,46,73,35,109,130,132,75,66,17,1"/><W57/><G1/><T82/><D32/><U48/><E121/><V40/><F53/><W39/><G123/><T68/><D105/><U102/><E127/><V117/><F41/><W76/><G109/><T5/><D55/><U0/><E67/><V58/><F58/><W19/><G132/><T4/><D135/><U30/><E74/><V101/><F40/><W7/><G7/><T110/><D110/><U78/><E42/><V89/><F37/><W77/><G46/><T44/><D44/><U22/><E0/><V6/><F120/><W131/><G39/><T16/><D115/><U126/><E126/><V33/><F89/><W104/><G104/><T34/><D34/><U100/><E9/><V118/><F118/><W38/><G38/><T96/><D85/><U21/><E21/><V10/><F10/><W84/><G84/><T125/><D64/><U31/><E31/><V116/><F116/><W98/><G98/><T2/><D68/><U111/><E111/><V20/><F33/><W91/><G91/><N who="0" m="55359" /><D2/><U86/><E86/><V83/><F65/><W50/><G50/><T124/><D4/><U103/><REACH who="1" step="1"/><E95/><REACH who="1" ten="464,107,281,138" step="2"/><V112/><F117/><W62/><G35/><T107/><D107/><U108/><E108/><V72/><F119/><W134/><G134/><T56/><D88/><U49/><E49/><V52/><F3/><W106/><G106/><T80/><D5/><U81/><E81/><V133/><F133/><W92/><G92/><T90/><D80/><U14/><E14/><V23/><F112/><W113/><G113/><T29/><D125/><U59/><AGARI ba="0,1" hai="22,26,30,43,47,48,51,54,59,78,79,100,102,103" machi="59" ten="30,7900,0" yaku="1,1,5,1,0,1,8,1,53,0" doraHai="12" doraHaiUra="60" who="1" fromWho="1" sc="464,-20,107,89,281,-20,138,-39" owari="444,54.0,196,-20.0,261,6.0,99,-40.0" /></mjloggm>