<mjloggm ver="2.3"><GO type="169" lobby="0"/><UN n0="%73%68%6F%35%35%35%35%35" n1="%E3%82%BF%E3%82%B1%E3%82%84%E3%82%93" n2="%E6%B0%B4%E6%B5%B7%E6%99%BA%E5%85%89" n3="%69%71%31%38%30%E7%9C%9F%E5%89%A3%E6%A7%98" dan="16,16,16,16" rate="2113.35,2090.71,2079.38,2137.10" sx="M,M,M,M"/><TAIKYOKU oya="0"/><INIT seed="0,0,0,1,1,78" ten="250,250,250,250" oya="0" hai0="28,86,57,93,49,9,45,37,34,113,4,96,48" hai1="134,33,73,60,30,114,115,95,64,127,97,82,105" hai2="77,66,75,111,14,87,103,118,122,6,40,41,0" hai3="88,58,1,18,133,10,31,67,65,32,7,24,70"/><T100/><D113/><N who="1" m="43019" /><E95/><V68/><F122/><W107/><G133/><T91/><D34/><U69/><E134/><V132/><F0/><W89/><G107/><T120/><D28/><U17/><E17/><V51/><F132/><W130/><G130/><T2/><D120/><U50/><E50/><V53/><F75/><W72/><G72/><T13/><D57/><U8/><E8/><V25/><F103/><W94/><G70/><T15/><D37/><U121/><E127/><V21/><F111/><W12/><G58/><T108/><D108/><U83/><E73/><V62/><F118/><W26/><G26/><T46/><D49/><U109/><E121/><V117/><F117/><W35/><G35/><T101/><D46/><U16/><E16/><V104/><F104/><W42/><G42/><T135/><D135/><U39/><E39/><V63/><F62/><W123/><G123/><T5/><D5/><U110/><E110/><V98/><F41/><W99/><REACH who="3" step="1"/><G89/><REACH who="3" ten="250,250,250,240" step="2"/><T125/><D125/><U3/><E109/><V102/><F40/><W126/><G126/><T47/><D47/><U36/><E36/><V85/><F25/><W79/><G79/><T131/><D131/><U74/><E74/><V52/><F77/><W128/><G128/><T55/><REACH who="0" step="1"/><D101/><REACH who="0" ten="240,250,250,240" step="2"/><N who="1" m="62639" /><E3/><V116/><F116/><W38/><G38/><T20/><D20/><AGARI ba="0,2" hai="1,7,10,12,18,20,24,31,32,65,67,88,94,99" machi="20" ten="30,8000,1" yaku="1,1,7,1,24,2,54,1,53,0" doraHai="78" doraHaiUra="59" who="3" fromWho="0" sc="240,-80,250,0,250,0,240,100" /><INIT seed="1,0,0,3,1,3" ten="160,250,250,340" oya="1" hai0="125,47,106,124,33,83,50,41,79,133,66,67,117" hai1="120,87,40,94,102,84,15,101,114,9,30,111,69" hai2="7,2,81,26,122,91,42,17,14,25,134,4,115" hai3="76,77,43,118,130,96,54,8,113,38,20,64,62"/><U63/><E114/><V89/><F122/><W110/><G113/><T135/><D106/><U56/><E120/><V27/><F115/><W55/><G110/><T29/><D29/><U18/><E69/><V78/><F134/><N who="0" m="51210" /><D33/><U16/><E111/><V52/><F42/><W51/><G130/><T61/><D83/><U88/><E30/><V46/><F2/><W116/><G96/><T72/><D72/><U57/><E40/><V39/><F39/><W60/><G20/><T104/><D104/><U103/><E84/><N who="2" m="48183" /><F91/><W24/><G24/><T12/><D12/><U68/><E68/><V28/><F89/><W13/><G38/><T132/><D79/><N who="3" m="30281" /><G43/><T73/><D73/><U37/><E37/><V58/><F46/><N who="3" m="28023" /><G55/><T22/><D22/><U85/><E85/><V0/><F0/><W100/><G64/><N who="0" m="24619" /><D132/><U34/><E34/><V127/><F127/><N who="0" m="48714" /><D61/><U105/><E105/><V121/><F28/><W53/><G62/><T6/><D117/><U82/><E82/><V86/><F121/><W131/><G118/><T21/><D21/><U1/><E1/><V123/><F86/><W107/><G116/><T129/><D129/><U97/><E87/><V80/><F80/><W75/><G131/><T119/><D119/><U5/><E63/><N who="2" m="36295" /><F123/><W31/><G75/><T71/><D71/><U23/><REACH who="1" step="1"/><E18/><REACH who="1" ten="160,240,250,340" step="2"/><V93/><F93/><W92/><G92/><T11/><D41/><U126/><E126/><V65/><F65/><W59/><G107/><T45/><D50/><U74/><E74/><V99/><F99/><W109/><G31/><T36/><D36/><U98/><E98/><RYUUKYOKU ba="0,1" sc="160,10,240,10,250,10,340,-30" hai0="6,11,45,47" hai1="5,9,15,16,23,56,57,88,94,97,101,102,103" hai2="4,7,14,17,25,26,27" /><INIT seed="1,1,1,3,5,122" ten="170,250,260,310" oya="1" hai0="78,41,33,57,108,13,24,2,4,14,17,63,120" hai1="125,28,68,42,45,116,113,77,48,86,66,25,23" hai2="52,26,62,70,30,121,74,55,47,54,12,39,64" hai3="32,81,79,60,72,96,110,130,93,98,58,11,82"/><U132/><E116/><V15/><F121/><W75/><G32/><T133/><D120/><U104/><E113/><V10/><F74/><W85/><G110/><T19/><D41/><U35/><E104/><V18/><F15/><W7/><G130/><T87/><D78/><U5/><E132/><V89/><F89/><W83/><G75/><T88/><D133/><U29/><E125/><V56/><F39/><W6/><G72/><T131/><D131/><U46/><E5/><N who="3" m="1546" /><G11/><T99/><D99/><N who="3" m="37929" /><G93/><T103/><D103/><U126/><E126/><V107/><F107/><W129/><G129/><T94/><D108/><U40/><E66/><AGARI ba="1,1" hai="58,60,66,79,81,82,83,85" m="37929,1546" machi="66" ten="30,1000,0" yaku="8,1" doraHai="122" who="3" fromWho="1" sc="170,0,250,-13,260,0,310,23" /><INIT seed="2,0,0,1,5,56" ten="170,237,260,333" oya="2" hai0="99,38,134,45,31,40,70,90,47,93,131,96,43" hai1="120,64,15,75,63,54,119,103,4,11,85,97,94" hai2="77,27,30,121,66,0,72,62,12,25,28,34,41" hai3="46,102,84,98,36,17,52,135,79,49,105,122,82"/><V74/><F121/><W67/><G122/><T87/><D134/><U33/><E120/><V23/><F0/><W53/><G36/><T69/><D131/><U100/><E75/><V104/><F104/><W114/><G135/><T32/><D32/><U9/><E33/><V78/><F41/><W133/><G133/><T22/><D31/><U91/><E119/><V24/><F74/><W6/><G114/><T129/><D129/><U35/><E35/><V80/><F78/><W81/><G6/><T39/><D22/><U86/><E54/><V117/><F117/><W60/><G82/><T19/><D19/><U10/><E86/><V59/><REACH who="2" step="1"/><F27/><REACH who="2" ten="170,237,250,333" step="2"/><W124/><G124/><T125/><D125/><U61/><E103/><V128/><F128/><W3/><G3/><T8/><D99/><U83/><REACH who="1" step="1"/><E63/><REACH who="1" ten="170,227,250,333" step="2"/><V65/><F65/><W115/><G115/><T20/><D87/><U126/><E126/><V44/><F44/><W106/><G67/><T92/><D47/><U88/><E88/><V29/><F29/><W95/><G60/><T68/><D45/><U14/><E14/><AGARI ba="0,2" hai="12,14,23,24,25,28,30,34,59,62,66,72,77,80" machi="14" ten="40,3900,0" yaku="1,1,52,1,53,0" doraHai="56" doraHaiUra="1" who="2" fromWho="1" sc="170,0,227,-39,250,59,333,0" /><INIT seed="2,1,0,1,5,86" ten="170,188,309,333" oya="2" hai0="23,108,101,124,107,123,45,117,58,79,26,83,54" hai1="33,76,130,70,36,60,116,18,35,30,31,102,126" hai2="97,114,68,100,25,69,109,75,121,77,135,103,96" hai3="37,7,120,24,0,9,122,71,119,1,20,57,127"/><V63/><F121/><W91/><G71/><T110/><D123/><U5/><E116/><V10/><F114/><W13/><G37/><T85/><D117/><U61/><E36/><V89/><F63/><W104/><G119/><T112/><D112/><U133/><E5/><V90/><F10/><W111/><G104/><T52/><D124/><U42/><E133/><V16/><F25/><W40/><G127/><T47/><D101/><U28/><E42/><V43/><F43/><W94/><G111/><N who="0" m="42539" /><D107/><U11/><E130/><V14/><F77/><W93/><G93/><T113/><D113/><U65/><E126/><V72/><F14/><W15/><G0/><T115/><D115/><U2/><E76/><V53/><F109/><W29/><G1/><T95/><D95/><U4/><E102/><N who="2" m="38955" /><F16/><W99/><G15/><T128/><D128/><U80/><E80/><V129/><F53/><N who="0" m="20586" /><D58/><U84/><E84/><V131/><F135/><W51/><G57/><T19/><AGARI ba="1,0" hai="19,23,26,45,47,79,83,85" m="20586,42539" machi="19" ten="30,2000,0" yaku="14,1,54,1" doraHai="86" who="0" fromWho="0" sc="170,23,188,-6,309,-11,333,-6" /><INIT seed="3,0,0,3,0,82" ten="193,182,298,327" oya="3" hai0="29,85,60,133,50,105,62,53,56,44,87,86,68" hai1="32,57,117,102,66,72,22,94,110,52,31,84,46" hai2="127,25,69,112,125,6,113,111,122,90,43,64,30" hai3="70,24,132,95,10,36,39,80,51,63,23,2,93"/><W4/><G132/><T76/><D105/><U77/><E32/><V92/><F111/><W134/><G134/><T38/><D133/><U9/><E110/><V0/><F43/><W88/><G95/><T79/><D29/><U15/><E117/><V97/><F122/><W101/><G101/><T120/><D120/><U71/><E71/><V119/><F119/><W14/><G80/><T33/><D33/><U98/><E72/><V106/><F106/><W58/><G51/><T20/><D62/><U114/><E114/><V42/><F42/><W34/><G70/><T3/><D3/><U100/><E100/><V8/><F64/><W48/><G34/><T18/><D68/><U41/><E66/><V19/><F19/><N who="3" m="10743" /><G63/><T78/><D38/><U40/><E46/><V5/><F5/><W74/><G24/><N who="0" m="14359" /><D78/><U26/><E84/><V130/><F69/><W121/><G74/><T37/><D37/><U89/><E77/><V116/><F116/><W7/><G7/><T123/><D123/><U28/><E28/><V131/><F113/><W108/><G121/><T75/><D75/><U67/><E102/><V65/><F65/><AGARI ba="0,0" hai="44,50,53,56,60,65,76,79,85,86,87" m="14359" machi="65" ten="30,7700,0" yaku="8,1,52,3" doraHai="82" who="0" fromWho="2" sc="193,77,182,0,298,-77,327,0" /><INIT seed="4,0,0,3,2,3" ten="270,182,221,327" oya="0" hai0="64,42,71,124,128,113,1,127,38,114,78,88,32" hai1="7,59,122,74,30,87,15,47,8,11,40,129,23" hai2="5,119,4,33,21,31,56,101,34,48,135,68,85" hai3="125,27,65,0,96,13,28,99,72,109,107,69,26"/><T93/><D32/><U51/><E74/><V9/><F68/><W75/><G0/><T6/><D78/><U84/><E129/><V20/><F135/><W44/><G109/><T66/><D128/><U60/><E122/><V91/><F101/><N who="3" m="62887" /><G27/><T76/><D76/><U17/><E30/><V98/><F33/><N who="3" m="20631" /><G125/><N who="0" m="48203" /><D42/><U106/><E106/><V132/><F132/><W86/><G99/><T77/><D77/><U37/><E37/><V53/><F34/><W46/><G13/><T29/><D38/><U95/><E95/><N who="2" m="56703" /><F119/><W108/><G108/><T58/><D58/><U10/><REACH who="1" step="1"/><E7/><REACH who="1" ten="270,172,221,327" step="2"/><N who="2" m="2635" /><F31/><W36/><G36/><T2/><D29/><U82/><E82/><V111/><F111/><W18/><G72/><T43/><D1/><U73/><E73/><V41/><F85/><W90/><G75/><T25/><D2/><U110/><E110/><V104/><F104/><W120/><G120/><T80/><D71/><U61/><E61/><N who="2" m="35983" /><F9/><W92/><G18/><T116/><D6/><U63/><E63/><AGARI ba="0,1" hai="44,46,63,65,69,86,90,92" m="20631,62887" machi="63" ten="30,1000,0" yaku="25,1" doraHai="3" who="3" fromWho="1" sc="270,0,172,-10,221,0,327,20" /><INIT seed="5,0,0,3,4,16" ten="270,162,221,347" oya="1" hai0="67,62,87,39,107,3,32,63,26,46,125,77,4" hai1="44,135,53,94,40,23,52,84,111,127,101,122,124" hai2="95,85,120,25,126,61,98,55,81,35,74,128,48" hai3="121,75,12,79,19,72,129,10,89,31,37,0,8"/><U109/><E122/><V38/><F38/><W133/><G121/><T78/><D63/><U54/><E135/><V28/><F120/><W24/><G37/><T99/><D4/><U91/><E101/><V112/><F74/><W92/><G133/><T73/><D3/><U30/><E30/><V5/><F5/><W60/><G129/><T88/><D73/><U80/><E80/><V118/><F118/><W41/><G41/><T82/><D125/><U7/><E7/><V64/><F126/><N who="1" m="48169" /><E23/><V106/><F106/><W97/><G79/><T18/><D32/><U90/><E90/><V14/><F128/><W104/><G104/><T71/><D107/><U57/><E57/><V56/><F14/><W50/><G0/><T66/><D99/><U114/><E114/><V65/><F112/><W27/><G31/><T21/><REACH who="0" step="1"/><D67/><REACH who="0" ten="260,162,221,347" step="2"/><U102/><E102/><V132/><F132/><W45/><G45/><T2/><BYE who="3" /><D2/><U93/><E93/><V103/><REACH who="2" step="1"/><F61/><REACH who="2" ten="260,162,211,347" step="2"/><W115/><G115/><T123/><D123/><UN n3="%69%71%31%38%30%E7%9C%9F%E5%89%A3%E6%A7%98" /><U15/><E15/><V42/><F42/><AGARI ba="0,2" hai="18,21,26,39,42,46,62,66,71,77,78,82,87,88" machi="42" ten="40,5200,0" yaku="1,1,52,1,54,1,53,0" doraHai="16" doraHaiUra="9" who="0" fromWho="2" sc="260,72,162,0,211,-52,347,0" /><INIT seed="6,0,0,2,1,95" ten="332,162,159,347" oya="2" hai0="82,98,42,30,20,64,108,13,49,37,93,32,96" hai1="27,45,35,66,70,71,107,81,43,102,129,97,126" hai2="91,88,121,89,83,69,90,113,110,134,28,59,23" hai3="52,39,127,85,100,94,51,86,12,105,53,24,123"/><V125/><F121/><W80/><G80/><T117/><BYE who="3" /><D108/><U47/><E129/><V73/><F113/><W67/><G67/><T74/><D37/><UN n3="%69%71%31%38%30%E7%9C%9F%E5%89%A3%E6%A7%98" /><U65/><E126/><V29/><F125/><W131/><G39/><T79/><D32/><U26/><E81/><V92/><F110/><W78/><G127/><T3/><D3/><U104/><E43/><V2/><F69/><W34/><G105/><T130/><D64/><U76/><E76/><V36/><F36/><W109/><G109/><T38/><D38/><U54/><E54/><V58/><F134/><W56/><G123/><T15/><D130/><U50/><E35/><V0/><F0/><W112/><G131/><T114/><D117/><U11/><E11/><V106/><F106/><W63/><G112/><T8/><D93/><U1/><E1/><V116/><F116/><W75/><G75/><T48/><D114/><U17/><E102/><V33/><F2/><W14/><G34/><T84/><D74/><U133/><E50/><N who="0" m="19561" /><D42/><U68/><E68/><V18/><F33/><W21/><G100/><T25/><D15/><N who="3" m="5673" /><G94/><T22/><D20/><U10/><E10/><V7/><F7/><AGARI ba="0,0" hai="7,8,13,22,25,30,79,82,84,96,98" m="19561" machi="7" ten="30,3900,0" yaku="8,1,52,2" doraHai="95" who="0" fromWho="2" sc="332,39,162,0,159,-39,347,0" /><INIT seed="7,0,0,0,4,20" ten="371,162,120,347" oya="3" hai0="64,82,50,40,134,132,4,30,31,17,115,94,110" hai1="53,19,18,135,111,124,78,49,74,88,77,118,79" hai2="56,28,3,52,72,69,59,90,103,83,67,14,80" hai3="37,105,55,81,87,116,100,54,34,76,114,106,96"/><W8/><G116/><T39/><D110/><U27/><E74/><V62/><F3/><W95/><G37/><T99/><D39/><U85/><E111/><V109/><F109/><W107/><G34/><T66/><D4/><U70/><E70/><V35/><F103/><W75/><G114/><T131/><D115/><U32/><E135/><N who="0" m="51753" /><D82/><U51/><E124/><V65/><F80/><N who="3" m="45087" /><G8/><T89/><D17/><N who="1" m="6155" /><E32/><V10/><F69/><W121/><G54/><T26/><D31/><U123/><E123/><V102/><F102/><N who="3" m="60703" /><G55/><T98/><D98/><U84/><E84/><V5/><F59/><W11/><G11/><T1/><D1/><U25/><E118/><V130/><F130/><W9/><G9/><T41/><D131/><U93/><E51/><V7/><F7/><W45/><G45/><AGARI ba="0,0" hai="25,27,45,49,53,77,78,79,85,88,93" m="6155" machi="45" ten="30,7700,0" yaku="8,1,52,2,54,1" doraHai="20" who="1" fromWho="3" sc="371,0,162,77,120,0,347,-77" owari="371,47.0,239,-16.0,120,-38.0,270,7.0" /></mjloggm>