<mjloggm ver="2.3"><GO type="169" lobby="0"/><UN n0="%E3%83%9E%E3%83%8A%E3%83%96%E9%9B%B6" n1="%E8%A5%BF%E6%9D%91%E9%9B%84%E4%B8%80%E9%83%8E" n2="%E3%82%AA%E3%82%AC%E3%83%8E%E3%83%AB%E3%83%BC%E3%83%88" n3="%4B%69%7A%75%6E%65%72" dan="16,18,16,17" rate="2132.47,2334.09,2008.09,2162.38" sx="M,M,M,F"/><TAIKYOKU oya="0"/><INIT seed="0,0,0,3,1,50" ten="250,250,250,250" oya="0" hai0="85,125,86,95,134,113,55,98,13,8,103,22,1" hai1="96,94,20,119,44,49,135,108,57,130,48,51,72" hai2="0,30,127,121,11,118,43,66,32,69,29,12,80" hai3="64,110,112,63,88,56,78,115,105,79,15,90,19"/><T74/><D113/><U133/><E72/><V21/><F121/><W70/><G105/><T102/><D74/><U120/><E119/><V7/><F43/><W65/><G110/><T111/><D134/><N who="1" m="51211" /><E120/><V131/><F80/><W100/><G100/><T73/><D73/><U114/><E130/><V128/><F66/><W24/><G24/><T122/><D122/><U31/><E108/><V38/><F38/><W68/><G15/><T124/><D111/><U42/><E114/><V46/><F46/><W54/><G63/><T123/><D103/><N who="1" m="60823" /><E57/><V18/><F69/><W87/><G56/><T16/><D123/><U60/><E60/><V10/><F127/><N who="0" m="48714" /><D8/><U126/><E126/><V83/><F83/><W23/><G87/><N who="0" m="33291" /><D1/><U34/><E34/><V99/><F99/><W71/><G71/><T76/><D76/><U84/><E84/><V2/><F118/><W5/><G23/><T45/><D45/><U59/><E59/><V75/><F75/><W17/><REACH who="3" step="1"/><G5/><REACH who="3" ten="250,250,250,240" step="2"/><T129/><D129/><N who="2" m="49738" /><F32/><W82/><G82/><T116/><D116/><U91/><E91/><V58/><F58/><W97/><G97/><T62/><D62/><U53/><E42/><V93/><F93/><W40/><G40/><T52/><AGARI ba="0,1" hai="13,16,22,52,55,95,98,102" m="33291,48714" machi="52" ten="30,12000,1" yaku="18,1,52,2,54,2" doraHai="50" who="0" fromWho="0" sc="250,130,250,-40,250,-40,240,-40" /><INIT seed="0,1,0,2,5,27" ten="380,210,210,200" oya="0" hai0="51,70,85,11,129,32,102,113,25,106,37,88,110" hai1="38,56,122,63,101,133,54,29,18,105,9,94,130" hai2="13,108,87,83,15,127,28,77,50,58,78,64,131" hai3="36,68,124,69,100,111,59,80,67,30,46,53,43"/><T117/><D113/><U112/><E122/><V35/><F108/><W97/><G111/><T8/><D117/><U12/><E38/><V60/><F131/><W48/><G124/><T23/><D32/><U73/><E73/><V116/><F127/><W120/><G120/><T1/><D37/><U6/><E105/><V34/><F116/><W84/><G67/><T98/><D110/><U45/><E133/><V119/><F35/><W89/><REACH who="3" step="1"/><G30/><REACH who="3" ten="380,210,210,190" step="2"/><T103/><D129/><U55/><E29/><V95/><F119/><W65/><G65/><T72/><D70/><U115/><E130/><V71/><F28/><W92/><AGARI ba="1,1" hai="36,43,46,48,53,59,68,69,80,84,89,92,97,100" machi="92" ten="20,2700,0" yaku="1,1,0,1,7,1,53,0" doraHai="27" doraHaiUra="134" who="3" fromWho="3" sc="380,-14,210,-8,210,-8,190,40" /><INIT seed="1,0,0,0,3,58" ten="366,202,202,230" oya="1" hai0="31,65,43,66,17,105,103,110,133,22,34,69,19" hai1="119,94,26,85,96,82,59,36,23,72,79,13,87" hai2="86,114,21,32,125,52,28,113,25,98,18,120,129" hai3="128,30,104,37,74,3,89,16,64,135,102,122,61"/><U83/><E119/><V35/><F120/><W56/><G122/><T90/><D43/><U14/><E36/><V116/><F116/><W62/><G128/><T109/><D133/><U12/><E59/><V81/><F129/><W76/><G135/><T100/><D90/><U80/><E72/><V8/><F125/><W48/><G3/><T53/><D53/><U130/><E79/><V1/><F98/><W15/><G37/><T75/><D75/><U63/><E63/><V5/><F52/><W71/><G30/><T126/><D126/><U41/><E41/><V95/><F95/><W115/><G115/><N who="2" m="44041" /><F86/><W42/><G89/><T44/><D44/><U40/><E40/><V93/><F93/><W39/><G39/><T127/><D127/><U2/><E2/><V4/><F81/><W67/><G74/><T88/><D88/><N who="1" m="55367" /><E130/><V9/><F28/><AGARI ba="0,0" hai="12,13,14,23,26,28,80,82,83,85,87" m="55367" machi="28" ten="30,2900,0" yaku="8,1,54,1" doraHai="58" who="1" fromWho="2" sc="366,0,202,29,202,-29,230,0" /><INIT seed="1,1,0,4,5,5" ten="366,231,173,230" oya="1" hai0="87,79,3,93,131,15,88,21,38,129,54,29,36" hai1="95,57,107,30,33,75,116,133,49,63,104,125,65" hai2="44,43,59,31,89,122,110,121,72,120,128,50,86" hai3="41,135,1,111,17,32,24,10,20,67,112,101,26"/><U52/><E116/><V118/><F72/><W48/><G112/><T8/><D3/><U84/><E75/><V0/><F118/><W91/><G135/><T40/><D79/><U70/><E133/><V23/><F0/><W117/><G117/><T108/><D108/><U71/><E125/><V11/><F110/><W27/><G111/><T76/><D76/><U46/><E30/><V13/><F128/><N who="0" m="49226" /><D40/><U114/><E33/><V66/><F23/><W134/><G134/><T19/><D54/><U39/><E114/><V103/><F31/><W94/><G101/><T130/><D130/><U51/><E39/><N who="0" m="14889" /><D29/><U115/><E115/><V123/><F103/><W106/><G106/><T105/><D105/><U119/><E71/><V102/><F102/><W34/><G67/><T14/><D14/><U55/><REACH who="1" step="1"/><E119/><REACH who="1" ten="366,221,173,230" step="2"/><V62/><F123/><W60/><G32/><T82/><D82/><U37/><E37/><V113/><F113/><W6/><G34/><T18/><D18/><U74/><E74/><V124/><F124/><W22/><G17/><T25/><D25/><U2/><E2/><V69/><F69/><W81/><G27/><T42/><D42/><U99/><E99/><V85/><REACH who="2" step="1"/><F89/><AGARI ba="1,1" hai="46,49,51,52,55,57,63,65,70,84,89,95,104,107" machi="89" ten="40,3900,0" yaku="1,1,54,1,53,0" doraHai="5" doraHaiUra="126" who="1" fromWho="2" sc="366,0,221,52,173,-42,230,0" /><INIT seed="1,2,0,1,3,18" ten="366,273,131,230" oya="1" hai0="9,82,103,101,52,64,29,75,114,113,31,48,58" hai1="65,119,115,118,35,13,45,69,19,121,98,3,50" hai2="133,72,16,102,54,25,4,47,17,30,34,2,108" hai3="130,7,60,81,68,96,38,51,20,80,21,11,61"/><U85/><E3/><V24/><F72/><W97/><G130/><T26/><D64/><U90/><E115/><V28/><F102/><W62/><G38/><T59/><D9/><U88/><E35/><N who="2" m="20871" /><F54/><W71/><G51/><T66/><D66/><U116/><E121/><V36/><F47/><W43/><G43/><T94/><D59/><U23/><E98/><N who="3" m="37994" /><G11/><T124/><D124/><U33/><E33/><V6/><F36/><W15/><G15/><T39/><D39/><U107/><E107/><V49/><F49/><W73/><G7/><N who="2" m="2601" /><F133/><W92/><G92/><T12/><D94/><U104/><E104/><V22/><F108/><W74/><G74/><T134/><D75/><U40/><REACH who="1" step="1"/><E85/><REACH who="1" ten="366,263,131,230" step="2"/><V129/><F129/><W41/><G73/><T27/><D114/><U125/><E125/><V1/><F34/><W95/><G95/><T127/><D113/><U37/><E37/><V106/><F106/><W126/><G126/><T99/><D127/><U76/><E76/><V100/><F100/><W135/><G135/><T91/><D134/><U128/><E128/><V77/><F77/><W122/><G122/><T42/><D103/><U123/><E123/><V70/><F70/><N who="3" m="26667" /><G41/><T56/><D42/><U120/><E120/><V132/><F132/><W87/><G87/><T53/><D101/><U8/><E8/><V105/><F105/><W32/><G32/><T46/><D99/><U79/><E79/><V117/><F117/><W112/><G112/><T5/><D46/><U55/><E55/><V86/><F86/><W111/><G111/><T84/><D53/><U89/><E89/><RYUUKYOKU ba="2,1" sc="366,-30,263,10,131,10,230,10" hai1="13,19,23,40,45,50,65,69,88,90,116,118,119" hai2="1,2,16,17,22,25,30" hai3="20,21,60,61,62,80,81" /><INIT seed="1,3,1,0,1,67" ten="336,273,141,240" oya="1" hai0="135,32,68,40,44,74,10,60,103,65,107,122,46" hai1="3,36,110,104,81,64,87,84,109,113,118,55,96" hai2="4,90,86,117,62,125,83,76,119,126,33,29,1" hai3="19,108,70,71,53,18,12,78,77,123,127,13,14"/><U72/><E3/><V69/><F4/><W97/><G123/><T114/><D46/><U8/><E36/><V63/><F1/><W134/><G108/><N who="1" m="41578" /><E8/><V116/><F76/><N who="3" m="29291" /><G53/><T133/><D114/><U59/><E118/><V58/><F58/><W5/><G5/><T42/><D42/><U57/><E113/><V131/><F131/><W50/><G50/><T129/><D129/><U7/><E7/><V124/><F69/><N who="3" m="26123" /><G97/><T17/><D122/><U61/><E72/><V98/><F98/><W30/><G30/><T52/><D32/><U31/><E31/><V15/><REACH who="2" step="1"/><F15/><REACH who="2" ten="336,273,131,240" step="2"/><W38/><G13/><T105/><D68/><U88/><E87/><V106/><F106/><W34/><G12/><T2/><D105/><U26/><E26/><AGARI ba="3,2" hai="26,29,33,62,63,83,86,90,116,117,119,124,125,126" machi="26" ten="50,3200,0" yaku="1,1,18,1,53,0" doraHai="67" doraHaiUra="39" who="2" fromWho="1" sc="336,0,273,-41,131,61,240,0" /><INIT seed="2,0,0,5,2,55" ten="336,232,192,240" oya="2" hai0="99,77,107,40,102,54,17,6,30,31,35,20,132" hai1="82,5,112,120,85,113,86,36,50,119,0,130,29" hai2="110,93,22,72,32,70,89,123,18,116,125,58,28" hai3="87,75,129,111,83,63,52,10,62,66,101,69,127"/><V126/><F70/><W79/><G111/><T71/><D132/><U38/><E119/><V2/><F72/><W97/><G127/><N who="2" m="48649" /><F123/><W108/><G108/><T80/><D71/><U114/><E120/><V4/><F110/><W92/><G129/><T1/><D40/><U100/><E130/><V96/><F116/><W14/><G75/><T61/><D35/><U106/><E85/><V19/><F32/><W104/><G104/><T121/><D121/><U90/><E29/><V26/><F4/><W118/><G118/><T15/><D6/><U81/><E81/><V84/><F2/><W9/><REACH who="3" step="1"/><G14/><REACH who="3" ten="336,232,192,230" step="2"/><T67/><D1/><U133/><E114/><V59/><F96/><W53/><G53/><T37/><D54/><U51/><E113/><V88/><F89/><W8/><G8/><T11/><D11/><U135/><E112/><V25/><F28/><W109/><G109/><T94/><D107/><U41/><E135/><V24/><F19/><W27/><G27/><AGARI ba="0,1" hai="18,22,24,25,26,27,58,59,84,88,93" m="48649" machi="27" ten="30,11600,0" yaku="18,1,52,2,54,1" doraHai="55" who="2" fromWho="3" sc="336,0,232,0,192,126,230,-116" /><INIT seed="2,1,0,3,5,79" ten="336,232,318,114" oya="2" hai0="69,22,0,37,53,55,67,42,101,124,132,126,48" hai1="75,118,58,12,91,34,97,21,6,89,70,122,84" hai2="119,95,4,3,36,51,134,11,78,104,62,57,28" hai3="9,39,103,111,99,92,77,133,18,108,44,71,88"/><V76/><F104/><W113/><G133/><T19/><D0/><U60/><E34/><V109/><F119/><W116/><G116/><T49/><D101/><U52/><E75/><V7/><F36/><W17/><G71/><T32/><D32/><U46/><E118/><V72/><F134/><W105/><G113/><T102/><D132/><U74/><E74/><V117/><F117/><W43/><G77/><T31/><D31/><U33/><E33/><V10/><F109/><W100/><G100/><T15/><D102/><U8/><E70/><V45/><F28/><W61/><G61/><T130/><D130/><U96/><E91/><V13/><F95/><W54/><G54/><T40/><D67/><U63/><E63/><V82/><F78/><W106/><G106/><T131/><D69/><U98/><E122/><V65/><F51/><W64/><G64/><T87/><D131/><U83/><E21/><V86/><F45/><AGARI ba="1,0" hai="6,8,12,45,46,52,58,60,83,84,89,96,97,98" machi="45" ten="40,5200,0" yaku="8,1,52,1,54,1" doraHai="79" who="1" fromWho="2" sc="336,0,232,55,318,-55,114,0" /><INIT seed="3,0,0,2,2,35" ten="336,287,263,114" oya="3" hai0="4,104,23,15,91,52,102,66,116,94,19,25,46" hai1="13,33,58,135,97,78,81,124,103,70,51,71,96" hai2="90,2,105,125,10,6,133,95,38,113,26,47,130" hai3="32,73,53,83,62,61,24,40,20,131,89,42,44"/><W36/><G131/><T30/><D116/><U56/><E33/><V64/><F105/><W132/><G132/><T127/><D127/><U63/><E124/><V50/><F125/><W29/><G42/><T31/><D66/><U123/><E123/><V69/><F133/><W76/><G53/><T22/><D4/><U109/><E109/><V45/><F113/><W39/><G39/><T85/><D104/><U112/><E112/><V79/><F130/><W87/><REACH who="3" step="1"/><G20/><REACH who="3" ten="336,287,263,104" step="2"/><T41/><D41/><U1/><E135/><V99/><F38/><W117/><G117/><T48/><REACH who="0" step="1"/><D102/><REACH who="0" ten="326,287,263,104" step="2"/><U11/><E103/><V134/><F134/><W60/><G60/><T82/><D82/><AGARI ba="0,2" hai="24,29,32,36,40,44,61,62,73,76,82,83,87,89" machi="82" ten="30,2900,0" yaku="1,1,7,1,53,0" doraHai="35" doraHaiUra="115" who="3" fromWho="0" sc="326,-29,287,0,263,0,104,49" /><INIT seed="3,1,0,2,1,108" ten="297,287,263,153" oya="3" hai0="122,102,4,11,25,35,54,58,22,133,34,117,9" hai1="52,53,111,129,28,84,40,44,27,24,41,95,64" hai2="59,16,7,18,85,39,124,55,119,21,26,43,114" hai3="86,115,77,118,6,63,70,91,81,32,5,100,88"/><W135/><G118/><T8/><D117/><U112/><E111/><V15/><F119/><W33/><G135/><T123/><D102/><U94/><E64/><V20/><F124/><W128/><G100/><T60/><D133/><U130/><E84/><V49/><F114/><W14/><G128/><T50/><D4/><U1/><E44/><V126/><F126/><W104/><G104/><T73/><D73/><U116/><E116/><V0/><F0/><W121/><G121/><T89/><D89/><U46/><E46/><V78/><F39/><W45/><G115/><T99/><D99/><U106/><E28/><V93/><F7/><W29/><G45/><T66/><D122/><U87/><E87/><V72/><F72/><W92/><G91/><T42/><D42/><U31/><E31/><V134/><F134/><W98/><G14/><T12/><D12/><U113/><E1/><V107/><F107/><AGARI ba="1,0" hai="24,27,40,41,52,53,94,95,106,107,112,113,129,130" machi="107" ten="25,8000,1" yaku="22,2,52,2,54,1" doraHai="108" who="1" fromWho="2" sc="297,0,287,83,263,-83,153,0" /><INIT seed="4,0,0,2,5,57" ten="297,370,180,153" oya="0" hai0="89,101,99,46,3,88,27,128,98,105,5,111,41" hai1="22,97,43,87,118,56,33,92,115,40,42,51,78" hai2="19,79,30,67,77,39,76,100,80,119,129,61,90" hai3="94,135,86,7,104,133,24,116,63,91,70,1,62"/><T123/><D123/><U121/><E33/><V0/><F39/><W93/><G116/><T50/><D128/><U2/><E2/><V60/><F129/><W23/><G104/><T29/><D111/><U126/><E118/><V52/><F0/><W130/><G130/><T68/><D68/><U49/><E121/><V26/><F119/><W96/><G70/><T74/><D74/><U75/><E75/><V53/><F100/><W81/><G7/><T65/><D65/><U125/><E22/><N who="2" m="13663" /><F30/><W82/><G1/><T108/><D108/><U103/><E115/><V45/><F67/><W8/><G8/><T25/><D99/><U73/><E73/><V102/><F102/><W18/><G82/><T127/><D127/><N who="1" m="48651" /><E56/><V66/><F66/><W124/><G124/><T16/><D29/><U95/><E78/><V13/><F13/><W58/><G94/><N who="1" m="35882" /><E87/><N who="2" m="50535" /><F45/><W4/><G4/><T69/><D69/><U71/><E71/><V134/><F134/><N who="3" m="51211" /><G58/><T38/><D38/><U14/><E14/><V35/><F35/><W113/><G113/><T59/><D59/><U110/><E110/><V132/><F132/><W37/><G37/><T48/><D3/><U17/><E17/><V122/><BYE who="1" /><F122/><W9/><G9/><T31/><D16/><U120/><E120/><V10/><F10/><UN n1="%E8%A5%BF%E6%9D%91%E9%9B%84%E4%B8%80%E9%83%8E" /><W32/><G32/><T47/><D31/><U12/><E12/><V72/><F72/><W117/><G117/><T131/><D131/><U20/><E20/><V34/><F34/><W28/><G28/><T54/><D5/><U112/><E112/><V84/><F84/><W6/><G6/><RYUUKYOKU ba="0,0" sc="297,0,370,0,180,0,153,0" hai0="25,27,41,46,47,48,50,54,88,89,98,101,105" hai1="40,42,43,49,51,97,103" hai2="52,53,60,61,76,77,79" hai3="18,23,24,62,63,81,86,91,93,96" /><INIT seed="4,1,0,2,5,101" ten="297,370,180,153" oya="0" hai0="50,5,124,114,24,34,84,78,45,99,20,128,18" hai1="12,83,134,129,21,39,60,81,46,127,62,86,93" hai2="1,8,80,97,85,16,130,111,70,22,72,36,69" hai3="3,56,120,14,96,105,91,23,76,51,10,87,61"/><T74/><D74/><U116/><E116/><V77/><F111/><W48/><G120/><T107/><D34/><U28/><E134/><V112/><F130/><W132/><G132/><T102/><D128/><U30/><E129/><V11/><F112/><W65/><G3/><T109/><D114/><U37/><E46/><V6/><F11/><W38/><G38/><T75/><D75/><U89/><E37/><V103/><F36/><W71/><G71/><T98/><D124/><U88/><E39/><V19/><F72/><W92/><G23/><T41/><D99/><N who="1" m="57767" /><E81/><V9/><F19/><W49/><G105/><T25/><D5/><U119/><E119/><V73/><F9/><W52/><G76/><T59/><D59/><U110/><E110/><V29/><F29/><N who="1" m="11369" /><E127/><V95/><REACH who="2" step="1"/><F73/><REACH who="2" ten="297,370,170,153" step="2"/><W64/><REACH who="3" step="1"/><G87/><REACH who="3" ten="297,370,170,143" step="2"/><T118/><D109/><U104/><E86/><V115/><F115/><W7/><AGARI ba="1,2" hai="7,10,14,48,49,51,52,56,61,64,65,91,92,96" machi="7" ten="30,8000,1" yaku="1,1,2,1,0,1,8,1,54,1,53,0" doraHai="101" doraHaiUra="26" who="3" fromWho="3" sc="297,-41,370,-21,170,-21,143,103" /><INIT seed="5,0,0,3,1,84" ten="256,349,149,246" oya="1" hai0="76,66,124,82,134,34,69,132,90,43,80,40,118" hai1="17,117,35,123,102,88,68,115,18,56,24,0,135" hai2="47,10,61,36,120,37,44,55,57,95,25,87,129" hai3="86,60,122,22,125,100,75,58,119,81,11,103,78"/><U111/><E68/><V105/><F105/><W49/><G122/><T108/><D108/><U133/><E117/><V21/><F120/><W7/><G125/><T98/><D118/><U6/><E123/><V131/><F10/><W110/><G110/><T112/><D34/><U45/><E102/><V39/><F21/><W38/><G119/><T83/><D112/><U65/><E111/><V70/><F25/><W128/><G128/><N who="2" m="49225" /><F70/><W23/><G38/><N who="2" m="9729" /><V8/><DORA hai="121" /><F8/><W63/><G75/><T20/><D20/><N who="3" m="7721" /><G49/><T106/><D76/><U72/><E72/><V59/><F95/><W42/><G42/><T97/><D124/><U2/><E24/><V33/><F87/><W27/><G27/><T29/><D29/><U99/><E35/><V114/><F33/><W89/><G78/><T126/><D126/><U46/><E0/><V127/><F127/><W3/><G3/><T15/><D15/><U71/><E71/><V31/><F31/><W109/><G109/><T48/><D69/><U79/><E2/><V53/><F114/><W9/><G63/><AGARI ba="0,0" hai="44,47,53,55,57,59,61,63" m="9729,49225" machi="63" ten="40,5200,0" yaku="19,1,34,2" doraHai="84,121" who="2" fromWho="3" sc="256,0,349,0,149,52,246,-52" /><INIT seed="6,0,0,4,0,46" ten="256,349,201,194" oya="2" hai0="65,17,102,116,133,78,113,72,107,5,11,70,129" hai1="10,30,69,93,34,106,83,92,1,95,104,96,42" hai2="124,86,122,134,26,32,66,13,88,45,3,118,27" hai3="128,15,119,0,44,9,71,90,22,112,58,24,38"/><V59/><F122/><W19/><G119/><T56/><D113/><U121/><E69/><V33/><F118/><W21/><G71/><T52/><D116/><U41/><E34/><V67/><F3/><W61/><G112/><T127/><D17/><U68/><E68/><V29/><F124/><W12/><G128/><T94/><D107/><U120/><E30/><V60/><F134/><W105/><G105/><N who="1" m="40554" /><E83/><V47/><F67/><W23/><G0/><T2/><D133/><U84/><E84/><V126/><F13/><W4/><G15/><T101/><D129/><U109/><E109/><V108/><F126/><W20/><G90/><T49/><D94/><N who="1" m="36459" /><E10/><V18/><F108/><W103/><G103/><T54/><D127/><U89/><E1/><V31/><F18/><W115/><G115/><T135/><D135/><U6/><E6/><V98/><F98/><W87/><G87/><T123/><D123/><AGARI ba="0,0" hai="41,42,89,95,96,120,121,123" m="36459,40554" machi="123" ten="30,1000,0" yaku="13,1" doraHai="46" who="1" fromWho="0" sc="256,-10,349,10,201,0,194,0" /><INIT seed="7,0,0,0,5,53" ten="246,359,201,194" oya="3" hai0="133,74,85,38,33,135,17,19,91,69,49,87,64" hai1="105,101,26,80,102,94,15,13,57,90,56,103,3" hai2="60,41,119,9,10,77,75,28,34,130,104,51,22" hai3="6,121,72,129,54,71,116,134,52,66,120,44,81"/><W126/><G116/><T25/><D38/><U76/><E3/><V35/><F104/><W11/><G126/><T32/><D74/><U31/><E105/><V43/><F119/><W78/><G129/><T23/><D19/><U63/><E80/><V30/><F60/><W114/><G114/><T110/><D110/><U36/><E76/><V16/><F77/><W61/><G134/><N who="0" m="51211" /><D64/><N who="1" m="39015" /><E57/><V70/><F75/><W29/><G29/><T131/><D69/><U97/><E36/><V0/><F70/><W127/><G127/><T2/><D2/><U65/><E65/><V84/><F84/><W14/><REACH who="3" step="1"/><G44/><REACH who="3" ten="246,359,201,184" step="2"/><T89/><D131/><U106/><E106/><V95/><F130/><W125/><G125/><T40/><D33/><U123/><E123/><AGARI ba="0,1" hai="6,11,14,52,54,61,66,71,72,78,81,120,121,123" machi="123" ten="40,3900,0" yaku="1,1,54,1,53,0" doraHai="53" doraHaiUra="68" who="3" fromWho="1" sc="246,0,359,-39,201,0,184,49" /><INIT seed="7,1,0,1,1,129" ten="246,320,201,233" oya="3" hai0="101,111,102,92,59,6,9,108,90,49,71,73,121" hai1="67,118,17,122,77,66,13,60,84,95,91,115,81" hai2="98,105,2,43,97,100,85,80,46,54,52,29,116" hai3="86,18,16,44,15,103,93,14,123,113,99,130,56"/><W37/><G123/><T78/><D121/><U110/><E110/><V96/><F2/><W32/><G32/><T33/><D33/><U64/><E122/><V83/><F116/><W117/><G117/><T1/><D71/><U36/><E36/><V10/><F105/><W5/><G130/><T88/><D90/><U25/><E25/><V30/><F100/><W132/><G132/><T76/><D102/><U70/><E115/><V42/><F10/><W4/><G113/><T27/><D101/><U104/><E104/><V63/><F63/><W74/><G74/><T47/><D59/><U114/><E114/><V124/><F124/><W31/><G31/><N who="2" m="11785" /><F46/><W107/><G56/><T126/><D27/><U79/><E79/><V57/><F57/><W131/><G131/><T39/><D39/><U82/><E82/><N who="2" m="31275" /><F85/><W61/><G61/><T127/><D73/><U119/><E119/><V12/><F12/><W45/><G37/><T48/><D48/><U65/><E118/><V120/><F120/><W94/><G107/><T19/><D111/><U3/><E3/><V0/><F0/><W41/><G41/><AGARI ba="1,0" hai="41,42,43,52,54,96,97,98" m="31275,11785" machi="41" ten="30,7700,0" yaku="28,2,8,1,54,1" doraHai="129" who="2" fromWho="3" sc="246,0,320,0,201,80,233,-80" owari="246,-15.0,320,42.0,281,8.0,153,-35.0" /></mjloggm>