<mjloggm ver="2.3"><GO type="169" lobby="0"/><UN n0="%E6%84%9B%E5%86%85%E9%87%8C%E8%8F%9C" n1="%E5%AD%95%E3%81%BF%E5%B1%8B%E6%9C%AC%E8%88%97" n2="%E7%B4%A0%E6%99%B4%E3%82%89%E3%81%97%E3%81%8D%E6%97%A5%E3%80%85" n3="%E5%BD%A9%E4%BA%AC" dan="18,16,17,17" rate="2173.19,2112.43,2134.50,2227.30" sx="F,F,M,M"/><TAIKYOKU oya="0"/><INIT seed="0,0,0,3,0,109" ten="250,250,250,250" oya="0" hai0="54,58,14,68,129,26,30,115,106,56,110,52,21" hai1="15,87,61,80,121,81,57,126,101,117,100,39,36" hai2="124,99,65,84,102,35,90,95,59,38,53,37,113" hai3="91,71,3,128,46,92,60,48,86,114,104,27,1"/><T13/><D68/><U23/><E117/><V93/><F35/><W125/><G104/><T131/><D106/><U22/><E121/><V96/><F124/><W29/><G125/><T94/><D110/><U130/><E126/><V135/><F135/><W17/><G17/><T97/><D115/><U75/><E130/><N who="0" m="49673" /><D56/><U25/><E75/><V127/><F127/><W111/><G114/><T7/><D7/><U107/><E107/><V42/><F113/><W76/><G111/><T18/><D30/><U31/><E80/><V11/><F65/><W40/><G128/><T72/><D72/><U112/><E112/><V83/><F42/><W45/><G45/><T132/><D132/><U85/><E85/><V9/><F37/><W134/><G134/><T51/><D54/><N who="1" m="33975" /><E39/><V73/><F38/><W64/><REACH who="3" step="1"/><G76/><REACH who="3" ten="250,250,250,240" step="2"/><T12/><D26/><N who="1" m="16855" /><E36/><V69/><F69/><W0/><G0/><T6/><D6/><U8/><E8/><V4/><F4/><W133/><G133/><T47/><D47/><U122/><E122/><V120/><F120/><W98/><G98/><T44/><D44/><U41/><E41/><V43/><F43/><W77/><G77/><T49/><D49/><U118/><E118/><V82/><F9/><W116/><G116/><T105/><D105/><U10/><E10/><V70/><F11/><W50/><G50/><T34/><D34/><AGARI ba="0,1" hai="1,3,27,29,34,40,46,48,60,64,71,86,91,92" machi="34" ten="30,2000,0" yaku="1,1,7,1,53,0" doraHai="109" doraHaiUra="119" who="3" fromWho="0" sc="250,-20,250,0,250,0,240,30" /><INIT seed="1,0,0,5,0,60" ten="230,250,250,270" oya="1" hai0="10,16,17,100,40,88,61,62,77,25,73,93,68" hai1="117,80,78,72,121,128,114,76,99,23,108,122,109" hai2="123,54,53,135,96,41,24,82,107,29,52,0,98" hai3="47,105,11,102,3,86,45,32,33,42,36,95,9"/><U106/><E76/><V75/><F0/><W66/><G105/><T97/><D40/><U104/><E114/><V110/><F123/><W131/><G131/><T119/><D119/><U38/><E38/><V22/><F135/><W44/><G3/><T8/><D73/><U103/><E117/><V48/><F110/><N who="1" m="42601" /><E23/><V94/><F107/><W129/><G129/><T18/><D77/><U46/><E46/><V125/><F125/><W56/><G33/><T49/><D49/><U124/><E124/><V115/><F115/><W5/><G32/><T51/><D51/><U50/><E50/><V26/><F75/><W15/><G47/><T130/><D130/><U35/><E35/><V83/><F41/><W70/><G45/><T74/><D74/><U116/><E128/><V20/><F48/><W30/><G44/><T113/><D113/><U19/><E116/><V134/><F134/><W84/><G42/><T2/><D25/><U79/><E79/><V120/><F120/><N who="1" m="46185" /><E19/><V37/><F37/><W85/><G36/><T13/><D18/><U55/><E55/><V57/><F22/><W132/><G11/><T14/><D68/><U67/><E67/><V58/><F26/><W1/><G70/><T28/><D28/><U90/><E90/><N who="2" m="55383" /><F57/><W81/><G30/><T127/><D127/><U7/><E7/><V63/><F58/><W112/><G56/><T133/><D133/><U34/><E34/><V31/><F31/><W91/><G132/><T126/><D126/><U4/><E4/><V59/><F59/><W43/><G112/><T118/><D118/><U64/><E64/><RYUUKYOKU ba="0,0" sc="230,-10,250,30,250,-10,270,-10" hai1="72,78,80,99,103,104,106" /><INIT seed="1,1,0,5,5,14" ten="220,280,240,260" oya="1" hai0="36,69,21,71,19,55,88,101,106,117,100,112,108" hai1="111,31,8,95,47,37,127,104,49,121,39,52,116" hai2="15,131,70,113,120,7,134,54,11,78,77,76,93" hai3="30,66,99,26,74,3,75,115,16,123,59,24,65"/><U33/><E116/><V91/><F120/><W105/><G123/><T51/><D112/><U62/><E121/><V81/><F113/><W29/><G3/><T18/><D36/><U46/><E127/><V27/><F70/><W5/><G115/><T61/><D117/><U63/><E104/><V25/><F131/><W90/><G59/><T83/><D108/><U102/><E111/><V98/><F134/><W103/><G90/><T43/><D106/><U1/><E33/><V12/><F81/><W57/><G5/><T109/><D109/><U50/><E31/><V35/><F35/><W40/><G40/><T0/><D0/><U84/><E1/><V132/><F132/><W44/><G44/><N who="0" m="26015" /><D69/><U92/><E8/><V56/><REACH who="2" step="1"/><F12/><REACH who="2" ten="220,280,230,260" step="2"/><W20/><G26/><T10/><D71/><U82/><E82/><V34/><F34/><W13/><G13/><N who="0" m="7479" /><D83/><U53/><REACH who="1" step="1"/><E102/><REACH who="1" ten="220,270,230,260" step="2"/><V9/><F9/><W128/><G103/><T133/><D133/><U73/><E73/><V96/><F96/><W22/><G99/><T125/><D125/><U64/><E64/><V28/><F28/><W129/><G30/><T89/><D100/><U124/><E124/><V72/><F72/><W32/><G75/><T79/><D101/><U45/><E45/><V122/><F122/><W135/><G29/><T67/><D67/><U68/><E68/><V42/><F42/><W38/><G66/><T110/><D110/><U4/><E4/><V119/><F119/><W2/><G65/><T126/><D126/><U17/><E17/><V41/><F41/><W97/><G16/><T80/><D19/><RYUUKYOKU ba="1,2" sc="220,-15,270,15,230,15,260,-15" hai1="37,39,46,47,49,50,52,53,62,63,84,92,95" hai2="7,11,15,25,27,54,56,76,77,78,91,93,98" /><INIT seed="1,2,2,0,3,17" ten="205,285,245,245" oya="1" hai0="87,8,101,16,50,36,45,104,37,47,43,57,63" hai1="97,79,19,84,115,77,10,32,119,110,132,46,14" hai2="125,78,15,112,61,66,4,51,72,59,122,91,93" hai3="13,100,26,80,52,48,114,96,68,56,73,3,86"/><U69/><E115/><V102/><F112/><W58/><G114/><T121/><D121/><U2/><E119/><V103/><F125/><W83/><G3/><T94/><D104/><U105/><E69/><V27/><F122/><W29/><G68/><T42/><D50/><U23/><E132/><V75/><F75/><W49/><G73/><T34/><D34/><U89/><E110/><V109/><F109/><W70/><G70/><T18/><D8/><U7/><E32/><V126/><F126/><W11/><G58/><T64/><D87/><U120/><E120/><V44/><F78/><W22/><G86/><T60/><REACH who="0" step="1"/><D63/><REACH who="0" ten="195,285,245,245" step="2"/><U107/><E107/><V108/><F108/><W0/><G49/><T106/><D106/><U90/><E105/><V124/><F124/><W5/><REACH who="3" step="1"/><G0/><REACH who="3" ten="195,285,245,235" step="2"/><T81/><D81/><U133/><E133/><V82/><F82/><W85/><G85/><T54/><D54/><U88/><E84/><V24/><F72/><W127/><G127/><T111/><D111/><U53/><E97/><AGARI ba="2,4" hai="16,18,36,37,42,43,45,47,57,60,64,94,97,101" machi="97" ten="40,5200,0" yaku="1,1,9,1,54,1,53,0" doraHai="17" doraHaiUra="131" who="0" fromWho="1" sc="195,98,285,-58,245,0,235,0" /><INIT seed="2,0,0,2,1,109" ten="293,227,245,235" oya="2" hai0="41,120,3,0,29,65,72,92,105,79,98,75,59" hai1="22,31,6,103,20,49,62,76,63,40,128,94,80" hai2="124,10,1,38,44,96,39,118,52,54,45,12,130" hai3="132,35,18,99,112,121,127,36,55,4,106,2,23"/><V133/><F118/><W87/><G121/><T15/><D105/><U123/><E123/><V16/><F1/><W77/><G36/><T7/><D120/><U51/><E128/><V58/><F130/><W8/><G35/><T71/><D71/><U117/><E117/><V30/><F133/><W89/><G132/><T125/><D41/><U91/><E103/><V110/><F110/><W116/><G127/><T134/><D29/><U13/><E62/><V114/><F124/><W28/><G28/><T93/><D93/><U81/><E63/><V69/><F69/><W68/><G68/><T14/><D75/><U53/><E49/><V95/><F30/><W78/><G116/><T107/><D107/><U27/><E20/><V25/><F25/><W102/><G55/><T34/><D65/><U42/><E13/><V90/><F114/><W32/><G112/><T82/><D15/><U64/><E6/><V60/><REACH who="2" step="1"/><F54/><REACH who="2" ten="293,227,235,235" step="2"/><W135/><G135/><T88/><D134/><U122/><E122/><V46/><AGARI ba="0,1" hai="10,12,16,38,39,44,45,46,52,58,60,90,95,96" machi="46" ten="30,12000,1" yaku="1,1,2,1,0,1,54,2,53,0" doraHai="109" doraHaiUra="21" who="2" fromWho="2" sc="293,-40,227,-40,235,130,235,-40" /><INIT seed="2,1,0,2,2,54" ten="253,187,365,195" oya="2" hai0="33,3,42,75,51,81,120,46,107,20,115,94,1" hai1="82,2,58,40,18,6,48,86,117,7,70,127,28" hai2="5,112,24,122,49,92,134,77,126,69,106,102,21" hai3="44,19,114,56,73,61,36,116,131,119,17,13,26"/><V8/><F122/><W4/><G73/><T78/><D33/><U79/><E127/><V124/><F69/><W113/><G131/><T74/><D107/><U135/><E135/><V96/><F112/><N who="3" m="43115" /><G4/><T37/><D120/><U15/><E117/><N who="3" m="45130" /><G26/><T55/><D74/><U60/><E70/><V52/><F134/><W99/><G99/><T66/><D66/><U123/><E28/><V68/><F68/><W76/><G76/><T23/><D115/><U108/><E108/><V12/><F77/><W104/><G104/><T91/><D1/><U128/><E128/><V84/><F84/><W39/><G44/><T88/><D3/><U43/><E123/><V30/><REACH who="2" step="1"/><F106/><REACH who="2" ten="253,187,355,195" step="2"/><W14/><G39/><T67/><D78/><U35/><E79/><V53/><F53/><W109/><G36/><T87/><D67/><U50/><E86/><V57/><AGARI ba="1,1" hai="5,8,12,21,24,30,49,52,57,92,96,102,124,126" machi="57" ten="30,11700,0" yaku="1,1,0,1,52,1,54,1,53,0" doraHai="54" doraHaiUra="130" who="2" fromWho="2" sc="253,-40,187,-40,355,130,195,-40" /><INIT seed="2,2,0,4,4,115" ten="213,147,485,155" oya="2" hai0="76,122,104,105,40,12,58,15,3,49,10,50,126" hai1="99,88,70,117,116,26,121,87,72,66,79,0,14" hai2="67,47,25,63,8,86,2,34,109,108,112,114,52" hai3="131,55,80,42,113,24,97,74,118,82,75,51,6"/><V98/><F98/><W59/><G113/><T100/><D126/><U90/><E0/><V53/><F86/><W28/><G131/><T23/><D122/><U106/><E121/><V13/><F2/><W110/><G110/><N who="2" m="42601" /><F25/><W96/><G6/><T83/><D3/><U124/><E124/><V22/><F22/><W29/><G24/><T132/><D23/><U33/><E14/><V5/><F34/><W69/><G80/><T65/><D100/><N who="1" m="62751" /><E90/><V38/><F53/><W85/><G55/><T48/><D15/><U94/><E26/><V68/><F38/><W91/><G29/><T111/><D111/><U77/><E33/><V89/><F89/><W18/><G91/><T9/><D12/><U103/><E103/><V36/><F36/><W130/><G28/><T61/><D104/><U123/><E123/><V35/><F35/><W21/><G85/><T62/><D105/><U27/><E27/><V129/><F129/><W56/><G21/><T54/><D10/><U71/><E77/><V133/><F133/><W135/><G135/><T73/><D132/><U31/><E31/><V32/><F32/><W127/><G127/><T128/><D9/><U95/><E95/><V30/><F30/><W46/><G130/><T44/><D128/><U16/><E16/><V57/><F47/><W93/><G46/><T60/><D54/><U1/><E1/><V64/><F64/><W7/><G18/><T4/><D4/><U17/><E17/><V37/><F37/><W39/><G39/><T45/><D45/><U84/><E72/><V134/><F134/><W120/><G75/><RYUUKYOKU ba="2,0" sc="213,15,147,-15,485,15,155,-15" hai0="40,44,48,49,50,58,60,61,62,65,73,76,83" hai2="5,8,13,52,57,63,67,68,112,114" /><INIT seed="2,3,0,0,2,23" ten="228,132,500,140" oya="2" hai0="92,35,88,50,19,54,128,5,42,68,29,77,59" hai1="72,32,113,24,133,101,64,98,97,16,114,14,134" hai2="82,52,130,80,0,99,43,129,49,61,104,4,31" hai3="110,100,103,132,102,119,48,131,58,41,106,12,8"/><V83/><F61/><W78/><G119/><T96/><D128/><N who="2" m="49258" /><F43/><W10/><G131/><T44/><D68/><U65/><E72/><V2/><F31/><W79/><G106/><T91/><D77/><N who="3" m="29193" /><G110/><T30/><D91/><U85/><E85/><V121/><F121/><W71/><G71/><T11/><D19/><U28/><E65/><V27/><F4/><W7/><G132/><N who="1" m="50794" /><E64/><V20/><F99/><N who="1" m="37897" /><E101/><V46/><F104/><W56/><G10/><AGARI ba="3,0" hai="10,14,16,24,28,32,113,114" m="37897,50794" machi="10" ten="30,3900,0" yaku="20,1,52,1,54,1" doraHai="23" who="1" fromWho="3" sc="228,0,132,48,500,0,140,-48" /><INIT seed="3,0,0,1,4,103" ten="228,180,500,92" oya="3" hai0="30,79,130,74,120,78,60,90,65,134,59,88,71" hai1="43,24,92,13,56,9,22,28,96,97,4,77,11" hai2="29,67,0,112,89,129,105,39,116,27,80,83,61" hai3="101,111,62,86,128,18,16,85,102,14,20,118,69"/><W121/><G118/><T73/><D120/><U107/><E77/><V70/><F39/><W115/><G121/><T52/><D134/><U21/><E43/><V17/><F116/><W68/><G115/><T64/><D130/><U91/><E9/><V42/><F42/><W93/><G128/><T25/><D78/><U108/><E108/><V72/><F112/><W75/><G75/><T50/><D65/><U100/><REACH who="1" step="1"/><E56/><REACH who="1" ten="228,170,500,92" step="2"/><V125/><F129/><W133/><G111/><T132/><D132/><U34/><AGARI ba="0,1" hai="4,11,13,21,22,24,28,34,91,92,96,97,100,107" machi="34" ten="20,12000,2" yaku="1,1,2,1,0,1,7,1,52,1,53,1" doraHai="103" doraHaiUra="5" who="1" fromWho="1" sc="228,-30,170,130,500,-30,92,-60" /><INIT seed="4,0,0,5,3,55" ten="198,300,470,32" oya="0" hai0="127,53,108,89,75,126,129,9,6,65,26,68,104" hai1="123,113,10,21,102,5,70,81,101,62,8,58,48" hai2="125,61,105,121,41,69,59,72,91,124,51,134,88" hai3="79,82,4,74,54,133,117,42,2,128,22,39,116"/><T95/><D104/><U0/><E123/><V38/><F105/><W112/><G128/><T115/><D75/><U110/><E110/><V37/><F72/><W1/><G133/><T57/><D129/><U11/><E113/><V94/><F121/><W25/><G112/><T131/><D131/><U135/><E135/><V19/><F134/><W119/><G4/><T31/><D65/><U92/><E70/><V46/><F69/><W56/><G42/><T77/><D77/><U87/><E48/><V80/><F80/><W99/><G99/><T17/><D17/><U28/><E5/><V50/><F19/><W120/><G39/><T45/><D45/><U114/><E0/><V20/><F20/><W97/><G97/><T86/><D68/><U47/><E47/><V73/><F50/><W98/><G98/><T63/><D108/><U106/><E106/><V85/><F91/><W24/><G24/><T29/><D115/><U18/><E28/><V93/><F93/><W100/><G100/><T44/><D44/><U111/><E92/><V13/><F13/><W84/><G74/><T122/><D122/><U3/><E3/><V52/><F73/><W12/><G12/><N who="0" m="5175" /><D26/><N who="1" m="14647" /><E111/><V15/><REACH who="2" step="1"/><F15/><REACH who="2" ten="198,300,460,32" step="2"/><W83/><G120/><T34/><D34/><U32/><E32/><V67/><F67/><W109/><G109/><T130/><D130/><U30/><E114/><V60/><F60/><N who="3" m="35863" /><G83/><T118/><D29/><U64/><E30/><V36/><AGARI ba="0,1" hai="36,37,38,41,46,51,52,59,61,85,88,94,124,125" machi="36" ten="40,8000,1" yaku="1,1,0,1,52,1,54,2,53,0" doraHai="55" doraHaiUra="96" who="2" fromWho="2" sc="198,-40,300,-20,460,90,32,-20" /><INIT seed="5,0,0,5,5,107" ten="158,280,550,12" oya="1" hai0="72,10,127,11,66,26,114,56,84,124,83,111,48" hai1="52,14,88,41,112,55,40,75,90,87,25,104,85" hai2="7,132,125,120,29,18,123,129,76,92,58,89,13" hai3="100,68,126,21,97,73,2,60,131,24,70,65,71"/><U78/><E112/><V51/><F125/><N who="0" m="48202" /><D111/><U108/><E104/><V4/><F129/><W32/><G126/><T8/><D114/><U105/><E105/><V42/><F132/><W69/><G131/><T49/><D26/><U39/><E25/><V117/><F117/><W46/><G46/><T81/><D66/><U110/><E14/><V15/><F29/><W95/><G2/><T28/><D56/><U31/><E31/><V74/><F15/><W1/><G1/><T59/><D59/><U17/><E17/><V115/><F115/><W34/><REACH who="3" step="1"/><G73/><REACH who="3" ten="158,280,550,2" step="2"/><T27/><D72/><U122/><E122/><V12/><F74/><W79/><G79/><N who="0" m="46143" /><D83/><U101/><E75/><V57/><F76/><W135/><G135/><T5/><D5/><U20/><E78/><V80/><F4/><W62/><G62/><T119/><D119/><U22/><REACH who="1" step="1"/><E39/><REACH who="1" ten="158,270,550,2" step="2"/><V36/><F7/><W103/><G103/><AGARI ba="0,2" hai="20,22,40,41,52,55,85,87,88,90,101,103,108,110" machi="103" ten="25,18000,2" yaku="1,1,2,1,22,2,54,2,53,0" doraHai="107" doraHaiUra="130" who="1" fromWho="3" sc="158,0,270,200,550,0,2,-180" owari="158,-24.0,470,27.0,550,65.0,-178,-68.0" /></mjloggm>