<mjloggm ver="2.3"><GO type="225" lobby="0"/><UN n0="%79%6A%69%72%6F" n1="%E3%81%AF%E3%82%88%E3%81%8A%E3%81%98%E3%81%95%E3%82%93" n2="%E3%81%95%E3%81%8D%E3%81%9F%E3%81%BE%E6%9E%97%E6%AA%8E" n3="%E8%A8%88%E7%AE%97%E6%A9%9F%E8%87%AA%E7%84%B6" dan="17,17,16,17" rate="2203.25,2141.21,2134.24,2261.07" sx="M,M,M,M"/><TAIKYOKU oya="0"/><INIT seed="0,0,0,0,2,82" ten="250,250,250,250" oya="0" hai0="32,79,95,19,135,15,127,93,80,78,7,21,108" hai1="129,45,88,9,98,128,49,29,59,70,13,26,42" hai2="107,87,47,119,73,63,123,25,54,35,60,126,50" hai3="66,56,130,133,118,106,53,64,125,36,39,1,11"/><T38/><D32/><U40/><E70/><V103/><F73/><W121/><G106/><T90/><D38/><N who="3" m="14377" /><G11/><T99/><D135/><U74/><E74/><V28/><F123/><W16/><G16/><T75/><D127/><U0/><E0/><V23/><F126/><W20/><G20/><T72/><D108/><U100/><E42/><V71/><F119/><W105/><G105/><T124/><D124/><U10/><E59/><V6/><F6/><W69/><G1/><T46/><D46/><U61/><E61/><V51/><F23/><W68/><G125/><T120/><D120/><U3/><E3/><V65/><F87/><W91/><G91/><T83/><D95/><U116/><E116/><V77/><F77/><W5/><G5/><AGARI ba="0,0" hai="5,7,15,19,21,72,75,78,79,80,83,90,93,99" machi="5" ten="40,2000,0" yaku="9,1" doraHai="82" who="0" fromWho="3" sc="250,20,250,0,250,0,250,-20" /><INIT seed="0,1,0,2,1,63" ten="270,250,250,230" oya="0" hai0="78,103,114,99,71,9,58,132,25,0,11,22,42" hai1="46,17,16,34,5,65,26,68,56,94,36,95,96" hai2="29,87,116,125,135,134,129,83,91,3,52,13,37" hai3="81,43,120,40,111,35,4,30,23,72,27,45,14"/><T127/><D114/><U31/><E68/><V51/><F3/><W86/><G111/><T18/><D71/><U101/><E5/><V93/><F37/><W80/><G120/><T128/><D128/><U57/><E57/><N who="2" m="32927" /><F116/><W74/><G80/><T59/><D127/><U77/><E77/><V112/><F112/><W32/><G40/><T133/><D78/><U89/><E46/><V67/><F125/><W90/><G4/><N who="0" m="1159" /><D11/><U12/><E36/><V7/><F129/><W20/><G20/><T50/><D50/><U53/><E12/><V48/><F48/><W69/><G69/><T97/><D97/><U33/><E34/><V109/><F109/><W2/><G2/><T54/><D54/><U60/><REACH who="1" step="1"/><E53/><REACH who="1" ten="270,240,250,230" step="2"/><V15/><F15/><W49/><REACH who="3" step="1"/><G14/><REACH who="3" ten="270,240,250,220" step="2"/><T98/><D42/><U104/><E104/><V119/><F13/><W124/><G124/><T38/><D38/><U6/><E6/><V115/><F7/><W1/><G1/><T123/><D123/><U85/><AGARI ba="1,2" hai="16,17,26,31,33,56,60,65,85,89,94,95,96,101" machi="85" ten="20,12000,2" yaku="1,1,0,1,7,1,52,1,54,1,53,1" doraHai="63" doraHaiUra="21" who="1" fromWho="1" sc="270,-61,240,143,250,-31,220,-31" /><INIT seed="1,0,0,4,0,66" ten="209,383,219,189" oya="1" hai0="130,107,74,113,94,69,83,86,42,23,57,81,96" hai1="80,54,14,76,110,95,60,99,15,90,116,124,3" hai2="70,19,56,6,132,119,100,88,97,115,44,45,33" hai3="121,0,12,13,120,58,133,17,89,104,46,59,40"/><U55/><E116/><V61/><F119/><W20/><G0/><T35/><D35/><U112/><E112/><V101/><F6/><W4/><G104/><T72/><D57/><U53/><E3/><V67/><F115/><W126/><G126/><T79/><D23/><U93/><E124/><V122/><F122/><W106/><G106/><T28/><D42/><U125/><E125/><V22/><F33/><W102/><G102/><N who="0" m="62919" /><D28/><U111/><E95/><V103/><F132/><W128/><G128/><T36/><D69/><U31/><E31/><V27/><F70/><W30/><G133/><T129/><D36/><U5/><E60/><V82/><F82/><N who="0" m="31242" /><D79/><U114/><E114/><V75/><F45/><W52/><G30/><T78/><D78/><U135/><E135/><V49/><F44/><W108/><G59/><T18/><D18/><U47/><E47/><V131/><F49/><W87/><G12/><T10/><D10/><U21/><E21/><V65/><F65/><W8/><G4/><T32/><D32/><U77/><E77/><V16/><F19/><W134/><G8/><T109/><D109/><N who="1" m="41483" /><E5/><V29/><F22/><W43/><G134/><T63/><D63/><U7/><E7/><V92/><F61/><N who="3" m="36039" /><G108/><T71/><D71/><U26/><E26/><V98/><F27/><W68/><G68/><T118/><D118/><U62/><E62/><V84/><F67/><W127/><G127/><T50/><D113/><U105/><E105/><V51/><F56/><W1/><G1/><T9/><D9/><U48/><E48/><V25/><F51/><N who="3" m="27079" /><G43/><T117/><D117/><RYUUKYOKU ba="0,0" sc="209,-15,383,15,219,-15,189,15" hai1="14,15,53,54,55,76,80,90,93,99" hai3="13,17,20,87,89,120,121" /><INIT seed="1,1,0,2,1,46" ten="194,398,204,204" oya="1" hai0="110,64,70,49,33,4,38,93,36,68,86,6,15" hai1="43,79,100,98,45,71,74,113,119,135,131,53,133" hai2="20,91,48,31,83,90,99,102,28,112,104,3,35" hai3="124,109,50,16,117,1,123,61,130,41,128,78,105"/><U62/><E113/><V19/><F3/><W40/><G123/><T9/><D33/><U27/><E119/><V39/><F39/><W76/><G1/><T80/><D110/><U21/><E131/><N who="3" m="50218" /><G105/><T60/><D70/><U67/><E53/><V92/><F112/><W65/><G109/><T87/><D6/><U55/><E55/><V94/><F104/><W23/><G124/><T51/><D93/><U89/><E89/><V10/><F10/><W37/><G37/><T24/><D87/><U107/><E79/><N who="3" m="30250" /><G50/><T115/><D115/><U17/><REACH who="1" step="1"/><E74/><REACH who="1" ten="194,388,204,204" step="2"/><V122/><F90/><W101/><G117/><T132/><D132/><U108/><E108/><V42/><F91/><W13/><G101/><T58/><D64/><U34/><E34/><V7/><F35/><W106/><G106/><T126/><D126/><U129/><E129/><V54/><F54/><W0/><G0/><T22/><D60/><U56/><E56/><AGARI ba="1,1" hai="13,16,23,40,41,56,61,65" m="30250,50218" machi="56" ten="30,2000,0" yaku="19,1,54,1" doraHai="46" who="3" fromWho="1" sc="194,0,388,-23,204,0,204,33" /><INIT seed="2,0,0,4,1,39" ten="194,365,204,237" oya="2" hai0="20,107,32,48,72,47,130,86,68,126,87,127,109" hai1="113,14,60,131,46,31,17,69,1,56,9,82,26" hai2="61,99,37,49,5,134,133,40,13,80,123,29,57" hai3="84,41,15,92,22,91,128,2,83,77,89,111,75"/><V97/><F123/><W115/><G2/><T43/><D32/><U122/><E113/><V18/><F5/><W100/><G115/><T121/><D121/><U108/><E122/><V27/><F37/><W114/><G114/><T81/><D107/><U73/><E69/><V62/><F80/><W63/><G111/><T53/><D109/><U65/><E108/><V119/><F119/><W117/><G117/><T118/><D118/><U33/><E131/><V45/><F99/><N who="3" m="59495" /><G75/><T51/><D68/><U6/><E46/><V101/><F27/><W52/><G41/><T50/><D130/><U16/><REACH who="1" step="1"/><E1/><REACH who="1" ten="194,355,204,237" step="2"/><V95/><F57/><N who="3" m="35239" /><G128/><T110/><D110/><U58/><E58/><V76/><F134/><W59/><G59/><T79/><D126/><U12/><E12/><V129/><F133/><W7/><G7/><T21/><D127/><U98/><E98/><V71/><F71/><W8/><G8/><T0/><D0/><U85/><E85/><V132/><F132/><W35/><G35/><T42/><D86/><U94/><E94/><V93/><F93/><W125/><G125/><T96/><D96/><U106/><E106/><V38/><F95/><W44/><G44/><N who="0" m="25631" /><D72/><U25/><E25/><V3/><F129/><W55/><G15/><T124/><D124/><U116/><E116/><V70/><F13/><W34/><G34/><T102/><D102/><U90/><E90/><N who="3" m="34314" /><G22/><T64/><D64/><U30/><E30/><V66/><F66/><W54/><AGARI ba="0,1" hai="54,55,77,83,84" m="34314,35239,59495" machi="54" ten="30,2000,0" yaku="8,1,54,1" doraHai="39" who="3" fromWho="3" sc="194,-5,355,-5,204,-10,237,30" /><INIT seed="3,0,0,5,5,69" ten="189,350,194,267" oya="3" hai0="98,58,124,53,60,36,123,120,118,132,73,57,93" hai1="3,49,50,89,65,56,114,130,113,40,66,110,86" hai2="101,22,75,46,82,20,80,67,17,23,111,4,117" hai3="122,43,8,37,116,70,1,106,88,6,9,96,21"/><W61/><G116/><T134/><D118/><U78/><E3/><V71/><F117/><W18/><G122/><T33/><D36/><U121/><E121/><V44/><F4/><W107/><G9/><T32/><D73/><U41/><E78/><V26/><F111/><W63/><G63/><T51/><D124/><U59/><E89/><V119/><F119/><W30/><G30/><T42/><D120/><U28/><E86/><V72/><F101/><W27/><G70/><T47/><D58/><U29/><E130/><V85/><F71/><W38/><G61/><T19/><D19/><U14/><E14/><N who="2" m="9271" /><F67/><W39/><REACH who="3" step="1"/><G43/><REACH who="3" ten="189,350,194,257" step="2"/><T84/><D123/><U129/><E129/><V135/><F135/><N who="0" m="51754" /><D84/><U35/><E35/><V45/><F75/><W79/><G79/><T83/><D83/><N who="2" m="31786" /><F72/><W2/><G2/><T7/><D7/><U25/><E25/><V16/><F85/><W131/><G131/><T77/><D77/><U97/><E97/><V31/><F22/><W81/><G81/><T100/><AGARI ba="0,1" hai="32,33,42,47,51,53,57,60,93,98,100" m="51754" machi="100" ten="30,1100,0" yaku="20,1" doraHai="69" who="0" fromWho="0" sc="189,21,350,-3,194,-3,257,-5" owari="210,-19.0,347,45.0,191,-31.0,252,5.0" /></mjloggm>