<mjloggm ver="2.3"><GO type="169" lobby="0"/><UN n0="%E4%B8%AD%E5%8D%92%E3%81%AE%E9%AB%98%E6%A9%8B" n1="%E8%99%8E%E7%8D%85%E3%81%8F%E3%82%93" n2="%E3%81%B5%E3%81%8F%E3%82%8D%E3%81%86%E3%81%95%E3%82%93" n3="%E5%85%8E%E5%8D%9A%E5%A3%AB" dan="16,17,18,16" rate="2113.50,2213.33,2222.17,2097.85" sx="M,M,F,F"/><TAIKYOKU oya="0"/><INIT seed="0,0,0,2,4,61" ten="250,250,250,250" oya="0" hai0="93,112,87,32,15,51,69,2,103,119,131,6,126" hai1="86,36,34,45,90,13,94,46,75,108,95,82,3" hai2="25,21,18,28,38,102,54,24,114,0,39,130,9" hai3="123,11,49,29,80,58,81,127,60,89,65,77,44"/><T41/><D112/><U53/><E3/><V67/><F114/><W37/><G123/><T50/><D119/><U97/><E108/><V27/><F130/><W20/><G127/><T124/><D32/><U48/><E34/><V115/><F115/><W8/><G37/><T73/><D73/><U109/><E109/><V135/><F135/><W14/><G89/><T132/><D2/><U92/><E75/><V42/><F102/><W128/><G128/><T134/><D69/><U19/><E36/><V17/><F54/><W107/><G107/><T23/><D23/><U30/><E30/><V31/><F42/><N who="3" m="24727" /><G77/><T1/><D1/><U71/><E71/><V122/><F122/><W98/><G98/><N who="0" m="59855" /><D87/><U121/><E121/><V106/><F106/><W63/><G63/><T7/><D131/><U101/><REACH who="1" step="1"/><E45/><REACH who="1" ten="250,240,250,250" step="2"/><V4/><F39/><W64/><G29/><N who="2" m="11337" /><F38/><W84/><G58/><T118/><D134/><U117/><E117/><V113/><F113/><W12/><G20/><AGARI ba="0,1" hai="13,19,20,46,48,53,82,86,90,92,94,95,97,101" machi="20" ten="30,3900,0" yaku="1,1,7,1,8,1,53,0" doraHai="61" doraHaiUra="133" who="1" fromWho="3" sc="250,0,240,49,250,0,250,-39" /><INIT seed="1,0,0,0,1,26" ten="250,289,250,211" oya="1" hai0="39,75,74,47,21,63,18,45,97,77,31,117,113" hai1="33,5,43,7,56,132,98,105,55,130,51,53,58" hai2="17,82,11,6,114,72,65,135,99,40,85,134,36" hai3="106,73,115,49,81,46,88,124,84,95,133,91,22"/><U30/><E130/><V15/><F114/><W71/><G115/><T41/><D113/><U60/><E132/><V20/><F72/><W129/><G129/><T70/><D117/><U96/><E43/><V100/><F65/><W76/><G133/><T116/><D116/><U28/><E33/><V94/><F36/><W128/><G128/><T101/><D77/><U54/><E54/><V120/><F120/><W4/><G124/><T52/><D70/><U86/><E86/><V121/><F121/><W42/><G71/><T104/><D31/><N who="1" m="11819" /><E105/><V23/><F23/><W67/><G67/><T37/><D37/><U62/><E62/><V66/><F66/><W32/><G32/><T112/><D112/><U90/><E90/><BYE who="2" /><V92/><F92/><W29/><G29/><T80/><BYE who="3" /><D63/><UN n2="%E3%81%B5%E3%81%8F%E3%82%8D%E3%81%86%E3%81%95%E3%82%93" /><U3/><E3/><V93/><F93/><W8/><G8/><T118/><D118/><U50/><E50/><V110/><F40/><UN n3="%E5%85%8E%E5%8D%9A%E5%A3%AB" /><W89/><G106/><T27/><D80/><U10/><E10/><V14/><F135/><W131/><G131/><T12/><D52/><U13/><E13/><V102/><F134/><W59/><G59/><T78/><D12/><U125/><E125/><V16/><F14/><W108/><G108/><T111/><D111/><U103/><E103/><V109/><F102/><W123/><G123/><T44/><D75/><U61/><E61/><V0/><F17/><W9/><REACH who="3" step="1"/><G22/><REACH who="3" ten="250,289,250,201" step="2"/><T35/><D35/><U122/><E122/><V48/><F110/><W107/><G107/><T79/><D74/><U64/><E64/><V68/><F109/><W1/><AGARI ba="0,1" hai="1,4,9,42,46,49,73,76,81,84,88,89,91,95" machi="1" ten="20,12000,2" yaku="1,1,5,1,0,1,7,1,54,1,53,1" doraHai="26" doraHaiUra="34" who="3" fromWho="3" sc="250,-30,289,-60,250,-30,201,130" /><INIT seed="2,0,0,2,0,19" ten="220,229,220,331" oya="2" hai0="61,102,84,11,52,30,59,10,134,122,107,5,64" hai1="132,94,15,126,133,57,42,46,120,89,90,65,109" hai2="22,79,51,24,26,2,72,31,18,9,93,106,85" hai3="97,38,82,81,124,115,27,12,58,91,87,73,43"/><V96/><F72/><W121/><G121/><T110/><D122/><U123/><E109/><V128/><F128/><W47/><G115/><T98/><D110/><U54/><E65/><V34/><F106/><W83/><G124/><T117/><D117/><U95/><E15/><V125/><F125/><W75/><G75/><T48/><D134/><N who="1" m="51819" /><E126/><V135/><F135/><W77/><G82/><T13/><D30/><U86/><E54/><V131/><F131/><W76/><G91/><T60/><D84/><N who="1" m="52519" /><E57/><V101/><F79/><W17/><G97/><T63/><REACH who="0" step="1"/><D10/><REACH who="0" ten="210,229,220,331" step="2"/><U16/><E16/><V68/><F85/><W50/><G87/><T1/><D1/><U41/><E41/><V111/><F111/><W4/><G73/><T105/><D105/><U130/><E130/><V39/><F39/><AGARI ba="0,1" hai="39,42,46,86,90,95,120,123" m="52519,51819" machi="39" ten="30,1000,0" yaku="20,1" doraHai="19" who="1" fromWho="2" sc="210,0,229,20,220,-10,331,0" /><INIT seed="3,0,0,0,3,76" ten="210,249,210,331" oya="3" hai0="83,92,80,75,5,9,98,26,48,77,41,78,52" hai1="105,115,34,72,2,59,31,47,62,46,128,89,118" hai2="71,17,39,7,87,132,27,109,79,74,6,99,70" hai3="126,100,19,93,117,86,28,11,29,22,37,104,129"/><W65/><G117/><T3/><D41/><U1/><E115/><V33/><F74/><W133/><G37/><T96/><D26/><U114/><E114/><V53/><F39/><W40/><G40/><T107/><D92/><U113/><E113/><V67/><F109/><W101/><G104/><T97/><D107/><U116/><E72/><V18/><F132/><W21/><G133/><T102/><D102/><U50/><E89/><V123/><F123/><W0/><G0/><T4/><D4/><U130/><E105/><V69/><F67/><W32/><G32/><T42/><D42/><N who="1" m="24919" /><E47/><V15/><F99/><W73/><G73/><T56/><D98/><U125/><E125/><V51/><F33/><W120/><G120/><T20/><D20/><U82/><E82/><V85/><F27/><W8/><G126/><T43/><D43/><U25/><E1/><V119/><F119/><N who="1" m="45609" /><E2/><V49/><F79/><W16/><G93/><T10/><D10/><U58/><E58/><V131/><F71/><W135/><G135/><T35/><D35/><U23/><E34/><V81/><F53/><AGARI ba="0,0" hai="23,25,31,53,59,62,128,130" m="45609,24919" machi="53" ten="30,1000,0" yaku="12,1" doraHai="76" who="1" fromWho="2" sc="210,0,249,10,210,-10,331,0" /><INIT seed="4,0,0,3,3,53" ten="210,259,200,331" oya="0" hai0="104,121,103,109,88,40,2,29,76,44,122,77,30" hai1="5,58,27,127,63,86,80,62,41,67,12,36,31" hai2="4,57,96,50,1,113,52,17,89,35,32,124,49" hai3="65,83,117,71,78,72,98,39,56,45,94,59,8"/><T55/><D2/><U11/><E127/><V38/><F38/><W61/><G117/><T97/><D109/><U69/><E36/><V37/><F37/><W114/><G114/><T0/><D0/><U133/><E133/><V9/><F113/><W126/><G126/><T99/><D40/><U119/><E41/><V7/><F124/><W24/><G8/><T106/><D44/><U130/><E130/><V16/><F7/><W70/><G70/><T107/><D55/><U110/><E110/><V20/><F49/><W85/><G72/><T108/><D108/><U132/><E132/><V84/><F96/><W48/><G39/><T15/><D15/><U22/><E119/><V64/><F64/><W135/><G135/><T123/><D88/><N who="1" m="51271" /><E69/><V60/><F60/><AGARI ba="0,0" hai="5,11,12,22,27,31,58,60,62,63,67" m="51271" machi="60" ten="30,3900,0" yaku="8,1,52,1,54,1" doraHai="53" who="1" fromWho="2" sc="210,0,259,39,200,-39,331,0" /><INIT seed="5,0,0,4,0,23" ten="210,298,161,331" oya="1" hai0="115,40,32,71,43,79,20,117,33,82,38,36,89" hai1="0,126,90,101,37,114,13,130,133,108,113,47,104" hai2="10,45,9,92,16,48,102,5,68,8,52,88,65" hai3="27,12,124,42,122,31,118,83,84,59,109,61,103"/><U78/><E0/><V63/><F102/><W105/><G122/><T28/><D71/><U95/><E13/><V74/><F74/><W50/><G109/><T15/><D117/><U29/><E29/><V97/><REACH who="2" step="1"/><F16/><REACH who="2" ten="210,298,151,331" step="2"/><W125/><G118/><T123/><D123/><U44/><E101/><V18/><F18/><W25/><G125/><T120/><D120/><U41/><E126/><V55/><F55/><W127/><G124/><T75/><D75/><U116/><E116/><V100/><F100/><W99/><G127/><T4/><D43/><U46/><E41/><V53/><F53/><W110/><G110/><T73/><D40/><U60/><E108/><V98/><F98/><W72/><G99/><T2/><D73/><U77/><E114/><V121/><F121/><W135/><G72/><T49/><D115/><U106/><E113/><V14/><AGARI ba="0,1" hai="5,8,9,10,14,45,48,52,63,65,68,88,92,97" machi="14" ten="20,12000,2" yaku="1,1,0,1,7,1,54,2,53,1" doraHai="23" doraHaiUra="56" who="2" fromWho="2" sc="210,-30,298,-60,151,130,331,-30" /><INIT seed="6,0,0,2,1,35" ten="180,238,281,301" oya="2" hai0="113,131,21,56,78,47,67,107,37,2,93,116,110" hai1="60,41,46,89,10,49,20,72,100,77,34,44,83" hai2="81,94,64,102,69,74,126,54,22,23,99,73,87" hai3="128,26,62,112,42,28,108,133,101,7,82,120,8"/><V50/><F126/><W63/><G120/><T76/><D107/><U134/><E34/><V132/><F132/><W70/><G133/><T97/><D110/><U16/><E134/><V58/><F69/><W6/><G108/><T38/><D113/><U75/><E100/><V79/><F64/><W92/><G112/><T17/><D131/><U127/><E127/><V104/><F74/><W105/><G105/><T4/><D116/><U96/><E60/><V51/><F51/><W5/><G128/><T98/><D98/><U117/><E117/><V119/><F119/><W80/><G8/><T125/><D125/><U130/><E130/><V14/><F14/><W135/><G135/><T59/><D78/><U15/><E75/><V32/><F32/><W12/><G12/><T0/><D76/><U123/><E123/><V65/><F65/><W129/><G129/><T66/><D4/><U88/><E96/><V13/><F13/><W109/><G109/><T111/><D111/><U9/><E9/><V43/><F43/><W114/><G114/><T25/><D66/><U33/><E33/><V19/><F19/><W40/><G70/><T84/><D84/><U45/><E45/><V122/><F122/><W91/><G101/><T57/><D67/><U90/><E46/><V29/><F29/><W103/><G103/><N who="0" m="60847" /><D47/><U24/><REACH who="1" step="1"/><E90/><AGARI ba="0,0" hai="22,23,50,54,58,73,79,81,87,90,94,99,102,104" machi="90" ten="40,3900,0" yaku="24,2" doraHai="35" who="2" fromWho="1" sc="180,0,238,-39,281,39,301,0" /><INIT seed="6,1,0,5,2,77" ten="180,199,320,301" oya="2" hai0="76,109,113,12,31,55,18,19,54,98,114,36,45" hai1="61,44,86,96,94,2,111,25,93,57,10,102,8" hai2="132,37,126,38,59,100,118,75,71,83,89,14,24" hai3="91,22,62,60,67,51,15,121,124,125,7,17,78"/><V50/><F71/><W40/><G121/><T127/><D109/><U122/><E122/><V70/><F70/><W13/><G78/><T128/><D128/><U133/><E133/><V88/><F100/><W56/><G62/><T131/><D131/><U1/><E111/><V0/><F0/><W95/><G40/><T99/><D31/><U85/><E25/><V26/><F38/><W135/><G135/><T4/><D4/><U39/><E1/><V104/><F104/><W129/><G129/><T72/><D127/><N who="3" m="48713" /><G51/><T90/><D36/><U46/><E2/><V107/><F107/><W21/><G7/><T110/><D110/><U80/><E94/><V53/><F118/><W79/><G79/><T16/><D12/><N who="3" m="4681" /><G17/><T123/><D123/><U32/><E39/><V119/><F119/><W74/><G74/><T33/><D54/><U68/><E68/><V103/><F132/><W134/><G134/><T115/><D33/><U108/><E32/><V101/><F75/><W20/><G20/><T6/><D6/><U117/><E117/><V43/><F126/><W35/><G35/><T84/><D76/><N who="1" m="46215" /><E108/><V105/><F105/><W11/><G11/><T97/><D72/><U9/><E9/><V69/><F69/><W130/><G130/><T48/><D19/><U41/><E41/><V120/><F120/><W65/><G65/><T52/><D55/><N who="1" m="33983" /><E8/><V82/><F43/><W63/><G63/><T92/><AGARI ba="1,0" hai="16,18,45,48,52,84,90,92,97,98,99,113,114,115" machi="92" ten="40,8000,1" yaku="0,1,15,1,54,2" doraHai="77" who="0" fromWho="0" sc="180,83,199,-21,320,-41,301,-21" /><INIT seed="7,0,0,0,5,30" ten="263,178,279,280" oya="3" hai0="111,80,48,72,82,24,122,13,121,100,5,11,125" hai1="66,116,51,54,59,46,22,0,20,15,4,123,77" hai2="128,23,63,88,119,47,25,118,49,1,95,6,106" hai3="102,73,34,109,130,18,38,79,81,27,107,40,58"/><W101/><G18/><T39/><D39/><U42/><E123/><V126/><F106/><W26/><G26/><T65/><D111/><U64/><E116/><V52/><F128/><W9/><G9/><T43/><D125/><U68/><E0/><V55/><F126/><W96/><G101/><T134/><D134/><U67/><E77/><V7/><F1/><W32/><G58/><T53/><D43/><U74/><E74/><V16/><F119/><W28/><G130/><T114/><D114/><U120/><E68/><V110/><F110/><W83/><G83/><T71/><D100/><U45/><E120/><V104/><F104/><W56/><G56/><T10/><D24/><U36/><REACH who="1" step="1"/><E59/><REACH who="1" ten="263,168,279,280" step="2"/><N who="2" m="35303" /><F118/><W61/><G61/><T103/><D72/><U89/><E89/><V14/><F14/><W98/><G109/><T19/><D121/><U75/><E75/><V93/><F93/><W94/><G102/><T37/><D122/><U92/><E92/><V113/><F113/><W33/><G94/><T21/><D103/><U86/><E86/><AGARI ba="0,1" hai="6,7,16,23,25,47,49,55,86,88,95" m="35303" machi="86" ten="30,7700,0" yaku="8,1,54,3" doraHai="30" who="2" fromWho="1" sc="263,0,168,-77,279,87,280,0" owari="263,-14.0,91,-41.0,366,47.0,280,8.0" /></mjloggm>