<mjloggm ver="2.3"><GO type="185" lobby="0"/><UN n0="%4B%69%64%6F%37%35%30%30" n1="%E5%BF%AB%E9%81%A9" n2="%E3%81%82%E3%81%96%E3%81%B6" n3="" dan="16,17,17,0" rate="2118.13,2290.16,2247.22,1500.00" sx="M,M,M,C"/><TAIKYOKU oya="0"/><INIT seed="0,0,0,2,0,32" ten="350,350,350,0" oya="0" hai0="72,112,66,107,121,103,1,86,50,104,77,47,81" hai1="100,40,124,99,61,55,59,35,70,57,85,69,108" hai2="109,133,114,33,43,83,111,97,116,3,80,89,105" hai3=""/><T102/><N who="0" m="31008" /><T44/><D112/><U76/><E35/><V92/><F33/><T63/><D44/><U132/><E108/><N who="2" m="41547" /><F43/><T42/><D1/><U120/><N who="1" m="30752" /><U34/><E132/><V79/><F114/><T84/><D84/><U54/><E124/><V62/><F62/><T95/><D103/><U71/><E34/><V123/><N who="2" m="31520" /><V2/><F133/><T110/><D110/><U90/><E76/><V39/><F39/><T96/><REACH who="0" step="1"/><D72/><REACH who="0" ten="340,350,350,0" step="2"/><U48/><E40/><V131/><F116/><T94/><D94/><U78/><E78/><V127/><F127/><T45/><D45/><U117/><E117/><V82/><F79/><T38/><D38/><U115/><E115/><V37/><F37/><T64/><D64/><U98/><REACH who="1" step="1"/><E100/><REACH who="1" ten="340,340,350,0" step="2"/><V101/><F131/><T53/><D53/><U74/><E74/><V128/><F128/><T73/><D73/><U126/><E126/><V87/><AGARI ba="0,2" hai="2,3,80,82,83,87,89,92,97,101,105" m="31520,41547" machi="87" ten="30,5900,0" yaku="14,1,52,3" doraHai="32" who="2" fromWho="2" sc="340,-39,340,-20,350,79,0,0" /><INIT seed="1,0,0,4,4,92" ten="301,320,429,0" oya="1" hai0="127,113,129,66,99,43,130,123,90,93,74,68,87" hai1="34,58,53,126,69,2,81,111,51,57,32,36,120" hai2="45,55,115,88,131,71,67,110,62,78,132,48,42" hai3=""/><U89/><N who="1" m="30752" /><U124/><E2/><V75/><F110/><T86/><N who="0" m="31520" /><T56/><D113/><U121/><N who="1" m="31008" /><U44/><E111/><V39/><F115/><T80/><D43/><U117/><E117/><V128/><F132/><T108/><D108/><U122/><N who="1" m="31264" /><U116/><E116/><V37/><F37/><T104/><D68/><U82/><E69/><V0/><F0/><T63/><D104/><U33/><E58/><V94/><F78/><T1/><D1/><U72/><E72/><V103/><F103/><T64/><D64/><U38/><E36/><V73/><F73/><T35/><D35/><U47/><E89/><V46/><REACH who="2" step="1"/><F75/><REACH who="2" ten="301,320,419,0" step="2"/><T105/><D74/><U107/><E38/><V109/><F109/><T98/><D127/><N who="1" m="48683" /><E107/><V106/><F106/><T95/><D105/><U119/><E119/><V125/><F125/><T61/><D130/><U134/><E134/><V54/><F54/><T135/><D135/><U118/><E118/><V85/><AGARI ba="0,1" hai="39,42,45,46,48,55,62,67,71,85,88,94,128,131" machi="85" ten="30,3000,0" yaku="1,1,0,1,54,1,53,0" doraHai="92" doraHaiUra="102" who="2" fromWho="2" sc="301,-10,320,-20,419,40,0,0" /><INIT seed="2,0,0,1,2,123" ten="291,300,459,0" oya="2" hai0="111,91,35,62,117,84,81,90,126,94,78,37,119" hai1="95,33,34,72,45,53,44,52,65,134,131,129,75" hai2="67,74,38,85,49,88,110,93,54,39,70,130,55" hai3=""/><V40/><F74/><T105/><D37/><U48/><E65/><V59/><F130/><T109/><D35/><U68/><E95/><V116/><F116/><N who="0" m="44618" /><D105/><U56/><E56/><V96/><F40/><T114/><D62/><U63/><E63/><V36/><F70/><T125/><D114/><U100/><E48/><V113/><F113/><T82/><D82/><U43/><E43/><V99/><F67/><T104/><D104/><U58/><E58/><V51/><REACH who="2" step="1"/><F110/><REACH who="2" ten="291,300,449,0" step="2"/><N who="0" m="41994" /><D91/><U2/><E68/><V42/><F42/><T122/><N who="0" m="31264" /><T3/><D3/><U79/><E2/><V92/><F92/><T83/><D83/><U128/><E128/><V57/><AGARI ba="0,1" hai="36,38,39,49,51,54,55,57,59,85,88,93,96,99" machi="57" ten="30,7800,0" yaku="1,1,0,1,9,1,54,1,53,0" doraHai="123" doraHaiUra="76" who="2" fromWho="2" sc="291,-39,300,-39,449,88,0,0" /><INIT seed="2,1,0,5,0,129" ten="252,261,537,0" oya="2" hai0="79,43,89,0,90,134,125,75,105,33,80,110,2" hai1="135,37,53,124,114,71,98,35,58,34,123,115,64" hai2="50,55,44,97,42,62,132,109,120,99,36,41,108" hai3=""/><V59/><N who="2" m="30752" /><V104/><F132/><T96/><D33/><U66/><N who="1" m="31520" /><U70/><E37/><V61/><F42/><T56/><D125/><U118/><E98/><N who="2" m="37387" /><F104/><T116/><D134/><U128/><E135/><V130/><F130/><T57/><D116/><U131/><E58/><V72/><F72/><T68/><D68/><U92/><E53/><V87/><F87/><T112/><D43/><U113/><E115/><V67/><F61/><T84/><D57/><U121/><N who="1" m="31008" /><U73/><E92/><V85/><F85/><T82/><D2/><U117/><E73/><V60/><F60/><T102/><D112/><U122/><N who="1" m="31264" /><U1/><REACH who="1" step="1"/><E124/><REACH who="1" ten="252,251,537,0" step="2"/><V46/><F36/><T93/><D56/><U127/><E127/><V54/><F54/><T38/><D38/><U106/><E106/><V133/><F133/><T126/><D126/><U94/><E94/><V91/><F55/><T52/><D52/><U51/><E51/><V65/><F50/><T81/><D0/><AGARI ba="1,1" hai="0,1,34,35,64,66,70,71,113,114,117,118,128,131" m="31264,31008,31520" machi="0" ten="25,12000,2" yaku="1,1,22,2,52,3,53,0" doraHai="129" doraHaiUra="101" who="1" fromWho="0" sc="252,-122,251,132,537,0,0,0" /><INIT seed="4,0,0,4,5,61" ten="130,383,537,0" oya="0" hai0="77,85,102,38,57,44,82,92,116,53,106,133,56" hai1="52,41,99,118,68,50,98,47,96,36,64,70,126" hai2="134,62,46,112,40,90,42,45,84,34,101,87,73" hai3=""/><T120/><N who="0" m="30752" /><T130/><D116/><U109/><E118/><V89/><F34/><T103/><D133/><U105/><E126/><V132/><F73/><T49/><D130/><U131/><E109/><V91/><F101/><T129/><D129/><U104/><E131/><V121/><N who="2" m="31008" /><V88/><F62/><T67/><D106/><U93/><E93/><V76/><F76/><T94/><D38/><U54/><E54/><V37/><F112/><T55/><D67/><U122/><N who="1" m="31264" /><U127/><E127/><V110/><F110/><T69/><D69/><U0/><E0/><V66/><F66/><T3/><D3/><U108/><E108/><V115/><F115/><T59/><D55/><U83/><E68/><V48/><REACH who="2" step="1"/><F87/><REACH who="2" ten="130,383,527,0" step="2"/><T63/><D63/><U125/><E125/><V95/><AGARI ba="0,1" hai="37,40,42,45,46,48,84,88,89,90,91,95,132,134" m="31008" machi="95" ten="30,6000,1" yaku="1,1,2,1,0,1,52,1,54,1,53,0" doraHai="61" doraHaiUra="97" who="2" fromWho="2" sc="130,-40,383,-20,527,70,0,0" /><INIT seed="5,0,0,0,0,98" ten="90,363,597,0" oya="1" hai0="119,104,85,100,60,93,67,92,41,80,90,134,73" hai1="49,101,107,68,106,46,71,64,45,108,111,65,51" hai2="78,53,33,56,128,110,47,76,32,42,75,96,124" hai3=""/><U70/><E106/><V2/><F110/><N who="1" m="42025" /><E107/><V34/><F2/><T87/><D41/><U89/><E89/><V97/><F124/><T132/><D60/><U63/><E101/><V61/><F128/><T133/><D67/><N who="1" m="25675" /><E63/><V66/><F66/><T130/><D130/><U86/><E86/><V94/><F75/><T79/><D119/><U57/><E57/><V95/><F96/><T82/><D87/><U52/><E71/><V102/><REACH who="2" step="1"/><F94/><REACH who="2" ten="90,363,587,0" step="2"/><T118/><D118/><U74/><E74/><V117/><F117/><T116/><D116/><U123/><N who="1" m="31520" /><U103/><E103/><V131/><F131/><T113/><D113/><U122/><N who="1" m="31264" /><U77/><E77/><V83/><F83/><T72/><D72/><U81/><E81/><V112/><F112/><T35/><D35/><U115/><E115/><V1/><F1/><T55/><D55/><U109/><E109/><V99/><F99/><AGARI ba="0,1" hai="73,79,80,82,85,90,92,93,99,100,104,132,133,134" machi="99" ten="40,8000,1" yaku="20,1,34,3,52,1" doraHai="98" who="0" fromWho="2" sc="90,90,363,0,587,-80,0,0" /><INIT seed="6,0,0,2,5,98" ten="180,363,507,0" oya="2" hai0="134,65,89,3,129,86,92,63,125,33,103,91,123" hai1="82,79,112,88,105,50,90,114,87,2,84,77,128" hai2="61,85,69,51,76,75,132,56,64,122,70,58,118" hai3=""/><V93/><N who="2" m="31264" /><V100/><F118/><T54/><N who="0" m="31520" /><T106/><D33/><U32/><E50/><V45/><F132/><T117/><D3/><U38/><E38/><V72/><F58/><T127/><D117/><U81/><E32/><V36/><F36/><T80/><D134/><U48/><E48/><V66/><F66/><T126/><D129/><U99/><E2/><V110/><F110/><T55/><D54/><U95/><E105/><V0/><F0/><T78/><D55/><U133/><E133/><V115/><F115/><T71/><D63/><U40/><E40/><V96/><F70/><T35/><D65/><U37/><E37/><V135/><F69/><T97/><D71/><U49/><E49/><V102/><F135/><T116/><D35/><U101/><E128/><V42/><F42/><T119/><D91/><U73/><E90/><V107/><F51/><T120/><N who="0" m="30752" /><T34/><REACH who="0" step="1"/><D34/><REACH who="0" ten="170,363,507,0" step="2"/><U68/><E68/><V104/><F61/><T60/><D60/><U130/><E130/><V62/><F62/><T59/><D59/><U83/><AGARI ba="0,1" hai="73,77,79,81,82,83,84,87,88,95,99,101,112,114" machi="83" ten="30,9000,2" yaku="0,1,34,3,52,1,54,1" doraHai="98" who="1" fromWho="1" sc="170,-30,363,100,507,-60,0,0" owari="140,-46.0,463,41.0,447,5.0,0,0.0" /></mjloggm>