<mjloggm ver="2.3"><GO type="185" lobby="0"/><UN n0="%E3%83%86%E3%82%A4%E3%83%A9%E3%83%BC%E3%83%92%E3%83%AB" n1="%4B%69%64%6F%37%35%30%30" n2="%E3%81%82%E3%81%96%E3%81%B6" n3="" dan="16,16,17,0" rate="2198.12,2112.64,2247.08,1500.00" sx="F,M,M,C"/><TAIKYOKU oya="0"/><INIT seed="0,0,0,3,2,123" ten="350,350,350,0" oya="0" hai0="38,92,119,65,133,34,51,95,0,115,35,99,64" hai1="52,41,55,47,98,97,121,113,76,135,71,48,103" hai2="53,77,84,60,79,116,63,1,42,126,101,61,105" hai3=""/><T49/><D0/><U82/><N who="1" m="31008" /><U106/><E113/><V96/><F1/><T114/><D99/><U131/><E135/><V68/><F126/><T78/><D78/><U59/><E71/><V3/><F3/><T110/><D38/><U81/><E131/><V44/><F116/><T54/><D54/><U118/><E118/><V122/><N who="2" m="31264" /><V130/><F130/><T128/><D128/><U45/><E97/><V67/><F53/><T43/><D43/><U100/><E103/><V87/><F79/><T112/><D114/><U132/><E132/><V80/><REACH who="2" step="1"/><F84/><REACH who="2" ten="350,350,340,0" step="2"/><T39/><D119/><U75/><E76/><V72/><F72/><T46/><D133/><U134/><E75/><V93/><F93/><T88/><D92/><U94/><E134/><V56/><F56/><T125/><D95/><U89/><E106/><V117/><F117/><T58/><D58/><U127/><E127/><V69/><F69/><T120/><D125/><U124/><E124/><V62/><F62/><T2/><N who="0" m="30752" /><T104/><D2/><U91/><E82/><V90/><F90/><T111/><D88/><U70/><E81/><V57/><F57/><T129/><D129/><U50/><E70/><V32/><F32/><T109/><D104/><RYUUKYOKU ba="0,1" sc="350,-20,350,10,340,10,0,0" hai1="41,45,47,48,50,52,55,59,89,91,94,98,100" hai2="42,44,60,61,63,67,68,77,80,87,96,101,105" /><INIT seed="1,1,1,1,0,126" ten="330,360,350,0" oya="1" hai0="83,44,52,93,112,75,55,2,101,84,53,90,118" hai1="62,36,39,125,91,103,89,45,116,127,102,63,120" hai2="58,46,124,122,132,74,0,123,96,104,80,94,50" hai3=""/><U1/><N who="1" m="30752" /><U130/><E116/><V82/><N who="2" m="31264" /><V40/><N who="2" m="31520" /><V47/><F0/><T57/><D2/><U108/><E45/><V95/><F124/><T81/><D118/><U65/><E108/><V117/><F117/><T100/><D112/><U73/><E73/><V43/><F132/><T59/><D44/><U133/><E1/><V109/><F109/><T77/><D100/><U131/><E65/><V97/><F58/><T69/><D69/><U70/><E70/><V79/><F104/><T107/><D81/><U92/><E92/><V129/><F79/><T88/><D90/><U135/><AGARI ba="1,1" hai="36,39,62,63,89,91,102,103,125,127,130,131,133,135" m="30752" machi="135" ten="25,12000,2" yaku="0,1,22,2,52,3" doraHai="126" who="1" fromWho="1" sc="330,-61,360,132,350,-61,0,0" /><INIT seed="1,2,0,1,0,37" ten="269,492,289,0" oya="1" hai0="72,97,75,130,95,3,103,117,107,98,59,48,64" hai1="82,93,79,40,127,58,135,33,119,68,81,131,99" hai2="47,52,96,46,102,77,32,109,118,38,56,100,90" hai3=""/><U49/><E119/><V51/><F118/><T91/><D117/><U71/><E33/><V89/><F32/><T85/><D3/><U70/><E135/><V125/><F109/><T65/><D130/><U101/><E131/><V132/><F132/><T55/><D72/><U0/><E0/><V111/><F111/><T108/><D108/><U41/><E127/><V43/><F125/><T116/><D116/><U44/><E58/><V128/><F77/><T106/><D75/><U36/><REACH who="1" step="1"/><E79/><REACH who="1" ten="269,482,289,0" step="2"/><V115/><F128/><T113/><D113/><U83/><E83/><V53/><F115/><T80/><D107/><U42/><E42/><V114/><F114/><T76/><AGARI ba="2,1" hai="48,55,59,64,65,76,80,85,91,95,97,98,103,106" machi="76" ten="20,1100,0" yaku="0,1,7,1" doraHai="37" who="0" fromWho="0" sc="269,25,482,-9,289,-6,0,0" /><BYE who="1" /><UN n1="%4B%69%64%6F%37%35%30%30" /><INIT seed="2,0,0,4,0,41" ten="294,473,283,0" oya="2" hai0="70,78,77,64,65,53,110,57,97,113,0,120,124" hai1="54,95,81,75,133,134,60,85,111,117,1,115,94" hai2="131,66,58,36,63,76,34,123,69,116,40,51,109" hai3=""/><V86/><N who="2" m="31520" /><V35/><BYE who="1" /><F116/><UN n1="%4B%69%64%6F%37%35%30%30" /><T33/><N who="0" m="30752" /><T129/><D0/><U79/><E1/><V126/><F131/><T38/><D33/><U45/><E117/><V128/><F128/><T47/><D129/><U127/><E115/><V39/><F126/><T90/><D124/><U87/><E127/><V89/><F109/><T92/><D110/><U49/><E111/><V73/><F73/><T103/><D113/><U61/><E87/><V37/><F76/><N who="0" m="29290" /><D38/><U112/><E112/><V119/><F119/><T107/><D107/><U72/><E72/><V101/><F101/><T121/><N who="0" m="31008" /><T48/><D70/><U68/><E68/><V106/><F106/><T105/><D105/><U93/><E75/><V82/><REACH who="2" step="1"/><F69/><REACH who="2" ten="294,473,273,0" step="2"/><T62/><D103/><U50/><E134/><V108/><F108/><T80/><D80/><U91/><E133/><V102/><F102/><T130/><D130/><U83/><E79/><V122/><N who="2" m="31264" /><V96/><F96/><T44/><D44/><AGARI ba="0,1" hai="34,35,36,37,39,40,44,51,58,63,66,82,86,89" m="31264,31520" machi="44" ten="40,18000,2" yaku="1,1,52,3,53,2" doraHai="41" doraHaiUra="2" who="2" fromWho="0" sc="294,-180,473,0,273,190,0,0" /><INIT seed="2,1,0,4,2,129" ten="114,473,463,0" oya="2" hai0="104,92,69,35,60,45,42,80,55,66,91,72,111" hai1="38,61,83,103,101,123,135,88,65,82,36,63,106" hai2="99,57,47,124,74,125,117,33,130,109,1,112,108" hai3=""/><V34/><F112/><T126/><D35/><N who="2" m="13322" /><F117/><T127/><D104/><U2/><N who="1" m="31520" /><U54/><E2/><V62/><F1/><T113/><D113/><U76/><E106/><V52/><F74/><T67/><D67/><U110/><E54/><V100/><F47/><T48/><D111/><N who="2" m="42570" /><F130/><T75/><D42/><U43/><E43/><V58/><F57/><T81/><D72/><U116/><E110/><V53/><F53/><T32/><D75/><U86/><E116/><V105/><AGARI ba="1,0" hai="52,58,62,99,100,105,124,125" m="42570,13322" machi="105" ten="40,5200,0" yaku="14,1,10,1,54,1" doraHai="129" who="2" fromWho="2" sc="114,-27,473,-27,463,54,0,0" /><INIT seed="2,2,0,5,4,122" ten="87,446,517,0" oya="2" hai0="50,100,62,66,64,35,99,101,118,34,116,123,93" hai1="109,49,75,115,119,33,56,76,51,52,95,124,77" hai2="133,2,105,38,46,94,97,78,84,0,68,79,113" hai3=""/><V104/><F113/><T59/><N who="0" m="31520" /><T90/><D64/><U67/><E115/><V108/><F133/><T36/><D36/><U48/><E119/><V131/><F131/><T72/><D72/><U58/><E33/><V120/><N who="2" m="30752" /><V129/><F129/><T121/><N who="0" m="31008" /><T98/><D90/><U45/><E124/><V91/><F68/><T89/><D89/><U114/><E114/><V86/><F38/><T117/><REACH who="0" step="1"/><D50/><REACH who="0" ten="77,446,517,0" step="2"/><U81/><E75/><V102/><F91/><T92/><AGARI ba="2,1" hai="34,35,59,62,66,92,93,98,99,100,101,116,117,118" m="31008,31520" machi="92" ten="30,9000,2" yaku="1,1,2,1,0,1,9,1,52,2,53,0" doraHai="122" doraHaiUra="87" who="0" fromWho="0" sc="77,104,446,-32,517,-62,0,0" /><INIT seed="4,0,0,2,1,105" ten="181,414,455,0" oya="0" hai0="2,132,47,113,93,131,81,66,110,56,0,67,86" hai1="90,124,130,101,104,37,74,129,117,63,107,38,73" hai2="94,82,119,78,43,133,96,71,97,115,68,111,109" hai3=""/><T54/><D110/><U135/><E117/><V40/><F119/><T39/><D132/><U58/><E135/><V61/><F133/><T65/><D131/><N who="1" m="50187" /><E124/><V45/><F115/><T44/><D113/><U1/><E90/><V79/><F61/><T34/><D93/><U3/><E58/><V128/><F128/><T106/><D106/><N who="1" m="40491" /><E101/><V87/><F45/><T42/><D34/><U50/><E50/><V99/><F99/><T35/><D35/><U72/><E63/><V126/><F94/><T49/><REACH who="0" step="1"/><D47/><REACH who="0" ten="171,414,455,0" step="2"/><U85/><E85/><V103/><F87/><T102/><D102/><U51/><E51/><V69/><F103/><T112/><D112/><U88/><E88/><AGARI ba="0,1" hai="0,2,39,42,44,49,54,56,65,66,67,81,86,88" machi="88" ten="40,7700,0" yaku="1,1,54,1,53,1" doraHai="105" doraHaiUra="41" who="0" fromWho="1" sc="171,87,414,-77,455,0,0,0" /><INIT seed="4,1,0,5,0,39" ten="258,337,455,0" oya="0" hai0="134,76,69,50,65,131,126,36,105,95,78,84,99" hai1="113,124,83,51,130,58,115,41,42,71,133,107,122" hai2="1,112,45,48,97,109,62,74,135,73,59,125,114" hai3=""/><T116/><D36/><U49/><N who="1" m="31264" /><U121/><N who="1" m="31008" /><U35/><E35/><V2/><F109/><T89/><D116/><U86/><E107/><V90/><F125/><T70/><D126/><U132/><E124/><V111/><F111/><T52/><D131/><U68/><E130/><V44/><F135/><N who="1" m="51785" /><E86/><V33/><F33/><T81/><D134/><U120/><N who="1" m="30752" /><U32/><E32/><V56/><F97/><T100/><D65/><U34/><E83/><V63/><F90/><T94/><D94/><U38/><E38/><V66/><F66/><T77/><REACH who="0" step="1"/><D105/><REACH who="0" ten="248,337,455,0" step="2"/><U60/><E34/><V91/><F1/><T93/><D93/><U46/><E71/><V55/><F2/><T102/><D102/><U57/><E68/><V87/><F112/><N who="1" m="43081" /><E60/><V67/><F114/><T96/><D96/><U88/><E88/><V123/><F123/><T64/><D64/><U0/><E0/><V92/><F63/><T106/><D106/><U3/><E3/><V37/><F37/><T75/><D75/><U40/><E51/><V118/><F73/><T43/><D43/><AGARI ba="1,1" hai="40,41,42,43,46,49,57,58" m="43081,30752,51785,31008,31264" machi="43" ten="40,24000,4" yaku="20,1,15,1,11,1,34,2,52,7" doraHai="39" who="1" fromWho="0" sc="248,-242,337,252,455,0,0,0" /><INIT seed="5,0,0,4,4,119" ten="6,589,455,0" oya="1" hai0="123,105,62,53,67,81,57,47,108,42,72,3,48" hai1="54,106,2,120,50,37,135,127,36,71,99,56,93" hai2="33,66,103,128,84,129,40,92,32,58,39,63,101" hai3=""/><U78/><N who="1" m="30752" /><U75/><E106/><V90/><F39/><T43/><N who="0" m="31520" /><T85/><D105/><U74/><E2/><V91/><F40/><T64/><D72/><U65/><E135/><V95/><F101/><T107/><D107/><U112/><E75/><V117/><F103/><T52/><D3/><U69/><E127/><V79/><F79/><T94/><D94/><U38/><E112/><V89/><F89/><T104/><D85/><U131/><E131/><N who="2" m="50251" /><F117/><T110/><D81/><U60/><E71/><V114/><F114/><T122/><N who="0" m="31264" /><T59/><D104/><U118/><E118/><V115/><F115/><T88/><D88/><U41/><E78/><V98/><AGARI ba="0,0" hai="32,33,58,63,66,84,90,91,92,95,98" m="50251" machi="98" ten="30,800,0" yaku="19,1" doraHai="119" who="2" fromWho="2" sc="6,-3,589,-5,455,8,0,0" /><INIT seed="6,0,0,2,5,63" ten="3,584,463,0" oya="2" hai0="59,81,133,82,134,38,57,33,116,100,79,130,119" hai1="121,126,127,45,113,120,73,76,93,88,67,43,131" hai2="97,70,95,32,46,99,71,132,44,89,48,50,3" hai3=""/><V35/><F3/><T90/><D90/><U1/><N who="1" m="30752" /><U72/><N who="1" m="31008" /><U125/><E1/><V86/><F132/><T122/><D100/><U87/><E131/><V49/><F86/><T80/><D79/><U53/><E113/><V36/><F36/><T83/><N who="0" m="20992" /><DORA hai="129" /><T65/><N who="0" m="31264" /><T101/><D101/><U85/><E67/><V52/><F99/><T115/><D38/><U107/><E53/><V96/><F97/><T77/><D77/><U123/><N who="1" m="31520" /><U0/><E107/><V98/><F98/><T105/><D105/><U47/><E76/><V92/><F92/><T104/><D104/><U68/><E68/><V118/><F118/><T42/><D130/><U128/><E128/><V69/><REACH who="2" step="1"/><F49/><REACH who="2" ten="3,584,453,0" step="2"/><T112/><D116/><U58/><E0/><V37/><F37/><T56/><D119/><U51/><E73/><V135/><F135/><T91/><D133/><U78/><E72/><V108/><F108/><T2/><D134/><U40/><E85/><V41/><AGARI ba="0,1" hai="32,35,41,44,46,48,50,52,69,70,71,89,95,96" machi="41" ten="30,4000,0" yaku="1,1,0,1,54,1,53,0" doraHai="63,129" doraHaiUra="124,102" who="2" fromWho="2" sc="3,-20,584,-20,453,50,0,0" owari="-17,-62.0,564,52.0,503,10.0,0,0.0" /></mjloggm>