<mjloggm ver="2.3"><GO type="169" lobby="0"/><UN n0="%6B%6F%6A%69%6D%6F%6E%39" n1="%E3%82%86%E3%81%86%E3%81%95%E3%81%8F%EF%BD%90" n2="%E3%83%AA%E3%82%B5%E3%81%95%E3%81%BE" n3="%E3%82%AA%E3%82%AA%E3%82%AB%E3%83%9F%E5%85%88%E7%94%9F" dan="16,16,16,16" rate="2110.05,2064.88,2122.92,2108.51" sx="M,M,F,F"/><TAIKYOKU oya="0"/><INIT seed="0,0,0,4,2,74" ten="250,250,250,250" oya="0" hai0="85,73,44,134,101,12,111,13,123,113,83,124,92" hai1="71,63,132,8,0,31,76,14,102,122,47,23,41" hai2="4,21,135,105,104,18,15,46,35,56,94,58,9" hai3="52,65,45,118,88,79,129,25,77,37,33,89,1"/><T26/><D113/><U54/><E132/><V87/><F135/><W131/><G118/><T117/><D123/><U64/><E122/><V59/><F35/><W100/><G1/><T62/><D117/><U42/><E102/><V80/><F94/><W109/><G109/><T32/><D134/><U50/><E76/><N who="3" m="29258" /><G100/><T67/><D124/><U114/><E114/><V108/><F108/><W60/><G33/><T66/><D73/><U48/><E0/><V130/><F130/><N who="3" m="49675" /><G25/><T68/><D67/><U10/><E10/><V103/><F103/><W24/><G24/><T91/><D111/><U7/><E23/><V29/><F29/><W43/><G52/><T97/><D32/><U19/><E31/><V49/><F105/><W128/><N who="3" m="49683" /><W51/><DORA hai="38" /><G51/><T69/><D26/><U11/><E50/><V78/><F104/><W127/><G127/><T90/><D101/><U5/><E5/><V57/><N who="2" m="14336" /><DORA hai="28" /><V55/><REACH who="2" step="1"/><F4/><REACH who="2" ten="250,250,240,250" step="2"/><W115/><G115/><T107/><D107/><U110/><E110/><V98/><F98/><W75/><G75/><T99/><D97/><U96/><E96/><V16/><F16/><W133/><G133/><T70/><D12/><U81/><E81/><V61/><F61/><W17/><G17/><T2/><D13/><U93/><E93/><V126/><F126/><W3/><G3/><T34/><D34/><U125/><E125/><V53/><F53/><W106/><G106/><T82/><D2/><U27/><E27/><V121/><F121/><W95/><G95/><T116/><D116/><U40/><E7/><V72/><F72/><RYUUKYOKU ba="0,1" sc="250,-30,250,10,240,10,250,10" hai1="8,11,14,19,40,41,42,47,48,54,63,64,71" hai2="9,15,18,21,46,49,55,78,80,87" hai3="37,43,45,60,65,88,89" /><INIT seed="1,1,1,4,0,30" ten="220,260,250,260" oya="1" hai0="16,39,103,100,107,63,40,21,77,46,127,41,12" hai1="129,119,80,60,97,85,56,33,86,111,53,124,52" hai2="91,58,82,26,28,93,74,1,61,2,83,75,79" hai3="135,18,57,72,11,118,4,34,55,105,32,54,68"/><U131/><E119/><V116/><F116/><W71/><G135/><T70/><D127/><U31/><E124/><V130/><F130/><N who="1" m="49673" /><E111/><V78/><F93/><W69/><G118/><T43/><D77/><U123/><E123/><V15/><F15/><W65/><G72/><T101/><REACH who="0" step="1"/><D107/><REACH who="0" ten="210,260,250,260" step="2"/><U50/><E80/><V14/><F91/><W17/><G105/><T19/><D19/><U89/><E89/><V126/><F126/><W125/><G125/><T35/><D35/><U23/><E33/><V102/><F102/><W90/><G34/><T8/><D8/><U62/><E23/><V114/><F114/><W120/><G32/><T20/><D20/><U25/><E31/><V13/><F28/><W51/><G18/><T96/><D96/><U98/><E98/><V37/><F82/><W0/><G17/><T88/><D88/><U92/><E97/><V87/><F78/><W48/><G90/><T9/><D9/><U113/><E113/><V5/><F79/><W94/><G11/><T29/><D29/><U106/><E106/><V121/><F83/><W128/><G128/><T112/><D112/><U24/><E92/><V59/><F121/><W109/><G94/><T84/><D84/><U81/><E81/><V22/><F22/><W47/><G120/><T66/><AGARI ba="1,2" hai="12,16,21,39,40,41,43,46,63,66,70,100,101,103" machi="66" ten="30,4000,0" yaku="1,1,0,1,54,1,53,0" doraHai="30" doraHaiUra="6" who="0" fromWho="0" sc="210,63,260,-21,250,-11,260,-11" /><INIT seed="2,0,0,2,2,79" ten="273,239,239,249" oya="2" hai0="11,36,104,38,100,130,115,21,42,81,74,51,69" hai1="5,6,111,110,37,19,103,49,89,14,132,45,84" hai2="112,75,106,68,10,94,34,73,77,18,67,12,131" hai3="97,72,7,82,4,56,76,60,43,59,99,54,1"/><V15/><F112/><W80/><G43/><T122/><D115/><U32/><E32/><V61/><F106/><W93/><G1/><T107/><D69/><U119/><E119/><V3/><F34/><W29/><G29/><T2/><D122/><U44/><E132/><V66/><F131/><W58/><G99/><T71/><D71/><U85/><E103/><V35/><F35/><W123/><G123/><T102/><D51/><U134/><E134/><V65/><F3/><W113/><G113/><T86/><D74/><U27/><E27/><V88/><F73/><W22/><G22/><T125/><D125/><U33/><E33/><V46/><F46/><W52/><G82/><T127/><D127/><U25/><E25/><V108/><F108/><N who="1" m="41513" /><E84/><V57/><F68/><W40/><G40/><T20/><D107/><U28/><E28/><V0/><F0/><W114/><G114/><T31/><D130/><U118/><E37/><V24/><F24/><W87/><G72/><T13/><D2/><U30/><E30/><V63/><F63/><N who="3" m="36231" /><G58/><T23/><D31/><U92/><E44/><V8/><F75/><W64/><G64/><T96/><D102/><AGARI ba="0,0" hai="4,7,54,59,60,76,80,87,93,97,102" m="36231" machi="102" ten="30,3900,0" yaku="8,1,52,1,54,1" doraHai="79" who="3" fromWho="0" sc="273,-39,239,0,239,0,249,39" /><INIT seed="3,0,0,3,1,39" ten="234,239,239,288" oya="3" hai0="33,49,59,67,88,105,16,87,70,90,54,92,73" hai1="107,101,56,11,106,100,98,53,30,60,123,68,62" hai2="125,35,111,17,119,0,61,104,5,76,69,24,19" hai3="82,116,118,78,38,122,65,29,14,25,44,94,45"/><W124/><G122/><T10/><D33/><U108/><E108/><V37/><F76/><W110/><G110/><T42/><D105/><U71/><E123/><V103/><F111/><W127/><G65/><T72/><D70/><U58/><E30/><N who="2" m="19911" /><F125/><N who="3" m="48203" /><G14/><T18/><D67/><U6/><E101/><V48/><F37/><W112/><G94/><T109/><D109/><U52/><REACH who="1" step="1"/><E107/><REACH who="1" ten="234,229,239,288" step="2"/><V79/><F103/><W80/><G112/><T64/><D73/><U95/><E95/><V115/><F104/><W89/><G80/><T40/><D72/><U117/><E117/><V28/><F28/><W9/><G116/><T134/><D134/><U50/><E50/><V15/><F48/><W51/><G38/><T3/><D64/><U41/><E41/><N who="0" m="15977" /><D3/><AGARI ba="0,1" hai="3,6,11,52,53,56,58,60,62,68,71,98,100,106" machi="3" ten="30,7700,0" yaku="1,1,7,1,9,1,54,1,53,0" doraHai="39" doraHaiUra="31" who="1" fromWho="0" sc="234,-77,229,87,239,0,288,0" /><INIT seed="4,0,0,0,2,126" ten="157,316,239,288" oya="0" hai0="96,78,73,129,33,71,6,72,25,119,44,63,12" hai1="17,67,21,26,106,93,85,56,99,1,53,100,29" hai2="30,68,81,116,49,10,131,11,34,66,40,24,43" hai3="125,112,90,54,87,107,45,98,80,23,65,83,124"/><T109/><D119/><U57/><E1/><V36/><F116/><W101/><G112/><T64/><D109/><U123/><E123/><V28/><F28/><W120/><G65/><T69/><D69/><U110/><E110/><V76/><F49/><N who="3" m="28975" /><G120/><T86/><D96/><U95/><E85/><V128/><F11/><W59/><G59/><T97/><D97/><U115/><E115/><V39/><F10/><W117/><G23/><T51/><D25/><U2/><E2/><V104/><F40/><W113/><G113/><T84/><D33/><U16/><E93/><V89/><F89/><W32/><G117/><T111/><D111/><U13/><E106/><V77/><F77/><W8/><G8/><T50/><D50/><U15/><E67/><V132/><F104/><W3/><G3/><T27/><D27/><U94/><E94/><V62/><F132/><W91/><G32/><T102/><D102/><U22/><REACH who="1" step="1"/><E53/><REACH who="1" ten="157,306,239,288" step="2"/><V18/><F43/><W74/><G74/><T0/><D0/><U60/><E60/><V41/><F41/><W75/><G75/><T35/><D73/><U48/><E48/><V79/><F81/><N who="3" m="31307" /><G87/><N who="0" m="33323" /><D72/><U7/><E7/><V70/><F70/><W38/><G38/><T58/><D71/><U47/><E47/><V135/><F39/><W19/><G124/><T88/><D78/><N who="2" m="29738" /><F36/><W4/><G125/><T20/><D6/><U127/><E127/><V14/><F135/><W92/><G4/><T42/><D42/><U46/><E46/><V133/><F133/><W31/><G107/><T5/><D44/><U122/><E122/><V105/><F105/><RYUUKYOKU ba="0,1" sc="157,-15,306,15,239,15,288,-15" hai1="13,15,16,17,21,22,26,29,56,57,95,99,100" hai2="14,18,24,30,34,62,66,68,128,131" /><INIT seed="5,1,1,4,1,17" ten="142,321,254,273" oya="1" hai0="69,4,19,9,89,63,33,47,13,75,52,8,103" hai1="49,28,37,66,119,91,106,135,94,54,93,111,73" hai2="22,118,23,43,31,117,27,53,55,59,71,25,35" hai3="1,128,79,62,14,134,123,122,129,58,133,57,107"/><U95/><E119/><V0/><F71/><W38/><G38/><T100/><D75/><U51/><E37/><V16/><F0/><W126/><G1/><T83/><D33/><U32/><E106/><V115/><F115/><W15/><G107/><T114/><D69/><U105/><E105/><V88/><F43/><W82/><G82/><T92/><D83/><U24/><E73/><V131/><F131/><N who="3" m="50251" /><G79/><T11/><D114/><U85/><E135/><N who="3" m="51722" /><G58/><T110/><D110/><U81/><E111/><V20/><F35/><W121/><G126/><T61/><D61/><U96/><E66/><AGARI ba="1,1" hai="14,15,57,62,66,121,122,123" m="51722,50251" machi="66" ten="40,2600,0" yaku="19,1,20,1" doraHai="17" who="3" fromWho="1" sc="142,0,321,-29,254,0,273,39" /><INIT seed="6,0,0,3,5,18" ten="142,292,254,312" oya="2" hai0="50,31,55,96,115,107,29,113,78,87,129,27,134" hai1="118,28,119,131,117,130,5,76,101,30,48,128,121" hai2="45,68,49,34,61,60,110,42,114,35,95,41,80" hai3="11,10,102,38,8,9,67,12,71,120,86,88,25"/><V22/><F114/><W94/><G120/><T122/><D122/><U133/><E121/><V123/><F123/><W58/><G38/><T77/><D129/><U92/><E133/><V20/><F110/><W17/><G71/><T56/><D134/><U33/><E33/><V6/><F6/><W112/><G112/><T124/><D124/><U81/><E5/><V79/><F95/><W14/><G102/><T135/><D135/><U53/><E92/><V1/><F1/><W132/><G132/><T4/><D4/><U47/><REACH who="1" step="1"/><E101/><REACH who="1" ten="142,282,254,312" step="2"/><V2/><F34/><W91/><G91/><T127/><D127/><U16/><E16/><V90/><F35/><W104/><G104/><T21/><D31/><U7/><E7/><V108/><F108/><W103/><G103/><T65/><D113/><U63/><E63/><V62/><F2/><W73/><G88/><T97/><D115/><U100/><E100/><V26/><F68/><W70/><G94/><T15/><D107/><U59/><E59/><V116/><F90/><W13/><G58/><T72/><D78/><U39/><E39/><V84/><F116/><W111/><G70/><T105/><D105/><U3/><E3/><V126/><F126/><W99/><G111/><T43/><D77/><U69/><E69/><V83/><F83/><W19/><G19/><T74/><D56/><U125/><E125/><V52/><F79/><W40/><G17/><T24/><D29/><U82/><E82/><V46/><F80/><W57/><G57/><T44/><D97/><U32/><E32/><V51/><F61/><W75/><G99/><RYUUKYOKU ba="0,1" sc="142,-10,282,30,254,-10,312,-10" hai1="28,30,47,48,53,76,81,117,118,119,128,130,131" /><INIT seed="7,1,1,2,4,53" ten="132,312,244,302" oya="3" hai0="110,78,27,99,37,51,25,35,118,7,66,15,38" hai1="62,69,126,117,128,49,56,114,116,24,55,105,10" hai2="12,122,100,68,19,107,11,40,13,22,120,71,28" hai3="87,82,34,48,81,115,70,130,125,52,16,20,108"/><W36/><G34/><T131/><D118/><U17/><E105/><V33/><F40/><W50/><G36/><T106/><D110/><U14/><E114/><V89/><F89/><W76/><G115/><T47/><D131/><U26/><E128/><V41/><F41/><W72/><G130/><T88/><D78/><U133/><E133/><V97/><F33/><W95/><G108/><T104/><D104/><U101/><E101/><V119/><F119/><N who="1" m="45641" /><E126/><V132/><F132/><W94/><G70/><T96/><D106/><U113/><E113/><V6/><REACH who="2" step="1"/><F28/><REACH who="2" ten="132,312,234,302" step="2"/><W84/><G125/><T123/><D123/><AGARI ba="1,2" hai="6,11,12,13,19,22,68,71,97,100,107,120,122,123" machi="123" ten="40,8000,1" yaku="1,1,2,1,13,1,53,1" doraHai="53" doraHaiUra="0" who="2" fromWho="0" sc="132,-83,312,0,234,103,302,0" owari="49,-45.0,312,11.0,337,44.0,302,-10.0" /></mjloggm>