<mjloggm ver="2.3"><GO type="169" lobby="0"/><UN n0="%E4%BD%8E%E3%82%81%E3%82%B9%E3%83%A9%E3%82%A4%E3%83%80%E3%83%BC" n1="%73%69%6E%34%36" n2="%E5%AE%89%E6%96%8E" n3="%E7%B4%A0%E6%99%B4%E3%82%89%E3%81%97%E3%81%8D%E6%97%A5%E3%80%85" dan="16,16,17,17" rate="2135.94,2158.58,2228.53,2128.32" sx="F,M,F,M"/><TAIKYOKU oya="0"/><INIT seed="0,0,0,4,4,20" ten="250,250,250,250" oya="0" hai0="56,85,16,87,63,125,89,127,95,38,99,71,6" hai1="97,76,27,135,54,119,124,96,1,46,62,75,91" hai2="8,58,42,109,64,51,18,36,130,100,7,22,120" hai3="28,128,11,25,98,52,24,113,131,67,83,79,126"/><T65/><D6/><U72/><E119/><V74/><F120/><W19/><G113/><T2/><D2/><U106/><E1/><V17/><F74/><W101/><G126/><N who="0" m="48139" /><D38/><U73/><E124/><V84/><F109/><W114/><G114/><T66/><D66/><U80/><E135/><V133/><F133/><W107/><G67/><T116/><D116/><U32/><E91/><V110/><F110/><W123/><G123/><T104/><D104/><U118/><E118/><V41/><F36/><W14/><G52/><N who="0" m="34183" /><D16/><U9/><E9/><V69/><F130/><N who="3" m="49707" /><G28/><T105/><D105/><U111/><E111/><V48/><F17/><W90/><G90/><T78/><D78/><U132/><E106/><V3/><F69/><W108/><G108/><T10/><D10/><U15/><E132/><V59/><F100/><W122/><G122/><T82/><D82/><U57/><E80/><V60/><F51/><W47/><G47/><T34/><D34/><U43/><E76/><V70/><F70/><W102/><G102/><T50/><D50/><U93/><E46/><V29/><F29/><W23/><G11/><T61/><AGARI ba="0,0" hai="61,65,71,85,87,89,95,99" m="34183,48139" machi="61" ten="30,3000,0" yaku="18,1,54,1" doraHai="20" who="0" fromWho="0" sc="250,30,250,-10,250,-10,250,-10" /><INIT seed="0,1,0,0,0,33" ten="280,240,240,240" oya="0" hai0="108,24,113,72,63,5,125,54,92,73,76,53,39" hai1="30,109,2,85,17,46,110,34,127,134,66,9,124" hai2="57,28,102,98,122,77,132,99,83,13,67,21,23" hai3="130,68,95,93,78,11,56,111,119,81,27,41,70"/><T38/><D113/><U84/><E66/><V88/><F122/><W18/><G119/><T112/><D112/><U100/><E46/><V79/><F132/><W135/><G135/><T65/><D125/><N who="1" m="48203" /><E100/><V59/><F28/><W51/><G130/><T118/><D118/><U55/><E55/><V15/><F102/><W60/><G111/><N who="1" m="42506" /><E134/><V10/><F10/><W74/><G51/><T97/><D54/><U44/><E44/><V58/><F67/><W31/><G41/><T114/><D53/><U120/><E84/><V26/><F26/><W52/><G68/><T106/><D39/><U90/><E85/><V37/><F37/><W20/><REACH who="3" step="1"/><G70/><REACH who="3" ten="280,240,240,230" step="2"/><T3/><D108/><U43/><E43/><V117/><F117/><W69/><G69/><T71/><D38/><U87/><E120/><V131/><F131/><W115/><G115/><T75/><D114/><U64/><E34/><V94/><F57/><W48/><G48/><T89/><D71/><U123/><E123/><V61/><F58/><W116/><G116/><T8/><D63/><U129/><E129/><V49/><F49/><W42/><G42/><T25/><D75/><U103/><E103/><V107/><F59/><W128/><G128/><T36/><D36/><U1/><E64/><V22/><F61/><W47/><G47/><T32/><D32/><U104/><E104/><V16/><F107/><W0/><G0/><T35/><D35/><U19/><E1/><V105/><F105/><W7/><G7/><T82/><D73/><U50/><E50/><V91/><F13/><AGARI ba="1,1" hai="11,13,18,20,27,31,52,56,60,74,78,81,93,95" machi="13" ten="40,2600,0" yaku="1,1,54,1,53,0" doraHai="33" doraHaiUra="40" who="3" fromWho="2" sc="280,0,240,0,240,-29,230,39" /><INIT seed="1,0,0,5,4,53" ten="280,240,211,269" oya="1" hai0="22,3,39,13,52,92,71,60,88,93,30,27,87" hai1="43,6,33,20,127,24,15,103,72,132,78,48,0" hai2="129,54,64,107,17,32,95,19,29,101,40,36,100" hai3="51,44,114,133,102,82,122,75,67,131,105,116,81"/><U108/><E127/><V70/><F129/><W135/><G67/><T65/><D3/><U55/><E132/><N who="3" m="50762" /><G51/><T113/><D113/><U120/><E120/><V59/><F107/><W41/><G41/><T37/><D13/><U112/><E103/><V77/><F77/><W76/><G44/><T74/><D74/><U34/><E43/><V119/><F119/><W21/><G21/><T128/><D128/><U110/><E0/><V123/><F123/><W91/><G131/><T104/><D104/><U35/><E112/><V126/><F126/><W83/><G122/><T97/><REACH who="0" step="1"/><D52/><REACH who="0" ten="270,240,211,269" step="2"/><U61/><E15/><V73/><F54/><W12/><G114/><T9/><D9/><U10/><E10/><V58/><F73/><W16/><G116/><T89/><AGARI ba="0,1" hai="22,27,30,37,39,60,65,71,87,88,89,92,93,97" machi="89" ten="20,12000,2" yaku="1,1,0,1,7,1,54,1,53,2" doraHai="53" doraHaiUra="86" who="0" fromWho="0" sc="270,130,240,-60,211,-30,269,-30" /><INIT seed="2,0,0,1,3,115" ten="400,180,181,239" oya="2" hai0="2,71,23,70,112,129,89,43,131,86,24,60,76" hai1="130,54,0,57,91,8,4,132,18,122,1,7,27" hai2="105,127,53,65,108,6,13,51,69,106,119,3,10" hai3="22,109,117,120,123,21,38,36,83,90,99,133,64"/><V46/><F127/><W111/><G64/><T15/><D112/><U77/><E77/><V16/><F108/><N who="3" m="41547" /><G133/><T5/><D76/><U101/><E101/><V19/><F119/><W50/><G50/><T92/><D2/><U103/><E103/><V84/><F84/><W96/><G90/><T88/><D43/><U34/><E91/><V30/><F30/><W85/><G85/><N who="0" m="52239" /><D15/><N who="1" m="7527" /><E54/><V78/><F78/><W45/><G45/><T95/><D5/><N who="1" m="2123" /><E57/><V94/><F94/><W102/><BYE who="2" /><G83/><T116/><D116/><U32/><E132/><V47/><F47/><W56/><G56/><T17/><D60/><UN n2="%E5%AE%89%E6%96%8E" /><U134/><E134/><V55/><F55/><W41/><G41/><T11/><D11/><U39/><E39/><N who="3" m="14890" /><G102/><T26/><D26/><U48/><E48/><V118/><F118/><W12/><G12/><T66/><D66/><U49/><E49/><V110/><F110/><W128/><G117/><T81/><D81/><U61/><E61/><V135/><F135/><W67/><G67/><T87/><D87/><U113/><E113/><V100/><F100/><W40/><G40/><T37/><D37/><U104/><E27/><V58/><F69/><W14/><G99/><T125/><D125/><U107/><E122/><V59/><F59/><W44/><G96/><T9/><D71/><U72/><E72/><V75/><F75/><W80/><G80/><T31/><D70/><U82/><E82/><V33/><F65/><W28/><G123/><T97/><D86/><U35/><E130/><V74/><F74/><W52/><G120/><T42/><D42/><U124/><E124/><RYUUKYOKU ba="0,0" sc="400,15,180,15,181,-15,239,-15" hai0="9,17,23,24,31,89,95,97,129,131" hai1="0,1,32,34,35,104,107" /><INIT seed="3,1,0,5,1,90" ten="415,195,166,224" oya="3" hai0="102,73,60,82,33,6,23,3,103,61,42,71,80" hai1="76,47,51,118,111,29,135,104,44,95,113,49,10" hai2="67,105,37,18,35,25,72,121,34,89,66,131,31" hai3="91,106,36,132,40,88,2,13,93,124,62,78,134"/><W1/><G106/><T32/><D42/><U83/><E104/><V115/><F115/><W30/><G30/><T7/><D23/><U120/><E113/><V11/><F131/><W77/><G124/><T8/><D8/><U17/><E120/><V85/><F121/><W94/><G62/><N who="0" m="24171" /><D73/><U28/><E111/><V70/><F34/><N who="0" m="13418" /><D3/><U79/><E118/><V86/><F70/><W125/><G125/><T96/><D96/><U99/><E135/><N who="3" m="51754" /><G13/><T81/><D71/><U84/><E76/><N who="3" m="29290" /><G40/><T108/><D108/><U112/><E112/><V59/><F72/><W97/><G36/><T43/><D43/><U133/><E133/><V69/><F37/><W92/><G92/><T109/><D109/><U116/><E116/><V100/><F69/><W53/><G53/><T114/><D114/><U16/><E29/><V64/><F105/><W52/><G52/><T63/><D63/><U117/><E28/><V75/><F75/><W54/><G54/><T65/><D65/><U123/><E123/><V38/><F38/><W56/><G56/><T14/><D14/><N who="1" m="7255" /><E17/><V45/><F59/><W46/><G46/><N who="1" m="17450" /><E117/><V98/><F45/><W9/><G9/><T15/><D15/><U41/><E41/><V55/><F55/><W12/><G12/><T126/><D126/><U128/><E128/><V119/><F119/><W58/><G58/><T27/><D27/><U74/><E74/><V57/><F57/><W20/><G20/><T19/><D19/><U101/><AGARI ba="1,0" hai="49,51,79,83,84,95,99,101" m="17450,7255" machi="101" ten="30,4000,0" yaku="8,1,52,1,54,1" doraHai="90" who="1" fromWho="1" sc="415,-11,195,43,166,-11,224,-21" /><INIT seed="4,0,0,2,2,45" ten="404,238,155,203" oya="0" hai0="62,18,109,129,117,60,35,55,64,91,20,17,88" hai1="71,19,96,26,110,48,90,84,70,67,95,105,43" hai2="116,125,12,21,108,85,83,52,133,23,101,97,39" hai3="25,28,132,58,100,44,94,73,33,3,89,122,16"/><T107/><D117/><U50/><E110/><V34/><F108/><W41/><G122/><T47/><D109/><U126/><E126/><V131/><F125/><W30/><G132/><T68/><D129/><U15/><E43/><V80/><F133/><W135/><G135/><T54/><D35/><U120/><E26/><V112/><F131/><W22/><G3/><T103/><D103/><U115/><E120/><V32/><F116/><W36/><G73/><T86/><D107/><U76/><E115/><V5/><F39/><W75/><G75/><T53/><D47/><U65/><E71/><V7/><F112/><W82/><G82/><T40/><D40/><U87/><E70/><V74/><F74/><W14/><G100/><T118/><D118/><U59/><E105/><V81/><F85/><N who="1" m="32841" /><E76/><V4/><F12/><W42/><G42/><T0/><D0/><U10/><E65/><V92/><REACH who="2" step="1"/><F52/><REACH who="2" ten="404,238,145,203" step="2"/><W6/><G6/><T31/><D62/><AGARI ba="0,1" hai="10,15,19,48,50,59,62,67,90,95,96" m="32841" machi="62" ten="30,3900,0" yaku="8,1,52,2" doraHai="45" who="1" fromWho="0" sc="404,-39,238,49,145,0,203,0" /><INIT seed="5,0,0,3,1,76" ten="365,287,145,203" oya="1" hai0="9,56,17,48,134,72,89,67,50,21,68,15,28" hai1="5,119,117,44,107,4,3,60,37,61,87,122,96" hai2="58,86,92,74,34,14,25,7,69,106,63,127,130" hai3="81,52,32,98,97,55,42,93,38,115,65,12,75"/><U124/><E122/><V59/><F74/><W91/><G32/><T66/><D134/><U102/><E124/><V64/><F130/><W80/><G115/><T111/><D111/><U71/><E60/><V47/><F127/><W11/><G75/><T110/><D110/><U95/><E95/><V29/><F47/><W35/><G35/><T10/><D68/><U126/><E126/><V70/><F70/><W101/><G65/><N who="0" m="24587" /><D72/><U112/><E87/><V23/><F106/><W100/><G38/><T31/><D89/><U62/><E112/><V104/><F104/><W0/><G42/><T132/><D132/><U2/><E71/><V77/><F92/><N who="3" m="58407" /><G0/><T8/><D56/><U1/><E1/><V30/><F30/><AGARI ba="0,0" hai="8,9,10,15,17,21,28,30,31,48,50" m="24587" machi="30" ten="30,1000,0" yaku="8,1" doraHai="76" who="0" fromWho="2" sc="365,10,287,0,145,-10,203,0" /><INIT seed="6,0,0,0,4,85" ten="375,287,135,203" oya="2" hai0="59,97,78,58,9,27,81,67,77,50,131,101,93" hai1="54,98,21,36,62,35,80,130,127,100,28,112,43" hai2="53,134,66,61,72,30,13,38,126,33,26,57,108" hai3="111,129,91,31,20,113,122,3,109,117,12,49,118"/><V2/><F2/><W29/><G49/><T124/><D124/><U82/><E35/><V92/><F126/><W22/><G91/><T90/><D131/><U116/><E116/><V88/><F72/><W44/><G44/><T120/><D120/><U11/><E36/><V70/><F38/><W86/><G86/><N who="0" m="50511" /><D9/><U128/><E43/><V121/><F121/><W23/><G3/><T0/><D0/><U115/><E11/><V87/><F108/><W99/><G99/><T60/><D27/><N who="1" m="16495" /><E54/><AGARI ba="0,0" hai="50,54,58,59,60,67,77,78,93,97,101" m="50511" machi="54" ten="30,2000,0" yaku="8,1,52,1" doraHai="85" who="0" fromWho="1" sc="375,20,287,-20,135,0,203,0" /><INIT seed="7,0,0,3,3,37" ten="395,267,135,203" oya="3" hai0="19,98,59,18,26,47,63,92,48,34,129,104,121" hai1="54,80,32,25,41,120,42,79,29,0,130,6,62" hai2="110,99,51,113,28,84,65,20,46,90,122,50,73" hai3="102,87,114,69,95,39,22,5,105,89,96,70,23"/><W133/><G114/><T12/><D129/><U117/><E120/><V49/><F110/><W126/><G133/><T134/><D104/><U124/><E130/><V111/><F111/><W116/><G116/><T55/><D121/><U43/><E124/><V72/><F122/><W101/><G126/><T57/><D134/><U13/><E0/><V10/><F113/><W132/><G132/><T9/><D34/><U68/><E117/><V71/><F99/><W31/><G5/><N who="0" m="3119" /><D26/><U118/><E118/><V86/><F10/><W106/><G39/><T21/><D21/><U67/><E54/><V52/><F84/><W125/><G125/><T77/><D77/><U1/><E1/><V3/><F3/><W128/><G128/><T35/><D35/><U119/><E119/><V100/><F100/><W112/><G112/><T123/><D123/><U2/><E2/><V16/><F28/><W27/><G22/><T76/><D76/><U66/><E67/><V107/><F107/><W97/><AGARI ba="0,0" hai="23,27,31,69,70,87,89,95,96,97,101,102,105,106" machi="97" ten="30,3000,0" yaku="0,1,9,1" doraHai="37" who="3" fromWho="3" sc="395,-10,267,-10,135,-10,203,30" /><INIT seed="7,1,0,2,4,45" ten="385,257,125,233" oya="3" hai0="47,59,91,9,16,0,4,34,82,28,125,90,24" hai1="117,89,75,17,68,36,57,84,7,1,100,66,93" hai2="72,96,39,131,12,95,53,83,6,77,64,65,87" hai3="63,61,80,41,129,49,18,92,78,48,50,114,70"/><W29/><G70/><T8/><D125/><U60/><E75/><V102/><F131/><W86/><G129/><T85/><D59/><U22/><E36/><V107/><F39/><W105/><G105/><T42/><D16/><U126/><E126/><V109/><F109/><W23/><G114/><T98/><D9/><U81/><E117/><V101/><F101/><W25/><G92/><T3/><D98/><U51/><E1/><V76/><F76/><W33/><REACH who="3" step="1"/><G41/><REACH who="3" ten="385,257,125,223" step="2"/><T133/><D42/><U115/><E115/><V74/><F74/><W43/><G43/><T130/><D130/><U31/><E68/><V38/><F38/><W113/><G113/><T104/><D104/><U79/><E93/><V20/><F53/><W111/><G111/><T132/><D132/><U26/><E66/><V62/><F62/><W112/><G112/><T88/><D133/><U73/><E60/><V120/><F120/><W13/><AGARI ba="1,1" hai="13,18,23,25,29,33,48,49,50,61,63,78,80,86" machi="13" ten="30,18000,2" yaku="1,1,0,1,52,3,53,1" doraHai="45" doraHaiUra="19" who="3" fromWho="3" sc="385,-61,257,-61,125,-61,223,193" owari="324,12.0,196,-20.0,64,-44.0,416,52.0" /></mjloggm>