<mjloggm ver="2.3"><GO type="225" lobby="0"/><UN n0="%E5%A4%A7%E5%AE%AE%E5%BF%8D%76" n1="%E3%81%82%E3%82%89%E3%81%8C%E3%81%8D%E3%81%82%E3%82%84%E3%81%9B" n2="%31%73%E3%81%A7%E3%81%84%E3%81%84%E3%81%9D%E3%81%86" n3="%79%6A%69%72%6F" dan="17,16,16,17" rate="2211.62,2156.58,2128.56,2209.41" sx="M,F,M,M"/><TAIKYOKU oya="0"/><INIT seed="0,0,0,2,0,17" ten="250,250,250,250" oya="0" hai0="99,64,39,120,58,72,46,109,34,108,79,104,93" hai1="14,102,68,67,3,103,127,74,76,22,7,60,118" hai2="100,115,41,36,0,133,116,85,131,95,9,125,50" hai3="12,123,112,38,69,101,82,61,62,44,40,10,89"/><T45/><D120/><U92/><E118/><V23/><F115/><W1/><G112/><T128/><D104/><U29/><E127/><V59/><F116/><W119/><G119/><T65/><D34/><U19/><E29/><V122/><F125/><W126/><G126/><T84/><D72/><U56/><E68/><V30/><F122/><W88/><G123/><T13/><D128/><U73/><E92/><V24/><F131/><W35/><G35/><T57/><D13/><U4/><E3/><V31/><F133/><W80/><G1/><T33/><D33/><U81/><REACH who="1" step="1"/><E74/><REACH who="1" ten="250,240,250,250" step="2"/><V124/><F0/><W90/><G101/><AGARI ba="0,1" hai="4,7,14,19,22,56,60,67,73,76,81,101,102,103" machi="101" ten="40,5200,0" yaku="1,1,2,1,52,1,53,0" doraHai="17" doraHaiUra="32" who="1" fromWho="3" sc="250,0,240,62,250,0,250,-52" /><INIT seed="1,0,0,4,5,118" ten="250,302,250,198" oya="1" hai0="103,58,14,32,42,66,115,81,126,75,44,124,3" hai1="47,72,6,21,65,125,26,80,105,108,49,97,102" hai2="98,127,122,56,79,99,27,61,45,76,41,25,107" hai3="28,119,39,43,7,12,121,114,0,48,2,16,71"/><U92/><E125/><N who="0" m="48233" /><D3/><U69/><E6/><V104/><F127/><W120/><G71/><T109/><D32/><U133/><E133/><V117/><F117/><W38/><G119/><T18/><D103/><U52/><E108/><V35/><F35/><W113/><G48/><T112/><D109/><U91/><E69/><V30/><F122/><N who="3" m="47211" /><G43/><T73/><D58/><U62/><E72/><N who="0" m="27721" /><D81/><U59/><E80/><V78/><F107/><W22/><G39/><N who="0" m="21599" /><D66/><U86/><E105/><V24/><F104/><W132/><G38/><T11/><AGARI ba="0,0" hai="11,14,18,112,115" m="21599,27721,48233" machi="11" ten="30,1100,0" yaku="18,1" doraHai="118" who="0" fromWho="0" sc="250,11,302,-5,250,-3,198,-3" /><INIT seed="2,0,0,5,2,3" ten="261,297,247,195" oya="2" hai0="67,73,100,72,130,29,84,15,119,86,115,17,71" hai1="133,20,21,40,75,95,123,63,12,107,76,85,10" hai2="4,37,96,64,69,109,47,83,70,128,103,11,42" hai3="93,48,44,110,49,6,24,36,9,60,74,92,5"/><V45/><F128/><W57/><G74/><T1/><D115/><U82/><E123/><V116/><F116/><W94/><G110/><T124/><D1/><U89/><E133/><V132/><F109/><W16/><G36/><T52/><D100/><U79/><E40/><V78/><F132/><W121/><G121/><T7/><D29/><U39/><E39/><V81/><F47/><W101/><G101/><T38/><D38/><U50/><E107/><V66/><F66/><N who="3" m="39183" /><G49/><T127/><D130/><U108/><E108/><V59/><F59/><W18/><G9/><T77/><D119/><U68/><E50/><V13/><F64/><W112/><G112/><T34/><D34/><U135/><E135/><V30/><F30/><W87/><G87/><T134/><D84/><U56/><E68/><V117/><F117/><W102/><G102/><T62/><D86/><U41/><E41/><V90/><F90/><W91/><G91/><T99/><D134/><U55/><E79/><V33/><F33/><W104/><G104/><T43/><D77/><U118/><E118/><V25/><F25/><W129/><G129/><T126/><D43/><U31/><E31/><V120/><F120/><W0/><G0/><T32/><D32/><U35/><E35/><V111/><F111/><W46/><G46/><T105/><D105/><U54/><E54/><V80/><F78/><W98/><G98/><T2/><D99/><N who="1" m="57839" /><E75/><V61/><F61/><W58/><G58/><T22/><D52/><U122/><E122/><V51/><F37/><W27/><G48/><T88/><D88/><U19/><AGARI ba="0,0" hai="10,12,19,20,21,55,56,63,76,82,85" m="57839" machi="19" ten="30,2000,0" yaku="5,1,8,1" doraHai="3" who="1" fromWho="1" sc="261,-5,297,20,247,-10,195,-5" /><INIT seed="3,0,0,2,1,49" ten="256,317,237,190" oya="3" hai0="30,82,13,103,54,126,123,109,44,9,47,110,15" hai1="63,84,56,4,12,26,42,78,0,21,29,3,124" hai2="122,92,117,35,88,27,68,20,50,33,43,93,1" hai3="116,99,71,66,106,48,69,39,62,105,34,7,118"/><W25/><G39/><T58/><D123/><U51/><E124/><V114/><F117/><W18/><G71/><T113/><D126/><U74/><E74/><V125/><F114/><W107/><G7/><T31/><D103/><U104/><E104/><V36/><F125/><W6/><G6/><T59/><D82/><N who="1" m="47191" /><E3/><V120/><F36/><W85/><G85/><T131/><D9/><N who="1" m="4135" /><E0/><V133/><F68/><W128/><G128/><T95/><D95/><U75/><E75/><V127/><F93/><W135/><G135/><T91/><D91/><U28/><E51/><V11/><F1/><W65/><G65/><T17/><D17/><N who="1" m="12591" /><E42/><V41/><F11/><W134/><G134/><T64/><D131/><U132/><E132/><V129/><F127/><W77/><G77/><T83/><D83/><U72/><E72/><V98/><F133/><W79/><G79/><T60/><D113/><U10/><E10/><V102/><F43/><W87/><G87/><T73/><D73/><U40/><E40/><V61/><F129/><W5/><G5/><T70/><D70/><U46/><E46/><N who="2" m="25935" /><F61/><W111/><G111/><T53/><D60/><U94/><E94/><V32/><F102/><N who="3" m="62687" /><G48/><T115/><D115/><U2/><E2/><V108/><F108/><W86/><G86/><T45/><D45/><U24/><E24/><V80/><F80/><W119/><G34/><N who="2" m="8705" /><V130/><DORA hai="37" /><F130/><W55/><G55/><AGARI ba="0,0" hai="28,29,55,56,63" m="12591,4135,47191" machi="55" ten="30,2000,0" yaku="8,1,52,1" doraHai="49,37" who="1" fromWho="3" sc="256,0,317,20,237,0,190,-20" owari="256,6.0,337,43.0,237,-16.0,170,-33.0" /></mjloggm>