<mjloggm ver="2.3"><GO type="169" lobby="0"/><UN n0="%73%69%6E%73%69%73%74" n1="%70%69%6E%63%65%72%73" n2="%E3%83%8F%E3%83%83%E3%83%88%E3%83%AA%E3%82%B9" n3="%E3%81%A6%E3%82%93%E3%81%A6%E3%81%93%E7%8B%90" dan="18,16,17,16" rate="2236.85,2159.16,2166.67,2176.32" sx="M,M,M,M"/><TAIKYOKU oya="0"/><INIT seed="0,0,0,5,3,105" ten="250,250,250,250" oya="0" hai0="57,70,131,74,16,85,52,89,43,113,54,5,119" hai1="81,104,20,101,25,126,8,71,99,115,123,34,58" hai2="91,132,10,62,84,61,35,96,121,95,103,27,49" hai3="0,82,32,134,135,86,128,3,9,122,98,114,30"/><T118/><D70/><U26/><E71/><V112/><F121/><W53/><G114/><T47/><D113/><U31/><E115/><V75/><F112/><W48/><G128/><T124/><D131/><U63/><E126/><V93/><F132/><W40/><G40/><T100/><D124/><U66/><E123/><V80/><F10/><W46/><G122/><T19/><D100/><U59/><E8/><V37/><F37/><W64/><G64/><T14/><D74/><U92/><E81/><V36/><F36/><W13/><G98/><T60/><D5/><U1/><E1/><V65/><F49/><W87/><G87/><T44/><D54/><U28/><REACH who="1" step="1"/><E58/><REACH who="1" ten="250,240,250,250" step="2"/><V97/><F80/><W12/><G135/><T38/><D44/><U6/><E6/><V133/><F133/><W24/><G134/><T42/><D42/><U78/><E78/><V109/><F109/><W41/><G41/><T125/><D125/><U116/><E116/><V110/><F110/><W102/><G0/><T56/><D56/><U2/><E2/><V130/><F130/><W67/><G3/><T68/><D68/><U111/><E111/><V83/><F83/><W11/><G82/><T129/><D129/><U15/><E15/><V55/><F27/><W88/><G12/><T107/><D14/><U45/><E45/><V77/><F77/><W17/><G9/><T23/><D118/><U127/><E127/><V117/><F117/><W106/><G11/><T39/><D119/><U94/><AGARI ba="0,1" hai="20,25,26,28,31,34,59,63,66,92,94,99,101,104" machi="94" ten="30,7900,0" yaku="1,1,0,1,53,2" doraHai="105" doraHaiUra="21" who="1" fromWho="1" sc="250,-39,240,89,250,-20,250,-20" /><INIT seed="1,0,0,4,0,111" ten="211,329,230,230" oya="1" hai0="106,108,52,79,96,10,94,8,46,89,29,92,131" hai1="87,105,82,50,6,38,21,102,25,34,2,85,121" hai2="30,133,73,115,132,126,54,7,0,83,107,77,24" hai3="14,58,16,113,1,5,78,75,47,51,44,41,128"/><U3/><E38/><V117/><F117/><W45/><G128/><T69/><D69/><U20/><E121/><V101/><F126/><W40/><G113/><T57/><D108/><U66/><E66/><V74/><F74/><W70/><G70/><T43/><D131/><U124/><E124/><V99/><F54/><W61/><G1/><T125/><D125/><U19/><E34/><N who="2" m="20807" /><F115/><W42/><G5/><T134/><D134/><U110/><E6/><V72/><F72/><W56/><G75/><T48/><D106/><U91/><E110/><V84/><F84/><W59/><G78/><T127/><D127/><U33/><E33/><V80/><F83/><W76/><G76/><T120/><D120/><U53/><E85/><V39/><F39/><W100/><G100/><T13/><D79/><U114/><E114/><V17/><F17/><W35/><G35/><T36/><D29/><U118/><E20/><V81/><F81/><W116/><G116/><T63/><D13/><U122/><E122/><V23/><F23/><N who="3" m="11671" /><G51/><T130/><D130/><U31/><E31/><V68/><F68/><W135/><G135/><T55/><REACH who="0" step="1"/><D94/><REACH who="0" ten="201,329,230,230" step="2"/><U4/><E118/><V65/><F133/><W88/><G88/><T123/><D123/><U18/><E105/><V71/><F132/><W119/><G119/><T22/><D22/><U62/><E21/><V60/><F0/><W129/><G129/><T32/><D32/><U11/><E2/><V28/><F28/><W109/><G109/><T49/><D49/><U103/><E50/><V12/><F12/><W67/><AGARI ba="0,1" hai="40,41,42,44,45,47,56,58,59,61,67" m="11671" machi="67" ten="30,2000,0" yaku="8,1,54,1" doraHai="111" who="3" fromWho="3" sc="201,-5,329,-10,230,-5,230,30" /><INIT seed="2,0,0,0,1,105" ten="196,319,225,260" oya="2" hai0="111,135,107,39,26,87,70,115,33,68,17,32,18" hai1="0,96,38,123,116,6,92,106,51,50,86,48,44" hai2="63,83,75,9,56,114,79,60,77,104,67,124,69" hai3="102,99,78,80,24,97,134,117,8,12,112,47,113"/><V129/><F114/><N who="3" m="44139" /><G117/><T91/><D115/><U93/><E116/><V31/><F129/><W82/><G134/><T74/><D39/><U72/><E72/><V1/><F124/><W85/><G24/><T27/><D135/><U110/><E110/><V61/><F104/><W23/><G23/><T49/><D107/><U59/><E123/><V65/><F31/><W122/><G122/><T28/><D74/><U57/><E106/><V13/><F1/><W131/><G131/><T90/><D49/><N who="1" m="19051" /><E0/><V81/><F61/><W36/><G82/><T108/><REACH who="0" step="1"/><D87/><REACH who="0" ten="186,319,225,260" step="2"/><U41/><E38/><V100/><F100/><W45/><G36/><T94/><D94/><U109/><E86/><V71/><F71/><W119/><G119/><T4/><D4/><U66/><E92/><V15/><F9/><W55/><G102/><T125/><D125/><U35/><E6/><V103/><F103/><W14/><G85/><AGARI ba="0,1" hai="13,15,56,60,63,65,67,69,75,77,79,81,83,85" machi="85" ten="30,2900,0" yaku="7,1,52,1" doraHai="105" who="2" fromWho="3" sc="186,0,319,0,225,39,260,-29" /><INIT seed="2,1,0,0,2,13" ten="186,319,264,231" oya="2" hai0="130,77,58,91,9,43,133,116,30,2,27,82,66" hai1="11,122,31,115,97,57,39,107,131,24,52,120,112" hai2="46,135,104,94,33,95,21,78,75,49,15,18,114" hai3="61,16,17,48,38,99,45,87,10,34,134,83,100"/><V20/><F114/><W76/><G34/><T29/><D130/><U80/><E39/><V0/><F104/><W128/><G38/><T62/><D133/><U71/><E71/><V117/><F117/><W4/><G134/><T109/><D109/><U126/><E126/><V44/><F135/><W113/><G128/><T41/><D116/><U26/><E131/><V35/><F0/><W102/><G61/><T50/><D91/><U106/><E80/><V101/><F78/><W36/><G36/><T69/><D69/><U74/><E74/><V60/><F75/><W110/><G110/><T84/><D50/><N who="1" m="30871" /><E11/><V73/><F73/><W68/><G68/><T92/><D92/><U119/><E24/><V56/><F20/><W25/><G25/><T32/><REACH who="0" step="1"/><D30/><REACH who="0" ten="176,319,264,231" step="2"/><U125/><E119/><V37/><F95/><N who="3" m="58495" /><G113/><T96/><D96/><U98/><E98/><V85/><F37/><W70/><G70/><T28/><D28/><U6/><E97/><V53/><F101/><W19/><G102/><T81/><D81/><U93/><E93/><V59/><F94/><W12/><G4/><AGARI ba="1,1" hai="2,4,9,27,29,32,41,43,58,62,66,77,82,84" machi="4" ten="40,1300,0" yaku="1,1,53,0" doraHai="13" doraHaiUra="124" who="0" fromWho="3" sc="176,26,319,0,264,0,231,-16" /><INIT seed="3,0,0,5,0,45" ten="202,319,264,215" oya="3" hai0="22,94,43,98,56,58,113,119,51,135,19,70,116" hai1="80,75,36,6,111,34,123,25,24,114,127,85,117" hai2="112,49,52,10,78,47,42,134,96,129,110,50,76" hai3="133,67,7,2,91,12,124,118,27,131,128,89,82"/><W54/><G2/><T68/><D135/><U115/><E111/><V17/><F110/><W126/><G67/><T64/><D98/><U0/><E123/><V20/><F112/><W84/><G27/><T37/><D94/><U23/><E36/><V102/><F10/><W105/><G105/><T132/><D132/><U73/><E127/><N who="3" m="48682" /><G118/><T69/><D19/><U55/><E117/><N who="0" m="45129" /><D22/><U101/><E101/><V41/><F134/><W81/><G133/><T48/><D113/><U93/><E93/><N who="2" m="58639" /><F42/><W57/><G7/><T104/><D104/><U86/><E34/><V71/><F129/><N who="3" m="49739" /><G12/><T92/><D92/><U100/><E25/><N who="2" m="14479" /><F71/><W35/><G35/><T87/><D87/><U122/><E85/><V15/><F15/><W90/><G84/><T1/><D1/><U5/><E0/><V46/><AGARI ba="0,0" hai="41,46,47,49,50,52,76,78" m="14479,58639" machi="46" ten="30,7900,0" yaku="8,1,52,2,54,1" doraHai="45" who="2" fromWho="2" sc="202,-20,319,-20,264,79,215,-39" /><INIT seed="4,0,0,3,3,108" ten="182,299,343,176" oya="0" hai0="98,61,68,57,38,18,88,26,65,20,2,0,50" hai1="10,64,52,67,95,51,111,7,86,112,12,79,99" hai2="3,82,5,15,94,23,134,1,84,58,71,75,107" hai3="92,34,120,62,122,116,130,17,59,110,96,6,131"/><T37/><D68/><U118/><E111/><V9/><F71/><W74/><G110/><T13/><D50/><U36/><E36/><V80/><F107/><W48/><G116/><T121/><D121/><N who="3" m="46697" /><G74/><T90/><D37/><U124/><E124/><V24/><F134/><W103/><G34/><T78/><D38/><U101/><E118/><V46/><F58/><W4/><G17/><T45/><D45/><U40/><E40/><V106/><F94/><W35/><G35/><T27/><D78/><U119/><E119/><V41/><F82/><W87/><G87/><T29/><D26/><U66/><E112/><V81/><F80/><W33/><G33/><T16/><D18/><U21/><E21/><V60/><F60/><W31/><G31/><T93/><REACH who="0" step="1"/><D90/><REACH who="0" ten="172,299,343,176" step="2"/><U70/><E70/><V126/><F46/><W76/><G48/><T32/><AGARI ba="0,1" hai="0,2,13,16,20,27,29,32,57,61,65,88,93,98" machi="32" ten="20,18000,2" yaku="1,1,2,1,0,1,7,1,54,2,53,0" doraHai="108" doraHaiUra="73" who="0" fromWho="0" sc="172,190,299,-60,343,-60,176,-60" /><INIT seed="4,1,0,0,1,89" ten="362,239,283,116" oya="0" hai0="65,103,19,43,74,126,62,17,130,9,107,132,59" hai1="57,127,81,26,113,50,96,84,60,100,97,90,93" hai2="104,116,22,98,63,85,14,118,115,110,117,44,67" hai3="120,3,71,121,114,72,109,125,111,40,80,15,75"/><T33/><D74/><N who="3" m="28201" /><G15/><T36/><D33/><U1/><E1/><V94/><F110/><N who="3" m="41995" /><G3/><T2/><D126/><U53/><E127/><V21/><F115/><W124/><G40/><T102/><D130/><U0/><E0/><V87/><F104/><W16/><G16/><N who="0" m="6219" /><D107/><U49/><E113/><V68/><F44/><W18/><G18/><T13/><D2/><U45/><E26/><V73/><F73/><W39/><G114/><T10/><D132/><U54/><REACH who="1" step="1"/><E96/><REACH who="1" ten="362,229,283,116" step="2"/><V131/><F14/><W47/><G125/><T95/><D13/><U46/><E46/><V25/><F131/><W108/><G124/><T5/><D5/><U135/><E135/><V6/><F6/><W83/><G108/><T105/><D9/><U27/><E27/><V20/><REACH who="2" step="1"/><F25/><REACH who="2" ten="362,229,273,116" step="2"/><W12/><G12/><T86/><D10/><U122/><E122/><V56/><F56/><W23/><G47/><T77/><D59/><U55/><E55/><V123/><F123/><W129/><G129/><T134/><D134/><U32/><E32/><V91/><AGARI ba="1,2" hai="20,21,22,63,67,68,85,87,91,94,98,116,117,118" machi="91" ten="40,8000,1" yaku="1,1,0,1,12,1,52,1,53,0" doraHai="89" doraHaiUra="28" who="2" fromWho="2" sc="362,-41,229,-21,273,103,116,-21" /><INIT seed="5,0,0,3,3,28" ten="321,208,376,95" oya="1" hai0="82,16,25,62,43,128,17,36,71,79,120,56,132" hai1="33,119,112,94,38,61,48,135,50,85,127,103,57" hai2="34,106,30,102,32,52,64,20,10,134,31,80,104" hai3="45,14,41,54,55,118,121,1,53,73,84,81,23"/><U113/><E38/><V12/><F64/><W35/><G35/><T124/><D71/><U67/><E119/><V4/><F80/><W74/><G1/><T108/><D108/><U51/><E127/><V13/><F52/><W19/><G121/><T87/><D124/><U83/><E33/><N who="2" m="12907" /><F102/><W117/><G73/><T125/><D125/><U60/><E135/><V93/><F93/><W68/><G74/><T18/><D132/><U8/><E8/><N who="2" m="4103" /><F104/><W24/><G14/><T15/><D120/><U105/><E105/><V59/><F59/><W58/><G58/><T26/><D15/><U7/><E7/><N who="2" m="3295" /><F106/><W76/><REACH who="3" step="1"/><G68/><REACH who="3" ten="321,208,376,85" step="2"/><T116/><D56/><U78/><REACH who="1" step="1"/><E60/><REACH who="1" ten="321,198,376,85" step="2"/><V126/><F134/><W37/><AGARI ba="0,2" hai="19,23,24,37,41,45,53,54,55,76,81,84,117,118" machi="37" ten="30,4000,0" yaku="1,1,2,1,0,1,53,0" doraHai="28" doraHaiUra="95" who="3" fromWho="3" sc="321,-10,198,-20,376,-10,85,60" /><INIT seed="6,0,0,3,0,17" ten="311,178,366,145" oya="2" hai0="13,61,18,134,106,38,126,84,48,90,32,79,93" hai1="105,2,55,62,21,57,112,77,25,110,50,68,43" hai2="69,115,95,67,120,34,100,73,42,26,88,0,99" hai3="123,135,45,94,122,39,33,80,4,7,52,36,117"/><V128/><F120/><W113/><G33/><T125/><D38/><U10/><E110/><V20/><F0/><W44/><G94/><T58/><D32/><U8/><E105/><V98/><F73/><W92/><G92/><T103/><D134/><U124/><E124/><N who="0" m="47721" /><D79/><U121/><E112/><V76/><F76/><W63/><G80/><T104/><D103/><U87/><E2/><V27/><F115/><W56/><G113/><T11/><D48/><U116/><E116/><V66/><F42/><W60/><G117/><T1/><D1/><U107/><E107/><V37/><F37/><W102/><G135/><T118/><D118/><U15/><E121/><V47/><F34/><W81/><G81/><T54/><AGARI ba="0,0" hai="11,13,18,54,58,61,84,90,93,104,106" m="47721" machi="54" ten="30,1100,0" yaku="18,1" doraHai="17" who="0" fromWho="0" sc="311,11,178,-3,366,-5,145,-3" /><INIT seed="7,0,0,5,4,6" ten="322,175,361,142" oya="3" hai0="66,68,93,35,60,10,97,54,45,117,114,22,25" hai1="81,67,20,7,91,23,108,8,51,31,62,86,77" hai2="129,14,107,133,88,90,69,87,38,9,83,15,128" hai3="110,37,19,113,103,53,39,122,17,75,131,43,2"/><W98/><G122/><T101/><D117/><U4/><E108/><V13/><F133/><W50/><G110/><T42/><D114/><U30/><E51/><V135/><F135/><W104/><G113/><T118/><D118/><U49/><E49/><V12/><F107/><W79/><G131/><N who="2" m="50249" /><F69/><W124/><G124/><T82/><D82/><U1/><E4/><N who="2" m="3111" /><F38/><W116/><G116/><T121/><D121/><U85/><E30/><V59/><F59/><W11/><G79/><AGARI ba="0,0" hai="13,14,15,79,83,87,88,90" m="3111,50249" machi="79" ten="30,3900,0" yaku="19,1,52,1,54,1" doraHai="6" who="2" fromWho="3" sc="322,0,175,0,361,39,142,-39" owari="322,12.0,175,-22.0,400,50.0,103,-40.0" /></mjloggm>