<mjloggm ver="2.3"><GO type="169" lobby="0"/><UN n0="%31%74%61" n1="%E3%81%B5%E3%81%9F%E3%81%B0" n2="%52%65%64%62%75%6C%6C" n3="%E3%82%84%E3%81%BE%E3%81%8B%E3%81%84" dan="17,16,18,16" rate="2163.77,2133.33,2186.72,2153.01" sx="M,F,F,M"/><TAIKYOKU oya="0"/><INIT seed="0,0,0,5,5,19" ten="250,250,250,250" oya="0" hai0="84,73,114,55,117,26,116,46,101,78,54,115,63" hai1="88,60,83,6,120,108,36,74,96,90,64,111,61" hai2="24,123,48,99,51,29,58,66,1,102,52,14,97" hai3="4,87,22,103,132,107,56,3,2,100,113,77,16"/><T44/><D73/><U50/><E120/><V128/><F123/><W125/><G113/><N who="0" m="43019" /><D101/><U118/><E36/><V27/><F1/><W23/><G125/><T105/><D105/><U45/><E118/><N who="0" m="45673" /><D84/><U86/><E6/><V76/><F128/><W62/><G132/><T89/><D89/><U0/><E0/><V112/><F76/><W130/><G130/><T106/><D78/><U28/><E28/><V67/><F112/><W11/><G3/><T119/><D106/><U82/><E74/><V49/><F14/><W98/><G103/><T38/><N who="0" m="45681" /><T21/><DORA hai="122" /><D21/><U91/><E82/><V65/><F27/><W43/><G43/><N who="0" m="22647" /><D26/><U131/><E131/><V33/><REACH who="2" step="1"/><F99/><REACH who="2" ten="250,250,240,250" step="2"/><W71/><G77/><T92/><D92/><AGARI ba="0,1" hai="24,29,33,48,49,51,52,58,65,66,67,92,97,102" machi="92" ten="40,8000,1" yaku="1,1,2,1,54,1,53,1" doraHai="19,122" doraHaiUra="69,53" who="2" fromWho="0" sc="250,-80,250,0,240,90,250,0" /><INIT seed="1,0,0,4,5,69" ten="170,250,330,250" oya="1" hai0="20,77,71,126,2,44,112,70,80,59,108,103,92" hai1="122,127,49,84,72,83,82,120,4,65,9,53,11" hai2="125,18,100,33,28,93,135,99,15,57,130,47,123" hai3="23,68,45,54,118,97,96,117,76,89,55,75,111"/><U81/><E72/><V116/><F116/><N who="3" m="44651" /><G111/><T7/><D108/><U56/><E127/><V25/><F123/><W85/><G68/><T21/><D112/><U119/><E119/><V115/><F130/><W98/><G45/><T40/><D126/><U50/><E65/><V131/><F135/><W43/><G43/><T30/><D59/><U42/><E11/><V32/><F131/><W8/><G23/><T29/><D92/><U74/><E74/><V3/><F3/><W35/><G35/><T104/><D21/><U0/><E84/><V26/><F125/><W36/><G36/><N who="0" m="21511" /><D29/><U94/><E94/><V129/><F115/><W1/><G76/><T27/><D103/><U31/><E31/><V114/><F114/><W90/><G75/><N who="0" m="43071" /><D104/><U79/><E79/><V102/><F57/><W52/><G85/><T14/><D14/><U67/><E67/><V64/><F64/><W106/><G106/><T132/><D132/><U58/><REACH who="1" step="1"/><E42/><REACH who="1" ten="170,240,330,250" step="2"/><V87/><F87/><W95/><G95/><T46/><D46/><U121/><E121/><V6/><F129/><W37/><G98/><T105/><D105/><U73/><E73/><V16/><F47/><W22/><G97/><T12/><D30/><U133/><E133/><V51/><F28/><W66/><G96/><T124/><D124/><U61/><E61/><V134/><F134/><W17/><G66/><T128/><D128/><U91/><E91/><N who="2" m="55743" /><F33/><W39/><G90/><T48/><D71/><U86/><E86/><V107/><F32/><W24/><G89/><T109/><D70/><U13/><E13/><V38/><F15/><RYUUKYOKU ba="0,1" sc="170,-15,240,15,330,-15,250,15" hai1="0,4,9,49,50,53,56,58,81,82,83,120,122" hai3="1,8,17,22,24,37,39,52,54,55" /><INIT seed="1,1,1,4,3,16" ten="155,255,315,265" oya="1" hai0="132,99,62,95,130,33,87,110,3,5,90,46,75" hai1="54,52,49,105,21,22,23,40,114,86,96,13,8" hai2="88,92,53,85,115,36,66,0,58,120,107,133,125" hai3="134,77,29,64,28,83,41,27,39,118,63,103,102"/><U81/><E114/><V76/><F120/><W80/><G134/><T44/><D110/><U35/><E35/><V100/><F0/><W68/><G118/><T74/><D132/><U94/><E105/><V31/><F36/><W26/><G41/><T42/><D33/><U9/><E40/><V17/><F115/><W104/><G39/><T48/><D130/><U2/><E2/><V18/><F125/><W106/><G77/><T122/><D122/><U47/><E54/><V111/><F111/><W127/><G127/><T45/><D62/><U4/><E8/><V10/><F66/><W24/><G24/><T50/><D45/><U30/><E30/><V38/><F38/><W65/><REACH who="3" step="1"/><G63/><REACH who="3" ten="155,255,315,255" step="2"/><T123/><D123/><U19/><E4/><V131/><F76/><W32/><G32/><T117/><D117/><U119/><E119/><V113/><F133/><W78/><G78/><T1/><D42/><U6/><E6/><V121/><F121/><W72/><G72/><T37/><D37/><U93/><E96/><V91/><F113/><W12/><G12/><T20/><D99/><U128/><E128/><V57/><F131/><W51/><G51/><T71/><D74/><U55/><E55/><V82/><F53/><W101/><G101/><T43/><D75/><U73/><E73/><V61/><F100/><W7/><G7/><T98/><D5/><U69/><E69/><AGARI ba="1,2" hai="26,27,28,29,64,65,68,69,80,83,102,103,104,106" machi="69" ten="25,3200,0" yaku="1,1,22,2,53,0" doraHai="16" doraHaiUra="89" who="3" fromWho="1" sc="155,0,255,-35,315,0,255,55" /><INIT seed="2,0,0,2,3,94" ten="155,220,315,310" oya="2" hai0="5,27,110,58,0,7,118,88,112,47,51,133,93" hai1="128,91,82,64,24,40,76,2,116,20,117,6,74" hai2="19,41,29,50,123,28,62,42,125,104,44,55,37" hai3="90,126,95,114,54,120,43,113,33,12,53,34,102"/><V106/><F123/><W101/><G120/><T69/><D112/><N who="3" m="43113" /><G43/><T26/><D110/><U86/><E128/><V46/><F125/><W96/><G12/><T23/><D69/><U22/><E64/><V71/><F19/><W75/><G75/><T17/><D133/><U129/><E129/><V81/><F81/><W9/><G9/><T77/><D118/><U4/><E22/><V130/><F130/><W127/><G101/><T14/><D77/><U32/><E32/><N who="3" m="12394" /><G102/><T30/><D58/><U21/><E21/><V97/><F104/><W56/><G53/><N who="0" m="29951" /><D0/><U15/><E40/><V68/><F55/><W122/><G122/><T87/><D27/><U72/><E72/><V18/><F106/><W16/><G16/><T79/><D79/><U60/><E2/><V38/><F18/><W10/><G10/><AGARI ba="0,0" hai="5,7,10,14,17,23,26,30,87,88,93" m="29951" machi="10" ten="30,2000,0" yaku="8,1,54,1" doraHai="94" who="0" fromWho="3" sc="155,20,220,0,315,0,310,-20" /><INIT seed="3,0,0,1,5,30" ten="175,220,315,290" oya="3" hai0="22,84,47,43,21,59,92,1,91,67,87,10,28" hai1="24,25,61,108,93,98,37,65,122,104,39,53,107" hai2="0,3,114,75,73,9,90,55,74,126,69,125,80" hai3="12,31,129,121,78,131,26,105,46,72,60,23,101"/><W115/><G121/><T102/><D102/><U66/><E122/><V54/><F69/><W116/><G115/><T52/><D67/><U13/><E108/><V106/><F106/><W81/><G116/><T112/><D112/><U63/><E13/><V62/><F114/><W132/><G132/><T7/><D28/><U50/><E50/><V57/><F55/><W4/><G46/><T135/><D135/><U85/><E53/><V42/><F42/><W71/><G4/><T27/><D87/><U76/><E76/><V97/><F9/><W18/><G101/><T36/><REACH who="0" step="1"/><D27/><REACH who="0" ten="165,220,315,290" step="2"/><U6/><E85/><N who="2" m="50471" /><F97/><W111/><G111/><T58/><D58/><U134/><E98/><V103/><F103/><W130/><G105/><T49/><AGARI ba="0,1" hai="1,7,10,21,22,36,43,47,49,52,59,84,91,92" machi="49" ten="20,5200,0" yaku="1,1,0,1,7,1,54,1,53,0" doraHai="30" doraHaiUra="123" who="0" fromWho="0" sc="165,62,220,-13,315,-13,290,-26" /><INIT seed="4,0,0,1,2,32" ten="227,207,302,264" oya="0" hai0="56,75,57,82,88,85,122,51,42,91,21,33,24" hai1="112,99,25,125,120,58,109,78,39,12,64,6,45" hai2="132,100,65,68,34,66,50,55,133,48,59,76,73" hai3="86,108,7,102,89,20,130,80,69,134,35,18,129"/><T60/><D122/><U47/><E120/><V2/><F34/><W13/><G108/><T10/><D33/><U98/><E109/><V5/><F100/><W106/><G134/><N who="2" m="51817" /><F76/><W8/><G69/><T115/><D115/><U127/><E78/><V92/><F92/><W119/><G119/><T111/><D111/><U61/><E25/><V62/><F73/><W97/><REACH who="3" step="1"/><G35/><REACH who="3" ten="227,207,302,254" step="2"/><T70/><D70/><U135/><E135/><V31/><F68/><W15/><AGARI ba="0,1" hai="7,8,13,15,18,20,80,86,89,97,102,106,129,130" machi="15" ten="30,4000,0" yaku="1,1,2,1,0,1,53,0" doraHai="32" doraHaiUra="54" who="3" fromWho="3" sc="227,-20,207,-10,302,-10,254,50" /><INIT seed="5,0,0,3,3,38" ten="207,197,292,304" oya="1" hai0="119,63,93,100,69,54,135,8,127,67,114,88,124" hai1="92,44,73,133,83,106,27,104,29,16,97,94,57" hai2="36,117,30,41,75,32,118,0,130,108,37,20,35" hai3="129,103,66,18,56,60,49,115,78,6,2,72,50"/><U17/><E133/><V26/><F108/><W40/><G115/><T22/><D119/><U28/><E106/><V102/><F20/><W112/><G112/><T65/><D135/><U48/><E104/><V39/><F32/><W110/><G110/><T10/><D114/><U76/><E57/><V71/><F102/><W77/><G103/><T107/><D67/><U47/><E47/><N who="2" m="23975" /><F130/><W96/><G96/><N who="0" m="61831" /><D22/><U79/><E79/><V23/><F23/><W122/><G122/><T123/><D54/><U7/><E29/><V34/><F34/><W4/><G50/><T125/><D123/><U64/><E64/><V91/><F91/><W5/><G2/><T11/><D11/><U111/><E111/><V31/><F31/><W134/><G72/><T113/><D113/><U61/><E61/><V131/><F131/><W132/><G129/><T12/><D12/><U3/><E94/><V15/><F15/><W90/><G90/><T84/><AGARI ba="0,0" hai="8,10,63,65,69,84,88,93,124,125,127" m="61831" machi="84" ten="30,2000,0" yaku="18,1,54,1" doraHai="38" who="0" fromWho="0" sc="207,20,197,-10,292,-5,304,-5" /><INIT seed="6,0,0,2,0,18" ten="227,187,287,299" oya="2" hai0="30,114,87,34,19,92,84,104,90,119,60,105,64" hai1="78,76,20,9,110,25,82,99,67,132,81,130,118" hai2="131,115,120,100,80,29,45,39,79,96,62,50,12" hai3="125,49,36,123,0,28,40,43,85,127,71,109,111"/><V103/><F120/><W35/><G0/><T57/><D114/><U116/><E67/><V113/><F39/><W107/><G107/><T22/><D119/><U46/><E110/><V33/><F33/><W133/><G123/><T6/><D6/><U106/><E46/><V21/><F62/><W27/><G71/><T38/><D38/><U41/><E41/><V91/><F91/><W129/><G129/><T26/><REACH who="0" step="1"/><D84/><REACH who="0" ten="217,187,287,299" step="2"/><U32/><E116/><V55/><F131/><W70/><G85/><T117/><D117/><U93/><E118/><V51/><F115/><W97/><G36/><T31/><D31/><U89/><E130/><V10/><F113/><W23/><G28/><T66/><D66/><U63/><E132/><V128/><F29/><W124/><G133/><T94/><D94/><U37/><E37/><V72/><F128/><W88/><G111/><T75/><D75/><U5/><E106/><V54/><F72/><W16/><G109/><T95/><D95/><U53/><E82/><V13/><F80/><W17/><G127/><T83/><D83/><U15/><E81/><V2/><F2/><W58/><G125/><T65/><D65/><U135/><E135/><V73/><F73/><W44/><G124/><T121/><D121/><U101/><E101/><V48/><F100/><W108/><G108/><T11/><D11/><U122/><E122/><V59/><F10/><W8/><G8/><T47/><D47/><U126/><E126/><V14/><F45/><W74/><G74/><T4/><D4/><U68/><E9/><V86/><F103/><W112/><G44/><RYUUKYOKU ba="0,1" sc="217,30,187,-10,287,-10,299,-10" hai0="19,22,26,30,34,57,60,64,87,90,92,104,105" /><INIT seed="7,1,1,4,1,120" ten="247,177,277,289" oya="3" hai0="68,75,16,12,51,100,132,81,3,116,92,98,130" hai1="59,80,48,18,110,5,112,122,20,54,6,49,77" hai2="119,56,85,57,125,23,14,66,35,133,7,95,29" hai3="30,13,131,107,79,69,45,117,62,22,105,1,53"/><W99/><G117/><T106/><D116/><U103/><E122/><V17/><F125/><W67/><G1/><T118/><D118/><U43/><E112/><V104/><F104/><W72/><G131/><T121/><D121/><U26/><E103/><V25/><F66/><W108/><G108/><T60/><D3/><U84/><E43/><V46/><F133/><W52/><G99/><T41/><D130/><U33/><E33/><V27/><F46/><W21/><G21/><T50/><D132/><U9/><E110/><V15/><F27/><W64/><G64/><T111/><D111/><U97/><E97/><V55/><F85/><W38/><G38/><T114/><D114/><U44/><REACH who="1" step="1"/><E9/><REACH who="1" ten="247,167,277,289" step="2"/><V89/><F35/><W31/><G107/><T113/><D106/><U40/><AGARI ba="1,2" hai="5,6,18,20,26,40,44,48,49,54,59,77,80,84" machi="40" ten="20,8000,1" yaku="1,1,2,1,0,1,7,1,8,1,53,0" doraHai="120" doraHaiUra="86" who="1" fromWho="1" sc="247,-21,167,103,277,-21,289,-41" /><INIT seed="8,0,0,2,2,122" ten="226,270,256,248" oya="0" hai0="111,29,110,107,79,45,117,55,65,57,9,16,85" hai1="68,11,32,116,3,129,35,46,8,54,0,93,33" hai2="48,28,66,86,97,69,71,109,14,77,123,26,88" hai3="108,17,120,132,128,52,115,20,44,62,75,78,102"/><T12/><D117/><U95/><E116/><V6/><F77/><W106/><G115/><T104/><D29/><U101/><E54/><V84/><F84/><W38/><G120/><T36/><D65/><U125/><E46/><V2/><F2/><N who="1" m="553" /><E101/><V23/><F109/><N who="0" m="41482" /><D36/><U119/><E119/><V24/><F24/><W21/><G108/><T22/><D45/><U49/><E49/><V18/><F48/><W41/><G128/><T126/><D126/><U13/><E68/><V96/><F66/><W5/><G5/><N who="0" m="3119" /><D85/><U100/><E129/><V134/><F71/><W133/><G75/><T118/><D118/><U27/><E125/><V91/><F86/><W37/><G37/><T67/><D67/><U30/><E33/><V121/><F69/><W76/><G76/><T56/><D79/><U34/><E34/><V59/><F121/><W74/><G78/><T80/><D80/><U87/><E35/><V40/><F28/><W4/><G4/><T98/><D98/><U63/><E87/><V19/><F97/><N who="3" m="61775" /><G74/><T112/><D112/><U31/><E31/><V43/><F6/><W113/><G113/><T51/><D56/><U1/><E30/><V124/><F59/><N who="3" m="35175" /><G17/><T131/><D131/><U89/><E32/><V103/><F123/><W53/><G53/><T90/><D90/><U25/><E89/><N who="2" m="34379" /><F124/><W130/><G130/><T15/><AGARI ba="0,0" hai="15,16,22,51,55,57,104,107" m="3119,41482" machi="15" ten="30,12000,1" yaku="10,1,52,3,54,1" doraHai="122" who="0" fromWho="0" sc="226,120,270,-40,256,-40,248,-40" owari="346,44.0,230,3.0,216,-18.0,208,-29.0" /></mjloggm>