<mjloggm ver="2.3"><GO type="169" lobby="0"/><UN n0="%E7%A5%9E%E9%A2%A8%E3%81%A6%E3%81%83%E3%81%A3%E3%81%97%E3%82%85" n1="%E8%B0%B7%E5%8F%A3%E3%81%93%E3%81%86%E3%81%B8%E3%81%84" n2="%E3%81%8B%E3%81%A3%E9%A3%9B%E3%81%B0%E3%81%9B%E5%85%A8%E9%83%A8" n3="%E5%A4%A7%E5%9D%82%E5%B1%8B" dan="16,17,16,16" rate="2159.22,2197.13,2117.80,2133.80" sx="M,M,M,M"/><TAIKYOKU oya="0"/><INIT seed="0,0,0,5,1,17" ten="250,250,250,250" oya="0" hai0="82,74,77,104,97,51,41,94,84,111,30,80,28" hai1="122,125,38,13,112,128,21,6,39,50,26,32,59" hai2="23,10,89,121,91,83,43,53,78,49,79,117,120" hai3="5,127,123,130,62,61,54,98,14,11,102,85,132"/><T3/><D3/><U87/><E122/><V131/><F131/><W88/><G132/><T100/><D111/><U35/><E125/><V75/><F117/><W46/><G130/><T115/><D115/><U34/><E128/><V47/><F79/><W95/><G127/><T52/><D41/><U64/><E112/><V55/><F55/><W114/><G114/><T20/><D20/><U135/><E135/><V12/><F43/><W9/><G123/><T8/><D8/><U45/><E87/><V19/><F91/><W31/><G31/><T99/><D99/><U101/><E101/><V56/><F47/><W96/><G96/><T107/><D107/><U57/><E6/><V27/><REACH who="2" step="1"/><F89/><REACH who="2" ten="250,250,240,250" step="2"/><W118/><G118/><T22/><D22/><U103/><E45/><V86/><F86/><W4/><G54/><T0/><D0/><U105/><E21/><V133/><F133/><W60/><G46/><T110/><D110/><U37/><E32/><V81/><F81/><W93/><REACH who="3" step="1"/><G60/><REACH who="3" ten="250,250,240,240" step="2"/><T129/><D129/><U76/><E76/><V69/><F69/><W73/><G73/><T7/><D74/><U65/><E59/><V70/><F70/><W63/><G63/><T108/><D77/><U124/><E57/><V1/><F1/><AGARI ba="0,2" hai="1,4,5,9,11,14,61,62,85,88,93,95,98,102" machi="1" ten="30,3900,0" yaku="1,1,7,1,54,1,53,0" doraHai="17" doraHaiUra="48" who="3" fromWho="2" sc="250,0,250,0,240,-39,240,59" /><INIT seed="1,0,0,4,0,2" ten="250,250,201,299" oya="1" hai0="70,11,123,39,36,7,48,44,14,45,81,121,115" hai1="85,68,37,55,62,112,97,76,9,61,122,43,30" hai2="90,35,49,60,101,32,1,21,22,116,89,29,46" hai3="65,111,71,129,105,79,67,132,92,50,131,24,17"/><U95/><E112/><V120/><F116/><W34/><G111/><T135/><D115/><U28/><E122/><N who="0" m="46601" /><D70/><U125/><E125/><V42/><F120/><W53/><G132/><T88/><D135/><U47/><E62/><V10/><F101/><W84/><G105/><T41/><D45/><U73/><E85/><AGARI ba="0,0" hai="7,11,14,36,39,41,44,48,81,85,88" m="46601" machi="85" ten="30,3900,0" yaku="13,1,52,1,54,1" doraHai="2" who="0" fromWho="1" sc="250,39,250,-39,201,0,299,0" /><INIT seed="2,0,0,2,4,70" ten="289,211,201,299" oya="2" hai0="118,11,37,16,27,36,2,126,83,108,125,15,79" hai1="135,18,90,124,45,5,97,93,88,23,51,111,9" hai2="4,95,50,119,85,68,42,99,120,131,0,29,102" hai3="46,61,82,10,69,104,77,3,40,78,91,65,127"/><V14/><F119/><W98/><G127/><N who="0" m="48651" /><D118/><U21/><E124/><V67/><F120/><W56/><G104/><T129/><D129/><U80/><E111/><V107/><F131/><W24/><G24/><T52/><D108/><U28/><E135/><V63/><F0/><W117/><G117/><T44/><D27/><U74/><E28/><V72/><F72/><W30/><G30/><T60/><D2/><U128/><E128/><V73/><F73/><W41/><G41/><T26/><D26/><U6/><E6/><V121/><F121/><W53/><G98/><T12/><D15/><N who="1" m="7535" /><E5/><V71/><F29/><W8/><G91/><T112/><D112/><U49/><E49/><V32/><F32/><W22/><G22/><T134/><D134/><U43/><E74/><V13/><F4/><W75/><G78/><T84/><D60/><U92/><E80/><V31/><F31/><W19/><G19/><T66/><D66/><U113/><E113/><V116/><F116/><W115/><G3/><T106/><D106/><U123/><E123/><V76/><F13/><W1/><G1/><T103/><D103/><U20/><E21/><V39/><F14/><W105/><G105/><T33/><D33/><U38/><E38/><V48/><F39/><N who="3" m="21791" /><G115/><T101/><D101/><U35/><E35/><V64/><F107/><W87/><G75/><T96/><D96/><AGARI ba="0,0" hai="20,23,43,45,51,88,90,92,93,96,97" m="7535" machi="96" ten="30,2000,0" yaku="8,1,54,1" doraHai="70" who="1" fromWho="0" sc="289,-20,211,20,201,0,299,0" /><INIT seed="3,0,0,1,5,32" ten="269,231,201,299" oya="3" hai0="62,100,85,38,48,0,45,73,1,7,31,76,70" hai1="61,28,52,118,88,55,35,89,39,72,95,30,23" hai2="68,101,106,42,112,46,65,60,102,104,123,2,25" hai3="77,17,94,83,21,129,6,18,69,16,75,5,98"/><W110/><G129/><T67/><D73/><U49/><E39/><V33/><F112/><W115/><G115/><T87/><D7/><U63/><E72/><V126/><F126/><W22/><G69/><T51/><D100/><U121/><E121/><V103/><F123/><W117/><G117/><T132/><D51/><U29/><E35/><V80/><F80/><W78/><G78/><T84/><D76/><U114/><E114/><V36/><REACH who="2" step="1"/><F2/><REACH who="2" ten="269,231,191,299" step="2"/><W97/><G110/><T12/><D132/><U134/><E134/><V4/><F4/><W11/><G5/><T96/><D1/><U116/><E116/><V58/><F58/><W20/><REACH who="3" step="1"/><G94/><REACH who="3" ten="269,231,191,289" step="2"/><T133/><D133/><U122/><E118/><V54/><F54/><W9/><G9/><T91/><D70/><U24/><E122/><V47/><F47/><W113/><G113/><T66/><D45/><U105/><E55/><V27/><F27/><W124/><G124/><T119/><D119/><U40/><E95/><V82/><F82/><W14/><AGARI ba="0,2" hai="6,11,14,16,17,18,20,21,22,75,77,83,97,98" machi="14" ten="30,6000,0" yaku="1,1,0,1,54,1,53,0" doraHai="32" doraHaiUra="81" who="3" fromWho="3" sc="269,-20,231,-20,191,-20,289,80" /><INIT seed="3,1,0,1,5,61" ten="249,211,171,369" oya="3" hai0="10,53,57,22,113,59,65,72,131,116,106,121,34" hai1="39,107,48,43,19,69,74,40,38,122,129,127,51" hai2="105,128,73,95,125,28,102,55,12,36,13,101,24" hai3="3,83,66,63,103,11,64,26,126,91,47,134,45"/><W130/><G134/><T42/><D22/><U79/><E107/><V32/><F105/><W9/><G130/><T81/><D10/><N who="3" m="3593" /><G3/><T16/><D16/><U5/><E79/><V71/><F128/><W14/><G126/><T120/><D81/><U87/><E87/><V25/><F125/><W1/><G1/><T35/><D72/><U67/><E19/><V56/><F36/><N who="1" m="13865" /><E5/><V21/><F71/><W97/><G63/><N who="0" m="38143" /><D106/><U58/><E74/><V117/><F73/><W31/><G14/><T4/><D4/><U2/><E2/><V17/><F117/><W85/><G45/><T119/><D34/><U124/><E129/><V96/><REACH who="2" step="1"/><F101/><REACH who="2" ten="249,211,161,369" step="2"/><W7/><G7/><T6/><D6/><U80/><E127/><V70/><F70/><W49/><G103/><T135/><D131/><U46/><E124/><V88/><F88/><W23/><G97/><T100/><D100/><U30/><E69/><V98/><F98/><W82/><G83/><T84/><D119/><U78/><E80/><V33/><F33/><W114/><G114/><T112/><D116/><U94/><E78/><V108/><F108/><W76/><G76/><T75/><D35/><U90/><E90/><V62/><AGARI ba="1,1" hai="12,13,17,21,24,25,28,32,55,56,62,95,96,102" machi="62" ten="20,2700,0" yaku="1,1,0,1,7,1,53,0" doraHai="61" doraHaiUra="118" who="2" fromWho="2" sc="249,-8,211,-8,161,40,369,-14" /><INIT seed="4,0,0,3,5,40" ten="241,203,201,355" oya="0" hai0="25,93,109,12,75,123,131,133,97,81,48,100,120" hai1="36,112,127,26,117,87,8,118,4,72,79,95,38" hai2="3,71,1,83,20,57,55,52,92,103,68,23,84" hai3="27,62,114,22,82,91,126,115,44,122,5,99,39"/><T10/><D131/><U49/><E72/><V6/><F103/><W70/><G5/><T128/><D128/><U63/><E63/><V13/><F92/><W73/><G126/><T2/><D133/><U31/><E127/><V28/><F55/><W21/><G21/><T29/><D2/><U80/><E95/><V64/><F13/><W96/><G70/><T124/><D109/><U113/><E49/><V45/><F64/><W69/><G69/><T19/><D124/><U7/><E36/><V94/><F94/><W16/><G62/><T33/><D75/><U46/><E46/><V121/><F121/><W90/><G90/><T58/><D58/><U67/><E38/><V42/><F71/><W14/><G27/><T135/><D135/><U134/><E67/><V32/><F32/><W9/><G22/><T61/><D61/><U24/><E134/><V56/><F56/><W43/><G122/><T130/><D130/><U116/><E7/><V15/><F15/><W108/><G91/><T89/><D81/><U59/><E59/><V76/><F68/><W119/><G82/><T0/><D0/><N who="2" m="74" /><F6/><W74/><G74/><T86/><D48/><U129/><E129/><V105/><F105/><W35/><G73/><T51/><D51/><U17/><E4/><V78/><F78/><W107/><G39/><T30/><D30/><U106/><E106/><V50/><F28/><W18/><G107/><T60/><D60/><U77/><E77/><V47/><F47/><W110/><G44/><T65/><D65/><U66/><E66/><V111/><F111/><W101/><G108/><RYUUKYOKU ba="0,0" sc="241,15,203,-15,201,15,355,-15" hai0="10,12,19,25,29,33,86,89,93,97,100,120,123" hai2="20,23,42,45,50,52,57,76,83,84" /><INIT seed="4,1,0,3,2,120" ten="256,188,216,340" oya="0" hai0="50,65,73,19,121,63,64,4,44,1,79,21,61" hai1="51,101,95,87,81,106,77,56,97,10,118,113,98" hai2="46,109,93,133,13,40,72,2,17,128,33,11,26" hai3="99,28,67,41,22,75,90,35,69,126,70,89,37"/><T8/><D121/><U3/><E3/><V123/><F123/><W9/><G75/><T125/><D125/><U107/><E10/><V42/><F133/><W60/><G69/><T105/><D105/><N who="1" m="63663" /><E56/><V114/><F114/><W15/><G22/><T124/><D124/><U83/><E51/><V94/><F128/><W27/><G126/><T12/><D65/><U88/><E118/><V135/><F135/><W30/><G28/><T78/><D73/><N who="1" m="43183" /><E113/><V100/><F72/><W119/><G119/><T74/><D74/><U36/><E36/><V117/><F117/><W82/><G82/><T127/><D127/><U112/><E112/><V6/><F100/><AGARI ba="1,0" hai="83,87,88,95,98,100,106,107" m="43183,63663" machi="100" ten="30,12000,2" yaku="35,5,54,1" doraHai="120" who="1" fromWho="2" sc="256,0,188,123,216,-123,340,0" /><INIT seed="5,0,0,2,0,0" ten="256,311,93,340" oya="1" hai0="1,6,95,96,83,32,75,130,34,80,44,128,82" hai1="97,26,103,38,126,52,35,134,129,109,71,123,58" hai2="3,125,18,89,46,112,124,19,91,48,118,17,10" hai3="114,28,62,37,53,72,104,135,69,49,56,67,51"/><U64/><E123/><V84/><F118/><W60/><G72/><T116/><D116/><U92/><E38/><V66/><F66/><W30/><G104/><T24/><D24/><U107/><E129/><N who="0" m="49769" /><D44/><U41/><E41/><V85/><F112/><W47/><G114/><T81/><D81/><U42/><E42/><V117/><F117/><W94/><G135/><T4/><D1/><U122/><E122/><V78/><F78/><W88/><G49/><T68/><D68/><U59/><E134/><V13/><F3/><W105/><G105/><T119/><D75/><U31/><E126/><V8/><F125/><W55/><REACH who="3" step="1"/><G37/><REACH who="3" ten="256,311,93,330" step="2"/><T16/><D119/><U7/><E107/><V57/><F124/><W33/><G33/><N who="0" m="12907" /><D16/><U74/><E74/><V61/><F19/><W79/><G79/><T40/><D40/><U39/><E39/><V90/><F18/><W127/><G127/><T93/><D96/><AGARI ba="0,1" hai="28,30,47,51,53,55,56,60,62,67,69,88,94,96" machi="96" ten="30,8000,1" yaku="1,1,7,1,54,1,53,2" doraHai="0" doraHaiUra="50" who="3" fromWho="0" sc="256,-80,311,0,93,0,330,90" /><INIT seed="6,0,0,4,4,33" ten="176,311,93,420" oya="2" hai0="89,129,93,19,122,80,111,60,84,3,55,44,48" hai1="23,95,70,71,114,25,68,109,73,31,21,90,58" hai2="56,42,51,5,27,54,131,41,96,30,13,67,18" hai3="86,121,57,126,39,102,37,98,59,110,119,99,97"/><V49/><F131/><W36/><G121/><T88/><D111/><U10/><E109/><V85/><F67/><W16/><G110/><T0/><D122/><U130/><E73/><V61/><F5/><W14/><G119/><T34/><D34/><U124/><E130/><V78/><F30/><W11/><G126/><T79/><D129/><U47/><E124/><V100/><F27/><W128/><G128/><T77/><D89/><U94/><E47/><V28/><F28/><W101/><G86/><T133/><D133/><U50/><E114/><V81/><F42/><W75/><G75/><T82/><D82/><U24/><E10/><V32/><F32/><W112/><G112/><T105/><D105/><U125/><E125/><V12/><F41/><W92/><G98/><T65/><D19/><U69/><E69/><V113/><F113/><W17/><G17/><T87/><D79/><U22/><E31/><V117/><F117/><W127/><G127/><T135/><D135/><U2/><E90/><V64/><F18/><W1/><G1/><T116/><D116/><U7/><E2/><V108/><F108/><W134/><G134/><T26/><D26/><N who="1" m="10347" /><E7/><V120/><F120/><W9/><G9/><T132/><D132/><U20/><E20/><V74/><F74/><W66/><G66/><T76/><D76/><U107/><E107/><N who="2" m="63879" /><F64/><W29/><G29/><T45/><D45/><U43/><E43/><V91/><F91/><W106/><AGARI ba="0,0" hai="11,14,16,36,37,39,57,59,92,97,99,101,102,106" machi="106" ten="30,2000,0" yaku="0,1,54,1" doraHai="33" who="3" fromWho="3" sc="176,-5,311,-5,93,-10,420,20" /><INIT seed="7,0,0,3,1,53" ten="171,306,83,440" oya="3" hai0="33,4,62,20,110,130,109,122,84,14,108,13,59" hai1="127,111,96,64,54,8,5,38,71,48,82,37,77" hai2="69,6,47,11,79,17,56,18,81,55,26,78,42" hai3="104,92,41,99,90,28,95,30,63,52,40,22,126"/><W3/><G3/><T125/><D122/><U12/><E111/><V10/><F69/><W124/><G104/><T32/><D32/><U91/><E127/><N who="3" m="48682" /><G92/><T83/><D33/><U113/><E113/><V132/><F132/><W16/><G52/><T73/><D73/><U88/><E71/><V97/><F97/><W106/><G63/><T19/><D125/><U45/><E64/><V23/><F18/><W101/><G40/><T51/><D51/><U86/><E37/><V72/><F79/><W120/><G41/><T117/><D130/><U36/><E36/><V119/><F119/><W60/><G60/><T85/><D117/><U49/><E38/><V57/><F55/><W1/><G1/><T134/><D134/><U128/><E128/><V121/><F121/><W0/><G0/><T131/><D131/><U118/><E118/><V100/><F100/><W94/><G94/><T25/><D108/><U34/><E34/><V98/><F98/><N who="3" m="57719" /><G120/><T75/><D109/><U114/><E114/><V103/><F103/><W66/><G66/><T87/><D110/><U35/><E35/><V70/><F70/><W135/><G135/><T89/><D62/><U39/><E39/><V68/><F68/><W21/><G21/><T116/><D20/><U93/><REACH who="1" step="1"/><E48/><REACH who="1" ten="171,296,83,440" step="2"/><V29/><F29/><W105/><G28/><T112/><D112/><U67/><E67/><V31/><F31/><W133/><G30/><T7/><D116/><U115/><E115/><V44/><F11/><W65/><G65/><T74/><D83/><U27/><E27/><N who="2" m="14831" /><F81/><W43/><G133/><T129/><D129/><RYUUKYOKU ba="0,1" sc="171,-10,296,30,83,-10,440,-10" hai1="5,8,12,45,49,54,77,82,86,88,91,93,96" owari="161,-24.0,326,13.0,73,-43.0,440,54.0" /></mjloggm>