<mjloggm ver="2.3"><GO type="169" lobby="0"/><UN n0="%E3%81%82%E3%81%84%E3%81%A0%E3%81%A6" n1="%E3%82%82%E3%83%BC%E3%82%8A%E3%83%BC" n2="%E3%82%AA%E3%82%AA%E3%82%AB%E3%83%9F%E5%85%88%E7%94%9F" n3="%E5%BD%97%E6%98%9F%E5%85%A5%E3%83%92%E3%82%B3" dan="16,16,16,16" rate="2103.55,2180.32,2110.44,2096.97" sx="M,M,F,M"/><TAIKYOKU oya="0"/><INIT seed="0,0,0,5,1,81" ten="250,250,250,250" oya="0" hai0="9,126,79,74,119,60,68,127,15,43,36,120,73" hai1="105,104,14,112,106,26,67,5,21,110,107,91,6" hai2="72,80,84,118,51,77,25,16,89,55,50,63,99" hai3="19,70,124,52,111,131,122,8,108,134,103,128,62"/><T76/><BYE who="3" /><D36/><U69/><E110/><V3/><F3/><W2/><G2/><T33/><D43/><UN n3="%E5%BD%97%E6%98%9F%E5%85%A5%E3%83%92%E3%82%B3" /><U82/><E112/><V114/><F114/><W133/><G103/><T56/><D68/><U98/><E14/><V130/><F130/><N who="3" m="49707" /><G8/><T71/><D71/><U123/><E123/><V45/><F118/><W29/><G29/><T57/><D57/><U90/><E90/><V53/><F72/><N who="0" m="27754" /><D33/><U35/><E82/><V95/><F63/><W54/><G19/><N who="0" m="8687" /><D120/><U100/><E91/><V49/><REACH who="2" step="1"/><F45/><REACH who="2" ten="250,250,240,250" step="2"/><W59/><G122/><T37/><D119/><U125/><E125/><N who="0" m="47625" /><D37/><U18/><REACH who="1" step="1"/><E35/><REACH who="1" ten="250,240,240,250" step="2"/><V65/><F65/><AGARI ba="0,2" hai="56,60,65,76,79" m="47625,8687,27754" machi="65" ten="30,1500,0" yaku="18,1" doraHai="81" who="0" fromWho="2" sc="250,35,240,0,240,-15,250,0" /><INIT seed="0,1,0,4,2,98" ten="285,240,225,250" oya="0" hai0="121,75,26,68,52,39,89,123,42,58,66,14,67" hai1="64,69,85,115,92,125,78,19,37,93,30,120,74" hai2="79,48,119,116,41,36,50,35,86,44,49,16,45" hai3="10,7,15,55,107,118,22,97,34,127,110,108,130"/><T104/><D75/><U18/><E120/><V71/><F35/><W103/><G118/><N who="2" m="45097" /><F79/><W113/><G113/><T96/><D14/><U43/><E115/><V122/><F86/><W111/><G127/><T11/><D11/><U76/><E125/><V33/><F33/><W135/><G135/><T126/><D126/><U77/><E30/><V23/><F71/><W80/><G130/><T100/><D89/><U61/><E74/><V13/><F122/><W131/><G131/><T6/><D6/><U5/><E5/><V4/><F4/><W73/><G34/><T81/><D81/><U70/><E70/><V8/><F8/><W1/><G55/><AGARI ba="1,0" hai="13,16,23,36,41,44,45,48,49,50,55" m="45097" machi="55" ten="30,2000,0" yaku="12,1,54,1" doraHai="98" who="2" fromWho="3" sc="285,0,240,0,225,23,250,-23" /><INIT seed="1,0,0,0,2,73" ten="285,240,248,227" oya="1" hai0="63,50,133,68,59,98,28,10,106,39,101,72,40" hai1="111,12,13,41,4,57,54,86,56,44,58,34,116" hai2="69,123,21,113,3,23,25,37,129,15,65,134,80" hai3="102,95,62,42,128,1,97,9,26,74,8,78,32"/><U43/><E43/><V35/><F65/><W46/><G128/><T135/><D72/><U103/><E103/><V29/><F80/><W92/><G62/><T14/><D28/><U52/><E52/><V90/><F90/><W119/><G119/><T20/><D20/><N who="2" m="7754" /><F69/><W79/><G74/><T6/><D39/><U45/><E45/><V126/><F37/><W64/><G64/><T18/><D18/><U99/><E99/><V91/><F91/><W130/><G130/><T132/><D40/><U27/><E27/><V89/><F89/><W51/><G1/><T77/><D50/><U16/><E16/><V19/><F123/><W125/><G125/><T22/><D22/><U0/><E0/><V61/><F126/><W67/><G67/><N who="0" m="41087" /><D59/><U84/><E84/><V108/><F61/><W85/><G85/><T104/><D104/><U96/><E96/><V24/><F3/><W66/><G66/><T17/><D17/><U120/><E120/><V115/><F25/><W110/><G95/><T87/><D87/><U82/><E82/><V47/><F47/><W107/><G107/><T11/><D11/><N who="3" m="4169" /><G32/><T36/><D36/><U53/><E53/><V70/><F35/><W124/><G124/><T100/><D100/><U76/><E76/><AGARI ba="0,0" hai="6,10,14,76,77,98,101,106,132,133,135" m="41087" machi="76" ten="30,3900,0" yaku="20,1,52,2" doraHai="73" who="0" fromWho="1" sc="285,39,240,-39,248,0,227,0" /><INIT seed="2,0,0,5,1,112" ten="324,201,248,227" oya="2" hai0="74,121,117,115,52,30,55,27,126,41,1,73,111" hai1="49,84,129,43,110,38,13,0,97,50,60,31,95" hai2="7,106,134,77,102,44,94,8,36,76,35,118,75" hai3="3,21,45,116,54,63,133,10,96,98,28,6,14"/><V80/><F118/><W46/><G133/><T2/><D115/><U90/><E90/><V135/><F76/><W9/><G116/><T132/><D121/><U131/><E131/><V123/><F123/><W101/><G28/><T114/><D114/><U4/><E4/><V120/><F120/><W85/><G21/><T66/><D66/><U37/><E37/><V108/><F35/><W48/><G85/><T20/><D117/><U57/><E57/><V119/><F119/><W128/><G128/><T56/><D41/><U62/><E62/><V70/><F70/><W79/><G79/><T47/><D132/><U15/><E15/><V72/><F94/><W18/><G63/><T83/><D126/><U103/><E103/><V124/><F75/><W105/><REACH who="3" step="1"/><G98/><REACH who="3" ten="324,201,248,217" step="2"/><T68/><D74/><U26/><E26/><V34/><F34/><W87/><G87/><T113/><D27/><U107/><E107/><V25/><F25/><W19/><G19/><T100/><D20/><U130/><E130/><V61/><F61/><W125/><G125/><T104/><D30/><U78/><E78/><V33/><F33/><W59/><AGARI ba="0,1" hai="3,6,9,10,14,18,45,46,48,54,59,96,101,105" machi="59" ten="20,2700,0" yaku="1,1,0,1,7,1,53,0" doraHai="112" doraHaiUra="86" who="3" fromWho="3" sc="324,-7,201,-7,248,-13,217,37" /><INIT seed="3,0,0,1,1,56" ten="317,194,235,254" oya="3" hai0="94,30,117,127,43,53,44,98,115,121,46,95,96" hai1="79,122,37,131,75,100,92,113,129,50,128,31,134" hai2="76,65,125,120,27,91,18,72,112,109,32,81,104" hai3="16,47,123,34,23,36,135,7,116,67,106,87,82"/><W70/><G123/><T35/><D127/><U130/><E130/><V132/><F125/><W59/><G116/><T103/><D117/><U19/><E19/><V24/><F120/><W107/><G34/><T10/><D115/><U102/><E102/><V55/><F109/><W38/><G70/><T49/><D121/><U108/><E108/><V126/><F126/><W57/><G135/><T77/><D77/><U78/><E78/><V2/><F2/><W42/><G38/><T0/><D30/><U124/><E124/><V68/><F132/><W86/><G7/><T85/><D85/><U14/><E14/><V29/><F55/><W22/><G22/><T20/><D20/><U74/><E74/><V39/><F24/><W9/><G9/><T13/><D0/><U21/><E21/><V61/><F18/><W5/><G5/><T105/><D35/><U73/><E73/><V90/><F112/><W48/><G57/><T71/><D71/><U111/><E111/><V45/><REACH who="2" step="1"/><F104/><REACH who="2" ten="317,194,225,254" step="2"/><W110/><G110/><T6/><D105/><U15/><E15/><V88/><F88/><W33/><G107/><T64/><D64/><U97/><E97/><V93/><F93/><N who="0" m="35338" /><D103/><U8/><E8/><V17/><F17/><W41/><G106/><T25/><D25/><U84/><E84/><V83/><F83/><W12/><G82/><T66/><D66/><U3/><E3/><V89/><F89/><W69/><G87/><T119/><D119/><U133/><E133/><V118/><F118/><W58/><G86/><T40/><D53/><U63/><E63/><V62/><F62/><RYUUKYOKU ba="0,1" sc="317,15,194,-15,225,15,254,-15" hai0="6,10,13,40,43,44,46,49,96,98" hai2="27,29,32,39,45,61,65,68,72,76,81,90,91" /><INIT seed="4,1,1,1,2,131" ten="332,179,240,239" oya="0" hai0="23,70,134,122,85,80,94,56,33,2,130,37,132" hai1="38,135,10,112,15,118,128,64,16,92,65,77,79" hai2="7,96,100,71,26,20,88,78,40,51,119,8,74" hai3="129,89,3,0,111,103,106,59,108,62,127,83,107"/><T104/><D130/><U49/><E49/><V75/><F71/><W5/><G129/><T43/><D70/><U76/><E76/><V58/><F119/><W98/><G107/><T82/><D33/><U115/><E115/><V47/><F58/><W52/><G127/><T35/><D35/><U53/><E53/><V4/><F78/><W124/><G124/><T72/><D122/><U25/><E25/><V12/><F7/><W63/><G63/><T69/><D69/><U105/><E105/><V95/><REACH who="2" step="1"/><F100/><REACH who="2" ten="332,179,230,239" step="2"/><W22/><G5/><T36/><D72/><U27/><E27/><V24/><F24/><W57/><G57/><T42/><D56/><U11/><E11/><V61/><F61/><W116/><G116/><T117/><D117/><U126/><E126/><V39/><F39/><W81/><G59/><T13/><D37/><U120/><E120/><V1/><F1/><W55/><G62/><T18/><D2/><U29/><E29/><AGARI ba="1,2" hai="4,8,12,20,26,29,40,47,51,74,75,88,95,96" machi="29" ten="30,3900,0" yaku="1,1,7,1,54,1,53,0" doraHai="131" doraHaiUra="31" who="2" fromWho="1" sc="332,0,179,-42,230,62,239,0" /><INIT seed="5,0,0,5,1,102" ten="332,137,292,239" oya="1" hai0="109,4,58,30,37,104,20,116,103,9,120,96,135" hai1="64,34,122,134,93,84,35,113,92,15,5,18,131" hai2="130,59,77,129,71,6,40,23,88,114,89,66,56" hai3="94,42,16,62,52,124,19,8,85,48,83,54,11"/><U38/><E38/><V44/><F77/><W61/><G124/><T26/><D109/><U106/><E106/><V74/><F74/><W45/><G94/><T99/><D135/><U65/><E65/><V118/><F118/><W12/><G61/><T0/><D37/><U100/><E100/><V39/><F6/><W98/><G98/><T32/><D116/><U67/><E67/><V107/><F107/><W117/><G117/><T43/><D43/><U91/><E91/><N who="2" m="34891" /><F23/><W29/><G29/><T119/><D119/><U111/><E111/><V25/><F25/><W80/><G62/><T95/><D58/><U110/><E110/><V81/><F81/><N who="3" m="31307" /><G85/><T50/><D50/><U79/><E79/><V82/><F82/><W75/><G75/><T126/><D126/><U31/><E31/><V27/><F27/><W123/><G123/><T101/><REACH who="0" step="1"/><D120/><REACH who="0" ten="322,137,292,239" step="2"/><U125/><E125/><V115/><F71/><W70/><G70/><T1/><D1/><U2/><E2/><V10/><F56/><W53/><G8/><T57/><D57/><U86/><E86/><V72/><F10/><W87/><G87/><T7/><D7/><AGARI ba="0,1" hai="7,11,12,16,19,42,45,48,52,53,54" m="31307" machi="7" ten="30,3900,0" yaku="8,1,54,2" doraHai="102" who="3" fromWho="0" sc="322,-39,137,0,292,0,239,49" /><INIT seed="6,0,0,5,5,106" ten="283,137,292,288" oya="2" hai0="124,113,10,33,129,75,37,54,14,79,39,16,25" hai1="44,65,55,69,84,81,85,95,15,87,24,98,125" hai2="56,92,60,130,68,119,122,40,12,77,20,23,27" hai3="36,57,66,7,50,13,90,61,34,42,116,51,9"/><V80/><F119/><W0/><G116/><T1/><D113/><U110/><E110/><V5/><F122/><W78/><G34/><T131/><D124/><U82/><E82/><V91/><F68/><W48/><G90/><T38/><D54/><U101/><E101/><V72/><F130/><N who="0" m="49674" /><D1/><U29/><E29/><V100/><F40/><W123/><G123/><T121/><D121/><U67/><E67/><V76/><F76/><W22/><G78/><T71/><D71/><U86/><E86/><V102/><F12/><W108/><G108/><T46/><D46/><U17/><E17/><V30/><F20/><W63/><G63/><T8/><D8/><U126/><E126/><V104/><F5/><W26/><G36/><T96/><D96/><U109/><E109/><V117/><F104/><W97/><G97/><T103/><D103/><U133/><E133/><V94/><F94/><W132/><G132/><T64/><D64/><U70/><E70/><V127/><F127/><W11/><G11/><T115/><D115/><U128/><E128/><V45/><F45/><N who="3" m="25655" /><G0/><T3/><D3/><U4/><E4/><V52/><REACH who="2" step="1"/><F117/><REACH who="2" ten="283,137,282,288" step="2"/><W18/><AGARI ba="0,1" hai="7,9,13,18,22,26,50,51,57,61,66" m="25655" machi="18" ten="30,1100,0" yaku="8,1" doraHai="106" who="3" fromWho="3" sc="283,-3,137,-3,282,-5,288,21" /><INIT seed="7,0,0,4,5,27" ten="280,134,277,309" oya="3" hai0="1,52,98,48,85,105,82,132,36,30,0,94,118" hai1="111,13,115,20,92,49,131,75,33,109,58,44,17" hai2="53,101,126,15,103,69,46,83,70,119,60,25,74" hai3="107,34,26,7,62,106,128,63,125,96,102,2,121"/><W99/><G121/><T73/><D118/><U41/><E41/><V4/><F119/><W130/><G125/><T79/><D36/><U21/><E21/><V71/><F126/><W11/><G34/><T39/><D39/><U5/><E5/><V120/><F120/><W129/><G26/><T108/><D108/><U113/><E113/><V88/><F74/><W133/><G133/><T80/><D30/><U77/><E77/><V93/><F25/><W78/><G78/><T9/><D9/><U117/><E117/><V37/><F83/><W31/><G31/><T116/><D132/><U124/><E124/><V40/><F4/><W91/><G91/><N who="0" m="53615" /><D80/><U19/><E19/><V45/><F15/><W104/><G99/><T16/><D16/><U114/><E114/><V89/><F89/><W72/><G72/><T42/><D42/><U10/><E10/><V65/><F46/><W59/><G63/><T14/><D14/><U55/><E55/><AGARI ba="0,0" hai="2,7,11,55,59,62,96,102,104,106,107,128,129,130" machi="55" ten="40,2000,0" yaku="19,1" doraHai="27" who="3" fromWho="1" sc="280,0,134,-20,277,0,309,20" owari="280,8.0,114,-39.0,277,-12.0,329,43.0" /></mjloggm>