<mjloggm ver="2.3"><GO type="169" lobby="0"/><UN n0="%E4%BE%8D" n1="%7A%6B%75%72%74" n2="%EF%BC%A9%EF%BC%A3%EF%BC%A8%EF%BC%A9" n3="%4A%65%74%2E%42" dan="18,17,17,18" rate="2223.75,2221.98,2113.71,2205.37" sx="M,M,M,M"/><TAIKYOKU oya="0"/><INIT seed="0,0,0,4,3,23" ten="250,250,250,250" oya="0" hai0="93,7,62,130,112,43,27,14,86,29,39,64,3" hai1="95,125,65,25,63,121,109,105,103,16,78,44,82" hai2="100,61,84,113,99,96,123,33,46,58,42,91,20" hai3="116,87,127,22,31,107,97,66,11,18,110,117,19"/><T80/><D112/><U8/><E121/><V13/><F113/><W5/><G110/><T51/><D130/><U9/><E109/><V67/><F33/><W79/><G127/><T71/><D3/><U57/><E105/><V90/><F123/><W76/><G31/><T1/><D1/><U59/><E125/><V129/><F129/><W48/><G66/><T34/><D39/><U26/><E44/><V10/><F100/><W122/><G19/><T77/><D93/><U49/><E95/><V38/><F20/><W98/><G48/><T47/><D14/><N who="1" m="7239" /><E103/><V134/><F91/><W133/><G133/><T30/><D30/><U75/><E75/><V69/><F69/><W102/><G98/><T135/><REACH who="0" step="1"/><D7/><REACH who="0" ten="240,250,250,250" step="2"/><U108/><E108/><V120/><F120/><W6/><G6/><T37/><D37/><U119/><E119/><V40/><F134/><AGARI ba="0,1" hai="27,29,34,43,47,51,62,64,71,77,80,86,134,135" machi="134" ten="40,7700,0" yaku="1,1,52,1,53,1" doraHai="23" doraHaiUra="28" who="0" fromWho="2" sc="240,87,250,0,250,-77,250,0" /><INIT seed="0,1,0,0,5,10" ten="327,250,173,250" oya="0" hai0="119,94,130,59,44,42,133,38,132,7,51,41,125" hai1="86,120,135,87,3,72,32,47,61,56,34,122,22" hai2="88,12,14,26,83,78,109,76,13,66,124,48,36" hai3="70,54,29,110,95,117,116,93,63,39,123,84,105"/><T89/><D7/><U55/><E72/><V27/><F36/><W52/><G105/><T2/><D2/><U108/><E3/><V31/><F109/><W111/><G29/><T64/><D89/><U129/><E108/><N who="3" m="41514" /><G84/><T73/><D94/><N who="3" m="35849" /><G39/><T33/><D73/><U40/><E34/><V53/><F31/><W49/><G123/><T115/><D33/><U82/><E32/><V126/><F66/><N who="3" m="41311" /><G54/><T107/><D107/><U58/><E87/><N who="2" m="50303" /><F78/><W101/><G101/><T1/><D119/><U128/><E120/><V60/><F60/><W100/><G100/><T131/><D41/><U113/><E122/><V35/><F76/><W102/><G102/><T23/><D42/><U134/><E113/><V98/><F98/><W45/><AGARI ba="1,0" hai="45,49,52,116,117" m="41311,35849,41514" machi="45" ten="30,2000,0" yaku="14,1,54,1" doraHai="10" who="3" fromWho="3" sc="327,-11,250,-6,173,-6,250,23" /><INIT seed="1,0,0,1,0,45" ten="316,244,167,273" oya="1" hai0="59,65,27,96,107,106,94,82,120,112,42,36,93" hai1="66,50,127,130,49,87,129,118,119,85,113,15,26" hai2="114,126,48,86,103,89,101,2,92,134,71,22,56" hai3="105,33,108,91,39,131,80,46,34,79,4,99,98"/><U51/><E127/><V44/><F71/><W67/><G108/><T122/><D112/><U12/><E113/><V64/><F114/><W116/><G131/><N who="1" m="50186" /><E66/><V100/><F2/><W61/><G4/><T24/><D42/><U18/><E26/><V31/><F134/><W40/><G91/><T13/><D36/><U88/><E85/><V7/><F7/><W47/><G99/><T52/><D65/><U76/><E76/><V9/><F126/><W133/><G116/><N who="1" m="44586" /><E18/><V128/><F128/><W123/><G133/><T60/><D82/><AGARI ba="0,0" hai="12,15,49,50,51,82,87,88" m="44586,50186" machi="82" ten="40,12000,1" yaku="19,1,52,3,54,1" doraHai="45" who="1" fromWho="0" sc="316,-120,244,120,167,0,273,0" /><INIT seed="1,1,0,4,2,25" ten="196,364,167,273" oya="1" hai0="106,61,74,96,66,17,37,94,5,114,60,113,6" hai1="10,111,20,108,15,121,129,76,127,0,123,57,84" hai2="16,90,30,50,83,115,7,21,39,125,58,80,124" hai3="119,65,38,33,101,71,51,59,53,43,62,103,88"/><U8/><E129/><V13/><F39/><W117/><G33/><T110/><D74/><U63/><E127/><V95/><F115/><W44/><REACH who="3" step="1"/><G88/><REACH who="3" ten="196,364,167,263" step="2"/><T28/><D114/><U133/><E123/><V32/><F125/><W73/><G73/><T9/><D113/><U109/><E121/><V105/><F124/><W52/><G52/><T26/><D110/><U49/><E111/><V48/><F32/><W100/><AGARI ba="1,1" hai="38,43,44,51,53,59,62,65,71,100,101,103,117,119" machi="100" ten="30,7900,0" yaku="1,1,0,1,24,2,53,0" doraHai="25" doraHaiUra="2" who="3" fromWho="3" sc="196,-21,364,-40,167,-21,263,92" /><INIT seed="2,0,0,0,1,129" ten="175,324,146,355" oya="2" hai0="50,102,105,27,75,53,45,8,99,77,134,51,117" hai1="83,79,60,48,61,113,120,101,32,5,59,87,91" hai2="26,23,16,10,71,84,64,44,15,46,125,114,124" hai3="90,127,80,130,56,24,49,85,132,106,57,41,31"/><V1/><F114/><W119/><G119/><T17/><D117/><U100/><E113/><V25/><F1/><W95/><G106/><T116/><D116/><U76/><E32/><V110/><F110/><W20/><G130/><T22/><D77/><U70/><E120/><V126/><F71/><W19/><G127/><T103/><D75/><U66/><E5/><V96/><F64/><W12/><G132/><T93/><D8/><U62/><E62/><V81/><F96/><W47/><REACH who="3" step="1"/><G80/><REACH who="3" ten="175,324,146,345" step="2"/><T37/><D134/><U35/><E35/><AGARI ba="0,1" hai="12,19,20,24,31,35,41,47,49,56,57,85,90,95" machi="35" ten="30,3900,0" yaku="1,1,2,1,7,1,53,0" doraHai="129" doraHaiUra="7" who="3" fromWho="1" sc="175,0,324,-39,146,0,345,49" /><INIT seed="3,0,0,5,4,122" ten="175,285,146,394" oya="3" hai0="110,94,4,40,93,14,21,90,56,87,20,24,112" hai1="23,135,16,59,77,119,60,126,0,81,68,111,80" hai2="113,125,104,72,54,108,99,32,128,134,8,84,42" hai3="120,109,36,98,100,123,48,6,88,37,49,106,96"/><W7/><G100/><T15/><D112/><U57/><E0/><V85/><F113/><W91/><REACH who="3" step="1"/><G109/><REACH who="3" ten="175,285,146,384" step="2"/><T31/><D110/><U58/><E111/><V118/><F108/><W51/><G51/><T64/><D40/><U47/><E119/><V74/><F118/><W124/><G124/><T76/><D76/><U22/><E126/><V53/><F125/><W103/><G103/><T121/><D121/><U19/><E135/><V39/><F134/><W12/><G12/><T116/><D116/><U66/><E77/><V115/><F42/><W52/><G52/><T63/><D4/><U55/><E55/><V44/><F54/><W38/><G38/><T17/><REACH who="0" step="1"/><D14/><REACH who="0" ten="165,285,146,384" step="2"/><U102/><E102/><V41/><F115/><W86/><G86/><T133/><D133/><U127/><E127/><V131/><F85/><W35/><G35/><T75/><D75/><U25/><REACH who="1" step="1"/><E47/><REACH who="1" ten="165,275,146,384" step="2"/><V34/><F44/><W3/><G3/><T2/><D2/><U82/><E82/><AGARI ba="0,3" hai="15,17,20,21,24,31,56,63,64,82,87,90,93,94" machi="82" ten="30,7700,0" yaku="1,1,7,1,8,1,53,1" doraHai="122" doraHaiUra="62" who="0" fromWho="1" sc="165,107,275,-77,146,0,384,0" /><INIT seed="4,0,0,2,3,124" ten="272,198,146,384" oya="0" hai0="117,54,56,75,43,59,103,47,70,5,96,121,23" hai1="11,34,97,35,95,114,94,87,38,111,26,92,32" hai2="110,2,133,129,85,17,13,30,86,45,60,107,20" hai3="123,77,73,51,89,68,108,41,83,53,72,61,67"/><T40/><D121/><U81/><E111/><V113/><F110/><W63/><G108/><T28/><D117/><U74/><E74/><V31/><F107/><W88/><G123/><T24/><D75/><U6/><E38/><V36/><F113/><W27/><G73/><T0/><D70/><U15/><E114/><V65/><F133/><W14/><G41/><T19/><D43/><U37/><E37/><V42/><F2/><W21/><G14/><T16/><D5/><U33/><E26/><V99/><F99/><W9/><G63/><T12/><D0/><U132/><N who="1" m="8192" /><DORA hai="126" /><U49/><E49/><V122/><F122/><W50/><G9/><T46/><D40/><U10/><E10/><V100/><F100/><W48/><REACH who="3" step="1"/><G53/><REACH who="3" ten="272,198,146,374" step="2"/><T91/><D54/><U127/><E127/><V79/><F13/><W4/><G4/><T57/><D103/><U104/><E132/><V52/><F52/><W71/><G71/><T39/><D39/><U29/><E104/><V69/><F36/><W7/><G7/><T98/><D12/><U134/><E134/><V84/><F42/><W1/><G1/><T25/><D25/><U93/><E15/><V109/><F109/><W76/><G76/><T135/><D135/><U131/><E11/><V55/><F79/><W64/><G64/><T106/><D106/><U125/><E6/><V58/><F69/><W119/><G119/><T18/><D91/><U130/><E125/><V118/><F118/><W101/><G101/><T80/><D80/><U115/><E81/><V22/><F55/><W105/><G105/><T90/><D90/><RYUUKYOKU ba="0,1" sc="272,15,198,-15,146,-15,374,15" hai0="16,18,19,23,24,28,46,47,56,57,59,96,98" hai3="21,27,48,50,51,61,67,68,72,77,83,88,89" /><INIT seed="4,1,1,5,5,95" ten="287,183,131,389" oya="0" hai0="80,120,90,93,11,29,35,70,116,84,61,69,32" hai1="128,9,31,88,1,127,46,115,41,79,14,107,39" hai2="125,89,101,117,2,130,57,13,76,96,47,135,81" hai3="98,54,105,100,63,75,33,92,44,133,0,10,24"/><T6/><D120/><U56/><E107/><V83/><F2/><W12/><G75/><T50/><D116/><U38/><E128/><V126/><F130/><W110/><G110/><T19/><D19/><U65/><E127/><N who="2" m="48651" /><F47/><W59/><G133/><T129/><D129/><U22/><E1/><V20/><F57/><W102/><G0/><T134/><D134/><U30/><E39/><V17/><F135/><W119/><G44/><T113/><D113/><U60/><E115/><V78/><F89/><W27/><G33/><T18/><D18/><U85/><E79/><N who="2" m="30251" /><F117/><W108/><G108/><T36/><D36/><U16/><REACH who="1" step="1"/><E9/><REACH who="1" ten="287,173,131,389" step="2"/><V74/><F74/><W97/><G119/><T121/><D11/><U40/><E40/><V131/><F131/><W77/><G77/><T37/><D37/><U43/><E43/><V103/><F103/><W132/><G132/><T73/><D73/><U118/><E118/><V111/><F111/><W45/><G102/><T53/><D90/><U15/><E15/><V23/><F23/><W28/><G12/><T48/><D35/><U114/><E114/><V112/><F112/><W52/><G10/><T64/><D32/><U58/><E58/><V8/><F8/><W91/><G59/><T42/><D42/><U123/><E123/><V109/><F109/><W62/><G91/><T4/><D121/><U99/><E99/><V5/><F5/><W87/><G98/><T34/><D4/><U82/><AGARI ba="1,2" hai="14,16,22,30,31,38,41,46,56,60,65,82,85,88" machi="82" ten="20,8000,1" yaku="1,1,0,1,7,1,54,2,53,0" doraHai="95" doraHaiUra="104" who="1" fromWho="1" sc="287,-41,173,103,131,-21,389,-21" /><INIT seed="5,0,0,5,4,79" ten="246,276,110,368" oya="1" hai0="98,37,7,1,64,40,96,23,62,128,16,85,38" hai1="47,54,50,90,12,125,28,63,102,104,112,44,124" hai2="2,120,18,123,107,57,97,45,101,117,114,116,74" hai3="19,111,131,68,92,115,61,59,81,10,118,11,55"/><U80/><E112/><V100/><F2/><W26/><G111/><T22/><D128/><U30/><E104/><V15/><F45/><W20/><G115/><T95/><D22/><U70/><E102/><V36/><F36/><W121/><G121/><T127/><D127/><N who="1" m="48715" /><E44/><V94/><F114/><W134/><G134/><T88/><D7/><U25/><E12/><V83/><F57/><W67/><G92/><T73/><D1/><U77/><E90/><V78/><F18/><W42/><G42/><T86/><D73/><N who="1" m="43055" /><E25/><V21/><F15/><W91/><G131/><T56/><D86/><U34/><E34/><V122/><F21/><W4/><G20/><T129/><D129/><U13/><E13/><V93/><F107/><W29/><G26/><T52/><D38/><U89/><E89/><V60/><F60/><W108/><G91/><T17/><D37/><U0/><E0/><V48/><F48/><W35/><G61/><T71/><D40/><U3/><E3/><V24/><F24/><W43/><G43/><T103/><D23/><U33/><E33/><V119/><REACH who="2" step="1"/><F101/><REACH who="2" ten="246,276,100,368" step="2"/><W53/><G35/><T69/><D103/><U31/><E63/><V84/><F84/><W72/><G19/><N who="0" m="7243" /><D71/><AGARI ba="0,1" hai="28,30,31,47,50,54,70,71" m="43055,48715" machi="71" ten="30,2900,0" yaku="18,1,52,1" doraHai="79" who="1" fromWho="0" sc="246,-29,276,39,100,0,368,0" /><INIT seed="5,1,0,3,0,97" ten="217,315,100,368" oya="1" hai0="53,103,76,51,31,39,26,48,29,5,22,60,10" hai1="91,49,129,30,24,132,59,127,17,35,118,109,40" hai2="112,20,74,67,56,99,115,108,16,65,19,88,73" hai3="123,11,72,58,14,84,93,32,107,68,106,50,85"/><U124/><E118/><V133/><F108/><W3/><G123/><T1/><D39/><U0/><E0/><V128/><F133/><W121/><G121/><T12/><D76/><U15/><E109/><V101/><F128/><W21/><G32/><T71/><D31/><U87/><E129/><V62/><F67/><W70/><G72/><T6/><D6/><U27/><E27/><V79/><F88/><W105/><G21/><T135/><D135/><U61/><E132/><V77/><F77/><W120/><G93/><T41/><D41/><U119/><E119/><V69/><F69/><W57/><G3/><T23/><D71/><U95/><E40/><V36/><F36/><W8/><G105/><T94/><D60/><U89/><E89/><V113/><F79/><W82/><G50/><T116/><D116/><U114/><E114/><V126/><F126/><W102/><G14/><T92/><D48/><U104/><E104/><N who="2" m="63551" /><F19/><W34/><G120/><T9/><D23/><U66/><REACH who="1" step="1"/><E49/><REACH who="1" ten="217,305,100,368" step="2"/><V52/><F65/><W100/><G106/><T90/><D90/><U37/><E37/><V2/><F2/><W33/><G107/><T131/><D131/><U25/><E25/><AGARI ba="1,1" hai="16,20,25,52,56,62,73,74,112,113,115" m="63551" machi="25" ten="30,8000,1" yaku="15,1,11,1,52,1,54,2" doraHai="97" who="2" fromWho="1" sc="217,0,305,-83,100,93,368,0" /><INIT seed="6,0,0,3,5,128" ten="217,222,193,368" oya="2" hai0="98,120,34,21,7,124,80,95,30,131,113,51,60" hai1="114,87,28,130,38,49,23,111,90,32,64,82,103" hai2="61,125,65,102,17,119,104,116,41,85,22,4,81" hai3="15,123,45,126,101,92,84,14,43,0,108,36,11"/><V134/><F125/><W59/><G108/><T16/><D120/><U69/><E38/><V86/><F134/><W48/><G123/><T37/><D37/><U19/><E111/><V132/><F132/><W54/><G126/><T63/><D124/><U5/><E130/><V6/><F41/><W52/><G54/><T56/><D131/><U89/><E114/><V72/><F72/><W50/><G0/><T112/><D7/><N who="2" m="2602" /><F104/><W46/><G11/><T73/><D30/><U105/><E5/><V57/><F119/><W25/><G36/><T115/><D51/><U109/><E109/><V76/><F102/><W91/><G46/><T3/><D34/><U20/><E103/><V10/><F116/><W27/><G101/><N who="0" m="60639" /><D3/><U33/><E105/><V40/><F40/><W74/><G74/><T44/><D44/><U31/><E33/><V96/><F96/><W66/><G66/><T47/><D47/><U67/><E32/><V97/><F97/><W12/><AGARI ba="0,0" hai="12,14,15,25,27,43,45,48,50,52,59,84,91,92" machi="12" ten="30,4000,0" yaku="0,1,8,1,54,1" doraHai="128" who="3" fromWho="3" sc="217,-10,222,-10,193,-20,368,40" /><INIT seed="7,0,0,5,2,110" ten="207,212,173,408" oya="3" hai0="128,38,59,24,10,90,20,30,127,60,102,13,135" hai1="65,62,77,126,58,130,123,21,98,67,132,51,68" hai2="4,1,73,101,3,48,131,36,25,37,79,116,14" hai3="119,87,91,70,94,35,49,8,117,55,23,31,103"/><W64/><G35/><T112/><D38/><N who="2" m="14954" /><F48/><W118/><G103/><T107/><D112/><U41/><E77/><V134/><F116/><W86/><G70/><T72/><D127/><U0/><E0/><N who="2" m="75" /><F101/><W111/><G111/><T50/><D72/><U63/><E126/><V39/><N who="2" m="14962" /><V22/><DORA hai="129" /><F79/><W18/><G64/><N who="0" m="38943" /><D128/><U113/><E113/><V88/><F131/><W12/><G86/><T47/><D135/><U97/><E132/><V89/><F134/><W61/><G61/><T122/><D122/><U9/><E123/><V7/><F14/><W5/><G31/><T105/><D105/><U74/><E74/><V99/><F73/><W66/><G66/><T109/><D109/><U32/><E130/><V56/><F56/><N who="3" m="32879" /><G119/><T40/><D107/><U42/><E32/><V82/><F82/><W26/><G118/><T83/><D102/><U45/><E42/><V52/><F52/><W43/><G117/><T84/><D13/><U33/><E33/><V11/><F99/><W19/><G43/><N who="0" m="24959" /><D10/><U44/><E9/><V106/><F106/><W92/><G92/><T17/><D40/><U46/><E21/><V93/><F11/><W124/><G124/><T34/><D34/><U6/><E6/><N who="2" m="2091" /><F93/><W28/><AGARI ba="0,0" hai="5,8,12,18,19,23,26,28,87,91,94" m="32879" machi="28" ten="30,1500,0" yaku="8,1" doraHai="110,129" who="3" fromWho="3" sc="207,-5,212,-5,173,-5,408,15" owari="202,-20.0,207,1.0,168,-33.0,423,52.0" /></mjloggm>