<mjloggm ver="2.3"><GO type="185" lobby="0"/><UN n0="%E3%82%A2%E3%83%AA%E3%82%A2%E3%83%AA%E5%90%9B" n1="%74%61%6B%61%2D%31%31%36" n2="%69%6E%75%73%61%6E%38%34" n3="" dan="16,16,16,0" rate="2211.16,2136.59,2118.94,1500.00" sx="M,M,M,C"/><TAIKYOKU oya="0"/><INIT seed="0,0,0,4,0,56" ten="350,350,350,0" oya="0" hai0="66,98,110,128,80,33,108,47,115,99,52,2,123" hai1="37,60,102,112,119,94,40,43,46,57,111,81,96" hai2="85,3,103,65,126,42,82,88,117,55,51,36,58" hai3=""/><T62/><N who="0" m="31520" /><T41/><D33/><U73/><E119/><V89/><F3/><T48/><D115/><U97/><E112/><V45/><F117/><T100/><D2/><U0/><E43/><V92/><F126/><T35/><D35/><U132/><E132/><V127/><F127/><T101/><D80/><U113/><E113/><V91/><F103/><N who="0" m="39498" /><D41/><U84/><E73/><V120/><N who="2" m="30752" /><V121/><N who="2" m="31008" /><V114/><F114/><T74/><D74/><U44/><E40/><V93/><REACH who="2" step="1"/><F65/><REACH who="2" ten="350,350,340,0" step="2"/><T107/><D128/><U105/><E0/><V68/><F68/><T71/><D107/><U70/><E105/><V83/><F83/><T32/><D32/><U106/><E106/><V53/><F53/><T38/><D38/><U64/><E70/><V49/><F49/><T122/><N who="0" m="31264" /><T118/><D118/><U133/><E81/><V125/><F125/><T86/><D86/><U134/><E84/><V129/><F129/><T77/><D77/><AGARI ba="0,1" hai="36,42,45,51,55,58,77,82,85,88,89,91,92,93" m="31008,30752" machi="77" ten="40,8000,1" yaku="1,1,52,2,54,1,53,1" doraHai="56" doraHaiUra="78" who="2" fromWho="0" sc="350,-80,350,0,340,90,0,0" /><INIT seed="1,0,0,5,2,56" ten="270,350,430,0" oya="1" hai0="96,88,132,134,35,102,108,50,64,34,51,135,99" hai1="68,43,2,33,124,73,100,103,37,82,89,3,42" hai2="38,54,101,129,113,133,60,45,107,112,125,74,48" hai3=""/><U62/><E33/><V93/><F74/><T90/><D64/><U119/><E119/><V77/><F77/><T92/><D108/><U127/><E100/><V58/><F107/><T53/><D90/><U114/><E114/><N who="2" m="44139" /><F125/><N who="1" m="48201" /><E103/><V52/><F129/><T1/><D1/><U66/><E89/><V79/><F79/><T41/><D41/><N who="1" m="15371" /><E37/><V71/><F38/><T97/><D51/><U122/><N who="1" m="31264" /><U76/><AGARI ba="0,0" hai="2,3,62,66,68,73,76,82" m="31264,15371,48201" machi="76" ten="30,7800,0" yaku="4,1,18,1,52,2" doraHai="56" who="1" fromWho="1" sc="270,-39,350,78,430,-39,0,0" /><INIT seed="1,1,0,3,0,72" ten="231,428,391,0" oya="1" hai0="101,50,96,117,77,124,73,108,32,48,66,47,78" hai1="128,61,34,109,123,98,111,125,102,119,76,55,62" hai2="79,126,122,131,49,58,105,85,1,64,81,94,67" hai3=""/><U80/><N who="1" m="31520" /><U68/><E34/><V56/><N who="2" m="31264" /><V63/><F1/><T135/><D32/><U133/><E119/><V44/><F105/><T116/><D108/><N who="1" m="41547" /><E133/><V113/><F126/><T65/><D135/><U57/><E125/><V74/><F131/><T43/><D73/><U132/><E128/><V84/><F113/><T90/><D90/><U54/><E132/><V99/><F67/><N who="0" m="25610" /><D50/><U91/><E91/><V134/><F58/><T38/><D38/><U130/><E130/><V93/><F134/><T0/><D0/><U39/><E39/><V88/><F94/><T89/><D89/><U3/><E68/><V35/><F35/><T69/><D69/><U46/><E46/><V75/><F75/><T106/><D124/><U33/><E33/><V36/><F36/><T60/><D60/><N who="1" m="23147" /><E57/><V107/><F107/><T100/><D100/><U103/><E103/><V114/><F114/><T51/><D48/><U83/><E83/><V121/><N who="2" m="31008" /><V104/><F104/><T71/><D71/><U59/><E59/><V2/><F2/><T127/><D127/><U41/><E80/><V129/><F129/><T42/><D116/><U118/><E118/><V82/><F82/><T45/><D117/><U52/><E3/><RYUUKYOKU ba="1,0" sc="231,10,428,-20,391,10,0,0" hai0="42,43,45,47,51,77,78,96,101,106" hai2="44,49,56,63,64,74,79,81,84,85,88,93,99" /><INIT seed="2,2,0,3,2,75" ten="241,408,401,0" oya="2" hai0="96,102,41,128,39,73,93,50,79,129,108,54,37" hai1="123,38,35,91,132,126,103,109,127,58,98,48,46" hai2="81,65,55,33,78,36,85,97,131,113,80,49,59" hai3=""/><V84/><F113/><T120/><N who="0" m="30752" /><T107/><D108/><U116/><N who="1" m="31520" /><U62/><E35/><V56/><F33/><T53/><D53/><U76/><E38/><V119/><F36/><T72/><D107/><U112/><E112/><V57/><F119/><T67/><D67/><U105/><E109/><V47/><F131/><N who="0" m="50250" /><D41/><U43/><E91/><V83/><F97/><T106/><D106/><U86/><E132/><V125/><F125/><T2/><D2/><U95/><E116/><V70/><F70/><T90/><D102/><U82/><REACH who="1" step="1"/><E105/><REACH who="1" ten="241,398,401,0" step="2"/><V3/><F3/><T51/><D39/><U63/><E63/><V133/><F133/><T61/><D37/><U32/><E32/><V89/><REACH who="2" step="1"/><F83/><REACH who="2" ten="241,398,391,0" step="2"/><T100/><D96/><U135/><E135/><V45/><F45/><T77/><D100/><U71/><E71/><V44/><F44/><T122/><D122/><U121/><N who="1" m="31008" /><U94/><E94/><V60/><AGARI ba="2,2" hai="47,49,55,56,57,59,60,65,78,80,81,84,85,89" machi="60" ten="30,7800,0" yaku="1,1,0,1,8,1,52,1,53,0" doraHai="75" doraHaiUra="118" who="2" fromWho="2" sc="241,-41,398,-41,391,102,0,0" /><INIT seed="2,3,0,2,5,70" ten="200,357,493,0" oya="2" hai0="131,125,113,112,0,52,83,68,3,110,63,108,100" hai1="123,95,69,72,51,107,116,59,98,65,101,41,103" hai2="64,40,50,105,94,67,66,127,129,57,43,75,55" hai3=""/><V88/><F105/><T109/><D100/><U60/><N who="1" m="31520" /><U122/><N who="1" m="31264" /><U1/><E1/><V121/><N who="2" m="31008" /><V97/><F75/><T71/><D83/><U111/><E111/><V49/><F127/><T44/><D125/><U89/><E116/><V37/><F129/><T76/><D76/><U133/><E133/><V2/><F2/><N who="0" m="554" /><D131/><U34/><E34/><V45/><F43/><T126/><D126/><U106/><E72/><V53/><F67/><T91/><D91/><U90/><E95/><V48/><F48/><T135/><D135/><U114/><E114/><N who="0" m="44137" /><D63/><U35/><E35/><V81/><F81/><T96/><D96/><U86/><E60/><V38/><F38/><T118/><D118/><U87/><E107/><V73/><F73/><T36/><D52/><U33/><E106/><V39/><F39/><T119/><D119/><U77/><E41/><AGARI ba="3,0" hai="36,41,44,68,71,108,109,110" m="44137,554" machi="41" ten="40,8000,1" yaku="14,1,11,1,23,1,52,1" doraHai="70" who="0" fromWho="1" sc="200,86,357,-86,493,0,0,0" /><INIT seed="4,0,0,5,4,76" ten="286,271,493,0" oya="0" hai0="36,92,126,82,117,75,109,47,91,64,37,128,39" hai1="81,89,45,98,42,58,125,66,116,122,102,34,127" hai2="97,40,88,85,132,99,3,38,0,33,43,110,68" hai3=""/><T50/><D117/><U70/><N who="1" m="31264" /><U72/><E70/><V95/><F110/><T41/><D109/><U96/><E34/><V56/><F33/><T93/><D128/><U119/><E66/><V55/><F68/><T1/><D1/><U52/><E116/><V77/><F132/><T90/><D126/><N who="1" m="48139" /><E119/><V101/><F77/><T112/><D112/><U133/><E133/><V114/><F114/><T124/><D124/><U94/><E72/><V59/><F59/><T115/><D115/><U86/><E98/><V135/><F99/><T79/><REACH who="0" step="1"/><D64/><REACH who="0" ten="276,271,493,0" step="2"/><U61/><E42/><V71/><F135/><T120/><N who="0" m="30752" /><T104/><D104/><U69/><E69/><V87/><F71/><T113/><D113/><U103/><E45/><V60/><F43/><T73/><D73/><U130/><E130/><V2/><F40/><T49/><D49/><U100/><AGARI ba="0,1" hai="52,58,61,81,86,89,94,96,100,102,103" m="48139,31264" machi="100" ten="30,5900,0" yaku="18,1,52,2,54,1" doraHai="76" who="1" fromWho="1" sc="276,-39,271,69,493,-20,0,0" /><INIT seed="5,0,0,4,0,1" ten="237,340,473,0" oya="1" hai0="73,81,54,134,56,3,68,37,2,133,121,88,119" hai1="107,78,103,44,0,86,124,104,36,114,77,57,76" hai2="112,98,131,99,65,100,135,67,93,106,41,66,63" hai3=""/><U34/><E0/><V101/><F131/><T122/><N who="0" m="31008" /><T109/><N who="0" m="31264" /><T85/><D68/><U61/><E114/><V59/><F112/><T94/><D109/><U50/><E36/><V70/><F135/><N who="0" m="51722" /><D37/><U60/><E60/><V87/><F41/><T130/><D130/><U45/><E45/><V33/><F33/><T35/><D35/><U64/><E124/><V95/><F106/><T71/><D71/><U123/><N who="1" m="31520" /><U90/><E103/><V43/><F43/><T74/><D119/><U125/><E125/><V118/><F118/><T120/><N who="0" m="30752" /><T46/><D46/><U128/><E128/><V127/><F127/><T92/><D92/><U51/><E51/><V80/><F70/><T49/><D74/><U42/><REACH who="1" step="1"/><E34/><REACH who="1" ten="237,330,473,0" step="2"/><V79/><AGARI ba="0,1" hai="59,63,65,66,67,79,80,87,93,95,98,99,100,101" machi="79" ten="20,3900,0" yaku="0,1,7,1,9,1,8,1" doraHai="1" who="2" fromWho="2" sc="237,-13,330,-26,473,49,0,0" /><INIT seed="6,0,0,1,2,96" ten="224,304,522,0" oya="2" hai0="44,60,42,77,97,55,43,35,67,122,76,86,98" hai1="80,3,113,115,65,99,46,106,48,90,79,91,119" hai2="100,66,51,133,130,63,73,109,103,2,124,118,134" hai3=""/><V40/><F2/><T83/><N who="0" m="31264" /><T105/><D35/><U120/><N who="1" m="30752" /><U32/><E32/><V117/><F73/><T87/><D55/><U110/><E110/><V94/><F124/><T49/><D43/><U92/><E3/><V78/><F78/><T107/><D107/><U85/><E65/><V89/><F130/><T82/><REACH who="0" step="1"/><D105/><REACH who="0" ten="214,304,522,0" step="2"/><U131/><E131/><V126/><F109/><T127/><D127/><U95/><E106/><V1/><F126/><T114/><D114/><N who="1" m="43531" /><E119/><V64/><F1/><T52/><D52/><U93/><E99/><V84/><F118/><T129/><D129/><U101/><E101/><V59/><F117/><T135/><D135/><N who="2" m="51722" /><F66/><T116/><D116/><U128/><E128/><V50/><F40/><AGARI ba="0,1" hai="40,46,48,79,80,85,90,91,92,93,95" m="43531,30752" machi="40" ten="30,2000,0" yaku="15,1,52,1" doraHai="96" who="1" fromWho="2" sc="214,0,304,30,522,-20,0,0" owari="214,-39.0,334,-7.0,502,46.0,0,0.0" /></mjloggm>