<mjloggm ver="2.3"><GO type="169" lobby="0"/><UN n0="%E3%82%86%E3%81%86%E3%81%95%E3%81%8F%EF%BD%90" n1="%E5%BD%A9%E4%BA%AC" n2="%E3%81%9F%E3%81%91%E3%81%A3%E3%81%A1%E2%98%85" n3="%E6%B3%A2%E7%91%A0" dan="16,17,16,16" rate="2070.60,2229.82,2054.91,2146.15" sx="M,M,M,F"/><TAIKYOKU oya="0"/><INIT seed="0,0,0,5,2,3" ten="250,250,250,250" oya="0" hai0="9,98,2,11,111,5,84,118,100,36,75,25,117" hai1="86,17,28,92,102,50,70,122,55,120,89,52,133" hai2="66,29,93,85,49,116,135,58,107,99,48,41,43" hai3="119,129,63,69,45,59,47,113,124,87,37,21,91"/><T125/><D125/><U31/><E133/><V78/><F135/><W77/><G69/><T90/><D75/><U71/><E102/><V132/><F132/><W72/><G119/><T24/><D36/><U23/><E71/><V130/><F130/><W64/><G113/><T1/><D111/><U20/><E70/><V128/><F128/><W114/><G114/><T4/><D25/><U53/><E50/><V106/><F116/><W10/><G37/><T13/><D13/><U0/><E0/><V7/><F29/><W88/><G124/><T134/><D134/><U126/><E126/><V62/><F107/><W79/><G21/><T8/><D8/><U73/><E73/><V51/><F106/><W61/><G61/><T30/><D84/><U12/><REACH who="1" step="1"/><E23/><REACH who="1" ten="250,240,250,250" step="2"/><V65/><F41/><W80/><G72/><T97/><D90/><U35/><E35/><V27/><F43/><W95/><G129/><T81/><D81/><U54/><N who="1" m="13312" /><DORA hai="16" /><U82/><E82/><N who="2" m="47319" /><F66/><W39/><G39/><T112/><D112/><U14/><E14/><V56/><F56/><W103/><G80/><T34/><D97/><U131/><E131/><V67/><F67/><W104/><G59/><T22/><D22/><U110/><E110/><V127/><F127/><W42/><G64/><T33/><D33/><U83/><E83/><V40/><F40/><W105/><G42/><T123/><D123/><AGARI ba="0,1" hai="12,17,20,28,31,86,89,92,120,122,123" m="13312" machi="123" ten="50,6400,0" yaku="1,1,52,1,54,1,53,0" doraHai="3,16" doraHaiUra="68,60" who="1" fromWho="0" sc="250,-64,240,74,250,0,250,0" /><INIT seed="1,0,0,0,5,4" ten="186,314,250,250" oya="1" hai0="54,27,65,83,98,81,67,103,116,37,17,19,14" hai1="62,11,18,10,135,39,71,26,113,114,49,91,75" hai2="118,101,86,68,52,56,107,42,134,51,47,84,38" hai3="41,102,119,13,3,60,66,106,23,108,1,111,8"/><U43/><E75/><V96/><F118/><W129/><G119/><T109/><D116/><U70/><E135/><V74/><F74/><W127/><G129/><T25/><D37/><U97/><E39/><V73/><F73/><W76/><G41/><T50/><D109/><N who="3" m="42057" /><G76/><T28/><D28/><U104/><E71/><V46/><F134/><W33/><G23/><T61/><D61/><U16/><E104/><V32/><F32/><W105/><G33/><T123/><D123/><U5/><E70/><V87/><F68/><N who="3" m="42055" /><G127/><T99/><D14/><U58/><E26/><V55/><REACH who="2" step="1"/><F87/><REACH who="2" ten="186,314,240,250" step="2"/><W12/><G12/><T0/><D0/><U7/><E114/><V93/><F93/><W125/><G125/><T78/><D78/><U64/><E113/><V21/><F21/><W89/><G106/><T30/><D30/><U128/><E128/><V79/><F79/><W124/><G124/><T100/><D83/><U40/><E11/><V34/><F34/><W92/><G92/><T130/><D81/><U48/><E10/><V20/><F20/><W132/><G132/><T72/><D72/><U22/><E22/><V88/><F88/><W69/><G89/><T59/><D130/><U44/><E91/><V110/><F110/><W6/><G69/><T95/><D100/><U63/><E97/><AGARI ba="0,1" hai="1,3,6,8,13,97,102,105" m="42055,42057" machi="97" ten="30,2000,0" yaku="14,1,52,1" doraHai="4" who="3" fromWho="1" sc="186,0,314,-20,240,0,250,30" /><INIT seed="2,0,0,4,2,54" ten="186,294,240,280" oya="2" hai0="21,27,93,84,99,113,112,135,111,49,20,60,33" hai1="130,7,116,65,44,57,102,76,103,16,3,115,128" hai2="81,19,30,38,125,13,132,43,108,114,52,126,36" hai3="56,47,121,105,88,29,26,10,68,28,2,0,18"/><V11/><F114/><W37/><G68/><T40/><D111/><U72/><E116/><V80/><F108/><W101/><G121/><T1/><D135/><U90/><E115/><V46/><F132/><W35/><G29/><T58/><D1/><U64/><E72/><V50/><F30/><W39/><G39/><T14/><D33/><U85/><E76/><V69/><F69/><W31/><G31/><T15/><D84/><U122/><E3/><V17/><F17/><W86/><G101/><T91/><D49/><U48/><E7/><V22/><F22/><W94/><G105/><T70/><D40/><U6/><E6/><V109/><F109/><W78/><G78/><T25/><D70/><U63/><E65/><V134/><F38/><W61/><G18/><T118/><D118/><U92/><E122/><V104/><F104/><W89/><G89/><T23/><D113/><U4/><E4/><V83/><REACH who="2" step="1"/><F134/><REACH who="2" ten="186,294,230,280" step="2"/><W67/><G10/><T51/><D112/><U107/><E16/><V71/><F71/><W74/><G74/><T120/><D120/><U106/><E107/><V32/><F32/><W59/><G37/><T127/><D20/><U73/><E106/><V82/><N who="2" m="20480" /><DORA hai="42" /><V34/><F34/><W98/><G35/><T123/><D23/><U110/><E110/><V133/><F133/><W117/><G28/><T87/><D21/><U62/><E73/><V97/><F97/><W66/><G98/><T96/><D99/><U8/><E85/><V119/><F119/><W41/><G86/><T129/><D96/><U124/><E8/><V45/><AGARI ba="0,1" hai="11,13,19,36,43,45,46,50,52,125,126" m="20480" machi="45" ten="50,18000,2" yaku="1,1,5,1,0,1,52,2,54,1,53,0" doraHai="54,42" doraHaiUra="24,75" who="2" fromWho="2" sc="186,-60,294,-60,230,190,280,-60" /><INIT seed="2,1,0,3,0,64" ten="126,234,420,220" oya="2" hai0="63,31,133,122,77,29,100,78,59,125,17,76,47" hai1="94,5,91,24,25,101,15,99,51,55,108,68,22" hai2="75,107,129,116,98,132,70,121,79,115,19,103,34" hai3="128,114,49,82,6,62,74,60,42,37,119,118,66"/><V43/><RYUUKYOKU type="yao9" ba="1,0" sc="126,0,234,0,420,0,220,0" hai2="19,34,43,70,75,79,98,103,107,115,116,121,129,132" /><INIT seed="2,2,0,0,0,31" ten="126,234,420,220" oya="2" hai0="123,112,40,82,37,103,104,24,83,11,48,14,100" hai1="67,128,30,53,28,26,29,116,76,85,75,71,9" hai2="34,43,117,78,46,84,13,39,66,90,62,44,1" hai3="55,126,69,17,110,35,105,114,23,0,63,73,5"/><V97/><F1/><W132/><RYUUKYOKU type="yao9" ba="2,0" sc="126,0,234,0,420,0,220,0" hai3="0,5,17,23,35,55,63,69,73,105,110,114,126,132" /><INIT seed="2,3,0,1,3,111" ten="126,234,420,220" oya="2" hai0="107,8,117,38,45,99,133,2,43,32,19,115,27" hai1="10,112,87,127,40,20,53,80,92,62,86,50,91" hai2="105,113,65,76,35,13,24,61,123,88,90,14,109" hai3="12,98,48,68,37,79,101,119,41,97,9,67,126"/><V64/><F123/><W23/><G119/><T70/><D115/><U46/><E127/><V60/><F105/><W30/><G37/><T1/><D133/><U132/><E112/><V29/><F113/><W131/><G126/><T129/><D129/><U44/><E132/><V66/><F109/><W85/><G131/><T102/><D117/><U122/><E122/><V114/><F114/><W81/><G68/><T128/><D128/><U74/><E74/><V39/><F39/><W75/><G67/><T108/><D108/><U31/><E10/><V118/><F76/><W54/><G41/><T104/><D19/><U103/><E103/><V5/><F118/><W42/><G42/><T130/><D130/><U125/><E125/><V77/><F77/><W55/><G75/><T121/><D121/><U16/><E31/><V120/><F120/><W84/><G84/><T96/><D70/><U106/><E62/><V36/><F36/><W89/><G79/><T57/><D57/><N who="1" m="32951" /><E40/><V59/><F61/><W3/><G55/><T15/><D15/><N who="1" m="9247" /><E106/><V25/><F25/><N who="3" m="16703" /><G3/><T58/><D8/><U116/><E116/><V110/><F110/><W124/><G101/><N who="0" m="62503" /><D58/><U34/><E34/><V21/><F35/><W49/><G124/><T6/><D6/><U26/><E26/><V82/><F5/><N who="3" m="3119" /><G49/><T22/><D32/><U47/><E86/><N who="2" m="50263" /><F90/><W100/><G100/><T63/><D63/><U73/><E73/><V0/><F0/><W51/><G51/><T11/><D11/><U18/><E18/><V78/><F78/><W33/><G33/><T28/><D1/><U7/><E7/><RYUUKYOKU ba="3,0" sc="126,0,234,0,420,0,220,0" hai0="2,22,27,28,38,43,45,99,102,107" hai1="44,46,47,80,87,91,92" hai2="13,14,21,24,29,59,60,64,65,66" hai3="48,54,81,85,89,97,98" /><INIT seed="2,4,0,0,2,83" ten="126,234,420,220" oya="2" hai0="18,21,89,92,82,0,86,120,57,64,2,65,133" hai1="71,49,68,8,25,35,40,79,109,24,108,22,58" hai2="113,56,97,63,19,121,14,100,13,26,73,94,27" hai3="128,38,41,104,70,62,16,76,55,60,90,80,29"/><V110/><F113/><W95/><G104/><T105/><D120/><U124/><E124/><V6/><F121/><W47/><G29/><T9/><D105/><U20/><E8/><V78/><F110/><N who="1" m="42601" /><E79/><V115/><F115/><W102/><G102/><T72/><D133/><U84/><E84/><V36/><F36/><W74/><G55/><T129/><D129/><U34/><E58/><V39/><F39/><W54/><G54/><T37/><D37/><U81/><E81/><V12/><F6/><W91/><G91/><T50/><D72/><U125/><E49/><V45/><F45/><W48/><G38/><T107/><D107/><U52/><E52/><N who="2" m="34183" /><F73/><W75/><G70/><N who="1" m="26666" /><E40/><V51/><F51/><W127/><G127/><T130/><D9/><U99/><E125/><V131/><F131/><W43/><G43/><T32/><D50/><U7/><E7/><V134/><F134/><W98/><G75/><T53/><D53/><U77/><E35/><V111/><F111/><W59/><G59/><T117/><D130/><U46/><E46/><V87/><F19/><W67/><G128/><T119/><D57/><U44/><E44/><V112/><F112/><W126/><G126/><T93/><D18/><U114/><E34/><V118/><F118/><W15/><REACH who="3" step="1"/><G67/><REACH who="3" ten="126,234,420,210" step="2"/><T116/><D65/><U23/><E114/><V135/><F135/><W88/><G88/><T1/><D64/><U4/><E77/><V106/><F106/><W96/><G96/><T3/><N who="0" m="0" /><DORA hai="69" /><T17/><D32/><U30/><E99/><V103/><F103/><W61/><G61/><T11/><D119/><RYUUKYOKU ba="4,1" sc="126,-15,234,-15,420,15,210,15" hai2="12,13,14,26,27,78,87,94,97,100" hai3="15,16,41,47,48,60,62,74,76,80,90,95,98" /><INIT seed="2,5,1,5,0,69" ten="111,219,435,225" oya="2" hai0="15,84,127,16,104,101,11,9,123,122,102,113,133" hai1="65,100,125,107,24,25,52,93,135,54,73,88,62" hai2="110,50,41,4,7,14,131,31,59,37,28,81,36" hai3="95,129,57,46,111,87,63,47,40,6,108,58,35"/><V118/><F118/><W128/><G35/><T67/><D113/><U0/><E73/><V42/><F81/><W121/><G6/><T72/><D72/><U66/><E0/><V29/><F131/><N who="3" m="50251" /><G121/><T115/><D115/><U61/><E107/><V91/><F91/><N who="3" m="53759" /><G47/><T2/><D133/><U55/><E100/><V21/><F110/><N who="3" m="42027" /><G63/><T117/><D117/><U30/><E135/><V8/><F7/><W116/><G116/><T97/><D2/><U60/><E125/><V10/><F10/><W85/><G85/><T22/><D84/><N who="1" m="52359" /><E30/><V96/><F96/><W126/><G126/><T83/><D97/><U13/><E13/><V17/><F59/><W56/><G56/><T86/><D86/><U74/><E74/><V5/><F5/><W105/><G105/><T89/><D104/><U33/><E33/><V92/><F92/><W132/><G132/><T114/><D127/><U32/><E32/><V106/><F106/><W82/><G82/><T79/><D83/><U98/><E98/><V94/><F94/><W48/><AGARI ba="5,1" hai="40,46,48,57,58" m="42027,53759,50251" machi="48" ten="30,2000,0" yaku="19,1,14,1" doraHai="69" who="3" fromWho="3" sc="111,-10,219,-10,435,-15,225,45" /><INIT seed="3,0,0,1,2,105" ten="101,209,420,270" oya="3" hai0="9,24,5,99,20,55,60,53,38,87,70,100,92" hai1="82,122,22,17,31,35,85,86,45,104,65,27,113" hai2="12,50,47,57,11,76,68,42,48,52,30,115,43" hai3="6,46,40,10,123,54,118,79,98,14,103,51,2"/><W16/><G123/><T88/><D38/><U41/><E122/><V83/><F68/><W66/><G66/><T26/><D70/><U102/><E113/><V120/><F120/><W112/><G112/><T23/><D60/><U119/><E119/><V62/><F115/><W80/><G118/><T91/><D91/><U111/><E65/><V77/><F30/><W61/><G61/><T3/><D23/><U73/><E111/><V110/><F110/><W94/><G40/><T59/><D59/><U90/><E102/><V4/><F83/><W114/><G114/><T132/><D24/><U69/><E104/><V21/><F21/><W134/><G134/><T28/><REACH who="0" step="1"/><D132/><REACH who="0" ten="91,209,420,270" step="2"/><U84/><E69/><V64/><F42/><W129/><G129/><T131/><D131/><U67/><E22/><V95/><F62/><W101/><G101/><T44/><D44/><U78/><E45/><V130/><F130/><W121/><G121/><T18/><D18/><U124/><E17/><V116/><F116/><W96/><G96/><T133/><D133/><U25/><E25/><V32/><F32/><W74/><REACH who="3" step="1"/><G16/><REACH who="3" ten="91,209,420,260" step="2"/><T15/><D15/><AGARI ba="0,2" hai="2,6,10,14,15,46,51,54,74,79,80,94,98,103" machi="15" ten="40,7700,0" yaku="1,1,2,1,52,1,53,0" doraHai="105" doraHaiUra="37" who="3" fromWho="0" sc="91,-77,209,0,420,0,260,97" /><INIT seed="3,1,0,2,5,24" ten="14,209,420,357" oya="3" hai0="28,104,12,92,127,9,58,2,22,7,51,95,111" hai1="65,44,35,41,77,119,109,49,135,36,117,76,124" hai2="67,98,121,48,23,115,128,82,81,1,94,96,42" hai3="107,114,133,63,53,103,27,26,112,52,74,39,113"/><W54/><G74/><T29/><D111/><U93/><E109/><V57/><F115/><W25/><G39/><T11/><D104/><U100/><E35/><V37/><F1/><W110/><G110/><T102/><D127/><U125/><E135/><V101/><F128/><W97/><REACH who="3" step="1"/><G133/><REACH who="3" ten="14,209,420,347" step="2"/><T64/><D22/><U20/><E20/><V43/><F121/><W105/><G105/><T50/><D50/><U34/><E49/><V134/><F37/><W59/><AGARI ba="1,1" hai="25,26,27,52,53,54,59,63,97,103,107,112,113,114" machi="59" ten="40,12000,1" yaku="1,1,0,1,54,1,53,1" doraHai="24" doraHaiUra="99" who="3" fromWho="3" sc="14,-41,209,-41,420,-41,347,133" owari="-27,-53.0,168,-23.0,379,18.0,480,58.0" /></mjloggm>