<mjloggm ver="2.3"><GO type="225" lobby="0"/><UN n0="%E3%81%95%E3%81%8D%E3%81%9F%E3%81%BE%E6%9E%97%E6%AA%8E" n1="%E5%A4%A7%E5%AE%AE%E5%BF%8D%76" n2="%E5%BE%80%E5%B9%B4%E3%81%AE%E3%82%B4%E3%83%AA%E3%83%A9" n3="%E8%A8%88%E7%AE%97%E6%A9%9F%E8%87%AA%E7%84%B6" dan="16,17,16,17" rate="2136.06,2213.45,2065.28,2267.55" sx="M,M,M,M"/><TAIKYOKU oya="0"/><INIT seed="0,0,0,5,0,96" ten="250,250,250,250" oya="0" hai0="4,73,36,26,38,63,97,130,125,110,34,94,62" hai1="66,118,77,47,72,2,113,55,105,20,135,126,98" hai2="49,88,40,104,79,7,81,16,68,12,117,91,0" hai3="31,10,56,37,128,32,59,48,54,30,82,13,84"/><T43/><D73/><U116/><E2/><V14/><F68/><W1/><G37/><T80/><D125/><U115/><E126/><V74/><F104/><W57/><G1/><T75/><D4/><U11/><E11/><V123/><F123/><W85/><G128/><T44/><D130/><U70/><E20/><V119/><F0/><W102/><G102/><T95/><D95/><U76/><E66/><V90/><F7/><W61/><G32/><T93/><D93/><U67/><E67/><V71/><F71/><W29/><G61/><T15/><D38/><U133/><E70/><V86/><F74/><W39/><G39/><T52/><D15/><U53/><E47/><V45/><REACH who="2" step="1"/><F12/><REACH who="2" ten="250,250,240,250" step="2"/><W109/><G109/><T111/><D75/><U129/><E72/><V131/><F131/><W51/><G54/><T124/><D52/><U92/><E129/><V132/><F132/><N who="1" m="50761" /><E105/><V50/><F50/><N who="3" m="18987" /><G82/><T22/><D80/><U5/><E53/><V19/><F19/><AGARI ba="0,1" hai="10,13,19,29,30,31,56,57,59,84,85" m="18987" machi="19" ten="30,1000,0" yaku="8,1" doraHai="96" who="3" fromWho="2" sc="250,0,250,0,240,-10,250,20" /><INIT seed="1,0,0,4,1,47" ten="250,250,230,270" oya="1" hai0="80,125,35,88,77,79,44,31,65,40,130,28,71" hai1="50,66,39,126,131,112,33,2,62,92,23,104,118" hai2="85,30,75,32,69,78,52,13,132,84,102,110,24" hai3="26,89,42,4,59,6,1,122,58,113,3,111,20"/><U123/><RYUUKYOKU type="yao9" ba="0,0" sc="250,0,250,0,230,0,270,0" hai1="2,23,33,39,50,62,66,92,104,112,118,123,126,131" /><INIT seed="1,1,0,2,3,67" ten="250,250,230,270" oya="1" hai0="81,35,48,104,24,10,96,45,52,50,7,58,13" hai1="75,123,8,27,0,61,30,38,88,125,21,23,98" hai2="132,86,121,120,127,84,124,68,46,128,17,11,129" hai3="16,55,36,117,33,111,134,93,56,90,15,66,91"/><U126/><E123/><N who="2" m="47179" /><F46/><W122/><G122/><T26/><D35/><U2/><E75/><V135/><F11/><W112/><G112/><T69/><D69/><U78/><E78/><V53/><F53/><W1/><G1/><T87/><D104/><U103/><E38/><V130/><F17/><W22/><G111/><T59/><D96/><U95/><E23/><V85/><F68/><W65/><G134/><AGARI ba="1,0" hai="84,85,86,124,127,128,129,130,132,134,135" m="47179" machi="134" ten="50,16000,3" yaku="30,2,28,2,19,1,20,1,34,2" doraHai="67" who="2" fromWho="3" sc="250,0,250,0,230,163,270,-163" /><INIT seed="2,0,0,1,0,83" ten="250,250,393,107" oya="2" hai0="121,25,37,34,12,56,7,6,127,89,11,57,117" hai1="42,61,91,92,38,111,36,43,98,122,23,60,85" hai2="63,35,74,101,84,131,82,126,94,71,65,52,59" hai3="66,90,103,20,13,27,3,77,39,135,49,105,50"/><V2/><F2/><W106/><G3/><T88/><D121/><U24/><E111/><V51/><F131/><W18/><G39/><T80/><D37/><U30/><E122/><V123/><F126/><W116/><G116/><T69/><D127/><U53/><E38/><V132/><F132/><W72/><G135/><T16/><D69/><U100/><E36/><V15/><F35/><W46/><G66/><T79/><D117/><U87/><E87/><V78/><F15/><W134/><G134/><T128/><D128/><U124/><E124/><V45/><F123/><W10/><G72/><T62/><D57/><N who="1" m="34863" /><E61/><V32/><F32/><W118/><G77/><T112/><D112/><U93/><AGARI ba="0,0" hai="23,24,30,42,43,85,91,92,93,98,100" m="34863" machi="93" ten="30,2000,0" yaku="8,1,52,1" doraHai="83" who="1" fromWho="1" sc="250,-5,250,20,393,-10,107,-5" /><INIT seed="3,0,0,4,4,124" ten="245,270,383,102" oya="3" hai0="11,76,36,21,59,119,31,99,102,19,109,30,24" hai1="61,8,100,97,60,133,98,6,56,135,120,46,20" hai2="53,117,67,70,5,94,58,38,68,23,25,29,63" hai3="118,112,75,44,3,125,10,55,9,90,80,12,27"/><W103/><G112/><T73/><D119/><U35/><E120/><V22/><F38/><W72/><G118/><T127/><D127/><U26/><E35/><V74/><F74/><W78/><G125/><T69/><D69/><U65/><E60/><V116/><F70/><W16/><G103/><T32/><D36/><U111/><E46/><V83/><F5/><W57/><G90/><T106/><D31/><N who="1" m="17863" /><E111/><V93/><F83/><W85/><G44/><T77/><D109/><U79/><E79/><V41/><F41/><W54/><G27/><T134/><D73/><U107/><E107/><V52/><F53/><W37/><G54/><T64/><D11/><U28/><E28/><V84/><F23/><W66/><G66/><T15/><D134/><N who="1" m="51211" /><E100/><V132/><F132/><W96/><G96/><T47/><D47/><U42/><E42/><V50/><F117/><W108/><G37/><T40/><D40/><U2/><AGARI ba="0,0" hai="2,6,8,56,61,65,97,98" m="51211,17863" machi="2" ten="30,1100,0" yaku="20,1" doraHai="124" who="1" fromWho="1" sc="245,-3,270,11,383,-3,102,-5" owari="242,-16.0,281,8.0,380,48.0,97,-40.0" /></mjloggm>