<mjloggm ver="2.3"><GO type="225" lobby="0"/><UN n0="%E5%BE%80%E5%B9%B4%E3%81%AE%E3%82%B4%E3%83%AA%E3%83%A9" n1="%E9%9F%93%E8%A1%9B%E9%9D%92" n2="%E9%89%84%E5%BC%B7%E3%83%A2%E3%83%92%E3%83%BC%E3%83%8C%E4%B8%83%E6%AE%B5" n3="%E3%82%A4%E3%83%8A%E3%82%BA%E3%83%9E%E8%91%AC%E5%84%80" dan="16,16,18,17" rate="2070.76,2188.39,2237.15,2199.86" sx="M,F,F,F"/><TAIKYOKU oya="0"/><INIT seed="0,0,0,4,0,111" ten="250,250,250,250" oya="0" hai0="120,91,109,127,37,55,101,116,44,16,48,3,87" hai1="133,61,0,134,65,43,60,11,72,45,18,82,86" hai2="114,113,4,46,99,1,19,68,122,2,71,35,62" hai3="41,49,104,102,40,118,64,79,89,38,95,103,30"/><T132/><D116/><U20/><E72/><V26/><F122/><W10/><G118/><T63/><D120/><U7/><E20/><V121/><F121/><W28/><G38/><T39/><D3/><N who="2" m="1034" /><F4/><W110/><G110/><T47/><D109/><U52/><E18/><V112/><F19/><W66/><G104/><T76/><D101/><N who="3" m="38409" /><G79/><T74/><D132/><N who="1" m="50795" /><E65/><N who="3" m="25194" /><G10/><T84/><D74/><U5/><E5/><V92/><F92/><W56/><G56/><T131/><D63/><U80/><E80/><V115/><F62/><W135/><G49/><T33/><D48/><N who="1" m="28687" /><E43/><N who="3" m="16458" /><G135/><T128/><D39/><U69/><E69/><V54/><F115/><W81/><G81/><T27/><D37/><U42/><E42/><V94/><F114/><W8/><G8/><T105/><D105/><U13/><E0/><V58/><F71/><W90/><G95/><T126/><D76/><AGARI ba="0,0" hai="7,11,13,60,61,76,82,86" m="28687,50795" machi="76" ten="30,2000,0" yaku="20,1,54,1" doraHai="111" who="1" fromWho="0" sc="250,-20,250,20,250,0,250,0" /><INIT seed="1,0,0,5,4,28" ten="230,270,250,250" oya="1" hai0="41,2,34,119,30,111,52,82,9,65,83,8,104" hai1="122,127,32,90,107,88,3,56,16,131,97,77,1" hai2="101,76,35,96,44,7,33,109,86,55,94,89,120" hai3="79,126,5,68,42,102,43,20,23,58,40,21,81"/><U134/><E122/><V63/><F120/><W105/><G68/><T112/><D104/><U14/><E77/><V108/><F76/><W22/><G126/><T6/><D112/><U12/><E127/><V57/><F7/><W85/><G5/><T98/><D119/><U31/><E14/><V47/><F47/><W15/><N who="3" m="5120" /><DORA hai="26" /><W11/><G58/><T46/><D8/><U64/><E107/><V67/><F67/><W66/><G66/><T27/><D65/><U45/><E45/><V49/><F49/><W69/><G69/><T71/><D71/><U72/><E72/><V117/><F44/><W60/><G60/><T13/><D111/><N who="2" m="42570" /><F117/><W0/><G0/><T106/><D2/><U92/><E90/><V51/><F63/><W124/><G124/><T54/><D82/><AGARI ba="0,0" hai="33,35,51,55,57,82,86,89,94,96,101" m="42570" machi="82" ten="30,3900,0" yaku="14,1,52,2" doraHai="28,26" who="2" fromWho="0" sc="230,-39,270,0,250,39,250,0" /><INIT seed="2,0,0,1,4,87" ten="191,270,289,250" oya="2" hai0="135,125,66,47,129,29,18,117,72,33,58,8,73" hai1="0,114,131,7,76,52,14,59,45,46,20,121,84" hai2="41,9,30,100,109,53,126,119,16,3,68,111,128" hai3="28,48,62,77,24,82,78,92,4,31,127,120,74"/><V101/><F119/><W42/><G120/><T99/><D117/><U80/><E114/><V57/><F68/><W94/><G127/><T65/><D125/><U25/><E121/><V96/><F126/><W85/><G74/><T60/><D135/><U55/><E0/><V86/><F128/><W19/><G4/><T2/><D129/><U89/><E131/><V71/><F71/><W110/><G78/><T17/><D66/><U97/><E7/><V51/><F30/><N who="3" m="11307" /><G62/><T103/><D47/><U61/><E14/><V70/><F70/><W15/><G24/><T64/><D64/><U38/><E38/><V67/><F67/><W108/><G48/><T6/><D73/><U34/><E55/><V123/><F123/><W54/><G54/><T122/><D72/><U105/><E34/><V63/><F3/><W79/><G79/><T93/><REACH who="0" step="1"/><D122/><REACH who="0" ten="181,270,289,250" step="2"/><U118/><E118/><V37/><F111/><N who="3" m="42539" /><G42/><T32/><D32/><U102/><E76/><V104/><F109/><W27/><G27/><AGARI ba="0,1" hai="2,6,8,17,18,27,29,33,58,60,65,93,99,103" machi="27" ten="40,1300,0" yaku="1,1,53,0" doraHai="87" doraHaiUra="50" who="0" fromWho="3" sc="181,23,270,0,289,0,250,-13" /><INIT seed="3,0,0,1,0,35" ten="204,270,289,237" oya="3" hai0="54,1,62,98,132,11,33,106,96,105,58,71,99" hai1="51,75,24,48,127,3,59,128,26,91,29,110,41" hai2="117,46,7,135,4,114,112,65,131,107,47,123,20" hai3="63,121,100,122,52,55,37,130,13,31,85,43,83"/><W129/><G100/><T70/><D33/><U118/><E75/><V57/><F117/><W77/><G31/><T109/><D109/><U84/><E110/><V90/><F107/><W10/><G43/><T50/><D132/><U74/><E74/><V61/><F135/><W82/><G37/><T72/><D72/><U108/><E108/><V53/><F131/><N who="3" m="50187" /><G83/><T9/><D9/><U19/><E127/><V93/><F123/><N who="3" m="47115" /><G63/><T81/><D81/><U126/><E126/><V25/><F114/><W78/><G78/><T30/><D30/><U119/><E29/><V22/><F112/><W28/><G28/><T45/><D106/><U21/><E41/><V76/><F61/><W97/><G97/><T92/><D105/><U42/><E42/><V2/><F93/><W133/><G133/><T39/><D39/><U89/><E128/><V23/><F76/><W56/><G56/><T103/><D71/><U44/><E44/><V86/><F57/><W73/><G73/><T101/><D101/><U49/><E59/><V87/><F47/><W134/><G134/><T18/><D70/><U36/><E36/><V6/><F46/><W80/><G80/><T67/><REACH who="0" step="1"/><D18/><AGARI ba="0,0" hai="10,13,18,52,55,77,82,85" m="47115,50187" machi="18" ten="30,2900,0" yaku="19,1,54,1" doraHai="35" who="3" fromWho="0" sc="204,-29,270,0,289,0,237,29" /><INIT seed="3,1,0,5,1,113" ten="175,270,289,266" oya="3" hai0="14,133,62,30,21,49,60,91,26,117,75,99,90" hai1="127,59,52,108,81,87,57,17,80,76,31,28,36" hai2="29,71,12,121,11,67,83,88,25,8,132,27,20" hai3="72,103,69,74,41,114,102,10,58,122,92,106,97"/><W128/><G69/><T70/><D75/><U50/><E36/><V2/><F2/><W23/><G114/><T7/><D133/><U9/><E108/><V6/><F132/><W101/><G122/><T93/><D117/><U77/><E127/><V54/><F121/><W66/><G128/><T18/><D70/><U135/><E135/><V129/><F129/><W107/><G10/><T123/><D123/><U3/><E59/><V63/><F11/><W96/><G41/><T13/><D13/><U56/><E56/><V64/><F27/><W37/><G37/><T120/><D120/><U55/><E55/><V33/><F33/><W85/><G23/><T82/><D49/><U42/><E42/><V105/><F105/><N who="3" m="39947" /><G58/><T73/><D7/><U112/><E112/><V98/><F54/><W44/><G44/><T4/><D4/><U48/><E48/><V51/><F51/><W53/><G53/><T130/><D130/><U38/><E38/><V119/><F67/><W100/><G66/><T110/><D110/><U5/><E17/><V118/><F98/><N who="3" m="37995" /><G103/><T125/><D125/><U0/><E0/><V43/><F43/><W115/><G115/><T109/><D109/><U104/><E104/><V34/><F20/><W45/><G45/><T15/><D15/><U126/><E126/><V95/><F64/><W65/><G65/><T61/><D14/><U124/><E124/><V1/><F71/><W32/><G32/><T22/><D22/><U39/><E39/><V47/><F34/><W79/><G79/><N who="0" m="44399" /><D18/><U84/><AGARI ba="1,0" hai="3,5,9,28,31,50,52,57,76,77,80,81,84,87" machi="84" ten="20,5200,0" yaku="0,1,7,1,9,1,54,1" doraHai="113" who="1" fromWho="1" sc="175,-14,270,55,289,-14,266,-27" owari="161,-34.0,325,42.0,275,8.0,239,-16.0" /></mjloggm>