<mjloggm ver="2.3"><GO type="185" lobby="0"/><UN n0="%6D%28%E3%81%AE%5F%E3%81%AE%29%6D%E2%99%AA" n1="%E3%81%B6%E3%82%8B%E3%81%AF%E3%81%A4" n2="%79%61%6D%61%64%61%35%35" n3="" dan="16,16,16,0" rate="2168.14,2139.34,2189.11,1500.00" sx="M,M,M,C"/><TAIKYOKU oya="0"/><INIT seed="0,0,0,0,4,57" ten="350,350,350,0" oya="0" hai0="122,47,65,72,115,38,59,36,40,120,113,34,82" hai1="55,42,133,74,127,76,108,53,44,91,106,77,124" hai2="83,129,67,89,51,3,109,93,49,92,75,0,78" hai3=""/><T37/><N who="0" m="30752" /><T132/><N who="0" m="31264" /><T128/><D34/><U95/><E106/><V41/><F109/><T97/><D97/><U70/><E70/><V117/><F129/><T39/><D82/><U68/><E68/><V126/><F126/><N who="1" m="48169" /><E108/><V103/><F117/><T2/><D72/><U52/><E74/><V54/><F67/><T61/><D2/><U105/><E105/><V131/><F131/><T71/><D128/><U90/><E133/><V1/><F103/><T118/><D118/><U84/><E91/><V60/><F41/><T81/><D81/><U64/><E64/><V98/><REACH who="2" step="1"/><F92/><REACH who="2" ten="350,350,340,0" step="2"/><T121/><N who="0" m="31008" /><T86/><D132/><U62/><E62/><V35/><F35/><T134/><D134/><U69/><E69/><V45/><F45/><T33/><D33/><U94/><E95/><V125/><F125/><T102/><D102/><U101/><E101/><V114/><F114/><N who="0" m="43530" /><D86/><U112/><E112/><V56/><AGARI ba="0,1" hai="0,1,3,49,51,54,56,60,75,78,83,89,93,98" machi="56" ten="40,3900,0" yaku="1,1,0,1,52,1,53,0" doraHai="57" doraHaiUra="123" who="2" fromWho="2" sc="350,-26,350,-13,340,49,0,0" /><INIT seed="1,0,0,1,4,110" ten="324,337,389,0" oya="1" hai0="84,111,121,33,67,59,123,98,56,92,96,126,91" hai1="65,108,103,88,43,69,2,0,99,48,63,90,81" hai2="41,132,77,34,72,129,55,36,35,117,52,40,85" hai3=""/><U60/><E108/><V100/><F117/><T93/><N who="0" m="31008" /><T109/><N who="0" m="31520" /><T61/><D33/><U112/><E112/><V57/><F72/><T128/><D126/><U49/><E60/><V39/><F129/><T80/><D128/><U62/><E62/><V51/><F132/><T78/><REACH who="0" step="1"/><D59/><REACH who="0" ten="314,337,389,0" step="2"/><U107/><E0/><V42/><F34/><T87/><D87/><U115/><E2/><V79/><F35/><T104/><D104/><U75/><E115/><V74/><F85/><T73/><D73/><U119/><E119/><V106/><F74/><T1/><D1/><U127/><E127/><V32/><F32/><T54/><D54/><U82/><E75/><V89/><F106/><T118/><D118/><U122/><N who="1" m="31264" /><U125/><E125/><V3/><F3/><T50/><D50/><U94/><E107/><V116/><F116/><T46/><D46/><U71/><E69/><V44/><F55/><T66/><D66/><U53/><E43/><V135/><F57/><T95/><D95/><U64/><E65/><V134/><F51/><N who="1" m="19529" /><E53/><V38/><F52/><T131/><D131/><U120/><E120/><V101/><F41/><T133/><D133/><U70/><E70/><V102/><F42/><T68/><D68/><RYUUKYOKU ba="0,1" sc="314,10,337,10,389,-20,0,0" hai0="56,61,67,78,80,84,91,92,93,96,98,109,111" hai1="63,64,71,81,82,88,90,94,99,103" /><INIT seed="1,1,1,5,5,115" ten="324,347,369,0" oya="1" hai0="132,52,114,119,41,3,50,75,95,45,43,104,133" hai1="60,56,80,101,51,87,82,112,77,59,85,109,116" hai2="127,103,108,61,34,134,1,37,32,76,125,110,99" hai3=""/><U93/><E112/><V105/><F1/><T63/><D104/><U39/><E39/><V70/><F134/><N who="0" m="51818" /><D75/><U40/><E109/><N who="2" m="42091" /><F37/><T122/><N who="0" m="31264" /><T44/><D114/><U78/><E116/><V86/><F76/><T46/><D3/><U129/><E129/><V53/><F86/><T118/><D95/><U98/><REACH who="1" step="1"/><E60/><REACH who="1" ten="324,337,369,0" step="2"/><V107/><F61/><T73/><D63/><U36/><E36/><V66/><F32/><T113/><D113/><U33/><E33/><V130/><F34/><T126/><D73/><U111/><E111/><V54/><F130/><T96/><D126/><U65/><E65/><V88/><F127/><T69/><D96/><U47/><AGARI ba="1,2" hai="40,47,51,56,59,77,78,80,82,85,87,93,98,101" machi="47" ten="30,7800,0" yaku="1,1,0,1,9,1,8,1,53,0" doraHai="115" doraHaiUra="71" who="1" fromWho="1" sc="324,-40,337,100,369,-40,0,0" /><INIT seed="1,2,0,3,3,51" ten="284,437,329,0" oya="1" hai0="55,111,37,127,48,71,85,40,50,1,114,93,121" hai1="107,61,41,89,68,74,81,131,42,134,65,99,47" hai2="120,53,58,130,52,133,106,46,78,135,118,95,59" hai3=""/><U94/><E131/><V102/><N who="2" m="30752" /><V129/><F106/><T101/><N who="0" m="31008" /><T112/><D1/><U38/><E134/><N who="2" m="51211" /><F78/><T43/><D71/><U73/><E41/><V0/><F0/><T63/><D127/><U69/><E69/><V103/><F118/><T72/><D72/><U104/><REACH who="1" step="1"/><E81/><REACH who="1" ten="284,427,329,0" step="2"/><V70/><F70/><T64/><D40/><U32/><E32/><V62/><F46/><T82/><D114/><U76/><E76/><V67/><F67/><T75/><D112/><U45/><E45/><V98/><F103/><T132/><D132/><U116/><E116/><V54/><F62/><T79/><D64/><U34/><E34/><V123/><N who="2" m="31520" /><V87/><F87/><T128/><D63/><U57/><E57/><AGARI ba="2,1" hai="52,53,54,57,58,59,95,98,102,129,130" m="31520,51211,30752" machi="57" ten="40,12000,2" yaku="20,1,52,5,54,1" doraHai="51" who="2" fromWho="1" sc="284,0,427,-124,329,134,0,0" /><INIT seed="2,0,0,2,2,111" ten="284,303,463,0" oya="2" hai0="103,100,45,112,101,109,81,89,82,98,39,32,124" hai1="77,84,63,113,114,1,72,135,121,51,56,57,125" hai2="107,86,71,64,126,116,38,65,46,128,118,59,104" hai3=""/><V47/><F128/><T122/><N who="0" m="31264" /><T105/><D32/><U41/><N who="1" m="31008" /><U83/><E1/><V87/><F126/><T127/><D39/><U37/><E125/><N who="0" m="48201" /><D45/><U76/><E135/><V66/><F71/><T35/><D35/><U129/><E129/><V48/><F38/><T102/><D109/><U108/><E108/><V95/><F95/><T120/><N who="0" m="30752" /><T58/><D58/><U94/><E37/><V36/><F36/><T50/><D50/><U55/><E41/><V34/><F34/><T2/><D2/><U80/><REACH who="1" step="1"/><E94/><REACH who="1" ten="284,293,463,0" step="2"/><V68/><F116/><T70/><D70/><U74/><E74/><V33/><F118/><T106/><D112/><U97/><E97/><V88/><F33/><T90/><N who="0" m="25600" /><DORA hai="132" /><T133/><D133/><U54/><AGARI ba="0,1" hai="51,54,55,56,57,63,72,76,77,80,83,84,113,114" m="31008" machi="54" ten="20,12000,3" yaku="1,1,0,1,7,1,52,3,53,4" doraHai="111,132" doraHaiUra="49,79" who="1" fromWho="1" sc="284,-40,293,130,463,-80,0,0" /><INIT seed="4,0,0,3,5,81" ten="244,423,383,0" oya="0" hai0="80,132,88,122,99,63,119,103,131,37,78,1,50" hai1="69,86,66,89,121,129,91,110,51,59,33,58,39" hai2="85,115,62,102,116,101,135,34,127,134,70,126,43" hai3=""/><T42/><N who="0" m="31264" /><T92/><D1/><U2/><N who="1" m="31008" /><U64/><E110/><V98/><F34/><T46/><D119/><U56/><E2/><V32/><F32/><T90/><D132/><N who="2" m="50730" /><F116/><T104/><D131/><U67/><E33/><V97/><F43/><T82/><D63/><U44/><E129/><V83/><F62/><T74/><D80/><U109/><E109/><V75/><F70/><T107/><D90/><N who="1" m="34315" /><E39/><V38/><F38/><T94/><REACH who="0" step="1"/><D37/><REACH who="0" ten="234,423,383,0" step="2"/><U96/><E69/><V117/><F117/><T111/><D111/><U0/><E0/><V84/><F115/><T72/><D72/><U47/><E96/><AGARI ba="0,1" hai="42,46,50,74,78,82,88,92,94,96,99,103,104,107" m="31264" machi="96" ten="30,18000,2" yaku="1,1,7,1,52,1,54,1,53,2" doraHai="81" doraHaiUra="93" who="0" fromWho="1" sc="234,190,423,-180,383,0,0,0" /><INIT seed="4,1,0,1,0,36" ten="424,243,383,0" oya="0" hai0="65,104,130,110,116,41,122,3,131,120,109,71,51" hai1="108,101,103,118,121,133,66,129,59,56,70,76,105" hai2="100,55,33,117,61,49,42,0,52,58,60,87,81" hai3=""/><T64/><N who="0" m="30752" /><T114/><N who="0" m="31264" /><T132/><D3/><U126/><E76/><V127/><F0/><T72/><D104/><U38/><E66/><N who="0" m="25705" /><D72/><U1/><E56/><V40/><F33/><T47/><D116/><U53/><E59/><V95/><F127/><T75/><D75/><U77/><E53/><V112/><F112/><T92/><D92/><U34/><E77/><V68/><F117/><T32/><D32/><U73/><E101/><V35/><F68/><T107/><D107/><U102/><E103/><V63/><F35/><T134/><D71/><U90/><E90/><V119/><F119/><T89/><D89/><U106/><E102/><V2/><F2/><T54/><D114/><AGARI ba="1,0" hai="1,34,38,70,73,105,106,108,114,118,121,126,129,133" machi="114" ten="0,32000,5" yakuman="47" doraHai="36" who="1" fromWho="0" sc="424,-322,243,322,383,0,0,0" /><INIT seed="5,0,0,1,2,100" ten="102,565,383,0" oya="1" hai0="49,129,115,52,58,54,81,45,109,41,118,94,114" hai1="62,35,117,121,99,128,64,126,98,37,88,56,102" hai2="131,93,59,96,78,89,47,125,123,79,104,103,77" hai3=""/><U120/><N who="1" m="30752" /><U53/><N who="1" m="31008" /><U43/><E35/><V46/><N who="2" m="31520" /><V122/><N who="2" m="31264" /><V50/><F131/><T133/><D94/><U36/><E117/><V107/><F125/><T92/><D81/><U39/><E126/><V61/><F103/><T57/><D92/><U66/><E128/><V101/><F101/><T72/><D72/><U106/><REACH who="1" step="1"/><E43/><REACH who="1" ten="102,555,383,0" step="2"/><V132/><F132/><T85/><D129/><U91/><E91/><V130/><F130/><T97/><D118/><U110/><E110/><V112/><F112/><N who="0" m="43050" /><D97/><U51/><E51/><V75/><F75/><T119/><D85/><U2/><E2/><V124/><F124/><T134/><D109/><U65/><E65/><V74/><F74/><T44/><D119/><U135/><E135/><N who="0" m="51721" /><D41/><U116/><E116/><V111/><F111/><T82/><D82/><U67/><E67/><V83/><F83/><T71/><D71/><U69/><E69/><V0/><F0/><T95/><D95/><AGARI ba="0,1" hai="36,37,39,53,56,62,64,66,88,95,98,99,102,106" m="31008,30752" machi="95" ten="40,12000,1" yaku="1,1,52,3,54,1,53,0" doraHai="100" doraHaiUra="127" who="1" fromWho="0" sc="102,-120,555,130,383,0,0,0" owari="-18,-62.0,685,64.0,383,-2.0,0,0.0" /></mjloggm>