<mjloggm ver="2.3"><GO type="185" lobby="0"/><UN n0="%E6%A8%BD%E3%81%AA%E3%81%AE%E5%A3%8A%E3%81%95%E3%81%AA%E3%81%84%E3%81%A7" n1="%E3%81%AE%E3%83%BC%E3%81%97" n2="%41%2E%4B%39%6D%65%63" n3="" dan="16,18,18,0" rate="2176.37,2270.74,2368.85,1500.00" sx="M,M,M,C"/><TAIKYOKU oya="0"/><INIT seed="0,0,0,3,4,114" ten="350,350,350,0" oya="0" hai0="128,119,34,97,64,127,45,32,103,99,85,52,112" hai1="62,77,65,118,56,37,54,35,2,126,115,129,76" hai2="3,88,134,68,105,43,87,48,91,70,108,57,86" hai3=""/><T51/><BYE who="1" /><D112/><UN n1="%E3%81%AE%E3%83%BC%E3%81%97" /><U125/><E2/><V79/><F3/><T124/><D128/><U117/><E35/><V53/><F108/><T75/><D75/><U36/><E115/><V71/><F105/><T106/><D64/><U120/><N who="1" m="30752" /><U93/><E93/><V47/><F134/><T69/><D69/><U113/><E113/><V38/><F79/><T121/><N who="0" m="31008" /><T116/><D99/><U100/><E100/><V44/><F87/><T133/><D133/><U39/><E129/><V110/><F110/><T72/><D72/><U130/><E130/><V92/><REACH who="2" step="1"/><F91/><REACH who="2" ten="350,350,340,0" step="2"/><T63/><D85/><U50/><E77/><V78/><F78/><T41/><D34/><U42/><E76/><V73/><F73/><T94/><D32/><U104/><E104/><V101/><F101/><T49/><D106/><U132/><E132/><V111/><F111/><T107/><D107/><U81/><E81/><V1/><F1/><T96/><D96/><U66/><E42/><V131/><F131/><T83/><D83/><U67/><E62/><V33/><F33/><T0/><D63/><U109/><E109/><V74/><F74/><T80/><D80/><U60/><E60/><V59/><AGARI ba="0,1" hai="38,43,44,47,48,53,57,59,68,70,71,86,88,92" machi="59" ten="40,6000,1" yaku="1,1,0,1,54,1,53,1" doraHai="114" doraHaiUra="84" who="2" fromWho="2" sc="350,-40,350,-20,340,70,0,0" /><INIT seed="1,0,0,3,3,134" ten="310,330,410,0" oya="1" hai0="65,67,78,60,77,66,68,95,127,43,132,87,124" hai1="135,59,88,72,1,90,130,76,100,121,126,56,45" hai2="46,122,102,39,125,69,129,106,97,75,84,47,42" hai3=""/><U92/><N who="1" m="31008" /><U54/><E1/><V74/><N who="2" m="31264" /><V37/><F129/><T85/><D132/><U53/><E135/><V108/><F108/><T71/><D43/><U57/><E130/><V44/><F69/><N who="0" m="26698" /><D60/><U117/><E117/><V128/><F128/><T64/><N who="0" m="16384" /><DORA hai="86" /><T112/><D112/><U2/><E2/><V83/><F125/><N who="0" m="48202" /><D95/><U70/><E70/><V34/><F34/><T101/><D101/><U107/><E126/><V55/><F42/><T93/><D93/><U33/><E33/><V104/><F37/><T61/><D61/><U36/><E92/><V118/><F39/><T94/><D94/><U81/><E100/><V32/><F32/><T109/><D109/><U99/><E99/><V131/><F131/><T63/><D63/><U113/><E113/><V48/><F97/><T38/><D38/><U41/><REACH who="1" step="1"/><E107/><REACH who="1" ten="310,320,410,0" step="2"/><V133/><F102/><T52/><D52/><AGARI ba="0,1" hai="36,41,45,52,53,54,56,57,59,72,76,81,88,90" m="31008" machi="52" ten="40,24000,3" yaku="1,1,2,1,52,3,54,2,53,2" doraHai="134,86" doraHaiUra="73,105" who="1" fromWho="0" sc="310,-240,320,250,410,0,0,0" /><INIT seed="1,1,0,5,0,100" ten="70,570,410,0" oya="1" hai0="75,96,107,76,130,64,71,34,89,61,120,127,106" hai1="86,33,131,92,70,110,101,62,35,36,94,105,119" hai2="77,66,104,52,114,58,132,97,113,2,63,68,118" hai3=""/><U95/><E119/><V57/><F118/><T80/><N who="0" m="30752" /><T116/><D116/><U72/><E72/><V135/><F2/><T59/><D34/><U41/><E131/><V65/><F77/><T67/><D130/><U38/><E110/><V49/><F97/><T79/><D127/><U91/><E62/><V1/><F104/><T82/><D67/><U133/><E70/><V39/><F1/><T46/><D46/><U134/><E105/><V45/><F66/><T51/><D51/><U85/><E41/><V50/><F39/><T88/><D71/><U42/><E42/><V44/><F68/><T115/><D115/><N who="2" m="44042" /><F44/><T102/><REACH who="0" step="1"/><D107/><REACH who="0" ten="60,570,410,0" step="2"/><U99/><E36/><V55/><AGARI ba="1,1" hai="45,49,50,52,55,57,58,63,65,132,135" m="44042" machi="55" ten="30,5900,0" yaku="11,1,34,2,54,1" doraHai="100" who="2" fromWho="2" sc="60,-21,570,-40,410,71,0,0" /><INIT seed="2,0,0,1,1,95" ten="39,530,481,0" oya="2" hai0="74,68,38,72,77,112,47,80,3,94,56,84,33" hai1="78,110,118,1,93,114,35,134,120,123,133,128,115" hai2="75,53,79,86,66,103,62,58,2,124,42,105,71" hai3=""/><V70/><F2/><T90/><D3/><U126/><RYUUKYOKU type="yao9" ba="0,0" sc="39,0,530,0,481,0,0,0" hai1="1,35,78,93,110,114,115,118,120,123,126,128,133,134" /><INIT seed="2,1,0,4,3,44" ten="39,530,481,0" oya="2" hai0="55,129,123,99,132,2,56,131,62,68,37,74,133" hai1="130,100,84,111,94,114,51,69,93,38,96,80,102" hai2="87,71,63,76,103,115,67,34,32,47,89,92,88" hai3=""/><V33/><F115/><T61/><N who="0" m="31520" /><T85/><D2/><U60/><E114/><V122/><N who="2" m="31264" /><V41/><F103/><T35/><D74/><U72/><E38/><V46/><F76/><T75/><D75/><U78/><E130/><N who="0" m="49673" /><D35/><U127/><E127/><V117/><F117/><T59/><D99/><U106/><E111/><V108/><F108/><T81/><D68/><U48/><E100/><V118/><F118/><T79/><D37/><U49/><REACH who="1" step="1"/><E72/><REACH who="1" ten="39,520,481,0" step="2"/><V128/><F128/><T66/><AGARI ba="1,1" hai="55,56,59,61,62,66,79,81,85,132,133" m="49673,31520" machi="66" ten="30,1500,0" yaku="19,1,52,1" doraHai="44" who="0" fromWho="0" sc="39,27,520,-6,481,-11,0,0" /><INIT seed="4,0,0,2,4,109" ten="66,514,470,0" oya="0" hai0="127,51,102,103,134,128,58,39,129,0,49,69,113" hai1="54,1,98,50,45,96,101,81,104,99,84,108,123" hai2="100,67,106,38,115,44,41,89,112,66,97,110,3" hai3=""/><T92/><D0/><U107/><N who="1" m="31520" /><U78/><E1/><V87/><F110/><T91/><D69/><U83/><E108/><V126/><F126/><T62/><D39/><U59/><E107/><V121/><N who="2" m="31008" /><V131/><F131/><N who="0" m="50250" /><D127/><U46/><E46/><V34/><F34/><T76/><D76/><U125/><E125/><V65/><REACH who="2" step="1"/><F3/><REACH who="2" ten="66,514,460,0" step="2"/><T120/><N who="0" m="30752" /><T57/><D134/><U75/><REACH who="1" step="1"/><E45/><REACH who="1" ten="66,504,460,0" step="2"/><V80/><AGARI ba="0,2" hai="38,41,44,65,66,67,80,87,89,97,100,106,112,115" m="31008" machi="80" ten="30,9000,2" yaku="1,1,0,1,52,3,53,1" doraHai="109" doraHaiUra="94" who="2" fromWho="2" sc="66,-60,504,-30,460,110,0,0" /><INIT seed="5,0,0,4,1,101" ten="6,474,570,0" oya="1" hai0="129,88,39,46,99,102,61,66,100,123,121,112,128" hai1="65,1,109,44,134,32,77,126,133,60,114,116,57" hai2="55,91,62,68,131,132,33,85,53,130,127,54,40" hai3=""/><U76/><E32/><V118/><F33/><T122/><N who="0" m="31008" /><T81/><N who="0" m="31264" /><T120/><N who="0" m="30752" /><T96/><N who="0" m="31520" /><T79/><D61/><U83/><E1/><V98/><F118/><T50/><D66/><U108/><E116/><V84/><F127/><T110/><D50/><U97/><E126/><V95/><F132/><N who="1" m="50793" /><E114/><V64/><F40/><T49/><D49/><U63/><E97/><V51/><F51/><T3/><D46/><U124/><E124/><V105/><F105/><T43/><D43/><U94/><E94/><V113/><F113/><T35/><D39/><U135/><N who="1" m="50801" /><U75/><DORA hai="87" /><E77/><V47/><F47/><T38/><D38/><U117/><E117/><V37/><F37/><T56/><D56/><U48/><E63/><V2/><F2/><T42/><D42/><U106/><E106/><V82/><REACH who="2" step="1"/><F85/><REACH who="2" ten="6,474,560,0" step="2"/><T52/><D35/><U86/><E86/><V34/><F34/><T90/><D3/><U69/><E44/><V58/><F58/><T111/><D112/><U125/><E125/><V115/><F115/><T36/><D36/><U67/><E67/><V104/><F104/><T80/><D52/><U41/><E41/><V89/><AGARI ba="0,1" hai="53,54,55,62,64,68,82,84,89,91,95,98,130,131" machi="89" ten="30,5900,0" yaku="1,1,0,1,52,2,53,0" doraHai="101,87" doraHaiUra="73,72" who="2" fromWho="2" sc="6,-20,474,-39,560,69,0,0" owari="-14,-61.0,435,4.0,629,57.0,0,0.0" /></mjloggm>