<mjloggm ver="2.3"><GO type="225" lobby="0"/><UN n0="%E5%A4%A7%E5%AE%AE%E5%BF%8D%76" n1="%E3%82%A4%E3%83%8A%E3%82%BA%E3%83%9E%E8%91%AC%E5%84%80" n2="%E9%89%84%E5%BC%B7%E3%83%A2%E3%83%92%E3%83%BC%E3%83%8C%E4%B8%83%E6%AE%B5" n3="%E5%BE%80%E5%B9%B4%E3%81%AE%E3%82%B4%E3%83%AA%E3%83%A9" dan="17,17,18,16" rate="2215.24,2197.74,2238.84,2071.81" sx="M,F,F,M"/><TAIKYOKU oya="0"/><BYE who="0" /><UN n0="%E5%A4%A7%E5%AE%AE%E5%BF%8D%76" /><INIT seed="0,0,0,4,1,134" ten="250,250,250,250" oya="0" hai0="117,80,40,112,130,109,2,108,75,83,37,126,64" hai1="52,5,129,76,16,39,61,86,35,131,125,49,33" hai2="14,34,0,4,7,70,106,105,12,45,56,32,19" hai3="53,118,89,62,116,38,91,122,77,3,55,72,47"/><T94/><BYE who="3" /><D2/><UN n3="%E5%BE%80%E5%B9%B4%E3%81%AE%E3%82%B4%E3%83%AA%E3%83%A9" /><U132/><E125/><V93/><F56/><W48/><G3/><T13/><D112/><U29/><E132/><V81/><F0/><W69/><G72/><T96/><D117/><U111/><E111/><N who="0" m="42569" /><D64/><U88/><E39/><V15/><F93/><W27/><G38/><T100/><D130/><N who="1" m="49675" /><E76/><V107/><F19/><W20/><G77/><N who="0" m="44095" /><D83/><N who="1" m="49247" /><E5/><V133/><F133/><W59/><G69/><T30/><D30/><U97/><E61/><V95/><F7/><W119/><REACH who="3" step="1"/><G122/><REACH who="3" ten="250,250,250,240" step="2"/><T10/><D37/><U17/><E97/><V115/><F70/><W99/><G99/><T113/><D113/><U127/><E127/><V50/><F115/><W84/><G84/><T36/><D126/><U43/><E43/><V57/><F107/><W67/><G67/><T58/><D40/><U18/><E29/><AGARI ba="0,1" hai="20,27,29,47,48,53,55,59,62,89,91,116,118,119" machi="29" ten="40,1300,0" yaku="1,1,53,0" doraHai="134" doraHaiUra="78" who="3" fromWho="1" sc="250,0,250,-13,250,0,240,23" /><INIT seed="1,0,0,2,2,90" ten="250,237,250,263" oya="1" hai0="126,29,94,128,34,132,23,21,80,77,11,7,59" hai1="32,0,125,68,45,58,85,72,61,78,67,8,24" hai2="76,130,104,5,56,109,60,133,93,121,64,119,4" hai3="103,91,107,47,39,27,52,31,97,134,100,36,84"/><U96/><E125/><V98/><F119/><W9/><G134/><T44/><D126/><U15/><E0/><V6/><F121/><W10/><G100/><T51/><D132/><U123/><E123/><V108/><F133/><W99/><G99/><T33/><D128/><U87/><E68/><V75/><F104/><W86/><G86/><N who="0" m="48399" /><D33/><U71/><E71/><V42/><F130/><W35/><G39/><T54/><D34/><U14/><E14/><V46/><F76/><W66/><G66/><T95/><D11/><U106/><E45/><V19/><F19/><W40/><REACH who="3" step="1"/><G52/><REACH who="3" ten="250,237,250,253" step="2"/><N who="0" m="29799" /><D7/><U129/><E129/><V115/><F6/><W101/><G101/><T92/><D29/><U135/><E135/><V22/><F5/><W20/><G20/><T73/><D73/><U127/><E127/><V69/><F22/><W111/><G111/><T110/><D110/><U49/><E32/><V50/><F4/><W62/><G62/><AGARI ba="0,1" hai="21,23,54,59,62,92,94,95" m="29799,48399" machi="62" ten="30,8000,1" yaku="8,1,52,3,54,1" doraHai="90" who="0" fromWho="3" sc="250,90,237,0,250,0,253,-80" /><INIT seed="2,0,0,2,0,49" ten="340,237,250,173" oya="2" hai0="114,26,39,35,9,41,133,121,72,50,16,19,5" hai1="28,74,98,30,51,47,117,8,18,94,91,15,122" hai2="86,1,126,118,76,40,53,38,69,110,105,3,70" hai3="130,82,20,44,75,88,57,104,131,37,120,52,115"/><V55/><F118/><W24/><G104/><T17/><D72/><U102/><E117/><V93/><F105/><W108/><G120/><T123/><D50/><U61/><E122/><N who="0" m="46601" /><D41/><U67/><E74/><V78/><F93/><W134/><G134/><T111/><D39/><U42/><REACH who="1" step="1"/><E102/><REACH who="1" ten="340,227,250,173" step="2"/><V32/><F126/><W14/><G75/><T48/><D133/><U22/><E22/><V2/><F32/><W112/><G108/><T31/><D111/><U106/><E106/><V87/><F110/><W27/><G37/><T71/><D71/><AGARI ba="0,1" hai="8,15,18,28,30,42,47,51,61,67,71,91,94,98" machi="71" ten="30,3900,0" yaku="1,1,7,1,53,1" doraHai="49" doraHaiUra="56" who="1" fromWho="0" sc="340,-39,227,49,250,0,173,0" /><INIT seed="3,0,0,1,4,134" ten="301,276,250,173" oya="3" hai0="89,88,39,25,53,64,22,38,78,110,104,1,45" hai1="75,56,33,48,84,4,100,82,106,90,119,131,67" hai2="116,123,94,103,108,0,61,6,120,115,81,105,71" hai3="41,57,30,5,62,85,66,3,37,69,101,13,29"/><W26/><G3/><T65/><D1/><U20/><E33/><V102/><F115/><W122/><G122/><T68/><D104/><U114/><E114/><V124/><F116/><W23/><G69/><T111/><D78/><U91/><E131/><V17/><F105/><W117/><G117/><T98/><D53/><U28/><E75/><V46/><F108/><N who="0" m="41514" /><D98/><U70/><E70/><V50/><F81/><W31/><G101/><T128/><D128/><U129/><E129/><V76/><F76/><W7/><G37/><N who="0" m="13835" /><D45/><U133/><E106/><V55/><F103/><W127/><G41/><T130/><D130/><U60/><E133/><V54/><F54/><W49/><G49/><T15/><D15/><U34/><E48/><V107/><F94/><W11/><G11/><T73/><D73/><U42/><E42/><V58/><F71/><W24/><G13/><T12/><D12/><U14/><E14/><V35/><F35/><W99/><G99/><T47/><D47/><U112/><E34/><V18/><F6/><W21/><G85/><T52/><D52/><U87/><E4/><N who="3" m="1610" /><G127/><T83/><D83/><N who="1" m="49439" /><E119/><V19/><F19/><AGARI ba="0,0" hai="19,21,23,24,26,29,30,31,57,62,66" m="1610" machi="19" ten="30,1500,0" yaku="8,1" doraHai="134" who="3" fromWho="2" sc="301,0,276,0,250,-15,173,15" /><INIT seed="3,1,0,4,2,119" ten="301,276,235,188" oya="3" hai0="124,56,26,5,37,31,39,43,121,110,15,61,94" hai1="36,54,81,95,122,2,100,85,103,93,32,57,125" hai2="104,111,13,58,133,53,4,14,69,38,80,107,79" hai3="120,77,98,46,49,84,33,90,55,41,11,134,35"/><W50/><G134/><T128/><D121/><U21/><E122/><V45/><F69/><W106/><G120/><T118/><D118/><U6/><E32/><V42/><F111/><W17/><G77/><T16/><D110/><U101/><E125/><V99/><F133/><W102/><G11/><T127/><D5/><U96/><E36/><V59/><F59/><W19/><G35/><T29/><D94/><U67/><E67/><V47/><F47/><W65/><G33/><N who="0" m="20663" /><D31/><U9/><E95/><V0/><F99/><W7/><G7/><T18/><D128/><U22/><E22/><V3/><F107/><W97/><G97/><T62/><D62/><U52/><E21/><V48/><F104/><W114/><G65/><N who="0" m="39079" /><D43/><U87/><E87/><V64/><F64/><W75/><G75/><T71/><D71/><U60/><E54/><V89/><F89/><AGARI ba="1,0" hai="2,6,9,52,57,60,81,85,89,93,96,100,101,103" machi="89" ten="30,2000,0" yaku="7,1,54,1" doraHai="119" who="1" fromWho="2" sc="301,0,276,23,235,-23,188,0" owari="301,40.0,299,10.0,212,-19.0,188,-31.0" /></mjloggm>