<mjloggm ver="2.3"><GO type="169" lobby="0"/><UN n0="%E7%B6%BE%E7%80%AC%E5%B8%82%E6%B0%91" n1="%E3%82%B4%E3%83%83%E3%82%B5%E3%83%A0" n2="%E5%8D%83%E7%BE%BD%E9%B4%89" n3="%E6%9D%BE%E5%B1%8B%E3%81%8A%E3%81%98%E3%81%95%E3%82%93" dan="17,16,17,19" rate="2131.01,2057.53,2224.47,2271.15" sx="M,M,F,M"/><TAIKYOKU oya="0"/><INIT seed="0,0,0,4,5,49" ten="250,250,250,250" oya="0" hai0="43,103,127,73,81,133,22,1,38,119,86,46,109" hai1="130,41,135,89,57,37,62,36,29,28,40,66,33" hai2="122,123,118,65,12,13,96,71,17,5,58,74,116" hai3="18,10,104,19,4,7,69,105,88,2,113,121,125"/><T64/><D119/><N who="2" m="45610" /><F71/><W99/><G113/><T60/><D127/><U70/><E33/><V15/><F96/><W84/><G125/><T94/><D133/><U50/><E89/><V42/><F42/><N who="1" m="16489" /><E28/><V61/><F74/><W31/><G69/><T27/><D1/><U55/><E29/><V111/><F5/><W108/><G108/><T95/><D109/><U87/><E87/><V90/><F111/><W6/><G121/><N who="2" m="46089" /><F90/><W91/><G31/><T98/><D73/><U126/><E126/><V100/><F100/><W107/><G2/><T68/><D22/><AGARI ba="0,0" hai="12,13,15,17,22,58,61,65" m="46089,45610" machi="22" ten="30,1000,0" yaku="12,1" doraHai="49" who="2" fromWho="0" sc="250,-10,250,0,250,10,250,0" /><INIT seed="1,0,0,1,5,14" ten="240,250,260,250" oya="1" hai0="114,129,57,29,88,64,0,84,18,19,111,37,89" hai1="63,126,32,98,125,103,30,133,96,51,122,41,94" hai2="87,93,99,119,76,4,102,10,6,82,134,56,132" hai3="5,116,74,1,33,92,115,27,42,46,36,11,109"/><U91/><E122/><V48/><F119/><W2/><G115/><T24/><D114/><U101/><E133/><V38/><F38/><W85/><G109/><T110/><D37/><U112/><E112/><V53/><REACH who="2" step="1"/><F4/><REACH who="2" ten="240,250,250,250" step="2"/><W44/><G5/><T135/><D135/><U123/><E123/><V7/><F7/><W131/><G36/><T13/><D111/><U23/><E126/><V127/><F127/><W45/><G116/><T72/><D110/><U61/><E125/><V124/><F124/><W60/><G131/><T69/><D0/><AGARI ba="0,1" hai="0,6,10,48,53,56,76,82,87,93,99,102,132,134" machi="0" ten="40,1300,0" yaku="1,1,53,0" doraHai="14" doraHaiUra="120" who="2" fromWho="0" sc="240,-13,250,0,250,23,250,0" /><INIT seed="2,0,0,1,3,42" ten="227,250,273,250" oya="2" hai0="123,4,10,92,0,50,70,114,113,95,29,24,62" hai1="16,80,30,27,134,108,55,129,85,125,38,5,132" hai2="57,44,96,119,74,106,76,103,48,127,21,81,52" hai3="133,91,110,78,34,93,116,126,19,86,2,41,88"/><V65/><F119/><W58/><G34/><T122/><D123/><U25/><E108/><V12/><F127/><W69/><G69/><T124/><D124/><U79/><E5/><V112/><F112/><W67/><G126/><T15/><D122/><U120/><E125/><V101/><F101/><W109/><G116/><T107/><D107/><U18/><E120/><V43/><F65/><W98/><G78/><T73/><D73/><U23/><E129/><V115/><F115/><W60/><G133/><T68/><D113/><U6/><E6/><V54/><F21/><W14/><G2/><T59/><D114/><U89/><E38/><V66/><REACH who="2" step="1"/><F12/><REACH who="2" ten="227,250,263,250" step="2"/><W32/><G32/><T47/><D15/><U82/><E132/><V97/><F97/><W94/><REACH who="3" step="1"/><G41/><REACH who="3" ten="227,250,263,240" step="2"/><T8/><D0/><U131/><E134/><V71/><F71/><W77/><G77/><T104/><D68/><U1/><E1/><V13/><F13/><W83/><G83/><T3/><D70/><U117/><E117/><V102/><F102/><W33/><G33/><T26/><D3/><U45/><E82/><V118/><F118/><W22/><AGARI ba="0,2" hai="14,19,22,58,60,67,86,88,91,93,94,98,109,110" machi="22" ten="30,4000,0" yaku="1,1,0,1,54,1,53,0" doraHai="42" doraHaiUra="130" who="3" fromWho="3" sc="227,-10,250,-10,263,-20,240,60" /><INIT seed="3,0,0,1,0,20" ten="217,240,243,300" oya="3" hai0="82,30,17,25,113,44,5,63,69,84,55,6,16" hai1="112,74,73,106,65,43,11,105,118,97,129,1,53" hai2="48,91,111,31,115,62,10,37,93,14,64,49,61" hai3="77,21,86,27,110,125,116,85,29,128,126,132,24"/><W78/><G116/><T39/><D113/><U51/><E112/><V4/><F37/><W32/><G132/><T89/><D69/><U94/><E43/><V15/><F111/><W120/><G120/><T134/><D134/><U88/><E65/><V33/><F115/><W67/><G67/><T9/><D39/><U28/><E129/><V114/><F114/><W54/><G54/><T36/><D36/><U104/><E118/><V107/><F107/><W66/><G66/><T40/><D40/><U100/><E28/><V46/><F62/><W68/><G68/><T35/><D6/><U50/><E50/><V72/><F72/><W19/><G128/><T135/><D135/><U123/><E123/><V22/><F33/><W7/><G7/><T101/><D101/><U60/><E60/><V109/><F109/><W41/><G41/><T121/><D121/><U42/><E100/><V75/><F75/><W99/><G99/><T124/><D124/><N who="3" m="47721" /><G110/><T18/><D18/><U103/><E103/><V96/><F46/><W71/><G71/><T0/><REACH who="0" step="1"/><D44/><REACH who="0" ten="207,240,243,300" step="2"/><U34/><E42/><V79/><F4/><W26/><G26/><T90/><D90/><U38/><E88/><V102/><F91/><W52/><G77/><T47/><D47/><U127/><E38/><V80/><F79/><W2/><G78/><T95/><D95/><U119/><E94/><V45/><F45/><W58/><G2/><T92/><D92/><U76/><E127/><V130/><F93/><W81/><G81/><T13/><D13/><U83/><E76/><V8/><F80/><W108/><G108/><RYUUKYOKU ba="0,1" sc="207,15,240,-15,243,-15,300,15" hai0="0,5,9,16,17,25,30,35,55,63,82,84,89" hai3="19,21,24,27,29,32,52,58,85,86" /><INIT seed="3,1,1,0,4,74" ten="222,225,228,315" oya="3" hai0="105,103,98,37,58,8,39,92,45,100,21,49,72" hai1="131,113,1,109,75,2,120,94,23,110,5,90,20" hai2="3,129,38,61,128,125,88,67,68,86,85,51,33" hai3="97,119,32,47,40,107,48,22,10,35,70,17,64"/><W114/><G114/><T96/><D72/><U28/><E113/><V18/><F38/><W124/><G119/><T26/><D8/><N who="1" m="2095" /><E120/><V95/><F3/><W118/><G118/><T31/><REACH who="0" step="1"/><D58/><REACH who="0" ten="212,225,228,315" step="2"/><U65/><E75/><V87/><F125/><W101/><G124/><T132/><D132/><U14/><E110/><V9/><F9/><W52/><G10/><T99/><D99/><U115/><E109/><V62/><F85/><W78/><G70/><T41/><AGARI ba="1,2" hai="21,26,31,37,39,41,45,49,92,96,98,100,103,105" machi="41" ten="20,2700,0" yaku="1,1,0,1,7,1,53,0" doraHai="74" doraHaiUra="80" who="0" fromWho="0" sc="212,50,225,-8,228,-8,315,-14" /><INIT seed="4,0,0,5,0,28" ten="262,217,220,301" oya="0" hai0="55,73,97,131,89,20,104,63,38,25,15,87,13" hai1="133,98,102,48,110,46,51,40,106,61,17,59,129" hai2="119,22,26,56,101,36,49,21,75,5,33,78,24" hai3="7,80,45,91,126,6,90,81,112,125,53,34,44"/><T93/><D131/><U82/><E110/><V116/><F36/><W42/><G53/><T14/><D73/><U60/><E133/><V100/><F5/><W68/><G68/><T76/><D38/><U54/><E129/><V84/><F75/><W132/><G112/><T27/><D104/><U39/><E39/><V135/><F135/><W43/><G132/><T105/><D105/><U99/><E99/><V12/><F12/><W96/><G96/><T67/><D55/><U47/><E82/><V124/><F124/><W111/><REACH who="3" step="1"/><G34/><REACH who="3" ten="262,217,220,291" step="2"/><T57/><REACH who="0" step="1"/><D20/><REACH who="0" ten="252,217,220,291" step="2"/><U62/><E106/><V88/><F21/><W4/><G4/><T127/><D127/><U31/><E54/><V86/><F22/><W107/><G107/><T128/><D128/><U65/><E65/><V23/><F23/><W120/><G120/><T77/><D77/><U118/><E118/><V70/><F78/><W92/><G92/><T29/><D29/><U16/><E31/><V64/><F119/><W37/><G37/><T66/><D66/><U134/><E134/><V109/><F116/><W71/><G71/><T10/><D10/><U1/><E40/><V115/><F64/><W79/><G79/><T41/><D41/><U83/><E83/><AGARI ba="0,2" hai="13,14,15,25,27,57,63,67,76,83,87,89,93,97" machi="83" ten="40,7700,0" yaku="1,1,8,1,53,1" doraHai="28" doraHaiUra="94" who="0" fromWho="1" sc="252,97,217,-77,220,0,291,0" /><INIT seed="4,1,0,5,5,120" ten="349,140,220,291" oya="0" hai0="7,2,52,102,33,72,5,131,69,12,68,66,135" hai1="110,14,101,17,88,9,45,75,54,26,23,35,71" hai2="89,61,27,59,10,4,106,92,114,29,116,46,99" hai3="104,103,48,96,70,108,36,8,107,0,122,83,6"/><T119/><D119/><U32/><E75/><V90/><F114/><W62/><G48/><T128/><D33/><U73/><E73/><V100/><F46/><W64/><G122/><T134/><D72/><U28/><E71/><V22/><F106/><N who="3" m="63847" /><G83/><T43/><D43/><U15/><E101/><V50/><F50/><W79/><G79/><T24/><D102/><U118/><E118/><V126/><F126/><W112/><G112/><T80/><D24/><U115/><E115/><V129/><F129/><N who="0" m="49738" /><D80/><U34/><E110/><V98/><F98/><W63/><G63/><N who="0" m="40031" /><D69/><U56/><E45/><V81/><F81/><W109/><G36/><T51/><D12/><U19/><REACH who="1" step="1"/><E88/><REACH who="1" ten="349,130,220,291" step="2"/><V125/><F116/><W127/><G127/><T3/><D3/><U76/><E76/><V13/><REACH who="2" step="1"/><F125/><REACH who="2" ten="349,130,210,291" step="2"/><W95/><G95/><T121/><D121/><U55/><E55/><AGARI ba="1,2" hai="4,10,13,22,27,29,55,59,61,89,90,92,99,100" machi="55" ten="30,7700,0" yaku="1,1,2,1,7,1,8,1,53,0" doraHai="120" doraHaiUra="123" who="2" fromWho="1" sc="349,0,130,-80,210,100,291,0" /><INIT seed="5,0,0,3,3,133" ten="349,50,310,291" oya="1" hai0="69,54,86,52,85,98,117,76,38,74,18,97,53" hai1="111,56,67,110,66,27,124,100,78,132,131,102,23" hai2="112,93,81,55,107,106,127,58,134,116,20,83,26" hai3="2,135,15,68,82,99,105,60,94,25,13,44,120"/><U87/><E132/><V19/><F134/><W31/><G135/><T8/><D117/><U71/><E71/><V122/><F116/><W92/><G2/><T114/><D114/><U33/><E33/><V28/><F122/><W17/><G120/><T121/><D121/><U48/><E131/><V70/><F70/><W14/><G17/><T128/><D128/><U51/><E78/><V1/><F1/><W43/><G82/><T118/><D118/><U90/><E102/><V6/><F6/><W80/><G80/><T104/><D38/><U37/><E37/><V57/><F83/><W64/><G105/><T50/><D74/><U115/><E100/><V11/><F57/><W125/><G125/><T61/><D104/><U45/><E115/><V47/><F47/><W77/><G99/><N who="0" m="37899" /><D61/><N who="1" m="38183" /><E67/><V5/><F28/><W79/><G79/><T72/><D69/><U32/><E32/><V16/><F112/><W113/><G77/><T39/><D39/><U7/><E7/><V24/><F81/><W123/><G123/><T95/><D72/><U0/><E0/><N who="2" m="423" /><F93/><W75/><G75/><T3/><D3/><U42/><E51/><N who="2" m="31103" /><F127/><W73/><G73/><T21/><D95/><N who="1" m="54751" /><E124/><V84/><F84/><N who="0" m="32362" /><D76/><U49/><E49/><V34/><F34/><N who="3" m="20847" /><G113/><T9/><D50/><U62/><E62/><V129/><F129/><W63/><G63/><T89/><D89/><U96/><E96/><V119/><F119/><W109/><G109/><T4/><D4/><U10/><E10/><V91/><F91/><W88/><G88/><T35/><D35/><U65/><E65/><V59/><F107/><RYUUKYOKU ba="0,0" sc="349,10,50,10,310,-30,291,10" hai0="8,9,18,21,52,53,54" hai1="23,27,42,45,48,110,111" hai3="13,14,15,43,44,60,64,68,92,94" /><INIT seed="5,1,0,0,4,122" ten="359,60,280,301" oya="1" hai0="19,6,24,53,94,75,79,85,22,11,90,54,13" hai1="134,64,17,91,23,74,114,42,87,60,103,68,126" hai2="27,7,16,63,101,92,109,41,44,4,116,37,107" hai3="57,127,106,93,26,100,73,135,112,111,58,88,48"/><U34/><E34/><V80/><F109/><W110/><G73/><T65/><D75/><U8/><E114/><V14/><F107/><W43/><G112/><T119/><D119/><U132/><E74/><V118/><F80/><W28/><G106/><T33/><D79/><U40/><E103/><V38/><F38/><W123/><G100/><T104/><D104/><U97/><E8/><V39/><F39/><W3/><G3/><T20/><D33/><U18/><E97/><V120/><F120/><W82/><G82/><T50/><D65/><U124/><E42/><V81/><F81/><W31/><G31/><T71/><D71/><U1/><E40/><V131/><F131/><W9/><G9/><T133/><D133/><N who="1" m="51307" /><E1/><V99/><F118/><W105/><G105/><T49/><D22/><U83/><E23/><V128/><F128/><W30/><G135/><T45/><D50/><U95/><E83/><V2/><F2/><W121/><G121/><T129/><D129/><U46/><E46/><V29/><F116/><W125/><G123/><T130/><D130/><U55/><E55/><AGARI ba="1,0" hai="6,11,13,19,20,24,45,49,53,54,55,85,90,94" machi="55" ten="30,2000,0" yaku="7,1,8,1" doraHai="122" who="0" fromWho="1" sc="359,23,60,-23,280,0,301,0" /><INIT seed="6,0,0,1,4,58" ten="382,37,280,301" oya="2" hai0="86,3,39,0,64,104,11,42,63,54,30,102,79" hai1="60,88,10,93,89,27,75,118,31,33,59,41,133" hai2="92,52,83,87,38,123,62,110,20,101,47,46,21" hai3="76,103,94,43,61,17,50,28,40,9,90,66,100"/><V106/><F106/><W19/><G28/><T95/><D104/><U18/><E133/><V16/><F123/><W14/><G76/><T57/><D30/><U82/><E118/><V115/><F38/><W70/><G19/><T55/><D39/><U37/><E41/><V85/><F115/><W36/><G50/><T84/><D42/><U122/><E122/><V111/><F21/><W96/><REACH who="3" step="1"/><G43/><REACH who="3" ten="382,37,280,291" step="2"/><T119/><D119/><U68/><E37/><V53/><F110/><W74/><G74/><T132/><D132/><U29/><E29/><V6/><F6/><W120/><G120/><T109/><D109/><U107/><E107/><V65/><F111/><W25/><G25/><T130/><D79/><U44/><E44/><AGARI ba="0,1" hai="9,14,17,36,40,44,61,66,70,90,94,96,100,103" machi="44" ten="40,2600,0" yaku="1,1,52,1,53,0" doraHai="58" doraHaiUra="114" who="3" fromWho="1" sc="382,0,37,-26,280,0,291,36" /><INIT seed="7,0,0,3,2,25" ten="382,11,280,327" oya="3" hai0="30,122,92,93,17,6,40,78,50,43,130,37,31" hai1="98,107,23,3,62,126,97,80,36,128,76,88,61" hai2="70,5,66,4,102,77,71,81,29,56,55,34,83" hai3="75,42,10,18,32,35,99,110,123,13,49,15,67"/><W41/><G75/><T59/><D130/><U96/><E23/><V1/><F81/><W120/><G67/><T121/><D37/><U39/><E80/><V14/><F1/><W21/><G99/><T8/><D78/><U135/><E3/><V90/><F90/><W45/><G42/><N who="0" m="15915" /><D122/><N who="3" m="46633" /><G49/><T125/><D125/><U63/><E88/><V44/><F44/><W9/><G41/><T58/><D6/><U12/><E12/><N who="3" m="4682" /><G45/><T20/><D8/><N who="3" m="3177" /><G110/><T0/><D121/><U65/><E65/><V72/><F102/><W27/><AGARI ba="0,0" hai="18,21,27,32,35" m="3177,4682,46633" machi="27" ten="30,3000,0" yaku="34,2" doraHai="25" who="3" fromWho="3" sc="382,-10,11,-10,280,-10,327,30" /><INIT seed="7,1,0,2,1,121" ten="372,1,270,357" oya="3" hai0="5,71,2,20,45,97,68,135,82,15,125,29,73" hai1="130,104,12,18,43,118,98,99,88,115,30,46,50" hai2="111,41,113,24,59,47,58,85,79,9,86,40,76" hai3="110,48,26,72,103,122,74,116,65,32,36,23,127"/><W35/><G122/><T6/><D2/><U55/><E30/><V100/><F113/><W11/><G36/><T44/><D71/><U31/><E31/><V112/><F112/><W37/><G37/><T13/><D68/><U106/><E88/><V124/><F124/><W96/><G116/><T53/><D73/><U133/><E55/><V8/><F100/><W117/><G117/><T101/><D135/><U129/><E50/><V94/><F94/><W54/><G127/><T123/><D123/><U42/><E118/><V16/><F24/><W49/><G110/><T51/><D125/><U78/><E18/><V34/><F34/><W102/><G72/><T89/><D101/><N who="3" m="38409" /><G74/><T126/><D126/><U87/><E133/><V83/><F111/><W119/><G65/><T21/><D45/><U66/><E115/><V84/><F47/><N who="3" m="27935" /><G119/><T67/><D67/><U80/><E46/><V10/><F16/><N who="3" m="12647" /><G49/><T17/><D29/><U109/><E66/><V77/><REACH who="2" step="1"/><F83/><REACH who="2" ten="372,1,260,357" step="2"/><W120/><G120/><T75/><D82/><U63/><E80/><V38/><F38/><W25/><G25/><T62/><D17/><U92/><E109/><V22/><F22/><W69/><G96/><T3/><D97/><U27/><E99/><V7/><F7/><W0/><G69/><T108/><D108/><U52/><E98/><V4/><F4/><N who="3" m="1415" /><G35/><T81/><D5/><U134/><E27/><V39/><F39/><W61/><G32/><T132/><D132/><U14/><E134/><V128/><F128/><W105/><G105/><T64/><D6/><U28/><E106/><V57/><AGARI ba="1,1" hai="8,9,10,40,41,57,58,59,76,77,79,84,85,86" machi="57" ten="40,32000,5" yakuman="40" doraHai="121" doraHaiUra="131" who="2" fromWho="2" sc="372,-81,1,-81,260,333,357,-161" owari="291,9.0,-80,-58.0,593,69.0,196,-20.0" /></mjloggm>