<mjloggm ver="2.3"><GO type="225" lobby="0"/><UN n0="%E8%88%B9%E8%A6%8B%E7%B5%90%E8%A1%A3%E3%81%A1%E3%82%83%E3%82%93" n1="%E8%A5%BF%E5%B2%A1%E8%82%B2%E6%9C%AA%E2%99%AA" n2="%E8%83%83%E3%81%A8%E8%85%B8" n3="%E3%81%B5%E3%81%8F%E3%82%84%E3%82%93" dan="16,16,18,16" rate="2132.52,2115.80,2210.39,2064.14" sx="F,F,M,M"/><TAIKYOKU oya="0"/><INIT seed="0,0,0,3,1,61" ten="250,250,250,250" oya="0" hai0="119,92,8,12,46,82,33,18,109,100,41,17,71" hai1="15,21,38,123,106,36,122,65,44,117,14,84,67" hai2="110,24,43,22,113,49,79,81,126,132,3,26,6" hai3="1,75,127,60,91,27,45,56,29,11,89,133,94"/><T52/><D119/><U42/><E117/><V72/><F113/><W107/><G107/><T120/><D33/><U39/><E106/><V99/><F110/><W93/><G75/><T90/><D120/><U25/><E122/><V9/><F126/><W102/><G127/><T128/><D71/><U7/><E123/><V10/><F132/><W78/><G78/><T68/><D68/><U63/><E84/><V16/><F99/><W130/><G130/><T112/><D112/><U34/><E34/><V62/><F9/><W135/><G45/><T55/><D109/><U129/><E129/><V35/><F62/><W31/><G11/><T23/><D128/><U0/><E0/><V115/><F115/><W97/><G1/><T51/><D82/><U114/><E114/><V37/><F49/><W40/><G40/><T87/><REACH who="0" step="1"/><D100/><REACH who="0" ten="240,250,250,250" step="2"/><U59/><E39/><V19/><F35/><W58/><G102/><T20/><D20/><U54/><E38/><V83/><F83/><W76/><G133/><T28/><D28/><U48/><E36/><V47/><F24/><AGARI ba="0,1" hai="8,12,17,18,23,24,41,46,51,52,55,87,90,92" machi="24" ten="30,11600,0" yaku="1,1,7,1,8,1,54,1,53,0" doraHai="61" doraHaiUra="98" who="0" fromWho="2" sc="240,126,250,0,250,-116,250,0" /><INIT seed="0,1,0,0,3,60" ten="366,250,134,250" oya="0" hai0="135,76,102,123,29,7,2,25,15,42,48,132,100" hai1="23,54,131,103,16,3,110,119,56,126,89,62,41" hai2="118,97,38,81,87,58,1,113,21,117,66,55,122" hai3="4,59,44,74,98,99,61,34,45,20,67,71,9"/><T36/><D123/><U88/><E126/><V51/><F113/><W129/><G34/><T77/><D36/><U82/><E110/><V53/><F122/><W90/><G74/><T40/><D2/><U63/><E3/><V10/><F38/><W128/><G20/><T68/><D68/><U6/><E131/><N who="3" m="50250" /><G71/><T35/><D15/><U75/><E119/><N who="2" m="45579" /><F21/><W85/><G44/><N who="0" m="25623" /><D40/><U86/><E75/><V107/><F53/><W13/><G45/><T0/><D7/><U73/><E73/><V26/><F26/><W127/><G127/><T39/><D39/><U33/><E33/><V109/><F109/><W24/><G24/><T37/><D37/><U32/><E32/><V80/><F87/><W94/><AGARI ba="1,0" hai="4,9,13,59,61,67,85,90,94,98,99" m="50250" machi="94" ten="30,2000,0" yaku="19,1,52,1" doraHai="60" who="3" fromWho="3" sc="366,-11,250,-6,134,-6,250,23" /><INIT seed="1,0,0,4,1,123" ten="355,244,128,273" oya="1" hai0="112,21,80,57,127,49,130,43,38,42,73,102,134" hai1="111,126,16,129,82,104,88,92,107,12,83,59,128" hai2="9,35,121,8,120,99,66,0,37,91,31,50,45" hai3="14,89,71,17,100,60,15,36,13,53,113,34,23"/><U40/><E126/><V98/><F37/><W122/><G34/><T46/><D102/><U87/><E40/><V101/><F120/><W81/><G36/><T61/><D112/><U70/><E70/><V117/><F121/><W110/><G113/><T44/><D127/><U108/><E59/><V51/><F117/><W10/><G122/><T26/><D134/><U25/><E25/><V52/><F66/><W79/><G100/><T69/><D69/><U58/><E58/><V103/><F0/><W118/><G118/><T24/><D130/><N who="1" m="50283" /><E92/><V72/><F72/><W90/><G71/><T63/><D63/><U94/><E94/><V20/><F35/><W86/><G60/><T11/><D11/><N who="2" m="4170" /><F50/><W62/><G15/><T125/><D125/><U4/><E4/><V105/><F105/><N who="1" m="40521" /><E83/><V95/><F98/><W30/><G62/><T106/><D106/><U77/><E77/><V135/><F135/><W93/><G79/><T54/><D80/><U18/><E16/><V39/><F39/><W3/><G3/><T28/><D73/><U67/><E67/><V27/><AGARI ba="0,0" hai="20,27,31,45,51,52,91,95,99,101,103" m="4170" machi="27" ten="30,2000,0" yaku="8,1,54,1" doraHai="123" who="2" fromWho="2" sc="355,-5,244,-10,128,20,273,-5" /><INIT seed="2,0,0,0,3,130" ten="350,234,148,268" oya="2" hai0="6,108,8,126,121,66,25,57,0,50,106,119,39" hai1="132,53,42,100,99,43,3,115,12,68,75,1,114" hai2="61,45,118,84,13,69,64,27,123,94,127,55,110" hai3="70,44,11,34,88,16,20,96,86,90,89,21,19"/><V107/><F118/><W71/><G34/><T109/><D121/><U5/><E68/><V113/><F123/><W81/><G70/><T37/><D106/><U58/><E75/><V91/><F113/><W49/><G71/><T134/><D119/><U36/><E1/><V98/><F127/><W76/><G96/><T105/><D105/><U46/><E3/><V41/><F110/><N who="0" m="42602" /><D126/><U14/><E42/><V29/><F13/><N who="3" m="7231" /><G19/><T38/><D25/><U122/><E12/><V92/><F55/><AGARI ba="0,0" hai="20,21,44,49,55,76,81,86,88,89,90" m="7231" machi="55" ten="30,3900,0" yaku="8,1,54,2" doraHai="130" who="3" fromWho="2" sc="350,0,234,0,148,-39,268,39" /><INIT seed="3,0,0,0,0,93" ten="350,234,109,307" oya="3" hai0="119,90,82,88,39,74,126,65,22,70,94,100,58" hai1="108,86,132,50,112,101,92,32,72,19,38,62,33" hai2="6,109,15,24,36,96,53,69,78,114,131,30,26" hai3="21,7,43,66,120,20,34,0,99,73,49,68,135"/><W97/><G73/><T116/><D39/><U14/><E72/><V56/><F114/><W10/><G34/><T1/><D1/><U118/><E38/><V91/><F131/><W87/><G120/><T67/><D70/><U11/><E112/><V125/><F109/><W37/><G37/><T27/><D126/><U57/><E132/><V98/><F125/><W4/><G135/><T52/><D74/><U5/><E118/><V80/><F69/><W83/><G68/><T51/><D116/><U122/><E122/><V89/><F36/><W17/><G66/><N who="0" m="25099" /><D82/><U107/><E107/><V77/><F6/><N who="3" m="2091" /><G0/><T134/><D134/><U23/><E50/><V115/><F115/><W35/><G35/><T12/><D12/><U121/><E121/><V105/><F15/><N who="3" m="7415" /><G49/><T130/><D130/><U48/><E48/><V76/><F105/><W18/><G43/><T40/><D40/><U63/><E63/><V59/><F80/><W123/><G123/><T85/><D119/><U75/><E75/><V71/><F71/><W8/><G8/><T31/><D90/><N who="2" m="34314" /><F53/><W41/><G41/><T55/><D55/><N who="1" m="34111" /><E108/><V113/><F113/><W64/><G64/><T44/><D100/><U47/><E32/><V54/><F54/><W61/><G61/><T16/><D31/><U45/><E33/><V104/><F30/><W106/><G106/><T127/><D127/><U117/><E117/><V110/><F110/><W111/><G111/><T2/><D2/><U42/><E42/><V84/><F104/><W60/><G60/><T9/><D9/><U124/><E124/><V29/><F29/><RYUUKYOKU ba="0,0" sc="350,30,234,-10,109,-10,307,-10" hai0="16,22,27,44,51,52,58,85,88,94" owari="380,48.0,224,-18.0,99,-40.0,297,10.0" /></mjloggm>