<mjloggm ver="2.3"><GO type="169" lobby="0"/><UN n0="%69%6E%61%7A%6F" n1="%E3%81%A9%E3%81%84%E3%83%BC%E3%82%93" n2="%E5%A4%A7%E8%B3%A2%E8%89%AF%E5%B8%AB" n3="%E4%BB%8A%E6%97%A5%E4%B8%80" dan="16,16,16,16" rate="2143.33,2070.43,2046.11,2066.15" sx="M,M,M,F"/><TAIKYOKU oya="0"/><INIT seed="0,0,0,1,0,107" ten="250,250,250,250" oya="0" hai0="69,54,1,135,53,57,32,55,91,28,65,68,62" hai1="130,88,42,85,40,31,0,84,93,103,110,30,98" hai2="100,8,33,131,111,27,124,56,11,123,24,48,119" hai3="121,74,82,105,87,51,25,18,73,60,4,21,49"/><T10/><D32/><U77/><E0/><V47/><F123/><W67/><G105/><T39/><D28/><U22/><E130/><V92/><F131/><W97/><G97/><T99/><D135/><U126/><E126/><V101/><F124/><W114/><G114/><T128/><D128/><U2/><E2/><V108/><F119/><W71/><G4/><T29/><D29/><U95/><E110/><N who="2" m="42027" /><F56/><W20/><G20/><T79/><D39/><U59/><E59/><V122/><F122/><W116/><G116/><T64/><D64/><U104/><E104/><V112/><F112/><W89/><REACH who="3" step="1"/><G121/><REACH who="3" ten="250,250,250,240" step="2"/><T109/><D109/><U19/><E31/><V26/><F33/><W125/><G125/><T43/><D99/><U94/><E30/><V78/><F8/><W61/><G61/><T16/><D10/><U132/><E132/><V3/><F11/><W127/><G127/><T44/><D1/><U106/><E106/><V14/><F3/><W37/><G37/><T13/><D62/><U58/><E58/><V34/><F34/><W45/><G45/><T81/><D57/><U17/><E17/><V117/><F117/><W133/><G133/><T52/><D44/><U15/><E77/><V66/><F78/><W83/><G83/><T35/><D79/><U115/><E115/><V7/><F47/><W12/><G12/><T129/><D68/><U41/><E103/><V113/><F14/><W72/><AGARI ba="0,1" hai="18,21,25,49,51,60,67,71,72,73,74,82,87,89" machi="72" ten="30,8000,1" yaku="1,1,0,1,52,3,53,0" doraHai="107" doraHaiUra="5" who="3" fromWho="3" sc="250,-40,250,-20,250,-20,240,90" /><INIT seed="1,0,0,5,3,126" ten="210,230,230,330" oya="1" hai0="4,72,1,67,32,19,58,6,60,57,20,123,108" hai1="8,28,54,92,45,10,114,101,83,66,52,22,94" hai2="117,5,127,37,26,48,84,68,69,104,55,39,81" hai3="7,31,93,36,14,86,29,42,53,35,133,107,59"/><U132/><E114/><V80/><F104/><W109/><G107/><T106/><D72/><U12/><E132/><V100/><F127/><W82/><G35/><T116/><D32/><U74/><E66/><V95/><F117/><W110/><G93/><N who="1" m="35946" /><E74/><V43/><F5/><W73/><G73/><T24/><D1/><U65/><E65/><V129/><F26/><W119/><G42/><T122/><D116/><U120/><E120/><N who="0" m="46121" /><D106/><U56/><E101/><V30/><F30/><W79/><G36/><T62/><D108/><N who="3" m="41577" /><G133/><T135/><D135/><U118/><E118/><V85/><F95/><W44/><G44/><T77/><D77/><U50/><E83/><V27/><F100/><W16/><G7/><T111/><D111/><U97/><E97/><V115/><F115/><W103/><G103/><T11/><D11/><U15/><E28/><V64/><F64/><AGARI ba="0,0" hai="4,6,19,20,24,57,58,60,62,64,67" m="46121" machi="64" ten="30,1000,0" yaku="13,1" doraHai="126" who="0" fromWho="2" sc="210,10,230,0,230,-10,330,0" /><INIT seed="2,0,0,1,2,126" ten="220,230,220,330" oya="2" hai0="43,134,68,71,102,45,36,88,4,130,40,122,5" hai1="97,111,20,52,72,12,90,96,66,51,98,86,116" hai2="80,83,132,131,110,69,15,89,106,30,73,44,23" hai3="133,28,87,57,129,49,117,77,135,112,79,103,53"/><V47/><F106/><W101/><G117/><T120/><D102/><U105/><E72/><V76/><F69/><W84/><G28/><T63/><D134/><N who="3" m="51209" /><G129/><T7/><D130/><U38/><E38/><V113/><F132/><W46/><G112/><T65/><D43/><U19/><E116/><V26/><F113/><W8/><G8/><T37/><D37/><U31/><E111/><V59/><F131/><W3/><G3/><T9/><D68/><U10/><E66/><V94/><F110/><W115/><G115/><T17/><D17/><U33/><E33/><V14/><F83/><N who="3" m="47215" /><G57/><T35/><D35/><U41/><E41/><V127/><F127/><W92/><G92/><T58/><D9/><U74/><E74/><V13/><REACH who="2" step="1"/><F59/><REACH who="2" ten="220,230,210,330" step="2"/><W56/><G56/><T108/><D108/><U54/><E105/><V75/><F75/><W0/><G0/><T128/><D128/><U93/><E51/><V99/><AGARI ba="0,1" hai="13,14,15,23,26,30,44,47,73,76,80,89,94,99" machi="99" ten="30,3000,0" yaku="1,1,0,1,53,0" doraHai="126" doraHaiUra="70" who="2" fromWho="2" sc="220,-10,230,-10,210,40,330,-10" /><INIT seed="2,1,0,1,0,115" ten="210,220,250,320" oya="2" hai0="49,14,47,90,134,65,52,22,64,9,54,78,85" hai1="118,29,4,26,131,51,128,30,31,57,37,18,117" hai2="39,13,56,58,59,16,126,6,5,101,44,38,83" hai3="40,62,82,42,72,81,106,0,61,23,66,21,36"/><V20/><F126/><W8/><G0/><T43/><D134/><U24/><E37/><V70/><F70/><W79/><G8/><T109/><D109/><U122/><E122/><V132/><F132/><W50/><G50/><T124/><D124/><U2/><E51/><V99/><F83/><W53/><G53/><N who="0" m="20587" /><D22/><N who="1" m="13399" /><E57/><V105/><REACH who="2" step="1"/><F44/><REACH who="2" ten="210,220,240,320" step="2"/><W94/><G81/><N who="0" m="49455" /><D78/><U119/><E26/><V114/><F114/><W12/><G82/><T35/><D35/><U100/><E100/><V34/><F34/><W45/><G79/><T19/><AGARI ba="1,1" hai="9,14,19,43,47,49,64,65" m="49455,20587" machi="19" ten="30,2000,0" yaku="8,1,54,1" doraHai="115" who="0" fromWho="0" sc="210,33,220,-6,240,-11,320,-6" /><INIT seed="3,0,0,2,2,96" ten="243,214,229,314" oya="3" hai0="52,33,77,68,29,57,46,21,48,51,67,88,129" hai1="78,95,109,65,47,59,34,3,111,71,1,14,104" hai2="134,123,98,118,80,64,27,112,6,103,69,62,15" hai3="2,53,30,43,54,45,32,12,23,85,56,114,73"/><W49/><G73/><T102/><D33/><U16/><E104/><V122/><F118/><W70/><G2/><T42/><D77/><U24/><E34/><V93/><F112/><W17/><G70/><T131/><D68/><U90/><E71/><V18/><F134/><W97/><G114/><T76/><D76/><U13/><E78/><V36/><F36/><W22/><G85/><T75/><D67/><U110/><E47/><V127/><F127/><W35/><G54/><T91/><D75/><U37/><E37/><V10/><F80/><W19/><G97/><T130/><D102/><U81/><E81/><V120/><REACH who="2" step="1"/><F27/><AGARI ba="0,0" hai="21,27,29,42,46,48,51,52,57,88,91,129,130,131" machi="27" ten="40,5200,0" yaku="19,1,54,2" doraHai="96" who="0" fromWho="2" sc="243,52,214,0,229,-52,314,0" /><INIT seed="4,0,0,4,1,56" ten="295,214,177,314" oya="0" hai0="49,127,131,50,17,54,13,106,91,86,45,38,28" hai1="114,32,116,40,126,61,9,120,34,46,44,62,102" hai2="8,33,77,51,59,121,16,73,118,103,105,90,128" hai3="133,18,80,3,104,29,5,97,19,30,85,93,94"/><T41/><D106/><U108/><E120/><V55/><F121/><W0/><G104/><T22/><D131/><U11/><E116/><V130/><F118/><W60/><G5/><T15/><D127/><U112/><E126/><V53/><F33/><W58/><G3/><T83/><D28/><N who="3" m="10857" /><G0/><T89/><D38/><U43/><REACH who="1" step="1"/><E102/><REACH who="1" ten="295,204,177,314" step="2"/><V79/><F103/><N who="3" m="60847" /><G133/><T10/><D89/><U63/><E63/><V6/><F90/><N who="3" m="53583" /><G80/><T26/><REACH who="0" step="1"/><D10/><REACH who="0" ten="285,204,177,314" step="2"/><U111/><AGARI ba="0,2" hai="9,11,32,34,40,43,44,46,61,62,108,111,112,114" machi="111" ten="25,12000,2" yaku="1,1,0,1,22,2,52,2,53,0" doraHai="56" doraHaiUra="72" who="1" fromWho="1" sc="285,-60,204,140,177,-30,314,-30" /><INIT seed="5,0,0,2,4,11" ten="225,344,147,284" oya="1" hai0="1,116,18,130,94,128,59,52,90,12,129,53,42" hai1="75,88,86,87,95,35,24,7,103,13,44,67,46" hai2="31,100,104,64,68,118,70,131,15,47,117,119,10" hai3="4,110,77,79,3,121,83,38,73,21,40,54,111"/><U33/><E75/><V5/><F131/><W105/><G121/><T123/><D1/><U56/><E103/><V113/><F113/><W55/><G77/><T78/><D116/><U132/><E132/><V29/><F100/><W34/><G34/><T69/><D69/><U114/><E114/><V84/><F104/><W82/><G82/><T28/><D28/><U115/><E115/><V76/><F76/><W48/><G21/><T45/><D123/><U91/><E24/><V72/><F72/><W109/><G105/><T135/><D78/><U58/><E7/><V101/><F101/><W96/><G96/><N who="0" m="57431" /><D135/><U66/><E13/><V127/><F127/><W125/><G48/><N who="0" m="26679" /><D59/><U39/><E95/><V6/><F84/><W49/><G49/><T102/><D102/><U14/><E14/><V57/><F5/><W41/><G41/><T92/><D92/><U50/><E50/><V17/><F6/><W32/><G32/><T120/><D120/><U8/><E8/><AGARI ba="0,0" hai="8,12,18,52,53,128,129,130" m="26679,57431" machi="8" ten="30,3900,0" yaku="19,1,52,1,54,1" doraHai="11" who="0" fromWho="1" sc="225,39,344,-39,147,0,284,0" /><INIT seed="6,0,0,2,0,102" ten="264,305,147,284" oya="2" hai0="125,25,81,88,23,57,39,36,104,49,26,8,128" hai1="44,108,127,29,21,79,30,32,97,129,2,10,35" hai2="103,75,13,53,105,50,101,77,41,65,99,15,119" hai3="40,74,71,24,4,54,67,110,9,20,89,126,100"/><V62/><F119/><W1/><G74/><T117/><D117/><U45/><E108/><V106/><F41/><W43/><G67/><T17/><D128/><U93/><E79/><V84/><F75/><W19/><G71/><T69/><D69/><U82/><E129/><V80/><F103/><W18/><G110/><T12/><D104/><U87/><E127/><V56/><REACH who="2" step="1"/><F106/><REACH who="2" ten="264,305,137,284" step="2"/><W112/><G100/><T42/><D125/><U132/><E132/><V131/><F131/><W114/><G126/><T73/><D73/><U120/><E120/><V28/><F28/><W59/><G43/><T0/><D42/><U3/><E30/><V55/><F55/><W70/><G40/><T68/><D39/><U85/><E29/><V61/><F61/><W91/><G112/><T58/><D36/><U27/><E93/><V22/><F22/><W6/><G114/><T113/><D113/><U122/><E21/><V5/><F5/><W118/><G6/><T123/><D123/><U76/><E122/><V98/><F98/><W48/><G118/><T52/><D23/><U78/><E97/><V94/><F94/><W90/><G19/><T124/><D124/><U38/><E35/><V66/><F66/><W86/><G70/><AGARI ba="0,1" hai="13,15,50,53,56,62,65,70,77,80,84,99,101,105" machi="70" ten="30,5800,0" yaku="1,1,7,1,52,1,53,0" doraHai="102" doraHaiUra="116" who="2" fromWho="3" sc="264,0,305,0,137,68,284,-58" /><INIT seed="6,1,0,0,1,10" ten="264,305,205,226" oya="2" hai0="1,11,39,17,21,117,134,86,102,71,8,32,101" hai1="16,132,73,36,94,67,118,31,78,129,121,84,112" hai2="109,46,0,99,45,74,133,88,91,24,81,12,22" hai3="93,125,120,135,113,49,9,52,54,14,59,28,29"/><V58/><F0/><W55/><G120/><T105/><D71/><U83/><E121/><V75/><F109/><W2/><G2/><T126/><D39/><U114/><E118/><V51/><F133/><W25/><G135/><T64/><D32/><U115/><E132/><V63/><F75/><W68/><G68/><T96/><D64/><U82/><E31/><N who="3" m="11850" /><G125/><T100/><D134/><U111/><E36/><V130/><F130/><W57/><G25/><T77/><D117/><U70/><E94/><N who="2" m="56775" /><F74/><W34/><G34/><T95/><D105/><U56/><E111/><V104/><F104/><W15/><G113/><T107/><D107/><U23/><E70/><V122/><F122/><W119/><G119/><T128/><D128/><U69/><E69/><V27/><F81/><W108/><G108/><T103/><D1/><U38/><E38/><V41/><F91/><W110/><G110/><T4/><D4/><U66/><E56/><N who="3" m="21578" /><G9/><N who="0" m="3659" /><D126/><U127/><E127/><V80/><F80/><W98/><G49/><T61/><D61/><U18/><E129/><V124/><F124/><W35/><G35/><T92/><D77/><N who="1" m="44335" /><E18/><N who="2" m="10567" /><F46/><W44/><G44/><T20/><D17/><U97/><E97/><V48/><F48/><W5/><G5/><T65/><D65/><AGARI ba="1,0" hai="24,27,41,45,51,58,63,65" m="10567,56775" machi="65" ten="30,5800,0" yaku="8,1,52,1,54,1" doraHai="10" who="2" fromWho="0" sc="264,-61,305,0,205,61,226,0" /><INIT seed="6,2,0,4,3,126" ten="203,305,266,226" oya="2" hai0="79,65,115,119,88,100,59,125,99,106,31,32,112" hai1="34,94,133,107,110,28,113,20,10,25,78,39,92" hai2="86,12,117,17,82,80,61,30,93,104,8,132,56" hai3="123,67,52,108,49,14,1,71,68,84,50,3,130"/><V75/><F104/><W73/><G73/><T103/><D125/><U58/><E107/><V43/><F117/><W6/><G123/><T74/><D119/><U98/><E39/><V83/><F132/><W118/><G118/><T46/><D100/><U16/><E110/><V35/><F75/><W91/><G108/><T105/><D105/><U72/><E133/><V13/><F43/><W57/><G130/><T2/><D2/><U23/><E113/><N who="0" m="43593" /><D79/><U122/><E122/><V15/><F30/><W129/><G129/><T87/><D74/><U89/><E72/><V33/><F33/><W42/><G14/><T24/><D46/><U63/><E78/><V36/><F36/><W0/><G6/><T19/><D59/><U21/><E94/><V114/><F35/><W9/><G9/><T55/><D55/><N who="1" m="34271" /><E34/><V102/><F114/><W60/><G68/><T70/><D19/><U127/><E127/><V124/><F124/><W64/><G64/><T131/><D131/><U95/><E95/><V128/><F128/><W44/><G1/><T51/><D51/><U29/><E10/><V97/><REACH who="2" step="1"/><F86/><REACH who="2" ten="203,305,256,226" step="2"/><W45/><REACH who="3" step="1"/><G71/><REACH who="3" ten="203,305,256,216" step="2"/><T54/><D70/><U22/><AGARI ba="2,2" hai="16,20,21,22,23,25,28,29,89,92,98" m="34271" machi="22" ten="30,4000,0" yaku="25,1,8,1,54,1" doraHai="126" who="1" fromWho="1" sc="203,-12,305,66,256,-22,216,-12" /><INIT seed="7,0,0,4,0,61" ten="191,371,234,204" oya="3" hai0="108,33,37,131,30,22,115,8,53,78,117,18,50" hai1="114,6,133,48,82,118,38,116,121,59,42,132,28" hai2="41,16,29,67,102,92,125,70,57,55,98,56,11" hai3="10,94,106,58,75,123,74,95,68,109,24,111,26"/><W69/><G10/><T135/><D108/><N who="3" m="41545" /><G106/><T119/><D37/><U86/><E114/><V73/><F125/><W107/><G58/><T7/><D131/><U96/><E121/><V97/><F73/><N who="3" m="27659" /><G107/><T71/><D71/><N who="3" m="27209" /><G123/><T63/><D63/><U113/><E96/><V110/><F70/><W84/><G84/><T23/><D115/><U64/><E113/><V80/><F110/><W101/><G101/><T124/><D124/><U134/><E6/><V49/><F102/><W99/><G99/><T91/><D23/><U130/><E130/><V93/><F98/><W13/><G13/><N who="0" m="9551" /><D91/><U65/><E28/><V85/><F29/><W0/><G0/><N who="0" m="103" /><D78/><U31/><E31/><V43/><F97/><W79/><G79/><T47/><D135/><U25/><E25/><AGARI ba="0,0" hai="24,25,26,94,95" m="27209,27659,41545" machi="25" ten="40,7700,0" yaku="28,2,10,1" doraHai="61" who="3" fromWho="1" sc="191,0,371,-77,234,0,204,77" /><INIT seed="7,1,0,2,5,5" ten="191,294,234,281" oya="3" hai0="1,110,101,11,81,130,10,111,116,129,6,23,21" hai1="20,44,92,42,74,50,45,60,135,103,47,99,31" hai2="48,41,43,107,3,71,104,127,40,122,46,70,114" hai3="72,17,94,22,7,28,8,51,89,25,87,37,91"/><W117/><G37/><T118/><D101/><U67/><E74/><V125/><F3/><W105/><G105/><N who="2" m="40521" /><F122/><W18/><G72/><T2/><D81/><U38/><E38/><V33/><F33/><W120/><G117/><T9/><D9/><U84/><E135/><V65/><F114/><W80/><G51/><T124/><D124/><N who="2" m="47690" /><F65/><W12/><G120/><T55/><D55/><AGARI ba="1,0" hai="40,41,43,46,48,55,70,71" m="47690,40521" machi="55" ten="40,1300,0" yaku="18,1" doraHai="5" who="2" fromWho="0" sc="191,-16,294,0,234,16,281,0" /><INIT seed="8,0,0,1,4,91" ten="175,294,250,281" oya="0" hai0="115,35,125,16,113,82,109,46,21,50,37,93,69" hai1="36,52,128,98,45,72,20,122,124,135,34,14,23" hai2="118,9,47,119,95,106,132,101,130,55,33,11,92" hai3="114,12,26,10,0,31,129,32,126,43,17,84,107"/><T1/><D35/><U5/><E34/><V49/><F33/><W102/><G114/><N who="0" m="43531" /><D37/><U117/><E72/><V8/><F132/><W42/><G102/><T39/><D39/><U44/><E117/><N who="2" m="44555" /><F130/><W13/><G107/><T73/><D1/><U4/><E122/><V3/><F3/><W71/><G71/><T89/><D69/><U59/><E135/><V22/><F22/><W108/><G129/><T112/><N who="0" m="43539" /><T57/><DORA hai="83" /><D125/><U28/><E128/><V127/><F127/><W18/><G126/><T67/><D109/><U123/><E123/><V96/><AGARI ba="0,0" hai="8,9,11,47,49,55,92,95,96,101,106" m="44555" machi="96" ten="40,8000,1" yaku="16,1,12,1,52,2" doraHai="91,83" who="2" fromWho="2" sc="175,-40,294,-20,250,80,281,-20" owari="135,-36.0,274,7.0,330,43.0,261,-14.0" /></mjloggm>