<mjloggm ver="2.3"><GO type="185" lobby="0"/><UN n0="%E3%82%AA%E3%83%A0%E3%81%82%E3%82%93%E3%81%93" n1="%68%69%72%6F%6E%6E%32%30" n2="%E3%81%B6%E3%82%8B%E3%81%AF%E3%81%A4" n3="" dan="16,17,16,0" rate="2154.58,2235.19,2139.15,1500.00" sx="M,M,M,C"/><TAIKYOKU oya="0"/><INIT seed="0,0,0,4,3,127" ten="350,350,350,0" oya="0" hai0="101,109,103,80,86,47,100,2,43,73,57,99,116" hai1="44,33,72,79,122,82,58,120,98,96,68,108,124" hai2="61,135,49,51,55,76,117,87,128,60,102,107,134" hai3=""/><T35/><D2/><U111/><N who="1" m="30752" /><U119/><N who="1" m="31264" /><U70/><E33/><V97/><F117/><T95/><D116/><U126/><E119/><V83/><F128/><T104/><D35/><U36/><E58/><V59/><REACH who="2" step="1"/><F49/><REACH who="2" ten="350,350,340,0" step="2"/><T56/><D109/><N who="1" m="42059" /><E98/><V32/><F32/><T66/><D104/><U62/><E96/><V65/><F65/><T89/><D66/><U91/><E62/><AGARI ba="0,1" hai="51,55,59,60,61,62,76,83,87,97,102,107,134,135" machi="62" ten="40,5200,0" yaku="1,1,53,2" doraHai="127" doraHaiUra="129" who="2" fromWho="1" sc="350,0,350,-52,340,62,0,0" /><INIT seed="1,0,0,1,0,135" ten="350,298,402,0" oya="1" hai0="51,67,35,59,82,64,87,126,76,42,58,121,60" hai1="78,43,66,111,72,56,119,127,89,93,36,80,102" hai2="131,75,53,69,94,120,112,103,63,101,79,98,49" hai3=""/><U65/><E119/><V124/><N who="2" m="30752" /><V33/><F33/><T117/><N who="0" m="31008" /><T57/><D117/><U70/><E70/><V96/><F131/><T40/><D35/><U115/><E115/><V132/><F132/><T55/><D126/><U90/><E36/><V46/><F112/><T83/><D83/><U54/><E43/><V97/><F124/><T39/><D39/><U130/><E130/><V84/><F75/><T104/><D104/><U85/><E111/><V32/><F32/><T129/><D129/><U38/><E38/><V122/><N who="2" m="31264" /><V48/><F48/><T44/><REACH who="0" step="1"/><D67/><REACH who="0" ten="340,298,402,0" step="2"/><U128/><E128/><V74/><F74/><T37/><D37/><U109/><E127/><V114/><F114/><T61/><D61/><U123/><N who="1" m="31520" /><U68/><E68/><AGARI ba="0,1" hai="40,42,44,51,55,57,58,59,60,64,68,76,82,87" m="31008" machi="68" ten="40,5200,0" yaku="1,1,52,1,53,1" doraHai="135" doraHaiUra="116" who="0" fromWho="1" sc="340,62,298,-52,402,0,0,0" /><INIT seed="2,0,0,0,4,47" ten="402,246,402,0" oya="2" hai0="75,72,40,83,119,115,51,112,71,89,73,103,74" hai1="128,98,88,80,50,77,48,120,84,53,46,0,66" hai2="1,35,86,33,63,54,90,122,102,55,92,42,99" hai3=""/><V123/><N who="2" m="31264" /><V67/><N who="2" m="31520" /><V41/><F1/><T43/><D119/><U52/><N who="1" m="30752" /><U70/><E128/><V36/><F55/><T45/><D71/><U117/><E117/><V111/><F111/><T135/><D103/><U133/><E133/><V129/><F129/><T93/><D135/><U37/><E37/><V130/><F130/><T108/><D108/><U85/><E98/><V65/><F54/><T106/><D106/><U96/><E96/><V81/><F67/><T79/><REACH who="0" step="1"/><D40/><REACH who="0" ten="392,246,402,0" step="2"/><U97/><E0/><V38/><F41/><T134/><D134/><U3/><E3/><V64/><F64/><T62/><D62/><U132/><E132/><V44/><F36/><T58/><D58/><AGARI ba="0,1" hai="33,35,38,42,44,58,63,65,81,86,90,92,99,102" m="31520,31264" machi="58" ten="30,5800,0" yaku="7,1,52,2" doraHai="47" who="2" fromWho="0" sc="392,-58,246,0,402,68,0,0" /><INIT seed="2,1,0,1,1,48" ten="334,246,470,0" oya="2" hai0="43,80,127,84,3,96,32,86,97,42,49,2,37" hai1="134,122,51,52,44,72,135,119,77,131,115,90,1" hai2="121,35,69,124,101,82,95,78,47,102,110,68,113" hai3=""/><V114/><N who="2" m="31008" /><V62/><F35/><T130/><D32/><U73/><N who="1" m="31264" /><U76/><E115/><V108/><F124/><T74/><D127/><U54/><E1/><V56/><F47/><T40/><D37/><U132/><E119/><V92/><F114/><T126/><D126/><U67/><E67/><V85/><F113/><T53/><D74/><N who="1" m="28779" /><E131/><V63/><F95/><T120/><N who="0" m="30752" /><T65/><D65/><U99/><E99/><V109/><F92/><T64/><D64/><U88/><E54/><V55/><F63/><T106/><D130/><U75/><N who="1" m="28787" /><U0/><DORA hai="36" /><E0/><V81/><REACH who="2" step="1"/><F82/><REACH who="2" ten="334,246,460,0" step="2"/><T93/><D80/><U128/><E128/><V94/><F94/><T111/><D93/><U58/><E44/><V123/><N who="2" m="31520" /><V118/><F118/><T34/><D34/><U129/><E129/><V41/><F41/><T79/><D42/><U125/><E125/><V66/><F66/><T133/><D40/><U117/><E117/><V98/><F98/><T33/><D43/><U38/><E38/><V59/><F59/><T70/><D33/><U83/><E83/><V39/><F39/><T103/><D96/><U57/><E57/><V105/><F105/><T61/><D106/><U89/><AGARI ba="1,1" hai="51,52,58,76,77,88,89,90,132,134,135" m="28787,31264" machi="89" ten="50,9000,2" yaku="5,1,20,1,52,2,54,2" doraHai="48,36" who="1" fromWho="1" sc="334,-31,246,102,460,-61,0,0" /><INIT seed="4,0,0,2,1,44" ten="303,348,399,0" oya="0" hai0="130,114,77,123,111,129,60,86,117,94,82,102,59" hai1="32,95,50,39,89,106,85,75,101,125,98,131,65" hai2="61,91,66,68,1,79,118,38,45,51,84,35,132" hai3=""/><T116/><N who="0" m="31520" /><T48/><D111/><U83/><E32/><V3/><F35/><T115/><D48/><U62/><E39/><V40/><F132/><T88/><D102/><U34/><E125/><V47/><F79/><T78/><D78/><U93/><E131/><N who="0" m="50185" /><D59/><U52/><E34/><V127/><F118/><N who="0" m="45674" /><D60/><U96/><E75/><AGARI ba="0,0" hai="75,77,82,86,88,94,114,115" m="45674,50185,31520" machi="75" ten="30,12000,1" yaku="19,1,34,2,52,1,54,1" doraHai="44" who="0" fromWho="1" sc="303,120,348,-120,399,0,0,0" /><INIT seed="4,1,0,0,3,77" ten="423,228,399,0" oya="0" hai0="51,50,95,83,49,64,63,75,37,85,35,70,34" hai1="53,36,115,65,86,92,109,122,102,130,59,56,107" hai2="54,111,106,89,39,3,32,119,100,76,117,73,52" hai3=""/><T112/><D112/><U62/><N who="1" m="31264" /><U99/><E109/><V93/><F111/><T131/><D131/><U48/><E130/><V116/><F3/><T123/><N who="0" m="31520" /><T133/><D133/><U47/><E115/><V103/><F32/><T82/><D37/><U60/><E36/><V78/><F39/><T91/><REACH who="0" step="1"/><D75/><REACH who="0" ten="413,228,399,0" step="2"/><U68/><E107/><V127/><F73/><T118/><D118/><U90/><REACH who="1" step="1"/><E62/><REACH who="1" ten="413,218,399,0" step="2"/><V57/><F106/><T67/><D67/><U124/><E124/><V58/><F127/><T44/><D44/><U66/><E66/><V43/><F119/><T98/><D98/><U55/><E55/><V71/><F117/><T40/><D40/><U88/><E88/><V87/><F43/><T81/><AGARI ba="1,2" hai="34,35,49,50,51,63,64,70,81,82,83,85,91,95" m="31520" machi="81" ten="30,12000,2" yaku="1,1,0,1,52,4,53,0" doraHai="77" doraHaiUra="134" who="0" fromWho="0" sc="413,142,218,-61,399,-61,0,0" /><INIT seed="4,2,0,0,0,69" ten="555,157,338,0" oya="0" hai0="111,100,3,135,107,87,123,68,50,130,127,121,129" hai1="81,128,115,132,34,113,91,82,65,75,54,35,63" hai2="134,33,88,0,32,46,125,78,109,92,64,53,37" hai3=""/><T95/><N who="0" m="31008" /><T99/><N who="0" m="31520" /><T74/><D68/><U1/><E1/><V45/><F109/><T55/><D3/><U119/><E119/><V61/><F0/><T110/><D74/><U39/><E75/><V71/><F125/><T67/><D67/><U98/><E54/><V126/><F126/><T120/><N who="0" m="30752" /><T112/><D127/><U103/><E132/><V70/><F134/><T101/><D135/><U85/><E128/><N who="0" m="49257" /><D112/><N who="1" m="43083" /><E82/><V131/><F71/><T90/><D101/><U122/><N who="1" m="31264" /><U36/><E63/><V86/><F131/><T93/><D107/><U77/><E77/><V106/><F78/><T73/><D73/><U47/><E47/><AGARI ba="2,0" hai="47,50,55,87,90,93,95,99,100,110,111" m="49257,30752,31520,31008" machi="47" ten="30,11600,0" yaku="19,1,52,3" doraHai="69" who="0" fromWho="1" sc="555,120,157,-120,338,0,0,0" /><INIT seed="4,3,0,1,5,123" ten="675,37,338,0" oya="0" hai0="45,112,113,66,67,2,91,38,1,99,43,107,120" hai1="81,57,118,124,35,89,83,68,111,131,90,69,80" hai2="94,109,52,73,39,103,56,85,134,106,121,72,98" hai3=""/><T119/><N who="0" m="30752" /><T60/><D119/><U41/><E35/><V59/><N who="2" m="31008" /><V48/><F39/><T79/><D79/><U135/><E41/><V62/><F134/><T95/><D67/><U115/><E118/><V92/><F109/><T42/><D42/><U125/><E135/><V101/><F85/><T46/><D46/><U100/><E100/><V49/><F49/><T78/><D78/><U0/><E0/><V71/><F71/><N who="1" m="27209" /><E57/><V132/><F132/><T133/><D133/><U64/><E64/><V108/><F108/><T44/><D44/><U61/><E61/><V36/><F36/><T84/><D2/><U53/><E111/><V58/><F58/><T122/><N who="0" m="31264" /><T96/><D1/><U77/><E77/><V127/><F56/><T33/><D33/><U110/><E110/><V117/><F117/><T32/><D32/><U87/><E87/><V65/><F65/><T93/><D60/><U51/><E131/><V63/><F63/><T74/><D66/><U104/><E104/><V116/><F62/><T76/><D107/><U129/><E129/><V105/><F116/><T86/><D86/><U37/><E37/><V82/><F106/><T126/><D84/><U97/><E97/><V130/><F105/><RYUUKYOKU ba="3,0" sc="675,0,37,0,338,0,0,0" /><INIT seed="5,4,0,0,5,83" ten="675,37,338,0" oya="1" hai0="78,101,119,70,126,38,89,112,2,36,76,116,87" hai1="1,135,63,0,123,54,109,124,131,46,33,43,67" hai2="110,129,68,81,77,132,114,61,52,42,64,104,39" hai3=""/><U103/><N who="1" m="31520" /><U45/><E33/><V115/><F110/><T97/><D70/><U34/><E34/><V57/><F104/><T41/><D2/><U62/><E109/><V66/><F129/><T100/><D97/><U56/><E131/><V51/><F132/><T117/><D41/><U75/><E75/><V133/><F133/><T74/><D74/><U98/><E135/><V105/><F105/><T130/><D130/><U107/><E124/><V120/><N who="2" m="30752" /><V91/><F91/><T96/><D96/><U86/><E46/><V40/><F66/><T106/><D106/><U95/><E63/><V59/><F59/><T121/><D126/><U55/><E1/><V48/><F48/><T47/><D47/><U80/><E107/><V50/><F50/><T73/><D119/><U102/><E102/><V90/><F90/><T69/><D89/><U99/><E99/><V93/><F40/><T111/><D111/><U65/><E65/><V71/><F42/><T128/><D128/><U122/><N who="1" m="31264" /><U84/><E0/><V134/><F64/><T3/><D3/><U60/><E60/><V92/><F134/><T125/><D101/><U72/><E72/><V113/><F61/><T79/><N who="0" m="31008" /><T49/><D125/><RYUUKYOKU ba="4,0" sc="675,0,37,0,338,0,0,0" /><INIT seed="6,5,0,3,5,75" ten="675,37,338,0" oya="2" hai0="52,45,83,131,64,74,113,110,96,101,82,95,49" hai1="61,121,47,66,128,2,0,68,57,119,78,100,70" hai2="55,80,77,108,87,41,48,106,127,92,73,33,69" hai3=""/><V90/><F106/><T37/><D131/><U56/><N who="1" m="31008" /><U42/><E100/><V125/><F33/><T67/><D37/><U38/><E128/><V59/><F69/><T102/><D102/><U81/><E119/><V40/><REACH who="2" step="1"/><F108/><REACH who="2" ten="675,37,328,0" step="2"/><T79/><D110/><U65/><E57/><V134/><F134/><T50/><D113/><U133/><E133/><V130/><F130/><T39/><D39/><U62/><REACH who="1" step="1"/><E56/><REACH who="1" ten="675,27,328,0" step="2"/><V116/><F116/><T129/><D129/><U53/><E53/><V97/><F97/><T111/><D111/><U91/><E91/><V44/><F44/><T71/><D71/><U124/><E124/><AGARI ba="5,2" hai="40,41,48,55,59,73,77,80,87,90,92,124,125,127" machi="124" ten="40,7700,0" yaku="1,1,18,1,52,1,53,0" doraHai="75" doraHaiUra="115" who="2" fromWho="1" sc="675,0,27,-87,328,107,0,0" owari="675,62.0,-60,-66.0,435,4.0,0,0.0" /></mjloggm>