<mjloggm ver="2.3"><GO type="169" lobby="0"/><UN n0="%43%72%65%2E%43" n1="%E3%83%8E%E3%82%AA%E3%83%81%E3%83%A3%E3%83%99%E3%82%B9" n2="%70%6C%61%7A%61" n3="%E7%99%BD%E7%8C%AB%E3%82%A8%E3%83%AB" dan="16,16,16,16" rate="2118.32,2098.06,2047.00,2134.68" sx="F,M,M,M"/><TAIKYOKU oya="0"/><INIT seed="0,0,0,5,2,100" ten="250,250,250,250" oya="0" hai0="106,7,10,19,39,59,83,99,86,11,111,96,56" hai1="26,110,126,60,130,33,104,79,16,31,122,103,29" hai2="97,131,17,1,58,61,41,80,87,81,77,89,125" hai3="133,94,6,47,113,30,72,129,128,2,48,82,124"/><T65/><D39/><U49/><E122/><V123/><F123/><W76/><G113/><T45/><D111/><U121/><E121/><V64/><F125/><W134/><G30/><T135/><D135/><U68/><E126/><V53/><F131/><N who="3" m="50251" /><G124/><T98/><D106/><U52/><E110/><V55/><F1/><W37/><G94/><T27/><D45/><U67/><E79/><V8/><F41/><N who="3" m="22959" /><G48/><T115/><D115/><U117/><E130/><V118/><F97/><W50/><G50/><T112/><D112/><U35/><E117/><V70/><F70/><W20/><G20/><N who="0" m="13727" /><D7/><U51/><E51/><V5/><F17/><W105/><G105/><T91/><D56/><U78/><E78/><V42/><F42/><W43/><G43/><T4/><D4/><U84/><E84/><V73/><F118/><W101/><G101/><T22/><D22/><U32/><E16/><V102/><F102/><W85/><G85/><T21/><D21/><U74/><E74/><V108/><F108/><W120/><G120/><T15/><D15/><U63/><E63/><AGARI ba="0,0" hai="10,11,59,63,65,83,86,91,96,98,99" m="13727" machi="63" ten="30,1500,0" yaku="8,1" doraHai="100" who="0" fromWho="1" sc="250,15,250,-15,250,0,250,0" /><INIT seed="0,1,0,3,0,38" ten="265,235,250,250" oya="0" hai0="51,63,42,9,124,25,122,11,118,134,0,93,45" hai1="23,109,7,60,33,18,2,90,13,74,117,56,71" hai2="35,91,17,112,1,96,78,73,68,126,121,119,61" hai3="48,8,107,16,50,37,59,12,125,22,47,123,105"/><T85/><D118/><U55/><E117/><V77/><F17/><W115/><G115/><T26/><D122/><U129/><E74/><V20/><F119/><W80/><G125/><T54/><D124/><U103/><E103/><V92/><F126/><W46/><G123/><T75/><D75/><U62/><E33/><V67/><F112/><W132/><G132/><T99/><D134/><U21/><E7/><V87/><F121/><W40/><G80/><T106/><D106/><U52/><E2/><V69/><F35/><W102/><G102/><T82/><D0/><U6/><E6/><V104/><F69/><W41/><G37/><T66/><D54/><U116/><E116/><V131/><F131/><W108/><G59/><N who="0" m="37247" /><D93/><U57/><E71/><V64/><F64/><W10/><G108/><T101/><D99/><U43/><E109/><V135/><F1/><W120/><G120/><T4/><D101/><U88/><E129/><V65/><F65/><W27/><G10/><N who="0" m="3595" /><D4/><AGARI ba="1,0" hai="4,8,12,16,22,27,40,41,46,47,48,50,105,107" machi="4" ten="30,8000,1" yaku="7,1,9,1,52,2,54,1" doraHai="38" who="3" fromWho="0" sc="265,-83,235,0,250,0,250,83" /><INIT seed="1,0,0,1,3,7" ten="182,235,250,333" oya="1" hai0="129,67,119,111,6,125,82,132,50,83,121,112,115" hai1="25,61,20,35,135,59,65,94,105,78,96,91,3" hai2="90,12,22,45,116,49,52,28,130,85,98,75,81" hai3="120,97,73,1,11,66,68,38,39,133,131,9,89"/><U80/><E135/><V29/><F116/><W37/><G120/><T117/><D67/><U99/><E35/><V32/><F130/><W87/><G1/><T19/><D6/><U86/><E3/><V124/><F124/><W2/><G2/><T60/><D60/><U44/><E105/><V76/><F32/><W15/><G73/><T122/><D125/><U58/><E44/><V79/><F98/><W63/><G133/><T127/><D127/><U53/><E99/><V64/><F64/><W5/><G131/><T114/><D132/><U4/><E4/><V31/><F75/><W51/><G97/><T74/><D19/><AGARI ba="0,0" hai="12,19,22,28,29,31,45,49,52,76,79,81,85,90" machi="19" ten="40,2600,0" yaku="8,1,54,1" doraHai="7" who="2" fromWho="0" sc="182,-26,235,0,250,26,333,0" /><INIT seed="2,0,0,4,5,54" ten="156,235,276,333" oya="2" hai0="12,125,70,89,14,29,135,65,82,11,43,28,103" hai1="101,105,45,119,21,113,24,31,18,22,16,128,127" hai2="107,77,123,87,64,133,23,124,97,85,122,37,95" hai3="20,61,15,36,115,47,92,74,78,118,40,7,79"/><V110/><F37/><W81/><G118/><T98/><D135/><U72/><E119/><V3/><F3/><W8/><G115/><T55/><D125/><U106/><E113/><V68/><F68/><W26/><G79/><T126/><D126/><U52/><E127/><V51/><F124/><W13/><G92/><T56/><D43/><U90/><E72/><V88/><F133/><W75/><G75/><T116/><D116/><U100/><E128/><V59/><F110/><W99/><G99/><T35/><D65/><U1/><E1/><V5/><F5/><W0/><REACH who="3" step="1"/><G61/><REACH who="3" ten="156,235,276,323" step="2"/><T86/><D98/><U62/><E106/><V9/><F107/><W48/><G48/><T84/><D84/><N who="2" m="32330" /><F77/><W42/><G42/><T130/><D86/><U10/><E105/><V131/><F131/><W19/><AGARI ba="0,1" hai="0,7,8,13,15,19,20,26,36,40,47,74,78,81" machi="19" ten="20,8000,1" yaku="1,1,0,1,7,1,25,2,53,0" doraHai="54" doraHaiUra="50" who="3" fromWho="3" sc="156,-20,235,-20,276,-40,323,90" /><INIT seed="3,0,0,3,0,17" ten="136,215,236,413" oya="3" hai0="111,98,28,11,125,113,68,53,10,96,36,70,26" hai1="75,76,32,52,119,78,20,99,82,15,0,104,100" hai2="44,1,72,25,103,84,74,81,110,115,102,87,134" hai3="22,56,14,27,124,93,121,89,38,131,101,60,57"/><W37/><G121/><T94/><D111/><U43/><E32/><V8/><F1/><W135/><G101/><N who="2" m="38409" /><F8/><W77/><G77/><T97/><D125/><U85/><E0/><V69/><F44/><W54/><G124/><T83/><D36/><U18/><E43/><V64/><F25/><W73/><G73/><T48/><D94/><U31/><E119/><V58/><F58/><W133/><G14/><T9/><D83/><U2/><E2/><V132/><F64/><W49/><G131/><T16/><D113/><U116/><E116/><V21/><F69/><W4/><G4/><T50/><D16/><U109/><E31/><V128/><F21/><W30/><G133/><T51/><REACH who="0" step="1"/><D53/><REACH who="0" ten="126,215,236,413" step="2"/><U29/><E109/><V122/><F110/><W59/><G38/><T35/><AGARI ba="0,1" hai="9,10,11,26,28,35,48,50,51,68,70,96,97,98" machi="35" ten="40,8000,1" yaku="1,1,2,1,0,1,29,2,53,0" doraHai="17" doraHaiUra="39" who="0" fromWho="0" sc="126,90,215,-20,236,-20,413,-40" /><INIT seed="4,0,0,4,3,17" ten="216,195,216,373" oya="0" hai0="92,101,25,42,81,72,100,23,4,119,99,60,104" hai1="8,80,33,48,62,20,59,131,11,91,0,61,97" hai2="111,53,1,102,47,31,34,12,64,125,15,68,124" hai3="96,14,108,56,18,24,38,22,44,115,95,39,122"/><T134/><D134/><U13/><E33/><V84/><F1/><W55/><G115/><T105/><D119/><U69/><E131/><V103/><F111/><W89/><G108/><T85/><D4/><U130/><E130/><V54/><F84/><W77/><G122/><T43/><D72/><U27/><E0/><V106/><F68/><W129/><G129/><T114/><D114/><U58/><E69/><V28/><F64/><W88/><G77/><T128/><D128/><U117/><E117/><V41/><F34/><W93/><G14/><T26/><D60/><U19/><E11/><V45/><F41/><W123/><G44/><T109/><D109/><U49/><E61/><V73/><REACH who="2" step="1"/><F106/><REACH who="2" ten="216,195,206,373" step="2"/><W132/><G123/><T40/><D105/><U63/><E63/><V121/><F121/><W127/><G132/><T2/><D2/><U21/><E8/><V70/><F70/><W16/><G127/><T113/><D113/><U32/><E32/><V112/><F112/><W76/><G76/><N who="0" m="46247" /><D104/><U83/><E83/><V10/><F10/><W6/><G6/><T29/><D26/><U86/><E97/><V98/><F98/><N who="3" m="57639" /><G38/><T52/><D52/><N who="1" m="34119" /><E59/><V5/><F5/><W57/><G39/><T126/><D126/><U66/><E66/><V36/><F36/><W110/><G110/><T30/><D99/><U74/><E74/><AGARI ba="0,1" hai="12,15,28,31,45,47,53,54,73,74,102,103,124,125" machi="74" ten="25,3200,0" yaku="1,1,22,2,53,0" doraHai="17" doraHaiUra="7" who="2" fromWho="1" sc="216,0,195,-32,206,42,373,0" /><INIT seed="5,0,0,4,4,116" ten="216,163,248,373" oya="1" hai0="121,20,111,103,8,97,37,36,110,70,44,86,123" hai1="42,104,60,28,48,50,89,135,118,30,100,125,63" hai2="39,34,66,115,83,82,80,0,117,88,56,74,69" hai3="67,6,112,77,5,128,134,107,96,124,7,15,85"/><U95/><E118/><V22/><F117/><W79/><G112/><T61/><D86/><U90/><E104/><V25/><F34/><W133/><G67/><N who="0" m="41327" /><D20/><U13/><E100/><V27/><F74/><W26/><G124/><T1/><D97/><U84/><E125/><V68/><F0/><W52/><G128/><T53/><D103/><U35/><E135/><N who="3" m="51722" /><G96/><T29/><D29/><U16/><E89/><V87/><F27/><W49/><G107/><T73/><D73/><U4/><E4/><V75/><F39/><N who="0" m="14922" /><D44/><N who="1" m="25623" /><E50/><V91/><F75/><W59/><G26/><T41/><D41/><U9/><E35/><V40/><F40/><W10/><G85/><T12/><D53/><U58/><E63/><N who="2" m="38247" /><F91/><W45/><G45/><T71/><D71/><U93/><E95/><N who="2" m="54687" /><F68/><W131/><G131/><T11/><D1/><U105/><E105/><V51/><F69/><W33/><G33/><T54/><D54/><AGARI ba="0,0" hai="9,13,16,28,30,54,58,60,84,90,93" m="25623" machi="54" ten="30,2900,0" yaku="8,1,54,1" doraHai="116" who="1" fromWho="0" sc="216,-29,163,29,248,0,373,0" /><INIT seed="5,1,0,2,1,53" ten="187,192,248,373" oya="1" hai0="64,98,79,90,114,115,99,81,28,9,51,15,11" hai1="134,70,123,57,24,68,87,2,107,77,124,135,105" hai2="16,47,83,37,31,86,14,39,72,122,71,88,42" hai3="76,92,66,104,119,109,5,21,116,7,69,25,13"/><U33/><E2/><V40/><F122/><W58/><G109/><T27/><D64/><U26/><E123/><V132/><F71/><W131/><G104/><T20/><D9/><U35/><E87/><V78/><F132/><N who="1" m="50729" /><E77/><V32/><F32/><N who="1" m="12361" /><E57/><V62/><F31/><W73/><G69/><N who="1" m="26730" /><E124/><V97/><F62/><N who="3" m="38231" /><G92/><T129/><D90/><U48/><E48/><V106/><F40/><W30/><G131/><T18/><D129/><U100/><E100/><N who="2" m="62735" /><F47/><W121/><G121/><T113/><REACH who="0" step="1"/><D51/><REACH who="0" ten="177,192,248,373" step="2"/><U128/><E128/><V22/><F39/><W3/><G119/><T59/><D59/><U82/><E82/><V36/><F37/><W29/><G116/><T125/><D125/><U41/><E41/><V4/><F42/><W126/><G126/><T49/><D49/><U55/><E55/><V17/><F36/><W0/><G76/><T23/><D23/><U12/><E12/><V110/><F22/><W111/><G21/><T44/><D44/><U61/><E61/><V1/><F14/><W133/><G13/><T8/><D8/><U102/><E102/><V60/><F60/><W65/><G65/><T84/><AGARI ba="1,1" hai="11,15,18,20,27,28,79,81,84,98,99,113,114,115" machi="84" ten="30,4000,0" yaku="1,1,0,1,15,1,53,0" doraHai="53" doraHaiUra="56" who="0" fromWho="0" sc="177,53,192,-21,248,-11,373,-11" /><INIT seed="6,0,0,4,1,132" ten="230,171,237,362" oya="2" hai0="11,55,123,90,0,28,36,41,8,64,111,127,131" hai1="101,129,1,37,82,16,17,97,105,47,81,26,45" hai2="25,42,13,23,19,126,86,104,5,71,76,103,119" hai3="56,77,29,57,44,2,106,95,39,108,118,89,98"/><V18/><F119/><W134/><G118/><T109/><D123/><U70/><E70/><V3/><F71/><W22/><G108/><T78/><D131/><U117/><E117/><V54/><F3/><W114/><G2/><T43/><D64/><U51/><E1/><V40/><F5/><W88/><G106/><T85/><D78/><U50/><E37/><V7/><F7/><W75/><G134/><T10/><D0/><U130/><E26/><V52/><F126/><W112/><G89/><T73/><D73/><U72/><E72/><V60/><F103/><W110/><G77/><T12/><D127/><U74/><E74/><V68/><F104/><W113/><G110/><T92/><D28/><U58/><E105/><V59/><F54/><W84/><G75/><T27/><D27/><U83/><E58/><V87/><F68/><W14/><G98/><T133/><D133/><U63/><E63/><V135/><F135/><W107/><G107/><T33/><D33/><U121/><E97/><V24/><F25/><N who="3" m="16567" /><G14/><T125/><D125/><U100/><REACH who="1" step="1"/><E81/><REACH who="1" ten="230,161,237,362" step="2"/><N who="2" m="47399" /><F87/><W62/><G62/><T69/><D109/><U9/><E9/><AGARI ba="0,1" hai="9,13,18,19,23,24,40,42,52,59,60" m="47399" machi="9" ten="30,2900,0" yaku="8,1,54,1" doraHai="132" who="2" fromWho="1" sc="230,0,161,-29,237,39,362,0" /><INIT seed="6,1,0,2,3,98" ten="230,132,276,362" oya="2" hai0="77,127,79,113,75,23,4,110,54,100,85,58,24" hai1="26,71,124,56,40,109,126,31,91,80,112,63,38" hai2="72,107,33,106,61,15,44,37,16,78,105,36,134" hai3="10,82,66,5,96,53,17,95,14,99,50,118,43"/><V74/><F134/><W129/><G129/><T8/><D110/><U32/><E109/><V62/><F33/><W69/><G118/><T51/><D113/><U46/><E112/><V67/><F78/><W29/><G43/><T115/><D115/><U131/><E131/><V12/><F44/><W11/><G29/><T70/><D70/><U122/><E122/><V125/><F125/><W89/><G69/><T123/><D123/><U47/><E47/><V28/><F28/><W111/><G66/><T60/><D75/><U97/><E91/><V93/><F93/><W1/><G82/><T7/><D100/><U117/><E117/><V3/><F3/><W57/><G111/><T52/><D127/><U42/><E42/><V27/><F27/><W94/><G94/><T81/><D8/><U73/><E56/><V19/><F107/><W119/><G119/><T9/><D9/><U55/><E55/><V49/><F49/><W65/><G65/><AGARI ba="1,0" hai="12,15,16,19,36,37,61,62,65,67,72,74,105,106" machi="65" ten="25,4800,0" yaku="22,2,54,1" doraHai="98" who="2" fromWho="3" sc="230,0,132,0,276,51,362,-51" /><INIT seed="6,2,0,3,4,134" ten="230,132,327,311" oya="2" hai0="103,39,115,84,132,20,38,112,93,54,68,117,125" hai1="116,104,61,130,5,69,105,92,109,13,53,15,123" hai2="106,89,47,0,50,56,126,12,1,10,72,29,65" hai3="75,4,131,8,90,55,121,88,110,74,81,6,11"/><V80/><F106/><W78/><G110/><T99/><D132/><U96/><E109/><V42/><F126/><W51/><G131/><T22/><D68/><U58/><E116/><V9/><F29/><W77/><G121/><T127/><D117/><U73/><E73/><V60/><F9/><W3/><G78/><T52/><D84/><U25/><E130/><V124/><F124/><N who="0" m="47690" /><D20/><U100/><E123/><V64/><F64/><W129/><G75/><T101/><D103/><U59/><E69/><V44/><F72/><W23/><G23/><T34/><D34/><U133/><E133/><V36/><F80/><W57/><REACH who="3" step="1"/><G129/><REACH who="3" ten="230,132,327,301" step="2"/><T31/><D22/><U87/><E25/><V111/><F111/><W7/><G7/><T32/><D32/><U26/><E26/><V66/><F89/><W107/><G107/><T120/><D120/><U46/><E5/><V63/><F10/><W33/><G33/><T114/><D31/><U76/><E105/><V62/><F12/><AGARI ba="2,1" hai="3,4,6,8,11,12,51,55,57,74,77,81,88,90" machi="12" ten="30,3900,0" yaku="1,1,7,1,54,1,53,0" doraHai="134" doraHaiUra="19" who="3" fromWho="2" sc="230,0,132,0,327,-45,301,55" /><INIT seed="7,0,0,3,4,124" ten="230,132,282,356" oya="3" hai0="127,114,35,59,88,15,53,40,1,133,54,33,49" hai1="86,72,10,107,123,29,37,99,41,120,79,21,64" hai2="84,121,132,39,71,83,5,36,78,134,61,116,55" hai3="69,103,130,50,70,32,102,45,110,105,101,22,20"/><W62/><G32/><T113/><D1/><U56/><E10/><V82/><F116/><W12/><G105/><T100/><D100/><U11/><E11/><V38/><F5/><W125/><G125/><T28/><D127/><U47/><E72/><V13/><F13/><W19/><G110/><T108/><D108/><U48/><E79/><V68/><F83/><W97/><G97/><T94/><D133/><N who="2" m="51306" /><F121/><W52/><G22/><T117/><D117/><U77/><E77/><V18/><F18/><W119/><G119/><T43/><D15/><U80/><E107/><V106/><F106/><W31/><G31/><T27/><D35/><U44/><E80/><V51/><F61/><W24/><G12/><T81/><D81/><U26/><E86/><V25/><F25/><W87/><G87/><T90/><D54/><U122/><E99/><V7/><F7/><W129/><G62/><T126/><D126/><U8/><E8/><V14/><F14/><W6/><G6/><T115/><D90/><U23/><E23/><V91/><F91/><W118/><G118/><T9/><D9/><U73/><E73/><V42/><F42/><W135/><G135/><T96/><AGARI ba="0,0" hai="27,28,33,40,43,49,53,59,88,94,96,113,114,115" machi="96" ten="30,7900,0" yaku="0,1,15,1,11,1,54,1" doraHai="124" who="0" fromWho="0" sc="230,79,132,-20,282,-20,356,-39" owari="309,11.0,112,-39.0,262,-14.0,317,42.0" /></mjloggm>