<mjloggm ver="2.3"><GO type="169" lobby="0"/><UN n0="%E9%BA%BB%E9%9B%80%E7%A0%94%E7%A9%B6%E9%83%A8" n1="%E3%82%82%E3%83%BC%E3%82%8A%E3%83%BC" n2="%E3%82%82%E3%81%BF%E3%81%95%E3%81%92" n3="%E6%9B%BF%E7%8E%89%E5%9B%BA%E9%BA%BA" dan="16,16,16,16" rate="2177.45,2174.04,2122.14,2150.34" sx="F,M,M,M"/><TAIKYOKU oya="0"/><INIT seed="0,0,0,2,1,67" ten="250,250,250,250" oya="0" hai0="26,116,86,9,128,21,39,114,36,31,113,73,69" hai1="134,119,54,42,71,115,91,120,16,20,5,102,23" hai2="130,123,105,101,98,43,34,107,13,48,53,104,41" hai3="97,24,92,8,76,11,131,25,81,0,103,84,2"/><T85/><D116/><U60/><E119/><V18/><F123/><W6/><REACH who="3" step="1"/><G131/><REACH who="3" ten="250,250,250,240" step="2"/><T15/><D128/><U111/><E120/><V38/><F130/><W50/><G50/><T90/><D39/><U65/><E115/><V88/><F38/><W135/><G135/><T106/><D36/><U22/><E134/><V52/><F48/><W49/><G49/><T133/><D113/><U82/><E111/><V1/><F43/><W75/><G75/><T117/><D73/><U109/><E109/><V45/><F41/><W122/><G122/><T83/><D114/><U35/><E42/><V94/><F45/><W7/><AGARI ba="0,1" hai="0,2,6,7,8,11,24,25,76,81,84,92,97,103" machi="7" ten="30,7900,0" yaku="21,2,0,1,9,1,53,0" doraHai="67" doraHaiUra="112" who="3" fromWho="3" sc="250,-39,250,-20,250,-20,240,89" /><INIT seed="1,0,0,3,1,56" ten="211,230,230,329" oya="1" hai0="53,12,121,71,31,132,37,107,106,42,73,129,36" hai1="133,11,64,113,28,118,83,92,80,130,114,124,50" hai2="75,52,44,59,87,32,7,34,30,43,69,110,8" hai3="123,103,41,54,35,102,89,112,60,127,63,10,18"/><U33/><E118/><V6/><F69/><W0/><G112/><T116/><D116/><U9/><E124/><V22/><F75/><W94/><G123/><T96/><D129/><U77/><E130/><V65/><F65/><W19/><G35/><T105/><D132/><U88/><E133/><V1/><F6/><W126/><G41/><T26/><D73/><U84/><E80/><V85/><F110/><W16/><G54/><T119/><D119/><U38/><E38/><V67/><F67/><W5/><G103/><T91/><D71/><U128/><E128/><V134/><F134/><W13/><G102/><T49/><D42/><U58/><E33/><V57/><F57/><W97/><REACH who="3" step="1"/><G0/><REACH who="3" ten="211,230,230,319" step="2"/><T115/><D121/><U23/><E114/><V51/><F32/><W61/><AGARI ba="0,1" hai="5,10,13,16,18,19,60,61,63,89,94,97,126,127" machi="61" ten="40,12000,2" yaku="1,1,2,1,0,1,52,3,54,1,53,0" doraHai="56" doraHaiUra="117" who="3" fromWho="3" sc="211,-30,230,-60,230,-30,319,130" /><INIT seed="2,0,0,1,1,28" ten="181,170,200,449" oya="2" hai0="46,3,62,110,74,13,63,104,77,93,20,69,105" hai1="101,78,85,100,68,87,96,61,102,135,99,6,129" hai2="84,107,120,56,81,45,19,22,43,55,112,38,125" hai3="23,4,89,127,126,103,109,66,76,70,130,41,128"/><V27/><F125/><N who="3" m="47627" /><G4/><T33/><D3/><U116/><E68/><V134/><F134/><W111/><G23/><T52/><D110/><N who="3" m="41993" /><G76/><T65/><D33/><U39/><E39/><V15/><F120/><W7/><G7/><T60/><D74/><U106/><E61/><V1/><F107/><W67/><G103/><N who="1" m="39498" /><E6/><V16/><F1/><W10/><G10/><T44/><D77/><U36/><E36/><V53/><F112/><W48/><G89/><T21/><D62/><U14/><E14/><V113/><F113/><W49/><G70/><T94/><D104/><U51/><E135/><V64/><F64/><N who="3" m="24619" /><G41/><T17/><D105/><U42/><E106/><V54/><F19/><W58/><G58/><T31/><D46/><U122/><E42/><V133/><F15/><W12/><G12/><T59/><D44/><U47/><E47/><V91/><F133/><W117/><G117/><T5/><D5/><U79/><E79/><V121/><REACH who="2" step="1"/><F121/><REACH who="2" ten="181,170,190,449" step="2"/><W88/><G88/><T95/><D31/><U131/><E122/><V2/><F2/><W40/><G40/><T9/><AGARI ba="0,1" hai="9,13,17,20,21,52,59,60,63,65,69,93,94,95" machi="9" ten="30,2000,0" yaku="0,1,54,1" doraHai="28" who="0" fromWho="0" sc="181,30,170,-5,190,-10,449,-5" /><INIT seed="3,0,0,3,4,96" ten="211,165,180,444" oya="3" hai0="83,2,37,24,38,76,13,110,59,95,61,33,12" hai1="120,43,127,92,50,65,28,0,78,105,104,118,1" hai2="85,80,23,101,126,102,81,114,54,49,9,45,39" hai3="41,122,125,14,115,111,6,55,3,20,66,8,109"/><W29/><G66/><T74/><D2/><U42/><E120/><V56/><F114/><W94/><G41/><T87/><D110/><N who="3" m="41993" /><G115/><T97/><D74/><U35/><E78/><V86/><F126/><W135/><G122/><T63/><D63/><U91/><E118/><V108/><F108/><W132/><G55/><T30/><D38/><U25/><E127/><V7/><F23/><W15/><G94/><T88/><REACH who="0" step="1"/><D37/><REACH who="0" ten="201,165,180,444" step="2"/><U133/><E0/><V46/><F39/><W116/><G125/><T99/><D99/><U131/><E1/><V58/><F85/><W89/><G116/><T79/><D79/><U32/><E50/><V67/><F67/><AGARI ba="0,1" hai="12,13,24,30,33,59,61,67,76,83,87,88,95,97" machi="67" ten="30,7700,0" yaku="1,1,7,1,54,1,53,1" doraHai="96" doraHaiUra="72" who="0" fromWho="2" sc="201,87,165,0,180,-77,444,0" /><INIT seed="4,0,0,4,3,20" ten="288,165,103,444" oya="0" hai0="64,134,111,77,62,70,41,94,40,8,113,110,9" hai1="36,88,35,1,39,96,7,83,124,130,87,29,57" hai2="82,101,27,63,16,30,54,99,46,126,68,109,28" hai3="55,24,42,71,81,74,5,104,79,60,114,43,4"/><T122/><D113/><U119/><E119/><V11/><F109/><W132/><G114/><T45/><D122/><U131/><E124/><V129/><F129/><N who="1" m="49161" /><E7/><V95/><F126/><W89/><G132/><T59/><D134/><U85/><E1/><V116/><F116/><W128/><G128/><T69/><D77/><U38/><E57/><V22/><F11/><W125/><G125/><T21/><D69/><U107/><E87/><V121/><F121/><W58/><G104/><T6/><D21/><U98/><E107/><V123/><F123/><W31/><G71/><T61/><D94/><U135/><E135/><V37/><F37/><N who="1" m="9473" /><U12/><DORA hai="34" /><E12/><V32/><F68/><W14/><G89/><T117/><D117/><U51/><E51/><V23/><F46/><W106/><G106/><T108/><D45/><U133/><E133/><V13/><F82/><W19/><G4/><T65/><REACH who="0" step="1"/><D9/><REACH who="0" ten="278,165,103,444" step="2"/><U67/><E67/><V118/><F118/><W48/><G79/><T47/><D47/><U56/><E56/><N who="2" m="35223" /><F32/><W2/><G58/><T120/><D120/><U97/><E35/><V15/><F15/><AGARI ba="0,1" hai="6,8,15,40,41,59,61,62,64,65,70,108,110,111" machi="15" ten="40,3900,0" yaku="1,1,10,1,53,0" doraHai="20,34" doraHaiUra="103,112" who="0" fromWho="2" sc="278,49,165,0,103,-39,444,0" /><INIT seed="4,1,0,5,3,76" ten="327,165,64,444" oya="0" hai0="44,0,33,129,120,14,122,74,88,135,3,72,40" hai1="10,82,29,19,64,98,58,37,38,104,47,125,13" hai2="97,96,8,27,91,116,54,102,18,16,83,94,99" hai3="31,81,77,115,80,61,62,112,67,118,42,124,123"/><T95/><D129/><U49/><E125/><V5/><F116/><W70/><G118/><T126/><D126/><U11/><E29/><V110/><F110/><W35/><G124/><T20/><D33/><U105/><E11/><V7/><F7/><W24/><G123/><T131/><D131/><U71/><E71/><V121/><F121/><W57/><G42/><T52/><D135/><U100/><E104/><V26/><F54/><W106/><G106/><T9/><D20/><U63/><REACH who="1" step="1"/><E82/><REACH who="1" ten="327,155,64,444" step="2"/><V127/><F127/><W50/><G77/><T119/><D119/><U17/><E17/><V2/><F83/><W79/><G79/><T39/><D122/><U111/><E111/><V53/><F18/><W15/><G81/><T93/><D120/><U60/><E60/><V130/><F16/><W86/><G62/><T1/><D93/><U43/><AGARI ba="1,1" hai="10,13,19,37,38,43,47,49,58,63,64,98,100,105" machi="43" ten="20,5200,0" yaku="1,1,0,1,7,1,53,1" doraHai="76" doraHaiUra="46" who="1" fromWho="1" sc="327,-27,155,65,64,-14,444,-14" /><INIT seed="5,0,0,5,2,33" ten="300,220,50,430" oya="1" hai0="106,119,25,49,97,102,134,40,92,93,77,55,120" hai1="121,41,118,10,125,24,8,58,111,71,9,100,19" hai2="16,104,76,98,50,12,32,59,37,29,89,122,22" hai3="135,61,74,83,57,114,96,38,115,62,15,54,13"/><U88/><E71/><V70/><F122/><W6/><G38/><T3/><D119/><U11/><E121/><V80/><F70/><W43/><G43/><T36/><D134/><U44/><E118/><V94/><F37/><W69/><G135/><T31/><D77/><U117/><E117/><V65/><F104/><W85/><G74/><T132/><D132/><U81/><E100/><V14/><F32/><W130/><G130/><T72/><D72/><U20/><E125/><V66/><F29/><W107/><G107/><T123/><D120/><U90/><E111/><V79/><F12/><W2/><G96/><T48/><D36/><U75/><N who="1" m="2048" /><DORA hai="17" /><U129/><E129/><V103/><F103/><W124/><G124/><T47/><D3/><U112/><E112/><N who="3" m="43050" /><G2/><T127/><D127/><U4/><E4/><V73/><REACH who="2" step="1"/><F79/><REACH who="2" ten="300,220,40,430" step="2"/><N who="3" m="46335" /><G6/><T39/><D39/><U128/><E128/><V21/><F21/><W108/><G108/><T101/><D102/><U42/><E90/><V109/><F109/><W34/><G34/><T84/><D123/><U18/><E88/><V116/><F116/><W91/><G91/><T0/><D106/><U87/><E20/><V113/><F113/><W28/><G28/><T53/><D101/><U110/><E110/><V82/><F82/><W26/><G26/><T7/><D31/><U56/><E24/><V99/><F99/><W45/><G69/><T30/><D25/><U51/><E81/><V35/><F35/><W52/><G13/><T68/><D97/><U5/><E18/><V78/><F78/><W86/><G15/><T126/><D126/><RYUUKYOKU ba="0,1" sc="300,-10,220,-10,40,30,430,-10" hai2="14,16,22,50,59,65,66,73,76,80,89,94,98" /><INIT seed="6,1,1,3,3,121" ten="290,210,70,420" oya="2" hai0="93,32,123,51,82,89,83,7,21,1,120,76,37" hai1="124,25,112,134,8,14,75,52,4,54,74,85,107" hai2="59,90,42,17,126,91,87,11,105,131,9,48,12" hai3="102,72,62,104,45,43,19,34,92,68,10,99,58"/><V30/><F105/><W116/><G116/><T132/><D32/><U80/><E107/><V27/><F126/><W125/><G125/><T135/><D37/><U64/><E124/><V29/><F131/><W16/><G72/><T115/><D21/><U95/><E112/><V18/><F91/><W84/><G68/><T103/><D115/><U26/><E134/><N who="0" m="51241" /><D103/><U56/><E95/><V129/><F129/><W100/><G34/><T61/><D51/><U50/><E64/><V28/><F27/><W33/><G33/><T63/><D7/><U39/><E39/><V130/><F130/><W88/><G102/><T53/><D1/><U15/><E75/><V127/><F127/><W35/><G10/><N who="2" m="3593" /><F12/><W66/><G35/><T113/><D113/><U41/><E74/><V78/><F78/><W122/><G122/><T98/><D53/><N who="1" m="20587" /><E14/><V81/><F59/><W0/><G0/><T31/><D31/><U57/><E56/><V20/><F20/><W128/><G128/><T114/><D114/><U110/><E57/><V24/><F24/><W60/><G60/><N who="0" m="23115" /><D83/><U65/><E26/><V46/><AGARI ba="1,1" hai="17,18,28,29,30,42,46,48,81,87,90" m="3593" machi="46" ten="30,1500,0" yaku="8,1" doraHai="121" who="2" fromWho="2" sc="290,-6,210,-6,70,28,420,-6" /><INIT seed="6,2,0,1,5,98" ten="284,204,98,414" oya="2" hai0="60,63,87,119,37,110,21,94,83,9,49,32,126" hai1="31,55,3,29,86,23,84,0,35,80,20,24,131" hai2="17,65,115,134,66,101,105,111,13,107,92,2,40" hai3="45,58,38,88,112,56,11,8,6,46,95,18,85"/><V90/><F2/><W99/><G112/><T127/><D32/><U72/><E72/><V108/><F115/><W47/><G38/><T64/><D37/><U70/><E70/><V132/><F40/><W124/><G124/><N who="0" m="47659" /><D110/><N who="2" m="42026" /><F105/><W89/><G18/><T34/><D34/><U22/><E131/><V30/><F30/><W76/><G76/><T25/><D9/><N who="3" m="3657" /><G6/><T12/><D12/><U97/><E31/><V82/><F82/><AGARI ba="2,0" hai="45,46,47,56,58,82,85,88,89,95,99" m="3657" machi="82" ten="30,2000,0" yaku="8,1,54,1" doraHai="98" who="3" fromWho="2" sc="284,0,204,0,98,-26,414,26" /><INIT seed="7,0,0,5,4,33" ten="284,204,72,440" oya="3" hai0="97,118,28,71,26,42,103,49,113,84,29,75,60" hai1="40,52,11,56,96,21,91,70,15,17,5,104,81" hai2="114,22,2,105,89,9,111,72,112,73,133,62,30" hai3="124,79,53,95,12,63,80,8,74,93,67,23,78"/><W69/><G124/><T90/><D75/><U132/><E132/><V58/><F105/><W88/><G93/><T125/><D118/><U54/><E70/><V77/><F111/><W44/><G79/><T108/><D108/><U7/><E7/><V120/><F133/><W13/><G23/><T43/><D113/><U1/><E40/><V109/><F120/><W19/><G13/><T48/><D60/><U94/><E104/><V126/><F109/><W85/><G53/><T25/><D90/><U31/><E56/><V4/><F126/><W6/><G44/><T64/><D84/><U10/><E10/><V127/><F127/><W129/><G129/><T38/><D64/><U66/><E66/><V16/><F30/><W130/><G130/><T50/><D50/><U107/><E107/><V32/><F32/><W34/><G34/><T99/><D103/><U106/><E31/><V37/><F37/><W46/><G46/><T117/><D125/><U86/><REACH who="1" step="1"/><E106/><REACH who="1" ten="284,194,72,440" step="2"/><V57/><F89/><AGARI ba="0,1" hai="1,5,11,15,17,21,52,54,81,86,89,91,94,96" machi="89" ten="30,8000,1" yaku="1,1,2,1,7,1,52,1,54,1,53,0" doraHai="33" doraHaiUra="121" who="1" fromWho="2" sc="284,0,194,90,72,-80,440,0" owari="284,8.0,284,-12.0,-8,-51.0,440,55.0" /></mjloggm>