<mjloggm ver="2.3"><GO type="185" lobby="0"/><UN n0="%E5%A4%9A%E6%9E%97%E6%99%8B" n1="%E3%83%86%E3%82%A4%E3%83%A9%E3%83%BC%E3%83%92%E3%83%AB" n2="%6E%69%6B%6F%6C%75%30%33" n3="" dan="16,16,17,0" rate="2208.94,2191.94,2279.16,1500.00" sx="M,F,M,C"/><TAIKYOKU oya="0"/><INIT seed="0,0,0,2,0,35" ten="350,350,350,0" oya="0" hai0="105,70,38,131,62,67,100,66,71,132,2,57,121" hai1="63,56,82,45,77,58,72,74,79,112,55,101,44" hai2="34,33,81,119,90,106,94,91,122,59,104,133,43" hai3=""/><T88/><N who="0" m="31008" /><T53/><D132/><U117/><E117/><V116/><N who="2" m="31264" /><V68/><F68/><T64/><D131/><U103/><E112/><V124/><F133/><T32/><D32/><N who="2" m="12394" /><F43/><T41/><D2/><U102/><E56/><V36/><F59/><T99/><REACH who="0" step="1"/><D88/><REACH who="0" ten="340,350,350,0" step="2"/><U47/><REACH who="1" step="1"/><E79/><REACH who="1" ten="340,340,350,0" step="2"/><V130/><F130/><T69/><D69/><U129/><E129/><V125/><F119/><T52/><D52/><U76/><E76/><V128/><F116/><T95/><D95/><U39/><E39/><V46/><F128/><T60/><D60/><U48/><E48/><V120/><N who="2" m="30752" /><V113/><F94/><T114/><D114/><U108/><E108/><V92/><F113/><T96/><D96/><U42/><E42/><V118/><F118/><T3/><D3/><U84/><AGARI ba="0,2" hai="44,45,47,55,58,63,72,74,77,82,84,101,102,103" machi="84" ten="30,3000,0" yaku="1,1,0,1,53,1" doraHai="35" doraHaiUra="54" who="1" fromWho="1" sc="340,-20,340,50,350,-10,0,0" /><INIT seed="1,0,0,3,0,1" ten="320,390,340,0" oya="1" hai0="32,106,75,57,41,125,96,70,85,114,121,48,135" hai1="52,128,51,123,105,129,94,120,80,49,100,66,113" hai2="134,89,112,77,111,33,43,127,68,58,81,42,104" hai3=""/><U118/><N who="1" m="30752" /><U82/><N who="1" m="31520" /><U60/><E118/><V92/><F68/><T74/><N who="0" m="31008" /><T37/><D114/><U84/><E113/><V63/><F112/><T78/><D70/><U97/><E51/><V102/><F127/><T35/><D125/><U86/><E105/><V87/><F111/><T56/><D135/><U93/><E93/><V79/><F79/><T47/><D85/><U39/><E39/><V99/><F33/><T53/><D56/><U115/><E115/><V124/><F134/><T131/><D131/><N who="1" m="50251" /><E84/><V95/><F124/><T45/><D75/><U133/><E133/><V40/><F104/><T62/><D106/><U83/><E86/><V119/><F119/><T122/><N who="0" m="31264" /><T55/><REACH who="0" step="1"/><D96/><REACH who="0" ten="310,390,340,0" step="2"/><U38/><E38/><V0/><F99/><T61/><D61/><U76/><E76/><V101/><F77/><T117/><D117/><U132/><E132/><V54/><F87/><T88/><D88/><U109/><E109/><V73/><F89/><T34/><D34/><U3/><E60/><V90/><F90/><T108/><D108/><U44/><E3/><V126/><F0/><T71/><D71/><U69/><E69/><V36/><F126/><T103/><D103/><U130/><E130/><RYUUKYOKU ba="0,1" sc="310,10,390,10,340,-20,0,0" hai0="32,35,37,41,45,47,48,53,55,57,62,74,78" hai1="44,49,52,66,80,82,83,94,97,100" /><INIT seed="1,1,1,3,1,105" ten="320,400,320,0" oya="1" hai0="82,111,88,84,116,37,120,58,131,33,98,89,45" hai1="97,103,132,112,2,87,92,48,69,73,124,113,121" hai2="59,122,66,128,1,47,96,86,91,68,93,81,134" hai3=""/><U41/><N who="1" m="31008" /><U50/><E2/><V75/><N who="2" m="31264" /><V106/><F1/><T51/><N who="0" m="30752" /><T108/><D33/><U0/><E0/><V127/><F127/><T123/><N who="0" m="31520" /><T102/><D116/><U99/><E69/><V101/><F128/><T74/><D131/><U39/><E124/><V72/><F134/><T100/><D37/><U36/><E87/><V64/><F68/><T77/><D58/><U53/><E132/><V126/><F126/><T40/><D89/><U125/><E125/><V3/><F3/><T119/><D119/><U67/><E67/><V54/><F47/><T61/><D61/><U80/><E80/><V78/><F75/><T44/><D45/><U62/><E62/><AGARI ba="1,1" hai="54,59,62,64,66,72,78,81,86,91,93,96,101,106" m="31264" machi="62" ten="30,8000,1" yaku="7,1,24,2,52,2" doraHai="105" who="2" fromWho="1" sc="320,0,400,-82,320,92,0,0" /><INIT seed="2,0,0,0,1,127" ten="320,318,412,0" oya="2" hai0="116,88,32,0,74,42,113,93,73,111,67,54,129" hai1="84,60,118,114,80,85,64,55,100,99,47,117,69" hai2="109,66,53,134,39,107,76,108,72,115,128,70,126" hai3=""/><V90/><RYUUKYOKU type="yao9" ba="0,0" sc="320,0,318,0,412,0,0,0" hai2="39,53,66,70,72,76,90,107,108,109,115,126,128,134" /><INIT seed="2,1,0,3,1,89" ten="320,318,412,0" oya="2" hai0="132,94,75,79,112,37,78,127,55,129,102,50,38" hai1="53,120,124,77,33,39,103,116,46,114,69,66,126" hai2="90,70,41,123,32,101,72,121,45,134,63,0,73" hai3=""/><V95/><N who="2" m="31008" /><V74/><N who="2" m="31520" /><V35/><F0/><T47/><D129/><U125/><N who="1" m="30752" /><U1/><E1/><V131/><F131/><T60/><D132/><U128/><E33/><V49/><F101/><T54/><D127/><U108/><E128/><V118/><F118/><T76/><D112/><U91/><E114/><V68/><F134/><T42/><D75/><U80/><E116/><V62/><F70/><T104/><D104/><U58/><E108/><V115/><F115/><T110/><D110/><U87/><E103/><V119/><F119/><T133/><D133/><U67/><E69/><V71/><F71/><T98/><REACH who="0" step="1"/><D60/><REACH who="0" ten="310,318,412,0" step="2"/><U86/><E124/><V88/><F32/><T130/><D130/><U93/><E125/><V97/><F35/><T61/><D61/><U56/><E126/><V34/><F34/><T109/><D109/><U106/><E106/><V52/><F68/><T44/><D44/><U43/><REACH who="1" step="1"/><E56/><REACH who="1" ten="310,308,412,0" step="2"/><V100/><F63/><AGARI ba="1,2" hai="39,43,46,53,58,63,66,67,77,80,86,87,91,93" m="30752" machi="63" ten="30,8000,1" yaku="1,1,2,1,7,1,52,2,53,0" doraHai="89" doraHaiUra="113" who="1" fromWho="2" sc="310,0,308,102,412,-82,0,0" /><INIT seed="4,0,0,2,1,115" ten="310,410,330,0" oya="0" hai0="77,47,63,91,71,75,67,69,34,122,79,114,129" hai1="120,61,105,58,52,97,132,65,135,68,41,131,117" hai2="81,60,40,42,86,38,124,112,35,3,83,106,90" hai3=""/><T118/><N who="0" m="31264" /><T134/><D34/><U57/><N who="1" m="30752" /><U0/><E0/><V96/><F35/><T74/><D114/><U93/><E105/><V102/><F112/><T62/><D134/><N who="1" m="51243" /><E131/><V37/><F3/><T111/><D129/><U76/><E76/><V104/><F106/><T128/><D128/><U1/><E1/><V50/><F124/><T89/><D47/><U45/><E117/><V51/><F60/><T32/><D32/><U82/><E82/><V98/><F104/><T87/><D111/><U56/><E93/><V103/><F86/><T72/><D118/><U88/><E97/><V110/><REACH who="2" step="1"/><F90/><REACH who="2" ten="310,410,320,0" step="2"/><T121/><N who="0" m="31008" /><T100/><D100/><U109/><E88/><V127/><F127/><T78/><D87/><U113/><E113/><V44/><F44/><T59/><REACH who="0" step="1"/><D69/><REACH who="0" ten="300,410,320,0" step="2"/><U33/><E109/><AGARI ba="0,2" hai="37,38,40,42,50,51,81,83,96,98,102,103,109,110" machi="109" ten="25,3200,0" yaku="1,1,22,2,53,0" doraHai="115" doraHaiUra="64" who="2" fromWho="1" sc="300,0,410,-32,320,52,0,0" /><INIT seed="5,0,0,3,3,78" ten="300,378,372,0" oya="1" hai0="1,74,100,102,38,122,61,48,84,92,62,117,132" hai1="104,50,105,67,77,64,123,97,51,58,114,76,63" hai2="36,99,57,82,72,89,71,90,88,128,95,49,44" hai3=""/><U75/><N who="1" m="31520" /><U131/><E131/><V54/><F71/><T87/><N who="0" m="31264" /><T65/><D1/><U59/><E97/><V66/><F128/><T124/><D38/><U98/><E98/><V116/><F116/><T45/><D117/><U60/><REACH who="1" step="1"/><E75/><REACH who="1" ten="300,368,372,0" step="2"/><V130/><F130/><T91/><D74/><U32/><E32/><V108/><F72/><T3/><D3/><U113/><AGARI ba="0,1" hai="50,51,58,59,60,63,64,67,76,77,104,105,113,114" m="31520" machi="113" ten="25,12000,2" yaku="1,1,0,1,22,2,52,1,53,2" doraHai="78" doraHaiUra="103" who="1" fromWho="1" sc="300,-60,368,130,372,-60,0,0" /><INIT seed="5,1,0,3,1,57" ten="240,498,312,0" oya="1" hai0="80,106,89,90,70,135,97,53,60,39,111,115,76" hai1="69,84,41,102,91,104,37,94,118,117,34,43,119" hai2="110,124,33,129,46,72,107,101,113,108,99,81,52" hai3=""/><U68/><E34/><V61/><F33/><T48/><D111/><U96/><REACH who="1" step="1"/><E37/><REACH who="1" ten="240,488,312,0" step="2"/><V95/><F110/><T47/><D39/><U63/><E63/><V54/><F108/><T38/><D38/><U105/><E105/><V131/><F107/><T123/><N who="0" m="31520" /><T59/><D135/><U2/><E2/><V64/><F131/><T121/><N who="0" m="31008" /><T42/><D115/><U73/><E73/><V114/><F129/><T126/><D126/><U67/><E67/><V125/><F124/><T32/><D32/><U134/><E134/><V55/><F125/><T58/><D70/><AGARI ba="1,1" hai="41,43,68,69,70,84,91,94,96,102,104,117,118,119" machi="70" ten="50,4800,0" yaku="1,1,53,1" doraHai="57" doraHaiUra="98" who="1" fromWho="0" sc="240,-50,488,60,312,0,0,0" /><INIT seed="5,2,0,5,0,47" ten="190,548,312,0" oya="1" hai0="63,34,135,58,43,104,45,105,120,94,64,114,123" hai1="119,50,79,90,95,84,70,111,41,129,86,130,42" hai2="37,121,38,85,66,102,91,78,67,46,115,131,52" hai3=""/><U96/><E70/><V113/><N who="2" m="31008" /><V116/><F116/><T89/><N who="0" m="30752" /><T53/><N who="0" m="31520" /><T92/><D34/><U88/><E119/><V39/><F78/><T109/><D109/><U99/><E79/><V0/><F0/><T71/><D135/><U128/><E111/><V74/><F74/><T107/><D89/><U36/><E36/><V77/><F77/><T134/><D134/><U98/><E50/><V110/><F102/><T33/><D33/><U57/><E57/><V35/><F35/><T44/><D114/><N who="2" m="43530" /><F131/><T118/><D118/><U69/><E69/><V108/><F108/><T61/><D43/><U56/><E56/><V68/><F68/><T49/><D61/><U59/><E59/><V82/><F110/><T80/><D80/><AGARI ba="2,0" hai="41,42,80,84,86,88,90,95,96,98,99,128,129,130" machi="80" ten="50,4800,0" yaku="19,1,54,1" doraHai="47" who="1" fromWho="0" sc="190,-52,548,52,312,0,0,0" /><INIT seed="5,3,0,4,5,96" ten="138,600,312,0" oya="1" hai0="58,132,82,35,89,65,56,43,33,60,39,87,129" hai1="68,41,127,2,40,117,114,47,50,126,44,64,73" hai2="100,90,61,88,36,121,34,81,85,115,107,124,92" hai3=""/><U48/><E2/><V69/><N who="2" m="31008" /><V79/><F34/><T111/><D111/><U122/><N who="1" m="31264" /><U3/><E3/><V104/><F36/><T0/><D0/><U62/><E73/><V118/><F118/><T77/><D132/><U51/><E117/><V80/><F124/><N who="1" m="47657" /><E114/><V38/><F38/><AGARI ba="3,0" hai="38,40,41,44,47,48,50,51,62,64,68" m="47657,31264" machi="38" ten="30,11600,0" yaku="18,1,34,2,52,1" doraHai="96" who="1" fromWho="2" sc="138,0,600,122,312,-122,0,0" /><INIT seed="5,4,0,1,5,99" ten="138,722,190,0" oya="1" hai0="36,84,119,104,62,39,98,92,2,118,32,128,37" hai1="46,76,35,83,57,112,69,85,48,68,86,121,123" hai2="122,132,106,103,65,131,88,79,111,124,108,71,120" hai3=""/><U82/><N who="1" m="31008" /><U44/><N who="1" m="31520" /><U135/><E35/><V41/><N who="2" m="30752" /><V134/><N who="2" m="31264" /><V78/><F41/><T55/><D32/><U50/><E135/><N who="2" m="51755" /><F65/><T59/><D2/><U38/><E57/><V60/><F60/><T66/><D128/><U64/><E64/><V127/><F71/><T129/><D129/><U115/><REACH who="1" step="1"/><E76/><REACH who="1" ten="138,712,190,0" step="2"/><N who="2" m="29227" /><F131/><T107/><D66/><U95/><E95/><V72/><F111/><T34/><D34/><U102/><E102/><V67/><F108/><T101/><D107/><U89/><E89/><V70/><F67/><T96/><REACH who="0" step="1"/><D84/><REACH who="0" ten="128,712,190,0" step="2"/><U114/><E114/><V110/><F106/><T33/><D33/><U125/><E125/><V56/><F127/><T116/><D116/><U52/><E52/><V80/><F124/><T53/><D53/><U74/><E74/><V49/><F72/><T87/><D87/><U45/><E45/><V43/><F110/><T73/><D73/><U77/><E77/><V1/><F1/><T93/><D93/><U94/><E94/><V126/><F126/><T117/><D117/><U81/><E81/><V51/><F80/><T54/><D54/><U75/><E75/><V113/><F113/><T61/><D61/><U40/><E40/><V42/><F43/><RYUUKYOKU ba="4,2" sc="128,10,712,10,190,-20,0,0" hai0="36,37,39,55,59,62,92,96,98,101,104,118,119" hai1="38,44,46,48,50,68,69,82,83,85,86,112,115" /><INIT seed="5,5,2,0,5,92" ten="138,722,170,0" oya="1" hai0="86,125,67,57,100,78,52,113,70,115,91,93,116" hai1="49,108,95,114,79,0,54,38,102,103,132,98,36" hai2="48,46,72,94,42,129,112,75,61,101,110,117,37" hai3=""/><U35/><E0/><V39/><F117/><T81/><D116/><U122/><N who="1" m="31264" /><U41/><E35/><V131/><F110/><T69/><D125/><U118/><E108/><V121/><N who="2" m="31008" /><V1/><F1/><T82/><D100/><U59/><E118/><V76/><F112/><N who="0" m="43082" /><D67/><U133/><E114/><V65/><F101/><T43/><D43/><U60/><E79/><V96/><F76/><T33/><D81/><U88/><E103/><V83/><F83/><T64/><D64/><U32/><E32/><V62/><F37/><T89/><D89/><U105/><E60/><V44/><F62/><T55/><D33/><U128/><E128/><N who="2" m="49227" /><F61/><T135/><D78/><U74/><E74/><V47/><F65/><T66/><D66/><U58/><E58/><V127/><F127/><T124/><D57/><U123/><N who="1" m="31520" /><U87/><REACH who="1" step="1"/><E41/><REACH who="1" ten="138,712,170,0" step="2"/><V126/><F126/><T53/><D124/><U40/><E40/><V134/><F75/><T2/><D2/><U71/><E71/><V68/><F68/><T45/><D69/><U77/><E77/><V120/><N who="2" m="30752" /><V63/><F72/><T80/><D70/><U109/><E109/><V56/><F56/><T99/><D45/><U3/><E3/><V104/><F47/><RYUUKYOKU ba="5,3" sc="138,-10,712,20,170,-10,0,0" hai1="36,38,49,54,59,87,88,95,98,102,105,132,133" /><INIT seed="5,6,3,2,3,79" ten="128,732,160,0" oya="1" hai0="43,132,32,48,37,105,116,68,87,54,134,131,90" hai1="58,81,3,85,97,106,95,122,33,124,35,118,103" hai2="80,63,39,47,59,70,102,92,64,123,107,114,67" hai3=""/><U110/><N who="1" m="31264" /><U125/><E3/><V56/><N who="2" m="31520" /><V128/><F128/><T46/><D32/><U130/><E118/><V73/><F114/><T36/><D116/><U126/><E130/><V99/><F107/><T49/><D105/><U96/><E58/><V53/><F67/><T109/><D68/><U100/><REACH who="1" step="1"/><E110/><REACH who="1" ten="128,722,160,0" step="2"/><V69/><F59/><T120/><N who="0" m="30752" /><T62/><D109/><U50/><E50/><V91/><F69/><T1/><D131/><U127/><N who="1" m="32256" /><DORA hai="77" /><U84/><E84/><V57/><F56/><T129/><D1/><U98/><E98/><V93/><F99/><T42/><D129/><U83/><E83/><V82/><F80/><T52/><D87/><U61/><E61/><V94/><F63/><T75/><D62/><U76/><AGARI ba="6,4" hai="33,35,76,81,85,95,96,97,100,103,106" m="32256,31264" machi="76" ten="60,12000,2" yaku="1,1,0,1,18,1,52,3,53,1" doraHai="79,77" doraHaiUra="45,74" who="1" fromWho="1" sc="128,-66,722,172,160,-66,0,0" /><INIT seed="5,7,0,2,1,122" ten="62,894,94,0" oya="1" hai0="49,3,83,134,63,113,124,98,126,90,85,81,45" hai1="34,108,109,86,74,75,0,111,103,36,107,1,91" hai2="71,99,54,42,41,2,32,60,120,93,119,62,77" hai3=""/><U127/><E34/><V55/><N who="2" m="30752" /><V46/><F32/><T48/><D3/><N who="1" m="1099" /><E127/><N who="0" m="48681" /><D113/><U112/><E112/><V131/><F2/><T115/><D115/><U39/><E103/><V43/><F119/><T76/><D134/><U89/><E107/><V79/><F131/><T135/><D135/><U69/><E69/><V110/><F71/><T53/><D98/><U97/><E97/><V130/><F130/><T132/><D132/><U102/><E102/><V64/><F42/><T94/><D76/><U92/><E89/><V47/><F99/><T73/><D73/><AGARI ba="7,0" hai="36,39,73,74,75,86,91,92,108,109,111" m="1099" machi="73" ten="40,12000,1" yaku="10,1,52,3" doraHai="122" who="1" fromWho="0" sc="62,-134,894,134,94,0,0,0" owari="-72,-67.0,1028,98.0,94,-31.0,0,0.0" /></mjloggm>