<mjloggm ver="2.3"><GO type="169" lobby="0"/><UN n0="%E3%82%B9%E3%83%8A%E3%83%83%E3%82%AF%E7%9E%B3" n1="%E8%A5%BF%E5%B2%A1%E8%82%B2%E6%9C%AA%E2%99%AA" n2="%67%61%70%61%6F" n3="%E4%BB%8A%E6%97%A5%E4%B8%80" dan="16,16,16,16" rate="2123.93,2113.88,2111.84,2064.23" sx="M,F,M,F"/><TAIKYOKU oya="0"/><BYE who="3" /><UN n3="%E4%BB%8A%E6%97%A5%E4%B8%80" /><INIT seed="0,0,0,4,5,45" ten="250,250,250,250" oya="0" hai0="68,86,131,33,72,59,74,127,122,55,102,57,58" hai1="80,65,28,52,25,10,79,69,106,98,67,125,92" hai2="43,47,51,13,75,18,126,14,49,134,36,108,76" hai3="27,0,84,119,113,81,32,64,54,130,93,41,31"/><T114/><D122/><U19/><E106/><V15/><F108/><W60/><G119/><T12/><D68/><U38/><E38/><V83/><F134/><W71/><G113/><T116/><D114/><U89/><E125/><V2/><F2/><W78/><G130/><T88/><D116/><U120/><E120/><V30/><F126/><W16/><G0/><T115/><D127/><U103/><E69/><V73/><F73/><W29/><G41/><T104/><D33/><U35/><E103/><V101/><F30/><W22/><G32/><T3/><D3/><U8/><E8/><V24/><REACH who="2" step="1"/><F101/><REACH who="2" ten="250,250,240,250" step="2"/><W56/><REACH who="3" step="1"/><G93/><REACH who="3" ten="250,250,240,240" step="2"/><N who="0" m="54423" /><D115/><U9/><E92/><V66/><F66/><W110/><G110/><T63/><D131/><U53/><E67/><V5/><F5/><W123/><G123/><T44/><D104/><U82/><E65/><V17/><F17/><W26/><G26/><T112/><D112/><U1/><E19/><V77/><F77/><W129/><G129/><T91/><D74/><U107/><E79/><V11/><F11/><W20/><G20/><AGARI ba="0,2" hai="13,14,15,18,20,24,36,43,47,49,51,75,76,83" machi="20" ten="40,5200,0" yaku="1,1,52,2,53,0" doraHai="45" doraHaiUra="4" who="2" fromWho="3" sc="250,0,250,0,240,72,240,-52" /><INIT seed="1,0,0,4,5,64" ten="250,250,312,188" oya="1" hai0="14,42,113,47,77,83,119,27,80,107,55,24,103" hai1="110,70,49,26,105,129,21,37,92,106,48,85,18" hai2="72,111,23,127,99,2,94,10,20,4,22,59,44" hai3="63,133,5,115,130,43,121,54,8,81,68,39,62"/><U31/><E37/><V33/><F111/><W30/><G121/><T58/><D113/><U50/><E129/><V84/><F127/><W6/><G115/><T9/><D119/><U52/><E110/><V95/><F72/><W34/><G133/><T11/><D11/><U60/><E105/><V40/><F33/><W57/><G130/><T3/><D3/><U134/><E106/><V135/><F135/><W0/><G5/><T114/><D83/><U108/><E108/><V36/><F84/><W89/><G30/><T122/><D103/><U69/><E134/><V104/><F59/><W125/><G34/><T101/><D101/><U71/><E60/><V88/><F104/><W79/><G89/><T28/><D28/><U132/><E132/><V16/><REACH who="2" step="1"/><F94/><REACH who="2" ten="250,250,302,188" step="2"/><W61/><G125/><T120/><D107/><U67/><E67/><V66/><F66/><W131/><G131/><T100/><D114/><U56/><E92/><V75/><F75/><N who="3" m="43263" /><G68/><T19/><D120/><U124/><E124/><V82/><F82/><W91/><G57/><T29/><D58/><U98/><E98/><V109/><F109/><W76/><G61/><T123/><D80/><U93/><E93/><V117/><F117/><W126/><G63/><T97/><D97/><U112/><E112/><V78/><F78/><W35/><G76/><T74/><D77/><U13/><REACH who="1" step="1"/><E85/><REACH who="1" ten="250,240,302,188" step="2"/><V128/><F128/><W65/><G35/><AGARI ba="0,2" hai="13,18,21,26,31,35,48,49,50,52,56,69,70,71" machi="35" ten="40,18000,2" yaku="1,1,2,1,52,3,54,1,53,1" doraHai="64" doraHaiUra="51" who="1" fromWho="3" sc="250,0,240,200,302,0,188,-180" /><INIT seed="1,1,0,1,4,59" ten="250,440,302,8" oya="1" hai0="32,49,108,62,54,15,65,107,25,121,16,69,123" hai1="91,98,56,63,103,95,124,114,36,118,83,78,79" hai2="86,132,135,55,6,96,48,88,99,129,113,12,131" hai3="18,47,58,105,44,134,34,66,46,2,115,45,90"/><U20/><E114/><V39/><F39/><W93/><N who="3" m="11776" /><DORA hai="27" /><W8/><G105/><T76/><D108/><U71/><E118/><V30/><F48/><W82/><G115/><T112/><D112/><U120/><E120/><N who="0" m="46153" /><D107/><U100/><E71/><V14/><F55/><W22/><G34/><T50/><D76/><N who="1" m="29227" /><E36/><V53/><F53/><W31/><G2/><T57/><D49/><U102/><E124/><V26/><F113/><W40/><G134/><N who="2" m="51241" /><F99/><N who="3" m="57783" /><G40/><T74/><D74/><U70/><E20/><N who="2" m="15687" /><F96/><W10/><G82/><T85/><D85/><N who="1" m="50623" /><E70/><V33/><F33/><W41/><G31/><N who="0" m="19567" /><D69/><U60/><E56/><V87/><F87/><W84/><G84/><T125/><D125/><U122/><E122/><V37/><F37/><W109/><G109/><T51/><D54/><U7/><E7/><V75/><F75/><W3/><G3/><T72/><D72/><U127/><E127/><V81/><F6/><W29/><G41/><T77/><D77/><U24/><E24/><V64/><F64/><W94/><G94/><T43/><D43/><U23/><E23/><AGARI ba="1,0" hai="15,16,23,50,51,57,62,65" m="19567,46153" machi="23" ten="30,7700,0" yaku="13,1,52,2,54,1" doraHai="59,27" who="0" fromWho="1" sc="250,80,440,-80,302,0,8,0" /><INIT seed="2,0,0,3,0,59" ten="330,360,302,8" oya="2" hai0="27,120,19,122,35,42,54,88,130,47,15,99,106" hai1="72,39,85,64,18,77,11,13,46,57,3,121,73" hai2="20,124,100,25,115,134,82,51,62,21,103,119,8" hai3="105,56,26,126,14,49,97,123,107,81,135,32,52"/><V33/><F119/><W113/><G123/><T101/><D130/><U109/><E3/><V44/><F115/><W86/><G113/><T110/><D110/><U58/><E39/><V104/><F134/><W17/><G126/><T1/><D1/><U116/><E116/><V78/><F124/><W98/><G135/><T94/><D54/><U50/><E73/><V71/><F8/><W41/><G41/><T92/><D92/><U70/><E72/><V114/><F114/><W10/><G107/><T67/><D67/><U131/><E70/><V90/><F90/><W43/><G105/><T74/><D74/><U95/><E109/><V61/><F33/><W53/><G43/><T30/><D19/><U128/><E121/><V125/><F20/><N who="3" m="13583" /><G53/><T28/><D15/><U87/><E95/><V45/><F71/><W112/><G32/><T7/><D30/><U83/><E87/><N who="2" m="48599" /><F104/><W16/><G112/><T93/><D7/><U55/><E64/><V65/><F65/><W111/><G111/><T37/><REACH who="0" step="1"/><D106/><REACH who="0" ten="320,360,302,8" step="2"/><U12/><E13/><V40/><F125/><W79/><AGARI ba="0,1" hai="10,14,16,49,52,56,79,81,86,97,98" m="13583" machi="79" ten="30,4000,0" yaku="8,1,54,2" doraHai="59" who="3" fromWho="3" sc="320,-10,360,-10,302,-20,8,50" /><INIT seed="3,0,0,0,2,61" ten="310,350,282,58" oya="3" hai0="125,106,96,36,88,53,35,12,43,52,120,11,63" hai1="21,54,34,32,50,9,89,82,16,80,121,110,127" hai2="15,41,40,22,84,46,58,47,93,49,102,124,81" hai3="114,70,42,55,68,113,3,83,97,115,30,5,111"/><W122/><G122/><T74/><D120/><U29/><E110/><V65/><F124/><W116/><G116/><T38/><D35/><U77/><E127/><V104/><F104/><W33/><G42/><T87/><D74/><U6/><E121/><V69/><F69/><W94/><G111/><T4/><D125/><U27/><E89/><V66/><F58/><W31/><G83/><T108/><D108/><U117/><E117/><V20/><F102/><W107/><G107/><T95/><D43/><U105/><E105/><V130/><F93/><W60/><G5/><T126/><D126/><U72/><E82/><V79/><F130/><W73/><G3/><T62/><D38/><U86/><E72/><V64/><REACH who="2" step="1"/><F15/><REACH who="2" ten="310,350,272,58" step="2"/><W76/><G70/><T128/><D106/><U67/><E67/><V14/><F14/><W75/><G68/><T2/><D2/><U90/><E77/><V37/><AGARI ba="0,1" hai="20,22,37,40,41,46,47,49,64,65,66,79,81,84" machi="37" ten="30,8000,1" yaku="1,1,0,1,52,3,53,0" doraHai="61" doraHaiUra="98" who="2" fromWho="2" sc="310,-20,350,-20,272,90,58,-40" /><INIT seed="4,0,0,2,4,74" ten="290,330,362,18" oya="0" hai0="10,28,80,36,45,46,41,82,19,18,67,2,128" hai1="22,58,123,50,65,70,16,49,11,122,72,81,119" hai2="106,13,104,30,1,125,73,76,14,15,87,42,121" hai3="133,109,37,29,47,115,6,43,97,131,134,56,40"/><T5/><D128/><U127/><E119/><V129/><F121/><W100/><G29/><T61/><D28/><U64/><E127/><V135/><F125/><W7/><G109/><T112/><D112/><U85/><E72/><V26/><F1/><W59/><G115/><T107/><D107/><U53/><E70/><V75/><F129/><W83/><G131/><T79/><D46/><U86/><E122/><V90/><F75/><W0/><G43/><T44/><D45/><U77/><E123/><V120/><F42/><W57/><G83/><T98/><D98/><U62/><E11/><V96/><F120/><W35/><G35/><T55/><D55/><U27/><E86/><V21/><F135/><N who="3" m="51723" /><G0/><T92/><D92/><AGARI ba="0,0" hai="6,7,37,40,47,56,57,59,92,97,100" m="51723" machi="92" ten="30,1000,0" yaku="20,1" doraHai="74" who="3" fromWho="0" sc="290,-10,330,0,362,0,18,10" /><INIT seed="5,0,0,3,5,89" ten="280,330,362,28" oya="1" hai0="108,123,86,26,80,73,131,7,128,113,64,127,56" hai1="82,129,53,47,118,96,50,83,70,125,126,4,59" hai2="27,46,42,10,35,85,97,36,74,109,41,110,12" hai3="65,30,5,54,2,8,95,52,112,1,32,92,44"/><U45/><E118/><V29/><F74/><W75/><G75/><T78/><D7/><U66/><E4/><V48/><F42/><W49/><G112/><T57/><D57/><U130/><E83/><V99/><F36/><W40/><G2/><T84/><D26/><U69/><E82/><V14/><F14/><W43/><G65/><T94/><D64/><U134/><E96/><V22/><F35/><W63/><G30/><T116/><D56/><U6/><E6/><N who="2" m="3159" /><F110/><W58/><G32/><T13/><D13/><U79/><E79/><V62/><F109/><W87/><G87/><N who="0" m="33323" /><D108/><U135/><E59/><V15/><F85/><W28/><G28/><T9/><D9/><U24/><E24/><V122/><F122/><W51/><REACH who="3" step="1"/><G40/><REACH who="3" ten="280,330,362,18" step="2"/><T37/><D123/><U3/><E3/><V121/><F121/><W20/><G20/><T93/><D116/><U98/><E98/><V132/><F99/><W91/><G91/><T60/><D113/><U17/><E66/><V124/><F97/><W115/><G115/><T117/><D117/><U39/><E69/><V25/><F29/><W68/><G68/><T19/><D73/><U119/><E70/><V90/><F22/><W72/><G72/><T0/><D0/><U61/><E119/><V18/><F90/><W67/><G67/><T88/><D88/><U100/><E134/><V16/><F132/><W102/><G102/><T105/><D80/><U133/><E133/><V23/><F23/><W106/><G106/><T101/><D105/><U31/><E135/><V21/><F21/><W11/><G11/><T38/><D101/><RYUUKYOKU ba="0,1" sc="280,-10,330,-10,362,-10,18,30" hai3="1,5,8,43,44,49,51,52,54,58,63,92,95" /><INIT seed="6,1,1,3,3,108" ten="270,320,352,48" oya="2" hai0="10,44,105,19,112,101,116,126,33,83,70,61,67" hai1="45,73,32,97,78,103,4,114,71,12,54,23,39" hai2="26,7,96,128,47,20,115,104,38,25,15,34,131" hai3="56,37,65,59,14,107,41,64,2,18,16,109,0"/><V22/><F38/><W36/><G41/><T77/><D116/><U1/><E32/><V13/><F47/><W119/><G107/><T11/><D126/><U87/><E71/><V42/><F42/><W40/><G40/><T110/><D110/><U120/><E73/><V48/><F48/><W82/><G109/><T124/><D44/><U130/><E1/><V93/><F104/><W50/><G50/><T85/><D124/><U99/><E39/><V134/><F134/><W95/><G95/><T68/><D68/><U127/><E127/><V121/><F121/><W125/><G125/><T62/><D62/><U88/><E130/><V118/><F118/><W79/><G79/><T28/><D19/><N who="1" m="10727" /><E103/><V46/><F46/><W35/><G14/><N who="2" m="5129" /><F34/><W66/><G35/><T111/><D111/><U17/><E4/><V9/><F93/><W135/><G66/><T31/><D11/><U106/><E106/><V57/><F57/><W53/><G119/><T94/><D10/><U90/><E54/><V76/><F76/><W58/><G58/><T3/><D3/><U84/><E78/><V72/><F72/><W49/><G49/><T8/><D8/><U123/><E45/><V89/><F89/><W81/><REACH who="3" step="1"/><G53/><REACH who="3" ten="270,320,352,38" step="2"/><T133/><D33/><U63/><E123/><V86/><F131/><W100/><G100/><T51/><D105/><U80/><E120/><V43/><F43/><W52/><G52/><T113/><D51/><U91/><E91/><V98/><F128/><W60/><G60/><T117/><D117/><U74/><E63/><V29/><F9/><W122/><G122/><RYUUKYOKU ba="1,2" sc="270,-10,320,-10,352,-10,38,30" hai3="0,2,16,18,36,37,56,59,64,65,81,82,135" /><INIT seed="7,2,2,4,1,58" ten="260,310,342,68" oya="3" hai0="119,23,18,26,120,46,97,110,74,68,130,84,16" hai1="5,73,77,31,104,20,121,49,133,53,95,87,85" hai2="107,100,129,93,116,111,30,13,28,131,59,83,112" hai3="71,78,57,0,50,37,55,35,114,24,43,80,108"/><W75/><G114/><T33/><D74/><U99/><E104/><V70/><F70/><W40/><G108/><T9/><D120/><U12/><E73/><V127/><F116/><W25/><G0/><T17/><D119/><U109/><E133/><V47/><F111/><W98/><G71/><T102/><D33/><U76/><E121/><V2/><F2/><W72/><G72/><T124/><D110/><U106/><E106/><V62/><F107/><W86/><G75/><T113/><D113/><U126/><E126/><V118/><F118/><W52/><G37/><T34/><D34/><U44/><E109/><V69/><F69/><W90/><G55/><T10/><D124/><U66/><E66/><V101/><F112/><W56/><G56/><T82/><D46/><U123/><E123/><V48/><F13/><W7/><G7/><T122/><D68/><U38/><E38/><V88/><F83/><W14/><G14/><T15/><D130/><N who="2" m="49674" /><F101/><W22/><G35/><T27/><D122/><U29/><E5/><V42/><F100/><W103/><G78/><N who="1" m="30314" /><E12/><V60/><F127/><W79/><G79/><N who="0" m="46175" /><D10/><U1/><E1/><V134/><F134/><W105/><REACH who="3" step="1"/><G25/><REACH who="3" ten="260,310,342,58" step="2"/><T6/><D26/><U81/><E53/><V54/><F59/><W41/><G41/><T96/><D27/><U115/><E115/><V61/><F54/><W36/><G36/><T3/><D3/><U91/><E44/><V51/><F47/><W39/><G39/><T89/><D23/><U92/><E20/><V67/><F42/><W45/><G45/><T125/><D125/><U117/><E117/><RYUUKYOKU ba="2,3" sc="260,-10,310,-10,342,-10,58,30" hai3="22,24,40,43,50,52,57,80,86,90,98,103,105" /><INIT seed="7,3,3,5,5,113" ten="250,300,332,88" oya="3" hai0="129,69,42,63,76,59,92,64,62,17,100,0,43" hai1="86,56,30,34,114,82,107,3,73,14,23,6,28" hai2="112,125,55,4,122,78,2,67,83,108,20,40,111" hai3="61,79,121,16,53,99,109,33,77,60,31,45,116"/><W19/><G121/><T51/><D0/><U97/><E73/><N who="2" m="43471" /><F55/><W131/><G131/><T91/><D129/><U21/><E34/><V105/><F20/><N who="1" m="7753" /><E3/><V8/><F112/><W7/><G7/><T132/><D132/><U66/><E107/><V90/><F90/><W70/><G109/><T123/><D123/><U80/><E97/><V35/><F122/><W25/><G116/><T74/><D100/><U38/><E38/><V88/><F88/><W27/><G99/><T57/><D17/><N who="3" m="6729" /><G33/><T26/><D26/><N who="3" m="9737" /><G70/><T18/><D18/><U104/><E82/><V120/><F120/><W10/><G10/><T71/><D71/><U29/><E104/><V102/><F35/><W81/><G31/><T130/><D130/><U72/><E72/><V89/><F105/><W48/><G81/><T103/><D69/><U126/><E126/><V128/><F125/><W46/><G46/><T110/><D110/><U68/><E68/><V1/><F128/><W32/><G32/><T106/><D106/><U124/><E124/><V39/><F1/><W5/><G5/><T49/><D74/><U117/><E117/><V127/><F127/><W54/><G54/><N who="0" m="34167" /><D76/><AGARI ba="3,3" hai="45,48,53,60,61,76,77,79" m="9737,6729" machi="76" ten="30,2900,0" yaku="8,1,54,1" doraHai="113" who="3" fromWho="0" sc="250,-38,300,0,332,0,88,68" /><INIT seed="7,4,0,4,1,7" ten="212,300,332,156" oya="3" hai0="50,25,10,59,123,45,21,12,98,63,116,66,93" hai1="103,99,106,87,20,115,2,104,67,102,76,58,70" hai2="81,130,65,24,64,33,86,46,94,5,133,40,74" hai3="53,3,112,109,117,132,62,27,22,88,57,43,128"/><W89/><G117/><T37/><D116/><U114/><E2/><V36/><F130/><W52/><G128/><T9/><D12/><U120/><E70/><V47/><F133/><W55/><G3/><T108/><D37/><U29/><E120/><V16/><F74/><W41/><G132/><T44/><D108/><U77/><E67/><V26/><F5/><W23/><G112/><N who="1" m="43050" /><E58/><V107/><F107/><W92/><G109/><T124/><D124/><U95/><E20/><N who="3" m="7722" /><G27/><T34/><D34/><U35/><E29/><V134/><F134/><W126/><G126/><T31/><D123/><U91/><E35/><V83/><F16/><W19/><G19/><T39/><D45/><U30/><E30/><V96/><F46/><W122/><G122/><T125/><D39/><U15/><E15/><V38/><F38/><W118/><G118/><T8/><D125/><U13/><E13/><V73/><F26/><W119/><G119/><T72/><D72/><U69/><E69/><V28/><F73/><W90/><G92/><T131/><D131/><U101/><E106/><V61/><F83/><W17/><G17/><T127/><D127/><U85/><E104/><V79/><F61/><W48/><G48/><T82/><D82/><U49/><E49/><V18/><F18/><W84/><G84/><AGARI ba="4,0" hai="76,77,84,85,87,91,95,99,101,102,103" m="43050" machi="84" ten="30,3900,0" yaku="15,1,34,2" doraHai="7" who="1" fromWho="3" sc="212,0,300,51,332,0,156,-51" owari="212,-19.0,351,45.0,332,13.0,105,-39.0" /></mjloggm>