<mjloggm ver="2.3"><GO type="169" lobby="0"/><UN n0="%54%4F%52" n1="%E9%87%8E%E4%B8%AD%E6%99%B4" n2="%E3%81%9F%E3%81%8F%E3%81%98%E3%82%8D%E3%81%86" n3="%E3%81%B4%E3%82%8C" dan="16,16,16,16" rate="2157.95,2067.13,2097.09,2104.03" sx="M,F,M,M"/><TAIKYOKU oya="0"/><INIT seed="0,0,0,0,3,102" ten="250,250,250,250" oya="0" hai0="62,79,55,89,3,125,114,133,84,23,100,82,29" hai1="106,105,91,44,39,81,38,19,18,66,77,35,127" hai2="22,65,96,93,87,120,9,70,88,130,74,56,25" hai3="26,101,85,24,122,80,34,110,49,12,7,0,135"/><T33/><D114/><U30/><E91/><V57/><F74/><W6/><G110/><T124/><D33/><U40/><E19/><V41/><F120/><W11/><G101/><T31/><D3/><U134/><E18/><V132/><F132/><W76/><G135/><T48/><D133/><U46/><E134/><V112/><F112/><W128/><G122/><T68/><D100/><U13/><E13/><V52/><F130/><W95/><G128/><T36/><D36/><U72/><E66/><V20/><F41/><W53/><G34/><T111/><D111/><U10/><E10/><V115/><F70/><W51/><G0/><T15/><D15/><U1/><E1/><V5/><F115/><W63/><G7/><T47/><D79/><U98/><E98/><V16/><F22/><W103/><G63/><T129/><D129/><U121/><E121/><V61/><F87/><W126/><G126/><N who="0" m="48747" /><D23/><U37/><E127/><V131/><F131/><W113/><G113/><T118/><D118/><U42/><REACH who="1" step="1"/><E39/><REACH who="1" ten="250,240,250,250" step="2"/><V73/><F73/><W116/><G116/><T75/><D75/><U86/><E86/><V27/><F27/><AGARI ba="0,1" hai="27,30,35,37,38,40,42,44,46,72,77,81,105,106" machi="27" ten="40,16000,3" yaku="1,1,9,1,33,3,52,2,53,2" doraHai="102" doraHaiUra="43" who="1" fromWho="2" sc="250,0,240,170,250,-160,250,0" /><INIT seed="1,0,0,5,1,28" ten="250,410,90,250" oya="1" hai0="31,85,117,69,105,57,102,91,79,119,110,71,62" hai1="111,24,13,81,80,22,53,30,120,127,23,123,49" hai2="97,27,124,17,48,95,10,36,125,118,132,98,40" hai3="68,32,15,89,122,108,41,21,6,94,87,2,72"/><U78/><E127/><V9/><F118/><W76/><G122/><T34/><D79/><U38/><E38/><V131/><F36/><W61/><G108/><T55/><D110/><U92/><E111/><V50/><F131/><W16/><G41/><T109/><D109/><U37/><E37/><V115/><F132/><W82/><G68/><T113/><D113/><U33/><E92/><V64/><F64/><W14/><G61/><T60/><D119/><U43/><E43/><V7/><F115/><W56/><G56/><T93/><D117/><U104/><E104/><V12/><F98/><W25/><REACH who="3" step="1"/><G32/><REACH who="3" ten="250,410,90,240" step="2"/><T83/><D62/><U128/><E128/><V70/><F70/><W101/><G101/><T59/><D59/><U42/><E42/><V5/><F40/><W114/><G114/><T135/><D71/><U77/><E33/><V90/><F125/><W66/><G66/><T84/><D69/><U134/><E134/><V51/><F124/><W103/><G103/><T88/><D135/><U107/><E123/><V130/><F130/><W112/><G112/><T121/><D121/><U63/><E120/><V75/><F75/><W46/><G46/><T67/><D67/><U45/><E63/><V58/><F58/><W47/><G47/><T54/><D54/><U74/><E53/><V44/><F44/><W96/><G96/><N who="0" m="61639" /><D34/><U99/><E45/><V1/><F51/><W29/><G29/><T0/><D31/><U39/><E30/><V8/><F50/><W20/><G20/><N who="1" m="7722" /><E49/><V18/><F48/><W133/><G133/><T100/><D100/><N who="1" m="62879" /><E39/><V11/><F1/><AGARI ba="0,1" hai="0,1,55,57,60,83,84,85,88,91,93" m="61639" machi="1" ten="30,2000,0" yaku="6,1,54,1" doraHai="28" who="0" fromWho="2" sc="250,30,410,0,90,-20,240,0" /><INIT seed="2,0,0,4,4,60" ten="280,410,70,240" oya="2" hai0="26,38,134,1,6,2,126,50,17,51,125,94,89" hai1="121,104,106,118,11,57,87,16,85,5,129,33,53" hai2="127,103,47,102,86,130,32,96,65,44,28,84,73" hai3="78,71,46,82,12,48,115,97,72,23,0,67,95"/><V34/><F73/><W100/><G0/><T128/><D38/><U41/><E41/><V15/><F130/><W99/><G115/><T62/><D128/><U76/><E118/><V88/><F127/><N who="0" m="48650" /><D134/><U4/><E33/><V105/><F103/><W58/><G71/><T9/><D1/><U64/><E64/><V79/><F79/><W30/><G97/><N who="0" m="57551" /><D62/><U112/><E112/><V113/><F113/><W117/><G117/><T55/><D55/><U107/><E129/><V109/><F84/><W124/><G124/><T131/><D131/><U61/><E121/><V25/><F34/><W63/><G12/><T114/><D114/><U54/><E54/><V108/><F15/><W45/><REACH who="3" step="1"/><G48/><REACH who="3" ten="280,410,70,230" step="2"/><T120/><D120/><U42/><E104/><V110/><REACH who="2" step="1"/><F65/><REACH who="2" ten="280,410,60,230" step="2"/><W20/><G20/><AGARI ba="0,2" hai="2,6,9,17,20,26,50,51" m="57551,48650" machi="20" ten="30,1000,0" yaku="18,1" doraHai="60" who="0" fromWho="3" sc="280,30,410,0,60,0,230,-10" /><INIT seed="3,0,0,3,5,4" ten="310,410,60,220" oya="3" hai0="9,107,53,93,73,30,130,23,55,76,2,71,118" hai1="102,32,33,38,49,19,127,54,87,11,27,121,86" hai2="35,133,64,134,34,83,103,52,116,80,122,6,98" hai3="105,60,21,36,46,28,124,109,66,57,135,89,31"/><W100/><G135/><N who="2" m="51721" /><F116/><W106/><G124/><T125/><D107/><U119/><E121/><V7/><F64/><W63/><G109/><T101/><D71/><U62/><E127/><V45/><F122/><W61/><G89/><T16/><D118/><U129/><E119/><V91/><F7/><W112/><G112/><T67/><D67/><U111/><E111/><V132/><N who="2" m="51729" /><V97/><DORA hai="82" /><F6/><W85/><G100/><T90/><D2/><U37/><E37/><V131/><F131/><W22/><G57/><T5/><D130/><U92/><E38/><V120/><F120/><W56/><G56/><T117/><D117/><U15/><E129/><V13/><F13/><W10/><G66/><T88/><D5/><N who="1" m="3567" /><E32/><N who="2" m="12331" /><F91/><W126/><G126/><T114/><D90/><U18/><E33/><V42/><F52/><W0/><G0/><T12/><D101/><U25/><E62/><V72/><F72/><W74/><G61/><T47/><D125/><U20/><E92/><N who="2" m="58791" /><F98/><W65/><G65/><T40/><D73/><U14/><E102/><V99/><F99/><W81/><G74/><T41/><D114/><U39/><E39/><AGARI ba="0,0" hai="39,42,45,80,83" m="58791,12331,51729" machi="39" ten="40,1300,0" yaku="20,1" doraHai="4,82" who="2" fromWho="1" sc="310,0,410,-13,60,13,220,0" /><INIT seed="4,0,0,4,2,74" ten="310,397,73,220" oya="0" hai0="116,101,56,61,106,109,86,23,21,6,17,9,0" hai1="42,98,43,104,19,114,120,49,93,73,71,44,38" hai2="57,50,20,64,40,94,127,87,133,105,25,129,85" hai3="115,81,77,113,126,7,117,125,46,66,37,13,102"/><T95/><D116/><U51/><E120/><V100/><F105/><W10/><G66/><T58/><D106/><U89/><E114/><N who="3" m="43530" /><G102/><T60/><D109/><U32/><E32/><V70/><F70/><W30/><G30/><T31/><D31/><U28/><E28/><V67/><F100/><W34/><G34/><T103/><D23/><U92/><E104/><V131/><F67/><W80/><G117/><T88/><D58/><U134/><E134/><V90/><F64/><W110/><G110/><T121/><D60/><U18/><E71/><V112/><F133/><W128/><G128/><T12/><REACH who="0" step="1"/><D121/><REACH who="0" ten="300,397,73,220" step="2"/><U91/><E38/><V82/><F112/><W107/><G107/><T5/><D5/><U14/><E73/><V55/><F131/><W62/><G62/><T123/><D123/><U35/><E35/><V135/><F129/><W84/><G37/><T39/><D39/><U99/><E19/><V2/><F135/><W4/><G4/><T36/><D36/><U96/><E18/><V68/><F68/><W29/><G29/><T48/><D48/><U65/><E49/><V118/><F118/><W47/><G47/><T111/><D111/><U75/><E75/><V45/><F45/><W119/><G46/><T11/><D11/><U26/><E44/><V59/><F59/><W8/><G10/><T27/><D27/><U54/><E26/><V83/><F50/><W22/><G22/><T16/><D16/><U78/><E51/><V53/><F20/><W130/><G130/><T3/><D3/><U33/><E33/><V69/><F69/><W122/><G122/><RYUUKYOKU ba="0,1" sc="300,30,397,-10,73,-10,220,-10" hai0="0,6,9,12,17,21,56,61,86,88,95,101,103" /><INIT seed="4,1,1,2,5,61" ten="330,387,63,210" oya="0" hai0="80,33,130,37,27,123,58,49,111,113,115,41,22" hai1="107,18,32,75,50,0,118,3,70,4,131,29,104" hai2="62,24,81,47,72,88,96,51,126,102,125,77,91" hai3="15,132,119,69,1,85,38,86,124,34,23,43,67"/><T68/><D123/><U60/><E50/><V93/><F24/><W122/><G23/><T12/><D68/><U112/><E18/><V101/><F62/><W44/><G15/><T17/><D37/><U71/><E118/><V110/><F51/><W13/><G13/><T48/><D130/><U83/><E131/><V65/><F47/><W63/><G119/><T28/><D111/><U82/><E82/><N who="2" m="45351" /><F65/><W121/><G34/><T78/><D49/><U8/><E3/><V64/><F64/><W66/><G1/><T5/><D5/><U56/><E56/><V89/><F110/><W108/><G108/><T79/><D79/><N who="1" m="44543" /><E112/><V90/><F81/><W106/><G106/><N who="1" m="40490" /><E60/><V46/><F46/><W36/><G63/><T42/><D42/><U40/><E40/><V19/><F19/><W135/><G43/><T9/><D33/><U39/><E39/><V127/><AGARI ba="1,1" hai="88,89,90,91,93,96,101,102,125,126,127" m="45351" machi="127" ten="40,8000,1" yaku="18,1,34,2,54,1" doraHai="61" who="2" fromWho="2" sc="330,-41,387,-21,63,93,210,-21" /><INIT seed="5,0,0,3,1,34" ten="289,366,156,189" oya="1" hai0="65,9,60,57,33,76,106,111,74,122,46,30,118" hai1="6,84,15,23,4,75,70,17,124,1,91,97,22" hai2="83,72,98,104,0,45,55,51,81,66,116,77,108" hai3="112,59,8,18,110,82,54,35,123,42,89,14,69"/><U63/><E124/><V114/><F108/><W49/><G110/><T90/><D118/><U67/><E75/><V79/><F116/><W37/><G123/><T11/><D106/><U56/><E97/><V24/><F66/><W101/><G112/><T44/><D122/><U3/><E70/><V27/><F114/><W119/><G119/><T129/><D129/><U29/><E6/><V120/><F120/><W78/><G35/><T48/><D111/><U32/><E4/><V94/><F104/><W53/><G69/><T87/><D76/><U41/><E41/><V19/><F19/><W107/><G89/><T68/><D74/><U61/><E61/><V28/><F28/><W80/><G80/><T58/><D30/><U26/><E32/><V10/><F10/><W127/><G127/><T109/><D33/><U36/><E36/><V25/><F0/><W131/><G131/><T105/><D105/><U96/><E96/><V2/><F2/><W31/><G31/><T99/><D99/><U102/><E102/><V38/><F38/><W16/><G101/><T92/><D109/><U126/><E126/><V88/><REACH who="2" step="1"/><F25/><REACH who="2" ten="289,366,146,189" step="2"/><W40/><G107/><T64/><D64/><U85/><E3/><V103/><F103/><W115/><G37/><T132/><D11/><U86/><REACH who="1" step="1"/><E1/><REACH who="1" ten="289,356,146,189" step="2"/><V133/><F133/><W128/><G128/><T12/><D132/><U62/><E62/><V95/><F95/><AGARI ba="0,2" hai="15,17,22,23,26,29,56,63,67,84,85,86,91,95" machi="95" ten="30,5800,0" yaku="1,1,7,1,8,1,53,0" doraHai="34" doraHaiUra="134" who="1" fromWho="2" sc="289,0,356,78,146,-58,189,0" /><INIT seed="5,1,0,4,2,16" ten="289,434,88,189" oya="1" hai0="45,97,23,37,21,94,118,111,8,22,125,100,93" hai1="17,57,79,38,89,56,15,40,59,42,106,135,6" hai2="67,35,96,103,81,122,12,110,95,58,130,60,77" hai3="134,36,7,126,64,10,80,72,119,48,91,113,9"/><U25/><E106/><V128/><F110/><W11/><G113/><T4/><D111/><U85/><E135/><V133/><F35/><W43/><G134/><T55/><D118/><U0/><E38/><V78/><F133/><W92/><G126/><T69/><D69/><U47/><E0/><V62/><F122/><W5/><G119/><T102/><D125/><U73/><E73/><V83/><F130/><W49/><G64/><T108/><D108/><U44/><E6/><V75/><F128/><W34/><G34/><T131/><D131/><U54/><E25/><V18/><F67/><W1/><G49/><N who="0" m="29103" /><D37/><U66/><E79/><V105/><F105/><W70/><G70/><T39/><D39/><U13/><E66/><V20/><REACH who="2" step="1"/><F58/><REACH who="2" ten="289,434,78,189" step="2"/><W53/><G1/><T116/><D116/><U124/><E56/><V41/><F41/><W74/><G43/><T50/><D50/><U71/><E57/><V32/><F32/><W61/><G48/><T24/><D24/><U87/><E59/><V65/><F65/><W121/><G36/><T82/><D82/><U114/><E40/><V127/><F127/><W98/><G80/><T117/><D117/><U107/><E42/><V52/><F52/><W29/><G53/><T19/><D94/><U26/><E107/><V33/><F33/><W90/><G121/><T86/><D93/><U27/><E54/><V14/><F14/><W120/><G120/><T115/><D115/><U123/><E114/><V101/><F101/><W46/><G92/><T63/><D102/><U30/><E124/><V112/><F112/><W68/><G68/><RYUUKYOKU ba="1,1" sc="289,-10,434,-10,78,30,189,-10" hai2="12,18,20,60,62,75,77,78,81,83,95,96,103" /><INIT seed="6,2,1,2,0,53" ten="279,424,108,179" oya="2" hai0="24,60,35,111,96,21,82,83,127,50,49,18,52" hai1="97,113,45,37,38,12,101,106,120,78,3,0,1" hai2="39,87,43,108,23,29,88,7,74,13,36,70,110" hai3="130,63,121,105,64,46,124,133,90,61,89,100,132"/><V107/><F74/><W30/><G121/><T8/><D111/><N who="2" m="42538" /><F107/><W71/><G124/><T117/><D127/><U25/><E120/><V75/><F75/><W69/><G130/><T47/><D117/><U5/><E113/><V102/><F102/><W112/><G112/><T54/><D35/><U15/><E78/><V73/><F73/><W57/><G30/><T67/><D8/><U2/><E25/><N who="2" m="16575" /><F70/><W99/><G46/><T115/><D115/><U129/><E129/><V62/><F43/><W59/><G71/><T42/><D96/><U114/><E114/><V84/><F62/><W103/><G103/><T19/><D19/><U128/><E128/><V104/><F104/><W32/><G32/><T34/><D34/><U55/><E38/><N who="2" m="14379" /><F88/><N who="3" m="33899" /><G63/><T126/><D126/><U27/><E37/><V14/><F7/><W85/><G85/><AGARI ba="2,1" hai="13,14,84,85,87" m="14379,16575,42538" machi="85" ten="30,1500,0" yaku="10,1" doraHai="53" who="2" fromWho="3" sc="279,0,424,0,108,31,179,-21" /><INIT seed="6,3,0,0,1,0" ten="279,424,139,158" oya="2" hai0="66,125,106,105,54,129,91,70,59,45,131,100,5" hai1="19,25,92,34,78,16,14,130,102,38,35,97,107" hai2="132,52,62,120,82,114,6,36,103,18,60,46,51" hai3="93,83,44,133,76,56,12,95,31,55,71,119,13"/><V117/><F117/><W23/><G119/><T42/><D91/><U89/><E38/><V8/><F120/><W7/><G71/><T49/><D100/><U113/><E113/><V30/><F114/><W79/><G133/><T94/><D94/><U134/><E134/><V11/><F132/><W118/><G44/><T39/><D5/><U109/><E109/><V67/><F36/><W73/><G118/><T58/><D125/><U22/><E78/><V28/><F103/><W10/><G79/><T123/><D123/><U90/><E130/><N who="0" m="49673" /><D59/><U50/><E50/><V48/><F48/><W15/><G31/><N who="2" m="11817" /><F67/><W2/><REACH who="3" step="1"/><G23/><REACH who="3" ten="279,424,139,148" step="2"/><T61/><AGARI ba="3,1" hai="39,42,45,49,54,58,61,66,70,105,106" m="49673" machi="61" ten="30,2000,0" yaku="24,1,19,1" doraHai="0" who="0" fromWho="0" sc="279,39,424,-8,139,-13,148,-8" /><INIT seed="7,0,0,3,5,108" ten="318,416,126,140" oya="3" hai0="97,53,8,39,41,130,63,43,20,46,88,85,11" hai1="102,6,44,16,131,127,104,10,64,123,72,93,132" hai2="49,50,15,52,55,29,61,92,33,125,59,114,83" hai3="17,96,94,103,51,40,117,23,78,98,28,79,109"/><W111/><G117/><T24/><D130/><U120/><E72/><V105/><F105/><W70/><G28/><T122/><D122/><U54/><E104/><V80/><F114/><W5/><G5/><T48/><D97/><U21/><E131/><V4/><F125/><W75/><G70/><T3/><D3/><U60/><E127/><V71/><F71/><W13/><G96/><T25/><D25/><U76/><E93/><V118/><F118/><W135/><G135/><T128/><D128/><U115/><E102/><V18/><F4/><W87/><G75/><T110/><D110/><N who="3" m="41993" /><G87/><T68/><D68/><U1/><E132/><V126/><F126/><W34/><G34/><T7/><D7/><U56/><E123/><V62/><F29/><W133/><G133/><T100/><D100/><U30/><E120/><V42/><F33/><W9/><G23/><T73/><D73/><U22/><E30/><V74/><F42/><W95/><G95/><T129/><D129/><U14/><E22/><N who="2" m="11615" /><F92/><W35/><G35/><T37/><D41/><U65/><E21/><V107/><F107/><W45/><AGARI ba="0,0" hai="9,13,17,40,45,51,78,79,94,98,103" m="41993" machi="45" ten="30,1500,0" yaku="10,1" doraHai="108" who="3" fromWho="3" sc="318,-5,416,-5,126,-5,140,15" /><INIT seed="7,1,0,4,3,92" ten="313,411,121,155" oya="3" hai0="27,35,114,16,11,56,50,102,49,122,33,54,24" hai1="71,106,95,113,88,25,90,7,6,131,9,73,3" hai2="134,32,22,69,44,91,112,36,47,119,13,66,87" hai3="98,30,108,52,18,123,61,120,26,81,70,60,48"/><W133/><G133/><T117/><D117/><U97/><E131/><V78/><F119/><W58/><G108/><T75/><D122/><U57/><E113/><V34/><F112/><W0/><G0/><T79/><D114/><U109/><E71/><V5/><F134/><W39/><G18/><T125/><D125/><U85/><E109/><V72/><F72/><W67/><G81/><T132/><D132/><U40/><E73/><V45/><F36/><W76/><G76/><T68/><D68/><U127/><E127/><V15/><F78/><W2/><G2/><T82/><D27/><U37/><E25/><V77/><F77/><W28/><G28/><T38/><D38/><U124/><E124/><V21/><F34/><W63/><G39/><T4/><D49/><U111/><E111/><V51/><F32/><N who="3" m="20567" /><G123/><T46/><D35/><U84/><E7/><V126/><F126/><W74/><G74/><T115/><D115/><U31/><E31/><V55/><F13/><W42/><G42/><T20/><D33/><U89/><E57/><V59/><F21/><W41/><G41/><T83/><D83/><U80/><E40/><V12/><F12/><W19/><G120/><T94/><D56/><U101/><REACH who="1" step="1"/><E37/><REACH who="1" ten="313,401,121,155" step="2"/><V107/><F5/><W135/><G135/><T14/><REACH who="0" step="1"/><D94/><REACH who="0" ten="303,401,121,155" step="2"/><U23/><E23/><V110/><F110/><W62/><G19/><T100/><AGARI ba="1,2" hai="4,11,14,16,20,24,46,50,54,75,79,82,100,102" machi="100" ten="30,8000,1" yaku="1,1,2,1,0,1,54,1,53,1" doraHai="92" doraHaiUra="105" who="0" fromWho="0" sc="303,103,401,-21,121,-21,155,-41" owari="406,51.0,380,18.0,100,-40.0,114,-29.0" /></mjloggm>