<mjloggm ver="2.3"><GO type="169" lobby="0"/><UN n0="%E6%9C%A8%E6%BC%8F%E3%82%8C%E6%97%A5" n1="%6B%75%72%6F%35%35%36%36" n2="%E4%B9%9D%E4%B8%88%E8%8A%B1%E9%9F%B3" n3="%E7%83%8F%E8%B3%8A%E4%B9%8B%E8%BC%94" dan="17,16,16,17" rate="2209.87,2095.16,2186.09,2209.16" sx="M,M,F,M"/><TAIKYOKU oya="0"/><INIT seed="0,0,0,4,2,16" ten="250,250,250,250" oya="0" hai0="121,76,70,86,10,41,113,45,5,36,119,110,99" hai1="3,8,37,50,104,77,19,133,102,39,57,28,26" hai2="62,1,69,22,35,115,96,65,108,58,56,87,15" hai3="107,120,92,14,103,72,43,90,114,63,130,127,116"/><T109/><D113/><U33/><E133/><V122/><F115/><W11/><G114/><T80/><D119/><U27/><E77/><V4/><F108/><N who="0" m="41578" /><D99/><U51/><E104/><V42/><F87/><W64/><G116/><T88/><D70/><U79/><E79/><V74/><F74/><W23/><G127/><T111/><N who="0" m="41586" /><T71/><DORA hai="118" /><D71/><U93/><E102/><V105/><F42/><W6/><G130/><T17/><D17/><U128/><E128/><V49/><F49/><W100/><G72/><T7/><D121/><U44/><E93/><V117/><F122/><W46/><G107/><T40/><D40/><U106/><E106/><V29/><F1/><W54/><G54/><T2/><D7/><U97/><E97/><V66/><F66/><W131/><G120/><T82/><D76/><U60/><E19/><N who="2" m="10623" /><F4/><W95/><G131/><T32/><D32/><U81/><E27/><N who="2" m="18879" /><F117/><W68/><G43/><T24/><D24/><U85/><E26/><V47/><F47/><W48/><G68/><T38/><D82/><U18/><E18/><V13/><F13/><W73/><G6/><T126/><D126/><U55/><E28/><V101/><AGARI ba="0,0" hai="56,58,62,65,69,96,101,105" m="18879,10623" machi="101" ten="30,2000,0" yaku="25,1,52,1" doraHai="16,118" who="2" fromWho="2" sc="250,-10,250,-5,250,20,250,-5" /><INIT seed="1,0,0,2,5,2" ten="240,245,270,245" oya="1" hai0="67,119,124,82,16,85,55,26,30,91,48,111,24" hai1="92,131,77,25,20,23,39,134,22,128,100,112,15" hai2="47,65,118,38,115,60,93,34,14,27,97,59,107" hai3="37,101,50,19,31,96,114,18,46,86,87,94,75"/><U83/><E39/><V9/><F115/><W106/><G75/><T79/><D119/><U42/><E42/><V88/><F118/><W40/><G114/><T123/><D111/><U57/><E112/><V66/><F107/><W62/><G31/><T11/><D124/><U4/><E57/><V17/><F66/><W54/><G106/><T103/><D123/><U99/><E25/><V78/><F78/><W76/><G62/><T90/><D103/><U117/><E117/><V12/><F34/><W95/><G95/><T33/><D67/><U32/><E32/><V110/><F110/><W8/><G76/><T58/><REACH who="0" step="1"/><D26/><REACH who="0" ten="230,245,270,245" step="2"/><U35/><E134/><V61/><F27/><W108/><G108/><T84/><D84/><U13/><E35/><V45/><F38/><W43/><G87/><T41/><D41/><U68/><E68/><V1/><F1/><W53/><G86/><T3/><D3/><U36/><E36/><V120/><F120/><W64/><G64/><T122/><D122/><U116/><E116/><V44/><F60/><W74/><G40/><T5/><D5/><U121/><E121/><V56/><REACH who="2" step="1"/><F14/><AGARI ba="0,1" hai="11,14,16,24,30,33,48,55,58,79,82,85,90,91" machi="14" ten="40,5200,0" yaku="1,1,54,1,53,1" doraHai="2" doraHaiUra="6" who="0" fromWho="2" sc="230,62,245,0,270,-52,245,0" /><INIT seed="2,0,0,0,1,135" ten="292,245,218,245" oya="2" hai0="34,131,22,113,92,80,10,78,43,62,14,3,116" hai1="95,20,52,46,32,48,77,119,6,19,31,13,106" hai2="121,71,107,58,105,53,0,8,93,129,45,124,108" hai3="134,104,21,51,90,102,115,30,84,65,61,67,27"/><V100/><F121/><W12/><G134/><T133/><D34/><U69/><E119/><V28/><F71/><W5/><G115/><T4/><D113/><U72/><E106/><V11/><F129/><W29/><G104/><T57/><D133/><U59/><E69/><V118/><F118/><W103/><G30/><T60/><D131/><U63/><E6/><V91/><F28/><W110/><G110/><T24/><D116/><U55/><E72/><V99/><F108/><W66/><G61/><T83/><D3/><U101/><E77/><V88/><F45/><W50/><G50/><T98/><D43/><U18/><E32/><V85/><F91/><W94/><G51/><T2/><D2/><U126/><E126/><V130/><F0/><W97/><G84/><N who="0" m="48151" /><D83/><U123/><E123/><V49/><F130/><W122/><G122/><T111/><D57/><U37/><E37/><V120/><F120/><W7/><G12/><T82/><D82/><U35/><E35/><V42/><F42/><W36/><G36/><T25/><D111/><U38/><E38/><V75/><F105/><W89/><G89/><N who="0" m="55567" /><D25/><N who="1" m="16807" /><E13/><V86/><F86/><W15/><G15/><T109/><D109/><U17/><E101/><AGARI ba="0,0" hai="5,7,21,27,29,65,66,67,90,94,97,101,102,103" machi="101" ten="40,1300,0" yaku="8,1" doraHai="135" who="3" fromWho="1" sc="292,0,245,-13,218,0,245,13" /><INIT seed="3,0,0,3,2,95" ten="292,232,218,258" oya="3" hai0="83,74,48,112,5,0,43,107,61,35,67,70,24" hai1="19,18,100,6,72,20,12,116,42,7,130,94,86" hai2="69,123,85,32,39,51,68,113,16,34,88,126,75" hai3="10,81,71,41,45,91,121,104,26,106,127,99,15"/><W115/><G121/><T36/><D48/><U76/><E72/><V132/><F123/><W96/><G115/><T64/><D64/><U1/><E1/><V92/><F113/><W118/><G118/><T28/><D112/><U23/><E130/><V79/><F132/><W60/><G127/><T30/><D30/><U50/><E116/><V66/><F39/><W49/><G106/><T73/><D83/><U102/><E76/><V77/><F126/><W11/><G104/><T56/><D56/><U37/><E37/><V40/><F75/><W33/><G33/><T108/><D108/><U55/><E42/><V38/><F38/><W59/><G26/><T84/><D84/><U80/><E80/><V29/><F32/><W31/><G71/><T54/><D54/><U119/><E119/><V90/><F68/><W2/><G2/><T124/><D107/><U22/><E102/><V122/><F34/><W129/><G129/><T8/><REACH who="0" step="1"/><D124/><REACH who="0" ten="282,232,218,258" step="2"/><U109/><E109/><V110/><F110/><W93/><G31/><T46/><AGARI ba="0,1" hai="0,5,8,24,28,35,36,43,46,61,67,70,73,74" machi="46" ten="30,12000,2" yaku="1,1,2,1,0,1,33,3,53,0" doraHai="95" doraHaiUra="117" who="0" fromWho="0" sc="282,130,232,-30,218,-30,258,-60" /><INIT seed="4,0,0,2,0,129" ten="412,202,188,198" oya="0" hai0="127,97,27,45,71,68,9,2,48,125,50,11,18" hai1="130,62,90,128,77,40,24,86,3,64,53,30,23" hai2="21,17,109,56,119,105,115,10,70,94,8,28,0" hai3="35,78,91,34,67,82,15,110,69,85,101,107,13"/><T84/><D97/><U98/><E3/><V74/><F105/><W121/><G110/><T95/><D95/><U63/><E40/><V131/><F74/><W73/><G121/><T61/><D84/><U38/><E38/><V12/><F70/><W117/><G117/><T14/><D27/><U41/><E41/><V57/><F94/><N who="3" m="54639" /><G69/><T75/><D75/><U32/><E77/><V79/><F79/><W123/><G67/><T19/><D61/><U66/><E98/><V114/><F57/><W93/><G93/><T47/><D14/><N who="3" m="5129" /><G123/><T124/><D124/><U31/><E32/><V49/><F56/><W58/><G58/><T106/><D106/><U22/><E53/><V16/><F49/><W26/><G26/><T46/><D46/><U135/><E86/><V29/><F119/><W99/><AGARI ba="0,0" hai="34,35,73,78,82,99,101,107" m="5129,54639" machi="99" ten="30,1100,0" yaku="24,1" doraHai="129" who="3" fromWho="3" sc="412,-5,202,-3,188,-3,198,11" /><INIT seed="5,0,0,0,5,77" ten="407,199,185,209" oya="1" hai0="14,58,69,25,75,122,32,7,33,127,48,45,87" hai1="34,23,66,18,8,116,42,102,49,94,9,110,64" hai2="86,129,2,56,37,54,61,135,10,22,132,57,96" hai3="31,109,89,59,52,62,60,130,105,13,90,47,19"/><U115/><E34/><V6/><F129/><W124/><G109/><T72/><D69/><U108/><E116/><V85/><F37/><W131/><G105/><T126/><D58/><U128/><E128/><N who="3" m="49194" /><G124/><N who="0" m="47659" /><D87/><U107/><E107/><V119/><F119/><W43/><G31/><N who="0" m="19567" /><D33/><U24/><E115/><V55/><F96/><W79/><G79/><T28/><D28/><U93/><E110/><V125/><F22/><N who="3" m="11631" /><G60/><T78/><D78/><U74/><E74/><V11/><F125/><W4/><G4/><T35/><D35/><U50/><E108/><V53/><F53/><W38/><AGARI ba="0,0" hai="38,43,47,52,59,62,89,90" m="11631,49194" machi="38" ten="30,2000,0" yaku="19,1,54,1" doraHai="77" who="3" fromWho="3" sc="407,-5,199,-10,185,-5,209,20" /><INIT seed="6,0,0,5,4,98" ten="402,189,180,229" oya="2" hai0="91,56,9,121,80,115,5,36,95,6,112,125,130" hai1="14,62,67,87,66,13,99,86,71,33,1,88,74" hai2="47,53,8,110,2,39,123,93,113,57,64,96,45" hai3="79,20,15,19,49,11,63,23,0,4,24,97,120"/><V133/><F123/><W22/><G120/><T48/><D36/><U128/><E74/><V46/><F113/><W73/><G73/><T7/><D80/><U94/><E1/><V118/><F118/><W107/><G79/><T10/><D125/><U44/><E33/><V76/><F133/><W105/><G63/><T75/><D130/><U3/><E3/><V85/><F39/><W89/><G107/><T119/><D75/><U117/><E117/><V90/><F110/><W124/><G124/><T129/><D129/><U104/><E128/><V100/><F76/><W68/><G68/><T54/><D121/><U108/><E108/><V12/><F2/><W103/><G49/><T102/><D102/><U21/><E66/><V70/><F64/><W122/><G122/><T27/><D27/><U41/><E21/><V132/><F70/><W116/><G116/><T111/><D111/><U25/><E25/><V35/><F35/><W30/><G89/><T37/><D37/><U81/><E87/><V72/><F72/><W40/><G40/><T69/><D69/><U52/><E104/><V38/><F38/><W18/><G18/><T109/><D109/><U65/><E41/><V61/><F132/><W77/><G77/><T92/><D119/><U135/><E135/><V59/><F59/><W50/><G50/><T42/><D42/><U26/><E26/><V131/><F131/><W43/><G43/><T51/><D51/><N who="1" m="28775" /><E67/><V126/><F126/><W31/><G31/><T82/><D115/><U127/><E127/><V134/><F134/><W34/><AGARI ba="0,0" hai="0,4,11,15,19,20,22,23,24,30,34,97,103,105" machi="34" ten="20,8000,1" yaku="0,1,7,1,24,2,52,1" doraHai="98" who="3" fromWho="3" sc="402,-20,189,-20,180,-40,229,80" /><INIT seed="7,0,0,3,3,47" ten="382,169,140,309" oya="3" hai0="37,20,118,51,71,67,30,88,78,103,9,73,7" hai1="64,110,81,16,65,33,83,92,133,114,57,56,124" hai2="27,119,80,12,24,28,131,39,68,85,135,127,82" hai3="45,49,94,10,126,132,50,89,58,1,36,106,8"/><W120/><G106/><T125/><D37/><U11/><E110/><V42/><F119/><W0/><G120/><T21/><D103/><U97/><E33/><V105/><F131/><W107/><G107/><T104/><D104/><U128/><E128/><V102/><F135/><W40/><G132/><T32/><D125/><U93/><E133/><V98/><F127/><W15/><G126/><T130/><D78/><U66/><E124/><V91/><F68/><W76/><G76/><T5/><D73/><U108/><E108/><V55/><F24/><W111/><G111/><T134/><D7/><U2/><E114/><V100/><F100/><W34/><G34/><T122/><D32/><U43/><E43/><V101/><F101/><W72/><G72/><T44/><D118/><U123/><E123/><V54/><F80/><N who="1" m="30793" /><E2/><V129/><F129/><W63/><G1/><T109/><D134/><U22/><E11/><V75/><F75/><W69/><G69/><T60/><D21/><U70/><E70/><V90/><F90/><W99/><G0/><T59/><D88/><N who="1" m="55431" /><E93/><V18/><F42/><W95/><G95/><T74/><D44/><U86/><E86/><V6/><F6/><W23/><G23/><T121/><D130/><U115/><E115/><V61/><F39/><W26/><G26/><AGARI ba="0,0" hai="16,22,26,56,57,64,65,66" m="55431,30793" machi="26" ten="30,3900,0" yaku="8,1,54,2" doraHai="47" who="1" fromWho="3" sc="382,0,169,39,140,0,309,-39" owari="382,48.0,208,-19.0,140,-36.0,270,7.0" /></mjloggm>