<mjloggm ver="2.3"><GO type="169" lobby="0"/><UN n0="%E3%81%8A%E3%82%8A%E3%81%BE%E3%81%A4" n1="%E8%A1%9B%E8%97%A4%E7%BE%8E%E5%BD%A9" n2="%4E%4F%2E%E2%85%A0" n3="%6B%75%72%69%6D%75" dan="16,16,16,18" rate="2102.00,2125.95,2208.63,2257.15" sx="M,M,M,M"/><TAIKYOKU oya="0"/><INIT seed="0,0,0,5,0,15" ten="250,250,250,250" oya="0" hai0="111,66,85,108,78,3,51,44,128,73,5,133,101" hai1="12,35,79,11,120,63,62,118,29,86,100,53,80" hai2="106,131,39,90,13,19,98,16,47,126,64,48,21" hai3="124,45,32,26,110,8,130,82,125,71,84,102,97"/><T17/><D73/><U109/><E118/><V14/><F131/><W59/><G110/><N who="0" m="42027" /><D128/><U57/><E109/><V43/><F126/><W77/><G130/><T113/><D113/><U99/><E120/><V50/><F64/><W1/><G71/><T37/><D37/><U28/><E62/><V127/><F127/><N who="3" m="48715" /><G59/><T134/><D66/><U135/><E135/><N who="0" m="51721" /><D101/><U76/><E76/><V121/><F121/><W18/><G45/><T40/><D5/><U7/><REACH who="1" step="1"/><E35/><REACH who="1" ten="250,240,250,250" step="2"/><V38/><F38/><W58/><G32/><T24/><D3/><U67/><E67/><V112/><F112/><W88/><G1/><T41/><D78/><U91/><E91/><V6/><F90/><W70/><G70/><T119/><D119/><U132/><E132/><V72/><F72/><W74/><G74/><T52/><D85/><U94/><AGARI ba="0,1" hai="7,11,12,28,29,53,57,63,79,80,86,94,99,100" machi="94" ten="20,8000,1" yaku="1,1,0,1,7,1,8,1,53,1" doraHai="15" doraHaiUra="75" who="1" fromWho="1" sc="250,-40,240,90,250,-20,250,-20" /><INIT seed="1,0,0,5,4,21" ten="210,330,230,230" oya="1" hai0="67,26,103,91,3,58,20,125,86,93,0,116,39" hai1="7,99,104,121,5,122,105,84,44,76,50,16,82" hai2="124,128,114,102,68,66,56,35,65,108,100,46,6" hai3="117,40,61,112,60,90,69,127,62,96,1,85,53"/><U59/><E59/><V81/><F108/><W54/><G1/><T126/><D116/><U45/><E45/><V71/><F128/><W88/><G112/><T95/><D39/><U24/><E121/><V133/><F124/><N who="0" m="47722" /><D103/><U41/><E122/><V79/><F133/><W135/><G135/><T130/><D130/><U43/><E43/><V110/><F110/><W32/><G69/><T10/><D10/><U8/><E99/><V73/><F35/><W15/><G40/><T78/><D78/><U2/><REACH who="1" step="1"/><E5/><REACH who="1" ten="210,320,230,230" step="2"/><V36/><F56/><W33/><G127/><T19/><D95/><U23/><AGARI ba="0,1" hai="2,7,8,16,23,24,41,44,50,76,82,84,104,105" machi="23" ten="30,12000,1" yaku="1,1,2,1,0,1,52,1,54,1,53,0" doraHai="21" doraHaiUra="49" who="1" fromWho="1" sc="210,-40,320,130,230,-40,230,-40" /><INIT seed="1,1,0,5,1,38" ten="170,450,190,190" oya="1" hai0="125,51,96,27,12,14,92,78,124,4,0,50,106" hai1="34,33,88,90,126,116,73,102,8,99,45,86,117" hai2="63,55,130,3,91,108,26,115,29,20,62,18,54" hai3="21,128,56,69,94,127,104,114,65,105,46,113,32"/><U31/><E73/><V58/><F108/><W24/><G128/><T17/><D106/><U118/><E126/><N who="0" m="48745" /><D78/><U1/><E31/><V135/><F130/><W122/><G122/><T41/><D27/><U77/><E77/><V49/><F135/><W37/><G32/><T53/><D4/><U72/><E72/><V52/><F3/><W93/><G69/><T13/><D0/><U71/><E71/><V57/><F115/><W6/><G6/><T131/><D131/><U87/><E1/><V22/><F91/><W74/><G74/><T85/><D85/><U83/><E8/><V2/><F2/><W112/><G94/><T82/><D82/><U7/><E7/><V25/><REACH who="2" step="1"/><F49/><REACH who="2" ten="170,450,180,190" step="2"/><W35/><G127/><T10/><D51/><U107/><REACH who="1" step="1"/><E45/><REACH who="1" ten="170,440,180,190" step="2"/><V109/><F109/><W110/><G46/><N who="0" m="25935" /><D53/><AGARI ba="1,2" hai="18,20,22,25,26,29,52,53,54,55,57,58,62,63" machi="53" ten="30,8000,1" yaku="1,1,7,1,9,1,8,1,54,1,53,0" doraHai="38" doraHaiUra="98" who="2" fromWho="0" sc="170,-83,440,0,180,103,190,0" /><INIT seed="2,0,0,3,4,70" ten="87,440,283,190" oya="2" hai0="4,129,10,45,27,135,7,124,57,100,81,48,41" hai1="117,104,24,36,111,26,17,63,42,134,99,12,102" hai2="5,85,127,56,77,82,94,73,62,39,93,118,123" hai3="53,40,86,30,116,132,108,54,31,72,71,69,25"/><V21/><F127/><W11/><G116/><T6/><D124/><U106/><E117/><V119/><F123/><W109/><G72/><T60/><D135/><U122/><E134/><V95/><F39/><W114/><G132/><T3/><D129/><U67/><E106/><V9/><F21/><W126/><G11/><T107/><D107/><U113/><E113/><V130/><F130/><W98/><G86/><T96/><D81/><U50/><E50/><V89/><F119/><W105/><G105/><T0/><D96/><U128/><E128/><V14/><REACH who="2" step="1"/><F118/><REACH who="2" ten="87,440,273,190" step="2"/><W20/><G126/><T91/><D0/><U90/><E122/><V2/><F2/><W112/><G20/><T46/><D3/><U66/><E111/><V47/><F47/><W75/><G40/><T32/><D46/><U13/><E42/><V97/><F97/><W51/><G98/><T87/><D45/><U131/><E99/><V121/><F121/><W65/><G108/><T55/><D32/><U59/><E36/><V28/><F28/><W38/><G109/><T78/><D41/><U33/><E104/><V8/><F8/><W37/><G25/><T61/><D10/><U133/><E24/><V58/><F58/><W88/><G112/><T15/><D57/><U68/><E26/><V22/><F22/><W101/><G114/><T18/><D27/><U76/><E33/><V64/><AGARI ba="0,1" hai="5,9,14,56,62,64,73,77,82,85,89,93,94,95" machi="64" ten="20,3900,0" yaku="1,1,0,1,7,1,53,0" doraHai="70" doraHaiUra="29" who="2" fromWho="2" sc="87,-13,440,-13,273,49,190,-13" /><INIT seed="2,1,0,3,1,12" ten="74,427,322,177" oya="2" hai0="105,14,26,43,18,54,46,24,56,129,84,53,58" hai1="40,95,27,5,48,30,78,6,4,132,103,60,68" hai2="125,107,59,114,109,61,67,47,102,29,3,17,130" hai3="57,97,127,52,7,93,113,33,44,71,106,128,117"/><V88/><F114/><W76/><G71/><T75/><D75/><U41/><E132/><V133/><F133/><W110/><G110/><T13/><D105/><U65/><E78/><V82/><F130/><W92/><G33/><T64/><D129/><U121/><E121/><V51/><F125/><W23/><G7/><T38/><D14/><U81/><E81/><V34/><F3/><W35/><G35/><T108/><D108/><U124/><E124/><V79/><F109/><W9/><G9/><T131/><D64/><U111/><E111/><V122/><F122/><W37/><G76/><T45/><D45/><U126/><E48/><V31/><F17/><W91/><G106/><T10/><D131/><U94/><E94/><V96/><F88/><W63/><G117/><T85/><D56/><U70/><E68/><V55/><REACH who="2" step="1"/><F34/><REACH who="2" ten="74,427,312,177" step="2"/><W112/><G127/><T90/><D90/><U69/><E126/><V115/><F115/><W99/><G128/><T116/><D116/><U28/><E4/><V120/><F120/><W118/><G113/><T62/><D54/><U100/><E5/><V16/><F16/><W74/><G112/><T123/><D123/><U1/><E6/><V36/><F36/><W134/><G37/><T32/><REACH who="0" step="1"/><D32/><REACH who="0" ten="64,427,312,177" step="2"/><U98/><E65/><V66/><F66/><W72/><G52/><T119/><D119/><U2/><E41/><V73/><AGARI ba="1,2" hai="29,31,47,51,55,59,61,67,73,79,82,96,102,107" machi="73" ten="20,3900,0" yaku="1,1,0,1,7,1,53,0" doraHai="12" doraHaiUra="15" who="2" fromWho="2" sc="64,-14,427,-14,312,62,177,-14" /><INIT seed="2,2,0,5,0,70" ten="50,413,374,163" oya="2" hai0="76,48,8,77,68,107,30,111,23,130,86,19,57" hai1="113,127,32,110,90,35,34,50,98,63,43,108,5" hai2="112,59,118,97,31,133,45,121,9,134,47,79,135" hai3="58,4,103,29,75,91,14,71,2,92,69,126,17"/><V124/><F121/><W84/><G75/><T44/><D68/><U83/><E113/><V10/><F112/><W39/><G29/><T62/><D111/><N who="1" m="42539" /><E127/><V12/><F118/><W88/><G126/><T117/><D107/><U61/><E5/><V25/><F124/><W65/><G103/><T80/><D130/><U100/><E90/><V105/><F79/><W33/><G33/><T81/><D8/><U85/><E43/><V0/><F59/><W16/><G39/><T60/><D30/><U101/><E50/><V27/><F0/><W22/><G2/><T46/><D57/><U94/><E100/><N who="2" m="62607" /><F9/><W104/><G4/><T52/><D46/><N who="2" m="17418" /><F31/><W120/><G104/><T89/><D89/><U116/><E116/><V38/><F38/><W119/><G120/><T73/><REACH who="0" step="1"/><D117/><REACH who="0" ten="40,413,374,163" step="2"/><U20/><E32/><V99/><F99/><W66/><G119/><T96/><D96/><U51/><E34/><V115/><F115/><W40/><G71/><T64/><D64/><U123/><E35/><V95/><F95/><W7/><G69/><T53/><D53/><U28/><E20/><V6/><AGARI ba="2,1" hai="6,10,12,25,27,133,134,135" m="17418,62607" machi="6" ten="40,2100,0" yaku="20,1" doraHai="70" who="2" fromWho="2" sc="40,-9,413,-9,374,37,163,-9" /><INIT seed="2,3,0,0,2,18" ten="31,404,411,154" oya="2" hai0="67,115,135,119,29,7,0,70,64,120,34,102,122" hai1="21,100,44,78,93,52,71,9,14,38,73,4,56" hai2="72,62,2,84,63,117,123,19,26,36,134,111,126" hai3="91,98,97,68,8,127,61,37,112,33,24,87,16"/><V80/><F123/><W130/><G37/><T53/><D115/><U20/><E71/><V57/><F117/><W104/><G130/><T55/><D119/><U124/><E124/><V15/><F126/><W45/><G112/><T60/><D102/><U131/><E131/><V94/><F2/><W83/><G127/><T12/><D0/><U116/><E116/><V58/><F134/><W23/><G104/><T74/><D74/><U40/><E73/><V121/><F121/><W85/><G45/><T10/><D135/><U31/><E78/><V3/><F3/><W125/><G125/><T90/><D67/><U65/><E65/><V88/><F36/><W99/><G61/><T79/><D79/><U113/><E113/><V32/><F111/><W132/><G132/><T108/><D108/><U28/><E100/><V27/><F72/><W82/><G8/><T109/><D109/><U42/><E42/><V133/><F80/><W77/><G33/><T25/><D122/><U49/><REACH who="1" step="1"/><E93/><REACH who="1" ten="31,394,411,154" step="2"/><V101/><F101/><W81/><G68/><T118/><D118/><U6/><E6/><V30/><F133/><W114/><G114/><T51/><D120/><U89/><E89/><V1/><F1/><W128/><G128/><T66/><D66/><U54/><E54/><V96/><F96/><W75/><G75/><T17/><D7/><U95/><E95/><AGARI ba="3,1" hai="16,23,24,77,81,82,83,85,87,91,95,97,98,99" machi="95" ten="40,5200,0" yaku="8,1,52,1,54,1" doraHai="18" who="3" fromWho="1" sc="31,0,394,-61,411,0,154,71" /><INIT seed="3,0,0,3,4,34" ten="31,333,411,225" oya="3" hai0="17,22,94,40,125,53,130,5,86,114,16,103,43" hai1="126,11,24,33,69,1,117,93,15,75,88,96,44" hai2="134,56,91,64,111,105,84,32,113,115,42,47,124" hai3="73,28,120,121,31,109,8,45,90,49,6,112,26"/><W119/><G73/><T123/><D123/><U46/><E126/><V20/><F111/><W99/><G109/><T48/><D125/><U50/><E69/><V97/><F32/><W52/><G112/><T30/><D114/><U65/><E75/><V108/><F134/><W102/><G90/><T135/><D135/><U110/><E110/><V36/><F124/><W58/><G119/><T12/><D130/><U25/><E117/><V62/><F108/><W37/><G37/><T71/><D71/><U95/><E65/><V61/><F20/><W85/><G85/><T83/><D30/><U132/><E132/><V7/><F7/><W72/><G72/><T76/><D5/><U74/><E74/><V133/><F133/><W21/><G45/><T55/><D55/><U59/><E1/><V68/><F105/><W81/><G81/><T80/><D80/><U13/><E59/><V66/><REACH who="2" step="1"/><F97/><REACH who="2" ten="31,333,401,225" step="2"/><W118/><G118/><T29/><D29/><U116/><E33/><V79/><F79/><W129/><G31/><T2/><D17/><U54/><E116/><V4/><F4/><W70/><G129/><T106/><D106/><U38/><E38/><V101/><BYE who="1" /><F101/><W41/><G70/><T63/><D2/><U67/><E67/><V104/><F104/><W78/><G78/><T131/><D131/><U14/><E14/><V60/><F60/><W92/><G41/><T0/><D63/><U35/><E35/><V19/><F19/><W87/><G87/><T27/><D0/><AGARI ba="0,1" hai="0,6,8,21,26,28,49,52,58,92,99,102,120,121" machi="0" ten="30,5800,0" yaku="7,1,52,1,54,1" doraHai="34" who="3" fromWho="0" sc="31,-58,333,0,401,0,225,68" owari="-27,-53.0,333,13.0,401,51.0,293,-11.0" /></mjloggm>