<mjloggm ver="2.3"><GO type="169" lobby="0"/><UN n0="%73%65%61%73%74%6F%72%79" n1="%E3%81%82%E3%82%93%E3%81%A7%E3%81%83" n2="%4E%4F%2E%E2%85%A0" n3="%6D%61%74%6F%30%36%30%33" dan="16,17,16,18" rate="2112.58,2140.00,2216.50,2268.76" sx="M,F,M,M"/><TAIKYOKU oya="0"/><INIT seed="0,0,0,2,5,110" ten="250,250,250,250" oya="0" hai0="111,108,40,59,116,115,20,82,16,88,9,41,94" hai1="53,109,93,120,90,43,118,79,100,107,60,18,95" hai2="128,51,102,50,104,31,131,21,64,30,84,96,24" hai3="122,12,89,19,98,85,6,58,74,28,11,70,117"/><T47/><D116/><U76/><E118/><V80/><F64/><W44/><G70/><T36/><D41/><U45/><E120/><V39/><F39/><W125/><G74/><T127/><D127/><U63/><E107/><V123/><F30/><W8/><G117/><T73/><D9/><U67/><E53/><V133/><F133/><W25/><G125/><T7/><D7/><U46/><E109/><N who="0" m="42057" /><D59/><U86/><E18/><V77/><REACH who="2" step="1"/><F123/><REACH who="2" ten="250,250,240,250" step="2"/><W78/><G28/><T101/><D73/><U54/><E54/><V92/><F92/><W10/><G122/><T32/><D82/><U27/><E67/><V4/><F4/><W2/><G6/><T72/><D72/><U83/><E83/><V81/><F81/><W29/><G29/><T33/><D101/><U124/><E124/><V130/><AGARI ba="0,1" hai="21,24,31,50,51,77,80,84,96,102,104,128,130,131" machi="130" ten="30,7900,0" yaku="1,1,0,1,19,1,53,1" doraHai="110" doraHaiUra="75" who="2" fromWho="2" sc="250,-39,250,-20,240,89,250,-20" /><INIT seed="1,0,0,1,2,91" ten="211,230,329,230" oya="1" hai0="23,86,9,100,135,49,118,114,89,31,120,4,47" hai1="97,72,10,19,68,111,104,98,27,8,26,116,39" hai2="46,81,78,0,129,125,115,40,133,65,82,108,87" hai3="22,15,44,59,21,76,83,94,123,32,56,69,52"/><U96/><E116/><V54/><F108/><W11/><G123/><T99/><D118/><U110/><E39/><V61/><F129/><W127/><G32/><T73/><D73/><U70/><E72/><V66/><F133/><W93/><G69/><N who="1" m="26730" /><E104/><V48/><F125/><W106/><G127/><T134/><D120/><U85/><E85/><N who="2" m="48311" /><F0/><W92/><G106/><T90/><D114/><U109/><E19/><V101/><F101/><W80/><G44/><T7/><D100/><U1/><E1/><V74/><F74/><W57/><G52/><N who="0" m="29759" /><D99/><U13/><E13/><V107/><F107/><W2/><G2/><T43/><D43/><U79/><E79/><N who="2" m="46559" /><F115/><W28/><G28/><T53/><D90/><U34/><E34/><V102/><F102/><W36/><G36/><T3/><D53/><U30/><E30/><V117/><F117/><W42/><G42/><T60/><D60/><U63/><E63/><V113/><F113/><W77/><G77/><T75/><D75/><U64/><E64/><V71/><F71/><W103/><G103/><T50/><D50/><U121/><E121/><V17/><F17/><N who="3" m="8447" /><G83/><T131/><D131/><U25/><AGARI ba="0,0" hai="8,10,25,26,27,96,97,98,109,110,111" m="26730" machi="25" ten="50,18000,2" yaku="29,2,28,2,14,1,10,1" doraHai="91" who="1" fromWho="1" sc="211,-60,230,180,329,-60,230,-60" /><INIT seed="1,1,0,1,2,34" ten="151,410,269,170" oya="1" hai0="61,92,43,132,72,74,93,41,59,19,103,109,95" hai1="98,107,117,35,13,97,85,50,42,46,44,39,86" hai2="10,79,121,7,27,26,53,88,23,56,125,130,0" hai3="122,28,29,20,128,111,81,94,116,114,31,70,105"/><U83/><E35/><V25/><F121/><W3/><G105/><T57/><D132/><U76/><E117/><V66/><F130/><W91/><G114/><T33/><D33/><U102/><E98/><V69/><F125/><W80/><G122/><T37/><D103/><U1/><E13/><V16/><F79/><W64/><G128/><T8/><D37/><U38/><E38/><V12/><F69/><W22/><G111/><T75/><D109/><U87/><REACH who="1" step="1"/><E1/><REACH who="1" ten="151,400,269,170" step="2"/><V108/><F108/><W11/><G3/><T115/><D115/><U21/><E21/><V118/><F118/><W84/><G116/><T77/><D8/><U60/><E60/><V49/><F66/><W17/><G64/><T68/><D61/><U47/><E47/><V58/><F58/><W6/><G70/><T67/><D67/><U71/><E71/><V101/><F101/><W63/><G63/><T15/><D68/><U4/><E4/><V110/><F110/><W14/><REACH who="3" step="1"/><G22/><REACH who="3" ten="151,400,269,160" step="2"/><T131/><D131/><U55/><AGARI ba="1,2" hai="39,42,44,46,50,55,76,83,85,86,87,97,102,107" machi="55" ten="20,3900,0" yaku="1,1,0,1,7,1,53,0" doraHai="34" doraHaiUra="2" who="1" fromWho="1" sc="151,-14,400,62,269,-14,160,-14" /><INIT seed="1,2,0,2,2,4" ten="137,462,255,146" oya="1" hai0="65,10,60,99,81,130,39,75,30,24,63,102,3" hai1="70,74,21,110,125,80,135,29,59,18,15,127,123" hai2="106,14,98,107,32,82,131,27,84,109,86,67,31" hai3="121,76,33,94,38,6,55,83,1,87,56,35,61"/><U72/><E70/><V23/><F109/><W48/><G38/><T114/><D114/><U40/><E123/><V100/><F131/><W68/><G121/><T8/><D3/><U113/><E113/><V108/><F108/><W104/><G104/><T12/><D39/><U46/><E110/><V16/><F107/><W128/><G128/><T91/><D12/><U20/><E59/><V79/><REACH who="2" step="1"/><F67/><REACH who="2" ten="137,462,245,146" step="2"/><W19/><G35/><T134/><D130/><U103/><E125/><V42/><F42/><W77/><G33/><T96/><D65/><U53/><E127/><V36/><F36/><W78/><G78/><T28/><D134/><U92/><E40/><V41/><F41/><W89/><G77/><T44/><D75/><AGARI ba="2,1" hai="14,16,23,27,31,32,75,79,82,84,86,98,100,106" machi="75" ten="30,3900,0" yaku="1,1,7,1,54,1,53,0" doraHai="4" doraHaiUra="66" who="2" fromWho="0" sc="137,-45,462,0,245,55,146,0" /><INIT seed="2,0,0,2,4,59" ten="92,462,300,146" oya="2" hai0="82,49,23,135,51,28,105,2,1,91,97,120,39" hai1="74,21,124,57,122,86,126,50,8,3,65,61,46" hai2="118,103,78,25,76,115,44,107,43,132,17,40,69" hai3="134,32,22,102,117,24,99,53,123,14,71,119,93"/><V62/><F118/><W95/><G123/><T31/><D39/><U63/><E122/><V45/><F115/><W0/><G0/><T38/><D38/><U90/><E74/><V94/><F107/><W125/><G134/><T106/><D135/><U58/><E21/><V128/><F128/><W84/><G125/><N who="1" m="48234" /><E8/><V10/><F132/><W11/><G32/><T9/><D120/><U16/><E16/><V101/><F69/><W34/><G34/><T13/><D2/><U55/><E3/><V18/><F94/><W5/><G71/><T26/><D1/><U77/><E77/><V35/><F35/><W54/><G117/><T109/><D31/><U48/><E48/><V37/><F37/><W68/><G68/><T116/><D116/><U15/><E15/><V87/><F87/><W111/><G111/><T88/><D109/><U4/><E4/><V129/><F129/><W20/><G20/><T79/><D106/><U66/><E86/><V47/><F62/><N who="1" m="23561" /><E90/><V130/><F130/><W121/><G121/><T127/><D127/><U114/><E114/><V7/><F7/><W73/><G73/><T70/><D70/><U113/><E113/><V36/><F36/><W30/><G119/><T89/><D105/><U100/><E100/><N who="2" m="38475" /><F10/><W131/><G131/><T92/><D51/><U29/><E29/><V6/><F6/><W42/><G84/><N who="0" m="48223" /><D49/><U72/><E72/><V83/><F78/><W52/><G95/><T33/><D33/><U75/><E75/><N who="2" m="43423" /><F17/><AGARI ba="0,0" hai="9,13,17,23,26,28,88,89,91,92,97" m="48223" machi="17" ten="30,2000,0" yaku="8,1,54,1" doraHai="59" who="0" fromWho="2" sc="92,20,462,0,300,-20,146,0" /><INIT seed="3,0,0,2,0,101" ten="112,462,280,146" oya="3" hai0="75,50,124,10,132,12,90,35,27,135,48,26,103" hai1="86,55,80,5,120,14,104,44,30,43,97,66,105" hai2="13,92,6,89,72,112,79,113,53,78,8,71,36" hai3="54,46,29,21,98,39,23,2,61,110,69,19,0"/><W99/><G110/><T116/><D116/><U88/><E120/><V49/><F36/><W68/><G68/><T96/><D75/><U87/><E30/><V65/><F65/><W63/><G63/><T94/><D124/><U82/><E97/><V81/><F79/><W130/><G130/><T85/><D35/><U57/><E66/><V122/><F71/><W91/><G69/><T133/><D27/><U1/><E1/><V118/><F118/><W47/><G29/><T114/><D26/><U62/><E14/><V102/><F102/><W51/><G39/><T58/><D58/><U18/><E18/><V119/><F122/><W127/><G47/><T73/><D73/><U67/><E5/><V32/><F32/><W11/><G61/><T131/><D114/><U42/><E67/><V129/><F129/><W107/><G107/><N who="0" m="63975" /><D131/><U7/><E7/><AGARI ba="0,0" hai="7,10,12,48,50,85,90,94,132,133,135" m="63975" machi="7" ten="30,2000,0" yaku="20,1,52,1" doraHai="101" who="0" fromWho="1" sc="112,20,462,-20,280,0,146,0" /><INIT seed="4,0,0,4,0,92" ten="132,442,280,146" oya="0" hai0="122,29,99,110,131,79,97,88,15,68,86,25,6" hai1="84,125,46,112,31,26,0,36,8,75,70,128,49" hai2="4,108,42,85,27,95,37,13,50,14,76,119,71" hai3="12,44,89,81,109,3,23,103,19,107,38,16,9"/><T54/><D122/><U80/><E70/><V30/><F108/><W74/><G109/><T2/><D110/><U124/><E128/><V35/><F37/><W77/><G89/><T52/><D68/><U72/><E36/><V1/><F71/><W51/><G38/><T93/><D2/><U132/><E132/><V41/><F119/><W24/><G3/><T40/><D40/><U82/><E112/><V18/><F1/><W32/><G32/><T45/><D131/><U123/><E123/><V120/><F120/><W126/><G126/><N who="1" m="48746" /><E8/><V28/><F28/><W11/><G107/><T98/><D79/><U21/><E0/><V100/><F4/><W96/><G103/><T105/><D105/><U60/><E60/><V58/><F13/><W43/><REACH who="3" step="1"/><G96/><REACH who="3" ten="132,442,280,136" step="2"/><T55/><D45/><U56/><E46/><V115/><F100/><W102/><G102/><T65/><D65/><U48/><E82/><V67/><F35/><W90/><G90/><T7/><REACH who="0" step="1"/><D15/><REACH who="0" ten="122,442,280,136" step="2"/><U111/><E111/><V104/><F67/><W17/><G17/><T73/><D73/><U134/><E75/><V114/><F104/><W64/><G64/><T22/><AGARI ba="0,2" hai="6,7,22,25,29,52,54,55,86,88,93,97,98,99" machi="22" ten="30,24000,3" yaku="1,1,0,1,8,1,52,3,54,2,53,0" doraHai="92" doraHaiUra="33" who="0" fromWho="0" sc="122,260,442,-80,280,-80,136,-80" /><INIT seed="4,1,0,0,0,57" ten="382,362,200,56" oya="0" hai0="34,22,11,51,23,88,50,82,61,49,55,33,113" hai1="40,25,92,120,15,121,2,1,12,56,19,101,126" hai2="91,52,129,80,89,109,8,41,62,60,7,46,108" hai3="133,78,24,111,79,132,76,100,42,27,103,17,26"/><T99/><D113/><U102/><E40/><V3/><F129/><W86/><G111/><T38/><D38/><U14/><E126/><V31/><F31/><W72/><G72/><T84/><D34/><U93/><E56/><V73/><F91/><W117/><G117/><T28/><D11/><U105/><E105/><V74/><F74/><W112/><G112/><T45/><D33/><U85/><E85/><V44/><F44/><W119/><G119/><T135/><D135/><N who="3" m="51785" /><G42/><T10/><D10/><U87/><E87/><V70/><F52/><W114/><G114/><T128/><D128/><U75/><E75/><V122/><F89/><W127/><G86/><T83/><D83/><U39/><E25/><N who="3" m="6402" /><W36/><DORA hai="9" /><G36/><T68/><D28/><U21/><E21/><V134/><F122/><N who="1" m="47209" /><E19/><V131/><F131/><W58/><G58/><N who="0" m="35039" /><D68/><U48/><E48/><N who="0" m="18537" /><D99/><U30/><E30/><V115/><F115/><W47/><G17/><T63/><D63/><N who="2" m="24106" /><F70/><W53/><G127/><T95/><D82/><U116/><E116/><V35/><F35/><W118/><G118/><T104/><D104/><U81/><E81/><V64/><F134/><W125/><G125/><T5/><D5/><U20/><E39/><N who="2" m="21823" /><F64/><W106/><G106/><T97/><D84/><U59/><E59/><V6/><F7/><W130/><G130/><T94/><D94/><U29/><E93/><V71/><F71/><W98/><G98/><T54/><AGARI ba="1,0" hai="22,23,45,51,54,88,95,97" m="18537,35039" machi="54" ten="30,6000,0" yaku="8,1,52,1,54,1" doraHai="57,9" who="0" fromWho="0" sc="382,63,362,-21,200,-21,56,-21" /><INIT seed="4,2,0,0,1,118" ten="445,341,179,35" oya="0" hai0="57,10,47,27,35,54,66,107,90,87,67,89,31" hai1="2,123,30,115,37,127,98,82,86,26,95,133,40" hai2="84,109,7,25,135,60,41,111,77,78,58,44,38" hai3="99,72,93,97,131,103,48,112,45,21,80,63,113"/><T64/><D107/><U61/><E2/><V16/><F135/><W65/><G131/><T24/><D47/><U75/><E75/><V29/><F7/><W85/><G72/><T130/><D130/><U73/><E73/><V105/><F105/><W20/><G113/><T126/><D126/><U50/><E37/><V52/><F16/><W23/><G112/><T76/><D10/><U96/><E127/><V101/><F101/><W108/><G108/><T88/><D76/><U121/><E133/><V18/><F18/><W33/><G33/><T79/><D79/><U100/><E98/><V71/><F77/><W43/><G97/><T120/><D120/><U92/><E92/><V49/><F78/><W55/><G85/><T9/><D9/><U4/><E4/><V56/><F84/><W116/><G116/><T12/><D12/><U104/><E104/><V32/><REACH who="2" step="1"/><F71/><REACH who="2" ten="445,341,169,35" step="2"/><W124/><G124/><T1/><D1/><U70/><E115/><V128/><F128/><W91/><G80/><T42/><D27/><U59/><E70/><V17/><F17/><W0/><G0/><T6/><D6/><U51/><E86/><V46/><F46/><W5/><G5/><T122/><D87/><U62/><E82/><V119/><F119/><W74/><G74/><T83/><D83/><U3/><E3/><V53/><AGARI ba="2,1" hai="25,29,32,38,41,44,49,52,53,56,58,60,109,111" machi="53" ten="20,5200,0" yaku="1,1,0,1,7,1,54,1,53,0" doraHai="118" doraHaiUra="14" who="2" fromWho="2" sc="445,-28,341,-15,169,68,35,-15" /><INIT seed="5,0,0,0,0,7" ten="417,326,237,20" oya="1" hai0="75,37,102,55,51,42,11,81,27,8,103,135,53" hai1="79,124,38,16,34,13,72,125,112,91,21,88,123" hai2="90,127,33,121,128,47,66,129,111,78,6,60,73" hai3="113,19,114,32,10,87,117,9,63,80,17,74,39"/><U130/><E123/><V12/><F111/><W120/><G39/><T71/><D71/><U106/><E106/><V69/><F121/><W133/><G74/><T84/><D75/><U40/><E34/><V119/><F119/><W14/><G120/><T67/><D67/><U108/><E108/><V105/><F33/><W5/><G32/><T104/><D37/><U25/><E112/><N who="3" m="43114" /><G63/><T132/><D27/><U85/><E72/><V18/><F105/><W2/><G80/><T29/><D29/><U76/><E130/><V97/><F73/><W107/><G87/><T45/><D104/><U116/><E116/><V101/><F60/><W70/><G70/><T52/><D103/><U26/><E40/><V3/><F69/><W65/><G65/><T59/><D59/><U83/><E38/><V56/><F66/><W31/><G107/><T49/><D49/><U22/><E13/><V98/><F129/><W58/><G58/><T28/><D28/><U94/><E124/><V99/><F56/><W68/><G68/><T92/><D92/><U82/><E125/><V44/><F127/><W110/><G110/><T24/><D24/><U50/><E50/><V43/><F44/><W126/><G126/><T4/><D4/><U30/><E82/><V95/><F47/><W20/><G117/><T89/><D102/><U86/><AGARI ba="0,0" hai="16,21,22,25,26,30,76,79,83,85,86,88,91,94" machi="86" ten="20,12000,1" yaku="0,1,7,1,8,1,54,2" doraHai="7" who="1" fromWho="1" sc="417,-40,326,120,237,-40,20,-40" owari="377,18.0,446,54.0,197,-20.0,-20,-52.0" /></mjloggm>