<mjloggm ver="2.3"><GO type="169" lobby="0"/><UN n0="%E3%81%AC%E3%81%8F%E3%82%82%E3%82%8A" n1="%E3%81%8B%E3%81%A3%E9%A3%9B%E3%81%B0%E3%81%9B%E5%85%A8%E9%83%A8" n2="%6F%66" n3="%E6%B2%96%E3%83%92%E3%82%AB%E3%83%AB%EF%BC%88%E6%9C%AC%E7%89%A9%EF%BC%89" dan="17,16,16,16" rate="2144.81,2110.49,2175.83,2083.04" sx="M,M,M,F"/><TAIKYOKU oya="0"/><INIT seed="0,0,0,3,3,45" ten="250,250,250,250" oya="0" hai0="56,11,116,104,14,5,134,126,41,92,29,86,73" hai1="77,37,22,95,6,0,90,70,65,42,52,55,13" hai2="7,48,97,82,118,80,100,58,35,63,71,78,40" hai3="32,74,61,109,51,8,33,75,4,106,102,28,49"/><T15/><D116/><U128/><E0/><V135/><F35/><W3/><G109/><T93/><D104/><U43/><E128/><V89/><F135/><W62/><G106/><T83/><D73/><U20/><E70/><V120/><F120/><W76/><G102/><T124/><D134/><U112/><E65/><V24/><F71/><W132/><G132/><T88/><D29/><U131/><E131/><V85/><F7/><W9/><G28/><T23/><D41/><N who="1" m="15371" /><E77/><V64/><F24/><W17/><G76/><T30/><D56/><U123/><E37/><V39/><F39/><W91/><G91/><T72/><D72/><U96/><E112/><V38/><F38/><W133/><G133/><T105/><D105/><U94/><E94/><V103/><F118/><W113/><G17/><N who="0" m="10687" /><D30/><U12/><E123/><V129/><F129/><W107/><G107/><T87/><D87/><U66/><E66/><V16/><F16/><W130/><G130/><T125/><AGARI ba="0,0" hai="5,11,14,83,86,88,92,93,124,125,126" m="10687" machi="125" ten="30,3000,0" yaku="18,1,54,1" doraHai="45" who="0" fromWho="0" sc="250,30,250,-10,250,-10,250,-10" /><INIT seed="0,1,0,1,5,78" ten="280,240,240,240" oya="0" hai0="111,128,119,135,92,21,76,54,7,63,34,87,99" hai1="1,90,123,125,37,0,104,84,83,70,30,74,28" hai2="116,12,134,122,24,20,35,66,73,115,120,126,51" hai3="124,112,36,64,93,5,41,9,117,97,71,44,95"/><T61/><D119/><U130/><E123/><V91/><F73/><W72/><G117/><T49/><D34/><U129/><E125/><V52/><F116/><W39/><G124/><T118/><D118/><U42/><E70/><V27/><F66/><W110/><G39/><T38/><D38/><U22/><E104/><V82/><F126/><W100/><G112/><T4/><D128/><N who="1" m="49259" /><E74/><V67/><F67/><W40/><G40/><T58/><D135/><U68/><E68/><V107/><F107/><W11/><G11/><T6/><D111/><U131/><N who="1" m="49267" /><U109/><DORA hai="10" /><E109/><V105/><F105/><W88/><G72/><T56/><D21/><U121/><E121/><V19/><F115/><W59/><G71/><T81/><REACH who="0" step="1"/><D58/><REACH who="0" ten="270,240,240,240" step="2"/><U89/><E22/><V79/><F134/><W108/><G59/><T15/><D15/><U8/><E37/><V114/><F114/><W18/><G110/><T77/><D77/><U23/><E23/><V62/><F122/><W106/><G108/><T14/><D14/><U75/><E0/><V80/><F120/><W57/><G57/><T65/><D65/><U113/><E1/><V102/><F35/><W32/><G64/><T46/><D46/><U29/><E113/><V16/><F79/><W25/><G32/><T43/><D43/><U3/><E42/><V98/><F27/><W48/><G36/><T101/><AGARI ba="1,1" hai="4,6,7,49,54,56,61,63,76,81,87,92,99,101" machi="101" ten="30,12000,1" yaku="1,1,0,1,8,1,52,1,53,1" doraHai="78,10" doraHaiUra="55,86" who="0" fromWho="0" sc="270,133,240,-41,240,-41,240,-41" /><INIT seed="0,2,0,2,5,123" ten="403,199,199,199" oya="0" hai0="12,19,27,38,39,93,130,91,126,68,135,98,26" hai1="113,75,66,101,54,80,48,72,82,87,49,0,20" hai2="69,115,129,64,3,7,29,57,132,43,96,11,79" hai3="90,71,30,5,108,94,114,35,121,56,21,128,9"/><T14/><D68/><U133/><E0/><V15/><F115/><W97/><G71/><T60/><D130/><U109/><E113/><V67/><F129/><W44/><G128/><T2/><D2/><U32/><E32/><V104/><F69/><W63/><G114/><T25/><D135/><U65/><E101/><V58/><F132/><W85/><G35/><T76/><D126/><U107/><E133/><V52/><F43/><W116/><G44/><T41/><D76/><U124/><E20/><V74/><F74/><BYE who="2" /><UN n2="%6F%66" /><W4/><G116/><T134/><D134/><U131/><E131/><V118/><F79/><W99/><G5/><T112/><D112/><U92/><E92/><V81/><F81/><W78/><G78/><T95/><D60/><U6/><E87/><V83/><F83/><W34/><G34/><T40/><D12/><U61/><E6/><V119/><F29/><W77/><G77/><T127/><D127/><U31/><E61/><V62/><F3/><W46/><G30/><T120/><D120/><U105/><E31/><V45/><F45/><W122/><G46/><T33/><D33/><U28/><E28/><V36/><F36/><W10/><G63/><T24/><D24/><U117/><E124/><V47/><F47/><W55/><G122/><T13/><D13/><U88/><E54/><V86/><F86/><W17/><G55/><T37/><D93/><U111/><REACH who="1" step="1"/><E88/><REACH who="1" ten="403,189,199,199" step="2"/><V106/><F52/><W84/><G90/><T22/><AGARI ba="2,1" hai="14,19,22,25,26,27,37,38,39,40,41,91,95,98" machi="22" ten="40,2100,0" yaku="0,1" doraHai="123" who="0" fromWho="0" sc="403,37,189,-9,199,-9,199,-9" /><INIT seed="0,3,0,5,3,31" ten="440,180,190,190" oya="0" hai0="54,12,90,104,1,8,115,37,13,81,134,63,83" hai1="69,97,124,80,38,17,65,16,122,111,23,75,34" hai2="110,79,101,24,9,57,94,86,135,112,78,132,60" hai3="11,84,93,100,4,128,56,51,43,0,70,28,120"/><T25/><D115/><U88/><E122/><V49/><F112/><W6/><G70/><T47/><D104/><U126/><E111/><V99/><F110/><W116/><G120/><T35/><D134/><N who="2" m="51242" /><F49/><W119/><G6/><T76/><D1/><U15/><E38/><V48/><F48/><W61/><G28/><T67/><D90/><U45/><E45/><V2/><F24/><W114/><G114/><T89/><D89/><U62/><E75/><V117/><F86/><W113/><G84/><T39/><D81/><U21/><E34/><V46/><F46/><W20/><G113/><T14/><D8/><U10/><E80/><V53/><F117/><W131/><G51/><T123/><D123/><U55/><E55/><V72/><F72/><W33/><G43/><T108/><D108/><U32/><E32/><V52/><F53/><N who="3" m="33935" /><G20/><T133/><D133/><U127/><E17/><V5/><AGARI ba="3,0" hai="2,5,9,52,57,60,78,79,94,99,101" m="51242" machi="5" ten="30,2000,0" yaku="20,1,54,1" doraHai="31" who="2" fromWho="2" sc="440,-13,180,-8,190,29,190,-8" /><INIT seed="1,0,0,2,4,99" ten="427,172,219,182" oya="1" hai0="75,89,38,61,127,76,71,58,79,65,84,52,41" hai1="111,57,81,11,92,78,8,129,44,25,23,66,31" hai2="130,5,9,46,55,49,63,80,98,22,107,15,114" hai3="24,69,91,128,18,33,0,60,134,88,39,103,67"/><U106/><E106/><V32/><F32/><W126/><G39/><T48/><D127/><U97/><E129/><V62/><F130/><W90/><G128/><T121/><D121/><U17/><E111/><V6/><F114/><W120/><G0/><T105/><D105/><U118/><E118/><V85/><F5/><W40/><G40/><T72/><D76/><U115/><E115/><V94/><F107/><W123/><G126/><T13/><D13/><U124/><E124/><V7/><F7/><W112/><G112/><T104/><D79/><U20/><E44/><V37/><F37/><W35/><G134/><T125/><D104/><U102/><E57/><V14/><F14/><W83/><G103/><T96/><D96/><U43/><E66/><V53/><F22/><W77/><G35/><T56/><D56/><U64/><E64/><V119/><F55/><W36/><G36/><T51/><D51/><U45/><E45/><V28/><F28/><W30/><REACH who="3" step="1"/><G18/><REACH who="3" ten="427,172,219,172" step="2"/><T133/><D133/><U108/><E43/><V73/><F119/><W34/><G34/><T82/><D125/><U74/><REACH who="1" step="1"/><E108/><REACH who="1" ten="427,162,219,172" step="2"/><V101/><REACH who="2" step="1"/><F73/><AGARI ba="0,2" hai="24,30,33,60,67,69,73,77,83,88,90,91,120,123" machi="73" ten="40,2600,0" yaku="1,1,54,1,53,0" doraHai="99" doraHaiUra="131" who="3" fromWho="2" sc="427,0,162,0,219,-26,172,46" /><INIT seed="2,0,0,4,0,108" ten="427,162,193,218" oya="2" hai0="6,59,92,33,114,13,30,109,105,115,131,54,86" hai1="133,0,88,72,56,98,52,53,68,83,43,110,31" hai2="75,129,14,116,35,96,132,9,55,79,85,50,42" hai3="22,8,122,67,12,48,126,74,5,29,32,66,27"/><V2/><F116/><W38/><G38/><T25/><D105/><U47/><E110/><V104/><F35/><W127/><G74/><T125/><D109/><U130/><E133/><V111/><F111/><W134/><G122/><T117/><D117/><U82/><E130/><V34/><F34/><W41/><G134/><T101/><D131/><U95/><E68/><V26/><F2/><W118/><G118/><T15/><D125/><N who="3" m="47625" /><G22/><T77/><D101/><U11/><E31/><V39/><F39/><W87/><G87/><T94/><D94/><U81/><E72/><V135/><F75/><W61/><G61/><T73/><D73/><U23/><E23/><V21/><F55/><W103/><G103/><T120/><D120/><U119/><E119/><V97/><F129/><W28/><G28/><T4/><D86/><U102/><E102/><V36/><F36/><W71/><G71/><T69/><D69/><U113/><E11/><V121/><F104/><W89/><G89/><T24/><D30/><U65/><E88/><V44/><F121/><W58/><G58/><T1/><D59/><U40/><E56/><V64/><F132/><W70/><G70/><T84/><D84/><U57/><E57/><V46/><F46/><AGARI ba="0,0" hai="5,8,12,27,29,32,41,46,48,66,67" m="47625" machi="46" ten="30,1000,0" yaku="18,1" doraHai="108" who="3" fromWho="2" sc="427,0,162,0,193,-10,218,10" /><INIT seed="3,0,0,0,2,135" ten="427,162,183,228" oya="3" hai0="59,14,47,23,110,115,99,29,65,18,54,38,32" hai1="40,66,88,52,57,133,117,76,12,37,118,45,13" hai2="116,86,24,80,51,16,34,48,96,61,31,11,134" hai3="67,129,119,105,101,35,58,20,81,98,46,49,127"/><W91/><G119/><N who="1" m="45578" /><E133/><V55/><F116/><W87/><G35/><T94/><D110/><U114/><E114/><V5/><F134/><W10/><G129/><T97/><D115/><U4/><E76/><V89/><F61/><W130/><G130/><T128/><D128/><U25/><E66/><V107/><F55/><W132/><G20/><T64/><D32/><U68/><E68/><V77/><F16/><W126/><G132/><T56/><D97/><U121/><E121/><V50/><F107/><W123/><G123/><T33/><D33/><U125/><E25/><V75/><F96/><W111/><G111/><T21/><D38/><U90/><E125/><N who="3" m="47626" /><G10/><T93/><D93/><U109/><E109/><V6/><F11/><W83/><G83/><T27/><D47/><U72/><E72/><V120/><F120/><W124/><G124/><T100/><D56/><U42/><E42/><V78/><F75/><W82/><G82/><T69/><D69/><U85/><E4/><V44/><F44/><W92/><G81/><T3/><D3/><U0/><E0/><V63/><F6/><W17/><G58/><T73/><D73/><U60/><E90/><V62/><F5/><W15/><G67/><T43/><D65/><U1/><E1/><V8/><F8/><N who="3" m="6375" /><G46/><T2/><D64/><U95/><AGARI ba="0,0" hai="12,13,37,40,45,52,57,60,85,88,95" m="45578" machi="95" ten="30,4000,0" yaku="12,1,54,2" doraHai="135" who="1" fromWho="1" sc="427,-10,162,40,183,-10,228,-20" /><INIT seed="4,0,0,5,5,46" ten="417,202,173,208" oya="0" hai0="113,36,105,111,0,48,98,80,68,131,53,107,84" hai1="82,51,108,116,33,114,20,76,133,55,21,89,22" hai2="74,122,77,99,117,127,62,75,110,26,23,96,35" hai3="60,16,130,44,72,97,87,118,67,15,59,61,5"/><T101/><D36/><U104/><E116/><V47/><F122/><W18/><G72/><T50/><D0/><U17/><E108/><V54/><F110/><W42/><G118/><T126/><D111/><U28/><E133/><V3/><F3/><W63/><G130/><T30/><D131/><U132/><E132/><V41/><F35/><W8/><G97/><T115/><D126/><U32/><E104/><V119/><F54/><W92/><G61/><T69/><D107/><U120/><E120/><V83/><F75/><W112/><G63/><T24/><D68/><U91/><E17/><V2/><F2/><W6/><G6/><T37/><D37/><U124/><E124/><V123/><F123/><W38/><G112/><N who="0" m="43083" /><D53/><U57/><E114/><V49/><F127/><W13/><G13/><T40/><D40/><U128/><E128/><V14/><F62/><W58/><G58/><T4/><D4/><U1/><E1/><V39/><F39/><W34/><G34/><N who="0" m="20807" /><D69/><U56/><E56/><V19/><F26/><W121/><G121/><T79/><AGARI ba="0,0" hai="48,50,79,80,84,98,101,105" m="20807,43083" machi="79" ten="30,6000,0" yaku="15,1,52,2" doraHai="46" who="0" fromWho="0" sc="417,60,202,-20,173,-20,208,-20" /><INIT seed="4,1,0,5,2,78" ten="477,182,153,188" oya="0" hai0="115,40,100,76,132,4,34,121,89,130,17,13,42" hai1="84,46,93,112,12,110,96,43,48,97,63,104,7" hai2="60,103,135,24,38,124,59,70,22,109,117,19,116" hai3="69,88,86,30,102,79,91,11,64,67,25,28,58"/><T125/><D121/><U83/><E110/><V107/><F109/><W133/><G133/><T57/><D34/><U111/><E111/><V123/><F123/><W39/><G39/><T29/><D132/><U118/><E118/><V6/><F135/><W53/><G102/><T119/><D119/><N who="2" m="45642" /><F38/><W85/><G79/><T81/><D115/><U62/><E104/><V41/><F41/><W14/><G69/><T101/><D130/><U54/><E112/><V131/><F70/><W75/><G75/><T47/><D125/><U44/><E44/><V37/><F37/><W95/><G67/><T126/><D126/><U31/><E31/><V20/><F6/><W61/><G64/><T16/><D29/><U114/><E114/><V23/><F124/><W106/><G106/><T68/><D68/><U51/><E51/><V108/><F108/><W50/><G50/><N who="0" m="26983" /><D57/><N who="1" m="35127" /><E63/><V45/><F45/><W27/><G30/><T49/><D49/><U35/><E35/><V80/><F107/><W15/><G28/><T52/><D42/><U65/><E65/><N who="2" m="39071" /><F103/><W134/><G134/><T3/><D101/><U128/><E128/><V72/><F131/><W21/><G61/><T105/><D100/><U5/><E43/><V92/><F92/><N who="3" m="54287" /><G58/><T129/><D105/><U1/><E46/><V73/><F73/><W55/><G55/><T99/><D52/><U18/><E1/><V36/><F36/><W10/><G53/><T82/><D129/><U90/><E48/><V120/><F120/><W9/><G27/><T127/><D127/><U74/><E74/><V56/><F56/><W87/><G87/><RYUUKYOKU ba="1,0" sc="477,-15,182,-15,153,15,188,15" hai2="19,20,22,23,24,72,80" hai3="9,10,11,14,15,21,25,86,91,95" /><INIT seed="5,2,0,5,3,87" ten="462,167,168,203" oya="1" hai0="120,39,116,107,96,125,90,88,135,58,79,118,35" hai1="16,81,59,92,22,86,37,95,99,104,5,46,102" hai2="121,134,115,47,30,53,21,78,49,126,73,2,108" hai3="19,117,54,106,122,63,97,4,91,68,112,3,127"/><U20/><E5/><V44/><F2/><W55/><G122/><T109/><D35/><U6/><E6/><V28/><F121/><W33/><G33/><T124/><D120/><U26/><E59/><V1/><F1/><W71/><G19/><T43/><D109/><U17/><E46/><V38/><F108/><W7/><G3/><T51/><D39/><U18/><E37/><V64/><F64/><W75/><G75/><T25/><D135/><U31/><REACH who="1" step="1"/><E20/><REACH who="1" ten="462,157,168,203" step="2"/><V36/><F21/><W24/><G71/><T131/><D58/><U89/><AGARI ba="2,1" hai="16,17,18,22,26,31,81,86,89,92,95,99,102,104" machi="89" ten="30,12000,1" yaku="1,1,2,1,0,1,52,1,54,1,53,0" doraHai="87" doraHaiUra="114" who="1" fromWho="1" sc="462,-42,157,136,168,-42,203,-42" /><INIT seed="5,3,0,3,3,80" ten="420,293,126,161" oya="1" hai0="6,109,10,5,122,53,44,20,103,63,97,135,98" hai1="92,40,96,111,30,15,95,131,29,43,124,28,35" hai2="115,110,91,73,85,21,17,39,79,107,112,125,121" hai3="120,59,130,51,108,78,66,46,42,7,36,50,37"/><U105/><E35/><V11/><F110/><W118/><G7/><T49/><D109/><U129/><E111/><V24/><F121/><W8/><G108/><T123/><D135/><U54/><E124/><V74/><F125/><W113/><G8/><T104/><D97/><U4/><E105/><V69/><F69/><W9/><G9/><T31/><D63/><U38/><E54/><V48/><F39/><N who="3" m="21855" /><G78/><T47/><D47/><N who="1" m="23959" /><E43/><V58/><F107/><W23/><G23/><T16/><D31/><U128/><E96/><V60/><F48/><N who="3" m="18475" /><G120/><N who="0" m="46123" /><D10/><AGARI ba="3,0" hai="4,10,15,28,29,30,92,95,128,129,131" m="23959" machi="10" ten="40,2000,0" yaku="19,1" doraHai="80" who="1" fromWho="0" sc="420,-29,293,29,126,0,161,0" /><INIT seed="5,4,0,3,1,54" ten="391,322,126,161" oya="1" hai0="102,75,110,48,128,32,34,98,20,4,80,67,6" hai1="112,64,135,59,3,14,37,36,26,105,101,39,41" hai2="93,13,40,113,133,73,85,134,49,91,16,25,33" hai3="66,129,88,94,107,92,5,115,10,97,121,11,62"/><U69/><E3/><V68/><F68/><W104/><G121/><T106/><D110/><U28/><E112/><V71/><F71/><W2/><G115/><T109/><D109/><U58/><E135/><V22/><F73/><W111/><G111/><T78/><D128/><U130/><E130/><V118/><F118/><W7/><G129/><T124/><D124/><U72/><E72/><V100/><F113/><W61/><G94/><T44/><D67/><U47/><E14/><V77/><F77/><W82/><G82/><T8/><D20/><U114/><E114/><V79/><F79/><W57/><G62/><T43/><REACH who="0" step="1"/><D6/><REACH who="0" ten="381,322,126,161" step="2"/><U125/><E125/><V95/><F134/><W30/><G30/><T21/><D21/><U38/><E64/><V89/><F133/><W119/><G119/><T117/><D117/><U51/><E69/><V103/><F33/><W53/><G66/><T126/><D126/><U63/><N who="1" m="9216" /><DORA hai="23" /><U132/><E132/><V29/><F29/><W76/><G76/><T116/><D116/><U65/><E65/><V123/><F123/><W52/><G53/><T84/><D84/><U55/><E55/><V46/><F25/><W86/><G86/><AGARI ba="4,1" hai="13,16,22,40,46,49,85,86,89,91,93,95,100,103" machi="86" ten="30,7700,0" yaku="7,1,9,1,8,1,54,1" doraHai="54,23" who="2" fromWho="3" sc="381,0,322,0,126,99,161,-89" /><INIT seed="6,0,0,5,4,3" ten="381,322,225,72" oya="2" hai0="58,20,10,114,79,9,101,119,69,43,96,18,98" hai1="14,40,83,87,21,5,2,12,15,66,44,115,116" hai2="53,49,90,120,77,46,17,4,113,112,97,128,104" hai3="91,88,82,93,33,106,68,0,7,1,48,31,73"/><V122/><F77/><W103/><G68/><T59/><D69/><U111/><E111/><V117/><F117/><W108/><G108/><T50/><D114/><N who="2" m="44138" /><F128/><W11/><G1/><T54/><D119/><U110/><E110/><V85/><F17/><W133/><G133/><T42/><D79/><U81/><E116/><V105/><F4/><W80/><G91/><T32/><D32/><U107/><E107/><N who="2" m="41035" /><F97/><N who="0" m="37482" /><D101/><U131/><E131/><V75/><F75/><W127/><G106/><T94/><D94/><AGARI ba="0,0" hai="46,49,53,85,90,94,120,122" m="41035,44138" machi="94" ten="30,1500,0" yaku="15,1" doraHai="3" who="2" fromWho="0" sc="381,-15,322,0,225,15,72,0" /><INIT seed="6,1,0,5,4,45" ten="366,322,240,72" oya="2" hai0="97,15,70,114,117,71,51,123,106,52,22,64,80" hai1="101,36,125,53,10,41,66,48,67,38,128,34,93" hai2="5,113,1,104,81,111,82,12,108,134,107,118,87" hai3="126,78,14,32,46,20,112,83,122,16,91,9,40"/><V99/><F1/><W69/><G122/><T102/><D123/><U43/><E34/><V54/><F118/><W42/><G69/><T39/><D39/><N who="1" m="14891" /><E10/><V100/><F107/><W17/><G32/><T27/><D114/><U23/><E23/><V47/><F113/><W6/><G112/><T63/><D117/><U74/><E93/><V8/><F134/><W127/><G91/><T37/><D37/><U96/><E96/><V133/><F133/><W25/><G17/><T56/><D80/><U131/><E101/><V115/><F115/><W110/><G110/><N who="2" m="42025" /><F87/><W130/><G130/><N who="1" m="49706" /><E74/><V76/><F76/><W72/><REACH who="3" step="1"/><G46/><REACH who="3" ten="366,322,240,62" step="2"/><T129/><D129/><U11/><E125/><AGARI ba="1,1" hai="6,9,14,16,20,25,40,42,72,78,83,125,126,127" machi="125" ten="40,8000,1" yaku="1,1,2,1,18,1,54,1,53,1" doraHai="45" doraHaiUra="19" who="3" fromWho="1" sc="366,0,322,-83,240,0,62,93" /><INIT seed="7,0,0,4,0,56" ten="366,239,240,155" oya="3" hai0="72,123,121,107,23,1,77,132,97,95,74,9,2" hai1="104,60,29,112,63,100,105,24,15,46,120,61,13" hai2="87,25,108,20,59,81,55,116,79,78,122,38,115" hai3="6,49,67,27,48,135,65,131,21,92,3,36,28"/><W8/><G36/><T125/><D107/><U18/><E120/><V7/><F108/><W14/><G135/><T5/><D132/><U119/><E46/><V17/><F116/><W110/><G110/><T70/><D70/><U83/><E83/><V133/><F133/><W80/><G131/><T58/><D125/><U50/><E50/><V109/><F109/><W103/><G80/><T90/><D1/><U16/><E119/><V106/><F106/><W73/><G73/><T128/><D128/><U32/><E112/><V94/><F115/><W82/><G82/><T69/><D69/><U96/><REACH who="1" step="1"/><E105/><REACH who="1" ten="366,229,240,155" step="2"/><V22/><F122/><W117/><G117/><T34/><D123/><U76/><E76/><V102/><F38/><W88/><G103/><T19/><D77/><U91/><E91/><V57/><F79/><W93/><G93/><T35/><D121/><U31/><E31/><V0/><F94/><W30/><G30/><T101/><D90/><U66/><E66/><N who="3" m="25098" /><G3/><T40/><D2/><U111/><E111/><V130/><F102/><W12/><G14/><AGARI ba="0,1" hai="13,14,15,16,18,24,29,32,60,61,63,96,100,104" machi="14" ten="40,8000,1" yaku="1,1,52,3,54,1,53,0" doraHai="56" doraHaiUra="86" who="1" fromWho="3" sc="366,0,229,90,240,0,155,-80" owari="366,46.0,319,12.0,240,-16.0,75,-42.0" /></mjloggm>