<mjloggm ver="2.3"><GO type="169" lobby="0"/><UN n0="%E7%88%86%E7%89%8C%E3%82%A6%E3%82%B7%E3%82%B8%E3%83%9E%E3%81%8F%E3%82%93" n1="%73%65%61%73%74%6F%72%79" n2="%E3%81%A4%E3%82%89%E3%81%84%E3%80%82" n3="%E3%81%BF%E3%81%8B%E3%82%93%E5%A4%AA" dan="16,16,16,17" rate="2094.80,2106.49,2109.82,2183.38" sx="M,M,M,M"/><TAIKYOKU oya="0"/><INIT seed="0,0,0,3,5,129" ten="250,250,250,250" oya="0" hai0="93,132,72,80,78,70,64,29,101,92,57,22,97" hai1="124,6,27,7,125,48,98,133,28,128,41,83,95" hai2="66,16,121,99,110,122,12,84,112,103,87,104,102" hai3="54,5,45,108,123,24,74,52,82,127,79,130,58"/><T20/><D132/><U37/><E37/><V15/><F112/><W44/><G108/><T4/><D70/><U111/><E111/><V131/><F110/><W36/><G130/><T126/><D126/><U21/><E128/><V49/><F131/><W51/><G123/><T94/><D4/><U3/><E3/><V38/><F38/><W10/><G127/><N who="1" m="48714" /><E83/><V25/><F66/><W13/><G24/><T91/><D29/><U8/><E8/><V35/><F49/><W76/><G76/><T26/><D26/><U59/><E133/><V73/><F73/><W77/><G77/><T114/><D114/><U32/><E32/><V46/><F46/><W68/><G68/><T11/><D11/><U96/><E96/><V42/><F42/><W0/><G13/><T56/><D93/><U31/><E31/><V106/><F99/><W34/><G34/><T90/><D101/><U109/><E109/><V55/><F35/><W75/><G75/><T14/><D14/><U43/><E43/><V120/><F25/><W60/><REACH who="3" step="1"/><G36/><REACH who="3" ten="250,250,250,240" step="2"/><T89/><D78/><U53/><E41/><V107/><F12/><W2/><G2/><T9/><D72/><U17/><E28/><V63/><F15/><W23/><G23/><T40/><D22/><U118/><E118/><V61/><F121/><W116/><G116/><T65/><D20/><U71/><E71/><V69/><F69/><W115/><G115/><T100/><D9/><U19/><E19/><V50/><F16/><W67/><G67/><T135/><D65/><U86/><E17/><V119/><F122/><W117/><G117/><RYUUKYOKU ba="0,1" sc="250,-10,250,-10,250,-10,240,30" hai3="0,5,10,44,45,51,52,54,58,60,74,79,82" /><INIT seed="1,1,1,2,0,83" ten="240,240,240,270" oya="1" hai0="63,7,121,107,25,21,111,45,46,131,96,91,44" hai1="57,123,42,66,52,39,23,92,9,110,105,37,3" hai2="72,18,116,38,16,89,10,79,30,84,99,64,70" hai3="106,97,5,19,75,48,93,14,43,90,82,135,127"/><U115/><E123/><V67/><F38/><W77/><G127/><T94/><D121/><U109/><E105/><V35/><F116/><W129/><G135/><T88/><D111/><N who="1" m="42507" /><E115/><V76/><F99/><W134/><G129/><T85/><D131/><U47/><E66/><V33/><F72/><W80/><G5/><T81/><D107/><U56/><E23/><V22/><F70/><W31/><G31/><N who="0" m="17839" /><D63/><N who="1" m="36231" /><E92/><V11/><F30/><W126/><G134/><T101/><D7/><N who="1" m="1279" /><E57/><V118/><F118/><W15/><G126/><T1/><D1/><U54/><E54/><V74/><F22/><W128/><G106/><T132/><D132/><U34/><E34/><V124/><F124/><W61/><G128/><T2/><D2/><U119/><E119/><V69/><F69/><W26/><G93/><T102/><AGARI ba="1,1" hai="44,45,46,81,85,88,91,94,96,101,102" m="17839" machi="102" ten="30,4000,0" yaku="8,1,52,1,54,1" doraHai="83" who="0" fromWho="0" sc="240,53,240,-21,240,-11,270,-11" /><INIT seed="2,0,0,0,5,123" ten="293,219,229,259" oya="2" hai0="80,122,7,72,105,0,60,28,126,107,34,63,59" hai1="114,27,26,108,67,99,22,47,38,112,1,55,9" hai2="116,23,69,128,43,68,18,81,37,103,14,97,127" hai3="98,16,79,77,65,13,111,83,3,24,87,53,21"/><V102/><F116/><W70/><G3/><T54/><D122/><U93/><E67/><V129/><F127/><W19/><G70/><N who="2" m="27241" /><F81/><W35/><G65/><T41/><D41/><U94/><E1/><V57/><F57/><W106/><G53/><T11/><D126/><U75/><E75/><V85/><F85/><W4/><G4/><T91/><D63/><U119/><E119/><V118/><F118/><W45/><G45/><T110/><D110/><U44/><E38/><V92/><F103/><W96/><G111/><T10/><D10/><U29/><E108/><V95/><F95/><W20/><G35/><T109/><D109/><U46/><E9/><V32/><F32/><W36/><G36/><T78/><D91/><U101/><E27/><V48/><F48/><W40/><G40/><T121/><D121/><U52/><REACH who="1" step="1"/><E94/><REACH who="1" ten="293,209,229,259" step="2"/><V113/><F113/><AGARI ba="0,1" hai="22,26,29,44,46,47,52,55,93,99,101,112,113,114" machi="113" ten="40,5200,0" yaku="1,1,2,1,54,1,53,0" doraHai="123" doraHaiUra="124" who="1" fromWho="2" sc="293,0,209,62,229,-52,259,0" /><INIT seed="3,0,0,5,5,30" ten="293,271,177,259" oya="3" hai0="82,83,71,60,62,129,20,109,131,93,28,66,32" hai1="72,36,57,94,31,128,125,2,48,103,52,79,127" hai2="67,54,77,78,7,33,106,81,84,68,108,13,124" hai3="111,29,104,55,0,11,1,119,126,58,5,99,16"/><W100/><G119/><T86/><D109/><U110/><E110/><V64/><F108/><W59/><G111/><T61/><D93/><U132/><E2/><V87/><F106/><W105/><G126/><T70/><D32/><U118/><E36/><V135/><F124/><N who="1" m="47689" /><E118/><V21/><F68/><N who="0" m="26154" /><D66/><U10/><E132/><V23/><F54/><W6/><G104/><T97/><D97/><N who="1" m="59831" /><E31/><V98/><F98/><W51/><G59/><T69/><D86/><U18/><E128/><N who="0" m="49225" /><D69/><U3/><E72/><V89/><F33/><W41/><G41/><T113/><D113/><U133/><E133/><V22/><F135/><W56/><G29/><T114/><D114/><U17/><E79/><V49/><F49/><W26/><G58/><T121/><D121/><U65/><E65/><N who="2" m="25163" /><F87/><W76/><G76/><T112/><D112/><U9/><E3/><V92/><F92/><W130/><G130/><T63/><N who="0" m="15360" /><DORA hai="37" /><T91/><D91/><U19/><AGARI ba="0,0" hai="9,10,17,18,19,48,52,57" m="59831,47689" machi="19" ten="30,2000,0" yaku="18,1,54,1" doraHai="30,37" who="1" fromWho="1" sc="293,-5,271,20,177,-5,259,-10" /><INIT seed="4,0,0,1,2,22" ten="288,291,172,249" oya="0" hai0="33,15,55,7,117,43,98,6,1,133,14,75,103" hai1="107,92,24,100,41,97,46,52,76,118,48,72,123" hai2="70,8,121,90,77,80,78,94,63,39,3,91,58" hai3="47,69,35,79,12,135,5,50,65,109,10,104,44"/><T2/><D75/><U102/><E123/><V61/><F121/><W83/><G109/><T132/><D43/><U105/><E118/><V0/><F39/><W115/><G104/><T17/><D55/><U62/><E72/><V112/><F112/><W96/><G115/><T134/><D98/><U37/><E76/><V57/><F70/><W74/><G96/><T27/><D103/><U66/><E102/><V4/><F8/><W95/><G95/><T124/><D117/><U73/><E73/><V26/><F4/><N who="0" m="1578" /><D124/><U82/><E82/><V38/><F38/><W125/><G125/><T13/><D17/><U59/><REACH who="1" step="1"/><E24/><REACH who="1" ten="288,281,172,249" step="2"/><V56/><F26/><W84/><G83/><T40/><D40/><U128/><E128/><V60/><F80/><W86/><G79/><N who="2" m="30217" /><F94/><W16/><G74/><T99/><D99/><U85/><E85/><V64/><F64/><W116/><G65/><T32/><D27/><U113/><E113/><V68/><F68/><AGARI ba="0,1" hai="37,41,46,48,52,59,62,66,68,92,97,100,105,107" machi="68" ten="30,8000,1" yaku="1,1,7,1,24,2,54,1,53,0" doraHai="22" doraHaiUra="120" who="1" fromWho="2" sc="288,0,281,90,172,-80,249,0" /><INIT seed="5,0,0,4,3,112" ten="288,371,92,249" oya="1" hai0="49,95,97,8,85,106,126,46,54,131,82,25,80" hai1="15,116,68,73,108,11,66,14,63,22,132,99,40" hai2="23,5,101,79,64,84,17,60,94,10,0,83,114" hai3="39,3,133,134,121,38,41,119,13,130,70,115,12"/><U31/><E73/><V113/><F101/><W42/><G13/><T24/><D126/><U93/><E108/><V32/><F94/><W92/><G92/><T36/><D131/><U127/><E127/><V107/><F107/><W91/><G91/><T125/><D125/><U26/><E132/><N who="3" m="50794" /><G12/><T4/><D36/><N who="3" m="13865" /><G3/><T129/><D106/><U2/><E40/><N who="3" m="15466" /><G121/><T117/><D24/><U78/><E78/><V30/><F30/><W37/><G37/><T51/><D25/><U57/><E2/><V96/><F32/><W77/><G77/><T120/><D95/><U34/><E34/><V109/><F96/><W18/><G18/><T52/><D97/><U104/><E104/><V118/><F109/><W44/><G130/><T48/><D129/><U27/><E27/><V58/><F114/><W71/><G115/><T89/><D120/><U6/><E68/><N who="3" m="26154" /><G44/><T122/><D122/><U100/><E15/><V69/><F113/><W98/><G98/><T87/><D46/><U59/><E59/><V16/><F69/><W128/><G128/><T110/><D110/><U50/><E50/><V86/><F86/><W28/><G28/><T65/><D51/><U81/><E81/><V105/><F105/><W111/><G111/><T53/><D49/><U61/><E61/><V45/><F45/><W55/><G55/><T33/><D48/><U47/><E47/><V123/><F123/><W135/><N who="3" m="50802" /><W56/><DORA hai="75" /><G56/><T88/><D54/><U72/><E72/><V1/><F1/><W21/><G21/><T103/><D52/><U29/><E29/><V74/><F23/><RYUUKYOKU ba="0,0" sc="288,-15,371,15,92,-15,249,15" hai1="6,11,14,22,26,31,57,63,66,93,99,100,116" hai3="119" /><INIT seed="5,1,0,2,3,49" ten="273,386,77,264" oya="1" hai0="52,17,80,113,127,11,1,15,29,75,129,60,39" hai1="95,14,70,16,59,73,104,3,10,115,12,21,77" hai2="5,130,62,57,79,51,118,32,114,66,88,106,58" hai3="46,86,81,107,48,36,44,134,116,83,72,112,100"/><U123/><E70/><V122/><F118/><W24/><G112/><T33/><D113/><U117/><E104/><V67/><F114/><W121/><G121/><T97/><D127/><U99/><E115/><V38/><F38/><W26/><G134/><T27/><D129/><U47/><E123/><V101/><F130/><W135/><G135/><T110/><D39/><U31/><E3/><V111/><F111/><W20/><G100/><T125/><D125/><U8/><E47/><V89/><F32/><W63/><G63/><T61/><D110/><U22/><E117/><V54/><F122/><W30/><G107/><T40/><D40/><U18/><E31/><V91/><F79/><W87/><G72/><T90/><D97/><U45/><E45/><V131/><F131/><W68/><G68/><T82/><D82/><U7/><E7/><V74/><F74/><W94/><G94/><T102/><D102/><U41/><E41/><V64/><REACH who="2" step="1"/><F5/><REACH who="2" ten="273,386,67,264" step="2"/><W34/><G36/><T128/><D128/><U132/><E132/><V0/><F0/><W92/><G34/><T6/><D75/><U43/><E77/><V50/><F50/><W98/><G48/><T28/><D6/><U103/><E73/><V119/><F119/><W25/><G116/><T23/><D1/><U71/><E43/><V108/><F108/><W133/><G133/><T56/><D33/><U120/><E120/><V69/><F69/><W109/><G109/><T76/><D76/><U37/><E71/><V9/><F9/><N who="1" m="3689" /><E37/><V65/><F65/><W13/><G20/><T55/><D23/><U124/><E124/><RYUUKYOKU ba="1,1" sc="273,-15,386,15,67,15,264,-15" hai1="12,14,16,18,21,22,59,95,99,103" hai2="51,54,57,58,62,64,66,67,88,89,91,101,106" /><INIT seed="5,2,1,1,1,63" ten="258,401,82,249" oya="1" hai0="126,88,68,49,102,66,106,86,8,34,132,67,78" hai1="37,48,130,79,110,127,133,135,24,23,119,46,113" hai2="82,60,111,85,53,65,115,100,80,95,31,21,18" hai3="27,19,14,26,77,57,32,109,93,122,114,50,7"/><U47/><E119/><V44/><F111/><W89/><G109/><T76/><D68/><U73/><E110/><V28/><F115/><W2/><G122/><T98/><D34/><U10/><E113/><V64/><F31/><W6/><G77/><T118/><D118/><U17/><E130/><V41/><F28/><W74/><G74/><T51/><D126/><U129/><E127/><V117/><F117/><W30/><G26/><T81/><D132/><U99/><E99/><N who="2" m="59519" /><F41/><W45/><G57/><T90/><D90/><U105/><E129/><V40/><F40/><W70/><G70/><T59/><D8/><U71/><E71/><V103/><F103/><W87/><G2/><T62/><REACH who="0" step="1"/><D66/><REACH who="0" ten="248,401,82,249" step="2"/><N who="2" m="25706" /><F85/><W94/><G114/><T56/><D56/><U1/><E10/><V36/><F36/><W20/><G94/><T39/><D39/><U125/><E37/><V83/><F44/><W108/><G108/><T124/><D124/><U69/><E47/><V134/><F134/><W104/><G104/><T101/><D101/><U43/><E46/><V12/><F82/><W52/><AGARI ba="2,2" hai="6,7,14,19,20,27,30,32,45,50,52,87,89,93" machi="52" ten="20,2700,0" yaku="0,1,7,1,54,1" doraHai="63" who="3" fromWho="3" sc="248,-9,401,-15,82,-9,249,53" /><INIT seed="6,0,0,3,5,126" ten="239,386,73,302" oya="2" hai0="127,81,35,10,34,38,120,97,113,59,85,104,28" hai1="25,33,76,15,94,90,86,47,14,9,75,24,43" hai2="79,106,49,16,72,4,45,23,107,109,40,63,108" hai3="0,131,2,98,1,6,78,111,95,122,65,5,130"/><V91/><F4/><W7/><G111/><N who="2" m="42569" /><F91/><W37/><G37/><T102/><D120/><U50/><E33/><V99/><F63/><W114/><G122/><T135/><D127/><U8/><E75/><V46/><F99/><W42/><G42/><T119/><D38/><U52/><E76/><V12/><F46/><W54/><G65/><T129/><D135/><U57/><E14/><V116/><F116/><W66/><G66/><T21/><D119/><U62/><E9/><V30/><F30/><W128/><G114/><T118/><D113/><U69/><E69/><V55/><F55/><W93/><G78/><T73/><D10/><U70/><REACH who="1" step="1"/><E70/><REACH who="1" ten="239,376,73,302" step="2"/><V103/><F103/><N who="3" m="60879" /><G54/><T19/><D118/><U32/><E32/><V124/><F124/><W41/><G41/><T92/><D35/><U22/><E22/><V133/><F133/><W44/><G44/><T87/><D21/><U26/><E26/><V29/><F29/><W3/><G3/><T48/><D34/><U68/><E68/><V31/><F31/><W27/><G27/><T71/><D28/><U53/><E53/><V110/><N who="2" m="42577" /><V105/><DORA hai="83" /><F79/><W101/><G0/><T96/><D71/><U115/><E115/><V36/><F72/><W82/><G82/><T112/><D81/><U58/><E58/><V11/><F11/><W74/><G74/><T39/><D59/><U88/><E88/><V117/><F117/><W13/><G13/><T64/><D73/><U17/><AGARI ba="0,1" hai="8,15,17,24,25,43,47,50,52,57,62,86,90,94" machi="17" ten="20,12000,2" yaku="1,1,0,1,7,1,8,1,52,1,54,1,53,0" doraHai="126,83" doraHaiUra="18,132" who="1" fromWho="1" sc="239,-30,376,130,73,-60,302,-30" /><INIT seed="7,0,0,2,0,86" ten="209,506,13,272" oya="3" hai0="112,88,122,95,82,69,98,73,25,45,29,34,75" hai1="117,113,48,105,47,83,76,97,85,55,60,5,4" hai2="15,99,110,20,17,118,119,77,93,32,124,16,1" hai3="24,49,87,101,22,129,38,106,121,50,130,108,94"/><W111/><G38/><T65/><D122/><U134/><E113/><V115/><F77/><W26/><G106/><T71/><D112/><U31/><E117/><V9/><F115/><W44/><G121/><T7/><D7/><U120/><E134/><V33/><F93/><W107/><G107/><T61/><D71/><U54/><E31/><V72/><F99/><W128/><G101/><T116/><D116/><U104/><E104/><V123/><F72/><W126/><G126/><T127/><D127/><U63/><E120/><V37/><F123/><W14/><G14/><T27/><D45/><U66/><E105/><V57/><F124/><W28/><G26/><T30/><REACH who="0" step="1"/><D82/><REACH who="0" ten="199,506,13,272" step="2"/><U74/><E5/><V43/><F57/><W6/><G6/><T133/><D133/><U114/><E4/><V78/><F110/><N who="3" m="42027" /><G44/><T59/><D59/><U62/><E47/><V42/><F37/><W64/><G64/><T56/><D56/><U132/><E83/><V35/><F1/><W70/><G70/><T92/><D92/><U67/><E67/><V135/><F135/><W80/><G94/><T36/><D36/><U19/><E66/><V90/><F78/><AGARI ba="0,1" hai="22,24,28,49,50,78,80,87,128,129,130" m="42027" machi="78" ten="40,3900,0" yaku="19,1,10,1" doraHai="86" who="3" fromWho="2" sc="199,0,506,0,13,-39,272,49" owari="199,-20.0,506,61.0,-26,-53.0,321,12.0" /></mjloggm>