<mjloggm ver="2.3"><GO type="225" lobby="0"/><UN n0="%E5%B7%A5%E8%97%A4%E6%96%B0%E4%B8%80" n1="%E8%91%B5%E3%81%A1%E3%82%83%E3%82%93" n2="%E3%81%95%E3%81%8D%E3%81%9F%E3%81%BE%E6%9E%97%E6%AA%8E" n3="%E3%82%84%E3%82%8B%E3%81%AD%E3%81%87%EF%BC%81" dan="16,16,16,16" rate="2101.05,2139.06,2128.37,2112.84" sx="M,F,M,M"/><TAIKYOKU oya="0"/><INIT seed="0,0,0,2,5,42" ten="250,250,250,250" oya="0" hai0="72,12,106,31,97,0,15,1,4,34,56,10,6" hai1="99,129,114,25,13,20,116,128,67,103,92,44,127" hai2="113,121,130,9,14,24,11,49,38,66,115,26,75" hai3="23,3,32,58,30,69,48,43,64,63,124,35,57"/><T50/><D72/><U90/><E116/><V91/><F38/><W111/><G3/><N who="0" m="1099" /><D56/><U120/><E120/><V62/><F121/><W8/><G111/><T131/><D50/><U135/><E135/><V108/><F108/><W98/><G124/><T37/><D97/><U41/><E127/><V59/><F75/><W21/><G8/><N who="0" m="4103" /><D106/><U5/><E5/><V39/><F11/><W18/><G98/><T51/><D51/><U109/><E13/><V29/><F39/><W82/><G82/><T134/><D37/><U77/><E77/><V78/><F78/><W2/><G58/><T40/><D40/><U122/><E122/><V107/><F26/><W22/><G2/><T117/><D117/><U45/><E114/><V53/><F107/><W73/><G73/><T16/><D134/><U36/><E67/><V104/><F104/><W54/><G43/><T133/><D133/><U17/><E109/><V119/><F119/><W87/><G87/><T71/><D71/><U93/><REACH who="1" step="1"/><E45/><REACH who="1" ten="250,240,250,250" step="2"/><N who="2" m="27823" /><F115/><W94/><G64/><T81/><D131/><U61/><E61/><V7/><F130/><W101/><G63/><T126/><D126/><U125/><E125/><V102/><F113/><W83/><G69/><T105/><D105/><U96/><AGARI ba="0,1" hai="17,20,25,36,41,44,90,92,93,96,99,103,128,129" machi="96" ten="30,7900,0" yaku="1,1,0,1,52,1,53,1" doraHai="42" doraHaiUra="68" who="1" fromWho="1" sc="250,-39,240,89,250,-20,250,-20" /><INIT seed="1,0,0,0,0,90" ten="211,329,230,230" oya="1" hai0="14,52,68,50,119,37,42,108,15,91,69,18,98" hai1="129,96,57,106,58,28,87,12,76,66,117,123,29" hai2="83,100,72,19,23,105,81,114,94,47,25,101,17" hai3="121,46,41,116,16,85,65,22,127,112,115,55,44"/><U80/><E117/><V82/><F72/><W109/><G121/><T49/><D108/><U31/><E123/><V45/><F105/><W111/><G116/><T78/><D37/><U3/><E3/><V11/><F114/><W33/><G33/><T2/><D2/><U86/><E129/><V97/><F101/><W59/><G85/><T53/><D78/><U6/><E66/><V64/><F64/><W131/><G65/><T39/><D39/><U24/><E24/><V0/><F0/><W4/><G4/><T8/><D15/><AGARI ba="0,0" hai="11,15,17,19,23,25,45,47,81,82,83,94,97,100" machi="15" ten="40,2600,0" yaku="8,1,52,1" doraHai="90" who="2" fromWho="0" sc="211,-26,329,0,230,26,230,0" /><INIT seed="2,0,0,3,3,129" ten="185,329,256,230" oya="2" hai0="80,25,79,81,75,49,93,11,109,44,106,128,21" hai1="20,15,86,57,5,69,14,130,42,30,73,92,100" hai2="55,24,51,38,37,96,1,108,122,95,77,58,50" hai3="33,113,65,31,9,4,133,78,119,120,110,124,134"/><V0/><F122/><W68/><G119/><T17/><D109/><U45/><E69/><V126/><F77/><W2/><G120/><T102/><D128/><U7/><E73/><V34/><F126/><W131/><G110/><T12/><D106/><U74/><E74/><V107/><F107/><W40/><G131/><T114/><D114/><U52/><E42/><V117/><F117/><W104/><G124/><T116/><D116/><U98/><E45/><V54/><F108/><W3/><G113/><T125/><D125/><U61/><E86/><V115/><F115/><W8/><G40/><T62/><D62/><U59/><E59/><V105/><F105/><W70/><G78/><T84/><D93/><U18/><E30/><V99/><F34/><W112/><G104/><T48/><D102/><U32/><E32/><V85/><F24/><N who="3" m="18663" /><G112/><T87/><D44/><U23/><E130/><V47/><F85/><W67/><G67/><T19/><REACH who="0" step="1"/><D75/><REACH who="0" ten="175,329,256,230" step="2"/><U43/><E43/><V63/><F63/><N who="3" m="39999" /><G70/><T36/><D36/><U66/><E66/><V64/><F95/><W41/><G41/><T22/><D22/><U89/><E100/><V10/><F47/><W46/><G46/><T53/><D53/><U123/><E123/><V90/><F64/><W91/><G91/><AGARI ba="0,1" hai="11,12,17,19,21,25,48,49,79,80,81,84,87,91" machi="91" ten="30,3900,0" yaku="1,1,7,1,8,1,53,0" doraHai="129" doraHaiUra="29" who="0" fromWho="3" sc="175,49,329,0,256,0,230,-39" /><INIT seed="3,0,0,2,1,17" ten="224,329,256,191" oya="3" hai0="105,123,62,39,27,74,71,33,77,111,99,8,20" hai1="121,48,115,73,14,49,4,93,51,96,12,61,124" hai2="16,64,108,103,28,72,118,85,82,109,21,25,26" hai3="63,24,125,23,132,83,19,6,130,46,76,106,47"/><W127/><G106/><T1/><D111/><N who="2" m="42570" /><F118/><W22/><G132/><T89/><D123/><U104/><E104/><V45/><F103/><W65/><G6/><T44/><D62/><U131/><E61/><V66/><F72/><N who="3" m="43399" /><G130/><T107/><D71/><U37/><E14/><N who="2" m="9367" /><F45/><W86/><G86/><T54/><D33/><U69/><E93/><V0/><F0/><W2/><G2/><T10/><D1/><U15/><E69/><V70/><F70/><N who="3" m="42303" /><G23/><T88/><D20/><U117/><E49/><V126/><F126/><AGARI ba="0,0" hai="19,22,24,46,47,125,126,127" m="42303,43399" machi="126" ten="30,2900,0" yaku="18,1,52,1" doraHai="17" who="3" fromWho="2" sc="224,0,329,0,256,-29,191,29" /><INIT seed="3,1,0,5,0,112" ten="224,329,227,220" oya="3" hai0="73,82,113,38,42,53,101,3,63,52,80,74,57" hai1="81,106,16,111,39,97,37,70,129,131,19,71,132" hai2="124,114,15,117,123,55,8,23,89,98,47,6,49" hai3="65,56,99,50,88,118,58,109,25,12,79,17,51"/><W61/><G118/><T103/><D113/><U5/><E111/><V127/><F117/><W126/><G126/><N who="2" m="48169" /><F114/><W45/><G109/><T44/><D3/><U0/><E81/><V59/><F123/><W69/><G79/><T75/><REACH who="0" step="1"/><D53/><REACH who="0" ten="214,329,227,220" step="2"/><U46/><E0/><V92/><F23/><W78/><G78/><T125/><D125/><U76/><E76/><V24/><F24/><W31/><G25/><T66/><D66/><U121/><E121/><V21/><F21/><W128/><G128/><T120/><D120/><U94/><E129/><V116/><F116/><W86/><G65/><T48/><D48/><U2/><E39/><V130/><F130/><W96/><G51/><T133/><D133/><U107/><E37/><V77/><F77/><W1/><G50/><T10/><D10/><U29/><E2/><V104/><F47/><W108/><G45/><T22/><D22/><U32/><E46/><V67/><F67/><N who="3" m="41199" /><G1/><T134/><D134/><U27/><E132/><V105/><AGARI ba="1,1" hai="6,8,15,49,55,59,89,92,98,104,105" m="48169" machi="105" ten="30,1100,0" yaku="18,1" doraHai="112" who="2" fromWho="2" sc="214,-4,329,-4,227,24,220,-6" owari="210,-29.0,325,43.0,251,5.0,214,-19.0" /></mjloggm>