<mjloggm ver="2.3"><GO type="169" lobby="0"/><UN n0="%62%65%61%74%72%69%63%65" n1="%E5%9B%9B%E5%AE%AE%E7%B4%85%E8%BC%9D" n2="%E9%96%A2%E3%82%B1%E5%8E%9F" n3="%28%3B%E3%83%BB%E2%88%80%E3%83%BB%29" dan="16,18,16,16" rate="2121.05,2264.61,2175.83,2178.63" sx="F,M,M,M"/><TAIKYOKU oya="0"/><INIT seed="0,0,0,0,4,31" ten="250,250,250,250" oya="0" hai0="61,6,25,115,73,87,122,106,81,2,102,131,89" hai1="50,28,3,132,127,97,48,57,109,86,110,7,85" hai2="64,54,112,46,4,60,11,116,1,118,13,26,12" hai3="53,56,34,43,5,33,21,98,35,16,129,103,62"/><T113/><D122/><U37/><E37/><V67/><F112/><W117/><G117/><N who="2" m="45161" /><F26/><W104/><G129/><T14/><D131/><U69/><E69/><N who="2" m="42119" /><F67/><W93/><G5/><T65/><D2/><U120/><E120/><V84/><F84/><N who="1" m="32361" /><E127/><V30/><F30/><W19/><G43/><T91/><D25/><U49/><E28/><V77/><F77/><W40/><G40/><T9/><D73/><U55/><E97/><V108/><F108/><N who="1" m="41577" /><E132/><V95/><F95/><W79/><G79/><T100/><D91/><U44/><E44/><V70/><F70/><W10/><G10/><AGARI ba="0,0" hai="3,7,10,48,49,50,55,57" m="41577,32361" machi="10" ten="30,1000,0" yaku="14,1" doraHai="31" who="1" fromWho="3" sc="250,0,250,10,250,0,250,-10" /><INIT seed="1,0,0,3,1,33" ten="250,260,250,240" oya="1" hai0="41,65,71,78,113,24,86,57,25,135,22,93,97" hai1="30,29,88,87,6,94,49,16,66,118,70,128,40" hai2="101,75,54,85,112,129,74,32,123,121,105,4,53" hai3="50,28,133,26,76,127,15,0,61,69,14,2,107"/><U43/><E118/><V9/><F32/><W37/><G37/><T35/><D113/><U18/><E128/><V34/><F34/><W21/><G107/><T103/><D71/><U39/><E39/><V47/><F129/><W122/><G122/><T130/><D130/><U82/><E6/><V115/><F85/><W134/><G76/><T13/><D35/><U124/><E124/><V68/><F68/><W7/><G50/><T5/><D41/><N who="1" m="15947" /><E66/><V100/><F4/><W131/><G131/><T45/><D135/><N who="3" m="51721" /><G127/><T11/><D45/><U31/><E70/><V23/><F47/><W109/><G109/><T56/><D25/><U99/><E49/><V46/><F46/><W108/><G108/><T38/><D38/><U42/><N who="1" m="15955" /><U126/><DORA hai="106" /><E126/><V3/><F105/><W52/><G69/><T8/><D8/><U36/><E36/><V84/><F84/><W90/><G90/><AGARI ba="0,0" hai="16,18,29,30,31,82,87,88,90,94,99" m="15955" machi="90" ten="40,7700,0" yaku="8,1,54,2" doraHai="33,106" who="1" fromWho="3" sc="250,0,260,77,250,0,240,-77" /><INIT seed="1,1,0,0,0,120" ten="250,337,250,163" oya="1" hai0="65,104,36,33,110,134,89,16,100,6,58,95,67" hai1="135,64,7,44,111,39,96,112,84,60,72,20,124" hai2="24,54,62,5,28,56,123,90,75,4,99,31,27" hai3="87,70,71,11,79,102,130,101,126,61,10,13,35"/><U52/><E72/><V22/><F75/><W74/><G74/><T23/><D33/><U78/><E112/><V133/><F133/><W50/><G35/><T18/><D134/><U73/><E135/><V81/><F123/><W59/><G126/><T1/><D36/><U98/><E124/><V105/><F105/><W42/><G130/><T82/><D104/><U15/><E73/><V40/><F40/><W38/><G38/><T51/><D100/><U3/><E3/><V94/><REACH who="2" step="1"/><F81/><REACH who="2" ten="250,337,240,163" step="2"/><N who="3" m="47551" /><G71/><T30/><D82/><U103/><E39/><V2/><F2/><W115/><G70/><T128/><D1/><U48/><E103/><V121/><F121/><W19/><G115/><T21/><D128/><U129/><E129/><V132/><F132/><W77/><G102/><T17/><D95/><U69/><E69/><V125/><F125/><W12/><G101/><T116/><D116/><U25/><E84/><V53/><F53/><N who="3" m="34031" /><G77/><T114/><D114/><U63/><E78/><V47/><F47/><N who="3" m="25975" /><G13/><T49/><D67/><U85/><E64/><V131/><F131/><W32/><G32/><AGARI ba="1,1" hai="4,5,22,24,27,28,31,32,54,56,62,90,94,99" machi="32" ten="30,2000,0" yaku="1,1,7,1,53,0" doraHai="120" doraHaiUra="122" who="2" fromWho="3" sc="250,0,337,0,240,33,163,-23" /><INIT seed="2,0,0,2,3,113" ten="250,337,273,140" oya="2" hai0="120,8,16,88,30,115,131,135,83,109,90,24,43" hai1="75,87,35,123,29,80,70,55,51,18,11,106,74" hai2="102,68,94,82,56,125,50,13,49,64,4,27,96" hai3="1,86,15,54,22,118,99,21,12,76,134,7,34"/><V10/><F125/><W84/><G34/><T63/><D115/><U2/><E70/><V61/><F68/><W104/><G1/><T112/><D112/><U57/><E106/><V98/><F82/><W71/><G71/><T65/><D120/><U62/><E123/><V33/><REACH who="2" step="1"/><F96/><REACH who="2" ten="250,337,263,140" step="2"/><W53/><G99/><T38/><D83/><U119/><E80/><V79/><F79/><W124/><G76/><T20/><D135/><U45/><E75/><V66/><F66/><W72/><G72/><T52/><D65/><U105/><E74/><V73/><F73/><W116/><G134/><T14/><D131/><U133/><E133/><V9/><F9/><W126/><G7/><T23/><D8/><U110/><E11/><V67/><F67/><W5/><G5/><T6/><D6/><U114/><E114/><V78/><F78/><W28/><G28/><AGARI ba="0,1" hai="4,10,13,27,28,33,49,50,56,61,64,94,98,102" machi="28" ten="40,2000,0" yaku="1,1,53,0" doraHai="113" doraHaiUra="36" who="2" fromWho="3" sc="250,0,337,0,263,30,140,-20" /><INIT seed="2,1,0,4,0,25" ten="250,337,293,120" oya="2" hai0="71,78,4,44,63,129,31,114,34,97,3,0,29" hai1="15,77,36,106,111,130,83,127,70,66,120,123,133" hai2="84,54,7,88,105,51,93,113,95,59,68,74,103" hai3="131,94,40,134,50,39,112,60,1,19,5,92,85"/><V41/><F113/><W69/><G39/><T58/><D114/><U67/><E111/><V109/><F74/><W6/><G112/><T82/><D71/><U42/><E127/><V107/><F68/><W76/><G131/><T57/><D129/><U73/><E130/><V26/><F109/><W56/><G134/><T80/><D34/><U27/><E133/><V75/><F75/><W12/><G69/><T46/><D4/><U79/><E77/><V100/><F7/><W20/><G1/><T86/><D97/><U49/><E49/><V72/><F72/><W89/><G76/><T81/><D86/><U17/><E27/><V37/><F37/><W117/><G117/><T2/><D78/><U43/><E106/><V55/><F41/><N who="1" m="15369" /><E36/><V18/><F105/><W22/><G22/><T104/><D104/><U125/><E125/><V8/><F107/><W30/><G30/><N who="0" m="11275" /><D63/><U9/><E70/><V61/><F103/><W48/><G94/><T126/><D126/><U124/><E124/><V121/><F121/><AGARI ba="1,0" hai="9,15,17,66,67,73,79,83,120,121,123" m="15369" machi="121" ten="30,1000,0" yaku="13,1" doraHai="25" who="1" fromWho="2" sc="250,0,337,13,293,-13,120,0" /><INIT seed="3,0,0,3,4,43" ten="250,350,280,120" oya="3" hai0="39,107,80,13,125,93,135,17,132,57,53,111,25" hai1="68,7,99,64,5,26,38,81,56,49,112,82,40" hai2="60,119,95,35,19,101,109,128,28,16,129,61,116" hai3="90,6,121,32,87,105,110,50,4,115,10,100,24"/><W79/><G115/><T91/><D107/><U98/><E112/><V124/><F101/><W75/><G121/><T85/><D39/><U41/><E68/><V11/><F95/><W27/><G110/><T122/><D111/><U86/><E81/><V83/><F83/><W14/><G75/><T51/><D122/><U36/><E38/><V9/><F109/><W74/><G74/><T33/><D125/><U58/><E26/><N who="2" m="18839" /><F60/><W77/><G105/><T69/><D69/><U55/><E36/><V71/><F61/><W120/><G100/><T47/><D33/><U102/><E58/><V0/><F71/><W94/><G120/><T2/><D25/><U48/><E64/><V67/><F67/><W20/><G32/><T31/><D31/><U15/><E49/><V44/><F44/><W92/><G92/><T37/><D2/><U113/><E113/><V78/><F78/><N who="3" m="29707" /><G6/><T114/><D114/><U96/><E102/><V18/><F124/><W23/><G24/><T12/><D80/><U46/><E40/><V118/><F0/><W106/><G106/><T70/><D70/><U117/><E41/><V131/><AGARI ba="0,0" hai="9,11,16,18,19,116,118,119,128,129,131" m="18839" machi="131" ten="50,12000,2" yaku="29,2,19,1,34,2,54,1" doraHai="43" who="2" fromWho="2" sc="250,-30,350,-30,280,120,120,-60" /><INIT seed="4,0,0,5,1,47" ten="220,320,400,60" oya="0" hai0="118,91,81,92,131,51,94,124,96,125,59,16,89" hai1="83,129,102,27,126,130,87,32,63,116,134,10,37" hai2="117,115,40,3,5,48,109,35,135,105,13,43,76" hai3="100,22,86,55,39,133,95,74,26,7,34,6,30"/><T122/><D122/><U38/><E116/><V71/><F109/><W77/><G39/><T73/><D118/><U19/><E126/><N who="0" m="48745" /><D131/><N who="1" m="50187" /><E102/><V12/><F71/><W79/><G74/><T85/><D59/><U112/><E134/><V54/><F35/><W111/><G111/><T67/><D67/><U61/><E112/><V106/><F117/><W127/><G133/><T110/><D110/><U0/><E0/><V103/><F3/><W68/><G127/><T104/><D16/><U20/><E10/><V28/><F135/><W128/><G68/><T9/><D9/><U21/><E20/><V2/><F2/><W108/><G108/><T53/><D53/><U69/><E32/><V78/><F54/><W14/><G128/><T132/><D132/><U84/><E84/><V65/><F65/><W72/><G72/><T52/><D52/><U56/><E69/><V29/><F5/><N who="3" m="1547" /><G34/><T90/><D51/><U64/><E63/><V41/><F41/><W66/><G66/><T18/><D18/><U93/><E38/><V75/><F75/><W123/><G123/><T45/><D45/><U97/><E37/><V121/><F121/><W57/><G14/><T70/><D70/><U113/><E64/><V25/><F40/><W11/><G11/><T98/><D73/><U50/><E56/><V119/><F43/><W49/><G86/><T33/><D33/><U62/><E87/><V58/><F119/><W23/><G22/><T42/><D42/><U99/><E21/><V114/><F12/><W80/><G80/><T8/><D8/><U1/><E1/><V60/><F13/><RYUUKYOKU ba="0,0" sc="220,15,320,-15,400,-15,60,15" hai0="81,85,89,90,91,92,94,96,98,104" hai3="23,26,30,49,55,57,77,79,95,100" /><INIT seed="4,1,0,4,4,123" ten="235,305,385,75" oya="0" hai0="63,94,93,105,76,9,59,118,88,51,68,81,19" hai1="4,127,13,50,116,98,120,57,89,36,55,48,85" hai2="16,43,90,39,12,25,69,102,84,52,129,61,0" hai3="11,37,79,96,10,92,134,45,46,101,117,77,125"/><T38/><D68/><U56/><E120/><V107/><F129/><W130/><G117/><T3/><D105/><U83/><E127/><V97/><F0/><W109/><G125/><T70/><D38/><U103/><E36/><V54/><F25/><W44/><G130/><T58/><D70/><U71/><E71/><V82/><F43/><W126/><G37/><T75/><D118/><U121/><E121/><V128/><F39/><W113/><G126/><T31/><D31/><U33/><E33/><V21/><REACH who="2" step="1"/><F128/><REACH who="2" ten="235,305,375,75" step="2"/><W6/><G134/><T73/><D3/><U135/><E135/><V104/><F104/><W28/><G113/><T124/><D124/><U100/><E116/><V29/><F29/><W8/><G6/><T65/><D75/><U99/><E4/><V74/><F74/><W119/><G119/><T15/><D51/><U111/><E13/><V40/><F40/><W53/><G28/><T14/><D14/><U35/><E35/><V132/><F132/><W26/><G26/><T20/><D20/><U42/><E42/><V133/><F133/><W2/><G2/><T62/><REACH who="0" step="1"/><D88/><REACH who="0" ten="225,305,375,75" step="2"/><U41/><E50/><V72/><F72/><W24/><G24/><T49/><D49/><U66/><E48/><V78/><F78/><W30/><G30/><T91/><D91/><U110/><E41/><V47/><F47/><W32/><G32/><T122/><D122/><U23/><E23/><V131/><F131/><W5/><G5/><T1/><D1/><U18/><E89/><V34/><F34/><W67/><G79/><T114/><D114/><U60/><E100/><RYUUKYOKU ba="1,2" sc="225,15,305,-15,375,15,75,-15" hai0="9,15,19,58,59,62,63,65,73,76,81,93,94" hai2="12,16,21,52,54,61,69,82,84,90,97,102,107" /><INIT seed="4,2,2,4,4,10" ten="240,290,390,60" oya="0" hai0="94,81,8,108,43,0,54,66,67,72,82,33,30" hai1="131,41,101,119,84,31,6,89,128,78,11,65,99" hai2="15,134,130,127,19,64,4,104,7,57,53,103,88" hai3="29,21,37,18,1,59,73,5,124,102,16,68,133"/><T109/><D43/><U92/><E119/><V42/><F134/><W69/><G133/><T58/><D33/><U96/><E31/><V116/><F116/><W117/><G117/><T56/><D30/><U2/><E65/><N who="0" m="24585" /><D94/><U50/><E78/><V13/><F104/><W47/><G73/><T17/><D72/><U24/><E24/><V115/><F64/><W36/><G29/><T44/><D44/><U20/><E20/><V132/><F132/><W98/><G59/><N who="0" m="22571" /><D54/><U39/><E39/><V97/><F115/><W52/><G18/><T12/><D0/><U122/><E122/><V26/><F42/><W14/><G124/><T83/><D109/><U71/><E71/><V28/><F127/><W25/><G1/><T35/><D108/><U77/><E77/><V85/><F130/><N who="1" m="49705" /><E101/><V62/><F103/><W63/><G69/><T100/><D35/><U51/><E41/><V79/><F79/><W110/><G68/><T107/><D107/><U87/><E87/><V27/><F97/><AGARI ba="2,2" hai="2,6,11,50,51,84,89,92,96,97,99" m="49705" machi="97" ten="30,1000,0" yaku="19,1" doraHai="10" who="1" fromWho="2" sc="240,0,290,36,390,-16,60,0" /><INIT seed="5,0,0,4,4,117" ten="240,326,374,60" oya="1" hai0="80,129,110,30,44,58,7,77,26,5,43,112,83" hai1="24,6,65,87,3,99,68,107,14,111,73,123,100" hai2="92,118,102,64,132,42,39,127,32,10,85,125,105" hai3="116,40,134,79,97,128,101,120,57,11,95,62,88"/><U93/><E111/><V119/><F32/><W122/><G116/><N who="2" m="44585" /><F10/><W28/><G128/><T98/><D110/><U61/><E14/><V25/><F25/><W21/><G134/><T70/><D129/><U34/><E87/><V78/><F42/><W106/><G79/><T63/><D70/><U18/><E93/><V135/><F64/><W4/><G40/><T130/><D130/><U114/><E18/><V84/><F39/><W96/><G21/><T1/><D112/><U38/><E114/><V66/><F66/><W41/><G28/><T89/><D1/><U54/><E54/><V72/><F105/><W51/><G51/><T55/><D5/><U76/><E38/><V108/><F108/><W121/><G41/><T60/><D7/><U67/><E65/><V2/><F2/><W16/><G4/><T59/><D44/><U27/><E27/><V82/><F72/><W53/><REACH who="3" step="1"/><G11/><REACH who="3" ten="240,326,374,50" step="2"/><T56/><D43/><U109/><E109/><V91/><F132/><W94/><G94/><T36/><D36/><U37/><E37/><V17/><F135/><W52/><G52/><T31/><D55/><U49/><E49/><V33/><F33/><W48/><G48/><T8/><D8/><U15/><E6/><V113/><F113/><W71/><G71/><T103/><D31/><N who="1" m="19815" /><E3/><V74/><F78/><W133/><G133/><T50/><D77/><U29/><E29/><V75/><F92/><W45/><G45/><T124/><D30/><U22/><E22/><V46/><F46/><W19/><AGARI ba="0,1" hai="16,19,53,57,62,88,95,96,97,101,106,120,121,122" machi="19" ten="40,12000,2" yaku="1,1,0,1,52,3,54,2,53,0" doraHai="117" doraHaiUra="104" who="3" fromWho="3" sc="240,-30,326,-60,374,-30,50,130" /><INIT seed="6,0,0,2,0,48" ten="210,266,344,180" oya="2" hai0="13,49,110,79,83,33,135,73,38,123,12,92,117" hai1="65,81,9,62,85,88,131,75,35,82,132,68,42" hai2="22,114,72,59,84,122,124,8,24,111,80,107,15" hai3="5,28,60,87,57,43,66,0,120,20,98,39,128"/><V2/><F114/><W30/><G120/><T6/><D123/><U134/><E131/><V90/><F124/><W129/><G0/><T116/><D38/><U89/><E35/><V44/><F111/><W74/><G74/><T23/><D110/><U93/><E42/><V94/><F2/><W103/><G5/><T51/><D33/><U133/><E75/><V27/><F107/><W71/><G39/><T63/><D135/><U16/><E89/><V101/><F122/><W77/><G43/><T36/><D36/><U106/><E106/><V104/><F44/><W127/><G127/><T53/><D92/><U69/><E69/><V121/><F121/><W19/><G71/><T99/><D99/><U102/><E102/><V46/><F46/><W109/><G109/><T18/><D6/><U67/><E67/><V26/><F104/><W10/><G10/><T32/><D32/><U97/><E97/><N who="2" m="59575" /><F72/><W34/><G34/><T47/><D63/><U86/><E86/><V25/><F59/><W52/><G66/><T118/><REACH who="0" step="1"/><D51/><REACH who="0" ten="200,266,344,180" step="2"/><U14/><AGARI ba="0,1" hai="9,14,16,62,65,68,81,82,85,88,93,132,133,134" machi="14" ten="40,8000,1" yaku="0,1,20,1,54,2" doraHai="48" who="1" fromWho="1" sc="200,-20,266,90,344,-40,180,-20" /><INIT seed="7,0,0,3,5,28" ten="180,356,304,160" oya="3" hai0="92,75,135,127,59,84,60,122,94,133,71,19,17" hai1="111,63,130,8,43,108,54,6,113,129,72,105,80" hai2="11,16,30,77,1,116,131,104,95,96,114,98,42" hai3="65,78,35,117,97,14,4,13,22,38,126,23,57"/><W39/><G117/><T125/><D122/><U110/><E105/><V15/><F116/><W29/><G126/><N who="0" m="48139" /><D71/><U87/><E113/><V48/><F114/><W37/><G78/><T93/><D84/><U25/><E43/><V21/><F131/><N who="1" m="50185" /><E25/><V51/><F104/><W121/><G121/><T7/><D7/><U5/><E72/><V41/><F77/><W115/><G115/><T62/><D75/><U2/><E6/><V69/><F69/><W27/><G97/><T0/><D0/><U50/><E63/><N who="0" m="24105" /><D59/><N who="1" m="33239" /><E111/><V24/><F98/><W32/><G65/><T99/><D99/><U70/><E70/><V31/><F31/><W107/><G107/><T81/><D81/><U64/><E64/><V76/><F76/><AGARI ba="0,0" hai="2,5,8,76,80,87,108,110" m="33239,50185" machi="76" ten="30,1000,0" yaku="19,1" doraHai="28" who="1" fromWho="2" sc="180,0,356,10,304,-10,160,0" owari="180,-22.0,366,47.0,294,9.0,160,-34.0" /></mjloggm>