<mjloggm ver="2.3"><GO type="169" lobby="0"/><UN n0="%6B%75%72%6F%35%35%36%36" n1="%E3%82%A2%E3%83%A1%E3%83%B3%E3%83%9D%E3%81%A6%E3%81%B5" n2="%E3%83%81%E3%83%83%E3%83%97%E3%82%B3%E3%83%AC%E3%82%AF%E3%82%BF%E3%83%BC" n3="%E6%9C%A8%E6%BC%8F%E3%82%8C%E6%97%A5" dan="16,17,16,17" rate="2093.56,2216.84,2126.08,2215.70" sx="M,M,M,M"/><TAIKYOKU oya="0"/><INIT seed="0,0,0,0,5,61" ten="250,250,250,250" oya="0" hai0="119,110,31,111,48,128,131,105,133,101,69,17,63" hai1="132,12,55,99,74,115,29,44,43,75,96,16,38" hai2="79,39,81,59,135,66,25,46,23,47,10,21,6" hai3="124,2,89,33,121,36,15,73,56,98,35,126,26"/><T117/><D31/><U76/><E132/><V134/><F39/><W7/><G73/><T54/><D17/><U106/><E115/><V116/><F116/><W71/><G71/><T20/><D20/><U13/><E13/><V108/><F108/><N who="0" m="41514" /><D101/><U3/><E3/><V85/><F135/><W86/><G2/><T70/><D105/><U72/><E29/><V93/><F93/><W51/><G35/><T22/><D22/><U50/><E76/><V127/><F127/><W95/><G33/><T118/><D133/><U53/><E106/><V103/><F103/><W9/><G26/><T58/><D48/><U62/><E99/><V34/><F34/><W123/><G36/><T77/><D77/><U83/><E96/><V90/><F23/><W107/><G107/><T91/><D91/><U102/><E102/><V52/><F79/><W32/><G32/><T67/><D54/><U49/><E38/><V97/><F134/><W5/><G5/><T40/><D40/><U27/><E27/><V87/><F21/><W24/><G24/><T65/><D58/><N who="1" m="35151" /><E83/><V68/><F25/><W94/><G126/><T114/><D114/><U120/><E75/><V78/><F78/><W28/><G124/><T129/><D63/><U88/><E88/><V1/><F90/><N who="3" m="55639" /><G28/><T4/><D4/><U130/><E74/><V57/><F6/><W8/><G8/><T30/><D30/><U80/><E72/><V14/><F10/><W92/><G92/><T82/><D82/><U18/><E80/><V112/><F81/><W125/><G125/><T113/><D113/><U0/><E18/><RYUUKYOKU ba="0,0" sc="250,15,250,-15,250,-15,250,15" hai0="65,67,69,70,117,118,119,128,129,131" hai3="7,9,15,51,56,86,89,95,121,123" /><INIT seed="0,1,0,2,1,15" ten="265,235,235,265" oya="0" hai0="72,20,76,96,59,115,52,93,75,133,99,89,23" hai1="10,29,126,44,43,25,55,17,116,88,39,83,70" hai2="107,104,67,13,92,28,12,125,105,130,26,112,56" hai3="120,127,7,27,14,74,0,128,60,124,32,31,64"/><T79/><D115/><U46/><E116/><V132/><F112/><W61/><G74/><T102/><D133/><U6/><E70/><V108/><F132/><W54/><G128/><T94/><D72/><U63/><E126/><N who="3" m="48170" /><G120/><T123/><D123/><U41/><E63/><V35/><F130/><W3/><G54/><T118/><D118/><U87/><E55/><V98/><F108/><W51/><G51/><T34/><D34/><U58/><E58/><V95/><F125/><W90/><G90/><T110/><D110/><U50/><E29/><V36/><F36/><W9/><G61/><T135/><D135/><U33/><E33/><V103/><F95/><W119/><G119/><T86/><D75/><U80/><E80/><V73/><F73/><W106/><G106/><T65/><D65/><U101/><E101/><V11/><F11/><W117/><G117/><T131/><D131/><U24/><REACH who="1" step="1"/><E17/><REACH who="1" ten="265,225,235,265" step="2"/><V122/><F122/><W42/><G42/><T40/><D40/><U81/><E81/><V100/><F100/><W16/><G7/><T48/><D86/><U85/><E85/><V57/><F56/><AGARI ba="1,1" hai="0,3,9,14,16,27,31,32,56,60,64" m="48170" machi="56" ten="30,3900,0" yaku="18,1,52,1,54,1" doraHai="15" who="3" fromWho="2" sc="265,0,225,0,235,-42,265,52" /><INIT seed="1,0,0,5,3,133" ten="265,225,193,317" oya="1" hai0="37,87,2,20,85,135,64,16,75,114,95,99,128" hai1="83,28,79,102,46,40,1,111,134,100,84,96,113" hai2="120,45,7,35,3,36,80,29,19,26,108,93,54" hai3="116,51,53,88,33,8,78,12,118,73,68,110,71"/><U103/><E113/><V48/><F120/><W97/><G33/><T129/><D2/><U14/><E134/><V105/><F105/><W98/><G110/><T39/><D135/><U57/><E1/><V50/><F108/><W18/><G78/><T49/><D75/><U115/><E115/><V125/><F36/><W27/><G73/><T41/><D114/><U117/><E117/><N who="3" m="45162" /><G27/><T82/><D64/><U22/><E111/><V21/><F80/><W43/><G43/><T60/><D60/><U130/><E130/><N who="0" m="50281" /><D49/><U15/><E57/><V122/><F122/><W6/><G6/><T109/><D109/><U4/><E96/><N who="3" m="36970" /><G88/><N who="0" m="51255" /><D87/><U9/><E28/><V67/><F93/><W104/><G104/><T119/><D41/><U63/><E63/><V11/><F67/><W61/><G61/><T107/><D107/><U59/><E59/><AGARI ba="0,0" hai="8,12,18,51,53,59,68,71" m="36970,45162" machi="59" ten="30,1000,0" yaku="12,1" doraHai="133" who="3" fromWho="1" sc="265,0,225,-10,193,0,317,10" /><INIT seed="2,0,0,1,5,63" ten="265,215,193,327" oya="2" hai0="12,88,76,0,111,15,29,133,113,5,69,123,95" hai1="4,72,8,103,22,19,50,94,119,51,18,23,42" hai2="75,110,61,35,46,91,66,47,44,7,48,132,71" hai3="92,109,115,85,87,100,41,102,83,10,16,3,107"/><V82/><F35/><W79/><G109/><T120/><D113/><U39/><E119/><V20/><F132/><W56/><G115/><T11/><D111/><U9/><E72/><V117/><F117/><W24/><G107/><T6/><D133/><U130/><E130/><V68/><F110/><W33/><G41/><T108/><D108/><U13/><E39/><V27/><F7/><W36/><G36/><T112/><D112/><U74/><E74/><V77/><F91/><N who="3" m="53359" /><G3/><T118/><D118/><U52/><E42/><V58/><REACH who="2" step="1"/><F48/><REACH who="2" ten="265,215,183,327" step="2"/><W84/><G33/><T49/><D5/><U114/><E51/><V53/><F53/><W97/><G102/><T93/><D49/><U26/><E114/><V40/><F40/><W78/><G100/><T55/><D55/><U43/><E43/><V98/><F98/><W96/><G96/><T25/><D6/><U59/><E4/><V129/><F129/><W17/><G97/><AGARI ba="0,1" hai="8,9,13,18,19,22,23,26,50,52,59,94,97,103" machi="97" ten="40,2600,0" yaku="8,1,54,1" doraHai="63" who="1" fromWho="3" sc="265,0,215,36,183,0,327,-26" /><INIT seed="3,0,0,3,5,93" ten="265,251,183,301" oya="3" hai0="41,82,11,64,50,69,122,125,57,27,52,127,98" hai1="35,106,74,56,117,108,118,103,102,134,53,28,85" hai2="88,90,119,1,58,91,128,48,10,73,4,135,121" hai3="94,101,34,81,95,45,110,99,129,0,55,51,89"/><W65/><G0/><T44/><D82/><U62/><E74/><V114/><F119/><N who="1" m="45577" /><E108/><V40/><F114/><W13/><G34/><T15/><D27/><N who="1" m="18847" /><E134/><V33/><F135/><W131/><G110/><T30/><D30/><U67/><E106/><V78/><F128/><N who="3" m="49227" /><G65/><T29/><D29/><U113/><E113/><V124/><F33/><W20/><G81/><T68/><D122/><U17/><E17/><V5/><F124/><N who="0" m="47690" /><D15/><U71/><E85/><V80/><F121/><W46/><G13/><T22/><D22/><U47/><E47/><V100/><F4/><W63/><G20/><T23/><D23/><U86/><E86/><V112/><F112/><W84/><G63/><AGARI ba="0,0" hai="53,56,62,63,67,71,102,103" m="18847,45577" machi="63" ten="30,1000,0" yaku="12,1" doraHai="93" who="1" fromWho="3" sc="265,0,251,10,183,0,301,-10" /><INIT seed="4,0,0,0,0,76" ten="265,261,183,291" oya="0" hai0="6,107,71,62,44,28,16,58,85,34,73,79,96" hai1="54,94,109,99,112,128,90,110,61,37,127,40,24" hai2="122,52,38,125,4,18,134,93,97,105,5,57,29" hai3="47,49,25,63,124,3,101,15,104,117,11,30,126"/><T102/><D6/><U59/><E128/><V27/><F122/><W91/><G3/><T7/><D7/><U118/><E118/><V67/><F134/><W68/><G117/><T70/><D16/><U9/><E127/><N who="3" m="48682" /><G101/><T31/><D31/><U116/><E116/><V51/><F125/><W60/><G91/><T88/><D44/><U103/><E112/><V100/><F38/><W43/><G104/><T55/><D73/><U89/><E9/><V36/><F36/><W0/><G68/><T114/><D79/><U84/><E90/><V39/><F39/><W106/><G106/><T23/><D34/><U115/><E115/><V69/><F18/><N who="3" m="8575" /><G0/><T33/><D33/><AGARI ba="0,0" hai="25,30,33,43,47,49,60,63" m="8575,48682" machi="33" ten="30,1000,0" yaku="18,1" doraHai="76" who="3" fromWho="0" sc="265,-10,261,0,183,0,291,10" /><INIT seed="5,0,0,4,2,33" ten="255,261,183,301" oya="1" hai0="40,102,51,24,103,99,26,53,15,130,25,13,4" hai1="23,133,6,96,66,105,117,67,135,68,129,20,31" hai2="39,123,100,134,35,97,17,9,60,82,115,30,112" hai3="83,28,14,75,120,48,116,65,127,132,76,61,38"/><U113/><E117/><V69/><F123/><W111/><G38/><T125/><D130/><U78/><E129/><V57/><F39/><W81/><G111/><T42/><D125/><U95/><E105/><N who="2" m="63631" /><F134/><W59/><G120/><T88/><D103/><U122/><E122/><V12/><F69/><W19/><G127/><T27/><D27/><U109/><E109/><V108/><F108/><W37/><G37/><T73/><D73/><U77/><E31/><V49/><F82/><W119/><G28/><T10/><D15/><U56/><E56/><V128/><F49/><W11/><G132/><T85/><D99/><U41/><E96/><V84/><F84/><W124/><G124/><T44/><REACH who="0" step="1"/><D102/><REACH who="0" ten="245,261,183,301" step="2"/><U21/><E135/><V29/><F128/><W64/><G119/><T107/><D107/><U22/><E133/><V104/><F104/><W118/><G118/><T54/><D54/><U101/><E101/><V45/><F35/><W46/><G116/><T114/><D114/><N who="2" m="43562" /><F45/><W106/><G106/><T0/><D0/><U79/><E113/><V16/><F17/><W63/><G75/><T3/><D3/><U43/><E43/><V80/><F30/><W86/><G46/><T58/><D58/><U36/><E41/><V8/><F29/><W92/><G59/><T126/><D126/><U74/><E74/><V98/><F98/><W18/><G18/><T62/><D62/><U1/><E68/><V71/><F71/><W89/><G63/><T94/><AGARI ba="0,1" hai="4,10,13,24,25,26,40,42,44,51,53,85,88,94" machi="94" ten="30,7900,0" yaku="1,1,0,1,8,1,54,1,53,0" doraHai="33" doraHaiUra="121" who="0" fromWho="0" sc="245,89,261,-39,183,-20,301,-20" /><INIT seed="6,0,0,0,1,62" ten="334,222,163,281" oya="2" hai0="26,93,57,107,74,91,116,121,28,113,52,22,111" hai1="59,94,126,70,96,76,82,104,14,35,0,31,7" hai2="88,124,99,65,98,9,18,109,19,114,8,3,20" hai3="55,64,47,48,72,37,100,83,122,89,129,69,30"/><V118/><F118/><W71/><G122/><T61/><D111/><U32/><E104/><V5/><F109/><W63/><G100/><T1/><D121/><U85/><E70/><V41/><F114/><W110/><G30/><T132/><D1/><U117/><E0/><V66/><F124/><W6/><G6/><T58/><D74/><U125/><E117/><V135/><F135/><W130/><G110/><T60/><D107/><U115/><E31/><V27/><F41/><N who="3" m="22959" /><G89/><T24/><D116/><U102/><E115/><V133/><F133/><W86/><G86/><T34/><D113/><U56/><E14/><V42/><F42/><W39/><G39/><T13/><D132/><U2/><E7/><V128/><F128/><N who="3" m="49259" /><G83/><T127/><D127/><N who="1" m="48651" /><E2/><V33/><F33/><AGARI ba="0,0" hai="32,33,35,56,59,76,82,85,94,96,102" m="48651" machi="33" ten="30,1000,0" yaku="18,1" doraHai="62" who="1" fromWho="2" sc="334,0,222,10,163,-10,281,0" /><INIT seed="7,0,0,4,2,134" ten="334,232,153,281" oya="3" hai0="6,61,123,116,45,32,113,14,105,120,109,96,95" hai1="102,88,59,64,52,124,12,90,48,125,66,85,115" hai2="89,86,15,30,23,25,82,92,50,24,67,43,62" hai3="2,110,132,56,98,27,100,130,41,37,19,69,54"/><W0/><G69/><T53/><D32/><U34/><E34/><V91/><F15/><W81/><G132/><T4/><D109/><U44/><E102/><V111/><F111/><W46/><G130/><T104/><D116/><U103/><E103/><V84/><F25/><W26/><G81/><T16/><D105/><U20/><E115/><V106/><F106/><W65/><G65/><T101/><D113/><U7/><E90/><V117/><F117/><W119/><G27/><T5/><D123/><U51/><E7/><V108/><F108/><W47/><G47/><T10/><D104/><U80/><E20/><V112/><F112/><W118/><G110/><T70/><D120/><U9/><E9/><V131/><F131/><W73/><G73/><T11/><D70/><U135/><E12/><V78/><F43/><W8/><G2/><T40/><D11/><U29/><E29/><V18/><F50/><W76/><G0/><T60/><REACH who="0" step="1"/><D53/><REACH who="0" ten="324,232,153,281" step="2"/><N who="1" m="32167" /><E135/><V49/><F49/><AGARI ba="0,1" hai="4,5,6,10,14,16,40,45,49,60,61,95,96,101" machi="49" ten="40,5200,0" yaku="1,1,8,1,54,1,53,0" doraHai="134" doraHaiUra="83" who="0" fromWho="2" sc="324,62,232,0,153,-52,281,0" owari="386,49.0,232,-17.0,101,-40.0,281,8.0" /></mjloggm>