<mjloggm ver="2.3"><GO type="225" lobby="0"/><UN n0="%E3%81%AB%E3%82%83%EF%BD%9E%E3%81%8A" n1="%E3%82%84%E3%82%8B%E3%81%AD%E3%81%87%EF%BC%81" n2="%E3%83%94%E3%83%B3%E3%83%9D%E3%83%B3%E3%83%91%E3%83%BC%E3%83%AB" n3="%E4%B8%89%E5%86%A0%E7%8E%8B%E3%83%BB%E5%B1%B1%E7%94%B0%E5%93%B2%E4%BA%BA" dan="16,16,16,17" rate="2138.39,2113.03,2084.17,2216.93" sx="M,M,F,M"/><TAIKYOKU oya="0"/><INIT seed="0,0,0,0,5,32" ten="250,250,250,250" oya="0" hai0="15,70,25,46,125,16,47,133,44,110,14,115,93" hai1="79,127,91,107,97,56,87,6,45,38,24,27,23" hai2="55,105,74,84,76,116,12,128,108,83,58,40,73" hai3="51,34,9,78,102,50,3,92,39,0,18,123,120"/><T69/><D115/><U71/><E71/><V33/><F108/><W118/><G39/><T96/><D110/><U53/><E127/><V114/><F114/><W104/><G104/><T117/><D117/><U62/><E6/><V80/><F33/><W100/><G34/><T54/><D125/><U132/><E132/><V4/><F116/><W61/><G118/><T8/><D133/><U5/><E5/><V37/><F105/><W28/><G28/><T134/><D134/><U10/><E10/><V1/><F12/><N who="3" m="7439" /><G78/><T22/><D54/><U42/><E79/><V86/><F128/><W121/><G61/><T77/><D77/><U7/><E7/><V95/><F95/><W72/><G72/><T111/><D111/><U101/><REACH who="1" step="1"/><E23/><REACH who="1" ten="250,240,250,250" step="2"/><V63/><F74/><W106/><G106/><T21/><D21/><U13/><E13/><V30/><F4/><W112/><G112/><T68/><REACH who="0" step="1"/><D8/><REACH who="0" ten="240,240,250,250" step="2"/><U31/><E31/><V81/><F76/><W75/><G75/><T19/><D19/><U59/><E59/><V41/><F58/><W43/><G121/><T130/><D130/><U57/><E57/><V119/><F30/><W94/><G123/><T49/><D49/><U36/><E36/><V64/><F37/><W17/><G17/><T109/><D109/><U60/><E60/><V88/><F63/><W67/><G120/><T99/><D99/><U135/><E135/><V2/><F119/><W126/><G126/><T85/><D85/><U113/><E113/><V66/><F73/><W11/><G51/><T65/><D65/><U35/><E35/><V124/><F124/><RYUUKYOKU ba="0,2" sc="240,15,240,15,250,-15,250,-15" hai0="14,15,16,22,25,44,46,47,68,69,70,93,96" hai1="24,27,38,42,45,53,56,62,87,91,97,101,107" /><INIT seed="0,1,2,2,4,126" ten="255,255,235,235" oya="0" hai0="108,28,32,64,91,15,134,104,7,52,54,116,125" hai1="71,17,84,89,50,9,30,6,81,24,127,62,38" hai2="74,57,10,16,115,122,58,26,80,46,114,107,82" hai3="5,49,61,94,40,120,41,102,63,96,8,99,31"/><T110/><D116/><U53/><E38/><V70/><F122/><W2/><G120/><T68/><D104/><U128/><E128/><V129/><F70/><W11/><G31/><T131/><D125/><U34/><E127/><V25/><F107/><W20/><G20/><T105/><D105/><U69/><E62/><V92/><F129/><W98/><G98/><T112/><D112/><U133/><E133/><V90/><F115/><W27/><G27/><N who="2" m="10249" /><F114/><W65/><G63/><N who="0" m="39967" /><D131/><U67/><E67/><V88/><F74/><W124/><G124/><T48/><D48/><U135/><E135/><V59/><F46/><W39/><G39/><T101/><D101/><U51/><E51/><V132/><F132/><W66/><G66/><T113/><D113/><U87/><E87/><N who="2" m="52255" /><F90/><W119/><G119/><T79/><D91/><U93/><E93/><V77/><F77/><W37/><G37/><T44/><D79/><U33/><E33/><V111/><F111/><N who="0" m="42538" /><D134/><U121/><E121/><V109/><F109/><W85/><G102/><T36/><D28/><U22/><E34/><V0/><F0/><W47/><G2/><T14/><D32/><U43/><E30/><V55/><F55/><N who="0" m="21034" /><D7/><U3/><E43/><AGARI ba="1,2" hai="14,15,36,43,44" m="21034,42538,39967" machi="43" ten="30,5800,0" yaku="14,1,10,1,54,1" doraHai="126" who="0" fromWho="1" sc="255,81,255,-61,235,0,235,0" /><INIT seed="0,2,0,2,4,85" ten="336,194,235,235" oya="0" hai0="130,60,40,82,53,2,88,132,124,44,110,14,116" hai1="108,50,70,91,100,87,48,114,20,52,133,128,65" hai2="21,74,16,94,80,51,54,64,76,0,89,26,135" hai3="62,12,24,72,23,29,36,73,17,35,104,122,27"/><T41/><D2/><U97/><E48/><V134/><F0/><W77/><G36/><T15/><D116/><U69/><E65/><V119/><F64/><W22/><G104/><T106/><D106/><U45/><E108/><V79/><F119/><W131/><G131/><T95/><D130/><U4/><E128/><V129/><F129/><W127/><G127/><T37/><D124/><U98/><E133/><V46/><REACH who="2" step="1"/><F76/><REACH who="2" ten="336,194,225,235" step="2"/><W10/><G77/><T34/><D110/><U113/><E113/><V6/><F6/><W11/><G122/><T123/><D123/><U32/><E4/><V43/><F43/><W68/><G68/><T102/><D41/><U81/><E114/><V96/><AGARI ba="2,1" hai="16,21,26,46,51,54,74,79,80,89,94,96,134,135" machi="96" ten="30,7900,0" yaku="1,1,0,1,52,1,54,1,53,0" doraHai="85" doraHaiUra="63" who="2" fromWho="2" sc="336,-41,194,-22,225,95,235,-22" /><INIT seed="1,0,0,2,2,130" ten="295,172,320,213" oya="1" hai0="32,70,50,76,41,87,43,132,90,44,5,85,2" hai1="45,84,101,86,80,122,110,96,7,68,17,14,53" hai2="30,52,15,105,1,46,59,115,108,72,8,114,99" hai3="29,66,51,95,67,64,10,27,124,16,92,21,60"/><U89/><E122/><V37/><F72/><W91/><G124/><T35/><D70/><U0/><E68/><V126/><F126/><W100/><G100/><T36/><D36/><U12/><E110/><V4/><F108/><W58/><G51/><T19/><D19/><U129/><E129/><V111/><F111/><W88/><G10/><T77/><D5/><U112/><E112/><N who="2" m="43051" /><F30/><W3/><G3/><T82/><D2/><U125/><E125/><V117/><F117/><W73/><G73/><T54/><D35/><U31/><E31/><V134/><F46/><W48/><G48/><T13/><D32/><U121/><E121/><V26/><F26/><W28/><G28/><T83/><D41/><U118/><E86/><V119/><F37/><W49/><G49/><T103/><D43/><U113/><E45/><V133/><F119/><W61/><G29/><T47/><D50/><U102/><E113/><V23/><F23/><W107/><G107/><T65/><D13/><U55/><E0/><V106/><F1/><W57/><G66/><T123/><D65/><U56/><E118/><V97/><F97/><W18/><G18/><T6/><D123/><U34/><E96/><V120/><F120/><W79/><G79/><T75/><D77/><U128/><E34/><V78/><F78/><W38/><G38/><T74/><D76/><U33/><E33/><V22/><F22/><W104/><G104/><N who="2" m="40041" /><F99/><W131/><G131/><T20/><D20/><N who="1" m="11303" /><E128/><V25/><F25/><W81/><G91/><T40/><D44/><U135/><E89/><V116/><F116/><W42/><G42/><RYUUKYOKU ba="0,0" sc="295,-15,172,-15,320,15,213,15" hai2="4,8,15,52,59,133,134" hai3="16,21,27,57,58,60,61,64,67,81,88,92,95" /><INIT seed="2,1,0,2,3,34" ten="280,157,335,228" oya="2" hai0="22,40,114,119,69,33,43,122,133,99,90,3,68" hai1="81,82,107,93,30,100,128,26,116,0,108,62,61" hai2="92,35,51,54,16,17,20,18,49,132,50,59,111" hai3="37,57,98,117,55,126,71,6,87,94,102,42,10"/><V8/><F35/><W24/><G117/><T106/><D122/><U27/><E116/><V130/><F130/><W44/><G126/><T31/><D22/><U2/><E107/><V113/><F113/><W60/><G24/><N who="1" m="9258" /><E93/><V112/><F112/><W39/><G71/><T121/><D121/><U85/><E85/><V77/><F132/><W95/><G87/><T12/><D119/><U89/><E89/><V124/><F124/><W14/><REACH who="3" step="1"/><G94/><REACH who="3" ten="280,157,335,218" step="2"/><T83/><D68/><U1/><E128/><V65/><F92/><W46/><G46/><T29/><D69/><U91/><E108/><V52/><F111/><W48/><AGARI ba="1,1" hai="6,10,14,37,39,42,44,48,55,57,60,95,98,102" machi="48" ten="20,2700,0" yaku="1,1,0,1,7,1,53,0" doraHai="34" doraHaiUra="109" who="3" fromWho="3" sc="280,-8,157,-8,335,-14,218,40" /><INIT seed="3,0,0,5,4,59" ten="272,149,321,258" oya="3" hai0="120,126,17,69,19,117,63,106,24,20,50,55,47" hai1="37,125,122,32,28,94,83,114,133,25,34,56,124" hai2="6,11,52,5,33,12,13,36,9,70,118,97,38" hai3="21,119,68,134,121,0,92,91,109,41,49,1,54"/><W48/><G119/><T30/><D120/><U79/><E94/><V23/><F118/><W66/><G121/><T115/><D117/><U74/><E122/><V73/><F33/><W10/><G134/><T44/><D115/><U42/><E114/><V31/><F73/><W39/><G49/><T75/><D75/><U14/><E14/><V3/><F70/><W65/><G21/><T2/><D126/><U123/><E123/><V98/><F3/><W102/><G102/><T60/><D2/><U93/><E93/><V16/><F31/><W78/><G78/><T85/><D69/><U128/><E34/><V4/><F38/><W7/><G109/><T84/><D47/><U8/><E133/><V110/><F36/><W58/><G0/><T111/><D106/><U15/><E128/><V71/><F71/><W135/><G135/><T90/><D111/><U101/><E101/><V27/><F110/><W51/><G39/><T43/><D43/><U40/><E37/><V18/><F52/><N who="3" m="32007" /><G68/><T96/><D96/><U131/><E131/><V112/><F112/><W61/><G41/><T100/><D100/><U53/><E125/><V81/><F81/><W64/><G92/><N who="0" m="54343" /><D85/><U80/><E80/><V127/><F127/><W57/><G91/><T108/><D108/><U67/><E67/><V82/><F82/><W26/><G26/><T77/><D77/><U105/><E105/><V88/><F88/><W107/><G107/><T129/><D129/><U95/><E95/><V72/><F72/><W113/><G1/><T116/><D116/><U87/><E124/><V62/><F62/><AGARI ba="0,0" hai="17,19,20,24,30,44,50,55,60,62,63" m="54343" machi="62" ten="30,8000,1" yaku="6,1,8,1,52,3" doraHai="59" who="0" fromWho="2" sc="272,80,149,0,321,-80,258,0" owari="352,45.0,149,-35.0,241,-16.0,258,6.0" /></mjloggm>