<mjloggm ver="2.3"><GO type="169" lobby="0"/><UN n0="%4B%69%74%61%6D%75%72%61" n1="%E5%85%AD%E9%83%A8%E5%9C%AD" n2="%E3%81%B4%E3%82%8C" n3="%E6%88%91%E7%A0%B4%E9%AD%94" dan="16,16,16,16" rate="2070.60,2093.25,2087.44,2164.54" sx="F,M,M,M"/><TAIKYOKU oya="0"/><INIT seed="0,0,0,3,4,4" ten="250,250,250,250" oya="0" hai0="46,105,48,41,73,97,13,72,104,40,77,55,88" hai1="12,38,45,23,133,126,32,112,54,100,2,58,21" hai2="52,16,70,74,69,47,117,91,128,84,71,135,78" hai3="34,6,30,106,98,129,127,93,0,114,26,36,35"/><T85/><D77/><U14/><E2/><V75/><F128/><W27/><G106/><T92/><D105/><U10/><E32/><V134/><F78/><W59/><G114/><T57/><D41/><U8/><E100/><V96/><F96/><W119/><G36/><T3/><D3/><U60/><E112/><V18/><F117/><W132/><G119/><T63/><REACH who="0" step="1"/><D13/><REACH who="0" ten="240,250,250,250" step="2"/><U19/><E133/><N who="2" m="50699" /><F75/><W17/><G132/><T131/><D131/><U90/><E126/><V28/><F74/><W118/><G127/><T64/><D64/><U111/><E111/><V95/><F28/><W115/><G30/><T15/><D15/><U102/><E102/><AGARI ba="0,1" hai="40,46,48,55,57,63,72,73,85,88,92,97,102,104" machi="102" ten="40,3900,0" yaku="1,1,54,1,53,0" doraHai="4" doraHaiUra="24" who="0" fromWho="1" sc="240,49,250,-39,250,0,250,0" /><INIT seed="0,1,0,5,1,113" ten="289,211,250,250" oya="0" hai0="33,38,25,91,45,68,61,73,57,86,39,8,53" hai1="7,69,83,51,18,36,16,117,96,98,59,17,121" hai2="97,31,11,123,89,110,37,75,13,115,44,19,58" hai3="127,95,107,6,90,119,133,56,106,29,54,84,24"/><T55/><D73/><U35/><E69/><V74/><F115/><W66/><G127/><T88/><D68/><U101/><E36/><V92/><F123/><W79/><G133/><T20/><D33/><U109/><E121/><V135/><F110/><W102/><G119/><T82/><D8/><U65/><E35/><V23/><F135/><W2/><G66/><T12/><D12/><U118/><E109/><V70/><F70/><W99/><G79/><T124/><D124/><U87/><E7/><V34/><F34/><W4/><G107/><T114/><D114/><U67/><E96/><V128/><F128/><W46/><G46/><T120/><D120/><U3/><E3/><V116/><F116/><W21/><REACH who="3" step="1"/><G2/><REACH who="3" ten="289,211,250,240" step="2"/><T15/><D15/><U63/><E65/><V60/><F44/><W5/><G5/><T129/><D129/><U28/><E28/><V71/><F71/><W112/><G112/><T9/><D45/><U104/><REACH who="1" step="1"/><E51/><AGARI ba="1,1" hai="4,6,21,24,29,51,54,56,84,90,95,99,102,106" machi="51" ten="30,7700,0" yaku="1,1,7,1,53,2" doraHai="113" doraHaiUra="0" who="3" fromWho="1" sc="289,0,211,-80,250,0,240,90" /><INIT seed="1,0,0,0,0,35" ten="289,131,250,330" oya="1" hai0="55,128,28,27,125,46,135,43,44,113,109,54,107" hai1="126,25,121,92,66,12,1,53,77,47,11,85,118" hai2="41,33,106,45,37,100,95,38,10,34,98,75,111" hai3="58,20,81,83,21,101,91,94,26,6,73,102,67"/><U17/><E118/><V57/><F111/><W103/><G6/><T115/><D107/><U89/><E121/><V72/><F38/><W130/><G130/><T80/><D109/><U117/><E126/><V124/><F124/><W23/><G73/><N who="2" m="28233" /><F95/><W108/><G108/><T133/><D125/><U65/><E117/><V14/><F14/><W127/><G127/><T39/><D80/><N who="3" m="30793" /><G58/><T76/><D76/><U88/><E77/><V71/><F57/><W51/><G51/><T132/><D128/><U0/><E25/><V69/><F10/><W123/><G67/><T24/><D24/><U7/><E89/><V110/><F110/><W104/><G104/><T68/><D68/><AGARI ba="0,0" hai="33,34,37,41,45,68,69,71,98,100,106" m="28233" machi="68" ten="30,2000,0" yaku="33,2" doraHai="35" who="2" fromWho="0" sc="289,-20,131,0,250,20,330,0" /><INIT seed="2,0,0,1,0,126" ten="269,131,270,330" oya="2" hai0="26,37,35,61,5,100,17,39,13,66,1,84,10" hai1="103,44,21,116,46,8,31,72,85,71,33,34,112" hai2="120,102,40,56,52,97,75,106,14,95,25,47,67" hai3="64,15,128,6,111,104,18,124,28,119,130,38,123"/><V19/><F120/><W86/><G123/><T82/><D100/><U0/><E72/><V80/><F67/><W117/><G124/><T3/><D3/><U54/><E112/><V134/><F134/><W74/><G74/><T109/><D109/><U115/><E115/><V107/><F25/><W63/><G111/><T69/><D26/><U20/><E71/><V11/><F75/><W42/><G104/><T133/><D35/><N who="1" m="13323" /><E85/><V77/><F80/><W87/><G28/><T16/><D133/><U76/><E54/><V105/><F77/><W57/><G6/><T41/><D41/><U98/><E46/><V132/><F132/><W83/><G42/><T94/><D94/><U53/><E53/><V50/><REACH who="2" step="1"/><F107/><REACH who="2" ten="269,131,260,330" step="2"/><W108/><G108/><T125/><D125/><U23/><E76/><V122/><F122/><W131/><G83/><T129/><D82/><U68/><E116/><N who="3" m="44618" /><G38/><AGARI ba="0,1" hai="11,14,19,38,40,47,50,52,56,95,97,102,105,106" machi="38" ten="30,5800,0" yaku="1,1,7,1,54,1,53,0" doraHai="126" doraHaiUra="2" who="2" fromWho="3" sc="269,0,131,0,260,68,330,-58" /><INIT seed="2,1,0,2,2,89" ten="269,131,328,272" oya="2" hai0="19,91,8,105,77,118,40,73,24,71,114,83,84" hai1="64,90,108,104,14,23,3,25,36,128,21,59,51" hai2="29,10,131,125,32,66,39,42,95,74,78,49,45" hai3="135,4,56,38,65,15,85,69,41,124,55,63,17"/><V52/><F131/><W43/><G124/><T101/><D114/><U53/><E3/><V120/><F120/><W133/><G4/><T119/><D71/><U47/><E104/><V20/><F125/><W93/><G85/><T126/><D126/><U112/><E128/><V97/><F66/><W110/><G93/><T35/><D40/><N who="3" m="15433" /><G38/><T28/><D19/><U127/><E36/><V18/><F10/><W107/><G107/><T100/><D8/><U16/><E112/><V27/><F78/><W0/><G0/><T57/><D57/><U6/><E108/><V102/><F74/><W103/><G103/><T92/><D101/><U99/><E127/><V26/><REACH who="2" step="1"/><F39/><REACH who="2" ten="269,131,318,272" step="2"/><W12/><G65/><T129/><D129/><U130/><E130/><V44/><F44/><W9/><G9/><T113/><D113/><U132/><E64/><V134/><F134/><W75/><G75/><T30/><D30/><U48/><E47/><V79/><F79/><W5/><G135/><T61/><D61/><U31/><E132/><V111/><F111/><W68/><G110/><T50/><D50/><U82/><E48/><V116/><F116/><W22/><G133/><T33/><D33/><U72/><E72/><V88/><F88/><W46/><G46/><T98/><AGARI ba="1,1" hai="24,28,35,73,77,83,84,91,92,98,100,105,118,119" machi="98" ten="30,7900,0" yaku="0,1,24,2,52,1" doraHai="89" who="0" fromWho="0" sc="269,92,131,-21,318,-40,272,-21" /><INIT seed="3,0,0,4,4,23" ten="361,110,278,251" oya="3" hai0="42,25,0,56,1,80,127,115,34,12,40,65,114" hai1="90,99,73,55,5,117,67,54,82,13,28,61,135" hai2="75,46,122,24,45,63,14,130,116,27,81,86,26" hai3="98,57,48,113,3,66,53,125,18,118,78,31,20"/><W97/><G113/><N who="0" m="43019" /><D127/><U43/><E28/><V87/><F116/><W15/><G118/><T85/><D12/><U17/><E43/><N who="0" m="16425" /><D65/><U124/><E5/><V36/><F36/><W110/><G3/><T39/><D56/><U59/><E117/><V49/><F130/><W37/><G37/><T106/><D106/><U30/><E124/><V60/><F75/><W62/><G125/><T84/><D84/><N who="2" m="32298" /><F81/><W52/><G78/><N who="0" m="46231" /><D39/><U32/><E82/><V11/><F122/><W47/><G110/><T96/><D96/><N who="3" m="36969" /><G31/><AGARI ba="0,0" hai="0,1,25,31,34" m="46231,16425,43019" machi="31" ten="30,2000,0" yaku="11,1,52,1" doraHai="23" who="0" fromWho="3" sc="361,20,110,0,278,0,251,-20" /><INIT seed="4,0,0,3,1,91" ten="381,110,278,231" oya="0" hai0="74,104,124,72,90,48,70,116,81,29,60,0,27" hai1="31,85,135,62,12,112,69,130,24,13,94,41,54" hai2="35,133,102,30,117,50,110,83,109,16,65,93,97" hai3="114,125,23,98,113,89,111,36,53,56,2,132,37"/><T66/><D116/><U115/><E41/><V40/><F133/><W107/><G111/><T11/><D124/><U38/><E38/><V131/><F117/><W47/><G2/><T71/><D71/><U43/><E43/><V7/><F131/><W118/><G118/><T121/><D121/><U64/><E135/><V26/><F65/><W32/><G32/><T122/><D122/><U21/><E54/><V92/><F7/><W58/><G132/><T128/><D128/><U75/><E75/><V127/><F127/><W86/><G125/><T63/><D63/><U76/><E130/><V15/><F83/><W67/><G67/><T55/><D104/><U99/><E85/><V18/><F18/><W14/><G107/><T49/><D49/><U88/><E76/><V59/><F93/><W100/><G37/><T126/><D126/><U51/><E51/><V44/><REACH who="2" step="1"/><F59/><REACH who="2" ten="381,110,268,231" step="2"/><W87/><G56/><T20/><D81/><U46/><REACH who="1" step="1"/><E46/><REACH who="1" ten="381,100,268,231" step="2"/><V25/><F25/><W68/><G47/><T8/><D27/><U101/><E101/><V3/><F3/><W73/><G100/><T134/><D134/><U82/><E82/><V1/><F1/><W61/><G114/><AGARI ba="0,2" hai="12,13,21,24,31,62,64,69,88,94,99,112,114,115" machi="114" ten="40,12000,2" yaku="1,1,15,1,11,1,52,1,54,1,53,1" doraHai="91" doraHaiUra="17" who="1" fromWho="3" sc="381,0,100,140,268,0,231,-120" /><INIT seed="5,0,0,2,4,17" ten="381,240,268,111" oya="1" hai0="3,11,122,83,82,14,124,31,19,126,70,120,23" hai1="89,10,118,29,134,110,121,68,52,56,102,2,12" hai2="42,88,22,93,58,109,46,95,107,21,87,33,34" hai3="44,79,71,59,74,28,78,16,129,35,20,84,127"/><U25/><E118/><V38/><F109/><W18/><G71/><T135/><D70/><U133/><E121/><N who="0" m="46697" /><D135/><U61/><E2/><V101/><F107/><W90/><G129/><T116/><D116/><U55/><E68/><V72/><F72/><W37/><G127/><N who="0" m="48683" /><D31/><U103/><E110/><V49/><F34/><W32/><G37/><T53/><D53/><U97/><E55/><V91/><F33/><W45/><G84/><T130/><D130/><U1/><E1/><V73/><F73/><W128/><G128/><T104/><D104/><U98/><E89/><V125/><F125/><W106/><G106/><T62/><D62/><U92/><E98/><V48/><F101/><W108/><G74/><T47/><D47/><U75/><E102/><V77/><F77/><W39/><G39/><T41/><D41/><U7/><REACH who="1" step="1"/><E75/><REACH who="1" ten="381,230,268,111" step="2"/><V15/><F91/><W13/><G90/><T117/><D117/><U64/><E64/><V131/><F131/><W0/><G0/><T114/><D114/><U5/><E5/><AGARI ba="0,1" hai="3,5,11,14,19,23,82,83" m="48683,46697" machi="5" ten="30,3900,0" yaku="13,1,18,1,52,1" doraHai="17" who="0" fromWho="1" sc="381,49,230,-39,268,0,111,0" /><INIT seed="6,0,0,0,4,103" ten="430,191,268,111" oya="2" hai0="135,83,37,98,30,16,90,96,62,50,97,117,34" hai1="14,131,19,64,3,51,33,91,112,45,111,94,4" hai2="29,128,70,107,85,17,127,22,118,20,132,87,49" hai3="7,133,100,106,61,35,2,73,129,58,59,27,75"/><V101/><F118/><W125/><G129/><T93/><D37/><U67/><E111/><V121/><F121/><W115/><G125/><T77/><D117/><U6/><E33/><V86/><F127/><W108/><G108/><T69/><D135/><U80/><E112/><V46/><F128/><W54/><G133/><T13/><D50/><U11/><E131/><V66/><F132/><W47/><G115/><T53/><D30/><U23/><E80/><V104/><F101/><W81/><G47/><T95/><D34/><U126/><E6/><V26/><F66/><W39/><G39/><T43/><D43/><U24/><E3/><V60/><F60/><W48/><G7/><T38/><D38/><U99/><E126/><V55/><REACH who="2" step="1"/><F70/><REACH who="2" ten="430,191,258,111" step="2"/><W78/><G100/><T8/><D69/><U5/><E64/><V1/><F1/><W21/><G2/><T9/><D62/><U122/><E67/><V31/><F31/><W124/><G124/><T40/><D40/><N who="1" m="24999" /><E122/><V79/><F79/><W68/><G68/><T15/><D77/><U71/><E71/><V109/><F109/><W82/><G78/><T84/><D53/><U18/><AGARI ba="0,1" hai="4,5,11,14,18,19,23,24,91,94,99" m="24999" machi="18" ten="30,1100,0" yaku="8,1" doraHai="103" who="1" fromWho="1" sc="430,-3,191,21,258,-5,111,-3" /><INIT seed="7,0,0,5,2,67" ten="427,212,253,108" oya="3" hai0="21,57,0,95,113,129,65,100,99,123,33,25,53" hai1="74,72,84,22,11,112,39,91,18,86,41,88,61" hai2="66,15,134,6,2,20,64,47,119,51,28,40,130" hai3="14,36,4,60,55,49,110,93,105,104,43,115,12"/><W81/><G36/><T108/><D108/><U13/><E112/><V101/><F119/><W7/><G115/><T135/><D123/><U79/><E79/><V124/><F134/><W71/><G110/><T42/><D113/><U122/><E122/><V46/><F130/><W120/><G120/><T54/><D0/><U30/><E61/><V97/><F124/><W24/><G104/><T109/><D33/><U118/><E118/><V58/><F2/><W92/><G105/><T70/><D70/><U76/><E76/><V29/><F47/><N who="3" m="25855" /><G71/><T89/><D109/><U102/><E102/><V1/><F1/><W85/><G24/><T125/><D125/><U8/><E39/><V87/><F87/><W56/><G14/><T59/><D42/><U35/><E41/><V17/><F6/><N who="3" m="2091" /><G12/><T23/><D135/><U50/><E35/><V121/><F121/><W90/><AGARI ba="0,0" hai="55,56,60,81,85,90,92,93" m="2091,25855" machi="90" ten="30,1500,0" yaku="8,1" doraHai="67" who="3" fromWho="3" sc="427,-5,212,-5,253,-5,108,15" /><INIT seed="7,1,0,5,1,134" ten="422,207,248,123" oya="3" hai0="77,19,81,129,121,40,67,80,106,87,117,120,110" hai1="94,54,102,105,109,69,5,91,32,76,85,0,24" hai2="90,115,53,25,127,8,16,29,44,125,37,100,1" hai3="114,17,88,135,124,89,27,66,56,116,7,83,72"/><W10/><G116/><T35/><D117/><U60/><E109/><V48/><F115/><W65/><G135/><T22/><D110/><U3/><E76/><V15/><F100/><W14/><G114/><T104/><D35/><U64/><E5/><V23/><F37/><W97/><G124/><N who="2" m="47689" /><F90/><N who="3" m="34923" /><G72/><T132/><D132/><U9/><E54/><V28/><F1/><W122/><G122/><T50/><D67/><N who="3" m="25609" /><G83/><T6/><D81/><U59/><E9/><V111/><F111/><W71/><G71/><T47/><D80/><U82/><E59/><V46/><F46/><W86/><G56/><T33/><D47/><U42/><E42/><V78/><F78/><W96/><G86/><T70/><D70/><U92/><E82/><V49/><F49/><W63/><G63/><T12/><D50/><U84/><E84/><V21/><F29/><W34/><G34/><AGARI ba="1,0" hai="8,15,16,21,23,25,28,34,44,48,53" m="47689" machi="34" ten="30,8000,1" yaku="18,1,52,3,54,1" doraHai="134" who="2" fromWho="3" sc="422,0,207,0,248,83,123,-83" owari="422,52.0,207,-19.0,331,13.0,40,-46.0" /></mjloggm>