<mjloggm ver="2.3"><GO type="225" lobby="0"/><UN n0="%E6%B5%81%E3%82%8C%EF%BC%9F%53%4F%41" n1="%E6%97%A5%E6%9B%9C%E6%97%A5%E3%82%88%E3%82%8A%E3%81%AE%E4%BD%BF%E8%80%85" n2="%E6%96%87%E8%B1%AA" n3="%E5%B7%A5%E8%97%A4%E6%96%B0%E4%B8%80" dan="17,16,16,16" rate="2240.20,2183.49,2047.36,2093.38" sx="M,M,M,M"/><TAIKYOKU oya="0"/><INIT seed="0,0,0,0,5,32" ten="250,250,250,250" oya="0" hai0="66,122,99,90,134,49,51,81,125,0,11,7,68" hai1="76,63,21,56,135,86,128,35,121,44,3,43,84" hai2="92,78,31,9,38,105,104,40,107,61,126,8,112" hai3="28,97,42,95,30,123,89,85,119,73,96,17,4"/><T64/><D122/><U37/><E121/><V88/><F112/><W34/><G123/><T57/><D134/><U80/><E35/><V82/><F31/><W106/><G119/><T129/><D129/><U25/><E135/><V22/><F22/><W50/><G73/><T77/><D68/><U52/><E128/><V58/><F126/><W132/><G132/><T98/><D98/><U113/><E113/><V36/><F40/><W79/><G4/><T53/><D51/><U55/><E3/><V14/><F82/><W94/><G106/><T130/><D125/><U93/><E55/><V60/><F78/><W54/><G42/><T127/><D127/><U131/><E131/><V103/><F103/><W117/><G117/><T33/><D33/><U23/><REACH who="1" step="1"/><E25/><REACH who="1" ten="250,240,250,250" step="2"/><V2/><F2/><W124/><G124/><T26/><D26/><U87/><E87/><V15/><F15/><W27/><G30/><T108/><D130/><U6/><E6/><V41/><F14/><W71/><G17/><T102/><D108/><U111/><E111/><V67/><F60/><W83/><G96/><T118/><D118/><U48/><E48/><V24/><F24/><W109/><G109/><T47/><D64/><U12/><E12/><V70/><F38/><W45/><G97/><T59/><D66/><U115/><E115/><V120/><F120/><W91/><G27/><T16/><D16/><U101/><E101/><V20/><F36/><W72/><G28/><T65/><D65/><U116/><E116/><V62/><F67/><W75/><G34/><T74/><D102/><U110/><E110/><RYUUKYOKU ba="0,1" sc="250,15,240,15,250,-15,250,-15" hai0="0,7,11,47,49,53,57,59,74,77,81,90,99" hai1="21,23,37,43,44,52,56,63,76,80,84,86,93" /><INIT seed="0,1,1,3,3,42" ten="265,255,235,235" oya="0" hai0="13,134,52,110,83,113,116,90,43,5,6,91,132" hai1="36,94,45,24,25,131,109,10,123,122,127,53,31" hai2="56,63,74,67,89,15,100,27,88,126,55,9,117" hai3="118,107,12,20,29,65,41,102,70,120,86,33,99"/><T51/><D113/><U4/><E109/><V103/><F126/><W115/><G118/><T106/><D116/><U26/><E127/><V119/><F74/><W50/><G115/><T11/><D43/><U93/><E31/><V23/><F117/><W128/><G128/><T135/><D106/><U34/><E34/><V129/><F129/><W37/><G120/><T39/><D39/><U1/><E131/><V85/><F119/><W114/><G114/><T124/><D124/><U40/><REACH who="1" step="1"/><E53/><REACH who="1" ten="265,245,235,235" step="2"/><V22/><F55/><W59/><G29/><T18/><D110/><U61/><E61/><V57/><F57/><W81/><G33/><T16/><D5/><U105/><E105/><V0/><F56/><W101/><G107/><T35/><D35/><U87/><E87/><V77/><F63/><W96/><G86/><N who="0" m="50527" /><D91/><U62/><E62/><V38/><F89/><W121/><G59/><AGARI ba="1,2" hai="6,11,13,16,18,51,52,59,132,134,135" m="50527" machi="59" ten="30,5800,0" yaku="20,1,54,2" doraHai="42" who="0" fromWho="3" sc="265,81,245,0,235,0,235,-61" /><INIT seed="0,2,0,3,5,131" ten="346,245,235,174" oya="0" hai0="91,31,72,83,112,110,111,117,122,57,121,92,113" hai1="84,85,0,2,22,45,16,81,75,89,134,119,103" hai2="104,65,64,79,87,120,132,118,7,54,21,98,86" hai3="30,62,66,5,129,50,80,108,12,61,20,82,116"/><T124/><D31/><U71/><E119/><V59/><F120/><N who="0" m="46186" /><D57/><U53/><E75/><V130/><F132/><W133/><G108/><N who="0" m="41515" /><D124/><U55/><E134/><V23/><F130/><W17/><G133/><T11/><D11/><U18/><E71/><V94/><F118/><W106/><G129/><T9/><D9/><U105/><E105/><V52/><F59/><W24/><G116/><T95/><D117/><U43/><E103/><V13/><F65/><W26/><G106/><T36/><D36/><U49/><E2/><V1/><F64/><W42/><G5/><T77/><D91/><U4/><E0/><V76/><F7/><W88/><G88/><T48/><D48/><U127/><E4/><V35/><F1/><W74/><G24/><T135/><D135/><U125/><E125/><V14/><F35/><W3/><G3/><T107/><D107/><U73/><E127/><V69/><F104/><W47/><G61/><T51/><D51/><U63/><E63/><V123/><F123/><W102/><G62/><T70/><D70/><U126/><E126/><V46/><F69/><W67/><G67/><T97/><D97/><U58/><E58/><V33/><F33/><W25/><G66/><T128/><D128/><U39/><E39/><V100/><F98/><W34/><G25/><T90/><D90/><U32/><E32/><V96/><F96/><W6/><G6/><T109/><N who="0" m="41523" /><T114/><AGARI ba="2,0" hai="72,77,83,92,95,112,113,114" m="41523,46186" machi="114" ten="50,12000,1" yaku="4,1,14,1,10,1,34,2" doraHai="131" who="0" fromWho="0" sc="346,126,245,-42,235,-42,174,-42" /><INIT seed="0,3,0,4,3,127" ten="472,203,193,132" oya="0" hai0="122,64,80,103,54,34,113,87,65,85,71,104,29" hai1="6,46,39,45,17,30,51,19,128,15,24,130,98" hai2="61,131,21,75,90,37,133,16,106,28,67,5,58" hai3="95,83,124,62,96,76,132,119,57,27,52,59,110"/><T41/><D113/><U44/><E39/><V91/><F133/><W31/><G110/><T55/><D41/><U84/><E98/><V36/><F75/><W100/><G132/><T134/><D122/><U1/><E1/><V42/><F106/><W3/><G124/><T12/><D12/><U72/><E72/><V94/><F28/><W118/><G3/><T97/><D64/><U10/><E84/><N who="0" m="32329" /><D80/><U109/><E51/><V7/><F42/><W18/><G18/><T47/><D47/><U53/><E53/><V93/><F37/><W48/><G83/><T88/><D88/><N who="2" m="33834" /><F36/><W111/><G111/><T89/><D89/><U69/><E69/><V4/><F131/><N who="1" m="50217" /><E109/><V40/><F40/><W135/><G76/><T74/><D74/><U11/><E10/><V2/><F2/><W129/><G129/><T68/><D68/><U114/><E114/><V79/><F79/><W99/><G99/><T9/><D9/><U120/><E120/><V20/><F20/><AGARI ba="3,0" hai="6,11,15,17,19,20,24,30,44,45,46" m="50217" machi="20" ten="30,7700,0" yaku="19,1,52,3" doraHai="127" who="1" fromWho="2" sc="472,0,203,86,193,-86,132,0" /><INIT seed="1,0,0,2,5,28" ten="472,289,107,132" oya="1" hai0="2,93,100,50,83,24,131,75,31,49,0,20,102" hai1="5,15,8,59,6,92,14,127,42,65,27,97,60" hai2="70,7,26,30,44,23,91,130,88,108,128,9,94" hai3="129,119,64,57,125,95,67,98,85,109,74,37,48"/><U112/><E127/><V126/><F126/><W13/><G109/><T29/><D131/><N who="2" m="50218" /><F108/><W16/><G129/><T115/><D115/><U99/><E112/><V40/><F70/><W22/><G125/><T110/><D110/><U135/><E135/><V43/><F94/><W71/><G74/><T96/><D29/><U121/><E121/><V89/><F44/><W73/><G73/><T45/><D102/><U55/><E42/><V133/><F133/><W84/><G37/><T103/><D100/><U32/><E92/><V78/><F78/><W81/><G71/><T52/><REACH who="0" step="1"/><D49/><REACH who="0" ten="462,289,107,132" step="2"/><U132/><E132/><V118/><F118/><W35/><G119/><T62/><D62/><U106/><E60/><V47/><F47/><W77/><G48/><T11/><D11/><U111/><E8/><V123/><F123/><W19/><G22/><T105/><D105/><U61/><E106/><V4/><F4/><W12/><G19/><T51/><D51/><U86/><E6/><V87/><F87/><W79/><G16/><T80/><D80/><U18/><E5/><V10/><F10/><W122/><G81/><T76/><AGARI ba="0,1" hai="0,2,20,24,31,45,50,52,75,76,83,93,96,103" machi="76" ten="30,4000,0" yaku="1,1,0,1,54,1,53,0" doraHai="28" doraHaiUra="69" who="0" fromWho="0" sc="462,50,289,-20,107,-10,132,-10" /><INIT seed="2,0,0,1,3,117" ten="512,269,97,122" oya="2" hai0="25,112,1,107,90,129,7,108,59,14,77,18,13" hai1="76,125,67,95,131,73,21,98,36,63,47,104,16" hai2="46,5,44,132,86,130,12,41,135,103,61,102,113" hai3="15,101,99,115,0,123,55,111,119,38,2,27,94"/><V66/><F113/><W75/><G111/><T128/><D108/><U58/><E125/><V114/><F130/><N who="0" m="50282" /><D107/><U51/><E131/><V49/><F114/><W8/><G119/><T3/><D77/><U120/><E120/><V81/><F46/><W10/><G123/><T31/><D59/><U78/><E36/><V6/><F132/><W62/><G38/><T118/><D7/><U40/><E73/><V96/><F12/><N who="0" m="4714" /><D112/><U92/><E104/><V28/><F135/><W33/><G115/><T133/><D133/><U84/><E84/><V42/><F42/><W60/><G75/><T69/><D69/><U35/><E35/><V57/><F28/><W93/><G93/><T74/><D74/><U4/><E4/><N who="2" m="1643" /><F96/><W65/><G8/><T122/><D118/><U134/><E134/><V110/><F110/><W19/><G27/><T26/><D90/><AGARI ba="0,0" hai="41,44,49,57,61,66,81,86,90,102,103" m="1643" machi="90" ten="30,1500,0" yaku="8,1" doraHai="117" who="2" fromWho="0" sc="512,-15,269,0,97,15,122,0" /><INIT seed="2,1,0,5,3,62" ten="497,269,112,122" oya="2" hai0="44,84,56,113,110,6,10,112,131,11,126,75,32" hai1="114,57,105,119,8,101,103,77,78,132,98,71,111" hai2="76,19,102,128,46,45,125,13,73,40,134,120,88" hai3="36,49,72,55,96,107,70,39,117,53,94,38,25"/><V87/><F120/><W130/><G130/><T15/><D75/><U123/><E71/><V69/><F125/><W2/><G117/><T63/><D110/><U51/><E114/><V59/><F69/><W64/><G72/><T41/><D32/><U104/><E119/><V99/><F134/><W54/><G107/><T135/><D131/><U66/><E111/><V91/><F128/><W65/><G2/><T89/><D11/><U50/><E8/><V83/><F59/><W7/><G7/><T17/><D17/><U129/><E129/><V28/><F28/><W33/><G70/><T21/><D21/><U127/><E98/><V37/><F46/><W20/><G33/><T108/><D126/><U79/><E79/><V35/><F35/><W100/><REACH who="3" step="1"/><G49/><REACH who="3" ten="497,269,112,112" step="2"/><T30/><D108/><U43/><E50/><V23/><F73/><W118/><G118/><T14/><D135/><U26/><E51/><V68/><F68/><W92/><G92/><AGARI ba="1,1" hai="13,19,23,37,40,45,76,83,87,88,91,92,99,102" machi="92" ten="30,2900,0" yaku="7,1,54,1" doraHai="62" who="2" fromWho="3" sc="497,0,269,0,112,42,112,-32" /><INIT seed="2,2,0,4,4,71" ten="497,269,154,80" oya="2" hai0="28,59,80,115,100,123,33,108,38,76,133,52,49" hai1="98,53,112,134,74,135,47,57,110,11,44,51,45" hai2="101,30,128,105,50,43,14,90,96,40,79,27,73" hai3="91,9,122,4,3,8,1,65,29,15,70,54,68"/><V120/><F120/><W37/><G122/><T10/><D123/><U111/><E74/><V22/><F128/><W119/><G119/><T102/><D115/><U116/><E112/><V132/><F132/><N who="1" m="50729" /><E116/><V109/><F109/><N who="1" m="41481" /><E11/><V125/><F125/><W13/><G29/><T107/><D38/><U32/><E98/><V25/><F14/><W21/><G21/><T94/><D10/><U60/><E32/><V87/><F50/><AGARI ba="2,0" hai="44,45,47,50,51,53,57,60" m="41481,50729" machi="50" ten="40,8000,1" yaku="20,1,14,1,34,2" doraHai="71" who="1" fromWho="2" sc="497,0,269,86,154,-86,80,0" /><INIT seed="3,0,0,2,1,132" ten="497,355,68,80" oya="3" hai0="121,96,90,38,115,23,65,85,92,63,40,124,61" hai1="48,1,4,77,84,120,29,71,86,106,5,47,119" hai2="105,46,70,107,82,9,78,17,60,69,32,134,104" hai3="108,83,6,19,12,98,42,66,18,37,43,10,131"/><W79/><G131/><T49/><D121/><U110/><E120/><V24/><F134/><W56/><G108/><T76/><D38/><U20/><E71/><V55/><F46/><W45/><G42/><T94/><D124/><U93/><E106/><V50/><F50/><W126/><G126/><T34/><D34/><U8/><E4/><V102/><F55/><W100/><G56/><T0/><D0/><U7/><E93/><V74/><F60/><W129/><G66/><T51/><D115/><U67/><E77/><V59/><F59/><W111/><G129/><T89/><D76/><U128/><E20/><V15/><REACH who="2" step="1"/><F102/><REACH who="2" ten="497,355,58,80" step="2"/><W57/><G57/><N who="0" m="37039" /><D40/><U33/><E33/><V54/><F54/><W122/><G122/><T87/><D63/><U75/><E86/><N who="0" m="32777" /><D23/><U101/><E29/><AGARI ba="0,1" hai="9,15,17,24,29,32,69,70,74,78,82,104,105,107" machi="29" ten="40,1300,0" yaku="1,1,53,0" doraHai="132" doraHaiUra="53" who="2" fromWho="1" sc="497,0,355,-13,58,23,80,0" owari="497,60.0,342,14.0,81,-32.0,80,-42.0" /></mjloggm>