<mjloggm ver="2.3"><GO type="169" lobby="0"/><UN n0="%E8%B5%A4%E5%9F%8E%E3%81%BF%E3%82%8A%E3%81%82" n1="%E3%83%8F%E3%82%BF%E3%83%A2%E3%83%88%E3%83%92%E3%83%AD" n2="%E9%8A%80%E8%89%B2%E3%81%84%E3%81%8C%E3%81%90%E3%82%8A" n3="%E4%B9%B1%E5%88%87%E3%82%8A" dan="16,17,18,16" rate="2118.84,2137.59,2291.74,2081.68" sx="F,M,M,M"/><TAIKYOKU oya="0"/><INIT seed="0,0,0,5,0,12" ten="250,250,250,250" oya="0" hai0="75,10,116,53,88,128,100,97,78,37,106,3,46" hai1="50,58,4,39,76,25,15,45,48,69,62,120,94" hai2="132,51,27,99,87,43,47,83,59,131,98,101,61" hai3="9,129,104,16,23,73,54,14,30,110,0,103,135"/><T111/><D116/><U32/><E120/><V133/><F131/><W36/><G73/><T74/><D128/><U89/><E69/><V29/><F101/><W42/><G104/><T64/><D64/><U118/><E39/><V49/><F49/><W22/><G103/><T84/><D111/><U20/><E32/><V109/><F109/><W85/><G129/><T57/><D78/><U1/><E1/><V117/><F117/><W56/><G110/><T105/><D105/><U13/><E76/><V79/><F132/><W93/><G135/><T112/><D112/><U70/><E70/><V35/><REACH who="2" step="1"/><F133/><REACH who="2" ten="250,250,240,250" step="2"/><W121/><G121/><T31/><D100/><U34/><E118/><V86/><F86/><W91/><G36/><T26/><D84/><U81/><E50/><V115/><F115/><W38/><G38/><T63/><D37/><U125/><E125/><V72/><F72/><W52/><G85/><T17/><D75/><U92/><E48/><V71/><F71/><W7/><BYE who="2" /><G42/><T96/><D74/><U55/><E81/><V24/><F24/><W124/><G124/><T11/><D26/><UN n2="%E9%8A%80%E8%89%B2%E3%81%84%E3%81%8C%E3%81%90%E3%82%8A" /><U127/><E94/><V5/><F5/><W67/><G30/><T66/><D31/><U95/><E95/><V102/><F102/><W18/><G7/><T19/><D106/><U80/><E80/><V122/><F122/><W60/><G0/><T119/><D3/><U130/><E127/><V44/><F44/><W77/><G77/><T2/><D46/><U21/><E45/><V113/><F113/><W126/><G126/><T68/><D119/><U107/><E130/><RYUUKYOKU ba="0,1" sc="250,-10,250,-10,240,30,250,-10" hai2="27,29,35,43,47,51,59,61,79,83,87,98,99" /><INIT seed="1,1,1,4,5,10" ten="240,240,270,240" oya="1" hai0="12,109,0,131,97,133,114,130,50,87,54,28,120" hai1="80,132,31,17,95,24,88,46,29,115,47,57,62" hai2="67,84,41,36,73,26,89,135,23,38,129,76,68" hai3="48,18,81,90,2,1,94,99,45,118,53,27,49"/><U19/><E132/><V8/><F135/><W40/><G118/><T113/><D0/><U78/><E115/><V74/><F129/><W70/><G70/><T83/><D133/><U5/><E5/><V42/><F76/><W102/><G27/><T124/><D109/><U56/><E47/><V91/><F8/><W21/><G81/><T15/><D124/><U126/><E46/><V6/><F6/><W96/><G18/><T34/><D120/><U75/><E57/><V60/><F38/><W107/><G21/><T85/><D97/><U100/><E31/><V13/><F89/><W22/><G22/><T59/><D28/><U3/><E100/><V104/><F104/><W58/><AGARI ba="1,1" hai="1,2,40,45,48,49,53,58,90,94,96,99,102,107" machi="58" ten="20,1500,0" yaku="0,1,7,1" doraHai="10" who="3" fromWho="3" sc="240,-5,240,-8,270,-5,240,28" /><INIT seed="2,0,0,1,5,17" ten="235,232,265,268" oya="2" hai0="102,120,83,8,77,20,71,126,118,35,7,76,79" hai1="65,98,124,70,10,51,33,55,41,122,9,134,56" hai2="96,37,34,31,1,89,29,57,21,127,104,19,11" hai3="45,42,72,100,85,40,52,44,131,94,116,101,74"/><V16/><F37/><W48/><G116/><T13/><D35/><U15/><E134/><V50/><F127/><W105/><G131/><T115/><D71/><U107/><E122/><V66/><F34/><W38/><G40/><T95/><D115/><U28/><E41/><V0/><F0/><W75/><G105/><T90/><D120/><U64/><E64/><V108/><F108/><W43/><G43/><T5/><D126/><U119/><E15/><N who="2" m="7295" /><F104/><W106/><G106/><T36/><D36/><U62/><E119/><V49/><F1/><W73/><N who="3" m="18432" /><DORA hai="97" /><W111/><REACH who="3" step="1"/><G111/><REACH who="3" ten="235,232,265,258" step="2"/><T87/><D118/><U23/><E124/><V3/><F3/><W78/><G78/><T91/><D77/><U32/><E32/><V132/><F132/><W128/><G128/><T129/><D129/><U88/><E33/><V80/><F49/><W14/><G14/><T18/><D79/><U121/><E121/><V125/><F125/><W25/><G25/><N who="0" m="14487" /><D5/><U135/><E135/><V39/><F39/><W68/><G68/><T27/><D27/><U63/><E107/><V60/><F50/><W110/><G110/><T114/><D114/><U92/><E51/><V112/><F112/><W47/><G47/><T22/><D76/><U30/><E70/><V59/><F59/><W2/><G2/><T84/><D7/><U109/><E109/><V24/><F80/><W86/><G86/><T69/><D69/><U6/><E6/><V61/><F61/><W133/><G133/><T67/><D83/><U123/><E63/><V54/><F66/><W58/><G58/><T130/><D67/><RYUUKYOKU ba="0,1" sc="235,-15,232,-15,265,15,258,15" hai2="19,21,24,29,31,54,57,60,89,96" hai3="38,42,44,45,48,52,85,94,100,101" /><INIT seed="2,1,1,4,1,1" ten="220,217,280,273" oya="2" hai0="47,4,65,107,67,94,48,89,61,109,71,134,110" hai1="83,20,73,69,133,18,126,96,56,22,100,88,75" hai2="46,104,50,58,5,30,44,102,119,81,99,125,8" hai3="86,132,40,91,66,51,130,43,28,2,42,9,101"/><V14/><F119/><W106/><G28/><T62/><D107/><U45/><E69/><V57/><F125/><W87/><G132/><T114/><D114/><U70/><E70/><V121/><F121/><W98/><G130/><T77/><D77/><U85/><E126/><V36/><F30/><W37/><G66/><T103/><D103/><U95/><E133/><V60/><F81/><W74/><G74/><T117/><D117/><U52/><E45/><V26/><F26/><W32/><G32/><T7/><D134/><U12/><REACH who="1" step="1"/><E20/><REACH who="1" ten="220,207,280,273" step="2"/><V111/><F111/><W19/><G37/><T129/><D110/><U6/><E6/><N who="0" m="2089" /><D109/><U10/><E10/><V13/><F36/><W64/><G9/><T15/><D129/><U17/><E17/><V54/><REACH who="2" step="1"/><F14/><REACH who="2" ten="220,207,270,273" step="2"/><W31/><G2/><T93/><D15/><U39/><E39/><V29/><F29/><W68/><G31/><T38/><D38/><U25/><E25/><V90/><F90/><W24/><G91/><T105/><D89/><U131/><E131/><V80/><F80/><W76/><G24/><T118/><D118/><U35/><E35/><V123/><F123/><W122/><G122/><T3/><D3/><U63/><AGARI ba="1,3" hai="12,18,22,52,56,63,73,75,83,85,88,95,96,100" machi="63" ten="20,8000,1" yaku="1,1,0,1,7,1,54,2,53,0" doraHai="1" doraHaiUra="72" who="1" fromWho="1" sc="220,-21,207,113,270,-41,273,-21" /><INIT seed="3,0,0,5,3,39" ten="199,320,229,252" oya="3" hai0="9,53,43,105,15,56,52,79,85,16,82,78,112" hai1="19,83,47,124,123,0,129,30,97,64,42,121,21" hai2="98,49,2,69,74,99,13,107,106,88,67,48,94" hai3="62,102,22,109,58,84,29,126,3,116,54,117,128"/><W41/><G3/><T133/><D105/><U11/><E129/><V35/><F2/><W32/><G32/><T10/><D133/><U66/><E124/><V61/><F74/><W51/><G128/><T45/><D112/><U115/><E115/><V134/><F134/><W132/><G132/><T77/><D9/><U5/><E30/><V55/><F35/><W96/><G126/><T60/><REACH who="0" step="1"/><D53/><REACH who="0" ten="189,320,229,252" step="2"/><U68/><E123/><V89/><F106/><W38/><G117/><T17/><D17/><U101/><E121/><V26/><F55/><W1/><G116/><T31/><D31/><U95/><E83/><V46/><F107/><W33/><G54/><T8/><D8/><U108/><E108/><V75/><F75/><W24/><G109/><T76/><D76/><U36/><REACH who="1" step="1"/><E68/><REACH who="1" ten="189,310,229,252" step="2"/><V100/><F69/><W135/><G29/><T111/><D111/><U12/><AGARI ba="0,2" hai="0,5,11,12,19,21,36,42,47,64,66,95,97,101" machi="12" ten="20,8000,1" yaku="1,1,2,1,0,1,7,1,52,1,53,0" doraHai="39" doraHaiUra="72" who="1" fromWho="1" sc="189,-20,310,100,229,-20,252,-40" /><INIT seed="4,0,0,5,5,83" ten="169,410,209,212" oya="0" hai0="77,6,112,109,107,94,40,16,36,41,91,84,86" hai1="90,78,4,95,133,53,130,60,73,102,120,79,127" hai2="99,123,132,23,115,101,22,50,122,48,71,89,20" hai3="114,128,59,67,98,9,118,21,27,108,85,8,80"/><T52/><D107/><U74/><E4/><V58/><F71/><W131/><G118/><T51/><D6/><U32/><E60/><V33/><F33/><W34/><G108/><T65/><D109/><U121/><E53/><V82/><F115/><W35/><G114/><T126/><D112/><U25/><E25/><V12/><F132/><W3/><G98/><N who="0" m="57695" /><D36/><U70/><E70/><V87/><F12/><W7/><G9/><T45/><D126/><U46/><E46/><V105/><REACH who="2" step="1"/><F58/><REACH who="2" ten="169,410,199,212" step="2"/><W72/><G59/><T134/><D134/><U62/><E32/><V61/><F61/><W38/><G67/><T29/><D29/><U81/><E62/><V110/><F110/><W117/><G117/><T125/><D65/><U37/><E133/><V24/><F24/><W106/><G34/><T63/><D125/><U10/><E127/><V31/><F31/><W135/><G35/><T64/><D77/><U39/><E78/><V2/><F2/><W55/><G3/><T14/><D64/><U111/><E79/><V0/><F0/><W124/><G135/><T17/><D63/><U104/><E111/><V119/><F119/><W26/><G26/><T116/><D116/><U103/><E121/><AGARI ba="0,1" hai="20,22,23,48,50,82,87,89,99,101,105,121,122,123" machi="121" ten="40,2600,0" yaku="1,1,52,1,53,0" doraHai="83" doraHaiUra="54" who="2" fromWho="1" sc="169,0,410,-26,199,36,212,0" /><INIT seed="5,0,0,3,2,60" ten="169,384,235,212" oya="1" hai0="4,29,30,50,28,87,71,58,75,55,132,103,131" hai1="92,104,96,98,34,57,2,85,9,40,102,100,109" hai2="112,53,1,80,72,123,39,18,84,15,42,16,128" hai3="101,120,133,130,7,24,82,19,108,135,89,25,41"/><U77/><E34/><V79/><F123/><W88/><G120/><T43/><D75/><U119/><E119/><V126/><F128/><W62/><G130/><T78/><D131/><U14/><E2/><V105/><F1/><W3/><G108/><T33/><D132/><N who="3" m="50761" /><G101/><T121/><D121/><U35/><E35/><V73/><F105/><W74/><G41/><T31/><D103/><U69/><E69/><V99/><F112/><W114/><G114/><T23/><D33/><U86/><E109/><V36/><F126/><W115/><G115/><T5/><D71/><U110/><E110/><V93/><F53/><W67/><G7/><T107/><D107/><U134/><E77/><V117/><F18/><W52/><G52/><T49/><N who="0" m="7168" /><DORA hai="66" /><T20/><D43/><U122/><E122/><V0/><F0/><W124/><G124/><T37/><D37/><U76/><E76/><V59/><F59/><N who="3" m="37343" /><G3/><T48/><D5/><U116/><E116/><V32/><F32/><W47/><G47/><T90/><D4/><U22/><E40/><V127/><F117/><W6/><G6/><T51/><REACH who="0" step="1"/><D78/><REACH who="0" ten="159,384,235,212" step="2"/><U68/><E68/><V106/><F127/><W44/><G74/><N who="2" m="28777" /><F106/><W13/><G44/><T38/><D38/><U95/><E104/><V94/><F42/><W56/><G56/><T45/><D45/><U64/><E57/><V8/><F39/><W12/><G89/><T61/><D61/><U11/><E134/><V65/><F36/><W46/><G46/><T111/><D111/><U97/><E102/><N who="2" m="60783" /><F65/><W125/><G125/><T91/><D91/><U54/><E64/><RYUUKYOKU ba="0,1" sc="159,15,384,-15,235,15,212,-15" hai0="20,23,48,49,50,51,55,58,87,90" hai2="8,15,16,79,80,84,94" /><INIT seed="6,1,1,2,5,85" ten="174,369,250,197" oya="2" hai0="47,5,112,23,12,41,8,122,40,34,109,18,86" hai1="126,75,6,35,95,132,50,129,117,67,98,11,91" hai2="73,100,131,13,62,16,72,64,124,0,99,127,71" hai3="118,51,42,70,102,20,21,116,63,84,82,110,108"/><V96/><F0/><W49/><G102/><T44/><D34/><U93/><E75/><V104/><F99/><W38/><G20/><T7/><D122/><U130/><E117/><N who="3" m="45162" /><G21/><T134/><D109/><N who="3" m="42089" /><G84/><T66/><D23/><U26/><E132/><V69/><F69/><W29/><G82/><T36/><D134/><U92/><E126/><N who="2" m="48171" /><F131/><N who="1" m="50185" /><E50/><V39/><F39/><W97/><G29/><T106/><D106/><U10/><E67/><V33/><F33/><W115/><G97/><T27/><D66/><U78/><E78/><V58/><F71/><W80/><G80/><T54/><D27/><U107/><E107/><V60/><F62/><W15/><G15/><T87/><D12/><N who="1" m="5207" /><E11/><AGARI ba="1,1" hai="11,13,16,58,60,64,72,73,96,100,104" m="48171" machi="11" ten="30,2900,0" yaku="18,1,54,1" doraHai="85" who="2" fromWho="1" sc="174,0,369,-32,250,42,197,0" /><INIT seed="6,2,0,3,5,70" ten="174,337,292,197" oya="2" hai0="26,97,49,109,76,19,101,86,33,17,11,57,63" hai1="77,51,69,61,4,14,25,81,118,113,7,75,73" hai2="50,93,131,28,0,20,115,53,9,27,103,79,23" hai3="105,99,104,38,47,123,108,68,3,96,121,117,127"/><V67/><F115/><W24/><G117/><T64/><D109/><U129/><E118/><V74/><F131/><W124/><G108/><T126/><D126/><N who="3" m="48169" /><G3/><T72/><D72/><U128/><E113/><V30/><F67/><W133/><G68/><T106/><D11/><U36/><E36/><V114/><F114/><W134/><G24/><T112/><D112/><U84/><E51/><V1/><F9/><W111/><G111/><T125/><D125/><U54/><E25/><V66/><F66/><W120/><G47/><T82/><D49/><U135/><E135/><N who="3" m="51722" /><G38/><T43/><D43/><U94/><E14/><V22/><F0/><W60/><G60/><T46/><D46/><U95/><E7/><V6/><F6/><W83/><BYE who="2" /><G83/><T107/><D107/><AGARI ba="2,0" hai="96,99,104,105,107,120,121,123" m="51722,48169" machi="107" ten="40,12000,2" yaku="28,2,18,1,20,1,34,2" doraHai="70" who="3" fromWho="0" sc="174,-126,337,0,292,0,197,126" /><INIT seed="7,0,0,1,4,96" ten="48,337,292,323" oya="3" hai0="121,50,12,37,18,38,99,53,15,69,86,75,56" hai1="51,49,64,90,111,13,48,27,112,23,97,33,4" hai2="62,91,66,46,26,128,44,9,70,43,123,32,88" hai3="118,79,3,120,129,31,113,60,19,106,28,40,5"/><W78/><G118/><T41/><D75/><U59/><E111/><V104/><F104/><W47/><G120/><T134/><D69/><U85/><E33/><V11/><F11/><W115/><G106/><T74/><D74/><U14/><E97/><UN n2="%E9%8A%80%E8%89%B2%E3%81%84%E3%81%8C%E3%81%90%E3%82%8A" /><V65/><F123/><W21/><G129/><T16/><D121/><U57/><E112/><N who="3" m="43082" /><G60/><T35/><D35/><U116/><E116/><V101/><F128/><W67/><G67/><T61/><D134/><U76/><E76/><N who="3" m="29226" /><G5/><T98/><D86/><U73/><E73/><V114/><F114/><W72/><G3/><T63/><D38/><U126/><E126/><V100/><F9/><W2/><G2/><T45/><D37/><U6/><E6/><V82/><F62/><W34/><G34/><T135/><D61/><N who="1" m="37935" /><E59/><V107/><F32/><W119/><G119/><T94/><D135/><U108/><E108/><V122/><F122/><W42/><G72/><T8/><REACH who="0" step="1"/><D94/><REACH who="0" ten="38,337,292,323" step="2"/><N who="1" m="54607" /><E4/><V7/><F7/><W103/><G103/><N who="2" m="39497" /><F107/><W71/><G71/><T117/><D117/><U124/><E124/><V1/><F70/><W10/><G10/><AGARI ba="0,1" hai="8,10,12,15,16,18,41,45,50,53,56,63,98,99" machi="10" ten="30,8000,1" yaku="1,1,7,1,9,1,8,1,54,1,53,0" doraHai="96" doraHaiUra="130" who="0" fromWho="3" sc="38,90,337,0,292,0,323,-80" owari="128,-37.0,337,44.0,292,9.0,243,-16.0" /></mjloggm>