<mjloggm ver="2.3"><GO type="169" lobby="0"/><UN n0="%E7%88%86%E7%89%8C%E3%82%A6%E3%82%B7%E3%82%B8%E3%83%9E%E3%81%8F%E3%82%93" n1="%E3%82%B5%E3%83%96%E3%82%A2%E3%83%A9%E3%83%89" n2="%28%3B%E3%83%BB%E2%88%80%E3%83%BB%29" n3="%E3%81%BF%E3%81%8B%E3%82%93%E5%A4%AA" dan="16,16,16,17" rate="2096.62,2064.62,2184.89,2181.62" sx="M,M,M,M"/><TAIKYOKU oya="0"/><INIT seed="0,0,0,1,3,66" ten="250,250,250,250" oya="0" hai0="125,82,96,94,6,27,56,26,103,110,31,100,109" hai1="57,104,30,10,97,78,46,129,8,130,131,105,54" hai2="61,98,69,33,80,55,1,48,58,53,132,9,52" hai3="133,79,77,93,112,20,95,14,119,123,70,91,38"/><T120/><D120/><U49/><E78/><V116/><F33/><W18/><G38/><T3/><D125/><U72/><E72/><V44/><F80/><W62/><G133/><T111/><D100/><U75/><E75/><V4/><F132/><W40/><G40/><T65/><D3/><U16/><E30/><V127/><F127/><W122/><G119/><T117/><D6/><U92/><E46/><V35/><F35/><W124/><G95/><T73/><D117/><U59/><E59/><V25/><F116/><W68/><G62/><N who="0" m="38087" /><D31/><U47/><E57/><V37/><F25/><W51/><G51/><T88/><D103/><N who="1" m="60839" /><E8/><V5/><F98/><N who="3" m="57663" /><G112/><T15/><D15/><AGARI ba="0,0" hai="10,15,16,47,49,54,104,105,129,130,131" m="60839" machi="15" ten="30,2000,0" yaku="19,1,54,1" doraHai="66" who="1" fromWho="0" sc="250,-20,250,20,250,0,250,0" /><INIT seed="1,0,0,5,2,87" ten="230,270,250,250" oya="1" hai0="119,124,32,51,47,25,72,53,12,69,17,9,76" hai1="96,11,54,97,80,57,16,117,132,18,42,29,110" hai2="77,92,74,64,78,38,45,44,5,94,75,108,128" hai3="19,126,101,49,15,134,122,35,71,0,109,33,91"/><U93/><E117/><V63/><F108/><W116/><G109/><T4/><D119/><U30/><E132/><V1/><F128/><W130/><G0/><T7/><D124/><U50/><E42/><V59/><F1/><W39/><G39/><T20/><D69/><U82/><E97/><V83/><F5/><W14/><G71/><T127/><D127/><U61/><E61/><V111/><F111/><W100/><G134/><T73/><D7/><U10/><E110/><V125/><F125/><W13/><G130/><T6/><D6/><U22/><E18/><V113/><F113/><W118/><G126/><T37/><D76/><U133/><E133/><V95/><REACH who="2" step="1"/><F38/><REACH who="2" ten="230,270,240,250" step="2"/><W41/><G116/><T56/><D37/><U123/><E123/><V27/><F27/><W103/><G122/><T46/><D32/><U121/><E121/><V43/><F43/><W106/><G41/><T89/><D72/><U112/><E112/><V8/><F8/><N who="1" m="3113" /><E30/><V99/><F99/><W55/><G118/><T21/><D73/><U36/><E29/><V104/><F104/><W115/><G115/><T68/><D20/><U81/><E36/><V66/><F66/><W3/><G3/><T114/><D114/><U84/><E22/><V90/><F90/><W131/><G106/><T60/><D89/><N who="1" m="51351" /><E16/><V34/><F34/><N who="3" m="12811" /><G19/><T31/><D17/><U48/><E48/><V85/><F85/><W24/><G131/><T2/><D2/><U62/><E50/><V98/><F98/><W70/><G24/><T129/><D129/><U26/><E26/><V86/><F86/><W40/><G40/><RYUUKYOKU ba="0,1" sc="230,10,270,10,240,10,250,-30" hai0="4,9,12,21,25,31,46,47,51,53,56,60,68" hai1="54,57,62,80,81,93,96" hai2="44,45,59,63,64,74,75,77,78,83,92,94,95" /><INIT seed="1,1,1,0,0,109" ten="240,280,250,220" oya="1" hai0="68,130,5,11,90,72,55,128,29,69,107,42,32" hai1="84,78,126,74,132,97,39,28,22,53,86,134,99" hai2="100,102,81,73,110,57,82,49,43,31,2,93,19" hai3="34,44,25,103,122,54,24,41,88,114,15,95,121"/><U23/><E39/><V9/><F110/><W60/><G103/><T18/><D107/><U75/><E126/><V127/><F127/><W27/><G34/><T116/><D72/><U112/><E28/><V65/><F73/><W119/><G119/><T67/><D116/><U47/><E53/><V8/><F2/><W96/><G15/><T6/><D42/><U12/><E12/><V115/><F31/><W4/><G4/><N who="0" m="1643" /><D67/><U77/><E47/><N who="2" m="25855" /><F115/><AGARI ba="1,1" hai="22,23,74,75,77,78,84,86,97,99,112,115,132,134" machi="115" ten="25,9600,0" yaku="22,2,52,2" doraHai="109" who="1" fromWho="2" sc="240,0,280,109,250,-99,220,0" /><INIT seed="1,2,0,5,1,24" ten="240,389,151,220" oya="1" hai0="66,135,73,96,60,61,84,78,76,116,65,21,59" hai1="115,134,103,41,111,105,0,82,2,44,58,14,77" hai2="31,16,28,7,75,47,18,83,88,131,64,55,110" hai3="71,33,13,74,4,98,57,97,20,69,102,89,104"/><U94/><E115/><V6/><F110/><W52/><G33/><T29/><D73/><U72/><E134/><V127/><F75/><W46/><G74/><T53/><D116/><U17/><E111/><V128/><F64/><W121/><G46/><T10/><D135/><U93/><E93/><V123/><F47/><W32/><G32/><T40/><D40/><U22/><E58/><V26/><F55/><W45/><G45/><T54/><D96/><U37/><E105/><V101/><F101/><W35/><G35/><T92/><D10/><U42/><E42/><V100/><F100/><W114/><G121/><T15/><D92/><U99/><AGARI ba="2,0" hai="0,2,14,17,22,37,41,44,72,77,82,94,99,103" machi="99" ten="30,1500,0" yaku="0,1" doraHai="24" who="1" fromWho="1" sc="240,-7,389,21,151,-7,220,-7" /><INIT seed="1,3,0,2,1,33" ten="233,410,144,213" oya="1" hai0="24,64,128,7,98,87,58,99,100,57,29,19,90" hai1="73,112,66,68,83,43,118,18,62,27,94,117,42" hai2="129,53,134,15,93,114,95,23,135,123,79,12,91" hai3="102,37,45,40,21,41,111,84,10,8,2,71,119"/><U116/><E112/><V17/><F123/><W108/><G71/><T115/><D115/><U85/><E73/><V133/><F114/><W96/><G119/><T16/><D7/><U76/><E94/><V51/><F129/><W56/><G40/><T69/><D69/><U54/><E27/><V38/><F38/><W131/><G131/><T107/><D99/><U52/><E18/><V63/><F79/><W6/><G56/><T81/><D128/><U80/><E80/><V78/><F78/><W77/><G21/><T75/><D58/><U44/><REACH who="1" step="1"/><E42/><REACH who="1" ten="233,400,144,213" step="2"/><V1/><F93/><W14/><G41/><T20/><D75/><U132/><E132/><V60/><F15/><W103/><G14/><T49/><D19/><U124/><E124/><V46/><REACH who="2" step="1"/><F1/><REACH who="2" ten="233,400,134,213" step="2"/><W130/><G2/><T82/><D82/><U72/><E72/><V50/><F50/><AGARI ba="3,2" hai="43,44,50,52,54,62,66,68,76,83,85,116,117,118" machi="50" ten="40,3900,0" yaku="1,1,54,1,53,0" doraHai="33" doraHaiUra="126" who="1" fromWho="2" sc="233,0,400,68,134,-48,213,0" /><INIT seed="1,4,0,5,3,102" ten="233,468,86,213" oya="1" hai0="73,44,27,87,41,22,12,98,86,120,16,58,85" hai1="54,121,6,30,14,49,45,7,68,91,42,114,101" hai2="107,109,123,112,76,57,47,129,126,80,89,9,62" hai3="96,90,84,65,11,17,29,33,37,124,115,92,64"/><U61/><E114/><V1/><F123/><W5/><G115/><T46/><D120/><U83/><E121/><V134/><F112/><W40/><G124/><T52/><D73/><U93/><E30/><V97/><F126/><W19/><G40/><T125/><D125/><U69/><E101/><V8/><F129/><W131/><G37/><T95/><D41/><U39/><E83/><V0/><F109/><W21/><G19/><T32/><D12/><U35/><E35/><V122/><F122/><W15/><G131/><T75/><D75/><U20/><E69/><V110/><F110/><W106/><G106/><T117/><D32/><U88/><E91/><V56/><F134/><W105/><G105/><T43/><D43/><U81/><E81/><V28/><F47/><W25/><REACH who="3" step="1"/><G96/><REACH who="3" ten="233,468,86,203" step="2"/><T74/><D117/><U3/><E39/><V118/><F118/><W113/><G113/><T48/><REACH who="0" step="1"/><D74/><REACH who="0" ten="223,468,86,203" step="2"/><U130/><E42/><V18/><F28/><W38/><G38/><T36/><D36/><U77/><E130/><V34/><F34/><W108/><G108/><T72/><D72/><U13/><E3/><AGARI ba="4,2" hai="3,5,11,15,17,21,25,29,33,64,65,84,90,92" machi="3" ten="30,7700,0" yaku="1,1,7,1,24,2,53,0" doraHai="102" doraHaiUra="51" who="3" fromWho="1" sc="223,0,468,-89,86,0,203,109" /><INIT seed="2,0,0,2,2,95" ten="223,379,86,312" oya="2" hai0="19,56,127,59,44,80,115,99,43,35,0,79,1" hai1="118,67,27,88,29,70,86,25,17,102,85,106,91" hai2="46,130,55,47,124,122,93,20,119,111,65,31,53" hai3="5,123,64,16,50,126,54,121,84,34,2,94,9"/><V69/><F119/><W13/><G126/><T114/><D127/><U98/><E118/><V14/><F124/><W125/><G34/><T135/><D35/><U108/><E108/><V4/><F122/><W11/><G64/><T7/><D135/><U37/><E37/><V78/><F111/><W3/><G3/><T116/><D116/><U96/><E17/><V103/><F130/><W10/><G10/><T110/><D110/><U73/><E73/><V40/><F78/><W89/><G125/><T45/><D99/><N who="1" m="61791" /><E25/><N who="2" m="16807" /><F69/><W107/><REACH who="3" step="1"/><G107/><REACH who="3" ten="223,379,86,302" step="2"/><T113/><D1/><U82/><E67/><V68/><F68/><W18/><G18/><T8/><D8/><U30/><E70/><V100/><F65/><W134/><G134/><T58/><D19/><U97/><E30/><V132/><F132/><W32/><G32/><T41/><D0/><U24/><E29/><V28/><F28/><W22/><G22/><T120/><D114/><U26/><E26/><V74/><F74/><W87/><G87/><T129/><D113/><U81/><E24/><V38/><F38/><W109/><G109/><T15/><D115/><U42/><E27/><V61/><F40/><W21/><G21/><T105/><D41/><U131/><E42/><V6/><F14/><W117/><G117/><T77/><D43/><U128/><AGARI ba="0,1" hai="81,82,85,86,88,91,96,97,98,128,131" m="61791" machi="128" ten="30,12000,2" yaku="34,2,52,4,54,1" doraHai="95" who="1" fromWho="1" sc="223,-30,379,130,86,-60,302,-30" /><INIT seed="3,0,0,3,1,115" ten="193,509,26,272" oya="3" hai0="20,28,40,94,74,63,113,21,12,57,29,88,97" hai1="135,39,82,77,116,96,76,80,72,87,7,134,119" hai2="69,86,78,38,101,42,18,25,106,36,26,100,126" hai3="58,129,121,4,2,124,5,61,11,120,51,123,95"/><W118/><G124/><T90/><D74/><U33/><E7/><V35/><F69/><W10/><G129/><T75/><D75/><U91/><E33/><V31/><F126/><W64/><G51/><T24/><D113/><U66/><E66/><V65/><F65/><W3/><REACH who="3" step="1"/><G95/><REACH who="3" ten="193,509,26,262" step="2"/><N who="0" m="56551" /><D40/><U108/><E39/><V104/><F104/><W48/><G48/><T110/><D110/><U41/><E41/><V92/><F106/><W60/><G60/><T98/><D12/><U34/><E108/><V131/><F131/><W112/><G112/><T22/><D24/><U84/><E34/><V117/><F117/><AGARI ba="0,1" hai="2,3,4,5,10,11,58,61,64,117,118,120,121,123" machi="117" ten="40,12000,1" yaku="1,1,9,1,52,2,53,0" doraHai="115" doraHaiUra="85" who="3" fromWho="2" sc="193,0,509,0,26,-120,262,130" owari="193,-21.0,509,61.0,-94,-59.0,392,19.0" /></mjloggm>