<mjloggm ver="2.3"><GO type="169" lobby="0"/><UN n0="%E6%AD%A6%E5%A8%81" n1="%E9%9B%AA%E6%9C%88%E9%A2%A8%E8%8A%B1" n2="%E3%82%B4%E3%83%B3%E3%82%B4%E3%83%B3%E3%83%80%E3%83%B3%E3%82%B9" n3="%E3%82%B7%E3%83%B3%E3%83%97%E3%83%AB%E3%81%AA%E3%83%AF%E3%82%AD%E3%82%AC" dan="17,16,17,18" rate="2143.15,2224.52,2134.27,2173.27" sx="M,M,M,M"/><TAIKYOKU oya="0"/><INIT seed="0,0,0,2,4,76" ten="250,250,250,250" oya="0" hai0="40,49,114,25,135,41,69,34,98,39,9,103,4" hai1="121,108,110,57,112,28,42,10,38,133,96,80,37" hai2="95,128,54,115,119,122,134,129,3,73,44,109,13" hai3="2,97,59,81,131,6,55,26,125,56,52,116,1"/><T15/><D114/><U90/><E112/><V47/><F115/><W91/><G116/><T87/><D39/><U58/><E121/><V101/><F3/><W105/><G131/><T46/><D135/><U100/><E28/><V84/><F73/><W53/><G125/><T77/><D69/><U14/><E133/><V118/><F122/><W29/><G105/><T93/><D41/><U33/><E33/><V72/><F72/><W50/><G6/><T51/><D51/><U126/><E126/><V104/><F109/><W85/><G97/><T5/><D5/><U23/><E23/><V62/><F134/><W86/><G86/><T0/><D0/><U45/><E38/><V20/><F104/><W78/><G78/><T130/><D130/><N who="2" m="50282" /><F62/><W22/><REACH who="3" step="1"/><G53/><REACH who="3" ten="250,250,250,240" step="2"/><T83/><D34/><U35/><E108/><V24/><F54/><W12/><G12/><T111/><D111/><U16/><E35/><V88/><F13/><W94/><G94/><T71/><D71/><U66/><E110/><V79/><F79/><W92/><G92/><T63/><D63/><AGARI ba="0,1" hai="1,2,22,26,29,50,52,55,56,59,63,81,85,91" machi="63" ten="30,7700,0" yaku="1,1,7,1,52,1,54,1,53,0" doraHai="76" doraHaiUra="99" who="3" fromWho="0" sc="250,-77,250,0,250,0,240,87" /><INIT seed="1,0,0,3,3,122" ten="173,250,250,327" oya="1" hai0="51,74,38,23,85,63,126,22,115,75,117,82,37" hai1="68,97,93,41,131,5,128,91,42,87,36,95,77" hai2="130,71,83,15,48,110,35,129,105,108,31,46,3" hai3="118,18,39,73,25,54,89,9,103,96,28,20,27"/><U11/><E68/><V10/><F105/><W24/><G118/><T34/><D117/><U0/><E77/><V1/><F71/><W47/><G73/><T114/><D34/><U50/><E36/><V127/><F127/><W59/><G89/><T119/><D119/><U16/><E16/><N who="2" m="8311" /><F83/><W66/><G66/><T99/><D99/><U104/><E104/><V100/><F100/><W43/><G9/><T107/><D107/><U8/><E8/><V135/><F135/><W69/><G69/><T7/><D7/><U101/><REACH who="1" step="1"/><E50/><REACH who="1" ten="173,240,250,327" step="2"/><V86/><F48/><W132/><G18/><T55/><D51/><U6/><E6/><V49/><F49/><W32/><G132/><T98/><D38/><U13/><E13/><V120/><F46/><W111/><G47/><T58/><D37/><U12/><E12/><V90/><F120/><W76/><G76/><T133/><D133/><U94/><E94/><N who="2" m="54615" /><F1/><W61/><G39/><T112/><D112/><U72/><E72/><V30/><F3/><W21/><G59/><T26/><D114/><U121/><E121/><V60/><F60/><W134/><G61/><T17/><D115/><U52/><E52/><V44/><F44/><W70/><G54/><T81/><D75/><U116/><E116/><V40/><F40/><AGARI ba="0,1" hai="0,5,11,40,41,42,87,91,93,95,97,101,128,131" machi="40" ten="40,2000,0" yaku="1,1,53,0" doraHai="122" doraHaiUra="62" who="1" fromWho="2" sc="173,0,240,30,250,-20,327,0" /><INIT seed="1,1,0,0,1,93" ten="173,270,230,327" oya="1" hai0="36,106,118,16,37,3,71,72,1,109,73,82,21" hai1="92,13,45,19,120,126,60,122,49,75,54,135,119" hai2="39,84,125,101,5,42,56,107,112,95,10,31,58" hai3="78,105,4,40,6,33,26,2,77,51,55,123,103"/><U62/><E119/><V18/><F125/><W134/><G123/><T116/><D71/><U87/><E126/><V11/><F112/><W76/><G40/><T89/><D106/><U81/><E75/><N who="0" m="28745" /><D82/><U111/><E135/><V32/><F18/><W70/><G70/><T68/><D68/><U96/><E111/><V115/><F115/><W22/><G33/><T85/><D85/><U35/><E35/><V43/><F107/><W44/><G2/><N who="0" m="523" /><D89/><U79/><E122/><V9/><F5/><W41/><G134/><T20/><D109/><U25/><E25/><V88/><F101/><W46/><G103/><T132/><D132/><U52/><E54/><V97/><F39/><N who="0" m="14922" /><D16/><U104/><E104/><V80/><F32/><W24/><G105/><T15/><D15/><U14/><E120/><V124/><F31/><N who="3" m="17815" /><G26/><T131/><D131/><U130/><E130/><V23/><F23/><AGARI ba="1,0" hai="20,21,23,116,118" m="14922,523,28745" machi="23" ten="40,8000,1" yaku="28,2,26,2" doraHai="93" who="0" fromWho="2" sc="173,83,270,0,230,-83,327,0" /><INIT seed="2,0,0,5,3,131" ten="256,270,147,327" oya="2" hai0="61,52,19,65,96,34,129,17,22,6,5,70,99" hai1="120,13,81,60,90,39,64,3,88,108,130,26,45" hai2="123,28,10,73,20,69,62,72,103,79,71,8,111" hai3="7,78,59,54,66,50,9,106,85,105,15,84,107"/><V42/><F123/><W133/><G78/><T1/><D34/><U57/><E108/><V98/><F42/><W4/><G66/><T134/><D129/><U38/><E3/><V16/><F111/><W92/><G4/><T12/><D134/><U37/><E120/><V56/><F28/><W0/><G0/><T114/><D114/><U119/><E119/><V86/><F86/><W83/><G83/><T82/><D82/><U36/><E130/><V124/><F124/><W47/><G92/><T104/><D1/><U74/><E13/><V121/><F121/><W113/><G113/><T95/><D104/><U35/><E26/><V94/><F69/><W87/><REACH who="3" step="1"/><G59/><REACH who="3" ten="256,270,147,317" step="2"/><T25/><D6/><U55/><E35/><V93/><F71/><W127/><G127/><T2/><D5/><U33/><E33/><V63/><F93/><W101/><G101/><T132/><D2/><U46/><E64/><V109/><F109/><W115/><G115/><T100/><D95/><U118/><E118/><V91/><F73/><W122/><G122/><T27/><D100/><U18/><E81/><N who="2" m="45287" /><F103/><W128/><G128/><T110/><D110/><U126/><E74/><V30/><F56/><W58/><G58/><T89/><D65/><U51/><E126/><V29/><F62/><W11/><G11/><N who="2" m="4137" /><F63/><W32/><G32/><T31/><D70/><U76/><E60/><V43/><F43/><W40/><G40/><T68/><D68/><U53/><E57/><V80/><F80/><W44/><G44/><T48/><D61/><U41/><N who="1" m="9216" /><DORA hai="21" /><U97/><E41/><V117/><F117/><RYUUKYOKU ba="0,1" sc="256,-15,270,-15,147,15,317,15" hai2="16,20,29,30,91,94,98" hai3="7,9,15,47,50,54,84,85,87,105,106,107,133" /><INIT seed="2,1,1,0,2,30" ten="241,255,162,332" oya="2" hai0="43,60,10,36,96,113,80,94,109,62,47,63,32" hai1="45,91,64,53,103,33,88,52,48,22,130,40,135" hai2="9,3,39,112,85,76,102,44,125,29,93,12,95" hai3="37,70,115,104,82,11,51,127,116,132,90,106,59"/><V97/><F112/><W49/><G70/><T55/><D113/><U81/><E130/><V38/><F125/><W13/><G115/><T4/><D109/><U120/><E135/><V50/><F3/><W42/><G116/><T5/><D55/><U89/><E120/><V121/><F29/><W114/><G37/><T17/><D80/><U107/><E81/><V126/><F126/><W61/><G132/><T57/><D57/><U129/><E129/><V98/><F121/><W117/><G117/><T73/><D73/><U25/><E64/><V128/><F128/><W27/><G27/><T65/><D65/><U74/><E74/><V19/><F85/><W87/><G114/><T66/><D66/><U31/><REACH who="1" step="1"/><E22/><REACH who="1" ten="241,245,162,332" step="2"/><V77/><F38/><W67/><G127/><T133/><D133/><U78/><E78/><V111/><F39/><W123/><G123/><T1/><D36/><U131/><E131/><V92/><F111/><W68/><G68/><T28/><D63/><U58/><E58/><V7/><F76/><W79/><G79/><T18/><D62/><U34/><E34/><V108/><F77/><W23/><G23/><T21/><D60/><U105/><E105/><V41/><F108/><W15/><G104/><T24/><D21/><U86/><E86/><V6/><F98/><AGARI ba="1,2" hai="25,31,33,40,45,48,52,53,88,89,91,98,103,107" machi="98" ten="40,8000,1" yaku="1,1,52,1,54,2,53,0" doraHai="30" doraHaiUra="75" who="1" fromWho="2" sc="241,0,245,103,162,-83,332,0" /><INIT seed="3,0,0,1,2,74" ten="241,348,79,332" oya="3" hai0="45,37,127,66,47,118,48,135,57,63,92,104,25" hai1="90,110,77,54,46,79,38,55,7,44,17,89,9" hai2="122,72,16,94,12,82,111,71,85,30,113,78,31" hai3="51,117,42,115,105,114,119,26,60,62,52,88,93"/><W3/><G105/><T39/><D104/><U32/><E32/><V95/><F111/><W87/><G3/><T81/><D118/><U21/><E110/><V20/><F71/><W41/><G117/><T14/><D127/><U73/><E73/><V4/><F113/><W109/><G119/><T107/><D107/><U59/><E38/><V27/><F122/><W19/><G114/><T36/><D135/><U6/><E59/><V53/><F72/><W22/><G115/><T134/><D134/><U96/><E21/><V35/><F31/><W120/><G120/><T130/><D130/><U2/><E17/><V24/><F24/><W33/><G33/><T124/><D124/><U23/><E23/><V1/><REACH who="2" step="1"/><F53/><REACH who="2" ten="241,348,69,332" step="2"/><W8/><G109/><T97/><D25/><U83/><E54/><V34/><F34/><W128/><G128/><T129/><D129/><U56/><E55/><V102/><F102/><W65/><G8/><AGARI ba="0,1" hai="1,4,8,12,16,20,27,30,35,78,82,85,94,95" machi="8" ten="40,8000,1" yaku="1,1,24,2,52,1,54,1,53,0" doraHai="74" doraHaiUra="49" who="2" fromWho="3" sc="241,0,348,0,69,90,332,-80" /><INIT seed="4,0,0,4,4,6" ten="241,348,159,252" oya="0" hai0="8,89,20,11,56,5,132,111,15,77,118,35,78" hai1="27,32,57,3,92,7,14,116,115,96,2,42,24" hai2="69,113,60,58,117,79,70,1,48,52,28,29,10" hai3="109,114,91,26,65,124,23,34,22,21,83,54,120"/><T43/><D118/><U102/><E116/><V87/><F117/><W110/><G65/><T13/><D35/><U30/><E115/><V63/><F113/><W106/><G114/><T126/><D126/><U82/><E42/><V105/><F105/><W127/><G106/><T68/><D68/><U121/><E121/><V44/><F69/><W112/><G112/><T108/><D132/><U131/><E131/><V47/><F70/><W19/><G54/><T53/><D20/><N who="3" m="7785" /><G120/><T88/><D43/><U12/><E27/><V18/><F1/><W46/><G46/><N who="2" m="17449" /><F79/><N who="0" m="30218" /><D111/><U80/><E2/><V49/><F87/><N who="3" m="50687" /><G34/><T0/><D0/><U123/><E123/><V122/><F122/><W66/><G66/><T50/><D108/><U61/><E3/><V4/><F4/><AGARI ba="0,0" hai="4,5,8,11,13,15,50,53,56,88,89" m="30218" machi="4" ten="30,11600,0" yaku="8,1,52,2,54,1" doraHai="6" who="0" fromWho="2" sc="241,116,348,0,159,-116,252,0" /><INIT seed="4,1,0,1,5,120" ten="357,348,43,252" oya="0" hai0="8,25,10,45,94,98,81,23,3,42,89,66,126" hai1="116,11,117,5,69,100,48,9,123,93,110,43,109" hai2="133,72,135,92,64,7,78,105,32,0,121,113,82" hai3="70,118,4,20,119,33,61,18,63,128,17,57,35"/><T37/><D126/><U27/><E69/><V62/><F105/><W84/><G4/><T87/><D66/><U75/><E75/><V2/><F121/><W58/><G84/><T122/><D3/><U88/><E100/><V83/><F83/><W67/><G128/><T16/><REACH who="0" step="1"/><D122/><REACH who="0" ten="347,348,43,252" step="2"/><U24/><E123/><V101/><F113/><W21/><G70/><T59/><D59/><U132/><E116/><V68/><F32/><W19/><G19/><T74/><D74/><U79/><E117/><V53/><F53/><W36/><G67/><T41/><D41/><U31/><E43/><V127/><F127/><W14/><G118/><T15/><D15/><U73/><E5/><V46/><F46/><W54/><G119/><T115/><D115/><U134/><E73/><V12/><F12/><W71/><G71/><T112/><D112/><U124/><E124/><V77/><F78/><AGARI ba="1,1" hai="8,10,16,23,25,37,42,45,78,81,87,89,94,98" machi="78" ten="30,11600,0" yaku="1,1,7,1,54,1,53,1" doraHai="120" doraHaiUra="95" who="0" fromWho="2" sc="347,129,348,0,43,-119,252,0" owari="476,58.0,348,15.0,-76,-58.0,252,-15.0" /></mjloggm>