<mjloggm ver="2.3"><GO type="225" lobby="0"/><UN n0="%E3%82%84%E3%82%8B%E3%81%AD%E3%81%87%EF%BC%81" n1="%E5%B7%A5%E8%97%A4%E6%96%B0%E4%B8%80" n2="%E3%81%95%E3%81%8D%E3%81%9F%E3%81%BE%E6%9E%97%E6%AA%8E" n3="%E4%B8%89%E5%86%A0%E7%8E%8B%E3%83%BB%E5%B1%B1%E7%94%B0%E5%93%B2%E4%BA%BA" dan="16,16,16,17" rate="2114.72,2094.83,2126.30,2217.67" sx="M,M,M,M"/><TAIKYOKU oya="0"/><INIT seed="0,0,0,1,5,115" ten="250,250,250,250" oya="0" hai0="58,134,23,0,92,107,69,99,11,37,56,18,16" hai1="127,121,43,52,110,126,12,50,49,14,123,73,74" hai2="114,41,34,112,79,93,1,9,46,8,102,22,131" hai3="88,77,28,70,5,20,100,6,67,29,104,39,47"/><T57/><D69/><U27/><E110/><V19/><F34/><W32/><G77/><T80/><D107/><U33/><E27/><V81/><F131/><W13/><G88/><N who="0" m="55687" /><D37/><U65/><E43/><V98/><F114/><W45/><G70/><T97/><D0/><U61/><E61/><V86/><F112/><W66/><G104/><T132/><D97/><U87/><E87/><V55/><F55/><W25/><G39/><T21/><D11/><U35/><REACH who="1" step="1"/><E52/><REACH who="1" ten="250,240,250,250" step="2"/><V128/><F128/><W62/><G25/><T17/><D80/><U109/><E109/><V84/><F86/><W125/><G62/><T54/><D54/><U78/><E78/><V96/><F96/><W95/><G66/><AGARI ba="0,1" hai="12,14,33,35,49,50,65,66,73,74,121,123,126,127" machi="66" ten="25,8000,1" yaku="1,1,22,2,53,2" doraHai="115" doraHaiUra="117" who="1" fromWho="3" sc="250,0,240,90,250,0,250,-80" /><INIT seed="1,0,0,3,0,72" ten="250,330,250,170" oya="1" hai0="101,8,119,53,17,96,16,107,5,104,38,23,7" hai1="114,86,27,6,128,41,45,117,118,57,102,28,71" hai2="116,126,74,84,77,49,135,127,133,112,109,67,87" hai3="15,103,130,37,3,66,36,18,91,39,120,129,58"/><U65/><E114/><V61/><F116/><W4/><G120/><T85/><D119/><U20/><E128/><V100/><F100/><W99/><G3/><T13/><D38/><U21/><E71/><V24/><F24/><W10/><G91/><T90/><D107/><U124/><E124/><N who="2" m="47659" /><F112/><W131/><G66/><T83/><REACH who="0" step="1"/><D53/><REACH who="0" ten="240,330,250,170" step="2"/><U89/><E117/><V105/><F105/><N who="3" m="63743" /><G58/><T44/><D44/><U76/><E57/><N who="2" m="37295" /><F109/><W64/><G64/><T123/><D123/><U88/><E65/><V125/><F125/><W98/><G98/><T110/><D110/><U132/><E118/><V40/><F40/><W56/><G56/><T19/><D19/><AGARI ba="0,1" hai="4,10,15,18,19,36,37,39,129,130,131" m="63743" machi="19" ten="40,1300,0" yaku="19,1" doraHai="72" who="3" fromWho="0" sc="240,-13,330,0,250,0,170,23" /><INIT seed="2,0,0,2,2,96" ten="227,330,250,193" oya="2" hai0="60,105,107,46,113,68,78,56,70,123,109,92,75" hai1="133,111,0,14,30,65,22,66,87,130,61,29,90" hai2="4,48,129,115,47,8,19,84,99,53,2,63,1" hai3="69,23,50,26,89,57,98,58,35,86,32,5,31"/><V13/><F129/><W119/><G69/><T131/><D113/><U88/><E111/><V42/><F115/><W52/><G119/><T15/><D123/><U40/><E130/><V3/><F84/><W54/><G5/><T97/><D131/><U132/><E0/><V67/><F42/><W36/><G36/><T6/><D109/><U120/><E40/><V39/><F39/><W103/><G89/><T127/><D46/><U41/><E41/><V126/><F99/><W124/><G86/><T21/><D127/><U27/><E30/><V38/><F38/><W11/><G11/><T122/><D122/><U114/><E114/><V34/><F34/><W44/><G124/><T37/><D37/><U117/><E117/><V73/><F73/><W28/><G28/><T91/><D70/><U95/><E120/><V108/><F108/><W74/><G74/><T77/><D68/><U64/><E14/><V12/><F126/><W80/><G80/><T43/><D43/><U125/><E125/><V102/><F13/><W134/><G134/><N who="1" m="51818" /><E90/><V106/><F67/><W24/><G24/><T93/><D91/><U94/><E94/><V10/><F63/><AGARI ba="0,0" hai="22,27,29,61,63,64,65,66,87,88,95" m="51818" machi="63" ten="30,2000,0" yaku="20,1,54,1" doraHai="96" who="1" fromWho="2" sc="227,0,330,20,250,-20,193,0" /><INIT seed="3,0,0,1,1,75" ten="227,350,230,193" oya="3" hai0="79,117,1,33,116,71,46,9,40,110,62,56,88" hai1="80,17,43,87,49,134,13,52,27,8,66,29,50" hai2="73,90,42,39,37,129,64,30,128,38,22,118,114" hai3="65,55,53,20,108,119,7,81,72,101,19,105,85"/><W35/><G119/><T21/><D33/><U10/><E134/><V36/><F114/><W28/><G72/><T68/><D21/><N who="1" m="15599" /><E66/><V112/><F112/><W63/><G7/><N who="0" m="1263" /><D88/><N who="1" m="51303" /><E43/><V135/><F135/><W89/><G108/><T86/><D86/><U31/><E31/><V95/><F118/><W77/><G89/><T94/><D94/><U69/><E69/><V48/><F64/><W100/><G28/><T54/><D71/><U58/><E49/><V104/><F39/><W96/><G101/><T16/><D68/><U11/><AGARI ba="0,0" hai="8,10,11,13,17,50,52,58" m="51303,15599" machi="11" ten="30,4000,0" yaku="8,1,54,2" doraHai="75" who="1" fromWho="1" sc="227,-10,350,40,230,-10,193,-20" owari="217,-18.0,390,49.0,220,2.0,173,-33.0" /></mjloggm>