<mjloggm ver="2.3"><GO type="169" lobby="0"/><UN n0="%E3%81%8B%E3%81%A4%E3%81%A9%E3%82%93" n1="%E7%95%99%E3%83%81%E3%83%A7%E3%83%AD" n2="%E3%82%84%E3%81%BE%E3%83%BC%E3%82%93" n3="%E8%88%AC%E5%8D%93%E6%B0%91%E3%81%AE%E6%9C%9D%E3%81%AF%E6%97%A9%E3%81%84" dan="17,16,19,17" rate="2246.87,2113.23,2298.88,2265.86" sx="F,M,M,M"/><TAIKYOKU oya="0"/><INIT seed="0,0,0,4,0,103" ten="250,250,250,250" oya="0" hai0="130,43,35,119,71,30,129,18,82,92,127,81,38" hai1="55,93,59,5,26,23,41,19,120,61,66,25,4" hai2="106,83,8,62,114,58,39,112,63,14,16,2,102" hai3="17,95,40,45,107,47,111,10,100,37,128,118,54"/><T86/><D119/><U89/><E120/><V56/><F39/><W1/><G118/><T21/><D71/><U98/><E41/><V90/><F2/><W73/><G111/><T84/><D127/><U134/><E134/><V121/><F121/><W94/><G128/><N who="0" m="49259" /><D30/><U105/><E105/><V131/><F106/><W20/><G73/><T46/><D35/><U104/><E104/><V69/><F102/><W77/><G77/><T99/><D81/><U48/><REACH who="1" step="1"/><E25/><REACH who="1" ten="250,240,250,250" step="2"/><V117/><F131/><W78/><G107/><T15/><D82/><U132/><E132/><V51/><F83/><W57/><G95/><T42/><D43/><U109/><E109/><V13/><F117/><W7/><G94/><T72/><D72/><U91/><E91/><AGARI ba="0,1" hai="15,18,21,38,42,46,84,86,91,92,99" m="49259" machi="91" ten="30,1500,0" yaku="19,1" doraHai="103" who="0" fromWho="1" sc="250,25,240,-15,250,0,250,0" /><INIT seed="0,1,0,0,1,80" ten="275,225,250,250" oya="0" hai0="26,109,47,105,128,87,133,57,33,72,37,125,28" hai1="49,5,119,134,12,68,25,100,52,20,112,117,41" hai2="56,83,50,21,32,51,9,29,63,15,7,106,129" hai3="104,98,79,70,10,2,90,121,122,123,8,44,65"/><T82/><D128/><U110/><E68/><V135/><F106/><W74/><G2/><T39/><D133/><U127/><E134/><V76/><F32/><W120/><G44/><T108/><D125/><U113/><E127/><V62/><F129/><W0/><G0/><T19/><D72/><U61/><E100/><V23/><F63/><N who="3" m="40255" /><G120/><T35/><D105/><U27/><E41/><V36/><F36/><W22/><G22/><T3/><D3/><U55/><E110/><N who="0" m="42601" /><D33/><U16/><E61/><V6/><F6/><W132/><G132/><T85/><D47/><N who="1" m="27711" /><E55/><V95/><F23/><W131/><G131/><T66/><D19/><U54/><E54/><V31/><F21/><W14/><G104/><T99/><D99/><U126/><E126/><V24/><F135/><W73/><G79/><N who="0" m="46303" /><D87/><U96/><E96/><V78/><F78/><W81/><G98/><T75/><D75/><U71/><E5/><V59/><F7/><N who="3" m="3423" /><G8/><T88/><D88/><U101/><E101/><V102/><F9/><W30/><G30/><T13/><D13/><U4/><E4/><V97/><F31/><W64/><G64/><T18/><D18/><U77/><E77/><V45/><F29/><W89/><G89/><T11/><D11/><U53/><E12/><V86/><F15/><W103/><G103/><T116/><D116/><U115/><E119/><V114/><F76/><W130/><G130/><T46/><D46/><U111/><E117/><V118/><F45/><W124/><G124/><T58/><D66/><U107/><E111/><V84/><F118/><W69/><G69/><T1/><D1/><RYUUKYOKU ba="1,0" sc="275,15,225,-15,250,-15,250,15" hai0="26,28,35,37,39,57,58" hai3="73,74,81,90,121,122,123" /><INIT seed="0,2,0,2,4,71" ten="290,210,235,265" oya="0" hai0="29,50,30,124,47,57,85,116,26,120,70,118,132" hai1="109,117,12,130,38,39,24,107,46,103,101,67,21" hai2="16,135,113,115,27,88,32,99,61,100,40,8,13" hai3="34,122,131,53,10,7,125,93,22,119,59,98,95"/><T123/><D70/><U114/><E117/><V60/><F135/><W15/><G34/><T49/><D85/><U44/><E109/><V4/><F40/><W121/><G119/><N who="0" m="45611" /><D26/><U55/><E67/><V3/><F60/><W72/><G72/><T84/><D84/><U37/><E130/><V77/><F77/><W69/><G131/><T80/><D80/><U20/><E114/><V94/><F61/><W0/><G69/><T56/><D29/><U92/><E107/><V19/><F100/><W2/><G95/><T83/><D83/><U64/><E64/><V9/><REACH who="2" step="1"/><F19/><REACH who="2" ten="290,210,225,265" step="2"/><W73/><G122/><T23/><D132/><U90/><E55/><V86/><F86/><W62/><G121/><T97/><D120/><U89/><E101/><V91/><F91/><W14/><G73/><T65/><D123/><U68/><E103/><V58/><F58/><W25/><G125/><T102/><D124/><U66/><E89/><V42/><F42/><W79/><G79/><T45/><D57/><U129/><E129/><V33/><F33/><W43/><G43/><T35/><D35/><U133/><E68/><V17/><F17/><W51/><G62/><T126/><D126/><U112/><E133/><V96/><F96/><W76/><G76/><T75/><D75/><U111/><E66/><V18/><F18/><W110/><G110/><T41/><D65/><U48/><E90/><V52/><F52/><W81/><G81/><T105/><D56/><U106/><E46/><N who="0" m="17417" /><D41/><U87/><E44/><V11/><F11/><W63/><G59/><T36/><D36/><U54/><E37/><RYUUKYOKU ba="2,1" sc="290,15,210,-15,225,15,265,-15" hai0="23,30,49,50,97,102,105" hai2="3,4,8,9,13,16,27,32,88,94,99,113,115" /><INIT seed="0,3,1,0,4,30" ten="305,195,240,250" oya="0" hai0="26,51,120,92,122,6,88,87,60,20,84,108,131" hai1="22,133,43,19,33,9,89,41,16,49,68,109,91" hai2="123,107,132,71,80,11,81,116,21,70,83,52,119" hai3="27,3,25,111,0,97,117,103,118,48,125,127,100"/><T62/><D131/><U45/><E68/><V98/><F123/><W134/><G48/><T105/><D105/><U2/><E109/><V42/><F42/><W47/><G111/><T85/><D108/><U96/><E133/><V124/><F132/><W53/><G134/><T94/><D6/><U37/><E33/><V50/><F11/><W54/><REACH who="3" step="1"/><G97/><REACH who="3" ten="305,195,240,240" step="2"/><T36/><D122/><U129/><E96/><V66/><F98/><W17/><G17/><T86/><D120/><U24/><E19/><V130/><F130/><W101/><G101/><T29/><D36/><U32/><E129/><V57/><F124/><W99/><G99/><N who="0" m="57735" /><D51/><U78/><E37/><V110/><F110/><W44/><AGARI ba="3,2" hai="0,3,25,27,44,47,53,54,100,103,117,118,125,127" machi="44" ten="25,6400,0" yaku="1,1,0,1,22,2,53,0" doraHai="30" doraHaiUra="64" who="3" fromWho="3" sc="305,-35,195,-19,240,-19,240,93" /><INIT seed="1,0,0,2,1,73" ten="270,176,221,333" oya="1" hai0="122,57,27,86,88,135,24,13,117,8,5,103,78" hai1="71,112,35,133,59,34,61,40,119,107,50,53,92" hai2="87,125,21,26,116,74,66,29,102,84,80,114,55" hai3="97,41,126,14,4,20,1,76,131,130,128,120,25"/><U10/><E107/><V65/><F116/><W56/><G120/><T9/><D117/><U52/><E119/><V15/><F125/><W22/><G126/><T81/><D122/><U31/><E112/><V28/><F114/><W45/><G1/><T101/><D135/><U11/><E133/><V0/><F0/><W2/><G2/><T99/><D9/><U58/><E71/><V6/><F102/><N who="0" m="38922" /><D57/><U123/><E123/><V42/><F42/><W3/><G56/><T77/><D99/><U62/><E92/><V47/><F29/><W132/><G97/><T121/><D121/><U49/><REACH who="1" step="1"/><E31/><REACH who="1" ten="270,166,221,333" step="2"/><V51/><F74/><W106/><G106/><T63/><D63/><U38/><E38/><V70/><F70/><W79/><G132/><T110/><D110/><U7/><E7/><V39/><F39/><N who="3" m="21695" /><G4/><T118/><D118/><U115/><E115/><V32/><F6/><W85/><G3/><T75/><D75/><U100/><E100/><V68/><F68/><W19/><G85/><T124/><D124/><U89/><E89/><V105/><F87/><W93/><G93/><T54/><D54/><U18/><E18/><AGARI ba="0,1" hai="14,18,19,20,22,25,76,79,128,130,131" m="21695" machi="18" ten="30,3900,0" yaku="19,1,52,2" doraHai="73" who="3" fromWho="1" sc="270,0,166,-39,221,0,333,49" /><INIT seed="2,0,0,5,3,101" ten="270,127,221,382" oya="2" hai0="79,119,102,97,103,90,5,123,130,85,81,23,62" hai1="82,14,133,124,29,32,53,59,19,115,31,66,3" hai2="111,96,87,4,95,127,33,92,117,125,105,120,69" hai3="25,47,106,121,34,132,129,9,118,46,12,55,56"/><V112/><F69/><W135/><G118/><T52/><D123/><U80/><E115/><V36/><F36/><W24/><G121/><T74/><D119/><U100/><E3/><V88/><F117/><W76/><G76/><T72/><D130/><U58/><E133/><N who="3" m="51274" /><G106/><T114/><D114/><U16/><E124/><N who="2" m="47691" /><F120/><W64/><G64/><T35/><D35/><U68/><E68/><V15/><F112/><W57/><G57/><N who="0" m="35111" /><D74/><U22/><E100/><N who="2" m="62599" /><F33/><W48/><G34/><T110/><D72/><U10/><E58/><V42/><F42/><W40/><G129/><T39/><D39/><U41/><E41/><V94/><F111/><W60/><G46/><T122/><D110/><U6/><E19/><AGARI ba="0,0" hai="9,12,19,24,25,40,47,48,55,56,60" m="51274" machi="19" ten="30,1000,0" yaku="20,1" doraHai="101" who="3" fromWho="1" sc="270,0,127,-10,221,0,382,10" /><INIT seed="3,0,0,4,3,47" ten="270,117,221,392" oya="3" hai0="45,20,27,112,48,96,21,76,22,111,126,80,26" hai1="98,122,107,103,30,23,92,119,65,8,70,125,73" hai2="13,35,42,68,116,108,94,1,16,59,40,117,74" hai3="67,58,63,37,12,79,17,46,62,124,31,99,115"/><W2/><G115/><T61/><D111/><U81/><E122/><V100/><F1/><W66/><G124/><T91/><D126/><U18/><E125/><V88/><F68/><W5/><G79/><T44/><D112/><U90/><E119/><V64/><F108/><W134/><G134/><T29/><D61/><U0/><E30/><V28/><F74/><W93/><G31/><T133/><D133/><U53/><E70/><V114/><F114/><W34/><G34/><T105/><D44/><U24/><E65/><V19/><F100/><W69/><G5/><T6/><D6/><U38/><E38/><V4/><F35/><W71/><G2/><T104/><D91/><U32/><E32/><V101/><F101/><W49/><G37/><T41/><D96/><U39/><E39/><V102/><F102/><W132/><G132/><T118/><D118/><U3/><E8/><N who="2" m="4231" /><F28/><W89/><G69/><T33/><REACH who="0" step="1"/><D27/><REACH who="0" ten="260,117,221,392" step="2"/><U87/><REACH who="1" step="1"/><E53/><REACH who="1" ten="260,107,221,392" step="2"/><V110/><F116/><W43/><G71/><T97/><D97/><U84/><E84/><AGARI ba="0,2" hai="20,21,22,26,29,33,41,45,48,76,80,84,104,105" machi="84" ten="40,2600,0" yaku="1,1,52,1,53,0" doraHai="47" doraHaiUra="86" who="0" fromWho="1" sc="260,46,107,-26,221,0,392,0" /><INIT seed="4,0,0,2,4,19" ten="306,81,221,392" oya="0" hai0="127,3,117,60,112,50,33,94,53,75,129,29,42" hai1="63,102,81,114,71,96,118,35,85,101,40,48,128" hai2="47,68,69,80,52,92,8,34,20,16,98,54,103" hai3="44,24,76,6,61,134,22,120,116,122,58,10,7"/><T93/><D117/><U64/><E118/><V11/><F34/><W100/><G116/><T133/><D75/><U131/><E35/><V41/><F68/><W32/><G32/><T106/><D106/><U108/><E108/><V1/><F69/><W66/><G134/><T132/><D3/><U13/><E114/><V31/><F31/><W67/><G76/><T45/><D112/><U62/><E62/><V39/><F80/><W17/><G100/><T97/><D129/><N who="1" m="49739" /><E13/><V59/><F1/><W5/><G44/><T27/><D127/><U0/><E0/><V43/><F54/><N who="3" m="34007" /><G10/><N who="2" m="3625" /><F47/><W107/><G107/><T57/><REACH who="0" step="1"/><D97/><REACH who="0" ten="296,81,221,392" step="2"/><U125/><E96/><V113/><F113/><W73/><G73/><T26/><D26/><U115/><E125/><V91/><F39/><W88/><G120/><T37/><D37/><U4/><E115/><V109/><F109/><W74/><G74/><T82/><D82/><U121/><E81/><V12/><F103/><W38/><G38/><T56/><D56/><U105/><E102/><V9/><F9/><W65/><G122/><T124/><D124/><U15/><E121/><V18/><F18/><W30/><G17/><T49/><D49/><AGARI ba="0,1" hai="12,16,20,41,43,49,52,59,91,92,98" m="3625" machi="49" ten="30,7700,0" yaku="8,1,52,1,54,2" doraHai="19" who="2" fromWho="0" sc="296,-77,81,0,221,87,392,0" /><INIT seed="5,0,0,3,1,56" ten="219,81,308,392" oya="1" hai0="128,135,3,121,26,44,13,9,54,79,133,50,5" hai1="116,109,61,28,112,74,88,71,96,10,20,11,64" hai2="124,111,99,84,125,120,78,49,12,16,1,100,4" hai3="32,25,30,47,19,86,89,118,119,60,67,62,7"/><U55/><E116/><N who="3" m="44586" /><G7/><T80/><D128/><U31/><E74/><V107/><F120/><W48/><G19/><T91/><D121/><U126/><E112/><V110/><F1/><W75/><G67/><T92/><D26/><U45/><E126/><N who="2" m="48747" /><F4/><W90/><G75/><T106/><D106/><U85/><E96/><V2/><F2/><W57/><G57/><T94/><D3/><U73/><E73/><V65/><F49/><W23/><G32/><T130/><D130/><U127/><E127/><V58/><F84/><W115/><G115/><T117/><D117/><U42/><E55/><V52/><F78/><W123/><G123/><T113/><D113/><U8/><E20/><N who="2" m="11271" /><F52/><N who="3" m="29727" /><G89/><T14/><D91/><U41/><E109/><V77/><F77/><W6/><G6/><T43/><D54/><U37/><REACH who="1" step="1"/><E41/><REACH who="1" ten="219,71,308,392" step="2"/><V34/><F34/><W76/><G76/><T39/><D79/><U82/><AGARI ba="0,1" hai="8,10,11,28,31,37,42,45,61,64,71,82,85,88" machi="82" ten="30,12000,1" yaku="1,1,2,1,0,1,52,1,54,1,53,0" doraHai="56" doraHaiUra="101" who="1" fromWho="1" sc="219,-40,71,130,308,-40,392,-40" /><INIT seed="5,1,0,1,0,94" ten="179,201,268,352" oya="1" hai0="130,28,20,15,12,50,27,67,75,109,89,57,71" hai1="82,93,24,49,34,35,43,47,96,91,59,116,123" hai2="16,83,129,87,62,56,13,128,107,51,74,23,80" hai3="112,63,113,126,117,73,45,4,17,114,88,111,108"/><U100/><E116/><V72/><F107/><W104/><G117/><T131/><D109/><U110/><E123/><V134/><F51/><W106/><G126/><T1/><D1/><U102/><E110/><N who="3" m="42026" /><G4/><T121/><D121/><U38/><E35/><V21/><F21/><W9/><G45/><T55/><D75/><U118/><E118/><V98/><F134/><W53/><G73/><T125/><D125/><U76/><E34/><V29/><F29/><W36/><G36/><T95/><D67/><U132/><E132/><V68/><F68/><W61/><G53/><T119/><D71/><U124/><E124/><V41/><F41/><W115/><G115/><T99/><REACH who="0" step="1"/><D119/><REACH who="0" ten="169,201,268,352" step="2"/><U97/><E38/><V39/><F39/><W14/><G113/><T32/><D32/><U69/><E69/><V127/><F74/><W133/><G112/><T122/><D122/><U77/><E43/><V31/><F72/><W92/><G114/><T5/><D5/><U30/><E76/><V8/><F127/><W66/><G66/><T11/><D11/><U10/><E10/><V70/><F70/><W22/><G9/><T40/><D40/><U37/><E77/><V46/><F8/><W2/><G2/><T18/><D18/><U52/><E37/><V33/><F16/><W44/><G17/><T58/><D58/><U84/><E59/><V101/><F56/><W6/><G6/><T81/><D81/><U3/><E3/><V26/><F83/><W54/><G133/><T25/><D25/><U78/><E24/><V85/><F26/><W64/><G64/><T86/><D86/><RYUUKYOKU ba="1,1" sc="169,30,201,-10,268,-10,352,-10" hai0="12,15,20,27,28,50,55,57,89,95,99,130,131" /><INIT seed="6,2,1,0,2,31" ten="199,191,258,342" oya="2" hai0="54,52,58,46,53,130,28,67,24,20,55,131,39" hai1="37,50,15,73,129,91,45,87,5,10,40,79,113" hai2="106,120,33,18,112,64,128,81,80,47,61,125,104" hai3="17,62,78,66,49,34,12,60,84,22,63,0,68"/><V101/><F120/><W32/><G0/><T95/><D67/><U107/><E107/><V97/><F106/><W1/><G1/><T38/><D95/><U119/><E119/><V41/><F112/><W11/><G62/><T56/><D56/><U9/><E113/><V76/><F128/><N who="0" m="49194" /><D46/><U122/><E129/><V75/><F125/><W30/><G49/><AGARI ba="2,1" hai="20,24,28,38,39,49,52,53,54,55,58" m="49194" machi="49" ten="30,2000,0" yaku="19,1,54,1" doraHai="31" who="0" fromWho="3" sc="199,36,191,0,258,0,342,-26" /><INIT seed="7,0,0,5,5,110" ten="235,191,258,316" oya="3" hai0="44,82,38,52,99,65,21,104,128,74,134,9,86" hai1="27,56,57,40,109,71,66,130,72,24,131,77,13" hai2="78,107,98,14,125,80,31,37,55,70,119,16,34" hai3="29,35,4,25,123,129,67,6,19,50,92,76,68"/><W135/><G123/><T100/><D74/><U117/><E109/><V46/><F125/><W113/><G76/><T60/><D128/><U102/><E40/><V118/><F70/><W91/><G68/><T33/><D33/><U116/><E102/><V112/><F31/><W51/><G129/><N who="1" m="49162" /><E13/><V0/><F0/><W96/><G135/><T73/><D134/><U132/><E132/><V12/><F12/><W10/><G67/><T54/><D73/><U42/><E72/><V79/><F34/><W63/><G63/><T39/><D21/><U49/><E77/><V85/><F79/><W53/><G19/><T20/><D20/><U48/><E24/><V95/><F78/><W17/><G17/><T8/><D8/><U1/><E27/><V121/><F16/><W7/><G10/><T11/><D11/><U28/><E28/><V93/><F121/><W81/><G81/><T2/><D9/><U111/><E1/><V75/><F75/><W3/><G3/><T90/><D2/><U114/><E111/><V59/><F14/><W36/><G35/><T58/><D38/><U127/><E114/><V122/><F112/><W89/><G36/><T105/><D105/><U30/><E30/><V43/><F107/><W18/><G113/><T83/><D83/><U88/><E127/><V23/><F37/><W15/><G29/><T94/><D104/><U101/><E117/><V133/><F118/><W32/><G32/><T62/><D62/><N who="1" m="40407" /><E116/><V103/><F119/><W126/><G126/><T26/><D26/><U97/><E42/><V22/><F133/><W47/><G25/><RYUUKYOKU ba="0,0" sc="235,30,191,-10,258,-10,316,-10" hai0="39,44,52,54,58,60,65,82,86,90,94,99,100" owari="265,7.0,181,-32.0,248,-15.0,306,40.0" /></mjloggm>