<mjloggm ver="2.3"><GO type="225" lobby="0"/><UN n0="%E3%81%AB%E3%82%83%EF%BD%9E%E3%81%8A" n1="%E5%B7%A5%E8%97%A4%E6%96%B0%E4%B8%80" n2="%E3%82%84%E3%82%8B%E3%81%AD%E3%81%87%EF%BC%81" n3="%E4%B8%89%E5%86%A0%E7%8E%8B%E3%83%BB%E5%B1%B1%E7%94%B0%E5%93%B2%E4%BA%BA" dan="16,16,16,17" rate="2144.40,2095.15,2110.88,2211.28" sx="M,M,M,M"/><TAIKYOKU oya="0"/><INIT seed="0,0,0,4,5,7" ten="250,250,250,250" oya="0" hai0="135,11,59,112,98,35,114,66,50,57,36,134,83" hai1="27,25,107,55,116,95,125,75,46,19,63,130,80" hai2="62,10,5,51,33,31,22,73,16,122,9,113,101" hai3="131,133,102,79,26,43,123,0,105,4,28,45,41"/><T115/><D35/><U91/><E130/><V42/><F73/><W47/><G131/><T14/><D36/><U39/><E125/><V48/><F113/><W3/><G79/><T6/><D98/><U82/><E116/><V20/><F122/><W99/><G123/><T17/><D83/><U89/><E107/><V67/><F101/><W87/><G133/><N who="0" m="50699" /><D66/><U24/><E39/><V18/><F31/><W74/><G74/><T110/><D110/><U132/><E132/><V12/><F33/><W111/><G87/><T44/><D6/><U100/><E19/><V86/><F86/><W49/><G111/><T106/><D106/><U60/><E100/><V58/><F5/><W53/><G4/><T119/><D119/><U40/><E40/><AGARI ba="0,0" hai="11,14,17,40,44,50,57,59,112,114,115" m="50699" machi="40" ten="40,3900,0" yaku="20,1,52,1" doraHai="7" who="0" fromWho="1" sc="250,39,250,-39,250,0,250,0" /><INIT seed="0,1,0,1,4,84" ten="289,211,250,250" oya="0" hai0="42,60,112,80,86,20,125,12,69,24,87,92,61" hai1="99,43,36,128,2,55,82,71,4,51,6,121,130" hai2="115,124,40,129,27,95,28,57,74,122,19,118,48" hai3="89,37,25,29,32,9,21,77,15,81,103,5,10"/><T123/><D123/><U109/><E109/><V30/><F122/><W8/><G37/><T104/><D104/><U22/><E121/><V134/><F115/><W16/><G103/><T126/><D112/><U0/><E71/><V76/><F74/><W78/><REACH who="3" step="1"/><G5/><REACH who="3" ten="289,211,250,240" step="2"/><T53/><D125/><U94/><E6/><V97/><F124/><W133/><G133/><T83/><D126/><U23/><E4/><V135/><F134/><W68/><G68/><T108/><D69/><U3/><E36/><V50/><F135/><W59/><G59/><T47/><D108/><U93/><E128/><V7/><F7/><W66/><G66/><T119/><D119/><U63/><E130/><V64/><F129/><W105/><G105/><T127/><D127/><U120/><E120/><V33/><F64/><W75/><G75/><T34/><D47/><U70/><E70/><V110/><F57/><W49/><G49/><T85/><D60/><U102/><E63/><V132/><F50/><W11/><N who="3" m="2048" /><DORA hai="39" /><W106/><G106/><T14/><D61/><U1/><E1/><V101/><F132/><W96/><G96/><T18/><D53/><U90/><E55/><V98/><F118/><W117/><G117/><T41/><D34/><U114/><E114/><V73/><F33/><W100/><G100/><T88/><D86/><AGARI ba="1,1" hai="15,16,21,25,29,32,77,78,81,86,89" m="2048" machi="86" ten="50,8000,1" yaku="1,1,52,1,54,1,53,2" doraHai="84,39" doraHaiUra="35,72" who="3" fromWho="0" sc="289,-83,211,0,250,0,240,93" /><INIT seed="1,0,0,4,5,81" ten="206,211,250,333" oya="1" hai0="7,69,112,41,27,57,122,61,116,35,0,65,96" hai1="124,100,55,134,72,111,90,99,109,108,102,128,98" hai2="17,30,53,68,51,24,2,44,39,135,32,20,21" hai3="118,58,63,133,119,120,110,91,70,117,88,45,103"/><U129/><E55/><V87/><F68/><W62/><G120/><T56/><D116/><U79/><E124/><V127/><F127/><W74/><G110/><T54/><D112/><U8/><E8/><V89/><F135/><W132/><G74/><T86/><D122/><U78/><E134/><N who="3" m="51818" /><G103/><N who="1" m="39466" /><E72/><V130/><F130/><N who="1" m="50281" /><E90/><V107/><F107/><W15/><G91/><T59/><D41/><U106/><E106/><V50/><F2/><W29/><G88/><T67/><D67/><U23/><E23/><V48/><F32/><W18/><G118/><T36/><D36/><U4/><E4/><V12/><F39/><W121/><G121/><T95/><D7/><U33/><E33/><V92/><AGARI ba="0,0" hai="12,17,20,21,24,30,44,48,50,51,53,87,89,92" machi="92" ten="20,5200,0" yaku="0,1,7,1,8,1,52,1" doraHai="81" who="2" fromWho="2" sc="206,-13,211,-26,250,52,333,-13" /><INIT seed="2,0,0,4,3,20" ten="193,185,302,320" oya="2" hai0="98,87,121,38,9,97,37,6,49,128,122,12,119" hai1="82,106,5,89,94,109,14,132,103,8,43,24,29" hai2="95,86,50,2,127,3,68,7,17,120,41,4,126" hai3="30,114,57,53,46,15,113,44,76,129,63,19,124"/><V69/><F120/><W70/><G124/><N who="2" m="47657" /><F95/><W83/><G129/><T60/><D128/><U115/><E109/><V72/><F72/><N who="3" m="43399" /><G30/><T48/><D119/><U62/><E132/><V135/><F135/><W79/><G79/><T91/><D121/><U107/><E115/><N who="3" m="44042" /><G70/><N who="2" m="27241" /><F86/><W92/><G92/><T47/><D122/><U80/><E43/><V74/><F74/><W1/><G1/><N who="2" m="9" /><F17/><W73/><G73/><T84/><D84/><U51/><E82/><V0/><F0/><W118/><G118/><T45/><D87/><U85/><E80/><V65/><F65/><W66/><G66/><T56/><D97/><U108/><E108/><V42/><F50/><W33/><G33/><T35/><D49/><U58/><E51/><V133/><F133/><W105/><G105/><T16/><D48/><U55/><REACH who="1" step="1"/><E103/><REACH who="1" ten="193,175,302,320" step="2"/><V22/><F42/><W67/><G46/><T28/><D47/><U36/><E36/><V99/><F41/><W40/><G44/><T31/><D45/><U10/><E10/><V81/><F81/><W32/><G40/><T100/><D38/><U134/><E134/><V116/><F116/><W123/><G123/><T39/><D39/><U13/><E13/><V112/><F112/><W96/><G15/><N who="0" m="5559" /><D37/><U27/><E27/><V21/><F99/><W111/><G96/><T54/><D100/><U110/><E110/><V18/><F18/><W26/><G111/><T117/><D117/><U101/><E101/><V102/><F102/><W71/><G19/><T34/><D34/><AGARI ba="0,1" hai="5,8,14,24,29,34,55,58,62,85,89,94,106,107" machi="34" ten="30,3900,0" yaku="1,1,7,1,52,1,53,0" doraHai="20" doraHaiUra="78" who="1" fromWho="0" sc="193,-39,175,49,302,0,320,0" /><INIT seed="3,0,0,3,0,82" ten="154,224,302,320" oya="3" hai0="84,115,20,88,69,1,50,3,34,105,56,132,9" hai1="67,5,83,42,93,73,90,41,17,13,103,25,97" hai2="94,91,121,133,99,135,87,109,47,51,63,68,70" hai3="30,36,104,33,22,14,46,107,81,31,35,18,110"/><W19/><G31/><T55/><D34/><U78/><E67/><V37/><F37/><W126/><G35/><T100/><D69/><U134/><E134/><N who="2" m="51211" /><F109/><W52/><G110/><T117/><D117/><U130/><E130/><V59/><F99/><W125/><G81/><T114/><D132/><U80/><E80/><V61/><F121/><W26/><G19/><T27/><D100/><U43/><E25/><V15/><F15/><W129/><G129/><T57/><D105/><U32/><E32/><V29/><F29/><W116/><G116/><T0/><D56/><U28/><E28/><V96/><F96/><W123/><G123/><T98/><D98/><U58/><E58/><V92/><F92/><W4/><G4/><T102/><D102/><U101/><REACH who="1" step="1"/><E5/><REACH who="1" ten="154,214,302,320" step="2"/><V120/><F120/><W72/><G33/><T122/><D122/><U48/><E48/><V11/><F59/><W89/><G26/><T111/><D111/><U7/><E7/><V39/><F70/><W113/><G30/><T118/><D118/><U119/><E119/><V79/><F68/><W76/><G36/><T23/><D9/><AGARI ba="0,1" hai="9,13,17,41,42,43,73,78,83,90,93,97,101,103" machi="9" ten="40,1300,0" yaku="1,1,53,0" doraHai="82" doraHaiUra="24" who="1" fromWho="0" sc="154,-13,214,23,302,0,320,0" owari="141,-36.0,237,-16.0,302,10.0,320,42.0" /></mjloggm>