<mjloggm ver="2.3"><GO type="169" lobby="0"/><UN n0="%E6%AD%A6%E5%A8%81" n1="%4E%4F%2E%E2%85%A0" n2="%E3%83%8E%E3%82%AA%E3%83%81%E3%83%A3%E3%83%99%E3%82%B9" n3="%E3%82%B7%E3%83%B3%E3%83%97%E3%83%AB%E3%81%AA%E3%83%AF%E3%82%AD%E3%82%AC" dan="17,16,16,18" rate="2149.10,2206.23,2100.94,2175.35" sx="M,M,M,M"/><TAIKYOKU oya="0"/><INIT seed="0,0,0,0,1,31" ten="250,250,250,250" oya="0" hai0="27,15,112,32,85,68,121,43,74,42,47,71,3" hai1="104,1,67,33,106,52,10,21,128,50,99,98,28" hai2="11,84,135,40,49,77,102,48,36,93,38,58,20" hai3="81,83,117,46,118,87,61,17,78,12,62,100,111"/><T64/><D121/><U115/><E128/><V110/><F110/><W7/><G111/><T5/><D112/><U9/><E67/><V92/><F135/><W0/><G100/><T56/><D74/><U69/><E69/><V134/><F134/><W94/><G94/><T70/><D3/><U44/><E33/><V23/><F11/><W6/><G0/><T130/><D130/><U41/><E115/><V45/><F38/><W30/><G30/><T133/><D133/><U8/><E1/><V124/><F36/><W82/><G82/><T116/><D116/><U86/><E86/><V14/><F124/><W4/><G46/><T125/><D125/><U53/><E106/><V60/><F49/><W73/><G117/><T35/><D27/><N who="1" m="16495" /><E104/><V131/><F14/><W107/><G107/><T129/><D129/><U120/><E120/><V63/><F63/><W91/><REACH who="3" step="1"/><G118/><REACH who="3" ten="250,250,250,240" step="2"/><T97/><D47/><U76/><E76/><V127/><F131/><W126/><G126/><T80/><D80/><U29/><E29/><V103/><F127/><W57/><G57/><T72/><D56/><U122/><E122/><V79/><F93/><W24/><G24/><T114/><D71/><U108/><E108/><V66/><F103/><W19/><G19/><T13/><D70/><U25/><E25/><V65/><F102/><W54/><G54/><AGARI ba="0,1" hai="8,9,10,41,44,50,52,53,54,98,99" m="16495" machi="54" ten="30,2000,0" yaku="8,1,54,1" doraHai="31" who="1" fromWho="3" sc="250,0,250,30,250,0,240,-20" /><INIT seed="1,0,0,0,2,101" ten="250,280,250,220" oya="1" hai0="96,129,1,38,28,27,11,103,45,133,5,109,102" hai1="88,131,69,106,99,78,43,93,71,54,58,94,104" hai2="120,9,52,105,72,62,25,123,2,74,7,17,19" hai3="95,31,135,124,90,100,53,70,110,68,24,20,35"/><U41/><E131/><V83/><F105/><W14/><G110/><T33/><D109/><U82/><E93/><V116/><F116/><W117/><G117/><T111/><D111/><U64/><E64/><V12/><F25/><W91/><G135/><T130/><D133/><U121/><E121/><V79/><F74/><W65/><G124/><T122/><D122/><U77/><E69/><V42/><F19/><W134/><G134/><T76/><D76/><U50/><E71/><V92/><F42/><W6/><G100/><T66/><D66/><U22/><E78/><V48/><F62/><W115/><G115/><T127/><D127/><U126/><E126/><V98/><F98/><W21/><G35/><T87/><D87/><U18/><E43/><V112/><F92/><W89/><G95/><T73/><D73/><U46/><E22/><V29/><F29/><W56/><G65/><T8/><D8/><U113/><E18/><V85/><F72/><W80/><G80/><T107/><D103/><U75/><E113/><V3/><F3/><W119/><G119/><T55/><D55/><U26/><E26/><V51/><F51/><AGARI ba="0,0" hai="41,46,50,51,54,58,75,77,82,88,94,99,104,106" machi="51" ten="30,11600,0" yaku="7,1,52,2,54,1" doraHai="101" who="1" fromWho="2" sc="250,0,280,116,250,-116,220,0" /><INIT seed="1,1,0,2,0,130" ten="250,396,134,220" oya="1" hai0="55,33,107,101,14,15,72,35,114,113,124,8,105" hai1="40,3,28,100,85,77,119,16,75,50,129,42,56" hai2="84,2,1,91,58,95,78,37,127,92,34,108,12" hai3="98,43,60,26,70,71,23,27,93,52,122,24,87"/><U66/><E119/><V69/><F69/><W30/><G122/><T61/><D72/><U39/><E39/><V106/><F34/><W134/><G43/><T104/><D101/><U59/><E75/><V17/><F37/><W126/><G126/><T65/><D55/><N who="1" m="31863" /><E3/><V96/><F127/><W82/><G26/><T44/><D44/><U53/><E66/><V13/><F106/><W110/><G110/><T131/><D124/><U135/><E28/><V25/><F108/><W90/><G27/><T18/><D131/><U32/><E32/><V9/><F25/><W54/><G134/><T111/><D111/><U121/><E100/><V73/><F73/><W123/><G123/><T41/><D41/><U20/><E135/><V103/><F78/><W22/><G23/><T88/><D35/><U19/><E19/><V6/><REACH who="2" step="1"/><F58/><REACH who="2" ten="250,396,124,220" step="2"/><W38/><G38/><T62/><D33/><U80/><E129/><V57/><F57/><W47/><G71/><T21/><D107/><U48/><E121/><V46/><F46/><W118/><G47/><T7/><D105/><U45/><E59/><V74/><F74/><W10/><G118/><T29/><D104/><U76/><E77/><V83/><F83/><W67/><REACH who="3" step="1"/><G10/><AGARI ba="1,1" hai="1,2,6,9,10,12,13,17,84,91,92,95,96,103" machi="10" ten="30,2000,0" yaku="1,1,7,1,53,0" doraHai="130" doraHaiUra="51" who="2" fromWho="3" sc="250,0,396,0,124,33,220,-23" /><INIT seed="2,0,0,3,5,41" ten="250,396,157,197" oya="2" hai0="118,11,112,92,80,47,124,105,2,125,104,13,19" hai1="33,54,101,90,82,108,134,7,53,67,116,31,98" hai2="114,135,15,57,62,46,76,78,127,102,131,18,69" hai3="32,12,44,97,71,122,10,0,6,119,37,107,61"/><V25/><F114/><W110/><G119/><T120/><D112/><U65/><E108/><V21/><F69/><W52/><G122/><T106/><D120/><U86/><E134/><V74/><F135/><W99/><G110/><T50/><D118/><U85/><E116/><V39/><F131/><W111/><G111/><T96/><D2/><U22/><E33/><V83/><F127/><W133/><G32/><T14/><D14/><U109/><E7/><V55/><F78/><W103/><G133/><T58/><D58/><U16/><E31/><V5/><F102/><W30/><G30/><T34/><D34/><U43/><E43/><V45/><REACH who="2" step="1"/><F39/><REACH who="2" ten="250,396,147,197" step="2"/><W91/><G37/><T126/><D126/><U95/><E109/><V121/><F121/><W60/><G71/><T49/><D125/><U94/><E65/><V117/><F117/><W77/><G77/><T4/><D124/><U88/><REACH who="1" step="1"/><E67/><REACH who="1" ten="250,386,147,197" step="2"/><V9/><AGARI ba="0,2" hai="5,9,15,18,21,25,45,46,55,57,62,74,76,83" machi="9" ten="30,12000,1" yaku="1,1,0,1,52,2,53,1" doraHai="41" doraHaiUra="59" who="2" fromWho="2" sc="250,-40,386,-40,147,140,197,-40" /><INIT seed="2,1,0,1,3,31" ten="210,346,287,157" oya="2" hai0="15,59,106,42,89,80,26,76,97,16,60,17,66" hai1="94,115,78,135,132,113,3,61,54,114,70,46,39" hai2="75,88,30,63,73,21,58,123,91,118,33,95,103" hai3="51,43,57,83,82,87,28,130,38,5,6,65,37"/><V109/><F118/><W23/><G130/><T49/><D26/><U79/><E3/><V45/><F123/><W111/><G111/><T67/><D67/><N who="1" m="41327" /><E94/><V112/><F112/><W7/><G37/><T40/><D49/><N who="1" m="28983" /><E79/><V101/><F109/><W72/><G38/><T127/><D127/><U121/><E78/><V24/><F45/><W100/><G72/><T41/><D15/><U0/><E0/><V71/><F71/><W36/><G36/><T104/><D104/><U2/><E2/><V55/><F91/><W56/><G100/><T117/><D117/><U4/><E4/><V9/><F9/><W69/><G69/><T52/><D66/><U48/><E39/><V110/><F110/><W32/><G32/><T84/><D106/><U27/><E27/><V102/><REACH who="2" step="1"/><F21/><REACH who="2" ten="210,346,277,157" step="2"/><W44/><G23/><T81/><REACH who="0" step="1"/><D97/><AGARI ba="1,1" hai="24,30,33,55,58,63,73,75,88,95,97,101,102,103" machi="97" ten="40,12000,1" yaku="1,1,2,1,52,1,54,1,53,0" doraHai="31" doraHaiUra="18" who="2" fromWho="0" sc="210,-123,346,0,277,133,157,0" /><INIT seed="2,2,0,4,4,101" ten="87,346,410,157" oya="2" hai0="113,126,105,115,97,56,32,37,111,118,125,134,23" hai1="21,73,69,78,48,41,51,120,76,45,93,108,104" hai2="112,81,106,30,127,11,103,39,58,4,91,52,114" hai3="36,63,62,90,12,13,94,16,77,5,82,46,9"/><V7/><F39/><W95/><G36/><T1/><RYUUKYOKU type="yao9" ba="2,0" sc="87,0,346,0,410,0,157,0" hai0="1,23,32,37,56,97,105,111,113,115,118,125,126,134" /><INIT seed="2,3,0,2,1,100" ten="87,346,410,157" oya="2" hai0="37,50,55,95,54,25,123,18,46,131,0,134,69" hai1="62,110,118,107,77,17,16,39,19,12,41,79,2" hai2="1,73,53,24,75,91,109,126,89,30,81,71,10" hai3="102,11,31,44,47,61,111,29,92,58,64,121,14"/><V13/><F71/><W87/><G111/><T48/><D123/><U112/><E110/><V86/><F109/><W51/><G121/><T90/><D134/><U96/><E2/><V84/><F1/><W113/><G113/><T66/><D131/><U59/><E118/><V98/><F98/><W105/><G105/><T38/><D0/><U26/><E112/><V68/><F68/><W78/><G47/><T88/><D66/><U28/><E12/><V7/><F126/><W124/><G102/><T128/><D69/><U34/><E41/><V106/><F53/><W99/><G99/><T108/><D128/><U72/><E39/><V125/><F106/><W49/><G51/><T135/><D135/><U4/><E4/><V103/><F103/><W76/><G76/><T3/><D3/><U94/><E107/><V120/><F125/><W23/><G23/><T5/><D5/><U67/><REACH who="1" step="1"/><E72/><REACH who="1" ten="87,336,410,157" step="2"/><V83/><REACH who="2" step="1"/><F120/><REACH who="2" ten="87,336,400,157" step="2"/><W65/><G124/><T82/><D108/><U119/><E119/><V32/><AGARI ba="3,2" hai="7,10,13,24,30,32,73,75,81,83,84,86,89,91" machi="32" ten="20,12000,1" yaku="1,1,2,1,0,1,7,1,9,1,53,0" doraHai="100" doraHaiUra="57" who="2" fromWho="2" sc="87,-43,336,-43,400,149,157,-43" /><INIT seed="2,4,0,0,1,97" ten="44,293,549,114" oya="2" hai0="129,38,80,4,16,94,101,51,111,61,95,96,8" hai1="31,19,40,118,14,44,42,66,58,29,127,120,77" hai2="54,81,71,112,11,55,72,68,46,2,22,41,85" hai3="121,128,9,91,116,57,102,62,92,1,126,90,12"/><V23/><F112/><W106/><G116/><T34/><D38/><U50/><E118/><V114/><F114/><W131/><G121/><T119/><D119/><U130/><E120/><V53/><F71/><W52/><G1/><T15/><D111/><U100/><E130/><N who="3" m="49706" /><G106/><T70/><D129/><U75/><E127/><V79/><F68/><W113/><G113/><T132/><D132/><U45/><E100/><V43/><F43/><W84/><G126/><T7/><D34/><U107/><E107/><V87/><F87/><W78/><G78/><T47/><D80/><U89/><E89/><V36/><REACH who="2" step="1"/><F85/><REACH who="2" ten="44,293,539,114" step="2"/><W82/><G84/><T20/><D70/><U69/><E69/><V18/><F18/><W124/><G124/><T122/><D122/><U135/><E19/><V133/><F133/><W17/><G82/><T93/><D61/><U108/><E42/><V30/><F30/><W32/><G17/><T83/><D83/><U65/><E31/><V115/><F115/><W125/><G125/><T37/><D37/><U6/><E29/><V109/><F109/><W33/><G62/><T10/><D7/><AGARI ba="4,1" hai="2,7,11,22,23,36,41,46,53,54,55,72,79,81" machi="7" ten="40,7700,0" yaku="1,1,25,2,53,0" doraHai="97" doraHaiUra="59" who="2" fromWho="0" sc="44,-89,293,0,539,99,114,0" owari="-45,-55.0,293,9.0,638,75.0,114,-29.0" /></mjloggm>