<mjloggm ver="2.3"><GO type="169" lobby="0"/><UN n0="%6B%6F%6D%61%70%69%61" n1="%E3%81%96%E3%82%8A%E3%81%8C%E3%81%AB%E3%81%8F%E3%82%93" n2="%E3%82%AA%E3%82%AC%E3%83%8E%E3%83%AB%E3%83%BC%E3%83%88" n3="%E9%BA%BB%E9%9B%80%E7%A0%94%E7%A9%B6%E9%83%A8" dan="16,17,16,16" rate="2208.62,2230.01,2014.24,2170.22" sx="M,M,M,F"/><TAIKYOKU oya="0"/><INIT seed="0,0,0,3,3,82" ten="250,250,250,250" oya="0" hai0="80,22,15,124,20,98,23,133,111,118,126,93,27" hai1="30,57,95,94,73,25,21,77,120,39,107,86,51" hai2="123,46,36,121,87,70,119,55,38,12,35,76,78" hai3="4,132,68,71,45,42,28,79,3,59,110,84,117"/><T54/><D118/><U29/><E107/><V72/><F35/><W60/><G110/><T106/><D106/><U92/><E39/><V31/><F31/><W69/><G132/><T16/><D133/><U41/><E73/><V18/><F70/><W61/><G28/><T130/><D130/><U128/><E120/><V89/><F119/><W96/><G4/><T108/><D54/><N who="1" m="31967" /><E128/><V109/><F109/><N who="0" m="42058" /><D80/><N who="1" m="47375" /><E41/><V50/><F123/><W135/><G42/><T6/><D6/><U10/><E10/><V113/><F113/><W75/><G75/><T100/><D27/><U83/><E83/><N who="2" m="49407" /><F121/><W62/><G3/><T47/><D47/><U102/><E30/><V105/><F105/><W131/><G45/><T65/><D65/><U116/><E116/><V67/><F67/><W5/><G117/><T127/><AGARI ba="0,0" hai="15,16,20,22,23,93,98,100,124,126,127" m="42058" machi="127" ten="40,12000,1" yaku="18,1,14,1,10,1,54,1" doraHai="82" who="0" fromWho="0" sc="250,120,250,-40,250,-40,250,-40" /><INIT seed="0,1,0,1,2,108" ten="370,210,210,210" oya="0" hai0="61,22,47,92,112,99,126,117,121,103,80,21,59" hai1="104,35,12,27,120,53,113,111,76,66,107,0,15" hai2="116,6,82,20,19,13,34,16,132,9,71,89,83" hai3="134,10,98,58,88,41,75,4,37,74,97,46,45"/><T24/><D121/><U124/><E120/><V87/><F71/><W60/><G134/><T77/><D117/><U31/><E0/><V115/><F115/><W65/><G45/><T128/><D128/><U1/><E1/><V32/><F132/><W5/><G5/><T129/><D129/><U63/><E111/><V72/><F116/><W102/><G97/><T28/><D126/><U25/><E124/><V133/><F133/><W79/><G79/><T110/><D110/><U123/><E123/><V118/><F118/><W85/><G10/><T109/><D109/><U96/><E113/><V135/><F19/><W86/><G4/><T78/><D112/><U69/><E76/><V64/><F64/><W81/><REACH who="3" step="1"/><G85/><REACH who="3" ten="370,210,210,200" step="2"/><N who="0" m="48271" /><D47/><U17/><E107/><AGARI ba="1,1" hai="37,41,46,58,60,65,74,75,81,86,88,98,102,107" machi="107" ten="30,3900,0" yaku="1,1,7,1,54,1,53,0" doraHai="108" doraHaiUra="23" who="3" fromWho="1" sc="370,0,210,-42,210,0,200,52" /><INIT seed="1,0,0,2,2,120" ten="370,168,210,252" oya="1" hai0="108,78,24,118,92,50,90,98,101,61,23,46,124" hai1="12,72,87,115,85,22,103,35,132,96,51,109,84" hai2="129,57,106,39,1,7,100,83,25,36,37,130,66" hai3="59,41,3,17,43,125,40,45,11,69,79,64,13"/><U135/><E35/><V81/><F25/><W116/><G116/><T26/><D118/><U30/><E115/><V126/><F126/><W16/><G125/><T9/><D124/><U127/><E127/><V62/><F7/><W32/><G3/><T86/><D78/><U68/><E68/><V54/><F1/><W0/><G0/><T110/><D61/><U6/><E72/><V93/><F106/><W52/><G32/><T123/><D9/><U99/><E109/><N who="0" m="42089" /><D23/><U20/><E51/><V95/><F66/><W114/><G64/><T42/><D123/><U97/><E103/><V27/><F27/><W82/><G69/><T74/><D74/><U77/><E77/><V111/><F111/><W60/><G114/><T65/><D65/><U112/><E112/><V70/><F70/><W119/><G119/><T18/><D18/><U133/><E30/><V91/><F100/><W34/><G34/><T75/><D75/><U15/><E6/><V117/><F117/><W33/><G33/><T10/><D10/><U19/><E19/><V63/><F63/><W102/><G17/><T48/><D50/><U5/><E5/><V4/><F4/><W29/><G29/><T128/><D128/><N who="2" m="49258" /><F91/><W88/><G88/><T47/><D47/><U73/><E73/><V44/><F44/><W53/><G45/><T104/><AGARI ba="0,0" hai="24,26,42,46,48,86,90,92,98,101,104" m="42089" machi="104" ten="30,7900,0" yaku="14,1,52,3" doraHai="120" who="0" fromWho="0" sc="370,79,168,-39,210,-20,252,-20" /><INIT seed="2,0,0,3,0,35" ten="449,129,190,232" oya="2" hai0="37,47,110,77,14,21,2,64,101,26,96,99,57" hai1="31,107,102,53,22,103,34,27,130,134,111,69,132" hai2="78,29,74,11,133,80,8,65,85,39,87,54,46" hai3="113,36,5,60,28,116,45,76,112,84,91,86,79"/><V43/><F133/><W100/><G116/><T81/><D110/><U51/><E111/><V68/><F29/><W114/><G100/><T70/><D70/><U71/><E130/><V94/><F54/><W135/><G135/><N who="1" m="51754" /><E34/><V20/><F20/><W129/><G129/><T13/><D2/><U104/><E103/><V105/><F105/><N who="1" m="40521" /><E102/><V63/><F94/><W123/><G123/><T73/><D37/><U119/><E119/><V9/><AGARI ba="0,0" hai="8,9,11,39,43,46,63,65,68,74,78,80,85,87" machi="9" ten="30,1500,0" yaku="0,1" doraHai="35" who="2" fromWho="2" sc="449,-5,129,-5,190,15,232,-5" /><INIT seed="2,1,0,3,1,102" ten="444,124,205,227" oya="2" hai0="36,58,97,69,86,64,104,78,100,131,37,15,111" hai1="91,66,26,112,123,30,27,52,16,41,49,134,135" hai2="28,56,101,74,118,99,55,4,72,105,114,31,132" hai3="20,128,53,25,130,93,83,62,5,9,46,51,85"/><V98/><F118/><W3/><G62/><T95/><D111/><U2/><E2/><V90/><F114/><W96/><G96/><T108/><D108/><U110/><E112/><V107/><F4/><W33/><G93/><T61/><D131/><U10/><E110/><V6/><F6/><W79/><REACH who="3" step="1"/><G33/><REACH who="3" ten="444,124,205,217" step="2"/><T84/><D69/><U18/><E66/><V65/><F65/><W133/><G133/><T87/><D95/><U63/><E63/><V121/><F132/><W11/><G11/><T125/><D125/><U57/><E135/><V39/><F121/><W82/><G82/><T1/><D104/><U12/><E134/><V34/><F34/><W122/><G122/><T23/><D61/><U81/><E123/><V21/><F21/><W44/><G44/><T109/><D97/><U88/><E81/><V45/><F107/><W8/><G8/><T106/><D106/><U38/><E18/><AGARI ba="1,1" hai="3,5,9,18,20,25,46,51,53,79,83,85,128,130" machi="18" ten="40,2600,0" yaku="1,1,53,1" doraHai="102" doraHaiUra="50" who="3" fromWho="1" sc="444,0,124,-29,205,0,217,39" /><INIT seed="3,0,0,5,4,100" ten="444,95,205,256" oya="3" hai0="108,26,84,116,53,66,36,45,17,125,82,23,124" hai1="127,68,104,87,126,98,20,85,65,133,117,111,89" hai2="118,135,4,32,58,88,91,64,12,49,119,81,43" hai3="39,110,128,35,38,69,99,97,123,103,16,101,71"/><W46/><G123/><T5/><D116/><U21/><E68/><V131/><F32/><W62/><G35/><T22/><D108/><U80/><E65/><V13/><F131/><W56/><G110/><T24/><D5/><U113/><E111/><V44/><F135/><W78/><G78/><T14/><D66/><U109/><E109/><V61/><F119/><W42/><G38/><T72/><D72/><U27/><E113/><V28/><F28/><W57/><G57/><T86/><D14/><U107/><E117/><V120/><F120/><W54/><G128/><T130/><D130/><U3/><E3/><V50/><F118/><W92/><REACH who="3" step="1"/><G16/><REACH who="3" ten="444,95,205,246" step="2"/><T83/><D17/><U40/><E133/><V11/><F50/><W37/><G37/><T93/><D36/><U9/><E127/><V77/><REACH who="2" step="1"/><F13/><REACH who="2" ten="444,95,195,246" step="2"/><W122/><G122/><T60/><D124/><U105/><E126/><V31/><F31/><W134/><G134/><T10/><D125/><U0/><E0/><V1/><F1/><W70/><G70/><T30/><D30/><U102/><E27/><V25/><F25/><W73/><G73/><AGARI ba="0,2" hai="4,11,12,43,44,49,58,61,64,73,77,81,88,91" machi="73" ten="30,7700,0" yaku="1,1,7,1,54,1,53,1" doraHai="100" doraHaiUra="59" who="2" fromWho="3" sc="444,0,95,0,195,97,246,-77" /><INIT seed="4,0,0,2,3,39" ten="444,95,292,169" oya="0" hai0="115,97,42,75,111,6,4,101,89,70,53,52,40" hai1="32,71,61,120,132,103,59,98,73,48,17,20,14" hai2="36,11,5,27,130,21,84,22,9,25,124,116,76" hai3="16,90,0,100,104,65,91,110,121,85,74,99,106"/><T51/><D70/><U10/><E132/><V135/><F36/><W19/><G110/><T96/><D75/><U133/><E133/><V12/><F135/><W54/><G121/><T79/><D79/><U87/><E120/><V123/><F123/><W31/><G74/><T109/><D115/><U3/><E73/><V28/><F124/><W134/><G0/><T69/><D89/><U7/><E32/><V131/><F84/><W24/><G104/><T58/><D69/><U92/><E71/><V129/><F76/><W102/><G102/><T66/><D66/><U34/><E34/><N who="2" m="20751" /><F116/><W119/><G65/><T37/><D37/><U62/><E87/><V18/><F22/><W29/><G134/><T30/><D30/><U125/><E125/><V82/><F82/><W68/><G68/><T35/><D35/><U83/><E83/><V67/><F67/><W8/><G29/><T114/><D114/><U81/><E81/><V50/><F50/><W127/><G119/><T44/><D109/><U63/><REACH who="1" step="1"/><E48/><REACH who="1" ten="444,85,292,169" step="2"/><V128/><N who="2" m="32768" /><DORA hai="43" /><V45/><F45/><W94/><G127/><T46/><D111/><U93/><E93/><V108/><F108/><W26/><G94/><T86/><D86/><U88/><E88/><V41/><F41/><W78/><G90/><T60/><D46/><U95/><E95/><V72/><F72/><W57/><G91/><T1/><D42/><U112/><E112/><V64/><F64/><AGARI ba="0,1" hai="3,7,10,14,17,20,59,61,62,63,64,92,98,103" machi="64" ten="30,12000,2" yaku="1,1,7,1,53,4" doraHai="39,43" doraHaiUra="2,56" who="1" fromWho="2" sc="444,0,85,130,292,-120,169,0" /><INIT seed="5,0,0,2,4,17" ten="444,215,172,169" oya="1" hai0="29,110,14,16,131,134,88,121,52,94,122,72,86" hai1="82,55,67,1,118,106,104,36,135,6,8,65,18" hai2="119,128,61,101,105,10,117,130,92,80,63,23,99" hai3="126,39,0,83,87,129,41,97,124,81,40,51,35"/><U112/><E118/><N who="2" m="45067" /><F10/><W2/><G35/><T28/><D72/><U54/><E112/><V102/><F80/><W107/><G129/><N who="2" m="49769" /><F102/><N who="3" m="62927" /><G39/><T32/><D131/><U34/><E82/><N who="3" m="31242" /><G87/><T64/><D110/><U22/><E8/><V25/><F105/><W79/><G79/><T89/><D134/><U20/><E135/><V49/><F49/><W56/><G56/><T62/><D89/><U133/><E133/><V50/><F50/><W47/><G40/><T19/><D52/><U30/><E104/><V45/><F45/><W37/><G51/><T123/><D32/><U95/><E34/><V7/><F7/><W3/><G2/><T85/><D85/><U98/><E6/><V91/><F101/><W31/><G3/><T43/><D43/><U58/><E1/><V75/><F75/><W93/><G0/><T46/><D46/><U113/><E106/><V132/><F132/><W77/><G77/><T100/><D100/><U71/><E95/><V114/><F114/><W109/><G93/><T84/><D84/><U78/><E78/><V66/><F66/><W103/><G103/><T96/><D86/><U9/><E67/><V53/><F53/><W26/><G109/><T127/><D96/><U73/><E55/><V15/><F15/><W33/><G47/><T12/><D14/><U57/><E54/><V90/><F90/><W13/><G13/><T44/><D12/><U38/><E65/><V42/><F42/><W120/><G120/><T68/><D121/><U11/><E73/><V116/><F116/><W108/><G108/><T4/><D123/><U59/><E113/><RYUUKYOKU ba="0,0" sc="444,-15,215,-15,172,15,169,15" hai2="23,25,61,63,91,92,99" hai3="26,31,33,37,41,124,126" /><INIT seed="6,1,0,1,0,96" ten="429,200,187,184" oya="2" hai0="107,59,106,7,0,34,69,113,104,78,72,76,79" hai1="64,27,63,6,44,5,130,66,98,10,17,35,82" hai2="135,125,30,117,8,46,121,89,15,86,126,87,42" hai3="3,84,128,19,57,12,52,2,33,101,11,55,109"/><V105/><F121/><W81/><G109/><T75/><D113/><U47/><E130/><V71/><F71/><W21/><G33/><T122/><D69/><U120/><E120/><V40/><F105/><W22/><G128/><T13/><D122/><U77/><E98/><V54/><F117/><W133/><G133/><T23/><D0/><U38/><E38/><V115/><F115/><W31/><G101/><T123/><D34/><U60/><E35/><V61/><F30/><W25/><G21/><T108/><D108/><U58/><E17/><N who="2" m="8423" /><F135/><W67/><G67/><T100/><D123/><U65/><E27/><V73/><F73/><W39/><G55/><T68/><D68/><U88/><E77/><V37/><F40/><W29/><G29/><T111/><D111/><U74/><E74/><V134/><F134/><W83/><G83/><T4/><D106/><U80/><E80/><N who="2" m="49351" /><F87/><W102/><G39/><T92/><D104/><U20/><E82/><V131/><F131/><W91/><REACH who="3" step="1"/><G102/><REACH who="3" ten="429,200,187,174" step="2"/><T28/><D72/><U32/><E32/><V9/><F9/><W43/><G43/><T95/><D75/><U1/><E10/><V94/><F94/><W114/><G114/><T124/><D107/><U14/><E20/><V85/><F85/><W50/><AGARI ba="1,1" hai="2,3,11,12,19,22,25,31,50,52,57,81,84,91" machi="50" ten="20,5200,0" yaku="1,1,0,1,7,1,54,1,53,0" doraHai="96" doraHaiUra="93" who="3" fromWho="3" sc="429,-14,200,-14,187,-27,174,65" /><INIT seed="7,0,0,3,5,72" ten="415,186,160,239" oya="3" hai0="117,90,135,14,65,39,70,68,88,120,92,115,42" hai1="25,97,101,77,118,103,130,105,99,109,84,87,96" hai2="111,124,63,58,95,102,33,76,4,62,82,61,93" hai3="69,18,98,73,50,78,89,132,40,26,79,36,74"/><W59/><G69/><T15/><D117/><U121/><E25/><V129/><F33/><W17/><G36/><T126/><D120/><U9/><E9/><V71/><F111/><W110/><G132/><T13/><D126/><U48/><E48/><V112/><F124/><W22/><G74/><T11/><D115/><U6/><E6/><V20/><F129/><W53/><G73/><T30/><D30/><U80/><E121/><V119/><F119/><W24/><G40/><T106/><D106/><N who="1" m="63783" /><E118/><V8/><F112/><W27/><G110/><T67/><D11/><U56/><E56/><V3/><F71/><W21/><G26/><T60/><D135/><U107/><E109/><V86/><F20/><W55/><G53/><T35/><D35/><U38/><E38/><V2/><F2/><W52/><G55/><T46/><D92/><AGARI ba="0,0" hai="17,18,21,22,24,27,50,52,59,78,79,89,92,98" machi="92" ten="40,12000,1" yaku="9,1,8,1,52,2,54,1" doraHai="72" who="3" fromWho="0" sc="415,-120,186,0,160,0,239,120" owari="295,10.0,186,-21.0,160,-34.0,359,45.0" /></mjloggm>