<mjloggm ver="2.3"><GO type="169" lobby="0"/><UN n0="%77%69%6C%73%6F%6E" n1="%E6%AD%A6%E5%A8%81" n2="%E4%B8%B8%E6%B1%82%41%53%68" n3="%E4%B8%BB%E5%B8%AD" dan="16,17,16,16" rate="2143.20,2149.28,2064.17,2143.49" sx="M,M,M,M"/><TAIKYOKU oya="0"/><INIT seed="0,0,0,1,4,90" ten="250,250,250,250" oya="0" hai0="92,49,120,112,70,117,29,104,96,65,50,116,128" hai1="93,99,109,87,125,44,76,56,130,123,31,67,80" hai2="86,48,55,83,51,14,46,101,89,113,78,72,35" hai3="115,71,1,127,63,8,64,19,114,0,11,38,95"/><T5/><D120/><U111/><E123/><V34/><F113/><W37/><G127/><T18/><D128/><U21/><E44/><V57/><F14/><W69/><G63/><T74/><D112/><U118/><E118/><V84/><F101/><W107/><G107/><T124/><D74/><U97/><E125/><V45/><F57/><W10/><G64/><T131/><D124/><U134/><E134/><V27/><F27/><W121/><G10/><T94/><D131/><U2/><E2/><V13/><F13/><W59/><G59/><T40/><D5/><U58/><E130/><V81/><REACH who="2" step="1"/><F72/><REACH who="2" ten="250,250,240,250" step="2"/><W30/><G121/><T15/><D117/><U106/><E58/><V42/><AGARI ba="0,1" hai="34,35,42,45,46,48,51,55,78,81,83,84,86,89" machi="42" ten="20,5200,0" yaku="1,1,2,1,0,1,7,1,53,0" doraHai="90" doraHaiUra="126" who="2" fromWho="2" sc="250,-26,250,-13,240,62,250,-13" /><INIT seed="1,0,0,3,2,40" ten="224,237,302,237" oya="1" hai0="127,51,60,44,38,95,20,121,31,86,56,118,130" hai1="106,93,105,108,115,32,28,62,82,57,102,58,78" hai2="92,1,122,135,124,132,43,65,120,134,76,87,72" hai3="45,14,99,91,128,96,111,75,81,119,90,13,101"/><U35/><E115/><V41/><F1/><W85/><G111/><T34/><D38/><U2/><E2/><V29/><F72/><W19/><G128/><T110/><D34/><U64/><E108/><V9/><F65/><W114/><G114/><T116/><D110/><U6/><E6/><V24/><F9/><W68/><G68/><T0/><D0/><U113/><E113/><V50/><F124/><W67/><G67/><T3/><D3/><U126/><E126/><V46/><F41/><W17/><G75/><T70/><D70/><U89/><E58/><V107/><F107/><W61/><G61/><T18/><D127/><U133/><E133/><V16/><F16/><W71/><G71/><T15/><D130/><U97/><E28/><V125/><F125/><W112/><G112/><T49/><D121/><U36/><E36/><V7/><F7/><W129/><G129/><T117/><D31/><U22/><E22/><N who="2" m="15511" /><F92/><W26/><G26/><T54/><D51/><U10/><E10/><V47/><F47/><W74/><G74/><T4/><D4/><U73/><REACH who="1" step="1"/><E106/><REACH who="1" ten="224,227,302,237" step="2"/><V37/><F37/><W66/><G19/><T33/><D33/><U94/><E94/><V30/><F30/><W83/><G17/><T42/><D117/><U79/><E79/><V104/><F104/><W23/><G119/><T8/><D8/><U27/><E27/><V59/><F59/><W100/><G23/><T123/><D123/><U63/><E63/><V84/><F76/><W131/><G131/><T77/><D77/><U52/><E52/><V21/><F21/><W11/><G11/><RYUUKYOKU ba="0,1" sc="224,10,227,10,302,10,237,-30" hai0="15,18,20,42,44,49,54,56,60,86,95,116,118" hai1="32,35,57,62,64,73,78,82,89,93,97,102,105" hai2="43,46,50,84,87,120,122,132,134,135" /><INIT seed="1,1,1,2,1,107" ten="234,237,312,207" oya="1" hai0="105,16,92,91,7,119,117,80,20,14,42,121,17" hai1="132,129,48,79,54,84,133,35,45,58,22,135,76" hai2="52,8,61,103,62,36,55,25,98,0,43,33,127" hai3="106,115,68,101,11,102,15,18,71,78,108,23,63"/><U32/><E129/><V56/><F127/><W110/><G115/><T97/><D121/><U19/><E45/><V123/><F43/><W64/><G71/><T31/><D31/><U3/><E3/><V90/><F90/><W21/><G78/><N who="1" m="29738" /><E84/><V5/><F36/><W39/><G39/><T59/><D7/><U99/><E99/><V24/><F33/><W77/><G77/><T46/><D105/><U130/><E130/><V30/><F30/><W66/><G66/><T86/><D59/><U37/><E37/><V131/><F123/><W67/><G67/><T1/><D1/><U72/><E72/><V81/><F81/><W49/><G49/><T100/><REACH who="0" step="1"/><D17/><REACH who="0" ten="224,237,312,207" step="2"/><U112/><E112/><V104/><F131/><W51/><G106/><T83/><D83/><U53/><E53/><V128/><F128/><W6/><G18/><T4/><D4/><U134/><N who="1" m="33792" /><DORA hai="120" /><U47/><E58/><AGARI ba="1,2" hai="0,5,8,24,25,52,55,56,58,61,62,98,103,104" machi="58" ten="40,2600,0" yaku="9,1,54,1" doraHai="107,120" who="2" fromWho="1" sc="224,0,237,-29,312,49,207,0" /><INIT seed="2,0,0,0,2,123" ten="224,208,361,207" oya="2" hai0="57,104,100,107,119,120,121,54,56,103,46,108,20" hai1="4,98,49,47,40,75,31,2,43,39,80,68,72" hai2="38,6,133,85,61,30,34,132,93,91,86,129,21" hai3="14,115,105,122,113,126,0,24,55,13,99,27,25"/><V26/><F38/><W66/><G122/><T69/><D20/><U45/><E31/><V109/><F6/><W73/><G73/><T22/><D22/><U29/><E29/><V67/><F129/><W32/><G32/><T79/><D46/><U18/><E18/><V15/><F85/><W52/><G0/><T62/><D79/><U74/><E98/><V84/><F84/><W110/><G66/><T114/><D54/><N who="3" m="20521" /><G126/><T87/><D87/><U9/><REACH who="1" step="1"/><E68/><REACH who="1" ten="224,198,361,207" step="2"/><N who="2" m="42095" /><F30/><W71/><G71/><T1/><D1/><U130/><E130/><V8/><F26/><W11/><G115/><T60/><D114/><U90/><E90/><V64/><F15/><W77/><G113/><T63/><D69/><U96/><E96/><V131/><F91/><W12/><G11/><T97/><D119/><U95/><E95/><V111/><F93/><W33/><G105/><N who="0" m="40523" /><D97/><U28/><E28/><V116/><F8/><W101/><G99/><T89/><D89/><U41/><E41/><V125/><F116/><W23/><G101/><N who="0" m="38987" /><D108/><U51/><E51/><V59/><F109/><W94/><G110/><T53/><D53/><U5/><E5/><V7/><F7/><W102/><G33/><T37/><D37/><U135/><E135/><V10/><F34/><W19/><G102/><T16/><D16/><U58/><E58/><AGARI ba="0,1" hai="56,57,58,60,62,63,120,121" m="38987,40523" machi="58" ten="40,2600,0" yaku="28,2" doraHai="123" who="0" fromWho="1" sc="224,36,198,-26,361,0,207,0" /><INIT seed="3,0,0,0,2,96" ten="260,172,361,207" oya="3" hai0="50,83,124,68,58,92,8,64,77,81,40,118,62" hai1="97,21,46,55,47,57,66,51,104,9,38,13,74" hai2="114,42,61,34,56,106,110,44,109,88,84,45,23" hai3="17,4,26,108,16,115,41,53,103,100,14,30,29"/><W95/><G115/><T116/><D124/><U32/><E74/><V28/><F34/><W36/><G36/><T33/><D33/><U105/><E32/><V87/><F106/><W90/><G41/><T91/><D8/><U99/><E21/><V15/><F84/><N who="3" m="52679" /><G108/><N who="2" m="41577" /><F42/><W102/><G4/><T131/><D131/><U59/><E38/><V76/><F76/><W119/><G119/><T22/><D83/><U123/><E123/><V121/><F121/><W125/><G125/><T73/><D22/><U93/><E104/><V25/><F15/><W1/><G1/><T20/><D20/><U52/><E66/><N who="2" m="39207" /><F114/><W129/><G129/><T122/><D122/><U39/><E39/><V12/><F12/><W75/><G75/><T86/><REACH who="0" step="1"/><D58/><REACH who="0" ten="250,172,361,207" step="2"/><U65/><E59/><V48/><F23/><N who="3" m="13679" /><G53/><T69/><D69/><U134/><E55/><V111/><F111/><W6/><G6/><T11/><D11/><AGARI ba="0,1" hai="11,14,16,29,30,100,102,103" m="13679,52679" machi="11" ten="30,12000,1" yaku="8,1,52,3,54,1" doraHai="96" who="3" fromWho="0" sc="250,-120,172,0,361,0,207,130" /><INIT seed="3,1,0,4,3,74" ten="130,172,361,337" oya="3" hai0="63,28,35,38,51,26,14,54,84,36,85,98,48" hai1="22,106,127,94,118,20,49,42,89,119,93,72,7" hai2="126,57,105,66,27,116,125,128,135,109,12,97,56" hai3="44,31,124,15,24,52,37,80,2,13,50,16,110"/><W59/><G2/><T5/><D36/><U79/><E106/><V71/><F116/><N who="1" m="44585" /><E7/><V8/><F71/><W9/><G124/><T117/><D117/><U47/><E127/><V73/><F73/><W102/><G110/><T123/><D38/><U75/><E93/><V87/><F27/><W21/><G102/><T55/><D123/><U65/><E65/><V3/><F105/><W129/><G129/><T67/><D98/><N who="1" m="57679" /><E75/><V113/><F128/><W41/><G15/><T39/><D39/><U40/><E40/><V34/><F109/><W83/><AGARI ba="1,0" hai="9,13,16,21,24,31,37,41,44,50,52,59,80,83" machi="83" ten="30,6000,0" yaku="0,1,54,2" doraHai="74" who="3" fromWho="3" sc="130,-21,172,-21,361,-21,337,63" /><INIT seed="3,2,0,5,0,38" ten="109,151,340,400" oya="3" hai0="35,114,107,27,125,58,70,101,14,10,117,102,130" hai1="133,105,106,76,43,28,19,103,129,56,6,95,64" hai2="25,87,39,21,72,4,36,37,33,31,69,17,18" hai3="112,23,92,66,97,62,40,45,128,90,9,65,96"/><W49/><G112/><T50/><D117/><U132/><E129/><V34/><F72/><W81/><G128/><T61/><D130/><U42/><E76/><V120/><F69/><W8/><G81/><T54/><D125/><U80/><E80/><V134/><F134/><N who="1" m="51817" /><E6/><V44/><F4/><W32/><G32/><T79/><D114/><U63/><E28/><V108/><F108/><W12/><G97/><T59/><D70/><U60/><E60/><V119/><F119/><W94/><G94/><T74/><D35/><U116/><E116/><V46/><F33/><W41/><G62/><T127/><D127/><U89/><E19/><V115/><F17/><N who="3" m="10663" /><G66/><T118/><D118/><U3/><E3/><V91/><F115/><W26/><G65/><T71/><D71/><U7/><E7/><V88/><F120/><W110/><G110/><T53/><D27/><U1/><E1/><V135/><F135/><W93/><G26/><T85/><D74/><U82/><E82/><V57/><F31/><W98/><G41/><N who="1" m="15370" /><E103/><AGARI ba="2,0" hai="8,9,40,45,49,90,92,93,96,98,103" m="10663" machi="103" ten="30,2900,0" yaku="8,1,52,1" doraHai="38" who="3" fromWho="1" sc="109,0,151,-35,340,0,400,35" /><INIT seed="3,3,0,5,0,61" ten="109,116,340,435" oya="3" hai0="42,17,97,87,39,91,74,65,125,4,75,70,13" hai1="19,109,102,113,15,31,55,133,114,41,111,68,20" hai2="121,32,77,119,58,80,108,9,2,92,12,67,112" hai3="126,130,30,40,107,34,86,47,59,117,120,110,45"/><W128/><G117/><T35/><D125/><U71/><E102/><V131/><F2/><W33/><G120/><T93/><D35/><U94/><E94/><V81/><F32/><W46/><G107/><T56/><D70/><U101/><E101/><V76/><F112/><W84/><G126/><T63/><D4/><U118/><E31/><V134/><F119/><W5/><G110/><N who="1" m="41994" /><E118/><V88/><F131/><N who="3" m="50219" /><G40/><T38/><D42/><U98/><E98/><N who="2" m="57607" /><F134/><W62/><G5/><T29/><D29/><U49/><E41/><V99/><F99/><W7/><G7/><T6/><D6/><U50/><E50/><V100/><F100/><W106/><G106/><T16/><D17/><U132/><E114/><V24/><F108/><W72/><G72/><T96/><D96/><U23/><E23/><V44/><F76/><W90/><G30/><T69/><D69/><N who="1" m="26699" /><E113/><V83/><F77/><W1/><G1/><T54/><D97/><U60/><E60/><N who="2" m="38295" /><F80/><N who="3" m="49415" /><G86/><T135/><D135/><U124/><E124/><V129/><F81/><W14/><G33/><T18/><D75/><U28/><E28/><V48/><F83/><W21/><G34/><T57/><D74/><U53/><E53/><N who="2" m="29831" /><F129/><W22/><G14/><T105/><D105/><U0/><E0/><V37/><F24/><W79/><G79/><T115/><D115/><U66/><E66/><AGARI ba="3,0" hai="21,22,45,46,47,59,62,66" m="49415,50219" machi="66" ten="30,2900,0" yaku="19,1,52,1" doraHai="61" who="3" fromWho="1" sc="109,0,116,-38,340,0,435,38" /><INIT seed="3,4,0,1,0,74" ten="109,78,340,473" oya="3" hai0="63,91,100,31,73,105,72,87,110,32,83,14,118" hai1="57,6,114,66,70,50,13,1,17,121,130,23,46" hai2="92,120,115,119,47,81,102,71,45,18,36,131,8" hai3="64,28,112,96,33,59,98,5,11,117,15,2,7"/><W132/><G117/><T68/><D118/><U0/><E121/><V48/><F71/><W128/><G112/><T97/><D110/><U104/><E114/><V95/><F115/><W35/><G64/><T76/><D14/><U4/><E104/><V25/><F119/><W41/><G41/><T3/><D3/><U12/><E130/><V103/><F36/><W89/><G59/><T58/><D68/><U113/><E113/><V109/><F109/><W78/><G78/><T20/><D32/><U51/><E70/><V124/><F131/><W34/><G89/><T85/><D20/><U44/><E1/><V38/><F38/><W22/><G98/><T29/><D87/><U9/><E0/><V106/><F106/><W24/><G96/><T101/><D101/><U37/><E4/><V54/><F81/><W107/><G107/><T62/><D62/><N who="1" m="38223" /><E37/><V86/><F45/><AGARI ba="4,0" hai="6,9,12,13,17,23,44,45,46,50,51" m="38223" machi="45" ten="30,1000,0" yaku="8,1" doraHai="74" who="1" fromWho="2" sc="109,0,78,22,340,-22,473,0" /><INIT seed="4,0,0,0,4,13" ten="109,100,318,473" oya="0" hai0="63,121,85,25,35,88,96,72,28,46,92,102,52" hai1="104,12,97,106,59,48,107,117,2,109,41,6,79" hai2="129,69,45,111,14,73,66,87,37,1,91,5,17" hai3="122,33,15,42,53,54,99,114,83,90,80,58,55"/><T19/><D121/><U112/><E109/><V123/><F73/><W105/><G122/><T70/><D72/><U110/><E110/><V71/><F111/><W134/><G114/><T44/><D70/><U108/><E108/><V22/><F129/><W103/><G134/><T64/><D64/><U75/><E117/><V131/><F131/><W26/><G42/><T51/><D63/><U94/><E2/><V93/><F66/><W127/><G127/><T113/><D113/><U56/><E112/><V29/><F123/><W89/><G58/><T130/><D130/><U84/><E75/><V76/><F76/><W78/><G15/><T61/><D61/><U125/><E125/><V50/><F37/><W124/><G124/><T31/><D31/><U77/><E77/><V27/><F5/><W82/><G78/><T32/><D32/><U8/><E97/><V133/><F1/><W126/><G126/><T86/><D46/><N who="1" m="25679" /><E94/><V11/><REACH who="2" step="1"/><F133/><REACH who="2" ten="109,100,308,473" step="2"/><W119/><G119/><T100/><REACH who="0" step="1"/><D19/><REACH who="0" ten="99,100,308,473" step="2"/><U16/><E16/><V40/><AGARI ba="0,2" hai="11,14,17,22,27,29,40,45,50,69,71,87,91,93" machi="40" ten="20,12000,2" yaku="1,1,2,1,0,1,7,1,52,1,53,1" doraHai="13" doraHaiUra="9" who="2" fromWho="2" sc="99,-60,100,-30,308,140,473,-30" /><INIT seed="5,0,0,5,5,88" ten="39,70,448,443" oya="1" hai0="96,62,67,111,43,35,24,26,103,55,78,32,110" hai1="39,31,90,120,48,41,51,102,45,29,7,23,49" hai2="73,38,34,105,63,21,131,15,118,10,13,94,133" hai3="126,125,19,116,70,11,97,112,134,33,16,83,113"/><U76/><E120/><V57/><F105/><W14/><G70/><T59/><D43/><U2/><E102/><V61/><F34/><W52/><G134/><T22/><D78/><U74/><E23/><V128/><F73/><W50/><G116/><T81/><D81/><U44/><E44/><V9/><F38/><W114/><G33/><T130/><D130/><N who="2" m="49706" /><F21/><W65/><G65/><T60/><D32/><U87/><E76/><V106/><F106/><W82/><G19/><T117/><D117/><U129/><E74/><V107/><F107/><W27/><G97/><T37/><D37/><U25/><E25/><V30/><F30/><W98/><G98/><T95/><D35/><U135/><E135/><V101/><F118/><W47/><G27/><T100/><D100/><U71/><E71/><V54/><F61/><W17/><G17/><T1/><D1/><U132/><E132/><V86/><F101/><W36/><G36/><T92/><D92/><U119/><E119/><V85/><F94/><W3/><G3/><T80/><D80/><AGARI ba="0,0" hai="11,14,16,47,50,52,80,82,83,112,113,114,125,126" machi="80" ten="50,6400,0" yaku="15,1,54,2" doraHai="88" who="3" fromWho="0" sc="39,-64,70,0,448,0,443,64" owari="-25,-53.0,70,-33.0,448,25.0,507,61.0" /></mjloggm>