<mjloggm ver="2.3"><GO type="169" lobby="0"/><UN n0="%E3%81%96%E3%82%8A%E3%81%8C%E3%81%AB%E3%81%8F%E3%82%93" n1="%E3%82%B7%E3%83%B3%E3%83%95%E3%82%A9%E3%83%8B%E3%82%A2" n2="%E3%83%95%E3%82%A9%E3%82%B9%E3%82%BF%E3%83%BC" n3="%74%65%6E%67%75%6D%61%6E" dan="17,18,16,16" rate="2227.64,2235.53,2077.00,2139.88" sx="M,M,M,M"/><TAIKYOKU oya="0"/><INIT seed="0,0,0,0,3,14" ten="250,250,250,250" oya="0" hai0="48,26,13,129,3,71,127,27,88,81,58,10,133" hai1="59,47,126,37,107,46,116,78,117,18,19,4,108" hai2="43,118,90,70,6,49,51,67,82,87,120,96,122" hai3="85,61,104,69,9,77,45,62,101,17,102,53,121"/><T2/><D71/><U40/><E107/><V111/><F111/><W29/><G29/><T110/><D2/><U7/><E78/><V15/><F118/><W52/><G104/><T112/><D3/><U44/><E40/><V83/><F70/><W99/><G121/><T74/><D112/><U41/><E41/><V54/><F67/><W31/><G31/><T103/><D133/><U109/><E59/><V113/><F113/><W60/><G69/><T0/><D0/><U86/><E86/><V89/><F43/><W57/><G45/><T56/><D129/><U115/><E115/><V30/><F30/><W16/><G9/><T98/><D127/><U91/><E91/><V105/><F105/><W97/><G77/><T134/><D134/><U24/><E24/><V132/><F132/><W106/><G85/><N who="0" m="50223" /><D74/><U75/><E75/><V79/><F79/><W22/><G106/><T84/><D84/><U125/><E46/><V119/><F87/><W32/><G32/><T50/><D58/><U34/><E37/><V130/><F119/><W72/><G72/><T21/><D110/><U55/><E34/><V12/><F130/><W123/><G123/><T114/><D114/><U92/><E92/><V128/><F128/><W28/><G57/><T20/><D27/><U11/><E55/><N who="3" m="21066" /><G28/><N who="0" m="17479" /><D21/><U38/><E38/><V64/><F120/><W95/><G22/><T8/><D56/><U100/><E11/><N who="0" m="4137" /><D13/><U25/><E25/><V33/><F33/><W94/><AGARI ba="0,0" hai="16,17,60,61,62,94,95,97,99,101,102" m="21066" machi="94" ten="30,8000,1" yaku="8,1,52,2,54,2" doraHai="14" who="3" fromWho="3" sc="250,-40,250,-20,250,-20,250,80" /><INIT seed="1,0,0,2,3,82" ten="210,230,230,330" oya="1" hai0="66,125,75,128,98,14,106,44,120,12,51,122,127" hai1="38,39,104,62,17,33,5,19,84,40,130,4,124" hai2="63,99,59,110,86,68,97,69,6,47,28,10,24" hai3="109,101,121,52,34,135,26,114,112,83,21,46,92"/><U111/><E104/><V45/><F110/><W32/><G121/><N who="0" m="46699" /><D75/><U91/><E33/><V29/><F69/><W115/><G109/><T1/><D1/><U13/><E111/><V74/><F74/><W56/><G46/><T105/><D66/><U0/><E0/><V11/><F68/><W113/><G135/><T55/><D128/><U23/><E130/><V76/><F29/><W53/><G53/><T60/><D60/><U41/><E124/><N who="0" m="47689" /><D98/><U79/><E79/><V67/><F99/><W102/><G102/><T36/><D36/><U37/><E19/><V107/><F97/><W103/><G103/><T118/><D118/><U129/><E129/><V27/><F107/><AGARI ba="0,0" hai="12,14,44,51,55,105,106,107" m="47689,46699" machi="107" ten="40,2600,0" yaku="13,1,18,1" doraHai="82" who="0" fromWho="2" sc="210,26,230,0,230,-26,330,0" /><INIT seed="2,0,0,5,3,76" ten="236,230,204,330" oya="2" hai0="80,78,59,118,38,73,37,120,74,61,114,15,71" hai1="20,17,16,42,82,3,32,91,108,124,66,34,121" hai2="9,99,128,109,6,123,26,49,116,10,68,35,44" hai3="36,101,5,72,96,92,23,89,12,87,94,115,106"/><V39/><F116/><W27/><G36/><T75/><D120/><U0/><E66/><V85/><F123/><W8/><G72/><T29/><D114/><U70/><E121/><V95/><F68/><W67/><G67/><T11/><D71/><U133/><E70/><V113/><F113/><W53/><G115/><T86/><D29/><U69/><E69/><V132/><F39/><W30/><REACH who="3" step="1"/><G53/><REACH who="3" ten="236,230,204,320" step="2"/><T134/><D118/><U81/><E42/><V103/><F128/><W41/><G41/><T7/><REACH who="0" step="1"/><D134/><REACH who="0" ten="226,230,204,320" step="2"/><U52/><E133/><V55/><F132/><W25/><G25/><T28/><D28/><U56/><E124/><V21/><F26/><W47/><G47/><T126/><D126/><U2/><E56/><V54/><F44/><W57/><G57/><T84/><D84/><U107/><E108/><V125/><F85/><W22/><G22/><T119/><D119/><U122/><E20/><V88/><F21/><W4/><G4/><T131/><D131/><U79/><E122/><V77/><F125/><W31/><G31/><T43/><D43/><U14/><E32/><V60/><F35/><W18/><G18/><T93/><D93/><AGARI ba="0,2" hai="5,8,12,23,27,30,87,89,92,93,94,96,101,106" machi="93" ten="30,2000,0" yaku="1,1,7,1,53,0" doraHai="76" doraHaiUra="104" who="3" fromWho="0" sc="226,-20,230,0,204,0,320,40" /><INIT seed="3,0,0,3,5,55" ten="206,230,204,360" oya="3" hai0="80,72,129,16,130,5,6,3,45,39,21,29,43" hai1="62,47,52,89,11,17,27,35,131,78,107,56,94" hai2="82,90,38,10,119,98,50,34,114,92,70,46,19" hai3="14,42,132,88,28,85,67,79,61,102,83,8,69"/><W118/><G118/><T71/><D71/><U135/><E131/><N who="0" m="50185" /><D29/><U37/><E135/><V93/><F114/><W73/><G132/><T127/><D3/><U84/><E107/><V2/><F70/><W7/><G28/><T32/><D32/><U58/><E35/><V77/><F34/><W87/><G102/><T133/><D133/><U106/><E106/><V18/><F119/><W99/><G99/><T63/><D63/><N who="1" m="36231" /><E37/><V66/><F66/><W12/><G42/><T44/><D44/><U26/><E47/><V112/><F92/><W115/><G115/><T25/><D127/><U120/><E78/><AGARI ba="0,0" hai="5,6,16,21,25,39,43,45,72,78,80" m="50185" machi="78" ten="30,2000,0" yaku="19,1,54,1" doraHai="55" who="0" fromWho="1" sc="206,20,230,-20,204,0,360,0" /><INIT seed="4,0,0,1,5,12" ten="226,210,204,360" oya="0" hai0="82,20,70,130,125,47,74,100,37,41,30,127,106" hai1="126,129,92,132,22,6,71,84,58,1,8,39,18" hai2="62,131,50,5,23,69,14,89,9,27,60,104,53" hai3="75,85,107,72,64,33,108,55,56,29,11,51,83"/><T133/><D70/><U3/><E71/><V40/><F131/><W48/><G107/><T99/><D133/><U128/><E39/><V66/><F104/><W73/><G64/><T81/><D130/><N who="1" m="50283" /><E58/><V44/><F62/><W10/><G51/><T113/><D113/><U123/><E84/><V45/><F89/><W111/><G29/><T35/><D20/><U112/><E92/><V25/><REACH who="2" step="1"/><F23/><REACH who="2" ten="226,210,194,360" step="2"/><W116/><G33/><T38/><D35/><U4/><E132/><V31/><F31/><W135/><G135/><T76/><D30/><U95/><E95/><V49/><AGARI ba="0,1" hai="5,9,14,25,27,40,44,45,49,50,53,60,66,69" machi="49" ten="20,5200,0" yaku="1,1,0,1,7,1,53,1" doraHai="12" doraHaiUra="59" who="2" fromWho="2" sc="226,-26,210,-13,194,62,360,-13" /><INIT seed="5,0,0,5,0,83" ten="200,197,256,347" oya="1" hai0="7,131,80,25,16,54,15,34,95,128,134,101,21" hai1="36,52,120,78,71,133,22,105,90,115,40,9,67" hai2="117,53,17,102,88,116,135,38,85,4,27,10,132" hai3="65,130,19,127,109,104,123,37,118,29,96,8,112"/><U14/><E120/><V59/><F102/><W2/><RYUUKYOKU type="yao9" ba="0,0" sc="200,0,197,0,256,0,347,0" hai3="2,8,19,29,37,65,96,104,109,112,118,123,127,130" /><INIT seed="5,1,0,2,0,92" ten="200,197,256,347" oya="1" hai0="65,109,108,27,47,69,121,11,52,16,24,130,5" hai1="95,58,114,101,10,123,120,128,8,106,119,34,75" hai2="98,50,45,77,103,36,122,57,93,43,99,28,71" hai3="116,105,110,49,96,111,115,127,125,42,131,107,67"/><U44/><E34/><V126/><F122/><W83/><G67/><T35/><D130/><U32/><E32/><V38/><F71/><W30/><G30/><T72/><D72/><U91/><E44/><V88/><F126/><N who="3" m="48139" /><G131/><T76/><D76/><U70/><E70/><V74/><F28/><W22/><G115/><T66/><D121/><U39/><E39/><V118/><F118/><W135/><G135/><T64/><D69/><U4/><E128/><V90/><F90/><W54/><G42/><T56/><D35/><U41/><E41/><V55/><F77/><W37/><G37/><T73/><D73/><U97/><E119/><V51/><F74/><W0/><G0/><T33/><D33/><U7/><E114/><V129/><F129/><W82/><G22/><N who="0" m="13383" /><D109/><N who="3" m="41481" /><G116/><T26/><D47/><U48/><E75/><V124/><F124/><W86/><G96/><T53/><D108/><U40/><E40/><V3/><F3/><W87/><G54/><N who="0" m="21099" /><D56/><U17/><E58/><V19/><F19/><W102/><G49/><T63/><D63/><U112/><E17/><V12/><F12/><AGARI ba="1,0" hai="5,11,12,26,27,64,65,66" m="21099,13383" machi="12" ten="30,3900,0" yaku="8,1,54,2" doraHai="92" who="0" fromWho="2" sc="200,42,197,0,256,-42,347,0" /><INIT seed="6,0,0,5,1,3" ten="242,197,214,347" oya="2" hai0="50,29,6,126,131,57,121,47,45,0,77,4,76" hai1="15,58,19,130,125,90,111,127,39,105,110,83,35" hai2="75,129,5,23,53,41,51,10,108,32,22,68,102" hai3="38,112,109,18,27,84,132,99,122,16,113,64,52"/><V17/><F32/><W74/><G38/><T72/><D0/><U13/><E39/><V86/><F75/><W24/><G74/><T114/><D121/><U133/><E105/><V70/><F129/><W123/><G64/><T33/><D33/><U65/><E35/><V89/><F102/><W97/><G84/><T40/><D29/><U118/><E65/><V79/><F79/><N who="0" m="30282" /><D72/><U115/><E58/><V128/><F41/><W94/><G94/><T61/><D131/><U56/><E56/><V134/><F134/><W12/><G12/><T49/><D114/><U117/><E130/><V88/><F23/><W95/><G95/><T116/><D126/><N who="1" m="48139" /><E115/><V66/><F108/><N who="1" m="41513" /><E83/><V67/><F70/><W101/><G109/><T28/><D28/><U14/><E90/><V63/><F67/><W36/><G101/><T30/><D30/><U93/><E93/><V31/><F128/><W119/><G36/><T37/><D116/><N who="1" m="44651" /><E133/><V25/><F31/><W91/><G91/><T78/><D37/><U7/><E7/><N who="0" m="2601" /><D78/><U104/><E104/><V43/><F89/><W82/><G119/><T96/><D96/><U59/><E59/><N who="2" m="33215" /><F88/><W1/><G132/><T120/><D57/><U9/><AGARI ba="0,0" hai="9,13,14,15,19" m="44651,41513,48139" machi="9" ten="40,5200,0" yaku="18,1,34,2" doraHai="3" who="1" fromWho="1" sc="242,-13,197,52,214,-26,347,-13" /><INIT seed="7,0,0,4,4,84" ten="229,249,188,334" oya="3" hai0="131,31,10,42,129,6,104,14,50,1,72,39,77" hai1="55,132,24,32,69,30,36,48,59,8,65,38,47" hai2="130,23,123,121,60,44,66,91,22,88,15,75,85" hai3="111,5,83,53,122,95,97,52,93,29,16,80,74"/><W114/><G74/><T115/><D104/><U89/><E132/><V17/><F75/><W125/><G5/><T62/><D115/><U82/><E69/><V79/><F130/><N who="0" m="49674" /><D31/><U40/><E65/><V96/><F96/><W107/><G29/><T61/><D50/><U45/><E8/><V64/><F79/><W58/><G107/><T98/><D14/><U109/><E109/><V13/><F85/><W113/><G122/><N who="2" m="46601" /><F44/><W78/><G78/><T51/><D51/><U0/><E0/><V43/><F43/><W134/><G111/><T4/><D4/><U100/><E100/><V67/><F60/><W126/><G16/><AGARI ba="0,0" hai="13,15,16,17,22,23,64,66,67,88,91" m="46601" machi="16" ten="30,8000,1" yaku="13,1,52,2,54,2" doraHai="84" who="2" fromWho="3" sc="229,0,249,0,188,80,334,-80" /><INIT seed="8,0,0,4,4,112" ten="229,249,268,254" oya="0" hai0="135,57,95,62,76,102,38,84,48,123,122,24,64" hai1="10,107,5,79,15,7,73,53,59,68,126,89,25" hai2="58,19,52,97,1,90,128,118,78,22,35,67,87" hai3="127,61,18,46,2,55,31,124,29,26,66,108,65"/><T28/><D135/><U86/><E68/><V131/><F35/><W14/><G2/><T69/><D38/><U23/><E126/><N who="3" m="48170" /><G108/><T100/><D69/><U43/><E107/><V8/><F78/><W50/><G61/><T47/><D123/><U116/><E116/><V101/><F67/><N who="3" m="25611" /><G26/><T54/><D122/><U93/><E43/><V36/><F36/><W33/><G33/><T63/><D63/><N who="1" m="36335" /><E79/><V114/><F114/><W75/><G75/><T125/><D125/><U40/><E40/><V37/><F37/><W41/><G41/><T13/><D13/><U110/><E73/><V96/><F8/><AGARI ba="0,0" hai="8,14,18,29,31,46,50,55" m="25611,48170" machi="8" ten="30,1000,0" yaku="18,1" doraHai="112" who="3" fromWho="2" sc="229,0,249,0,268,-10,254,10" /><INIT seed="9,0,0,4,3,134" ten="229,249,258,264" oya="1" hai0="103,66,130,14,87,89,35,94,116,36,19,3,129" hai1="124,50,21,22,112,7,16,78,90,126,38,0,2" hai2="25,62,39,1,135,101,46,12,125,119,20,85,63" hai3="56,30,41,110,68,117,113,59,10,121,54,128,106"/><U57/><E38/><V114/><F1/><W44/><G113/><T122/><D116/><U96/><E112/><V131/><F114/><W11/><G106/><T127/><D122/><U64/><E78/><V29/><F135/><W58/><G30/><T95/><D35/><U52/><E64/><V15/><F131/><N who="0" m="50186" /><D36/><U42/><E42/><V40/><F119/><W109/><G68/><T80/><D3/><U8/><E0/><V53/><F101/><W49/><G121/><T73/><D66/><U70/><E70/><V76/><F63/><W28/><G28/><T4/><D4/><U74/><E74/><V32/><F32/><W23/><G117/><T77/><D103/><U71/><E71/><V60/><F60/><W65/><G23/><N who="0" m="11767" /><D94/><N who="1" m="56407" /><E16/><V120/><F120/><W47/><G65/><T17/><D17/><U33/><E33/><V75/><F39/><W26/><G128/><T67/><D67/><U48/><E48/><V82/><F62/><W92/><G26/><T111/><D111/><U18/><E18/><V91/><F25/><W9/><G110/><T115/><D115/><U108/><E108/><V6/><F29/><W107/><G109/><T24/><D24/><U83/><E83/><V5/><F5/><W93/><G107/><T45/><D45/><U43/><E43/><V27/><F40/><W104/><G104/><T88/><D89/><U31/><E31/><V99/><F6/><W97/><G97/><T84/><D73/><U86/><E86/><V105/><F75/><W55/><G41/><T37/><D37/><U34/><E34/><V51/><F99/><RYUUKYOKU ba="0,0" sc="229,10,249,10,258,-30,264,10" hai0="77,80,84,87,88,95,127" hai1="2,7,8,21,22,50,52,57,124,126" hai3="9,10,11,44,47,49,54,55,56,58,59,92,93" /><INIT seed="9,1,0,1,0,57" ten="239,259,228,274" oya="1" hai0="67,38,30,11,60,99,68,51,15,56,33,18,2" hai1="35,104,81,74,116,78,58,85,49,93,69,61,54" hai2="88,13,112,21,82,97,95,107,121,71,131,70,106" hai3="66,31,24,36,132,126,118,53,115,52,1,129,102"/><U84/><E116/><V39/><F121/><W28/><G1/><T96/><D38/><U89/><E35/><V42/><F131/><W119/><G36/><T125/><D125/><U25/><E104/><V76/><F112/><W26/><G115/><T92/><D2/><U113/><E113/><V133/><F133/><W29/><G126/><T94/><D33/><U72/><REACH who="1" step="1"/><E25/><REACH who="1" ten="239,249,228,274" step="2"/><V6/><F107/><W20/><G26/><T5/><D30/><U80/><E80/><V134/><F106/><W108/><G31/><T17/><D94/><U111/><E111/><V98/><F134/><W59/><G29/><T77/><D92/><U63/><E63/><V101/><F82/><W32/><G108/><T43/><D60/><U40/><E40/><V12/><F42/><W90/><G32/><T46/><D43/><U64/><AGARI ba="1,1" hai="49,54,58,61,64,69,72,74,78,81,84,85,89,93" machi="64" ten="30,11700,0" yaku="1,1,0,1,52,1,53,1" doraHai="57" doraHaiUra="86" who="1" fromWho="1" sc="239,-40,249,130,228,-40,274,-40" owari="199,-20.0,379,48.0,188,-31.0,234,3.0" /></mjloggm>