<mjloggm ver="2.3"><GO type="169" lobby="0"/><UN n0="%E3%82%AA%E3%82%AB%E3%83%AB%E3%83%88%E4%B8%80%E8%89%B2" n1="%E3%83%97%E3%83%AD%E3%83%86%E3%82%A4%E3%83%B3%E5%BE%97%E7%9B%9B" n2="%EF%BC%A0%E6%A1%9C%E4%BA%95%EF%BC%A0" n3="%E5%93%B2%E5%AD%A6%E3%81%99%E3%82%8B%E9%BA%BB%E9%9B%80" dan="17,17,17,16" rate="2203.24,2261.05,2193.65,2080.60" sx="M,M,M,M"/><TAIKYOKU oya="0"/><INIT seed="0,0,0,5,5,32" ten="250,250,250,250" oya="0" hai0="0,68,10,50,47,114,134,35,18,56,123,41,112" hai1="6,60,40,62,106,46,38,4,34,133,129,95,61" hai2="33,49,101,80,7,88,27,73,44,52,96,81,87" hai3="74,15,107,93,119,9,11,43,31,116,24,99,1"/><T110/><D123/><U84/><E106/><V28/><F7/><W8/><G107/><T91/><D35/><U22/><E34/><V57/><F73/><W36/><G74/><T39/><D134/><U92/><E133/><V69/><F69/><W100/><G15/><T23/><D68/><U64/><E64/><V48/><F80/><W51/><G36/><T53/><D110/><U25/><E129/><V70/><F70/><W113/><G113/><T122/><D122/><U89/><REACH who="1" step="1"/><E92/><REACH who="1" ten="250,240,250,250" step="2"/><V2/><F2/><W72/><G1/><T29/><D29/><AGARI ba="0,1" hai="4,6,22,25,29,38,40,46,60,61,62,84,89,95" machi="29" ten="40,2600,0" yaku="1,1,2,1,53,0" doraHai="32" doraHaiUra="131" who="1" fromWho="0" sc="250,-26,240,36,250,0,250,0" /><INIT seed="1,0,0,3,1,105" ten="224,276,250,250" oya="1" hai0="117,106,46,112,125,5,75,48,72,36,110,23,94" hai1="60,1,38,27,91,58,0,121,92,19,52,53,102" hai2="73,76,109,122,55,4,59,14,123,8,26,134,129" hai3="80,118,89,71,51,99,68,104,87,28,10,74,34"/><U41/><E121/><V78/><F109/><W22/><G34/><T45/><D106/><U93/><E102/><V70/><F70/><W37/><G37/><T100/><D112/><U116/><E116/><V88/><F134/><W2/><G118/><T131/><D117/><U11/><E93/><V84/><F129/><W90/><G28/><T20/><D110/><U62/><E38/><V9/><F123/><W12/><G2/><T103/><D5/><U32/><E41/><V15/><F26/><W25/><G51/><T35/><D35/><U86/><E11/><V81/><F73/><W101/><G89/><T83/><D83/><U57/><REACH who="1" step="1"/><E19/><REACH who="1" ten="224,266,250,250" step="2"/><N who="2" m="8647" /><F122/><W66/><G101/><T119/><D119/><U56/><E56/><V54/><F54/><W95/><G104/><T7/><D36/><U47/><E47/><V31/><F31/><AGARI ba="0,1" hai="0,1,27,31,32,52,53,57,58,60,62,86,91,92" machi="31" ten="40,12000,1" yaku="1,1,9,1,54,1,53,1" doraHai="105" doraHaiUra="29" who="1" fromWho="2" sc="224,0,266,130,250,-120,250,0" /><INIT seed="1,1,0,1,3,2" ten="224,396,130,250" oya="1" hai0="105,22,50,98,18,7,49,89,30,116,38,41,119" hai1="87,21,46,8,68,32,101,43,73,121,114,82,94" hai2="103,127,72,1,78,69,129,86,25,100,110,133,115" hai3="126,12,120,130,84,31,45,6,79,123,34,92,62"/><U135/><E32/><V40/><F40/><W51/><G130/><T64/><D38/><U57/><E68/><V96/><F25/><W97/><G126/><T109/><D109/><U42/><E121/><V28/><F28/><W61/><G34/><T52/><D64/><U131/><E73/><V74/><F1/><W108/><G31/><T70/><D70/><U3/><E114/><V48/><F48/><W91/><G108/><T0/><D30/><U13/><E3/><V90/><F69/><W14/><G120/><T113/><D49/><U35/><E35/><V24/><F24/><W44/><G123/><T88/><D41/><U122/><E21/><V99/><F110/><W11/><G12/><T112/><D105/><U5/><E135/><V80/><F129/><W85/><G45/><T56/><D112/><U93/><E131/><V111/><F111/><W33/><G33/><T118/><D113/><U16/><E43/><V59/><F59/><W125/><G125/><T75/><D75/><N who="2" m="28714" /><F115/><W53/><REACH who="3" step="1"/><G79/><REACH who="3" ten="224,396,130,240" step="2"/><T124/><D124/><U104/><E122/><V102/><F127/><W19/><G19/><T132/><D132/><U60/><E16/><V26/><F26/><W55/><G55/><T4/><D0/><U107/><E46/><V36/><F133/><W63/><AGARI ba="1,1" hai="6,11,14,44,51,53,61,62,63,84,85,91,92,97" machi="63" ten="30,7900,0" yaku="1,1,0,1,8,1,52,1,53,0" doraHai="2" doraHaiUra="29" who="3" fromWho="3" sc="224,-21,396,-40,130,-21,240,92" /><INIT seed="2,0,0,1,4,15" ten="203,356,109,332" oya="2" hai0="107,0,85,46,35,21,22,30,20,105,54,44,9" hai1="49,8,86,36,113,70,78,127,99,122,37,112,26" hai2="94,88,135,48,12,92,118,84,128,68,6,133,64" hai3="63,1,69,89,11,52,90,106,16,74,59,91,81"/><V123/><F123/><W76/><G106/><T132/><D132/><N who="2" m="50762" /><F118/><W103/><G103/><T108/><D108/><U100/><E70/><V82/><F128/><W4/><G69/><T93/><D35/><U10/><E122/><V56/><F68/><W40/><G40/><T47/><D30/><U115/><E127/><V102/><F102/><W3/><REACH who="3" step="1"/><G4/><REACH who="3" ten="203,356,109,322" step="2"/><T117/><D105/><U39/><E100/><V101/><F101/><W109/><G109/><T5/><D107/><U120/><E120/><V66/><F66/><W25/><G25/><T2/><D117/><U57/><E26/><V98/><F98/><W14/><AGARI ba="0,1" hai="1,3,11,14,16,52,59,63,74,76,81,89,90,91" machi="14" ten="30,12000,2" yaku="1,1,0,1,52,1,54,2,53,1" doraHai="15" doraHaiUra="55" who="3" fromWho="3" sc="203,-30,356,-30,109,-60,322,130" /><INIT seed="3,0,0,0,1,93" ten="173,326,49,452" oya="3" hai0="55,118,48,105,127,51,85,121,102,116,22,5,60" hai1="62,100,46,123,33,32,69,133,97,79,24,18,103" hai2="61,119,35,16,4,37,115,98,72,59,96,76,124" hai3="11,91,110,84,74,38,7,131,65,126,129,36,26"/><W135/><G74/><T25/><D121/><U122/><E103/><V71/><F119/><W109/><G135/><T75/><D75/><U30/><E133/><V6/><F115/><W23/><G65/><T13/><D127/><U8/><E33/><V0/><F37/><N who="3" m="14443" /><G126/><T73/><D73/><U41/><E79/><V63/><F35/><W21/><G84/><T83/><D60/><U117/><E117/><V64/><F124/><W106/><G106/><T19/><D51/><U57/><E18/><V113/><F113/><W12/><G91/><T56/><D5/><U34/><E8/><V31/><F31/><N who="3" m="17871" /><G23/><T95/><D105/><N who="1" m="63631" /><E57/><N who="2" m="36911" /><F0/><W53/><G53/><T9/><D9/><U50/><E32/><V101/><F71/><W104/><G104/><T42/><D42/><U99/><E99/><N who="2" m="37931" /><F72/><W10/><G10/><T82/><D118/><U67/><AGARI ba="0,0" hai="24,30,34,41,46,50,62,67,69,122,123" m="63631" machi="67" ten="30,2000,0" yaku="25,1,52,1" doraHai="93" who="1" fromWho="1" sc="173,-5,326,20,49,-5,452,-10" /><INIT seed="4,0,0,2,2,102" ten="168,346,44,442" oya="0" hai0="82,100,66,83,104,89,122,6,8,113,114,101,9" hai1="129,38,111,99,127,29,120,117,12,46,130,56,14" hai2="57,98,34,87,33,36,72,45,85,26,25,64,81" hai3="44,42,10,107,17,16,119,128,55,60,126,69,11"/><T23/><D122/><U3/><E3/><V43/><F72/><W92/><G107/><T30/><D66/><U74/><E120/><V51/><F98/><W94/><G119/><T73/><D73/><U76/><E117/><V96/><F96/><W2/><G128/><T1/><D9/><N who="3" m="3081" /><G2/><T91/><D30/><U19/><E29/><V52/><F64/><W28/><G69/><T108/><D108/><U123/><E123/><V84/><REACH who="2" step="1"/><F81/><REACH who="2" ten="168,346,34,442" step="2"/><W106/><G126/><T118/><D82/><U109/><E127/><V115/><F115/><W134/><G134/><T37/><D83/><U90/><E74/><V41/><F41/><W68/><G42/><T116/><D113/><U15/><E111/><V79/><F79/><W18/><G55/><T48/><D114/><U21/><E76/><V35/><AGARI ba="0,1" hai="25,26,33,34,35,36,43,45,51,52,57,84,85,87" machi="35" ten="40,5200,0" yaku="1,1,0,1,54,1,53,0" doraHai="102" doraHaiUra="105" who="2" fromWho="2" sc="168,-26,346,-13,34,62,442,-13" /><INIT seed="5,0,0,1,5,25" ten="142,333,96,429" oya="1" hai0="28,31,2,98,20,14,131,111,119,81,74,4,135" hai1="122,110,123,16,51,10,132,30,56,32,85,19,108" hai2="50,130,0,82,9,22,62,7,133,52,96,76,124" hai3="37,97,118,5,134,72,129,46,59,83,93,33,79"/><U103/><E103/><V8/><F124/><W34/><G129/><T120/><D111/><N who="1" m="42539" /><E132/><V24/><F130/><W21/><G134/><T48/><D131/><U60/><E51/><V115/><F133/><W116/><G5/><T38/><D135/><U35/><E85/><V101/><F115/><W127/><G127/><T44/><D119/><N who="3" m="45609" /><G59/><T107/><D120/><N who="1" m="46123" /><E10/><V6/><F62/><W29/><G37/><T70/><D48/><U36/><E36/><V92/><F82/><W121/><G121/><T109/><D107/><U112/><E112/><V13/><F76/><W99/><G46/><T87/><D87/><U64/><E35/><N who="3" m="13322" /><G93/><T18/><D44/><U77/><E77/><V26/><REACH who="2" step="1"/><F22/><REACH who="2" ten="142,333,86,429" step="2"/><W95/><G21/><T80/><D20/><U43/><E43/><V84/><F84/><W91/><G99/><T86/><D98/><U15/><E15/><V90/><F90/><W66/><G66/><T100/><D14/><U78/><E78/><V94/><F94/><W106/><G106/><T54/><D86/><U12/><E12/><V128/><F128/><W61/><G61/><T17/><D109/><U53/><E64/><V41/><F41/><W89/><G91/><T113/><D113/><U57/><E57/><AGARI ba="0,1" hai="0,6,7,8,9,13,24,26,50,52,57,92,96,101" machi="57" ten="30,3900,0" yaku="1,1,7,1,54,1,53,0" doraHai="25" doraHaiUra="104" who="2" fromWho="1" sc="142,0,333,-39,86,49,429,0" /><INIT seed="6,0,0,2,5,14" ten="142,294,135,429" oya="2" hai0="118,88,6,99,43,52,2,73,5,26,102,119,67" hai1="79,91,103,85,12,78,45,71,19,9,36,59,112" hai2="86,120,94,66,69,77,90,30,18,42,101,37,96" hai3="60,92,0,111,58,20,48,4,54,47,100,17,105"/><V33/><F120/><W72/><G72/><T22/><D73/><U56/><E71/><V34/><F30/><W8/><G105/><T35/><D35/><U41/><E103/><V130/><F130/><W134/><G134/><T98/><D67/><U55/><E112/><V46/><F77/><W116/><G116/><N who="0" m="44587" /><D43/><U133/><E133/><V51/><F51/><W28/><G28/><N who="0" m="17495" /><D2/><U135/><E135/><V68/><F68/><W62/><G111/><T44/><D44/><U107/><E107/><V93/><REACH who="2" step="1"/><F18/><REACH who="2" ten="142,294,125,429" step="2"/><W89/><G48/><T108/><D108/><U131/><E131/><V27/><F27/><W95/><G17/><T117/><D117/><U53/><E79/><V80/><F80/><W87/><G60/><AGARI ba="0,1" hai="33,34,37,42,46,60,66,69,86,90,93,94,96,101" machi="60" ten="40,3900,0" yaku="1,1,53,1" doraHai="14" doraHaiUra="57" who="2" fromWho="3" sc="142,0,294,0,125,49,429,-39" /><INIT seed="6,1,0,4,0,39" ten="142,294,174,390" oya="2" hai0="60,42,132,36,74,35,75,12,80,68,11,110,64" hai1="53,94,122,52,62,86,5,108,76,14,59,98,66" hai2="126,101,47,2,95,92,82,85,31,61,56,83,67" hai3="123,69,58,21,71,18,107,17,77,1,87,124,41"/><V16/><F2/><W22/><G1/><T3/><D110/><U65/><E108/><V7/><F126/><W20/><G107/><T88/><D132/><U120/><E66/><V37/><F7/><W55/><G123/><N who="1" m="47146" /><E76/><V81/><F31/><W135/><G135/><T102/><D102/><N who="1" m="60759" /><E86/><V24/><F101/><W119/><G119/><T13/><D35/><U125/><E125/><V27/><F85/><W116/><G116/><T79/><D75/><U23/><E23/><V128/><F128/><W33/><G33/><T129/><D129/><U40/><E40/><V130/><F130/><W10/><G124/><T8/><D88/><U100/><E100/><V9/><F95/><W89/><G77/><T57/><D68/><U103/><E103/><V109/><F92/><N who="3" m="54335" /><G71/><T118/><D118/><U46/><E46/><V51/><F37/><W113/><G69/><T50/><D36/><U134/><E134/><V114/><F109/><W15/><G113/><T0/><D11/><AGARI ba="1,0" hai="5,11,14,52,53,59,62,65" m="60759,47146" machi="11" ten="30,2000,0" yaku="13,1,54,1" doraHai="39" who="1" fromWho="0" sc="142,-23,294,23,174,0,390,0" /><INIT seed="7,0,0,4,0,109" ten="119,317,174,390" oya="3" hai0="98,96,43,126,61,103,74,92,45,86,13,110,34" hai1="117,35,63,57,78,26,88,84,24,76,8,129,27" hai2="31,125,22,107,120,127,64,118,46,94,20,39,18" hai3="121,104,115,93,113,114,62,30,59,90,65,75,3"/><W130/><G121/><T123/><D110/><U44/><E129/><V33/><F107/><W10/><G104/><T131/><D126/><N who="2" m="48138" /><F120/><W36/><G130/><T97/><D131/><U132/><E35/><V14/><F118/><W95/><G75/><T9/><D123/><U41/><E132/><V38/><F64/><W7/><G36/><N who="2" m="13865" /><F46/><W119/><G119/><T100/><D34/><U28/><E28/><V79/><F79/><W19/><G30/><T67/><D74/><U106/><E106/><V71/><F71/><W122/><G122/><T15/><D86/><U58/><E117/><V116/><F116/><W134/><G134/><T72/><D72/><U60/><E8/><N who="2" m="6471" /><F94/><N who="3" m="35851" /><G90/><T54/><D54/><U23/><E23/><V112/><F112/><W69/><G19/><T124/><D124/><U66/><E44/><V111/><F111/><W25/><G25/><AGARI ba="0,0" hai="20,22,25,31,33" m="6471,13865,48138" machi="25" ten="30,1000,0" yaku="18,1" doraHai="109" who="2" fromWho="3" sc="119,0,317,0,174,10,390,-10" owari="119,-38.0,317,12.0,184,-22.0,380,48.0" /></mjloggm>