<mjloggm ver="2.3"><GO type="169" lobby="0"/><UN n0="%E3%81%BF%E3%83%BC%E3%81%94%E3%81%BE" n1="%E4%B8%89%E5%B3%B6%E5%85%AB%E9%9B%B2" n2="%E6%B2%96%E3%83%92%E3%82%AB%E3%83%AB%EF%BC%88%E6%9C%AC%E7%89%A9%EF%BC%89" n3="%E3%81%AC%E3%81%8F%E3%82%82%E3%82%8A" dan="17,16,16,17" rate="2155.59,2222.18,2069.19,2150.73" sx="M,M,F,M"/><TAIKYOKU oya="0"/><INIT seed="0,0,0,3,4,73" ten="250,250,250,250" oya="0" hai0="17,111,0,75,48,129,14,2,55,134,84,13,81" hai1="4,6,100,77,79,131,82,3,122,53,110,26,8" hai2="56,72,90,46,52,9,11,37,74,25,66,7,59" hai3="109,83,35,103,47,78,98,106,130,15,68,63,80"/><T86/><D134/><U70/><E122/><V19/><F66/><W61/><G109/><T112/><D112/><U50/><E70/><V23/><F59/><W116/><G116/><T71/><D71/><U18/><E110/><V87/><F11/><W102/><G130/><T135/><D111/><U39/><E39/><V65/><F65/><W31/><G103/><T117/><D117/><U42/><E42/><V93/><F46/><W124/><G124/><T99/><D129/><U58/><E131/><V92/><F93/><W57/><G47/><T121/><D121/><U114/><E114/><V45/><F45/><W5/><G80/><T132/><D75/><U69/><E69/><V101/><F101/><W76/><G83/><T115/><D99/><U12/><E100/><V67/><F67/><N who="3" m="41087" /><G15/><T40/><D40/><U107/><E107/><V127/><F37/><W51/><G51/><T36/><D36/><U133/><E133/><N who="0" m="51273" /><D14/><U88/><E26/><V118/><F118/><W85/><G85/><N who="0" m="32875" /><D81/><U104/><E104/><V33/><F127/><W123/><G123/><T96/><D96/><U126/><E126/><V41/><F41/><W95/><G95/><T34/><D34/><U32/><E32/><V10/><F33/><W49/><G106/><T113/><D113/><U94/><E82/><V30/><F72/><W21/><G35/><T64/><D115/><U108/><E108/><V29/><F74/><W27/><G5/><N who="1" m="2154" /><E3/><N who="2" m="255" /><F10/><W24/><G102/><T119/><D119/><U16/><E18/><V97/><F97/><AGARI ba="0,0" hai="8,12,16,50,53,58,77,79,88,94,97" m="2154" machi="97" ten="30,8000,1" yaku="8,1,52,2,54,2" doraHai="73" who="1" fromWho="2" sc="250,0,250,80,250,-80,250,0" /><INIT seed="1,0,0,2,4,16" ten="250,330,170,250" oya="1" hai0="9,33,118,94,88,133,83,81,84,29,104,2,56" hai1="108,126,122,92,41,11,124,98,32,44,125,30,134" hai2="70,21,4,19,65,78,97,57,77,38,52,66,54" hai3="14,101,50,45,22,60,87,132,53,75,55,40,43"/><U95/><E122/><V39/><F4/><W5/><G75/><T82/><D118/><U59/><E134/><V80/><F97/><W110/><G132/><T51/><D104/><U100/><E108/><V102/><F102/><W113/><G113/><T106/><D106/><U47/><E11/><V68/><F78/><W6/><G110/><T127/><D133/><U91/><E59/><V62/><F80/><W116/><G116/><T135/><D135/><U26/><REACH who="1" step="1"/><E41/><REACH who="1" ten="250,320,170,250" step="2"/><V20/><F70/><W36/><G43/><T86/><D9/><U46/><E46/><V89/><F68/><W12/><G40/><T76/><D56/><U96/><AGARI ba="0,1" hai="26,30,32,44,47,91,92,95,96,98,100,124,125,126" machi="96" ten="40,7800,0" yaku="1,1,0,1,18,1,53,0" doraHai="16" doraHaiUra="61" who="1" fromWho="1" sc="250,-26,320,88,170,-26,250,-26" /><INIT seed="1,1,0,1,4,103" ten="224,408,144,224" oya="1" hai0="22,54,70,99,61,31,126,135,0,82,59,113,38" hai1="123,55,65,23,64,35,40,109,43,90,57,86,68" hai2="85,41,112,25,95,30,7,10,89,102,77,63,72" hai3="9,96,84,47,101,34,15,122,105,111,94,18,130"/><U36/><E35/><V44/><F112/><W71/><G122/><T106/><D113/><U4/><E123/><V66/><F102/><W20/><G34/><T128/><D0/><U8/><E109/><V92/><F92/><W119/><G111/><T124/><D38/><U127/><E127/><N who="0" m="48681" /><D128/><U104/><E23/><V129/><F129/><W134/><G130/><T69/><D135/><U56/><E68/><N who="0" m="26217" /><D82/><U26/><E26/><V16/><F72/><W100/><G134/><T115/><D115/><U125/><E125/><V132/><F77/><W13/><G71/><T11/><D11/><U91/><E36/><V107/><F132/><W80/><G119/><T93/><D31/><U49/><E8/><V79/><F79/><W83/><G47/><T48/><D22/><U28/><E28/><V117/><F63/><W133/><G133/><T114/><D106/><U17/><E17/><V33/><F66/><W120/><G120/><T76/><D76/><U51/><E4/><V116/><F107/><W81/><G100/><N who="0" m="60527" /><D114/><U21/><E21/><V6/><F6/><N who="3" m="3255" /><G105/><T39/><D39/><U5/><E5/><V74/><F74/><W50/><G50/><AGARI ba="1,0" hai="48,50,54,59,61" m="60527,26217,48681" machi="50" ten="30,1000,0" yaku="18,1" doraHai="103" who="0" fromWho="3" sc="224,13,408,0,144,0,224,-13" /><INIT seed="2,0,0,1,2,88" ten="237,408,144,211" oya="2" hai0="133,77,49,66,126,111,128,50,129,48,62,89,37" hai1="24,57,98,82,99,59,13,9,112,106,116,109,60" hai2="45,42,96,11,6,20,0,127,27,72,120,52,110" hai3="58,102,117,115,80,132,22,74,21,81,16,46,47"/><V87/><F120/><W104/><G117/><T55/><D111/><U56/><E116/><V79/><F110/><W67/><G132/><T86/><D37/><U113/><E109/><V135/><F135/><W130/><G130/><N who="0" m="50283" /><D77/><U131/><E131/><V83/><F127/><W36/><G115/><T43/><D43/><U94/><E60/><V44/><F96/><W10/><G104/><T7/><D7/><U64/><E64/><V31/><F87/><W76/><G102/><T123/><D123/><U125/><E82/><V95/><F95/><W12/><G80/><N who="0" m="49351" /><D126/><U75/><E75/><V65/><F65/><W103/><G103/><T14/><D14/><U5/><E125/><V124/><F124/><W71/><G71/><N who="0" m="42455" /><D133/><U39/><E39/><V53/><F45/><AGARI ba="0,0" hai="45,48,49,50,55" m="42455,49351,50283" machi="45" ten="30,1000,0" yaku="19,1" doraHai="88" who="0" fromWho="2" sc="237,10,408,0,144,-10,211,0" /><INIT seed="3,0,0,2,0,63" ten="247,408,134,211" oya="3" hai0="123,52,104,57,7,54,64,59,132,55,45,31,28" hai1="98,44,11,56,126,79,122,73,27,47,99,128,42" hai2="70,48,32,88,41,113,115,58,8,29,62,71,0" hai3="93,10,22,121,125,82,17,109,16,110,25,66,87"/><W89/><G121/><T49/><D104/><U100/><E122/><V112/><F32/><W102/><G125/><T13/><D123/><U124/><E128/><V77/><F29/><N who="0" m="11338" /><D132/><U5/><E27/><V36/><F77/><W24/><G102/><T37/><D37/><U134/><E134/><V90/><F8/><W9/><G66/><T30/><N who="0" m="11346" /><T50/><DORA hai="34" /><D64/><U21/><E21/><V67/><F0/><W40/><G40/><N who="0" m="24743" /><D50/><U92/><E56/><V3/><F3/><W14/><G25/><T53/><N who="0" m="13312" /><DORA hai="15" /><T39/><D39/><U83/><E47/><V85/><F36/><W120/><G120/><T101/><D101/><U4/><E44/><V2/><F2/><W38/><G38/><T135/><D135/><U68/><E68/><V12/><F41/><W116/><G116/><T105/><D105/><U76/><E42/><V97/><F48/><W94/><REACH who="3" step="1"/><G9/><AGARI ba="0,0" hai="7,9,13,57,59" m="13312,24743,11346" machi="9" ten="50,3200,0" yaku="8,1,54,1" doraHai="63,34,15" who="0" fromWho="3" sc="247,32,408,0,134,0,211,-32" /><INIT seed="4,0,0,3,3,106" ten="279,408,134,179" oya="0" hai0="48,0,84,7,104,83,62,77,101,67,82,69,61" hai1="70,110,54,91,11,28,81,111,99,24,86,135,71" hai2="125,22,123,37,13,78,43,66,46,23,6,20,14" hai3="10,32,105,53,117,18,74,128,60,115,59,73,80"/><T85/><D104/><U41/><E135/><V34/><F123/><W52/><G117/><T30/><D101/><U2/><E41/><V121/><F121/><W33/><G105/><T21/><D48/><U8/><E71/><V133/><F34/><W15/><G115/><T75/><D61/><U131/><E70/><V112/><F133/><W4/><G128/><T29/><D21/><U130/><E54/><V9/><F66/><W38/><G38/><T68/><D68/><U96/><E96/><V58/><F58/><W103/><G103/><T126/><D126/><U47/><E47/><V122/><F125/><W64/><G80/><T57/><D69/><U109/><E99/><V97/><F112/><W79/><G79/><T92/><D92/><U5/><REACH who="1" step="1"/><E11/><REACH who="1" ten="279,398,134,179" step="2"/><V90/><F122/><W51/><G53/><T12/><D57/><U100/><E100/><V1/><REACH who="2" step="1"/><F78/><REACH who="2" ten="279,398,124,179" step="2"/><W116/><G116/><T40/><D77/><U76/><E76/><V95/><AGARI ba="0,2" hai="1,6,9,13,14,20,22,23,37,43,46,90,95,97" machi="95" ten="30,4000,0" yaku="1,1,2,1,0,1,53,0" doraHai="106" doraHaiUra="107" who="2" fromWho="2" sc="279,-20,398,-10,124,60,179,-10" /><INIT seed="5,0,0,0,3,3" ten="259,388,184,169" oya="1" hai0="119,132,37,121,19,45,20,86,80,122,113,35,128" hai1="51,67,112,68,118,116,32,12,101,53,82,58,125" hai2="126,55,16,14,11,18,90,104,28,7,76,78,124" hai3="107,74,10,62,95,115,84,48,44,57,54,43,73"/><U117/><E32/><V5/><F104/><W26/><G107/><T103/><D119/><U47/><E101/><V27/><F90/><W60/><G115/><T2/><D35/><U64/><E82/><V77/><F18/><W9/><G26/><T81/><D113/><U4/><E112/><V34/><REACH who="2" step="1"/><F55/><REACH who="2" ten="259,388,174,169" step="2"/><W30/><G30/><T99/><D122/><U21/><E53/><V89/><F89/><N who="3" m="53671" /><G74/><T85/><D121/><U91/><E91/><V130/><F130/><W56/><G73/><T39/><D128/><U22/><E116/><V93/><F93/><W23/><G23/><T6/><D20/><U1/><E22/><V70/><F70/><W65/><AGARI ba="0,1" hai="9,10,43,44,48,54,56,57,60,62,65" m="53671" machi="65" ten="30,1100,0" yaku="8,1" doraHai="3" who="3" fromWho="3" sc="259,-3,388,-5,174,-3,169,21" /><INIT seed="6,0,0,0,0,128" ten="256,383,171,190" oya="2" hai0="34,60,21,19,97,25,121,4,40,86,111,131,57" hai1="59,116,123,30,72,61,50,15,75,68,38,48,81" hai2="5,3,84,132,93,66,31,7,17,53,8,122,23" hai3="56,133,107,96,24,109,49,106,89,73,35,16,104"/><V43/><F122/><W126/><G109/><T37/><D121/><U76/><E123/><V117/><F117/><W12/><G126/><T95/><D111/><U82/><E116/><V135/><F31/><W2/><G2/><T85/><D131/><U9/><E68/><V28/><F28/><W91/><G73/><T69/><D34/><U125/><E38/><V79/><F7/><W47/><G133/><N who="2" m="51273" /><F66/><W46/><G35/><T44/><D69/><U105/><E30/><V0/><F43/><W80/><G24/><T36/><D4/><U26/><E125/><V29/><F29/><W118/><G118/><T20/><D20/><U87/><E26/><N who="2" m="14703" /><F53/><W134/><G134/><T71/><D40/><U65/><E65/><V10/><F79/><W99/><G56/><T11/><D57/><U14/><E59/><V127/><F127/><W94/><G49/><T130/><D71/><U42/><E50/><V55/><F55/><W54/><G54/><T114/><D36/><U32/><E48/><V100/><F100/><W13/><G47/><T90/><D44/><U92/><E76/><V39/><F39/><W1/><G46/><T108/><D37/><U115/><E42/><V6/><F93/><N who="3" m="56383" /><G1/><T113/><D108/><U63/><E92/><V27/><F27/><W22/><G13/><T78/><D25/><U103/><E103/><V58/><F58/><W18/><G18/><T119/><D95/><U74/><E15/><V45/><F45/><W98/><G80/><N who="0" m="47255" /><D119/><U77/><E14/><V67/><F67/><W129/><G129/><T112/><D130/><U101/><E77/><RYUUKYOKU ba="0,0" sc="256,-15,383,-15,171,15,190,15" hai2="0,3,5,6,8,10,84" hai3="12,16,22,89,94,98,99,104,106,107" /><INIT seed="6,1,0,3,2,132" ten="241,368,186,205" oya="2" hai0="13,20,96,130,22,88,105,25,73,80,34,0,32" hai1="124,30,52,93,38,118,55,127,77,121,113,11,110" hai2="78,103,37,91,107,23,74,72,18,71,83,26,115" hai3="101,45,99,86,33,126,123,49,90,102,125,46,117"/><V108/><F71/><W63/><G117/><T94/><D0/><U4/><E118/><V104/><F37/><W40/><G123/><T89/><D105/><U84/><E110/><V62/><F108/><W39/><G33/><T3/><D3/><U87/><E121/><V92/><F74/><W5/><G5/><T19/><D130/><U61/><E38/><V50/><F115/><W60/><G60/><T109/><D109/><U119/><E119/><V29/><F103/><W129/><G63/><T100/><D100/><U97/><E30/><V128/><F128/><W79/><G79/><T131/><D131/><U114/><E61/><V44/><F29/><W24/><G24/><T41/><D41/><U116/><E116/><V64/><F64/><W133/><G133/><T42/><D42/><U2/><E2/><V120/><F62/><W112/><G112/><N who="1" m="43114" /><E11/><V69/><F69/><W12/><G12/><T16/><REACH who="0" step="1"/><D89/><REACH who="0" ten="231,368,186,205" step="2"/><U8/><E77/><AGARI ba="1,1" hai="13,16,19,20,22,25,32,34,73,77,80,88,94,96" machi="77" ten="40,12000,2" yaku="1,1,2,1,54,2,53,2" doraHai="132" doraHaiUra="17" who="0" fromWho="1" sc="231,133,368,-123,186,0,205,0" /><INIT seed="7,0,0,1,5,105" ten="364,245,186,205" oya="3" hai0="43,51,16,106,77,114,75,79,128,135,134,19,45" hai1="76,89,121,40,65,68,71,117,100,42,29,2,15" hai2="50,66,9,129,54,34,36,6,49,69,26,21,87" hai3="59,46,131,23,101,73,44,63,102,116,119,99,78"/><W27/><G131/><T55/><D106/><U14/><E2/><V107/><F129/><W61/><G116/><T32/><D32/><U80/><E121/><V0/><F36/><W120/><G119/><T98/><D128/><U64/><E100/><V127/><F127/><W74/><G120/><T52/><D114/><U91/><E29/><V57/><F107/><W24/><G78/><N who="0" m="29707" /><D75/><U125/><E76/><V133/><F133/><N who="0" m="50698" /><D98/><U48/><E48/><V123/><F123/><W35/><G35/><T47/><D55/><U81/><E117/><V126/><F126/><AGARI ba="0,0" hai="14,15,40,42,64,65,68,71,80,81,89,91,125,126" machi="126" ten="25,1600,0" yaku="22,2" doraHai="105" who="1" fromWho="2" sc="364,0,245,16,186,-16,205,0" owari="364,46.0,261,6.0,170,-33.0,205,-19.0" /></mjloggm>