<mjloggm ver="2.3"><GO type="169" lobby="0"/><UN n0="%E3%81%BE%E3%81%99%E3%81%9E%E3%81%88" n1="%73%75%7A%75%6D%65%E3%81%AE%E6%B6%99" n2="%E8%8A%B1%E6%BE%A4%E3%83%91%E3%82%AF%E3%83%81%E3%83%BC" n3="%E8%8C%B6%E8%89%B2%E3%81%AE%E3%82%A2%E3%83%AC" dan="16,16,17,17" rate="2102.89,2049.26,2184.74,2172.42" sx="M,M,M,M"/><TAIKYOKU oya="0"/><INIT seed="0,0,0,0,3,62" ten="250,250,250,250" oya="0" hai0="38,24,16,31,33,132,114,1,50,48,13,37,21" hai1="11,51,56,87,41,27,43,36,8,53,82,5,14" hai2="128,117,55,79,58,25,103,135,81,116,46,80,131" hai3="92,124,109,73,59,26,7,42,76,70,106,90,64"/><T118/><D118/><N who="2" m="45674" /><F103/><W23/><G106/><T98/><D114/><U19/><E36/><V111/><F111/><W22/><G109/><T97/><D132/><U77/><REACH who="1" step="1"/><E27/><REACH who="1" ten="250,240,250,250" step="2"/><V3/><F25/><W84/><G26/><T133/><D133/><U10/><E10/><V60/><F135/><W44/><G124/><T105/><D1/><AGARI ba="0,1" hai="1,5,8,11,14,19,41,43,51,53,56,77,82,87" machi="1" ten="30,3900,0" yaku="1,1,7,1,53,1" doraHai="62" doraHaiUra="2" who="1" fromWho="0" sc="250,-39,240,49,250,0,250,0" /><INIT seed="1,0,0,3,5,19" ten="211,289,250,250" oya="1" hai0="86,38,43,132,59,29,65,118,80,91,26,20,126" hai1="71,124,120,7,5,54,49,67,64,77,116,4,15" hai2="76,105,18,82,102,70,88,57,79,37,108,24,75" hai3="41,63,32,22,135,13,44,31,107,122,99,35,25"/><U34/><E116/><V8/><F70/><W27/><G122/><T6/><D118/><U17/><E120/><V28/><F108/><W21/><G135/><T103/><D132/><U11/><E34/><V89/><F37/><W56/><G13/><T101/><D126/><U55/><E124/><V40/><F40/><W60/><G99/><T61/><REACH who="0" step="1"/><D6/><REACH who="0" ten="201,289,250,250" step="2"/><U109/><E109/><V98/><F76/><W130/><G130/><T14/><D14/><U85/><E71/><V3/><F57/><W119/><G119/><T30/><D30/><U95/><E54/><V36/><F36/><W127/><G127/><T39/><D39/><U0/><E0/><V125/><F125/><W113/><G113/><T47/><AGARI ba="0,1" hai="20,26,29,38,43,47,59,61,65,80,86,91,101,103" machi="47" ten="30,7900,0" yaku="1,1,0,1,52,1,53,1" doraHai="19" doraHaiUra="81" who="0" fromWho="0" sc="201,89,289,-39,250,-20,250,-20" /><INIT seed="2,0,0,0,5,91" ten="290,250,230,230" oya="2" hai0="0,45,69,110,55,44,11,94,19,13,31,129,90" hai1="30,24,95,92,103,37,40,118,16,41,80,112,87" hai2="26,70,34,9,14,28,8,130,113,33,77,57,85" hai3="52,122,106,83,53,121,134,93,73,72,127,4,21"/><V105/><F113/><W101/><G106/><T66/><D110/><U1/><E112/><V102/><F130/><W131/><G131/><T76/><D129/><U120/><E118/><V75/><F70/><W71/><G71/><T20/><D0/><U125/><E1/><V96/><F9/><W119/><G119/><T111/><D111/><U133/><E37/><V63/><F75/><W89/><G101/><T61/><D76/><U49/><E103/><V50/><F50/><W15/><G127/><T123/><D123/><U104/><E104/><V128/><F128/><W98/><G134/><T62/><D62/><U124/><E133/><V54/><F85/><W82/><G73/><T116/><D116/><U42/><E49/><V65/><F77/><W99/><G99/><T38/><D38/><U17/><E120/><V7/><REACH who="2" step="1"/><F65/><REACH who="2" ten="290,250,220,230" step="2"/><W3/><G72/><T22/><D11/><U56/><E124/><V86/><F86/><W2/><G122/><T117/><D117/><U78/><E125/><V36/><F36/><W79/><G121/><T132/><D132/><U51/><E51/><V39/><F39/><W5/><G79/><T107/><D66/><U115/><E115/><V46/><F46/><W74/><G74/><T114/><D69/><U25/><E56/><V81/><F81/><N who="3" m="30731" /><G3/><T100/><D114/><U48/><E48/><V35/><AGARI ba="0,1" hai="7,8,14,26,28,33,34,35,54,57,63,96,102,105" machi="35" ten="20,7800,0" yaku="1,1,0,1,7,1,53,1" doraHai="91" doraHaiUra="27" who="2" fromWho="2" sc="290,-26,250,-26,220,88,230,-26" /><INIT seed="2,1,0,1,0,45" ten="264,224,308,204" oya="2" hai0="116,14,109,51,123,125,25,18,46,62,1,10,39" hai1="67,29,75,54,42,2,94,132,84,100,104,131,83" hai2="59,43,30,92,47,0,99,52,53,76,27,16,22" hai3="87,90,64,101,11,114,69,50,115,134,40,93,3"/><V37/><F0/><W65/><G134/><T121/><D109/><U106/><E2/><V96/><F76/><W5/><G101/><T56/><D116/><U133/><E29/><V48/><F92/><W127/><G127/><T129/><D129/><U73/><E42/><V113/><F113/><N who="3" m="43019" /><G69/><T77/><D125/><U107/><E67/><N who="3" m="25674" /><G40/><T105/><D39/><U119/><E54/><V86/><F86/><W66/><N who="3" m="25682" /><W102/><DORA hai="135" /><G102/><T36/><D36/><U9/><E9/><V58/><REACH who="2" step="1"/><F30/><REACH who="2" ten="264,224,298,204" step="2"/><W72/><G72/><T38/><D105/><U55/><E132/><V97/><F97/><W7/><G7/><T78/><D121/><U21/><E133/><V31/><F31/><W17/><G17/><T8/><D18/><U70/><E75/><V126/><F126/><W41/><G41/><T91/><D123/><U19/><E73/><V120/><F120/><W111/><G111/><T61/><D78/><U32/><E104/><V34/><F34/><W24/><G24/><T20/><D77/><U60/><E32/><V81/><F81/><W44/><G87/><T79/><D25/><U63/><E84/><V35/><F35/><W89/><G93/><T28/><D28/><U15/><E83/><V57/><F57/><W85/><G85/><T13/><D56/><N who="1" m="34847" /><E107/><V23/><F23/><W112/><G112/><T6/><D20/><U130/><E106/><V74/><F74/><W88/><G90/><T12/><D91/><U82/><E82/><V26/><F26/><W49/><G44/><T71/><D79/><U110/><E110/><V95/><F95/><RYUUKYOKU ba="1,1" sc="264,-15,224,-15,298,15,204,15" hai2="16,22,27,37,43,47,48,52,53,58,59,96,99" hai3="3,5,11,49,50,88,89" /><INIT seed="2,2,1,4,1,116" ten="249,209,313,219" oya="2" hai0="108,30,109,121,77,133,21,97,15,57,54,76,40" hai1="84,82,126,112,128,120,53,106,2,130,91,127,37" hai2="71,131,3,45,12,25,46,31,117,69,51,0,63" hai3="52,16,75,27,32,38,129,56,87,11,81,135,83"/><V47/><F117/><W125/><G38/><T99/><D133/><U80/><E2/><V96/><F131/><N who="1" m="50217" /><E53/><V123/><F123/><W110/><G135/><T62/><D121/><U24/><E24/><V119/><F119/><W72/><G110/><N who="0" m="42603" /><D40/><U65/><E65/><V124/><F124/><N who="1" m="47657" /><E37/><V4/><F51/><W7/><G129/><T50/><D15/><U86/><E112/><V61/><F96/><N who="0" m="36938" /><D50/><U39/><E39/><V68/><F12/><W100/><G100/><T10/><D10/><U103/><E103/><V78/><F4/><W101/><G101/><T18/><D18/><U42/><E42/><V132/><F132/><W95/><G125/><T122/><D30/><U5/><E5/><V55/><F55/><W98/><G32/><T36/><D54/><U26/><E26/><V111/><F25/><W66/><G66/><T104/><D36/><U113/><E113/><V107/><F31/><W1/><G16/><T134/><D62/><U6/><E6/><V70/><F61/><W49/><G27/><T114/><D114/><U48/><E48/><V73/><F63/><W14/><G14/><T13/><D134/><U17/><E17/><V79/><F68/><W94/><G52/><T29/><D13/><U58/><E58/><V92/><F0/><W23/><G56/><T74/><D57/><U89/><E120/><V8/><F3/><W33/><G49/><T19/><D122/><U90/><E106/><V85/><F71/><W60/><G60/><T34/><D104/><U88/><AGARI ba="2,1" hai="80,82,84,86,88,89,90,91" m="47657,50217" machi="88" ten="40,8000,1" yaku="19,1,18,1,34,2,54,1" doraHai="116" who="1" fromWho="1" sc="249,-22,209,96,313,-42,219,-22" /><INIT seed="3,0,0,3,1,70" ten="227,305,271,197" oya="3" hai0="129,68,44,115,60,61,66,10,4,132,126,57,32" hai1="35,114,100,101,108,50,25,3,16,79,19,133,2" hai2="82,104,84,18,43,22,28,36,12,42,20,17,95" hai3="93,99,33,109,59,14,63,81,69,75,5,112,90"/><W8/><G112/><T78/><D129/><U37/><E114/><V122/><F122/><W30/><G109/><T48/><D115/><U89/><E108/><V83/><F104/><W87/><G69/><T107/><D132/><U98/><E79/><V53/><F28/><W72/><G30/><T80/><D126/><U73/><E50/><V24/><F53/><W55/><REACH who="3" step="1"/><G33/><REACH who="3" ten="227,305,271,187" step="2"/><T102/><D32/><U45/><E35/><V127/><F127/><W135/><G135/><T113/><D113/><U88/><E133/><V105/><F105/><W117/><G117/><T124/><D107/><U85/><E2/><V39/><F95/><W31/><G31/><T65/><D124/><U110/><E3/><V92/><F92/><W6/><G6/><T71/><D71/><U116/><E110/><V38/><REACH who="2" step="1"/><F83/><REACH who="2" ten="227,305,261,187" step="2"/><W103/><AGARI ba="0,2" hai="5,8,14,55,59,63,72,75,81,87,90,93,99,103" machi="103" ten="20,3900,0" yaku="1,1,0,1,7,1,53,0" doraHai="70" doraHaiUra="13" who="3" fromWho="3" sc="227,-13,305,-13,261,-13,187,59" /><INIT seed="3,1,0,2,5,120" ten="214,292,248,246" oya="3" hai0="56,90,123,85,19,67,35,48,133,18,113,73,94" hai1="55,41,70,91,108,50,104,17,111,114,130,33,115" hai2="15,4,52,24,30,28,81,89,8,29,68,5,25" hai3="32,121,87,2,135,53,60,132,54,76,10,128,106"/><W88/><G121/><T100/><D123/><U92/><E104/><V96/><F68/><W84/><G128/><T21/><D133/><N who="3" m="51273" /><G32/><T86/><D73/><U7/><E70/><V26/><F81/><N who="3" m="47143" /><G106/><T122/><D113/><U75/><E75/><V124/><F124/><W77/><G77/><T11/><D122/><U14/><E41/><V12/><F89/><W38/><G38/><T0/><D100/><U116/><E7/><V45/><F96/><W46/><G46/><T65/><D35/><U20/><E116/><V27/><F45/><W43/><G43/><T44/><D86/><N who="1" m="52343" /><E33/><N who="2" m="20639" /><F52/><W126/><G60/><T63/><D67/><U51/><E51/><V125/><F125/><W107/><G107/><T131/><D131/><U109/><E130/><V117/><F117/><W69/><G69/><T82/><D82/><U93/><E93/><V9/><AGARI ba="1,0" hai="4,5,8,9,12,15,24,25,26,29,30" m="20639" machi="9" ten="30,8000,1" yaku="35,5" doraHai="120" who="2" fromWho="2" sc="214,-21,292,-21,248,83,246,-41" /><INIT seed="4,0,0,4,0,44" ten="193,271,331,205" oya="0" hai0="73,93,50,34,37,128,122,16,126,83,7,123,82" hai1="17,31,132,6,69,74,20,100,10,77,105,22,94" hai2="107,53,0,67,109,48,25,63,131,133,101,49,134" hai3="14,129,21,15,72,130,13,43,98,118,113,12,86"/><T46/><D37/><U120/><E120/><V65/><F109/><W108/><G72/><T92/><D128/><U75/><E69/><V95/><F107/><W90/><G108/><T112/><D34/><U91/><E31/><V116/><F116/><W68/><G118/><T27/><D123/><U28/><E28/><V103/><F0/><W87/><G68/><T71/><D71/><U32/><E32/><V85/><F25/><W24/><G113/><T135/><D122/><U1/><E132/><N who="2" m="50795" /><F131/><W119/><G119/><T66/><D135/><U80/><E74/><V42/><F42/><W110/><G110/><T114/><D66/><N who="2" m="25098" /><F85/><W115/><G115/><N who="0" m="44075" /><D126/><U41/><E41/><V8/><F8/><W127/><G127/><T59/><D59/><U33/><E17/><V121/><F121/><W99/><G129/><T38/><D7/><U111/><E33/><V106/><F106/><W55/><G130/><T19/><D38/><U52/><E52/><V125/><F125/><W40/><G55/><N who="0" m="30167" /><D27/><U23/><E111/><V64/><F53/><W35/><G35/><T26/><D73/><U79/><E79/><V4/><F4/><W39/><G39/><T3/><D3/><U81/><E81/><N who="0" m="30729" /><D26/><U60/><E60/><V11/><F11/><W5/><G5/><T58/><D58/><U45/><E105/><V62/><F62/><W96/><G43/><T102/><D92/><U84/><E45/><V29/><F63/><W124/><G40/><T89/><D102/><U56/><E100/><V36/><F103/><W51/><G124/><T78/><D78/><U61/><E61/><RYUUKYOKU ba="0,0" sc="193,15,271,15,331,-15,205,-15" hai0="16,19,89,93" hai1="1,6,10,20,22,23,56,75,77,80,84,91,94" /><INIT seed="4,1,0,1,2,110" ten="208,286,316,190" oya="0" hai0="99,96,11,59,13,84,45,9,44,47,89,125,107" hai1="51,46,78,123,118,80,57,82,92,20,42,1,12" hai2="131,105,133,8,19,29,21,56,23,106,4,116,104" hai3="30,93,18,25,103,72,95,49,90,63,39,134,109"/><T40/><D125/><U33/><E118/><V10/><F116/><W130/><G39/><T88/><D40/><U32/><E1/><V91/><F133/><W85/><G109/><T121/><D121/><U50/><E123/><V16/><F131/><W70/><G134/><T28/><D28/><U83/><E33/><V48/><F29/><W128/><G72/><T127/><D127/><U52/><E32/><V68/><F68/><W35/><G70/><T61/><D107/><U132/><E132/><V37/><F37/><W76/><G76/><T111/><D111/><U79/><E92/><V74/><F74/><W34/><G34/><T86/><D86/><U73/><E73/><V31/><F31/><W6/><G6/><N who="0" m="3255" /><D11/><N who="2" m="4138" /><F91/><N who="0" m="34890" /><D84/><U113/><E113/><V126/><F126/><W43/><G128/><T87/><D87/><U67/><E67/><AGARI ba="1,0" hai="44,45,47,59,61,67,96,99" m="34890,3255" machi="67" ten="30,2900,0" yaku="8,1,54,1" doraHai="110" who="0" fromWho="1" sc="208,32,286,-32,316,0,190,0" /><INIT seed="4,2,0,2,1,93" ten="240,254,316,190" oya="0" hai0="125,98,109,2,51,78,89,65,9,131,124,46,37" hai1="80,116,36,7,66,119,29,94,127,68,70,128,12" hai2="132,10,129,91,106,88,39,4,83,40,72,108,133" hai3="15,26,97,53,11,104,120,61,25,64,134,47,73"/><T123/><D131/><U63/><E36/><V84/><F108/><W121/><G134/><N who="2" m="51817" /><F129/><W41/><G73/><T38/><D123/><N who="3" m="47177" /><G53/><N who="0" m="29943" /><D78/><U34/><E128/><V75/><F106/><W79/><G79/><T130/><D130/><U1/><E1/><N who="2" m="271" /><F91/><W112/><G112/><T111/><D65/><U135/><E135/><V59/><F59/><W24/><G61/><T71/><D71/><U50/><E50/><V110/><F110/><N who="0" m="41994" /><D9/><U99/><E68/><V86/><F86/><W16/><G64/><T5/><D5/><U77/><E7/><V58/><F58/><W48/><G104/><T57/><D57/><U107/><E107/><V60/><F60/><W117/><G117/><T102/><D89/><U45/><E45/><AGARI ba="2,0" hai="39,40,45,72,75,83,84,88" m="271,51817" machi="45" ten="30,2000,0" yaku="20,1,54,1" doraHai="93" who="2" fromWho="1" sc="240,0,254,-26,316,26,190,0" /><INIT seed="5,0,0,2,5,70" ten="240,228,342,190" oya="1" hai0="61,22,43,100,15,32,58,69,21,119,112,25,23" hai1="75,125,95,52,114,122,35,104,97,9,55,16,46" hai2="108,71,67,26,14,39,8,19,98,7,57,54,94" hai3="29,30,73,117,44,134,3,113,106,4,47,42,20"/><U48/><E122/><V88/><F108/><W132/><G73/><T135/><D112/><U5/><E104/><V101/><F71/><W80/><G106/><T37/><D119/><U86/><E75/><V120/><F120/><W0/><G113/><T77/><D69/><U82/><E35/><V102/><F67/><W28/><G117/><T66/><D100/><N who="1" m="60479" /><E125/><V18/><F39/><W62/><G62/><T50/><D135/><N who="3" m="51753" /><G80/><T45/><D77/><U24/><E114/><V59/><F59/><W38/><G44/><T51/><REACH who="0" step="1"/><D15/><REACH who="0" ten="230,228,342,190" step="2"/><N who="1" m="7279" /><E5/><V33/><F33/><W124/><G124/><T76/><D76/><N who="1" m="46407" /><E24/><V92/><F102/><W10/><G0/><T63/><D63/><U13/><E13/><V2/><F26/><AGARI ba="0,1" hai="3,4,10,20,26,28,29,30,38,42,47" m="51753" machi="26" ten="30,2000,0" yaku="20,1,52,1" doraHai="70" who="3" fromWho="2" sc="230,0,228,0,342,-20,190,30" /><INIT seed="6,0,0,3,5,12" ten="230,228,322,220" oya="2" hai0="48,108,0,86,52,59,21,74,133,83,44,43,80" hai1="99,92,15,29,101,109,33,18,26,113,57,25,110" hai2="117,35,32,98,9,93,123,115,13,1,78,88,103" hai3="62,2,106,91,3,60,69,42,4,116,77,95,129"/><V70/><F117/><W49/><G116/><T102/><D108/><U20/><E113/><V47/><F123/><W134/><G106/><T124/><D124/><U41/><E41/><V121/><F121/><W112/><G112/><T67/><D133/><U24/><E24/><V10/><F70/><W82/><G134/><T16/><D0/><U55/><REACH who="1" step="1"/><E25/><REACH who="1" ten="230,218,322,220" step="2"/><V120/><F120/><W34/><G129/><T100/><D74/><U105/><E105/><V66/><F35/><W23/><G34/><T94/><D67/><U71/><E71/><V130/><F32/><W111/><G69/><T125/><D125/><U118/><E118/><V27/><F27/><W45/><G111/><T132/><D132/><U87/><E87/><V6/><F130/><W46/><G42/><T135/><D135/><U14/><E14/><V65/><F115/><W30/><G3/><T127/><D127/><U97/><E97/><V22/><F1/><W7/><G2/><T31/><D86/><U19/><E19/><V8/><F13/><W38/><G30/><T28/><D28/><U119/><E119/><V63/><F98/><W54/><G38/><T79/><D31/><U39/><E39/><V72/><F72/><W56/><G7/><T75/><D43/><U53/><E53/><V5/><F5/><W131/><G4/><T58/><D52/><U40/><E40/><V122/><F6/><W128/><G128/><T76/><D16/><U64/><E64/><V51/><F65/><W104/><G131/><T61/><D75/><U114/><E114/><V68/><F122/><W36/><G36/><RYUUKYOKU ba="0,1" sc="230,-10,218,30,322,-10,220,-10" hai1="15,18,20,26,29,33,55,57,92,99,101,109,110" /><INIT seed="7,1,1,5,2,71" ten="220,248,312,210" oya="3" hai0="69,91,111,45,46,121,36,30,19,87,88,63,103" hai1="39,17,34,49,31,41,22,109,104,43,16,116,38" hai2="48,2,26,18,93,64,129,6,59,28,124,53,35" hai3="84,11,106,125,9,1,47,102,61,120,114,117,3"/><W24/><G117/><T15/><D121/><U92/><E109/><V25/><F129/><W130/><G120/><T51/><D111/><U131/><E104/><V77/><F124/><W95/><G130/><T52/><D36/><U75/><E75/><V80/><F64/><W133/><G125/><T134/><D134/><U81/><E34/><V86/><F93/><W54/><G133/><T85/><D30/><U66/><E131/><V78/><F2/><W55/><G114/><T118/><D118/><U56/><E39/><V33/><F6/><W90/><G24/><T101/><D63/><U79/><E38/><V70/><F70/><W58/><G3/><T57/><D69/><U110/><E110/><V98/><F98/><N who="3" m="59743" /><G1/><T127/><D127/><U89/><E116/><V0/><F0/><W37/><G37/><T72/><D72/><U122/><E122/><V12/><F26/><W82/><G106/><T23/><D87/><N who="1" m="48575" /><E31/><V73/><F35/><W62/><G62/><T8/><D8/><N who="3" m="3145" /><G47/><N who="0" m="17931" /><D91/><U83/><E83/><AGARI ba="1,1" hai="15,19,23,51,52,57,83,85,88,101,103" m="17931" machi="83" ten="30,3900,0" yaku="8,1,54,2" doraHai="71" who="0" fromWho="1" sc="220,52,248,-42,312,0,210,0" owari="272,7.0,206,-29.0,312,41.0,210,-19.0" /></mjloggm>