<mjloggm ver="2.3"><GO type="169" lobby="0"/><UN n0="%7A%6F%6F%31%39%36%34" n1="%E3%81%BF%E3%83%BC%E3%81%94%E3%81%BE" n2="%6B%69%79%6F%70%69%6E" n3="%E3%81%8B%E3%81%8B%E3%81%8B%E3%81%8B" dan="18,17,16,16" rate="2215.66,2161.59,2126.78,2137.22" sx="M,M,M,M"/><TAIKYOKU oya="0"/><INIT seed="0,0,0,0,4,32" ten="250,250,250,250" oya="0" hai0="98,63,26,52,30,48,44,18,112,81,11,132,92" hai1="4,102,12,135,6,118,35,100,88,27,67,13,70" hai2="83,56,39,16,128,127,131,42,105,108,130,77,45" hai3="125,129,43,106,134,120,72,82,59,38,49,104,54"/><T103/><D132/><U117/><E135/><V29/><F105/><W1/><G134/><T57/><D112/><U37/><E37/><V66/><F29/><W84/><G72/><T111/><D111/><U93/><E70/><V40/><F108/><W74/><G74/><T34/><D81/><U71/><E71/><V24/><F83/><W25/><G1/><T95/><D11/><U115/><E67/><V101/><F101/><W10/><G10/><T126/><D126/><U69/><E69/><V124/><F77/><W85/><G85/><T36/><D18/><U58/><E58/><V79/><F79/><W96/><G96/><T60/><D36/><U75/><E75/><V17/><F42/><W89/><G129/><T47/><D47/><U121/><E121/><V91/><F91/><W55/><G55/><T7/><D7/><U113/><E27/><V33/><F33/><W14/><G25/><T123/><D123/><U0/><E35/><V80/><F80/><W46/><G120/><T3/><D3/><U61/><E61/><N who="2" m="38183" /><F24/><W19/><G125/><AGARI ba="0,0" hai="16,17,39,40,45,124,125,127,128,130,131" m="38183" machi="125" ten="40,5200,0" yaku="18,1,19,1,54,1" doraHai="32" who="2" fromWho="3" sc="250,0,250,0,250,52,250,-52" /><INIT seed="1,0,0,1,3,10" ten="250,250,302,198" oya="1" hai0="114,102,61,13,103,24,6,0,30,7,94,37,15" hai1="75,72,4,120,82,32,85,46,56,50,43,87,132" hai2="109,67,58,8,77,5,131,118,89,73,121,128,53" hai3="96,26,68,79,40,35,3,91,130,62,70,44,88"/><U18/><E120/><V90/><F118/><W21/><G3/><T125/><D114/><U116/><E116/><V101/><F67/><W52/><G35/><T135/><D37/><U28/><E132/><V95/><F101/><W41/><G130/><N who="2" m="49705" /><F109/><W105/><G79/><T42/><D135/><U55/><E4/><N who="0" m="1577" /><D0/><U11/><E87/><V16/><F5/><W100/><G41/><T31/><D42/><U122/><E122/><V1/><F1/><W39/><G70/><T33/><D33/><U119/><E119/><V25/><F95/><W71/><G68/><T65/><D125/><U104/><E104/><V92/><F92/><W57/><REACH who="3" step="1"/><G71/><REACH who="3" ten="250,250,302,188" step="2"/><T97/><D103/><U108/><E32/><V69/><F69/><W80/><G80/><T110/><D110/><U127/><E108/><V83/><F121/><W98/><G98/><T51/><D97/><U107/><E127/><V106/><F83/><W29/><AGARI ba="0,1" hai="21,26,29,39,40,44,52,57,62,88,91,96,100,105" machi="29" ten="20,8000,1" yaku="1,1,0,1,7,1,54,2,53,0" doraHai="10" doraHaiUra="112" who="3" fromWho="3" sc="250,-20,250,-40,302,-20,188,90" /><INIT seed="2,0,0,2,2,108" ten="230,210,282,278" oya="2" hai0="75,39,97,72,66,69,107,54,42,102,65,119,111" hai1="21,9,36,64,62,106,118,90,83,34,98,7,53" hai2="129,8,124,14,29,51,43,50,115,74,0,93,32" hai3="71,1,30,109,41,128,112,105,48,135,55,12,99"/><V134/><F74/><W59/><G1/><T95/><D111/><U94/><E118/><V85/><F0/><W96/><G109/><T46/><D119/><U82/><E34/><V49/><F115/><W45/><G71/><T17/><D66/><U38/><E106/><V87/><F32/><W18/><G135/><T16/><D54/><U31/><E53/><V121/><F121/><W27/><G128/><T68/><D68/><U78/><E31/><V20/><F124/><W33/><G105/><T131/><D131/><U26/><E26/><N who="2" m="16583" /><F134/><W10/><REACH who="3" step="1"/><G112/><REACH who="3" ten="230,210,282,268" step="2"/><T73/><D107/><U122/><E122/><V6/><F129/><W116/><G116/><T79/><D79/><U110/><E110/><V114/><F114/><W70/><G70/><T126/><D126/><U25/><E78/><V127/><F127/><W103/><G103/><T23/><D69/><U81/><E36/><AGARI ba="0,1" hai="10,12,18,27,30,33,36,41,45,48,55,59,96,99" machi="36" ten="30,2000,0" yaku="1,1,7,1,53,0" doraHai="108" doraHaiUra="113" who="3" fromWho="1" sc="230,0,210,-20,282,0,268,30" /><INIT seed="3,0,0,5,1,22" ten="230,190,282,298" oya="3" hai0="45,29,72,109,47,135,78,77,74,18,73,128,84" hai1="63,79,10,35,91,104,81,11,38,5,16,55,54" hai2="9,101,119,114,23,17,127,57,21,14,134,122,1" hai3="110,120,13,20,44,99,43,121,71,66,117,46,67"/><W116/><G99/><T36/><D109/><U112/><E112/><V86/><F114/><W133/><G13/><T50/><D135/><U61/><E38/><V24/><F119/><N who="3" m="45643" /><G20/><T94/><D128/><U27/><E104/><V111/><F101/><W41/><G133/><T65/><D65/><N who="3" m="24585" /><G71/><T30/><D18/><U2/><E91/><V93/><F134/><W105/><G105/><T75/><D94/><U15/><E63/><V69/><F69/><W103/><G103/><T19/><D19/><U34/><E61/><V48/><F93/><W49/><G110/><T53/><N who="0" m="18432" /><DORA hai="85" /><T89/><D78/><U98/><E98/><V32/><F32/><W4/><G4/><T87/><D77/><U68/><E68/><V83/><F111/><W97/><G97/><T102/><D102/><U56/><E56/><V76/><F1/><W6/><G6/><T115/><D115/><U39/><E39/><AGARI ba="0,0" hai="39,41,43,44,46,49,120,121" m="24585,45643" machi="39" ten="30,2900,0" yaku="34,2" doraHai="22,85" who="3" fromWho="1" sc="230,0,190,-29,282,0,298,29" /><INIT seed="3,1,0,1,0,74" ten="230,161,282,327" oya="3" hai0="45,24,93,69,46,63,66,95,114,100,135,58,104" hai1="131,11,86,47,110,61,51,41,56,29,88,2,18" hai2="5,36,10,4,96,0,113,25,70,75,117,55,60" hai3="67,108,101,50,62,57,21,91,65,82,59,54,107"/><W132/><G132/><T79/><D135/><U64/><E110/><V124/><F113/><W15/><G108/><T3/><D114/><U105/><E105/><V7/><F117/><W73/><G107/><T20/><D3/><U19/><E131/><V127/><F36/><W35/><G35/><T17/><D69/><U30/><E2/><V52/><F96/><W38/><G38/><T68/><D68/><U102/><E102/><V106/><F106/><W32/><G32/><T23/><D104/><U28/><REACH who="1" step="1"/><E11/><REACH who="1" ten="230,151,282,327" step="2"/><V122/><F10/><W84/><G101/><T78/><D100/><U89/><E89/><V71/><F0/><W123/><G123/><T6/><D6/><U112/><E112/><V72/><F7/><W16/><REACH who="3" step="1"/><G73/><REACH who="3" ten="230,151,282,317" step="2"/><T115/><D115/><U103/><E103/><V94/><F122/><W14/><G14/><T13/><D13/><U77/><E77/><N who="0" m="29193" /><D23/><U22/><E22/><V85/><F75/><W80/><G80/><AGARI ba="1,2" hai="18,19,28,29,30,41,47,51,56,61,64,80,86,88" machi="80" ten="40,5200,0" yaku="1,1,8,1,54,1,53,0" doraHai="74" doraHaiUra="118" who="1" fromWho="3" sc="230,0,151,75,282,0,317,-55" /><INIT seed="4,0,0,3,3,114" ten="230,226,282,262" oya="0" hai0="8,41,15,125,135,19,34,38,128,56,121,110,82" hai1="7,76,91,120,65,14,16,101,47,42,108,23,50" hai2="29,59,100,24,98,9,64,44,83,133,84,40,2" hai3="67,103,32,25,4,17,0,126,88,89,109,51,122"/><T112/><D112/><U54/><E120/><V5/><F133/><W60/><G109/><T71/><D71/><U95/><E108/><V78/><F59/><W10/><G122/><T113/><D113/><U1/><E65/><V118/><F64/><W30/><G126/><T105/><D121/><U104/><E76/><V96/><F100/><W3/><G3/><T69/><D69/><U74/><E74/><V134/><F134/><W31/><G31/><T75/><D105/><U97/><E1/><V107/><F107/><W11/><G103/><T115/><D34/><U37/><E7/><V127/><F127/><W119/><G119/><T68/><D68/><U61/><E61/><V62/><F62/><W102/><G102/><T70/><D38/><U123/><E123/><V52/><F118/><W43/><G43/><T131/><D75/><U80/><E80/><V116/><F116/><W99/><G51/><T33/><D33/><U117/><E117/><V35/><F52/><W53/><G99/><T22/><D70/><U39/><REACH who="1" step="1"/><E54/><REACH who="1" ten="230,216,282,262" step="2"/><V57/><F83/><W130/><G53/><T63/><D110/><U111/><E111/><V72/><F78/><W55/><G67/><T46/><D115/><U12/><E12/><V124/><F72/><W45/><G60/><T13/><D125/><U87/><AGARI ba="0,1" hai="14,16,23,37,39,42,47,50,87,91,95,97,101,104" machi="87" ten="20,5200,0" yaku="1,1,0,1,7,1,54,1,53,0" doraHai="114" doraHaiUra="27" who="1" fromWho="1" sc="230,-26,216,62,282,-13,262,-13" /><INIT seed="5,0,0,5,3,5" ten="204,278,269,249" oya="1" hai0="127,6,16,86,91,100,66,121,87,122,26,83,104" hai1="115,129,124,39,42,11,20,4,89,21,61,65,101" hai2="135,33,109,37,82,31,84,3,98,53,12,34,107" hai3="62,88,32,67,19,85,79,60,1,114,57,22,71"/><U56/><E129/><V105/><F109/><W52/><G32/><T94/><D66/><U74/><E74/><V15/><F3/><W43/><G1/><T99/><D6/><U80/><E124/><V95/><F37/><W78/><G43/><T58/><D58/><U46/><E115/><V54/><F135/><W68/><G68/><T40/><D40/><U24/><E101/><V35/><F31/><W93/><REACH who="3" step="1"/><G114/><REACH who="3" ten="204,278,269,239" step="2"/><T119/><D127/><U38/><E38/><V8/><F35/><W69/><G69/><T126/><D126/><U81/><E39/><V118/><F34/><W117/><G117/><T77/><REACH who="0" step="1"/><D119/><REACH who="0" ten="194,278,269,239" step="2"/><U133/><E42/><V23/><F118/><W70/><G70/><T47/><D47/><U7/><E46/><V97/><F33/><W25/><AGARI ba="0,2" hai="19,22,25,52,57,60,62,67,71,78,79,85,88,93" machi="25" ten="20,8000,1" yaku="1,1,0,1,7,1,54,2,53,0" doraHai="5" doraHaiUra="2" who="3" fromWho="3" sc="194,-20,278,-40,269,-20,239,100" /><INIT seed="6,0,0,3,5,92" ten="174,238,249,339" oya="2" hai0="13,31,130,128,87,93,123,90,27,23,76,129,63" hai1="115,107,100,65,11,94,48,43,5,121,19,59,15" hai2="67,21,64,45,78,2,34,104,52,1,62,131,58" hai3="133,17,60,12,116,25,103,72,49,98,75,39,114"/><V36/><F34/><W102/><G39/><T84/><D123/><U70/><E70/><V120/><F120/><W20/><G116/><T135/><D135/><U46/><E121/><V99/><F131/><W127/><G103/><T73/><D73/><U97/><E115/><V14/><F78/><W89/><G89/><T47/><D47/><U119/><E119/><V106/><F67/><W82/><G127/><T117/><D117/><U42/><E107/><V44/><F106/><W54/><G60/><T40/><D40/><U96/><E96/><V24/><F14/><W9/><G82/><T55/><D13/><U8/><E42/><V50/><F44/><W3/><G3/><T134/><D134/><U132/><E132/><V74/><F74/><W10/><G10/><T29/><D76/><U122/><E122/><V85/><F85/><W113/><G133/><T81/><D81/><U4/><E8/><V80/><F80/><W56/><G114/><T109/><D109/><U79/><E79/><V88/><F36/><W108/><G108/><T118/><D118/><U16/><E4/><V105/><F105/><W61/><G49/><T112/><D112/><U37/><E37/><V7/><F7/><W22/><G22/><T126/><D126/><U91/><E100/><N who="2" m="62495" /><F88/><W51/><G51/><T124/><D124/><U30/><E30/><N who="2" m="17679" /><F2/><W28/><G113/><T35/><D87/><U110/><E110/><V125/><F1/><W83/><G83/><T32/><D31/><U0/><E0/><V41/><F125/><W38/><G38/><T77/><D77/><U6/><E6/><RYUUKYOKU ba="0,0" sc="174,0,238,0,249,0,339,0" hai0="23,27,29,32,35,55,63,84,90,93,128,129,130" hai1="5,11,15,16,19,43,46,48,59,65,91,94,97" hai2="41,45,50,52,58,62,64" hai3="9,12,17,20,25,28,54,56,61,72,75,98,102" /><INIT seed="6,1,0,5,4,83" ten="174,238,249,339" oya="2" hai0="59,21,121,19,52,8,4,97,113,93,5,84,11" hai1="50,24,115,27,55,25,102,98,26,48,65,123,61" hai2="95,78,130,114,126,14,111,90,53,67,131,15,32" hai3="118,34,70,88,124,133,68,122,47,16,112,31,0"/><V29/><F67/><W54/><G122/><T116/><D113/><U89/><E115/><V2/><F2/><W79/><G0/><T77/><D121/><U56/><E123/><V41/><F114/><W110/><G110/><T82/><D116/><U42/><E89/><V92/><F41/><W33/><G79/><T132/><D132/><U57/><N who="1" m="6144" /><DORA hai="109" /><U99/><REACH who="1" step="1"/><E102/><REACH who="1" ten="174,228,249,339" step="2"/><V80/><F111/><W135/><G88/><N who="0" m="55463" /><D21/><U73/><E73/><V49/><F90/><W91/><G91/><T39/><D39/><U10/><E10/><N who="0" m="3625" /><D19/><U40/><E40/><V129/><F129/><W9/><G16/><T37/><D37/><U17/><E17/><V103/><F131/><W43/><G112/><T23/><D23/><U71/><E71/><V13/><F130/><W134/><G9/><T87/><D87/><U100/><E100/><V64/><F103/><W117/><G70/><T6/><D4/><U28/><E28/><V44/><F29/><W96/><G68/><T58/><D58/><U81/><E81/><V7/><F80/><W3/><G31/><T86/><D86/><U105/><E105/><V106/><F7/><W108/><G135/><T104/><D104/><U127/><E127/><V125/><F106/><W85/><G124/><T75/><D75/><U20/><E20/><V94/><F125/><W51/><G134/><T66/><D66/><U63/><E63/><AGARI ba="1,1" hai="5,6,52,59,63,77,82,84" m="3625,55463" machi="63" ten="30,7700,0" yaku="8,1,52,1,54,2" doraHai="83,109" who="0" fromWho="1" sc="174,90,228,-80,249,0,339,0" /><INIT seed="7,0,0,5,2,86" ten="264,148,249,339" oya="3" hai0="135,34,83,0,23,112,48,85,39,79,101,30,87" hai1="57,18,74,44,26,69,88,40,132,105,71,46,73" hai2="19,64,98,126,114,51,53,3,41,9,10,120,89" hai3="76,5,1,61,106,124,33,102,49,109,130,67,99"/><W80/><G124/><T92/><D39/><U117/><E105/><V95/><F3/><W111/><G49/><T78/><D34/><U72/><E132/><V7/><F114/><W97/><G97/><N who="0" m="59559" /><D0/><U4/><E4/><V47/><F126/><W43/><G43/><T11/><D135/><U81/><E117/><V129/><F129/><W127/><G33/><T121/><D121/><U94/><E81/><V128/><F128/><W65/><G127/><T75/><D75/><U134/><E134/><V58/><F7/><W12/><G130/><T15/><D48/><U36/><E46/><V14/><F64/><W16/><G5/><T42/><D42/><U60/><E26/><V82/><F82/><W27/><G27/><N who="0" m="16767" /><D87/><U96/><REACH who="1" step="1"/><E18/><REACH who="1" ten="264,138,249,339" step="2"/><V25/><F25/><W2/><G106/><T32/><D83/><U17/><E17/><V20/><F120/><W70/><G80/><T62/><D79/><U108/><E108/><V77/><F77/><W123/><G76/><T59/><D78/><U28/><E28/><V45/><F45/><W133/><G123/><T91/><D15/><U29/><E29/><V93/><F93/><N who="3" m="58735" /><G133/><T63/><D32/><U115/><E115/><V90/><F47/><W56/><G12/><T31/><D31/><U104/><E104/><V54/><F19/><W35/><G16/><T110/><D112/><U55/><AGARI ba="0,1" hai="36,40,44,55,57,60,69,71,72,73,74,88,94,96" machi="55" ten="30,7900,0" yaku="1,1,0,1,52,1,54,1,53,0" doraHai="86" doraHaiUra="100" who="1" fromWho="1" sc="264,-20,138,89,249,-20,339,-39" owari="244,4.0,227,-27.0,229,-17.0,300,40.0" /></mjloggm>