<mjloggm ver="2.3"><GO type="225" lobby="0"/><UN n0="%E8%A8%88%E7%AE%97%E6%A9%9F%E8%87%AA%E7%84%B6" n1="%E3%83%81%E3%83%BC%E3%83%88%E3%82%A4%E7%9F%AD%E6%9C%9F%E5%A4%A7%E5%AD%A6" n2="%E2%97%8E%E8%97%A4%E5%A0%82%E7%BE%8E%E6%B2%99%E2%97%8E" n3="%E3%83%9D%E3%83%B3%E3%83%89%E3%83%AB" dan="17,16,16,16" rate="2245.52,2118.01,2091.17,2046.82" sx="M,M,F,M"/><TAIKYOKU oya="0"/><INIT seed="0,0,0,5,3,117" ten="250,250,250,250" oya="0" hai0="40,43,98,59,123,120,71,115,13,88,58,18,45" hai1="14,3,27,50,57,111,6,44,30,39,125,17,22" hai2="63,46,9,101,104,106,32,78,19,49,99,8,1" hai3="91,54,80,21,89,81,26,103,52,5,129,29,73"/><T87/><D71/><U100/><E111/><V35/><F106/><W128/><G103/><T76/><D115/><U96/><E125/><V86/><F63/><W10/><G73/><T124/><D76/><U7/><E39/><V56/><F56/><W64/><G64/><T114/><D114/><U75/><E75/><V11/><F1/><W126/><G126/><T130/><D124/><U113/><E113/><V53/><REACH who="2" step="1"/><F19/><REACH who="2" ten="250,250,240,250" step="2"/><W0/><G129/><T109/><D130/><U131/><E131/><V122/><F122/><W119/><G128/><T31/><D58/><U97/><E57/><V47/><F47/><W107/><G107/><T85/><D59/><U102/><E3/><V79/><F79/><W74/><G119/><T67/><D109/><U84/><E7/><V2/><F2/><W33/><G0/><T24/><D18/><U37/><E6/><V65/><F65/><W83/><G5/><T41/><D67/><U90/><E17/><V70/><F70/><W127/><G127/><T4/><D45/><U42/><E37/><V108/><F108/><W92/><G74/><T72/><D72/><U105/><E44/><V15/><F15/><W118/><G118/><T68/><D68/><U60/><E14/><V55/><F55/><W134/><G52/><T12/><D12/><U82/><E60/><V116/><F116/><W61/><G54/><T48/><D13/><U135/><E42/><V95/><F95/><W34/><G92/><N who="0" m="56583" /><D4/><U77/><E77/><V66/><F66/><W110/><G61/><T133/><D41/><U51/><E135/><V38/><F38/><RYUUKYOKU ba="0,1" sc="250,-15,250,15,240,15,250,-15" hai1="22,27,30,50,51,82,84,90,96,97,100,102,105" hai2="8,9,11,32,35,46,49,53,78,86,99,101,104" /><INIT seed="1,1,1,2,3,129" ten="235,265,255,235" oya="1" hai0="121,68,72,61,79,56,113,81,96,59,135,122,74" hai1="117,120,53,41,55,108,126,118,30,33,80,22,36" hai2="132,48,65,94,5,88,66,63,14,10,102,109,115" hai3="18,124,0,84,116,99,76,37,87,60,90,103,3"/><U19/><E120/><N who="0" m="46185" /><D113/><U43/><E126/><V20/><F109/><W4/><G124/><T111/><D111/><U49/><E108/><V28/><F115/><W125/><G37/><T40/><D72/><U51/><E36/><V123/><F123/><W98/><G125/><T17/><D40/><U133/><E133/><V100/><F132/><W57/><G116/><T95/><D135/><U34/><E30/><V16/><F48/><W38/><G38/><T24/><D68/><U52/><E80/><V93/><F93/><W71/><G71/><T46/><D46/><U54/><N who="1" m="13312" /><DORA hai="25" /><U27/><E49/><V107/><F107/><W101/><G76/><T9/><D61/><U31/><E43/><V39/><F39/><W67/><G60/><T106/><D106/><U26/><REACH who="1" step="1"/><E33/><REACH who="1" ten="235,255,255,235" step="2"/><V89/><F28/><W32/><G32/><T83/><D83/><U64/><E64/><V21/><F65/><W92/><G67/><T62/><D62/><U23/><E23/><V44/><F20/><W85/><G57/><T73/><D56/><U29/><E29/><V69/><F44/><AGARI ba="1,2" hai="19,22,26,27,31,34,41,44,51,117,118" m="13312" machi="44" ten="50,12000,1" yaku="1,1,52,1,54,1,53,2" doraHai="129,25" doraHaiUra="70,114" who="1" fromWho="2" sc="235,0,255,143,255,-123,235,0" /><INIT seed="1,2,0,5,4,123" ten="235,398,132,235" oya="1" hai0="72,35,67,115,128,100,30,77,58,6,122,36,0" hai1="103,73,71,3,104,62,130,61,89,68,4,93,129" hai2="7,124,116,79,125,101,48,52,66,118,47,24,59" hai3="84,27,32,117,99,107,34,112,9,42,12,54,92"/><U14/><E73/><V20/><F7/><W135/><G112/><T114/><D122/><U119/><E3/><V65/><F101/><W88/><G135/><T85/><D85/><U21/><E119/><N who="2" m="45611" /><F79/><W22/><G117/><T29/><D128/><N who="1" m="49259" /><E103/><V53/><F20/><W81/><G107/><T80/><D100/><U43/><E43/><V11/><F11/><W82/><G54/><T16/><D36/><U109/><E61/><N who="2" m="36071" /><F24/><W95/><G42/><T5/><D0/><U127/><E62/><V40/><F40/><W102/><G34/><T76/><D35/><U133/><E21/><V56/><F56/><W1/><G32/><T44/><D58/><U26/><E14/><V106/><F106/><W87/><G1/><T64/><D72/><U90/><E89/><V126/><AGARI ba="2,0" hai="47,48,53,65,66,124,125,126" m="36071,45611" machi="126" ten="40,8000,1" yaku="18,1,34,2,54,1" doraHai="123" who="2" fromWho="2" sc="235,-22,398,-42,132,86,235,-22" /><INIT seed="2,0,0,4,2,130" ten="213,356,218,213" oya="2" hai0="24,12,73,78,89,96,23,135,86,107,9,98,56" hai1="46,64,33,91,85,76,53,131,62,29,129,72,87" hai2="10,21,125,14,97,132,117,114,41,19,32,126,92" hai3="34,31,3,102,101,37,40,6,5,127,16,28,52"/><V79/><F114/><W55/><G37/><T115/><D115/><U70/><E72/><V22/><F117/><W99/><G40/><T109/><D109/><U93/><E29/><N who="3" m="11338" /><G34/><T103/><D98/><U60/><E33/><V20/><F32/><W27/><G3/><T111/><D111/><U90/><E76/><V44/><F79/><W11/><G127/><N who="2" m="48649" /><F132/><W84/><G84/><T26/><D23/><U116/><E116/><V71/><F71/><W100/><G99/><T77/><D56/><U119/><E119/><V106/><F106/><W134/><G134/><T68/><D68/><U75/><E75/><V0/><F0/><W108/><G108/><T2/><D2/><U30/><E30/><V45/><F41/><W124/><G124/><T122/><D122/><U59/><REACH who="1" step="1"/><E46/><REACH who="1" ten="213,346,218,213" step="2"/><V8/><F45/><W83/><G83/><AGARI ba="0,1" hai="53,59,60,62,64,70,83,85,87,90,91,93,129,131" machi="83" ten="40,2600,0" yaku="1,1,2,1,53,0" doraHai="130" doraHaiUra="1" who="1" fromWho="3" sc="213,0,346,36,218,0,213,-26" /><INIT seed="3,0,0,5,2,21" ten="213,382,218,187" oya="3" hai0="30,104,121,96,61,116,130,14,28,76,111,32,16" hai1="62,51,68,49,108,57,73,131,114,103,31,25,63" hai2="17,0,13,15,34,81,90,80,88,120,35,1,110" hai3="46,77,58,86,97,47,92,2,79,134,87,9,6"/><W12/><G134/><T24/><D121/><U40/><E114/><V26/><F17/><W10/><G58/><T109/><D116/><U39/><E73/><V42/><F42/><W128/><G128/><T72/><D130/><U133/><E131/><V93/><F93/><W43/><G10/><N who="0" m="6231" /><D28/><U22/><E103/><V124/><F110/><N who="0" m="41994" /><D61/><U56/><E68/><V4/><F4/><W117/><G2/><T118/><D118/><U7/><E39/><V94/><F94/><W123/><G123/><T5/><D5/><U70/><E70/><V53/><F124/><W48/><G46/><T126/><D126/><U78/><E78/><N who="3" m="29706" /><G117/><T36/><D36/><U74/><E74/><V84/><F120/><W38/><G38/><T37/><D37/><U18/><E133/><V125/><F125/><W135/><G135/><T95/><D104/><U8/><E108/><V59/><F59/><W60/><G60/><T55/><D55/><U45/><E57/><V99/><F53/><W50/><G48/><T105/><D105/><U98/><E51/><V64/><F64/><W85/><G85/><T127/><D127/><U41/><E62/><V129/><F129/><W89/><AGARI ba="0,0" hai="6,9,12,43,47,50,86,87,89,92,97" m="29706" machi="89" ten="30,1500,0" yaku="8,1" doraHai="21" who="3" fromWho="3" sc="213,-5,382,-5,218,-5,187,15" /><INIT seed="3,1,0,3,2,113" ten="208,377,213,202" oya="3" hai0="98,65,18,82,3,97,19,127,118,15,47,66,5" hai1="38,0,48,72,117,2,53,17,110,10,56,71,30" hai2="103,49,80,75,59,36,40,27,86,6,39,79,62" hai3="54,4,64,21,131,135,129,29,122,12,94,132,119"/><W20/><G122/><T11/><D118/><U77/><E38/><V92/><F39/><W126/><G64/><N who="0" m="24683" /><D3/><U31/><E71/><V68/><F36/><W50/><G94/><T83/><D127/><U26/><E110/><V89/><F68/><W46/><G119/><T109/><D47/><U33/><E117/><V111/><F111/><W61/><G61/><T42/><D42/><U8/><E30/><V58/><F62/><W91/><G91/><T123/><D123/><U28/><E28/><V116/><F116/><W106/><G106/><T100/><D109/><U124/><E10/><V25/><F6/><W107/><G107/><T1/><D1/><U35/><E35/><V120/><F120/><W57/><G46/><T32/><D32/><U114/><E114/><V99/><F58/><W133/><G126/><T67/><N who="0" m="24691" /><T108/><DORA hai="105" /><D108/><U9/><E9/><V63/><F63/><W96/><G96/><N who="0" m="36971" /><D100/><U81/><E124/><V78/><F40/><W87/><G87/><T76/><D82/><U95/><E95/><V85/><F59/><W24/><G4/><T115/><D115/><U52/><E53/><V37/><F37/><W41/><G41/><T14/><D14/><U70/><E70/><V51/><F92/><W128/><G12/><T74/><D74/><U44/><E56/><V16/><F75/><W102/><REACH who="3" step="1"/><G102/><REACH who="3" ten="208,377,213,192" step="2"/><T7/><D5/><U112/><E112/><V130/><F103/><W90/><G90/><T69/><D69/><U73/><E73/><V101/><F101/><W93/><G93/><T121/><D121/><U22/><E2/><RYUUKYOKU ba="1,1" sc="208,15,377,-15,213,-15,192,15" hai0="7,11,15,18,19,76,83" hai3="20,21,24,29,50,54,57,128,129,131,132,133,135" /><INIT seed="3,2,1,1,5,33" ten="223,362,198,207" oya="3" hai0="128,110,61,0,82,19,92,41,6,52,25,64,91" hai1="30,69,78,18,27,40,129,23,122,8,90,67,105" hai2="60,107,106,48,79,51,93,84,63,88,24,86,109" hai3="134,89,70,12,95,62,100,44,65,42,131,135,2"/><W20/><G131/><T32/><D41/><U16/><E122/><V112/><F112/><W53/><G100/><T22/><D128/><U59/><E105/><V68/><F107/><W133/><G2/><T31/><D110/><U116/><E69/><V98/><F109/><W76/><G76/><T15/><D82/><U1/><E129/><V37/><F37/><N who="3" m="21583" /><G53/><T121/><D52/><U58/><E78/><V56/><F68/><W81/><G81/><T108/><D108/><U57/><E67/><N who="2" m="39303" /><F106/><W10/><G20/><T120/><D92/><U97/><E40/><V114/><F114/><W104/><G104/><T21/><D21/><N who="1" m="15727" /><E1/><V87/><F63/><W123/><G123/><T127/><D91/><U99/><E90/><V83/><F24/><W14/><G10/><N who="0" m="2375" /><D127/><U49/><E49/><AGARI ba="2,1" hai="48,49,51,79,83,84,86,87,88,93,98" m="39303" machi="49" ten="30,2000,0" yaku="8,1,54,1" doraHai="33" who="2" fromWho="1" sc="223,0,362,-26,198,36,207,0" owari="223,-18.0,336,44.0,234,3.0,207,-29.0" /></mjloggm>