<mjloggm ver="2.3"><GO type="169" lobby="0"/><UN n0="%64%75%72%72%72%72%72" n1="%72%61%6E%75%2D" n2="%E5%90%89%E6%BE%A4%E2%98%86%E7%91%A0%E5%81%89" n3="%E5%A4%A9%E7%A5%9E%E9%B3%B3%E4%BD%8D" dan="18,16,16,16" rate="2255.26,2129.67,2100.21,2129.65" sx="M,M,M,M"/><TAIKYOKU oya="0"/><INIT seed="0,0,0,3,3,79" ten="250,250,250,250" oya="0" hai0="33,1,73,123,25,42,86,53,124,51,66,87,121" hai1="92,28,99,93,94,135,75,30,84,126,11,130,102" hai2="67,82,83,48,101,119,22,81,74,85,125,0,91" hai3="55,6,9,3,63,118,54,68,21,8,62,32,120"/><T45/><D73/><U78/><E75/><V19/><F0/><W108/><G118/><T61/><D1/><U46/><E126/><V43/><F119/><W105/><G108/><T39/><D124/><U65/><E135/><V17/><F74/><W18/><G120/><T89/><D87/><U127/><E127/><V131/><F125/><W7/><G105/><T26/><D26/><U80/><E130/><V36/><F36/><W72/><G32/><T52/><D53/><U113/><E113/><V96/><F67/><W88/><G72/><T76/><D76/><U134/><E134/><V104/><F131/><W12/><G68/><N who="0" m="42063" /><D25/><U23/><E65/><V35/><F35/><W77/><G77/><T49/><D49/><U13/><E46/><V71/><F71/><W103/><G103/><T59/><D33/><U97/><E23/><V31/><F31/><W14/><G62/><T16/><D16/><N who="1" m="8255" /><E93/><AGARI ba="0,0" hai="39,42,45,51,52,59,86,89,93,121,123" m="42063" machi="93" ten="30,2900,0" yaku="24,1,54,1" doraHai="79" who="0" fromWho="1" sc="250,29,250,-29,250,0,250,0" /><INIT seed="0,1,0,2,2,85" ten="279,221,250,250" oya="0" hai0="74,5,12,109,1,113,48,35,106,82,95,6,25" hai1="47,83,127,133,21,2,118,76,107,20,23,52,24" hai2="42,4,70,63,116,108,99,121,15,69,84,101,13" hai3="123,71,132,110,81,58,68,103,93,130,44,30,112"/><T105/><D1/><U43/><E118/><V0/><F121/><W18/><G112/><T31/><D113/><U134/><E107/><V97/><F116/><W40/><G123/><T17/><D109/><U46/><E2/><V8/><F108/><W11/><G110/><T54/><D105/><U75/><E127/><V117/><F117/><W64/><G130/><T29/><D106/><U89/><E24/><V111/><F111/><W14/><G132/><T73/><D31/><U125/><E125/><V61/><F42/><W67/><G30/><T124/><D124/><U62/><E89/><V126/><F126/><W34/><G34/><T45/><D95/><U53/><E46/><V87/><F8/><W26/><G26/><T56/><D45/><U114/><E114/><V7/><F0/><W135/><G81/><T78/><REACH who="0" step="1"/><D74/><REACH who="0" ten="269,221,250,250" step="2"/><U41/><E134/><V50/><F101/><W49/><G135/><T38/><D38/><U36/><E133/><V115/><F115/><W66/><G58/><T88/><D88/><U60/><REACH who="1" step="1"/><E41/><REACH who="1" ten="269,211,250,250" step="2"/><V22/><F70/><W39/><G39/><T86/><D86/><U80/><E80/><V55/><F69/><W94/><G103/><T32/><D32/><U131/><E131/><V79/><F87/><W57/><G57/><T122/><D122/><U27/><E27/><V10/><F84/><W77/><G68/><T128/><D128/><U37/><E37/><V3/><F3/><W72/><G71/><T59/><D59/><U16/><E16/><V129/><F129/><W120/><G120/><T98/><D98/><N who="2" m="37386" /><F79/><W33/><G33/><RYUUKYOKU ba="1,2" sc="269,10,211,10,250,-30,250,10" hai0="5,6,12,17,25,29,35,48,54,56,73,78,82" hai1="20,21,23,36,43,47,52,53,60,62,75,76,83" hai3="11,14,18,40,44,49,64,66,67,72,77,93,94" /><INIT seed="0,2,2,1,4,84" ten="279,221,220,260" oya="0" hai0="90,95,19,52,34,59,102,12,96,80,60,107,17" hai1="25,43,109,32,44,24,29,4,55,134,0,14,77" hai2="61,127,135,8,104,105,76,16,5,71,97,40,6" hai3="101,37,124,21,23,83,41,45,1,63,89,73,87"/><T113/><D113/><U48/><E0/><V78/><F135/><W126/><G1/><T111/><D34/><U27/><E134/><V67/><F127/><N who="3" m="48683" /><G101/><T125/><D125/><U75/><E109/><V50/><F104/><W54/><G73/><T31/><D31/><U57/><E75/><V106/><F106/><W86/><G86/><N who="0" m="50503" /><D107/><U91/><E77/><V108/><F108/><W39/><G39/><T47/><D111/><U98/><E4/><V117/><F117/><W123/><G123/><T11/><D47/><U131/><E14/><V30/><F30/><W26/><G26/><T68/><D68/><U103/><E103/><V51/><F105/><W9/><G9/><T64/><D64/><U65/><E65/><V74/><F97/><W121/><G121/><T18/><AGARI ba="2,2" hai="11,12,17,18,19,52,59,60,95,96,102" m="50503" machi="18" ten="30,6000,0" yaku="8,1,52,1,54,1" doraHai="84" who="0" fromWho="0" sc="279,86,221,-22,220,-22,260,-22" /><INIT seed="0,3,0,4,0,35" ten="365,199,198,238" oya="0" hai0="7,95,20,77,12,94,54,103,68,74,70,114,29" hai1="16,25,111,80,127,6,88,23,73,69,64,39,117" hai2="108,27,119,26,11,122,89,82,19,32,53,28,126" hai3="104,41,31,85,48,78,37,84,75,55,49,115,116"/><T113/><D77/><U96/><E117/><V0/><F122/><W57/><G116/><T33/><D33/><U86/><E111/><V123/><F123/><W14/><G115/><T112/><D74/><U10/><E127/><V135/><F119/><W60/><G104/><T72/><D72/><U59/><E39/><V18/><F126/><W83/><G31/><T2/><D54/><U131/><E131/><V133/><F53/><W46/><G14/><T130/><D130/><U93/><E73/><V124/><F124/><W97/><G97/><T30/><D103/><U38/><E38/><V125/><F125/><W8/><G8/><T4/><D12/><U90/><E69/><N who="0" m="26729" /><D20/><U56/><E64/><V62/><F62/><W129/><G129/><T134/><D2/><AGARI ba="3,0" hai="2,6,10,16,23,25,56,59,80,86,88,90,93,96" machi="2" ten="30,7700,0" yaku="7,1,52,1,54,2" doraHai="35" who="1" fromWho="0" sc="365,-86,199,86,198,0,238,0" /><INIT seed="1,0,0,5,1,46" ten="279,285,198,238" oya="1" hai0="78,92,58,49,5,13,69,37,99,111,103,121,102" hai1="114,135,87,131,52,113,119,20,73,120,55,75,89" hai2="25,14,0,67,18,93,62,130,101,66,42,61,59" hai3="125,82,132,80,40,88,83,56,3,32,84,63,79"/><U104/><E120/><V6/><F130/><W115/><G115/><T10/><D37/><U16/><E119/><V68/><F42/><W72/><G132/><T74/><D69/><U31/><E104/><V91/><F101/><W133/><G133/><T123/><D111/><U98/><E135/><V71/><F25/><W44/><G125/><T4/><D102/><U9/><E131/><V53/><F0/><W108/><G108/><T105/><D92/><U23/><E98/><V129/><F6/><W116/><G116/><T70/><D70/><U109/><E109/><V128/><F18/><W95/><G32/><T26/><D26/><U36/><E36/><V29/><F14/><W50/><REACH who="3" step="1"/><G3/><REACH who="3" ten="279,285,198,228" step="2"/><T43/><D121/><U1/><E114/><V127/><F127/><W35/><G35/><T30/><D123/><U124/><E113/><V24/><F128/><W90/><G90/><T33/><D33/><U27/><E124/><V8/><F129/><W22/><G22/><T100/><D103/><U64/><E23/><V15/><F8/><W126/><G126/><T38/><D10/><U48/><E1/><V45/><F91/><W81/><G81/><T28/><D100/><U2/><E2/><V7/><F93/><W85/><G85/><T107/><D105/><U118/><E118/><V122/><F122/><W76/><G76/><T110/><D107/><U94/><E9/><V19/><F7/><W86/><G86/><T54/><D110/><U12/><E94/><V41/><F19/><W97/><G97/><T65/><D99/><U34/><E34/><V112/><F112/><RYUUKYOKU ba="0,1" sc="279,-10,285,-10,198,-10,228,30" hai3="40,44,50,56,63,72,79,80,82,83,84,88,95" /><INIT seed="2,1,1,1,4,123" ten="269,275,188,258" oya="2" hai0="37,103,40,122,85,65,5,68,54,114,99,34,20" hai1="83,79,56,129,55,28,41,82,109,94,131,108,48" hai2="92,89,90,7,70,73,78,126,30,74,32,106,100" hai3="10,22,69,128,104,35,39,21,50,81,19,133,116"/><V135/><F7/><W117/><G39/><T62/><D122/><U134/><E134/><V42/><F70/><W15/><G133/><T130/><D34/><U127/><E127/><V26/><F135/><W13/><G50/><T27/><D114/><U96/><E41/><V38/><F126/><W23/><G81/><N who="1" m="30730" /><E28/><V102/><F78/><W33/><G104/><T29/><D130/><N who="1" m="49675" /><E79/><V8/><F8/><N who="3" m="6567" /><G69/><T46/><D85/><U101/><AGARI ba="1,1" hai="48,55,56,94,96,101,108,109" m="49675,30730" machi="101" ten="30,4000,0" yaku="19,1,52,2" doraHai="123" who="1" fromWho="1" sc="269,-11,275,53,188,-21,258,-11" /><INIT seed="3,0,0,0,1,113" ten="258,328,167,247" oya="3" hai0="46,67,81,7,73,104,5,130,0,65,48,36,75" hai1="106,127,37,19,72,62,82,115,99,107,88,69,40" hai2="86,50,45,8,77,132,123,112,128,100,119,52,116" hai3="110,135,87,125,23,63,95,2,70,43,9,49,83"/><W56/><G135/><T54/><D104/><U78/><E115/><V44/><F112/><W71/><G125/><T90/><D130/><U26/><E127/><V92/><F128/><W10/><G95/><T68/><D36/><U6/><E6/><V96/><F132/><W32/><G32/><T22/><D73/><U108/><E108/><V38/><F123/><W14/><G110/><T12/><D0/><U60/><E40/><V13/><F38/><W85/><G2/><T16/><D75/><U33/><E37/><V21/><F21/><W102/><G102/><T134/><D68/><U101/><E107/><V120/><F120/><W18/><G70/><T28/><D28/><U131/><E69/><V97/><F45/><N who="3" m="25791" /><G71/><T89/><D134/><U27/><E131/><V111/><F111/><W91/><G85/><N who="0" m="50351" /><D90/><U51/><E33/><V61/><F61/><W59/><G59/><T31/><D31/><U109/><E109/><V42/><F42/><W105/><G105/><T98/><D98/><U17/><E62/><V117/><F97/><W64/><AGARI ba="0,0" hai="9,10,14,18,23,56,63,64,83,87,91" m="25791" machi="64" ten="30,1500,0" yaku="8,1" doraHai="113" who="3" fromWho="3" sc="258,-5,328,-5,167,-5,247,15" /><INIT seed="3,1,0,1,3,125" ten="253,323,162,262" oya="3" hai0="34,13,99,69,83,85,28,61,132,104,117,37,11" hai1="96,76,12,18,5,82,127,46,63,47,116,133,21" hai2="24,52,123,111,16,2,54,33,71,57,131,97,118" hai3="29,42,103,6,81,78,112,80,38,93,19,98,25"/><W15/><G112/><T135/><D37/><U107/><E127/><V27/><F71/><W91/><G6/><T102/><D117/><U14/><E133/><V122/><F2/><W7/><G7/><T22/><D22/><U23/><E116/><V39/><F39/><W55/><G55/><T94/><D94/><U120/><E120/><N who="2" m="46123" /><F118/><W51/><G38/><T86/><D13/><U88/><E63/><V26/><F111/><W3/><G3/><T8/><D86/><N who="1" m="48455" /><E107/><V60/><F33/><W119/><G119/><T44/><D44/><N who="1" m="16939" /><E5/><V126/><F126/><W67/><G51/><T74/><D74/><U108/><E108/><V45/><F97/><W62/><G42/><T100/><D100/><U72/><E72/><V110/><F110/><W56/><G78/><N who="0" m="46327" /><D135/><U49/><E49/><N who="2" m="28719" /><F131/><W1/><G1/><T58/><D58/><U129/><E129/><V106/><F106/><W84/><G81/><T87/><D87/><U0/><E0/><V30/><F30/><W59/><G59/><T124/><D124/><U101/><E101/><V121/><N who="2" m="46131" /><V9/><DORA hai="115" /><F9/><W75/><G75/><T79/><D132/><U64/><E23/><AGARI ba="1,0" hai="16,23,24,26,27,54,57,60" m="28719,46131" machi="23" ten="40,5200,0" yaku="13,1,54,2" doraHai="125,115" who="2" fromWho="1" sc="253,0,323,-55,162,55,262,0" /><INIT seed="4,0,0,3,1,102" ten="253,268,217,262" oya="0" hai0="49,24,43,63,73,39,40,61,55,21,27,71,45" hai1="10,29,135,126,107,9,81,123,103,51,91,58,130" hai2="116,111,124,117,129,56,74,7,77,32,2,68,120" hai3="99,18,115,46,110,105,54,84,57,118,3,31,96"/><T69/><D73/><U0/><E123/><V100/><RYUUKYOKU type="yao9" ba="0,0" sc="253,0,268,0,217,0,262,0" hai2="2,7,32,56,68,74,77,100,111,116,117,120,124,129" /><INIT seed="4,1,0,2,1,76" ten="253,268,217,262" oya="0" hai0="106,50,78,132,31,74,59,88,11,29,110,21,0" hai1="55,13,92,86,41,80,57,127,72,14,67,114,66" hai2="97,89,22,119,82,124,77,27,33,23,70,108,105" hai3="122,44,42,62,68,85,25,18,43,134,84,17,5"/><T113/><D106/><U115/><E72/><V2/><F70/><W90/><G134/><T93/><D132/><U53/><E41/><V71/><F2/><W61/><G122/><T83/><D113/><N who="1" m="43019" /><E92/><V91/><F71/><W75/><G75/><T48/><D110/><U107/><E107/><V9/><F108/><W103/><G103/><T16/><D11/><U49/><E55/><V96/><F9/><W117/><G117/><T128/><D0/><U32/><E32/><V51/><F27/><W109/><G5/><T1/><D1/><U69/><E127/><V121/><F124/><W8/><G109/><T99/><D128/><U98/><E98/><V4/><F77/><W95/><G68/><T87/><D74/><U36/><E36/><V130/><F4/><W100/><G100/><T38/><D38/><U64/><E69/><V47/><F121/><W116/><G116/><T3/><D3/><U104/><E104/><V135/><F105/><W52/><G85/><T65/><D65/><N who="1" m="16643" /><U40/><DORA hai="10" /><E40/><V79/><F130/><W58/><G42/><T20/><D20/><U111/><E111/><V39/><F23/><N who="3" m="13559" /><G43/><T45/><D45/><U37/><E37/><V112/><F47/><W133/><G44/><T30/><D59/><U126/><E126/><V24/><F33/><W12/><G133/><T7/><D7/><U54/><E54/><V19/><F135/><W73/><G73/><T131/><D131/><U56/><E56/><V120/><F120/><W102/><G102/><T46/><D46/><U81/><E86/><V34/><F119/><W28/><G28/><RYUUKYOKU ba="1,0" sc="253,10,268,10,217,-30,262,10" hai0="16,21,29,30,31,48,50,78,83,87,88,93,99" hai1="13,14,49,53,57,80,81" hai3="8,12,17,52,58,61,62,84,90,95" /><INIT seed="4,2,0,1,4,62" ten="263,278,187,272" oya="0" hai0="40,49,15,81,70,52,114,13,74,56,10,19,97" hai1="63,131,80,20,71,135,79,113,125,93,122,128,42" hai2="25,117,9,61,47,22,86,96,73,124,92,130,85" hai3="36,48,105,66,118,37,87,14,21,4,69,106,0"/><T104/><D70/><U98/><E122/><V60/><F73/><W31/><G118/><T8/><D114/><U95/><E63/><V33/><F33/><W67/><G69/><T53/><D40/><U84/><E42/><V50/><F117/><W108/><G14/><T34/><D34/><U65/><E65/><N who="3" m="24586" /><G87/><T126/><D126/><U7/><E20/><V16/><F124/><W55/><G21/><T29/><D29/><U51/><E51/><V24/><F130/><W82/><G48/><T134/><D134/><U78/><E7/><V45/><F9/><W99/><G4/><T94/><D104/><N who="3" m="40041" /><G99/><T41/><D41/><U12/><E12/><V5/><F5/><W88/><G31/><T64/><D64/><U44/><E71/><V100/><F24/><W123/><G82/><T11/><D53/><U129/><E44/><N who="2" m="16971" /><F50/><W1/><G55/><T57/><D15/><U109/><E125/><V27/><F27/><W120/><G88/><T103/><D57/><U76/><E98/><V90/><F86/><W35/><G35/><T102/><D103/><U39/><E84/><V68/><F68/><W119/><G119/><T18/><D13/><U77/><E129/><V83/><AGARI ba="2,0" hai="16,22,25,60,61,83,85,90,92,96,100" m="16971" machi="83" ten="30,2000,0" yaku="8,1,54,1" doraHai="62" who="2" fromWho="2" sc="263,-12,278,-7,187,26,272,-7" /><INIT seed="5,0,0,4,3,80" ten="251,271,213,265" oya="1" hai0="14,6,76,30,55,90,130,21,107,47,22,10,125" hai1="29,13,65,38,71,0,96,101,5,54,81,25,103" hai2="12,104,79,46,134,118,70,53,1,84,123,62,93" hai3="116,33,36,41,11,49,120,27,69,31,35,95,127"/><U117/><E117/><V17/><F1/><W122/><G116/><T91/><D107/><U19/><E38/><V135/><F104/><W111/><G111/><T68/><D68/><U128/><E128/><V78/><F123/><W92/><G69/><T126/><D130/><U109/><E109/><V48/><F118/><W110/><G110/><T59/><D47/><U86/><E54/><V132/><F70/><W57/><G127/><T15/><D76/><U4/><E65/><V16/><F62/><W98/><G35/><T51/><D30/><U26/><E71/><V67/><F67/><W60/><G36/><T40/><D40/><U64/><E64/><V56/><F17/><W66/><G11/><T72/><D72/><U89/><E0/><V82/><F93/><W8/><G92/><T20/><D15/><U58/><E58/><V129/><F129/><W23/><G33/><T124/><AGARI ba="0,0" hai="6,10,14,20,21,22,51,55,59,90,91,124,125,126" machi="124" ten="40,2700,0" yaku="0,1,18,1" doraHai="80" who="0" fromWho="0" sc="251,27,271,-13,213,-7,265,-7" /><INIT seed="6,0,0,5,3,8" ten="278,258,206,258" oya="2" hai0="43,2,62,122,36,132,97,133,3,65,88,1,21" hai1="23,124,135,92,91,5,117,51,64,45,13,70,0" hai2="19,81,119,79,58,31,89,29,34,60,32,30,20" hai3="109,134,115,48,39,9,57,74,121,111,131,55,10"/><V28/><F119/><W126/><G74/><T42/><D122/><U93/><E117/><V77/><N who="2" m="7168" /><DORA hai="83" /><V106/><F106/><W41/><G9/><T125/><D125/><U11/><E124/><V26/><F89/><W101/><G10/><T112/><D21/><U53/><E135/><N who="0" m="51785" /><D36/><U105/><E105/><V123/><F123/><W71/><G101/><T4/><D4/><U116/><E116/><V12/><F12/><W85/><G121/><T50/><D50/><U66/><E70/><V69/><F69/><W114/><G134/><T38/><D38/><U52/><E53/><V86/><REACH who="2" step="1"/><F77/><REACH who="2" ten="278,258,196,258" step="2"/><W25/><G126/><T72/><D112/><U7/><E7/><V27/><F27/><W15/><G25/><T99/><D88/><U100/><E100/><V98/><F98/><W35/><G71/><N who="0" m="42423" /><D99/><U44/><E93/><V67/><AGARI ba="0,1" hai="19,20,26,32,34,58,60,67,79,81,86" m="7168" machi="67" ten="40,12000,1" yaku="1,1,0,1,52,1,53,1" doraHai="8,83" doraHaiUra="6,17" who="2" fromWho="2" sc="278,-40,258,-40,196,130,258,-40" /><INIT seed="6,1,0,1,3,130" ten="238,218,326,218" oya="2" hai0="60,22,108,41,31,65,95,12,67,45,23,55,35" hai1="3,7,135,126,80,91,14,100,84,4,53,59,26" hai2="43,63,87,49,13,16,92,69,40,99,29,64,18" hai3="20,111,30,78,85,58,79,8,124,83,46,123,107"/><V9/><F29/><W77/><G111/><T73/><D108/><U39/><E39/><V5/><F87/><W38/><G123/><T89/><D73/><U97/><E3/><V119/><F119/><W70/><G70/><T21/><D35/><U36/><E36/><V101/><F49/><W102/><G124/><T25/><D55/><U86/><E126/><V34/><F34/><W47/><G8/><T120/><D120/><U72/><E72/><V131/><F131/><W75/><G75/><T32/><D12/><U105/><E135/><V27/><F27/><W50/><G38/><T24/><D65/><U6/><E26/><V113/><REACH who="2" step="1"/><F113/><REACH who="2" ten="238,218,316,218" step="2"/><W48/><G85/><N who="0" m="52655" /><D25/><U128/><E128/><V33/><F33/><W132/><G30/><T103/><D32/><U104/><E84/><V115/><F115/><W57/><G50/><T93/><D31/><U15/><E86/><V51/><F51/><W1/><G48/><T61/><D24/><U44/><E80/><V121/><F121/><W17/><G83/><T28/><D28/><U68/><E44/><V56/><F56/><W118/><G57/><T71/><D45/><U90/><E59/><V66/><F66/><W11/><G58/><T88/><D67/><U2/><E68/><V82/><F82/><W114/><G47/><T122/><D71/><U134/><E53/><V125/><F125/><W117/><G46/><T62/><D122/><U0/><E0/><V116/><F116/><W10/><G117/><T133/><D61/><U52/><E2/><V96/><F96/><N who="3" m="61895" /><G118/><T129/><D62/><U98/><E98/><RYUUKYOKU ba="1,1" sc="238,-10,218,-10,316,30,218,-10" hai2="5,9,13,16,18,40,43,63,64,69,92,99,101" /><INIT seed="6,2,1,4,2,15" ten="228,208,346,208" oya="2" hai0="7,65,34,69,73,133,78,106,46,120,112,77,80" hai1="107,17,71,97,126,19,40,114,102,132,93,1,70" hai2="0,95,41,110,52,39,45,3,111,57,18,53,86" hai3="51,135,2,98,96,29,64,123,87,42,90,92,25"/><V116/><F116/><W58/><G123/><T37/><D78/><U56/><E1/><V75/><F75/><W11/><G135/><T109/><D109/><N who="2" m="41482" /><F53/><W13/><G2/><T122/><D133/><U62/><E132/><V113/><F113/><W130/><G130/><T21/><D21/><U118/><E118/><V67/><F67/><W117/><G117/><T94/><D94/><U125/><E40/><V12/><F95/><W31/><G64/><T101/><D7/><U88/><E114/><V72/><F86/><W89/><G89/><T115/><D46/><U103/><E71/><V74/><F3/><W60/><G60/><T105/><D112/><U61/><E70/><V128/><F128/><W22/><G29/><T85/><D73/><U20/><E62/><N who="2" m="36135" /><F0/><W81/><G92/><T79/><D115/><U27/><E107/><V9/><AGARI ba="2,1" hai="9,12,18,39,41,45,72,74" m="36135,41482" machi="9" ten="30,6000,0" yaku="10,1,52,1,54,1" doraHai="15" who="2" fromWho="2" sc="228,-22,208,-22,346,76,208,-22" /><INIT seed="6,3,0,5,5,24" ten="206,186,422,186" oya="2" hai0="73,82,127,62,26,20,86,1,111,4,0,72,53" hai1="49,46,70,79,2,75,104,7,114,57,93,45,90" hai2="121,83,19,105,11,25,59,28,32,30,107,100,124" hai3="66,125,55,78,101,50,91,41,76,18,68,129,60"/><V40/><F121/><W88/><G129/><T17/><D111/><U35/><E70/><V95/><F40/><W58/><G125/><T113/><D127/><U5/><E104/><V48/><F124/><W116/><G116/><T21/><D113/><U9/><E114/><V89/><F83/><W120/><G120/><T63/><D4/><U103/><E35/><V13/><F100/><W112/><G112/><T87/><D26/><U134/><E103/><V15/><F30/><W65/><G65/><T119/><D82/><U94/><E75/><V42/><F15/><W96/><G18/><T81/><D81/><U10/><E79/><V34/><F34/><W61/><G78/><T36/><D17/><U23/><E23/><V97/><REACH who="2" step="1"/><F59/><REACH who="2" ten="206,186,412,186" step="2"/><W132/><G76/><T51/><D1/><U47/><E57/><V98/><F98/><W16/><G96/><T133/><D0/><U130/><E2/><V115/><F115/><W108/><G101/><T123/><D123/><U12/><E12/><V84/><F84/><W43/><G41/><T92/><D87/><U22/><E90/><V56/><F56/><W85/><G91/><T128/><D86/><U118/><E118/><V106/><F106/><W69/><G68/><T102/><D119/><U135/><E94/><V8/><F8/><W109/><G108/><T131/><D92/><U52/><E93/><V71/><F71/><W44/><G109/><T54/><D102/><U67/><E9/><V38/><F38/><W64/><G64/><T80/><D80/><U14/><E67/><V27/><F27/><W77/><G66/><RYUUKYOKU ba="3,1" sc="206,-10,186,-10,412,30,186,-10" hai2="11,13,19,25,28,32,42,48,89,95,97,105,107" /><INIT seed="6,4,1,3,1,23" ten="196,176,442,176" oya="2" hai0="98,7,5,97,42,96,62,24,82,84,30,91,89" hai1="19,39,127,61,111,8,114,90,126,13,81,130,131" hai2="93,123,77,36,87,68,57,65,37,116,26,63,22" hai3="124,104,60,44,54,88,21,55,121,56,73,27,106"/><V94/><F123/><W74/><G121/><T64/><D42/><U45/><E111/><V17/><F116/><W76/><G124/><N who="1" m="47658" /><E114/><V120/><F120/><W117/><G117/><T52/><D91/><U46/><E61/><V49/><F49/><W105/><G76/><T10/><D52/><U51/><E39/><V79/><F68/><W9/><G9/><T6/><D10/><U103/><E103/><V95/><REACH who="2" step="1"/><F87/><REACH who="2" ten="196,176,432,176" step="2"/><W119/><G119/><T12/><D84/><N who="1" m="50447" /><E51/><V69/><F69/><W72/><G73/><T4/><N who="0" m="1024" /><DORA hai="132" /><T86/><D86/><U35/><E35/><V75/><F75/><W14/><G72/><T118/><D118/><U3/><E3/><V53/><F53/><W0/><G54/><T28/><D62/><U41/><E41/><V59/><F59/><W115/><G55/><T125/><D125/><U92/><E46/><V50/><F50/><W110/><G60/><T102/><D64/><U122/><E45/><V48/><F48/><W33/><G44/><T32/><D32/><U34/><E34/><V58/><F58/><W129/><G56/><T71/><D71/><U78/><E122/><V80/><F80/><W67/><G33/><T100/><D82/><U29/><E78/><AGARI ba="4,2" hai="17,22,26,36,37,57,63,65,77,78,79,93,94,95" machi="78" ten="40,7700,0" yaku="1,1,52,1,53,1" doraHai="23,132" doraHaiUra="20,101" who="2" fromWho="1" sc="196,0,176,-89,432,109,176,0" /><INIT seed="6,5,0,2,3,94" ten="196,87,541,176" oya="2" hai0="125,40,29,103,106,33,34,96,66,116,99,127,55" hai1="133,12,98,7,86,123,49,21,44,128,47,68,84" hai2="83,113,78,63,28,32,22,95,56,51,30,77,27" hai3="72,115,124,6,101,36,102,121,62,31,105,108,35"/><V71/><F113/><W60/><G108/><T16/><D116/><U93/><E68/><V52/><F32/><W107/><G121/><T61/><D40/><U24/><E123/><V79/><F30/><W76/><G36/><T14/><D55/><U100/><E133/><V111/><F111/><W1/><G60/><T0/><D0/><U87/><E128/><V112/><F112/><W41/><G41/><T135/><D99/><U20/><E49/><V132/><F132/><W73/><G62/><T89/><D89/><U104/><E104/><V117/><F117/><W131/><G76/><T42/><D42/><U23/><REACH who="1" step="1"/><E24/><REACH who="1" ten="196,77,541,176" step="2"/><V114/><F114/><W9/><G115/><T54/><D106/><U122/><E122/><V18/><F28/><W19/><G131/><T48/><D29/><U8/><AGARI ba="5,1" hai="7,8,12,20,21,23,44,47,84,86,87,93,98,100" machi="8" ten="40,8000,1" yaku="1,1,0,1,8,1,52,1,53,0" doraHai="94" doraHaiUra="46" who="1" fromWho="1" sc="196,-25,77,105,541,-45,176,-25" /><INIT seed="7,0,0,4,4,131" ten="171,182,496,151" oya="3" hai0="9,54,27,94,120,70,33,90,40,5,50,57,132" hai1="26,84,118,74,11,21,62,56,82,73,42,121,135" hai2="10,1,17,35,112,19,115,20,122,65,79,113,51" hai3="69,103,44,29,43,106,81,100,77,67,127,4,6"/><W114/><G114/><T55/><D120/><U111/><E135/><V31/><F51/><W83/><G127/><T96/><D70/><U80/><E111/><V32/><F65/><W71/><G29/><T18/><D132/><U97/><E121/><V13/><F79/><W8/><G106/><T7/><D40/><U72/><E118/><V2/><F122/><W16/><G67/><T105/><D105/><U108/><E108/><V60/><F60/><W46/><G43/><T23/><D33/><N who="2" m="12874" /><F31/><W41/><G41/><T124/><D124/><U68/><E11/><V116/><F116/><W63/><G8/><T125/><D125/><U123/><E42/><V36/><F36/><W37/><G63/><N who="0" m="36279" /><D9/><U128/><E97/><V66/><F66/><W130/><G130/><T34/><D34/><U38/><E68/><V87/><F87/><W78/><REACH who="3" step="1"/><G16/><REACH who="3" ten="171,182,496,141" step="2"/><T109/><D109/><U0/><E128/><V47/><F19/><W15/><G15/><T48/><D48/><U129/><E129/><V93/><F13/><W102/><G102/><T64/><D64/><U86/><E123/><V107/><F17/><W98/><G98/><T3/><D3/><U28/><E0/><V24/><F2/><W117/><G117/><T89/><D5/><U88/><E38/><AGARI ba="0,1" hai="4,6,37,38,44,46,69,71,77,78,81,83,100,103" machi="38" ten="25,4800,0" yaku="1,1,22,2,53,0" doraHai="131" doraHaiUra="45" who="3" fromWho="1" sc="171,0,182,-48,496,0,141,58" /><INIT seed="7,1,0,0,4,103" ten="171,134,496,199" oya="3" hai0="134,48,119,58,125,68,31,112,34,107,94,101,46" hai1="26,91,72,100,8,135,96,21,118,97,47,127,62" hai2="87,27,126,86,63,105,19,35,28,67,32,69,79" hai3="55,54,39,30,71,2,40,56,25,70,7,128,38"/><W102/><G102/><T45/><D68/><N who="3" m="26153" /><G7/><T6/><D119/><U90/><E118/><V43/><F43/><W60/><G25/><T84/><D107/><U5/><E72/><V115/><F105/><W114/><G30/><T3/><D112/><U18/><E127/><V11/><F35/><W53/><G2/><T122/><D122/><U9/><E135/><V99/><F99/><W80/><G80/><T111/><D111/><U110/><E110/><V57/><F115/><W36/><G128/><T109/><D109/><U93/><E62/><V49/><F86/><W104/><G104/><T24/><D134/><U88/><E47/><V81/><F126/><W33/><G33/><T123/><D123/><U108/><E108/><V75/><F87/><W73/><G73/><T95/><D95/><U59/><E59/><V74/><F75/><W82/><G82/><T17/><D17/><U14/><E9/><V116/><F116/><W130/><G130/><T1/><D125/><U78/><E78/><V41/><F11/><W15/><G15/><T50/><D58/><U106/><AGARI ba="1,0" hai="5,8,14,18,21,26,88,90,91,93,96,97,100,106" machi="106" ten="20,5200,0" yaku="0,1,7,1,52,1,54,1" doraHai="103" who="1" fromWho="1" sc="171,-14,134,55,496,-14,199,-27" owari="157,-34.0,189,-1.0,482,58.0,172,-23.0" /></mjloggm>