<mjloggm ver="2.3"><GO type="225" lobby="0"/><UN n0="%E5%B7%A5%E8%97%A4%E6%96%B0%E4%B8%80" n1="%E2%97%8E%E8%97%A4%E5%A0%82%E7%BE%8E%E6%B2%99%E2%97%8E" n2="%E7%90%B4%E8%91%89%E8%91%B5" n3="%6B%79%6F%6E%6B%6F%31%31" dan="16,16,16,17" rate="2094.89,2085.04,2047.40,2209.41" sx="M,F,F,M"/><TAIKYOKU oya="0"/><INIT seed="0,0,0,4,0,79" ten="250,250,250,250" oya="0" hai0="97,101,113,88,67,102,61,19,52,43,17,106,96" hai1="89,125,118,107,116,36,8,23,39,13,76,46,55" hai2="129,33,41,111,15,95,100,134,63,86,94,62,123" hai3="31,81,24,82,20,9,44,11,104,74,60,72,127"/><T73/><D113/><U90/><E107/><V51/><F123/><W6/><G104/><T57/><D73/><U98/><E23/><V93/><F33/><W130/><G130/><T108/><D108/><U120/><E120/><V48/><F129/><W122/><G122/><T2/><D2/><U3/><E3/><V12/><F134/><W0/><G127/><T49/><D43/><U131/><E131/><V47/><F111/><W29/><G29/><T21/><D21/><U45/><E125/><V34/><F34/><W40/><G11/><T109/><D109/><U1/><E1/><V132/><F132/><W35/><G72/><T114/><D114/><U103/><E76/><V84/><F100/><W71/><G74/><T10/><D10/><U50/><E116/><V85/><REACH who="2" step="1"/><F48/><REACH who="2" ten="250,250,240,250" step="2"/><W58/><G35/><T133/><D133/><U37/><E37/><V119/><F119/><W26/><G26/><T56/><REACH who="0" step="1"/><D102/><REACH who="0" ten="240,250,240,250" step="2"/><U75/><E103/><V53/><F53/><W54/><REACH who="3" step="1"/><G71/><REACH who="3" ten="240,250,240,240" step="2"/><T7/><D7/><U5/><E5/><V115/><F115/><W32/><G32/><T70/><D70/><U28/><E118/><V128/><F128/><W110/><G110/><T121/><D121/><U83/><E28/><V4/><F4/><W25/><G25/><T59/><D59/><U68/><E68/><V18/><F18/><W112/><G112/><T87/><D87/><U16/><E45/><V22/><F22/><W99/><G99/><T78/><D78/><U77/><E98/><V30/><F30/><W14/><G14/><AGARI ba="0,3" hai="12,14,15,41,47,51,62,63,84,85,86,93,94,95" machi="14" ten="40,2600,0" yaku="1,1,8,1,53,0" doraHai="79" doraHaiUra="124" who="2" fromWho="3" sc="240,0,250,0,240,56,240,-26" /><INIT seed="1,0,0,4,1,27" ten="240,250,296,214" oya="1" hai0="81,134,46,131,122,38,118,113,37,99,54,39,53" hai1="61,93,32,3,115,90,55,127,132,66,18,92,74" hai2="82,69,123,125,51,30,108,129,112,47,56,104,80" hai3="68,114,110,58,33,9,109,57,15,42,97,45,49"/><U77/><E115/><V102/><F123/><W29/><G114/><T50/><D99/><U86/><E127/><V124/><F112/><W126/><G68/><T133/><D81/><U100/><E132/><N who="0" m="50793" /><D113/><U83/><E3/><V28/><F69/><W11/><G126/><N who="2" m="48745" /><F108/><N who="3" m="41579" /><G97/><T21/><D21/><U7/><E7/><V70/><F56/><N who="3" m="21611" /><G15/><T101/><D101/><U2/><E2/><V4/><F4/><W91/><G91/><T106/><D106/><U52/><E66/><V43/><F70/><W119/><G119/><T76/><D76/><U12/><E32/><V36/><F129/><W17/><G17/><T20/><D20/><U75/><E61/><V67/><F67/><W128/><G128/><T78/><D78/><U85/><E74/><V64/><F64/><W59/><N who="3" m="21619" /><W87/><DORA hai="14" /><G87/><T0/><D0/><U103/><E103/><V111/><F111/><W40/><G40/><N who="0" m="24903" /><D131/><U8/><REACH who="1" step="1"/><E100/><REACH who="1" ten="240,240,296,214" step="2"/><V95/><F102/><W116/><G116/><T5/><D5/><U89/><AGARI ba="0,1" hai="8,12,18,52,55,75,77,83,85,86,89,90,92,93" machi="89" ten="30,18000,2" yaku="1,1,2,1,0,1,9,1,52,1,54,1,53,1" doraHai="27,14" doraHaiUra="25,6" who="1" fromWho="1" sc="240,-60,240,190,296,-60,214,-60" /><INIT seed="1,1,0,2,4,80" ten="180,430,236,154" oya="1" hai0="114,11,122,132,125,108,92,27,115,93,38,87,15" hai1="90,3,113,119,31,60,36,49,104,86,105,13,37" hai2="24,81,109,65,30,91,47,62,69,89,2,102,48" hai3="107,110,74,34,131,79,6,128,33,70,64,67,7"/><U54/><E113/><V85/><F109/><W61/><G110/><T9/><D108/><U112/><E119/><V88/><F2/><W94/><G107/><T59/><D132/><U55/><E3/><V20/><REACH who="2" step="1"/><F102/><REACH who="2" ten="180,430,226,154" step="2"/><W5/><G128/><T23/><D114/><U96/><E112/><V126/><F126/><W46/><G131/><T101/><D125/><U29/><E105/><V134/><F134/><W66/><G70/><T32/><D101/><U41/><E104/><V116/><F116/><W111/><G111/><T97/><D115/><U14/><E36/><V63/><F63/><W68/><G61/><T135/><D38/><U133/><E37/><V56/><F56/><W8/><G68/><T35/><D59/><U120/><E60/><V106/><F106/><W127/><G127/><T82/><D135/><U40/><E133/><V72/><F72/><W25/><G74/><T50/><D50/><U98/><E49/><V4/><F4/><W17/><G5/><T103/><D103/><U19/><E120/><V51/><F51/><W26/><G6/><T95/><D122/><U123/><E123/><V129/><F129/><W21/><G7/><T77/><D97/><U78/><E40/><AGARI ba="1,1" hai="20,24,30,40,47,48,62,65,69,81,85,88,89,91" machi="40" ten="30,8000,1" yaku="1,1,7,1,52,1,54,1,53,1" doraHai="80" doraHaiUra="42" who="2" fromWho="1" sc="180,0,430,-83,226,93,154,0" /><INIT seed="2,0,0,4,3,80" ten="180,347,319,154" oya="2" hai0="120,41,4,34,117,103,70,50,125,94,17,87,121" hai1="1,54,64,123,3,18,75,111,113,15,6,131,124" hai2="19,46,86,26,74,128,79,42,127,35,32,29,105" hai3="69,44,37,24,22,73,47,108,104,106,77,93,56"/><V11/><F105/><W65/><G69/><T135/><D125/><U84/><E113/><V0/><F127/><W89/><G108/><T53/><D135/><U82/><E124/><V95/><F128/><W40/><G77/><T91/><D117/><U130/><E75/><V8/><F35/><W97/><G73/><T90/><D70/><U59/><E111/><V107/><F107/><W13/><G13/><T60/><D34/><U23/><E123/><V28/><F28/><W25/><G25/><T38/><D103/><U21/><E64/><V31/><F31/><W51/><G56/><T132/><D132/><U14/><E21/><V96/><F19/><W63/><G63/><T119/><D119/><U78/><E14/><V126/><F126/><W81/><G81/><T52/><D4/><U30/><E30/><V43/><F0/><W83/><G83/><T45/><D60/><N who="1" m="35959" /><E6/><V58/><F74/><W39/><G65/><T67/><D67/><U48/><E48/><V99/><F58/><W68/><G68/><T134/><D134/><U7/><E7/><V122/><F122/><W16/><REACH who="3" step="1"/><G37/><REACH who="3" ten="180,347,319,144" step="2"/><T102/><D38/><U118/><E118/><V27/><F79/><W112/><G112/><T129/><D129/><AGARI ba="0,1" hai="1,3,15,18,23,78,82,84,129,130,131" m="35959" machi="129" ten="30,2000,0" yaku="19,1,52,1" doraHai="80" who="1" fromWho="0" sc="180,-20,347,30,319,0,144,0" /><INIT seed="3,0,0,4,1,20" ten="160,377,319,144" oya="3" hai0="84,25,128,28,107,87,12,6,62,86,66,101,77" hai1="93,120,55,126,63,119,92,105,37,100,96,4,81" hai2="3,17,113,46,19,67,78,50,27,94,39,102,5" hai3="76,118,129,124,22,104,108,38,23,26,103,35,13"/><W1/><G118/><T121/><D128/><U29/><E120/><V0/><F113/><W24/><G38/><T91/><D121/><U44/><E29/><V30/><F39/><W116/><G76/><T65/><D77/><U64/><E4/><V132/><F78/><W31/><G116/><T32/><D91/><U36/><E126/><V115/><F132/><W8/><G103/><T125/><D125/><U109/><E109/><V56/><F0/><W90/><G104/><T34/><D34/><U21/><E21/><V134/><F134/><W7/><G90/><T42/><D42/><U71/><E81/><V43/><F5/><W130/><G124/><T97/><REACH who="0" step="1"/><D62/><REACH who="0" ten="150,377,319,144" step="2"/><U11/><E63/><N who="2" m="38375" /><F3/><W59/><G59/><T53/><D53/><U117/><E55/><V112/><F112/><W33/><G108/><T9/><AGARI ba="0,1" hai="6,9,12,25,28,32,65,66,84,86,87,97,101,107" machi="9" ten="30,8000,1" yaku="1,1,0,1,52,1,53,2" doraHai="20" doraHaiUra="61" who="0" fromWho="0" sc="150,90,377,-20,319,-20,144,-40" owari="240,-16.0,357,46.0,299,10.0,104,-40.0" /></mjloggm>