<mjloggm ver="2.3"><GO type="169" lobby="0"/><UN n0="%73%65%61%73%74%6F%72%79" n1="%E8%B5%A4%E5%9F%8E%E3%81%BF%E3%82%8A%E3%81%82" n2="%E3%81%99%E3%81%B1%E3%81%95%E3%81%B6" n3="%E5%A4%A7%E8%BE%BB" dan="16,16,17,16" rate="2118.84,2106.65,2205.58,2092.68" sx="M,F,M,M"/><TAIKYOKU oya="0"/><INIT seed="0,0,0,4,4,86" ten="250,250,250,250" oya="0" hai0="67,80,90,18,54,78,14,84,19,87,82,10,98" hai1="39,9,128,1,108,28,5,71,55,52,70,72,107" hai2="102,121,57,93,85,31,6,134,44,132,41,99,112" hai3="49,133,2,56,65,35,50,62,131,30,38,15,53"/><T110/><D67/><U109/><E107/><V12/><F121/><W114/><G2/><T115/><D115/><U68/><E72/><V97/><F112/><W61/><G114/><T0/><D0/><U11/><E39/><V75/><F75/><W34/><G131/><T40/><D40/><U104/><E104/><V47/><F31/><W81/><G38/><T45/><D110/><N who="1" m="42603" /><E128/><V7/><F57/><W91/><G133/><T83/><D98/><U106/><E106/><V124/><F124/><W127/><G127/><T3/><D3/><N who="1" m="191" /><E28/><V16/><F97/><W119/><G119/><T105/><D105/><U118/><E118/><V69/><F69/><W101/><G101/><T22/><D83/><U43/><E43/><V48/><F132/><W58/><G15/><T96/><D96/><U17/><E17/><V8/><F134/><W29/><G81/><T125/><D125/><U20/><E20/><V89/><REACH who="2" step="1"/><F47/><REACH who="2" ten="250,250,240,250" step="2"/><W111/><G111/><T126/><D126/><U63/><E63/><V123/><F123/><W42/><G29/><T100/><D100/><U25/><E70/><V92/><AGARI ba="0,1" hai="6,7,8,12,16,41,44,48,85,89,92,93,99,102" machi="92" ten="20,12000,2" yaku="1,1,0,1,7,1,8,1,52,1,54,1,53,0" doraHai="86" doraHaiUra="103" who="2" fromWho="2" sc="250,-60,250,-30,240,130,250,-30" /><INIT seed="1,0,0,0,4,110" ten="190,220,370,220" oya="1" hai0="12,103,96,17,25,37,125,48,24,80,50,98,51" hai1="111,121,7,45,76,27,74,75,22,87,104,13,88" hai2="105,0,81,90,116,35,83,11,133,52,38,36,6" hai3="9,72,44,70,108,134,14,34,109,59,92,127,64"/><U132/><E121/><V30/><F116/><W8/><G34/><T82/><D37/><U112/><E112/><V26/><F133/><W3/><G72/><T42/><D42/><U28/><E104/><V128/><F128/><W39/><G70/><T101/><D125/><U43/><E132/><V15/><F105/><W66/><G134/><T67/><D67/><U32/><E111/><V62/><F0/><W124/><G59/><T117/><D117/><U91/><E76/><V78/><F90/><W113/><G92/><T119/><D119/><U93/><E91/><V57/><REACH who="2" step="1"/><F83/><REACH who="2" ten="190,220,360,220" step="2"/><W106/><G106/><T4/><D82/><U77/><E77/><V23/><F23/><W20/><G20/><T65/><D80/><U16/><REACH who="1" step="1"/><E7/><REACH who="1" ten="190,210,360,220" step="2"/><V130/><F130/><W129/><G129/><T85/><D4/><U115/><E115/><V29/><F29/><W63/><G113/><T33/><D103/><U61/><E61/><V41/><F41/><W60/><G63/><T49/><D101/><U71/><E71/><V47/><F47/><W19/><G60/><T86/><D65/><U114/><E114/><V2/><F2/><W118/><G66/><T126/><D126/><U89/><E89/><V46/><F46/><W120/><G64/><T1/><D1/><U107/><E107/><V54/><F54/><W40/><G118/><T73/><D73/><AGARI ba="0,2" hai="6,11,15,26,30,35,36,38,52,57,62,73,78,81" machi="73" ten="30,3900,0" yaku="1,1,7,1,54,1,53,0" doraHai="110" doraHaiUra="94" who="2" fromWho="0" sc="190,-39,210,0,360,59,220,0" /><INIT seed="2,0,0,2,0,118" ten="151,210,419,220" oya="2" hai0="44,28,42,112,26,74,116,79,32,127,83,45,91" hai1="64,126,47,69,71,15,33,77,63,120,38,94,50" hai2="41,1,122,78,20,72,90,7,88,124,129,59,81" hai3="100,115,110,109,12,40,60,102,65,80,73,56,106"/><V103/><F129/><W31/><G115/><T11/><D112/><U30/><E38/><V16/><F124/><W67/><G106/><T19/><D127/><U21/><E126/><V49/><F122/><W86/><G73/><T39/><D116/><U24/><E77/><V96/><F7/><W58/><G40/><T113/><D113/><U104/><E104/><V23/><F23/><W87/><G31/><T22/><D45/><U6/><E120/><V92/><F1/><W135/><G12/><T114/><D114/><U35/><E71/><V27/><REACH who="2" step="1"/><F59/><REACH who="2" ten="151,210,409,220" step="2"/><W18/><G58/><T43/><D11/><U108/><E6/><V99/><F99/><W2/><G2/><T119/><D119/><U95/><E35/><V82/><F82/><W3/><G3/><T48/><D32/><U125/><E125/><V36/><F36/><W34/><G34/><T51/><D39/><U98/><E98/><V93/><F93/><W101/><G80/><T85/><D22/><U68/><E68/><V134/><F134/><W84/><G135/><T132/><D83/><U57/><E69/><V121/><F121/><W105/><G105/><T62/><D132/><U66/><E95/><V131/><F131/><W130/><G130/><T107/><D107/><U111/><E94/><V97/><F97/><W37/><G37/><T29/><D74/><U76/><E33/><V17/><F17/><W128/><G128/><T10/><D19/><U53/><E57/><V9/><F9/><W89/><G18/><T75/><D10/><U133/><E133/><V117/><F117/><W0/><G0/><RYUUKYOKU ba="0,1" sc="151,-10,210,-10,409,30,220,-10" hai2="16,20,27,41,49,72,78,81,88,90,92,96,103" /><INIT seed="2,1,1,0,2,53" ten="141,200,439,210" oya="2" hai0="6,9,8,95,24,102,16,92,122,39,72,93,1" hai1="30,73,52,36,22,20,121,132,66,80,77,68,42" hai2="10,50,84,49,112,38,7,98,97,82,34,14,79" hai3="70,83,110,45,0,126,67,12,57,54,94,35,90"/><V44/><F34/><W105/><G105/><T119/><D119/><U18/><E132/><V99/><F112/><W48/><G0/><T33/><D122/><U46/><E121/><V25/><F38/><W127/><G110/><T74/><D39/><U40/><E40/><V124/><F124/><W125/><G83/><T41/><D41/><U15/><E68/><V87/><F25/><W29/><G12/><T63/><D102/><U71/><E71/><V61/><F84/><W103/><G103/><T2/><D63/><U23/><E66/><V116/><F116/><W13/><G13/><T96/><D96/><U21/><E30/><V43/><F50/><W115/><G115/><T89/><D89/><U104/><E104/><V91/><REACH who="2" step="1"/><F61/><REACH who="2" ten="141,200,429,210" step="2"/><N who="3" m="40303" /><G35/><T113/><D113/><U129/><E36/><V59/><F59/><W3/><G29/><T78/><D33/><U131/><E73/><V123/><F123/><W65/><G65/><T56/><D56/><U88/><E46/><V17/><F17/><W37/><G37/><T64/><D74/><U4/><E18/><V47/><F47/><W32/><G32/><T120/><D72/><U106/><E4/><V5/><F5/><W62/><G62/><T75/><D75/><U26/><E26/><V130/><F130/><W28/><G28/><T100/><D16/><U128/><E128/><V27/><F27/><W85/><G45/><T107/><D24/><U11/><E131/><V31/><F31/><W55/><G55/><T111/><D6/><U101/><E129/><V76/><AGARI ba="1,2" hai="7,10,14,43,44,49,76,79,82,87,91,97,98,99" machi="76" ten="30,6000,0" yaku="1,1,0,1,8,1,53,0" doraHai="53" doraHaiUra="134" who="2" fromWho="2" sc="141,-21,200,-21,429,83,210,-21" /><INIT seed="2,2,0,0,3,93" ten="120,179,512,189" oya="2" hai0="78,42,88,98,27,43,73,84,113,117,41,19,52" hai1="134,85,94,38,29,47,75,5,72,107,116,120,7" hai2="121,80,108,76,58,70,68,65,125,89,15,56,34" hai3="49,135,21,97,50,100,96,57,9,40,11,45,110"/><V3/><F3/><W106/><G135/><T63/><D113/><U114/><E114/><V60/><F121/><W51/><G110/><T55/><D117/><U24/><E116/><V103/><F125/><W28/><G28/><T35/><D73/><U127/><E107/><V79/><F34/><W71/><G71/><T91/><D78/><U69/><E69/><V74/><F79/><W6/><G11/><T54/><D35/><U37/><E134/><V46/><F46/><W87/><G21/><N who="0" m="13759" /><D91/><U64/><E64/><V25/><F25/><W2/><G57/><N who="0" m="35239" /><D98/><U83/><E75/><V1/><F1/><W122/><G122/><T61/><D61/><U13/><E120/><V39/><F39/><W105/><G87/><T32/><D32/><U33/><E38/><V36/><F36/><W22/><G22/><T4/><D4/><U109/><E72/><V18/><F89/><W53/><G40/><T30/><D30/><U8/><E5/><V119/><F119/><W0/><G0/><T118/><D118/><U130/><E37/><V20/><F108/><W10/><G10/><T101/><D101/><AGARI ba="2,0" hai="2,6,9,45,49,50,51,53,96,97,100,101,105,106" machi="101" ten="40,5200,0" yaku="9,1,52,2" doraHai="93" who="3" fromWho="0" sc="120,-58,179,0,512,0,189,58" /><INIT seed="3,0,0,4,2,78" ten="62,179,512,247" oya="3" hai0="45,31,89,135,67,125,76,16,124,105,73,10,117" hai1="118,113,43,106,38,42,52,7,96,90,5,13,6" hai2="109,123,49,87,35,81,20,133,98,18,59,15,80" hai3="70,29,112,103,46,71,100,122,91,84,95,17,74"/><W56/><G122/><T26/><D117/><U50/><E113/><V132/><F123/><W126/><G112/><T27/><D105/><U68/><E68/><V44/><F109/><W19/><G74/><T72/><D135/><N who="2" m="51786" /><F35/><W33/><G126/><N who="0" m="48747" /><D67/><U32/><E32/><V99/><F59/><W86/><G33/><T121/><D121/><U28/><E28/><V22/><F22/><W64/><G29/><T131/><D131/><U101/><E118/><V92/><F87/><W0/><G46/><T97/><D45/><U130/><E130/><V40/><F98/><W69/><G0/><T39/><D39/><U2/><E2/><V25/><F25/><W57/><G86/><T55/><D55/><U62/><E62/><V54/><F54/><W12/><G19/><T83/><D73/><U4/><E38/><V36/><F36/><W104/><G104/><T14/><D31/><U119/><E119/><V23/><F23/><W11/><REACH who="3" step="1"/><G56/><REACH who="3" ten="62,179,512,237" step="2"/><T94/><AGARI ba="0,1" hai="10,14,16,26,27,72,76,83,89,94,97" m="48747" machi="94" ten="30,4000,0" yaku="18,1,52,1,54,1" doraHai="78" who="0" fromWho="0" sc="62,50,179,-10,512,-10,237,-20" /><INIT seed="4,0,0,0,0,42" ten="112,169,502,217" oya="0" hai0="7,83,94,98,43,12,54,3,64,28,134,4,119" hai1="114,88,19,121,117,60,68,110,99,16,115,57,79" hai2="47,45,5,17,91,10,129,44,63,86,49,34,123" hai3="124,70,2,36,61,75,51,21,20,125,113,107,131"/><T133/><D119/><U93/><E68/><V92/><F123/><W108/><RYUUKYOKU type="yao9" ba="0,0" sc="112,0,169,0,502,0,217,0" hai3="2,20,21,36,51,61,70,75,107,108,113,124,125,131" /><INIT seed="4,1,0,4,5,132" ten="112,169,502,217" oya="0" hai0="97,12,43,32,69,83,24,27,70,134,39,26,112" hai1="81,80,121,127,87,62,98,74,35,90,61,7,17" hai2="68,100,76,33,118,55,86,9,5,123,0,66,129" hai3="71,34,58,109,85,42,10,54,116,115,77,104,93"/><T101/><D134/><U36/><E36/><V25/><F123/><W110/><G104/><T51/><D32/><U14/><E35/><V16/><F100/><W84/><G71/><T40/><D39/><U22/><E121/><V133/><F133/><W57/><G34/><T37/><D37/><U78/><E98/><V4/><F55/><W108/><G116/><T128/><D128/><U131/><E131/><V88/><F76/><W96/><G42/><T23/><D83/><U47/><E47/><V117/><F129/><W49/><G77/><T82/><D82/><U91/><E91/><V122/><F122/><W135/><G135/><T102/><D112/><U89/><E89/><V1/><F66/><W106/><G106/><T125/><D12/><U60/><E7/><V21/><F68/><N who="0" m="26218" /><D23/><U105/><REACH who="1" step="1"/><E105/><REACH who="1" ten="112,159,502,217" step="2"/><V13/><F33/><W65/><G115/><T6/><D6/><U29/><E29/><V31/><F5/><W75/><G110/><T72/><D97/><U50/><E50/><V103/><F4/><W30/><G96/><T126/><D51/><U15/><E15/><V119/><F103/><N who="0" m="39434" /><D72/><U48/><E48/><V111/><F111/><W8/><G49/><T19/><D19/><U59/><E59/><V79/><F79/><W56/><G75/><T2/><D2/><U107/><E107/><V20/><F20/><W53/><G58/><T130/><D130/><U41/><E41/><AGARI ba="1,1" hai="24,26,27,40,41,43,125,126" m="39434,26218" machi="41" ten="40,12000,1" yaku="28,2,52,2" doraHai="132" who="0" fromWho="1" sc="112,133,159,-123,502,0,217,0" /><INIT seed="4,2,0,2,3,2" ten="245,36,502,217" oya="0" hai0="78,39,24,83,6,68,72,76,77,112,126,60,15" hai1="96,4,113,129,29,51,52,34,79,40,117,67,123" hai2="57,55,48,9,130,90,116,87,37,62,103,86,104" hai3="69,31,38,92,70,61,50,131,107,135,120,35,27"/><T36/><D126/><U108/><E117/><V14/><F37/><W115/><G50/><T74/><D112/><U25/><E123/><V106/><F116/><W11/><G92/><T97/><D24/><U133/><E108/><V93/><F130/><W8/><G8/><T81/><D97/><U119/><E119/><V100/><F86/><W64/><G69/><T89/><D89/><U23/><E129/><V1/><F1/><W44/><G131/><T22/><D78/><U98/><E113/><V134/><F134/><W88/><G88/><T56/><D68/><U99/><E133/><V80/><F104/><W49/><G49/><T5/><D39/><U114/><E114/><V3/><F3/><W109/><G115/><T124/><D36/><U95/><E79/><V10/><F10/><W94/><G11/><T101/><D101/><U28/><E67/><V18/><F106/><W111/><G94/><T118/><D124/><U17/><E40/><V43/><F93/><W42/><G135/><T128/><D128/><U66/><E66/><V132/><F132/><W59/><G59/><T105/><D105/><U122/><E122/><V54/><F43/><W7/><G120/><T46/><D46/><AGARI ba="2,0" hai="9,14,18,46,48,54,55,57,62,80,87,90,100,103" machi="46" ten="30,7700,0" yaku="7,1,25,2,8,1" doraHai="2" who="2" fromWho="0" sc="245,-83,36,0,502,83,217,0" /><INIT seed="5,0,0,5,5,101" ten="162,36,585,217" oya="1" hai0="13,19,47,119,116,134,27,26,59,55,36,53,54" hai1="73,118,110,70,95,30,14,15,9,122,77,123,104" hai2="67,57,108,96,40,81,52,69,17,80,31,72,21" hai3="89,51,115,133,92,32,98,8,66,28,107,29,35"/><U85/><E70/><V4/><F108/><W87/><G133/><T86/><D134/><U120/><E118/><V124/><F124/><W88/><G115/><T64/><D119/><U33/><E110/><V99/><F40/><W109/><G109/><T16/><D116/><U5/><E73/><V78/><F4/><W84/><G66/><T79/><D36/><U105/><E15/><V63/><F31/><W7/><G29/><T75/><D75/><U25/><REACH who="1" step="1"/><E95/><REACH who="1" ten="162,26,585,217" step="2"/><V10/><F72/><W76/><G35/><T129/><D13/><U71/><E71/><V34/><F69/><W93/><G32/><T23/><D129/><U2/><E2/><V132/><F34/><W11/><G7/><T37/><D26/><U61/><E61/><V130/><F63/><W135/><G135/><T56/><D27/><U125/><E125/><V113/><F130/><W97/><G28/><T46/><D37/><U12/><E12/><V90/><F132/><W74/><G51/><T62/><D47/><U103/><E103/><V60/><F60/><W41/><G74/><T48/><D46/><U44/><E44/><V43/><F113/><W49/><G49/><T6/><D62/><U42/><E42/><V91/><F43/><W102/><G41/><T112/><D48/><U106/><E106/><V50/><F50/><W1/><G1/><T111/><D112/><U20/><E20/><V39/><F21/><W100/><G107/><T82/><D23/><U0/><E0/><V117/><F39/><W128/><G128/><T94/><D111/><U3/><E3/><V24/><F117/><RYUUKYOKU ba="0,1" sc="162,-15,26,15,585,-15,217,15" hai1="5,9,14,25,30,33,77,85,104,105,120,122,123" hai3="8,11,76,84,87,88,89,92,93,97,98,100,102" /><INIT seed="5,1,1,0,4,64" ten="147,41,570,232" oya="1" hai0="127,54,72,33,70,111,60,132,93,119,63,19,81" hai1="88,1,10,99,58,107,15,2,11,94,134,57,79" hai2="103,126,41,49,45,56,6,115,5,43,131,69,135" hai3="50,4,62,102,34,101,106,77,73,46,84,110,85"/><U21/><E134/><V30/><F103/><W108/><G34/><T51/><D132/><U80/><E107/><V55/><F30/><W120/><G4/><T68/><D119/><U40/><E40/><V109/><F6/><W8/><G8/><T59/><D33/><U67/><E2/><V118/><F5/><W78/><G62/><T12/><D111/><U37/><E37/><V9/><F9/><N who="1" m="3081" /><E67/><V98/><F109/><W14/><G14/><T31/><D31/><U36/><E36/><V66/><F98/><W35/><G35/><T25/><D25/><U65/><E65/><V29/><F29/><W38/><G50/><T123/><D123/><U61/><E61/><N who="2" m="40143" /><F43/><W128/><G38/><T20/><D127/><U7/><E7/><V112/><F126/><W52/><G46/><T117/><D117/><U122/><E122/><V91/><F118/><W96/><G120/><T129/><D72/><U24/><E15/><V13/><F13/><W76/><G52/><T3/><D54/><U16/><E1/><V92/><F41/><W87/><G73/><T97/><D12/><U90/><E79/><V44/><F135/><W124/><G124/><T71/><D3/><U39/><E39/><V116/><F116/><W114/><G102/><T23/><D71/><U82/><E90/><V100/><F91/><W105/><G105/><T74/><D70/><U0/><E0/><V75/><F75/><W95/><G106/><T121/><D68/><U53/><E58/><V17/><F56/><W104/><G104/><T32/><D74/><U48/><AGARI ba="1,1" hai="16,21,24,48,53,57,80,82,88,94,99" m="3081" machi="48" ten="30,6000,0" yaku="8,1,54,2" doraHai="64" who="1" fromWho="1" sc="147,-21,41,73,570,-21,232,-21" /><INIT seed="5,2,0,2,1,110" ten="126,114,549,211" oya="1" hai0="65,52,94,37,113,101,125,126,78,9,130,123,62" hai1="28,48,122,85,67,100,114,1,25,91,27,7,70" hai2="60,54,13,55,103,74,12,11,79,61,98,16,116" hai3="49,57,32,84,131,22,30,39,40,23,59,10,15"/><U43/><E122/><V96/><F116/><W88/><G131/><T135/><D123/><U58/><E100/><V18/><F74/><W45/><G32/><T92/><D130/><U31/><E1/><V51/><F79/><W99/><G99/><N who="2" m="37929" /><F103/><W3/><G3/><T80/><BYE who="3" /><D37/><U81/><E7/><V8/><F55/><W109/><G109/><T53/><D101/><UN n3="%E5%A4%A7%E8%BE%BB" /><U104/><E104/><V17/><F18/><W68/><G68/><T6/><D135/><U75/><E75/><V29/><F29/><W83/><G39/><T14/><D94/><U64/><E70/><V117/><F117/><W34/><G34/><T69/><D92/><U63/><E67/><V35/><F35/><W5/><G30/><T124/><REACH who="0" step="1"/><D113/><REACH who="0" ten="116,114,549,211" step="2"/><U102/><E114/><V121/><F121/><W127/><G127/><T26/><D26/><N who="1" m="9739" /><E102/><V120/><F120/><W90/><G90/><T134/><D134/><U21/><E31/><V33/><F33/><W42/><G42/><T66/><D66/><U112/><E112/><V38/><F38/><W71/><G71/><T56/><D56/><AGARI ba="2,1" hai="8,11,12,13,16,17,51,54,56,60,61" m="37929" machi="56" ten="30,2000,0" yaku="8,1,54,1" doraHai="110" who="2" fromWho="0" sc="116,-26,114,0,549,36,211,0" /><AGARI ba="2,0" hai="5,10,15,22,23,40,45,49,56,57,59,83,84,88" machi="56" ten="40,2600,0" yaku="8,1,54,1" doraHai="110" who="3" fromWho="0" sc="90,-26,114,0,585,0,211,26" /><INIT seed="6,0,0,3,4,40" ten="64,114,585,237" oya="2" hai0="95,7,43,134,15,91,53,64,112,28,47,31,59" hai1="78,89,67,66,76,74,8,11,131,71,68,93,37" hai2="54,33,51,121,96,16,86,97,6,103,14,4,63" hai3="17,102,70,32,38,126,72,117,50,133,20,26,44"/><V99/><F33/><W122/><G70/><T120/><D120/><U109/><E93/><V84/><F103/><W98/><G122/><T106/><D106/><U80/><E89/><V125/><F63/><W29/><G72/><T5/><D134/><U130/><E74/><V24/><F24/><W34/><G133/><T9/><D64/><U10/><E80/><V35/><F35/><W108/><G117/><T57/><D5/><U36/><REACH who="1" step="1"/><E8/><REACH who="1" ten="64,104,585,237" step="2"/><V73/><F73/><W49/><G108/><AGARI ba="0,1" hai="10,11,36,37,66,67,68,71,76,78,108,109,130,131" machi="108" ten="25,6400,0" yaku="1,1,2,1,22,2,53,0" doraHai="40" doraHaiUra="45" who="1" fromWho="3" sc="64,0,104,74,585,0,237,-64" /><INIT seed="7,0,0,1,5,4" ten="64,178,585,173" oya="3" hai0="118,31,8,68,116,103,43,115,76,87,59,82,26" hai1="22,107,63,16,111,97,10,48,52,98,90,54,75" hai2="32,6,39,80,73,114,47,61,89,134,109,20,34" hai3="23,83,71,27,124,41,11,85,120,9,46,91,88"/><W53/><G120/><T72/><D68/><U7/><E75/><V126/><F89/><W130/><G130/><T1/><D103/><U65/><E111/><V78/><F20/><W45/><G124/><T42/><D59/><U57/><E107/><V14/><F14/><W56/><G71/><T13/><D1/><U94/><E97/><V133/><F109/><W92/><G41/><T44/><D72/><U3/><E48/><V24/><F24/><AGARI ba="0,0" hai="3,7,10,16,22,24,52,54,57,63,65,90,94,98" machi="24" ten="30,7700,0" yaku="7,1,52,1,54,2" doraHai="4" who="1" fromWho="2" sc="64,0,178,77,585,-77,173,0" owari="64,-44.0,255,6.0,508,61.0,173,-23.0" /></mjloggm>