<mjloggm ver="2.3"><GO type="169" lobby="0"/><UN n0="%E3%81%BF%E3%81%8B%E3%81%8B%E2%99%AA" n1="%E5%AE%89%E6%96%8E" n2="%E3%83%8F%E3%82%BF%E3%83%A2%E3%83%88%E3%83%92%E3%83%AD" n3="%E5%A4%A7%E8%B3%A2%E8%89%AF%E5%B8%AB" dan="16,17,17,16" rate="2144.70,2218.85,2149.68,2056.51" sx="M,F,M,M"/><TAIKYOKU oya="0"/><INIT seed="0,0,0,3,4,113" ten="250,250,250,250" oya="0" hai0="57,78,3,126,102,120,121,21,5,130,59,134,70" hai1="39,44,112,56,81,87,49,66,26,29,73,82,104" hai2="91,72,24,33,99,109,62,67,124,95,12,132,84" hai3="4,77,133,122,34,22,58,79,89,118,111,31,92"/><T119/><D126/><U15/><E112/><V11/><F124/><W40/><G34/><T20/><D70/><U80/><E104/><V117/><F72/><W68/><G68/><T76/><D130/><U8/><E73/><V38/><F38/><W110/><G122/><T28/><D5/><U65/><E39/><V86/><F109/><N who="3" m="41483" /><G133/><T25/><D25/><U53/><E56/><V107/><F132/><W83/><G4/><T100/><D134/><U50/><E50/><V47/><F47/><W115/><G115/><T96/><D96/><U41/><E41/><V123/><F123/><W32/><G32/><T14/><D14/><U97/><E97/><V35/><F35/><W2/><G2/><T116/><D28/><U36/><E36/><V18/><F107/><W71/><G71/><T106/><D106/><U74/><E74/><V0/><F0/><AGARI ba="0,0" hai="0,3,20,21,57,59,76,78,100,102,116,119,120,121" machi="0" ten="25,9600,0" yaku="22,2,52,2" doraHai="113" who="0" fromWho="2" sc="250,96,250,0,250,-96,250,0" /><INIT seed="0,1,0,4,5,115" ten="346,250,154,250" oya="0" hai0="82,32,74,58,45,52,93,0,92,55,114,132,85" hai1="13,64,2,134,24,34,35,3,130,104,112,129,37" hai2="40,56,75,6,68,48,61,59,30,88,5,16,18" hai3="53,44,106,1,124,117,46,14,33,67,101,51,50"/><T27/><D114/><U12/><E37/><V79/><F68/><W19/><G1/><N who="1" m="10" /><E104/><V97/><F75/><W62/><G33/><N who="1" m="12298" /><E112/><V133/><F133/><W47/><G124/><T84/><D0/><U49/><E49/><V70/><F30/><W100/><G117/><T60/><D132/><U38/><E38/><V21/><F70/><W25/><G25/><T96/><D74/><U69/><E69/><V127/><F79/><W20/><G106/><T118/><D118/><U123/><E64/><V108/><F108/><W122/><G122/><T98/><D32/><U102/><E102/><V120/><F127/><W29/><G29/><T72/><D72/><U78/><E78/><V66/><F18/><W99/><G99/><N who="0" m="37931" /><D27/><U76/><E76/><V57/><F120/><W7/><G7/><N who="2" m="2569" /><F40/><W119/><G119/><T9/><D84/><U4/><E134/><V23/><F23/><W80/><G80/><T54/><D82/><U43/><E43/><V10/><F10/><W121/><G121/><T11/><D85/><U128/><E123/><V105/><F48/><N who="3" m="18475" /><G67/><N who="0" m="39319" /><D11/><N who="1" m="4199" /><E24/><N who="2" m="14375" /><F105/><W39/><G39/><T22/><D45/><U94/><E94/><AGARI ba="1,0" hai="56,57,59,61,66,88,94,97" m="14375,2569" machi="94" ten="30,3900,0" yaku="8,1,54,2" doraHai="115" who="2" fromWho="1" sc="346,0,250,-42,154,42,250,0" /><INIT seed="1,0,0,1,2,100" ten="346,208,196,250" oya="1" hai0="9,52,101,53,134,60,35,123,47,67,17,40,44" hai1="41,73,42,0,128,49,65,30,103,109,37,114,13" hai2="79,70,5,86,36,64,46,104,126,96,93,107,135" hai3="97,115,12,69,127,27,111,131,74,6,31,90,95"/><U88/><E114/><V48/><F36/><W54/><G115/><T76/><D134/><U91/><E0/><V28/><F135/><W125/><G74/><T38/><D123/><U4/><E37/><V29/><F70/><W132/><G69/><T106/><D35/><U32/><E73/><V45/><F64/><W98/><G132/><T22/><D9/><N who="1" m="4263" /><E32/><V119/><F119/><W51/><G131/><T66/><D66/><U1/><E1/><V108/><F46/><W121/><G121/><T55/><D76/><U84/><E128/><V25/><F108/><W124/><G111/><T2/><D2/><U117/><E117/><V110/><F126/><W102/><G6/><T133/><D133/><U39/><E39/><V58/><F58/><W3/><G12/><T34/><D34/><U87/><E30/><V62/><F62/><W80/><G3/><T26/><D101/><U89/><E103/><V56/><F56/><W82/><G102/><T105/><REACH who="0" step="1"/><D47/><REACH who="0" ten="336,208,196,250" step="2"/><U85/><E109/><V113/><F113/><W11/><G127/><T16/><D16/><U7/><E65/><V83/><F5/><W72/><G125/><T77/><D77/><U10/><E10/><V71/><F29/><W94/><G11/><T68/><AGARI ba="0,1" hai="17,22,26,38,40,44,52,53,55,60,67,68,105,106" machi="68" ten="30,12000,2" yaku="1,1,0,1,52,2,54,1,53,1" doraHai="100" doraHaiUra="14" who="0" fromWho="0" sc="336,130,208,-60,196,-30,250,-30" /><INIT seed="2,0,0,3,4,105" ten="466,148,166,220" oya="2" hai0="35,29,44,126,107,100,92,43,45,124,131,134,133" hai1="62,11,7,5,53,112,119,51,52,123,22,10,130" hai2="34,85,15,39,27,82,36,24,81,25,94,108,48" hai3="67,120,13,90,46,60,6,78,93,61,114,8,42"/><V79/><F34/><W16/><G120/><T21/><D107/><U121/><E112/><V95/><F48/><W68/><G78/><T102/><D35/><U26/><E119/><V30/><F30/><W71/><G114/><T41/><D21/><U19/><E130/><V28/><F28/><W80/><G80/><T75/><D29/><U58/><E7/><V117/><F117/><W32/><G32/><T33/><D33/><U3/><REACH who="1" step="1"/><E10/><REACH who="1" ten="466,138,166,220" step="2"/><V135/><F135/><W87/><G6/><T111/><D131/><U89/><E89/><V54/><F108/><W63/><REACH who="3" step="1"/><G71/><REACH who="3" ten="466,138,166,210" step="2"/><T18/><D133/><U104/><E104/><V70/><F70/><W40/><G40/><T118/><D134/><U98/><E98/><V57/><F79/><W110/><G110/><T77/><D41/><U56/><AGARI ba="0,2" hai="3,5,11,19,22,26,51,52,53,56,58,62,121,123" machi="56" ten="30,7900,0" yaku="1,1,0,1,54,1,53,1" doraHai="105" doraHaiUra="4" who="1" fromWho="1" sc="466,-20,138,99,166,-39,210,-20" /><INIT seed="3,0,0,3,5,101" ten="446,237,127,190" oya="3" hai0="134,49,83,28,62,118,27,29,135,40,128,88,129" hai1="38,32,132,133,73,126,76,35,54,69,111,34,41" hai2="26,91,93,98,1,9,25,130,33,116,117,16,90" hai3="3,58,19,65,67,114,2,110,55,120,103,122,89"/><W59/><G114/><T23/><D118/><U78/><E111/><V10/><F130/><N who="0" m="50282" /><D62/><U17/><E126/><V0/><F98/><W84/><G103/><T92/><D83/><U43/><E69/><V131/><F131/><W31/><G110/><T79/><D79/><N who="1" m="30251" /><E38/><V85/><F93/><W121/><G31/><N who="0" m="17919" /><D49/><U94/><E73/><V66/><F33/><W82/><G19/><T123/><D40/><N who="1" m="15435" /><E17/><V96/><F16/><W60/><REACH who="3" step="1"/><G67/><REACH who="3" ten="446,237,127,180" step="2"/><T87/><D123/><U47/><E32/><V102/><F102/><W42/><G42/><T53/><D53/><U108/><E108/><V56/><F66/><W72/><G72/><T100/><D100/><U125/><E34/><V68/><F117/><W61/><AGARI ba="0,1" hai="2,3,55,58,59,60,61,65,82,84,89,120,121,122" machi="61" ten="40,3900,0" yaku="1,1,0,1,53,0" doraHai="101" doraHaiUra="20" who="3" fromWho="3" sc="446,-13,237,-13,127,-13,180,49" /><INIT seed="3,1,0,3,4,81" ten="433,224,114,229" oya="3" hai0="7,94,28,96,39,62,4,13,41,122,115,132,18" hai1="67,90,105,36,121,112,130,119,100,63,24,78,129" hai2="84,58,34,114,44,113,32,16,11,37,64,54,93" hai3="97,111,107,12,55,46,98,53,133,108,92,45,52"/><W134/><G12/><T126/><D122/><U22/><E121/><V127/><F127/><W101/><G97/><T74/><D126/><U14/><E36/><V118/><F118/><W88/><G107/><T86/><D74/><U110/><E119/><V31/><F64/><W27/><G27/><T120/><D120/><U9/><E112/><V66/><F66/><W109/><G101/><T17/><D115/><U20/><E110/><V21/><F11/><W48/><G45/><T82/><D132/><AGARI ba="1,0" hai="46,48,52,53,55,88,92,98,108,109,111,132,133,134" machi="132" ten="50,12000,1" yaku="14,1,10,1,20,1,54,2" doraHai="81" who="3" fromWho="0" sc="433,-123,224,0,114,0,229,123" /><INIT seed="3,2,0,0,4,29" ten="310,224,114,352" oya="3" hai0="113,60,112,82,116,67,90,53,83,17,87,92,78" hai1="94,3,34,4,81,9,105,119,132,66,86,99,89" hai2="52,133,44,123,63,114,134,100,68,58,38,107,15" hai3="65,69,106,128,64,115,12,84,130,45,42,111,59"/><W2/><G106/><T33/><D116/><U16/><E119/><V0/><F0/><W74/><G74/><T101/><D53/><U76/><E132/><V6/><F107/><W39/><G2/><T49/><D49/><U75/><E66/><V8/><F100/><W32/><G115/><T26/><D101/><N who="1" m="62655" /><E16/><V79/><F68/><W18/><G111/><T129/><D129/><N who="3" m="49769" /><G69/><T10/><D10/><U88/><E89/><V127/><F123/><W28/><G84/><T31/><D17/><U97/><E97/><V72/><F114/><N who="0" m="44138" /><D78/><U21/><E21/><V22/><F22/><N who="3" m="11591" /><G59/><AGARI ba="2,0" hai="26,31,33,59,60,67,82,83,87,90,92" m="44138" machi="59" ten="30,2000,0" yaku="11,1,52,1" doraHai="29" who="0" fromWho="3" sc="310,26,224,0,114,0,352,-26" /><INIT seed="4,0,0,0,4,105" ten="336,224,114,326" oya="0" hai0="12,80,23,133,45,92,128,50,65,67,129,16,3" hai1="35,95,79,22,100,108,32,51,43,76,4,116,82" hai2="104,68,46,18,102,26,74,53,6,41,17,34,135" hai3="25,55,44,101,78,91,114,103,96,27,20,99,72"/><T54/><D133/><U94/><E116/><V57/><F68/><W93/><G114/><T9/><D92/><U85/><E108/><V58/><F135/><W56/><G44/><T13/><D3/><U28/><E79/><V118/><F118/><W127/><G127/><T123/><D123/><U19/><E4/><V5/><F18/><W75/><G78/><T36/><D36/><U130/><E130/><V86/><F57/><W59/><G59/><T112/><D112/><U60/><E60/><V39/><F86/><W88/><G91/><T81/><D81/><U49/><E28/><V11/><F11/><W69/><G69/><T121/><D121/><U124/><E124/><V38/><F39/><W64/><G64/><T0/><D0/><U132/><E132/><V30/><F17/><N who="3" m="12431" /><G27/><T106/><D106/><U115/><E115/><V29/><F29/><W31/><G31/><T66/><REACH who="0" step="1"/><D80/><REACH who="0" ten="326,224,114,326" step="2"/><U63/><E94/><V84/><F104/><W125/><G125/><T122/><D122/><U77/><E95/><V2/><F2/><W111/><G99/><T7/><AGARI ba="0,1" hai="7,9,12,13,16,23,45,50,54,65,66,67,128,129" machi="7" ten="30,11700,0" yaku="1,1,0,1,54,1,53,1" doraHai="105" doraHaiUra="47" who="0" fromWho="0" sc="326,127,224,-39,114,-39,326,-39" /><INIT seed="4,1,0,3,2,15" ten="453,185,75,287" oya="0" hai0="88,26,91,72,14,32,3,44,7,36,103,60,16" hai1="87,126,24,102,80,76,75,22,34,30,25,69,39" hai2="96,117,127,37,74,42,6,73,41,54,43,107,123" hai3="106,105,12,119,63,81,110,132,131,77,58,53,8"/><T86/><D72/><U64/><E126/><V67/><F123/><W130/><G110/><T133/><D103/><U2/><E2/><V50/><F6/><W89/><G89/><T38/><D60/><U78/><E39/><N who="0" m="14889" /><D86/><U1/><E1/><V5/><F37/><W92/><G92/><T98/><D44/><U9/><E9/><V47/><F5/><W122/><G119/><T108/><D98/><U99/><E64/><V124/><F117/><W68/><G68/><T59/><D59/><U95/><E69/><V51/><F96/><W82/><G122/><T62/><D62/><U84/><REACH who="1" step="1"/><E76/><REACH who="1" ten="453,175,75,287" step="2"/><V29/><F67/><W10/><G10/><N who="0" m="2431" /><D108/><U18/><AGARI ba="1,1" hai="18,22,24,25,30,34,75,78,80,84,87,95,99,102" machi="18" ten="20,5200,0" yaku="1,1,0,1,7,1,52,1,53,0" doraHai="15" doraHaiUra="101" who="1" fromWho="1" sc="453,-27,175,65,75,-14,287,-14" /><INIT seed="5,0,0,5,1,84" ten="426,240,61,273" oya="1" hai0="97,17,29,54,126,104,58,75,19,125,8,44,62" hai1="87,11,77,12,106,22,92,110,112,46,116,4,53" hai2="81,113,98,41,122,93,3,132,72,35,85,9,52" hai3="13,129,0,48,133,40,71,15,57,96,103,60,43"/><U10/><E116/><V61/><F122/><W50/><G0/><T36/><D75/><U100/><E112/><V65/><F35/><W18/><G71/><T33/><D8/><U21/><E110/><V76/><F132/><W86/><G133/><T73/><D73/><U37/><E106/><V101/><F41/><N who="3" m="15947" /><G129/><T55/><D36/><U80/><E37/><V27/><F113/><W26/><G86/><T114/><D114/><U117/><E117/><V105/><F27/><W31/><G31/><T42/><D42/><U5/><E100/><V23/><F23/><N who="3" m="13687" /><G96/><T56/><D44/><U99/><E46/><V2/><F9/><W47/><G103/><N who="0" m="62575" /><D29/><U115/><E53/><V32/><F32/><W108/><G108/><T28/><D28/><U24/><E115/><V119/><F119/><W130/><G130/><T94/><D33/><U6/><E24/><V68/><REACH who="2" step="1"/><F52/><REACH who="2" ten="426,240,51,273" step="2"/><N who="3" m="29727" /><G50/><T135/><D55/><AGARI ba="0,1" hai="13,15,55,57,60" m="29727,13687,15947" machi="55" ten="30,2000,0" yaku="8,1,54,1" doraHai="84" who="3" fromWho="0" sc="426,-20,240,0,51,0,273,30" /><INIT seed="6,0,0,2,2,101" ten="406,240,51,303" oya="2" hai0="119,115,20,57,42,60,49,3,29,103,11,32,84" hai1="51,73,95,98,71,89,39,114,48,106,129,36,41" hai2="97,85,107,31,122,126,105,99,128,127,38,86,26" hai3="4,120,2,15,55,102,30,135,63,27,118,17,134"/><V68/><F38/><W8/><G120/><T113/><D32/><U12/><E73/><V109/><F122/><W9/><G118/><T72/><D119/><U92/><E71/><V75/><F68/><W131/><G102/><T124/><D72/><U67/><E67/><V52/><F109/><W125/><G63/><T21/><D124/><N who="2" m="47658" /><F75/><W37/><G55/><T58/><D103/><U24/><E39/><V132/><F132/><N who="3" m="50731" /><G37/><T44/><D84/><N who="2" m="32362" /><F128/><W23/><G125/><T94/><D94/><U82/><E36/><V16/><F52/><W59/><G59/><T7/><D58/><U35/><E48/><V53/><F53/><W110/><G110/><T80/><D80/><U5/><E51/><V43/><F43/><W70/><G70/><T19/><D57/><U46/><E41/><V33/><F16/><N who="3" m="8295" /><G131/><T108/><D108/><U100/><E129/><V78/><F78/><W74/><G74/><T0/><D42/><U79/><E79/><V34/><F33/><W83/><G83/><T116/><D19/><AGARI ba="0,0" hai="2,4,9,17,19,23,27,30" m="8295,50731" machi="19" ten="30,7700,0" yaku="20,1,34,2,54,1" doraHai="101" who="3" fromWho="0" sc="406,-77,240,0,51,0,303,77" /><INIT seed="7,0,0,4,0,123" ten="329,240,51,380" oya="3" hai0="80,3,8,84,24,71,59,53,50,124,75,98,95" hai1="133,37,118,39,126,132,135,76,38,26,121,68,31" hai2="23,117,111,27,32,61,100,56,78,4,64,120,99" hai3="101,130,42,94,90,92,25,122,74,30,131,48,49"/><W6/><G74/><T128/><D124/><U7/><E121/><V77/><F117/><W72/><G72/><T29/><D75/><U114/><E126/><V73/><F32/><W93/><G122/><T134/><D128/><N who="3" m="49193" /><G6/><T110/><D134/><U36/><N who="1" m="9216" /><DORA hai="11" /><U1/><E118/><V89/><F120/><W125/><G125/><T58/><D110/><U103/><E114/><V102/><F102/><W85/><G101/><T0/><D71/><U2/><E7/><V19/><F111/><W65/><G65/><T33/><D8/><U81/><E68/><V116/><F116/><W88/><G42/><T34/><D34/><U14/><E14/><V54/><F4/><W35/><G93/><T113/><D113/><U69/><E69/><V28/><F73/><W108/><G108/><T112/><D59/><U16/><E16/><V66/><F100/><W52/><G52/><T41/><D41/><U63/><E63/><V106/><F106/><W40/><G40/><T43/><D43/><U109/><E109/><V13/><F66/><W104/><G104/><T47/><D58/><U79/><E103/><V115/><F64/><W67/><G67/><T87/><D112/><U45/><E45/><V57/><F57/><W9/><G9/><T17/><D47/><U18/><E18/><V119/><F119/><W55/><G55/><T22/><D17/><U12/><E135/><V15/><F115/><W5/><G5/><T60/><D60/><U96/><E133/><V21/><REACH who="2" step="1"/><F15/><REACH who="2" ten="329,240,41,380" step="2"/><W62/><G35/><T107/><D33/><N who="1" m="20727" /><E12/><V44/><F44/><W91/><G62/><RYUUKYOKU ba="0,1" sc="329,-10,240,-10,41,30,380,-10" hai2="13,19,21,23,27,28,54,56,61,77,78,89,99" owari="319,12.0,230,-17.0,71,-43.0,380,48.0" /></mjloggm>