<mjloggm ver="2.3"><GO type="169" lobby="0"/><UN n0="%28%3B%E3%83%BB%E2%88%80%E3%83%BB%29" n1="%E6%9C%AC%E7%94%B0%E9%80%8F" n2="%E5%93%B2%E5%AD%A6%E3%81%99%E3%82%8B%E9%BA%BB%E9%9B%80" n3="%E2%98%85%E3%83%9B%E3%83%BC%E3%82%B9%E2%98%85" dan="16,17,16,16" rate="2172.65,2127.96,2087.13,2162.91" sx="M,F,M,M"/><TAIKYOKU oya="0"/><INIT seed="0,0,0,4,2,32" ten="250,250,250,250" oya="0" hai0="44,92,89,27,106,24,21,36,102,5,41,121,12" hai1="56,20,52,76,55,63,78,98,95,67,82,40,62" hai2="131,45,60,84,97,132,100,94,105,88,119,96,111" hai3="104,124,22,79,81,85,16,53,28,39,66,18,64"/><T114/><D114/><U91/><E40/><V10/><F111/><W74/><G104/><T38/><D121/><U117/><E117/><V15/><F119/><W80/><G124/><T71/><D71/><U99/><E99/><V51/><F132/><W109/><G109/><T87/><D27/><U126/><E126/><V77/><F131/><W6/><G39/><T54/><D38/><U33/><E33/><V3/><F60/><W29/><G53/><T130/><D130/><U58/><E82/><V34/><F34/><W65/><G6/><T8/><D54/><U43/><E43/><V107/><F77/><W46/><G46/><T49/><D36/><U13/><E67/><V110/><F110/><W42/><G42/><T128/><D128/><U83/><E83/><V9/><F15/><W134/><G134/><T93/><D106/><U7/><REACH who="1" step="1"/><E20/><REACH who="1" ten="250,240,250,250" step="2"/><V108/><F108/><W127/><G127/><T2/><D21/><U125/><E125/><V135/><F135/><W69/><G69/><T30/><D41/><U4/><E4/><V26/><F96/><W113/><G113/><T72/><D5/><U123/><E123/><V19/><F97/><W11/><G80/><T14/><D102/><U57/><E57/><V133/><F100/><W50/><G74/><T120/><D120/><U75/><E75/><V17/><F133/><W61/><G65/><T70/><D72/><U25/><E25/><V47/><F26/><W103/><G66/><T0/><D70/><U101/><E101/><V48/><F94/><W116/><G103/><T59/><D92/><U37/><E37/><RYUUKYOKU ba="0,1" sc="250,-10,240,30,250,-10,250,-10" hai1="7,13,52,55,56,58,62,63,76,78,91,95,98" /><INIT seed="1,1,1,4,3,46" ten="240,270,240,240" oya="1" hai0="96,111,65,124,110,48,105,17,115,40,39,104,94" hai1="29,75,2,122,80,10,132,36,101,131,45,92,33" hai2="81,125,47,91,15,109,99,19,57,77,93,37,16" hai3="21,5,83,95,100,121,54,113,41,117,126,79,31"/><U51/><E122/><V61/><F125/><W103/><G117/><T123/><D123/><U64/><E131/><V18/><F109/><N who="0" m="41482" /><D39/><U49/><E132/><V71/><F71/><W107/><G121/><T1/><D115/><U34/><E64/><V68/><F68/><W56/><G107/><T89/><D124/><U127/><E127/><V112/><F112/><W85/><G113/><T128/><D128/><U55/><E92/><V106/><F106/><W133/><G133/><T76/><D65/><U0/><E101/><V90/><F37/><W84/><G41/><T82/><D17/><U97/><E97/><V120/><F120/><W119/><G119/><T130/><D1/><U11/><E36/><V20/><F47/><W38/><G38/><T70/><D70/><U60/><E60/><V98/><F90/><N who="3" m="53711" /><G5/><T72/><D130/><U118/><E118/><V87/><REACH who="2" step="1"/><F99/><REACH who="2" ten="240,270,230,240" step="2"/><W66/><G126/><T58/><D105/><U62/><E45/><V42/><F42/><W22/><G103/><T102/><D40/><U24/><E34/><V30/><F30/><W28/><G100/><T9/><D104/><U134/><E134/><V50/><F50/><N who="1" m="18953" /><E2/><V26/><F26/><W78/><G28/><T27/><D27/><U7/><E0/><V44/><F44/><W114/><G31/><T3/><D102/><U4/><E4/><V129/><F129/><W6/><G6/><N who="0" m="1247" /><D48/><U43/><E43/><V23/><F23/><W8/><G21/><T63/><D63/><U32/><E32/><V13/><F13/><W74/><G114/><T35/><D35/><U73/><E33/><RYUUKYOKU ba="1,2" sc="240,15,270,-15,230,15,240,-15" hai0="58,72,76,82,89,94,96" hai2="15,16,18,19,20,57,61,77,81,87,91,93,98" /><INIT seed="2,2,2,1,5,7" ten="255,255,245,225" oya="2" hai0="54,107,97,4,59,25,132,21,99,29,65,52,47" hai1="20,58,110,126,117,114,6,88,120,41,3,34,79" hai2="98,100,72,96,101,77,63,15,8,60,76,33,82" hai3="27,125,103,13,12,44,89,78,5,84,45,36,32"/><V108/><F33/><W109/><G125/><T128/><D128/><U71/><E79/><N who="2" m="30283" /><F72/><W135/><G78/><T38/><D132/><U24/><E58/><V134/><F82/><W23/><G32/><T93/><D107/><U31/><E41/><V105/><F105/><W28/><G135/><T17/><D4/><U112/><E117/><V42/><F42/><W124/><G124/><T46/><D38/><U39/><E39/><V70/><F70/><W68/><G68/><T87/><D65/><U66/><E126/><V83/><F83/><W48/><G103/><N who="2" m="39497" /><F108/><W102/><G102/><N who="0" m="60719" /><D87/><U94/><E110/><V1/><F1/><W30/><G36/><T69/><D99/><N who="2" m="37930" /><F134/><W61/><G109/><T80/><D80/><U10/><E120/><V131/><F131/><W40/><G40/><T62/><D69/><U18/><E66/><V57/><F57/><W9/><G44/><N who="0" m="16939" /><D29/><U129/><E71/><V43/><F43/><W67/><G28/><T127/><D127/><U37/><E37/><V111/><F111/><W119/><G119/><T14/><D54/><U104/><E104/><V115/><F115/><W73/><G73/><T116/><D116/><U51/><E129/><V130/><F130/><W106/><G106/><T85/><D85/><N who="1" m="52495" /><E51/><V92/><F92/><N who="3" m="54311" /><G48/><T86/><D86/><U0/><E0/><V26/><F26/><AGARI ba="2,2" hai="14,17,21,25,26,52,59,62" m="16939,60719" machi="26" ten="30,2000,0" yaku="8,1,54,1" doraHai="7" who="0" fromWho="2" sc="255,46,255,0,245,-26,225,0" /><INIT seed="3,0,0,3,0,118" ten="301,255,219,225" oya="3" hai0="127,78,57,48,79,106,110,123,105,86,53,112,59" hai1="68,45,98,43,104,12,38,6,121,100,87,63,76" hai2="22,4,52,96,114,73,1,33,11,94,69,134,17" hai3="103,62,80,13,89,75,97,3,111,21,131,27,124"/><W32/><G3/><T31/><D110/><U55/><E6/><V70/><F73/><W37/><G37/><T120/><D31/><U29/><E76/><V58/><F33/><W122/><G111/><T30/><D30/><U85/><E12/><V81/><F81/><W133/><G32/><T65/><D127/><U71/><E55/><V83/><F83/><W15/><G124/><T128/><D86/><U116/><E116/><V35/><F35/><W44/><G44/><T125/><D125/><U91/><E85/><V108/><F114/><W10/><G131/><T74/><D128/><U109/><E109/><V132/><F108/><W20/><G133/><N who="2" m="51305" /><F17/><W28/><G75/><T49/><D53/><U2/><E2/><V135/><F22/><W26/><G80/><T34/><D34/><U77/><E77/><V130/><F130/><W16/><G89/><T9/><D9/><U93/><E29/><V107/><F107/><W84/><G84/><T41/><D74/><U7/><E7/><V8/><F11/><W99/><G99/><T119/><D119/><U42/><E63/><N who="2" m="36295" /><F135/><W92/><G10/><T115/><D65/><U14/><E14/><V5/><F4/><W19/><G28/><T88/><D41/><U95/><E43/><V36/><F36/><W50/><G13/><T82/><D82/><U18/><E18/><V61/><F61/><W39/><G62/><T46/><D46/><U47/><E47/><V40/><F40/><W64/><G39/><T23/><D23/><U54/><E38/><V0/><F1/><W60/><G20/><T67/><D67/><RYUUKYOKU ba="0,0" sc="301,15,255,-15,219,15,225,-15" hai0="48,49,57,59,78,79,88,105,106,112,115,120,123" hai2="0,5,8,69,70,94,96" /><INIT seed="4,1,0,0,3,33" ten="316,240,234,210" oya="0" hai0="108,14,48,32,127,104,119,1,128,110,68,79,100" hai1="93,83,114,99,122,91,16,132,80,61,106,72,107" hai2="54,57,26,131,64,70,112,133,73,126,67,43,12" hai3="49,2,134,9,90,81,75,24,89,18,101,118,85"/><T109/><D119/><U98/><E61/><V69/><F73/><W120/><G118/><T130/><D68/><N who="2" m="26218" /><F12/><W7/><G120/><T13/><D32/><U111/><E122/><V6/><F6/><W47/><G75/><T39/><D39/><U37/><E37/><V129/><F26/><W86/><G134/><T21/><D1/><U36/><E36/><V17/><F17/><W95/><G101/><T25/><D79/><N who="1" m="44135" /><E111/><V11/><F11/><W77/><G77/><T78/><D78/><U66/><E66/><N who="2" m="25131" /><F43/><W135/><G135/><T92/><D104/><N who="1" m="39979" /><E132/><V125/><F112/><W31/><G18/><T105/><D105/><U96/><E114/><V51/><F133/><W65/><G65/><T87/><D100/><N who="1" m="60431" /><E16/><V53/><F54/><W88/><G24/><T76/><D25/><U22/><E22/><V84/><F84/><AGARI ba="1,0" hai="83,84,91,98,99" m="60431,39979,44135" machi="84" ten="30,8000,1" yaku="35,5" doraHai="33" who="1" fromWho="2" sc="316,0,240,83,234,-83,210,0" /><INIT seed="5,0,0,1,1,21" ten="316,323,151,210" oya="1" hai0="1,106,79,95,66,128,74,64,132,23,29,19,72" hai1="134,91,36,10,16,68,111,40,63,13,41,27,83" hai2="75,50,48,90,116,86,97,18,11,61,59,6,105" hai3="7,89,109,31,34,28,3,24,127,108,4,101,104"/><U76/><E111/><N who="3" m="42570" /><G104/><T113/><D106/><U56/><E134/><V9/><F75/><W53/><G101/><T93/><D1/><U45/><E68/><V120/><F120/><W15/><G127/><T62/><D132/><U77/><E40/><V67/><F116/><W80/><G3/><T17/><D29/><U52/><E83/><V30/><F30/><N who="3" m="19783" /><G53/><T2/><D2/><U87/><E27/><V26/><F105/><W43/><G43/><T84/><D84/><U60/><REACH who="1" step="1"/><E63/><REACH who="1" ten="316,313,151,210" step="2"/><V103/><F26/><W65/><G80/><T112/><D62/><U25/><E25/><V121/><F61/><W39/><G31/><T98/><D23/><U35/><E35/><V49/><F121/><W5/><G28/><T130/><D98/><U69/><E69/><V85/><F97/><W96/><G96/><T110/><D130/><U82/><AGARI ba="0,1" hai="10,13,16,36,41,45,52,56,60,76,77,82,87,91" machi="82" ten="20,12000,1" yaku="1,1,0,1,7,1,54,2,53,0" doraHai="21" doraHaiUra="129" who="1" fromWho="1" sc="316,-40,313,130,151,-40,210,-40" /><INIT seed="5,1,0,4,4,32" ten="276,443,111,170" oya="1" hai0="29,110,87,134,124,91,37,78,88,94,131,15,41" hai1="25,118,69,17,63,68,16,45,48,2,82,28,35" hai2="125,27,21,36,93,4,14,128,22,60,51,52,46" hai3="123,81,104,122,75,55,83,12,6,13,38,11,49"/><U84/><E118/><V19/><F128/><W129/><G38/><T65/><D110/><U85/><E2/><V89/><F125/><W18/><G104/><T20/><D124/><U61/><E85/><V64/><F36/><W132/><G129/><T105/><D131/><U9/><E61/><V24/><F4/><W97/><G97/><T67/><D105/><U44/><E44/><V3/><F3/><W34/><G34/><T90/><D41/><U70/><E63/><V39/><F39/><W43/><G43/><T100/><D37/><U98/><E98/><V130/><F130/><W72/><G132/><T95/><D134/><U115/><E9/><V47/><F46/><W113/><G113/><T10/><D20/><U120/><E120/><V40/><F40/><W66/><G66/><N who="0" m="25099" /><D29/><U7/><E7/><V135/><F135/><W112/><G112/><T58/><D58/><U127/><E115/><V26/><F60/><W107/><G107/><T62/><D100/><U53/><REACH who="1" step="1"/><E127/><REACH who="1" ten="276,433,111,170" step="2"/><V50/><F64/><W96/><G123/><T103/><D62/><U59/><E59/><V86/><REACH who="2" step="1"/><F51/><REACH who="2" ten="276,433,101,170" step="2"/><W5/><G5/><N who="0" m="3535" /><D103/><U101/><E101/><V133/><F133/><W77/><G122/><T57/><D57/><U79/><AGARI ba="1,2" hai="16,17,25,28,35,45,48,53,68,69,70,79,82,84" machi="79" ten="30,6000,0" yaku="1,1,0,1,54,1,53,0" doraHai="32" doraHaiUra="1" who="1" fromWho="1" sc="276,-21,433,83,101,-21,170,-21" /><INIT seed="5,2,0,5,2,41" ten="255,516,80,149" oya="1" hai0="87,119,99,57,49,34,108,93,103,63,122,126,25" hai1="109,39,94,60,15,124,16,125,112,127,50,13,90" hai2="76,128,96,52,2,20,88,30,134,32,55,79,102" hai3="116,83,21,101,3,23,8,61,71,4,105,135,35"/><U77/><E39/><V47/><F32/><W104/><G35/><T44/><D108/><U85/><E109/><V19/><F2/><W74/><G135/><T73/><D73/><U59/><E112/><V0/><F0/><W1/><G1/><T130/><D119/><U6/><E77/><N who="2" m="29771" /><F134/><W36/><G74/><T132/><D132/><U92/><E6/><V97/><F128/><W67/><G116/><T46/><D130/><U51/><E92/><N who="2" m="56327" /><F30/><W100/><G83/><T91/><D126/><U9/><REACH who="1" step="1"/><E15/><REACH who="1" ten="255,506,80,149" step="2"/><N who="2" m="9343" /><F47/><W58/><G36/><T27/><D46/><U123/><E123/><V118/><F118/><W72/><G72/><T12/><D122/><U82/><E82/><V7/><F7/><W54/><G105/><T69/><D12/><U42/><E42/><V131/><F131/><W120/><G120/><T48/><D44/><U29/><E29/><V78/><N who="2" m="29779" /><V10/><DORA hai="81" /><F10/><W86/><G104/><T11/><D11/><U64/><AGARI ba="2,1" hai="9,13,16,50,51,59,60,64,85,90,94,124,125,127" machi="64" ten="30,12000,1" yaku="1,1,0,1,18,1,52,1,54,1,53,0" doraHai="41,81" doraHaiUra="110,18" who="1" fromWho="1" sc="255,-42,506,136,80,-42,149,-42" /><INIT seed="5,3,0,5,1,39" ten="213,642,38,107" oya="1" hai0="42,67,5,58,47,24,132,51,8,1,2,82,110" hai1="134,43,105,60,129,38,121,36,75,107,56,95,50" hai2="52,94,104,23,66,7,35,44,131,9,17,124,80" hai3="120,37,130,102,89,69,81,87,62,101,103,29,86"/><U32/><E121/><V30/><F104/><W119/><G120/><T109/><D2/><U40/><E75/><V111/><F35/><W65/><G37/><N who="1" m="14442" /><E32/><V64/><F30/><W91/><G119/><T108/><D132/><U122/><E95/><V15/><F111/><W118/><G118/><T116/><D116/><U18/><E18/><V53/><F131/><W126/><G130/><T78/><D24/><U84/><E84/><V99/><F80/><W97/><G29/><T21/><D21/><U57/><E129/><V0/><F124/><W135/><G126/><T70/><D70/><U13/><E13/><V125/><F125/><W123/><G123/><T77/><D77/><U113/><E122/><V72/><F72/><W127/><G127/><T14/><D1/><U33/><E33/><V22/><F23/><W19/><G19/><T71/><D71/><U6/><E6/><V63/><F44/><W114/><G135/><T112/><D112/><U10/><E10/><V25/><F0/><W76/><G114/><T46/><D46/><U92/><E92/><V49/><F49/><W115/><G115/><T85/><D110/><U133/><E113/><V73/><F73/><W128/><G128/><T90/><D90/><U98/><E98/><V54/><REACH who="2" step="1"/><F63/><AGARI ba="3,0" hai="5,8,14,42,47,51,58,63,67,78,82,85,108,109" machi="63" ten="40,5200,0" yaku="25,2,52,1" doraHai="39" who="0" fromWho="2" sc="213,61,642,0,38,-61,107,0" owari="274,7.0,642,74.0,-23,-52.0,107,-29.0" /></mjloggm>