<mjloggm ver="2.3"><GO type="225" lobby="0"/><UN n0="%E3%83%81%E3%83%BC%E3%83%88%E3%82%A4%E7%9F%AD%E6%9C%9F%E5%A4%A7%E5%AD%A6" n1="%EF%BC%AE%EF%BC%AF%EF%BD%90%EF%BD%90%EF%BC%AF" n2="%E3%82%A4%E3%83%8A%E3%82%BA%E3%83%9E%E8%91%AC%E5%84%80" n3="%E3%81%8D%E3%82%82" dan="16,16,17,16" rate="2125.60,2103.15,2228.86,2052.66" sx="M,M,F,M"/><TAIKYOKU oya="0"/><INIT seed="0,0,0,3,5,77" ten="250,250,250,250" oya="0" hai0="54,20,127,95,65,38,83,108,129,93,64,5,18" hai1="62,79,132,25,106,31,80,115,43,44,60,12,56" hai2="105,28,75,27,112,69,117,24,37,113,126,34,122" hai3="100,16,8,32,99,30,10,41,78,59,101,49,19"/><T118/><D118/><U52/><E132/><V36/><RYUUKYOKU type="yao9" ba="0,0" sc="250,0,250,0,250,0,250,0" hai2="24,27,28,34,36,37,69,75,105,112,113,117,122,126" /><INIT seed="0,1,0,4,2,107" ten="250,250,250,250" oya="0" hai0="114,21,86,59,112,56,63,40,100,0,133,94,4" hai1="79,31,128,9,105,70,65,77,36,120,92,113,90" hai2="60,52,85,45,123,117,47,20,122,25,33,121,17" hai3="37,6,98,71,2,62,131,95,83,126,102,18,61"/><T73/><D73/><U42/><E120/><V1/><F117/><W58/><G131/><T106/><D133/><U23/><E128/><V39/><F1/><W132/><G132/><T69/><D40/><U35/><E35/><V110/><F110/><W68/><G126/><T5/><D106/><U44/><E105/><V118/><F118/><W82/><G37/><T101/><D69/><U125/><E125/><V76/><F33/><W32/><G32/><T26/><D0/><U57/><E70/><V111/><F111/><W41/><G41/><T91/><D112/><U67/><E113/><V22/><F39/><W27/><G71/><T64/><D56/><U74/><E9/><V97/><F97/><W99/><G68/><T119/><D119/><U55/><E31/><V43/><F43/><W104/><G61/><T78/><D78/><U51/><E23/><V81/><F22/><N who="3" m="13783" /><G6/><N who="0" m="2667" /><D114/><U134/><E134/><V14/><REACH who="2" step="1"/><F25/><REACH who="2" ten="250,250,240,250" step="2"/><W34/><G2/><T46/><D46/><U116/><E116/><V16/><F16/><AGARI ba="1,1" hai="16,21,26,59,63,64,86,91,94,100,101" m="2667" machi="16" ten="30,2900,0" yaku="8,1,54,1" doraHai="107" who="0" fromWho="2" sc="250,42,250,0,240,-32,250,0" /><INIT seed="0,2,0,1,2,24" ten="292,250,208,250" oya="0" hai0="33,123,110,102,118,40,49,89,73,82,111,37,100" hai1="135,48,72,6,53,32,101,5,41,58,124,66,130" hai2="11,134,112,84,21,99,30,4,70,93,76,90,62" hai3="52,47,59,119,116,23,50,2,78,127,68,56,96"/><T57/><D118/><U97/><E124/><V64/><F112/><W128/><G2/><T107/><D123/><U42/><E135/><V83/><F134/><W79/><G127/><T91/><D33/><U28/><E130/><V75/><F75/><W87/><G128/><T19/><D37/><U9/><E72/><V71/><F71/><W63/><G68/><T125/><D125/><U44/><E66/><V27/><F11/><W80/><G59/><T74/><D19/><U120/><E120/><V1/><F4/><W67/><G79/><N who="0" m="44399" /><D74/><U36/><E41/><V31/><REACH who="2" step="1"/><F1/><REACH who="2" ten="292,250,198,250" step="2"/><W98/><G116/><T14/><D111/><U26/><REACH who="1" step="1"/><E9/><REACH who="1" ten="292,240,198,250" step="2"/><V113/><F113/><W17/><G119/><T86/><D110/><U81/><E81/><V85/><F85/><W126/><G126/><T46/><D86/><U131/><E131/><V65/><F65/><W105/><G67/><T104/><D40/><U43/><E43/><V20/><F20/><W38/><G23/><T25/><D107/><AGARI ba="2,2" hai="5,6,26,28,32,36,42,44,48,53,58,97,101,107" machi="107" ten="30,3900,0" yaku="1,1,7,1,52,1,53,0" doraHai="24" doraHaiUra="88" who="1" fromWho="0" sc="292,-45,240,65,198,0,250,0" /><INIT seed="1,0,0,0,5,134" ten="247,305,198,250" oya="1" hai0="83,4,131,121,112,33,43,96,26,111,27,17,42" hai1="25,56,122,119,105,74,61,15,86,117,109,24,38" hai2="123,125,89,93,77,57,124,19,129,60,52,97,107" hai3="45,48,65,98,92,114,10,50,84,8,99,120,80"/><U118/><E74/><V47/><F123/><W37/><G120/><T3/><D112/><U11/><E122/><V103/><F129/><W88/><G114/><T23/><D121/><U6/><E105/><V36/><F77/><W108/><G108/><T73/><D111/><U5/><E109/><V72/><F72/><W12/><G65/><T35/><D131/><U100/><E38/><V1/><F1/><W94/><G37/><T90/><D3/><U135/><E135/><V0/><F0/><W67/><G67/><T127/><D4/><U29/><E100/><V18/><F47/><W7/><G10/><T102/><D127/><N who="2" m="48714" /><F36/><W76/><REACH who="3" step="1"/><G45/><REACH who="3" ten="247,305,198,240" step="2"/><T91/><D42/><U75/><E119/><V13/><F13/><W81/><G81/><T59/><D43/><U110/><E15/><V106/><F106/><W28/><G28/><T44/><D44/><U95/><E110/><V101/><F101/><AGARI ba="0,1" hai="7,8,12,48,50,76,80,84,88,92,94,98,99,101" machi="101" ten="30,7700,0" yaku="1,1,7,1,8,1,54,1,53,0" doraHai="134" doraHaiUra="115" who="3" fromWho="2" sc="247,0,305,0,198,-77,240,87" /><INIT seed="2,0,0,1,5,135" ten="247,305,121,327" oya="2" hai0="74,35,108,3,125,77,40,132,36,16,18,39,25" hai1="118,124,100,32,133,103,94,109,67,99,34,97,78" hai2="62,38,58,79,0,24,50,73,17,11,26,76,112" hai3="91,43,105,13,22,95,86,130,53,56,85,92,102"/><V128/><F112/><W29/><G130/><T28/><D3/><U90/><E118/><V120/><F120/><W52/><G43/><T30/><D108/><U84/><E109/><V14/><F128/><W96/><G53/><T80/><D132/><U33/><E133/><V89/><F38/><W4/><G4/><T59/><D36/><U131/><E131/><V116/><F116/><W121/><G121/><T72/><D72/><U61/><E124/><V110/><F110/><W19/><G29/><T115/><D115/><U20/><E20/><V21/><F0/><W87/><REACH who="3" step="1"/><G95/><REACH who="3" ten="247,305,121,317" step="2"/><T46/><D28/><U60/><E67/><N who="2" m="39383" /><F73/><W23/><G23/><T12/><D18/><U111/><E111/><V129/><F129/><W7/><G7/><T51/><D125/><U1/><E1/><V48/><F89/><W37/><G37/><T64/><D39/><U113/><E113/><V70/><F70/><W9/><G9/><T101/><D101/><U126/><E126/><V10/><F11/><W98/><G98/><T6/><D6/><U117/><E117/><V82/><F82/><W47/><G47/><T27/><D27/><N who="2" m="10282" /><F10/><W55/><G55/><T106/><D106/><U104/><REACH who="1" step="1"/><E78/><AGARI ba="0,1" hai="14,17,21,48,50,76,78,79" m="10282,39383" machi="78" ten="30,1500,0" yaku="8,1" doraHai="135" who="2" fromWho="1" sc="247,0,305,-15,121,25,317,0" /><INIT seed="2,1,0,3,3,29" ten="247,290,146,317" oya="2" hai0="60,110,126,61,91,117,116,118,94,21,11,50,121" hai1="36,68,131,18,70,130,27,7,41,101,23,64,54" hai2="44,20,14,90,28,81,62,113,45,47,103,102,105" hai3="78,104,32,95,107,85,25,96,3,69,56,49,15"/><V75/><F113/><W119/><G69/><T88/><D121/><U73/><E73/><V67/><F105/><W115/><G3/><T86/><D110/><U133/><E133/><V84/><F75/><W125/><G125/><T89/><D126/><U93/><E7/><V128/><F128/><N who="1" m="49193" /><E64/><V111/><F111/><W6/><G119/><T135/><D135/><U51/><E36/><V77/><F77/><W71/><G71/><N who="1" m="27178" /><E41/><V12/><F28/><W10/><G115/><T1/><D50/><U19/><E101/><N who="2" m="38411" /><F20/><W35/><G104/><T109/><D109/><U106/><E106/><V97/><F97/><W9/><G9/><T100/><D21/><U132/><E93/><V92/><F92/><W24/><G107/><T4/><D86/><U34/><E132/><V59/><AGARI ba="1,0" hai="12,14,44,45,47,59,62,67,81,84,90" m="38411" machi="59" ten="30,1500,0" yaku="8,1" doraHai="29" who="2" fromWho="2" sc="247,-6,290,-6,146,18,317,-6" /><INIT seed="2,2,0,4,3,115" ten="241,284,164,311" oya="2" hai0="19,12,92,72,37,83,75,57,38,118,66,86,64" hai1="134,105,79,65,84,4,90,23,108,46,96,91,103" hai2="54,85,106,26,62,87,42,82,104,73,60,17,128" hai3="61,100,113,0,15,123,9,63,10,51,101,126,14"/><V89/><F128/><W25/><G113/><T67/><D57/><U47/><E108/><V21/><F73/><W20/><G126/><T78/><D75/><U132/><E65/><V120/><F120/><W30/><G51/><T135/><D135/><N who="1" m="51755" /><E4/><V56/><F42/><W27/><G0/><T33/><D33/><U88/><E23/><V44/><F44/><N who="1" m="16937" /><E79/><V99/><F62/><N who="3" m="23563" /><G123/><T43/><D43/><U28/><E28/><V2/><F2/><W117/><G117/><T1/><D1/><U81/><AGARI ba="2,0" hai="81,84,88,90,91,96,103,105" m="16937,51755" machi="81" ten="30,2000,0" yaku="20,1,54,1" doraHai="115" who="1" fromWho="1" sc="241,-7,284,26,164,-12,311,-7" /><INIT seed="3,0,0,4,0,19" ten="234,310,152,304" oya="3" hai0="129,1,29,65,45,130,59,99,71,4,50,0,67" hai1="7,92,70,91,9,96,83,123,84,133,42,95,57" hai2="35,6,69,37,100,127,82,47,102,112,20,93,121" hai3="98,122,68,27,14,21,110,43,10,128,18,134,97"/><W86/><G128/><N who="0" m="49259" /><D71/><U109/><E123/><V76/><F112/><W79/><G122/><T46/><D29/><U101/><E70/><V131/><F131/><W58/><G134/><T104/><D46/><U132/><E109/><V24/><F127/><W25/><G68/><T16/><D4/><U106/><E42/><V39/><F121/><W53/><G43/><T94/><D104/><U13/><E57/><V105/><F105/><W32/><G110/><T31/><D31/><U62/><E62/><V34/><F6/><W26/><G32/><T78/><D78/><U54/><E54/><V48/><F69/><W66/><G66/><N who="0" m="25099" /><D59/><U77/><REACH who="1" step="1"/><E106/><REACH who="1" ten="234,300,152,304" step="2"/><V49/><F39/><W111/><G111/><T75/><D75/><AGARI ba="0,1" hai="7,9,13,75,77,83,84,91,92,95,96,101,132,133" machi="75" ten="40,2600,0" yaku="1,1,2,1,53,0" doraHai="19" doraHaiUra="30" who="1" fromWho="0" sc="234,-26,300,36,152,0,304,0" owari="208,-19.0,336,44.0,152,-35.0,304,10.0" /></mjloggm>