<mjloggm ver="2.3"><GO type="169" lobby="0"/><UN n0="%E3%82%A2%E3%82%B9%E3%82%BF%E3%83%8A" n1="%E5%AE%89%E6%96%8E" n2="%72%61%6E%75%2D" n3="%4E%41%4E%4F%48%41" dan="17,17,16,16" rate="2194.11,2225.20,2123.51,2077.43" sx="M,F,M,M"/><TAIKYOKU oya="0"/><INIT seed="0,0,0,4,4,111" ten="250,250,250,250" oya="0" hai0="94,53,132,74,20,63,75,15,22,99,61,102,89" hai1="106,59,119,90,71,5,49,44,135,110,104,103,31" hai2="128,8,92,122,47,123,72,121,108,118,11,76,54" hai3="23,37,112,41,126,12,1,18,24,86,30,29,13"/><T48/><D132/><U14/><E71/><V19/><F108/><W68/><G68/><T80/><D75/><U2/><E110/><V100/><F128/><W42/><G1/><T85/><D74/><U3/><E119/><V131/><F131/><W82/><G126/><T57/><D22/><U52/><E135/><V0/><F118/><W35/><G30/><T73/><D73/><U129/><E129/><V66/><F66/><W115/><G12/><T81/><D81/><U58/><E31/><V130/><F130/><W91/><REACH who="3" step="1"/><G37/><REACH who="3" ten="250,250,250,240" step="2"/><T97/><D99/><U34/><E2/><V51/><F0/><W46/><G46/><T10/><REACH who="0" step="1"/><D20/><REACH who="0" ten="240,250,250,240" step="2"/><U96/><E96/><V6/><F122/><W21/><G21/><T78/><D78/><U40/><E34/><V32/><F76/><W114/><AGARI ba="0,2" hai="13,18,23,24,29,35,41,42,82,86,91,112,114,115" machi="114" ten="30,8000,1" yaku="1,1,0,1,52,3,53,0" doraHai="111" doraHaiUra="93" who="3" fromWho="3" sc="240,-40,250,-20,250,-20,240,100" /><INIT seed="1,0,0,0,2,100" ten="200,230,230,340" oya="1" hai0="122,134,94,23,39,133,9,96,130,79,118,54,116" hai1="27,91,14,1,77,125,95,107,76,2,114,113,10" hai2="15,69,29,57,108,51,68,127,71,38,85,55,112" hai3="20,6,33,121,75,12,62,45,21,106,22,111,73"/><U82/><E125/><V70/><F127/><W81/><G33/><T99/><D39/><U64/><E64/><V89/><F108/><W17/><G121/><T103/><D9/><U5/><E76/><V93/><F38/><W115/><G115/><T67/><D67/><U46/><E113/><V32/><N who="2" m="17920" /><DORA hai="35" /><V52/><F112/><W41/><G6/><T110/><D23/><U31/><E107/><V65/><F15/><W117/><G111/><T78/><D54/><U40/><E114/><V88/><F89/><W24/><G117/><T119/><D110/><U105/><E105/><V13/><F13/><W80/><G106/><N who="0" m="63847" /><D122/><U42/><E95/><V0/><F0/><W98/><G98/><T84/><D130/><U92/><E92/><V104/><F104/><W123/><G62/><T44/><D44/><U135/><E91/><V129/><F129/><W101/><G101/><N who="0" m="60663" /><D84/><N who="1" m="48207" /><E42/><V102/><F102/><W47/><G47/><T90/><D90/><U63/><E63/><V25/><REACH who="2" step="1"/><F51/><REACH who="2" ten="200,230,220,340" step="2"/><W8/><G123/><T124/><D124/><U4/><E1/><V34/><F34/><W28/><G12/><T7/><D7/><U87/><E4/><V60/><AGARI ba="0,1" hai="25,29,32,52,55,57,60,65,85,88,93" m="17920" machi="60" ten="60,8000,1" yaku="1,1,0,1,54,2,53,1" doraHai="100,35" doraHaiUra="58,11" who="2" fromWho="2" sc="200,-20,230,-40,220,90,340,-20" /><INIT seed="2,0,0,4,3,0" ten="180,190,310,320" oya="2" hai0="3,70,25,105,63,43,62,15,113,18,119,79,46" hai1="66,117,96,83,94,95,82,30,74,51,37,72,35" hai2="32,103,108,122,50,86,87,88,73,80,48,1,121" hai3="125,107,93,54,57,53,34,135,20,8,59,118,58"/><V71/><F32/><W4/><G107/><T40/><D113/><U38/><E117/><V60/><F73/><W49/><G118/><T97/><D79/><U77/><E66/><V42/><F1/><W61/><G125/><T85/><D25/><U67/><E67/><V90/><F103/><W36/><G34/><T10/><D85/><U2/><E2/><V65/><F108/><W114/><G36/><T102/><D119/><U106/><E106/><V11/><F11/><W9/><G114/><T44/><D3/><U78/><E51/><V91/><F91/><W129/><G135/><T26/><D26/><U21/><E35/><V45/><REACH who="2" step="1"/><F50/><REACH who="2" ten="180,190,300,320" step="2"/><W120/><G49/><T13/><D10/><U52/><E38/><V92/><AGARI ba="0,1" hai="42,45,48,60,65,71,80,86,87,88,90,92,121,122" machi="92" ten="20,18000,2" yaku="1,1,2,1,0,1,7,1,54,1,53,2" doraHai="0" doraHaiUra="81" who="2" fromWho="2" sc="180,-60,190,-60,300,190,320,-60" /><INIT seed="2,1,0,3,0,74" ten="120,130,490,260" oya="2" hai0="124,29,75,65,18,36,59,111,27,81,132,26,3" hai1="24,102,2,95,34,88,5,115,67,116,21,22,89" hai2="13,127,123,68,80,130,96,16,0,100,44,58,48" hai3="19,35,85,33,62,40,105,108,101,129,9,76,128"/><V38/><F68/><W113/><G40/><T66/><D36/><U70/><E115/><V120/><F0/><W73/><G73/><T79/><D3/><U30/><E116/><V72/><F127/><W11/><G113/><T91/><D124/><U97/><E2/><V47/><F58/><W56/><G105/><T84/><D111/><U78/><E5/><V133/><F133/><W134/><G101/><T53/><D132/><U52/><E78/><V87/><F38/><W86/><G108/><T49/><D18/><U12/><E12/><V42/><F47/><W7/><G19/><T103/><D103/><U39/><E39/><V25/><F25/><W55/><G134/><T125/><D125/><U117/><E117/><V60/><F60/><W10/><G7/><T112/><D112/><U107/><E52/><V109/><F72/><W15/><G15/><T17/><D17/><U28/><E28/><V119/><F130/><N who="3" m="50283" /><G86/><T57/><D57/><U131/><E131/><V51/><F109/><W63/><G62/><T32/><REACH who="0" step="1"/><D27/><REACH who="0" ten="110,130,490,260" step="2"/><U41/><E102/><V126/><F126/><W61/><G63/><T118/><D118/><U6/><E24/><V23/><F119/><W104/><G104/><T92/><AGARI ba="1,1" hai="26,29,32,49,53,59,65,66,75,79,81,84,91,92" machi="92" ten="20,8000,1" yaku="1,1,0,1,7,1,52,1,53,1" doraHai="74" doraHaiUra="20" who="0" fromWho="0" sc="110,93,130,-21,490,-41,260,-21" /><INIT seed="3,0,0,3,3,70" ten="203,109,449,239" oya="3" hai0="28,8,53,81,99,9,121,56,98,80,24,116,30" hai1="65,44,72,83,43,3,22,85,14,119,130,88,47" hai2="117,103,111,115,57,4,110,52,12,40,114,96,64" hai3="49,77,54,31,69,25,33,20,79,59,18,60,10"/><W102/><G102/><T55/><D121/><U0/><E130/><V135/><F64/><W27/><G69/><T124/><D124/><U125/><E125/><V15/><F40/><W63/><G63/><T91/><D116/><U50/><E119/><V106/><F135/><W101/><G10/><N who="0" m="4203" /><D24/><U87/><E72/><V82/><F82/><N who="0" m="31850" /><D91/><U66/><E85/><V1/><F1/><W17/><G17/><T134/><D134/><U62/><E44/><V42/><F42/><W61/><G61/><N who="0" m="35983" /><D55/><U93/><E83/><V32/><F32/><W132/><G132/><T75/><D75/><U78/><E78/><V97/><F97/><AGARI ba="0,0" hai="28,30,97,98,99" m="35983,31850,4203" machi="97" ten="30,1000,0" yaku="8,1" doraHai="70" who="0" fromWho="2" sc="203,10,109,0,449,-10,239,0" /><INIT seed="4,0,0,5,2,81" ten="213,109,439,239" oya="0" hai0="117,60,44,119,40,89,80,31,12,41,106,65,78" hai1="84,71,50,2,51,105,98,54,8,18,131,6,30" hai2="0,34,29,111,9,36,83,118,57,93,96,17,70" hai3="22,86,68,130,23,90,75,13,55,133,85,129,125"/><T134/><D106/><U52/><E131/><N who="3" m="50186" /><G75/><T69/><D134/><U82/><E71/><V124/><F124/><W66/><G125/><T132/><D132/><U59/><E30/><V48/><F70/><W39/><G133/><T103/><D103/><U28/><E28/><V74/><F36/><W135/><G135/><T37/><D31/><U1/><E18/><V127/><F127/><W101/><G39/><T56/><D41/><U126/><E126/><V4/><F17/><N who="3" m="10543" /><G90/><T7/><D89/><U15/><E98/><V100/><F74/><W45/><G23/><T43/><D43/><U21/><E105/><V88/><F100/><W115/><G115/><T97/><D97/><U14/><E1/><V42/><F96/><W61/><G101/><T19/><D7/><U77/><REACH who="1" step="1"/><E21/><REACH who="1" ten="213,99,439,239" step="2"/><V35/><F0/><W49/><AGARI ba="0,1" hai="45,49,55,61,66,68,85,86" m="10543,50186" machi="49" ten="30,4000,0" yaku="19,1,52,2" doraHai="81" who="3" fromWho="3" sc="213,-20,99,-10,439,-10,239,50" /><INIT seed="5,0,0,4,3,34" ten="193,89,429,289" oya="1" hai0="54,31,30,80,13,6,61,52,63,43,132,2,0" hai1="133,57,46,77,59,37,44,112,28,7,90,15,96" hai2="36,47,134,89,125,73,120,41,84,4,121,22,117" hai3="17,106,45,130,23,81,107,135,68,104,8,14,40"/><U3/><E112/><V42/><F117/><W20/><G68/><T39/><D80/><U50/><E133/><V49/><F73/><W18/><G135/><T60/><D132/><U58/><E3/><V99/><F134/><W113/><G113/><T127/><D127/><U70/><E70/><V87/><F125/><W32/><G32/><T79/><D79/><U67/><E77/><V25/><F4/><W38/><G130/><T95/><D95/><N who="1" m="56439" /><E37/><V1/><F1/><W35/><G35/><T92/><D92/><U122/><E122/><V74/><F87/><W10/><REACH who="3" step="1"/><G81/><REACH who="3" ten="193,89,429,279" step="2"/><T78/><D39/><U53/><E28/><V105/><F36/><W51/><G51/><T128/><D128/><U26/><E26/><AGARI ba="0,1" hai="8,10,14,17,18,20,23,26,38,40,45,104,106,107" machi="26" ten="40,1300,0" yaku="1,1,53,0" doraHai="34" doraHaiUra="27" who="3" fromWho="1" sc="193,0,89,-13,429,0,279,23" /><INIT seed="6,0,0,4,1,106" ten="193,76,429,302" oya="2" hai0="12,110,57,4,35,61,99,115,26,133,88,28,67" hai1="116,135,22,11,23,119,27,53,17,7,48,105,78" hai2="66,90,98,73,112,104,109,129,39,74,62,91,43" hai3="80,21,2,50,33,131,121,94,85,84,63,95,100"/><V93/><F104/><W79/><G33/><T52/><D110/><U134/><E105/><V72/><F109/><W75/><G2/><T19/><D115/><U18/><E78/><V10/><F112/><W101/><G63/><T97/><D133/><N who="1" m="50699" /><E48/><V69/><F129/><W54/><G121/><T31/><D31/><N who="1" m="17911" /><E53/><V0/><F0/><W46/><G21/><T122/><D122/><U96/><E96/><V123/><F10/><W120/><G131/><T83/><D4/><U45/><E45/><V49/><F123/><W77/><G120/><T40/><D40/><U25/><E17/><V68/><F39/><W65/><G65/><T14/><D67/><U126/><E126/><V71/><REACH who="2" step="1"/><F91/><REACH who="2" ten="193,76,419,302" step="2"/><W86/><REACH who="3" step="1"/><G79/><REACH who="3" ten="193,76,419,292" step="2"/><T20/><D88/><U37/><E37/><V32/><F32/><W64/><G64/><T81/><D35/><U59/><E59/><V3/><F3/><AGARI ba="0,2" hai="3,7,11,18,23,25,116,119" m="17911,50699" machi="3" ten="30,3900,0" yaku="20,1,34,2" doraHai="106" who="1" fromWho="2" sc="193,0,76,59,419,-39,292,0" /><INIT seed="7,0,0,5,1,131" ten="193,135,380,292" oya="3" hai0="52,20,89,58,29,121,64,73,80,69,95,51,71" hai1="91,79,103,115,38,97,129,11,41,92,127,0,122" hai2="56,32,17,45,53,54,57,18,85,6,22,35,28" hai3="133,26,10,63,100,40,15,132,113,16,123,82,13"/><W99/><G113/><T116/><D121/><U8/><E122/><V34/><F6/><W21/><G123/><T67/><D116/><U107/><E129/><V76/><F45/><W135/><G40/><T25/><D71/><U112/><E38/><V1/><F1/><W43/><G43/><T108/><D108/><U66/><E41/><V83/><F28/><W59/><G82/><T33/><D69/><U111/><E66/><V110/><F110/><W114/><G114/><N who="1" m="43562" /><E0/><V14/><F18/><W88/><G88/><T65/><D33/><U19/><E8/><V44/><F44/><W37/><G37/><T94/><D73/><U47/><E11/><V134/><F134/><W31/><G15/><T61/><D51/><U104/><E19/><V130/><F130/><W3/><G3/><T78/><D78/><U96/><E47/><V55/><AGARI ba="0,0" hai="14,17,22,32,34,35,53,54,55,56,57,76,83,85" machi="55" ten="40,1500,0" yaku="0,1" doraHai="131" who="2" fromWho="2" sc="193,-4,135,-4,380,15,292,-7" owari="189,-21.0,131,-37.0,395,49.0,285,9.0" /></mjloggm>