<mjloggm ver="2.3"><GO type="225" lobby="0"/><UN n0="%EF%BC%AE%EF%BC%AF%EF%BD%90%EF%BD%90%EF%BC%AF" n1="%E7%90%B4%E8%91%89%E8%91%B5" n2="%E3%81%8D%E3%82%82" n3="%E4%B8%96%E7%9B%B4%E3%81%97%E4%BA%BA" dan="16,16,16,17" rate="2109.28,2043.96,2057.26,2192.04" sx="M,F,M,M"/><TAIKYOKU oya="0"/><INIT seed="0,0,0,4,5,0" ten="250,250,250,250" oya="0" hai0="104,119,17,67,27,117,113,35,121,68,75,97,81" hai1="70,1,10,28,54,115,106,134,12,122,129,22,74" hai2="26,65,111,71,31,84,23,135,131,94,62,73,3" hai3="114,4,123,132,18,14,30,16,124,15,57,40,39"/><T100/><D113/><U127/><RYUUKYOKU type="yao9" ba="0,0" sc="250,0,250,0,250,0,250,0" hai1="1,10,12,22,28,54,70,74,106,115,122,127,129,134" /><INIT seed="0,1,0,0,5,70" ten="250,250,250,250" oya="0" hai0="43,93,108,57,6,123,16,111,39,78,128,124,56" hai1="18,107,72,54,89,113,118,27,101,125,22,77,96" hai2="10,25,81,95,90,37,59,8,29,79,106,98,47" hai3="75,102,68,109,73,26,85,30,132,112,7,103,92"/><T97/><D123/><U2/><E118/><V131/><F131/><W44/><G68/><T55/><D128/><U69/><E113/><V130/><F130/><W14/><G112/><T114/><D114/><U33/><E125/><V17/><F59/><W119/><G119/><T5/><D124/><U94/><E69/><V100/><F17/><W121/><G121/><T32/><D32/><U82/><E2/><V42/><F25/><W91/><G109/><N who="0" m="42059" /><D78/><U129/><E129/><V127/><F127/><W21/><G132/><T49/><D57/><U126/><E126/><V40/><F40/><W31/><G31/><T19/><D5/><U86/><E54/><V116/><F29/><W36/><G75/><T45/><D6/><U1/><E1/><V117/><F117/><W23/><G73/><T80/><D80/><U105/><REACH who="1" step="1"/><E33/><REACH who="1" ten="250,240,250,250" step="2"/><V13/><F116/><W133/><G133/><T120/><D120/><U87/><E87/><N who="2" m="52703" /><F13/><W3/><G3/><T60/><D60/><U12/><E12/><V53/><F53/><W41/><REACH who="3" step="1"/><G23/><REACH who="3" ten="250,240,250,240" step="2"/><T74/><D74/><AGARI ba="1,2" hai="8,10,37,42,47,74,79,81,98,100,106" m="52703" machi="74" ten="30,2000,0" yaku="24,1,52,1" doraHai="70" who="2" fromWho="0" sc="250,-23,240,0,250,43,240,0" /><INIT seed="1,0,0,5,5,55" ten="227,240,293,240" oya="1" hai0="56,49,116,78,125,131,92,71,127,88,50,33,10" hai1="4,105,63,80,65,48,94,75,7,30,111,53,43" hai2="86,2,61,76,83,31,24,77,34,107,110,46,1" hai3="101,11,21,97,27,35,103,108,69,67,106,52,126"/><U26/><E111/><V8/><F110/><W45/><G108/><T25/><D71/><U32/><E105/><V104/><F76/><W54/><G103/><T14/><D116/><U38/><E94/><V135/><F135/><W128/><G128/><T112/><D112/><U100/><E100/><V58/><F46/><W57/><G126/><N who="0" m="48139" /><D131/><U0/><E0/><V23/><F34/><W82/><G35/><T87/><D78/><U115/><E115/><V130/><F130/><W12/><G69/><T22/><D33/><U13/><E80/><V42/><F42/><W89/><G45/><T20/><D56/><N who="1" m="32807" /><E75/><V36/><F36/><W85/><G67/><T134/><D134/><U99/><E99/><V60/><F60/><W91/><G91/><T133/><D133/><U66/><E66/><V28/><F28/><W62/><G54/><T117/><D117/><U41/><E41/><V81/><F81/><W6/><G21/><N who="0" m="8299" /><D25/><U37/><E37/><V40/><F40/><W129/><REACH who="3" step="1"/><G129/><REACH who="3" ten="227,240,293,230" step="2"/><T109/><D109/><U120/><E65/><V19/><F31/><W64/><G64/><T47/><D47/><U122/><E32/><V73/><F73/><W123/><G123/><T51/><D10/><U98/><E122/><V16/><F8/><W124/><G124/><T79/><D79/><U3/><E120/><V29/><F29/><W59/><G59/><T17/><D17/><U118/><E30/><V113/><F19/><W44/><G44/><T95/><D95/><U70/><E118/><V39/><F113/><W90/><G90/><T15/><AGARI ba="0,1" hai="14,15,49,50,51,87,88,92" m="8299,48139" machi="15" ten="40,2700,0" yaku="18,1,54,1" doraHai="55" who="0" fromWho="0" sc="227,37,240,-13,293,-7,230,-7" /><INIT seed="2,0,0,2,2,15" ten="264,227,286,223" oya="2" hai0="55,32,130,73,57,48,72,66,122,30,24,134,43" hai1="90,12,121,84,82,16,123,99,51,37,86,88,116" hai2="68,115,94,96,85,105,62,29,102,34,97,77,70" hai3="124,114,21,11,6,87,47,75,52,107,20,118,92"/><V22/><F115/><W64/><G118/><T26/><D122/><N who="1" m="46603" /><E37/><V63/><F34/><W42/><G107/><T131/><D134/><U76/><E116/><V78/><F68/><W112/><G75/><T71/><D43/><U44/><E99/><V38/><F38/><W125/><G64/><T13/><D24/><U49/><E84/><V117/><F117/><W9/><G87/><T19/><D71/><U10/><E51/><V1/><F1/><N who="3" m="207" /><G92/><T23/><REACH who="0" step="1"/><D66/><REACH who="0" ten="254,227,286,223" step="2"/><U25/><E25/><N who="2" m="16567" /><F70/><W108/><G42/><AGARI ba="0,1" hai="10,12,16,42,44,49,76,82,86,88,90" m="46603" machi="42" ten="30,7700,0" yaku="13,1,52,1,54,2" doraHai="15" who="1" fromWho="3" sc="254,0,227,87,286,0,223,-77" /><INIT seed="3,0,0,3,2,73" ten="254,314,286,146" oya="3" hai0="124,79,43,125,86,111,119,12,117,95,23,123,5" hai1="31,67,121,0,52,9,114,120,60,19,48,36,99" hai2="97,105,34,132,80,49,21,57,118,74,64,14,26" hai3="45,58,35,75,68,115,40,81,6,16,55,84,33"/><W85/><G68/><T8/><D123/><U53/><E36/><V93/><F105/><W15/><G75/><T65/><D65/><U51/><E114/><V1/><F1/><W77/><G6/><T44/><D111/><U17/><E31/><V134/><F34/><W32/><G115/><T25/><D117/><U107/><E19/><V10/><F118/><W28/><G85/><T110/><D110/><U54/><E51/><V108/><F108/><W7/><G7/><T72/><D72/><U37/><E48/><V63/><F49/><W69/><G69/><T18/><D119/><U127/><E37/><V101/><F80/><W3/><G3/><T61/><D61/><U24/><E24/><V27/><F74/><W90/><G28/><T76/><D44/><U89/><E127/><N who="0" m="48713" /><D43/><U102/><E89/><AGARI ba="0,0" hai="5,8,12,18,23,25,76,79,86,89,95" m="48713" machi="89" ten="30,3900,0" yaku="18,1,52,2" doraHai="73" who="0" fromWho="1" sc="254,39,314,-39,286,0,146,0" /><INIT seed="4,0,0,3,2,19" ten="293,275,286,146" oya="0" hai0="77,118,40,130,11,18,131,24,114,133,110,43,117" hai1="6,64,22,23,111,49,57,5,89,81,36,105,31" hai2="68,51,88,127,91,12,113,4,96,62,102,124,90" hai3="134,33,29,26,106,107,69,100,2,125,14,30,92"/><T7/><D114/><U37/><E105/><N who="2" m="63687" /><F113/><W99/><G2/><T20/><D133/><U121/><E121/><V65/><F51/><W27/><G69/><T9/><D110/><U126/><E111/><V21/><F4/><N who="1" m="1641" /><E36/><V8/><F8/><N who="0" m="3146" /><D7/><U56/><E37/><V80/><F80/><W38/><G38/><T75/><D75/><U83/><E126/><N who="2" m="48171" /><F91/><W98/><G125/><T76/><D43/><U61/><E31/><V122/><F122/><W94/><G14/><T95/><D40/><U44/><E57/><V45/><F45/><W48/><G48/><T82/><D95/><U97/><E81/><V42/><F42/><W35/><REACH who="3" step="1"/><G134/><REACH who="3" ten="293,275,286,136" step="2"/><T108/><D108/><U85/><E97/><V66/><F66/><W1/><G1/><T3/><D3/><U128/><E128/><N who="0" m="49193" /><D82/><U67/><E67/><V15/><F15/><W28/><G28/><T25/><D24/><U119/><E119/><AGARI ba="0,1" hai="18,20,25,76,77,117,118,119" m="49193,3146" machi="119" ten="30,2900,0" yaku="19,1,52,1" doraHai="19" who="0" fromWho="1" sc="293,39,275,-29,286,0,136,0" owari="332,42.0,246,-15.0,286,9.0,136,-36.0" /></mjloggm>