<mjloggm ver="2.3"><GO type="169" lobby="0"/><UN n0="%E4%B8%83%E3%83%84%E6%98%9F%E3%83%9B%E3%82%AF%E3%82%B5%E3%82%A4" n1="%E3%82%AA%E3%82%AB%E3%83%AB%E3%83%88%E4%B8%80%E8%89%B2" n2="%E8%A1%9B%E8%97%A4%E7%BE%8E%E5%BD%A9" n3="%E3%82%A2%E3%82%B9%E3%82%BF%E3%83%8A" dan="17,17,16,17" rate="2218.09,2197.15,2118.50,2189.80" sx="M,M,M,M"/><TAIKYOKU oya="0"/><INIT seed="0,0,0,3,4,75" ten="250,250,250,250" oya="0" hai0="90,59,27,31,68,12,33,43,81,116,15,44,36" hai1="119,60,45,9,125,0,87,37,131,84,82,105,94" hai2="115,99,4,123,49,41,66,132,98,121,5,11,10" hai3="47,135,52,54,70,57,83,106,46,62,50,32,73"/><T21/><D68/><U102/><E119/><V3/><F115/><W18/><G106/><T111/><D116/><U77/><E125/><V134/><F41/><W7/><G32/><T23/><D111/><U109/><E109/><V101/><F66/><W8/><G18/><T93/><D59/><U48/><E131/><V126/><F49/><W120/><G135/><N who="2" m="51753" /><F126/><W39/><G120/><N who="2" m="46153" /><F101/><W100/><G100/><T80/><D33/><U124/><E124/><V95/><F95/><W63/><G70/><T24/><D81/><U108/><E108/><V91/><F91/><W65/><G65/><T53/><D80/><U107/><E60/><V42/><F42/><W118/><G118/><T56/><D93/><U16/><E37/><V2/><AGARI ba="0,0" hai="2,3,4,5,10,11,98,99" m="46153,51753" machi="2" ten="30,1100,0" yaku="20,1" doraHai="75" who="2" fromWho="2" sc="250,-5,250,-3,250,11,250,-3" /><INIT seed="1,0,0,1,1,114" ten="245,247,261,247" oya="1" hai0="83,79,66,50,74,89,58,6,85,63,127,94,113" hai1="110,128,86,118,122,39,115,2,40,133,69,73,42" hai2="19,82,129,21,17,34,96,25,38,119,57,92,112" hai3="13,132,108,75,98,32,87,116,102,105,35,28,103"/><U20/><RYUUKYOKU type="yao9" ba="0,0" sc="245,0,247,0,261,0,247,0" hai1="2,20,39,40,42,69,73,86,110,115,118,122,128,133" /><INIT seed="1,1,0,4,1,8" ten="245,247,261,247" oya="1" hai0="14,28,7,129,76,4,89,60,116,127,26,108,88" hai1="44,36,115,118,124,112,119,56,23,97,82,117,83" hai2="78,2,64,121,126,39,17,123,92,35,5,32,25" hai3="103,105,31,15,66,85,20,3,79,10,40,94,45"/><U81/><E124/><V16/><F64/><W93/><G3/><T61/><D116/><U11/><E11/><N who="2" m="2487" /><F39/><W22/><G66/><T27/><D127/><U34/><E34/><N who="2" m="12843" /><F92/><W70/><G70/><T54/><D28/><U87/><E87/><V111/><F78/><W134/><G134/><T21/><D21/><U69/><E69/><V91/><F91/><W95/><G31/><T46/><D54/><U109/><E109/><V102/><F102/><W49/><G105/><T130/><D108/><U75/><E75/><V133/><F111/><W13/><G103/><T12/><D46/><U37/><E56/><V96/><F96/><W110/><G110/><T6/><D4/><U113/><E23/><N who="3" m="8746" /><G10/><T120/><REACH who="0" step="1"/><D76/><REACH who="0" ten="235,247,261,247" step="2"/><U80/><N who="1" m="20480" /><DORA hai="53" /><U62/><E62/><V135/><F126/><W106/><G79/><T18/><D18/><N who="2" m="7274" /><F25/><W90/><G106/><T63/><D63/><U43/><REACH who="1" step="1"/><E97/><REACH who="1" ten="235,237,261,247" step="2"/><V73/><F73/><W98/><G98/><T77/><D77/><U59/><E59/><V58/><F58/><W114/><G114/><T99/><D99/><U71/><E71/><V86/><F86/><W104/><G104/><T57/><D57/><U30/><E30/><V122/><AGARI ba="1,2" hai="121,122,123,133,135" m="7274,12843,2487" machi="122" ten="40,5200,0" yaku="34,2,54,1" doraHai="8,53" who="2" fromWho="2" sc="235,-14,237,-27,261,75,247,-14" /><INIT seed="2,0,0,2,2,34" ten="221,210,336,233" oya="2" hai0="109,3,120,48,96,51,85,60,21,118,4,57,91" hai1="32,88,56,68,127,83,20,11,72,53,33,28,7" hai2="98,1,17,59,30,112,80,44,62,16,108,121,114" hai3="27,6,47,130,37,93,49,102,25,5,132,42,66"/><V69/><F121/><W0/><G132/><T76/><D120/><U12/><E68/><V71/><F30/><W45/><G130/><T2/><D109/><U125/><E20/><V35/><F35/><W90/><G102/><T129/><D4/><U39/><E39/><V50/><F108/><W40/><G66/><T128/><D21/><U103/><E103/><V106/><F80/><W124/><G124/><N who="1" m="47690" /><E28/><V100/><F1/><N who="0" m="10" /><D96/><U101/><E101/><V43/><F71/><W122/><G122/><T64/><D76/><N who="1" m="44423" /><E88/><V18/><REACH who="2" step="1"/><F69/><REACH who="2" ten="221,210,326,233" step="2"/><W13/><G0/><T26/><D118/><U94/><E94/><V97/><F97/><W105/><G105/><T52/><D128/><U63/><AGARI ba="0,1" hai="7,11,12,32,33,53,56,63" m="44423,47690" machi="63" ten="30,1100,0" yaku="18,1" doraHai="34" who="1" fromWho="1" sc="221,-3,210,21,326,-5,233,-3" /><INIT seed="3,0,0,1,5,94" ten="218,231,321,230" oya="3" hai0="5,129,14,46,34,62,9,120,71,11,76,57,90" hai1="51,12,134,72,127,1,19,22,55,131,104,130,124" hai2="56,7,110,117,0,10,59,84,77,53,96,109,69" hai3="13,35,101,30,80,78,68,67,18,17,58,64,4"/><W132/><G68/><T107/><D120/><U8/><E72/><V114/><F114/><W88/><G132/><T15/><D129/><N who="1" m="49163" /><E104/><V123/><F117/><W111/><G111/><N who="2" m="42505" /><F69/><W6/><G101/><T121/><D121/><U3/><E134/><V24/><F123/><W29/><G78/><T93/><D107/><U42/><E42/><V122/><F122/><W75/><G75/><T73/><D71/><U118/><E118/><V70/><F70/><W23/><G35/><T103/><D34/><U39/><E39/><V116/><F116/><W89/><G58/><N who="2" m="22057" /><F53/><W135/><G135/><T52/><D46/><N who="1" m="28151" /><E8/><V21/><F84/><W60/><G23/><T91/><D73/><U36/><E36/><V97/><F77/><W133/><G133/><T65/><D76/><U49/><E49/><V112/><F112/><W48/><G48/><T95/><D65/><U82/><E82/><V85/><F85/><W31/><G80/><T44/><D44/><U83/><E83/><V54/><F54/><W45/><G45/><T28/><D28/><AGARI ba="0,0" hai="0,7,10,21,24,28,96,97" m="22057,42505" machi="28" ten="30,3900,0" yaku="14,1,52,2" doraHai="94" who="2" fromWho="0" sc="218,-39,231,0,321,39,230,0" /><INIT seed="4,0,0,4,3,77" ten="179,231,360,230" oya="0" hai0="9,96,100,20,98,85,123,67,62,55,44,113,59" hai1="35,128,89,11,126,23,27,105,79,81,114,57,90" hai2="46,5,66,8,60,10,87,124,110,70,30,134,33" hai3="17,1,107,40,115,130,106,61,42,73,116,34,78"/><T24/><D123/><U47/><E126/><V75/><F124/><W80/><G116/><T74/><D74/><U2/><E128/><V4/><F75/><W121/><G130/><T135/><D113/><U88/><E105/><V118/><F118/><W131/><G131/><T21/><D135/><U45/><E35/><V65/><F134/><W94/><G115/><T13/><D100/><U6/><E114/><V76/><F65/><W84/><G121/><T71/><D44/><U95/><E57/><V119/><F119/><W32/><G1/><T39/><D39/><U22/><E95/><V18/><F110/><W19/><G106/><T132/><D132/><U41/><E27/><V54/><F30/><W91/><G61/><T99/><D85/><U101/><E101/><V72/><F87/><W16/><REACH who="3" step="1"/><G107/><REACH who="3" ten="179,231,360,220" step="2"/><T7/><REACH who="0" step="1"/><D24/><REACH who="0" ten="169,231,360,220" step="2"/><U50/><REACH who="1" step="1"/><E47/><REACH who="1" ten="169,221,360,220" step="2"/><V28/><F46/><W82/><G82/><T69/><D69/><U109/><E109/><V14/><F70/><W37/><G37/><T112/><D112/><U31/><E31/><V26/><F28/><W53/><G53/><T133/><D133/><U129/><E129/><V64/><F54/><W104/><G104/><T12/><D12/><U43/><E43/><AGARI ba="0,3" hai="16,17,19,32,34,40,42,43,73,78,80,84,91,94" machi="43" ten="40,5200,0" yaku="1,1,52,1,54,1,53,0" doraHai="77" doraHaiUra="102" who="3" fromWho="1" sc="169,0,221,-52,360,0,220,82" /><INIT seed="5,0,0,2,4,95" ten="169,169,360,302" oya="1" hai0="40,58,66,76,43,71,104,126,105,106,101,44,111" hai1="89,115,52,64,22,13,1,124,49,62,4,70,91" hai2="107,39,134,9,12,113,130,34,93,7,45,61,99" hai3="109,5,82,88,19,63,15,20,41,51,24,50,38"/><U121/><E121/><V6/><F130/><W60/><G109/><T131/><D111/><U8/><E115/><V100/><F113/><W122/><G122/><T54/><D131/><U17/><REACH who="1" step="1"/><E124/><REACH who="1" ten="169,159,360,302" step="2"/><V16/><F134/><W81/><G38/><T123/><D126/><U78/><E78/><V85/><F39/><W129/><G129/><T118/><D123/><U120/><E120/><V33/><F33/><W98/><G81/><T114/><D114/><U30/><E30/><V31/><F31/><W3/><G82/><T110/><D110/><U128/><E128/><V117/><F117/><W18/><G3/><T35/><D118/><U79/><E79/><V0/><F34/><W11/><G5/><T67/><D35/><U87/><E87/><V77/><F7/><W68/><G19/><T75/><D75/><U83/><E83/><V14/><F0/><W55/><G18/><T72/><D72/><U48/><E48/><V69/><F77/><W97/><G51/><T133/><D133/><U26/><E26/><V36/><F36/><W86/><G50/><T102/><D106/><U46/><AGARI ba="0,1" hai="1,4,8,13,17,22,46,49,52,62,64,70,89,91" machi="46" ten="20,7800,0" yaku="1,1,0,1,7,1,54,1,53,0" doraHai="95" doraHaiUra="29" who="1" fromWho="1" sc="169,-26,159,88,360,-26,302,-26" /><INIT seed="5,1,0,1,5,99" ten="143,247,334,276" oya="1" hai0="20,128,66,67,44,125,108,53,21,106,119,132,78" hai1="54,126,68,109,83,120,133,11,77,86,89,36,13" hai2="88,55,6,123,134,52,70,127,49,90,118,38,14" hai3="96,8,16,81,112,129,87,32,131,3,28,0,50"/><U103/><E120/><V113/><F123/><W31/><G112/><T12/><D106/><U47/><E126/><V9/><F118/><W58/><G96/><T17/><D108/><U1/><E109/><V111/><F113/><W130/><G58/><T51/><D125/><U71/><E133/><V75/><F75/><W95/><G95/><T135/><D119/><U43/><E1/><N who="3" m="586" /><G32/><T110/><D110/><U10/><E10/><V91/><F111/><W94/><G50/><T101/><D128/><U102/><E54/><V64/><F64/><W124/><G94/><T93/><D78/><U24/><E24/><V59/><F127/><W115/><G124/><T23/><D135/><U76/><E76/><V84/><F70/><W2/><G115/><T5/><D5/><U15/><E15/><V27/><F134/><W104/><G104/><T48/><D132/><U18/><REACH who="1" step="1"/><E77/><REACH who="1" ten="143,237,334,276" step="2"/><V19/><F6/><W39/><G2/><T22/><D66/><U37/><E37/><V69/><F69/><AGARI ba="1,1" hai="11,13,18,36,43,47,68,69,71,83,86,89,102,103" machi="69" ten="40,7700,0" yaku="1,1,52,2,53,0" doraHai="99" doraHaiUra="122" who="1" fromWho="2" sc="143,0,237,90,334,-80,276,0" /><INIT seed="5,2,0,1,1,96" ten="143,327,254,276" oya="1" hai0="4,76,47,132,124,63,17,8,54,80,6,30,41" hai1="5,66,75,123,34,115,109,82,10,126,48,40,134" hai2="70,79,32,122,97,56,118,117,135,0,9,33,31" hai3="67,16,42,71,121,78,112,127,23,14,133,81,36"/><U86/><E123/><V58/><F70/><W20/><G121/><T61/><D132/><U119/><E119/><V64/><F122/><W89/><G133/><T105/><D124/><U91/><E134/><V107/><F117/><W12/><G127/><T95/><D105/><U129/><E126/><V125/><F125/><W108/><G108/><T102/><D30/><U85/><E109/><V62/><F107/><W100/><G89/><T59/><D63/><U94/><E115/><V46/><F135/><W99/><G112/><T38/><D17/><U120/><E120/><V92/><F118/><W35/><G35/><T21/><D21/><U2/><E129/><V45/><F79/><W88/><G67/><T74/><REACH who="0" step="1"/><D8/><REACH who="0" ten="133,327,254,276" step="2"/><U65/><E10/><V43/><F31/><W68/><G23/><T128/><D128/><U28/><E28/><V22/><F45/><W130/><G130/><T106/><D106/><U114/><E114/><V1/><F1/><W27/><G20/><T49/><D49/><U19/><E48/><V103/><F22/><W7/><G16/><T131/><D131/><U11/><E11/><V37/><REACH who="2" step="1"/><F58/><REACH who="2" ten="133,327,244,276" step="2"/><W73/><G68/><T87/><D87/><U26/><E85/><V60/><F60/><W83/><G71/><T72/><D72/><U52/><E86/><V113/><F113/><W25/><G73/><T51/><D51/><U90/><E75/><V116/><F116/><W69/><G69/><T50/><D50/><U3/><E2/><V110/><F110/><W57/><G57/><T111/><D111/><U93/><E3/><V55/><F55/><RYUUKYOKU ba="2,2" sc="133,15,327,-15,244,15,276,-15" hai0="4,6,38,41,47,54,59,61,74,76,80,95,102" hai2="0,9,32,33,37,43,46,56,62,64,92,97,103" /><INIT seed="6,3,2,4,4,52" ten="148,312,259,261" oya="2" hai0="63,67,18,75,115,11,135,97,74,127,110,113,72" hai1="5,104,53,45,31,81,68,36,34,62,41,133,1" hai2="91,13,39,15,25,20,64,70,40,59,0,56,4" hai3="12,101,27,112,47,61,118,37,16,108,125,33,49"/><V94/><F0/><W71/><G108/><T30/><D110/><U116/><E116/><V54/><F54/><W129/><G118/><T77/><D127/><U73/><E133/><V92/><F92/><W90/><G37/><T85/><D135/><U119/><E119/><V131/><F131/><W109/><G109/><T65/><D30/><U93/><E93/><V66/><F66/><W22/><G125/><T43/><D43/><U48/><E104/><V14/><F70/><W124/><G124/><T114/><D97/><U55/><E31/><V89/><F39/><W78/><G129/><T76/><D85/><U96/><E96/><N who="2" m="57423" /><F64/><N who="0" m="24650" /><D63/><U24/><E34/><V120/><F40/><W122/><G71/><T9/><D18/><U10/><E48/><V69/><F69/><W83/><G33/><T95/><D95/><U21/><E68/><V3/><F3/><W23/><G122/><T2/><D2/><U87/><E62/><V117/><F117/><W130/><G61/><T26/><D26/><U105/><E105/><V58/><F91/><W7/><G90/><T102/><D102/><U19/><E73/><N who="0" m="18689" /><T42/><DORA hai="29" /><D42/><U8/><E8/><AGARI ba="3,2" hai="8,9,11,76,77,113,114,115" m="18689,24650" machi="8" ten="50,6400,0" yaku="28,2,15,1" doraHai="52,29" who="0" fromWho="1" sc="148,93,312,-73,259,0,261,0" /><INIT seed="7,0,0,2,3,87" ten="241,239,259,261" oya="3" hai0="97,50,81,38,74,104,66,125,108,8,42,59,75" hai1="77,128,101,96,34,103,28,121,106,80,20,27,60" hai2="123,124,37,15,126,29,1,32,30,44,93,76,3" hai3="24,73,0,119,84,51,88,45,86,53,5,70,52"/><W71/><G73/><T58/><D108/><U31/><E121/><V39/><F76/><W35/><G119/><T90/><D125/><N who="2" m="48234" /><F15/><W68/><G35/><T133/><D38/><N who="2" m="14346" /><F44/><W61/><G24/><T10/><D133/><U56/><E128/><V91/><F123/><W43/><G61/><N who="0" m="38199" /><D104/><U21/><E101/><V48/><F48/><W14/><G0/><N who="2" m="73" /><F32/><W110/><G110/><T89/><D75/><U127/><E127/><V11/><F11/><W9/><REACH who="3" step="1"/><G84/><AGARI ba="0,0" hai="29,30,84,91,93" m="73,14346,48234" machi="84" ten="40,2600,0" yaku="18,1,52,1" doraHai="87" who="2" fromWho="3" sc="241,0,239,0,259,26,261,-26" /><INIT seed="8,0,0,4,0,87" ten="241,239,285,235" oya="0" hai0="115,126,97,70,98,89,62,128,25,133,123,64,5" hai1="2,29,82,56,72,67,20,45,65,107,116,127,76" hai2="131,132,40,66,73,59,85,11,105,3,32,10,39" hai3="79,23,46,74,95,55,113,83,90,86,1,30,117"/><T0/><D123/><U36/><E116/><V42/><F73/><W13/><G113/><T135/><D115/><U106/><E127/><V71/><F71/><W57/><G1/><T12/><D0/><U17/><E29/><V47/><F105/><W119/><G46/><T22/><D126/><U69/><E69/><V21/><F32/><W92/><G92/><T104/><D128/><U58/><E58/><V19/><F42/><W134/><G134/><N who="0" m="51211" /><D104/><U88/><E2/><V38/><F3/><W80/><G80/><T91/><D12/><U99/><E56/><V120/><F39/><W24/><REACH who="3" step="1"/><G13/><REACH who="3" ten="241,239,285,225" step="2"/><T111/><D111/><U75/><E45/><N who="2" m="23703" /><F120/><W108/><G108/><T54/><D54/><U77/><E82/><V53/><F47/><W129/><G129/><T81/><D81/><U125/><E125/><V50/><F131/><W130/><G130/><T51/><D51/><AGARI ba="0,1" hai="23,24,30,51,55,57,74,79,83,86,90,95,117,119" machi="51" ten="40,2600,0" yaku="1,1,52,1,53,0" doraHai="87" doraHaiUra="102" who="3" fromWho="0" sc="241,-26,239,0,285,0,225,36" /><INIT seed="9,0,0,2,3,14" ten="215,239,285,261" oya="1" hai0="16,87,12,96,1,129,71,7,54,78,132,117,108" hai1="97,60,126,88,22,67,62,39,51,90,17,58,57" hai2="130,82,15,53,47,34,128,113,8,74,135,124,110" hai3="75,122,32,38,99,100,112,125,76,40,77,42,13"/><U105/><E39/><V116/><F110/><W49/><G32/><T0/><D108/><U46/><E126/><V29/><F124/><W79/><G125/><T44/><D71/><U18/><E105/><V37/><F113/><W41/><G112/><T61/><D129/><N who="2" m="49770" /><F135/><W28/><G38/><T91/><D132/><U120/><E120/><V123/><F116/><W33/><G122/><T70/><D117/><U101/><E101/><V3/><F3/><W81/><G49/><N who="0" m="28967" /><D70/><U119/><E119/><V94/><F94/><W106/><REACH who="3" step="1"/><G13/><REACH who="3" ten="215,239,285,251" step="2"/><T31/><D0/><U103/><E51/><N who="2" m="28927" /><F37/><W95/><G95/><N who="0" m="56447" /><D1/><U11/><E60/><V43/><F34/><W52/><G52/><T80/><D61/><U64/><E62/><V59/><F43/><W10/><G10/><N who="0" m="6167" /><D7/><U50/><E50/><V36/><F36/><W133/><G133/><T66/><D66/><U118/><E118/><V86/><F123/><W83/><G83/><T98/><D31/><U93/><E64/><V26/><F74/><W19/><G19/><T111/><D111/><U104/><E67/><V134/><F82/><W25/><AGARI ba="0,1" hai="25,28,33,40,41,42,75,76,77,79,81,99,100,106" machi="25" ten="30,4000,0" yaku="1,1,0,1,53,1" doraHai="14" doraHaiUra="23" who="3" fromWho="3" sc="215,-10,239,-20,285,-10,251,50" owari="205,-29.0,219,-18.0,275,8.0,301,39.0" /></mjloggm>