<mjloggm ver="2.3"><GO type="169" lobby="0"/><UN n0="%E4%B8%83%E3%83%84%E6%98%9F%E3%83%9B%E3%82%AF%E3%82%B5%E3%82%A4" n1="%E5%8D%83%E7%BE%BD%E9%B4%89" n2="%70%61%77%61%40%32%32%34" n3="%E3%83%81%E3%83%83%E3%83%97%E3%82%B3%E3%83%AC%E3%82%AF%E3%82%BF%E3%83%BC" dan="17,17,17,16" rate="2210.36,2235.60,2233.34,2140.70" sx="M,F,M,M"/><TAIKYOKU oya="0"/><INIT seed="0,0,0,3,5,130" ten="250,250,250,250" oya="0" hai0="108,116,17,86,119,3,55,9,76,46,49,87,88" hai1="33,66,5,135,126,77,131,29,79,6,4,15,117" hai2="99,13,102,123,133,72,31,69,63,18,65,97,84" hai3="37,94,60,36,110,35,67,57,85,62,39,28,24"/><T30/><D30/><U71/><E71/><V92/><F123/><W134/><G110/><T122/><D122/><U100/><E66/><V64/><F72/><W96/><G85/><T124/><D124/><U118/><E100/><V40/><F65/><W114/><G114/><T0/><D108/><U73/><E73/><V107/><F84/><W128/><G128/><T74/><D74/><U32/><E131/><V48/><F133/><W129/><G129/><T95/><D17/><U43/><E29/><V27/><F48/><W68/><G134/><T54/><D54/><U121/><E121/><V22/><F40/><W50/><G50/><T1/><REACH who="0" step="1"/><D9/><REACH who="0" ten="240,250,250,250" step="2"/><U93/><E126/><V16/><REACH who="2" step="1"/><F13/><REACH who="2" ten="240,250,240,250" step="2"/><W106/><G24/><T11/><D11/><U21/><E15/><V98/><F98/><W90/><G96/><T83/><AGARI ba="0,2" hai="0,1,3,46,49,55,76,83,86,87,88,95,116,119" machi="83" ten="40,12000,1" yaku="1,1,0,1,54,1,53,1" doraHai="130" doraHaiUra="89" who="0" fromWho="0" sc="240,140,250,-40,240,-40,250,-40" /><INIT seed="0,1,0,2,5,44" ten="380,210,200,210" oya="0" hai0="82,116,115,60,29,91,63,87,76,5,77,112,109" hai1="25,110,13,104,41,47,20,15,89,9,61,111,6" hai2="93,70,23,127,18,119,95,114,106,45,38,64,124" hai3="73,99,3,28,85,97,39,108,94,50,27,0,71"/><T132/><D116/><U51/><E104/><V62/><F114/><W53/><G39/><T58/><D132/><U96/><E61/><V32/><F32/><W86/><G108/><N who="1" m="41514" /><E96/><V10/><F10/><W67/><G73/><T133/><D133/><U37/><E89/><V69/><F69/><W131/><G131/><T34/><D109/><U88/><E88/><V1/><F1/><W74/><G74/><T98/><D115/><U101/><E101/><V90/><F106/><W11/><G99/><T120/><D120/><U75/><E75/><V48/><F38/><W55/><G55/><T102/><D112/><U84/><E84/><V125/><F119/><W105/><G105/><T14/><D76/><U21/><E25/><N who="2" m="14583" /><F90/><W2/><G67/><T118/><D77/><U100/><E100/><V46/><F46/><W17/><G71/><T128/><D118/><U123/><E123/><V4/><F4/><W19/><G86/><T57/><D98/><U31/><E31/><V16/><F16/><W78/><G85/><T68/><D68/><U33/><E33/><V59/><F70/><W79/><G17/><T24/><D102/><U42/><E15/><V7/><F7/><W40/><G97/><T54/><D14/><U22/><E37/><V56/><F56/><W113/><G113/><T30/><D30/><U26/><E26/><V117/><F117/><W49/><G28/><T121/><D121/><U107/><E107/><V12/><F12/><W66/><G27/><T134/><D24/><U65/><E65/><V92/><F45/><N who="3" m="25767" /><G0/><T43/><D29/><U36/><E36/><RYUUKYOKU ba="1,0" sc="380,-15,210,15,200,15,210,-15" hai1="6,9,13,20,21,22,41,42,47,51" hai2="48,59,62,64,92,93,95,124,125,127" /><INIT seed="1,2,0,3,0,43" ten="365,225,215,195" oya="1" hai0="99,49,47,70,97,54,55,135,14,67,126,7,31" hai1="88,27,84,108,45,71,121,8,125,74,107,41,131" hai2="21,120,29,39,134,124,15,46,51,122,12,37,58" hai3="11,81,52,53,18,25,64,65,95,98,24,38,96"/><U0/><E74/><V123/><F124/><W128/><G38/><T85/><D126/><U26/><E125/><V82/><F134/><W87/><G128/><T75/><D75/><U6/><E131/><V3/><F3/><W13/><G24/><T48/><D135/><U92/><E121/><V17/><F29/><W77/><G25/><T32/><D31/><U105/><E71/><V68/><F68/><W16/><G18/><T20/><D32/><U79/><E108/><V91/><F58/><W56/><G98/><T76/><D67/><N who="3" m="25673" /><G56/><T33/><D33/><U22/><E79/><V110/><F110/><W61/><G61/><T78/><D70/><U34/><E27/><V102/><F102/><AGARI ba="2,0" hai="11,13,16,52,53,77,81,87,95,96,102" m="25673" machi="102" ten="30,3900,0" yaku="8,1,54,2" doraHai="43" who="3" fromWho="2" sc="365,0,225,0,215,-45,195,45" /><INIT seed="2,0,0,4,5,121" ten="365,225,170,240" oya="2" hai0="86,65,60,90,19,0,57,101,125,47,63,20,104" hai1="107,61,18,97,43,41,13,45,78,4,72,87,75" hai2="24,94,118,91,93,7,89,85,2,83,12,76,66" hai3="95,25,132,131,133,34,123,11,9,134,100,98,23"/><V88/><F118/><W135/><G123/><T82/><D0/><U105/><E41/><V103/><F2/><W80/><G34/><T39/><D125/><U40/><E40/><V114/><F114/><W53/><G131/><T71/><D104/><U120/><E61/><V58/><F24/><W5/><G5/><T79/><D101/><U3/><E87/><V130/><F130/><W48/><N who="3" m="33792" /><DORA hai="122" /><W70/><G80/><T126/><D126/><U127/><E97/><N who="2" m="59831" /><F12/><W46/><REACH who="3" step="1"/><G70/><REACH who="3" ten="365,225,170,230" step="2"/><T52/><D71/><U38/><E120/><V117/><F7/><W96/><G96/><T67/><D82/><U29/><E127/><V42/><F117/><W112/><G112/><T27/><D39/><U17/><E38/><V62/><F42/><W116/><G116/><T6/><D6/><U35/><E4/><V36/><F36/><W124/><G124/><T111/><D79/><U99/><E43/><V84/><AGARI ba="0,1" hai="58,62,66,76,83,84,85,88,89,91,93" m="59831" machi="84" ten="30,3000,0" yaku="8,1,54,1" doraHai="121,122" who="2" fromWho="2" sc="365,-10,225,-10,170,40,230,-10" /><INIT seed="2,1,0,4,2,1" ten="355,215,210,220" oya="2" hai0="105,129,111,4,15,67,7,41,25,62,119,21,23" hai1="97,79,10,104,49,6,112,45,13,88,28,22,89" hai2="126,95,85,132,20,44,134,102,69,12,38,91,61" hai3="71,0,18,26,27,40,109,108,93,60,73,42,76"/><V24/><F126/><W2/><G93/><T75/><D105/><U78/><E112/><V32/><F32/><W135/><G135/><T17/><D75/><U117/><E117/><V98/><F12/><W55/><G76/><N who="1" m="29226" /><E104/><V130/><F130/><W66/><G73/><T127/><D129/><U92/><E28/><V113/><F113/><W131/><G131/><T86/><D127/><U46/><E22/><V53/><F38/><W50/><G0/><T36/><D111/><N who="3" m="42569" /><G2/><T99/><D119/><U103/><E46/><V106/><F44/><N who="3" m="28103" /><G18/><T3/><D3/><U39/><E39/><V90/><F90/><W37/><G37/><T74/><D74/><U51/><E51/><V122/><F122/><W128/><G128/><T82/><D99/><U52/><AGARI ba="1,0" hai="6,10,13,45,49,52,88,89,92,97,103" m="29226" machi="52" ten="30,7900,0" yaku="8,1,52,1,54,2" doraHai="1" who="1" fromWho="1" sc="355,-21,215,82,210,-40,220,-21" /><INIT seed="3,0,0,1,0,133" ten="334,297,170,199" oya="3" hai0="87,64,124,128,95,91,98,48,112,52,66,88,19" hai1="8,35,50,126,58,109,134,37,111,22,40,132,6" hai2="113,74,129,123,21,7,30,25,39,5,56,38,72" hai3="15,135,75,36,90,12,13,55,99,127,130,119,59"/><W85/><G119/><T1/><D1/><U57/><E22/><V53/><F113/><W101/><G135/><N who="1" m="51754" /><E8/><V93/><F129/><W51/><G75/><T114/><D128/><U103/><E6/><V32/><F123/><W68/><G130/><T3/><D3/><U43/><E103/><V42/><F32/><W77/><G68/><T79/><D114/><U2/><E2/><V34/><F34/><W108/><G36/><T14/><D112/><U110/><E35/><V89/><F74/><W69/><G69/><T11/><D79/><U81/><E81/><V84/><F72/><W107/><G108/><T41/><D41/><N who="1" m="15947" /><E37/><V23/><F39/><W121/><G121/><T102/><D124/><U46/><E126/><V94/><F38/><W29/><G77/><T106/><D91/><U76/><E76/><V70/><F42/><AGARI ba="0,0" hai="42,46,50,57,58,109,110,111" m="15947,51754" machi="42" ten="40,8000,1" yaku="14,1,20,1,34,2" doraHai="133" who="1" fromWho="2" sc="334,0,297,80,170,-80,199,0" /><INIT seed="4,0,0,1,5,109" ten="334,377,90,199" oya="0" hai0="80,132,26,114,32,7,45,15,65,79,72,63,13" hai1="71,35,66,4,115,16,67,62,116,50,57,134,29" hai2="52,40,120,122,10,96,20,56,36,43,25,126,75" hai3="51,11,41,9,3,94,53,58,30,68,88,59,14"/><T21/><D132/><U54/><E134/><V22/><F75/><W111/><G111/><T0/><D32/><U74/><E74/><V87/><F126/><W107/><G107/><T17/><D114/><U101/><E116/><V105/><F10/><W121/><G68/><T100/><D100/><U8/><E67/><V92/><F105/><W34/><G121/><T55/><D0/><U90/><E115/><V119/><F87/><W19/><G34/><T44/><D55/><U93/><E101/><V89/><F22/><W33/><G33/><T46/><REACH who="0" step="1"/><D7/><REACH who="0" ten="324,377,90,199" step="2"/><U128/><E35/><V24/><F119/><W135/><G135/><T117/><D117/><U28/><E128/><V48/><F25/><W113/><G53/><T60/><D60/><U81/><E4/><V97/><F120/><W123/><G123/><T18/><D18/><U108/><E108/><V2/><F2/><W38/><G19/><T84/><D84/><U91/><E16/><N who="2" m="12295" /><F122/><W86/><G86/><T6/><D6/><U12/><E28/><V124/><F124/><W85/><G85/><T39/><D39/><U73/><E29/><V76/><F36/><W5/><G30/><T130/><D130/><U42/><E73/><V47/><F76/><W129/><G38/><T83/><D83/><U133/><E81/><V112/><F112/><W95/><G113/><T61/><D61/><N who="1" m="40399" /><E133/><V102/><F102/><W70/><G129/><T110/><D110/><U82/><E82/><V125/><F125/><W131/><G131/><T127/><D127/><U106/><E62/><N who="2" m="36103" /><F97/><W37/><G37/><T118/><D118/><RYUUKYOKU ba="0,1" sc="324,15,377,-15,90,15,199,-15" hai0="13,15,17,21,26,44,45,46,63,65,72,79,80" hai2="40,43,47,48,89,92,96" /><INIT seed="4,1,1,3,2,0" ten="339,362,105,184" oya="0" hai0="32,129,53,113,87,75,134,33,14,126,38,34,26" hai1="79,94,123,110,82,7,115,103,24,109,62,125,70" hai2="67,80,132,120,98,42,117,97,102,105,133,46,73" hai3="56,49,65,84,28,51,69,6,23,4,71,124,36"/><T86/><D75/><U76/><E123/><V116/><F67/><W77/><G36/><T47/><D113/><U22/><E125/><V106/><F46/><W8/><G124/><T96/><D126/><U40/><E115/><V118/><F120/><W88/><G77/><T2/><D2/><U95/><E76/><N who="2" m="44047" /><F42/><W52/><G71/><T66/><D66/><U130/><E130/><V104/><F98/><W64/><G69/><T90/><D129/><U19/><E40/><V111/><F111/><W89/><G51/><T101/><D134/><AGARI ba="1,1" hai="97,102,104,105,106,116,117,118,132,133,134" m="44047" machi="134" ten="40,8000,1" yaku="12,1,20,1,23,1,34,2" doraHai="0" who="2" fromWho="0" sc="339,-83,362,0,105,93,184,0" /><INIT seed="5,0,0,0,2,67" ten="256,362,198,184" oya="1" hai0="107,76,49,103,132,100,74,29,120,22,69,93,112" hai1="90,33,18,106,52,51,68,37,14,133,134,43,38" hai2="123,117,102,87,126,72,121,129,59,89,11,41,25" hai3="98,127,66,78,88,75,131,115,36,13,77,50,55"/><U54/><E33/><V109/><F117/><W10/><G36/><N who="1" m="13930" /><E90/><V97/><F109/><W122/><G122/><T2/><D120/><U108/><E14/><V57/><F72/><W53/><G115/><T95/><D29/><U39/><E18/><V101/><F126/><W110/><G110/><T31/><D31/><U82/><E82/><V58/><F129/><W8/><G127/><T60/><D112/><U7/><E7/><V32/><F32/><W5/><G75/><T105/><D22/><U56/><E106/><V99/><F41/><W30/><G66/><T128/><D2/><U44/><E108/><V62/><F62/><W111/><G131/><T135/><D128/><U26/><E26/><V1/><F25/><W96/><G111/><T85/><D74/><U83/><E83/><V92/><F1/><W28/><G13/><T15/><D15/><U45/><E68/><V125/><F125/><W80/><G80/><T40/><D69/><U24/><E24/><V116/><F116/><W35/><G35/><T114/><D114/><U79/><E79/><V42/><F42/><W64/><G5/><T21/><D76/><U124/><E124/><V20/><F11/><W48/><G64/><T16/><D21/><U0/><E0/><V118/><F118/><W34/><G34/><T73/><D73/><U81/><E81/><V130/><F130/><W9/><G8/><T27/><D27/><U3/><E3/><V63/><F20/><W23/><G23/><T61/><D107/><U91/><E91/><AGARI ba="0,0" hai="9,10,28,30,48,50,53,55,77,78,88,91,96,98" machi="91" ten="25,6400,0" yaku="22,2,8,1,54,1" doraHai="67" who="3" fromWho="1" sc="256,0,362,-64,198,0,184,64" /><INIT seed="6,0,0,3,5,97" ten="256,298,198,248" oya="2" hai0="38,89,41,55,108,102,24,107,11,101,100,80,104" hai1="47,25,9,74,64,79,43,66,73,119,123,117,32" hai2="86,109,76,33,59,68,114,134,118,98,135,120,35" hai3="6,105,75,58,63,10,57,36,22,18,20,23,5"/><V70/><F118/><W96/><G36/><T44/><D108/><U61/><E66/><V81/><F120/><W34/><G34/><N who="2" m="12809" /><F109/><W51/><G75/><T37/><D24/><U26/><E26/><V56/><F98/><W93/><G105/><T84/><D38/><U131/><E9/><V69/><F114/><W87/><G87/><T60/><REACH who="0" step="1"/><D11/><REACH who="0" ten="246,298,198,248" step="2"/><U49/><E25/><V21/><F21/><W99/><G10/><T106/><D106/><U12/><E32/><V82/><F82/><W19/><G20/><T94/><D94/><U129/><E117/><V30/><F30/><W27/><G93/><T0/><D0/><U85/><E119/><V4/><F4/><W132/><G5/><T2/><D2/><U90/><E123/><V31/><F31/><W91/><G6/><T17/><D17/><U110/><E110/><V115/><F115/><W40/><G18/><T71/><D71/><U126/><E12/><V46/><F46/><W48/><G22/><T77/><D77/><U29/><E79/><V121/><F121/><W130/><G19/><T78/><D78/><U3/><E3/><V95/><F95/><W83/><G23/><T103/><N who="0" m="25600" /><DORA hai="15" /><T112/><D112/><U28/><E29/><V50/><F59/><AGARI ba="0,1" hai="37,41,44,55,59,60,80,84,89,104,107" m="25600" machi="59" ten="50,8000,1" yaku="1,1,52,4,53,0" doraHai="97,15" doraHaiUra="125,113" who="0" fromWho="2" sc="246,90,298,0,198,-80,248,0" /><INIT seed="7,0,0,0,4,103" ten="336,298,118,248" oya="3" hai0="56,9,67,112,2,36,84,128,50,78,98,134,62" hai1="15,53,95,70,63,129,113,72,73,111,108,104,87" hai2="0,81,99,130,26,102,44,11,54,86,37,34,92" hai3="21,80,45,22,13,17,90,41,96,29,33,12,117"/><W20/><G117/><T131/><D36/><U127/><E15/><V66/><F130/><N who="0" m="49706" /><D134/><U38/><E129/><V43/><F66/><W51/><G33/><T24/><D112/><U126/><E38/><V101/><F101/><W76/><G29/><T8/><D2/><U74/><E53/><V115/><F115/><W125/><G125/><N who="1" m="47626" /><E63/><V121/><F121/><W110/><G110/><N who="1" m="42026" /><E70/><V119/><F119/><W122/><G122/><T124/><D124/><U106/><E113/><V114/><F114/><W107/><G12/><T93/><D50/><U64/><E64/><V52/><F34/><W77/><G77/><T109/><D24/><U69/><E69/><V55/><F26/><W60/><G60/><T61/><D61/><U28/><E28/><V97/><F97/><W120/><G120/><T65/><D65/><U3/><E3/><V88/><F0/><W39/><G39/><T71/><D71/><U59/><E59/><V14/><REACH who="2" step="1"/><F55/><REACH who="2" ten="336,298,108,248" step="2"/><W94/><G107/><T89/><D109/><U25/><E25/><V5/><AGARI ba="0,1" hai="5,11,14,37,43,44,52,54,81,86,88,92,99,102" machi="5" ten="20,12000,2" yaku="1,1,2,1,0,1,7,1,54,2,53,0" doraHai="103" doraHaiUra="100" who="2" fromWho="2" sc="336,-30,298,-30,108,130,248,-60" owari="306,40.0,268,7.0,238,-16.0,188,-31.0" /></mjloggm>