<mjloggm ver="2.3"><GO type="185" lobby="0"/><UN n0="%E3%83%AA%E3%82%B3%E3%83%BB%E3%83%90%E3%83%B3%E3%83%87%E3%83%A9%E3%82%B9" n1="%28%C2%B4%C2%B0%CF%89%C2%B0%EF%BD%80%29" n2="%E6%B5%B7%E8%83%86%E3%83%88%E3%83%AD%E7%83%8F%E8%B3%8A" n3="" dan="17,18,18,0" rate="2234.56,2316.73,2363.69,1500.00" sx="M,M,M,C"/><TAIKYOKU oya="0"/><INIT seed="0,0,0,3,3,38" ten="350,350,350,0" oya="0" hai0="39,59,98,58,85,42,111,87,56,37,68,99,129" hai1="115,107,93,47,122,105,71,62,66,73,45,82,2" hai2="128,0,116,121,55,81,69,65,124,88,36,90,64" hai3=""/><T96/><D129/><U104/><N who="1" m="31264" /><U130/><E2/><V109/><N who="2" m="31008" /><V63/><F0/><T54/><D68/><U1/><E1/><V84/><F128/><T67/><D111/><U133/><E130/><V52/><F109/><T134/><D134/><U61/><E133/><V114/><F114/><T113/><D113/><U112/><E47/><V44/><F124/><T34/><D34/><U92/><E92/><V43/><F116/><T75/><D75/><U48/><E62/><V3/><F3/><T51/><D67/><U102/><E102/><V126/><F126/><T101/><D101/><U103/><E93/><V41/><F65/><T123/><N who="0" m="31520" /><T119/><D119/><U106/><N who="1" m="26624" /><DORA hai="131" /><U76/><REACH who="1" step="1"/><E103/><REACH who="1" ten="350,340,350,0" step="2"/><V127/><F127/><T80/><D39/><U46/><E46/><V100/><F100/><T91/><D37/><U135/><E135/><V49/><F36/><T79/><REACH who="0" step="1"/><D42/><AGARI ba="0,1" hai="42,45,48,61,66,71,73,76,82,112,115" m="26624,31264" machi="42" ten="70,8000,1" yaku="1,1,52,2,53,2" doraHai="38,131" doraHaiUra="110,94" who="1" fromWho="0" sc="350,-80,340,90,350,0,0,0" /><INIT seed="1,0,0,0,1,40" ten="270,430,350,0" oya="1" hai0="83,78,109,88,98,129,81,49,65,39,105,69,47" hai1="52,63,42,33,134,51,91,113,112,46,50,108,119" hai2="116,123,97,44,100,94,87,41,131,45,125,101,96" hai3=""/><U86/><E119/><V67/><N who="2" m="31520" /><V57/><F116/><T117/><D117/><U130/><E33/><V89/><F131/><T61/><D129/><U56/><E130/><V79/><F125/><T73/><D109/><U32/><E32/><V37/><F45/><T126/><D126/><U53/><E108/><V66/><F79/><T68/><D39/><U77/><E77/><V59/><F67/><T38/><D38/><U132/><E86/><V82/><REACH who="2" step="1"/><F66/><REACH who="2" ten="270,430,340,0" step="2"/><T124/><D124/><U110/><E110/><V102/><F102/><T84/><D69/><U122/><N who="1" m="31264" /><U111/><E111/><V74/><F74/><T114/><D114/><N who="1" m="44139" /><E91/><V135/><F135/><T106/><REACH who="0" step="1"/><D98/><REACH who="0" ten="260,430,340,0" step="2"/><U92/><E132/><V62/><F62/><T133/><D133/><U54/><E134/><V48/><F48/><T118/><D118/><U60/><E51/><V1/><F1/><T72/><D72/><U2/><E2/><V107/><AGARI ba="0,2" hai="37,41,44,57,59,82,87,89,94,96,97,100,101,107" m="31520" machi="107" ten="20,9000,2" yaku="1,1,0,1,7,1,52,2,53,1" doraHai="40" doraHaiUra="76" who="2" fromWho="2" sc="260,-30,430,-60,340,110,0,0" /><INIT seed="2,0,0,0,0,108" ten="230,370,450,0" oya="2" hai0="40,118,93,77,130,54,123,70,74,89,62,99,121" hai1="1,49,45,102,122,73,34,98,33,51,42,133,69" hai2="128,104,125,112,3,61,100,75,97,35,115,94,129" hai3=""/><V44/><F3/><T38/><N who="0" m="31008" /><T83/><N who="0" m="31520" /><T87/><D118/><U72/><N who="1" m="31264" /><U103/><E1/><V116/><F35/><T32/><D32/><U36/><E133/><V78/><F116/><T2/><D2/><U60/><E103/><V113/><F125/><T58/><D130/><N who="2" m="50282" /><F44/><T67/><D40/><U68/><E51/><V79/><F75/><N who="1" m="28745" /><E49/><V117/><F117/><T56/><D38/><U96/><E96/><V111/><F111/><T90/><REACH who="0" step="1"/><D54/><REACH who="0" ten="220,370,450,0" step="2"/><U101/><E42/><V82/><F82/><AGARI ba="0,1" hai="56,58,62,67,70,74,77,82,83,87,89,90,93,99" m="31520,31008" machi="82" ten="30,12000,2" yaku="1,1,2,1,7,1,52,2,53,1" doraHai="108" doraHaiUra="88" who="0" fromWho="2" sc="220,130,370,0,450,-120,0,0" /><INIT seed="4,0,0,1,0,113" ten="350,370,330,0" oya="0" hai0="125,32,86,108,0,122,128,99,2,53,85,90,98" hai1="121,88,118,134,130,106,60,74,119,50,104,67,79" hai2="87,36,100,48,92,3,84,105,96,71,73,35,39" hai3=""/><T115/><N who="0" m="31264" /><T101/><D32/><U93/><N who="1" m="31008" /><U62/><E134/><V43/><F35/><T68/><D115/><U38/><E38/><V109/><F109/><T69/><D128/><U76/><E130/><V135/><F73/><T64/><D108/><U95/><E50/><V89/><F71/><T94/><D125/><U33/><E33/><V116/><F3/><T55/><D2/><U103/><E103/><V131/><F131/><T61/><D69/><U129/><E129/><V34/><F34/><T54/><REACH who="0" step="1"/><D0/><REACH who="0" ten="340,370,330,0" step="2"/><U57/><E119/><V102/><F116/><T51/><D51/><U112/><E118/><V124/><F124/><T81/><D81/><U127/><E112/><V44/><F135/><T65/><D65/><U41/><E67/><V120/><N who="2" m="30752" /><V58/><F36/><T114/><D114/><U132/><E127/><V72/><F39/><T110/><D110/><U97/><E132/><V46/><F48/><T133/><D133/><U49/><E49/><V1/><F1/><T63/><D63/><U83/><E62/><V37/><F37/><T59/><D59/><U42/><E60/><V47/><F58/><T126/><D126/><U56/><E83/><V52/><F46/><T75/><D75/><RYUUKYOKU ba="0,1" sc="340,20,370,-10,330,-10,0,0" hai0="53,54,55,61,64,68,85,86,90,94,98,99,101" /><INIT seed="4,1,1,5,5,120" ten="360,360,320,0" oya="0" hai0="119,42,83,76,106,56,32,114,104,60,129,41,37" hai1="51,126,78,69,2,53,86,134,131,99,84,85,108" hai2="133,100,33,67,132,68,109,118,92,80,88,113,34" hai3=""/><T61/><D32/><U47/><E2/><V62/><F113/><T97/><D119/><U91/><E108/><V115/><F115/><T125/><D114/><U66/><E131/><V1/><F1/><T38/><D129/><U123/><N who="1" m="31520" /><U70/><E134/><N who="2" m="51819" /><F118/><T116/><D116/><U72/><E126/><V103/><F80/><T52/><D125/><U105/><E66/><V98/><F109/><T43/><D61/><U101/><REACH who="1" step="1"/><E91/><REACH who="1" ten="360,350,320,0" step="2"/><V112/><F112/><T40/><N who="0" m="10240" /><DORA hai="124" /><T121/><N who="0" m="31008" /><T71/><D71/><U48/><E48/><V74/><F74/><T117/><D117/><U49/><E49/><V128/><F128/><T122/><N who="0" m="31264" /><T46/><D46/><U95/><E95/><V107/><F103/><T102/><REACH who="0" step="1"/><D106/><REACH who="0" ten="350,350,320,0" step="2"/><U96/><E96/><AGARI ba="1,3" hai="33,34,62,67,68,88,92,96,98,100,107" m="51819" machi="96" ten="30,2000,0" yaku="20,1,54,1" doraHai="120,124" who="2" fromWho="1" sc="350,0,350,-22,320,52,0,0" /><INIT seed="5,0,0,2,0,43" ten="350,328,372,0" oya="1" hai0="46,42,104,83,50,0,33,107,64,130,53,3,127" hai1="111,52,120,113,126,122,44,97,84,85,40,65,88" hai2="114,34,119,77,35,81,133,116,90,61,54,55,109" hai3=""/><U45/><N who="1" m="30752" /><U86/><N who="1" m="31264" /><U105/><E113/><V80/><F109/><T78/><D33/><U1/><E1/><V131/><F114/><T72/><D130/><U95/><E111/><V68/><F131/><T51/><D127/><U69/><E126/><V36/><F36/><T132/><D132/><U115/><E115/><V134/><F90/><T108/><D108/><U96/><E52/><V106/><F106/><T57/><REACH who="0" step="1"/><D64/><REACH who="0" ten="340,328,372,0" step="2"/><U79/><E79/><V39/><F77/><T135/><D135/><U2/><E2/><AGARI ba="0,1" hai="0,2,3,42,46,50,51,53,57,72,78,83,104,107" machi="2" ten="40,2600,0" yaku="1,1,52,1,53,0" doraHai="43" doraHaiUra="66" who="0" fromWho="1" sc="340,36,328,-26,372,0,0,0" /><INIT seed="6,0,0,0,4,72" ten="376,302,372,0" oya="2" hai0="69,110,132,118,48,64,120,80,46,121,38,35,114" hai1="47,135,70,75,51,84,79,55,130,0,83,59,95" hai2="129,127,102,74,81,98,93,45,68,133,2,44,65" hai3=""/><V71/><F2/><T32/><N who="0" m="30752" /><T101/><N who="0" m="31008" /><T96/><D118/><U119/><E0/><V60/><F129/><T113/><D110/><U124/><E130/><V89/><F133/><T41/><D132/><U125/><E135/><V52/><F127/><T76/><D48/><U111/><E111/><V131/><F131/><T54/><D54/><U33/><E70/><V37/><F71/><T116/><D116/><U82/><E33/><V1/><F1/><T39/><D39/><U100/><E119/><V99/><F37/><T42/><D42/><U106/><E106/><V78/><REACH who="2" step="1"/><F52/><REACH who="2" ten="376,302,362,0" step="2"/><T58/><D69/><U107/><E59/><V117/><F117/><T77/><D35/><U66/><E66/><V88/><F88/><T49/><D32/><U40/><E55/><V91/><F91/><T90/><D64/><U126/><E107/><AGARI ba="0,1" hai="44,45,60,65,68,74,78,81,89,93,98,99,102,107" machi="107" ten="30,11600,0" yaku="1,1,7,1,52,1,53,1" doraHai="72" doraHaiUra="105" who="2" fromWho="1" sc="376,0,302,-116,362,126,0,0" owari="376,-2.0,186,-41.0,488,43.0,0,0.0" /></mjloggm>