<mjloggm ver="2.3"><GO type="169" lobby="0"/><UN n0="%4E%45%4F%E3%81%B5%E3%81%A3%E3%81%8F%E3%82%93" n1="%E3%83%8F%E3%82%BF%E3%83%A2%E3%83%88%E3%83%92%E3%83%AD" n2="%75%72%61%74%61%6D%61" n3="%E5%A4%95%E5%87%AA" dan="16,17,16,18" rate="2078.13,2164.32,2065.55,2210.13" sx="M,M,M,M"/><TAIKYOKU oya="0"/><INIT seed="0,0,0,4,1,55" ten="250,250,250,250" oya="0" hai0="93,0,31,32,85,79,128,123,22,121,42,48,90" hai1="28,126,60,41,75,2,115,132,8,20,107,101,3" hai2="116,92,21,50,125,13,63,89,59,53,77,97,29" hai3="81,36,52,30,73,16,38,112,56,17,44,61,39"/><T68/><D32/><U69/><E20/><V118/><F125/><W80/><G112/><T64/><D0/><U122/><E60/><V46/><F77/><W129/><G129/><T54/><D42/><U14/><E8/><V7/><F7/><W105/><G105/><T133/><D128/><U94/><E94/><V23/><F29/><W9/><G30/><T74/><D133/><U84/><E84/><V70/><F70/><W65/><G73/><T91/><D91/><U37/><E14/><V66/><REACH who="2" step="1"/><F13/><REACH who="2" ten="250,250,240,250" step="2"/><W78/><G78/><T76/><D68/><U26/><E28/><V19/><F19/><W71/><G71/><T43/><D79/><U113/><E113/><V10/><F10/><W134/><G134/><T103/><D76/><U57/><E115/><V86/><F86/><W83/><REACH who="3" step="1"/><G9/><REACH who="3" ten="250,250,240,240" step="2"/><T72/><D121/><U130/><E122/><V87/><F87/><W98/><G98/><T4/><D123/><U111/><E130/><V35/><F35/><W108/><G108/><T24/><D85/><U67/><E111/><V99/><F99/><W127/><G127/><T88/><D72/><U51/><E75/><V6/><F6/><W119/><G119/><AGARI ba="0,2" hai="21,23,46,50,53,59,63,66,89,92,97,116,118,119" machi="119" ten="40,8000,1" yaku="1,1,12,1,52,1,53,1" doraHai="55" doraHaiUra="62" who="2" fromWho="3" sc="250,0,250,0,240,100,240,-80" /><INIT seed="1,0,0,1,2,47" ten="250,250,340,160" oya="1" hai0="122,63,59,41,129,74,135,57,115,48,76,64,85" hai1="126,44,83,42,97,106,52,70,113,86,22,127,118" hai2="125,33,6,90,119,88,60,105,123,82,24,95,98" hai3="37,34,110,55,80,75,13,93,5,46,35,104,25"/><U68/><E113/><V81/><F123/><W78/><G110/><T10/><D115/><U29/><E118/><V58/><F125/><N who="1" m="47625" /><E29/><V120/><F120/><W31/><G104/><T4/><D122/><U103/><E22/><V43/><F6/><W94/><G35/><T101/><D135/><U69/><E42/><V132/><F132/><W8/><G37/><T116/><D129/><U131/><E131/><V28/><F105/><W26/><G25/><T117/><D74/><U16/><E16/><V102/><F119/><W67/><G67/><T112/><D112/><U49/><E70/><V121/><F43/><W56/><REACH who="3" step="1"/><G46/><REACH who="3" ten="250,250,340,150" step="2"/><T30/><D116/><U99/><E99/><V2/><F121/><W77/><G77/><AGARI ba="0,1" hai="44,49,52,68,69,77,83,86,97,103,106" m="47625" machi="77" ten="30,5800,0" yaku="18,1,52,1,54,1" doraHai="47" who="1" fromWho="3" sc="250,0,250,68,340,0,150,-58" /><INIT seed="1,1,0,5,2,1" ten="250,318,340,92" oya="1" hai0="37,122,33,40,79,72,110,121,68,42,125,124,101" hai1="81,18,45,116,93,100,56,20,102,70,74,22,86" hai2="128,113,39,83,123,67,78,106,28,71,82,6,88" hai3="29,104,59,135,89,62,130,98,131,84,132,13,0"/><U97/><E70/><V30/><F123/><N who="0" m="47114" /><D33/><U25/><E74/><V41/><F106/><W2/><G29/><T55/><D101/><U127/><E127/><N who="0" m="48713" /><D110/><U12/><E116/><V7/><F128/><W16/><G98/><T26/><D26/><U77/><E45/><V31/><F113/><W60/><G104/><T48/><D68/><U87/><E56/><V66/><F71/><W75/><G75/><T36/><D79/><U34/><E34/><V52/><F41/><N who="0" m="15978" /><D72/><U54/><E87/><V117/><F117/><W21/><G131/><T69/><D69/><U94/><E54/><V47/><F78/><W53/><G130/><T58/><AGARI ba="1,0" hai="36,37,48,55,58" m="15978,48713,47114" machi="58" ten="40,8000,1" yaku="13,1,18,1,34,2" doraHai="1" who="0" fromWho="0" sc="250,83,318,-41,340,-21,92,-21" /><INIT seed="2,0,0,4,1,47" ten="333,277,319,71" oya="2" hai0="10,77,97,3,52,20,54,113,56,120,55,69,125" hai1="135,98,71,48,128,43,32,95,24,39,63,30,84" hai2="83,36,23,117,44,49,9,87,91,131,93,50,27" hai3="41,57,90,130,31,51,14,38,0,89,82,76,68"/><V85/><F131/><W26/><G130/><T4/><D113/><U73/><E73/><V119/><F36/><W116/><G0/><T64/><D120/><U121/><E39/><V106/><F106/><W123/><G68/><T114/><D114/><U65/><E135/><V92/><F119/><W111/><G116/><T79/><D125/><U15/><E121/><V67/><F67/><W61/><G38/><T19/><D69/><U115/><E128/><V100/><F44/><W45/><G111/><T129/><D129/><U12/><E84/><V109/><F117/><W99/><G14/><T112/><D112/><U16/><E15/><V28/><F109/><W127/><G99/><T96/><D96/><U13/><E12/><V81/><F9/><W18/><G18/><T42/><D42/><U60/><E60/><V86/><F100/><W62/><G62/><T17/><D97/><U110/><E43/><V7/><F7/><W94/><G94/><N who="2" m="36457" /><F85/><W101/><G101/><T124/><D124/><U2/><E2/><V53/><F53/><W33/><G127/><T122/><D64/><U80/><E80/><V58/><F58/><W108/><G108/><T74/><D74/><U105/><E110/><V21/><F21/><W78/><G123/><T11/><D56/><U66/><E66/><V1/><F1/><W104/><G104/><T132/><D122/><U118/><E118/><V8/><F8/><W88/><REACH who="3" step="1"/><G82/><REACH who="3" ten="333,277,319,61" step="2"/><T126/><D126/><U37/><E37/><V75/><F75/><W40/><G40/><T34/><D3/><U70/><E70/><V59/><F83/><RYUUKYOKU ba="0,1" sc="333,-10,277,-10,319,-10,61,30" hai3="26,31,33,41,45,51,57,61,76,78,88,89,90" /><INIT seed="3,1,1,2,0,108" ten="323,267,309,91" oya="3" hai0="81,34,94,53,26,33,18,102,45,11,122,126,22" hai1="71,42,20,121,109,46,36,84,68,5,6,4,57" hai2="117,25,2,89,69,120,72,88,99,119,12,82,100" hai3="78,62,95,43,48,19,76,15,77,106,56,111,86"/><W31/><G106/><T28/><D126/><U67/><E121/><V112/><F2/><W113/><G111/><T32/><D122/><U123/><E123/><V129/><F69/><W124/><G124/><T3/><D81/><U92/><E109/><V44/><F120/><W60/><G31/><T65/><D65/><U128/><E128/><V91/><F25/><W98/><G86/><T38/><D53/><U37/><E36/><V133/><F12/><W90/><G113/><T8/><D45/><U73/><E20/><V52/><F52/><N who="3" m="31751" /><G43/><T110/><D94/><U49/><E73/><V83/><F44/><W16/><G19/><T125/><D102/><U61/><E71/><V1/><F1/><W103/><G103/><T7/><D38/><U41/><E41/><V105/><F133/><W55/><G55/><T23/><D125/><U14/><E92/><V21/><F21/><AGARI ba="1,1" hai="15,16,21,60,62,76,77,78,90,95,98" m="31751" machi="21" ten="30,5800,0" yaku="8,1,54,2" doraHai="108" who="3" fromWho="2" sc="323,0,267,0,309,-61,91,71" /><INIT seed="3,2,0,3,1,19" ten="323,267,248,162" oya="3" hai0="4,34,78,110,58,22,40,86,87,96,12,30,57" hai1="69,72,81,116,66,67,14,50,121,59,5,51,108" hai2="70,117,11,29,3,109,42,91,126,123,103,132,62" hai3="49,94,88,13,20,130,35,60,82,98,33,25,47"/><W129/><G60/><T89/><D110/><U24/><E108/><V48/><F109/><W90/><G13/><T63/><D34/><U112/><E69/><V43/><F123/><W97/><G35/><T27/><D40/><U16/><E121/><V26/><F126/><W38/><G38/><T107/><D107/><U15/><E112/><V0/><F132/><W80/><G33/><T74/><D74/><U134/><E116/><V71/><F91/><W135/><G135/><T45/><D45/><U106/><E106/><V77/><F77/><W56/><G56/><T46/><D46/><U73/><E134/><V32/><F71/><W10/><G10/><N who="0" m="4167" /><D63/><U17/><E81/><N who="3" m="31338" /><G130/><T28/><D78/><U52/><E24/><V55/><F11/><W120/><G120/><T133/><D133/><U41/><E5/><V53/><F53/><N who="3" m="29887" /><G129/><T119/><D119/><U37/><E37/><V111/><F117/><W6/><G6/><T75/><D75/><U54/><E59/><V99/><F0/><W79/><G79/><T131/><D131/><U85/><E85/><N who="0" m="32265" /><D58/><U118/><E118/><V68/><F68/><W105/><G105/><T65/><D65/><U1/><REACH who="1" step="1"/><E41/><REACH who="1" ten="323,257,248,162" step="2"/><V44/><F111/><W95/><G95/><N who="0" m="56431" /><D57/><U100/><E100/><V9/><F103/><N who="3" m="60855" /><G98/><T36/><D36/><U18/><E18/><AGARI ba="2,1" hai="18,20,25,88,90" m="60855,29887,31338" machi="18" ten="30,5800,0" yaku="8,1,52,1,54,1" doraHai="19" who="3" fromWho="1" sc="323,0,257,-64,248,0,162,74" /><AGARI ba="2,0" hai="18,22,27,28,30" m="56431,32265,4167" machi="18" ten="30,2000,0" yaku="8,1,52,1" doraHai="19" who="0" fromWho="1" sc="323,20,193,-20,248,0,236,0" /><INIT seed="3,3,0,1,5,52" ten="343,173,248,236" oya="3" hai0="69,40,93,116,32,89,91,76,20,117,97,127,23" hai1="135,123,119,22,7,27,66,102,39,77,71,82,115" hai2="65,118,68,96,46,111,16,60,83,61,113,121,88" hai3="134,109,3,67,87,56,21,53,132,125,25,31,131"/><W133/><G3/><T58/><D32/><U48/><E39/><V13/><F113/><W54/><G131/><T114/><D114/><U70/><E115/><V63/><F111/><W64/><G109/><T75/><D69/><U51/><E123/><V11/><F118/><W8/><G125/><T81/><D127/><U124/><E124/><V10/><F121/><W105/><G105/><T73/><D40/><U34/><E34/><V106/><F10/><W50/><G8/><T6/><D6/><U122/><E7/><V100/><REACH who="2" step="1"/><F46/><REACH who="2" ten="343,173,238,236" step="2"/><W112/><G112/><T5/><D117/><U47/><E119/><V45/><F45/><W126/><G126/><T57/><D116/><U80/><E122/><V41/><F41/><W110/><G110/><T90/><D73/><U55/><E47/><V12/><F12/><W24/><G24/><T128/><D128/><U26/><E26/><V0/><F0/><W28/><G28/><T38/><D38/><U129/><E27/><V108/><F108/><W78/><G31/><T107/><D107/><U42/><E42/><V30/><F30/><W36/><G36/><T44/><D44/><U92/><E129/><V74/><F74/><W49/><G25/><T62/><D75/><U59/><E135/><V85/><AGARI ba="3,1" hai="11,13,16,60,61,63,65,68,83,85,88,96,100,106" machi="85" ten="30,7900,0" yaku="1,1,0,1,54,2,53,0" doraHai="52" doraHaiUra="37" who="2" fromWho="2" sc="343,-23,173,-23,238,98,236,-42" /><INIT seed="4,0,0,3,1,129" ten="320,150,336,194" oya="0" hai0="101,46,92,132,12,77,104,110,100,84,56,118,73" hai1="60,58,9,33,26,87,109,90,47,126,25,124,69" hai2="105,98,35,80,108,79,106,121,43,82,74,65,81" hai3="49,20,119,32,23,61,54,66,120,63,39,17,70"/><T116/><D46/><U16/><E69/><V55/><F35/><W122/><G32/><T96/><D12/><N who="1" m="7183" /><E109/><V97/><F65/><W133/><G39/><T113/><D56/><U99/><E33/><V134/><F43/><W64/><G119/><T27/><D27/><U1/><E99/><N who="2" m="37899" /><F55/><W44/><G17/><T89/><D110/><U52/><E1/><V130/><F108/><W14/><G14/><T117/><D101/><U29/><E29/><V34/><F34/><W85/><G85/><T107/><D113/><U59/><E59/><V21/><F21/><W30/><G30/><T2/><D2/><U41/><E41/><V3/><F3/><W128/><G20/><T51/><D51/><N who="1" m="28799" /><E126/><V62/><F121/><N who="3" m="46699" /><G23/><T24/><D24/><U50/><E50/><V40/><F62/><W111/><G111/><T114/><D104/><U18/><E18/><V72/><F40/><W6/><G128/><T75/><D114/><U103/><E103/><V31/><F31/><W4/><G4/><T7/><D7/><U68/><E68/><V48/><F130/><W112/><G6/><T88/><D75/><N who="2" m="28714" /><F79/><W135/><G112/><T86/><D77/><U22/><E124/><V38/><F38/><W8/><G8/><T93/><D73/><U13/><E22/><V45/><F105/><W57/><AGARI ba="0,0" hai="44,49,54,57,61,63,64,66,70,133,135" m="46699" machi="57" ten="30,8000,1" yaku="13,1,34,2,52,2" doraHai="129" who="3" fromWho="3" sc="320,-40,150,-20,336,-20,194,80" /><INIT seed="5,0,0,0,0,96" ten="280,130,316,274" oya="1" hai0="125,27,85,130,64,33,6,29,14,104,55,13,111" hai1="2,56,11,21,48,34,7,5,99,122,116,105,23" hai2="12,134,92,65,100,107,115,120,76,78,135,44,128" hai3="132,88,17,31,82,123,1,32,112,43,98,57,93"/><U51/><E116/><V38/><F107/><W119/><G123/><T40/><D104/><U28/><E122/><V94/><F120/><W110/><G110/><T15/><D111/><U22/><E7/><V3/><F3/><W95/><G1/><T59/><D125/><U83/><E83/><V91/><F65/><W53/><G132/><T58/><D40/><U124/><E124/><V101/><F12/><W30/><G43/><T72/><D72/><U113/><E113/><V45/><F128/><W80/><G119/><T8/><D130/><U73/><E73/><V77/><F115/><W0/><G0/><T61/><D85/><U18/><E18/><V26/><F26/><W37/><G37/><T118/><D118/><U126/><E56/><V127/><F127/><W41/><G41/><T63/><AGARI ba="0,0" hai="6,8,13,14,15,27,29,33,55,58,59,61,63,64" machi="63" ten="20,1500,0" yaku="0,1,7,1" doraHai="96" who="0" fromWho="0" sc="280,15,130,-7,316,-4,274,-4" /><INIT seed="6,0,0,4,2,128" ten="295,123,312,270" oya="2" hai0="55,78,49,130,86,14,127,104,38,53,105,59,65" hai1="40,8,17,131,76,24,82,13,126,3,112,21,45" hai2="98,133,28,77,134,73,37,110,34,4,54,119,12" hai3="120,33,101,10,69,100,107,102,5,95,48,88,56"/><V109/><F37/><W57/><G69/><T117/><D117/><U36/><E131/><V113/><F113/><W62/><G120/><T90/><D130/><U9/><E112/><V26/><F119/><W23/><G33/><T97/><D127/><U66/><E126/><V16/><F4/><W96/><G23/><T91/><D38/><U116/><E116/><V85/><F54/><W111/><G111/><N who="2" m="42505" /><F98/><W68/><G68/><T29/><D65/><U60/><E60/><V0/><F0/><W103/><G48/><T84/><D29/><U87/><E66/><V44/><F44/><W75/><G75/><T50/><D78/><U80/><E80/><N who="2" m="47247" /><F73/><W71/><G62/><T1/><D14/><U129/><E129/><V132/><F132/><W52/><G52/><T35/><D97/><U20/><E24/><V125/><F125/><W122/><G122/><T118/><D118/><U6/><REACH who="1" step="1"/><E87/><REACH who="1" ten="295,113,312,270" step="2"/><V61/><F61/><W25/><G25/><T123/><D84/><U19/><E19/><V106/><F106/><W15/><G107/><T51/><D86/><U79/><E79/><V108/><F108/><W92/><G92/><T83/><D105/><U121/><E121/><V42/><F42/><W39/><G95/><T135/><D104/><U46/><E46/><V99/><F99/><W18/><G96/><T43/><D123/><U7/><E7/><V47/><F47/><W27/><G5/><T41/><D83/><U2/><E2/><V64/><F64/><W81/><G81/><T11/><D1/><U70/><E70/><V67/><F67/><W74/><G71/><RYUUKYOKU ba="0,1" sc="295,-15,113,15,312,15,270,-15" hai1="3,6,8,9,13,17,20,21,36,40,45,76,82" hai2="12,16,26,28,34,133,134" /><INIT seed="6,1,1,1,2,66" ten="280,128,327,255" oya="2" hai0="92,90,77,73,119,8,87,118,85,6,40,45,82" hai1="61,53,19,128,109,88,104,20,107,5,47,117,132" hai2="36,32,98,135,113,131,93,1,62,15,10,130,94" hai3="11,79,38,37,51,29,129,17,44,121,35,123,28"/><V24/><F1/><W33/><G79/><T81/><D81/><U112/><E109/><V12/><F36/><W75/><G75/><T68/><D68/><U25/><E117/><V64/><F113/><W42/><G129/><N who="2" m="49161" /><F135/><W78/><G78/><T111/><D111/><U63/><E128/><V34/><F12/><W122/><G17/><T50/><REACH who="0" step="1"/><D73/><REACH who="0" ten="270,128,327,255" step="2"/><U57/><E132/><V21/><F32/><W16/><G35/><T26/><D26/><U80/><E112/><V95/><F34/><W18/><G33/><T103/><D103/><U49/><E5/><N who="2" m="3535" /><F24/><W39/><G11/><T76/><D76/><U134/><E134/><V43/><F21/><W69/><G69/><T56/><D56/><U100/><E100/><N who="2" m="60495" /><F43/><W14/><G14/><AGARI ba="1,2" hai="6,8,14,40,45,50,77,82,85,87,90,92,118,119" machi="14" ten="40,8000,1" yaku="1,1,25,2,53,1" doraHai="66" doraHaiUra="3" who="0" fromWho="3" sc="270,103,128,0,327,0,255,-83" /><INIT seed="7,0,0,4,0,74" ten="373,128,327,172" oya="3" hai0="5,10,86,126,94,112,34,1,135,51,17,40,19" hai1="70,27,119,38,61,32,108,59,23,122,84,71,69" hai2="13,82,96,76,90,54,3,7,29,104,56,133,109" hai3="52,116,78,31,15,55,44,129,131,20,68,37,58"/><W60/><G116/><T114/><D34/><U21/><E108/><V97/><F3/><W107/><G107/><T46/><D135/><U113/><E122/><V57/><F57/><W123/><G123/><T11/><D11/><U80/><E38/><V48/><F133/><W121/><G121/><T101/><D126/><U72/><E72/><V62/><F109/><W18/><G31/><T93/><D86/><U53/><E113/><N who="0" m="43625" /><D94/><U6/><E119/><V103/><F29/><W25/><G68/><T134/><D134/><U63/><E6/><V9/><F96/><AGARI ba="0,0" hai="1,5,10,17,19,40,46,51,93,96,101" m="43625" machi="96" ten="30,2000,0" yaku="15,1,11,1" doraHai="74" who="0" fromWho="2" sc="373,20,128,0,327,-20,172,0" owari="393,49.0,128,-37.0,307,11.0,172,-23.0" /></mjloggm>