<mjloggm ver="2.3"><GO type="169" lobby="0"/><UN n0="%70%6F%6E%5F%6B%61%73%75" n1="%E9%BB%92%E7%8C%AB%73%69%6E" n2="%E4%B8%AD%E5%B7%9D%E5%86%85%E9%9B%AA%E9%9F%B3" n3="%E5%9B%A0%E5%B9%A1%E3%81%AE%E9%BB%84%E5%85%8E" dan="16,17,16,16" rate="2015.90,2218.88,2132.74,2071.38" sx="M,M,F,M"/><TAIKYOKU oya="0"/><INIT seed="0,0,0,1,3,128" ten="250,250,250,250" oya="0" hai0="114,20,130,44,3,94,0,97,57,132,131,102,93" hai1="79,48,69,108,117,49,2,63,23,77,65,67,71" hai2="124,111,60,134,121,22,39,70,105,29,10,103,56" hai3="99,62,36,109,76,78,120,31,90,116,7,129,98"/><T46/><D114/><U33/><E33/><V82/><F121/><W40/><G36/><T45/><D57/><U4/><E117/><V74/><F70/><W42/><G7/><T1/><D20/><U88/><E108/><V72/><F39/><W133/><G109/><T100/><D132/><U52/><E23/><V30/><F111/><W101/><G90/><T25/><D25/><U106/><E106/><V51/><F51/><W119/><G101/><N who="0" m="39019" /><D97/><U112/><E112/><V64/><F29/><W87/><G31/><T5/><D5/><U8/><E49/><V37/><F37/><W53/><G133/><T125/><D125/><U47/><REACH who="1" step="1"/><E88/><REACH who="1" ten="250,240,250,250" step="2"/><V86/><F22/><W83/><G119/><T118/><D118/><U135/><E135/><V107/><F134/><W35/><G35/><T122/><D122/><U50/><E50/><V92/><F105/><W11/><G116/><T19/><D19/><U123/><E123/><V16/><F107/><W21/><G21/><T38/><D38/><U54/><E54/><V66/><F30/><W59/><G53/><T115/><D115/><U113/><E113/><V13/><F124/><W28/><G28/><T80/><D80/><U24/><E24/><V18/><F82/><W32/><G32/><T96/><D96/><U55/><E55/><V34/><F34/><W27/><G27/><T91/><D91/><U73/><E73/><N who="2" m="28267" /><F103/><W85/><G83/><T26/><D26/><U14/><E14/><V17/><F66/><W68/><G120/><T12/><D12/><U126/><E126/><V75/><F75/><W6/><G99/><RYUUKYOKU ba="0,1" sc="250,10,240,10,250,10,250,-30" hai0="0,1,3,44,45,46,93,94,130,131" hai1="2,4,8,47,48,52,63,65,67,69,71,77,79" hai2="10,13,16,17,18,56,60,64,86,92" /><INIT seed="0,1,1,1,5,130" ten="260,250,260,220" oya="0" hai0="21,24,39,62,116,12,2,59,74,18,43,122,72" hai1="94,16,107,50,49,38,52,81,23,91,42,78,63" hai2="65,68,96,123,58,90,82,30,32,54,98,100,69" hai3="0,60,97,126,99,57,1,115,106,77,11,132,61"/><T119/><D2/><U101/><E38/><V28/><F123/><W109/><G115/><T85/><D122/><U129/><E129/><V4/><F4/><W95/><G106/><T117/><D43/><U47/><E63/><V22/><F32/><W46/><G77/><T19/><D85/><N who="1" m="48311" /><E107/><V103/><F65/><W79/><G79/><T48/><D48/><N who="1" m="28703" /><E101/><V131/><F103/><W34/><G34/><T120/><D39/><U37/><E42/><V56/><F69/><W125/><G46/><T40/><D40/><U108/><E108/><V66/><F58/><W44/><G44/><T64/><REACH who="0" step="1"/><D120/><REACH who="0" ten="250,250,260,220" step="2"/><U55/><E37/><V9/><F131/><W36/><G36/><T13/><D13/><N who="1" m="9615" /><E55/><V29/><F54/><W105/><G1/><T8/><AGARI ba="1,2" hai="8,12,18,19,21,24,59,62,64,72,74,116,117,119" machi="8" ten="30,3000,0" yaku="1,1,0,1,53,0" doraHai="130" doraHaiUra="124" who="0" fromWho="0" sc="250,53,250,-11,260,-11,220,-11" /><INIT seed="0,2,0,5,4,55" ten="303,239,249,209" oya="0" hai0="135,107,69,18,117,66,49,68,84,40,106,115,81" hai1="125,11,64,25,3,102,60,83,92,65,120,104,71" hai2="75,130,88,86,21,4,108,41,85,48,100,47,67" hai3="58,14,93,9,33,101,119,36,12,31,127,73,28"/><T113/><D117/><U62/><E120/><V94/><F108/><W30/><G73/><T2/><D2/><U50/><E125/><V116/><F116/><W7/><G36/><T24/><D135/><U97/><E50/><V17/><F75/><W99/><G127/><T44/><D106/><U57/><E83/><V8/><F130/><W39/><G39/><T80/><D107/><U42/><E42/><V74/><F74/><W53/><G53/><BYE who="3" /><T124/><D81/><U38/><E38/><V121/><F121/><W103/><G103/><T77/><D124/><U43/><E43/><V1/><F100/><W91/><G91/><T82/><D82/><U133/><E133/><V122/><F122/><W20/><G20/><T129/><D129/><U61/><E61/><V34/><F34/><W76/><G76/><T35/><D66/><U16/><E104/><UN n3="%E5%9B%A0%E5%B9%A1%E3%81%AE%E9%BB%84%E5%85%8E" /><V19/><F67/><W112/><G112/><T56/><D56/><N who="1" m="36935" /><E3/><V111/><F111/><W5/><G119/><T52/><D40/><U0/><E0/><V27/><REACH who="2" step="1"/><F19/><REACH who="2" ten="303,239,239,209" step="2"/><W123/><G123/><T63/><D18/><U134/><E134/><V89/><F89/><W46/><G33/><T15/><D35/><U96/><E71/><V98/><AGARI ba="2,1" hai="1,4,8,17,21,27,41,47,48,85,86,88,94,98" machi="98" ten="20,5200,0" yaku="1,1,0,1,7,1,54,1,53,0" doraHai="55" doraHaiUra="78" who="2" fromWho="2" sc="303,-28,239,-15,239,68,209,-15" /><INIT seed="1,0,0,2,1,56" ten="275,224,307,194" oya="1" hai0="30,61,80,64,63,121,32,51,6,111,86,100,98" hai1="134,40,12,47,108,16,14,130,84,26,18,97,4" hai2="50,43,3,48,74,110,5,1,123,69,89,76,114" hai3="103,55,54,44,57,117,33,67,107,19,83,105,106"/><U90/><E130/><V93/><F123/><W59/><G33/><T120/><D111/><U8/><E134/><V31/><F110/><W71/><G71/><T94/><D6/><U131/><E131/><V58/><F69/><W15/><G117/><T60/><D30/><U41/><E108/><V52/><F114/><W81/><G67/><T95/><D32/><U38/><E41/><V23/><F74/><W73/><G103/><T53/><D95/><U35/><E97/><V78/><F5/><W132/><G44/><T70/><D121/><U2/><E35/><V11/><F11/><W119/><G132/><T126/><D126/><U20/><REACH who="1" step="1"/><E18/><REACH who="1" ten="275,214,307,194" step="2"/><V101/><F43/><W37/><G119/><T82/><D120/><U75/><E75/><V102/><F31/><W36/><G73/><T109/><D109/><U65/><E65/><V10/><F102/><W118/><G118/><T133/><D133/><U0/><E0/><V87/><F101/><W34/><G34/><T125/><D125/><U88/><E88/><V99/><F1/><W77/><G77/><T115/><D115/><U17/><E17/><V68/><F99/><W46/><G19/><T85/><D64/><U13/><E13/><V79/><F3/><W72/><G72/><T66/><D66/><U122/><E122/><V129/><F129/><W124/><G15/><T9/><D70/><U96/><E96/><V22/><F68/><W91/><G91/><T92/><D98/><U135/><E135/><V39/><F78/><W27/><G124/><T7/><D100/><U42/><E42/><V104/><F76/><RYUUKYOKU ba="0,1" sc="275,-10,214,30,307,-10,194,-10" hai1="2,4,8,12,14,16,20,26,38,40,47,84,90" /><INIT seed="1,1,1,0,2,57" ten="265,244,297,184" oya="1" hai0="75,3,131,113,52,17,13,109,86,106,133,129,40" hai1="67,61,74,63,118,29,82,41,21,104,96,119,79" hai2="107,122,98,90,9,108,95,47,55,60,70,4,110" hai3="115,16,26,93,2,132,10,28,88,126,56,69,125"/><U44/><E29/><V15/><F122/><W20/><G69/><T19/><D75/><U80/><E21/><V1/><F107/><W85/><G132/><T25/><D106/><U50/><E82/><V22/><F47/><W92/><G115/><T111/><D3/><U105/><E105/><V127/><F127/><N who="3" m="48651" /><G56/><T66/><D40/><U117/><REACH who="1" step="1"/><E67/><REACH who="1" ten="265,234,297,184" step="2"/><N who="2" m="41319" /><F22/><W64/><G64/><T27/><D66/><U12/><E12/><V77/><F15/><N who="3" m="7287" /><G2/><T101/><D13/><U53/><E53/><V30/><F55/><W84/><G84/><T97/><D86/><U24/><E24/><V91/><F30/><W8/><G8/><T120/><D27/><U68/><E68/><V51/><F1/><W124/><G124/><T123/><D25/><U78/><E78/><V58/><F77/><W54/><G54/><T49/><D52/><U112/><E112/><V46/><F9/><W31/><G28/><T59/><D113/><U36/><E36/><V43/><F58/><W99/><G99/><T34/><D59/><U130/><E130/><V65/><F65/><W7/><G93/><T39/><D129/><U81/><E81/><V87/><F87/><W14/><G14/><T116/><D131/><U38/><E38/><V33/><F95/><W121/><G7/><T76/><D76/><U0/><E0/><V114/><F4/><W134/><G134/><T32/><D133/><U72/><E72/><V35/><F114/><W23/><G23/><T135/><D135/><U42/><E42/><V102/><F98/><W45/><G45/><T89/><D39/><U100/><AGARI ba="1,2" hai="41,44,50,61,63,74,79,80,96,100,104,117,118,119" machi="100" ten="40,12000,1" yaku="1,1,5,1,0,1,52,2,53,0" doraHai="57" doraHaiUra="62" who="1" fromWho="1" sc="265,-41,234,143,297,-41,184,-41" /><INIT seed="1,2,0,3,3,74" ten="224,377,256,143" oya="1" hai0="48,0,123,4,12,3,19,42,119,51,28,9,16" hai1="30,135,34,20,45,130,128,44,102,69,124,77,1" hai2="127,14,126,71,80,37,58,54,79,96,24,64,11" hai3="33,46,132,15,107,55,52,89,85,87,90,97,122"/><U70/><E20/><V94/><F37/><W112/><G122/><T6/><D123/><U53/><E102/><V41/><F41/><W101/><G33/><T76/><D119/><U65/><E1/><V60/><F24/><W111/><G111/><T36/><D36/><U39/><E30/><V134/><F134/><W91/><G112/><T115/><D115/><U109/><E34/><V5/><F71/><W86/><G132/><T118/><D118/><U38/><E135/><V75/><REACH who="2" step="1"/><F64/><REACH who="2" ten="224,377,246,143" step="2"/><W10/><REACH who="3" step="1"/><G46/><REACH who="3" ten="224,377,246,133" step="2"/><T62/><D42/><U93/><E45/><V43/><F43/><W47/><G47/><T27/><D28/><U113/><E44/><V66/><F66/><W40/><G40/><T88/><D27/><U67/><E67/><V56/><F56/><W92/><G92/><T22/><D0/><U100/><E65/><V110/><F110/><W63/><G63/><T98/><D62/><U121/><E38/><V17/><F17/><AGARI ba="2,2" hai="10,15,17,52,55,85,86,87,89,90,91,97,101,107" machi="17" ten="40,2600,0" yaku="1,1,54,1,53,0" doraHai="74" doraHaiUra="18" who="3" fromWho="2" sc="224,0,377,0,246,-32,133,52" /><INIT seed="2,0,0,0,3,0" ten="224,377,214,185" oya="2" hai0="134,39,58,67,31,30,19,18,53,77,28,6,80" hai1="65,7,57,109,116,21,11,73,126,41,47,55,101" hai2="64,42,100,115,114,92,14,106,74,95,122,8,93" hai3="70,2,119,121,90,128,120,113,46,32,110,117,34"/><V89/><F122/><N who="3" m="47211" /><G90/><T20/><D39/><U45/><E116/><N who="3" m="44618" /><G46/><T4/><D67/><U60/><E73/><V124/><F124/><W75/><G75/><T35/><D35/><N who="3" m="13353" /><G70/><T61/><D134/><U36/><E47/><V102/><F74/><W133/><G133/><T111/><D111/><U9/><E45/><V123/><F123/><W51/><G51/><T56/><D19/><U44/><E44/><V17/><F42/><W62/><G62/><N who="0" m="36111" /><D80/><U52/><E60/><V82/><F64/><W103/><G103/><T104/><D104/><U78/><E109/><V37/><F37/><W38/><G38/><T33/><D33/><U135/><E36/><V15/><F106/><W40/><G40/><T29/><N who="0" m="7168" /><DORA hai="50" /><T22/><D77/><U25/><E78/><V49/><F102/><W5/><G110/><T94/><D22/><U98/><E21/><V129/><F100/><W3/><G113/><T16/><D18/><U83/><E41/><V81/><F81/><W12/><G128/><T105/><D94/><U1/><E65/><V108/><F129/><W96/><G96/><T71/><D105/><U23/><E98/><V86/><F108/><W127/><G127/><T63/><D71/><U54/><E126/><V85/><F85/><W118/><N who="3" m="44626" /><W79/><DORA hai="112" /><G79/><T26/><D58/><U107/><E101/><V72/><F72/><W13/><G2/><T91/><D91/><U84/><E135/><V88/><F89/><W132/><G132/><T97/><D97/><U27/><E1/><V130/><F130/><W87/><G87/><T59/><D59/><RYUUKYOKU ba="0,0" sc="224,15,377,-15,214,-15,185,15" hai0="4,6,16,20,26,61,63" hai3="3,5,12,13" /><INIT seed="3,1,0,4,2,8" ten="239,362,199,200" oya="3" hai0="26,130,99,127,129,62,27,14,47,0,115,1,34" hai1="37,4,38,24,83,10,114,22,28,84,121,70,63" hai2="43,17,85,61,30,89,109,75,117,124,9,111,25" hai3="19,113,42,120,116,123,15,82,12,45,88,66,112"/><W69/><G116/><T125/><D115/><U13/><E114/><V58/><F117/><W5/><G69/><T126/><D62/><U81/><E121/><V122/><F75/><W23/><G112/><T2/><D99/><U86/><E86/><V80/><F122/><W100/><G113/><T11/><D47/><U21/><E81/><V50/><F124/><W131/><G66/><T16/><D34/><U95/><E95/><V72/><F72/><W56/><G131/><AGARI ba="1,0" hai="0,1,2,11,14,16,26,27,125,126,127,129,130,131" machi="131" ten="50,12000,2" yaku="18,1,19,1,34,3,52,1,54,1" doraHai="8" who="0" fromWho="3" sc="239,123,362,0,199,0,200,-123" /><INIT seed="4,0,0,0,5,39" ten="362,362,199,77" oya="0" hai0="29,42,19,112,17,48,121,119,37,118,58,60,72" hai1="97,28,134,54,130,6,52,14,78,30,83,31,111" hai2="0,127,116,10,38,32,100,126,128,64,44,69,110" hai3="22,93,46,98,51,71,23,66,133,53,109,108,36"/><T21/><D37/><U11/><E111/><V50/><F32/><W115/><G115/><T107/><D121/><U67/><E130/><V18/><F100/><W90/><G133/><T81/><D112/><U59/><E134/><V76/><F76/><W113/><G113/><T68/><D107/><U94/><E67/><V124/><F0/><W77/><G77/><T96/><D29/><U3/><E3/><V92/><F92/><W35/><G35/><T33/><D33/><U104/><E104/><V16/><F110/><W65/><G65/><T79/><D17/><U123/><E59/><V75/><F75/><W91/><G91/><T57/><D96/><U45/><E45/><V49/><F128/><W2/><G2/><T125/><D68/><U62/><E62/><N who="2" m="40087" /><F116/><W13/><G36/><T89/><D89/><N who="1" m="55503" /><E123/><V101/><F101/><W122/><G122/><T80/><D80/><U5/><E5/><V114/><F114/><W95/><G95/><T105/><D105/><U25/><E25/><V63/><F63/><W86/><G98/><T82/><D82/><U99/><E99/><V117/><F117/><W70/><G70/><T103/><D81/><U34/><E34/><V135/><F135/><W47/><G109/><T85/><D118/><U84/><AGARI ba="0,0" hai="6,11,14,28,30,31,52,54,78,83,84" m="55503" machi="84" ten="30,2000,0" yaku="8,1,54,1" doraHai="39" who="1" fromWho="1" sc="362,-10,362,20,199,-5,77,-5" /><INIT seed="5,0,0,1,5,132" ten="352,382,194,72" oya="1" hai0="84,22,49,20,99,121,13,128,96,45,58,111,64" hai1="17,19,85,90,131,4,119,48,3,116,133,8,56" hai2="91,89,31,55,5,104,92,117,82,110,32,130,26" hai3="2,25,115,37,118,100,39,16,101,33,18,83,0"/><U46/><E133/><V43/><F117/><W97/><G118/><T80/><D111/><U60/><E131/><V63/><F110/><W72/><G115/><T74/><D74/><U41/><E116/><V28/><F104/><W113/><G113/><T35/><D35/><U95/><REACH who="1" step="1"/><E119/><REACH who="1" ten="352,372,194,72" step="2"/><V103/><F130/><W47/><G2/><T62/><D128/><U11/><E11/><V53/><F31/><W61/><G0/><T65/><D121/><U73/><E73/><V94/><F28/><W78/><G72/><T77/><D65/><AGARI ba="0,1" hai="3,4,8,17,19,41,46,48,56,60,65,85,90,95" machi="65" ten="30,2900,0" yaku="1,1,7,1,53,0" doraHai="132" doraHaiUra="93" who="1" fromWho="0" sc="352,-29,372,39,194,0,72,0" /><INIT seed="5,1,0,1,0,21" ten="323,411,194,72" oya="1" hai0="78,22,0,87,41,69,55,124,131,43,23,81,11" hai1="38,110,77,93,96,7,53,44,107,17,91,130,57" hai2="82,76,119,88,46,105,106,5,114,122,3,49,27" hai3="127,116,28,56,42,86,10,79,20,26,14,4,100"/><U135/><E130/><V29/><F119/><W72/><G127/><T118/><D124/><U70/><E70/><V67/><F122/><W51/><G116/><T126/><D118/><U60/><E135/><V112/><F67/><W50/><G72/><T83/><D131/><U90/><E7/><V1/><F105/><W8/><G100/><T54/><D69/><U113/><E107/><V61/><F106/><W62/><G42/><T40/><D126/><U98/><E113/><N who="2" m="43627" /><F61/><W37/><G37/><T80/><D11/><U19/><E77/><V63/><F63/><W99/><G99/><T2/><D87/><U74/><E74/><N who="2" m="43287" /><F5/><W109/><G109/><T128/><D128/><U12/><E110/><V9/><F9/><W117/><G117/><T85/><D85/><U115/><E115/><V13/><F13/><W6/><G86/><T31/><D78/><U94/><E12/><V58/><F58/><W89/><G79/><T48/><D48/><N who="1" m="28807" /><E38/><V75/><F75/><W71/><G71/><T134/><D134/><U18/><E60/><V132/><F132/><W133/><G133/><T104/><D104/><U102/><E57/><V45/><F88/><AGARI ba="1,0" hai="17,18,19,88,90,91,93,94,96,98,102" m="28807" machi="88" ten="30,2900,0" yaku="8,1,54,1" doraHai="21" who="1" fromWho="2" sc="323,0,411,32,194,-32,72,0" /><INIT seed="5,2,0,1,5,24" ten="323,443,162,72" oya="1" hai0="48,107,87,36,17,89,21,15,131,101,106,125,8" hai1="73,93,77,47,11,56,84,34,109,124,42,44,33" hai2="49,69,14,55,123,98,132,60,4,102,114,39,43" hai3="63,75,76,61,121,57,22,96,51,122,74,88,134"/><U128/><E73/><V72/><F123/><W46/><G134/><T110/><D110/><U86/><E109/><V113/><F72/><W45/><G75/><T3/><D36/><U37/><E128/><V27/><F132/><W30/><G46/><T2/><D125/><U54/><E124/><V100/><F39/><W71/><G71/><T35/><D35/><U70/><E70/><V104/><F102/><W119/><G63/><T67/><D67/><U85/><E47/><V65/><F43/><W5/><G5/><T16/><D131/><U26/><E77/><V95/><F95/><W58/><G58/><T64/><D64/><U10/><E93/><V68/><F68/><W52/><G119/><T23/><D48/><U6/><E26/><V40/><F40/><W97/><G97/><T80/><D8/><U133/><E11/><V118/><F118/><W38/><G38/><T135/><D135/><U116/><E116/><V129/><F129/><W18/><G30/><T91/><D91/><U115/><E133/><V25/><F4/><W12/><G88/><T59/><D59/><U50/><REACH who="1" step="1"/><E115/><REACH who="1" ten="323,433,162,72" step="2"/><V9/><F114/><W41/><REACH who="3" step="1"/><G96/><REACH who="3" ten="323,433,162,62" step="2"/><T94/><D87/><U92/><E92/><V7/><F113/><W117/><G117/><T53/><D94/><U62/><E62/><V81/><F81/><AGARI ba="2,2" hai="12,18,22,41,45,51,52,57,61,74,76,81,121,122" machi="81" ten="40,2600,0" yaku="1,1,54,1,53,0" doraHai="24" doraHaiUra="126" who="3" fromWho="2" sc="323,0,433,0,162,-32,62,52" /><INIT seed="6,0,0,5,3,88" ten="323,433,130,114" oya="2" hai0="128,49,80,120,46,110,123,118,64,109,12,7,106" hai1="27,20,133,45,94,57,65,126,119,32,116,73,22" hai2="99,16,103,76,125,42,82,87,55,84,77,131,117" hai3="127,111,97,39,2,35,34,21,29,44,101,15,107"/><V124/><F42/><W91/><G111/><N who="0" m="42507" /><D80/><U36/><E73/><V51/><F55/><W43/><G127/><N who="2" m="48713" /><F51/><W8/><G2/><T47/><D106/><U37/><E126/><V33/><F33/><W83/><G21/><T66/><D12/><U130/><E32/><V75/><F16/><W74/><G29/><T89/><D89/><U59/><E45/><N who="0" m="16905" /><D7/><U132/><E27/><V10/><F10/><W81/><G81/><T19/><D19/><U62/><E62/><V134/><F117/><W31/><G31/><T115/><D118/><U63/><E63/><V72/><F131/><W38/><G38/><T86/><D86/><N who="2" m="32810" /><F134/><W23/><G91/><T28/><D28/><U13/><E13/><V78/><F82/><W50/><G39/><T96/><D128/><U98/><E130/><V104/><AGARI ba="0,0" hai="72,75,76,77,78,99,103,104" m="32810,48713" machi="104" ten="40,7800,0" yaku="18,1,34,2" doraHai="88" who="2" fromWho="2" sc="323,-26,433,-26,130,78,114,-26" /><INIT seed="6,1,0,1,4,5" ten="297,407,208,88" oya="2" hai0="9,115,22,12,84,118,76,49,93,8,10,46,48" hai1="69,15,39,29,2,32,102,86,28,98,38,21,53" hai2="129,111,19,37,126,44,133,106,55,119,70,11,110" hai3="60,88,90,40,25,85,121,30,97,34,103,59,109"/><V130/><F106/><W114/><G109/><N who="2" m="41481" /><F119/><W45/><G121/><T82/><D118/><U50/><E2/><V134/><F70/><W104/><G114/><T113/><D113/><U31/><E69/><V52/><F126/><W58/><G85/><T16/><D115/><U77/><E32/><V17/><F17/><W131/><G59/><T89/><REACH who="0" step="1"/><D46/><REACH who="0" ten="287,407,208,88" step="2"/><U108/><E108/><V23/><F130/><W99/><G131/><T26/><D26/><U96/><E39/><V13/><F129/><W67/><REACH who="3" step="1"/><G97/><AGARI ba="1,1" hai="8,9,10,12,16,22,48,49,76,82,84,89,93,97" machi="97" ten="40,12000,2" yaku="1,1,8,1,52,3,54,1,53,0" doraHai="5" doraHaiUra="57" who="0" fromWho="3" sc="287,133,407,0,208,0,88,-123" owari="420,52.0,407,21.0,208,-19.0,-35,-54.0" /></mjloggm>