<mjloggm ver="2.3"><GO type="169" lobby="0"/><UN n0="%E6%96%87%E8%B1%AA" n1="%E9%BA%BB%E9%9B%80%E5%95%86%E4%BA%BA%E3%81%8F%E3%82%93%E2%99%AA" n2="%E6%B1%A0%E7%94%B0%E3%81%AD%E3%81%93" n3="%E6%A4%8E%E5%90%8D%E3%82%8A%E3%81%8F" dan="16,17,16,17" rate="2040.49,2184.97,2045.78,2213.93" sx="M,M,F,F"/><TAIKYOKU oya="0"/><INIT seed="0,0,0,1,5,66" ten="250,250,250,250" oya="0" hai0="87,129,34,108,45,95,67,96,60,72,21,23,116" hai1="118,36,120,109,98,0,31,68,113,50,38,24,16" hai2="14,12,115,106,104,100,114,2,22,112,85,56,81" hai3="123,64,48,74,11,93,3,71,105,35,65,32,125"/><T101/><D116/><U63/><E118/><V26/><F2/><W29/><G93/><T25/><D72/><U97/><E0/><V121/><F121/><W47/><G48/><T77/><D129/><U20/><E120/><V117/><F117/><W54/><G54/><T40/><D108/><U127/><E109/><V83/><F56/><W57/><G57/><T43/><D34/><U88/><E113/><V39/><F39/><W9/><G123/><T58/><D21/><U44/><E127/><V55/><F55/><W131/><G47/><T28/><REACH who="0" step="1"/><D45/><REACH who="0" ten="240,250,250,250" step="2"/><U42/><E31/><V135/><F115/><W90/><G29/><T122/><D122/><U128/><E128/><V10/><F114/><W75/><G131/><T4/><D4/><U52/><E38/><V46/><F46/><W130/><G130/><T15/><D15/><U18/><E18/><V37/><F14/><W8/><G3/><T102/><D102/><U103/><E103/><V110/><F100/><W61/><G32/><T79/><D79/><U134/><E134/><V99/><F135/><W49/><G35/><T132/><D132/><U51/><E36/><V13/><F13/><W1/><G1/><T6/><D6/><U17/><E17/><N who="2" m="8343" /><F37/><W82/><G74/><T19/><D19/><U69/><E42/><V126/><F110/><W124/><G75/><T33/><D33/><U94/><E44/><V111/><F111/><W5/><G5/><T107/><D107/><N who="2" m="41002" /><F112/><W59/><G105/><T86/><D86/><U41/><E41/><V89/><F99/><N who="1" m="37897" /><E16/><N who="2" m="12615" /><F126/><W73/><G124/><T7/><D7/><RYUUKYOKU ba="0,1" sc="240,15,250,-15,250,15,250,-15" hai0="23,25,28,40,43,58,60,67,77,87,95,96,101" hai2="81,83,85,89" /><INIT seed="0,1,1,2,0,6" ten="255,235,265,235" oya="0" hai0="33,56,119,69,75,24,5,22,49,61,102,82,79" hai1="25,125,60,126,121,134,18,73,37,95,28,57,122" hai2="2,104,110,124,20,133,19,114,76,3,63,42,38" hai3="88,50,43,87,131,31,41,52,83,14,17,0,65"/><T66/><D119/><U72/><E37/><V21/><F114/><W12/><G0/><T71/><D33/><N who="1" m="20623" /><E95/><V13/><F104/><W113/><G113/><T85/><D75/><N who="1" m="28747" /><E18/><V128/><F76/><W98/><G131/><T135/><D135/><U74/><N who="1" m="28755" /><U103/><DORA hai="55" /><E103/><V101/><F63/><W4/><G65/><T26/><D102/><U92/><E92/><V90/><F90/><W81/><G31/><T36/><D36/><U54/><E134/><V59/><F59/><N who="3" m="33175" /><G98/><T116/><D116/><U45/><E45/><V15/><F101/><W130/><G130/><T68/><D49/><U16/><E16/><N who="2" m="10255" /><F42/><N who="3" m="15883" /><G4/><T91/><D91/><U10/><E122/><V30/><F38/><W64/><G64/><T99/><D99/><U115/><E121/><V107/><F107/><W44/><G44/><T96/><D96/><U80/><E115/><V23/><F133/><W94/><G12/><T47/><D47/><U117/><E126/><V11/><F124/><W9/><AGARI ba="1,1" hai="9,14,17,81,83,87,88,94" m="15883,33175" machi="9" ten="30,8000,1" yaku="8,1,52,2,54,2" doraHai="6,55" who="3" fromWho="3" sc="255,-41,235,-21,265,-21,235,93" /><INIT seed="1,0,0,1,2,68" ten="214,214,244,328" oya="1" hai0="96,130,118,63,95,132,41,37,86,120,55,9,126" hai1="3,88,38,112,124,100,122,54,22,114,79,117,69" hai2="78,31,109,53,101,28,97,89,61,5,21,35,75" hai3="48,52,51,49,36,65,125,66,123,17,20,133,90"/><U18/><E117/><V116/><F116/><W40/><G123/><T47/><D118/><U73/><E122/><V25/><F109/><W27/><G133/><T7/><D120/><U81/><E100/><V74/><F78/><W19/><G125/><T23/><D132/><U29/><E29/><V24/><F89/><W91/><G17/><T14/><D130/><U76/><E76/><V11/><F53/><W58/><G36/><T94/><D126/><U93/><E69/><V71/><F11/><W106/><G106/><T98/><D23/><U77/><E77/><V10/><F10/><W30/><G30/><T131/><D131/><U108/><E3/><V8/><F61/><W4/><G4/><T134/><D134/><U15/><E124/><V115/><F71/><W6/><G6/><T127/><D127/><U83/><E83/><V105/><REACH who="2" step="1"/><F115/><REACH who="2" ten="214,214,234,328" step="2"/><W111/><G111/><T26/><D55/><U43/><E108/><V59/><F59/><W13/><G90/><T12/><D63/><U121/><E54/><V92/><F92/><W113/><G113/><T57/><D57/><U84/><REACH who="1" step="1"/><E121/><REACH who="1" ten="214,204,234,328" step="2"/><V99/><F99/><W104/><G52/><T42/><D96/><U56/><E56/><V50/><F50/><W62/><G58/><T135/><D135/><U1/><E1/><AGARI ba="0,2" hai="1,5,8,21,24,25,28,31,35,74,75,97,101,105" machi="1" ten="30,3900,0" yaku="1,1,7,1,53,1" doraHai="68" doraHaiUra="33" who="2" fromWho="1" sc="214,0,204,-39,234,59,328,0" /><INIT seed="2,0,0,1,2,45" ten="214,165,293,328" oya="2" hai0="8,10,14,26,2,71,24,7,11,60,87,95,5" hai1="69,132,28,101,62,129,119,124,35,93,110,99,37" hai2="135,4,34,57,31,30,70,114,65,90,21,92,133" hai3="123,27,127,63,36,47,117,49,58,79,68,44,61"/><V130/><F114/><W39/><G79/><T111/><D111/><U72/><RYUUKYOKU type="yao9" ba="0,0" sc="214,0,165,0,293,0,328,0" hai1="28,35,37,62,69,72,93,99,101,110,119,124,129,132" /><INIT seed="2,1,0,0,4,100" ten="214,165,293,328" oya="2" hai0="57,51,112,115,83,18,108,102,47,9,114,133,84" hai1="38,76,99,32,77,35,125,82,24,121,7,96,25" hai2="85,90,19,26,6,89,110,128,8,86,11,78,36" hai3="70,117,22,53,119,43,124,123,34,28,12,72,10"/><V118/><F118/><N who="3" m="45067" /><G53/><T0/><D108/><U68/><E68/><V50/><F36/><W37/><G43/><T16/><D133/><U88/><E38/><V59/><F110/><W55/><G55/><T75/><D75/><U17/><E7/><V106/><F106/><W91/><G91/><N who="2" m="34825" /><F128/><W23/><G72/><T97/><D57/><U132/><E88/><V40/><F6/><N who="3" m="3159" /><G70/><T103/><D0/><U13/><E82/><N who="2" m="47319" /><F86/><W67/><G67/><T39/><D39/><U116/><E116/><V62/><F50/><W52/><G52/><T56/><D56/><U66/><E66/><N who="2" m="39263" /><F40/><W41/><G41/><T45/><D114/><U107/><E107/><V80/><F80/><W14/><G37/><T54/><D84/><U4/><E4/><V30/><F30/><W48/><G48/><T61/><D83/><U64/><E64/><V49/><F49/><W21/><G123/><T3/><D51/><U113/><E113/><V74/><F74/><W135/><G135/><T29/><D29/><U79/><E132/><V120/><F120/><W65/><G65/><T94/><D3/><U60/><E60/><V69/><F69/><W58/><G58/><T98/><D61/><U109/><E109/><V42/><F42/><W130/><G130/><T101/><D54/><U71/><E71/><V81/><F81/><W131/><G131/><T127/><D112/><U95/><E95/><V15/><F26/><N who="1" m="10345" /><E125/><V134/><F134/><W1/><G124/><T27/><D115/><U87/><E87/><V105/><F105/><W111/><G111/><T129/><D127/><U92/><E121/><RYUUKYOKU ba="1,0" sc="214,-10,165,-10,293,30,328,-10" hai2="8,11,15,19" /><INIT seed="2,2,0,4,3,134" ten="204,155,323,318" oya="2" hai0="93,12,33,37,113,127,47,126,50,96,124,98,94" hai1="125,105,97,57,7,116,34,0,49,83,3,68,85" hai2="62,66,58,130,18,122,63,6,36,91,82,25,41" hai3="32,23,78,43,107,135,28,65,102,8,119,84,79"/><V31/><F122/><W109/><G119/><T51/><D113/><U70/><E116/><V20/><F130/><W53/><G32/><T54/><D33/><U45/><E34/><V77/><F6/><W55/><G107/><T24/><D24/><U5/><E57/><V121/><F121/><W80/><G109/><T52/><D12/><U128/><E105/><V4/><F4/><W118/><G118/><T92/><D37/><U26/><E26/><V101/><F101/><W60/><G102/><T72/><D72/><U73/><E73/><V16/><F91/><W89/><G43/><T42/><D42/><U27/><E27/><V120/><F120/><W76/><G8/><T21/><D21/><U100/><E100/><V123/><F123/><W2/><G2/><T44/><AGARI ba="2,0" hai="44,47,50,51,52,54,92,93,94,96,98,124,126,127" machi="44" ten="40,12000,2" yaku="0,1,9,1,18,1,52,3,54,1" doraHai="134" who="0" fromWho="0" sc="204,126,155,-32,323,-62,318,-32" /><INIT seed="3,0,0,5,0,19" ten="330,123,261,286" oya="3" hai0="99,64,14,102,29,11,117,134,111,129,3,28,51" hai1="1,39,54,67,41,85,60,108,95,71,56,92,70" hai2="0,125,118,101,81,103,106,40,5,15,53,46,17" hai3="68,55,37,84,10,2,89,114,66,105,9,8,112"/><W74/><G74/><T130/><D117/><U26/><E1/><V43/><F118/><W36/><G2/><T12/><D111/><U57/><E108/><V77/><F125/><W120/><G120/><T79/><D3/><U4/><E4/><V30/><F30/><N who="0" m="11882" /><D79/><U38/><E26/><V119/><F119/><W34/><G34/><T93/><D134/><U24/><E24/><V32/><F32/><W75/><G75/><T122/><D122/><U115/><E85/><V94/><F106/><W97/><G55/><T65/><D51/><N who="1" m="30815" /><E95/><V21/><F53/><W104/><G66/><N who="0" m="25707" /><D11/><U31/><E31/><V6/><F94/><W62/><G62/><T49/><D49/><U13/><E92/><V107/><F43/><W48/><G48/><T82/><D82/><U83/><E83/><V100/><F107/><N who="3" m="41035" /><G68/><N who="1" m="26154" /><E13/><V126/><F126/><W76/><G76/><T72/><D72/><U110/><E110/><V132/><F132/><W25/><G25/><T86/><D86/><U7/><E115/><N who="3" m="44074" /><G84/><T42/><D14/><U61/><E61/><V63/><F63/><W44/><G8/><T50/><D12/><U78/><E78/><V69/><F69/><W58/><G9/><T90/><D102/><U23/><E7/><V80/><F0/><W33/><G10/><T52/><D42/><U45/><E23/><V87/><REACH who="2" step="1"/><F81/><REACH who="2" ten="330,123,251,286" step="2"/><W22/><G33/><T88/><D93/><U91/><E91/><V16/><F16/><W127/><G89/><T35/><D35/><U131/><E131/><N who="0" m="50185" /><D99/><U98/><E98/><V18/><F18/><W135/><G97/><T128/><D128/><RYUUKYOKU ba="0,1" sc="330,10,123,10,251,10,286,-30" hai0="50,52,88,90" hai1="38,39,41,45,57,60,67" hai2="5,6,15,17,21,40,46,77,80,87,100,101,103" /><INIT seed="4,1,1,4,0,14" ten="340,133,261,256" oya="0" hai0="0,45,85,120,43,113,39,126,4,10,2,62,116" hai1="19,16,77,36,5,32,8,72,63,109,7,108,87" hai2="30,20,112,106,37,61,3,100,24,101,9,42,1" hai3="67,65,91,52,83,47,38,135,80,6,75,84,15"/><T124/><D116/><U123/><E123/><V31/><F112/><W66/><G135/><T90/><D120/><U22/><E32/><V71/><F42/><W93/><G75/><T33/><D113/><U95/><E72/><V128/><F37/><W92/><G92/><T60/><D0/><U35/><E35/><V89/><F128/><W53/><G38/><T111/><D33/><U26/><E36/><V102/><F106/><W125/><G125/><N who="0" m="48235" /><D111/><U114/><E114/><V73/><F73/><W46/><G46/><T69/><D69/><U57/><E108/><V44/><F44/><W122/><G122/><T129/><D129/><U41/><E41/><V50/><F50/><N who="3" m="28767" /><G53/><T56/><D56/><U23/><E8/><AGARI ba="1,1" hai="6,8,15,65,66,67,80,83,84,91,93" m="28767" machi="8" ten="30,2000,0" yaku="8,1,54,1" doraHai="14" who="3" fromWho="1" sc="340,0,133,-23,261,0,256,33" /><INIT seed="5,0,0,5,0,61" ten="340,110,261,289" oya="1" hai0="94,72,76,108,65,60,29,90,19,63,30,75,89" hai1="118,103,121,95,9,10,109,77,132,105,14,69,62" hai2="41,27,107,130,12,101,25,114,37,131,127,110,32" hai3="35,36,112,40,85,67,120,124,100,4,99,51,54"/><U117/><E121/><V24/><F110/><W33/><G120/><T8/><D108/><U1/><E109/><V134/><F41/><W15/><G112/><T6/><D19/><U28/><E132/><V21/><F37/><W135/><G124/><T79/><D94/><U86/><E28/><V47/><F47/><W48/><G36/><T123/><D123/><U50/><E105/><V7/><F101/><W22/><G85/><T128/><D8/><U52/><E77/><V74/><F74/><W13/><G4/><T26/><D26/><U56/><E1/><V64/><F64/><W49/><G67/><T91/><D6/><U102/><E9/><N who="2" m="4159" /><F107/><W129/><G40/><T133/><D128/><N who="2" m="49194" /><F127/><W18/><G129/><T111/><D133/><U125/><E125/><V78/><F78/><W55/><G135/><T66/><D91/><N who="1" m="53751" /><E69/><V20/><F134/><W82/><G82/><T73/><D73/><U116/><E116/><V3/><F3/><W98/><G100/><T80/><D111/><U106/><E106/><V126/><F126/><W43/><G43/><T59/><D80/><U83/><E83/><V93/><F93/><W119/><G119/><T31/><D76/><U11/><E118/><V57/><F57/><W70/><G70/><N who="0" m="42279" /><D79/><U2/><E117/><V58/><F32/><W45/><G33/><T113/><D75/><U16/><E2/><V88/><F20/><N who="3" m="11343" /><G35/><T53/><D72/><U46/><E11/><V44/><F21/><W68/><G68/><T38/><D38/><U71/><E71/><V96/><F96/><N who="3" m="36907" /><G54/><AGARI ba="0,0" hai="10,14,16,46,50,52,54,56,62,102,103" m="53751" machi="54" ten="30,5800,0" yaku="8,1,54,2" doraHai="61" who="1" fromWho="3" sc="340,0,110,58,261,0,289,-58" /><INIT seed="5,1,0,4,1,52" ten="340,168,261,231" oya="1" hai0="100,90,15,54,107,31,70,118,25,104,96,127,19" hai1="129,79,88,93,111,24,10,77,124,76,36,98,0" hai2="119,92,122,64,80,99,12,44,134,85,57,49,29" hai3="61,123,59,126,106,40,7,83,120,95,68,58,67"/><U1/><E36/><V46/><F119/><W35/><G106/><T8/><D118/><U56/><E111/><V4/><F122/><W115/><G35/><T38/><D127/><U109/><E109/><V135/><F29/><W97/><G126/><T18/><D70/><U42/><E124/><V102/><F4/><W78/><G115/><T121/><D104/><U73/><E42/><V39/><F39/><W32/><G32/><T23/><D38/><U105/><E129/><V51/><F12/><W94/><G40/><T43/><D43/><U60/><E105/><V63/><F49/><W20/><G7/><T33/><D121/><U53/><E73/><V6/><F6/><W50/><G20/><T30/><D33/><U131/><E131/><V16/><F16/><W13/><G13/><T2/><D2/><U74/><E74/><V112/><F112/><W27/><G27/><T5/><D19/><U3/><REACH who="1" step="1"/><E24/><REACH who="1" ten="340,158,261,231" step="2"/><V84/><F135/><W103/><G120/><T116/><D116/><U82/><E82/><V89/><F134/><W62/><G123/><T47/><D25/><U9/><AGARI ba="1,1" hai="0,1,3,9,10,53,56,60,76,77,79,88,93,98" machi="9" ten="40,12000,1" yaku="1,1,0,1,52,1,54,1,53,0" doraHai="52" doraHaiUra="41" who="1" fromWho="1" sc="340,-41,158,133,261,-41,231,-41" /><INIT seed="5,2,0,0,2,43" ten="299,291,220,190" oya="1" hai0="106,65,117,89,40,108,107,63,119,33,29,82,2" hai1="121,132,52,14,22,102,111,28,11,128,12,133,99" hai2="122,26,84,62,25,19,71,4,46,30,78,17,131" hai3="95,70,36,73,13,98,72,37,114,20,39,18,91"/><U83/><E121/><V58/><F122/><W56/><G70/><N who="0" m="42303" /><D89/><U48/><E111/><V92/><F71/><W55/><REACH who="3" step="1"/><G114/><REACH who="3" ten="299,291,220,180" step="2"/><T103/><D119/><U67/><E128/><V105/><F131/><W31/><G31/><T49/><D117/><U90/><E132/><V115/><F115/><W7/><G7/><T116/><D116/><U93/><E133/><V96/><F4/><W130/><G130/><T23/><D29/><U32/><E32/><V24/><F30/><W120/><G120/><T8/><D33/><U34/><E34/><V54/><F105/><W124/><G124/><T66/><D107/><U125/><E125/><V129/><F129/><W135/><G135/><T74/><D106/><U16/><E28/><V41/><F78/><W69/><G69/><T94/><D108/><U126/><E126/><V10/><F19/><W101/><G101/><T38/><D103/><U123/><E123/><V64/><F17/><W113/><G113/><T79/><D79/><U27/><E11/><V5/><F10/><W85/><G85/><T110/><D8/><U80/><E67/><V61/><F84/><W6/><G6/><T134/><D66/><U57/><E102/><N who="2" m="60679" /><F5/><W53/><G53/><T15/><D110/><U100/><E100/><V35/><F35/><W104/><G104/><T86/><D86/><U59/><E59/><N who="2" m="35063" /><F41/><W77/><G77/><T60/><D40/><U118/><E118/><V21/><F21/><W9/><G9/><T47/><D134/><U81/><AGARI ba="2,1" hai="12,14,16,22,27,48,52,57,80,81,83,90,93,99" machi="81" ten="30,11700,0" yaku="0,1,8,1,54,2" doraHai="43" who="1" fromWho="1" sc="299,-41,291,133,220,-41,180,-41" /><INIT seed="5,3,0,3,2,57" ten="258,424,179,139" oya="1" hai0="32,89,55,54,9,120,59,25,131,110,93,100,125" hai1="78,99,35,68,17,42,133,61,20,101,48,108,11" hai2="65,114,94,45,76,22,23,39,1,53,122,15,113" hai3="98,121,38,5,36,64,81,102,111,86,0,72,112"/><U51/><E35/><V96/><F122/><W117/><G111/><T7/><D110/><U24/><E133/><V87/><F1/><W37/><G121/><T130/><D120/><U28/><E108/><V50/><F39/><W105/><G112/><N who="2" m="43113" /><F65/><W47/><G117/><T132/><D100/><U128/><E128/><N who="0" m="49193" /><D125/><U97/><E78/><V18/><F76/><N who="3" m="44167" /><G86/><N who="0" m="52407" /><D132/><U44/><E99/><V104/><F87/><W107/><G64/><T31/><D59/><U16/><E11/><N who="2" m="6527" /><F104/><N who="3" m="63575" /><G47/><T84/><D84/><U79/><E79/><V118/><F118/><W95/><G95/><T3/><AGARI ba="3,0" hai="3,7,9,25,31,32,54,55" m="52407,49193" machi="3" ten="30,1100,0" yaku="19,1" doraHai="57" who="0" fromWho="0" sc="258,20,424,-8,179,-6,139,-6" /><INIT seed="6,0,0,1,2,32" ten="278,416,173,133" oya="2" hai0="6,4,84,68,106,91,123,96,124,111,1,23,112" hai1="65,48,41,19,77,47,21,52,9,121,60,116,39" hai2="55,58,61,16,67,26,45,15,63,120,13,110,42" hai3="57,95,125,87,85,92,69,113,56,74,135,53,29"/><V37/><F120/><W117/><G117/><T5/><D111/><U64/><E116/><V44/><F110/><W17/><G69/><T28/><D68/><U22/><E121/><V72/><F72/><W43/><G74/><T3/><D123/><U100/><E100/><V79/><F79/><W33/><G135/><T40/><D40/><U54/><E77/><V73/><F73/><W119/><G119/><T24/><D112/><U38/><E9/><V62/><F45/><W108/><G108/><T46/><D46/><U18/><E39/><V99/><F99/><W102/><G113/><T76/><D124/><U83/><E83/><V75/><F75/><W127/><G43/><T131/><D76/><U134/><E134/><V8/><F26/><N who="3" m="18615" /><G17/><T34/><D84/><N who="3" m="32329" /><G56/><T30/><D91/><U94/><E94/><V115/><F115/><W88/><G102/><T20/><D96/><U133/><E133/><V97/><F97/><W78/><G78/><T107/><D34/><U59/><E54/><V70/><REACH who="2" step="1"/><F15/><REACH who="2" ten="278,416,163,133" step="2"/><W90/><G90/><T10/><D106/><U50/><E47/><V0/><F0/><W93/><G88/><T27/><D107/><U31/><E31/><V103/><F103/><W49/><G95/><T36/><D1/><U126/><E126/><N who="3" m="48138" /><G93/><T80/><D3/><U66/><E38/><V89/><F89/><W25/><G92/><T82/><D36/><U104/><E104/><V114/><F114/><W7/><G25/><T122/><D122/><U101/><E101/><V81/><F81/><W118/><G118/><T128/><D27/><N who="1" m="14775" /><E41/><V12/><F12/><AGARI ba="0,1" hai="12,19,22,48,50,52,59,60,64,65,66" m="14775" machi="12" ten="30,3900,0" yaku="6,1,8,1,54,1" doraHai="32" who="1" fromWho="2" sc="278,0,416,49,163,-39,133,0" /><INIT seed="7,0,0,3,1,43" ten="278,465,124,133" oya="3" hai0="13,36,53,21,95,11,42,65,78,26,12,22,66" hai1="114,54,52,49,28,7,31,18,101,129,33,127,84" hai2="63,96,82,48,90,80,67,103,111,88,10,123,85" hai3="9,106,68,119,58,45,122,93,91,3,50,8,72"/><W34/><G122/><T46/><D78/><U1/><E114/><V135/><F111/><W112/><G119/><T102/><D53/><U120/><E120/><V0/><F123/><W60/><G106/><T37/><D37/><U97/><E127/><V116/><F116/><W4/><G34/><T98/><D13/><U29/><E129/><V51/><F135/><W115/><G72/><T83/><D83/><U107/><E33/><V134/><F134/><W108/><G68/><T20/><REACH who="0" step="1"/><D26/><REACH who="0" ten="268,465,124,133" step="2"/><U15/><E54/><V79/><F0/><W131/><G108/><T130/><D130/><U105/><E1/><V132/><F132/><W133/><G131/><T27/><D27/><U64/><E7/><AGARI ba="0,1" hai="7,11,12,20,21,22,36,42,46,65,66,95,98,102" machi="7" ten="40,2600,0" yaku="1,1,52,1,53,0" doraHai="43" doraHaiUra="47" who="0" fromWho="1" sc="268,36,465,-26,124,0,133,0" owari="304,10.0,439,55.0,124,-38.0,133,-27.0" /></mjloggm>