<mjloggm ver="2.3"><GO type="169" lobby="0"/><UN n0="%E7%9F%A5%E3%82%89%E3%82%93%E3%81%8C%E3%81%AA" n1="%E3%83%AD%E3%83%83%E3%82%BD" n2="%EF%BC%91%EF%BC%90%E9%80%A3%E3%82%AC%E3%83%81%E3%83%A3" n3="%E5%B0%8F%E6%B1%A0%E7%BE%8E%E6%B3%A2%E2%8A%BF" dan="16,17,16,16" rate="2118.05,2181.99,2066.40,2102.93" sx="F,F,M,F"/><TAIKYOKU oya="0"/><INIT seed="0,0,0,1,4,7" ten="250,250,250,250" oya="0" hai0="135,44,55,51,27,36,99,85,90,119,82,63,106" hai1="76,22,122,103,45,93,75,33,88,56,78,86,65" hai2="77,25,23,98,31,129,131,101,46,62,9,28,18" hai3="3,110,2,113,132,17,47,71,80,53,125,57,24"/><T19/><D119/><U128/><E33/><V81/><F46/><W92/><G113/><T61/><D36/><U41/><E122/><V97/><F62/><W11/><G71/><T83/><D135/><U49/><E128/><V4/><F31/><W40/><G110/><T37/><D37/><U111/><E111/><V118/><F118/><W134/><G125/><T117/><D117/><U91/><E75/><V70/><F70/><W26/><G92/><T67/><D67/><U114/><E114/><V87/><F28/><W89/><G89/><T69/><D69/><U94/><E103/><V30/><F30/><W68/><G80/><T96/><D83/><U52/><E22/><V84/><F84/><W74/><G74/><T60/><REACH who="0" step="1"/><D106/><REACH who="0" ten="240,250,250,250" step="2"/><U50/><REACH who="1" step="1"/><E65/><REACH who="1" ten="240,240,250,250" step="2"/><V29/><F129/><W8/><G134/><T16/><D16/><U126/><E126/><V105/><F131/><W20/><G17/><T58/><D58/><U121/><E121/><V127/><F127/><W107/><G68/><T15/><D15/><U108/><E108/><V104/><F18/><W79/><G132/><T124/><D124/><U21/><E21/><AGARI ba="0,2" hai="19,21,27,44,51,55,60,61,63,82,85,90,96,99" machi="21" ten="40,3900,0" yaku="1,1,8,1,53,0" doraHai="7" doraHaiUra="35" who="0" fromWho="1" sc="240,59,240,-39,250,0,250,0" /><INIT seed="0,1,0,0,4,55" ten="299,201,250,250" oya="0" hai0="94,95,80,75,61,133,76,25,44,116,65,46,96" hai1="59,129,71,91,14,68,62,72,81,130,97,24,37" hai2="49,88,9,132,60,21,27,50,17,42,74,5,28" hai3="123,125,57,18,126,100,92,11,29,20,22,12,39"/><T19/><D116/><U90/><E37/><V120/><F74/><W93/><G39/><T114/><D114/><U34/><E14/><V79/><F79/><W0/><G123/><T86/><D133/><U110/><E110/><V115/><F132/><W10/><G100/><T13/><D25/><U23/><E34/><V3/><F115/><W56/><G29/><T6/><D6/><U128/><E72/><V89/><F60/><W35/><G35/><T121/><D75/><U122/><E122/><V58/><F49/><W98/><G0/><T104/><D104/><U31/><E81/><V124/><F124/><N who="3" m="47723" /><G11/><T108/><D108/><U53/><REACH who="1" step="1"/><E97/><REACH who="1" ten="299,191,250,250" step="2"/><V134/><F134/><W32/><G98/><T77/><D121/><U99/><E99/><V40/><F120/><W101/><G32/><T30/><D96/><U51/><E51/><V82/><F82/><W112/><G101/><T102/><D102/><U85/><E85/><V118/><F118/><W83/><G83/><T106/><D77/><U36/><E36/><V48/><F50/><W127/><G127/><T43/><D76/><U16/><E16/><V64/><F17/><W70/><G112/><T8/><D80/><U63/><E63/><N who="2" m="38007" /><F48/><W47/><G18/><T78/><D78/><U107/><E107/><V7/><F5/><W109/><G109/><T4/><D106/><U105/><E105/><V131/><F40/><W45/><G12/><T67/><D4/><U26/><E26/><V119/><F119/><W2/><G2/><T135/><D135/><U1/><E1/><V54/><F3/><W84/><G84/><RYUUKYOKU ba="1,1" sc="299,-10,191,30,250,-10,250,-10" hai1="23,24,31,53,59,62,68,71,90,91,128,129,130" /><INIT seed="1,2,1,2,5,99" ten="289,221,240,240" oya="1" hai0="105,119,70,98,27,59,8,114,95,23,2,66,75" hai1="78,3,131,17,13,38,62,117,103,18,124,128,84" hai2="29,26,90,49,41,33,43,125,15,51,48,108,35" hai3="77,71,94,31,112,135,79,11,61,47,45,121,24"/><U56/><E117/><V109/><F15/><W44/><G112/><T72/><D119/><U10/><E38/><V12/><F12/><W52/><G121/><T65/><D114/><U50/><E50/><V127/><F90/><W19/><G135/><T118/><D70/><U115/><E115/><V133/><F133/><W80/><G71/><T134/><D105/><U34/><E34/><N who="2" m="12811" /><F26/><W81/><G94/><T68/><D68/><U7/><E124/><N who="2" m="47691" /><F29/><W74/><G31/><T30/><D134/><U116/><E116/><V37/><F37/><W39/><G11/><T40/><D118/><U113/><E113/><V14/><F14/><W6/><G6/><T55/><D40/><AGARI ba="2,1" hai="40,41,43,48,49,51,108,109" m="47691,12811" machi="40" ten="40,5200,0" yaku="28,2,18,1" doraHai="99" who="2" fromWho="0" sc="289,-58,221,0,240,68,240,0" /><INIT seed="2,0,0,2,0,28" ten="231,221,308,240" oya="2" hai0="84,82,115,132,88,52,73,124,0,76,85,125,69" hai1="55,64,38,25,42,135,46,51,74,63,87,34,122" hai2="104,48,75,71,58,40,22,47,107,133,5,32,126" hai3="121,61,12,101,6,17,110,72,1,123,100,20,14"/><V9/><F71/><W109/><G72/><T92/><D69/><U118/><E74/><V86/><F75/><W3/><G61/><T59/><D0/><N who="3" m="73" /><G101/><T99/><D115/><U105/><E105/><V50/><F126/><N who="0" m="48746" /><D132/><U33/><E118/><V91/><F104/><W79/><G79/><T134/><D134/><U16/><E135/><V114/><F114/><W53/><G53/><T56/><D56/><N who="1" m="32895" /><E87/><V62/><F50/><AGARI ba="0,0" hai="50,52,59,73,76,82,84,85,88,92,99" m="48746" machi="50" ten="30,3900,0" yaku="18,1,54,2" doraHai="28" who="0" fromWho="2" sc="231,39,221,0,308,-39,240,0" /><INIT seed="3,0,0,3,4,15" ten="270,221,269,240" oya="3" hai0="115,26,7,111,54,25,39,79,44,52,118,92,58" hai1="13,28,36,40,72,55,66,128,130,106,86,84,123" hai2="89,107,20,120,124,34,18,33,135,70,60,21,85" hai3="4,126,119,110,73,81,14,104,90,37,109,38,112"/><W108/><G112/><T3/><D118/><U71/><E72/><V99/><F135/><W59/><G119/><T22/><D115/><U8/><E106/><V19/><F124/><W9/><G104/><T6/><D111/><U43/><E123/><V0/><F0/><W62/><G126/><T24/><D3/><U80/><E28/><V83/><F107/><W125/><G125/><T56/><D79/><U46/><E43/><V88/><F33/><W30/><G30/><T103/><D39/><U31/><E31/><V49/><F34/><W41/><G41/><T131/><D131/><N who="1" m="50219" /><E55/><N who="0" m="21033" /><D44/><U5/><E80/><V102/><F102/><W2/><G2/><T57/><D22/><N who="2" m="8810" /><F70/><W17/><G4/><N who="0" m="1579" /><D103/><U105/><E105/><V11/><F11/><W95/><G81/><T117/><D117/><U96/><E96/><V113/><F113/><W91/><G73/><T97/><D97/><U122/><E122/><V76/><F120/><W64/><G91/><N who="2" m="34889" /><F99/><AGARI ba="0,0" hai="9,14,17,37,38,59,62,64,90,95,99,108,109,110" machi="99" ten="40,7700,0" yaku="14,1,10,1,52,1" doraHai="15" who="3" fromWho="2" sc="270,0,221,0,269,-77,240,77" /><INIT seed="3,1,0,4,5,6" ten="270,221,192,317" oya="3" hai0="7,70,93,24,11,105,119,127,4,41,50,76,84" hai1="77,72,56,90,111,61,57,106,26,37,44,132,39" hai2="126,109,10,53,51,123,36,131,86,78,80,85,122" hai3="64,89,124,73,83,108,94,134,120,0,5,97,82"/><W99/><G64/><T35/><D105/><U33/><E106/><V60/><F109/><W129/><G0/><T107/><D107/><U1/><E111/><V31/><F36/><W15/><G108/><T100/><D70/><U16/><E1/><V9/><F126/><W133/><G120/><N who="2" m="46121" /><F31/><W98/><G5/><T125/><D119/><U17/><E132/><N who="3" m="50794" /><G15/><N who="0" m="5607" /><D7/><U88/><E77/><V49/><F131/><W18/><G18/><T75/><D75/><U103/><E103/><V3/><F3/><W67/><G67/><T34/><D24/><U40/><E72/><V104/><F104/><W42/><G42/><T66/><D100/><U30/><E39/><V43/><F86/><N who="3" m="50399" /><G129/><T87/><D66/><U32/><E32/><V116/><F116/><W21/><G21/><T117/><D117/><U52/><REACH who="1" step="1"/><E57/><REACH who="1" ten="270,211,192,317" step="2"/><N who="2" m="34863" /><F49/><W115/><G124/><T79/><D34/><U135/><E135/><V96/><F96/><W12/><G99/><T114/><D35/><U46/><E46/><AGARI ba="1,1" hai="9,10,43,46,51,78,80,85" m="34863,46121" machi="46" ten="30,3900,0" yaku="13,1,52,2" doraHai="6" who="2" fromWho="1" sc="270,0,211,-42,192,52,317,0" /><INIT seed="4,0,0,4,3,74" ten="270,169,244,317" oya="0" hai0="78,64,28,29,108,82,16,37,58,77,69,66,47" hai1="48,83,24,79,107,81,11,97,71,0,39,5,75" hai2="2,35,70,116,133,100,86,3,76,117,9,120,124" hai3="93,102,18,106,129,63,56,103,122,92,126,36,67"/><T90/><D69/><U84/><E71/><V105/><F120/><W41/><G106/><T22/><D37/><U49/><E24/><V45/><F35/><W26/><G129/><T65/><D47/><U62/><E62/><V7/><F2/><W23/><G126/><T42/><D42/><U44/><E97/><V109/><F124/><W55/><G36/><T127/><D127/><U60/><E60/><V32/><F32/><W85/><G41/><T19/><D108/><U54/><E107/><V51/><F109/><W118/><G118/><T57/><D90/><U52/><E39/><V87/><F70/><W14/><G122/><T125/><D125/><U17/><E17/><N who="0" m="6729" /><D82/><U12/><E0/><V135/><F117/><W89/><G93/><T4/><D4/><U73/><REACH who="1" step="1"/><E83/><REACH who="1" ten="270,159,244,317" step="2"/><V101/><F3/><W33/><G33/><T132/><D132/><U27/><E27/><V130/><F105/><W98/><G26/><N who="0" m="16471" /><D29/><U95/><E95/><V1/><F135/><W115/><G98/><T114/><D114/><U121/><E121/><V50/><F133/><W40/><G115/><T80/><D80/><U34/><E34/><V123/><F123/><W111/><G111/><T134/><D134/><U43/><E43/><V59/><F116/><W30/><G40/><T72/><D72/><U61/><E61/><V113/><F113/><W6/><G30/><T25/><D25/><U110/><E110/><V21/><F1/><W94/><G94/><T13/><D13/><U53/><E53/><V8/><F130/><W96/><G14/><T119/><D119/><U91/><E91/><RYUUKYOKU type="nm" ba="0,1" sc="270,-40,159,-20,244,80,317,-20" hai0="57,58,64,65,66,77,78" hai1="5,11,12,44,48,49,52,54,73,75,79,81,84" /><INIT seed="4,1,1,2,0,54" ten="230,139,324,297" oya="0" hai0="100,93,101,23,107,30,78,60,12,91,37,69,108" hai1="8,95,59,76,36,90,6,109,41,46,132,10,33" hai2="3,128,104,58,134,74,110,81,44,87,111,9,73" hai3="113,22,71,40,96,51,84,125,21,62,16,77,75"/><T28/><D37/><U47/><E33/><V11/><F104/><W43/><G75/><T67/><D78/><U133/><E109/><V105/><F105/><W124/><G22/><T24/><D108/><U79/><E6/><V39/><F111/><W121/><G96/><T123/><D123/><U13/><E47/><V42/><F134/><W55/><G113/><T64/><D64/><U127/><E127/><N who="3" m="48714" /><G62/><T94/><D107/><U61/><E79/><V63/><F128/><W7/><G7/><T17/><D30/><U48/><E76/><V122/><F122/><W120/><G71/><T103/><REACH who="0" step="1"/><D91/><REACH who="0" ten="220,139,324,297" step="2"/><U89/><E89/><V116/><F110/><W118/><G121/><T18/><D18/><U88/><E90/><V70/><F74/><W20/><G16/><T130/><D130/><U98/><E36/><V29/><F39/><W92/><G77/><T53/><D53/><U49/><E133/><V131/><F73/><W15/><G55/><T31/><D31/><U86/><E132/><V27/><F131/><W4/><G120/><T5/><D5/><U106/><E106/><V112/><F112/><W56/><G4/><T82/><D82/><U26/><E86/><V129/><F129/><W32/><G84/><T66/><D66/><U25/><E88/><V65/><F3/><W135/><G135/><T97/><D97/><U50/><E98/><V68/><F68/><W0/><G0/><T102/><N who="0" m="25600" /><DORA hai="45" /><T52/><D52/><N who="1" m="34023" /><E95/><V80/><F70/><W57/><G92/><T83/><D83/><U114/><E114/><V14/><F116/><W38/><G118/><RYUUKYOKU type="nm" ba="1,2" sc="220,-40,139,-20,324,80,297,-20" hai0="12,17,23,24,28,60,67,69,93,94" /><INIT seed="4,2,2,4,2,81" ten="180,119,404,277" oya="0" hai0="94,59,93,30,63,92,84,56,88,8,48,87,103" hai1="34,102,23,58,86,82,79,14,104,123,116,20,115" hai2="109,105,1,106,57,107,39,119,74,127,133,7,100" hai3="71,37,4,113,51,17,25,41,49,36,120,27,29"/><T95/><D30/><U91/><E34/><V135/><F74/><W33/><G71/><T6/><D103/><U117/><E123/><V52/><F39/><W129/><G4/><T132/><D132/><U22/><E115/><V121/><F109/><W131/><G113/><T114/><D114/><U78/><E14/><V130/><F121/><W76/><G76/><T26/><D26/><U61/><E104/><V89/><F106/><W0/><G0/><T80/><D48/><N who="3" m="18505" /><G41/><T3/><REACH who="0" step="1"/><D63/><REACH who="0" ten="170,119,404,277" step="2"/><U16/><E102/><V69/><F133/><W18/><G120/><T45/><D45/><U38/><E38/><N who="3" m="14954" /><G27/><T118/><D118/><U43/><E43/><V96/><F119/><W54/><G54/><T68/><D68/><U65/><E117/><V44/><F69/><W42/><G42/><T122/><D122/><U12/><REACH who="1" step="1"/><E116/><REACH who="1" ten="170,109,404,277" step="2"/><V67/><F135/><W47/><G47/><T46/><D46/><U111/><E111/><V5/><F44/><W97/><G33/><T108/><D108/><U2/><E2/><V126/><F1/><W99/><G25/><T90/><AGARI ba="2,4" hai="3,6,8,56,59,80,84,87,88,90,92,93,94,95" machi="90" ten="30,12000,1" yaku="1,1,0,1,52,2,54,1,53,0" doraHai="81" doraHaiUra="134" who="0" fromWho="0" sc="170,166,109,-42,404,-42,277,-42" /><INIT seed="4,3,0,2,5,88" ten="336,67,362,235" oya="0" hai0="35,31,121,124,44,60,76,59,0,117,48,131,97" hai1="46,7,6,47,133,128,36,34,9,23,65,84,81" hai2="135,115,108,89,95,110,38,15,28,75,69,3,77" hai3="72,1,125,90,45,54,4,24,27,85,98,67,100"/><T33/><D121/><U20/><E34/><V78/><F3/><W63/><G72/><T123/><D123/><U19/><E128/><V13/><F69/><W119/><G119/><T2/><D117/><U96/><E133/><V21/><F38/><W127/><G1/><T79/><D131/><U32/><E32/><V114/><F135/><W132/><G4/><T40/><D124/><U86/><E65/><V39/><F39/><W29/><G54/><T10/><D2/><U43/><E47/><V26/><F110/><W56/><G45/><T74/><D31/><U22/><E96/><V82/><F78/><W109/><G109/><T12/><D0/><U8/><E86/><V105/><F105/><W57/><G57/><T118/><D118/><U14/><REACH who="1" step="1"/><E9/><REACH who="1" ten="336,57,362,235" step="2"/><V42/><F108/><W91/><G132/><T50/><D35/><U51/><E51/><V17/><F42/><W126/><G85/><T80/><D33/><U53/><E53/><V49/><F49/><W113/><G98/><T104/><D50/><U25/><E25/><V107/><F26/><W70/><G27/><T16/><D97/><U87/><E87/><V101/><F75/><W129/><G24/><T99/><D99/><U18/><E18/><V112/><F17/><W66/><G129/><T52/><D104/><U116/><E116/><V120/><F107/><W64/><G64/><T94/><D74/><U73/><E73/><V58/><F120/><W106/><G67/><T92/><D80/><U61/><E61/><V103/><F82/><W122/><G66/><T41/><D41/><U83/><E83/><RYUUKYOKU ba="3,1" sc="336,15,57,15,362,-15,235,-15" hai0="10,12,16,40,44,48,52,59,60,76,79,92,94" hai1="6,7,8,14,19,20,22,23,36,43,46,81,84" /><INIT seed="4,4,1,1,3,133" ten="351,72,347,220" oya="0" hai0="49,24,83,29,114,36,74,40,95,2,109,62,31" hai1="77,51,68,61,121,18,56,135,22,70,85,73,100" hai2="82,44,10,57,5,38,37,128,1,42,112,89,33" hai3="119,71,76,78,15,13,129,69,132,126,84,55,106"/><T93/><D36/><U19/><E121/><V12/><F33/><W98/><G119/><T99/><D2/><U64/><E73/><V26/><F26/><W58/><G106/><T79/><D114/><U48/><E135/><V134/><F134/><W23/><G98/><T122/><D122/><U91/><E70/><V8/><F128/><W86/><G132/><T35/><D109/><U130/><E130/><V28/><F28/><W50/><G129/><T131/><D131/><U59/><E77/><V127/><F57/><W117/><G117/><T123/><D123/><U104/><E68/><V75/><F38/><W66/><G50/><T6/><D31/><U72/><E72/><V9/><F112/><W32/><G23/><T63/><D6/><U30/><E100/><V118/><F89/><W87/><G87/><T125/><D125/><U27/><E104/><V14/><F127/><W54/><G58/><T43/><D95/><U0/><E0/><V47/><F47/><W60/><G60/><T105/><D105/><U108/><E108/><V53/><F53/><W90/><G90/><T94/><D94/><N who="1" m="54639" /><E51/><V120/><F118/><W7/><G7/><T4/><D4/><U103/><E103/><V81/><F120/><W34/><REACH who="3" step="1"/><G66/><REACH who="3" ten="351,72,347,210" step="2"/><T16/><D49/><U25/><E25/><V80/><F75/><W111/><G111/><T102/><D62/><N who="1" m="37959" /><E48/><V46/><F46/><W107/><G107/><T45/><D63/><U124/><E124/><AGARI ba="4,2" hai="13,15,32,34,54,55,69,71,76,78,84,86,124,126" machi="124" ten="25,8000,1" yaku="1,1,22,2,52,2,53,0" doraHai="133" doraHaiUra="115" who="3" fromWho="1" sc="351,0,72,-92,347,0,210,112" owari="351,45.0,-20,-52.0,347,15.0,322,-8.0" /></mjloggm>