<mjloggm ver="2.3"><GO type="169" lobby="0"/><UN n0="%6B%75%7A%75%6E" n1="%62%65%61%74%72%69%63%65" n2="%E3%81%A4%E3%82%89%E3%81%84%E3%80%82" n3="%E2%98%85%E3%83%9B%E3%83%BC%E3%82%B9%E2%98%85" dan="18,16,16,16" rate="2247.06,2140.03,2100.81,2124.49" sx="M,F,M,M"/><TAIKYOKU oya="0"/><INIT seed="0,0,0,4,4,24" ten="250,250,250,250" oya="0" hai0="108,107,90,73,133,56,41,92,61,115,65,99,57" hai1="87,116,26,126,21,122,69,98,127,103,54,25,91" hai2="19,3,32,129,135,23,46,97,11,109,80,33,8" hai3="106,84,105,88,102,16,20,101,34,118,39,114,30"/><T7/><D115/><U42/><E69/><V93/><F109/><W10/><G39/><T112/><D112/><U95/><E116/><V36/><F129/><W85/><G114/><T119/><D119/><U75/><E75/><V117/><F117/><W4/><G118/><T63/><D133/><U67/><E122/><V134/><F80/><N who="3" m="49159" /><G85/><T18/><D108/><U51/><E42/><V43/><F33/><W96/><G96/><T79/><D41/><U48/><E67/><V31/><F32/><W59/><G59/><T22/><D107/><U104/><E26/><N who="2" m="16863" /><F19/><W40/><G40/><T74/><D79/><U12/><E12/><V113/><F3/><N who="3" m="287" /><G106/><T110/><D110/><U0/><E0/><V124/><F113/><W53/><G53/><T5/><D74/><U9/><E9/><V78/><F78/><W83/><G83/><T60/><D73/><U76/><E76/><V29/><F8/><W82/><G82/><T6/><REACH who="0" step="1"/><D57/><REACH who="0" ten="240,250,250,250" step="2"/><U44/><REACH who="1" step="1"/><E51/><REACH who="1" ten="240,240,250,250" step="2"/><V28/><F43/><W38/><G38/><T111/><D111/><U58/><E58/><V55/><F36/><W13/><G105/><T120/><D120/><U45/><E45/><V100/><F46/><W128/><G128/><T15/><AGARI ba="0,2" hai="5,6,7,15,18,22,56,60,61,63,65,90,92,99" machi="15" ten="30,6000,0" yaku="1,1,0,1,8,1,53,0" doraHai="24" doraHaiUra="50" who="0" fromWho="0" sc="240,80,240,-20,250,-20,250,-20" /><INIT seed="0,1,0,2,2,9" ten="320,220,230,230" oya="0" hai0="110,49,58,13,38,70,98,118,72,59,90,83,92" hai1="100,31,8,71,112,47,37,67,15,41,27,51,109" hai2="133,107,121,126,102,40,20,65,134,12,3,96,46" hai3="1,4,120,113,74,105,89,11,23,17,55,111,45"/><T35/><D118/><U75/><E112/><V25/><F3/><W69/><G113/><T130/><D38/><U28/><E109/><V77/><F121/><W64/><G120/><T91/><D130/><U128/><E128/><V135/><F126/><W123/><G123/><T29/><D70/><U42/><E75/><V60/><F77/><W33/><G33/><T68/><D68/><U94/><E71/><V132/><N who="2" m="33792" /><DORA hai="61" /><V87/><F87/><W129/><G129/><T52/><D110/><U32/><E31/><N who="2" m="17831" /><F12/><W104/><G74/><T66/><D72/><U63/><E37/><N who="2" m="21775" /><F60/><W85/><G111/><T86/><D35/><U53/><E100/><V43/><F43/><W124/><G124/><T10/><D29/><U84/><E84/><V2/><F2/><W73/><G73/><T82/><D82/><U97/><E97/><V30/><F30/><W56/><G69/><T21/><D21/><U122/><E122/><V76/><F76/><W36/><G36/><T117/><D117/><U44/><E42/><V106/><F65/><W54/><G64/><T19/><REACH who="0" step="1"/><D66/><REACH who="0" ten="310,220,230,230" step="2"/><U79/><E67/><V34/><F34/><W115/><G23/><T39/><D39/><U6/><E32/><V14/><F107/><W7/><G105/><T119/><D119/><U116/><E28/><V88/><F106/><W99/><G104/><T114/><D114/><U0/><E116/><V48/><F48/><W5/><G115/><T50/><D50/><U95/><E51/><V101/><F101/><W62/><G62/><T125/><D125/><U57/><E63/><V16/><F102/><RYUUKYOKU ba="1,1" sc="310,30,220,-10,230,-10,230,-10" hai0="10,13,19,49,52,58,59,83,86,90,91,92,98" /><INIT seed="0,2,1,0,1,7" ten="340,210,220,220" oya="0" hai0="80,64,10,55,20,49,129,38,133,31,107,17,19" hai1="8,44,47,99,72,83,81,114,24,91,113,54,69" hai2="70,39,98,123,1,79,63,127,34,50,117,74,2" hai3="110,61,18,22,29,33,94,102,46,57,115,4,93"/><T84/><D133/><U9/><E69/><V103/><F123/><W62/><G115/><N who="1" m="44042" /><E24/><V124/><F50/><W21/><G33/><T82/><D129/><U59/><E72/><V30/><F39/><W135/><G135/><T71/><D107/><U12/><E12/><V76/><F117/><W51/><G4/><T90/><D38/><U92/><E83/><N who="2" m="45463" /><F79/><W58/><G29/><T43/><D43/><U11/><E81/><V101/><F101/><W68/><G68/><T37/><D37/><U125/><E125/><N who="2" m="48203" /><F30/><W120/><G120/><T116/><D116/><U104/><E104/><N who="2" m="63607" /><F34/><W65/><G102/><T40/><D40/><U15/><E15/><V16/><F16/><W0/><G0/><T67/><D80/><U66/><E66/><AGARI ba="2,1" hai="1,2,63,66,70" m="63607,48203,45463" machi="66" ten="30,2000,0" yaku="18,1,23,1" doraHai="7" who="2" fromWho="1" sc="340,0,210,-26,220,36,220,0" /><INIT seed="1,0,0,0,3,80" ten="340,184,256,220" oya="1" hai0="46,47,124,107,49,15,56,43,35,69,77,71,101" hai1="118,126,36,58,42,53,39,10,127,55,120,78,52" hai2="97,122,90,62,125,19,5,50,96,119,79,109,25" hai3="6,11,83,13,75,21,94,72,40,76,113,92,112"/><U48/><E78/><V22/><F119/><W26/><G72/><T4/><D35/><U14/><E14/><V128/><F122/><W34/><G34/><T31/><D31/><U132/><E10/><V65/><F109/><W134/><G134/><T9/><D124/><N who="1" m="47659" /><E118/><V73/><F125/><W28/><REACH who="3" step="1"/><G40/><REACH who="3" ten="340,184,256,210" step="2"/><T16/><D43/><U89/><E120/><V95/><F73/><W105/><G105/><T93/><D107/><U100/><E132/><V82/><F128/><W24/><G24/><T130/><D130/><U114/><E114/><AGARI ba="0,1" hai="6,11,13,21,26,28,75,76,83,92,94,112,113,114" machi="114" ten="40,1300,0" yaku="1,1,53,0" doraHai="80" doraHaiUra="57" who="3" fromWho="1" sc="340,0,184,-13,256,0,210,23" /><INIT seed="2,0,0,3,4,126" ten="340,171,256,233" oya="2" hai0="15,21,134,3,39,2,121,42,40,95,37,112,43" hai1="69,77,76,33,82,125,74,105,28,67,62,116,12" hai2="56,120,10,22,91,133,7,79,13,107,131,58,113" hai3="23,4,57,65,55,26,115,5,106,83,29,81,51"/><V109/><F113/><W66/><G106/><T78/><D112/><U32/><E12/><V44/><F120/><W6/><G115/><T97/><D121/><U92/><E92/><V61/><F107/><W38/><G38/><T45/><D134/><U25/><E116/><V1/><F133/><W41/><G41/><T89/><D78/><U123/><E123/><V129/><F79/><W73/><G73/><T88/><D15/><U24/><E125/><V101/><F101/><W35/><REACH who="3" step="1"/><G35/><REACH who="3" ten="340,171,256,223" step="2"/><T48/><D37/><U9/><E33/><V17/><F109/><W122/><G122/><T90/><D39/><U68/><E74/><V8/><F8/><W72/><G72/><T119/><D119/><U85/><E105/><V0/><F0/><W132/><G132/><T96/><D3/><U31/><E32/><V87/><F44/><W54/><G54/><N who="0" m="29967" /><D2/><U118/><E118/><V34/><F34/><W93/><G93/><N who="0" m="56359" /><D21/><U60/><E67/><AGARI ba="0,1" hai="4,5,6,23,26,29,51,55,57,65,66,67,81,83" machi="67" ten="40,5200,0" yaku="1,1,8,1,53,1" doraHai="126" doraHaiUra="50" who="3" fromWho="1" sc="340,0,171,-52,256,0,223,62" /><INIT seed="3,0,0,5,5,19" ten="340,119,256,285" oya="3" hai0="86,2,70,10,9,16,4,135,43,92,1,22,0" hai1="80,130,134,83,36,87,117,29,64,3,60,49,66" hai2="52,126,107,111,79,61,13,32,124,94,37,18,112" hai3="40,110,106,63,31,38,25,6,73,89,69,34,74"/><W131/><G89/><T105/><D105/><U55/><E3/><V65/><F107/><W11/><G131/><T85/><D70/><U12/><E36/><V48/><F37/><W72/><G110/><T56/><D135/><U68/><E130/><V100/><F32/><W90/><G90/><T96/><D43/><U121/><E121/><V23/><F79/><W71/><G106/><T78/><D56/><U8/><E134/><V35/><F35/><W102/><G102/><T103/><D78/><U75/><E117/><V108/><F112/><W128/><G128/><T27/><REACH who="0" step="1"/><D10/><REACH who="0" ten="330,119,256,285" step="2"/><U119/><E119/><V39/><F111/><W51/><G69/><T82/><D82/><U7/><E75/><V125/><F108/><W84/><G72/><T91/><D91/><U129/><E129/><V62/><F100/><W53/><G73/><T14/><AGARI ba="0,1" hai="0,1,2,4,9,14,16,22,27,85,86,92,96,103" machi="14" ten="30,8000,1" yaku="1,1,0,1,52,1,54,1,53,1" doraHai="19" doraHaiUra="15" who="0" fromWho="0" sc="330,90,119,-20,256,-20,285,-40" /><INIT seed="4,0,0,0,2,53" ten="420,99,236,245" oya="0" hai0="112,22,74,85,80,134,132,101,15,34,125,45,4" hai1="33,39,54,27,90,81,72,29,105,1,108,129,50" hai2="6,68,83,10,46,18,71,30,21,102,44,13,78" hai3="17,2,19,75,65,20,56,133,98,57,117,107,42"/><T59/><D112/><U67/><E1/><V95/><F71/><W100/><G117/><T116/><D34/><U38/><E129/><V3/><F68/><W86/><G75/><T0/><D116/><U76/><E105/><V36/><F36/><W35/><G35/><T119/><D119/><U84/><E108/><V11/><F102/><W118/><G118/><T73/><D125/><U93/><REACH who="1" step="1"/><E67/><REACH who="1" ten="420,89,236,245" step="2"/><V37/><F37/><W25/><G2/><T89/><D0/><U64/><E64/><V135/><F135/><N who="0" m="51754" /><D74/><U12/><E12/><V127/><F127/><W130/><G133/><T31/><D15/><U16/><E16/><V14/><F30/><W110/><G130/><T49/><D4/><U62/><E62/><V96/><F14/><W106/><G110/><T99/><D73/><U131/><E131/><V41/><F3/><W79/><G107/><T28/><D28/><U69/><E69/><V63/><F63/><W122/><G65/><T32/><D31/><U8/><E8/><V104/><F104/><W128/><G128/><T60/><D60/><U124/><E124/><V23/><F6/><W47/><G17/><T121/><D121/><U40/><E40/><V97/><F41/><W24/><G122/><T111/><D111/><U48/><E48/><V109/><F109/><W9/><G9/><T103/><D49/><U94/><E94/><V66/><F10/><W51/><G25/><T43/><D43/><U87/><E87/><N who="2" m="48631" /><F66/><W82/><AGARI ba="0,1" hai="19,20,24,42,47,51,56,57,79,82,86,98,100,106" machi="82" ten="30,4000,0" yaku="0,1,52,2" doraHai="53" who="3" fromWho="3" sc="420,-20,89,-10,236,-10,245,50" /><INIT seed="5,0,0,5,1,37" ten="400,79,226,295" oya="1" hai0="132,21,78,3,103,75,30,99,54,62,15,108,64" hai1="131,48,25,46,44,7,5,35,49,120,115,32,0" hai2="20,134,93,23,84,1,68,60,34,41,91,45,107" hai3="55,71,26,102,11,100,118,106,97,22,111,18,129"/><U89/><E120/><V74/><F134/><W12/><G111/><T117/><D3/><U13/><E0/><V69/><F34/><W86/><G129/><T121/><D54/><U92/><E131/><V119/><F119/><W28/><G118/><T95/><D78/><U19/><E115/><V130/><F107/><W42/><G100/><T105/><D75/><U57/><E32/><V77/><F1/><W124/><G124/><T56/><D132/><U59/><E35/><V70/><F130/><W36/><G71/><T29/><D108/><U79/><E25/><V125/><F125/><W65/><G65/><T52/><D105/><U6/><E79/><V10/><F10/><W135/><G135/><T127/><D127/><U114/><E114/><V27/><F60/><W96/><G96/><T133/><D133/><U88/><E19/><V90/><F90/><N who="1" m="34921" /><E92/><V53/><F27/><W67/><G86/><T81/><D121/><U31/><E13/><V50/><REACH who="2" step="1"/><F53/><REACH who="2" ten="400,79,216,295" step="2"/><W38/><G55/><T76/><D52/><N who="1" m="29703" /><E31/><V116/><F116/><W128/><G28/><T73/><D117/><U82/><E82/><AGARI ba="0,1" hai="20,23,41,45,50,68,69,70,74,77,82,84,91,93" machi="82" ten="40,8000,1" yaku="1,1,52,1,53,2" doraHai="37" doraHaiUra="17" who="2" fromWho="1" sc="400,0,79,-80,216,90,295,0" owari="400,49.0,-1,-50.0,306,11.0,295,-10.0" /></mjloggm>