<mjloggm ver="2.3"><GO type="185" lobby="0"/><UN n0="%70%6F%6E%5F%6B%61%73%75" n1="%E3%82%B3%E3%82%B3%E3%82%A2%E3%81%AF%E4%BF%BA%E3%81%AE%E5%AB%81" n2="%63%61%6C%63%2E" n3="" dan="16,17,19,0" rate="2172.89,2230.76,2416.18,1500.00" sx="M,F,M,C"/><TAIKYOKU oya="0"/><INIT seed="0,0,0,1,5,100" ten="350,350,350,0" oya="0" hai0="101,127,55,86,88,133,102,122,125,67,78,36,80" hai1="70,54,118,121,83,132,34,126,81,56,109,60,43" hai2="115,46,134,35,64,65,135,82,76,93,44,123,75" hai3=""/><T74/><N who="0" m="31264" /><T128/><D36/><U40/><N who="1" m="31008" /><U112/><E118/><V1/><N who="2" m="31520" /><V110/><F115/><T111/><D128/><U45/><E34/><V0/><F35/><T105/><D133/><N who="2" m="50698" /><F110/><T117/><D117/><U52/><E109/><V53/><F93/><T116/><D116/><U85/><E112/><V62/><F64/><T73/><D111/><U63/><E132/><V130/><F130/><T104/><D55/><U97/><E126/><N who="0" m="48137" /><D67/><U91/><E54/><V84/><F75/><N who="0" m="28682" /><D78/><U71/><E40/><V79/><F79/><T90/><D90/><U51/><E63/><V49/><F46/><T89/><D89/><U69/><REACH who="1" step="1"/><E97/><REACH who="1" ten="350,340,350,0" step="2"/><V39/><F39/><T66/><D66/><U59/><E59/><AGARI ba="0,1" hai="0,1,44,49,53,59,62,65,76,82,84" m="50698,31520" machi="59" ten="30,2000,0" yaku="20,1,52,1" doraHai="100" who="2" fromWho="1" sc="350,0,340,-20,350,30,0,0" /><INIT seed="1,0,0,4,5,84" ten="350,320,380,0" oya="1" hai0="59,88,126,74,58,133,92,85,78,44,65,60,35" hai1="83,54,125,50,109,47,51,71,66,104,38,89,128" hai2="3,79,106,99,108,82,123,130,45,53,129,40,62" hai3=""/><U115/><E115/><V77/><N who="2" m="31520" /><V113/><F108/><T39/><D35/><U36/><E109/><V103/><F3/><T46/><D133/><U97/><E128/><N who="2" m="49259" /><F113/><T55/><D126/><U112/><E125/><V118/><F118/><T93/><D39/><U68/><E112/><V86/><F77/><T76/><D93/><U114/><E114/><V0/><F0/><T102/><D102/><U70/><E66/><V42/><F45/><N who="0" m="17514" /><D74/><U52/><E104/><V132/><F132/><T80/><D92/><U117/><E117/><V1/><F1/><T34/><D34/><U119/><E119/><V107/><F106/><T49/><AGARI ba="0,0" hai="49,55,58,59,60,65,76,78,80,85,88" m="17514" machi="49" ten="30,3000,0" yaku="8,1,52,1,54,1" doraHai="84" who="0" fromWho="0" sc="350,30,320,-20,380,-10,0,0" /><INIT seed="2,0,0,3,5,76" ten="380,300,370,0" oya="2" hai0="32,87,105,73,78,69,51,103,110,109,50,101,61" hai1="48,121,82,102,62,47,72,131,83,130,74,64,75" hai2="71,45,98,129,95,43,134,120,111,84,33,38,132" hai3=""/><V56/><N who="2" m="30752" /><V1/><F71/><T122/><N who="0" m="31264" /><T124/><D124/><U55/><N who="1" m="31008" /><U86/><E102/><V0/><F33/><T108/><D73/><U42/><E42/><V104/><F129/><N who="1" m="49161" /><E86/><V112/><F112/><T3/><D3/><U39/><E39/><V88/><F111/><T89/><D78/><U97/><E97/><V35/><F35/><T133/><D133/><N who="2" m="51306" /><F56/><AGARI ba="0,0" hai="47,48,55,56,62,64,72,74,75,82,83" m="49161,31008" machi="56" ten="40,8000,1" yaku="19,1,52,3" doraHai="76" who="1" fromWho="2" sc="380,0,300,80,370,-80,0,0" /><INIT seed="4,0,0,2,4,44" ten="380,380,290,0" oya="0" hai0="114,64,34,60,126,96,45,129,63,59,70,128,111" hai1="112,88,32,125,37,65,98,33,40,62,3,87,133" hai2="95,35,124,52,68,84,85,90,2,71,86,51,104" hai3=""/><T58/><D114/><U42/><E3/><V115/><F2/><T93/><D34/><U46/><E125/><V74/><F35/><T102/><D126/><U55/><E133/><V79/><F124/><T122/><N who="0" m="31264" /><T56/><D111/><U127/><E127/><V117/><F104/><T82/><D60/><U81/><E112/><V47/><F115/><T39/><REACH who="0" step="1"/><D82/><REACH who="0" ten="370,380,290,0" step="2"/><U106/><E32/><V134/><F134/><T99/><D99/><U67/><E33/><V108/><F108/><T94/><D94/><U43/><E98/><V109/><F109/><T121/><N who="0" m="31008" /><T53/><D53/><U100/><E55/><V123/><N who="2" m="31520" /><V131/><F117/><T113/><D113/><U38/><E62/><V66/><F131/><T83/><D83/><U92/><E81/><V57/><F95/><T78/><D78/><U50/><E92/><V49/><F79/><T110/><D110/><U73/><E106/><V76/><F76/><T41/><AGARI ba="0,1" hai="39,41,45,56,58,59,63,64,70,93,96,102,128,129" m="31008,31264" machi="41" ten="30,8000,1" yaku="1,1,0,1,52,2,53,1" doraHai="44" doraHaiUra="91" who="0" fromWho="0" sc="370,90,380,-40,290,-40,0,0" /><INIT seed="4,1,0,5,5,74" ten="460,340,250,0" oya="0" hai0="1,45,83,73,0,55,52,102,62,113,104,106,44" hai1="40,121,56,43,97,70,59,38,115,53,95,105,84" hai2="85,64,75,133,39,101,98,110,54,82,46,126,119" hai3=""/><T99/><D113/><U109/><N who="1" m="31008" /><U93/><E109/><V120/><N who="2" m="30752" /><V132/><F110/><T91/><D106/><U108/><E108/><V92/><F126/><T34/><D34/><U32/><E32/><V100/><F75/><T48/><D91/><U94/><E115/><V61/><F100/><T33/><D33/><U66/><E84/><V89/><F119/><T116/><D116/><U76/><E76/><V114/><F114/><T111/><D111/><U88/><E38/><V51/><REACH who="2" step="1"/><F39/><REACH who="2" ten="460,340,240,0" step="2"/><T68/><D73/><U122/><N who="1" m="31264" /><U117/><E117/><V65/><F65/><T123/><N who="0" m="31520" /><T79/><D102/><U36/><E36/><V118/><F118/><T81/><D0/><U112/><E112/><V134/><F134/><T71/><D1/><U129/><E66/><V72/><F72/><T86/><D104/><U125/><E105/><V124/><F124/><T80/><D71/><AGARI ba="1,1" hai="46,51,54,61,64,71,82,85,89,92,98,101,132,133" m="30752" machi="71" ten="40,2600,0" yaku="1,1,52,1,53,0" doraHai="74" doraHaiUra="35" who="2" fromWho="0" sc="460,-28,340,0,240,38,0,0" /><INIT seed="5,0,0,3,1,96" ten="432,340,278,0" oya="1" hai0="69,105,124,37,110,99,74,106,1,107,123,77,88" hai1="48,41,0,127,122,70,129,128,86,65,89,46,57" hai2="97,131,49,92,2,36,32,125,94,44,126,73,76" hai3=""/><U102/><N who="1" m="31264" /><U115/><E0/><V80/><F2/><T66/><N who="0" m="31520" /><T59/><D110/><U75/><E75/><V53/><F32/><T84/><D69/><U104/><E115/><V116/><F116/><T33/><D37/><U121/><N who="1" m="31008" /><U135/><E135/><V55/><F131/><T45/><D33/><U62/><E127/><N who="2" m="48651" /><F36/><T61/><D45/><U85/><E85/><V79/><F76/><T43/><D43/><U78/><E78/><V83/><F83/><T117/><D117/><U72/><E72/><V68/><F68/><T103/><D1/><U101/><E104/><V42/><F94/><T34/><D34/><U3/><E3/><V118/><F118/><T100/><D124/><U56/><E129/><V39/><F39/><T134/><D134/><U95/><REACH who="1" step="1"/><E128/><REACH who="1" ten="432,330,278,0" step="2"/><V114/><F114/><T130/><D130/><U54/><E54/><V67/><F67/><T93/><D74/><U133/><E133/><V82/><F82/><T52/><D66/><U40/><E40/><V87/><F73/><T47/><D106/><U63/><E63/><V111/><F111/><T81/><D107/><U120/><N who="1" m="30752" /><U50/><E50/><V60/><F60/><T109/><D105/><U91/><E91/><AGARI ba="0,1" hai="42,44,49,53,55,79,80,87,91,92,97" m="48651" machi="91" ten="30,2000,0" yaku="6,1,18,1" doraHai="96" who="2" fromWho="1" sc="432,0,330,-20,278,30,0,0" /><INIT seed="6,0,0,2,5,64" ten="432,310,308,0" oya="2" hai0="107,73,132,59,60,85,74,40,130,79,3,61,119" hai1="92,105,123,121,128,82,70,56,37,2,46,114,48" hai2="54,72,100,34,131,111,76,86,112,50,91,116,129" hai3=""/><V49/><F116/><T65/><D107/><U93/><E2/><V67/><F34/><T1/><D119/><U84/><E114/><V102/><F112/><T120/><N who="0" m="30752" /><T44/><D132/><U103/><E70/><V87/><F67/><T135/><D135/><U126/><E126/><V36/><F36/><T110/><D61/><U113/><E113/><V53/><F76/><T81/><D110/><U115/><E115/><V43/><F43/><T104/><D104/><U33/><E128/><V58/><F72/><T89/><D130/><N who="2" m="49674" /><F111/><T42/><D42/><U45/><E33/><V77/><F77/><T109/><D109/><U63/><E37/><V83/><F87/><T80/><D74/><U51/><E84/><V39/><F39/><AGARI ba="0,0" hai="1,3,39,40,44,59,60,65,73,79,80,81,85,89" m="30752" machi="39" ten="30,2000,0" yaku="7,1,52,1" doraHai="64" who="0" fromWho="2" sc="432,20,310,0,308,-20,0,0" owari="452,40.0,310,-9.0,288,-31.0,0,0.0" /></mjloggm>