<mjloggm ver="2.3"><GO type="169" lobby="0"/><UN n0="%6B%6F%62%6F%7A" n1="%E3%81%A1%E3%82%83%E3%82%8B%E5%AD%90" n2="%E6%81%A9%E7%94%B0%E5%B8%8C" n3="%E9%81%8A%E3%81%B3%E5%BF%83" dan="18,17,16,18" rate="2199.25,2233.09,2163.50,2218.70" sx="M,M,F,M"/><TAIKYOKU oya="0"/><INIT seed="0,0,0,0,3,110" ten="250,250,250,250" oya="0" hai0="135,11,125,53,25,94,7,38,1,52,3,62,104" hai1="49,117,69,100,51,29,34,122,106,42,77,72,6" hai2="92,98,81,65,84,57,8,79,39,15,112,10,99" hai3="116,121,87,131,35,47,55,73,4,115,54,5,89"/><T60/><D104/><U63/><E122/><V105/><F39/><W124/><G73/><T30/><D38/><U103/><E117/><V64/><F105/><W14/><G35/><T90/><D135/><U2/><E100/><V13/><F112/><W108/><G108/><T21/><D1/><U111/><E111/><V76/><F57/><W118/><G115/><T17/><D125/><U61/><E61/><V9/><F79/><W129/><G124/><T70/><D62/><U20/><E20/><V128/><F128/><N who="3" m="49227" /><G55/><T12/><D70/><U75/><E51/><V44/><F44/><W37/><G54/><T119/><D60/><U96/><E42/><V123/><F123/><W85/><G85/><T107/><D107/><U58/><E58/><V19/><F98/><W101/><G101/><T80/><D80/><U59/><E59/><V74/><F74/><W114/><G114/><T95/><D95/><U40/><E40/><V50/><F50/><W18/><G47/><T86/><REACH who="0" step="1"/><D119/><REACH who="0" ten="240,250,250,250" step="2"/><U66/><E49/><V41/><F92/><N who="3" m="54335" /><G37/><T56/><D56/><U22/><E2/><V43/><F81/><W130/><G130/><T113/><D113/><U132/><E69/><V23/><F65/><W127/><G121/><T93/><D93/><U97/><E66/><V120/><F64/><W67/><G67/><T24/><D24/><U48/><E63/><V82/><F120/><W26/><G127/><T45/><D45/><U68/><E68/><V83/><F83/><W102/><G26/><T91/><D91/><U126/><E106/><V27/><F99/><W33/><G116/><RYUUKYOKU ba="0,1" sc="240,15,250,-15,250,15,250,-15" hai0="3,7,11,12,17,21,25,30,52,53,86,90,94" hai2="8,9,10,13,15,19,23,27,41,43,76,82,84" /><INIT seed="0,1,1,4,4,70" ten="255,235,265,235" oya="0" hai0="100,15,122,106,33,6,132,60,120,16,41,74,51" hai1="38,25,95,42,27,113,56,84,114,78,67,61,87" hai2="94,39,19,45,117,53,79,128,47,99,13,125,90" hai3="104,30,18,28,35,63,49,118,2,105,86,0,34"/><T22/><D74/><U76/><E42/><V83/><F128/><W26/><G18/><T1/><D132/><U93/><E56/><V40/><F125/><W65/><G49/><T9/><D60/><U110/><E61/><V85/><F117/><W89/><G118/><T72/><D72/><U116/><E116/><V109/><F109/><W58/><G104/><T97/><REACH who="0" step="1"/><D33/><REACH who="0" ten="245,235,265,235" step="2"/><U8/><E110/><V62/><F62/><W108/><G108/><T24/><D24/><U44/><E27/><V29/><F29/><W46/><G30/><T126/><D126/><U3/><E25/><V127/><F127/><W73/><G35/><T37/><D37/><U91/><E67/><V115/><F115/><W133/><G73/><T68/><D68/><U77/><E38/><V64/><F64/><W43/><G133/><T59/><D59/><U92/><E44/><AGARI ba="1,2" hai="1,6,9,15,16,22,41,44,51,97,100,106,120,122" machi="44" ten="40,7700,0" yaku="1,1,54,1,53,1" doraHai="70" doraHaiUra="101" who="0" fromWho="1" sc="245,100,235,-80,265,0,235,0" /><INIT seed="0,2,0,4,2,90" ten="345,155,265,235" oya="0" hai0="126,92,77,93,112,53,132,19,15,9,69,57,117" hai1="56,123,81,55,30,5,23,50,71,87,25,109,103" hai2="34,105,12,101,119,118,40,116,111,66,17,38,91" hai3="41,10,83,110,133,96,52,78,36,63,62,74,13"/><T122/><D117/><U128/><E123/><V72/><F111/><W54/><G110/><T3/><D112/><U7/><E109/><V60/><F34/><W114/><G114/><T8/><D122/><U94/><E71/><V113/><F72/><W14/><G133/><T26/><D69/><U89/><E128/><V106/><F113/><W127/><G14/><T59/><D126/><U24/><E103/><V129/><F101/><W80/><G127/><T51/><D77/><U18/><REACH who="1" step="1"/><E81/><REACH who="1" ten="345,145,265,235" step="2"/><V79/><F129/><W47/><G80/><T4/><D132/><U85/><E85/><V82/><F82/><W27/><G96/><T131/><D131/><U65/><E65/><V95/><F79/><W0/><G83/><T108/><D108/><U68/><E68/><N who="2" m="42055" /><F40/><W88/><G78/><T73/><D73/><U6/><E6/><V32/><F116/><W2/><G74/><T11/><D3/><U97/><E97/><V49/><F118/><W70/><G70/><T58/><D4/><U75/><E75/><V76/><F76/><W48/><G0/><T121/><D121/><U134/><E134/><V22/><F119/><W125/><G2/><T130/><D130/><U104/><E104/><V28/><F105/><W64/><G64/><T115/><D115/><U43/><E43/><V33/><F106/><W37/><G41/><T45/><REACH who="0" step="1"/><D26/><REACH who="0" ten="335,145,265,235" step="2"/><U31/><E31/><V84/><F28/><W86/><G27/><T46/><D46/><U99/><E99/><V35/><F84/><W44/><G86/><T102/><D102/><U100/><E100/><V1/><F1/><RYUUKYOKU ba="2,2" sc="335,15,145,15,265,-15,235,-15" hai0="8,9,11,15,19,45,51,53,57,58,59,92,93" hai1="5,7,18,23,24,25,30,50,55,56,87,89,94" /><INIT seed="0,3,2,0,1,18" ten="350,160,250,220" oya="0" hai0="60,72,23,63,50,80,76,71,73,24,13,32,0" hai1="125,96,103,88,108,51,94,59,30,86,8,53,7" hai2="64,2,19,117,75,122,114,91,98,128,26,14,22" hai3="46,116,109,5,90,120,118,123,130,79,106,34,16"/><T44/><D0/><U119/><E108/><V99/><F114/><W47/><G109/><T21/><D72/><U133/><E133/><V135/><F75/><W82/><G90/><T101/><D101/><U111/><E111/><V3/><F64/><W124/><G124/><T52/><D13/><U69/><E125/><V127/><F91/><W42/><G34/><T33/><D21/><U11/><E69/><V55/><F55/><W83/><G106/><T57/><D71/><U4/><E119/><N who="3" m="45610" /><G130/><T39/><D39/><U68/><E68/><V29/><F98/><W56/><G56/><T28/><REACH who="0" step="1"/><D63/><REACH who="0" ten="340,160,250,220" step="2"/><U67/><E11/><N who="2" m="6623" /><F127/><W84/><G120/><T87/><D87/><U104/><E8/><V100/><F100/><W35/><G84/><T31/><D31/><U27/><REACH who="1" step="1"/><E67/><AGARI ba="3,3" hai="23,24,28,32,33,44,50,52,57,60,67,73,76,80" machi="67" ten="30,12000,1" yaku="1,1,7,1,52,1,54,1,53,1" doraHai="18" doraHaiUra="43" who="0" fromWho="1" sc="340,159,160,-129,250,0,220,0" /><INIT seed="0,4,0,0,3,78" ten="499,31,250,220" oya="0" hai0="52,134,119,56,126,131,2,21,125,135,70,128,22" hai1="45,20,105,90,81,121,111,114,1,63,7,28,94" hai2="38,64,10,16,49,61,68,122,5,40,18,32,129" hai3="80,42,33,113,23,107,0,108,101,79,76,9,75"/><T47/><D2/><U66/><E121/><V19/><F122/><W127/><G33/><T96/><D70/><U6/><E105/><V120/><F120/><W37/><G113/><T100/><D47/><U86/><E114/><V83/><F38/><W88/><G108/><T110/><D119/><U82/><E111/><V65/><F32/><W133/><G23/><N who="0" m="8715" /><D96/><U73/><E73/><V13/><F129/><N who="0" m="49738" /><D100/><U99/><E99/><V72/><F64/><W14/><G79/><T74/><D74/><U132/><E132/><N who="0" m="50729" /><D110/><U60/><E1/><V26/><F72/><W54/><G0/><T58/><D52/><U15/><E45/><V115/><F68/><W87/><G54/><T48/><D48/><U35/><E35/><V31/><F49/><W39/><G101/><T97/><D97/><U67/><E67/><V130/><F115/><W123/><G75/><T84/><D84/><U50/><E50/><V59/><F130/><W85/><G87/><T17/><D17/><U51/><E51/><V95/><F19/><W36/><G85/><T41/><D41/><U117/><E117/><V3/><F18/><W106/><G42/><T11/><D11/><N who="1" m="4599" /><E7/><V69/><F40/><W98/><G37/><T30/><D30/><U57/><E63/><V89/><F69/><W34/><G39/><T124/><AGARI ba="4,0" hai="56,58,124,125,126" m="50729,49738,8715" machi="124" ten="40,48000,5" yakuman="39" doraHai="78" who="0" fromWho="0" sc="499,492,31,-164,250,-164,220,-164" owari="991,108.0,-133,-63.0,86,-11.0,56,-34.0" /></mjloggm>