<mjloggm ver="2.3"><GO type="169" lobby="0"/><UN n0="%E3%82%A4%E3%83%B3%E3%83%87%E3%82%A3%E3%82%B4%E3%83%96%E3%83%AB%E3%83%BC" n1="%E3%81%AF%E3%81%BF%E3%82%82%E3%82%93" n2="%E4%BA%8C%E3%81%93%E4%BA%8C%E3%81%93" n3="%E8%88%9E%E8%8C%B8" dan="16,18,16,18" rate="2156.95,2155.36,2069.45,2189.31" sx="M,M,M,M"/><TAIKYOKU oya="0"/><INIT seed="0,0,0,3,3,40" ten="250,250,250,250" oya="0" hai0="1,50,58,31,98,124,109,20,112,128,110,15,113" hai1="68,134,10,70,81,6,131,133,135,75,62,129,47" hai2="61,2,79,106,97,64,27,42,0,9,19,7,67" hai3="54,123,108,126,73,59,4,76,17,21,96,29,107"/><T127/><D98/><U24/><E24/><V60/><F79/><W38/><G108/><N who="0" m="41579" /><D58/><U86/><E75/><V83/><F83/><W46/><G96/><T44/><D1/><U119/><E119/><V30/><F19/><W95/><G107/><T18/><D31/><U99/><E99/><V16/><F16/><W33/><G59/><T49/><D49/><U12/><E47/><V22/><F42/><W115/><G46/><T80/><D80/><U11/><E11/><V26/><F26/><W130/><G33/><T55/><D128/><N who="1" m="49227" /><E62/><V35/><F22/><W125/><G29/><T45/><D45/><U88/><AGARI ba="0,0" hai="6,10,12,68,70,81,86,88,133,134,135" m="49227" machi="88" ten="40,5200,0" yaku="20,1,19,1,54,1" doraHai="40" who="1" fromWho="1" sc="250,-26,250,52,250,-13,250,-13" /><INIT seed="1,0,0,1,0,26" ten="224,302,237,237" oya="1" hai0="34,80,9,68,49,61,60,69,97,40,91,0,101" hai1="79,65,6,1,125,82,106,25,29,31,8,76,51" hai2="109,117,64,35,46,126,58,88,105,24,4,12,96" hai3="86,7,75,43,132,21,116,102,78,28,45,98,73"/><U100/><E125/><V128/><F126/><W93/><G132/><T52/><D40/><U55/><E65/><V127/><F117/><W66/><G116/><T112/><D112/><U22/><E106/><V62/><F109/><W38/><G7/><T124/><D34/><U17/><E100/><V32/><F128/><W122/><G122/><T56/><D124/><U92/><E92/><V39/><F127/><W37/><G37/><T133/><D133/><U2/><E2/><V20/><F39/><W50/><G38/><T30/><D30/><U13/><E1/><V16/><F46/><W81/><REACH who="3" step="1"/><G66/><REACH who="3" ten="224,302,237,227" step="2"/><T120/><D120/><U27/><E27/><AGARI ba="0,1" hai="21,27,28,43,45,50,73,75,78,81,86,93,98,102" machi="27" ten="40,8000,1" yaku="1,1,2,1,52,1,53,1" doraHai="26" doraHaiUra="47" who="3" fromWho="1" sc="224,0,302,-80,237,0,227,90" /><INIT seed="2,0,0,4,0,102" ten="224,222,237,317" oya="2" hai0="25,2,65,128,33,0,130,86,107,3,44,12,6" hai1="135,36,32,127,106,90,68,63,13,50,72,79,75" hai2="117,27,105,131,112,70,48,60,57,14,89,123,125" hai3="37,56,58,118,26,54,35,109,9,95,42,40,46"/><V94/><F112/><W31/><G118/><T34/><D65/><U96/><E36/><V1/><F1/><W24/><G109/><T88/><D44/><U39/><E39/><V91/><F117/><W66/><G42/><T110/><D110/><U116/><E32/><V119/><F119/><W51/><G9/><N who="0" m="4151" /><D25/><U98/><E68/><V23/><F131/><N who="0" m="50218" /><D107/><U29/><E106/><V108/><F108/><W111/><G111/><T83/><AGARI ba="0,0" hai="0,2,3,33,34,83,86,88" m="50218,4151" machi="83" ten="40,2700,0" yaku="19,1,54,1" doraHai="102" who="0" fromWho="0" sc="224,27,222,-7,237,-13,317,-7" /><INIT seed="3,0,0,0,3,49" ten="251,215,224,310" oya="3" hai0="50,109,26,92,117,79,22,67,10,40,122,101,68" hai1="106,65,28,35,135,103,55,73,84,115,42,15,21" hai2="131,95,0,14,6,90,41,27,38,104,105,59,96" hai3="48,107,31,85,32,16,47,8,99,88,120,4,116"/><W93/><G116/><T57/><D109/><U62/><E73/><V44/><F131/><W97/><G120/><T25/><D117/><U81/><E115/><V2/><F27/><W118/><G118/><T7/><D122/><U33/><E42/><V45/><F45/><W121/><G121/><T61/><D79/><U70/><E135/><V128/><F128/><W17/><G107/><T129/><D129/><U30/><E103/><V29/><F29/><W100/><G32/><T83/><D83/><U13/><E106/><V66/><F14/><N who="3" m="5383" /><G31/><T63/><D22/><U114/><E114/><V64/><F64/><W20/><G100/><T58/><D68/><U19/><E30/><V39/><F39/><W89/><G89/><T86/><D101/><U3/><E3/><V102/><F6/><W94/><G94/><T112/><D10/><U43/><E43/><V9/><F9/><W23/><G23/><T74/><D7/><U53/><E15/><V78/><F78/><W75/><G75/><T36/><D74/><U52/><REACH who="1" step="1"/><E28/><REACH who="1" ten="251,205,224,310" step="2"/><V108/><F105/><W124/><G124/><T37/><D112/><U91/><AGARI ba="0,1" hai="13,19,21,33,35,52,53,55,62,65,70,81,84,91" machi="91" ten="30,16000,3" yaku="1,1,2,1,0,1,52,3,54,1,53,1" doraHai="49" doraHaiUra="80" who="1" fromWho="1" sc="251,-40,205,170,224,-40,310,-80" /><INIT seed="4,0,0,0,2,79" ten="211,375,184,230" oya="0" hai0="95,63,8,120,107,15,86,24,93,18,99,124,47" hai1="13,3,121,84,129,55,23,135,33,116,2,62,56" hai2="42,34,101,60,48,133,90,108,43,113,89,0,67" hai3="105,73,72,76,74,39,12,4,53,51,31,103,65"/><T58/><D120/><U77/><E33/><V17/><F108/><W132/><G39/><T52/><D124/><U96/><E116/><V111/><F111/><W22/><G132/><T104/><D47/><U5/><E121/><V110/><F110/><W10/><G65/><T134/><D134/><U64/><E129/><V80/><F133/><W38/><G38/><T98/><D86/><U57/><E3/><V87/><F113/><W127/><G127/><T81/><D81/><U50/><E2/><V25/><F0/><W29/><G76/><T114/><D114/><U128/><E128/><V27/><F101/><W11/><G22/><T123/><D123/><U59/><E96/><V82/><F34/><W40/><G40/><T7/><D104/><U78/><E135/><V14/><F43/><W44/><G11/><T97/><D107/><U66/><E84/><N who="2" m="50311" /><F48/><W36/><G36/><T30/><REACH who="0" step="1"/><D7/><REACH who="0" ten="201,375,184,230" step="2"/><U102/><E5/><V83/><F83/><W117/><G117/><T85/><D85/><U28/><E78/><V126/><F126/><W112/><G112/><T100/><D100/><U69/><E102/><V61/><F42/><W46/><G44/><T6/><D6/><U9/><E77/><V109/><F109/><W45/><G46/><T21/><AGARI ba="0,1" hai="8,15,18,21,24,30,52,58,63,93,95,97,98,99" machi="21" ten="30,12000,1" yaku="1,1,0,1,8,1,54,1,53,1" doraHai="79" doraHaiUra="20" who="0" fromWho="0" sc="201,130,375,-40,184,-40,230,-40" /><INIT seed="4,1,0,3,3,41" ten="331,335,144,190" oya="0" hai0="20,16,71,113,130,88,87,5,43,66,50,80,86" hai1="45,36,116,95,52,92,78,73,117,115,105,132,93" hai2="11,123,33,24,21,32,2,118,37,119,28,8,18" hai3="19,79,3,75,89,63,109,23,121,77,30,54,111"/><T9/><D113/><U84/><E105/><V131/><F37/><W97/><G3/><T104/><D104/><U14/><E73/><V135/><F123/><W0/><G0/><T68/><D66/><U22/><E115/><V70/><F70/><W125/><G125/><T122/><D130/><U29/><E132/><V85/><F85/><W108/><G30/><T31/><D31/><U34/><E34/><V1/><F131/><W6/><G6/><T59/><D122/><U26/><E117/><N who="2" m="44555" /><F135/><W25/><G75/><T101/><D101/><U96/><E116/><V129/><F129/><W94/><G121/><T134/><D86/><U65/><E65/><V81/><F81/><W27/><REACH who="3" step="1"/><G25/><REACH who="3" ten="331,335,144,180" step="2"/><T107/><D5/><U114/><E114/><V110/><F110/><W39/><G39/><T61/><D134/><U82/><E36/><V91/><F2/><W69/><G69/><T58/><D68/><U56/><E14/><N who="2" m="9431" /><F1/><W64/><G64/><T42/><D71/><U106/><E26/><V49/><F24/><W126/><G126/><T72/><D72/><U100/><E29/><V103/><F28/><W7/><G7/><T112/><D112/><U38/><E38/><V13/><F13/><W76/><G76/><T98/><D16/><U47/><REACH who="1" step="1"/><E22/><REACH who="1" ten="331,325,144,180" step="2"/><V44/><F32/><W15/><G15/><T12/><D20/><U35/><E35/><V102/><F33/><W90/><G90/><T53/><D12/><U48/><AGARI ba="1,2" hai="45,47,48,52,56,78,82,84,92,93,95,96,100,106" machi="48" ten="30,12000,2" yaku="1,1,0,1,52,2,54,1,53,2" doraHai="41" doraHaiUra="40" who="1" fromWho="1" sc="331,-61,325,143,144,-31,180,-31" /><INIT seed="5,0,0,2,3,122" ten="270,468,113,149" oya="1" hai0="132,37,92,126,110,100,11,105,101,8,71,99,5" hai1="127,14,88,19,75,72,66,39,113,9,50,97,80" hai2="1,12,20,73,74,94,45,107,40,134,25,15,63" hai3="87,104,58,48,114,41,65,6,34,24,49,103,76"/><U116/><E39/><V4/><F107/><W53/><G114/><T44/><D110/><U90/><E116/><V10/><F134/><W17/><G6/><T93/><D71/><U120/><E120/><V23/><F63/><W117/><G117/><T119/><D119/><U95/><E127/><V55/><F55/><W38/><G65/><T28/><D132/><U22/><E113/><V43/><F43/><W51/><G104/><T108/><D108/><U7/><E66/><V21/><F94/><W47/><G103/><T3/><D28/><U131/><E131/><V124/><F124/><W96/><G96/><T33/><D33/><U98/><E50/><V123/><F123/><W128/><G128/><T26/><D26/><U85/><REACH who="1" step="1"/><E98/><REACH who="1" ten="270,458,113,149" step="2"/><V30/><F74/><W91/><G49/><T46/><D37/><U106/><E106/><V77/><F73/><W27/><G38/><T16/><D105/><U42/><E42/><V82/><F40/><W130/><G51/><T64/><D64/><U133/><E133/><V52/><F52/><W86/><G130/><T36/><D36/><U67/><E67/><V79/><F30/><W54/><G54/><T61/><D61/><U57/><E57/><V31/><F45/><W60/><G41/><T62/><D62/><U102/><E102/><V78/><REACH who="2" step="1"/><F82/><REACH who="2" ten="270,458,103,149" step="2"/><W83/><G47/><T32/><D126/><U125/><E125/><V35/><AGARI ba="0,2" hai="1,4,10,12,15,20,21,23,25,31,35,77,78,79" machi="35" ten="30,7900,0" yaku="1,1,2,1,0,1,53,1" doraHai="122" doraHaiUra="0" who="2" fromWho="2" sc="270,-20,458,-39,103,99,149,-20" /><INIT seed="6,0,0,4,2,128" ten="250,419,202,129" oya="2" hai0="18,17,46,62,59,67,122,86,70,63,102,57,68" hai1="15,19,92,32,89,39,72,99,113,71,65,127,43" hai2="47,69,2,126,30,16,13,41,52,37,105,115,66" hai3="14,114,23,48,132,130,50,112,25,103,81,20,4"/><V38/><F2/><W55/><G130/><T31/><D122/><U73/><E32/><V34/><F105/><W28/><G103/><T22/><D102/><U110/><E110/><V134/><F115/><N who="3" m="44075" /><G81/><T95/><D46/><U118/><E118/><V9/><F126/><W135/><G50/><T29/><D70/><U84/><E127/><V10/><F10/><N who="3" m="4423" /><G20/><T77/><D95/><U131/><E92/><V121/><F121/><W98/><G98/><T64/><D22/><U42/><E131/><V26/><F52/><W116/><G116/><T90/><D68/><U0/><E71/><V80/><F80/><W123/><G123/><T27/><D77/><U97/><E113/><V83/><F83/><W60/><G60/><T76/><D76/><U6/><E73/><V91/><F91/><W79/><G79/><T74/><D74/><U12/><E72/><V3/><F66/><W61/><G61/><T75/><D75/><U88/><E65/><V36/><F69/><W58/><AGARI ba="0,0" hai="23,25,28,48,55,58,132,135" m="4423,44075" machi="58" ten="30,7900,0" yaku="15,1,11,1,52,2" doraHai="128" who="3" fromWho="3" sc="250,-20,419,-20,202,-39,129,79" /><INIT seed="7,0,0,0,4,51" ten="230,399,163,208" oya="3" hai0="106,13,25,102,0,119,10,63,48,112,114,128,35" hai1="24,122,53,18,121,59,108,96,64,130,79,109,60" hai2="78,8,101,115,89,75,45,68,118,103,95,126,28" hai3="99,14,44,71,34,67,42,110,116,23,82,74,55"/><W5/><G116/><T6/><D119/><U81/><E96/><V92/><F118/><W22/><G34/><T107/><D128/><U98/><E130/><V70/><F115/><N who="0" m="44074" /><D102/><U56/><E98/><V47/><F8/><W32/><G32/><T46/><D63/><U125/><E125/><V124/><F89/><W16/><G99/><T7/><D7/><U73/><E109/><V76/><REACH who="2" step="1"/><F28/><REACH who="2" ten="230,399,153,208" step="2"/><W84/><G5/><T15/><D10/><U36/><E108/><V61/><F61/><W100/><G100/><T111/><D6/><U12/><E36/><V123/><F123/><W120/><G120/><T41/><D111/><U90/><E90/><V54/><F54/><W105/><G55/><T27/><D0/><U87/><E24/><N who="0" m="9289" /><D35/><U129/><E129/><V65/><F65/><W2/><G67/><T66/><D66/><U133/><E60/><V3/><F3/><W26/><G2/><T20/><D20/><U49/><E64/><V21/><F21/><W80/><G110/><T19/><D19/><U83/><E18/><V85/><F85/><W117/><G84/><T113/><D113/><U58/><E87/><V17/><F17/><W39/><G117/><T1/><D1/><U37/><E121/><V77/><F77/><W50/><G22/><T86/><D86/><U135/><E122/><V40/><F40/><W4/><G42/><T94/><D15/><U134/><E12/><V9/><F9/><W91/><G14/><T69/><D13/><U38/><E79/><V62/><F62/><W57/><G23/><T33/><D33/><U29/><E29/><RYUUKYOKU ba="0,1" sc="230,-10,399,-10,153,30,208,-10" hai2="45,47,68,70,75,76,78,92,95,101,103,124,126" owari="220,2.0,399,50.0,183,-32.0,198,-20.0" /></mjloggm>