<mjloggm ver="2.3"><GO type="225" lobby="0"/><UN n0="%E3%81%93%E3%81%84%E3%82%8F%E3%81%84%E3%82%88%E3%81%A4%E3%81%B0" n1="%E3%83%B4%E3%83%A0%EF%BC%99%E3%81%A6" n2="%E4%BF%BA%E3%81%A8%E5%A6%96%E5%A4%A2" n3="%6E%61%6F%6B%69%33%39" dan="18,17,16,17" rate="2241.51,2186.40,2118.12,2192.24" sx="M,M,F,M"/><TAIKYOKU oya="0"/><INIT seed="0,0,0,3,2,71" ten="250,250,250,250" oya="0" hai0="0,18,36,114,126,83,62,45,77,64,55,88,34" hai1="4,52,19,103,115,8,104,76,113,118,70,50,107" hai2="101,98,123,1,3,40,130,60,9,13,91,122,11" hai3="49,94,133,56,102,59,12,135,73,87,124,89,65"/><T31/><D114/><N who="1" m="43531" /><E118/><V66/><F130/><W46/><G73/><T35/><D126/><U106/><E70/><V26/><F40/><W92/><G65/><T57/><D0/><N who="1" m="7" /><E76/><V95/><F26/><W131/><G131/><T39/><D18/><U72/><E72/><V14/><F91/><W96/><G124/><T69/><D88/><U119/><E119/><V74/><F74/><W51/><G12/><T120/><D120/><U29/><E29/><V90/><F90/><W6/><G6/><T128/><D128/><U97/><E19/><V82/><F13/><W86/><G86/><T10/><D10/><U15/><E15/><V79/><F11/><W108/><G51/><T48/><D69/><U42/><E42/><V28/><F28/><W37/><G49/><T23/><D23/><U30/><E30/><V41/><F41/><W78/><G78/><T127/><D127/><U84/><E84/><N who="2" m="48223" /><F122/><W68/><G68/><T17/><D17/><U121/><E121/><V27/><F27/><W53/><G87/><T25/><D35/><U32/><E32/><V5/><F123/><W24/><G24/><T2/><D2/><U132/><E132/><V111/><F3/><W81/><G135/><T63/><D63/><U112/><N who="1" m="43539" /><U33/><DORA hai="47" /><E33/><V61/><F61/><W21/><G133/><T20/><D34/><U109/><E109/><V58/><F111/><W80/><G108/><T110/><D110/><U105/><E105/><V54/><F1/><W7/><G7/><T85/><AGARI ba="0,0" hai="20,25,31,36,39,45,48,55,57,62,64,77,83,85" machi="85" ten="20,12000,1" yaku="0,1,7,1,52,3" doraHai="71,47" who="0" fromWho="0" sc="250,120,250,-40,250,-40,250,-40" /><INIT seed="0,1,0,2,0,116" ten="370,210,210,210" oya="0" hai0="93,21,56,108,54,133,3,70,126,102,53,8,130" hai1="63,111,66,59,32,34,81,36,72,134,78,76,10" hai2="122,4,31,57,20,5,45,88,103,114,30,17,75" hai3="104,127,41,24,110,69,71,65,105,42,28,82,106"/><T80/><D70/><U74/><E36/><V79/><F114/><W129/><G110/><T84/><D133/><U128/><E111/><V132/><F132/><W58/><G129/><T99/><D108/><U1/><E134/><V135/><F135/><W25/><G127/><T92/><D126/><U12/><E1/><V101/><F45/><W87/><G58/><T117/><D117/><U50/><E128/><V97/><F75/><W6/><G6/><N who="2" m="2665" /><F122/><W96/><G96/><T77/><D130/><U37/><E37/><V100/><F79/><W18/><G18/><T91/><D3/><U40/><E40/><V19/><F57/><W120/><G120/><T35/><D35/><U9/><E50/><V60/><F60/><W38/><G25/><T62/><D8/><U52/><E66/><V0/><F0/><W90/><G65/><N who="0" m="39111" /><D21/><U64/><E64/><V33/><F33/><W23/><REACH who="3" step="1"/><G38/><REACH who="3" ten="370,210,210,200" step="2"/><T94/><D99/><U86/><E9/><V125/><F125/><W67/><G67/><T119/><D119/><U112/><E112/><V46/><F46/><W68/><AGARI ba="1,1" hai="23,24,28,41,42,68,69,71,82,87,90,104,105,106" machi="68" ten="40,2700,0" yaku="1,1,0,1,53,0" doraHai="116" doraHaiUra="7" who="3" fromWho="3" sc="370,-14,210,-8,210,-8,200,40" /><INIT seed="1,0,0,1,0,17" ten="356,202,202,240" oya="1" hai0="64,123,36,66,88,23,29,24,43,35,68,28,89" hai1="93,38,13,95,79,83,97,61,3,11,67,42,111" hai2="69,52,20,57,132,100,34,39,33,62,44,84,102" hai3="113,115,86,4,81,56,114,77,106,94,59,110,45"/><U124/><E124/><V125/><F125/><W96/><G106/><T116/><D116/><U75/><E111/><V121/><F121/><W8/><G45/><T90/><D68/><U53/><E53/><V32/><F132/><W19/><G19/><T9/><D123/><U80/><E80/><V101/><F69/><W49/><G49/><T47/><D9/><U7/><E13/><V73/><F73/><W126/><G110/><T128/><D128/><U117/><E117/><V37/><F84/><W99/><G126/><T12/><D12/><U131/><E131/><V14/><F44/><W82/><G82/><T107/><D107/><U105/><E105/><V104/><F104/><W130/><G130/><T71/><D71/><U127/><E127/><V48/><F48/><W50/><G50/><T16/><REACH who="0" step="1"/><D35/><REACH who="0" ten="346,202,202,240" step="2"/><U18/><E11/><V133/><F133/><W22/><G8/><T92/><D92/><U21/><E95/><V119/><F119/><W120/><G94/><T63/><D63/><U5/><E93/><V25/><REACH who="2" step="1"/><F14/><REACH who="2" ten="346,202,192,240" step="2"/><W10/><G120/><T118/><D118/><U72/><E97/><V74/><F74/><W98/><G98/><T46/><D46/><U27/><E72/><V58/><F58/><W109/><G99/><T65/><AGARI ba="0,2" hai="16,23,24,28,29,36,43,47,64,65,66,88,89,90" machi="65" ten="30,8000,1" yaku="1,1,0,1,52,1,54,2,53,0" doraHai="17" doraHaiUra="112" who="0" fromWho="0" sc="346,100,202,-40,192,-20,240,-20" /><INIT seed="2,0,0,3,3,116" ten="446,162,172,220" oya="2" hai0="73,43,24,67,82,74,17,79,109,123,26,134,80" hai1="71,128,23,115,91,100,20,122,63,51,106,127,94" hai2="62,64,46,60,29,129,68,27,2,9,84,13,57" hai3="53,59,125,102,107,3,99,98,50,31,117,85,44"/><V41/><F2/><W49/><G117/><T75/><D123/><U92/><E115/><V111/><F129/><W34/><G3/><T11/><D109/><U56/><E128/><V93/><F111/><W131/><G131/><T18/><D134/><U90/><E106/><V0/><F0/><W96/><G125/><T32/><D67/><N who="1" m="39399" /><E71/><V124/><F124/><W39/><G39/><T45/><D11/><U118/><E118/><V19/><F93/><N who="1" m="35945" /><E127/><V132/><F132/><W72/><G72/><T61/><D18/><U40/><E100/><V88/><F62/><W4/><G4/><T130/><D26/><U6/><E6/><V5/><F5/><W47/><G85/><T105/><D45/><N who="1" m="26023" /><E122/><V95/><F68/><W12/><G59/><T16/><D79/><U37/><E37/><V76/><F76/><W104/><G104/><T22/><D22/><AGARI ba="0,0" hai="20,22,23,90,91" m="26023,35945,39399" machi="22" ten="30,1000,0" yaku="8,1" doraHai="116" who="1" fromWho="0" sc="446,-10,162,10,172,0,220,0" /><INIT seed="3,0,0,4,0,7" ten="436,172,172,220" oya="3" hai0="8,19,92,2,53,26,111,22,135,117,84,51,52" hai1="122,39,115,126,37,90,89,44,77,96,70,130,16" hai2="132,11,91,75,49,123,62,107,72,61,4,129,23" hai3="69,50,14,120,1,20,57,10,45,43,88,98,41"/><W38/><G69/><T83/><D117/><U46/><E122/><V48/><F107/><W55/><G120/><T82/><D111/><U64/><E115/><V9/><F123/><W21/><G1/><T36/><D36/><U106/><E77/><V102/><F102/><W127/><G127/><T65/><D135/><U125/><E37/><V81/><F132/><W99/><G41/><T86/><D65/><U28/><E28/><V3/><F3/><W54/><G54/><T118/><D118/><U24/><E130/><V67/><F129/><W6/><REACH who="3" step="1"/><G98/><REACH who="3" ten="436,172,172,210" step="2"/><T109/><D53/><U95/><E70/><V58/><F67/><W5/><G5/><T119/><D119/><U73/><E64/><V0/><F4/><W116/><G116/><T76/><D2/><U56/><E126/><V13/><F0/><W66/><G66/><T79/><D52/><U59/><E96/><V134/><F134/><W40/><G40/><T42/><D42/><U80/><E125/><V114/><F114/><W101/><G101/><T94/><D109/><U105/><E39/><V71/><F71/><W131/><G131/><T31/><D51/><U68/><E68/><V128/><F128/><W108/><G108/><T35/><D84/><U29/><E44/><V32/><F49/><W27/><G27/><T85/><D85/><U93/><E46/><V100/><F48/><W63/><G63/><T74/><D86/><U47/><E47/><V124/><F124/><W113/><G113/><T33/><D26/><U110/><E110/><V12/><F62/><W112/><G112/><T18/><D74/><RYUUKYOKU ba="0,1" sc="436,-10,172,-10,172,-10,210,30" hai3="6,10,14,20,21,38,43,45,50,55,57,88,99" /><INIT seed="3,1,1,2,0,118" ten="426,162,162,240" oya="3" hai0="59,27,2,130,128,35,67,99,124,12,61,104,5" hai1="93,11,68,54,16,57,85,33,111,134,30,10,31" hai2="117,97,88,77,79,23,74,6,102,62,106,46,81" hai3="84,107,47,95,126,20,63,86,15,112,72,29,45"/><W21/><G72/><T50/><D2/><U120/><E120/><V129/><F117/><W101/><G107/><T123/><D123/><U44/><E68/><V24/><F129/><N who="0" m="49770" /><D124/><U53/><E33/><V87/><F6/><W131/><G112/><T7/><D12/><N who="1" m="7191" /><E111/><V70/><F46/><W121/><G121/><T25/><D50/><N who="1" m="28871" /><E134/><V90/><F90/><W9/><G126/><T13/><D13/><U113/><E11/><V94/><F77/><W56/><G131/><T98/><D98/><U60/><E113/><V132/><F132/><W43/><G47/><T49/><D49/><U122/><E122/><V42/><F42/><W114/><G114/><T36/><D36/><U73/><E73/><V116/><F116/><W115/><G115/><T41/><D41/><U78/><E78/><V51/><F51/><W119/><G119/><T76/><D76/><U22/><E22/><V64/><F23/><W37/><G20/><T108/><D108/><U14/><E14/><V133/><F133/><W96/><G21/><T52/><D67/><U8/><E8/><V103/><F103/><W34/><G34/><T83/><D83/><U32/><E32/><V55/><F55/><W75/><G75/><T66/><D66/><U0/><E0/><V125/><F125/><W3/><G3/><T40/><D40/><U19/><E19/><V127/><F127/><W48/><G37/><T69/><D27/><AGARI ba="1,1" hai="24,27,62,64,70,74,79,81,87,88,94,97,102,106" machi="27" ten="40,5200,0" yaku="24,2,54,1" doraHai="118" who="2" fromWho="0" sc="426,-55,162,0,162,65,240,0" owari="371,47.0,162,-34.0,227,-17.0,240,4.0" /></mjloggm>