<mjloggm ver="2.3"><GO type="185" lobby="0"/><UN n0="%70%6F%6E%5F%6B%61%73%75" n1="%E3%81%BA%E3%82%93%E3%81%8E%E3%82%93%E3%81%95%E3%82%93" n2="%E3%82%A2%E3%83%95%E3%83%AA%E3%82%AB" n3="" dan="16,16,16,0" rate="2173.87,2100.21,2212.00,1500.00" sx="M,F,M,C"/><TAIKYOKU oya="0"/><INIT seed="0,0,0,4,0,105" ten="350,350,350,0" oya="0" hai0="57,51,118,32,75,128,53,85,102,67,44,123,115" hai1="35,82,119,50,38,113,59,62,94,2,106,100,124" hai2="81,132,93,64,126,43,86,99,65,104,1,37,111" hai3=""/><T90/><N who="0" m="31520" /><T95/><D115/><U69/><E119/><V77/><F1/><T125/><D118/><U39/><E113/><V47/><F132/><T56/><D32/><U84/><E124/><V130/><F126/><T80/><D125/><U103/><E69/><V133/><F133/><T41/><D128/><U72/><E35/><V61/><F111/><T73/><D67/><U40/><E2/><V45/><F104/><T58/><REACH who="0" step="1"/><D53/><REACH who="0" ten="340,350,350,0" step="2"/><U34/><E34/><V121/><N who="2" m="31008" /><V131/><F65/><T70/><D70/><U63/><E39/><V88/><REACH who="2" step="1"/><F47/><REACH who="2" ten="340,350,340,0" step="2"/><T52/><D52/><U135/><E135/><V117/><F117/><T116/><D116/><U97/><E40/><V0/><F0/><T91/><D91/><U74/><E38/><V92/><F92/><T109/><D109/><U60/><E94/><V107/><F107/><T71/><D71/><AGARI ba="0,2" hai="37,43,45,61,64,71,77,81,86,88,93,99,130,131" m="31008" machi="71" ten="40,5200,0" yaku="1,1,52,1,54,1,53,0" doraHai="105" doraHaiUra="55" who="2" fromWho="0" sc="340,-52,350,0,340,72,0,0" /><INIT seed="1,0,0,4,4,62" ten="288,350,412,0" oya="1" hai0="51,97,71,133,35,79,50,44,132,82,72,85,104" hai1="77,38,40,98,126,45,32,1,76,127,66,95,135" hai2="130,81,75,100,36,65,129,101,49,3,42,41,110" hai3=""/><U114/><E32/><V91/><F3/><T61/><D35/><U94/><E1/><V90/><F36/><T83/><D104/><U117/><E117/><V78/><F110/><T43/><D97/><U48/><E114/><V107/><F107/><T74/><D51/><U39/><E135/><N who="0" m="51785" /><D83/><U92/><E98/><V55/><F81/><T111/><D111/><U64/><E39/><V46/><F49/><T116/><D116/><U34/><E34/><V67/><F75/><T58/><D71/><U47/><E77/><V112/><F78/><T113/><D113/><U84/><E84/><V108/><F108/><T96/><D96/><U128/><E128/><V57/><F112/><T33/><D33/><U60/><E76/><V2/><F2/><T99/><D99/><U118/><E118/><V103/><F103/><T59/><D59/><U86/><E86/><V70/><F57/><T93/><D93/><U119/><E119/><V87/><F87/><T124/><D124/><N who="1" m="47659" /><E60/><V109/><F109/><T88/><D79/><U69/><E69/><V102/><F102/><T73/><D73/><U122/><N who="1" m="31264" /><U120/><N who="1" m="30752" /><U121/><N who="1" m="31008" /><U125/><N who="1" m="47667" /><U123/><N who="1" m="31520" /><DORA hai="131" /><U37/><E37/><V80/><F70/><RYUUKYOKU ba="0,0" sc="288,10,350,10,412,-20,0,0" hai0="43,44,50,58,61,72,74,82,85,88" hai1="38,40,45,47,48,64,66,92,94,95" /><INIT seed="1,1,0,5,4,41" ten="298,360,392,0" oya="1" hai0="108,131,48,81,94,60,44,96,42,133,33,70,86" hai1="110,92,43,63,75,106,78,1,65,127,40,112,114" hai2="84,35,132,88,74,49,122,121,2,134,126,100,53" hai3=""/><U125/><E1/><V62/><N who="2" m="31008" /><V52/><N who="2" m="31264" /><V118/><F2/><T32/><D108/><U38/><E106/><V37/><F37/><T71/><D131/><U130/><E130/><V115/><F35/><T51/><D133/><N who="2" m="51306" /><F74/><T55/><D70/><U113/><E110/><V85/><F118/><T56/><D71/><U73/><E92/><V93/><F100/><T109/><D60/><U39/><E78/><V79/><F126/><N who="1" m="48137" /><E75/><V98/><F79/><T66/><D66/><U3/><E73/><V129/><F115/><T91/><REACH who="0" step="1"/><D109/><REACH who="0" ten="288,360,392,0" step="2"/><U101/><E3/><V0/><F0/><T97/><D97/><U111/><E111/><V120/><N who="2" m="30752" /><V54/><F129/><T36/><D36/><N who="1" m="13867" /><E101/><AGARI ba="1,1" hai="32,33,42,44,48,51,55,56,81,86,91,94,96,101" machi="101" ten="30,8000,1" yaku="1,1,7,1,52,1,53,2" doraHai="41" doraHaiUra="47" who="0" fromWho="1" sc="288,92,360,-82,392,0,0,0" /><INIT seed="2,0,0,3,4,111" ten="380,278,392,0" oya="2" hai0="99,70,50,64,39,41,133,55,71,69,90,43,68" hai1="78,2,75,77,134,130,3,44,92,110,96,48,116" hai2="109,126,40,88,85,117,91,129,114,32,135,81,132" hai3=""/><V35/><F117/><T51/><D90/><U66/><E116/><V102/><F109/><T67/><D99/><U131/><E110/><V60/><F102/><T101/><D101/><U56/><E134/><V54/><F40/><N who="0" m="15434" /><D133/><U121/><N who="1" m="31008" /><U84/><E75/><V108/><F108/><T49/><D39/><U105/><E105/><V36/><F36/><T93/><D93/><U45/><E84/><V62/><F85/><T86/><D86/><U103/><E77/><V82/><F132/><T119/><D119/><U42/><E78/><V1/><F135/><T80/><D80/><U94/><E94/><V113/><F1/><T122/><N who="0" m="31264" /><T46/><N who="0" m="17408" /><DORA hai="95" /><T115/><D115/><U58/><E3/><V100/><F100/><T72/><D72/><U53/><E2/><V128/><F32/><T120/><N who="0" m="30752" /><T47/><D55/><U112/><E112/><V107/><F35/><T123/><N who="0" m="31520" /><T125/><D125/><U76/><E76/><V124/><F54/><T38/><D38/><U65/><E92/><V33/><F33/><T52/><D52/><U127/><E96/><V87/><F87/><T59/><D59/><N who="1" m="22571" /><E103/><V79/><F79/><T73/><D73/><U98/><E127/><V118/><F118/><RYUUKYOKU ba="0,0" sc="380,10,278,-20,392,10,0,0" hai0="46,47,49,50,51,64,67" hai2="60,62,81,82,88,91,107,113,114,124,126,128,129" /><INIT seed="2,1,0,5,0,67" ten="390,258,402,0" oya="2" hai0="68,127,58,101,76,61,94,33,133,83,135,35,98" hai1="62,106,87,124,73,63,100,59,89,115,107,43,112" hai2="88,129,65,60,110,113,109,114,79,96,81,42,70" hai3=""/><V104/><F42/><T0/><D127/><U86/><E124/><V80/><F129/><T74/><D0/><U78/><E73/><V2/><F2/><T126/><D126/><U69/><E43/><V119/><F119/><T125/><D125/><U91/><E59/><V132/><F132/><N who="0" m="50762" /><D68/><U64/><E78/><V99/><F99/><T95/><D95/><U85/><E63/><V50/><F50/><T82/><D83/><U103/><E106/><V93/><F80/><T54/><AGARI ba="1,0" hai="33,35,54,58,61,74,76,82,94,98,101" m="50762" machi="54" ten="30,800,0" yaku="20,1" doraHai="67" who="0" fromWho="0" sc="390,10,258,-4,402,-6,0,0" /><INIT seed="4,0,0,5,5,50" ten="400,254,396,0" oya="0" hai0="135,83,45,66,89,79,126,91,63,47,108,128,75" hai1="0,71,119,86,106,87,44,131,101,33,132,111,62" hai2="56,39,97,121,118,98,3,2,130,73,41,34,99" hai3=""/><T115/><D115/><U133/><E101/><V107/><N who="2" m="31008" /><V96/><F34/><T100/><D128/><U53/><E86/><V37/><F130/><T74/><D74/><U112/><E87/><V58/><F73/><T127/><D135/><U103/><E103/><V90/><F118/><T123/><N who="0" m="31520" /><T109/><D100/><U32/><E53/><V77/><F77/><T65/><D65/><U51/><E51/><V49/><F107/><T80/><D45/><U105/><E62/><V88/><F99/><T68/><D47/><U59/><E59/><N who="2" m="22571" /><F49/><T116/><D116/><U122/><E44/><V43/><F39/><T57/><D57/><U104/><E106/><V93/><F93/><T92/><D83/><U52/><E105/><V1/><F37/><T36/><D36/><U76/><E32/><V81/><F81/><T117/><D117/><U55/><E76/><V64/><F64/><T69/><D69/><U85/><E33/><V125/><F125/><N who="0" m="47626" /><D91/><AGARI ba="0,0" hai="1,2,3,41,43,88,90,91,96,97,98" m="22571,31008" machi="91" ten="40,8000,1" yaku="28,2,52,1,54,1" doraHai="50" who="2" fromWho="0" sc="400,-80,254,0,396,80,0,0" /><INIT seed="5,0,0,2,2,109" ten="320,254,476,0" oya="1" hai0="110,55,51,66,83,94,37,97,54,69,40,35,126" hai1="57,86,60,72,75,127,92,76,56,80,99,68,42" hai2="82,84,98,100,129,101,117,71,89,78,49,113,52" hai3=""/><U132/><E132/><V48/><F117/><T106/><D110/><U77/><E127/><V64/><F129/><T112/><D126/><U88/><E42/><V65/><F49/><T70/><D106/><U121/><N who="1" m="31008" /><U41/><E41/><V91/><F113/><T128/><D112/><U120/><N who="1" m="30752" /><U130/><E130/><V1/><F1/><T104/><D128/><U50/><E68/><V47/><F101/><T33/><D104/><U3/><E3/><V39/><F39/><T45/><D55/><U79/><E50/><V0/><F0/><T103/><D83/><U46/><E46/><V122/><N who="2" m="31264" /><V119/><F119/><T134/><D70/><U67/><REACH who="1" step="1"/><E57/><REACH who="1" ten="320,244,476,0" step="2"/><V32/><F71/><T114/><D134/><U87/><E87/><V124/><F124/><T131/><D131/><U85/><E85/><V53/><F84/><T95/><D114/><U133/><E133/><V115/><F115/><T135/><D135/><U63/><E63/><V58/><F58/><T62/><D33/><U74/><AGARI ba="0,1" hai="56,60,67,72,74,75,76,77,79,80,86,88,92,99" m="30752,31008" machi="74" ten="30,8000,1" yaku="1,1,0,1,52,2,54,1,53,0" doraHai="109" doraHaiUra="96" who="1" fromWho="1" sc="320,-40,244,90,476,-40,0,0" /><INIT seed="5,1,0,2,1,64" ten="280,334,436,0" oya="1" hai0="89,32,117,92,93,108,128,79,97,70,95,86,100" hai1="129,123,55,45,88,63,120,0,59,52,1,111,101" hai2="109,66,110,87,34,58,118,50,84,114,112,42,3" hai3=""/><U119/><N who="1" m="30752" /><U39/><N who="1" m="31520" /><U72/><E119/><V40/><F118/><T51/><D32/><U69/><E72/><V35/><F66/><T54/><D117/><U75/><E75/><V80/><F58/><T106/><D108/><U37/><E111/><V77/><F50/><T115/><D115/><U71/><E129/><V107/><F107/><T102/><D128/><U36/><E101/><V61/><F61/><T83/><D102/><U48/><REACH who="1" step="1"/><E88/><REACH who="1" ten="280,324,436,0" step="2"/><V103/><F103/><T43/><D43/><N who="2" m="16426" /><F35/><T85/><REACH who="0" step="1"/><D70/><AGARI ba="1,1" hai="0,1,36,37,39,45,48,52,55,59,63,69,70,71" m="31520,30752" machi="70" ten="50,18000,2" yaku="1,1,52,5,54,1,53,0" doraHai="64" doraHaiUra="132" who="1" fromWho="0" sc="280,-182,324,192,436,0,0,0" /><INIT seed="5,2,0,3,1,72" ten="98,516,436,0" oya="1" hai0="47,41,123,79,58,107,97,45,36,32,1,54,83" hai1="49,73,53,44,85,93,92,40,0,2,81,80,34" hai2="98,88,86,114,43,38,118,94,133,101,42,105,60" hai3=""/><U50/><E34/><V51/><F118/><T61/><N who="0" m="31520" /><T52/><D1/><U78/><E2/><V126/><F133/><T129/><D32/><U103/><E103/><V64/><F126/><T65/><D97/><U106/><E106/><V68/><F114/><T46/><D107/><U135/><E135/><V100/><F38/><T84/><D84/><U89/><REACH who="1" step="1"/><E0/><REACH who="1" ten="98,506,436,0" step="2"/><V33/><F33/><T66/><D129/><U63/><E63/><V67/><F101/><T128/><D128/><U102/><E102/><V71/><F100/><T59/><D83/><U70/><E70/><V131/><F131/><T39/><D79/><U75/><E75/><V99/><F105/><T56/><D41/><U74/><E74/><V116/><F42/><T121/><N who="0" m="31008" /><T96/><D96/><U119/><E119/><V35/><F116/><T3/><D3/><U110/><E110/><V82/><F82/><T125/><D125/><U37/><E37/><N who="0" m="14409" /><D61/><U132/><E132/><V111/><F35/><T127/><D127/><U124/><E124/><V90/><F60/><T57/><N who="0" m="14336" /><DORA hai="95" /><T62/><D62/><U55/><E55/><AGARI ba="2,1" hai="45,46,47,52,54,55,65,66" m="14336,14409,31008,31520" machi="55" ten="50,16000,3" yaku="28,2,35,5,52,2,54,1" doraHai="72,95" who="0" fromWho="1" sc="98,174,506,-164,436,0,0,0" /><INIT seed="6,0,0,0,1,82" ten="272,342,436,0" oya="2" hai0="114,79,130,52,85,81,0,100,54,98,73,103,127" hai1="60,129,40,131,39,57,87,68,72,77,3,111,66" hai2="89,42,34,119,76,37,62,84,106,95,51,92,108" hai3=""/><V102/><F34/><T109/><D109/><U55/><E3/><V53/><F108/><T41/><D0/><U120/><N who="1" m="30752" /><U97/><E72/><V104/><F119/><T115/><D130/><N who="1" m="49675" /><E111/><V101/><F76/><T94/><D127/><U125/><E125/><V124/><F124/><T75/><D41/><U116/><E116/><V58/><F37/><T69/><D69/><U78/><E97/><V38/><F38/><T67/><D67/><U135/><E135/><V96/><F102/><T123/><N who="0" m="31520" /><T1/><D1/><U50/><E87/><V113/><F113/><N who="0" m="43018" /><D103/><U126/><E126/><V88/><F101/><T36/><D36/><U59/><E68/><V86/><F96/><T64/><D64/><U134/><E134/><V133/><F133/><T99/><D99/><U65/><E65/><V107/><F107/><T132/><D132/><U74/><E40/><V118/><F118/><T32/><D32/><U121/><N who="1" m="31008" /><U91/><E39/><V48/><F106/><T46/><D46/><U56/><E59/><V110/><F104/><T49/><D49/><U105/><E105/><V93/><F110/><T117/><D117/><U80/><E57/><V45/><F51/><T2/><D2/><U43/><E50/><RYUUKYOKU ba="0,0" sc="272,10,342,-20,436,10,0,0" hai0="52,54,73,75,79,81,85,94,98,100" hai2="42,45,48,53,58,62,84,86,88,89,92,93,95" owari="282,-32.0,322,-8.0,446,40.0,0,0.0" /></mjloggm>