<mjloggm ver="2.3"><GO type="169" lobby="0"/><UN n0="%E8%91%B5%E3%81%A1%E3%82%83%E3%82%93" n1="%E3%82%82%E3%81%BF%E3%81%95%E3%81%92" n2="%4A%65%74%2E%42" n3="%6B%75%72%69%6D%75" dan="16,16,18,18" rate="2131.25,2110.63,2201.20,2240.73" sx="F,M,M,M"/><TAIKYOKU oya="0"/><INIT seed="0,0,0,1,4,65" ten="250,250,250,250" oya="0" hai0="60,59,62,53,80,118,29,42,8,57,54,91,21" hai1="113,88,43,122,63,67,20,35,51,120,50,7,124" hai2="31,104,45,95,33,13,55,6,58,119,98,114,89" hai3="85,125,48,66,23,107,5,87,94,15,19,108,117"/><T49/><D118/><U27/><E35/><V75/><F114/><W81/><G108/><T135/><D135/><U96/><E124/><V102/><F119/><W126/><G107/><T61/><D8/><U0/><E113/><V74/><F45/><W47/><G117/><T100/><D100/><U68/><E7/><V121/><F121/><W77/><G5/><T3/><D3/><U46/><E51/><V1/><F1/><W76/><G66/><T78/><D91/><U130/><E130/><V56/><F56/><W83/><REACH who="3" step="1"/><G94/><REACH who="3" ten="250,250,250,240" step="2"/><T2/><D2/><U116/><E116/><V133/><F6/><W18/><G18/><T129/><D129/><U72/><E0/><V109/><F109/><W101/><G101/><T110/><D110/><U4/><E4/><V134/><F102/><W131/><G131/><T16/><D29/><U41/><E67/><V11/><F104/><W40/><AGARI ba="0,1" hai="15,19,23,40,47,48,76,77,81,83,85,87,125,126" machi="40" ten="30,7900,0" yaku="1,1,0,1,9,1,53,1" doraHai="65" doraHaiUra="17" who="3" fromWho="3" sc="250,-39,250,-20,250,-20,240,89" /><INIT seed="1,0,0,0,4,116" ten="211,230,230,329" oya="1" hai0="97,126,78,76,75,105,127,27,68,3,92,1,36" hai1="87,60,133,21,23,39,104,19,93,114,130,35,0" hai2="32,33,117,52,46,108,14,28,4,37,77,107,73" hai3="9,90,55,65,59,56,10,43,95,98,7,18,47"/><U109/><E114/><V134/><F117/><W49/><G65/><T53/><D68/><U135/><E35/><V17/><F107/><W42/><G42/><T120/><D36/><U88/><E104/><V24/><F108/><W62/><G56/><T22/><D105/><U34/><E34/><V111/><F111/><W72/><G72/><T6/><D53/><U26/><E109/><V57/><F4/><W63/><G63/><T51/><D51/><U86/><E130/><V16/><F33/><W132/><G132/><N who="1" m="50762" /><E0/><V58/><F58/><W71/><G71/><T122/><D3/><U54/><E39/><V91/><F134/><W5/><G5/><T123/><D1/><U124/><E124/><N who="0" m="47657" /><D75/><U96/><E23/><V79/><F73/><W74/><G74/><T113/><D113/><U25/><E26/><V129/><F129/><W118/><G118/><T115/><D115/><U30/><E30/><V8/><F17/><W103/><G7/><T12/><D6/><U64/><E54/><V102/><F37/><W2/><G2/><T83/><D12/><U13/><E13/><V110/><F110/><W80/><G18/><N who="0" m="12759" /><D83/><U99/><E99/><V20/><F14/><W84/><AGARI ba="0,0" hai="9,10,43,47,49,55,59,62,80,84,90,95,98,103" machi="84" ten="30,2000,0" yaku="0,1,8,1" doraHai="116" who="3" fromWho="3" sc="211,-5,230,-10,230,-5,329,20" /><INIT seed="2,0,0,2,1,47" ten="206,220,225,349" oya="2" hai0="5,38,31,56,17,63,48,83,103,12,95,61,52" hai1="42,78,2,58,135,77,70,121,119,111,50,82,53" hai2="128,4,80,134,86,117,87,96,8,1,69,40,88" hai3="54,25,62,45,72,14,90,129,18,71,116,74,126"/><V66/><F117/><W67/><G129/><T13/><D38/><U9/><E119/><V16/><F128/><W115/><G126/><T30/><D83/><U99/><E70/><V118/><F118/><W108/><G108/><T15/><D5/><U22/><E111/><V102/><F134/><W101/><G101/><T55/><D17/><U107/><E135/><V19/><F40/><W106/><G106/><T51/><D103/><U28/><E42/><V122/><F122/><W33/><G115/><T35/><D95/><U29/><E22/><V24/><F87/><W23/><G90/><T3/><D3/><U37/><E37/><V123/><F123/><W92/><G92/><T60/><D35/><U36/><E36/><V10/><F10/><W34/><G34/><T120/><D120/><U27/><E27/><V6/><F6/><W125/><G125/><T46/><AGARI ba="0,0" hai="12,13,15,30,31,46,48,51,52,55,56,60,61,63" machi="46" ten="30,8000,1" yaku="0,1,8,1,52,2,54,1" doraHai="47" who="0" fromWho="0" sc="206,80,220,-20,225,-40,349,-20" /><INIT seed="3,0,0,0,5,85" ten="286,200,185,329" oya="3" hai0="101,122,79,50,18,105,102,133,1,20,59,106,3" hai1="93,112,82,73,114,120,84,129,37,40,103,128,121" hai2="16,97,28,57,56,34,89,43,6,42,92,71,66" hai3="2,86,36,7,94,25,32,104,8,19,62,23,95"/><W115/><G115/><N who="1" m="44074" /><E40/><N who="2" m="15403" /><F71/><W130/><G36/><T76/><D122/><U61/><E61/><N who="2" m="38191" /><F34/><W12/><G130/><N who="1" m="50282" /><E37/><V78/><F28/><W24/><G104/><T75/><D59/><U14/><E14/><V54/><F78/><W29/><G25/><T63/><D63/><U88/><E103/><V77/><F77/><AGARI ba="0,0" hai="73,77,82,84,88,93,120,121" m="50282,44074" machi="77" ten="30,8000,1" yaku="19,1,34,2,52,1,54,1" doraHai="85" who="1" fromWho="2" sc="286,0,200,80,185,-80,329,0" /><INIT seed="4,0,0,2,0,42" ten="286,280,105,329" oya="0" hai0="104,54,52,49,44,1,68,71,96,119,7,6,40" hai1="99,70,56,23,132,59,77,111,38,30,33,102,9" hai2="51,110,11,86,115,101,112,121,58,16,14,106,66" hai3="98,125,93,117,107,72,35,131,134,62,65,13,95"/><T105/><D119/><U25/><E111/><V36/><F36/><W103/><G117/><T130/><D130/><U94/><E132/><V85/><F110/><W48/><G125/><T80/><D80/><U27/><E70/><V64/><F121/><W123/><G134/><T82/><D82/><U135/><E77/><V124/><F124/><W57/><G72/><T75/><D75/><U87/><E87/><V34/><F34/><W76/><G76/><T133/><D133/><U128/><E128/><V47/><F101/><W32/><G107/><T126/><D126/><U92/><E92/><V55/><F106/><W61/><G95/><T113/><D113/><N who="2" m="43594" /><F58/><W114/><G123/><T129/><D129/><U24/><E38/><V5/><F5/><W90/><G103/><T84/><D84/><AGARI ba="0,0" hai="11,14,16,47,51,55,64,66,84,85,86" m="43594" machi="84" ten="30,3900,0" yaku="15,1,52,1,54,1" doraHai="42" who="2" fromWho="0" sc="286,-39,280,0,105,39,329,0" /><INIT seed="5,0,0,3,5,51" ten="247,280,144,329" oya="1" hai0="128,77,32,96,93,20,27,130,4,40,52,90,112" hai1="57,85,97,54,118,33,68,10,11,99,79,64,25" hai2="107,127,110,17,81,50,1,56,98,120,78,105,101" hai3="63,102,45,60,21,48,42,134,22,61,65,49,73"/><U69/><E118/><V39/><F110/><W0/><G73/><T47/><D32/><U87/><E33/><V119/><F119/><W94/><G0/><T13/><D77/><U104/><E104/><V12/><F127/><W106/><G134/><T34/><D34/><U76/><E57/><V88/><F1/><W44/><G65/><T35/><D35/><U92/><E64/><V91/><F39/><W131/><G131/><T89/><D112/><U30/><E30/><V95/><F120/><W121/><G106/><T108/><D108/><U62/><E62/><V67/><F107/><W133/><G133/><T37/><D13/><U53/><E92/><V109/><F109/><W59/><G59/><T124/><D4/><U16/><E25/><V23/><F105/><W71/><G71/><T2/><D2/><U84/><E85/><V116/><F116/><W58/><G58/><T74/><D74/><U125/><E125/><V70/><F70/><W86/><G121/><T103/><D124/><U46/><E46/><V83/><F83/><W80/><G94/><T111/><D111/><U82/><E82/><V123/><F123/><W14/><G14/><T115/><D115/><U100/><E100/><V3/><F3/><W66/><G102/><T41/><D130/><U117/><E117/><V5/><F5/><W31/><G31/><N who="0" m="17895" /><D128/><U126/><E126/><V6/><F6/><W113/><G113/><T129/><D129/><U15/><E15/><V132/><F132/><W75/><G75/><T24/><D103/><U18/><AGARI ba="0,0" hai="10,11,16,18,53,54,68,69,76,79,84,87,97,99" machi="18" ten="25,18000,2" yaku="0,1,22,2,52,2,54,1" doraHai="51" who="1" fromWho="1" sc="247,-60,280,180,144,-60,329,-60" /><INIT seed="5,1,0,1,1,10" ten="187,460,84,269" oya="1" hai0="20,37,54,9,63,32,24,100,76,85,55,4,43" hai1="111,52,47,29,82,109,3,79,77,0,105,72,57" hai2="34,129,108,81,58,107,64,49,5,42,19,35,95" hai3="23,101,68,103,6,25,80,26,56,117,97,119,131"/><U86/><E105/><V65/><F108/><N who="1" m="41545" /><E29/><V123/><F107/><W132/><G68/><T11/><D32/><U40/><E77/><V128/><F123/><W92/><G6/><T15/><D100/><U8/><E72/><V84/><F95/><W118/><G101/><T73/><D73/><U120/><E120/><V130/><F5/><W78/><G132/><T41/><D37/><N who="1" m="21903" /><E8/><V13/><F35/><W22/><G131/><T93/><D11/><U7/><E7/><V96/><F34/><W12/><G56/><N who="0" m="35223" /><D55/><U90/><E90/><V1/><F58/><W116/><N who="3" m="29696" /><DORA hai="60" /><W39/><G39/><T115/><D115/><U87/><E87/><V135/><F96/><W134/><G134/><T89/><D76/><U36/><E36/><V102/><F102/><W66/><G80/><T17/><AGARI ba="1,0" hai="4,9,15,17,20,24,41,43,85,89,93" m="35223" machi="17" ten="30,2000,0" yaku="8,1,52,1" doraHai="10,60" who="0" fromWho="0" sc="187,23,460,-11,84,-6,269,-6" /><INIT seed="6,0,0,1,3,112" ten="210,449,78,263" oya="2" hai0="66,14,131,121,98,125,22,127,70,96,30,87,65" hai1="45,103,33,110,84,13,51,7,10,83,90,77,35" hai2="3,101,91,64,76,39,26,50,118,21,94,5,29" hai3="108,82,17,106,18,57,59,100,114,40,44,41,130"/><V119/><F39/><W1/><G1/><T104/><D121/><U62/><E110/><V28/><F101/><W109/><G82/><T69/><D131/><U85/><E103/><V74/><F29/><W61/><G100/><T54/><D87/><U102/><E62/><V105/><F105/><W52/><G106/><T60/><D54/><U73/><E102/><V31/><F31/><W80/><G80/><T25/><D14/><U120/><E120/><V128/><F128/><W92/><G92/><T53/><D53/><U123/><E123/><V46/><F64/><W38/><G114/><T134/><D134/><U36/><E36/><V122/><F122/><W81/><G81/><T67/><D104/><U4/><E4/><V115/><F115/><W19/><G130/><T55/><D55/><U20/><E20/><V88/><F76/><W97/><G97/><N who="0" m="37483" /><D60/><U117/><E117/><V72/><F5/><W16/><N who="3" m="4096" /><DORA hai="23" /><W42/><REACH who="3" step="1"/><G59/><REACH who="3" ten="210,449,78,253" step="2"/><T93/><D93/><U132/><E83/><V126/><F3/><W24/><G24/><T79/><D79/><U32/><E77/><V78/><F78/><W11/><G11/><T49/><D70/><U107/><E10/><V113/><F113/><W135/><G135/><T37/><D69/><U71/><E71/><V99/><F91/><W34/><G34/><T68/><D68/><U58/><E32/><V56/><F56/><W6/><G6/><T63/><D25/><U15/><E33/><V43/><REACH who="2" step="1"/><F126/><REACH who="2" ten="210,449,68,253" step="2"/><N who="0" m="48138" /><D67/><U2/><E107/><V124/><F124/><W129/><G129/><T86/><D66/><U47/><E58/><RYUUKYOKU ba="0,2" sc="210,-15,449,-15,68,15,253,15" hai2="21,26,28,43,46,50,72,74,88,94,99,118,119" hai3="38,40,41,42,44,52,57,61,108,109" /><INIT seed="6,1,2,1,2,36" ten="195,434,83,268" oya="2" hai0="79,33,31,104,59,18,126,101,127,12,103,82,90" hai1="107,46,134,114,55,130,58,37,40,76,10,42,98" hai2="84,113,49,61,48,54,35,69,47,93,28,17,0" hai3="135,77,83,23,95,85,117,41,62,71,5,100,43"/><V53/><F113/><W50/><G117/><T102/><D90/><U123/><E114/><V16/><F0/><W74/><G135/><T6/><D6/><U14/><E134/><V8/><F35/><W109/><G109/><T70/><D70/><U120/><E76/><V92/><F28/><W81/><G5/><T112/><D112/><U118/><E130/><V86/><F69/><W15/><G50/><T78/><D59/><U65/><E65/><V24/><F61/><W125/><G125/><N who="0" m="47627" /><D104/><U133/><E133/><V1/><F1/><W99/><G15/><T20/><D82/><U89/><E118/><V39/><F39/><W3/><G23/><T121/><D121/><N who="1" m="46667" /><E46/><V7/><F7/><W115/><G3/><T128/><D128/><U132/><E37/><V51/><F51/><W75/><G75/><T66/><D66/><U57/><E132/><V110/><F110/><W19/><G19/><N who="2" m="7241" /><F8/><W116/><G116/><T45/><D45/><U131/><E131/><V32/><F24/><AGARI ba="1,2" hai="12,18,20,24,31,33,78,79,101,102,103" m="47627" machi="24" ten="30,1000,0" yaku="18,1" doraHai="36" who="0" fromWho="2" sc="195,33,434,0,83,-13,268,0" /><INIT seed="7,0,0,5,2,109" ten="228,434,70,268" oya="3" hai0="53,133,121,68,130,50,78,95,89,70,25,48,8" hai1="49,107,80,96,61,16,115,39,75,44,105,17,26" hai2="85,84,126,64,5,14,40,32,106,92,102,33,11" hai3="87,47,72,134,4,15,56,46,60,71,67,24,12"/><W22/><G72/><T112/><D121/><U116/><E39/><V81/><F106/><W35/><G35/><T30/><D130/><U122/><E116/><V120/><F120/><W57/><G134/><T36/><D36/><U117/><E61/><V113/><F64/><W101/><G71/><T86/><D133/><U88/><E117/><V63/><F63/><W73/><G73/><T51/><D78/><U7/><E7/><V31/><F40/><W100/><G57/><T114/><D8/><U111/><E111/><V123/><F123/><W10/><G15/><T55/><D68/><U38/><E38/><V99/><F126/><W21/><G21/><N who="0" m="15663" /><D70/><U42/><E105/><V27/><F33/><W131/><G87/><T18/><D18/><U2/><E16/><V103/><F103/><N who="3" m="39499" /><G131/><T129/><D129/><U77/><E75/><V54/><F85/><W91/><G91/><T108/><D108/><U28/><E88/><V124/><F124/><W125/><G125/><T34/><D34/><U45/><E2/><V29/><F29/><AGARI ba="0,0" hai="4,10,12,22,24,29,46,47,56,60,67" m="39499" machi="29" ten="30,1500,0" yaku="8,1" doraHai="109" who="3" fromWho="2" sc="228,0,434,0,70,-15,268,15" /><INIT seed="7,1,0,1,3,39" ten="228,434,55,283" oya="3" hai0="95,113,89,105,75,35,53,46,52,4,30,106,41" hai1="67,78,2,131,21,86,7,24,74,34,28,85,100" hai2="129,126,16,23,0,55,112,94,128,135,71,91,125" hai3="6,59,127,103,33,133,56,1,121,120,40,5,3"/><W60/><G103/><T43/><D75/><U73/><E131/><N who="2" m="50251" /><F71/><W130/><G130/><T114/><D4/><U123/><E100/><V69/><F69/><W99/><G99/><N who="0" m="57839" /><D30/><U44/><E67/><V48/><F48/><W109/><G60/><T111/><D35/><U31/><E123/><V93/><F55/><N who="0" m="21066" /><D111/><U10/><E31/><V118/><F91/><W92/><G133/><T9/><D9/><U27/><E27/><V90/><F90/><W64/><G64/><T77/><D77/><U124/><E124/><N who="2" m="47723" /><F94/><W19/><G127/><T101/><D101/><U25/><E74/><V107/><F93/><W66/><G92/><T62/><D62/><U26/><E73/><V104/><F107/><W132/><G109/><T122/><D122/><U38/><E78/><V102/><F102/><W12/><G66/><T83/><D83/><U65/><E65/><V117/><F104/><W37/><G33/><T22/><D46/><U15/><E34/><V97/><F97/><W11/><G120/><T70/><D70/><U82/><E44/><V134/><F0/><W17/><G121/><T47/><D47/><U51/><E2/><V81/><F81/><W42/><G3/><T29/><D106/><U119/><E82/><V36/><F36/><W20/><G37/><T61/><D105/><U88/><E38/><V79/><F79/><W115/><G1/><T84/><D61/><U98/><E88/><V14/><F112/><N who="0" m="43114" /><D84/><U49/><E85/><V87/><F87/><W108/><G115/><T116/><D41/><U45/><E86/><V110/><F110/><W50/><G108/><RYUUKYOKU ba="1,0" sc="228,-10,434,-10,55,30,283,-10" hai2="14,16,23,117,118,134,135" owari="218,-18.0,424,52.0,85,-41.0,273,7.0" /></mjloggm>