<mjloggm ver="2.3"><GO type="185" lobby="0"/><UN n0="%E5%A4%9A%E6%9E%97%E6%99%8B" n1="%28%C2%B4%E3%81%B8%CE%B5%E3%81%B8%60%29" n2="%E3%81%82%E3%81%B9%E3%81%97%E3%81%A3%E3%81%A3" n3="" dan="16,20,17,0" rate="2211.24,2416.13,2259.93,1500.00" sx="M,M,M,C"/><TAIKYOKU oya="0"/><INIT seed="0,0,0,1,4,78" ten="350,350,350,0" oya="0" hai0="116,110,64,100,34,33,46,68,124,131,42,55,88" hai1="79,58,129,111,62,125,71,35,106,121,54,103,86" hai2="115,56,130,40,94,89,101,93,123,81,51,99,77" hai3=""/><T87/><D116/><U72/><N who="1" m="31008" /><U91/><E35/><V96/><N who="2" m="31520" /><V107/><F130/><T133/><D131/><U2/><E129/><V52/><F115/><T70/><D124/><U98/><E125/><V0/><F0/><T113/><D113/><U128/><E128/><V65/><F65/><T48/><D133/><U49/><E2/><V114/><F114/><T53/><D110/><U57/><E111/><V112/><F112/><T41/><D100/><U45/><E72/><V38/><F38/><T59/><D55/><U105/><E79/><V119/><F40/><T73/><D73/><U3/><E106/><V135/><F135/><T104/><D104/><U134/><E3/><V74/><REACH who="2" step="1"/><F107/><REACH who="2" ten="350,350,340,0" step="2"/><T108/><D108/><U80/><REACH who="1" step="1"/><E134/><REACH who="1" ten="350,340,340,0" step="2"/><V92/><F92/><T90/><D33/><U120/><N who="1" m="30752" /><U61/><E61/><V85/><F85/><T76/><D34/><U44/><E44/><V118/><AGARI ba="0,2" hai="51,52,56,74,77,81,89,93,94,96,99,101,118,119" m="31520" machi="118" ten="30,9000,2" yaku="1,1,0,1,52,2,54,1,53,1" doraHai="78" doraHaiUra="75" who="2" fromWho="2" sc="350,-60,340,-30,340,110,0,0" /><INIT seed="1,0,0,5,4,50" ten="290,310,450,0" oya="1" hai0="69,107,55,82,47,44,51,3,52,85,113,63,68" hai1="94,40,110,58,81,66,41,135,108,104,46,124,84" hai2="56,97,57,102,53,116,112,91,109,126,42,60,96" hai3=""/><U35/><E104/><V87/><F116/><T120/><N who="0" m="30752" /><T43/><D107/><U71/><E35/><V54/><F109/><N who="1" m="42089" /><E71/><V99/><F126/><T134/><D3/><U129/><E124/><V39/><F112/><T125/><D125/><U78/><E129/><V79/><F79/><T45/><D113/><U65/><E135/><V49/><F39/><T70/><D134/><U117/><E117/><V34/><F42/><N who="1" m="16489" /><E46/><V115/><F115/><T62/><D43/><U0/><E0/><V105/><F34/><T77/><REACH who="0" step="1"/><D51/><REACH who="0" ten="280,310,450,0" step="2"/><U80/><E78/><V67/><REACH who="2" step="1"/><F67/><REACH who="2" ten="280,310,440,0" step="2"/><T37/><D37/><U73/><E65/><V48/><F48/><T98/><D98/><U121/><E121/><V2/><F2/><T95/><D95/><AGARI ba="0,2" hai="49,53,54,56,57,60,87,91,95,96,97,99,102,105" machi="95" ten="30,12000,2" yaku="1,1,7,1,52,2,53,3" doraHai="50" doraHaiUra="93" who="2" fromWho="0" sc="280,-120,310,0,440,140,0,0" /><INIT seed="2,0,0,2,2,94" ten="160,310,580,0" oya="2" hai0="57,105,86,129,42,134,127,77,87,115,116,84,97" hai1="125,65,75,51,69,120,32,0,112,54,81,132,68" hai2="3,37,53,36,62,109,50,106,107,93,76,49,85" hai3=""/><V73/><F3/><T83/><D116/><U114/><N who="1" m="30752" /><U59/><E0/><V104/><F73/><T79/><D129/><U118/><E32/><V64/><F109/><T38/><D127/><U117/><E125/><V89/><F76/><T66/><D134/><U48/><E132/><V71/><REACH who="2" step="1"/><F50/><REACH who="2" ten="160,310,570,0" step="2"/><T74/><D79/><U96/><E51/><V88/><F88/><T133/><D133/><U56/><E117/><V124/><F124/><T60/><D115/><U2/><E118/><V135/><F135/><T102/><D38/><U80/><E2/><V34/><F34/><T131/><D131/><U35/><E75/><V55/><F55/><T61/><D42/><U39/><E35/><V47/><AGARI ba="0,1" hai="36,37,47,49,53,62,64,71,85,89,93,104,106,107" machi="47" ten="30,2000,0" yaku="1,1,0,1,53,0" doraHai="94" doraHaiUra="126" who="2" fromWho="2" sc="160,-10,310,-10,570,30,0,0" /><INIT seed="2,1,0,0,0,121" ten="150,300,600,0" oya="2" hai0="126,32,62,89,105,119,108,49,98,67,40,3,41" hai1="87,56,47,36,124,52,82,61,34,122,80,101,46" hai2="123,115,88,106,65,39,81,94,76,102,43,79,125" hai3=""/><V55/><N who="2" m="31520" /><V90/><F115/><T91/><D32/><U58/><N who="1" m="31264" /><U48/><E34/><V96/><F65/><T93/><D3/><U111/><E124/><V100/><F125/><T127/><D119/><U45/><E111/><V68/><F68/><T86/><D108/><U35/><E35/><V99/><F55/><T63/><D126/><U33/><E33/><V60/><F60/><T129/><D129/><U112/><E112/><V135/><F135/><T116/><D116/><U128/><E128/><V69/><F69/><T84/><D105/><U75/><E101/><V107/><F43/><T77/><D49/><U110/><E110/><V78/><F39/><T133/><D133/><U1/><E1/><V0/><F0/><T70/><D63/><U64/><E75/><V131/><F131/><T114/><D114/><U130/><E80/><V97/><F90/><T95/><D127/><U113/><E113/><V42/><F42/><T118/><D118/><U50/><E130/><V104/><F104/><T54/><D54/><U103/><E36/><V53/><F53/><T72/><D40/><U134/><E134/><V120/><N who="2" m="30752" /><V57/><F57/><T71/><D41/><U109/><E109/><V2/><F2/><RYUUKYOKU ba="1,0" sc="150,-10,300,-10,600,20,0,0" hai2="76,78,79,81,88,94,96,97,99,100,102,106,107" /><INIT seed="2,2,0,4,3,100" ten="140,290,620,0" oya="2" hai0="123,67,90,53,54,52,129,32,58,84,78,77,50" hai1="72,113,80,63,93,40,118,61,48,55,105,98,75" hai2="101,111,66,131,68,51,94,41,57,87,33,117,0" hai3=""/><V97/><F0/><T133/><N who="0" m="31520" /><T64/><D32/><U96/><E113/><V91/><F33/><T37/><D37/><U89/><E118/><V130/><F117/><T60/><D133/><U106/><E40/><V83/><F68/><T3/><D3/><U120/><N who="1" m="30752" /><U73/><E80/><V44/><F111/><T135/><D135/><U107/><REACH who="1" step="1"/><E96/><REACH who="1" ten="140,280,620,0" step="2"/><V71/><F83/><T134/><D134/><U2/><E2/><V124/><F97/><T109/><D109/><U43/><E43/><V112/><F41/><T110/><D110/><U34/><E34/><V42/><F42/><T79/><D129/><U127/><E127/><V45/><F124/><T95/><REACH who="0" step="1"/><D67/><REACH who="0" ten="130,280,620,0" step="2"/><U88/><E88/><V74/><F66/><T116/><D116/><U125/><E125/><V108/><F91/><T47/><AGARI ba="2,2" hai="47,50,52,53,54,58,60,64,77,78,79,84,90,95" m="31520" machi="47" ten="30,6000,1" yaku="1,1,0,1,8,1,52,1,54,1,53,0" doraHai="100" doraHaiUra="126" who="0" fromWho="0" sc="130,84,280,-22,620,-42,0,0" /><INIT seed="4,0,0,4,2,129" ten="214,258,578,0" oya="0" hai0="57,49,80,100,82,2,73,118,53,98,46,106,45" hai1="69,134,93,90,61,36,44,119,117,97,83,121,33" hai2="127,103,51,75,76,70,112,89,54,113,38,115,110" hai3=""/><T48/><D2/><U114/><N who="1" m="31008" /><U108/><E33/><V58/><F110/><T50/><D118/><U102/><E108/><V105/><F38/><T126/><D126/><U65/><E114/><V32/><F32/><T125/><D125/><U78/><E134/><V120/><N who="2" m="30752" /><V86/><F70/><T96/><D98/><U47/><E102/><V40/><F40/><T74/><D73/><U131/><E131/><V123/><N who="2" m="31520" /><V68/><F68/><T128/><D128/><U101/><E101/><V56/><F127/><T94/><D106/><U71/><E71/><V84/><F58/><T77/><REACH who="0" step="1"/><D80/><REACH who="0" ten="204,258,578,0" step="2"/><U132/><E117/><V109/><F109/><T122/><N who="0" m="31264" /><T55/><D55/><U59/><E119/><V62/><F75/><T1/><D1/><U124/><E124/><V111/><F111/><T39/><D39/><U130/><E36/><V3/><F3/><T116/><D116/><U107/><E130/><V91/><F105/><T87/><D87/><U34/><E107/><V63/><F84/><T99/><D99/><U95/><E34/><V42/><F86/><T35/><D35/><U104/><E104/><V66/><F54/><T60/><AGARI ba="0,1" hai="45,46,48,49,50,53,57,60,74,77,82,94,96,100" m="31264" machi="60" ten="30,7800,0" yaku="1,1,0,1,52,1,53,1" doraHai="129" doraHaiUra="79" who="0" fromWho="0" sc="204,88,258,-39,578,-39,0,0" /><INIT seed="4,1,0,4,5,99" ten="292,219,539,0" oya="0" hai0="62,109,72,120,112,63,94,50,114,71,104,45,66" hai1="122,107,47,84,32,53,34,33,67,86,85,103,113" hai2="0,76,132,135,65,54,36,97,118,134,115,55,3" hai3=""/><T90/><N who="0" m="30752" /><T108/><D104/><U52/><N who="1" m="31264" /><U68/><E113/><N who="0" m="43625" /><D72/><U121/><N who="1" m="31008" /><U102/><E107/><V58/><F115/><T87/><D63/><U96/><E47/><V75/><F36/><T1/><D1/><U110/><E110/><V82/><F118/><T42/><AGARI ba="1,0" hai="42,45,50,62,66,71,87,90,94,108,109" m="43625,30752" machi="42" ten="30,2000,0" yaku="15,1,52,1" doraHai="99" who="0" fromWho="0" sc="292,22,219,-11,539,-11,0,0" /><INIT seed="4,2,0,0,4,101" ten="314,208,528,0" oya="0" hai0="72,3,0,63,33,126,100,99,75,106,111,104,44" hai1="95,74,55,134,49,46,35,129,130,80,114,116,124" hai2="89,34,122,133,121,94,47,70,108,37,51,117,61" hai3=""/><T120/><N who="0" m="30752" /><T54/><D33/><U71/><E35/><V90/><F34/><T40/><D111/><U135/><E116/><V113/><F108/><T109/><D109/><U79/><E71/><V50/><F117/><T76/><D126/><U91/><E114/><V105/><F90/><T123/><N who="0" m="31520" /><T66/><D106/><U43/><E43/><V32/><F37/><T53/><D0/><U110/><E110/><V45/><F32/><T88/><D88/><U118/><E118/><V65/><F105/><T132/><D132/><N who="1" m="50731" /><E124/><V82/><F133/><T125/><D125/><U36/><E36/><V1/><F113/><T39/><D3/><U42/><E42/><V83/><F1/><T48/><D76/><U69/><E69/><V93/><F70/><T127/><D127/><U112/><E112/><V131/><F89/><T96/><D96/><AGARI ba="2,0" hai="46,49,55,74,79,80,91,95,96,129,130" m="50731" machi="96" ten="30,1000,0" yaku="20,1" doraHai="101" who="1" fromWho="0" sc="314,-14,208,14,528,0,0,0" /><INIT seed="5,0,0,1,0,87" ten="300,222,528,0" oya="1" hai0="111,96,78,121,93,84,61,59,68,119,101,120,89" hai1="72,48,62,47,35,74,134,108,76,77,103,115,79" hai2="70,80,3,122,1,41,44,116,94,104,131,100,57" hai3=""/><U50/><E35/><V95/><N who="2" m="31264" /><V99/><F70/><T135/><N who="0" m="30752" /><T83/><N who="0" m="31008" /><T133/><D111/><U66/><E108/><V114/><F116/><T37/><D37/><U34/><E34/><V118/><F118/><T127/><D119/><U60/><E115/><V102/><F114/><T51/><D127/><U86/><E134/><N who="0" m="51209" /><D68/><U36/><E103/><V0/><F131/><T125/><D125/><U63/><E66/><V128/><F128/><T132/><N who="0" m="51217" /><T92/><DORA hai="105" /><D51/><U49/><E86/><V73/><F100/><T45/><D45/><U126/><E126/><V33/><F33/><T38/><D38/><U91/><E91/><V106/><F106/><T58/><D61/><U129/><E129/><V88/><F0/><T69/><D69/><U46/><E36/><V42/><F104/><T112/><D112/><U98/><E98/><AGARI ba="0,0" hai="58,59,78,83,84,89,92,93,96,98,101" m="51217,31008,30752" machi="98" ten="40,8000,1" yaku="20,1,52,3" doraHai="87,105" who="0" fromWho="1" sc="300,80,222,-80,528,0,0,0" /><INIT seed="6,0,0,3,1,52" ten="380,142,528,0" oya="2" hai0="73,61,94,101,117,88,135,44,127,33,60,86,37" hai1="102,109,47,125,57,55,79,96,131,112,107,98,108" hai2="42,51,62,50,134,105,95,89,54,72,116,58,97" hai3=""/><V124/><F116/><T68/><D117/><U45/><E79/><V63/><F72/><T64/><D33/><U129/><E102/><V128/><F124/><T83/><D127/><U118/><E98/><V126/><F134/><T2/><D2/><U70/><E96/><V120/><N who="2" m="30752" /><V114/><F114/><T0/><D0/><U36/><E107/><V81/><F128/><T103/><D135/><U122/><N who="1" m="31264" /><U84/><E84/><V35/><F35/><T113/><D113/><U53/><E125/><V100/><F126/><T74/><D73/><U56/><E112/><V111/><F81/><T41/><D61/><U59/><E70/><V48/><F111/><T1/><D1/><U43/><E118/><V119/><F63/><T93/><D94/><U40/><E57/><V67/><F119/><T78/><AGARI ba="0,0" hai="37,41,44,60,64,68,74,78,83,86,88,93,101,103" machi="78" ten="30,1500,0" yaku="0,1,54,1" doraHai="52" who="0" fromWho="0" sc="380,15,142,-5,528,-10,0,0" owari="395,0.0,137,-46.0,518,46.0,0,0.0" /></mjloggm>