<mjloggm ver="2.3"><GO type="169" lobby="0"/><UN n0="%E7%B7%91%E3%81%AE%E3%83%A9%E3%83%B3%E3%83%97" n1="%6B%6F%62%6F%7A" n2="%62%75%72%65%61%36" n3="%E3%81%8B%E3%81%A5%E3%81%8D%EF%BC%B8%EF%BC%A9" dan="16,18,16,16" rate="2131.30,2203.81,2104.06,2104.37" sx="M,M,M,M"/><TAIKYOKU oya="0"/><INIT seed="0,0,0,1,2,27" ten="250,250,250,250" oya="0" hai0="39,44,21,92,79,110,87,121,2,40,24,50,78" hai1="69,107,22,76,49,37,85,81,111,96,73,32,90" hai2="28,71,35,38,46,41,109,65,60,57,70,52,91" hai3="88,43,67,94,17,117,86,16,116,26,13,1,4"/><T132/><D2/><U133/><E37/><V93/><F109/><W130/><G130/><T131/><D131/><U134/><E32/><V105/><F105/><W5/><G67/><T135/><D121/><U23/><E69/><V95/><F35/><W29/><G43/><T33/><D33/><U10/><E10/><V51/><F28/><W64/><G64/><T31/><D110/><U80/><E49/><V100/><F100/><W112/><G112/><T128/><D128/><U47/><E47/><V123/><F123/><W3/><G3/><T98/><D39/><U66/><E66/><V127/><F127/><W9/><G17/><T108/><D108/><U6/><E6/><V58/><REACH who="2" step="1"/><F93/><REACH who="2" ten="250,250,240,250" step="2"/><W63/><G63/><T30/><D30/><U101/><REACH who="1" step="1"/><E111/><REACH who="1" ten="250,240,240,250" step="2"/><V83/><F83/><W89/><G4/><T72/><D21/><AGARI ba="0,2" hai="21,22,23,73,76,80,81,85,90,96,101,107,133,134" machi="21" ten="40,5200,0" yaku="1,1,2,1,53,1" doraHai="27" doraHaiUra="74" who="1" fromWho="0" sc="250,-52,240,72,240,0,250,0" /><INIT seed="1,0,0,5,4,20" ten="198,312,240,250" oya="1" hai0="50,44,48,76,114,54,116,124,41,10,66,24,104" hai1="28,94,26,39,75,71,31,3,92,46,102,90,22" hai2="0,84,118,67,106,97,111,128,77,129,60,5,8" hai3="98,120,64,38,34,65,69,25,30,51,12,110,19"/><U86/><E75/><V122/><F118/><W88/><G38/><T2/><D116/><U80/><E71/><V62/><F122/><W119/><G110/><T82/><D114/><U130/><E3/><V101/><F111/><W89/><G120/><T91/><D104/><U35/><E130/><N who="2" m="50283" /><F67/><W72/><G72/><T15/><D2/><U78/><E102/><V49/><F49/><W23/><G69/><T63/><D124/><U123/><E123/><V9/><F9/><W13/><G13/><T16/><D76/><U96/><E94/><V100/><F100/><W18/><G18/><T6/><D66/><U95/><E95/><V14/><F14/><W132/><G132/><T33/><D63/><U4/><E4/><V56/><F56/><W83/><G119/><T17/><D33/><U43/><REACH who="1" step="1"/><E31/><REACH who="1" ten="198,302,240,250" step="2"/><V121/><F121/><W53/><G98/><T42/><D6/><U109/><E109/><V115/><F115/><W108/><G108/><T45/><D82/><AGARI ba="0,1" hai="0,5,8,60,62,77,82,84,97,101,106" m="50283" machi="82" ten="30,1000,0" yaku="19,1" doraHai="20" who="2" fromWho="0" sc="198,-10,302,0,240,20,250,0" /><INIT seed="2,0,0,0,4,108" ten="188,302,260,250" oya="2" hai0="9,45,5,101,100,132,58,63,70,36,86,95,22" hai1="109,7,92,11,99,39,78,20,130,8,26,113,84" hai2="32,90,34,38,51,55,124,54,15,123,79,83,43" hai3="60,33,21,41,12,80,14,73,126,76,104,82,74"/><V75/><F123/><W115/><G104/><T96/><D132/><U97/><E39/><V13/><F124/><W1/><G1/><T105/><D70/><U134/><E109/><V68/><F68/><W4/><G33/><T25/><D45/><U42/><E42/><V128/><F128/><W114/><G126/><T102/><D36/><U66/><E66/><V0/><F0/><W72/><G41/><T127/><D86/><U88/><E130/><V28/><F38/><W50/><G50/><T94/><D105/><U98/><E134/><V81/><F43/><W56/><G4/><T118/><D118/><U24/><E113/><N who="3" m="43018" /><G21/><T91/><D127/><U46/><E46/><V2/><F2/><W112/><N who="3" m="43026" /><W85/><DORA hai="64" /><G82/><T67/><D91/><U19/><E7/><V89/><F51/><W131/><G131/><T122/><D95/><U65/><E78/><V37/><F37/><W44/><G44/><T61/><D61/><U3/><E3/><V106/><F106/><W107/><G107/><T111/><D122/><U119/><E88/><V117/><F79/><W87/><G87/><T69/><D111/><U62/><E84/><V53/><F34/><W35/><G35/><T18/><D69/><U133/><E92/><V52/><F83/><W48/><G48/><T10/><D5/><U129/><E129/><V29/><F81/><W16/><G16/><T6/><D6/><U27/><E133/><V125/><F32/><W31/><G31/><T57/><D57/><N who="1" m="37071" /><E119/><V120/><F117/><W59/><G59/><T77/><D77/><U40/><E40/><RYUUKYOKU ba="0,0" sc="188,10,302,10,260,-30,250,10" hai0="9,10,18,22,25,58,63,67,94,96,100,101,102" hai1="8,11,19,20,24,26,27,97,98,99" hai3="12,14,56,60,72,73,74,76,80,85" /><INIT seed="3,1,0,3,3,77" ten="198,312,230,260" oya="3" hai0="130,124,116,101,135,78,36,104,22,7,95,32,18" hai1="74,41,102,48,27,86,31,23,134,15,0,79,129" hai2="21,30,62,126,112,65,98,113,47,121,107,96,2" hai3="34,100,83,25,97,85,110,13,46,40,87,76,38"/><W24/><G34/><T11/><D95/><U63/><E0/><V128/><F2/><W115/><G115/><T90/><D90/><U50/><E74/><V109/><F109/><W89/><G110/><T67/><D101/><U54/><E129/><V120/><F128/><W99/><G13/><N who="0" m="9551" /><D78/><U52/><E102/><V72/><F72/><W73/><G87/><T60/><D60/><U111/><E134/><V127/><F21/><W108/><G108/><T51/><D51/><U17/><E63/><V10/><F10/><W103/><G103/><T9/><D67/><U44/><E111/><V8/><F8/><N who="0" m="3146" /><D104/><U75/><E75/><V35/><F107/><W14/><G14/><T55/><D55/><U49/><E41/><V16/><F47/><W33/><G33/><T45/><D45/><U26/><E31/><V57/><F30/><W37/><G37/><T6/><D36/><U84/><E49/><V19/><F35/><W70/><G70/><T53/><D53/><U43/><E43/><V12/><F12/><W91/><G91/><T3/><D130/><U122/><E122/><V58/><F62/><W119/><G119/><T56/><D116/><U88/><E84/><V117/><F117/><W59/><G59/><T93/><D32/><U106/><E79/><V114/><F113/><W4/><G99/><T131/><D56/><N who="1" m="32775" /><E106/><V64/><AGARI ba="1,0" hai="16,19,57,58,64,65,96,98,112,114,120,121,126,127" machi="64" ten="25,6400,0" yaku="0,1,22,2,54,1" doraHai="77" who="2" fromWho="2" sc="198,-17,312,-17,230,67,260,-33" /><INIT seed="4,0,0,4,0,14" ten="181,295,297,227" oya="0" hai0="91,101,21,10,88,87,130,45,61,58,33,94,11" hai1="83,90,78,62,82,92,51,18,54,42,73,81,117" hai2="69,24,112,134,93,30,125,120,1,124,35,65,67" hai3="3,41,6,114,29,31,19,59,116,49,103,74,60"/><T70/><D33/><U12/><E117/><V110/><F120/><W16/><G74/><T109/><D130/><U118/><E42/><V50/><F110/><W2/><G116/><T123/><D123/><U106/><E62/><V57/><F1/><W53/><G114/><T100/><D70/><U37/><E37/><V48/><F112/><W111/><G111/><T36/><D36/><U44/><E106/><V79/><F69/><W39/><G39/><T126/><D45/><U68/><E68/><V127/><F134/><W13/><G2/><T64/><D109/><U4/><E4/><V128/><F128/><W26/><G3/><T22/><D91/><U40/><E40/><V32/><F79/><W129/><G129/><T0/><D0/><U102/><E102/><N who="0" m="39529" /><D126/><U72/><E72/><V71/><F71/><W133/><G103/><T75/><D75/><U132/><E132/><V8/><F35/><W17/><G133/><T76/><D76/><U5/><E5/><V9/><F93/><W20/><G29/><T122/><D122/><U121/><E118/><V23/><F32/><W38/><G38/><T55/><D64/><N who="2" m="24650" /><F57/><W56/><G6/><T97/><D97/><U86/><E121/><V52/><F52/><N who="3" m="33895" /><G41/><T77/><D77/><U84/><E73/><V25/><F25/><W135/><G135/><T108/><D108/><U98/><E78/><V43/><F43/><W95/><G95/><T131/><D131/><U80/><E81/><V115/><F115/><W104/><G104/><T7/><D7/><U113/><E113/><V119/><F119/><W63/><G63/><RYUUKYOKU ba="0,0" sc="181,0,295,0,297,0,227,0" hai0="10,11,21,22,55,58,61,87,88,94" hai1="12,18,44,51,54,80,82,83,84,86,90,92,98" hai2="8,9,23,24,30,48,50,124,125,127" hai3="13,16,17,19,20,26,31,49,53,56" /><INIT seed="4,1,0,1,4,120" ten="181,295,297,227" oya="0" hai0="85,41,79,93,130,118,33,67,14,124,24,1,18" hai1="40,102,119,36,68,27,123,43,78,49,111,94,47" hai2="34,39,9,113,80,129,77,19,89,100,21,3,60" hai3="127,12,54,72,48,92,114,75,22,51,117,8,107"/><T110/><D118/><U7/><E123/><V44/><F113/><W66/><G107/><T11/><D67/><U6/><E119/><V52/><F129/><W29/><G114/><T125/><D41/><U126/><E68/><V99/><F34/><W62/><G127/><N who="0" m="48715" /><D130/><U10/><E126/><V132/><F132/><W37/><G37/><T121/><D121/><U58/><E78/><V53/><F39/><W5/><G117/><T17/><D79/><U20/><E111/><V81/><F89/><W15/><G92/><T2/><D85/><U64/><E40/><V105/><F44/><W88/><G75/><T109/><D93/><U23/><E10/><V74/><F81/><W135/><G72/><T13/><D24/><U106/><E23/><V46/><F46/><W116/><G116/><T90/><D90/><U82/><E82/><V101/><F101/><W25/><G135/><T73/><D33/><U103/><E106/><V131/><F131/><W96/><G66/><T50/><D50/><U112/><E36/><V31/><F60/><W63/><G51/><T16/><D73/><U128/><E112/><V70/><F70/><W76/><G76/><T91/><D91/><U69/><E69/><V84/><F74/><W98/><G88/><T28/><D28/><N who="1" m="17511" /><E128/><V115/><F31/><W71/><G71/><T0/><D11/><U56/><E64/><V30/><F30/><W57/><G98/><T108/><AGARI ba="1,0" hai="0,1,2,13,14,16,17,18,108,109,110" m="48715" machi="108" ten="50,36000,4" yaku="29,2,28,2,10,1,18,1,34,2,52,3,54,1" doraHai="120" who="0" fromWho="0" sc="181,363,295,-121,297,-121,227,-121" /><INIT seed="4,2,0,4,4,22" ten="544,174,176,106" oya="0" hai0="86,102,0,18,49,14,126,75,56,39,23,122,127" hai1="98,116,15,45,124,59,25,6,69,90,79,43,130" hai2="30,3,93,68,103,95,135,101,34,112,78,125,117" hai3="8,48,100,123,60,131,13,92,97,17,28,104,11"/><T115/><D39/><U119/><E69/><V57/><F68/><W76/><G131/><T50/><D75/><U111/><E111/><V70/><F70/><W114/><G114/><T83/><D0/><U37/><E130/><V41/><F3/><W106/><G123/><T2/><D2/><U132/><E59/><V20/><F34/><W85/><G8/><T42/><D102/><U67/><E67/><V52/><F41/><W10/><G10/><T72/><D72/><U99/><E15/><V27/><F78/><W81/><G60/><T12/><D12/><U61/><E6/><V133/><F125/><W128/><G128/><T29/><D29/><U84/><E61/><N who="2" m="36007" /><F112/><W24/><REACH who="3" step="1"/><G48/><REACH who="3" ten="544,174,176,96" step="2"/><T4/><D50/><U58/><E37/><V55/><F117/><W31/><G31/><T73/><D49/><U64/><E119/><V91/><F135/><W107/><G107/><T89/><D115/><U19/><E132/><V80/><F133/><W36/><G36/><T96/><D122/><U82/><E116/><V63/><F63/><W32/><AGARI ba="2,1" hai="11,13,17,24,28,32,76,81,85,92,97,100,104,106" machi="32" ten="20,5200,0" yaku="1,1,0,1,7,1,52,1,53,0" doraHai="22" doraHaiUra="129" who="3" fromWho="3" sc="544,-28,174,-15,176,-15,96,68" /><INIT seed="5,0,0,3,2,108" ten="516,159,161,164" oya="1" hai0="76,86,134,116,20,23,19,124,13,15,22,60,88" hai1="6,80,33,127,71,103,18,94,57,51,42,4,70" hai2="8,49,81,105,107,111,24,64,104,31,98,115,36" hai3="41,97,3,67,130,99,50,132,12,10,125,37,35"/><U121/><E121/><V26/><F111/><W53/><G3/><T61/><D134/><U102/><E127/><V106/><F36/><W117/><G35/><T5/><D76/><U46/><E33/><V66/><F115/><W72/><G72/><T95/><D124/><U9/><E71/><V89/><F49/><W91/><G117/><T110/><D116/><U128/><E70/><V30/><F8/><W101/><G67/><T59/><D61/><U44/><E128/><V123/><F123/><W16/><G125/><T48/><D110/><U93/><E57/><V85/><N who="2" m="26624" /><DORA hai="14" /><V65/><REACH who="2" step="1"/><F98/><REACH who="2" ten="516,159,151,164" step="2"/><W77/><G99/><T62/><D48/><N who="1" m="26647" /><E80/><V92/><F92/><N who="1" m="35433" /><E103/><V63/><F63/><W47/><G101/><T2/><D62/><U78/><E102/><V21/><F21/><W34/><G34/><T43/><D23/><U131/><E131/><V45/><F45/><W112/><G130/><T56/><D22/><U79/><E51/><V87/><F87/><W11/><G132/><T39/><D86/><U113/><E46/><V27/><AGARI ba="0,1" hai="24,26,27,30,31,64,65,66,81,85,89" m="26624" machi="27" ten="70,8000,1" yaku="1,1,0,1,29,2,53,1" doraHai="108,14" doraHaiUra="114,83" who="2" fromWho="2" sc="516,-20,159,-40,151,90,164,-20" /><INIT seed="6,0,0,2,4,33" ten="496,119,241,144" oya="2" hai0="99,34,104,37,134,101,19,41,57,3,39,130,108" hai1="62,70,14,102,51,31,20,56,96,30,113,58,84" hai2="27,7,126,77,16,123,49,81,2,103,54,111,119" hai3="89,50,26,1,55,68,131,110,53,67,36,86,128"/><V71/><F119/><W75/><G75/><T91/><D34/><U127/><E113/><V98/><F123/><W43/><G110/><T80/><D108/><U133/><E127/><V116/><F116/><W22/><G36/><T95/><D41/><U29/><E133/><V61/><F111/><W100/><G100/><T124/><D3/><U114/><E114/><V93/><F126/><W25/><G1/><T118/><D130/><N who="3" m="49705" /><G67/><T24/><D118/><U52/><E70/><V4/><F2/><W46/><G68/><T76/><D57/><U69/><E84/><N who="2" m="48175" /><F61/><W122/><G122/><T120/><D124/><U112/><E69/><V85/><F85/><W23/><G23/><T9/><D134/><U73/><E73/><V38/><F38/><W107/><G107/><T44/><D120/><U125/><E112/><V35/><F35/><W135/><G135/><T129/><D129/><U45/><E125/><V66/><F66/><W63/><G63/><T97/><D39/><U47/><E20/><N who="2" m="13703" /><F71/><W8/><G8/><T105/><D9/><U6/><E62/><V59/><AGARI ba="0,0" hai="4,7,49,54,59,93,98,103" m="13703,48175" machi="59" ten="30,3000,0" yaku="8,1,54,1" doraHai="33" who="2" fromWho="2" sc="496,-10,119,-10,241,30,144,-10" /><INIT seed="6,1,0,5,1,22" ten="486,109,271,134" oya="2" hai0="54,127,112,80,65,79,72,4,89,88,34,38,85" hai1="115,108,26,51,12,131,92,59,50,39,120,66,98" hai2="7,104,121,86,13,95,16,91,78,25,60,105,84" hai3="68,107,14,83,49,48,8,76,100,110,19,96,64"/><V135/><F121/><W52/><G110/><T11/><D34/><U42/><E108/><V73/><F135/><W63/><REACH who="3" step="1"/><G52/><REACH who="3" ten="486,109,271,124" step="2"/><T15/><D54/><N who="1" m="32215" /><E120/><V58/><F73/><AGARI ba="1,1" hai="8,14,19,48,49,63,64,68,73,76,83,96,100,107" machi="73" ten="30,3900,0" yaku="1,1,7,1,53,1" doraHai="22" doraHaiUra="97" who="3" fromWho="2" sc="486,0,109,0,271,-42,124,52" /><INIT seed="7,0,0,4,2,26" ten="486,109,229,176" oya="3" hai0="126,82,54,66,55,36,100,104,30,61,39,0,9" hai1="114,71,85,25,31,24,21,11,131,7,19,108,119" hai2="135,18,116,34,45,53,107,56,59,14,73,94,77" hai3="65,111,3,130,12,27,79,69,41,44,125,64,50"/><W88/><G3/><T5/><D126/><U81/><E71/><V133/><F34/><W117/><G117/><T97/><D82/><U132/><E108/><V74/><F107/><W46/><G125/><T115/><D115/><U67/><E114/><V23/><F116/><W118/><G118/><T4/><D4/><U87/><E119/><V72/><F77/><W57/><G130/><T6/><D6/><U78/><E131/><V68/><F68/><W86/><G79/><T63/><D54/><U127/><E132/><N who="2" m="50763" /><F94/><W28/><G69/><T62/><D55/><U15/><E127/><V52/><F53/><W58/><G46/><T8/><D8/><U113/><E113/><V106/><F106/><W93/><G12/><T35/><D66/><N who="3" m="25705" /><G111/><T92/><D104/><U80/><E67/><V84/><F84/><W103/><G103/><T29/><D35/><U76/><REACH who="1" step="1"/><E31/><REACH who="1" ten="486,99,229,176" step="2"/><V32/><F45/><W48/><G48/><T123/><D100/><U51/><E51/><V22/><F59/><W101/><G101/><T75/><D0/><U70/><E70/><V17/><F56/><W102/><G102/><T42/><D123/><U110/><E110/><V13/><F52/><W96/><G58/><T1/><D75/><U98/><E98/><V20/><F74/><W128/><G57/><T2/><D2/><U10/><E10/><V43/><F73/><W33/><G96/><T99/><D99/><U109/><E109/><V120/><F72/><W105/><G50/><T37/><D42/><U129/><E129/><V16/><F43/><W90/><G128/><T49/><D49/><RYUUKYOKU ba="0,1" sc="486,15,99,15,229,-15,176,-15" hai0="1,5,9,29,30,36,37,39,61,62,63,92,97" hai1="7,11,15,19,21,24,25,76,78,80,81,85,87" owari="511,62.0,114,-39.0,214,1.0,161,-24.0" /></mjloggm>