<mjloggm ver="2.3"><GO type="169" lobby="0"/><UN n0="%E3%82%84%E3%81%BE%E3%81%8C%E3%82%89%E3%83%BC" n1="%E3%81%B5%E3%81%98%E3%81%8B%E3%81%A4" n2="%E5%93%B2%E5%AD%A6%E3%81%99%E3%82%8B%E9%BA%BB%E9%9B%80" n3="%E3%81%BF%E3%81%8B%E3%82%82%E3%82%81" dan="17,16,16,17" rate="2182.64,2115.61,2092.34,2203.28" sx="M,M,M,M"/><TAIKYOKU oya="0"/><INIT seed="0,0,0,4,3,13" ten="250,250,250,250" oya="0" hai0="76,60,44,97,50,119,121,117,19,1,98,105,72" hai1="55,9,30,31,85,112,102,57,101,90,26,29,64" hai2="78,115,70,12,73,51,36,84,74,33,53,42,62" hai3="129,113,134,32,52,28,71,58,49,86,118,54,15"/><T128/><D121/><U7/><E112/><V75/><F33/><W24/><G113/><T2/><D128/><U35/><E64/><N who="2" m="41239" /><F84/><W68/><G118/><T41/><D76/><U67/><E67/><V3/><F12/><W132/><G129/><T130/><D72/><U83/><E31/><V21/><F21/><W77/><G54/><T111/><D130/><U93/><E30/><V40/><F40/><W122/><G122/><T120/><D120/><U109/><E109/><V5/><F115/><W100/><G100/><T135/><D135/><N who="3" m="51753" /><G15/><T18/><D111/><U126/><E126/><V91/><F91/><W123/><G123/><T108/><D108/><U81/><E102/><V56/><F78/><W48/><G48/><T23/><D60/><U16/><E101/><V133/><F133/><W114/><G114/><T27/><D105/><U131/><E131/><V8/><F75/><W6/><G6/><T34/><D34/><U45/><E7/><V106/><F106/><W22/><G32/><T11/><D1/><U0/><E0/><V37/><F37/><W4/><G4/><T124/><D124/><U92/><E57/><V43/><F43/><W25/><G25/><T20/><D11/><U61/><E61/><V66/><F66/><W95/><G77/><T59/><D59/><U94/><E83/><V88/><F88/><AGARI ba="0,0" hai="22,24,28,49,52,58,68,71,86,88,95" m="51753" machi="88" ten="30,3900,0" yaku="20,1,54,2" doraHai="13" who="3" fromWho="2" sc="250,0,250,0,250,-39,250,39" /><INIT seed="1,0,0,2,3,128" ten="250,250,211,289" oya="1" hai0="11,119,81,123,61,37,50,69,74,58,98,52,15" hai1="82,51,103,19,56,32,43,97,3,1,7,40,106" hai2="113,59,12,60,17,114,66,49,100,13,26,125,124" hai3="84,99,101,25,8,94,130,96,131,45,47,71,129"/><U78/><E32/><V90/><F100/><W111/><G111/><T10/><D119/><U20/><E40/><V126/><F26/><W80/><G71/><T41/><D123/><U9/><E43/><V28/><F28/><W102/><G25/><T93/><D81/><U14/><E51/><V6/><F6/><W85/><G8/><T36/><D74/><U109/><E109/><V5/><F5/><W91/><REACH who="3" step="1"/><G85/><REACH who="3" ten="250,250,211,279" step="2"/><T63/><D69/><U39/><E39/><V42/><F12/><W72/><G72/><T55/><D10/><U0/><REACH who="1" step="1"/><E56/><REACH who="1" ten="250,240,211,279" step="2"/><V73/><F59/><W76/><G76/><T29/><D58/><U121/><E121/><V38/><F38/><W110/><G110/><T135/><D36/><U22/><E22/><V108/><F108/><W23/><G23/><T86/><D37/><U16/><E16/><V62/><F17/><W115/><G115/><T112/><D112/><U83/><E83/><V105/><F114/><W68/><G68/><T18/><D18/><U65/><E65/><V89/><F113/><W132/><G132/><T127/><D63/><U88/><E88/><V118/><F62/><W64/><G64/><T33/><D61/><U57/><E57/><V67/><F60/><W79/><G79/><T53/><D33/><U87/><AGARI ba="0,2" hai="0,1,3,7,9,14,19,20,78,82,87,97,103,106" machi="87" ten="20,3900,0" yaku="1,1,0,1,7,1,53,0" doraHai="128" doraHaiUra="30" who="1" fromWho="1" sc="250,-13,240,59,211,-13,279,-13" /><INIT seed="1,1,0,3,0,89" ten="237,299,198,266" oya="1" hai0="6,93,28,67,62,107,99,64,70,74,3,51,24" hai1="15,112,130,91,127,39,49,36,119,1,86,8,66" hai2="18,103,114,122,48,50,90,37,11,133,2,104,44" hai3="65,129,78,61,80,35,10,101,117,72,81,71,125"/><U94/><E119/><V100/><F122/><W43/><G117/><T79/><D107/><U95/><E112/><V57/><F133/><W46/><G125/><T63/><D51/><U20/><E127/><V77/><F104/><W52/><G129/><T83/><D6/><U59/><E130/><V131/><F37/><W56/><G35/><T34/><D3/><U96/><E1/><V76/><F2/><W113/><G113/><T26/><D26/><U32/><E32/><V118/><F118/><W31/><G31/><T92/><REACH who="0" step="1"/><D99/><REACH who="0" ten="227,299,198,266" step="2"/><U22/><E36/><V134/><F131/><W21/><G10/><T16/><D16/><N who="1" m="8295" /><E39/><V5/><F18/><W45/><G21/><T126/><D126/><U25/><E25/><V12/><F114/><W13/><G13/><T19/><D19/><U33/><E33/><V40/><F134/><W98/><G81/><T109/><D109/><U102/><E49/><V73/><F50/><W115/><G115/><T105/><D105/><U82/><E82/><V75/><F48/><W128/><G128/><T120/><D120/><U88/><E102/><V7/><F103/><W110/><G101/><T135/><D135/><U9/><E9/><V68/><F100/><W47/><G98/><T30/><D30/><U87/><E96/><V116/><F11/><W17/><G17/><T123/><D123/><U60/><AGARI ba="1,1" hai="20,22,59,60,66,86,87,88,91,94,95" m="8295" machi="60" ten="30,12000,1" yaku="8,1,52,2,54,2" doraHai="89" who="1" fromWho="1" sc="227,-41,299,133,198,-41,266,-41" /><INIT seed="1,2,0,0,2,8" ten="186,432,157,225" oya="1" hai0="125,66,78,75,45,121,42,77,1,82,37,110,2" hai1="81,91,44,60,105,51,120,63,73,127,18,27,95" hai2="5,85,97,76,87,36,57,129,56,40,107,135,12" hai3="100,80,55,13,15,90,124,14,62,71,64,112,17"/><U34/><E105/><V118/><F118/><W67/><G112/><T119/><D119/><U111/><E120/><V26/><F129/><W126/><G100/><T132/><D121/><U48/><E127/><N who="3" m="48682" /><G67/><T41/><D125/><U30/><E111/><V49/><F36/><W109/><G109/><T122/><D122/><U0/><E0/><V19/><F135/><W104/><G104/><T54/><D54/><U39/><E39/><V123/><F123/><W4/><G4/><T117/><D132/><U83/><E51/><V9/><F107/><W86/><G55/><T3/><D117/><U24/><E81/><N who="2" m="47271" /><F97/><W59/><G71/><T92/><D92/><U20/><E73/><V6/><F87/><W94/><G80/><T113/><D113/><U114/><E114/><V46/><F5/><W31/><G31/><T106/><D66/><U25/><E83/><V101/><F101/><W7/><G7/><T35/><D106/><U99/><REACH who="1" step="1"/><E25/><REACH who="1" ten="186,422,157,225" step="2"/><V22/><AGARI ba="2,1" hai="6,9,12,19,22,26,40,46,49,56,57" m="47271" machi="22" ten="30,4000,0" yaku="25,1,8,1,52,1" doraHai="8" who="2" fromWho="2" sc="186,-12,422,-22,157,56,225,-12" /><INIT seed="2,0,0,0,4,68" ten="174,400,213,213" oya="2" hai0="52,63,109,45,74,50,2,0,58,86,87,59,78" hai1="95,17,27,40,3,49,12,41,37,131,99,114,14" hai2="19,76,127,54,34,120,55,96,77,1,84,53,57" hai3="72,135,108,20,107,130,121,83,117,36,32,80,73"/><V102/><F1/><W9/><RYUUKYOKU type="yao9" ba="0,0" sc="174,0,400,0,213,0,213,0" hai3="9,20,32,36,72,73,80,83,107,108,117,121,130,135" /><INIT seed="2,1,0,3,3,57" ten="174,400,213,213" oya="2" hai0="77,82,112,125,48,1,80,64,28,19,120,123,116" hai1="129,63,103,127,53,24,91,12,117,58,39,42,104" hai2="105,110,46,36,17,100,111,106,33,55,134,90,32" hai3="79,15,131,21,130,83,115,75,93,16,31,68,43"/><V107/><F100/><W29/><G68/><T61/><D112/><U18/><E117/><V30/><F134/><W119/><G119/><T88/><D116/><U95/><E129/><N who="3" m="49162" /><G115/><T52/><D125/><U69/><E127/><V56/><F17/><W99/><G43/><T101/><D1/><U109/><E109/><N who="2" m="41483" /><F90/><AGARI ba="1,0" hai="15,16,21,29,31,75,79,83,90,93,99" m="49162" machi="90" ten="30,2000,0" yaku="19,1,54,1" doraHai="57" who="3" fromWho="2" sc="174,0,400,0,213,-23,213,23" /><INIT seed="3,0,0,3,0,41" ten="174,400,190,236" oya="3" hai0="61,65,97,83,49,18,31,43,80,126,4,32,121" hai1="95,108,30,131,127,16,12,26,24,98,22,9,92" hai2="33,77,75,51,116,70,5,100,123,68,27,45,104" hai3="122,17,19,91,47,117,0,132,93,14,113,89,66"/><W106/><G113/><T87/><D121/><U67/><E108/><V28/><F116/><W36/><G117/><T7/><D126/><U96/><E131/><V134/><F134/><W94/><G122/><T107/><D18/><U76/><E127/><V35/><F123/><W114/><G114/><T52/><D43/><U1/><E1/><V119/><F119/><W79/><G106/><T103/><D31/><U29/><E76/><V50/><F35/><W99/><G0/><T72/><D32/><U11/><E67/><V13/><F104/><W73/><G66/><T57/><D72/><U84/><E84/><V78/><F100/><W69/><G69/><T115/><D115/><U39/><E39/><V6/><F51/><W64/><G64/><T71/><REACH who="0" step="1"/><D80/><REACH who="0" ten="164,400,190,236" step="2"/><U37/><E30/><V82/><F6/><W44/><G19/><T55/><D55/><U60/><E29/><V133/><F133/><W88/><G132/><T46/><D46/><N who="3" m="17449" /><G36/><T130/><D130/><U20/><E37/><V110/><F110/><W74/><G73/><T38/><D38/><U48/><E16/><V105/><F75/><W3/><G74/><T111/><D111/><U54/><E54/><V58/><F82/><W40/><G40/><T25/><D25/><U118/><E24/><V102/><F5/><W125/><G125/><T56/><D56/><U42/><E26/><V86/><F58/><W21/><G3/><T85/><D85/><U109/><E42/><N who="2" m="24887" /><F86/><N who="3" m="52375" /><G79/><AGARI ba="0,1" hai="4,7,49,52,57,61,65,71,79,83,87,97,103,107" machi="79" ten="30,7700,0" yaku="1,1,7,1,54,1,53,1" doraHai="41" doraHaiUra="101" who="0" fromWho="3" sc="164,87,400,0,190,0,236,-77" /><INIT seed="4,0,0,0,0,66" ten="251,400,190,159" oya="0" hai0="42,91,68,76,36,122,101,19,107,133,104,79,43" hai1="17,28,132,77,16,93,25,103,99,8,126,60,89" hai2="10,55,21,102,74,59,88,86,97,51,120,113,50" hai3="2,92,131,118,46,35,84,100,32,1,26,24,75"/><T128/><D122/><U9/><E132/><V70/><F74/><W0/><G75/><T52/><D133/><U130/><E126/><V117/><F120/><W41/><G118/><T115/><D91/><U57/><E130/><V78/><F78/><W98/><G131/><T58/><D128/><U33/><E77/><V65/><F113/><W121/><G121/><T95/><D115/><U87/><E8/><V12/><F117/><W62/><G84/><T112/><D112/><U82/><REACH who="1" step="1"/><E9/><REACH who="1" ten="251,390,190,159" step="2"/><V64/><F10/><W106/><G106/><T5/><D76/><U7/><E7/><V85/><F21/><W83/><G35/><T18/><D79/><U30/><E30/><V38/><F38/><W23/><G32/><T27/><D5/><U34/><E34/><V37/><F37/><W119/><G119/><T90/><D36/><U81/><E81/><V20/><F20/><W129/><G83/><T40/><D104/><U124/><E124/><V69/><F51/><W135/><G129/><T47/><D107/><U49/><E49/><V94/><F50/><W3/><G135/><T96/><D18/><U109/><E109/><V53/><F94/><W31/><G62/><T56/><D19/><U116/><E116/><V80/><F80/><W72/><G72/><T134/><D134/><U29/><E29/><V45/><F85/><W127/><G127/><T125/><D125/><U13/><E13/><V105/><F12/><W44/><G26/><T108/><D27/><U15/><E15/><V110/><F110/><W39/><G2/><T71/><D108/><U4/><E4/><RYUUKYOKU ba="0,1" sc="251,-15,390,15,190,-15,159,15" hai1="16,17,25,28,33,57,60,82,87,89,93,99,103" hai3="0,1,3,23,24,31,39,41,44,46,92,98,100" /><INIT seed="5,1,1,4,3,87" ten="236,405,175,174" oya="1" hai0="117,55,76,25,2,105,123,10,17,5,8,121,101" hai1="94,28,119,118,67,16,77,104,85,26,65,59,35" hai2="103,51,9,41,49,120,15,23,61,129,73,128,98" hai3="110,78,33,58,57,12,89,115,52,21,106,30,62"/><U107/><E67/><V6/><F120/><N who="0" m="46154" /><D117/><U60/><E119/><V83/><F61/><W112/><G110/><T42/><D42/><U127/><E127/><V135/><F135/><W86/><G106/><T84/><D55/><U34/><E34/><V97/><F23/><W133/><G133/><T96/><D25/><U88/><E118/><V32/><F32/><W39/><G39/><T45/><D45/><U116/><E116/><V82/><F98/><W11/><G33/><T27/><D27/><U108/><E108/><V43/><F43/><W29/><G78/><T134/><D134/><U13/><E77/><N who="2" m="44335" /><F83/><N who="3" m="49375" /><G21/><AGARI ba="1,1" hai="13,16,21,26,28,35,59,60,65,85,88,94,104,107" machi="21" ten="30,11600,0" yaku="7,1,52,1,54,2" doraHai="87" who="1" fromWho="3" sc="236,0,405,129,175,0,174,-119" /><INIT seed="5,2,0,4,5,100" ten="236,534,175,55" oya="1" hai0="43,114,12,29,72,8,107,54,97,115,38,10,19" hai1="120,11,106,94,96,2,124,133,30,99,64,70,95" hai2="75,3,4,93,68,17,125,1,46,48,9,57,31" hai3="117,134,28,76,42,18,67,20,13,53,0,15,6"/><U86/><E120/><V32/><F68/><W123/><G123/><T49/><D72/><U102/><E133/><V27/><F75/><W35/><G134/><T23/><D43/><U118/><E124/><V88/><F125/><W85/><G42/><T62/><D38/><U109/><E118/><V66/><F17/><W44/><G67/><T119/><D62/><U128/><E30/><V121/><F121/><W37/><G117/><T21/><D119/><U79/><E64/><V69/><F69/><W108/><G108/><T131/><D131/><U16/><E70/><V61/><F9/><N who="3" m="2247" /><G37/><T77/><D77/><U90/><E109/><V63/><F63/><W112/><G53/><T111/><D111/><U129/><E2/><V116/><F4/><W130/><G44/><T71/><D71/><U56/><E56/><V5/><F5/><W65/><G65/><T92/><D49/><U135/><E135/><V87/><REACH who="2" step="1"/><F116/><REACH who="2" ten="236,534,165,55" step="2"/><W127/><G127/><T60/><D60/><U105/><E16/><V81/><F81/><N who="3" m="47271" /><G130/><N who="1" m="50282" /><E11/><V26/><F26/><N who="3" m="18839" /><G112/><T122/><D122/><U47/><E47/><V59/><F59/><W22/><G22/><T14/><D21/><U80/><AGARI ba="2,1" hai="79,80,86,90,94,95,96,99,102,105,106" m="50282" machi="80" ten="30,12000,1" yaku="19,1,34,2,52,2" doraHai="100" who="1" fromWho="1" sc="236,-42,534,136,165,-42,55,-42" /><INIT seed="5,3,0,3,3,49" ten="194,670,123,13" oya="1" hai0="120,69,2,134,48,56,41,47,98,45,16,74,27" hai1="129,93,24,42,83,86,105,91,108,130,117,57,58" hai2="102,55,73,99,28,81,6,30,125,107,31,101,132" hai3="90,50,121,9,10,54,100,34,44,18,25,11,103"/><U39/><E117/><V60/><F132/><W122/><G122/><T20/><D69/><U89/><E105/><V95/><F125/><W53/><G121/><T37/><D134/><U35/><E108/><V7/><F102/><W96/><G34/><T110/><D120/><U23/><E35/><V119/><F119/><W8/><N who="3" m="2048" /><DORA hai="1" /><W38/><G38/><T12/><D2/><U72/><E72/><V13/><F13/><W87/><G96/><T26/><D110/><U43/><E39/><V0/><F0/><W133/><G133/><T77/><D56/><U104/><E104/><V22/><F22/><W46/><G18/><T67/><D67/><U65/><E65/><V118/><F107/><W75/><G75/><T128/><D128/><N who="1" m="49259" /><E57/><N who="2" m="34879" /><F73/><W62/><G25/><T33/><D33/><U66/><E66/><V92/><F118/><W61/><G61/><T116/><D116/><U32/><E32/><V97/><F81/><W17/><G17/><T88/><D74/><U71/><E58/><V4/><F101/><W115/><G115/><T40/><D77/><U94/><E71/><V123/><F123/><W112/><G112/><T126/><D126/><U64/><E64/><V106/><F106/><W111/><G111/><T15/><D15/><U63/><E63/><V52/><F97/><W114/><G114/><T5/><D27/><U76/><E76/><V29/><F29/><W82/><G62/><T79/><D26/><U84/><E83/><V113/><F113/><W80/><G80/><T59/><D79/><U109/><E109/><V135/><F135/><W131/><G131/><RYUUKYOKU ba="3,0" sc="194,-15,670,15,123,-15,13,15" hai1="23,24,42,43,84,86,89,91,93,94" hai3="44,46,50,53,54,82,87,90,100,103" /><INIT seed="5,4,0,0,1,30" ten="179,685,108,28" oya="1" hai0="41,88,55,46,132,66,43,18,130,45,16,19,68" hai1="62,20,80,37,127,84,11,25,126,7,79,92,3" hai2="58,134,85,5,76,12,107,98,49,114,83,100,118" hai3="44,6,63,61,108,48,34,115,54,60,103,67,73"/><U52/><E37/><V102/><F118/><W47/><G73/><T128/><D132/><U51/><E62/><V91/><F134/><W56/><G108/><T64/><D88/><U69/><E69/><V117/><F117/><W95/><G6/><T90/><D90/><U21/><E92/><N who="2" m="56607" /><F107/><W82/><G82/><T120/><D120/><U119/><E119/><V113/><F5/><W122/><G122/><T24/><D24/><U31/><REACH who="1" step="1"/><E21/><REACH who="1" ten="179,675,108,28" step="2"/><V112/><F112/><W133/><G115/><T131/><D68/><U36/><E36/><V29/><F113/><W40/><G133/><T14/><D128/><U111/><E111/><V2/><F114/><W17/><G34/><T99/><D130/><U97/><E97/><V101/><F49/><N who="3" m="26759" /><G17/><T15/><D18/><U125/><E125/><V8/><F83/><W70/><G95/><T89/><D16/><U57/><AGARI ba="4,1" hai="3,7,11,20,25,31,51,52,57,79,80,84,126,127" machi="57" ten="30,6000,0" yaku="1,1,0,1,54,1,53,0" doraHai="30" doraHaiUra="124" who="1" fromWho="1" sc="179,-24,675,82,108,-24,28,-24" /><INIT seed="5,5,0,0,3,64" ten="155,757,84,4" oya="1" hai0="129,45,91,55,39,117,31,8,70,108,21,6,2" hai1="100,17,122,99,113,115,50,98,13,75,79,30,53" hai2="111,24,132,14,124,66,15,34,85,76,35,123,9" hai3="61,125,58,69,60,54,62,87,95,65,28,57,105"/><U74/><E30/><V134/><F111/><W37/><G105/><T41/><D108/><U1/><E1/><V3/><F66/><N who="3" m="41159" /><G28/><T109/><D109/><U94/><E122/><V82/><F123/><W102/><G87/><T92/><D129/><U73/><E50/><V135/><F124/><W51/><G95/><T0/><D117/><U118/><E53/><V12/><F24/><W49/><G102/><T46/><D2/><U83/><E118/><V16/><F3/><W116/><G116/><T10/><D10/><U78/><E13/><AGARI ba="5,0" hai="9,12,13,14,15,16,34,35,76,82,85,132,134,135" machi="13" ten="50,3200,0" yaku="20,1,54,1" doraHai="64" who="2" fromWho="1" sc="155,0,757,-47,84,47,4,0" /><INIT seed="6,0,0,4,2,28" ten="155,710,131,4" oya="2" hai0="114,26,109,27,84,90,91,106,63,131,81,103,134" hai1="30,89,118,8,80,10,41,36,96,104,38,3,123" hai2="39,66,2,64,125,73,59,55,17,58,86,33,102" hai3="31,37,29,75,25,45,61,6,22,77,16,124,83"/><V94/><F73/><W32/><G124/><T65/><D109/><U116/><E30/><V68/><F68/><W44/><G31/><T12/><D131/><U95/><E123/><V35/><F39/><W53/><G6/><T127/><D114/><U42/><E104/><V20/><F2/><W97/><G97/><T0/><D0/><U74/><E10/><V129/><F129/><W72/><G72/><T62/><D134/><U132/><E132/><V122/><F122/><W100/><G100/><T88/><D127/><U4/><E42/><V71/><F71/><W126/><G126/><T128/><D128/><U43/><E41/><V76/><F125/><W78/><G78/><N who="0" m="46135" /><D106/><U54/><E54/><V18/><F76/><W46/><G37/><T15/><D103/><U60/><E60/><N who="0" m="23081" /><D65/><U21/><E38/><V107/><F107/><W99/><G99/><T101/><D101/><U23/><E118/><V5/><F102/><W52/><G61/><T110/><D110/><U1/><E1/><V105/><F105/><W121/><G121/><T111/><D111/><U112/><E112/><V130/><F130/><W93/><G93/><T135/><D135/><U34/><E116/><V11/><F94/><W115/><G115/><T9/><D12/><U48/><E36/><V69/><F69/><W51/><G53/><T119/><D119/><U67/><E74/><V92/><F92/><W14/><AGARI ba="0,0" hai="14,16,22,25,29,32,44,45,46,51,52,75,77,83" machi="14" ten="20,8000,1" yaku="0,1,7,1,52,1,54,2" doraHai="28" who="3" fromWho="3" sc="155,-20,710,-20,131,-40,4,80" /><INIT seed="7,0,0,5,2,57" ten="135,690,91,84" oya="3" hai0="25,34,51,23,131,39,38,72,62,100,95,79,103" hai1="126,46,71,134,54,105,59,27,13,122,118,104,94" hai2="102,128,49,35,84,90,22,6,11,21,110,63,127" hai3="109,133,93,120,0,14,101,76,24,83,125,40,61"/><W99/><G120/><T119/><D119/><U30/><E122/><V88/><F35/><W69/><G0/><T41/><D34/><U111/><E118/><V55/><F110/><W73/><G109/><T3/><D3/><U98/><E111/><V43/><F128/><W130/><G130/><T5/><D5/><U132/><E71/><V10/><F102/><W28/><G125/><T64/><D51/><U37/><E126/><V60/><F43/><W12/><G133/><N who="1" m="51306" /><E13/><N who="2" m="5335" /><F11/><W44/><G69/><T47/><D95/><U121/><E46/><N who="2" m="28087" /><F90/><W112/><G61/><N who="2" m="23625" /><F127/><W31/><G112/><T77/><D39/><U16/><E37/><V19/><F19/><W33/><REACH who="3" step="1"/><G28/><REACH who="3" ten="135,690,91,74" step="2"/><T82/><D131/><U45/><E30/><V124/><F124/><W36/><AGARI ba="0,1" hai="12,14,24,31,33,36,40,44,73,76,83,93,99,101" machi="36" ten="20,7800,0" yaku="1,1,2,1,0,1,7,1,53,0" doraHai="57" doraHaiUra="52" who="3" fromWho="3" sc="135,-26,690,-26,91,-26,74,88" /><INIT seed="7,1,0,2,2,89" ten="109,664,65,162" oya="3" hai0="132,71,44,49,31,111,59,37,24,15,58,120,5" hai1="104,86,75,20,32,73,26,30,101,92,27,4,135" hai2="18,85,121,87,38,16,102,66,39,19,118,117,80" hai3="108,64,2,29,95,45,109,11,76,68,88,96,110"/><W127/><G76/><T3/><D111/><U34/><E135/><V72/><F72/><W51/><G29/><T114/><D114/><U126/><E4/><V10/><F121/><W93/><G64/><T35/><D120/><U123/><E123/><V0/><F102/><W124/><G68/><T128/><D3/><U105/><E105/><V107/><F107/><W98/><G11/><T7/><D71/><U62/><E126/><V116/><F66/><W113/><G2/><T119/><D119/><U125/><E125/><N who="3" m="48202" /><G45/><T13/><D132/><U69/><E34/><V47/><F47/><W81/><G51/><T122/><D122/><U100/><E100/><V8/><F0/><W46/><G46/><T12/><D128/><U56/><E69/><V79/><REACH who="2" step="1"/><F87/><REACH who="2" ten="109,664,55,162" step="2"/><N who="3" m="50287" /><G113/><T28/><D37/><AGARI ba="1,1" hai="8,10,16,18,19,37,38,39,79,80,85,116,117,118" machi="37" ten="50,3200,0" yaku="1,1,54,1,53,0" doraHai="89" doraHaiUra="94" who="2" fromWho="0" sc="109,-35,664,0,55,45,162,0" owari="74,-43.0,664,77.0,100,-30.0,162,-4.0" /></mjloggm>