<mjloggm ver="2.3"><GO type="185" lobby="0"/><UN n0="%70%6F%6E%5F%6B%61%73%75" n1="%63%61%6C%63%2E" n2="%E3%82%B3%E3%82%B3%E3%82%A2%E3%81%AF%E4%BF%BA%E3%81%AE%E5%AB%81" n3="" dan="16,19,17,0" rate="2179.40,2409.47,2230.98,1500.00" sx="M,M,F,C"/><TAIKYOKU oya="0"/><INIT seed="0,0,0,2,3,98" ten="350,350,350,0" oya="0" hai0="87,121,120,70,60,49,116,88,69,78,84,68,102" hai1="105,130,55,58,43,42,64,1,73,47,53,48,115" hai2="65,32,91,45,79,126,108,107,94,38,50,122,96" hai3=""/><T39/><N who="0" m="30752" /><T33/><N who="0" m="31008" /><T104/><D116/><U111/><E1/><V124/><N who="2" m="31264" /><V89/><F32/><T95/><D39/><U54/><E73/><V61/><F108/><T46/><D33/><U63/><E105/><V131/><F131/><T129/><D129/><U82/><E82/><V76/><F38/><T135/><D135/><U117/><E130/><V36/><F36/><T86/><D60/><U77/><E77/><V128/><F128/><T133/><D133/><U90/><E90/><V99/><F126/><T67/><D67/><U59/><E117/><V44/><F124/><T92/><D78/><U40/><E115/><V118/><F118/><T41/><REACH who="0" step="1"/><D104/><REACH who="0" ten="340,350,350,0" step="2"/><U101/><E111/><V3/><F107/><T51/><D51/><U134/><E134/><V100/><F50/><T2/><D2/><U71/><E101/><V57/><F3/><T109/><D109/><U81/><E81/><V72/><F76/><T52/><D52/><AGARI ba="0,1" hai="40,42,43,47,48,52,53,54,55,58,59,63,64,71" machi="52" ten="40,12000,2" yaku="35,6,54,1" doraHai="98" who="1" fromWho="0" sc="340,-120,350,130,350,0,0,0" /><INIT seed="1,0,0,0,2,50" ten="220,480,350,0" oya="1" hai0="128,117,131,44,54,38,119,108,70,57,89,77,134" hai1="35,93,46,132,36,68,60,96,1,97,86,33,109" hai2="126,110,84,0,127,55,111,95,47,113,101,82,64" hai3=""/><U2/><E86/><V122/><N who="2" m="31264" /><V133/><F0/><T90/><D70/><U49/><E36/><V53/><F64/><T43/><D77/><U81/><E81/><V118/><F118/><N who="0" m="45066" /><D134/><U87/><E132/><V59/><F133/><T69/><D69/><U62/><E87/><V58/><F47/><T41/><D41/><U129/><E68/><V112/><F95/><T92/><D108/><N who="2" m="41514" /><F101/><T45/><D45/><U107/><E109/><V61/><F84/><T74/><D74/><U130/><E46/><V120/><N who="2" m="30752" /><V99/><F99/><T75/><D75/><U116/><E116/><V32/><F32/><T78/><D78/><U48/><E93/><V85/><F85/><T114/><D114/><N who="2" m="44138" /><F82/><T104/><D104/><AGARI ba="0,0" hai="1,2,33,35,48,49,60,62,96,97,104,107,129,130" machi="104" ten="25,2400,0" yaku="22,2" doraHai="50" who="1" fromWho="0" sc="220,-24,480,24,350,0,0,0" /><INIT seed="1,1,0,4,4,115" ten="196,504,350,0" oya="1" hai0="44,69,74,64,84,99,76,95,81,58,131,80,75" hai1="135,110,109,106,111,133,52,117,134,37,57,46,96" hai2="65,123,92,91,39,60,128,55,61,35,101,50,0" hai3=""/><U122/><N who="1" m="31264" /><U119/><E106/><V98/><N who="2" m="31520" /><V112/><F0/><T94/><D69/><U107/><E107/><V42/><F112/><T102/><D64/><U82/><E96/><V104/><F35/><T87/><D58/><U93/><E93/><V100/><F128/><T88/><D44/><U2/><E82/><V48/><F101/><T79/><D131/><U45/><E2/><V68/><F60/><T1/><D1/><U32/><E32/><V113/><F113/><T33/><D33/><U54/><E46/><V36/><F100/><T116/><D116/><N who="1" m="44619" /><E57/><V63/><F104/><T43/><D43/><AGARI ba="1,0" hai="37,43,45,52,54,109,110,111,133,134,135" m="44619,31264" machi="43" ten="50,24000,3" yaku="14,1,10,1,20,1,34,2,52,4,54,1" doraHai="115" who="1" fromWho="0" sc="196,-242,504,242,350,0,0,0" owari="-46,-65.0,746,70.0,350,-5.0,0,0.0" /></mjloggm>