<mjloggm ver="2.3"><GO type="169" lobby="0"/><UN n0="%6B%6F%62%6F%7A" n1="%E7%94%9F%E7%B2%8B%E3%81%AE%E7%85%BD%E3%83%A9%E3%83%BC%E2%99%AA" n2="%E3%81%8B%E3%81%A5%E3%81%8D%EF%BC%B8%EF%BC%A9" n3="%E3%81%A1%E3%82%83%E3%82%8B%E5%AD%90" dan="18,16,16,17" rate="2197.48,2064.09,2102.53,2239.53" sx="M,M,M,M"/><TAIKYOKU oya="0"/><INIT seed="0,0,0,2,0,27" ten="250,250,250,250" oya="0" hai0="85,37,43,47,89,1,113,100,10,98,65,63,49" hai1="61,78,125,128,73,7,84,0,31,52,54,77,101" hai2="121,69,23,76,96,81,117,114,33,71,74,124,86" hai3="26,42,105,35,56,111,106,118,25,131,51,53,34"/><T28/><D113/><U17/><E73/><V12/><F114/><W48/><G118/><T58/><D1/><U66/><E128/><V132/><F121/><W20/><G131/><T133/><D133/><U29/><E125/><V68/><F124/><W19/><G111/><T102/><D10/><U22/><E101/><V104/><F33/><W11/><G11/><T88/><D37/><U129/><E7/><V72/><F132/><W3/><G3/><T91/><D102/><U32/><E32/><V39/><F39/><W18/><G35/><T87/><REACH who="0" step="1"/><D28/><REACH who="0" ten="240,250,250,250" step="2"/><N who="1" m="10827" /><E0/><V70/><F117/><W38/><G38/><T75/><D75/><U99/><E129/><V64/><F74/><W8/><G8/><T24/><D24/><N who="1" m="14415" /><E99/><V97/><F96/><W5/><G34/><T116/><D116/><U127/><E127/><V126/><F97/><W90/><G5/><T110/><D110/><U15/><E15/><V9/><F12/><W92/><G26/><T107/><AGARI ba="0,1" hai="43,47,49,58,63,65,85,87,88,89,91,98,100,107" machi="107" ten="30,12000,1" yaku="1,1,0,1,54,1,53,2" doraHai="27" doraHaiUra="80" who="0" fromWho="0" sc="240,130,250,-40,250,-40,250,-40" /><INIT seed="0,1,0,5,1,83" ten="370,210,210,210" oya="0" hai0="44,119,108,36,65,95,32,100,6,63,124,48,52" hai1="41,43,0,90,50,28,12,91,71,85,115,130,80" hai2="56,112,58,21,120,46,111,113,89,101,94,117,25" hai3="109,66,70,10,88,131,64,34,133,118,49,35,61"/><T92/><D119/><U51/><E0/><V114/><F111/><W39/><G118/><T106/><D6/><U60/><E130/><V23/><F120/><W4/><G109/><T134/><D108/><U31/><E115/><V54/><F101/><W77/><G39/><T75/><D75/><U103/><E103/><V104/><F104/><W1/><G133/><T20/><D134/><U22/><E71/><V73/><F73/><W2/><G77/><T82/><D32/><U3/><E3/><V126/><F126/><W47/><G66/><T30/><D36/><U55/><E60/><V7/><F7/><W5/><G131/><T132/><D82/><U107/><E107/><V38/><F38/><W86/><G5/><T67/><D67/><U93/><E51/><V42/><F42/><N who="1" m="15881" /><E22/><V27/><F117/><W105/><G105/><T29/><D132/><U127/><E12/><V79/><F79/><W45/><G1/><T68/><D124/><U26/><E26/><V19/><F46/><W96/><G47/><T59/><D68/><U72/><E72/><V97/><F54/><W69/><G69/><T74/><D74/><U18/><E18/><AGARI ba="1,0" hai="18,19,21,23,25,27,56,58,89,94,97,112,113,114" machi="18" ten="40,1300,0" yaku="9,1" doraHai="83" who="2" fromWho="1" sc="370,0,210,-16,210,16,210,0" /><INIT seed="1,0,0,4,5,66" ten="370,194,226,210" oya="1" hai0="86,113,134,110,21,88,73,97,33,123,125,84,56" hai1="60,51,92,17,58,72,38,71,112,107,4,99,36" hai2="75,87,131,135,14,94,34,19,118,30,29,103,106" hai3="67,54,48,116,5,59,20,64,11,111,24,50,76"/><U95/><E72/><V27/><F75/><W70/><G111/><T47/><D33/><U7/><E112/><V129/><F106/><W63/><G116/><T114/><D47/><U91/><E107/><V80/><F118/><W89/><G76/><T104/><D73/><U9/><E51/><V130/><F135/><W93/><G67/><T96/><D56/><U16/><E71/><V100/><F30/><W85/><G48/><T43/><D21/><U42/><E42/><V23/><REACH who="2" step="1"/><F94/><REACH who="2" ten="370,194,216,210" step="2"/><W122/><G122/><T49/><D104/><U35/><E95/><V32/><F32/><W121/><G121/><T6/><D134/><U83/><E35/><V13/><F13/><W18/><G24/><T127/><D123/><U41/><E92/><V119/><F119/><W53/><G93/><T25/><D25/><U37/><E99/><V77/><AGARI ba="0,1" hai="14,19,23,27,29,34,77,80,87,100,103,129,130,131" machi="77" ten="30,4000,0" yaku="1,1,0,1,19,1,53,0" doraHai="66" doraHaiUra="39" who="2" fromWho="2" sc="370,-10,194,-20,216,50,210,-10" /><INIT seed="2,0,0,0,3,29" ten="360,174,266,200" oya="2" hai0="85,102,69,96,44,64,38,0,101,53,21,130,30" hai1="42,124,123,133,68,22,105,59,3,112,132,31,79" hai2="25,24,52,2,23,78,4,122,117,14,63,125,9" hai3="32,94,100,106,84,46,71,110,28,80,5,55,116"/><V17/><F117/><W16/><G116/><T33/><D21/><U61/><E105/><V62/><F122/><W83/><G110/><T75/><D85/><U6/><E112/><V99/><F125/><W126/><G126/><T120/><D102/><U121/><E124/><V107/><F78/><W36/><G5/><T115/><D53/><U51/><E79/><V111/><F111/><W72/><G72/><T109/><D0/><U92/><E92/><V41/><F41/><W98/><G71/><T57/><D57/><U50/><E6/><V35/><F25/><W26/><G16/><T40/><D115/><U90/><E22/><V27/><F24/><W13/><G13/><T7/><D7/><U119/><E90/><V60/><F99/><W134/><G134/><N who="1" m="51818" /><E31/><N who="2" m="19967" /><F107/><W104/><G83/><T66/><D30/><U58/><E3/><V128/><F128/><W127/><G127/><T86/><D130/><U103/><E103/><V11/><F11/><W81/><G81/><T43/><D101/><U88/><E88/><V20/><F20/><W8/><G8/><T74/><D96/><U93/><E93/><V129/><F129/><W1/><G1/><T48/><D109/><U97/><E97/><V12/><F12/><W87/><G87/><T49/><D86/><U73/><E73/><V19/><F19/><W82/><G82/><T108/><D75/><U118/><E118/><V89/><F89/><N who="3" m="51335" /><G55/><AGARI ba="0,0" hai="2,4,9,14,17,23,52,55,60,62,63" m="19967" machi="55" ten="30,5800,0" yaku="24,1,52,1,54,1" doraHai="29" who="2" fromWho="3" sc="360,0,174,0,266,58,200,-58" /><INIT seed="2,1,0,4,2,19" ten="360,174,324,142" oya="2" hai0="64,65,98,29,109,87,58,124,56,127,6,93,123" hai1="33,110,41,23,85,1,54,35,71,22,55,77,15" hai2="121,21,134,49,130,69,13,3,100,103,52,92,102" hai3="120,106,104,31,11,95,26,125,78,4,12,25,131"/><V42/><F3/><W14/><G120/><T79/><D123/><U24/><E71/><V84/><F69/><W126/><G78/><T27/><D6/><U32/><E110/><V18/><F121/><W46/><G131/><T48/><D109/><U51/><E1/><V44/><F130/><W40/><G95/><T70/><D70/><U73/><E73/><V57/><F134/><W119/><G14/><T88/><D65/><U63/><E15/><V97/><REACH who="2" step="1"/><F84/><REACH who="2" ten="360,174,314,142" step="2"/><W89/><G119/><T8/><D87/><U59/><E41/><V53/><F53/><W34/><G126/><T36/><D64/><U76/><E24/><V101/><F101/><W132/><G125/><T107/><D127/><U80/><REACH who="1" step="1"/><E76/><REACH who="1" ten="360,164,314,142" step="2"/><V135/><F135/><W50/><G132/><T47/><D79/><U17/><E17/><V5/><F5/><W28/><REACH who="3" step="1"/><G89/><REACH who="3" ten="360,164,314,132" step="2"/><T111/><D88/><U128/><E128/><V122/><F122/><W133/><G133/><T39/><D124/><U116/><E116/><V81/><F81/><W74/><G74/><T94/><D111/><U115/><E115/><V72/><F72/><W75/><G75/><T43/><D43/><U10/><E10/><V112/><F112/><W37/><G37/><AGARI ba="1,3" hai="13,18,21,37,42,44,49,52,57,92,97,100,102,103" machi="37" ten="30,11600,0" yaku="1,1,7,1,52,1,54,1,53,0" doraHai="19" doraHaiUra="129" who="2" fromWho="3" sc="360,0,164,0,314,149,132,-119" /><INIT seed="2,2,0,0,1,105" ten="360,164,463,13" oya="2" hai0="98,135,95,106,47,101,13,19,124,6,97,130,126" hai1="120,43,122,125,107,50,104,64,112,48,35,83,103" hai2="128,1,23,80,109,8,34,45,10,3,81,74,44" hai3="85,65,88,89,56,46,61,52,5,55,24,127,68"/><V32/><F128/><W134/><G134/><T75/><D130/><U16/><E112/><V22/><REACH who="2" step="1"/><F74/><REACH who="2" ten="360,164,453,13" step="2"/><W57/><G127/><T0/><D75/><U26/><E125/><V78/><F78/><W94/><G5/><T82/><D126/><U28/><E122/><V84/><F84/><W91/><G46/><T108/><D6/><U29/><E120/><V39/><F39/><W25/><G91/><T30/><D124/><U21/><E103/><V9/><F9/><W90/><G90/><T38/><D47/><U36/><E36/><V70/><F70/><W41/><G41/><T7/><D101/><U86/><E43/><V92/><F92/><N who="3" m="54319" /><G68/><T17/><D7/><U37/><E37/><V110/><AGARI ba="2,1" hai="1,3,8,10,22,23,32,34,44,45,80,81,109,110" machi="110" ten="25,9600,0" yaku="1,1,0,1,22,2,53,0" doraHai="105" doraHaiUra="93" who="2" fromWho="2" sc="360,-34,164,-34,453,112,13,-34" owari="326,13.0,130,-27.0,565,66.0,-21,-52.0" /></mjloggm>