<mjloggm ver="2.3"><GO type="169" lobby="0"/><UN n0="%E3%81%AF%E3%81%BF%E3%82%82%E3%82%93" n1="%E3%81%98%E3%81%98%E3%81%84%E3%81%8C%E5%91%BC%E3%82%93%E3%81%A0" n2="%E9%81%8A%E8%B5%B0" n3="%62%75%72%65%61%36" dan="18,16,17,16" rate="2161.30,2061.92,2176.89,2106.22" sx="M,M,M,M"/><TAIKYOKU oya="0"/><INIT seed="0,0,0,2,1,99" ten="250,250,250,250" oya="0" hai0="50,86,0,2,117,90,88,79,81,51,96,127,70" hai1="3,103,17,92,109,85,71,26,37,13,132,44,62" hai2="32,40,119,66,31,84,82,4,98,95,38,76,22" hai3="53,21,47,75,27,74,30,10,69,42,52,129,58"/><T48/><D117/><U23/><E109/><V43/><F119/><W29/><G129/><T41/><D41/><U128/><E3/><V36/><F32/><W93/><G69/><T108/><D70/><U101/><E128/><V11/><F66/><W116/><G116/><T83/><D108/><U64/><E132/><V113/><F113/><W102/><G30/><T68/><D68/><U72/><E72/><V78/><F78/><W61/><G10/><T135/><D135/><U46/><E37/><V121/><F121/><W107/><G107/><T6/><D127/><U34/><E34/><V25/><F38/><W112/><G112/><T65/><D65/><U130/><E130/><V49/><F49/><N who="3" m="26871" /><G75/><T91/><D6/><U133/><E133/><V33/><F33/><W106/><G106/><T110/><D110/><U16/><E46/><V9/><F9/><W94/><G74/><T5/><D5/><U24/><E44/><V134/><F36/><W104/><G104/><T131/><D131/><U118/><E118/><V63/><F63/><W39/><G39/><T67/><D67/><U56/><E71/><V73/><F73/><W115/><G115/><T14/><D81/><U120/><E17/><V54/><F54/><N who="3" m="34007" /><G94/><T100/><REACH who="0" step="1"/><D14/><REACH who="0" ten="240,250,250,250" step="2"/><U87/><E120/><V28/><F134/><W126/><G126/><T97/><D97/><AGARI ba="0,1" hai="21,27,29,52,53,93,97,102" m="34007,26871" machi="97" ten="30,3900,0" yaku="8,1,52,1,54,1" doraHai="99" who="3" fromWho="0" sc="240,-39,250,0,250,0,250,49" /><INIT seed="1,0,0,1,5,133" ten="201,250,250,299" oya="1" hai0="55,48,18,87,70,94,52,130,22,91,86,44,64" hai1="135,108,85,17,57,1,134,65,90,43,23,20,59" hai2="77,129,37,0,49,96,10,28,50,4,105,47,71" hai3="109,115,113,41,42,118,53,62,35,3,112,7,93"/><U110/><E1/><V101/><F129/><W80/><G35/><T124/><D130/><U66/><E43/><V33/><F77/><W114/><G7/><T14/><D124/><U123/><E85/><V82/><F82/><W104/><G3/><T12/><D70/><U131/><E131/><V121/><F121/><W128/><G104/><T79/><D64/><N who="1" m="24683" /><E90/><V34/><F71/><W116/><G128/><T38/><D38/><U107/><E107/><V120/><F120/><W21/><G112/><T9/><D79/><U30/><E30/><V39/><F50/><W54/><G80/><T32/><D32/><U73/><E73/><V88/><F33/><W67/><G93/><T78/><D78/><U46/><E46/><V98/><F28/><W60/><G21/><N who="1" m="8266" /><E17/><V92/><REACH who="2" step="1"/><F34/><REACH who="2" ten="201,250,240,299" step="2"/><W74/><G113/><T72/><D72/><U127/><E123/><V76/><F76/><W25/><G74/><T16/><REACH who="0" step="1"/><D86/><REACH who="0" ten="191,250,240,299" step="2"/><U51/><E135/><V58/><F58/><N who="3" m="34895" /><G114/><T89/><D89/><U36/><E134/><V99/><F99/><W24/><G115/><T103/><D103/><U2/><E59/><V132/><F132/><W8/><G116/><T69/><D69/><U68/><E68/><V45/><F45/><W125/><G118/><T126/><D126/><U63/><E127/><V83/><F83/><W75/><G125/><T40/><AGARI ba="0,2" hai="9,12,14,16,18,22,40,44,48,52,55,87,91,94" machi="40" ten="20,12000,2" yaku="1,1,0,1,7,1,8,1,54,2,53,0" doraHai="133" doraHaiUra="97" who="0" fromWho="0" sc="191,140,250,-60,240,-30,299,-30" /><INIT seed="2,0,0,1,3,80" ten="331,190,210,269" oya="2" hai0="132,64,87,120,19,60,37,97,0,53,78,125,83" hai1="115,122,126,45,114,46,107,14,104,4,8,129,93" hai2="29,69,61,111,34,24,86,100,91,38,28,42,121" hai3="123,49,118,17,75,32,21,92,52,81,99,10,31"/><V30/><F121/><W5/><G118/><T59/><D0/><U1/><E122/><V39/><F111/><W55/><G123/><T84/><D120/><U105/><E126/><V40/><F100/><W95/><G32/><T124/><D37/><U116/><E116/><V47/><F69/><W71/><G71/><T13/><D132/><U131/><E1/><V66/><F66/><W128/><G31/><T134/><D134/><U79/><E79/><V135/><F61/><W94/><G128/><N who="1" m="49226" /><E93/><V127/><F127/><N who="0" m="48714" /><D97/><U41/><E41/><V48/><F135/><W112/><G112/><AGARI ba="0,0" hai="4,8,14,45,46,104,105,107,112,114,115" m="49226" machi="112" ten="40,1300,0" yaku="19,1" doraHai="80" who="1" fromWho="3" sc="331,0,190,13,210,0,269,-13" /><INIT seed="3,0,0,2,4,27" ten="331,203,210,256" oya="3" hai0="49,10,1,85,0,39,93,96,59,122,127,82,74" hai1="32,106,2,33,75,114,130,58,83,111,104,72,91" hai2="36,6,94,84,44,92,116,129,18,54,89,79,14" hai3="43,48,134,102,109,29,135,77,30,8,131,98,76"/><W16/><G131/><T108/><D39/><U110/><E114/><V9/><F116/><W21/><G109/><N who="1" m="41482" /><E2/><V126/><F129/><W62/><G62/><T87/><D74/><N who="1" m="28203" /><E130/><V103/><F126/><W13/><G43/><T63/><D122/><U133/><E58/><V40/><F79/><N who="3" m="30283" /><G48/><T38/><D49/><U66/><E66/><V107/><F107/><N who="1" m="41001" /><E133/><N who="3" m="50698" /><G8/><T22/><D10/><U88/><E83/><V86/><F54/><W118/><G118/><T68/><D82/><U97/><E97/><V99/><REACH who="2" step="1"/><F84/><REACH who="2" ten="331,203,200,256" step="2"/><W113/><G113/><T5/><D85/><U37/><E37/><V24/><F24/><W119/><G119/><T31/><D87/><U70/><E70/><V46/><F46/><W19/><G19/><AGARI ba="0,1" hai="6,9,14,18,19,36,40,44,86,89,92,94,99,103" machi="19" ten="40,1300,0" yaku="1,1,53,0" doraHai="27" doraHaiUra="52" who="2" fromWho="3" sc="331,0,203,0,200,23,256,-13" /><INIT seed="4,0,0,2,1,115" ten="331,203,223,243" oya="0" hai0="27,42,15,3,105,89,60,103,38,72,40,124,58" hai1="132,18,20,109,12,69,31,116,86,82,128,6,97" hai2="57,125,55,21,62,34,101,26,47,2,90,9,71" hai3="78,11,84,66,108,23,25,0,120,93,118,95,22"/><T91/><D3/><U56/><E69/><V54/><F34/><W80/><G108/><T75/><D124/><U50/><E109/><V119/><F119/><W110/><G110/><T19/><D72/><U127/><E127/><V123/><F125/><W13/><G120/><T30/><D75/><U41/><E128/><V73/><F71/><W100/><G118/><T122/><D122/><U48/><E116/><V61/><F73/><W102/><G0/><T35/><D103/><N who="3" m="39465" /><G66/><T112/><D105/><U68/><E68/><V87/><F123/><W44/><G44/><T51/><D38/><U85/><E132/><V4/><F101/><W29/><G23/><T129/><D129/><U53/><E6/><AGARI ba="0,0" hai="6,11,13,22,25,29,78,80,84,93,95" m="39465" machi="6" ten="30,1000,0" yaku="8,1" doraHai="115" who="3" fromWho="1" sc="331,0,203,-10,223,0,243,10" /><INIT seed="5,0,0,4,0,104" ten="331,193,223,253" oya="1" hai0="15,101,5,126,116,16,44,86,52,103,47,31,55" hai1="63,54,28,40,4,134,65,35,110,118,39,75,59" hai2="108,132,9,109,49,84,125,124,26,79,130,20,29" hai3="17,13,33,73,105,115,96,102,94,37,72,127,57"/><U42/><E118/><V14/><F49/><W7/><G33/><T61/><D126/><N who="2" m="48746" /><F79/><W90/><G127/><T48/><D31/><U30/><E110/><N who="2" m="42603" /><F84/><W32/><G32/><T114/><D5/><U89/><E134/><V71/><F71/><W120/><G7/><T67/><D114/><U87/><E75/><V62/><F62/><W56/><G37/><T133/><D133/><U117/><E117/><V19/><F132/><W112/><G120/><T46/><D116/><U60/><E39/><V122/><F130/><W119/><G119/><T3/><D3/><U66/><E35/><V6/><F122/><W51/><G57/><N who="0" m="37295" /><D86/><U53/><E87/><V88/><F88/><W34/><G34/><T68/><D68/><U99/><E89/><V80/><F80/><W106/><G56/><N who="0" m="32775" /><D55/><U100/><E59/><V69/><F69/><W43/><G51/><T8/><AGARI ba="0,0" hai="8,15,16,44,46,47,101,103" m="32775,37295" machi="8" ten="30,4000,0" yaku="8,1,54,2" doraHai="104" who="0" fromWho="0" sc="331,40,193,-20,223,-10,253,-10" /><INIT seed="6,0,0,4,0,56" ten="371,173,213,243" oya="2" hai0="86,105,128,33,25,38,13,59,87,79,78,49,123" hai1="112,92,12,81,16,119,19,57,127,94,65,28,0" hai2="108,90,40,26,41,42,63,20,120,67,36,125,46" hai3="102,27,31,83,115,4,9,35,88,100,110,69,97"/><V76/><F120/><W17/><G110/><T73/><D38/><U95/><E119/><V99/><F108/><W39/><G39/><T135/><D105/><U107/><E112/><V111/><F111/><W11/><G69/><T122/><D135/><U48/><E0/><V93/><F76/><W72/><G115/><T22/><D128/><U21/><E127/><V134/><F134/><W23/><G4/><T103/><D33/><U18/><E107/><V101/><F90/><W7/><G9/><T124/><D103/><U58/><E28/><V77/><F77/><W113/><G113/><T6/><D73/><U54/><REACH who="1" step="1"/><E81/><REACH who="1" ten="371,163,213,243" step="2"/><V50/><F125/><W75/><G83/><T34/><D124/><U15/><E15/><V47/><F36/><W44/><G31/><T32/><D13/><U52/><E52/><V51/><F42/><W118/><G118/><T2/><D2/><U70/><E70/><V24/><F20/><W68/><G68/><AGARI ba="0,1" hai="24,26,40,41,46,47,50,51,63,67,68,93,99,101" machi="68" ten="30,5800,0" yaku="7,1,9,1,52,1" doraHai="56" who="2" fromWho="3" sc="371,0,163,0,213,68,243,-58" /><INIT seed="6,1,0,1,5,117" ten="371,163,281,185" oya="2" hai0="80,1,44,115,69,84,22,52,51,100,102,55,73" hai1="0,88,134,54,81,108,9,99,4,10,6,97,53" hai2="125,57,60,20,35,46,24,63,37,19,50,92,78" hai3="18,56,17,116,130,133,36,45,8,11,79,90,98"/><V15/><F37/><W74/><G116/><T27/><D1/><U5/><E108/><V38/><F38/><W131/><G56/><T64/><D73/><U106/><E134/><V66/><F125/><W89/><G79/><T2/><D2/><U67/><E67/><V23/><F35/><W82/><G82/><T40/><D115/><U76/><E106/><V39/><F39/><W126/><G74/><T59/><D64/><U13/><E5/><V43/><F78/><W31/><G31/><N who="0" m="17911" /><D69/><U95/><E99/><V105/><F105/><W7/><G98/><T77/><D40/><U25/><E25/><V93/><REACH who="2" step="1"/><F60/><AGARI ba="1,0" hai="44,51,52,55,59,60,77,80,84,100,102" m="17911" machi="60" ten="30,2000,0" yaku="8,1,54,1" doraHai="117" who="0" fromWho="2" sc="371,23,163,0,281,-23,185,0" /><INIT seed="7,0,0,4,5,124" ten="394,163,258,185" oya="3" hai0="41,38,106,0,13,116,125,108,37,8,113,47,48" hai1="64,18,126,67,73,28,82,14,87,58,76,5,103" hai2="55,10,85,95,50,84,56,61,23,86,107,75,135" hai3="4,102,49,121,114,59,72,11,52,120,44,3,110"/><W127/><G72/><T79/><D0/><U27/><E126/><V81/><F107/><W83/><G127/><T65/><D106/><U63/><E73/><V101/><F135/><W16/><G114/><T70/><D116/><U68/><E5/><V2/><F23/><W109/><G102/><T111/><D79/><U6/><E6/><V39/><F39/><W19/><G83/><T62/><D113/><U93/><E68/><V88/><F2/><W118/><G118/><T12/><D12/><U130/><E130/><V115/><F115/><W105/><G105/><T80/><D80/><U30/><E67/><V29/><F29/><W40/><G121/><T112/><D112/><U45/><E45/><V134/><F134/><W60/><REACH who="3" step="1"/><G120/><REACH who="3" ten="394,163,258,175" step="2"/><T98/><D125/><U99/><E27/><V89/><F75/><W123/><G123/><T20/><D108/><AGARI ba="0,1" hai="3,4,11,16,19,40,44,49,52,59,60,108,109,110" machi="108" ten="40,12000,1" yaku="1,1,10,1,54,2,53,0" doraHai="124" doraHaiUra="78" who="3" fromWho="0" sc="394,-120,163,0,258,0,175,130" owari="274,7.0,163,-34.0,258,-14.0,305,41.0" /></mjloggm>