<mjloggm ver="2.3"><GO type="169" lobby="0"/><UN n0="%EF%BC%A0%E6%A1%9C%E4%BA%95%EF%BC%A0" n1="%E3%81%B5%E3%81%81%E3%82%93%E3%81%A7%E3%82%8B%E3%81%95%E3%83%BC%E3%82%8B" n2="%E3%82%84%E3%81%BE%E3%81%8C%E3%82%89%E3%83%BC" n3="%E3%82%B7%E3%83%A3%E3%82%AD%E3%82%AA%E3%83%8B" dan="17,16,17,16" rate="2191.61,2159.44,2176.47,2145.22" sx="M,M,M,M"/><TAIKYOKU oya="0"/><INIT seed="0,0,0,2,2,33" ten="250,250,250,250" oya="0" hai0="121,61,0,31,27,130,65,63,32,73,102,2,117" hai1="3,37,46,98,134,13,68,44,126,8,40,18,53" hai2="62,43,45,15,52,135,72,85,4,22,89,103,26" hai3="94,57,109,111,74,83,115,12,122,38,23,71,24"/><T54/><D121/><U60/><E126/><V86/><F72/><W9/><G71/><T51/><D117/><U76/><E76/><V91/><F103/><W19/><G38/><T129/><D73/><U35/><E35/><V133/><F4/><W69/><G69/><T14/><D102/><U112/><E134/><N who="2" m="51211" /><F15/><W104/><G104/><T11/><D54/><U75/><E75/><V39/><F86/><W118/><G118/><T59/><D51/><U34/><E34/><V5/><F5/><W106/><G106/><T49/><D49/><U128/><E46/><V88/><F85/><W7/><G115/><T105/><D63/><U36/><E128/><N who="0" m="49257" /><D105/><U132/><E36/><V66/><F52/><W124/><G124/><T101/><D101/><U95/><E112/><V96/><F96/><W84/><G122/><T16/><AGARI ba="0,0" hai="0,2,11,14,16,27,31,32,59,61,65" m="49257" machi="16" ten="30,11700,0" yaku="19,1,52,2,54,1" doraHai="33" who="0" fromWho="0" sc="250,117,250,-39,250,-39,250,-39" /><INIT seed="0,1,0,1,2,51" ten="367,211,211,211" oya="0" hai0="99,47,76,88,126,8,25,65,41,133,26,38,19" hai1="78,98,15,100,97,74,55,6,42,101,63,43,127" hai2="117,61,29,27,59,118,103,81,56,5,124,7,135" hai3="69,28,77,83,32,53,70,45,107,89,123,54,128"/><T122/><D122/><U109/><E109/><V131/><F131/><W67/><G107/><T82/><D65/><U39/><E39/><V12/><F124/><W40/><G128/><T33/><D126/><U104/><E127/><V4/><F135/><W21/><G32/><T106/><D133/><U91/><E91/><V57/><F103/><W132/><G132/><T129/><D129/><U16/><E6/><V95/><F95/><W35/><G35/><T108/><D108/><U3/><E3/><V80/><F12/><W50/><G123/><T44/><D33/><U111/><E78/><V84/><F61/><W0/><G0/><T79/><D47/><U75/><E75/><V18/><F18/><W94/><G67/><T90/><D26/><U46/><E74/><V37/><F37/><W114/><G114/><T22/><D8/><U14/><E14/><V92/><F92/><W62/><G62/><T9/><D9/><U96/><E111/><V134/><F134/><W110/><G110/><T72/><REACH who="0" step="1"/><D79/><REACH who="0" ten="357,211,211,211" step="2"/><U49/><E104/><V13/><F13/><W30/><G70/><T105/><D105/><U102/><E63/><V116/><REACH who="2" step="1"/><F84/><REACH who="2" ten="357,211,201,211" step="2"/><N who="3" m="48239" /><G69/><T71/><D71/><U120/><REACH who="1" step="1"/><E120/><REACH who="1" ten="357,201,201,211" step="2"/><V64/><F64/><W86/><G21/><AGARI ba="1,3" hai="15,16,21,42,43,46,49,55,96,97,98,100,101,102" machi="21" ten="40,8000,1" yaku="1,1,2,1,8,1,52,1,54,1,53,0" doraHai="51" doraHaiUra="20" who="1" fromWho="3" sc="357,0,201,113,201,0,211,-83" /><AGARI ba="1,0" hai="4,5,7,21,27,29,56,57,59,80,81,116,117,118" machi="21" ten="50,8000,1" yaku="1,1,29,2,12,1,53,1" doraHai="51" doraHaiUra="20" who="2" fromWho="3" sc="357,0,314,0,201,80,128,-80" /><INIT seed="1,0,0,4,1,9" ten="357,314,281,48" oya="1" hai0="120,78,119,47,79,123,49,62,53,96,61,92,118" hai1="50,93,12,135,91,122,40,99,13,68,126,1,60" hai2="77,51,45,98,22,44,5,59,110,100,35,97,112" hai3="128,29,76,75,81,2,11,117,48,6,111,132,33"/><U83/><E122/><N who="0" m="46633" /><D78/><U133/><E1/><V21/><F35/><W105/><G105/><T66/><D79/><U4/><E126/><V87/><F110/><W108/><G132/><N who="1" m="50762" /><E4/><V58/><F112/><W26/><G128/><T69/><D62/><U102/><E40/><V46/><F5/><W19/><G48/><T106/><D106/><N who="1" m="63839" /><E83/><N who="2" m="47599" /><F51/><W85/><G85/><T37/><D37/><U94/><E50/><V70/><F70/><W74/><G74/><T41/><D41/><U14/><E91/><AGARI ba="0,0" hai="47,49,53,61,66,69,91,92,96,118,119" m="46633" machi="91" ten="30,1000,0" yaku="13,1" doraHai="9" who="0" fromWho="1" sc="357,10,314,-10,281,0,48,0" /><INIT seed="2,0,0,1,4,7" ten="367,304,281,48" oya="2" hai0="31,84,13,116,68,37,4,15,32,2,23,47,28" hai1="88,91,90,29,95,25,20,75,3,12,102,107,9" hai2="27,122,73,123,134,97,8,119,120,96,128,92,74" hai3="113,82,51,101,77,63,67,133,80,39,79,85,17"/><V58/><F119/><W5/><G39/><T124/><D68/><U61/><E75/><V69/><F69/><W60/><G133/><T105/><D105/><U108/><E108/><V72/><F134/><W106/><G113/><T115/><D84/><U65/><E107/><V83/><F128/><W11/><G106/><T78/><D78/><U36/><E3/><V127/><F127/><W55/><G101/><T19/><D47/><U21/><E36/><V130/><F130/><W70/><G17/><N who="0" m="10687" /><D37/><U121/><E121/><V42/><F42/><W129/><G63/><T53/><D53/><U16/><E21/><V117/><F117/><W118/><G118/><T54/><D54/><U100/><REACH who="1" step="1"/><E95/><REACH who="1" ten="367,294,281,48" step="2"/><V76/><F73/><W30/><G129/><T10/><D116/><U86/><E86/><V94/><F72/><W34/><G34/><T110/><D110/><U22/><E22/><V111/><F111/><W125/><G125/><T81/><D124/><U87/><E87/><V14/><F94/><W66/><G80/><T18/><D81/><U40/><E40/><V57/><F27/><W52/><G77/><T132/><D132/><U109/><E109/><V33/><F33/><W24/><G51/><T35/><D115/><U131/><E131/><V71/><F92/><W89/><G79/><T26/><D35/><U1/><E1/><V135/><F135/><W46/><G46/><T62/><D32/><U38/><E38/><V112/><F112/><W45/><G45/><T114/><D114/><U41/><E41/><V44/><F76/><W6/><G82/><T103/><D2/><RYUUKYOKU ba="0,1" sc="367,-10,294,30,281,-10,48,-10" hai1="9,12,16,20,25,29,61,65,88,90,91,100,102" /><INIT seed="3,1,1,5,5,114" ten="357,324,271,38" oya="3" hai0="123,106,118,52,127,101,125,68,45,54,126,129,25" hai1="128,59,80,131,43,62,96,58,1,93,119,49,85" hai2="50,33,124,113,18,83,111,17,48,121,99,2,60" hai3="35,34,6,57,109,86,87,94,117,97,66,108,71"/><W112/><G112/><T31/><D123/><U16/><E1/><V7/><F113/><W104/><G6/><T15/><D68/><U78/><E119/><V76/><F121/><W134/><G71/><T9/><D129/><U42/><E59/><V72/><F111/><N who="3" m="42571" /><G104/><T32/><D118/><U38/><E38/><V74/><F33/><N who="3" m="12299" /><G117/><T88/><D45/><U107/><E107/><V110/><F110/><W19/><G19/><N who="0" m="8687" /><D88/><N who="1" m="55335" /><E49/><V92/><F48/><W69/><G69/><T46/><D46/><U122/><E122/><V14/><F50/><W37/><G37/><T77/><D77/><U26/><E131/><V22/><F17/><W4/><G4/><T24/><D24/><U44/><E44/><V75/><F60/><N who="3" m="38159" /><G134/><T51/><D51/><U8/><E128/><V55/><F55/><W64/><G64/><T81/><D54/><N who="1" m="34135" /><E8/><V103/><F7/><W84/><G84/><T13/><D106/><U120/><E120/><V79/><F74/><W23/><G23/><AGARI ba="1,1" hai="16,23,26,42,43,78,80,85" m="34135,55335" machi="23" ten="30,7700,0" yaku="25,1,8,1,54,2" doraHai="114" who="1" fromWho="3" sc="357,0,324,90,271,0,38,-80" owari="357,16.0,414,51.0,271,-13.0,-42,-54.0" /></mjloggm>