<mjloggm ver="2.3"><GO type="185" lobby="0"/><UN n0="%44%75%73%6B" n1="%E5%B0%8F%E5%B7%9D%2E%63%6F%6D" n2="%E4%B8%96%E7%9B%B4%E3%81%97%E4%BA%BA" n3="" dan="16,16,17,0" rate="2156.82,2126.17,2253.40,1500.00" sx="M,M,M,C"/><TAIKYOKU oya="0"/><INIT seed="0,0,0,4,4,76" ten="350,350,350,0" oya="0" hai0="133,62,135,124,103,84,72,60,125,123,115,111,118" hai1="89,73,117,58,36,113,35,57,81,122,40,61,39" hai2="104,82,105,47,44,74,132,64,128,50,85,59,70" hai3=""/><T80/><N who="0" m="31520" /><T46/><D118/><U69/><N who="1" m="31264" /><U130/><E117/><V106/><F74/><T96/><D115/><U67/><E35/><V77/><F128/><T0/><D72/><U121/><N who="1" m="31008" /><U1/><E1/><V53/><REACH who="2" step="1"/><F132/><REACH who="2" ten="350,350,340,0" step="2"/><N who="0" m="50762" /><D0/><U90/><E130/><V3/><F3/><T86/><D111/><U41/><E113/><V52/><F52/><T112/><D112/><U34/><E34/><V126/><F126/><N who="0" m="48746" /><D46/><U109/><E109/><V2/><F2/><T110/><D110/><U49/><E73/><V54/><F54/><T93/><D84/><U42/><E42/><V116/><F116/><T71/><D71/><U91/><E41/><V83/><F83/><T63/><D63/><AGARI ba="0,1" hai="44,47,50,53,59,63,64,70,77,82,85,104,105,106" machi="63" ten="40,2600,0" yaku="1,1,52,1,53,0" doraHai="76" doraHaiUra="37" who="2" fromWho="0" sc="350,-26,350,0,340,36,0,0" /><INIT seed="1,0,0,2,3,125" ten="324,350,376,0" oya="1" hai0="110,80,42,48,38,109,107,52,60,79,106,81,35" hai1="118,32,51,65,122,44,91,100,90,0,68,133,87" hai2="83,71,129,112,93,72,117,2,33,89,84,69,47" hai3=""/><U40/><N who="1" m="31264" /><U41/><E118/><V45/><F117/><T104/><D35/><U131/><E32/><V88/><F33/><T95/><D60/><U103/><E0/><V58/><F2/><T101/><D42/><U114/><E114/><V43/><F112/><T96/><D38/><U98/><E133/><V113/><F113/><T36/><D36/><U76/><E100/><V127/><F127/><T34/><D34/><U46/><E76/><V50/><F72/><T92/><D95/><U135/><E135/><V61/><F47/><T67/><D67/><U85/><E65/><V55/><REACH who="2" step="1"/><F129/><REACH who="2" ten="324,350,366,0" step="2"/><T53/><D109/><U49/><E131/><V63/><F63/><T37/><D110/><U75/><E75/><V77/><F77/><T115/><D115/><U74/><E74/><V130/><F130/><T132/><D132/><U62/><E62/><V56/><F56/><T3/><D3/><U70/><REACH who="1" step="1"/><E103/><REACH who="1" ten="324,340,366,0" step="2"/><V116/><F116/><T128/><D128/><U73/><E73/><V82/><F82/><T59/><D79/><U108/><E108/><V126/><F126/><T119/><D119/><U57/><E57/><V97/><AGARI ba="0,2" hai="43,45,50,55,58,61,69,71,83,84,88,89,93,97" machi="97" ten="20,3900,0" yaku="1,1,0,1,7,1,54,1,53,0" doraHai="125" doraHaiUra="102" who="2" fromWho="2" sc="324,-13,340,-26,366,59,0,0" /><INIT seed="2,0,0,5,3,99" ten="311,314,425,0" oya="2" hai0="116,89,117,35,80,36,52,93,87,95,123,104,100" hai1="113,1,134,70,126,32,65,63,40,90,71,129,3" hai2="61,122,74,72,130,43,88,96,97,131,56,77,48" hai3=""/><V125/><N who="2" m="31264" /><V79/><F125/><T73/><N who="0" m="31520" /><T2/><D36/><U108/><E90/><V110/><F110/><T34/><D2/><U42/><E63/><V39/><F39/><T107/><D34/><U81/><E81/><V114/><F114/><T68/><D68/><U0/><E65/><V55/><F96/><T119/><D35/><U44/><E44/><V86/><F97/><T78/><D52/><U82/><E82/><V92/><F79/><T37/><D37/><U102/><E102/><V112/><F112/><T101/><D93/><U109/><E113/><V111/><F111/><N who="1" m="42569" /><E32/><V64/><F43/><N who="1" m="16425" /><E126/><V60/><F61/><T46/><D46/><U57/><E57/><V33/><F33/><T128/><D128/><N who="2" m="49194" /><F77/><T121/><N who="0" m="31008" /><T58/><D58/><AGARI ba="0,0" hai="48,55,56,58,60,64,72,74,86,88,92" m="49194,31264" machi="58" ten="30,5800,0" yaku="19,1,52,1,54,1" doraHai="99" who="2" fromWho="0" sc="311,-58,314,0,425,58,0,0" /><INIT seed="2,1,0,1,0,102" ten="253,314,483,0" oya="2" hai0="34,52,35,85,105,112,33,130,118,127,72,32,120" hai1="133,111,107,134,122,135,79,86,84,60,89,58,65" hai2="73,88,63,57,90,71,119,64,82,123,69,80,87" hai3=""/><V108/><N who="2" m="31520" /><V113/><F113/><T101/><N who="0" m="30752" /><T106/><N who="0" m="8192" /><DORA hai="1" /><T109/><D118/><U93/><N who="1" m="31264" /><U124/><E111/><V129/><F119/><T97/><D109/><U56/><E124/><V91/><F108/><T128/><D127/><U70/><E107/><V45/><F129/><N who="0" m="49770" /><D72/><U77/><E86/><V47/><F73/><T41/><D41/><U38/><E38/><V125/><F125/><T81/><D112/><U131/><E131/><V121/><N who="2" m="31008" /><V66/><F57/><AGARI ba="1,0" hai="56,57,58,60,65,70,77,79,84,89,93,133,134,135" m="31264" machi="57" ten="40,2600,0" yaku="20,1,52,1" doraHai="102,1" who="1" fromWho="2" sc="253,0,314,28,483,-28,0,0" /><INIT seed="4,0,0,5,3,125" ten="253,342,455,0" oya="0" hai0="102,58,110,129,85,123,34,134,103,92,41,69,33" hai1="99,119,87,56,49,100,112,90,32,118,35,130,36" hai2="79,51,3,94,82,64,120,96,52,111,80,70,61" hai3=""/><T104/><N who="0" m="31520" /><T60/><D69/><U106/><E36/><V77/><N who="2" m="30752" /><V88/><F111/><T91/><D134/><U73/><E73/><V37/><F37/><T114/><D114/><U63/><E112/><V113/><F113/><T48/><D110/><U86/><E86/><V97/><F3/><T109/><D109/><U43/><E118/><V62/><F62/><T68/><D129/><U40/><E119/><V57/><REACH who="2" step="1"/><F96/><REACH who="2" ten="253,342,445,0" step="2"/><T127/><D127/><U121/><E99/><V132/><F132/><T93/><D104/><U84/><E63/><V101/><F101/><T46/><D68/><U126/><E106/><V76/><AGARI ba="0,1" hai="51,52,57,61,64,70,76,77,79,80,82,88,94,97" m="30752" machi="76" ten="30,6000,1" yaku="1,1,0,1,52,1,54,2,53,0" doraHai="125" doraHaiUra="115" who="2" fromWho="2" sc="253,-40,342,-20,445,70,0,0" /><INIT seed="5,0,0,0,0,109" ten="213,322,515,0" oya="1" hai0="126,53,51,59,63,133,60,34,2,104,55,116,48" hai1="111,47,40,33,0,62,50,92,134,74,35,37,76" hai2="85,130,65,106,72,83,87,44,91,129,81,119,43" hai3=""/><U101/><E0/><V112/><F119/><T122/><N who="0" m="31264" /><T94/><D104/><U123/><N who="1" m="31520" /><U120/><N who="1" m="30752" /><U115/><E111/><V64/><F72/><T45/><D34/><U95/><E134/><V3/><F106/><T75/><D75/><U68/><E37/><V99/><F99/><T135/><D2/><U96/><E115/><V132/><F3/><T78/><D78/><U97/><E62/><N who="0" m="23593" /><D94/><U88/><REACH who="1" step="1"/><E68/><REACH who="1" ten="213,312,515,0" step="2"/><V93/><F132/><N who="0" m="50762" /><D116/><U56/><E56/><V57/><F57/><T73/><D73/><U100/><E100/><V41/><F112/><T61/><D126/><U39/><E39/><V36/><F36/><T103/><D103/><U125/><E125/><V80/><F129/><T117/><D117/><U58/><E58/><V82/><F130/><T1/><D1/><U42/><E42/><N who="2" m="15883" /><F44/><T52/><D45/><U131/><E131/><V32/><F32/><T38/><D38/><U84/><E84/><V114/><F114/><T110/><D110/><U79/><E79/><AGARI ba="0,1" hai="64,65,79,80,81,82,83,85,87,91,93" m="15883" machi="79" ten="30,1000,0" yaku="8,1" doraHai="109" who="2" fromWho="1" sc="213,0,312,-10,515,20,0,0" /><INIT seed="6,0,0,3,4,127" ten="213,302,535,0" oya="2" hai0="33,107,77,76,105,126,79,75,71,125,110,68,55" hai1="52,42,69,116,38,54,131,92,74,95,43,89,45" hai2="53,46,39,129,133,122,63,102,82,40,86,103,72" hai3=""/><V37/><F72/><T85/><D110/><U97/><E74/><V34/><N who="2" m="31264" /><V91/><F34/><T56/><D75/><U62/><E131/><V130/><F39/><T59/><D55/><U111/><E111/><V104/><F133/><T98/><D85/><U121/><N who="1" m="31008" /><U101/><E116/><V113/><F113/><T87/><D87/><U100/><E42/><V134/><F134/><T132/><D98/><U108/><E108/><V60/><F63/><T94/><D94/><U65/><E100/><V118/><F118/><T57/><D132/><U88/><E101/><V119/><F119/><T81/><D81/><U99/><AGARI ba="0,0" hai="38,43,45,52,54,62,65,69,88,89,92,95,97,99" m="31008" machi="99" ten="20,9000,2" yaku="0,1,7,1,9,1,52,1,54,2" doraHai="127" who="1" fromWho="1" sc="213,-30,302,90,535,-60,0,0" owari="183,-42.0,392,-1.0,475,43.0,0,0.0" /></mjloggm>