<mjloggm ver="2.3"><GO type="169" lobby="0"/><UN n0="%50%45%41%43%45%31%30" n1="%42%72%42%61" n2="%6C%65%6F%6E%6C%65%6F%6E" n3="%41%6E%74%69%64%6F%74%65" dan="16,16,16,16" rate="2191.19,2131.82,2148.38,2161.50" sx="M,M,M,M"/><TAIKYOKU oya="0"/><INIT seed="0,0,0,3,5,94" ten="250,250,250,250" oya="0" hai0="87,111,50,117,67,35,6,45,92,135,81,134,37" hai1="96,1,29,71,77,75,64,49,4,73,20,97,126" hai2="0,98,11,32,107,122,54,109,119,93,34,88,33" hai3="104,133,70,57,2,5,28,51,100,62,56,30,53"/><T63/><D117/><U112/><E126/><V27/><F122/><W15/><G133/><N who="0" m="50699" /><D35/><U48/><E112/><V115/><F115/><W84/><G70/><T105/><D105/><U38/><E38/><V47/><F119/><W8/><G2/><T95/><D37/><U9/><E71/><V121/><F121/><W99/><REACH who="3" step="1"/><G84/><REACH who="3" ten="250,250,250,240" step="2"/><T14/><D111/><U21/><E75/><V74/><F74/><W132/><G132/><T129/><D129/><U61/><E73/><V22/><F109/><W124/><G124/><T7/><D87/><U79/><E79/><V19/><F0/><W78/><G78/><T25/><D81/><U89/><E77/><V120/><F120/><W58/><G58/><T90/><D90/><U40/><E89/><V26/><F88/><W42/><G42/><T118/><D118/><U72/><E72/><V59/><F59/><W86/><G86/><T127/><D127/><U82/><E40/><V17/><F47/><W65/><AGARI ba="0,1" hai="5,8,15,28,30,51,53,56,57,62,65,99,100,104" machi="65" ten="20,5200,0" yaku="1,1,0,1,7,1,52,1,53,0" doraHai="94" doraHaiUra="43" who="3" fromWho="3" sc="250,-26,250,-13,250,-13,240,62" /><INIT seed="1,0,0,4,5,34" ten="224,237,237,302" oya="1" hai0="91,39,94,80,0,21,8,133,56,97,17,83,67" hai1="49,110,20,65,102,52,36,37,108,22,130,131,123" hai2="7,63,69,57,99,103,10,74,15,118,115,93,23" hai3="128,92,122,4,26,38,50,70,55,82,106,47,132"/><U134/><E102/><V111/><F111/><N who="1" m="42537" /><E123/><V32/><F115/><W125/><G106/><T12/><D133/><U33/><E33/><V86/><F32/><W48/><G38/><N who="1" m="14954" /><E134/><V127/><F127/><W45/><G122/><T43/><D39/><U90/><E90/><V75/><F118/><W25/><G132/><T51/><D67/><U27/><E65/><V42/><F69/><W129/><G70/><T120/><D120/><U73/><E73/><V71/><F71/><W60/><G128/><N who="1" m="49194" /><E27/><V119/><F75/><W89/><G129/><T28/><D28/><U66/><E66/><V9/><F74/><W68/><G26/><T11/><D83/><U113/><E113/><V59/><F119/><W41/><G25/><T40/><D80/><U79/><E79/><V29/><F29/><W98/><G82/><T54/><D0/><U100/><E100/><V124/><F103/><W18/><G89/><T88/><D91/><U121/><E121/><V78/><F78/><W19/><G92/><T58/><D58/><AGARI ba="0,0" hai="20,22,49,52,58" m="49194,14954,42537" machi="58" ten="40,12000,1" yaku="14,1,10,1,19,1,54,1" doraHai="34" who="1" fromWho="0" sc="224,-120,237,120,237,0,302,0" /><INIT seed="1,1,0,4,3,49" ten="104,357,237,302" oya="1" hai0="128,127,99,112,50,37,60,24,19,91,132,88,85" hai1="69,106,89,17,66,114,102,65,1,54,64,14,44" hai2="26,120,109,77,103,70,72,71,115,48,39,28,124" hai3="23,10,75,56,3,40,76,93,95,105,43,61,29"/><U9/><E114/><V129/><F120/><W15/><G105/><T116/><D112/><U63/><E1/><V57/><F115/><W68/><G68/><T90/><D37/><U41/><E89/><V86/><F39/><W4/><G75/><T133/><D116/><U36/><E106/><V67/><F72/><W25/><G76/><T74/><D74/><U125/><E102/><V62/><F109/><W0/><G0/><T97/><D127/><U113/><E113/><V121/><F121/><W47/><G3/><T126/><D126/><U83/><E125/><V30/><F124/><W79/><G79/><T119/><D119/><U35/><E83/><V84/><F129/><W20/><G20/><N who="0" m="13343" /><D128/><U107/><E107/><V45/><F103/><W42/><REACH who="3" step="1"/><G47/><REACH who="3" ten="104,357,237,292" step="2"/><T73/><D73/><U58/><REACH who="1" step="1"/><E35/><REACH who="1" ten="104,347,237,292" step="2"/><V22/><F77/><W18/><G18/><T33/><D33/><U100/><E100/><V51/><F30/><W12/><G12/><T82/><D99/><U2/><E2/><V130/><F130/><W8/><G8/><T108/><D97/><U6/><E6/><V59/><F28/><W96/><G96/><T13/><D13/><U5/><E5/><V38/><F22/><W31/><G31/><T81/><D81/><U7/><E7/><V78/><F78/><W80/><G80/><T104/><D82/><U111/><E111/><V135/><F86/><W52/><AGARI ba="1,2" hai="4,10,15,23,25,29,40,42,43,52,56,61,93,95" machi="52" ten="30,8000,1" yaku="1,1,0,1,8,1,52,1,54,1,53,0" doraHai="49" doraHaiUra="134" who="3" fromWho="3" sc="104,-21,347,-41,237,-21,292,103" /><INIT seed="2,0,0,2,0,101" ten="83,306,216,395" oya="2" hai0="102,70,0,105,100,18,83,19,88,66,108,17,34" hai1="37,47,25,130,86,43,110,82,120,7,8,42,127" hai2="46,132,15,85,96,112,29,4,30,11,84,117,92" hai3="13,63,52,118,21,69,28,133,57,35,55,90,121"/><V99/><F112/><W22/><G118/><T20/><D34/><U119/><E119/><V116/><F132/><W51/><G121/><T98/><D0/><U73/><E110/><V79/><F117/><W114/><G114/><T49/><D108/><U103/><E120/><V59/><F116/><W39/><G39/><T65/><D70/><U58/><E130/><V131/><F131/><W2/><G2/><T32/><D32/><U107/><E127/><V10/><F46/><W75/><G75/><T93/><D83/><U48/><E25/><V24/><F11/><W129/><G129/><T40/><D20/><U113/><E113/><V54/><F79/><W106/><G133/><T80/><D80/><U135/><E135/><V14/><F14/><W27/><G69/><T5/><D5/><U56/><E43/><V9/><F9/><W125/><G125/><T62/><D102/><U78/><E48/><N who="2" m="31175" /><F99/><W16/><G106/><T26/><D62/><U68/><E86/><N who="2" m="33387" /><F24/><W67/><G35/><T60/><D26/><U38/><E38/><V72/><F72/><W12/><G12/><T45/><REACH who="0" step="1"/><D60/><REACH who="0" ten="73,306,216,395" step="2"/><U71/><E71/><V122/><F122/><W89/><G63/><T97/><AGARI ba="0,1" hai="17,18,19,40,45,49,65,66,88,93,97,98,100,105" machi="97" ten="30,8000,1" yaku="1,1,2,1,0,1,52,1,54,1,53,0" doraHai="101" doraHaiUra="6" who="0" fromWho="0" sc="73,90,306,-20,216,-40,395,-20" /><INIT seed="3,0,0,0,1,63" ten="163,286,176,375" oya="3" hai0="93,37,121,102,70,5,38,86,69,14,75,49,127" hai1="16,15,129,89,23,22,118,19,120,3,7,134,46" hai2="1,13,32,101,65,83,112,27,0,24,78,30,20" hai3="26,130,6,31,52,35,92,96,56,103,131,94,58"/><W114/><G114/><T111/><D121/><U61/><E120/><V98/><F112/><W11/><G94/><T116/><D75/><U39/><E134/><V29/><F13/><W66/><G66/><T97/><D116/><U109/><E118/><V18/><F18/><W100/><G58/><T42/><D111/><U21/><E109/><V124/><F124/><W40/><G40/><T105/><D127/><U119/><E119/><V95/><REACH who="2" step="1"/><F65/><REACH who="2" ten="163,286,166,375" step="2"/><W8/><G6/><T115/><D14/><U88/><E7/><V55/><F55/><W84/><G52/><T77/><D5/><U67/><E15/><V82/><F82/><W45/><G130/><T57/><D115/><U74/><E129/><V68/><F68/><W41/><G131/><T132/><D70/><U54/><E54/><V123/><F123/><W12/><G12/><T10/><D69/><U51/><E19/><V36/><F36/><W117/><G117/><T48/><D37/><U81/><E16/><V135/><F135/><W50/><G41/><T17/><D132/><U62/><E39/><V79/><F79/><W85/><G31/><T9/><D38/><U106/><E67/><V2/><F2/><W99/><G26/><T4/><D4/><U87/><E3/><V110/><F110/><W133/><G133/><T113/><D113/><U104/><E81/><V108/><F108/><W76/><G76/><T126/><D17/><U107/><E74/><AGARI ba="0,1" hai="0,1,20,24,27,29,30,32,74,78,83,95,98,101" machi="74" ten="30,2000,0" yaku="1,1,7,1,53,0" doraHai="63" doraHaiUra="47" who="2" fromWho="1" sc="163,0,286,-20,166,30,375,0" /><INIT seed="4,0,0,4,4,97" ten="163,266,196,375" oya="0" hai0="36,125,55,50,15,119,56,2,86,51,30,35,102" hai1="110,6,73,118,74,105,28,27,106,99,104,19,37" hai2="113,132,123,38,109,29,83,84,42,34,72,67,52" hai3="18,4,126,85,47,79,91,24,116,11,45,135,82"/><T61/><D119/><U31/><E110/><V120/><F109/><W127/><G116/><T60/><D2/><U90/><E118/><V122/><F72/><W134/><G18/><T115/><D36/><U77/><E37/><V5/><F113/><W33/><G24/><T53/><D115/><U17/><E6/><V49/><F132/><N who="3" m="50731" /><G33/><T1/><D1/><U111/><E111/><V75/><F75/><N who="1" m="28681" /><E90/><V8/><F67/><W22/><G22/><T78/><D125/><N who="3" m="47625" /><G91/><T69/><D69/><U64/><E17/><V32/><F32/><W48/><G48/><T114/><D114/><U71/><E19/><V129/><F34/><W57/><G57/><N who="0" m="32951" /><D35/><U16/><E16/><V92/><F29/><W10/><G10/><T21/><D15/><AGARI ba="0,0" hai="4,11,15,45,47,79,82,85" m="47625,50731" machi="15" ten="30,2000,0" yaku="20,1,18,1" doraHai="97" who="3" fromWho="0" sc="163,-20,266,0,196,0,375,20" /><INIT seed="5,0,0,2,1,77" ten="143,266,196,395" oya="1" hai0="128,51,119,3,67,135,46,81,117,107,102,59,20" hai1="87,76,115,8,21,58,31,92,29,38,19,99,54" hai2="40,16,45,23,2,84,4,132,125,80,62,26,15" hai3="88,17,90,95,35,114,112,108,122,82,129,75,63"/><U34/><E115/><N who="3" m="44074" /><G35/><T86/><D3/><U43/><E8/><N who="2" m="4487" /><F2/><W72/><G108/><T70/><D70/><U74/><E74/><N who="3" m="28202" /><G63/><T25/><D128/><U124/><E124/><V89/><F132/><W85/><G17/><T104/><D135/><U33/><E43/><V49/><F125/><W101/><G101/><T94/><D107/><U127/><E38/><V130/><F130/><W91/><G129/><T36/><D104/><U111/><E111/><V55/><F62/><W7/><G7/><T61/><D36/><U78/><E34/><V116/><F116/><W32/><G32/><T24/><D119/><U9/><E9/><V103/><F103/><W47/><G47/><T27/><D117/><U22/><E33/><V98/><F98/><N who="3" m="57719" /><G122/><T68/><D68/><U113/><E113/><V39/><F39/><W41/><G41/><AGARI ba="0,0" hai="16,23,26,40,41,45,49,55,80,84,89" m="4487" machi="41" ten="30,3900,0" yaku="8,1,52,1,54,1" doraHai="77" who="2" fromWho="3" sc="143,0,266,0,196,39,395,-39" /><INIT seed="6,0,0,5,4,114" ten="143,266,235,356" oya="2" hai0="76,125,36,6,98,47,65,1,11,37,106,96,123" hai1="40,116,112,34,10,48,69,109,120,39,31,93,129" hai2="54,2,73,132,101,95,25,70,7,38,72,99,81" hai3="4,32,94,45,5,41,56,33,105,27,12,110,71"/><V21/><F70/><W14/><G71/><T91/><D123/><U74/><RYUUKYOKU type="yao9" ba="0,0" sc="143,0,266,0,235,0,356,0" hai1="10,31,34,39,40,48,69,74,93,109,112,116,120,129" /><INIT seed="6,1,0,1,0,27" ten="143,266,235,356" oya="2" hai0="113,116,8,53,6,63,28,30,18,95,80,75,35" hai1="119,118,72,7,123,125,110,65,114,71,91,70,48" hai2="134,73,46,102,135,57,82,83,29,85,40,106,103" hai3="109,74,2,34,76,55,122,62,16,79,100,84,19"/><V56/><F73/><W21/><G34/><T31/><D113/><U68/><E110/><V54/><F106/><W24/><G109/><T22/><D35/><U39/><E114/><V12/><F12/><W52/><G122/><T98/><D116/><U66/><E72/><V67/><F67/><W131/><G2/><T104/><D104/><U15/><E39/><V60/><F57/><W94/><G74/><T133/><D133/><N who="2" m="50698" /><F83/><W3/><G3/><T127/><D127/><U117/><E125/><V92/><F92/><W126/><G126/><T99/><D80/><U44/><E123/><V111/><F29/><W43/><G94/><T93/><D75/><U41/><E91/><N who="2" m="51639" /><F111/><W124/><G124/><T23/><D95/><U58/><E15/><V61/><F61/><W128/><G62/><T90/><D99/><U87/><E87/><V14/><F14/><W88/><G84/><T0/><REACH who="0" step="1"/><D18/><REACH who="0" ten="133,266,235,356" step="2"/><U37/><E7/><V81/><F81/><W9/><G19/><T42/><D42/><U32/><E32/><V120/><F120/><W11/><G16/><T13/><D13/><U86/><E86/><V51/><AGARI ba="1,1" hai="40,46,51,54,56,60,102,103" m="51639,50698" machi="51" ten="30,1500,0" yaku="20,1" doraHai="27" who="2" fromWho="2" sc="133,-6,266,-6,235,28,356,-6" /><INIT seed="6,2,0,3,0,34" ten="127,260,263,350" oya="2" hai0="128,89,15,106,119,51,30,105,47,18,31,90,10" hai1="0,2,83,88,29,110,17,115,55,27,96,95,37" hai2="81,116,76,46,98,12,66,91,62,45,53,120,92" hai3="41,36,65,103,125,25,9,74,109,20,85,58,117"/><V69/><F116/><W60/><G117/><T123/><D123/><U93/><E110/><V112/><F112/><W72/><G109/><T80/><D128/><U130/><E130/><V122/><F122/><W97/><G125/><T43/><D119/><U129/><E129/><V64/><F120/><W63/><G85/><T132/><D132/><U57/><E115/><V126/><F126/><W68/><G9/><T79/><D106/><U87/><E37/><V59/><F66/><W73/><G41/><T26/><D105/><U124/><E124/><V121/><F12/><W135/><G36/><T127/><D127/><U48/><E95/><V133/><F133/><W102/><G135/><T40/><D40/><U23/><REACH who="1" step="1"/><E29/><REACH who="1" ten="127,250,263,350" step="2"/><V67/><F121/><W4/><G4/><T113/><D113/><U104/><E104/><V131/><F131/><W94/><G103/><AGARI ba="2,1" hai="0,2,17,23,27,48,55,57,83,87,88,93,96,103" machi="103" ten="30,8000,1" yaku="1,1,7,1,52,2,54,1,53,0" doraHai="34" doraHaiUra="75" who="1" fromWho="3" sc="127,0,250,96,263,0,350,-86" /><INIT seed="7,0,0,3,4,35" ten="127,346,263,264" oya="3" hai0="81,85,97,2,105,4,67,3,42,14,125,87,70" hai1="6,28,61,57,86,58,76,26,22,30,63,59,51" hai2="106,91,34,114,126,25,99,21,89,83,104,72,45" hai3="100,23,17,15,120,80,84,31,101,122,46,5,8"/><W55/><G31/><N who="1" m="11818" /><E6/><V127/><F34/><W92/><G92/><T116/><D116/><U98/><E51/><V53/><F114/><W79/><G55/><T118/><D118/><U7/><E7/><V130/><F130/><W71/><G71/><T24/><D125/><N who="2" m="47626" /><F53/><W132/><G132/><T88/><D42/><U111/><E111/><V27/><F45/><W69/><G69/><T107/><D24/><N who="2" m="9290" /><F21/><W134/><G134/><T94/><D87/><U128/><E98/><V52/><F52/><W19/><G46/><T40/><D40/><U16/><E128/><V119/><F119/><W12/><REACH who="3" step="1"/><G5/><REACH who="3" ten="127,346,263,254" step="2"/><T38/><D38/><U65/><E65/><V66/><F66/><W9/><G9/><T32/><D67/><U82/><AGARI ba="0,1" hai="16,22,26,57,58,59,61,63,76,82,86" m="11818" machi="82" ten="30,2000,0" yaku="8,1,54,1" doraHai="35" who="1" fromWho="1" sc="127,-5,346,30,263,-5,254,-10" owari="122,-38.0,376,48.0,258,6.0,244,-16.0" /></mjloggm>