<mjloggm ver="2.3"><GO type="169" lobby="0"/><UN n0="%E7%A5%9E%E9%A2%A8%E3%81%A6%E3%81%83%E3%81%A3%E3%81%97%E3%82%85" n1="%E7%99%BD%E9%B9%BF%E6%84%9B%E8%8E%89" n2="%E3%81%B8%E3%82%80%E3%81%B8%E3%82%80%EF%BC%92%E5%8F%B7" n3="%E3%81%A8%E3%81%B3%E3%81%BE%E3%81%93" dan="16,18,16,16" rate="2138.50,2205.90,2057.92,2103.27" sx="M,F,M,M"/><TAIKYOKU oya="0"/><INIT seed="0,0,0,3,3,23" ten="250,250,250,250" oya="0" hai0="120,125,48,99,33,126,56,127,77,80,59,75,37" hai1="98,106,41,85,74,78,132,82,57,60,38,131,104" hai2="122,124,26,55,100,11,4,54,67,1,9,20,129" hai3="123,40,43,5,91,121,51,90,71,53,84,25,95"/><T83/><D37/><U69/><E69/><V46/><F122/><N who="3" m="46603" /><G71/><T107/><D120/><U70/><E70/><V64/><F124/><W22/><G5/><T36/><D36/><U7/><E132/><V130/><F100/><W16/><G91/><T50/><D33/><U108/><E131/><N who="2" m="50187" /><F11/><W109/><G109/><T92/><D83/><U62/><E108/><V52/><F46/><AGARI ba="0,0" hai="16,22,25,40,43,46,51,53,84,90,95" m="46603" machi="46" ten="30,3900,0" yaku="13,1,52,1,54,1" doraHai="23" who="3" fromWho="2" sc="250,0,250,0,250,-39,250,39" /><INIT seed="1,0,0,1,2,34" ten="250,250,211,289" oya="1" hai0="127,53,111,13,54,134,87,93,103,2,76,66,71" hai1="96,97,88,132,36,135,92,41,47,107,72,130,112" hai2="122,94,73,11,4,106,98,51,115,60,95,104,68" hai3="101,44,14,125,84,78,119,75,64,91,1,128,33"/><U83/><E112/><V29/><F122/><W43/><G125/><T39/><D39/><U56/><E130/><V117/><F117/><W27/><G128/><T116/><D54/><U110/><E110/><V55/><F115/><W35/><G101/><T118/><D53/><U10/><E56/><V30/><F73/><W65/><G14/><T63/><D111/><U0/><E107/><V79/><F79/><W89/><G89/><T108/><D108/><U133/><E97/><V61/><F95/><W113/><G113/><T123/><D123/><U15/><E0/><V100/><F104/><W24/><G33/><T129/><D2/><U109/><E109/><V67/><F60/><W77/><G1/><T74/><D63/><U7/><E83/><V16/><F106/><W46/><G75/><AGARI ba="0,0" hai="7,10,15,36,41,47,72,75,88,92,96,132,133,135" machi="75" ten="40,3900,0" yaku="20,1,54,1" doraHai="34" who="1" fromWho="3" sc="250,0,250,39,211,0,289,-39" /><INIT seed="1,1,0,3,4,1" ten="250,289,211,250" oya="1" hai0="0,123,119,95,69,129,16,109,112,38,131,116,94" hai1="25,115,125,36,5,120,56,134,18,13,71,101,68" hai2="7,96,59,93,126,32,75,51,64,28,58,91,17" hai3="133,11,108,98,62,88,78,45,46,53,67,90,6"/><U77/><E115/><V117/><F117/><W29/><G108/><T85/><D38/><U74/><E120/><V24/><F126/><W113/><G113/><T54/><D69/><U10/><E36/><V107/><F107/><W110/><G110/><T100/><D0/><U127/><E101/><V73/><F17/><W26/><G78/><T42/><D42/><U79/><E134/><V60/><REACH who="2" step="1"/><F7/><REACH who="2" ten="250,289,201,250" step="2"/><W102/><G133/><T89/><D16/><U130/><E127/><V41/><F41/><W103/><G29/><T135/><D135/><U122/><E125/><V92/><F92/><N who="3" m="58695" /><G26/><T124/><D124/><U37/><E5/><V111/><F111/><W63/><G103/><T27/><D109/><U33/><E25/><V99/><F99/><W43/><G43/><T87/><D27/><U105/><E105/><V8/><F8/><W15/><G67/><T40/><D40/><U23/><E10/><V82/><F82/><W57/><G62/><T4/><D112/><U47/><E18/><V61/><F61/><W76/><G76/><T80/><D116/><U132/><E79/><V55/><AGARI ba="1,1" hai="24,28,32,51,55,58,59,60,64,73,75,91,93,96" machi="55" ten="30,2000,0" yaku="1,1,0,1,53,0" doraHai="1" doraHaiUra="3" who="2" fromWho="2" sc="250,-6,289,-11,201,33,250,-6" /><INIT seed="2,0,0,3,4,114" ten="244,278,234,244" oya="2" hai0="37,31,94,127,96,1,92,78,98,104,70,103,124" hai1="63,58,24,61,117,28,74,101,68,30,47,109,27" hai2="66,87,91,59,75,54,88,81,86,122,82,125,18" hai3="119,43,110,107,52,69,132,106,93,34,49,118,90"/><V113/><F122/><W102/><G69/><T53/><D1/><U20/><E74/><V51/><F113/><W12/><G34/><T38/><D70/><U83/><E109/><V60/><F125/><W116/><G110/><T105/><D31/><U108/><E108/><V8/><F75/><W99/><G132/><T45/><D53/><U25/><E101/><V11/><REACH who="2" step="1"/><F18/><REACH who="2" ten="244,278,224,244" step="2"/><W42/><G12/><T97/><D124/><U0/><E27/><V85/><F85/><W80/><G80/><T46/><D127/><U135/><E83/><V5/><F5/><W56/><REACH who="3" step="1"/><G106/><REACH who="3" ten="244,278,224,234" step="2"/><T19/><D105/><U3/><E0/><V128/><F128/><W84/><AGARI ba="0,2" hai="42,43,49,52,56,84,90,93,99,102,107,116,118,119" machi="84" ten="30,12000,2" yaku="1,1,2,1,0,1,52,3,54,1,53,0" doraHai="114" doraHaiUra="131" who="3" fromWho="3" sc="244,-30,278,-30,224,-60,234,140" /><INIT seed="3,0,0,5,2,58" ten="214,248,164,374" oya="3" hai0="50,61,131,73,127,13,15,26,41,0,67,79,94" hai1="49,48,91,32,22,123,85,121,20,17,114,55,52" hai2="51,98,69,39,111,42,102,122,40,2,120,66,21" hai3="125,75,88,62,57,59,44,97,24,11,99,47,119"/><W134/><G75/><T104/><D104/><U14/><E32/><V129/><F2/><W64/><G119/><T6/><D0/><U5/><E114/><V10/><F10/><W113/><G113/><T38/><D38/><U132/><E132/><V117/><F117/><W77/><G77/><T46/><D131/><U71/><E71/><V83/><F83/><W12/><G134/><T54/><D127/><U36/><E36/><V16/><F39/><W7/><G125/><T96/><D26/><U103/><E103/><V8/><F8/><W126/><G126/><T25/><D25/><U106/><E106/><V72/><F72/><W43/><G24/><T35/><D35/><U34/><E34/><V95/><F111/><W68/><G68/><T124/><D6/><U115/><E5/><V18/><F129/><W19/><G7/><T27/><D27/><U30/><E115/><V135/><F135/><W109/><G109/><T107/><D107/><U65/><E65/><V63/><F18/><W37/><G44/><T31/><D31/><U9/><E30/><V101/><F101/><W53/><REACH who="3" step="1"/><G88/><REACH who="3" ten="214,248,164,364" step="2"/><N who="0" m="55367" /><D73/><U93/><E123/><N who="2" m="47147" /><F51/><AGARI ba="0,1" hai="11,12,19,37,43,47,51,53,57,59,62,64,97,99" machi="51" ten="30,5800,0" yaku="1,1,7,1,52,1,53,0" doraHai="58" doraHaiUra="3" who="3" fromWho="2" sc="214,0,248,0,164,-58,364,68" /><INIT seed="3,1,0,2,4,29" ten="214,248,106,432" oya="3" hai0="71,133,1,127,78,65,83,31,16,103,15,98,17" hai1="27,59,105,67,125,75,91,32,135,118,22,87,68" hai2="126,72,39,129,69,88,99,55,115,57,26,89,114" hai3="62,66,24,12,38,30,47,84,108,8,92,110,9"/><W46/><G38/><T33/><D1/><U124/><E75/><V119/><F119/><W134/><G134/><T4/><D4/><U20/><E118/><V81/><F69/><W37/><G37/><T21/><D133/><U70/><E135/><V132/><F132/><W19/><G9/><T45/><D45/><U56/><E105/><V85/><F39/><W34/><G84/><T3/><D3/><U80/><E22/><V25/><F72/><W111/><REACH who="3" step="1"/><G92/><REACH who="3" ten="214,248,106,422" step="2"/><T116/><D116/><U13/><E87/><V100/><F115/><W61/><G61/><T86/><D86/><U48/><E48/><V23/><F114/><W42/><G42/><T58/><D83/><U76/><E80/><V73/><F85/><W74/><G74/><T121/><D78/><U106/><E76/><V131/><F81/><W36/><G36/><T64/><D71/><AGARI ba="1,1" hai="8,12,19,24,30,34,46,47,62,66,71,108,110,111" machi="71" ten="40,12000,1" yaku="1,1,14,1,10,1,52,1,53,1" doraHai="29" doraHaiUra="28" who="3" fromWho="0" sc="214,-123,248,0,106,0,422,133" /><INIT seed="3,2,0,4,0,76" ten="91,248,106,555" oya="3" hai0="49,93,0,113,129,60,25,21,36,124,75,77,120" hai1="132,54,51,108,61,50,125,94,109,67,114,70,66" hai2="86,7,118,116,13,99,123,78,130,26,57,85,117" hai3="131,1,27,72,134,107,38,83,127,133,2,74,22"/><W96/><G38/><T122/><D36/><U34/><E34/><V128/><F123/><W80/><G127/><T106/><D106/><U55/><E94/><V42/><F42/><W20/><G131/><N who="2" m="50217" /><F26/><W19/><G74/><T31/><D0/><N who="3" m="105" /><G72/><T58/><D129/><U89/><E89/><V40/><F40/><W10/><G10/><T37/><D37/><U8/><E8/><N who="2" m="4255" /><F78/><W87/><G87/><T43/><D124/><U18/><E18/><V4/><F4/><W11/><G11/><T9/><D9/><U46/><E125/><V12/><F12/><W14/><G107/><T88/><D113/><U29/><E29/><V104/><F57/><W68/><G96/><T45/><D77/><U63/><E114/><V52/><F52/><W17/><G68/><T32/><D75/><U71/><E132/><AGARI ba="2,0" hai="14,17,19,20,22,27,80,83,132,133,134" m="105" machi="132" ten="30,5800,0" yaku="20,1,52,2" doraHai="76" who="3" fromWho="1" sc="91,0,248,-64,106,0,555,64" /><INIT seed="3,3,0,2,3,120" ten="91,184,106,619" oya="3" hai0="22,34,100,115,57,9,94,83,55,71,77,106,59" hai1="50,43,66,102,96,4,126,130,63,93,2,0,133" hai2="6,45,79,81,31,67,27,110,111,87,90,134,128" hai3="118,104,53,122,42,91,21,47,121,64,69,125,56"/><W52/><G104/><T30/><D71/><U48/><E133/><V39/><F134/><W135/><G135/><T23/><D115/><U108/><E130/><V80/><F128/><W36/><G91/><T124/><D106/><U70/><E126/><V18/><F67/><W76/><G76/><T11/><D34/><U113/><E113/><V28/><F18/><W17/><G53/><T62/><D11/><U107/><E107/><V54/><F6/><W105/><G105/><T49/><D9/><U117/><E117/><V19/><F19/><W97/><G97/><T114/><D124/><U33/><E33/><V101/><F101/><W13/><G125/><T40/><D30/><U131/><E131/><V89/><F89/><W119/><G122/><T99/><D114/><U73/><E73/><V14/><F14/><W84/><G84/><N who="0" m="48239" /><D40/><U5/><E43/><V24/><F39/><W16/><G17/><T88/><D100/><U112/><E112/><V78/><F90/><W92/><G92/><T32/><D32/><U51/><E4/><V86/><F54/><AGARI ba="3,0" hai="22,23,49,54,55,57,59,62,88,94,99" m="48239" machi="54" ten="30,2000,0" yaku="8,1,54,1" doraHai="120" who="0" fromWho="2" sc="91,29,184,0,106,-29,619,0" /><INIT seed="4,0,0,0,5,80" ten="120,184,77,619" oya="0" hai0="3,31,122,64,120,135,1,13,125,58,73,50,92" hai1="41,111,133,24,93,131,98,21,0,107,123,5,112" hai2="117,101,132,71,36,96,105,42,121,6,45,62,99" hai3="43,84,128,81,46,102,11,48,95,70,26,35,68"/><T54/><D73/><U12/><E123/><V118/><F121/><W113/><G113/><T53/><D3/><U83/><E107/><V38/><F132/><W86/><G128/><T106/><D1/><U57/><E133/><V59/><F38/><W16/><G35/><T77/><D106/><U15/><E41/><V78/><F71/><W108/><G108/><T20/><D135/><U17/><E111/><V52/><F78/><W44/><G44/><T56/><D64/><U87/><E112/><V114/><F114/><W23/><G11/><T47/><D125/><U110/><E110/><V116/><F99/><W72/><G72/><T74/><D92/><U63/><E5/><AGARI ba="0,0" hai="5,6,36,42,45,52,59,62,96,101,105,116,117,118" machi="5" ten="40,2600,0" yaku="12,1,54,1" doraHai="80" who="2" fromWho="1" sc="120,0,184,-26,77,26,619,0" /><INIT seed="5,0,0,4,3,62" ten="120,158,103,619" oya="1" hai0="21,130,91,69,47,88,37,41,25,36,86,13,38" hai1="75,0,27,18,118,40,14,117,35,64,59,133,127" hai2="28,99,52,131,16,121,107,61,80,98,93,15,33" hai3="74,92,66,51,115,45,54,84,116,122,50,17,97"/><U1/><E75/><V79/><F121/><W110/><G122/><T12/><D69/><U65/><E40/><V106/><F131/><W29/><G110/><T112/><D112/><U26/><E59/><V48/><F61/><W39/><G74/><T46/><D130/><U78/><E78/><V124/><F33/><W128/><G39/><T68/><D68/><U60/><E60/><V103/><F28/><W109/><G109/><T42/><D38/><U87/><E87/><V57/><F99/><W67/><G115/><T20/><D86/><U101/><E101/><V8/><F124/><W7/><G7/><T108/><REACH who="0" step="1"/><D25/><REACH who="0" ten="110,158,103,619" step="2"/><U77/><E27/><V56/><REACH who="2" step="1"/><F57/><REACH who="2" ten="110,158,93,619" step="2"/><N who="3" m="32983" /><G29/><T71/><D71/><U126/><E126/><V3/><F3/><W105/><G105/><T31/><D31/><U100/><E0/><V44/><F44/><W125/><G116/><T82/><D82/><U4/><E1/><V5/><F5/><W129/><G125/><T10/><D10/><U102/><E4/><V111/><F111/><AGARI ba="0,2" hai="12,13,20,21,36,37,41,42,46,47,88,91,108,111" machi="111" ten="25,12000,2" yaku="1,1,22,2,54,1,53,2" doraHai="62" doraHaiUra="70" who="0" fromWho="2" sc="110,140,158,0,93,-120,619,0" owari="250,5.0,158,-24.0,-27,-53.0,619,72.0" /></mjloggm>