<mjloggm ver="2.3"><GO type="169" lobby="0"/><UN n0="%E3%81%86%E3%81%95%E3%81%8E%E3%83%95%E3%82%A1%E3%83%B3%E3%82%B7%E3%83%BC" n1="%E3%83%A4%E3%83%9E%E3%83%80%E3%81%95%E3%82%93" n2="%E7%94%B0%E4%B8%AD%E2%98%86%E6%98%9F%E4%BA%BA" n3="%E3%81%B5%E3%81%96%E3%81%91%E3%82%8B%E3%83%9F%EF%BC%81" dan="16,16,16,17" rate="2098.51,2116.94,2132.38,2116.55" sx="F,M,M,M"/><TAIKYOKU oya="0"/><INIT seed="0,0,0,4,1,69" ten="250,250,250,250" oya="0" hai0="96,125,78,20,39,79,133,40,110,65,67,105,95" hai1="120,48,26,76,46,89,21,131,61,49,93,90,36" hai2="107,72,106,18,92,19,80,109,56,130,103,111,113" hai3="127,75,58,43,124,2,37,60,9,27,66,134,64"/><T87/><D133/><U5/><E120/><V74/><F56/><W44/><G27/><T128/><D128/><U24/><E76/><V12/><F19/><W42/><G75/><N who="2" m="28713" /><F18/><W45/><G9/><T126/><D105/><N who="2" m="39946" /><F12/><W101/><G101/><T3/><D3/><U16/><E131/><V33/><F33/><W84/><G84/><T97/><D110/><N who="2" m="41994" /><F130/><W70/><G134/><T50/><D20/><U88/><E5/><V13/><F13/><W53/><G2/><T54/><D65/><N who="3" m="25193" /><G70/><T77/><D67/><U28/><E61/><V132/><F132/><W1/><G1/><T118/><D40/><U62/><E62/><V122/><F122/><W25/><G25/><T8/><D8/><U30/><E30/><V34/><F34/><W17/><G17/><T71/><D71/><U38/><E48/><AGARI ba="0,0" hai="37,42,43,44,45,48,53,58,60,124,127" m="25193" machi="48" ten="30,3900,0" yaku="34,2,52,1" doraHai="69" who="3" fromWho="1" sc="250,0,250,-39,250,0,250,39" /><INIT seed="1,0,0,5,1,52" ten="250,211,250,289" oya="1" hai0="36,33,0,70,15,17,91,123,107,131,24,6,86" hai1="4,23,50,22,1,133,122,132,103,96,104,3,120" hai2="14,56,2,101,106,53,37,18,11,10,67,49,82" hai3="16,125,81,94,92,55,25,34,128,85,64,116,9"/><U121/><E50/><V7/><F37/><W31/><G128/><T62/><D131/><U100/><E4/><V63/><F82/><W114/><G114/><T39/><D123/><U105/><E96/><V42/><F42/><W59/><G64/><T89/><D107/><N who="1" m="41035" /><E22/><V76/><F76/><W27/><G125/><T110/><D89/><U83/><E83/><V57/><F106/><W108/><G108/><T118/><D118/><U12/><E12/><V80/><F80/><W115/><G115/><T99/><D110/><U98/><E98/><V88/><REACH who="2" step="1"/><F101/><REACH who="2" ten="250,211,240,289" step="2"/><N who="1" m="38985" /><E23/><V44/><F44/><W134/><G81/><T29/><D39/><U43/><E43/><V65/><F65/><W78/><G78/><T30/><D36/><U69/><E69/><V79/><F79/><W124/><G94/><T51/><D70/><U71/><E71/><V109/><F109/><W40/><G92/><T129/><D129/><U117/><E117/><V5/><F5/><W97/><G40/><T135/><D6/><U13/><E13/><V61/><F61/><W21/><G116/><T112/><D62/><U38/><E38/><V48/><F48/><W95/><G95/><T113/><D51/><U119/><E119/><V54/><F54/><W20/><G55/><T127/><D15/><U41/><E41/><V84/><F84/><W72/><G85/><T35/><D86/><U73/><E73/><V126/><F126/><W66/><G72/><T102/><D127/><U26/><E26/><N who="3" m="9738" /><G124/><T47/><D113/><U8/><E1/><V19/><F19/><W28/><G16/><T75/><D17/><RYUUKYOKU ba="0,1" sc="250,-15,211,15,240,15,289,-15" hai1="3,8,120,121,122,132,133" hai2="2,7,10,11,14,18,49,53,56,57,63,67,88" /><INIT seed="1,1,1,3,4,93" ten="235,226,255,274" oya="1" hai0="5,106,41,70,103,79,134,90,49,26,59,89,19" hai1="112,21,84,115,46,109,14,48,114,36,87,7,18" hai2="117,65,80,16,76,38,127,60,126,13,121,132,98" hai3="32,39,44,110,58,47,45,88,135,105,102,62,15"/><U54/><E36/><V71/><F117/><W97/><G110/><T57/><D70/><U73/><E73/><V43/><F121/><W8/><G32/><T92/><D134/><U83/><E109/><V40/><F132/><W1/><G1/><T104/><D5/><U35/><E35/><V11/><F98/><W30/><G135/><T128/><D128/><U9/><REACH who="1" step="1"/><E83/><REACH who="1" ten="235,216,255,274" step="2"/><V31/><F38/><W3/><G39/><T113/><D113/><U78/><E78/><V24/><F80/><W119/><G119/><T99/><D79/><U122/><E122/><V56/><F76/><W130/><G130/><T33/><D33/><U100/><E100/><V53/><F127/><W29/><G88/><T129/><D90/><U101/><E101/><V131/><F126/><W27/><G102/><T108/><D129/><U63/><E63/><V42/><F131/><W22/><G62/><T133/><D133/><U10/><E10/><V20/><REACH who="2" step="1"/><F71/><REACH who="2" ten="235,216,245,274" step="2"/><W68/><G68/><T64/><D108/><U52/><E52/><AGARI ba="1,3" hai="11,13,16,20,24,31,40,42,43,52,53,56,60,65" machi="52" ten="40,8000,1" yaku="1,1,2,1,8,1,54,2,53,0" doraHai="93" doraHaiUra="75" who="2" fromWho="1" sc="235,0,216,-83,245,113,274,0" /><INIT seed="2,0,0,3,2,51" ten="235,133,358,274" oya="2" hai0="78,84,68,109,134,7,79,29,102,127,131,54,36" hai1="86,83,13,93,94,129,15,52,132,18,1,77,0" hai2="35,14,25,11,100,44,112,58,24,42,67,8,40" hai3="65,37,125,80,75,21,55,74,72,85,95,38,90"/><V31/><F112/><W108/><G65/><T114/><D114/><U126/><E129/><V49/><F100/><W96/><G108/><T20/><D109/><U111/><E111/><V3/><F3/><W19/><G125/><T106/><D68/><U71/><E71/><V133/><F133/><W45/><G45/><T43/><D134/><U110/><E110/><V61/><F25/><W128/><G128/><T53/><D131/><U113/><E113/><V98/><F98/><W117/><G117/><T6/><D127/><U76/><E126/><V48/><F14/><W103/><G37/><T105/><D36/><U23/><E132/><V66/><F66/><W130/><G38/><T97/><D43/><U26/><E77/><V69/><REACH who="2" step="1"/><F58/><REACH who="2" ten="235,133,348,274" step="2"/><W64/><G64/><T28/><D97/><U91/><E0/><V99/><F99/><W70/><G70/><T12/><D12/><U135/><E1/><V2/><F2/><W59/><G130/><T89/><D102/><U115/><E115/><V32/><F32/><W121/><G103/><T17/><D20/><U57/><E135/><V124/><F124/><W88/><G21/><T34/><D34/><U41/><E41/><V10/><F10/><W101/><G101/><T118/><D106/><U82/><E13/><V5/><F5/><W50/><G96/><T87/><D105/><U22/><E15/><V46/><AGARI ba="0,1" hai="8,11,24,31,35,40,42,44,46,48,49,61,67,69" machi="46" ten="30,6000,0" yaku="1,1,0,1,9,1,53,0" doraHai="51" doraHaiUra="33" who="2" fromWho="2" sc="235,-20,133,-20,348,70,274,-20" /><INIT seed="2,1,0,4,0,2" ten="215,113,418,254" oya="2" hai0="77,42,66,34,40,81,19,125,132,12,8,5,53" hai1="14,13,109,74,127,128,9,69,48,98,108,62,78" hai2="130,52,118,115,17,49,97,101,113,18,36,71,59" hai3="46,129,106,23,105,100,120,135,84,55,63,65,31"/><V87/><F118/><W33/><G120/><T64/><D132/><U3/><E74/><V121/><F121/><W116/><G116/><T123/><D123/><U15/><E78/><V91/><F130/><W104/><G23/><T102/><D34/><U80/><E80/><V37/><F71/><W89/><G129/><T1/><D125/><U16/><E128/><V70/><F70/><W47/><G135/><T61/><D102/><U96/><E48/><V43/><F17/><W94/><G55/><T29/><D29/><U44/><E44/><V111/><F111/><N who="1" m="42569" /><E127/><V20/><F43/><W22/><G33/><T107/><D107/><U112/><E112/><V35/><F35/><W60/><G60/><T30/><D30/><U72/><E72/><V95/><F113/><W25/><REACH who="3" step="1"/><G100/><REACH who="3" ten="215,113,418,244" step="2"/><T32/><D32/><U114/><E114/><V119/><F119/><W73/><G73/><T28/><D53/><U0/><E62/><V124/><F115/><W68/><AGARI ba="1,1" hai="22,25,31,46,47,63,65,68,84,89,94,104,105,106" machi="68" ten="30,2000,0" yaku="1,1,0,1,53,0" doraHai="2" doraHaiUra="54" who="3" fromWho="3" sc="215,-6,113,-6,418,-11,244,33" /><INIT seed="3,0,0,3,4,39" ten="209,107,407,277" oya="3" hai0="62,66,107,17,74,69,113,49,67,63,116,10,92" hai1="108,123,19,16,126,128,18,130,58,124,129,68,57" hai2="14,84,75,109,71,86,134,48,54,111,11,98,100" hai3="33,78,24,43,47,13,106,101,6,118,85,89,27"/><W82/><G118/><T135/><D116/><U122/><E68/><V50/><F134/><W125/><G125/><N who="1" m="48234" /><E108/><V2/><F2/><W105/><G89/><T3/><D107/><U35/><E35/><V42/><F75/><W99/><G106/><T110/><D135/><U114/><E114/><V104/><F71/><W56/><G56/><AGARI ba="0,0" hai="16,18,19,56,57,58,122,123,128,129,130" m="48234" machi="56" ten="40,8000,1" yaku="28,2,19,1,18,1,54,1" doraHai="39" who="1" fromWho="3" sc="209,0,107,80,407,0,277,-80" /><INIT seed="4,0,0,1,1,15" ten="209,187,407,197" oya="0" hai0="135,4,44,23,12,32,25,68,40,57,103,29,53" hai1="66,97,20,77,69,122,94,21,18,46,109,92,121" hai2="59,33,123,128,89,19,108,105,93,106,110,42,60" hai3="80,1,71,84,83,36,125,47,76,52,131,56,126"/><T0/><D68/><U70/><E109/><V11/><F33/><W120/><G71/><T124/><D124/><N who="3" m="47721" /><G131/><T9/><D135/><U116/><E77/><V67/><F123/><W99/><G1/><T14/><D103/><U117/><E46/><V26/><F128/><W118/><G118/><T87/><D87/><U78/><E78/><V119/><F119/><W50/><G120/><T127/><D127/><U5/><E5/><V86/><F106/><W3/><G3/><T85/><D85/><U48/><E48/><V96/><F42/><N who="3" m="22983" /><G83/><T61/><REACH who="0" step="1"/><D32/><REACH who="0" ten="199,187,407,197" step="2"/><U7/><E70/><N who="2" m="42343" /><F86/><W22/><G99/><T95/><D95/><U38/><E92/><V37/><F93/><W134/><G134/><T24/><D24/><U6/><E94/><V101/><F26/><W98/><G98/><T58/><D58/><U65/><E97/><V27/><F59/><W79/><G79/><T62/><D62/><U130/><E69/><V82/><F101/><W115/><G115/><T111/><D111/><U31/><E130/><V35/><F27/><W28/><G76/><T114/><D114/><U73/><E117/><V64/><F35/><W55/><G84/><T39/><AGARI ba="0,1" hai="0,4,9,12,14,23,25,29,39,40,44,53,57,61" machi="39" ten="20,7800,0" yaku="1,1,0,1,7,1,53,1" doraHai="15" doraHaiUra="34" who="0" fromWho="0" sc="199,88,187,-26,407,-26,197,-26" /><INIT seed="4,1,0,4,2,11" ten="287,161,381,171" oya="0" hai0="39,115,45,65,27,74,86,64,32,113,84,129,79" hai1="17,58,53,89,121,111,68,82,28,101,132,3,6" hai2="31,48,103,29,0,93,26,102,1,100,124,47,87" hai3="117,5,16,52,70,54,83,128,51,41,77,125,66"/><T34/><D129/><U133/><E121/><V12/><F124/><W85/><G117/><T72/><D45/><U71/><E111/><V110/><F110/><W88/><G125/><T9/><D9/><N who="1" m="2271" /><E101/><V33/><F31/><W104/><G128/><T49/><D49/><U75/><E28/><V134/><F134/><N who="1" m="51817" /><E17/><V105/><F105/><W42/><G104/><T99/><D99/><U36/><E36/><V81/><F93/><W23/><G5/><T131/><D39/><U91/><E75/><V61/><F61/><W94/><G66/><T7/><D7/><U80/><E82/><V22/><F81/><W98/><G70/><N who="1" m="26666" /><E80/><V67/><F87/><W2/><G2/><T135/><D135/><U127/><E127/><V126/><F67/><W108/><G108/><T119/><D119/><U4/><E4/><V10/><F33/><W24/><REACH who="3" step="1"/><G54/><REACH who="3" ten="287,161,381,161" step="2"/><T107/><D107/><U21/><E21/><V13/><F126/><W50/><G50/><AGARI ba="1,1" hai="50,53,58,89,91" m="26666,51817,2271" machi="50" ten="30,1000,0" yaku="20,1" doraHai="11" who="1" fromWho="3" sc="287,0,161,23,381,0,161,-13" /><INIT seed="5,0,0,0,5,65" ten="287,184,381,148" oya="1" hai0="41,44,2,120,61,130,111,86,34,115,16,24,83" hai1="11,134,93,32,135,119,30,133,103,68,101,13,56" hai2="49,47,8,95,70,42,91,74,60,18,112,36,96" hai3="1,19,28,67,14,33,84,80,62,58,114,51,48"/><U21/><E119/><V117/><F117/><W102/><G114/><T50/><D115/><U92/><E32/><V127/><F74/><W43/><G1/><T108/><D130/><U38/><E38/><V12/><F112/><W104/><G43/><T131/><D131/><U113/><E113/><V85/><F127/><W106/><G33/><T126/><D2/><U122/><E122/><V77/><F36/><W89/><G28/><T57/><D126/><U10/><E56/><V88/><F77/><W124/><G124/><T100/><D100/><N who="1" m="38475" /><E68/><V39/><F39/><W9/><REACH who="3" step="1"/><G102/><REACH who="3" ten="287,184,381,138" step="2"/><T99/><D34/><U81/><E30/><V5/><F42/><W25/><G25/><T66/><D120/><U110/><E110/><V121/><F121/><W45/><G45/><T64/><D111/><U0/><E0/><V105/><F47/><W94/><G94/><N who="1" m="36458" /><E81/><V6/><F95/><W107/><AGARI ba="0,1" hai="9,14,19,48,51,58,62,67,80,84,89,104,106,107" machi="107" ten="30,2000,0" yaku="1,1,0,1,53,0" doraHai="65" doraHaiUra="129" who="3" fromWho="3" sc="287,-5,184,-10,381,-5,138,30" /><INIT seed="6,0,0,5,4,11" ten="282,174,376,168" oya="2" hai0="95,93,22,24,82,57,15,110,19,130,70,14,23" hai1="128,16,33,81,68,34,46,92,88,32,119,18,118" hai2="79,86,42,113,17,61,129,115,78,25,55,3,66" hai3="97,135,9,120,134,49,124,76,108,38,4,60,72"/><V0/><F129/><W84/><G108/><T58/><D110/><U99/><E128/><V41/><F55/><W52/><G120/><T87/><D130/><U2/><E2/><N who="2" m="555" /><F86/><W30/><G30/><T100/><D70/><U114/><E114/><N who="2" m="43531" /><F25/><W6/><G84/><T69/><D69/><U91/><E68/><N who="2" m="42063" /><F17/><W111/><G111/><T45/><D45/><U74/><E46/><V43/><AGARI ba="0,0" hai="41,42,43,78,79" m="42063,43531,555" machi="43" ten="40,2100,0" yaku="15,1" doraHai="11" who="2" fromWho="2" sc="282,-7,174,-7,376,21,168,-7" /><INIT seed="6,1,0,5,2,60" ten="275,167,397,161" oya="2" hai0="59,106,57,4,24,44,9,16,31,134,38,62,39" hai1="34,72,110,18,78,30,103,80,20,132,115,52,10" hai2="75,35,127,86,96,128,32,37,55,8,104,97,5" hai3="81,14,88,113,94,89,36,123,40,45,85,130,54"/><V58/><F75/><W11/><G123/><T118/><D134/><U2/><E110/><V119/><F37/><W107/><G107/><T68/><D118/><U109/><E109/><V77/><F119/><W112/><G130/><T19/><D106/><U15/><E103/><V26/><F128/><W28/><G28/><T95/><D68/><U135/><E115/><N who="3" m="44106" /><G54/><T63/><D95/><U121/><E121/><V61/><F104/><W92/><G89/><T87/><D87/><U7/><REACH who="1" step="1"/><E52/><REACH who="1" ten="275,157,397,161" step="2"/><V129/><F55/><W56/><G56/><T23/><D59/><U46/><E46/><V79/><F58/><W131/><G131/><T0/><D63/><U17/><E17/><AGARI ba="1,1" hai="11,14,17,36,40,45,81,85,88,92,94" m="44106" machi="17" ten="30,3900,0" yaku="15,1,11,1,54,1" doraHai="60" who="3" fromWho="1" sc="275,0,157,-42,397,0,161,52" /><INIT seed="7,0,0,2,3,128" ten="275,115,397,213" oya="3" hai0="39,82,109,35,131,90,103,79,23,133,58,21,108" hai1="33,111,105,3,57,86,14,0,99,81,31,106,65" hai2="49,48,59,25,67,24,64,127,55,100,47,119,38" hai3="29,42,19,17,94,101,134,95,40,63,87,44,27"/><W124/><G124/><T98/><D39/><U74/><E14/><V132/><F119/><W115/><G115/><T93/><D131/><U62/><E111/><V43/><F100/><W45/><G63/><T61/><D35/><U125/><E125/><V88/><F127/><W52/><G87/><T107/><D23/><U9/><E86/><V56/><F132/><W76/><G27/><N who="2" m="10313" /><F38/><W16/><G29/><T26/><D133/><U12/><E12/><V83/><F56/><W114/><G76/><T6/><D6/><U84/><E84/><AGARI ba="0,0" hai="43,47,48,49,55,59,64,67,83,84,88" m="10313" machi="84" ten="30,2000,0" yaku="8,1,54,1" doraHai="128" who="2" fromWho="1" sc="275,0,115,-20,397,20,213,0" owari="275,8.0,95,-40.0,417,51.0,213,-19.0" /></mjloggm>