<mjloggm ver="2.3"><GO type="169" lobby="0"/><UN n0="%E7%A5%9E%E9%A2%A8%E3%81%A6%E3%81%83%E3%81%A3%E3%81%97%E3%82%85" n1="%42%72%42%61" n2="%E3%81%B4%E3%83%BC%E3%81%8A%E3%81%8B" n3="%E6%81%A9%E7%94%B0%E5%B8%8C" dan="16,16,16,16" rate="2140.44,2137.75,2166.57,2161.54" sx="M,M,M,F"/><TAIKYOKU oya="0"/><INIT seed="0,0,0,1,3,80" ten="250,250,250,250" oya="0" hai0="79,49,11,110,91,114,68,0,10,108,117,38,109" hai1="96,65,134,12,129,105,43,88,107,69,133,71,33" hai2="60,23,22,77,20,57,115,111,21,90,116,112,2" hai3="25,64,61,1,54,32,37,6,85,83,34,120,125"/><T89/><D114/><U27/><E12/><V81/><F111/><W47/><G125/><T94/><D117/><U35/><E43/><V130/><F130/><W72/><G72/><T95/><D38/><U45/><E45/><V36/><F116/><W53/><G120/><T26/><D68/><N who="1" m="26187" /><E65/><V15/><F2/><W86/><G1/><T31/><D79/><U74/><E74/><V8/><F36/><W122/><G6/><T128/><D128/><U99/><E27/><V16/><N who="2" m="5120" /><DORA hai="104" /><V87/><REACH who="2" step="1"/><F77/><REACH who="2" ten="250,250,240,250" step="2"/><W4/><G37/><T44/><D0/><U131/><E131/><V135/><F135/><N who="1" m="51721" /><E129/><V123/><F123/><W93/><G122/><T42/><D26/><U39/><E39/><V100/><F100/><W28/><G25/><T119/><D119/><U59/><E88/><N who="0" m="33865" /><D31/><U56/><E33/><V55/><AGARI ba="0,1" hai="8,15,16,55,57,60,81,87,90,112,115" m="5120" machi="55" ten="40,8000,1" yaku="1,1,0,1,52,1,54,1,53,1" doraHai="80,104" doraHaiUra="66,9" who="2" fromWho="2" sc="250,-40,250,-20,240,90,250,-20" /><INIT seed="1,0,0,4,3,12" ten="210,230,330,230" oya="1" hai0="73,39,3,110,0,54,13,74,67,103,88,86,43" hai1="98,51,105,18,94,117,131,55,75,37,49,99,27" hai2="83,77,112,114,44,2,92,90,113,119,79,72,109" hai3="10,76,125,95,60,33,23,66,32,4,129,85,58"/><U19/><E117/><V93/><F2/><W26/><G129/><T64/><D110/><U65/><E131/><V35/><F35/><W1/><G125/><T40/><D54/><U134/><E134/><V25/><F25/><W5/><G5/><T106/><D39/><U127/><E127/><V130/><F44/><W89/><REACH who="3" step="1"/><G76/><REACH who="3" ten="210,230,330,220" step="2"/><T22/><D0/><U97/><E105/><V59/><F130/><W104/><G104/><T121/><D3/><U14/><E37/><V24/><F79/><W71/><G71/><T91/><D74/><U46/><E75/><V107/><F107/><W41/><G41/><T102/><D73/><U82/><E82/><V96/><F77/><W38/><G38/><T56/><D106/><U20/><E94/><V133/><F92/><W30/><AGARI ba="0,1" hai="1,4,10,23,26,30,32,33,58,60,66,85,89,95" machi="30" ten="20,2700,0" yaku="1,1,0,1,7,1,53,0" doraHai="12" doraHaiUra="47" who="3" fromWho="3" sc="210,-7,230,-13,330,-7,220,37" /><INIT seed="2,0,0,5,3,103" ten="203,217,323,257" oya="2" hai0="72,45,32,24,83,130,14,57,37,3,96,71,124" hai1="115,127,75,97,101,107,118,105,92,120,42,25,91" hai2="1,76,109,114,23,11,36,65,54,49,125,95,2" hai3="22,19,56,98,100,123,113,27,77,58,102,106,47"/><V16/><F114/><W35/><G123/><T89/><D3/><U122/><E42/><V84/><F125/><W90/><G113/><T81/><D71/><U6/><E6/><V28/><F36/><W48/><G77/><T59/><D32/><U61/><E115/><V52/><F65/><W119/><G119/><T53/><D130/><U111/><E118/><V5/><F109/><W63/><G90/><T21/><D14/><U94/><E111/><V126/><F126/><W29/><G100/><T132/><D132/><U12/><E127/><V112/><F112/><W108/><G63/><T129/><D129/><U67/><E12/><V134/><F134/><W40/><REACH who="3" step="1"/><G108/><REACH who="3" ten="203,217,323,247" step="2"/><T69/><D89/><U43/><E75/><V68/><F76/><W41/><G41/><T99/><D72/><U13/><E43/><V121/><F121/><W39/><G39/><T117/><D37/><U74/><E74/><V87/><F49/><W7/><G7/><T79/><D117/><U4/><E122/><V55/><F84/><W88/><G88/><T44/><D79/><U60/><E120/><V0/><F87/><W33/><G33/><T82/><D124/><U62/><E67/><V104/><F5/><W80/><G80/><T64/><D83/><U18/><E4/><V34/><F34/><W78/><G78/><T110/><D82/><U8/><REACH who="1" step="1"/><E25/><AGARI ba="0,1" hai="19,22,25,27,29,35,40,47,48,56,58,98,102,106" machi="25" ten="30,3900,0" yaku="1,1,7,1,52,1,53,0" doraHai="103" doraHaiUra="73" who="3" fromWho="1" sc="203,0,217,-39,323,0,247,49" /><INIT seed="3,0,0,5,5,85" ten="203,178,323,296" oya="3" hai0="60,16,71,128,5,25,65,4,125,20,133,34,3" hai1="75,118,13,83,135,14,59,41,9,28,127,121,26" hai2="27,105,6,67,0,129,24,48,17,98,90,58,49" hai3="1,2,107,29,111,80,45,94,11,30,40,63,43"/><W134/><G107/><T113/><D128/><U55/><E118/><V64/><F129/><W106/><G106/><T116/><D116/><U82/><E121/><V61/><F67/><W42/><G134/><T10/><D133/><U78/><E135/><V104/><F104/><W110/><G45/><T109/><D125/><U95/><E127/><V123/><F123/><W22/><G80/><T68/><D109/><N who="3" m="41481" /><G63/><T19/><D113/><U114/><E114/><V112/><F6/><W70/><G70/><T84/><D5/><U38/><E95/><V31/><F0/><N who="3" m="107" /><G11/><T100/><D68/><U73/><E9/><V103/><F112/><W12/><G94/><T57/><D71/><U77/><E41/><V36/><F61/><W21/><G12/><T108/><D108/><U56/><E38/><V93/><F93/><W72/><G72/><T81/><D3/><U96/><E96/><V47/><F98/><W62/><G62/><T33/><D4/><U35/><REACH who="1" step="1"/><E59/><REACH who="1" ten="203,168,323,296" step="2"/><V7/><F58/><W126/><G126/><T79/><D57/><U97/><E97/><V99/><F99/><W88/><G88/><T89/><D89/><U39/><E39/><V46/><F90/><W74/><G74/><T117/><D117/><U130/><E130/><V50/><F36/><W52/><G40/><T23/><D10/><U15/><E15/><V37/><F105/><W101/><G43/><T54/><D81/><U44/><E44/><V32/><F46/><W115/><G42/><T8/><D8/><U86/><E86/><V124/><F124/><W69/><G115/><T66/><D84/><RYUUKYOKU ba="0,1" sc="203,-10,168,30,323,-10,296,-10" hai1="13,14,26,28,35,55,56,73,75,77,78,82,83" /><INIT seed="4,1,1,4,0,89" ten="193,198,313,286" oya="0" hai0="84,71,78,54,32,109,3,63,14,77,10,27,122" hai1="85,42,110,25,4,86,36,6,55,2,125,49,126" hai2="83,96,9,95,90,35,58,39,24,45,20,80,43" hai3="46,29,101,60,92,120,134,105,82,88,74,30,91"/><T52/><D122/><U1/><E110/><V19/><F35/><W28/><G120/><T40/><D3/><N who="1" m="1035" /><E25/><V108/><F108/><W116/><G116/><T132/><D40/><U17/><E17/><V113/><F113/><W118/><G118/><T33/><D109/><U97/><E97/><V87/><F9/><W81/><G105/><T62/><D71/><U100/><E100/><V124/><F124/><N who="1" m="47721" /><E36/><V104/><F104/><W53/><G74/><T16/><D132/><U57/><E42/><V50/><F39/><W37/><G37/><T111/><D111/><U48/><E48/><V22/><F58/><N who="3" m="34895" /><G46/><T103/><D33/><U68/><E68/><V130/><F130/><W8/><G8/><T133/><D133/><U72/><E72/><V67/><F67/><W69/><G134/><T73/><D73/><U117/><E117/><V18/><F96/><N who="3" m="59527" /><G69/><T5/><D103/><U79/><E79/><N who="0" m="30217" /><D32/><U26/><E26/><AGARI ba="1,1" hai="18,19,20,22,24,26,43,45,50,80,83,87,90,95" machi="26" ten="30,7700,0" yaku="7,1,9,1,8,1,52,1" doraHai="89" who="2" fromWho="1" sc="193,0,198,-80,313,90,286,0" /><INIT seed="5,0,0,4,2,21" ten="193,118,403,286" oya="1" hai0="121,16,11,58,45,1,28,25,49,9,40,130,108" hai1="120,32,107,31,73,61,87,17,134,93,67,14,94" hai2="131,80,125,128,76,2,79,69,75,72,8,124,113" hai3="10,99,66,109,70,15,51,26,27,83,68,60,119"/><U55/><E120/><V97/><F69/><W52/><G109/><T104/><D108/><U50/><E134/><V0/><F97/><W34/><G34/><T123/><D104/><U126/><E126/><N who="2" m="48747" /><F113/><W101/><G83/><T118/><D118/><U35/><E73/><N who="2" m="28235" /><F80/><W92/><G68/><T54/><D1/><N who="2" m="618" /><F8/><W47/><REACH who="3" step="1"/><G119/><REACH who="3" ten="193,118,403,276" step="2"/><T78/><D78/><AGARI ba="0,1" hai="76,78,79,128,131" m="618,28235,48747" machi="78" ten="40,5200,0" yaku="28,2,18,1" doraHai="21" who="2" fromWho="0" sc="193,-52,118,0,403,62,276,0" /><INIT seed="6,0,0,5,0,47" ten="141,118,465,276" oya="2" hai0="133,92,64,24,2,41,45,70,30,125,27,1,0" hai1="84,88,51,7,8,65,127,4,55,43,15,13,42" hai2="63,112,31,6,135,56,10,3,119,28,129,14,114" hai3="26,76,132,9,29,73,115,110,53,69,101,57,50"/><V95/><F119/><W126/><G110/><T79/><D133/><U49/><E127/><V83/><F135/><W23/><G132/><T121/><D121/><U96/><E65/><V93/><F129/><W16/><G126/><T78/><D125/><U5/><E96/><V37/><F37/><W80/><G115/><N who="2" m="44073" /><F3/><W85/><G69/><T108/><D27/><U62/><E62/><V48/><F83/><W107/><G73/><T111/><D92/><N who="2" m="35402" /><F48/><N who="1" m="18505" /><E55/><AGARI ba="0,0" hai="6,10,14,28,31,55,56,63" m="35402,44073" machi="55" ten="30,1500,0" yaku="15,1" doraHai="47" who="2" fromWho="1" sc="141,0,118,-15,465,15,276,0" /><INIT seed="6,1,0,1,2,82" ten="141,103,480,276" oya="2" hai0="110,52,105,13,132,81,7,87,123,79,112,114,63" hai1="53,88,18,68,10,48,28,80,19,32,24,55,135" hai2="115,25,47,111,71,86,91,75,99,126,93,74,134" hai3="39,1,43,100,85,12,26,16,70,102,122,95,125"/><V36/><F71/><W40/><G1/><T133/><D105/><U103/><E135/><N who="0" m="51785" /><D110/><U20/><E68/><V118/><F25/><W67/><G39/><T56/><D123/><U38/><E38/><V54/><F54/><N who="1" m="20489" /><E32/><V34/><F47/><W14/><G122/><T109/><D109/><U8/><E103/><N who="3" m="39466" /><G70/><T64/><D64/><U45/><E8/><AGARI ba="1,0" hai="7,8,13,52,56,63,79,81,87,112,114" m="51785" machi="8" ten="30,3900,0" yaku="20,1,52,1,54,1" doraHai="82" who="0" fromWho="1" sc="141,42,103,-42,480,0,276,0" /><INIT seed="7,0,0,0,3,66" ten="183,61,480,276" oya="3" hai0="29,42,126,135,39,22,119,9,106,116,52,89,17" hai1="133,102,18,0,16,11,115,92,47,8,63,45,50" hai2="68,93,123,103,44,48,10,91,38,82,60,84,70" hai3="28,117,73,25,31,86,88,96,105,101,114,56,13"/><W74/><G117/><T54/><D106/><U5/><E115/><V127/><F38/><W100/><G114/><T78/><D78/><U37/><E133/><V7/><F127/><W61/><G101/><T124/><D42/><U71/><E37/><V99/><F60/><W90/><G13/><T58/><D39/><U1/><E63/><V107/><F107/><W121/><G121/><T130/><D29/><U26/><E26/><V87/><F87/><W79/><G79/><T2/><D9/><U41/><E92/><V59/><F59/><W49/><G49/><T34/><D34/><U20/><E102/><V129/><F129/><W35/><G31/><T53/><D2/><U109/><E109/><V46/><F46/><W40/><G40/><T95/><D58/><U128/><E41/><V72/><F72/><W81/><REACH who="3" step="1"/><G90/><REACH who="3" ten="183,61,480,266" step="2"/><T64/><D89/><U62/><E50/><V132/><F123/><W21/><G21/><T69/><D22/><U76/><E20/><V131/><F91/><W112/><G112/><T24/><D119/><U55/><E76/><V118/><F103/><W110/><G110/><T3/><D116/><U15/><E128/><V19/><F118/><W104/><G104/><T75/><D130/><U97/><E97/><V85/><F99/><W108/><G108/><T125/><D126/><U23/><E0/><V98/><F98/><W32/><G32/><T83/><D3/><U67/><E55/><AGARI ba="0,1" hai="25,28,35,55,56,61,73,74,81,86,88,96,100,105" machi="55" ten="30,5800,0" yaku="1,1,7,1,54,1,53,0" doraHai="66" doraHaiUra="36" who="3" fromWho="1" sc="183,0,61,-58,480,0,266,68" /><INIT seed="7,1,0,4,3,65" ten="183,3,480,334" oya="3" hai0="112,77,50,88,82,109,53,102,25,19,129,75,43" hai1="108,110,0,12,59,35,95,44,6,31,133,40,134" hai2="123,93,2,111,126,60,105,97,23,90,51,37,87" hai3="128,69,5,8,3,1,48,125,119,92,38,122,70"/><W135/><G122/><T79/><D43/><U118/><E95/><V4/><F37/><W120/><G120/><T113/><D109/><U61/><E61/><V46/><F111/><W32/><G119/><T121/><D121/><U99/><E59/><V33/><F33/><W81/><G38/><T74/><D102/><U103/><E103/><V94/><F126/><W41/><G32/><T26/><D129/><U10/><E44/><V67/><F105/><W98/><G128/><T104/><D104/><U124/><E99/><V18/><F4/><W54/><G3/><T55/><D19/><U21/><E40/><V58/><F2/><W68/><G125/><T17/><D17/><U29/><E124/><V15/><F123/><W36/><G135/><T84/><D50/><U107/><E107/><V56/><F56/><W39/><G81/><T52/><D79/><U72/><E72/><V47/><F51/><W13/><G1/><T76/><D76/><U91/><E91/><AGARI ba="1,0" hai="15,18,23,46,47,58,60,67,87,90,91,93,94,97" machi="91" ten="30,2000,0" yaku="7,1,8,1" doraHai="65" who="2" fromWho="1" sc="183,0,3,-23,480,23,334,0" owari="183,-22.0,-20,-52.0,503,61.0,334,13.0" /></mjloggm>