<mjloggm ver="2.3"><GO type="169" lobby="0"/><UN n0="%6B%79%6F%6E%6B%6F%31%31" n1="%E5%AE%89%E8%89%AF%E5%B2%A1%E8%8A%B1%E7%81%AB" n2="%E3%81%BF%E3%81%A3%E3%81%8D%E3%83%BC" n3="%42%72%42%61" dan="17,16,17,16" rate="2198.54,2108.72,2202.79,2139.63" sx="M,M,M,M"/><TAIKYOKU oya="0"/><INIT seed="0,0,0,1,1,60" ten="250,250,250,250" oya="0" hai0="36,97,94,53,39,105,92,65,7,114,115,99,66" hai1="85,78,131,70,74,47,95,118,57,124,46,8,109" hai2="75,129,121,82,122,77,108,49,43,25,89,1,113" hai3="13,0,35,98,112,79,64,18,58,73,102,12,20"/><T11/><D105/><U27/><E118/><V52/><F1/><W116/><G116/><T117/><D117/><U80/><E70/><V67/><F113/><W32/><G112/><T63/><D63/><U135/><E109/><V61/><F108/><W10/><G0/><T83/><D83/><U110/><E110/><V45/><F129/><W68/><G68/><T76/><D53/><U9/><E131/><V100/><F100/><W71/><G71/><T54/><D54/><U101/><E135/><V87/><F25/><W16/><G73/><T132/><D11/><U3/><E124/><V127/><F127/><W96/><G79/><T56/><D56/><U104/><E27/><V88/><F89/><W2/><G2/><T103/><D76/><U24/><E24/><V106/><F106/><W44/><G44/><N who="1" m="16938" /><E57/><V42/><F121/><W17/><G17/><T50/><D50/><U62/><E62/><V22/><F22/><W69/><G69/><T107/><D107/><U128/><E128/><V33/><F33/><W26/><G26/><T30/><D103/><U72/><E3/><V134/><F122/><W23/><G10/><T21/><D21/><U120/><E120/><V93/><F134/><W14/><G14/><T86/><D132/><U59/><E59/><AGARI ba="0,0" hai="42,43,45,49,52,59,61,67,75,77,82,87,88,93" machi="59" ten="30,7700,0" yaku="7,1,52,1,54,2" doraHai="60" who="2" fromWho="1" sc="250,0,250,-77,250,77,250,0" /><INIT seed="1,0,0,5,1,92" ten="250,173,327,250" oya="1" hai0="75,22,12,104,83,105,81,40,111,8,30,129,86" hai1="52,127,98,48,117,126,79,26,15,107,46,115,113" hai2="3,84,80,122,6,85,114,65,44,57,51,11,93" hai3="95,28,54,16,27,89,14,53,77,39,19,58,50"/><U18/><E117/><V108/><F122/><W5/><G39/><T87/><D75/><U72/><E72/><V23/><F108/><W31/><G77/><T13/><D111/><U42/><E79/><V102/><F114/><W69/><G69/><T55/><D40/><U97/><E26/><V78/><F23/><W56/><G5/><T66/><D66/><U17/><E42/><V62/><F102/><W67/><G67/><T32/><D32/><U110/><E110/><V71/><F93/><W82/><G82/><T63/><D129/><U49/><E49/><V101/><F101/><W47/><G27/><T125/><D22/><N who="1" m="11583" /><E18/><N who="3" m="6698" /><G14/><T131/><D131/><U90/><E90/><V68/><REACH who="2" step="1"/><F85/><REACH who="2" ten="250,173,317,250" step="2"/><N who="3" m="52655" /><G47/><T33/><D105/><U132/><E107/><V76/><F76/><W24/><G24/><T91/><D104/><U25/><E25/><V21/><F21/><W106/><G106/><T112/><D112/><N who="1" m="43083" /><E132/><V37/><F37/><W119/><G119/><T120/><D33/><U1/><E1/><V121/><F121/><W128/><G128/><T29/><D120/><U45/><E46/><V99/><F99/><W20/><G20/><T134/><D134/><U109/><E109/><V70/><F70/><W130/><G130/><T116/><D116/><U100/><E100/><V9/><F9/><W123/><G123/><T135/><D8/><U118/><E118/><V43/><AGARI ba="0,1" hai="3,6,11,43,44,51,57,62,65,68,71,78,80,84" machi="43" ten="20,2700,0" yaku="1,1,0,1,7,1,53,0" doraHai="92" doraHaiUra="88" who="2" fromWho="2" sc="250,-7,173,-13,317,37,250,-7" /><INIT seed="2,0,0,4,4,84" ten="243,160,354,243" oya="2" hai0="14,119,67,83,123,96,51,89,3,118,41,125,22" hai1="39,46,31,0,21,79,99,26,102,117,88,74,28" hai2="97,63,52,101,110,105,121,66,126,124,35,40,27" hai3="113,42,49,20,116,72,127,100,2,65,16,11,82"/><V132/><F121/><W71/><G116/><N who="0" m="44587" /><D123/><U12/><E117/><V45/><F132/><W122/><G113/><T6/><D3/><U50/><E0/><V75/><F75/><W77/><G122/><T19/><D67/><U86/><E39/><N who="2" m="21663" /><F52/><W53/><G127/><T120/><D125/><U70/><E70/><N who="2" m="42335" /><F110/><W81/><G100/><T128/><D6/><U4/><E4/><V54/><F54/><W47/><G53/><T68/><D68/><U59/><E12/><V62/><F62/><W115/><G115/><T60/><D60/><U1/><E59/><V78/><F78/><W32/><G65/><T85/><D120/><U44/><E1/><V98/><F97/><W33/><G71/><T107/><D41/><N who="1" m="24847" /><E79/><V30/><AGARI ba="0,0" hai="27,30,35,98,101,105,124,126" m="42335,21663" machi="30" ten="30,3000,0" yaku="25,1,23,1" doraHai="84" who="2" fromWho="2" sc="243,-10,160,-10,354,30,243,-10" /><INIT seed="2,1,0,3,1,131" ten="233,150,384,233" oya="2" hai0="6,61,77,120,90,11,43,97,117,114,73,104,23" hai1="64,53,78,58,127,111,72,99,15,105,83,52,84" hai2="29,14,132,56,47,91,92,65,75,31,54,107,98" hai3="38,35,60,129,22,101,44,85,7,88,13,122,3"/><V36/><F75/><W124/><G122/><T95/><D114/><U19/><E111/><V118/><F107/><W128/><G124/><T86/><D120/><U80/><E127/><V93/><F65/><W5/><G35/><T17/><D117/><U24/><E24/><V26/><F14/><W10/><G101/><T20/><D43/><U110/><E110/><V103/><F31/><W109/><G109/><T51/><D51/><U50/><E105/><V28/><F28/><W87/><G60/><T27/><D20/><U34/><E99/><N who="2" m="57759" /><F47/><W62/><G62/><T0/><D73/><U16/><E34/><N who="2" m="20791" /><F36/><W113/><G44/><T49/><D104/><U57/><E64/><V41/><F41/><W42/><G42/><T135/><D61/><U39/><E39/><V74/><F74/><W55/><G38/><T76/><D49/><U18/><E15/><V106/><F106/><W82/><G55/><T66/><D66/><U8/><E8/><V116/><F116/><W46/><G46/><T70/><D97/><U68/><E68/><V112/><F112/><W32/><G32/><T108/><D70/><U71/><E71/><V79/><F79/><N who="0" m="30282" /><D108/><U133/><E53/><V12/><F12/><W102/><G128/><T4/><D4/><U94/><E50/><V40/><F40/><W130/><G7/><T96/><D96/><U2/><E72/><V37/><F37/><W134/><G113/><T21/><D21/><U126/><E126/><V1/><F118/><W81/><G129/><T63/><D63/><U123/><E123/><V33/><F33/><W121/><G130/><RYUUKYOKU ba="1,0" sc="233,30,150,-10,384,-10,233,-10" hai0="0,6,11,17,23,27,86,90,95,135" /><INIT seed="3,2,0,4,4,6" ten="263,140,374,223" oya="3" hai0="73,82,16,109,29,36,105,104,84,71,58,74,9" hai1="60,54,102,100,63,130,52,0,101,51,7,93,72" hai2="39,110,87,96,40,38,128,83,75,35,135,56,65" hai3="97,26,113,24,131,106,19,8,81,122,48,127,49"/><W95/><G122/><T31/><D71/><U15/><E72/><V70/><F35/><W34/><G113/><T55/><D36/><U88/><E130/><V50/><F75/><W21/><G131/><T115/><D115/><U126/><E126/><V123/><F96/><W134/><G127/><T41/><D109/><U61/><E0/><V92/><F92/><W45/><G134/><T91/><D41/><U12/><E51/><V1/><F1/><W132/><G132/><T129/><D129/><U59/><E59/><V67/><F87/><W18/><G106/><T20/><D74/><U28/><E28/><V103/><F83/><W114/><G114/><T69/><D69/><U80/><E80/><V17/><F103/><W76/><G34/><T13/><D73/><U23/><E23/><V124/><F110/><W68/><G68/><T2/><D31/><U53/><E7/><V108/><F108/><W64/><G64/><N who="2" m="24649" /><F124/><W22/><G8/><T85/><D85/><AGARI ba="2,0" hai="12,15,52,53,54,60,61,63,85,88,93,100,101,102" machi="85" ten="50,8000,1" yaku="29,2,8,1,54,2" doraHai="6" who="1" fromWho="0" sc="263,-86,140,86,374,0,223,0" /><INIT seed="4,0,0,1,3,74" ten="177,226,374,223" oya="0" hai0="53,94,1,24,106,65,70,67,36,5,16,44,58" hai1="42,2,102,57,133,77,59,127,33,100,128,87,64" hai2="63,96,52,54,23,37,71,60,110,41,82,120,98" hai3="72,118,3,104,31,27,107,19,0,45,38,131,121"/><T111/><D106/><U12/><E2/><V92/><F110/><W84/><G118/><T122/><D122/><U25/><E133/><V28/><F120/><W13/><G121/><T115/><D111/><U99/><E128/><V116/><F41/><W22/><G131/><T132/><D132/><U30/><E127/><V112/><F37/><W97/><G72/><T46/><D115/><U75/><E75/><V26/><F112/><W20/><G84/><T130/><D130/><U117/><E42/><V48/><F71/><W66/><G66/><N who="0" m="25099" /><D1/><U101/><E64/><V89/><F116/><W126/><G126/><T91/><D5/><U90/><E117/><V85/><F96/><W50/><G38/><T123/><D36/><U15/><E99/><V6/><F6/><W80/><G107/><T73/><D73/><U29/><E29/><V35/><F35/><W93/><G104/><T10/><D70/><U134/><E134/><V119/><F119/><W68/><G68/><T105/><D105/><U113/><E113/><V8/><F8/><W86/><G0/><T129/><D129/><U88/><E59/><N who="2" m="33159" /><F54/><W103/><G3/><T43/><D43/><U51/><E57/><V56/><F56/><W125/><G125/><T76/><D123/><U114/><E114/><V79/><AGARI ba="0,0" hai="23,26,28,60,63,79,82,85,89,92,98" m="33159" machi="79" ten="30,4000,0" yaku="8,1,52,1,54,1" doraHai="74" who="2" fromWho="2" sc="177,-20,226,-10,374,40,223,-10" /><INIT seed="5,0,0,1,0,133" ten="157,216,414,213" oya="1" hai0="52,126,107,80,86,29,38,68,6,45,62,60,42" hai1="74,81,83,118,98,14,78,134,96,44,84,66,87" hai2="36,17,72,76,10,65,82,63,55,57,27,59,99" hai3="30,77,12,24,69,88,21,67,7,41,104,120,79"/><U115/><E118/><V114/><F36/><W89/><G120/><T25/><D107/><U56/><E134/><V11/><F114/><W90/><G104/><T32/><D68/><U124/><E124/><V70/><F70/><W58/><G69/><T51/><D6/><U92/><E115/><V122/><F122/><W125/><G125/><T61/><D126/><U100/><E44/><V46/><F46/><W22/><G41/><T16/><D38/><U3/><E3/><V132/><F132/><W26/><G7/><T54/><REACH who="0" step="1"/><D16/><REACH who="0" ten="147,216,414,213" step="2"/><U75/><E14/><V110/><F17/><N who="3" m="12335" /><G12/><T33/><D33/><U121/><E121/><V40/><F10/><W50/><G50/><T111/><D111/><U105/><E66/><V4/><F11/><W34/><G34/><T39/><D39/><U97/><E56/><V35/><F59/><W47/><G47/><T135/><D135/><U23/><E23/><V103/><F57/><W9/><G9/><T116/><D116/><U64/><E64/><V31/><F65/><W1/><G1/><T109/><D109/><U85/><REACH who="1" step="1"/><E105/><REACH who="1" ten="147,206,414,213" step="2"/><V28/><F35/><W19/><G19/><T130/><D130/><U53/><E53/><V129/><F55/><W123/><G123/><T94/><D94/><U128/><E128/><V73/><F129/><W37/><G37/><T71/><D71/><U5/><E5/><V13/><F4/><W117/><G117/><T20/><D20/><U119/><E119/><V106/><F13/><W131/><G131/><T112/><D112/><U48/><E48/><V15/><F106/><W2/><G2/><RYUUKYOKU ba="0,2" sc="147,10,206,10,414,-30,213,10" hai0="25,29,32,42,45,51,52,54,60,61,62,80,86" hai1="74,75,78,81,83,84,85,87,92,96,97,98,100" hai3="22,26,30,58,67,77,79,88,89,90" /><INIT seed="5,1,2,1,4,32" ten="157,216,384,223" oya="1" hai0="121,25,101,78,93,72,88,54,103,2,27,66,116" hai1="92,81,114,44,36,41,4,134,122,128,15,132,71" hai2="53,20,1,17,109,65,82,120,111,16,19,112,85" hai3="127,31,89,46,10,33,126,43,63,51,106,12,57"/><U100/><E122/><V87/><F120/><W28/><G106/><T94/><D116/><U104/><E71/><V59/><F1/><W24/><G31/><T83/><D121/><U77/><E114/><V52/><F112/><W96/><G96/><T26/><D2/><U7/><E128/><V117/><F117/><W123/><G123/><T21/><D66/><U113/><E104/><V22/><F65/><W135/><G89/><T74/><D74/><U3/><E15/><V9/><F9/><W129/><G129/><T11/><D11/><U39/><E39/><V108/><F87/><W6/><REACH who="3" step="1"/><G135/><REACH who="3" ten="157,216,384,213" step="2"/><T133/><D133/><U99/><E134/><V47/><F109/><W107/><G107/><T8/><D103/><U118/><E132/><V13/><F108/><W5/><G5/><T105/><D101/><U79/><E113/><V95/><F17/><W45/><G45/><T67/><D105/><U40/><E7/><V30/><F19/><W38/><G38/><T124/><D88/><U110/><E44/><V130/><F47/><W86/><G86/><T68/><D72/><U56/><E36/><V64/><F16/><W37/><G37/><T35/><D78/><U50/><E110/><V75/><F85/><W84/><G84/><T61/><D94/><U98/><E79/><V119/><F111/><W102/><G102/><T73/><D93/><U76/><E76/><V90/><F95/><W60/><G60/><T70/><D73/><U42/><E77/><V115/><F75/><W69/><G69/><T131/><D131/><U34/><E92/><V29/><F130/><RYUUKYOKU ba="1,3" sc="157,-10,216,-10,384,-10,213,30" hai3="6,10,12,24,28,33,43,46,51,57,63,126,127" /><INIT seed="6,2,3,2,4,52" ten="147,206,374,243" oya="2" hai0="8,96,94,47,76,63,129,71,133,68,53,121,5" hai1="23,117,70,2,11,45,9,20,114,134,77,34,95" hai2="58,108,91,44,21,50,31,65,74,110,105,86,126" hai3="38,81,132,51,37,13,12,36,30,0,62,69,100"/><V111/><F74/><W56/><G132/><T122/><D76/><U112/><E34/><V82/><F105/><W72/><G0/><T33/><D33/><U29/><E117/><V93/><F126/><W10/><G100/><T131/><D133/><U49/><E70/><N who="0" m="26665" /><D96/><U127/><E127/><V15/><F65/><W90/><G30/><T115/><D94/><U88/><E134/><V16/><F58/><W64/><G13/><T130/><D115/><N who="1" m="44075" /><E77/><V75/><F31/><W97/><G72/><T60/><D47/><U99/><E29/><V14/><F75/><W103/><G90/><T54/><D8/><N who="1" m="3147" /><E2/><V128/><F15/><W92/><G81/><T67/><D5/><U39/><E39/><V98/><F128/><N who="0" m="32770" /><T104/><DORA hai="84" /><D104/><U35/><E35/><V120/><F108/><W25/><G69/><N who="0" m="42215" /><D63/><U61/><E61/><V113/><F113/><W87/><G87/><T85/><D85/><U83/><E83/><V135/><F135/><W4/><G25/><T19/><D19/><U3/><E3/><V102/><F110/><W73/><G73/><T59/><D59/><U24/><E24/><V101/><F111/><W123/><G56/><T32/><D32/><U124/><E124/><V57/><F57/><W118/><G62/><T107/><D107/><U1/><E1/><V106/><F106/><W79/><G79/><T42/><D42/><AGARI ba="2,3" hai="20,23,42,45,49,88,95,99" m="3147,44075" machi="42" ten="30,3900,0" yaku="15,1,52,1,54,1" doraHai="52,84" who="1" fromWho="0" sc="147,-45,206,75,374,0,243,0" /><INIT seed="7,0,0,0,5,102" ten="102,281,374,243" oya="3" hai0="74,105,134,48,115,113,120,7,126,21,62,117,9" hai1="55,49,66,39,56,60,65,82,119,71,40,100,87" hai2="89,107,42,63,15,1,25,99,2,92,79,52,45" hai3="64,81,0,116,31,47,69,121,57,5,26,35,124"/><W70/><G121/><T16/><D74/><U95/><E119/><V75/><F15/><W68/><G116/><T19/><D117/><U28/><E39/><V130/><F130/><W135/><G135/><T129/><D120/><U72/><E72/><V114/><F107/><W78/><G124/><T53/><D126/><U88/><E28/><V123/><F123/><W86/><G57/><T58/><D129/><U94/><E100/><V96/><F96/><W44/><G64/><N who="1" m="24682" /><E71/><V118/><F79/><W20/><G35/><T108/><D108/><U30/><E30/><V111/><F75/><W61/><G61/><T110/><D110/><U93/><E40/><V77/><F1/><W43/><G43/><T59/><D134/><U122/><E122/><V6/><F2/><W90/><G78/><T12/><D19/><U125/><E125/><V18/><F6/><W101/><G101/><T13/><D62/><AGARI ba="0,0" hai="49,55,56,60,62,82,87,88,93,94,95" m="24682" machi="62" ten="30,2000,0" yaku="8,1,54,1" doraHai="102" who="1" fromWho="0" sc="102,-20,281,20,374,0,243,0" owari="82,-42.0,301,10.0,374,48.0,243,-16.0" /></mjloggm>