<mjloggm ver="2.3"><GO type="185" lobby="0"/><UN n0="%70%6F%6E%5F%6B%61%73%75" n1="%E9%95%B7%E9%87%8E%E6%9D%BE%E6%9C%AC" n2="%E6%B0%B7%E3%81%AE%4B" n3="" dan="16,17,16,0" rate="2178.90,2224.97,2122.38,1500.00" sx="M,M,M,C"/><TAIKYOKU oya="0"/><INIT seed="0,0,0,3,2,93" ten="350,350,350,0" oya="0" hai0="109,96,127,39,72,82,60,115,48,88,54,40,105" hai1="120,73,111,102,32,113,77,103,2,114,53,76,134" hai2="130,64,108,89,0,74,66,94,55,45,83,36,51" hai3=""/><T91/><D115/><U106/><N who="1" m="30752" /><U58/><E2/><V67/><F0/><T56/><D127/><U104/><E32/><V46/><F108/><T87/><D109/><U42/><E42/><V119/><F119/><T129/><D129/><U99/><E111/><V71/><F130/><T85/><D72/><U97/><E134/><V38/><F71/><T69/><D39/><U112/><E73/><V52/><F74/><T37/><D37/><U33/><E33/><V3/><F3/><T50/><D69/><U47/><E47/><V49/><REACH who="2" step="1"/><F83/><REACH who="2" ten="350,350,340,0" step="2"/><T78/><D40/><U125/><REACH who="1" step="1"/><E125/><REACH who="1" ten="350,340,340,0" step="2"/><V101/><F101/><T63/><D91/><U44/><E44/><V122/><N who="2" m="31264" /><V100/><F100/><T126/><D126/><U68/><E68/><V90/><F90/><T116/><D88/><U84/><E84/><AGARI ba="0,2" hai="36,38,45,46,49,51,52,55,64,66,67,84,89,94" m="31264" machi="84" ten="40,8000,1" yaku="1,1,9,1,52,1,54,1,53,0" doraHai="93" doraHaiUra="132" who="2" fromWho="1" sc="350,0,340,-80,340,100,0,0" /><INIT seed="1,0,0,4,0,87" ten="350,260,440,0" oya="1" hai0="114,73,130,96,94,51,111,82,90,126,127,80,135" hai1="103,48,108,93,72,84,34,131,55,89,104,41,105" hai2="101,67,65,133,57,76,46,116,92,47,69,117,112" hai3=""/><U64/><E34/><V49/><F76/><T109/><D114/><U85/><E131/><V121/><N who="2" m="31008" /><V68/><F112/><T81/><D130/><U61/><E72/><V39/><F92/><T79/><D51/><U88/><E108/><N who="0" m="41545" /><D135/><U0/><E0/><V2/><F2/><T132/><D132/><U66/><E41/><V120/><N who="2" m="30752" /><V86/><F101/><T3/><D3/><U129/><E129/><V1/><F1/><T54/><D54/><U78/><E78/><V33/><F33/><T115/><D115/><U83/><E103/><V95/><F133/><T44/><D44/><U113/><E113/><V38/><F86/><T32/><D32/><U52/><E64/><V118/><F95/><T134/><D134/><U60/><E60/><V107/><F107/><T110/><D110/><U100/><E100/><V75/><F75/><T42/><D42/><U53/><REACH who="1" step="1"/><E48/><REACH who="1" ten="350,250,440,0" step="2"/><V35/><F35/><T43/><D43/><U70/><AGARI ba="0,1" hai="52,53,55,61,66,70,83,84,85,88,89,93,104,105" machi="70" ten="30,16000,3" yaku="1,1,2,1,0,1,52,2,54,2,53,1" doraHai="87" doraHaiUra="77" who="1" fromWho="1" sc="350,-80,250,170,440,-80,0,0" /><INIT seed="1,1,0,2,4,49" ten="270,420,360,0" oya="1" hai0="106,129,126,41,37,130,76,122,58,67,135,110,74" hai1="43,56,55,3,105,109,101,113,87,112,2,118,64" hai2="45,83,125,66,121,104,34,62,36,72,71,73,86" hai3=""/><U88/><E118/><V128/><N who="2" m="31008" /><V124/><F34/><T123/><N who="0" m="31264" /><T81/><N who="0" m="31520" /><T79/><D110/><U38/><E109/><V68/><F104/><T82/><D135/><U92/><E64/><V77/><F128/><N who="0" m="49258" /><D126/><N who="2" m="48746" /><F71/><T53/><D106/><U134/><E134/><V59/><F68/><T108/><D67/><U107/><E113/><V127/><N who="2" m="48754" /><V103/><DORA hai="90" /><F103/><T54/><D108/><U116/><E112/><V78/><F78/><N who="0" m="29738" /><D74/><U84/><E116/><V0/><F0/><T65/><D41/><AGARI ba="1,0" hai="36,41,45,59,62,66,72,73,77,83,86" m="48754,31008" machi="41" ten="40,2600,0" yaku="18,1,52,1" doraHai="49,90" who="2" fromWho="0" sc="270,-28,420,0,360,28,0,0" /><INIT seed="2,0,0,0,1,81" ten="242,420,388,0" oya="2" hai0="130,70,50,90,94,32,116,119,69,75,35,53,131" hai1="97,71,49,112,63,68,0,77,59,57,85,134,126" hai2="47,83,42,92,122,40,110,84,104,128,58,73,74" hai3=""/><V38/><N who="2" m="31264" /><V135/><F104/><T60/><D75/><U111/><E112/><V125/><F135/><T39/><D39/><U87/><E134/><V109/><F128/><N who="0" m="49194" /><D60/><U37/><E37/><V133/><F133/><T80/><D80/><U48/><E0/><V34/><F34/><N who="0" m="12842" /><D119/><U106/><E77/><V127/><F92/><T52/><D116/><U66/><E111/><N who="2" m="42507" /><F58/><T55/><D50/><U105/><E126/><N who="2" m="48139" /><F42/><T96/><AGARI ba="0,0" hai="52,53,55,69,70,90,94,96" m="12842,49194" machi="96" ten="40,2000,0" yaku="19,1,54,1" doraHai="81" who="0" fromWho="0" sc="242,20,420,-7,388,-13,0,0" /><INIT seed="4,0,0,3,4,103" ten="262,413,375,0" oya="0" hai0="116,95,43,32,125,38,0,56,37,84,64,45,118" hai1="124,68,94,53,3,34,96,129,101,99,119,131,72" hai2="40,63,75,66,47,128,86,123,48,112,49,61,74" hai3=""/><T58/><D0/><U110/><E3/><V134/><N who="2" m="31520" /><V39/><F134/><T46/><D32/><U41/><E34/><V50/><F128/><T76/><D125/><U83/><E68/><V120/><N who="2" m="30752" /><V65/><F112/><T127/><D127/><U77/><E41/><V36/><F86/><T88/><D76/><U102/><E124/><V67/><REACH who="2" step="1"/><F36/><REACH who="2" ten="262,413,365,0" step="2"/><T111/><D111/><U133/><E133/><V71/><F71/><T122/><N who="0" m="31264" /><T104/><D118/><U62/><E119/><V42/><F42/><T69/><D116/><U100/><E110/><V92/><F92/><T91/><D37/><U33/><E33/><V108/><F108/><T2/><D2/><U121/><N who="1" m="31008" /><U70/><E70/><V105/><F105/><T106/><D69/><U57/><REACH who="1" step="1"/><E99/><REACH who="1" ten="262,403,365,0" step="2"/><V51/><N who="2" m="12288" /><DORA hai="117" /><V114/><F114/><T135/><D135/><U85/><E85/><V1/><F1/><T98/><D46/><U35/><E35/><V73/><AGARI ba="0,2" hai="39,40,47,61,63,65,66,67,73,74,75" m="12288,30752,31520" machi="73" ten="50,12000,3" yaku="1,1,0,1,29,2,52,4,53,0" doraHai="103,117" doraHaiUra="87,109" who="2" fromWho="2" sc="262,-80,403,-40,365,140,0,0" /><INIT seed="5,0,0,3,2,74" ten="182,363,505,0" oya="1" hai0="122,120,71,87,37,54,116,84,112,42,3,93,123" hai1="132,126,110,50,104,47,53,114,61,62,97,127,96" hai2="56,44,108,63,75,2,65,67,89,39,58,72,64" hai3=""/><U69/><E114/><V70/><F2/><T100/><N who="0" m="30752" /><T76/><N who="0" m="31264" /><T40/><N who="0" m="31520" /><T95/><D3/><U134/><E110/><V85/><F108/><T49/><D112/><U86/><E86/><V79/><F70/><T48/><D71/><U121/><N who="1" m="31008" /><U59/><E104/><V34/><F34/><T124/><D124/><N who="1" m="47659" /><E97/><V83/><F75/><T38/><D116/><U60/><E96/><V43/><REACH who="2" step="1"/><F58/><REACH who="2" ten="182,363,495,0" step="2"/><T90/><D100/><U94/><E94/><AGARI ba="0,1" hai="39,43,44,56,63,64,65,67,72,79,83,85,89,94" machi="94" ten="30,7700,0" yaku="1,1,2,1,7,1,52,1,53,0" doraHai="74" doraHaiUra="111" who="2" fromWho="1" sc="182,0,363,-77,495,87,0,0" /><INIT seed="6,0,0,4,0,121" ten="182,286,582,0" oya="2" hai0="67,128,110,47,92,51,82,40,135,130,112,39,115" hai1="106,86,116,78,109,111,118,58,103,54,0,69,95" hai2="74,126,1,133,77,44,90,71,3,33,72,123,108" hai3=""/><V2/><N who="2" m="31520" /><V129/><F133/><T53/><D67/><U96/><E0/><V84/><F129/><N who="0" m="49770" /><D82/><U64/><E64/><V61/><F126/><T66/><D66/><U105/><E69/><V114/><F114/><N who="0" m="43562" /><D92/><U68/><E68/><V107/><F33/><T76/><D76/><U35/><E35/><V55/><F107/><N who="1" m="40969" /><E58/><V38/><F77/><T65/><D65/><U43/><E43/><V93/><F71/><T49/><D135/><U83/><E54/><V56/><F108/><AGARI ba="0,0" hai="78,83,86,95,96,103,108,109,111,116,118" m="40969" machi="108" ten="30,8000,1" yaku="34,2,52,3" doraHai="121" who="1" fromWho="2" sc="182,0,286,80,582,-80,0,0" owari="182,-42.0,366,-3.0,502,45.0,0,0.0" /></mjloggm>