<mjloggm ver="2.3"><GO type="169" lobby="0"/><UN n0="%74%6F%72%69%30%36%31%32" n1="%E3%81%84%E3%81%84%E3%81%9E" n2="%E9%8A%80%E8%89%B2%E3%81%84%E3%81%8C%E3%81%90%E3%82%8A" n3="%E3%81%8D%E3%81%BF%E3%81%A9%E3%82%8A%E3%82%93" dan="17,16,18,17" rate="2199.21,2115.65,2288.59,2197.32" sx="M,M,M,F"/><TAIKYOKU oya="0"/><INIT seed="0,0,0,1,5,3" ten="250,250,250,250" oya="0" hai0="26,15,65,85,19,81,61,104,17,55,21,105,36" hai1="71,9,88,31,77,37,129,13,42,45,57,5,63" hai2="70,99,39,56,101,125,11,75,118,90,113,69,106" hai3="72,60,108,134,29,62,66,67,23,7,76,16,35"/><T44/><D36/><U120/><E120/><V4/><F113/><W89/><G108/><T98/><D98/><U53/><E129/><V0/><F125/><W25/><G134/><T133/><D133/><U46/><E46/><V122/><F122/><W51/><G76/><T100/><D100/><U64/><E77/><V132/><F132/><W10/><G72/><T126/><D126/><U28/><REACH who="1" step="1"/><E88/><REACH who="1" ten="250,240,250,250" step="2"/><V41/><F90/><W47/><G89/><N who="0" m="51375" /><D105/><U92/><E92/><V43/><F118/><W123/><G123/><T111/><D104/><U68/><E68/><V48/><F75/><W86/><G86/><T114/><D111/><U119/><E119/><V127/><F127/><W80/><G80/><T128/><D128/><U121/><E121/><V112/><F112/><W22/><G67/><T97/><D114/><U115/><E115/><V34/><F69/><W30/><G66/><T84/><D84/><U124/><E124/><V82/><F70/><W33/><G33/><T49/><D97/><U24/><E24/><V14/><F34/><W18/><G35/><T79/><D79/><U94/><E94/><V109/><F82/><W91/><G91/><T20/><D65/><U59/><E59/><V95/><F109/><W32/><G32/><T110/><D110/><U93/><E93/><V116/><F116/><W73/><G73/><T38/><D38/><U83/><E83/><V40/><F106/><W96/><G96/><T74/><D74/><U8/><E8/><N who="2" m="2055" /><F39/><W102/><G25/><T1/><D1/><U78/><E78/><V12/><F11/><W131/><G131/><RYUUKYOKU ba="0,1" sc="250,10,240,10,250,10,250,-30" hai0="15,17,19,20,21,26,44,49,55,61" hai1="5,9,13,28,31,37,42,45,53,57,63,64,71" hai2="12,14,40,41,43,48,56,95,99,101" /><INIT seed="0,1,1,5,2,130" ten="260,250,260,220" oya="0" hai0="101,27,43,3,26,55,60,71,76,79,7,24,25" hai1="105,119,62,123,106,122,109,80,131,92,100,52,116" hai2="30,33,42,114,83,31,22,48,4,11,69,63,132" hai3="58,53,37,94,67,66,54,103,126,102,46,124,32"/><T87/><D101/><U120/><E62/><V110/><F114/><W59/><G32/><T23/><D43/><U64/><E64/><N who="3" m="24618" /><G94/><T13/><D71/><U12/><E12/><V95/><F33/><W121/><G103/><T35/><D3/><U115/><E52/><N who="3" m="20074" /><G102/><T8/><D35/><U91/><E131/><V78/><F69/><W18/><G18/><T98/><D98/><U84/><E109/><V17/><F110/><W104/><G104/><N who="1" m="40042" /><E115/><V38/><F30/><W0/><G0/><T5/><D87/><N who="1" m="52351" /><E100/><V74/><F31/><W128/><G128/><T19/><D7/><U90/><AGARI ba="1,1" hai="80,84,90,116,119,120,122,123" m="52351,40042" machi="90" ten="40,2700,0" yaku="34,2" doraHai="130" who="1" fromWho="1" sc="260,-14,250,40,260,-8,220,-8" /><INIT seed="1,0,0,4,2,71" ten="246,290,252,212" oya="1" hai0="88,135,121,17,56,48,100,50,42,75,70,111,134" hai1="14,66,37,98,62,127,19,64,49,58,10,67,38" hai2="123,9,32,85,90,94,133,36,30,54,87,16,34" hai3="76,122,124,107,57,91,103,46,40,83,108,115,92"/><U18/><E127/><V69/><F123/><W44/><G108/><T132/><D70/><U113/><E113/><V2/><F133/><W131/><G122/><T33/><D111/><U15/><E49/><V3/><F69/><W125/><G115/><T51/><D75/><U109/><E109/><V96/><F36/><W101/><G46/><T12/><D100/><U20/><REACH who="1" step="1"/><E98/><REACH who="1" ten="246,280,252,212" step="2"/><V59/><F2/><W78/><G124/><T11/><D121/><U13/><E13/><N who="2" m="7215" /><F3/><W82/><G125/><T43/><D33/><U89/><E89/><V117/><F34/><W65/><G91/><T63/><REACH who="0" step="1"/><D88/><REACH who="0" ten="236,280,252,212" step="2"/><U72/><E72/><V74/><F74/><W60/><G103/><T45/><D45/><U35/><E35/><V110/><F32/><W68/><G44/><T53/><AGARI ba="0,2" hai="11,12,17,42,43,48,50,51,53,56,63,132,134,135" machi="53" ten="40,5200,0" yaku="1,1,0,1,20,1,53,0" doraHai="71" doraHaiUra="84" who="0" fromWho="0" sc="236,72,280,-26,252,-13,212,-13" /><INIT seed="2,0,0,1,3,84" ten="308,254,239,199" oya="2" hai0="73,46,64,7,113,103,32,31,106,16,110,54,12" hai1="120,20,94,74,101,8,88,134,66,67,92,25,95" hai2="5,60,58,2,35,18,115,23,61,97,48,1,82" hai3="128,17,36,72,93,99,117,104,10,39,90,4,109"/><V27/><F115/><W19/><G117/><T87/><D73/><U102/><E74/><V14/><F1/><W133/><G109/><T85/><D110/><U77/><E77/><V125/><F125/><W129/><G72/><T29/><D7/><U28/><E134/><V89/><F2/><W56/><G104/><T63/><D103/><N who="1" m="39435" /><E120/><V124/><F124/><W108/><G108/><T118/><D106/><U37/><E37/><V3/><F3/><W49/><G133/><T13/><D13/><U42/><E42/><V121/><F121/><W40/><G4/><T132/><D113/><U59/><E8/><V123/><F123/><W122/><G122/><T86/><D132/><U43/><E43/><V15/><F35/><W75/><G75/><T41/><D54/><U51/><E88/><V34/><F34/><W68/><G10/><T100/><D100/><U6/><E6/><V98/><F5/><W78/><G68/><T131/><D32/><U112/><E112/><V0/><F0/><W70/><G78/><T127/><D118/><U76/><E76/><V107/><F107/><W105/><G70/><T52/><D127/><U62/><E51/><V83/><F48/><W65/><G105/><T80/><D80/><N who="2" m="30762" /><F60/><N who="3" m="38023" /><G39/><T24/><D41/><U71/><E71/><V116/><F116/><W96/><G36/><T26/><D63/><U9/><E9/><V55/><F97/><W135/><G99/><T79/><D79/><U114/><E114/><V81/><F98/><W33/><G33/><T44/><D26/><U22/><E22/><V30/><F30/><N who="0" m="11274" /><D46/><U91/><E67/><RYUUKYOKU ba="0,0" sc="308,-15,254,15,239,15,199,-15" hai1="20,25,28,59,62,66,91,92,94,95" hai2="14,15,18,23,27,55,58,61,81,89" /><INIT seed="2,1,0,3,0,93" ten="293,269,254,184" oya="2" hai0="8,120,52,131,20,66,116,65,74,92,111,44,72" hai1="53,134,42,67,102,57,97,25,132,77,40,17,35" hai2="32,115,84,82,36,56,112,129,22,29,108,126,13" hai3="123,128,70,55,122,94,33,23,103,87,37,0,1"/><V3/><F36/><W114/><G33/><T101/><D116/><U59/><E77/><V16/><F129/><W30/><G128/><T34/><D34/><U54/><E67/><N who="0" m="25609" /><D72/><U118/><E118/><V61/><F126/><W119/><G70/><T50/><D74/><U28/><E17/><V14/><F3/><W47/><G114/><T125/><D120/><U5/><E5/><V78/><F108/><W104/><G119/><T24/><D131/><U95/><E42/><V7/><F32/><W38/><G104/><T39/><D39/><U110/><E40/><V117/><F117/><W71/><G71/><T68/><D68/><U86/><E86/><V121/><F121/><W89/><G0/><T51/><D51/><U106/><E106/><V73/><F73/><W113/><G1/><T109/><D8/><U12/><E12/><V88/><F29/><W98/><G38/><T60/><D60/><U21/><E35/><V69/><F69/><W80/><G113/><T62/><D62/><U76/><E110/><N who="0" m="41993" /><D125/><U26/><E76/><V41/><F41/><W6/><G37/><T130/><D130/><U79/><E79/><V96/><F112/><W107/><G107/><T48/><D48/><N who="1" m="30887" /><E25/><N who="2" m="14535" /><F7/><W99/><G122/><T83/><D83/><U135/><E54/><N who="2" m="33943" /><F115/><W85/><G123/><T19/><D101/><U46/><E59/><V58/><F58/><W9/><G103/><T105/><D105/><U4/><E4/><V18/><F18/><W90/><G30/><T124/><D124/><U127/><E127/><V43/><F43/><W81/><G6/><T63/><D63/><RYUUKYOKU ba="1,0" sc="293,10,269,10,254,10,184,-30" hai0="19,20,24,44,50,52,92" hai1="21,26,28,46,95,97,102,132,134,135" hai2="13,14,78,82,84,88,96" /><INIT seed="2,2,0,3,1,103" ten="303,279,264,154" oya="2" hai0="50,131,15,78,115,53,117,16,2,90,83,44,71" hai1="82,13,104,46,114,124,120,40,9,113,31,45,11" hai2="62,88,59,76,63,48,132,86,121,105,80,65,14" hai3="112,87,109,61,98,49,57,34,12,0,41,29,51"/><V58/><F121/><W47/><G109/><T30/><D115/><U95/><E104/><V91/><F132/><W55/><G112/><T89/><D2/><U20/><E120/><V21/><F105/><W3/><G29/><T74/><D71/><U129/><E129/><V127/><F127/><W56/><G34/><T25/><D117/><U32/><E32/><V36/><F36/><W97/><G3/><T19/><D19/><U54/><E124/><V6/><F48/><W101/><G0/><T118/><D118/><U79/><E95/><V4/><F21/><W110/><G110/><T135/><D135/><U42/><E54/><V67/><F14/><W10/><G87/><T64/><D64/><U43/><E113/><V1/><REACH who="2" step="1"/><F4/><REACH who="2" ten="303,279,254,154" step="2"/><W106/><G12/><T17/><D131/><U128/><E128/><V5/><F5/><W66/><G10/><AGARI ba="2,1" hai="1,6,10,58,59,62,63,65,67,76,80,86,88,91" machi="10" ten="40,7700,0" yaku="1,1,9,1,54,1,53,0" doraHai="103" doraHaiUra="122" who="2" fromWho="3" sc="303,0,279,0,254,93,154,-83" /><INIT seed="2,3,0,2,5,30" ten="303,279,347,71" oya="2" hai0="25,114,54,12,31,109,71,23,58,47,9,68,117" hai1="75,99,39,53,118,104,91,106,48,65,135,41,52" hai2="60,121,105,18,5,108,86,97,8,67,94,55,62" hai3="61,21,81,38,98,40,115,134,1,32,35,44,107"/><V76/><F121/><W6/><G134/><T95/><D114/><U3/><E118/><V124/><F124/><W85/><G115/><T15/><D109/><U82/><E65/><V66/><F108/><W28/><G21/><T29/><D47/><U69/><E69/><V13/><F105/><W11/><G28/><T130/><D130/><U7/><E53/><V4/><F55/><W22/><G22/><T34/><D117/><U90/><E90/><V132/><F132/><W89/><REACH who="3" step="1"/><G61/><REACH who="3" ten="303,279,347,61" step="2"/><T100/><D29/><U102/><E135/><V79/><F62/><W26/><G26/><T77/><D23/><U122/><E122/><V87/><F60/><W37/><G37/><T93/><D31/><U19/><E39/><V116/><F116/><W73/><G73/><T50/><D25/><U129/><E75/><V123/><F123/><W63/><G63/><T70/><D70/><U119/><E129/><V113/><F113/><W128/><G128/><T36/><D36/><U80/><E119/><V20/><F66/><W92/><G92/><T17/><D95/><U2/><E106/><V43/><F67/><W56/><G56/><T72/><D72/><U120/><E104/><V33/><F20/><W42/><G42/><T131/><D131/><U96/><E120/><V78/><F43/><W51/><G51/><T46/><D71/><U10/><E48/><V133/><F133/><W103/><AGARI ba="3,1" hai="1,6,11,32,35,38,40,44,81,85,89,98,103,107" machi="103" ten="30,7900,0" yaku="1,1,0,1,52,2,53,0" doraHai="30" doraHaiUra="57" who="3" fromWho="3" sc="303,-23,279,-23,347,-42,61,98" /><INIT seed="3,0,0,3,4,106" ten="280,256,305,159" oya="3" hai0="53,123,91,8,93,5,115,85,119,58,46,87,116" hai1="73,108,25,42,33,66,96,131,105,72,4,76,23" hai2="126,97,80,24,109,65,114,118,121,94,11,10,18" hai3="103,50,6,44,30,45,29,70,47,104,35,38,122"/><W14/><G122/><T36/><D123/><U135/><E76/><V68/><F118/><W37/><G70/><T2/><D115/><U134/><E108/><V7/><F114/><W22/><G35/><T26/><D87/><U127/><E127/><V113/><F113/><W54/><G104/><T51/><D36/><U129/><E66/><V128/><F126/><W130/><G103/><T117/><D26/><U77/><E42/><V98/><F121/><W100/><G100/><T95/><REACH who="0" step="1"/><D46/><REACH who="0" ten="270,256,305,159" step="2"/><U55/><E77/><V0/><F24/><W17/><G38/><T48/><D48/><U82/><E82/><AGARI ba="0,1" hai="2,5,8,51,53,58,82,85,91,93,95,116,117,119" machi="82" ten="40,1300,0" yaku="1,1,53,0" doraHai="106" doraHaiUra="132" who="0" fromWho="1" sc="270,23,256,-13,305,0,159,0" /><INIT seed="4,0,0,0,4,55" ten="293,243,305,159" oya="0" hai0="69,11,135,122,99,132,25,51,70,2,23,42,77" hai1="20,111,48,110,41,44,47,96,18,123,32,71,37" hai2="45,57,58,68,50,49,56,115,128,124,66,98,34" hai3="62,74,4,12,30,127,119,3,46,15,113,93,59"/><T87/><D122/><U60/><E123/><V28/><F34/><W9/><G119/><T54/><D42/><U72/><E32/><V35/><F35/><W83/><G113/><T65/><D99/><U76/><E96/><V1/><F1/><W97/><G30/><T27/><D27/><U112/><E76/><V43/><F28/><W126/><G46/><T36/><D36/><U85/><E85/><V130/><F98/><W24/><G24/><T116/><D65/><N who="1" m="41383" /><E18/><V40/><F124/><N who="3" m="47659" /><G83/><N who="0" m="47599" /><D11/><U13/><E13/><V78/><F78/><W21/><G21/><T17/><D2/><U90/><E20/><V114/><F68/><W81/><G81/><T52/><D54/><N who="1" m="29959" /><E90/><V108/><F66/><N who="3" m="39263" /><G74/><T79/><D79/><U118/><E72/><V133/><F108/><N who="1" m="41513" /><E112/><N who="2" m="43051" /><F133/><N who="0" m="51274" /><D116/><AGARI ba="0,0" hai="37,41,47,116,118" m="41513,29959,41383" machi="116" ten="30,2000,0" yaku="34,2" doraHai="55" who="1" fromWho="0" sc="293,-20,243,20,305,0,159,0" /><INIT seed="5,0,0,3,0,0" ten="273,263,305,159" oya="1" hai0="128,62,13,95,30,110,8,5,53,111,44,82,130" hai1="88,54,134,46,65,76,93,63,60,52,81,94,85" hai2="59,126,121,119,127,29,9,43,112,23,83,120,133" hai3="104,125,67,64,26,79,27,99,77,123,129,107,11"/><U78/><E134/><V109/><F43/><W37/><G37/><T6/><D30/><U34/><E34/><V31/><F83/><W2/><G123/><N who="2" m="47177" /><F59/><W55/><G2/><T33/><D33/><U35/><E35/><V7/><F109/><N who="0" m="41482" /><D95/><N who="1" m="36363" /><E65/><V91/><F91/><W57/><G11/><T115/><D82/><U1/><E1/><N who="2" m="239" /><F133/><W32/><G32/><T45/><D115/><U20/><E20/><V12/><F119/><W116/><G57/><N who="0" m="35119" /><D45/><U24/><E24/><V96/><F96/><W101/><G116/><T68/><D44/><U4/><E4/><N who="0" m="1641" /><D68/><U73/><E73/><V16/><F112/><W39/><G107/><T58/><D58/><N who="1" m="34887" /><E63/><V90/><F90/><W113/><G104/><T106/><D106/><U80/><E80/><V56/><F56/><W102/><G113/><T41/><D41/><U69/><E69/><V108/><F108/><W122/><G99/><T66/><D66/><U28/><E28/><AGARI ba="0,0" hai="12,16,23,28,29,31,126,127" m="239,47177" machi="28" ten="30,7700,0" yaku="34,2,52,1,54,1" doraHai="0" who="2" fromWho="1" sc="273,0,263,-77,305,77,159,0" /><INIT seed="6,0,0,4,5,111" ten="273,186,382,159" oya="2" hai0="124,18,133,117,93,119,95,103,74,50,77,99,59" hai1="14,26,47,52,39,64,0,63,118,75,58,135,79" hai2="4,1,106,114,40,57,22,83,96,116,36,56,41" hai3="7,76,105,131,53,10,120,84,19,5,33,101,61"/><V27/><F116/><N who="0" m="44618" /><D18/><U67/><E118/><V104/><F114/><W43/><G120/><T38/><D38/><U72/><E0/><V48/><F36/><W126/><G126/><T121/><D121/><U15/><E135/><V80/><F96/><W127/><G33/><T17/><D17/><U97/><E75/><V24/><F48/><W31/><G31/><T21/><D21/><U113/><E113/><V78/><F78/><W128/><G43/><T69/><D69/><U71/><E26/><V87/><F87/><W108/><G108/><T94/><D59/><U9/><E67/><V85/><F85/><W11/><G127/><T70/><D70/><U37/><E97/><V107/><F107/><W110/><G110/><T13/><D13/><U68/><E68/><V49/><F49/><W125/><G105/><N who="0" m="63743" /><D50/><N who="1" m="30999" /><E9/><V62/><F1/><W12/><G125/><T20/><D20/><U35/><E35/><V54/><F22/><W81/><G101/><T102/><D124/><U123/><E123/><V45/><F27/><W98/><G11/><T30/><D30/><U23/><E23/><V109/><F24/><W3/><G3/><T16/><D133/><U82/><E37/><V66/><F109/><W32/><G32/><T51/><D51/><U100/><E100/><V90/><F66/><W91/><G61/><T112/><D112/><U25/><E25/><V132/><F62/><W92/><REACH who="3" step="1"/><G53/><REACH who="3" ten="273,186,382,149" step="2"/><T42/><D42/><AGARI ba="0,1" hai="14,15,39,42,47,63,64,71,72,79,82" m="30999" machi="42" ten="30,2000,0" yaku="24,1,54,1" doraHai="111" who="1" fromWho="0" sc="273,-20,186,30,382,0,149,0" /><INIT seed="7,0,0,2,1,19" ten="253,216,382,149" oya="3" hai0="67,61,6,42,109,91,26,57,1,81,106,54,124" hai1="126,117,27,60,53,93,102,38,84,25,90,92,35" hai2="128,116,36,39,101,86,4,33,18,76,114,58,94" hai3="123,46,69,89,7,0,133,105,104,34,3,44,31"/><W56/><G123/><T97/><D109/><U48/><E126/><V30/><F116/><W134/><G69/><T11/><D124/><U99/><E38/><V59/><F4/><W49/><G56/><T119/><D119/><U103/><E117/><V112/><F128/><W9/><G0/><T72/><D42/><U41/><E41/><V29/><F18/><W20/><G34/><T98/><D106/><U24/><E60/><V121/><F121/><W111/><G111/><T131/><D131/><U85/><E35/><V118/><F118/><W32/><G32/><T125/><D125/><U83/><E93/><V73/><F73/><W28/><G89/><T71/><D26/><U129/><E129/><V43/><F43/><N who="3" m="24735" /><G31/><T120/><D120/><U63/><E63/><V52/><F33/><W79/><G79/><T78/><D91/><N who="1" m="51615" /><E99/><N who="2" m="59639" /><F59/><AGARI ba="0,0" hai="24,25,27,48,53,59,85,90,92,102,103" m="51615" machi="59" ten="30,1000,0" yaku="8,1" doraHai="19" who="1" fromWho="2" sc="253,0,216,10,382,-10,149,0" owari="253,5.0,226,-17.0,372,47.0,149,-35.0" /></mjloggm>