<mjloggm ver="2.3"><GO type="169" lobby="0"/><UN n0="%68%61%79%61%74%6F%E2%98%86" n1="%E8%83%83%E3%81%A8%E8%85%B8" n2="%E7%B6%BE%E7%80%AC%E5%B8%82%E6%B0%91" n3="%E3%81%8B%E3%81%A5%E3%81%8D%EF%BC%B8%EF%BC%A9" dan="17,18,17,16" rate="2134.87,2215.49,2133.58,2108.78" sx="M,M,M,M"/><TAIKYOKU oya="0"/><INIT seed="0,0,0,0,3,73" ten="250,250,250,250" oya="0" hai0="64,28,29,112,2,76,101,60,113,107,89,126,85" hai1="30,87,26,97,117,70,129,104,47,62,4,81,103" hai2="84,1,133,45,128,20,44,21,37,75,118,78,122" hai3="36,92,69,42,58,67,56,25,105,74,27,6,10"/><T65/><D2/><U7/><E117/><V18/><F122/><W48/><G105/><T19/><D126/><U94/><E129/><V35/><F35/><W61/><G74/><T38/><D38/><U57/><E47/><V8/><F128/><W111/><G111/><T99/><D19/><U11/><E70/><V123/><F123/><W79/><G36/><T91/><D65/><U43/><E43/><V55/><F133/><W121/><G121/><T15/><D15/><U50/><E50/><V59/><F84/><W33/><G33/><T32/><D91/><U95/><E95/><V86/><F86/><W51/><G42/><T125/><D125/><U114/><E104/><V68/><F68/><W119/><G119/><T77/><D113/><U54/><E11/><V88/><F88/><W93/><G69/><N who="0" m="42119" /><D28/><U100/><E100/><V63/><F118/><W23/><G58/><T115/><D115/><U13/><E13/><V132/><F132/><W109/><G27/><N who="0" m="18495" /><D112/><U14/><E14/><N who="2" m="7495" /><F1/><W98/><G93/><AGARI ba="0,0" hai="76,77,85,89,93,99,101,107" m="18495,42119" machi="93" ten="30,5800,0" yaku="25,1,52,2" doraHai="73" who="0" fromWho="3" sc="250,58,250,0,250,0,250,-58" /><INIT seed="0,1,0,1,4,40" ten="308,250,250,192" oya="0" hai0="120,0,49,3,21,28,76,57,30,25,111,29,24" hai1="65,72,117,22,95,96,84,19,104,41,92,58,10" hai2="114,109,43,102,91,27,98,110,46,56,5,99,108" hai3="1,89,61,11,13,79,2,121,17,32,39,131,124"/><T103/><D120/><U42/><E117/><V80/><F114/><W93/><G39/><T8/><D103/><U31/><E72/><V54/><F5/><W14/><G32/><T60/><D76/><U134/><E134/><V55/><F27/><W86/><G131/><T45/><D111/><U82/><E104/><V105/><F56/><W116/><G124/><T123/><D123/><U101/><E92/><V68/><F68/><W33/><G33/><T48/><D48/><U132/><E132/><V52/><F98/><W7/><G116/><T9/><D0/><U90/><E10/><N who="0" m="4201" /><D3/><U78/><E78/><V44/><F43/><W62/><G79/><T75/><D25/><U119/><E119/><V34/><F34/><W100/><G100/><T115/><D75/><U130/><E130/><V77/><F91/><W88/><G121/><T106/><D106/><U85/><E90/><V87/><AGARI ba="1,0" hai="44,46,52,54,55,77,80,87,99,102,105,108,109,110" machi="87" ten="40,8000,1" yaku="0,1,14,1,52,2,54,1" doraHai="40" who="2" fromWho="2" sc="308,-41,250,-21,250,83,192,-21" /><INIT seed="1,0,0,1,1,36" ten="267,229,333,171" oya="1" hai0="60,75,7,59,4,53,115,112,103,107,21,72,10" hai1="89,106,6,61,130,57,87,52,37,41,77,125,5" hai2="1,92,46,35,82,30,31,50,73,40,0,122,118" hai3="62,16,54,76,69,14,65,44,74,71,17,20,81"/><U43/><E125/><V78/><F118/><W108/><G108/><T79/><D4/><N who="1" m="1643" /><E106/><V24/><F122/><W100/><G100/><T121/><D121/><U113/><E37/><V68/><F68/><W86/><G71/><T96/><D21/><U27/><E113/><V26/><REACH who="2" step="1"/><F92/><REACH who="2" ten="267,229,323,171" step="2"/><W29/><G69/><T105/><D105/><U132/><E132/><V32/><AGARI ba="0,1" hai="0,1,24,26,30,31,32,35,40,46,50,73,78,82" machi="32" ten="20,12000,2" yaku="1,1,2,1,0,1,7,1,9,1,52,1,53,0" doraHai="36" doraHaiUra="101" who="2" fromWho="2" sc="267,-30,229,-60,323,130,171,-30" /><INIT seed="2,0,0,4,3,78" ten="237,169,453,141" oya="2" hai0="32,112,85,127,47,75,88,2,77,24,14,62,84" hai1="26,8,46,34,135,81,79,3,128,30,90,16,116" hai2="83,99,130,11,48,98,108,133,29,109,18,110,6" hai3="72,92,9,100,134,119,60,123,17,66,42,28,4"/><V97/><F130/><W101/><G72/><T132/><D2/><U74/><E116/><V125/><F125/><W113/><G119/><T64/><D112/><U40/><E128/><V63/><F133/><W41/><G123/><T1/><D1/><U27/><E135/><V35/><F18/><W13/><G134/><T95/><D127/><U114/><E114/><V86/><F63/><W124/><G124/><T0/><D0/><U76/><E76/><N who="2" m="46439" /><F48/><W20/><G28/><T52/><D75/><U15/><E26/><N who="2" m="18871" /><F97/><W49/><G49/><T50/><D14/><AGARI ba="0,0" hai="6,11,14,98,99,108,109,110" m="18871,46439" machi="14" ten="30,5800,0" yaku="14,1,10,1,52,1" doraHai="78" who="2" fromWho="0" sc="237,-58,169,0,453,58,141,0" /><INIT seed="2,1,0,3,5,22" ten="179,169,511,141" oya="2" hai0="80,69,15,77,73,63,127,40,100,42,64,19,25" hai1="8,104,14,132,98,62,109,47,54,28,95,57,92" hai2="24,89,84,12,106,83,86,55,81,46,16,75,125" hai3="37,59,71,38,1,82,97,32,79,23,39,56,122"/><V131/><F125/><W126/><G71/><T31/><D127/><U45/><E109/><V43/><F131/><W85/><G32/><T0/><D0/><U4/><E132/><V61/><F106/><W10/><G122/><T6/><D6/><U66/><E104/><V133/><F133/><W5/><G126/><T53/><D53/><U26/><E54/><V18/><F75/><W94/><REACH who="3" step="1"/><G23/><REACH who="3" ten="179,169,511,131" step="2"/><T9/><D100/><AGARI ba="1,1" hai="1,5,10,37,38,39,56,59,79,82,85,94,97,100" machi="100" ten="40,2600,0" yaku="1,1,2,1,53,0" doraHai="22" doraHaiUra="11" who="3" fromWho="0" sc="179,-29,169,0,511,0,131,39" /><INIT seed="3,0,0,3,4,64" ten="150,169,511,170" oya="3" hai0="130,116,44,74,68,36,122,69,26,132,16,42,127" hai1="107,7,81,52,108,129,6,25,85,18,80,4,92" hai2="75,66,93,5,117,133,55,67,105,123,1,28,40" hai3="35,43,115,49,17,95,60,86,33,31,134,65,99"/><W84/><G115/><T51/><D116/><U82/><E107/><V2/><F117/><W0/><G0/><T45/><D74/><U8/><E108/><V78/><F105/><W70/><G134/><T128/><D122/><U103/><E129/><N who="0" m="49769" /><D132/><U37/><E37/><V113/><F40/><W63/><G60/><T118/><D118/><U24/><E103/><V27/><F113/><W119/><G119/><T102/><D102/><U111/><E111/><V76/><F133/><W131/><G131/><T38/><D127/><U120/><E120/><V135/><F135/><W126/><G126/><T29/><D16/><U77/><E77/><V88/><F55/><W34/><G31/><T9/><D9/><U54/><E8/><V19/><F19/><W39/><G17/><T72/><D72/><U21/><E24/><V91/><F123/><W14/><G14/><T100/><D100/><U11/><E11/><V61/><F2/><W20/><G20/><N who="0" m="15559" /><D36/><U13/><REACH who="1" step="1"/><E25/><REACH who="1" ten="150,159,511,170" step="2"/><V12/><F27/><W15/><G39/><T114/><D114/><U41/><E41/><AGARI ba="0,1" hai="38,41,42,44,45,51,68,69" m="15559,49769" machi="41" ten="30,3900,0" yaku="19,1,52,2" doraHai="64" who="0" fromWho="1" sc="150,49,159,-39,511,0,170,0" /><INIT seed="4,0,0,1,4,44" ten="199,120,511,170" oya="0" hai0="103,1,134,131,15,43,135,38,2,60,0,110,4" hai1="64,101,3,46,65,55,11,17,26,120,35,126,114" hai2="27,118,78,61,45,127,104,73,115,89,37,63,53" hai3="86,39,18,97,106,112,19,41,33,30,99,5,54"/><T34/><D34/><U12/><E120/><V81/><F115/><W24/><G112/><T130/><D103/><U8/><E114/><V79/><F104/><W20/><G5/><T132/><D60/><U105/><E126/><V107/><F107/><W116/><G116/><T36/><D43/><U48/><E105/><V57/><F127/><W88/><G106/><T128/><D110/><U21/><E101/><V58/><F118/><W129/><G129/><T113/><D113/><U117/><E117/><V98/><F73/><W76/><G76/><T122/><D122/><U77/><E77/><V29/><F37/><N who="0" m="14442" /><D15/><U67/><REACH who="1" step="1"/><E3/><REACH who="1" ten="199,110,511,170" step="2"/><V40/><F79/><W84/><G88/><T92/><D92/><U111/><E111/><V121/><F89/><W93/><G93/><T82/><D82/><U75/><E75/><V22/><F81/><W42/><G39/><T25/><D25/><U28/><AGARI ba="0,1" hai="8,11,12,17,21,26,28,35,46,48,55,64,65,67" machi="28" ten="30,4000,0" yaku="1,1,0,1,52,1,53,0" doraHai="44" doraHaiUra="94" who="1" fromWho="1" sc="199,-20,110,50,511,-10,170,-10" /><INIT seed="5,0,0,4,1,26" ten="179,160,501,160" oya="1" hai0="4,18,15,87,115,36,81,12,49,41,116,79,28" hai1="9,109,132,107,101,106,95,42,57,27,13,14,104" hai2="90,102,64,40,0,97,54,91,133,118,35,131,11" hai3="112,20,32,89,55,47,16,73,21,114,99,122,6"/><U105/><E132/><V22/><F118/><W3/><G73/><T43/><D116/><U110/><N who="1" m="26624" /><DORA hai="75" /><U34/><E42/><V93/><F35/><W127/><G32/><T134/><D134/><U66/><E66/><V111/><F133/><W48/><G127/><T86/><D36/><U74/><E57/><V123/><F123/><W10/><G21/><T5/><D115/><N who="3" m="44073" /><G122/><T94/><D49/><U62/><E62/><V58/><F40/><W78/><G99/><T53/><D53/><U38/><E38/><V19/><F64/><W45/><G89/><T44/><D44/><U8/><E74/><V76/><F11/><N who="1" m="4169" /><E101/><V50/><F102/><W124/><G47/><T60/><D60/><U83/><E83/><V70/><F58/><W100/><G124/><T39/><D39/><U113/><E95/><V77/><F93/><W56/><G100/><T31/><D94/><U103/><E103/><V65/><F65/><W72/><G56/><T80/><D18/><U85/><E85/><V117/><F19/><W120/><G120/><T63/><D63/><U25/><E113/><V2/><F54/><W24/><G72/><T67/><D67/><U29/><E25/><V69/><F50/><W52/><G55/><T84/><D84/><U88/><E88/><V46/><F90/><W121/><G121/><T130/><D130/><U129/><E129/><V108/><F131/><W59/><G59/><T51/><D51/><U128/><E128/><V125/><F91/><W96/><G96/><T61/><D61/><U17/><E17/><V68/><F97/><W119/><G119/><RYUUKYOKU ba="0,0" sc="179,10,160,10,501,-30,160,10" hai0="4,5,12,15,28,31,41,43,79,80,81,86,87" hai1="13,14,27,29,34,109,110" hai3="3,6,10,16,20,24,45,48,52,78" /><INIT seed="5,1,0,2,5,81" ten="189,170,471,170" oya="1" hai0="72,98,78,79,108,22,117,90,84,99,113,124,42" hai1="0,109,103,86,38,43,24,104,131,96,2,10,52" hai2="61,47,77,107,130,116,115,66,105,41,128,30,133" hai3="67,31,93,123,95,27,54,59,120,60,119,29,17"/><U127/><E127/><V56/><F116/><W71/><G119/><T129/><D117/><U126/><E126/><V97/><F115/><W14/><G123/><T11/><D124/><U16/><E131/><N who="2" m="50219" /><F133/><W45/><G45/><T15/><D129/><U13/><E109/><V26/><F77/><N who="0" m="29194" /><D72/><U112/><E112/><V20/><F97/><W53/><G53/><T6/><D113/><U106/><E106/><V88/><F88/><W18/><G18/><T37/><D37/><AGARI ba="1,0" hai="20,26,30,37,41,47,56,61,66,105,107" m="50219" machi="37" ten="30,1000,0" yaku="19,1" doraHai="81" who="2" fromWho="0" sc="189,-13,170,0,471,13,170,0" /><INIT seed="6,0,0,2,0,90" ten="176,170,484,170" oya="2" hai0="10,8,42,79,86,114,49,73,22,15,16,106,78" hai1="68,96,43,50,103,100,129,99,71,36,113,107,122" hai2="84,133,33,17,47,11,125,34,12,14,55,101,52" hai3="108,60,44,130,127,70,85,20,80,54,121,41,104"/><V59/><F125/><W63/><G108/><T111/><D106/><U75/><E113/><V29/><F133/><W116/><G104/><T128/><D111/><U124/><E124/><V98/><F29/><W97/><G121/><T24/><D73/><U89/><E122/><V61/><F84/><W118/><G127/><T35/><D128/><U23/><E129/><V82/><F82/><W39/><G130/><T65/><D114/><U131/><E131/><V57/><F14/><W3/><G3/><T95/><D65/><U115/><E115/><V109/><F47/><W83/><G83/><T26/><D35/><U28/><E75/><V87/><F87/><W92/><G20/><T1/><D1/><U110/><E36/><V77/><F77/><N who="0" m="29194" /><D49/><U58/><E110/><V132/><F132/><W25/><G70/><T0/><D42/><U53/><E43/><V31/><F31/><W123/><G123/><T72/><D0/><U62/><E50/><V4/><F4/><W126/><G126/><T19/><D72/><U18/><E28/><V69/><F69/><W5/><G39/><T40/><D40/><U134/><E134/><V112/><F112/><W9/><G41/><T102/><D26/><N who="1" m="14711" /><E100/><V30/><F30/><W119/><G119/><T88/><D102/><U64/><E64/><V13/><F13/><N who="3" m="5295" /><G118/><T74/><D74/><U120/><E120/><V94/><F109/><W37/><G37/><T38/><D38/><U6/><E6/><V32/><F33/><W76/><G116/><T81/><D81/><U21/><E21/><AGARI ba="0,0" hai="8,10,15,16,19,21,22,24,86,88,95" m="29194" machi="21" ten="30,7700,0" yaku="8,1,52,1,54,2" doraHai="90" who="0" fromWho="1" sc="176,77,170,-77,484,0,170,0" /><INIT seed="7,0,0,5,4,105" ten="253,93,484,170" oya="3" hai0="6,68,50,112,98,76,119,5,19,116,85,23,43" hai1="133,53,55,71,62,7,120,79,61,78,128,16,121" hai2="92,40,118,27,113,30,64,100,109,131,58,67,60" hai3="36,52,110,63,75,13,4,11,42,94,74,22,17"/><W29/><G29/><T28/><D68/><U2/><E128/><V9/><F109/><W59/><G110/><T65/><D65/><U15/><E133/><V34/><F118/><W91/><G42/><T47/><D28/><U96/><E2/><V39/><F131/><W66/><G36/><T38/><D38/><U135/><E135/><V54/><F113/><W124/><G124/><T122/><D122/><U37/><E37/><V3/><F40/><W114/><G66/><T14/><D112/><U87/><E7/><V80/><F80/><W99/><G114/><T49/><D98/><U21/><E96/><V57/><F57/><W127/><G127/><T46/><D116/><U86/><E71/><V69/><F69/><W89/><G89/><T70/><D70/><U103/><E103/><V51/><F51/><W82/><G82/><N who="0" m="47303" /><D119/><U45/><E45/><V56/><F56/><W83/><G83/><T125/><D125/><U93/><E93/><V117/><F39/><W108/><G108/><T73/><D73/><U88/><E21/><V129/><F129/><W35/><G35/><T26/><D26/><AGARI ba="0,0" hai="4,11,13,17,22,26,52,59,63,74,75,91,94,99" machi="26" ten="30,18000,2" yaku="7,1,25,2,52,2,54,1" doraHai="105" who="3" fromWho="0" sc="253,-180,93,0,484,0,170,180" /><INIT seed="7,1,0,3,4,48" ten="73,93,484,350" oya="3" hai0="23,51,127,124,105,10,117,31,68,107,1,128,19" hai1="80,56,99,24,110,101,2,36,0,43,77,102,27" hai2="18,44,82,104,37,126,58,69,79,52,71,7,13" hai3="111,119,29,118,113,59,109,87,46,74,9,34,135"/><W26/><G74/><T84/><D117/><U14/><E110/><N who="3" m="41994" /><G46/><T11/><D68/><U112/><E112/><V95/><F104/><N who="0" m="40010" /><D31/><U30/><E36/><V91/><F126/><N who="0" m="48170" /><D1/><U106/><E101/><V116/><F7/><W114/><G87/><T40/><D128/><U108/><E108/><V75/><F44/><W123/><G123/><T41/><D84/><U88/><E43/><N who="0" m="16457" /><D51/><U89/><E0/><V122/><F37/><W35/><G35/><T64/><D64/><U55/><E2/><V81/><F81/><W63/><G135/><T133/><D133/><U38/><E38/><V76/><F76/><W70/><G70/><T4/><D4/><U78/><E78/><V66/><F66/><N who="3" m="39295" /><G9/><T94/><D94/><U120/><E120/><V6/><F116/><AGARI ba="1,0" hai="26,29,34,113,114,116,118,119" m="39295,41994" machi="116" ten="30,1500,0" yaku="10,1" doraHai="48" who="3" fromWho="2" sc="73,0,93,0,484,-18,350,18" /><INIT seed="7,2,0,5,0,52" ten="73,93,466,368" oya="3" hai0="44,30,8,110,115,55,105,107,120,59,121,3,126" hai1="129,133,84,1,37,49,88,103,118,36,38,65,62" hai2="102,24,132,29,34,85,69,119,83,91,113,57,134" hai3="32,22,43,122,10,114,6,90,75,12,116,27,4"/><W42/><G75/><T25/><D110/><U108/><E108/><V72/><F119/><W80/><G122/><T33/><D44/><U48/><E1/><V73/><F113/><W7/><G32/><T64/><D64/><U16/><E118/><V14/><F69/><W101/><G101/><T0/><D115/><U23/><E103/><V2/><F2/><W45/><G114/><T71/><D71/><U106/><E106/><V93/><F57/><W112/><G112/><T104/><D126/><U127/><E127/><V77/><F14/><W39/><G43/><T9/><D3/><U117/><E117/><V68/><F68/><W130/><G130/><T50/><REACH who="0" step="1"/><D0/><REACH who="0" ten="63,93,466,368" step="2"/><U40/><E129/><V15/><F102/><W131/><G131/><T99/><D99/><U31/><E133/><N who="2" m="51307" /><F15/><W86/><REACH who="3" step="1"/><G116/><REACH who="3" ten="63,93,466,358" step="2"/><T123/><AGARI ba="2,2" hai="8,9,25,30,33,50,55,59,104,105,107,120,121,123" machi="123" ten="40,5200,0" yaku="1,1,0,1,52,1,53,0" doraHai="52" doraHaiUra="87" who="0" fromWho="0" sc="63,78,93,-15,466,-15,358,-28" owari="141,-26.0,78,-42.0,451,55.0,330,13.0" /></mjloggm>