<mjloggm ver="2.3"><GO type="169" lobby="0"/><UN n0="%E8%99%8E%E7%8D%85%E3%81%8F%E3%82%93" n1="%63%6C%75%74%63%68%37%33" n2="%E6%9C%AC%E7%94%B0%E9%80%8F" n3="%E9%9B%AA%E6%9C%88%E9%A2%A8%E8%8A%B1" dan="17,17,17,17" rate="2209.36,2170.05,2142.08,2229.31" sx="M,M,F,M"/><TAIKYOKU oya="0"/><INIT seed="0,0,0,1,3,36" ten="250,250,250,250" oya="0" hai0="47,3,71,101,38,63,45,7,4,69,107,44,128" hai1="0,17,72,95,78,37,76,1,116,26,89,11,117" hai2="97,75,70,19,68,105,133,93,110,16,96,131,34" hai3="83,52,59,124,35,108,12,86,134,23,73,91,61"/><T98/><D128/><U100/><E100/><V58/><F34/><W92/><G108/><T66/><D3/><U2/><E37/><V127/><F110/><W65/><G35/><T56/><REACH who="0" step="1"/><D38/><REACH who="0" ten="240,250,250,250" step="2"/><U99/><E117/><V24/><F131/><W42/><G124/><T15/><D15/><U60/><E116/><V111/><F127/><W94/><G134/><T57/><D57/><U129/><E129/><V126/><F126/><W55/><G12/><T14/><D14/><U20/><E72/><V29/><F75/><W8/><G73/><T33/><D33/><U28/><E11/><V50/><F133/><W32/><G8/><T54/><D54/><U88/><E2/><V114/><F111/><W27/><G32/><T115/><D115/><U80/><E1/><V118/><F114/><W21/><G21/><T112/><D112/><U22/><E0/><V53/><F118/><W30/><G55/><T6/><AGARI ba="0,1" hai="4,6,7,44,45,47,56,63,66,69,71,98,101,107" machi="6" ten="30,3000,0" yaku="1,1,0,1,53,0" doraHai="36" doraHaiUra="39" who="0" fromWho="0" sc="240,40,250,-10,250,-10,250,-10" /><INIT seed="0,1,0,0,4,17" ten="280,240,240,240" oya="0" hai0="31,90,92,3,4,52,72,109,117,80,111,43,15" hai1="10,29,11,65,113,8,12,112,25,51,59,107,123" hai2="36,1,100,66,54,64,101,115,91,68,56,49,131" hai3="119,19,61,82,14,114,133,116,35,83,41,130,28"/><T118/><D3/><U132/><E107/><V21/><F1/><W78/><G114/><N who="1" m="44138" /><E65/><V22/><F115/><W71/><G130/><T39/><D39/><U33/><E59/><V45/><F131/><W128/><G128/><T121/><D43/><U94/><E94/><V134/><F134/><W73/><G133/><T126/><D121/><U104/><E51/><V6/><F6/><W16/><G41/><T75/><D126/><U120/><E104/><V13/><F13/><W85/><G19/><T9/><D80/><U20/><E132/><V50/><F36/><W105/><G105/><T98/><D31/><U88/><E88/><V124/><F68/><W69/><G69/><T27/><D27/><U103/><E103/><N who="2" m="39499" /><F124/><W125/><G125/><T47/><D118/><U129/><E129/><V77/><F77/><W74/><G28/><T63/><D117/><U53/><E53/><N who="2" m="29871" /><F91/><N who="3" m="51647" /><G116/><T23/><D75/><U5/><E33/><V79/><F79/><W40/><G35/><T95/><D72/><U86/><E86/><V87/><F87/><W127/><G74/><T135/><D135/><U84/><E84/><V62/><F50/><W0/><G119/><T93/><D93/><U97/><E97/><V89/><F89/><W57/><G127/><T24/><D95/><U48/><E48/><V46/><F46/><W18/><G71/><T44/><D44/><U122/><AGARI ba="1,0" hai="5,8,10,11,12,20,25,29,120,122,123" m="44138" machi="122" ten="40,8000,1" yaku="11,1,34,2,52,1" doraHai="17" who="1" fromWho="1" sc="280,-41,240,83,240,-21,240,-21" /><INIT seed="1,0,0,3,5,53" ten="239,323,219,219" oya="1" hai0="81,18,31,115,83,110,90,36,56,132,68,15,1" hai1="11,122,66,101,133,117,74,82,47,21,79,5,24" hai2="76,67,37,49,120,62,12,78,8,111,33,59,108" hai3="94,99,84,77,50,98,55,130,109,102,129,100,119"/><U26/><E122/><V126/><F37/><W16/><G109/><N who="2" m="42057" /><F33/><W80/><G119/><T65/><D115/><U93/><E117/><V86/><F120/><W131/><G16/><T39/><D1/><U113/><E133/><V71/><F126/><W10/><G10/><T116/><D132/><U4/><E4/><N who="2" m="3079" /><F86/><W0/><G0/><T118/><D39/><U70/><E113/><V28/><F28/><W41/><G41/><T38/><D31/><U134/><E134/><V2/><F2/><W30/><G30/><T61/><D110/><U13/><E21/><V17/><F17/><W58/><REACH who="3" step="1"/><G98/><REACH who="3" ten="239,323,219,209" step="2"/><T89/><D18/><U75/><E26/><V32/><F32/><W9/><G9/><T60/><D116/><U6/><E24/><V54/><AGARI ba="0,1" hai="49,54,59,62,67,71,76,78" m="3079,42057" machi="54" ten="30,2000,0" yaku="14,1,52,1" doraHai="53" who="2" fromWho="2" sc="239,-5,323,-10,219,30,209,-5" /><INIT seed="2,0,0,0,1,108" ten="234,313,249,204" oya="2" hai0="95,20,64,98,38,119,110,28,8,47,43,135,21" hai1="104,86,14,29,19,74,90,53,42,69,9,55,91" hai2="109,125,12,116,113,71,75,50,65,99,56,7,3" hai3="72,51,40,5,114,17,48,1,102,30,73,134,15"/><V131/><F116/><W130/><G134/><T2/><D110/><U118/><E74/><V105/><F109/><W81/><G130/><T49/><D135/><U82/><E118/><V26/><F75/><W128/><G128/><T68/><D119/><U115/><E104/><V44/><F131/><W96/><G30/><T54/><D28/><U78/><E69/><V36/><F3/><W92/><G40/><T6/><D64/><U60/><E42/><N who="2" m="22599" /><F12/><W76/><G73/><T101/><REACH who="0" step="1"/><D68/><REACH who="0" ten="224,313,249,204" step="2"/><U46/><E29/><V103/><F71/><W52/><G1/><T67/><D67/><U89/><E115/><V77/><F113/><W22/><G114/><T120/><D120/><U27/><E27/><V123/><F123/><W100/><G5/><T45/><AGARI ba="0,1" hai="2,6,8,20,21,38,43,45,47,49,54,95,98,101" machi="45" ten="20,5200,0" yaku="1,1,0,1,7,1,53,1" doraHai="108" doraHaiUra="97" who="0" fromWho="0" sc="224,62,313,-13,249,-26,204,-13" /><INIT seed="3,0,0,4,4,56" ten="286,300,223,191" oya="3" hai0="36,84,46,62,27,76,100,60,24,124,34,63,45" hai1="38,73,101,39,42,30,85,20,111,135,59,122,41" hai2="35,127,6,105,113,48,131,89,15,71,115,54,125" hai3="67,117,53,102,7,9,123,19,86,99,17,32,79"/><W8/><G123/><T81/><D124/><N who="2" m="47690" /><F35/><W69/><G32/><T44/><D36/><U68/><E73/><V23/><F105/><W18/><G117/><T64/><D34/><U134/><E68/><V97/><F131/><W92/><G53/><T61/><REACH who="0" step="1"/><D100/><REACH who="0" ten="276,300,223,191" step="2"/><U98/><E101/><V49/><F115/><W119/><G119/><T120/><D120/><U90/><E122/><V75/><F113/><W4/><G4/><T55/><D55/><U28/><E39/><V116/><F6/><W128/><G7/><T16/><D16/><U108/><E38/><V26/><F54/><W57/><G128/><T109/><D109/><U22/><E111/><V121/><F121/><W82/><REACH who="3" step="1"/><G69/><AGARI ba="0,1" hai="24,27,44,45,46,60,61,62,63,64,69,76,81,84" machi="69" ten="40,8000,1" yaku="1,1,52,4,53,0" doraHai="56" doraHaiUra="13" who="0" fromWho="3" sc="276,90,300,0,223,0,191,-80" /><INIT seed="4,0,0,3,2,132" ten="366,300,223,111" oya="0" hai0="74,87,25,96,21,88,3,104,83,121,13,18,76" hai1="120,23,33,115,10,108,70,71,86,117,69,97,35" hai2="134,95,133,93,131,61,79,22,99,29,105,24,119" hai3="2,101,129,4,57,67,63,31,68,109,38,36,85"/><T27/><D121/><U43/><E108/><V82/><F131/><W75/><G109/><T128/><D3/><U123/><E117/><V78/><F119/><W60/><G75/><T111/><D128/><U26/><E115/><V1/><F1/><W46/><G129/><T73/><D111/><U116/><E116/><V124/><F105/><W66/><G101/><T89/><D89/><U112/><E112/><V19/><F93/><W45/><G31/><T14/><D14/><U5/><E43/><V44/><F44/><N who="3" m="17003" /><G85/><T30/><D74/><U114/><E114/><V58/><F29/><W34/><G4/><T118/><D118/><U90/><E97/><V42/><F42/><W80/><G34/><T17/><D17/><U122/><E23/><V40/><F40/><W6/><G80/><T47/><D47/><U49/><E49/><V130/><F130/><W59/><G6/><T41/><D41/><U100/><E100/><V126/><F82/><W28/><G28/><T64/><D64/><N who="3" m="24617" /><G2/><T11/><D27/><U135/><E26/><V72/><F72/><W103/><G103/><T7/><D7/><U102/><E102/><N who="2" m="60799" /><F79/><W91/><G91/><T92/><D104/><U50/><E50/><V0/><F0/><W125/><G125/><N who="2" m="48233" /><F78/><W48/><G48/><T81/><D81/><U127/><E127/><V52/><AGARI ba="0,0" hai="19,22,24,52,58,61,133,134" m="48233,60799" machi="52" ten="30,8000,1" yaku="18,1,52,3,54,1" doraHai="132" who="2" fromWho="2" sc="366,-40,300,-20,223,80,111,-20" /><INIT seed="5,0,0,2,2,36" ten="326,280,303,91" oya="1" hai0="100,83,128,61,30,27,108,21,76,91,74,109,13" hai1="45,29,87,93,58,20,94,112,59,41,135,106,28" hai2="122,70,17,129,98,26,50,99,89,66,117,75,132" hai3="92,15,134,38,49,60,12,2,107,86,43,97,32"/><U44/><E106/><V110/><F89/><W101/><G2/><T102/><D128/><U10/><E135/><V18/><F50/><W7/><G32/><T69/><D91/><U72/><E72/><V42/><F26/><W46/><G134/><T126/><D126/><U22/><E112/><V24/><F24/><W48/><G60/><T34/><D34/><U104/><E104/><V23/><F23/><W103/><G15/><T53/><D13/><U105/><E105/><V16/><F75/><W119/><G119/><T52/><D69/><U11/><E87/><V130/><F132/><W37/><G48/><T40/><D40/><AGARI ba="0,0" hai="10,11,20,22,28,29,40,41,44,45,58,59,93,94" machi="40" ten="25,12000,1" yaku="22,2,8,1,52,2" doraHai="36" who="1" fromWho="0" sc="326,-120,280,120,303,0,91,0" /><INIT seed="5,1,0,1,4,99" ten="206,400,303,91" oya="1" hai0="24,125,46,56,31,64,25,69,119,87,23,85,76" hai1="108,73,109,106,66,21,60,49,19,122,67,82,48" hai2="42,72,62,83,65,118,70,53,8,29,2,74,75" hai3="1,96,9,120,35,86,52,84,33,41,133,57,71"/><U58/><E122/><V5/><F53/><W107/><G71/><T123/><D125/><U45/><E106/><V63/><F63/><W13/><G1/><T36/><D119/><U54/><E67/><V121/><F118/><W77/><G120/><T14/><D123/><U116/><E116/><V111/><F121/><W59/><G59/><T132/><D132/><U81/><E73/><V105/><F111/><N who="1" m="42569" /><E49/><V124/><F124/><W112/><G41/><T103/><D76/><U20/><E20/><V80/><F42/><W101/><G112/><T95/><D69/><U89/><E89/><V90/><F29/><W93/><G133/><T3/><D46/><U110/><E110/><V117/><F117/><W28/><G28/><T27/><D36/><U130/><E130/><V17/><F90/><W10/><G107/><T97/><D3/><U32/><E32/><V7/><F105/><W94/><G35/><T15/><D87/><U134/><E134/><V131/><F131/><W61/><G33/><T4/><D85/><N who="3" m="32873" /><G77/><T38/><D38/><U91/><E91/><V22/><REACH who="2" step="1"/><F7/><REACH who="2" ten="206,400,293,91" step="2"/><N who="3" m="3263" /><G93/><T40/><D4/><U88/><E88/><V18/><F18/><W114/><G114/><T68/><D68/><U51/><E82/><V26/><AGARI ba="1,1" hai="2,5,8,17,22,26,62,65,70,72,74,75,80,83" machi="26" ten="30,2000,0" yaku="1,1,0,1,53,0" doraHai="99" doraHaiUra="135" who="2" fromWho="2" sc="206,-6,400,-11,293,33,91,-6" /><INIT seed="6,0,0,2,0,16" ten="200,389,326,85" oya="2" hai0="40,97,49,34,116,127,15,41,26,32,135,67,12" hai1="7,118,93,35,4,64,61,110,88,19,27,0,130" hai2="29,112,9,54,104,36,65,86,119,21,48,52,73" hai3="39,113,31,78,20,23,74,134,50,96,11,75,106"/><V80/><F119/><W122/><G39/><T62/><D116/><U6/><E110/><V63/><F112/><W5/><G134/><T28/><D127/><U117/><E130/><V45/><F36/><W90/><G31/><T51/><D135/><U42/><E42/><V77/><F104/><W10/><G122/><T59/><D34/><U79/><E79/><V91/><F9/><W95/><G113/><T18/><D12/><U60/><E60/><V92/><F29/><W128/><G10/><T53/><D97/><U100/><E100/><V38/><F38/><W101/><G50/><T66/><D51/><U70/><E0/><V3/><F3/><W68/><G68/><T121/><D121/><U107/><E107/><V58/><REACH who="2" step="1"/><F21/><REACH who="2" ten="200,389,316,85" step="2"/><W84/><G128/><T124/><D124/><U55/><E117/><V109/><F109/><W76/><G76/><T114/><D114/><U126/><E118/><V14/><F14/><N who="3" m="5487" /><G75/><T33/><D33/><U25/><E126/><V13/><F13/><W133/><G133/><T123/><D123/><U129/><E129/><V98/><F98/><W83/><AGARI ba="0,1" hai="20,23,74,78,83,84,90,95,96,101,106" m="5487" machi="83" ten="30,4000,0" yaku="24,1,52,2" doraHai="16" who="3" fromWho="3" sc="200,-10,389,-10,316,-20,85,50" /><INIT seed="7,0,0,4,4,84" ten="190,379,296,135" oya="3" hai0="113,19,107,52,1,26,115,96,65,59,95,85,110" hai1="118,9,130,55,13,106,66,62,36,82,125,7,42" hai2="77,111,132,128,87,119,124,34,78,48,58,98,89" hai3="24,57,31,75,81,51,135,93,72,6,5,56,101"/><W100/><G135/><T38/><D110/><U29/><E106/><V15/><F34/><W134/><G134/><T0/><D38/><U104/><E104/><V44/><F132/><W90/><G72/><T61/><D85/><U40/><E36/><V120/><F111/><W33/><G57/><T131/><D107/><U129/><E55/><V105/><F119/><W35/><G35/><T28/><D131/><N who="1" m="50187" /><E118/><V39/><F128/><W11/><G6/><T99/><D65/><U76/><E29/><V23/><F124/><W10/><G11/><T41/><D41/><U4/><E4/><V70/><F70/><W108/><G108/><T43/><D43/><U112/><E112/><N who="0" m="43081" /><D19/><U127/><E42/><V54/><F120/><W91/><G56/><T16/><D16/><U49/><E40/><V80/><F39/><W97/><G51/><T12/><D12/><U64/><E49/><V122/><F122/><W14/><REACH who="3" step="1"/><G101/><REACH who="3" ten="190,379,296,125" step="2"/><N who="0" m="60575" /><D99/><U63/><E127/><V71/><F98/><W46/><G46/><T8/><D8/><U60/><E125/><V68/><F44/><W22/><G22/><AGARI ba="0,1" hai="0,1,22,26,28,52,59,61" m="60575,43081" machi="22" ten="30,3900,0" yaku="15,1,11,1,54,1" doraHai="84" who="0" fromWho="3" sc="190,49,379,0,296,0,125,-39" owari="239,-16.0,379,47.0,296,10.0,86,-41.0" /></mjloggm>