<mjloggm ver="2.3"><GO type="225" lobby="0"/><UN n0="%E5%AE%89%E8%97%A4%E3%82%AB%E3%82%B1%E3%83%AB" n1="%69%70%73%E6%88%A6%E5%A3%AB" n2="%E9%9D%92%E5%B1%B1%E5%AD%A6%E9%99%A2%EF%BC%94%E5%B9%B4" n3="%72%69%6F%75%63%68%61%6E" dan="16,16,16,17" rate="2068.76,2088.75,2189.37,2093.08" sx="M,M,F,M"/><TAIKYOKU oya="0"/><INIT seed="0,0,0,4,2,122" ten="250,250,250,250" oya="0" hai0="105,108,45,17,43,15,7,14,97,21,119,74,1" hai1="54,53,94,83,26,134,110,61,129,104,106,31,24" hai2="62,124,76,118,23,20,30,63,81,133,98,126,130" hai3="99,103,55,60,56,59,86,135,4,3,35,6,51"/><T47/><D74/><U8/><E134/><V123/><F123/><W37/><G37/><T100/><D1/><U34/><E129/><V57/><F130/><W120/><G120/><T71/><D71/><U10/><E83/><V11/><F133/><W115/><G115/><T87/><D119/><U0/><E94/><V64/><F118/><W111/><G111/><T28/><D108/><U18/><E110/><V96/><F11/><W82/><G135/><T95/><D28/><U80/><E80/><V9/><F9/><W65/><G35/><T73/><D73/><U75/><E75/><V84/><F23/><W46/><G46/><T116/><D116/><U5/><E61/><V19/><F30/><W90/><REACH who="3" step="1"/><G3/><REACH who="3" ten="250,250,250,240" step="2"/><T39/><D47/><U102/><E34/><V42/><F42/><W117/><G117/><T66/><D43/><U67/><E0/><V112/><F112/><W50/><G50/><T72/><D39/><U12/><E106/><AGARI ba="0,1" hai="4,6,51,55,56,59,60,65,82,86,90,99,103,106" machi="106" ten="30,3900,0" yaku="1,1,7,1,53,1" doraHai="122" doraHaiUra="44" who="3" fromWho="1" sc="250,0,250,-39,250,0,240,49" /><INIT seed="1,0,0,4,3,51" ten="250,211,250,289" oya="1" hai0="124,83,71,5,112,31,3,55,36,72,28,114,79" hai1="44,86,40,107,101,25,12,67,4,48,15,132,109" hai2="50,38,130,81,45,20,90,37,135,64,21,34,91" hai3="65,122,98,121,106,73,24,0,120,96,127,33,129"/><U6/><E132/><V113/><F34/><W52/><G0/><T30/><D71/><U17/><E109/><V27/><F130/><W74/><G65/><T29/><D124/><U66/><E107/><V57/><F21/><W100/><G127/><T8/><N who="0" m="7168" /><DORA hai="80" /><T53/><REACH who="0" step="1"/><D36/><REACH who="0" ten="240,211,250,289" step="2"/><U41/><E101/><V54/><F38/><W125/><G100/><T116/><D116/><U62/><E41/><V1/><F37/><W103/><G103/><T99/><D99/><U11/><E25/><V95/><F27/><W42/><G24/><T35/><D35/><U117/><E117/><V111/><F111/><W94/><G33/><T126/><D126/><U102/><E102/><V77/><F135/><W110/><G125/><T92/><D92/><U9/><E17/><V104/><F95/><W43/><G94/><T105/><D105/><U2/><E2/><V23/><F104/><W123/><G106/><T89/><D89/><U70/><REACH who="1" step="1"/><E67/><REACH who="1" ten="240,201,250,289" step="2"/><V13/><F1/><W18/><G123/><T56/><D56/><U68/><E68/><V131/><F64/><W75/><G110/><T82/><D82/><U60/><E60/><V14/><F57/><W63/><G63/><T26/><D26/><U93/><E93/><V19/><F19/><W134/><G18/><T118/><D118/><U58/><E58/><V59/><F59/><W85/><G122/><T87/><D87/><AGARI ba="0,2" hai="4,6,9,11,12,15,40,44,48,62,66,70,86,87" machi="87" ten="40,12000,1" yaku="1,1,9,1,52,2,53,0" doraHai="51,80" doraHaiUra="133,84" who="1" fromWho="0" sc="240,-120,201,140,250,0,289,0" /><INIT seed="1,1,0,4,3,127" ten="120,341,250,289" oya="1" hai0="18,70,3,88,110,108,8,111,54,118,95,134,60" hai1="23,126,52,39,101,98,91,103,104,105,37,135,33" hai2="77,100,86,122,17,41,55,132,131,20,106,59,90" hai3="112,56,62,113,61,89,124,4,121,7,22,102,80"/><U71/><E33/><V6/><F132/><W75/><G121/><T42/><D118/><U31/><E126/><V72/><F41/><W74/><G124/><T114/><D114/><U128/><E71/><V73/><F77/><W19/><G102/><T109/><D134/><U16/><E31/><V43/><F43/><W51/><G74/><T5/><D42/><U0/><E0/><V15/><F6/><N who="3" m="2091" /><G75/><T40/><D40/><U44/><E135/><V93/><F131/><W76/><G76/><T50/><N who="0" m="27648" /><DORA hai="10" /><T116/><D116/><U24/><E91/><V94/><F106/><W87/><G113/><T96/><D18/><U78/><E128/><V63/><F122/><W82/><G82/><T46/><D60/><U34/><E34/><V79/><F79/><W35/><G35/><T66/><D66/><U14/><E78/><V12/><F100/><W81/><G81/><T129/><D70/><U11/><E103/><V107/><F107/><W21/><G21/><T64/><D64/><U133/><E104/><V83/><F73/><W2/><G2/><T97/><REACH who="0" step="1"/><D129/><REACH who="0" ten="110,341,250,289" step="2"/><U115/><E133/><V32/><F63/><W92/><G112/><T125/><D125/><U25/><E115/><V53/><F17/><W67/><G61/><T48/><D48/><U45/><E39/><V29/><F29/><W1/><G51/><T130/><D130/><U120/><E37/><V99/><F55/><W84/><G62/><T49/><D49/><N who="1" m="28711" /><E120/><V30/><F30/><W27/><G67/><T57/><D57/><U13/><E45/><V9/><F59/><W69/><G56/><RYUUKYOKU ba="1,1" sc="110,15,341,15,250,-15,289,-15" hai0="3,5,8,46,50,54,88,95,96,97" hai1="11,13,14,16,23,24,25,98,101,105" /><INIT seed="1,2,1,5,0,23" ten="125,356,235,274" oya="1" hai0="109,94,88,14,43,112,5,17,71,38,16,61,22" hai1="2,83,44,127,80,77,123,21,63,120,53,95,45" hai2="82,3,115,39,32,106,20,87,134,93,97,35,105" hai3="104,102,98,126,89,54,133,40,111,116,90,6,18"/><U60/><E2/><V26/><F39/><W85/><G111/><T68/><D109/><U66/><E127/><V37/><F37/><W49/><G126/><T12/><D112/><U65/><E95/><V84/><F3/><W124/><G124/><T59/><D5/><U7/><E7/><V96/><F134/><W130/><G133/><T119/><D119/><U99/><E99/><V122/><F122/><W57/><G116/><T135/><D135/><U25/><E53/><V132/><F132/><W33/><G130/><T31/><D31/><U42/><E120/><V79/><F115/><W19/><G33/><T47/><D12/><U29/><E123/><V117/><F87/><W46/><G6/><T128/><D17/><U101/><E101/><V70/><F70/><W56/><G56/><T9/><D9/><U48/><E44/><V103/><F117/><W73/><G73/><T129/><D129/><U8/><E8/><V75/><F75/><W36/><G89/><T11/><D11/><U10/><E10/><V69/><F69/><W55/><G54/><T51/><D38/><U86/><E80/><AGARI ba="2,1" hai="18,19,36,40,46,49,55,57,80,85,90,98,102,104" machi="80" ten="30,1000,0" yaku="7,1" doraHai="23" who="3" fromWho="1" sc="125,0,356,-16,235,0,274,26" /><INIT seed="2,0,0,4,3,43" ten="125,340,235,300" oya="2" hai0="23,91,68,64,32,6,14,44,7,54,29,79,114" hai1="38,84,93,48,124,67,123,11,85,21,115,33,73" hai2="134,4,62,135,10,105,50,18,80,101,100,103,97" hai3="5,132,128,81,92,122,42,88,110,1,25,47,60"/><V78/><F18/><W108/><G122/><T111/><D32/><U53/><E33/><V13/><F62/><W49/><G128/><T129/><D114/><U90/><E38/><V51/><F97/><W86/><G132/><T9/><D129/><U113/><E73/><V37/><F37/><W15/><G1/><T109/><D79/><U104/><E104/><V127/><F105/><W107/><G107/><T61/><D6/><U30/><E123/><V24/><F24/><W20/><G60/><T74/><D74/><U133/><E133/><N who="2" m="50699" /><F127/><W56/><G56/><T65/><D65/><U2/><E67/><V82/><F82/><W66/><G66/><T55/><D91/><U102/><E102/><N who="2" m="26115" /><V12/><DORA hai="120" /><F12/><W22/><G81/><T117/><D117/><U28/><E113/><V98/><F98/><W35/><G35/><T83/><D83/><U131/><E124/><V52/><F52/><W40/><G40/><T125/><D125/><U130/><E115/><V27/><F27/><W94/><G94/><T72/><D72/><AGARI ba="0,0" hai="4,10,13,50,51,72,78,80" m="26115,50699" machi="72" ten="40,2000,0" yaku="20,1" doraHai="43,120" who="2" fromWho="0" sc="125,-20,340,0,235,20,300,0" /><INIT seed="2,1,0,5,4,75" ten="105,340,255,300" oya="2" hai0="45,26,78,71,67,8,98,70,25,126,81,51,97" hai1="57,0,63,56,91,41,123,134,20,96,72,46,117" hai2="43,112,89,99,108,86,68,28,100,48,10,111,73" hai3="103,77,127,15,113,65,60,121,104,132,118,39,61"/><V114/><F68/><W85/><G118/><T115/><D115/><N who="2" m="44074" /><F10/><W9/><G121/><T119/><D119/><U34/><E117/><V66/><F66/><W122/><G122/><T58/><D126/><U128/><E34/><V24/><F48/><W2/><G127/><T40/><D70/><U69/><E123/><V80/><F43/><W29/><G113/><T64/><D71/><U84/><E72/><V44/><F44/><W35/><G39/><T88/><D8/><U79/><E0/><V6/><F24/><W87/><G2/><T12/><D12/><U116/><E69/><V135/><F28/><W120/><G120/><T106/><D106/><U76/><E116/><V27/><F27/><N who="0" m="10250" /><D98/><U5/><E5/><V129/><F6/><W11/><G29/><T107/><D107/><U47/><E20/><V32/><F32/><W93/><G35/><T90/><D97/><U131/><E134/><V3/><F3/><W13/><G132/><T16/><D16/><U83/><E57/><V7/><F7/><N who="3" m="3263" /><G104/><T62/><D64/><N who="1" m="39015" /><E41/><V95/><F135/><W14/><G65/><T101/><D101/><U53/><E53/><V19/><F19/><N who="3" m="8671" /><G15/><T55/><D67/><U133/><E133/><V109/><F73/><W59/><G59/><T36/><D36/><U130/><E47/><V50/><F50/><W49/><G49/><T82/><D62/><U110/><E46/><V54/><F54/><W37/><G37/><T42/><D45/><U94/><E110/><V17/><F17/><W33/><G33/><T22/><D40/><U105/><E105/><V1/><F1/><RYUUKYOKU ba="1,0" sc="105,-15,340,15,255,15,300,-15" hai1="76,79,83,84,91,94,96,128,130,131" hai2="80,86,89,95,99,100,108,109,111,129" /><INIT seed="2,2,0,4,1,37" ten="90,355,270,285" oya="2" hai0="32,75,6,71,1,2,107,134,119,18,56,59,57" hai1="47,3,101,128,42,20,13,69,48,36,130,26,81" hai2="106,10,14,96,46,73,117,103,89,50,77,7,22" hai3="25,113,99,30,120,49,40,111,58,74,19,63,61"/><V133/><F133/><W66/><G120/><T8/><D71/><U34/><E3/><V70/><F70/><W33/><G74/><T108/><D107/><U11/><E69/><V109/><F117/><W9/><G111/><T5/><D75/><U29/><E101/><V38/><F38/><W132/><G132/><T62/><D32/><U118/><E118/><V95/><F109/><W79/><G79/><T24/><D134/><U84/><E34/><V126/><F126/><W80/><G113/><T35/><D108/><U82/><E36/><V125/><F125/><W68/><G80/><T114/><D114/><U60/><E60/><V17/><F73/><W41/><G49/><T78/><D78/><U55/><E55/><N who="2" m="30167" /><F106/><W88/><G19/><T16/><D119/><U92/><E92/><V102/><F77/><W116/><G116/><T45/><D45/><U21/><E21/><V43/><F43/><W15/><G63/><T93/><D62/><U131/><E84/><V72/><F72/><W87/><G68/><T44/><D44/><U122/><E122/><V31/><F31/><W91/><G99/><T124/><D124/><U115/><E115/><V121/><F121/><W127/><G127/><T53/><D53/><U65/><E65/><V100/><F22/><N who="3" m="15671" /><G87/><T104/><D104/><U27/><E27/><V98/><F96/><W97/><G33/><T112/><D112/><U12/><E12/><V51/><F51/><W0/><G0/><T28/><REACH who="0" step="1"/><D93/><REACH who="0" ten="80,355,270,285" step="2"/><U135/><E135/><V54/><F54/><W23/><G61/><T86/><D86/><U76/><E76/><RYUUKYOKU ba="2,1" sc="80,10,355,10,270,10,285,-30" hai0="1,2,5,6,8,16,18,24,28,35,56,57,59" hai1="11,13,20,26,29,42,47,48,81,82,128,130,131" hai2="7,10,14,17,89,95,98,100,102,103" /><INIT seed="2,3,1,2,4,10" ten="90,365,280,255" oya="2" hai0="12,26,44,17,91,128,79,102,37,68,7,65,114" hai1="77,63,47,28,85,16,13,119,134,131,46,24,87" hai2="6,126,20,50,120,56,72,0,78,92,97,67,52" hai3="34,55,84,125,110,41,71,73,15,30,5,98,124"/><V106/><F120/><W75/><G110/><T18/><D114/><U62/><E119/><V39/><F39/><W3/><G3/><T100/><D128/><U133/><E131/><V4/><F106/><W95/><G71/><T40/><D79/><U109/><E109/><V103/><F0/><W69/><G69/><T99/><D7/><U51/><E77/><V82/><F126/><N who="3" m="48747" /><G41/><T104/><D68/><U66/><E85/><V23/><F67/><W101/><G55/><T22/><D65/><U11/><E87/><V45/><F45/><N who="1" m="16905" /><E51/><V105/><REACH who="2" step="1"/><F105/><REACH who="2" ten="90,365,270,255" step="2"/><W59/><G59/><T9/><D104/><U43/><E66/><V1/><F1/><W129/><G129/><T88/><REACH who="0" step="1"/><D99/><REACH who="0" ten="80,365,270,255" step="2"/><U19/><E134/><V31/><F31/><W90/><G30/><T74/><D74/><U33/><E133/><V86/><F86/><W116/><G116/><T115/><D115/><U32/><E28/><V108/><F108/><W81/><G73/><T89/><AGARI ba="3,3" hai="9,12,17,18,22,26,37,40,44,88,89,91,100,102" machi="89" ten="30,8000,1" yaku="1,1,0,1,52,1,54,1,53,1" doraHai="10" doraHaiUra="38" who="0" fromWho="0" sc="80,119,365,-23,270,-43,255,-23" /><INIT seed="3,0,0,0,3,124" ten="199,342,227,232" oya="3" hai0="101,112,126,22,11,40,33,104,96,63,108,66,74" hai1="45,52,98,55,3,61,94,121,127,100,122,14,115" hai2="13,53,78,91,111,105,47,123,109,42,81,39,38" hai3="131,64,7,93,80,77,17,26,76,10,36,103,30"/><W16/><G131/><T59/><D33/><U118/><E3/><V18/><F105/><W57/><G36/><T69/><D74/><U44/><E115/><V51/><F91/><W87/><G77/><T88/><D112/><U37/><E127/><V135/><F135/><W27/><G27/><T72/><D72/><U132/><E132/><V71/><F71/><W68/><G68/><T50/><D126/><U21/><E118/><V83/><F123/><W25/><G25/><T113/><D113/><U129/><E129/><V49/><F49/><W97/><G57/><T130/><D130/><U75/><E75/><V28/><F28/><W35/><REACH who="3" step="1"/><G64/><REACH who="3" ten="199,342,227,222" step="2"/><T43/><D69/><U82/><E37/><V65/><F65/><W99/><G99/><T0/><D66/><U120/><E120/><V1/><F78/><W133/><G133/><T73/><D96/><U23/><E122/><V48/><F42/><W54/><G54/><N who="1" m="20522" /><E121/><V125/><F125/><W84/><G84/><T2/><D73/><U119/><E119/><V31/><F48/><W117/><G117/><T41/><D50/><U12/><E61/><V9/><F39/><W6/><G6/><T102/><D63/><U56/><E56/><V34/><F38/><W128/><G128/><T79/><D59/><U8/><E45/><V32/><F47/><W107/><G107/><T90/><D104/><U92/><E44/><V19/><F51/><W89/><G89/><T62/><D41/><U106/><E106/><V29/><F53/><W114/><G114/><T15/><D43/><U4/><E98/><V116/><F116/><RYUUKYOKU ba="0,1" sc="199,-10,342,-10,227,-10,222,30" hai3="7,10,16,17,26,30,35,76,80,87,93,97,103" /><INIT seed="3,1,1,5,3,22" ten="189,332,217,252" oya="3" hai0="128,16,97,6,71,45,124,106,38,54,50,99,115" hai1="123,105,58,56,19,74,51,126,61,95,69,86,35" hai2="130,70,113,4,17,30,31,68,80,89,131,92,117" hai3="96,20,29,65,3,24,129,94,41,43,75,64,62"/><W36/><G129/><N who="2" m="49161" /><F113/><W76/><G3/><T63/><D128/><U84/><E74/><V48/><F117/><W132/><G132/><T127/><D115/><U88/><E105/><V111/><F4/><W18/><G36/><T77/><D6/><U112/><E69/><N who="2" m="26731" /><F111/><W25/><G76/><T27/><D77/><U60/><E123/><V66/><F66/><N who="3" m="25707" /><G62/><N who="1" m="24170" /><E35/><V47/><F17/><W93/><G75/><T23/><D71/><U101/><E101/><V116/><F80/><W72/><G72/><T57/><D38/><U134/><E134/><V28/><F116/><W37/><G37/><T85/><D85/><N who="1" m="52623" /><E112/><V100/><F100/><N who="3" m="60431" /><G94/><T59/><D106/><U73/><E73/><V118/><F118/><W53/><G53/><N who="0" m="34287" /><D45/><U8/><E126/><AGARI ba="1,1" hai="16,23,27,50,54,57,97,99,124,126,127" m="34287" machi="126" ten="30,3900,0" yaku="18,1,52,1,54,1" doraHai="22" who="0" fromWho="1" sc="189,52,332,-42,217,0,252,0" /><INIT seed="4,0,0,2,1,56" ten="241,290,217,252" oya="0" hai0="17,59,55,80,32,49,31,11,74,41,60,115,118" hai1="53,85,28,2,112,48,117,47,114,10,121,125,33" hai2="35,129,103,54,40,107,78,12,92,65,104,70,64" hai3="8,98,123,63,134,95,66,50,57,30,9,61,76"/><T120/><D118/><U43/><E117/><V22/><F35/><W77/><G134/><T79/><D120/><U105/><E121/><V16/><F40/><W26/><G123/><T101/><D115/><N who="1" m="44075" /><E105/><V100/><F78/><N who="3" m="30315" /><G50/><T39/><D39/><U7/><E125/><V14/><F129/><W69/><G69/><T75/><D101/><U0/><E0/><V58/><F70/><W91/><G61/><T29/><D32/><U122/><E122/><V71/><F71/><W119/><G119/><T133/><D75/><U23/><E33/><V20/><F92/><W24/><G30/><T27/><D133/><U124/><E124/><V84/><F84/><W21/><G21/><T111/><D111/><U87/><E43/><V5/><F5/><W34/><G34/><T45/><REACH who="0" step="1"/><D11/><AGARI ba="0,0" hai="8,9,11,24,26,57,63,66,91,95,98" m="30315" machi="11" ten="30,2000,0" yaku="8,1,52,1" doraHai="56" who="3" fromWho="0" sc="241,-20,290,0,217,0,252,20" /><INIT seed="5,0,0,1,5,69" ten="221,290,217,272" oya="1" hai0="100,84,29,26,36,63,8,38,48,86,123,91,40" hai1="46,39,67,73,104,35,18,53,44,58,127,98,28" hai2="116,99,131,7,52,115,57,133,96,101,97,129,78" hai3="112,55,135,32,94,83,102,64,72,125,45,42,90"/><U12/><E73/><V6/><F116/><W11/><G32/><T50/><D123/><U21/><E127/><V71/><F71/><W60/><G125/><T54/><D100/><U95/><E104/><V92/><F78/><W117/><G117/><T121/><D121/><U59/><E39/><V16/><F133/><W10/><G135/><T119/><D119/><U19/><E35/><V51/><F115/><W82/><G112/><T106/><D106/><U107/><E28/><V66/><F66/><W85/><G55/><T27/><D63/><N who="1" m="38391" /><E19/><V109/><F109/><W5/><G72/><T14/><D40/><U43/><E107/><V76/><F76/><W56/><G102/><T20/><D27/><U33/><E33/><V93/><F16/><W88/><G90/><T113/><D86/><U4/><E4/><V89/><REACH who="2" step="1"/><F99/><REACH who="2" ten="221,290,207,272" step="2"/><W75/><G75/><T124/><D113/><U80/><E43/><V114/><F114/><W118/><G118/><T23/><D124/><U61/><E80/><N who="3" m="30762" /><G5/><AGARI ba="0,1" hai="5,6,7,51,52,57,89,92,93,96,97,101,129,131" machi="5" ten="40,2600,0" yaku="1,1,54,1,53,0" doraHai="69" doraHaiUra="65" who="2" fromWho="3" sc="221,0,290,0,207,36,272,-26" /><INIT seed="6,0,0,0,5,126" ten="221,290,243,246" oya="2" hai0="46,99,55,62,64,91,101,85,105,61,36,68,38" hai1="74,30,129,131,37,3,73,20,134,66,53,104,13" hai2="78,48,71,45,27,54,97,117,12,102,5,15,24" hai3="81,124,109,119,34,58,88,11,51,2,8,95,7"/><V83/><F117/><W121/><G119/><T49/><REACH who="0" step="1"/><D62/><REACH who="0" ten="211,290,243,246" step="2"/><U59/><E74/><V10/><F71/><W18/><G124/><T41/><D41/><U116/><E73/><V123/><F123/><W79/><G121/><T120/><D120/><U1/><E116/><V70/><F70/><W14/><G109/><T125/><D125/><U100/><E3/><V6/><F6/><W29/><G2/><T106/><D106/><U108/><E1/><V65/><F65/><W39/><G7/><T28/><D28/><U52/><E108/><V128/><F128/><W89/><G29/><T92/><AGARI ba="0,1" hai="36,38,46,49,55,61,64,68,85,91,92,99,101,105" machi="92" ten="20,12000,2" yaku="21,2,0,1,7,1,53,2" doraHai="126" doraHaiUra="69" who="0" fromWho="0" sc="211,130,290,-30,243,-60,246,-30" owari="341,44.0,260,6.0,183,-32.0,216,-18.0" /></mjloggm>