<mjloggm ver="2.3"><GO type="169" lobby="0"/><UN n0="%73%6F%63%63%68%79" n1="%E3%82%AD%E3%83%B3%E3%82%B0%E3%81%82%E3%81%A4%E3%81%97" n2="%E8%BC%9D%E5%A4%9C%E6%9C%88" n3="%E3%81%8B%E3%81%8B%E3%81%8B%E3%81%8B" dan="17,17,17,16" rate="2239.07,2201.25,2195.82,2149.43" sx="M,M,F,M"/><TAIKYOKU oya="0"/><INIT seed="0,0,0,1,2,88" ten="250,250,250,250" oya="0" hai0="107,90,122,86,79,22,89,56,29,104,14,72,32" hai1="3,31,40,119,65,84,58,16,74,5,126,13,11" hai2="82,83,51,133,127,112,50,12,46,73,69,116,20" hai3="109,94,4,67,0,64,10,81,37,34,35,91,134"/><T71/><D71/><U76/><E119/><V130/><F112/><W85/><G37/><T70/><D70/><U123/><E123/><V106/><F116/><W2/><G2/><T99/><D122/><U80/><E126/><V17/><F127/><W132/><G109/><T63/><D32/><U113/><E113/><V54/><F130/><W8/><G8/><T115/><D115/><U7/><E31/><V26/><F133/><N who="3" m="51307" /><G81/><T102/><D107/><U39/><E7/><V15/><F69/><W30/><G30/><T124/><D124/><U24/><E24/><V1/><F106/><W105/><G105/><T60/><D90/><U21/><E58/><V118/><F1/><W43/><G43/><T52/><D79/><U25/><E65/><AGARI ba="0,0" hai="0,4,10,34,35,64,65,67,85,91,94" m="51307" machi="65" ten="30,2000,0" yaku="20,1,52,1" doraHai="88" who="3" fromWho="1" sc="250,0,250,-20,250,0,250,20" /><INIT seed="1,0,0,4,4,32" ten="250,230,250,270" oya="1" hai0="89,28,63,53,103,87,90,119,110,132,35,81,59" hai1="102,72,62,122,17,101,42,94,13,130,66,70,39" hai2="129,30,93,46,131,75,16,133,100,105,65,1,91" hai3="125,10,78,74,56,118,64,29,6,107,19,31,12"/><U83/><E122/><V9/><F30/><W0/><G107/><T51/><D119/><U135/><E130/><V7/><F75/><W84/><G74/><T124/><D110/><U23/><E135/><V11/><F133/><W4/><G118/><T120/><D132/><U33/><E33/><V82/><F65/><W25/><G125/><T134/><D134/><U36/><E42/><V26/><F82/><N who="3" m="47191" /><G0/><T20/><D35/><U5/><E5/><N who="3" m="2154" /><G25/><N who="0" m="16423" /><D124/><U79/><REACH who="1" step="1"/><E94/><REACH who="1" ten="250,220,250,270" step="2"/><V34/><F34/><W114/><G114/><T92/><D120/><U85/><E85/><V18/><F93/><W3/><G3/><T60/><D103/><AGARI ba="0,1" hai="13,17,23,36,39,62,66,70,72,79,83,101,102,103" machi="103" ten="40,7700,0" yaku="1,1,53,2" doraHai="32" doraHaiUra="68" who="1" fromWho="0" sc="250,-77,220,87,250,0,270,0" /><INIT seed="1,1,0,3,2,28" ten="173,307,250,270" oya="1" hai0="83,47,60,94,108,72,105,54,135,11,98,120,87" hai1="50,97,10,123,134,117,89,119,104,67,56,24,103" hai2="59,99,116,69,100,93,21,2,49,127,125,31,58" hai3="84,61,35,7,96,73,34,114,32,126,68,112,95"/><U82/><E123/><V91/><F69/><W30/><G73/><T79/><D120/><U23/><E134/><V66/><F116/><W18/><G30/><T5/><D135/><U6/><E89/><V13/><F2/><W12/><G7/><T85/><D108/><U41/><E82/><V19/><F31/><W80/><G126/><N who="2" m="48137" /><F66/><W39/><G39/><T44/><D60/><U48/><E48/><V9/><F9/><W109/><G109/><T129/><D129/><U115/><E115/><V0/><F0/><W33/><N who="3" m="8192" /><DORA hai="3" /><W77/><G68/><T26/><D26/><U101/><E101/><V37/><F37/><W63/><G114/><T107/><D107/><U132/><E67/><V90/><F49/><W65/><G65/><T124/><D124/><U14/><E132/><V71/><F71/><W64/><G64/><T62/><D62/><U131/><E131/><V74/><F74/><W130/><G130/><T27/><D27/><U111/><E111/><V8/><F8/><W36/><G36/><T78/><D78/><U102/><E102/><V25/><F25/><W86/><G86/><T55/><D87/><U51/><E51/><V113/><F113/><W75/><G75/><T17/><D85/><U53/><REACH who="1" step="1"/><E41/><REACH who="1" ten="173,297,250,270" step="2"/><V52/><F52/><W45/><G112/><T15/><D105/><U70/><E70/><V57/><AGARI ba="1,1" hai="13,19,21,57,58,59,90,91,93,99,100" m="48137" machi="57" ten="30,1100,0" yaku="18,1" doraHai="28,3" who="2" fromWho="2" sc="173,-4,297,-6,250,24,270,-4" /><INIT seed="2,0,0,1,5,41" ten="169,291,274,266" oya="2" hai0="68,42,59,98,39,24,84,49,2,60,103,132,18" hai1="115,100,21,124,10,81,13,5,17,55,108,73,89" hai2="26,122,52,3,79,14,19,8,63,117,76,92,101" hai3="133,50,95,53,12,33,23,106,16,38,58,62,1"/><V97/><F117/><W66/><G106/><T126/><D2/><U114/><E108/><V107/><F122/><W121/><G38/><T123/><D123/><U31/><E124/><V113/><F113/><N who="1" m="43017" /><E100/><V22/><F3/><W119/><G121/><T90/><D126/><U112/><E112/><V67/><F107/><W44/><G119/><T48/><D68/><U27/><E55/><V91/><F101/><W51/><G33/><T9/><D39/><U88/><E31/><V37/><F37/><W69/><G1/><T0/><D132/><U45/><E45/><V83/><F83/><W56/><G133/><T34/><D42/><U78/><E73/><V94/><F94/><W118/><G118/><T125/><D125/><U96/><E96/><V105/><F105/><W77/><G77/><T85/><D85/><U15/><E15/><V36/><F36/><W28/><G28/><T70/><D70/><U116/><E116/><V86/><F86/><W46/><G95/><T64/><D34/><U72/><E89/><V80/><F80/><W32/><G32/><T25/><D0/><U54/><E88/><V57/><F67/><W61/><G61/><T111/><D111/><U93/><E93/><V20/><REACH who="2" step="1"/><F20/><REACH who="2" ten="169,291,264,266" step="2"/><W120/><REACH who="3" step="1"/><G120/><REACH who="3" ten="169,291,264,256" step="2"/><T129/><D103/><U71/><E81/><V110/><F110/><W4/><G4/><AGARI ba="0,2" hai="4,8,14,19,22,26,52,57,63,76,79,91,92,97" machi="4" ten="30,18000,2" yaku="1,1,7,1,25,2,8,1,54,1,53,0" doraHai="41" doraHaiUra="40" who="2" fromWho="3" sc="169,0,291,0,264,200,256,-180" /><INIT seed="2,1,0,1,4,28" ten="169,291,464,76" oya="2" hai0="81,16,21,54,69,18,125,59,83,73,77,124,105" hai1="2,56,8,19,101,44,47,89,92,43,6,65,53" hai2="11,41,97,12,127,3,134,131,5,27,36,121,99" hai3="52,110,94,115,58,25,49,68,113,129,7,102,90"/><V4/><F121/><W93/><G110/><T100/><D69/><U122/><E122/><V24/><F41/><W42/><G129/><T64/><D64/><U50/><E101/><V91/><F36/><W70/><G102/><T62/><D83/><U104/><E104/><V17/><F131/><W72/><G72/><T75/><D75/><U45/><E65/><V57/><F134/><W80/><G80/><T9/><D9/><U55/><E55/><V13/><F127/><N who="0" m="48714" /><D21/><U119/><E19/><V133/><F133/><W71/><G7/><T109/><D109/><U123/><E119/><V116/><F116/><W29/><G42/><T60/><D60/><U120/><REACH who="1" step="1"/><E43/><REACH who="1" ten="169,281,464,76" step="2"/><V46/><F17/><W31/><G31/><T0/><D100/><U85/><AGARI ba="1,1" hai="2,6,8,44,45,47,50,53,56,85,89,92,120,123" machi="85" ten="30,4000,0" yaku="1,1,2,1,0,1,53,0" doraHai="28" doraHaiUra="22" who="1" fromWho="1" sc="169,-11,281,53,464,-21,76,-11" /><INIT seed="3,0,0,3,5,133" ten="158,334,443,65" oya="3" hai0="4,96,36,9,102,82,131,126,79,22,119,13,26" hai1="128,18,39,37,73,88,24,74,21,2,135,124,132" hai2="61,60,86,115,6,103,106,7,8,62,112,93,3" hai3="91,89,120,70,15,64,0,19,110,67,23,98,51"/><W41/><G120/><T130/><D36/><N who="1" m="13899" /><E2/><V68/><F68/><W107/><G0/><T116/><D126/><U56/><E128/><N who="0" m="49193" /><D22/><U50/><E88/><V109/><F109/><W65/><G110/><T81/><D26/><U75/><E50/><V32/><F32/><W122/><G122/><T111/><D111/><U113/><E56/><V55/><F7/><W71/><G89/><T11/><D11/><U97/><E97/><V87/><F55/><W14/><G14/><T80/><D79/><U28/><E113/><V69/><F69/><W35/><G35/><T54/><D54/><U84/><E84/><V100/><F87/><W78/><G78/><T16/><D4/><U129/><E129/><V77/><BYE who="0" /><F77/><W76/><G76/><T30/><D30/><U127/><E28/><V72/><F86/><UN n0="%73%6F%63%63%68%79" /><W58/><G107/><AGARI ba="0,0" hai="9,13,16,80,81,82,96,102,107,116,119" m="49193" machi="107" ten="30,2000,0" yaku="19,1,54,1" doraHai="133" who="0" fromWho="3" sc="158,20,334,0,443,0,65,-20" /><INIT seed="4,0,0,4,2,95" ten="178,334,443,45" oya="0" hai0="121,113,35,48,4,32,7,49,16,28,1,12,125" hai1="41,131,17,89,39,110,27,90,133,129,117,111,104" hai2="66,11,24,38,81,115,60,85,8,69,73,74,31" hai3="134,70,14,44,47,86,45,106,124,2,33,29,10"/><T25/><D49/><U57/><E117/><V40/><F115/><W62/><G2/><T80/><D48/><U37/><E104/><V36/><F8/><W98/><G124/><T26/><D80/><U23/><E133/><V130/><F130/><N who="1" m="49673" /><E57/><V50/><F50/><W30/><G134/><T78/><D78/><U46/><E37/><V71/><F71/><W6/><G86/><T34/><D121/><U54/><E54/><V94/><F11/><W120/><G120/><T96/><D96/><U93/><E90/><V112/><F40/><W107/><G106/><T9/><D113/><U99/><AGARI ba="0,0" hai="17,23,27,39,41,46,89,93,99,110,111" m="49673" machi="99" ten="30,2000,0" yaku="19,1,52,1" doraHai="95" who="1" fromWho="1" sc="178,-10,334,20,443,-5,45,-5" /><INIT seed="5,0,0,2,3,26" ten="168,354,438,40" oya="1" hai0="22,49,92,41,5,102,81,87,47,75,80,91,32" hai1="68,120,54,108,28,65,130,24,124,45,12,35,78" hai2="51,9,64,55,93,13,42,71,95,17,46,18,50" hai3="106,44,131,101,48,113,72,77,20,53,86,39,8"/><U34/><E120/><V105/><F105/><W67/><G131/><T109/><D32/><U4/><E130/><V79/><F71/><W31/><G72/><T23/><D109/><U29/><E124/><V76/><F64/><W107/><G113/><T84/><D75/><U62/><E108/><V98/><F18/><W33/><G33/><T125/><D125/><U94/><E78/><V134/><F134/><W122/><G122/><T10/><D102/><U21/><E94/><V56/><REACH who="2" step="1"/><F95/><REACH who="2" ten="168,354,428,40" step="2"/><W61/><G106/><T119/><D92/><U126/><E126/><V90/><AGARI ba="0,1" hai="9,13,17,42,46,50,51,55,56,76,79,90,93,98" machi="90" ten="20,8000,1" yaku="1,1,2,1,0,1,7,1,8,1,53,0" doraHai="26" doraHaiUra="63" who="2" fromWho="2" sc="168,-20,354,-40,428,90,40,-20" /><INIT seed="6,0,0,0,0,116" ten="148,314,518,20" oya="2" hai0="125,124,127,113,15,55,84,97,71,45,94,133,91" hai1="27,36,40,64,32,0,103,100,66,109,122,99,50" hai2="92,20,62,134,53,89,29,54,106,105,130,81,128" hai3="126,101,17,70,38,19,76,39,5,135,107,46,12"/><V82/><F29/><W96/><G70/><T102/><D113/><U119/><E109/><V42/><F42/><W8/><G126/><T117/><D117/><U131/><E119/><V74/><F20/><W56/><G135/><T44/><D133/><U7/><E131/><N who="2" m="50219" /><F134/><W23/><G19/><T112/><D112/><U115/><E36/><V13/><F13/><W80/><G56/><T59/><D71/><U67/><E7/><V30/><F30/><W118/><G46/><T73/><D15/><U21/><E0/><V6/><F6/><W60/><G60/><N who="0" m="35967" /><D73/><U11/><E11/><V33/><F33/><W72/><REACH who="3" step="1"/><G118/><REACH who="3" ten="148,314,518,10" step="2"/><T28/><D28/><U83/><E115/><V90/><F62/><W3/><AGARI ba="0,1" hai="3,5,8,12,17,23,38,39,72,76,80,96,101,107" machi="3" ten="20,8000,1" yaku="1,1,2,1,0,1,7,1,53,1" doraHai="116" doraHaiUra="34" who="3" fromWho="3" sc="148,-20,314,-20,518,-40,10,90" /><INIT seed="7,0,0,5,0,129" ten="128,294,478,100" oya="3" hai0="92,59,133,135,40,53,76,103,63,56,49,20,68" hai1="28,9,48,119,38,100,134,82,19,91,66,130,110" hai2="77,6,85,101,83,80,34,94,35,55,120,0,57" hai3="42,105,2,4,60,126,21,31,114,69,67,24,72"/><W13/><G2/><T16/><D68/><U61/><E38/><V65/><F120/><W117/><G117/><T93/><D76/><U12/><E110/><V115/><F115/><W26/><G126/><T54/><D40/><U71/><E130/><V127/><F65/><W88/><G114/><T84/><D103/><U44/><E100/><V33/><F127/><W75/><G105/><T109/><D109/><U36/><E36/><V58/><F58/><W1/><G1/><T79/><D79/><U74/><E28/><V70/><F70/><W107/><G107/><T97/><D84/><N who="1" m="50583" /><E74/><V128/><F6/><W96/><G42/><T5/><D5/><U8/><E8/><V81/><F0/><W121/><G121/><T23/><D23/><U46/><E46/><V102/><F102/><W3/><G3/><T108/><D108/><U29/><E29/><V17/><F128/><W112/><G24/><T18/><D18/><U87/><E87/><V116/><F17/><W99/><G112/><T98/><D93/><U113/><E113/><V25/><F25/><W124/><G124/><T78/><D78/><U64/><E64/><V11/><F116/><W131/><G131/><T15/><D92/><U27/><E27/><V43/><F43/><W111/><G111/><T125/><D125/><U89/><E89/><V47/><F77/><W73/><REACH who="3" step="1"/><G88/><REACH who="3" ten="128,294,478,90" step="2"/><T123/><D123/><U37/><E119/><V62/><F94/><W104/><G104/><T106/><D106/><U118/><E118/><V50/><F101/><W51/><G51/><T41/><D41/><N who="1" m="22575" /><E48/><V122/><F50/><RYUUKYOKU ba="0,1" sc="128,10,294,10,478,-30,90,10" hai0="15,16,20,49,53,54,56,59,63,97,98,133,135" hai1="9,12,19,61,66,71,134" hai3="4,13,21,26,31,60,67,69,72,73,75,96,99" /><INIT seed="7,1,1,3,5,35" ten="138,304,448,100" oya="3" hai0="87,63,47,96,103,101,90,8,64,98,62,26,116" hai1="110,74,117,34,115,31,106,32,111,36,27,130,72" hai2="60,78,22,71,39,1,133,29,55,12,46,51,42" hai3="76,57,105,16,125,102,94,107,75,9,91,86,7"/><W17/><G125/><T14/><D116/><U21/><E106/><V54/><F1/><W52/><G75/><T114/><D114/><U23/><E36/><V128/><F128/><W123/><G123/><T129/><D129/><U88/><E130/><V24/><F133/><W41/><G41/><T43/><D26/><U97/><E23/><V93/><F78/><W44/><G44/><T82/><D98/><U89/><E89/><V5/><F71/><W131/><G131/><T104/><D103/><U38/><E38/><V135/><F135/><W13/><G76/><T6/><D64/><U2/><E2/><V68/><F68/><W121/><G121/><T65/><D65/><U28/><E88/><V61/><F93/><W67/><G67/><T118/><D118/><U95/><E95/><V119/><F119/><W120/><G120/><T126/><D126/><U77/><E97/><V30/><F30/><W127/><G127/><T56/><D56/><U99/><E99/><V113/><F113/><W15/><G102/><T70/><D70/><U3/><E3/><V73/><F73/><W4/><G107/><T122/><D122/><U58/><E72/><V19/><F5/><W100/><G100/><T37/><AGARI ba="1,1" hai="6,8,14,37,43,47,62,63,82,87,90,96,101,104" machi="37" ten="20,1500,0" yaku="0,1,7,1" doraHai="35" who="0" fromWho="0" sc="138,28,304,-5,448,-5,100,-8" owari="166,-23.0,299,10.0,443,54.0,92,-41.0" /></mjloggm>