<mjloggm ver="2.3"><GO type="169" lobby="0"/><UN n0="%E9%9B%80%E8%8D%98%E4%B8%AD%E5%B7%9D" n1="%74%6F%6B%6F%31%30%30%35" n2="%E3%81%A4%E3%82%89%E3%81%84%E3%80%82" n3="%6B%69%6D%38" dan="17,16,16,18" rate="2210.03,2052.13,2088.85,2238.17" sx="M,M,M,M"/><TAIKYOKU oya="0"/><INIT seed="0,0,0,1,3,42" ten="250,250,250,250" oya="0" hai0="65,17,64,32,111,102,57,27,54,69,86,10,26" hai1="29,76,14,38,113,77,112,80,49,87,73,121,36" hai2="131,92,56,135,12,97,96,50,30,134,114,20,0" hai3="47,101,103,98,79,107,71,6,124,93,15,66,75"/><T34/><D102/><U125/><E121/><V24/><F0/><W82/><G66/><T118/><D118/><U51/><E125/><V7/><F114/><N who="1" m="44137" /><E29/><V109/><F109/><W91/><G71/><T52/><D69/><U58/><E14/><V18/><F7/><W88/><G124/><T126/><D126/><U40/><E58/><V8/><F131/><W4/><G91/><T100/><D100/><U19/><E19/><V117/><F117/><W48/><G15/><T44/><D17/><U37/><E40/><V74/><F74/><W130/><G103/><T45/><D57/><U90/><E73/><V53/><REACH who="2" step="1"/><F92/><REACH who="2" ten="250,250,240,250" step="2"/><W116/><G130/><T104/><D111/><U108/><E108/><V21/><F21/><W70/><G116/><T41/><D104/><U5/><E5/><V78/><F78/><AGARI ba="0,1" hai="36,37,38,49,51,76,77,78,80,87,90" m="44137" machi="78" ten="40,1300,0" yaku="11,1" doraHai="42" who="1" fromWho="2" sc="250,0,250,23,240,-13,250,0" /><INIT seed="1,0,0,1,1,101" ten="250,273,227,250" oya="1" hai0="8,16,41,93,11,21,58,82,91,63,1,55,106" hai1="64,68,5,127,85,48,103,29,44,74,45,36,75" hai2="114,122,0,61,124,105,17,35,125,81,73,117,72" hai3="19,25,102,40,94,9,52,3,26,32,49,90,84"/><U42/><E127/><N who="2" m="48715" /><F117/><W108/><G108/><T43/><D106/><U116/><E116/><V135/><F35/><W12/><G32/><T18/><D82/><U23/><E5/><V79/><F0/><W98/><G40/><T133/><D133/><U110/><E110/><V95/><F122/><W30/><G30/><T70/><D70/><U134/><E134/><V111/><F111/><W132/><G3/><T34/><D34/><U100/><E85/><V123/><F123/><W27/><G132/><T83/><D83/><U24/><E68/><V96/><F114/><W129/><G129/><T80/><D80/><U128/><E64/><V126/><F135/><W65/><G65/><T66/><D66/><U56/><E56/><V78/><F61/><W7/><G7/><T59/><D58/><U28/><E29/><V47/><F105/><W54/><REACH who="3" step="1"/><G49/><REACH who="3" ten="250,273,227,240" step="2"/><T118/><D1/><U31/><E28/><V69/><F126/><W86/><G86/><T130/><D130/><U120/><E128/><V113/><F113/><W46/><G46/><T57/><D118/><U76/><E120/><V119/><F119/><W4/><G4/><T51/><D43/><U92/><E74/><N who="2" m="43223" /><F47/><W15/><G15/><N who="0" m="9375" /><D18/><U38/><E45/><V14/><F73/><W121/><G121/><T131/><D131/><U67/><E44/><V13/><F72/><W109/><G109/><T88/><D41/><U97/><E42/><V39/><F13/><W104/><AGARI ba="0,1" hai="9,12,19,25,26,27,52,54,84,90,94,98,102,104" machi="104" ten="30,8000,1" yaku="1,1,0,1,52,1,54,1,53,1" doraHai="101" doraHaiUra="89" who="3" fromWho="3" sc="250,-20,273,-40,227,-20,240,90" /><INIT seed="2,0,0,0,0,120" ten="230,233,207,330" oya="2" hai0="47,97,109,17,58,15,33,11,93,130,22,124,53" hai1="125,94,80,87,9,99,46,54,34,52,81,41,85" hai2="74,72,6,62,117,35,55,107,20,116,48,102,10" hai3="84,90,129,57,126,30,70,66,51,45,113,31,65"/><V63/><F35/><W60/><G126/><T77/><D33/><U18/><E34/><V88/><F107/><W29/><G129/><T121/><D121/><U7/><E18/><V42/><F102/><W19/><G113/><T91/><D124/><U108/><E108/><V0/><F74/><W86/><G66/><T24/><D130/><U16/><E125/><V133/><F72/><W50/><G70/><T12/><D109/><U23/><E7/><V114/><F114/><W59/><G59/><T78/><D47/><U118/><E9/><V119/><F133/><W131/><G51/><T96/><D97/><U44/><E118/><V69/><F42/><W134/><G134/><T21/><D21/><U135/><E135/><V112/><F112/><W67/><G67/><T89/><D91/><N who="1" m="55775" /><E85/><V14/><F69/><W75/><G75/><T127/><D15/><N who="1" m="9631" /><E80/><V39/><F39/><W98/><G19/><T76/><D127/><U38/><E38/><V73/><F73/><W36/><G36/><T25/><REACH who="0" step="1"/><D11/><REACH who="0" ten="220,233,207,330" step="2"/><U43/><E46/><N who="2" m="28055" /><F20/><W5/><G131/><T64/><D64/><U122/><E122/><V37/><F14/><W56/><G45/><T49/><AGARI ba="0,1" hai="12,17,22,24,25,49,53,58,76,77,78,89,93,96" machi="49" ten="30,4000,0" yaku="1,1,0,1,8,1,53,0" doraHai="120" doraHaiUra="103" who="0" fromWho="0" sc="220,50,233,-10,207,-20,330,-10" /><INIT seed="3,0,0,2,3,84" ten="270,223,187,320" oya="3" hai0="123,8,118,4,72,53,135,15,126,54,24,27,45" hai1="59,73,61,116,106,58,104,85,74,98,62,88,12" hai2="14,28,5,66,117,125,37,114,131,0,129,57,11" hai3="16,90,97,108,96,105,26,95,120,48,1,10,83"/><W32/><G120/><T132/><D118/><U65/><E116/><V113/><F37/><W49/><G108/><T110/><D72/><U70/><E12/><V128/><F117/><W20/><G32/><T18/><D123/><U130/><E130/><V46/><F46/><W75/><G105/><T22/><D110/><U101/><E106/><V124/><F57/><W36/><G36/><T103/><D126/><N who="2" m="48746" /><F66/><W87/><G75/><T82/><D103/><U94/><REACH who="1" step="1"/><E70/><REACH who="1" ten="270,213,187,320" step="2"/><V44/><F44/><W109/><G109/><T51/><D135/><U67/><AGARI ba="0,1" hai="58,59,61,62,65,67,73,74,85,88,94,98,101,104" machi="67" ten="20,16000,3" yaku="1,1,2,1,0,1,7,1,9,1,52,1,54,1,53,1" doraHai="84" doraHaiUra="102" who="1" fromWho="1" sc="270,-40,213,170,187,-40,320,-80" /><INIT seed="4,0,0,2,3,61" ten="230,383,147,240" oya="0" hai0="31,26,114,53,101,75,107,45,134,111,130,97,27" hai1="98,35,72,131,105,76,7,62,94,48,102,0,2" hai2="71,89,16,20,126,17,10,25,38,121,91,18,104" hai3="22,24,117,86,93,14,84,28,106,54,52,96,64"/><T1/><D114/><U95/><E35/><V43/><F121/><W40/><G117/><T9/><D75/><U60/><E131/><V69/><F104/><W67/><G106/><T116/><D116/><U83/><E48/><V19/><F126/><W103/><G40/><T113/><D113/><U36/><E36/><V99/><F10/><W132/><G132/><T46/><D130/><U30/><E30/><V79/><F79/><W8/><G84/><T125/><D125/><U100/><E94/><V123/><F123/><W66/><G86/><T88/><D134/><U21/><E21/><V90/><REACH who="2" step="1"/><F99/><REACH who="2" ten="230,383,137,240" step="2"/><W12/><G12/><T58/><D9/><U108/><E98/><V70/><F70/><W73/><G73/><T57/><D1/><U50/><E0/><V23/><F23/><W13/><G14/><T33/><D111/><U78/><E2/><V65/><F65/><W63/><G63/><T37/><D107/><U115/><E60/><V80/><F80/><W47/><G47/><AGARI ba="0,1" hai="16,17,18,19,20,25,38,43,47,69,71,89,90,91" machi="47" ten="40,5200,0" yaku="1,1,54,1,53,1" doraHai="61" doraHaiUra="68" who="2" fromWho="3" sc="230,0,383,0,137,62,240,-52" /><INIT seed="5,0,0,0,5,25" ten="230,383,199,188" oya="1" hai0="49,47,13,31,97,90,9,130,135,5,10,84,28" hai1="77,89,39,11,21,73,57,55,101,98,75,33,7" hai2="80,37,20,65,106,43,76,120,59,132,117,133,72" hai3="60,45,34,56,116,71,100,8,19,41,24,68,131"/><U105/><E33/><V122/><F106/><W3/><G131/><T82/><D130/><U114/><E39/><V86/><F117/><W88/><G116/><T36/><D135/><N who="2" m="51786" /><F37/><W67/><G100/><T121/><D36/><U51/><E114/><V38/><F38/><W17/><G41/><T58/><D121/><U113/><E113/><V62/><F43/><W85/><G45/><T42/><D97/><U102/><E77/><V94/><F20/><W81/><G3/><T110/><D110/><U129/><E102/><V53/><F53/><W78/><G78/><T32/><D32/><U125/><E125/><V18/><F18/><W12/><REACH who="3" step="1"/><G19/><REACH who="3" ten="230,383,199,178" step="2"/><T118/><D118/><U119/><E101/><V54/><F65/><W99/><G99/><T1/><D58/><U27/><E57/><V44/><F44/><W46/><G46/><T93/><REACH who="0" step="1"/><D82/><REACH who="0" ten="220,383,199,178" step="2"/><U64/><E98/><V103/><F103/><W128/><G128/><T123/><D123/><U134/><E129/><V0/><F0/><W107/><G107/><T70/><D70/><U26/><E105/><V50/><F122/><W96/><G96/><T40/><D40/><U29/><E119/><V15/><F120/><W127/><G127/><T111/><D111/><U30/><E134/><V109/><F109/><W91/><G91/><T74/><D74/><U2/><E89/><V69/><F72/><W108/><G108/><T79/><D79/><U95/><E73/><V23/><F69/><W124/><G124/><T112/><D112/><U52/><E75/><V14/><F76/><W66/><G66/><T63/><D63/><RYUUKYOKU ba="0,2" sc="220,15,383,-15,199,-15,178,15" hai0="1,5,9,10,13,28,31,42,47,49,84,90,93" hai3="8,12,17,24,34,56,60,67,68,71,81,85,88" /><INIT seed="6,1,2,3,3,70" ten="235,368,184,193" oya="2" hai0="126,106,74,27,83,100,104,108,66,62,9,133,94" hai1="41,50,30,111,26,36,118,110,18,8,123,54,10" hai2="79,72,69,81,115,131,57,67,51,102,22,103,5" hai3="19,86,122,2,61,107,12,117,87,124,53,17,85"/><V34/><F34/><W113/><G117/><T109/><D9/><U1/><E118/><V13/><F115/><W58/><G122/><T32/><D94/><U33/><E123/><V23/><F69/><W56/><G2/><T93/><D93/><U68/><E68/><V6/><F131/><W78/><G107/><T4/><D4/><U39/><E10/><V77/><F77/><W0/><G0/><T130/><D106/><U35/><E35/><V134/><F134/><W121/><G121/><T37/><D37/><U44/><E36/><V29/><F29/><W91/><G124/><T96/><D126/><U89/><E89/><V119/><F119/><W45/><G113/><T132/><D130/><U59/><REACH who="1" step="1"/><E18/><REACH who="1" ten="235,358,184,193" step="2"/><V135/><F135/><W128/><G19/><T38/><D38/><U31/><E31/><V43/><F23/><W97/><G128/><T60/><D133/><U28/><E28/><V73/><F22/><W48/><G91/><T95/><D132/><U55/><E55/><V88/><F88/><W65/><G78/><N who="0" m="44503" /><D32/><U101/><E101/><V16/><F103/><W98/><REACH who="3" step="1"/><G58/><REACH who="3" ten="235,358,184,183" step="2"/><T127/><D127/><U25/><E25/><V80/><F102/><W90/><G90/><T21/><D27/><U92/><E92/><V114/><F114/><W75/><G75/><T84/><D95/><U129/><E129/><V125/><F125/><W3/><G3/><T63/><D104/><U82/><E82/><V20/><F80/><W49/><G49/><T46/><D100/><U24/><E24/><V52/><F73/><W15/><G15/><T40/><D96/><RYUUKYOKU ba="1,4" sc="235,-15,358,15,184,-15,183,15" hai1="1,8,26,30,33,39,41,44,50,54,59,110,111" hai3="12,17,45,48,53,56,61,65,85,86,87,97,98" /><INIT seed="7,2,4,3,4,57" ten="220,373,169,198" oya="3" hai0="134,111,85,21,112,116,20,89,34,31,66,3,97" hai1="48,84,88,49,102,27,11,62,41,118,133,69,24" hai2="80,13,63,101,15,106,43,9,87,120,82,14,72" hai3="58,78,60,83,36,23,105,100,6,71,59,125,37"/><W103/><G125/><T86/><D111/><U30/><E133/><V93/><F120/><W50/><G71/><T52/><D116/><U123/><E123/><V94/><F43/><W32/><G32/><T17/><D3/><U129/><E102/><V110/><F110/><W108/><G108/><T113/><D66/><U130/><E11/><V127/><F72/><W56/><G6/><T124/><D124/><U26/><E30/><V1/><F127/><W44/><G105/><T73/><D73/><U61/><E118/><V42/><F42/><N who="3" m="24855" /><G37/><T121/><D34/><U55/><E41/><V16/><F1/><W5/><G36/><T25/><D134/><U107/><E107/><V39/><F39/><W46/><G46/><T81/><D121/><U135/><E69/><V2/><F2/><W104/><G104/><T53/><D97/><U98/><E98/><N who="2" m="59607" /><F106/><W29/><G5/><T115/><D86/><U45/><E48/><V91/><F63/><W12/><G60/><T64/><D64/><U126/><E126/><V77/><F77/><W74/><G29/><T54/><D54/><U132/><E135/><V0/><F0/><W4/><G4/><T28/><D31/><U128/><E132/><V67/><F67/><W10/><G10/><T47/><D47/><U8/><E8/><V75/><F75/><W51/><G51/><T92/><D53/><U35/><E35/><V90/><F82/><AGARI ba="2,4" hai="24,26,27,45,49,55,61,62,82,84,88,128,129,130" machi="82" ten="50,8000,1" yaku="19,1,52,2,54,1" doraHai="57" who="1" fromWho="2" sc="220,0,373,126,169,-86,198,0" owari="220,2.0,499,60.0,83,-42.0,198,-20.0" /></mjloggm>