<mjloggm ver="2.3"><GO type="225" lobby="0"/><UN n0="%E8%A3%81%E3%81%8D%E3%81%AE%E9%BE%8D" n1="%E9%AE%92%E3%81%AE%E8%83%83%E8%A2%8B" n2="%E3%83%B4%E3%83%A0%EF%BC%99%E3%81%A6" n3="%E3%83%AD%E3%83%9C%E3%82%B3%E3%83%97" dan="16,17,17,16" rate="2061.75,2196.64,2183.88,2127.87" sx="F,M,M,M"/><TAIKYOKU oya="0"/><INIT seed="0,0,0,0,5,4" ten="250,250,250,250" oya="0" hai0="26,46,127,19,74,67,125,8,57,72,133,34,73" hai1="11,51,134,14,63,79,16,53,99,90,37,33,28" hai2="5,82,27,84,64,105,135,31,86,60,114,85,38" hai3="95,120,121,80,20,45,93,130,78,58,49,68,102"/><T61/><BYE who="1" /><D133/><U2/><E2/><V54/><F135/><W132/><G68/><T23/><D34/><U111/><E111/><V9/><F114/><W116/><G132/><T35/><D35/><U122/><E122/><N who="3" m="47210" /><G116/><T36/><REACH who="0" step="1"/><D8/><REACH who="0" ten="240,250,250,250" step="2"/><U25/><E25/><V118/><F27/><W109/><G109/><T77/><D77/><U0/><E0/><V112/><F9/><W83/><G78/><T89/><D89/><U22/><E22/><V29/><F118/><W43/><G20/><T81/><D81/><U119/><E119/><V6/><F82/><W87/><G83/><T75/><N who="0" m="18944" /><DORA hai="94" /><T96/><D96/><U76/><E76/><V65/><F112/><W13/><G80/><UN n1="%E9%AE%92%E3%81%AE%E8%83%83%E8%A2%8B" /><T123/><D123/><U42/><E134/><V66/><F31/><W50/><G102/><T113/><D113/><U62/><E79/><V17/><F29/><W69/><G87/><T47/><D47/><U7/><E33/><V100/><F84/><W18/><G45/><T126/><D126/><U104/><E99/><V24/><F85/><W70/><G130/><T21/><D21/><U128/><E128/><V3/><F86/><W103/><G103/><T10/><D10/><U30/><E11/><V106/><F100/><W56/><G95/><T55/><D55/><U52/><E52/><V115/><F54/><W40/><G93/><T117/><D117/><U107/><E53/><V129/><F115/><W41/><G41/><AGARI ba="0,1" hai="19,23,26,36,41,46,57,61,67,125,127" m="18944" machi="41" ten="70,6800,0" yaku="1,1,53,1" doraHai="4,94" doraHaiUra="110,71" who="0" fromWho="3" sc="240,78,250,0,250,0,250,-68" /><BYE who="1" /><UN n1="%E9%AE%92%E3%81%AE%E8%83%83%E8%A2%8B" /><INIT seed="0,1,0,5,0,66" ten="318,250,250,182" oya="0" hai0="4,109,7,92,47,28,134,41,12,39,81,10,23" hai1="100,35,67,135,61,96,123,1,56,45,74,80,2" hai2="124,105,85,8,9,120,126,82,119,113,14,51,98" hai3="49,71,38,84,78,3,54,106,53,97,36,132,72"/><T101/><D134/><U104/><E123/><V16/><F120/><W5/><G72/><T68/><D109/><U128/><E135/><V58/><F113/><W29/><G132/><T69/><D81/><U13/><E128/><V27/><F119/><W62/><G29/><T22/><D7/><U33/><E13/><V59/><F27/><W129/><G129/><T122/><D122/><U26/><E45/><V108/><F108/><W19/><G3/><N who="1" m="1034" /><E56/><V17/><F17/><W103/><G5/><T107/><D107/><U21/><E21/><V18/><F18/><W11/><G11/><T30/><D23/><U37/><E26/><V75/><F75/><W77/><G19/><T87/><D22/><U115/><E37/><V70/><F8/><W133/><G133/><T60/><D60/><U31/><E31/><V125/><F51/><W112/><G112/><T63/><D63/><U44/><E44/><V65/><F98/><W130/><G130/><T42/><D42/><U99/><E99/><V15/><F15/><W116/><G116/><T25/><D30/><U118/><E118/><V55/><F55/><W73/><G73/><T40/><D40/><U83/><E115/><V48/><F48/><W52/><G49/><T94/><D25/><U0/><N who="1" m="1042" /><U91/><DORA hai="89" /><E91/><N who="2" m="51639" /><F105/><W110/><G110/><T64/><D28/><U117/><E117/><V121/><F121/><W111/><G111/><T76/><D39/><N who="3" m="14889" /><G84/><T6/><D87/><U57/><E74/><V20/><F9/><W50/><G50/><T86/><D10/><U88/><E80/><V131/><F131/><RYUUKYOKU ba="1,0" sc="318,-30,250,10,250,10,182,10" hai1="33,35,57,61,67,83,88,96,100,104" hai2="14,16,20,58,59,65,70,124,125,126" hai3="52,53,54,62,71,77,78,97,103,106" /><INIT seed="1,2,0,2,0,104" ten="288,260,260,192" oya="1" hai0="44,35,52,22,12,28,29,27,34,133,76,115,61" hai1="79,51,88,17,91,41,67,84,90,2,80,70,107" hai2="135,42,36,81,11,43,106,20,65,111,83,8,5" hai3="82,33,26,24,30,120,62,60,0,110,58,63,56"/><U55/><E107/><V95/><F106/><W69/><G120/><T9/><D115/><U57/><E2/><V6/><F111/><W47/><G110/><T93/><D133/><U89/><E41/><V45/><F135/><W21/><G69/><T105/><D105/><U109/><E109/><V128/><F128/><W73/><G0/><T103/><D76/><U114/><E114/><V100/><F65/><W129/><G129/><T116/><D116/><U112/><E112/><V134/><F134/><W123/><G123/><T16/><D35/><U101/><E101/><V131/><F131/><W72/><G47/><T4/><D34/><U38/><E38/><V32/><F32/><W118/><G118/><T117/><D117/><U77/><REACH who="1" step="1"/><E17/><REACH who="1" ten="288,250,260,192" step="2"/><V87/><F42/><W18/><REACH who="3" step="1"/><G82/><REACH who="3" ten="288,250,260,182" step="2"/><T92/><D103/><U68/><E68/><V37/><F81/><W71/><G71/><T46/><D93/><U31/><E31/><V75/><F95/><W3/><G3/><T48/><D92/><U119/><E119/><V98/><F83/><W19/><G19/><T94/><D94/><U64/><E64/><V122/><F100/><W124/><G124/><T53/><D29/><U127/><E127/><V40/><F122/><W96/><G96/><T15/><D28/><U125/><E125/><V126/><F98/><W13/><G13/><T14/><D15/><U130/><E130/><V10/><F126/><W54/><G54/><T86/><D14/><U59/><E59/><AGARI ba="2,2" hai="18,21,24,26,30,33,56,58,59,60,62,63,72,73" machi="59" ten="40,5200,0" yaku="1,1,52,2,53,0" doraHai="104" doraHaiUra="1" who="3" fromWho="1" sc="288,0,250,-58,260,0,182,78" /><INIT seed="2,0,0,4,2,62" ten="288,192,260,260" oya="2" hai0="65,88,97,13,38,99,44,96,4,30,59,72,45" hai1="74,32,126,111,24,90,98,14,105,107,6,117,122" hai2="71,86,129,68,123,12,51,2,109,11,63,8,77" hai3="66,91,131,57,26,67,39,36,116,134,52,1,53"/><V132/><F123/><W58/><G116/><T81/><D30/><U125/><E74/><V5/><F132/><W127/><G1/><T80/><D72/><U76/><E76/><V7/><F129/><W108/><G134/><T40/><D45/><U29/><E117/><V110/><F51/><W106/><G106/><T75/><D75/><U85/><E111/><N who="2" m="42507" /><F63/><W103/><G108/><T21/><D59/><U124/><E122/><V115/><F115/><W87/><G103/><T101/><D101/><U73/><E73/><V28/><F28/><W18/><G131/><T31/><D31/><U70/><E70/><V94/><F94/><W23/><G127/><T133/><D133/><U16/><E6/><V95/><F95/><N who="3" m="54783" /><G39/><T79/><D4/><U27/><E27/><V37/><F37/><W42/><G36/><T43/><D43/><U49/><E98/><V0/><F2/><W55/><G42/><T78/><D99/><U60/><E49/><V119/><F119/><W41/><G41/><T50/><D97/><U121/><E60/><V69/><F69/><W130/><G130/><T113/><D38/><U128/><E121/><V33/><F33/><W35/><G35/><T61/><D61/><U114/><E128/><V118/><F118/><W25/><G25/><T10/><D96/><U34/><E34/><V47/><F47/><W19/><G19/><T93/><D44/><U22/><REACH who="1" step="1"/><E114/><REACH who="1" ten="288,182,260,260" step="2"/><V89/><F77/><W46/><G46/><T104/><D113/><U100/><E100/><V84/><F89/><W48/><G48/><T9/><D50/><U92/><AGARI ba="0,1" hai="14,16,22,24,29,32,85,90,92,105,107,124,125,126" machi="92" ten="30,8000,1" yaku="1,1,5,1,0,1,18,1,54,1,53,0" doraHai="62" doraHaiUra="112" who="1" fromWho="1" sc="288,-20,182,90,260,-40,260,-20" /><INIT seed="3,0,0,0,2,12" ten="268,272,220,240" oya="3" hai0="62,89,8,54,43,22,84,92,63,52,91,125,20" hai1="105,124,78,122,121,59,81,131,58,13,24,4,118" hai2="55,76,102,37,34,103,49,108,41,75,68,33,35" hai3="123,38,119,129,28,45,6,107,60,69,40,73,14"/><W31/><G123/><T10/><D125/><U36/><E105/><V104/><F68/><W61/><G119/><T29/><D43/><U23/><E36/><V126/><F126/><W15/><G129/><T97/><D63/><U110/><E124/><V77/><F108/><W96/><G73/><T65/><D65/><U132/><E110/><V50/><F37/><W26/><G6/><T5/><D29/><U88/><E131/><V71/><F71/><W64/><G61/><T67/><D67/><U11/><E132/><V87/><F75/><W46/><G46/><T2/><D10/><U27/><E118/><V111/><F111/><W134/><G31/><T30/><D30/><U116/><E116/><V80/><F77/><W25/><G134/><T16/><D62/><U9/><E9/><V94/><F104/><W135/><G26/><T82/><D22/><U115/><E27/><AGARI ba="0,0" hai="2,5,8,16,20,27,52,54,82,84,89,91,92,97" machi="27" ten="30,7700,0" yaku="7,1,52,1,54,2" doraHai="12" who="0" fromWho="1" sc="268,77,272,-77,220,0,240,0" owari="345,44.0,195,-30.0,220,-18.0,240,4.0" /></mjloggm>