<mjloggm ver="2.3"><GO type="185" lobby="0"/><UN n0="%E3%83%84%E3%83%BC%E3%82%A2%E3%82%A6%E3%83%88" n1="%E3%83%AA%E3%82%B3%E3%83%BB%E3%83%90%E3%83%B3%E3%83%87%E3%83%A9%E3%82%B9" n2="%E6%A2%B6%E9%9A%86%E8%87%A3" n3="" dan="16,16,17,0" rate="2136.01,2199.86,2269.71,1500.00" sx="M,M,M,C"/><TAIKYOKU oya="0"/><INIT seed="0,0,0,5,1,75" ten="350,350,350,0" oya="0" hai0="80,63,87,1,105,49,77,114,41,82,104,123,0" hai1="115,60,113,102,52,3,103,101,128,132,66,51,117" hai2="110,45,44,125,34,65,54,89,37,35,119,47,61" hai3=""/><T83/><N who="0" m="31520" /><T127/><D114/><N who="1" m="43531" /><E117/><V67/><F119/><T129/><D127/><U106/><E3/><V57/><F37/><T131/><D63/><U133/><E106/><N who="0" m="41065" /><D49/><U88/><E88/><V43/><F43/><T98/><D41/><U99/><E99/><V90/><F110/><T68/><D68/><U78/><E78/><V2/><F2/><N who="0" m="1130" /><D98/><U108/><E108/><V100/><F125/><T94/><D94/><U86/><E86/><V109/><F109/><T121/><N who="0" m="31008" /><T59/><D59/><U38/><E38/><V69/><F69/><T124/><D124/><U92/><E92/><V112/><F112/><T36/><D36/><U70/><E51/><V50/><F50/><T40/><D40/><U96/><E96/><V71/><F34/><T46/><D46/><U32/><E32/><V130/><F44/><T85/><D77/><U48/><E48/><V74/><F45/><T84/><AGARI ba="0,0" hai="80,82,83,84,85,87,129,131" m="31008,1130,41065,31520" machi="84" ten="40,8000,1" yaku="28,2,52,2" doraHai="75" who="0" fromWho="0" sc="350,80,350,-40,350,-40,0,0" /><INIT seed="0,1,0,1,2,120" ten="430,310,310,0" oya="0" hai0="130,1,2,59,117,50,93,58,76,71,86,118,75" hai1="128,97,101,135,96,98,94,74,49,34,89,85,105" hai2="51,104,113,68,33,62,112,82,48,64,65,84,40" hai3=""/><T124/><D71/><U129/><E34/><V122/><N who="2" m="31264" /><V111/><F33/><T115/><D115/><U42/><E74/><V92/><F104/><T114/><D114/><U123/><N who="1" m="31520" /><U63/><E63/><V78/><F112/><T90/><D124/><U88/><E135/><V52/><F113/><T121/><N who="0" m="31008" /><T56/><D130/><N who="1" m="50283" /><E42/><V79/><F65/><T109/><D109/><U54/><E89/><V3/><F3/><T126/><D126/><U77/><E77/><V45/><F92/><T106/><D106/><U81/><E105/><V119/><F119/><T127/><D127/><U107/><E107/><V32/><F32/><T66/><D66/><U43/><E43/><V57/><REACH who="2" step="1"/><F79/><REACH who="2" ten="430,310,300,0" step="2"/><T102/><D118/><U38/><E38/><V46/><F46/><AGARI ba="1,1" hai="46,49,54,81,85,88,94,96,97,98,101" m="50283,31520" machi="46" ten="30,3900,0" yaku="19,1,52,1,54,1" doraHai="120" who="1" fromWho="2" sc="430,0,310,51,300,-41,0,0" /><INIT seed="1,0,0,1,3,40" ten="430,361,259,0" oya="1" hai0="107,97,1,3,115,106,56,83,89,66,125,134,50" hai1="113,60,117,71,90,128,122,87,35,78,108,98,105" hai2="45,74,48,116,69,99,95,73,49,100,70,41,92" hai3=""/><U85/><N who="1" m="31264" /><U68/><E35/><V110/><F110/><T86/><D115/><U2/><E117/><V111/><F111/><T109/><D125/><U55/><E108/><V81/><F116/><T65/><D109/><U82/><E113/><V126/><F126/><T123/><N who="0" m="31520" /><T88/><D134/><U77/><E2/><V52/><F92/><T132/><D132/><U61/><E128/><V91/><F91/><T38/><D38/><U114/><E114/><V34/><F34/><T33/><D33/><U47/><E61/><V127/><F127/><T54/><D107/><U124/><E124/><V93/><F95/><T80/><D106/><U51/><E60/><V36/><F36/><T135/><D135/><U129/><E129/><V96/><F96/><T44/><D3/><U63/><E63/><V58/><REACH who="2" step="1"/><F81/><REACH who="2" ten="430,361,249,0" step="2"/><T59/><D1/><U72/><E105/><V120/><N who="2" m="30752" /><V131/><F131/><T118/><D118/><U119/><E119/><V112/><F112/><T39/><D39/><U62/><E98/><V104/><F104/><T76/><D97/><U101/><E90/><N who="0" m="34921" /><D83/><U130/><E130/><V57/><F57/><AGARI ba="0,1" hai="44,50,54,56,57,59,65,66,76,80,86" m="34921,31520" machi="57" ten="30,7700,0" yaku="8,1,52,2,54,1" doraHai="40" who="0" fromWho="2" sc="430,87,361,0,249,-77,0,0" /><INIT seed="2,0,0,4,4,78" ten="517,361,172,0" oya="2" hai0="96,87,68,94,83,56,42,0,111,53,116,55,118" hai1="127,47,70,115,32,88,34,91,133,99,108,35,43" hai2="119,75,58,73,62,45,121,39,86,3,2,92,50" hai3=""/><V1/><N who="2" m="31008" /><V44/><F119/><T122/><N who="0" m="31264" /><T49/><D68/><U36/><E115/><V85/><F39/><T106/><D106/><U132/><E108/><V104/><F104/><T48/><D42/><U120/><N who="1" m="30752" /><U71/><E127/><V60/><F92/><T65/><D65/><U37/><E37/><V109/><F109/><T93/><D111/><U134/><E99/><V103/><F103/><T46/><D94/><U131/><E131/><V82/><F58/><T51/><D51/><U117/><E117/><V126/><F126/><T105/><D105/><U41/><E43/><V57/><F57/><T69/><D69/><AGARI ba="0,0" hai="32,34,35,36,41,47,69,70,71,88,91,132,133,134" m="30752" machi="69" ten="50,6400,0" yaku="20,1,52,1,54,1" doraHai="78" who="1" fromWho="0" sc="517,-64,361,64,172,0,0,0" /><INIT seed="4,0,0,5,4,95" ten="453,425,172,0" oya="0" hai0="43,113,129,93,38,75,64,71,59,128,125,81,132" hai1="62,47,35,131,73,94,78,79,61,126,56,51,68" hai2="80,109,88,120,76,52,134,36,101,84,123,45,40" hai3=""/><T115/><D125/><U130/><E35/><V34/><N who="2" m="30752" /><V57/><N who="2" m="31520" /><V89/><F34/><T39/><D93/><U83/><E126/><V108/><F134/><T69/><D81/><U37/><E37/><N who="0" m="13833" /><D75/><U54/><E79/><V70/><F70/><N who="0" m="26634" /><D43/><U111/><E94/><V96/><F89/><T72/><D72/><U46/><E83/><V99/><F76/><T110/><D132/><U50/><E73/><V87/><F87/><T48/><D110/><U60/><E78/><V103/><F103/><T124/><D124/><U122/><N who="1" m="31264" /><U41/><E68/><V0/><F0/><T3/><D3/><U127/><E127/><V1/><F1/><T2/><D2/><U82/><E82/><V117/><F117/><T67/><D48/><U58/><E111/><V119/><F119/><T106/><D106/><U102/><E102/><V55/><F99/><T116/><D116/><U107/><E107/><V53/><F108/><T77/><D77/><U121/><N who="1" m="31008" /><U74/><E74/><V91/><F109/><T112/><D59/><AGARI ba="0,0" hai="41,46,47,50,51,54,56,58,59,60,61,62,130,131" m="31008,31264" machi="59" ten="40,8000,1" yaku="34,3,52,2" doraHai="95" who="1" fromWho="0" sc="453,-80,425,80,172,0,0,0" /><INIT seed="5,0,0,0,1,122" ten="373,505,172,0" oya="1" hai0="116,103,120,101,55,92,64,115,39,36,125,60,83" hai1="77,132,75,135,94,78,88,37,74,107,58,44,97" hai2="96,50,106,68,53,79,35,130,80,81,121,38,113" hai3=""/><U54/><E107/><V85/><N who="2" m="31008" /><V86/><F35/><T99/><N who="0" m="30752" /><T63/><D116/><U52/><E78/><V134/><F130/><T43/><D115/><U129/><E129/><V118/><F118/><T127/><D43/><U48/><E37/><V114/><F38/><T72/><D39/><U2/><E2/><V34/><F68/><T89/><D36/><U110/><E110/><V95/><F106/><T111/><D111/><U84/><E84/><V117/><F134/><N who="1" m="51241" /><E77/><V62/><F62/><AGARI ba="0,0" hai="44,48,52,54,58,62,74,75,88,94,97" m="51241" machi="62" ten="30,5800,0" yaku="20,1,54,2" doraHai="122" who="1" fromWho="2" sc="373,0,505,58,172,-58,0,0" /><INIT seed="5,1,0,1,1,82" ten="373,563,114,0" oya="1" hai0="64,70,86,40,118,134,56,127,2,34,133,41,85" hai1="66,39,126,37,38,87,0,119,93,48,128,46,89" hai2="99,107,63,92,69,58,75,59,94,100,115,72,45" hai3=""/><U60/><E119/><V80/><F69/><T88/><D2/><U125/><E128/><V55/><F115/><T71/><D34/><U116/><E116/><V57/><F63/><T62/><D118/><U108/><E108/><V33/><F33/><T81/><D127/><U109/><E109/><V78/><F75/><T98/><D98/><U97/><E97/><V32/><F32/><T129/><D129/><U42/><REACH who="1" step="1"/><E0/><REACH who="1" ten="373,553,114,0" step="2"/><V67/><F67/><T105/><D134/><U96/><E96/><V91/><F107/><T53/><D133/><U83/><E83/><V65/><F65/><T47/><D105/><U74/><E74/><V131/><F131/><T103/><D103/><U73/><E73/><V135/><F135/><T122/><N who="0" m="31264" /><T101/><D101/><U95/><E95/><V51/><F94/><T132/><D132/><U124/><E124/><V3/><F3/><T90/><D71/><AGARI ba="1,1" hai="37,38,39,42,46,48,60,66,71,87,89,93,125,126" machi="71" ten="40,3900,0" yaku="1,1,52,1,53,0" doraHai="82" doraHaiUra="104" who="1" fromWho="0" sc="373,-41,553,51,114,0,0,0" /><INIT seed="5,2,0,2,1,33" ten="332,604,114,0" oya="1" hai0="93,42,54,127,78,106,74,125,37,36,123,85,32" hai1="103,61,47,38,113,0,77,92,1,130,95,65,121" hai2="109,72,122,133,86,48,119,34,88,52,53,91,45" hai3=""/><U62/><N who="1" m="31008" /><U59/><E113/><V73/><N who="2" m="31264" /><V58/><F119/><T102/><N who="0" m="31520" /><T43/><D74/><U57/><E130/><V116/><F109/><T44/><D106/><U110/><E110/><V3/><F116/><T60/><D32/><U82/><E47/><V46/><F133/><T79/><D102/><U111/><E38/><V76/><F34/><T135/><D135/><U66/><E111/><V2/><F76/><T105/><D105/><U120/><N who="1" m="30752" /><U50/><E50/><V115/><F115/><T98/><D98/><U101/><E77/><V49/><F58/><T67/><D93/><U96/><E82/><V124/><F86/><T84/><D54/><U99/><AGARI ba="2,0" hai="0,1,57,59,61,62,65,66,92,95,96,99,101,103" m="30752,31008" machi="99" ten="30,16000,3" yaku="0,1,32,3,52,4" doraHai="33" who="1" fromWho="1" sc="332,-82,604,164,114,-82,0,0" /><INIT seed="5,3,0,3,5,43" ten="250,768,32,0" oya="1" hai0="61,55,54,62,45,118,99,121,58,41,0,66,86" hai1="100,126,65,90,35,64,129,32,74,53,106,33,132" hai2="113,111,120,36,104,80,115,77,87,105,72,34,40" hai3=""/><U93/><E132/><V71/><N who="2" m="30752" /><V48/><F111/><T97/><N who="0" m="31008" /><T83/><D0/><U89/><E129/><V116/><F116/><T95/><D118/><U109/><E109/><V68/><F34/><T67/><D97/><U103/><E106/><N who="2" m="41067" /><F48/><T135/><D135/><U124/><E74/><V2/><F2/><T59/><D95/><U46/><E93/><V75/><F87/><T112/><D99/><U123/><N who="1" m="31520" /><U107/><E107/><V122/><N who="2" m="31264" /><V117/><F75/><T69/><D112/><N who="2" m="43082" /><F117/><T131/><D131/><U101/><E35/><V37/><F40/><T108/><D108/><U76/><E33/><V60/><F60/><T47/><D41/><U125/><E32/><V110/><F110/><T81/><D86/><U63/><E126/><V134/><F134/><T57/><D57/><U79/><E125/><V42/><F37/><T38/><D69/><U3/><E124/><V70/><F71/><T128/><D128/><U102/><E3/><V133/><F133/><T114/><D114/><U130/><E130/><V78/><F77/><T56/><D56/><U52/><E79/><V44/><AGARI ba="3,0" hai="36,42,44,68,70,72,78,80" m="43082,31264,41067,30752" machi="44" ten="40,9000,2" yaku="15,1,11,1,23,1,52,3" doraHai="43" who="2" fromWho="2" sc="250,-33,768,-63,32,96,0,0" /><INIT seed="6,0,0,0,5,115" ten="217,705,128,0" oya="2" hai0="83,57,90,98,38,70,93,55,112,100,69,78,75" hai1="92,122,124,111,68,113,85,109,123,105,81,41,64" hai2="95,43,56,116,58,54,96,127,32,119,131,61,118" hai3=""/><V33/><F127/><T110/><D112/><U76/><E105/><V44/><F131/><T87/><D38/><U0/><E0/><V126/><F58/><T129/><D110/><U48/><E64/><V39/><REACH who="2" step="1"/><F126/><REACH who="2" ten="217,705,118,0" step="2"/><T53/><D129/><U108/><N who="1" m="31264" /><U36/><E124/><V99/><F99/><T102/><D70/><U84/><E113/><V128/><F128/><T77/><D69/><U125/><E68/><V101/><AGARI ba="0,1" hai="32,33,39,43,44,54,56,61,95,96,101,116,118,119" machi="101" ten="30,8000,1" yaku="1,1,0,1,52,3,53,0" doraHai="115" doraHaiUra="130" who="2" fromWho="2" sc="217,-40,705,-40,118,90,0,0" /><INIT seed="6,1,0,3,1,97" ten="177,665,208,0" oya="2" hai0="129,1,68,75,33,74,71,52,36,43,116,51,0" hai1="40,78,85,54,128,115,101,89,39,86,135,122,55" hai2="37,123,53,109,130,50,87,105,32,95,70,133,134" hai3=""/><V126/><RYUUKYOKU type="yao9" ba="1,0" sc="177,0,665,0,208,0,0,0" hai2="32,37,50,53,70,87,95,105,109,123,126,130,133,134" /><INIT seed="6,2,0,3,0,92" ten="177,665,208,0" oya="2" hai0="106,109,59,125,52,100,119,49,35,93,120,130,67" hai1="65,61,70,54,48,51,45,97,82,87,34,108,37" hai2="62,85,89,83,75,60,71,104,32,42,1,99,132" hai3=""/><V40/><F32/><T68/><N who="0" m="30752" /><T79/><D35/><U102/><E34/><V78/><F1/><T50/><D119/><U134/><E134/><V135/><F40/><T57/><D109/><U2/><E108/><V95/><F42/><T103/><D125/><U76/><E2/><V55/><F71/><T0/><D0/><U72/><E37/><V116/><F116/><T128/><D106/><U46/><E72/><V101/><REACH who="2" step="1"/><F55/><REACH who="2" ten="177,665,198,0" step="2"/><T88/><D68/><U105/><E54/><V38/><F38/><T33/><D33/><U117/><E117/><V66/><F66/><T86/><D79/><U63/><E65/><V123/><N who="2" m="31520" /><V110/><F110/><T74/><D74/><U41/><E70/><V122/><N who="2" m="31264" /><V44/><F44/><T36/><D36/><U3/><E3/><V64/><F64/><T131/><D50/><U43/><AGARI ba="2,1" hai="41,43,45,46,48,51,61,63,76,82,87,97,102,105" machi="43" ten="20,3900,0" yaku="0,1,7,1,9,1,52,1" doraHai="92" who="1" fromWho="1" sc="177,-15,665,53,198,-28,0,0" owari="162,-44.0,718,67.0,170,-23.0,0,0.0" /></mjloggm>