<mjloggm ver="2.3"><GO type="225" lobby="0"/><UN n0="%E3%81%BE%E3%82%8A%E3%81%B7%E3%81%85%E3%81%AE%E3%83%95%E3%82%A1%E3%83%B3" n1="%E5%AE%89%E8%97%A4%E3%82%AB%E3%82%B1%E3%83%AB" n2="%E3%83%AD%E3%83%9C%E3%82%B3%E3%83%97" n3="%E3%83%B4%E3%83%A0%EF%BC%99%E3%81%A6" dan="16,16,16,17" rate="2118.36,2074.32,2135.94,2179.41" sx="M,M,M,M"/><TAIKYOKU oya="0"/><INIT seed="0,0,0,1,0,12" ten="250,250,250,250" oya="0" hai0="114,47,77,57,24,92,46,115,113,58,95,104,1" hai1="100,22,97,91,75,86,42,82,83,122,53,88,61" hai2="74,108,25,106,6,123,105,125,111,50,15,52,70" hai3="16,11,120,135,118,84,80,76,48,21,71,37,99"/><T36/><D104/><U5/><E122/><V33/><F123/><W41/><G120/><T49/><D77/><U132/><E132/><V59/><F125/><W87/><G118/><T17/><D1/><U130/><E130/><V134/><F134/><W2/><G135/><T26/><D36/><U119/><E119/><V133/><F133/><W45/><G71/><T127/><D127/><U124/><E124/><V129/><F129/><W117/><G117/><T56/><D17/><U51/><E5/><V128/><F128/><W116/><G116/><T13/><D13/><U103/><E42/><V126/><F126/><W32/><G32/><T66/><D66/><U131/><E61/><V29/><F74/><N who="3" m="43031" /><G99/><T7/><D7/><U44/><E131/><V62/><F70/><W35/><G48/><T121/><D121/><U85/><E75/><V10/><REACH who="2" step="1"/><F62/><REACH who="2" ten="250,250,240,250" step="2"/><W55/><G35/><T68/><D68/><U54/><E54/><V64/><F64/><W107/><G55/><T27/><REACH who="0" step="1"/><D49/><REACH who="0" ten="240,250,240,250" step="2"/><U98/><E51/><V38/><F38/><W0/><G37/><T19/><D19/><U110/><E110/><AGARI ba="0,2" hai="6,10,15,25,29,33,50,52,59,105,106,108,110,111" machi="110" ten="40,8000,1" yaku="1,1,14,1,54,1,53,1" doraHai="12" doraHaiUra="8" who="2" fromWho="1" sc="240,0,250,-80,240,100,250,0" /><INIT seed="1,0,0,3,2,33" ten="240,170,340,250" oya="1" hai0="29,88,14,127,113,34,67,81,44,13,48,78,65" hai1="55,24,53,58,51,110,117,111,104,96,120,125,98" hai2="3,133,100,8,10,35,47,128,9,2,54,69,40" hai3="118,90,92,102,41,109,72,52,116,114,16,7,101"/><U84/><E117/><N who="3" m="45162" /><G114/><T28/><D113/><U106/><E120/><V107/><F128/><W18/><G7/><T79/><D127/><U108/><E125/><V91/><F133/><W59/><G72/><T66/><D34/><U134/><E134/><V115/><F115/><W73/><G41/><T57/><D57/><N who="1" m="32959" /><E84/><V89/><F35/><W0/><G73/><T93/><D28/><U95/><E24/><V38/><F69/><W68/><G0/><T82/><D29/><U63/><E96/><V6/><F54/><W56/><G56/><T64/><N who="0" m="16384" /><DORA hai="85" /><T39/><D39/><U17/><E17/><N who="3" m="6762" /><G109/><N who="1" m="27906" /><U20/><DORA hai="99" /><E20/><V30/><F30/><W36/><G36/><T60/><D60/><U50/><E63/><V80/><F38/><W61/><G68/><T5/><D5/><U77/><E77/><N who="0" m="29193" /><D13/><U15/><E15/><V71/><F6/><W75/><G75/><T86/><D14/><U62/><E62/><V83/><F71/><W31/><G31/><T45/><D45/><U132/><E132/><V1/><F47/><W4/><G4/><T105/><D105/><U25/><E25/><V123/><F107/><W87/><AGARI ba="0,0" hai="52,59,61,87,90,92,101,102" m="6762,45162" machi="87" ten="30,12000,2" yaku="12,1,52,3,54,2" doraHai="33,85,99" who="3" fromWho="3" sc="240,-30,170,-60,340,-30,250,120" /><INIT seed="2,0,0,2,3,64" ten="210,110,310,370" oya="2" hai0="113,124,5,13,16,112,23,1,43,98,26,81,6" hai1="42,45,70,57,63,118,44,55,87,102,31,9,66" hai2="86,12,50,32,116,20,80,132,37,115,72,120,7" hai3="61,128,2,19,133,49,17,101,48,15,103,107,73"/><V3/><F37/><W8/><G73/><T35/><D43/><U24/><E118/><V71/><F116/><W123/><G123/><T54/><D54/><U96/><E9/><V67/><F120/><W33/><G33/><T11/><D81/><U97/><E87/><V21/><F115/><N who="0" m="44106" /><D98/><U110/><E110/><V22/><F132/><W88/><G2/><T56/><D56/><U0/><E0/><V84/><F32/><W34/><G34/><T53/><D53/><U30/><E96/><V74/><F3/><W92/><G128/><T130/><D130/><U126/><E126/><V65/><F50/><N who="3" m="19563" /><G107/><T28/><D6/><U68/><E55/><V78/><F74/><W95/><G133/><T60/><D60/><U83/><E83/><V27/><F27/><W114/><G114/><T93/><D93/><N who="3" m="35913" /><G61/><T52/><D52/><U10/><E10/><V134/><F134/><W135/><G135/><T90/><D90/><U94/><E44/><V127/><F127/><AGARI ba="0,0" hai="1,5,11,13,16,23,26,28,35,124,127" m="44106" machi="127" ten="30,7700,0" yaku="24,1,34,2,54,1" doraHai="64" who="0" fromWho="2" sc="210,77,110,0,310,-77,370,0" /><INIT seed="3,0,0,2,0,22" ten="287,110,233,370" oya="3" hai0="33,110,26,67,104,114,54,44,34,133,92,4,40" hai1="49,107,39,99,50,131,115,9,63,47,46,126,71" hai2="116,5,82,11,74,23,17,69,89,117,0,80,55" hai3="20,66,135,97,113,121,48,120,123,108,60,118,75"/><W111/><G113/><T76/><D104/><U88/><E115/><V37/><F69/><W109/><G118/><T24/><D114/><U42/><E126/><V132/><F132/><W61/><G135/><T6/><D133/><U86/><E131/><V43/><F55/><W38/><G38/><T128/><D76/><U127/><E127/><V51/><F51/><W31/><G75/><T14/><D67/><U45/><E9/><V16/><F82/><W78/><G78/><T72/><D72/><U36/><E46/><V70/><F70/><W95/><G48/><N who="0" m="26631" /><D34/><U112/><E112/><V29/><F29/><W134/><G134/><T41/><D41/><U18/><E18/><V59/><F59/><W12/><G66/><T106/><D33/><U15/><E15/><V81/><F17/><N who="3" m="10279" /><G31/><T30/><D106/><U85/><E71/><V87/><F37/><W1/><G1/><T101/><D30/><U53/><E63/><V100/><F43/><W90/><AGARI ba="0,0" hai="60,61,90,95,97,108,109,111,120,121,123" m="10279" machi="90" ten="40,3900,0" yaku="14,1,10,1" doraHai="22" who="3" fromWho="3" sc="287,-13,110,-13,233,-13,370,39" owari="274,7.0,97,-40.0,220,-18.0,409,51.0" /></mjloggm>