<mjloggm ver="2.3"><GO type="185" lobby="0"/><UN n0="%E3%82%A2%E3%83%95%E3%83%AA%E3%82%AB" n1="%E5%A4%9A%E6%9E%97%E6%99%8B" n2="%E3%82%86%E3%81%8D%E3%81%86%E3%81%95%E3%81%8E%E2%98%86" n3="" dan="16,16,16,0" rate="2223.48,2198.81,2164.45,1500.00" sx="M,M,F,C"/><TAIKYOKU oya="0"/><INIT seed="0,0,0,1,3,121" ten="350,350,350,0" oya="0" hai0="66,67,118,38,63,44,55,110,109,56,79,87,64" hai1="134,115,93,34,86,48,41,65,120,76,73,131,84" hai2="95,91,116,104,68,114,57,108,127,49,101,2,61" hai3=""/><T72/><D72/><U39/><N who="1" m="30752" /><U58/><E34/><V88/><F2/><T98/><D118/><U53/><E131/><V54/><F114/><T45/><D98/><U97/><E115/><V37/><F116/><T77/><D87/><U122/><N who="1" m="31264" /><U32/><E32/><V59/><F127/><T42/><REACH who="0" step="1"/><D45/><REACH who="0" ten="340,350,350,0" step="2"/><U74/><E73/><V90/><F68/><T71/><D71/><U133/><E74/><V119/><F119/><T36/><D36/><U78/><E39/><V0/><F37/><T46/><D46/><U126/><E84/><V85/><F0/><T62/><D62/><U96/><E86/><V33/><F33/><T75/><D75/><U35/><E35/><V43/><F85/><T3/><D3/><U52/><E97/><V82/><F82/><T132/><D132/><U50/><E96/><V83/><F83/><T1/><D1/><U111/><E134/><V94/><F101/><T107/><D107/><U47/><E133/><V129/><F104/><T69/><D69/><U124/><E47/><V60/><F129/><T89/><D89/><U125/><E125/><V99/><F90/><T130/><D130/><U117/><E126/><V113/><F99/><T40/><D40/><U102/><E124/><RYUUKYOKU ba="0,1" sc="340,20,350,-10,350,-10,0,0" hai0="38,42,44,55,56,63,64,66,67,77,79,109,110" /><INIT seed="0,1,1,1,1,36" ten="360,340,340,0" oya="0" hai0="58,32,78,67,104,34,65,59,119,118,84,66,96" hai1="77,108,117,113,86,51,131,91,64,103,121,83,100" hai2="123,63,43,122,133,93,70,111,68,75,38,95,81" hai3=""/><T135/><D135/><U73/><N who="1" m="31008" /><U44/><E117/><V69/><N who="2" m="31264" /><V41/><N who="2" m="31520" /><V105/><F133/><T35/><D84/><U46/><E113/><V71/><F105/><T124/><D78/><U109/><E131/><V128/><F128/><T57/><D124/><U49/><E64/><V101/><F38/><T52/><D52/><U42/><E109/><V102/><F111/><T125/><D125/><U114/><E114/><V55/><F75/><T80/><D80/><U129/><E129/><V116/><F81/><T106/><D96/><U79/><E108/><V37/><F37/><T74/><REACH who="0" step="1"/><D74/><REACH who="0" ten="350,340,340,0" step="2"/><U107/><E77/><V60/><F116/><AGARI ba="1,2" hai="32,34,35,57,58,59,65,66,67,104,106,116,118,119" machi="116" ten="50,18000,2" yaku="1,1,2,1,29,2,28,2,53,0" doraHai="36" doraHaiUra="127" who="0" fromWho="2" sc="350,202,340,0,340,-182,0,0" /><INIT seed="0,2,0,4,1,55" ten="552,340,158,0" oya="0" hai0="0,89,132,67,131,56,40,54,62,93,41,97,61" hai1="111,105,96,44,69,124,118,85,77,98,32,58,100" hai2="126,130,88,59,102,123,65,109,70,94,35,57,37" hai3=""/><T110/><D0/><U38/><E32/><V114/><N who="2" m="31520" /><V99/><F35/><T95/><D131/><U52/><E69/><V2/><F130/><T48/><D132/><U47/><E118/><V45/><F2/><T78/><D110/><U90/><E111/><V127/><F109/><T36/><D36/><U101/><E124/><N who="2" m="47659" /><F114/><T50/><D78/><U103/><E77/><V86/><F65/><T72/><D72/><U53/><E103/><V66/><F66/><T92/><D92/><U34/><E34/><V42/><F70/><T134/><D134/><U112/><E53/><V79/><F79/><T116/><D116/><U83/><E112/><V125/><N who="2" m="47667" /><V74/><DORA hai="91" /><F74/><T129/><D129/><U133/><E38/><V104/><AGARI ba="2,0" hai="37,42,45,57,59,86,88,94,99,102,104" m="47667,31520" machi="104" ten="40,9000,2" yaku="18,1,52,4,54,1" doraHai="55,91" who="2" fromWho="2" sc="552,-62,340,-32,158,94,0,0" /><INIT seed="1,0,0,2,3,87" ten="490,308,252,0" oya="1" hai0="51,83,3,0,46,1,91,40,39,135,85,52,101" hai1="60,126,99,35,41,66,103,77,48,112,61,68,44" hai2="73,128,134,123,65,96,89,131,75,57,111,114,100" hai3=""/><U42/><E35/><V115/><N who="2" m="31520" /><V63/><F111/><T117/><D135/><U81/><E112/><N who="2" m="43051" /><F134/><T129/><D129/><N who="2" m="49738" /><F89/><T79/><D101/><U36/><E60/><V88/><F88/><T120/><N who="0" m="30752" /><T105/><D105/><AGARI ba="0,0" hai="57,63,65,73,75,96,100,105" m="49738,43051,31520" machi="105" ten="30,3900,0" yaku="11,1,19,1,52,1" doraHai="87" who="2" fromWho="0" sc="490,-39,308,0,252,39,0,0" /><INIT seed="2,0,0,0,4,104" ten="451,308,291,0" oya="2" hai0="86,71,121,77,98,56,92,120,40,103,134,50,112" hai1="80,84,76,53,95,75,63,60,101,35,122,102,70" hai2="0,97,33,114,133,39,132,41,59,44,68,90,32" hai3=""/><V43/><F0/><T47/><N who="0" m="30752" /><T74/><N who="0" m="31008" /><T83/><D71/><U3/><N who="1" m="31264" /><U38/><E3/><V58/><F114/><T89/><D112/><U51/><E35/><V55/><F68/><T45/><D45/><U91/><E38/><V85/><F97/><T115/><D115/><U130/><E130/><V46/><F55/><T113/><D113/><U124/><E124/><V119/><F119/><T66/><D134/><U131/><E131/><V96/><F96/><T125/><D125/><U62/><REACH who="1" step="1"/><E70/><REACH who="1" ten="451,298,291,0" step="2"/><V127/><F127/><T129/><D129/><U93/><E93/><V36/><F32/><T105/><D66/><U111/><E111/><V100/><F33/><T65/><D65/><U72/><E72/><V79/><F133/><T116/><D116/><U118/><E118/><V82/><F132/><T109/><D56/><AGARI ba="0,1" hai="51,53,56,60,62,63,75,76,80,84,91,95,101,102" m="31264" machi="56" ten="40,5200,0" yaku="1,1,52,2,53,0" doraHai="104" doraHaiUra="34" who="1" fromWho="0" sc="451,-52,298,62,291,0,0,0" /><INIT seed="4,0,0,1,5,44" ten="399,360,291,0" oya="0" hai0="96,34,132,45,66,3,62,79,114,119,130,54,63" hai1="2,76,72,84,60,49,124,107,89,40,38,133,97" hai2="88,122,32,51,128,91,86,41,81,98,52,50,134" hai3=""/><T64/><D119/><U56/><E2/><V43/><N who="2" m="31264" /><V87/><F32/><T37/><D34/><U101/><E38/><V1/><F1/><T111/><D3/><U48/><E133/><V59/><F134/><T57/><D132/><U53/><E124/><V61/><F128/><T100/><D130/><U115/><E115/><V104/><F104/><T78/><D111/><U68/><E68/><V83/><F98/><T93/><D114/><U85/><E84/><V80/><F80/><T69/><D37/><U125/><E40/><AGARI ba="0,0" hai="40,41,43,50,51,52,59,61,81,83,86,87,88,91" m="31264" machi="40" ten="40,12000,2" yaku="9,1,8,1,52,3,54,2" doraHai="44" who="2" fromWho="1" sc="399,0,360,-120,291,120,0,0" /><INIT seed="5,0,0,4,3,38" ten="399,240,411,0" oya="1" hai0="130,44,97,84,74,66,126,108,81,95,77,52,49" hai1="3,34,129,69,50,35,125,111,134,132,135,60,65" hai2="115,62,86,131,128,114,101,94,78,121,133,104,57" hai3=""/><U72/><E3/><V46/><N who="2" m="31008" /><V107/><F133/><N who="1" m="34049" /><U110/><DORA hai="106" /><E72/><V120/><N who="2" m="30752" /><V0/><F0/><T92/><D126/><U36/><E36/><V89/><F78/><T117/><D130/><N who="2" m="49706" /><F46/><T96/><D108/><N who="1" m="41515" /><E129/><V105/><F101/><T103/><D66/><AGARI ba="0,0" hai="57,62,66,86,89,94,104,105,107,114,115" m="49706,30752,31008" machi="66" ten="40,5200,0" yaku="19,1,52,2" doraHai="38,106" who="2" fromWho="0" sc="399,-52,240,0,411,52,0,0" /><INIT seed="6,0,0,3,2,48" ten="347,240,463,0" oya="2" hai0="79,57,110,0,69,46,77,41,123,74,101,94,33" hai1="99,115,86,125,58,85,45,89,67,84,113,68,97" hai2="117,40,122,63,55,129,59,49,83,38,1,51,133" hai3=""/><V119/><N who="2" m="31264" /><V34/><F1/><T127/><N who="0" m="31520" /><T108/><D69/><U107/><E125/><V109/><F83/><T35/><D0/><U121/><N who="1" m="31008" /><U50/><E68/><V104/><F104/><T130/><D130/><U93/><E67/><V132/><F34/><T126/><D94/><U56/><E107/><V65/><F109/><T64/><D101/><U118/><E118/><N who="2" m="45067" /><F129/><T98/><D98/><U39/><E39/><V71/><F38/><T43/><D74/><U70/><E70/><V78/><F78/><T128/><D128/><U72/><E72/><V92/><F92/><T60/><D79/><U3/><E3/><V95/><F95/><T54/><D77/><U32/><E32/><V100/><F100/><T134/><D35/><U53/><REACH who="1" step="1"/><E99/><REACH who="1" ten="347,230,463,0" step="2"/><V91/><F71/><T2/><D2/><U66/><E66/><V61/><F65/><T106/><D106/><U88/><E88/><V114/><F91/><T103/><D33/><U131/><E131/><V52/><F40/><T87/><D64/><U36/><E36/><V73/><F73/><T105/><D105/><U44/><E44/><V96/><F96/><T42/><D41/><U135/><E135/><V76/><F132/><T116/><D134/><RYUUKYOKU ba="0,1" sc="347,-10,230,20,463,-10,0,0" hai1="45,50,53,56,58,84,85,86,89,93,97,113,115" owari="337,-6.0,250,-35.0,463,41.0,0,0.0" /></mjloggm>