<mjloggm ver="2.3"><GO type="169" lobby="0"/><UN n0="%6D%61%6B%6F%74%61" n1="%E3%81%A8%E3%81%B3%E3%81%BE%E3%81%93" n2="%E3%81%8B%E3%81%A5%E3%81%8D%EF%BC%B8%EF%BC%A9" n3="%E3%81%A4%E3%82%89%E3%81%84%E3%80%82" dan="16,16,16,16" rate="2032.61,2119.87,2111.30,2083.15" sx="M,M,M,M"/><TAIKYOKU oya="0"/><INIT seed="0,0,0,3,5,88" ten="250,250,250,250" oya="0" hai0="134,59,2,128,96,72,74,79,49,115,63,41,12" hai1="33,92,131,86,73,87,76,119,118,121,21,130,58" hai2="69,46,27,56,62,126,8,19,81,36,133,60,4" hai3="127,99,24,70,28,16,54,25,80,47,29,120,105"/><T3/><D115/><U117/><E33/><V50/><F133/><W111/><G70/><T98/><D128/><N who="1" m="49195" /><E21/><V57/><F126/><W65/><G65/><T93/><D98/><U11/><E11/><V38/><F69/><W89/><G111/><T108/><D108/><U43/><E43/><V44/><F81/><W35/><G127/><T67/><D134/><U71/><E58/><V104/><F104/><W100/><G120/><T9/><D3/><U77/><E71/><V30/><F19/><W53/><G47/><T1/><D2/><U84/><E121/><V110/><F110/><W107/><G107/><T31/><D31/><U103/><E73/><V22/><F36/><W0/><G0/><T112/><D1/><U91/><E103/><V102/><F102/><W124/><G124/><T122/><D122/><U15/><E15/><N who="2" m="5511" /><F38/><W116/><G16/><N who="0" m="8207" /><D74/><U20/><E20/><V129/><F129/><W34/><G34/><T125/><D72/><U5/><E5/><V39/><F39/><W61/><G29/><T37/><D37/><U113/><E113/><V90/><F90/><W83/><G89/><N who="0" m="55343" /><D125/><U23/><E23/><V85/><F85/><AGARI ba="0,0" hai="76,77,84,85,86,87,91,92,117,118,119" m="49195" machi="85" ten="40,8000,1" yaku="19,1,34,2,52,1" doraHai="88" who="1" fromWho="2" sc="250,0,250,80,250,-80,250,0" /><INIT seed="1,0,0,4,2,121" ten="250,330,170,250" oya="1" hai0="97,33,107,22,3,68,38,32,128,124,102,39,34" hai1="79,48,93,106,86,27,60,116,67,76,120,8,26" hai2="28,127,90,87,131,73,24,29,5,118,52,92,104" hai3="94,103,46,20,123,109,96,2,122,10,18,98,112"/><U13/><E106/><V35/><F104/><W4/><G112/><T41/><D128/><U40/><E116/><V78/><F118/><W37/><G109/><T66/><D124/><U58/><E120/><V47/><F127/><W85/><G85/><T84/><D3/><U57/><E93/><V134/><F131/><W132/><G132/><T99/><D84/><U12/><E12/><V108/><F134/><W43/><REACH who="3" step="1"/><G98/><REACH who="3" ten="250,330,170,240" step="2"/><T15/><D99/><U75/><E75/><V0/><F108/><W82/><G82/><T6/><D97/><U74/><E74/><V89/><F73/><W42/><G42/><T19/><D41/><U119/><E119/><V71/><F78/><W44/><G44/><T49/><D34/><U135/><E135/><V63/><F90/><W111/><G111/><T1/><D33/><U9/><E40/><V126/><F126/><W53/><G53/><T83/><D32/><U21/><E86/><V72/><F72/><W110/><G110/><T62/><D102/><U23/><E79/><V133/><F133/><W16/><G16/><T61/><D19/><N who="1" m="10479" /><E76/><V88/><F89/><W55/><G55/><T30/><D30/><N who="1" m="17759" /><E27/><AGARI ba="0,1" hai="2,4,10,18,20,27,37,43,46,94,96,103,122,123" machi="27" ten="30,3900,0" yaku="1,1,7,1,53,1" doraHai="121" doraHaiUra="70" who="3" fromWho="1" sc="250,0,330,-39,170,0,240,49" /><INIT seed="2,0,0,4,0,27" ten="250,291,170,289" oya="2" hai0="26,5,10,45,32,6,106,79,35,77,41,87,72" hai1="104,3,37,118,130,76,56,17,14,88,111,73,105" hai2="123,7,0,8,127,57,33,50,36,52,133,110,66" hai3="70,115,98,74,90,58,89,102,84,2,83,80,12"/><V86/><F123/><W129/><G2/><T100/><D6/><U18/><E3/><V31/><F133/><W24/><G70/><T34/><D87/><U135/><E118/><V128/><F36/><W13/><G129/><T112/><D112/><U9/><E37/><V11/><F128/><W55/><G115/><T97/><D72/><U81/><E130/><V61/><F127/><W113/><G113/><T101/><D101/><U95/><E111/><V121/><F121/><W117/><G24/><T47/><D47/><U63/><E18/><V53/><F11/><W107/><G117/><T40/><D40/><U69/><E69/><V46/><F110/><W30/><G30/><T93/><D93/><U49/><E49/><V82/><F33/><W132/><G132/><T28/><D77/><U92/><E92/><V114/><F114/><W51/><G74/><T99/><D99/><U124/><E124/><V29/><REACH who="2" step="1"/><F66/><REACH who="2" ten="250,291,160,289" step="2"/><W25/><G25/><T109/><D109/><U62/><E135/><V59/><F59/><W78/><G78/><AGARI ba="0,1" hai="0,7,8,29,31,46,50,52,53,57,61,78,82,86" machi="78" ten="30,18000,2" yaku="1,1,7,1,52,2,54,1,53,1" doraHai="27" doraHaiUra="4" who="2" fromWho="3" sc="250,0,291,0,160,190,289,-180" /><INIT seed="2,1,0,1,2,82" ten="250,291,350,109" oya="2" hai0="134,90,6,113,54,133,26,75,93,34,17,52,122" hai1="29,129,56,58,85,91,21,119,27,131,73,79,80" hai2="19,66,28,71,120,24,74,109,2,4,116,11,47" hai3="89,130,51,112,72,41,62,97,14,18,104,98,39"/><V118/><F74/><W46/><G72/><T117/><D122/><U16/><E119/><V60/><F120/><W111/><G111/><T20/><D113/><U86/><E73/><V126/><F126/><W88/><G112/><T59/><D75/><U48/><E29/><V78/><F78/><W55/><G130/><N who="1" m="49674" /><E48/><V76/><F76/><W38/><G62/><T7/><D54/><U50/><E50/><V0/><F0/><W100/><G98/><T103/><D103/><U67/><E67/><V32/><F109/><W10/><REACH who="3" step="1"/><G39/><REACH who="3" ten="250,291,350,99" step="2"/><T9/><D117/><U40/><E40/><V83/><F47/><AGARI ba="1,1" hai="10,14,18,38,41,46,47,51,55,88,89,97,100,104" machi="47" ten="30,7700,0" yaku="1,1,2,1,7,1,54,1,53,0" doraHai="82" doraHaiUra="128" who="3" fromWho="2" sc="250,0,291,0,350,-80,99,90" /><INIT seed="3,0,0,4,3,17" ten="250,291,270,189" oya="3" hai0="114,18,84,26,117,32,94,30,38,29,27,19,58" hai1="93,50,88,25,132,119,126,124,104,71,134,33,62" hai2="41,133,28,57,92,3,100,115,63,73,131,79,54" hai3="4,11,23,6,76,81,95,121,70,118,13,49,39"/><W99/><G118/><T8/><D38/><U78/><E104/><V10/><F115/><W90/><G39/><T16/><D117/><U80/><E119/><V110/><F131/><W135/><G121/><T12/><D114/><U60/><E50/><V9/><F133/><N who="1" m="51305" /><E33/><V128/><F128/><W105/><G70/><T61/><D84/><N who="1" m="52359" /><E25/><V65/><F41/><W37/><G37/><T20/><REACH who="0" step="1"/><D94/><REACH who="0" ten="240,291,270,189" step="2"/><U1/><E1/><V55/><F3/><W129/><G105/><T97/><D97/><U40/><E40/><V86/><F92/><W14/><G129/><T89/><D89/><U96/><E96/><V2/><F100/><W47/><G135/><T51/><D51/><U75/><E71/><V48/><F86/><W101/><G101/><T7/><D7/><U21/><E21/><V15/><F48/><W72/><G23/><T85/><D85/><U59/><E62/><V5/><F63/><W98/><G98/><T69/><D69/><U31/><E31/><V112/><F28/><W109/><G4/><T106/><D106/><U120/><E120/><V83/><F5/><W64/><G49/><T44/><D44/><U107/><E107/><V77/><F112/><W111/><G47/><T87/><D87/><U0/><E0/><V66/><F2/><W22/><G22/><T130/><D130/><U24/><E60/><V46/><F46/><W127/><G6/><T35/><D35/><U68/><E68/><V102/><F102/><W53/><G99/><T34/><D34/><U82/><E75/><V116/><F73/><W56/><G72/><T125/><D125/><RYUUKYOKU ba="0,1" sc="240,30,291,-10,270,-10,189,-10" hai0="8,12,16,18,19,20,26,27,29,30,32,58,61" /><INIT seed="4,1,1,0,4,12" ten="270,281,260,179" oya="0" hai0="121,80,133,96,117,71,6,73,70,100,29,81,32" hai1="126,5,47,103,122,20,19,67,125,75,55,14,92" hai2="84,2,31,120,97,10,49,128,109,114,74,131,119" hai3="11,94,38,130,46,21,72,132,83,60,63,62,51"/><T113/><D121/><U40/><E75/><V69/><F69/><W101/><G130/><N who="2" m="49705" /><F74/><W104/><G132/><T35/><D117/><U48/><E122/><V50/><F120/><W88/><G38/><T56/><D113/><U59/><E67/><V68/><F68/><W45/><G104/><T28/><D6/><U86/><E5/><N who="2" m="1335" /><F114/><W23/><G11/><T66/><D66/><U112/><E112/><V36/><F36/><W41/><G46/><T58/><D96/><U4/><E4/><V65/><F65/><W61/><N who="3" m="15360" /><DORA hai="22" /><W107/><G107/><T135/><D73/><U78/><E78/><V118/><F97/><N who="3" m="59575" /><G72/><T134/><D133/><U127/><E103/><AGARI ba="1,1" hai="28,29,32,35,56,58,70,71,80,81,100,103,134,135" machi="103" ten="25,2400,0" yaku="22,2" doraHai="12,22" who="0" fromWho="1" sc="270,37,281,-27,260,0,179,0" /><INIT seed="4,2,0,5,4,54" ten="307,254,260,179" oya="0" hai0="24,8,117,67,34,75,109,42,33,15,108,126,3" hai1="28,99,60,68,64,66,16,84,38,106,7,62,11" hai2="57,43,31,10,21,41,71,50,70,23,46,134,82" hai3="2,65,118,89,45,44,94,69,90,121,87,125,135"/><T39/><D3/><U123/><E38/><V32/><F134/><W105/><G105/><T120/><D120/><U12/><E123/><V112/><F112/><W20/><G121/><T124/><D75/><U92/><E106/><V128/><F128/><W5/><G118/><T86/><D117/><U18/><E28/><V40/><F71/><W129/><G135/><T116/><D116/><U55/><E55/><V27/><F70/><W130/><G2/><T56/><D86/><U96/><E84/><V103/><F103/><W102/><G102/><T132/><D39/><U122/><E99/><V63/><F10/><W115/><G115/><T6/><D42/><U114/><E114/><V48/><F82/><W37/><G37/><T51/><D132/><U74/><E74/><V1/><F1/><W35/><G35/><N who="0" m="13323" /><D24/><U113/><E113/><V83/><F83/><W4/><G20/><T93/><D93/><U80/><E80/><V127/><F127/><N who="0" m="48682" /><D51/><U110/><E110/><N who="0" m="42601" /><D67/><U91/><REACH who="1" step="1"/><E122/><REACH who="1" ten="307,244,260,179" step="2"/><V52/><F43/><W95/><G125/><T0/><D0/><U97/><E97/><V111/><F111/><W73/><G73/><T133/><D133/><U49/><E49/><V100/><F100/><W47/><G130/><T59/><AGARI ba="2,1" hai="6,8,15,56,59" m="42601,48682,13323" machi="59" ten="40,12000,1" yaku="18,1,10,1,52,2" doraHai="54" who="0" fromWho="0" sc="307,136,244,-42,260,-42,179,-42" /><INIT seed="4,3,0,5,3,86" ten="443,202,218,137" oya="0" hai0="25,133,129,124,3,83,97,79,56,46,117,70,20" hai1="122,35,44,108,68,119,78,134,55,126,73,90,99" hai2="127,88,100,29,17,34,18,39,0,59,5,131,109" hai3="123,32,130,50,2,53,76,52,113,8,81,75,36"/><T51/><D70/><U62/><E119/><V105/><F39/><W98/><G36/><T120/><D3/><U74/><E122/><V21/><F109/><W101/><G32/><T54/><D117/><U14/><E108/><V33/><F127/><W6/><G123/><T92/><D120/><U63/><E35/><V65/><F131/><W10/><G130/><T67/><D124/><U95/><E126/><V58/><F100/><W24/><G113/><T111/><D111/><U102/><E134/><V48/><F105/><W82/><G24/><T116/><D116/><U28/><E28/><V96/><F34/><W42/><G10/><T84/><D129/><U11/><E78/><V115/><F33/><W15/><G2/><T13/><D13/><U66/><E102/><V80/><F0/><W77/><G42/><T1/><D1/><U49/><REACH who="1" step="1"/><E62/><REACH who="1" ten="443,192,218,137" step="2"/><N who="2" m="38111" /><F115/><W125/><G125/><T135/><D135/><U103/><E103/><V121/><F121/><W47/><G77/><T4/><D133/><U85/><E85/><N who="2" m="50215" /><F96/><W72/><G76/><T41/><D79/><U12/><E12/><V22/><F29/><W27/><G75/><T23/><D97/><U69/><E69/><V40/><F5/><AGARI ba="3,1" hai="5,11,14,44,49,55,63,66,68,73,74,90,95,99" machi="5" ten="30,7700,0" yaku="1,1,7,1,52,1,53,1" doraHai="86" doraHaiUra="43" who="1" fromWho="2" sc="443,0,192,96,218,-86,137,0" /><INIT seed="5,0,0,5,1,56" ten="443,288,132,137" oya="1" hai0="123,5,49,29,92,9,72,27,95,134,113,13,118" hai1="105,106,112,47,103,116,99,4,57,41,133,36,61" hai2="42,52,46,69,102,11,58,50,121,89,131,55,16" hai3="100,65,124,59,71,85,91,44,2,98,34,48,24"/><U53/><E112/><V82/><F121/><W111/><G2/><T109/><D118/><U7/><E116/><V115/><F69/><W33/><G71/><T110/><D113/><U88/><E133/><V119/><F119/><W81/><G124/><T17/><D72/><U54/><E106/><V23/><F131/><W73/><G111/><T45/><D134/><U62/><E88/><V30/><F102/><W70/><G70/><T117/><D123/><U68/><REACH who="1" step="1"/><E54/><REACH who="1" ten="443,278,132,137" step="2"/><V25/><F115/><W0/><G100/><T12/><D117/><U20/><E20/><V28/><F55/><W37/><G98/><T129/><D110/><U35/><E35/><V84/><REACH who="2" step="1"/><F11/><REACH who="2" ten="443,278,122,137" step="2"/><W130/><G130/><T63/><D129/><U122/><E122/><V1/><F1/><W86/><G0/><T19/><D109/><U78/><E78/><V104/><F104/><W15/><G91/><T67/><D9/><U80/><E80/><V74/><F74/><W76/><G73/><T128/><D128/><U101/><E101/><V77/><F77/><W90/><G76/><T97/><D95/><U120/><E120/><V135/><F135/><W40/><G81/><T43/><D92/><U108/><E108/><V18/><F18/><W87/><G90/><T39/><D19/><U38/><E38/><AGARI ba="0,2" hai="16,23,25,28,30,38,42,46,50,52,58,82,84,89" machi="38" ten="30,8000,1" yaku="1,1,7,1,54,2,53,1" doraHai="56" doraHaiUra="83" who="2" fromWho="1" sc="443,0,278,-80,122,100,137,0" /><INIT seed="6,0,0,0,2,47" ten="443,198,222,137" oya="2" hai0="8,24,63,61,46,83,86,93,118,122,2,16,60" hai1="104,5,52,27,53,68,14,32,96,85,71,110,108" hai2="26,107,56,78,106,101,100,102,97,80,73,25,126" hai3="114,36,17,113,66,31,69,127,64,92,135,79,41"/><V4/><F126/><W103/><G127/><T9/><D122/><U120/><E120/><V18/><F4/><W95/><G79/><T29/><D2/><U3/><E3/><V54/><F107/><W13/><G31/><T116/><D93/><U37/><E37/><V45/><F45/><W74/><G74/><T38/><D16/><U121/><E85/><V10/><F26/><W70/><G135/><T23/><D46/><U49/><E53/><V33/><F33/><W119/><G41/><T48/><D48/><U112/><E112/><N who="3" m="43114" /><G36/><T0/><D0/><U115/><E115/><V133/><F133/><W81/><G81/><T105/><D105/><U134/><E134/><V1/><F1/><W109/><G103/><T44/><D44/><U124/><E121/><V90/><F90/><W58/><G58/><T131/><D38/><U42/><E68/><N who="3" m="26218" /><G119/><N who="0" m="45611" /><D131/><U99/><E124/><V30/><F30/><W22/><G109/><T55/><D55/><U15/><E71/><V84/><F73/><W51/><G51/><T12/><D12/><U50/><E15/><N who="2" m="7543" /><F25/><W59/><G59/><T128/><D128/><U67/><E27/><V98/><F106/><W39/><G39/><T75/><D75/><U35/><E104/><V20/><F102/><W117/><G117/><T21/><D21/><U132/><E35/><V82/><F20/><W89/><G89/><AGARI ba="0,0" hai="8,9,23,24,29,60,61,63,83,86,89" m="45611" machi="89" ten="30,1000,0" yaku="12,1" doraHai="47" who="0" fromWho="3" sc="443,10,198,0,222,0,137,-10" /><INIT seed="7,0,0,2,0,134" ten="453,198,222,127" oya="3" hai0="42,66,18,48,76,123,9,115,30,78,36,68,88" hai1="94,8,24,4,106,104,12,114,60,130,128,25,111" hai2="87,96,19,63,133,129,49,46,23,39,127,27,14" hai3="41,100,83,5,121,0,22,59,70,101,61,122,43"/><W26/><G70/><T11/><D36/><U103/><E111/><V29/><F39/><W38/><G0/><T54/><D42/><U86/><E60/><V113/><F113/><W107/><G5/><T118/><D30/><U6/><E6/><V58/><F129/><N who="1" m="49769" /><E114/><V10/><F133/><W17/><G107/><N who="1" m="41002" /><E103/><V44/><F127/><W102/><G83/><T47/><D48/><U45/><E45/><V13/><F96/><W21/><G21/><T98/><D54/><U7/><E7/><V32/><F87/><W131/><G131/><T50/><D18/><U20/><E20/><V84/><F84/><W80/><G80/><T85/><D11/><U16/><E4/><V132/><F132/><W69/><G69/><T79/><D98/><U65/><E65/><V2/><F49/><W56/><G56/><T72/><D79/><U31/><E31/><V75/><F75/><W40/><REACH who="3" step="1"/><G38/><REACH who="3" ten="453,198,222,117" step="2"/><T28/><D68/><U125/><E125/><V93/><F2/><W53/><AGARI ba="0,1" hai="17,22,26,40,41,43,53,59,61,100,101,102,121,122" machi="53" ten="30,11700,0" yaku="1,1,2,1,0,1,53,1" doraHai="134" doraHaiUra="51" who="3" fromWho="3" sc="453,-39,198,-39,222,-39,117,127" /><INIT seed="7,1,0,1,4,66" ten="414,159,183,244" oya="3" hai0="14,8,119,104,53,10,100,110,90,21,11,111,64" hai1="59,68,22,105,65,85,131,72,112,49,74,89,43" hai2="50,91,113,38,67,61,33,56,103,108,47,92,2" hai3="73,106,15,25,98,81,95,135,4,13,27,123,133"/><W41/><G106/><T37/><D37/><U62/><E105/><V96/><F2/><W109/><G41/><T118/><D64/><U87/><E112/><V46/><F33/><W31/><G123/><T115/><D115/><U127/><E127/><V44/><F108/><W23/><G109/><T122/><D122/><U82/><E131/><V75/><F75/><W55/><G55/><T124/><D124/><U7/><E7/><V107/><F113/><W70/><G70/><T117/><D100/><U63/><E22/><V26/><F26/><W20/><G81/><T94/><D104/><U0/><E0/><V28/><F28/><W18/><G73/><T102/><D102/><U114/><E114/><V12/><F12/><W126/><G126/><T97/><D53/><U71/><E85/><V120/><F38/><W83/><G83/><T16/><AGARI ba="1,0" hai="8,10,11,14,16,21,90,94,97,110,111,117,118,119" machi="16" ten="40,2700,0" yaku="0,1,54,1" doraHai="66" who="0" fromWho="0" sc="414,30,159,-8,183,-8,244,-14" owari="444,54.0,151,-35.0,175,-22.0,230,3.0" /></mjloggm>