<mjloggm ver="2.3"><GO type="169" lobby="0"/><UN n0="%48%2E%4D%65%74%61%6C" n1="%E9%81%8A%E8%B5%B0" n2="%E6%84%9B%E5%86%85%E9%87%8C%E8%8F%9C" n3="%E5%A4%A7%E8%B3%A2%E8%89%AF%E5%B8%AB" dan="16,17,18,16" rate="2025.78,2182.33,2153.59,2060.45" sx="M,M,F,M"/><TAIKYOKU oya="0"/><INIT seed="0,0,0,4,2,41" ten="250,250,250,250" oya="0" hai0="92,34,120,53,25,84,21,102,49,19,109,62,79" hai1="47,75,27,16,6,64,18,115,135,10,4,91,23" hai2="45,93,69,107,39,46,66,83,72,80,82,28,71" hai3="100,24,73,124,111,119,22,78,129,59,105,110,122"/><T42/><D120/><U54/><E75/><V114/><F72/><W97/><G119/><T7/><D34/><U26/><E135/><V99/><F114/><W52/><G122/><T12/><D109/><N who="3" m="41481" /><G129/><T103/><D42/><U17/><E64/><V36/><F107/><W118/><G118/><T11/><D62/><U113/><E91/><V65/><F28/><N who="3" m="17431" /><G124/><T2/><D2/><U13/><E54/><V95/><F80/><N who="3" m="45135" /><G59/><T89/><REACH who="0" step="1"/><D79/><REACH who="0" ten="240,250,250,250" step="2"/><U55/><E115/><V125/><REACH who="2" step="1"/><F99/><REACH who="2" ten="240,250,240,250" step="2"/><W116/><G116/><T30/><D30/><U127/><E113/><V131/><F131/><W60/><G97/><T67/><D67/><U50/><E127/><AGARI ba="0,2" hai="36,39,45,46,65,66,69,71,82,83,93,95,125,127" machi="127" ten="25,12000,2" yaku="1,1,22,2,52,2,53,2" doraHai="41" doraHaiUra="133" who="2" fromWho="1" sc="240,0,250,-120,240,140,250,0" /><INIT seed="1,0,0,0,1,119" ten="240,130,380,250" oya="1" hai0="43,88,79,50,94,100,89,98,84,113,115,118,45" hai1="93,58,18,107,76,29,128,47,37,134,95,51,25" hai2="34,52,125,67,7,10,127,44,48,61,62,4,87" hai3="72,120,124,102,103,122,26,77,121,40,6,106,75"/><U68/><E107/><V55/><F34/><W114/><G26/><T14/><D118/><U32/><E68/><V69/><F87/><W30/><G30/><T21/><D79/><U63/><E134/><V91/><F91/><W135/><G40/><T17/><REACH who="0" step="1"/><D89/><REACH who="0" ten="230,130,380,250" step="2"/><U19/><E76/><V57/><REACH who="2" step="1"/><F4/><REACH who="2" ten="230,130,370,250" step="2"/><W59/><G6/><T9/><D9/><U86/><E128/><V31/><F31/><W60/><G135/><T28/><D28/><U54/><E37/><V46/><F46/><W81/><G114/><T83/><AGARI ba="0,2" hai="14,17,21,43,45,50,83,84,88,94,98,100,113,115" machi="83" ten="20,5200,0" yaku="1,1,0,1,7,1,54,1,53,0" doraHai="119" doraHaiUra="23" who="0" fromWho="0" sc="230,72,130,-26,370,-13,250,-13" /><INIT seed="2,0,0,2,5,10" ten="302,104,357,237" oya="2" hai0="62,71,40,58,59,92,17,37,20,72,124,34,79" hai1="36,133,64,39,24,42,126,61,118,30,25,9,100" hai2="109,94,51,44,55,49,104,95,75,123,52,82,128" hai3="66,69,101,16,131,45,14,96,111,97,77,125,41"/><V23/><F123/><W129/><G111/><T67/><D34/><U12/><E118/><V68/><F104/><W105/><G125/><T91/><D124/><U116/><E126/><V60/><F128/><N who="3" m="49227" /><G77/><T53/><D37/><U38/><E133/><V29/><F109/><W46/><G96/><T93/><D40/><U127/><E127/><V107/><F107/><W6/><G6/><T84/><D93/><U89/><E116/><V7/><F7/><W108/><G108/><T88/><D91/><U2/><E2/><V106/><F106/><W117/><G117/><T121/><D121/><U102/><E42/><V54/><F75/><W13/><G41/><T134/><D134/><U21/><E89/><V31/><F68/><W22/><G66/><T135/><D53/><U113/><E24/><N who="2" m="16543" /><F31/><W19/><G69/><T83/><REACH who="0" step="1"/><D135/><REACH who="0" ten="292,104,357,237" step="2"/><U86/><E113/><V11/><F94/><W8/><AGARI ba="0,1" hai="8,13,14,16,19,22,45,46,97,101,105" m="49227" machi="8" ten="30,7900,0" yaku="19,1,52,2,54,1" doraHai="10" who="3" fromWho="3" sc="292,-20,104,-20,357,-39,237,89" /><INIT seed="3,0,0,0,0,71" ten="272,84,318,326" oya="3" hai0="81,103,14,128,133,73,85,26,80,122,120,110,121" hai1="69,108,2,75,86,63,17,19,95,48,13,89,35" hai2="11,96,50,130,97,42,132,54,21,99,23,32,0" hai3="117,100,8,76,131,38,59,10,7,3,115,67,4"/><W41/><G117/><T43/><D26/><U90/><E75/><V56/><F32/><W109/><G115/><T47/><D110/><U18/><E2/><V104/><F104/><W40/><G109/><T79/><D133/><U20/><E108/><V22/><F132/><W28/><G131/><T27/><D128/><U30/><E35/><V25/><F130/><W57/><G28/><T44/><D103/><U45/><E30/><V49/><F0/><W92/><G100/><T51/><D27/><U37/><E37/><V31/><F11/><W55/><G92/><T70/><D70/><U112/><E112/><V33/><F42/><W82/><G67/><T107/><D107/><U135/><E135/><V134/><F134/><W111/><G111/><T61/><D61/><U78/><E78/><V124/><REACH who="2" step="1"/><F50/><REACH who="2" ten="272,84,308,326" step="2"/><W34/><G34/><T77/><D51/><U101/><E101/><V102/><F102/><W116/><G116/><T66/><D43/><U29/><E63/><V98/><N who="2" m="24576" /><DORA hai="39" /><V127/><AGARI ba="0,1" hai="21,22,23,25,31,33,49,54,56,124,127" m="24576" machi="127" ten="50,6400,0" yaku="1,1,4,1,0,1,53,0" doraHai="71,39" doraHaiUra="114,106" who="2" fromWho="2" sc="272,-16,84,-16,308,74,326,-32" /><INIT seed="4,0,0,5,0,117" ten="256,68,382,294" oya="0" hai0="20,98,96,8,26,135,53,4,87,29,31,41,89" hai1="52,75,39,109,2,81,119,123,85,10,49,30,33" hai2="35,71,68,62,60,76,91,127,93,90,101,61,18" hai3="57,28,110,122,131,100,67,88,46,1,114,36,48"/><T132/><D41/><U79/><E119/><V15/><F35/><W126/><G110/><T34/><D34/><U116/><E109/><V7/><F7/><W50/><G1/><T120/><D120/><U82/><E116/><V25/><F25/><W84/><G114/><T99/><D31/><U11/><E39/><V47/><F76/><W115/><G115/><T58/><D58/><U95/><E2/><V130/><F101/><W72/><G72/><T74/><D74/><U63/><E123/><V97/><F130/><W27/><G122/><T55/><D135/><U54/><E33/><V108/><F108/><W121/><G121/><T80/><REACH who="0" step="1"/><D132/><REACH who="0" ten="246,68,382,294" step="2"/><U78/><E30/><V129/><F129/><W86/><G131/><T124/><D124/><U73/><E63/><V38/><F127/><W69/><G126/><T13/><AGARI ba="0,1" hai="4,8,13,20,26,29,53,55,80,87,89,96,98,99" machi="13" ten="30,11700,0" yaku="1,1,0,1,8,1,53,1" doraHai="117" doraHaiUra="17" who="0" fromWho="0" sc="246,127,68,-39,382,-39,294,-39" /><INIT seed="4,1,0,3,3,105" ten="373,29,343,255" oya="0" hai0="59,131,3,62,95,121,21,51,64,17,9,60,103" hai1="44,84,57,18,130,31,68,69,118,88,41,75,114" hai2="76,50,93,30,92,73,134,32,106,115,123,122,112" hai3="77,70,113,48,129,23,49,8,71,83,85,37,22"/><T116/><D121/><N who="2" m="46090" /><F50/><N who="3" m="19563" /><G37/><T11/><D116/><U5/><E118/><V16/><F30/><W96/><G113/><N who="2" m="43593" /><F32/><W67/><G129/><T46/><D131/><U25/><E114/><V43/><F43/><W128/><G128/><T100/><D62/><U40/><E130/><V56/><F56/><W107/><G107/><T35/><D35/><U120/><E120/><V117/><F117/><W26/><G71/><T82/><D82/><U4/><E75/><V124/><F124/><W127/><G70/><T1/><D1/><U19/><E57/><V65/><F65/><W45/><G127/><T89/><D3/><U125/><E125/><V126/><F126/><W55/><G67/><T29/><D29/><U39/><E41/><V28/><F28/><W110/><G110/><T58/><D58/><U34/><E68/><V24/><F106/><W27/><G96/><N who="0" m="57455" /><D9/><U101/><E69/><V94/><F134/><W80/><G8/><T98/><D98/><U61/><E61/><V87/><F87/><N who="3" m="48527" /><G55/><N who="0" m="30199" /><D11/><U104/><E104/><V33/><F33/><W52/><G45/><T63/><D60/><U13/><E101/><V66/><F66/><W6/><G52/><T0/><D0/><U97/><E97/><V102/><F102/><W86/><G6/><T12/><AGARI ba="1,0" hai="12,17,21,59,63,64,100,103" m="30199,57455" machi="12" ten="30,1500,0" yaku="8,1" doraHai="105" who="0" fromWho="0" sc="373,18,29,-6,343,-6,255,-6" /><INIT seed="4,2,0,1,3,46" ten="391,23,337,249" oya="0" hai0="42,7,18,39,85,127,108,29,114,113,99,79,54" hai1="98,1,92,6,50,17,78,90,3,45,119,80,20" hai2="109,75,69,111,131,37,48,87,93,105,11,4,118" hai3="33,81,66,135,22,15,43,0,58,132,89,100,82"/><T133/><D29/><U115/><E119/><V97/><F37/><W10/><G33/><T49/><D7/><U70/><E70/><V73/><F69/><W13/><G0/><T47/><D133/><N who="3" m="51273" /><G100/><T56/><D127/><U112/><E6/><V64/><F118/><W123/><G123/><T122/><D122/><U21/><E3/><V120/><F120/><W110/><G110/><T67/><D108/><U94/><E94/><V104/><F109/><W55/><G43/><T38/><D99/><U65/><E65/><V116/><F111/><W14/><G66/><T130/><D130/><U25/><E1/><V128/><F64/><W5/><G22/><T61/><D18/><U12/><E21/><V31/><F116/><W26/><G26/><T52/><D85/><U84/><REACH who="1" step="1"/><E25/><REACH who="1" ten="391,13,337,249" step="2"/><V41/><F4/><W126/><G5/><T74/><D67/><U40/><AGARI ba="2,1" hai="12,17,20,40,45,50,78,80,84,90,92,98,112,115" machi="40" ten="30,7900,0" yaku="1,1,2,1,0,1,52,1,53,0" doraHai="46" doraHaiUra="34" who="1" fromWho="1" sc="391,-41,13,95,337,-22,249,-22" /><INIT seed="5,0,0,5,0,75" ten="350,108,315,227" oya="1" hai0="2,123,106,127,11,35,83,54,135,92,77,63,0" hai1="130,122,71,48,128,101,38,78,24,18,16,47,51" hai2="64,65,118,132,46,26,61,109,93,68,124,60,107" hai3="85,121,86,115,114,74,81,25,30,19,6,91,44"/><U33/><E101/><V105/><F109/><W56/><G121/><T96/><D106/><U42/><E71/><V53/><F118/><W39/><G74/><T28/><D127/><U84/><E122/><V87/><F124/><W43/><G6/><T20/><D35/><U94/><E33/><V102/><F132/><W5/><G5/><T36/><D36/><U8/><E94/><V55/><F26/><W21/><G56/><T97/><D97/><U120/><E120/><V12/><F12/><W133/><G133/><T13/><D63/><U88/><E8/><V126/><F126/><W57/><G57/><T119/><D119/><U108/><E108/><V80/><F46/><W104/><G104/><T34/><D54/><U37/><E37/><V31/><F31/><W73/><G73/><T10/><D10/><U23/><E18/><V99/><F105/><W32/><REACH who="3" step="1"/><G86/><REACH who="3" ten="350,108,315,217" step="2"/><N who="0" m="48495" /><D123/><U58/><E58/><V103/><F107/><W41/><G41/><T117/><D117/><U113/><E113/><V3/><F3/><W14/><AGARI ba="0,1" hai="14,19,21,25,30,32,39,43,44,81,85,91,114,115" machi="14" ten="30,2000,0" yaku="1,1,0,1,53,0" doraHai="75" doraHaiUra="52" who="3" fromWho="3" sc="350,-5,108,-10,315,-5,217,30" /><INIT seed="6,0,0,3,4,65" ten="345,98,310,247" oya="2" hai0="8,99,1,52,132,42,95,125,96,73,103,102,17" hai1="24,58,12,105,71,109,31,123,15,11,55,26,79" hai2="57,93,76,122,97,56,85,19,61,89,40,108,59" hai3="23,14,53,118,37,100,88,2,28,126,67,25,10"/><V94/><F122/><W87/><G118/><T20/><D73/><U90/><E109/><V16/><F108/><W130/><G126/><T5/><D125/><U115/><E123/><V30/><F30/><W44/><G130/><T54/><D42/><U46/><E105/><V116/><F116/><W4/><G100/><T33/><D33/><U34/><E115/><V66/><F40/><W22/><G67/><T32/><D32/><U68/><E26/><V134/><F134/><W72/><G72/><T29/><D29/><U70/><E79/><V114/><F114/><W112/><G112/><T128/><D128/><U121/><E121/><V60/><F76/><W83/><G37/><T91/><D91/><U135/><E135/><V13/><F60/><W9/><G44/><T80/><D80/><U6/><E90/><V62/><F61/><W82/><G53/><T43/><D43/><U0/><REACH who="1" step="1"/><E46/><REACH who="1" ten="345,88,310,247" step="2"/><V50/><F50/><AGARI ba="0,1" hai="0,6,11,12,15,24,31,34,50,55,58,68,70,71" machi="50" ten="40,8000,1" yaku="1,1,2,1,52,3,53,0" doraHai="65" doraHaiUra="133" who="1" fromWho="2" sc="345,0,88,90,310,-80,247,0" /><INIT seed="7,0,0,5,1,16" ten="345,178,230,247" oya="3" hai0="9,120,38,110,97,109,84,51,43,21,80,72,102" hai1="7,74,41,11,59,36,56,68,88,63,10,118,124" hai2="121,30,81,93,64,90,47,33,4,45,86,57,55" hai3="61,115,134,5,91,53,37,49,79,114,94,85,35"/><W20/><G35/><T22/><D72/><U70/><E124/><V6/><F121/><W24/><G37/><T23/><D38/><U60/><E74/><V113/><F113/><N who="3" m="43019" /><G134/><T129/><D120/><U17/><E118/><V104/><F104/><W39/><G39/><T67/><D67/><U101/><E36/><V71/><F71/><W42/><G42/><T116/><D116/><U34/><E41/><V76/><F33/><W130/><G130/><T126/><D126/><U75/><E75/><V48/><F30/><N who="3" m="17671" /><G61/><T106/><D129/><U14/><E34/><V117/><F117/><W32/><G32/><T8/><D110/><U127/><E101/><V40/><F40/><W50/><G79/><T18/><D109/><U103/><E103/><V0/><F0/><W98/><G5/><N who="2" m="2153" /><F64/><W119/><G119/><T2/><D18/><U107/><E127/><V122/><F122/><W62/><G62/><T1/><D1/><U89/><E107/><V133/><F133/><W135/><G135/><T123/><D2/><U15/><E7/><V19/><F19/><AGARI ba="0,0" hai="10,11,14,15,17,19,56,59,60,63,68,70,88,89" machi="19" ten="25,3200,0" yaku="22,2,54,1" doraHai="16" who="1" fromWho="2" sc="345,0,178,32,230,-32,247,0" owari="345,44.0,210,-19.0,198,-30.0,247,5.0" /></mjloggm>