<mjloggm ver="2.3"><GO type="185" lobby="0"/><UN n0="%E5%BD%A9%E3%83%B6%E4%BA%AD" n1="%E3%81%BA%E3%82%93%E3%81%8E%E3%82%93%E3%81%95%E3%82%93" n2="%E6%A2%B6%E9%9A%86%E8%87%A3" n3="" dan="16,16,17,0" rate="2142.58,2100.52,2270.79,1500.00" sx="M,F,M,C"/><TAIKYOKU oya="0"/><INIT seed="0,0,0,5,0,128" ten="350,350,350,0" oya="0" hai0="2,109,96,123,40,37,134,102,80,103,115,75,125" hai1="73,0,93,55,35,65,58,84,50,126,46,70,79" hai2="39,32,127,52,72,57,129,71,77,33,68,89,82" hai3=""/><T135/><N who="0" m="31520" /><T132/><D2/><U88/><E0/><V114/><F129/><T95/><D115/><U100/><E35/><V118/><F39/><T60/><D125/><U62/><E126/><V61/><F127/><T98/><D109/><U108/><E108/><V48/><F114/><T101/><D60/><U117/><E117/><V104/><F104/><T43/><D37/><U59/><REACH who="1" step="1"/><E100/><REACH who="1" ten="350,340,350,0" step="2"/><N who="0" m="38505" /><D98/><U81/><AGARI ba="0,1" hai="46,50,55,58,59,62,65,70,73,79,81,84,88,93" machi="81" ten="30,3000,0" yaku="1,1,0,1,54,1,53,0" doraHai="128" doraHaiUra="38" who="1" fromWho="1" sc="350,-20,340,40,350,-10,0,0" /><INIT seed="1,0,0,5,2,78" ten="330,380,340,0" oya="1" hai0="51,94,63,87,88,128,41,53,42,45,59,108,105" hai1="126,85,81,93,122,71,127,48,56,111,33,66,124" hai2="75,101,52,40,49,65,115,92,119,133,106,54,114" hai3=""/><U102/><N who="1" m="31264" /><U103/><E33/><V44/><F119/><T84/><D108/><U47/><E111/><V82/><F106/><T46/><D105/><U60/><E93/><V83/><F133/><T64/><D128/><U110/><E71/><V123/><N who="2" m="31520" /><V58/><F75/><T36/><REACH who="0" step="1"/><D87/><REACH who="0" ten="320,380,340,0" step="2"/><U113/><E110/><V135/><F135/><T1/><D1/><U118/><E118/><V73/><F73/><T100/><D100/><U74/><E74/><V38/><F65/><AGARI ba="0,1" hai="36,41,42,45,46,51,53,59,63,64,65,84,88,94" machi="65" ten="40,5200,0" yaku="1,1,54,1,53,1" doraHai="78" doraHaiUra="70" who="0" fromWho="2" sc="320,62,380,0,340,-52,0,0" /><INIT seed="2,0,0,3,0,39" ten="382,380,288,0" oya="2" hai0="58,78,83,123,63,111,36,113,62,115,61,0,69" hai1="108,33,86,92,128,106,118,67,132,102,47,51,121" hai2="45,59,65,87,110,50,72,56,35,135,34,125,127" hai3=""/><V46/><F72/><T49/><N who="0" m="31520" /><T107/><D0/><U80/><N who="1" m="31008" /><U66/><E33/><V122/><N who="2" m="31264" /><V90/><F135/><T85/><D107/><U114/><E132/><V40/><F110/><T43/><D111/><U54/><E108/><V100/><F100/><T104/><D104/><U2/><E2/><V32/><F46/><T99/><D99/><U71/><E114/><N who="0" m="43529" /><D36/><U42/><E71/><V68/><F68/><T89/><D69/><U48/><E106/><V38/><F65/><T64/><D78/><U41/><E118/><V116/><F116/><T124/><D124/><N who="2" m="47690" /><F38/><T101/><D101/><U130/><E67/><V57/><F32/><T105/><D105/><U82/><E66/><V1/><F1/><T37/><D37/><U74/><E102/><V134/><F134/><T103/><D103/><U97/><E74/><V129/><F129/><T126/><D126/><U88/><E128/><V3/><F3/><T96/><D96/><U52/><E130/><V75/><F75/><T98/><D98/><U95/><E97/><V81/><AGARI ba="0,0" hai="34,35,40,45,50,56,57,59,81,87,90" m="47690,31264" machi="81" ten="30,4000,0" yaku="18,1,52,2" doraHai="39" who="2" fromWho="2" sc="382,-20,380,-20,288,40,0,0" /><INIT seed="2,1,0,5,4,53" ten="362,360,328,0" oya="2" hai0="132,124,39,45,74,83,109,38,33,77,90,118,91" hai1="114,60,58,127,41,133,82,93,123,40,57,85,51" hai2="0,65,121,99,71,98,112,42,130,47,113,73,86" hai3=""/><V1/><N who="2" m="31008" /><V96/><F73/><T64/><D118/><U102/><N who="1" m="31520" /><U97/><E114/><V84/><F130/><T35/><D109/><U62/><E127/><V44/><F65/><T70/><D132/><U125/><E125/><V88/><F71/><T117/><D117/><U106/><E106/><V134/><F134/><T75/><D124/><U80/><E80/><V116/><F116/><T3/><D3/><U68/><E68/><V100/><F100/><T32/><D74/><U131/><E131/><V101/><F101/><T108/><D108/><U69/><E69/><V122/><N who="2" m="31264" /><V110/><F110/><T67/><D67/><U2/><E2/><V78/><F99/><T119/><D119/><U50/><E133/><V49/><F49/><T115/><D115/><U105/><E105/><V76/><F88/><T36/><D91/><U95/><E97/><V129/><F129/><T66/><D90/><U48/><E102/><V59/><F42/><T135/><D66/><U54/><E41/><V87/><REACH who="2" step="1"/><F86/><REACH who="2" ten="362,360,318,0" step="2"/><T52/><D135/><U81/><E40/><V56/><AGARI ba="1,1" hai="0,1,44,47,56,59,76,78,84,87,96,98,112,113" m="31264,31008" machi="56" ten="25,24000,4" yaku="1,1,2,1,0,1,22,2,52,4,53,2" doraHai="53" doraHaiUra="92" who="2" fromWho="2" sc="362,-121,360,-121,318,252,0,0" /><INIT seed="2,2,0,4,3,3" ten="241,239,570,0" oya="2" hai0="38,95,87,67,103,56,54,33,2,101,1,55,129" hai1="46,37,86,131,64,113,40,116,70,104,79,32,34" hai2="123,115,59,48,73,77,65,109,118,75,112,117,61" hai3=""/><V72/><N who="2" m="31520" /><V111/><F77/><T66/><D38/><U62/><E113/><N who="2" m="43595" /><F48/><T100/><D129/><U68/><E131/><V122/><N who="2" m="31264" /><V53/><F53/><T83/><D95/><U50/><E104/><V52/><F65/><T58/><D100/><U57/><E116/><V76/><F76/><T89/><D89/><U69/><REACH who="1" step="1"/><E50/><REACH who="1" ten="241,229,570,0" step="2"/><V126/><F126/><T49/><D49/><U74/><E74/><V81/><F81/><AGARI ba="2,1" hai="32,34,37,40,46,57,62,64,68,69,70,79,81,86" machi="81" ten="40,5200,0" yaku="1,1,52,2,53,0" doraHai="3" doraHaiUra="121" who="1" fromWho="2" sc="241,0,229,66,570,-56,0,0" /><INIT seed="4,0,0,3,2,82" ten="241,295,514,0" oya="0" hai0="48,32,70,40,59,104,91,113,121,66,73,114,36" hai1="71,127,88,58,93,68,62,78,0,47,99,34,69" hai2="116,49,128,77,75,96,51,44,130,134,33,80,94" hai3=""/><T108/><N who="0" m="31008" /><T53/><D73/><U39/><E34/><V57/><F33/><T41/><D104/><U45/><E0/><V74/><F74/><T89/><D32/><U90/><E127/><V56/><F134/><T115/><D108/><U64/><E78/><V50/><F44/><T120/><N who="0" m="30752" /><T43/><D36/><U126/><E126/><V102/><F116/><T67/><D70/><U103/><E39/><V54/><REACH who="2" step="1"/><F57/><REACH who="2" ten="241,295,504,0" step="2"/><T124/><D124/><U63/><E47/><V65/><F65/><AGARI ba="0,1" hai="40,41,43,48,53,59,65,66,67,89,91,113,114,115" m="30752,31008" machi="65" ten="50,9600,0" yaku="15,1,52,2" doraHai="82" who="0" fromWho="2" sc="241,106,295,0,504,-96,0,0" /><INIT seed="4,1,0,1,0,99" ten="347,295,408,0" oya="0" hai0="128,120,95,40,38,33,57,134,86,125,45,58,53" hai1="67,0,100,119,84,135,123,97,122,55,69,52,39" hai2="56,113,66,85,89,32,110,126,107,43,130,46,132" hai3=""/><T73/><N who="0" m="30752" /><T115/><D33/><U63/><N who="1" m="31264" /><U133/><N who="1" m="31520" /><U71/><E0/><V116/><F110/><T74/><D115/><U92/><E119/><V54/><F32/><T50/><D128/><U1/><E39/><V62/><F113/><T82/><D134/><N who="1" m="51211" /><E1/><V96/><F132/><T104/><D104/><U65/><E84/><V87/><F126/><T98/><D58/><U93/><E93/><V70/><F116/><T77/><REACH who="0" step="1"/><D125/><REACH who="0" ten="337,295,408,0" step="2"/><U48/><E48/><V131/><F130/><T78/><D78/><U94/><E69/><V103/><F131/><T35/><D35/><U105/><E71/><V83/><F70/><T108/><D108/><U117/><E117/><V124/><F124/><T121/><N who="0" m="31008" /><T118/><D118/><U81/><E105/><V76/><F107/><T101/><AGARI ba="1,1" hai="38,40,45,50,53,57,73,74,77,82,86,95,98,101" m="31008,30752" machi="101" ten="20,12000,2" yaku="1,1,0,1,7,1,52,3,53,0" doraHai="99" doraHaiUra="34" who="0" fromWho="0" sc="337,132,295,-61,408,-61,0,0" /><INIT seed="4,2,0,4,4,100" ten="469,234,347,0" oya="0" hai0="91,60,130,96,125,36,53,128,135,66,40,122,87" hai1="111,132,99,59,70,85,89,47,48,88,97,42,98" hai2="104,124,118,41,123,83,109,115,39,1,33,121,44" hai3=""/><T3/><N who="0" m="31264" /><T67/><D3/><U101/><E111/><V110/><N who="2" m="31008" /><V108/><N who="2" m="31520" /><V55/><F1/><T54/><D96/><U62/><E70/><V94/><F33/><T46/><D135/><U129/><E129/><N who="0" m="49769" /><D125/><U102/><E89/><V76/><F124/><T126/><D126/><U106/><E102/><V82/><F115/><T127/><D127/><U64/><REACH who="1" step="1"/><E132/><REACH who="1" ten="469,224,347,0" step="2"/><V86/><F110/><T58/><D67/><U81/><AGARI ba="2,1" hai="42,47,48,59,62,64,81,85,88,97,98,99,101,106" machi="81" ten="20,9000,2" yaku="1,1,2,1,0,1,7,1,52,1,54,1,53,1" doraHai="100" doraHaiUra="43" who="1" fromWho="1" sc="469,-62,224,104,347,-32,0,0" /><INIT seed="5,0,0,3,1,70" ten="407,328,315,0" oya="1" hai0="82,102,73,121,115,34,71,104,72,98,106,2,114" hai1="83,110,123,93,40,0,107,125,3,91,124,127,99" hai2="133,119,86,63,45,66,76,88,50,129,62,61,116" hai3=""/><U122/><N who="1" m="31264" /><U109/><N who="1" m="31520" /><U74/><E107/><N who="0" m="41001" /><D71/><U51/><E74/><N who="0" m="28777" /><D34/><U39/><E83/><V100/><F129/><T44/><N who="0" m="31008" /><T43/><D2/><N who="1" m="555" /><E51/><V87/><F100/><T96/><D44/><AGARI ba="0,0" hai="39,40,44,91,93,99,109,110,124,125,127" m="555,31520,31264" machi="44" ten="40,12000,1" yaku="18,1,52,3" doraHai="70" who="1" fromWho="0" sc="407,-120,328,120,315,0,0,0" /><INIT seed="5,1,0,3,5,130" ten="287,448,315,0" oya="1" hai0="74,48,49,39,58,1,54,43,103,52,124,78,46" hai1="83,131,95,87,75,81,71,67,55,65,51,76,32" hai2="119,70,109,126,134,36,120,100,108,3,45,113,40" hai3=""/><U33/><E131/><V73/><F100/><T80/><D1/><U114/><E114/><V61/><F45/><T117/><D124/><U104/><E104/><V116/><F61/><T56/><D117/><U37/><E37/><V128/><F40/><T34/><REACH who="0" step="1"/><D103/><REACH who="0" ten="277,448,315,0" step="2"/><U42/><E42/><V97/><F116/><T38/><D38/><U64/><E71/><V102/><F97/><T47/><D47/><U123/><N who="1" m="31520" /><U2/><E2/><V84/><F102/><T85/><D85/><U132/><E33/><AGARI ba="1,1" hai="33,34,39,43,46,48,49,52,54,56,58,74,78,80" machi="33" ten="40,8000,1" yaku="1,1,9,1,54,1,53,1" doraHai="130" doraHaiUra="41" who="0" fromWho="1" sc="277,92,448,-82,315,0,0,0" /><INIT seed="6,0,0,0,1,51" ten="369,366,315,0" oya="2" hai0="100,69,107,90,98,53,113,95,2,52,115,42,58" hai1="49,47,61,99,74,119,80,46,44,33,48,104,94" hai2="82,126,108,65,79,120,121,123,0,36,50,106,63" hai3=""/><V125/><N who="2" m="30752" /><V91/><N who="2" m="31008" /><V117/><N who="2" m="31520" /><V77/><F117/><T75/><D2/><U102/><E33/><V32/><F32/><T103/><D69/><U87/><E119/><V110/><F36/><T109/><D109/><N who="2" m="42090" /><F106/><T85/><D75/><U57/><E74/><V133/><F133/><T59/><D42/><U67/><REACH who="1" step="1"/><E104/><REACH who="1" ten="369,356,315,0" step="2"/><V105/><F105/><T130/><D130/><U45/><N who="1" m="11264" /><DORA hai="78" /><U93/><E93/><V54/><F0/><T128/><D128/><U92/><E92/><V81/><F125/><T56/><D103/><U38/><E38/><V37/><F37/><T71/><D71/><U97/><E97/><V68/><F126/><T60/><REACH who="0" step="1"/><D58/><REACH who="0" ten="359,356,315,0" step="2"/><U122/><N who="1" m="31264" /><U62/><E62/><AGARI ba="0,2" hai="52,53,56,59,60,62,85,90,95,98,100,107,113,115" machi="62" ten="40,12000,2" yaku="1,1,9,1,52,2,54,1,53,1" doraHai="51,78" doraHaiUra="96,134" who="0" fromWho="1" sc="359,140,356,-120,315,0,0,0" owari="499,44.0,236,-36.0,315,-8.0,0,0.0" /></mjloggm>