<mjloggm ver="2.3"><GO type="185" lobby="0"/><UN n0="%E5%BD%A9%E3%83%B6%E4%BA%AD" n1="%E5%A4%9A%E6%9E%97%E6%99%8B" n2="%E6%A2%B6%E9%9A%86%E8%87%A3" n3="" dan="16,16,17,0" rate="2148.73,2210.77,2270.30,1500.00" sx="M,M,M,C"/><TAIKYOKU oya="0"/><INIT seed="0,0,0,1,3,73" ten="350,350,350,0" oya="0" hai0="79,87,50,49,104,86,0,100,76,132,107,125,57" hai1="109,65,60,83,134,2,114,121,47,93,128,41,91" hai2="53,106,74,94,39,99,115,44,126,130,110,43,42" hai3=""/><T135/><D125/><U90/><N who="1" m="31008" /><U40/><E2/><V101/><F126/><T67/><D67/><U33/><E33/><V64/><F115/><T88/><D0/><U45/><E114/><V84/><F110/><T102/><D57/><U63/><E109/><V129/><F74/><T133/><D132/><U120/><N who="1" m="30752" /><U56/><E134/><V131/><F64/><T61/><REACH who="0" step="1"/><D88/><REACH who="0" ten="340,350,350,0" step="2"/><U48/><E91/><V71/><F71/><T78/><D78/><U52/><E128/><V69/><F69/><T98/><D98/><U32/><E32/><V105/><F43/><T62/><AGARI ba="0,1" hai="49,50,61,62,76,79,86,87,100,102,104,107,133,135" machi="62" ten="25,12000,2" yaku="1,1,0,1,22,2,52,2,53,0" doraHai="73" doraHaiUra="89" who="0" fromWho="0" sc="340,130,350,-60,350,-60,0,0" /><INIT seed="0,1,0,2,2,46" ten="470,290,290,0" oya="0" hai0="80,49,95,106,98,99,81,77,116,86,115,107,42" hai1="94,102,109,40,66,58,131,69,3,130,128,32,87" hai2="1,84,96,118,78,91,57,35,88,0,127,113,2" hai3=""/><T39/><D39/><U44/><E3/><V50/><F113/><T120/><N who="0" m="30752" /><T133/><D42/><U79/><E32/><V67/><F35/><T134/><D49/><U73/><E69/><V54/><F127/><T59/><D59/><U37/><E109/><V45/><F118/><T121/><N who="0" m="31008" /><T125/><D125/><U52/><E66/><V117/><F117/><T63/><D63/><U119/><E119/><V76/><F96/><N who="0" m="36906" /><D116/><U62/><E102/><V92/><F91/><T43/><D43/><U103/><E103/><V65/><F65/><T89/><D115/><U61/><E73/><V47/><F47/><T71/><D71/><U101/><E101/><V34/><F34/><T82/><D77/><U122/><N who="1" m="31264" /><U129/><N who="1" m="32768" /><DORA hai="55" /><U53/><E79/><V135/><REACH who="2" step="1"/><F135/><AGARI ba="1,0" hai="80,81,82,86,89,95,106,107,133,134,135" m="36906,31008,30752" machi="135" ten="30,12000,1" yaku="20,1,34,2,52,2" doraHai="46,55" who="0" fromWho="2" sc="470,122,290,0,290,-122,0,0" /><INIT seed="0,2,0,2,4,36" ten="592,290,168,0" oya="0" hai0="87,32,75,111,123,69,99,54,122,1,62,106,39" hai1="51,100,97,70,90,64,33,34,58,57,42,72,98" hai2="43,74,128,78,45,2,52,77,89,37,118,105,60" hai3=""/><T55/><N who="0" m="31264" /><T38/><N who="0" m="31520" /><T110/><D75/><U119/><E72/><V132/><F2/><T107/><D32/><U85/><E119/><V63/><F118/><T35/><D35/><U115/><E115/><V50/><F105/><N who="0" m="39946" /><D99/><U71/><E98/><V86/><F128/><T117/><D87/><U79/><E79/><V121/><N who="2" m="31008" /><V82/><F132/><T47/><D117/><U48/><E33/><V120/><N who="2" m="30752" /><V88/><F89/><T130/><D1/><U0/><E0/><V66/><F66/><T109/><D130/><U125/><E64/><V92/><F78/><T91/><D91/><U126/><E34/><V56/><AGARI ba="2,0" hai="37,43,45,50,52,56,60,63,74,77,82,86,88,92" m="30752,31008" machi="56" ten="20,9000,2" yaku="0,1,7,1,52,3,54,2" doraHai="36" who="2" fromWho="2" sc="592,-62,290,-32,168,94,0,0" /><INIT seed="1,0,0,4,4,38" ten="530,258,262,0" oya="1" hai0="95,37,114,100,104,131,53,90,34,48,123,73,59" hai1="61,72,91,46,87,119,125,124,66,109,41,63,127" hai2="85,126,111,135,33,69,93,51,47,115,35,70,82" hai3=""/><U67/><E72/><V107/><F107/><T98/><N who="0" m="31520" /><T45/><D114/><U2/><E2/><V44/><F115/><T106/><D34/><U121/><N who="1" m="31008" /><U0/><E0/><V1/><F1/><T110/><D110/><U108/><E119/><V96/><F111/><N who="1" m="42569" /><E91/><V58/><F126/><T81/><D131/><U83/><E83/><V32/><F58/><T60/><D37/><U49/><E87/><V117/><F117/><T74/><D81/><U36/><E36/><V130/><F130/><T50/><D50/><U89/><E89/><V55/><F85/><T132/><D132/><U88/><E88/><V56/><F82/><T116/><D116/><U103/><E103/><V3/><F3/><T112/><D112/><U105/><E105/><V43/><F135/><T78/><D78/><U84/><E84/><V128/><F128/><T97/><REACH who="0" step="1"/><D104/><REACH who="0" ten="520,258,262,0" step="2"/><U80/><E80/><V120/><N who="2" m="30752" /><V99/><F33/><T92/><D92/><U133/><E133/><V79/><F32/><T40/><AGARI ba="0,1" hai="40,45,48,53,59,60,73,74,90,95,97,98,100,106" m="31520" machi="40" ten="20,9000,2" yaku="1,1,0,1,7,1,52,2,53,1" doraHai="38" doraHaiUra="101" who="0" fromWho="0" sc="520,100,258,-60,262,-30,0,0" /><INIT seed="2,0,0,1,0,66" ten="620,198,232,0" oya="2" hai0="32,48,121,40,73,76,37,92,82,54,117,42,118" hai1="128,45,63,49,34,1,99,59,90,104,125,123,98" hai2="96,122,111,46,131,43,95,85,103,55,50,87,71" hai3=""/><V72/><N who="2" m="31264" /><V126/><F131/><T112/><N who="0" m="31008" /><T79/><D32/><U67/><N who="1" m="31520" /><U107/><E34/><V69/><F126/><T70/><D112/><U94/><E1/><V113/><F72/><T88/><D70/><U2/><E2/><V58/><F113/><T38/><D79/><U132/><E128/><V52/><F111/><T119/><D38/><U114/><E114/><V135/><F135/><T109/><D37/><U83/><E125/><V65/><F55/><T134/><D109/><U35/><E35/><V120/><N who="2" m="30752" /><V101/><F103/><T130/><D134/><U133/><E83/><V47/><F46/><T77/><D77/><U62/><E63/><V81/><F65/><T124/><D130/><U106/><REACH who="1" step="1"/><E98/><REACH who="1" ten="620,188,232,0" step="2"/><V78/><REACH who="2" step="1"/><F87/><REACH who="2" ten="620,188,222,0" step="2"/><T75/><D124/><U102/><E102/><V33/><F33/><T39/><D117/><U68/><E68/><V61/><AGARI ba="0,2" hai="43,47,50,52,58,61,69,71,78,81,85,95,96,101" m="30752,31264" machi="61" ten="20,16000,3" yaku="1,1,0,1,7,1,52,4,54,1,53,1" doraHai="66" doraHaiUra="41" who="2" fromWho="2" sc="620,-80,188,-80,222,180,0,0" /><INIT seed="2,1,0,0,5,50" ten="540,108,402,0" oya="2" hai0="131,44,43,135,93,96,87,100,111,35,106,90,130" hai1="67,86,79,47,107,82,52,71,55,61,134,118,117" hai2="129,63,46,54,123,37,127,38,51,70,125,122,121" hai3=""/><V113/><N who="2" m="31008" /><V68/><N who="2" m="31264" /><V48/><N who="2" m="31520" /><V77/><F113/><T78/><D35/><U58/><E107/><V109/><F129/><N who="0" m="49162" /><D111/><U88/><E134/><V92/><F77/><T103/><D135/><U65/><E47/><V110/><F92/><T53/><D78/><U66/><E71/><N who="2" m="27179" /><F63/><T120/><N who="0" m="30752" /><T36/><D103/><U42/><E55/><AGARI ba="1,0" hai="36,43,44,53,55,87,90,93,96,100,106" m="30752,49162" machi="55" ten="30,7700,0" yaku="19,1,52,3" doraHai="50" who="0" fromWho="1" sc="540,79,108,-79,402,0,0,0" /><INIT seed="4,0,0,4,3,127" ten="619,29,402,0" oya="0" hai0="52,0,78,81,75,124,69,112,39,64,70,132,82" hai1="120,117,125,118,86,35,72,109,134,55,66,74,104" hai2="44,95,77,99,68,67,76,43,88,58,110,2,93" hai3=""/><T48/><D0/><U115/><E86/><V46/><F110/><T1/><D1/><U123/><N who="1" m="30752" /><U108/><E55/><V32/><F68/><T57/><D124/><U114/><E66/><V80/><F32/><T101/><D112/><U73/><N who="1" m="31520" /><U102/><E35/><V91/><F2/><T97/><D132/><U90/><E134/><V129/><F129/><T87/><D39/><U59/><E59/><V3/><F3/><T62/><D82/><U54/><E54/><V131/><F131/><T34/><D34/><U119/><E90/><V103/><F103/><T49/><D49/><U56/><E56/><V37/><F46/><T116/><D116/><U133/><E133/><V98/><F80/><T92/><D87/><U126/><E102/><V45/><F44/><AGARI ba="0,0" hai="44,48,52,57,62,64,69,70,75,78,81,92,97,101" machi="44" ten="30,2900,0" yaku="7,1,54,1" doraHai="127" who="0" fromWho="2" sc="619,29,29,0,402,-29,0,0" /><INIT seed="4,1,0,2,0,66" ten="648,29,373,0" oya="0" hai0="50,33,80,84,67,68,104,121,45,91,124,125,46" hai1="44,107,92,77,41,69,82,86,96,71,32,134,49" hai2="38,98,93,78,54,53,65,2,112,127,116,34,118" hai3=""/><T90/><N who="0" m="31008" /><T43/><D33/><U108/><E32/><V1/><F34/><T133/><D104/><U81/><E107/><V0/><F38/><T120/><N who="0" m="30752" /><T37/><D133/><U131/><E108/><V97/><F112/><T115/><D115/><U87/><E134/><V123/><N who="2" m="31520" /><V130/><F130/><T132/><D132/><U88/><REACH who="1" step="1"/><E131/><REACH who="1" ten="648,19,373,0" step="2"/><V122/><N who="2" m="31264" /><V40/><F118/><T128/><D128/><U72/><E72/><V114/><F116/><T52/><D124/><U75/><E75/><V105/><F127/><T58/><D125/><U103/><AGARI ba="1,1" hai="41,44,49,69,71,77,81,82,86,87,88,92,96,103" machi="103" ten="20,9000,2" yaku="1,1,0,1,7,1,52,2,54,1,53,1" doraHai="66" doraHaiUra="89" who="1" fromWho="1" sc="648,-61,19,102,373,-31,0,0" /><INIT seed="5,0,0,5,4,98" ten="587,121,342,0" oya="1" hai0="127,112,79,107,71,110,2,106,99,95,83,44,91" hai1="105,1,97,117,84,134,45,121,119,48,96,93,36" hai2="87,62,37,66,120,123,86,82,109,73,63,118,52" hai3=""/><U77/><N who="1" m="31008" /><U46/><E1/><V59/><N who="2" m="30752" /><V67/><N who="2" m="31520" /><V115/><F118/><T81/><D71/><U113/><E134/><V116/><F116/><T129/><D2/><U50/><E113/><V56/><F109/><T0/><D0/><U100/><E36/><V74/><F37/><T3/><D44/><U103/><E84/><V128/><F128/><T38/><D38/><U76/><E93/><V65/><F115/><T111/><D3/><U132/><E132/><V94/><F94/><T102/><D129/><U88/><E88/><V60/><F52/><T133/><D133/><U57/><E57/><N who="2" m="22091" /><F82/><T125/><D112/><U72/><E72/><AGARI ba="0,0" hai="60,62,63,65,66,67,72,73,74,86,87" m="22091,31520,30752" machi="72" ten="40,8000,1" yaku="28,2,52,2" doraHai="98" who="2" fromWho="1" sc="587,0,121,-80,342,80,0,0" /><INIT seed="6,0,0,1,4,111" ten="587,41,422,0" oya="2" hai0="97,3,82,69,134,71,84,2,68,51,78,100,122" hai1="57,81,55,34,89,133,115,66,53,42,45,85,36" hai2="39,107,129,50,73,54,128,74,116,52,131,125,59" hai3=""/><V86/><F116/><T124/><N who="0" m="31264" /><T101/><D134/><U80/><E34/><V79/><F107/><T90/><D124/><U123/><N who="1" m="31520" /><U120/><N who="1" m="30752" /><U95/><E133/><V132/><F132/><T92/><D51/><U35/><E35/><V63/><F39/><T96/><REACH who="0" step="1"/><D78/><REACH who="0" ten="577,41,422,0" step="2"/><U127/><E127/><V91/><F79/><T103/><D103/><U130/><E130/><V108/><F125/><T119/><D119/><U110/><E110/><V99/><F99/><T98/><D98/><U72/><E72/><V114/><F108/><T0/><D0/><U102/><E102/><V112/><F73/><T44/><D44/><U46/><E46/><V118/><F74/><T77/><D77/><U40/><E40/><V70/><F118/><T106/><AGARI ba="0,1" hai="2,3,68,69,71,82,84,90,92,96,97,100,101,106" m="31264" machi="106" ten="30,3000,0" yaku="1,1,0,1,52,1,53,0" doraHai="111" doraHaiUra="58" who="0" fromWho="0" sc="577,40,41,-10,422,-20,0,0" owari="617,57.0,31,-57.0,402,0.0,0,0.0" /></mjloggm>