<mjloggm ver="2.3"><GO type="169" lobby="0"/><UN n0="%E3%82%A2%E3%83%B3%E3%81%93%E3%81%B3" n1="%E7%A5%9E%E9%A2%A8%E3%81%A6%E3%81%83%E3%81%A3%E3%81%97%E3%82%85" n2="%E3%81%8B%E3%81%A5%E3%81%8D%EF%BC%B8%EF%BC%A9" n3="%E3%81%A8%E3%81%B3%E3%81%BE%E3%81%93" dan="16,16,16,16" rate="2202.02,2132.81,2117.16,2121.76" sx="M,M,M,M"/><TAIKYOKU oya="0"/><INIT seed="0,0,0,3,2,117" ten="250,250,250,250" oya="0" hai0="29,54,75,98,104,66,15,65,71,47,46,114,25" hai1="80,58,10,19,21,86,94,130,22,112,74,93,52" hai2="35,132,99,41,89,118,26,0,123,30,62,42,57" hai3="45,51,79,131,102,113,31,38,56,88,43,16,63"/><T72/><D114/><U37/><E37/><V73/><F0/><W128/><G113/><T91/><D15/><N who="1" m="7671" /><E74/><V96/><F73/><W49/><G31/><T85/><D54/><U40/><E40/><V23/><F118/><W39/><G79/><T109/><D109/><U70/><E70/><V108/><F108/><W8/><G102/><T67/><D71/><U115/><E130/><N who="3" m="49706" /><G39/><T50/><D98/><U33/><E33/><V78/><F78/><W95/><G16/><T7/><D7/><U32/><E32/><V3/><F3/><W129/><N who="3" m="49714" /><W4/><DORA hai="83" /><G8/><T60/><D60/><N who="1" m="35911" /><E115/><V17/><F132/><W76/><G76/><T24/><D104/><U27/><E112/><V133/><F133/><W116/><G4/><T126/><D72/><U14/><E14/><V1/><F1/><W135/><G116/><T97/><D75/><U84/><E80/><V124/><F35/><W20/><G20/><N who="1" m="7786" /><E27/><V48/><F26/><W64/><G135/><T122/><D24/><U77/><E77/><V44/><F30/><W127/><G127/><T28/><D126/><U107/><E107/><V101/><F124/><W12/><G12/><T69/><D25/><U82/><E82/><V121/><F23/><W125/><G125/><T111/><D111/><U61/><E61/><V11/><F11/><W13/><G13/><T6/><D69/><U9/><E9/><V106/><F17/><W18/><G18/><T68/><D68/><U92/><AGARI ba="0,0" hai="84,86,92,93,94" m="7786,35911,7671" machi="92" ten="30,7900,0" yaku="8,1,52,2,54,1" doraHai="117,83" who="1" fromWho="1" sc="250,-39,250,79,250,-20,250,-20" /><INIT seed="1,0,0,3,3,123" ten="211,329,230,230" oya="1" hai0="27,59,70,48,79,111,14,66,112,94,9,118,105" hai1="62,92,13,53,91,55,126,101,127,12,74,40,28" hai2="15,115,32,84,60,97,119,76,4,2,37,58,67" hai3="75,23,46,49,5,35,69,50,64,63,22,135,11"/><U77/><E101/><V42/><F32/><W20/><G35/><T116/><D112/><U47/><E77/><V103/><F119/><W86/><G75/><T124/><D105/><U68/><E74/><V130/><F2/><W54/><G135/><T134/><D134/><U110/><E28/><V43/><F37/><W19/><G86/><T128/><D128/><U30/><E30/><V83/><F115/><W85/><G85/><T88/><D124/><N who="1" m="47659" /><E68/><V38/><F38/><W3/><REACH who="3" step="1"/><G50/><REACH who="3" ten="211,329,230,220" step="2"/><T82/><D48/><U102/><E62/><V31/><F130/><W108/><G108/><T109/><D118/><U36/><E110/><N who="0" m="41993" /><D116/><U107/><E107/><V44/><F44/><W87/><G87/><N who="0" m="48607" /><D70/><U106/><E106/><V72/><F72/><W78/><G78/><T98/><D27/><AGARI ba="0,1" hai="3,5,11,19,20,22,23,27,46,49,54,63,64,69" machi="27" ten="30,3900,0" yaku="1,1,7,1,53,1" doraHai="123" doraHaiUra="1" who="3" fromWho="0" sc="211,-39,329,0,230,0,220,49" /><INIT seed="2,0,0,5,5,21" ten="172,329,230,269" oya="2" hai0="116,74,4,101,83,2,39,73,104,12,14,26,69" hai1="90,130,97,30,10,118,47,128,43,122,108,15,86" hai2="42,129,19,109,81,57,45,32,67,6,77,66,126" hai3="79,23,100,135,56,35,40,131,61,106,53,18,20"/><V127/><F32/><W103/><G35/><T41/><D116/><U70/><E118/><V132/><F129/><W50/><G135/><T51/><D69/><U123/><E70/><V36/><F132/><W134/><G134/><T29/><D39/><U71/><E71/><V1/><F19/><W110/><G110/><T84/><D104/><U27/><E97/><V64/><F57/><W75/><G131/><T17/><D101/><U25/><E108/><V102/><F102/><W65/><G40/><T78/><D2/><U46/><E30/><V5/><F109/><W133/><G133/><T11/><D41/><U87/><E43/><V98/><F98/><W8/><G8/><T111/><D51/><U68/><E68/><V121/><F121/><W96/><G100/><T58/><D58/><U99/><E99/><V91/><F91/><W85/><G75/><T62/><D62/><U9/><E15/><V95/><F95/><W59/><G18/><T92/><D92/><U117/><REACH who="1" step="1"/><E90/><REACH who="1" ten="172,319,230,269" step="2"/><V119/><F119/><W94/><G106/><T16/><D111/><U105/><E105/><V13/><F13/><W3/><G3/><T89/><D14/><U52/><E52/><V112/><F112/><W114/><G114/><T113/><D113/><U33/><E33/><V48/><F48/><W28/><G28/><T44/><D89/><U0/><E0/><V124/><REACH who="2" step="1"/><F1/><REACH who="2" ten="172,319,220,269" step="2"/><W63/><G50/><T60/><D29/><U37/><E37/><V88/><F88/><W125/><G96/><T31/><D31/><U115/><E115/><V22/><F22/><W38/><G23/><RYUUKYOKU ba="0,2" sc="172,-15,319,15,220,15,269,-15" hai1="9,10,25,27,46,47,86,87,117,122,123,128,130" hai2="5,6,36,42,45,64,66,67,77,81,124,126,127" /><INIT seed="2,1,2,5,3,25" ten="157,334,235,254" oya="2" hai0="129,20,13,66,99,121,89,39,131,95,37,82,31" hai1="5,122,8,21,128,64,119,110,24,85,135,60,88" hai2="53,43,51,27,124,54,49,70,34,48,87,45,93" hai3="74,109,35,22,12,96,3,7,56,38,106,86,52"/><V130/><F70/><W71/><G109/><T0/><D0/><U69/><E110/><V55/><F124/><W111/><G111/><T15/><D121/><U108/><E108/><V63/><F130/><N who="0" m="49674" /><D66/><U97/><E128/><V4/><F4/><W14/><G71/><T102/><D82/><U77/><E135/><V79/><F63/><W41/><G74/><T126/><D126/><U83/><E122/><V65/><F65/><W42/><G35/><T115/><D115/><U73/><E97/><V100/><F79/><W116/><G116/><T80/><D80/><U47/><E47/><V94/><F94/><W67/><G67/><T28/><D102/><U114/><E114/><V46/><F46/><W90/><G3/><T92/><D92/><U17/><E119/><V11/><F11/><N who="3" m="4223" /><G38/><N who="0" m="14347" /><D20/><U33/><E33/><V1/><F1/><W10/><G22/><T68/><D68/><U101/><E101/><V44/><F44/><W120/><G96/><T23/><D23/><U50/><E73/><V6/><F100/><W32/><G32/><T117/><D117/><U84/><E84/><V58/><F87/><W132/><G132/><T134/><D134/><U9/><E77/><V30/><F93/><N who="3" m="54487" /><G106/><T78/><D78/><U98/><E98/><V76/><F76/><W113/><G113/><T81/><D81/><U62/><E69/><V107/><F107/><W103/><G120/><T72/><D72/><U29/><E64/><V18/><F58/><W40/><G103/><T26/><D26/><U133/><E24/><N who="2" m="18759" /><F6/><N who="3" m="3415" /><G56/><T91/><D91/><N who="1" m="51647" /><E133/><V61/><F61/><W123/><G123/><RYUUKYOKU ba="1,2" sc="157,10,334,-30,235,10,254,10" hai0="13,15,28,31,89,95,99" hai2="18,27,43,45,48,49,51,53,54,55" hai3="40,41,42,52" /><INIT seed="2,2,2,0,3,130" ten="167,304,245,264" oya="2" hai0="80,45,31,35,7,0,6,4,107,40,60,9,97" hai1="66,99,89,62,122,76,58,95,112,92,32,129,69" hai2="28,20,18,44,59,98,42,43,74,57,39,33,96" hai3="8,102,70,121,65,94,104,36,113,79,17,26,68"/><V90/><F43/><W82/><G121/><T120/><D120/><U105/><E105/><V135/><F74/><W11/><G113/><T72/><D60/><U49/><E122/><V71/><F71/><W23/><G36/><T50/><D31/><U30/><E129/><V13/><F98/><W12/><G104/><T63/><D63/><U5/><E112/><V19/><F19/><W54/><G54/><T100/><REACH who="0" step="1"/><D35/><REACH who="0" ten="157,304,245,264" step="2"/><U10/><E30/><V83/><F28/><W109/><G70/><T91/><D91/><U73/><E32/><V52/><F33/><W27/><G68/><T128/><D128/><U125/><E89/><V118/><F90/><W47/><G65/><T67/><D67/><U53/><E69/><V48/><F118/><W24/><G109/><T123/><D123/><U3/><E66/><V25/><F83/><W85/><REACH who="3" step="1"/><G47/><REACH who="3" ten="157,304,245,254" step="2"/><T22/><D22/><U1/><E58/><V15/><F59/><W41/><G41/><T84/><D84/><U81/><E53/><V61/><F61/><W86/><G86/><T78/><AGARI ba="2,4" hai="0,4,6,7,9,40,45,50,72,78,80,97,100,107" machi="78" ten="30,2000,0" yaku="1,1,0,1,53,0" doraHai="130" doraHaiUra="16" who="0" fromWho="0" sc="157,66,304,-7,245,-12,254,-7" /><INIT seed="3,0,0,3,3,132" ten="223,297,233,247" oya="3" hai0="92,122,12,60,104,118,36,125,25,42,51,64,10" hai1="37,129,96,73,103,70,28,93,21,115,50,22,46" hai2="38,18,110,105,82,71,72,69,9,79,63,87,97" hai3="55,76,13,54,11,32,135,53,61,113,130,41,1"/><W0/><G113/><T24/><D118/><U30/><E115/><V102/><F110/><W62/><G32/><T112/><D122/><U86/><E73/><V68/><F38/><W99/><G135/><T7/><D104/><U98/><E70/><V19/><F9/><W94/><G76/><T17/><D112/><U111/><E37/><V83/><REACH who="2" step="1"/><F63/><REACH who="2" ten="223,297,223,247" step="2"/><W27/><G61/><T131/><D60/><U80/><E111/><V127/><F127/><W106/><G62/><T44/><D36/><U119/><E119/><V116/><F116/><W47/><G130/><T23/><D125/><U52/><E129/><V29/><F29/><W133/><G133/><T57/><D131/><U66/><E66/><V108/><F108/><W31/><G1/><T85/><D64/><U78/><E96/><V4/><F4/><W6/><G0/><T58/><D7/><U40/><E30/><V33/><F33/><W5/><G5/><T95/><D10/><U35/><E35/><V77/><AGARI ba="0,1" hai="18,19,68,69,71,72,77,79,82,83,87,97,102,105" machi="77" ten="40,2700,0" yaku="1,1,0,1,53,0" doraHai="132" doraHaiUra="20" who="2" fromWho="2" sc="223,-7,297,-7,223,37,247,-13" /><INIT seed="4,0,0,3,1,107" ten="216,290,260,234" oya="0" hai0="44,112,98,132,14,35,122,96,31,27,118,54,134" hai1="69,55,8,120,25,129,124,88,39,111,73,116,133" hai2="58,114,22,121,91,33,74,26,10,100,104,79,18" hai3="92,67,37,106,80,45,89,5,123,11,84,1,42"/><T36/><D118/><U126/><RYUUKYOKU type="yao9" ba="0,0" sc="216,0,290,0,260,0,234,0" hai1="8,25,39,55,69,73,88,111,116,120,124,126,129,133" /><INIT seed="4,1,0,2,1,87" ten="216,290,260,234" oya="0" hai0="67,26,100,86,17,97,108,12,94,47,103,106,40" hai1="101,9,133,50,69,121,23,1,128,79,2,68,95" hai2="11,55,24,118,25,83,71,96,5,92,104,117,32" hai3="70,10,58,98,124,22,14,33,42,63,88,53,109"/><T82/><D108/><U27/><E121/><V112/><F71/><W65/><G33/><T49/><D67/><U78/><E128/><V21/><F112/><W116/><G109/><T107/><D26/><U31/><E133/><V37/><F37/><W56/><G116/><N who="2" m="44649" /><F104/><W16/><G124/><T57/><D57/><U18/><E1/><V77/><F32/><W80/><G42/><T73/><D73/><U84/><E69/><V114/><F55/><W30/><G70/><T102/><D107/><U6/><E68/><V134/><F21/><W64/><G56/><T113/><D106/><U59/><E31/><V36/><F36/><W4/><G30/><T38/><D38/><U126/><E126/><V39/><F39/><W89/><G80/><T51/><D51/><U45/><E59/><V125/><F114/><W15/><G98/><T75/><D75/><U129/><E129/><V131/><F134/><W29/><G29/><T115/><D115/><U62/><E62/><V0/><F131/><W46/><G65/><T123/><D123/><U74/><E74/><N who="2" m="43447" /><F125/><W81/><G81/><T52/><D40/><U132/><E132/><V72/><F72/><W93/><G93/><T130/><D130/><U34/><E34/><V28/><F28/><W44/><REACH who="3" step="1"/><G53/><REACH who="3" ten="216,290,260,224" step="2"/><T135/><D135/><U54/><REACH who="1" step="1"/><E101/><AGARI ba="1,1" hai="0,5,11,24,25,92,96,101" m="43447,44649" machi="101" ten="30,1000,0" yaku="12,1" doraHai="87" who="2" fromWho="1" sc="216,0,290,-13,260,23,224,0" /><INIT seed="5,0,0,2,2,6" ten="216,277,283,224" oya="1" hai0="82,49,81,85,22,18,62,102,11,1,42,31,47" hai1="34,105,29,67,89,76,88,86,115,104,79,13,40" hai2="37,33,71,2,96,103,95,65,113,83,45,108,128" hai3="117,112,25,56,52,9,35,17,100,114,7,101,119"/><U75/><E67/><V132/><F33/><W60/><G35/><T80/><D102/><N who="3" m="39529" /><G25/><T130/><D130/><U5/><E34/><V51/><F108/><W20/><G20/><T30/><D62/><U93/><E29/><V129/><F37/><W92/><G17/><T19/><D85/><N who="1" m="52367" /><E13/><V109/><F109/><W32/><G92/><T48/><D48/><U68/><E5/><V23/><F2/><N who="3" m="247" /><G32/><T127/><D127/><U58/><E58/><V54/><F71/><W125/><G125/><T43/><D43/><U41/><E68/><V133/><F65/><W97/><G97/><T50/><D50/><U134/><E41/><V46/><F46/><W4/><G4/><T3/><D3/><U44/><E44/><V123/><F23/><W70/><G70/><T24/><D1/><U39/><E40/><V26/><F45/><W66/><G66/><T118/><D118/><AGARI ba="0,0" hai="52,56,60,112,114,117,118,119" m="247,39529" machi="118" ten="30,3900,0" yaku="12,1,52,1,54,1" doraHai="6" who="3" fromWho="0" sc="216,-39,277,0,283,0,224,39" /><INIT seed="6,0,0,3,3,17" ten="177,277,283,263" oya="2" hai0="26,35,73,7,82,50,66,16,52,122,65,9,19" hai1="3,0,125,91,18,30,84,124,89,79,46,121,134" hai2="54,117,102,88,29,116,81,126,72,131,62,27,64" hai3="101,6,12,135,99,38,118,42,78,80,75,56,57"/><V86/><F126/><W68/><G68/><T132/><D122/><U93/><E121/><V24/><F131/><W69/><G69/><T33/><D132/><U71/><E71/><V59/><F72/><W10/><G135/><T106/><D106/><U37/><E134/><V87/><F24/><W55/><G118/><T119/><D119/><U113/><E113/><V133/><F133/><W31/><G31/><T92/><D73/><U53/><E79/><V108/><F108/><W11/><G55/><T43/><D43/><U40/><E30/><V45/><F102/><W41/><G11/><T90/><D82/><U103/><E103/><V25/><F25/><W4/><G4/><T1/><D66/><U123/><E123/><V28/><F28/><W74/><G74/><T95/><D65/><U14/><E53/><V32/><F87/><W104/><REACH who="3" step="1"/><G38/><REACH who="3" ten="177,277,283,253" step="2"/><T85/><D92/><U120/><E120/><V5/><F5/><W51/><G51/><T23/><D19/><U70/><E70/><V61/><F45/><AGARI ba="0,1" hai="1,7,9,16,23,26,33,35,45,50,52,85,90,95" machi="45" ten="30,7700,0" yaku="7,1,52,1,54,2" doraHai="17" who="0" fromWho="2" sc="177,87,277,0,283,-77,253,0" /><INIT seed="7,0,0,5,4,29" ten="264,277,206,253" oya="3" hai0="19,17,67,52,104,105,99,125,92,94,116,98,77" hai1="55,46,3,90,49,25,39,11,42,120,88,86,16" hai2="48,58,96,6,0,4,113,102,106,71,101,95,114" hai3="34,15,126,112,70,61,22,84,132,97,38,69,56"/><W20/><G38/><T18/><D116/><U32/><E120/><V5/><F0/><W33/><G84/><T109/><D109/><U119/><E119/><V30/><F71/><N who="3" m="27147" /><G97/><T115/><D67/><U2/><E90/><V85/><F30/><W89/><G89/><T93/><D125/><U53/><E53/><V74/><F74/><W40/><G40/><T28/><D28/><U59/><E32/><N who="3" m="12394" /><G15/><T57/><D77/><U47/><E59/><V21/><F21/><W75/><G75/><T66/><D66/><U124/><E124/><V44/><F58/><W23/><G126/><T117/><D117/><U118/><E118/><V82/><F102/><W8/><G8/><T62/><D98/><U87/><E87/><V7/><N who="2" m="1024" /><DORA hai="10" /><V121/><F121/><W135/><G112/><T133/><D115/><U72/><E72/><V122/><F95/><W1/><G1/><T110/><D92/><U100/><E100/><V9/><F9/><W131/><G131/><T43/><D93/><U123/><E123/><V129/><F129/><W91/><G91/><T103/><D43/><U108/><E108/><V107/><F122/><W128/><G128/><T79/><D110/><U13/><E25/><V45/><F45/><W111/><G111/><T26/><D26/><U68/><E68/><V127/><F127/><W14/><G14/><T36/><D36/><U76/><E76/><N who="2" m="46279" /><F107/><N who="0" m="41034" /><D79/><U83/><AGARI ba="0,0" hai="2,3,11,13,16,39,42,46,47,49,55,83,86,88" machi="83" ten="20,12000,2" yaku="0,1,7,1,25,2,52,1,54,2" doraHai="29,10" who="1" fromWho="1" sc="264,-30,277,120,206,-30,253,-60" owari="234,3.0,397,50.0,176,-32.0,193,-21.0" /></mjloggm>