<mjloggm ver="2.3"><GO type="169" lobby="0"/><UN n0="%E4%B8%80%E8%93%AE%E5%B3%BB%E6%BD%A4" n1="%E3%81%B8%E3%82%80%E3%81%B8%E3%82%80%EF%BC%92%E5%8F%B7" n2="%E3%82%A4%E3%83%B3%E3%83%87%E3%82%A3%E3%82%B4%E3%83%96%E3%83%AB%E3%83%BC" n3="%E8%8F%8A%E7%94%B0%E5%84%AA%E4%B8%80%E9%83%8E" dan="18,16,16,16" rate="2263.61,2049.31,2152.72,2049.51" sx="M,M,M,M"/><TAIKYOKU oya="0"/><INIT seed="0,0,0,1,2,106" ten="250,250,250,250" oya="0" hai0="29,19,35,107,100,98,7,112,61,68,72,108,101" hai1="65,75,15,84,20,62,66,110,134,28,92,119,87" hai2="127,47,50,9,58,55,0,31,17,94,82,95,88" hai3="111,49,37,120,69,70,48,3,16,105,1,4,118"/><T42/><D112/><U59/><E119/><V131/><F127/><W22/><G118/><T80/><D101/><U33/><E110/><V13/><F131/><W14/><G111/><T12/><D108/><U77/><E134/><V41/><F0/><W56/><G37/><T34/><D7/><U73/><E33/><V64/><F31/><W93/><G105/><T96/><D96/><U18/><E28/><V86/><REACH who="2" step="1"/><F64/><REACH who="2" ten="250,250,240,250" step="2"/><W21/><G120/><T79/><D29/><U51/><E66/><V124/><F124/><W30/><G3/><T60/><D42/><U135/><E135/><V54/><F54/><W71/><G1/><T45/><D45/><U85/><E77/><V115/><F115/><W128/><G128/><T103/><D103/><U90/><REACH who="1" step="1"/><E51/><AGARI ba="0,1" hai="9,13,17,41,47,50,51,55,58,82,86,88,94,95" machi="51" ten="30,8000,1" yaku="1,1,7,1,8,1,54,1,53,1" doraHai="106" doraHaiUra="81" who="2" fromWho="1" sc="250,0,250,-80,240,90,250,0" /><INIT seed="1,0,0,5,0,11" ten="250,170,330,250" oya="1" hai0="68,22,41,99,38,66,43,55,70,34,85,95,118" hai1="46,92,64,14,104,73,123,90,91,30,112,69,35" hai2="39,17,133,26,72,40,27,80,97,113,48,7,105" hai3="44,37,79,25,96,6,78,130,33,61,49,24,4"/><U103/><E123/><V52/><F133/><W132/><G132/><T100/><D118/><U20/><E112/><V1/><F113/><W131/><G37/><T42/><D34/><U13/><E73/><V81/><F97/><W62/><G49/><T63/><D68/><U127/><E46/><N who="2" m="23839" /><F80/><W47/><REACH who="3" step="1"/><G96/><REACH who="3" ten="250,170,330,240" step="2"/><T21/><D38/><U125/><E104/><V19/><F105/><W56/><G56/><T109/><D109/><U120/><E69/><V76/><F27/><W28/><G28/><T101/><D99/><U82/><E30/><V129/><F26/><W119/><G119/><T110/><D110/><U126/><E125/><V18/><F129/><W77/><G77/><T83/><D70/><U75/><E126/><V29/><F29/><W54/><G54/><T15/><D55/><U114/><E127/><V89/><F48/><W31/><G31/><T98/><D101/><U58/><E114/><V16/><F52/><W74/><G74/><T50/><D50/><U84/><E75/><V86/><N who="2" m="4096" /><DORA hai="88" /><V124/><F124/><W32/><AGARI ba="0,1" hai="4,6,24,25,32,33,44,47,61,62,78,79,130,131" machi="32" ten="25,6400,0" yaku="1,1,0,1,22,2,53,0" doraHai="11,88" doraHaiUra="45,121" who="3" fromWho="3" sc="250,-16,170,-32,330,-16,240,74" /><INIT seed="2,0,0,1,4,65" ten="234,138,314,314" oya="2" hai0="69,43,92,53,61,125,4,70,46,126,44,124,33" hai1="35,81,37,16,95,133,90,66,42,13,25,128,64" hai2="45,39,47,9,67,99,79,52,96,87,5,103,127" hai3="58,28,91,130,60,2,88,15,93,115,71,72,121"/><V100/><F127/><W63/><G121/><T27/><D4/><U135/><E128/><V32/><F32/><W21/><G2/><T68/><D92/><U102/><E102/><V86/><F67/><W97/><G72/><T11/><D11/><U98/><E81/><V50/><F39/><W73/><G115/><T77/><D77/><U10/><E37/><V38/><F38/><W7/><G73/><T59/><D43/><U48/><E48/><V20/><F20/><W51/><G71/><T41/><D41/><U80/><E42/><V26/><F26/><N who="3" m="16463" /><G130/><T122/><D122/><U84/><E66/><V129/><F47/><N who="0" m="17962" /><D27/><U1/><E64/><V82/><F87/><W107/><G107/><T131/><D33/><U34/><E1/><V0/><REACH who="2" step="1"/><F129/><AGARI ba="0,0" hai="53,59,61,68,69,70,124,125,126,129,131" m="17962" machi="129" ten="50,12000,2" yaku="18,1,34,2,52,3" doraHai="65" who="0" fromWho="2" sc="234,120,138,0,314,-120,314,0" /><INIT seed="3,0,0,0,1,133" ten="354,138,194,314" oya="3" hai0="123,130,49,95,64,80,8,23,126,25,5,19,57" hai1="103,101,116,29,28,11,13,71,132,70,52,84,44" hai2="69,32,76,16,111,2,110,58,68,86,15,88,63" hai3="43,135,40,30,118,105,55,45,106,90,93,127,35"/><W6/><G127/><T122/><D130/><U36/><E132/><V120/><F2/><W99/><G135/><T50/><D126/><U78/><E116/><V107/><F107/><W42/><G118/><T61/><D80/><N who="1" m="47127" /><E36/><V113/><F76/><W51/><REACH who="3" step="1"/><G6/><REACH who="3" ten="354,138,194,304" step="2"/><T54/><D123/><U60/><E71/><V65/><F120/><W27/><AGARI ba="0,1" hai="27,30,35,40,42,43,45,51,55,90,93,99,105,106" machi="27" ten="30,6000,0" yaku="1,1,2,1,0,1,53,0" doraHai="133" doraHaiUra="3" who="3" fromWho="3" sc="354,-20,138,-20,194,-20,304,70" /><INIT seed="3,1,0,2,3,30" ten="334,118,174,374" oya="3" hai0="69,67,40,21,0,23,43,22,45,75,103,95,12" hai1="89,92,59,73,26,76,35,91,108,19,38,31,65" hai2="68,71,62,53,105,3,44,33,57,94,10,133,83" hai3="127,104,7,63,134,11,5,80,39,111,123,128,81"/><W55/><G123/><T37/><D0/><U1/><E108/><V85/><F133/><W78/><G128/><T86/><D75/><U84/><E38/><V41/><F105/><W77/><G127/><T49/><D69/><U88/><E1/><V16/><F94/><W129/><G39/><T13/><D67/><U18/><E73/><V9/><F9/><W60/><G104/><T64/><D64/><U20/><E18/><V29/><F3/><W118/><G118/><T125/><D125/><U112/><E112/><V54/><F54/><W101/><G101/><T24/><D24/><U14/><REACH who="1" step="1"/><E76/><REACH who="1" ten="334,108,174,374" step="2"/><N who="3" m="29290" /><G134/><T70/><D37/><U116/><E116/><V130/><F130/><W98/><G129/><T124/><D124/><U46/><E46/><V66/><F16/><W47/><G111/><T132/><D132/><U115/><E115/><V36/><F44/><W17/><G17/><T51/><D45/><U99/><E99/><V52/><F36/><W27/><G98/><T32/><D12/><U28/><E28/><V113/><F29/><W121/><G121/><T25/><D13/><U109/><E109/><V74/><F74/><W72/><G72/><T110/><D110/><U61/><AGARI ba="1,1" hai="14,19,20,26,31,35,59,61,65,84,88,89,91,92" machi="61" ten="30,7900,0" yaku="1,1,0,1,52,1,54,1,53,0" doraHai="30" doraHaiUra="120" who="1" fromWho="1" sc="334,-21,108,92,174,-21,374,-40" /><INIT seed="4,0,0,1,4,19" ten="313,200,153,334" oya="0" hai0="41,126,100,23,52,98,33,37,30,104,94,44,88" hai1="112,60,115,47,133,31,79,70,6,35,113,8,53" hai2="101,129,89,63,90,36,14,83,42,110,10,21,66" hai3="25,7,135,106,105,103,5,116,99,120,134,2,57"/><T108/><D126/><U84/><E84/><BYE who="1" /><V75/><F110/><W4/><G116/><T27/><D108/><U22/><E22/><V50/><F129/><UN n1="%E3%81%B8%E3%82%80%E3%81%B8%E3%82%80%EF%BC%92%E5%8F%B7" /><W81/><G120/><T65/><D65/><N who="1" m="41255" /><E79/><V24/><F36/><W9/><G57/><T78/><D78/><U45/><E133/><N who="3" m="50698" /><G106/><T123/><D123/><U92/><E92/><V68/><F101/><W85/><G25/><T58/><D33/><U1/><E53/><V16/><F83/><W117/><G117/><T97/><D104/><U46/><E31/><V61/><F61/><W34/><G34/><AGARI ba="0,0" hai="1,6,8,34,35,45,46,47,112,113,115" m="41255" machi="34" ten="40,2600,0" yaku="15,1,11,1" doraHai="19" who="1" fromWho="3" sc="313,0,200,26,153,0,334,-26" /><INIT seed="5,0,0,2,0,74" ten="313,226,153,308" oya="1" hai0="26,8,85,49,12,6,133,84,76,113,46,23,94" hai1="89,93,110,53,64,91,28,107,100,103,132,3,67" hai2="83,4,109,21,13,17,19,58,81,54,106,79,77" hai3="98,86,111,52,88,122,1,51,135,29,24,66,71"/><U73/><E3/><V14/><F109/><W123/><G111/><T130/><D113/><U126/><E110/><V9/><F106/><W125/><G1/><T101/><D130/><U30/><E73/><V121/><F121/><W96/><G135/><T36/><D36/><U55/><E107/><V44/><F44/><W104/><G125/><T20/><D133/><U57/><E132/><V124/><F124/><W105/><G105/><T61/><D61/><U2/><E57/><V115/><F4/><W48/><G48/><T90/><D101/><U10/><E93/><V27/><F27/><W22/><G98/><T70/><D70/><U42/><E2/><V41/><F41/><W99/><G99/><T80/><D26/><U68/><E42/><AGARI ba="0,0" hai="6,8,12,20,23,42,46,49,76,80,84,85,90,94" machi="42" ten="30,8000,1" yaku="7,1,25,2,8,1,52,1" doraHai="74" who="0" fromWho="1" sc="313,80,226,-80,153,0,308,0" /><INIT seed="6,0,0,2,0,13" ten="393,146,153,308" oya="2" hai0="79,42,115,125,28,118,48,90,3,27,36,5,43" hai1="97,81,10,34,101,74,110,109,32,92,66,121,1" hai2="47,25,83,128,87,94,59,38,51,73,21,53,46" hai3="56,45,106,126,15,52,8,55,33,11,131,4,12"/><V29/><F128/><W99/><G126/><T58/><D79/><N who="1" m="44279" /><E66/><V93/><F73/><W75/><G75/><T130/><D90/><U112/><E92/><N who="2" m="35435" /><F38/><W2/><G33/><N who="1" m="12906" /><E112/><V72/><F72/><W89/><G131/><T114/><D130/><U17/><E17/><V9/><F9/><W7/><G2/><T86/><D118/><U62/><E62/><V50/><F50/><W129/><G129/><T35/><D125/><U95/><E95/><V31/><F31/><W103/><G89/><AGARI ba="0,0" hai="21,25,29,46,47,51,53,59,83,87,89" m="35435" machi="89" ten="30,1500,0" yaku="8,1" doraHai="13" who="2" fromWho="3" sc="393,0,146,0,153,15,308,-15" /><INIT seed="6,1,0,3,3,49" ten="393,146,168,293" oya="2" hai0="7,39,79,31,98,97,123,47,132,40,59,48,1" hai1="83,73,103,36,44,125,29,46,86,95,38,4,105" hai2="130,82,76,119,10,115,92,56,3,99,30,18,12" hai3="101,43,13,109,107,91,62,121,11,74,72,54,88"/><V42/><F115/><W131/><G121/><T26/><D123/><U17/><E125/><V34/><F119/><W108/><G43/><T96/><D132/><U90/><E29/><V93/><F130/><W112/><G13/><T117/><D117/><U77/><E4/><V89/><F3/><W35/><G11/><T28/><D79/><U126/><E126/><V66/><F42/><W20/><G20/><T51/><D31/><U111/><E111/><N who="3" m="42570" /><G54/><T118/><D118/><U113/><E113/><V110/><F110/><W75/><G62/><T120/><D120/><U106/><E17/><V128/><F128/><W2/><G35/><T57/><D48/><U45/><REACH who="1" step="1"/><E105/><REACH who="1" ten="393,136,168,293" step="2"/><V55/><F30/><W68/><G112/><T15/><D1/><U84/><E84/><N who="2" m="48199" /><F34/><W16/><G75/><T32/><D39/><U135/><E135/><V8/><F66/><W9/><G74/><T104/><D104/><U87/><E87/><V70/><F70/><W102/><G68/><T114/><D114/><U122/><E122/><V60/><F93/><W33/><G72/><T25/><D32/><U24/><E24/><N who="0" m="9321" /><D28/><U124/><E124/><V27/><F27/><W100/><G131/><T63/><D15/><U53/><E53/><V0/><F0/><W22/><G107/><T37/><D37/><U58/><E58/><V52/><F55/><W50/><G33/><T127/><D127/><U67/><E67/><V23/><AGARI ba="1,1" hai="8,10,12,18,23,52,56,60,89,92,99" m="48199" machi="23" ten="30,6000,0" yaku="8,1,52,1,54,1" doraHai="49" who="2" fromWho="2" sc="393,-21,136,-21,168,73,293,-21" /><INIT seed="6,2,0,3,3,100" ten="372,115,241,272" oya="2" hai0="14,129,121,18,7,0,112,62,23,25,53,97,52" hai1="102,73,116,64,70,133,29,6,39,130,55,134,106" hai2="45,41,13,87,38,79,33,132,36,88,126,9,27" hai3="104,95,124,94,123,60,42,89,11,19,3,98,40"/><V57/><F132/><W20/><G124/><T2/><D121/><U21/><E6/><V28/><F126/><W58/><G123/><T50/><D112/><U37/><E55/><V71/><F71/><W122/><G122/><T67/><D129/><U84/><E84/><V59/><F79/><W135/><G104/><T31/><D97/><U111/><E21/><V93/><REACH who="2" step="1"/><F38/><REACH who="2" ten="372,115,231,272" step="2"/><W128/><G135/><T69/><D0/><U43/><E70/><V56/><F56/><W10/><G3/><T117/><D117/><U66/><E39/><V81/><F81/><W68/><G68/><T91/><D2/><U26/><E37/><V63/><F63/><W114/><G58/><T110/><D69/><U17/><E133/><V5/><AGARI ba="2,1" hai="5,9,13,27,28,33,36,41,45,57,59,87,88,93" machi="5" ten="20,7800,0" yaku="1,1,0,1,7,1,54,1,53,0" doraHai="100" doraHaiUra="51" who="2" fromWho="2" sc="372,-28,115,-28,231,94,272,-28" /><INIT seed="6,3,0,1,5,120" ten="344,87,325,244" oya="2" hai0="102,133,65,30,23,60,64,98,0,114,101,67,17" hai1="131,74,109,58,49,89,112,29,18,110,21,6,11" hai2="10,86,100,16,56,69,107,50,130,41,25,31,33" hai3="124,127,63,40,79,3,113,119,77,15,126,39,121"/><V8/><F130/><W85/><G3/><T129/><D0/><U59/><E74/><V95/><F69/><W73/><G39/><T104/><D129/><U105/><E131/><V132/><F132/><W55/><G40/><T12/><D133/><U1/><E112/><V62/><F107/><W61/><G15/><T70/><D114/><U116/><E116/><V37/><F37/><W68/><G113/><T123/><D123/><U52/><E105/><V53/><F31/><W14/><G121/><T97/><REACH who="0" step="1"/><D30/><REACH who="0" ten="334,87,325,244" step="2"/><U51/><E29/><V117/><F117/><W2/><G119/><T122/><D122/><U66/><E89/><N who="2" m="53687" /><F100/><W13/><G2/><T34/><D34/><U75/><E75/><V94/><F33/><W91/><G127/><T135/><D135/><U111/><E66/><V128/><F128/><W115/><G115/><T106/><AGARI ba="3,1" hai="12,17,23,60,64,65,67,70,97,98,101,102,104,106" machi="106" ten="20,5200,0" yaku="1,1,0,1,7,1,9,1,53,0" doraHai="120" doraHaiUra="28" who="0" fromWho="0" sc="334,71,87,-16,325,-29,244,-16" /><INIT seed="7,0,0,5,4,49" ten="405,71,296,228" oya="3" hai0="125,105,31,84,121,43,0,118,61,101,135,36,78" hai1="104,66,48,92,134,132,93,65,7,34,129,113,131" hai2="69,22,64,44,26,9,90,67,20,108,29,45,91" hai3="130,54,96,128,111,97,8,24,25,4,12,133,80"/><W39/><G39/><T85/><D121/><U40/><E34/><V107/><F107/><W117/><G117/><T46/><D118/><U88/><E7/><V119/><F108/><W95/><G133/><T73/><D135/><U103/><E104/><V98/><F69/><W19/><G111/><T112/><D31/><U10/><E48/><V28/><F9/><W52/><G80/><T18/><D18/><U70/><E10/><V72/><F72/><W62/><G62/><T79/><D0/><U75/><E40/><V1/><F1/><W126/><G97/><T51/><D36/><U11/><E11/><V56/><F56/><W68/><G126/><T21/><D61/><U3/><E3/><V63/><F63/><W77/><G77/><T47/><D125/><U94/><E103/><V127/><F127/><W109/><G68/><T32/><D101/><U87/><E75/><V99/><F119/><W60/><G60/><T120/><D79/><U58/><E70/><V123/><F123/><W114/><G114/><T27/><D112/><U89/><E93/><V35/><F35/><W59/><G59/><T2/><D32/><U13/><E113/><V14/><F14/><W57/><G57/><T41/><D78/><U100/><E58/><V82/><F82/><W116/><G116/><T122/><D73/><U102/><E87/><V55/><F26/><N who="3" m="10347" /><G4/><T23/><D120/><U16/><REACH who="1" step="1"/><E13/><REACH who="1" ten="405,61,296,228" step="2"/><V110/><F110/><W124/><G124/><T76/><D122/><U38/><E38/><V15/><F15/><W81/><G95/><T37/><D2/><U53/><E53/><AGARI ba="0,1" hai="20,22,28,29,44,45,53,55,64,67,90,91,98,99" machi="53" ten="25,12000,2" yaku="6,1,22,2,8,1,52,2" doraHai="49" who="2" fromWho="1" sc="405,0,61,-120,296,130,228,0" owari="405,21.0,-59,-56.0,426,52.0,228,-17.0" /></mjloggm>