<mjloggm ver="2.3"><GO type="185" lobby="0"/><UN n0="%E3%81%82%E3%81%9F%E3%82%89%E3%81%AA%E3%81%84%E3%81%A7%EF%BC%81" n1="%28%C2%B4%E3%81%B8%CE%B5%E3%81%B8%60%29" n2="%E3%83%AA%E3%82%B3%E3%83%BB%E3%83%90%E3%83%B3%E3%83%87%E3%83%A9%E3%82%B9" n3="" dan="16,20,17,0" rate="2174.22,2430.73,2222.29,1500.00" sx="M,M,M,C"/><TAIKYOKU oya="0"/><INIT seed="0,0,0,4,4,47" ten="350,350,350,0" oya="0" hai0="38,2,107,115,94,106,48,78,95,37,57,74,40" hai1="100,64,75,83,132,130,110,102,56,34,114,73,71" hai2="33,131,101,66,42,85,32,54,69,96,60,72,79" hai3=""/><T123/><N who="0" m="31520" /><T129/><D115/><U119/><E34/><V124/><F72/><T39/><D2/><U43/><E119/><V52/><F131/><T45/><D129/><U98/><E130/><V62/><F124/><T41/><D41/><U87/><E71/><V35/><F42/><T109/><D109/><U93/><E110/><V88/><F79/><T117/><D117/><U53/><E114/><V103/><F62/><T99/><D94/><U122/><N who="1" m="31264" /><U90/><E132/><V3/><F3/><T108/><D108/><U104/><E43/><V61/><F61/><T77/><D57/><U70/><E64/><V67/><F67/><T121/><N who="0" m="31008" /><T125/><D125/><U0/><E70/><V135/><F135/><T49/><D49/><U112/><E0/><V126/><F126/><T97/><D74/><U44/><E44/><V84/><F33/><T58/><D58/><U55/><E112/><V46/><F46/><T68/><D68/><U120/><N who="1" m="30752" /><U65/><E75/><V1/><F1/><T81/><D40/><U51/><E73/><V63/><F69/><T59/><D45/><U91/><E56/><V133/><F133/><T36/><D59/><U116/><E116/><V113/><F113/><RYUUKYOKU ba="0,0" sc="350,0,350,0,350,0,0,0" /><INIT seed="1,1,0,3,4,91" ten="350,350,350,0" oya="1" hai0="93,111,46,40,106,48,55,130,112,41,49,97,110" hai1="95,98,114,90,102,103,132,126,71,121,63,70,122" hai2="84,34,39,79,45,82,33,78,61,118,109,36,44" hai3=""/><U50/><N who="1" m="31008" /><U54/><N who="1" m="31264" /><U125/><E114/><V89/><F109/><N who="0" m="41482" /><D112/><U68/><E63/><V62/><F118/><T1/><D1/><U85/><E132/><V117/><F117/><T108/><D130/><U35/><E35/><V52/><F78/><T38/><D106/><U96/><E96/><V60/><F45/><T124/><D124/><N who="1" m="47723" /><E98/><V67/><F67/><T43/><D108/><U104/><E104/><V76/><F60/><T86/><D86/><U2/><E2/><V32/><F61/><T119/><D119/><U105/><E105/><V100/><F62/><T0/><D0/><U53/><E53/><V47/><F52/><T42/><D55/><U116/><E116/><V115/><F115/><T113/><D113/><U80/><E80/><V3/><F3/><T123/><N who="0" m="31520" /><T75/><D75/><U77/><E77/><V135/><F34/><T57/><D57/><AGARI ba="1,0" hai="50,54,57,68,70,71,85,90,95,102,103" m="47723,31264,31008" machi="57" ten="40,12000,1" yaku="18,1,52,3" doraHai="91" who="1" fromWho="0" sc="350,-122,350,122,350,0,0,0" /><INIT seed="1,2,0,5,5,96" ten="228,472,350,0" oya="1" hai0="68,66,82,49,127,73,51,62,38,134,118,116,92" hai1="52,113,91,100,34,42,120,71,111,93,94,0,115" hai2="85,105,106,114,39,65,33,103,125,110,48,56,122" hai3=""/><U81/><N who="1" m="30752" /><U45/><E34/><V44/><N who="2" m="31264" /><V112/><F33/><T128/><D38/><U35/><E35/><V83/><F110/><T90/><D128/><U37/><E0/><V80/><F39/><T133/><D127/><U61/><E111/><V95/><F125/><T41/><D82/><U70/><E81/><V101/><F56/><T54/><D73/><U32/><E32/><V46/><F65/><T64/><D64/><U55/><E100/><N who="2" m="38475" /><F46/><T79/><D79/><U97/><E94/><V108/><F108/><T124/><D124/><U129/><E129/><V89/><F48/><T3/><D3/><U40/><E40/><V119/><F44/><T69/><D69/><U72/><E72/><V60/><F60/><T53/><D41/><U57/><REACH who="1" step="1"/><E55/><REACH who="1" ten="228,462,350,0" step="2"/><V86/><F83/><T98/><D54/><U1/><E1/><V99/><F119/><N who="0" m="45610" /><D53/><U109/><E109/><V74/><F74/><T63/><D63/><U47/><E47/><V131/><F131/><T77/><D77/><U76/><E76/><V117/><F117/><T78/><D78/><U123/><N who="1" m="31520" /><U59/><E59/><V75/><F75/><T126/><D126/><U67/><E67/><V132/><F80/><T50/><AGARI ba="2,1" hai="49,50,51,62,66,68,90,92,98,133,134" m="45610" machi="50" ten="40,2000,0" yaku="5,1,12,1" doraHai="96" who="0" fromWho="0" sc="228,34,462,-15,350,-9,0,0" /><INIT seed="2,0,0,4,5,109" ten="262,447,341,0" oya="2" hai0="134,33,43,52,78,86,85,66,117,118,124,32,91" hai1="80,112,98,115,50,79,126,73,130,44,51,100,108" hai2="105,99,125,2,41,46,84,71,87,83,123,127,0" hai3=""/><V101/><N who="2" m="31520" /><V97/><F71/><T60/><D134/><U61/><E108/><V96/><F96/><T57/><D124/><N who="2" m="47690" /><F99/><T94/><D43/><U59/><E126/><V42/><F42/><T120/><N who="0" m="30752" /><T128/><D128/><U122/><N who="1" m="31264" /><U111/><E130/><V1/><F83/><T132/><D132/><U68/><E68/><V103/><F101/><T135/><D135/><U102/><E111/><V53/><F53/><T90/><D78/><U129/><E129/><V47/><F47/><T88/><D91/><U106/><E102/><V74/><F74/><T72/><D72/><U38/><E44/><V63/><F63/><T58/><D32/><U67/><REACH who="1" step="1"/><E38/><AGARI ba="0,0" hai="0,1,2,38,41,46,84,87,97,103,105" m="47690,31520" machi="38" ten="40,3900,0" yaku="18,1,52,1" doraHai="109" who="2" fromWho="1" sc="262,0,447,-39,341,39,0,0" /><INIT seed="2,1,0,2,5,33" ten="262,408,380,0" oya="2" hai0="81,60,120,94,84,131,73,52,86,57,123,50,53" hai1="106,103,135,126,132,111,75,134,44,34,41,3,79" hai2="130,42,37,124,62,55,100,48,95,45,72,110,83" hai3=""/><V121/><N who="2" m="31008" /><V101/><F130/><T43/><N who="0" m="30752" /><T39/><N who="0" m="31520" /><T115/><D115/><U35/><E111/><V91/><F124/><T109/><D131/><U89/><E126/><V129/><F129/><T68/><D109/><U40/><E3/><V47/><F110/><T105/><D105/><U82/><E89/><V127/><F127/><T36/><D68/><U64/><E64/><V88/><F62/><T90/><D73/><U77/><E77/><V96/><REACH who="2" step="1"/><F91/><REACH who="2" ten="262,408,370,0" step="2"/><T70/><D43/><U66/><E41/><V117/><F117/><T78/><REACH who="0" step="1"/><D70/><REACH who="0" ten="252,408,370,0" step="2"/><U114/><E35/><V99/><F99/><T98/><D98/><U85/><E34/><V133/><F133/><T0/><D0/><U38/><E134/><V87/><F87/><T113/><D113/><U80/><E114/><V58/><F58/><AGARI ba="1,2" hai="36,39,50,52,53,57,58,60,78,81,84,86,90,94" m="31520,30752" machi="58" ten="30,8000,1" yaku="1,1,7,1,52,2,54,1,53,0" doraHai="33" doraHaiUra="65" who="0" fromWho="2" sc="252,102,408,0,370,-82,0,0" /><INIT seed="4,0,0,0,2,106" ten="354,408,288,0" oya="0" hai0="135,111,60,134,55,48,62,36,86,59,83,121,49" hai1="131,96,46,91,108,38,105,68,127,125,89,80,45" hai2="93,79,87,73,99,118,103,56,123,41,82,78,1" hai3=""/><T95/><N who="0" m="31008" /><T130/><D36/><U44/><E108/><V115/><N who="2" m="31520" /><V117/><F1/><T71/><D95/><U58/><E68/><V51/><F115/><T81/><D130/><U109/><E109/><V66/><F66/><T64/><D83/><U33/><E33/><V34/><F34/><T88/><REACH who="0" step="1"/><D111/><REACH who="0" ten="344,408,288,0" step="2"/><U110/><E110/><V2/><F2/><T77/><D77/><U50/><E38/><V113/><F113/><T90/><D90/><U102/><E80/><V70/><F79/><T94/><D94/><U61/><E131/><V0/><F0/><T39/><D39/><U107/><E89/><V54/><F118/><T133/><AGARI ba="0,1" hai="48,49,55,59,60,62,64,71,81,86,88,133,134,135" m="31008" machi="133" ten="30,8000,1" yaku="1,1,0,1,20,1,52,1,54,1,53,0" doraHai="106" doraHaiUra="43" who="0" fromWho="0" sc="344,90,408,-40,288,-40,0,0" /><INIT seed="4,1,0,5,0,130" ten="434,368,248,0" oya="0" hai0="116,55,111,63,66,118,108,77,50,93,45,52,128" hai1="113,134,96,3,81,87,89,69,67,62,35,133,120" hai2="123,60,126,101,48,88,79,110,53,80,51,1,105" hai3=""/><T91/><D128/><U76/><N who="1" m="30752" /><U58/><E35/><V90/><N who="2" m="31520" /><V114/><F110/><N who="0" m="42026" /><D77/><U104/><E3/><V117/><F1/><T107/><D107/><U99/><E113/><V73/><F114/><T57/><D91/><U84/><E69/><V106/><F126/><T94/><D94/><U70/><E70/><V56/><F117/><N who="0" m="45162" /><D93/><U36/><E36/><V38/><F38/><T122/><N who="0" m="31264" /><T43/><AGARI ba="1,0" hai="43,45,50,52,55,57,63,66" m="31264,45162,42026" machi="43" ten="30,12000,2" yaku="4,1,10,1,34,2,52,1,54,1" doraHai="130" who="0" fromWho="0" sc="434,122,368,-61,248,-61,0,0" /><INIT seed="4,2,0,2,2,112" ten="556,307,187,0" oya="0" hai0="103,57,130,3,131,87,43,56,36,98,51,102,104" hai1="74,105,86,115,114,111,72,75,122,37,40,127,77" hai2="45,121,63,82,90,133,41,123,35,110,70,46,118" hai3=""/><T42/><D3/><U129/><N who="1" m="31264" /><U91/><E111/><V44/><N who="2" m="31008" /><V47/><N who="2" m="31520" /><V99/><F35/><T94/><D36/><U71/><E71/><V48/><F110/><T62/><D57/><U128/><E37/><V60/><F133/><T64/><D51/><U88/><E40/><V132/><F132/><T76/><D103/><U78/><E105/><V1/><F1/><T32/><D32/><U84/><REACH who="1" step="1"/><E75/><REACH who="1" ten="556,297,187,0" step="2"/><V113/><F70/><T119/><D104/><U66/><E66/><V108/><F108/><T53/><D64/><U58/><E58/><V89/><F113/><T39/><D39/><U125/><AGARI ba="2,1" hai="72,74,77,78,84,86,88,91,114,115,125,127,128,129" m="31264" machi="125" ten="25,12000,3" yaku="1,1,0,1,22,2,34,3,52,1,54,1,53,0" doraHai="112" doraHaiUra="61" who="1" fromWho="1" sc="556,-82,297,134,187,-42,0,0" /><INIT seed="5,0,0,0,1,94" ten="474,431,145,0" oya="1" hai0="117,77,91,82,48,53,100,110,95,67,108,69,66" hai1="120,128,33,97,99,121,125,127,126,3,68,38,71" hai2="114,45,64,116,131,34,118,75,56,123,130,88,135" hai3=""/><U113/><N who="1" m="30752" /><U102/><N who="1" m="31008" /><U124/><N who="1" m="31744" /><DORA hai="84" /><U60/><E113/><V86/><N who="2" m="31520" /><V46/><F34/><T50/><D100/><U106/><E33/><V43/><F75/><T74/><D117/><N who="2" m="45162" /><F43/><T92/><D92/><U32/><E32/><V133/><F114/><T58/><D48/><U122/><N who="1" m="31264" /><U54/><E3/><V59/><F46/><T103/><D103/><U73/><E73/><V134/><F45/><T47/><D69/><U119/><E119/><V65/><F59/><T63/><REACH who="0" step="1"/><D67/><REACH who="0" ten="464,431,145,0" step="2"/><N who="2" m="25674" /><F56/><T107/><D107/><U52/><E68/><V36/><F36/><T2/><D2/><U111/><E38/><V105/><F105/><T93/><D93/><AGARI ba="0,1" hai="86,88,93,130,131,133,134,135" m="25674,45162,31520" machi="93" ten="40,8000,1" yaku="20,1,52,2,54,1" doraHai="94,84" who="2" fromWho="0" sc="464,-80,431,0,145,90,0,0" /><INIT seed="6,0,0,5,2,74" ten="384,431,235,0" oya="2" hai0="125,70,2,52,105,85,100,133,101,97,116,130,46" hai1="61,72,68,71,115,0,122,81,60,121,99,128,103" hai2="98,3,108,65,106,129,53,55,32,111,94,1,127" hai3=""/><V80/><F32/><T110/><D110/><N who="2" m="42026" /><F106/><T66/><D2/><N who="2" m="522" /><F129/><T126/><D116/><U102/><N who="1" m="31008" /><U123/><N who="1" m="31264" /><U59/><N who="1" m="31520" /><U51/><E0/><V90/><F127/><T75/><D75/><U117/><E128/><V42/><F42/><T95/><D130/><U131/><E131/><V104/><F104/><T69/><D133/><U118/><E115/><V47/><F47/><T62/><D70/><U91/><E51/><V76/><F65/><T84/><D101/><U107/><E102/><V73/><AGARI ba="0,0" hai="53,55,73,76,80,90,94,98" m="522,42026" machi="73" ten="30,2000,0" yaku="10,1,52,1" doraHai="74" who="2" fromWho="2" sc="384,-10,431,-10,235,20,0,0" /><INIT seed="6,1,0,5,2,75" ten="374,421,255,0" oya="2" hai0="112,105,58,53,132,62,87,122,39,82,97,125,83" hai1="88,70,42,67,117,57,120,84,103,114,111,95,54" hai2="35,81,116,86,37,69,77,52,78,55,98,46,59" hai3=""/><V51/><F116/><T130/><N who="0" m="31264" /><T1/><D1/><U43/><N who="1" m="30752" /><U49/><E111/><V126/><F35/><T102/><D130/><U118/><E114/><V47/><F126/><T3/><D3/><U64/><E103/><V113/><F69/><T128/><D128/><U106/><E106/><V32/><F32/><T121/><N who="0" m="31008" /><T100/><D125/><U0/><E0/><V92/><F113/><T40/><D132/><U108/><E108/><V124/><F124/><T34/><D34/><U85/><E85/><V33/><F33/><T99/><D112/><U89/><E89/><V66/><F66/><N who="1" m="25129" /><E70/><V134/><F134/><T44/><REACH who="0" step="1"/><D87/><REACH who="0" ten="364,421,255,0" step="2"/><U80/><E80/><V123/><N who="2" m="31520" /><V48/><F78/><T61/><D61/><U63/><E63/><V41/><F92/><AGARI ba="1,1" hai="39,40,44,53,58,62,82,83,92,97,99,100,102,105" m="31008,31264" machi="92" ten="30,12000,2" yaku="1,1,7,1,52,2,53,2" doraHai="75" doraHaiUra="93" who="0" fromWho="2" sc="364,132,421,0,255,-122,0,0" owari="496,45.0,421,2.0,133,-47.0,0,0.0" /></mjloggm>