<mjloggm ver="2.3"><GO type="169" lobby="0"/><UN n0="%E3%82%8F%E3%81%A3%E3%81%97%E3%82%87%E3%81%84%E5%90%9B%32%E5%8F%B7" n1="%E7%A7%8B%E6%9C%88%36%31" n2="%E3%83%9D%E3%83%B3%E3%83%89%E3%83%AB" n3="%E5%8D%83%E7%BE%BD%E9%B4%89" dan="16,17,16,17" rate="2210.87,2113.69,2047.19,2231.16" sx="M,M,M,F"/><TAIKYOKU oya="0"/><INIT seed="0,0,0,4,2,1" ten="250,250,250,250" oya="0" hai0="133,86,48,62,31,35,92,112,81,26,87,61,113" hai1="28,85,60,13,73,46,126,115,66,89,43,104,9" hai2="55,130,103,39,107,41,118,47,40,54,50,56,82" hai3="106,63,109,99,34,111,135,20,24,79,134,94,93"/><T83/><D133/><N who="3" m="50697" /><G34/><T110/><D110/><N who="3" m="41993" /><G63/><T3/><D3/><U116/><E104/><V52/><F118/><W29/><G79/><T11/><D61/><U98/><E116/><V7/><F130/><W128/><G128/><T132/><D132/><U44/><E73/><V51/><F82/><W88/><G94/><T53/><D62/><U131/><E131/><V57/><F107/><AGARI ba="0,0" hai="20,24,29,88,93,99,106,107" m="41993,50697" machi="107" ten="30,3900,0" yaku="20,1,14,1,54,1" doraHai="1" who="3" fromWho="2" sc="250,0,250,0,250,-39,250,39" /><INIT seed="1,0,0,3,1,104" ten="250,250,211,289" oya="1" hai0="122,125,29,74,55,18,50,46,17,128,78,85,123" hai1="135,14,93,120,59,44,60,47,72,7,80,11,37" hai2="65,64,56,124,33,113,48,41,32,39,103,36,86" hai3="87,134,130,0,34,71,13,131,54,126,106,97,108"/><U53/><E120/><N who="0" m="46121" /><D125/><U81/><E135/><V2/><F2/><W84/><G0/><T24/><D128/><N who="3" m="49193" /><G34/><N who="0" m="20775" /><D85/><N who="3" m="32841" /><G13/><T75/><D78/><U61/><E72/><AGARI ba="0,0" hai="17,18,46,50,55,72,74,75" m="20775,46121" machi="72" ten="30,7700,0" yaku="13,1,52,3" doraHai="104" who="0" fromWho="1" sc="250,77,250,-77,211,0,289,0" /><INIT seed="2,0,0,2,3,4" ten="327,173,211,289" oya="2" hai0="78,23,72,104,80,112,19,12,17,16,52,73,20" hai1="96,134,26,127,84,118,85,111,77,13,46,58,71" hai2="109,75,79,74,98,53,15,3,24,32,49,121,5" hai3="116,30,105,130,131,61,93,67,45,36,69,124,14"/><V38/><F38/><W21/><G105/><T8/><D112/><U51/><E71/><V114/><F3/><W47/><G30/><T122/><D122/><U68/><E68/><V34/><F121/><W31/><G31/><T56/><D104/><U89/><E118/><V39/><F39/><W103/><G103/><T62/><REACH who="0" step="1"/><D73/><REACH who="0" ten="317,173,211,289" step="2"/><U107/><E107/><V94/><F114/><W97/><G116/><T86/><D86/><U123/><E85/><V35/><F75/><W76/><G130/><T106/><D106/><U40/><E84/><V113/><F113/><W25/><G131/><T120/><D120/><U115/><E123/><V37/><F74/><W22/><G97/><T119/><D119/><U0/><E96/><V64/><F109/><W133/><G133/><T43/><D43/><U42/><E134/><V6/><F98/><W82/><G124/><T63/><D63/><U81/><E42/><V57/><F79/><W132/><G132/><T7/><AGARI ba="0,1" hai="7,8,12,16,17,19,20,23,52,56,62,72,78,80" machi="7" ten="30,8000,1" yaku="1,1,0,1,52,1,54,2,53,0" doraHai="4" doraHaiUra="27" who="0" fromWho="0" sc="317,90,173,-20,211,-40,289,-20" /><INIT seed="3,0,0,4,1,41" ten="407,153,171,269" oya="3" hai0="22,123,24,115,99,114,111,5,43,86,132,27,11" hai1="61,94,55,104,62,131,20,70,8,49,44,108,34" hai2="73,56,10,117,64,107,125,65,33,59,63,130,38" hai3="42,57,133,19,72,51,71,66,77,46,102,81,58"/><W74/><G133/><T13/><D132/><U95/><E34/><V60/><F73/><W90/><G102/><T134/><D134/><U124/><E104/><V128/><F107/><W7/><G74/><T126/><D123/><U37/><E37/><V82/><F33/><W15/><G7/><T9/><D99/><U68/><E68/><V12/><F38/><W96/><G71/><T67/><D67/><U97/><E70/><V129/><F82/><W47/><G66/><T25/><D86/><U36/><E36/><V88/><F117/><W112/><G112/><N who="0" m="43051" /><D43/><U100/><E95/><V83/><F125/><W28/><G28/><T101/><D101/><U4/><E124/><V50/><F50/><W53/><G96/><T45/><D45/><U75/><E75/><V32/><F32/><W85/><G72/><T14/><D126/><U91/><E100/><V26/><F26/><W119/><G77/><T76/><D76/><U92/><E92/><V6/><F83/><W87/><G87/><T17/><D111/><U54/><E108/><V69/><F69/><W30/><G119/><T0/><D0/><U116/><E116/><V127/><F127/><W40/><G40/><T93/><D93/><U39/><E39/><V118/><F118/><W122/><G122/><T78/><D78/><U16/><E55/><V35/><F35/><W2/><G2/><T121/><D121/><U110/><E110/><V21/><F88/><W120/><G120/><T48/><D48/><U103/><E91/><V52/><F65/><W135/><G135/><T105/><D105/><U106/><E106/><RYUUKYOKU ba="0,0" sc="407,15,153,-15,171,15,269,-15" hai0="5,9,11,13,14,17,22,24,25,27" hai2="6,10,12,21,52,56,59,60,63,64,128,129,130" /><INIT seed="4,1,0,1,5,58" ten="422,138,186,254" oya="0" hai0="8,128,17,37,101,20,127,2,79,74,23,62,46" hai1="95,113,85,11,50,120,72,65,115,59,109,13,39" hai2="75,7,25,14,81,87,56,76,124,100,86,102,114" hai3="21,49,97,35,44,31,88,30,104,24,91,73,38"/><T70/><D101/><U5/><E72/><V112/><F124/><W110/><G38/><T71/><D128/><U106/><E39/><V26/><F75/><W134/><G110/><T98/><D98/><U9/><E109/><V125/><F125/><W1/><G1/><T60/><D127/><U64/><E106/><V126/><F126/><W90/><G134/><T92/><D92/><U80/><E95/><V6/><F56/><W107/><G73/><T89/><D89/><U16/><E120/><V108/><F14/><W129/><G129/><T27/><D23/><U54/><E65/><V66/><F66/><W130/><G130/><T69/><D2/><U19/><E64/><V15/><F15/><W123/><G123/><T82/><REACH who="0" step="1"/><D8/><REACH who="0" ten="412,138,186,254" step="2"/><U33/><E11/><V77/><F81/><W42/><G97/><T84/><D84/><U28/><E33/><V52/><F108/><W53/><G35/><T3/><D3/><U94/><E94/><V40/><F87/><W117/><G104/><T78/><D78/><U57/><E85/><V22/><F86/><W119/><G107/><T41/><AGARI ba="1,1" hai="17,20,27,37,41,46,60,62,69,70,71,74,79,82" machi="41" ten="40,12000,1" yaku="1,1,0,1,52,2,53,0" doraHai="58" doraHaiUra="111" who="0" fromWho="0" sc="412,133,138,-41,186,-41,254,-41" /><INIT seed="4,2,0,5,4,78" ten="545,97,145,213" oya="0" hai0="80,97,1,121,30,22,108,95,33,119,99,48,109" hai1="26,6,82,126,46,74,102,17,27,25,85,134,3" hai2="93,81,54,132,41,64,130,110,66,0,77,29,12" hai3="83,115,69,14,5,116,49,13,133,16,38,84,122"/><T98/><D121/><U105/><E3/><V40/><F0/><W59/><G38/><T53/><D119/><U67/><E6/><V58/><F29/><W106/><G69/><T47/><D1/><U65/><E74/><V70/><F70/><W128/><G106/><T60/><D33/><U45/><E105/><V21/><F132/><W36/><G36/><T2/><D2/><U63/><E102/><V131/><F93/><W18/><G116/><T100/><D60/><U57/><E134/><V35/><F35/><W28/><G28/><T118/><D118/><U94/><E94/><V61/><F110/><N who="0" m="42602" /><D80/><U39/><E67/><V72/><F66/><W125/><G125/><T62/><D62/><U113/><E126/><V4/><F64/><W19/><G128/><N who="2" m="49193" /><F4/><W56/><G5/><T112/><D112/><U51/><E113/><V20/><F12/><N who="3" m="4715" /><G115/><T89/><D100/><U52/><E39/><V87/><F72/><W10/><G133/><T117/><D117/><U135/><E135/><V86/><F86/><W68/><G68/><T73/><D73/><U32/><E32/><V101/><F101/><W31/><G122/><T90/><D95/><U23/><REACH who="1" step="1"/><E46/><REACH who="1" ten="545,87,145,213" step="2"/><V9/><F9/><W123/><G10/><T96/><D96/><U37/><E37/><V79/><F21/><W111/><G111/><T129/><D129/><U7/><E7/><V75/><F20/><W124/><G124/><T103/><D103/><U120/><E120/><V88/><F75/><W76/><G123/><T127/><D127/><U24/><E24/><AGARI ba="2,1" hai="22,24,30,47,48,53,89,90,97,98,99" m="42602" machi="24" ten="30,1500,0" yaku="10,1" doraHai="78" who="0" fromWho="1" sc="545,31,87,-21,145,0,213,0" /><INIT seed="4,3,0,2,4,19" ten="576,66,145,213" oya="0" hai0="58,85,111,23,27,88,113,50,1,20,93,72,126" hai1="0,105,115,91,6,107,43,129,41,28,45,98,47" hai2="46,24,56,35,104,127,110,135,61,48,96,108,11" hai3="131,112,66,102,76,86,29,7,100,125,121,60,12"/><T38/><D38/><U133/><E0/><V94/><F104/><W101/><G112/><T103/><D113/><U36/><E6/><V73/><F73/><W4/><G125/><T69/><D126/><U5/><E5/><V2/><F127/><W106/><G106/><T30/><D69/><U21/><E115/><V80/><F80/><W52/><G131/><T15/><D72/><U123/><E123/><V33/><F135/><W64/><G121/><T97/><D1/><U44/><E133/><V134/><F134/><W114/><G29/><T74/><D74/><U39/><E129/><V71/><F71/><W62/><G4/><T79/><D79/><U84/><E98/><V75/><F75/><W65/><G52/><N who="0" m="32023" /><D111/><U118/><E47/><V90/><F11/><N who="3" m="4223" /><G114/><T10/><D27/><U117/><E107/><V54/><F2/><W34/><G34/><T128/><D30/><U82/><E105/><V130/><F130/><W51/><G51/><T119/><D119/><U13/><E13/><V22/><F108/><W122/><G122/><T42/><D42/><U3/><E3/><V124/><F124/><W8/><G8/><T59/><D59/><U53/><E53/><V26/><F110/><W25/><G25/><AGARI ba="3,0" hai="21,25,28,36,39,41,43,44,45,82,84,91,117,118" machi="25" ten="40,2600,0" yaku="9,1,52,1" doraHai="19" who="1" fromWho="3" sc="576,0,66,35,145,0,213,-35" /><INIT seed="5,0,0,4,4,21" ten="576,101,145,178" oya="1" hai0="124,38,132,3,125,68,123,34,97,94,27,6,71" hai1="99,47,16,85,9,91,29,4,65,105,69,14,5" hai2="129,66,56,17,0,79,128,121,23,10,20,57,77" hai3="78,67,18,28,33,7,72,88,131,89,64,52,40"/><U100/><E29/><V90/><F121/><W82/><G131/><N who="2" m="50249" /><F23/><W113/><G113/><T107/><D38/><U119/><E119/><V12/><F90/><W49/><G40/><T115/><D115/><U92/><REACH who="1" step="1"/><E47/><REACH who="1" ten="576,91,145,178" step="2"/><V25/><F0/><W50/><G28/><T61/><D3/><U73/><E73/><V32/><F32/><W122/><G33/><T13/><D34/><U62/><AGARI ba="0,1" hai="4,5,9,14,16,62,65,69,85,91,92,99,100,105" machi="62" ten="30,6000,0" yaku="1,1,0,1,54,1,53,0" doraHai="21" doraHaiUra="51" who="1" fromWho="1" sc="576,-20,91,70,145,-20,178,-20" /><INIT seed="5,1,0,4,3,43" ten="556,161,125,158" oya="1" hai0="13,18,26,17,22,114,33,89,16,81,66,83,80" hai1="69,108,109,120,130,20,100,54,28,52,51,113,6" hai2="4,62,92,48,25,117,2,67,121,79,57,107,41" hai3="40,35,77,7,68,119,106,0,36,96,64,118,95"/><U72/><E120/><V53/><F107/><W46/><G35/><T123/><D123/><U82/><E69/><V125/><F121/><W47/><G106/><T60/><D114/><U27/><E113/><V129/><F125/><W110/><G110/><N who="1" m="42602" /><E130/><V73/><F129/><W50/><G77/><T29/><REACH who="0" step="1"/><D89/><REACH who="0" ten="546,161,125,158" step="2"/><U21/><E100/><V85/><F117/><W126/><G119/><T84/><D84/><U63/><E72/><V31/><F73/><W87/><G87/><T122/><D122/><U55/><E82/><V124/><F124/><W14/><G126/><T1/><D1/><U10/><E63/><V34/><F85/><W104/><G118/><T116/><D116/><U30/><E30/><V45/><F79/><W23/><G0/><T59/><AGARI ba="1,1" hai="13,16,17,18,22,26,29,33,59,60,66,80,81,83" machi="59" ten="30,7900,0" yaku="1,1,0,1,54,1,53,1" doraHai="43" doraHaiUra="58" who="0" fromWho="0" sc="546,92,161,-40,125,-21,158,-21" /><INIT seed="6,0,0,5,0,56" ten="638,121,104,137" oya="2" hai0="77,28,21,48,87,31,93,9,76,115,17,14,58" hai1="32,134,2,73,121,80,24,37,0,51,43,42,7" hai2="26,86,61,50,122,113,23,79,124,59,47,96,91" hai3="133,13,45,72,95,10,25,30,99,111,11,35,131"/><V83/><F122/><W107/><G107/><T71/><D71/><U38/><E51/><V92/><F124/><W90/><G111/><T66/><D115/><U85/><E121/><V20/><F113/><W8/><G72/><T39/><D39/><U34/><E134/><V60/><F59/><W118/><G118/><T44/><D93/><U67/><E67/><V112/><F112/><W110/><G110/><T36/><D36/><U1/><E7/><V52/><F23/><W27/><G131/><T94/><D94/><U70/><E70/><V3/><F3/><W6/><G133/><T105/><D105/><U82/><E85/><V22/><F22/><W119/><G119/><T120/><D120/><U84/><E84/><V68/><F68/><W102/><G27/><T63/><D21/><U97/><E97/><V100/><F79/><N who="0" m="30282" /><D87/><U74/><E0/><V4/><F4/><W75/><G75/><T29/><D29/><AGARI ba="0,0" hai="20,26,29,47,50,52,60,61,83,86,91,92,96,100" machi="29" ten="30,12000,1" yaku="7,1,8,1,52,2,54,1" doraHai="56" who="2" fromWho="0" sc="638,-120,121,0,104,120,137,0" /><INIT seed="6,1,0,1,5,70" ten="518,121,224,137" oya="2" hai0="65,54,63,129,38,109,12,6,19,39,130,104,8" hai1="98,28,27,106,121,91,85,47,80,123,115,72,7" hai2="60,102,33,87,37,81,11,118,79,15,56,116,45" hai3="88,86,29,3,113,23,51,53,97,9,92,74,95"/><V114/><F33/><W93/><G74/><T75/><D109/><U59/><E7/><V17/><F102/><W120/><G120/><N who="1" m="46154" /><E115/><V67/><REACH who="2" step="1"/><F114/><REACH who="2" ten="518,121,214,137" step="2"/><W31/><G113/><T96/><D129/><U61/><E72/><V35/><F35/><W78/><G97/><T20/><D75/><U94/><E106/><V48/><F48/><W42/><G51/><T112/><D130/><U1/><E98/><V41/><AGARI ba="1,1" hai="11,15,17,37,41,45,56,60,67,79,81,87,116,118" machi="41" ten="30,6000,0" yaku="1,1,0,1,52,1,53,0" doraHai="70" doraHaiUra="2" who="2" fromWho="2" sc="518,-21,121,-21,214,73,137,-21" /><INIT seed="6,2,0,5,0,135" ten="497,100,287,116" oya="2" hai0="73,18,60,65,124,0,90,14,83,51,61,123,115" hai1="57,64,131,4,6,96,70,108,133,16,30,93,37" hai2="13,46,27,74,42,134,50,125,112,19,94,28,87" hai3="59,24,20,8,1,95,48,41,44,119,34,68,103"/><V130/><F74/><W100/><G68/><T43/><D124/><U76/><E108/><V56/><F125/><W31/><G119/><T78/><D0/><U110/><E133/><V7/><F134/><W72/><G72/><T26/><D123/><U105/><E105/><V111/><F111/><W92/><G59/><T107/><D115/><U55/><E30/><V128/><F7/><W88/><G34/><T17/><D107/><U118/><E118/><V132/><F132/><W29/><G31/><T39/><D39/><U11/><E37/><V62/><F94/><W69/><G69/><T114/><D114/><U35/><E35/><V77/><F87/><W66/><G66/><T101/><D101/><U84/><E64/><V116/><F77/><W98/><REACH who="3" step="1"/><G95/><REACH who="3" ten="497,100,287,106" step="2"/><T3/><D65/><U104/><E70/><V102/><F116/><W23/><G23/><T126/><D73/><U67/><E67/><V33/><F112/><W12/><G12/><T45/><D14/><N who="1" m="7263" /><E104/><V120/><F120/><W89/><G89/><T49/><D90/><N who="1" m="55351" /><E110/><V5/><F130/><W22/><G22/><T129/><D129/><U86/><E131/><V106/><F128/><W32/><G32/><T122/><D122/><U38/><E38/><V75/><F75/><W47/><G47/><T91/><D45/><U9/><E9/><V85/><F106/><W109/><G109/><T54/><D91/><U81/><E84/><V117/><F33/><W58/><G58/><T10/><D10/><U99/><E99/><V79/><F117/><W53/><G53/><T63/><D54/><U127/><E127/><RYUUKYOKU ba="2,1" sc="497,-15,100,15,287,-15,106,15" hai1="4,6,55,57,76,81,86" hai3="1,8,20,24,29,41,44,48,88,92,98,100,103" /><INIT seed="7,3,1,3,4,123" ten="482,115,272,121" oya="3" hai0="93,100,16,51,102,33,17,71,112,63,92,128,13" hai1="57,99,62,94,15,135,130,86,48,116,12,26,58" hai2="66,0,78,47,131,111,85,22,39,103,30,101,31" hai3="104,11,35,122,27,73,5,23,18,24,124,21,84"/><W89/><G73/><T72/><D33/><U83/><E130/><V81/><F0/><W74/><G74/><T110/><D110/><U132/><E116/><V2/><F111/><W32/><G104/><T28/><D28/><U114/><E114/><V119/><F2/><W75/><G75/><T113/><D128/><U34/><E34/><V45/><F119/><W6/><G124/><T36/><D72/><U120/><E26/><V134/><F131/><W90/><G122/><T96/><D36/><U118/><E118/><V53/><F39/><W37/><G37/><T125/><D125/><U127/><E127/><V20/><F66/><W46/><G46/><T105/><D51/><U40/><E120/><V10/><F10/><W14/><G5/><T77/><D77/><N who="1" m="46447" /><E135/><V55/><F45/><W4/><G4/><T65/><D17/><U54/><E132/><V133/><F134/><W70/><G70/><T115/><D100/><N who="1" m="60535" /><E40/><V87/><F47/><W43/><G43/><T52/><D52/><AGARI ba="3,1" hai="12,15,48,52,54,57,58,62" m="60535,46447" machi="52" ten="30,2000,0" yaku="8,1,54,1" doraHai="123" who="1" fromWho="0" sc="482,-29,115,39,272,0,121,0" owari="453,56.0,154,-25.0,272,7.0,121,-38.0" /></mjloggm>