<mjloggm ver="2.3"><GO type="185" lobby="0"/><UN n0="%E3%81%82%E3%81%9F%E3%82%89%E3%81%AA%E3%81%84%E3%81%A7%EF%BC%81" n1="%62%65%65%73%6F%6E%6F" n2="%E9%AC%BC" n3="" dan="16,19,17,0" rate="2192.82,2335.91,2270.14,1500.00" sx="M,M,F,C"/><TAIKYOKU oya="0"/><INIT seed="0,0,0,5,3,42" ten="350,350,350,0" oya="0" hai0="93,48,101,81,100,88,0,98,120,34,65,76,131" hai1="84,115,64,78,123,45,61,75,72,118,52,111,73" hai2="82,97,43,90,62,71,127,129,33,49,51,119,2" hai3=""/><T35/><N who="0" m="30752" /><T58/><D0/><U77/><N who="1" m="31520" /><U47/><E118/><V96/><F33/><T3/><D3/><U122/><N who="1" m="31264" /><U89/><E115/><V63/><F2/><T108/><D131/><U104/><E104/><V112/><F112/><T74/><D108/><U70/><E111/><V106/><F127/><T86/><D100/><U94/><REACH who="1" step="1"/><E52/><REACH who="1" ten="350,340,350,0" step="2"/><V53/><F106/><T92/><D65/><U130/><E130/><V132/><F129/><T1/><D1/><U85/><E85/><V40/><F53/><T59/><D34/><U68/><E68/><V135/><F71/><T124/><D35/><U110/><E110/><V66/><F119/><T79/><D124/><U128/><E128/><V37/><F66/><T105/><D105/><U60/><E60/><V91/><F62/><T126/><D126/><U113/><E113/><V114/><F63/><T107/><D107/><U80/><E80/><V116/><F114/><T99/><D74/><U95/><E95/><V102/><F116/><T125/><D125/><U44/><AGARI ba="0,1" hai="44,45,47,61,64,70,72,73,75,77,78,84,89,94" m="31264,31520" machi="44" ten="40,9000,2" yaku="1,1,0,1,52,5,53,0" doraHai="42" doraHaiUra="36" who="1" fromWho="1" sc="350,-60,340,100,350,-30,0,0" /><INIT seed="1,0,0,5,4,129" ten="290,440,320,0" oya="1" hai0="112,128,46,90,105,44,50,127,101,77,58,48,86" hai1="79,114,80,65,100,131,49,76,92,113,37,93,81" hai2="126,63,103,134,70,87,120,72,59,71,97,42,61" hai3=""/><U121/><N who="1" m="31008" /><U89/><E37/><V64/><N who="2" m="30752" /><V54/><F126/><T73/><D112/><U109/><E65/><V33/><F33/><T75/><D127/><U82/><E49/><V32/><F32/><T78/><D128/><U53/><E53/><V95/><F72/><T1/><D1/><U56/><E56/><V122/><N who="2" m="31264" /><V110/><F110/><T108/><D58/><U36/><E36/><V69/><F42/><T91/><D101/><U130/><E109/><V41/><F41/><T55/><D105/><U68/><E68/><V111/><F111/><T106/><D106/><U117/><E117/><V85/><F71/><T62/><D62/><U104/><E104/><V66/><F134/><T74/><D108/><U119/><E119/><V99/><F99/><T107/><D107/><U45/><E45/><V34/><F34/><T0/><D0/><U67/><E67/><V35/><F35/><T116/><D116/><U51/><E51/><AGARI ba="0,0" hai="51,54,59,61,63,64,66,69,70,85,87,95,97,103" m="31264,30752" machi="51" ten="30,7700,0" yaku="7,1,9,1,52,2" doraHai="129" who="2" fromWho="1" sc="290,0,440,-77,320,77,0,0" /><INIT seed="2,0,0,1,0,75" ten="290,363,397,0" oya="2" hai0="40,76,35,128,79,94,132,73,44,82,43,1,3" hai1="114,54,70,131,66,37,55,102,56,101,41,113,127" hai2="107,45,121,98,68,88,129,42,122,34,116,110,50" hai3=""/><V118/><N who="2" m="31008" /><V64/><N who="2" m="31264" /><V77/><F34/><T61/><D35/><U125/><E131/><V120/><N who="2" m="30752" /><V112/><F112/><N who="1" m="43113" /><E102/><V38/><F129/><T62/><D128/><U71/><E101/><V111/><F107/><T87/><D132/><U81/><E81/><V2/><F2/><T135/><D135/><U96/><E96/><V123/><N who="2" m="31520" /><V124/><F50/><T97/><D73/><U115/><E55/><V74/><F124/><N who="1" m="47689" /><E66/><V49/><F49/><T72/><D72/><U60/><E115/><V86/><F98/><T126/><D126/><U63/><E63/><V32/><F32/><T117/><D117/><N who="2" m="45162" /><F88/><T99/><D82/><U33/><E33/><V90/><F90/><T65/><D65/><U85/><E85/><V59/><F86/><T130/><D87/><U67/><E67/><V36/><F74/><T39/><D130/><U134/><E134/><V58/><F64/><T51/><D1/><U104/><E104/><V53/><F53/><T84/><D3/><U133/><E133/><V48/><F48/><T46/><D84/><U69/><E71/><V105/><F105/><T91/><D99/><U93/><E70/><V80/><F68/><T89/><D89/><U109/><E69/><RYUUKYOKU ba="0,0" sc="290,20,363,-10,397,-10,0,0" hai0="39,40,43,44,46,51,61,62,76,79,91,94,97" /><INIT seed="4,1,0,2,0,71" ten="310,353,387,0" oya="0" hai0="86,118,78,121,3,48,53,123,56,0,96,40,87" hai1="97,52,72,84,80,66,74,32,109,55,68,60,114" hai2="45,128,64,110,133,98,104,113,125,103,81,127,39" hai3=""/><T95/><N who="0" m="31008" /><T69/><N who="0" m="31520" /><T57/><D69/><U54/><E109/><V43/><F110/><T33/><D33/><U101/><E114/><V100/><F113/><T135/><D118/><U111/><E111/><V35/><F35/><T36/><D135/><U99/><E99/><V129/><F64/><T76/><D3/><U120/><N who="1" m="30752" /><U132/><E132/><V37/><F100/><T91/><D0/><U44/><E44/><V77/><F37/><T131/><D131/><N who="2" m="50250" /><F133/><T92/><D36/><U112/><E112/><V41/><F41/><T65/><D40/><U50/><E50/><V90/><F90/><T115/><D115/><U75/><E32/><V105/><F105/><T134/><D134/><U1/><E1/><V73/><AGARI ba="1,0" hai="39,43,45,73,77,81,98,103,104,125,127" m="50250" machi="73" ten="30,3000,0" yaku="19,1,23,1,52,1" doraHai="71" who="2" fromWho="2" sc="310,-21,353,-11,387,32,0,0" /><INIT seed="5,0,0,2,5,51" ten="289,342,419,0" oya="1" hai0="67,73,57,86,79,49,47,99,84,76,77,88,123" hai1="52,118,115,0,110,101,107,134,63,114,127,89,50" hai2="96,103,98,75,82,121,83,70,92,128,2,65,36" hai3=""/><U90/><E118/><V95/><N who="2" m="31008" /><V125/><F36/><T81/><N who="0" m="31520" /><T1/><D1/><U112/><E110/><V69/><F125/><T80/><D99/><U91/><E0/><V133/><F133/><T60/><REACH who="0" step="1"/><D73/><REACH who="0" ten="279,342,419,0" step="2"/><U42/><E134/><V97/><F97/><T130/><D130/><U56/><E127/><V58/><F75/><T105/><D105/><U126/><E126/><V74/><F74/><T71/><D71/><U87/><E107/><V93/><F128/><T33/><D33/><U106/><E106/><V59/><F2/><T35/><D35/><U72/><E72/><V32/><F32/><T39/><D39/><U119/><E119/><V132/><F132/><T129/><D129/><U3/><E3/><V124/><F124/><T61/><D61/><U100/><E87/><V120/><F70/><T122/><N who="0" m="31264" /><T104/><D104/><U55/><E42/><AGARI ba="0,1" hai="42,47,49,57,60,67,76,77,79,80,81,84,86,88" m="31264,31520" machi="42" ten="30,16000,3" yaku="1,1,7,1,8,1,52,2,54,1,53,2" doraHai="51" doraHaiUra="78" who="0" fromWho="1" sc="279,170,342,-160,419,0,0,0" /><INIT seed="6,0,0,2,3,32" ten="449,182,419,0" oya="2" hai0="131,42,33,85,2,50,96,57,84,88,118,63,1" hai1="56,126,51,80,44,129,86,121,124,111,93,116,134" hai2="71,74,107,101,123,113,66,135,61,47,53,46,60" hai3=""/><V75/><N who="2" m="31520" /><V117/><F117/><T83/><D33/><U67/><N who="1" m="31008" /><U108/><E93/><V52/><F135/><T109/><D118/><U104/><E104/><V106/><F113/><T78/><D109/><U98/><E98/><V90/><F90/><T73/><D131/><U43/><E86/><V69/><F66/><T133/><D133/><U39/><E80/><V54/><F54/><T48/><D96/><U68/><E116/><V112/><F112/><T76/><D73/><U122/><N who="1" m="31264" /><U59/><E134/><V119/><F119/><T0/><D42/><U40/><E129/><V58/><F58/><T34/><D34/><U41/><E41/><V70/><F70/><T95/><REACH who="0" step="1"/><D78/><REACH who="0" ten="439,182,419,0" step="2"/><U55/><E43/><V49/><F49/><T35/><D35/><U132/><E132/><V79/><F79/><T92/><D92/><U82/><E82/><V64/><F64/><AGARI ba="0,1" hai="0,1,2,48,50,57,63,64,76,83,84,85,88,95" machi="64" ten="40,8000,1" yaku="1,1,52,3,54,1,53,0" doraHai="32" doraHaiUra="125" who="0" fromWho="2" sc="439,90,182,0,419,-80,0,0" owari="529,48.0,182,-42.0,339,-6.0,0,0.0" /></mjloggm>