<mjloggm ver="2.3"><GO type="169" lobby="0"/><UN n0="%E5%B0%8F%E6%B1%A0%E7%BE%8E%E6%B3%A2%E2%8A%BF" n1="%E3%82%84%E3%81%BE%E3%81%8B%E3%81%84" n2="%E8%88%AC%E5%8D%93%E6%B0%91%E3%81%AE%E6%9C%9D%E3%81%AF%E6%97%A9%E3%81%84" n3="%E3%83%8E%E3%82%AA%E3%83%81%E3%83%A3%E3%83%99%E3%82%B9" dan="16,16,17,16" rate="2096.31,2167.05,2251.43,2069.86" sx="F,M,M,M"/><TAIKYOKU oya="0"/><INIT seed="0,0,0,4,5,49" ten="250,250,250,250" oya="0" hai0="0,16,131,46,47,22,85,13,94,89,42,84,34" hai1="68,101,44,17,66,135,121,112,38,102,127,31,35" hai2="15,55,122,48,87,111,132,126,36,50,64,21,103" hai3="83,54,70,9,77,23,118,96,37,39,115,3,107"/><T79/><D131/><U73/><E121/><V125/><F36/><W52/><G70/><T86/><D0/><U62/><E73/><V30/><F122/><W90/><G115/><T113/><D113/><U28/><E112/><V58/><F111/><W5/><G118/><T72/><D34/><U20/><E127/><V88/><F132/><W99/><G39/><T29/><D29/><U33/><E135/><V117/><F117/><W2/><G2/><T80/><REACH who="0" step="1"/><D47/><REACH who="0" ten="240,250,250,250" step="2"/><U124/><E31/><V53/><F125/><W11/><G3/><T95/><D95/><U45/><E45/><N who="2" m="27855" /><F126/><W114/><G114/><T92/><D92/><U27/><E124/><V19/><F30/><W41/><G107/><T128/><D128/><U91/><E33/><V6/><F103/><W120/><G120/><T98/><D98/><U119/><E119/><V4/><F64/><W69/><G99/><T81/><D81/><AGARI ba="0,1" hai="4,6,15,19,21,48,55,58,81,87,88" m="27855" machi="81" ten="30,7700,0" yaku="8,1,52,2,54,1" doraHai="49" who="2" fromWho="0" sc="240,-77,250,0,250,87,250,0" /><INIT seed="1,0,0,2,1,99" ten="163,250,337,250" oya="1" hai0="132,130,105,15,12,113,23,13,7,56,111,39,124" hai1="112,117,73,61,104,133,123,44,29,63,88,107,131" hai2="78,67,49,68,110,134,109,80,83,97,14,50,127" hai3="10,72,33,47,64,48,27,24,79,54,40,31,20"/><U0/><E112/><V38/><F38/><W26/><G64/><T90/><D105/><U75/><E117/><V116/><F116/><W92/><G33/><T58/><D39/><U55/><E123/><V6/><F68/><W101/><G10/><T114/><D90/><U25/><E0/><V16/><F127/><W65/><G65/><T86/><D86/><U120/><E120/><V91/><F6/><W43/><G79/><T46/><D46/><U94/><E131/><V81/><F134/><W45/><G72/><T98/><D98/><U129/><E133/><V51/><F67/><W69/><G69/><T2/><D132/><U5/><E5/><V9/><F91/><W102/><G92/><T17/><D56/><U4/><E4/><V36/><F36/><W122/><G122/><T96/><D58/><U53/><E129/><V106/><REACH who="2" step="1"/><F78/><REACH who="2" ten="163,250,327,250" step="2"/><W100/><REACH who="3" step="1"/><G54/><REACH who="3" ten="163,250,327,240" step="2"/><T30/><D130/><U121/><E55/><V87/><F87/><W103/><N who="3" m="25600" /><DORA hai="60" /><W82/><G82/><T70/><D70/><U37/><E53/><V89/><F89/><W85/><G85/><T93/><D96/><U19/><E121/><V74/><F74/><W57/><G57/><T11/><D93/><U34/><E75/><V84/><F84/><W41/><G41/><T22/><D114/><U8/><E73/><V21/><F21/><W125/><G125/><T66/><D124/><U1/><E94/><V52/><F52/><W77/><G77/><T28/><D113/><U18/><E88/><V115/><F115/><W118/><G118/><T35/><D66/><U42/><E42/><RYUUKYOKU ba="0,2" sc="163,-15,250,-15,327,15,240,15" hai2="9,14,16,49,50,51,80,81,83,97,106,109,110" hai3="20,24,26,27,31,40,43,45,47,48" /><INIT seed="2,1,2,0,1,32" ten="148,235,342,255" oya="2" hai0="27,98,77,12,81,1,22,48,119,102,53,20,16" hai1="113,88,128,8,28,84,111,130,59,24,100,40,61" hai2="18,134,35,131,60,62,39,49,67,101,73,66,29" hai3="23,74,43,93,104,89,122,33,42,112,107,125,25"/><V91/><F73/><W31/><G122/><T41/><D119/><U19/><E113/><V83/><F39/><W15/><G74/><T71/><D71/><U135/><E111/><V69/><F131/><N who="1" m="50217" /><E100/><V11/><F134/><W92/><G125/><T64/><D64/><N who="2" m="24618" /><F35/><W118/><G118/><T132/><D41/><U54/><E40/><V4/><F69/><W114/><G43/><T79/><D1/><U90/><E135/><V65/><F4/><W86/><G42/><T105/><D81/><U123/><E84/><N who="2" m="50591" /><F29/><W75/><G75/><T36/><D36/><U38/><E38/><V94/><F49/><W110/><G110/><T51/><D51/><U44/><E44/><V87/><F65/><W96/><G15/><T95/><D105/><U120/><E120/><V52/><F52/><W5/><G5/><T109/><D109/><U9/><E123/><V17/><F87/><W47/><G47/><N who="0" m="27807" /><D132/><U6/><E19/><AGARI ba="1,2" hai="12,16,19,20,22,27,77,79,95,98,102" m="27807" machi="19" ten="30,2000,0" yaku="8,1,54,1" doraHai="32" who="0" fromWho="1" sc="148,43,235,-23,342,0,255,0" /><INIT seed="3,0,0,5,2,116" ten="191,212,342,255" oya="3" hai0="88,111,26,61,33,104,12,84,42,119,127,45,75" hai1="134,39,76,34,128,97,80,107,108,79,5,43,78" hai2="48,122,38,18,70,130,35,49,62,24,126,57,1" hai3="100,44,32,120,87,21,114,91,60,10,77,41,36"/><W64/><G32/><T30/><D119/><U17/><E108/><V65/><F1/><W4/><G114/><T6/><D111/><U131/><E134/><V129/><F35/><W69/><G100/><T16/><D127/><U50/><E39/><V106/><F24/><W115/><G77/><T72/><D104/><U55/><E43/><V27/><F27/><W19/><G115/><T86/><D61/><U93/><E107/><V25/><F18/><W22/><G19/><T51/><D86/><U14/><E5/><V9/><F9/><W52/><G120/><T103/><D6/><U102/><E34/><V125/><F25/><W8/><G8/><T3/><D103/><U109/><E109/><V89/><F89/><W92/><REACH who="3" step="1"/><G52/><REACH who="3" ten="191,212,342,245" step="2"/><T95/><REACH who="0" step="1"/><D3/><AGARI ba="0,1" hai="3,4,10,21,22,36,41,44,60,64,69,87,91,92" machi="3" ten="30,11600,0" yaku="1,1,2,1,7,1,53,1" doraHai="116" doraHaiUra="90" who="3" fromWho="0" sc="191,-116,212,0,342,0,245,126" /><INIT seed="3,1,0,5,1,5" ten="75,212,342,371" oya="3" hai0="60,37,72,33,71,77,25,118,76,100,112,95,105" hai1="57,2,14,81,47,79,24,53,63,115,109,42,36" hai2="20,116,22,46,32,117,66,129,92,88,43,114,124" hai3="70,39,113,15,52,30,19,75,111,54,110,80,34"/><W69/><G39/><T101/><D118/><U28/><E109/><N who="3" m="41482" /><G113/><T96/><D112/><U82/><E115/><V125/><F114/><W122/><G122/><T93/><D37/><U98/><E2/><V106/><F106/><W73/><G30/><T13/><D13/><U119/><E119/><V64/><F32/><W27/><G27/><T44/><D44/><U74/><E82/><V3/><F129/><W59/><G34/><T38/><D38/><U4/><E98/><N who="2" m="57607" /><F116/><W29/><G29/><N who="0" m="19631" /><D101/><U31/><E24/><V50/><F3/><W86/><G70/><T89/><D72/><N who="3" m="27721" /><G59/><T108/><D108/><U133/><REACH who="1" step="1"/><E133/><REACH who="1" ten="75,202,342,371" step="2"/><V102/><F117/><W85/><G69/><T41/><D41/><U126/><E126/><N who="2" m="48747" /><F102/><W48/><G48/><T83/><D83/><U123/><E123/><V12/><F12/><W58/><G58/><T132/><D132/><U130/><E130/><V65/><AGARI ba="1,1" hai="20,22,43,46,50,64,65,66" m="48747,57607" machi="65" ten="30,2000,0" yaku="18,1,54,1" doraHai="5" who="2" fromWho="2" sc="75,-6,202,-6,342,33,371,-11" /><INIT seed="4,0,0,3,3,37" ten="69,196,375,360" oya="0" hai0="129,131,42,8,34,50,51,63,66,78,14,0,81" hai1="49,90,133,1,134,68,95,106,115,117,118,28,40" hai2="24,130,47,109,41,32,91,85,74,64,89,116,31" hai3="76,15,69,82,135,12,9,87,83,123,93,44,17"/><T107/><D34/><U120/><E1/><V48/><F109/><W7/><G69/><T27/><D107/><U16/><E120/><V18/><F74/><W71/><G71/><T67/><D0/><U52/><E68/><V29/><F130/><N who="0" m="49674" /><D27/><U88/><E106/><V13/><F116/><W113/><G123/><T45/><D63/><U39/><E115/><V96/><F64/><W72/><G113/><T58/><D58/><U112/><E112/><V97/><F31/><W21/><G135/><N who="1" m="51722" /><E28/><V132/><F89/><N who="1" m="34409" /><E95/><V25/><F132/><W104/><G104/><T127/><D51/><U46/><E16/><V103/><F103/><W60/><G93/><T61/><D61/><U124/><E124/><V84/><F84/><W98/><G60/><T19/><D127/><U92/><E92/><N who="2" m="54383" /><F29/><W5/><G98/><N who="2" m="37993" /><F32/><W122/><G122/><T11/><D11/><AGARI ba="0,0" hai="11,13,18,24,25,41,47,48" m="37993,54383" machi="11" ten="30,2000,0" yaku="8,1,52,1" doraHai="37" who="2" fromWho="0" sc="69,-20,196,0,375,20,360,0" /><INIT seed="5,0,0,0,1,46" ten="49,196,395,360" oya="1" hai0="23,55,17,65,114,115,70,104,119,1,2,26,67" hai1="99,97,18,112,95,50,111,75,134,83,100,56,69" hai2="133,31,103,68,116,4,85,42,24,73,94,88,30" hai3="79,36,60,48,12,87,11,135,98,44,121,78,16"/><U86/><E69/><V38/><F116/><W109/><G121/><T101/><D119/><U130/><E112/><V29/><F133/><W20/><G109/><T127/><D127/><U120/><E120/><V7/><F68/><W131/><G36/><T52/><D104/><U43/><E111/><V10/><F73/><W33/><G33/><T128/><D101/><U6/><E75/><V35/><F7/><W90/><G135/><T51/><D128/><U19/><E130/><V59/><F38/><W14/><G60/><T25/><D70/><U27/><E134/><V118/><F118/><W105/><G98/><T13/><D23/><U37/><E37/><V32/><F32/><W117/><G105/><T58/><D13/><U45/><E27/><V84/><F42/><N who="3" m="24599" /><G131/><T106/><D106/><U113/><E113/><V81/><F59/><W126/><G126/><T49/><D58/><U3/><E56/><V129/><F129/><W74/><G74/><T9/><REACH who="0" step="1"/><D17/><REACH who="0" ten="39,196,395,360" step="2"/><U132/><E132/><V122/><F122/><W108/><G117/><T63/><D63/><U110/><E110/><V8/><F103/><W80/><G108/><T91/><D91/><U22/><E22/><V77/><F8/><AGARI ba="0,1" hai="1,2,8,9,25,26,49,51,52,55,65,67,114,115" machi="8" ten="25,12000,2" yaku="1,1,22,2,52,2,54,1,53,0" doraHai="46" doraHaiUra="15" who="0" fromWho="2" sc="39,130,196,0,395,-120,360,0" /><INIT seed="6,0,0,1,0,58" ten="169,196,275,360" oya="2" hai0="104,44,105,96,11,30,6,117,68,40,43,20,54" hai1="65,107,57,3,23,1,7,101,125,53,71,8,29" hai2="100,55,70,16,32,134,51,77,62,10,66,80,82" hai3="63,122,110,67,132,111,79,46,127,92,25,37,39"/><V52/><F32/><W128/><G79/><T22/><D68/><U85/><E125/><V38/><F134/><W74/><G74/><T119/><D6/><U47/><E47/><V108/><F38/><W24/><G92/><T106/><D11/><U89/><E3/><V34/><F34/><W91/><G91/><T33/><D96/><U72/><E72/><V49/><F100/><W129/><G25/><T99/><D99/><U15/><E101/><V17/><F108/><W87/><G87/><T114/><D114/><U60/><E107/><N who="0" m="27393" /><T102/><DORA hai="2" /><D102/><U81/><E29/><V88/><F10/><W113/><G24/><T93/><D93/><U45/><E45/><V56/><F88/><W48/><G122/><T83/><D44/><U21/><REACH who="1" step="1"/><E1/><REACH who="1" ten="169,186,275,360" step="2"/><V123/><F123/><W18/><G127/><T130/><D30/><U103/><E103/><V118/><F118/><W27/><G46/><T9/><D119/><U64/><E64/><V5/><F66/><W120/><G67/><T41/><D117/><U73/><E73/><V116/><F116/><W28/><G28/><T133/><D133/><U14/><E14/><V109/><F109/><W31/><G31/><T95/><D33/><U126/><E126/><V50/><F77/><W121/><G132/><T97/><D54/><U61/><AGARI ba="0,1" hai="7,8,15,21,23,53,57,60,61,65,71,81,85,89" machi="61" ten="20,16000,3" yaku="1,1,0,1,7,1,52,3,53,3" doraHai="58,2" doraHaiUra="59,78" who="1" fromWho="1" sc="169,-40,186,170,275,-80,360,-40" /><INIT seed="7,0,0,1,0,50" ten="129,356,195,320" oya="3" hai0="14,13,19,61,101,67,106,110,85,105,51,62,124" hai1="15,42,4,90,6,47,103,102,135,134,118,72,107" hai2="5,2,123,49,112,7,34,63,69,30,125,132,57" hai3="129,46,17,86,113,133,29,84,94,76,127,78,74"/><W16/><G74/><T89/><D110/><U45/><E118/><V70/><F2/><W66/><G113/><T92/><D124/><U54/><E72/><V41/><F30/><W27/><G127/><T73/><D73/><U75/><E75/><V36/><F34/><W83/><G133/><N who="1" m="50698" /><E107/><V25/><F25/><W43/><G66/><T131/><D131/><U9/><E6/><V77/><F132/><W20/><G129/><T122/><D122/><U52/><E90/><V68/><F77/><W82/><G94/><T71/><D14/><U109/><E109/><V21/><F7/><W115/><G115/><T48/><D62/><U23/><E23/><V93/><F21/><W59/><G59/><T81/><D81/><U95/><E45/><N who="2" m="23719" /><F93/><W0/><G0/><T11/><D101/><N who="1" m="38411" /><E95/><V18/><F5/><W55/><G55/><T35/><D35/><U97/><E97/><V32/><F32/><W126/><G126/><T104/><D51/><AGARI ba="0,0" hai="4,9,15,42,47,51,52,54" m="38411,50698" machi="51" ten="30,7700,0" yaku="20,1,52,2,54,1" doraHai="50" who="1" fromWho="0" sc="129,-77,356,77,195,0,320,0" /><AGARI ba="0,0" hai="16,17,20,27,29,43,46,51,76,78,82,83,84,86" machi="51" ten="30,11600,0" yaku="7,1,9,1,8,1,54,1" doraHai="50" who="3" fromWho="0" sc="52,-116,433,0,195,0,320,116" owari="-64,-56.0,433,23.0,195,-20.0,436,53.0" /></mjloggm>