<mjloggm ver="2.3"><GO type="169" lobby="0"/><UN n0="%E4%BD%BF%E5%BE%92%E2%80%A0%E3%82%84%E3%82%93%E3%81%97%E3%81%97%E3%83%BC" n1="%E3%82%B3%E3%82%AB%E3%83%A9%E3%82%A4%E3%82%A2" n2="%4B%57" n3="%E3%82%8D%E3%82%93%EF%BC%92" dan="16,17,16,17" rate="2076.54,2148.56,2050.82,2178.84" sx="F,M,M,F"/><TAIKYOKU oya="0"/><INIT seed="0,0,0,3,1,77" ten="250,250,250,250" oya="0" hai0="132,133,10,38,83,43,51,17,33,23,30,135,87" hai1="20,104,70,58,103,111,48,6,84,14,27,47,26" hai2="100,32,80,73,54,115,4,107,49,0,67,78,106" hai3="31,92,127,119,128,95,96,88,91,65,13,123,45"/><T18/><D38/><U42/><E111/><V74/><F115/><W64/><G123/><T82/><D33/><U71/><E104/><V79/><F32/><W124/><G128/><T110/><D110/><U93/><E58/><V24/><F67/><W117/><G31/><T105/><D105/><U90/><E103/><V112/><F112/><W52/><G13/><N who="0" m="7351" /><D87/><U131/><E131/><V12/><F0/><W50/><G119/><T101/><D101/><U113/><E113/><V76/><F24/><W102/><G117/><T44/><D30/><U68/><REACH who="1" step="1"/><E20/><REACH who="1" ten="250,240,250,250" step="2"/><V1/><F100/><W28/><G102/><T57/><D57/><U122/><E122/><V75/><F107/><W114/><G114/><T97/><D97/><U8/><AGARI ba="0,1" hai="6,8,14,26,27,42,47,48,68,70,71,84,90,93" machi="8" ten="40,2700,0" yaku="1,1,0,1,53,0" doraHai="77" doraHaiUra="118" who="1" fromWho="1" sc="250,-13,240,37,250,-7,250,-7" /><INIT seed="1,0,0,3,3,38" ten="237,277,243,243" oya="1" hai0="62,65,47,36,103,55,113,2,20,3,91,27,63" hai1="7,89,8,87,50,72,29,124,61,19,102,24,135" hai2="78,57,23,128,100,30,21,116,92,129,109,46,26" hai3="84,83,98,97,81,4,82,56,122,43,93,48,88"/><U104/><E72/><V22/><F116/><W25/><G122/><T79/><D113/><U94/><E135/><V15/><F109/><W54/><G4/><T77/><D103/><U16/><E124/><V0/><F0/><W44/><REACH who="3" step="1"/><G25/><REACH who="3" ten="237,277,243,233" step="2"/><T32/><D27/><U106/><E24/><V9/><F26/><W80/><N who="3" m="20480" /><DORA hai="73" /><W28/><G28/><T66/><D79/><U42/><E29/><V33/><F78/><W117/><G117/><T115/><D77/><U12/><E7/><V133/><F30/><W45/><G45/><T86/><D47/><U118/><E118/><V34/><F46/><W95/><G95/><T75/><D75/><U18/><E94/><V108/><F92/><W120/><G120/><T1/><D115/><U17/><E18/><V58/><F133/><W69/><G69/><T5/><D5/><U107/><E19/><V6/><F6/><W130/><G130/><T60/><D1/><U112/><E112/><V110/><F129/><W13/><G13/><T114/><D2/><U132/><E132/><V40/><F128/><W101/><G101/><T37/><D3/><U53/><E102/><V52/><F100/><W71/><G71/><T35/><D114/><U49/><E17/><V39/><F15/><W31/><G31/><T127/><D35/><U99/><E12/><V68/><F68/><W131/><G131/><T64/><D32/><U96/><E16/><V125/><F34/><W85/><G85/><T51/><D86/><U67/><E87/><V14/><F14/><W11/><G11/><T90/><D20/><U119/><E8/><RYUUKYOKU ba="0,1" sc="237,-10,277,-10,243,-10,233,30" hai3="43,44,48,54,56,84,88,93,97,98" /><INIT seed="2,1,1,4,1,61" ten="227,267,233,263" oya="2" hai0="65,108,79,82,105,98,23,104,53,89,118,21,5" hai1="2,95,55,59,99,93,14,92,86,127,113,96,22" hai2="42,71,128,119,94,97,33,45,120,112,56,114,48" hai3="34,81,131,50,63,37,51,111,84,110,15,54,16"/><V124/><F33/><W115/><G34/><T78/><D108/><N who="3" m="41513" /><G37/><T106/><D118/><U12/><E127/><V19/><F119/><W58/><G131/><T44/><D5/><U69/><E69/><V123/><F124/><W13/><G13/><T83/><D65/><U31/><E113/><V39/><F128/><W49/><G115/><T30/><D89/><U66/><E2/><V28/><F28/><W77/><G51/><T74/><D98/><N who="1" m="37419" /><E66/><V47/><F71/><W4/><G4/><T38/><D30/><U62/><E86/><V41/><F114/><W29/><G29/><T80/><D80/><U36/><E36/><V43/><F43/><W75/><G75/><T17/><D17/><U121/><E121/><V6/><F6/><W107/><G107/><T40/><REACH who="0" step="1"/><D53/><REACH who="0" ten="217,267,233,263" step="2"/><U122/><E122/><V129/><F112/><W10/><AGARI ba="1,2" hai="10,15,16,49,50,54,58,63,77,81,84" m="41513" machi="10" ten="30,2000,0" yaku="14,1,54,1" doraHai="61" who="3" fromWho="3" sc="217,-6,267,-6,233,-11,263,43" /><INIT seed="3,0,0,5,5,14" ten="211,261,222,306" oya="3" hai0="38,51,76,82,65,26,68,58,81,74,31,122,90" hai1="0,78,60,39,86,89,72,2,118,128,18,4,12" hai2="48,108,29,24,129,126,9,91,49,11,44,83,50" hai3="40,112,70,113,34,114,131,25,109,93,59,53,120"/><W104/><G104/><T79/><D122/><U117/><E39/><V41/><F108/><W7/><G120/><T19/><D38/><U23/><E4/><V66/><F129/><W20/><G131/><T119/><D119/><N who="1" m="45579" /><E128/><V97/><F126/><W92/><G70/><T67/><D68/><U5/><E5/><V123/><F123/><W80/><G34/><T96/><D90/><U28/><E28/><V69/><F66/><W102/><G109/><T22/><D96/><U71/><E78/><V94/><F69/><W105/><G40/><T130/><D130/><U45/><E45/><V134/><F134/><W121/><G121/><T99/><D99/><U87/><E87/><V101/><F83/><W64/><G64/><T32/><D51/><U47/><E47/><V125/><F91/><W124/><G124/><T100/><D100/><U107/><E72/><V8/><REACH who="2" step="1"/><F125/><REACH who="2" ten="211,261,212,306" step="2"/><W43/><G113/><T73/><REACH who="0" step="1"/><D58/><REACH who="0" ten="201,261,212,306" step="2"/><U15/><E71/><V52/><F52/><W42/><G53/><T63/><D63/><U10/><E60/><V3/><F3/><W103/><G59/><T37/><D37/><U116/><E116/><V36/><F36/><W95/><G112/><T106/><D106/><U6/><E107/><V61/><F61/><W21/><G114/><T62/><D62/><U30/><E2/><V35/><AGARI ba="0,2" hai="8,9,11,24,29,35,41,44,48,49,50,94,97,101" machi="35" ten="30,2000,0" yaku="1,1,0,1,53,0" doraHai="14" doraHaiUra="127" who="2" fromWho="2" sc="201,-5,261,-5,212,40,306,-10" /><INIT seed="4,0,0,3,4,92" ten="196,256,252,296" oya="0" hai0="34,45,79,15,10,72,3,26,109,42,91,31,36" hai1="50,57,126,131,51,61,118,94,87,6,21,7,49" hai2="23,4,14,106,111,120,5,77,130,97,8,98,95" hai3="123,65,18,117,110,43,108,89,66,125,20,76,78"/><T12/><D109/><U37/><E118/><V103/><F120/><W24/><G117/><T53/><D91/><N who="1" m="53631" /><E37/><V74/><F130/><W119/><G119/><T17/><D53/><U80/><E126/><V86/><F111/><W133/><G110/><T32/><D32/><U71/><E71/><V19/><F74/><W84/><G108/><T60/><D60/><U48/><E131/><V62/><F62/><W122/><G125/><T29/><D29/><U69/><E69/><V22/><F86/><W28/><G43/><T39/><D39/><U102/><E102/><V105/><F77/><N who="3" m="29803" /><G133/><T52/><D52/><N who="1" m="33959" /><E80/><V56/><F56/><W96/><G28/><T46/><D46/><U35/><E35/><V1/><F5/><W107/><G107/><T9/><D3/><U0/><E0/><V33/><F33/><W55/><G55/><T41/><D41/><U70/><E70/><V128/><F128/><W113/><G113/><T2/><D2/><U58/><E21/><V114/><F114/><W40/><G40/><T129/><D129/><U59/><E59/><V88/><F106/><W85/><G123/><T25/><D34/><U132/><E132/><V115/><F115/><W38/><G38/><T100/><D36/><U63/><E49/><V90/><F90/><W112/><G112/><T127/><D127/><U13/><E13/><V11/><AGARI ba="0,0" hai="1,4,8,11,14,19,22,23,88,95,97,98,103,105" machi="11" ten="20,8000,1" yaku="0,1,7,1,52,2,54,1" doraHai="92" who="2" fromWho="2" sc="196,-40,256,-20,252,80,296,-20" /><INIT seed="5,0,0,3,5,3" ten="156,236,332,276" oya="1" hai0="123,53,8,35,52,46,104,79,107,30,88,118,80" hai1="10,26,66,76,28,93,20,115,70,116,64,19,45" hai2="131,122,17,16,68,133,56,130,101,81,86,95,36" hai3="109,40,74,134,57,24,121,7,32,39,82,49,67"/><U99/><E116/><V77/><F122/><W47/><G121/><T44/><D123/><U85/><E115/><V126/><F68/><W48/><G109/><T29/><D118/><U58/><E70/><V22/><F36/><W84/><G74/><T38/><D79/><U1/><E45/><V4/><F133/><W11/><G134/><T96/><D8/><U5/><E58/><V9/><F126/><W102/><G102/><T43/><D35/><U120/><E120/><V12/><F56/><W59/><G32/><T94/><D80/><U54/><E54/><V119/><F119/><W100/><G24/><T50/><REACH who="0" step="1"/><D53/><REACH who="0" ten="146,236,332,276" step="2"/><U60/><E76/><V65/><F77/><W71/><G82/><T129/><D129/><U34/><E34/><V63/><F131/><W27/><G11/><T135/><D135/><U0/><E10/><V62/><F81/><W132/><G132/><T108/><D108/><U125/><E125/><V110/><F110/><W105/><G67/><T21/><D21/><U83/><E66/><V33/><F33/><W92/><G105/><AGARI ba="0,1" hai="29,30,38,43,44,46,50,52,88,94,96,104,105,107" machi="105" ten="40,5200,0" yaku="1,1,54,2,53,0" doraHai="3" doraHaiUra="112" who="0" fromWho="3" sc="146,62,236,0,332,0,276,-52" /><INIT seed="6,0,0,0,5,58" ten="208,236,332,224" oya="2" hai0="2,30,63,77,111,123,66,16,43,78,11,113,31" hai1="32,73,74,99,42,38,98,18,106,13,41,54,117" hai2="83,28,114,115,36,10,101,86,35,104,129,23,19" hai3="110,24,102,62,22,6,1,76,0,71,3,109,108"/><V90/><F129/><W57/><G71/><T93/><D123/><U50/><E117/><V20/><F36/><W118/><G118/><T25/><D111/><U5/><E32/><V89/><F35/><W128/><G128/><T124/><D113/><N who="2" m="43018" /><F28/><W94/><G76/><T37/><D124/><U68/><E5/><V17/><F10/><W105/><G105/><T40/><D2/><U121/><E68/><V64/><F64/><W67/><G102/><T92/><D37/><U48/><E106/><V127/><F127/><W72/><G72/><T135/><D135/><U34/><E34/><V21/><F90/><W80/><G80/><T81/><D81/><U112/><E38/><V130/><F130/><W122/><G122/><T15/><D31/><U7/><E7/><V70/><F70/><W82/><G82/><T97/><D77/><U46/><E121/><V87/><F87/><W133/><G133/><T44/><D30/><U103/><E74/><V132/><F132/><W61/><G6/><T45/><D78/><U75/><E73/><V116/><F116/><W120/><G120/><T53/><D66/><U60/><E75/><V9/><F9/><W134/><G134/><T27/><D11/><U125/><E125/><V126/><F126/><W4/><G4/><T88/><D88/><U14/><E112/><V59/><F59/><W95/><G57/><T96/><D44/><U131/><E131/><V47/><F47/><W55/><G67/><T79/><D45/><U91/><E91/><V51/><F51/><W107/><G109/><T8/><D79/><U65/><E46/><RYUUKYOKU ba="0,0" sc="208,-10,236,-10,332,30,224,-10" hai2="17,19,20,21,23,83,86,89,101,104" /><INIT seed="6,1,0,0,3,96" ten="198,226,362,214" oya="2" hai0="32,3,47,124,38,46,54,56,11,88,23,112,9" hai1="87,101,93,0,134,13,81,90,4,71,61,114,103" hai2="24,63,58,108,15,7,70,73,67,83,52,97,133" hai3="105,12,26,21,130,98,55,39,6,35,59,5,43"/><V17/><F133/><W79/><G130/><T62/><D32/><U123/><E0/><V64/><F108/><W86/><G35/><T115/><D124/><U72/><E134/><V65/><F7/><W82/><G39/><T31/><D3/><U57/><E71/><V68/><F24/><W104/><G43/><T125/><D125/><U92/><E114/><N who="0" m="43561" /><D88/><N who="1" m="51311" /><E72/><V113/><F113/><W116/><G116/><T28/><D28/><U85/><E93/><V76/><REACH who="2" step="1"/><F97/><REACH who="2" ten="198,226,352,214" step="2"/><W20/><G98/><T8/><D38/><U94/><E123/><V120/><F120/><W49/><G5/><T53/><D31/><U131/><E131/><V14/><F14/><W50/><G6/><T75/><D75/><U102/><E4/><V118/><F118/><W106/><G12/><T109/><D109/><U117/><E13/><V41/><F41/><W128/><G128/><T30/><D30/><U34/><E117/><V25/><F25/><W10/><G26/><T121/><D121/><U48/><E34/><V22/><AGARI ba="1,1" hai="15,17,22,52,58,63,64,65,67,68,70,73,76,83" machi="22" ten="30,6000,0" yaku="1,1,0,1,54,1,53,0" doraHai="96" doraHaiUra="84" who="2" fromWho="2" sc="198,-21,226,-21,352,73,214,-21" /><INIT seed="6,2,0,1,3,18" ten="177,205,425,193" oya="2" hai0="95,102,50,0,124,6,89,28,7,85,77,81,117" hai1="78,122,133,39,104,111,59,26,53,25,11,51,33" hai2="27,107,99,63,2,114,88,19,24,127,115,113,92" hai3="130,90,119,21,80,56,60,3,15,118,42,47,131"/><V129/><F129/><N who="3" m="49163" /><G3/><T64/><D124/><U41/><E111/><V61/><F127/><W100/><G100/><T132/><D132/><U87/><E104/><V13/><F2/><W1/><G1/><T105/><D117/><N who="3" m="44553" /><G80/><T54/><D64/><U123/><E33/><V55/><F107/><W45/><G90/><T86/><D0/><U83/><E11/><N who="2" m="6591" /><F55/><N who="3" m="33823" /><G42/><T58/><D102/><U125/><E125/><V43/><F43/><W120/><G120/><N who="1" m="46122" /><E133/><V14/><F14/><W110/><G110/><T94/><D105/><U5/><E5/><V16/><F16/><AGARI ba="2,0" hai="15,16,21,45,47" m="33823,44553,49163" machi="16" ten="30,3900,0" yaku="19,1,52,1,54,1" doraHai="18" who="3" fromWho="2" sc="177,0,205,0,425,-45,193,45" /><INIT seed="7,0,0,5,3,11" ten="177,205,380,238" oya="3" hai0="28,39,82,16,83,98,0,106,76,95,3,114,117" hai1="77,56,53,44,107,91,24,129,58,89,132,48,18" hai2="90,26,63,84,116,122,31,19,43,73,92,7,66" hai3="25,45,62,101,23,120,42,20,115,46,52,69,135"/><W111/><G120/><T36/><D117/><U51/><E107/><V105/><F116/><W81/><G115/><T35/><D106/><U37/><E37/><V96/><F73/><W29/><G135/><T47/><D82/><U86/><E129/><V112/><F112/><W124/><G124/><T13/><D39/><U94/><E132/><V4/><F122/><W126/><G126/><T133/><D133/><U87/><E77/><V119/><F119/><W103/><G111/><T40/><D114/><U118/><E118/><V100/><F43/><W38/><G69/><T74/><D28/><U134/><E134/><V67/><F19/><W59/><G46/><T108/><D35/><U64/><E64/><V17/><F17/><W75/><REACH who="3" step="1"/><G23/><REACH who="3" ten="177,205,380,228" step="2"/><T113/><D108/><U10/><E44/><V55/><F55/><W68/><G68/><T102/><REACH who="0" step="1"/><D113/><REACH who="0" ten="167,205,380,228" step="2"/><U93/><E53/><V110/><F110/><W104/><G104/><T131/><D131/><U54/><E54/><V49/><F105/><W1/><G1/><T5/><D5/><U85/><E58/><V97/><F7/><W128/><G128/><T14/><D14/><N who="1" m="7511" /><E56/><V9/><F4/><W50/><G50/><N who="1" m="18986" /><E24/><V30/><F26/><W80/><G80/><T65/><D65/><U2/><E2/><V109/><F49/><W8/><G8/><AGARI ba="0,2" hai="0,3,8,13,16,36,40,47,74,76,83,95,98,102" machi="8" ten="30,8000,1" yaku="1,1,7,1,52,1,54,1,53,1" doraHai="11" doraHaiUra="72" who="0" fromWho="3" sc="167,100,205,0,380,0,228,-80" owari="267,7.0,205,-19.0,380,47.0,148,-35.0" /></mjloggm>