<mjloggm ver="2.3"><GO type="169" lobby="0"/><UN n0="%E3%82%B3%E3%82%AB%E3%83%A9%E3%82%A4%E3%82%A2" n1="%E3%83%AD%E3%83%83%E3%82%BD" n2="%E5%8D%83%E7%BE%BD%E9%B4%89" n3="%E3%82%8F%E3%81%A3%E3%81%97%E3%82%87%E3%81%84%E5%90%9B%32%E5%8F%B7" dan="17,17,17,16" rate="2146.35,2162.90,2233.39,2204.96" sx="M,F,F,M"/><TAIKYOKU oya="0"/><INIT seed="0,0,0,4,4,66" ten="250,250,250,250" oya="0" hai0="8,56,27,73,111,105,62,31,34,26,119,92,95" hai1="59,77,130,101,29,131,11,64,104,108,36,129,78" hai2="112,117,39,87,86,53,67,94,106,12,88,5,70" hai3="75,109,6,124,1,113,21,24,14,71,115,122,133"/><T54/><D119/><U18/><E36/><V68/><F112/><W7/><G75/><T72/><D105/><U28/><E104/><V2/><F2/><W16/><G71/><T17/><D111/><U89/><E101/><V76/><F39/><W96/><G96/><T47/><D47/><U9/><E89/><V134/><F67/><W35/><G109/><T82/><D82/><U50/><E108/><V10/><F106/><W40/><G40/><T13/><REACH who="0" step="1"/><D27/><REACH who="0" ten="240,250,250,250" step="2"/><U0/><E131/><V81/><F117/><W32/><G113/><T127/><D127/><U120/><E130/><V74/><F134/><W61/><G133/><T63/><D63/><U45/><E45/><V60/><REACH who="2" step="1"/><F74/><AGARI ba="0,1" hai="8,13,17,26,31,34,54,56,62,72,73,74,92,95" machi="74" ten="40,2000,0" yaku="1,1,53,0" doraHai="66" doraHaiUra="65" who="0" fromWho="2" sc="240,30,250,0,250,-20,250,0" /><INIT seed="0,1,0,1,1,22" ten="270,250,230,250" oya="0" hai0="103,47,101,134,69,19,60,98,9,39,116,88,82" hai1="3,100,23,11,65,114,85,90,74,120,26,118,30" hai2="38,122,21,58,50,62,124,123,56,36,37,108,84" hai3="135,127,106,10,13,70,49,109,41,121,35,8,81"/><T105/><D116/><U67/><E120/><V20/><F84/><W1/><G70/><T54/><D134/><U76/><E114/><V66/><F21/><W17/><G106/><T44/><D39/><U57/><E118/><V128/><F20/><W12/><G109/><T40/><D103/><U92/><E74/><V97/><F97/><W5/><G127/><T131/><D131/><U61/><E76/><V115/><F115/><W18/><G135/><T64/><D40/><U132/><E132/><V99/><F99/><W0/><G121/><N who="2" m="46089" /><F108/><W51/><G35/><T55/><D55/><U78/><E78/><V111/><F111/><W73/><G41/><T112/><D54/><U94/><E67/><N who="2" m="39367" /><F124/><W91/><G73/><T48/><D112/><U117/><E117/><V113/><F113/><W16/><G81/><T29/><D29/><U27/><E27/><V59/><F66/><W130/><G91/><T32/><D32/><U129/><E129/><V24/><F24/><W77/><G77/><T33/><D33/><U28/><E28/><V125/><F125/><W104/><G130/><T95/><D82/><U133/><E133/><V53/><F128/><W89/><G89/><T4/><D19/><U14/><E3/><N who="3" m="1098" /><G104/><T45/><D4/><N who="1" m="3431" /><E100/><V63/><F63/><W42/><G5/><T80/><D105/><U110/><E110/><V52/><F50/><N who="3" m="18955" /><G18/><T87/><D48/><U43/><E43/><V15/><F15/><W119/><G119/><T75/><D75/><U7/><E7/><V83/><F83/><AGARI ba="1,0" hai="23,26,30,57,61,65,83,85,90,92,94" m="3431" machi="83" ten="30,2000,0" yaku="8,1,52,1" doraHai="22" who="1" fromWho="2" sc="270,0,250,23,230,-23,250,0" /><INIT seed="1,0,0,5,1,68" ten="270,273,207,250" oya="1" hai0="86,129,23,118,16,95,14,51,26,59,58,44,120" hai1="19,104,55,52,11,106,91,8,82,24,22,36,108" hai2="105,65,75,64,15,115,131,2,3,70,124,43,103" hai3="94,110,5,32,31,56,46,96,61,117,62,42,123"/><U48/><E108/><V79/><F131/><W7/><G123/><T134/><D118/><U30/><E36/><V121/><F121/><W102/><G110/><T132/><D120/><U35/><E55/><V57/><F70/><W76/><G117/><T107/><D107/><U116/><E116/><V13/><F79/><W9/><G76/><T69/><D69/><U66/><E66/><V130/><F75/><W80/><G80/><T47/><D129/><U20/><E35/><V78/><F78/><W92/><G92/><T38/><D38/><U100/><E100/><V88/><F130/><W21/><G32/><T113/><D113/><U18/><E106/><V119/><F124/><W111/><G111/><T112/><D112/><U133/><E133/><N who="0" m="51305" /><D26/><U6/><E104/><V135/><F135/><W67/><G62/><T33/><D33/><U72/><E72/><V45/><F115/><W0/><G0/><T4/><D4/><U27/><E30/><V63/><F65/><W93/><G93/><T73/><D73/><U97/><E6/><V84/><F119/><W17/><G9/><T25/><D25/><U99/><E82/><N who="2" m="49175" /><F3/><W127/><G127/><T40/><D44/><U87/><E87/><V37/><F2/><W10/><G10/><N who="1" m="3626" /><E91/><AGARI ba="0,0" hai="14,16,23,40,47,51,58,59,86,91,95" m="51305" machi="91" ten="30,2000,0" yaku="20,1,54,1" doraHai="68" who="0" fromWho="1" sc="270,20,273,-20,207,0,250,0" /><INIT seed="2,0,0,5,5,119" ten="290,253,207,250" oya="2" hai0="103,121,61,99,123,73,58,120,63,17,108,96,90" hai1="8,52,49,28,25,39,44,74,91,116,71,81,18" hai2="97,132,27,110,78,133,56,1,9,101,36,13,6" hai3="16,19,43,34,35,134,80,26,57,48,105,129,33"/><V59/><F36/><W10/><G105/><T87/><D73/><U24/><E71/><V113/><F113/><W89/><G129/><T125/><D108/><U95/><E116/><V76/><F110/><W55/><G134/><N who="2" m="51817" /><F27/><W77/><G43/><T83/><D125/><U128/><E128/><V45/><F45/><W12/><G89/><T82/><D82/><U67/><E39/><V127/><F1/><W93/><G93/><T14/><D103/><U47/><E67/><V88/><F127/><W54/><G55/><T130/><D130/><U64/><E64/><V72/><F88/><W32/><G32/><T50/><D50/><N who="1" m="28743" /><E74/><V135/><N who="2" m="51825" /><V94/><DORA hai="53" /><F72/><W86/><REACH who="3" step="1"/><G26/><REACH who="3" ten="290,253,207,240" step="2"/><T102/><D102/><U111/><E111/><V30/><F30/><W100/><G100/><T15/><D90/><U92/><E25/><V29/><F29/><W70/><G70/><T3/><D83/><U0/><E28/><V104/><F94/><W4/><AGARI ba="0,1" hai="4,10,12,16,19,33,34,35,48,54,57,77,80,86" machi="4" ten="30,7900,0" yaku="1,1,0,1,52,1,54,1,53,0" doraHai="119,53" doraHaiUra="131,21" who="3" fromWho="3" sc="290,-20,253,-20,207,-39,240,89" /><INIT seed="3,0,0,2,2,4" ten="270,233,168,329" oya="3" hai0="126,46,95,7,60,41,45,100,24,1,77,40,58" hai1="82,33,39,127,101,18,48,73,81,92,32,108,130" hai2="14,12,122,62,134,98,11,15,16,42,103,106,97" hai3="71,34,47,116,132,21,85,68,63,3,55,53,107"/><W27/><G116/><T111/><D111/><U17/><E39/><V67/><F134/><W135/><G34/><T104/><D126/><U84/><E127/><V19/><F122/><W44/><G107/><T13/><D104/><U22/><E108/><V70/><F42/><W83/><G3/><T9/><D77/><U57/><E130/><V115/><F115/><W129/><G129/><T93/><D24/><U114/><E114/><V96/><REACH who="2" step="1"/><F15/><REACH who="2" ten="270,233,158,329" step="2"/><W125/><G125/><T88/><D1/><U102/><E32/><V110/><F110/><W87/><G132/><T86/><D41/><U28/><E33/><V123/><F123/><W113/><G135/><T43/><D40/><U72/><E72/><V65/><F65/><W118/><G113/><T37/><D43/><U80/><E73/><V20/><AGARI ba="0,1" hai="11,12,14,16,19,20,62,67,70,96,97,98,103,106" machi="20" ten="20,12000,2" yaku="1,1,0,1,7,1,52,1,54,1,53,2" doraHai="4" doraHaiUra="8" who="2" fromWho="2" sc="270,-30,233,-30,158,130,329,-60" /><INIT seed="4,0,0,3,2,74" ten="240,203,288,269" oya="0" hai0="92,33,102,88,124,121,16,42,9,73,107,132,98" hai1="1,129,95,134,14,104,3,29,44,20,135,108,120" hai2="40,34,99,90,38,123,106,54,0,2,35,71,111" hai3="101,59,4,51,86,80,57,52,93,17,7,127,49"/><T77/><D121/><U56/><E104/><V55/><F40/><W103/><G127/><T61/><D33/><U87/><E44/><V65/><F90/><W75/><G75/><T126/><D42/><U6/><E56/><V85/><F85/><W24/><G59/><T78/><D61/><U19/><E95/><V72/><F111/><W94/><G49/><T128/><D128/><U12/><E87/><V11/><F72/><W82/><G94/><T21/><D9/><N who="1" m="4151" /><E108/><V28/><F38/><W119/><G119/><T89/><D132/><N who="1" m="50731" /><E120/><V70/><F99/><N who="3" m="59631" /><G103/><T62/><D62/><U46/><E46/><V117/><F106/><W25/><G82/><N who="0" m="45359" /><D78/><U41/><E41/><V10/><F65/><W110/><G110/><T32/><D32/><U118/><E118/><V60/><F123/><W133/><G133/><T131/><D131/><U122/><E122/><V114/><F117/><W97/><G97/><T30/><D30/><U37/><E37/><V43/><F28/><W67/><G67/><T112/><D89/><U115/><E129/><V76/><F43/><W48/><G48/><T26/><D112/><U113/><E29/><V23/><F60/><W64/><G64/><T50/><D50/><U69/><E69/><V27/><F70/><W66/><G66/><T84/><AGARI ba="0,0" hai="16,21,26,84,88,92,98,102,107,124,126" m="45359" machi="84" ten="30,11700,0" yaku="24,1,52,1,54,2" doraHai="74" who="0" fromWho="0" sc="240,117,203,-39,288,-39,269,-39" /><INIT seed="4,1,0,2,5,52" ten="357,164,249,230" oya="0" hai0="129,2,100,102,106,34,30,37,10,42,60,24,49" hai1="21,104,66,43,61,0,103,117,47,92,93,45,71" hai2="23,109,79,4,77,88,33,126,127,62,15,59,39" hai3="63,80,125,55,50,9,108,87,90,36,111,114,64"/><T57/><D129/><U81/><E117/><V84/><F33/><W95/><G114/><T67/><D106/><U48/><E0/><V76/><F39/><W78/><G125/><N who="2" m="47625" /><F109/><W20/><G36/><T91/><D37/><U11/><E104/><V53/><F4/><W14/><G20/><T32/><D32/><U94/><E11/><V132/><F132/><W29/><G29/><T75/><D75/><U22/><E103/><V131/><F131/><W6/><G55/><T73/><D73/><U69/><E69/><V3/><F3/><W19/><G50/><T74/><D74/><U56/><E71/><V65/><F65/><W27/><G27/><T44/><REACH who="0" step="1"/><D91/><REACH who="0" ten="347,164,249,230" step="2"/><U98/><E98/><V121/><F88/><W8/><G108/><T18/><D18/><U113/><E113/><V40/><F77/><W123/><G111/><T124/><D124/><U41/><REACH who="1" step="1"/><E81/><REACH who="1" ten="347,154,249,230" step="2"/><V99/><F121/><W89/><G123/><T122/><D122/><U120/><E120/><V13/><F79/><W70/><G95/><T58/><D58/><U130/><E130/><V25/><F76/><W110/><G110/><T119/><D119/><U86/><E86/><V51/><F84/><W1/><AGARI ba="1,2" hai="1,6,8,9,14,19,63,64,70,78,80,87,89,90" machi="1" ten="20,1500,0" yaku="0,1,7,1" doraHai="52" who="3" fromWho="3" sc="347,-8,154,-5,249,-5,230,38" /><INIT seed="5,0,0,1,1,46" ten="339,149,244,268" oya="1" hai0="128,60,112,48,118,89,59,130,26,12,126,70,7" hai1="85,80,5,76,45,110,38,73,84,93,74,81,18" hai2="56,35,86,122,2,132,97,108,82,94,37,67,11" hai3="113,119,102,29,44,39,135,32,52,25,129,30,9"/><U34/><E34/><V72/><F37/><W13/><G113/><T103/><D118/><U116/><E116/><V0/><F108/><W134/><G119/><T27/><D112/><U50/><E38/><V115/><F122/><W20/><G102/><T77/><D103/><U40/><E110/><V78/><F35/><W79/><G79/><T28/><D126/><U65/><E65/><V92/><F132/><N who="3" m="50731" /><G129/><T91/><D77/><U117/><E117/><V88/><F11/><W109/><G39/><T63/><D70/><U106/><E106/><V123/><F123/><W121/><G121/><T31/><D59/><U49/><E93/><V57/><F115/><W105/><G105/><T23/><D7/><U131/><E131/><V41/><F41/><W101/><G101/><T98/><D98/><U54/><E18/><V14/><F14/><W124/><G124/><T100/><D12/><U19/><E19/><V90/><REACH who="2" step="1"/><F67/><REACH who="2" ten="339,149,234,268" step="2"/><W95/><G32/><T62/><D128/><U114/><E114/><V17/><F17/><W21/><G109/><T99/><D130/><U125/><E125/><V58/><AGARI ba="0,1" hai="0,2,56,57,58,72,78,82,86,88,90,92,94,97" machi="58" ten="30,4000,0" yaku="1,1,0,1,54,1,53,0" doraHai="46" doraHaiUra="111" who="2" fromWho="2" sc="339,-10,149,-20,234,50,268,-10" /><INIT seed="6,0,0,1,0,121" ten="329,129,284,258" oya="2" hai0="117,134,36,77,34,5,14,11,28,105,119,59,45" hai1="46,87,51,89,122,33,56,135,19,18,27,30,131" hai2="48,6,107,88,115,54,23,39,41,2,15,71,90" hai3="108,111,83,22,73,24,102,98,62,106,65,123,99"/><V129/><F107/><W7/><G123/><T52/><D105/><U60/><E135/><V75/><F75/><W64/><G99/><T78/><D134/><U21/><E131/><V50/><F71/><W40/><G40/><T49/><D34/><U25/><E122/><V68/><F68/><W91/><G7/><T9/><D28/><U26/><E33/><V16/><F115/><W10/><G10/><T126/><D126/><U97/><E97/><V104/><F104/><W29/><G91/><T133/><D133/><U132/><E132/><V79/><F79/><W20/><G20/><T100/><D100/><U114/><E114/><V13/><F2/><W118/><G118/><N who="0" m="45067" /><D11/><U69/><E69/><V44/><F39/><W95/><G106/><T61/><D36/><U76/><E76/><V112/><F112/><W124/><G124/><T67/><AGARI ba="0,0" hai="5,9,14,45,49,52,59,61,67,77,78" m="45067" machi="67" ten="30,2000,0" yaku="12,1,54,1" doraHai="121" who="0" fromWho="0" sc="329,20,129,-5,284,-10,258,-5" /><INIT seed="7,0,0,5,2,8" ten="349,124,274,253" oya="3" hai0="1,130,98,102,25,96,106,21,47,73,97,19,60" hai1="66,43,42,5,0,71,52,100,104,75,115,4,127" hai2="92,28,37,2,128,59,125,61,114,3,118,131,48" hai3="41,80,90,109,74,87,45,85,78,99,134,101,105"/><W67/><G67/><T116/><D116/><U129/><E75/><V49/><F28/><W91/><G45/><T50/><D73/><U117/><E100/><V70/><F92/><N who="3" m="54351" /><G41/><T62/><D1/><U26/><E104/><V30/><F70/><W32/><G32/><T27/><D130/><U112/><E26/><N who="0" m="9737" /><D102/><U9/><E0/><V34/><F37/><W132/><G109/><T24/><D106/><U53/><E9/><V20/><F118/><W111/><G111/><T58/><D58/><U18/><E117/><V56/><F34/><W69/><G69/><T79/><D79/><U86/><E86/><V35/><F2/><W72/><G72/><T83/><D83/><AGARI ba="0,0" hai="74,78,80,83,87,91,99,101,105,132,134" m="54351" machi="83" ten="30,5800,0" yaku="24,1,34,2" doraHai="8" who="3" fromWho="0" sc="349,-58,124,0,274,0,253,58" owari="291,9.0,124,-38.0,274,-13.0,311,42.0" /></mjloggm>