<mjloggm ver="2.3"><GO type="169" lobby="0"/><UN n0="%E3%83%94%E3%82%B3%E3%83%9E%E3%82%B9%E3%83%86%E3%82%A3%E3%83%95" n1="%E3%83%8E%E3%82%AA%E3%83%81%E3%83%A3%E3%83%99%E3%82%B9" n2="%E3%81%A4%E3%82%89%E3%81%84%E3%80%82" n3="%E8%A1%9B%E8%97%A4%E7%BE%8E%E5%BD%A9" dan="17,16,16,16" rate="2186.46,2063.56,2106.26,2131.35" sx="M,M,M,M"/><TAIKYOKU oya="0"/><INIT seed="0,0,0,3,5,28" ten="250,250,250,250" oya="0" hai0="17,115,111,123,43,84,101,124,110,87,35,132,46" hai1="13,116,16,85,53,20,78,66,38,9,92,94,54" hai2="25,61,32,93,59,67,22,83,49,36,63,76,18" hai3="26,89,106,68,6,0,27,128,42,107,45,104,11"/><T73/><D115/><U2/><E38/><V37/><F49/><W14/><G68/><T52/><D123/><U12/><E2/><V75/><F93/><W34/><G128/><T125/><D73/><U72/><E116/><V60/><F32/><W114/><G114/><T33/><D101/><U51/><E66/><V15/><F61/><W10/><G89/><T90/><D132/><U126/><E72/><V99/><F99/><W95/><G95/><N who="1" m="36394" /><E126/><N who="0" m="48745" /><D17/><N who="1" m="10279" /><E51/><V130/><F130/><W121/><G121/><T5/><D5/><U103/><E103/><V31/><F63/><W86/><G86/><N who="0" m="32811" /><D90/><U44/><E44/><V24/><F24/><W117/><G117/><T47/><D52/><N who="1" m="20075" /><E85/><V23/><AGARI ba="0,0" hai="15,18,22,23,25,31,36,37,59,60,67,75,76,83" machi="23" ten="20,1500,0" yaku="0,1,7,1" doraHai="28" who="2" fromWho="2" sc="250,-7,250,-4,250,15,250,-4" /><INIT seed="1,0,0,3,5,92" ten="243,246,265,246" oya="1" hai0="77,75,28,53,26,121,67,41,125,34,35,123,25" hai1="66,111,63,129,109,18,30,64,116,3,93,130,43" hai2="87,127,103,135,2,36,52,131,61,94,108,65,15" hai3="13,37,84,134,104,72,51,110,98,78,14,132,8"/><U100/><E116/><V128/><F2/><W29/><G37/><T73/><D125/><U99/><E3/><V55/><F127/><W133/><G110/><N who="1" m="41994" /><E43/><V4/><F108/><W44/><G72/><T96/><D41/><U114/><E114/><V54/><F36/><W31/><G14/><T74/><D67/><U119/><E119/><V9/><F135/><W42/><G78/><T122/><D53/><U95/><E30/><V27/><F27/><N who="0" m="10250" /><D28/><U40/><E18/><V16/><F4/><W107/><G84/><T81/><D96/><N who="1" m="59407" /><E40/><V124/><F124/><W102/><REACH who="3" step="1"/><G107/><REACH who="3" ten="243,246,265,236" step="2"/><T101/><D101/><N who="1" m="60671" /><E66/><V91/><REACH who="2" step="1"/><F103/><REACH who="2" ten="243,246,255,236" step="2"/><W57/><G57/><AGARI ba="0,2" hai="57,63,64,129,130" m="60671,59407,41994" machi="57" ten="30,11600,0" yaku="14,1,10,1,52,2" doraHai="92" who="1" fromWho="3" sc="243,0,246,136,255,0,236,-116" /><AGARI ba="0,0" hai="9,15,16,52,54,55,57,61,65,87,91,94,128,131" machi="57" ten="40,8000,1" yaku="1,1,2,1,54,2,53,0" doraHai="92" doraHaiUra="45" who="2" fromWho="3" sc="243,0,382,0,255,80,120,-80" /><INIT seed="1,1,0,4,2,3" ten="243,382,335,40" oya="1" hai0="23,6,57,124,116,19,10,115,26,73,93,5,36" hai1="113,118,64,22,86,102,85,61,46,105,38,68,79" hai2="75,119,11,90,37,69,66,12,48,80,50,16,111" hai3="25,30,13,125,28,9,133,24,65,35,49,72,132"/><U123/><E113/><V83/><F119/><W8/><G72/><T130/><D115/><U99/><E118/><V21/><F37/><W67/><G49/><T101/><D116/><U108/><E123/><V2/><F111/><W7/><G67/><T44/><D73/><U54/><E79/><V96/><F69/><W60/><G125/><T56/><D124/><U52/><E108/><V89/><F66/><W127/><G127/><T97/><D130/><U43/><E22/><V53/><F75/><W33/><REACH who="3" step="1"/><G9/><REACH who="3" ten="243,382,335,30" step="2"/><T120/><D120/><U17/><E17/><V88/><F50/><W18/><G18/><T51/><D36/><U20/><E20/><V40/><F40/><W135/><G135/><T63/><D10/><U42/><E42/><V107/><F11/><W62/><G62/><T32/><D32/><U82/><REACH who="1" step="1"/><E82/><REACH who="1" ten="243,372,335,30" step="2"/><V134/><F83/><W1/><G1/><T112/><D112/><U78/><E78/><V27/><F2/><W84/><G84/><AGARI ba="1,2" hai="38,43,46,52,54,61,64,68,84,85,86,99,102,105" machi="84" ten="40,7700,0" yaku="1,1,54,1,53,1" doraHai="3" doraHaiUra="58" who="1" fromWho="3" sc="243,0,372,100,335,0,30,-80" owari="243,-16.0,472,57.0,335,14.0,-50,-55.0" /></mjloggm>