<mjloggm ver="2.3"><GO type="169" lobby="0"/><UN n0="%E3%82%B8%E3%83%A5%E3%82%BF%32" n1="%E7%B7%91%E3%81%AE%E3%83%A9%E3%83%B3%E3%83%97" n2="%E3%81%A9%E3%81%8F%E3%81%A1%E3%81%8F%E3%82%8F" n3="%67%73%6B%67%33" dan="16,16,16,16" rate="2056.76,2072.00,2096.17,2138.41" sx="M,M,M,M"/><TAIKYOKU oya="0"/><INIT seed="0,0,0,1,3,123" ten="250,250,250,250" oya="0" hai0="101,85,96,0,75,95,77,10,47,45,66,23,71" hai1="102,129,31,119,113,29,73,7,50,76,24,69,6" hai2="84,132,122,130,65,1,41,35,64,49,27,117,15" hai3="16,83,90,12,107,46,93,22,82,58,43,34,74"/><T105/><D71/><U120/><E119/><V52/><F117/><W106/><G34/><T114/><D114/><U51/><E102/><V79/><F122/><W116/><G116/><T103/><D66/><U133/><E76/><V38/><F1/><W9/><G74/><T3/><D103/><U28/><E73/><V67/><F130/><W42/><G106/><T14/><D23/><U121/><E69/><V32/><F132/><W124/><G107/><T26/><D26/><U18/><E113/><V37/><F15/><W86/><G124/><T104/><D105/><U54/><E133/><V78/><F41/><W88/><G58/><T62/><D62/><U25/><E31/><V40/><F40/><W99/><G46/><T80/><D3/><U39/><E18/><V33/><F27/><W89/><G22/><T2/><D0/><U21/><E21/><V126/><F126/><W134/><G134/><T13/><D2/><U44/><E54/><V131/><F131/><W118/><G118/><T4/><REACH who="0" step="1"/><D14/><REACH who="0" ten="240,250,250,250" step="2"/><U17/><E129/><V48/><F33/><W8/><G8/><T30/><D30/><U19/><E121/><V125/><F65/><W59/><G59/><T55/><D55/><U5/><E120/><V68/><F68/><W56/><G56/><T60/><D60/><U63/><E63/><V94/><F52/><W127/><G127/><T112/><D112/><U53/><E53/><V92/><F125/><W91/><G83/><T11/><D11/><U111/><E25/><V108/><F32/><W110/><G82/><T115/><D115/><U70/><E24/><RYUUKYOKU ba="0,1" sc="240,30,250,-10,250,-10,250,-10" hai0="4,10,13,45,47,75,77,80,85,95,96,101,104" /><INIT seed="0,1,1,3,4,109" ten="270,240,240,240" oya="0" hai0="51,35,128,64,0,3,43,6,133,108,45,79,102" hai1="124,134,129,89,70,125,100,42,40,71,33,32,86" hai2="17,1,16,44,56,67,18,61,36,116,30,48,68" hai3="9,11,99,85,91,103,37,72,4,122,92,87,47"/><T24/><D133/><U93/><E100/><V49/><F1/><W46/><G122/><T66/><D128/><U69/><E134/><V117/><F30/><W121/><G121/><T110/><D79/><U106/><E106/><V8/><F49/><W29/><G72/><T52/><D102/><U5/><E5/><V22/><F8/><W105/><G29/><T126/><D126/><N who="1" m="48747" /><E129/><V115/><F115/><W96/><G11/><T83/><D83/><U95/><E95/><V14/><F36/><W31/><G31/><T130/><D130/><U58/><E58/><V62/><F62/><W27/><G27/><T53/><D24/><U98/><E98/><V25/><F68/><W131/><G131/><T2/><D6/><U82/><E82/><V94/><F94/><W84/><REACH who="3" step="1"/><G37/><REACH who="3" ten="270,240,240,230" step="2"/><T55/><REACH who="0" step="1"/><D35/><AGARI ba="1,2" hai="32,33,35,40,42,69,70,71,86,89,93" m="48747" machi="35" ten="40,1300,0" yaku="18,1" doraHai="109" who="1" fromWho="0" sc="270,-16,240,36,240,0,230,0" /><INIT seed="1,0,0,2,2,44" ten="254,276,240,230" oya="1" hai0="6,1,119,99,89,132,11,46,64,51,73,87,78" hai1="100,26,104,95,2,63,74,18,93,88,65,30,114" hai2="32,84,38,118,91,28,15,14,130,48,106,116,31" hai3="103,10,97,131,113,8,66,135,123,67,98,3,85"/><U54/><E2/><V120/><F120/><W60/><G113/><T5/><D119/><U71/><E74/><V70/><F38/><W72/><G72/><T101/><D132/><U134/><E134/><V45/><F70/><W16/><G123/><T107/><D64/><U47/><E114/><V117/><F106/><W50/><G135/><T9/><D78/><U105/><E18/><V127/><F130/><W111/><G111/><T34/><D34/><U82/><E82/><V112/><F112/><W94/><G131/><T43/><D73/><U75/><E95/><V52/><F127/><W80/><G3/><T79/><D79/><U102/><E75/><V81/><REACH who="2" step="1"/><F32/><REACH who="2" ten="254,276,230,230" step="2"/><W37/><G37/><T20/><D107/><U25/><E105/><V69/><F69/><W68/><G68/><T27/><D1/><U55/><E104/><V83/><F83/><W124/><G124/><T36/><D36/><U56/><E71/><V128/><F128/><W41/><G80/><N who="0" m="49383" /><D5/><U40/><E102/><V129/><F129/><W58/><G103/><T29/><D6/><U17/><E100/><V109/><F109/><W133/><G133/><T59/><D101/><U62/><E93/><V53/><F53/><W121/><G121/><T90/><D59/><U42/><E56/><V122/><F122/><W76/><G58/><T57/><D57/><U35/><E35/><V110/><F110/><W23/><G67/><T77/><D77/><U7/><E7/><V92/><F92/><AGARI ba="0,1" hai="9,11,20,27,29,43,46,51,90,92,99" m="49383" machi="92" ten="30,2000,0" yaku="8,1,52,1" doraHai="44" who="0" fromWho="2" sc="254,30,276,0,230,-20,230,0" /><INIT seed="2,0,0,4,1,123" ten="284,276,210,230" oya="2" hai0="65,132,17,134,9,50,131,82,31,42,78,79,34" hai1="23,76,12,30,25,44,66,36,57,130,64,47,85" hai2="18,54,97,26,105,7,90,114,119,122,88,129,4" hai3="86,111,102,3,67,81,53,21,5,71,69,20,22"/><V11/><F119/><W117/><G117/><T41/><D131/><U56/><E130/><V124/><F122/><W33/><G33/><T116/><D116/><U135/><E135/><N who="0" m="51753" /><D65/><N who="1" m="25195" /><E36/><V74/><F114/><W2/><G102/><T61/><D61/><U27/><E27/><V72/><F124/><W19/><G19/><T120/><D78/><U46/><E12/><V77/><F129/><W37/><G37/><T13/><D50/><U106/><E106/><V28/><F18/><W94/><G94/><T101/><D101/><U98/><E98/><V83/><F74/><W125/><G125/><T100/><D100/><U51/><E51/><V89/><F105/><W84/><G67/><T8/><D9/><U95/><E76/><V133/><F133/><W103/><G103/><T40/><D120/><U112/><E112/><V80/><F54/><W60/><G53/><T43/><D40/><U109/><E95/><V108/><F97/><W38/><G38/><T59/><D59/><U68/><E57/><V113/><F113/><W118/><G60/><T127/><D127/><U15/><E56/><V0/><F4/><W62/><G5/><T35/><D31/><U96/><E30/><V92/><F92/><W73/><G62/><T55/><D55/><U16/><E47/><V29/><F28/><W39/><G39/><T49/><D49/><U58/><E46/><V24/><F83/><W91/><G118/><T115/><D115/><U126/><E44/><V6/><F7/><W63/><G81/><T48/><D48/><U32/><E126/><V75/><F29/><W14/><G63/><RYUUKYOKU ba="0,0" sc="284,30,276,-10,210,-10,230,-10" hai0="8,13,17,34,35,41,42,43,79,82" /><INIT seed="3,1,0,1,4,28" ten="314,266,200,220" oya="3" hai0="12,92,11,114,29,100,0,119,23,14,82,109,126" hai1="112,105,25,22,4,97,35,64,128,42,103,90,84" hai2="37,116,45,54,101,81,47,3,17,26,113,55,27" hai3="94,39,130,60,73,99,80,72,58,41,8,31,96"/><W70/><G70/><T110/><D119/><U131/><E112/><V127/><F116/><W79/><G130/><T124/><D82/><U133/><E4/><V57/><F113/><W88/><G73/><T135/><D92/><U63/><E42/><V125/><F3/><W21/><G8/><T6/><D100/><U43/><E43/><N who="2" m="22767" /><F101/><W7/><G7/><T91/><D91/><U86/><E133/><V120/><F47/><W49/><G39/><T78/><D78/><U24/><E24/><V33/><F81/><W87/><G41/><T118/><D135/><U85/><E90/><V46/><F46/><W69/><G49/><T48/><D48/><U19/><REACH who="1" step="1"/><E35/><REACH who="1" ten="314,256,200,220" step="2"/><V5/><F5/><W65/><REACH who="3" step="1"/><G69/><AGARI ba="1,1" hai="19,22,25,63,64,69,84,85,86,97,103,105,128,131" machi="69" ten="40,2600,0" yaku="1,1,2,1,53,0" doraHai="28" doraHaiUra="2" who="1" fromWho="3" sc="314,0,256,39,200,0,220,-29" /><INIT seed="4,0,0,2,2,28" ten="314,295,200,191" oya="0" hai0="90,8,70,7,53,126,30,111,38,131,92,88,55" hai1="54,4,67,16,103,134,115,132,107,63,64,2,61" hai2="3,117,43,127,112,15,37,73,35,32,19,24,13" hai3="45,75,50,83,21,98,25,91,97,109,0,9,68"/><T52/><D38/><U125/><E2/><V62/><F73/><W96/><G68/><T118/><D118/><U87/><E4/><V128/><F117/><W36/><G109/><T40/><D70/><U101/><E87/><V74/><F74/><W10/><G36/><T18/><D40/><U110/><E54/><V42/><F3/><W81/><G75/><T29/><D111/><U114/><E110/><V56/><F112/><N who="1" m="43049" /><E16/><V5/><F128/><W26/><G0/><T57/><D131/><U31/><E31/><N who="0" m="11785" /><D126/><U129/><E129/><V121/><F121/><W47/><G21/><T93/><D7/><U49/><E49/><V105/><F105/><W60/><G60/><N who="1" m="23114" /><E107/><V108/><F108/><W58/><G58/><T82/><D57/><U78/><E78/><V33/><F127/><W135/><G50/><T76/><D76/><U14/><E14/><V27/><F5/><W95/><G97/><T100/><D82/><U20/><E20/><V89/><F37/><W123/><G123/><T59/><D59/><U85/><E85/><V72/><F72/><W1/><G1/><T41/><D41/><U113/><E125/><V48/><F42/><W122/><G122/><T6/><D6/><U77/><E77/><V102/><F43/><W69/><G69/><T23/><D23/><U34/><E34/><V120/><F120/><W39/><G39/><T133/><D18/><U116/><E116/><V106/><F19/><W99/><G99/><T104/><D104/><U11/><E11/><V80/><F106/><W124/><G124/><T17/><D8/><N who="3" m="3177" /><G45/><T51/><D51/><RYUUKYOKU ba="0,0" sc="314,0,295,0,200,0,191,0" /><INIT seed="5,1,0,3,5,27" ten="314,295,200,191" oya="1" hai0="54,87,9,7,10,85,95,68,103,15,35,45,124" hai1="24,44,129,20,33,75,123,23,126,53,84,43,121" hai2="125,92,90,62,78,34,135,76,118,17,22,102,48" hai3="110,114,72,133,82,61,112,97,131,89,67,41,29"/><U86/><E75/><V21/><F118/><W57/><G110/><T51/><D124/><U100/><E126/><V69/><F125/><W80/><G131/><T109/><D109/><U56/><E33/><V2/><F34/><W116/><G133/><T32/><D68/><U3/><E3/><V64/><F135/><W14/><G116/><T11/><D32/><U47/><E23/><V70/><F102/><W46/><G14/><T104/><D104/><U28/><E129/><V128/><F70/><W52/><G67/><T19/><D35/><U60/><E47/><V40/><F2/><W6/><G6/><T12/><D10/><U74/><E74/><V63/><F63/><W50/><G72/><T119/><D119/><U18/><E18/><V42/><F22/><W111/><G111/><T71/><REACH who="0" step="1"/><D71/><REACH who="0" ten="304,295,200,191" step="2"/><U39/><REACH who="1" step="1"/><E100/><REACH who="1" ten="304,285,200,191" step="2"/><V58/><F128/><W66/><G114/><T88/><D88/><U134/><E134/><V0/><F90/><W93/><BYE who="0" /><G112/><T98/><D98/><U106/><E106/><V81/><F78/><UN n0="%E3%82%B8%E3%83%A5%E3%82%BF%32" /><W132/><G132/><T5/><D5/><U16/><E16/><V122/><F17/><W77/><G77/><T30/><D30/><U49/><E49/><V59/><F48/><N who="3" m="26703" /><G29/><T1/><D1/><U115/><E115/><V130/><F0/><W37/><G37/><T55/><D55/><U73/><E73/><V13/><F76/><W94/><G97/><T120/><D120/><AGARI ba="1,2" hai="20,24,28,39,43,44,53,56,60,84,86,120,121,123" machi="120" ten="40,3900,0" yaku="1,1,52,1,53,0" doraHai="27" doraHaiUra="8" who="1" fromWho="0" sc="304,-42,285,62,200,0,191,0" /><INIT seed="5,2,0,5,3,103" ten="262,347,200,191" oya="1" hai0="100,116,88,12,54,52,76,81,30,90,117,28,129" hai1="96,125,56,121,1,82,101,19,84,86,69,72,127" hai2="10,26,59,25,60,113,108,4,118,35,102,89,51" hai3="63,83,48,46,5,74,39,16,120,21,29,14,31"/><U123/><E69/><V33/><F118/><W3/><G120/><T68/><D68/><U132/><E56/><V17/><F108/><W67/><G39/><T71/><D71/><U11/><E19/><V111/><F111/><W70/><G3/><T8/><D129/><U62/><E11/><V109/><F109/><W124/><G5/><N who="0" m="3087" /><D100/><U112/><E62/><V65/><F113/><W36/><G36/><T15/><D117/><U131/><E1/><V38/><F38/><W94/><G124/><N who="1" m="47690" /><E112/><V133/><F133/><W13/><G13/><T99/><D15/><U91/><E132/><V126/><F17/><W104/><G94/><N who="0" m="56775" /><D116/><U80/><E72/><V75/><F75/><W49/><G74/><T7/><D7/><U85/><E131/><V79/><F4/><W57/><G70/><T130/><D130/><U58/><E58/><V47/><F59/><W23/><G57/><T6/><D6/><U55/><E55/><V41/><F126/><W114/><G14/><T0/><D0/><U27/><E27/><V24/><F26/><W134/><G134/><T45/><D45/><U42/><E42/><V97/><F25/><W98/><G46/><T122/><D28/><U9/><E9/><V37/><F10/><W119/><G114/><T73/><D30/><U44/><E44/><V20/><F47/><W107/><G119/><T135/><D135/><U40/><E40/><V66/><F41/><W93/><G31/><T61/><D61/><U32/><E32/><V92/><F60/><W110/><G63/><T115/><D115/><U64/><E123/><V53/><F35/><RYUUKYOKU ba="2,0" sc="262,0,347,0,200,0,191,0" /><INIT seed="6,3,0,0,3,82" ten="262,347,200,191" oya="2" hai0="66,1,44,97,99,78,53,19,24,80,36,2,115" hai1="69,57,43,91,92,95,124,0,76,104,128,93,113" hai2="116,96,62,7,120,131,75,117,119,65,30,126,109" hai3="85,111,49,73,42,77,17,25,16,79,21,15,37"/><V28/><F120/><W108/><G37/><T48/><D115/><U86/><E69/><V127/><F75/><W72/><G42/><T110/><D110/><U46/><E0/><V83/><F7/><W135/><G49/><T18/><D36/><U27/><E104/><V8/><F8/><W47/><G47/><T84/><D66/><U105/><E105/><V29/><F109/><W41/><G41/><T129/><D129/><U98/><E128/><V60/><F131/><W106/><G106/><T34/><D19/><U3/><E3/><V101/><F83/><W51/><G51/><T88/><D99/><U70/><E70/><V112/><F112/><W123/><G135/><T107/><D34/><U50/><E113/><V9/><F9/><W134/><G134/><T74/><D18/><U14/><E14/><V59/><REACH who="2" step="1"/><F60/><REACH who="2" ten="262,347,190,191" step="2"/><W10/><G123/><T67/><D74/><U55/><E124/><V102/><F102/><W90/><G73/><T39/><D1/><U5/><E5/><V13/><F13/><N who="3" m="7223" /><G72/><T31/><D2/><U56/><E27/><V125/><F125/><W68/><G111/><T100/><D24/><U87/><E43/><V58/><F58/><W20/><G108/><T103/><D100/><N who="1" m="60487" /><E57/><V130/><F130/><W114/><G114/><T4/><D4/><U54/><E56/><V23/><F23/><W32/><G68/><T26/><D26/><U121/><E121/><V64/><F64/><W61/><G61/><T133/><D67/><U94/><E54/><V89/><F89/><W52/><G52/><T81/><D53/><U38/><E38/><RYUUKYOKU ba="3,1" sc="262,-15,347,15,190,15,191,-15" hai1="46,50,55,76,86,87,91,93,94,95" hai2="28,29,30,59,62,65,96,101,116,117,119,126,127" /><INIT seed="6,4,1,5,1,37" ten="247,362,205,176" oya="2" hai0="58,69,125,124,61,57,45,119,118,56,99,14,22" hai1="32,10,31,134,83,11,130,120,43,95,34,122,47" hai2="19,52,97,44,82,80,90,23,70,21,6,93,135" hai3="129,38,108,12,133,35,18,63,87,68,67,86,13"/><V54/><F70/><W111/><G35/><T7/><D99/><U104/><E104/><V89/><F135/><W112/><G133/><T50/><D22/><U53/><E130/><V110/><F110/><W78/><G129/><T1/><D14/><U39/><E95/><V29/><F6/><W55/><G38/><T116/><D1/><U60/><E83/><N who="2" m="31787" /><F89/><W71/><G78/><T79/><D7/><U46/><E31/><V42/><F29/><W88/><G112/><T33/><D33/><U92/><E92/><V20/><F19/><W66/><G55/><N who="0" m="30159" /><D79/><U132/><E32/><V16/><F16/><W15/><G18/><T75/><D75/><U84/><E84/><V106/><F106/><W48/><G48/><AGARI ba="4,1" hai="20,21,23,42,44,48,52,54,90,93,97" m="31787" machi="48" ten="30,5800,0" yaku="8,1,52,1,54,1" doraHai="37" who="2" fromWho="3" sc="247,0,362,0,205,80,176,-70" /><INIT seed="6,5,0,3,3,72" ten="247,362,285,106" oya="2" hai0="87,117,115,33,13,62,116,40,111,84,4,36,47" hai1="74,89,118,119,54,0,99,129,113,11,114,60,79" hai2="6,59,26,23,34,86,120,41,32,103,39,105,92" hai3="7,82,106,78,127,98,124,104,30,38,58,27,135"/><V35/><F120/><W45/><G7/><T2/><D111/><U14/><E0/><V93/><F105/><W43/><G135/><T18/><D33/><U1/><E1/><V131/><F6/><W9/><G58/><T55/><D115/><N who="1" m="44043" /><E89/><V52/><F131/><W42/><G42/><T126/><D126/><N who="3" m="48169" /><G9/><T73/><D73/><U3/><E99/><V95/><F103/><W102/><G104/><T88/><D87/><U19/><E3/><V70/><F70/><W17/><G17/><T68/><D4/><U10/><E10/><V24/><F86/><N who="3" m="48471" /><G27/><T97/><D2/><U85/><E74/><V69/><F69/><W12/><G12/><T108/><D68/><U91/><E54/><V50/><REACH who="2" step="1"/><F23/><REACH who="2" ten="247,362,275,106" step="2"/><W134/><G134/><T48/><D116/><U109/><E119/><V96/><F96/><W29/><AGARI ba="5,1" hai="29,30,38,43,45,98,102,106" m="48471,48169" machi="29" ten="30,2000,0" yaku="18,1,52,1" doraHai="72" who="3" fromWho="3" sc="247,-10,362,-10,275,-15,106,45" /><INIT seed="7,0,0,5,3,128" ten="237,352,260,151" oya="3" hai0="39,0,126,110,117,69,113,99,37,11,72,80,48" hai1="41,31,76,120,4,60,77,10,71,105,66,123,95" hai2="27,92,58,106,131,118,127,53,6,67,50,88,91" hai3="84,65,56,70,28,75,13,12,78,2,16,14,40"/><W19/><G75/><T68/><D110/><U7/><E7/><V54/><F118/><W83/><G70/><T74/><D117/><U23/><E41/><V125/><F106/><W63/><G2/><T122/><D99/><U44/><E44/><V1/><F131/><W97/><G40/><T32/><D48/><U21/><E105/><V100/><F67/><W24/><REACH who="3" step="1"/><G97/><REACH who="3" ten="237,352,260,141" step="2"/><T57/><D68/><U109/><E71/><V86/><F1/><W43/><G43/><T49/><D69/><U116/><E116/><V132/><F125/><W96/><G96/><T9/><D126/><U73/><E73/><V87/><F127/><W135/><G135/><T33/><D0/><U30/><E123/><V38/><F132/><W129/><G129/><T103/><D122/><U62/><E120/><V104/><F86/><W15/><N who="3" m="3072" /><DORA hai="45" /><W42/><G42/><T59/><D74/><U108/><E108/><V26/><F87/><W20/><AGARI ba="0,1" hai="16,19,20,24,28,56,63,65,78,83,84" m="3072" machi="20" ten="40,12000,1" yaku="1,1,0,1,8,1,54,1,53,1" doraHai="128,45" doraHaiUra="25,101" who="3" fromWho="3" sc="237,-40,352,-40,260,-40,141,130" /><INIT seed="7,1,0,5,5,43" ten="197,312,220,271" oya="3" hai0="5,112,96,89,103,118,19,15,102,71,40,113,107" hai1="80,70,2,6,53,86,41,29,93,36,30,74,79" hai2="87,97,52,61,98,45,75,72,95,10,129,42,14" hai3="4,25,106,64,55,123,83,108,100,126,81,110,84"/><W76/><G64/><T17/><D118/><U134/><E70/><V50/><F129/><W124/><G4/><T39/><D71/><U11/><E134/><V65/><F87/><N who="3" m="48551" /><G25/><T22/><D103/><U131/><E131/><V104/><F104/><W130/><G55/><T57/><D57/><U68/><E68/><V35/><F35/><W16/><G16/><N who="0" m="10527" /><D5/><U20/><E20/><V66/><F97/><N who="3" m="61711" /><G123/><T8/><D89/><N who="1" m="53431" /><E53/><V7/><F42/><W88/><G130/><T32/><D8/><U37/><E37/><V60/><F65/><W90/><G90/><T135/><D32/><U49/><E49/><V18/><F7/><W115/><G115/><N who="0" m="44107" /><D135/><U47/><AGARI ba="1,0" hai="2,6,11,29,30,36,41,47,74,79,80" m="53431" machi="47" ten="30,2000,0" yaku="25,1,52,1" doraHai="43" who="1" fromWho="1" sc="197,-6,312,23,220,-6,271,-11" owari="191,-31.0,335,44.0,214,-19.0,260,6.0" /></mjloggm>