<mjloggm ver="2.3"><GO type="169" lobby="0"/><UN n0="%E4%BD%8E%E3%82%81%E3%82%B9%E3%83%A9%E3%82%A4%E3%83%80%E3%83%BC" n1="%74%65%6E%6B%65%79%33" n2="%62%69%67%6D%6F%75%74%68" n3="%73%69%6E%73%69%73%74" dan="16,16,16,18" rate="2159.71,2080.88,2059.76,2232.56" sx="F,M,M,M"/><TAIKYOKU oya="0"/><INIT seed="0,0,0,4,3,71" ten="250,250,250,250" oya="0" hai0="55,40,111,68,99,18,98,113,6,37,36,8,69" hai1="31,103,16,1,13,123,66,56,4,115,42,74,22" hai2="96,46,61,118,81,32,88,27,100,106,121,97,45" hai3="9,47,87,43,35,134,84,0,30,108,76,11,127"/><T73/><D113/><U54/><E123/><V128/><F121/><W109/><G127/><T112/><D112/><U19/><E115/><V25/><F128/><W82/><G134/><T80/><D55/><U50/><E74/><V124/><F124/><W93/><G30/><T107/><D18/><U38/><E31/><V64/><F118/><W58/><G35/><T48/><D48/><U41/><E66/><V72/><F72/><W29/><G29/><T24/><D24/><U39/><E103/><V70/><F32/><W23/><G23/><T125/><D125/><U85/><E85/><V117/><F117/><W94/><G58/><T14/><D99/><U12/><E4/><V135/><F135/><W122/><G122/><T34/><D34/><U116/><E1/><V63/><F63/><W20/><G20/><T114/><D114/><U17/><E116/><V133/><F133/><W26/><G26/><T104/><D104/><U59/><E59/><V49/><F46/><W21/><G21/><T5/><D5/><U62/><E62/><V86/><REACH who="2" step="1"/><F97/><REACH who="2" ten="250,250,240,250" step="2"/><W44/><G44/><T120/><D120/><U83/><E83/><V105/><F105/><W102/><G47/><T79/><D98/><U132/><E132/><V131/><F131/><W129/><G129/><T3/><D107/><U57/><E57/><V65/><F65/><W67/><G67/><T90/><D73/><U110/><E56/><V126/><F126/><W28/><G108/><T15/><D111/><U91/><E110/><V2/><F2/><W52/><G109/><T119/><D3/><U51/><E54/><AGARI ba="0,1" hai="25,27,45,49,54,61,64,70,81,86,88,96,100,106" machi="54" ten="30,8000,1" yaku="1,1,6,1,7,1,54,1,53,1" doraHai="71" doraHaiUra="78" who="2" fromWho="1" sc="250,0,250,-80,240,90,250,0" /><INIT seed="1,0,0,5,0,123" ten="250,170,330,250" oya="1" hai0="37,44,36,76,11,13,6,39,67,132,91,100,97" hai1="30,0,130,56,38,107,64,50,3,82,24,73,74" hai2="117,98,51,68,135,93,20,25,7,66,96,32,92" hai3="119,53,116,85,23,89,120,61,126,28,5,42,122"/><U48/><E130/><V83/><F117/><N who="3" m="45131" /><G5/><T35/><D35/><U103/><E38/><V114/><F32/><W80/><G42/><T21/><D132/><U134/><E134/><V9/><F135/><W104/><G104/><T31/><D76/><U54/><E107/><V109/><F114/><W18/><G28/><T72/><D72/><U40/><E103/><V115/><F115/><W69/><G126/><T127/><D127/><U14/><E64/><V111/><F83/><W57/><G69/><T84/><D67/><U34/><E14/><AGARI ba="0,0" hai="14,18,23,53,57,61,80,85,89,120,122" m="45131" machi="14" ten="30,1000,0" yaku="12,1" doraHai="123" who="3" fromWho="1" sc="250,0,170,-10,330,0,250,10" /><INIT seed="2,0,0,1,1,115" ten="250,160,330,260" oya="2" hai0="119,67,42,111,64,23,83,41,52,54,0,117,16" hai1="58,24,122,20,121,35,101,40,118,17,94,71,130" hai2="114,116,125,15,128,68,7,44,78,108,133,62,51" hai3="57,109,97,131,135,98,84,49,6,127,89,95,19"/><V46/><F114/><W80/><G109/><T45/><D0/><U113/><E113/><V66/><F78/><W50/><G127/><T81/><D111/><U5/><E71/><V43/><F7/><W26/><G131/><T11/><D11/><U56/><E130/><V27/><F128/><W22/><G135/><T47/><D23/><U120/><E40/><N who="2" m="24967" /><F27/><W34/><G34/><T99/><D99/><N who="1" m="59639" /><E5/><V65/><F15/><W79/><G6/><T4/><D4/><U73/><E73/><V124/><F108/><W63/><REACH who="3" step="1"/><G98/><REACH who="3" ten="250,160,330,250" step="2"/><T13/><D13/><U90/><E35/><V37/><F133/><W38/><G38/><T132/><D132/><U91/><E118/><V70/><F116/><W88/><G88/><AGARI ba="0,1" hai="17,20,24,56,58,88,90,91,120,121,122" m="59639" machi="88" ten="30,2000,0" yaku="13,1,54,1" doraHai="115" who="1" fromWho="3" sc="250,0,160,30,330,0,250,-20" /><INIT seed="3,0,0,4,5,74" ten="250,190,330,230" oya="3" hai0="5,18,13,113,55,132,23,100,62,57,72,36,49" hai1="28,93,48,134,63,10,131,120,135,32,99,98,35" hai2="37,54,30,11,118,81,39,105,65,44,53,95,34" hai3="64,70,25,110,119,82,108,101,97,17,80,52,43"/><W128/><G119/><T27/><D36/><U79/><E120/><V89/><F118/><W121/><G121/><T0/><D132/><N who="1" m="50731" /><E131/><V50/><F105/><W87/><G43/><T126/><D126/><U102/><E10/><V125/><F125/><W38/><G38/><T127/><D127/><U7/><E7/><V60/><F54/><W1/><G1/><T51/><D113/><U94/><E63/><V40/><F30/><W21/><G70/><T85/><D72/><U133/><E48/><V104/><F104/><W20/><G64/><T26/><D0/><U122/><E122/><V90/><F34/><N who="1" m="12841" /><E28/><V47/><F11/><W114/><G114/><T12/><D100/><N who="1" m="60503" /><E133/><V15/><F39/><W124/><G124/><T115/><D115/><U103/><E103/><V92/><F60/><W4/><G4/><T46/><D85/><U78/><AGARI ba="0,0" hai="78,79,93,99,102" m="60503,12841,50731" machi="78" ten="40,5200,0" yaku="20,1,52,2" doraHai="74" who="1" fromWho="1" sc="250,-13,190,52,330,-13,230,-26" /><INIT seed="4,0,0,3,3,131" ten="237,242,317,204" oya="0" hai0="76,93,54,97,35,13,33,41,114,1,59,48,42" hai1="9,7,129,28,91,107,96,10,57,50,117,65,4" hai2="74,82,130,23,112,81,38,122,92,34,72,105,37" hai3="127,18,100,106,3,24,94,29,70,83,55,103,19"/><T61/><D1/><U2/><E129/><V98/><F130/><W90/><G70/><T121/><D121/><U128/><E128/><V68/><F122/><W36/><G36/><T20/><D114/><U126/><E117/><V104/><F34/><W46/><G3/><T12/><D76/><U44/><E126/><V134/><F68/><W89/><G106/><T123/><D123/><U0/><E28/><V109/><F109/><W124/><G83/><T118/><D118/><U78/><E78/><V26/><F112/><W108/><G108/><T119/><D119/><U75/><E75/><V132/><F23/><W52/><G29/><T40/><D48/><U63/><E107/><V111/><F111/><W27/><REACH who="3" step="1"/><G46/><REACH who="3" ten="237,242,317,194" step="2"/><T87/><D35/><U102/><E2/><V49/><F38/><W15/><G15/><T11/><D33/><U47/><E0/><V31/><F37/><W64/><G64/><T120/><D120/><U116/><E65/><V22/><F82/><W133/><G133/><T17/><D13/><U21/><E116/><V30/><F81/><W8/><G8/><T25/><D87/><U39/><E39/><V99/><F31/><W69/><G69/><T66/><D66/><U135/><E135/><N who="2" m="51755" /><F105/><W16/><G16/><N who="0" m="12423" /><D41/><U6/><E9/><V60/><F104/><W101/><G101/><AGARI ba="0,1" hai="11,12,17,40,42,54,59,61,93,97,101" m="12423" machi="101" ten="30,2900,0" yaku="8,1,54,1" doraHai="131" who="0" fromWho="3" sc="237,39,242,0,317,0,194,-29" /><INIT seed="4,1,0,2,3,14" ten="276,242,317,165" oya="0" hai0="43,122,78,42,69,112,133,111,0,63,45,52,97" hai1="74,80,5,106,39,73,65,12,68,108,107,35,87" hai2="61,32,15,123,27,71,25,115,104,83,62,64,51" hai3="36,129,117,60,57,55,53,110,2,33,41,10,30"/><T85/><D122/><U105/><E108/><V59/><F123/><W70/><G110/><T135/><D111/><U99/><E35/><V18/><F104/><W48/><G33/><T103/><D0/><U134/><E39/><V23/><F115/><W89/><G30/><T24/><D112/><U11/><E134/><N who="0" m="51209" /><D24/><U1/><E1/><V98/><F51/><W29/><G29/><T119/><D119/><U58/><E68/><V94/><F83/><W116/><G89/><T118/><D118/><N who="3" m="45673" /><G10/><T124/><D69/><U92/><E65/><V19/><F32/><W22/><G22/><T125/><D85/><U28/><E28/><V38/><F38/><W66/><G2/><T84/><D84/><U128/><E87/><V4/><F4/><W13/><G13/><T96/><D78/><U3/><E3/><V47/><F47/><N who="3" m="23975" /><G55/><T114/><D114/><U31/><E31/><V40/><F27/><W86/><G86/><T17/><D17/><U67/><E12/><V7/><F7/><W46/><G46/><T37/><D43/><U56/><E5/><V20/><F40/><W109/><G109/><T54/><D54/><U79/><E11/><V126/><F19/><W6/><G6/><T77/><D77/><U21/><E79/><V49/><F25/><W88/><G88/><T132/><N who="0" m="51217" /><T34/><DORA hai="127" /><D34/><U26/><E26/><V81/><F18/><W8/><G8/><T120/><D120/><U76/><E76/><V95/><F23/><W91/><G91/><T16/><D16/><U131/><E21/><V72/><F20/><W102/><G102/><RYUUKYOKU ba="1,0" sc="276,-10,242,-10,317,-10,165,30" hai3="48,53,57,60,66,70,129" /><INIT seed="5,2,0,3,3,103" ten="266,232,307,195" oya="1" hai0="12,123,9,112,44,68,66,7,85,48,61,13,132" hai1="76,63,107,43,20,82,45,55,105,5,37,131,22" hai2="81,92,70,80,14,32,69,128,88,36,60,127,125" hai3="15,91,27,64,50,77,26,124,30,54,71,57,41"/><U133/><E5/><V100/><F36/><W1/><G1/><T122/><D132/><U109/><E133/><V118/><F118/><W16/><G124/><N who="2" m="47689" /><F32/><W33/><G77/><T135/><D135/><U52/><E131/><V106/><F128/><W34/><G41/><T47/><D112/><U102/><E102/><V83/><F14/><W74/><G74/><T0/><D85/><U73/><E109/><V98/><F60/><W75/><G75/><T31/><D31/><U8/><E8/><V6/><F6/><W101/><G101/><T46/><REACH who="0" step="1"/><D48/><REACH who="0" ten="256,232,307,195" step="2"/><U104/><REACH who="1" step="1"/><E63/><REACH who="1" ten="256,222,307,195" step="2"/><V126/><F126/><W11/><G33/><T40/><D40/><U110/><E110/><V90/><F90/><W21/><G91/><T35/><D35/><U84/><E84/><AGARI ba="2,2" hai="69,70,80,81,83,84,88,92,98,100,106" m="47689" machi="84" ten="30,3900,0" yaku="18,1,52,1,54,1" doraHai="103" who="2" fromWho="1" sc="256,0,222,-45,307,65,195,0" /><INIT seed="6,0,0,0,1,119" ten="256,177,372,195" oya="2" hai0="3,77,59,71,80,27,83,69,91,70,100,82,57" hai1="12,42,106,85,48,18,20,107,11,68,117,93,53" hai2="125,23,95,39,126,120,84,2,37,118,102,89,88" hai3="92,113,87,76,40,105,21,56,122,81,33,64,110"/><V26/><F118/><W98/><G110/><T99/><D3/><U104/><E117/><V116/><F116/><W62/><G33/><T123/><D91/><U0/><E68/><V30/><F2/><W103/><G113/><T115/><D77/><U66/><E66/><V121/><F102/><W108/><G108/><T19/><D115/><U90/><E42/><V46/><F89/><W7/><G7/><T51/><D51/><U114/><E114/><V45/><F45/><W34/><G34/><T130/><D130/><U4/><REACH who="1" step="1"/><E107/><REACH who="1" ten="256,167,372,195" step="2"/><V31/><F39/><W124/><G40/><T24/><D71/><U44/><AGARI ba="0,1" hai="0,4,11,12,18,20,44,48,53,85,90,93,104,106" machi="44" ten="20,5200,0" yaku="1,1,2,1,0,1,7,1,53,0" doraHai="119" doraHaiUra="72" who="1" fromWho="1" sc="256,-13,167,62,372,-26,195,-13" /><INIT seed="7,0,0,2,3,37" ten="243,229,346,182" oya="3" hai0="53,0,100,111,28,18,92,113,96,85,118,58,40" hai1="115,121,67,51,19,106,4,78,83,135,59,130,30" hai2="25,126,97,66,57,5,129,20,77,41,120,38,29" hai3="36,84,2,63,12,7,22,52,60,54,95,93,10"/><W91/><G36/><T134/><D111/><U73/><E121/><V21/><F126/><W11/><G22/><T108/><D108/><U124/><E106/><V61/><F129/><W133/><G133/><T114/><D134/><U31/><E135/><V15/><F77/><W44/><G95/><T117/><D0/><U119/><E124/><V6/><F97/><W46/><G54/><T48/><D28/><U112/><E130/><V65/><F38/><W71/><G71/><T56/><D56/><U102/><E119/><V27/><F41/><W16/><REACH who="3" step="1"/><G44/><REACH who="3" ten="243,229,346,172" step="2"/><T104/><D118/><U45/><E45/><V26/><F21/><W109/><G109/><T8/><D117/><U81/><E81/><V123/><F123/><W122/><G122/><T42/><D104/><U34/><E83/><V98/><F120/><W74/><G74/><T86/><D114/><U39/><E73/><V105/><F105/><W110/><G110/><T128/><D113/><U79/><E39/><V49/><F20/><W87/><G87/><N who="0" m="33291" /><D128/><U33/><E115/><V70/><F70/><W82/><G82/><T131/><D131/><U50/><E112/><V47/><F47/><W62/><G62/><T64/><D64/><U13/><E67/><V103/><F66/><W127/><G127/><T75/><D75/><U94/><E94/><V24/><F65/><W32/><G32/><T55/><D53/><U3/><E34/><V99/><F61/><W90/><G90/><T132/><D132/><U76/><E33/><V69/><F69/><W1/><G1/><T89/><D89/><U88/><E88/><RYUUKYOKU ba="0,1" sc="243,15,229,-15,346,-15,172,15" hai0="8,18,40,42,48,55,58,92,96,100" hai3="2,7,10,11,12,16,46,52,60,63,84,91,93" /><INIT seed="7,1,1,1,4,40" ten="258,214,331,187" oya="3" hai0="18,123,58,66,129,42,55,74,73,67,120,75,86" hai1="106,6,15,63,9,71,102,29,24,12,16,109,50" hai2="101,3,45,127,43,20,33,100,108,103,54,48,96" hai3="46,87,1,56,7,114,35,10,5,14,118,70,11"/><W49/><G118/><T132/><D42/><U59/><E109/><V34/><F108/><W65/><G35/><T121/><D132/><U82/><E82/><V131/><F3/><W27/><G114/><T37/><D37/><U57/><E71/><V126/><F131/><W111/><G111/><T110/><D110/><U119/><E119/><V80/><F96/><W105/><G105/><T107/><D107/><U135/><E135/><V104/><F104/><W13/><G1/><T78/><D129/><U21/><E106/><V32/><F80/><W113/><G113/><T69/><D69/><U62/><E102/><V84/><F84/><W98/><G70/><T85/><D18/><U112/><E112/><V95/><F95/><W83/><G27/><T0/><D0/><U19/><E6/><V77/><F77/><W39/><G39/><T22/><D22/><U124/><E124/><N who="2" m="47659" /><F20/><W94/><G56/><T28/><D78/><U38/><E38/><V125/><F125/><W31/><G65/><T25/><D67/><U17/><E17/><V61/><F61/><W2/><G2/><T92/><D66/><U52/><E59/><V36/><F34/><AGARI ba="1,1" hai="9,12,15,16,19,21,24,29,34,50,52,57,62,63" machi="34" ten="30,3900,0" yaku="7,1,54,2" doraHai="40" who="1" fromWho="2" sc="258,0,214,52,331,-42,187,0" /><INIT seed="8,0,0,3,0,54" ten="258,266,289,187" oya="0" hai0="133,129,22,85,82,26,21,104,98,71,45,15,118" hai1="13,87,28,95,75,107,16,20,81,73,49,48,17" hai2="41,33,40,89,128,121,93,96,127,100,25,53,32" hai3="115,112,57,120,24,68,61,131,1,134,18,103,123"/><T105/><D71/><U14/><E107/><V90/><F121/><N who="3" m="46667" /><G1/><T94/><D118/><U0/><E0/><V29/><F33/><W27/><G131/><T34/><D129/><U67/><E28/><V58/><F128/><W23/><G134/><T69/><D69/><U4/><E4/><V130/><F127/><W64/><G103/><T30/><D133/><U11/><E67/><V101/><F130/><W84/><G84/><T114/><D114/><N who="3" m="43561" /><G24/><T122/><D122/><U99/><E75/><V125/><F125/><W8/><G8/><T65/><D65/><U135/><E73/><V47/><F101/><W124/><G124/><T62/><D62/><U19/><E19/><V12/><F12/><W10/><G10/><T106/><D45/><U3/><E3/><V60/><F41/><W113/><N who="3" m="43569" /><W56/><AGARI ba="0,0" hai="18,23,27,56,57,61,64,68" m="43569,46667" machi="56" ten="50,8000,1" yaku="4,1,13,1,52,2" doraHai="54" who="3" fromWho="3" sc="258,-40,266,-20,289,-20,187,80" /><INIT seed="9,0,0,2,4,4" ten="218,246,269,267" oya="1" hai0="113,77,23,95,68,123,104,63,10,32,109,100,126" hai1="44,6,22,108,70,59,74,12,118,48,96,50,80" hai2="78,24,86,27,94,81,69,36,120,65,124,5,84" hai3="134,51,3,87,38,28,0,67,114,112,106,13,127"/><U66/><E70/><V33/><F120/><W20/><G38/><T83/><D109/><U1/><E108/><V107/><F36/><W35/><G106/><T30/><D113/><U9/><E118/><V29/><F107/><W37/><G37/><T92/><D126/><U115/><E115/><V131/><F124/><W88/><G127/><T42/><D42/><U89/><E74/><V52/><F131/><W119/><G35/><T47/><D47/><U8/><E22/><V53/><F27/><W121/><G121/><T117/><D117/><U73/><E73/><V49/><F5/><W26/><G119/><T54/><D23/><U93/><E80/><V101/><F49/><W58/><G134/><T43/><D43/><U122/><E122/><V71/><F71/><W61/><G0/><T98/><D54/><U135/><E135/><V56/><F69/><W99/><G3/><T111/><D111/><U34/><E34/><V16/><F16/><W75/><G75/><T128/><D128/><U132/><E132/><V15/><F15/><W57/><G13/><T19/><D30/><U18/><E44/><V110/><F110/><W125/><G125/><T7/><D32/><U14/><E1/><V103/><F103/><W97/><G114/><T79/><D123/><U90/><E90/><N who="2" m="53575" /><F101/><W21/><G21/><T60/><D68/><U45/><E45/><V11/><F11/><W55/><G112/><T91/><D104/><U85/><E96/><V64/><F64/><W46/><G46/><T105/><D105/><U129/><E129/><V133/><F133/><W130/><G130/><RYUUKYOKU ba="0,0" sc="218,-30,246,10,269,10,267,10" hai1="6,8,9,12,14,18,48,50,59,66,85,89,93" hai2="24,29,33,52,53,56,65,78,81,86" hai3="20,26,28,51,55,57,58,61,67,87,88,97,99" /><INIT seed="9,1,0,4,3,83" ten="188,256,279,277" oya="1" hai0="127,63,33,100,72,119,24,107,44,124,120,7,104" hai1="0,134,23,84,19,66,79,11,89,117,86,115,128" hai2="135,92,118,20,94,32,15,91,46,85,53,38,56" hai3="70,16,110,106,6,47,39,52,45,122,34,74,102"/><U14/><E115/><V43/><F32/><W22/><G34/><T71/><D120/><U87/><E117/><V30/><F118/><W96/><G122/><T28/><D119/><U73/><E73/><V37/><F37/><W130/><G110/><T75/><D7/><U68/><E79/><V99/><F135/><W98/><G74/><T126/><D44/><U27/><E134/><V17/><F30/><W116/><G116/><T18/><D18/><U51/><E0/><V49/><F99/><W125/><G70/><T129/><D129/><U131/><E51/><V36/><F36/><W123/><G123/><T69/><D69/><U55/><E55/><V80/><AGARI ba="1,0" hai="15,17,20,38,43,46,49,53,56,80,85,91,92,94" machi="80" ten="20,2700,0" yaku="0,1,7,1,52,1" doraHai="83" who="2" fromWho="2" sc="188,-8,256,-14,279,30,277,-8" owari="180,-32.0,242,-16.0,309,41.0,269,7.0" /></mjloggm>