<mjloggm ver="2.3"><GO type="169" lobby="0"/><UN n0="%E4%BA%BA%E7%94%9F%E3%83%95%E3%83%AB%E3%82%BC%E3%83%B3%E3%83%84" n1="%74%65%61%6D%2D%65%78" n2="%41%6E%74%69%64%6F%74%65" n3="%E3%82%A2%E3%83%BC%E3%82%AF%EF%BC%AB" dan="18,16,16,17" rate="2180.03,2192.61,2186.76,2221.31" sx="M,M,M,M"/><TAIKYOKU oya="0"/><INIT seed="0,0,0,5,2,28" ten="250,250,250,250" oya="0" hai0="67,102,6,43,38,47,35,41,109,100,34,0,124" hai1="45,42,104,46,9,83,76,118,22,33,56,58,106" hai2="89,19,48,88,113,5,14,126,53,122,10,1,125" hai3="108,131,17,31,134,59,107,29,15,36,99,90,65"/><T74/><D124/><N who="2" m="47722" /><F113/><W133/><G36/><T123/><D123/><U97/><E118/><V86/><F86/><W32/><G108/><T61/><D109/><U75/><E22/><N who="2" m="11639" /><F122/><W55/><G65/><T50/><D41/><U66/><E45/><AGARI ba="0,0" hai="1,5,10,45,48,53,88,89" m="11639,47722" machi="45" ten="30,2000,0" yaku="18,1,54,1" doraHai="28" who="2" fromWho="1" sc="250,0,250,-20,250,20,250,0" /><INIT seed="1,0,0,2,4,25" ten="250,230,270,250" oya="1" hai0="104,70,111,42,134,84,90,6,23,37,81,86,61" hai1="35,124,91,113,129,125,64,106,30,15,27,26,7" hai2="41,72,44,66,12,14,68,120,116,47,31,128,79" hai3="53,80,21,43,98,38,126,95,112,51,133,97,71"/><U16/><E106/><V22/><F120/><W69/><G112/><T2/><D111/><U130/><E64/><V127/><F116/><W108/><G108/><T29/><D134/><U75/><E75/><V13/><F128/><N who="1" m="49257" /><E91/><V101/><F101/><W92/><G43/><T28/><D104/><U115/><E7/><V24/><F127/><N who="1" m="48713" /><E27/><V132/><F132/><W85/><G133/><T67/><D6/><U10/><AGARI ba="0,0" hai="10,15,16,26,30,35,113,115" m="48713,49257" machi="10" ten="30,18000,2" yaku="19,1,18,1,34,2,52,1,54,1" doraHai="25" who="1" fromWho="1" sc="250,-60,230,180,270,-60,250,-60" /><INIT seed="1,1,0,0,3,29" ten="190,410,210,190" oya="1" hai0="98,42,36,130,71,114,8,35,84,23,74,105,27" hai1="100,22,58,50,83,81,30,133,33,118,39,127,38" hai2="51,12,60,129,21,31,0,20,78,14,15,37,46" hai3="119,28,44,70,97,115,134,107,106,1,87,124,90"/><U49/><E118/><V54/><F0/><W41/><G70/><T66/><D23/><U64/><E100/><V61/><F129/><W85/><G1/><T3/><D84/><U117/><E117/><V67/><F37/><W96/><G119/><T65/><D65/><U17/><E133/><V102/><F78/><W13/><G134/><T32/><D130/><U10/><E10/><V56/><F102/><W135/><G135/><T2/><D114/><U109/><E127/><V86/><F86/><W7/><G7/><N who="0" m="1143" /><D27/><U19/><E30/><V79/><F79/><W111/><G13/><T112/><D3/><U128/><E22/><V24/><REACH who="2" step="1"/><F60/><REACH who="2" ten="190,410,200,190" step="2"/><W132/><G85/><T73/><D112/><U25/><E128/><V53/><F53/><W57/><G87/><T93/><D93/><U48/><E38/><V69/><F69/><W88/><G115/><T120/><D120/><U6/><E39/><V108/><F108/><W123/><G111/><T43/><D43/><U92/><E109/><V110/><F110/><W76/><G41/><T101/><D42/><U95/><E81/><V34/><AGARI ba="1,1" hai="12,14,15,20,21,24,31,34,46,51,54,56,61,67" machi="34" ten="30,4000,0" yaku="1,1,0,1,52,1,53,0" doraHai="29" doraHaiUra="68" who="2" fromWho="2" sc="190,-11,410,-21,200,53,190,-11" /><INIT seed="2,0,0,4,0,30" ten="179,389,253,179" oya="2" hai0="110,6,2,16,19,70,87,56,131,35,125,23,11" hai1="67,51,44,42,107,50,84,90,132,69,89,62,49" hai2="45,129,74,53,95,94,59,115,119,26,66,24,7" hai3="71,28,83,76,37,101,123,58,92,5,130,102,82"/><V113/><F119/><W68/><G37/><T36/><D70/><U120/><E107/><V8/><F74/><W25/><G123/><T127/><D36/><U124/><E132/><V80/><F66/><W91/><G5/><T48/><D110/><U1/><E124/><N who="0" m="47689" /><D131/><U73/><E73/><V97/><F129/><W55/><G130/><T100/><D100/><U93/><E120/><V126/><F126/><W47/><G47/><T52/><D23/><U85/><REACH who="1" step="1"/><E1/><REACH who="1" ten="179,379,253,179" step="2"/><V96/><F113/><W77/><G77/><T98/><D98/><U43/><E43/><V40/><F115/><W64/><G76/><T4/><D4/><U22/><E22/><V122/><F122/><W13/><G68/><T9/><D9/><U109/><E109/><V108/><F108/><W17/><G71/><T133/><D133/><U0/><E0/><V75/><F75/><W3/><G3/><T65/><D35/><U78/><E78/><V41/><F41/><W39/><G39/><T38/><D38/><U54/><E54/><V81/><F53/><W46/><G55/><T99/><D99/><U10/><E10/><V34/><F40/><W20/><G20/><T105/><D105/><U29/><E29/><V116/><F96/><W72/><G28/><T21/><D21/><U121/><E121/><V57/><F97/><W61/><G102/><T63/><D87/><U86/><E86/><V18/><F8/><N who="3" m="6311" /><G101/><T111/><D111/><U31/><E31/><V104/><F104/><W79/><G72/><T135/><D135/><U33/><E33/><V117/><F34/><W12/><G79/><RYUUKYOKU ba="0,1" sc="179,15,379,15,253,-15,179,-15" hai0="2,6,11,16,19,48,52,56,63,65" hai1="42,44,49,50,51,62,67,69,84,85,89,90,93" /><INIT seed="3,1,1,5,2,62" ten="194,394,238,164" oya="3" hai0="19,17,88,102,77,85,31,3,20,11,121,9,8" hai1="47,61,70,98,59,131,135,123,43,84,110,100,127" hai2="109,115,32,73,37,30,39,80,95,42,133,114,112" hai3="129,52,69,105,86,97,26,81,15,10,99,24,128"/><W65/><G105/><T126/><D121/><U53/><E123/><V125/><F109/><W83/><G26/><N who="0" m="16839" /><D3/><U68/><E110/><V103/><F133/><W124/><G24/><T79/><D102/><U50/><E135/><V113/><F125/><W104/><G124/><T23/><D126/><U36/><E127/><V44/><F112/><W78/><G104/><T21/><D21/><U6/><E131/><N who="3" m="50250" /><G83/><N who="0" m="49215" /><D19/><U16/><E6/><V46/><F32/><W64/><G69/><T56/><D56/><U1/><E1/><V25/><F25/><AGARI ba="1,1" hai="8,9,11,17,23,25,77,79" m="49215,16839" machi="25" ten="30,2000,0" yaku="8,1,54,1" doraHai="62" who="0" fromWho="2" sc="194,33,394,0,238,-23,164,0" /><INIT seed="4,0,0,3,3,11" ten="227,394,215,164" oya="0" hai0="0,132,35,21,121,71,38,80,101,90,53,67,17" hai1="48,44,69,24,123,83,130,57,72,133,60,107,20" hai2="122,116,79,32,93,129,98,102,43,22,87,91,62" hai3="65,95,40,96,9,134,105,88,127,28,120,50,82"/><T126/><D121/><U45/><E123/><V59/><F32/><W89/><G120/><T12/><D38/><U114/><E107/><V131/><F122/><W115/><G105/><T77/><D0/><U49/><E72/><V54/><F116/><W58/><G115/><T4/><D35/><U64/><E83/><V19/><F43/><W106/><G106/><T73/><D101/><U27/><E133/><V2/><F2/><W76/><G134/><T51/><D132/><U5/><E5/><V23/><F79/><W75/><G28/><T47/><D126/><U68/><E130/><V81/><REACH who="2" step="1"/><F23/><REACH who="2" ten="227,394,205,164" step="2"/><W13/><G127/><T30/><D21/><U109/><E20/><V111/><F111/><W37/><G37/><T100/><D77/><U104/><E109/><V18/><F18/><W56/><G65/><T94/><D17/><U25/><E114/><V86/><F86/><W110/><G110/><T14/><D67/><U1/><E1/><V97/><F97/><W61/><G89/><T41/><D90/><U39/><E64/><V6/><F6/><W78/><G78/><T113/><D4/><U103/><E39/><V99/><F99/><W15/><G40/><T119/><D41/><U117/><E117/><V70/><F70/><W46/><G96/><T66/><D71/><U7/><E69/><V3/><F3/><W125/><G76/><T31/><D119/><U55/><E7/><V63/><F63/><W74/><G75/><T85/><D73/><U108/><E68/><V10/><F10/><W84/><G74/><T36/><D36/><U112/><E108/><RYUUKYOKU ba="0,1" sc="227,-10,394,-10,205,30,164,-10" hai2="19,22,54,59,62,81,87,91,93,98,102,129,131" /><INIT seed="5,1,1,2,1,71" ten="217,384,235,154" oya="1" hai0="42,43,87,67,96,37,68,120,69,22,66,28,90" hai1="53,40,97,32,54,51,26,128,47,109,124,76,89" hai2="100,121,62,84,112,10,2,8,52,98,107,49,116" hai3="55,123,60,14,0,81,108,106,72,86,85,92,50"/><U4/><E128/><V78/><F116/><W133/><G106/><T118/><D118/><U48/><E124/><V74/><F121/><W12/><G0/><T129/><D129/><U65/><E109/><V91/><F62/><W35/><G35/><T122/><D96/><U73/><E4/><V16/><F2/><W6/><G123/><N who="0" m="47147" /><D22/><U34/><E65/><N who="0" m="24585" /><D28/><U24/><E34/><V45/><F112/><W88/><G108/><T102/><D102/><U36/><E32/><V114/><F114/><W105/><G133/><T103/><D103/><U99/><E99/><V70/><F70/><N who="0" m="27242" /><D37/><U7/><E36/><V44/><F10/><W80/><G105/><T101/><D101/><U56/><E97/><V21/><F8/><W79/><G6/><T75/><D75/><U126/><E73/><V27/><F74/><W110/><G110/><T57/><D57/><U77/><E7/><V113/><F113/><W23/><G23/><T18/><D18/><U39/><E39/><V33/><F33/><W111/><G111/><T25/><D25/><U104/><E24/><V135/><F98/><W61/><G14/><T1/><D1/><U29/><E26/><V46/><F27/><W59/><REACH who="3" step="1"/><G12/><REACH who="3" ten="217,384,235,144" step="2"/><T58/><D58/><U127/><E56/><V64/><F107/><W83/><G83/><AGARI ba="1,2" hai="42,43,83,87,90" m="27242,24585,47147" machi="83" ten="30,1000,0" yaku="13,1" doraHai="71" who="0" fromWho="3" sc="217,33,384,0,235,0,144,-13" /><INIT seed="6,0,0,4,1,88" ten="250,384,235,131" oya="2" hai0="43,11,74,54,112,98,64,45,32,41,72,40,93" hai1="30,48,10,70,35,125,75,13,34,113,5,36,19" hai2="68,3,14,95,52,2,31,29,132,78,47,96,7" hai3="83,90,80,123,55,63,8,127,51,21,0,6,66"/><V119/><F68/><W49/><G123/><T16/><D32/><U109/><E109/><V4/><F119/><W61/><G127/><T129/><D112/><U131/><E36/><V56/><F78/><W77/><G21/><T133/><D133/><U67/><E75/><V121/><F121/><W22/><G22/><T100/><D129/><U79/><E131/><V124/><F47/><W105/><G105/><T101/><D64/><U118/><E118/><V58/><F132/><W33/><G33/><T89/><D72/><U59/><E70/><V12/><F96/><W24/><G24/><T91/><D91/><U26/><E113/><V86/><F86/><W46/><G66/><T111/><D74/><U76/><E35/><V134/><F134/><W116/><G116/><T117/><D111/><U17/><E125/><V110/><F52/><W135/><G135/><T39/><D117/><U9/><E17/><V37/><F37/><W128/><G128/><T38/><D38/><U57/><E57/><V94/><F124/><W28/><G28/><T107/><D107/><U104/><E104/><V106/><F106/><W15/><G61/><T126/><D39/><U102/><E48/><V82/><F82/><W20/><G63/><T84/><D126/><U122/><E122/><V130/><F130/><W81/><G51/><N who="0" m="29039" /><D84/><U97/><E67/><V44/><F44/><W65/><G65/><T53/><D53/><U114/><E114/><V103/><F103/><W73/><G90/><T62/><D62/><U120/><E120/><V60/><F60/><W92/><G92/><T108/><D108/><AGARI ba="0,0" hai="2,3,4,7,12,14,29,31,56,58,94,95,108,110" machi="108" ten="25,12000,1" yaku="6,1,22,2,52,2" doraHai="88" who="2" fromWho="0" sc="250,-120,384,0,235,120,131,0" /><INIT seed="6,1,0,0,1,92" ten="130,384,355,131" oya="2" hai0="123,50,14,110,17,12,34,87,7,58,86,126,57" hai1="95,88,85,89,66,115,106,1,22,49,96,53,16" hai2="0,84,44,25,65,90,83,43,131,128,77,114,46" hai3="105,82,60,134,99,80,102,40,62,112,113,13,79"/><V6/><F114/><N who="3" m="44139" /><G134/><T127/><D34/><U118/><E115/><V72/><F65/><W39/><G82/><T33/><D33/><U67/><E1/><V101/><F25/><W100/><G13/><N who="0" m="5227" /><D110/><U36/><E36/><V41/><F46/><N who="3" m="23839" /><G102/><T74/><D74/><AGARI ba="1,0" hai="60,62,74,79,80,99,100,105" m="23839,44139" machi="74" ten="30,3900,0" yaku="15,1,11,1,52,1" doraHai="92" who="3" fromWho="0" sc="130,-42,384,0,355,0,131,42" /><INIT seed="7,0,0,1,5,99" ten="88,384,355,173" oya="3" hai0="77,5,89,97,40,82,51,37,102,127,114,52,8" hai1="86,28,76,105,80,108,96,98,71,128,132,87,60" hai2="42,120,23,10,38,33,135,62,9,36,15,111,95" hai3="57,1,32,75,63,90,21,49,113,129,16,56,69"/><W0/><G32/><T70/><D127/><U18/><E108/><V123/><F33/><W34/><G34/><T14/><D114/><U94/><E132/><V58/><F111/><W107/><G113/><T103/><D70/><U126/><E126/><V47/><F36/><W45/><G75/><T134/><D134/><U64/><E128/><V104/><F104/><W30/><G30/><T35/><D35/><U110/><E110/><V50/><F135/><W83/><G107/><T20/><D40/><U61/><E28/><V72/><F72/><W78/><G1/><T115/><D37/><U7/><E7/><V106/><F106/><W124/><G0/><T67/><D67/><U11/><E105/><V17/><F38/><W41/><G90/><T26/><D115/><U118/><E118/><V31/><F31/><W122/><G122/><T116/><D116/><U19/><E61/><V65/><REACH who="2" step="1"/><F95/><REACH who="2" ten="88,384,345,173" step="2"/><W3/><G129/><T84/><D97/><U44/><E44/><V121/><AGARI ba="0,1" hai="9,10,15,17,23,42,47,50,58,62,65,120,121,123" machi="121" ten="30,7900,0" yaku="1,1,2,1,0,1,13,1,53,0" doraHai="99" doraHaiUra="125" who="2" fromWho="2" sc="88,-20,384,-20,345,89,173,-39" owari="68,-43.0,364,16.0,434,54.0,134,-27.0" /></mjloggm>