<mjloggm ver="2.3"><GO type="169" lobby="0"/><UN n0="%E5%BD%97%E6%98%9F%E5%85%A5%E3%83%92%E3%82%B3" n1="%E9%BA%BB%E9%9B%80%49%51%31%32%30" n2="%E3%83%AB%E3%82%A2%E3%82%B4%E3%82%A4%E3%83%95" n3="%52%59%4F%40%53%53" dan="16,17,17,18" rate="2133.13,2086.12,2074.95,2219.62" sx="M,M,M,M"/><TAIKYOKU oya="0"/><INIT seed="0,0,0,2,5,102" ten="250,250,250,250" oya="0" hai0="74,114,111,18,80,20,47,84,50,68,87,61,27" hai1="31,134,56,72,3,115,17,57,89,110,76,108,113" hai2="24,123,36,62,135,32,52,93,73,19,132,21,75" hai3="109,131,46,78,14,33,107,8,38,0,127,39,85"/><T28/><D114/><U105/><E3/><V26/><F36/><W119/><G107/><T130/><D130/><U82/><E31/><N who="2" m="19575" /><F123/><W34/><G119/><T4/><D4/><U106/><E57/><N who="2" m="35111" /><F93/><W43/><G131/><T1/><D1/><U83/><E17/><V103/><F103/><W81/><G0/><T120/><D120/><U70/><E56/><V29/><F19/><W67/><G39/><T45/><D45/><U22/><E70/><V125/><F125/><W129/><G127/><T11/><D11/><U99/><E22/><V71/><F71/><W117/><G38/><T96/><D28/><U48/><E48/><V69/><F69/><W124/><G124/><T98/><D74/><U91/><E72/><V58/><F58/><W95/><G95/><T49/><D49/><U12/><E12/><V88/><F88/><W51/><G14/><T9/><D9/><U15/><E15/><V92/><F92/><W118/><G8/><T126/><D126/><U5/><E5/><V40/><F40/><W104/><G43/><T44/><D44/><U7/><E7/><V128/><F128/><W64/><G129/><T30/><D30/><U59/><E59/><V66/><F66/><W2/><G46/><T94/><D68/><U97/><REACH who="1" step="1"/><E76/><REACH who="1" ten="250,240,250,250" step="2"/><V42/><F42/><W35/><G78/><N who="0" m="46103" /><D50/><U101/><E101/><V6/><F6/><W79/><G51/><T63/><D47/><U55/><E55/><V90/><F90/><W86/><G79/><T122/><D18/><U116/><E116/><V100/><F100/><W13/><G118/><T121/><D121/><RYUUKYOKU ba="0,1" sc="250,-15,240,15,250,15,250,-15" hai1="82,83,89,91,97,99,105,106,108,110,113,115,134" hai2="21,24,29,73,75,132,135" /><INIT seed="1,1,1,3,3,21" ten="235,255,265,235" oya="1" hai0="27,37,103,15,95,25,82,79,89,126,53,130,133" hai1="125,114,120,75,14,101,10,117,22,84,102,80,6" hai2="113,54,68,85,51,81,12,86,100,5,116,88,112" hai3="59,111,43,40,97,55,56,38,23,118,67,87,128"/><U96/><E75/><V49/><F116/><W134/><G118/><T129/><D133/><U63/><E120/><V66/><F100/><W47/><G134/><T26/><D37/><U132/><E114/><N who="2" m="44139" /><F49/><W44/><G128/><N who="0" m="49259" /><D103/><U34/><E34/><V33/><F33/><W73/><G73/><N who="0" m="43375" /><D126/><U42/><E125/><V77/><F5/><W1/><G1/><T74/><D74/><U20/><E102/><V122/><F12/><W11/><G97/><N who="0" m="57583" /><D15/><U45/><E63/><N who="2" m="40031" /><F122/><W121/><G121/><T70/><D53/><U31/><E117/><V2/><F2/><W115/><G55/><T99/><D99/><U48/><E31/><V91/><F85/><W17/><G87/><T71/><AGARI ba="1,1" hai="25,26,27,70,71" m="57583,43375,49259" machi="71" ten="40,8000,1" yaku="19,1,52,3" doraHai="21" who="0" fromWho="0" sc="235,93,255,-41,265,-21,235,-21" /><INIT seed="2,0,0,2,3,3" ten="328,214,244,214" oya="2" hai0="2,77,85,123,17,65,57,75,112,11,113,133,63" hai1="36,46,132,111,20,24,131,118,39,53,42,23,33" hai2="129,38,76,101,1,49,78,68,106,48,70,83,81" hai3="64,87,10,119,102,120,41,29,59,107,26,122,126"/><V116/><F129/><W31/><G119/><T117/><D123/><U128/><E118/><V89/><F116/><W109/><G126/><T61/><D117/><U103/><E33/><V58/><F1/><W50/><G31/><T40/><D75/><U32/><E32/><V7/><F38/><W134/><G134/><T80/><D133/><U5/><E132/><V45/><F106/><W21/><G109/><T88/><D40/><U9/><E111/><V44/><F101/><W28/><G28/><T25/><D77/><U0/><E103/><V135/><F135/><W12/><G87/><T43/><D43/><U110/><E110/><V37/><F58/><W55/><G41/><T98/><D98/><U96/><E96/><V90/><F37/><W79/><G79/><T54/><D25/><U71/><E71/><V97/><F97/><W19/><G102/><T95/><D80/><U6/><E42/><V82/><F82/><W108/><G107/><T127/><D127/><U121/><E0/><V47/><F47/><W60/><REACH who="3" step="1"/><G108/><REACH who="3" ten="328,214,244,204" step="2"/><T51/><D112/><U124/><E124/><V130/><F130/><W52/><G52/><T4/><D113/><U27/><E53/><V34/><F34/><W73/><G73/><T92/><D17/><U125/><E125/><V67/><F67/><W114/><G114/><T69/><D61/><U8/><REACH who="1" step="1"/><E46/><AGARI ba="0,1" hai="10,12,19,21,26,29,46,50,55,59,60,64,120,122" machi="46" ten="30,3900,0" yaku="1,1,7,1,53,1" doraHai="3" doraHaiUra="14" who="3" fromWho="1" sc="328,0,214,-39,244,0,204,49" /><INIT seed="3,0,0,3,0,98" ten="328,175,244,253" oya="3" hai0="11,88,19,0,117,72,109,92,127,61,119,70,60" hai1="50,78,102,75,134,91,48,101,90,23,99,43,131" hai2="132,69,103,106,100,121,20,44,17,9,3,107,33" hai3="26,118,28,123,30,7,104,56,130,122,79,35,1"/><W52/><G118/><T97/><D72/><U39/><E39/><V27/><F69/><W58/><G130/><T87/><D109/><U71/><E71/><V4/><F121/><W77/><G104/><T105/><D61/><U55/><E134/><V110/><F110/><W116/><G116/><T49/><D127/><U5/><E75/><V62/><F132/><W125/><G125/><T12/><D0/><U40/><E78/><V10/><F10/><W63/><G30/><T133/><D133/><U84/><E99/><V47/><F62/><W85/><G7/><T82/><D105/><N who="2" m="39946" /><F44/><W94/><G1/><T129/><D129/><U120/><E131/><V25/><F25/><W74/><G74/><T14/><D14/><U46/><E5/><V6/><F47/><W54/><G79/><T41/><D49/><U126/><E126/><V45/><F45/><W114/><G114/><T22/><D11/><U108/><E108/><V95/><F95/><W38/><G38/><T18/><D18/><U124/><E124/><V112/><F6/><W16/><G16/><T83/><D41/><U15/><E120/><V24/><F24/><W73/><G73/><T59/><D70/><U34/><E43/><V113/><F113/><W29/><G29/><T128/><D128/><U93/><E91/><V8/><F8/><W96/><G77/><T2/><D2/><U80/><E93/><V67/><F67/><W66/><G66/><N who="0" m="39199" /><D82/><U57/><E34/><V89/><F112/><W135/><G135/><T65/><D65/><U64/><E64/><V42/><F42/><W32/><G123/><RYUUKYOKU ba="0,0" sc="328,15,175,15,244,-15,253,-15" hai0="12,19,22,83,87,88,92,97,117,119" hai1="15,23,40,46,48,50,55,57,80,84,90,101,102" /><INIT seed="4,1,0,2,4,74" ten="343,190,229,238" oya="0" hai0="16,98,3,29,99,75,92,12,53,18,128,127,19" hai1="49,100,60,84,68,102,78,125,73,52,8,82,80" hai2="14,103,57,122,1,88,51,36,117,5,65,72,64" hai3="104,89,13,39,54,45,113,21,97,85,83,23,37"/><T40/><D75/><U22/><E125/><V63/><F122/><W120/><G120/><T112/><D3/><U70/><E22/><V28/><F1/><W26/><G113/><T106/><D127/><U69/><E8/><N who="2" m="4367" /><F36/><W94/><G104/><T31/><D112/><U47/><REACH who="1" step="1"/><E60/><REACH who="1" ten="343,180,229,238" step="2"/><V58/><F63/><W24/><G23/><T108/><D108/><U30/><E30/><V109/><F28/><W79/><G26/><T124/><D124/><U33/><E33/><V105/><F109/><W9/><G21/><T123/><D123/><U62/><E62/><V32/><F32/><W27/><G24/><T129/><D29/><U34/><E34/><V93/><F117/><W116/><G27/><T41/><D31/><U121/><E121/><V10/><F10/><W44/><G116/><T77/><D129/><U87/><E87/><V110/><F110/><W134/><G9/><T101/><D128/><U133/><E133/><V17/><F72/><W15/><G134/><T135/><D135/><U111/><E111/><V71/><F17/><W38/><G13/><T132/><D132/><U7/><E7/><V126/><F126/><W59/><G15/><T96/><D12/><U0/><E0/><V42/><F105/><W46/><G37/><T115/><D106/><U91/><AGARI ba="1,1" hai="47,49,52,68,69,70,73,78,80,82,84,91,100,102" machi="91" ten="30,7900,0" yaku="1,1,0,1,52,1,54,1,53,0" doraHai="74" doraHaiUra="131" who="1" fromWho="1" sc="343,-40,180,92,229,-21,238,-21" /><INIT seed="5,0,0,4,3,51" ten="303,272,208,217" oya="1" hai0="63,71,13,5,30,84,130,60,36,7,57,47,39" hai1="108,101,104,98,38,31,134,80,85,67,102,132,66" hai2="83,20,14,119,10,128,110,94,115,42,106,88,109" hai3="131,133,125,95,48,73,44,18,4,81,64,77,45"/><U91/><E38/><V79/><F119/><W116/><G116/><T1/><D1/><U9/><E108/><V61/><F61/><W22/><G125/><T34/><D130/><U58/><E102/><V121/><F121/><W55/><G131/><T56/><D71/><U16/><E31/><V82/><F128/><W28/><G133/><T86/><D47/><U89/><E89/><V72/><F106/><W70/><G4/><T21/><D30/><U2/><E2/><V52/><F115/><W54/><G28/><T107/><D107/><U123/><E123/><V78/><F42/><W24/><G95/><T41/><D41/><U96/><E96/><V124/><F20/><W49/><G64/><T26/><D21/><U62/><REACH who="1" step="1"/><E67/><REACH who="1" ten="303,262,208,217" step="2"/><V112/><F110/><W105/><G105/><T37/><D37/><U135/><E135/><V129/><F109/><W75/><REACH who="3" step="1"/><G70/><REACH who="3" ten="303,262,208,207" step="2"/><T90/><D7/><U3/><E3/><V17/><F112/><W122/><G122/><T35/><D5/><U29/><E29/><V0/><F129/><W33/><G33/><T8/><D34/><U92/><E92/><V99/><F124/><W23/><G23/><T111/><D35/><U117/><E117/><V87/><F0/><W68/><G68/><T76/><D111/><U43/><E43/><V93/><F93/><W25/><G25/><T113/><D26/><U40/><E40/><V97/><F97/><W15/><G15/><AGARI ba="0,2" hai="9,15,16,58,62,66,80,85,91,98,101,104,132,134" machi="15" ten="40,3900,0" yaku="1,1,54,1,53,0" doraHai="51" doraHaiUra="118" who="1" fromWho="3" sc="303,0,262,59,208,0,207,-39" /><INIT seed="5,1,0,2,5,51" ten="303,321,208,168" oya="1" hai0="62,19,79,53,70,82,126,77,59,96,123,81,94" hai1="108,98,112,26,58,117,43,104,133,129,40,22,90" hai2="34,49,103,67,91,107,130,12,76,116,73,39,125" hai3="32,65,63,38,29,80,135,102,13,28,92,61,27"/><U75/><E75/><V99/><F116/><W83/><G38/><T87/><D126/><U66/><E117/><V69/><F39/><W60/><G135/><T56/><D123/><U131/><E133/><V124/><F34/><W132/><G132/><T14/><D70/><U95/><E104/><V74/><F130/><W85/><G29/><T3/><D3/><U118/><E118/><V78/><F12/><W25/><G25/><T120/><D120/><U8/><E112/><V110/><F49/><W10/><G65/><T84/><D59/><U89/><E108/><V41/><F41/><W21/><G32/><T86/><D86/><U105/><E105/><V35/><F35/><W1/><G1/><T55/><D56/><U119/><E119/><V109/><F91/><W6/><REACH who="3" step="1"/><G85/><REACH who="3" ten="303,321,208,158" step="2"/><T31/><D31/><U114/><E131/><V106/><F67/><W37/><G37/><T93/><D62/><U54/><E129/><V45/><F73/><W115/><G115/><T30/><D30/><U23/><E66/><V17/><F74/><W36/><G36/><T134/><D134/><U68/><E114/><V128/><F128/><W121/><G121/><T47/><D87/><U97/><E26/><V33/><F33/><W9/><G9/><T5/><D84/><U48/><E8/><V46/><F69/><W4/><G4/><T113/><D5/><U111/><E68/><V24/><F24/><W20/><G20/><T0/><D0/><U11/><E11/><V15/><F15/><W2/><G2/><T71/><D113/><U7/><E22/><V18/><F109/><RYUUKYOKU ba="1,1" sc="303,-10,321,-10,208,-10,158,30" hai3="6,10,13,21,27,28,60,61,63,80,83,92,102" /><INIT seed="6,2,1,1,2,122" ten="293,311,198,188" oya="2" hai0="49,26,98,48,90,128,39,31,13,6,33,84,7" hai1="80,94,126,89,120,74,97,51,78,131,18,111,118" hai2="79,15,66,19,76,23,50,87,38,99,58,44,113" hai3="116,93,24,46,16,83,68,81,64,130,127,124,10"/><V0/><F113/><W60/><G116/><T86/><D39/><U105/><E118/><V30/><F0/><W42/><G130/><T43/><D128/><U77/><E131/><V59/><F38/><W29/><G93/><T25/><D98/><U20/><E126/><N who="3" m="48170" /><G10/><T103/><D103/><U67/><E78/><V52/><F30/><W110/><G110/><T95/><D86/><U37/><E111/><V133/><F133/><W65/><G65/><T41/><D26/><U35/><E67/><V92/><F66/><W14/><G14/><T85/><D85/><U2/><E2/><V107/><F107/><W3/><G3/><T117/><D117/><U101/><E120/><V109/><F109/><W8/><G8/><T72/><D72/><U125/><E125/><V69/><F69/><W28/><G16/><T22/><D33/><U34/><E37/><V115/><F115/><W102/><G102/><T32/><D32/><U100/><E100/><N who="2" m="60519" /><F87/><W71/><G71/><T56/><D13/><U134/><E101/><V21/><F21/><N who="3" m="15375" /><G29/><T11/><D11/><U1/><E1/><V40/><F59/><W36/><AGARI ba="2,1" hai="36,42,46,60,64,68,81,83" m="15375,48170" machi="36" ten="30,1100,0" yaku="18,1" doraHai="122" who="3" fromWho="3" sc="293,-5,311,-5,198,-7,188,27" /><INIT seed="7,0,0,2,3,111" ten="288,306,191,215" oya="3" hai0="85,33,127,120,62,1,0,14,32,134,13,30,69" hai1="42,88,65,26,29,17,100,24,126,117,96,34,104" hai2="76,124,93,84,131,94,107,73,119,8,78,108,75" hai3="49,125,16,46,128,135,99,18,48,114,35,36,70"/><W132/><G70/><T113/><D120/><U91/><E42/><V56/><F108/><W82/><G35/><T55/><D134/><N who="3" m="51241" /><G125/><T25/><D127/><U5/><E126/><V109/><F124/><W122/><G122/><T57/><D69/><U28/><E17/><N who="3" m="6762" /><G128/><T98/><D33/><U23/><E117/><V89/><F109/><W97/><G82/><T83/><D98/><N who="3" m="37385" /><G114/><T74/><D74/><N who="2" m="28170" /><F8/><W123/><G123/><T31/><D31/><U81/><E81/><N who="2" m="49295" /><F56/><W90/><G90/><T4/><D113/><U106/><E106/><V115/><F115/><W112/><G112/><T11/><REACH who="0" step="1"/><D14/><REACH who="0" ten="278,306,191,215" step="2"/><U105/><E105/><V39/><F131/><W40/><AGARI ba="0,1" hai="36,40,46,48,49" m="37385,6762,51241" machi="40" ten="40,3900,0" yaku="20,1,54,1" doraHai="111" who="3" fromWho="3" sc="278,-13,306,-13,191,-13,215,49" /><INIT seed="7,1,0,5,4,55" ten="265,293,178,264" oya="3" hai0="16,115,33,82,74,109,44,97,11,78,12,125,6" hai1="41,47,80,17,18,38,9,131,25,60,95,98,114" hai2="58,51,76,54,79,90,70,21,40,26,61,124,123" hai3="22,48,130,101,29,75,86,117,57,36,67,87,132"/><W92/><G117/><T42/><D109/><U112/><E131/><V35/><F124/><W113/><G36/><T110/><D110/><U43/><E43/><V23/><F123/><W4/><G75/><T66/><D125/><U46/><E46/><V14/><F35/><W85/><G130/><T15/><D33/><U52/><E80/><V24/><F14/><W83/><G113/><N who="1" m="43626" /><E25/><V111/><F111/><W8/><G132/><T7/><D115/><U84/><E84/><V49/><F70/><W28/><G22/><N who="2" m="8201" /><F90/><W116/><G83/><T64/><D97/><U127/><E9/><V13/><F13/><N who="3" m="5255" /><G48/><N who="2" m="18505" /><F40/><W89/><G116/><T119/><D119/><U53/><E127/><V122/><F122/><W103/><G89/><T62/><D15/><U69/><E17/><V72/><F72/><W59/><G28/><T126/><D126/><U105/><E18/><V108/><F108/><W27/><G27/><AGARI ba="1,0" hai="24,26,27,54,58,61,76,79" m="18505,8201" machi="27" ten="30,2000,0" yaku="8,1,52,1" doraHai="55" who="2" fromWho="3" sc="265,0,293,0,178,23,264,-23" /><INIT seed="8,0,0,2,2,97" ten="265,293,201,241" oya="0" hai0="62,38,82,103,68,109,22,64,92,112,44,88,107" hai1="42,111,17,48,0,104,106,12,36,113,27,60,86" hai2="69,5,116,66,83,117,25,101,73,4,14,110,94" hai3="120,2,8,23,55,131,87,54,43,118,135,96,45"/><T21/><D112/><U78/><E0/><V84/><F110/><W37/><G118/><N who="2" m="45673" /><F73/><W76/><G120/><T128/><D128/><U70/><E48/><V34/><F69/><W122/><G131/><T47/><D109/><U80/><E27/><V40/><F40/><W133/><G122/><T13/><D82/><U41/><E80/><V115/><F66/><W58/><G87/><T132/><D132/><N who="3" m="50761" /><G76/><T16/><D38/><U56/><E86/><V28/><F115/><W50/><G23/><T102/><D107/><U77/><E78/><N who="2" m="46199" /><F14/><W123/><G55/><T91/><D91/><U9/><E77/><V15/><F15/><W19/><G123/><T114/><D114/><U134/><E12/><V63/><F63/><W124/><G2/><T11/><D11/><U119/><E60/><V32/><F34/><W67/><G67/><T6/><D6/><U95/><E111/><V71/><F71/><W93/><G8/><T90/><D21/><U33/><E33/><V30/><F30/><W129/><G129/><T100/><REACH who="0" step="1"/><D90/><REACH who="0" ten="255,293,201,241" step="2"/><U108/><E108/><V59/><F59/><W126/><G58/><T65/><D65/><U3/><E106/><V99/><AGARI ba="0,1" hai="4,5,25,28,32,94,99,101" m="46199,45673" machi="99" ten="30,4000,0" yaku="16,1,12,1,52,1" doraHai="97" who="2" fromWho="2" sc="255,-20,293,-10,201,50,241,-10" /><INIT seed="9,0,0,1,5,42" ten="235,283,251,231" oya="1" hai0="87,74,90,85,61,1,112,96,78,15,88,7,51" hai1="43,29,6,10,134,25,113,127,81,101,103,22,125" hai2="54,92,13,67,38,108,135,26,44,56,118,32,89" hai3="115,124,57,97,68,77,59,11,58,8,109,65,37"/><U9/><E113/><V120/><F120/><W121/><G109/><T27/><D112/><U14/><E134/><V62/><F108/><W33/><G115/><T117/><D1/><U50/><E10/><V40/><F118/><W130/><G121/><T71/><D117/><U45/><E81/><V36/><F135/><W105/><G33/><T131/><D131/><U60/><E60/><V93/><F93/><W17/><G130/><T35/><D96/><U84/><E84/><V100/><F100/><W55/><G37/><T102/><D102/><U95/><E95/><V63/><F13/><W75/><G105/><T110/><D110/><U91/><E91/><V24/><F36/><W30/><G30/><T5/><D74/><U19/><E19/><V53/><F32/><W41/><G41/><T21/><D35/><U66/><E66/><V106/><F53/><W64/><G68/><T128/><D61/><U49/><E50/><V31/><F31/><W46/><G97/><T23/><D71/><U119/><E119/><V70/><F106/><W16/><G124/><AGARI ba="0,0" hai="6,9,14,22,25,29,43,45,49,101,103,124,125,127" machi="124" ten="40,3900,0" yaku="18,1,52,1" doraHai="42" who="1" fromWho="3" sc="235,0,283,39,251,0,231,-39" owari="235,-16.0,322,42.0,251,5.0,192,-31.0" /></mjloggm>