<mjloggm ver="2.3"><GO type="225" lobby="0"/><UN n0="%E3%83%A2%E3%82%B0%E3%83%9E%E3%83%AA%E3%83%A2" n1="%31%73%E3%81%A7%E3%81%84%E3%81%84%E3%81%9D%E3%81%86" n2="%E3%83%B4%E3%83%A0%EF%BC%99%E3%81%A6" n3="%E3%81%BF%E3%81%BF%E3%81%9A" dan="16,16,17,16" rate="2140.57,2126.42,2203.02,2128.58" sx="M,M,M,M"/><TAIKYOKU oya="0"/><INIT seed="0,0,0,5,2,67" ten="250,250,250,250" oya="0" hai0="51,24,53,64,66,99,129,32,116,20,96,93,7" hai1="27,114,44,92,75,6,33,38,81,110,91,106,14" hai2="41,112,120,42,70,19,0,135,63,69,115,78,127" hai3="77,55,45,3,74,95,11,85,84,59,26,37,118"/><T49/><D116/><U90/><E106/><V121/><F0/><W48/><G118/><T46/><D32/><U50/><E114/><N who="2" m="43563" /><F19/><W133/><G133/><T97/><D129/><U30/><E110/><V4/><F4/><N who="3" m="1439" /><G95/><T111/><D111/><U18/><E38/><V57/><F78/><W105/><G26/><T60/><D7/><U108/><E6/><V101/><F101/><W119/><G105/><T72/><D72/><U125/><E125/><V132/><F127/><W82/><G119/><T62/><D93/><U103/><E108/><V102/><F102/><W80/><G80/><T13/><D13/><U89/><E75/><V83/><F83/><W98/><G98/><T87/><D87/><U68/><E68/><N who="2" m="26219" /><F135/><W104/><G104/><T131/><D49/><U79/><E79/><V94/><F94/><W117/><G117/><T1/><D131/><U40/><E103/><V54/><F132/><W88/><G88/><T65/><REACH who="0" step="1"/><D1/><REACH who="0" ten="240,250,250,250" step="2"/><U56/><E81/><V52/><F54/><W21/><G21/><T5/><D5/><U76/><E92/><V43/><AGARI ba="0,1" hai="41,42,43,52,57,63,120,121" m="26219,43563" machi="43" ten="40,12000,2" yaku="34,2,52,3,54,1" doraHai="67" who="2" fromWho="2" sc="240,-60,250,-30,250,130,250,-30" /><INIT seed="1,0,0,4,0,126" ten="180,220,380,220" oya="1" hai0="107,12,43,118,33,25,100,87,48,92,120,17,64" hai1="125,56,35,123,57,130,0,68,77,95,42,54,14" hai2="24,111,49,119,1,80,50,115,67,102,79,132,38" hai3="3,97,124,61,22,9,62,31,98,88,53,134,94"/><U37/><E123/><V15/><F119/><W23/><G124/><T52/><D118/><U78/><E125/><V60/><F1/><W99/><G134/><T70/><D120/><U10/><E0/><V28/><F38/><W86/><G31/><T73/><D43/><U83/><E68/><V108/><F102/><W59/><REACH who="3" step="1"/><G62/><REACH who="3" ten="180,220,380,210" step="2"/><T129/><D129/><U39/><E130/><V122/><F132/><W114/><G114/><T106/><D73/><U18/><E35/><V127/><F115/><W34/><G34/><T5/><D33/><U112/><E112/><V72/><F60/><W69/><G69/><T103/><D70/><U13/><E39/><V7/><F28/><W30/><G30/><T32/><D32/><U131/><E131/><V27/><F127/><W121/><G121/><T6/><D64/><U110/><E110/><V55/><F67/><W71/><G71/><T82/><D107/><U133/><E133/><V81/><F122/><W41/><G41/><T113/><D106/><U11/><E37/><V116/><F116/><W19/><G19/><T96/><D113/><U29/><E42/><V109/><F109/><W21/><G21/><T84/><D17/><U51/><E29/><V128/><F128/><W76/><G76/><T75/><D75/><N who="1" m="43455" /><E78/><V89/><F108/><W2/><G2/><T90/><D6/><AGARI ba="0,1" hai="3,6,9,22,23,53,59,61,86,88,94,97,98,99" machi="6" ten="40,2600,0" yaku="1,1,54,1,53,0" doraHai="126" doraHaiUra="47" who="3" fromWho="0" sc="180,-26,220,0,380,0,210,36" /><INIT seed="2,0,0,3,2,56" ten="154,220,380,246" oya="2" hai0="108,105,131,114,63,88,60,96,57,0,12,6,49" hai1="50,20,113,40,122,62,14,3,73,86,102,13,32" hai2="77,67,8,23,78,29,115,43,69,36,83,90,58" hai3="59,124,127,10,9,25,120,11,79,101,118,66,52"/><V15/><F115/><W128/><G118/><T2/><D114/><U55/><E113/><V109/><F69/><W134/><G120/><T130/><D108/><U31/><E73/><V19/><F36/><W106/><G128/><N who="0" m="49195" /><D105/><U74/><E3/><N who="0" m="1065" /><D49/><U110/><E74/><V45/><F109/><W37/><G37/><T97/><D57/><N who="1" m="35135" /><E32/><V125/><F45/><W129/><G129/><T72/><D72/><U104/><E104/><V27/><F43/><W4/><G66/><T75/><D75/><U16/><E122/><V80/><F125/><N who="3" m="48203" /><G134/><T46/><D46/><N who="1" m="25927" /><E31/><V117/><F117/><W53/><G53/><T76/><D76/><U5/><E110/><V98/><F77/><W81/><G106/><T17/><D6/><U91/><E102/><V107/><F78/><W68/><G101/><T112/><D112/><U48/><E48/><V18/><F29/><W123/><G123/><T41/><D41/><U30/><E30/><V24/><F107/><W71/><G4/><T38/><D38/><U34/><E34/><V116/><F116/><W26/><G71/><T39/><D39/><U44/><E44/><V89/><F58/><W1/><G68/><T61/><D88/><U54/><E54/><V103/><F103/><W51/><G1/><T87/><D87/><AGARI ba="0,0" hai="9,10,11,25,26,51,52,59,79,81,87" m="48203" machi="87" ten="30,2000,0" yaku="18,1,54,1" doraHai="56" who="3" fromWho="0" sc="154,-20,220,0,380,0,246,20" /><INIT seed="3,0,0,5,4,130" ten="134,220,380,266" oya="3" hai0="57,60,112,125,46,0,67,1,10,118,15,40,109" hai1="24,107,127,43,39,66,80,31,71,51,91,12,114" hai2="64,100,134,41,34,72,124,76,49,120,88,35,28" hai3="52,42,32,56,6,44,119,14,99,104,129,78,17"/><W8/><G119/><T110/><D118/><U47/><E114/><V29/><F100/><W97/><G129/><T69/><D112/><U37/><E107/><V63/><F72/><W55/><G78/><T135/><D125/><U20/><E127/><V117/><F76/><W9/><G32/><T106/><D106/><U4/><E71/><V22/><F117/><W74/><G74/><T111/><D15/><U96/><E66/><V7/><F7/><W90/><G104/><T65/><D10/><U86/><E4/><V131/><F124/><W19/><G90/><T45/><D1/><U128/><E128/><V11/><F11/><W75/><G75/><T58/><D0/><U36/><E12/><V94/><F120/><W61/><G55/><T5/><D5/><U98/><AGARI ba="0,0" hai="20,24,31,36,37,39,43,47,51,80,86,91,96,98" machi="98" ten="40,1500,0" yaku="0,1" doraHai="130" who="1" fromWho="1" sc="134,-4,220,15,380,-4,266,-7" owari="130,-37.0,235,-16.0,376,47.0,259,6.0" /></mjloggm>