<mjloggm ver="2.3"><GO type="169" lobby="0"/><UN n0="%6D%69%72%69%72%69" n1="%E6%9D%B1%E4%BA%AC%E9%9B%BB%E5%8A%9B" n2="%E8%A5%BF%E5%B2%A1%E8%82%B2%E6%9C%AA%E2%99%AA" n3="%E5%8F%A4%E6%B8%85%E6%B0%B4%E6%80%9C" dan="16,17,16,17" rate="2162.02,2208.49,2090.89,2126.87" sx="M,M,F,F"/><TAIKYOKU oya="0"/><INIT seed="0,0,0,5,4,104" ten="250,250,250,250" oya="0" hai0="23,90,52,97,117,112,13,135,9,81,6,106,60" hai1="132,123,134,89,51,40,116,54,91,33,131,84,57" hai2="130,43,27,1,69,110,26,122,127,47,80,107,126" hai3="76,5,124,102,21,115,100,94,36,129,3,118,4"/><T49/><D112/><U31/><E123/><V59/><F69/><W87/><G36/><T17/><D117/><U99/><E116/><V16/><F122/><W113/><G118/><T34/><D34/><U111/><E111/><V0/><F107/><W101/><G3/><T82/><D135/><N who="1" m="51755" /><E131/><V103/><F103/><W119/><G119/><T77/><D60/><U63/><E99/><V42/><F110/><W11/><G11/><T61/><D61/><U65/><E40/><V53/><F80/><W79/><G21/><T38/><D38/><U70/><E84/><V105/><F105/><W44/><G5/><T22/><D22/><U18/><E18/><V74/><F130/><W68/><G4/><T121/><D121/><U66/><E65/><V24/><F16/><W7/><G87/><T35/><D35/><U2/><E2/><V128/><F128/><W73/><G129/><T45/><D77/><U88/><E33/><V8/><F8/><W28/><G79/><T109/><D109/><U67/><E66/><V64/><F64/><W83/><G76/><T19/><D19/><U12/><E12/><V72/><F0/><W75/><G7/><T96/><D96/><U95/><E95/><V50/><F1/><W85/><G94/><N who="0" m="56535" /><D106/><U120/><E120/><V25/><N who="2" m="6144" /><DORA hai="62" /><V58/><F42/><W41/><G41/><T14/><AGARI ba="0,0" hai="6,9,13,14,17,23,45,49,52,81,82" m="56535" machi="14" ten="30,3000,0" yaku="8,1,54,1" doraHai="104,62" who="0" fromWho="0" sc="250,30,250,-10,250,-10,250,-10" /><INIT seed="0,1,0,4,3,91" ten="280,240,240,240" oya="0" hai0="43,19,133,115,125,117,10,106,113,109,66,34,79" hai1="11,130,39,5,78,75,62,88,22,20,42,26,6" hai2="112,49,47,127,73,111,72,81,33,101,30,16,54" hai3="24,119,18,80,44,12,93,27,50,29,68,67,121"/><T55/><D117/><U131/><E62/><V64/><F112/><W128/><G68/><T92/><D106/><U99/><E78/><V53/><F111/><W25/><G67/><T9/><D34/><U118/><E75/><V135/><F135/><W85/><G128/><N who="1" m="49194" /><E118/><V70/><F127/><W4/><G4/><N who="1" m="1642" /><E11/><V60/><F73/><W32/><G121/><T41/><D79/><U129/><N who="1" m="49202" /><U114/><DORA hai="98" /><E114/><V57/><F72/><W108/><G108/><T90/><D66/><U65/><E65/><V1/><F1/><W97/><G119/><T17/><D125/><U46/><E26/><V56/><F70/><W76/><G32/><T96/><D133/><U86/><E99/><V59/><F60/><W0/><G0/><T124/><D124/><U123/><E123/><V13/><F64/><W107/><G29/><T38/><D109/><U45/><E45/><V7/><F30/><W8/><G107/><T69/><D69/><U83/><AGARI ba="1,0" hai="20,22,39,42,46,83,86,88" m="1642,49202" machi="83" ten="40,2700,0" yaku="19,1,54,1" doraHai="91,98" who="1" fromWho="1" sc="280,-14,240,30,240,-8,240,-8" /><INIT seed="1,0,0,0,1,98" ten="266,270,232,232" oya="1" hai0="56,3,130,11,109,82,31,61,78,83,75,37,71" hai1="29,134,59,101,55,32,113,44,14,131,115,18,8" hai2="10,53,108,17,126,16,107,4,0,95,49,50,15" hai3="128,86,81,90,100,22,45,73,65,135,68,47,119"/><U42/><E131/><V89/><F108/><W121/><G121/><T118/><D118/><U25/><E134/><V127/><F107/><W79/><G135/><T33/><D109/><U76/><E76/><V35/><F35/><W60/><G128/><T26/><D130/><U23/><E101/><V62/><F62/><W111/><G119/><T40/><D82/><U116/><E116/><V52/><F50/><W72/><G72/><T48/><D48/><U88/><E8/><V64/><F64/><W74/><G74/><T80/><D80/><U9/><E9/><V57/><F53/><W105/><G22/><T66/><D56/><U91/><E115/><V39/><F39/><W27/><G27/><T54/><D54/><U13/><E13/><V7/><F17/><W124/><G111/><T120/><D120/><U41/><E113/><V84/><F7/><W110/><G110/><T85/><D85/><U123/><E123/><V30/><F30/><W34/><G34/><T102/><D102/><U93/><E44/><V125/><F4/><W92/><REACH who="3" step="1"/><G124/><REACH who="3" ten="266,270,232,222" step="2"/><T104/><D75/><U63/><REACH who="1" step="1"/><E91/><REACH who="1" ten="266,260,232,222" step="2"/><V122/><F122/><W51/><G51/><T67/><D78/><U133/><E133/><V106/><F106/><W129/><G129/><T97/><D104/><U103/><E103/><V28/><F126/><W87/><G87/><AGARI ba="0,2" hai="14,18,23,25,29,32,41,42,55,59,63,87,88,93" machi="87" ten="30,5800,0" yaku="1,1,7,1,54,1,53,0" doraHai="98" doraHaiUra="43" who="1" fromWho="3" sc="266,0,260,78,232,0,222,-58" /><INIT seed="1,1,0,2,2,114" ten="266,338,232,164" oya="1" hai0="103,1,83,20,3,43,52,124,134,48,108,29,94" hai1="68,13,82,60,121,65,120,86,21,129,115,16,32" hai2="17,51,49,18,59,67,102,50,105,57,127,133,87" hai3="110,26,122,132,106,23,66,63,7,45,72,96,75"/><U112/><E32/><V30/><F133/><W15/><G122/><T46/><D134/><U97/><E129/><V40/><F127/><W118/><G132/><T8/><D124/><U2/><E2/><V5/><F40/><W117/><G45/><T38/><D108/><U0/><E0/><V36/><F36/><W11/><G110/><T70/><D70/><U54/><E97/><V130/><F130/><W35/><G35/><T69/><D69/><U101/><E101/><V33/><F5/><W98/><G75/><T119/><D83/><U78/><REACH who="1" step="1"/><E54/><REACH who="1" ten="266,328,232,164" step="2"/><V14/><F102/><W111/><G111/><T28/><D3/><U56/><E56/><V126/><F59/><W81/><G98/><T104/><D103/><U34/><E34/><V73/><F57/><W99/><G96/><T58/><D1/><U80/><E80/><V55/><F55/><W77/><G99/><T93/><D52/><U10/><E10/><V47/><F33/><W84/><G106/><T85/><D8/><U131/><E131/><V27/><F105/><W62/><G72/><T107/><D58/><U100/><E100/><V128/><F128/><W95/><G95/><T123/><D93/><U41/><E41/><V6/><F73/><W90/><G81/><T79/><D104/><U25/><E25/><V24/><F24/><W74/><G26/><T88/><D107/><U125/><E125/><V37/><F27/><W91/><G11/><T61/><D94/><U89/><E89/><V92/><F92/><W71/><G90/><T113/><D88/><U31/><E31/><V39/><F30/><RYUUKYOKU ba="1,1" sc="266,-10,328,30,232,-10,164,-10" hai1="13,16,21,60,65,68,78,82,86,112,115,120,121" /><INIT seed="1,2,1,2,1,77" ten="256,358,222,154" oya="1" hai0="62,91,2,126,76,131,111,53,54,120,30,108,105" hai1="4,84,16,52,134,64,45,73,93,99,18,40,43" hai2="125,29,87,46,117,66,28,13,55,74,37,57,113" hai3="129,88,106,44,112,127,38,31,90,71,96,103,82"/><U78/><E73/><V94/><F74/><W123/><G71/><T15/><D2/><U21/><E64/><V8/><F117/><W102/><G31/><T0/><D0/><U36/><E4/><V63/><F125/><W67/><G67/><T107/><D30/><U42/><E134/><V39/><F39/><W109/><G38/><T20/><D126/><U65/><E65/><V17/><F113/><W85/><G44/><T47/><D131/><U1/><E1/><V92/><F37/><W34/><G34/><T135/><D135/><U41/><E21/><V49/><F92/><W121/><G127/><T3/><D3/><U97/><E97/><V118/><F118/><W100/><G112/><T114/><D76/><U9/><E9/><V98/><REACH who="2" step="1"/><F87/><REACH who="2" ten="256,358,212,154" step="2"/><N who="3" m="50295" /><G129/><T26/><D114/><U19/><E36/><V7/><F7/><W50/><G109/><T128/><D128/><U58/><E93/><V115/><F115/><W5/><G5/><T6/><D108/><U25/><E99/><V79/><F79/><W61/><G96/><T130/><D111/><U48/><E84/><V81/><F81/><W59/><G85/><T33/><D130/><U122/><E78/><V24/><F24/><W32/><G123/><T89/><D120/><U51/><REACH who="1" step="1"/><E25/><REACH who="1" ten="256,348,212,154" step="2"/><V14/><F14/><W124/><G124/><T101/><D15/><U133/><E133/><V132/><F132/><W60/><G121/><AGARI ba="2,3" hai="16,18,19,40,41,42,43,45,48,51,52,58,121,122" machi="121" ten="40,18000,2" yaku="1,1,54,2,53,3" doraHai="77" doraHaiUra="12" who="1" fromWho="3" sc="256,0,348,216,212,0,154,-186" owari="256,6.0,564,66.0,212,-19.0,-32,-53.0" /></mjloggm>