<mjloggm ver="2.3"><GO type="169" lobby="0"/><UN n0="%E9%9B%AA%E6%9C%88%E9%A2%A8%E8%8A%B1" n1="%E3%81%B2%E3%81%90%E3%81%A1" n2="%E3%83%8F%E3%82%B9%E5%A4%AA" n3="%E4%B9%9D%E4%B8%88%E8%8A%B1%E9%9F%B3" dan="16,17,16,16" rate="2203.81,2246.69,2130.10,2164.74" sx="F,M,M,F"/><TAIKYOKU oya="0"/><INIT seed="0,0,0,0,1,43" ten="250,250,250,250" oya="0" hai0="105,5,117,81,130,89,104,60,63,76,95,24,128" hai1="54,71,132,7,111,116,133,38,98,131,91,57,68" hai2="47,119,85,42,49,50,31,115,13,14,118,27,16" hai3="120,21,88,66,4,18,48,44,129,55,22,90,125"/><T6/><D24/><U15/><E91/><N who="3" m="34858" /><G129/><T107/><D117/><N who="2" m="44554" /><F115/><W67/><G125/><T122/><D122/><U1/><E98/><V84/><F13/><N who="3" m="9423" /><G120/><T25/><D25/><U8/><E111/><V96/><F96/><W82/><G4/><T97/><D6/><U23/><E38/><V72/><F72/><W36/><G36/><T33/><D33/><U70/><E131/><N who="0" m="50217" /><D5/><U10/><E23/><N who="2" m="11671" /><F49/><W78/><G22/><AGARI ba="0,0" hai="22,27,31,42,47,50,84,85" m="11671,44554" machi="22" ten="30,3900,0" yaku="12,1,52,1,54,1" doraHai="43" who="2" fromWho="3" sc="250,0,250,0,250,39,250,-39" /><INIT seed="1,0,0,2,1,128" ten="250,250,289,211" oya="1" hai0="102,98,67,39,59,108,74,30,121,97,25,122,36" hai1="107,109,89,14,96,44,37,8,0,112,52,34,62" hai2="127,85,48,133,38,61,106,119,20,110,31,58,129" hai3="116,123,40,66,120,13,73,51,33,50,77,111,95"/><U27/><E112/><V53/><F119/><W103/><G33/><T117/><D117/><U94/><E0/><V26/><F129/><W64/><G116/><T118/><D118/><U45/><E107/><V10/><F110/><W90/><G111/><T57/><D108/><U124/><E109/><V132/><F127/><W68/><G103/><T79/><D79/><U63/><E124/><V47/><F106/><W105/><G105/><T71/><D71/><U4/><E37/><V92/><F38/><W93/><G77/><T84/><D84/><U104/><E104/><V41/><F10/><W16/><G73/><T49/><D49/><U113/><E113/><V91/><AGARI ba="0,0" hai="20,26,31,41,47,48,53,58,61,85,91,92,132,133" machi="91" ten="30,4000,0" yaku="0,1,52,2" doraHai="128" who="2" fromWho="2" sc="250,-10,250,-20,289,40,211,-10" /><INIT seed="2,0,0,3,0,78" ten="240,230,329,201" oya="2" hai0="24,124,84,41,1,87,12,135,32,68,33,77,129" hai1="117,40,47,72,53,31,103,127,131,64,26,7,110" hai2="43,58,80,9,85,66,134,111,48,3,21,65,71" hai3="67,125,46,39,17,49,108,113,102,98,97,121,4"/><V15/><F134/><W36/><G121/><T25/><D1/><U62/><E117/><V99/><F71/><W130/><G108/><T16/><D68/><U10/><E110/><V50/><F111/><W104/><G130/><T100/><D129/><U94/><E131/><V74/><F74/><W8/><G125/><T30/><D124/><U128/><E128/><V60/><F3/><W105/><G113/><T6/><D6/><U56/><E127/><V93/><F21/><W86/><G67/><T92/><D41/><U107/><E72/><V114/><F43/><W55/><G17/><T123/><D135/><U89/><E107/><V95/><F66/><W44/><G44/><T57/><D57/><U27/><E103/><V76/><F114/><W73/><G73/><T83/><D123/><U90/><E64/><V81/><F81/><W122/><G86/><T23/><D87/><U35/><E27/><V34/><F34/><W11/><G122/><T54/><D54/><U88/><E94/><V61/><F61/><W18/><G18/><T82/><D77/><U119/><E119/><V116/><F116/><W52/><G4/><T37/><D37/><U14/><REACH who="1" step="1"/><E90/><REACH who="1" ten="240,220,329,201" step="2"/><N who="2" m="55799" /><F93/><W28/><G102/><T70/><D100/><U51/><AGARI ba="0,1" hai="7,10,14,26,31,35,40,47,51,53,56,62,88,89" machi="51" ten="20,5200,0" yaku="1,1,0,1,7,1,54,1,53,0" doraHai="78" doraHaiUra="126" who="1" fromWho="1" sc="240,-13,220,62,329,-26,201,-13" /><INIT seed="3,0,0,2,2,85" ten="227,282,303,188" oya="3" hai0="77,27,124,36,83,54,2,17,59,128,91,101,116" hai1="72,99,26,115,75,7,117,79,0,129,68,8,48" hai2="73,89,109,120,76,113,87,56,94,62,71,126,51" hai3="111,60,84,114,55,15,43,80,13,132,92,102,29"/><W45/><G114/><T134/><D116/><U106/><E115/><V90/><F113/><W20/><G132/><T127/><D36/><U18/><E129/><V58/><F109/><W44/><G111/><T16/><D2/><U64/><E117/><V100/><F126/><N who="0" m="48170" /><D134/><U39/><E39/><V112/><F112/><W69/><G69/><T1/><D1/><U38/><E38/><V82/><F120/><W30/><G102/><T96/><D27/><U53/><E64/><V47/><F100/><W10/><G92/><N who="0" m="56351" /><D101/><U24/><E68/><V74/><F58/><W131/><G131/><T57/><D57/><U103/><E79/><V97/><F76/><W119/><G119/><T65/><D65/><U107/><E107/><V130/><F71/><W66/><G66/><T14/><D14/><U34/><E24/><V121/><F121/><W110/><G15/><T104/><D104/><U93/><E106/><V49/><F130/><W67/><G67/><T9/><D9/><U125/><E125/><V19/><F19/><N who="3" m="10351" /><G10/><T21/><D21/><U42/><E34/><V81/><F73/><W133/><G110/><T95/><D95/><U63/><E75/><V11/><F11/><W6/><G6/><T35/><D35/><U41/><E72/><V3/><F3/><W50/><G133/><T12/><D12/><U33/><E33/><V123/><F123/><W61/><G30/><T28/><D28/><U105/><E105/><V52/><REACH who="2" step="1"/><F47/><REACH who="2" ten="227,282,293,188" step="2"/><W5/><G5/><T70/><D70/><U122/><E122/><V4/><F4/><W25/><G45/><T86/><D128/><RYUUKYOKU ba="0,1" sc="227,15,282,-15,293,15,188,-15" hai0="16,17,54,59,77,83,86" hai2="49,51,52,56,62,74,81,82,87,89,90,94,97" /><INIT seed="4,1,1,1,5,3" ten="242,267,308,173" oya="0" hai0="82,65,113,21,107,32,120,66,118,53,100,87,49" hai1="127,44,72,56,63,96,29,14,90,41,70,71,39" hai2="131,109,57,115,47,15,23,34,26,58,64,135,59" hai3="51,89,62,83,1,123,91,88,103,2,69,4,19"/><T126/><D120/><U121/><E121/><V98/><F109/><W18/><G123/><T112/><D118/><U111/><E72/><V28/><F115/><W99/><G83/><T60/><D32/><U36/><E111/><V30/><F135/><W35/><G35/><T76/><D126/><U73/><E73/><V46/><F131/><W95/><G51/><T10/><D65/><U116/><E116/><V132/><F132/><W129/><G129/><T81/><D81/><U128/><E29/><V125/><F125/><W106/><G106/><T42/><D42/><U38/><E90/><V101/><F64/><W25/><G25/><T6/><D21/><U122/><E96/><V8/><F30/><W11/><REACH who="3" step="1"/><G2/><REACH who="3" ten="242,267,308,163" step="2"/><T75/><D107/><U74/><E128/><V50/><F50/><W119/><G119/><T37/><D49/><N who="1" m="26767" /><E122/><V40/><F34/><W124/><G124/><T31/><D82/><U104/><E104/><V85/><F26/><W45/><G45/><T5/><D112/><U54/><E74/><V78/><F47/><W55/><G55/><T108/><D53/><N who="1" m="34191" /><E127/><V86/><F46/><W133/><G133/><T24/><D113/><U134/><E134/><V17/><F40/><W7/><G7/><T114/><D6/><U102/><E14/><V117/><F117/><W13/><G13/><N who="0" m="5327" /><D114/><U94/><E54/><V20/><F15/><W22/><G22/><T43/><D43/><U9/><E9/><V52/><F52/><W16/><G16/><T80/><D108/><U67/><E67/><AGARI ba="1,2" hai="1,4,11,18,19,62,67,69,88,89,91,95,99,103" machi="67" ten="40,8000,1" yaku="1,1,52,1,54,1,53,1" doraHai="3" doraHaiUra="92" who="3" fromWho="1" sc="242,0,267,-83,308,0,163,103" /><INIT seed="5,0,0,2,2,134" ten="242,184,308,266" oya="1" hai0="41,94,23,10,104,20,92,9,19,3,34,43,12" hai1="102,84,133,106,110,45,28,87,13,117,125,120,8" hai2="31,47,63,30,4,27,113,80,88,48,114,67,127" hai3="100,77,42,126,66,83,58,89,76,107,38,0,62"/><U123/><E117/><V61/><F4/><W82/><G0/><T131/><D104/><U71/><E71/><V69/><F63/><W46/><G126/><T101/><D131/><U36/><E133/><V86/><F127/><W64/><G64/><T17/><D34/><U112/><E125/><V21/><REACH who="2" step="1"/><F31/><REACH who="2" ten="242,184,298,266" step="2"/><W6/><G6/><T72/><D3/><U78/><E28/><V109/><F109/><W50/><G62/><T119/><D119/><U52/><E110/><V56/><F56/><W57/><G57/><T15/><REACH who="0" step="1"/><D72/><REACH who="0" ten="232,184,298,266" step="2"/><U26/><E123/><V98/><F98/><W74/><G74/><T65/><D65/><U108/><E120/><V111/><F111/><W121/><G66/><T53/><D53/><AGARI ba="0,2" hai="21,27,30,47,48,53,61,67,69,80,86,88,113,114" machi="53" ten="40,2600,0" yaku="1,1,54,1,53,0" doraHai="134" doraHaiUra="91" who="2" fromWho="0" sc="232,-26,184,0,298,46,266,0" /><INIT seed="6,0,0,5,5,11" ten="206,184,344,266" oya="2" hai0="54,16,83,124,131,15,100,126,77,13,96,134,24" hai1="127,64,37,101,82,14,92,48,73,61,97,56,70" hai2="118,76,44,133,47,75,81,106,4,63,60,78,102" hai3="18,20,30,34,42,52,91,99,71,35,23,69,132"/><V38/><F118/><W65/><G132/><T25/><D134/><U21/><E127/><N who="0" m="48681" /><D131/><U123/><E123/><V66/><F78/><W86/><G42/><T58/><D58/><U29/><E37/><V5/><F47/><W93/><G30/><T19/><D54/><U89/><E73/><V68/><F63/><W67/><G23/><N who="0" m="13543" /><D19/><N who="1" m="10487" /><E70/><V90/><F133/><W32/><G69/><T114/><D24/><U79/><E48/><V85/><F68/><W57/><G71/><T122/><D114/><U88/><E79/><V74/><F76/><W41/><G41/><T10/><D10/><U80/><E29/><V45/><F45/><W135/><G135/><T28/><D28/><U109/><E109/><V116/><F44/><W1/><G67/><T117/><D117/><U95/><E101/><V55/><F102/><W72/><G65/><T12/><D122/><U39/><E39/><V22/><F38/><W115/><G115/><T2/><D2/><U36/><E36/><V107/><F66/><W104/><G1/><T119/><D119/><U46/><E46/><V59/><F116/><W7/><G72/><N who="0" m="43431" /><D13/><U8/><E8/><V17/><F75/><W111/><G111/><T53/><D53/><U31/><E31/><V121/><F74/><W62/><G52/><T110/><D110/><U26/><E26/><V51/><F121/><W40/><G57/><T0/><D0/><U108/><E108/><V125/><F125/><W87/><G40/><T6/><D6/><U129/><E129/><V130/><F130/><W112/><G7/><T103/><D103/><U43/><E43/><RYUUKYOKU ba="0,0" sc="206,15,184,15,344,-15,266,-15" hai0="12,15,96,100" hai1="56,61,64,80,82,88,89,92,95,97" /><INIT seed="7,1,0,1,1,24" ten="221,199,329,251" oya="3" hai0="104,93,87,60,8,83,102,97,0,98,25,43,81" hai1="120,13,105,89,42,31,9,12,86,82,17,35,45" hai2="49,113,5,26,134,4,7,91,28,130,68,52,50" hai3="116,123,27,117,58,107,15,19,66,90,79,92,59"/><W94/><G123/><T78/><D43/><U44/><E120/><V126/><F68/><W96/><G107/><T23/><D60/><U40/><E105/><V56/><F113/><W100/><G79/><T51/><D51/><U71/><E71/><V128/><F134/><W85/><G27/><T101/><D83/><U75/><E75/><V62/><F91/><W121/><G121/><T10/><REACH who="0" step="1"/><D0/><REACH who="0" ten="211,199,329,251" step="2"/><U111/><E111/><V57/><F49/><W64/><G116/><T73/><D73/><U37/><E35/><V132/><F50/><W39/><G117/><T80/><D80/><U114/><E114/><V127/><F62/><W3/><G3/><T69/><D69/><U22/><E31/><AGARI ba="1,1" hai="8,10,23,25,31,78,81,87,93,97,98,101,102,104" machi="31" ten="30,3900,0" yaku="1,1,7,1,52,1,53,0" doraHai="24" doraHaiUra="129" who="0" fromWho="1" sc="211,52,199,-42,329,0,251,0" owari="263,6.0,157,-34.0,329,43.0,251,-15.0" /></mjloggm>