<mjloggm ver="2.3"><GO type="169" lobby="0"/><UN n0="%E3%81%92%E3%81%A1%E3%81%87%E3%81%AA%30%34" n1="%52%65%64%62%75%6C%6C" n2="%E7%A5%9E%E9%A2%A8%E3%81%A6%E3%81%83%E3%81%A3%E3%81%97%E3%82%85" n3="%66%61%7A%65" dan="16,18,16,16" rate="2119.31,2216.28,2155.43,2102.07" sx="M,F,M,M"/><TAIKYOKU oya="0"/><INIT seed="0,0,0,0,0,25" ten="250,250,250,250" oya="0" hai0="86,133,114,104,30,87,10,82,80,122,68,7,76" hai1="60,101,46,12,41,73,109,74,128,50,15,58,44" hai2="124,126,103,56,22,9,81,42,125,129,52,121,6" hai3="11,107,43,37,24,106,71,78,4,79,33,38,51"/><T2/><D114/><U19/><E109/><V83/><F121/><W94/><G71/><T49/><D122/><U131/><E101/><V117/><F129/><N who="1" m="49737" /><E46/><V92/><F42/><W59/><G106/><T90/><D133/><U39/><E39/><V70/><F70/><W21/><G107/><T3/><D68/><U13/><E19/><V14/><F22/><W75/><G33/><T108/><D104/><U27/><E27/><V119/><F83/><W23/><G23/><T120/><D120/><U134/><E134/><V48/><REACH who="2" step="1"/><F81/><REACH who="2" ten="250,250,240,250" step="2"/><W123/><G123/><T53/><D108/><U45/><E45/><V105/><F105/><W66/><G43/><T130/><D130/><U112/><E112/><V20/><F20/><W135/><G21/><T110/><D110/><U28/><E73/><V132/><F132/><W47/><G75/><T55/><D2/><U96/><E74/><V67/><F67/><W113/><G66/><T85/><D80/><U116/><E44/><V54/><F54/><W62/><G47/><N who="0" m="27839" /><D55/><U32/><E41/><V34/><F34/><W0/><G0/><T89/><D76/><U127/><E32/><V16/><F16/><W72/><G135/><T64/><D64/><U115/><E115/><V95/><F95/><W88/><G79/><T29/><D82/><U18/><E18/><V111/><F111/><W77/><G77/><T57/><D57/><U61/><E58/><V98/><AGARI ba="0,1" hai="6,9,14,48,52,56,92,98,103,117,119,124,125,126" machi="98" ten="40,8000,1" yaku="1,1,0,1,18,1,54,1,53,0" doraHai="25" doraHaiUra="65" who="2" fromWho="2" sc="250,-40,250,-20,240,90,250,-20" /><INIT seed="1,0,0,2,2,5" ten="210,230,330,230" oya="1" hai0="128,45,121,123,37,9,89,8,110,13,11,98,20" hai1="49,83,91,119,18,104,62,127,70,28,80,101,108" hai2="52,23,129,116,6,30,87,15,0,115,59,51,94" hai3="92,111,2,36,96,133,125,55,47,131,132,93,53"/><U109/><E119/><V31/><F116/><W99/><G111/><N who="1" m="42570" /><E28/><V24/><F129/><W102/><G131/><T114/><D110/><U64/><E127/><V27/><F0/><W57/><G125/><T38/><D128/><U103/><E49/><V12/><F6/><W76/><G2/><T61/><D114/><U7/><E7/><V81/><F94/><W10/><G10/><T68/><D20/><U86/><E104/><V58/><F58/><W118/><G118/><T90/><D13/><U3/><E3/><V113/><F113/><W54/><G76/><T34/><D34/><U79/><E18/><V120/><F120/><N who="0" m="46154" /><D98/><U32/><E32/><V112/><F112/><W74/><G74/><AGARI ba="0,0" hai="62,64,70,74,79,80,83,86,91,101,103" m="42570" machi="74" ten="30,2900,0" yaku="14,1,10,1" doraHai="5" who="1" fromWho="3" sc="210,0,230,29,330,0,230,-29" /><INIT seed="1,1,0,3,2,12" ten="210,259,330,201" oya="1" hai0="16,131,129,52,98,50,43,39,84,105,101,109,3" hai1="54,99,135,15,20,74,32,56,26,42,33,46,57" hai2="27,30,35,41,9,79,45,49,106,122,22,104,87" hai3="38,6,36,37,89,19,61,0,82,91,64,5,71"/><U60/><E135/><V11/><F122/><W118/><G118/><T4/><D109/><U70/><E74/><V48/><F106/><W77/><G0/><T23/><D4/><U75/><E75/><V114/><F104/><W62/><G62/><T117/><D3/><U132/><E70/><V108/><F108/><W29/><G29/><T76/><D117/><U133/><E15/><V44/><F35/><W25/><G6/><T14/><D43/><U51/><E132/><V127/><F127/><W68/><G5/><T10/><D39/><U121/><E121/><V24/><F24/><W58/><G71/><T90/><D76/><U83/><E83/><N who="2" m="47615" /><F114/><W102/><G102/><T110/><D110/><U134/><E134/><V125/><F125/><W8/><G68/><T103/><D103/><U13/><E13/><V96/><F96/><W69/><G69/><T65/><D65/><U128/><E128/><V86/><F86/><W7/><G7/><T88/><D10/><U92/><E57/><V18/><F30/><W31/><G8/><T115/><D115/><U126/><E126/><V1/><F1/><W55/><G31/><T66/><D66/><U67/><E67/><V2/><F2/><W93/><G64/><T116/><D116/><U124/><E124/><V78/><F78/><W47/><G77/><T59/><REACH who="0" step="1"/><D90/><REACH who="0" ten="200,259,330,201" step="2"/><N who="1" m="55703" /><E133/><V85/><F9/><W130/><G91/><T80/><AGARI ba="1,1" hai="14,16,23,50,52,59,80,84,88,98,101,105,129,131" machi="80" ten="30,12000,2" yaku="1,1,0,1,52,1,54,3,53,0" doraHai="12" doraHaiUra="34" who="0" fromWho="0" sc="200,133,259,-61,330,-31,201,-31" /><INIT seed="2,0,0,2,4,12" ten="333,198,299,170" oya="2" hai0="78,86,96,9,5,128,14,115,68,2,31,50,52" hai1="123,97,15,17,39,118,30,46,43,27,125,104,37" hai2="122,79,62,24,94,56,10,91,75,18,126,32,107" hai3="112,95,45,21,16,44,99,89,119,11,84,93,49"/><V130/><F122/><W58/><G119/><T134/><D115/><U8/><E118/><V61/><F130/><W54/><G112/><T65/><D134/><U33/><E123/><V6/><F107/><W1/><G1/><T129/><D31/><U19/><E125/><V38/><F38/><W7/><G7/><T103/><D65/><U40/><E40/><V34/><F62/><W109/><G11/><T74/><D68/><U59/><E39/><V22/><F126/><W70/><G70/><T55/><D74/><U20/><E59/><V26/><F26/><W73/><G73/><T132/><D2/><U111/><E111/><V121/><F79/><W47/><G109/><T117/><D132/><U23/><REACH who="1" step="1"/><E19/><REACH who="1" ten="333,188,299,170" step="2"/><V66/><F121/><W60/><G60/><T102/><D117/><U72/><E72/><V127/><F75/><W13/><REACH who="3" step="1"/><G47/><REACH who="3" ten="333,188,299,160" step="2"/><T105/><D129/><U0/><E0/><V48/><F127/><W63/><G63/><T25/><D128/><U98/><E98/><V87/><F48/><W77/><G77/><T106/><D50/><U35/><E35/><V124/><F124/><W83/><G83/><T57/><D78/><U85/><E85/><V81/><F81/><W101/><AGARI ba="0,2" hai="13,16,21,44,45,49,54,58,84,89,93,95,99,101" machi="101" ten="20,16000,3" yaku="1,1,0,1,7,1,25,2,8,1,52,1,54,1,53,2" doraHai="12" doraHaiUra="88" who="3" fromWho="3" sc="333,-40,188,-40,299,-80,160,180" /><INIT seed="3,0,0,0,4,34" ten="293,148,219,340" oya="3" hai0="59,50,101,33,99,77,91,27,48,131,78,4,31" hai1="98,18,81,107,41,92,53,122,130,14,73,10,109" hai2="110,40,64,74,70,88,83,61,111,114,36,16,82" hai3="6,96,119,11,66,25,38,45,76,0,87,69,105"/><W100/><G119/><T46/><D131/><U93/><E122/><V108/><F114/><W30/><G76/><T28/><D28/><U120/><E120/><V55/><F74/><W19/><G87/><T115/><D115/><U20/><E130/><V32/><F32/><N who="3" m="20559" /><G19/><T84/><D59/><U39/><E109/><V65/><F65/><W9/><G9/><T80/><D4/><U22/><E107/><V79/><F79/><W90/><G90/><T127/><D127/><U134/><E134/><V15/><F55/><W106/><G106/><T23/><D50/><U5/><E20/><V123/><F123/><W67/><G67/><T85/><D85/><U121/><E121/><V8/><REACH who="2" step="1"/><F88/><REACH who="2" ten="293,148,209,340" step="2"/><W112/><G112/><T13/><D33/><U72/><E53/><V116/><F116/><W35/><G35/><T29/><D78/><U49/><E73/><V3/><F3/><W132/><G132/><T68/><D77/><U117/><E117/><V86/><F86/><W128/><G128/><T58/><D84/><U1/><E72/><V124/><F124/><W43/><G66/><T71/><D91/><U63/><E1/><V133/><F133/><W62/><G62/><T118/><D118/><U24/><E63/><V103/><F103/><W113/><G113/><T97/><D101/><U52/><E81/><V47/><AGARI ba="0,1" hai="8,15,16,36,40,47,61,64,70,82,83,108,110,111" machi="47" ten="40,8000,1" yaku="1,1,0,1,14,1,54,1,53,0" doraHai="34" doraHaiUra="135" who="2" fromWho="2" sc="293,-20,148,-20,209,90,340,-40" /><INIT seed="4,0,0,0,4,107" ten="273,128,299,300" oya="0" hai0="19,131,8,23,42,31,85,59,122,40,48,83,54" hai1="4,77,16,61,81,24,28,26,1,60,132,98,75" hai2="53,38,129,72,22,116,5,90,34,93,76,101,80" hai3="103,135,44,57,70,73,120,94,9,84,92,106,119"/><T121/><D131/><U27/><E132/><V35/><F38/><W62/><G119/><T124/><D124/><U63/><E1/><V86/><F129/><W91/><G70/><T14/><D122/><U10/><E4/><V49/><F116/><W99/><G135/><T33/><D33/><U126/><E126/><V134/><F134/><W51/><G120/><T95/><D121/><U0/><E0/><V45/><F5/><W41/><G73/><T18/><D31/><U6/><E98/><V100/><F22/><W7/><G106/><T112/><D112/><U89/><E89/><V108/><F108/><W79/><G79/><T68/><D68/><U11/><E6/><V125/><F125/><W96/><G96/><T32/><D32/><U30/><REACH who="1" step="1"/><E16/><REACH who="1" ten="273,118,299,300" step="2"/><V133/><F133/><W82/><G7/><T20/><D8/><AGARI ba="0,1" hai="8,10,11,24,26,27,28,30,60,61,63,75,77,81" machi="8" ten="40,5200,0" yaku="1,1,2,1,52,1,53,0" doraHai="107" doraHaiUra="69" who="1" fromWho="0" sc="273,-52,118,62,299,0,300,0" /><INIT seed="5,0,0,2,2,62" ten="221,180,299,300" oya="1" hai0="24,89,47,42,108,90,36,52,64,73,113,57,17" hai1="70,128,49,114,23,115,26,83,51,72,86,53,45" hai2="12,94,14,19,81,132,0,50,120,102,85,5,7" hai3="6,13,66,107,127,130,69,111,122,55,104,97,131"/><U124/><E72/><V8/><F120/><W44/><G111/><T112/><D73/><U58/><E128/><N who="3" m="49194" /><G122/><T103/><D103/><U59/><E124/><V109/><F132/><W134/><G134/><T117/><D108/><U20/><E70/><V28/><F28/><W21/><G127/><T38/><D117/><U79/><E23/><V35/><F35/><W101/><G104/><T60/><D38/><U37/><E37/><V1/><F1/><W119/><G119/><T9/><D24/><U93/><E93/><V31/><F31/><W78/><G78/><T30/><D30/><U65/><E58/><V34/><F0/><W63/><G6/><T95/><D17/><U3/><E3/><V133/><F34/><W126/><G126/><T43/><D43/><U71/><E71/><V10/><F19/><N who="3" m="10479" /><G55/><T110/><D9/><U74/><E74/><V56/><F133/><W121/><G121/><T123/><D110/><U41/><REACH who="1" step="1"/><E65/><REACH who="1" ten="221,170,299,300" step="2"/><V46/><F109/><W100/><G100/><T2/><D2/><U4/><E4/><V118/><F102/><W32/><G32/><T135/><D135/><U67/><E67/><V27/><F94/><W54/><G44/><T88/><D123/><U105/><E105/><V77/><F56/><W76/><G66/><T84/><D64/><U33/><E33/><V98/><F118/><W125/><G125/><T116/><D116/><U99/><E99/><V16/><F98/><W75/><G69/><T29/><D29/><AGARI ba="0,1" hai="20,26,29,41,45,49,51,53,59,79,83,86,114,115" machi="29" ten="40,3900,0" yaku="1,1,53,1" doraHai="62" doraHaiUra="80" who="1" fromWho="0" sc="221,-39,170,49,299,0,300,0" /><INIT seed="5,1,0,3,2,91" ten="182,219,299,300" oya="1" hai0="105,76,59,92,25,106,109,107,40,122,113,78,72" hai1="50,99,114,47,19,130,74,22,124,115,20,34,43" hai2="117,129,112,16,60,111,52,87,101,120,83,131,128" hai3="102,95,86,3,104,71,14,73,75,49,98,35,103"/><U51/><E34/><V30/><F111/><W89/><G3/><T44/><D109/><U133/><E74/><V61/><F30/><W26/><G71/><T123/><D59/><U85/><E130/><V41/><F41/><W132/><G132/><T68/><D68/><U6/><E133/><V65/><F117/><W110/><G110/><T90/><D25/><U135/><E135/><V94/><F65/><W70/><G70/><T84/><D113/><U10/><E124/><V11/><F120/><N who="0" m="46122" /><D44/><U54/><E85/><V36/><F36/><W5/><G103/><T67/><D67/><U64/><E64/><V33/><F33/><W23/><G35/><T58/><D58/><U48/><E22/><V82/><F112/><N who="1" m="43049" /><E99/><N who="2" m="59639" /><F87/><W18/><G49/><T2/><D40/><U134/><E134/><V79/><F52/><W4/><G4/><T118/><D2/><N who="1" m="343" /><E43/><V116/><F116/><W69/><G69/><T12/><D12/><AGARI ba="1,0" hai="12,19,20,47,48,50,51,54" m="343,43049" machi="12" ten="30,1500,0" yaku="15,1" doraHai="91" who="1" fromWho="0" sc="182,-18,219,18,299,0,300,0" /><INIT seed="5,2,0,3,2,22" ten="164,237,299,300" oya="1" hai0="78,86,96,131,55,125,52,47,111,69,63,108,4" hai1="77,38,17,29,103,83,105,44,48,50,95,14,93" hai2="40,23,123,6,81,110,24,114,118,67,68,60,133" hai3="56,0,27,88,65,106,35,98,57,25,104,122,1"/><U126/><E126/><V66/><F110/><W94/><G122/><T102/><D125/><U84/><E105/><V46/><F123/><W91/><G35/><T51/><D131/><U130/><E130/><V112/><F118/><W72/><G72/><T97/><D4/><U33/><E38/><V20/><F133/><W64/><G94/><T54/><D108/><U115/><E115/><N who="2" m="44075" /><F67/><W76/><G98/><T135/><D111/><U89/><E103/><V26/><F81/><W21/><G21/><N who="2" m="8265" /><F6/><W28/><G76/><T13/><D13/><U45/><E14/><V7/><F7/><W43/><G43/><T62/><D135/><U134/><E17/><V82/><F82/><W42/><G42/><T32/><D32/><U113/><E134/><V15/><F15/><W119/><G28/><T75/><D75/><U132/><E132/><V71/><F71/><W34/><G34/><T11/><D11/><U37/><E113/><V128/><F128/><W18/><G18/><T124/><D124/><U41/><E37/><AGARI ba="2,0" hai="24,26,37,40,46,60,66,68" m="8265,44075" machi="37" ten="30,7700,0" yaku="15,1,11,1,52,2" doraHai="22" who="2" fromWho="1" sc="164,0,237,-83,299,83,300,0" /><INIT seed="6,0,0,5,2,55" ten="164,154,382,300" oya="2" hai0="104,128,12,83,37,80,112,57,120,135,69,26,66" hai1="41,115,21,44,129,89,61,101,118,27,106,76,40" hai2="1,117,81,7,107,99,60,127,13,18,68,108,93" hai3="78,23,97,8,19,31,46,25,130,39,110,119,70"/><V45/><F117/><W100/><G110/><T51/><D120/><U85/><E118/><V30/><F127/><W36/><G119/><T35/><D104/><U59/><E115/><V53/><F68/><W28/><G130/><T95/><D37/><U122/><E129/><V125/><F125/><W50/><G70/><T124/><D128/><U82/><E122/><V3/><F30/><W22/><G78/><T48/><D124/><U92/><E101/><V116/><F108/><W42/><G8/><T126/><D126/><U73/><E106/><V62/><F62/><W74/><G74/><T20/><D69/><U0/><E0/><V71/><F71/><W15/><REACH who="3" step="1"/><G31/><REACH who="3" ten="164,154,382,290" step="2"/><T87/><D112/><U43/><E44/><V72/><F45/><W67/><G67/><T96/><D66/><U84/><E73/><V16/><F72/><W52/><G52/><T64/><D64/><N who="1" m="38975" /><E43/><V34/><F116/><W6/><G6/><T33/><D135/><U123/><E123/><V24/><F7/><W132/><G132/><T114/><D114/><U86/><E86/><V14/><F1/><W49/><G49/><T5/><D87/><U38/><E38/><V79/><F3/><W10/><G10/><N who="0" m="4175" /><D51/><U63/><E63/><V77/><F60/><W32/><G32/><T29/><D35/><U9/><E9/><V75/><F34/><W105/><AGARI ba="0,1" hai="15,19,22,23,25,28,36,39,42,46,50,97,100,105" machi="105" ten="20,2700,0" yaku="1,1,0,1,7,1,53,0" doraHai="55" doraHaiUra="90" who="3" fromWho="3" sc="164,-7,154,-7,382,-13,290,37" /><INIT seed="7,0,0,4,2,21" ten="157,147,369,327" oya="3" hai0="118,43,23,103,34,121,42,32,29,81,88,40,48" hai1="65,26,111,78,67,7,80,90,25,37,114,11,8" hai2="66,77,44,125,102,10,9,86,53,126,49,107,54" hai3="104,79,52,59,105,4,47,134,3,16,50,30,93"/><W35/><G134/><T71/><D71/><U120/><E120/><V38/><F102/><W76/><G104/><T58/><D121/><U31/><E111/><V51/><F107/><W18/><G105/><T82/><D118/><U124/><E37/><V61/><F86/><W119/><G119/><T15/><D103/><U69/><E114/><V64/><F77/><N who="3" m="29771" /><G35/><T5/><D34/><U110/><E110/><V83/><F83/><W115/><G3/><T1/><D32/><U123/><E123/><V19/><F38/><W27/><G115/><T22/><D1/><U41/><E41/><V95/><F95/><W63/><G4/><T131/><D131/><U74/><E124/><N who="2" m="47723" /><F19/><N who="3" m="7211" /><G93/><T106/><D106/><U33/><E69/><N who="2" m="42127" /><F66/><N who="3" m="39295" /><G27/><N who="0" m="16631" /><D5/><U117/><E117/><V75/><F75/><W57/><G30/><T60/><D82/><U91/><E26/><V112/><F112/><W113/><G113/><T135/><D135/><U56/><E67/><V101/><F101/><W129/><G129/><T99/><D81/><U13/><REACH who="1" step="1"/><E11/><REACH who="1" ten="157,137,369,327" step="2"/><V128/><F128/><W39/><G39/><T0/><D43/><U132/><E132/><V17/><F9/><W24/><G24/><T46/><D42/><U109/><E109/><V122/><F122/><W84/><G84/><T73/><D73/><U14/><E14/><V130/><F130/><W133/><G133/><T96/><D0/><U89/><E89/><V28/><F10/><W92/><G92/><T70/><D88/><U94/><E94/><V97/><F97/><N who="0" m="37450" /><D70/><U20/><E20/><V12/><F12/><W55/><G55/><N who="0" m="33887" /><D23/><U36/><E36/><RYUUKYOKU ba="0,1" sc="157,10,137,10,369,-30,327,10" hai0="15,40,46,48" hai1="7,8,13,25,31,33,56,65,74,78,80,90,91" hai3="47,50,52,57" /><INIT seed="7,1,1,3,2,76" ten="167,147,339,337" oya="3" hai0="40,113,108,37,96,101,122,82,10,84,90,67,109" hai1="100,69,0,4,29,50,11,39,36,6,72,66,123" hai2="124,23,68,26,74,30,75,32,95,99,45,33,91" hai3="7,97,63,79,42,112,34,134,21,85,9,125,126"/><W57/><G34/><T80/><D122/><U129/><E123/><V118/><F118/><W105/><G112/><T103/><D67/><U22/><E50/><V27/><F68/><W12/><G134/><T107/><D10/><N who="1" m="2311" /><E22/><V24/><F33/><W17/><G42/><T31/><D31/><U132/><E29/><V44/><F124/><N who="3" m="47723" /><G79/><N who="0" m="46111" /><D40/><U86/><E86/><V70/><F70/><W25/><G85/><N who="0" m="50487" /><D37/><U89/><E89/><V55/><F27/><W54/><G97/><N who="0" m="61871" /><D113/><U128/><E132/><V51/><F45/><W92/><G105/><AGARI ba="1,1" hai="96,103,105,108,109" m="61871,50487,46111" machi="105" ten="30,7700,0" yaku="34,2,52,2" doraHai="76" who="0" fromWho="3" sc="167,90,147,0,339,0,337,-80" owari="257,6.0,147,-35.0,339,43.0,257,-14.0" /></mjloggm>