<mjloggm ver="2.3"><GO type="169" lobby="0"/><UN n0="%E5%A4%A7%E6%A5%A0%E5%85%AC" n1="%E5%8D%83%E7%BE%BD%E9%B4%89" n2="%E6%9B%BF%E7%8E%89%E5%9B%BA%E9%BA%BA" n3="%31%74%61" dan="16,17,16,17" rate="2172.04,2219.78,2139.98,2176.05" sx="M,F,M,M"/><TAIKYOKU oya="0"/><INIT seed="0,0,0,0,3,121" ten="250,250,250,250" oya="0" hai0="41,38,46,28,8,108,62,73,74,85,95,0,91" hai1="89,27,45,59,44,39,86,58,47,129,63,107,115" hai2="37,123,105,42,93,118,52,31,13,22,65,24,94" hai3="72,133,78,51,6,40,131,2,54,130,70,48,75"/><T30/><D62/><U12/><E107/><V14/><F123/><W66/><G133/><T113/><D113/><U50/><E115/><V67/><F105/><W79/><G6/><T21/><D21/><U64/><E27/><V43/><F37/><W120/><G120/><T23/><D23/><U119/><E12/><N who="2" m="4715" /><F118/><W5/><G5/><T83/><D108/><U97/><E97/><V84/><F52/><W98/><G98/><T124/><D124/><U29/><E29/><V7/><F7/><W104/><G104/><T33/><D33/><U100/><E100/><V117/><F117/><W32/><G32/><T60/><D60/><U127/><E119/><V3/><F3/><W90/><G2/><T81/><D8/><U88/><E127/><V36/><F36/><W126/><G126/><T11/><D11/><U15/><E15/><V128/><F128/><W116/><G116/><T102/><D0/><U125/><E129/><V132/><F132/><W19/><G54/><T49/><D38/><U16/><E125/><V99/><F84/><W103/><G40/><N who="2" m="15401" /><F93/><W134/><G134/><T111/><D73/><U10/><E39/><V87/><F87/><W109/><G72/><T4/><D4/><U68/><E86/><V77/><F77/><W122/><G75/><T35/><D35/><U26/><E10/><V69/><F69/><W135/><G122/><T114/><D114/><U82/><E82/><V1/><F1/><W92/><G135/><T71/><D71/><U110/><E68/><V112/><F112/><W20/><G70/><T56/><D74/><U18/><E63/><RYUUKYOKU ba="0,0" sc="250,-10,250,-10,250,30,250,-10" hai2="22,24,31,65,67,94,99" /><INIT seed="1,1,0,3,2,90" ten="240,240,280,240" oya="1" hai0="128,36,27,134,107,29,5,71,91,126,103,124,43" hai1="82,123,25,105,54,59,79,47,9,61,14,93,131" hai2="119,24,42,113,116,84,109,44,20,133,34,10,77" hai3="135,51,30,46,94,21,72,115,87,23,66,45,80"/><U33/><E105/><V19/><F109/><W69/><G115/><T16/><D5/><U57/><E131/><V12/><F133/><W117/><G135/><T81/><D128/><U64/><E123/><V118/><F113/><W3/><G3/><T4/><D4/><U37/><E33/><V114/><F114/><W11/><G11/><T17/><D71/><U100/><E25/><V41/><F34/><W8/><G8/><T102/><D134/><U112/><E112/><V99/><F99/><W22/><G117/><T89/><D43/><U85/><E37/><V106/><F106/><W86/><G30/><T122/><D36/><U110/><E110/><V96/><F96/><W55/><G72/><T101/><D107/><U129/><E129/><V6/><REACH who="2" step="1"/><F44/><REACH who="2" ten="240,240,270,240" step="2"/><W76/><G46/><T65/><D122/><U35/><E35/><V40/><F40/><W70/><REACH who="3" step="1"/><G66/><REACH who="3" ten="240,240,270,230" step="2"/><T15/><D65/><U58/><E47/><V49/><F49/><W121/><G121/><T68/><D124/><U60/><E64/><V127/><F127/><W62/><G62/><T53/><D126/><U125/><E125/><V31/><F31/><W88/><AGARI ba="1,2" hai="21,22,23,45,51,55,69,70,76,80,86,87,88,94" machi="88" ten="30,7900,0" yaku="1,1,0,1,52,1,54,1,53,0" doraHai="90" doraHaiUra="2" who="3" fromWho="3" sc="240,-21,240,-40,270,-21,230,102" /><INIT seed="2,0,0,1,2,63" ten="219,200,249,332" oya="2" hai0="62,24,77,118,131,35,2,88,99,15,95,75,60" hai1="53,33,45,92,80,42,104,27,78,29,128,16,3" hai2="10,59,12,83,54,57,6,36,18,51,113,46,32" hai3="56,9,74,26,120,34,61,76,69,134,38,17,25"/><V22/><F113/><W31/><G120/><T135/><D2/><U41/><E104/><V1/><F36/><W107/><G38/><T133/><D131/><U72/><E128/><V127/><F127/><W94/><G134/><N who="0" m="51211" /><D118/><U124/><E124/><V67/><F32/><W132/><G107/><T4/><D77/><U103/><E3/><V106/><F106/><W109/><G69/><T111/><D75/><U52/><E42/><V19/><F83/><W40/><G109/><T105/><D111/><U87/><E16/><V44/><REACH who="2" step="1"/><F18/><REACH who="2" ten="219,200,239,332" step="2"/><W70/><G17/><T65/><D105/><U126/><E126/><V0/><F0/><W39/><G39/><T96/><D35/><U68/><E33/><V7/><F7/><W91/><G34/><T125/><D125/><U89/><E80/><V79/><F79/><W110/><G132/><T86/><D24/><U116/><E78/><V121/><F121/><W49/><G76/><T28/><D28/><U119/><E27/><V23/><F23/><W102/><G25/><T81/><D81/><U66/><E29/><V115/><F115/><W85/><G26/><T30/><D30/><U123/><E123/><V43/><F43/><W48/><G40/><T21/><D21/><U122/><E122/><V129/><F129/><W64/><G31/><T13/><D4/><U11/><E41/><V93/><F93/><W101/><G94/><T37/><D37/><U73/><E92/><V5/><F5/><W55/><G9/><T97/><D13/><U82/><E82/><V58/><F58/><W117/><G56/><N who="0" m="36999" /><D15/><U108/><E108/><RYUUKYOKU ba="0,1" sc="219,15,200,-15,239,15,332,-15" hai0="62,86,88,95,96,97,99" hai2="1,6,10,12,19,22,44,46,51,54,57,59,67" /><INIT seed="2,1,1,3,5,124" ten="234,185,254,317" oya="2" hai0="134,59,60,44,42,111,77,129,62,64,116,82,93" hai1="79,33,37,86,133,5,74,106,58,117,11,122,99" hai2="34,118,85,114,92,95,49,14,40,66,57,1,107" hai3="104,36,75,131,41,101,6,94,31,112,73,54,15"/><V128/><F114/><W135/><G131/><T47/><D111/><U7/><E58/><V105/><F1/><W12/><G112/><T126/><D126/><U67/><E7/><V71/><F34/><W83/><G104/><T125/><D125/><U72/><E67/><V100/><F71/><W43/><G31/><T46/><D116/><U113/><E11/><V63/><F118/><W26/><G26/><T29/><D134/><U127/><E5/><V0/><F0/><W48/><G135/><T76/><D29/><U123/><E86/><V30/><F30/><W18/><G6/><T45/><D129/><U97/><E97/><V87/><F128/><W103/><G36/><T20/><D20/><U21/><E99/><N who="2" m="59495" /><F107/><W51/><G94/><T61/><D93/><U109/><E21/><V119/><F105/><W69/><G69/><T52/><D77/><U2/><E79/><V39/><F39/><W89/><G89/><T25/><D25/><U121/><E122/><V91/><F14/><W130/><G130/><T56/><D82/><U108/><E121/><V13/><F13/><W8/><G83/><T65/><D76/><U132/><E132/><V24/><F24/><W88/><G88/><T115/><D115/><U35/><E109/><V80/><F119/><W22/><G22/><T9/><D9/><U4/><E35/><V70/><F70/><W3/><G3/><T102/><D102/><U53/><E33/><V27/><F27/><W50/><G54/><N who="0" m="33911" /><D62/><U98/><E123/><V90/><F40/><N who="3" m="15435" /><G15/><T38/><AGARI ba="1,1" hai="38,42,44,45,46,47,52,56,61,64,65" m="33911" machi="38" ten="30,12000,2" yaku="35,5,54,1" doraHai="124" who="0" fromWho="0" sc="234,133,185,-31,254,-61,317,-31" /><INIT seed="3,0,0,0,1,98" ten="367,154,193,286" oya="3" hai0="81,38,82,6,122,125,93,118,59,32,18,92,35" hai1="65,84,42,9,68,95,106,19,132,69,86,117,21" hai2="123,124,23,130,107,111,94,126,64,70,90,129,20" hai3="29,128,56,88,83,87,78,11,63,33,3,85,120"/><W99/><G120/><T67/><D38/><U89/><E132/><V79/><F123/><W134/><G128/><N who="2" m="49257" /><F79/><W112/><G112/><T46/><D46/><U127/><E127/><N who="2" m="48683" /><F107/><W66/><G134/><T53/><D125/><U50/><E106/><V71/><F111/><W34/><G99/><T58/><D122/><U13/><E117/><V15/><F64/><W102/><G102/><T5/><D18/><U101/><E65/><V40/><F40/><W80/><REACH who="3" step="1"/><G29/><REACH who="3" ten="367,154,193,276" step="2"/><T119/><D67/><U96/><E101/><V45/><F71/><W31/><G31/><T110/><D110/><U51/><E68/><V4/><F70/><W115/><G115/><T24/><D119/><U100/><E69/><V36/><F94/><W97/><G97/><T103/><D103/><U25/><E42/><N who="2" m="22727" /><F90/><W121/><G121/><T8/><D118/><U114/><E114/><V57/><F57/><W44/><G44/><T14/><D93/><U10/><E89/><V28/><F28/><W61/><G61/><T116/><D92/><U17/><E51/><V22/><F4/><AGARI ba="0,1" hai="3,4,11,33,34,56,63,66,78,80,83,85,87,88" machi="4" ten="40,3900,0" yaku="1,1,54,1,53,0" doraHai="98" doraHaiUra="12" who="3" fromWho="2" sc="367,0,154,0,193,-39,276,49" /><INIT seed="3,1,0,4,3,118" ten="367,154,154,325" oya="3" hai0="29,79,69,121,87,17,132,27,42,53,101,28,133" hai1="97,0,36,64,54,40,130,81,96,4,32,2,129" hai2="5,45,43,12,71,49,111,58,33,113,70,1,123" hai3="60,38,73,19,59,103,109,44,55,135,102,128,106"/><W85/><G128/><N who="1" m="49258" /><E32/><V25/><F113/><W110/><G135/><T91/><D69/><U124/><E124/><V98/><F111/><N who="3" m="42507" /><G73/><T107/><D79/><U22/><E64/><V65/><F1/><W37/><G106/><T61/><D42/><U6/><E22/><V51/><F98/><N who="1" m="37993" /><E54/><V125/><F125/><W63/><G63/><T89/><D53/><U8/><E81/><V120/><F5/><N who="1" m="2153" /><E8/><V3/><F3/><N who="1" m="1065" /><E40/><V80/><F80/><W52/><G85/><T35/><D35/><U16/><E36/><N who="3" m="13930" /><G19/><AGARI ba="1,0" hai="16,19" m="1065,2153,37993,49258" machi="19" ten="40,8000,1" yaku="28,2,19,1,54,1" doraHai="118" who="1" fromWho="3" sc="367,0,154,83,154,0,325,-83" /><INIT seed="4,0,0,5,4,33" ten="367,237,154,242" oya="0" hai0="36,17,112,3,99,20,27,64,32,82,0,37,55" hai1="120,93,26,102,63,128,81,107,94,62,77,13,108" hai2="39,2,130,5,124,73,31,87,72,114,44,131,25" hai3="47,126,34,110,29,90,127,91,86,123,78,129,7"/><T22/><D32/><U85/><E13/><V19/><F114/><W135/><G110/><T98/><D112/><U60/><E108/><V35/><F124/><N who="3" m="47659" /><G129/><N who="2" m="49161" /><F87/><W103/><G135/><T104/><D64/><U75/><E128/><V97/><F97/><W16/><G123/><T14/><D98/><N who="1" m="61911" /><E94/><V117/><F19/><W56/><G103/><T125/><D125/><U92/><E92/><V118/><F44/><W58/><G7/><T41/><D82/><U4/><E4/><V71/><F71/><W6/><G6/><T116/><D116/><N who="2" m="44650" /><F39/><W18/><G47/><T51/><D37/><U134/><E120/><V100/><F100/><W50/><G58/><T28/><D99/><U49/><E134/><V69/><F69/><W24/><G78/><T11/><D104/><U8/><E26/><V66/><F66/><W74/><G74/><T52/><D36/><U65/><E65/><V119/><N who="2" m="44658" /><V96/><DORA hai="46" /><F96/><W76/><G76/><T132/><D132/><U38/><E38/><V43/><F43/><W23/><G86/><T12/><D41/><U15/><E75/><V30/><F30/><W42/><G42/><T115/><D115/><U48/><E93/><V80/><F80/><W109/><G18/><N who="0" m="8479" /><D55/><U1/><E85/><V21/><F21/><W101/><G101/><T83/><D83/><U84/><E84/><V54/><F54/><N who="3" m="31831" /><G109/><T59/><D59/><U45/><E45/><V9/><AGARI ba="0,0" hai="2,5,9,25,31,35,72,73" m="44658,49161" machi="9" ten="50,8000,1" yaku="19,1,12,1,23,1,52,1" doraHai="33,46" who="2" fromWho="2" sc="367,-40,237,-20,154,80,242,-20" /><INIT seed="5,0,0,2,4,130" ten="327,217,234,222" oya="1" hai0="36,121,17,41,103,37,11,78,123,0,58,131,119" hai1="70,87,80,112,133,26,95,14,67,21,47,46,99" hai2="27,76,126,10,8,71,73,49,15,50,122,85,106" hai3="129,18,55,109,32,125,132,116,111,13,68,30,45"/><U113/><E70/><V56/><F122/><W84/><G68/><T128/><D119/><U100/><E67/><V51/><F126/><W64/><G64/><T22/><D103/><U79/><E133/><V62/><F71/><W107/><G107/><T34/><D78/><U120/><E120/><N who="0" m="46153" /><D58/><U3/><E3/><V42/><F73/><W90/><G129/><N who="0" m="49739" /><D41/><U31/><REACH who="1" step="1"/><E14/><REACH who="1" ten="327,207,234,222" step="2"/><V108/><F15/><W61/><G132/><T96/><D34/><U82/><E82/><V24/><F108/><W92/><G111/><T72/><D72/><U127/><E127/><V5/><F27/><W75/><G125/><T118/><D118/><U124/><E124/><V29/><F24/><W43/><G116/><T38/><D0/><U74/><E74/><V44/><F29/><W101/><G75/><T60/><D60/><U48/><E48/><V2/><F50/><N who="3" m="26943" /><G30/><T104/><D36/><U6/><E6/><V77/><F51/><W53/><G109/><T115/><D37/><U59/><E59/><V39/><F39/><W114/><G61/><T4/><D38/><U117/><E117/><V7/><F56/><W93/><G13/><T12/><D4/><U19/><E19/><V57/><F57/><W98/><G18/><T97/><D17/><U69/><E69/><V83/><F62/><W25/><G25/><T134/><D12/><U102/><E102/><V54/><F2/><W89/><G101/><T66/><D66/><U1/><E1/><V110/><F110/><W16/><G16/><T81/><D134/><U88/><E88/><V105/><F5/><W33/><G114/><AGARI ba="0,1" hai="21,26,31,46,47,79,80,87,95,99,100,112,113,114" machi="114" ten="40,7700,0" yaku="1,1,6,1,15,1,53,0" doraHai="130" doraHaiUra="63" who="1" fromWho="3" sc="327,0,207,87,234,0,222,-77" /><INIT seed="5,1,0,5,4,44" ten="327,294,234,145" oya="1" hai0="2,98,3,95,91,23,10,90,32,36,131,4,122" hai1="55,53,108,67,89,21,135,102,52,13,74,29,71" hai2="112,82,7,94,58,17,100,130,0,114,24,9,69" hai3="115,123,42,86,37,116,124,111,41,45,128,75,6"/><U92/><E74/><V15/><F69/><W60/><G6/><T72/><D32/><U54/><E135/><V26/><F130/><W22/><G86/><T62/><D122/><U78/><E78/><V30/><F82/><W127/><G22/><T1/><D131/><U64/><E71/><V56/><F100/><W96/><G96/><T5/><D72/><U16/><E108/><V40/><F94/><W133/><G75/><T57/><D36/><U126/><E126/><N who="3" m="48170" /><G128/><T105/><D105/><U73/><E73/><V121/><F40/><N who="3" m="22671" /><G111/><T120/><D120/><U104/><E29/><V25/><F121/><W11/><G11/><T132/><D132/><U129/><E129/><V84/><F84/><W134/><G123/><T81/><D81/><U31/><E31/><V38/><F38/><W125/><N who="3" m="48178" /><W80/><DORA hai="46" /><G80/><T77/><D77/><U12/><E12/><V50/><F30/><W85/><G85/><T35/><D35/><U48/><E102/><V99/><F99/><W49/><G115/><N who="2" m="44073" /><F0/><W61/><G116/><T117/><D117/><U103/><E103/><V101/><F101/><W79/><G79/><T33/><D33/><U63/><E104/><V65/><F7/><W34/><G34/><T88/><D23/><U119/><E119/><V109/><F109/><W113/><G113/><T39/><D39/><U27/><E27/><V14/><F14/><W106/><G106/><T68/><D1/><U47/><E63/><N who="3" m="24138" /><G41/><T70/><D2/><U87/><AGARI ba="1,0" hai="13,16,21,47,48,52,53,54,55,64,67,87,89,92" machi="87" ten="30,18000,2" yaku="0,1,8,1,52,2,54,2" doraHai="44,46" who="1" fromWho="1" sc="327,-61,294,183,234,-61,145,-61" /><INIT seed="5,2,0,3,5,92" ten="266,477,173,84" oya="1" hai0="128,68,69,125,32,66,96,71,94,31,67,24,21" hai1="122,103,109,16,8,7,129,80,45,93,12,44,5" hai2="15,107,88,121,0,108,64,2,106,51,111,35,6" hai3="46,57,113,130,97,42,89,28,82,62,53,9,73"/><U22/><E129/><V77/><F121/><W91/><G113/><T72/><D128/><U47/><E109/><V100/><F35/><W30/><G130/><T10/><D125/><U38/><E38/><V126/><F126/><W102/><G9/><T135/><D72/><U86/><E122/><V50/><F64/><W23/><G73/><T33/><D135/><U41/><E41/><V36/><F36/><W98/><G102/><T54/><D10/><U76/><REACH who="1" step="1"/><E8/><REACH who="1" ten="266,467,173,84" step="2"/><V78/><F111/><W17/><G89/><T60/><D68/><U75/><E75/><V104/><F108/><W114/><G114/><T99/><D69/><U95/><E95/><V13/><F88/><W4/><G91/><T90/><D71/><U3/><E3/><V34/><F106/><W25/><G82/><T70/><D70/><U65/><E65/><V116/><F116/><W119/><G119/><T123/><D123/><U112/><E112/><V56/><F104/><W61/><G4/><T127/><D127/><U20/><E20/><V117/><F117/><W87/><G87/><N who="0" m="52575" /><D33/><U118/><E118/><V134/><F34/><W63/><G53/><T105/><D105/><U27/><E27/><V55/><F55/><W124/><G124/><T29/><D32/><U132/><E132/><V26/><F134/><W84/><G84/><T101/><D54/><U115/><E115/><V19/><F26/><W1/><G1/><T120/><D120/><U131/><E131/><V85/><F0/><W18/><G57/><T40/><D67/><U83/><E83/><V39/><F2/><W79/><G42/><RYUUKYOKU ba="2,1" sc="266,-10,467,30,173,-10,84,-10" hai1="5,7,12,16,22,44,45,47,76,80,86,93,103" /><INIT seed="5,3,1,3,3,68" ten="256,497,163,74" oya="1" hai0="98,127,103,128,97,117,125,20,122,21,110,14,119" hai1="77,105,72,25,109,92,99,56,48,29,30,40,57" hai2="33,6,116,69,28,49,16,93,23,86,52,67,45" hai3="96,71,35,95,111,76,47,26,75,124,62,43,1"/><U65/><E30/><V130/><F116/><W39/><G111/><T50/><D122/><U3/><E3/><V46/><F130/><W104/><G124/><N who="0" m="47691" /><D110/><U61/><E77/><V9/><F33/><W19/><G1/><T115/><D128/><U22/><E72/><V12/><F28/><N who="3" m="19863" /><G95/><T8/><D50/><U51/><E105/><V108/><F67/><N who="3" m="41463" /><G19/><N who="0" m="8647" /><D115/><U126/><E126/><V88/><F69/><W79/><G75/><T5/><D5/><U7/><E7/><V34/><F34/><W38/><G79/><T87/><D87/><U36/><E57/><V2/><REACH who="2" step="1"/><F108/><REACH who="2" ten="256,497,153,74" step="2"/><W58/><G76/><T81/><D117/><U94/><E109/><V120/><F120/><W114/><G114/><T74/><D119/><U13/><E29/><V31/><F31/><W100/><G58/><AGARI ba="3,2" hai="2,6,9,12,16,23,45,46,49,52,58,86,88,93" machi="58" ten="30,12000,2" yaku="1,1,7,1,25,2,54,3,53,0" doraHai="68" doraHaiUra="129" who="2" fromWho="3" sc="256,0,497,0,153,149,74,-129" owari="256,-14.0,497,60.0,302,10.0,-55,-56.0" /></mjloggm>