<mjloggm ver="2.3"><GO type="169" lobby="0"/><UN n0="%E7%9F%B3%E5%A1%9A" n1="%E3%82%AB%E3%83%83%E3%82%AB%E3%83%83%E3%82%AB%E3%83%83" n2="%E3%81%A9%E3%82%84%E3%81%A9%E3%82%84%31%35%39" n3="%52%59%4F%40%53%53" dan="16,16,17,18" rate="2089.59,2110.97,2156.74,2217.99" sx="M,M,F,M"/><TAIKYOKU oya="0"/><INIT seed="0,0,0,3,5,45" ten="250,250,250,250" oya="0" hai0="86,79,14,129,27,43,8,67,123,36,3,120,114" hai1="40,7,63,2,72,49,64,16,54,60,97,77,71" hai2="61,102,74,13,112,22,41,105,85,52,37,30,134" hai3="75,62,69,121,44,95,93,47,107,70,53,87,29"/><T125/><D3/><U58/><E97/><V91/><F74/><W133/><G75/><T127/><D114/><U104/><E104/><V115/><F105/><W34/><G107/><T66/><D129/><U18/><E7/><V109/><F102/><W128/><G128/><T46/><D27/><U65/><E2/><V98/><F98/><W15/><G133/><T92/><D92/><U35/><E35/><V89/><F134/><W38/><G15/><T78/><D123/><U122/><E40/><V25/><F109/><W96/><G87/><T10/><D120/><U56/><REACH who="1" step="1"/><E122/><REACH who="1" ten="250,240,250,250" step="2"/><V55/><F41/><W117/><G96/><T39/><D43/><U132/><E132/><V100/><F115/><W84/><G34/><T113/><D113/><U116/><E116/><V90/><F112/><W26/><G117/><T4/><D4/><U21/><E21/><V99/><F99/><W83/><G121/><T119/><D119/><U118/><E118/><V73/><F22/><W50/><G38/><T88/><D36/><U51/><E51/><V12/><F37/><W48/><G48/><T1/><D1/><U108/><E108/><V103/><F100/><W101/><G50/><T81/><D8/><U32/><E32/><N who="2" m="20559" /><F103/><W42/><G101/><T23/><D23/><U19/><E19/><V76/><F61/><W20/><G62/><T31/><D39/><U82/><AGARI ba="0,1" hai="16,18,49,54,56,58,60,63,64,65,71,72,77,82" machi="82" ten="30,7900,0" yaku="1,1,0,1,52,1,54,1,53,0" doraHai="45" doraHaiUra="124" who="1" fromWho="1" sc="250,-39,240,89,250,-20,250,-20" /><INIT seed="1,0,0,5,3,17" ten="211,329,230,230" oya="1" hai0="91,34,88,128,135,133,102,59,46,18,107,132,32" hai1="56,118,94,71,86,43,75,64,120,99,100,24,37" hai2="110,45,58,6,89,83,65,5,93,52,105,53,39" hai3="29,73,85,108,109,13,57,124,81,80,82,35,114"/><U19/><E120/><V95/><F105/><W101/><G114/><T60/><D128/><U2/><E118/><V92/><F110/><N who="3" m="42603" /><G13/><T111/><D111/><U62/><E75/><V78/><F65/><W61/><G101/><T69/><D69/><U10/><E71/><V51/><F89/><N who="0" m="34378" /><D46/><U8/><E86/><V33/><F33/><W40/><G40/><T103/><D103/><U106/><E2/><V130/><F130/><W96/><G96/><N who="0" m="61895" /><D18/><U36/><E106/><V113/><F113/><W131/><G131/><T63/><D63/><U116/><E116/><V42/><REACH who="2" step="1"/><F53/><AGARI ba="0,0" hai="32,34,53,59,60,132,133,135" m="61895,34378" machi="53" ten="30,2000,0" yaku="20,1,54,1" doraHai="17" who="0" fromWho="2" sc="211,20,329,0,230,-20,230,0" /><INIT seed="2,0,0,4,4,84" ten="231,329,210,230" oya="2" hai0="131,85,82,63,96,32,81,56,94,43,27,47,34" hai1="18,61,86,74,120,76,132,122,93,98,72,57,97" hai2="21,60,130,70,20,17,110,36,41,8,28,23,78" hai3="116,112,77,33,66,11,128,52,30,2,104,101,87"/><V121/><F121/><N who="1" m="46697" /><E132/><V127/><F36/><W69/><G116/><T129/><D32/><U117/><E117/><V25/><F41/><W10/><G112/><T29/><D85/><U119/><E119/><V19/><F70/><W37/><G37/><T89/><D131/><U107/><E107/><V40/><F40/><W45/><G2/><T95/><D95/><U114/><E114/><V134/><F60/><W53/><G101/><T39/><REACH who="0" step="1"/><D129/><REACH who="0" ten="221,329,210,230" step="2"/><U7/><E86/><V73/><F130/><W83/><G87/><T51/><D51/><U6/><E93/><V102/><F134/><W113/><G33/><T59/><D59/><U55/><E74/><V90/><F73/><W26/><G128/><T103/><D103/><U106/><E72/><V3/><F102/><W100/><G100/><T64/><AGARI ba="0,1" hai="27,29,34,39,43,47,56,63,64,81,82,89,94,96" machi="64" ten="20,5200,0" yaku="1,1,0,1,7,1,52,1,53,0" doraHai="84" doraHaiUra="50" who="0" fromWho="0" sc="221,62,329,-13,210,-26,230,-13" /><INIT seed="3,0,0,2,5,12" ten="283,316,184,217" oya="3" hai0="108,41,115,43,26,91,58,95,19,126,23,90,133" hai1="66,42,129,114,48,117,62,98,11,40,84,69,53" hai2="36,78,17,121,44,16,22,45,63,39,103,116,83" hai3="71,89,113,81,97,57,51,55,125,127,27,70,33"/><W52/><G113/><T14/><D108/><U65/><E114/><V82/><F116/><W49/><G81/><T38/><D115/><U3/><E117/><V18/><F121/><W123/><G89/><T29/><D133/><U1/><E129/><V31/><F103/><W79/><G97/><T93/><D126/><N who="3" m="48137" /><G79/><T135/><D38/><U119/><E66/><V122/><F122/><W118/><G123/><T128/><D135/><U88/><E98/><V32/><F32/><W54/><G118/><T6/><D6/><U56/><E119/><V102/><F102/><W105/><G105/><T73/><D73/><U134/><E134/><V30/><F22/><W76/><G76/><T61/><D91/><U111/><E111/><V86/><F63/><N who="3" m="36263" /><G27/><T7/><D7/><U101/><E101/><V72/><F72/><W0/><G0/><T28/><D128/><U100/><E100/><V77/><F18/><W46/><G33/><T124/><D95/><U50/><E3/><V35/><F35/><W8/><G8/><T85/><D124/><U60/><E1/><V110/><F110/><W15/><G15/><T5/><D5/><U37/><E11/><V75/><F75/><W74/><G74/><T106/><D106/><U59/><E88/><V20/><F20/><W21/><G21/><N who="0" m="11511" /><D29/><U47/><E84/><AGARI ba="0,0" hai="16,17,30,31,36,39,44,45,77,78,82,83,84,86" machi="84" ten="25,8000,1" yaku="22,2,52,2,54,1" doraHai="12" who="2" fromWho="1" sc="283,0,316,-80,184,80,217,0" /><INIT seed="4,0,0,1,0,30" ten="283,236,264,217" oya="0" hai0="130,3,27,105,37,29,79,72,121,107,101,56,71" hai1="133,45,73,119,11,113,12,9,8,76,50,1,131" hai2="47,21,49,55,126,135,69,17,81,132,116,33,26" hai3="77,75,122,108,93,125,34,123,61,90,64,40,57"/><T115/><D56/><U124/><E119/><V66/><F116/><W104/><G108/><T20/><D20/><U118/><E118/><V7/><F7/><W98/><G125/><T42/><D121/><N who="3" m="46089" /><G40/><T4/><D115/><U85/><E124/><V92/><F126/><W68/><G104/><T28/><D28/><U46/><E113/><V89/><F81/><N who="3" m="45247" /><G68/><T0/><D71/><U43/><E73/><V114/><F114/><W127/><G127/><T103/><D103/><U109/><E1/><V24/><F69/><W82/><G82/><N who="0" m="45415" /><D101/><U14/><E131/><V111/><F111/><W74/><G74/><T32/><D130/><U6/><E109/><V65/><F66/><W36/><G36/><T94/><D94/><U91/><E133/><V59/><F65/><W83/><G83/><T22/><D22/><U54/><E76/><V87/><REACH who="2" step="1"/><F59/><REACH who="2" ten="283,236,254,217" step="2"/><W23/><G57/><T117/><D117/><U19/><E6/><V35/><F35/><W86/><G34/><T129/><D129/><U15/><E8/><V51/><F51/><W110/><G110/><T25/><D0/><U60/><E9/><V39/><F39/><W5/><G5/><T80/><D80/><N who="1" m="49575" /><E60/><V67/><F67/><W78/><G61/><T112/><D112/><U100/><E50/><V134/><F134/><W95/><G64/><T120/><D120/><U106/><E11/><V128/><F128/><W102/><G78/><T41/><D3/><U52/><E46/><V84/><F84/><N who="3" m="52423" /><G23/><N who="0" m="15551" /><D4/><U18/><E45/><V53/><F53/><W88/><G86/><T70/><D37/><U44/><E44/><RYUUKYOKU ba="0,1" sc="283,-15,236,-15,254,15,217,15" hai2="17,21,24,26,33,47,49,55,87,89,92,132,135" hai3="88,95,98,102" /><INIT seed="5,1,1,0,0,37" ten="268,221,269,232" oya="1" hai0="75,93,23,66,53,49,110,100,113,3,107,10,58" hai1="33,102,132,25,52,78,38,72,46,91,81,73,88" hai2="32,109,74,26,133,55,5,77,119,22,84,36,79" hai3="28,94,24,67,7,85,82,126,2,129,87,92,31"/><U60/><E132/><V21/><F119/><W89/><G126/><T112/><D110/><U62/><E72/><V20/><F109/><W69/><G129/><T123/><D107/><U40/><E102/><V15/><F74/><W135/><G135/><T108/><D108/><U56/><REACH who="1" step="1"/><E62/><REACH who="1" ten="268,211,269,232" step="2"/><V17/><F133/><W34/><G2/><T59/><D75/><U130/><E130/><V105/><F105/><W99/><G34/><T30/><D100/><U97/><E97/><V4/><F32/><W117/><G117/><T124/><D3/><U80/><E80/><V18/><F26/><W51/><G99/><T122/><D93/><U83/><E83/><V106/><F106/><W95/><G82/><T118/><D118/><U6/><E6/><V115/><F4/><W54/><G7/><T43/><D124/><U96/><E96/><V128/><F5/><W41/><G95/><T134/><D134/><U35/><E35/><V64/><F128/><W114/><G94/><T44/><D123/><U111/><E111/><V63/><F63/><W45/><G92/><T47/><D122/><U12/><E12/><V131/><F15/><W104/><G104/><T8/><D113/><U90/><E90/><V1/><F115/><W76/><G89/><T16/><D112/><U103/><E103/><V57/><F131/><W68/><G114/><T70/><D8/><U42/><E42/><V61/><F1/><W19/><G41/><T101/><D10/><U11/><E11/><V29/><F61/><W50/><G24/><T71/><D43/><U120/><E120/><V27/><F27/><RYUUKYOKU ba="1,2" sc="268,-10,211,30,269,-10,232,-10" hai1="25,33,38,40,46,52,56,60,73,78,81,88,91" /><INIT seed="5,2,2,1,3,41" ten="258,241,259,222" oya="1" hai0="1,12,124,30,66,51,109,112,123,68,102,117,52" hai1="19,78,7,6,95,92,132,46,73,49,133,24,113" hai2="45,128,60,100,48,32,87,88,93,10,26,3,39" hai3="2,29,111,103,130,119,4,108,23,63,82,121,77"/><U96/><E113/><V72/><F72/><W83/><G121/><T97/><D109/><U38/><E38/><V106/><F128/><W71/><G119/><T80/><D1/><U61/><E73/><V70/><F39/><W8/><G130/><T76/><D117/><U84/><E61/><V56/><F3/><W14/><G103/><T16/><D30/><U64/><E64/><N who="2" m="41223" /><F10/><W18/><G83/><T31/><D31/><U54/><E78/><V122/><F122/><W94/><G94/><N who="1" m="35882" /><E84/><V47/><F48/><W55/><G29/><T0/><D0/><U90/><E90/><V34/><F34/><W5/><G5/><T21/><D112/><U25/><E96/><N who="2" m="61703" /><F56/><W62/><G62/><T27/><D123/><U107/><E107/><V28/><AGARI ba="2,2" hai="26,28,32,45,47,87,88,93" m="61703,41223" machi="28" ten="30,7900,0" yaku="25,1,52,2,54,1" doraHai="41" who="2" fromWho="2" sc="258,-22,241,-41,259,105,222,-22" /><INIT seed="6,0,0,3,1,114" ten="236,200,364,200" oya="2" hai0="84,1,53,9,10,97,47,25,63,52,81,33,102" hai1="104,65,111,129,73,74,46,43,79,121,86,35,82" hai2="55,118,126,130,13,83,106,96,27,117,18,110,105" hai3="28,42,34,100,57,60,16,94,92,0,12,72,128"/><V77/><F27/><W66/><G72/><T122/><D122/><U76/><E35/><V101/><F55/><W2/><G128/><T127/><D127/><U99/><E65/><V75/><F18/><W68/><G42/><T15/><D1/><U132/><E129/><V71/><F13/><W40/><G40/><T37/><D9/><U98/><E121/><V87/><F71/><W45/><G45/><T62/><D33/><U107/><E111/><V26/><F26/><W24/><G68/><T49/><D25/><U91/><E132/><V95/><F130/><W125/><G125/><T78/><D53/><U14/><E14/><V29/><F29/><W3/><REACH who="3" step="1"/><G100/><REACH who="3" ten="236,200,364,190" step="2"/><T38/><D38/><U21/><E46/><V36/><F126/><W113/><G113/><T4/><REACH who="0" step="1"/><D37/><REACH who="0" ten="226,200,364,190" step="2"/><U11/><E43/><V23/><F36/><W120/><G120/><T56/><D56/><U7/><E11/><AGARI ba="0,2" hai="0,2,3,11,12,16,24,28,34,57,60,66,92,94" machi="11" ten="40,2600,0" yaku="1,1,54,1,53,0" doraHai="114" doraHaiUra="108" who="3" fromWho="1" sc="226,0,200,-26,364,0,190,46" /><INIT seed="7,0,0,0,1,117" ten="226,174,364,236" oya="3" hai0="45,80,53,116,48,91,4,131,100,42,71,105,0" hai1="15,38,108,76,12,129,84,118,106,85,39,52,30" hai2="1,123,21,32,132,31,130,29,134,112,65,96,11" hai3="5,59,47,89,126,135,77,10,28,67,83,92,93"/><W94/><G126/><T61/><D116/><U35/><E118/><V102/><F112/><W82/><G28/><T113/><D131/><U54/><E108/><V60/><F123/><W37/><G135/><N who="2" m="51753" /><F130/><W121/><G121/><T16/><D4/><U24/><E129/><V44/><F32/><W49/><G37/><T114/><D0/><U7/><E106/><N who="2" m="63815" /><F44/><W86/><G59/><T13/><D100/><U66/><E66/><V95/><F95/><W6/><G67/><T62/><D105/><U120/><E120/><V111/><F111/><W97/><G94/><T51/><D71/><U14/><E7/><N who="2" m="1519" /><F21/><W81/><G93/><T36/><D36/><U78/><E38/><V23/><F23/><W115/><G5/><T133/><D133/><U119/><E39/><V127/><F127/><W46/><G46/><N who="0" m="27799" /><D114/><U26/><E119/><V58/><AGARI ba="0,0" hai="29,31,58,60,65" m="1519,63815,51753" machi="58" ten="30,1100,0" yaku="20,1" doraHai="117" who="2" fromWho="2" sc="226,-3,174,-3,364,11,236,-5" owari="223,-18.0,171,-33.0,375,48.0,231,3.0" /></mjloggm>