<mjloggm ver="2.3"><GO type="169" lobby="0"/><UN n0="%E9%BA%BB%E9%9B%80%49%51%31%32%30" n1="%E3%81%8A%E3%81%84%E3%81%AE%E3%82%8A" n2="%50%4F%4E%5A%55" n3="%E3%81%9F%E3%81%8B%E3%81%A3%E3%81%A6%E3%81%83%E3%83%BC" dan="17,16,16,17" rate="2091.87,2129.17,2120.04,2218.51" sx="M,M,M,F"/><TAIKYOKU oya="0"/><INIT seed="0,0,0,4,2,0" ten="250,250,250,250" oya="0" hai0="122,82,50,67,102,43,89,11,103,18,35,21,70" hai1="5,1,52,9,130,15,26,49,134,19,121,126,93" hai2="66,72,128,78,65,58,34,20,113,29,117,80,100" hai3="30,41,27,6,88,85,44,24,131,7,105,90,99"/><T129/><D35/><U17/><E121/><V94/><F34/><W32/><G131/><T87/><D129/><U75/><E130/><V38/><F113/><W132/><G132/><T69/><D122/><U25/><E134/><V101/><F38/><W33/><G105/><T28/><D69/><U118/><E118/><V116/><F128/><W60/><G60/><T56/><D28/><U86/><E75/><V73/><F73/><W13/><G99/><T108/><D70/><U124/><E93/><V59/><F59/><W3/><G3/><T45/><D108/><U55/><E86/><V12/><F12/><W114/><G114/><T109/><D109/><U107/><E107/><V120/><F120/><W39/><G13/><N who="0" m="9423" /><D11/><U96/><E96/><N who="2" m="59415" /><F101/><W91/><G85/><T119/><D119/><N who="2" m="45642" /><F58/><W22/><REACH who="3" step="1"/><G33/><REACH who="3" ten="250,250,250,240" step="2"/><T83/><D83/><U62/><E1/><V51/><F80/><W74/><G74/><T135/><D135/><U123/><E123/><V2/><F2/><W106/><G106/><T71/><D71/><U97/><E97/><V42/><F72/><W112/><G112/><T8/><D87/><U54/><E62/><V14/><F14/><W64/><G64/><T46/><D67/><U47/><E124/><V115/><F66/><W127/><G127/><T110/><D82/><U10/><E126/><V133/><F65/><W79/><G79/><T63/><D63/><U92/><E92/><V40/><F78/><W48/><G48/><T36/><D50/><U61/><E61/><V125/><F133/><W98/><G98/><T53/><D110/><U111/><E111/><RYUUKYOKU ba="0,1" sc="250,-10,250,-10,250,-10,240,30" hai3="6,7,22,24,27,30,32,39,41,44,88,90,91" /><INIT seed="1,1,1,0,0,89" ten="240,240,240,270" oya="1" hai0="85,117,90,19,46,113,1,35,29,95,104,14,55" hai1="72,18,32,118,11,96,7,115,98,135,116,134,111" hai2="70,26,125,121,41,22,43,88,120,44,77,91,130" hai3="69,133,114,79,126,21,60,59,128,12,54,82,31"/><U9/><E72/><V99/><F70/><W102/><G114/><T127/><D1/><U94/><E115/><V112/><F112/><W122/><G122/><T84/><D117/><U87/><E32/><V42/><F44/><W38/><G38/><T61/><D104/><U73/><E73/><V100/><F77/><W62/><G128/><T47/><D127/><U97/><E18/><V53/><F130/><W39/><G39/><T68/><D85/><U3/><E111/><V28/><F125/><W48/><G126/><T66/><D55/><U63/><E63/><V0/><F0/><W16/><G133/><N who="1" m="50698" /><E11/><V52/><F121/><W123/><G123/><T49/><D113/><U57/><E57/><V132/><F132/><W124/><G124/><T25/><REACH who="0" step="1"/><D49/><REACH who="0" ten="230,240,240,270" step="2"/><U119/><E87/><V71/><F120/><W8/><G48/><T80/><D80/><U110/><E110/><V34/><F53/><W6/><G54/><T107/><D107/><U51/><E51/><V109/><F52/><W78/><G82/><T45/><D45/><U20/><E20/><AGARI ba="1,2" hai="14,19,20,25,29,35,46,47,61,66,68,84,90,95" machi="20" ten="30,3900,0" yaku="1,1,7,1,52,1,53,0" doraHai="89" doraHaiUra="93" who="0" fromWho="1" sc="230,62,240,-42,240,0,270,0" /><INIT seed="2,0,0,0,0,80" ten="292,198,240,270" oya="2" hai0="125,134,22,49,13,54,113,30,16,27,112,101,106" hai1="29,79,36,24,46,104,64,69,94,126,61,44,132" hai2="6,60,75,95,103,122,135,78,14,73,124,66,99" hai3="52,76,96,3,31,62,50,63,1,11,37,10,20"/><V116/><F122/><W87/><G37/><T117/><D134/><U53/><E132/><V72/><F116/><W7/><G96/><T123/><D123/><U107/><E126/><V35/><F35/><W32/><G32/><T65/><D125/><U120/><E120/><V48/><F48/><W89/><G76/><T114/><D65/><U98/><E79/><V4/><F135/><W127/><G127/><T133/><D133/><U12/><E12/><V33/><F33/><W26/><G11/><T28/><D117/><U59/><E24/><V102/><F124/><W39/><G1/><T25/><D101/><U128/><E29/><V55/><F55/><W88/><G39/><T92/><D106/><U115/><E115/><V97/><F14/><N who="3" m="5471" /><G89/><T2/><D2/><U110/><E110/><V47/><F78/><W15/><G15/><T9/><D27/><U83/><E83/><V42/><F42/><W38/><G38/><T56/><REACH who="0" step="1"/><D92/><REACH who="0" ten="282,198,240,270" step="2"/><U77/><E107/><V82/><F82/><N who="3" m="49271" /><G3/><T105/><D105/><U68/><E104/><V93/><REACH who="2" step="1"/><F47/><AGARI ba="0,1" hai="20,26,31,47,50,52,62,63" m="49271,5471" machi="47" ten="30,7700,0" yaku="8,1,52,1,54,2" doraHai="80" who="3" fromWho="2" sc="282,0,198,0,240,-77,270,87" /><INIT seed="3,0,0,3,0,99" ten="282,198,163,357" oya="3" hai0="84,39,36,27,92,3,74,7,56,133,91,8,103" hai1="112,12,86,131,71,30,17,14,109,111,60,93,58" hai2="123,21,110,33,76,31,122,13,5,104,48,97,43" hai3="45,126,98,77,61,79,6,11,129,50,28,114,85"/><W75/><G75/><T72/><D133/><U59/><E112/><V82/><F110/><W105/><G114/><T4/><D4/><U38/><E38/><V107/><F33/><W62/><G28/><T44/><D39/><U20/><E131/><V63/><F63/><W1/><G129/><T32/><D36/><U73/><E73/><V132/><F132/><W120/><G120/><T2/><D2/><U47/><E47/><N who="2" m="25727" /><F31/><W124/><G105/><T57/><D44/><U130/><E130/><V29/><F29/><W0/><G98/><T119/><D27/><U102/><E71/><V46/><F46/><W108/><G1/><T49/><D57/><U10/><E86/><N who="2" m="48455" /><F21/><W80/><G79/><T118/><D32/><U34/><E34/><V15/><F15/><W135/><G135/><T26/><D26/><N who="1" m="16711" /><E12/><V128/><F128/><W53/><REACH who="3" step="1"/><G108/><REACH who="3" ten="282,198,163,347" step="2"/><T40/><D74/><U116/><E116/><V115/><F115/><W88/><G88/><T54/><D72/><U95/><E111/><V101/><F107/><W69/><G69/><T125/><D119/><U90/><E109/><V70/><F70/><W87/><G87/><T127/><D118/><U55/><E90/><V35/><F35/><W106/><G106/><T51/><D91/><U64/><E102/><V18/><F123/><W19/><G19/><T22/><D103/><U41/><E41/><V121/><F18/><W94/><G94/><T81/><D92/><U24/><E24/><V83/><F83/><W96/><G96/><T113/><D113/><U52/><E95/><V67/><F122/><W23/><G23/><RYUUKYOKU ba="0,1" sc="282,-10,198,-10,163,-10,347,30" hai3="0,6,11,45,50,53,61,62,77,80,85,124,126" /><INIT seed="3,1,1,1,1,22" ten="272,188,153,377" oya="3" hai0="83,18,104,101,100,91,31,125,71,70,50,119,88" hai1="90,96,108,1,64,14,57,107,34,77,6,30,65" hai2="62,47,129,56,44,10,63,33,120,12,131,118,51" hai3="135,95,8,20,81,48,24,74,78,133,45,21,55"/><W52/><G8/><T26/><D119/><U109/><E1/><V73/><F73/><W27/><G95/><T61/><D125/><U9/><E77/><V11/><F33/><W132/><G20/><T99/><D18/><U102/><E90/><V92/><F118/><W58/><G21/><T126/><D101/><U79/><E79/><V42/><F120/><W115/><G115/><T94/><D126/><U3/><E14/><V113/><F113/><W76/><G76/><T116/><D116/><U68/><E57/><V43/><F92/><W127/><G127/><T32/><D50/><AGARI ba="1,1" hai="24,27,45,48,50,52,55,58,74,78,81,132,133,135" machi="50" ten="40,12000,1" yaku="20,1,52,2,54,1" doraHai="22" who="3" fromWho="0" sc="272,-123,188,0,153,0,377,133" /><INIT seed="3,2,0,4,1,22" ten="149,188,153,510" oya="3" hai0="81,41,67,9,113,24,99,89,66,10,31,61,135" hai1="72,94,29,133,49,65,80,25,93,132,48,54,118" hai2="123,128,52,82,43,4,74,115,88,90,108,42,63" hai3="130,34,30,60,112,38,3,106,117,20,102,131,104"/><W116/><G20/><T87/><D135/><U40/><E118/><V68/><F115/><W8/><G112/><T109/><D113/><U103/><E65/><V111/><F123/><W83/><G83/><T122/><D109/><N who="2" m="42058" /><F4/><N who="3" m="1055" /><G60/><T50/><D67/><U120/><E120/><V28/><F28/><W56/><G56/><T51/><D99/><U58/><E103/><V107/><F107/><N who="3" m="41003" /><G102/><T97/><D97/><U70/><E70/><V5/><F5/><W101/><G101/><T55/><D41/><N who="2" m="15370" /><F68/><W59/><G59/><T100/><D100/><U18/><E18/><V47/><F128/><N who="3" m="49195" /><G38/><T62/><D122/><U76/><E48/><N who="2" m="28703" /><F63/><W33/><G30/><T26/><D31/><U110/><E40/><V27/><F27/><N who="0" m="10282" /><D62/><U12/><E110/><V2/><F2/><W32/><AGARI ba="2,0" hai="32,33,34,116,117" m="49195,41003,1055" machi="32" ten="40,3900,0" yaku="19,1,23,1" doraHai="22" who="3" fromWho="3" sc="149,-15,188,-15,153,-15,510,45" /><INIT seed="3,3,0,2,5,38" ten="134,173,138,555" oya="3" hai0="128,102,109,30,11,91,6,13,49,79,36,84,39" hai1="80,117,70,97,94,93,88,5,9,28,125,24,101" hai2="51,52,74,106,23,65,2,116,42,33,132,73,118" hai3="82,104,81,122,20,57,71,44,78,85,111,56,89"/><W77/><G71/><T60/><D79/><U25/><E125/><V31/><F33/><W92/><G104/><T98/><D128/><U75/><E117/><V96/><F2/><W90/><G122/><T15/><D30/><U114/><E114/><V10/><F65/><W32/><G32/><T1/><D60/><U7/><E70/><V37/><F10/><W72/><G111/><T22/><D109/><U27/><E7/><V133/><F74/><W18/><G44/><T105/><D49/><U17/><E17/><V121/><F73/><W108/><G108/><T21/><D15/><U61/><E61/><V113/><F113/><W4/><G4/><T3/><D3/><U130/><E130/><V68/><F68/><W115/><G115/><T41/><D39/><U45/><E45/><N who="2" m="23759" /><F23/><W129/><G129/><T29/><D29/><U126/><E126/><V124/><F31/><W40/><G40/><T76/><D76/><N who="3" m="29289" /><G72/><T134/><D1/><U58/><E58/><N who="3" m="22634" /><G89/><T107/><D107/><U112/><E112/><V100/><F121/><W131/><G131/><T64/><D64/><U103/><E75/><V135/><F124/><W55/><G55/><T66/><D66/><U63/><E28/><V87/><F87/><W19/><G19/><T86/><D86/><N who="1" m="50247" /><E63/><V8/><F8/><W69/><G69/><T48/><D36/><U127/><E127/><V35/><F35/><W95/><G82/><N who="0" m="49559" /><D22/><U43/><E43/><V16/><F16/><W99/><G99/><T83/><D83/><U12/><E97/><V47/><AGARI ba="3,0" hai="47,51,52,96,100,106,116,118,132,133,135" m="23759" machi="47" ten="30,4000,0" yaku="20,1,52,1,54,1" doraHai="38" who="2" fromWho="2" sc="134,-13,173,-13,138,49,555,-23" /><INIT seed="4,0,0,5,1,88" ten="121,160,187,532" oya="0" hai0="8,118,58,133,40,98,12,83,84,43,90,0,47" hai1="9,78,107,124,65,131,35,73,93,50,68,71,119" hai2="51,18,60,87,26,31,28,121,25,56,24,112,132" hai3="123,30,82,89,122,120,23,59,105,86,102,37,128"/><T44/><D0/><U54/><E107/><V46/><F121/><W92/><G128/><T76/><D118/><U109/><E119/><V77/><F112/><W134/><G134/><T1/><D133/><U42/><E109/><V115/><F115/><W2/><G2/><T4/><D1/><U52/><E35/><V19/><F132/><W34/><G37/><T49/><D58/><U33/><E33/><V135/><F135/><W94/><G34/><T81/><D98/><U67/><E9/><V61/><F77/><W96/><G59/><T48/><REACH who="0" step="1"/><D76/><REACH who="0" ten="111,160,187,532" step="2"/><U85/><E78/><V10/><F56/><W130/><G130/><T22/><D22/><U113/><E131/><V97/><F97/><W27/><AGARI ba="0,1" hai="23,27,30,82,86,89,92,94,96,102,105,120,122,123" machi="27" ten="40,8000,1" yaku="0,1,13,1,52,2" doraHai="88" who="3" fromWho="3" sc="111,-40,160,-20,187,-20,532,90" /><INIT seed="5,0,0,2,4,92" ten="71,140,167,622" oya="1" hai0="81,119,65,30,61,0,69,99,85,38,21,43,112" hai1="63,7,91,40,10,73,67,111,98,4,44,126,77" hai2="97,56,16,128,59,3,2,93,45,14,75,78,46" hai3="25,121,71,27,49,20,117,101,58,88,9,13,5"/><U11/><E126/><V107/><F107/><W115/><G71/><T94/><D0/><U116/><E116/><V84/><F75/><W123/><G117/><T17/><D30/><U66/><E111/><V33/><F33/><W109/><G109/><T108/><D108/><U79/><E73/><V106/><F106/><W15/><G115/><T102/><D112/><U29/><E29/><V12/><F12/><W52/><G101/><T19/><D119/><U89/><E44/><N who="2" m="17003" /><F128/><W22/><G15/><T57/><D38/><U50/><E50/><V64/><F64/><W55/><G55/><T95/><D43/><U18/><E18/><V114/><F2/><W74/><G74/><T6/><D6/><U26/><E26/><V83/><F3/><W37/><G37/><T122/><D122/><U35/><E35/><V48/><F48/><W68/><G68/><T32/><D32/><U120/><E120/><V36/><F36/><W132/><G132/><T113/><D113/><U110/><E110/><V53/><F114/><W129/><G129/><T131/><D131/><U87/><E87/><V41/><F53/><W31/><G88/><N who="0" m="51247" /><D69/><U86/><E86/><V103/><F41/><W134/><G134/><T135/><D135/><U62/><E40/><V51/><F51/><W47/><G47/><T133/><D133/><U124/><E124/><V39/><F39/><W8/><G8/><AGARI ba="0,0" hai="8,14,16,56,59,78,83,84,93,97,103" m="17003" machi="8" ten="30,3900,0" yaku="8,1,52,1,54,1" doraHai="92" who="2" fromWho="3" sc="71,0,140,0,167,39,622,-39" /><INIT seed="6,0,0,2,3,62" ten="71,140,206,583" oya="2" hai0="25,103,55,84,105,49,22,45,94,30,80,109,47" hai1="16,130,57,114,8,117,92,122,102,131,67,119,14" hai2="60,108,34,18,115,6,128,95,41,1,86,104,127" hai3="19,38,135,120,21,61,48,116,111,68,39,107,123"/><V90/><F108/><W97/><G111/><T28/><D105/><U113/><E102/><V13/><F34/><W126/><G116/><N who="1" m="44618" /><E92/><V50/><F104/><W71/><G48/><T70/><D109/><U5/><E57/><V96/><F128/><N who="1" m="49193" /><E67/><V89/><F1/><W42/><G126/><T32/><D70/><U15/><E122/><V0/><F127/><W76/><G76/><T12/><D47/><U77/><E77/><V58/><F0/><W73/><G73/><T20/><D30/><U27/><E27/><V121/><F6/><W54/><G71/><T9/><D94/><U4/><E4/><V59/><F121/><W82/><G68/><T98/><D98/><U63/><E63/><V101/><F101/><W66/><G97/><T78/><REACH who="0" step="1"/><D103/><REACH who="0" ten="61,140,206,583" step="2"/><U29/><E29/><V72/><F96/><W75/><G107/><T2/><D2/><U33/><E33/><V64/><F95/><W88/><G120/><T11/><D11/><AGARI ba="0,1" hai="5,8,11,14,15,16,113,114" m="49193,44618" machi="11" ten="40,8000,1" yaku="19,1,34,2,54,1" doraHai="62" who="1" fromWho="0" sc="61,-80,140,90,206,0,583,0" owari="-19,-52.0,230,3.0,206,-19.0,583,68.0" /></mjloggm>