<mjloggm ver="2.3"><GO type="169" lobby="0"/><UN n0="%E3%81%8B%E3%81%97%E3%81%8B%E3%81%8A" n1="%E4%BF%9D%E7%99%92%E8%BA%AB" n2="%64%6F%6E%63%68%61%6E%33" n3="%E3%83%A2%E3%83%AD%E3%83%98%E3%82%A4%E3%83%A4" dan="16,17,17,16" rate="2110.88,2114.18,2182.23,2077.81" sx="M,M,M,M"/><TAIKYOKU oya="0"/><INIT seed="0,0,0,3,0,129" ten="250,250,250,250" oya="0" hai0="103,73,112,56,4,21,102,12,53,49,29,28,16" hai1="26,55,106,127,64,120,121,54,43,19,132,83,51" hai2="23,76,105,10,8,14,80,42,61,60,2,124,34" hai3="48,79,126,98,71,111,87,7,37,81,77,92,78"/><T0/><D112/><U38/><E106/><V93/><F34/><W128/><G37/><T17/><D73/><U133/><E127/><V75/><F105/><W118/><G71/><T57/><D4/><U104/><E104/><V36/><F124/><W35/><G35/><T66/><D0/><U45/><E83/><V15/><F93/><W31/><G31/><T95/><D17/><U86/><E86/><V131/><F23/><W39/><G39/><T20/><D95/><U65/><E54/><V74/><F74/><W90/><G7/><T88/><D88/><U33/><E33/><V125/><F125/><W11/><G11/><T119/><D119/><U1/><E1/><V94/><F94/><W130/><G126/><T32/><D32/><U24/><E24/><V46/><F131/><N who="3" m="50219" /><G48/><T85/><D85/><U114/><E114/><V47/><F47/><W70/><G70/><T115/><D115/><U68/><E26/><V6/><REACH who="2" step="1"/><F15/><REACH who="2" ten="250,250,240,250" step="2"/><W58/><G118/><T135/><D21/><U69/><E120/><V59/><F59/><W13/><G13/><T108/><D108/><U99/><E121/><V30/><F30/><N who="0" m="11882" /><D135/><N who="1" m="51787" /><E68/><V96/><F96/><W3/><G3/><T123/><D123/><U82/><E69/><V97/><F97/><W116/><G116/><T18/><D18/><AGARI ba="0,1" hai="2,6,8,10,14,18,36,42,46,60,61,75,76,80" machi="18" ten="30,7700,0" yaku="1,1,7,1,25,2,53,0" doraHai="129" doraHaiUra="122" who="2" fromWho="0" sc="250,-77,250,0,240,87,250,0" /><INIT seed="1,0,0,1,2,111" ten="173,250,327,250" oya="1" hai0="7,46,37,69,66,110,20,106,16,31,119,61,10" hai1="2,78,93,3,82,122,44,59,85,40,104,30,132" hai2="43,35,34,41,81,28,36,49,23,83,68,89,8" hai3="51,62,109,123,114,72,57,80,39,135,105,45,33"/><U87/><E122/><V19/><F68/><W67/><G33/><T98/><D119/><U5/><E104/><V50/><F8/><W48/><G105/><T112/><D110/><U91/><E132/><V64/><F64/><W95/><G109/><T108/><D108/><U56/><E30/><V15/><F36/><W127/><G123/><T14/><D31/><U24/><E24/><V70/><F70/><W77/><G39/><T118/><D118/><U11/><REACH who="1" step="1"/><E3/><REACH who="1" ten="173,240,327,250" step="2"/><V86/><F28/><W1/><G1/><T126/><D126/><U107/><E107/><V47/><F34/><W13/><G135/><T90/><D112/><U4/><E4/><V96/><F35/><W100/><G127/><T60/><D106/><U32/><E32/><V88/><F41/><W75/><G114/><T84/><D98/><U71/><E71/><V94/><F50/><AGARI ba="0,1" hai="2,5,11,40,44,50,56,59,78,82,85,87,91,93" machi="50" ten="30,2900,0" yaku="1,1,7,1,53,0" doraHai="111" doraHaiUra="65" who="1" fromWho="2" sc="173,0,240,39,327,-29,250,0" /><INIT seed="1,1,0,3,5,25" ten="173,279,298,250" oya="1" hai0="119,28,51,2,38,126,65,56,49,87,92,66,75" hai1="79,29,127,53,11,22,118,96,114,70,44,10,26" hai2="18,0,123,47,60,16,20,41,31,59,72,33,110" hai3="74,39,129,24,102,62,64,23,6,63,112,84,61"/><U121/><E118/><V85/><F123/><W83/><G74/><T35/><D119/><U12/><E121/><V100/><F72/><W52/><G39/><T32/><D126/><U115/><E70/><V106/><F0/><W130/><G112/><T105/><D75/><U71/><E71/><V13/><F110/><W36/><G36/><T48/><D38/><U21/><E79/><V132/><F132/><W50/><G6/><T88/><D2/><U9/><E96/><V98/><F85/><W101/><G64/><T107/><D56/><U40/><E53/><V89/><F89/><W46/><G130/><T27/><REACH who="0" step="1"/><D35/><REACH who="0" ten="163,279,298,250" step="2"/><N who="1" m="20919" /><E44/><V91/><F33/><W69/><G69/><T128/><D128/><U135/><E127/><V95/><F59/><W67/><G129/><T90/><D90/><U80/><E135/><V58/><F91/><N who="3" m="51615" /><G67/><AGARI ba="1,1" hai="27,28,32,48,49,51,65,66,67,87,88,92,105,107" machi="67" ten="40,5200,0" yaku="1,1,52,1,54,1,53,0" doraHai="25" doraHaiUra="55" who="0" fromWho="3" sc="163,65,279,0,298,0,250,-55" /><INIT seed="2,0,0,1,0,100" ten="228,279,298,195" oya="2" hai0="134,7,20,57,102,112,104,35,40,29,45,93,103" hai1="30,26,1,95,59,19,83,56,36,58,37,113,14" hai2="107,97,119,33,78,118,98,82,117,39,74,105,89" hai3="87,80,10,81,0,63,5,44,68,31,61,71,66"/><V79/><F33/><W6/><G31/><T60/><D112/><U130/><E113/><V28/><F39/><W69/><G5/><T77/><D134/><U125/><E1/><V51/><F28/><W108/><G108/><T34/><D7/><U120/><E125/><V110/><F51/><W18/><G18/><T52/><D77/><N who="2" m="29194" /><F110/><W114/><G114/><T121/><D121/><U9/><E120/><V124/><F124/><W24/><G24/><T42/><D42/><U128/><E83/><V49/><F49/><W8/><G8/><T64/><D64/><U99/><E37/><V16/><F16/><W73/><G73/><T65/><D65/><U50/><E50/><V132/><F132/><W115/><G115/><T13/><D35/><U67/><E36/><V25/><F25/><W86/><G44/><T76/><D76/><U94/><E67/><V129/><F129/><N who="1" m="49769" /><E99/><N who="2" m="37899" /><F74/><W72/><G72/><T53/><D34/><AGARI ba="0,0" hai="9,14,19,26,30,34,56,58,59,94,95" m="49769" machi="34" ten="30,1000,0" yaku="19,1" doraHai="100" who="1" fromWho="0" sc="228,-10,279,10,298,0,195,0" /><INIT seed="3,0,0,0,4,91" ten="218,289,298,195" oya="3" hai0="128,90,14,127,74,87,52,44,121,73,119,111,9" hai1="32,27,11,39,46,75,135,10,108,54,26,134,30" hai2="18,115,89,84,109,71,63,61,43,98,86,103,106" hai3="79,31,8,69,131,99,82,59,37,123,56,118,105"/><W58/><G69/><T23/><D119/><U83/><E27/><V122/><F115/><W129/><G37/><T12/><D121/><U49/><E39/><V22/><F122/><W0/><G123/><T15/><D111/><U55/><E55/><V107/><F109/><W35/><G118/><T33/><D33/><U62/><E108/><V65/><F43/><W47/><G47/><T97/><D128/><U80/><E62/><V28/><F28/><W94/><G105/><T113/><D113/><U124/><E124/><V88/><F63/><W93/><G0/><T29/><D127/><U57/><E57/><V50/><F50/><W114/><G8/><N who="1" m="3114" /><E75/><V100/><F106/><W70/><G70/><T78/><D74/><U24/><E24/><V116/><F116/><W51/><G51/><N who="0" m="28775" /><D73/><U92/><E92/><N who="3" m="35434" /><G99/><T130/><D97/><U60/><E60/><V72/><F72/><W81/><G79/><T17/><D130/><N who="3" m="49673" /><G114/><T120/><D78/><U3/><E3/><V16/><F107/><W125/><G125/><T96/><D96/><U20/><E80/><N who="3" m="30826" /><G31/><T38/><D38/><U104/><E104/><V110/><F110/><W34/><AGARI ba="0,0" hai="34,35,56,58,59" m="30826,49673,35434" machi="34" ten="40,18000,2" yaku="28,2,19,1,52,3" doraHai="91" who="3" fromWho="3" sc="218,-60,289,-60,298,-60,195,180" /><INIT seed="3,1,0,2,5,48" ten="158,229,238,375" oya="3" hai0="77,68,18,2,59,94,12,130,105,98,54,122,55" hai1="52,44,81,28,33,39,115,79,30,129,25,27,107" hai2="86,45,88,126,46,65,8,124,76,64,131,62,20" hai3="53,104,23,73,114,29,67,16,119,128,69,13,4"/><W121/><G104/><T72/><D122/><U110/><E115/><V10/><F76/><W19/><G73/><T96/><D130/><U112/><E112/><V35/><F35/><W111/><G114/><T134/><D134/><U117/><E107/><V99/><F99/><W84/><G121/><T132/><D132/><U32/><E129/><V101/><F101/><W113/><G113/><T5/><D68/><U108/><E117/><V36/><F20/><W17/><G128/><T60/><D2/><U82/><E39/><V106/><F106/><W95/><G69/><T9/><D72/><U38/><E38/><V42/><F45/><W92/><G67/><N who="0" m="39327" /><D105/><U43/><E43/><V90/><F131/><W7/><G119/><T57/><D77/><U127/><E127/><N who="2" m="48683" /><F90/><N who="3" m="53319" /><G111/><N who="1" m="42538" /><E79/><V34/><F34/><W1/><G1/><T40/><D40/><U70/><E70/><N who="2" m="42263" /><F65/><W14/><G29/><T15/><D57/><U58/><E44/><V71/><F71/><W135/><G135/><T56/><D56/><U31/><E31/><V11/><F11/><N who="3" m="6239" /><G95/><AGARI ba="1,0" hai="8,10,36,42,46,86,88,95" m="42263,48683" machi="95" ten="30,2000,0" yaku="18,1,54,1" doraHai="48" who="2" fromWho="3" sc="158,0,229,0,238,23,375,-23" /><INIT seed="4,0,0,0,2,134" ten="158,229,261,352" oya="0" hai0="27,135,42,23,11,123,85,91,82,24,47,120,56" hai1="39,28,83,110,50,78,61,77,2,90,87,117,122" hai2="96,103,3,34,81,31,100,94,119,106,46,89,129" hai3="48,51,72,38,58,15,17,95,76,113,25,32,55"/><T57/><D135/><U4/><E39/><V59/><F3/><W7/><G38/><T73/><D73/><U109/><E28/><V65/><F129/><W6/><G113/><T97/><D11/><U63/><E2/><V52/><F119/><W5/><G76/><T26/><D23/><U66/><E4/><V41/><F65/><W133/><G72/><T35/><D35/><U75/><E117/><V130/><F130/><W40/><G133/><T29/><D29/><U132/><E122/><V53/><F81/><W22/><G32/><T13/><D13/><U36/><E36/><V98/><F89/><W105/><G105/><T111/><D111/><U37/><E37/><V21/><F34/><W67/><G67/><T126/><D126/><U70/><E78/><V125/><F125/><W10/><G95/><N who="0" m="56575" /><D123/><U128/><E128/><V8/><F8/><W12/><G12/><T71/><D71/><U60/><E132/><V33/><F33/><W68/><G68/><T30/><D30/><U101/><E101/><V69/><F69/><W44/><AGARI ba="0,0" hai="5,6,7,10,15,17,22,25,40,44,48,51,55,58" machi="44" ten="30,2000,0" yaku="0,1,8,1" doraHai="134" who="3" fromWho="3" sc="158,-10,229,-5,261,-5,352,20" /><INIT seed="5,0,0,3,0,57" ten="148,224,256,372" oya="1" hai0="9,41,44,114,67,22,109,115,130,10,71,116,110" hai1="46,93,21,14,3,96,117,35,112,113,45,15,102" hai2="53,65,126,88,124,5,24,97,92,74,90,61,7" hai3="36,33,129,37,48,29,38,4,64,11,104,95,123"/><U94/><E35/><V18/><F74/><W60/><G104/><T59/><D22/><U118/><E21/><N who="2" m="13367" /><F90/><W86/><G123/><T25/><D25/><U30/><E30/><V63/><F53/><W31/><G129/><T56/><D9/><U50/><E3/><V13/><F65/><W78/><G48/><N who="0" m="26639" /><D10/><U73/><E73/><V28/><F28/><W54/><G54/><T34/><D34/><U120/><E120/><V47/><F47/><N who="1" m="17929" /><E50/><V98/><F98/><W83/><G95/><N who="1" m="36362" /><E96/><V81/><F81/><W27/><G31/><T42/><D42/><U70/><E70/><V79/><F79/><W26/><G26/><T62/><D116/><N who="1" m="44651" /><E102/><V6/><F13/><AGARI ba="0,0" hai="13,14,15,112,113" m="44651,36362,17929" machi="13" ten="40,3900,0" yaku="28,2" doraHai="57" who="1" fromWho="2" sc="148,0,224,39,256,-39,372,0" /><INIT seed="5,1,0,2,4,124" ten="148,263,217,372" oya="1" hai0="1,106,43,125,73,108,61,86,29,84,10,119,83" hai1="15,117,14,76,7,34,111,45,89,107,112,65,46" hai2="26,82,6,17,30,16,56,3,9,130,95,126,94" hai3="4,91,75,121,92,103,113,64,120,77,32,114,57"/><U22/><E117/><V97/><F126/><W66/><G32/><T69/><D125/><U71/><E34/><V49/><F130/><W96/><G4/><T90/><D119/><U115/><E107/><V104/><F82/><N who="3" m="45375" /><G57/><T12/><D108/><U63/><E111/><V123/><F123/><N who="3" m="47179" /><G64/><T11/><D106/><U40/><E76/><V99/><F104/><N who="3" m="63591" /><G66/><T93/><D73/><U25/><E89/><V13/><F49/><W59/><G59/><T58/><D69/><U134/><E45/><V27/><F56/><W98/><AGARI ba="1,0" hai="91,92,98,113,114" m="63591,47179,45375" machi="98" ten="30,2000,0" yaku="34,2" doraHai="124" who="3" fromWho="3" sc="148,-6,263,-11,217,-6,372,23" /><INIT seed="6,0,0,5,4,8" ten="142,252,211,395" oya="2" hai0="9,86,15,135,29,50,57,42,93,74,32,123,41" hai1="90,92,112,73,88,84,67,128,106,12,55,111,59" hai2="70,100,40,79,109,96,25,48,114,105,94,80,17" hai3="118,121,95,61,43,119,37,85,44,116,49,54,27"/><V134/><F70/><W124/><G121/><T66/><D135/><U2/><E2/><V120/><F120/><W0/><G0/><T131/><D131/><U3/><E3/><V78/><F114/><W46/><G27/><T110/><D110/><U56/><E111/><V53/><F134/><W102/><G102/><T31/><D123/><U132/><E73/><V122/><F122/><W34/><G95/><T87/><D74/><U47/><E106/><V115/><F115/><W52/><G85/><T60/><D32/><U89/><E132/><V16/><F109/><W107/><G34/><T14/><D9/><U30/><E128/><V82/><F40/><N who="0" m="15466" /><D50/><N who="1" m="29151" /><E30/><N who="0" m="11273" /><D86/><U28/><E28/><V75/><F105/><W7/><G7/><T129/><D129/><U130/><E112/><V63/><F63/><W39/><G107/><T36/><D36/><U22/><E84/><V125/><F125/><W126/><G37/><T33/><D33/><U72/><E72/><V4/><F4/><W35/><G35/><T23/><D23/><U1/><E1/><V104/><F104/><W62/><G54/><T71/><D71/><U65/><E130/><V26/><F75/><W58/><G46/><T83/><D93/><U10/><E92/><V68/><F68/><W6/><G6/><T77/><AGARI ba="0,0" hai="14,15,57,60,66,77,83,87" m="11273,15466" machi="77" ten="30,4000,0" yaku="8,1,52,2" doraHai="8" who="0" fromWho="0" sc="142,40,252,-10,211,-20,395,-10" /><INIT seed="7,0,0,1,1,103" ten="182,242,191,385" oya="3" hai0="77,30,16,116,1,76,51,43,114,130,8,29,12" hai1="83,46,97,98,104,50,69,88,52,107,23,40,126" hai2="100,24,70,13,134,34,4,122,90,18,2,7,44" hai3="135,17,94,106,113,117,91,19,15,14,110,115,42"/><W25/><G106/><T121/><D121/><U79/><E69/><V95/><F70/><W93/><G25/><T54/><D116/><U58/><E97/><N who="2" m="59455" /><F2/><W81/><G81/><T33/><D130/><U28/><E126/><V96/><F122/><W67/><G67/><T36/><D114/><U61/><E28/><N who="0" m="10857" /><D36/><U59/><E23/><N who="2" m="13431" /><F34/><W86/><G42/><T109/><D33/><U120/><E120/><V75/><F75/><W62/><G62/><T118/><D1/><U85/><E98/><V111/><F111/><W60/><G60/><T64/><D109/><U48/><E79/><N who="0" m="30281" /><D118/><U41/><E41/><V55/><F134/><W66/><G66/><AGARI ba="0,0" hai="40,46,48,50,52,58,59,61,66,83,85,88,104,107" machi="66" ten="30,8000,1" yaku="7,1,52,2,54,2" doraHai="103" who="1" fromWho="3" sc="182,0,242,80,191,0,385,-80" owari="182,-32.0,322,42.0,191,-21.0,305,11.0" /></mjloggm>