<mjloggm ver="2.3"><GO type="169" lobby="0"/><UN n0="%E3%82%A2%E3%83%AB%E4%B8%AD%40%E3%83%86%E3%83%B3%E3%83%91" n1="%E3%81%AF%E3%82%8B%E3%81%AB%E3%82%83%E3%82%80" n2="%E3%81%8D%E3%81%BF%E3%81%A9%E3%82%8A%E3%82%93" n3="%E6%AD%8C%E8%88%9E%E4%BC%8E%E5%90%9B" dan="17,16,17,16" rate="2187.66,2104.53,2177.68,2097.34" sx="M,M,F,M"/><TAIKYOKU oya="0"/><INIT seed="0,0,0,0,2,88" ten="250,250,250,250" oya="0" hai0="15,0,114,55,22,71,49,40,26,64,111,62,108" hai1="82,23,76,125,124,90,18,5,126,74,112,53,58" hai2="3,39,91,115,84,104,6,68,46,66,50,42,105" hai3="85,135,60,78,16,73,61,102,101,8,130,44,86"/><T107/><D114/><U103/><E112/><V122/><F122/><W131/><G73/><T36/><D0/><U7/><E103/><N who="3" m="39434" /><G135/><T56/><D107/><U100/><E100/><V119/><F119/><W116/><G116/><T81/><D15/><U4/><E90/><V121/><F121/><W77/><G44/><N who="0" m="23559" /><D81/><U24/><REACH who="1" step="1"/><E4/><REACH who="1" ten="250,240,250,250" step="2"/><V118/><F115/><W120/><G120/><T87/><D87/><N who="3" m="33289" /><G130/><T19/><AGARI ba="0,1" hai="19,22,26,49,55,56,62,64,71,108,111" m="23559" machi="19" ten="30,1500,0" yaku="24,1" doraHai="88" who="0" fromWho="0" sc="250,25,240,-5,250,-5,250,-5" /><INIT seed="0,1,0,3,5,11" ten="275,235,245,245" oya="0" hai0="102,21,73,48,5,41,99,29,98,0,2,65,22" hai1="20,35,81,126,115,134,116,101,37,70,42,90,86" hai2="66,76,12,61,135,125,30,62,88,50,123,15,45" hai3="130,77,85,23,46,67,53,91,31,4,132,120,133"/><T95/><D73/><U1/><E35/><V49/><F123/><W117/><G117/><T72/><D72/><U69/><E116/><V107/><F76/><W16/><G77/><T6/><D41/><U82/><E1/><V9/><F107/><W14/><G120/><T104/><D48/><U39/><E126/><V87/><F125/><W128/><G67/><T17/><D65/><U74/><E101/><V8/><F30/><W56/><G46/><T93/><D104/><U60/><E134/><N who="3" m="51818" /><G31/><T19/><REACH who="0" step="1"/><D29/><REACH who="0" ten="265,235,245,245" step="2"/><U124/><E42/><N who="2" m="24759" /><F135/><W68/><G68/><T105/><D105/><U33/><E69/><V111/><F50/><N who="3" m="30775" /><G4/><T106/><D106/><U113/><E124/><V64/><F64/><W112/><G112/><T119/><D119/><U13/><E70/><V129/><F66/><W40/><G40/><T109/><D109/><U121/><E115/><V118/><F111/><W84/><G84/><T58/><D58/><U25/><E113/><V59/><F59/><W18/><G18/><T44/><D44/><U36/><E121/><V28/><F28/><W75/><G75/><T43/><D43/><U80/><E74/><V10/><F118/><W83/><AGARI ba="1,1" hai="14,16,23,83,85,91,128,130" m="30775,51818" machi="83" ten="30,4000,0" yaku="20,1,52,1,54,1" doraHai="11" who="3" fromWho="3" sc="265,-21,235,-11,245,-11,245,53" /><INIT seed="1,0,0,2,4,80" ten="244,224,234,298" oya="1" hai0="86,19,135,83,33,31,18,120,26,58,60,48,90" hai1="122,13,53,98,67,32,131,42,123,3,117,89,113" hai2="97,45,73,55,7,68,61,65,66,23,115,74,132" hai3="82,5,75,78,70,1,8,93,38,79,56,104,127"/><U87/><E3/><V37/><F132/><W72/><G104/><T108/><D108/><U49/><E117/><V95/><F66/><W126/><G70/><T59/><D135/><U28/><E113/><V109/><F109/><W94/><G38/><T16/><D120/><U47/><E131/><V69/><F69/><W36/><G36/><T110/><D110/><U88/><E67/><V102/><F115/><W106/><G106/><T130/><D130/><U35/><E42/><V2/><F23/><W9/><G56/><T24/><D24/><U46/><E13/><V50/><F7/><W29/><G29/><T39/><D39/><U77/><E77/><V25/><F25/><W100/><G100/><T14/><D48/><U92/><E46/><V99/><F2/><W54/><G54/><T118/><D59/><U64/><E64/><V121/><F121/><W96/><G96/><T84/><D84/><U105/><E105/><V20/><F99/><W22/><G22/><T85/><D85/><U6/><E6/><V81/><F20/><W91/><G91/><T15/><REACH who="0" step="1"/><D118/><REACH who="0" ten="234,224,234,298" step="2"/><U71/><E71/><V40/><F81/><N who="3" m="45255" /><G127/><T30/><D30/><U4/><E28/><V44/><AGARI ba="0,1" hai="37,40,44,45,50,55,61,65,68,73,74,95,97,102" machi="44" ten="20,1500,0" yaku="0,1,7,1" doraHai="80" who="2" fromWho="2" sc="234,-4,224,-7,234,25,298,-4" /><INIT seed="2,0,0,1,5,1" ten="230,217,259,294" oya="2" hai0="33,54,56,77,2,65,87,41,49,116,48,7,67" hai1="3,107,28,114,123,44,20,95,66,79,122,83,5" hai2="111,99,85,81,47,74,91,90,63,75,32,23,26" hai3="61,106,102,76,128,68,89,117,134,118,30,17,72"/><V64/><F32/><W133/><G30/><T21/><D33/><U31/><E107/><V96/><F111/><W60/><G128/><T124/><D124/><U103/><E114/><V6/><F47/><W92/><G17/><T18/><D116/><N who="3" m="44649" /><G68/><T10/><D77/><U40/><E66/><V121/><F121/><N who="1" m="46089" /><E20/><V93/><F96/><N who="3" m="61767" /><G60/><T84/><D67/><U130/><E130/><V125/><F125/><W115/><G61/><T42/><D65/><U9/><E95/><V29/><REACH who="2" step="1"/><F6/><REACH who="2" ten="230,217,249,294" step="2"/><W25/><G115/><T0/><D0/><U126/><E126/><V34/><F34/><W104/><G104/><T37/><D37/><N who="1" m="21519" /><E103/><V45/><F45/><W62/><G134/><T98/><D41/><U88/><E88/><V16/><F16/><W82/><G133/><T78/><D98/><U129/><E129/><V57/><AGARI ba="0,1" hai="23,26,29,57,63,64,74,75,81,85,90,91,93,99" machi="57" ten="20,3900,0" yaku="1,1,0,1,7,1,53,0" doraHai="1" doraHaiUra="119" who="2" fromWho="2" sc="230,-13,217,-13,249,49,294,-13" /><INIT seed="2,1,0,0,0,18" ten="217,204,298,281" oya="2" hai0="81,133,130,106,55,16,74,85,67,132,51,44,95" hai1="108,9,84,15,10,1,28,46,32,20,125,31,12" hai2="105,59,38,48,58,24,113,117,123,100,131,114,66" hai3="17,40,110,56,34,69,77,39,78,90,60,80,30"/><V102/><F117/><W76/><G110/><T119/><D106/><U75/><E75/><V96/><F123/><W107/><G107/><T122/><D122/><U104/><E104/><V3/><F38/><W57/><G69/><T0/><D0/><U65/><E108/><V8/><F131/><W72/><G90/><T70/><D130/><U14/><E65/><V109/><F102/><W98/><G98/><T5/><D5/><N who="1" m="1199" /><E46/><V120/><F120/><W53/><G30/><N who="1" m="11306" /><E84/><V93/><F109/><W134/><G34/><T126/><D74/><U42/><E42/><V97/><F24/><W87/><G134/><T128/><D67/><U129/><E129/><V71/><F71/><W116/><G116/><T52/><D119/><U7/><E125/><V86/><F86/><W13/><G72/><T47/><D70/><U89/><E89/><V88/><F59/><N who="3" m="34927" /><G40/><T27/><D95/><U115/><E115/><V111/><F111/><W63/><G39/><T2/><D128/><U112/><E112/><V91/><F91/><N who="3" m="51687" /><G63/><T101/><D101/><U62/><E62/><V121/><F121/><W43/><G43/><T50/><D126/><U83/><E83/><V103/><F103/><W23/><AGARI ba="1,0" hai="13,17,23,56,57,76,77,78" m="51687,34927" machi="23" ten="30,2000,0" yaku="8,1,52,1" doraHai="18" who="3" fromWho="3" sc="217,-6,204,-6,298,-11,281,23" /><INIT seed="3,0,0,1,4,36" ten="211,198,287,304" oya="3" hai0="17,98,126,115,8,90,129,32,50,43,26,127,87" hai1="100,18,6,44,121,95,116,123,88,82,9,56,14" hai2="13,108,112,131,96,62,4,1,134,41,85,107,65" hai3="10,71,12,69,125,74,31,101,16,105,63,77,39"/><W47/><G125/><T135/><D115/><U122/><E116/><V81/><F108/><W119/><G119/><T68/><D68/><U76/><E100/><V93/><F112/><W33/><G77/><T75/><D75/><U46/><E56/><V102/><F134/><W70/><G74/><T118/><D118/><U113/><E113/><V133/><F131/><W22/><G33/><T37/><D37/><U79/><E6/><V30/><F1/><W58/><G105/><T57/><D98/><U21/><E21/><V34/><F133/><W83/><G101/><T25/><D129/><U104/><E104/><V59/><F107/><W117/><G83/><T48/><D48/><U0/><E0/><V28/><F34/><W103/><G103/><T3/><D57/><U38/><E38/><V99/><F99/><W20/><G117/><T5/><D17/><U86/><REACH who="1" step="1"/><E79/><REACH who="1" ten="211,188,287,304" step="2"/><V92/><F4/><W23/><G31/><T67/><D135/><U7/><E7/><V106/><F106/><W114/><G114/><T54/><D32/><U72/><AGARI ba="0,1" hai="9,14,18,44,46,72,76,82,86,88,95,121,122,123" machi="72" ten="30,4000,0" yaku="1,1,0,1,54,1,53,0" doraHai="36" doraHaiUra="52" who="1" fromWho="1" sc="211,-10,188,50,287,-10,304,-20" /><INIT seed="4,0,0,2,5,4" ten="201,238,277,284" oya="0" hai0="66,120,109,64,107,128,100,74,43,131,25,48,60" hai1="31,78,95,99,110,37,125,132,117,113,124,16,86" hai2="44,82,67,121,18,58,42,71,118,11,19,2,76" hai3="9,65,17,41,116,33,0,36,30,94,47,84,87"/><T59/><D74/><U56/><E117/><V80/><F121/><W49/><G116/><T3/><D120/><U130/><E110/><V123/><F71/><W35/><G65/><N who="0" m="39071" /><D3/><U63/><E37/><N who="2" m="21583" /><F82/><W26/><G35/><T112/><D107/><U133/><E31/><V135/><F123/><W114/><G114/><T72/><D72/><U73/><E73/><N who="2" m="43023" /><F135/><N who="1" m="51785" /><E113/><V8/><F8/><W45/><G94/><T81/><D81/><N who="1" m="47415" /><E16/><V50/><F118/><W97/><G97/><T122/><D122/><U88/><E130/><N who="0" m="49705" /><D112/><U75/><E75/><V14/><F14/><W53/><REACH who="3" step="1"/><G0/><REACH who="3" ten="201,238,277,274" step="2"/><T62/><D109/><U5/><E99/><V40/><F67/><W15/><AGARI ba="0,1" hai="9,15,17,26,30,33,36,41,45,47,49,53,84,87" machi="15" ten="30,7900,0" yaku="1,1,2,1,0,1,52,1,53,0" doraHai="4" doraHaiUra="90" who="3" fromWho="3" sc="201,-39,238,-20,277,-20,274,89" /><INIT seed="5,0,0,1,2,32" ten="162,218,257,363" oya="1" hai0="3,134,78,67,21,72,130,27,53,42,101,118,4" hai1="116,58,89,45,124,46,9,110,59,54,107,26,2" hai2="68,6,108,75,84,113,114,38,51,44,103,63,106" hai3="60,131,30,105,79,66,23,80,85,57,55,73,86"/><U12/><E116/><V90/><F108/><W135/><G105/><T126/><D118/><U65/><E110/><V28/><F75/><W112/><G112/><N who="2" m="43113" /><F28/><W39/><G39/><T29/><D126/><U122/><E122/><V117/><F106/><W111/><G111/><T109/><D109/><U62/><E124/><V74/><F74/><W132/><G131/><T76/><D130/><U35/><E2/><V115/><F103/><W22/><G85/><T36/><D134/><N who="3" m="51241" /><G30/><T127/><D127/><U94/><E26/><V48/><F117/><W15/><G15/><T96/><D53/><U82/><E35/><V43/><N who="2" m="43121" /><V52/><DORA hai="41" /><F6/><W88/><G55/><T11/><D67/><U34/><E34/><V71/><F63/><W92/><AGARI ba="0,0" hai="22,23,57,60,66,73,79,80,86,88,92" m="51241" machi="92" ten="30,2000,0" yaku="20,1,54,1" doraHai="32,41" who="3" fromWho="3" sc="162,-5,218,-10,257,-5,363,20" /><INIT seed="6,0,0,5,3,97" ten="157,208,252,383" oya="2" hai0="25,99,3,117,106,60,48,44,45,57,125,92,37" hai1="103,41,65,14,73,130,12,108,111,81,42,39,94" hai2="66,131,72,71,127,123,33,19,132,76,87,21,68" hai3="135,86,2,110,35,113,128,27,61,115,83,8,112"/><V95/><F123/><W124/><G110/><T7/><D125/><U58/><E130/><V67/><F33/><W78/><G124/><T23/><D117/><U126/><E126/><V20/><F127/><W75/><G128/><T104/><D37/><U24/><E24/><V107/><F107/><W70/><G135/><T116/><D116/><U118/><E118/><V84/><F132/><W29/><G86/><T10/><D45/><U1/><E1/><V63/><F72/><W98/><G98/><T5/><D5/><U49/><E39/><V9/><F9/><W34/><G34/><T90/><D48/><U96/><E73/><V88/><F131/><W6/><G61/><T105/><D44/><N who="1" m="25743" /><E42/><V43/><F43/><W18/><G18/><T17/><REACH who="0" step="1"/><D105/><REACH who="0" ten="147,208,252,383" step="2"/><U101/><E111/><V0/><F63/><W80/><G115/><T32/><D32/><U56/><E108/><V36/><F36/><W47/><G35/><T30/><D30/><U38/><E38/><V16/><F0/><W102/><G2/><T54/><AGARI ba="0,1" hai="3,7,10,17,23,25,54,57,60,90,92,99,104,106" machi="54" ten="20,12000,2" yaku="1,1,0,1,7,1,25,2,53,1" doraHai="97" doraHaiUra="53" who="0" fromWho="0" sc="147,130,208,-30,252,-60,383,-30" /><INIT seed="7,0,0,2,4,65" ten="277,178,192,353" oya="3" hai0="78,115,41,28,133,46,127,86,72,47,11,7,43" hai1="63,24,58,60,16,39,51,42,55,10,94,62,80" hai2="30,83,118,91,97,56,64,134,92,50,90,23,14" hai3="44,117,96,45,9,74,126,73,95,116,26,113,59"/><W123/><G123/><T53/><D133/><U79/><E39/><V81/><F118/><W103/><G59/><T66/><D28/><U29/><E94/><N who="2" m="56535" /><F134/><W15/><G26/><T33/><D33/><U21/><E42/><V70/><F70/><W20/><G20/><T1/><D127/><U19/><REACH who="1" step="1"/><E10/><REACH who="1" ten="277,168,192,353" step="2"/><V38/><F38/><W99/><G9/><T128/><D41/><U122/><E122/><V98/><F30/><W107/><G116/><T121/><D43/><U132/><E132/><V135/><F135/><W69/><G117/><T37/><D121/><U0/><E0/><V40/><F40/><W8/><G95/><T120/><D11/><U27/><E27/><V87/><F98/><W12/><G96/><T31/><D1/><U114/><E114/><V129/><F129/><W67/><G99/><T88/><D115/><U75/><AGARI ba="0,1" hai="16,19,21,24,29,51,55,58,60,62,63,75,79,80" machi="75" ten="30,4000,0" yaku="1,1,0,1,54,1,53,0" doraHai="65" doraHaiUra="3" who="1" fromWho="1" sc="277,-10,168,50,192,-10,353,-20" owari="267,7.0,218,-18.0,182,-32.0,333,43.0" /></mjloggm>