<mjloggm ver="2.3"><GO type="169" lobby="0"/><UN n0="%EF%BC%93%E7%95%AA%E3%82%B7%E3%83%A7%E3%83%BC%E3%83%88%E5%9D%82%E7%94%B0" n1="%E5%8F%A4%E6%B8%85%E6%B0%B4%E6%80%9C" n2="%4B%57" n3="%45%7A%61%6B%69" dan="17,17,16,16" rate="2174.70,2120.98,2040.24,2117.94" sx="M,F,M,M"/><TAIKYOKU oya="0"/><INIT seed="0,0,0,4,0,134" ten="250,250,250,250" oya="0" hai0="132,114,20,42,95,107,115,7,44,80,63,99,120" hai1="74,66,34,88,38,89,105,69,6,77,78,55,13" hai2="91,2,58,54,130,124,14,126,1,131,93,36,29" hai3="61,82,56,109,118,50,81,30,3,53,84,33,86"/><T125/><D120/><U106/><E34/><V73/><F36/><W47/><G3/><N who="2" m="1033" /><F73/><W100/><G109/><T71/><D132/><U129/><E38/><V128/><F14/><W90/><G118/><T32/><D32/><U108/><E69/><V133/><F29/><W17/><G100/><T87/><D107/><U94/><E66/><V111/><F111/><W40/><G33/><T10/><D20/><U0/><E0/><V85/><F133/><W59/><G30/><T103/><D71/><U122/><E122/><V121/><F121/><W45/><G59/><T4/><D63/><AGARI ba="0,0" hai="54,58,63,85,91,93,124,126,128,130,131" m="1033" machi="63" ten="40,5200,0" yaku="19,1,52,2" doraHai="134" who="2" fromWho="0" sc="250,-52,250,0,250,52,250,0" /><INIT seed="1,0,0,3,0,82" ten="198,250,302,250" oya="1" hai0="3,97,135,124,58,24,105,119,67,89,84,122,1" hai1="131,33,102,8,18,71,20,128,50,117,57,120,14" hai2="61,69,77,106,111,37,21,83,60,26,31,22,78" hai3="123,62,88,7,51,108,133,56,121,80,25,27,70"/><U72/><E72/><V94/><F106/><W17/><G108/><T48/><D119/><U40/><E71/><V46/><F111/><W81/><G70/><T38/><D38/><U23/><E102/><V115/><F115/><W45/><G133/><T104/><D135/><U101/><E101/><V55/><F94/><W93/><G7/><T0/><D124/><U100/><E100/><V63/><F77/><W126/><G126/><T43/><D122/><U129/><E120/><V42/><F21/><N who="3" m="13487" /><G27/><T92/><D24/><U35/><E57/><V107/><F107/><W6/><G6/><T116/><D116/><U125/><E50/><V134/><F134/><W2/><G2/><T113/><D113/><U47/><E47/><V11/><F11/><W44/><G123/><T85/><D105/><U53/><E53/><V95/><F95/><W66/><G44/><T12/><D104/><U16/><E40/><V28/><F69/><W87/><G121/><T118/><D118/><U114/><E117/><V19/><REACH who="2" step="1"/><F55/><AGARI ba="0,0" hai="45,51,55,56,62,66,80,81,87,88,93" m="13487" machi="55" ten="30,3900,0" yaku="8,1,52,1,54,1" doraHai="82" who="3" fromWho="2" sc="198,0,250,0,302,-39,250,39" /><INIT seed="2,0,0,0,0,116" ten="198,250,263,289" oya="2" hai0="131,72,60,90,57,27,14,59,53,127,5,118,63" hai1="61,106,92,56,11,129,44,104,100,21,1,55,88" hai2="83,128,102,97,78,69,113,133,33,25,134,98,23" hai3="9,108,79,123,80,105,71,31,94,93,34,74,41"/><V67/><F113/><W45/><G105/><T111/><D131/><U20/><E129/><V86/><F33/><W73/><G71/><T12/><D111/><U32/><E32/><V115/><F115/><W112/><G112/><T132/><D132/><N who="2" m="50794" /><F128/><W58/><G108/><T39/><D127/><U29/><E100/><V48/><F48/><W3/><G73/><T19/><D39/><U47/><E104/><V85/><F85/><W40/><G58/><T4/><D72/><U46/><E106/><V42/><F42/><W8/><G34/><T114/><D118/><U65/><E1/><V75/><F75/><W10/><G31/><T126/><D126/><U62/><E29/><N who="2" m="17599" /><F102/><W17/><G3/><T89/><D114/><U96/><REACH who="1" step="1"/><E11/><REACH who="1" ten="198,240,263,289" step="2"/><V13/><F13/><W81/><G10/><T84/><D14/><U110/><E110/><V16/><F16/><W24/><G9/><T0/><D0/><U7/><E7/><V18/><F18/><W101/><G8/><T35/><D5/><U125/><E125/><V2/><F2/><W6/><G101/><T121/><D4/><U52/><E52/><V26/><F26/><W120/><G6/><T28/><D35/><U38/><E38/><V50/><F50/><W70/><G17/><T77/><D27/><U64/><E64/><V117/><F117/><W15/><G24/><T99/><D19/><U43/><E43/><V95/><F67/><W82/><G15/><T30/><D12/><U36/><E36/><V22/><F22/><W130/><G130/><T49/><D28/><U54/><E54/><V103/><F69/><AGARI ba="0,1" hai="20,21,44,46,47,55,56,61,62,65,69,88,92,96" machi="69" ten="40,5200,0" yaku="1,1,6,1,54,1,53,0" doraHai="116" doraHaiUra="76" who="1" fromWho="2" sc="198,0,240,62,263,-52,289,0" /><INIT seed="3,0,0,3,0,103" ten="198,302,211,289" oya="3" hai0="57,6,41,69,101,129,76,116,7,20,108,70,15" hai1="45,34,97,46,111,88,58,19,36,96,14,48,0" hai2="118,75,28,110,50,62,68,112,67,17,113,73,13" hai3="84,82,35,43,122,90,119,9,33,87,52,106,39"/><W12/><G122/><T11/><D116/><U89/><E0/><V77/><F118/><W81/><G119/><T3/><D108/><U104/><E34/><V131/><F110/><W37/><G106/><T5/><D129/><U53/><E111/><V128/><F28/><W51/><G43/><T107/><D76/><U2/><E2/><V127/><F127/><W125/><G35/><T40/><D57/><U1/><E1/><V132/><F132/><W23/><G23/><T22/><D3/><U126/><E126/><V16/><F50/><W71/><G71/><T74/><D74/><U25/><E25/><V21/><F17/><W72/><G72/><N who="2" m="27721" /><F77/><W26/><G125/><T121/><D121/><U93/><E36/><V105/><F105/><W134/><G134/><T30/><D30/><U56/><E46/><V115/><F115/><W42/><G42/><T63/><D40/><U92/><E104/><V102/><F102/><W44/><G33/><T38/><D41/><U133/><E133/><V10/><F113/><W64/><G64/><T85/><D38/><U32/><E32/><V86/><F86/><W66/><G66/><T114/><D85/><U47/><E45/><V94/><F94/><W83/><G26/><T78/><D114/><U60/><E60/><V95/><F95/><N who="3" m="54727" /><G87/><T65/><D70/><U8/><AGARI ba="0,0" hai="8,14,19,47,48,53,56,58,88,89,92,93,96,97" machi="8" ten="20,8000,1" yaku="0,1,7,1,9,1,8,1,54,1" doraHai="103" who="1" fromWho="1" sc="198,-20,302,80,211,-20,289,-40" /><INIT seed="4,0,0,5,4,13" ten="178,382,191,249" oya="0" hai0="30,128,51,80,72,96,25,32,121,89,76,114,90" hai1="109,78,68,42,135,22,55,26,36,39,129,46,74" hai2="23,29,27,16,47,60,111,0,19,14,3,21,122" hai3="77,38,48,127,112,18,1,126,63,69,12,106,82"/><T53/><D121/><U52/><E74/><V41/><F122/><W64/><G112/><T110/><D128/><U4/><E78/><V133/><F133/><W87/><G106/><T91/><D114/><U84/><E109/><V108/><F60/><W57/><G1/><N who="2" m="585" /><F47/><W24/><G24/><T45/><REACH who="0" step="1"/><D96/><REACH who="0" ten="168,382,191,249" step="2"/><U104/><E129/><V102/><F102/><W97/><G97/><T101/><D101/><U35/><E135/><V103/><F103/><W125/><G38/><T43/><D43/><U44/><E42/><V83/><F41/><W95/><G127/><T7/><D7/><U107/><E4/><V56/><F83/><W62/><G126/><T105/><D105/><U115/><E104/><V67/><F67/><W15/><G125/><T6/><D6/><U100/><E100/><V117/><F117/><W86/><G95/><T85/><D85/><U40/><E84/><V50/><F111/><AGARI ba="0,1" hai="25,30,32,45,51,53,72,76,80,89,90,91,110,111" machi="111" ten="40,2000,0" yaku="1,1,53,0" doraHai="13" doraHaiUra="81" who="0" fromWho="2" sc="168,30,382,0,191,-20,249,0" /><INIT seed="4,1,0,1,0,79" ten="198,382,171,249" oya="0" hai0="48,50,72,108,70,78,119,55,81,37,61,118,35" hai1="84,60,66,20,39,103,7,110,56,0,5,11,23" hai2="77,117,47,111,125,105,42,89,45,134,100,82,127" hai3="40,9,115,80,113,96,38,17,88,94,90,27,68"/><T53/><D35/><U41/><E110/><V123/><F111/><W133/><G68/><T121/><D121/><U116/><E116/><V132/><F123/><W98/><G133/><N who="2" m="51305" /><F117/><W10/><G38/><T86/><D37/><U122/><E103/><V18/><F18/><W73/><G40/><T33/><D108/><U57/><E7/><V107/><F89/><W21/><G73/><T129/><D33/><U46/><E122/><V59/><F59/><W63/><G63/><T15/><D129/><U51/><E84/><N who="2" m="48207" /><F45/><W28/><G28/><T87/><D119/><U19/><E19/><V31/><F31/><W43/><G43/><T130/><D118/><U93/><E56/><V131/><F131/><W22/><G22/><T44/><D130/><U54/><E23/><V120/><F120/><W16/><G17/><T62/><D70/><U24/><E20/><V97/><F107/><W104/><G104/><T8/><D86/><U83/><E57/><V76/><F76/><W109/><G109/><T85/><D85/><U101/><E46/><V30/><F30/><W126/><G80/><T74/><D72/><U64/><E83/><V67/><F67/><W69/><G69/><T6/><D74/><U114/><E64/><V4/><F4/><W75/><G75/><T26/><D26/><U29/><E66/><V34/><F34/><W95/><G126/><T1/><D1/><U49/><E5/><V14/><F14/><W25/><G25/><T99/><D99/><U32/><E0/><V124/><F124/><W2/><G2/><T52/><D44/><U58/><E24/><RYUUKYOKU ba="1,0" sc="198,10,382,-30,171,10,249,10" hai0="6,8,15,48,50,52,53,55,61,62,78,81,87" hai2="42,47,97,100,105,125,127" hai3="9,10,16,21,27,88,90,94,95,96,98,113,115" /><INIT seed="4,2,0,0,4,3" ten="208,352,181,259" oya="0" hai0="25,130,72,7,11,24,131,8,76,125,84,114,64" hai1="98,75,115,111,29,86,15,73,14,5,104,90,10" hai2="1,79,22,63,38,23,74,128,42,134,17,106,31" hai3="100,44,61,70,37,45,123,99,135,83,124,48,110"/><T122/><D122/><U16/><E111/><V54/><F106/><W107/><G110/><T87/><D64/><U55/><E29/><V89/><F128/><N who="0" m="49194" /><D114/><U85/><E115/><V46/><F134/><W81/><G135/><T129/><N who="0" m="49202" /><T78/><DORA hai="97" /><D125/><U120/><E120/><V49/><F1/><W40/><G123/><T56/><D56/><U20/><E86/><N who="0" m="32809" /><D8/><U52/><E55/><V33/><F33/><W53/><G124/><T132/><D132/><U112/><E112/><V30/><F63/><W92/><G107/><T65/><D65/><U32/><E32/><V26/><F89/><W59/><G70/><T77/><D72/><U50/><E98/><V91/><F91/><W43/><AGARI ba="2,0" hai="37,40,43,44,45,48,53,59,61,81,83,92,99,100" machi="43" ten="20,2700,0" yaku="0,1,7,1,52,1" doraHai="3,97" who="3" fromWho="3" sc="208,-15,352,-9,181,-9,259,33" /><INIT seed="5,0,0,5,5,70" ten="193,343,172,292" oya="1" hai0="131,47,92,129,135,52,30,65,96,105,42,2,61" hai1="16,89,44,58,43,4,85,33,9,10,3,5,11" hai2="68,87,17,134,100,98,103,77,78,45,20,83,37" hai3="76,49,110,60,120,38,35,64,66,86,90,57,40"/><U108/><E33/><V29/><F134/><W54/><G120/><T28/><D2/><U36/><E108/><V115/><F68/><N who="3" m="41991" /><G35/><T73/><D73/><U119/><E119/><V124/><F124/><W26/><G76/><T122/><D105/><U81/><E5/><V51/><F115/><W106/><G106/><T127/><D135/><U34/><E34/><V123/><F123/><W121/><G121/><T125/><D122/><U13/><REACH who="1" step="1"/><E58/><REACH who="1" ten="193,333,172,292" step="2"/><V56/><F56/><W46/><G110/><T31/><D125/><U18/><E18/><V72/><F17/><W69/><G69/><T41/><D127/><U88/><E88/><V112/><F77/><W53/><G90/><N who="0" m="55319" /><D131/><U8/><AGARI ba="0,1" hai="3,4,8,9,10,11,13,16,36,43,44,81,85,89" machi="8" ten="20,18000,2" yaku="1,1,0,1,7,1,52,1,54,1,53,1" doraHai="70" doraHaiUra="71" who="1" fromWho="1" sc="193,-60,333,190,172,-60,292,-60" /><INIT seed="5,1,0,2,3,0" ten="133,523,112,232" oya="1" hai0="94,36,77,95,122,75,6,131,72,50,99,102,124" hai1="78,7,82,91,87,135,24,92,130,76,83,81,22" hai2="65,133,19,25,33,62,127,41,98,46,44,34,18" hai3="63,117,27,54,17,105,35,21,2,90,101,108,52"/><U112/><E112/><V70/><F133/><W13/><G108/><T23/><D36/><U68/><E68/><V89/><F127/><W60/><G117/><T26/><D124/><U84/><E135/><V12/><F25/><W15/><G2/><T80/><D131/><U115/><E115/><V66/><F66/><W16/><G105/><T73/><D122/><U107/><E130/><V10/><F19/><W134/><G134/><T38/><D38/><U85/><E7/><V123/><F123/><W86/><G101/><T28/><D6/><U74/><E22/><V20/><F20/><N who="3" m="11279" /><G35/><T100/><D50/><U79/><E24/><V29/><F29/><W37/><G37/><T49/><D49/><U43/><E43/><V109/><F46/><W30/><G63/><T57/><D57/><U96/><E107/><V1/><F1/><W11/><G60/><T64/><D64/><U53/><E53/><V45/><F45/><W71/><G71/><T51/><D51/><U59/><E59/><V93/><REACH who="2" step="1"/><F109/><REACH who="2" ten="133,523,102,232" step="2"/><W9/><G9/><T111/><D111/><U110/><E110/><V119/><F119/><W14/><G14/><T42/><D42/><U67/><E67/><V128/><F128/><W120/><G120/><T114/><D114/><U113/><E113/><V118/><F118/><W69/><G69/><T61/><D61/><U125/><E125/><V132/><F132/><W56/><G56/><T55/><D55/><U40/><E40/><V48/><AGARI ba="1,1" hai="10,12,18,33,34,41,44,48,62,65,70,89,93,98" machi="48" ten="20,5200,0" yaku="1,1,0,1,7,1,53,1" doraHai="0" doraHaiUra="88" who="2" fromWho="2" sc="133,-14,523,-27,102,65,232,-14" /><INIT seed="6,0,0,1,1,25" ten="119,496,167,218" oya="2" hai0="63,66,123,113,104,61,30,6,111,3,44,59,135" hai1="93,43,9,8,131,74,11,60,90,77,85,87,126" hai2="40,52,127,41,71,20,70,7,79,91,116,24,64" hai3="42,124,92,22,94,122,57,134,89,102,34,48,17"/><V29/><F116/><W38/><G34/><T13/><D111/><U106/><E106/><V33/><F127/><W99/><G122/><T82/><D123/><U107/><E107/><V68/><F64/><W83/><G38/><T50/><D104/><U84/><E126/><V73/><F7/><W10/><G134/><T26/><D113/><U53/><E131/><V78/><F91/><W128/><G128/><T56/><D135/><U35/><E35/><V2/><F2/><W14/><G124/><T32/><D82/><N who="1" m="47183" /><E74/><V49/><F33/><W21/><G83/><T15/><D3/><U114/><E43/><V1/><F1/><W46/><G57/><T100/><D100/><U80/><E114/><V119/><F119/><W58/><G58/><T115/><D115/><U19/><E53/><V86/><F73/><W72/><REACH who="3" step="1"/><G72/><REACH who="3" ten="119,496,167,208" step="2"/><T98/><D98/><AGARI ba="0,1" hai="10,14,17,21,22,42,46,48,89,92,94,98,99,102" machi="98" ten="30,7700,0" yaku="1,1,2,1,7,1,8,1,53,0" doraHai="25" doraHaiUra="51" who="3" fromWho="0" sc="119,-77,496,0,167,0,208,87" /><INIT seed="7,0,0,5,5,60" ten="42,496,167,295" oya="3" hai0="81,73,94,76,116,90,14,105,70,98,37,112,71" hai1="41,58,101,126,35,34,113,7,92,24,107,66,62" hai2="128,120,82,118,12,122,28,75,11,133,52,85,65" hai3="5,104,87,26,32,45,119,53,106,9,4,38,42"/><W8/><G119/><T1/><D1/><U47/><E107/><V50/><F118/><W96/><G87/><T46/><D14/><U86/><E7/><N who="2" m="3199" /><F128/><W102/><G106/><T31/><D31/><U99/><E113/><V0/><F0/><N who="3" m="7" /><G53/><T109/><D109/><U56/><E56/><N who="2" m="32791" /><F133/><W33/><G26/><T30/><D30/><U18/><E92/><V83/><F75/><W135/><G135/><T57/><D116/><U117/><E86/><V74/><F74/><W111/><G111/><T55/><D112/><U44/><E101/><V130/><F130/><W129/><G129/><T115/><D115/><U77/><E24/><V124/><F124/><W19/><G19/><T88/><D46/><U39/><E126/><V59/><F28/><W43/><G43/><T68/><D37/><U27/><E41/><V48/><F85/><W125/><G125/><T67/><D105/><U63/><E18/><V23/><F23/><W17/><G17/><T72/><D72/><U40/><E40/><V69/><F69/><W3/><AGARI ba="0,0" hai="3,5,9,32,33,38,42,45,96,102,104" m="7" machi="3" ten="30,3000,0" yaku="33,2" doraHai="60" who="3" fromWho="3" sc="42,-10,496,-10,167,-10,295,30" /><INIT seed="7,1,0,4,0,50" ten="32,486,157,325" oya="3" hai0="82,98,28,39,106,126,59,113,0,105,17,33,110" hai1="104,114,24,124,115,12,23,21,66,107,83,18,37" hai2="11,55,22,46,133,45,117,79,65,99,3,34,86" hai3="81,58,14,84,74,87,1,118,94,95,71,68,6"/><W47/><G118/><T129/><D17/><N who="1" m="12399" /><E37/><V10/><F34/><W19/><G74/><T61/><D105/><U31/><E124/><V119/><F133/><W32/><G32/><T5/><D28/><U42/><E42/><V9/><F65/><W116/><G116/><T48/><D5/><U85/><E66/><V16/><F3/><W49/><G1/><T29/><D29/><U92/><E92/><V101/><F119/><W130/><G130/><T80/><D126/><U60/><E60/><V57/><F117/><W7/><G71/><T2/><D61/><U44/><E44/><V64/><F64/><W127/><G68/><T70/><D70/><U77/><E31/><V111/><F111/><W72/><G72/><T4/><D110/><U75/><E85/><V131/><F99/><W67/><G87/><T54/><D106/><U25/><E25/><N who="2" m="14535" /><F101/><W120/><G120/><T43/><D129/><U76/><E76/><V109/><F109/><W52/><G127/><T56/><D39/><U108/><E108/><V103/><F103/><W63/><G7/><T53/><D33/><U26/><E26/><V121/><F121/><W132/><G6/><T8/><D0/><U100/><E100/><V40/><F40/><W88/><G132/><T38/><D98/><U112/><AGARI ba="1,0" hai="12,18,21,75,77,83,104,107,112,114,115" m="12399" machi="112" ten="30,1100,0" yaku="15,1" doraHai="50" who="1" fromWho="1" sc="32,-4,486,14,157,-4,325,-6" owari="28,-47.0,500,60.0,153,-25.0,319,12.0" /></mjloggm>