<mjloggm ver="2.3"><GO type="185" lobby="0"/><UN n0="%53%47%E4%BA%8C%E7%95%99" n1="%E3%82%A2%E3%82%B9%E3%82%BF%E3%83%AD%E3%83%88%E3%81%AE%E5%AE%A3%E5%91%8A" n2="%E7%81%AB%E6%98%9F%E3%81%AE%E7%8A%AC" n3="" dan="17,17,16,0" rate="2247.30,2274.34,2183.62,1500.00" sx="M,M,M,C"/><TAIKYOKU oya="0"/><INIT seed="0,0,0,3,4,89" ten="350,350,350,0" oya="0" hai0="116,110,100,63,69,127,90,119,33,132,36,61,102" hai1="103,99,130,39,71,97,49,57,87,3,34,66,107" hai2="58,72,122,101,0,114,45,76,48,53,131,81,83" hai3=""/><T59/><D33/><U128/><E39/><V55/><N who="2" m="31264" /><V123/><N who="2" m="31520" /><V104/><F0/><T125/><D36/><U80/><E3/><V82/><F131/><T50/><D90/><U113/><E34/><V118/><F114/><T73/><D73/><U38/><E38/><V135/><F135/><T121/><N who="0" m="31008" /><T94/><D132/><U52/><E113/><V108/><F108/><T92/><D50/><U68/><E99/><V126/><F126/><T93/><D69/><U88/><REACH who="1" step="1"/><E66/><REACH who="1" ten="350,340,350,0" step="2"/><V85/><F118/><N who="0" m="45098" /><D110/><U105/><E105/><V84/><F104/><T95/><N who="0" m="23552" /><DORA hai="79" /><T120/><N who="0" m="30752" /><T109/><D109/><U2/><E2/><V86/><F101/><N who="0" m="39018" /><D59/><U117/><E117/><V115/><F115/><T56/><D56/><U40/><E40/><V129/><F58/><T51/><D51/><U41/><E41/><V133/><F48/><T1/><D1/><U75/><E75/><V111/><F72/><T70/><D70/><AGARI ba="0,1" hai="49,52,57,68,70,71,80,87,88,97,103,107,128,130" machi="70" ten="40,8000,1" yaku="1,1,52,1,54,2,53,1" doraHai="89,79" doraHaiUra="96,106" who="1" fromWho="0" sc="350,-80,340,90,350,0,0,0" /><INIT seed="1,0,0,2,0,81" ten="270,430,350,0" oya="1" hai0="65,76,101,45,34,134,116,112,92,130,56,1,82" hai1="41,110,36,87,80,131,111,58,124,63,59,115,64" hai2="2,118,113,88,108,77,54,125,38,79,122,49,60" hai3=""/><U48/><E115/><V107/><F2/><T66/><D1/><U62/><E124/><V55/><N who="2" m="31264" /><V95/><F107/><T43/><D112/><U71/><E131/><V72/><F113/><T96/><D34/><U93/><E36/><V51/><F38/><T94/><D130/><U109/><E93/><V73/><F125/><T119/><D134/><U105/><E105/><V132/><F118/><T97/><D45/><U84/><E71/><V102/><F102/><T47/><D47/><U40/><E80/><V89/><F60/><T135/><D43/><N who="1" m="16459" /><E48/><V33/><F95/><T67/><D135/><U90/><E90/><V46/><F132/><T117/><D82/><U35/><E35/><V99/><F46/><T121/><N who="0" m="31008" /><T61/><REACH who="0" step="1"/><D76/><REACH who="0" ten="260,430,350,0" step="2"/><U32/><E32/><V91/><F33/><T3/><D3/><U57/><E57/><V69/><F79/><T133/><D133/><U104/><E104/><V78/><F77/><T39/><D39/><U100/><E100/><AGARI ba="0,1" hai="56,61,65,66,67,92,94,96,97,100,101,116,117,119" m="31008" machi="100" ten="40,8000,1" yaku="1,1,9,1,12,1,52,1,53,0" doraHai="81" doraHaiUra="123" who="0" fromWho="1" sc="260,90,430,-80,350,0,0,0" /><INIT seed="2,0,0,3,3,33" ten="350,350,350,0" oya="2" hai0="38,100,96,2,57,90,63,86,34,114,53,76,42" hai1="37,107,110,36,80,112,121,115,46,70,49,118,35" hai2="87,124,84,68,94,135,67,66,117,74,88,40,99" hai3=""/><V60/><F117/><T47/><D34/><U51/><N who="1" m="31008" /><U77/><E118/><V50/><F74/><T58/><D114/><U120/><N who="1" m="30752" /><U61/><E35/><V81/><F135/><T78/><D2/><U71/><E107/><V109/><F124/><T65/><D90/><U82/><E61/><V83/><F109/><T48/><REACH who="0" step="1"/><D86/><REACH who="0" ten="340,350,350,0" step="2"/><U72/><E72/><V130/><F87/><T43/><D43/><U133/><E133/><V44/><F130/><T3/><D3/><U55/><E77/><V89/><REACH who="2" step="1"/><F67/><REACH who="2" ten="340,350,340,0" step="2"/><T129/><D129/><U108/><E108/><V41/><F41/><T64/><D64/><U45/><E110/><V101/><F101/><T73/><D73/><U111/><E111/><V85/><F85/><T52/><D52/><AGARI ba="0,2" hai="36,37,45,46,49,51,52,55,70,71,80,82,112,115" m="30752,31008" machi="52" ten="25,8000,1" yaku="22,2,52,2,54,1" doraHai="33" who="1" fromWho="0" sc="340,-80,350,100,340,0,0,0" /><INIT seed="4,0,0,0,0,68" ten="260,450,340,0" oya="0" hai0="34,100,109,119,61,43,90,46,111,130,53,115,57" hai1="35,112,73,97,86,123,102,54,64,66,77,70,58" hai2="60,84,44,89,94,85,38,95,92,82,32,83,131" hai3=""/><T93/><D119/><U41/><N who="1" m="31520" /><U110/><E35/><V113/><F32/><T3/><D34/><U91/><E110/><V80/><F60/><T36/><D3/><U71/><E41/><V134/><F134/><T126/><D115/><U116/><E116/><V101/><F113/><T74/><D130/><U105/><E112/><V81/><F38/><T114/><D114/><U67/><E77/><V108/><F44/><T62/><D126/><U99/><E99/><V51/><F51/><T79/><D100/><U63/><REACH who="1" step="1"/><E73/><REACH who="1" ten="260,440,340,0" step="2"/><V121/><N who="2" m="31008" /><V50/><F131/><T107/><D79/><U72/><E72/><V120/><F120/><T37/><D74/><U98/><E98/><V39/><F108/><T69/><D111/><U125/><E125/><V76/><F76/><T129/><D109/><U128/><E128/><V127/><F127/><T103/><D129/><U132/><E132/><V104/><F101/><T96/><D90/><U122/><N who="1" m="31264" /><U78/><E78/><V42/><F89/><T48/><REACH who="0" step="1"/><D107/><REACH who="0" ten="250,440,340,0" step="2"/><U118/><E118/><V47/><F104/><T40/><D40/><U1/><E1/><V117/><F117/><T75/><D75/><U87/><E87/><V135/><F85/><T59/><D59/><RYUUKYOKU ba="0,2" sc="250,10,440,10,340,-20,0,0" hai0="36,37,43,46,48,53,57,61,62,69,93,96,103" hai1="54,58,63,64,66,67,70,71,86,91,97,102,105" /><INIT seed="4,1,2,3,4,56" ten="260,450,320,0" oya="0" hai0="35,105,108,86,133,101,122,79,131,32,39,55,74" hai1="114,135,121,0,76,116,1,38,70,118,81,107,89" hai2="2,37,112,94,43,123,130,95,66,65,126,103,91" hai3=""/><T88/><N who="0" m="31264" /><T134/><D39/><U115/><N who="1" m="31008" /><U54/><E38/><V100/><N who="2" m="31520" /><V113/><F2/><N who="1" m="1129" /><E70/><V87/><F130/><T73/><D131/><U41/><E41/><V75/><F75/><N who="0" m="28682" /><D79/><U59/><E107/><V58/><F126/><T129/><D129/><U99/><E76/><V84/><F43/><T68/><D68/><U45/><E45/><V120/><N who="2" m="30752" /><V51/><F37/><T49/><D108/><U67/><E67/><V82/><F58/><T53/><D101/><U77/><E77/><V128/><F128/><T71/><D105/><U52/><E54/><N who="0" m="20489" /><D49/><U110/><E110/><V80/><F51/><T85/><D71/><U47/><E47/><V34/><F34/><N who="0" m="12842" /><D88/><AGARI ba="1,2" hai="65,66,80,82,84,87,88,91,94,95,100,103,112,113" m="30752,31520" machi="88" ten="25,8000,1" yaku="22,2,52,2,54,1" doraHai="56" who="2" fromWho="0" sc="260,-82,450,0,320,102,0,0" /><INIT seed="5,0,0,4,0,103" ten="178,450,422,0" oya="1" hai0="36,61,40,126,44,88,78,54,107,41,123,87,67" hai1="118,72,102,124,122,76,92,43,42,121,99,83,57" hai2="85,71,81,105,108,115,0,129,96,120,66,93,58" hai3=""/><U69/><N who="1" m="31008" /><U62/><N who="1" m="31264" /><U60/><E124/><V100/><N who="2" m="30752" /><V89/><F0/><T38/><N who="0" m="31520" /><T135/><D126/><U90/><E118/><V1/><F1/><T113/><D113/><U127/><E127/><V56/><F108/><T119/><D119/><U111/><E111/><V101/><F115/><T109/><D109/><U117/><E117/><V39/><F39/><T97/><D135/><U3/><E3/><V46/><F129/><T84/><D78/><U125/><E125/><V131/><F131/><T94/><D54/><U86/><E69/><V114/><F114/><T34/><D34/><U112/><E112/><V65/><F46/><T134/><D134/><U68/><E68/><V130/><F130/><T52/><D107/><U53/><E62/><V37/><F37/><T73/><D73/><U79/><REACH who="1" step="1"/><E76/><REACH who="1" ten="178,440,422,0" step="2"/><V133/><F133/><T64/><D36/><U95/><AGARI ba="0,1" hai="42,43,53,57,60,72,79,83,86,90,92,95,99,102" m="31264,31008" machi="95" ten="20,12000,2" yaku="1,1,2,1,0,1,7,1,52,2,53,0" doraHai="103" doraHaiUra="45" who="1" fromWho="1" sc="178,-60,440,130,422,-60,0,0" /><INIT seed="5,1,0,5,5,133" ten="118,570,362,0" oya="1" hai0="32,48,37,100,111,35,2,57,33,76,92,101,39" hai1="107,106,44,86,81,126,71,58,97,90,135,43,53" hai2="60,131,123,70,91,40,85,105,88,95,50,66,96" hai3=""/><U55/><E135/><V121/><N who="2" m="31008" /><V117/><N who="2" m="31520" /><V89/><F117/><T73/><D111/><U42/><E71/><V129/><F105/><T114/><D114/><U38/><E43/><V84/><F40/><T109/><D109/><U62/><E126/><V63/><F50/><T61/><D2/><U134/><E134/><V77/><F63/><T115/><D115/><U127/><E127/><V120/><N who="2" m="30752" /><V103/><F77/><T98/><D48/><U87/><E97/><V116/><F116/><T67/><D76/><U112/><E112/><V125/><F125/><T36/><D73/><U41/><E41/><V83/><REACH who="2" step="1"/><F91/><REACH who="2" ten="118,570,352,0" step="2"/><T113/><REACH who="0" step="1"/><D113/><REACH who="0" ten="108,570,352,0" step="2"/><U124/><E124/><V93/><AGARI ba="1,2" hai="60,66,70,83,84,85,88,89,93,95,96,103,129,131" m="30752,31520,31008" machi="93" ten="30,12000,3" yaku="1,1,2,1,0,1,52,3,54,1,53,1" doraHai="133" doraHaiUra="64" who="2" fromWho="2" sc="108,-41,570,-81,352,142,0,0" /><INIT seed="6,0,0,3,5,0" ten="67,489,494,0" oya="2" hai0="127,81,61,70,80,84,115,45,32,106,52,107,94" hai1="63,60,34,103,39,55,66,53,57,50,104,129,35" hai2="114,92,108,54,78,105,62,73,40,46,33,37,87" hai3=""/><V3/><F3/><T109/><D61/><U85/><E39/><V89/><F114/><T2/><D45/><U111/><E111/><V90/><F108/><T71/><D52/><U88/><E129/><V93/><F105/><T110/><D94/><U124/><E124/><V128/><F128/><T56/><D84/><U119/><E119/><V59/><F33/><T72/><D56/><U126/><E126/><V36/><F78/><T97/><D97/><U47/><E103/><V86/><F73/><T49/><D49/><AGARI ba="0,0" hai="36,37,40,46,49,54,59,62,86,87,89,90,92,93" machi="49" ten="30,2900,0" yaku="7,1,9,1" doraHai="0" who="2" fromWho="0" sc="67,-29,489,0,494,29,0,0" owari="38,-56.0,489,9.0,523,47.0,0,0.0" /></mjloggm>