<mjloggm ver="2.3"><GO type="169" lobby="0"/><UN n0="%E3%81%8D%E3%81%BF%E3%81%A9%E3%82%8A%E3%82%93" n1="%66%61%7A%65" n2="%66%61%6E%73%74%65%70" n3="%E4%BD%8E%E3%82%81%E3%82%B9%E3%83%A9%E3%82%A4%E3%83%80%E3%83%BC" dan="17,16,17,16" rate="2171.51,2100.31,2208.13,2153.58" sx="F,M,M,F"/><TAIKYOKU oya="0"/><INIT seed="0,0,0,3,1,117" ten="250,250,250,250" oya="0" hai0="118,132,119,135,33,5,24,72,87,71,127,76,116" hai1="35,58,130,8,128,62,121,89,73,34,31,59,22" hai2="30,9,63,39,103,21,120,28,48,53,86,74,50" hai3="126,64,91,52,55,36,133,81,93,113,134,56,115"/><T92/><D71/><U3/><E73/><V7/><F39/><W0/><G0/><T49/><D5/><N who="1" m="1087" /><E89/><V96/><F74/><W17/><G81/><N who="0" m="45191" /><D33/><N who="1" m="12299" /><E59/><V131/><F131/><N who="1" m="50217" /><E58/><V14/><F63/><W114/><G17/><T32/><D32/><U102/><E102/><V51/><F86/><W101/><G101/><T10/><D10/><U6/><E62/><V38/><F38/><W11/><G11/><T20/><D49/><U65/><E65/><V106/><F53/><W97/><G36/><T15/><D15/><U27/><E6/><V19/><F51/><W124/><G55/><T80/><D92/><U18/><E18/><V85/><F48/><N who="3" m="30727" /><G64/><T123/><D87/><U44/><E44/><V129/><F50/><W95/><G95/><T60/><D80/><U1/><E1/><V57/><F85/><W67/><G67/><T69/><D69/><U112/><E112/><V26/><F57/><W42/><G42/><T107/><D60/><U4/><E4/><V70/><F70/><W29/><G29/><N who="0" m="17543" /><D107/><U46/><E46/><V25/><F129/><W83/><G83/><T82/><D82/><U61/><E61/><V41/><F41/><W43/><G43/><T122/><D127/><AGARI ba="0,0" hai="91,93,97,113,114,115,124,126,127,133,134" m="30727" machi="127" ten="40,2600,0" yaku="18,1,54,1" doraHai="117" who="3" fromWho="0" sc="250,-26,250,0,250,0,250,26" /><INIT seed="1,0,0,4,5,128" ten="224,250,250,276" oya="1" hai0="92,69,80,83,84,100,131,102,133,23,4,29,105" hai1="73,40,59,45,75,65,109,8,123,3,62,98,31" hai2="6,121,104,130,88,26,64,129,50,79,37,114,70" hai3="12,22,46,90,85,125,108,117,30,66,135,127,106"/><U97/><E123/><V58/><F104/><W53/><G108/><T24/><D133/><U33/><E33/><V78/><F121/><W25/><G106/><T42/><D131/><N who="2" m="50186" /><F37/><W57/><G135/><T63/><D4/><U52/><E31/><V1/><F114/><W119/><G46/><T71/><D105/><U43/><E109/><V111/><F111/><W54/><G12/><T101/><D42/><U93/><E40/><V77/><F70/><W87/><G66/><T132/><D132/><U17/><E65/><V81/><F26/><W113/><G113/><T115/><D115/><U124/><E124/><N who="3" m="47690" /><G57/><T10/><D10/><U61/><E61/><N who="2" m="37943" /><F50/><W39/><G39/><T103/><D63/><U107/><E107/><V18/><F18/><W5/><G5/><T91/><N who="0" m="25600" /><DORA hai="86" /><T116/><REACH who="0" step="1"/><D116/><REACH who="0" ten="214,250,250,276" step="2"/><U44/><E62/><V7/><F1/><W13/><G119/><T56/><D56/><U95/><E59/><V134/><F134/><W14/><G117/><T38/><D38/><U49/><E3/><V122/><F122/><W51/><G51/><T55/><D55/><U72/><E43/><V96/><F7/><W110/><G54/><T76/><D76/><U16/><E44/><V74/><F6/><W35/><G53/><T112/><D112/><U9/><E9/><V19/><F77/><W68/><G110/><T99/><D99/><N who="1" m="37899" /><E8/><V15/><F78/><W2/><G2/><T0/><D0/><U126/><E126/><V67/><F96/><W34/><G68/><AGARI ba="0,1" hai="23,24,29,68,69,71,80,83,84,91,92" m="25600" machi="68" ten="50,3200,0" yaku="1,1,52,1,53,0" doraHai="128,86" doraHaiUra="36,32" who="0" fromWho="3" sc="214,42,250,0,250,0,276,-32" /><INIT seed="2,0,0,0,1,28" ten="256,250,250,244" oya="2" hai0="97,71,34,75,76,79,9,70,45,29,37,116,6" hai1="2,86,43,64,5,17,105,54,82,51,88,7,24" hai2="26,108,58,95,96,47,39,67,131,117,81,1,89" hai3="35,4,36,18,49,12,127,66,10,69,104,59,46"/><V107/><F1/><W55/><G127/><T92/><D116/><U119/><E119/><V61/><F117/><W40/><G104/><T16/><D79/><U111/><E111/><V63/><F108/><W44/><G44/><T11/><D11/><U33/><E105/><V68/><F107/><W100/><G100/><T120/><D120/><U134/><E134/><V106/><F106/><W87/><G87/><T109/><D109/><U27/><E43/><V56/><F131/><W98/><G98/><T121/><D16/><U133/><E133/><V113/><F113/><W53/><G53/><T101/><D34/><U41/><E41/><V126/><F126/><W23/><G35/><T21/><D29/><U50/><E64/><V103/><F68/><W132/><G132/><T80/><D21/><U0/><E0/><V112/><F112/><W124/><G124/><T102/><D101/><U91/><E91/><V15/><F15/><W77/><G77/><T52/><D121/><U130/><E50/><V60/><F39/><W22/><G18/><T125/><D125/><U62/><E62/><AGARI ba="0,0" hai="4,10,12,22,23,36,40,46,49,55,59,62,66,69" machi="62" ten="40,2600,0" yaku="24,2" doraHai="28" who="3" fromWho="1" sc="256,0,250,-26,250,0,244,26" /><INIT seed="3,0,0,3,4,97" ten="256,224,250,270" oya="3" hai0="115,24,71,46,81,99,52,57,16,108,39,37,12" hai1="85,118,112,20,98,17,135,34,7,61,31,58,23" hai2="38,35,29,114,87,50,32,104,47,3,86,11,30" hai3="18,126,15,84,88,94,129,116,92,119,80,22,107"/><W132/><G107/><T27/><D108/><U1/><E112/><V59/><F104/><W120/><G120/><T109/><D109/><U2/><E135/><V124/><F114/><W8/><G132/><T42/><D71/><U130/><E130/><V90/><F124/><W133/><G133/><T70/><D70/><U28/><E118/><V117/><F117/><W72/><G129/><T96/><D39/><U131/><E131/><V41/><F87/><W26/><G126/><T4/><D81/><U95/><E85/><V79/><F79/><W62/><G62/><T48/><D115/><U13/><E34/><V101/><F101/><W103/><G94/><T49/><D37/><U66/><E7/><V134/><F35/><W36/><G36/><T53/><D42/><U123/><E123/><V64/><F32/><W77/><REACH who="3" step="1"/><G103/><REACH who="3" ten="256,224,250,260" step="2"/><T14/><D96/><U9/><E1/><V111/><F134/><W55/><G55/><T54/><D99/><U73/><E2/><V69/><F38/><W45/><G45/><T105/><D54/><U82/><E82/><V110/><F41/><W121/><G121/><T5/><D105/><U40/><E40/><V122/><F47/><W78/><G78/><T128/><D128/><U100/><REACH who="1" step="1"/><E73/><REACH who="1" ten="256,214,250,260" step="2"/><V10/><F122/><W83/><G83/><T125/><D125/><U33/><E33/><V60/><F3/><W106/><G106/><T44/><D57/><U65/><E65/><V43/><F64/><W56/><G56/><T51/><D49/><U102/><E102/><V67/><F67/><W127/><G127/><T91/><D91/><RYUUKYOKU ba="0,2" sc="256,10,214,10,250,-30,260,10" hai0="4,5,12,14,16,24,27,44,46,48,51,52,53" hai1="9,13,17,20,23,28,31,58,61,66,95,98,100" hai3="8,15,18,22,26,72,77,80,84,88,92,116,119" /><INIT seed="3,1,2,1,2,103" ten="266,224,220,270" oya="3" hai0="18,108,52,20,91,86,13,97,117,66,76,119,39" hai1="42,110,51,100,84,47,36,1,34,53,121,21,101" hai2="63,25,92,93,9,107,126,29,132,133,83,102,69" hai3="0,2,16,109,75,104,14,35,118,127,54,61,10"/><W49/><G118/><T12/><D108/><U60/><E34/><N who="2" m="20783" /><F9/><W85/><G75/><T48/><D39/><U115/><E115/><V32/><F32/><W27/><G85/><T59/><D66/><U111/><E121/><V88/><F126/><W50/><G127/><T131/><D131/><U4/><E1/><V105/><F83/><W96/><G109/><N who="1" m="41482" /><E4/><V78/><F78/><W24/><G50/><T95/><D13/><U44/><E21/><V8/><F8/><W116/><G116/><T11/><D11/><U3/><E3/><V40/><F40/><W17/><G61/><T114/><D114/><U33/><E33/><V30/><F30/><W58/><G2/><T113/><D113/><U123/><E123/><V106/><F88/><W70/><G70/><T45/><D45/><U57/><E84/><V87/><F87/><W56/><G56/><T41/><REACH who="0" step="1"/><D41/><AGARI ba="1,2" hai="36,41,42,44,47,51,53,57,60,100,101" m="41482" machi="41" ten="30,1000,0" yaku="14,1" doraHai="103" who="1" fromWho="0" sc="266,-13,224,33,220,0,270,0" /><INIT seed="4,0,0,3,4,5" ten="253,257,220,270" oya="0" hai0="108,103,3,32,8,113,134,119,41,126,13,9,104" hai1="87,38,95,125,102,50,76,82,96,127,10,53,57" hai2="17,27,124,73,99,47,11,30,44,81,14,107,131" hai3="42,106,22,15,115,64,71,66,83,123,31,12,24"/><T72/><RYUUKYOKU type="yao9" ba="0,0" sc="253,0,257,0,220,0,270,0" hai0="3,8,9,13,32,41,72,103,104,108,113,119,126,134" /><INIT seed="4,1,0,3,4,68" ten="253,257,220,270" oya="0" hai0="128,20,109,118,11,76,44,7,116,32,24,125,5" hai1="55,135,65,102,93,71,101,40,62,127,26,41,14" hai2="88,2,36,84,8,23,130,60,126,57,0,92,73" hai3="89,115,103,80,105,10,83,19,27,99,13,114,22"/><T9/><D76/><U6/><E127/><V1/><F36/><W119/><G119/><N who="0" m="45611" /><D44/><U81/><E135/><V37/><F37/><W45/><G45/><T61/><D61/><U85/><E26/><V132/><F73/><W97/><G97/><T110/><D125/><U30/><E30/><V91/><F126/><W107/><G107/><T48/><D32/><U69/><E69/><V113/><F113/><N who="3" m="43019" /><G89/><T78/><D48/><U59/><E14/><V79/><F79/><W17/><AGARI ba="1,0" hai="10,13,17,19,22,27,80,83,99,103,105" m="43019" machi="17" ten="30,1100,0" yaku="15,1" doraHai="68" who="3" fromWho="3" sc="253,-6,257,-4,220,-4,270,14" /><INIT seed="5,0,0,3,5,89" ten="247,253,216,284" oya="1" hai0="59,83,12,77,96,91,98,79,30,21,53,46,16" hai1="44,121,64,56,135,71,13,31,8,62,129,54,113" hai2="40,32,1,88,48,124,20,117,111,65,81,4,93" hai3="50,112,45,35,27,69,82,42,90,116,14,109,36"/><U106/><E121/><V122/><F32/><W125/><G109/><T47/><D79/><U94/><E113/><V84/><F111/><W100/><G69/><T120/><D30/><U37/><E106/><V3/><F122/><W33/><G112/><T73/><D120/><U28/><E129/><V128/><F117/><W39/><G125/><T34/><D34/><U76/><E135/><V127/><F65/><W19/><G116/><T57/><D57/><U87/><E37/><V134/><F4/><W102/><G35/><T2/><D2/><U11/><E11/><V78/><F128/><W41/><G41/><T15/><D12/><U72/><E72/><V6/><F134/><W66/><G66/><T85/><D96/><U9/><E9/><V0/><F6/><W70/><G70/><T25/><D15/><U119/><E76/><V99/><F20/><W38/><G27/><T49/><D98/><U17/><E119/><V60/><F60/><W126/><G33/><T110/><REACH who="0" step="1"/><D110/><REACH who="0" ten="237,253,216,284" step="2"/><U92/><E71/><V18/><F18/><W61/><G19/><T67/><D67/><U22/><E8/><V123/><F123/><W103/><G14/><T115/><D115/><U133/><E133/><V105/><F105/><W68/><G68/><T52/><D52/><U63/><E44/><V107/><F107/><W26/><G45/><T104/><D104/><U10/><E10/><V108/><F108/><W29/><G29/><N who="1" m="11338" /><E87/><V86/><F86/><W97/><G42/><T55/><D55/><U23/><E23/><V43/><F43/><W118/><G118/><T24/><D24/><RYUUKYOKU ba="0,1" sc="237,10,253,10,216,10,284,-30" hai0="16,21,25,46,47,49,53,59,73,77,83,85,91" hai1="13,17,22,54,56,62,63,64,92,94" hai2="0,1,3,40,48,78,81,84,88,93,99,124,127" /><INIT seed="5,1,1,5,3,27" ten="247,263,226,254" oya="1" hai0="135,23,20,57,126,43,119,41,31,94,75,34,125" hai1="19,88,90,103,49,95,6,110,112,131,91,115,36" hai2="85,55,47,105,100,2,26,102,92,78,66,121,51" hai3="83,48,33,39,17,54,93,127,123,32,63,72,87"/><U80/><E36/><V56/><F2/><W59/><G127/><N who="0" m="48651" /><D119/><U117/><E117/><V45/><F121/><W77/><G123/><T130/><D135/><U52/><E131/><V101/><F105/><W15/><G39/><T120/><D75/><U108/><E6/><V132/><F132/><W3/><G3/><T0/><D0/><U106/><E106/><V124/><F124/><W107/><G107/><T9/><D9/><U24/><E80/><V38/><F38/><W98/><G63/><T114/><D114/><N who="1" m="43563" /><E19/><V133/><F133/><W122/><G122/><T62/><D94/><U13/><E13/><V28/><F66/><W109/><G109/><N who="1" m="42090" /><E24/><V60/><F92/><W97/><G97/><T86/><D86/><N who="1" m="52631" /><E103/><V74/><F74/><W70/><G72/><T7/><D7/><U21/><E21/><N who="0" m="8265" /><D130/><U96/><E96/><V11/><F11/><W129/><G129/><T58/><D120/><U73/><E73/><V76/><F85/><W64/><G93/><T82/><D82/><U61/><E61/><V46/><F60/><N who="3" m="40199" /><G98/><T16/><D16/><U40/><E40/><N who="0" m="15433" /><D62/><U25/><E25/><AGARI ba="1,1" hai="25,31,34,57,58" m="15433,8265,48651" machi="25" ten="30,2000,0" yaku="18,1,52,1" doraHai="27" who="0" fromWho="1" sc="247,33,263,-23,226,0,254,0" /><INIT seed="6,0,0,4,2,106" ten="280,240,226,254" oya="2" hai0="127,52,40,70,29,36,25,66,95,45,90,122,33" hai1="98,42,101,123,18,112,7,67,57,130,111,129,4" hai2="22,118,97,10,60,74,14,20,1,59,99,43,12" hai3="87,91,79,88,50,104,51,124,16,133,78,131,102"/><V93/><F118/><W31/><G31/><T68/><D122/><U128/><E111/><V77/><F1/><W107/><G133/><T125/><D66/><U94/><E123/><V2/><F2/><W48/><G131/><T5/><D5/><N who="1" m="2123" /><E112/><V61/><F43/><W103/><G124/><T132/><D132/><U53/><E67/><V96/><F93/><W92/><G107/><T38/><D38/><U54/><E42/><V120/><F120/><W85/><G104/><T109/><D109/><U73/><E73/><V39/><F39/><W116/><G116/><T114/><D114/><U110/><E110/><V126/><F126/><N who="0" m="48138" /><D52/><N who="1" m="20075" /><E18/><V100/><F74/><W62/><G62/><N who="2" m="24169" /><F59/><AGARI ba="0,0" hai="57,59,94,98,101,128,129,130" m="20075,2123" machi="59" ten="40,2600,0" yaku="19,1,54,1" doraHai="106" who="1" fromWho="2" sc="280,0,240,26,226,-26,254,0" /><INIT seed="7,0,0,3,5,12" ten="280,266,200,254" oya="3" hai0="11,3,9,109,5,53,88,85,80,22,73,99,24" hai1="29,122,77,64,87,71,98,130,42,123,68,75,10" hai2="90,79,104,43,0,132,16,7,32,106,131,59,105" hai3="20,13,112,50,47,86,34,107,74,49,78,31,116"/><W69/><G116/><T113/><D109/><U44/><E75/><V52/><F32/><W103/><G69/><T14/><D113/><U26/><E130/><V6/><F79/><W41/><G112/><T83/><D99/><U8/><E122/><V102/><F43/><W67/><G67/><T108/><D108/><U60/><E71/><V30/><F30/><W46/><G74/><T36/><D36/><U128/><E128/><V95/><F131/><W21/><G107/><T33/><D33/><U76/><E98/><V93/><F102/><W63/><G63/><T118/><D118/><U17/><E123/><V2/><F90/><W124/><G103/><T23/><D53/><U1/><E1/><V72/><F72/><W66/><G66/><T40/><D40/><U133/><E133/><V37/><F37/><W127/><G34/><T100/><D100/><U15/><E8/><V120/><F132/><W27/><G86/><T18/><D24/><U91/><E26/><V114/><F114/><W89/><G89/><T135/><D135/><U81/><REACH who="1" step="1"/><E29/><REACH who="1" ten="280,256,200,254" step="2"/><V121/><F121/><W51/><G13/><T54/><D11/><U55/><E55/><V70/><F70/><W125/><G21/><T58/><D23/><U134/><E134/><V96/><F120/><W82/><G41/><T129/><D129/><U38/><AGARI ba="0,1" hai="10,15,17,38,42,44,60,64,68,76,77,81,87,91" machi="38" ten="20,5200,0" yaku="1,1,0,1,7,1,52,1,53,0" doraHai="12" doraHaiUra="92" who="1" fromWho="1" sc="280,-13,256,62,200,-13,254,-26" owari="267,7.0,318,41.0,187,-31.0,228,-17.0" /></mjloggm>