<mjloggm ver="2.3"><GO type="185" lobby="0"/><UN n0="%E7%81%AB%E6%98%9F%E3%81%AE%E7%8A%AC" n1="%53%47%E4%BA%8C%E7%95%99" n2="%E4%B8%8D%E5%B9%B8%E7%94%9F%E5%91%BD%E4%BD%93" n3="" dan="16,17,16,0" rate="2189.88,2241.24,2147.79,1500.00" sx="M,M,M,C"/><TAIKYOKU oya="0"/><INIT seed="0,0,0,4,0,111" ten="350,350,350,0" oya="0" hai0="100,33,79,52,40,96,95,36,87,91,104,57,2" hai1="0,41,124,32,50,125,132,107,119,60,67,37,113" hai2="127,63,68,120,89,116,59,1,34,112,80,47,130" hai3=""/><T106/><D33/><U129/><RYUUKYOKU type="yao9" ba="0,0" sc="350,0,350,0,350,0,0,0" hai1="0,32,37,41,50,60,67,107,113,119,124,125,129,132" /><INIT seed="0,1,0,2,5,82" ten="350,350,350,0" oya="0" hai0="41,59,35,104,123,107,131,77,43,83,124,36,63" hai1="102,101,98,62,95,46,42,86,58,115,33,114,71" hai2="2,127,130,55,1,96,128,129,105,0,79,84,103" hai3=""/><T132/><D35/><U74/><E33/><V73/><F55/><T50/><N who="0" m="31520" /><T44/><D131/><U100/><E74/><V68/><F84/><T109/><D124/><U121/><N who="1" m="31008" /><U112/><E71/><V78/><F127/><T126/><D126/><U116/><E116/><V61/><REACH who="2" step="1"/><F73/><REACH who="2" ten="350,350,340,0" step="2"/><T48/><D132/><U117/><E86/><V81/><F81/><T134/><D134/><U97/><E97/><V93/><F93/><T92/><D92/><U91/><E117/><V125/><F125/><T89/><D83/><U52/><REACH who="1" step="1"/><E115/><REACH who="1" ten="350,340,340,0" step="2"/><V40/><F40/><T85/><D43/><U65/><E65/><AGARI ba="1,2" hai="0,1,2,61,65,68,78,79,96,103,105,128,129,130" machi="65" ten="50,3200,0" yaku="1,1,19,1,53,0" doraHai="82" doraHaiUra="38" who="2" fromWho="1" sc="350,0,340,-34,340,54,0,0" /><INIT seed="1,0,0,4,4,42" ten="350,306,394,0" oya="1" hai0="97,81,56,109,0,78,132,127,85,83,99,82,37" hai1="125,62,46,118,123,65,121,55,124,103,53,133,94" hai2="64,104,45,96,105,44,60,33,100,134,50,108,75" hai3=""/><U88/><N who="1" m="31008" /><U89/><N who="1" m="31520" /><U67/><E118/><V52/><F108/><T135/><D0/><U110/><E133/><V115/><F134/><N who="0" m="51242" /><D37/><U38/><E110/><V61/><F115/><T71/><D71/><U39/><E103/><V73/><F33/><T57/><D109/><U41/><E38/><V2/><F2/><T119/><D119/><U112/><E112/><V54/><F105/><T87/><D127/><N who="1" m="48715" /><E89/><V91/><F91/><T36/><D36/><U130/><E130/><V113/><F113/><T122/><N who="0" m="31264" /><T117/><D117/><U79/><E79/><V48/><F61/><T72/><D72/><U101/><E101/><V107/><F104/><T86/><D78/><U93/><E94/><V3/><F3/><T35/><D35/><U1/><E1/><V111/><F111/><T129/><D129/><U126/><N who="1" m="48723" /><U116/><DORA hai="128" /><E116/><V43/><F43/><T77/><D77/><U69/><E67/><V49/><REACH who="2" step="1"/><F50/><REACH who="2" ten="350,306,384,0" step="2"/><T114/><D114/><U34/><E34/><V70/><AGARI ba="0,1" hai="44,45,48,49,52,54,60,64,70,73,75,96,100,107" machi="70" ten="20,12000,3" yaku="1,1,2,1,0,1,7,1,9,1,52,2,54,1,53,0" doraHai="42,128" doraHaiUra="76,84" who="2" fromWho="2" sc="350,-40,306,-80,384,130,0,0" /><INIT seed="2,0,0,5,5,54" ten="310,226,514,0" oya="2" hai0="106,48,73,45,65,53,131,39,32,125,128,134,52" hai1="60,135,79,50,63,75,88,111,110,44,113,77,132" hai2="80,85,124,133,117,76,114,46,59,97,98,92,109" hai3=""/><V40/><F114/><T74/><D32/><U71/><E113/><V126/><F117/><T82/><D106/><U127/><E127/><V41/><F133/><N who="1" m="51273" /><E75/><V1/><F1/><T94/><D134/><U35/><E35/><V49/><F109/><N who="1" m="41481" /><E88/><V62/><F41/><T37/><D125/><N who="2" m="48234" /><F92/><T86/><D94/><U0/><E0/><V36/><F36/><T121/><N who="0" m="31008" /><T115/><D115/><U47/><E71/><V58/><F62/><N who="1" m="23593" /><E50/><V34/><F34/><T130/><D37/><U66/><E66/><V105/><F98/><T42/><D65/><U87/><E87/><V102/><AGARI ba="0,0" hai="40,46,49,58,59,76,80,85,97,102,105" m="48234" machi="102" ten="30,4000,0" yaku="18,1,52,2" doraHai="54" who="2" fromWho="2" sc="310,-20,226,-20,514,40,0,0" /><INIT seed="2,1,0,5,2,111" ten="290,206,554,0" oya="2" hai0="68,80,102,49,74,108,112,124,88,56,83,106,64" hai1="125,134,101,55,114,57,59,40,118,52,0,71,99" hai2="69,78,131,129,54,81,65,87,119,51,127,94,62" hai3=""/><V76/><F119/><T117/><D117/><U33/><E118/><V90/><F127/><T89/><D108/><U48/><E125/><V79/><REACH who="2" step="1"/><F81/><REACH who="2" ten="290,206,544,0" step="2"/><T3/><D124/><U105/><E33/><V103/><F103/><T43/><D83/><U104/><E0/><V50/><F50/><T93/><D49/><U91/><E134/><V44/><AGARI ba="1,1" hai="44,51,54,62,65,69,76,78,79,87,90,94,129,131" machi="44" ten="30,2000,0" yaku="1,1,0,1,53,0" doraHai="111" doraHaiUra="115" who="2" fromWho="2" sc="290,-11,206,-11,544,32,0,0" /><INIT seed="2,2,0,5,3,78" ten="279,195,576,0" oya="2" hai0="82,123,99,124,45,89,97,73,0,100,90,81,98" hai1="52,2,72,134,42,63,112,1,109,38,128,68,107" hai2="56,95,37,35,62,126,127,34,77,93,103,48,85" hai3=""/><V91/><F37/><T131/><N who="0" m="31520" /><T41/><D0/><U132/><E52/><V105/><F105/><T32/><D32/><U53/><E53/><V36/><F36/><T47/><D131/><U115/><E63/><V61/><F77/><T54/><D124/><N who="2" m="47658" /><F103/><T71/><D71/><U75/><E42/><V101/><F101/><T39/><D100/><U94/><E94/><V80/><F35/><T59/><D47/><U86/><E86/><V50/><F34/><T102/><D73/><U120/><E75/><V114/><F114/><T74/><D102/><U70/><E115/><V130/><F130/><T104/><D74/><U49/><E49/><N who="2" m="19051" /><F61/><T108/><D104/><U58/><E1/><V116/><F116/><T121/><N who="0" m="31008" /><T117/><D117/><U96/><E2/><V65/><AGARI ba="2,0" hai="56,62,65,80,85,91,93,95" m="19051,47658" machi="65" ten="30,2000,0" yaku="18,1,52,1" doraHai="78" who="2" fromWho="2" sc="279,-12,195,-12,576,24,0,0" /><INIT seed="2,3,0,4,4,111" ten="267,183,600,0" oya="2" hai0="127,71,61,53,64,43,51,124,44,76,41,46,100" hai1="93,42,113,118,63,134,92,83,105,3,36,99,86" hai2="98,68,126,65,96,80,55,102,78,1,88,132,128" hai3=""/><V54/><F132/><T59/><D76/><U45/><E3/><V48/><F128/><T101/><D101/><U58/><E134/><V97/><F126/><T109/><D100/><U95/><E118/><V73/><F1/><T131/><D131/><U57/><E105/><V62/><F55/><T87/><D87/><U70/><E70/><V123/><N who="2" m="31520" /><V74/><F74/><T125/><D109/><U39/><E39/><V130/><F130/><T75/><D75/><U119/><E119/><V67/><F67/><T69/><D69/><U129/><E129/><V114/><F114/><T85/><D85/><U135/><E135/><V52/><F54/><T2/><D2/><U40/><E40/><AGARI ba="3,0" hai="40,41,43,44,46,51,53,59,61,64,71,124,125,127" machi="40" ten="40,8000,1" yaku="18,1,34,3" doraHai="111" who="0" fromWho="1" sc="267,86,183,-86,600,0,0,0" /><INIT seed="4,0,0,0,0,135" ten="353,97,600,0" oya="0" hai0="33,83,88,102,90,64,91,126,61,75,108,73,63" hai1="77,121,110,32,134,112,101,120,105,99,124,48,42" hai2="115,37,68,114,79,2,107,72,57,96,53,100,71" hai3=""/><T119/><D33/><U132/><N who="1" m="30752" /><U65/><N who="1" m="31008" /><U86/><E32/><V89/><F37/><T118/><D102/><U35/><E35/><V39/><F39/><T55/><D108/><U40/><E110/><V130/><F130/><T60/><D64/><U103/><E112/><N who="2" m="43051" /><F2/><T1/><D1/><U92/><E65/><V122/><N who="2" m="31264" /><V41/><F41/><T36/><D36/><U74/><E40/><V47/><F47/><T104/><D104/><U78/><E48/><V34/><F34/><T82/><D55/><U58/><E58/><V129/><F129/><T0/><D126/><U123/><N who="1" m="31520" /><U127/><E42/><V97/><F79/><N who="1" m="30217" /><E74/><N who="0" m="28169" /><D0/><U52/><E52/><V54/><F72/><T66/><D66/><U87/><E134/><V113/><F113/><T46/><D46/><U109/><E132/><V49/><F54/><T85/><D61/><U43/><E43/><V111/><F111/><T117/><D63/><U131/><E109/><V38/><F38/><T98/><D60/><U59/><E59/><V45/><F57/><T95/><D119/><U56/><E56/><V81/><F68/><T106/><D118/><U84/><E131/><V133/><F71/><T94/><D117/><U93/><E105/><RYUUKYOKU ba="0,0" sc="353,-10,97,20,600,-10,0,0" hai1="84,86,87,92,93,99,101,103,124,127" /><INIT seed="5,1,0,0,2,72" ten="343,117,590,0" oya="1" hai0="76,52,63,33,127,64,121,122,46,129,133,90,65" hai1="112,116,95,101,87,41,58,55,38,74,91,49,93" hai2="89,42,104,43,35,134,92,98,106,3,124,114,113" hai3=""/><U88/><E116/><V50/><F35/><T51/><N who="0" m="31008" /><T86/><N who="0" m="31264" /><T96/><D129/><U62/><E112/><N who="2" m="43115" /><F3/><T73/><D33/><U111/><E111/><V75/><F75/><T94/><D133/><U77/><E101/><V130/><F130/><T103/><D127/><U126/><E126/><V40/><F134/><T47/><D47/><U39/><E74/><V60/><F60/><T118/><D118/><U105/><E105/><N who="2" m="40555" /><F124/><T82/><D63/><U85/><REACH who="1" step="1"/><E77/><REACH who="1" ten="343,107,590,0" step="2"/><V81/><F81/><AGARI ba="1,1" hai="46,51,52,64,65,73,76,81,82,86,90,94,96,103" m="31264,31008" machi="81" ten="30,8000,1" yaku="7,1,52,3,54,1" doraHai="72" who="0" fromWho="2" sc="343,92,107,0,590,-82,0,0" /><BYE who="1" /><INIT seed="6,0,0,1,4,70" ten="435,107,508,0" oya="2" hai0="86,97,62,132,91,128,65,0,44,49,59,46,58" hai1="126,96,106,69,82,88,121,103,94,79,101,102,52" hai2="80,72,99,113,3,55,71,98,51,124,40,77,90" hai3=""/><V104/><F124/><T89/><D0/><U57/><E57/><V100/><F113/><T108/><D108/><U68/><E68/><V118/><F118/><T131/><D132/><U53/><E53/><V42/><F71/><T105/><D91/><U107/><E107/><V32/><F32/><T93/><D131/><U116/><E116/><V54/><F54/><T2/><D128/><U111/><E111/><V78/><F78/><T43/><D105/><U134/><E134/><V60/><F60/><T85/><D2/><U33/><E33/><V110/><F110/><T76/><D76/><U48/><E48/><V83/><F3/><T119/><D119/><U38/><E38/><V87/><F98/><T81/><D81/><U84/><E84/><V67/><F67/><T133/><D133/><U122/><E122/><V1/><F1/><T114/><D114/><U129/><E129/><V39/><F39/><T63/><REACH who="0" step="1"/><D46/><AGARI ba="0,0" hai="40,42,46,51,55,72,77,80,83,87,90,99,100,104" machi="46" ten="30,1500,0" yaku="7,1" doraHai="70" who="2" fromWho="0" sc="435,-15,107,0,508,15,0,0" owari="420,2.0,107,-49.0,523,47.0,0,0.0" /></mjloggm>