<mjloggm ver="2.3"><GO type="169" lobby="0"/><UN n0="%74%73%75%72%75%68%6F" n1="%E6%AD%8C%E8%88%9E%E4%BC%8E%E5%90%9B" n2="%E3%81%BE%E3%81%8F%E3%81%A9%E3%81%AA%E3%82%8B%E3%81%AA%E3%82%8B%E3%81%A9" n3="%52%65%64%62%75%6C%6C" dan="17,16,16,18" rate="2196.64,2103.57,2118.48,2209.94" sx="M,M,M,F"/><TAIKYOKU oya="0"/><INIT seed="0,0,0,2,1,26" ten="250,250,250,250" oya="0" hai0="6,113,76,7,60,29,104,106,49,74,66,33,107" hai1="64,116,98,38,117,3,135,47,114,48,83,103,59" hai2="87,97,35,5,127,93,8,62,111,40,20,96,73" hai3="130,36,134,23,31,27,92,101,34,121,132,115,43"/><T9/><D113/><U109/><E3/><V39/><F35/><W128/><G36/><T99/><D76/><U89/><E114/><V18/><F111/><W17/><G101/><T118/><D74/><U108/><E89/><V65/><F73/><W42/><G92/><T53/><D118/><U133/><E83/><V50/><F39/><W37/><G115/><T11/><D99/><U52/><E98/><V45/><F127/><W125/><G37/><T68/><D33/><U110/><E103/><V102/><F87/><W126/><G43/><T119/><D119/><N who="1" m="45643" /><E64/><V69/><F97/><W30/><G42/><AGARI ba="0,0" hai="38,42,47,48,52,59,108,109,110,133,135" m="45643" machi="42" ten="40,8000,1" yaku="14,1,34,2,54,1" doraHai="26" who="1" fromWho="3" sc="250,0,250,80,250,0,250,-80" /><INIT seed="1,0,0,2,0,33" ten="250,330,250,170" oya="1" hai0="24,98,29,112,134,30,6,91,40,121,135,39,27" hai1="38,2,114,45,106,35,108,31,41,110,66,68,53" hai2="8,104,28,129,131,37,76,100,115,64,80,11,10" hai3="44,70,105,48,113,25,132,9,77,109,94,4,84"/><U130/><E114/><V36/><F64/><W1/><G105/><T65/><D65/><U78/><E106/><V86/><F115/><W97/><G113/><T19/><D112/><U79/><E130/><N who="2" m="49675" /><F28/><N who="0" m="10858" /><D40/><U49/><E2/><V18/><F18/><W0/><G70/><T73/><D39/><N who="2" m="14922" /><F104/><W122/><G122/><T119/><D121/><U67/><E31/><V42/><F42/><W13/><G109/><N who="1" m="42090" /><E35/><V21/><F21/><W55/><G132/><T83/><D19/><U54/><E54/><V96/><F96/><W59/><G25/><T75/><D27/><U16/><E67/><V3/><F100/><W117/><G117/><T103/><D24/><U87/><E87/><V20/><F20/><W5/><G5/><AGARI ba="0,0" hai="3,5,8,10,11,76,80,86" m="14922,49675" machi="5" ten="30,2000,0" yaku="19,1,52,1" doraHai="33" who="2" fromWho="3" sc="250,0,330,0,250,20,170,-20" /><INIT seed="2,0,0,2,0,21" ten="250,330,270,150" oya="2" hai0="109,52,13,130,69,80,86,53,26,67,87,33,102" hai1="44,127,90,103,135,75,25,92,123,39,124,15,76" hai2="37,7,79,45,48,66,38,40,60,133,31,131,24" hai3="19,70,129,94,11,134,47,58,126,3,105,14,36"/><V74/><F131/><W35/><G105/><T50/><D130/><U132/><E123/><V68/><F133/><N who="1" m="51273" /><E103/><V17/><F7/><W8/><G70/><T59/><D109/><U77/><E15/><V118/><F118/><W5/><G126/><N who="1" m="48170" /><E75/><V23/><F74/><W32/><G129/><T111/><D111/><U93/><E93/><V2/><F2/><W128/><G128/><T63/><D102/><U106/><E106/><V55/><F79/><W64/><G94/><T72/><D13/><U0/><E0/><V107/><F107/><W97/><G97/><T34/><D72/><U100/><E100/><V12/><REACH who="2" step="1"/><F40/><REACH who="2" ten="250,330,260,150" step="2"/><W30/><G5/><T20/><D87/><N who="1" m="52319" /><E25/><V9/><AGARI ba="0,1" hai="9,12,17,23,24,31,37,38,45,48,55,60,66,68" machi="9" ten="20,7800,0" yaku="1,1,0,1,7,1,52,1,53,0" doraHai="21" doraHaiUra="88" who="2" fromWho="2" sc="250,-26,330,-26,260,88,150,-26" /><INIT seed="2,1,0,5,2,30" ten="224,304,348,124" oya="2" hai0="59,37,89,97,106,73,67,43,128,10,33,63,76" hai1="22,62,44,15,96,16,124,53,64,18,17,41,127" hai2="27,80,135,122,132,46,26,104,40,56,29,55,66" hai3="95,126,77,123,34,103,0,133,2,88,24,94,119"/><V99/><F122/><W92/><G119/><T102/><D128/><U4/><E4/><V129/><F129/><W120/><G77/><T72/><D76/><U108/><E108/><V70/><F80/><W47/><G133/><N who="2" m="51273" /><F70/><W1/><G126/><N who="1" m="48170" /><E53/><V86/><F86/><W111/><G111/><T84/><D10/><U49/><E96/><V54/><F27/><W28/><G103/><T52/><D67/><U65/><E65/><V31/><F31/><W100/><G100/><T35/><D43/><U74/><E74/><V117/><F117/><W13/><G13/><T78/><D37/><U5/><E5/><V39/><F99/><W32/><G32/><T45/><D45/><U114/><E114/><V48/><F104/><W11/><G11/><T98/><D98/><U38/><E38/><V107/><F107/><W6/><G6/><T58/><D58/><AGARI ba="1,0" hai="15,16,17,18,22,41,44,49,58,62,64" m="48170" machi="58" ten="30,2000,0" yaku="18,1,54,1" doraHai="30" who="1" fromWho="0" sc="224,-23,304,23,348,0,124,0" /><INIT seed="3,0,0,3,2,71" ten="201,327,348,124" oya="3" hai0="53,85,59,0,41,60,106,131,100,32,12,117,96" hai1="31,123,122,107,45,28,11,10,119,121,73,16,125" hai2="99,93,65,22,13,5,80,108,34,70,51,115,49" hai3="118,113,57,86,61,127,90,43,37,3,82,76,102"/><W8/><G118/><T81/><D117/><U130/><E119/><V55/><F115/><W35/><G113/><T98/><D131/><U101/><E73/><V15/><F34/><W79/><G35/><T46/><D32/><U134/><E45/><V38/><F38/><W78/><G127/><T18/><D0/><U64/><E64/><V89/><F108/><W25/><G25/><T4/><D4/><U19/><E101/><V109/><F109/><W75/><G102/><T40/><D46/><U6/><E107/><V103/><F70/><W1/><G75/><T21/><REACH who="0" step="1"/><D98/><REACH who="0" ten="191,327,348,124" step="2"/><U120/><E122/><V72/><F5/><W9/><G1/><T33/><D33/><U69/><E130/><V52/><F99/><W116/><G3/><T63/><D63/><U110/><E110/><V129/><F129/><W66/><G116/><T68/><D68/><U135/><E69/><V47/><F47/><W48/><G61/><T111/><D111/><U56/><E125/><V88/><F51/><W62/><G48/><T44/><D44/><U67/><E56/><V20/><F49/><W94/><G43/><T36/><D36/><U58/><E58/><V114/><F114/><W84/><REACH who="3" step="1"/><G37/><REACH who="3" ten="191,327,348,114" step="2"/><T87/><D87/><U26/><E123/><V74/><F72/><W30/><G30/><T42/><D42/><U104/><E31/><V132/><F74/><W23/><G23/><T2/><D2/><U54/><E28/><V126/><F20/><W128/><G128/><T24/><D24/><U29/><E26/><V39/><F22/><W95/><G95/><T7/><D7/><RYUUKYOKU ba="0,2" sc="191,15,327,-15,348,-15,114,15" hai0="12,18,21,40,41,53,59,60,81,85,96,100,106" hai3="8,9,57,62,66,76,78,79,82,84,86,90,94" /><INIT seed="3,1,2,1,0,7" ten="206,312,333,129" oya="3" hai0="8,18,108,114,53,124,27,99,49,39,3,60,101" hai1="4,71,5,16,87,91,19,36,135,2,23,81,125" hai2="120,9,119,77,22,33,78,40,93,42,56,26,12" hai3="88,83,43,30,121,73,134,113,46,129,80,61,6"/><W110/><G113/><T0/><D39/><U75/><E36/><V69/><F69/><W133/><G121/><T31/><D114/><U14/><E71/><V45/><F120/><W112/><G112/><T64/><D108/><U29/><E135/><N who="3" m="51722" /><G129/><T103/><D124/><U111/><E125/><V122/><F122/><W90/><G110/><T10/><D3/><U105/><E105/><V109/><F109/><W84/><G30/><T107/><D0/><U76/><E111/><V94/><F33/><W117/><G117/><T116/><D18/><U89/><E29/><N who="2" m="17623" /><F119/><W58/><G6/><N who="1" m="2666" /><E75/><V48/><F56/><W131/><G131/><T100/><D116/><U21/><E2/><V106/><F106/><W92/><G90/><T28/><D103/><U126/><E126/><V20/><F78/><W38/><G73/><T123/><D101/><U74/><E74/><V37/><F77/><W85/><G85/><T97/><D97/><U11/><E23/><V55/><F20/><W65/><AGARI ba="1,2" hai="38,43,46,58,61,65,80,83,84,88,92" m="51722" machi="65" ten="30,3000,0" yaku="20,1,54,1" doraHai="7" who="3" fromWho="3" sc="206,-11,312,-11,333,-11,129,53" /><INIT seed="3,2,0,1,0,53" ten="195,301,322,182" oya="3" hai0="120,6,8,23,20,72,39,94,97,63,66,16,29" hai1="81,118,115,59,4,5,14,82,83,34,126,85,3" hai2="106,0,48,74,128,78,21,69,122,38,60,76,43" hai3="18,58,42,93,113,107,129,62,134,116,12,124,75"/><W1/><G107/><T31/><D72/><U77/><E34/><V79/><F106/><W100/><G1/><T61/><D39/><U24/><E115/><V47/><F0/><W73/><G113/><T125/><D120/><U89/><E118/><V19/><F122/><W90/><G100/><T68/><D125/><U105/><E3/><V56/><F128/><W28/><G116/><T88/><D63/><U119/><E105/><V55/><F74/><W96/><G134/><T117/><D117/><U32/><E119/><V102/><F102/><W98/><G98/><T30/><REACH who="0" step="1"/><D16/><REACH who="0" ten="185,301,322,182" step="2"/><U7/><E126/><V103/><F103/><W71/><G124/><T40/><D40/><U114/><E114/><V92/><F38/><W13/><G129/><T57/><D57/><U25/><E59/><V110/><F69/><W123/><G71/><T49/><D49/><U15/><E25/><V130/><F130/><W135/><G123/><T51/><D51/><U91/><E24/><V64/><F110/><W27/><G42/><T132/><D132/><U45/><E45/><V50/><F50/><W80/><G18/><T70/><D70/><U111/><E111/><V44/><F43/><W2/><G75/><T87/><D87/><N who="1" m="48559" /><E32/><V133/><F133/><W17/><G135/><T36/><D36/><U101/><E85/><V41/><F41/><W46/><G46/><T37/><D37/><U109/><E109/><V35/><F35/><N who="3" m="20895" /><G17/><T11/><D11/><U112/><E112/><V99/><F47/><W22/><G73/><T131/><D131/><U65/><E14/><AGARI ba="2,1" hai="6,8,14,20,23,29,30,31,61,66,68,88,94,97" machi="14" ten="40,2600,0" yaku="1,1,54,1,53,0" doraHai="53" doraHaiUra="33" who="0" fromWho="1" sc="185,42,301,-32,322,0,182,0" /><INIT seed="4,0,0,4,1,53" ten="227,269,322,182" oya="0" hai0="43,84,86,106,103,28,67,73,13,112,97,31,26" hai1="51,1,119,40,27,81,78,24,7,133,100,34,104" hai2="35,115,16,19,88,30,3,74,44,93,0,123,117" hai3="87,29,96,101,121,75,63,109,95,131,71,8,36"/><T41/><D73/><U42/><E119/><V127/><F117/><W91/><G109/><T33/><D112/><U82/><E133/><V46/><F115/><W47/><G131/><T134/><D134/><U128/><E128/><V25/><F74/><W21/><G121/><T129/><D129/><U130/><E130/><V76/><F76/><W111/><G75/><T60/><D31/><U2/><E51/><V50/><F123/><W105/><G111/><T38/><D13/><U125/><E100/><V116/><F116/><W83/><G8/><T65/><D65/><U12/><E12/><V15/><F127/><W49/><G36/><T118/><D118/><U64/><E64/><V17/><F15/><W98/><G71/><T120/><D120/><U90/><E90/><V135/><F135/><W48/><G63/><T58/><REACH who="0" step="1"/><D38/><REACH who="0" ten="217,269,322,182" step="2"/><U79/><E125/><V89/><F0/><W122/><G122/><T23/><D23/><U61/><E34/><V6/><F3/><W77/><G29/><T126/><D126/><U4/><E1/><V132/><F132/><W102/><G21/><T45/><D45/><U39/><E2/><V124/><F124/><W69/><G69/><T56/><D56/><U22/><E39/><V72/><F72/><N who="3" m="43431" /><G47/><T5/><D5/><U55/><E22/><V11/><F46/><W54/><G54/><T113/><D113/><U110/><E55/><V10/><F6/><W32/><G32/><T70/><D70/><U14/><E110/><V59/><F44/><W108/><G108/><T94/><D94/><AGARI ba="0,1" hai="48,49,87,91,94,95,96,98,101,102,105" m="43431" machi="94" ten="30,1000,0" yaku="24,1" doraHai="53" who="3" fromWho="0" sc="217,-10,269,0,322,0,182,20" /><INIT seed="5,0,0,3,4,12" ten="207,269,322,202" oya="1" hai0="114,117,130,94,118,86,7,41,95,49,25,121,110" hai1="76,112,124,65,39,31,23,74,13,104,87,17,43" hai2="55,2,60,72,102,58,44,127,80,119,4,134,84" hai3="78,57,10,101,21,37,38,54,122,106,109,14,115"/><U19/><E104/><V69/><F72/><W1/><G122/><T47/><D110/><U59/><E112/><V50/><F119/><W5/><G109/><T132/><D121/><U67/><E124/><V92/><F127/><W85/><G115/><T32/><D114/><U107/><E107/><V91/><F134/><W33/><G33/><T73/><D73/><U42/><E74/><V77/><F69/><W46/><G106/><T34/><D132/><U111/><E31/><V66/><F2/><W113/><G101/><T9/><D130/><U26/><E111/><V116/><F116/><W56/><G56/><T70/><D70/><U75/><E75/><V16/><F4/><W89/><G78/><T48/><D118/><U71/><E39/><V24/><F102/><W64/><G64/><N who="1" m="24650" /><E59/><V99/><F24/><W96/><G96/><T128/><D117/><U52/><E52/><V81/><F81/><W97/><G97/><T135/><D135/><U11/><E71/><V82/><F82/><AGARI ba="0,0" hai="11,13,17,19,23,26,42,43,76,82,87" m="24650" machi="82" ten="30,5800,0" yaku="8,1,52,2" doraHai="12" who="1" fromWho="2" sc="207,0,269,58,322,-58,202,0" /><INIT seed="5,1,0,1,0,37" ten="207,327,264,202" oya="1" hai0="98,24,72,134,96,66,40,105,77,124,15,54,56" hai1="121,8,35,94,80,29,6,43,64,113,34,92,75" hai2="128,71,90,111,87,33,126,26,0,129,47,52,30" hai3="25,28,4,93,16,21,60,131,45,32,117,84,70"/><U19/><E121/><V103/><F111/><W36/><G131/><N who="2" m="50249" /><F71/><W74/><G74/><T2/><D2/><U91/><E113/><V83/><F0/><W57/><G117/><T101/><D134/><U106/><E106/><V61/><F103/><W3/><G70/><T1/><D1/><U130/><E64/><V85/><F126/><W46/><G84/><T38/><D124/><U79/><E130/><V11/><F11/><W69/><G69/><T18/><D66/><U133/><E133/><V39/><F87/><W27/><G93/><T99/><D24/><U59/><E94/><V5/><F5/><W10/><REACH who="3" step="1"/><G36/><REACH who="3" ten="207,327,264,192" step="2"/><T9/><D72/><U132/><E92/><V118/><F118/><W13/><G13/><T110/><D110/><U120/><E75/><V114/><F39/><W76/><G76/><T97/><D77/><U65/><E79/><V125/><F125/><W58/><G58/><T51/><REACH who="0" step="1"/><D38/><REACH who="0" ten="197,327,264,192" step="2"/><U119/><E132/><V78/><F78/><W44/><G44/><T12/><D12/><U109/><E119/><V31/><F47/><W123/><G123/><T62/><D62/><U112/><E120/><V49/><F61/><W42/><G42/><AGARI ba="1,2" hai="9,15,18,40,42,51,54,56,96,97,98,99,101,105" machi="42" ten="40,5200,0" yaku="1,1,52,2,53,0" doraHai="37" doraHaiUra="73" who="0" fromWho="3" sc="197,75,327,0,264,0,192,-55" /><INIT seed="6,0,0,1,4,62" ten="272,327,264,137" oya="2" hai0="92,118,50,6,14,24,33,115,9,124,79,104,34" hai1="128,119,25,105,89,46,112,41,37,77,18,91,42" hai2="106,69,70,22,134,66,0,44,121,71,48,102,55" hai3="38,49,78,75,88,84,99,23,80,113,13,135,67"/><V68/><F0/><W21/><G135/><T16/><D104/><U94/><E119/><V30/><F121/><W7/><G38/><T60/><D118/><U122/><E105/><V114/><F106/><W3/><G3/><T63/><D115/><U133/><E77/><V47/><F102/><W120/><G120/><T86/><D124/><U10/><E42/><V27/><F114/><W1/><G1/><T87/><D34/><U81/><E81/><V12/><F134/><W90/><G113/><T116/><D116/><U36/><E46/><V108/><F108/><W52/><G99/><T132/><D132/><U83/><E41/><V26/><F12/><W11/><G67/><T2/><D50/><U4/><E94/><V110/><F110/><W31/><G31/><N who="0" m="19687" /><D87/><U56/><E37/><V98/><F98/><W85/><G75/><T95/><D95/><U20/><E36/><V97/><F97/><W8/><G8/><T109/><D109/><U125/><E122/><V53/><F26/><W29/><G29/><T93/><D93/><U117/><E117/><V32/><F32/><W107/><G107/><T129/><D92/><U82/><E112/><V123/><F123/><W76/><G76/><T101/><D79/><U73/><E133/><V54/><REACH who="2" step="1"/><F48/><REACH who="2" ten="272,327,254,137" step="2"/><W28/><G84/><T65/><D86/><U130/><E25/><V111/><F111/><W74/><G74/><T61/><D2/><U35/><E73/><V19/><F19/><W72/><G72/><T15/><D16/><U58/><E18/><V57/><F57/><N who="3" m="32911" /><G28/><T45/><D101/><U96/><E96/><RYUUKYOKU ba="0,1" sc="272,-15,327,-15,254,15,137,15" hai2="22,27,30,44,47,53,54,55,66,68,69,70,71" hai3="7,11,13,21,23,78,80,85,88,90" /><INIT seed="6,1,1,4,0,54" ten="257,312,269,152" oya="2" hai0="23,109,47,29,64,32,58,62,34,80,12,6,0" hai1="133,106,36,10,55,78,11,59,25,31,95,119,68" hai2="4,79,2,116,37,40,126,26,94,46,52,130,107" hai3="63,90,87,18,56,134,5,28,83,66,117,77,49"/><V67/><F116/><W42/><G134/><T128/><D109/><U1/><E68/><V76/><F107/><W104/><G117/><T75/><D0/><U21/><E106/><V115/><F115/><W86/><G104/><T41/><D128/><U17/><E119/><V30/><F130/><W132/><G132/><T97/><D97/><U114/><E36/><V19/><F126/><W100/><G100/><T24/><D6/><U118/><E118/><V93/><F67/><W122/><G122/><T98/><D98/><U123/><E133/><V113/><F113/><W61/><G28/><T7/><D7/><U105/><E105/><V69/><F69/><W45/><G5/><T111/><D12/><U85/><E1/><V108/><F108/><W121/><G121/><T44/><D111/><U74/><E74/><V53/><F19/><W38/><G38/><T103/><D103/><U102/><E123/><V57/><F4/><W50/><G63/><T43/><D80/><N who="1" m="47255" /><E114/><V9/><F2/><W72/><G50/><N who="0" m="26895" /><D75/><U101/><E95/><V51/><F9/><N who="1" m="3081" /><E17/><V129/><F129/><W131/><G131/><T82/><D82/><U71/><E71/><V39/><F39/><W120/><G120/><T27/><D34/><U110/><E110/><V92/><REACH who="2" step="1"/><F53/><REACH who="2" ten="257,312,259,152" step="2"/><W124/><G124/><T16/><D16/><U15/><E15/><V13/><F13/><W96/><G18/><N who="0" m="12407" /><D43/><U112/><E112/><V3/><F3/><W99/><REACH who="3" step="1"/><G72/><REACH who="3" ten="257,312,259,142" step="2"/><T125/><D125/><U20/><E31/><V88/><F88/><W35/><G35/><AGARI ba="1,3" hai="26,30,35,37,40,46,51,52,57,76,79,92,93,94" machi="35" ten="40,12000,1" yaku="1,1,52,1,54,1,53,2" doraHai="54" doraHaiUra="73" who="2" fromWho="3" sc="257,0,312,0,259,153,142,-123" /><INIT seed="6,2,0,4,0,70" ten="257,312,412,19" oya="2" hai0="109,77,25,69,117,85,14,71,81,23,107,79,133" hai1="42,73,46,86,68,75,130,131,74,49,94,82,64" hai2="39,60,52,3,43,19,31,126,51,6,16,2,127" hai3="93,22,111,134,1,116,50,119,29,13,95,98,102"/><V108/><F108/><W132/><G1/><T63/><D109/><U65/><E94/><V41/><F31/><W115/><G111/><T62/><D107/><U76/><REACH who="1" step="1"/><E68/><REACH who="1" ten="257,302,412,19" step="2"/><V96/><F126/><W53/><G115/><T118/><D71/><U99/><E99/><V33/><F96/><W48/><G95/><T17/><D133/><N who="3" m="51305" /><G50/><T34/><D69/><U58/><E58/><V78/><F127/><W91/><G102/><T101/><D101/><U110/><E110/><V27/><F51/><W11/><G29/><N who="0" m="19759" /><D77/><U10/><E10/><V38/><F78/><W80/><G80/><T4/><D4/><U56/><E56/><V128/><F6/><N who="3" m="3319" /><G22/><T21/><D23/><U66/><AGARI ba="2,1" hai="42,46,49,64,65,66,73,74,75,76,82,86,130,131" machi="66" ten="40,2700,0" yaku="1,1,0,1,53,0" doraHai="70" doraHaiUra="97" who="1" fromWho="1" sc="257,-9,302,43,412,-15,19,-9" /><INIT seed="7,0,0,5,1,58" ten="248,345,397,10" oya="3" hai0="50,41,83,80,64,107,31,21,126,91,94,102,45" hai1="24,74,56,18,61,71,62,14,95,43,121,77,34" hai2="134,48,86,1,97,78,135,104,60,81,57,6,33" hai3="82,36,129,117,73,54,93,67,70,37,128,76,92"/><W105/><G117/><T42/><D126/><U49/><E121/><V68/><F33/><W108/><G105/><T27/><D107/><U75/><E71/><V46/><F68/><W52/><G108/><T13/><D102/><U10/><E75/><V63/><F57/><W12/><G12/><T100/><D100/><U132/><E132/><N who="2" m="50731" /><F97/><W114/><G114/><T40/><D13/><U4/><E74/><V22/><F104/><W87/><G36/><T39/><D64/><U118/><E118/><V89/><F22/><W112/><G37/><T35/><D35/><U15/><E77/><V101/><F101/><W66/><G112/><T127/><D127/><U124/><E124/><V17/><F17/><W98/><G73/><T16/><D31/><U32/><E32/><V88/><F6/><W72/><G72/><T44/><D41/><U130/><E130/><N who="3" m="50282" /><G92/><T51/><REACH who="0" step="1"/><D39/><REACH who="0" ten="238,345,397,10" step="2"/><U5/><E34/><V84/><F1/><W106/><G106/><T133/><D133/><U65/><E65/><N who="3" m="24586" /><G70/><T0/><D0/><U53/><E5/><V69/><F69/><W11/><G11/><T116/><D116/><U28/><E43/><V119/><F119/><W3/><G3/><T26/><D26/><U25/><E95/><V125/><F125/><W29/><G29/><T20/><D20/><N who="1" m="15399" /><E24/><V99/><F81/><W115/><G115/><T47/><D47/><U2/><E2/><V79/><F46/><W7/><G7/><T110/><D110/><U120/><E120/><V111/><F111/><W55/><G93/><T123/><D123/><U30/><E30/><V90/><F99/><AGARI ba="0,1" hai="52,54,55,76,82,87,98,99" m="24586,50282" machi="99" ten="40,7700,0" yaku="6,1,19,1,54,1" doraHai="58" who="3" fromWho="2" sc="238,0,345,0,397,-77,10,87" /><AGARI ba="0,0" hai="16,21,27,40,42,44,45,50,51,80,83,91,94,99" machi="99" ten="30,12000,2" yaku="1,1,6,1,7,1,9,1,8,1,54,1,53,0" doraHai="58" doraHaiUra="8" who="0" fromWho="2" sc="238,120,345,0,320,-120,97,0" /><INIT seed="7,1,0,3,5,100" ten="358,345,200,97" oya="3" hai0="129,107,32,12,26,97,27,19,85,81,42,65,91" hai1="94,10,57,51,49,16,93,121,43,22,92,31,111" hai2="21,116,39,114,118,73,87,44,74,124,45,0,86" hai3="79,29,88,34,106,15,40,35,75,80,63,36,64"/><W127/><G127/><T133/><D32/><U105/><E105/><V1/><F21/><W7/><G106/><T38/><D129/><U25/><E111/><V68/><F68/><W69/><G29/><T55/><D133/><U37/><E121/><V104/><F104/><W83/><G36/><T95/><D65/><U117/><E117/><V53/><F53/><W78/><G40/><T130/><D130/><U30/><E37/><V58/><F58/><W33/><G88/><T67/><D67/><U24/><E57/><V110/><F110/><W84/><G7/><T4/><D107/><U71/><E71/><V126/><F39/><W17/><REACH who="3" step="1"/><G35/><REACH who="3" ten="358,345,200,87" step="2"/><T50/><D4/><U46/><E31/><V103/><F103/><W99/><G99/><T2/><D42/><U120/><E43/><V59/><F59/><W6/><G6/><T23/><D38/><U18/><E30/><V61/><F61/><W90/><G90/><T109/><D109/><U102/><E120/><V66/><F66/><W77/><G77/><T47/><D2/><U70/><E102/><AGARI ba="1,1" hai="12,19,23,26,27,47,50,55,81,85,91,95,97,102" machi="102" ten="30,2000,0" yaku="7,1,8,1" doraHai="100" who="0" fromWho="1" sc="358,33,345,-23,200,0,87,0" owari="391,49.0,322,12.0,200,-20.0,87,-41.0" /></mjloggm>