<mjloggm ver="2.3"><GO type="169" lobby="0"/><UN n0="%E3%81%9F%E3%81%A1%E3%83%90%E3%83%8A%E3%83%8A%40" n1="%E2%80%A0%E7%99%BD%E5%85%8E%E2%80%A0" n2="%4D%6F%6E%6F%69%64" n3="%E3%83%89%E3%82%B8%E3%83%A3%E3%83%BC%E3%82%B9" dan="17,16,16,16" rate="2160.88,2157.52,2146.01,2147.63" sx="M,M,F,M"/><TAIKYOKU oya="0"/><INIT seed="0,0,0,3,0,132" ten="250,250,250,250" oya="0" hai0="10,90,53,81,5,14,43,22,46,118,7,20,97" hai1="24,27,131,63,37,67,64,12,99,54,30,109,108" hai2="106,76,42,73,135,117,82,6,33,52,103,86,56" hai3="55,36,31,115,84,133,104,19,120,29,79,98,16"/><T134/><D118/><U15/><E37/><V35/><F135/><W25/><G133/><T44/><D134/><U121/><E121/><V57/><F117/><W71/><G115/><T128/><D128/><U126/><E99/><V11/><F42/><W0/><G120/><T62/><D5/><U124/><E54/><V77/><F57/><W49/><G0/><T116/><D116/><U60/><REACH who="1" step="1"/><E30/><REACH who="1" ten="250,240,250,250" step="2"/><V93/><F52/><W119/><G31/><T4/><D97/><U122/><E122/><V45/><F106/><W51/><G55/><T47/><D43/><U91/><E91/><V58/><F103/><W127/><G29/><T95/><D53/><U87/><E87/><V17/><F86/><W34/><G84/><T40/><D40/><U70/><E70/><V88/><F88/><W100/><G71/><T123/><D123/><U13/><E13/><V38/><F38/><W78/><G36/><T9/><D62/><U39/><E39/><V94/><F73/><W96/><G96/><N who="0" m="57463" /><D81/><U111/><E111/><V8/><F82/><W72/><G119/><T105/><D105/><U41/><E41/><V48/><F48/><W112/><G51/><T107/><D107/><U129/><AGARI ba="0,1" hai="12,15,24,27,60,63,64,67,108,109,124,126,129,131" machi="129" ten="25,12000,2" yaku="1,1,0,1,22,2,52,2,53,0" doraHai="132" doraHaiUra="92" who="1" fromWho="1" sc="250,-60,240,130,250,-30,250,-30" /><INIT seed="1,0,0,5,2,33" ten="190,370,220,220" oya="1" hai0="81,46,91,16,48,125,43,23,83,39,113,0,40" hai1="15,127,3,74,76,29,56,70,6,85,111,22,9" hai2="24,86,44,84,55,73,130,134,106,103,96,94,49" hai3="32,120,133,93,25,87,1,10,78,132,11,45,7"/><U41/><E70/><V28/><F73/><W67/><G120/><T4/><D113/><U119/><E119/><V121/><F121/><W128/><G128/><T114/><D114/><U90/><E127/><V26/><F130/><W105/><G105/><T118/><D125/><U79/><E74/><V115/><F115/><W53/><G67/><T18/><D118/><U99/><E111/><V62/><F134/><N who="3" m="51819" /><G11/><T100/><D18/><U57/><E41/><V80/><F106/><W21/><G32/><T88/><D100/><U14/><E99/><V8/><F8/><W42/><G53/><T126/><D126/><U59/><E15/><V77/><F62/><W101/><G78/><T20/><D20/><U71/><E71/><V47/><F86/><W58/><G58/><T68/><D68/><U61/><E61/><V27/><REACH who="2" step="1"/><F47/><REACH who="2" ten="190,370,210,220" step="2"/><W131/><G87/><T60/><D60/><U5/><E5/><V65/><F65/><W52/><G131/><T13/><D4/><U31/><E76/><V104/><F104/><W69/><G69/><T54/><D0/><U92/><E79/><V12/><F12/><W102/><G1/><T89/><REACH who="0" step="1"/><D40/><REACH who="0" ten="180,370,210,220" step="2"/><U30/><E3/><V38/><F38/><W123/><G42/><T19/><D19/><U37/><REACH who="1" step="1"/><E37/><REACH who="1" ten="180,360,210,220" step="2"/><V112/><F112/><W17/><G7/><T63/><D63/><U50/><E50/><V110/><F110/><W64/><G123/><T95/><D95/><U129/><E129/><V66/><F66/><W122/><G64/><T97/><D97/><U51/><E51/><V35/><AGARI ba="0,3" hai="24,26,27,28,35,44,49,55,77,80,84,94,96,103" machi="35" ten="20,5200,0" yaku="1,1,0,1,7,1,53,1" doraHai="33" doraHaiUra="75" who="2" fromWho="2" sc="180,-13,360,-26,210,82,220,-13" /><INIT seed="2,0,0,3,0,105" ten="167,334,292,207" oya="2" hai0="125,97,13,103,11,36,61,71,99,124,102,44,57" hai1="30,72,41,24,73,27,81,43,9,12,21,67,35" hai2="85,111,63,93,55,64,46,109,38,10,108,101,135" hai3="126,78,51,117,65,110,75,20,94,17,22,25,16"/><V127/><F127/><W92/><G126/><T1/><D36/><U6/><E67/><V121/><F121/><W80/><G117/><T37/><D37/><U28/><REACH who="1" step="1"/><E81/><REACH who="1" ten="167,324,292,207" step="2"/><V133/><F64/><W7/><G65/><T120/><D125/><U56/><E56/><N who="2" m="35231" /><F10/><W15/><G110/><T88/><D11/><U114/><E114/><V8/><F8/><W95/><REACH who="3" step="1"/><G51/><REACH who="3" ten="167,324,292,197" step="2"/><T49/><D49/><U45/><E45/><V68/><F46/><W39/><G39/><T130/><D44/><U112/><E112/><V31/><F38/><W83/><G83/><T34/><D124/><U100/><E100/><V132/><F101/><W0/><G0/><T69/><D1/><U62/><E62/><V122/><F122/><W14/><G14/><T42/><D13/><U115/><E115/><V86/><F68/><W48/><G48/><T53/><D69/><U2/><E2/><V134/><F134/><W91/><G91/><T90/><D71/><U26/><E26/><V74/><F93/><W59/><G59/><T87/><D57/><U96/><E96/><V123/><F123/><W98/><G98/><T107/><D97/><U52/><E52/><V129/><F129/><W5/><AGARI ba="0,2" hai="5,7,15,16,17,20,22,25,75,78,80,92,94,95" machi="5" ten="30,7900,0" yaku="1,1,0,1,52,1,54,1,53,0" doraHai="105" doraHaiUra="128" who="3" fromWho="3" sc="167,-20,324,-20,292,-39,197,99" /><INIT seed="3,0,0,0,2,92" ten="147,304,253,296" oya="3" hai0="78,103,108,37,9,31,98,83,48,23,71,64,88" hai1="20,49,106,118,3,63,25,72,45,93,22,19,68" hai2="133,67,89,81,107,110,130,79,56,102,111,57,66" hai3="113,124,50,44,1,100,59,94,33,46,121,36,2"/><W75/><G113/><T119/><D37/><U87/><E106/><V62/><F130/><W109/><G121/><T17/><D119/><U127/><E72/><V60/><F133/><W11/><G75/><T51/><D108/><N who="2" m="41514" /><F89/><W90/><G109/><T7/><D31/><U26/><E3/><V27/><F27/><W104/><G33/><T16/><D71/><U105/><E105/><V10/><F10/><W117/><G117/><T28/><D64/><U61/><E127/><V74/><F107/><W12/><G104/><T134/><D134/><U91/><E68/><V42/><F102/><W132/><G100/><T86/><D103/><U95/><E95/><V122/><F42/><W32/><G32/><T65/><D65/><U70/><E70/><V15/><F15/><W101/><G101/><T47/><D28/><N who="1" m="17447" /><E118/><V115/><F122/><W38/><G132/><T52/><D23/><U131/><E131/><V43/><F43/><AGARI ba="0,0" hai="19,22,26,43,45,49,61,63,87,91,93" m="17447" machi="43" ten="30,1000,0" yaku="8,1" doraHai="92" who="1" fromWho="2" sc="147,0,304,10,253,-10,296,0" /><INIT seed="4,0,0,3,4,95" ten="147,314,243,296" oya="0" hai0="49,30,50,126,10,118,125,11,56,128,130,41,65" hai1="26,76,16,79,85,93,69,73,80,74,24,101,15" hai2="48,40,108,51,13,64,68,90,116,77,14,81,23" hai3="39,98,75,8,7,9,32,1,120,55,91,134,57"/><T47/><D30/><U71/><E71/><V44/><F108/><W110/><G110/><T3/><D3/><U100/><E69/><V113/><F113/><W82/><G32/><T66/><D118/><U62/><E62/><V43/><F116/><W103/><G134/><T127/><D10/><U18/><E85/><V84/><F77/><W21/><G39/><T46/><D11/><U36/><E36/><V124/><F124/><W106/><G120/><T86/><D86/><U92/><E15/><V6/><F6/><W97/><G9/><T109/><D109/><U12/><E12/><V2/><F2/><W37/><G37/><T35/><D35/><U33/><E33/><V61/><REACH who="2" step="1"/><F23/><REACH who="2" ten="147,314,233,296" step="2"/><W133/><G21/><T83/><D83/><AGARI ba="0,1" hai="16,18,24,26,73,74,76,79,80,83,92,93,100,101" machi="83" ten="25,3200,0" yaku="22,2,54,1" doraHai="95" who="1" fromWho="0" sc="147,-32,314,42,233,0,296,0" /><INIT seed="5,0,0,5,3,12" ten="115,356,233,296" oya="1" hai0="26,47,48,122,59,133,127,19,101,120,108,118,106" hai1="85,28,121,53,55,42,56,6,20,134,36,125,52" hai2="116,0,63,89,109,93,50,44,9,33,103,8,95" hai3="94,22,117,57,14,129,3,96,46,40,135,65,105"/><U38/><E121/><V24/><F109/><W110/><G110/><T43/><D108/><U35/><E35/><V98/><F116/><W115/><G3/><T84/><D118/><U7/><E125/><V99/><F0/><W25/><G117/><T70/><D70/><U107/><E107/><V49/><F63/><W91/><G115/><T128/><D127/><U90/><E134/><V29/><REACH who="2" step="1"/><F50/><REACH who="2" ten="115,356,223,296" step="2"/><W16/><G135/><T32/><D133/><U75/><E38/><V78/><F78/><W86/><G129/><T21/><D128/><U30/><E36/><V68/><F68/><W74/><G74/><T62/><D122/><U60/><E75/><V4/><F4/><W100/><G65/><T112/><D120/><U76/><E76/><V39/><F39/><W18/><G57/><T104/><D112/><U45/><E6/><V23/><F23/><W69/><G69/><T10/><D32/><U113/><E7/><V124/><F124/><W15/><G18/><T80/><D10/><U102/><E113/><V111/><F111/><W64/><G64/><T31/><D31/><U88/><E30/><V5/><F5/><W61/><G61/><T1/><D1/><U123/><E123/><V58/><F58/><W34/><G34/><T54/><REACH who="0" step="1"/><D101/><REACH who="0" ten="105,356,223,296" step="2"/><U11/><E102/><V37/><F37/><AGARI ba="0,2" hai="14,15,16,22,25,37,40,46,86,91,94,96,100,105" machi="37" ten="30,3900,0" yaku="7,1,52,1,54,1" doraHai="12" who="3" fromWho="2" sc="105,0,356,0,223,-39,296,59" /><INIT seed="6,0,0,0,2,43" ten="105,356,184,355" oya="2" hai0="2,70,71,118,17,130,48,77,57,93,16,114,54" hai1="25,104,105,111,61,92,96,110,66,106,112,133,72" hai2="84,32,121,119,91,13,126,27,86,36,74,124,51" hai3="60,58,18,26,4,5,59,99,116,46,10,80,55"/><V128/><F119/><W69/><G116/><T29/><D114/><U109/><E112/><V33/><F121/><W24/><G69/><T23/><D130/><U79/><E25/><V95/><F36/><W35/><G35/><T37/><D118/><U75/><E133/><V117/><F117/><W123/><G123/><T3/><D29/><U134/><E134/><V11/><F74/><N who="1" m="28201" /><E61/><V0/><F0/><W31/><G80/><T38/><D77/><U45/><E45/><V64/><F64/><W44/><G99/><T15/><D17/><U135/><E66/><V98/><F128/><W122/><G122/><T62/><D93/><U6/><E6/><N who="3" m="2666" /><G31/><T49/><D49/><U89/><E135/><V129/><F129/><W97/><G97/><T101/><D101/><U30/><E30/><V90/><F51/><N who="3" m="31103" /><G10/><T125/><D125/><N who="2" m="48234" /><F27/><N who="3" m="10283" /><G18/><T103/><D103/><U50/><E50/><V52/><F52/><AGARI ba="0,0" hai="44,46,52,59,60" m="10283,31103,2666" machi="52" ten="30,7700,0" yaku="8,1,52,2,54,1" doraHai="43" who="3" fromWho="2" sc="105,0,356,0,184,-77,355,77" /><INIT seed="7,0,0,1,3,106" ten="105,356,107,432" oya="3" hai0="1,132,23,89,116,57,16,71,17,2,125,103,78" hai1="6,104,11,39,22,72,127,52,9,126,91,67,25" hai2="34,115,96,63,55,27,31,101,46,61,117,41,7" hai3="79,43,29,109,65,19,47,70,69,81,130,37,4"/><W84/><G130/><T53/><D116/><U120/><E104/><V100/><F117/><W28/><G109/><T87/><D71/><U15/><E120/><V58/><F115/><W93/><G69/><T75/><D103/><U131/><E39/><V54/><F7/><W35/><G35/><T14/><D125/><U49/><E67/><V123/><F123/><W77/><G70/><T33/><D33/><U128/><E91/><V62/><F55/><W18/><G65/><T82/><D17/><U122/><E122/><V90/><F90/><W3/><G79/><T86/><D75/><U110/><E110/><V59/><F59/><W20/><G93/><N who="0" m="54455" /><D132/><U32/><E32/><V38/><F101/><W119/><G119/><T74/><D74/><U121/><E121/><V124/><F124/><N who="1" m="47657" /><E72/><V73/><F73/><W83/><G77/><T76/><D76/><U88/><E88/><V66/><F66/><W97/><G97/><T64/><D64/><U13/><E49/><AGARI ba="0,0" hai="1,2,14,16,23,49,53,57,78,82,87" m="54455" machi="49" ten="30,2000,0" yaku="25,1,54,1" doraHai="106" who="0" fromWho="1" sc="105,20,356,-20,107,0,432,0" owari="125,-27.0,336,14.0,107,-39.0,432,52.0" /></mjloggm>