<mjloggm ver="2.3"><GO type="169" lobby="0"/><UN n0="%E3%83%AA%E3%83%92%E3%83%A3" n1="%4E%4F%42%55%53%48%49" n2="%E4%B9%BE%E5%9D%A4%E5%8D%81%E4%BA%94%E6%93%B2" n3="%E9%B4%A8%E8%91%B1%E5%A4%AA%E9%83%8E" dan="16,17,16,17" rate="2065.45,2180.06,2129.30,2167.39" sx="M,M,M,M"/><TAIKYOKU oya="0"/><INIT seed="0,0,0,3,3,83" ten="250,250,250,250" oya="0" hai0="102,22,80,48,79,131,89,106,87,118,66,113,125" hai1="9,78,133,112,5,2,3,64,99,135,28,101,84" hai2="8,47,65,119,15,96,17,29,103,81,32,93,67" hai3="36,127,59,82,85,46,122,54,116,132,24,61,94"/><T43/><D113/><U104/><E112/><V38/><F119/><W69/><G116/><T97/><D118/><U44/><E64/><V34/><F38/><W11/><G122/><T10/><D131/><U128/><E128/><V63/><F65/><W123/><G123/><T45/><D125/><U56/><E56/><V57/><F47/><W110/><G69/><T76/><D66/><U41/><E28/><V51/><F51/><W117/><G127/><T7/><REACH who="0" step="1"/><D22/><REACH who="0" ten="240,250,250,250" step="2"/><U92/><E135/><V33/><F81/><W114/><G132/><T18/><D18/><U31/><E31/><V39/><F39/><W77/><G117/><T21/><D21/><U6/><E133/><V12/><F29/><W134/><G114/><T107/><D107/><U37/><E104/><V129/><F129/><W98/><G134/><T126/><D126/><U16/><E16/><V71/><F34/><W1/><G36/><T95/><D95/><U58/><E92/><V75/><F33/><W130/><G130/><T26/><D26/><U91/><E37/><V115/><F115/><W86/><G24/><T124/><D124/><U53/><E6/><V19/><F32/><W120/><G120/><T23/><D23/><U52/><E5/><V73/><F71/><W30/><G94/><T121/><D121/><U55/><E9/><AGARI ba="0,1" hai="8,9,12,15,17,19,57,63,67,73,75,93,96,103" machi="9" ten="30,2000,0" yaku="7,1,9,1" doraHai="83" who="2" fromWho="1" sc="240,0,250,-20,250,30,250,0" /><INIT seed="1,0,0,2,2,23" ten="240,230,280,250" oya="1" hai0="119,50,101,112,11,57,46,127,108,61,38,53,111" hai1="28,65,75,76,123,22,77,58,122,121,43,115,31" hai2="133,98,32,14,7,26,78,134,12,9,71,3,24" hai3="132,135,13,68,5,0,62,39,60,105,25,70,88"/><U10/><E115/><V73/><F71/><W114/><G39/><T129/><D101/><U130/><E43/><V17/><F98/><W128/><G105/><T29/><D11/><U102/><E102/><V69/><F69/><W99/><G0/><T84/><D84/><U34/><E34/><V41/><F41/><W85/><G99/><T67/><D29/><U49/><E130/><V124/><F78/><W106/><G106/><T87/><D87/><U2/><E31/><V51/><F51/><W120/><G120/><T66/><D119/><U64/><E77/><V27/><F73/><W125/><G114/><T21/><D21/><U30/><E30/><N who="2" m="19527" /><F124/><W96/><G25/><N who="2" m="9225" /><F14/><W82/><G96/><T56/><D127/><U59/><E76/><V33/><F33/><W86/><G125/><T116/><D38/><U100/><E75/><V109/><F109/><W74/><G74/><T113/><D116/><U47/><E49/><V118/><F118/><W35/><G35/><T97/><D97/><U104/><E28/><V126/><F126/><W20/><G70/><T52/><D129/><U83/><E122/><V89/><F89/><W110/><G68/><T36/><D36/><U80/><E123/><V94/><F94/><W92/><G110/><N who="0" m="42027" /><D66/><U19/><E65/><V72/><F72/><W79/><G128/><T131/><D131/><U16/><E64/><V45/><F45/><W15/><G15/><T1/><D56/><U90/><E59/><V44/><F44/><W54/><G13/><T18/><D46/><U91/><E121/><V37/><F37/><W8/><G79/><RYUUKYOKU ba="0,0" sc="240,-10,230,-10,280,30,250,-10" hai2="3,7,9,12,17,133,134" /><INIT seed="2,1,0,1,4,111" ten="230,220,310,240" oya="2" hai0="86,17,127,11,37,46,128,89,31,81,105,114,95" hai1="47,2,101,38,123,134,102,131,26,32,59,122,34" hai2="124,61,104,87,5,0,85,8,35,109,60,106,24" hai3="82,25,58,27,43,41,72,64,129,57,80,20,54"/><V98/><F109/><W92/><G129/><T78/><D105/><U133/><E2/><V19/><F124/><W3/><G3/><T132/><D132/><N who="1" m="50795" /><E131/><V9/><F87/><W119/><G72/><T44/><D128/><U108/><E59/><V1/><F98/><W13/><G13/><T91/><D127/><U50/><E38/><V76/><F106/><W30/><G119/><T66/><D31/><N who="1" m="19575" /><E34/><V135/><F135/><W130/><G27/><T45/><D66/><U84/><E84/><V16/><F104/><W68/><G68/><T73/><D37/><U40/><E108/><V15/><F85/><W70/><G70/><T67/><D67/><U77/><E77/><V115/><F76/><W121/><G121/><AGARI ba="1,0" hai="40,47,50,101,102,121,122,123" m="19575,50795" machi="121" ten="30,2000,0" yaku="13,1,20,1" doraHai="111" who="1" fromWho="3" sc="230,0,220,23,310,0,240,-23" /><INIT seed="3,0,0,4,3,8" ten="230,243,310,217" oya="3" hai0="112,133,36,102,56,107,95,59,119,12,85,40,91" hai1="13,105,53,27,70,10,75,66,88,129,17,96,117" hai2="93,106,24,63,97,34,15,62,43,122,38,104,120" hai3="14,68,124,9,32,48,7,57,69,2,26,115,103"/><W55/><G115/><T79/><D119/><U135/><E117/><V86/><F86/><W44/><G124/><T65/><D133/><U81/><E135/><V11/><F43/><W92/><G32/><T128/><D128/><U30/><E129/><V72/><F72/><W5/><G26/><T123/><D123/><N who="2" m="47146" /><F38/><W109/><G5/><T67/><D112/><U61/><E53/><V77/><F77/><W125/><G125/><T134/><D79/><U54/><E54/><V116/><F116/><W100/><G2/><T6/><D107/><U83/><E75/><V110/><F110/><W0/><G0/><T33/><D33/><U16/><E17/><N who="2" m="8447" /><F106/><W131/><G131/><T111/><D111/><U76/><E76/><V108/><F104/><W29/><G29/><T127/><D102/><U45/><E45/><V74/><F74/><W130/><G130/><T23/><D127/><U60/><E60/><V25/><F108/><W49/><G109/><T78/><D78/><U4/><E4/><V121/><F121/><W101/><REACH who="3" step="1"/><G92/><REACH who="3" ten="230,243,310,207" step="2"/><T90/><D6/><U1/><E1/><V37/><F34/><W98/><G98/><T113/><D95/><U52/><E105/><V39/><F24/><W42/><AGARI ba="0,1" hai="7,9,14,42,44,48,49,55,57,68,69,100,101,103" machi="42" ten="30,6000,0" yaku="1,1,0,1,52,1,53,0" doraHai="8" doraHaiUra="22" who="3" fromWho="3" sc="230,-20,243,-20,310,-20,207,70" /><INIT seed="3,1,0,5,0,31" ten="210,223,290,277" oya="3" hai0="92,14,52,97,95,48,123,50,133,130,132,127,100" hai1="94,0,46,124,36,83,125,55,134,37,75,106,103" hai2="20,4,26,47,16,12,72,35,49,28,65,7,51" hai3="74,10,27,99,113,17,19,68,104,8,69,6,63"/><W135/><G74/><T102/><D123/><U121/><E0/><V24/><F72/><W57/><G113/><T84/><D130/><U129/><E106/><V98/><F65/><W107/><G135/><N who="0" m="51787" /><D127/><N who="1" m="48715" /><E134/><V9/><F51/><W122/><G122/><T70/><D70/><U22/><E129/><V112/><F112/><W128/><G128/><T44/><D14/><U111/><E22/><V23/><F98/><W56/><G27/><T131/><D131/><U62/><E111/><V90/><F90/><W78/><G99/><N who="0" m="59519" /><D50/><N who="1" m="29143" /><E62/><V64/><F64/><W13/><G63/><T120/><D120/><U61/><E61/><V91/><F91/><W43/><G78/><T85/><AGARI ba="1,0" hai="44,48,52,84,85,92,97,102" m="59519,51787" machi="85" ten="30,2000,0" yaku="20,1,54,1" doraHai="31" who="0" fromWho="0" sc="210,23,223,-6,290,-6,277,-11" /><INIT seed="4,0,0,0,3,131" ten="233,217,284,266" oya="0" hai0="15,125,119,42,39,46,43,122,29,47,56,32,67" hai1="85,19,45,88,71,33,84,110,134,118,68,90,78" hai2="105,94,112,55,86,8,22,14,57,62,53,97,109" hai3="74,18,12,100,121,26,76,23,31,89,28,30,17"/><T21/><D119/><U3/><E118/><V51/><F109/><W4/><G100/><T73/><D122/><U129/><E33/><V115/><F105/><W54/><G76/><T98/><D125/><U66/><E110/><V20/><F115/><W37/><G74/><T0/><D0/><U93/><E3/><V24/><F86/><W63/><G37/><T96/><D73/><U49/><E78/><V11/><F112/><W6/><G89/><T7/><D32/><U44/><E129/><V126/><F126/><W77/><G77/><T104/><D7/><N who="3" m="2601" /><G54/><T108/><D108/><U48/><E19/><N who="3" m="7178" /><G63/><N who="0" m="38375" /><D15/><U101/><E66/><V132/><F14/><W135/><G121/><T79/><D39/><U2/><E2/><V80/><F80/><W91/><G91/><T81/><D104/><U111/><E111/><V40/><F40/><W64/><G64/><T50/><D47/><U117/><E117/><V102/><F55/><W130/><G12/><T133/><D43/><U103/><E93/><V72/><F72/><W13/><G13/><T60/><D60/><U41/><E41/><V82/><F62/><W123/><G123/><T128/><D128/><U99/><E99/><N who="0" m="37929" /><D81/><U9/><E9/><V58/><F82/><W16/><G130/><T114/><D79/><U70/><E70/><V59/><F97/><W107/><G107/><T36/><D114/><U120/><E120/><V25/><F102/><W52/><G52/><T124/><D36/><U92/><E92/><V65/><F94/><W1/><G1/><T75/><D75/><U69/><E69/><V34/><F65/><RYUUKYOKU ba="0,0" sc="233,-15,217,15,284,-15,266,15" hai1="44,45,48,49,68,71,84,85,88,90,101,103,134" hai3="16,23,26,28,30,31,135" /><INIT seed="5,1,0,0,2,67" ten="218,232,269,281" oya="1" hai0="125,113,17,50,14,9,105,1,21,51,126,94,3" hai1="104,4,43,49,98,12,62,30,64,97,2,28,60" hai2="33,111,101,37,88,112,110,57,15,103,92,115,63" hai3="61,58,7,19,55,89,124,20,31,25,66,99,87"/><U23/><E2/><V79/><F37/><W8/><G124/><N who="0" m="47723" /><D105/><U121/><E121/><V127/><F33/><W77/><G77/><T73/><D73/><U114/><E114/><N who="2" m="43563" /><F79/><W22/><G99/><T13/><D113/><U40/><E104/><V96/><F15/><W59/><G22/><T117/><D117/><U46/><E43/><V70/><F70/><W26/><G26/><T82/><D82/><U27/><E30/><V74/><F74/><W85/><G89/><T134/><D134/><U41/><E41/><V107/><F127/><W116/><G31/><T120/><D94/><U130/><E130/><V86/><F103/><W129/><G116/><T52/><D120/><U6/><E62/><V118/><F118/><W5/><G129/><T80/><D80/><U18/><E6/><N who="3" m="2058" /><G8/><T34/><D34/><U108/><E4/><V128/><F128/><W95/><G95/><T32/><D51/><AGARI ba="1,0" hai="19,20,25,51,55,58,59,61,66,85,87" m="2058" machi="51" ten="30,1000,0" yaku="8,1" doraHai="67" who="3" fromWho="0" sc="218,-13,232,0,269,0,281,13" /><INIT seed="6,0,0,5,3,11" ten="205,232,269,294" oya="2" hai0="131,49,47,109,70,40,114,112,8,129,102,52,116" hai1="1,124,22,53,76,108,50,14,90,2,51,3,126" hai2="37,54,71,122,13,16,26,111,30,133,118,67,91" hai3="44,63,95,6,78,25,15,9,4,130,38,42,110"/><V74/><F74/><W73/><G110/><T69/><D102/><U117/><E108/><V34/><F111/><W107/><G107/><T98/><D98/><U57/><E117/><V135/><F37/><W79/><G130/><N who="0" m="49675" /><D8/><U72/><E90/><V84/><F118/><W64/><G4/><T77/><D77/><U60/><E76/><V106/><F106/><W119/><G119/><T59/><D116/><U80/><E80/><V65/><F122/><W105/><G105/><T21/><D21/><U83/><E83/><N who="2" m="49567" /><F54/><W5/><G5/><T32/><D32/><U92/><E92/><V123/><F123/><W62/><G62/><N who="0" m="36199" /><D109/><U99/><E99/><V96/><F96/><W45/><G73/><T104/><D104/><U24/><E72/><V103/><F103/><W43/><G25/><T86/><D86/><U127/><REACH who="1" step="1"/><E14/><REACH who="1" ten="205,222,269,294" step="2"/><V36/><F13/><W10/><G95/><T23/><D23/><U134/><E134/><V33/><F135/><W56/><G10/><T89/><D89/><U46/><E46/><V85/><F133/><W12/><G15/><T87/><D87/><U121/><E121/><V19/><F85/><W100/><G100/><T125/><D125/><U88/><E88/><V120/><F120/><W0/><G12/><T93/><D93/><U17/><AGARI ba="0,1" hai="1,2,3,17,22,24,50,51,53,57,60,124,126,127" machi="17" ten="40,8000,1" yaku="1,1,0,1,18,1,53,1" doraHai="11" doraHaiUra="58" who="1" fromWho="1" sc="205,-20,222,90,269,-40,294,-20" /><INIT seed="7,0,0,0,1,70" ten="185,312,229,274" oya="3" hai0="30,57,69,94,109,80,92,133,81,11,71,101,62" hai1="103,107,105,74,129,79,33,21,75,118,59,65,41" hai2="15,98,127,95,76,3,88,63,36,31,131,89,16" hai3="47,125,82,27,120,35,106,39,121,123,66,100,25"/><W104/><G66/><T42/><D109/><U8/><E33/><V9/><F127/><W52/><G125/><T38/><D133/><U34/><E34/><V1/><F131/><W124/><G124/><T4/><D30/><U102/><E21/><V29/><F36/><W68/><G68/><T86/><D71/><U97/><E8/><V64/><F76/><W28/><G100/><T12/><D69/><U7/><E7/><V48/><F3/><W78/><G27/><T56/><D56/><U19/><E19/><V135/><F135/><W55/><G55/><T2/><D2/><U130/><E59/><N who="2" m="36991" /><F1/><W73/><G52/><T18/><D4/><U40/><E97/><N who="2" m="57575" /><F48/><W84/><G84/><T116/><D116/><U32/><E32/><V51/><F51/><W114/><G114/><T113/><D113/><U72/><E79/><V43/><F43/><AGARI ba="0,0" hai="25,28,35,39,43,47,73,78,82,104,106,120,121,123" machi="43" ten="40,7700,0" yaku="23,2,52,1" doraHai="70" who="3" fromWho="2" sc="185,0,312,0,229,-77,274,77" owari="185,-21.0,312,11.0,152,-35.0,351,45.0" /></mjloggm>