<mjloggm ver="2.3"><GO type="169" lobby="0"/><UN n0="%E6%84%9B%E5%86%85%E9%87%8C%E8%8F%9C" n1="%E8%BD%9F%E9%8B%BC%E9%89%84" n2="%6C%65%6F%6E%6C%65%6F%6E" n3="%6D%61%74%6F%30%36%30%33" dan="18,16,16,18" rate="2170.64,2200.39,2134.87,2281.41" sx="F,M,M,M"/><TAIKYOKU oya="0"/><INIT seed="0,0,0,5,3,67" ten="250,250,250,250" oya="0" hai0="43,55,22,131,15,12,95,111,60,23,101,82,128" hai1="37,54,48,39,20,83,72,35,99,73,26,45,96" hai2="129,42,116,63,58,88,135,32,46,14,50,117,120" hai3="118,108,9,89,30,74,97,0,122,21,93,109,34"/><T92/><D43/><U91/><E35/><V49/><F120/><W61/><G118/><N who="2" m="45673" /><F32/><W62/><G74/><T65/><D55/><U77/><E73/><V4/><F4/><W2/><G34/><T8/><D82/><U103/><E91/><V130/><F14/><W85/><G122/><T110/><D101/><U98/><REACH who="1" step="1"/><E103/><REACH who="1" ten="250,240,250,250" step="2"/><V115/><F88/><W112/><G89/><T38/><D128/><N who="2" m="49258" /><F135/><W7/><G112/><T132/><D132/><U114/><E114/><V5/><F115/><W84/><G109/><T3/><D110/><U79/><E79/><V51/><F5/><W47/><G108/><T76/><D76/><U28/><AGARI ba="0,1" hai="20,26,28,37,39,45,48,54,72,77,83,96,98,99" machi="28" ten="30,7900,0" yaku="1,1,0,1,53,2" doraHai="67" doraHaiUra="70" who="1" fromWho="1" sc="250,-39,240,89,250,-20,250,-20" /><INIT seed="1,0,0,1,4,9" ten="211,329,230,230" oya="1" hai0="26,123,119,101,57,112,35,59,17,34,45,30,52" hai1="51,4,94,18,133,134,106,108,24,79,95,38,47" hai2="78,118,40,73,126,48,113,63,80,33,69,36,122" hai3="37,70,43,5,86,128,103,32,66,75,1,74,14"/><U90/><E106/><V97/><F118/><W114/><G86/><T3/><D112/><U85/><E38/><V44/><F122/><W72/><G114/><T100/><D119/><U61/><E4/><V129/><F113/><W46/><G128/><T10/><D35/><U116/><E116/><V92/><F129/><W54/><G54/><T84/><D57/><U132/><E79/><V23/><F33/><W109/><G109/><T58/><D59/><U110/><E61/><V50/><F126/><W31/><G103/><T2/><D45/><U41/><E95/><V12/><F69/><W68/><G14/><T130/><D123/><U135/><N who="1" m="33792" /><DORA hai="6" /><U60/><E60/><V20/><F63/><W82/><G66/><T25/><D130/><U81/><E94/><V8/><F50/><W125/><G125/><T121/><D84/><U28/><REACH who="1" step="1"/><E18/><REACH who="1" ten="211,319,230,230" step="2"/><V87/><F36/><W62/><G62/><T89/><D17/><U19/><E19/><N who="2" m="8583" /><F73/><W77/><G70/><T67/><D121/><U16/><E16/><V98/><F98/><W83/><G68/><T22/><D2/><U11/><E11/><V115/><F115/><W120/><G120/><T107/><D3/><U96/><E96/><V124/><F124/><W7/><G7/><T127/><D10/><U91/><E91/><AGARI ba="0,1" hai="20,23,40,44,48,78,80,87,91,92,97" m="8583" machi="91" ten="30,3900,0" yaku="8,1,52,2" doraHai="9,6" who="2" fromWho="1" sc="211,0,319,-39,230,49,230,0" /><INIT seed="2,0,0,3,0,102" ten="211,280,279,230" oya="2" hai0="90,30,97,34,111,53,94,46,129,105,40,108,124" hai1="55,87,101,18,123,99,113,16,107,5,38,25,65" hai2="45,29,47,13,118,83,91,78,43,36,49,12,125" hai3="73,33,10,75,119,51,82,27,24,104,17,61,120"/><V133/><F118/><W69/><G120/><T112/><D112/><U126/><E38/><V68/><F133/><W31/><G119/><T0/><D0/><U4/><E113/><V48/><F125/><W71/><G104/><T100/><D124/><U58/><E126/><V130/><F130/><W54/><G61/><T2/><D2/><U66/><E87/><V76/><F68/><W72/><G82/><T9/><D129/><U86/><E86/><N who="2" m="50655" /><F29/><W22/><REACH who="3" step="1"/><G10/><REACH who="3" ten="211,280,279,220" step="2"/><T77/><D9/><U93/><E107/><V109/><F109/><W7/><G7/><T52/><D105/><U44/><E4/><V6/><F36/><W96/><G96/><T74/><D111/><U135/><E5/><V15/><F6/><W28/><G28/><T114/><D108/><U37/><E99/><V127/><F127/><W117/><G117/><T11/><D114/><U81/><E37/><V21/><F21/><W79/><G79/><T3/><D11/><U116/><E123/><V128/><F128/><W131/><G131/><T98/><D3/><U134/><E116/><V23/><F23/><W57/><AGARI ba="0,1" hai="17,22,24,27,31,33,51,54,57,69,71,72,73,75" machi="57" ten="30,2000,0" yaku="1,1,0,1,53,0" doraHai="102" doraHaiUra="35" who="3" fromWho="3" sc="211,-5,280,-5,279,-10,220,30" /><INIT seed="3,0,0,0,3,0" ten="206,275,269,250" oya="3" hai0="41,43,85,51,2,118,127,12,94,114,129,25,92" hai1="99,47,82,9,88,68,132,121,101,112,107,98,128" hai2="79,4,17,48,37,3,109,103,53,33,108,131,42" hai3="52,57,111,80,69,7,28,46,23,77,59,21,106"/><W35/><G69/><T32/><D118/><U18/><E68/><V54/><F33/><W40/><G106/><T62/><D2/><U65/><E65/><V5/><F131/><W87/><G111/><N who="2" m="42569" /><F3/><W50/><G59/><T73/><D73/><U135/><E121/><V116/><F116/><W74/><G74/><T22/><D32/><U11/><E112/><V14/><F103/><W115/><G115/><T56/><D127/><U123/><E123/><V134/><F79/><W36/><REACH who="3" step="1"/><G7/><REACH who="3" ten="206,275,269,240" step="2"/><N who="2" m="2633" /><F134/><W66/><G66/><T126/><D114/><U58/><E135/><V122/><F122/><W110/><G110/><T102/><D129/><U78/><E128/><V1/><F1/><W86/><G86/><T15/><D85/><U93/><E132/><V29/><F29/><W71/><G71/><T125/><D125/><U75/><E75/><V97/><F97/><W72/><G72/><T70/><D70/><U24/><E99/><V27/><F37/><W26/><AGARI ba="0,1" hai="21,23,26,28,35,36,40,46,50,52,57,77,80,87" machi="26" ten="30,6000,0" yaku="1,1,0,1,54,1,53,0" doraHai="0" doraHaiUra="63" who="3" fromWho="3" sc="206,-20,275,-20,269,-20,240,70" /><INIT seed="3,1,0,4,4,115" ten="186,255,249,310" oya="3" hai0="6,113,135,97,60,92,96,112,15,44,41,21,80" hai1="47,52,130,11,22,4,33,5,10,68,3,61,117" hai2="71,65,107,58,76,99,20,30,36,108,16,100,116" hai3="32,114,75,124,121,110,67,126,12,2,127,63,23"/><W29/><G75/><T86/><D135/><U37/><E33/><V118/><F36/><W56/><G114/><T55/><D97/><U73/><E73/><V77/><F71/><W17/><G2/><T84/><D84/><U131/><E22/><V31/><F108/><W101/><G121/><T103/><D55/><U25/><E25/><V35/><F65/><W13/><G110/><T90/><D60/><U0/><E117/><V95/><F58/><W59/><G101/><T123/><D123/><U81/><E81/><V39/><F39/><W125/><G125/><T1/><D1/><U88/><E88/><V111/><F111/><W14/><G56/><T50/><D21/><U98/><E98/><V74/><F107/><W93/><G93/><T66/><D66/><U120/><E120/><V18/><F18/><W79/><G79/><N who="0" m="46367" /><D103/><U129/><E52/><V62/><F62/><W132/><REACH who="3" step="1"/><G132/><REACH who="3" ten="186,255,249,300" step="2"/><T64/><D64/><N who="1" m="40975" /><E131/><V122/><F122/><W34/><G34/><T9/><AGARI ba="1,1" hai="6,9,15,41,44,50,90,92,96,112,113" m="46367" machi="9" ten="30,1100,0" yaku="25,1" doraHai="115" who="0" fromWho="0" sc="186,24,255,-4,249,-4,300,-6" /><INIT seed="4,0,0,3,0,129" ten="210,251,245,294" oya="0" hai0="93,103,69,37,31,10,74,73,84,61,114,101,11" hai1="16,106,52,91,43,95,125,122,0,76,135,35,121" hai2="87,72,130,29,63,56,124,4,97,80,54,18,105" hai3="67,5,42,113,58,126,119,70,66,15,109,133,60"/><T20/><D114/><U88/><E106/><V111/><F111/><W17/><G109/><T7/><D37/><U2/><E35/><V46/><F72/><W59/><G119/><T30/><D69/><U120/><E43/><V127/><F130/><W102/><G113/><T53/><D61/><U44/><E76/><V55/><F29/><W112/><G112/><T25/><D53/><U94/><E125/><V117/><F117/><W49/><G126/><T99/><D101/><U107/><E107/><V24/><F4/><W41/><G70/><T85/><D10/><U118/><E118/><V90/><F105/><W131/><G131/><T92/><D30/><U96/><E16/><V110/><F110/><W45/><G102/><T68/><D68/><U21/><E21/><N who="2" m="13367" /><F124/><W82/><G5/><T83/><D92/><U50/><REACH who="1" step="1"/><E135/><REACH who="1" ten="210,241,245,294" step="2"/><V134/><F134/><W12/><G133/><T33/><D33/><U40/><E40/><V65/><F127/><W78/><G17/><T115/><D115/><U51/><E51/><N who="2" m="29047" /><F97/><AGARI ba="0,1" hai="0,2,44,50,52,88,91,94,95,96,97,120,121,122" machi="97" ten="40,8000,1" yaku="1,1,9,1,54,2,53,0" doraHai="129" doraHaiUra="71" who="1" fromWho="2" sc="210,0,241,90,245,-80,294,0" /><INIT seed="5,0,0,0,2,36" ten="210,331,165,294" oya="1" hai0="86,80,93,4,35,115,131,17,45,90,71,56,49" hai1="10,44,95,109,22,66,116,30,7,117,106,57,16" hai2="43,108,14,102,9,59,112,104,21,73,41,69,72" hai3="6,97,123,84,1,11,82,74,46,120,15,25,26"/><U13/><E106/><V64/><F108/><W119/><G74/><T52/><D115/><U12/><E109/><V23/><F69/><W127/><G127/><T24/><D131/><U111/><E111/><V38/><F38/><W107/><G119/><T65/><D4/><U32/><E95/><V125/><F104/><W40/><G1/><T103/><D71/><U0/><E44/><V55/><F102/><W121/><G97/><N who="0" m="59823" /><D35/><U63/><E12/><V99/><F99/><W113/><G113/><T87/><D87/><U134/><E134/><V132/><F112/><W2/><G2/><T60/><D17/><U78/><E78/><V47/><F64/><W53/><G53/><T18/><D18/><U88/><E88/><V77/><F132/><W54/><G54/><T68/><D68/><U62/><REACH who="1" step="1"/><E63/><REACH who="1" ten="210,321,165,294" step="2"/><V129/><F77/><N who="3" m="46159" /><G107/><T31/><D90/><U118/><E118/><V8/><F47/><W19/><G46/><T89/><D45/><U135/><E135/><V79/><F79/><W20/><G123/><T96/><D96/><U122/><E122/><V28/><F14/><W110/><G110/><T27/><D49/><U75/><E75/><V76/><F76/><W92/><G121/><T98/><D98/><U33/><E33/><V101/><F73/><W39/><G92/><T83/><D83/><U114/><E114/><V51/><F72/><W50/><G120/><T124/><D124/><U105/><E105/><V37/><F125/><W128/><G50/><T70/><D80/><U81/><E81/><V58/><F51/><W91/><G91/><T61/><D89/><RYUUKYOKU ba="0,1" sc="210,-10,321,30,165,-10,294,-10" hai1="0,7,10,13,16,22,30,32,57,62,66,116,117" /><INIT seed="5,1,1,2,1,36" ten="200,351,155,284" oya="1" hai0="76,52,129,63,26,33,116,31,99,130,133,0,65" hai1="58,115,32,5,68,125,44,37,134,90,23,17,11" hai2="66,20,28,97,60,2,93,9,120,19,89,42,64" hai3="35,22,113,127,29,105,48,67,14,8,3,118,10"/><U83/><E68/><V126/><F126/><W92/><G105/><T39/><D116/><U18/><E32/><V131/><F131/><N who="0" m="50186" /><D133/><U111/><E125/><V101/><F120/><W57/><G92/><T25/><D39/><U123/><E115/><V69/><F28/><W12/><G57/><N who="0" m="35239" /><D0/><U132/><E58/><V43/><F66/><W82/><G67/><T85/><D26/><U107/><E123/><V7/><REACH who="2" step="1"/><F101/><REACH who="2" ten="200,351,145,284" step="2"/><W135/><G127/><T50/><D65/><U104/><E134/><V100/><F100/><W15/><G29/><T77/><D99/><U81/><E132/><V98/><F98/><W75/><G135/><T86/><D50/><U112/><E37/><V108/><F108/><W121/><G48/><T79/><AGARI ba="1,2" hai="25,31,33,76,77,79,85,86" m="35239,50186" machi="79" ten="30,2000,0" yaku="19,1,54,1" doraHai="36" who="0" fromWho="0" sc="200,43,351,-11,145,-6,284,-6" /><INIT seed="6,0,0,5,3,112" ten="243,340,139,278" oya="2" hai0="12,86,58,89,26,21,126,11,83,71,23,64,114" hai1="120,108,0,38,53,75,37,18,133,50,96,52,34" hai2="117,102,99,31,46,74,127,81,39,27,124,9,13" hai3="106,119,79,116,17,111,59,49,47,72,6,129,84"/><V77/><F39/><W43/><G111/><T100/><D114/><U28/><E75/><V66/><F46/><W131/><G106/><T121/><D121/><U4/><E53/><V55/><F55/><W91/><G6/><T113/><D71/><U29/><E52/><V48/><F48/><W8/><G79/><T95/><D126/><U98/><E50/><V5/><F66/><W70/><G72/><T51/><D113/><U61/><E108/><V2/><F13/><N who="3" m="7335" /><G70/><T41/><D100/><U90/><E0/><V88/><F117/><W14/><G14/><T7/><D95/><U87/><E61/><V54/><F54/><W67/><G67/><T68/><D68/><U110/><E120/><V73/><F73/><W132/><G132/><T56/><D23/><U45/><E133/><V63/><F63/><W32/><G32/><T93/><D93/><U76/><E45/><V122/><F122/><W22/><G22/><T135/><D135/><U118/><E118/><V69/><F69/><W115/><G59/><T85/><D64/><U65/><E65/><V36/><F36/><W80/><G115/><T107/><D56/><U33/><E38/><V82/><F82/><W16/><G16/><N who="0" m="12583" /><D58/><U97/><E110/><V10/><F10/><W109/><G109/><T15/><D15/><U78/><E37/><V20/><F102/><W103/><G103/><T40/><D12/><U104/><E4/><V134/><F134/><W123/><G123/><T25/><D11/><U30/><E33/><V92/><AGARI ba="0,0" hai="2,5,9,20,27,31,74,77,81,88,92,99,124,127" machi="92" ten="30,3000,0" yaku="0,1,54,1" doraHai="112" who="2" fromWho="2" sc="243,-10,340,-10,139,30,278,-10" /><INIT seed="6,1,0,4,5,83" ten="233,330,169,268" oya="2" hai0="91,81,77,12,71,21,41,48,113,14,108,65,66" hai1="134,46,127,67,112,45,94,76,82,0,49,31,96" hai2="68,58,117,3,88,4,114,11,92,73,20,69,32" hai3="10,2,44,106,56,5,17,105,125,87,28,38,99"/><V74/><F117/><W25/><G125/><T116/><D108/><U131/><E0/><V115/><F32/><W135/><G135/><T34/><D34/><U107/><E107/><V95/><F95/><W18/><G56/><T64/><D71/><N who="2" m="27210" /><F20/><W98/><G87/><N who="0" m="48559" /><D116/><U16/><E31/><V37/><F37/><W80/><G80/><T26/><D113/><N who="2" m="43018" /><F58/><W110/><G110/><T124/><D124/><U6/><E127/><V85/><AGARI ba="1,0" hai="3,4,11,73,74,85,88,92" m="43018,27210" machi="85" ten="30,6000,0" yaku="15,1,52,1,54,1" doraHai="83" who="2" fromWho="2" sc="233,-21,330,-21,169,63,268,-21" /><INIT seed="6,2,0,1,1,38" ten="212,309,232,247" oya="2" hai0="109,99,7,40,117,17,1,56,52,128,93,119,9" hai1="70,116,57,126,129,111,77,19,98,54,62,108,36" hai2="81,53,72,51,48,115,61,122,24,132,69,60,13" hai3="110,120,71,46,124,74,20,29,100,37,35,15,95"/><V25/><F122/><W90/><G110/><T118/><D109/><U23/><E116/><V16/><F115/><W91/><G120/><T12/><D128/><U2/><E2/><V14/><F132/><W0/><G0/><T94/><D40/><U11/><E129/><V121/><F121/><W112/><G71/><T107/><D107/><U50/><E36/><V80/><F69/><W65/><G65/><T34/><D34/><U76/><E11/><V27/><F72/><W4/><G74/><T6/><D1/><U96/><E126/><V113/><F113/><W67/><G67/><T58/><D58/><U84/><E70/><V28/><F28/><W26/><G124/><T3/><D3/><U103/><E98/><V41/><F41/><W106/><G106/><T49/><REACH who="0" step="1"/><D94/><REACH who="0" ten="202,309,232,247" step="2"/><U133/><E111/><V123/><F123/><W86/><G95/><T8/><D8/><U89/><E57/><N who="2" m="34863" /><F61/><W30/><G35/><T63/><D63/><U66/><E62/><V43/><F43/><W101/><G112/><T44/><D44/><U114/><E108/><V75/><F75/><W33/><G46/><T21/><D21/><U45/><E23/><N who="2" m="11663" /><F51/><W55/><G37/><T135/><D135/><U83/><E50/><V47/><F47/><W105/><G105/><T131/><D131/><U134/><E45/><V31/><F48/><W39/><G39/><T18/><D18/><U104/><E114/><V10/><F31/><W73/><G73/><T5/><D5/><AGARI ba="2,1" hai="5,10,14,24,25,27,80,81" m="11663,34863" machi="5" ten="30,2900,0" yaku="8,1,54,1" doraHai="38" who="2" fromWho="0" sc="202,-35,309,0,232,45,247,0" /><INIT seed="6,3,0,2,5,69" ten="167,309,277,247" oya="2" hai0="102,5,11,17,117,30,100,99,121,21,108,133,84" hai1="0,52,132,77,9,43,39,112,55,104,70,101,76" hai2="74,91,111,130,119,31,14,125,50,2,7,65,95" hai3="61,82,48,106,92,86,10,18,122,35,115,109,19"/><V16/><F119/><W15/><G106/><T46/><D121/><U97/><E70/><V105/><F105/><W4/><G109/><T116/><D133/><U113/><E132/><V124/><F74/><W98/><G122/><T63/><D108/><U53/><E9/><N who="2" m="2295" /><F111/><W51/><G35/><T135/><D30/><U27/><E27/><V71/><F31/><W87/><G115/><N who="1" m="44106" /><E0/><V68/><F50/><W54/><G61/><T22/><D135/><U58/><E58/><V62/><F62/><W38/><G38/><T34/><D116/><U3/><E3/><V25/><F25/><W75/><G75/><T67/><D117/><U129/><E129/><V126/><F65/><W13/><G82/><T83/><D34/><U128/><E128/><V89/><F89/><W120/><G120/><T59/><D67/><U118/><E118/><V103/><F103/><N who="3" m="60871" /><G4/><T90/><D5/><U33/><E33/><V57/><F130/><W24/><G24/><T114/><D114/><U23/><E23/><N who="2" m="11671" /><F57/><N who="3" m="32967" /><G51/><T56/><D63/><U64/><E64/><V80/><F80/><W123/><G123/><T131/><D131/><U29/><E29/><V88/><F91/><W85/><G10/><T44/><D11/><U66/><E66/><V47/><F47/><AGARI ba="3,0" hai="39,43,47,52,53,55,76,77,97,101,104" m="44106" machi="47" ten="30,3900,0" yaku="15,1,52,1,54,1" doraHai="69" who="1" fromWho="2" sc="167,0,309,48,277,-48,247,0" /><INIT seed="7,0,0,5,4,130" ten="167,357,229,247" oya="3" hai0="135,55,52,1,60,102,124,131,41,98,111,114,31" hai1="73,109,89,23,56,50,99,18,129,61,36,118,74" hai2="47,70,134,116,49,15,6,97,78,62,26,80,10" hai3="24,29,91,20,123,128,33,5,37,68,28,115,82"/><W126/><G68/><T35/><D1/><U51/><E36/><V104/><F116/><W69/><G69/><T110/><D41/><U132/><E109/><V93/><F104/><W38/><G123/><T113/><D131/><U65/><E50/><V84/><F70/><W16/><G128/><T105/><D124/><U94/><E118/><V45/><F134/><W13/><G126/><T125/><D125/><U77/><E132/><V86/><F86/><N who="3" m="50647" /><G29/><T117/><D117/><U7/><E7/><V34/><F62/><W108/><G108/><N who="0" m="41515" /><D60/><U53/><E77/><V19/><F49/><W8/><G115/><N who="0" m="44043" /><D135/><U90/><E129/><V58/><F58/><W57/><G57/><T106/><D106/><U54/><E54/><N who="0" m="20521" /><D31/><U107/><E107/><V64/><F47/><W25/><G28/><T27/><D27/><U3/><E3/><V96/><F45/><W81/><G25/><T85/><D85/><U4/><E61/><V103/><F26/><W17/><G24/><T30/><D30/><U133/><E133/><V43/><F43/><W101/><G37/><T119/><D119/><U59/><E59/><V127/><F127/><W12/><G38/><T83/><D83/><U92/><E56/><V14/><F80/><W48/><G81/><T72/><D35/><U44/><E53/><V32/><F32/><W122/><G33/><T0/><D0/><U21/><E44/><V39/><F34/><W100/><G13/><T22/><D22/><U9/><E21/><V88/><F15/><W75/><G20/><T11/><D11/><U40/><E9/><V87/><F10/><RYUUKYOKU ba="0,0" sc="167,30,357,-10,229,-10,247,-10" hai0="72,98,102,105" owari="197,-30.0,347,44.0,219,-18.0,237,4.0" /></mjloggm>