<mjloggm ver="2.3"><GO type="169" lobby="0"/><UN n0="%68%61%72%75%6B%61%73" n1="%E3%81%A4%E3%82%80%E3%81%90" n2="%E3%81%8B%E3%81%A5%E3%81%8D%EF%BC%B8%EF%BC%A9" n3="%E3%81%82%E3%81%BE%E3%81%BF%EF%BD%9E" dan="17,16,17,17" rate="2120.34,2057.10,2105.91,2120.46" sx="M,M,M,M"/><TAIKYOKU oya="0"/><INIT seed="0,0,0,0,0,95" ten="250,250,250,250" oya="0" hai0="118,70,22,102,51,63,43,56,27,101,15,77,128" hai1="65,122,7,59,52,73,20,25,0,80,135,36,26" hai2="1,85,74,16,54,68,13,38,2,83,84,12,108" hai3="10,100,64,89,88,44,53,121,127,28,126,110,129"/><T18/><D118/><U104/><E122/><V72/><F68/><W11/><G110/><T42/><D128/><U57/><E135/><V92/><F38/><W98/><G129/><T30/><D70/><U93/><E104/><V90/><F108/><W34/><G64/><T39/><D77/><U58/><E36/><V94/><F54/><W111/><G111/><T114/><D114/><U106/><E106/><V107/><F107/><N who="3" m="63895" /><G121/><T67/><D39/><U19/><E65/><V37/><F37/><W76/><G76/><T125/><D125/><N who="3" m="47625" /><G44/><N who="0" m="26007" /><D43/><U91/><E80/><V75/><F13/><W132/><G53/><T50/><D50/><U48/><E73/><V123/><F123/><W3/><G132/><T6/><D6/><U134/><E134/><V47/><F47/><W103/><G103/><T131/><D131/><U113/><E113/><V49/><F49/><W69/><G69/><T97/><D97/><N who="1" m="57535" /><E0/><V4/><F4/><N who="3" m="1311" /><G11/><AGARI ba="0,0" hai="11,15,18,22,27,30,56,63,67,101,102" m="26007" machi="11" ten="30,1500,0" yaku="8,1" doraHai="95" who="0" fromWho="3" sc="250,15,250,0,250,0,250,-15" /><INIT seed="0,1,0,2,4,90" ten="265,250,250,235" oya="0" hai0="35,9,110,111,100,98,80,56,128,119,106,14,76" hai1="68,73,129,118,13,125,42,87,134,47,117,101,30" hai2="97,99,83,130,70,11,71,89,7,51,61,38,36" hai3="78,105,62,54,43,81,6,65,121,102,48,124,28"/><T72/><D35/><U116/><E30/><V107/><F130/><W126/><G43/><T103/><D119/><U58/><E101/><V122/><F122/><W50/><G121/><T60/><D103/><U46/><E73/><V66/><F71/><W77/><G77/><T44/><D44/><U12/><E68/><V55/><F107/><W93/><G105/><T74/><D128/><U95/><E129/><V92/><F99/><N who="3" m="59759" /><G6/><T10/><D74/><U85/><E58/><V112/><F83/><W91/><G91/><T115/><D115/><U132/><E42/><V69/><F69/><N who="3" m="42167" /><G54/><T5/><REACH who="0" step="1"/><D10/><REACH who="0" ten="255,250,250,235" step="2"/><U22/><E118/><V19/><F112/><W63/><G126/><T113/><D113/><U123/><E125/><V86/><F11/><W114/><G124/><T53/><AGARI ba="1,1" hai="5,9,14,53,56,60,72,76,80,98,100,106,110,111" machi="53" ten="30,3000,0" yaku="1,1,0,1,53,0" doraHai="90" doraHaiUra="16" who="0" fromWho="0" sc="255,43,250,-11,250,-11,235,-11" /><INIT seed="0,2,0,0,2,97" ten="298,239,239,224" oya="0" hai0="71,118,73,120,34,96,36,104,98,88,78,70,10" hai1="46,52,56,87,77,60,100,102,117,114,48,108,128" hai2="8,7,62,35,127,112,116,93,2,15,38,49,67" hai3="27,121,66,103,65,12,9,132,37,17,64,55,89"/><T14/><D118/><U134/><E117/><V29/><F38/><W110/><G37/><T80/><D34/><U51/><E108/><V59/><F112/><W124/><G110/><T22/><D120/><U63/><E128/><V72/><F72/><W44/><G132/><T135/><D22/><U79/><E134/><V20/><F116/><W122/><G124/><T21/><D21/><U24/><E114/><V50/><F127/><W57/><G44/><T115/><D36/><U126/><E126/><V5/><F5/><W76/><G76/><N who="1" m="29258" /><E24/><V91/><F35/><W92/><G27/><T16/><D115/><U1/><E1/><V54/><F67/><W119/><G119/><T41/><D41/><U25/><E25/><V39/><F39/><W75/><G75/><T11/><D11/><U68/><E68/><V99/><REACH who="2" step="1"/><F29/><REACH who="2" ten="298,239,229,224" step="2"/><W33/><G33/><T111/><D135/><U94/><E51/><V123/><F123/><W95/><G122/><T109/><D111/><U90/><E63/><V129/><F129/><W84/><G121/><T130/><D130/><U45/><E45/><V31/><F31/><W69/><G66/><AGARI ba="2,1" hai="46,48,52,56,60,66,87,90,94,100,102" m="29258" machi="66" ten="30,7700,0" yaku="8,1,52,2,54,1" doraHai="97" who="1" fromWho="3" sc="298,0,239,93,229,0,224,-83" /><INIT seed="1,0,0,5,4,7" ten="298,332,229,141" oya="1" hai0="33,30,78,107,14,6,48,20,38,5,40,116,100" hai1="79,113,105,11,98,115,43,42,114,84,50,96,2" hai2="65,58,133,18,57,4,12,103,34,0,91,68,69" hai3="44,49,71,94,92,16,46,131,73,22,41,3,23"/><U19/><E43/><V8/><F34/><W122/><G122/><T89/><D38/><U29/><E29/><V31/><F103/><W63/><G73/><T110/><D78/><U93/><E105/><V76/><F76/><W36/><G131/><T39/><D39/><U86/><E96/><V59/><F31/><W9/><G92/><T54/><D40/><U27/><E79/><V99/><F133/><W128/><G128/><T102/><D33/><U123/><E123/><V104/><F65/><W53/><G94/><T70/><D70/><U127/><E127/><V97/><F104/><W74/><G74/><T75/><D75/><U77/><E77/><V66/><F91/><W121/><G121/><T24/><D116/><U10/><E2/><V47/><F47/><W81/><G81/><T124/><D124/><U21/><E50/><V52/><F68/><W80/><G80/><T109/><D89/><U61/><E61/><V135/><F135/><W13/><REACH who="3" step="1"/><G3/><REACH who="3" ten="298,332,229,131" step="2"/><T87/><D107/><U111/><E111/><V119/><F119/><W90/><G90/><T25/><D109/><U118/><E118/><V62/><F99/><W56/><G56/><T85/><D102/><U67/><E86/><V106/><F97/><W108/><G108/><T83/><D87/><U28/><E84/><V126/><F126/><W72/><G72/><T45/><D100/><U132/><E132/><V101/><F101/><W130/><G130/><T1/><D110/><U88/><E98/><V64/><F106/><W125/><G125/><T95/><D1/><U37/><E88/><V15/><F0/><RYUUKYOKU ba="0,1" sc="298,-10,332,-10,229,-10,131,30" hai3="9,13,16,22,23,36,41,44,46,49,53,63,71" /><INIT seed="2,1,1,2,4,27" ten="288,322,219,161" oya="2" hai0="48,116,29,83,117,38,44,110,4,25,0,97,86" hai1="54,5,100,85,42,8,135,133,113,52,69,56,7" hai2="78,2,129,90,87,12,50,98,16,88,75,21,128" hai3="77,14,104,109,65,18,101,17,121,9,34,81,74"/><V122/><F2/><W41/><G121/><T94/><D38/><U82/><E69/><V127/><F127/><W3/><G3/><T92/><D110/><U10/><E42/><V106/><F122/><W95/><G109/><T59/><D4/><U107/><E100/><N who="2" m="62743" /><F50/><W28/><G104/><T57/><D0/><U114/><E107/><V70/><F70/><W47/><G65/><T53/><D117/><U68/><E68/><V15/><F90/><W80/><G17/><T64/><D64/><U30/><E56/><V20/><F20/><W61/><G61/><T134/><D92/><U103/><E103/><V123/><F123/><W91/><G101/><T13/><D13/><U89/><E89/><V32/><F32/><W124/><G124/><T26/><D116/><U11/><E11/><V93/><F12/><W73/><G80/><AGARI ba="1,1" hai="15,16,21,75,78,80,87,88,93,128,129" m="62743" machi="80" ten="30,5800,0" yaku="24,1,54,2" doraHai="27" who="2" fromWho="3" sc="288,0,322,0,219,71,161,-61" /><INIT seed="2,2,0,2,3,32" ten="288,322,290,100" oya="2" hai0="93,0,39,3,117,13,97,107,123,98,24,16,5" hai1="9,116,100,77,34,110,80,59,126,22,6,119,50" hai2="83,7,14,131,99,122,28,1,12,68,2,36,40" hai3="69,128,48,20,60,30,133,23,91,46,104,106,56"/><V101/><F68/><W58/><G69/><T103/><D123/><U72/><E34/><V87/><F122/><W125/><G125/><T132/><D39/><U120/><E120/><V86/><F28/><W53/><G133/><T71/><D71/><U43/><E126/><V70/><F70/><W17/><G128/><T111/><D132/><U90/><E110/><V92/><F87/><W47/><G30/><T57/><D111/><U42/><E100/><V63/><F63/><W10/><G23/><T109/><D109/><U73/><E73/><V66/><F66/><W37/><G37/><T67/><D5/><U26/><E90/><V135/><F135/><W134/><G134/><T55/><D67/><U74/><E74/><V112/><F112/><W78/><G78/><T45/><D45/><U65/><E65/><V25/><F25/><W18/><G58/><T35/><D24/><U15/><E59/><V108/><F108/><W51/><G47/><T84/><D84/><U44/><REACH who="1" step="1"/><E43/><REACH who="1" ten="288,312,290,100" step="2"/><V121/><F121/><W21/><G91/><T114/><D35/><U54/><E54/><V31/><F40/><W41/><G41/><T82/><D114/><U52/><E52/><V89/><F131/><W11/><G53/><T64/><D64/><U61/><E61/><V96/><F101/><W88/><G88/><T29/><D55/><U102/><E102/><V118/><F89/><W81/><G60/><T27/><D57/><U4/><E4/><V129/><F129/><W19/><G56/><T75/><D103/><U33/><E33/><V124/><F124/><W62/><G62/><RYUUKYOKU ba="2,1" sc="288,-10,312,30,290,-10,100,-10" hai1="6,9,15,22,26,42,44,50,72,77,80,116,119" /><INIT seed="3,3,1,3,1,62" ten="278,342,280,90" oya="3" hai0="76,32,131,33,101,77,30,135,69,41,85,104,25" hai1="38,130,44,113,11,127,116,15,84,80,111,87,12" hai2="22,55,118,1,28,26,73,112,72,61,23,97,119" hai3="125,83,82,21,103,8,78,35,106,49,92,95,42"/><W123/><G35/><T10/><D33/><U96/><E87/><V59/><F1/><W79/><G8/><T108/><D108/><U66/><E15/><V13/><F112/><W98/><G42/><T31/><D31/><U128/><E113/><V105/><F22/><W46/><G46/><T34/><D34/><U88/><E111/><V109/><F13/><W14/><G49/><T7/><D131/><U5/><E116/><V65/><F55/><W0/><G0/><T27/><D27/><U75/><E75/><V37/><F37/><W117/><G21/><T58/><D69/><U124/><E96/><V57/><F57/><W86/><G14/><T67/><D41/><N who="1" m="22583" /><E66/><V17/><F109/><W29/><G29/><T43/><D43/><U4/><E5/><V114/><F114/><W63/><G63/><T81/><D76/><N who="3" m="29225" /><G123/><T133/><D104/><U52/><E52/><V110/><F110/><W91/><G117/><T90/><D101/><U102/><E102/><V56/><F56/><W89/><G125/><AGARI ba="3,1" hai="4,11,12,80,84,88,124,125,127,128,130" m="22583" machi="125" ten="30,2000,0" yaku="18,1,54,1" doraHai="62" who="1" fromWho="3" sc="278,0,342,39,280,0,90,-29" /><INIT seed="4,0,0,3,2,22" ten="278,381,280,61" oya="0" hai0="96,134,104,41,8,135,61,83,28,38,57,121,110" hai1="77,44,53,64,50,120,13,60,88,56,112,75,54" hai2="58,51,52,106,24,91,59,37,76,130,18,67,132" hai3="127,30,89,103,73,25,119,98,114,126,39,46,93"/><T86/><D121/><U62/><E77/><V133/><F106/><W117/><G39/><T69/><D69/><U4/><E75/><V82/><F37/><W23/><G73/><T72/><D72/><U42/><E4/><V36/><F36/><W15/><G46/><T122/><D122/><U70/><E13/><V125/><F125/><W118/><G114/><T111/><D8/><U99/><E120/><V47/><F91/><W105/><REACH who="3" step="1"/><G15/><REACH who="3" ten="278,381,280,51" step="2"/><T63/><D38/><U1/><E112/><V17/><F130/><W97/><AGARI ba="0,1" hai="23,25,30,89,93,97,98,103,105,117,118,119,126,127" machi="97" ten="40,8000,1" yaku="1,1,2,1,0,1,52,1,53,0" doraHai="22" doraHaiUra="32" who="3" fromWho="3" sc="278,-40,381,-20,280,-20,51,90" /><INIT seed="5,0,0,5,2,78" ten="238,361,260,141" oya="1" hai0="24,93,126,0,132,54,92,41,95,116,1,94,82" hai1="5,9,3,66,13,122,131,135,40,87,83,74,30" hai2="39,89,59,100,130,16,48,105,64,60,69,85,118" hai3="51,80,44,134,18,8,11,4,57,61,96,50,47"/><U109/><E122/><V49/><F39/><W20/><G134/><T121/><D116/><U71/><E135/><V72/><F72/><W31/><G31/><T42/><D132/><U35/><E131/><V28/><F28/><W125/><G125/><T110/><D126/><U14/><E74/><V111/><F118/><W101/><G50/><T10/><D110/><U104/><E104/><V98/><F111/><W67/><G4/><T27/><D54/><U133/><E133/><V115/><F130/><W119/><G119/><T56/><D56/><U106/><E106/><V77/><F77/><W25/><G47/><T81/><D94/><U37/><E109/><V90/><F115/><W129/><G129/><T17/><D10/><U107/><E107/><V124/><F124/><W22/><G22/><T88/><D17/><U103/><E103/><V63/><F90/><W114/><G114/><T58/><D58/><U36/><E36/><V75/><F75/><W7/><G7/><T53/><D53/><U84/><E84/><V91/><F91/><W79/><G96/><T33/><D88/><N who="1" m="51327" /><E40/><V112/><F112/><W128/><G101/><T43/><D33/><U73/><E37/><V62/><F69/><W113/><G128/><T6/><D6/><U123/><E73/><V15/><F64/><W97/><G97/><T117/><D121/><U21/><E35/><V2/><F2/><N who="0" m="1130" /><D117/><U34/><E123/><V19/><F59/><W65/><G65/><T45/><D45/><U26/><E34/><V108/><F108/><W86/><G113/><T32/><D32/><U23/><E23/><RYUUKYOKU ba="0,0" sc="238,10,361,10,260,-30,141,10" hai0="24,27,41,42,43,81,82,92,93,95" hai1="3,5,9,13,14,21,26,30,66,71" hai3="8,11,18,20,25,44,51,57,61,67,79,80,86" /><INIT seed="5,1,0,2,1,131" ten="248,371,230,151" oya="1" hai0="40,36,113,114,48,22,18,68,80,45,85,65,94" hai1="101,82,25,58,10,64,70,38,23,14,109,67,84" hai2="126,50,118,34,60,52,28,102,42,135,72,88,132" hai3="99,20,110,73,61,74,29,5,128,92,98,79,33"/><U59/><E38/><V53/><F72/><W57/><G110/><T19/><D94/><U56/><E101/><V104/><F118/><W125/><G33/><T39/><D65/><U91/><E70/><V35/><F126/><W123/><G123/><T130/><D68/><U46/><E46/><V4/><F4/><W7/><G99/><T127/><D127/><U89/><E89/><V112/><F28/><W93/><G93/><T111/><D111/><U9/><E109/><V47/><F102/><W43/><G43/><T16/><D22/><U31/><REACH who="1" step="1"/><E10/><REACH who="1" ten="248,361,230,151" step="2"/><V41/><F104/><W69/><G69/><T71/><D71/><U32/><E32/><V1/><F35/><W133/><G125/><T115/><D130/><U107/><E107/><V44/><F34/><W55/><G128/><T78/><AGARI ba="1,1" hai="16,18,19,36,39,40,45,48,78,80,85,113,114,115" machi="78" ten="40,5200,0" yaku="0,1,15,1,54,1" doraHai="131" who="0" fromWho="0" sc="248,65,361,-27,230,-14,151,-14" /><INIT seed="6,0,0,1,4,24" ten="313,334,216,137" oya="2" hai0="130,53,58,40,39,77,30,105,16,11,54,20,38" hai1="31,48,49,67,119,86,59,128,113,74,124,76,35" hai2="2,79,102,26,32,28,63,108,85,96,61,120,126" hai3="65,71,107,89,13,122,84,129,7,103,15,90,87"/><V9/><F120/><W94/><G129/><T134/><D105/><U52/><E119/><V135/><F135/><W98/><G122/><T60/><D130/><U104/><E104/><V66/><F126/><W116/><G116/><T131/><D131/><U55/><E74/><V6/><F108/><W81/><G71/><T80/><D134/><U112/><E128/><V27/><F27/><W62/><G7/><T117/><D30/><U118/><E118/><V72/><F85/><W97/><G65/><T29/><D29/><U23/><E35/><V114/><F114/><W123/><G123/><T0/><D54/><U127/><E67/><V12/><F12/><W93/><G62/><T73/><D40/><U42/><E42/><V17/><F17/><W10/><G10/><T75/><D75/><U36/><E36/><V69/><F63/><W68/><G68/><T83/><D83/><N who="1" m="47463" /><E23/><V50/><F50/><W4/><G4/><T82/><D82/><U95/><E95/><V41/><F41/><W1/><G1/><T44/><D44/><N who="1" m="27655" /><E31/><V43/><F43/><W64/><G64/><T21/><D21/><U110/><E110/><V18/><F18/><W34/><REACH who="3" step="1"/><G34/><REACH who="3" ten="313,334,216,127" step="2"/><T8/><D117/><U121/><E121/><V111/><F111/><W51/><G51/><T22/><D0/><U109/><E109/><V100/><F69/><W57/><G57/><T56/><D58/><U92/><E124/><V133/><F66/><W19/><G19/><T132/><D132/><U25/><E127/><V37/><F32/><W47/><G47/><T88/><D39/><U106/><E59/><RYUUKYOKU ba="0,1" sc="313,-10,334,-10,216,-10,127,30" hai3="13,15,81,84,87,89,90,93,94,97,98,103,107" /><INIT seed="7,1,1,3,5,7" ten="303,324,206,157" oya="3" hai0="25,35,68,117,9,79,93,1,102,48,99,11,63" hai1="54,67,0,83,113,105,80,134,40,81,37,58,84" hai2="21,72,57,65,43,3,2,46,55,128,30,98,28" hai3="91,130,108,50,90,75,15,4,26,33,32,86,135"/><W60/><G75/><T66/><D117/><U89/><E105/><V53/><F72/><W62/><G130/><T133/><D1/><U39/><E0/><V23/><F128/><W129/><G135/><T76/><D133/><U82/><E134/><V6/><F2/><W38/><G38/><T64/><D66/><U10/><E10/><V131/><F131/><W121/><G121/><T132/><D132/><U111/><E111/><V115/><F115/><W13/><G129/><T125/><D125/><U17/><E17/><V97/><F65/><W78/><G108/><T42/><D76/><U44/><E67/><V36/><F55/><W120/><G120/><T71/><D68/><U74/><E39/><V107/><F107/><W122/><G122/><T87/><D42/><U103/><E103/><V14/><F3/><W110/><G110/><T34/><D48/><U106/><E106/><V114/><F114/><W92/><G78/><T96/><D96/><U52/><E54/><V100/><F100/><W41/><G91/><T51/><D51/><U101/><E101/><V127/><F127/><W61/><G4/><T27/><D35/><N who="3" m="13385" /><G26/><T20/><D27/><U19/><E113/><V119/><F119/><W31/><G31/><T18/><D34/><U59/><E19/><V94/><F28/><W69/><G69/><T109/><REACH who="0" step="1"/><D109/><REACH who="0" ten="293,324,206,157" step="2"/><U29/><E29/><V24/><F30/><W45/><G13/><T123/><D123/><U104/><E37/><V85/><F24/><W116/><G15/><T5/><D5/><U22/><N who="1" m="20992" /><DORA hai="118" /><U56/><E74/><V70/><F36/><RYUUKYOKU ba="1,2" sc="293,15,324,-15,206,-15,157,15" hai0="9,11,18,20,25,63,64,71,79,87,93,99,102" hai3="41,45,50,60,61,62,86,90,92,116" /><INIT seed="7,2,2,3,2,55" ten="308,309,191,172" oya="3" hai0="59,135,119,26,3,25,58,36,24,6,10,41,80" hai1="42,124,130,14,87,56,105,88,86,71,131,30,51" hai2="9,111,27,79,12,102,1,100,112,99,120,64,16" hai3="22,31,97,98,114,72,83,127,66,17,33,75,38"/><W103/><G38/><T11/><D119/><U35/><E71/><V128/><F111/><W107/><G114/><T104/><D104/><U68/><E68/><V133/><F112/><W29/><G127/><T49/><D36/><U65/><E105/><V92/><F128/><W82/><G33/><T101/><D101/><U63/><E124/><V76/><F133/><W32/><G32/><T39/><D39/><U70/><E87/><V2/><F102/><W44/><G44/><N who="0" m="25743" /><D3/><U8/><E30/><V47/><F2/><W20/><G103/><T94/><D135/><U117/><E35/><V13/><F1/><W53/><G107/><T106/><D94/><U34/><E34/><V110/><F110/><W95/><G95/><T60/><D58/><U78/><E56/><V62/><F120/><W19/><REACH who="3" step="1"/><G53/><REACH who="3" ten="308,309,191,162" step="2"/><T73/><D106/><U4/><E130/><V134/><F134/><W5/><G5/><T116/><D6/><U84/><E4/><N who="2" m="3111" /><F47/><W7/><G7/><T46/><D46/><U23/><E131/><V40/><F40/><W74/><G74/><T54/><D73/><U18/><E42/><V113/><F113/><W96/><G96/><T67/><D54/><U0/><E0/><V37/><F37/><W57/><G57/><T93/><D93/><U69/><E69/><N who="2" m="42135" /><F27/><W89/><G89/><T126/><D126/><U125/><E88/><V123/><F123/><W15/><G15/><T109/><D109/><U45/><E14/><V121/><F121/><W48/><G48/><T115/><D115/><U52/><E125/><V129/><F129/><W50/><G50/><RYUUKYOKU ba="2,3" sc="308,-15,309,-15,191,15,162,15" hai2="13,16,76,79,92,99,100" hai3="17,19,20,22,29,31,66,72,75,82,83,97,98" /><INIT seed="7,3,3,1,5,133" ten="293,294,206,177" oya="3" hai0="78,127,122,2,115,113,39,97,68,129,95,94,34" hai1="17,52,40,96,118,132,109,23,114,79,30,5,91" hai2="120,108,73,80,37,35,53,62,28,57,66,32,61" hai3="38,89,58,9,117,60,71,92,20,54,3,22,48"/><W81/><G117/><T135/><RYUUKYOKU type="yao9" ba="3,3" sc="293,0,294,0,206,0,177,0" hai0="2,34,39,68,78,94,95,97,113,115,122,127,129,135" /><INIT seed="7,4,3,0,2,5" ten="293,294,206,177" oya="3" hai0="2,131,64,43,62,134,95,23,127,90,103,45,93" hai1="116,129,55,35,69,27,7,79,10,86,108,106,99" hai2="58,29,8,25,132,84,73,34,94,72,38,92,46" hai3="67,16,39,112,51,124,14,4,13,70,98,0,107"/><W102/><G39/><T74/><D74/><U96/><E96/><V89/><F132/><W78/><G0/><T111/><D111/><U71/><E108/><V44/><F94/><W60/><G4/><T110/><D110/><U91/><E79/><V47/><F38/><W40/><G112/><T32/><D32/><U3/><E55/><V42/><F42/><W61/><G124/><T83/><D134/><U59/><E59/><V20/><F34/><W130/><G130/><T18/><D2/><U19/><E129/><V109/><F109/><W82/><G61/><T66/><D127/><U135/><E116/><V15/><REACH who="2" step="1"/><F58/><REACH who="2" ten="293,294,196,177" step="2"/><W1/><G1/><T118/><D93/><U76/><E35/><V41/><F41/><W37/><G37/><T11/><D131/><U122/><E71/><V115/><F115/><W97/><G97/><T113/><D113/><U52/><E69/><V133/><F133/><W26/><G40/><T126/><D126/><U24/><E99/><V123/><F123/><W121/><G121/><T56/><D118/><U80/><E122/><V125/><F125/><W65/><G65/><T36/><D66/><U22/><E135/><V30/><F30/><W48/><G26/><T87/><D103/><U81/><E27/><V54/><F54/><W53/><G53/><T68/><D68/><U128/><E52/><V57/><F57/><W77/><G13/><N who="0" m="7487" /><D64/><U75/><E128/><V114/><F114/><W50/><REACH who="3" step="1"/><G82/><REACH who="3" ten="293,294,196,167" step="2"/><T119/><D83/><U31/><E3/><V105/><F105/><W6/><G6/><AGARI ba="4,5" hai="6,8,15,20,25,29,44,46,47,72,73,84,89,92" machi="6" ten="40,5200,0" yaku="1,1,52,1,53,1" doraHai="5" doraHaiUra="17" who="2" fromWho="3" sc="293,0,294,0,196,114,167,-64" owari="293,-11.0,294,9.0,310,42.0,103,-40.0" /></mjloggm>