<mjloggm ver="2.3"><GO type="185" lobby="0"/><UN n0="%63%61%6C%63%2E" n1="%E3%81%B6%E3%82%8B%E3%81%AF%E3%81%A4" n2="%E6%A2%B6%E9%9A%86%E8%87%A3" n3="" dan="19,16,17,0" rate="2405.31,2164.71,2249.47,1500.00" sx="M,M,M,C"/><TAIKYOKU oya="0"/><INIT seed="0,0,0,5,5,64" ten="350,350,350,0" oya="0" hai0="120,44,94,72,126,67,54,78,86,105,2,47,65" hai1="95,104,68,135,88,53,52,48,84,32,119,129,33" hai2="34,112,118,37,110,111,55,97,36,98,83,59,122" hai3=""/><T134/><N who="0" m="30752" /><T75/><D105/><U106/><E119/><V130/><N who="2" m="31264" /><V66/><F34/><T116/><D116/><U46/><E129/><V101/><F118/><T133/><D2/><U115/><E115/><V99/><F112/><T50/><D126/><U43/><E135/><N who="0" m="51721" /><D44/><U87/><E68/><V109/><F66/><N who="0" m="25098" /><D94/><U90/><E106/><V79/><F101/><T128/><D128/><U60/><E104/><V62/><REACH who="2" step="1"/><F130/><REACH who="2" ten="350,350,340,0" step="2"/><T102/><D102/><U132/><E132/><V82/><F82/><AGARI ba="0,1" hai="47,50,54,72,75,78,82,86" m="25098,51721,30752" machi="82" ten="30,2900,0" yaku="20,1,52,1" doraHai="64" who="0" fromWho="2" sc="350,39,350,0,340,-29,0,0" /><INIT seed="0,1,0,4,0,106" ten="389,350,311,0" oya="0" hai0="44,105,71,104,133,123,35,127,34,45,112,50,95" hai1="1,40,76,108,126,121,101,63,64,120,124,131,129" hai2="61,79,39,49,68,74,87,3,118,0,53,72,135" hai3=""/><T59/><N who="0" m="31520" /><T130/><D112/><U36/><N who="1" m="30752" /><U51/><N who="1" m="31008" /><U99/><E1/><V116/><F39/><T58/><D95/><U67/><E108/><V55/><F87/><T90/><D50/><U125/><E36/><V78/><F68/><T54/><D71/><U32/><E32/><V115/><F61/><T98/><D98/><U47/><E76/><V132/><REACH who="2" step="1"/><F49/><REACH who="2" ten="389,350,301,0" step="2"/><T62/><D62/><U128/><E63/><V82/><F82/><T107/><D34/><U38/><E38/><V43/><F43/><T42/><D42/><U113/><E113/><AGARI ba="1,1" hai="0,3,53,55,72,74,78,79,113,115,116,118,132,135" machi="113" ten="25,12000,2" yaku="1,1,22,2,52,2,53,2" doraHai="106" doraHaiUra="48" who="2" fromWho="1" sc="389,0,350,-122,301,132,0,0" /><INIT seed="1,0,0,5,3,91" ten="389,228,433,0" oya="1" hai0="80,43,85,118,134,92,54,50,38,129,83,133,75" hai1="135,125,97,41,52,57,69,56,111,71,81,55,1" hai2="66,128,127,106,96,100,104,39,123,61,120,70,42" hai3=""/><U116/><E1/><V103/><N who="2" m="30752" /><V51/><N who="2" m="31520" /><V3/><F3/><T119/><D129/><U107/><E116/><N who="0" m="44585" /><D43/><U90/><E125/><V109/><F128/><T115/><D38/><U122/><N who="1" m="31264" /><U35/><E35/><V98/><F127/><T33/><D33/><U105/><E135/><N who="0" m="51721" /><D75/><U73/><E41/><V79/><F79/><T72/><D72/><U65/><E73/><V94/><F109/><T84/><D115/><U117/><E117/><V0/><F0/><T63/><D63/><U2/><E2/><V82/><F82/><N who="0" m="31274" /><D92/><U95/><E111/><V49/><REACH who="2" step="1"/><F94/><REACH who="2" ten="389,228,423,0" step="2"/><T101/><D101/><U78/><E107/><V37/><F37/><T87/><D85/><U67/><E105/><V74/><F74/><T102/><D102/><U77/><E81/><V130/><F130/><T68/><D68/><U99/><REACH who="1" step="1"/><E95/><REACH who="1" ten="389,218,423,0" step="2"/><V88/><F88/><AGARI ba="0,2" hai="52,55,56,57,65,67,69,71,77,78,88,90,97,99" m="31264" machi="88" ten="25,18000,2" yaku="1,1,2,1,22,2,52,1,54,2,53,0" doraHai="91" doraHaiUra="114" who="1" fromWho="2" sc="389,0,218,200,423,-180,0,0" /><INIT seed="1,1,0,4,5,96" ten="389,418,243,0" oya="1" hai0="77,134,90,89,48,55,98,39,44,121,135,111,85" hai1="51,130,133,132,54,91,1,112,36,73,86,106,108" hai2="33,57,87,110,105,47,64,53,43,34,95,126,56" hai3=""/><U74/><E1/><V128/><F105/><T107/><N who="0" m="31008" /><T38/><D77/><U93/><E36/><V92/><F110/><T104/><D111/><U127/><E108/><V82/><F128/><T115/><D115/><U88/><E112/><V83/><F126/><T69/><D69/><U102/><E130/><V122/><N who="2" m="31264" /><V37/><F83/><T61/><D61/><U49/><E127/><V65/><F65/><T113/><D113/><U41/><E41/><V50/><F57/><T76/><D76/><U120/><N who="1" m="30752" /><U40/><E40/><V59/><F59/><T75/><D75/><U116/><E116/><V123/><N who="2" m="31520" /><V2/><F64/><T32/><D32/><U58/><E49/><V46/><F47/><T97/><D44/><U101/><E91/><V0/><F2/><T45/><D45/><U42/><E42/><V114/><F114/><T3/><D3/><U72/><REACH who="1" step="1"/><E106/><REACH who="1" ten="389,408,243,0" step="2"/><V131/><F131/><T125/><D125/><U67/><E67/><V68/><F0/><T84/><D48/><U70/><E70/><V79/><F68/><T60/><D104/><U124/><E124/><V80/><F33/><T78/><D107/><U66/><E66/><V81/><F34/><T117/><D117/><RYUUKYOKU ba="1,1" sc="389,-20,408,10,243,10,0,0" hai1="51,54,58,72,73,74,86,88,93,101,102,132,133" hai2="37,43,46,50,53,56,79,80,81,82,87,92,95" /><INIT seed="1,2,1,1,2,89" ten="369,418,253,0" oya="1" hai0="113,50,105,49,44,109,67,71,120,51,38,41,46" hai1="132,83,100,61,59,119,74,98,130,43,123,97,108" hai2="96,114,124,77,94,134,95,36,0,63,102,122,80" hai3=""/><U131/><N who="1" m="31520" /><U126/><E119/><V40/><N who="2" m="31264" /><V35/><F0/><T56/><N who="0" m="30752" /><T116/><D105/><U68/><E68/><V1/><F1/><T53/><D113/><U93/><E132/><V69/><F35/><T3/><D3/><U85/><E74/><V133/><F124/><T86/><D86/><U106/><E126/><V32/><F32/><T47/><D109/><U75/><E43/><V81/><F80/><T103/><D103/><U87/><E108/><V60/><F114/><T48/><D116/><U129/><E75/><V45/><F95/><T111/><D111/><U42/><E42/><V135/><REACH who="2" step="1"/><F69/><REACH who="2" ten="369,418,243,0" step="2"/><T73/><D73/><AGARI ba="2,2" hai="36,40,45,60,63,73,77,81,94,96,102,133,134,135" m="31264" machi="73" ten="40,12000,2" yaku="1,1,2,1,20,1,52,2,53,1" doraHai="89" doraHaiUra="91" who="2" fromWho="0" sc="369,-124,418,0,243,144,0,0" /><INIT seed="2,0,0,4,4,35" ten="245,418,387,0" oya="2" hai0="93,74,134,51,52,84,81,135,103,94,123,1,80" hai1="111,55,67,56,32,39,36,114,106,66,47,69,53" hai2="68,119,33,110,132,37,58,109,133,65,72,3,86" hai3=""/><V34/><F72/><T54/><N who="0" m="31520" /><T0/><D74/><U87/><E32/><N who="2" m="12395" /><F119/><T71/><D71/><U70/><E106/><V76/><F37/><N who="1" m="14409" /><E87/><V77/><F68/><N who="1" m="26217" /><E114/><V91/><F3/><T128/><D51/><U122/><N who="1" m="31264" /><U63/><E111/><N who="2" m="42507" /><F58/><T61/><D84/><U108/><E108/><V88/><F65/><T89/><D61/><U124/><E124/><V2/><F2/><T98/><D103/><U79/><E79/><N who="2" m="30283" /><F91/><T102/><D102/><U130/><E130/><V116/><F116/><T131/><REACH who="0" step="1"/><D89/><REACH who="0" ten="235,418,387,0" step="2"/><U83/><E83/><AGARI ba="0,1" hai="83,86,88,132,133" m="30283,42507,12395" machi="83" ten="40,7700,0" yaku="14,1,10,1,54,1" doraHai="35" who="2" fromWho="1" sc="235,0,418,-77,387,87,0,0" /><INIT seed="2,1,0,2,5,49" ten="235,341,474,0" oya="2" hai0="124,55,134,3,37,50,102,64,118,104,106,81,82" hai1="79,100,111,113,68,52,87,132,70,72,103,85,56" hai2="62,130,57,46,44,89,48,33,43,93,117,101,109" hai3=""/><V122/><N who="2" m="31264" /><V73/><F117/><T41/><D118/><U54/><E113/><V128/><F73/><T39/><D3/><U38/><E38/><V66/><F101/><T61/><D134/><U90/><E132/><V107/><F107/><T35/><D35/><U63/><E111/><V92/><F33/><T69/><D124/><U119/><E119/><V125/><F125/><T133/><D133/><U131/><E131/><V95/><F109/><T53/><D37/><U115/><E115/><V135/><F135/><T67/><D67/><U126/><E126/><V108/><F108/><T71/><D71/><U84/><E90/><V47/><F89/><T86/><D82/><U83/><REACH who="1" step="1"/><E54/><REACH who="1" ten="235,331,474,0" step="2"/><V32/><F32/><T112/><D112/><U42/><E42/><V59/><REACH who="2" step="1"/><F43/><REACH who="2" ten="235,331,464,0" step="2"/><T114/><D114/><U97/><E97/><V110/><F110/><T60/><D41/><U77/><E77/><V116/><F116/><T65/><D102/><AGARI ba="1,2" hai="52,56,63,68,70,72,79,83,84,85,87,100,102,103" machi="102" ten="40,5200,0" yaku="1,1,52,1,54,1,53,0" doraHai="49" doraHaiUra="40" who="1" fromWho="0" sc="235,-54,331,74,464,0,0,0" /><INIT seed="4,0,0,3,0,70" ten="181,405,464,0" oya="0" hai0="105,75,83,123,76,126,32,132,92,84,96,66,69" hai1="63,85,45,110,42,119,60,46,34,50,109,78,56" hai2="122,95,107,115,128,73,131,104,36,102,86,100,98" hai3=""/><T67/><N who="0" m="31520" /><T49/><D32/><U88/><E34/><V64/><N who="2" m="31264" /><V91/><F64/><T121/><N who="0" m="31008" /><T71/><D132/><U0/><E0/><V65/><F65/><N who="0" m="24586" /><D49/><U54/><E119/><V61/><F61/><T120/><N who="0" m="30752" /><T97/><D97/><U99/><E78/><V48/><F36/><T51/><D51/><U114/><E114/><V124/><F115/><T2/><D2/><U40/><E99/><V111/><F102/><T117/><D117/><U79/><E79/><V133/><F107/><T57/><D57/><U37/><REACH who="1" step="1"/><E63/><REACH who="1" ten="181,395,464,0" step="2"/><V118/><F118/><T81/><D81/><AGARI ba="0,1" hai="37,40,42,45,46,50,54,56,60,81,85,88,109,110" machi="81" ten="30,12000,2" yaku="1,1,2,1,7,1,52,1,54,1,53,1" doraHai="70" doraHaiUra="55" who="1" fromWho="0" sc="181,-120,395,130,464,0,0,0" /><INIT seed="5,0,0,5,4,86" ten="61,525,464,0" oya="1" hai0="70,107,35,34,44,62,123,67,65,127,72,102,82" hai1="132,40,119,42,68,133,118,121,46,57,2,124,81" hai2="101,66,37,111,113,45,126,117,41,97,108,112,90" hai3=""/><U83/><N who="1" m="31008" /><U58/><E2/><V128/><F117/><T80/><D44/><U125/><E46/><V54/><F128/><T75/><D62/><U103/><E103/><V0/><F0/><T77/><D102/><U51/><E51/><V95/><F126/><T38/><D77/><U98/><E98/><V134/><F134/><T93/><D93/><U78/><E78/><V55/><F66/><T56/><D56/><U48/><E48/><V130/><F130/><T84/><D84/><U43/><E43/><V32/><F32/><T33/><N who="0" m="31520" /><T99/><D99/><U36/><REACH who="1" step="1"/><E68/><REACH who="1" ten="61,515,464,0" step="2"/><V59/><F101/><T61/><D35/><U104/><E104/><V52/><REACH who="2" step="1"/><F59/><REACH who="2" ten="61,515,454,0" step="2"/><T85/><D33/><U115/><E115/><AGARI ba="0,2" hai="37,41,45,52,54,55,90,95,97,108,111,112,113,115" machi="115" ten="40,12000,2" yaku="1,1,2,1,15,1,11,1,52,1,54,1,53,1" doraHai="86" doraHaiUra="69" who="2" fromWho="1" sc="61,0,515,-120,454,140,0,0" /><INIT seed="6,0,0,3,3,44" ten="61,395,594,0" oya="2" hai0="41,107,34,43,67,114,130,35,3,124,83,122,60" hai1="121,117,77,95,68,75,45,33,120,110,88,94,47" hai2="56,128,123,132,53,85,64,42,73,111,113,74,52" hai3=""/><V0/><N who="2" m="31520" /><V58/><F0/><T39/><D83/><U118/><N who="1" m="30752" /><U80/><N who="1" m="31008" /><U37/><E33/><V51/><F113/><T84/><D84/><U109/><E68/><V93/><F128/><T103/><D103/><U131/><E37/><V98/><F132/><T116/><D60/><U129/><E45/><V126/><F126/><T135/><D67/><U46/><E47/><V134/><F134/><T54/><D54/><U70/><E70/><V102/><F111/><N who="1" m="42505" /><E94/><V79/><F64/><T2/><D43/><U87/><E46/><V57/><F42/><T119/><D41/><U71/><E71/><V66/><F66/><T104/><D34/><U97/><E97/><V81/><F56/><T133/><D3/><U86/><E86/><V38/><F38/><T72/><D133/><U100/><E100/><V61/><AGARI ba="0,0" hai="51,52,53,57,58,61,73,74,79,81,85,93,98,102" m="31520" machi="61" ten="20,8000,1" yaku="0,1,7,1,52,2,54,1" doraHai="44" who="2" fromWho="2" sc="61,-40,395,-40,594,80,0,0" owari="21,-58.0,355,-4.0,674,62.0,0,0.0" /></mjloggm>