<mjloggm ver="2.3"><GO type="169" lobby="0"/><UN n0="%6B%6F%6A%69%6D%6F%6E%39" n1="%54%4C%6B%65%79" n2="%E3%81%88%E3%81%8C%E3%82%8F%E3%82%8A%E3%81%8A" n3="%E3%81%9F%E3%81%8F%E3%81%98%E3%82%8D%E3%81%86" dan="16,16,16,16" rate="2110.05,2155.21,2068.30,2109.93" sx="M,M,M,M"/><TAIKYOKU oya="0"/><INIT seed="0,0,0,2,0,10" ten="250,250,250,250" oya="0" hai0="76,21,27,52,20,132,60,3,118,64,42,63,88" hai1="122,80,97,100,19,103,95,53,15,120,32,83,82" hai2="14,33,109,134,73,81,23,41,124,92,46,7,89" hai3="29,58,47,107,8,26,74,135,13,54,116,44,39"/><T133/><D3/><U90/><E32/><V2/><F109/><W16/><G116/><T126/><D118/><U105/><E53/><V125/><F134/><N who="0" m="51818" /><D76/><U68/><E68/><V17/><F33/><W127/><G135/><T36/><D126/><U31/><E31/><V12/><F2/><W77/><G127/><T56/><D27/><U40/><E40/><V79/><F7/><W18/><G107/><T130/><D130/><U49/><E49/><V28/><F28/><W67/><G67/><T0/><D0/><U5/><E5/><V85/><REACH who="2" step="1"/><F12/><REACH who="2" ten="250,250,240,250" step="2"/><W131/><G18/><T37/><D21/><U121/><REACH who="1" step="1"/><E105/><REACH who="1" ten="250,240,240,250" step="2"/><V30/><F30/><W24/><G29/><T112/><D112/><U51/><E51/><AGARI ba="0,2" hai="14,17,23,41,46,51,73,79,81,85,89,92,124,125" machi="51" ten="40,2600,0" yaku="1,1,52,1,53,0" doraHai="10" doraHaiUra="110" who="2" fromWho="1" sc="250,0,240,-26,240,46,250,0" /><INIT seed="1,0,0,2,5,40" ten="250,214,286,250" oya="1" hai0="43,25,101,9,76,61,130,127,31,1,0,66,68" hai1="125,108,51,79,100,73,47,18,23,10,28,80,93" hai2="99,71,65,50,133,62,135,29,96,44,37,121,107" hai3="104,91,90,67,38,53,21,52,128,124,33,32,115"/><U16/><E125/><V118/><F118/><W117/><G115/><T22/><D127/><U41/><E108/><V105/><F121/><W36/><G124/><T82/><D130/><U132/><E132/><N who="2" m="50763" /><F37/><N who="3" m="14443" /><G21/><T55/><D43/><U34/><E34/><N who="3" m="13418" /><G67/><T129/><D129/><U2/><E2/><V60/><F29/><W8/><G128/><T20/><D101/><U46/><E10/><V30/><F30/><W74/><G8/><T12/><D55/><N who="3" m="21065" /><G74/><T92/><D20/><U88/><E47/><V14/><F62/><W70/><G104/><N who="2" m="40009" /><F14/><W45/><G45/><T97/><D92/><U35/><E35/><V78/><F78/><W6/><G6/><T39/><D39/><U116/><E116/><V7/><F7/><W11/><G11/><T95/><D12/><U109/><E109/><V13/><F13/><W64/><G117/><T89/><REACH who="0" step="1"/><D9/><REACH who="0" ten="240,214,286,250" step="2"/><U83/><E100/><V131/><F131/><W56/><G64/><T59/><D59/><U94/><E93/><V72/><F72/><AGARI ba="0,1" hai="0,1,22,25,31,61,66,68,72,76,82,89,95,97" machi="72" ten="30,3900,0" yaku="1,1,7,1,53,1" doraHai="40" doraHaiUra="85" who="0" fromWho="2" sc="240,49,214,0,286,-39,250,0" /><INIT seed="2,0,0,2,4,48" ten="289,214,247,250" oya="2" hai0="94,13,67,40,92,98,125,62,21,71,84,85,7" hai1="91,38,54,32,96,27,10,80,15,11,46,60,1" hai2="90,121,56,16,19,51,24,81,68,55,110,6,111" hai3="31,47,43,122,3,88,22,103,104,86,53,73,89"/><V79/><F121/><W107/><G122/><T17/><D125/><U37/><E1/><V77/><F68/><W41/><G73/><T30/><D40/><U61/><E11/><V14/><F6/><W75/><G75/><T102/><D7/><U114/><E114/><V69/><F69/><W0/><G103/><T124/><D124/><U115/><E115/><V12/><F90/><W132/><G132/><T97/><REACH who="0" step="1"/><D30/><REACH who="0" ten="279,214,247,250" step="2"/><U133/><E37/><V82/><F19/><W29/><G41/><T28/><D28/><U70/><E38/><V128/><F128/><W5/><G43/><T83/><D83/><U134/><E80/><V106/><F81/><W74/><G5/><T108/><D108/><N who="2" m="41514" /><F77/><W57/><G31/><T135/><D135/><U78/><E134/><V101/><F82/><W72/><G29/><T4/><D4/><U119/><E78/><V87/><F79/><W130/><G130/><T113/><D113/><U126/><E126/><V100/><F16/><W95/><G74/><T20/><D20/><U42/><E42/><V34/><F34/><W59/><G22/><T112/><D112/><U109/><E32/><V2/><F2/><W93/><G72/><T117/><D117/><U50/><E119/><V131/><F131/><W63/><G0/><T23/><D23/><U64/><E133/><V76/><F76/><W105/><G3/><T52/><D52/><U66/><E54/><V9/><F55/><W39/><G39/><T123/><D123/><U26/><E109/><V18/><F18/><W65/><G53/><T25/><D25/><U116/><E27/><RYUUKYOKU ba="0,1" sc="279,30,214,-10,247,-10,250,-10" hai0="13,17,21,62,67,71,84,85,92,94,97,98,102" /><INIT seed="3,1,1,2,1,1" ten="309,204,237,240" oya="3" hai0="102,114,70,123,85,0,56,20,54,52,72,109,125" hai1="27,6,127,19,21,98,75,23,78,79,32,53,122" hai2="24,8,74,84,93,18,58,3,116,82,38,96,95" hai3="66,37,31,59,12,15,99,55,101,10,63,107,44"/><W97/><G31/><T39/><D72/><U62/><E32/><V106/><F116/><W60/><G99/><T30/><D70/><U132/><E122/><V34/><F74/><W26/><G26/><T94/><D39/><U87/><E132/><V130/><F130/><W17/><G37/><T51/><D109/><U128/><E128/><V121/><F121/><W73/><G73/><T80/><D123/><U41/><E41/><V113/><F113/><W11/><G44/><T100/><D125/><U42/><E42/><V22/><F38/><W33/><G33/><T124/><D124/><U112/><E112/><V88/><F58/><W115/><G115/><T40/><D40/><U36/><E36/><V47/><F47/><W131/><G131/><T111/><D0/><U90/><E98/><V68/><F68/><W43/><G43/><T110/><D94/><U69/><E127/><V117/><F117/><W64/><REACH who="3" step="1"/><G63/><REACH who="3" ten="309,204,237,230" step="2"/><N who="0" m="36231" /><D111/><U129/><E75/><V135/><F34/><W108/><G108/><T86/><D110/><U61/><E27/><V76/><F135/><W105/><G105/><T45/><D114/><U119/><E129/><V83/><F106/><W67/><G67/><T104/><D104/><U91/><E62/><V46/><F46/><W49/><G49/><T5/><D86/><U29/><E87/><V103/><F96/><W89/><G89/><T120/><D120/><U9/><E91/><V118/><F118/><W4/><AGARI ba="1,2" hai="4,10,11,12,15,17,55,59,60,64,66,97,101,107" machi="4" ten="20,7800,0" yaku="1,1,0,1,7,1,52,1,53,0" doraHai="1" doraHaiUra="77" who="3" fromWho="3" sc="309,-27,204,-27,237,-27,230,101" /><INIT seed="3,2,0,3,0,86" ten="282,177,210,331" oya="3" hai0="73,78,39,5,99,77,115,32,19,34,12,81,91" hai1="22,49,50,0,67,116,48,88,72,66,97,42,84" hai2="37,8,35,79,20,100,68,83,40,101,52,121,14" hai3="64,47,110,31,26,114,25,59,45,18,30,21,107"/><W53/><G114/><T117/><D115/><U44/><E72/><V82/><F35/><W65/><G107/><T132/><D117/><U92/><E0/><V134/><F68/><W36/><G110/><T123/><D123/><U126/><E126/><V10/><F121/><W105/><G105/><T57/><D39/><U6/><E6/><V71/><F71/><W29/><G26/><T87/><D5/><U16/><E116/><V118/><F118/><W56/><G36/><T125/><D132/><U63/><E97/><V70/><F70/><W13/><G25/><T80/><D57/><N who="3" m="22089" /><G53/><T127/><D99/><U46/><E63/><V112/><F52/><W3/><G3/><T94/><D127/><U135/><E135/><V58/><F58/><W89/><G89/><T122/><D122/><U75/><E75/><V27/><F112/><W51/><G51/><N who="1" m="19530" /><E44/><AGARI ba="2,0" hai="13,18,21,29,30,31,44,45,47,64,65" m="22089" machi="44" ten="30,1500,0" yaku="8,1" doraHai="86" who="3" fromWho="1" sc="282,0,177,-21,210,0,331,21" /><INIT seed="3,3,0,0,3,50" ten="282,156,210,352" oya="3" hai0="19,31,1,69,27,23,99,48,66,108,28,46,11" hai1="82,34,15,35,112,41,118,80,86,127,53,24,29" hai2="37,88,129,91,55,76,3,135,104,73,110,115,68" hai3="9,125,57,98,32,61,36,67,6,62,74,38,47"/><W25/><G74/><T33/><D108/><U95/><E112/><V7/><RYUUKYOKU type="yao9" ba="3,0" sc="282,0,156,0,210,0,352,0" hai2="3,7,37,55,68,73,76,88,91,104,110,115,129,135" /><INIT seed="3,4,0,3,0,6" ten="282,156,210,352" oya="3" hai0="17,122,21,99,26,65,25,46,115,62,44,33,23" hai1="107,55,72,76,56,113,74,12,73,110,52,126,125" hai2="45,78,127,69,133,81,98,59,105,100,102,117,77" hai3="82,63,93,18,68,70,123,84,112,94,90,116,58"/><W119/><G112/><T39/><D122/><U13/><E113/><V0/><F69/><W8/><G123/><T27/><D115/><U48/><E107/><V61/><F117/><W60/><G82/><T95/><D39/><U97/><E110/><V128/><F127/><N who="1" m="48649" /><E97/><V114/><F114/><W31/><G31/><T54/><D33/><U134/><E134/><V5/><F133/><W89/><G58/><T92/><D92/><U96/><E96/><V129/><F100/><W118/><G18/><T29/><D27/><U86/><E55/><V83/><F45/><W1/><G70/><T22/><D22/><U130/><E130/><N who="2" m="50283" /><F5/><W28/><G28/><T85/><D85/><U15/><E86/><V131/><F0/><W38/><G38/><T32/><D32/><U49/><E76/><N who="2" m="29291" /><F131/><W20/><G68/><T24/><D24/><U79/><E79/><V64/><AGARI ba="4,0" hai="59,61,64,81,83,98,102,105" m="29291,50283" machi="64" ten="30,1100,0" yaku="19,1" doraHai="6" who="2" fromWho="2" sc="282,-7,156,-7,210,23,352,-9" /><INIT seed="4,0,0,1,5,90" ten="275,149,233,343" oya="0" hai0="52,73,47,107,119,56,131,12,86,75,55,80,43" hai1="25,67,51,13,133,109,94,64,98,1,66,61,125" hai2="46,29,85,87,130,34,74,26,127,7,71,132,108" hai3="60,81,15,110,6,93,21,134,135,3,120,89,40"/><T44/><D119/><U32/><E1/><V8/><F108/><W68/><G110/><T50/><D107/><U23/><E109/><V124/><F74/><W5/><G120/><T69/><D69/><U18/><E133/><V39/><F132/><W4/><G3/><T19/><D131/><U20/><E32/><V27/><F71/><W128/><G128/><T83/><D83/><U99/><E99/><V122/><F122/><W57/><G68/><T78/><D47/><U53/><E125/><N who="2" m="48203" /><F26/><W11/><G40/><T38/><REACH who="0" step="1"/><D55/><REACH who="0" ten="265,149,233,343" step="2"/><U14/><E66/><V105/><F105/><W17/><G81/><T31/><D31/><U113/><E67/><V116/><F116/><W0/><G135/><T63/><D63/><U70/><E113/><V111/><F130/><W115/><G115/><T114/><D114/><U103/><REACH who="1" step="1"/><E23/><AGARI ba="0,1" hai="12,19,23,38,43,44,50,52,56,73,75,78,80,86" machi="23" ten="30,5800,0" yaku="1,1,7,1,54,1,53,0" doraHai="90" doraHaiUra="102" who="0" fromWho="1" sc="265,68,149,-58,233,0,343,0" /><INIT seed="4,1,0,3,5,13" ten="333,91,233,343" oya="0" hai0="9,98,7,132,134,33,17,101,85,81,8,69,50" hai1="107,131,70,113,88,62,42,44,122,43,59,90,74" hai2="30,105,23,16,106,29,102,120,55,53,96,54,73" hai3="126,38,91,77,95,71,22,35,18,1,68,60,36"/><T25/><D69/><U52/><E122/><V49/><F120/><W56/><G35/><T108/><D108/><U92/><E107/><V72/><F105/><W114/><G1/><T15/><D50/><U24/><E131/><V115/><F115/><W27/><G114/><T19/><D33/><U93/><E74/><V133/><F133/><N who="0" m="51306" /><D25/><U125/><E125/><V66/><F66/><W121/><G126/><T11/><D15/><U67/><E24/><V51/><F73/><W31/><G121/><T80/><D7/><U65/><E113/><V61/><F72/><W79/><G71/><T4/><D4/><U86/><E70/><V129/><F61/><W130/><G68/><T64/><D64/><N who="1" m="24651" /><E44/><V128/><F51/><W6/><G6/><T97/><D81/><U110/><E110/><V41/><F49/><W3/><G3/><T20/><D20/><U14/><E14/><N who="2" m="9623" /><F41/><W103/><G38/><T46/><D46/><U37/><E37/><V32/><F32/><W109/><G36/><T82/><D82/><U94/><E92/><V0/><F0/><W124/><G109/><T135/><N who="0" m="51314" /><T118/><DORA hai="123" /><D118/><U112/><E112/><V127/><F127/><W84/><G124/><T21/><D21/><U89/><E93/><V28/><F129/><W48/><G130/><T39/><D39/><U76/><E94/><N who="2" m="58647" /><F128/><W116/><G116/><T63/><D63/><U100/><E100/><V83/><F106/><W12/><G103/><T10/><N who="0" m="2048" /><DORA hai="57" /><T47/><D47/><U34/><E34/><V5/><F83/><AGARI ba="1,0" hai="42,43,52,59,62,76,83,86,88,89,90" m="24651" machi="83" ten="30,7700,0" yaku="8,1,52,1,54,2" doraHai="13,123,57" who="1" fromWho="2" sc="333,0,91,80,233,-80,343,0" /><INIT seed="5,0,0,3,2,45" ten="333,171,153,343" oya="1" hai0="88,31,24,115,128,18,4,132,103,89,101,62,0" hai1="116,11,52,27,67,113,125,69,68,108,25,50,73" hai2="127,2,8,126,129,70,133,84,58,109,65,97,120" hai3="105,122,53,36,107,48,130,117,119,121,1,16,40"/><U75/><E116/><N who="3" m="44618" /><G1/><T38/><D38/><U112/><E125/><N who="2" m="47627" /><F120/><W63/><G130/><T3/><D128/><U42/><E42/><V131/><F2/><W9/><G63/><T134/><D62/><U82/><E11/><V124/><N who="2" m="47635" /><V43/><DORA hai="20" /><F8/><W17/><G40/><T79/><D79/><U102/><E102/><N who="0" m="38921" /><D18/><N who="3" m="7273" /><G9/><T95/><D115/><N who="1" m="44107" /><E108/><V59/><F97/><W83/><G83/><T46/><D4/><U96/><E96/><V87/><F109/><W74/><G74/><N who="1" m="28170" /><E82/><V34/><F129/><W99/><G36/><T15/><D3/><U76/><E76/><V30/><F43/><W85/><G85/><N who="2" m="32841" /><F131/><W21/><G99/><T94/><D0/><U37/><E37/><V110/><F110/><W39/><G39/><T78/><D78/><U92/><E92/><V72/><F72/><W32/><G122/><T10/><D95/><U80/><E80/><V66/><F70/><N who="1" m="27241" /><E67/><N who="2" m="25611" /><F133/><N who="0" m="51306" /><D94/><U55/><E55/><V49/><F49/><W57/><G121/><T51/><D10/><U56/><AGARI ba="0,0" hai="25,27,50,52,56" m="27241,28170,44107" machi="56" ten="40,12000,1" yaku="15,1,52,3,54,1" doraHai="45,20" who="1" fromWho="1" sc="333,-40,171,120,153,-40,343,-40" /><INIT seed="5,1,0,3,0,79" ten="293,291,113,303" oya="1" hai0="19,66,63,83,128,15,123,45,39,78,12,60,71" hai1="33,62,87,106,5,30,17,72,28,97,74,48,37" hai2="117,8,125,82,108,54,4,27,65,0,44,110,59" hai3="118,134,56,116,10,94,41,20,16,55,69,127,47"/><U107/><E37/><V43/><F117/><N who="3" m="45163" /><G69/><T38/><D128/><U46/><E74/><V109/><F125/><W26/><G127/><T112/><D112/><U101/><E72/><V68/><F27/><W14/><G94/><T75/><D123/><U122/><E5/><V76/><F68/><W92/><G92/><T51/><D63/><U102/><E33/><V64/><F59/><W31/><G134/><T23/><REACH who="0" step="1"/><D15/><REACH who="0" ten="283,291,113,303" step="2"/><U103/><E62/><V58/><F58/><W89/><G89/><T40/><AGARI ba="1,1" hai="12,19,23,38,39,40,45,51,60,66,71,75,78,83" machi="40" ten="20,8000,1" yaku="1,1,2,1,0,1,7,1,52,1,53,0" doraHai="79" doraHaiUra="86" who="0" fromWho="0" sc="283,93,291,-41,113,-21,303,-21" /><INIT seed="6,0,0,1,1,108" ten="376,250,92,282" oya="2" hai0="98,124,70,30,89,0,34,37,45,135,62,92,31" hai1="38,110,87,50,82,119,114,94,84,116,109,129,99" hai2="43,52,14,35,11,66,125,58,112,85,46,18,73" hai3="123,44,93,3,65,57,19,59,23,133,27,29,120"/><V54/><F125/><W24/><G3/><T95/><D0/><U12/><E38/><V115/><F73/><W81/><G133/><T26/><D31/><U106/><E12/><V77/><F35/><W48/><G81/><T71/><D135/><U79/><E50/><V53/><F66/><W36/><G36/><T47/><D124/><U56/><E56/><V130/><F130/><W100/><G65/><T132/><D132/><U39/><E39/><V104/><F104/><W25/><G123/><T61/><D71/><U126/><E126/><V1/><F1/><W49/><G49/><T107/><D107/><U78/><E106/><V63/><F77/><W134/><G120/><T2/><D2/><U101/><E129/><V32/><F32/><W17/><G17/><T5/><D5/><U113/><E110/><V21/><F11/><W69/><G69/><T7/><D7/><U20/><E20/><V122/><F122/><W88/><G100/><T60/><D37/><U111/><E111/><V91/><F43/><N who="3" m="24607" /><G29/><T13/><D13/><U64/><E64/><V102/><F102/><W131/><G131/><T128/><D70/><U121/><E109/><V68/><F68/><W28/><G28/><T105/><D105/><U83/><E121/><V86/><F46/><W118/><G118/><AGARI ba="0,0" hai="78,79,82,83,84,87,94,99,101,113,114,116,118,119" machi="118" ten="40,12000,2" yaku="9,1,34,3,52,2" doraHai="108" who="1" fromWho="3" sc="376,0,250,120,92,0,282,-120" /><INIT seed="7,0,0,4,3,103" ten="376,370,92,162" oya="3" hai0="34,113,23,42,73,94,22,24,104,18,101,110,112" hai1="14,129,121,77,109,49,25,124,125,134,27,29,88" hai2="56,37,106,96,105,90,45,74,118,79,51,127,99" hai3="120,111,69,86,19,68,122,11,1,76,39,32,4"/><W114/><G39/><T89/><D110/><U46/><E134/><V54/><F118/><W115/><G111/><T70/><D70/><N who="3" m="27241" /><G32/><T59/><D73/><U57/><E109/><V119/><F119/><W43/><G43/><T107/><D101/><U33/><E129/><V47/><F127/><N who="1" m="48713" /><E121/><V130/><F130/><W9/><G76/><T82/><D82/><U5/><E77/><V36/><F79/><W8/><G86/><N who="0" m="52535" /><D34/><U3/><E3/><V53/><F74/><W12/><G9/><T75/><D75/><U20/><E57/><V91/><F51/><W35/><G35/><T128/><D128/><U21/><E88/><V28/><F56/><W55/><G55/><T6/><D6/><U102/><E102/><V61/><REACH who="2" step="1"/><F28/><REACH who="2" ten="376,370,82,162" step="2"/><W84/><G84/><T67/><D59/><U15/><E5/><V131/><F131/><W40/><G40/><T31/><D42/><N who="1" m="24791" /><E33/><V72/><F72/><W10/><G122/><T0/><D113/><U44/><E44/><V83/><F83/><W2/><G120/><T117/><D112/><U60/><E60/><AGARI ba="0,1" hai="36,37,45,47,53,54,60,61,90,91,96,99,105,106" machi="60" ten="25,8000,1" yaku="1,1,22,2,52,2,53,0" doraHai="103" doraHaiUra="16" who="2" fromWho="1" sc="376,0,370,-80,82,90,162,0" owari="376,48.0,290,9.0,172,-23.0,162,-34.0" /></mjloggm>