<mjloggm ver="2.3"><GO type="225" lobby="0"/><UN n0="%E3%81%B7%E3%82%8B%E3%81%B7%E3%82%8B%E3%81%A0%E3%81%9E" n1="%72%69%6F%75%63%68%61%6E" n2="%E2%96%BD%E4%B8%8E%E4%BD%9C%28%E3%81%8A%E3%81%AB%E3%81%8E%E3%82%8A" n3="%E8%83%A1%E6%A4%92%E5%B0%91%E3%80%85" dan="16,17,17,16" rate="2115.36,2134.85,2174.53,2116.34" sx="M,M,M,F"/><TAIKYOKU oya="0"/><INIT seed="0,0,0,5,2,114" ten="250,250,250,250" oya="0" hai0="107,83,46,13,131,15,99,40,132,110,20,61,63" hai1="65,7,97,49,73,125,33,27,37,12,1,69,105" hai2="16,72,100,48,101,32,115,17,96,28,58,126,90" hai3="68,53,11,29,50,75,45,22,56,104,30,76,64"/><T43/><D131/><U21/><E37/><V26/><F72/><W24/><G104/><T91/><D132/><U103/><E73/><V93/><F126/><W55/><G75/><T52/><D107/><U18/><E125/><V41/><F115/><W106/><G106/><T85/><D110/><U135/><E135/><V71/><F71/><W54/><G76/><T134/><D134/><U82/><E82/><V78/><F78/><W84/><G68/><T79/><D20/><U9/><E49/><V127/><F127/><W116/><G116/><T3/><D3/><U57/><E57/><V113/><F113/><W89/><G11/><T92/><D43/><U14/><REACH who="1" step="1"/><E33/><REACH who="1" ten="250,240,250,250" step="2"/><V44/><REACH who="2" step="1"/><F58/><REACH who="2" ten="250,240,240,250" step="2"/><W34/><G56/><N who="0" m="34951" /><D63/><AGARI ba="0,2" hai="1,7,9,12,14,18,21,27,63,65,69,97,103,105" machi="63" ten="40,2600,0" yaku="1,1,53,1" doraHai="114" doraHaiUra="102" who="1" fromWho="0" sc="250,-26,240,46,240,0,250,0" /><INIT seed="1,0,0,5,2,0" ten="224,286,240,250" oya="1" hai0="85,103,16,74,62,80,131,118,13,93,22,34,39" hai1="54,99,57,92,89,116,6,78,69,44,77,100,107" hai2="71,27,3,1,133,43,79,10,45,66,87,42,40" hai3="130,38,127,55,29,8,12,47,46,106,101,7,113"/><U60/><E116/><V23/><F133/><W48/><G113/><T18/><D118/><U56/><E69/><V67/><F45/><W41/><G130/><T19/><D34/><U102/><E44/><V32/><F32/><W58/><G127/><T96/><D39/><U50/><E6/><V95/><F71/><W97/><G29/><T4/><D74/><U51/><E51/><V25/><F25/><W91/><G91/><T70/><D131/><U37/><E37/><V28/><F3/><W125/><G125/><T68/><D22/><U65/><REACH who="1" step="1"/><E102/><REACH who="1" ten="224,276,240,250" step="2"/><V134/><F134/><W94/><REACH who="3" step="1"/><G47/><REACH who="3" ten="224,276,240,240" step="2"/><T108/><D108/><U15/><E15/><V5/><REACH who="2" step="1"/><F79/><REACH who="2" ten="224,276,230,240" step="2"/><W53/><G53/><T109/><D109/><U117/><E117/><V63/><F63/><W21/><G21/><T120/><D62/><U59/><E59/><V122/><F122/><W20/><G20/><T121/><D121/><U84/><AGARI ba="0,3" hai="50,54,56,57,60,65,77,78,84,89,92,99,100,107" machi="84" ten="20,12000,1" yaku="1,1,0,1,7,1,53,2" doraHai="0" doraHaiUra="75" who="1" fromWho="1" sc="224,-40,276,150,230,-40,240,-40" /><INIT seed="1,1,0,1,3,4" ten="184,426,190,200" oya="1" hai0="43,3,68,32,57,35,21,22,34,76,79,122,31" hai1="60,30,115,49,93,74,10,52,24,113,14,102,127" hai2="99,41,0,58,9,95,20,11,73,48,84,69,42" hai3="64,16,56,83,106,65,112,67,75,46,123,27,108"/><U26/><E74/><V103/><F73/><W53/><G106/><T105/><D105/><U33/><E127/><V59/><F69/><W125/><G112/><T51/><D68/><U104/><E104/><V134/><F0/><W12/><G123/><T38/><D3/><U98/><E60/><V129/><F134/><W45/><G125/><T63/><D38/><U80/><E24/><V133/><F133/><W96/><G108/><T55/><D122/><U85/><E80/><V72/><F72/><W15/><G96/><T5/><D5/><U1/><E85/><V130/><F20/><N who="3" m="13703" /><G83/><T116/><D116/><U8/><E1/><V120/><F84/><W121/><G121/><T66/><D43/><N who="2" m="16394" /><F120/><W18/><G75/><T92/><D92/><U25/><E25/><V132/><F132/><W97/><G97/><T7/><D31/><U82/><E82/><V126/><F126/><W61/><G12/><T114/><D114/><U6/><REACH who="1" step="1"/><E8/><AGARI ba="1,0" hai="8,15,18,45,46,53,56,61,64,65,67" m="13703" machi="8" ten="30,3900,0" yaku="8,1,52,1,54,1" doraHai="4" who="3" fromWho="1" sc="184,0,426,-42,190,0,200,42" /><INIT seed="2,0,0,0,2,95" ten="184,384,190,242" oya="2" hai0="93,86,94,78,101,3,67,43,106,28,36,16,21" hai1="24,66,68,48,6,60,114,1,50,30,29,53,97" hai2="59,109,105,89,62,64,125,124,47,107,85,45,52" hai3="99,127,113,102,0,120,33,15,98,9,82,20,83"/><V128/><F128/><W22/><G33/><T123/><D123/><U134/><E114/><V35/><F35/><W63/><G120/><T104/><D3/><U25/><E134/><V51/><F47/><W103/><G127/><N who="2" m="48713" /><F109/><W10/><G0/><T55/><D67/><U75/><E75/><V40/><F64/><W34/><G34/><T90/><D28/><U135/><E135/><V73/><F73/><W92/><G63/><T37/><D78/><U131/><E131/><V119/><F119/><W96/><G113/><T81/><D55/><U122/><E122/><V65/><F65/><W32/><G32/><T130/><D130/><U126/><E126/><V14/><F14/><W88/><G22/><T115/><D115/><U13/><E13/><V100/><F100/><N who="3" m="38443" /><G20/><T80/><D43/><U71/><E1/><V108/><F108/><W87/><G10/><T4/><D4/><AGARI ba="0,0" hai="4,9,15,82,83,87,88,92,96,98,99" m="38443" machi="4" ten="30,8000,1" yaku="8,1,52,3,54,1" doraHai="95" who="3" fromWho="0" sc="184,-80,384,0,190,0,242,80" /><INIT seed="3,0,0,0,4,6" ten="104,384,190,322" oya="3" hai0="120,58,67,81,57,118,129,42,17,135,50,78,103" hai1="30,75,104,16,85,34,100,134,74,126,99,115,91" hai2="54,55,76,27,73,69,8,88,9,114,13,22,1" hai3="133,44,60,23,123,119,70,4,46,38,97,96,56"/><W128/><G123/><T111/><D135/><U47/><E115/><V10/><F69/><W84/><G70/><T124/><D111/><U72/><E134/><V43/><F1/><W117/><G133/><T93/><D129/><U0/><E0/><V98/><F73/><W83/><G128/><T18/><D124/><U52/><E126/><V105/><F105/><W132/><G132/><T107/><D107/><U45/><E16/><N who="2" m="12743" /><F114/><W40/><G46/><T90/><D120/><U21/><E21/><V12/><F76/><W112/><G112/><T125/><D103/><U130/><E130/><V121/><F43/><W20/><G20/><T5/><D125/><U15/><E15/><N who="2" m="5707" /><F121/><W87/><G23/><T29/><D118/><N who="3" m="45065" /><G4/><T66/><D29/><U37/><E37/><V48/><F48/><W110/><G87/><T64/><D5/><U19/><E19/><V86/><F98/><W68/><G68/><T77/><D42/><U32/><E32/><V59/><F59/><W28/><G110/><T14/><D50/><U122/><E122/><V82/><AGARI ba="0,0" hai="8,9,10,54,55,82,86,88" m="5707,12743" machi="82" ten="30,12000,2" yaku="8,1,52,3,54,2" doraHai="6" who="2" fromWho="2" sc="104,-30,384,-30,190,120,322,-60" owari="74,-43.0,354,46.0,310,11.0,262,-14.0" /></mjloggm>