<mjloggm ver="2.3"><GO type="185" lobby="0"/><UN n0="%E3%82%84%E3%81%B2%E3%82%8D%E3%82%93" n1="%E3%81%BF%E3%82%83%E3%83%BC%E3%81%B6%E3%82%8C%E3%81%84%E3%81%8F" n2="%E3%81%82%E3%81%96%E3%81%B6" n3="" dan="16,16,17,0" rate="2135.83,2188.86,2254.56,1500.00" sx="M,M,M,C"/><TAIKYOKU oya="0"/><INIT seed="0,0,0,5,3,92" ten="350,350,350,0" oya="0" hai0="103,100,53,47,116,67,120,36,44,97,125,123,105" hai1="117,130,66,46,37,90,112,88,78,40,85,129,68" hai2="108,3,56,75,82,33,42,0,70,93,95,76,128" hai3=""/><T74/><N who="0" m="30752" /><T41/><N who="0" m="31520" /><T51/><D116/><U122/><N who="1" m="31264" /><U96/><E117/><V107/><F70/><T104/><D125/><U38/><E38/><V135/><F33/><T86/><D74/><U77/><E112/><V62/><F107/><T99/><D86/><U61/><E96/><V57/><F42/><T119/><D119/><U45/><E45/><V118/><F118/><T114/><D67/><U83/><REACH who="1" step="1"/><E90/><REACH who="1" ten="350,340,350,0" step="2"/><V43/><F3/><T134/><D134/><U60/><E60/><V102/><F62/><T127/><D127/><U73/><E73/><V58/><F0/><T87/><D87/><U81/><E81/><V101/><F135/><T71/><D71/><U84/><E84/><V113/><F113/><AGARI ba="0,1" hai="36,41,44,47,51,53,97,99,100,103,104,105,113,114" m="31520,30752" machi="113" ten="40,12000,1" yaku="9,1,52,4" doraHai="92" who="0" fromWho="2" sc="350,130,340,0,350,-120,0,0" /><INIT seed="0,1,0,3,1,135" ten="480,340,230,0" oya="0" hai0="91,77,0,60,92,50,95,2,51,38,33,133,125" hai1="126,63,124,56,117,72,67,134,114,83,111,1,123" hai2="122,131,35,46,97,99,53,94,47,115,82,96,64" hai3=""/><T130/><D33/><U84/><N who="1" m="31520" /><U87/><E117/><V120/><N who="2" m="30752" /><V62/><N who="2" m="31264" /><V58/><F35/><T37/><D60/><U48/><E1/><V89/><F115/><T100/><D91/><U42/><E134/><V105/><F131/><T93/><D133/><U52/><E114/><V110/><F110/><T128/><D77/><U49/><E111/><V65/><F82/><T36/><D100/><U34/><E72/><V107/><F105/><T106/><D125/><N who="1" m="48235" /><E34/><V86/><REACH who="2" step="1"/><F107/><REACH who="2" ten="480,340,220,0" step="2"/><T39/><N who="0" m="9216" /><DORA hai="41" /><T43/><D106/><U54/><E83/><V108/><F108/><T80/><D80/><U85/><E42/><V69/><F69/><T109/><D109/><U113/><E113/><V79/><F79/><T132/><D132/><U127/><E127/><V44/><AGARI ba="1,1" hai="44,46,47,53,58,62,64,65,86,89,94,96,97,99" m="31264,30752" machi="44" ten="30,12000,3" yaku="1,1,0,1,8,1,52,5,53,2" doraHai="135,41" doraHaiUra="118,102" who="2" fromWho="2" sc="480,-81,340,-41,220,132,0,0" /><INIT seed="1,0,0,3,1,129" ten="399,299,352,0" oya="1" hai0="122,78,114,44,70,108,38,88,130,96,112,98,97" hai1="33,87,43,109,57,55,47,92,36,54,104,100,59" hai2="81,60,86,113,49,99,117,37,80,45,118,72,90" hai3=""/><U133/><E33/><V134/><F113/><T52/><N who="0" m="31264" /><T126/><D70/><U107/><E109/><V66/><F37/><T32/><D32/><U111/><E111/><V110/><F110/><T3/><D3/><U35/><E35/><V106/><F106/><T132/><D108/><U2/><E2/><V116/><F99/><T51/><D38/><U82/><E92/><V62/><F66/><T105/><D105/><U40/><E40/><V128/><F128/><T124/><D130/><U61/><E100/><V131/><F131/><T71/><D71/><U93/><E93/><V121/><N who="2" m="31008" /><V73/><F134/><T42/><D132/><U64/><E64/><V67/><F80/><T89/><D78/><U76/><REACH who="1" step="1"/><E133/><REACH who="1" ten="399,289,352,0" step="2"/><V68/><REACH who="2" step="1"/><F62/><AGARI ba="0,1" hai="36,43,47,54,55,57,59,61,62,76,82,87,104,107" machi="62" ten="30,11600,0" yaku="1,1,2,1,7,1,9,1,53,0" doraHai="129" doraHaiUra="0" who="1" fromWho="2" sc="399,0,289,126,352,-116,0,0" /><INIT seed="1,1,0,5,1,54" ten="399,415,236,0" oya="1" hai0="127,80,84,107,81,96,73,90,134,133,100,110,92" hai1="68,104,39,93,117,66,3,71,34,0,83,33,86" hai2="91,89,131,36,123,85,128,56,57,62,52,126,102" hai3=""/><U111/><E93/><V125/><N who="2" m="31520" /><V132/><F36/><T118/><D110/><U95/><E95/><V112/><F112/><T130/><D127/><N who="2" m="48650" /><F102/><T124/><D124/><U69/><E86/><V120/><N who="2" m="30752" /><V82/><F132/><N who="0" m="50794" /><D130/><N who="2" m="49706" /><F57/><T41/><D41/><U65/><E111/><V94/><F94/><T35/><D35/><U103/><E103/><V64/><F64/><T72/><D118/><U45/><E117/><V60/><F60/><T48/><D48/><U67/><E104/><V46/><F46/><T1/><D1/><U75/><E45/><V108/><F108/><T2/><D2/><U44/><E44/><V70/><F70/><T114/><D114/><U76/><E39/><V99/><F99/><T129/><D129/><U135/><E135/><V42/><F42/><T59/><D59/><U106/><E106/><V40/><F40/><T58/><D58/><U101/><E3/><V38/><F38/><T79/><D81/><U97/><E0/><V37/><F37/><T50/><D50/><U109/><E109/><V55/><F55/><T32/><D32/><U51/><E51/><V63/><F63/><T87/><AGARI ba="1,0" hai="72,73,79,80,84,87,90,92,96,100,107" m="50794" machi="87" ten="30,3000,0" yaku="20,1,34,2" doraHai="54" who="0" fromWho="0" sc="399,32,415,-21,236,-11,0,0" /><INIT seed="2,0,0,2,2,85" ten="431,394,225,0" oya="2" hai0="84,76,134,3,126,98,55,33,61,121,63,53,103" hai1="50,35,57,45,80,109,91,66,125,0,39,105,133" hai2="62,38,32,70,36,34,111,122,72,93,119,112,81" hai3=""/><V123/><N who="2" m="31264" /><V78/><N who="2" m="31520" /><V117/><F112/><T135/><N who="0" m="31008" /><T114/><D33/><U37/><E35/><V113/><F113/><T68/><D3/><U116/><E0/><V83/><F111/><T42/><D114/><U99/><E109/><V67/><F93/><T65/><D42/><U118/><E125/><V110/><F110/><T44/><D126/><U51/><E133/><N who="0" m="50697" /><D44/><U46/><E105/><V60/><F78/><T74/><D74/><U100/><E46/><V101/><F72/><T95/><D63/><U41/><E45/><V88/><F88/><T108/><D108/><U106/><E91/><V87/><F87/><T107/><D107/><U58/><E106/><V97/><F97/><T47/><D47/><U1/><E1/><V2/><F2/><T102/><D102/><U49/><E100/><V127/><F127/><T79/><D79/><U77/><E77/><V69/><REACH who="2" step="1"/><F67/><REACH who="2" ten="431,394,215,0" step="2"/><T86/><D84/><U96/><E66/><V56/><F56/><T104/><D76/><U43/><E58/><V71/><F71/><T94/><D95/><U82/><E57/><V124/><F124/><T52/><D86/><U59/><E59/><V120/><N who="2" m="30752" /><V54/><F54/><T92/><AGARI ba="0,1" hai="52,53,55,61,65,68,92,94,98,103,104" m="50697,31008" machi="92" ten="40,6000,1" yaku="5,1,20,1,52,1,54,1" doraHai="85" who="0" fromWho="0" sc="431,70,394,-20,215,-40,0,0" /><INIT seed="4,0,0,3,2,134" ten="501,374,175,0" oya="0" hai0="51,132,73,50,114,100,106,54,104,121,44,38,66" hai1="79,94,101,105,127,95,111,126,72,67,39,33,42" hai2="49,56,92,43,1,61,115,90,97,85,120,62,75" hai3=""/><T119/><N who="0" m="31008" /><T93/><D73/><U47/><E33/><V91/><N who="2" m="30752" /><V59/><F1/><T76/><D38/><U108/><E94/><V133/><F133/><T63/><D119/><U65/><E95/><V110/><F110/><N who="1" m="42025" /><E65/><V103/><F75/><T117/><D76/><U130/><E67/><V48/><F115/><T32/><D114/><U89/><E89/><V84/><F43/><T57/><D132/><U125/><E130/><V86/><F59/><T87/><D117/><U107/><E101/><V69/><F69/><T70/><D32/><U116/><E116/><V113/><F113/><T0/><D0/><U128/><E128/><V3/><F3/><T99/><REACH who="0" step="1"/><D87/><REACH who="0" ten="491,374,175,0" step="2"/><U64/><E64/><V53/><F86/><T34/><D34/><U118/><E118/><V82/><F84/><T52/><AGARI ba="0,1" hai="44,50,51,52,54,57,63,66,70,93,99,100,104,106" m="31008" machi="52" ten="20,8000,1" yaku="1,1,0,1,7,1,52,1,54,1,53,0" doraHai="134" doraHaiUra="83" who="0" fromWho="0" sc="491,90,374,-40,175,-40,0,0" /><INIT seed="4,1,0,0,2,84" ten="581,334,135,0" oya="0" hai0="114,83,91,99,75,69,119,57,109,101,39,42,56" hai1="124,130,86,60,128,73,122,66,90,36,47,87,37" hai2="61,95,133,40,89,102,134,120,115,116,70,32,105" hai3=""/><T121/><N who="0" m="31008" /><T41/><D119/><U132/><N who="1" m="31264" /><U108/><E108/><V125/><N who="2" m="30752" /><V112/><F32/><T68/><D114/><N who="2" m="43562" /><F40/><T113/><D113/><U33/><E33/><V123/><N who="2" m="31520" /><V111/><F111/><T100/><D109/><U48/><E73/><V92/><F116/><T49/><D49/><U58/><E124/><V126/><F70/><T79/><D39/><U55/><E132/><N who="2" m="50795" /><F61/><T45/><D45/><U46/><E87/><V88/><F105/><T135/><D135/><U44/><E37/><V131/><F102/><T65/><D41/><U72/><E36/><V107/><F107/><T81/><D42/><U77/><E60/><V1/><F1/><T63/><D63/><U118/><E118/><V38/><F38/><T64/><D100/><U98/><E48/><V93/><F131/><T35/><D101/><U74/><E130/><V117/><F117/><T34/><D69/><U96/><E128/><V103/><F103/><T2/><D68/><U82/><E47/><V94/><N who="2" m="23552" /><DORA hai="127" /><V76/><F76/><T67/><D79/><U59/><E77/><V80/><F80/><T54/><D35/><U97/><E82/><V106/><F106/><T3/><D83/><U52/><E46/><RYUUKYOKU ba="1,0" sc="581,-10,334,-10,135,20,0,0" hai2="88,89,125,126" /><INIT seed="5,2,0,1,5,113" ten="571,324,155,0" oya="1" hai0="104,121,133,41,39,70,38,54,51,82,35,123,111" hai1="61,129,77,2,131,125,79,109,126,43,68,100,84" hai2="99,32,42,75,71,93,53,65,49,94,58,60,66" hai3=""/><U105/><E2/><V108/><F108/><T119/><N who="0" m="31008" /><T55/><D82/><U64/><E43/><V86/><F32/><T50/><D41/><U78/><E109/><V90/><F75/><T81/><D81/><U57/><E68/><V45/><REACH who="2" step="1"/><F71/><REACH who="2" ten="571,324,145,0" step="2"/><T52/><N who="0" m="31520" /><T98/><D111/><U124/><E126/><V117/><F117/><T36/><D70/><U88/><E124/><V47/><F47/><T102/><D35/><U73/><E125/><V95/><F95/><T107/><D107/><U63/><E73/><V83/><F83/><T33/><D33/><U127/><E127/><V91/><AGARI ba="2,1" hai="42,45,49,53,58,60,65,66,86,90,91,93,94,99" machi="91" ten="20,3900,0" yaku="1,1,0,1,7,1,8,1,53,0" doraHai="113" doraHaiUra="112" who="2" fromWho="2" sc="571,-15,324,-28,145,53,0,0" /><INIT seed="6,0,0,2,1,106" ten="556,296,198,0" oya="2" hai0="81,120,93,96,83,95,63,50,53,48,70,36,103" hai1="88,74,132,79,114,128,64,61,112,57,66,60,71" hai2="100,122,98,117,41,110,3,123,77,1,124,52,58" hai3=""/><V0/><N who="2" m="31264" /><V59/><N who="2" m="31520" /><V54/><F117/><T82/><N who="0" m="30752" /><T43/><D36/><U42/><E132/><V108/><F124/><T35/><D35/><U44/><E128/><V84/><F41/><T46/><D70/><U102/><E102/><V113/><F113/><N who="1" m="43625" /><E88/><V101/><F77/><T135/><D63/><U134/><E134/><V67/><F84/><T51/><D135/><U32/><E32/><V72/><F72/><T121/><N who="0" m="31008" /><T85/><D53/><N who="2" m="20586" /><F67/><T105/><D105/><U40/><E44/><V118/><F118/><T80/><D95/><U109/><E79/><AGARI ba="0,0" hai="43,46,48,50,51,79,80,81,82,83,85,93,96,103" m="31008,30752" machi="79" ten="40,5200,0" yaku="8,1,52,2" doraHai="106" who="0" fromWho="1" sc="556,52,296,-52,198,0,0,0" owari="608,56.0,244,-16.0,198,-40.0,0,0.0" /></mjloggm>