<mjloggm ver="2.3"><GO type="169" lobby="0"/><UN n0="%63%6C%75%74%63%68%37%33" n1="%E9%89%84%E7%A8%9A%E9%AD%9A%E3%82%AB%E3%83%A2%E9%A4%8A%E5%88%86" n2="%E3%83%AB%E3%82%A2%E3%82%B4%E3%82%A4%E3%83%95" n3="%E4%B8%AD%E5%B7%9D%E5%86%85%E9%9B%AA%E9%9F%B3" dan="17,18,17,16" rate="2161.21,2193.42,2080.62,2144.95" sx="M,F,M,F"/><TAIKYOKU oya="0"/><INIT seed="0,0,0,4,3,111" ten="250,250,250,250" oya="0" hai0="37,70,127,125,57,79,92,90,99,45,120,64,60" hai1="123,122,46,85,24,106,103,83,30,31,44,54,16" hai2="33,17,9,1,69,134,23,126,14,108,114,131,55" hai3="61,48,2,39,75,66,117,91,109,130,121,49,78"/><T68/><D120/><U104/><E54/><V96/><F69/><W20/><G121/><T82/><D37/><U102/><E85/><V21/><F96/><W25/><G109/><T5/><D5/><U105/><E105/><V89/><F108/><W34/><G117/><T93/><D45/><U81/><E24/><V88/><F33/><W135/><G34/><T36/><D36/><U22/><E22/><V8/><F134/><W86/><G2/><T107/><D107/><U27/><E27/><V15/><F1/><W94/><G39/><T4/><D4/><U42/><REACH who="1" step="1"/><E16/><REACH who="1" ten="250,240,250,250" step="2"/><V6/><F17/><W95/><G20/><T112/><D93/><U113/><E113/><V0/><F55/><W101/><G94/><T40/><D112/><U67/><E67/><V73/><F114/><W71/><G25/><T118/><D118/><U53/><E53/><V62/><F21/><W98/><G86/><N who="0" m="48479" /><D40/><AGARI ba="0,1" hai="30,31,40,42,44,46,81,83,102,103,104,106,122,123" machi="40" ten="25,3200,0" yaku="1,1,22,2,53,0" doraHai="111" doraHaiUra="13" who="1" fromWho="0" sc="250,-32,240,42,250,0,250,0" /><INIT seed="1,0,0,1,3,50" ten="218,282,250,250" oya="1" hai0="24,1,25,118,52,126,3,10,96,131,4,28,110" hai1="36,99,72,49,19,89,79,20,31,112,33,14,34" hai2="66,18,16,122,27,44,84,64,121,57,7,69,39" hai3="22,85,111,127,46,68,92,59,35,133,134,51,42"/><U94/><E112/><V11/><F69/><W37/><G35/><T65/><D118/><U48/><E36/><V119/><F119/><W45/><G68/><T56/><D110/><U23/><E72/><V107/><F107/><W76/><G111/><T2/><D131/><U17/><E79/><V132/><F132/><W62/><G22/><T130/><D130/><U108/><E108/><V63/><F66/><W43/><G127/><T105/><D65/><U101/><E101/><V13/><F84/><W47/><G47/><T82/><D126/><U6/><E6/><V12/><F27/><W102/><G102/><T21/><D82/><U75/><E75/><V15/><F7/><W0/><G0/><T71/><D71/><U120/><E120/><V41/><REACH who="2" step="1"/><F13/><REACH who="2" ten="218,282,240,250" step="2"/><W90/><REACH who="3" step="1"/><G76/><REACH who="3" ten="218,282,240,240" step="2"/><T103/><REACH who="0" step="1"/><D25/><REACH who="0" ten="208,282,240,240" step="2"/><U88/><E14/><V73/><F73/><W87/><G87/><T58/><D58/><U29/><E99/><V61/><F61/><AGARI ba="0,3" hai="1,2,3,4,10,21,24,28,52,56,61,96,103,105" machi="61" ten="30,7700,0" yaku="1,1,7,1,52,1,54,1,53,0" doraHai="50" doraHaiUra="40" who="0" fromWho="2" sc="208,107,282,0,240,-77,240,0" /><INIT seed="2,0,0,3,3,9" ten="315,282,163,240" oya="2" hai0="93,30,24,53,91,70,34,71,134,31,135,102,106" hai1="68,18,56,108,61,117,16,77,42,41,87,19,90" hai2="59,123,20,32,79,132,133,105,81,0,107,129,17" hai3="73,103,99,125,116,35,64,76,127,113,65,50,6"/><V38/><F32/><W4/><G116/><T131/><D131/><U39/><E117/><V28/><F123/><W112/><G35/><T86/><D31/><U82/><E68/><V45/><F129/><W92/><G50/><T15/><D102/><U49/><E39/><V23/><F0/><W21/><G21/><T36/><D106/><U97/><E108/><V44/><F59/><W51/><G51/><T126/><D36/><U121/><E49/><V122/><F122/><W84/><G6/><T58/><D126/><N who="3" m="48137" /><G4/><T14/><D71/><U89/><E121/><V11/><F11/><W5/><G5/><T43/><D70/><U22/><E22/><N who="2" m="8235" /><F17/><W62/><G62/><N who="0" m="36175" /><D43/><N who="1" m="16395" /><E97/><V83/><F79/><W26/><G26/><T94/><D93/><U46/><E46/><N who="2" m="18027" /><F28/><W63/><G73/><T54/><D54/><AGARI ba="0,0" hai="16,18,19,54,56,61,77,82,87,89,90" m="16395" machi="54" ten="30,2000,0" yaku="8,1,54,1" doraHai="9" who="1" fromWho="0" sc="315,-20,282,20,163,0,240,0" /><INIT seed="3,0,0,3,1,123" ten="295,302,163,240" oya="3" hai0="87,111,18,44,7,37,105,52,13,17,43,20,56" hai1="57,129,66,19,109,106,108,127,25,84,38,39,72" hai2="135,120,86,40,62,12,115,23,122,45,36,103,3" hai3="67,85,64,58,81,46,79,73,29,4,82,48,50"/><W134/><G134/><T59/><D105/><U91/><E72/><V101/><F115/><W33/><G4/><T78/><D7/><U30/><E106/><V104/><F135/><W83/><G83/><T132/><D132/><U2/><E2/><V128/><F3/><W6/><G6/><T60/><D59/><U90/><E129/><V0/><F0/><W89/><G58/><T35/><D35/><U131/><E131/><V54/><F128/><W14/><G14/><T61/><D61/><N who="1" m="38191" /><E19/><N who="2" m="10727" /><F104/><W32/><G50/><T93/><D18/><U76/><E76/><V49/><F86/><W96/><G96/><T22/><D22/><N who="1" m="15671" /><E127/><V15/><F15/><W31/><G33/><T75/><D75/><U77/><E77/><V125/><F62/><W9/><G9/><T113/><D113/><U69/><E91/><V10/><F10/><W100/><G31/><T98/><D78/><U55/><E55/><V68/><F68/><W97/><G29/><T51/><D37/><U119/><E119/><V94/><F125/><W112/><G112/><T107/><D107/><U92/><E69/><V130/><F130/><W16/><G16/><T5/><D5/><U8/><E8/><V110/><F120/><W88/><G32/><T133/><D133/><U28/><E28/><V95/><F122/><W34/><G34/><T41/><D41/><U118/><E118/><V1/><F1/><W99/><G89/><N who="0" m="55599" /><D87/><U42/><E42/><V117/><F117/><W102/><G99/><T70/><D70/><U47/><E47/><V26/><F26/><W71/><G71/><T65/><D43/><RYUUKYOKU ba="0,0" sc="295,15,302,15,163,-15,240,-15" hai0="13,17,20,44,51,52,56,60,65,111" hai1="38,39,84,90,92,108,109" /><INIT seed="4,1,0,1,5,78" ten="310,317,148,225" oya="0" hai0="64,41,53,112,88,11,27,60,70,74,105,68,129" hai1="17,56,33,12,62,97,65,66,37,113,96,50,52" hai2="4,34,121,100,0,80,85,20,131,108,132,5,16" hai3="77,49,94,72,1,36,9,115,61,22,29,2,82"/><T35/><D112/><U19/><E33/><V83/><F108/><W39/><G115/><T58/><D129/><U106/><E37/><V26/><F121/><W95/><G39/><T18/><D74/><U67/><E113/><V103/><F131/><W25/><G36/><T93/><D105/><U42/><E106/><V127/><F127/><W117/><G117/><T79/><D79/><U87/><E19/><V46/><F132/><W91/><G9/><T55/><D41/><U119/><E119/><V128/><F128/><W81/><G49/><T111/><D111/><U109/><E109/><V63/><F34/><W69/><G94/><T73/><D73/><U134/><E87/><V102/><F85/><W123/><G123/><T133/><D133/><U124/><E124/><V6/><F0/><W57/><G69/><T24/><D70/><U101/><E134/><V89/><F89/><W71/><G71/><T31/><D68/><U90/><E90/><V126/><F126/><W114/><G81/><N who="2" m="31305" /><F46/><W14/><G114/><T32/><D32/><U118/><E118/><V23/><F23/><W92/><G91/><T8/><D8/><N who="1" m="6279" /><E101/><V47/><F47/><AGARI ba="1,0" hai="42,47,50,52,56,62,65,66,67,96,97" m="6279" machi="47" ten="30,2000,0" yaku="8,1,54,1" doraHai="78" who="1" fromWho="2" sc="310,0,317,23,148,-23,225,0" /><INIT seed="5,0,0,4,0,49" ten="310,340,125,225" oya="1" hai0="86,87,105,111,132,18,126,79,118,0,120,57,129" hai1="99,59,60,90,83,102,135,115,125,30,121,93,3" hai2="47,22,15,70,122,55,7,28,112,61,109,10,74" hai3="52,114,119,106,97,133,46,19,116,95,100,123,78"/><U88/><E121/><V85/><F109/><W5/><G123/><T67/><D18/><U92/><E3/><V17/><F122/><W50/><G133/><T96/><D57/><U63/><E135/><V117/><F117/><N who="3" m="45131" /><G114/><T6/><D67/><U26/><E125/><V23/><F74/><W25/><G5/><T32/><D96/><U20/><E115/><V124/><F124/><W81/><G19/><T75/><D87/><N who="1" m="50303" /><E59/><V66/><F112/><W34/><G25/><T56/><D56/><U36/><E36/><V16/><F85/><AGARI ba="0,0" hai="20,26,30,60,63,85,90,92,93,99,102" m="50303" machi="85" ten="30,2900,0" yaku="8,1,54,1" doraHai="49" who="1" fromWho="2" sc="310,0,340,29,125,-29,225,0" /><INIT seed="5,1,0,2,1,40" ten="310,369,96,225" oya="1" hai0="123,32,37,62,21,39,81,44,3,15,98,19,27" hai1="59,116,122,60,86,23,97,102,50,42,10,8,17" hai2="83,91,22,103,96,0,47,9,67,88,85,93,130" hai3="31,124,52,72,53,117,84,35,107,55,5,43,132"/><U29/><E116/><V115/><F130/><W129/><G72/><T25/><D123/><U128/><E122/><V57/><F115/><W82/><G117/><T74/><D3/><U12/><E128/><V118/><F118/><W48/><G129/><T63/><D39/><U36/><E36/><V110/><F110/><W120/><G120/><T45/><D37/><U20/><E86/><V28/><F0/><W30/><G107/><T64/><D74/><U65/><E42/><V54/><F9/><W94/><G124/><T89/><D32/><U87/><E87/><V14/><F67/><W26/><G132/><T121/><D121/><U58/><E58/><V112/><F112/><W18/><G5/><T135/><D81/><U7/><E7/><V16/><F28/><W66/><G66/><T99/><D99/><U104/><E50/><V73/><F73/><W49/><G31/><T95/><D135/><U119/><E119/><V113/><F113/><W127/><G127/><T100/><D100/><U77/><E77/><V69/><F69/><W126/><G94/><T38/><D38/><U108/><E108/><V79/><F47/><N who="0" m="17994" /><D64/><U106/><E106/><V114/><F114/><W101/><G101/><T109/><D109/><U111/><E111/><V46/><F46/><W80/><G126/><T125/><D125/><U134/><E134/><V76/><REACH who="2" step="1"/><F79/><REACH who="2" ten="310,369,86,225" step="2"/><N who="3" m="46111" /><G43/><T90/><D90/><U105/><E65/><V13/><F13/><W61/><G55/><T4/><D63/><AGARI ba="1,1" hai="14,16,22,54,57,63,76,83,85,88,91,93,96,103" machi="63" ten="30,12000,2" yaku="1,1,7,1,8,1,54,2,53,1" doraHai="40" doraHaiUra="11" who="2" fromWho="0" sc="310,-123,369,0,86,133,225,0" /><INIT seed="6,0,0,4,1,113" ten="187,369,219,225" oya="2" hai0="31,114,3,107,18,59,97,88,54,48,33,28,64" hai1="70,104,10,65,66,24,11,50,112,132,34,6,55" hai2="17,80,129,46,7,123,0,49,82,103,60,87,39" hai3="36,131,118,111,21,100,96,57,133,81,61,94,40"/><V115/><F123/><W128/><G111/><T95/><D107/><U8/><E104/><V99/><F115/><W102/><G133/><T110/><D110/><U122/><E112/><V75/><F129/><N who="3" m="49739" /><G118/><T73/><D114/><U30/><E132/><V130/><F130/><W134/><G134/><T15/><D3/><U37/><E37/><V44/><F17/><W5/><G5/><T14/><D73/><U135/><E135/><V125/><F125/><W19/><G81/><T127/><D127/><U25/><E122/><V63/><F39/><W58/><G100/><T43/><D33/><U38/><E38/><V120/><F120/><W79/><G79/><T32/><D32/><U90/><E25/><V26/><F26/><N who="3" m="14655" /><G61/><N who="0" m="37951" /><D43/><U72/><E6/><V22/><F7/><W52/><G52/><T105/><D105/><U91/><E72/><V101/><F0/><W76/><G76/><T106/><D106/><U124/><E124/><V74/><F75/><W4/><G4/><T69/><D15/><U93/><E91/><V83/><F74/><W117/><G117/><T77/><D77/><U12/><E12/><V89/><F89/><W109/><G109/><T47/><D31/><U98/><E70/><V121/><F121/><W116/><G116/><T84/><D69/><U41/><E41/><V86/><F101/><W92/><G94/><T29/><D97/><U20/><E34/><V119/><F119/><W56/><G40/><T126/><D126/><U68/><E68/><V53/><F99/><W85/><G36/><T23/><AGARI ba="0,0" hai="14,18,23,28,29,47,48,54,84,88,95" m="37951" machi="23" ten="30,2000,0" yaku="8,1,54,1" doraHai="113" who="0" fromWho="0" sc="187,20,369,-5,219,-10,225,-5" /><INIT seed="7,0,0,4,1,22" ten="207,364,209,220" oya="3" hai0="12,101,122,1,131,32,40,9,113,17,2,102,90" hai1="95,88,48,61,76,128,120,116,134,130,5,69,79" hai2="109,71,14,94,104,74,60,124,58,110,68,91,57" hai3="103,85,121,63,75,8,42,66,39,51,70,16,50"/><W119/><G75/><T126/><D122/><U107/><E107/><V97/><F74/><W36/><G121/><T96/><D32/><U93/><E120/><V125/><F104/><W43/><G119/><T64/><D131/><N who="1" m="50219" /><E134/><V0/><F14/><W20/><G8/><T81/><D126/><N who="2" m="48746" /><F0/><W54/><G103/><T11/><D113/><U25/><E116/><V35/><F35/><W31/><G31/><T132/><D132/><U6/><E48/><V19/><F19/><W18/><G18/><T4/><D1/><U133/><E95/><V135/><F57/><W53/><G39/><T87/><D40/><U37/><E37/><V98/><F98/><W41/><G36/><T27/><D64/><N who="1" m="41103" /><E25/><V123/><F135/><W77/><G51/><T21/><REACH who="0" step="1"/><D96/><REACH who="0" ten="197,364,209,220" step="2"/><N who="1" m="57383" /><E133/><V45/><F123/><W38/><G42/><T72/><D72/><U108/><E108/><V33/><F33/><W23/><G41/><T112/><D112/><U65/><E65/><N who="2" m="39063" /><F109/><W82/><G38/><T15/><D15/><U29/><E5/><AGARI ba="0,1" hai="2,4,5,9,11,12,17,21,27,81,87,90,101,102" machi="5" ten="30,3900,0" yaku="1,1,7,1,52,1,53,0" doraHai="22" doraHaiUra="115" who="0" fromWho="1" sc="197,49,364,-39,209,0,220,0" owari="246,5.0,325,42.0,209,-29.0,220,-18.0" /></mjloggm>