<mjloggm ver="2.3"><GO type="169" lobby="0"/><UN n0="%E7%9C%BC%E7%A7%91%E5%8C%BB" n1="%E7%9F%B3%E5%A1%9A" n2="%E5%8D%97%E5%B8%9D%E5%8D%97%E6%B5%A6" n3="%50%4F%4E%5A%55" dan="16,16,16,16" rate="2121.53,2087.87,2094.33,2118.14" sx="M,M,F,M"/><TAIKYOKU oya="0"/><INIT seed="0,0,0,5,1,131" ten="250,250,250,250" oya="0" hai0="3,97,48,30,112,16,21,36,55,114,77,34,42" hai1="105,40,116,12,0,25,81,52,91,67,27,2,26" hai2="102,111,5,44,53,49,15,129,75,56,119,59,110" hai3="14,50,43,104,31,124,22,4,6,117,134,74,57"/><T37/><D3/><U18/><E116/><V127/><F129/><W86/><G74/><T63/><D77/><U24/><E105/><V82/><F119/><W1/><G1/><T7/><D7/><U35/><E40/><V73/><F102/><W106/><G124/><T65/><D30/><U33/><E67/><V88/><F127/><W108/><G108/><N who="2" m="41513" /><F5/><W100/><G106/><T128/><D34/><U96/><E35/><V135/><F15/><W72/><G72/><N who="2" m="27721" /><F135/><W133/><G86/><AGARI ba="0,0" hai="44,49,53,56,59,82,86,88" m="27721,41513" machi="86" ten="30,2000,0" yaku="14,1,54,1" doraHai="131" who="2" fromWho="3" sc="250,0,250,0,250,20,250,-20" /><INIT seed="1,0,0,1,5,82" ten="250,250,270,230" oya="1" hai0="57,42,121,14,29,115,11,25,26,76,135,75,16" hai1="73,58,15,30,128,120,132,33,80,37,124,129,50" hai2="83,48,134,108,22,62,60,77,34,44,24,126,7" hai3="52,43,6,109,68,131,2,91,125,101,20,53,74"/><U111/><E120/><V5/><F126/><W123/><G125/><T38/><D115/><U106/><E37/><V127/><F127/><W8/><G123/><T99/><D121/><U59/><E106/><V85/><F34/><W119/><G109/><T122/><D122/><U56/><E124/><V69/><F134/><W18/><G131/><T19/><D135/><U9/><E132/><V10/><F108/><W36/><G68/><T1/><D57/><U67/><E111/><V79/><F79/><W89/><G101/><T103/><D1/><U0/><E0/><V46/><F46/><W71/><G71/><T92/><D75/><U13/><E30/><V86/><F69/><W27/><G119/><T55/><D76/><N who="1" m="44047" /><E15/><N who="2" m="5583" /><F7/><W97/><G74/><T32/><D55/><N who="1" m="31863" /><E67/><V133/><F133/><W3/><G3/><T23/><D42/><U105/><E105/><V84/><F83/><W130/><G130/><N who="1" m="50282" /><E33/><V100/><F77/><W4/><G4/><AGARI ba="0,0" hai="4,9,13,58,59" m="50282,31863,44047" machi="4" ten="30,1500,0" yaku="19,1" doraHai="82" who="1" fromWho="3" sc="250,0,250,15,270,0,230,-15" /><INIT seed="1,1,0,2,0,25" ten="250,265,270,215" oya="1" hai0="61,35,57,119,132,64,74,4,53,69,99,39,113" hai1="85,54,117,118,29,115,59,5,111,73,48,110,131" hai2="45,125,42,21,102,46,68,88,11,49,106,52,36" hai3="51,15,75,20,13,67,62,43,79,55,58,66,56"/><U123/><E73/><V10/><F68/><W12/><G79/><T26/><D74/><U37/><E5/><V109/><F125/><W116/><G75/><T30/><D113/><U27/><E37/><V72/><F72/><W135/><G135/><T124/><D119/><U84/><E123/><V133/><F133/><W9/><G116/><T104/><D124/><U78/><E115/><V19/><F109/><N who="1" m="41481" /><E85/><V80/><F102/><W41/><G20/><T95/><D132/><U24/><E24/><V114/><F106/><W91/><G67/><T101/><D39/><U18/><E18/><V17/><F114/><W100/><G100/><T107/><REACH who="0" step="1"/><D4/><REACH who="0" ten="240,265,270,215" step="2"/><U90/><E131/><V23/><F19/><W103/><G103/><T16/><D16/><U22/><E78/><V3/><F3/><W97/><G9/><T83/><D83/><AGARI ba="1,1" hai="22,27,29,48,54,59,83,84,90,117,118" m="41481" machi="83" ten="30,5800,0" yaku="14,1,10,1,52,1" doraHai="25" who="1" fromWho="0" sc="240,-61,265,71,270,0,215,0" /><INIT seed="1,2,0,1,1,72" ten="179,336,270,215" oya="1" hai0="84,115,110,7,86,56,14,41,0,37,48,78,25" hai1="12,118,28,102,10,2,100,88,75,123,9,127,94" hai2="15,43,31,45,55,83,74,130,135,11,24,124,61" hai3="19,108,40,67,101,13,128,63,57,3,47,97,62"/><U76/><E118/><V33/><F124/><W85/><G3/><T111/><D115/><U64/><E123/><V34/><F135/><W126/><G126/><T8/><D37/><U98/><E127/><V36/><F130/><W1/><G128/><T54/><D41/><U59/><E2/><V16/><F34/><W89/><G1/><T133/><D133/><U50/><E9/><V103/><F103/><W5/><G5/><T104/><D104/><U49/><E28/><V95/><F95/><W27/><G27/><T105/><D105/><U60/><E75/><V107/><F107/><W82/><G63/><T52/><D25/><U121/><E76/><V122/><F122/><W93/><G108/><N who="0" m="41515" /><D0/><U116/><E116/><V114/><F114/><W30/><G30/><T23/><D23/><U96/><E121/><V131/><F131/><W132/><G132/><T46/><D78/><U39/><E39/><V80/><F74/><W29/><G29/><T66/><D66/><U32/><E32/><V106/><F106/><W53/><G67/><T91/><D91/><U71/><E71/><V69/><REACH who="2" step="1"/><F55/><REACH who="2" ten="179,336,260,215" step="2"/><W90/><G101/><N who="1" m="39018" /><E98/><V20/><F20/><N who="3" m="11375" /><G40/><T42/><D42/><U109/><E109/><V120/><F120/><W22/><G22/><T117/><D117/><U92/><E92/><V79/><F79/><W21/><G21/><T35/><D35/><U51/><E96/><V125/><F125/><W26/><G26/><T17/><D7/><N who="1" m="3167" /><E94/><V70/><F70/><W134/><G134/><T18/><D18/><U119/><E119/><V58/><F58/><W87/><G97/><RYUUKYOKU ba="2,1" sc="179,0,336,0,260,0,215,0" hai0="8,14,17,46,48,52,54,56,84,86" hai1="49,50,51,59,60,64,88" hai2="11,15,16,24,31,33,36,43,45,61,69,80,83" hai3="47,53,57,62,82,85,87,89,90,93" /><INIT seed="1,3,1,1,0,87" ten="179,336,260,215" oya="1" hai0="119,4,36,68,75,127,86,0,48,99,71,13,80" hai1="117,55,78,29,39,62,79,65,72,94,112,130,45" hai2="81,46,30,54,9,43,17,122,108,97,18,47,63" hai3="12,40,109,83,64,60,38,24,69,58,67,100,128"/><U41/><E112/><V28/><F122/><W32/><G109/><T53/><D119/><U3/><E117/><V129/><F108/><W92/><G128/><T7/><D36/><U42/><E130/><V103/><F129/><W74/><G12/><T15/><D75/><U59/><E3/><V110/><F110/><W125/><G125/><T19/><D127/><U101/><E41/><V132/><F132/><W106/><G92/><T1/><D99/><U49/><E29/><N who="2" m="11371" /><F81/><W26/><G64/><T50/><D86/><U121/><E121/><V91/><F103/><W135/><G58/><T51/><D80/><U113/><E113/><V35/><F35/><W89/><G135/><T118/><D118/><U5/><E5/><V84/><F97/><W104/><G32/><T116/><D116/><U82/><E79/><V88/><F84/><W76/><G89/><N who="2" m="34377" /><F9/><W102/><G102/><T93/><D0/><U57/><E101/><V25/><F25/><W95/><G95/><T131/><D93/><U96/><E94/><V8/><F8/><W123/><G123/><T124/><D1/><U31/><E96/><V33/><F33/><W21/><G24/><T27/><D27/><U6/><E31/><V105/><F105/><W11/><G11/><T14/><D131/><U56/><E6/><V66/><F43/><W114/><G100/><T107/><D107/><U85/><E72/><V126/><F126/><W120/><G120/><T73/><D73/><U34/><E34/><V61/><F66/><W20/><G114/><T111/><D124/><U77/><E77/><V16/><F54/><RYUUKYOKU ba="3,1" sc="179,-15,336,15,260,15,215,-15" hai1="39,42,45,49,55,56,57,59,62,65,78,82,85" hai2="16,17,18,46,47,61,63" /><INIT seed="1,4,1,5,5,24" ten="164,351,275,200" oya="1" hai0="118,3,90,18,96,114,102,78,113,29,80,49,4" hai1="39,63,17,106,85,33,61,126,34,10,26,92,44" hai2="31,120,47,8,101,133,108,124,68,58,27,36,129" hai3="115,83,93,1,86,117,88,81,97,125,20,123,84"/><U7/><E106/><V38/><F120/><W119/><G1/><T103/><D118/><N who="3" m="45065" /><G123/><T9/><D90/><U48/><E39/><V76/><F124/><W0/><G0/><T30/><D103/><U56/><E126/><V6/><F129/><W13/><G125/><T11/><D49/><U111/><E111/><V40/><F133/><W87/><G115/><T45/><D45/><U89/><E17/><AGARI ba="4,1" hai="13,17,20,81,83,84,86,87,88,93,97" m="45065" machi="17" ten="30,2000,0" yaku="12,1,54,1" doraHai="24" who="3" fromWho="1" sc="164,0,351,-32,275,0,200,42" /><INIT seed="2,0,0,3,1,68" ten="164,319,275,242" oya="2" hai0="118,12,61,114,49,102,11,88,87,92,22,129,135" hai1="26,104,28,112,74,71,33,113,98,97,46,85,37" hai2="13,62,55,43,8,30,128,50,60,7,23,69,29" hai3="54,106,101,6,91,131,45,80,117,95,1,107,25"/><V90/><F128/><W76/><G131/><T40/><D129/><U39/><E98/><V110/><F110/><W52/><G117/><T16/><D135/><U63/><E85/><V130/><F130/><W125/><G125/><T14/><D114/><U44/><E46/><V3/><F69/><W127/><G127/><T65/><D118/><U81/><E44/><V2/><F43/><W124/><G124/><T18/><D102/><N who="1" m="62543" /><E81/><V83/><F3/><W15/><G25/><T108/><D108/><U32/><E33/><V78/><F30/><W56/><G1/><T89/><D89/><U5/><E5/><V77/><F90/><W0/><G101/><T42/><REACH who="0" step="1"/><D49/><REACH who="0" ten="154,319,275,242" step="2"/><U84/><E84/><N who="2" m="48239" /><F78/><W58/><G76/><T9/><D9/><U59/><E74/><V119/><F119/><W115/><G115/><N who="1" m="44106" /><E59/><AGARI ba="0,1" hai="11,12,14,16,18,22,40,42,59,61,65,87,88,92" machi="59" ten="30,8000,1" yaku="1,1,7,1,8,1,54,2,53,0" doraHai="68" doraHaiUra="96" who="0" fromWho="1" sc="154,90,319,-80,275,0,242,0" /><INIT seed="3,0,0,4,5,32" ten="244,239,275,242" oya="3" hai0="13,9,76,71,69,17,60,83,101,8,68,10,85" hai1="75,89,56,110,72,114,2,124,115,111,27,34,88" hai2="74,61,66,108,93,109,98,105,95,41,129,1,16" hai3="39,36,45,80,51,120,107,54,57,132,30,7,103"/><W22/><G120/><T100/><REACH who="0" step="1"/><D60/><REACH who="0" ten="234,239,275,242" step="2"/><U77/><E124/><V58/><F61/><W82/><G132/><T123/><D123/><U121/><E121/><V73/><F109/><N who="1" m="41481" /><E77/><V64/><F108/><W78/><G82/><T113/><D113/><N who="1" m="43019" /><E56/><V29/><F58/><W94/><G107/><T133/><D133/><U79/><E79/><V70/><F105/><W43/><G7/><T23/><AGARI ba="0,1" hai="8,9,10,13,17,23,68,69,71,76,83,85,100,101" machi="23" ten="40,5200,0" yaku="21,2,0,1,53,0" doraHai="32" doraHaiUra="90" who="0" fromWho="0" sc="234,62,239,-13,275,-13,242,-26" /><INIT seed="4,0,0,1,4,38" ten="296,226,262,216" oya="0" hai0="80,82,62,22,63,25,89,106,6,0,77,110,70" hai1="29,115,50,33,98,7,79,133,54,11,93,84,119" hai2="75,43,42,21,101,10,114,76,109,9,99,17,125" hai3="90,28,60,5,53,71,57,128,131,23,112,58,92"/><T118/><D118/><U49/><E119/><V83/><F109/><W69/><G5/><T27/><D106/><U88/><E133/><V13/><F125/><W87/><G112/><T52/><D89/><U124/><E124/><V35/><F35/><W86/><G86/><T104/><D104/><U3/><E115/><V97/><F114/><W56/><G60/><T37/><D37/><U94/><E33/><V95/><REACH who="2" step="1"/><F99/><REACH who="2" ten="296,226,252,216" step="2"/><W41/><G131/><T78/><D110/><U15/><E29/><V24/><F24/><W134/><G128/><T18/><D27/><U105/><E105/><V85/><F85/><W16/><G28/><T30/><D30/><U113/><E113/><V135/><F135/><W127/><G134/><T45/><D78/><U59/><E79/><V4/><F4/><W117/><G127/><T67/><D77/><U55/><E3/><V73/><F73/><W48/><G117/><T20/><D0/><U120/><E120/><V39/><F39/><W123/><G123/><T68/><D6/><U31/><E31/><V100/><F100/><W26/><G71/><T2/><D2/><U65/><E98/><V51/><F51/><W103/><G69/><T96/><D96/><U36/><E36/><V132/><F132/><W91/><G103/><T14/><D70/><U8/><E7/><V19/><F19/><W34/><G34/><T121/><D121/><U74/><E84/><V81/><F81/><W1/><G1/><T102/><D102/><U116/><E74/><V108/><F108/><W47/><G91/><T64/><D82/><U129/><E88/><RYUUKYOKU ba="0,1" sc="296,-15,226,-15,252,15,216,15" hai2="9,10,13,17,21,42,43,75,76,83,95,97,101" hai3="16,23,26,41,47,48,53,56,57,58,87,90,92" /><INIT seed="5,1,1,0,2,94" ten="281,211,267,231" oya="1" hai0="76,90,83,13,2,119,126,77,27,19,52,5,70" hai1="108,95,57,64,130,88,0,105,45,10,44,134,66" hai2="96,81,42,91,68,26,53,129,128,109,49,80,121" hai3="101,51,113,55,20,120,23,54,3,15,17,116,84"/><U73/><E105/><V98/><F121/><W74/><G74/><T133/><D119/><U58/><E73/><V38/><F68/><W111/><G111/><T100/><D70/><U103/><E103/><V112/><F109/><W22/><G3/><T131/><D100/><U48/><E108/><V122/><F122/><W79/><G120/><T63/><D2/><U72/><E72/><V8/><F8/><N who="3" m="6375" /><G113/><T18/><D131/><N who="2" m="50250" /><F112/><W31/><G101/><T12/><D133/><U135/><E130/><V62/><F38/><W118/><G31/><T35/><D35/><U85/><E10/><V4/><F4/><W107/><G107/><T40/><D40/><U87/><E0/><V114/><F114/><W67/><G67/><T110/><D126/><U106/><E106/><V11/><F11/><W117/><G51/><T21/><D5/><U29/><E29/><V75/><F26/><W71/><G71/><T25/><D110/><U6/><E48/><V123/><F123/><W46/><G46/><T124/><D124/><U89/><E95/><V82/><F75/><W47/><G47/><T99/><D27/><U16/><REACH who="1" step="1"/><E16/><REACH who="1" ten="281,201,267,231" step="2"/><V56/><F91/><W104/><G104/><T14/><D19/><U36/><E36/><V32/><F32/><W50/><G50/><T43/><D18/><U9/><E9/><V125/><F125/><W61/><G61/><T102/><D63/><U34/><E34/><V115/><F115/><W132/><G132/><T65/><D90/><U39/><E39/><V33/><F33/><W28/><G28/><N who="0" m="17455" /><D102/><U41/><E41/><V93/><F93/><RYUUKYOKU ba="1,2" sc="281,-30,201,10,267,10,231,10" hai1="6,44,45,57,58,64,66,85,87,88,89,134,135" hai2="42,49,53,56,62,80,81,82,96,98" hai3="20,22,23,54,55,79,84,116,117,118" /><INIT seed="5,2,2,5,1,120" ten="251,211,277,241" oya="1" hai0="79,40,107,58,95,84,11,90,45,59,111,97,124" hai1="20,99,52,7,91,13,56,57,29,17,46,72,12" hai2="102,8,39,33,48,127,50,118,126,71,54,67,83" hai3="0,62,2,19,123,101,70,31,64,116,88,51,34"/><U28/><E72/><V73/><F118/><W41/><G123/><T60/><D124/><N who="2" m="47658" /><F33/><W92/><G101/><T38/><D111/><U16/><E7/><V108/><F39/><W36/><G36/><T78/><D11/><N who="1" m="6303" /><E57/><V43/><F102/><W89/><G89/><T55/><D107/><U130/><E46/><N who="2" m="25695" /><F8/><W96/><G116/><T27/><D84/><U134/><E134/><V132/><F132/><W135/><G135/><T85/><D85/><U5/><E5/><V68/><F67/><W122/><G122/><T25/><D59/><U93/><E130/><V133/><F133/><W114/><G114/><T9/><D9/><U121/><E121/><V18/><F18/><W113/><G19/><T76/><AGARI ba="2,2" hai="25,27,38,40,45,55,58,60,76,78,79,90,95,97" machi="76" ten="30,1100,0" yaku="0,1" doraHai="120" who="0" fromWho="0" sc="251,37,211,-7,277,-5,241,-5" /><INIT seed="6,0,0,2,5,122" ten="288,204,272,236" oya="2" hai0="35,96,134,100,77,97,10,91,58,11,12,108,106" hai1="101,90,66,86,8,94,45,129,107,115,38,116,82" hai2="104,27,89,83,14,135,5,118,26,74,23,64,46" hai3="124,22,103,56,99,60,24,16,7,1,68,17,57"/><V31/><F118/><W29/><G124/><T76/><D35/><U15/><E116/><V30/><F104/><W71/><G57/><T39/><D39/><U69/><E115/><V55/><F135/><W111/><G111/><T114/><D108/><U34/><E34/><V54/><F64/><N who="3" m="38919" /><G7/><T47/><D47/><U110/><E129/><V126/><F126/><W93/><G1/><T21/><D114/><U32/><E32/><V40/><F74/><W67/><G67/><T13/><D134/><U51/><E38/><V121/><F121/><W53/><G53/><T125/><D21/><U50/><E107/><V132/><F132/><W75/><G75/><T128/><D128/><U130/><E130/><V59/><F59/><W123/><G123/><T112/><D112/><U85/><E110/><V117/><F117/><W81/><G81/><T52/><D125/><U87/><E51/><N who="2" m="27079" /><F27/><W61/><G61/><T133/><D133/><U49/><E49/><V78/><F30/><W70/><AGARI ba="0,0" hai="16,17,22,24,29,68,70,71,93,99,103" m="38919" machi="70" ten="30,2000,0" yaku="25,1,54,1" doraHai="122" who="3" fromWho="3" sc="288,-5,204,-5,272,-10,236,20" /><INIT seed="7,0,0,1,0,14" ten="283,199,262,256" oya="3" hai0="124,18,107,4,77,110,27,116,120,8,83,3,5" hai1="112,31,30,15,57,24,103,68,36,1,64,67,29" hai2="106,99,55,133,40,38,76,52,84,93,118,122,42" hai3="80,97,37,123,111,70,101,47,25,95,39,53,16"/><W92/><G123/><T19/><D107/><U90/><E112/><V78/><F106/><W10/><G70/><T89/><D89/><U2/><E36/><V69/><F69/><W66/><G66/><T73/><D110/><U46/><E68/><V75/><F118/><W45/><G111/><T33/><D116/><U51/><E103/><V98/><F75/><W49/><G80/><T58/><D120/><U9/><E24/><V56/><F38/><W17/><G39/><T88/><D5/><U127/><E127/><V28/><F28/><W79/><G79/><N who="2" m="30249" /><F133/><W86/><G37/><T114/><D114/><U21/><E21/><V105/><F105/><W74/><G74/><T60/><D124/><U102/><E102/><V71/><F71/><W63/><G63/><T115/><D88/><U129/><E129/><V132/><F132/><W94/><G47/><T32/><D115/><U113/><E113/><V44/><F44/><W62/><G62/><T65/><D33/><U125/><E125/><V100/><F122/><W121/><G86/><T54/><D65/><N who="1" m="25163" /><E90/><N who="2" m="53447" /><F100/><W35/><G35/><T81/><D81/><U34/><E57/><V108/><F108/><W12/><G121/><T41/><D41/><N who="2" m="15978" /><F55/><W7/><G7/><T135/><D135/><U26/><E46/><V20/><F20/><AGARI ba="0,0" hai="10,12,16,17,20,25,45,49,53,92,94,95,97,101" machi="20" ten="40,12000,1" yaku="8,1,52,2,54,1" doraHai="14" who="3" fromWho="2" sc="283,0,199,0,262,-120,256,120" owari="283,8.0,199,-20.0,142,-36.0,376,48.0" /></mjloggm>