<mjloggm ver="2.3"><GO type="169" lobby="0"/><UN n0="%E7%A2%A7%E4%B9%83" n1="%72%79%6F%31%37" n2="%4E%4F%42%55%53%48%49" n3="%E3%82%82%E3%83%BC%E3%82%8A%E3%83%BC" dan="16,16,17,16" rate="2110.30,2006.00,2181.84,2164.84" sx="F,M,M,M"/><TAIKYOKU oya="0"/><INIT seed="0,0,0,4,0,45" ten="250,250,250,250" oya="0" hai0="3,111,95,49,39,8,24,63,118,0,22,120,77" hai1="82,27,79,128,32,37,108,93,19,58,42,43,134" hai2="21,50,6,107,81,119,54,109,133,18,4,59,57" hai3="123,135,13,85,60,97,122,115,70,67,80,103,121"/><T114/><D120/><U7/><E108/><V113/><F107/><W129/><G129/><T105/><D105/><U98/><E128/><V20/><F109/><W48/><G135/><T66/><D118/><U89/><E134/><V68/><F68/><W30/><G13/><T91/><D39/><U101/><E37/><V11/><F133/><W92/><G30/><T131/><D77/><U73/><E7/><V17/><F113/><W62/><G62/><T33/><D33/><U104/><E58/><V23/><F119/><W88/><G115/><T99/><D114/><U69/><E69/><V64/><F81/><W47/><REACH who="3" step="1"/><G123/><REACH who="3" ten="250,250,250,240" step="2"/><T124/><D131/><U130/><E130/><V5/><F11/><W14/><G14/><T75/><D111/><U76/><E32/><V52/><F64/><W90/><G90/><T15/><D0/><U36/><E79/><V94/><F94/><W126/><G126/><T106/><D3/><U86/><E36/><V74/><REACH who="2" step="1"/><F74/><REACH who="2" ten="250,250,240,240" step="2"/><W112/><G112/><T10/><D8/><U29/><E73/><V84/><F84/><W46/><G46/><T40/><D75/><U26/><E86/><V78/><F78/><W34/><G34/><T87/><D106/><U72/><E104/><V38/><F38/><W96/><G96/><T9/><D87/><U100/><E82/><V102/><F102/><W12/><G12/><T132/><D15/><U31/><E101/><V1/><F1/><W53/><AGARI ba="0,2" hai="47,48,53,60,67,70,80,85,88,92,97,103,121,122" machi="53" ten="30,8000,1" yaku="1,1,0,1,52,1,54,1,53,1" doraHai="45" doraHaiUra="61" who="3" fromWho="3" sc="250,-40,250,-20,240,-20,240,100" /><INIT seed="1,0,0,5,1,86" ten="210,230,220,340" oya="1" hai0="117,37,105,134,57,121,18,30,3,27,51,118,39" hai1="82,73,36,75,127,79,61,24,66,17,41,93,131" hai2="38,16,29,85,112,72,77,11,115,64,113,130,25" hai3="94,48,125,45,92,95,0,19,98,20,74,87,28"/><U91/><E131/><V58/><F38/><W135/><G74/><T89/><D105/><U47/><E127/><V70/><F70/><W116/><G0/><T34/><D134/><U102/><E102/><V2/><F130/><W10/><G135/><T83/><D3/><U123/><E75/><V50/><F72/><W111/><G111/><T31/><D121/><U33/><E123/><V133/><F133/><W106/><G106/><T14/><D30/><U53/><E53/><V97/><F97/><W62/><G28/><T119/><D51/><U126/><E126/><V101/><F101/><W22/><G20/><T54/><D54/><U84/><E17/><V80/><F50/><W4/><G62/><T110/><D57/><U56/><E24/><V1/><F58/><W99/><G87/><T26/><D26/><U49/><REACH who="1" step="1"/><E33/><REACH who="1" ten="210,220,220,340" step="2"/><N who="2" m="20655" /><F64/><W42/><G125/><T124/><D124/><U63/><E63/><V107/><F107/><W32/><G32/><T8/><D110/><U9/><E9/><V108/><F108/><W120/><G120/><T15/><D119/><U71/><E71/><V81/><F16/><W43/><G116/><T100/><D100/><U59/><E59/><V69/><F11/><W128/><G128/><T21/><D118/><U129/><E129/><V96/><F69/><W44/><G10/><T76/><D117/><U109/><E109/><V104/><F104/><W46/><G4/><T6/><D6/><U55/><E55/><V88/><F81/><W103/><G103/><T60/><D8/><U122/><E122/><V132/><F132/><W90/><G19/><RYUUKYOKU ba="0,1" sc="210,-15,220,15,220,15,340,-15" hai1="36,41,47,49,56,61,66,73,79,82,84,91,93" hai2="1,2,77,80,85,88,96,112,113,115" /><INIT seed="1,1,1,2,0,75" ten="195,235,235,325" oya="1" hai0="106,120,0,122,83,103,11,128,125,127,88,82,29" hai1="51,30,86,52,59,67,80,44,118,35,23,28,69" hai2="131,111,116,6,32,132,68,47,72,97,31,70,115" hai3="21,94,133,79,124,8,64,76,36,24,134,20,78"/><U66/><E118/><V81/><F6/><W27/><G36/><T62/><D29/><U89/><E35/><V39/><F47/><W19/><G124/><N who="0" m="47691" /><D0/><U84/><E69/><V53/><F53/><W101/><G8/><T102/><D11/><U15/><E84/><V100/><F31/><N who="1" m="11817" /><E59/><V10/><F10/><W43/><G43/><T12/><D62/><U63/><E63/><V123/><F81/><N who="0" m="30730" /><D12/><U129/><E129/><V55/><F55/><W49/><G64/><T90/><D128/><U1/><E1/><V85/><F70/><W135/><G49/><T42/><D42/><U87/><E87/><V3/><F85/><W71/><G71/><T99/><D103/><U130/><E130/><V96/><F100/><W34/><G34/><T17/><D17/><AGARI ba="1,1" hai="15,17,23,44,51,52,66,67,80,86,89" m="11817" machi="17" ten="30,2900,0" yaku="8,1,54,1" doraHai="75" who="1" fromWho="0" sc="195,-32,235,42,235,0,325,0" /><INIT seed="1,2,0,3,4,93" ten="163,277,235,325" oya="1" hai0="71,63,31,2,114,122,101,135,76,110,131,1,40" hai1="126,81,29,106,117,25,8,32,22,103,18,27,37" hai2="87,66,12,11,128,97,30,56,92,14,61,73,41" hai3="88,133,108,112,124,21,10,111,85,69,90,52,95"/><U33/><E117/><V68/><F73/><W130/><G112/><T67/><D114/><U120/><E120/><V38/><F128/><W44/><G130/><T48/><D131/><U119/><E119/><V82/><F30/><W3/><G69/><T54/><D122/><U47/><E126/><V43/><F68/><W0/><G124/><T109/><D31/><U116/><E116/><V28/><F28/><W59/><G44/><T26/><D26/><U34/><E81/><V98/><F14/><W19/><G90/><T118/><D118/><U51/><E37/><V77/><F38/><W127/><G127/><T9/><D40/><N who="2" m="15434" /><F92/><W75/><G75/><T16/><D76/><U129/><E129/><V15/><F15/><N who="3" m="9471" /><G10/><T65/><D65/><U79/><E79/><V100/><F100/><W13/><G13/><N who="0" m="7215" /><D2/><N who="3" m="553" /><G133/><T86/><D135/><U62/><E8/><V94/><F94/><W107/><G107/><T99/><D86/><U113/><E113/><V70/><F70/><W105/><G105/><T89/><D1/><U53/><REACH who="1" step="1"/><E62/><REACH who="1" ten="163,267,235,325" step="2"/><V49/><F49/><W102/><G102/><T80/><D80/><U60/><E60/><V134/><F134/><W121/><G121/><T115/><D101/><U84/><E84/><V104/><F104/><W7/><G7/><AGARI ba="2,1" hai="7,11,12,56,61,66,77,82,87,97,98" m="15434" machi="7" ten="30,3900,0" yaku="8,1,52,2" doraHai="93" who="2" fromWho="3" sc="163,0,267,0,235,55,325,-45" /><INIT seed="2,0,0,4,5,57" ten="163,267,290,280" oya="2" hai0="16,50,18,72,33,135,83,90,116,132,46,71,75" hai1="0,30,29,105,101,20,88,56,80,58,43,114,104" hai2="76,125,17,36,54,82,21,59,32,65,94,34,121" hai3="87,85,129,62,38,63,122,108,60,97,126,78,128"/><V26/><F121/><W95/><G38/><T106/><D33/><U79/><E114/><V66/><F125/><W40/><G126/><T7/><D106/><U11/><E43/><V37/><F36/><W9/><G40/><T74/><D7/><U47/><E47/><V98/><F37/><W99/><G122/><T119/><D71/><U84/><E101/><V112/><F34/><W52/><G108/><T6/><D6/><U27/><E30/><V113/><F32/><W51/><G9/><T14/><D90/><U96/><E105/><V55/><F55/><W15/><G15/><T70/><D83/><U24/><E104/><V45/><F45/><N who="3" m="27759" /><G99/><T42/><D70/><U124/><E124/><V102/><F113/><W4/><G4/><T118/><REACH who="0" step="1"/><D18/><REACH who="0" ten="153,267,290,280" step="2"/><U93/><E0/><V134/><F112/><W67/><G78/><T130/><D130/><N who="3" m="50281" /><G67/><T73/><N who="0" m="18432" /><DORA hai="89" /><T120/><D120/><U109/><E109/><V10/><F66/><W3/><G3/><T61/><D61/><U111/><E111/><V5/><F65/><W81/><G81/><T41/><D41/><U23/><E80/><V22/><F82/><W123/><G123/><T12/><D12/><U133/><E79/><V110/><F76/><W100/><AGARI ba="0,1" hai="60,62,63,85,87,95,97,100" m="50281,27759" machi="100" ten="30,12000,2" yaku="19,1,52,4,54,1" doraHai="57,89" who="3" fromWho="3" sc="153,-30,267,-30,290,-60,280,130" /><INIT seed="3,0,0,0,3,91" ten="123,237,230,410" oya="3" hai0="95,33,77,119,75,30,53,65,55,94,121,131,114" hai1="36,54,72,135,48,113,0,25,29,22,3,100,109" hai2="107,66,32,92,106,129,120,132,89,126,127,57,78" hai3="79,52,80,27,50,71,40,19,12,10,118,47,43"/><W45/><G71/><T31/><D121/><U26/><E109/><V18/><F32/><W39/><G118/><T21/><D119/><U8/><E113/><V61/><F120/><W16/><G27/><T96/><D114/><U1/><E36/><V103/><F132/><W86/><G43/><T64/><D131/><U70/><E72/><V90/><F78/><W23/><G23/><T60/><D75/><U35/><E70/><V87/><F129/><W38/><G38/><T85/><D33/><U51/><E135/><V59/><F18/><AGARI ba="0,0" hai="10,12,16,18,19,39,40,45,47,50,52,79,80,86" machi="18" ten="30,5800,0" yaku="7,1,54,2" doraHai="91" who="3" fromWho="2" sc="123,0,237,0,230,-58,410,58" /><INIT seed="3,1,0,3,5,35" ten="123,237,172,468" oya="3" hai0="67,71,118,99,97,119,83,95,87,122,26,30,81" hai1="46,68,6,66,51,13,116,34,47,100,82,78,65" hai2="40,23,111,109,69,12,53,19,113,16,76,43,75" hai3="58,117,31,21,88,105,101,64,1,91,125,114,86"/><W98/><G117/><T79/><D122/><U131/><E34/><V18/><F69/><W39/><G1/><T62/><D83/><U36/><E116/><V85/><F75/><W55/><G39/><T37/><D37/><U135/><E131/><V54/><F113/><W50/><G114/><T24/><D97/><U11/><E135/><V128/><F85/><W32/><G125/><T104/><D24/><U129/><E129/><V59/><F76/><W84/><G32/><T8/><D8/><U56/><E68/><V110/><F128/><W10/><G10/><T28/><D28/><U22/><E100/><V7/><F7/><W96/><G96/><T15/><D15/><U2/><E56/><V27/><F54/><W74/><G74/><T124/><D124/><U14/><E47/><V72/><F72/><W132/><G132/><T20/><D104/><U45/><E45/><V9/><REACH who="2" step="1"/><F19/><REACH who="2" ten="123,237,162,468" step="2"/><W106/><G86/><T38/><REACH who="0" step="1"/><D38/><REACH who="0" ten="113,237,162,468" step="2"/><U17/><E36/><V4/><F4/><W112/><G112/><T29/><D29/><U57/><E6/><V130/><F130/><W42/><G31/><T123/><D123/><U103/><E17/><V70/><F70/><W115/><G115/><T126/><D126/><U134/><E134/><V107/><F107/><W108/><G105/><T5/><D5/><U49/><E78/><V41/><F41/><W63/><G42/><T73/><D73/><U77/><E77/><V127/><F127/><W33/><G106/><T120/><D120/><U121/><E121/><V60/><AGARI ba="1,2" hai="9,12,16,18,23,27,40,43,53,59,60,109,110,111" machi="60" ten="30,7900,0" yaku="1,1,0,1,14,1,54,1,53,0" doraHai="35" doraHaiUra="25" who="2" fromWho="2" sc="113,-21,237,-21,162,102,468,-40" /><INIT seed="4,0,0,5,0,99" ten="92,216,264,428" oya="0" hai0="44,133,58,78,119,86,106,84,1,127,5,46,63" hai1="48,15,50,64,112,116,10,20,52,97,62,103,3" hai2="69,61,45,85,125,68,111,130,65,47,135,37,12" hai3="70,90,132,21,96,126,28,53,123,39,51,107,25"/><T27/><D119/><U76/><E116/><V77/><F77/><W42/><G70/><T80/><D106/><U24/><E3/><V67/><F85/><W43/><G39/><T18/><D133/><U22/><E76/><V19/><F111/><W100/><G132/><T59/><D127/><U113/><E50/><V95/><F135/><W124/><G123/><T29/><D18/><U92/><E15/><V26/><F26/><W105/><G105/><T40/><D44/><U30/><E22/><V122/><F130/><W14/><G90/><T32/><D63/><U31/><E10/><V41/><F95/><W56/><G14/><T17/><D17/><U87/><E87/><V49/><F12/><W79/><G79/><T23/><D32/><U115/><E31/><V102/><F19/><W114/><G114/><T104/><D104/><U60/><E64/><V36/><F122/><W33/><G21/><T57/><D86/><U11/><E11/><V98/><F37/><W54/><G54/><T81/><D81/><U93/><E92/><V72/><F72/><W129/><G129/><T128/><D128/><U4/><E4/><V13/><F67/><W73/><G73/><T16/><D29/><U108/><E108/><V35/><F65/><W0/><G0/><T91/><D78/><U101/><E101/><V82/><F102/><W121/><G121/><T2/><REACH who="0" step="1"/><D5/><REACH who="0" ten="82,216,264,428" step="2"/><U89/><E89/><V131/><F131/><W6/><G6/><T7/><D7/><U83/><E83/><V94/><F82/><W109/><G109/><T55/><D55/><U74/><E74/><RYUUKYOKU ba="0,1" sc="82,10,216,10,264,-30,428,10" hai0="1,2,16,23,27,40,46,57,58,59,80,84,91" hai1="20,24,30,48,52,60,62,93,97,103,112,113,115" hai3="25,28,33,42,43,51,53,56,96,100,107,124,126" /><INIT seed="4,1,1,0,3,53" ten="92,226,234,438" oya="0" hai0="24,121,112,38,54,8,17,33,13,45,67,97,133" hai1="12,50,79,15,9,95,89,56,61,107,21,62,117" hai2="114,22,68,96,18,19,127,109,52,2,48,120,104" hai3="122,88,29,76,70,46,113,118,92,42,55,3,102"/><T11/><D121/><U128/><E117/><V108/><F120/><W23/><G118/><T73/><D73/><U58/><E107/><V103/><F68/><W65/><G3/><T47/><D133/><U40/><E128/><V27/><F127/><W77/><G102/><T16/><D112/><U116/><E116/><V43/><F114/><W78/><G70/><T25/><D67/><U5/><E79/><V135/><F135/><W75/><G65/><T131/><D131/><U123/><E123/><V126/><F126/><W69/><G69/><T71/><D71/><U74/><E74/><V86/><F2/><W110/><G110/><T83/><D33/><U35/><E35/><V94/><F43/><W14/><G55/><T91/><D38/><U41/><E41/><V100/><F19/><W84/><G113/><T57/><D24/><U101/><E101/><V0/><F0/><W132/><G132/><T1/><D1/><U115/><E115/><V64/><F64/><W99/><G75/><T51/><D97/><U106/><E106/><V134/><F134/><W60/><G60/><T125/><D125/><U82/><E82/><V10/><F108/><W63/><G63/><N who="1" m="24074" /><E50/><V20/><F104/><W129/><G129/><T36/><D36/><U39/><E40/><V31/><F109/><W98/><G122/><T32/><D32/><U81/><E81/><V85/><F103/><W4/><G29/><T34/><D34/><U30/><E39/><V28/><F28/><W37/><G4/><T44/><D25/><N who="1" m="16687" /><E15/><V111/><F111/><W105/><G105/><T6/><D11/><RYUUKYOKU ba="1,1" sc="92,10,226,10,234,-30,438,10" hai0="6,8,13,16,17,44,45,47,51,54,57,83,91" hai1="5,9,12,56,58,89,95" hai3="14,23,37,42,46,76,77,78,84,88,92,98,99" /><INIT seed="4,2,1,1,2,73" ten="102,236,204,448" oya="0" hai0="98,6,13,60,121,40,114,28,5,110,61,75,104" hai1="83,50,92,109,3,45,78,9,102,71,88,19,25" hai2="117,79,112,21,30,32,18,14,66,130,72,68,34" hai3="129,8,22,57,108,16,0,119,15,132,65,49,4"/><T12/><D121/><U125/><E71/><V27/><F117/><W116/><G108/><T105/><D75/><U118/><E109/><V36/><F36/><W134/><G129/><T124/><D110/><U53/><E118/><N who="3" m="45098" /><G49/><T99/><D28/><U67/><E67/><V131/><F112/><W11/><G57/><T87/><D87/><U52/><E125/><V31/><F66/><W42/><G42/><T10/><D40/><U58/><E102/><V93/><F68/><W44/><G44/><T82/><D82/><U74/><E3/><V48/><F48/><W76/><G76/><T46/><D10/><U94/><E9/><V29/><F93/><W23/><G65/><T135/><D46/><U41/><E94/><V54/><F54/><W69/><G69/><T1/><D1/><U47/><E47/><V77/><F72/><W96/><G96/><T26/><D26/><U43/><E19/><V84/><F84/><W128/><G128/><N who="2" m="49193" /><F27/><W39/><G39/><T95/><D95/><U86/><E25/><V55/><F55/><W111/><G111/><T17/><D17/><U24/><E24/><V20/><F20/><AGARI ba="2,1" hai="0,4,8,11,15,16,20,22,23,132,134" m="45098" machi="20" ten="30,3900,0" yaku="34,2,54,1" doraHai="73" who="3" fromWho="2" sc="102,0,236,0,204,-45,448,55" /><INIT seed="5,0,0,0,5,60" ten="102,236,159,503" oya="1" hai0="13,65,35,45,94,112,72,40,47,122,111,84,115" hai1="100,135,101,69,97,107,62,68,80,131,71,37,41" hai2="103,14,3,77,10,125,81,59,118,7,117,92,88" hai3="124,4,67,93,25,61,109,102,24,26,39,70,0"/><U119/><E119/><V6/><F125/><W16/><G109/><T66/><D35/><U87/><E135/><V8/><F103/><W116/><G39/><T121/><D72/><U48/><E131/><V27/><F27/><W42/><G42/><T110/><D13/><U51/><E101/><V34/><F34/><W127/><G116/><T30/><D30/><U31/><E31/><V132/><F59/><W82/><G82/><T57/><D84/><U89/><REACH who="1" step="1"/><E62/><REACH who="1" ten="102,226,159,503" step="2"/><V43/><F132/><W129/><G129/><T108/><D94/><U9/><E9/><V56/><F117/><W19/><G93/><T133/><D133/><U85/><E85/><V20/><F118/><W52/><G102/><T78/><D122/><U49/><E49/><V50/><F50/><W38/><G38/><T104/><D121/><U1/><E1/><V95/><F95/><W11/><G127/><T21/><D104/><U54/><E54/><V73/><F43/><W12/><G124/><T128/><D128/><U76/><E76/><V126/><F126/><W123/><G123/><T33/><D78/><U99/><E99/><V79/><F79/><W36/><G36/><T113/><D111/><U32/><E32/><V53/><F20/><W91/><G52/><T23/><D33/><U90/><E90/><V74/><F74/><W86/><G0/><T46/><D40/><U75/><E75/><V106/><F106/><W105/><G105/><T134/><D134/><U29/><E29/><V28/><F28/><W17/><G86/><T55/><D108/><U98/><E98/><N who="2" m="57607" /><F53/><W64/><G91/><RYUUKYOKU ba="0,1" sc="102,-30,226,10,159,10,503,10" hai1="37,41,48,51,68,69,71,80,87,89,97,100,107" hai2="3,6,7,8,10,14,56,73,77,81" hai3="4,11,12,16,17,19,24,25,26,61,64,67,70" /><INIT seed="5,1,1,0,3,4" ten="72,236,169,513" oya="1" hai0="38,44,17,107,21,43,23,111,98,93,77,134,119" hai1="66,90,14,112,40,132,86,126,74,22,115,96,64" hai2="52,29,114,99,71,41,120,87,92,42,31,129,48" hai3="12,18,85,13,33,70,108,59,11,10,15,30,61"/><U69/><E74/><V68/><F120/><W2/><G108/><T78/><D107/><U131/><E126/><V26/><F129/><W46/><G70/><T7/><D111/><U130/><E132/><V45/><F71/><W47/><G2/><T89/><D134/><U135/><E135/><V103/><F68/><W50/><G33/><T84/><D119/><U121/><E121/><V124/><F124/><W116/><G116/><T37/><D37/><U56/><E69/><V88/><F114/><N who="1" m="43561" /><E96/><V51/><F51/><W80/><G30/><T104/><D21/><U101/><E101/><V24/><F24/><W9/><G18/><T76/><D104/><U0/><E0/><V28/><REACH who="2" step="1"/><F26/><REACH who="2" ten="72,236,159,513" step="2"/><W57/><G50/><T58/><D58/><N who="3" m="22025" /><G61/><T125/><D125/><U20/><E56/><V82/><AGARI ba="1,2" hai="28,29,31,41,42,45,48,52,82,87,88,92,99,103" machi="82" ten="30,8000,1" yaku="1,1,0,1,8,1,54,2,53,0" doraHai="4" doraHaiUra="72" who="2" fromWho="2" sc="72,-21,236,-41,159,103,513,-21" /><INIT seed="6,0,0,1,2,24" ten="51,195,262,492" oya="2" hai0="120,106,109,51,127,44,58,4,82,116,10,68,119" hai1="29,59,76,133,53,25,81,117,27,94,62,108,135" hai2="2,122,91,61,114,40,118,6,36,104,15,121,112" hai3="18,28,78,60,134,55,41,98,47,65,8,131,56"/><V88/><F2/><W72/><G72/><T130/><D68/><U26/><E108/><V115/><F118/><W16/><G78/><T42/><D106/><U123/><E117/><V95/><F6/><W71/><G131/><T132/><D109/><U33/><E94/><V129/><F15/><W83/><G83/><T32/><D32/><U50/><E62/><V35/><F35/><W86/><G86/><T128/><D82/><U126/><E126/><V30/><F30/><W12/><G98/><T20/><D20/><U110/><E110/><V34/><F34/><W69/><G134/><N who="1" m="51210" /><E123/><V74/><F40/><W67/><G67/><T113/><D132/><U57/><E57/><V99/><F36/><W19/><G28/><T49/><D119/><U85/><AGARI ba="0,0" hai="25,26,27,29,33,50,53,59,76,81,85" m="51210" machi="85" ten="30,2000,0" yaku="20,1,52,1" doraHai="24" who="1" fromWho="1" sc="51,-5,195,20,262,-10,492,-5" /><INIT seed="7,0,0,3,0,106" ten="46,215,252,487" oya="3" hai0="79,128,89,57,17,84,21,92,14,85,29,23,35" hai1="24,80,70,105,88,55,76,27,90,94,31,25,97" hai2="6,62,9,34,135,101,110,2,116,45,5,131,1" hai3="38,3,46,19,36,28,40,107,103,50,104,120,112"/><W126/><G19/><T122/><D122/><U44/><E70/><V0/><F101/><W74/><G50/><T51/><D35/><U60/><E105/><V73/><F62/><W115/><G126/><T64/><D128/><U87/><E90/><V119/><F45/><W100/><G28/><T42/><D42/><U129/><E129/><V72/><F34/><W52/><G3/><T20/><D29/><U124/><E124/><V63/><F63/><W111/><G111/><T69/><D69/><U71/><E71/><V130/><F2/><W33/><G40/><T114/><D114/><U77/><E77/><V68/><F68/><W10/><G120/><T123/><D123/><U61/><E31/><V133/><F9/><W109/><G10/><T82/><D64/><U37/><E37/><V12/><F12/><W65/><G65/><T7/><D7/><U102/><E102/><V125/><F125/><W13/><G13/><T98/><D98/><U83/><E83/><V118/><F118/><W93/><G33/><T121/><D121/><U32/><E32/><V96/><F96/><W117/><G46/><T81/><D81/><U78/><E78/><V66/><F66/><W113/><G103/><T4/><D4/><U16/><E16/><V26/><F26/><W41/><G100/><T48/><D48/><U86/><E97/><V127/><F127/><W39/><G113/><T91/><D91/><U67/><E67/><V59/><F59/><W8/><G115/><T49/><REACH who="0" step="1"/><D51/><AGARI ba="0,0" hai="24,25,27,44,51,55,60,61,76,80,86,87,88,94" machi="51" ten="40,2600,0" yaku="8,1,54,1" doraHai="106" who="1" fromWho="0" sc="46,-26,215,26,252,0,487,0" owari="20,-48.0,241,-16.0,252,5.0,487,59.0" /></mjloggm>