<mjloggm ver="2.3"><GO type="169" lobby="0"/><UN n0="%E3%83%81%E3%83%83%E3%83%97%E3%82%B3%E3%83%AC%E3%82%AF%E3%82%BF%E3%83%BC" n1="%E2%91%A3%E3%82%BB%E3%83%B3%E3%83%81" n2="%E3%82%A8%E3%83%AB%E3%82%B2%E3%83%AB%E3%83%BC%E3%82%B8" n3="%E6%B9%98%E5%8C%97%E2%91%AD%E4%B8%89%E4%BA%95%E5%AF%BF" dan="16,18,16,17" rate="2154.50,2248.15,2160.54,2156.07" sx="M,M,M,M"/><TAIKYOKU oya="0"/><INIT seed="0,0,0,3,3,0" ten="250,250,250,250" oya="0" hai0="38,24,27,111,54,100,62,29,31,18,132,32,25" hai1="12,125,59,113,57,120,104,84,17,63,46,118,98" hai2="86,133,77,124,69,39,95,11,116,14,26,23,55" hai3="42,131,9,114,2,50,58,34,22,121,70,44,123"/><T73/><D38/><U99/><E118/><V53/><F39/><W28/><G34/><N who="0" m="20775" /><D54/><U122/><E125/><V91/><F69/><W130/><G70/><T93/><D62/><U82/><E113/><V97/><F124/><W19/><G114/><T101/><D93/><U115/><E115/><V40/><F40/><W66/><G58/><T76/><D100/><U30/><E30/><N who="2" m="17759" /><F133/><W47/><G66/><T21/><D101/><U94/><E104/><V80/><F116/><W119/><G47/><T81/><D76/><U5/><E59/><V49/><F49/><W6/><G119/><T127/><D81/><U8/><E46/><V1/><F1/><W90/><G90/><T48/><D48/><U56/><E56/><V92/><F92/><W4/><G28/><N who="0" m="17455" /><D73/><U87/><E17/><AGARI ba="0,0" hai="11,14,17,53,55,77,80,86,91,95,97" m="17759" machi="17" ten="30,1000,0" yaku="8,1" doraHai="0" who="2" fromWho="1" sc="250,0,250,-10,250,10,250,0" /><INIT seed="1,0,0,4,2,66" ten="250,240,260,250" oya="1" hai0="61,135,131,90,73,104,130,121,103,94,20,10,134" hai1="77,119,11,101,117,126,42,109,70,132,51,57,74" hai2="2,114,8,6,60,133,110,113,27,99,19,52,124" hai3="5,69,129,98,96,62,26,3,50,32,88,7,71"/><U89/><E101/><V40/><F110/><W56/><G129/><N who="0" m="49163" /><D10/><U75/><E77/><V12/><F124/><W37/><G37/><T34/><D34/><U79/><E79/><V46/><F133/><N who="0" m="50698" /><D20/><U45/><E132/><V0/><F99/><W18/><G32/><T64/><D121/><U84/><E126/><V4/><F27/><W118/><G118/><T128/><N who="0" m="49171" /><T97/><DORA hai="127" /><D61/><U115/><E115/><N who="2" m="44043" /><F6/><W28/><G28/><T54/><D54/><U49/><E11/><N who="2" m="6559" /><F52/><W76/><G26/><T9/><D64/><U13/><E13/><N who="2" m="5255" /><F60/><W63/><G62/><T125/><D9/><U105/><E117/><V22/><F22/><W25/><G25/><T59/><D125/><U39/><E119/><V67/><F67/><W82/><G63/><T43/><D43/><U53/><E42/><V100/><F100/><W72/><G7/><T24/><D24/><U93/><E53/><V44/><F44/><W116/><G5/><T86/><D59/><U17/><E57/><V85/><F85/><W120/><G56/><T33/><D33/><U106/><E17/><V41/><F41/><W36/><G18/><T1/><D73/><U68/><E75/><V21/><F21/><W29/><G72/><T80/><D1/><U65/><E74/><V91/><F91/><W87/><G3/><T30/><D30/><U55/><E89/><V95/><F95/><AGARI ba="0,0" hai="80,86,90,94,95,97,103,104" m="50698,49171" machi="95" ten="50,16000,3" yaku="19,1,20,1,34,2,52,4" doraHai="66,127" who="0" fromWho="2" sc="250,160,240,0,260,-160,250,0" /><INIT seed="2,0,0,2,3,19" ten="410,240,100,250" oya="2" hai0="21,100,33,102,105,25,26,47,103,73,18,34,116" hai1="122,23,109,3,92,78,133,1,85,129,113,43,44" hai2="91,55,130,24,29,2,35,77,17,76,32,69,97" hai3="11,68,53,106,121,54,65,123,70,9,8,4,59"/><V36/><F130/><W39/><G106/><T104/><D73/><U30/><E113/><V108/><F69/><N who="3" m="26731" /><G59/><T101/><D116/><U96/><E129/><V28/><F36/><W49/><G39/><T5/><D5/><U56/><E109/><V119/><F119/><W72/><G49/><T90/><D47/><U14/><E133/><V86/><F108/><W128/><G128/><T82/><D25/><U131/><E122/><N who="3" m="46602" /><G72/><T99/><REACH who="0" step="1"/><D105/><REACH who="0" ten="400,240,100,250" step="2"/><U95/><E131/><V12/><F2/><W16/><G4/><T66/><D66/><U52/><E1/><V63/><F97/><W37/><G65/><T124/><D124/><U94/><E96/><V89/><F35/><W58/><G58/><T27/><D27/><U88/><E56/><V64/><F29/><W74/><G74/><T83/><D83/><U84/><E30/><V42/><F28/><W80/><G80/><T112/><D112/><U31/><E31/><V7/><F24/><W134/><G134/><T120/><D120/><U114/><E44/><V38/><F32/><W48/><G16/><T117/><D117/><U126/><E126/><V81/><F7/><W93/><G93/><T61/><D61/><U79/><E95/><V110/><F110/><W41/><G41/><T60/><D60/><U132/><E94/><V62/><F64/><W51/><G37/><T115/><D115/><U71/><E43/><V40/><F63/><W87/><G51/><T107/><D107/><U57/><E132/><V45/><F40/><W10/><G48/><T135/><D135/><U75/><E114/><V22/><F77/><RYUUKYOKU ba="0,1" sc="400,15,240,-15,100,15,250,-15" hai0="18,21,26,33,34,82,90,99,100,101,102,103,104" hai2="12,17,22,38,42,45,55,62,76,81,86,89,91" /><INIT seed="2,1,1,1,2,119" ten="415,225,115,235" oya="2" hai0="50,91,25,110,35,17,108,124,95,135,45,79,89" hai1="134,133,126,99,132,44,14,128,122,39,32,24,77" hai2="12,42,74,103,100,97,33,115,0,85,121,80,49" hai3="130,76,60,105,55,27,63,101,1,62,118,123,22"/><V11/><F115/><W78/><G1/><T6/><D135/><U117/><E117/><V7/><F74/><W131/><G118/><T28/><D124/><U4/><E77/><N who="3" m="29802" /><G101/><T46/><D6/><U90/><E99/><V19/><F33/><W107/><G55/><T48/><D79/><U38/><E90/><N who="2" m="51495" /><F121/><W40/><G40/><N who="0" m="24615" /><D17/><U98/><E98/><V69/><F69/><W30/><G123/><T71/><D95/><U83/><E83/><V66/><F66/><W73/><G73/><T120/><D120/><U20/><E122/><V93/><F0/><W18/><G18/><T70/><D70/><U58/><E32/><V65/><F65/><W53/><G53/><N who="0" m="29911" /><D71/><U116/><E116/><V75/><F75/><W68/><G68/><T72/><D72/><U92/><E126/><V125/><F125/><W67/><G67/><T13/><D35/><U36/><E36/><V111/><F111/><W29/><G30/><T31/><D110/><U86/><E39/><V8/><F8/><W10/><G10/><T21/><D31/><U106/><E38/><V2/><F2/><W52/><G52/><T43/><D108/><U94/><E134/><V113/><F113/><W41/><G41/><T64/><D43/><U61/><E133/><V114/><F114/><W87/><G107/><T51/><D64/><U57/><E106/><V82/><F82/><W129/><G105/><T56/><D28/><U37/><E37/><V16/><F100/><W9/><G9/><T3/><D3/><U96/><E132/><V54/><F42/><W26/><G87/><T102/><D102/><RYUUKYOKU ba="1,1" sc="415,-15,225,-15,115,15,235,15" hai2="7,11,12,16,19,49,54,93,97,103" hai3="22,26,27,29,60,62,63,129,130,131" /><INIT seed="2,2,1,3,5,129" ten="400,210,130,250" oya="2" hai0="85,87,104,44,53,19,93,70,122,100,15,27,31" hai1="128,54,22,130,13,127,16,49,117,96,2,111,30" hai2="48,0,116,55,7,17,63,126,62,92,94,35,72" hai3="45,78,57,103,74,50,108,8,33,68,26,115,12"/><V34/><F116/><W114/><G68/><T112/><D70/><U98/><E117/><V91/><F72/><W81/><G103/><T61/><D112/><N who="3" m="43049" /><G108/><T18/><D122/><U135/><E111/><V132/><F126/><W86/><G57/><T83/><D104/><U20/><E2/><V24/><F94/><W40/><G74/><T109/><D109/><U107/><E127/><V95/><F95/><W67/><G67/><T124/><D124/><U11/><E135/><V21/><F0/><W6/><G26/><T32/><D100/><U106/><E106/><V89/><F7/><W66/><G66/><T65/><D93/><U9/><E22/><V36/><F36/><W42/><G42/><T25/><D25/><N who="1" m="16679" /><E9/><V76/><F76/><W105/><G105/><T3/><D3/><U99/><E107/><V75/><F75/><W133/><G33/><T38/><D38/><U97/><E97/><V4/><F4/><W88/><G78/><T52/><D87/><U102/><E102/><V69/><F91/><W51/><G51/><T110/><D110/><U56/><E130/><V60/><F69/><W77/><G77/><T71/><D71/><U131/><E131/><V73/><F73/><W14/><G14/><T23/><D15/><U125/><E125/><V41/><F41/><W80/><G81/><T39/><D83/><U1/><E1/><V79/><F79/><W118/><G118/><T119/><D119/><U113/><E113/><V121/><F121/><W84/><G86/><T47/><D85/><U37/><E128/><V43/><F34/><W29/><G29/><RYUUKYOKU ba="2,1" sc="400,-15,210,15,130,-15,250,15" hai1="11,13,16,37,49,54,56,96,98,99" hai3="6,8,12,40,45,50,80,84,88,133" /><INIT seed="3,3,1,5,3,69" ten="385,225,115,265" oya="3" hai0="44,37,20,42,21,19,84,104,125,121,89,96,33" hai1="78,119,124,58,31,108,77,39,43,87,116,92,6" hai2="82,129,74,134,50,40,49,71,135,83,105,54,132" hai3="88,29,3,13,48,1,75,95,111,32,67,64,59"/><W76/><G3/><T24/><D121/><U91/><E108/><V18/><F105/><W106/><G1/><T47/><D125/><U60/><E124/><V25/><F129/><W51/><G106/><T56/><D56/><U97/><E6/><V85/><F74/><W5/><G111/><T127/><D127/><U80/><E31/><V62/><F83/><W131/><G131/><T30/><D47/><U27/><E27/><V2/><F2/><W26/><G76/><T22/><D96/><U8/><E8/><V79/><F40/><W14/><G75/><T12/><REACH who="0" step="1"/><D104/><REACH who="0" ten="375,225,115,265" step="2"/><U46/><REACH who="1" step="1"/><E78/><REACH who="1" ten="375,215,115,265" step="2"/><V103/><F135/><W16/><G5/><T128/><D128/><U70/><E70/><V0/><F134/><W101/><G59/><T112/><D112/><U90/><E90/><V63/><F132/><W66/><G88/><T72/><D72/><U55/><AGARI ba="3,3" hai="39,43,46,55,58,60,77,80,87,91,92,97,116,119" machi="55" ten="30,4000,0" yaku="1,1,0,1,52,1,53,0" doraHai="69" doraHaiUra="98" who="1" fromWho="1" sc="375,-13,215,79,115,-13,265,-23" /><INIT seed="4,0,0,1,1,15" ten="362,294,102,242" oya="0" hai0="82,46,8,135,41,20,107,4,59,131,123,53,27" hai1="5,61,47,87,121,63,75,50,84,35,55,31,14" hai2="68,93,29,23,71,52,133,69,62,94,42,89,11" hai3="86,70,92,103,43,67,115,17,91,127,81,105,22"/><T30/><D123/><U37/><E75/><V36/><F133/><W12/><G127/><T88/><D135/><U128/><E121/><V33/><F33/><W34/><G34/><T49/><D107/><U106/><E106/><V51/><F11/><W96/><G115/><T45/><D131/><U16/><E37/><V109/><F109/><W111/><G111/><T98/><D41/><U130/><E5/><V99/><F93/><W116/><G116/><T110/><D110/><U129/><E31/><V77/><F77/><W119/><G119/><T39/><D39/><U108/><E35/><V76/><F76/><W72/><G43/><T97/><D97/><U80/><E108/><V44/><F29/><W56/><G70/><T101/><D101/><U132/><E132/><V122/><F122/><W32/><G32/><T58/><D45/><U40/><E40/><V6/><F6/><W0/><G0/><T100/><D100/><U112/><E112/><V79/><F79/><N who="3" m="44263" /><G56/><T38/><D38/><U85/><E80/><V134/><F23/><AGARI ba="0,0" hai="14,16,23,47,50,55,61,63,84,85,87,128,129,130" machi="23" ten="50,6400,0" yaku="19,1,52,1,54,1" doraHai="15" who="1" fromWho="2" sc="362,0,294,64,102,-64,242,0" /><INIT seed="5,0,0,0,2,25" ten="362,358,38,242" oya="1" hai0="119,71,33,97,127,116,104,30,3,35,131,108,70" hai1="67,26,112,69,79,8,111,58,49,115,37,87,126" hai2="0,31,84,32,114,98,41,95,94,68,93,62,57" hai3="86,128,83,51,130,23,14,43,109,48,91,96,118"/><U66/><E37/><V11/><F68/><W50/><G109/><T122/><D30/><U15/><E111/><V80/><F114/><W82/><G118/><T129/><D97/><U7/><E69/><N who="0" m="26121" /><D108/><U29/><E126/><V121/><F121/><W64/><G64/><T6/><D6/><U59/><E67/><V73/><F73/><W63/><G63/><T89/><D89/><U10/><E66/><V46/><F0/><W124/><G124/><T81/><D81/><N who="1" m="47551" /><E49/><V123/><F123/><W44/><G83/><T55/><D55/><U19/><E10/><V28/><F11/><W18/><REACH who="3" step="1"/><G96/><REACH who="3" ten="362,358,38,232" step="2"/><T100/><D127/><U17/><E115/><V74/><F74/><W4/><G4/><T132/><D122/><U99/><E99/><V24/><F98/><W13/><G13/><T92/><D116/><U1/><E112/><V134/><F134/><W20/><G20/><T47/><D132/><U34/><E1/><V117/><F117/><W56/><G56/><T110/><D3/><U9/><E7/><V42/><F46/><W5/><G5/><T65/><D47/><U133/><E133/><V2/><F2/><W113/><G113/><T76/><D65/><U88/><E8/><V54/><REACH who="2" step="1"/><F31/><REACH who="2" ten="362,358,28,232" step="2"/><W102/><G102/><T60/><D100/><U36/><E9/><V101/><F101/><W52/><G52/><T107/><D110/><U40/><E29/><V53/><F53/><W105/><G105/><T45/><D104/><U120/><E120/><V90/><AGARI ba="0,2" hai="24,28,32,41,42,54,57,62,80,84,90,93,94,95" machi="90" ten="30,7900,0" yaku="1,1,0,1,52,1,53,1" doraHai="25" doraHaiUra="22" who="2" fromWho="2" sc="362,-20,358,-39,28,99,232,-20" /><INIT seed="6,0,0,4,1,101" ten="342,319,127,212" oya="2" hai0="78,54,90,117,27,122,42,130,20,35,81,57,10" hai1="52,18,132,79,92,88,91,131,87,13,9,55,66" hai2="37,127,112,49,41,5,125,28,25,85,100,89,110" hai3="93,103,105,120,14,3,72,6,8,109,133,134,75"/><V80/><F37/><W83/><G109/><T59/><D122/><U26/><E132/><N who="3" m="50794" /><G120/><T123/><D35/><U115/><E115/><V106/><F112/><W4/><G93/><T76/><D130/><U22/><E131/><V99/><F110/><W86/><G4/><T53/><D42/><U69/><E79/><V116/><F116/><W46/><G46/><T32/><D32/><U67/><E91/><V29/><F5/><W40/><G40/><T102/><D102/><U33/><E33/><V74/><F74/><W21/><G21/><T95/><D10/><U11/><E11/><V44/><REACH who="2" step="1"/><F25/><REACH who="2" ten="342,319,117,212" step="2"/><W77/><G3/><T19/><D27/><U96/><E69/><V30/><AGARI ba="0,1" hai="28,29,30,41,44,49,80,85,89,99,100,106,125,127" machi="30" ten="30,11700,0" yaku="1,1,2,1,0,1,52,1,53,0" doraHai="101" doraHaiUra="56" who="2" fromWho="2" sc="342,-39,319,-39,117,127,212,-39" /><INIT seed="6,1,0,5,0,81" ten="303,280,244,173" oya="2" hai0="34,96,53,120,41,54,110,70,74,103,6,133,98" hai1="111,49,83,15,100,63,131,48,16,22,108,30,26" hai2="38,13,119,14,115,61,99,118,65,57,19,33,56" hai3="127,23,52,25,59,109,73,102,95,79,132,1,50"/><V84/><F33/><W123/><G123/><T122/><D110/><U82/><E131/><V114/><F38/><W97/><G109/><T3/><D34/><U12/><E83/><V125/><F99/><W121/><G121/><T71/><D74/><U27/><E100/><V88/><F125/><W55/><G1/><T21/><D21/><U64/><E12/><V69/><F69/><W29/><G127/><T90/><D90/><U130/><E130/><V0/><F0/><W35/><G132/><T93/><D3/><U51/><E82/><N who="2" m="49175" /><F57/><W68/><G68/><T104/><D41/><U126/><E126/><V28/><F28/><W40/><G40/><T91/><D133/><U66/><E27/><V42/><F42/><W86/><G73/><T113/><D122/><U107/><E107/><V124/><F124/><W85/><G79/><T9/><D120/><U37/><E37/><V94/><F94/><W5/><G5/><T11/><D70/><U8/><E111/><V2/><F14/><W31/><G29/><T24/><D71/><U129/><E129/><V112/><F2/><W32/><G35/><T128/><D128/><U117/><E117/><V7/><F7/><W60/><G32/><T101/><D6/><U58/><E108/><V43/><F43/><W75/><G75/><T47/><D93/><U89/><E89/><V116/><F116/><W76/><G76/><T106/><D91/><U4/><E4/><V92/><F92/><W105/><G105/><T72/><D72/><U18/><E30/><V46/><F46/><AGARI ba="1,0" hai="23,25,31,46,50,52,55,59,60,85,86,95,97,102" machi="46" ten="30,8000,1" yaku="7,1,8,1,52,2,54,1" doraHai="81" who="3" fromWho="2" sc="303,0,280,0,244,-83,173,83" /><INIT seed="7,0,0,5,2,45" ten="303,280,161,256" oya="3" hai0="40,122,96,5,87,82,109,36,118,100,53,91,35" hai1="1,29,99,75,50,78,85,123,4,95,47,70,119" hai2="72,0,51,129,69,73,30,9,76,101,15,126,20" hai3="88,49,43,130,105,32,39,46,121,64,13,134,31"/><W23/><G105/><T114/><D118/><U116/><E123/><V92/><F69/><W6/><G121/><T52/><D122/><U107/><E70/><V89/><F0/><W111/><G111/><T67/><D35/><U25/><E75/><V108/><F108/><W125/><G125/><T44/><D114/><U58/><E58/><V10/><F126/><W113/><G113/><T7/><D109/><U63/><E63/><V61/><F129/><W28/><G130/><T112/><D112/><U18/><E18/><V68/><F101/><W8/><G134/><T56/><D53/><U93/><E107/><V60/><F76/><W74/><G74/><T133/><D67/><U38/><E38/><V106/><F106/><W117/><G32/><T79/><D79/><U110/><E4/><V81/><F81/><W124/><G124/><T2/><D2/><U57/><E57/><V42/><F72/><W33/><G33/><T103/><D103/><N who="1" m="60911" /><E1/><V24/><F73/><W59/><G39/><T37/><D133/><U62/><E62/><V80/><F80/><W104/><G104/><T77/><D77/><U71/><E71/><V16/><F10/><W55/><G117/><N who="1" m="45130" /><E110/><V3/><F3/><W97/><G64/><T26/><D36/><U120/><E78/><V34/><F34/><W65/><G23/><T83/><D37/><U132/><E132/><V11/><F11/><W54/><G65/><T131/><D131/><U102/><E120/><V94/><F68/><W19/><G6/><T22/><D5/><U41/><E102/><V98/><F94/><N who="3" m="56519" /><G59/><T27/><D7/><RYUUKYOKU ba="0,0" sc="303,-15,280,-15,161,15,256,15" hai2="9,15,16,20,24,30,42,51,60,61,89,92,98" hai3="8,13,19,28,31,43,46,49,54,55" /><INIT seed="7,1,0,4,2,6" ten="288,265,176,271" oya="3" hai0="78,107,126,36,39,100,120,90,93,46,10,41,109" hai1="95,103,87,98,48,61,129,18,56,125,58,60,38" hai2="115,105,86,65,32,110,28,51,111,40,76,8,24" hai3="16,43,15,112,102,108,85,68,54,34,62,20,94"/><W81/><G34/><T83/><D120/><U7/><E38/><V116/><F116/><W99/><G112/><T63/><D109/><U45/><E125/><V70/><F115/><W21/><G108/><T77/><D107/><U104/><E129/><V67/><F105/><W122/><G122/><T30/><D100/><U75/><E75/><V5/><F111/><W119/><G119/><T64/><D30/><U121/><E121/><V25/><F70/><W23/><G43/><T17/><D126/><U4/><E18/><V26/><F110/><W91/><G68/><T73/><D78/><U22/><E22/><V113/><F113/><W50/><G62/><N who="1" m="24170" /><E87/><V101/><F101/><W29/><G29/><T69/><D36/><U27/><E27/><V97/><F97/><W9/><G23/><T31/><D31/><U11/><E104/><V53/><F40/><W84/><G85/><T74/><D74/><U135/><E135/><V57/><F28/><W0/><G0/><T33/><D33/><U106/><E106/><V89/><F76/><W55/><G55/><T3/><D3/><U47/><E47/><AGARI ba="1,0" hai="9,15,16,20,21,47,50,54,81,84,91,94,99,102" machi="47" ten="30,18000,2" yaku="7,1,25,2,8,1,52,1,54,1" doraHai="6" who="3" fromWho="1" sc="288,0,265,-183,176,0,271,183" owari="288,9.0,82,-42.0,176,-22.0,454,55.0" /></mjloggm>