<mjloggm ver="2.3"><GO type="169" lobby="0"/><UN n0="%E5%A4%A7%E8%BE%BB" n1="%E3%81%A7%E3%82%93%E3%81%A4%E3%81%86" n2="%E3%81%9F%E3%81%A3%E3%81%B4%E3%83%BC" n3="%E3%82%82%E3%82%8A%E3%81%96%E3%81%AD" dan="16,16,16,16" rate="2092.75,2134.49,2140.46,2136.58" sx="M,M,M,M"/><TAIKYOKU oya="0"/><INIT seed="0,0,0,2,1,45" ten="250,250,250,250" oya="0" hai0="110,20,29,48,123,121,130,31,40,84,91,102,67" hai1="43,92,107,128,96,49,46,5,71,15,17,112,38" hai2="117,99,62,27,14,133,55,74,77,10,57,85,124" hai3="88,120,33,63,80,26,58,3,89,19,90,122,114"/><T98/><D130/><U131/><E71/><V13/><F117/><W30/><G114/><T34/><D34/><U53/><E107/><V134/><F74/><W132/><G132/><N who="2" m="50793" /><F27/><W100/><G3/><T44/><D67/><U22/><E112/><V59/><F99/><W103/><G19/><T68/><D68/><U135/><E135/><V79/><F124/><W36/><G36/><T129/><D110/><U65/><E65/><V105/><F105/><W47/><G47/><T9/><D9/><U7/><E53/><V69/><F69/><W78/><G103/><T93/><D129/><N who="1" m="49739" /><E38/><V18/><F57/><W72/><REACH who="3" step="1"/><G100/><AGARI ba="0,0" hai="5,7,15,17,22,43,46,49,92,96,100" m="49739" machi="100" ten="30,2000,0" yaku="19,1,52,1" doraHai="45" who="1" fromWho="3" sc="250,0,250,20,250,0,250,-20" /><INIT seed="1,0,0,1,1,93" ten="250,270,250,230" oya="1" hai0="20,27,46,85,32,132,57,25,4,128,34,77,100" hai1="108,64,135,99,62,73,104,117,91,70,7,119,48" hai2="87,101,124,69,115,98,28,80,17,129,35,102,29" hai3="31,16,44,112,111,75,55,14,81,78,84,89,74"/><U39/><E39/><V10/><F69/><W40/><G112/><T110/><D132/><U52/><E135/><V38/><F38/><W6/><G111/><T76/><D128/><U8/><E73/><V134/><F134/><W53/><G31/><T107/><D4/><U61/><E61/><V95/><F115/><W94/><G6/><T109/><D46/><U114/><E114/><V50/><F124/><W45/><G74/><T51/><D51/><U19/><E19/><V65/><F65/><W37/><REACH who="3" step="1"/><G44/><REACH who="3" ten="250,270,250,220" step="2"/><T96/><D34/><U92/><E108/><N who="0" m="41577" /><D85/><U18/><E18/><V88/><F35/><W12/><G12/><T71/><D71/><U130/><E130/><V79/><F129/><W60/><G60/><T49/><D32/><U126/><E126/><V120/><F120/><W59/><G59/><T121/><D121/><U63/><E63/><V72/><F72/><W23/><AGARI ba="0,1" hai="14,16,23,37,40,45,53,55,75,78,81,84,89,94" machi="23" ten="20,5200,0" yaku="1,1,0,1,7,1,54,1,53,0" doraHai="93" doraHaiUra="133" who="3" fromWho="3" sc="250,-13,270,-26,250,-13,220,62" /><INIT seed="2,0,0,4,1,27" ten="237,244,237,282" oya="2" hai0="71,48,3,122,116,37,73,10,83,81,0,17,43" hai1="78,132,47,88,64,66,91,125,121,102,67,19,128" hai2="114,99,51,34,127,97,108,58,4,59,23,118,21" hai3="63,96,86,123,20,68,85,131,54,35,87,44,7"/><V115/><F118/><W72/><G123/><T32/><D71/><U117/><E117/><V110/><F4/><W9/><G35/><T112/><D116/><U55/><E121/><V39/><F34/><W100/><G72/><T33/><D37/><U134/><E128/><V62/><F39/><W70/><G131/><T26/><D122/><U133/><E125/><V14/><F51/><W25/><G44/><T38/><D38/><U40/><E55/><V129/><F129/><W104/><G54/><T50/><D26/><U124/><E124/><V12/><REACH who="2" step="1"/><F62/><REACH who="2" ten="237,244,227,282" step="2"/><W15/><REACH who="3" step="1"/><G63/><REACH who="3" ten="237,244,227,272" step="2"/><T107/><D33/><U93/><E133/><V45/><F45/><W22/><G22/><T42/><D32/><U74/><E132/><V11/><F11/><W52/><G52/><T6/><D10/><U76/><E134/><V31/><F31/><AGARI ba="0,2" hai="7,9,15,20,25,31,68,70,85,86,87,96,100,104" machi="31" ten="40,2600,0" yaku="1,1,52,1,53,0" doraHai="27" doraHaiUra="30" who="3" fromWho="2" sc="237,0,244,0,227,-26,272,46" /><INIT seed="3,0,0,1,4,23" ten="237,244,201,318" oya="3" hai0="61,9,108,115,132,12,46,55,120,2,19,131,123" hai1="4,134,41,18,98,65,126,106,128,112,35,62,72" hai2="16,100,54,116,50,15,49,113,26,82,53,31,66" hai3="6,121,58,30,104,17,74,39,99,135,87,90,78"/><W130/><G121/><T93/><D108/><U102/><E112/><V20/><F116/><W0/><G39/><T60/><D115/><U47/><E134/><V133/><F113/><W79/><G135/><T103/><D132/><U64/><E128/><V28/><F133/><W80/><G130/><T8/><D131/><U127/><E72/><V97/><F66/><W11/><G17/><T37/><D123/><U13/><E4/><V7/><F82/><W77/><G58/><T63/><D37/><U38/><E35/><V89/><F89/><W81/><REACH who="3" step="1"/><G30/><REACH who="3" ten="237,244,201,308" step="2"/><T33/><D120/><U122/><E122/><V105/><F7/><W109/><G109/><T125/><D125/><U129/><E129/><V94/><F31/><W3/><G3/><T44/><D2/><U14/><E18/><V27/><F28/><W22/><G22/><T25/><D8/><U21/><E21/><V69/><F69/><W59/><G59/><T117/><D117/><U119/><E119/><V67/><F67/><W84/><G84/><T118/><D118/><U40/><E64/><V83/><F27/><W57/><G57/><T75/><D33/><U101/><E126/><V107/><F26/><W88/><G88/><T36/><D25/><U48/><E127/><V1/><F1/><W24/><G24/><T96/><D36/><U42/><E38/><V76/><F76/><W85/><G85/><T124/><D75/><U34/><E34/><V111/><F111/><W114/><G114/><T32/><D32/><U43/><E101/><AGARI ba="0,1" hai="0,6,11,74,77,78,79,80,81,87,90,99,101,104" machi="101" ten="40,2000,0" yaku="1,1,53,0" doraHai="23" doraHaiUra="45" who="3" fromWho="1" sc="237,0,244,-20,201,0,308,30" /><INIT seed="3,1,0,1,5,82" ten="237,224,201,338" oya="3" hai0="97,20,76,68,22,16,54,59,66,26,118,128,127" hai1="113,30,110,101,9,50,49,40,64,133,56,90,134" hai2="24,93,39,65,87,53,34,100,74,10,72,32,109" hai3="45,91,8,112,104,84,73,57,102,5,1,41,81"/><W0/><G112/><T83/><D118/><U122/><E113/><V67/><F39/><W4/><G57/><T61/><D128/><U21/><E122/><V28/><F32/><W17/><G17/><T37/><D37/><U36/><E110/><V121/><F109/><W75/><G104/><T78/><D127/><U80/><E101/><V131/><F131/><W130/><G102/><T86/><D97/><U7/><E36/><V48/><F100/><W103/><G103/><T116/><D116/><U25/><E64/><V135/><F135/><N who="1" m="51721" /><E40/><V123/><F10/><W15/><G130/><T77/><REACH who="0" step="1"/><D22/><REACH who="0" ten="227,224,201,338" step="2"/><U119/><E119/><V94/><F121/><W11/><G0/><T35/><D35/><U98/><E98/><V47/><F123/><W99/><G99/><T55/><D55/><U132/><E132/><V124/><F124/><W43/><G43/><T38/><D38/><AGARI ba="1,1" hai="1,4,5,8,11,15,38,41,45,73,75,81,84,91" machi="38" ten="30,2900,0" yaku="7,1,52,1" doraHai="82" who="3" fromWho="0" sc="227,-32,224,0,201,0,338,42" /><INIT seed="3,2,0,3,1,31" ten="195,224,201,380" oya="3" hai0="100,99,110,18,34,76,1,51,96,126,14,103,16" hai1="49,113,88,29,122,7,39,55,62,10,82,4,59" hai2="26,108,2,115,125,21,56,64,75,68,124,87,25" hai3="33,131,3,74,72,77,42,78,48,106,111,27,69"/><W116/><G116/><T63/><D1/><U117/><E39/><V6/><F115/><W24/><G48/><T105/><D126/><N who="2" m="48746" /><F68/><W43/><G106/><T119/><D119/><U47/><E113/><V121/><F75/><W53/><G53/><T98/><D110/><U70/><E122/><V19/><F108/><W54/><G54/><T79/><D34/><U102/><E117/><V20/><F87/><W61/><G111/><T71/><D51/><U89/><E70/><V101/><F101/><W57/><G69/><T135/><D135/><U114/><E114/><V37/><F37/><W81/><G3/><T93/><D99/><U95/><E29/><N who="2" m="17575" /><F56/><W36/><G36/><T112/><D112/><U86/><E102/><V50/><F50/><W46/><G57/><T91/><D91/><U35/><E35/><V23/><F64/><W107/><G33/><T92/><D105/><U120/><E120/><V123/><F23/><W94/><G107/><T67/><D18/><U127/><E10/><AGARI ba="2,0" hai="2,6,10,19,21,26,121,123" m="17575,48746" machi="10" ten="30,3900,0" yaku="18,1,34,2" doraHai="31" who="2" fromWho="1" sc="195,0,224,-45,201,45,380,0" /><AGARI ba="2,0" hai="10,14,16,63,67,71,76,79,92,93,96,98,100,103" machi="10" ten="30,3900,0" yaku="7,1,9,1,54,1" doraHai="31" who="0" fromWho="1" sc="195,39,179,-39,246,0,380,0" /><INIT seed="4,0,0,2,2,43" ten="234,140,246,380" oya="0" hai0="34,89,86,97,62,104,11,134,38,130,127,29,20" hai1="55,32,12,36,42,90,53,37,7,51,66,79,91" hai2="24,64,73,117,8,75,0,59,54,25,56,126,133" hai3="125,101,82,81,39,17,84,103,83,72,114,31,23"/><T27/><D127/><U65/><E32/><V35/><F117/><W108/><G108/><T19/><D134/><U26/><E26/><V69/><F69/><W49/><G125/><T47/><D130/><U106/><E106/><V109/><F109/><W119/><G39/><T2/><D62/><U61/><E79/><V92/><F35/><W10/><G119/><T74/><D74/><U30/><E30/><V1/><F126/><W98/><G72/><T16/><D104/><U93/><E42/><V111/><F92/><W18/><G114/><T110/><D97/><U105/><E105/><V60/><F111/><W115/><G115/><T4/><D110/><U13/><E55/><V28/><F133/><W131/><G84/><T67/><D67/><U85/><E90/><V77/><F77/><W21/><G31/><T96/><D96/><U80/><E93/><V71/><F71/><W87/><G87/><T22/><D22/><N who="3" m="8201" /><G10/><T95/><REACH who="0" step="1"/><D34/><REACH who="0" ten="224,140,246,380" step="2"/><U9/><E65/><V123/><F73/><W44/><G131/><T3/><D3/><U122/><E122/><V48/><F0/><W102/><G98/><T15/><D15/><U118/><E12/><V5/><F75/><W33/><G33/><T129/><D129/><U88/><E118/><V120/><F25/><W107/><G107/><T94/><D94/><U50/><E66/><V63/><F60/><W132/><G132/><T78/><D78/><U40/><E61/><V52/><F64/><W58/><G103/><T46/><D46/><N who="1" m="25927" /><E91/><V45/><F45/><W112/><G44/><T57/><D57/><N who="1" m="32959" /><E88/><V76/><F76/><RYUUKYOKU ba="0,1" sc="224,10,140,10,246,10,380,-30" hai0="2,4,11,16,19,20,27,29,38,47,86,89,95" hai1="7,9,13,36,37,80,85" hai2="1,5,8,24,28,48,52,54,56,59,63,120,123" /><INIT seed="4,1,1,4,5,22" ten="234,150,256,350" oya="0" hai0="21,97,83,89,4,93,44,68,95,30,85,108,72" hai1="38,123,103,46,87,75,55,33,80,70,29,133,64" hai2="130,27,39,134,3,118,132,74,82,25,40,63,41" hai3="15,88,48,19,111,104,24,102,81,125,105,101,13"/><T14/><D68/><U42/><E123/><V79/><F118/><W10/><G111/><T65/><D65/><U23/><E133/><N who="2" m="51307" /><F130/><W73/><G125/><T94/><D108/><U77/><E103/><V69/><F3/><W120/><G120/><T67/><D67/><U86/><E33/><V50/><F39/><W12/><G73/><T121/><D72/><U119/><E119/><V126/><F126/><W9/><G105/><T135/><D135/><U114/><E114/><V34/><F34/><W96/><G48/><T18/><D121/><U66/><E55/><V100/><F100/><N who="3" m="38507" /><G104/><T11/><D44/><U2/><E2/><V36/><F36/><W26/><G13/><T84/><D30/><U117/><E117/><V92/><F92/><N who="3" m="56327" /><G81/><T28/><D28/><U20/><E64/><N who="2" m="41119" /><F50/><W112/><G112/><T109/><D109/><U37/><E37/><V129/><F129/><W59/><G59/><T31/><D31/><U5/><E66/><V76/><F76/><W53/><G53/><T127/><D127/><U8/><E70/><V61/><F61/><W0/><G0/><T115/><D115/><U57/><E57/><V58/><F58/><W1/><G1/><T107/><D107/><U49/><E38/><V45/><F45/><W99/><G99/><T6/><D97/><U32/><E32/><V91/><F91/><W131/><G131/><T106/><D106/><U47/><E47/><V128/><F128/><W16/><AGARI ba="1,1" hai="9,10,12,15,16,19,24,26" m="56327,38507" machi="16" ten="30,8000,1" yaku="8,1,52,2,54,2" doraHai="22" who="3" fromWho="3" sc="234,-41,150,-21,256,-21,350,93" /><INIT seed="5,0,0,5,0,72" ten="193,129,235,443" oya="1" hai0="91,62,110,38,134,11,112,71,22,12,63,81,1" hai1="31,68,36,2,3,126,87,82,93,18,25,78,105" hai2="120,94,8,89,131,84,135,116,27,23,35,39,133" hai3="9,115,118,65,10,66,117,122,64,124,16,70,80"/><U0/><E105/><V20/><F120/><W108/><G108/><T83/><D110/><U46/><E68/><V26/><F116/><N who="3" m="44651" /><G122/><T41/><D134/><N who="2" m="51210" /><F39/><W90/><G115/><T17/><D112/><U14/><E126/><V58/><F8/><N who="3" m="3179" /><G124/><T52/><D38/><U40/><E93/><V48/><F35/><W114/><G114/><T100/><D41/><U102/><E102/><V33/><F33/><W125/><G125/><T30/><D100/><U13/><REACH who="1" step="1"/><E18/><REACH who="1" ten="193,119,235,443" step="2"/><V106/><F106/><W44/><G16/><N who="0" m="8223" /><D71/><U51/><E51/><V45/><F131/><W103/><G103/><T47/><D30/><U128/><E128/><V19/><F19/><W55/><G70/><T50/><D1/><U77/><E77/><V75/><F94/><W98/><G98/><T37/><D37/><U43/><E43/><V54/><F89/><W130/><G130/><T74/><D74/><U28/><E28/><V7/><F75/><W109/><G109/><T132/><D132/><U86/><E86/><V57/><F84/><W96/><G96/><T119/><D119/><U97/><E97/><V4/><F4/><W129/><G129/><T6/><D6/><U34/><AGARI ba="0,1" hai="0,2,3,13,14,25,31,34,36,40,46,78,82,87" machi="34" ten="30,11700,0" yaku="1,1,0,1,52,1,53,1" doraHai="72" doraHaiUra="29" who="1" fromWho="1" sc="193,-39,119,127,235,-39,443,-39" /><INIT seed="5,1,0,3,4,52" ten="154,246,196,404" oya="1" hai0="113,74,88,24,31,3,134,71,66,126,83,40,30" hai1="48,7,98,85,131,67,94,124,127,44,63,32,89" hai2="73,60,135,54,97,36,2,90,95,108,55,79,9" hai3="106,33,19,72,75,105,130,91,103,6,41,53,8"/><U86/><E32/><V15/><F135/><W35/><G91/><T58/><D134/><U87/><E7/><V23/><F36/><W12/><G53/><T114/><D126/><U22/><E131/><V78/><F2/><N who="3" m="87" /><G19/><T120/><D120/><U93/><E22/><V96/><F73/><N who="3" m="28235" /><G12/><T21/><D3/><U100/><E44/><V118/><F108/><W92/><G92/><T119/><D119/><U51/><E51/><V65/><F23/><W47/><G103/><T29/><D71/><U56/><REACH who="1" step="1"/><E48/><REACH who="1" ten="154,236,196,404" step="2"/><V76/><F118/><W102/><G130/><T129/><D129/><U133/><E133/><V99/><F60/><W104/><G102/><T77/><D40/><U38/><E38/><AGARI ba="1,1" hai="33,35,38,41,47,104,105,106" m="28235,87" machi="38" ten="40,2600,0" yaku="33,2" doraHai="52" who="3" fromWho="1" sc="154,0,236,-29,196,0,404,39" /><INIT seed="6,0,0,3,3,48" ten="154,207,196,443" oya="2" hai0="64,0,98,46,131,20,74,121,83,125,29,112,105" hai1="111,106,59,18,128,69,114,135,54,23,94,108,80" hai2="119,7,89,30,42,55,87,14,56,22,109,36,84" hai3="33,9,13,10,39,81,60,51,72,110,103,86,123"/><V115/><F119/><W25/><G110/><T117/><D64/><U102/><E69/><V79/><F115/><W34/><G39/><T104/><D29/><U88/><E114/><V129/><F129/><W67/><G72/><T58/><D58/><U47/><E128/><V57/><F56/><W15/><G103/><T44/><D20/><U17/><E135/><V35/><F35/><W52/><G123/><T107/><D98/><U28/><E106/><V97/><F36/><W91/><G25/><T37/><D83/><U133/><E133/><V92/><F42/><W82/><G82/><T130/><D46/><U45/><E108/><V61/><F79/><W99/><G99/><T78/><D44/><N who="1" m="16971" /><E102/><V76/><F76/><W49/><G81/><T24/><D78/><U71/><E111/><V101/><F109/><W124/><G124/><T113/><D107/><U3/><E3/><V95/><F30/><W2/><G2/><T31/><D31/><U21/><E80/><V120/><F120/><W12/><G86/><T63/><D0/><U127/><E71/><V68/><F68/><W53/><G91/><T65/><D121/><U70/><E127/><V134/><F134/><W77/><G77/><T126/><D74/><U85/><E70/><V16/><F87/><W96/><G96/><T90/><D37/><U26/><E21/><V27/><REACH who="2" step="1"/><F7/><REACH who="2" ten="154,207,186,443" step="2"/><W66/><G33/><T6/><D6/><U1/><E1/><V43/><F43/><W50/><G34/><T38/><D38/><U8/><E8/><N who="3" m="3178" /><G67/><T93/><D126/><U116/><E116/><V100/><F100/><RYUUKYOKU ba="0,1" sc="154,-30,207,10,186,10,443,10" hai1="17,18,23,26,28,54,59,85,88,94" hai2="14,16,22,27,55,57,61,84,89,92,95,97,101" hai3="12,13,15,49,50,51,52,53,60,66" /><INIT seed="6,1,1,3,0,80" ten="124,217,196,453" oya="2" hai0="51,119,114,54,62,133,16,21,74,111,109,66,67" hai1="77,107,18,30,3,87,120,45,100,69,34,118,72" hai2="110,52,117,60,101,44,12,86,36,134,99,49,93" hai3="19,116,126,90,14,64,9,11,129,59,81,53,92"/><V41/><F117/><W42/><G116/><T70/><D114/><U135/><E18/><V94/><F110/><W33/><G33/><T132/><D67/><U46/><E87/><V32/><F32/><W27/><G129/><T128/><D128/><U2/><E45/><V50/><F60/><N who="3" m="37919" /><G126/><T57/><D74/><U95/><E95/><V61/><F61/><W26/><G42/><T112/><D119/><U40/><E69/><V122/><F122/><W89/><G81/><T121/><D112/><U127/><E120/><V125/><F134/><W10/><G53/><T85/><D121/><U8/><E135/><N who="0" m="51785" /><D85/><U82/><E127/><V38/><F12/><AGARI ba="1,1" hai="12,16,21,51,54,57,62,66,70,109,111" m="51785" machi="12" ten="30,2000,0" yaku="20,1,54,1" doraHai="80" who="0" fromWho="2" sc="124,33,217,0,196,-23,453,0" /><INIT seed="7,0,0,2,1,62" ten="157,217,173,453" oya="3" hai0="99,86,76,88,119,13,106,65,57,97,82,80,134" hai1="7,42,11,1,54,92,41,115,21,113,67,52,111" hai2="77,79,90,94,47,26,132,66,63,105,124,89,100" hai3="75,133,70,27,128,32,103,51,14,73,131,4,28"/><W43/><G70/><T17/><D119/><U49/><E67/><V56/><F124/><W122/><G103/><T69/><D69/><U31/><E54/><V125/><F125/><W101/><G101/><T3/><D3/><U50/><E50/><V107/><F107/><W19/><G4/><T18/><D134/><U118/><E92/><V8/><F8/><W22/><G122/><T60/><D106/><U16/><E31/><V96/><F132/><W112/><G133/><T33/><D33/><U6/><E6/><V25/><F47/><N who="3" m="26111" /><G112/><N who="1" m="43082" /><E111/><V93/><F105/><W130/><AGARI ba="0,0" hai="14,19,22,27,28,32,73,75,128,130,131" m="26111" machi="130" ten="30,1500,0" yaku="19,1" doraHai="62" who="3" fromWho="3" sc="157,-5,217,-5,173,-5,453,15" owari="152,-35.0,212,1.0,168,-23.0,468,57.0" /></mjloggm>