<mjloggm ver="2.3"><GO type="169" lobby="0"/><UN n0="%6E%2E%67%2E%73" n1="%E9%BA%BB%E9%9B%80%E3%81%A7%E9%A3%9F%E3%81%88%21" n2="%6B%69%79%6F%70%69%6E" n3="%67%61%70%61%6F" dan="16,18,16,16" rate="2096.65,2220.00,2129.46,2102.99" sx="M,M,M,M"/><TAIKYOKU oya="0"/><INIT seed="0,0,0,3,4,69" ten="250,250,250,250" oya="0" hai0="85,36,59,35,65,50,95,72,92,111,40,129,0" hai1="115,102,15,27,87,128,25,103,54,42,19,62,110" hai2="23,90,4,108,106,74,88,93,70,78,33,20,130" hai3="131,39,58,132,122,6,84,32,49,89,37,61,104"/><T97/><D72/><U51/><E115/><V3/><F33/><W113/><G113/><T1/><D35/><U2/><E2/><V43/><F70/><W79/><G32/><T45/><D129/><U71/><E128/><V7/><F106/><W17/><G131/><T82/><D111/><U73/><E73/><V81/><F108/><W55/><G104/><T10/><D10/><U120/><E120/><V52/><F90/><W121/><G132/><T16/><D95/><U98/><E110/><V13/><F13/><W22/><G6/><T41/><D41/><U57/><E87/><V8/><F7/><W12/><G79/><T75/><D75/><U76/><E76/><V124/><F124/><W28/><G28/><T14/><D65/><U53/><E42/><V109/><F109/><W5/><G5/><T100/><D59/><U11/><E71/><V29/><F29/><W18/><G18/><T31/><D50/><U38/><E38/><N who="3" m="14346" /><G61/><T125/><D125/><U135/><E135/><V47/><F52/><W107/><G107/><T114/><D31/><U44/><E103/><V99/><REACH who="2" step="1"/><F130/><REACH who="2" ten="250,250,240,250" step="2"/><W66/><G66/><T64/><D64/><U60/><E62/><V116/><F116/><W34/><G34/><T46/><D114/><U134/><E134/><V80/><F80/><W63/><G63/><T24/><D24/><U21/><E21/><V56/><F56/><W94/><AGARI ba="0,1" hai="12,17,22,49,55,58,84,89,94,121,122" m="14346" machi="94" ten="30,7900,0" yaku="25,1,52,3" doraHai="69" who="3" fromWho="3" sc="250,-39,250,-20,240,-20,250,89" /><INIT seed="1,0,0,1,5,127" ten="211,230,220,339" oya="1" hai0="89,27,56,12,105,85,76,10,83,79,53,26,96" hai1="115,99,116,8,109,58,40,20,114,41,74,45,108" hai2="21,86,31,29,119,52,124,15,82,130,101,97,7" hai3="2,1,48,16,19,92,123,75,51,17,106,93,103"/><U78/><E116/><V32/><F32/><W39/><G39/><T42/><D42/><U60/><E8/><N who="2" m="4511" /><F21/><W3/><G75/><T24/><D105/><U131/><E20/><V46/><F119/><W126/><G126/><T71/><D71/><U121/><E121/><V11/><F11/><W34/><G34/><T122/><D122/><U59/><E99/><V104/><F104/><W134/><G123/><T5/><REACH who="0" step="1"/><D96/><REACH who="0" ten="201,230,220,339" step="2"/><U25/><E41/><V118/><F118/><W38/><G38/><T111/><D111/><U112/><E108/><V81/><F97/><W0/><G106/><T110/><D110/><U43/><E43/><V84/><F124/><W98/><G134/><T62/><AGARI ba="0,1" hai="5,10,12,24,26,27,53,56,62,76,79,83,85,89" machi="62" ten="30,4000,0" yaku="1,1,0,1,8,1,53,0" doraHai="127" doraHaiUra="66" who="0" fromWho="0" sc="201,50,230,-20,220,-10,339,-10" /><INIT seed="2,0,0,1,1,63" ten="251,210,210,329" oya="2" hai0="50,103,115,21,99,113,51,77,27,109,117,68,122" hai1="135,96,89,64,132,44,76,30,114,43,1,40,10" hai2="54,106,56,65,47,125,4,129,28,5,80,91,52" hai3="78,13,14,83,73,37,94,123,46,81,97,38,41"/><V61/><F106/><W7/><G123/><T45/><D122/><U57/><E114/><V118/><F118/><W20/><G83/><T39/><D117/><U36/><E43/><V130/><F125/><W131/><G131/><N who="2" m="50185" /><F28/><W87/><G87/><T31/><D77/><U119/><E119/><V75/><F47/><W33/><G33/><T108/><D68/><U74/><E30/><V126/><F126/><W90/><G38/><T22/><D22/><U48/><E76/><N who="2" m="44063" /><F91/><W112/><G112/><T35/><D21/><U32/><E32/><V42/><F42/><W82/><G82/><T8/><D8/><U72/><E89/><V34/><F34/><W70/><G70/><T60/><D39/><U128/><E96/><V12/><F12/><W102/><G20/><T11/><D11/><U19/><E128/><V18/><F18/><W24/><G24/><T0/><D0/><U86/><E86/><V105/><F105/><W2/><REACH who="3" step="1"/><G102/><REACH who="3" ten="251,210,210,319" step="2"/><T9/><D115/><U6/><E36/><V133/><F133/><N who="1" m="51273" /><E19/><V111/><F111/><W93/><G93/><T100/><D113/><U101/><E101/><V104/><F104/><W26/><G26/><T17/><D103/><U69/><E69/><V23/><F23/><W95/><G95/><T55/><D109/><U116/><E116/><V124/><F124/><W127/><G127/><T71/><D108/><U62/><AGARI ba="0,1" hai="1,6,10,40,44,48,57,62,64,72,74" m="51273" machi="62" ten="30,2000,0" yaku="20,1,52,1" doraHai="63" who="1" fromWho="1" sc="251,-5,210,30,210,-10,319,-5" /><INIT seed="3,0,0,1,1,39" ten="246,240,200,314" oya="3" hai0="65,62,119,102,7,28,107,24,13,12,85,73,32" hai1="116,108,54,1,21,68,45,110,22,113,100,81,30" hai2="57,14,97,26,79,16,17,93,99,130,50,3,4" hai3="126,41,44,40,46,0,27,8,90,51,103,60,37"/><W118/><G118/><T111/><D119/><U95/><E116/><V70/><F70/><W6/><G126/><T128/><D128/><U63/><E113/><V23/><F130/><W15/><G103/><T135/><D135/><U58/><E1/><V82/><F3/><W61/><G0/><T83/><D73/><U49/><E68/><V5/><F57/><W52/><G90/><T20/><D111/><N who="1" m="42539" /><E30/><V53/><F53/><W98/><G98/><T96/><D7/><U121/><E121/><V124/><F99/><W123/><G123/><T71/><REACH who="0" step="1"/><D20/><REACH who="0" ten="236,240,200,314" step="2"/><U64/><E22/><V2/><F5/><W25/><REACH who="3" step="1"/><G40/><REACH who="3" ten="236,240,200,304" step="2"/><T109/><D109/><U88/><E21/><V94/><F23/><W19/><G19/><T91/><AGARI ba="0,2" hai="12,13,24,28,32,62,65,71,83,85,91,96,102,107" machi="91" ten="20,12000,2" yaku="1,1,0,1,7,1,25,2,53,2" doraHai="39" doraHaiUra="10" who="0" fromWho="0" sc="236,140,240,-30,200,-30,304,-60" /><INIT seed="4,0,0,4,1,53" ten="376,210,170,244" oya="0" hai0="76,49,131,33,96,27,29,68,110,42,73,47,50" hai1="35,130,61,91,114,95,26,109,101,57,11,64,118" hai2="4,63,104,7,115,23,87,5,44,135,82,65,103" hai3="126,97,60,74,37,2,75,16,122,52,107,43,70"/><T36/><D68/><U18/><E109/><V45/><F104/><W133/><G133/><T123/><D123/><U105/><E118/><V86/><F135/><W125/><G2/><T32/><D110/><U21/><E130/><V34/><F34/><W88/><G122/><T93/><D131/><U77/><E35/><V80/><F103/><N who="3" m="62959" /><G37/><T116/><D116/><U100/><E105/><V120/><F23/><W132/><G43/><T6/><D6/><U46/><E77/><V28/><F28/><W111/><G111/><T41/><D32/><U134/><E134/><V79/><F120/><W129/><G132/><T81/><REACH who="0" step="1"/><D42/><REACH who="0" ten="366,210,170,244" step="2"/><U121/><E121/><V83/><F115/><W66/><G129/><T94/><D94/><U48/><E114/><V92/><F92/><W99/><G70/><T62/><D62/><U19/><E95/><V25/><F83/><W55/><G60/><T78/><D78/><U30/><E91/><AGARI ba="0,1" hai="27,29,33,36,41,47,49,50,73,76,81,91,93,96" machi="91" ten="30,2900,0" yaku="1,1,7,1,53,0" doraHai="53" doraHaiUra="54" who="0" fromWho="1" sc="366,39,210,-29,170,0,244,0" /><INIT seed="4,1,0,4,3,33" ten="405,181,170,244" oya="0" hai0="88,83,76,127,19,17,13,35,43,7,66,118,64" hai1="89,22,10,109,105,98,55,38,82,32,2,5,45" hai2="132,84,60,68,4,129,18,106,73,126,104,26,93" hai3="121,39,58,99,20,123,119,8,36,56,131,24,47"/><T15/><D35/><U3/><E32/><V44/><F18/><W113/><G119/><T125/><D118/><U134/><E109/><V94/><F26/><W49/><G131/><T92/><D43/><U11/><E134/><V52/><F52/><N who="3" m="29759" /><G99/><T30/><D30/><U29/><E22/><V46/><F84/><W51/><G8/><T16/><D7/><U97/><E29/><V0/><F60/><W112/><G20/><T42/><D42/><U71/><E71/><V62/><F62/><W108/><G24/><T96/><D13/><U40/><E55/><V114/><F73/><W57/><G51/><T14/><D14/><U107/><E97/><V41/><F41/><W59/><N who="3" m="14336" /><DORA hai="31" /><W111/><G111/><T12/><D12/><U27/><E27/><V86/><F68/><W77/><G77/><T61/><D15/><U130/><E130/><V9/><F129/><W25/><G25/><T79/><D79/><U103/><E89/><V1/><F9/><W65/><G65/><T72/><REACH who="0" step="1"/><D66/><REACH who="0" ten="395,181,170,244" step="2"/><U133/><E40/><V28/><F28/><W81/><G108/><T63/><D63/><U54/><E5/><V110/><F4/><W78/><G36/><T48/><D48/><U37/><E38/><V80/><F110/><W90/><G39/><T100/><D100/><U69/><E103/><V87/><F132/><W21/><G78/><T124/><D124/><U117/><E133/><V128/><F128/><W91/><G21/><T67/><D67/><U95/><E37/><V122/><F126/><W116/><G116/><T102/><D102/><U50/><E117/><RYUUKYOKU ba="1,1" sc="395,30,181,-10,170,-10,244,-10" hai0="16,17,19,61,64,72,76,83,88,92,96,125,127" /><INIT seed="4,2,1,3,3,111" ten="425,171,160,234" oya="0" hai0="101,51,15,19,121,135,126,94,53,22,41,43,40" hai1="73,118,8,117,55,68,81,12,124,66,105,113,84" hai2="17,90,79,49,2,115,83,35,4,47,106,80,85" hai3="31,103,38,86,7,33,56,69,74,11,125,100,26"/><T67/><D121/><U122/><E122/><V21/><F106/><W1/><G125/><T120/><D120/><U9/><E105/><V132/><F35/><W37/><G69/><T23/><D126/><U6/><E124/><V109/><F132/><W112/><G112/><T114/><D135/><U13/><E73/><V25/><F109/><W24/><G74/><T87/><D67/><U46/><E113/><V88/><F115/><W78/><G26/><T98/><D87/><U57/><E46/><V60/><F2/><W30/><G30/><T59/><REACH who="0" step="1"/><D114/><REACH who="0" ten="415,171,160,234" step="2"/><U20/><E66/><V93/><F85/><W92/><G86/><T54/><D54/><U130/><E130/><V10/><F83/><W64/><G64/><T131/><D131/><U128/><E128/><V127/><F127/><W134/><G134/><T123/><D123/><U61/><E68/><V71/><F80/><W76/><G78/><T42/><N who="0" m="10240" /><DORA hai="32" /><T96/><D96/><U89/><E117/><V82/><F82/><W50/><G76/><T72/><D72/><U34/><E118/><V62/><F79/><W77/><G77/><T39/><D39/><U65/><E65/><V0/><F71/><W45/><G38/><T5/><D5/><U52/><E55/><V97/><F90/><W3/><G37/><T133/><D133/><U104/><E89/><V95/><F95/><W116/><G92/><T36/><D36/><U29/><E81/><V119/><F119/><W16/><G116/><T129/><D129/><U108/><E84/><V102/><F88/><W27/><G7/><T14/><D14/><RYUUKYOKU ba="2,2" sc="415,15,171,-15,160,15,234,-15" hai0="15,19,22,23,51,53,59,94,98,101" hai2="0,4,10,17,21,25,47,49,60,62,93,97,102" /><INIT seed="4,3,2,2,1,116" ten="430,156,175,219" oya="0" hai0="1,134,64,96,129,67,40,131,68,34,121,57,39" hai1="99,111,8,92,78,101,48,84,133,42,27,59,41" hai2="29,74,0,104,72,83,86,89,128,63,17,33,53" hai3="56,28,38,5,23,73,125,70,120,4,75,37,114"/><T20/><D1/><U50/><E111/><V130/><F0/><W19/><G70/><T30/><D34/><U85/><E133/><V9/><F104/><W107/><G107/><T31/><D68/><U16/><E78/><V113/><F29/><W15/><G114/><T93/><D134/><U36/><E36/><V132/><F33/><W90/><G125/><T88/><D39/><U119/><E119/><V60/><F113/><W47/><G38/><T2/><D2/><U98/><E98/><V95/><F132/><W94/><G28/><N who="0" m="10795" /><D40/><N who="1" m="15467" /><E59/><N who="2" m="34927" /><F63/><W115/><G47/><T24/><D57/><U79/><E79/><V35/><F35/><W69/><G69/><T46/><D46/><U108/><E108/><V12/><F83/><W106/><G106/><T135/><D135/><U123/><E123/><V51/><F51/><N who="1" m="19497" /><E8/><V66/><F66/><W26/><G37/><T126/><D126/><U118/><E118/><V117/><F117/><W32/><G115/><T103/><D103/><U54/><E54/><V13/><F12/><W10/><G120/><T6/><D6/><N who="3" m="2665" /><G32/><T91/><D91/><U65/><E65/><V87/><F74/><W58/><G75/><T45/><D45/><U124/><E124/><V110/><F72/><W105/><G73/><T21/><D121/><U100/><E101/><V7/><F110/><W76/><G76/><T80/><D64/><U62/><E62/><V81/><F7/><N who="3" m="3551" /><G105/><T43/><D67/><U22/><AGARI ba="3,2" hai="16,22,27,84,85,92,99,100" m="19497,15467" machi="22" ten="30,2000,0" yaku="8,1,54,1" doraHai="116" who="1" fromWho="1" sc="430,-13,156,49,175,-8,219,-8" /><INIT seed="5,0,0,2,4,32" ten="417,205,167,211" oya="1" hai0="95,98,29,65,92,58,27,37,132,108,55,30,7" hai1="3,18,111,16,33,120,75,96,121,82,106,70,118" hai2="80,8,74,52,38,103,107,123,10,25,83,119,42" hai3="56,2,40,6,9,26,60,110,62,79,122,135,100"/><U114/><RYUUKYOKU type="yao9" ba="0,0" sc="417,0,205,0,167,0,211,0" hai1="3,16,18,33,70,75,82,96,106,111,114,118,120,121" /><INIT seed="5,1,0,0,0,81" ten="417,205,167,211" oya="1" hai0="59,124,52,27,131,118,46,107,133,119,49,42,29" hai1="8,39,18,11,57,103,115,24,45,96,95,7,38" hai2="86,65,30,93,105,15,41,112,60,98,75,22,33" hai3="43,111,66,84,51,0,74,20,130,116,117,64,90"/><U94/><E115/><V50/><F75/><W135/><G111/><T26/><D107/><U82/><E57/><V100/><F112/><W83/><G130/><T109/><D109/><U69/><E69/><V35/><F41/><W62/><G0/><T72/><D72/><U17/><E11/><V9/><F50/><W1/><G1/><T123/><D131/><U2/><E95/><V61/><F22/><W91/><G74/><T67/><D27/><U28/><E82/><V114/><F61/><W88/><G66/><T79/><D79/><U54/><E54/><V71/><F114/><W113/><G20/><T40/><D26/><U5/><E5/><V68/><F30/><W129/><G135/><T53/><D29/><U89/><E103/><V6/><REACH who="2" step="1"/><F71/><REACH who="2" ten="417,205,157,211" step="2"/><N who="3" m="42391" /><G113/><T101/><D133/><U37/><REACH who="1" step="1"/><E45/><REACH who="1" ten="417,195,157,211" step="2"/><V31/><F31/><W108/><G129/><T99/><D46/><U58/><E58/><V77/><F77/><W126/><G108/><T48/><D59/><U32/><AGARI ba="1,2" hai="2,7,8,17,18,24,28,32,37,38,39,89,94,96" machi="32" ten="30,3000,0" yaku="1,1,0,1,53,0" doraHai="81" doraHaiUra="110" who="1" fromWho="1" sc="417,-11,195,53,157,-11,211,-11" /><INIT seed="5,2,0,3,3,118" ten="406,248,146,200" oya="1" hai0="33,27,84,67,97,7,32,116,44,80,133,0,42" hai1="93,3,68,17,61,91,37,30,76,130,98,83,107" hai2="39,122,101,131,51,13,25,35,102,99,47,58,2" hai3="89,117,74,12,132,72,96,10,63,70,50,103,92"/><U36/><E130/><V94/><F2/><W16/><G132/><T28/><D116/><U124/><E124/><V104/><F131/><W128/><G128/><T5/><D67/><U105/><E3/><V71/><F71/><W87/><G117/><T31/><D97/><U113/><E113/><V54/><F13/><W4/><G50/><T19/><D19/><U69/><E17/><V48/><F39/><W62/><G4/><T95/><D95/><U15/><E15/><V81/><F81/><W9/><G9/><T114/><D114/><U129/><E129/><V45/><F58/><W111/><G111/><T66/><D66/><U121/><E30/><V134/><F134/><W56/><G70/><T52/><D0/><U38/><E121/><V135/><F122/><W86/><G86/><T73/><D73/><U43/><E43/><V127/><F127/><W100/><G100/><T65/><D65/><U120/><E120/><V55/><F135/><W108/><G108/><T112/><D112/><U115/><E115/><V40/><F40/><W59/><G62/><T77/><D133/><U123/><E123/><V49/><F49/><W126/><G126/><T109/><D109/><U110/><E110/><V125/><F125/><W78/><G78/><T60/><D42/><U8/><E8/><V64/><F64/><N who="3" m="39015" /><G59/><N who="0" m="34919" /><D44/><U1/><E1/><V119/><F119/><W29/><G29/><T106/><D106/><N who="1" m="40459" /><E61/><V20/><F104/><N who="3" m="63591" /><G74/><T75/><D75/><N who="1" m="43423" /><E68/><V53/><F53/><W6/><G72/><T14/><D14/><U23/><E69/><V57/><F55/><W18/><AGARI ba="2,0" hai="6,10,12,16,18,87,89,92" m="63591,39015" machi="18" ten="30,2000,0" yaku="5,1,54,1" doraHai="118" who="3" fromWho="3" sc="406,-7,248,-12,146,-7,200,26" /><INIT seed="6,0,0,1,3,13" ten="399,236,139,226" oya="2" hai0="134,113,73,96,124,26,28,4,62,109,34,17,114" hai1="67,122,115,78,2,103,91,7,128,74,65,110,20" hai2="121,68,116,21,130,50,105,111,0,46,5,31,94" hai3="125,64,126,14,69,59,85,102,117,52,37,10,84"/><V127/><F105/><W72/><G117/><T44/><D73/><U22/><E110/><V97/><F68/><W66/><G72/><T32/><D109/><U120/><E103/><V33/><F121/><W129/><G37/><T23/><D44/><U39/><E39/><V123/><F123/><N who="1" m="47145" /><E128/><V53/><F111/><W133/><G102/><T40/><D40/><U55/><E115/><N who="0" m="44041" /><D62/><U27/><E91/><V1/><F116/><W71/><G133/><T132/><D96/><U89/><E89/><V118/><F118/><W75/><G75/><T18/><D4/><U112/><E112/><V135/><F130/><W60/><G129/><T38/><D38/><U82/><E55/><V47/><F135/><N who="0" m="51754" /><D124/><N who="3" m="47721" /><G71/><T9/><D9/><N who="1" m="2295" /><E22/><V131/><F131/><W36/><G36/><T98/><D98/><U106/><E106/><V45/><F21/><W8/><G8/><T51/><D51/><U19/><AGARI ba="0,0" hai="19,20,27,65,67,74,78,82" m="2295,47145" machi="19" ten="30,2000,0" yaku="13,1,52,1" doraHai="13" who="1" fromWho="1" sc="399,-5,236,20,139,-10,226,-5" /><INIT seed="7,0,0,1,0,46" ten="394,256,129,221" oya="3" hai0="18,111,65,5,74,56,29,43,40,120,79,122,114" hai1="8,35,62,99,129,82,42,75,71,126,63,135,20" hai2="22,68,24,37,128,14,55,117,59,123,124,45,69" hai3="27,73,49,2,101,80,134,107,54,16,98,81,67"/><W93/><G134/><T108/><D5/><U15/><E35/><V36/><F117/><W90/><G2/><T13/><D29/><U39/><E135/><V52/><F14/><W78/><G67/><T130/><D74/><U115/><E71/><N who="2" m="27211" /><F22/><N who="3" m="13767" /><G107/><T4/><D4/><U76/><E42/><V3/><F24/><W61/><G73/><T132/><D79/><U0/><E39/><N who="2" m="14923" /><F3/><W118/><G118/><T85/><D85/><U104/><E63/><N who="2" m="36327" /><F128/><W91/><G61/><T70/><D132/><U12/><E62/><V72/><F72/><W105/><G105/><T113/><D13/><U97/><E15/><V84/><F84/><N who="3" m="48151" /><G81/><T32/><D32/><U53/><E82/><V7/><F7/><W10/><G10/><T109/><D70/><U95/><E8/><V6/><F6/><W57/><AGARI ba="0,0" hai="49,54,57,90,91,93,98,101" m="48151,13767" machi="57" ten="30,6000,0" yaku="8,1,52,1,54,1" doraHai="46" who="3" fromWho="3" sc="394,-20,256,-20,129,-20,221,60" /><INIT seed="7,1,0,2,4,24" ten="374,236,109,281" oya="3" hai0="119,98,79,135,75,80,12,7,10,3,131,0,51" hai1="132,93,28,49,6,69,62,73,83,115,101,50,109" hai2="90,9,108,123,18,116,133,124,127,118,106,48,121" hai3="27,47,126,86,107,125,84,45,65,99,20,53,13"/><W26/><G65/><T42/><D119/><N who="2" m="45610" /><F48/><W34/><G107/><T56/><D135/><U103/><E109/><V78/><F78/><W114/><G114/><T74/><D74/><U41/><E115/><V117/><N who="2" m="45618" /><V134/><DORA hai="1" /><F90/><W88/><G99/><T66/><D131/><U54/><E132/><N who="2" m="50795" /><F106/><W71/><G71/><T14/><D3/><U111/><E111/><V40/><F40/><W102/><G102/><T91/><D66/><U22/><E73/><V70/><F70/><W68/><G68/><T43/><D43/><U37/><E83/><V33/><F108/><W16/><G84/><T46/><D56/><U97/><E103/><V63/><F63/><W11/><G53/><T44/><D44/><U52/><E37/><V105/><F105/><W58/><G58/><T23/><D23/><U96/><E96/><V67/><F67/><W35/><G47/><T72/><D72/><U92/><E92/><V87/><F87/><W39/><G45/><T130/><D130/><U38/><E38/><V4/><F18/><N who="3" m="8511" /><G39/><T104/><D91/><U61/><E41/><V36/><F36/><W129/><G88/><T30/><D98/><U5/><E49/><V25/><F33/><N who="3" m="12299" /><G86/><T94/><D94/><U17/><E69/><V85/><F85/><W32/><G129/><T113/><D113/><U31/><E62/><V120/><F25/><N who="3" m="14471" /><G32/><T59/><D104/><U57/><E61/><V82/><F82/><W55/><G55/><T100/><D100/><U64/><E54/><V76/><F76/><W15/><G26/><T128/><D128/><U21/><E64/><RYUUKYOKU ba="1,0" sc="374,-10,236,-10,109,30,281,-10" hai2="4,9,120,121,123,124,127" owari="364,46.0,226,-17.0,139,-36.0,271,7.0" /></mjloggm>