<mjloggm ver="2.3"><GO type="225" lobby="0"/><UN n0="%E9%B3%B3%E6%9D%B1%E3%81%AE%E3%81%86%E3%81%95%E3%81%8E%E3%81%95%E3%82%93" n1="%E9%99%A4%E5%90%8D" n2="%4B%69%7A%75%6E%65%72" n3="%67%61%79%75%6E%79" dan="18,16,17,16" rate="2135.67,2165.56,2180.55,2126.68" sx="F,M,F,M"/><TAIKYOKU oya="0"/><INIT seed="0,0,0,2,2,120" ten="250,250,250,250" oya="0" hai0="129,38,80,71,47,83,81,30,2,43,40,15,70" hai1="122,7,91,119,48,66,57,5,75,131,78,33,39" hai2="135,17,12,105,107,42,108,0,84,62,77,68,96" hai3="98,27,4,22,53,11,112,24,99,49,134,127,3"/><T87/><D129/><U26/><E122/><V95/><F0/><W111/><G112/><T92/><D2/><U6/><E119/><V10/><F135/><W69/><G127/><T114/><D114/><U64/><E39/><V35/><F35/><W106/><G134/><T63/><D40/><U29/><E131/><V1/><F1/><W121/><G69/><T86/><D30/><U72/><E91/><V93/><F42/><W110/><G121/><T109/><D109/><N who="3" m="41481" /><G106/><T52/><D15/><U89/><E89/><V59/><F68/><W14/><G14/><T58/><D92/><U101/><E101/><V79/><F108/><W94/><G94/><T8/><D8/><U9/><E9/><V61/><F107/><W54/><G54/><T118/><D118/><U41/><E41/><V130/><F105/><W125/><G125/><T28/><D28/><U50/><E78/><V56/><F130/><W103/><G103/><T126/><D126/><U73/><E66/><N who="2" m="39207" /><F93/><W65/><G65/><N who="0" m="41279" /><D71/><U115/><E115/><V46/><F95/><W124/><G124/><T36/><D36/><U116/><E116/><V97/><F12/><W67/><G67/><T100/><D100/><U123/><E123/><V133/><F133/><W55/><G55/><T132/><D132/><U104/><E104/><V51/><F79/><W18/><G27/><T16/><D52/><U76/><E76/><V45/><F77/><W113/><G113/><T13/><D58/><AGARI ba="0,0" hai="3,4,11,18,22,24,49,53,58,98,99" m="41481" machi="58" ten="30,7700,0" yaku="14,1,52,3" doraHai="120" who="3" fromWho="0" sc="250,-77,250,0,250,0,250,77" /><INIT seed="1,0,0,3,0,9" ten="173,250,250,327" oya="1" hai0="18,62,98,92,54,49,120,52,64,38,78,128,16" hai1="2,114,27,19,24,110,80,79,6,87,37,111,131" hai2="113,63,126,48,89,117,123,85,51,125,135,96,72" hai3="103,104,116,30,20,7,109,31,47,119,82,84,0"/><U100/><E114/><V10/><F117/><N who="3" m="45131" /><G109/><N who="1" m="41482" /><E131/><V23/><F123/><W61/><G20/><T55/><D38/><U83/><E37/><V122/><F122/><W68/><G47/><T102/><D128/><U39/><E39/><V21/><F72/><W1/><G103/><T13/><D120/><U42/><E42/><V124/><F113/><W40/><G104/><T33/><D33/><U46/><E46/><V8/><F135/><W73/><G73/><T17/><D78/><N who="1" m="46487" /><E100/><V65/><F96/><W129/><G129/><T22/><REACH who="0" step="1"/><D49/><REACH who="0" ten="163,250,250,327" step="2"/><U43/><E43/><V28/><F48/><W95/><G40/><T5/><D5/><U57/><E6/><V45/><F51/><W107/><G7/><T94/><D94/><U35/><E35/><V81/><F125/><W11/><G95/><T112/><D112/><U4/><E79/><V69/><F124/><W134/><G134/><T118/><D118/><U58/><E83/><V36/><F126/><W3/><G82/><T108/><D108/><U29/><E4/><V53/><F81/><W70/><G107/><T88/><D88/><U99/><E2/><V71/><F89/><W127/><G0/><T90/><D90/><U12/><E99/><V75/><F36/><W121/><G1/><T101/><D101/><U41/><E41/><V77/><F77/><W105/><G3/><T25/><D25/><N who="1" m="9803" /><E29/><V132/><F28/><W76/><G30/><T93/><D93/><U106/><E106/><V26/><F132/><W66/><G31/><T60/><D60/><U133/><E133/><V56/><F63/><W115/><G127/><RYUUKYOKU ba="0,1" sc="163,15,250,15,250,-15,327,-15" hai0="13,16,17,18,22,52,54,55,62,64,92,98,102" hai1="12,19,57,58" /><INIT seed="1,1,1,1,4,54" ten="178,265,235,312" oya="1" hai0="75,35,111,3,124,30,118,99,63,110,85,128,26" hai1="11,57,78,71,77,50,58,83,28,119,90,86,96" hai2="21,80,127,52,84,38,103,81,23,101,109,47,29" hai3="60,4,18,65,64,22,61,39,125,34,41,15,10"/><U49/><E119/><V17/><F109/><N who="0" m="41482" /><D75/><U53/><E71/><V1/><F127/><W68/><G34/><T106/><D118/><U12/><E28/><V59/><F1/><W117/><G117/><T36/><D124/><U51/><E96/><V134/><F134/><W13/><G125/><T56/><D128/><U126/><E126/><V89/><F81/><W25/><G41/><T104/><D3/><U48/><REACH who="1" step="1"/><E58/><REACH who="1" ten="178,255,235,312" step="2"/><V46/><F59/><W27/><G39/><T108/><N who="0" m="41490" /><T87/><DORA hai="70" /><D36/><U82/><E82/><V114/><F38/><W130/><G130/><T135/><D135/><U5/><AGARI ba="1,2" hai="5,11,12,48,49,50,51,53,57,77,78,83,86,90" machi="5" ten="30,11700,0" yaku="1,1,0,1,8,1,52,1,53,0" doraHai="54,70" doraHaiUra="16,132" who="1" fromWho="1" sc="178,-40,255,140,235,-40,312,-40" /><INIT seed="1,2,0,1,3,122" ten="138,395,195,272" oya="1" hai0="99,45,22,7,56,43,64,69,60,26,17,115,124" hai1="49,59,89,131,71,113,9,117,81,80,4,37,110" hai2="100,51,84,67,11,98,90,70,78,118,1,39,121" hai3="34,53,135,83,31,40,42,123,79,55,62,95,29"/><U65/><E113/><V101/><F118/><W18/><G123/><T116/><D124/><U27/><E117/><V77/><F121/><W85/><G135/><T96/><D115/><U36/><E71/><V76/><F39/><W25/><G95/><T38/><D116/><U19/><E131/><V119/><F119/><W104/><G104/><T87/><D7/><U24/><E65/><V41/><F70/><W92/><G92/><T16/><D87/><U20/><E27/><V105/><F67/><W10/><G10/><T13/><REACH who="0" step="1"/><D69/><REACH who="0" ten="128,395,195,272" step="2"/><U28/><E4/><V108/><F84/><W52/><G85/><T130/><D130/><U74/><E74/><V15/><F77/><W120/><G79/><T3/><D3/><U68/><E68/><V88/><F1/><W94/><G120/><T46/><D46/><U107/><E81/><V6/><F78/><W72/><G72/><T128/><D128/><U0/><E80/><V127/><F76/><W30/><G83/><T132/><D132/><U109/><E0/><V125/><F125/><W54/><G62/><T50/><D50/><U133/><E49/><V114/><F127/><W58/><G58/><T12/><D12/><U82/><E59/><V57/><F57/><W66/><G66/><T126/><D126/><U23/><E82/><V86/><F114/><W93/><N who="3" m="13312" /><DORA hai="5" /><W97/><G97/><T14/><D14/><U91/><E133/><V103/><F86/><W129/><G129/><T21/><AGARI ba="2,1" hai="13,16,17,21,22,26,38,43,45,56,60,64,96,99" machi="21" ten="20,5200,0" yaku="1,1,0,1,7,1,54,1,53,0" doraHai="122,5" doraHaiUra="48,134" who="0" fromWho="0" sc="128,68,395,-28,195,-15,272,-15" /><INIT seed="2,0,0,2,1,56" ten="196,367,180,257" oya="2" hai0="96,12,6,129,117,110,90,1,101,134,112,69,26" hai1="66,92,9,39,121,124,65,58,37,123,78,31,103" hai2="5,102,80,87,45,70,82,132,8,119,42,7,15" hai3="126,4,63,21,122,62,100,94,41,81,135,113,50"/><V131/><F119/><W97/><G122/><N who="1" m="46602" /><E124/><V23/><F131/><W75/><G126/><T47/><D1/><U16/><E78/><V29/><F132/><W0/><G135/><T120/><D69/><U116/><E116/><V40/><F70/><W88/><G113/><T25/><D112/><U73/><E73/><V13/><F102/><W115/><G115/><T83/><D120/><U35/><E31/><V48/><F42/><W22/><G0/><T77/><D90/><U38/><E35/><V114/><F114/><W95/><G4/><T85/><D129/><U49/><E92/><V17/><F29/><W24/><G81/><T44/><D134/><U52/><E103/><V3/><F3/><W106/><G106/><T64/><D64/><U46/><E46/><N who="0" m="17449" /><D117/><U36/><E36/><V111/><F111/><W54/><G41/><T72/><D72/><U91/><E91/><V32/><F32/><W76/><G76/><T33/><D33/><U127/><E127/><V18/><REACH who="2" step="1"/><F82/><REACH who="2" ten="196,367,170,257" step="2"/><W118/><G118/><T19/><D110/><U20/><E16/><V53/><F53/><W67/><G100/><T107/><D107/><U79/><E52/><V57/><F57/><W125/><G54/><T133/><D133/><U93/><E58/><V74/><F74/><W43/><G75/><T10/><D19/><U108/><E108/><V30/><F30/><W89/><G125/><T34/><D34/><U59/><E59/><V105/><F105/><W14/><G67/><T130/><D130/><U68/><E68/><V109/><F109/><W55/><G55/><T51/><D51/><RYUUKYOKU ba="0,1" sc="196,15,367,-15,170,15,257,-15" hai0="6,10,12,25,26,77,83,85,96,101" hai2="5,7,8,13,15,17,18,23,40,45,48,80,87" /><INIT seed="2,1,1,1,3,102" ten="211,352,185,242" oya="2" hai0="98,99,97,100,3,9,86,41,89,108,2,58,121" hai1="43,28,13,31,85,116,80,27,124,37,44,93,10" hai2="107,68,49,113,53,131,101,39,51,126,52,6,17" hai3="83,66,118,50,5,59,82,95,12,77,117,34,8"/><V106/><F113/><W38/><G38/><T105/><D121/><U54/><E116/><V33/><F39/><W91/><G34/><T78/><D108/><U133/><E124/><V71/><F126/><W45/><G59/><T134/><D134/><U7/><E133/><V60/><F33/><W18/><G66/><T30/><D30/><U56/><E93/><V81/><F131/><W115/><G115/><T19/><D78/><U62/><E27/><V114/><F114/><W70/><G70/><N who="2" m="26665" /><F101/><W40/><G18/><T128/><D128/><U75/><E75/><V16/><F6/><W129/><G83/><T104/><D41/><U84/><E84/><V127/><F81/><W87/><REACH who="3" step="1"/><G129/><REACH who="3" ten="211,352,185,232" step="2"/><T94/><D58/><U122/><E122/><V120/><F120/><W36/><G36/><T123/><D123/><U79/><AGARI ba="1,2" hai="7,10,13,28,31,37,43,44,54,56,62,79,80,85" machi="79" ten="20,1500,0" yaku="0,1,7,1" doraHai="102" who="1" fromWho="1" sc="211,-5,352,38,185,-8,232,-5" /><INIT seed="3,0,0,4,4,49" ten="206,390,177,227" oya="3" hai0="8,22,130,135,132,27,58,43,61,40,106,37,131" hai1="108,87,94,53,90,44,1,50,76,83,66,41,117" hai2="85,7,113,21,116,31,119,69,81,5,111,128,39" hai3="16,13,34,82,97,125,2,17,101,57,71,6,77"/><W123/><G71/><T96/><D8/><U93/><E108/><V88/><F69/><W64/><G34/><T19/><D106/><U114/><E114/><V42/><F113/><W51/><G123/><T95/><D37/><U9/><E117/><V120/><F120/><W48/><G2/><T54/><D40/><U112/><E112/><V38/><F111/><W134/><G134/><N who="0" m="51243" /><D43/><U109/><E109/><V4/><F128/><W14/><G125/><T110/><D110/><U107/><E107/><V63/><F63/><W78/><G6/><T24/><D24/><U65/><E9/><V28/><F39/><W55/><G64/><T122/><D122/><U11/><E11/><V26/><REACH who="2" step="1"/><F31/><REACH who="2" ten="206,390,167,227" step="2"/><W127/><G127/><T68/><D68/><U75/><E66/><V70/><F70/><W89/><G51/><T86/><D86/><U12/><E65/><V84/><F84/><W74/><G48/><T20/><D20/><U62/><E50/><V124/><F124/><W47/><G74/><T33/><D33/><U30/><E87/><V102/><F102/><AGARI ba="0,1" hai="19,22,27,54,58,61,95,96,102,130,131" m="51243" machi="102" ten="30,2000,0" yaku="20,1,52,1" doraHai="49" who="0" fromWho="2" sc="206,30,390,0,167,-20,227,0" owari="236,4.0,390,48.0,147,-35.0,227,-17.0" /></mjloggm>