<mjloggm ver="2.3"><GO type="185" lobby="0"/><UN n0="%6D%6B%6F%6A%69" n1="%E3%81%BF%E3%83%BC%E3%82%8F" n2="%28%C2%B4%E3%81%B8%CE%B5%E3%81%B8%60%29" n3="" dan="17,17,20,0" rate="2260.92,2250.72,2410.34,1500.00" sx="M,M,M,C"/><TAIKYOKU oya="0"/><INIT seed="0,0,0,2,4,122" ten="350,350,350,0" oya="0" hai0="49,42,93,107,103,101,69,73,71,40,76,83,117" hai1="82,2,80,74,120,38,53,118,65,75,81,0,77" hai2="125,56,116,54,79,59,36,88,89,105,135,98,119" hai3=""/><T129/><D117/><N who="2" m="45130" /><F36/><T91/><D129/><U86/><N who="1" m="30752" /><U44/><E118/><V99/><F135/><T58/><D58/><U94/><E65/><V32/><F32/><T72/><D73/><U100/><E74/><V108/><F79/><T63/><D101/><U132/><E132/><V109/><F125/><T124/><D124/><U110/><E110/><N who="2" m="42603" /><F56/><T126/><D126/><U90/><E38/><V134/><F134/><T66/><D71/><U60/><E77/><V46/><F46/><T84/><D49/><U64/><E44/><V112/><F112/><T121/><N who="0" m="31008" /><T51/><D51/><U133/><E133/><V62/><F105/><T45/><D45/><U113/><E113/><V106/><F106/><T1/><D1/><U128/><E0/><V35/><F35/><T114/><D114/><U115/><E115/><V55/><F55/><T131/><D131/><U123/><E53/><V48/><F48/><T130/><D130/><U39/><E2/><V78/><F78/><T104/><D104/><U50/><E128/><V68/><F68/><T67/><D67/><U70/><E50/><V41/><F41/><T33/><D33/><U47/><E47/><V92/><F89/><T3/><D3/><U111/><E111/><RYUUKYOKU ba="0,0" sc="350,10,350,-20,350,10,0,0" hai0="40,42,63,66,69,72,76,83,84,91,93,103,107" hai2="54,59,62,88,92,98,99" /><INIT seed="0,1,0,4,0,132" ten="360,330,360,0" oya="0" hai0="67,0,121,57,113,106,117,72,39,79,63,129,131" hai1="115,75,64,47,61,80,99,105,102,55,73,97,118" hai2="87,43,122,40,96,70,51,92,2,103,83,95,94" hai3=""/><T54/><N who="0" m="31008" /><T134/><D117/><U34/><E118/><V108/><N who="2" m="31264" /><V98/><F2/><T109/><D113/><U90/><E34/><V101/><F108/><T38/><D0/><U130/><E115/><V60/><F94/><T126/><D134/><U84/><E130/><N who="0" m="49673" /><D106/><U123/><N who="1" m="31520" /><U120/><N who="1" m="30752" /><U81/><E99/><V111/><F111/><T116/><D116/><U93/><E81/><V36/><F36/><N who="0" m="13866" /><D109/><U3/><E3/><V127/><F127/><T91/><D91/><U33/><E33/><V119/><F119/><T50/><D79/><U112/><E112/><V41/><F51/><T58/><D72/><U104/><E73/><V32/><F32/><T86/><D86/><U128/><E75/><V37/><F37/><T74/><D74/><U124/><E128/><V45/><F87/><T82/><D82/><U107/><E80/><V133/><F83/><T68/><D126/><U100/><E124/><V78/><F78/><T77/><D77/><U76/><E76/><V46/><F133/><T110/><D110/><U48/><REACH who="1" step="1"/><E84/><REACH who="1" ten="360,320,360,0" step="2"/><V69/><F96/><T135/><D135/><U66/><E66/><V56/><F98/><T65/><D65/><U49/><E49/><V125/><F125/><RYUUKYOKU ba="1,1" sc="360,10,320,10,360,-20,0,0" hai0="50,54,57,58,63,67,68" hai1="47,48,55,61,64,90,93,97,100,102,104,105,107" /><INIT seed="0,2,1,1,3,128" ten="370,330,340,0" oya="0" hai0="100,118,59,104,92,107,105,123,0,42,48,37,121" hai1="65,135,95,96,39,68,133,87,60,64,85,88,80" hai2="72,49,46,32,73,33,1,90,120,45,38,51,86" hai3=""/><T69/><N who="0" m="31008" /><T83/><N who="0" m="31520" /><T117/><D0/><U70/><E39/><V132/><N who="2" m="30752" /><V71/><F71/><T63/><D37/><U102/><REACH who="1" step="1"/><E85/><REACH who="1" ten="370,320,340,0" step="2"/><V62/><F38/><T47/><D69/><U94/><E94/><V113/><F1/><T54/><REACH who="0" step="1"/><D83/><REACH who="0" ten="360,320,340,0" step="2"/><U76/><E76/><V81/><F81/><T98/><AGARI ba="2,3" hai="42,47,48,54,59,63,92,98,100,104,105,107,117,118" m="31520,31008" machi="98" ten="40,8000,1" yaku="1,1,2,1,0,1,52,2,53,0" doraHai="128" doraHaiUra="125" who="0" fromWho="0" sc="360,114,320,-42,340,-42,0,0" /><INIT seed="0,3,0,1,4,126" ten="474,278,298,0" oya="0" hai0="91,42,54,107,66,47,89,33,37,2,70,106,52" hai1="60,65,43,0,129,132,63,131,90,133,116,121,134" hai2="40,122,105,119,56,117,102,53,71,35,79,38,41" hai3=""/><T109/><D2/><U84/><N who="1" m="31008" /><U123/><N who="1" m="31520" /><U49/><E0/><V1/><N who="2" m="31264" /><V64/><F1/><T59/><D33/><U95/><E116/><N who="2" m="44619" /><F35/><T81/><D109/><U32/><E32/><V97/><F38/><T113/><D113/><U93/><E95/><V110/><F110/><T135/><D135/><U87/><E84/><V39/><F39/><T57/><D70/><U74/><E74/><V108/><F108/><T45/><D37/><U130/><E65/><V69/><F79/><T72/><D42/><N who="2" m="16490" /><F64/><T124/><D66/><U94/><E93/><V34/><F34/><T61/><D81/><U92/><E92/><V98/><F98/><T111/><D111/><U67/><E67/><V78/><F78/><T127/><REACH who="0" step="1"/><D61/><AGARI ba="3,0" hai="53,56,61,69,71,97,102,105" m="16490,44619,31264" machi="61" ten="30,2000,0" yaku="12,1,52,1" doraHai="126" who="2" fromWho="0" sc="474,-26,278,0,298,26,0,0" /><INIT seed="1,0,0,0,3,63" ten="448,278,324,0" oya="1" hai0="113,56,78,33,70,108,77,130,133,135,49,129,115" hai1="132,96,54,95,102,68,36,46,97,71,72,134,76" hai2="92,90,112,42,45,2,119,103,50,131,1,117,83" hai3=""/><U60/><E72/><V118/><F131/><N who="0" m="50186" /><D33/><U75/><E75/><V32/><F32/><T89/><D70/><U86/><E36/><V59/><F112/><N who="0" m="43082" /><D49/><U107/><E76/><N who="0" m="29289" /><D56/><U40/><E86/><V34/><F34/><T44/><D44/><U99/><E40/><V109/><F59/><T126/><D108/><U114/><E114/><V123/><N who="2" m="31520" /><V110/><F110/><T35/><D35/><U91/><E99/><V48/><F109/><T67/><D67/><U74/><E74/><V69/><F69/><T37/><D37/><U124/><E71/><V64/><F64/><T41/><D41/><U104/><E68/><V87/><F50/><T84/><D126/><U128/><E124/><V73/><F73/><T82/><AGARI ba="0,0" hai="82,84,89,133,135" m="29289,43082,50186" machi="82" ten="40,3900,0" yaku="19,1,34,2" doraHai="63" who="0" fromWho="0" sc="448,39,278,-26,324,-13,0,0" /><INIT seed="2,0,0,3,5,78" ten="487,252,311,0" oya="2" hai0="41,102,60,54,91,44,77,113,73,82,135,96,42" hai1="56,114,45,132,61,93,2,51,36,38,112,46,66" hai2="39,65,53,79,121,50,37,47,86,62,63,87,124" hai3=""/><V89/><N who="2" m="31008" /><V52/><F124/><T85/><D135/><U74/><E74/><V106/><F106/><T128/><D128/><U105/><E105/><V94/><F53/><T134/><D134/><U125/><E2/><V57/><REACH who="2" step="1"/><F63/><REACH who="2" ten="487,252,301,0" step="2"/><T59/><D54/><U32/><E125/><V88/><F88/><T48/><D91/><U99/><E132/><V101/><F101/><T111/><D60/><U71/><E61/><V107/><F107/><T104/><D104/><U55/><E55/><V98/><F98/><T0/><D96/><U69/><E99/><V81/><AGARI ba="0,1" hai="37,39,47,50,52,57,62,65,79,81,86,87,89,94" m="31008" machi="81" ten="30,12000,2" yaku="1,1,0,1,52,2,54,1,53,1" doraHai="78" doraHaiUra="72" who="2" fromWho="2" sc="487,-60,252,-60,301,130,0,0" /><INIT seed="2,1,0,1,1,124" ten="427,192,431,0" oya="2" hai0="118,60,41,72,82,122,125,77,80,101,114,52,96" hai1="111,113,37,108,87,112,73,54,128,92,33,39,65" hai2="38,100,57,126,66,58,79,119,106,129,3,71,61" hai3=""/><V131/><F3/><T62/><N who="0" m="31264" /><T44/><D118/><U88/><E33/><V63/><F119/><T93/><D125/><U64/><E73/><V78/><F126/><T43/><D114/><U50/><E112/><V59/><F38/><T0/><D0/><U40/><E113/><V53/><F100/><T130/><D130/><N who="2" m="49674" /><F106/><T117/><D117/><U70/><E128/><V110/><F110/><N who="1" m="42025" /><E70/><V69/><F59/><T49/><D80/><U47/><E37/><V83/><F79/><T75/><D75/><AGARI ba="1,0" hai="53,57,58,61,63,66,69,71,75,78,83" m="49674" machi="75" ten="30,11600,0" yaku="19,1,52,3" doraHai="124" who="2" fromWho="0" sc="427,-118,192,0,431,118,0,0" /><INIT seed="2,2,0,0,1,98" ten="309,192,549,0" oya="2" hai0="71,128,131,38,44,110,124,79,104,94,119,116,92" hai1="101,97,82,93,122,120,56,95,35,76,105,129,64" hai2="52,48,102,80,66,67,96,57,132,78,112,40,2" hai3=""/><V42/><F132/><T121/><N who="0" m="31008" /><T41/><D110/><U107/><N who="1" m="30752" /><U123/><N who="1" m="31264" /><U77/><N who="1" m="31520" /><U0/><E0/><V134/><F134/><T46/><D71/><U90/><E35/><V108/><F2/><T33/><D33/><U73/><E64/><V1/><F1/><T63/><D104/><N who="1" m="40011" /><E56/><V100/><F108/><T34/><D34/><U113/><E113/><V125/><F112/><T54/><D63/><U118/><E118/><V130/><F96/><T87/><D54/><U62/><E62/><V81/><F48/><T103/><D44/><U55/><E55/><V65/><F52/><T39/><D39/><U83/><E129/><N who="0" m="49737" /><D116/><U135/><E135/><V75/><F130/><T91/><D119/><U72/><E95/><V70/><F57/><T53/><D53/><U37/><E37/><V69/><F66/><T36/><D36/><U85/><E83/><V32/><F32/><T117/><D117/><U58/><E58/><V114/><F70/><T68/><D68/><U59/><E59/><V3/><F69/><T47/><D94/><U126/><E126/><V49/><F125/><T109/><D124/><U45/><E45/><V111/><F3/><T99/><D46/><U50/><E50/><RYUUKYOKU ba="2,0" sc="309,-10,192,20,549,-10,0,0" hai1="72,73,76,77,82,85,90,93,97,101" /><INIT seed="4,3,0,1,0,112" ten="299,212,539,0" oya="0" hai0="49,2,40,57,76,124,115,127,110,123,122,74,107" hai1="86,104,58,100,65,103,82,43,135,80,87,3,0" hai2="59,85,108,77,129,81,101,121,52,42,88,55,116" hai3=""/><T120/><N who="0" m="30752" /><T134/><N who="0" m="31264" /><T45/><N who="0" m="31520" /><T70/><D2/><U68/><E68/><V113/><N who="2" m="31008" /><V95/><F108/><T91/><D110/><U94/><E104/><V75/><F113/><T78/><D115/><U38/><E38/><V118/><F129/><T93/><D70/><U114/><E114/><V79/><F42/><T50/><D107/><U51/><E43/><V61/><F79/><T89/><D91/><U84/><E135/><V56/><REACH who="2" step="1"/><F101/><REACH who="2" ten="299,212,529,0" step="2"/><T44/><D134/><U47/><E103/><V71/><F71/><T117/><D78/><U102/><E100/><V132/><F132/><T69/><D69/><U67/><E102/><V105/><F105/><T1/><D76/><U37/><E0/><V126/><F126/><N who="0" m="48170" /><D1/><U125/><E3/><V106/><F106/><T96/><D74/><U63/><E125/><V90/><F90/><T33/><D33/><U53/><E94/><V97/><F97/><T133/><D133/><U62/><E86/><V98/><F98/><T99/><D96/><U46/><E87/><V130/><F130/><T60/><D40/><U41/><E84/><V73/><F73/><T39/><D99/><U35/><E35/><V54/><F54/><T111/><D93/><RYUUKYOKU ba="3,1" sc="299,-20,212,10,529,10,0,0" hai1="37,41,46,47,51,53,58,62,63,65,67,80,82" hai2="52,55,56,59,61,75,77,81,85,88,95,116,118" /><INIT seed="5,4,1,0,4,80" ten="279,222,539,0" oya="1" hai0="121,42,102,32,56,119,120,116,77,3,41,97,129" hai1="59,83,62,132,81,43,112,76,123,57,49,75,68" hai2="110,79,33,99,48,53,36,52,54,70,106,118,82" hai3=""/><U73/><N who="1" m="31520" /><U109/><E112/><V105/><F110/><T115/><N who="0" m="30752" /><T74/><N who="0" m="31008" /><T126/><D3/><U107/><E109/><V85/><F33/><T127/><D32/><U84/><E132/><V98/><F36/><T134/><D115/><U117/><E117/><N who="0" m="45129" /><D129/><U0/><E0/><V39/><F39/><T93/><D134/><U2/><E2/><V40/><F70/><T37/><D37/><U38/><E107/><V113/><F118/><T96/><D56/><U125/><E125/><N who="0" m="47625" /><D77/><U100/><E38/><V91/><F79/><T63/><D74/><U103/><E73/><V87/><F113/><T71/><D96/><U64/><E59/><V92/><F98/><T58/><D71/><U111/><E111/><V114/><F99/><T65/><AGARI ba="4,1" hai="41,42,58,63,65,93,97,102" m="47625,45129,31008,30752" machi="65" ten="30,5900,0" yaku="12,1,18,1,52,2" doraHai="80" who="0" fromWho="0" sc="279,77,222,-43,539,-24,0,0" /><INIT seed="6,0,0,0,3,91" ten="356,179,515,0" oya="2" hai0="135,94,65,117,115,69,59,2,116,60,89,128,41" hai1="83,86,125,104,88,3,111,78,48,47,64,57,121" hai2="105,85,1,107,50,98,55,58,101,130,33,0,81" hai3=""/><V53/><F33/><T37/><D2/><U100/><N who="1" m="31008" /><U43/><E3/><V119/><F119/><T113/><D128/><U108/><E125/><V75/><F130/><T80/><D135/><U109/><E64/><V127/><F127/><T68/><D80/><U40/><E57/><V87/><F75/><T129/><D129/><U134/><E48/><V95/><F107/><T32/><D32/><U96/><E43/><V67/><F67/><T42/><D117/><U131/><E47/><V112/><F112/><T54/><D116/><U103/><E40/><V120/><N who="2" m="30752" /><V124/><F124/><T71/><D41/><U92/><E131/><V46/><F87/><T114/><D94/><U63/><E63/><V51/><F95/><T56/><D89/><AGARI ba="0,0" hai="0,1,46,50,51,53,55,58,81,85,89,98,101,105" m="30752" machi="89" ten="30,2900,0" yaku="7,1,52,1" doraHai="91" who="2" fromWho="0" sc="356,-29,179,0,515,29,0,0" owari="327,-7.0,179,-42.0,544,49.0,0,0.0" /></mjloggm>