<mjloggm ver="2.3"><GO type="185" lobby="0"/><UN n0="%E3%82%8A%E3%82%80%E3%82%8B" n1="%E3%82%B5%E3%83%B3%E3%83%9E%E6%BC%81%E5%B8%AB%4B" n2="%E3%81%BF%E3%83%BC%E3%82%8F" n3="" dan="16,17,17,0" rate="2183.36,2254.53,2244.80,1500.00" sx="M,M,M,C"/><TAIKYOKU oya="0"/><INIT seed="0,0,0,1,4,87" ten="350,350,350,0" oya="0" hai0="35,125,109,93,117,85,75,2,46,63,107,133,36" hai1="64,84,68,0,61,37,40,62,116,49,130,60,70" hai2="126,108,111,112,89,95,53,57,81,56,52,115,119" hai3=""/><T76/><RYUUKYOKU type="yao9" ba="0,0" sc="350,0,350,0,350,0,0,0" hai0="2,35,36,46,63,75,76,85,93,107,109,117,125,133" /><INIT seed="0,1,0,3,3,0" ten="350,350,350,0" oya="0" hai0="56,54,35,109,40,50,99,116,32,113,55,72,48" hai1="100,34,33,135,122,90,120,80,104,37,103,118,89" hai2="106,127,78,129,1,61,123,94,66,73,97,82,45" hai3=""/><T86/><D113/><U105/><N who="1" m="30752" /><U39/><N who="1" m="31264" /><U87/><E87/><V110/><N who="2" m="31520" /><V128/><F1/><T71/><D116/><U125/><E80/><V68/><F110/><T132/><D72/><U41/><E41/><V36/><F127/><T111/><D71/><U83/><E83/><V124/><F124/><T52/><D132/><U134/><E125/><V95/><F95/><T119/><D119/><AGARI ba="1,0" hai="33,34,37,39,89,90,100,103,104,105,118,119,134,135" m="31264,30752" machi="119" ten="25,12000,2" yaku="22,2,52,4" doraHai="0" who="1" fromWho="0" sc="350,-122,350,122,350,0,0,0" /><INIT seed="1,0,0,0,5,32" ten="228,472,350,0" oya="1" hai0="66,56,102,109,106,49,79,58,43,65,121,60,82" hai1="55,61,91,80,89,36,93,127,53,118,33,46,88" hai2="112,130,47,108,96,103,76,48,74,71,117,68,122" hai3=""/><U52/><E118/><V94/><N who="2" m="31264" /><V83/><F117/><T87/><N who="0" m="31008" /><T99/><D109/><U111/><E33/><V59/><F108/><T1/><D1/><U39/><E111/><V100/><F130/><T0/><D0/><U2/><E2/><V75/><F112/><T92/><D106/><U54/><E127/><V35/><F35/><T34/><D34/><U37/><E80/><V119/><F119/><T81/><D81/><U101/><E101/><V51/><F103/><T42/><REACH who="0" step="1"/><D49/><REACH who="0" ten="218,472,350,0" step="2"/><U124/><E124/><V62/><F51/><T114/><D114/><U67/><N who="1" m="13312" /><DORA hai="125" /><U110/><E110/><V64/><F75/><T77/><D77/><U3/><E3/><V40/><AGARI ba="0,1" hai="40,47,48,59,62,64,68,71,74,76,83,94,96,100" m="31264" machi="40" ten="20,2000,0" yaku="0,1,7,1,52,1" doraHai="32,125" who="2" fromWho="2" sc="218,-7,472,-13,350,30,0,0" /><INIT seed="2,0,0,2,3,37" ten="211,459,380,0" oya="2" hai0="96,134,40,82,42,55,54,56,90,101,110,71,88" hai1="128,106,87,53,68,100,58,52,102,109,126,111,74" hai2="62,61,72,73,36,50,95,59,135,80,57,89,48" hai3=""/><V127/><F127/><T108/><D71/><U49/><E74/><V119/><F119/><T123/><N who="0" m="31520" /><T103/><D134/><U114/><E68/><V91/><F95/><T1/><D1/><U116/><E114/><V0/><F36/><T98/><D56/><U105/><E126/><V67/><F67/><T43/><D43/><U79/><E128/><V64/><F64/><T65/><D65/><U92/><E116/><V97/><F97/><T46/><D46/><U63/><E106/><V120/><N who="2" m="30752" /><V44/><F80/><AGARI ba="0,0" hai="40,42,54,55,80,82,88,90,96,98,101,103,108,110" m="31520" machi="80" ten="25,12000,2" yaku="22,2,52,3,54,1" doraHai="37" who="0" fromWho="2" sc="211,120,459,0,380,-120,0,0" /><INIT seed="4,0,0,4,1,59" ten="331,459,260,0" oya="0" hai0="50,32,81,47,107,49,68,100,91,61,120,99,52" hai1="46,63,48,130,79,85,42,119,125,64,110,40,102" hai2="112,65,95,103,45,115,35,75,55,101,74,97,54" hai3=""/><T80/><N who="0" m="30752" /><T77/><D32/><U56/><E119/><V109/><F109/><T62/><D68/><U116/><E116/><V108/><F108/><T82/><D77/><U2/><E2/><V92/><F65/><T44/><REACH who="0" step="1"/><D91/><REACH who="0" ten="321,459,260,0" step="2"/><U123/><N who="1" m="31520" /><U128/><E110/><V83/><F35/><T43/><AGARI ba="0,1" hai="43,44,47,49,50,52,61,62,80,81,82,99,100,107" m="30752" machi="43" ten="30,12000,2" yaku="1,1,0,1,52,3,54,1,53,0" doraHai="59" doraHaiUra="88" who="0" fromWho="0" sc="321,130,459,-60,260,-60,0,0" /><INIT seed="4,1,0,5,5,101" ten="451,399,200,0" oya="0" hai0="108,43,53,120,45,46,126,91,130,47,104,3,105" hai1="38,44,127,32,0,40,109,41,97,96,65,133,115" hai2="123,35,112,86,83,106,93,84,111,55,122,85,77" hai3=""/><T70/><N who="0" m="30752" /><T80/><D3/><U42/><E0/><V90/><N who="2" m="31264" /><V49/><N who="2" m="31520" /><V36/><F111/><T121/><N who="0" m="31008" /><T79/><D70/><U62/><E32/><V124/><F35/><T110/><D130/><U107/><E109/><N who="0" m="42089" /><D126/><U75/><E75/><V78/><F112/><T88/><D53/><U73/><E73/><V128/><F128/><T131/><D43/><U76/><E133/><V67/><F124/><T50/><D50/><U72/><E127/><V116/><F116/><T34/><D34/><U95/><E115/><V92/><F67/><T51/><D51/><U57/><E41/><V135/><F135/><T52/><D52/><U129/><E42/><V74/><F36/><T64/><D64/><U118/><E129/><V56/><F74/><T2/><D2/><U94/><E72/><V37/><F37/><T39/><D39/><U119/><E40/><V89/><REACH who="2" step="1"/><F77/><REACH who="2" ten="451,399,190,0" step="2"/><T58/><D131/><U82/><E38/><V102/><F102/><T113/><D113/><U87/><E65/><V63/><F63/><T71/><D79/><U61/><E76/><V99/><F99/><T114/><D114/><U1/><E96/><V132/><F132/><T100/><D100/><U60/><E97/><RYUUKYOKU ba="1,1" sc="451,-10,399,-10,190,20,0,0" hai2="49,55,56,78,83,84,85,86,89,90,92,93,106" /><INIT seed="5,2,1,4,4,116" ten="441,389,210,0" oya="1" hai0="47,72,51,100,101,105,46,49,88,133,122,60,114" hai1="80,42,135,97,87,108,58,55,3,83,85,125,50" hai2="84,106,70,113,1,130,34,2,123,91,56,39,98" hai3=""/><U86/><E3/><V77/><N who="2" m="31520" /><V37/><F70/><T76/><N who="0" m="31264" /><T59/><D114/><U32/><E32/><V0/><F34/><T73/><D133/><U40/><E135/><V126/><F113/><T120/><N who="0" m="30752" /><T36/><D36/><U41/><E125/><V64/><F126/><T112/><D112/><U99/><REACH who="1" step="1"/><E108/><REACH who="1" ten="441,379,210,0" step="2"/><V45/><F130/><T78/><D105/><U57/><E57/><V124/><F124/><T107/><D107/><U118/><E118/><V71/><F106/><T104/><D104/><U127/><E127/><V128/><F128/><T68/><D59/><U44/><E44/><V90/><F56/><T33/><D33/><U109/><E109/><V81/><F45/><T129/><D129/><U35/><E35/><V65/><F71/><T69/><D60/><U110/><E110/><V82/><F0/><T111/><D111/><U131/><E131/><V89/><F1/><T74/><D74/><U53/><E53/><V48/><F2/><T102/><D47/><U38/><E38/><V75/><F37/><T92/><D46/><U93/><E93/><V54/><F39/><T103/><D69/><U121/><N who="1" m="31008" /><U119/><E119/><V67/><F54/><T94/><D68/><RYUUKYOKU ba="2,2" sc="441,-10,379,20,210,-10,0,0" hai1="40,41,42,50,55,58,80,83,85,86,87,97,99" /><INIT seed="5,3,2,3,0,120" ten="431,399,200,0" oya="1" hai0="124,58,34,59,127,108,46,135,41,119,49,52,132" hai1="97,111,70,42,123,104,113,33,92,105,50,55,116" hai2="103,56,121,112,89,72,79,32,78,44,43,48,84" hai3=""/><U87/><N who="1" m="31520" /><U47/><E116/><V106/><N who="2" m="31008" /><V125/><F32/><T69/><D34/><U61/><E33/><V101/><F125/><N who="0" m="48202" /><D108/><U118/><E118/><V54/><F112/><T110/><D110/><U86/><E111/><V94/><F106/><T71/><D119/><U133/><E133/><N who="0" m="51273" /><D59/><U90/><E113/><V57/><F57/><T134/><N who="0" m="51281" /><T130/><DORA hai="100" /><D130/><U37/><E61/><AGARI ba="3,2" hai="41,46,49,52,58,61,69,71" m="51281,48202" machi="61" ten="40,8000,1" yaku="18,1,20,1,34,2,54,1" doraHai="120,100" who="0" fromWho="1" sc="431,106,399,-86,200,0,0,0" /><INIT seed="6,0,0,2,0,110" ten="537,313,200,0" oya="2" hai0="94,92,74,46,82,106,72,42,54,80,111,98,131" hai1="125,109,60,100,103,51,123,99,81,104,126,119,40" hai2="78,121,71,90,108,55,102,133,65,56,53,34,88" hai3=""/><V76/><N who="2" m="31008" /><V117/><F117/><T67/><D111/><U48/><N who="1" m="31520" /><U112/><E109/><V86/><F34/><T47/><D67/><U134/><E119/><V66/><F108/><T63/><D106/><U101/><E112/><V70/><F102/><T35/><D35/><U73/><E134/><V58/><REACH who="2" step="1"/><F86/><REACH who="2" ten="537,313,190,0" step="2"/><T95/><D74/><U69/><E101/><V59/><F59/><T120/><D72/><U84/><E73/><V127/><F127/><N who="1" m="48649" /><E103/><V36/><F36/><T132/><D120/><U0/><E0/><V93/><F93/><T52/><D94/><U32/><E32/><V135/><AGARI ba="0,1" hai="53,55,56,58,65,66,70,71,76,78,88,90,133,135" m="31008" machi="135" ten="25,16000,3" yaku="1,1,0,1,22,2,52,1,54,1,53,2" doraHai="110" doraHaiUra="128" who="2" fromWho="2" sc="537,-80,313,-80,190,170,0,0" /><INIT seed="6,1,0,4,1,63" ten="457,233,360,0" oya="2" hai0="60,82,86,126,109,129,134,104,108,99,97,90,65" hai1="101,125,73,113,91,72,34,112,1,114,42,98,48" hai2="88,71,78,51,32,96,67,119,85,77,94,87,45" hai3=""/><V92/><F119/><T76/><D129/><U115/><N who="1" m="28672" /><DORA hai="69" /><U68/><E1/><V3/><F3/><T127/><D134/><U80/><E34/><V122/><N who="2" m="31264" /><V49/><F32/><T102/><D99/><U133/><E48/><V111/><F111/><N who="0" m="42570" /><D65/><U36/><E68/><V46/><F67/><T107/><D60/><U100/><E133/><V89/><F71/><T44/><D44/><U70/><E70/><V75/><F96/><T131/><D131/><U64/><E64/><V61/><F61/><T41/><D41/><U0/><E0/><V118/><F118/><T33/><D33/><U123/><N who="1" m="31520" /><U135/><E135/><V53/><F75/><T59/><D59/><U116/><E116/><V105/><F105/><N who="0" m="40522" /><D76/><U38/><E42/><AGARI ba="1,0" hai="42,45,46,49,51,53,77,78,85,87,88,89,92,94" m="31264" machi="42" ten="30,12000,1" yaku="7,1,9,1,8,1,52,1,54,1" doraHai="63,69" who="2" fromWho="1" sc="457,0,233,-122,360,122,0,0" owari="457,6.0,111,-49.0,482,43.0,0,0.0" /></mjloggm>