<mjloggm ver="2.3"><GO type="169" lobby="0"/><UN n0="%EF%BC%91%EF%BC%90%E9%80%A3%E3%82%AC%E3%83%81%E3%83%A3" n1="%E3%81%88%E3%81%8C%E3%82%8F%E3%82%8A%E3%81%8A" n2="%E3%82%B5%E3%83%96%E3%82%A2%E3%83%A9%E3%83%89" n3="%E3%81%AD%E3%81%87" dan="16,16,16,17" rate="2063.64,2066.52,2040.98,2194.71" sx="M,M,M,M"/><TAIKYOKU oya="0"/><INIT seed="0,0,0,1,2,20" ten="250,250,250,250" oya="0" hai0="77,57,88,32,83,15,114,34,76,91,2,112,75" hai1="27,94,93,101,1,35,41,116,13,23,134,45,125" hai2="30,54,56,133,113,111,131,118,65,124,74,130,21" hai3="60,51,107,28,128,100,68,96,82,10,135,6,64"/><T86/><D2/><U25/><E116/><V4/><F4/><W92/><G135/><T95/><D15/><U104/><E1/><V105/><F65/><W59/><G128/><T47/><D47/><U117/><E117/><V90/><F90/><W7/><G82/><T19/><D19/><U126/><E104/><V99/><F21/><W108/><G108/><T103/><D57/><U62/><E134/><V119/><F30/><W61/><G51/><T22/><D22/><U46/><E62/><V14/><F14/><W109/><G109/><T72/><D32/><U84/><E13/><V18/><F18/><W52/><G10/><T70/><D70/><U67/><E67/><V66/><F99/><W44/><G44/><T11/><D11/><U50/><E84/><V53/><F56/><W106/><G106/><T98/><D34/><U42/><E35/><V122/><F53/><W85/><G85/><T9/><D9/><U31/><E101/><V12/><F54/><W81/><G81/><N who="0" m="45191" /><D91/><U58/><E58/><V120/><F66/><W127/><G28/><T5/><D5/><U55/><E55/><V17/><F17/><W129/><G6/><T123/><D123/><U3/><E3/><V115/><F12/><W24/><G7/><T69/><D69/><U33/><E33/><V37/><F119/><W36/><G64/><T16/><D16/><U89/><E89/><V110/><F122/><W48/><G52/><T71/><D71/><U8/><E8/><V132/><F111/><W73/><G68/><T43/><D43/><U79/><E31/><V29/><F29/><RYUUKYOKU ba="0,0" sc="250,30,250,-10,250,-10,250,-10" hai0="75,77,83,86,88,95,98,103,112,114" /><INIT seed="0,1,0,1,0,27" ten="280,240,240,240" oya="0" hai0="87,125,98,67,65,18,124,112,1,42,74,89,122" hai1="53,82,80,10,55,118,135,94,23,93,102,92,77" hai2="26,39,114,103,91,133,123,44,5,40,15,11,126" hai3="75,127,58,128,62,73,20,106,105,4,71,30,72"/><T61/><D1/><U59/><E118/><V64/><F114/><W57/><G4/><T22/><D112/><U85/><E135/><V34/><F133/><W120/><G128/><T48/><D74/><U31/><E102/><V12/><F126/><W111/><G127/><N who="0" m="48715" /><D98/><U68/><E68/><V38/><F123/><W107/><G120/><T13/><D61/><U79/><E10/><V24/><F103/><W17/><G111/><T56/><D122/><U109/><E109/><V16/><F38/><W7/><G7/><T66/><D42/><U104/><E104/><V63/><F34/><W32/><G71/><T60/><D48/><U52/><E59/><V81/><F81/><AGARI ba="1,0" hai="13,18,22,56,60,65,66,67,81,87,89" m="48715" machi="81" ten="30,1500,0" yaku="18,1" doraHai="27" who="0" fromWho="2" sc="280,18,240,0,240,-18,240,0" /><INIT seed="0,2,0,2,3,133" ten="298,240,222,240" oya="0" hai0="104,57,71,81,33,87,80,5,1,0,92,26,95" hai1="118,50,31,67,86,111,116,22,53,44,110,21,48" hai2="132,24,58,61,62,69,123,37,75,10,120,49,93" hai3="6,119,14,45,60,82,46,63,15,101,4,54,125"/><T55/><D71/><U121/><E121/><V114/><F75/><W134/><G119/><T98/><D5/><U74/><E74/><V88/><F114/><W8/><G101/><T129/><D129/><U112/><E112/><V41/><F132/><W109/><G134/><T19/><D104/><U77/><E67/><V12/><F37/><W65/><G109/><N who="1" m="41482" /><E50/><V11/><F11/><N who="3" m="4455" /><G82/><T122/><D122/><U9/><E9/><V2/><F2/><W70/><G70/><T131/><D131/><U34/><E34/><V84/><F69/><W16/><G65/><T18/><D0/><U103/><E103/><V38/><F38/><W66/><G66/><T105/><D1/><U89/><E77/><V127/><F62/><N who="3" m="23595" /><G6/><T73/><D73/><U42/><E42/><V68/><F68/><W79/><G79/><T17/><D105/><U97/><E97/><V124/><F41/><W135/><G135/><T130/><D130/><U106/><E106/><V23/><F49/><W3/><G3/><T40/><D40/><U90/><E90/><V59/><F59/><W29/><G29/><T107/><D107/><U99/><E99/><V28/><F58/><W100/><G100/><N who="0" m="60487" /><D33/><U43/><E43/><V117/><F61/><W7/><G7/><T47/><D57/><U35/><E35/><V20/><F117/><N who="1" m="45161" /><E31/><V91/><F91/><W113/><G113/><T30/><D30/><U102/><E102/><V27/><F123/><W25/><G46/><T96/><D47/><U115/><E115/><V78/><F120/><W83/><G45/><T64/><D64/><U128/><E128/><RYUUKYOKU ba="2,0" sc="298,-10,240,30,222,-10,240,-10" hai1="21,22,44,48,53,86,89" /><INIT seed="1,3,0,1,3,34" ten="288,270,212,230" oya="1" hai0="118,88,127,44,69,119,89,90,86,108,7,57,64" hai1="110,46,65,56,61,37,17,43,106,35,112,131,132" hai2="53,79,129,36,126,70,27,97,14,11,83,74,77" hai3="98,81,103,121,94,96,114,16,38,85,54,107,12"/><U75/><E112/><V15/><F126/><W33/><G33/><T9/><D108/><U101/><E75/><V122/><F122/><W124/><G38/><T23/><D127/><U40/><E35/><V134/><F129/><W26/><G124/><T30/><D69/><U31/><E31/><V49/><F134/><W42/><G42/><T62/><D44/><U13/><E132/><V58/><F36/><W78/><G26/><T0/><REACH who="0" step="1"/><D86/><REACH who="0" ten="278,270,212,230" step="2"/><U1/><E110/><V24/><F70/><W41/><G114/><T123/><D123/><U4/><E46/><V47/><F47/><W116/><G121/><T128/><D128/><U68/><E131/><V71/><F71/><W32/><G85/><T120/><D120/><U19/><E68/><V2/><F74/><W48/><G96/><T51/><D51/><U67/><E37/><V113/><F97/><W52/><G48/><T55/><D55/><U99/><E99/><V100/><F113/><W92/><G41/><T10/><D10/><U105/><E40/><V87/><F11/><W117/><G54/><T80/><D80/><U66/><E43/><V5/><F49/><W93/><G52/><T59/><D59/><U39/><E56/><V45/><F53/><W22/><G116/><T28/><D28/><U125/><E39/><V8/><F58/><W95/><N who="3" m="23552" /><DORA hai="3" /><W63/><G117/><T104/><D104/><U60/><E106/><V135/><F45/><W73/><G63/><T76/><D76/><U20/><E125/><V115/><F77/><W29/><G29/><T133/><D133/><U109/><E109/><RYUUKYOKU ba="3,1" sc="278,15,270,-15,212,-15,230,15" hai0="0,7,9,23,30,57,62,64,88,89,90,118,119" hai3="12,16,22,32,73,78,81,98,103,107" /><INIT seed="2,4,1,1,2,6" ten="293,255,197,245" oya="2" hai0="29,13,47,97,21,59,134,50,124,54,30,88,46" hai1="28,44,130,43,135,82,14,84,0,126,87,17,42" hai2="35,100,92,69,49,52,117,39,51,115,109,8,68" hai3="129,57,74,70,85,113,61,20,45,111,53,33,1"/><V10/><F117/><W58/><G74/><T77/><D134/><U60/><E135/><V95/><F39/><W15/><G1/><T31/><D77/><U65/><E126/><V76/><F35/><W114/><G33/><T107/><D107/><U66/><E130/><V40/><F115/><N who="3" m="44043" /><G129/><T4/><D124/><U123/><E0/><V32/><F32/><W94/><G111/><T73/><D73/><U102/><E28/><V99/><F109/><W118/><G118/><T103/><D103/><U75/><E102/><V34/><F34/><W19/><G70/><T106/><D106/><U133/><E133/><V81/><F69/><W41/><G57/><T127/><D127/><U25/><E25/><V83/><F68/><W89/><G45/><T16/><D4/><U27/><E27/><V37/><F37/><W90/><G90/><T22/><D22/><U120/><E75/><V119/><F119/><W23/><G41/><T2/><D2/><U79/><E42/><V121/><F121/><W5/><G5/><T132/><D132/><U11/><E87/><N who="2" m="48551" /><F83/><W108/><G108/><T71/><D71/><U55/><E123/><V18/><F18/><W24/><G24/><T101/><D101/><U93/><E120/><V36/><F36/><W9/><AGARI ba="4,1" hai="9,15,19,20,23,53,58,61,85,89,94" m="44043" machi="9" ten="30,2000,0" yaku="11,1,52,1" doraHai="6" who="3" fromWho="3" sc="293,-9,255,-9,197,-14,245,42" /><INIT seed="3,0,0,5,5,130" ten="284,246,183,287" oya="3" hai0="96,97,73,127,45,89,76,90,134,116,70,84,18" hai1="63,56,80,55,7,51,125,60,124,20,47,40,12" hai2="38,49,104,92,123,59,86,121,62,8,14,36,23" hai3="106,9,117,100,2,69,94,82,87,33,24,114,48"/><W75/><G114/><T13/><D70/><U74/><E63/><V10/><F104/><W44/><G117/><T4/><D116/><U119/><E119/><V68/><F68/><W41/><G69/><T99/><D4/><U29/><E29/><V25/><F49/><W122/><G122/><N who="2" m="46601" /><F92/><W98/><G2/><T128/><D127/><U43/><E43/><V16/><F86/><W135/><G9/><N who="2" m="3689" /><F25/><W131/><G131/><T95/><D128/><U133/><E124/><V30/><F30/><W27/><G33/><T66/><D66/><AGARI ba="0,0" hai="14,16,23,36,38,59,62,66" m="3689,46601" machi="66" ten="30,2000,0" yaku="13,1,54,1" doraHai="130" who="2" fromWho="0" sc="284,-20,246,0,183,20,287,0" /><INIT seed="4,0,0,5,1,83" ten="264,246,203,287" oya="0" hai0="15,66,47,118,42,130,113,75,109,49,101,92,79" hai1="25,0,106,126,6,68,55,61,98,71,48,120,16" hai2="31,84,105,37,64,19,131,26,117,29,122,53,17" hai3="89,104,44,128,125,81,72,10,52,22,80,54,51"/><T5/><D118/><U123/><E126/><V9/><F122/><W108/><G104/><T45/><D130/><U60/><E6/><V87/><F105/><W24/><G108/><T30/><D113/><U8/><E0/><V102/><F37/><W110/><G110/><T63/><D30/><N who="2" m="11274" /><F102/><W41/><G125/><T33/><D33/><U112/><E112/><V7/><F64/><W95/><G128/><T69/><D47/><U18/><E106/><V67/><F67/><W97/><G10/><T78/><D75/><U13/><E71/><V28/><F131/><W86/><G72/><T50/><D50/><U85/><E68/><V58/><F7/><W57/><G81/><T36/><D36/><U56/><E120/><V34/><F34/><W77/><G57/><T73/><D73/><U135/><E98/><V82/><F82/><W27/><G27/><T91/><D101/><U11/><E135/><V62/><N who="2" m="11282" /><AGARI ba="0,0" hai="22,24,28,41,44,51,52,54,77,80,86,89,95,97" machi="28" ten="30,8000,1" yaku="3,1,7,1,8,1,52,1,54,1" doraHai="83" who="3" fromWho="2" sc="264,0,246,0,203,-80,287,80" /><INIT seed="5,0,0,0,0,12" ten="264,246,123,367" oya="1" hai0="43,65,102,105,78,86,35,71,80,112,103,132,69" hai1="23,122,21,97,1,108,41,18,110,20,38,125,42" hai2="3,0,11,46,76,116,92,17,51,74,98,81,56" hai3="109,120,72,58,2,67,49,26,39,54,75,96,111"/><U61/><E122/><V34/><F34/><W117/><G2/><T104/><D35/><U90/><E1/><V57/><F116/><W128/><G120/><T115/><D43/><U5/><E5/><V95/><F95/><W50/><G39/><T37/><D37/><U77/><E77/><V48/><F48/><W22/><G128/><T85/><D65/><U63/><E125/><V124/><F124/><W70/><G50/><T133/><D69/><U45/><E42/><V88/><F0/><W107/><G117/><T32/><D32/><U73/><E73/><V13/><REACH who="2" step="1"/><F3/><REACH who="2" ten="264,246,113,367" step="2"/><W30/><G109/><T64/><D105/><U24/><E108/><V16/><F16/><W19/><G111/><T62/><D104/><U101/><E110/><V121/><F121/><W79/><G19/><T135/><REACH who="0" step="1"/><D86/><REACH who="0" ten="254,246,113,367" step="2"/><U89/><E38/><V8/><F8/><W9/><G9/><T130/><D130/><U36/><E36/><V123/><F123/><W40/><G75/><T55/><D55/><AGARI ba="0,2" hai="11,13,17,46,51,55,56,57,74,76,81,88,92,98" machi="55" ten="30,7700,0" yaku="1,1,7,1,52,1,54,1,53,0" doraHai="12" doraHaiUra="25" who="2" fromWho="0" sc="254,-77,246,0,113,97,367,0" /><INIT seed="6,0,0,1,3,11" ten="177,246,210,367" oya="2" hai0="5,78,12,108,130,70,106,62,33,39,42,23,107" hai1="20,128,117,10,86,102,89,85,135,131,34,7,119" hai2="22,125,47,76,92,28,113,95,40,29,43,79,31" hai3="126,32,66,101,6,63,27,90,80,57,103,77,56"/><V118/><F118/><N who="1" m="45065" /><E34/><V105/><F105/><W46/><G126/><T48/><D108/><U38/><E38/><V132/><F125/><W104/><G46/><T123/><D33/><U109/><E109/><V75/><F75/><W87/><G6/><T53/><D78/><N who="2" m="29738" /><F132/><W49/><G49/><T84/><D84/><N who="1" m="32363" /><E20/><V110/><F113/><W4/><G4/><T16/><D123/><U45/><E45/><V72/><F72/><W3/><G3/><T17/><D130/><N who="1" m="49707" /><E89/><V111/><F111/><W19/><G90/><T2/><D5/><U44/><E44/><V98/><F110/><W1/><G1/><T81/><D2/><U134/><E102/><V26/><F47/><W69/><G101/><T65/><D39/><U82/><E82/><V67/><F67/><W60/><G60/><T55/><D81/><U122/><E122/><V100/><F92/><W116/><G116/><T64/><D64/><U13/><AGARI ba="0,0" hai="7,10,13,134,135" m="49707,32363,45065" machi="13" ten="40,2700,0" yaku="19,1,52,1" doraHai="11" who="1" fromWho="1" sc="177,-7,246,27,210,-13,367,-7" /><INIT seed="7,0,0,3,4,29" ten="170,273,197,360" oya="3" hai0="73,61,97,114,81,131,37,38,20,43,49,76,72" hai1="4,64,77,116,93,44,24,115,124,3,110,82,119" hai2="8,127,18,56,92,47,1,17,19,9,95,28,7" hai3="11,53,55,16,91,100,27,130,54,15,80,2,88"/><W40/><G2/><T46/><D131/><U129/><E110/><V71/><F71/><W126/><G126/><T112/><D97/><U79/><E79/><V102/><F127/><W45/><G130/><T135/><D135/><U32/><E124/><V13/><F47/><W78/><G100/><T31/><D61/><U10/><E129/><V94/><F102/><W26/><G26/><N who="0" m="16839" /><D73/><N who="1" m="43311" /><E93/><V74/><F74/><W42/><G27/><T50/><D50/><U118/><E64/><V98/><F98/><W87/><G45/><T23/><D23/><U101/><E101/><V84/><F28/><W96/><G96/><T21/><D21/><U5/><E5/><V134/><F134/><W123/><G123/><T89/><D89/><AGARI ba="0,0" hai="11,15,16,40,42,53,54,55,78,80,87,88,89,91" machi="89" ten="40,7700,0" yaku="8,1,54,2" doraHai="29" who="3" fromWho="0" sc="170,-77,273,0,197,0,360,77" owari="93,-41.0,273,7.0,197,-20.0,437,54.0" /></mjloggm>