<mjloggm ver="2.3"><GO type="225" lobby="0"/><UN n0="%E3%81%B7%E3%82%8B%E3%81%B7%E3%82%8B%E3%81%A0%E3%81%9E" n1="%E3%81%AF%E3%82%88%E3%81%8A%E3%81%98%E3%81%95%E3%82%93" n2="%E3%83%B4%E3%83%A0%EF%BC%99%E3%81%A6" n3="%E7%AB%8B%E8%8F%AF%E5%A5%8F" dan="16,17,17,16" rate="2107.02,2151.02,2210.51,2166.27" sx="M,M,M,F"/><TAIKYOKU oya="0"/><INIT seed="0,0,0,5,0,37" ten="250,250,250,250" oya="0" hai0="71,24,68,75,133,69,99,44,27,108,39,79,45" hai1="130,101,85,5,131,110,41,127,62,84,89,59,97" hai2="32,94,50,48,4,1,51,43,88,124,114,72,14" hai3="90,21,134,91,128,8,18,106,78,3,95,29,11"/><T60/><D75/><U103/><E5/><V82/><F114/><W76/><G106/><T98/><D79/><U116/><E116/><V34/><F1/><W105/><G105/><T87/><D87/><U46/><E110/><V67/><F67/><W122/><G122/><T92/><D108/><U19/><E127/><V20/><F124/><W121/><G121/><T65/><D133/><U104/><E103/><V57/><F57/><W93/><G134/><T53/><D98/><U83/><E19/><V30/><F30/><W58/><G29/><T64/><D53/><U47/><E47/><V77/><F43/><W100/><G100/><T117/><D117/><U10/><E10/><V12/><F4/><W28/><G28/><T35/><D35/><U112/><E85/><V86/><REACH who="2" step="1"/><F20/><REACH who="2" ten="250,250,240,250" step="2"/><W63/><G3/><T61/><D69/><U33/><E112/><V74/><F74/><W22/><G58/><T6/><D6/><U118/><E118/><V70/><F70/><W42/><G42/><T107/><D107/><U36/><REACH who="1" step="1"/><E33/><AGARI ba="0,1" hai="12,14,32,33,34,48,50,51,72,77,82,86,88,94" machi="33" ten="40,2600,0" yaku="1,1,54,1,53,0" doraHai="37" doraHaiUra="7" who="2" fromWho="1" sc="250,0,250,-26,240,36,250,0" /><INIT seed="1,0,0,5,4,21" ten="250,224,276,250" oya="1" hai0="70,101,117,88,107,11,132,24,38,108,64,114,44" hai1="58,5,16,106,124,92,40,84,56,60,127,120,27" hai2="1,47,125,15,123,2,30,50,135,31,78,89,103" hai3="94,82,61,13,95,86,72,66,48,18,85,134,81"/><U37/><E106/><V19/><F123/><W79/><G134/><T34/><D114/><U10/><E120/><V53/><F135/><W59/><G48/><T9/><D117/><U126/><E40/><V4/><F125/><W23/><REACH who="3" step="1"/><G72/><REACH who="3" ten="250,224,276,240" step="2"/><T129/><D132/><U43/><E37/><V110/><F50/><W28/><G28/><N who="0" m="19719" /><D129/><U49/><E49/><V65/><F30/><W42/><G42/><T67/><D38/><U100/><E43/><V76/><F31/><W26/><G26/><T90/><D108/><U73/><E73/><V3/><F110/><W112/><G112/><T57/><D44/><U52/><E27/><V128/><F47/><W39/><G39/><T41/><D41/><U75/><E75/><V45/><F45/><W98/><G98/><T33/><D57/><N who="1" m="34855" /><E84/><V113/><F113/><W121/><G121/><T131/><D70/><U12/><E5/><V80/><F4/><W105/><G105/><T115/><D107/><U36/><E36/><V25/><F25/><W87/><G87/><T32/><D115/><U130/><E130/><V99/><F128/><W96/><G96/><AGARI ba="0,1" hai="10,12,16,56,58,92,96,100,124,126,127" m="34855" machi="96" ten="30,5800,0" yaku="18,1,54,2" doraHai="21" who="1" fromWho="3" sc="250,0,224,68,276,0,240,-58" /><INIT seed="1,1,0,5,4,98" ten="250,292,276,182" oya="1" hai0="105,70,6,50,8,61,52,92,3,69,128,37,58" hai1="127,0,110,53,49,81,85,72,18,93,83,94,97" hai2="56,86,120,88,24,71,126,16,25,21,47,41,59" hai3="124,9,45,4,112,125,91,12,73,13,89,33,117"/><U65/><E0/><V54/><F120/><W43/><G112/><T40/><D128/><U90/><E127/><N who="3" m="48714" /><G33/><T62/><D105/><U87/><E65/><V100/><F71/><W78/><G117/><T111/><D111/><U119/><E119/><V14/><F100/><W113/><G113/><T116/><D116/><U28/><E110/><V35/><F126/><W38/><G12/><T39/><D92/><U63/><E63/><V130/><F130/><W66/><G66/><T114/><D114/><U108/><E108/><V31/><F25/><W20/><G20/><T122/><D122/><U57/><E72/><V95/><REACH who="2" step="1"/><F54/><REACH who="2" ten="250,292,266,182" step="2"/><W26/><G26/><T55/><D70/><U74/><E53/><V2/><F2/><W29/><G29/><T42/><D69/><U64/><E28/><V118/><F118/><W46/><G46/><T10/><D3/><U76/><E64/><V60/><F60/><W15/><G15/><T77/><D58/><U96/><E57/><V27/><F27/><W102/><G13/><T5/><D50/><AGARI ba="1,1" hai="14,16,21,24,31,35,41,47,50,56,59,86,88,95" machi="50" ten="30,7700,0" yaku="1,1,7,1,54,2,53,0" doraHai="98" doraHaiUra="123" who="2" fromWho="0" sc="250,-80,292,0,266,90,182,0" /><INIT seed="2,0,0,1,1,22" ten="170,292,356,182" oya="2" hai0="101,90,36,76,88,20,4,24,57,10,30,91,17" hai1="38,46,100,106,118,67,41,103,102,44,54,117,43" hai2="86,133,72,115,84,35,66,123,110,23,1,3,81" hai3="70,47,56,12,131,104,89,31,29,49,78,16,132"/><V85/><F115/><W2/><G70/><T58/><D36/><U134/><E106/><V11/><F123/><W37/><G104/><T94/><D76/><U7/><E134/><V73/><F35/><W129/><G132/><T64/><D64/><U83/><E67/><V111/><F133/><W108/><G2/><N who="2" m="521" /><F11/><W109/><G78/><T98/><REACH who="0" step="1"/><D30/><REACH who="0" ten="160,292,356,182" step="2"/><N who="3" m="11273" /><G37/><T62/><D62/><U135/><E38/><V21/><F66/><W75/><G75/><T107/><D107/><U45/><E135/><V113/><F73/><W79/><G79/><T18/><D18/><U28/><E28/><V42/><F72/><W120/><G120/><T130/><D130/><N who="3" m="49673" /><G56/><T34/><D34/><U0/><E118/><V68/><F113/><W8/><G89/><T5/><D5/><U124/><E7/><V93/><F68/><W33/><G33/><T97/><D97/><U80/><E117/><V63/><F86/><W48/><G48/><T69/><D69/><U99/><E99/><V105/><F85/><W71/><G71/><T77/><D77/><U125/><E103/><V40/><F84/><W26/><G49/><T15/><AGARI ba="0,1" hai="4,10,15,17,20,24,57,58,88,90,91,94,98,101" machi="15" ten="30,8000,1" yaku="1,1,0,1,8,1,52,1,54,1,53,0" doraHai="22" doraHaiUra="82" who="0" fromWho="0" sc="160,90,292,-20,356,-40,182,-20" /><INIT seed="3,0,0,1,4,72" ten="250,272,316,162" oya="3" hai0="112,66,119,73,94,23,103,3,74,63,100,120,15" hai1="75,134,114,68,54,117,57,37,116,83,44,77,115" hai2="124,80,85,106,122,51,4,110,35,130,90,58,67" hai3="109,28,96,102,29,13,93,18,98,17,12,2,125"/><W47/><G2/><T11/><D120/><U99/><E68/><V61/><F35/><W0/><G0/><T105/><D105/><U89/><E134/><V20/><F106/><W78/><G125/><T46/><D119/><N who="1" m="45643" /><E44/><V82/><F122/><W101/><G109/><T52/><D3/><U88/><E37/><V42/><F110/><W60/><G47/><T48/><D23/><U6/><E6/><V87/><F130/><W21/><G60/><T32/><D32/><U84/><E99/><V126/><F4/><W19/><G19/><T5/><D112/><N who="1" m="43051" /><E75/><V131/><F131/><W41/><G41/><T24/><D24/><U95/><E95/><V121/><F121/><W40/><G40/><T76/><D74/><U53/><E53/><V132/><F132/><W25/><G25/><T81/><D94/><U33/><E33/><V26/><F42/><W127/><G127/><T45/><D45/><U69/><E69/><AGARI ba="0,0" hai="5,11,15,46,48,52,63,66,69,73,76,81,100,103" machi="69" ten="30,3900,0" yaku="7,1,52,1,54,1" doraHai="72" who="0" fromWho="1" sc="250,39,272,-39,316,0,162,0" owari="289,9.0,233,-17.0,316,42.0,162,-34.0" /></mjloggm>