<mjloggm ver="2.3"><GO type="185" lobby="0"/><UN n0="%68%69%72%6F%6E%6E%32%30" n1="%53%47%E4%BA%8C%E7%95%99" n2="%E3%81%BF%E3%82%83%E3%83%BC%E3%81%B6%E3%82%8C%E3%81%84%E3%81%8F" n3="" dan="17,17,16,0" rate="2241.80,2247.39,2194.66,1500.00" sx="M,M,M,C"/><TAIKYOKU oya="0"/><INIT seed="0,0,0,2,4,83" ten="350,350,350,0" oya="0" hai0="121,51,112,43,130,1,132,104,114,127,116,41,86" hai1="74,48,77,102,108,38,39,69,52,35,47,72,49" hai2="134,128,82,85,98,40,61,81,119,59,95,107,89" hai3=""/><T96/><N who="0" m="31008" /><T78/><D116/><U63/><E35/><V126/><F119/><T92/><D1/><U133/><E108/><V117/><F117/><T122/><N who="0" m="31264" /><T0/><D0/><U3/><E3/><V93/><F126/><T62/><D127/><U99/><E133/><V54/><F134/><T75/><D130/><U37/><E77/><V76/><F128/><T60/><D132/><U44/><E63/><V125/><F125/><T135/><D135/><U115/><E69/><V124/><F124/><T90/><D62/><U106/><REACH who="1" step="1"/><E115/><REACH who="1" ten="350,340,350,0" step="2"/><V120/><N who="2" m="30752" /><V110/><F110/><T111/><D111/><U131/><E131/><V53/><F76/><T50/><D114/><U103/><E103/><V123/><F61/><T118/><D118/><U97/><E97/><V55/><F98/><T68/><D112/><U42/><AGARI ba="0,1" hai="37,38,39,42,44,47,48,49,52,72,74,99,102,106" machi="42" ten="30,3000,0" yaku="1,1,0,1,54,1,53,0" doraHai="83" doraHaiUra="56" who="1" fromWho="1" sc="350,-20,340,40,350,-10,0,0" /><INIT seed="1,0,0,2,5,49" ten="330,380,340,0" oya="1" hai0="93,37,88,36,73,51,55,76,98,85,47,78,103" hai1="43,38,89,53,96,110,58,61,124,67,75,39,84" hai2="32,118,35,71,112,79,99,131,44,90,33,63,97" hai3=""/><U69/><E124/><V94/><F118/><T129/><D129/><U111/><E75/><V101/><F131/><T34/><D34/><U119/><E119/><V86/><F112/><T125/><D125/><U133/><E133/><V102/><F44/><T135/><D135/><U52/><E96/><V81/><REACH who="2" step="1"/><F99/><REACH who="2" ten="330,380,330,0" step="2"/><T130/><D130/><U59/><E111/><V45/><F45/><T82/><REACH who="0" step="1"/><D78/><REACH who="0" ten="320,380,330,0" step="2"/><U57/><E110/><V3/><F3/><T117/><D117/><U56/><N who="1" m="14336" /><DORA hai="80" /><U60/><E60/><V116/><F116/><T107/><AGARI ba="0,2" hai="36,37,47,51,55,73,76,82,85,88,93,98,103,107" machi="107" ten="20,12000,3" yaku="1,1,0,1,7,1,24,2,52,2,54,1,53,1" doraHai="49,80" doraHaiUra="95,121" who="0" fromWho="0" sc="320,140,380,-80,330,-40,0,0" /><INIT seed="2,0,0,4,3,67" ten="460,300,290,0" oya="2" hai0="70,104,113,41,101,117,51,99,102,59,120,103,97" hai1="74,53,135,65,34,47,89,46,91,44,85,105,107" hai2="94,55,49,130,80,36,121,95,119,0,63,50,132" hai3=""/><V69/><N who="2" m="31008" /><V71/><F119/><T98/><N who="0" m="30752" /><T122/><N who="0" m="31264" /><T127/><D117/><U40/><E34/><V118/><F118/><T54/><D113/><U52/><E74/><V2/><F36/><T124/><D41/><U78/><E135/><V37/><F37/><T57/><D70/><N who="2" m="26634" /><F80/><T62/><D104/><U75/><E65/><V79/><F55/><T133/><D133/><U106/><E40/><V43/><F43/><T123/><N who="0" m="31520" /><T83/><D83/><U134/><E134/><V87/><F63/><T131/><D131/><U81/><REACH who="1" step="1"/><E91/><REACH who="1" ten="460,290,290,0" step="2"/><V77/><F132/><T38/><D38/><U66/><E66/><V109/><F130/><T76/><D76/><U88/><E88/><V35/><F35/><T129/><D129/><U115/><E115/><V42/><F42/><T90/><D90/><U73/><E73/><V100/><F79/><T58/><REACH who="0" step="1"/><D62/><REACH who="0" ten="450,290,290,0" step="2"/><U33/><E33/><V56/><F77/><T125/><AGARI ba="0,2" hai="51,54,57,58,59,97,98,99,101,102,103,124,125,127" m="31520,31264,30752" machi="125" ten="40,18000,4" yaku="1,1,2,1,0,1,29,2,18,1,52,3,53,3" doraHai="67" doraHaiUra="116" who="0" fromWho="0" sc="450,200,290,-60,290,-120,0,0" /><INIT seed="4,0,0,1,2,58" ten="650,230,170,0" oya="0" hai0="53,113,50,78,37,126,40,34,128,87,98,38,107" hai1="66,80,39,81,73,74,95,130,36,112,65,86,41" hai2="131,122,101,121,99,42,88,79,83,47,46,118,68" hai3=""/><T104/><D34/><U64/><E130/><V72/><N who="2" m="31008" /><V94/><N who="2" m="31264" /><V120/><N who="2" m="30752" /><V114/><F131/><T109/><D109/><U77/><E112/><V1/><F1/><T32/><D113/><U100/><E41/><V108/><F108/><T67/><D32/><U62/><E62/><V115/><F118/><T56/><D37/><U105/><E105/><V106/><F68/><T71/><D98/><U129/><E129/><V49/><REACH who="2" step="1"/><F47/><REACH who="2" ten="650,230,160,0" step="2"/><T75/><D128/><U127/><E127/><V54/><F54/><T48/><D126/><U61/><E66/><V3/><F3/><T91/><D71/><U90/><E65/><V103/><F103/><T84/><D67/><U93/><E100/><V69/><F69/><T85/><D107/><U102/><E102/><V51/><F51/><T135/><D104/><U63/><E64/><V76/><F76/><T97/><D50/><U82/><E36/><V57/><F57/><T111/><D111/><U60/><E39/><V70/><F70/><T0/><D0/><U44/><E44/><V35/><F35/><T45/><D48/><U123/><E123/><V43/><F43/><T96/><D45/><U125/><E125/><V117/><F117/><T92/><D38/><RYUUKYOKU ba="0,1" sc="650,-20,230,10,160,10,0,0" hai1="60,61,63,73,74,77,80,81,82,86,90,93,95" hai2="42,46,49,72,79,83,88,94,99,101,106,114,115" /><INIT seed="5,1,1,1,2,55" ten="630,240,170,0" oya="1" hai0="133,97,58,108,81,74,0,48,63,118,38,50,83" hai1="88,128,43,91,80,75,69,40,36,70,2,1,115" hai2="109,35,68,46,78,107,129,65,134,89,42,60,114" hai3=""/><U92/><E115/><V110/><F35/><T77/><D0/><U124/><E128/><V47/><F129/><T44/><D108/><U73/><E92/><V104/><F114/><T119/><D133/><U90/><E124/><V93/><F134/><T52/><D97/><U39/><REACH who="1" step="1"/><E91/><REACH who="1" ten="630,230,170,0" step="2"/><V53/><F109/><T87/><D119/><U125/><E125/><V105/><F110/><T79/><D118/><U37/><E37/><V103/><F89/><T117/><D117/><U99/><E99/><V132/><F132/><T127/><D127/><U67/><E67/><V62/><F105/><T131/><D131/><U41/><E41/><V94/><F104/><T95/><D95/><U96/><E96/><V51/><F107/><T33/><D38/><U85/><E85/><V116/><F116/><T102/><D87/><U98/><E98/><V84/><F93/><T45/><D74/><U3/><E3/><V72/><F72/><T82/><D82/><AGARI ba="1,2" hai="1,2,36,39,40,43,69,70,73,75,80,82,88,90" machi="82" ten="25,9600,0" yaku="1,1,22,2,54,1,53,0" doraHai="55" doraHaiUra="120" who="1" fromWho="0" sc="630,-98,230,118,170,0,0,0" /><INIT seed="5,2,0,3,0,119" ten="532,348,170,0" oya="1" hai0="64,113,0,65,82,124,108,34,45,41,42,98,115" hai1="87,55,33,130,1,120,46,121,51,61,114,36,37" hai2="70,81,71,117,132,91,3,116,125,112,83,100,43" hai3=""/><U67/><N who="1" m="30752" /><U129/><N who="1" m="31008" /><U75/><E1/><V48/><F3/><T99/><D34/><U68/><E33/><V122/><N who="2" m="31264" /><V62/><F125/><T78/><D124/><U52/><E75/><V58/><F132/><T66/><D108/><U95/><E114/><N who="0" m="43529" /><D0/><U109/><E109/><V49/><F112/><T110/><D110/><U101/><E87/><V74/><F100/><T92/><D92/><U84/><E84/><V93/><F43/><N who="0" m="16394" /><D45/><U44/><E95/><V102/><F102/><T77/><D82/><U135/><E101/><V40/><F40/><T50/><D50/><U79/><E79/><AGARI ba="2,0" hai="64,65,66,77,78,79,98,99" m="16394,43529" machi="79" ten="40,5200,0" yaku="28,2,15,1" doraHai="119" who="0" fromWho="1" sc="532,56,348,-56,170,0,0,0" /><INIT seed="6,0,0,2,5,46" ten="588,292,170,0" oya="2" hai0="125,95,2,109,33,128,39,63,104,37,60,129,118" hai1="126,86,132,121,103,38,77,120,32,88,124,112,131" hai2="93,85,71,82,114,65,45,58,50,99,83,78,62" hai3=""/><V122/><N who="2" m="31264" /><V92/><F114/><T76/><D76/><U42/><N who="1" m="30752" /><U73/><N who="1" m="31008" /><U59/><E32/><V98/><F71/><T66/><D95/><N who="2" m="36426" /><F83/><T1/><D104/><U84/><E112/><V74/><F74/><T67/><D118/><U49/><E73/><V69/><F69/><T101/><D101/><U89/><E103/><V72/><F72/><T106/><D106/><U52/><E77/><V87/><F85/><T97/><D97/><U81/><E86/><V134/><F134/><T3/><D33/><U113/><E132/><V91/><F78/><T123/><N who="0" m="31520" /><T0/><D0/><U100/><E113/><V36/><F36/><T130/><D37/><U110/><E38/><V111/><F111/><T108/><D39/><U34/><E110/><N who="0" m="42601" /><D125/><U94/><E126/><V117/><F117/><T79/><D79/><U48/><E124/><V127/><F127/><T40/><D40/><AGARI ba="0,0" hai="40,45,50,58,62,65,82,87,91,98,99" m="36426,31264" machi="40" ten="30,5800,0" yaku="8,1,52,2" doraHai="46" who="2" fromWho="0" sc="588,-58,292,0,170,58,0,0" /><INIT seed="6,1,0,2,5,67" ten="530,292,228,0" oya="2" hai0="112,122,98,111,50,96,41,107,44,71,78,88,37" hai1="39,74,56,79,3,97,118,115,42,76,58,135,123" hai2="117,75,103,132,48,119,38,36,87,2,57,126,99" hai3=""/><V127/><F75/><T86/><N who="0" m="31264" /><T54/><D111/><U104/><N who="1" m="31520" /><U133/><E3/><V59/><F2/><T70/><D78/><N who="1" m="29739" /><E74/><V108/><F108/><T130/><D130/><U89/><E115/><V83/><F132/><N who="1" m="50761" /><E118/><N who="2" m="45067" /><F87/><T82/><D112/><U128/><E128/><V129/><F83/><T116/><D116/><U101/><E89/><V77/><F77/><T92/><D107/><U124/><E124/><N who="2" m="47659" /><F129/><T113/><D113/><U105/><E105/><V63/><F48/><T61/><D98/><U91/><E91/><V80/><F80/><T120/><N who="0" m="30752" /><T32/><D32/><U55/><E55/><V62/><F99/><T40/><D96/><U1/><E1/><V85/><F85/><T93/><D93/><U94/><E94/><V81/><F103/><T90/><D92/><U34/><E34/><V95/><F81/><T68/><D82/><U51/><E51/><V102/><F102/><T114/><D86/><U43/><E39/><N who="2" m="14891" /><F95/><T35/><D35/><U52/><E101/><V100/><F100/><T33/><D33/><U53/><E97/><V49/><F49/><T47/><D114/><U121/><E104/><V109/><F109/><T131/><D131/><U46/><E121/><V60/><AGARI ba="1,0" hai="57,59,60,62,63" m="14891,47659,45067" machi="60" ten="40,12000,2" yaku="5,1,28,2,18,1,34,2" doraHai="67" who="2" fromWho="2" sc="530,-61,292,-61,228,122,0,0" /><INIT seed="6,2,0,0,4,77" ten="469,231,350,0" oya="2" hai0="93,108,32,121,0,82,115,94,40,51,79,36,92" hai1="123,100,55,38,46,65,41,109,133,81,103,122,106" hai2="66,119,72,64,127,33,99,59,114,84,80,62,39" hai3=""/><V87/><F119/><T58/><N who="0" m="31008" /><T78/><D108/><U67/><N who="1" m="31264" /><U70/><N who="1" m="31520" /><U48/><E109/><V130/><F33/><T117/><D0/><U83/><E133/><V120/><N who="2" m="30752" /><V57/><F114/><T112/><D32/><U111/><E111/><V131/><F39/><T56/><D36/><U104/><E103/><V88/><F72/><T124/><D79/><U47/><E100/><V126/><F99/><T107/><D107/><U105/><REACH who="1" step="1"/><E70/><REACH who="1" ten="469,221,350,0" step="2"/><V89/><F130/><T54/><D117/><U74/><E74/><V73/><F73/><T95/><D115/><U35/><E35/><V53/><F131/><T85/><D112/><U71/><E71/><V42/><F126/><T3/><D124/><U76/><E76/><V60/><F127/><T69/><D69/><U49/><E49/><V110/><F110/><T91/><D3/><U44/><E44/><V132/><F132/><T61/><D78/><U134/><E134/><V43/><F66/><AGARI ba="2,1" hai="38,41,46,47,48,55,65,66,67,81,83,104,105,106" m="31520,31264" machi="66" ten="40,12000,2" yaku="1,1,52,4,53,1" doraHai="77" doraHaiUra="37" who="1" fromWho="2" sc="469,0,221,134,350,-124,0,0" owari="469,41.0,355,-4.0,226,-37.0,0,0.0" /></mjloggm>