<mjloggm ver="2.3"><GO type="225" lobby="0"/><UN n0="%E4%B9%9D%E4%B8%88%E8%8A%B1%E9%9F%B3" n1="%E3%83%81%E3%83%BC%E3%83%88%E3%82%A4%E7%9F%AD%E6%9C%9F%E5%A4%A7%E5%AD%A6" n2="%E3%81%AB%E3%81%9B%E6%82%9F%E7%A9%BA" n3="%E2%98%85%E3%83%9F%E3%83%BC%E3%82%B3%E2%98%85" dan="16,16,17,17" rate="2162.85,2138.47,2180.30,2236.22" sx="F,M,M,F"/><TAIKYOKU oya="0"/><INIT seed="0,0,0,3,4,114" ten="250,250,250,250" oya="0" hai0="61,122,49,35,0,112,53,10,94,96,5,65,131" hai1="37,50,108,66,36,70,134,26,23,113,111,75,32" hai2="76,135,54,38,103,33,44,86,126,92,64,39,133" hai3="132,84,130,19,69,30,107,29,105,88,24,125,48"/><T28/><D112/><U81/><E32/><V55/><F33/><W98/><G130/><T120/><D131/><U2/><E113/><V104/><F104/><W17/><G132/><N who="2" m="50761" /><F103/><W51/><G125/><T58/><D28/><U83/><E134/><V74/><F74/><W40/><G69/><T20/><D20/><U119/><E2/><V22/><F22/><W95/><G30/><T85/><D85/><U102/><E102/><V16/><F16/><W52/><G105/><T31/><D31/><U42/><E23/><V46/><F92/><N who="3" m="54279" /><G107/><T25/><D25/><U8/><E26/><V127/><F86/><W116/><G116/><T124/><D124/><N who="2" m="47658" /><F76/><W91/><G24/><T4/><D4/><U128/><E8/><V115/><F115/><W129/><G129/><T41/><D41/><U1/><E128/><V21/><F21/><W63/><G40/><T12/><D0/><U106/><E106/><V101/><F101/><W72/><G72/><T117/><D35/><U18/><E1/><V90/><F90/><W118/><G29/><T78/><D78/><N who="1" m="44255" /><E18/><N who="3" m="6666" /><G118/><T80/><D117/><U15/><E119/><V77/><F77/><W82/><G82/><T47/><D80/><U100/><E83/><V45/><F64/><W7/><G7/><T43/><D65/><U6/><E100/><AGARI ba="0,0" hai="5,10,12,43,47,49,53,58,61,94,96,100,120,122" machi="100" ten="30,1500,0" yaku="7,1" doraHai="114" who="0" fromWho="1" sc="250,15,250,-15,250,0,250,0" /><INIT seed="0,1,0,5,2,132" ten="265,235,250,250" oya="0" hai0="77,29,31,89,123,112,78,83,37,99,103,30,66" hai1="7,90,72,42,55,33,134,94,59,54,73,64,58" hai2="75,17,38,50,74,104,130,32,95,2,45,106,56" hai3="9,76,4,21,8,107,79,88,113,62,124,114,34"/><T105/><D112/><U110/><E33/><V18/><F32/><W119/><G34/><T108/><D123/><U71/><E110/><V93/><F2/><W12/><G107/><T116/><D116/><U63/><E134/><V3/><F3/><W122/><G119/><T16/><D37/><U125/><E7/><V102/><F56/><W84/><G122/><T65/><D108/><U70/><E42/><V121/><F121/><W133/><G133/><T109/><D109/><U115/><E115/><V128/><F50/><W13/><G114/><T14/><D89/><U36/><E36/><V68/><F38/><W67/><G21/><T49/><D49/><U20/><E20/><V87/><F87/><W127/><G113/><T25/><D25/><U53/><E70/><V1/><F1/><W51/><G51/><T40/><D40/><U96/><E59/><V46/><REACH who="2" step="1"/><F102/><REACH who="2" ten="265,235,240,250" step="2"/><W117/><G117/><T131/><D131/><U52/><REACH who="1" step="1"/><E125/><REACH who="1" ten="265,225,240,250" step="2"/><V60/><F60/><AGARI ba="1,2" hai="52,53,54,55,58,60,63,64,71,72,73,90,94,96" machi="60" ten="40,5200,0" yaku="1,1,2,1,54,1,53,0" doraHai="132" doraHaiUra="120" who="1" fromWho="2" sc="265,0,225,75,240,-55,250,0" /><INIT seed="1,0,0,0,0,37" ten="265,300,185,250" oya="1" hai0="8,52,12,85,39,123,10,65,86,1,83,132,87" hai1="128,61,125,98,95,54,97,19,99,31,104,62,115" hai2="120,70,43,69,127,58,135,110,11,30,89,68,75" hai3="118,34,50,101,74,72,38,60,22,79,14,88,124"/><U113/><E104/><V27/><F120/><W28/><G38/><T45/><D123/><U16/><E31/><V64/><F75/><W9/><G124/><T105/><D105/><U82/><E95/><V76/><F76/><W129/><G129/><T33/><D33/><U112/><E82/><V93/><F127/><W111/><G34/><T53/><D65/><U100/><E125/><V32/><F110/><W46/><G111/><T80/><D132/><U134/><E54/><V36/><F135/><W42/><G101/><T103/><D103/><U130/><E100/><V41/><F36/><W48/><G118/><T15/><D1/><U109/><E109/><V107/><F107/><W92/><G79/><T47/><D86/><U121/><E121/><V108/><F11/><W4/><G60/><N who="1" m="23146" /><E134/><V3/><F58/><W131/><G50/><T133/><D39/><U44/><E44/><V114/><F64/><W94/><G94/><T84/><D84/><U117/><E117/><V96/><F108/><W66/><G66/><T78/><D133/><U18/><AGARI ba="0,0" hai="16,18,19,97,98,99,112,113,115,128,130" m="23146" machi="18" ten="50,12000,1" yaku="29,2,28,2,54,1" doraHai="37" who="1" fromWho="1" sc="265,-40,300,120,185,-40,250,-40" /><INIT seed="1,1,0,3,0,128" ten="225,420,145,210" oya="1" hai0="119,16,94,0,130,129,123,9,133,39,59,50,89" hai1="96,81,62,95,74,4,92,100,110,84,85,60,135" hai2="41,38,86,32,134,30,106,115,19,79,40,14,21" hai3="68,91,114,132,45,12,78,54,22,31,18,65,71"/><U27/><E135/><V61/><F106/><W103/><G114/><T111/><D111/><U97/><E74/><V120/><F120/><W42/><G132/><T20/><D133/><U83/><E4/><V98/><F134/><W131/><G131/><N who="0" m="50187" /><D39/><U34/><E34/><V11/><F115/><W80/><G103/><T108/><D108/><U17/><E110/><V70/><F32/><W46/><G31/><T25/><D119/><U6/><E6/><V36/><F36/><W10/><G65/><T102/><D102/><U87/><E17/><V122/><F122/><W35/><G35/><T67/><D0/><U24/><E85/><V26/><F38/><W72/><G91/><T52/><D9/><U2/><E100/><V44/><F44/><W64/><G64/><T63/><D123/><U121/><E121/><V33/><F98/><W8/><G54/><T126/><D126/><U93/><E93/><V58/><F70/><W127/><G46/><T101/><D101/><U53/><E53/><N who="2" m="33999" /><F33/><W51/><REACH who="3" step="1"/><G127/><REACH who="3" ten="225,420,145,200" step="2"/><T5/><D5/><U116/><E2/><V109/><F109/><W113/><G113/><T105/><D105/><U13/><E116/><V47/><F47/><W77/><G77/><T49/><D67/><U7/><E7/><N who="2" m="3455" /><F30/><W124/><G124/><T28/><D28/><U23/><E96/><AGARI ba="1,1" hai="16,20,25,49,50,52,59,63,89,94,96" m="50187" machi="96" ten="30,7700,0" yaku="25,1,19,1,54,2" doraHai="128" who="0" fromWho="1" sc="225,90,420,-80,145,0,200,0" /><INIT seed="2,0,0,3,5,30" ten="315,340,145,200" oya="2" hai0="102,11,118,51,49,79,69,55,120,91,16,15,62" hai1="109,8,1,46,28,111,95,90,77,114,58,29,100" hai2="39,121,92,20,72,59,17,96,97,31,75,101,7" hai3="41,2,116,68,50,45,21,13,23,65,67,125,54"/><V27/><F121/><W37/><G2/><T63/><D120/><U56/><E114/><V115/><F39/><W87/><G116/><T107/><D79/><U103/><E77/><V26/><F115/><W135/><G135/><T131/><D131/><U34/><E46/><V73/><F7/><W12/><G125/><T19/><D69/><U44/><E44/><V84/><F84/><W86/><G67/><T127/><D127/><U112/><E112/><V124/><F124/><W53/><G86/><T93/><D107/><U81/><E81/><V66/><F97/><W25/><G87/><T88/><D19/><U40/><E40/><V94/><F94/><W64/><G54/><T104/><D104/><U5/><E29/><V129/><F129/><W3/><G3/><T42/><D42/><U78/><E78/><V106/><F106/><W38/><G38/><T126/><D118/><U123/><E123/><V43/><F43/><W80/><G80/><T22/><D11/><U71/><E103/><V4/><F4/><W98/><G98/><N who="0" m="59727" /><D51/><U36/><E100/><V0/><F0/><W10/><G68/><T99/><D126/><U113/><E71/><V133/><F133/><W117/><G117/><T35/><D35/><U6/><E36/><V128/><F128/><W52/><G37/><T61/><D99/><N who="1" m="57847" /><E6/><V32/><REACH who="2" step="1"/><F73/><REACH who="2" ten="315,340,135,200" step="2"/><W134/><G134/><T105/><D105/><U74/><E74/><V24/><F24/><W110/><G25/><T70/><D70/><U82/><E113/><V83/><F83/><W132/><G132/><T18/><D18/><U47/><E82/><RYUUKYOKU ba="0,1" sc="315,15,340,-15,135,15,200,-15" hai0="15,16,22,49,55,61,62,63,88,91" hai2="17,20,26,27,31,32,59,66,72,75,92,96,101" /><INIT seed="2,1,1,0,4,23" ten="330,325,150,185" oya="2" hai0="112,132,103,122,110,79,83,93,31,43,27,21,57" hai1="121,113,78,13,16,39,54,91,114,12,46,102,92" hai2="49,14,17,86,120,133,104,33,94,29,95,8,125" hai3="18,53,60,135,105,64,41,35,0,62,129,40,47"/><V1/><F104/><W26/><G135/><T69/><D122/><U28/><E102/><V3/><F120/><W20/><G129/><T119/><D69/><U84/><E121/><V77/><F133/><W50/><G0/><T25/><D132/><U81/><E28/><V24/><F125/><W52/><G105/><T130/><D112/><U90/><E13/><V96/><F49/><W108/><G108/><T5/><D110/><U61/><E91/><V48/><F48/><N who="3" m="28703" /><G35/><T67/><D5/><U9/><E61/><N who="3" m="23658" /><G64/><T15/><D67/><U89/><E89/><V87/><F87/><W99/><G99/><T75/><D103/><U76/><E54/><V10/><F10/><W2/><G2/><T51/><D51/><U107/><E107/><V71/><F71/><W82/><G82/><T59/><D83/><U6/><E76/><V127/><F127/><W124/><G124/><T34/><D79/><U106/><E106/><V44/><F44/><AGARI ba="1,1" hai="18,20,26,40,41,44,50,53" m="23658,28703" machi="44" ten="30,3900,0" yaku="8,1,52,1,54,1" doraHai="23" who="3" fromWho="2" sc="330,0,325,0,150,-42,185,52" /><INIT seed="3,0,0,1,0,57" ten="330,325,108,237" oya="3" hai0="92,117,123,67,32,33,0,42,102,11,73,132,13" hai1="111,35,65,27,82,118,81,22,78,7,99,135,68" hai2="77,9,21,86,3,58,38,107,103,36,84,20,83" hai3="100,31,45,96,104,44,46,88,121,59,34,129,40"/><W87/><G121/><T106/><D117/><U28/><E7/><V76/><F107/><W114/><G114/><T97/><D123/><U8/><E8/><V93/><F103/><W4/><G129/><T89/><D0/><U50/><E68/><V47/><F47/><W85/><G4/><T49/><D67/><U18/><E65/><V10/><F3/><W98/><G40/><T63/><D63/><U61/><E61/><V126/><F58/><W66/><G31/><T105/><D73/><U23/><E35/><V6/><F6/><W43/><G34/><T95/><D33/><U15/><E111/><V74/><F93/><W14/><G14/><T12/><D12/><U2/><E2/><V53/><F53/><W70/><G70/><T124/><D32/><U112/><E112/><V56/><F56/><W25/><G25/><T119/><D42/><U29/><E135/><V91/><F91/><W26/><G26/><T17/><D132/><U75/><E118/><V116/><F116/><W80/><G96/><T115/><D119/><U60/><E60/><V101/><F101/><W127/><G127/><T90/><D124/><U30/><E99/><V134/><F126/><W48/><G87/><N who="0" m="52287" /><D115/><U1/><E1/><V69/><F69/><W71/><G71/><T52/><D102/><U37/><E37/><V131/><F134/><W24/><G24/><T94/><D94/><U51/><REACH who="1" step="1"/><E82/><REACH who="1" ten="330,315,108,237" step="2"/><V41/><F83/><W133/><G133/><T64/><D64/><U62/><E62/><V110/><F110/><W39/><G66/><T54/><D49/><AGARI ba="0,1" hai="15,18,22,23,27,28,29,30,49,50,51,75,78,81" machi="49" ten="40,1300,0" yaku="1,1,53,0" doraHai="57" doraHaiUra="5" who="1" fromWho="0" sc="330,-13,315,23,108,0,237,0" owari="317,12.0,338,43.0,108,-39.0,237,-16.0" /></mjloggm>