<mjloggm ver="2.3"><GO type="169" lobby="0"/><UN n0="%E3%81%9F%E3%81%8F%E3%81%98%E3%82%8D%E3%81%86" n1="%6B%6F%6A%69%6D%6F%6E%39" n2="%E3%81%88%E3%81%8C%E3%82%8F%E3%82%8A%E3%81%8A" n3="%E7%A0%B4%E5%A3%8A%E9%AD%94%E3%81%A1%E3%82%8B%E3%81%BF" dan="16,16,16,17" rate="2115.92,2108.00,2070.06,2173.86" sx="M,M,M,F"/><TAIKYOKU oya="0"/><INIT seed="0,0,0,1,5,119" ten="250,250,250,250" oya="0" hai0="27,8,36,60,132,26,135,28,51,30,67,72,14" hai1="17,5,6,25,130,122,15,129,4,19,84,21,64" hai2="118,101,34,58,59,42,110,98,63,66,62,117,102" hai3="83,41,108,37,69,53,112,93,127,134,55,115,16"/><T38/><D72/><U76/><E64/><V113/><F113/><W120/><G69/><T56/><D51/><U109/><E76/><V82/><F34/><W126/><G83/><T44/><D27/><U39/><E39/><V2/><F2/><W103/><G103/><T11/><D11/><U89/><E89/><V32/><F32/><W105/><G105/><T81/><D81/><U73/><E73/><V23/><F110/><W104/><G104/><T99/><D99/><U9/><E84/><V35/><F35/><W7/><G7/><T106/><D106/><U52/><E52/><N who="3" m="20042" /><G16/><N who="0" m="8263" /><D44/><U95/><E95/><V121/><F42/><W79/><G93/><T20/><D30/><U111/><REACH who="1" step="1"/><E122/><REACH who="1" ten="250,240,250,250" step="2"/><V10/><F121/><W96/><G79/><T131/><D131/><AGARI ba="0,1" hai="4,5,6,9,15,17,19,21,25,109,111,129,130,131" machi="131" ten="40,12000,2" yaku="1,1,2,1,19,1,34,3,53,0" doraHai="119" doraHaiUra="77" who="1" fromWho="0" sc="250,-120,240,130,250,0,250,0" /><INIT seed="1,0,0,4,3,22" ten="130,370,250,250" oya="1" hai0="0,61,10,105,8,93,134,42,103,104,100,39,11" hai1="52,59,50,60,28,66,18,3,122,124,109,36,82" hai2="130,120,131,119,112,34,108,101,75,85,26,49,4" hai3="110,89,107,12,87,9,97,126,96,17,116,81,14"/><U70/><E122/><V24/><F75/><W21/><G110/><T77/><D0/><U30/><E109/><V53/><F120/><W83/><G126/><T129/><D134/><U7/><E124/><V16/><F108/><W98/><G116/><T45/><D129/><N who="2" m="49162" /><F119/><W63/><G63/><T94/><D77/><U38/><E18/><V123/><F123/><W31/><G107/><T55/><D55/><U125/><E125/><V41/><F4/><W29/><REACH who="3" step="1"/><G81/><REACH who="3" ten="130,370,250,240" step="2"/><T27/><D61/><U56/><E82/><V121/><F112/><W25/><G25/><T62/><D62/><U71/><E71/><V15/><F121/><W57/><G57/><T99/><REACH who="0" step="1"/><D27/><REACH who="0" ten="120,370,250,240" step="2"/><U13/><E70/><V2/><F26/><W6/><AGARI ba="0,2" hai="6,9,12,14,17,21,29,31,83,87,89,96,97,98" machi="6" ten="30,4000,0" yaku="1,1,0,1,8,1,53,0" doraHai="22" doraHaiUra="88" who="3" fromWho="3" sc="120,-10,370,-20,250,-10,240,60" /><INIT seed="2,0,0,4,0,41" ten="110,350,240,300" oya="2" hai0="93,128,85,120,7,14,67,51,16,88,76,78,108" hai1="95,13,45,73,46,55,5,44,114,38,133,126,74" hai2="82,87,29,68,57,100,60,10,35,61,81,25,127" hai3="39,12,66,62,8,1,129,36,6,22,65,9,101"/><V104/><F127/><W58/><G129/><T92/><D120/><U64/><E114/><V80/><F68/><W107/><G66/><T99/><D128/><U96/><E38/><V98/><F10/><W124/><G124/><T110/><D7/><U103/><E126/><V116/><F116/><W117/><G117/><T106/><D106/><U17/><E64/><V15/><F15/><W24/><G101/><T27/><D27/><U59/><E5/><V94/><F104/><W18/><REACH who="3" step="1"/><G107/><REACH who="3" ten="110,350,240,290" step="2"/><T34/><D67/><U49/><REACH who="1" step="1"/><E133/><REACH who="1" ten="110,340,240,290" step="2"/><V63/><REACH who="2" step="1"/><F57/><REACH who="2" ten="110,340,230,290" step="2"/><W97/><G97/><T71/><D99/><U119/><E119/><V109/><F109/><W112/><G112/><T21/><D110/><U86/><E86/><AGARI ba="0,3" hai="25,29,35,60,61,63,80,81,82,86,87,94,98,100" machi="86" ten="40,3900,0" yaku="1,1,53,1" doraHai="41" doraHaiUra="90" who="2" fromWho="1" sc="110,0,340,-39,230,69,290,0" /><INIT seed="2,1,0,4,0,89" ten="110,301,299,290" oya="2" hai0="22,46,93,63,83,88,21,77,37,74,4,101,51" hai1="112,128,18,100,85,81,124,58,78,68,80,52,12" hai2="50,20,94,59,86,106,64,108,45,73,69,119,105" hai3="117,62,0,95,130,7,132,116,60,135,5,3,127"/><V53/><F119/><N who="3" m="45643" /><G127/><T120/><D120/><U42/><E112/><V113/><F113/><W32/><G32/><T107/><D37/><U66/><E124/><V98/><F73/><W61/><G130/><T90/><D4/><N who="3" m="1609" /><G95/><T17/><D63/><N who="3" m="16129" /><W70/><DORA hai="13" /><G70/><T87/><D90/><U109/><E109/><V122/><F69/><W56/><G56/><T99/><REACH who="0" step="1"/><D17/><REACH who="0" ten="100,301,299,290" step="2"/><U102/><E68/><V2/><F122/><W29/><G29/><T36/><D36/><U15/><E128/><V6/><F108/><W115/><G115/><T133/><D133/><AGARI ba="1,1" hai="0,3,132,133,135" m="16129,1609,45643" machi="133" ten="40,5200,0" yaku="28,2,20,1" doraHai="89,13" who="3" fromWho="0" sc="100,-55,301,0,299,0,290,65" /><INIT seed="3,0,0,3,0,119" ten="45,301,299,355" oya="3" hai0="12,64,38,6,89,56,15,48,31,36,44,99,66" hai1="108,19,133,86,124,54,69,121,80,63,20,72,71" hai2="92,49,51,21,100,74,16,28,106,43,115,70,85" hai3="109,102,107,5,125,46,32,37,59,60,87,62,78"/><W42/><G32/><T98/><D31/><U26/><E108/><V94/><F115/><W4/><G125/><T1/><D1/><U88/><E124/><V3/><F74/><W123/><G123/><T34/><D34/><U134/><E72/><V61/><F3/><W57/><G109/><T79/><D79/><U76/><E76/><V17/><F106/><W14/><G107/><T103/><D103/><U53/><E121/><V29/><F70/><W8/><G102/><T40/><D38/><U135/><REACH who="1" step="1"/><E63/><REACH who="1" ten="45,291,299,355" step="2"/><V7/><F61/><W126/><G126/><T50/><D36/><U96/><E96/><V127/><F127/><W130/><G60/><T132/><D99/><U118/><E118/><V47/><F85/><W18/><G130/><T122/><D122/><U90/><E90/><V55/><F100/><W112/><G112/><T77/><D77/><U82/><E82/><V39/><F92/><W116/><G116/><T2/><D89/><U22/><E22/><V35/><F94/><W95/><G95/><T117/><D98/><U101/><E101/><V33/><F39/><W84/><G87/><T105/><D117/><U68/><AGARI ba="0,1" hai="19,20,26,53,54,68,69,71,80,86,88,133,134,135" machi="68" ten="40,8000,1" yaku="1,1,0,1,20,1,54,1,53,0" doraHai="119" doraHaiUra="27" who="1" fromWho="1" sc="45,-20,291,90,299,-20,355,-40" /><INIT seed="4,0,0,3,2,71" ten="25,381,279,315" oya="0" hai0="100,32,89,42,91,116,66,6,22,84,109,83,64" hai1="97,29,0,115,35,60,30,20,114,131,25,88,58" hai2="72,57,124,21,94,102,48,5,80,133,125,111,107" hai3="39,105,34,53,99,11,37,106,75,70,63,51,54"/><T40/><D116/><U103/><E0/><V14/><F111/><W27/><G11/><T82/><D109/><U73/><E73/><V8/><F107/><W55/><G75/><T128/><D32/><U15/><E131/><V121/><F121/><W118/><G118/><T43/><D128/><U16/><E30/><V7/><F133/><W69/><G69/><T95/><D6/><U123/><E123/><V87/><F72/><W10/><G10/><T120/><D120/><U90/><E103/><V33/><F33/><W122/><G122/><T61/><D61/><U104/><E104/><V134/><F134/><W46/><G105/><T59/><D59/><U101/><E101/><V56/><F5/><W76/><G76/><T44/><D44/><U3/><E3/><V110/><F110/><W1/><G1/><T62/><D62/><U130/><E130/><V86/><F21/><W17/><G17/><T127/><D127/><N who="2" m="48714" /><F48/><W98/><G98/><T23/><D100/><U41/><E41/><V135/><F135/><W13/><G13/><T36/><D36/><N who="3" m="13897" /><G46/><T28/><D83/><U50/><E50/><V81/><F102/><N who="3" m="62815" /><G51/><T12/><D12/><U117/><E117/><V112/><F94/><W19/><G19/><T108/><D108/><U38/><E38/><V77/><F80/><W129/><G129/><T18/><D18/><U78/><E78/><V49/><F49/><W24/><G34/><T68/><D68/><U132/><E132/><V2/><F2/><W52/><N who="3" m="13312" /><DORA hai="79" /><W67/><AGARI ba="0,0" hai="24,27,63,67,70" m="13312,62815,13897" machi="67" ten="50,8000,1" yaku="4,1,52,3,54,1" doraHai="71,79" who="3" fromWho="3" sc="25,-40,381,-20,279,-20,315,80" owari="-15,-52.0,361,16.0,259,-14.0,395,50.0" /></mjloggm>