<mjloggm ver="2.3"><GO type="169" lobby="0"/><UN n0="%69%71%31%38%30%E7%9C%9F%E5%89%A3%E6%A7%98" n1="%75%34%6B%61%6D%6F%31%30" n2="%E5%B1%B1%E9%87%8C%E5%8D%93%E6%AC%A1" n3="%E9%95%B7%E5%B2%A1" dan="16,16,18,17" rate="2132.72,2061.11,2308.99,2180.92" sx="M,M,M,M"/><TAIKYOKU oya="0"/><INIT seed="0,0,0,5,1,102" ten="250,250,250,250" oya="0" hai0="34,25,51,8,11,91,115,124,15,82,116,130,83" hai1="5,105,120,104,100,96,19,32,87,24,88,126,64" hai2="17,85,23,0,44,7,47,35,61,132,33,36,56" hai3="66,72,20,53,94,109,75,71,135,101,67,106,52"/><T114/><D116/><U74/><E120/><V39/><F0/><W30/><G109/><T60/><D124/><U55/><E126/><V113/><F7/><W22/><G94/><T108/><D130/><U127/><E127/><V93/><F113/><W111/><G111/><T43/><D108/><U13/><E74/><V14/><F132/><W29/><G101/><T97/><D60/><U10/><E64/><V99/><F85/><W9/><G9/><T89/><D34/><U107/><E55/><V31/><F39/><W70/><REACH who="3" step="1"/><G135/><REACH who="3" ten="250,250,250,240" step="2"/><T16/><D115/><U95/><REACH who="1" step="1"/><E5/><REACH who="1" ten="250,240,250,240" step="2"/><V50/><F93/><W125/><G125/><T118/><D114/><U73/><E73/><V98/><F98/><W122/><G122/><T3/><D97/><U58/><E58/><V110/><F56/><W37/><G37/><T2/><D118/><U54/><E54/><V123/><F36/><W28/><G28/><AGARI ba="0,2" hai="10,13,19,24,28,32,87,88,95,96,100,104,105,107" machi="28" ten="40,8000,1" yaku="1,1,52,3,54,1,53,0" doraHai="102" doraHaiUra="117" who="1" fromWho="3" sc="250,0,240,100,250,0,240,-80" /><INIT seed="1,0,0,1,2,6" ten="250,340,250,160" oya="1" hai0="22,111,28,56,128,40,17,14,53,21,124,88,129" hai1="7,105,65,11,37,108,45,115,126,91,107,131,30" hai2="135,82,64,38,49,77,127,92,87,15,16,90,55" hai3="123,35,5,75,80,34,89,46,106,133,10,23,70"/><U2/><E115/><V25/><F135/><W44/><G123/><T130/><D111/><U117/><E117/><V74/><F127/><W100/><G133/><T96/><D124/><U84/><E126/><V29/><F38/><W112/><G112/><T43/><D28/><U4/><E131/><V66/><F25/><W24/><G70/><T118/><D22/><U104/><E108/><V31/><F31/><W61/><G61/><T113/><D118/><U27/><E65/><V13/><F13/><W58/><G58/><T93/><REACH who="0" step="1"/><D113/><REACH who="0" ten="240,340,250,160" step="2"/><U20/><E7/><V94/><F29/><W102/><G5/><T81/><D81/><U36/><REACH who="1" step="1"/><E45/><REACH who="1" ten="240,330,250,160" step="2"/><V60/><F66/><W48/><G44/><T51/><AGARI ba="0,2" hai="14,17,21,40,43,51,53,56,88,93,96,128,129,130" machi="51" ten="30,7900,0" yaku="1,1,0,1,19,1,54,1,53,0" doraHai="6" doraHaiUra="110" who="0" fromWho="0" sc="240,99,330,-39,250,-20,160,-20" /><INIT seed="2,0,0,0,1,116" ten="339,291,230,140" oya="2" hai0="121,6,34,85,75,118,22,98,51,25,126,65,113" hai1="11,131,4,68,94,28,87,114,125,82,48,79,77" hai2="107,104,14,99,3,36,91,123,103,132,31,60,10" hai3="101,7,112,74,35,20,81,5,57,102,61,47,24"/><V46/><F3/><W27/><G112/><T54/><D118/><U8/><E114/><V38/><F132/><W106/><G35/><T100/><D113/><U1/><E68/><V95/><F31/><W16/><G27/><T92/><D126/><U129/><E125/><V128/><F128/><N who="1" m="49225" /><E28/><V83/><F107/><W134/><G134/><T71/><D75/><U52/><E11/><V97/><F123/><W2/><G2/><T93/><D34/><U30/><E30/><V40/><F83/><W119/><G119/><T72/><D72/><U63/><E63/><V0/><F60/><W84/><G47/><T42/><D42/><U108/><E94/><V115/><F0/><W39/><G39/><T53/><D71/><U15/><E108/><V90/><F115/><W44/><G44/><T13/><D65/><U41/><E41/><V50/><REACH who="2" step="1"/><F91/><REACH who="2" ten="339,291,220,140" step="2"/><N who="3" m="51599" /><G106/><T29/><D29/><U33/><E1/><V80/><F80/><W124/><G124/><T18/><D121/><U9/><E33/><V130/><F130/><W73/><G73/><T133/><D133/><U105/><E105/><V86/><F86/><W17/><G74/><T43/><D85/><U21/><E87/><V56/><F56/><W70/><G70/><T64/><D100/><N who="3" m="38505" /><G57/><T89/><D89/><U78/><E82/><V12/><F12/><N who="3" m="9255" /><G61/><T135/><D13/><U109/><E15/><V59/><F59/><W45/><G45/><T120/><D135/><U88/><E78/><V26/><F26/><W96/><G96/><T23/><D120/><U62/><E79/><V110/><F110/><W69/><G69/><RYUUKYOKU ba="0,1" sc="339,-15,291,-15,220,15,140,15" hai2="10,14,36,38,40,46,50,90,95,97,99,103,104" hai3="5,7,16,24" /><INIT seed="2,1,1,0,4,120" ten="324,276,235,155" oya="2" hai0="49,85,108,39,92,17,32,52,24,101,29,59,7" hai1="69,58,53,94,135,74,110,125,72,15,82,4,127" hai2="25,61,65,42,70,45,63,20,75,21,28,107,43" hai3="100,16,96,41,44,71,68,132,60,27,98,19,104"/><V37/><F75/><W13/><G132/><T111/><D39/><U12/><E135/><V64/><F107/><W109/><G109/><N who="0" m="42059" /><D7/><U129/><E69/><V33/><REACH who="2" step="1"/><F43/><REACH who="2" ten="324,276,225,155" step="2"/><W2/><G41/><T106/><D106/><U57/><E74/><V51/><F51/><W5/><G104/><T112/><D112/><U134/><E72/><V123/><F123/><W89/><G60/><T79/><D17/><U121/><E121/><V126/><F126/><W9/><G19/><T23/><D101/><U22/><E127/><V0/><F0/><W128/><G2/><T6/><D6/><U83/><E4/><V34/><F34/><W47/><G100/><T55/><D55/><U133/><E53/><V50/><F50/><W38/><G5/><T91/><D79/><U73/><E110/><V115/><F115/><W26/><G16/><T18/><D18/><U84/><E125/><V95/><F95/><W1/><G1/><T102/><D102/><U78/><E94/><V119/><F119/><W88/><G13/><T131/><D131/><U118/><E129/><V36/><F36/><W54/><G54/><T90/><D90/><U116/><E116/><V35/><F35/><AGARI ba="1,2" hai="23,24,29,32,35,49,52,59,85,91,92" m="42059" machi="35" ten="30,8000,1" yaku="14,1,52,3,54,1" doraHai="120" who="0" fromWho="2" sc="324,103,276,0,225,-83,155,0" /><INIT seed="3,0,0,1,4,108" ten="427,276,142,155" oya="3" hai0="61,39,12,94,48,112,127,47,21,17,135,57,33" hai1="11,60,119,73,120,105,26,110,49,36,56,80,42" hai2="134,32,35,76,54,50,86,99,65,16,40,88,104" hai3="27,122,28,0,29,19,59,109,52,31,113,87,5"/><W77/><G122/><T74/><D33/><U63/><E120/><V75/><F134/><W95/><G109/><T117/><D117/><U43/><E110/><V45/><F65/><W8/><G113/><T20/><D135/><U22/><E119/><V129/><F129/><W9/><G95/><T93/><D39/><U125/><E105/><V18/><F75/><W53/><G53/><N who="0" m="33967" /><D74/><U13/><E125/><V124/><F124/><W68/><G68/><T46/><D112/><U103/><E103/><V67/><F67/><W92/><G92/><N who="0" m="35435" /><D127/><U2/><E36/><V126/><F126/><W128/><G128/><T83/><D83/><U133/><E133/><V70/><F70/><W118/><G118/><T25/><D48/><U24/><E80/><N who="2" m="49223" /><F76/><W30/><G77/><T106/><D106/><U3/><E73/><V115/><F115/><W123/><G123/><T51/><D51/><U10/><E49/><N who="2" m="26791" /><F32/><W6/><G87/><T96/><D96/><U58/><REACH who="1" step="1"/><E22/><REACH who="1" ten="427,266,142,155" step="2"/><V66/><F35/><W130/><G130/><T69/><D69/><U37/><E37/><V14/><F104/><W91/><G91/><T131/><D131/><U89/><E89/><V116/><F99/><W15/><G0/><T114/><D114/><U111/><E111/><V4/><F116/><W64/><N who="3" m="7168" /><DORA hai="102" /><W98/><G98/><T84/><D84/><U82/><E82/><V107/><F107/><W55/><G9/><T132/><D132/><U34/><E34/><V72/><F72/><W38/><G38/><T100/><D100/><U101/><E101/><V41/><F50/><N who="3" m="31223" /><G8/><T71/><D71/><RYUUKYOKU ba="0,1" sc="427,15,266,15,142,-15,155,-15" hai0="12,17,20,21,25,46,47" hai1="2,3,10,11,13,24,26,42,43,56,58,60,63" /><INIT seed="4,1,1,2,5,26" ten="442,281,127,140" oya="0" hai0="107,113,15,1,61,32,45,106,34,40,67,51,116" hai1="101,53,39,125,66,103,21,55,84,134,112,23,48" hai2="41,133,9,127,24,47,4,13,30,37,79,129,118" hai3="104,70,130,12,43,98,82,121,71,131,96,22,18"/><T10/><D116/><U78/><E39/><V2/><F129/><N who="3" m="49163" /><G121/><T75/><D1/><U124/><E134/><V88/><F133/><W46/><G82/><T111/><D75/><U110/><E110/><V27/><F127/><N who="1" m="48713" /><E112/><V56/><F118/><W38/><G104/><T60/><D60/><U87/><E66/><V7/><F79/><W35/><G35/><T17/><D113/><U93/><E78/><V115/><F115/><W117/><G117/><T114/><D114/><U74/><E74/><V59/><F27/><W97/><AGARI ba="1,1" hai="12,18,22,38,43,46,70,71,96,97,98" m="49163" machi="97" ten="30,1100,0" yaku="19,1" doraHai="26" who="3" fromWho="3" sc="442,-6,281,-4,127,-4,140,24" /><INIT seed="5,0,0,3,1,83" ten="436,277,123,164" oya="1" hai0="0,109,78,57,75,37,127,47,30,33,29,79,3" hai1="58,56,125,101,15,93,103,54,123,120,7,48,96" hai2="76,86,69,88,23,106,92,61,50,38,46,26,104" hai3="8,124,133,1,32,20,55,66,44,18,134,99,35"/><U129/><E129/><V131/><F131/><W121/><G66/><T70/><D109/><U105/><E125/><V59/><F38/><W6/><G99/><T17/><D57/><U22/><E105/><V108/><F69/><W34/><G55/><T4/><D17/><U111/><E111/><V77/><F106/><W95/><G44/><T27/><D30/><U118/><E118/><V65/><F104/><W25/><G95/><T82/><D79/><U90/><E123/><V94/><F94/><W84/><G84/><T11/><D127/><U128/><E120/><V5/><F5/><W72/><G72/><T114/><D114/><U113/><E113/><V132/><F132/><N who="3" m="50795" /><G124/><T102/><D102/><U28/><E128/><V2/><F108/><W130/><G121/><T119/><D119/><U74/><E74/><V24/><F2/><N who="3" m="87" /><G130/><T112/><D112/><U9/><E58/><V110/><F110/><W71/><G71/><T36/><D3/><AGARI ba="0,0" hai="1,3,18,20,25,32,34,35" m="87,50795" machi="3" ten="40,5200,0" yaku="20,1,34,2" doraHai="83" who="3" fromWho="0" sc="436,-52,277,0,123,0,164,52" /><INIT seed="6,0,0,0,0,20" ten="384,277,123,216" oya="2" hai0="101,2,99,112,90,24,81,95,83,15,77,134,19" hai1="123,88,82,6,76,89,128,129,7,66,116,105,60" hai2="18,133,31,22,75,44,42,64,87,118,126,35,47" hai3="17,121,98,102,50,46,124,92,29,65,23,55,38"/><V45/><F118/><W59/><G124/><T32/><D2/><U104/><E116/><V127/><F75/><W84/><G121/><T100/><D112/><U79/><E123/><V108/><F133/><W54/><G65/><T72/><D134/><U28/><E28/><V91/><F42/><W73/><G73/><T86/><D32/><U1/><E1/><V14/><F64/><W52/><G29/><T39/><D24/><U51/><E51/><V10/><F35/><W13/><G38/><T63/><D63/><U96/><E96/><V48/><F108/><W74/><G74/><T49/><D49/><U125/><E125/><V93/><REACH who="2" step="1"/><F48/><REACH who="2" ten="384,277,113,216" step="2"/><W33/><G33/><T111/><D111/><U67/><E60/><V53/><F53/><W71/><G46/><T37/><D39/><U80/><AGARI ba="0,1" hai="6,7,66,67,76,79,80,82,88,89,104,105,128,129" machi="80" ten="25,6400,0" yaku="0,1,22,2,54,1" doraHai="20" who="1" fromWho="1" sc="384,-16,277,74,113,-32,216,-16" /><INIT seed="7,0,0,5,5,69" ten="368,351,81,200" oya="3" hai0="27,42,74,15,68,78,33,39,114,110,1,40,22" hai1="23,36,98,102,80,61,24,32,56,88,26,63,95" hai2="111,7,77,0,37,117,130,67,84,31,48,99,59" hai3="4,16,106,123,57,135,35,126,86,122,41,3,10"/><W28/><G57/><T21/><D110/><U43/><E32/><V51/><F111/><W112/><G41/><T81/><D68/><U64/><E36/><V12/><F117/><W25/><G86/><T14/><D1/><U5/><E43/><V20/><F0/><N who="3" m="263" /><G106/><T100/><D33/><U94/><E5/><V60/><F130/><W118/><G118/><T70/><D70/><U53/><E23/><V13/><F37/><W128/><G128/><T38/><D100/><U17/><E17/><V62/><F62/><W6/><G112/><T104/><D104/><U131/><E80/><V120/><F120/><N who="3" m="46123" /><G126/><T124/><D124/><U127/><E131/><V50/><F7/><W83/><G83/><T54/><D54/><U97/><E127/><V87/><F77/><W49/><G49/><T71/><D71/><AGARI ba="0,0" hai="24,26,53,56,61,63,64,71,88,94,95,97,98,102" machi="71" ten="30,2000,0" yaku="7,1,54,1" doraHai="69" who="1" fromWho="0" sc="368,-20,351,20,81,0,200,0" owari="348,15.0,371,47.0,81,-42.0,200,-20.0" /></mjloggm>