<mjloggm ver="2.3"><GO type="225" lobby="0"/><UN n0="%E3%81%BF%E3%81%BF%E3%81%9A" n1="%72%69%6F%75%63%68%61%6E" n2="%E3%82%A4%E3%83%8A%E3%82%BA%E3%83%9E%E8%91%AC%E5%84%80" n3="%E9%89%84%E5%BC%B7%E3%83%A2%E3%83%92%E3%83%BC%E3%83%8C%E4%B8%83%E6%AE%B5" dan="16,17,17,18" rate="2130.69,2124.42,2213.75,2233.05" sx="M,M,F,F"/><TAIKYOKU oya="0"/><INIT seed="0,0,0,5,3,105" ten="250,250,250,250" oya="0" hai0="13,50,75,0,128,1,120,9,87,36,23,99,82" hai1="46,28,110,59,133,4,21,6,129,15,79,22,69" hai2="64,35,65,130,24,17,108,107,10,80,7,106,81" hai3="27,51,86,122,115,77,95,83,97,2,121,32,114"/><T109/><D120/><N who="3" m="46185" /><G2/><T41/><D36/><U94/><E69/><V19/><F108/><W25/><G51/><T70/><D70/><U119/><E119/><V92/><F130/><W48/><G48/><T118/><D118/><U132/><E110/><V40/><F40/><W126/><G32/><T93/><D109/><U38/><E129/><V72/><F35/><W117/><G117/><T30/><D128/><U60/><E79/><V54/><F54/><W61/><G61/><T101/><D75/><U91/><E28/><V76/><F92/><W88/><G126/><T55/><D41/><U111/><E111/><V34/><F34/><W71/><G71/><T89/><D30/><U100/><E100/><V116/><F116/><W78/><G78/><T45/><REACH who="0" step="1"/><D23/><REACH who="0" ten="240,250,250,250" step="2"/><U14/><E21/><V49/><F72/><W134/><G134/><T74/><D74/><U131/><E22/><V96/><F24/><AGARI ba="0,1" hai="24,25,27,77,83,86,88,95,97,114,115" m="46185" machi="24" ten="30,2000,0" yaku="13,1,54,1" doraHai="105" who="3" fromWho="2" sc="240,0,250,0,250,-20,250,30" /><INIT seed="1,0,0,1,4,106" ten="240,250,230,280" oya="1" hai0="121,5,50,40,73,131,55,85,92,119,79,24,84" hai1="80,0,96,130,59,100,126,120,123,31,54,56,18" hai2="94,9,7,38,64,118,17,82,61,88,128,49,44" hai3="109,28,107,81,33,134,83,101,46,135,99,63,30"/><U93/><E0/><V4/><F128/><W113/><G113/><T129/><D119/><U90/><E130/><N who="0" m="49673" /><D121/><U67/><E126/><V23/><F38/><W103/><G109/><T70/><D70/><U22/><E31/><N who="3" m="11818" /><G63/><T1/><D24/><U21/><E21/><V39/><F39/><W2/><G2/><T62/><D62/><N who="1" m="38343" /><E123/><V13/><F82/><N who="3" m="31243" /><G46/><N who="0" m="25927" /><D79/><U25/><E120/><V36/><F36/><W89/><G89/><N who="0" m="53287" /><D85/><N who="1" m="50471" /><E59/><N who="2" m="36927" /><F118/><W45/><G33/><T3/><D55/><AGARI ba="0,0" hai="18,22,25,54,55,93,96,100" m="50471,38343" machi="55" ten="30,1500,0" yaku="8,1" doraHai="106" who="1" fromWho="0" sc="240,-15,250,15,230,0,280,0" /><INIT seed="1,1,0,4,3,63" ten="225,265,230,280" oya="1" hai0="126,49,4,100,96,134,72,102,28,11,69,101,23" hai1="53,61,54,103,115,35,38,46,105,113,135,37,19" hai2="43,116,13,62,78,133,27,41,127,76,92,30,122" hai3="87,5,57,31,119,10,14,111,25,80,67,117,59"/><U42/><E35/><V121/><F116/><N who="3" m="44619" /><G111/><T60/><D72/><U108/><E105/><V48/><F127/><W94/><G94/><T132/><D126/><U40/><E103/><V21/><F133/><N who="0" m="51306" /><D49/><N who="1" m="28855" /><E19/><V81/><F78/><N who="3" m="46487" /><G67/><N who="0" m="41191" /><D23/><AGARI ba="1,0" hai="5,10,14,23,25,31,57,59" m="46487,44619" machi="23" ten="30,1000,0" yaku="12,1" doraHai="63" who="3" fromWho="0" sc="225,-13,265,0,230,0,280,13" /><INIT seed="2,0,0,0,1,134" ten="212,265,230,293" oya="2" hai0="123,44,7,49,97,21,45,41,80,58,35,89,116" hai1="71,94,24,75,111,65,3,16,86,15,2,6,64" hai2="8,96,13,67,25,81,26,133,114,47,73,43,110" hai3="105,39,120,109,18,59,92,102,5,124,56,72,60"/><V61/><F114/><W50/><G39/><T119/><D123/><U19/><E75/><V22/><F133/><W131/><G105/><T53/><D35/><U95/><E111/><V11/><F110/><W55/><G120/><T135/><D135/><U42/><E42/><V54/><F54/><W82/><G5/><T91/><D7/><U31/><E71/><V23/><F96/><W76/><G131/><T20/><D80/><U84/><E6/><V106/><F106/><W87/><G109/><T0/><D0/><U36/><E36/><V48/><F81/><W70/><G70/><T63/><D44/><U12/><E24/><V118/><F73/><W68/><G68/><T66/><D41/><U98/><E98/><V38/><F38/><W117/><G117/><N who="0" m="45131" /><D91/><U101/><E31/><V115/><F115/><W32/><G32/><T46/><D46/><U99/><E99/><V93/><F118/><W132/><G82/><T34/><D34/><U77/><E101/><V78/><F78/><AGARI ba="0,0" hai="2,3,12,15,16,19,64,65,77,78,84,86,94,95" machi="78" ten="25,3200,0" yaku="22,2,54,1" doraHai="134" who="1" fromWho="2" sc="212,0,265,32,230,-32,293,0" /><INIT seed="3,0,0,3,4,10" ten="212,297,198,293" oya="3" hai0="114,24,46,55,69,6,37,89,62,41,119,66,88" hai1="27,16,104,124,82,121,113,117,17,133,130,86,92" hai2="20,1,45,107,49,90,38,112,120,94,131,81,75" hai3="47,52,123,15,71,60,80,26,61,58,28,18,98"/><W97/><G123/><T13/><D119/><U21/><E121/><V42/><F112/><W118/><G118/><T54/><D114/><U76/><E113/><V99/><F120/><W79/><G47/><T22/><D55/><U2/><E117/><V5/><F131/><W115/><G115/><T128/><D128/><U100/><E130/><V105/><F20/><N who="3" m="15431" /><G71/><T0/><D0/><U56/><E2/><V59/><F59/><N who="3" m="34919" /><G80/><T91/><D54/><U68/><E68/><V72/><F49/><W9/><G79/><T122/><D122/><U84/><E133/><V23/><F23/><W109/><G109/><T110/><D110/><U43/><E124/><V134/><F134/><W93/><G93/><T4/><REACH who="0" step="1"/><D13/><REACH who="0" ten="202,297,198,293" step="2"/><U135/><E135/><V12/><F12/><W78/><G78/><T65/><D65/><AGARI ba="0,1" hai="9,15,18,58,61,65,97,98" m="34919,15431" machi="65" ten="30,5800,0" yaku="8,1,52,1,54,1" doraHai="10" who="3" fromWho="0" sc="202,-58,297,0,198,0,293,68" owari="144,-36.0,297,10.0,198,-20.0,361,46.0" /></mjloggm>