<mjloggm ver="2.3"><GO type="169" lobby="0"/><UN n0="%6F%66" n1="%69%6E%61%7A%6F" n2="%E8%B0%B7%E5%8F%A3%E3%81%93%E3%81%86%E3%81%B8%E3%81%84" n3="%E3%81%BE%E3%81%8F%E3%81%A9%E3%81%AA%E3%82%8B%E3%81%AA%E3%82%8B%E3%81%A9" dan="16,16,17,16" rate="2173.58,2149.25,2189.47,2116.27" sx="M,M,M,M"/><TAIKYOKU oya="0"/><INIT seed="0,0,0,4,0,29" ten="250,250,250,250" oya="0" hai0="73,33,52,112,82,34,118,6,51,49,60,44,114" hai1="123,133,87,56,23,65,135,94,11,77,42,116,21" hai2="27,72,122,106,97,18,19,128,22,115,68,36,0" hai3="31,119,53,121,9,3,63,35,130,124,59,67,80"/><T125/><D118/><U98/><E123/><V32/><RYUUKYOKU type="yao9" ba="0,0" sc="250,0,250,0,250,0,250,0" hai2="0,18,19,22,27,32,36,68,72,97,106,115,122,128" /><INIT seed="0,1,0,5,1,120" ten="250,250,250,250" oya="0" hai0="28,25,87,116,1,32,88,48,110,123,112,83,77" hai1="26,91,63,127,53,30,33,64,20,81,35,61,84" hai2="105,117,22,80,36,23,11,6,14,31,42,125,70" hai3="104,73,18,106,58,55,108,94,50,86,45,47,111"/><T4/><D112/><U131/><E131/><V75/><F105/><W126/><G73/><T72/><D123/><U68/><E127/><V135/><F70/><W16/><G126/><T122/><D122/><U67/><REACH who="1" step="1"/><E53/><REACH who="1" ten="250,240,250,250" step="2"/><V124/><F124/><W118/><G118/><T79/><D116/><U40/><E40/><V59/><F42/><W101/><G106/><T2/><D1/><U128/><E128/><V7/><F125/><W107/><G107/><T119/><D2/><U8/><E8/><V60/><F11/><W13/><G104/><T39/><D119/><U38/><E38/><V74/><F36/><W89/><G101/><T24/><D39/><U129/><E129/><V78/><F117/><W37/><G37/><T65/><D65/><U21/><E21/><V62/><F22/><N who="3" m="11535" /><G18/><T92/><D32/><U132/><E132/><V114/><F135/><W103/><G103/><T95/><D4/><U99/><E99/><V130/><F130/><W71/><G71/><AGARI ba="1,1" hai="20,26,30,33,35,61,63,64,67,68,71,81,84,91" machi="71" ten="30,3900,0" yaku="1,1,7,1,9,1,53,0" doraHai="120" doraHaiUra="9" who="1" fromWho="3" sc="250,0,240,52,250,0,250,-42" /><INIT seed="1,0,0,2,4,92" ten="250,292,250,208" oya="1" hai0="53,73,8,15,123,112,113,25,29,85,23,106,99" hai1="74,103,129,12,21,107,79,66,94,89,101,108,67" hai2="86,22,97,11,5,1,100,128,41,43,117,57,39" hai3="87,64,10,14,18,88,69,135,109,47,76,17,4"/><U60/><E129/><V50/><F117/><W68/><G109/><T49/><D73/><U111/><E107/><V61/><F128/><W16/><G135/><T82/><D123/><U13/><E67/><V65/><F39/><W91/><G76/><T72/><D72/><U131/><E131/><V42/><F86/><W30/><G30/><T118/><D118/><U56/><E79/><V115/><F115/><W75/><G75/><T114/><D85/><U26/><E74/><V120/><F120/><W70/><G47/><T81/><D106/><U105/><E105/><V58/><F22/><W31/><G31/><T32/><D32/><U71/><E71/><V119/><F119/><W83/><REACH who="3" step="1"/><G91/><REACH who="3" ten="250,292,250,198" step="2"/><T121/><D121/><U27/><E111/><V44/><REACH who="2" step="1"/><F58/><REACH who="2" ten="250,292,240,198" step="2"/><W35/><G35/><T46/><D114/><U38/><E108/><V55/><F55/><W122/><G122/><T98/><D113/><U52/><E38/><V0/><F0/><W63/><AGARI ba="0,2" hai="4,10,14,16,17,18,63,64,68,69,70,83,87,88" machi="63" ten="30,7900,0" yaku="1,1,0,1,54,2,53,0" doraHai="92" doraHaiUra="51" who="3" fromWho="3" sc="250,-20,292,-39,240,-20,198,99" /><INIT seed="2,0,0,1,2,4" ten="230,253,220,297" oya="2" hai0="60,125,106,28,21,99,130,17,65,3,19,72,122" hai1="2,66,108,121,61,59,124,103,23,107,29,68,102" hai2="79,110,49,88,96,135,40,116,1,69,34,81,35" hai3="36,94,10,45,63,97,126,48,92,54,129,78,0"/><V15/><F116/><W22/><G126/><T56/><D122/><U113/><E113/><V5/><F69/><W24/><G129/><T132/><D72/><U112/><E112/><V114/><F114/><W33/><G33/><T16/><D125/><U7/><E103/><V82/><F1/><W133/><G133/><T128/><D132/><U27/><E108/><V98/><F135/><W70/><G78/><T62/><D3/><U31/><E124/><V32/><F110/><W87/><G36/><T42/><D42/><U76/><E76/><V18/><F5/><W118/><G118/><T55/><D106/><U80/><E80/><V25/><F25/><W26/><G70/><T71/><REACH who="0" step="1"/><D99/><REACH who="0" ten="220,253,220,297" step="2"/><N who="1" m="61919" /><E121/><V57/><F79/><W86/><G97/><T43/><D43/><U46/><E2/><V83/><F88/><W37/><G0/><T123/><D123/><U38/><E38/><V111/><F111/><W58/><G37/><T90/><D90/><U101/><E101/><V74/><F74/><W11/><G87/><T30/><D30/><U67/><E31/><V84/><F84/><W117/><G86/><T104/><D104/><U93/><E29/><V109/><F109/><W105/><G105/><T100/><D100/><U134/><E134/><V85/><F85/><W131/><G117/><T6/><D6/><U14/><E7/><V20/><REACH who="2" step="1"/><F40/><REACH who="2" ten="220,253,210,297" step="2"/><W47/><G131/><T39/><D39/><U64/><E68/><V52/><AGARI ba="0,2" hai="15,18,20,32,34,35,49,52,57,81,82,83,96,98" machi="52" ten="40,12000,1" yaku="1,1,2,1,0,1,54,1,53,1" doraHai="4" doraHaiUra="53" who="2" fromWho="2" sc="220,-40,253,-40,210,140,297,-40" /><INIT seed="2,1,0,4,5,63" ten="180,213,350,257" oya="2" hai0="19,58,70,92,109,22,46,83,47,11,66,55,35" hai1="113,123,95,98,13,112,132,9,103,43,45,0,5" hai2="40,8,104,122,69,53,107,32,102,48,18,67,71" hai3="118,105,52,135,3,21,99,111,68,12,57,128,119"/><V25/><F122/><W90/><G3/><T82/><D109/><U75/><E123/><V30/><F40/><W94/><G111/><T120/><D120/><U51/><E132/><V127/><F127/><W78/><G135/><T131/><D35/><U34/><E34/><V89/><F71/><W126/><G126/><T74/><D131/><U50/><E75/><V72/><F72/><W16/><G68/><T115/><D115/><U130/><E130/><V56/><F89/><W38/><G128/><T116/><D11/><U96/><E0/><V24/><F102/><W7/><G38/><T23/><D23/><U125/><E125/><V65/><F69/><W124/><G124/><T101/><D116/><U87/><E98/><V129/><F129/><W28/><G7/><T121/><D74/><U117/><E117/><V26/><F26/><W36/><G36/><T39/><D39/><U114/><E51/><V76/><F76/><W85/><G28/><T10/><D10/><U4/><E4/><V27/><F27/><W15/><G15/><T33/><D33/><U106/><E112/><V17/><F17/><W86/><G78/><T108/><D108/><U84/><E84/><V54/><F54/><W1/><G1/><T59/><D70/><U91/><AGARI ba="1,0" hai="5,9,13,43,45,50,87,91,95,96,103,106,113,114" machi="91" ten="30,1100,0" yaku="0,1" doraHai="63" who="1" fromWho="1" sc="180,-4,213,14,350,-6,257,-4" /><INIT seed="3,0,0,4,2,41" ten="176,227,344,253" oya="3" hai0="22,107,135,89,122,130,102,10,77,87,54,39,38" hai1="82,18,68,0,61,53,17,85,109,34,69,55,92" hai2="76,84,128,49,37,96,47,62,51,124,24,25,5" hai3="78,59,20,70,75,80,63,95,131,72,44,64,100"/><W3/><G3/><T115/><D122/><U83/><E34/><V48/><F128/><W27/><G131/><T79/><D130/><U23/><E0/><V1/><F124/><W52/><G75/><T94/><D135/><U71/><E109/><V73/><F84/><W93/><G100/><T43/><D115/><U45/><E92/><V110/><F62/><W105/><G105/><T101/><D39/><U19/><E23/><V90/><F110/><W8/><G8/><T65/><D65/><U31/><E31/><V99/><F24/><W50/><REACH who="3" step="1"/><G70/><REACH who="3" ten="176,227,344,243" step="2"/><T26/><D102/><U15/><E68/><V33/><F73/><W123/><G123/><T42/><D101/><U121/><E121/><V36/><F1/><W7/><G7/><T6/><D107/><U116/><E69/><V56/><F5/><W57/><G57/><T112/><D10/><U2/><E2/><V14/><F56/><W127/><G127/><T132/><D6/><U103/><E103/><V86/><F33/><W125/><G125/><T9/><D9/><N who="1" m="6383" /><E71/><V35/><F35/><W117/><G117/><T12/><D112/><U114/><E114/><V133/><F133/><W129/><G129/><T60/><D132/><U16/><E116/><V119/><F119/><W32/><G32/><T98/><D38/><U106/><E106/><V67/><F36/><W111/><G111/><T126/><D126/><U120/><E120/><V88/><F37/><W46/><G46/><T113/><D113/><U81/><E45/><V13/><F47/><W97/><G97/><T21/><D98/><U58/><E85/><RYUUKYOKU ba="0,1" sc="176,-15,227,15,344,-15,243,15" hai1="16,18,19,53,55,58,61,81,82,83" hai3="20,27,44,50,52,59,63,64,72,78,80,93,95" /><INIT seed="3,1,1,3,4,100" ten="161,242,329,258" oya="3" hai0="93,59,110,25,41,92,17,34,27,82,0,76,53" hai1="61,4,10,86,119,39,129,98,81,31,102,134,89" hai2="67,15,49,57,40,45,117,30,68,60,105,13,90" hai3="124,125,70,94,58,128,11,46,69,43,97,123,66"/><W115/><G123/><T91/><D110/><U42/><E129/><V7/><F117/><W126/><G115/><T19/><D0/><U33/><E134/><V133/><F133/><W35/><G35/><T101/><D41/><U22/><E33/><V127/><F127/><W74/><G74/><T116/><D116/><U104/><E39/><V87/><F105/><W37/><G128/><T6/><D6/><U103/><E102/><V120/><F120/><W121/><G121/><T32/><D101/><U16/><E31/><V26/><F7/><W77/><G77/><T131/><D59/><U78/><E42/><V55/><F26/><W12/><G58/><T113/><D82/><U62/><E78/><V122/><F30/><W106/><G66/><T109/><D76/><U24/><REACH who="1" step="1"/><E119/><REACH who="1" ten="161,232,329,258" step="2"/><V135/><F135/><W52/><G124/><T5/><D131/><U79/><E79/><V1/><F122/><W47/><G125/><T29/><D29/><U95/><E95/><V85/><F90/><W96/><G126/><T118/><D91/><U48/><E48/><V3/><F49/><N who="3" m="28735" /><G94/><T88/><D118/><U111/><E111/><V108/><F40/><W63/><G106/><T114/><D109/><U107/><E107/><V112/><F108/><W64/><G70/><T65/><D114/><U36/><E36/><V21/><F68/><W73/><G73/><T83/><D113/><U44/><E44/><V80/><F45/><W56/><G69/><T54/><D34/><U99/><E99/><V38/><F38/><W23/><G97/><T50/><D32/><U75/><E75/><RYUUKYOKU ba="1,2" sc="161,-10,232,30,329,-10,258,-10" hai1="4,10,16,22,24,61,62,81,86,89,98,103,104" /><INIT seed="4,2,2,3,0,124" ten="151,262,319,248" oya="0" hai0="93,86,7,131,41,2,118,66,83,53,29,12,79" hai1="47,73,30,45,102,115,63,38,123,129,68,48,0" hai2="60,51,89,135,74,81,85,34,44,24,108,18,80" hai3="58,57,109,119,134,128,127,67,43,113,20,92,98"/><T90/><D118/><U62/><E73/><V88/><F108/><W46/><G119/><T72/><D2/><U69/><E0/><V40/><F135/><W21/><G109/><T33/><D66/><U13/><E102/><V52/><F74/><W54/><G127/><T35/><D41/><N who="1" m="22711" /><E13/><V50/><F60/><N who="1" m="23081" /><E30/><V117/><F117/><W4/><G113/><T15/><D29/><U120/><E115/><V59/><F34/><W3/><G134/><T126/><D126/><U110/><E110/><V28/><F28/><W14/><G3/><T22/><D53/><N who="1" m="29855" /><E129/><V31/><F31/><W10/><G128/><T105/><D131/><U19/><E19/><V130/><F130/><W91/><G21/><T114/><D114/><U37/><E37/><V23/><F81/><W103/><G20/><T55/><D15/><U76/><E76/><AGARI ba="2,2" hai="18,23,24,40,44,50,51,52,59,76,80,85,88,89" machi="76" ten="30,7700,0" yaku="7,1,8,1,54,2" doraHai="124" who="2" fromWho="1" sc="151,0,262,-83,319,103,248,0" /><INIT seed="5,0,0,5,4,23" ten="151,179,422,248" oya="1" hai0="114,78,21,15,52,28,69,53,99,16,48,97,22" hai1="134,62,33,80,63,86,126,47,108,29,50,9,43" hai2="18,81,45,93,67,58,12,65,91,101,44,34,102" hai3="11,95,122,131,24,37,104,30,87,2,32,103,25"/><U117/><E117/><V46/><F34/><W123/><G37/><T40/><D69/><U61/><E126/><V1/><F1/><W59/><G131/><T51/><D114/><U130/><E130/><V107/><F107/><W71/><G71/><T127/><D127/><U128/><E128/><V76/><F76/><W17/><G104/><T79/><D40/><U0/><E134/><V55/><F81/><W100/><G59/><N who="0" m="33159" /><D28/><U41/><E108/><V92/><F101/><W133/><G133/><T56/><D22/><U60/><E0/><V120/><F102/><W121/><G2/><T111/><D111/><U26/><N who="1" m="15360" /><DORA hai="118" /><U112/><E112/><V83/><F120/><W68/><G68/><T82/><D82/><U88/><REACH who="1" step="1"/><E9/><REACH who="1" ten="151,169,422,248" step="2"/><V5/><F67/><W10/><G10/><T72/><D72/><U13/><E13/><V125/><F12/><W70/><G70/><T74/><D74/><U3/><E3/><V20/><F65/><W129/><G129/><T106/><D106/><U98/><E98/><AGARI ba="0,1" hai="15,16,21,51,53,56,78,79,97,98,99" m="33159" machi="98" ten="30,3900,0" yaku="8,1,54,2" doraHai="23,118" who="0" fromWho="1" sc="151,49,169,-39,422,0,248,0" /><INIT seed="6,0,0,0,0,36" ten="200,130,422,248" oya="2" hai0="87,95,113,88,124,103,86,130,127,2,133,134,40" hai1="50,24,33,96,105,101,38,27,100,55,116,1,18" hai2="97,16,31,120,79,15,20,29,5,82,68,21,80" hai3="122,128,121,93,108,53,22,115,126,58,135,23,91"/><V85/><F120/><W0/><G0/><T52/><D2/><U67/><E116/><V59/><F68/><W123/><G108/><T83/><D113/><U70/><E100/><V11/><F20/><W13/><G115/><T132/><D130/><U14/><E1/><V112/><F112/><W129/><G126/><N who="0" m="48171" /><D40/><U92/><E38/><V81/><F97/><W45/><G135/><T104/><D52/><U117/><E117/><V62/><F29/><W109/><G109/><T110/><D110/><U89/><E70/><V35/><F31/><W3/><G3/><T34/><D34/><U17/><E67/><V63/><F63/><W106/><G45/><T61/><D61/><U69/><E18/><V30/><F30/><W76/><G128/><T72/><D72/><U118/><E69/><V4/><F35/><W47/><G129/><T78/><D103/><U44/><E33/><V98/><F98/><W114/><G114/><T19/><D19/><U43/><E55/><V51/><F51/><W84/><G53/><T26/><D26/><U90/><E118/><V7/><F11/><W77/><G123/><T32/><D32/><U102/><E102/><V54/><AGARI ba="0,0" hai="4,5,7,15,16,21,54,59,62,79,80,81,82,85" machi="54" ten="30,6000,0" yaku="0,1,8,1,54,1" doraHai="36" who="2" fromWho="2" sc="200,-20,130,-20,422,60,248,-20" /><INIT seed="6,1,0,5,2,2" ten="180,110,482,228" oya="2" hai0="8,103,5,82,94,100,48,127,90,23,108,1,62" hai1="123,0,21,28,35,12,88,135,109,56,42,53,129" hai2="99,7,19,60,92,38,68,76,102,97,115,36,71" hai3="41,25,83,106,50,128,132,93,30,104,58,126,98"/><V111/><F111/><W63/><G126/><T73/><D108/><U11/><E109/><V54/><F115/><W74/><G132/><T107/><D127/><U16/><E135/><V119/><F119/><W113/><G113/><T3/><D3/><U130/><E42/><V95/><F76/><W105/><G128/><N who="1" m="49258" /><E123/><V26/><F71/><W66/><G50/><T96/><D62/><U78/><E78/><V85/><F85/><W29/><G41/><T81/><D73/><U87/><E35/><V124/><F124/><W121/><G121/><T122/><D122/><U44/><E44/><V131/><F131/><W55/><G74/><T51/><D103/><U84/><E28/><V114/><F114/><W116/><G116/><T65/><D65/><U4/><E88/><N who="2" m="55431" /><F68/><W89/><G30/><T22/><D82/><U34/><E34/><V69/><F69/><W70/><G83/><T75/><D81/><U40/><E40/><V37/><F37/><W6/><G70/><T33/><D75/><U91/><E91/><V67/><F67/><W47/><G66/><T79/><D33/><U49/><AGARI ba="1,0" hai="0,4,11,12,16,21,49,53,56,84,87" m="49258" machi="49" ten="30,4000,0" yaku="19,1,52,1,54,1" doraHai="2" who="1" fromWho="1" sc="180,-11,110,43,482,-21,228,-11" /><INIT seed="7,0,0,5,3,125" ten="169,153,461,217" oya="3" hai0="64,83,126,116,110,8,71,47,91,24,40,7,103" hai1="51,119,107,87,4,41,92,54,6,2,42,53,96" hai2="79,105,13,10,115,25,117,28,50,102,23,21,14" hai3="86,43,123,120,82,70,58,131,3,84,32,104,35"/><W112/><G70/><T16/><D116/><U129/><E2/><V118/><F79/><W65/><G104/><T76/><D110/><U100/><E119/><N who="2" m="45579" /><F102/><W135/><G112/><T68/><D126/><U77/><E129/><V133/><F105/><W29/><G3/><N who="0" m="127" /><D64/><U20/><E54/><V67/><F50/><W121/><G135/><T11/><D91/><U59/><E41/><V69/><F67/><W44/><G43/><T37/><D103/><U33/><E33/><N who="2" m="20623" /><F69/><W132/><G44/><T94/><D94/><U101/><E101/><V124/><F124/><W127/><G127/><T90/><D90/><N who="1" m="53343" /><E42/><V78/><F78/><W81/><G123/><T106/><D106/><U111/><E111/><V98/><F98/><W1/><G121/><T22/><D11/><U56/><E56/><V26/><F115/><W61/><G58/><T38/><D38/><U31/><E77/><V108/><F108/><W62/><G65/><T97/><D97/><U63/><E51/><V15/><F133/><W18/><G132/><T36/><D36/><U95/><E107/><V49/><F49/><W45/><G120/><T122/><D122/><U134/><E134/><V114/><F114/><W109/><G109/><T48/><D48/><U93/><E95/><V85/><F85/><W27/><G86/><T89/><D89/><U52/><E53/><V99/><F99/><W30/><G84/><N who="0" m="48231" /><D71/><U130/><E130/><V55/><F55/><W74/><G131/><T39/><D68/><U75/><E75/><V66/><F66/><W72/><G74/><T9/><D39/><U46/><E46/><RYUUKYOKU ba="0,0" sc="169,15,153,15,461,-15,217,-15" hai0="9,16,22,24,37,40,47" hai1="4,6,20,31,52,59,63,93,96,100" owari="184,-22.0,168,-33.0,446,55.0,202,0.0" /></mjloggm>