<mjloggm ver="2.3"><GO type="169" lobby="0"/><UN n0="%E3%82%AD%E3%83%B3%E3%82%B0%E3%81%82%E3%81%A4%E3%81%97" n1="%E6%84%9B%E5%86%85%E9%87%8C%E8%8F%9C" n2="%E3%81%8D%E3%81%BE%E3%81%99" n3="%E6%9C%A8%E5%8E%9F%E8%B1%AA%E4%B8%80" dan="17,18,17,17" rate="2200.20,2164.72,2216.58,2207.50" sx="M,F,M,M"/><TAIKYOKU oya="0"/><INIT seed="0,0,0,2,2,84" ten="250,250,250,250" oya="0" hai0="42,119,65,74,71,126,90,68,63,131,106,69,132" hai1="123,76,85,101,55,125,96,27,16,80,49,28,39" hai2="20,88,26,104,86,118,34,62,91,8,112,134,99" hai3="7,6,108,45,77,81,78,22,59,93,128,82,1"/><T24/><D119/><U100/><E125/><V31/><F112/><W18/><G108/><T19/><D126/><U37/><E123/><V105/><F134/><W21/><G128/><T61/><D132/><U29/><E100/><V111/><F111/><W9/><G7/><T33/><D131/><U116/><E116/><V48/><F118/><W70/><G70/><T60/><D74/><U103/><E101/><V52/><F62/><W10/><G10/><T44/><D106/><U135/><E135/><V107/><F8/><W25/><G59/><T109/><D109/><U120/><E120/><V75/><F75/><W5/><G5/><T122/><D122/><U36/><E16/><V14/><F99/><W92/><G45/><T41/><D41/><U97/><E103/><V94/><F91/><W133/><G133/><T12/><D90/><U79/><E28/><V66/><F66/><W114/><G114/><T2/><D2/><U11/><E11/><V87/><F87/><W95/><REACH who="3" step="1"/><G22/><REACH who="3" ten="250,250,250,240" step="2"/><T124/><D124/><U121/><E121/><V113/><F113/><W72/><G72/><T53/><D71/><U3/><E3/><V110/><F110/><W35/><G35/><T47/><D69/><U15/><E37/><V30/><F34/><W98/><G98/><T46/><D33/><U117/><E96/><V129/><F129/><W73/><G73/><T4/><D68/><U115/><E97/><V58/><F26/><W57/><G57/><N who="0" m="34863" /><D65/><U127/><E127/><V17/><AGARI ba="0,1" hai="14,17,20,30,31,48,52,58,86,88,94,104,105,107" machi="17" ten="40,12000,2" yaku="0,1,25,2,52,1,54,2" doraHai="84" who="2" fromWho="2" sc="250,-60,250,-30,250,130,240,-30" /><INIT seed="1,0,0,5,3,71" ten="190,220,380,210" oya="1" hai0="19,12,60,27,53,89,112,1,129,110,109,54,78" hai1="31,6,80,90,73,39,122,132,121,32,24,17,42" hai2="63,29,14,57,116,56,49,35,81,77,97,82,84" hai3="47,98,0,118,40,52,15,64,99,48,111,124,88"/><U3/><E132/><V44/><F116/><W94/><G0/><T28/><D1/><U8/><E90/><V45/><F97/><W131/><G111/><N who="0" m="42507" /><D112/><U133/><E17/><V119/><F119/><W123/><G123/><T65/><D78/><U100/><E100/><V92/><F92/><W115/><G115/><T46/><D89/><U83/><E83/><V96/><F96/><W95/><G118/><T62/><D46/><U135/><E135/><V113/><F113/><W55/><G131/><T75/><D75/><U93/><E93/><V68/><F14/><W33/><G33/><N who="0" m="20639" /><D129/><U107/><E107/><V85/><F29/><W5/><G124/><T72/><D72/><U87/><E87/><V91/><F35/><W103/><G64/><T69/><D60/><U36/><E133/><V41/><F68/><W79/><G79/><T23/><AGARI ba="0,0" hai="12,19,23,53,54,62,65,69" m="20639,42507" machi="23" ten="30,1100,0" yaku="14,1" doraHai="71" who="0" fromWho="0" sc="190,11,220,-5,380,-3,210,-3" /><INIT seed="2,0,0,0,1,44" ten="201,215,377,207" oya="2" hai0="75,84,32,135,26,40,9,76,25,48,62,87,6" hai1="131,132,106,90,55,119,65,7,129,36,12,73,112" hai2="71,98,39,45,97,128,109,108,121,102,67,35,81" hai3="70,58,24,18,4,16,64,28,59,3,46,104,130"/><V115/><F115/><W124/><G124/><T79/><D135/><U134/><E7/><V27/><F121/><W61/><G130/><N who="1" m="49674" /><E12/><V80/><F128/><W31/><G104/><T96/><D75/><U17/><E17/><V1/><F98/><W91/><G31/><T94/><D32/><U77/><E55/><V99/><F99/><W74/><G74/><T13/><D62/><U41/><E41/><N who="2" m="22719" /><F1/><W101/><G101/><T86/><D40/><U8/><E8/><V89/><F89/><W43/><G59/><T52/><D26/><U88/><E36/><V29/><F81/><W127/><G127/><T72/><D25/><U38/><E38/><V69/><F80/><W105/><G105/><T82/><D79/><U49/><E106/><N who="2" m="63823" /><F67/><W23/><G58/><N who="0" m="33031" /><D72/><U122/><E122/><V15/><F15/><W117/><G3/><T111/><D111/><AGARI ba="0,0" hai="27,29,35,69,71,108,109,111" m="63823,22719" machi="111" ten="30,5800,0" yaku="14,1,10,1,23,1" doraHai="44" who="2" fromWho="0" sc="201,-58,215,0,377,58,207,0" /><INIT seed="2,1,0,0,4,35" ten="143,215,435,207" oya="2" hai0="135,31,18,69,112,51,106,67,63,33,29,123,98" hai1="8,40,37,104,23,108,17,119,66,128,72,116,58" hai2="134,64,77,56,38,71,68,81,83,20,133,96,57" hai3="5,82,21,16,60,3,111,97,101,122,120,95,59"/><V113/><F38/><W10/><G111/><T88/><D112/><U0/><E108/><V47/><F47/><W36/><G36/><T32/><D123/><U48/><E104/><V14/><F113/><W85/><G85/><T105/><D135/><U70/><E72/><V99/><F64/><W34/><G34/><T103/><D105/><U52/><E128/><V12/><F20/><W9/><G9/><T15/><D31/><U89/><E89/><V11/><REACH who="2" step="1"/><F77/><REACH who="2" ten="143,215,425,207" step="2"/><W94/><G122/><T4/><D33/><U61/><E37/><V42/><F42/><W86/><G120/><T28/><D32/><U80/><E40/><V125/><F125/><W50/><G21/><T107/><D67/><U100/><E23/><V114/><F114/><W102/><G59/><T75/><D69/><U130/><E70/><V41/><F41/><W118/><G118/><T7/><D29/><U78/><E116/><V124/><F124/><W44/><G44/><T117/><D28/><U121/><E119/><V91/><F91/><W26/><G102/><T43/><D88/><U110/><E100/><V93/><F93/><W127/><G94/><T27/><D107/><U53/><E121/><V25/><F25/><W65/><G127/><T24/><D117/><U129/><E110/><V54/><F54/><W132/><G26/><T115/><D115/><U22/><E66/><V13/><F13/><W19/><G101/><T74/><D106/><U49/><E53/><V126/><F126/><W6/><G65/><T87/><D103/><U30/><E58/><V55/><F55/><W109/><G109/><RYUUKYOKU ba="1,1" sc="143,-10,215,-10,425,30,207,-10" hai2="11,12,14,56,57,68,71,81,83,96,99,133,134" /><INIT seed="2,2,1,3,1,96" ten="133,205,455,197" oya="2" hai0="26,17,69,30,36,37,135,21,32,24,90,22,4" hai1="88,35,93,0,59,106,102,92,8,133,54,39,34" hai2="10,84,128,80,66,12,86,131,108,110,111,124,95" hai3="31,3,87,94,74,14,105,70,120,45,85,129,77"/><V115/><F66/><W103/><G3/><T72/><D69/><U112/><E112/><V41/><F115/><W64/><G120/><T23/><D72/><U15/><E39/><V44/><F124/><W53/><G129/><N who="2" m="49737" /><F95/><W9/><G31/><N who="0" m="19575" /><D90/><U83/><E0/><V52/><F80/><W99/><G74/><T56/><D56/><U43/><E43/><V104/><F52/><W81/><G70/><T6/><D37/><U118/><E92/><V79/><F104/><W61/><G64/><T132/><D36/><U107/><E107/><V19/><F79/><W2/><G2/><T13/><D22/><U73/><E83/><V47/><F47/><W20/><G20/><T27/><D27/><U67/><E59/><V42/><F42/><W62/><G105/><T127/><D127/><U82/><E67/><V58/><F58/><W97/><G87/><T49/><D49/><AGARI ba="2,1" hai="10,12,19,41,44,49,84,86,108,110,111" m="49737" machi="49" ten="40,7700,0" yaku="14,1,10,1,19,1" doraHai="96" who="2" fromWho="0" sc="133,-83,205,0,455,93,197,0" /><INIT seed="2,3,0,5,5,110" ten="50,205,548,197" oya="2" hai0="77,120,98,42,94,123,104,84,54,2,21,68,69" hai1="22,17,90,129,109,119,11,57,34,115,74,128,75" hai2="112,105,32,15,55,121,100,10,25,3,35,125,73" hai3="127,76,29,33,79,24,130,47,106,117,37,133,111"/><V107/><F73/><W6/><G117/><T101/><D2/><U50/><E34/><V66/><F66/><W93/><G111/><T48/><D42/><U53/><E119/><V81/><F100/><W96/><G133/><T28/><D69/><U49/><E109/><V85/><F55/><W116/><G116/><T39/><D68/><U67/><E11/><V20/><F107/><W56/><G106/><T30/><D39/><U7/><E7/><V95/><F105/><W46/><G6/><T9/><D9/><U31/><E31/><V91/><F125/><W43/><G130/><T108/><D108/><U12/><E67/><V82/><F3/><W5/><G5/><T4/><D4/><U45/><E75/><V86/><F95/><W72/><G72/><T19/><D30/><U1/><E74/><V89/><F121/><W78/><G47/><T40/><D40/><U13/><E1/><V83/><F83/><W122/><G122/><T27/><D28/><U97/><E129/><V59/><F59/><W99/><G127/><T44/><REACH who="0" step="1"/><D77/><REACH who="0" ten="40,205,548,197" step="2"/><U8/><E128/><V132/><F132/><W114/><G79/><T88/><AGARI ba="3,1" hai="19,21,27,44,48,54,84,88,94,98,101,104,120,123" machi="88" ten="30,7900,0" yaku="1,1,2,1,0,1,54,1,53,0" doraHai="110" doraHaiUra="0" who="0" fromWho="0" sc="40,98,205,-23,548,-42,197,-23" /><INIT seed="3,0,0,3,0,81" ten="138,182,506,174" oya="3" hai0="74,29,17,100,130,129,114,102,111,25,97,12,116" hai1="132,112,32,56,50,89,0,122,125,123,14,48,69" hai2="39,55,19,61,42,67,28,35,83,58,101,22,104" hai3="15,26,92,37,53,52,91,99,24,77,47,118,2"/><W65/><G118/><T135/><D74/><U4/><E69/><V134/><F35/><W95/><G2/><T128/><D116/><U133/><E32/><V119/><F28/><W21/><G77/><T93/><D111/><U60/><E0/><V88/><F134/><N who="1" m="51817" /><E112/><V44/><F119/><W80/><G80/><T16/><D135/><U59/><E89/><V7/><F7/><W41/><G65/><T131/><N who="0" m="32768" /><DORA hai="105" /><T87/><D114/><U103/><E103/><V72/><F101/><W54/><REACH who="3" step="1"/><G95/><REACH who="3" ten="138,182,506,164" step="2"/><T106/><D106/><U71/><E123/><V62/><F67/><W124/><G124/><T117/><D117/><U34/><E122/><V38/><F104/><W107/><G107/><T40/><D93/><U11/><E125/><V66/><F66/><W33/><G33/><T86/><D97/><U113/><E34/><V110/><F110/><W8/><G8/><T82/><D82/><U78/><E113/><V6/><F83/><W75/><G75/><T68/><D87/><U27/><E11/><V30/><F72/><W121/><G121/><T109/><D86/><U51/><E78/><V98/><F98/><W84/><G84/><T9/><D109/><U79/><E79/><V85/><F85/><W18/><AGARI ba="0,1" hai="15,18,21,24,26,37,41,47,52,53,54,91,92,99" machi="18" ten="30,6000,0" yaku="1,1,0,1,54,1,53,0" doraHai="81,105" doraHaiUra="3,126" who="3" fromWho="3" sc="138,-20,182,-20,506,-20,164,70" /><INIT seed="3,1,0,4,2,129" ten="118,162,486,234" oya="3" hai0="59,41,98,7,8,11,74,24,26,80,92,76,32" hai1="106,81,31,39,99,112,119,33,125,54,89,60,93" hai2="21,49,68,52,94,103,30,55,65,130,22,118,114" hai3="13,53,133,79,126,96,132,56,91,2,107,113,15"/><W20/><G113/><T86/><D32/><U82/><E39/><V19/><F114/><W109/><G2/><T127/><D127/><U73/><E125/><V50/><F130/><W47/><G126/><T64/><D41/><U104/><E54/><V84/><F65/><W134/><G109/><T83/><D64/><U35/><E60/><V100/><F68/><W131/><G131/><T46/><D59/><U36/><E31/><V77/><F77/><W85/><G79/><T88/><D46/><U105/><E36/><V72/><F118/><W27/><G47/><T75/><D11/><U51/><E51/><N who="2" m="19467" /><F72/><W121/><G121/><T3/><REACH who="0" step="1"/><D74/><REACH who="0" ten="108,162,486,234" step="2"/><U87/><E112/><V14/><F55/><W70/><G70/><T128/><D128/><U23/><E23/><V95/><F52/><W124/><G124/><T17/><D17/><U34/><E119/><V37/><F37/><W97/><G56/><T71/><D71/><U9/><E73/><V38/><F38/><W42/><G42/><T62/><D62/><U123/><E123/><V40/><F40/><W48/><G53/><T108/><D108/><U45/><E45/><V57/><F57/><W78/><G48/><T122/><D122/><U66/><E66/><V67/><F67/><W111/><G111/><T18/><D18/><U44/><E44/><V116/><F116/><W4/><G20/><T28/><D28/><U5/><REACH who="1" step="1"/><E99/><REACH who="1" ten="108,152,486,234" step="2"/><N who="2" m="59511" /><F22/><W120/><G120/><T101/><AGARI ba="1,2" hai="3,7,8,24,26,75,76,80,83,86,88,92,98,101" machi="101" ten="20,5200,0" yaku="1,1,0,1,7,1,54,1,53,0" doraHai="129" doraHaiUra="25" who="0" fromWho="0" sc="108,75,152,-14,486,-14,234,-27" /><INIT seed="4,0,0,5,2,100" ten="183,138,472,207" oya="0" hai0="131,70,44,126,125,99,46,4,22,62,96,24,84" hai1="103,128,38,68,74,105,59,31,107,121,27,110,53" hai2="97,89,20,65,85,135,102,48,9,76,78,86,93" hai3="106,25,50,123,109,92,41,98,87,66,90,79,36"/><T122/><D122/><U56/><E121/><V73/><F65/><W16/><G109/><T75/><D75/><U45/><E110/><V91/><F48/><W115/><G123/><T63/><D4/><U32/><E68/><V104/><F20/><W3/><G3/><T10/><D10/><U28/><E128/><V94/><F9/><W47/><G115/><T14/><D14/><U114/><E114/><V54/><F54/><W34/><G36/><T111/><D84/><U2/><E2/><V37/><F37/><W133/><G133/><T120/><D120/><U72/><E31/><V8/><F8/><W132/><G66/><T42/><D111/><U130/><E130/><V112/><F135/><W15/><G34/><T52/><D131/><U95/><E95/><V88/><F112/><W29/><G29/><T71/><D22/><U0/><E0/><V80/><F76/><W7/><G25/><T69/><D24/><U11/><E11/><V43/><F43/><W6/><G79/><T82/><D82/><U134/><E134/><V40/><F40/><W118/><G132/><T49/><D96/><U35/><E35/><V67/><F67/><W60/><G6/><T119/><D99/><N who="1" m="61695" /><E38/><V64/><F64/><W113/><G113/><T108/><D108/><U57/><E45/><V18/><F18/><W21/><G7/><T81/><D81/><U1/><E1/><V5/><F5/><W55/><G98/><T61/><D119/><U19/><E19/><V17/><F17/><W127/><G118/><T129/><D129/><U39/><E32/><V116/><F116/><RYUUKYOKU ba="0,0" sc="183,15,138,-15,472,15,207,-15" hai0="42,44,46,49,52,61,62,63,69,70,71,125,126" hai2="73,78,80,85,86,88,89,91,93,94,97,102,104" /><INIT seed="4,1,0,3,5,26" ten="198,123,487,192" oya="0" hai0="91,123,5,53,127,65,23,51,15,68,87,17,61" hai1="69,133,78,58,125,128,7,73,43,81,49,131,119" hai2="1,82,14,66,38,122,60,19,27,55,109,3,72" hai3="30,9,32,83,20,111,22,16,101,39,48,50,88"/><T132/><D123/><U31/><E119/><V126/><F109/><W99/><G111/><T64/><D127/><U25/><E69/><V79/><F126/><W0/><G39/><T110/><D132/><U107/><E125/><V108/><F38/><W2/><G2/><T113/><D113/><U6/><E107/><V28/><F122/><W95/><G32/><T18/><D110/><U52/><E43/><V36/><F55/><W97/><G0/><T24/><D5/><U80/><E80/><V112/><F36/><W57/><G9/><T103/><D103/><U45/><E45/><V134/><F108/><W54/><G30/><T130/><D130/><N who="1" m="49707" /><E133/><V93/><F112/><W74/><G22/><AGARI ba="1,0" hai="6,7,22,25,31,49,52,58,73,78,81" m="49707" machi="22" ten="30,3900,0" yaku="19,1,52,1,54,1" doraHai="26" who="1" fromWho="3" sc="198,0,123,42,487,0,192,-42" /><INIT seed="5,0,0,1,5,43" ten="198,165,487,150" oya="1" hai0="56,32,121,83,6,13,36,34,88,8,135,134,133" hai1="73,79,23,49,130,47,122,10,111,40,109,3,72" hai2="2,98,123,63,21,16,84,114,51,124,125,116,58" hai3="126,110,59,102,0,87,57,4,117,50,45,101,76"/><U29/><E122/><V77/><F123/><W67/><G110/><N who="1" m="41994" /><E130/><V89/><F114/><W41/><G126/><N who="2" m="48745" /><F51/><W96/><G117/><T31/><D121/><U118/><E118/><V104/><F2/><W82/><G67/><T39/><D56/><U75/><E79/><V132/><F77/><W20/><G20/><T18/><D6/><N who="1" m="1375" /><E23/><V12/><F132/><W74/><G74/><T127/><D127/><U81/><E81/><V129/><F116/><W26/><G26/><N who="0" m="18551" /><D34/><U91/><E91/><V53/><F129/><W37/><G102/><T52/><D88/><U28/><AGARI ba="0,0" hai="28,29,40,47,49,72,73,75" m="1375,41994" machi="28" ten="40,3900,0" yaku="10,1,52,1" doraHai="43" who="1" fromWho="1" sc="198,-13,165,39,487,-13,150,-13" /><INIT seed="5,1,0,1,4,18" ten="185,204,474,137" oya="1" hai0="26,61,84,135,44,16,91,96,65,100,34,108,73" hai1="57,58,31,20,68,128,124,38,3,122,80,10,66" hai2="15,95,50,22,101,28,97,134,51,129,63,48,117" hai3="36,92,6,74,39,131,43,45,56,47,17,67,118"/><U25/><E122/><V127/><F127/><W64/><G6/><T81/><D108/><U42/><E124/><V59/><F134/><W133/><G74/><T110/><D110/><U46/><E128/><V78/><F129/><W2/><G2/><T79/><D44/><U106/><E106/><V0/><F0/><W94/><G131/><T23/><D34/><U37/><E37/><V69/><F69/><W98/><G133/><T87/><D91/><U113/><E113/><V85/><F117/><W103/><G118/><T1/><D1/><U40/><E40/><V55/><F78/><W109/><G109/><T8/><D8/><U116/><E116/><V89/><F15/><W30/><G30/><T41/><D41/><U115/><E115/><V7/><F7/><W24/><G92/><T126/><D126/><U75/><E66/><V53/><F53/><W19/><G19/><T83/><D83/><U119/><E68/><V21/><F28/><W33/><G56/><T120/><D120/><U35/><E35/><V104/><AGARI ba="1,0" hai="21,22,48,50,51,55,59,63,85,89,95,97,101,104" machi="104" ten="30,4000,0" yaku="0,1,52,2" doraHai="18" who="2" fromWho="2" sc="185,-11,204,-21,474,43,137,-11" /><INIT seed="6,0,0,2,2,90" ten="174,183,517,126" oya="2" hai0="61,103,36,16,46,62,42,109,110,98,48,66,107" hai1="121,86,104,97,40,63,67,128,80,56,101,51,112" hai2="76,88,84,14,13,132,105,4,44,135,10,19,68" hai3="60,126,79,52,89,81,43,127,12,2,64,111,114"/><V117/><F68/><W29/><G2/><T21/><D36/><U85/><E112/><V32/><F105/><W120/><G120/><T69/><REACH who="0" step="1"/><D62/><REACH who="0" ten="164,183,517,126" step="2"/><U31/><E63/><V57/><F117/><W47/><G111/><T93/><D93/><U41/><E104/><V96/><F32/><W115/><G29/><T33/><D33/><U54/><E31/><V73/><F135/><W74/><G64/><T106/><D106/><U116/><E67/><V5/><F132/><W22/><G115/><T123/><D123/><U50/><E116/><V25/><F73/><W130/><G114/><T55/><D55/><U75/><E54/><V70/><F70/><W118/><G118/><T34/><D34/><U113/><E75/><V27/><F57/><W11/><G60/><T102/><D102/><U100/><E100/><V78/><F44/><W77/><G47/><T24/><AGARI ba="0,1" hai="16,21,24,42,46,48,61,66,69,98,103,107,109,110" machi="24" ten="20,8000,1" yaku="1,1,0,1,7,1,54,1,53,1" doraHai="90" doraHaiUra="45" who="0" fromWho="0" sc="164,90,183,-20,517,-40,126,-20" /><INIT seed="7,0,0,1,0,15" ten="254,163,477,106" oya="3" hai0="85,36,129,73,98,90,19,133,40,91,89,41,7" hai1="9,104,80,96,38,83,115,106,64,31,13,93,86" hai2="119,16,25,20,105,18,48,108,128,65,130,120,12" hai3="127,71,117,56,57,33,51,52,100,54,134,49,39"/><W122/><G117/><T97/><D73/><U23/><E38/><V34/><F108/><W68/><G33/><T126/><D36/><U66/><E115/><V125/><F105/><W59/><G100/><T76/><D7/><U6/><E104/><V81/><F65/><N who="1" m="25193" /><E106/><V131/><F125/><W94/><G127/><T99/><D91/><N who="1" m="53495" /><E96/><V124/><F124/><W111/><G111/><T75/><D89/><U79/><E79/><V103/><F103/><W22/><G122/><T50/><D50/><N who="3" m="18953" /><G22/><T60/><D60/><U27/><AGARI ba="0,0" hai="6,9,13,23,27,31,80,83" m="53495,25193" machi="27" ten="30,1100,0" yaku="8,1" doraHai="15" who="1" fromWho="1" sc="254,-3,163,11,477,-3,106,-5" owari="251,5.0,174,-23.0,474,58.0,101,-40.0" /></mjloggm>