<mjloggm ver="2.3"><GO type="185" lobby="0"/><UN n0="%E6%B5%81%E7%9F%B3%E4%B8%80%E6%97%8F" n1="%E3%83%B4%E3%82%A3%E3%83%AF%E3%82%B3%E3%82%B0%E3%83%8B" n2="%E8%8A%B1%E9%AD%81" n3="" dan="16,18,16,0" rate="2163.35,2309.38,2299.29,1500.00" sx="F,M,F,C"/><TAIKYOKU oya="0"/><INIT seed="0,0,0,5,5,49" ten="350,350,350,0" oya="0" hai0="55,128,64,99,96,77,44,53,84,87,112,78,118" hai1="83,104,93,113,105,59,76,35,63,129,60,124,127" hai2="50,134,36,48,58,89,42,123,95,117,92,86,69" hai3=""/><T82/><D118/><U43/><E35/><V65/><N who="2" m="31520" /><V101/><F117/><T61/><D112/><U41/><E113/><V70/><F134/><T51/><D128/><U88/><E129/><V102/><F36/><T107/><D107/><U108/><E108/><V0/><F0/><T135/><D135/><U111/><E111/><V73/><F73/><T91/><D55/><U34/><E34/><V133/><F133/><T71/><REACH who="0" step="1"/><D78/><REACH who="0" ten="340,350,350,0" step="2"/><U47/><E104/><V40/><F65/><T46/><D46/><U81/><E105/><V33/><F33/><T39/><D39/><U120/><N who="1" m="30752" /><U32/><E32/><V100/><F40/><T97/><D97/><U74/><E41/><V3/><F42/><T67/><D67/><U62/><E43/><V57/><F3/><T125/><D125/><U38/><E38/><V79/><F79/><T126/><D126/><U1/><E47/><V54/><F95/><AGARI ba="0,1" hai="44,51,53,61,64,71,77,82,84,87,91,95,96,99" machi="95" ten="30,5800,0" yaku="1,1,7,1,52,1,53,0" doraHai="49" doraHaiUra="37" who="0" fromWho="2" sc="340,68,350,0,350,-58,0,0" /><INIT seed="0,1,0,5,3,76" ten="408,350,292,0" oya="0" hai0="99,102,68,92,121,52,64,3,78,87,54,80,58" hai1="38,67,37,57,132,82,118,94,111,56,110,113,133" hai2="49,32,53,43,41,116,70,91,84,112,55,66,34" hai3=""/><T126/><N who="0" m="31008" /><T131/><D3/><U46/><E118/><V71/><F116/><T36/><D131/><U122/><N who="1" m="31264" /><U83/><E94/><V48/><F112/><T59/><D126/><U117/><E117/><V40/><F66/><T85/><D36/><N who="1" m="13931" /><E46/><V73/><F73/><T65/><D68/><U115/><E67/><N who="0" m="25673" /><D87/><U108/><E82/><V95/><F70/><T35/><D35/><U45/><E83/><V129/><F71/><T120/><N who="0" m="30752" /><T134/><D134/><N who="1" m="51819" /><E45/><V104/><F129/><T1/><D1/><U50/><E50/><V100/><F49/><T89/><D78/><U106/><E106/><V72/><F72/><T60/><D58/><AGARI ba="1,0" hai="56,57,58,108,110,111,113,115" m="51819,13931,31264" machi="58" ten="40,12000,2" yaku="28,2,14,1,20,1,34,2,52,1" doraHai="76" who="1" fromWho="0" sc="408,-122,350,122,292,0,0,0" /><INIT seed="1,0,0,0,4,39" ten="286,472,292,0" oya="1" hai0="119,58,62,94,79,69,135,73,105,70,114,80,74" hai1="96,64,109,88,91,66,44,89,51,77,106,55,75" hai2="133,38,98,49,115,67,116,76,56,33,128,107,72" hai3=""/><U83/><REACH who="1" step="1"/><E109/><REACH who="1" ten="286,462,292,0" step="2"/><V100/><F115/><T118/><D114/><U3/><E3/><V95/><F116/><T93/><D119/><U123/><N who="1" m="31520" /><U47/><E47/><V110/><F110/><T122/><D118/><U81/><E81/><V85/><F33/><T87/><D80/><U32/><E32/><V108/><F108/><T34/><D34/><U42/><E42/><V71/><F128/><T129/><D129/><U124/><E124/><V134/><F133/><T92/><D135/><U78/><E78/><V111/><F134/><T112/><D112/><U36/><E36/><V35/><F111/><T54/><D79/><U130/><E130/><V120/><F38/><T90/><D122/><U97/><E97/><V82/><F35/><T104/><D104/><U68/><E68/><V102/><F71/><T37/><D37/><U99/><E99/><V1/><F1/><T2/><D2/><U84/><E84/><V43/><F107/><T101/><D105/><U61/><E61/><V103/><N who="2" m="30752" /><V45/><F72/><N who="0" m="27754" /><D69/><U113/><E113/><V46/><F45/><T41/><D70/><U50/><E50/><V117/><F117/><T48/><D48/><U86/><E86/><V60/><AGARI ba="0,1" hai="43,46,49,56,60,67,76,82,85,95,98,100,102,103" m="30752" machi="60" ten="30,5900,0" yaku="0,1,8,1,52,2" doraHai="39" who="2" fromWho="2" sc="286,-20,462,-39,292,69,0,0" /><INIT seed="2,0,0,0,4,124" ten="266,423,361,0" oya="2" hai0="107,113,81,132,114,34,118,1,52,73,51,125,40" hai1="106,97,134,60,36,61,109,117,62,104,105,119,78" hai2="63,33,89,111,129,76,80,37,77,42,95,68,110" hai3=""/><V123/><N who="2" m="31520" /><V43/><F33/><T85/><D34/><U79/><E36/><V44/><F43/><T133/><D1/><U2/><E2/><V70/><F77/><N who="1" m="29193" /><E97/><V87/><F129/><T39/><D73/><U32/><E32/><V72/><REACH who="2" step="1"/><F63/><REACH who="2" ten="266,423,351,0" step="2"/><T98/><D40/><U90/><E60/><V92/><F92/><T49/><D114/><U45/><E61/><V102/><F102/><T115/><D113/><U41/><E62/><V103/><F103/><T54/><D115/><U66/><E41/><V101/><F101/><T120/><D120/><U56/><E105/><V86/><F86/><T46/><D85/><U53/><E104/><V3/><F3/><T96/><D107/><U48/><E106/><V67/><F67/><T83/><D54/><U108/><E66/><V69/><AGARI ba="0,1" hai="37,42,44,68,69,70,72,76,80,87,89,95,110,111" m="31520" machi="69" ten="40,5200,0" yaku="1,1,0,1,52,1,53,0" doraHai="124" doraHaiUra="94" who="2" fromWho="2" sc="266,-26,423,-26,351,62,0,0" /><INIT seed="2,1,0,0,2,120" ten="240,397,413,0" oya="2" hai0="81,122,2,60,89,104,43,91,114,94,65,134,34" hai1="93,133,51,61,39,57,35,69,54,124,99,79,74" hai2="90,46,55,85,86,66,116,108,77,92,132,50,71" hai3=""/><V98/><F116/><T128/><N who="0" m="31264" /><T67/><D34/><U32/><E124/><V58/><F132/><T109/><D2/><U101/><E133/><V125/><F125/><T47/><D134/><U83/><E39/><V68/><F108/><T70/><D104/><U87/><E69/><V45/><F46/><T53/><D128/><U73/><E73/><V84/><REACH who="2" step="1"/><F77/><REACH who="2" ten="240,397,403,0" step="2"/><T118/><D118/><U106/><REACH who="1" step="1"/><E61/><AGARI ba="1,1" hai="45,50,55,58,61,66,68,71,84,85,86,90,92,98" machi="61" ten="40,3900,0" yaku="1,1,2,1,53,0" doraHai="120" doraHaiUra="38" who="2" fromWho="1" sc="240,0,397,-41,403,51,0,0" /><INIT seed="2,2,0,5,3,113" ten="240,356,454,0" oya="2" hai0="35,115,82,128,85,48,119,74,122,50,123,130,125" hai1="58,38,89,1,84,32,127,132,44,110,45,91,86" hai2="101,133,2,52,66,120,39,135,34,121,63,107,60" hai3=""/><V41/><N who="2" m="30752" /><V57/><N who="2" m="31008" /><V70/><F2/><T46/><N who="0" m="31264" /><T105/><N who="0" m="31520" /><T134/><D35/><U43/><E1/><V118/><F34/><T100/><D74/><U114/><E32/><V88/><F118/><T111/><D115/><U126/><E114/><V124/><F124/><N who="1" m="47657" /><E110/><V71/><F70/><T95/><D125/><U98/><E132/><N who="2" m="50763" /><F88/><N who="1" m="33865" /><E58/><V62/><F60/><T76/><D134/><U90/><E44/><V96/><F41/><T104/><D111/><U72/><E72/><V79/><F79/><T0/><D0/><U49/><E49/><V55/><F39/><T68/><D68/><U99/><E84/><V36/><F36/><T109/><D109/><U78/><E78/><V64/><AGARI ba="2,0" hai="52,55,57,62,63,64,66,71,96,101,107" m="50763,31008,30752" machi="64" ten="30,7800,0" yaku="20,1,52,2,54,1" doraHai="113" who="2" fromWho="2" sc="240,-41,356,-41,454,82,0,0" /><INIT seed="2,3,0,3,4,54" ten="199,315,536,0" oya="2" hai0="41,133,91,33,0,81,73,69,72,58,99,70,107" hai1="52,65,39,131,106,130,34,120,100,127,45,44,135" hai2="122,53,68,88,97,123,40,113,104,79,126,96,89" hai3=""/><V95/><N who="2" m="31264" /><V78/><N who="2" m="31520" /><V64/><F113/><T118/><D33/><U86/><N who="1" m="30752" /><U93/><E34/><V61/><F126/><T98/><D0/><U129/><E127/><V63/><F40/><T112/><D118/><U128/><E135/><V49/><F63/><T90/><D133/><U117/><E117/><V35/><F35/><T59/><D112/><U125/><E125/><V71/><F71/><T111/><D41/><U46/><E128/><V84/><F96/><T108/><D81/><U60/><E106/><AGARI ba="3,0" hai="58,59,69,70,72,73,90,91,98,99,106,107,108,111" machi="106" ten="25,6400,0" yaku="22,2,52,2" doraHai="54" who="0" fromWho="1" sc="199,70,315,-70,536,0,0,0" /><INIT seed="4,0,0,0,5,100" ten="269,245,536,0" oya="0" hai0="78,132,55,79,107,104,85,56,63,97,41,124,40" hai1="42,35,64,67,111,59,92,90,99,128,48,34,112" hai2="101,129,108,109,60,36,96,75,118,115,123,113,94" hai3=""/><T116/><D116/><U105/><E111/><V47/><N who="2" m="31520" /><V88/><F118/><T72/><D132/><U0/><E0/><V82/><F36/><T74/><D124/><U1/><E1/><V32/><F47/><T73/><D97/><U61/><E128/><V3/><F3/><T44/><D41/><U89/><E67/><V122/><N who="2" m="31264" /><V93/><F60/><T119/><D119/><U131/><E131/><V110/><F32/><T102/><D102/><U58/><E112/><N who="2" m="43083" /><F129/><T77/><REACH who="0" step="1"/><D85/><REACH who="0" ten="259,245,536,0" step="2"/><U2/><E2/><V127/><F127/><T76/><N who="0" m="19456" /><DORA hai="43" /><T120/><N who="0" m="30752" /><T37/><AGARI ba="0,1" hai="37,40,44,55,56,63,72,73,74,104,107" m="30752,19456" machi="37" ten="50,16000,3" yaku="1,1,4,1,0,1,52,4,53,1" doraHai="100,43" doraHaiUra="65,54" who="0" fromWho="0" sc="259,170,245,-80,536,-80,0,0" /><INIT seed="4,1,0,2,1,102" ten="429,165,456,0" oya="0" hai0="115,76,32,113,36,116,0,122,134,87,94,96,43" hai1="83,132,97,33,123,81,109,59,106,49,79,104,48" hai2="98,53,34,129,75,70,133,88,128,71,126,118,1" hai3=""/><T100/><N who="0" m="31264" /><T50/><D32/><U38/><N who="1" m="31520" /><U60/><E33/><V2/><F34/><T74/><D0/><N who="2" m="106" /><F75/><T68/><D116/><U46/><E109/><V121/><N who="2" m="31008" /><V58/><F118/><T64/><D134/><U61/><E132/><V77/><F77/><T57/><D74/><U107/><E38/><V101/><F133/><T72/><D72/><U114/><E114/><V63/><F88/><T91/><D76/><U127/><E97/><V85/><F85/><T90/><D90/><U86/><E81/><V105/><F126/><T124/><D124/><U56/><E127/><V80/><F80/><T51/><D113/><U130/><E46/><V3/><N who="2" m="114" /><V55/><DORA hai="95" /><F55/><T37/><D115/><U67/><REACH who="1" step="1"/><E130/><AGARI ba="1,0" hai="53,58,63,70,71,98,101,105,128,129,130" m="31008,114" machi="130" ten="40,8000,1" yaku="19,1,52,3" doraHai="102,95" who="2" fromWho="1" sc="429,0,165,-82,456,82,0,0" /><INIT seed="5,0,0,0,2,112" ten="429,83,538,0" oya="1" hai0="65,85,54,126,122,0,120,81,114,100,34,130,134" hai1="79,86,58,53,67,1,32,95,46,72,88,78,94" hai2="84,89,109,117,102,36,64,73,43,131,116,45,132" hai3=""/><U83/><E1/><V66/><F109/><T52/><N who="0" m="30752" /><T51/><N who="0" m="31264" /><T87/><D0/><U70/><E32/><V103/><F73/><T133/><D34/><U119/><E78/><V129/><F132/><T60/><D114/><U110/><E110/><V96/><F66/><T106/><D130/><N who="2" m="49674" /><F64/><T99/><D126/><U62/><E46/><V118/><F96/><T125/><D125/><U107/><E107/><V74/><F74/><T38/><D38/><U113/><E113/><V135/><F135/><T128/><D128/><U92/><REACH who="1" step="1"/><E119/><REACH who="1" ten="429,73,538,0" step="2"/><V82/><AGARI ba="0,1" hai="36,43,45,82,84,89,102,103,116,117,118" m="49674" machi="82" ten="40,6000,1" yaku="19,1,52,3" doraHai="112" who="2" fromWho="2" sc="429,-20,73,-40,538,70,0,0" /><INIT seed="6,0,0,0,2,122" ten="409,33,608,0" oya="2" hai0="84,93,108,2,107,47,126,52,80,71,73,61,42" hai1="68,90,123,77,48,83,101,3,38,103,49,106,104" hai2="1,134,0,105,118,51,40,112,69,119,113,114,34" hai3=""/><V111/><F34/><T66/><D2/><N who="2" m="1130" /><F134/><T65/><D107/><U135/><N who="1" m="31520" /><U53/><E3/><V56/><F69/><T98/><D73/><U54/><E68/><V115/><F112/><T89/><D126/><U131/><E90/><V43/><F105/><T78/><D65/><U132/><E104/><V32/><F32/><T45/><D45/><U60/><E106/><V121/><N who="2" m="31008" /><V55/><F111/><T36/><D108/><U62/><E38/><V59/><F56/><T91/><D93/><U74/><E74/><V96/><F96/><T76/><D98/><U100/><E83/><V44/><F40/><T39/><D39/><AGARI ba="0,0" hai="39,43,44,51,55,59,113,114,115,118,119" m="31008,1130" machi="39" ten="40,3900,0" yaku="15,1,52,1" doraHai="122" who="2" fromWho="0" sc="409,-39,33,0,608,39,0,0" owari="370,-3.0,33,-57.0,647,60.0,0,0.0" /></mjloggm>