<mjloggm ver="2.3"><GO type="169" lobby="0"/><UN n0="%E5%88%A5%E5%BD%93" n1="%EF%BC%BC%28%EF%BC%BE%6F%EF%BC%BE%29%EF%BC%8F%E2%98%85" n2="%E5%A4%A7%E8%BE%BB" n3="%E5%AE%89%E9%81%94%E3%81%95%E3%81%8F%E3%82%89" dan="17,17,16,17" rate="2164.35,2220.41,2087.80,2185.24" sx="M,M,M,M"/><TAIKYOKU oya="0"/><INIT seed="0,0,0,5,4,65" ten="250,250,250,250" oya="0" hai0="100,133,72,21,98,59,48,26,61,129,0,3,92" hai1="71,120,62,5,124,73,39,31,53,29,46,121,122" hai2="6,38,51,77,112,55,67,47,80,45,14,13,44" hai3="111,74,27,15,102,86,106,8,88,37,64,69,75"/><T41/><D133/><U49/><E73/><V16/><F112/><W99/><G37/><T79/><D129/><U23/><E5/><V68/><F38/><W4/><G111/><T96/><D72/><U130/><E23/><V35/><F35/><W89/><G89/><T1/><D79/><U82/><E82/><V40/><F6/><W30/><G64/><T43/><D48/><U78/><E78/><V50/><F14/><W93/><REACH who="3" step="1"/><G69/><REACH who="3" ten="250,250,250,240" step="2"/><T131/><D131/><U84/><E130/><V126/><F67/><W81/><G81/><T20/><D98/><U114/><E71/><V107/><F68/><W63/><G63/><T18/><REACH who="0" step="1"/><D20/><AGARI ba="0,1" hai="4,8,15,20,27,30,74,75,86,88,93,99,102,106" machi="20" ten="30,7700,0" yaku="1,1,7,1,54,1,53,1" doraHai="65" doraHaiUra="90" who="3" fromWho="0" sc="250,-77,250,0,250,0,240,87" /><INIT seed="1,0,0,4,3,54" ten="173,250,250,327" oya="1" hai0="84,55,7,124,18,101,118,96,88,27,106,52,125" hai1="1,113,25,56,43,105,117,116,41,81,112,48,28" hai2="80,20,30,97,103,76,126,12,63,50,93,121,2" hai3="74,19,6,44,37,35,31,14,32,119,100,49,45"/><U26/><E105/><V38/><F121/><W16/><G119/><T83/><D118/><U64/><E1/><V131/><F126/><N who="0" m="48746" /><D7/><U0/><E0/><V108/><F2/><W120/><G120/><T132/><D132/><U23/><E117/><V111/><F38/><W13/><G74/><T98/><D96/><U42/><E116/><V9/><F131/><W70/><G70/><T135/><D135/><U40/><E81/><V87/><F50/><W29/><G6/><T109/><D109/><U61/><N who="1" m="10240" /><DORA hai="122" /><U8/><E48/><V72/><F63/><W115/><G115/><T102/><D101/><U58/><E8/><V67/><F67/><W51/><G100/><T133/><D133/><U57/><REACH who="1" step="1"/><E26/><REACH who="1" ten="173,240,250,327" step="2"/><V129/><F129/><W110/><G37/><T73/><D73/><U62/><E62/><V34/><F72/><W24/><G24/><T33/><D33/><U95/><E95/><V4/><REACH who="2" step="1"/><F34/><REACH who="2" ten="173,240,240,327" step="2"/><W69/><G35/><T46/><D46/><U66/><E66/><V82/><F82/><W71/><G32/><T99/><D83/><U11/><E11/><V77/><F77/><W59/><G51/><T47/><D47/><U78/><E78/><V15/><F15/><W127/><G49/><T123/><D123/><U39/><E39/><V17/><F17/><W130/><G127/><T86/><D18/><U114/><AGARI ba="0,2" hai="23,25,28,56,57,58,61,64,112,113,114" m="10240" machi="114" ten="50,12000,1" yaku="1,1,0,1,52,3,53,0" doraHai="54,122" doraHaiUra="65,75" who="1" fromWho="1" sc="173,-40,240,140,240,-40,327,-40" /><INIT seed="1,1,0,4,1,41" ten="133,380,200,287" oya="1" hai0="129,98,42,1,49,69,38,93,70,95,8,18,79" hai1="62,10,85,39,6,91,58,26,16,128,24,35,86" hai2="82,88,47,124,111,13,56,0,2,133,117,61,14" hai3="34,118,122,110,101,73,19,80,66,103,9,64,115"/><U60/><E39/><V127/><F117/><W11/><G122/><T54/><D129/><U55/><E128/><V52/><F133/><W109/><G115/><T106/><D106/><U92/><E35/><V27/><F27/><W46/><G34/><T32/><D32/><U74/><E74/><V5/><F111/><W28/><G73/><T45/><D79/><U29/><E29/><V4/><F13/><W67/><G28/><T84/><D84/><U83/><E62/><V90/><F14/><W107/><G107/><T130/><D130/><U78/><REACH who="1" step="1"/><E16/><REACH who="1" ten="133,370,200,287" step="2"/><V20/><F20/><W17/><G17/><T96/><D18/><U116/><E116/><V44/><F5/><W97/><G19/><T50/><D38/><U81/><E81/><V89/><F82/><W132/><G80/><T72/><D72/><U104/><E104/><V123/><F123/><W76/><G118/><T63/><D63/><U40/><E40/><V3/><REACH who="2" step="1"/><F4/><REACH who="2" ten="133,370,190,287" step="2"/><W77/><G110/><T51/><D8/><U36/><E36/><V120/><F120/><W25/><G109/><T131/><D131/><U134/><E134/><V21/><F21/><W12/><G132/><T57/><D51/><U22/><E22/><V48/><F48/><W53/><G9/><T59/><D50/><U87/><E87/><V31/><F31/><W135/><G11/><T68/><D42/><U33/><E33/><V94/><F94/><W114/><G135/><T43/><D43/><U30/><E30/><V75/><F75/><W100/><G25/><T126/><D95/><U99/><E99/><V105/><F105/><RYUUKYOKU ba="1,2" sc="133,-15,370,15,190,15,287,-15" hai1="6,10,24,26,55,58,60,78,83,85,86,91,92" hai2="0,2,3,44,47,52,56,61,88,89,90,124,127" /><INIT seed="1,2,2,5,3,111" ten="118,385,205,272" oya="1" hai0="79,47,24,0,31,55,127,86,126,60,33,27,122" hai1="64,109,135,32,62,9,51,66,87,12,58,132,2" hai2="72,119,115,40,30,91,90,36,18,100,116,46,104" hai3="123,129,42,41,52,98,92,118,25,7,38,88,65"/><U89/><E2/><V96/><F72/><W3/><G123/><T120/><D0/><U130/><E32/><V78/><F78/><W105/><G129/><T10/><D10/><U107/><E107/><V14/><F30/><W71/><G118/><T101/><D101/><U28/><E28/><V103/><F103/><W37/><G105/><T43/><D24/><U76/><E76/><V4/><F4/><W54/><G25/><T8/><D8/><U97/><E97/><V106/><F106/><W67/><G7/><T61/><D55/><U19/><E130/><V124/><F124/><N who="0" m="47658" /><D61/><U56/><E109/><V16/><F115/><W70/><G3/><T26/><D26/><U93/><E51/><V39/><F39/><W45/><G98/><T82/><D60/><AGARI ba="2,2" hai="9,12,19,56,58,60,62,64,66,87,89,93,132,135" machi="60" ten="40,2000,0" yaku="9,1" doraHai="111" who="1" fromWho="0" sc="118,-26,385,46,205,0,272,0" /><INIT seed="1,3,0,0,2,8" ten="92,431,205,272" oya="1" hai0="21,14,79,7,81,95,113,115,9,82,107,44,78" hai1="22,65,127,73,40,90,85,2,88,41,126,104,60" hai2="117,102,124,116,15,111,52,27,5,108,87,6,13" hai3="29,46,64,118,103,19,119,42,98,100,47,4,89"/><U135/><E73/><V39/><F39/><W51/><G29/><T58/><D107/><U0/><E104/><V63/><F102/><W45/><G64/><T129/><D129/><U18/><E135/><V125/><F87/><W128/><G128/><T114/><D58/><U43/><E2/><V17/><F52/><W72/><G72/><T83/><D95/><U61/><E0/><V16/><F63/><W33/><G33/><T34/><D34/><U99/><E99/><V59/><F59/><W26/><G4/><T57/><D57/><U76/><E76/><V69/><F69/><W32/><G89/><T20/><D44/><U97/><E97/><V53/><F53/><W50/><G47/><T133/><D133/><U84/><E65/><V74/><F74/><W12/><G26/><AGARI ba="3,0" hai="5,6,13,15,16,17,26,27,108,111,116,117,124,125" machi="26" ten="25,16000,3" yaku="22,2,34,3,52,2,54,1" doraHai="8" who="2" fromWho="3" sc="92,0,431,0,205,169,272,-169" /><INIT seed="2,0,0,4,5,84" ten="92,431,374,103" oya="2" hai0="0,14,86,63,42,19,23,65,5,47,27,69,108" hai1="7,37,67,96,122,95,32,54,1,3,88,31,119" hai2="39,18,26,120,36,15,21,10,79,104,110,85,41" hai3="2,105,106,115,53,49,6,71,81,102,118,46,97"/><V17/><F120/><W61/><G118/><T20/><D108/><U107/><E119/><V35/><F104/><W132/><G132/><T13/><D0/><U60/><E37/><V58/><F110/><W8/><G115/><T28/><D5/><U87/><E122/><V62/><F41/><W50/><G105/><T51/><REACH who="0" step="1"/><D86/><REACH who="0" ten="82,431,374,103" step="2"/><U52/><E7/><V33/><F39/><W38/><G38/><T45/><D45/><U94/><E3/><V130/><F36/><W135/><G135/><T57/><D57/><N who="1" m="37263" /><E1/><V64/><F130/><W124/><G46/><T134/><D134/><U16/><E107/><V11/><F11/><W72/><G8/><T129/><D129/><U127/><E127/><V128/><F128/><W12/><G124/><T116/><D116/><U74/><E74/><V73/><F73/><W103/><G72/><T101/><D101/><N who="1" m="60575" /><E32/><V44/><F44/><W131/><G131/><T92/><D92/><U70/><E70/><V117/><F117/><W80/><G71/><T25/><AGARI ba="0,1" hai="13,14,19,20,23,25,27,28,42,47,51,63,65,69" machi="25" ten="20,2700,0" yaku="1,1,0,1,7,1,53,0" doraHai="84" doraHaiUra="98" who="0" fromWho="0" sc="82,37,431,-7,374,-13,103,-7" /><INIT seed="3,0,0,5,0,133" ten="119,424,361,96" oya="3" hai0="8,104,80,78,125,34,3,108,58,22,38,13,129" hai1="57,20,11,61,43,106,74,100,16,25,12,88,54" hai2="97,75,47,123,127,66,62,45,18,114,89,82,30" hai3="135,1,27,111,126,81,2,101,0,9,15,50,122"/><W94/><G122/><T28/><D34/><U107/><E74/><V113/><F123/><W26/><G135/><T86/><D104/><U91/><E43/><V17/><F30/><W102/><G111/><T55/><D38/><U99/><REACH who="1" step="1"/><E107/><REACH who="1" ten="119,414,361,96" step="2"/><V119/><F75/><W10/><G0/><T130/><D3/><U68/><E68/><V14/><F119/><W118/><G1/><T124/><D108/><U42/><E42/><V120/><F120/><W53/><G2/><T134/><D134/><U23/><E23/><V46/><F114/><W115/><G118/><T24/><D130/><U103/><E103/><V110/><F113/><W116/><G116/><T121/><D129/><U109/><E109/><V60/><F110/><W63/><G115/><T93/><D121/><U69/><E69/><V67/><F14/><W73/><G15/><T37/><D13/><U84/><E84/><V131/><F131/><W117/><G117/><T95/><D8/><U76/><E76/><V98/><F89/><W56/><G73/><T21/><D21/><U6/><AGARI ba="0,1" hai="6,11,12,16,20,25,54,57,61,88,91,99,100,106" machi="6" ten="20,8000,1" yaku="1,1,0,1,7,1,54,2,53,0" doraHai="133" doraHaiUra="40" who="1" fromWho="1" sc="119,-20,414,90,361,-20,96,-40" /><INIT seed="4,0,0,1,2,51" ten="99,504,341,56" oya="0" hai0="34,50,121,9,103,92,82,0,36,99,98,37,31" hai1="130,24,84,81,115,117,32,53,110,126,63,10,16" hai2="83,85,25,47,19,74,104,42,71,68,40,134,123" hai3="106,125,114,116,59,128,86,89,45,75,28,26,109"/><T5/><D121/><U113/><E110/><V23/><F104/><W95/><G109/><T52/><D82/><U3/><E117/><V61/><F134/><W102/><G116/><T54/><D31/><U38/><E38/><V101/><F101/><W13/><G75/><T111/><D34/><U8/><E126/><V39/><F42/><W33/><G125/><T94/><D111/><U6/><E130/><V90/><F123/><W46/><G128/><T129/><D129/><U132/><E132/><V18/><F74/><W55/><G114/><N who="1" m="43530" /><E32/><V96/><F96/><W65/><G65/><T56/><REACH who="0" step="1"/><D54/><REACH who="0" ten="89,504,341,56" step="2"/><U1/><E53/><V80/><F83/><W127/><G127/><T17/><D17/><U87/><E81/><V62/><F18/><W79/><G79/><T122/><D122/><U91/><E16/><V15/><F25/><W97/><REACH who="3" step="1"/><G13/><REACH who="3" ten="89,504,341,46" step="2"/><T69/><D69/><U100/><E24/><V66/><F71/><W70/><G70/><T29/><D29/><U48/><E3/><V12/><F12/><W35/><G35/><T72/><D72/><U73/><E73/><V119/><F119/><W124/><G124/><T112/><D112/><U20/><E1/><V4/><F68/><W11/><G11/><T135/><D135/><U22/><E10/><N who="2" m="4551" /><F66/><W88/><G88/><AGARI ba="0,2" hai="0,5,9,36,37,50,52,56,88,92,94,98,99,103" machi="88" ten="30,12000,1" yaku="1,1,7,1,52,1,54,2,53,0" doraHai="51" doraHaiUra="105" who="0" fromWho="3" sc="89,140,504,0,341,0,46,-120" owari="229,-17.0,504,60.0,341,14.0,-74,-57.0" /></mjloggm>