<mjloggm ver="2.3"><GO type="185" lobby="0"/><UN n0="%E6%B5%81%E7%9F%B3%E4%B8%80%E6%97%8F" n1="%70%6F%6E%5F%6B%61%73%75" n2="%E9%95%B7%E5%85%89%E9%BA%BB%E5%A4%9C" n3="" dan="16,16,16,0" rate="2174.73,2143.78,2241.72,1500.00" sx="F,M,M,C"/><TAIKYOKU oya="0"/><INIT seed="0,0,0,1,2,125" ten="350,350,350,0" oya="0" hai0="70,68,63,133,52,1,124,66,126,114,78,121,108" hai1="112,82,111,84,50,85,96,48,113,71,34,122,49" hai2="55,127,91,38,90,129,123,33,132,75,99,116,43" hai3=""/><T59/><N who="0" m="31008" /><T102/><D1/><U118/><N who="1" m="31264" /><U135/><E34/><V69/><F55/><T64/><D114/><N who="1" m="44139" /><E118/><V117/><F90/><T57/><D133/><U62/><E135/><V98/><F91/><T94/><D78/><U47/><E111/><V45/><F98/><T119/><D119/><U53/><E96/><V32/><F45/><T0/><D0/><U115/><E115/><V37/><F43/><T44/><D108/><U39/><E39/><V2/><N who="2" m="31520" /><V76/><F99/><T60/><D102/><U103/><E103/><V101/><F101/><T54/><D94/><U89/><E85/><V97/><F97/><T93/><D93/><U51/><E51/><V100/><F100/><T81/><D81/><U128/><E128/><V73/><F132/><T104/><D104/><U46/><E46/><AGARI ba="0,0" hai="44,46,52,54,57,59,60,63,64,66,68,70,124,126" m="31008" machi="46" ten="25,18000,2" yaku="22,2,34,3,52,1,54,1" doraHai="125" who="0" fromWho="1" sc="350,180,350,-180,350,0,0,0" /><INIT seed="0,1,0,5,2,38" ten="530,170,350,0" oya="0" hai0="116,125,96,58,105,40,121,45,34,36,46,77,135" hai1="113,64,130,122,124,91,42,43,83,68,69,82,3" hai2="71,109,75,62,70,47,132,85,107,115,60,81,128" hai3=""/><T33/><N who="0" m="31008" /><T78/><D116/><U110/><N who="1" m="31264" /><U98/><E3/><V44/><F115/><T123/><N who="0" m="31520" /><T129/><D129/><U56/><E130/><V114/><F114/><T134/><D125/><U117/><E113/><V84/><F107/><T63/><D46/><U108/><E117/><V95/><F128/><T86/><D96/><U35/><E35/><N who="0" m="13321" /><D86/><U99/><E56/><V65/><F85/><T61/><D61/><U74/><E64/><V37/><F65/><T90/><D90/><U41/><E91/><V100/><F84/><T103/><D103/><U133/><E74/><V89/><F89/><T94/><D94/><U93/><E93/><V80/><F95/><T1/><D1/><U131/><E131/><V50/><F100/><T73/><D73/><U112/><E112/><V87/><F87/><T54/><D105/><U127/><REACH who="1" step="1"/><E42/><REACH who="1" ten="530,160,350,0" step="2"/><V126/><F75/><T111/><D40/><U0/><E0/><V118/><F118/><T104/><D104/><U53/><E53/><V49/><F81/><T67/><D67/><U48/><E48/><V102/><F80/><T52/><D54/><U106/><E106/><V119/><F119/><T79/><D52/><U72/><E72/><V101/><F50/><RYUUKYOKU ba="1,1" sc="530,-10,160,20,350,-10,0,0" hai1="41,43,68,69,82,83,98,99,108,110,124,127,133" /><INIT seed="1,2,1,3,4,111" ten="520,180,340,0" oya="1" hai0="129,117,74,60,83,96,81,89,70,104,80,110,114" hai1="65,106,79,103,125,58,62,53,71,48,94,102,84" hai2="92,93,133,87,45,43,112,105,63,97,35,67,46" hai3=""/><U42/><E125/><V121/><N who="2" m="31008" /><V120/><N who="2" m="30752" /><V132/><F35/><T73/><D60/><U61/><E106/><V134/><F112/><T78/><D70/><U76/><E102/><V69/><F46/><T115/><D110/><U101/><E103/><V2/><F2/><T95/><D129/><U40/><E42/><V107/><F87/><T127/><D127/><U47/><REACH who="1" step="1"/><E84/><REACH who="1" ten="520,170,340,0" step="2"/><V124/><F124/><T49/><D104/><N who="2" m="40010" /><F97/><AGARI ba="2,2" hai="40,47,48,53,58,61,62,65,71,76,79,94,97,101" machi="97" ten="40,3900,0" yaku="1,1,53,1" doraHai="111" doraHaiUra="88" who="1" fromWho="2" sc="520,0,170,63,340,-43,0,0" /><INIT seed="1,3,0,1,1,83" ten="520,233,297,0" oya="1" hai0="130,74,55,104,63,91,115,101,100,73,61,103,119" hai1="47,107,110,109,80,84,71,57,102,89,93,52,112" hai2="113,42,35,129,60,41,50,75,116,72,66,79,51" hai3=""/><U34/><E112/><V58/><F116/><T132/><D115/><U95/><E34/><V118/><F118/><T117/><D104/><U33/><E71/><V98/><F35/><T53/><D103/><U81/><E33/><V70/><F113/><T133/><D91/><U40/><E107/><V105/><F129/><AGARI ba="3,0" hai="53,55,61,63,73,74,100,101,117,119,129,130,132,133" machi="129" ten="25,1600,0" yaku="22,2" doraHai="83" who="0" fromWho="2" sc="520,22,233,0,297,-22,0,0" /><INIT seed="2,0,0,2,3,58" ten="542,233,275,0" oya="2" hai0="77,53,107,96,128,75,74,38,131,67,61,93,3" hai1="124,43,42,134,47,50,94,59,114,57,125,87,45" hai2="86,130,37,73,80,90,120,123,113,60,54,51,49" hai3=""/><V81/><N who="2" m="30752" /><V34/><N who="2" m="31520" /><V101/><F34/><T48/><D38/><U64/><E94/><V112/><F130/><N who="0" m="49706" /><D77/><U79/><E87/><V2/><F2/><T62/><D107/><U84/><E84/><V36/><F101/><T35/><D35/><U78/><E50/><V106/><F106/><T99/><D3/><U115/><REACH who="1" step="1"/><E64/><REACH who="1" ten="542,223,275,0" step="2"/><V121/><N who="2" m="31008" /><V95/><F51/><T100/><D96/><U110/><E110/><V98/><F37/><T88/><D67/><U82/><E82/><V52/><F36/><T55/><D48/><U39/><E39/><V92/><F81/><T122/><N who="0" m="31264" /><T71/><D93/><U65/><E65/><V118/><F92/><T129/><D129/><U132/><AGARI ba="0,1" hai="42,43,45,47,57,59,78,79,114,115,124,125,132,134" machi="132" ten="25,4800,0" yaku="1,1,0,1,22,2,53,0" doraHai="58" doraHaiUra="91" who="1" fromWho="1" sc="542,-16,223,58,275,-32,0,0" /><INIT seed="4,0,0,0,3,69" ten="526,281,243,0" oya="0" hai0="3,0,104,105,100,89,96,112,120,87,40,1,85" hai1="107,74,51,67,62,109,53,77,125,106,113,101,103" hai2="32,123,44,98,102,70,38,66,97,79,64,90,71" hai3=""/><T35/><N who="0" m="30752" /><T34/><D112/><U82/><E109/><V83/><N who="2" m="31520" /><V48/><F38/><T122/><N who="0" m="31264" /><T75/><D75/><U130/><E113/><V63/><F32/><T117/><D117/><U118/><E118/><V110/><F110/><T45/><D105/><U126/><E130/><V134/><F134/><T46/><D87/><U2/><E103/><V127/><F127/><N who="1" m="48649" /><E101/><V84/><F79/><T119/><D119/><U114/><E2/><V65/><F97/><T135/><D46/><U33/><E33/><V108/><F71/><T58/><D58/><U80/><E80/><V50/><F50/><T49/><REACH who="0" step="1"/><D135/><REACH who="0" ten="516,281,243,0" step="2"/><U37/><E114/><V56/><F108/><T116/><D116/><U60/><E107/><V133/><F133/><T36/><D36/><U61/><E37/><V47/><F44/><T73/><D73/><U59/><E106/><V76/><F70/><AGARI ba="0,1" hai="51,53,59,60,61,62,67,70,74,77,82" m="48649" machi="70" ten="30,1000,0" yaku="18,1" doraHai="69" who="1" fromWho="2" sc="516,0,281,20,243,-10,0,0" /><INIT seed="5,0,0,2,3,73" ten="516,301,233,0" oya="1" hai0="101,2,34,128,3,40,55,59,132,111,78,99,60" hai1="108,63,125,45,123,117,106,53,92,120,66,47,44" hai2="88,102,97,129,51,127,135,1,134,72,41,39,95" hai3=""/><U115/><N who="1" m="30752" /><U61/><N who="1" m="31520" /><U121/><N who="1" m="31008" /><U87/><E117/><V46/><F1/><T89/><D34/><U112/><E106/><V62/><F127/><T81/><D89/><U133/><E125/><V35/><F35/><T69/><D111/><U58/><E108/><V100/><F72/><T74/><D128/><U43/><E133/><N who="2" m="50699" /><F129/><T93/><D132/><U64/><E43/><V48/><F62/><N who="1" m="23561" /><E87/><V49/><AGARI ba="0,0" hai="39,41,46,48,49,51,88,95,97,100,102" m="50699" machi="49" ten="30,1500,0" yaku="20,1,54,1" doraHai="73" who="2" fromWho="2" sc="516,-5,301,-10,233,15,0,0" /><INIT seed="6,0,0,5,2,41" ten="511,291,248,0" oya="2" hai0="49,38,92,116,79,129,103,107,54,110,87,32,47" hai1="34,33,40,109,133,123,102,51,71,60,74,50,52" hai2="100,2,134,67,78,88,36,127,56,86,119,94,84" hai3=""/><V108/><F2/><T117/><D32/><U66/><N who="1" m="31520" /><U61/><E109/><V97/><F119/><T70/><D110/><U76/><E133/><V132/><F108/><T0/><D0/><U130/><E130/><V81/><F36/><T59/><D107/><U64/><E51/><V125/><F56/><T46/><D70/><U98/><E40/><V120/><N who="2" m="30752" /><V43/><F67/><T111/><D111/><U113/><E113/><V95/><F43/><T77/><D129/><U69/><E76/><V42/><F42/><T75/><D79/><U45/><E74/><V91/><F78/><T114/><D77/><U135/><E135/><AGARI ba="0,0" hai="81,84,86,88,91,94,95,97,100,125,127,132,134,135" m="30752" machi="135" ten="40,18000,2" yaku="20,1,34,3,52,1,54,1" doraHai="41" who="2" fromWho="1" sc="511,0,291,-180,248,180,0,0" /><INIT seed="6,1,0,4,5,130" ten="511,111,428,0" oya="2" hai0="131,134,100,88,32,42,54,121,129,59,95,52,120" hai1="93,71,66,135,51,117,87,112,114,64,132,48,40" hai2="1,75,122,55,46,61,78,74,68,2,73,63,85" hai3=""/><V123/><N who="2" m="31264" /><V128/><N who="2" m="31520" /><V69/><F128/><N who="0" m="49226" /><D32/><U79/><E93/><V99/><F99/><T3/><N who="0" m="30752" /><T119/><N who="0" m="31008" /><T89/><D3/><U43/><E87/><V47/><F85/><T92/><D119/><U53/><E79/><V50/><F78/><T109/><D109/><U107/><E107/><V72/><F72/><T90/><D134/><U39/><E39/><V58/><F47/><T98/><D42/><U116/><E53/><N who="0" m="20585" /><D59/><U108/><REACH who="1" step="1"/><E71/><REACH who="1" ten="511,101,428,0" step="2"/><V101/><F101/><T110/><D110/><AGARI ba="1,1" hai="40,43,48,51,64,66,108,110,112,114,116,117,132,135" machi="110" ten="25,24000,4" yaku="1,1,2,1,22,2,34,3,52,2,53,2" doraHai="130" doraHaiUra="60" who="1" fromWho="0" sc="511,-242,101,252,428,0,0,0" owari="269,-33.0,353,-5.0,428,38.0,0,0.0" /></mjloggm>