<mjloggm ver="2.3"><GO type="169" lobby="0"/><UN n0="%E3%82%8F%E3%81%9F%E3%81%B4%E3%82%93" n1="%61%6E%6C%75%6E" n2="%E3%83%8E%E3%82%AA%E3%83%81%E3%83%A3%E3%83%99%E3%82%B9" n3="%E5%BC%B7%E6%89%93%E6%84%9B%E5%A5%BD%E5%AE%B6" dan="17,16,16,16" rate="2254.57,2115.38,2098.06,2132.85" sx="M,M,M,M"/><TAIKYOKU oya="0"/><INIT seed="0,0,0,4,3,115" ten="250,250,250,250" oya="0" hai0="26,68,32,72,120,37,131,93,34,132,122,40,19" hai1="22,127,25,60,31,13,128,56,116,46,108,123,52" hai2="66,130,106,92,28,94,80,8,119,1,134,82,6" hai3="107,16,81,99,117,126,53,89,58,51,35,43,129"/><T74/><D68/><U101/><E123/><V67/><F106/><W88/><G126/><T11/><D40/><U27/><E127/><V23/><F134/><W124/><G124/><T10/><D37/><U21/><E108/><V49/><F49/><W102/><G129/><T29/><D93/><U87/><E128/><V96/><F130/><W7/><G35/><N who="0" m="20919" /><D131/><U3/><E3/><V63/><F94/><W90/><G7/><T118/><D72/><U84/><E13/><V91/><F67/><W14/><G43/><T62/><D62/><U133/><E133/><V77/><F77/><W100/><G100/><T39/><D74/><U54/><E116/><V83/><F28/><W69/><G69/><T44/><D44/><U9/><E9/><N who="0" m="3081" /><D39/><U111/><E111/><V42/><F23/><W86/><G117/><T95/><D95/><U78/><E78/><V61/><F61/><W64/><G64/><T98/><D98/><U70/><E70/><V50/><F50/><W113/><G113/><T59/><D59/><U30/><E101/><V109/><F42/><W104/><REACH who="3" step="1"/><G107/><REACH who="3" ten="250,250,250,240" step="2"/><T65/><D65/><U38/><E38/><V18/><F109/><W114/><G114/><T79/><D118/><U48/><AGARI ba="0,1" hai="21,22,25,27,30,31,46,48,52,54,56,60,84,87" machi="48" ten="30,7900,0" yaku="0,1,9,1,8,1,54,1" doraHai="115" who="1" fromWho="1" sc="250,-39,250,89,250,-20,240,-20" /><INIT seed="1,0,0,0,2,29" ten="211,339,230,220" oya="1" hai0="84,120,121,89,134,41,76,99,124,104,21,72,95" hai1="2,62,53,77,88,126,130,70,117,44,97,55,113" hai2="73,63,127,105,19,36,82,132,106,43,78,20,37" hai3="79,48,85,33,24,7,22,28,54,46,9,122,34"/><U123/><E117/><V109/><F109/><W98/><G122/><N who="0" m="47211" /><D21/><U38/><E123/><V128/><F127/><W60/><G98/><T114/><D41/><U47/><E2/><V71/><F128/><W93/><G93/><T35/><D114/><U51/><E113/><V12/><F132/><W13/><REACH who="3" step="1"/><G60/><REACH who="3" ten="211,339,230,210" step="2"/><T101/><D134/><U100/><E62/><V92/><F92/><W8/><G8/><T133/><D133/><U52/><E97/><V39/><F43/><W25/><G25/><T40/><D40/><U103/><E103/><V15/><F63/><W30/><G30/><T68/><D68/><U5/><E70/><V58/><F71/><W49/><G49/><T116/><D124/><U59/><E126/><V75/><F39/><W0/><G0/><T94/><D116/><U81/><E100/><V135/><F37/><W65/><G65/><T14/><D14/><U4/><E38/><V57/><F36/><W112/><G112/><T23/><D94/><U69/><E69/><V32/><F135/><W110/><G110/><T1/><D1/><U131/><E131/><V125/><F125/><W45/><G45/><N who="1" m="17482" /><E130/><V111/><F111/><W50/><G50/><T118/><D118/><U102/><E102/><V3/><F3/><W83/><AGARI ba="0,1" hai="7,9,13,22,24,28,33,34,46,48,54,79,83,85" machi="83" ten="30,7900,0" yaku="1,1,0,1,52,2,53,0" doraHai="29" doraHaiUra="67" who="3" fromWho="3" sc="211,-20,339,-39,230,-20,210,89" /><INIT seed="2,0,0,4,1,21" ten="191,300,210,299" oya="2" hai0="107,29,57,13,18,36,48,111,127,32,118,109,9" hai1="76,44,135,34,27,79,49,119,58,116,123,93,112" hai2="82,125,67,15,98,117,124,69,84,62,85,66,126" hai3="11,101,52,24,71,56,110,73,4,102,10,45,53"/><V8/><F117/><W92/><G71/><T46/><D36/><U97/><E112/><V61/><F98/><W22/><G73/><T95/><D107/><U14/><E135/><V55/><F55/><W134/><G134/><T17/><D57/><U39/><E119/><V35/><F35/><W132/><G132/><T26/><D118/><U20/><E116/><V114/><F114/><W90/><G45/><T68/><D68/><U43/><E123/><V0/><F0/><W86/><G110/><N who="0" m="41995" /><D95/><U100/><E34/><V105/><F105/><W99/><G4/><N who="0" m="3239" /><D127/><U120/><E120/><V74/><F74/><W106/><G102/><T128/><D128/><U16/><E39/><V80/><F80/><W51/><G53/><AGARI ba="0,0" hai="17,18,26,29,32,46,48,53" m="3239,41995" machi="53" ten="30,2000,0" yaku="14,1,52,1" doraHai="21" who="0" fromWho="3" sc="191,20,300,0,210,0,299,-20" /><INIT seed="3,0,0,4,0,98" ten="211,300,210,279" oya="3" hai0="56,22,121,62,77,34,95,113,117,28,93,109,64" hai1="17,94,44,92,70,124,49,2,69,114,120,99,111" hai2="102,51,126,4,61,20,86,42,73,26,134,18,106" hai3="116,48,67,78,110,45,5,55,123,29,125,19,85"/><W101/><G123/><T21/><D117/><U8/><E114/><V37/><F73/><W41/><G116/><T105/><D105/><U74/><E120/><V91/><F37/><W68/><G125/><T3/><D3/><U84/><E74/><V60/><F134/><W135/><G135/><T115/><D109/><U79/><E111/><V128/><F128/><W83/><G110/><T104/><D104/><U82/><E124/><V9/><F126/><W58/><G5/><T57/><D77/><U33/><E33/><V10/><F10/><W6/><G6/><T7/><D7/><U27/><E92/><N who="0" m="35401" /><D121/><U107/><E107/><V100/><F106/><W76/><G29/><T14/><D14/><U133/><E133/><V32/><F32/><W130/><G130/><T132/><D132/><U129/><E129/><V81/><F42/><W39/><G19/><T119/><D119/><U89/><E2/><V43/><F43/><W71/><G78/><T11/><D11/><U54/><E27/><V108/><F51/><W50/><G48/><T66/><D28/><U87/><E87/><V38/><F38/><W72/><G72/><T24/><D24/><U65/><E65/><N who="0" m="25193" /><D34/><U12/><AGARI ba="0,0" hai="8,12,17,44,49,54,69,70,79,82,84,89,94,99" machi="12" ten="30,1100,0" yaku="0,1" doraHai="98" who="1" fromWho="1" sc="211,-3,300,11,210,-3,279,-5" /><INIT seed="4,0,0,1,4,47" ten="208,311,207,274" oya="0" hai0="63,111,132,128,78,46,129,96,1,84,104,88,118" hai1="123,101,3,49,86,109,122,19,76,43,29,75,42" hai2="85,70,94,92,17,133,15,51,121,117,52,16,90" hai3="105,62,113,27,28,79,20,48,87,134,108,125,99"/><T64/><D118/><U24/><E3/><V12/><F70/><W36/><G36/><T35/><D1/><U115/><E109/><V131/><F121/><W102/><G108/><T45/><D111/><U53/><E75/><V106/><F106/><W83/><G134/><T112/><D35/><U93/><E122/><V71/><F71/><W81/><G125/><T55/><D112/><U97/><E115/><V31/><F133/><W116/><G113/><T72/><D72/><U59/><E19/><N who="2" m="7243" /><F131/><N who="0" m="50250" /><D78/><U32/><E123/><V114/><F114/><W7/><G7/><T2/><D2/><U80/><AGARI ba="0,0" hai="24,29,32,42,43,49,53,59,76,80,86,93,97,101" machi="80" ten="30,2000,0" yaku="0,1,52,1" doraHai="47" who="1" fromWho="1" sc="208,-10,311,20,207,-5,274,-5" /><INIT seed="5,0,0,1,2,108" ten="198,331,202,269" oya="1" hai0="27,101,1,19,68,51,111,10,0,63,30,121,104" hai1="99,47,37,106,123,77,39,26,18,9,125,46,84" hai2="117,25,40,59,33,88,49,110,58,43,54,94,114" hai3="44,36,71,67,61,65,72,119,5,3,69,55,15"/><U32/><E123/><V100/><F117/><W81/><G15/><T86/><D86/><U91/><E125/><V124/><F110/><W60/><G3/><T23/><D111/><U90/><E77/><V130/><F124/><W92/><G5/><T87/><D121/><U74/><E74/><V120/><F120/><W129/><G119/><T93/><D51/><U16/><E32/><V105/><F130/><W102/><G92/><T20/><D10/><U22/><E39/><V80/><F80/><W6/><G6/><T62/><D104/><U132/><E132/><V28/><F100/><W128/><G81/><T118/><D118/><U42/><E47/><V73/><F105/><W134/><G102/><T126/><D126/><U52/><E52/><V14/><F73/><W75/><G134/><T70/><D62/><U4/><E18/><V64/><F14/><W78/><G78/><T2/><D63/><U98/><E91/><V89/><F89/><W127/><G127/><T83/><D93/><U7/><E7/><V48/><F64/><W85/><G85/><T109/><D101/><U11/><E4/><V56/><F49/><N who="3" m="29095" /><G36/><T122/><D109/><U103/><E99/><V21/><F33/><W76/><G76/><N who="0" m="46567" /><D122/><U12/><E12/><V57/><REACH who="2" step="1"/><F114/><REACH who="2" ten="198,331,192,269" step="2"/><W131/><AGARI ba="0,1" hai="60,61,65,67,69,71,72,75,128,129,131" m="29095" machi="131" ten="30,1100,0" yaku="19,1" doraHai="108" who="3" fromWho="3" sc="198,-3,331,-5,192,-3,269,21" /><INIT seed="6,0,0,5,0,15" ten="195,326,189,290" oya="2" hai0="77,102,117,112,47,90,94,110,76,58,38,128,131" hai1="39,45,65,26,30,134,98,124,81,7,68,59,55" hai2="52,79,96,108,111,125,133,122,13,12,48,101,86" hai3="37,104,132,0,31,129,8,62,127,114,103,11,6"/><V89/><F79/><N who="0" m="30282" /><D58/><U99/><E124/><V66/><F66/><W63/><G37/><T50/><D38/><U44/><E134/><V69/><F69/><W23/><G132/><T115/><D50/><U20/><E81/><N who="2" m="49359" /><F122/><W17/><G104/><T32/><D47/><U49/><E7/><V74/><F125/><W123/><G103/><T120/><D32/><U24/><E39/><V106/><F74/><W67/><G123/><T73/><D73/><U57/><E68/><V33/><F33/><W118/><G118/><T56/><D56/><U70/><E70/><V4/><F4/><W105/><G105/><T46/><D46/><N who="1" m="18027" /><E26/><V1/><F1/><W92/><G0/><T93/><D120/><U78/><E78/><V116/><F116/><W64/><G6/><T9/><D9/><U91/><E91/><V2/><F2/><W54/><G8/><T83/><D117/><U113/><E113/><N who="0" m="43593" /><D110/><N who="2" m="42026" /><F133/><W35/><G114/><T10/><D10/><U27/><E27/><V95/><F106/><W126/><G11/><T36/><D36/><U40/><E40/><V53/><F48/><W85/><G35/><T51/><D51/><U5/><E5/><V121/><F121/><W43/><G126/><T75/><D75/><U19/><E30/><V100/><F101/><W72/><G31/><T87/><D102/><U135/><E135/><V34/><F34/><W61/><G43/><T119/><D119/><U42/><E42/><V3/><F3/><W25/><G72/><T21/><D21/><U28/><E28/><V29/><F29/><N who="3" m="17599" /><G127/><T109/><D109/><U14/><E24/><RYUUKYOKU ba="0,0" sc="195,10,326,10,189,10,290,-30" hai0="83,87,90,93,94,128,131" hai1="14,19,20,49,55,57,59,65,98,99" hai2="12,13,52,53,95,96,100" /><INIT seed="6,1,0,0,3,108" ten="205,336,199,260" oya="2" hai0="106,100,121,62,35,22,28,77,74,39,53,8,68" hai1="51,30,115,6,104,1,55,38,133,110,15,113,124" hai2="19,37,49,26,18,11,21,125,29,56,31,119,122" hai3="4,9,32,47,27,117,24,109,105,93,94,25,116"/><V73/><F37/><W63/><G105/><T60/><D121/><U67/><E110/><V59/><F73/><W84/><G109/><T92/><D39/><U13/><E38/><V71/><F71/><W79/><G32/><T64/><D8/><N who="1" m="2127" /><E104/><V2/><F122/><W76/><G47/><T90/><D35/><U50/><E67/><V98/><F119/><W128/><G63/><T114/><D106/><U132/><E51/><V17/><F31/><W7/><G9/><T58/><D100/><U43/><E43/><V103/><F125/><W12/><G12/><N who="1" m="4682" /><E30/><V10/><F2/><W5/><G84/><T16/><D28/><U131/><E124/><V46/><F11/><W66/><G128/><T54/><D54/><U127/><E127/><V80/><F80/><W89/><G89/><T14/><D77/><N who="3" m="29769" /><G66/><T88/><D74/><U135/><E131/><V99/><F10/><W85/><G85/><N who="0" m="52239" /><D90/><U134/><E134/><V48/><F48/><W126/><G126/><T123/><D123/><U102/><E102/><V57/><REACH who="2" step="1"/><F103/><REACH who="2" ten="205,336,189,260" step="2"/><W42/><G117/><T95/><D68/><U36/><E36/><V107/><F107/><W87/><G116/><T83/><D83/><U40/><E40/><AGARI ba="1,1" hai="17,18,19,21,26,29,40,46,49,56,57,59,98,99" machi="40" ten="40,3900,0" yaku="1,1,8,1,53,0" doraHai="108" doraHaiUra="130" who="2" fromWho="1" sc="205,0,336,-42,189,52,260,0" /><INIT seed="6,2,0,4,1,11" ten="205,294,241,260" oya="2" hai0="90,13,32,123,109,57,3,118,70,78,95,101,28" hai1="93,46,79,120,29,51,130,1,6,103,69,9,41" hai2="8,74,37,122,15,16,60,39,127,10,12,113,66" hai3="108,100,81,20,54,126,31,47,33,64,87,42,89"/><V73/><F122/><W27/><G108/><T52/><D70/><U14/><E69/><V86/><F113/><W135/><G135/><T23/><D109/><U49/><E120/><V99/><F127/><W72/><G126/><T56/><D123/><U48/><E130/><V45/><F86/><W4/><G64/><T71/><D71/><U129/><E129/><V85/><F85/><W76/><G100/><T50/><D3/><U132/><E132/><V97/><F66/><W59/><G4/><T62/><D32/><U43/><E29/><V128/><F128/><W55/><G59/><N who="0" m="33175" /><D118/><U67/><E67/><V92/><F60/><W116/><G33/><T84/><D101/><U24/><E79/><V96/><F92/><W7/><G7/><T36/><D36/><U25/><E1/><V91/><F91/><W131/><G116/><T117/><D117/><U106/><E106/><V125/><F125/><W17/><G31/><T44/><D78/><U133/><E133/><V38/><REACH who="2" step="1"/><F45/><REACH who="2" ten="205,294,231,260" step="2"/><W121/><G121/><T53/><D62/><U98/><E46/><V63/><F63/><W34/><G131/><T2/><D2/><U58/><E58/><V119/><F119/><W104/><G104/><T114/><D114/><U102/><E103/><V75/><F75/><W80/><G47/><T115/><D115/><U77/><E77/><V30/><F30/><W21/><G76/><T134/><D134/><U82/><E82/><V94/><F94/><W124/><G80/><T68/><D68/><U105/><E105/><V83/><F83/><N who="3" m="49407" /><G124/><T107/><D44/><U61/><E61/><RYUUKYOKU ba="2,1" sc="205,-15,294,15,231,15,260,-15" hai1="6,9,14,24,25,41,43,48,49,51,93,98,102" hai2="8,10,12,15,16,37,38,39,73,74,96,97,99" /><INIT seed="6,3,1,3,5,7" ten="190,309,246,245" oya="2" hai0="75,76,124,71,85,128,79,135,26,91,29,21,104" hai1="32,62,22,106,102,20,8,111,48,120,86,57,41" hai2="131,126,28,63,70,17,113,58,11,83,105,64,125" hai3="107,121,101,34,35,96,51,122,12,93,116,56,30"/><V2/><F105/><W65/><G116/><T108/><D108/><U84/><E111/><V3/><F28/><W6/><G107/><T109/><D109/><U73/><E73/><V87/><F113/><W66/><G30/><T10/><D71/><U44/><E32/><V47/><F47/><W31/><G31/><T90/><D75/><U134/><E134/><V82/><F70/><W42/><G34/><T45/><D135/><U1/><E120/><V18/><F131/><W55/><G35/><T60/><D124/><N who="2" m="47722" /><F82/><W81/><G121/><T52/><D104/><U24/><E102/><V16/><F11/><N who="3" m="4215" /><G122/><T89/><D85/><U37/><E106/><V39/><F39/><W133/><G133/><T74/><D74/><U100/><E37/><V92/><F92/><W119/><G119/><T103/><D103/><U61/><E100/><V123/><F123/><W127/><G127/><T40/><D128/><U80/><E80/><V27/><F27/><W68/><G68/><T95/><D95/><U4/><E22/><V19/><N who="2" m="4096" /><DORA hai="5" /><V46/><F46/><N who="3" m="26071" /><G81/><T118/><D118/><U50/><E20/><V69/><F69/><W14/><G14/><T112/><D112/><U54/><E24/><V114/><F114/><W129/><G129/><T13/><D40/><U94/><E94/><V72/><F72/><W77/><G77/><AGARI ba="3,1" hai="2,3,58,63,64,77,83,87" m="4096,47722" machi="77" ten="40,3900,0" yaku="18,1,54,1" doraHai="7,5" who="2" fromWho="3" sc="190,0,309,0,246,58,245,-48" /><INIT seed="6,4,0,2,2,46" ten="190,309,304,197" oya="2" hai0="103,66,119,86,72,124,49,26,95,135,112,1,109" hai1="71,79,23,83,17,105,6,61,11,81,74,19,48" hai2="16,111,98,20,117,82,130,43,39,68,63,129,84" hai3="110,128,101,108,57,47,37,7,53,133,18,94,56"/><V8/><F117/><W123/><G123/><T58/><D109/><U76/><E105/><V77/><F111/><W93/><G7/><T97/><D72/><U104/><E104/><V120/><F120/><W100/><G133/><T121/><D121/><U114/><E114/><V32/><F32/><W34/><G34/><T44/><D112/><U2/><E23/><V65/><F8/><W64/><G128/><T106/><D124/><U45/><E61/><V80/><F98/><W24/><G37/><T85/><D1/><U55/><E71/><V25/><F43/><W92/><G110/><T9/><D135/><U59/><E59/><N who="3" m="22602" /><G64/><T50/><D106/><U12/><E2/><V70/><F39/><W69/><G69/><T35/><D9/><U36/><E36/><V88/><REACH who="2" step="1"/><F70/><REACH who="2" ten="190,309,294,197" step="2"/><W52/><G108/><T40/><D119/><U21/><E21/><V73/><AGARI ba="4,1" hai="16,20,25,63,65,68,73,77,80,82,84,88,129,130" machi="73" ten="30,18000,2" yaku="1,1,2,1,0,1,54,2,53,1" doraHai="46" doraHaiUra="75" who="2" fromWho="2" sc="190,-64,309,-64,294,202,197,-64" /><INIT seed="6,5,0,5,1,108" ten="126,245,496,133" oya="2" hai0="40,7,84,118,92,94,116,102,70,46,37,61,10" hai1="25,129,21,134,31,8,114,110,103,36,24,121,117" hai2="39,60,133,126,95,34,88,98,123,49,127,125,99" hai3="6,74,132,38,96,75,89,22,14,130,26,97,93"/><V41/><F123/><W47/><G132/><T83/><D70/><U32/><E36/><V23/><F34/><W50/><G38/><T45/><D45/><U1/><E103/><V18/><F133/><W48/><G130/><T16/><D61/><U71/><E71/><V113/><F39/><W107/><G75/><T86/><D86/><U76/><E76/><V51/><F60/><W68/><G74/><T77/><D102/><U29/><E134/><V11/><F11/><N who="3" m="4471" /><G107/><T15/><REACH who="0" step="1"/><D7/><REACH who="0" ten="116,245,496,133" step="2"/><N who="1" m="1135" /><E121/><V44/><F51/><N who="3" m="19499" /><G47/><T13/><D13/><U112/><E110/><V64/><F64/><W82/><G68/><T100/><D100/><U9/><E117/><AGARI ba="5,1" hai="10,15,16,37,40,46,77,83,84,92,94,116,117,118" machi="117" ten="40,5200,0" yaku="1,1,12,1,54,1,53,0" doraHai="108" doraHaiUra="104" who="0" fromWho="1" sc="116,77,245,-67,496,0,133,0" /><INIT seed="7,0,0,4,5,11" ten="193,178,496,133" oya="3" hai0="135,103,33,4,25,35,99,32,15,108,83,70,49" hai1="69,89,53,51,34,79,131,60,76,114,128,73,44" hai2="42,30,86,47,90,36,78,120,2,9,18,117,82" hai3="81,38,39,107,1,102,3,59,7,23,130,93,116"/><W80/><G116/><T12/><D108/><U6/><E34/><V126/><F30/><W41/><G107/><T67/><D70/><U63/><E114/><V119/><F126/><W122/><G122/><T111/><D111/><U97/><E73/><V57/><F120/><W43/><G130/><N who="1" m="49706" /><E6/><V40/><F40/><N who="3" m="15435" /><G7/><T64/><D4/><U58/><E69/><V5/><F18/><W129/><G129/><T17/><D35/><U46/><E46/><V101/><F101/><W84/><G59/><T68/><D68/><U113/><E113/><V31/><F31/><W24/><G1/><T45/><D33/><U106/><E63/><V14/><F2/><W29/><G3/><T62/><D83/><N who="3" m="31817" /><G84/><T19/><D62/><U28/><E28/><V26/><F26/><W61/><G61/><T52/><D25/><U20/><E20/><V54/><F78/><W92/><G102/><T65/><D32/><U110/><E110/><V13/><F13/><N who="0" m="5194" /><D135/><U8/><E8/><V66/><F66/><W10/><G10/><T105/><D105/><U71/><E71/><V95/><F82/><W134/><G134/><T127/><D127/><U96/><E106/><V21/><F21/><W22/><G23/><T37/><D37/><U87/><E60/><AGARI ba="0,0" hai="5,9,14,36,42,47,54,57,60,86,90,95,117,119" machi="60" ten="30,2000,0" yaku="7,1,52,1" doraHai="11" who="2" fromWho="1" sc="193,0,178,-20,496,20,133,0" owari="193,-1.0,158,-24.0,516,62.0,133,-37.0" /></mjloggm>