<mjloggm ver="2.3"><GO type="169" lobby="0"/><UN n0="%E5%AE%89%E6%96%8E" n1="%E5%8D%83%E7%BE%BD%E9%B4%89" n2="%E3%81%B7%E3%82%93%E3%81%B7%E3%82%93%EF%BC%81" n3="%62%75%72%65%61%36" dan="17,17,17,16" rate="2220.04,2234.05,2180.10,2112.47" sx="F,F,M,M"/><TAIKYOKU oya="0"/><INIT seed="0,0,0,4,2,91" ten="250,250,250,250" oya="0" hai0="114,27,128,40,8,77,16,110,108,35,81,96,79" hai1="116,117,88,61,10,129,28,45,95,31,17,38,131" hai2="69,90,102,75,119,19,26,133,54,124,48,94,100" hai3="84,43,32,92,49,60,120,89,52,83,39,118,113"/><T70/><D114/><U15/><E61/><V97/><F133/><W71/><G113/><T105/><D70/><U14/><E38/><V44/><F124/><W98/><G118/><N who="1" m="45674" /><E45/><V29/><F119/><W80/><G120/><T42/><D128/><N who="1" m="49227" /><E15/><V87/><F75/><W112/><G32/><T25/><D35/><U93/><E93/><N who="2" m="54495" /><F69/><W82/><G112/><T9/><D105/><U125/><E125/><V13/><F29/><W6/><G6/><T104/><D104/><U56/><E56/><V101/><F26/><W20/><G20/><AGARI ba="0,0" hai="13,19,20,44,48,54,94,97,100,101,102" m="54495" machi="20" ten="30,3900,0" yaku="8,1,52,2" doraHai="91" who="2" fromWho="3" sc="250,0,250,0,250,39,250,-39" /><INIT seed="1,0,0,1,0,107" ten="250,250,289,211" oya="1" hai0="80,6,27,66,68,71,105,73,8,126,42,64,10" hai1="108,15,123,39,78,74,85,125,14,32,65,60,61" hai2="75,48,67,9,44,34,92,40,104,82,5,103,116" hai3="43,56,55,29,90,79,19,134,58,121,93,1,30"/><U24/><E123/><V23/><F116/><W13/><G121/><T114/><D114/><U51/><E39/><V81/><F34/><W37/><G134/><T119/><D119/><U72/><E61/><V52/><F104/><W112/><G112/><T100/><D126/><U46/><E125/><V50/><F67/><W130/><G1/><T109/><D109/><U113/><E113/><V132/><F132/><W45/><G130/><T2/><D10/><U131/><E131/><V11/><F23/><W3/><G3/><T91/><D64/><U17/><E108/><V59/><F75/><W115/><G79/><N who="0" m="44143" /><D66/><U102/><E102/><V97/><REACH who="2" step="1"/><F11/><REACH who="2" ten="250,250,279,211" step="2"/><W53/><G115/><T62/><D8/><U118/><E118/><V33/><F33/><W0/><G0/><AGARI ba="0,1" hai="0,5,9,40,44,48,50,52,59,81,82,92,97,103" machi="0" ten="30,3900,0" yaku="1,1,7,1,54,1,53,0" doraHai="107" doraHaiUra="110" who="2" fromWho="3" sc="250,0,250,0,279,49,211,-39" /><INIT seed="2,0,0,5,3,86" ten="250,250,328,172" oya="2" hai0="53,68,73,56,10,87,33,19,27,20,126,43,40" hai1="124,64,14,23,63,99,85,16,81,54,58,21,42" hai2="17,102,123,24,34,117,32,88,118,48,66,121,38" hai3="37,50,114,107,44,116,8,31,29,9,26,55,61"/><V94/><F38/><W77/><G116/><T46/><D73/><U30/><E124/><V18/><F102/><W39/><G114/><T135/><D126/><U132/><E132/><V122/><F66/><W108/><G107/><T131/><D135/><U129/><E129/><V91/><F48/><W113/><G113/><T112/><D131/><U76/><E42/><V106/><F106/><W130/><G130/><T25/><D112/><U41/><E41/><V22/><F17/><W11/><G77/><T80/><D68/><U47/><E47/><V5/><F5/><W70/><G108/><T65/><D65/><U89/><E64/><V90/><REACH who="2" step="1"/><F94/><REACH who="2" ten="250,250,318,172" step="2"/><W103/><G103/><T82/><D19/><U83/><E30/><V79/><F79/><W92/><G31/><T62/><D62/><U96/><REACH who="1" step="1"/><E21/><REACH who="1" ten="250,240,318,172" step="2"/><V51/><F51/><W119/><G50/><T125/><D20/><U95/><E95/><V60/><F60/><W110/><G61/><T120/><D125/><U105/><E105/><V67/><F67/><W75/><G92/><T2/><D40/><U69/><E69/><V93/><F93/><W57/><G70/><T71/><D43/><U72/><AGARI ba="0,2" hai="14,16,23,54,58,63,72,76,81,83,85,89,96,99" machi="72" ten="20,12000,2" yaku="1,1,0,1,7,1,52,1,54,1,53,1" doraHai="86" doraHaiUra="74" who="1" fromWho="1" sc="250,-30,240,140,318,-60,172,-30" /><INIT seed="3,0,0,4,4,116" ten="220,380,258,142" oya="3" hai0="75,82,25,72,17,50,70,24,69,73,87,113,120" hai1="30,126,129,14,86,44,106,79,109,94,81,28,128" hai2="60,66,31,54,3,74,112,127,37,103,22,46,38" hai3="96,2,6,23,115,111,101,83,77,119,11,48,110"/><W78/><G119/><T55/><D113/><U52/><E106/><V35/><F3/><W135/><G115/><T57/><D120/><U39/><E109/><N who="3" m="41482" /><G135/><T64/><D64/><U43/><E126/><V68/><F74/><W29/><G83/><T98/><D98/><U134/><E134/><V56/><F112/><W0/><G0/><T19/><D19/><U16/><E94/><V76/><F76/><W32/><G32/><T58/><D58/><U13/><E13/><V8/><F127/><W91/><G91/><T92/><D92/><U95/><E95/><V105/><F8/><W51/><G23/><T21/><REACH who="0" step="1"/><D24/><REACH who="0" ten="210,380,258,142" step="2"/><U84/><E16/><V89/><F66/><W53/><G29/><T20/><D20/><U88/><E28/><V62/><F22/><W7/><G7/><T80/><D80/><U5/><E30/><V123/><F31/><W45/><G51/><T124/><D124/><U61/><E5/><V65/><F65/><W114/><G114/><T47/><D47/><U108/><E108/><V9/><F46/><W67/><G67/><T18/><D18/><U99/><E81/><V90/><F38/><W132/><G132/><T122/><D122/><U118/><E44/><V26/><F123/><W133/><G133/><T42/><D42/><U117/><E43/><V97/><F37/><W41/><G41/><T131/><D131/><U104/><E39/><V49/><F26/><W130/><G130/><T15/><D15/><U71/><E128/><V121/><F121/><W85/><G2/><T1/><D1/><U10/><E129/><V27/><F27/><RYUUKYOKU ba="0,1" sc="210,30,380,-10,258,-10,142,-10" hai0="17,21,25,50,55,57,69,70,72,73,75,82,87" /><INIT seed="4,1,1,1,3,109" ten="240,370,248,132" oya="0" hai0="89,83,133,91,75,45,20,10,11,9,79,118,58" hai1="106,41,3,101,40,116,125,8,64,0,95,50,107" hai2="72,30,13,15,80,51,102,93,67,27,124,42,104" hai3="114,21,129,34,47,78,100,59,46,105,1,29,12"/><T71/><D118/><U94/><E64/><V65/><F104/><W135/><G78/><T63/><D133/><U77/><E50/><V55/><F42/><W68/><G59/><T127/><D127/><U60/><E60/><V32/><F124/><W39/><G47/><T134/><D134/><U86/><E86/><V131/><F131/><W82/><G82/><T4/><D4/><U81/><E81/><V99/><F72/><W110/><G46/><T112/><D71/><U108/><E8/><V44/><REACH who="2" step="1"/><F80/><REACH who="2" ten="240,370,238,132" step="2"/><W33/><G105/><T115/><D45/><U120/><E125/><V48/><F48/><W97/><G129/><T85/><D20/><U70/><E116/><V126/><F126/><W84/><G21/><T73/><D73/><U5/><E107/><V24/><F24/><W123/><G110/><T35/><D35/><U128/><E106/><V119/><F119/><W96/><G34/><T57/><D57/><U121/><E108/><V113/><F113/><N who="0" m="43594" /><D75/><U111/><E111/><V61/><F61/><W62/><G62/><T87/><D85/><U36/><E128/><V18/><F18/><W38/><G84/><T53/><AGARI ba="1,2" hai="9,10,11,53,58,63,79,83,87,89,91" m="43594" machi="53" ten="30,11700,0" yaku="15,1,52,3" doraHai="109" who="0" fromWho="0" sc="240,140,370,-40,238,-40,132,-40" /><INIT seed="4,2,0,0,5,59" ten="380,330,198,92" oya="0" hai0="18,32,93,124,81,135,46,133,114,14,105,28,34" hai1="113,64,25,63,23,109,98,66,68,102,20,128,100" hai2="43,41,115,60,65,91,49,48,17,112,71,118,13" hai3="101,22,54,74,61,79,27,108,78,16,19,76,87"/><T6/><D105/><U73/><E109/><V1/><F1/><W70/><G108/><T52/><D114/><N who="2" m="43562" /><F91/><W83/><G74/><T122/><D122/><U121/><E113/><V126/><F126/><W116/><G116/><T97/><D124/><U26/><E73/><V58/><F118/><W39/><G39/><T85/><D6/><U5/><E5/><V90/><F90/><W84/><G101/><T38/><D38/><U33/><E128/><V69/><F17/><W21/><G70/><N who="2" m="26633" /><F13/><N who="3" m="9359" /><G84/><T62/><D28/><U104/><E121/><V3/><F3/><W2/><G2/><T36/><D85/><U56/><E102/><V11/><F11/><W88/><G54/><T75/><D75/><U123/><E123/><V129/><F129/><W57/><G57/><N who="0" m="35111" /><D81/><U7/><E68/><V134/><F134/><N who="0" m="51210" /><D18/><U35/><E7/><V29/><F29/><W130/><G130/><T77/><D14/><U86/><E86/><V37/><F37/><W55/><G55/><T30/><D30/><U117/><E117/><V125/><F125/><W44/><G44/><T67/><D77/><U94/><E104/><V82/><F82/><W0/><G0/><T99/><D46/><U95/><E33/><N who="0" m="12905" /><D36/><U42/><E35/><V111/><F111/><W119/><G119/><T131/><D131/><U120/><E120/><V110/><F110/><W89/><G61/><T40/><D97/><U24/><E98/><V31/><F31/><W47/><G47/><T127/><D127/><U80/><E80/><V92/><F92/><W50/><G50/><AGARI ba="2,0" hai="41,43,48,49,50,58,60,65" m="26633,43562" machi="50" ten="30,7700,0" yaku="15,1,34,2,52,1" doraHai="59" who="2" fromWho="3" sc="380,0,330,0,198,83,92,-83" /><INIT seed="5,0,0,0,3,61" ten="380,330,281,9" oya="1" hai0="101,63,41,103,54,100,57,91,82,87,65,13,52" hai1="45,31,115,120,19,50,0,21,28,51,68,104,40" hai2="131,30,66,10,7,79,35,5,117,77,59,92,109" hai3="44,89,72,93,15,26,42,105,64,73,33,123,118"/><U121/><E115/><V24/><F109/><W78/><G123/><T133/><D133/><U16/><E0/><V71/><F117/><W8/><G118/><T27/><D13/><U97/><E68/><V11/><F131/><W20/><G105/><T107/><D107/><U62/><E120/><V43/><F71/><W55/><G33/><T111/><D111/><U86/><E121/><V48/><F92/><W95/><G73/><T34/><REACH who="0" step="1"/><D41/><REACH who="0" ten="370,330,281,9" step="2"/><U3/><E104/><V99/><F43/><W67/><G72/><T94/><D94/><U80/><E40/><V110/><F110/><W126/><G126/><T47/><D47/><U46/><E45/><V1/><F99/><W4/><G78/><T83/><D83/><U85/><E46/><V113/><F113/><W102/><G102/><T125/><D125/><U69/><E80/><V130/><F130/><W134/><G134/><T18/><D18/><U114/><E19/><V88/><F88/><W60/><G95/><T17/><D17/><U124/><E97/><V36/><F36/><W75/><G75/><T70/><D70/><U23/><E69/><V112/><F112/><W29/><G42/><T129/><D129/><U98/><E98/><V12/><REACH who="2" step="1"/><F48/><REACH who="2" ten="370,330,271,9" step="2"/><N who="3" m="29063" /><G60/><AGARI ba="0,2" hai="1,5,7,10,11,12,24,30,35,59,60,66,77,79" machi="60" ten="40,2600,0" yaku="1,1,52,1,53,0" doraHai="61" doraHaiUra="37" who="2" fromWho="3" sc="370,0,330,0,271,46,9,-26" owari="370,47.0,330,13.0,317,-8.0,-17,-52.0" /></mjloggm>