<mjloggm ver="2.3"><GO type="185" lobby="0"/><UN n0="%E3%83%B4%E3%82%A3%E3%83%AF%E3%82%B3%E3%82%B0%E3%83%8B" n1="%E3%81%82%E3%81%9F%E3%82%89%E3%81%AA%E3%81%84%E3%81%A7%EF%BC%81" n2="%E3%82%A2%E3%83%95%E3%83%AA%E3%82%AB" n3="" dan="18,17,16,0" rate="2315.92,2195.72,2199.79,1500.00" sx="M,M,M,C"/><TAIKYOKU oya="0"/><INIT seed="0,0,0,0,0,132" ten="350,350,350,0" oya="0" hai0="125,46,42,91,70,127,36,117,58,95,35,64,120" hai1="85,116,0,93,79,133,43,57,89,73,61,96,3" hai2="100,80,52,98,67,48,113,99,34,114,108,78,50" hai3=""/><T75/><N who="0" m="30752" /><T101/><D117/><U134/><E116/><V47/><F34/><T123/><N who="0" m="31520" /><T82/><D35/><U77/><E43/><V109/><F67/><T39/><D70/><U68/><E68/><V76/><F48/><T66/><D36/><U63/><E63/><V71/><F71/><T110/><D110/><N who="2" m="42602" /><F98/><T92/><D101/><U130/><E73/><V62/><F62/><T49/><D75/><U54/><E96/><V74/><F78/><T90/><D82/><U53/><E77/><V94/><AGARI ba="0,0" hai="47,50,52,74,76,80,94,99,100,113,114" m="42602" machi="94" ten="30,1500,0" yaku="14,1,54,1" doraHai="132" who="2" fromWho="2" sc="350,-10,350,-5,350,15,0,0" /><INIT seed="1,0,0,2,0,102" ten="340,345,365,0" oya="1" hai0="56,63,68,60,103,109,36,131,107,39,100,67,44" hai1="121,111,1,2,34,110,78,69,114,116,57,97,42" hai2="40,65,129,81,71,115,52,41,126,73,134,125,0" hai3=""/><U127/><E78/><V37/><F0/><T113/><D113/><U96/><E2/><V46/><F115/><T55/><D109/><U108/><N who="1" m="31008" /><U104/><E1/><V87/><F73/><T98/><D131/><U93/><E114/><V64/><F129/><T124/><D124/><N who="2" m="47722" /><F41/><T83/><D100/><U62/><E116/><V76/><F71/><T43/><REACH who="0" step="1"/><D83/><REACH who="0" ten="330,345,365,0" step="2"/><U84/><E127/><V112/><F112/><T79/><D79/><U51/><E69/><V132/><F132/><T92/><D92/><U32/><E32/><V106/><F106/><T58/><D58/><U86/><E34/><V45/><F134/><T38/><AGARI ba="0,1" hai="36,38,39,43,44,55,56,60,63,67,68,98,103,107" machi="38" ten="20,3900,0" yaku="1,1,0,1,7,1,52,1,53,0" doraHai="102" doraHaiUra="91" who="0" fromWho="0" sc="330,49,345,-26,365,-13,0,0" /><INIT seed="2,0,0,4,1,111" ten="379,319,352,0" oya="2" hai0="45,41,82,129,120,123,57,96,108,2,75,127,97" hai1="63,44,89,98,34,55,48,61,35,54,102,113,51" hai2="134,115,37,74,103,100,80,117,76,60,40,59,47" hai3=""/><V105/><F117/><T58/><N who="0" m="30752" /><T107/><N who="0" m="31520" /><T88/><D108/><U70/><E89/><V95/><F134/><T116/><D116/><U84/><E84/><V49/><F105/><T85/><D2/><U106/><E113/><V119/><F119/><T109/><D109/><U130/><E130/><V1/><F1/><T50/><D129/><U126/><E126/><V68/><F115/><T66/><D127/><U112/><E112/><V42/><F42/><T110/><D110/><U67/><E61/><V46/><F46/><AGARI ba="0,0" hai="34,35,44,46,48,51,54,55,63,67,70,98,102,106" machi="46" ten="30,2000,0" yaku="7,1,9,1" doraHai="111" who="1" fromWho="2" sc="379,0,319,20,352,-20,0,0" /><INIT seed="4,0,0,5,4,61" ten="379,339,332,0" oya="0" hai0="78,46,127,39,95,98,77,109,131,123,100,134,110" hai1="82,124,122,84,53,79,41,37,101,75,50,128,60" hai2="42,108,107,129,106,73,126,48,115,103,90,74,112" hai3=""/><T43/><N who="0" m="31520" /><T62/><D131/><U65/><N who="1" m="31264" /><U51/><E128/><V87/><F129/><T80/><D134/><U83/><E124/><V133/><F108/><T130/><D130/><U38/><E101/><V99/><F107/><T94/><D127/><U54/><E41/><V116/><F126/><T34/><D34/><U117/><E117/><V81/><F133/><T64/><D94/><U93/><E93/><V119/><F48/><T63/><D63/><U40/><E40/><V69/><F69/><T113/><D113/><N who="2" m="43594" /><F42/><T88/><D100/><U85/><E75/><AGARI ba="0,0" hai="73,74,75,81,87,90,99,103,106,116,119" m="43594" machi="75" ten="30,3900,0" yaku="15,1,34,2" doraHai="61" who="2" fromWho="1" sc="379,0,339,-39,332,39,0,0" /><INIT seed="5,0,0,3,1,100" ten="379,300,371,0" oya="1" hai0="2,1,127,125,126,3,92,96,86,111,78,70,34" hai1="130,56,112,57,108,48,114,113,64,40,61,53,124" hai2="85,55,0,98,37,91,62,118,39,115,83,66,101" hai3=""/><U131/><E108/><V110/><F110/><T99/><D111/><U72/><E72/><V79/><F0/><T76/><D34/><U129/><E40/><V63/><F118/><T51/><D70/><U43/><E43/><V32/><F32/><T74/><D74/><U82/><E82/><V81/><F115/><T68/><D68/><U133/><E133/><V103/><F103/><T95/><D51/><U134/><E134/><V120/><N who="2" m="30752" /><V123/><N who="2" m="31520" /><V122/><N who="2" m="31264" /><V88/><F91/><T38/><D38/><U106/><E106/><V46/><F46/><T73/><D86/><U128/><N who="1" m="32768" /><DORA hai="132" /><U45/><REACH who="1" step="1"/><E124/><REACH who="1" ten="379,290,371,0" step="2"/><V75/><F37/><T35/><D35/><U49/><E49/><V42/><F42/><T71/><D73/><U105/><E105/><V102/><F39/><T80/><D80/><U59/><AGARI ba="0,1" hai="45,48,53,56,57,59,61,64,112,113,114" m="32768" machi="59" ten="70,16000,3" yaku="1,1,0,1,15,1,19,1,34,3,53,2" doraHai="100,132" doraHaiUra="47,58" who="1" fromWho="1" sc="379,-80,290,170,371,-80,0,0" /><INIT seed="5,1,0,2,0,85" ten="299,460,291,0" oya="1" hai0="34,126,89,103,111,0,108,121,57,114,64,68,36" hai1="65,38,98,135,81,58,59,109,131,95,33,113,1" hai2="37,35,127,116,133,76,69,80,88,67,107,70,49" hai3=""/><U104/><E1/><V102/><F37/><T73/><RYUUKYOKU type="yao9" ba="1,0" sc="299,0,460,0,291,0,0,0" hai0="0,34,36,57,64,68,73,89,103,108,111,114,121,126" /><INIT seed="5,2,0,2,5,41" ten="299,460,291,0" oya="1" hai0="65,0,58,112,129,125,76,52,57,63,55,105,132" hai1="133,64,86,68,66,51,131,56,135,111,35,106,67" hai2="98,114,49,32,54,2,45,128,97,77,119,110,80" hai3=""/><U103/><E35/><V38/><F32/><T50/><D0/><U71/><E103/><V85/><F2/><T62/><D105/><U99/><E99/><V115/><F119/><T70/><D112/><N who="2" m="43050" /><F110/><T120/><N who="0" m="30752" /><T117/><D117/><U81/><E106/><V46/><F128/><T72/><D129/><U104/><E104/><V1/><F1/><T39/><D132/><N who="1" m="50763" /><E111/><V113/><F113/><T42/><D125/><U96/><E96/><N who="2" m="36971" /><F38/><T83/><D42/><U60/><E51/><V109/><F109/><T61/><D39/><U88/><E131/><V47/><AGARI ba="2,0" hai="45,46,47,49,54,77,80,85" m="36971,43050" machi="47" ten="30,6000,1" yaku="15,1,11,1,52,3" doraHai="41" who="2" fromWho="2" sc="299,-22,460,-42,291,64,0,0" /><INIT seed="6,0,0,0,5,60" ten="277,418,355,0" oya="2" hai0="57,78,42,98,117,127,70,58,128,40,73,63,2" hai1="91,79,83,76,104,90,125,43,110,80,99,32,121" hai2="84,86,113,65,135,46,102,130,89,124,34,45,68" hai3=""/><V3/><F3/><T114/><D117/><U122/><N who="1" m="31008" /><U33/><N who="1" m="31264" /><U1/><E1/><V97/><F34/><T64/><D2/><U51/><E110/><V119/><F119/><T105/><D128/><U96/><E125/><V59/><F68/><T41/><D127/><U120/><N who="1" m="30752" /><U88/><E43/><V61/><F124/><T50/><D114/><U37/><E37/><V75/><F75/><T54/><D73/><U134/><E51/><V48/><F135/><T116/><D116/><U106/><E91/><V69/><F46/><T55/><D78/><U56/><E56/><V81/><F130/><T36/><D98/><U49/><E49/><V87/><F59/><T67/><D105/><U101/><E101/><V103/><F103/><T52/><D36/><U112/><E112/><V115/><F115/><T66/><D70/><U39/><E39/><V111/><F111/><T95/><D95/><U0/><E0/><V100/><F100/><T118/><D118/><U123/><N who="1" m="31520" /><U62/><E134/><V107/><F113/><T108/><D55/><AGARI ba="0,0" hai="45,48,55,61,65,69,81,84,86,87,89,97,102,107" machi="55" ten="30,2900,0" yaku="7,1,52,1" doraHai="60" who="2" fromWho="0" sc="277,-29,418,0,355,29,0,0" /><INIT seed="6,1,0,4,2,111" ten="248,418,384,0" oya="2" hai0="79,87,122,135,62,56,69,57,84,103,95,71,32" hai1="126,77,68,42,90,41,1,117,78,104,54,118,131" hai2="72,106,49,2,55,119,61,121,123,52,53,63,101" hai3=""/><V36/><N who="2" m="31008" /><V74/><N who="2" m="31520" /><V37/><F2/><T92/><N who="0" m="31264" /><T91/><D32/><U86/><E1/><V96/><F119/><N who="1" m="45577" /><E131/><V125/><F49/><T124/><D135/><U38/><E126/><V100/><F125/><T107/><D124/><U45/><E41/><V60/><REACH who="2" step="1"/><F101/><REACH who="2" ten="248,418,374,0" step="2"/><T113/><D113/><U33/><E33/><V108/><F108/><T44/><D103/><U43/><E43/><V58/><F58/><T99/><D69/><U93/><E68/><V70/><F70/><T67/><D44/><U110/><E110/><V81/><F81/><T97/><D107/><U128/><E128/><V35/><F35/><T39/><D39/><AGARI ba="1,1" hai="36,37,39,52,53,55,60,61,63,72,74,96,100,106" m="31520,31008" machi="39" ten="50,12000,1" yaku="1,1,52,2,54,1,53,0" doraHai="111" doraHaiUra="120" who="2" fromWho="0" sc="248,-122,418,0,374,132,0,0" owari="126,-47.0,418,2.0,506,45.0,0,0.0" /></mjloggm>