<mjloggm ver="2.3"><GO type="169" lobby="0"/><UN n0="%E5%88%A5%E5%BD%93" n1="%52%45%49%4E%E6%A3%AE%E4%B9%85%E4%BF%9D%50" n2="%E5%B9%B3%E4%BA%95%E3%82%86%E3%81%8B%E3%82%8A" n3="%E5%AE%89%E9%81%94%E3%81%95%E3%81%8F%E3%82%89" dan="17,16,16,17" rate="2162.36,2131.27,2149.76,2179.14" sx="M,M,F,M"/><TAIKYOKU oya="0"/><INIT seed="0,0,0,3,4,133" ten="250,250,250,250" oya="0" hai0="56,131,92,126,118,25,112,31,20,95,24,99,70" hai1="109,65,75,28,111,81,59,91,68,86,82,42,96" hai2="104,124,18,29,57,101,88,67,103,49,79,108,58" hai3="54,13,45,6,62,8,125,110,47,107,33,100,17"/><T78/><D70/><U3/><E68/><V55/><F108/><N who="1" m="41545" /><E3/><V89/><F29/><W83/><G110/><T121/><D112/><U132/><E42/><V72/><F72/><W46/><G33/><T128/><D118/><U73/><E28/><V14/><F79/><W106/><G83/><T113/><D113/><U2/><E2/><V120/><F120/><W117/><G117/><T66/><D121/><U40/><E40/><V63/><F124/><W90/><G125/><T116/><D78/><U27/><E27/><V34/><F34/><W51/><G62/><N who="0" m="38215" /><D116/><U48/><E48/><V119/><F119/><W60/><G60/><T16/><D126/><U94/><E59/><V53/><F67/><W4/><G90/><N who="2" m="34921" /><F104/><W61/><G61/><T7/><D7/><U87/><E65/><V26/><F26/><W23/><G4/><T41/><D41/><U130/><E130/><N who="0" m="49705" /><D99/><U0/><E0/><V84/><F84/><N who="1" m="32297" /><E132/><V32/><F32/><AGARI ba="0,0" hai="16,20,24,25,31,32,92,95" m="49705,38215" machi="32" ten="30,2900,0" yaku="19,1,54,1" doraHai="133" who="0" fromWho="2" sc="250,29,250,0,250,-29,250,0" /><INIT seed="0,1,0,1,1,21" ten="279,250,221,250" oya="0" hai0="39,17,77,108,101,0,60,40,14,49,38,112,43" hai1="102,126,59,67,29,107,76,31,116,91,117,27,121" hai2="30,7,63,53,37,9,87,35,78,72,92,122,45" hai3="74,57,75,23,25,73,61,97,15,66,3,58,128"/><T131/><D0/><U125/><E76/><V135/><F122/><W81/><G3/><T33/><D112/><U132/><E121/><V1/><F135/><W106/><G128/><T41/><D33/><U12/><E91/><V80/><F63/><W64/><G15/><T95/><D131/><U19/><E102/><V134/><F134/><W83/><G106/><T90/><D101/><U26/><E107/><V11/><F11/><W42/><G97/><T46/><D77/><U10/><E59/><V99/><F53/><W18/><G42/><T127/><D127/><N who="1" m="48651" /><E67/><V85/><F30/><N who="1" m="11273" /><E132/><V16/><F16/><W34/><G34/><T98/><D60/><AGARI ba="1,0" hai="18,23,25,57,58,60,61,64,66,73,74,75,81,83" machi="60" ten="40,2600,0" yaku="9,1,52,1" doraHai="21" who="3" fromWho="0" sc="279,-29,250,0,221,0,250,29" /><INIT seed="1,0,0,2,5,78" ten="250,250,221,279" oya="1" hai0="65,29,50,17,86,19,32,54,74,104,63,99,2" hai1="39,57,95,36,128,13,14,66,103,135,124,100,40" hai2="76,114,1,132,60,71,24,129,115,62,23,96,22" hai3="113,97,35,8,80,0,126,70,94,46,116,56,110"/><U37/><E40/><V111/><F1/><W98/><G70/><T84/><D74/><U69/><E69/><V81/><F111/><W105/><G113/><N who="2" m="43017" /><F132/><W33/><G110/><T118/><D2/><U61/><E135/><V20/><F96/><W41/><G126/><T68/><D17/><U25/><E124/><V30/><F129/><W72/><G116/><T44/><D19/><U9/><E128/><V87/><F71/><W49/><G105/><T107/><D107/><U101/><E25/><V27/><F27/><W10/><G98/><T91/><D118/><U119/><E119/><V3/><F3/><W51/><G0/><T11/><D11/><U59/><E95/><V122/><F122/><W43/><G35/><AGARI ba="0,0" hai="20,22,23,24,30,35,60,62,76,81,87" m="43017" machi="35" ten="30,2000,0" yaku="11,1,52,1" doraHai="78" who="2" fromWho="3" sc="250,0,250,0,221,20,279,-20" /><INIT seed="2,0,0,5,0,79" ten="250,250,241,259" oya="2" hai0="116,76,20,125,86,18,75,94,45,131,92,96,43" hai1="67,41,129,101,46,87,118,103,89,62,36,29,44" hai2="40,28,84,56,27,110,107,5,42,105,133,32,21" hai3="113,68,60,121,35,130,93,99,80,8,83,88,65"/><V78/><F133/><W71/><G121/><T55/><D131/><U91/><E129/><V16/><F110/><W53/><G130/><T61/><D125/><U102/><E118/><V59/><F5/><W6/><G35/><T81/><D116/><U132/><E132/><V23/><F32/><W126/><G126/><T115/><D115/><U48/><E29/><V25/><F84/><W109/><G109/><T13/><D75/><U63/><E89/><V22/><F78/><W108/><G108/><T3/><D3/><U17/><E17/><V11/><F22/><W26/><G113/><T106/><D55/><U98/><E98/><V127/><F127/><W90/><G71/><T72/><D61/><U82/><REACH who="1" step="1"/><E67/><REACH who="1" ten="250,240,241,259" step="2"/><V34/><F34/><W0/><G26/><T117/><D117/><U112/><E112/><V95/><F28/><W19/><G19/><T7/><D18/><U135/><E135/><V9/><F16/><W123/><G123/><T64/><D64/><U111/><E111/><V37/><REACH who="2" step="1"/><F95/><REACH who="2" ten="250,240,231,259" step="2"/><W15/><G93/><T114/><D94/><U74/><E74/><V100/><F100/><W49/><G6/><T66/><D114/><U77/><E77/><V85/><F85/><W14/><G90/><T124/><D124/><U10/><E10/><V122/><F122/><W38/><G8/><T4/><D72/><U31/><E31/><V12/><F12/><W39/><G14/><T58/><D13/><U54/><AGARI ba="0,2" hai="36,41,44,46,48,54,62,63,82,87,91,101,102,103" machi="54" ten="30,4000,0" yaku="1,1,0,1,52,1,53,0" doraHai="79" doraHaiUra="134" who="1" fromWho="1" sc="250,-10,240,60,231,-20,259,-10" /><INIT seed="3,0,0,5,4,116" ten="240,300,211,249" oya="3" hai0="6,2,124,13,18,64,122,65,74,21,103,123,49" hai1="67,22,5,121,77,8,9,27,89,25,38,82,32" hai2="112,23,110,37,3,50,19,78,56,98,61,48,127" hai3="80,75,31,7,108,51,46,62,93,41,72,11,52"/><W133/><G133/><T126/><D74/><U99/><E38/><V132/><F112/><W20/><G108/><T73/><D73/><U4/><E67/><V69/><F110/><W128/><G128/><T70/><D103/><U35/><E99/><V105/><F3/><W54/><G93/><T96/><D49/><U86/><E77/><V91/><F37/><W131/><G131/><T24/><D2/><U42/><E42/><V101/><F69/><W16/><G31/><T47/><D47/><U76/><E76/><V119/><F119/><W53/><G80/><T104/><D6/><U57/><E57/><V97/><F78/><W28/><G28/><T113/><D13/><U81/><E89/><V102/><F127/><N who="0" m="48682" /><D113/><U106/><E86/><V85/><F132/><W68/><G68/><T114/><D114/><U30/><E106/><V0/><F0/><W87/><G87/><T1/><D1/><U130/><E130/><V90/><F85/><W71/><G11/><T135/><D135/><U115/><E115/><V40/><F98/><W14/><REACH who="3" step="1"/><G7/><REACH who="3" ten="240,300,211,239" step="2"/><T17/><D70/><U29/><E22/><V117/><F117/><W26/><G26/><T125/><D125/><U34/><E35/><V66/><F97/><W33/><G33/><T95/><D17/><U10/><E10/><V12/><F19/><W109/><G109/><T55/><D95/><U63/><E34/><V134/><F134/><W120/><G120/><N who="0" m="46123" /><D96/><U44/><E32/><V92/><F92/><W15/><G15/><T39/><D18/><U59/><E121/><V36/><F12/><W94/><G94/><RYUUKYOKU ba="0,1" sc="240,-10,300,-10,211,-10,239,30" hai3="14,16,20,41,46,51,52,53,54,62,71,72,75" /><INIT seed="3,1,1,0,5,50" ten="230,290,201,269" oya="3" hai0="56,107,123,124,131,0,84,94,15,97,58,112,110" hai1="82,74,103,41,114,89,18,76,45,99,95,72,105" hai2="33,122,11,133,75,21,88,46,16,128,3,119,109" hai3="67,26,5,135,44,98,47,63,116,43,8,66,92"/><W81/><G116/><T79/><D0/><U24/><E18/><V61/><F119/><W14/><G135/><T69/><D69/><U64/><E24/><V134/><F75/><N who="1" m="28713" /><E64/><V22/><F109/><W59/><G81/><T13/><D110/><U113/><E45/><V17/><F128/><W70/><G26/><T111/><D131/><U90/><E41/><V34/><F61/><W30/><G30/><T62/><D124/><U65/><E65/><V42/><F88/><N who="1" m="33897" /><E105/><V104/><F104/><W38/><G47/><T57/><D107/><U10/><E10/><V100/><F46/><W78/><G78/><T68/><D68/><U117/><E117/><V48/><F48/><W12/><G67/><T132/><D62/><U91/><N who="1" m="33905" /><U20/><DORA hai="96" /><E20/><V28/><F42/><W77/><G77/><T127/><D79/><U40/><E40/><V36/><F36/><W27/><G27/><T7/><D111/><U37/><E37/><V125/><F11/><W9/><G70/><T93/><D57/><U60/><E60/><V49/><F49/><W32/><G32/><T106/><D58/><U6/><E6/><V53/><F33/><W80/><G9/><T4/><D56/><U129/><E129/><V71/><F34/><W102/><REACH who="3" step="1"/><G80/><REACH who="3" ten="230,290,201,259" step="2"/><T55/><D4/><U130/><E130/><V19/><F71/><W101/><G101/><T25/><D7/><U126/><E126/><V35/><F100/><W52/><G52/><T115/><D127/><U2/><E2/><AGARI ba="1,2" hai="2,5,8,12,14,38,43,44,59,63,66,92,98,102" machi="2" ten="30,5800,0" yaku="1,1,7,1,52,1,53,0" doraHai="50,96" doraHaiUra="73,23" who="3" fromWho="1" sc="230,0,290,-61,201,0,259,81" /><INIT seed="3,2,0,3,0,5" ten="230,229,201,340" oya="3" hai0="51,42,12,3,78,89,79,58,81,86,37,33,72" hai1="54,97,130,68,98,126,59,23,41,83,11,101,119" hai2="22,53,14,70,115,35,20,77,82,71,75,57,24" hai3="96,103,26,132,125,21,114,80,40,131,39,1,64"/><W112/><G1/><T121/><D121/><U84/><E68/><V38/><F38/><W56/><G125/><T85/><D3/><U0/><E126/><V67/><F67/><W111/><G131/><T66/><D37/><U16/><E130/><V61/><F115/><W73/><G132/><T13/><D33/><U128/><E41/><V116/><F116/><W48/><G39/><T122/><D122/><U19/><E128/><V92/><F92/><W99/><G99/><T109/><D109/><U88/><E119/><V102/><F102/><W7/><G7/><T91/><D72/><U28/><E0/><V133/><F133/><W31/><G111/><T76/><D42/><U106/><E98/><V100/><F100/><W118/><G118/><T36/><D36/><U18/><E28/><V123/><F123/><W124/><G124/><T90/><D66/><U104/><E104/><V2/><F2/><W105/><G73/><T113/><D113/><U50/><REACH who="1" step="1"/><E11/><REACH who="1" ten="230,219,201,340" step="2"/><V69/><F35/><W47/><G114/><T49/><D58/><U55/><E55/><V8/><REACH who="2" step="1"/><F24/><AGARI ba="2,1" hai="16,18,19,23,24,50,54,59,83,84,88,97,101,106" machi="24" ten="30,8000,1" yaku="1,1,7,1,54,2,53,1" doraHai="5" doraHaiUra="17" who="1" fromWho="2" sc="230,0,219,96,201,-86,340,0" /><INIT seed="4,0,0,1,5,103" ten="230,315,115,340" oya="0" hai0="64,130,29,91,126,35,21,90,27,52,75,102,57" hai1="98,84,34,44,87,76,39,19,131,62,114,14,43" hai2="59,65,107,13,26,7,49,58,9,78,66,6,74" hai3="122,16,92,81,112,50,25,15,8,125,97,20,106"/><T105/><D75/><U32/><E131/><V3/><F3/><W22/><G112/><T73/><D73/><U129/><E129/><V99/><F74/><W96/><G125/><T109/><D130/><U18/><E114/><V1/><F78/><W118/><G118/><T100/><D126/><U23/><E62/><V82/><F82/><W121/><G81/><T51/><D109/><U2/><E2/><V4/><F1/><W101/><G50/><T86/><D105/><U41/><E98/><V128/><F128/><W31/><REACH who="3" step="1"/><G8/><REACH who="3" ten="230,315,115,330" step="2"/><T132/><D132/><U70/><E76/><V124/><F124/><W110/><G110/><T40/><D51/><U119/><E119/><V77/><F49/><W117/><G117/><T120/><D120/><U115/><E115/><V63/><F9/><W67/><G67/><T68/><D64/><U36/><E70/><V80/><F80/><W28/><G28/><T5/><D29/><U47/><REACH who="1" step="1"/><E19/><REACH who="1" ten="230,305,115,330" step="2"/><V17/><F17/><W48/><G48/><T61/><D68/><U127/><E127/><V95/><F63/><W33/><G33/><AGARI ba="0,2" hai="14,18,23,32,33,34,36,39,41,43,44,47,84,87" machi="33" ten="40,2600,0" yaku="1,1,9,1,53,0" doraHai="103" doraHaiUra="24" who="1" fromWho="3" sc="230,0,305,46,115,0,330,-26" /><INIT seed="5,0,0,5,5,47" ten="230,351,115,304" oya="1" hai0="48,87,25,41,56,117,7,73,61,118,43,3,120" hai1="106,50,96,28,21,58,112,1,14,91,2,132,19" hai2="99,40,122,78,5,110,130,95,29,111,109,38,23" hai3="10,69,53,52,32,18,51,60,83,133,134,64,115"/><U59/><E112/><V6/><F122/><W94/><G32/><T70/><D73/><U103/><E132/><N who="3" m="50794" /><G115/><T75/><D75/><U76/><E76/><V26/><F78/><W49/><G83/><T20/><D70/><U80/><E28/><V12/><F130/><W89/><G10/><T72/><D72/><U101/><E101/><V104/><F104/><W45/><G18/><T90/><D3/><U85/><E59/><V124/><F124/><W77/><G77/><T35/><D35/><U97/><E97/><V46/><REACH who="2" step="1"/><F12/><REACH who="2" ten="230,351,105,304" step="2"/><W16/><G16/><N who="0" m="12423" /><D118/><U98/><E98/><V119/><F119/><W30/><G30/><T135/><D117/><U79/><E79/><V57/><F57/><W71/><G71/><T67/><D135/><U92/><E80/><V125/><F125/><W22/><G45/><T54/><D120/><U0/><E0/><V13/><F13/><W15/><G15/><T88/><D7/><U116/><E116/><V86/><F86/><N who="3" m="52535" /><G22/><T37/><D87/><U114/><E114/><V42/><F42/><W102/><G102/><AGARI ba="0,1" hai="5,6,23,26,29,38,40,46,95,99,102,109,110,111" machi="102" ten="40,1300,0" yaku="1,1,53,0" doraHai="47" doraHaiUra="34" who="2" fromWho="3" sc="230,0,351,0,105,23,304,-13" /><INIT seed="6,0,0,4,5,80" ten="230,351,128,291" oya="2" hai0="24,21,39,123,23,67,71,78,12,51,26,130,42" hai1="93,43,41,37,50,89,29,4,118,68,74,30,52" hai2="65,122,35,87,108,6,60,75,46,69,31,59,106" hai3="84,45,66,15,104,119,134,63,40,77,1,48,18"/><V114/><F75/><W55/><G119/><T0/><D0/><U13/><E74/><V79/><F122/><W112/><G104/><T128/><D39/><U90/><E68/><V92/><F6/><W36/><G1/><T28/><D123/><U82/><E37/><V85/><F79/><W58/><G134/><T103/><D12/><U27/><E82/><V17/><F17/><W129/><G129/><N who="0" m="49771" /><D103/><U57/><E89/><V99/><F114/><W86/><G112/><T125/><D125/><U7/><E118/><V126/><F126/><W11/><REACH who="3" step="1"/><G77/><REACH who="3" ten="230,351,128,281" step="2"/><T98/><D78/><U102/><E7/><V38/><F108/><W124/><G124/><T109/><D109/><U33/><E4/><V61/><F106/><W107/><G107/><T3/><D3/><U72/><E72/><V111/><F111/><W64/><G64/><T32/><D67/><U132/><E132/><V88/><F35/><W81/><G81/><T70/><D32/><U2/><E2/><V100/><F31/><W116/><G116/><T34/><D34/><U62/><E30/><V127/><F127/><W53/><G53/><T120/><D120/><U101/><E43/><V56/><F69/><AGARI ba="0,1" hai="11,15,18,36,40,45,48,55,58,63,66,69,84,86" machi="69" ten="30,12000,2" yaku="1,1,7,1,24,2,52,2,53,1" doraHai="80" doraHaiUra="47" who="3" fromWho="2" sc="230,0,351,0,128,-120,281,130" /><INIT seed="7,0,0,4,1,2" ten="230,351,8,411" oya="3" hai0="80,102,111,92,35,40,124,82,68,27,104,9,85" hai1="91,48,121,76,106,31,112,23,32,39,8,18,114" hai2="56,34,17,69,110,129,62,41,10,115,70,123,118" hai3="60,117,71,130,65,13,103,25,46,26,59,63,6"/><W86/><G117/><T11/><D40/><U47/><E39/><V119/><F34/><W22/><G130/><T120/><D9/><U77/><E106/><V78/><F78/><W109/><G109/><T45/><D45/><U125/><E91/><V51/><F17/><W72/><G72/><T132/><D11/><U113/><E121/><V100/><F100/><W73/><G73/><T53/><D53/><U97/><E97/><V61/><F10/><W12/><G103/><T94/><D27/><N who="1" m="18559" /><E125/><V108/><F56/><W42/><G86/><T24/><D24/><N who="1" m="14455" /><E8/><V1/><F1/><W122/><G122/><T44/><D44/><U50/><E50/><V81/><F81/><W128/><G128/><T36/><D35/><U33/><E33/><V127/><F129/><W64/><G26/><T74/><D36/><U54/><AGARI ba="0,0" hai="47,48,54,76,77,112,113,114" m="14455,18559" machi="54" ten="30,1100,0" yaku="15,1" doraHai="2" who="1" fromWho="1" sc="230,-3,351,11,8,-3,411,-5" owari="227,-17.0,362,16.0,5,-49.0,406,50.0" /></mjloggm>