<mjloggm ver="2.3"><GO type="169" lobby="0"/><UN n0="%E3%83%92%E3%83%AB%E3%83%99%E3%83%AB%E3%83%88" n1="%E3%83%AD%E3%83%83%E3%82%BD" n2="%E5%AE%9F%E5%AD%98" n3="%E3%81%98%E3%81%98%E3%81%84%E3%81%8C%E5%91%BC%E3%82%93%E3%81%A0" dan="17,17,17,16" rate="2196.16,2142.80,2153.17,2091.97" sx="M,F,M,M"/><TAIKYOKU oya="0"/><INIT seed="0,0,0,1,4,45" ten="250,250,250,250" oya="0" hai0="77,81,33,131,35,30,75,72,127,52,47,0,66" hai1="90,28,39,19,106,60,132,105,51,48,64,8,125" hai2="114,38,68,112,91,3,61,54,80,102,21,6,11" hai3="5,59,31,2,96,1,89,29,22,124,41,62,85"/><T26/><D127/><U110/><E125/><V12/><F38/><W88/><G124/><T4/><D131/><U116/><E116/><V69/><F102/><W130/><G130/><T119/><D119/><U67/><E39/><V65/><F69/><W49/><G5/><T42/><D66/><U108/><E28/><V46/><F21/><W43/><G1/><T101/><D101/><U13/><E90/><V100/><F3/><W58/><G2/><T109/><D109/><N who="1" m="42091" /><E132/><V76/><F91/><W126/><G126/><T87/><D35/><U7/><E7/><V103/><F103/><W82/><G31/><T27/><D27/><U57/><E67/><V86/><REACH who="2" step="1"/><F100/><REACH who="2" ten="250,250,240,250" step="2"/><W37/><G37/><T20/><D33/><U9/><E8/><V117/><F117/><W16/><G89/><T128/><D128/><U113/><E113/><V115/><F115/><W92/><G29/><T135/><D135/><U70/><E70/><V134/><F134/><W36/><G36/><T118/><D118/><U10/><E9/><V123/><F123/><W55/><G96/><T23/><D23/><U83/><E83/><V95/><F95/><W53/><G82/><T121/><D121/><U107/><AGARI ba="0,1" hai="10,13,19,48,51,57,60,64,105,106,107" m="42091" machi="107" ten="40,5200,0" yaku="14,1,52,2" doraHai="45" who="1" fromWho="1" sc="250,-26,250,62,240,-13,250,-13" /><INIT seed="1,0,0,0,5,101" ten="224,312,227,237" oya="1" hai0="70,74,16,85,80,96,128,123,30,48,91,98,53" hai1="87,24,58,107,51,108,46,37,62,47,23,63,121" hai2="111,22,21,130,103,20,67,133,112,78,0,90,125" hai3="119,86,68,40,14,50,32,64,6,97,56,76,126"/><U79/><E121/><V83/><F111/><W75/><G126/><T106/><D123/><U7/><E108/><V17/><F125/><W35/><G119/><T115/><D115/><U33/><E33/><V69/><F133/><W27/><G75/><T104/><D70/><U8/><E37/><V93/><F130/><W66/><G68/><T1/><D1/><U113/><E47/><V12/><F0/><W122/><G122/><T49/><D30/><U52/><E113/><V31/><F112/><W94/><G32/><T18/><D128/><U118/><E118/><V44/><F103/><W55/><G40/><T134/><D134/><U2/><E107/><V65/><F44/><W59/><G35/><T15/><D18/><U73/><E73/><V42/><F42/><W132/><G27/><T82/><D49/><U109/><E109/><V61/><F67/><W10/><G59/><T124/><D124/><U135/><E135/><V84/><REACH who="2" step="1"/><F31/><REACH who="2" ten="224,312,217,237" step="2"/><W131/><G131/><T25/><D25/><U71/><E46/><V110/><F110/><W116/><G132/><T100/><D100/><U60/><E71/><V9/><F9/><W3/><G3/><T5/><D5/><U57/><E57/><V129/><F129/><W28/><G28/><T72/><D72/><AGARI ba="0,1" hai="12,17,20,21,22,61,65,69,72,78,83,84,90,93" machi="72" ten="30,3900,0" yaku="1,1,7,1,53,1" doraHai="101" doraHaiUra="11" who="2" fromWho="0" sc="224,-39,312,0,217,49,237,0" /><INIT seed="2,0,0,2,5,38" ten="185,312,266,237" oya="2" hai0="117,52,44,27,33,103,30,114,51,109,20,120,26" hai1="14,84,129,2,59,19,99,47,82,92,90,23,101" hai2="122,121,97,73,0,112,18,115,88,10,125,74,25" hai3="124,62,69,113,128,34,135,16,39,45,5,110,79"/><V9/><F125/><W72/><RYUUKYOKU type="yao9" ba="0,0" sc="185,0,312,0,266,0,237,0" hai3="5,16,34,39,45,62,69,72,79,110,113,124,128,135" /><INIT seed="2,1,0,1,4,105" ten="185,312,266,237" oya="2" hai0="118,10,91,40,46,125,82,36,72,95,134,64,47" hai1="41,24,132,112,130,6,7,106,124,123,11,12,89" hai2="66,52,111,127,13,122,114,121,20,33,81,56,133" hai3="55,37,8,2,107,119,44,97,126,86,73,15,129"/><V59/><F114/><W120/><G119/><T34/><D34/><U94/><E112/><V88/><F33/><W67/><G120/><T53/><D118/><U32/><E106/><V18/><F133/><W135/><G135/><T70/><D125/><U30/><E132/><V93/><F127/><W45/><G126/><T38/><D134/><U110/><E124/><V90/><F111/><W35/><G129/><T63/><D10/><U75/><E110/><V65/><F59/><W103/><G2/><T0/><D0/><U131/><E41/><V3/><F3/><W1/><G1/><T57/><D95/><U74/><E7/><V113/><F113/><W9/><G37/><N who="0" m="21775" /><D91/><U116/><E116/><V19/><F121/><W27/><G8/><T79/><D47/><U84/><REACH who="1" step="1"/><E123/><REACH who="1" ten="185,302,266,237" step="2"/><V96/><F122/><W23/><G107/><T100/><D100/><U50/><E50/><AGARI ba="1,1" hai="36,38,50,53,57,63,64,70,72,79,82" m="21775" machi="50" ten="30,2000,0" yaku="24,1,52,1" doraHai="105" who="0" fromWho="1" sc="185,33,302,-23,266,0,237,0" /><INIT seed="3,0,0,4,5,128" ten="218,279,266,237" oya="3" hai0="119,122,102,56,58,100,108,130,63,14,36,28,32" hai1="67,127,91,84,69,22,15,18,9,109,35,29,118" hai2="65,82,85,111,55,99,54,6,112,117,88,19,41" hai3="0,90,135,72,33,64,39,16,17,129,133,94,95"/><W23/><G33/><T8/><D119/><U78/><E109/><V30/><F117/><W53/><G129/><T70/><D122/><U44/><E118/><V37/><F112/><W75/><G39/><T107/><D36/><U43/><E127/><V116/><F116/><W4/><G64/><T50/><D130/><U20/><E78/><V10/><F111/><W77/><G53/><T92/><D108/><U73/><E73/><V21/><F30/><W26/><G4/><T79/><D107/><U123/><E123/><V113/><F113/><W62/><G62/><T83/><D32/><U124/><E124/><V132/><F65/><W2/><G77/><T114/><D28/><U76/><E76/><V51/><F37/><W106/><G106/><T120/><D120/><U125/><E35/><V1/><F132/><N who="3" m="50763" /><G17/><T134/><D134/><U38/><E125/><V89/><F41/><W103/><G103/><T101/><D114/><U31/><E67/><V121/><F121/><W47/><G47/><T24/><D70/><U68/><E31/><V93/><F51/><W81/><G81/><T13/><D50/><U48/><E38/><V40/><F40/><W80/><G80/><T27/><D83/><N who="1" m="49567" /><E29/><V59/><F59/><N who="0" m="22570" /><D79/><U3/><E3/><N who="3" m="1066" /><G90/><T61/><D61/><U97/><E69/><V86/><F86/><W74/><AGARI ba="0,0" hai="16,23,26,72,74,75,94,95" m="1066,50763" machi="74" ten="40,12000,1" yaku="20,1,52,3,54,1" doraHai="128" who="3" fromWho="3" sc="218,-40,279,-40,266,-40,237,120" /><INIT seed="3,1,0,2,3,101" ten="178,239,226,357" oya="3" hai0="127,112,17,117,36,125,48,133,69,119,131,18,92" hai1="37,38,128,103,15,24,32,122,72,47,78,58,52" hai2="70,11,116,62,53,29,40,113,93,8,126,76,84" hai3="35,16,85,3,10,71,81,94,42,6,90,129,97"/><W108/><G129/><T0/><D92/><U99/><E122/><V56/><F116/><N who="0" m="44618" /><D48/><U2/><E2/><V121/><F113/><W107/><G71/><T77/><D69/><U14/><E128/><V132/><F121/><W9/><G35/><T21/><D36/><U27/><E38/><V64/><F132/><W135/><G135/><T124/><D77/><U57/><E57/><V82/><F126/><W43/><G107/><T68/><D68/><U120/><E120/><V88/><F29/><W59/><G59/><T41/><D41/><U134/><E27/><V96/><REACH who="2" step="1"/><F40/><REACH who="2" ten="178,239,216,357" step="2"/><W89/><REACH who="3" step="1"/><G108/><REACH who="3" ten="178,239,216,347" step="2"/><T123/><D133/><U73/><E134/><V45/><F45/><W91/><G91/><T23/><D131/><U26/><E47/><V80/><F80/><W19/><G19/><N who="0" m="7179" /><D123/><U4/><E78/><V79/><F79/><W130/><G130/><T51/><D127/><U106/><E103/><V63/><AGARI ba="1,2" hai="8,11,53,56,62,63,64,70,76,82,84,88,93,96" machi="63" ten="20,5200,0" yaku="1,1,0,1,7,1,54,1,53,0" doraHai="101" doraHaiUra="109" who="2" fromWho="2" sc="178,-14,239,-14,216,75,347,-27" /><INIT seed="4,0,0,4,4,21" ten="164,225,291,320" oya="0" hai0="50,64,36,122,124,26,133,97,82,29,10,130,0" hai1="1,39,72,92,112,68,66,103,134,135,28,31,52" hai2="114,16,100,33,86,106,7,56,2,17,78,83,89" hai3="90,47,69,85,41,55,42,11,116,94,105,40,119"/><T24/><D122/><U125/><E1/><V121/><F121/><W102/><G69/><T9/><D36/><U113/><E72/><V45/><F114/><N who="1" m="44137" /><E39/><V67/><F33/><W95/><G105/><T87/><D124/><U43/><E43/><V91/><F45/><W108/><G108/><T61/><D133/><N who="1" m="50699" /><E125/><V38/><F38/><W27/><G55/><T62/><D29/><U23/><E66/><V32/><F2/><W49/><G119/><T35/><D35/><U123/><E123/><V34/><F34/><W79/><G116/><T13/><D130/><U46/><E68/><V118/><F67/><W80/><G41/><T107/><D0/><U111/><E111/><V104/><F32/><W129/><G42/><T128/><D128/><U131/><E23/><V19/><F118/><W74/><G129/><T117/><D117/><U101/><E131/><V20/><F20/><W58/><G11/><T30/><D30/><N who="1" m="11307" /><E92/><V18/><F104/><W63/><G95/><T3/><D3/><U5/><E5/><V75/><F7/><W15/><G74/><T77/><D107/><U98/><E98/><V51/><F75/><W12/><G94/><T48/><D97/><U88/><E88/><V25/><F106/><W4/><G90/><T65/><D77/><U96/><E96/><V22/><F100/><W127/><G127/><T71/><D71/><U81/><E81/><V8/><F8/><W115/><G79/><T84/><D82/><U73/><E73/><V76/><F76/><W54/><G115/><T6/><D6/><U109/><E109/><V93/><F93/><RYUUKYOKU ba="0,0" sc="164,10,225,10,291,10,320,-30" hai0="9,10,13,24,26,48,50,61,62,64,65,84,87" hai1="46,52,101,103" hai2="16,17,18,19,22,25,51,56,78,83,86,89,91" /><INIT seed="4,1,0,0,5,10" ten="174,235,301,290" oya="0" hai0="40,122,11,24,91,114,76,113,9,21,65,101,128" hai1="7,39,116,109,94,0,74,115,70,133,112,117,83" hai2="89,102,90,53,8,29,56,86,13,71,36,43,106" hai3="64,77,59,60,92,28,87,99,50,82,103,30,62"/><T34/><D34/><U88/><E70/><V95/><F71/><W131/><G131/><T51/><D122/><U121/><E39/><V55/><F29/><W63/><G50/><T27/><D128/><U96/><E7/><V93/><F106/><W68/><G62/><T72/><D65/><AGARI ba="1,0" hai="28,30,59,60,63,64,65,68,77,82,87,92,99,103" machi="65" ten="30,1000,0" yaku="7,1" doraHai="10" who="3" fromWho="0" sc="174,-13,235,0,301,0,290,13" /><INIT seed="5,0,0,1,0,127" ten="161,235,301,303" oya="1" hai0="62,41,28,0,13,64,130,74,31,40,134,86,84" hai1="87,91,46,65,133,112,43,18,30,61,124,135,10" hai2="67,27,29,94,82,45,107,85,54,80,75,129,49" hai3="122,63,89,50,38,103,55,34,1,32,24,44,118"/><U73/><E73/><V53/><F107/><W123/><G1/><T114/><D74/><U35/><E124/><V6/><F75/><W76/><G76/><T11/><D0/><U14/><E112/><V92/><F129/><W115/><G115/><T81/><D114/><U39/><E30/><V88/><F67/><W16/><G118/><T48/><D134/><U26/><E26/><V51/><F6/><W7/><G7/><T70/><D86/><U15/><E15/><V111/><F80/><W72/><G72/><T131/><D31/><U37/><E37/><V19/><F19/><W77/><G77/><N who="0" m="46127" /><D28/><U42/><E42/><V100/><F100/><W95/><G38/><T2/><D2/><U106/><E35/><V5/><F5/><W9/><G34/><T20/><D20/><U113/><E106/><V108/><F108/><W98/><G32/><T58/><D70/><U47/><E47/><V101/><F101/><W96/><G63/><T52/><D64/><U56/><REACH who="1" step="1"/><E113/><REACH who="1" ten="161,225,301,303" step="2"/><V125/><F125/><W71/><G24/><T3/><D3/><U104/><E104/><V121/><F111/><W128/><G44/><N who="0" m="25607" /><D41/><U66/><E66/><V105/><F105/><W117/><G117/><T132/><D132/><U99/><E99/><V116/><F116/><W90/><G98/><T97/><D97/><U79/><E79/><V21/><F121/><W78/><G96/><T109/><D109/><U68/><E68/><V8/><F8/><W33/><G9/><T57/><D58/><AGARI ba="0,1" hai="21,27,29,45,49,51,53,54,58,82,85,88,92,94" machi="58" ten="30,3900,0" yaku="7,1,8,1,54,1" doraHai="127" who="2" fromWho="0" sc="161,-39,225,0,301,49,303,0" /><INIT seed="6,0,0,3,4,109" ten="122,225,350,303" oya="2" hai0="125,80,84,82,106,75,95,47,62,112,17,42,104" hai1="44,27,115,66,33,46,23,123,61,132,87,22,63" hai2="29,117,1,49,24,130,7,108,86,116,99,89,11" hai3="121,73,131,30,67,135,76,2,5,79,52,25,110"/><V74/><F74/><W60/><G110/><T101/><D62/><U35/><E132/><V31/><F108/><W0/><G121/><T18/><D47/><U113/><E87/><V91/><F130/><W128/><G135/><T20/><D42/><U9/><E9/><V6/><F29/><W41/><G41/><T14/><D125/><U71/><E123/><V102/><F6/><W57/><G67/><T127/><D127/><U16/><E63/><V53/><F89/><W21/><G73/><T38/><D38/><U43/><E23/><V12/><F1/><N who="3" m="619" /><G5/><T36/><D36/><U58/><E71/><V133/><F133/><W93/><G93/><T97/><D18/><U59/><E59/><V120/><F120/><W54/><G54/><T85/><D17/><U103/><E103/><V94/><F53/><W51/><G60/><T15/><D20/><U81/><E81/><N who="0" m="31337" /><D14/><U10/><E10/><V134/><F134/><W77/><G52/><T122/><D15/><U114/><E46/><V40/><F40/><W72/><G72/><T56/><D56/><U48/><AGARI ba="0,0" hai="16,22,27,33,35,43,44,48,58,61,66,113,114,115" machi="48" ten="30,12000,2" yaku="0,1,15,1,52,3,54,1" doraHai="109" who="1" fromWho="1" sc="122,-30,225,120,350,-60,303,-30" /><INIT seed="7,0,0,0,0,72" ten="92,345,290,273" oya="3" hai0="6,90,73,56,18,11,84,40,97,96,44,107,29" hai1="39,102,70,135,10,51,62,91,69,9,24,94,134" hai2="71,52,33,38,16,65,75,89,13,17,93,21,2" hai3="41,78,28,35,86,34,114,129,116,104,95,77,48"/><W79/><G116/><T128/><D128/><U49/><E39/><V23/><F33/><W7/><G129/><T98/><D29/><U19/><E102/><V115/><F115/><W92/><G114/><T0/><D18/><U50/><E24/><V26/><F2/><W60/><G104/><T25/><D25/><U3/><E62/><V120/><F120/><W57/><G7/><T1/><D1/><U117/><E117/><V106/><F38/><W43/><G28/><T132/><D132/><N who="1" m="50731" /><E19/><V47/><F106/><W85/><G48/><T36/><D56/><U123/><E123/><V67/><F71/><N who="1" m="27145" /><E3/><V130/><F130/><W61/><G78/><T119/><D119/><U82/><E82/><V87/><F75/><W14/><REACH who="3" step="1"/><G57/><REACH who="3" ten="92,345,290,263" step="2"/><T20/><D107/><U80/><E80/><V81/><F81/><W125/><G125/><T42/><D73/><U5/><E5/><V126/><F126/><W99/><G99/><AGARI ba="0,1" hai="9,10,49,50,51,91,94,99" m="27145,50731" machi="99" ten="40,1300,0" yaku="20,1" doraHai="72" who="1" fromWho="3" sc="92,0,345,23,290,0,263,-13" owari="92,-41.0,368,47.0,290,9.0,250,-15.0" /></mjloggm>