<mjloggm ver="2.3"><GO type="169" lobby="0"/><UN n0="%4B%57" n1="%E3%81%8B%E3%81%8B%E3%81%8B%E3%81%8B" n2="%E3%81%8B%E3%81%A5%E3%81%8D%EF%BC%B8%EF%BC%A9" n3="%E9%97%98%E5%A3%AB%E2%98%86%E6%B8%8B%E5%B7%9D%E8%80%81" dan="16,16,16,18" rate="2051.65,2107.56,2105.81,2123.77" sx="M,M,M,M"/><TAIKYOKU oya="0"/><INIT seed="0,0,0,4,3,72" ten="250,250,250,250" oya="0" hai0="111,94,127,125,36,57,115,126,39,42,78,113,62" hai1="28,85,61,49,70,133,73,129,134,130,128,107,51" hai2="106,37,8,20,18,32,76,43,120,108,67,2,79" hai3="10,44,92,95,112,80,119,50,15,116,38,26,13"/><T3/><D3/><U40/><E73/><V24/><F106/><W58/><G112/><N who="0" m="43083" /><D94/><U123/><E107/><V64/><F108/><W103/><G38/><N who="0" m="14379" /><D78/><N who="2" m="29738" /><F120/><W11/><G58/><T89/><D89/><U82/><E28/><V35/><F37/><W121/><G26/><T109/><D42/><U124/><E123/><V68/><F68/><W86/><G103/><T30/><D30/><U29/><E29/><V48/><F35/><W56/><G80/><T63/><D57/><U59/><E70/><V132/><F132/><N who="1" m="50793" /><E40/><V93/><F32/><W25/><G56/><T97/><D97/><U81/><E81/><V46/><F2/><W6/><G25/><T83/><D83/><U21/><E82/><V34/><F34/><W65/><G86/><T12/><D12/><U99/><E85/><V22/><F22/><W102/><G95/><T19/><D19/><U114/><E21/><V66/><F93/><W55/><G92/><T7/><D7/><U131/><E131/><V74/><F74/><W104/><G6/><T27/><D27/><U96/><E114/><V101/><F101/><W60/><G13/><T135/><D135/><U52/><E96/><V33/><F33/><W14/><G15/><T16/><D16/><U75/><E75/><V69/><F69/><N who="3" m="42151" /><G121/><T100/><D100/><U110/><E99/><V53/><F43/><W17/><G11/><AGARI ba="0,0" hai="8,11,18,20,24,46,48,53,64,66,67" m="29738" machi="11" ten="30,7700,0" yaku="8,1,52,3" doraHai="72" who="2" fromWho="3" sc="250,0,250,0,250,77,250,-77" /><INIT seed="1,0,0,4,1,89" ten="250,250,327,173" oya="1" hai0="79,37,129,62,68,36,48,51,124,46,64,66,127" hai1="19,95,106,59,104,80,33,0,76,41,53,99,101" hai2="24,115,54,105,58,43,1,73,56,29,112,93,39" hai3="120,132,27,34,16,117,4,17,114,49,45,9,25"/><U21/><E33/><V92/><F105/><W30/><G120/><T87/><D87/><U81/><E0/><V72/><F1/><W86/><G114/><N who="2" m="43561" /><F43/><W12/><G132/><T135/><D79/><U44/><E41/><V40/><F40/><W94/><G117/><T84/><D84/><U38/><E38/><N who="0" m="14953" /><D135/><U2/><E44/><V55/><F55/><N who="3" m="30127" /><G34/><T52/><D129/><U97/><E2/><V98/><F98/><W75/><G75/><N who="2" m="28745" /><F39/><W83/><G83/><T111/><D66/><U5/><E5/><V82/><F82/><W50/><G50/><N who="0" m="28759" /><D111/><U109/><E109/><V91/><F91/><N who="3" m="53623" /><G30/><T123/><D123/><U108/><E108/><V113/><N who="2" m="43569" /><V61/><DORA hai="13" /><F58/><W18/><AGARI ba="0,0" hai="4,9,12,16,17,18,25,27" m="53623,30127" machi="18" ten="30,12000,2" yaku="8,1,52,4,54,1" doraHai="89,13" who="3" fromWho="3" sc="250,-30,250,-60,327,-30,173,120" /><INIT seed="2,0,0,2,1,31" ten="220,190,297,293" oya="2" hai0="110,17,35,127,69,129,59,29,80,121,86,82,44" hai1="46,27,34,20,72,70,48,109,62,0,98,10,103" hai2="65,124,58,3,130,43,54,90,13,93,9,15,56" hai3="101,85,39,6,134,112,105,23,106,49,95,119,14"/><V37/><F124/><W41/><G39/><T60/><D121/><U55/><E72/><V114/><F114/><W108/><G119/><T63/><D127/><U128/><E109/><V30/><F130/><W12/><G134/><T25/><D110/><U22/><E128/><V66/><F3/><W118/><G23/><T79/><D129/><U33/><E20/><V4/><F13/><W16/><G49/><T2/><D2/><U100/><E100/><V133/><F133/><W71/><G85/><T87/><D69/><U126/><E126/><V45/><F30/><W24/><G41/><T36/><D59/><U11/><E70/><V113/><F58/><W115/><G118/><T116/><D116/><U94/><E62/><V131/><F113/><W99/><G24/><T74/><D74/><U38/><E38/><V92/><F92/><W53/><G53/><T8/><D8/><U1/><E1/><V81/><F81/><W40/><G40/><T73/><D17/><U120/><E120/><V88/><F90/><W96/><G71/><T97/><D97/><U68/><E68/><V7/><F4/><W104/><G99/><T77/><REACH who="0" step="1"/><D73/><REACH who="0" ten="210,190,297,293" step="2"/><U51/><E10/><V132/><F131/><W75/><G75/><T76/><D76/><U28/><REACH who="1" step="1"/><E48/><REACH who="1" ten="210,180,297,293" step="2"/><V135/><F132/><W61/><G108/><T78/><D78/><U102/><E102/><V107/><F135/><W50/><G50/><T57/><D57/><U18/><E18/><V5/><F5/><AGARI ba="0,2" hai="0,5,11,22,27,28,33,34,46,51,55,94,98,103" machi="5" ten="40,5200,0" yaku="1,1,52,2,53,0" doraHai="31" doraHaiUra="111" who="1" fromWho="2" sc="210,0,180,72,297,-52,293,0" /><INIT seed="3,0,0,5,2,20" ten="210,252,245,293" oya="3" hai0="31,103,44,32,84,26,119,135,46,38,113,64,121" hai1="127,58,94,115,41,91,80,27,56,6,88,68,112" hai2="125,97,49,66,131,124,111,85,54,28,76,96,120" hai3="77,109,12,110,61,117,101,14,87,108,69,86,2"/><W5/><G117/><T1/><D119/><U3/><E68/><V104/><F111/><W102/><G2/><T122/><D1/><U98/><E127/><N who="2" m="48715" /><F66/><N who="3" m="41167" /><G5/><T24/><D103/><N who="3" m="39433" /><G77/><T13/><D113/><N who="1" m="43595" /><E41/><V128/><F120/><W43/><G43/><T126/><D64/><U81/><E6/><V132/><F28/><W15/><AGARI ba="0,0" hai="12,14,15,86,87,108,109,110" m="39433,41167" machi="15" ten="40,3900,0" yaku="14,1,10,1" doraHai="20" who="3" fromWho="3" sc="210,-13,252,-13,245,-13,293,39" /><INIT seed="3,1,0,2,5,85" ten="197,239,232,332" oya="3" hai0="16,106,108,4,6,0,45,129,112,89,53,123,87" hai1="61,7,134,79,56,33,117,10,126,116,80,57,82" hai2="98,25,62,55,84,103,102,14,39,64,26,130,38" hai3="124,2,120,51,101,46,74,70,127,65,50,115,133"/><W92/><G2/><T68/><D123/><U114/><E114/><V11/><F55/><W118/><G74/><T37/><D68/><U100/><E33/><V49/><F49/><W93/><G101/><T132/><D106/><U81/><E79/><V8/><F130/><W48/><G118/><N who="1" m="45674" /><E134/><V135/><F135/><W73/><G73/><T43/><D132/><U44/><E126/><N who="3" m="48170" /><G133/><T97/><D129/><U60/><E100/><V109/><F102/><W19/><G115/><T36/><D97/><U23/><E44/><V69/><F39/><W125/><G19/><T121/><D121/><U31/><E23/><V105/><F38/><W34/><G34/><T15/><D37/><U88/><E31/><V41/><F41/><W54/><G120/><T28/><D28/><U66/><E10/><V71/><F11/><W42/><G51/><T52/><D112/><U122/><E7/><V59/><F8/><W119/><G119/><T75/><D6/><U95/><E122/><V47/><F103/><W58/><G125/><T90/><D4/><U27/><E27/><V99/><F26/><W30/><G30/><T3/><D36/><U111/><E111/><V21/><F109/><W32/><G32/><T18/><D108/><U1/><E1/><V91/><F25/><W78/><G78/><T13/><D3/><U67/><E81/><V96/><F105/><W12/><G12/><T29/><D29/><U86/><AGARI ba="1,0" hai="56,57,60,61,66,67,80,82,86,88,95" m="45674" machi="86" ten="30,4000,0" yaku="12,1,52,1,54,1" doraHai="85" who="1" fromWho="1" sc="197,-11,239,43,232,-11,332,-21" /><INIT seed="4,0,0,1,4,89" ten="186,282,221,311" oya="0" hai0="67,77,24,84,23,46,64,134,3,72,109,98,74" hai1="16,120,7,30,113,111,41,105,29,123,68,37,53" hai2="81,122,93,58,43,82,60,102,32,1,103,71,34" hai3="91,79,86,2,97,133,13,85,73,75,22,106,42"/><T56/><D3/><U17/><E105/><V6/><F71/><W57/><G42/><T116/><D116/><U66/><E53/><V39/><F122/><N who="1" m="46633" /><E66/><V54/><F43/><W131/><G13/><T52/><D134/><U119/><E68/><V96/><F39/><W44/><G22/><T83/><D109/><U78/><E78/><V50/><F103/><W55/><G44/><T128/><D128/><U112/><E119/><V27/><F50/><W92/><G2/><T95/><D46/><U88/><E41/><V90/><F102/><N who="3" m="62799" /><G55/><T21/><D74/><N who="3" m="28169" /><G57/><T65/><D72/><U31/><E88/><V40/><F40/><W26/><G26/><T61/><REACH who="0" step="1"/><D24/><REACH who="0" ten="176,282,221,311" step="2"/><U0/><E111/><V8/><F27/><W62/><G133/><T99/><D99/><U70/><E37/><V63/><REACH who="2" step="1"/><F60/><REACH who="2" ten="176,282,211,311" step="2"/><W87/><G62/><T110/><D110/><U115/><E70/><V126/><F126/><W12/><G131/><T28/><D28/><U45/><E45/><V117/><F117/><W19/><G87/><T104/><D104/><U100/><E30/><V10/><F10/><W35/><G86/><T127/><D127/><U49/><E29/><V47/><F47/><W38/><G85/><T5/><D5/><U51/><E31/><V135/><F135/><W121/><G121/><T76/><D76/><U11/><E11/><V94/><F94/><W25/><G79/><T48/><D48/><U114/><E114/><V125/><F125/><W69/><G38/><T14/><D14/><U132/><E113/><V15/><F15/><W59/><G12/><T130/><D130/><RYUUKYOKU ba="0,2" sc="176,15,282,-15,211,15,311,-15" hai0="21,23,52,56,61,64,65,67,77,83,84,95,98" hai2="1,6,8,32,34,54,58,63,81,82,90,93,96" /><INIT seed="4,1,2,5,4,23" ten="191,267,226,296" oya="0" hai0="133,42,37,104,131,58,0,46,87,11,40,34,43" hai1="30,49,53,48,9,7,100,55,90,41,17,116,120" hai2="68,19,28,13,125,92,88,89,98,106,121,18,29" hai3="118,69,56,82,97,70,31,39,114,24,63,8,117"/><T102/><D34/><U33/><E120/><V21/><F68/><W79/><G39/><T50/><D131/><U54/><E116/><V62/><F106/><W75/><G114/><T6/><D133/><U22/><E100/><V124/><F121/><W45/><G45/><T93/><D104/><U84/><E30/><V110/><F110/><W5/><G70/><T27/><D27/><U111/><E33/><V20/><F62/><W64/><G56/><T107/><D107/><U78/><E78/><V59/><F59/><W38/><G97/><T16/><D16/><U57/><E41/><V101/><F89/><W25/><G25/><T66/><D87/><U77/><E77/><V2/><F2/><N who="3" m="55" /><G38/><T10/><D10/><U67/><E67/><V83/><F83/><W129/><G129/><T109/><D109/><U74/><E74/><V130/><F101/><W85/><G85/><T128/><D128/><U72/><E48/><V105/><F105/><W52/><G52/><N who="1" m="20074" /><E72/><V119/><F119/><W99/><G99/><T76/><D76/><U65/><E65/><V26/><REACH who="2" step="1"/><F130/><REACH who="2" ten="191,267,216,296" step="2"/><W61/><G61/><T96/><D37/><U95/><E111/><V127/><AGARI ba="1,3" hai="13,18,19,20,21,26,28,29,88,92,98,124,125,127" machi="127" ten="30,12000,2" yaku="1,1,2,1,0,1,18,1,52,1,54,1,53,0" doraHai="23" doraHaiUra="123" who="2" fromWho="2" sc="191,-61,267,-31,216,153,296,-31" /><INIT seed="5,0,0,4,0,42" ten="130,236,369,265" oya="1" hai0="88,35,68,134,17,1,41,8,66,34,46,75,80" hai1="120,31,28,100,67,129,45,128,121,89,64,105,97" hai2="126,98,102,32,74,55,115,10,94,73,24,16,132" hai3="5,33,39,79,51,20,13,11,122,12,2,4,19"/><U18/><E18/><V91/><F132/><W3/><G39/><N who="0" m="21823" /><D17/><U107/><E89/><V78/><F126/><W22/><G51/><T85/><D85/><U7/><E7/><N who="3" m="2634" /><G79/><N who="0" m="44159" /><D88/><U14/><E14/><V110/><F115/><W113/><G122/><T81/><D81/><U9/><E9/><V26/><F110/><W23/><G113/><T50/><D50/><U38/><E97/><V76/><F74/><W47/><G47/><T21/><D21/><N who="3" m="8297" /><G33/><T0/><D134/><U116/><E45/><V56/><F32/><N who="0" m="12330" /><D8/><U62/><E38/><V119/><F73/><W106/><G106/><T124/><D124/><U52/><E52/><V109/><F109/><W117/><G117/><T87/><D87/><U90/><E116/><V71/><F91/><W82/><G82/><T69/><D66/><U123/><E90/><V83/><F83/><W112/><G112/><T92/><D92/><U95/><E120/><V37/><F37/><W77/><G77/><T43/><D43/><U61/><E100/><V72/><F78/><W59/><G59/><T6/><D6/><AGARI ba="0,0" hai="2,3,6,11,12,13,19,23" m="8297,2634" machi="6" ten="30,8000,1" yaku="35,5" doraHai="42" who="3" fromWho="0" sc="130,-80,236,0,369,0,265,80" /><INIT seed="6,0,0,5,3,13" ten="50,236,369,345" oya="2" hai0="24,96,78,37,51,95,126,87,6,33,39,114,100" hai1="76,79,103,131,26,88,16,31,118,98,0,32,11" hai2="112,64,110,12,102,1,97,22,44,132,66,127,93" hai3="120,45,56,113,42,84,107,14,80,108,30,68,46"/><V28/><F1/><W133/><G68/><T104/><D114/><U38/><E118/><V99/><F112/><W60/><G107/><T25/><D126/><U70/><E38/><V67/><F127/><W61/><G108/><T90/><D6/><U82/><E70/><V81/><F132/><W3/><G3/><T49/><D39/><U23/><E131/><V85/><F110/><W58/><G120/><T7/><D7/><U9/><E0/><V101/><F44/><W69/><G30/><T47/><D37/><U72/><E79/><V52/><F28/><W124/><G69/><T119/><D119/><U129/><E129/><V50/><F97/><W18/><G133/><T8/><D8/><U83/><E83/><V77/><F102/><W94/><G94/><T111/><D111/><U19/><E88/><N who="2" m="51247" /><F67/><N who="3" m="39303" /><G42/><T59/><D33/><U130/><E130/><V43/><F77/><N who="3" m="46095" /><G113/><T27/><D47/><U53/><E53/><V116/><F43/><W48/><G48/><T89/><D59/><U35/><E32/><V20/><F116/><W4/><G4/><T117/><D90/><U71/><E71/><V73/><F73/><W63/><G63/><T65/><D117/><U121/><E121/><V10/><F66/><N who="3" m="39223" /><G124/><T57/><D78/><U62/><E62/><V92/><F64/><W55/><G55/><T91/><D91/><U106/><REACH who="1" step="1"/><E19/><REACH who="1" ten="50,226,369,345" step="2"/><N who="2" m="8599" /><F92/><W134/><G134/><T5/><D5/><U54/><E54/><V122/><F122/><W135/><G135/><T123/><D123/><U29/><E29/><V128/><F128/><W105/><G105/><T109/><D109/><RYUUKYOKU ba="0,1" sc="50,0,226,0,369,0,345,0" hai0="24,25,27,49,51,57,65,87,89,95,96,100,104" hai1="9,11,16,23,26,31,35,72,76,82,98,103,106" hai2="20,22,50,52,93,99,101" hai3="14,18,45,46" /><INIT seed="6,1,1,4,2,122" ten="50,226,369,345" oya="2" hai0="30,132,49,110,5,60,79,56,95,117,31,21,13" hai1="19,111,52,134,38,51,48,74,72,102,127,87,133" hai2="119,23,65,113,68,85,82,130,121,39,10,99,112" hai3="106,71,57,63,1,123,50,109,0,116,3,77,42"/><V104/><F39/><W96/><G77/><T47/><D132/><N who="1" m="50795" /><E38/><V9/><F119/><W37/><G123/><T35/><D35/><U41/><E127/><V78/><F121/><W105/><G50/><T69/><D69/><U118/><E118/><V135/><F130/><W20/><G20/><T100/><D117/><U29/><E29/><V84/><F84/><W40/><G57/><T128/><D128/><U2/><E2/><V92/><F104/><W67/><G42/><T101/><D110/><U34/><E34/><V16/><F65/><W33/><G109/><T18/><D5/><U115/><E115/><N who="2" m="44107" /><F68/><W8/><G116/><T32/><D32/><U93/><E48/><V43/><F43/><W7/><G33/><T15/><D79/><U25/><E41/><V6/><F6/><W73/><G73/><T76/><D76/><U62/><E62/><V91/><F135/><W124/><G124/><T80/><D31/><U89/><E102/><V94/><F94/><W28/><G28/><T44/><D30/><U86/><E87/><V53/><F53/><W107/><G96/><T88/><D101/><U126/><E126/><V45/><F45/><AGARI ba="1,1" hai="0,1,3,7,8,37,40,45,63,67,71,105,106,107" machi="45" ten="40,5200,0" yaku="33,3" doraHai="122" who="3" fromWho="2" sc="50,0,226,0,369,-55,345,65" /><INIT seed="7,0,0,1,0,6" ten="50,226,314,410" oya="3" hai0="10,102,129,50,110,30,58,128,123,53,56,66,32" hai1="72,89,16,73,35,118,115,91,103,67,83,63,34" hai2="3,74,39,7,113,49,65,15,36,84,43,37,124" hai3="27,51,22,95,2,9,28,108,54,119,69,11,45"/><W131/><G69/><T134/><D102/><U106/><E115/><V12/><F124/><W62/><G119/><T38/><D30/><U81/><E118/><V93/><F74/><W104/><G104/><T112/><D10/><U18/><E106/><V40/><F65/><W107/><G107/><T41/><D32/><U26/><E103/><V17/><F113/><W55/><G131/><T127/><D112/><U92/><E67/><V70/><F70/><W125/><G2/><T29/><D29/><U85/><E63/><V86/><F3/><W109/><G125/><T0/><D0/><U13/><E26/><V5/><F49/><N who="3" m="28975" /><G62/><T130/><D127/><U4/><E4/><V31/><F31/><W78/><G78/><T97/><D97/><U99/><E18/><V90/><F86/><W19/><G19/><T64/><D110/><N who="3" m="42601" /><G95/><T121/><D134/><U105/><E105/><V59/><F59/><AGARI ba="0,0" hai="9,11,22,27,28,51,55,59" m="42601,28975" machi="59" ten="30,5800,0" yaku="10,1,52,2" doraHai="6" who="3" fromWho="2" sc="50,0,226,0,314,-58,410,58" owari="50,-45.0,226,-17.0,256,6.0,468,56.0" /></mjloggm>