<mjloggm ver="2.3"><GO type="225" lobby="0"/><UN n0="%E9%AE%92%E3%81%AE%E8%83%83%E8%A2%8B" n1="%73%75%7A%75%6D%65%33" n2="%E3%83%A9%E3%82%B9%E7%8E%87%EF%BC%93%E5%89%B2" n3="%E5%A4%A7%E5%AE%AE%E5%BF%8D%76" dan="17,17,16,17" rate="2194.76,2212.64,2142.77,2218.33" sx="M,M,M,M"/><TAIKYOKU oya="0"/><INIT seed="0,0,0,2,2,11" ten="250,250,250,250" oya="0" hai0="111,135,72,62,113,122,127,84,96,123,102,105,51" hai1="47,78,61,66,69,46,132,82,77,106,80,130,120" hai2="94,29,134,97,14,8,67,117,40,57,92,58,101" hai3="31,18,114,74,115,98,83,52,10,50,89,24,0"/><T124/><D51/><U6/><E120/><N who="0" m="46121" /><D62/><U5/><E106/><V118/><F134/><W32/><G74/><T95/><D113/><U30/><E132/><V15/><F29/><W2/><G2/><T110/><D72/><U43/><E30/><V55/><F40/><W4/><G18/><T20/><D135/><U33/><E33/><V79/><F79/><W16/><G16/><T119/><D20/><U35/><E35/><V104/><F67/><W128/><G128/><T23/><D23/><U9/><E130/><V28/><F57/><W131/><G131/><T60/><D60/><U27/><E27/><V116/><F28/><W19/><G19/><T126/><D119/><U109/><E61/><V53/><F53/><W17/><G17/><T36/><D36/><U91/><E66/><V56/><F56/><W121/><G121/><T65/><D65/><U63/><E63/><N who="2" m="36319" /><F8/><W49/><G49/><T87/><D105/><U7/><E9/><V68/><F68/><W75/><G75/><T129/><D129/><U93/><E69/><V90/><F104/><W81/><G114/><T54/><D54/><U86/><E43/><V48/><F48/><W71/><G115/><T39/><D39/><U85/><REACH who="1" step="1"/><E109/><AGARI ba="0,0" hai="84,87,95,96,102,109,110,111,124,126,127" m="46121" machi="109" ten="40,12000,1" yaku="14,1,10,1,18,1,34,2" doraHai="11" who="0" fromWho="1" sc="250,120,250,-120,250,0,250,0" /><INIT seed="0,1,0,2,3,10" ten="370,130,250,250" oya="0" hai0="57,54,52,131,37,83,112,46,39,122,55,91,71" hai1="79,100,87,8,84,76,35,25,135,27,11,3,95" hai2="94,133,90,75,125,28,121,40,14,72,73,111,15" hai3="24,81,48,44,60,29,51,31,132,20,86,43,108"/><T119/><D112/><U80/><E135/><V9/><F121/><W49/><G108/><T116/><D83/><U107/><E107/><V129/><F111/><W47/><G132/><T26/><D91/><U17/><E3/><V21/><F133/><W103/><G103/><T130/><D26/><U102/><E35/><V22/><F129/><N who="0" m="49162" /><D71/><U53/><E53/><N who="0" m="20585" /><D122/><U127/><E127/><V1/><F125/><W34/><G60/><N who="0" m="35903" /><D46/><U128/><E128/><V85/><F28/><W0/><G47/><T63/><D63/><U123/><E123/><V56/><F73/><W92/><G31/><T101/><D101/><U6/><E80/><V41/><F75/><W113/><G113/><T67/><D67/><U16/><REACH who="1" step="1"/><E95/><REACH who="1" ten="370,120,250,250" step="2"/><V118/><F94/><W109/><G92/><T70/><D70/><U5/><AGARI ba="1,1" hai="5,6,8,11,16,17,25,27,76,79,84,87,100,102" machi="5" ten="25,12000,2" yaku="1,1,2,1,0,1,22,2,8,1,54,1,53,0" doraHai="10" doraHaiUra="42" who="1" fromWho="1" sc="370,-61,120,133,250,-31,250,-31" /><INIT seed="1,0,0,0,5,129" ten="309,253,219,219" oya="1" hai0="126,135,79,56,21,7,66,74,41,4,90,85,45" hai1="101,37,124,93,118,10,9,11,34,17,65,95,30" hai2="42,67,123,100,108,96,50,68,13,115,132,12,3" hai3="62,76,29,64,58,102,80,52,128,94,16,112,107"/><U133/><E118/><V81/><F123/><W6/><G112/><T61/><D135/><U131/><E133/><V55/><F132/><W40/><G128/><T78/><D126/><U116/><E116/><V39/><F3/><W33/><G107/><T83/><D21/><U23/><E131/><V122/><F122/><W91/><G6/><T71/><D71/><U5/><E37/><V46/><F108/><W22/><G40/><T44/><D44/><U59/><E124/><V69/><F81/><W109/><G109/><T32/><D32/><U97/><E34/><V77/><F77/><N who="0" m="29194" /><D74/><U47/><E47/><V75/><F75/><W72/><G102/><T88/><D90/><U103/><E30/><V121/><F121/><W92/><G91/><T48/><AGARI ba="0,0" hai="4,7,41,45,48,56,61,66,83,85,88" m="29194" machi="48" ten="30,2000,0" yaku="8,1,54,1" doraHai="129" who="0" fromWho="0" sc="309,20,253,-10,219,-5,219,-5" /><INIT seed="2,0,0,5,3,38" ten="329,243,214,214" oya="2" hai0="56,35,80,131,98,25,109,95,16,58,64,108,19" hai1="123,107,0,99,10,59,88,14,90,31,33,70,97" hai2="51,81,72,18,113,71,15,124,2,132,122,68,12" hai3="42,105,6,85,91,65,47,20,110,55,87,93,5"/><V92/><F2/><W50/><G105/><T67/><D131/><U60/><E70/><V30/><F113/><W96/><G110/><N who="0" m="42603" /><D80/><U126/><E0/><V1/><F122/><W111/><G111/><T53/><D35/><U89/><E123/><V8/><F1/><W106/><G65/><N who="0" m="25163" /><D25/><U41/><E33/><V79/><F132/><W27/><G55/><T17/><D53/><N who="1" m="33903" /><E107/><V84/><F124/><W63/><G63/><T57/><D57/><U9/><E126/><V7/><F30/><N who="3" m="17767" /><G106/><T116/><D116/><U13/><E31/><V37/><F37/><W127/><G127/><T69/><D69/><U104/><E104/><V75/><F51/><W73/><G73/><T40/><D40/><U121/><E41/><V4/><F75/><W130/><G130/><T22/><D22/><U103/><E121/><V36/><F36/><W120/><G120/><T74/><D74/><U21/><E21/><V82/><F71/><W49/><G49/><T133/><D133/><U118/><E118/><V52/><F68/><W66/><G66/><T129/><D129/><U94/><E97/><V112/><F52/><W3/><G3/><T32/><D32/><U44/><E44/><V135/><F135/><W114/><G114/><T62/><D62/><U115/><E115/><V86/><F112/><W117/><G117/><T134/><D134/><U83/><E83/><V43/><F82/><W61/><G61/><T101/><AGARI ba="0,0" hai="16,17,19,56,58,95,98,101" m="25163,42603" machi="101" ten="40,2700,0" yaku="14,1,54,1" doraHai="38" who="0" fromWho="0" sc="329,27,243,-7,214,-13,214,-7" /><INIT seed="3,0,0,4,3,69" ten="356,236,201,207" oya="3" hai0="66,59,99,13,129,110,64,41,67,15,24,84,19" hai1="33,75,65,11,61,50,125,51,6,73,90,112,131" hai2="85,22,45,119,28,18,36,70,68,93,98,10,49" hai3="56,63,72,42,32,62,46,40,8,60,96,74,83"/><W47/><G32/><T108/><D129/><U79/><E112/><V120/><F119/><W89/><G8/><T87/><D41/><U44/><E33/><V124/><F124/><W23/><G23/><N who="0" m="13439" /><D99/><U3/><E125/><V128/><F128/><W20/><G20/><T113/><D113/><U53/><E131/><V114/><F114/><W25/><G25/><T100/><D100/><U30/><E30/><V17/><F120/><W127/><G56/><T54/><D108/><U52/><E90/><N who="2" m="55607" /><F36/><W133/><G133/><T5/><D110/><U0/><E79/><V57/><F68/><W12/><G12/><N who="0" m="4683" /><D5/><U95/><E3/><V26/><F70/><W105/><G105/><T118/><D118/><U48/><E75/><V121/><F121/><W107/><G107/><T94/><D94/><U101/><E73/><V16/><F57/><W126/><G126/><T21/><D21/><U82/><E95/><V103/><F103/><W86/><G96/><T135/><D135/><U37/><E101/><V80/><F10/><W97/><G97/><T55/><D55/><U34/><E34/><V109/><F109/><W76/><G127/><T14/><D14/><U102/><E102/><V117/><F117/><W35/><G35/><T115/><D115/><U2/><E2/><V31/><F22/><W123/><G123/><T81/><D81/><U106/><E82/><V27/><F27/><W43/><G72/><T77/><D77/><U38/><E106/><V122/><F26/><W29/><G29/><T132/><D132/><U116/><E116/><V130/><F122/><W88/><G74/><RYUUKYOKU ba="0,0" sc="356,15,236,-15,201,-15,207,15" hai0="54,59,64,66,67,84,87" hai3="40,42,43,46,47,60,62,63,76,83,86,88,89" /><INIT seed="3,1,0,4,3,10" ten="371,221,186,222" oya="3" hai0="46,101,28,108,112,120,90,9,91,60,24,44,31" hai1="26,47,103,32,76,75,98,13,17,86,30,114,87" hai2="15,4,1,93,36,95,65,106,128,11,12,130,129" hai3="50,85,84,131,73,35,70,52,68,133,67,78,115"/><W61/><G115/><T135/><D120/><U23/><E114/><V89/><F106/><W33/><G70/><T43/><D112/><U27/><E47/><V107/><F107/><W3/><G3/><T55/><D108/><U117/><E117/><V105/><F105/><W64/><G64/><T14/><D135/><U102/><E75/><V127/><F127/><W116/><G116/><T72/><D72/><U97/><E76/><V104/><F104/><W5/><G5/><T132/><D132/><U45/><E45/><N who="0" m="17513" /><D43/><U118/><E118/><V63/><F36/><W7/><G7/><N who="0" m="3391" /><D101/><N who="1" m="38411" /><E32/><V125/><F125/><W122/><G122/><T54/><D24/><N who="1" m="9259" /><E30/><N who="0" m="11305" /><D60/><U8/><E8/><V109/><F109/><W69/><G69/><T134/><D134/><U66/><E66/><V58/><F93/><W42/><G42/><T113/><D113/><U100/><E100/><V124/><F124/><W39/><G39/><T2/><D2/><U22/><E22/><V19/><F19/><W99/><G33/><T25/><D25/><U49/><E49/><V62/><F62/><W123/><G35/><T40/><D40/><U111/><E111/><V37/><F37/><W29/><G29/><T126/><D126/><U74/><E74/><V71/><F71/><W41/><G133/><T57/><D57/><U34/><E34/><V94/><F94/><W56/><G123/><T18/><D55/><U0/><E0/><V51/><F51/><W6/><G50/><T77/><D54/><U20/><E20/><V79/><F79/><W96/><G68/><T38/><D38/><U53/><E53/><RYUUKYOKU ba="1,0" sc="371,-15,221,15,186,15,222,-15" hai1="13,17,23,86,87,97,98" hai2="1,4,11,12,15,58,63,65,89,95,128,129,130" owari="356,45.0,236,4.0,201,-30.0,207,-19.0" /></mjloggm>