<mjloggm ver="2.3"><GO type="169" lobby="0"/><UN n0="%52%45%49%4E%E6%A3%AE%E4%B9%85%E4%BF%9D%50" n1="%6D%73%E3%82%80%E3%83%BC%E3%81%95%E3%82%93" n2="%40%75" n3="%4B%57" dan="16,18,16,16" rate="2133.28,2244.87,2095.44,2045.22" sx="M,M,F,M"/><TAIKYOKU oya="0"/><INIT seed="0,0,0,3,1,70" ten="250,250,250,250" oya="0" hai0="46,91,24,45,117,75,6,106,116,57,48,122,100" hai1="130,86,50,128,84,71,85,90,131,22,15,112,101" hai2="51,59,38,67,99,35,54,8,14,40,111,44,92" hai3="27,37,103,10,65,19,121,47,88,89,56,83,17"/><T97/><D75/><U93/><E112/><V98/><F111/><W9/><G121/><T0/><D122/><U25/><E71/><V107/><F35/><W87/><G103/><T73/><D73/><U34/><E101/><V118/><F118/><W53/><G65/><T63/><D46/><U28/><REACH who="1" step="1"/><E50/><REACH who="1" ten="250,240,250,250" step="2"/><V72/><F107/><W133/><G133/><T129/><D48/><U4/><E4/><V105/><F105/><W3/><G89/><T31/><D91/><U120/><E120/><V2/><F51/><W134/><G134/><T49/><D6/><U80/><E80/><V13/><F92/><W68/><G68/><T124/><D117/><U94/><E94/><V95/><F95/><W66/><G88/><T81/><D116/><U77/><E77/><V113/><F113/><W102/><G102/><T78/><D81/><U5/><E5/><V11/><F99/><W104/><G104/><T126/><D78/><U52/><E52/><V76/><F54/><W21/><G83/><T43/><D0/><U125/><E125/><V7/><F98/><W115/><G115/><T69/><D69/><U82/><E82/><V26/><F7/><W1/><G87/><T36/><D49/><U18/><AGARI ba="0,1" hai="15,18,22,25,28,34,84,85,86,90,93,128,130,131" machi="18" ten="40,5200,0" yaku="1,1,0,1,19,1,53,0" doraHai="70" doraHaiUra="96" who="1" fromWho="1" sc="250,-26,240,62,250,-13,250,-13" /><INIT seed="1,0,0,4,4,85" ten="224,302,237,237" oya="1" hai0="54,63,55,26,11,1,121,107,95,58,56,124,53" hai1="25,42,9,90,20,131,129,48,23,16,59,35,75" hai2="12,102,64,41,81,31,45,36,28,49,27,29,60" hai3="120,86,44,126,114,37,96,43,130,19,93,61,10"/><U110/><E75/><V0/><F0/><W123/><G114/><T115/><D107/><U80/><E35/><V94/><F81/><W5/><G130/><N who="1" m="49674" /><E110/><V2/><F2/><W98/><G126/><T39/><D39/><U108/><E108/><V117/><F117/><W17/><G86/><T73/><D73/><U47/><E59/><V40/><F36/><W32/><G32/><T113/><D121/><U7/><E23/><V128/><F41/><W109/><G109/><T51/><D124/><U71/><E71/><V62/><F128/><W70/><G123/><T13/><D1/><N who="1" m="239" /><E80/><V106/><F62/><W33/><G33/><T77/><D77/><U135/><E135/><V57/><F12/><W14/><G120/><T52/><D26/><U122/><E122/><V6/><F6/><W46/><G46/><T111/><D111/><U82/><E82/><V78/><F27/><W30/><G30/><T50/><D113/><U89/><AGARI ba="0,0" hai="16,20,25,42,47,48,89,90" m="239,49674" machi="89" ten="30,11700,0" yaku="19,1,52,2,54,1" doraHai="85" who="1" fromWho="1" sc="224,-39,302,117,237,-39,237,-39" /><INIT seed="1,1,0,4,5,45" ten="185,419,198,198" oya="1" hai0="21,0,101,62,93,32,33,24,116,135,84,71,66" hai1="77,36,30,121,132,23,134,35,37,80,108,28,113" hai2="31,107,18,22,44,19,69,4,127,94,57,72,90" hai3="115,112,125,109,26,41,126,3,76,128,34,54,111"/><U15/><E121/><V52/><F127/><N who="3" m="48651" /><G76/><T64/><D0/><U97/><E113/><N who="3" m="43594" /><G41/><T92/><D135/><U13/><E97/><V123/><F107/><W55/><G3/><T122/><D122/><U6/><E35/><V10/><F69/><W12/><G12/><T83/><D116/><U63/><E63/><V39/><F72/><W61/><G34/><T105/><D105/><U110/><E80/><V78/><F78/><W20/><G128/><T9/><D9/><U99/><E77/><V56/><F39/><N who="1" m="14921" /><E99/><V81/><F81/><W130/><G130/><T82/><D66/><U131/><E6/><V96/><F123/><W59/><G55/><T48/><D82/><U124/><E131/><V120/><F120/><W17/><AGARI ba="1,0" hai="17,20,26,54,59,61,109,111" m="43594,48651" machi="17" ten="40,1500,0" yaku="18,1" doraHai="45" who="3" fromWho="3" sc="185,-5,419,-8,198,-5,198,18" /><INIT seed="2,0,0,0,4,87" ten="180,411,193,216" oya="2" hai0="49,25,23,31,96,91,40,34,92,127,104,43,122" hai1="112,37,119,41,9,6,14,98,60,30,134,18,50" hai2="68,109,79,125,21,11,59,54,29,16,58,103,19" hai3="42,32,113,47,106,102,26,10,28,85,51,82,62"/><V24/><F125/><W67/><G113/><T77/><D122/><U69/><E119/><V133/><F133/><W20/><G10/><T39/><D39/><U126/><E112/><V38/><F68/><W110/><G110/><T114/><D114/><U99/><E37/><V61/><F109/><W2/><G2/><T17/><D127/><U129/><E126/><V1/><F38/><W94/><G106/><T33/><D77/><U71/><E30/><V22/><F103/><W44/><G44/><T128/><D128/><U115/><E115/><V63/><F79/><W3/><G3/><T35/><D104/><U73/><E73/><V88/><F1/><W123/><G123/><T121/><D121/><U4/><E71/><V118/><F118/><W55/><G94/><T131/><D131/><U75/><E75/><V95/><F11/><W108/><G102/><T57/><REACH who="0" step="1"/><D31/><REACH who="0" ten="170,411,193,216" step="2"/><U36/><E36/><V46/><F46/><W15/><G108/><T86/><D86/><U0/><E129/><V101/><F101/><W116/><G116/><T74/><D74/><U78/><E78/><V81/><F81/><W72/><G72/><T89/><D89/><U135/><E135/><V130/><F130/><W7/><G85/><T65/><D65/><N who="1" m="41127" /><E134/><V84/><F22/><W76/><G82/><T45/><D45/><N who="1" m="25903" /><E98/><V12/><F12/><W70/><G76/><T93/><D93/><U64/><E64/><AGARI ba="0,1" hai="16,19,21,24,29,54,58,59,61,63,64,84,88,95" machi="64" ten="30,12000,1" yaku="7,1,8,1,52,1,54,2" doraHai="87" who="2" fromWho="1" sc="170,0,411,-120,193,130,216,0" /><INIT seed="2,1,0,0,0,90" ten="170,291,323,216" oya="2" hai0="126,69,46,5,8,88,2,34,94,15,125,16,19" hai1="29,10,33,122,27,77,105,109,129,84,119,48,40" hai2="100,108,57,7,78,104,35,92,63,71,133,85,13" hai3="87,53,74,114,82,61,1,18,113,95,64,65,66"/><V44/><F35/><W97/><G1/><T91/><D69/><U131/><E119/><V123/><F123/><W4/><G4/><T107/><D107/><U36/><E105/><V23/><F133/><W42/><G42/><T106/><D106/><U62/><E109/><V6/><F108/><W101/><G74/><T127/><D34/><U72/><E122/><V47/><F71/><W26/><G53/><T111/><D111/><U45/><E72/><V56/><F78/><W49/><G49/><T3/><D91/><U21/><E62/><V58/><F63/><W93/><G61/><T20/><D46/><N who="2" m="17450" /><F85/><W130/><G130/><N who="1" m="49674" /><E10/><N who="2" m="4311" /><F7/><W99/><G18/><N who="0" m="10335" /><D2/><U115/><E115/><N who="3" m="44042" /><G26/><T117/><D117/><U135/><E135/><V68/><F68/><W50/><G50/><T134/><D134/><U28/><E36/><V52/><F23/><W17/><G17/><T32/><D32/><U96/><E33/><V41/><F41/><W128/><G128/><T54/><D54/><U0/><E0/><V14/><F14/><W76/><G66/><T11/><D11/><U75/><E75/><V12/><F12/><W86/><G86/><AGARI ba="1,0" hai="3,5,8,16,19,86,88,94,125,126,127" m="10335" machi="86" ten="30,7700,0" yaku="18,1,52,1,54,2" doraHai="90" who="0" fromWho="3" sc="170,80,291,0,323,0,216,-80" /><INIT seed="3,0,0,2,1,109" ten="250,291,323,136" oya="3" hai0="57,69,85,119,64,19,115,101,78,81,24,50,80" hai1="130,86,126,65,96,117,113,89,71,4,76,13,122" hai2="52,63,100,48,61,92,97,54,88,0,18,56,1" hai3="55,123,3,28,106,2,74,12,68,35,128,39,95"/><W9/><G123/><T42/><D119/><U84/><E122/><V111/><F111/><W83/><G106/><T58/><D69/><U108/><E108/><V103/><F103/><W116/><G116/><T98/><D115/><U118/><E71/><V37/><F37/><W77/><G68/><T44/><D64/><U15/><E65/><V90/><F90/><W5/><G128/><T53/><D81/><U125/><E89/><V82/><F18/><W73/><G39/><T47/><D19/><U23/><E23/><V33/><F33/><W36/><G36/><T62/><D24/><U38/><E38/><V43/><F43/><W70/><G70/><T72/><D72/><U129/><E96/><V31/><F31/><W8/><G74/><T40/><D47/><U25/><E25/><V79/><F100/><W94/><G3/><T104/><D57/><U11/><E11/><V27/><F27/><W99/><G55/><T110/><D110/><U87/><E87/><V131/><F131/><W133/><G133/><T67/><AGARI ba="0,0" hai="40,42,44,50,53,58,62,67,78,80,85,98,101,104" machi="67" ten="20,1500,0" yaku="0,1,7,1" doraHai="109" who="0" fromWho="0" sc="250,15,291,-4,323,-4,136,-7" /><INIT seed="4,0,0,3,5,10" ten="265,287,319,129" oya="0" hai0="21,0,49,31,27,121,96,16,30,50,86,112,14" hai1="6,89,57,54,25,106,74,29,95,110,81,82,23" hai2="113,87,41,7,36,3,98,42,132,76,17,75,19" hai3="37,107,134,20,109,28,108,70,12,133,24,85,53"/><T33/><D121/><U8/><E110/><N who="3" m="42602" /><G53/><T22/><D112/><U46/><E106/><V93/><F87/><W94/><G37/><T79/><D0/><U68/><E68/><V120/><F42/><W55/><G55/><T67/><D67/><U97/><E74/><V11/><F113/><W56/><G56/><T125/><D125/><U63/><REACH who="1" step="1"/><E46/><REACH who="1" ten="265,277,319,129" step="2"/><N who="2" m="23847" /><F120/><W90/><G70/><T34/><D34/><U65/><E65/><V69/><F69/><W135/><G107/><T126/><D126/><U51/><E51/><N who="0" m="19465" /><D33/><U105/><E105/><V18/><F75/><W80/><G80/><N who="0" m="47391" /><D96/><U130/><E130/><V40/><F98/><W13/><AGARI ba="0,1" hai="12,13,20,24,28,85,90,94,133,134,135" m="42602" machi="13" ten="40,5200,0" yaku="20,1,52,2" doraHai="10" who="3" fromWho="3" sc="265,-26,277,-13,319,-13,129,62" /><INIT seed="5,0,0,0,4,122" ten="239,264,306,191" oya="1" hai0="127,67,116,53,118,41,93,28,129,19,131,81,102" hai1="107,82,106,34,124,48,63,134,97,86,76,50,11" hai2="79,54,89,52,44,73,64,114,66,62,9,111,17" hai3="94,40,32,105,72,15,112,123,130,10,132,80,23"/><U101/><E134/><V42/><F111/><W77/><G123/><T26/><D41/><U70/><E124/><V58/><F114/><W121/><G121/><T109/><D67/><U125/><E125/><V117/><F117/><W8/><G32/><T12/><D81/><U14/><E34/><V25/><F73/><W35/><G35/><N who="0" m="20887" /><D53/><U59/><E107/><V91/><F79/><W135/><G105/><T45/><D45/><U29/><E29/><V21/><F9/><W27/><G112/><T43/><D43/><U38/><E70/><V92/><F66/><W104/><G104/><T31/><D127/><U115/><E38/><V83/><F83/><W126/><G126/><T30/><D93/><U2/><E2/><V87/><REACH who="2" step="1"/><F91/><REACH who="2" ten="239,264,296,191" step="2"/><W90/><G90/><T108/><D102/><U133/><E115/><V60/><F60/><W16/><G135/><T0/><D0/><U103/><E103/><V119/><F119/><N who="0" m="45610" /><D31/><U18/><REACH who="1" step="1"/><E133/><REACH who="1" ten="239,254,296,191" step="2"/><V74/><F74/><W22/><G72/><T1/><D30/><U46/><E46/><V78/><F78/><W6/><G77/><T7/><D1/><U47/><E47/><V33/><F33/><W98/><G132/><T85/><D85/><U4/><E4/><V120/><F120/><W128/><G6/><T61/><D7/><U84/><E84/><V71/><F71/><W3/><G3/><T88/><D88/><U99/><E99/><V110/><F110/><N who="0" m="42602" /><D61/><U56/><E56/><V75/><F75/><W39/><G98/><T96/><D96/><U24/><E24/><V69/><F69/><W95/><G27/><RYUUKYOKU ba="0,2" sc="239,10,254,10,296,10,191,-30" hai0="12,19,129,131" hai1="11,14,18,48,50,59,63,76,82,86,97,101,106" hai2="17,21,25,42,44,52,54,58,62,64,87,89,92" /><INIT seed="5,1,2,2,3,128" ten="249,264,306,161" oya="1" hai0="115,111,33,94,16,6,103,98,56,85,0,71,120" hai1="117,10,134,69,83,108,20,28,87,107,2,90,26" hai2="75,114,105,97,88,61,18,72,36,131,49,99,74" hai3="135,104,132,3,35,44,40,96,89,45,66,58,1"/><U73/><E117/><V23/><F36/><W130/><G35/><T5/><D33/><U46/><E108/><V63/><F105/><W92/><G104/><T43/><D71/><U110/><E110/><V95/><F131/><W123/><G123/><T129/><D111/><U7/><E107/><V84/><F114/><W113/><G113/><T79/><D115/><U37/><E69/><V77/><F49/><W118/><G130/><T53/><D43/><U12/><E73/><V86/><F86/><W101/><G101/><T60/><D0/><U116/><E116/><V122/><F122/><W48/><G118/><T65/><D65/><U59/><E59/><V41/><F41/><W32/><G32/><T62/><D62/><U81/><E81/><V8/><F8/><W51/><G58/><T54/><D54/><U57/><E57/><V55/><F55/><N who="3" m="30087" /><G66/><T82/><D129/><U50/><E37/><V68/><F68/><W112/><G112/><T125/><D125/><U119/><E119/><V39/><F39/><W14/><G14/><T21/><D120/><U38/><E38/><V27/><REACH who="2" step="1"/><F77/><REACH who="2" ten="249,264,296,161" step="2"/><W133/><AGARI ba="1,3" hai="1,3,40,45,51,89,92,96,132,133,135" m="30087" machi="133" ten="30,7900,0" yaku="20,1,52,3" doraHai="128" who="3" fromWho="3" sc="249,-21,264,-40,296,-21,161,112" /><INIT seed="6,0,0,1,2,125" ten="228,224,275,273" oya="2" hai0="72,100,111,91,135,19,69,5,113,17,85,73,61" hai1="117,127,27,23,120,77,98,105,68,101,54,35,30" hai2="74,7,47,116,39,126,88,2,131,8,123,59,4" hai3="13,122,48,16,93,24,110,65,9,106,40,46,78"/><V90/><F116/><W29/><G110/><T86/><D111/><U114/><E117/><V103/><F123/><W53/><G106/><T63/><D113/><U96/><E114/><V33/><F126/><W81/><G122/><T115/><D115/><U108/><E108/><V58/><F33/><W14/><G93/><T18/><D5/><U37/><E127/><V83/><F103/><W57/><G14/><T121/><D100/><U31/><E120/><V134/><F4/><W82/><G65/><T97/><D121/><U50/><E37/><V60/><F58/><W84/><G82/><T80/><D69/><U12/><E96/><V66/><F134/><W49/><G24/><T41/><D41/><U36/><E36/><V132/><F132/><W21/><REACH who="3" step="1"/><G29/><REACH who="3" ten="228,224,275,263" step="2"/><T71/><D135/><U95/><E105/><V62/><F83/><W99/><G99/><T55/><D97/><U51/><E31/><V119/><F66/><W26/><G26/><T11/><D80/><U15/><E68/><V43/><F119/><W118/><G118/><T102/><D71/><U104/><E104/><V87/><F74/><W124/><G124/><T112/><D73/><U38/><E12/><V6/><F87/><W44/><G44/><T92/><D72/><U76/><E15/><V22/><F47/><W3/><G3/><T45/><D85/><U25/><E25/><V28/><F28/><W32/><G32/><T1/><D112/><U133/><E35/><V70/><F2/><W75/><G75/><T56/><D45/><N who="1" m="27983" /><E133/><V94/><F70/><W130/><G130/><T34/><D34/><RYUUKYOKU ba="0,1" sc="228,-10,224,-10,275,-10,263,30" hai3="9,13,16,21,40,46,48,49,53,57,78,81,84" /><INIT seed="7,1,1,4,0,24" ten="218,214,265,293" oya="3" hai0="34,70,15,120,59,33,87,5,97,25,113,49,100" hai1="47,73,40,39,68,65,60,16,51,48,61,31,110" hai2="116,56,91,8,124,37,96,74,38,58,131,69,26" hai3="4,52,12,101,109,27,81,86,77,117,129,23,88"/><W75/><G117/><T90/><D70/><U41/><E73/><V133/><F74/><W76/><G129/><T108/><D120/><U64/><E31/><V82/><F8/><N who="3" m="4103" /><G75/><T2/><D2/><U104/><E104/><V45/><F82/><W53/><G101/><T84/><D108/><U36/><E16/><V72/><F91/><W92/><G109/><T126/><D126/><U17/><E17/><V62/><F96/><N who="3" m="57351" /><G76/><T94/><D113/><U112/><E110/><V111/><F38/><N who="1" m="14377" /><E112/><V79/><F72/><W1/><G1/><T63/><D34/><U123/><E123/><V20/><F79/><W57/><G57/><T6/><D33/><U55/><E51/><V71/><F37/><W78/><G78/><T105/><D49/><U134/><E134/><V46/><F111/><W66/><G66/><T35/><D15/><U18/><E18/><AGARI ba="1,1" hai="18,23,27,52,53,77,81,86" m="57351,4103" machi="18" ten="30,5800,0" yaku="8,1,54,2" doraHai="24" who="3" fromWho="1" sc="218,0,214,-61,265,0,293,71" owari="218,-18.0,153,-35.0,265,7.0,364,46.0" /></mjloggm>