<mjloggm ver="2.3"><GO type="169" lobby="0"/><UN n0="%E5%A4%A7%E8%B3%A2%E8%89%AF%E5%B8%AB" n1="%E6%9C%A8%E6%A8%B9" n2="%E3%83%9D%E3%83%B3%E3%83%89%E3%83%AB" n3="%E3%83%AB%E3%83%AB%E5%8F%82%E4%B8%8A" dan="16,16,16,17" rate="2063.52,2138.84,2050.27,2174.69" sx="M,M,M,F"/><TAIKYOKU oya="0"/><INIT seed="0,0,0,1,3,98" ten="250,250,250,250" oya="0" hai0="102,110,3,8,84,37,16,94,70,116,20,9,120" hai1="22,25,17,2,34,67,121,39,52,46,93,10,63" hai2="19,57,1,115,107,130,55,123,97,71,32,122,6" hai3="56,109,35,48,7,118,135,74,99,14,126,30,42"/><T38/><D120/><U83/><E121/><V24/><F115/><W69/><G69/><T36/><D116/><U106/><E106/><V85/><F71/><W45/><G118/><T33/><D33/><U92/><E83/><V80/><F1/><W117/><G74/><T86/><D70/><U21/><E34/><V40/><F40/><W119/><G109/><T73/><D73/><U44/><E67/><V124/><F6/><W23/><G35/><T31/><D31/><U105/><E105/><V54/><F130/><W95/><G135/><T77/><D110/><U89/><E39/><V112/><F112/><W28/><G126/><T128/><D128/><U59/><E92/><V11/><F32/><W12/><G7/><T41/><D41/><U64/><E64/><V108/><F108/><W53/><G119/><T82/><D3/><U100/><E2/><V26/><F124/><W47/><G47/><T133/><D133/><U72/><E72/><V79/><F54/><W60/><G117/><T68/><D68/><U91/><E10/><V61/><F26/><N who="3" m="16479" /><G30/><T27/><REACH who="0" step="1"/><D86/><REACH who="0" ten="240,250,250,250" step="2"/><U15/><E44/><V104/><F123/><W49/><G60/><T4/><D4/><U18/><E46/><V131/><F122/><W75/><G75/><T65/><D65/><U5/><E5/><V62/><F131/><W78/><G42/><T13/><D13/><U0/><E0/><V76/><F62/><W134/><G134/><T96/><AGARI ba="0,1" hai="8,9,16,20,27,36,37,38,77,82,84,94,96,102" machi="96" ten="40,12000,1" yaku="1,1,0,1,52,1,54,1,53,0" doraHai="98" doraHaiUra="125" who="0" fromWho="0" sc="240,130,250,-40,250,-40,250,-40" /><INIT seed="0,1,0,2,5,105" ten="370,210,210,210" oya="0" hai0="73,75,38,100,30,112,96,123,102,28,0,59,23" hai1="92,97,101,35,42,34,10,41,132,9,86,43,26" hai2="15,87,119,127,3,109,31,44,133,68,108,12,110" hai3="106,95,99,25,79,114,33,118,107,129,16,62,5"/><T71/><D123/><U58/><E132/><V126/><F68/><W124/><G114/><T116/><D112/><U36/><E36/><V40/><F133/><W66/><G118/><T83/><D71/><U90/><E58/><V85/><F3/><W78/><G5/><T13/><D116/><U111/><E111/><V70/><F31/><W91/><G129/><T122/><D122/><U47/><E47/><V64/><F64/><W115/><G33/><T52/><D0/><U48/><E48/><N who="2" m="26631" /><F70/><W22/><G124/><N who="2" m="47657" /><F119/><W93/><G115/><T55/><D38/><U82/><REACH who="1" step="1"/><E26/><REACH who="1" ten="370,200,210,210" step="2"/><V50/><F50/><W88/><G107/><T24/><D59/><U67/><E67/><V2/><F2/><W80/><G106/><T135/><D135/><U54/><E54/><V32/><F32/><AGARI ba="1,1" hai="9,10,32,34,35,41,42,43,82,86,90,92,97,101" machi="32" ten="40,1300,0" yaku="1,1,53,0" doraHai="105" doraHaiUra="72" who="1" fromWho="2" sc="370,0,200,26,210,-16,210,0" /><INIT seed="1,0,0,3,2,43" ten="370,226,194,210" oya="1" hai0="13,5,42,128,29,100,108,115,101,3,76,2,71" hai1="38,66,67,114,56,104,31,27,14,74,64,107,63" hai2="37,97,45,79,133,85,81,120,75,90,16,89,123" hai3="116,122,110,117,113,26,52,11,60,103,82,78,8"/><U41/><E74/><V15/><F133/><W109/><G122/><T86/><D115/><U4/><E114/><V0/><F0/><W106/><G113/><T62/><D108/><N who="3" m="41577" /><G26/><T25/><D128/><U44/><E4/><V18/><F97/><N who="3" m="61807" /><G11/><T131/><D131/><U105/><REACH who="1" step="1"/><E14/><REACH who="1" ten="370,216,194,210" step="2"/><V1/><F1/><W19/><G116/><T72/><D13/><U48/><E48/><V59/><F15/><W33/><G117/><T111/><D5/><U124/><E124/><V70/><F123/><W49/><G49/><T77/><D3/><U95/><E95/><V22/><F120/><W88/><G82/><T84/><D2/><U53/><E53/><V51/><F81/><W55/><G52/><T94/><D72/><U99/><E99/><V21/><F51/><W69/><G55/><T80/><D94/><U98/><E98/><V30/><F75/><W17/><G60/><T135/><D62/><U20/><AGARI ba="0,1" hai="20,27,31,38,41,44,56,63,64,66,67,104,105,107" machi="20" ten="30,11700,0" yaku="1,1,0,1,52,1,53,1" doraHai="43" doraHaiUra="54" who="1" fromWho="1" sc="370,-39,216,127,194,-39,210,-39" /><INIT seed="1,1,0,5,3,128" ten="331,343,155,171" oya="1" hai0="74,36,72,83,92,39,100,10,126,21,124,57,105" hai1="97,1,70,31,25,118,5,17,127,98,13,12,38" hai2="112,125,94,26,64,71,29,4,119,106,2,20,66" hai3="35,55,76,9,60,129,37,40,14,44,16,30,73"/><U102/><E38/><N who="0" m="14377" /><D105/><U68/><E118/><V85/><F106/><W90/><G129/><T91/><D57/><U133/><E127/><N who="0" m="48681" /><D100/><U22/><E98/><V0/><F125/><W53/><G73/><T42/><D42/><U63/><E12/><V3/><F119/><W61/><G76/><T122/><D122/><U46/><E46/><V8/><F112/><W130/><G130/><T123/><D123/><U108/><E108/><V115/><F115/><W132/><G90/><T32/><D32/><U33/><E63/><V77/><F71/><W111/><G111/><T131/><D131/><U84/><E84/><V19/><F77/><W81/><G60/><T104/><D104/><N who="1" m="63567" /><E133/><V34/><F85/><W75/><G132/><T116/><D116/><U103/><E103/><V89/><F89/><W65/><G75/><T67/><D67/><U79/><E79/><V27/><REACH who="2" step="1"/><F94/><REACH who="2" ten="331,343,145,171" step="2"/><W23/><G81/><T96/><D83/><U56/><E70/><V109/><F109/><W11/><G35/><T43/><D74/><U58/><E68/><V87/><F87/><W59/><G30/><T117/><D72/><U69/><E69/><V49/><F49/><W101/><G101/><T6/><D117/><U99/><E99/><V41/><F41/><W114/><G114/><T15/><D43/><U52/><E33/><V54/><F54/><W47/><G53/><T48/><D48/><U86/><E52/><V51/><F51/><N who="3" m="29183" /><G37/><T121/><D121/><U28/><E86/><V120/><F120/><W45/><G40/><T82/><D82/><U110/><E110/><V93/><F93/><RYUUKYOKU ba="1,1" sc="331,10,343,-30,145,10,171,10" hai0="6,10,15,21,91,92,96" hai2="0,2,3,4,8,19,20,26,27,29,34,64,66" hai3="9,11,14,16,23,44,45,59,61,65" /><INIT seed="2,2,1,1,5,71" ten="341,313,155,181" oya="2" hai0="102,54,133,91,109,125,114,74,92,35,9,86,49" hai1="124,67,1,62,23,112,127,134,101,38,2,0,83" hai2="115,21,59,29,16,10,122,120,104,126,81,84,20" hai3="6,96,7,44,69,121,61,78,65,93,27,73,50"/><V106/><F115/><W56/><G121/><T45/><D74/><U129/><E112/><V88/><F126/><N who="1" m="48169" /><E101/><V90/><F10/><W117/><G117/><T77/><D35/><U37/><E134/><V47/><F29/><W41/><G73/><T51/><D133/><U55/><E55/><V89/><F21/><W135/><G78/><T94/><D114/><U116/><E129/><V119/><F47/><W60/><G135/><T132/><D125/><U31/><E116/><V57/><F119/><W36/><G27/><T76/><D132/><U105/><E105/><V46/><F46/><W100/><REACH who="3" step="1"/><G50/><REACH who="3" ten="341,313,155,171" step="2"/><T15/><D51/><U40/><E40/><V3/><F122/><W75/><G75/><T118/><D118/><U53/><E53/><AGARI ba="2,2" hai="6,7,36,41,44,53,56,60,61,65,69,93,96,100" machi="53" ten="30,7700,0" yaku="1,1,7,1,52,1,53,1" doraHai="71" doraHaiUra="98" who="3" fromWho="1" sc="341,0,313,-83,155,0,171,103" /><INIT seed="3,0,0,1,4,119" ten="341,230,155,274" oya="3" hai0="56,0,110,111,78,59,41,26,116,66,47,100,4" hai1="130,85,72,19,124,9,11,31,86,2,62,5,101" hai2="90,36,32,126,92,40,52,27,91,127,20,128,37" hai3="76,123,88,55,48,107,24,42,99,29,63,46,25"/><W67/><G76/><T6/><D116/><U21/><E72/><V44/><F32/><W89/><G123/><T28/><D100/><U60/><E101/><V57/><F37/><W84/><G107/><T114/><D114/><U33/><E130/><V23/><F23/><W1/><G1/><T131/><D131/><U80/><E9/><V71/><F71/><W97/><G42/><T73/><D78/><U96/><E96/><V49/><F128/><W81/><G89/><T103/><D103/><U17/><E17/><V94/><F90/><W58/><REACH who="3" step="1"/><G24/><REACH who="3" ten="341,230,155,264" step="2"/><T104/><D104/><U132/><E2/><V16/><REACH who="2" step="1"/><F94/><REACH who="2" ten="341,230,145,264" step="2"/><W117/><G117/><T70/><D111/><U121/><E80/><V102/><F102/><W115/><G115/><T69/><D110/><U75/><E33/><AGARI ba="0,2" hai="25,29,33,46,48,55,58,63,67,81,84,88,97,99" machi="33" ten="30,5800,0" yaku="1,1,7,1,54,1,53,0" doraHai="119" doraHaiUra="125" who="3" fromWho="1" sc="341,0,230,-58,145,0,264,78" /><INIT seed="3,1,0,2,0,59" ten="341,172,145,342" oya="3" hai0="58,0,20,96,99,98,73,11,90,135,122,79,102" hai1="119,118,32,40,97,63,128,103,25,27,49,1,92" hai2="114,101,28,34,68,35,61,120,86,37,50,51,100" hai3="10,21,17,74,131,19,107,54,127,93,42,12,47"/><W125/><G107/><T46/><D122/><U48/><E1/><V66/><F37/><W57/><G74/><T89/><D135/><U105/><E128/><V124/><F120/><W130/><G93/><T13/><D0/><U53/><E105/><V14/><F114/><W76/><G76/><T8/><D102/><U87/><E87/><V113/><F113/><W71/><G71/><T16/><D79/><U22/><E32/><V133/><F133/><W134/><G134/><T23/><D73/><U82/><E82/><V62/><F124/><N who="3" m="47691" /><G47/><T126/><D126/><U2/><E2/><V81/><F34/><W55/><G42/><T44/><D58/><N who="1" m="35279" /><E40/><V60/><F66/><W123/><G123/><T132/><D132/><U39/><E39/><V24/><F14/><N who="3" m="9463" /><G54/><T83/><D83/><U41/><E41/><V94/><F68/><W15/><G12/><T36/><D36/><U115/><E115/><V116/><F116/><N who="1" m="44585" /><E27/><V77/><REACH who="2" step="1"/><F94/><REACH who="2" ten="341,172,135,342" step="2"/><W78/><G78/><T104/><D13/><U108/><E108/><V31/><F31/><AGARI ba="1,1" hai="22,25,31,48,49,92,97,103" m="44585,35279" machi="31" ten="30,2000,0" yaku="12,1,52,1" doraHai="59" who="1" fromWho="2" sc="341,0,172,33,135,-23,342,0" /><INIT seed="4,0,0,0,0,67" ten="341,205,112,342" oya="0" hai0="106,31,121,133,83,14,84,116,9,32,36,89,93" hai1="0,57,82,30,66,39,52,73,2,87,59,75,61" hai2="47,1,64,33,16,49,37,25,71,17,102,58,77" hai3="109,100,45,10,56,90,130,120,18,78,94,122,20"/><T118/><D106/><U107/><E107/><V101/><F1/><W99/><G109/><T69/><D121/><N who="3" m="46697" /><G130/><T35/><D36/><U15/><E39/><V51/><F77/><W65/><G78/><T108/><D108/><U132/><E132/><V60/><F33/><W21/><G45/><T112/><D133/><U43/><E43/><V119/><F119/><W41/><G41/><T128/><D128/><U28/><E0/><V74/><F74/><W135/><G135/><T40/><D112/><U126/><E2/><V5/><F5/><W103/><G10/><T85/><D40/><U104/><E104/><V91/><F91/><W113/><G21/><T34/><D31/><U11/><E73/><V97/><F37/><W42/><G42/><T72/><D72/><U114/><E75/><V81/><F81/><W131/><G113/><T55/><D55/><U29/><E126/><V19/><F25/><N who="3" m="14487" /><G131/><T123/><D123/><U129/><E129/><V44/><F47/><W98/><G98/><T110/><D110/><U134/><E114/><V23/><F23/><W86/><G99/><T8/><D8/><U13/><E11/><V79/><F79/><W96/><G96/><T88/><REACH who="0" step="1"/><D69/><REACH who="0" ten="331,205,112,342" step="2"/><U53/><E134/><V4/><F71/><W48/><G65/><T125/><D125/><U127/><E127/><V50/><F102/><W27/><G103/><T46/><D46/><U124/><E124/><V80/><F101/><W70/><G100/><T24/><D24/><U105/><E105/><V76/><F44/><W111/><G27/><T62/><D62/><N who="1" m="36143" /><E66/><V12/><F64/><RYUUKYOKU ba="0,1" sc="331,15,205,15,112,-15,342,-15" hai0="9,14,32,34,35,83,84,85,88,89,93,116,118" hai1="13,15,28,29,30,52,59,61,82,87" /><INIT seed="4,1,1,3,4,2" ten="346,220,97,327" oya="0" hai0="5,21,69,4,108,109,102,60,131,13,14,36,34" hai1="57,73,10,31,26,32,128,103,97,12,80,74,40" hai2="112,29,56,114,96,11,86,89,22,99,117,27,127" hai3="123,16,20,85,3,6,90,38,15,98,113,45,91"/><T83/><D34/><U118/><E118/><V111/><F111/><N who="0" m="42570" /><D36/><U81/><E40/><V122/><F122/><W77/><G113/><N who="2" m="43625" /><F117/><W49/><G38/><T62/><D131/><U87/><E80/><N who="2" m="49351" /><F127/><W125/><G125/><T71/><D102/><U78/><E57/><V79/><F79/><W25/><G3/><T68/><D83/><U67/><E67/><V82/><F82/><N who="3" m="47311" /><G98/><N who="2" m="37417" /><F56/><W48/><G123/><T17/><D14/><U134/><E128/><V104/><F11/><N who="3" m="4599" /><G48/><T115/><D115/><U120/><E120/><V51/><F51/><W65/><G65/><T92/><D92/><U132/><E32/><V52/><F104/><W55/><AGARI ba="1,1" hai="16,20,25,45,49,55,90,91" m="4599,47311" machi="55" ten="30,4000,0" yaku="8,1,52,1,54,1" doraHai="2" who="3" fromWho="3" sc="346,-21,220,-11,97,-11,327,53" /><INIT seed="5,0,0,1,1,131" ten="325,209,86,380" oya="1" hai0="57,75,44,4,101,31,51,32,41,66,34,121,124" hai1="5,123,14,3,0,91,20,114,98,120,90,13,84" hai2="104,64,93,130,80,103,54,117,9,35,108,69,48" hai3="118,115,53,18,87,59,1,46,122,10,25,127,132"/><U50/><E114/><V38/><F104/><W109/><G122/><T6/><D121/><U111/><E98/><V55/><F35/><W72/><G72/><T67/><D75/><U129/><E129/><V85/><F38/><W30/><G109/><T58/><D124/><U78/><E20/><V40/><F108/><W29/><G115/><T92/><D101/><U94/><E111/><V74/><F74/><W106/><G106/><T86/><D92/><U70/><E78/><V81/><F130/><W27/><G46/><T102/><D102/><U11/><E70/><V12/><F69/><W17/><G87/><T39/><D86/><U135/><E3/><V82/><F64/><W99/><G99/><T119/><D119/><U61/><E61/><V26/><F26/><N who="3" m="9739" /><G59/><N who="0" m="22539" /><D39/><U52/><E91/><N who="2" m="53487" /><F103/><W95/><G53/><N who="2" m="19977" /><F117/><W16/><G95/><T36/><D36/><U113/><E113/><V77/><F77/><W15/><G118/><T49/><D34/><U62/><E62/><V125/><F125/><W96/><G96/><T83/><D83/><N who="2" m="21250" /><V105/><DORA hai="22" /><F105/><W112/><G112/><T97/><D97/><U89/><E89/><V100/><F100/><W63/><G63/><T134/><D67/><U128/><E128/><V21/><F40/><W107/><G107/><T133/><D66/><U33/><E33/><V24/><F48/><W68/><G68/><T65/><D51/><U45/><E120/><V60/><F60/><W126/><G1/><T71/><D65/><U73/><E123/><V88/><F88/><W19/><G126/><T47/><D71/><U43/><E73/><RYUUKYOKU ba="0,0" sc="325,0,209,0,86,0,380,0" /><INIT seed="6,1,0,0,0,72" ten="325,209,86,380" oya="2" hai0="92,39,89,54,94,91,115,128,40,111,56,113,7" hai1="129,55,84,52,79,8,67,133,117,107,47,126,121" hai2="70,53,100,11,73,9,101,88,75,24,1,95,10" hai3="122,57,77,15,116,108,74,87,35,23,99,3,131"/><V134/><F70/><W124/><G35/><T21/><D111/><U18/><E107/><V104/><F1/><W64/><G3/><T43/><D128/><U17/><E67/><V22/><F134/><W33/><G33/><T50/><D7/><U103/><E117/><V78/><F104/><W68/><G68/><T76/><D21/><U34/><E34/><V110/><F73/><W42/><G74/><T41/><D39/><U62/><E103/><V6/><F6/><W51/><G108/><T20/><D20/><U135/><E129/><V65/><F65/><W49/><G122/><T93/><REACH who="0" step="1"/><D76/><REACH who="0" ten="315,209,86,380" step="2"/><U96/><E79/><V13/><F110/><W60/><G23/><T61/><D61/><U14/><E62/><V25/><F78/><W27/><G77/><T29/><D29/><U81/><E8/><N who="2" m="3179" /><F75/><W127/><G131/><T69/><D69/><U85/><E121/><V82/><F82/><W45/><G116/><T125/><D125/><U71/><E126/><V12/><N who="2" m="3187" /><V36/><DORA hai="86" /><F36/><W26/><G124/><T2/><D2/><U132/><E81/><V44/><F22/><W105/><G127/><T38/><D38/><U46/><E71/><V5/><F5/><W28/><G28/><T123/><D123/><U120/><E120/><V48/><F12/><W58/><G15/><T112/><AGARI ba="1,1" hai="40,41,43,50,54,56,89,91,92,93,94,112,113,115" machi="112" ten="40,16000,3" yaku="1,1,0,1,29,2,15,1,52,2,53,3" doraHai="72,86" doraHaiUra="19,90" who="0" fromWho="0" sc="315,173,209,-41,86,-81,380,-41" /><INIT seed="7,0,0,4,0,62" ten="488,168,5,339" oya="3" hai0="17,39,64,131,125,75,94,67,110,122,118,92,3" hai1="5,88,57,115,12,89,25,52,24,56,93,49,105" hai2="35,74,95,82,96,79,91,113,123,16,100,108,97" hai3="58,126,134,47,55,44,27,71,38,103,101,33,50"/><W73/><G73/><T34/><RYUUKYOKU type="yao9" ba="0,0" sc="488,0,168,0,5,0,339,0" hai0="3,17,34,39,64,67,75,92,94,110,118,122,125,131" /><INIT seed="7,1,0,3,2,85" ten="488,168,5,339" oya="3" hai0="99,56,125,87,88,50,111,106,114,118,19,86,113" hai1="82,132,110,12,52,25,134,127,107,126,38,120,46" hai2="130,70,91,43,7,63,29,27,8,0,49,34,6" hai3="24,20,128,35,51,16,45,33,129,116,31,53,55"/><W133/><G116/><T89/><D118/><U77/><E107/><V90/><F49/><W58/><G133/><T21/><D111/><U67/><E67/><V100/><F43/><W68/><G68/><T97/><D125/><U57/><E12/><V74/><F74/><W135/><G135/><N who="1" m="51754" /><E25/><V78/><F78/><W48/><REACH who="3" step="1"/><G31/><REACH who="3" ten="488,168,5,329" step="2"/><T101/><D114/><U121/><E110/><V76/><F130/><AGARI ba="1,1" hai="16,20,24,33,35,45,48,51,53,55,58,128,129,130" machi="130" ten="40,12000,1" yaku="1,1,2,1,19,1,54,1,53,0" doraHai="85" doraHaiUra="94" who="3" fromWho="2" sc="488,0,168,0,5,-123,329,133" owari="488,59.0,168,-23.0,-118,-62.0,462,26.0" /></mjloggm>