<mjloggm ver="2.3"><GO type="185" lobby="0"/><UN n0="%72%61%74%65%72%61%74%65" n1="%E8%99%B9%E9%87%8E%E3%82%86%E3%82%81" n2="%E3%81%82%E3%81%9F%E3%82%89%E3%81%AA%E3%81%84%E3%81%A7%EF%BC%81" n3="" dan="17,16,17,0" rate="2231.17,2155.10,2202.02,1500.00" sx="M,F,M,C"/><TAIKYOKU oya="0"/><INIT seed="0,0,0,4,3,70" ten="350,350,350,0" oya="0" hai0="51,48,52,97,89,50,101,57,119,102,98,74,64" hai1="118,86,130,85,127,32,123,77,110,79,68,41,112" hai2="75,63,124,91,135,90,56,117,60,108,105,3,92" hai3=""/><T71/><D119/><U54/><N who="1" m="31520" /><U106/><E118/><V104/><F117/><T42/><D74/><U116/><E32/><V103/><F75/><T0/><D0/><U35/><E35/><V37/><F108/><T58/><D71/><U67/><E110/><V65/><F124/><T34/><D34/><U96/><E41/><V82/><F135/><T114/><D114/><U33/><E33/><V111/><F111/><T46/><D89/><U55/><E116/><V100/><F3/><T40/><D64/><U126/><E130/><V62/><F37/><T88/><D88/><U94/><E68/><V61/><F104/><T125/><D125/><U109/><E106/><V66/><F105/><T128/><D128/><U87/><E67/><V107/><F107/><T38/><D42/><U73/><E73/><V72/><F72/><T133/><D133/><U81/><E112/><V53/><F66/><T45/><D45/><U115/><E115/><V78/><F65/><T129/><D129/><U113/><E113/><V134/><F134/><T2/><D2/><U36/><E109/><V99/><F78/><T76/><D76/><U39/><E79/><V84/><AGARI ba="0,0" hai="53,56,60,61,62,63,82,84,90,91,92,99,100,103" machi="84" ten="30,1500,0" yaku="0,1,8,1" doraHai="70" who="2" fromWho="2" sc="350,-10,350,-5,350,15,0,0" /><INIT seed="1,0,0,1,3,112" ten="340,345,365,0" oya="1" hai0="116,82,130,114,33,121,94,72,2,41,127,91,47" hai1="100,75,89,119,103,38,95,39,0,84,131,44,62" hai2="126,122,71,86,70,53,124,64,109,35,132,92,61" hai3=""/><U81/><E0/><V69/><N who="2" m="31264" /><V135/><F35/><T115/><N who="0" m="31008" /><T101/><D33/><U36/><E131/><V51/><F92/><T108/><D2/><U73/><E119/><V43/><F43/><T106/><D108/><U57/><E44/><V46/><F86/><T111/><D130/><U129/><E129/><V32/><F109/><T105/><D111/><U113/><E113/><V133/><REACH who="2" step="1"/><F32/><REACH who="2" ten="340,345,355,0" step="2"/><T67/><D94/><U45/><E95/><V125/><AGARI ba="0,1" hai="46,51,53,61,64,69,70,71,124,125,126,132,133,135" m="31264" machi="125" ten="40,12000,3" yaku="1,1,2,1,0,1,18,1,20,1,34,3,52,1,53,0" doraHai="112" doraHaiUra="97" who="2" fromWho="2" sc="340,-40,345,-80,355,130,0,0" /><INIT seed="2,0,0,1,1,129" ten="300,265,485,0" oya="2" hai0="82,99,83,88,58,38,91,124,46,34,125,106,128" hai1="100,98,116,105,111,63,103,135,133,123,59,37,62" hai2="32,61,108,65,90,3,79,69,49,72,56,77,120" hai3=""/><V130/><N who="2" m="30752" /><V43/><F3/><T104/><D34/><U117/><N who="1" m="31520" /><U48/><E37/><V131/><F32/><T115/><D58/><U53/><E100/><V60/><F108/><T51/><D46/><U94/><E105/><N who="0" m="40553" /><D51/><U112/><E112/><V76/><F90/><N who="0" m="34346" /><D38/><U36/><E36/><V41/><F72/><T97/><D128/><N who="2" m="49194" /><F49/><T92/><D115/><U33/><E111/><V67/><AGARI ba="0,0" hai="41,43,56,60,61,65,67,69,76,77,79" m="49194,30752" machi="67" ten="40,2600,0" yaku="19,1,52,1" doraHai="129" who="2" fromWho="2" sc="300,-13,265,-13,485,26,0,0" /><INIT seed="2,1,0,2,0,99" ten="287,252,511,0" oya="2" hai0="38,36,132,98,127,92,63,103,124,37,88,80,85" hai1="45,52,94,110,56,2,100,117,104,39,54,55,68" hai2="65,131,42,60,102,83,118,112,122,61,53,116,89" hai3=""/><V96/><N who="2" m="31264" /><V0/><F0/><T3/><D3/><U32/><E2/><V114/><F131/><T72/><D132/><U48/><E32/><V123/><N who="2" m="31520" /><V119/><F42/><T97/><D97/><U87/><E110/><V59/><F89/><T84/><D84/><U46/><E68/><V81/><F112/><T71/><REACH who="0" step="1"/><D72/><REACH who="0" ten="277,252,511,0" step="2"/><U113/><E113/><V109/><F114/><T106/><D106/><U73/><E73/><V134/><F134/><T91/><D91/><U57/><E104/><V133/><F133/><T75/><D75/><U108/><E108/><V135/><F135/><T66/><AGARI ba="1,1" hai="36,37,38,63,66,71,80,85,88,92,98,103,124,127" machi="66" ten="40,6000,1" yaku="1,1,0,1,52,1,54,1,53,1" doraHai="99" doraHaiUra="93" who="0" fromWho="0" sc="277,72,252,-21,511,-41,0,0" /><INIT seed="4,0,0,0,1,100" ten="349,231,470,0" oya="0" hai0="74,48,33,38,0,71,127,84,44,82,116,124,54" hai1="50,126,129,53,112,32,128,61,131,72,107,86,41" hai2="76,60,78,85,43,135,101,75,89,103,35,59,67" hai3=""/><T81/><D116/><U94/><E32/><V3/><F3/><T120/><D33/><U47/><E126/><N who="0" m="48169" /><D0/><U96/><E72/><V106/><F35/><T52/><N who="0" m="30752" /><T111/><D111/><U68/><E112/><V46/><F135/><T110/><D110/><U77/><E107/><V64/><F64/><T70/><D38/><U115/><E115/><V99/><F75/><T62/><D74/><U39/><E77/><V91/><F91/><T51/><D62/><U88/><E86/><V108/><F103/><T123/><N who="0" m="31520" /><T69/><D84/><U45/><E61/><V114/><F114/><T80/><D80/><U79/><E129/><V40/><F108/><T58/><AGARI ba="0,0" hai="44,48,51,52,54,58,69,70,71,81,82" m="31520,30752,48169" machi="58" ten="40,8000,1" yaku="18,1,52,2,54,1" doraHai="100" who="0" fromWho="0" sc="349,80,231,-40,470,-40,0,0" /><INIT seed="4,1,0,4,0,49" ten="429,191,430,0" oya="0" hai0="64,121,80,91,81,118,56,82,131,117,35,108,105" hai1="127,106,71,122,62,72,83,42,128,96,36,52,124" hai2="68,87,66,58,132,37,51,92,76,116,98,130,93" hai3=""/><T41/><N who="0" m="31008" /><T65/><D35/><U126/><N who="1" m="31264" /><U99/><E128/><V2/><F2/><T33/><D33/><U135/><E135/><V57/><F37/><T77/><D131/><U133/><E133/><V59/><F132/><T102/><D77/><U1/><E1/><V55/><F130/><T0/><D0/><U95/><E106/><V84/><F116/><T90/><D108/><U45/><E71/><V125/><F125/><T134/><D134/><U39/><E39/><V103/><F66/><T69/><D41/><U100/><E99/><V85/><F68/><T75/><D75/><U32/><E32/><V47/><REACH who="2" step="1"/><F76/><REACH who="2" ten="429,191,420,0" step="2"/><T123/><N who="0" m="31520" /><T120/><N who="0" m="30752" /><T53/><D69/><U40/><E126/><V109/><F109/><T74/><D74/><U79/><REACH who="1" step="1"/><E42/><REACH who="1" ten="429,181,420,0" step="2"/><V112/><F112/><T89/><D117/><U50/><E50/><V34/><F34/><T86/><D118/><U97/><E97/><V3/><F3/><T43/><D43/><U48/><E48/><V129/><F129/><T88/><D86/><U119/><E119/><V60/><F60/><T94/><D81/><U70/><E70/><V73/><F73/><T38/><D82/><U46/><E46/><V107/><AGARI ba="1,2" hai="47,51,55,57,58,59,84,85,87,92,93,98,103,107" machi="107" ten="30,9000,2" yaku="1,1,5,1,0,1,52,1,53,3" doraHai="49" doraHaiUra="54" who="2" fromWho="2" sc="429,-61,181,-31,420,112,0,0" /><INIT seed="5,0,0,0,3,113" ten="368,150,532,0" oya="1" hai0="51,78,101,33,34,106,134,132,97,48,105,87,115" hai1="129,77,98,119,60,114,3,66,2,57,104,88,122" hai2="39,69,117,43,133,125,72,47,58,50,32,67,112" hai3=""/><U64/><N who="1" m="31264" /><U37/><E119/><V83/><F32/><T107/><D115/><U81/><E114/><V0/><F0/><T65/><D65/><U44/><E129/><V99/><F112/><T74/><D74/><U62/><E37/><V41/><F125/><T73/><D73/><U53/><E44/><V40/><F133/><N who="0" m="51306" /><D97/><U90/><E104/><V118/><F99/><T108/><D101/><U35/><E35/><N who="0" m="13321" /><D108/><U63/><E66/><V111/><F111/><T96/><D96/><U59/><E62/><V68/><F83/><AGARI ba="0,0" hai="48,51,78,83,87,105,106,107" m="13321,51306" machi="83" ten="40,1300,0" yaku="20,1" doraHai="113" who="0" fromWho="2" sc="368,13,150,0,532,-13,0,0" /><INIT seed="6,0,0,4,3,76" ten="381,150,519,0" oya="2" hai0="39,85,114,103,42,52,48,61,71,66,82,89,37" hai1="0,50,36,91,88,81,79,97,38,2,80,54,35" hai2="58,3,112,106,69,53,83,92,87,74,1,63,113" hai3=""/><V86/><F106/><T72/><D114/><N who="2" m="44138" /><F69/><T101/><D72/><U65/><E35/><V33/><F33/><T119/><D119/><U98/><E50/><V124/><F124/><T130/><D130/><U129/><E79/><V41/><F41/><T64/><D64/><U93/><E93/><V62/><F62/><T128/><D128/><U57/><E129/><V123/><N who="2" m="31520" /><V116/><F116/><T135/><D135/><U127/><E65/><V44/><F44/><T59/><REACH who="0" step="1"/><D39/><REACH who="0" ten="371,150,519,0" step="2"/><U67/><E67/><V70/><F74/><T134/><D134/><U99/><E99/><V108/><F1/><T111/><D111/><U105/><E127/><V73/><F108/><T49/><D49/><U100/><E105/><V94/><F3/><T43/><D43/><U51/><E51/><V56/><F73/><T118/><D118/><U32/><E32/><V125/><F125/><T132/><D132/><U47/><E54/><V122/><F122/><T60/><D60/><U34/><E34/><V90/><F63/><T46/><AGARI ba="0,1" hai="37,42,46,48,52,59,61,66,71,82,85,89,101,103" machi="46" ten="30,9000,2" yaku="1,1,0,1,24,2,52,1,54,1,53,0" doraHai="76" doraHaiUra="115" who="0" fromWho="0" sc="371,100,150,-30,519,-60,0,0" owari="471,42.0,120,-48.0,459,6.0,0,0.0" /></mjloggm>