<mjloggm ver="2.3"><GO type="169" lobby="0"/><UN n0="%E6%B1%A0%E7%94%B0%E3%81%AD%E3%81%93" n1="%E3%81%8B%E3%81%B6%E8%8C%B6" n2="%E3%82%8A%E3%82%86%E3%83%BC" n3="%E9%87%8E%E8%89%AF%E7%8C%AB%E3%83%AD%E3%83%83%E3%82%AF" dan="16,16,17,16" rate="2043.21,2142.90,2261.65,2202.87" sx="F,M,M,M"/><TAIKYOKU oya="0"/><INIT seed="0,0,0,4,3,107" ten="250,250,250,250" oya="0" hai0="129,92,100,27,9,11,99,103,113,61,17,125,31" hai1="63,83,23,86,126,130,45,68,134,59,41,77,105" hai2="30,96,49,108,51,26,131,97,122,80,3,52,71" hai3="114,32,120,93,106,15,118,112,102,43,40,116,2"/><T19/><D113/><U29/><E130/><V53/><F108/><W46/><G2/><T117/><D117/><U90/><E105/><V5/><F131/><W111/><G32/><T20/><D129/><U123/><E123/><V25/><F122/><W24/><G120/><T1/><D125/><U132/><E126/><V0/><F71/><W95/><G24/><T13/><D61/><U55/><E68/><V50/><F80/><W66/><G106/><T62/><D62/><U4/><E4/><V69/><F69/><W42/><G46/><T73/><D73/><U44/><E90/><V14/><F14/><W128/><G15/><N who="0" m="7423" /><D1/><N who="2" m="586" /><F30/><W79/><G128/><T94/><D94/><U60/><E63/><V28/><F28/><W39/><G39/><T84/><D84/><U38/><REACH who="1" step="1"/><E45/><REACH who="1" ten="250,240,250,250" step="2"/><V78/><F5/><W16/><G116/><T57/><D57/><U115/><E115/><V47/><F47/><W21/><G118/><T75/><D75/><U70/><E70/><V110/><F110/><W81/><G111/><T33/><D33/><U127/><E127/><V12/><F97/><W91/><G112/><T121/><D121/><U135/><E135/><V67/><F96/><W36/><G114/><T56/><D56/><U119/><E119/><V22/><F67/><W8/><G66/><T72/><D72/><U98/><E98/><V89/><F89/><AGARI ba="0,1" hai="9,13,19,20,27,31,89,92,99,100,103" m="7423" machi="89" ten="30,1500,0" yaku="8,1" doraHai="107" who="0" fromWho="2" sc="250,25,240,0,250,-15,250,0" /><INIT seed="0,1,0,1,4,108" ten="275,240,235,250" oya="0" hai0="56,76,37,22,50,115,15,129,116,29,27,28,94" hai1="123,12,79,112,20,44,97,74,31,8,9,38,132" hai2="83,5,30,23,0,33,106,81,3,55,114,77,130" hai3="1,65,53,100,19,119,6,111,63,109,128,13,90"/><T118/><D115/><U39/><E123/><V72/><F106/><W126/><G119/><T59/><D37/><U75/><E132/><V99/><F33/><W120/><G126/><T73/><D129/><U16/><E112/><V113/><F130/><W135/><G128/><T131/><D131/><U102/><E39/><V45/><F99/><W121/><G135/><T46/><D29/><U58/><E58/><V107/><F107/><W68/><G100/><T89/><D59/><U42/><E79/><V85/><F3/><W64/><G53/><T125/><D56/><U93/><REACH who="1" step="1"/><E31/><REACH who="1" ten="275,230,235,250" step="2"/><V2/><F30/><W71/><G120/><T25/><D125/><U26/><E26/><V24/><F24/><W104/><G121/><T41/><D27/><U101/><E101/><V60/><F77/><W80/><G109/><T95/><D76/><U11/><AGARI ba="1,1" hai="8,9,11,12,16,20,38,42,44,74,75,93,97,102" machi="11" ten="30,4000,0" yaku="1,1,0,1,54,1,53,0" doraHai="108" doraHaiUra="78" who="1" fromWho="1" sc="275,-21,230,53,235,-11,250,-11" /><INIT seed="1,0,0,0,0,94" ten="254,283,224,239" oya="1" hai0="55,130,132,91,45,38,24,110,21,133,23,97,9" hai1="49,70,56,69,52,98,122,109,8,111,12,1,135" hai2="37,58,31,76,22,82,126,34,39,0,42,2,116" hai3="35,65,106,131,108,43,66,33,78,67,103,64,102"/><U72/><E122/><V63/><F116/><W26/><N who="3" m="16384" /><DORA hai="29" /><W30/><G108/><N who="1" m="41546" /><E72/><V79/><F34/><W123/><G123/><T74/><D74/><U59/><E135/><N who="0" m="51785" /><D110/><U120/><E120/><V48/><F48/><W84/><G131/><T127/><D9/><U60/><E1/><V5/><F5/><W10/><G43/><T93/><D130/><U68/><E98/><V77/><F42/><W20/><G10/><T112/><D127/><U7/><E59/><V117/><F117/><W61/><G61/><AGARI ba="0,0" hai="7,8,12,49,52,56,60,61,68,69,70" m="41546" machi="61" ten="40,7700,0" yaku="14,1,10,1,54,1" doraHai="94,29" who="1" fromWho="3" sc="254,0,283,77,224,0,239,-77" /><INIT seed="1,1,0,1,2,65" ten="254,360,224,162" oya="1" hai0="116,132,99,51,29,52,5,112,38,119,60,46,28" hai1="45,75,129,133,125,9,54,39,11,72,4,83,27" hai2="17,123,85,70,91,36,126,62,134,121,78,67,73" hai3="76,57,21,22,10,18,14,63,105,26,118,135,58"/><U53/><E125/><V30/><F126/><W31/><G135/><T120/><D132/><U81/><E133/><V110/><F134/><W74/><G118/><T94/><D112/><U98/><E129/><V68/><F110/><W71/><G74/><T44/><D120/><U101/><E27/><V96/><F36/><W106/><G76/><T89/><D5/><U64/><E64/><V2/><F2/><W127/><G127/><T95/><D60/><U34/><E34/><V40/><F40/><W108/><G108/><T33/><D33/><U47/><E98/><V16/><F30/><W15/><G71/><T55/><D38/><U102/><REACH who="1" step="1"/><E39/><REACH who="1" ten="254,350,224,162" step="2"/><V115/><F115/><W20/><G105/><T41/><D119/><U88/><E88/><V19/><F123/><W128/><G106/><T56/><D116/><U107/><E107/><V0/><F121/><W3/><G128/><T104/><D104/><U124/><E124/><V7/><F96/><W111/><G111/><T66/><D89/><U1/><E1/><V97/><F97/><W43/><G3/><T79/><D99/><U100/><E100/><V130/><F130/><W6/><G26/><T35/><D66/><U12/><E12/><V93/><F70/><W37/><G31/><T114/><D35/><U90/><E90/><V13/><F0/><W69/><G69/><T49/><D114/><U25/><E25/><V61/><F67/><W117/><G117/><T80/><D28/><U113/><E113/><V8/><F68/><W23/><G63/><N who="0" m="36231" /><D29/><U92/><E92/><V24/><F24/><W103/><G103/><RYUUKYOKU ba="1,1" sc="254,0,350,0,224,0,162,0" hai0="41,44,46,49,51,55,79,80,94,95" hai1="4,9,11,45,47,53,54,72,75,81,83,101,102" hai2="7,8,13,16,17,19,61,62,73,78,85,91,93" hai3="6,10,14,15,18,20,21,22,23,37,43,57,58" /><INIT seed="1,2,1,4,1,42" ten="254,350,224,162" oya="1" hai0="21,16,37,36,96,10,89,93,124,6,4,8,78" hai1="11,126,99,35,12,31,73,24,116,58,32,41,50" hai2="61,49,88,55,39,69,0,15,104,63,103,92,109" hai3="60,59,122,56,98,127,53,131,64,23,108,70,81"/><U13/><E73/><V130/><F0/><W28/><G122/><T119/><D119/><U27/><E116/><V106/><F109/><W68/><G108/><T128/><D128/><U105/><E126/><V83/><F130/><W54/><G127/><T51/><D124/><U40/><E105/><V123/><F123/><W133/><G133/><T100/><D78/><U129/><E129/><V3/><F3/><W120/><G120/><T25/><D36/><U57/><E99/><V33/><F39/><W19/><G28/><T74/><D37/><U29/><E50/><V110/><F33/><W77/><G98/><T2/><D74/><U125/><E125/><V85/><F110/><W26/><G64/><T71/><D71/><U97/><E97/><V111/><F111/><W34/><G34/><T18/><D51/><U7/><E11/><V115/><F115/><W75/><REACH who="3" step="1"/><G131/><REACH who="3" ten="254,350,224,152" step="2"/><T79/><D100/><U43/><E43/><V38/><F106/><W113/><G113/><T14/><REACH who="0" step="1"/><D79/><REACH who="0" ten="244,350,224,152" step="2"/><U107/><E41/><V134/><F103/><W47/><G47/><T117/><D117/><U102/><E40/><V76/><F38/><W65/><G65/><T17/><AGARI ba="2,3" hai="2,4,6,8,10,14,16,17,18,21,25,89,93,96" machi="17" ten="20,12000,2" yaku="1,1,0,1,7,1,54,1,53,2" doraHai="42" doraHaiUra="5" who="0" fromWho="0" sc="244,156,350,-62,224,-32,152,-32" /><INIT seed="2,0,0,1,0,79" ten="400,288,192,120" oya="2" hai0="112,124,1,11,39,12,113,14,63,109,118,123,49" hai1="36,69,35,9,53,92,106,50,33,88,116,40,95" hai2="16,121,70,26,90,6,66,91,41,48,77,110,125" hai3="55,82,32,31,114,18,135,133,10,24,78,25,23"/><V45/><F121/><W47/><G114/><T87/><D39/><U73/><E106/><V3/><F125/><W102/><G102/><T115/><D124/><U129/><E116/><V127/><F127/><W34/><G10/><T37/><D37/><U103/><E69/><V28/><F110/><W38/><G34/><T130/><D130/><U101/><E129/><V51/><F70/><W0/><G0/><T126/><D126/><U30/><E73/><V13/><F66/><W8/><G8/><T117/><D63/><U119/><E40/><V104/><F104/><W98/><G98/><T56/><D87/><U4/><E30/><V83/><F3/><W61/><G61/><T20/><D56/><U108/><E36/><V21/><F6/><W44/><G55/><T131/><D49/><U100/><E95/><V57/><F57/><W68/><G68/><T7/><D131/><U72/><E72/><V59/><F59/><W52/><G38/><T46/><D46/><U80/><E108/><V65/><F65/><W67/><G67/><T120/><D109/><U71/><E71/><V134/><F134/><N who="3" m="51211" /><G52/><T17/><D1/><U111/><E35/><V19/><F51/><W84/><AGARI ba="0,0" hai="18,23,24,25,31,32,44,47,78,82,84" m="51211" machi="84" ten="30,2000,0" yaku="20,1,52,1" doraHai="79" who="3" fromWho="3" sc="400,-5,288,-5,192,-10,120,20" /><INIT seed="3,0,0,2,5,41" ten="395,283,182,140" oya="3" hai0="89,48,16,87,71,110,76,57,44,75,103,95,52" hai1="35,107,38,51,94,4,106,49,10,65,34,78,73" hai2="1,19,43,14,39,64,29,126,130,11,26,22,6" hai3="109,12,36,104,119,9,92,18,133,27,79,115,90"/><W86/><G115/><T97/><D71/><U77/><E38/><V100/><F130/><W101/><G119/><T80/><D110/><U72/><E94/><V21/><F126/><W7/><G133/><T17/><REACH who="0" step="1"/><D57/><REACH who="0" ten="385,283,182,140" step="2"/><U5/><E65/><V82/><F64/><W40/><G109/><T54/><D54/><U105/><E105/><AGARI ba="0,1" hai="16,17,44,48,52,75,76,80,87,89,95,97,103,105" machi="105" ten="30,16000,3" yaku="1,1,7,1,24,2,52,1,54,2,53,1" doraHai="41" doraHaiUra="47" who="0" fromWho="1" sc="385,170,283,-160,182,0,140,0" /><INIT seed="4,0,0,5,2,21" ten="555,123,182,140" oya="0" hai0="11,67,90,3,83,4,89,130,28,37,65,131,58" hai1="113,19,74,46,34,20,54,25,71,45,22,59,82" hai2="114,40,88,105,75,29,76,118,39,13,119,0,52" hai3="62,108,121,128,43,56,1,129,50,92,49,69,134"/><T38/><D28/><U36/><E71/><V104/><F0/><W133/><G1/><T16/><D16/><U91/><E113/><V110/><F110/><W78/><G78/><T102/><D102/><U48/><E34/><V42/><F114/><W18/><G92/><T9/><D58/><U72/><E36/><V122/><F122/><W100/><G100/><T53/><D53/><U81/><E74/><V103/><F39/><W55/><G18/><T33/><D83/><U70/><E70/><V97/><F105/><W8/><G8/><T127/><D3/><U106/><E106/><V115/><F115/><W73/><G73/><T96/><D96/><U94/><E72/><V124/><F124/><W23/><G23/><T120/><D127/><U47/><REACH who="1" step="1"/><E20/><REACH who="1" ten="555,113,182,140" step="2"/><V85/><F119/><W77/><G69/><T116/><D33/><U125/><E125/><V79/><F118/><W86/><G121/><T27/><D116/><U63/><E63/><V126/><F126/><W2/><G62/><T80/><D120/><U112/><E112/><V15/><F75/><W57/><G108/><T93/><D38/><U99/><AGARI ba="0,1" hai="19,22,25,45,46,47,48,54,59,81,82,91,94,99" machi="99" ten="30,8000,1" yaku="1,1,0,1,8,1,52,1,53,1" doraHai="21" doraHaiUra="14" who="1" fromWho="1" sc="555,-40,113,90,182,-20,140,-20" /><INIT seed="5,0,0,0,2,102" ten="515,203,162,120" oya="1" hai0="6,54,114,85,134,31,56,122,129,62,78,105,84" hai1="103,50,1,48,113,8,69,76,112,99,43,10,24" hai2="30,38,16,45,107,79,135,116,120,14,22,41,65" hai3="64,72,52,46,96,9,89,27,21,132,42,55,91"/><U59/><E69/><V15/><F116/><W7/><G72/><T128/><D105/><U11/><E1/><V94/><F120/><W39/><G132/><T36/><D36/><U121/><E121/><V3/><F107/><W49/><G64/><T26/><D122/><U108/><E108/><V33/><F3/><W28/><G96/><T119/><D119/><U126/><E126/><V73/><F135/><W110/><G110/><T82/><D134/><U71/><E71/><V44/><F65/><W124/><G124/><T53/><D6/><U75/><E24/><V0/><F0/><W18/><G28/><T109/><D114/><N who="1" m="44139" /><E43/><V93/><F45/><W68/><G68/><T100/><D100/><U77/><E75/><V115/><F115/><W32/><G32/><T51/><D109/><U34/><E34/><V104/><F104/><W117/><G117/><T70/><D70/><U98/><E98/><V13/><F33/><W130/><G130/><N who="0" m="50283" /><D26/><U5/><E5/><V88/><F30/><W87/><G39/><T17/><D31/><U118/><E118/><V90/><F73/><W123/><G123/><T95/><D17/><U4/><E4/><V37/><F79/><N who="1" m="30281" /><E59/><V67/><F38/><W125/><G125/><T81/><D56/><U106/><AGARI ba="0,0" hai="8,10,11,48,50,99,103,106" m="30281,44139" machi="106" ten="40,3900,0" yaku="15,1,52,1" doraHai="102" who="1" fromWho="1" sc="515,-13,203,39,162,-13,120,-13" /><INIT seed="5,1,0,0,0,55" ten="502,242,149,107" oya="1" hai0="115,18,125,76,68,118,25,101,104,117,123,62,3" hai1="20,48,56,77,10,92,112,135,43,128,12,122,110" hai2="84,38,90,67,41,79,82,61,91,94,114,102,9" hai3="80,26,59,105,15,73,127,37,93,126,130,51,30"/><U14/><E122/><V47/><F114/><W71/><G105/><T32/><D3/><U0/><E112/><V69/><F102/><W17/><G71/><T42/><D115/><U87/><E135/><V31/><F31/><W45/><G130/><T34/><D125/><U52/><E128/><V96/><F9/><W63/><G37/><T53/><D123/><U103/><E0/><V44/><F44/><W74/><G93/><T70/><D76/><U65/><E110/><V58/><REACH who="2" step="1"/><F79/><REACH who="2" ten="502,242,139,107" step="2"/><W1/><G126/><T23/><D101/><U6/><E77/><V11/><F11/><W66/><G127/><T2/><D104/><U39/><E103/><V40/><F40/><W5/><G1/><T83/><D42/><U124/><E43/><V97/><F97/><W13/><G5/><T27/><D2/><U133/><E124/><V109/><F109/><W36/><G17/><T116/><D18/><N who="1" m="10327" /><E39/><V108/><F108/><W57/><G36/><T24/><D23/><U33/><E33/><V50/><F50/><W132/><G45/><T113/><D113/><U35/><E35/><V64/><F64/><W8/><G8/><T54/><D34/><U111/><E111/><V4/><F4/><W89/><G51/><T88/><D32/><U72/><E65/><V29/><F29/><W134/><G132/><T100/><D100/><U46/><E133/><V106/><F106/><W107/><G107/><T86/><D70/><AGARI ba="1,1" hai="38,41,47,58,61,67,69,70,82,84,90,91,94,96" machi="70" ten="40,2600,0" yaku="1,1,52,1,53,0" doraHai="55" doraHaiUra="121" who="2" fromWho="0" sc="502,-29,242,0,139,39,107,0" /><INIT seed="6,0,0,0,1,1" ten="473,242,178,107" oya="2" hai0="116,42,89,85,9,66,63,44,118,5,92,16,39" hai1="50,108,90,36,26,103,119,109,40,41,54,59,60" hai2="76,127,37,35,24,94,73,53,32,2,79,31,25" hai3="87,91,114,82,30,33,6,77,62,96,21,58,121"/><V95/><F37/><W133/><G121/><T13/><REACH who="0" step="1"/><D5/><REACH who="0" ten="463,242,178,107" step="2"/><U64/><E108/><V80/><F127/><W70/><G133/><T72/><D72/><U49/><E109/><V93/><F73/><W100/><G114/><T74/><D74/><U88/><E119/><V101/><F101/><W124/><G124/><T43/><D43/><U99/><E41/><V48/><F35/><W131/><G131/><T126/><D126/><U129/><E40/><V110/><F110/><W75/><G33/><T28/><D28/><U83/><E103/><V11/><F31/><W117/><G117/><T69/><AGARI ba="0,1" hai="9,13,16,39,42,44,63,66,69,85,89,92,116,118" machi="69" ten="30,7900,0" yaku="21,2,0,1,54,1,53,0" doraHai="1" doraHaiUra="106" who="0" fromWho="0" sc="463,89,242,-20,178,-39,107,-20" /><INIT seed="7,0,0,2,4,26" ten="552,222,139,87" oya="3" hai0="10,54,28,92,99,100,111,1,120,31,104,40,20" hai1="43,89,119,133,57,3,14,0,102,105,50,21,97" hai2="18,71,72,56,49,29,85,55,131,77,96,60,23" hai3="22,94,108,42,36,63,109,82,11,79,125,112,19"/><W117/><G117/><T25/><D111/><N who="3" m="42569" /><G125/><T58/><D120/><U88/><E119/><V9/><F131/><W93/><G112/><T13/><D1/><U101/><E133/><V113/><F113/><W106/><G106/><T41/><D31/><U16/><E102/><V130/><F130/><W65/><G11/><T115/><D104/><U69/><E69/><V91/><F72/><N who="3" m="43367" /><G42/><T46/><D46/><U7/><E43/><V51/><F77/><W6/><G6/><N who="0" m="3287" /><D115/><U62/><E7/><V81/><F71/><N who="3" m="42431" /><G36/><T17/><D28/><U134/><E105/><V67/><F67/><W114/><G114/><T128/><D128/><U121/><E0/><V48/><F9/><W107/><G107/><T34/><D34/><U53/><E3/><V124/><F124/><W118/><G118/><T70/><D70/><U80/><E134/><V132/><F132/><W76/><G76/><T32/><D32/><U4/><E4/><V2/><F2/><W15/><AGARI ba="0,0" hai="15,19,22,93,94" m="42431,43367,42569" machi="15" ten="30,1500,0" yaku="10,1" doraHai="26" who="3" fromWho="3" sc="552,-5,222,-5,139,-5,87,15" /><INIT seed="7,1,0,0,4,77" ten="547,217,134,102" oya="3" hai0="131,41,102,32,123,94,107,3,1,104,122,121,56" hai1="50,12,125,119,79,116,11,73,57,105,0,127,31" hai2="103,114,71,128,70,52,16,97,47,66,68,22,115" hai3="108,99,42,62,111,21,17,2,24,120,100,34,43"/><W48/><G2/><T118/><D32/><U74/><E105/><V38/><F128/><W44/><G120/><T33/><D33/><U18/><E31/><V88/><F66/><W4/><G4/><T30/><D30/><U23/><E0/><V9/><F9/><W55/><G34/><T58/><D131/><U83/><E74/><V117/><F117/><N who="1" m="45129" /><E11/><V15/><F88/><W46/><G62/><T133/><D41/><U13/><E13/><V40/><REACH who="2" step="1"/><F52/><AGARI ba="1,0" hai="12,18,23,50,52,57,73,79,83,125,127" m="45129" machi="52" ten="30,3900,0" yaku="12,1,52,1,54,1" doraHai="77" who="1" fromWho="2" sc="547,0,217,42,134,-42,102,0" owari="547,65.0,259,6.0,92,-41.0,102,-30.0" /></mjloggm>