<mjloggm ver="2.3"><GO type="169" lobby="0"/><UN n0="%E6%9C%A8%E5%8E%9F%E8%B1%AA%E4%B8%80" n1="%E4%B8%BB%E5%B8%AD" n2="%E5%8D%83%E7%BE%BD%E9%B4%89" n3="%6D%61%74%6F%30%36%30%33" dan="17,16,17,18" rate="2212.19,2136.27,2220.68,2284.81" sx="M,M,F,M"/><TAIKYOKU oya="0"/><INIT seed="0,0,0,5,3,73" ten="250,250,250,250" oya="0" hai0="93,116,21,60,38,22,100,6,135,94,121,97,106" hai1="19,23,111,126,81,83,42,70,1,51,99,109,53" hai2="14,105,64,28,45,58,128,131,89,129,54,103,104" hai3="130,61,11,32,113,34,108,5,112,90,66,127,85"/><T55/><D121/><U92/><E42/><V71/><F103/><W72/><G72/><T69/><D116/><U86/><E70/><V20/><F45/><W40/><G40/><T43/><D135/><U15/><E1/><V52/><F89/><W27/><G108/><N who="1" m="41546" /><E126/><V115/><F115/><W12/><G127/><T47/><D6/><U44/><E86/><V56/><F71/><W59/><G130/><T62/><D62/><U50/><E50/><V25/><F14/><W87/><G87/><T67/><D21/><U24/><E15/><V30/><F64/><W77/><G27/><T3/><D3/><U76/><E76/><V134/><F134/><W114/><REACH who="3" step="1"/><G90/><AGARI ba="0,0" hai="19,23,24,44,51,53,81,83,90,92,99" m="41546" machi="90" ten="30,1000,0" yaku="14,1" doraHai="73" who="1" fromWho="3" sc="250,0,250,10,250,0,250,-10" /><INIT seed="1,0,0,1,0,31" ten="250,260,250,240" oya="1" hai0="29,65,87,94,82,53,3,60,1,16,119,5,64" hai1="8,131,85,36,115,47,132,67,62,112,107,33,126" hai2="10,46,4,104,105,15,91,79,69,75,66,63,123" hai3="48,129,17,26,95,23,42,43,134,128,0,38,71"/><U96/><E85/><V121/><F91/><W61/><G38/><T54/><D119/><U58/><E8/><V92/><F92/><W84/><G0/><T68/><D65/><U24/><E131/><N who="3" m="50250" /><G48/><T127/><D127/><U100/><E126/><V12/><F12/><W106/><G106/><T40/><D40/><U7/><E7/><V118/><F118/><W9/><G9/><T108/><D108/><U20/><E132/><V110/><F110/><W73/><G73/><T22/><D29/><U88/><E33/><V125/><F125/><W98/><G134/><T74/><D94/><U39/><E39/><V37/><F121/><W76/><G61/><T45/><D74/><U6/><E6/><V56/><F123/><W52/><G71/><T18/><D18/><U93/><E36/><V55/><F79/><W97/><G52/><T44/><D54/><U113/><E47/><V135/><F75/><W2/><G2/><T114/><D114/><U133/><E133/><V59/><F135/><W78/><G98/><T90/><D5/><U51/><E51/><N who="2" m="30847" /><F59/><W83/><G76/><T103/><D45/><U130/><E130/><V102/><F102/><AGARI ba="0,0" hai="17,23,26,42,43,78,83,84,95,97,102" m="50250" machi="102" ten="30,1000,0" yaku="19,1" doraHai="31" who="3" fromWho="2" sc="250,0,260,0,250,-10,240,10" /><INIT seed="2,0,0,5,0,33" ten="250,260,240,250" oya="2" hai0="106,126,115,23,92,0,125,30,43,87,15,91,128" hai1="21,79,59,37,101,129,99,2,28,96,116,95,111" hai2="94,36,114,107,105,77,38,45,62,75,67,55,74" hai3="89,85,25,11,78,44,103,124,47,35,20,9,118"/><V117/><F117/><W29/><G118/><T53/><D115/><U61/><E116/><V14/><F114/><W48/><G124/><T134/><D106/><U50/><E37/><V102/><F107/><W1/><G103/><T73/><D73/><U83/><E111/><V54/><F105/><W81/><G35/><T41/><D134/><U88/><E129/><V130/><F130/><W131/><G131/><T120/><D120/><U19/><E28/><V121/><F121/><W13/><G1/><T112/><D112/><U68/><E50/><V27/><F75/><W5/><G9/><T57/><D128/><U3/><E68/><V51/><F55/><W100/><G100/><T109/><D0/><U72/><E99/><V26/><F14/><W63/><G63/><T122/><D109/><U16/><E101/><V52/><F54/><W135/><G135/><T49/><D122/><U70/><E70/><V82/><F36/><W12/><G12/><T65/><D65/><U40/><E40/><N who="0" m="15433" /><D30/><U39/><E39/><V46/><F46/><W132/><G132/><T84/><D84/><U42/><E42/><V58/><REACH who="2" step="1"/><F38/><REACH who="2" ten="250,260,230,250" step="2"/><W69/><G44/><T64/><D64/><U60/><E72/><V110/><F110/><W22/><G47/><T76/><D126/><U97/><E2/><V17/><F17/><W32/><G13/><T98/><D125/><U86/><E3/><V66/><F66/><W133/><G133/><T31/><D15/><U7/><E19/><V104/><F104/><W18/><G18/><T34/><D53/><N who="1" m="33903" /><E16/><V56/><F56/><W123/><G123/><RYUUKYOKU ba="0,1" sc="250,-10,260,-10,230,30,250,-10" hai2="26,27,45,51,52,58,62,67,74,77,82,94,102" /><INIT seed="2,1,1,1,3,76" ten="240,250,260,240" oya="2" hai0="3,7,52,133,130,37,102,57,121,94,8,49,81" hai1="17,101,114,118,53,83,80,23,19,15,14,87,47" hai2="124,95,44,73,36,131,12,4,128,65,103,60,25" hai3="112,27,32,107,117,71,110,134,97,33,92,61,39"/><V35/><F73/><W13/><G117/><T129/><D121/><U100/><E118/><V22/><F124/><W48/><G39/><T43/><D133/><U24/><E114/><V106/><F44/><W63/><G134/><T56/><D56/><U42/><E53/><V85/><F36/><W6/><G107/><T30/><D30/><U69/><E69/><V86/><F106/><W0/><G0/><T9/><D9/><U123/><E123/><V105/><F105/><W84/><G110/><T55/><D55/><U54/><E54/><V120/><F120/><W5/><G112/><T26/><D26/><U90/><E83/><V126/><F126/><W77/><G48/><T88/><D102/><U116/><E116/><V67/><F35/><W119/><G119/><T66/><D66/><U18/><E15/><V99/><F128/><W122/><G13/><T91/><D81/><U29/><REACH who="1" step="1"/><E14/><REACH who="1" ten="240,240,260,240" step="2"/><V50/><F131/><N who="0" m="50186" /><D94/><U68/><E68/><V79/><F65/><W108/><G92/><T38/><D38/><AGARI ba="1,2" hai="17,18,19,23,24,29,38,42,47,80,87,90,100,101" machi="38" ten="40,2600,0" yaku="1,1,52,1,53,0" doraHai="76" doraHaiUra="10" who="1" fromWho="0" sc="240,-29,240,49,260,0,240,0" /><INIT seed="3,0,0,5,5,83" ten="211,289,260,240" oya="3" hai0="84,112,125,71,20,1,104,49,36,7,55,121,24" hai1="15,43,9,40,130,116,41,60,31,122,56,93,30" hai2="35,27,42,70,96,105,66,23,32,81,47,134,58" hai3="54,124,67,76,6,129,62,74,87,127,126,29,33"/><W25/><G129/><T4/><D121/><U63/><E122/><V133/><F70/><W90/><G6/><T45/><D104/><U34/><E130/><V106/><F66/><W128/><G128/><T75/><D125/><U108/><E108/><V12/><F58/><W22/><G54/><T38/><D75/><U14/><E116/><V77/><F12/><W113/><G113/><T21/><D71/><U0/><E0/><V16/><F35/><W19/><G74/><T80/><D21/><U88/><E34/><V11/><F11/><W69/><G76/><T5/><D1/><U100/><E100/><V117/><F32/><W17/><REACH who="3" step="1"/><G33/><REACH who="3" ten="211,289,260,230" step="2"/><T79/><REACH who="0" step="1"/><D112/><REACH who="0" ten="201,289,260,230" step="2"/><U52/><E41/><V95/><F42/><W8/><G8/><T50/><D50/><U99/><E43/><V131/><F131/><W107/><G107/><T98/><D98/><U135/><E40/><V68/><F106/><W123/><G123/><T86/><D86/><U89/><E9/><V111/><F105/><W3/><G3/><T59/><D59/><U53/><E56/><V101/><F68/><W13/><G13/><T85/><D85/><U97/><E14/><V26/><F96/><W102/><G102/><T44/><D44/><U61/><E15/><V18/><F47/><W114/><G114/><T94/><D94/><AGARI ba="0,2" hai="17,19,22,25,29,62,67,69,87,90,94,124,126,127" machi="94" ten="40,7700,0" yaku="1,1,18,1,52,1,53,0" doraHai="83" doraHaiUra="2" who="3" fromWho="0" sc="201,-77,289,0,260,0,230,97" /><INIT seed="3,1,0,2,5,36" ten="124,289,260,327" oya="3" hai0="95,135,62,113,41,49,89,53,63,112,69,60,52" hai1="76,83,68,48,23,74,64,56,130,100,19,101,133" hai2="104,37,85,57,86,84,109,14,3,0,8,79,30" hai3="120,61,4,97,91,124,13,12,16,44,6,34,43"/><W25/><G120/><T122/><D122/><U75/><E130/><V17/><F104/><W66/><G124/><T96/><D135/><U26/><E133/><V24/><F109/><W77/><G77/><T7/><D7/><N who="3" m="2601" /><G34/><T21/><D69/><U102/><E68/><V33/><F79/><W2/><G2/><T110/><D110/><U1/><E1/><V10/><F37/><W46/><G61/><T94/><D21/><U28/><E75/><V116/><F116/><W70/><G70/><T114/><REACH who="0" step="1"/><D95/><REACH who="0" ten="114,289,260,327" step="2"/><U134/><E134/><V111/><F111/><W31/><G66/><T106/><D106/><U118/><E64/><V105/><F105/><W78/><G31/><T128/><D128/><U117/><E28/><V115/><F30/><W51/><G16/><T22/><D22/><U20/><E23/><V54/><F17/><W65/><G65/><T90/><D90/><U47/><REACH who="1" step="1"/><E56/><REACH who="1" ten="114,279,260,327" step="2"/><V38/><F57/><W127/><G127/><T18/><D18/><U98/><E98/><V132/><F132/><W55/><G97/><T67/><D67/><U58/><E58/><V88/><F33/><W50/><G46/><AGARI ba="1,2" hai="41,46,49,52,53,60,62,63,89,94,96,112,113,114" machi="46" ten="50,8000,1" yaku="1,1,11,1,52,1,54,1,53,0" doraHai="36" doraHaiUra="80" who="0" fromWho="3" sc="114,103,279,0,260,0,327,-83" /><INIT seed="4,0,0,0,4,20" ten="217,279,260,244" oya="0" hai0="132,44,133,91,34,56,39,52,67,131,71,59,94" hai1="81,17,62,12,28,92,5,0,102,64,4,95,118" hai2="121,112,75,109,41,119,25,125,60,82,111,122,9" hai3="86,37,18,134,123,63,108,114,32,19,23,43,106"/><T42/><D34/><U73/><E118/><V80/><F41/><W58/><G108/><N who="2" m="41545" /><F60/><W96/><G32/><T135/><D131/><U38/><E38/><V93/><F9/><W15/><G114/><T72/><D72/><U31/><E0/><V74/><F25/><W130/><G130/><T97/><REACH who="0" step="1"/><D52/><REACH who="0" ten="207,279,260,244" step="2"/><U46/><E62/><AGARI ba="0,1" hai="39,42,44,56,59,62,67,71,91,94,97,132,133,135" machi="62" ten="40,7700,0" yaku="1,1,2,1,20,1,53,0" doraHai="20" doraHaiUra="113" who="0" fromWho="1" sc="207,87,279,-77,260,0,244,0" /><INIT seed="4,1,0,5,1,112" ten="294,202,260,244" oya="0" hai0="90,34,119,53,94,54,69,38,13,87,1,29,76" hai1="64,120,98,20,82,35,10,14,113,85,135,75,32" hai2="81,128,33,127,0,109,78,66,43,99,88,18,49" hai3="63,45,36,55,37,102,84,72,61,41,121,21,89"/><T80/><D1/><U22/><E120/><V46/><F109/><W97/><G72/><T3/><D3/><U40/><E75/><V60/><F128/><W103/><G121/><T104/><D38/><U130/><E130/><V5/><F127/><W28/><G37/><T68/><D104/><U106/><E40/><V95/><F33/><W4/><G4/><T83/><D83/><U58/><E35/><V105/><F105/><W44/><G97/><T108/><D108/><U23/><E32/><V15/><F0/><W92/><G61/><T48/><D54/><U39/><E39/><V115/><F115/><W134/><G134/><T12/><D119/><U132/><E113/><V131/><F131/><W77/><G77/><T17/><D13/><U129/><E129/><V67/><F60/><W42/><G28/><T57/><D29/><U79/><E64/><V19/><F5/><W71/><G21/><T96/><REACH who="0" step="1"/><D34/><REACH who="0" ten="284,202,260,244" step="2"/><U122/><E122/><V74/><REACH who="2" step="1"/><F19/><REACH who="2" ten="284,202,250,244" step="2"/><W118/><G118/><T101/><D101/><N who="1" m="62775" /><E135/><V51/><F51/><W7/><G36/><T24/><D24/><U100/><E132/><V107/><F107/><W26/><G26/><T93/><D93/><U123/><E100/><V62/><F62/><W65/><G103/><T47/><D47/><U114/><E114/><V56/><F56/><W117/><G102/><T25/><D25/><U126/><E123/><V73/><F73/><W11/><G117/><T31/><D31/><U50/><E126/><V9/><AGARI ba="1,2" hai="9,15,18,43,46,49,66,67,74,78,81,88,95,99" machi="9" ten="20,5200,0" yaku="1,1,0,1,7,1,54,1,53,0" doraHai="112" doraHaiUra="110" who="2" fromWho="2" sc="284,-27,202,-14,250,75,244,-14" /><INIT seed="5,0,0,0,5,96" ten="257,188,325,230" oya="1" hai0="79,62,124,55,130,108,103,29,38,49,68,115,43" hai1="24,47,135,92,39,126,131,53,107,0,48,122,78" hai2="31,22,21,82,28,54,2,71,18,63,33,117,104" hai3="89,42,52,129,94,119,91,118,6,73,46,93,75"/><U120/><E107/><V8/><F82/><W20/><G6/><T74/><D108/><U50/><E39/><V83/><F83/><W3/><G3/><T15/><D115/><U7/><E78/><V41/><F41/><W40/><G20/><T102/><D74/><N who="3" m="28169" /><G46/><N who="0" m="23927" /><D79/><U134/><E131/><V61/><F117/><N who="3" m="44555" /><G52/><T34/><D124/><U86/><E126/><V36/><F54/><W26/><G26/><N who="0" m="18743" /><D15/><U10/><E24/><V106/><F2/><W27/><G27/><T58/><D130/><U35/><E35/><V17/><F33/><W60/><G60/><T23/><D23/><U112/><E112/><V51/><F21/><W116/><N who="3" m="44563" /><W99/><DORA hai="64" /><G129/><T81/><D81/><U132/><REACH who="1" step="1"/><E50/><REACH who="1" ten="257,178,325,230" step="2"/><V56/><F51/><W11/><G40/><T109/><D109/><U87/><E87/><V121/><F36/><W84/><G42/><T77/><D77/><U32/><E32/><V25/><F25/><W1/><G84/><T76/><D76/><U57/><E57/><V4/><F56/><W98/><G98/><T80/><D80/><U13/><E13/><V97/><F97/><N who="3" m="57519" /><G1/><T110/><D110/><U9/><E9/><AGARI ba="0,1" hai="9,11,91,94,99" m="57519,44563,28169" machi="9" ten="50,1600,0" yaku="12,1" doraHai="96,64" who="3" fromWho="1" sc="257,0,178,-16,325,0,230,26" /><INIT seed="6,0,0,3,3,71" ten="257,162,325,256" oya="2" hai0="15,75,65,113,26,89,22,128,101,112,135,53,120" hai1="39,90,36,106,42,98,59,27,104,56,1,123,66" hai2="91,48,110,126,25,60,73,46,105,34,129,97,78" hai3="23,132,108,44,133,28,94,100,45,95,92,13,0"/><V54/><F129/><W115/><G108/><T72/><D120/><U11/><E123/><V35/><F126/><W10/><G0/><T14/><D101/><U111/><E111/><V68/><F78/><W96/><G28/><T119/><D65/><U85/><E42/><V118/><F73/><W121/><G23/><T87/><D53/><U107/><E98/><V3/><F3/><W109/><G109/><T52/><D128/><U124/><E124/><V38/><F118/><W125/><G125/><T12/><D52/><U32/><E32/><V6/><F6/><N who="3" m="3287" /><G121/><T127/><D127/><U47/><E47/><N who="3" m="17994" /><G115/><N who="0" m="44107" /><D135/><AGARI ba="0,0" hai="92,94,95,96,100,132,133,135" m="17994,3287" machi="135" ten="30,1000,0" yaku="20,1" doraHai="71" who="3" fromWho="0" sc="257,-10,162,0,325,0,256,10" /><INIT seed="7,0,0,4,4,131" ten="247,162,325,266" oya="3" hai0="88,103,119,97,8,31,85,4,75,25,6,53,96" hai1="34,33,82,16,83,39,56,29,112,28,91,38,135" hai2="19,102,22,24,80,3,35,73,109,49,11,20,0" hai3="62,41,128,70,14,120,47,54,67,94,124,30,134"/><W116/><G116/><T61/><D119/><U106/><E106/><V63/><F102/><W90/><G120/><T115/><D75/><U37/><E56/><V15/><F109/><W98/><G128/><T52/><D115/><U57/><E57/><V26/><F63/><W86/><G124/><T58/><D53/><U95/><E112/><V55/><F80/><N who="1" m="30761" /><E95/><V48/><F73/><W9/><G30/><N who="1" m="11882" /><E91/><V51/><F55/><W99/><G54/><T126/><D126/><U12/><E12/><V121/><F48/><W72/><G72/><T129/><D129/><U122/><E122/><V101/><F49/><W64/><G64/><T104/><D97/><U66/><E66/><V23/><F51/><W5/><G134/><T50/><D50/><AGARI ba="0,0" hai="5,9,14,41,47,50,62,67,70,86,90,94,98,99" machi="50" ten="30,1500,0" yaku="7,1" doraHai="131" who="3" fromWho="0" sc="247,-15,162,0,325,0,266,15" /><INIT seed="7,1,0,2,5,24" ten="232,162,325,281" oya="3" hai0="69,22,65,115,59,15,77,98,119,114,62,134,18" hai1="5,130,97,36,61,42,41,122,55,103,64,10,34" hai2="33,85,83,43,111,21,70,87,95,52,11,116,79" hai3="48,102,54,73,81,3,112,37,40,132,107,126,68"/><W14/><G3/><T53/><D119/><U39/><E130/><V31/><F70/><W29/><G68/><T108/><D108/><U67/><E122/><V2/><F33/><W1/><G1/><T124/><D124/><U74/><E74/><V104/><F104/><W60/><G112/><N who="0" m="43051" /><D134/><U129/><E129/><V91/><F43/><N who="1" m="16393" /><E97/><V66/><F66/><N who="1" m="25129" /><E103/><V49/><F11/><W93/><G102/><T120/><D120/><U26/><E26/><N who="2" m="16847" /><F2/><W135/><G126/><T45/><D77/><U131/><E10/><V99/><F116/><W110/><G132/><T123/><D123/><U80/><E80/><V100/><F111/><W128/><G81/><T75/><D75/><U94/><E5/><V92/><F85/><W4/><G135/><T25/><D98/><U44/><E34/><V20/><F20/><W0/><G73/><T86/><D86/><U127/><E131/><V113/><F113/><W51/><G128/><T9/><D69/><U47/><E127/><V56/><F92/><W58/><G93/><T30/><D45/><N who="1" m="17483" /><E94/><V27/><F27/><W133/><G133/><T106/><D106/><U71/><E71/><V7/><F7/><W16/><G4/><T101/><D101/><AGARI ba="1,0" hai="49,52,56,79,83,87,91,95,99,100,101" m="16847" machi="101" ten="30,3900,0" yaku="8,1,52,1,54,1" doraHai="24" who="2" fromWho="0" sc="232,-42,162,0,325,42,281,0" owari="190,-21.0,162,-34.0,367,47.0,281,8.0" /></mjloggm>