<mjloggm ver="2.3"><GO type="169" lobby="0"/><UN n0="%E3%81%B2%E3%81%AA%E3%81%B3%E3%81%9F%E3%82%AD%E3%83%8E%E3%82%B3" n1="%E6%9B%BF%E7%8E%89%E5%9B%BA%E9%BA%BA" n2="%E7%B4%85%E8%8C%B6%30%37" n3="%E7%83%8F%E8%B3%8A%E4%B9%8B%E8%BC%94" dan="16,16,17,17" rate="2088.22,2142.17,2112.60,2198.76" sx="M,M,M,M"/><TAIKYOKU oya="0"/><INIT seed="0,0,0,4,2,60" ten="250,250,250,250" oya="0" hai0="58,28,128,134,5,123,64,14,16,32,118,15,101" hai1="86,45,47,72,126,2,10,23,113,130,79,95,104" hai2="1,52,84,125,34,4,74,122,102,127,93,21,106" hai3="103,56,77,120,39,82,62,12,63,49,85,115,71"/><T19/><D123/><U129/><E104/><V117/><F122/><W109/><G115/><T70/><D118/><U135/><E126/><N who="2" m="48139" /><F34/><W114/><G114/><T40/><D134/><U24/><E135/><V76/><F1/><W31/><G39/><T78/><D70/><U90/><E113/><V75/><F4/><W99/><G120/><T57/><D128/><N who="1" m="49259" /><E72/><V36/><F36/><W13/><G109/><T30/><D5/><N who="1" m="1335" /><E79/><V7/><F76/><W33/><G49/><T0/><D0/><U124/><E124/><V98/><F7/><W108/><G108/><T131/><D131/><U51/><E51/><V80/><F117/><W55/><G31/><AGARI ba="0,0" hai="23,24,31,45,47,86,90,95" m="1335,49259" machi="31" ten="30,1000,0" yaku="19,1" doraHai="60" who="1" fromWho="3" sc="250,0,250,10,250,0,250,-10" /><INIT seed="1,0,0,1,2,110" ten="250,260,250,240" oya="1" hai0="39,119,71,127,46,120,65,13,84,55,14,19,126" hai1="89,64,79,68,91,6,78,10,67,122,27,2,114" hai2="1,5,81,61,112,131,83,104,3,12,58,116,134" hai3="74,56,70,101,22,59,96,31,66,85,24,99,50"/><U30/><E122/><V4/><F116/><W72/><G70/><T76/><D119/><U29/><E114/><V109/><F104/><W44/><G59/><T35/><D120/><U106/><E106/><V82/><F109/><W48/><G85/><T97/><D35/><U16/><E30/><V18/><F131/><W75/><G44/><T17/><D97/><U37/><E37/><V135/><F3/><W34/><G34/><T125/><D65/><U52/><E68/><V38/><F38/><W28/><G28/><T20/><D71/><U77/><E67/><V117/><F117/><W90/><G90/><T9/><D55/><U63/><E64/><V115/><F1/><W69/><G96/><T11/><D20/><U33/><REACH who="1" step="1"/><E16/><REACH who="1" ten="250,250,250,240" step="2"/><V8/><F18/><W124/><G69/><T132/><D39/><U23/><E23/><V32/><F32/><W41/><G66/><T98/><D19/><U0/><E0/><V123/><F123/><W54/><G31/><T49/><D17/><U42/><E42/><V95/><F5/><W73/><G22/><T94/><D125/><U43/><E43/><V121/><F121/><W107/><G124/><T15/><D126/><U108/><E108/><V118/><F118/><W88/><G41/><T128/><D127/><U53/><E53/><N who="2" m="33999" /><F112/><W21/><G21/><T40/><D40/><U51/><E51/><V80/><F115/><W45/><G50/><T111/><D49/><U36/><E36/><V57/><N who="2" m="20480" /><DORA hai="25" /><V103/><F57/><AGARI ba="0,1" hai="2,6,10,27,29,33,52,57,63,77,78,79,89,91" machi="57" ten="40,12000,1" yaku="1,1,52,1,54,1,53,2" doraHai="110,25" doraHaiUra="86,130" who="1" fromWho="2" sc="250,0,250,130,250,-120,240,0" /><INIT seed="1,1,0,3,5,113" ten="250,380,130,240" oya="1" hai0="52,81,70,86,15,128,103,38,42,121,79,37,90" hai1="109,32,22,61,106,93,34,13,4,111,28,115,10" hai2="114,33,69,132,80,35,12,17,104,89,65,31,29" hai3="77,63,7,135,73,133,25,45,131,27,96,64,60"/><U57/><E115/><V94/><F104/><W85/><G73/><T58/><D70/><U122/><E106/><V46/><F114/><W48/><G7/><T21/><D128/><U105/><E105/><V39/><F35/><W75/><G75/><T6/><D103/><U50/><E122/><V24/><F31/><W97/><G131/><T67/><D67/><U92/><E50/><V54/><F65/><W74/><G74/><T41/><D121/><U43/><E43/><V66/><F66/><W51/><G85/><T91/><D41/><U20/><E20/><V84/><F69/><W123/><G77/><T18/><D6/><U82/><E82/><V130/><F130/><W120/><G64/><T55/><D55/><N who="1" m="33983" /><E22/><V116/><F39/><W83/><G83/><T72/><D42/><U99/><E92/><V8/><F94/><W129/><G129/><T98/><D98/><U87/><E87/><V36/><F36/><W107/><G107/><T100/><D100/><N who="1" m="60527" /><E28/><V78/><F78/><W49/><G49/><N who="0" m="30991" /><D91/><U134/><E134/><V112/><F112/><W1/><REACH who="3" step="1"/><G45/><REACH who="3" ten="250,380,130,230" step="2"/><T110/><D79/><U118/><E111/><V68/><F132/><W101/><G101/><T127/><D72/><U62/><E109/><V108/><F108/><W0/><AGARI ba="1,1" hai="0,1,25,27,48,51,60,63,96,97,120,123,133,135" machi="0" ten="25,12000,2" yaku="1,1,0,1,22,2,53,2" doraHai="113" doraHaiUra="47" who="3" fromWho="3" sc="250,-31,380,-61,130,-31,230,133" /><INIT seed="2,0,0,2,4,132" ten="219,319,99,363" oya="2" hai0="110,80,77,75,125,90,24,14,72,94,102,99,111" hai1="13,53,12,9,61,109,55,104,103,92,118,87,97" hai2="59,134,8,47,43,2,105,95,5,20,50,16,128" hai3="85,129,74,112,57,98,120,67,7,30,130,51,28"/><V44/><F128/><N who="3" m="49259" /><G74/><N who="0" m="43063" /><D14/><U49/><E109/><N who="0" m="41481" /><D24/><U63/><E118/><V117/><F134/><W65/><G98/><N who="0" m="57687" /><D125/><U26/><E26/><V39/><F117/><W21/><G112/><T69/><D69/><U54/><E49/><V17/><F105/><AGARI ba="0,0" hai="72,75,99,102,105" m="57687,41481,43063" machi="105" ten="30,3900,0" yaku="14,1,34,2" doraHai="132" who="0" fromWho="2" sc="219,39,319,0,99,-39,363,0" /><INIT seed="3,0,0,4,1,10" ten="258,319,60,363" oya="3" hai0="19,78,23,123,95,54,1,47,0,115,84,132,82" hai1="130,26,11,126,106,93,116,59,70,86,15,104,108" hai2="69,28,45,20,71,134,27,7,119,63,98,128,42" hai3="68,39,74,12,21,96,80,49,44,30,131,125,94"/><W14/><G39/><T57/><D123/><U111/><E70/><V5/><F128/><W3/><G3/><T38/><D132/><U61/><E130/><V103/><F134/><W31/><G68/><T92/><D115/><U51/><E126/><V97/><F119/><W4/><G131/><T16/><D19/><U76/><E116/><V65/><F69/><W66/><G4/><T101/><D47/><U64/><E26/><V118/><F118/><W120/><G120/><T50/><D38/><U48/><E106/><V2/><F2/><W13/><G74/><T53/><D101/><U37/><E104/><V91/><F91/><N who="3" m="55391" /><G80/><T124/><D124/><U22/><E22/><V77/><F77/><W135/><G135/><T40/><D40/><U56/><E37/><V62/><F62/><W105/><G105/><T127/><D127/><U110/><E59/><V79/><F79/><W89/><G89/><T17/><D1/><U75/><E75/><V8/><F8/><W87/><G87/><T58/><D0/><U24/><E24/><V133/><F133/><W29/><G66/><T117/><D117/><U52/><E64/><V100/><F100/><W109/><G109/><T18/><D23/><U72/><E72/><V55/><F55/><N who="3" m="30119" /><G125/><T129/><D129/><U113/><E113/><V88/><F88/><W33/><G33/><T112/><D112/><U25/><E93/><V73/><F73/><W122/><G122/><T32/><D32/><U90/><E90/><V36/><REACH who="2" step="1"/><F97/><REACH who="2" ten="258,319,50,363" step="2"/><W43/><G43/><T41/><D41/><U114/><E114/><V6/><F6/><RYUUKYOKU ba="0,1" sc="258,10,319,-30,50,10,363,10" hai0="16,17,18,50,53,54,57,58,78,82,84,92,95" hai2="5,7,20,27,28,36,42,45,63,65,71,98,103" hai3="12,13,14,21,29,30,31" /><INIT seed="3,1,1,3,2,6" ten="268,289,60,373" oya="3" hai0="61,72,82,48,125,107,26,119,96,49,8,42,16" hai1="129,0,17,63,37,113,78,120,74,99,45,64,111" hai2="24,31,80,132,110,75,118,135,104,52,38,91,62" hai3="68,100,128,76,34,85,69,84,108,81,57,11,126"/><W35/><G126/><T4/><D125/><U112/><E120/><V19/><F38/><W12/><G128/><T51/><D119/><U127/><E127/><V23/><F104/><W15/><G100/><T58/><D72/><U102/><E129/><V50/><F118/><W2/><G2/><T5/><D82/><N who="1" m="45399" /><E17/><V56/><F110/><W105/><G105/><T39/><D39/><U133/><E133/><V83/><F75/><W98/><G98/><T97/><D42/><N who="1" m="22735" /><E111/><V90/><F132/><W30/><G15/><T32/><D32/><U53/><E53/><V66/><F135/><W43/><G43/><T109/><D109/><U93/><E93/><V47/><F91/><W121/><G121/><T115/><D115/><U59/><E59/><V79/><F79/><W46/><G46/><T40/><D40/><U88/><E88/><V124/><F124/><W44/><G44/><T122/><D122/><U94/><E94/><V29/><F90/><W60/><G85/><T134/><D134/><U20/><E20/><V130/><F130/><W71/><G30/><T54/><D26/><U67/><E67/><V36/><F36/><W77/><G77/><T25/><D25/><U73/><E73/><V101/><F101/><W106/><G106/><T55/><D55/><U103/><E103/><V22/><REACH who="2" step="1"/><F31/><REACH who="2" ten="268,289,50,373" step="2"/><W18/><REACH who="3" step="1"/><G108/><REACH who="3" ten="268,289,50,363" step="2"/><T14/><D107/><N who="1" m="63967" /><E113/><V89/><F89/><W123/><G123/><T3/><D97/><U117/><E112/><V9/><F9/><W92/><G92/><T41/><D96/><U70/><E117/><V65/><F65/><AGARI ba="1,3" hai="11,12,18,34,35,57,60,65,68,69,71,76,81,84" machi="65" ten="40,3900,0" yaku="1,1,52,1,53,0" doraHai="6" doraHaiUra="131" who="3" fromWho="2" sc="268,0,289,0,50,-42,363,72" /><INIT seed="3,2,0,5,0,60" ten="268,289,8,435" oya="3" hai0="6,29,58,31,70,54,108,93,15,30,77,45,53" hai1="10,40,18,100,125,12,49,89,85,1,107,9,63" hai2="90,46,128,113,94,21,95,91,76,74,25,123,17" hai3="43,102,73,69,8,104,120,34,72,131,50,105,16"/><W80/><BYE who="2" /><G120/><T36/><D70/><U81/><E125/><V51/><F51/><W88/><G34/><T97/><D108/><U130/><E130/><V26/><F26/><W48/><G69/><T135/><D135/><U118/><E118/><V122/><F122/><W23/><G131/><T28/><D77/><U129/><E129/><V32/><F32/><W44/><G8/><T64/><D36/><U0/><E107/><V99/><F99/><W11/><G105/><T106/><D106/><U4/><E100/><V59/><F59/><W133/><G11/><N who="0" m="4599" /><D45/><U119/><E119/><V79/><F79/><W20/><G20/><T68/><D68/><U55/><E63/><V57/><F57/><W5/><G73/><T39/><D39/><U2/><REACH who="1" step="1"/><E40/><REACH who="1" ten="268,279,8,435" step="2"/><V112/><F112/><W24/><G102/><N who="0" m="60719" /><D31/><U67/><E67/><V78/><F78/><W66/><G104/><T103/><D103/><U3/><E3/><V37/><F37/><W132/><G132/><T96/><D96/><U52/><E52/><V56/><F56/><AGARI ba="2,1" hai="0,1,2,4,9,10,12,18,49,55,56,81,85,89" machi="56" ten="30,2000,0" yaku="1,1,7,1,53,0" doraHai="60" doraHaiUra="27" who="1" fromWho="2" sc="268,0,279,36,8,-26,435,0" owari="268,-13.0,315,12.0,-18,-52.0,435,53.0" /></mjloggm>