<mjloggm ver="2.3"><GO type="169" lobby="0"/><UN n0="%E7%B7%91%E3%81%AE%E3%83%A9%E3%83%B3%E3%83%97" n1="%E3%81%88%E3%81%8C%E3%82%8F%E3%82%8A%E3%81%8A" n2="%E3%81%B2%E3%81%AA%E3%81%B3%E3%81%9F%E3%82%AD%E3%83%8E%E3%82%B3" n3="%E3%81%94%E3%81%96%E3%83%BC%E3%82%8B%E3%81%94%E3%81%96%E3%82%8B" dan="16,16,16,16" rate="2081.07,2067.58,2086.46,2122.45" sx="M,M,M,M"/><TAIKYOKU oya="0"/><INIT seed="0,0,0,1,0,128" ten="250,250,250,250" oya="0" hai0="130,55,17,41,0,116,89,49,18,47,124,59,72" hai1="16,6,31,64,98,69,133,37,33,36,10,125,11" hai2="74,135,67,119,123,27,30,15,120,103,81,45,129" hai3="114,56,92,112,24,32,118,50,75,38,20,29,48"/><T22/><D130/><U65/><E125/><V121/><F129/><W100/><G75/><T3/><D124/><U57/><E69/><V23/><F67/><W115/><G38/><T101/><D72/><U132/><E11/><V77/><F119/><W9/><G118/><T127/><D127/><U14/><E6/><V108/><F108/><W25/><G56/><T110/><D116/><U88/><E31/><V80/><F103/><W76/><G76/><T102/><D3/><U2/><E2/><V83/><F135/><N who="1" m="51785" /><E33/><V131/><F131/><W1/><G9/><T68/><D17/><U13/><E13/><V96/><F45/><W79/><G79/><T73/><D73/><U61/><E65/><V78/><F15/><W53/><G53/><T95/><D0/><U19/><E19/><V26/><F26/><W8/><G8/><T60/><D110/><U58/><E58/><V111/><F111/><W44/><G44/><T62/><D62/><U63/><E63/><V71/><F71/><W91/><G1/><T90/><D68/><U54/><E54/><V109/><F109/><W39/><G39/><T51/><D90/><U97/><E97/><V40/><F96/><N who="3" m="59399" /><G91/><T122/><D122/><U34/><E34/><V66/><F66/><W86/><G32/><T99/><D51/><U104/><E104/><V87/><F40/><W35/><G35/><T70/><D70/><U5/><E5/><V134/><F134/><W12/><G50/><T94/><D94/><AGARI ba="0,0" hai="10,14,16,36,37,57,61,64,88,94,98" m="51785" machi="94" ten="30,12000,2" yaku="20,1,52,3,54,2" doraHai="128" who="1" fromWho="0" sc="250,-120,250,120,250,0,250,0" /><INIT seed="1,0,0,3,1,29" ten="130,370,250,250" oya="1" hai0="64,100,66,73,112,111,54,31,44,92,105,104,70" hai1="30,109,9,43,21,117,110,55,40,126,1,10,36" hai2="123,58,71,81,78,12,39,116,99,80,120,108,2" hai3="59,25,79,68,101,52,53,94,85,11,60,24,26"/><U103/><E117/><V129/><F2/><W128/><G68/><T118/><D118/><U75/><E75/><V67/><F116/><W49/><G128/><T106/><D73/><U74/><E74/><V38/><F129/><W63/><G101/><T50/><D112/><U20/><E126/><V13/><F71/><W23/><G11/><N who="1" m="4106" /><E103/><V97/><F108/><N who="1" m="41577" /><E1/><V19/><F120/><W32/><G32/><T18/><D111/><U130/><E130/><V7/><F7/><W86/><G86/><T16/><D31/><U45/><E43/><V65/><F19/><W122/><G122/><T33/><D92/><U135/><E135/><V37/><F123/><W107/><G107/><T124/><D100/><U133/><E133/><V4/><F4/><W89/><G79/><T87/><D87/><U42/><E42/><V132/><F132/><W95/><G95/><T15/><D124/><U72/><E72/><V90/><F81/><W91/><G91/><T48/><D106/><U14/><E14/><V0/><F90/><W77/><G63/><T62/><D105/><U113/><E113/><V115/><F0/><W127/><G77/><T93/><D93/><U34/><E55/><V119/><F119/><W27/><G127/><T6/><D104/><U114/><E114/><V51/><F115/><W96/><G85/><T61/><D54/><U8/><N who="1" m="4114" /><U134/><DORA hai="22" /><E134/><V17/><F78/><W46/><G27/><AGARI ba="0,0" hai="20,21,27,30,34,36,40,45" m="41577,4114" machi="27" ten="40,12000,1" yaku="14,1,10,1,52,2" doraHai="29,22" who="1" fromWho="3" sc="130,0,370,120,250,0,250,-120" /><INIT seed="1,1,0,0,5,26" ten="130,490,250,130" oya="1" hai0="93,16,107,33,46,114,53,52,66,44,121,117,22" hai1="97,8,34,89,48,134,24,51,36,69,101,80,78" hai2="71,75,65,13,4,76,2,116,17,0,39,83,68" hai3="74,6,20,113,126,12,103,43,106,127,5,96,77"/><U1/><E134/><V35/><F116/><W60/><G113/><T29/><D117/><U7/><E69/><V123/><F35/><W119/><G119/><T92/><D107/><U55/><E36/><V111/><F111/><W49/><G60/><T98/><D66/><U88/><E48/><V87/><F39/><W120/><G120/><T124/><D114/><U85/><E34/><V56/><F123/><W102/><G102/><T28/><D33/><U81/><E24/><V32/><F32/><W86/><G74/><T128/><D121/><U14/><E81/><V27/><F27/><W64/><G64/><T42/><D128/><U99/><E1/><V21/><F75/><W131/><G131/><T94/><D98/><N who="1" m="37387" /><E101/><V23/><F23/><W73/><G73/><T115/><D115/><U82/><E82/><V58/><F71/><W90/><G77/><T118/><D124/><N who="3" m="47657" /><G49/><N who="0" m="26775" /><D118/><U11/><E11/><V112/><F112/><W108/><G43/><T67/><D67/><U19/><E7/><V9/><F2/><W31/><G108/><T15/><D46/><AGARI ba="1,0" hai="8,14,19,46,51,55,78,80,85,88,89" m="37387" machi="46" ten="30,2900,0" yaku="8,1,54,1" doraHai="26" who="1" fromWho="0" sc="130,-32,490,32,250,0,130,0" /><INIT seed="1,2,0,3,2,123" ten="98,522,250,130" oya="1" hai0="45,65,18,111,54,31,108,25,3,122,77,73,1" hai1="90,128,37,103,125,2,10,67,68,64,66,23,135" hai2="75,132,58,30,107,112,57,51,97,88,41,115,28" hai3="92,20,49,94,34,119,124,5,79,24,133,47,14"/><U21/><E135/><V83/><F132/><W39/><G133/><T13/><D65/><U100/><E128/><V76/><F30/><W131/><G39/><T84/><D73/><U116/><E116/><V56/><F28/><W29/><G124/><T19/><D122/><U8/><E37/><V0/><F0/><W6/><G131/><T11/><D77/><U46/><E46/><V15/><F15/><W38/><G38/><T22/><D84/><U81/><E68/><V48/><F41/><W127/><G127/><T9/><D45/><U61/><E61/><V53/><F88/><W87/><G34/><T99/><D54/><U69/><E69/><V50/><REACH who="2" step="1"/><F53/><REACH who="2" ten="98,522,240,130" step="2"/><N who="3" m="29887" /><G14/><N who="0" m="7503" /><D99/><U74/><E125/><V114/><F114/><W12/><G119/><T63/><D63/><U42/><E42/><V102/><AGARI ba="2,1" hai="48,50,51,56,57,58,75,76,83,97,102,107,112,115" machi="102" ten="40,2700,0" yaku="1,1,0,1,53,0" doraHai="123" doraHaiUra="70" who="2" fromWho="2" sc="98,-9,522,-15,240,43,130,-9" /><INIT seed="2,0,0,4,3,36" ten="89,507,283,121" oya="2" hai0="118,32,135,28,24,90,44,110,64,129,8,0,93" hai1="49,19,117,16,23,34,131,68,130,121,124,57,95" hai2="20,7,70,43,58,30,123,126,99,86,76,67,25" hai3="42,112,103,21,109,111,106,51,63,45,47,115,9"/><V87/><F123/><W26/><G106/><T1/><D118/><U71/><E117/><V6/><F70/><N who="1" m="26665" /><E34/><V101/><F126/><W119/><G103/><T133/><D129/><N who="1" m="49163" /><E124/><V80/><F86/><W82/><G82/><T120/><D120/><U35/><E35/><V74/><F74/><W4/><G119/><T56/><D44/><U22/><E95/><N who="2" m="58623" /><F43/><N who="3" m="25023" /><G63/><AGARI ba="0,0" hai="6,7,20,25,30,58,63,67,76,80,87" m="58623" machi="63" ten="30,2900,0" yaku="25,1,8,1" doraHai="36" who="2" fromWho="3" sc="89,0,507,0,283,29,121,-29" /><INIT seed="2,1,0,2,1,30" ten="89,507,312,92" oya="2" hai0="26,17,89,115,90,55,31,69,59,34,97,107,118" hai1="117,8,124,95,100,16,98,123,44,91,58,29,57" hai2="88,76,75,119,56,25,2,72,54,39,64,41,21" hai3="5,132,18,104,114,121,9,10,128,63,93,83,7"/><V110/><BYE who="1" /><F119/><W52/><G104/><T24/><D69/><UN n1="%E3%81%88%E3%81%8C%E3%82%8F%E3%82%8A%E3%81%8A" /><U14/><E117/><V40/><F64/><W71/><G121/><T45/><D118/><U43/><E124/><V3/><F110/><W62/><G128/><T109/><D109/><U28/><E123/><V125/><F125/><W84/><G132/><T20/><D115/><U33/><E100/><V85/><F40/><W22/><G93/><T67/><D67/><U96/><E96/><V12/><F12/><W103/><G103/><T94/><D45/><U38/><REACH who="1" step="1"/><E29/><REACH who="1" ten="89,497,312,92" step="2"/><V105/><F105/><W127/><G127/><T99/><D107/><U42/><E42/><V70/><F41/><W82/><G114/><T78/><D78/><U15/><E15/><V46/><F3/><W4/><G71/><T32/><D99/><U60/><E60/><V111/><F2/><W0/><G63/><N who="0" m="36351" /><D90/><U116/><E116/><V92/><F111/><W79/><G83/><T48/><D48/><U49/><E49/><V126/><F70/><W36/><G36/><T6/><D6/><U135/><E135/><V101/><F76/><W81/><G81/><T66/><D66/><U73/><E73/><V37/><F37/><W11/><G0/><T112/><D112/><U80/><E80/><V102/><F126/><W1/><G1/><T61/><D61/><U133/><E133/><V50/><F75/><W130/><G130/><T68/><D68/><U113/><E113/><V13/><F72/><W23/><G18/><T108/><D108/><U19/><E19/><V86/><F39/><W129/><G129/><T35/><AGARI ba="1,1" hai="17,20,24,26,31,32,34,35,89,94,97" m="36351" machi="35" ten="30,8000,1" yaku="5,1,25,1,52,3" doraHai="30" who="0" fromWho="0" sc="89,93,497,-21,312,-41,92,-21" /><INIT seed="3,0,0,5,4,47" ten="182,476,271,71" oya="3" hai0="92,49,132,8,85,111,38,120,121,48,9,58,20" hai1="53,82,45,74,19,46,14,128,0,107,56,110,33" hai2="75,30,77,11,76,117,102,16,91,88,10,28,1" hai3="131,123,79,67,72,39,13,101,99,44,65,126,116"/><W94/><G123/><T29/><D111/><U95/><E107/><V43/><F117/><W122/><G122/><T40/><D38/><U21/><E0/><V32/><F102/><W60/><G116/><T134/><D120/><U84/><E110/><V113/><F113/><W12/><G131/><T112/><D121/><U119/><E128/><V59/><F75/><W80/><G126/><T22/><D40/><U109/><E33/><V52/><F43/><W70/><G39/><T36/><D58/><U57/><E109/><V55/><F1/><W115/><G115/><T124/><D36/><U35/><E35/><V7/><F7/><W63/><REACH who="3" step="1"/><G44/><REACH who="3" ten="182,476,271,61" step="2"/><T15/><D112/><U97/><E119/><V104/><F32/><W51/><G51/><N who="0" m="19531" /><D124/><U93/><E45/><V31/><F31/><W62/><G62/><T25/><D134/><U64/><E46/><V42/><F30/><W90/><G90/><N who="0" m="53327" /><D132/><U68/><E57/><AGARI ba="0,1" hai="12,13,57,60,63,65,67,70,72,79,80,94,99,101" machi="57" ten="30,2900,0" yaku="1,1,7,1,53,0" doraHai="47" doraHaiUra="17" who="3" fromWho="1" sc="182,0,476,-29,271,0,61,39" /><INIT seed="3,1,0,1,2,11" ten="182,447,271,100" oya="3" hai0="85,50,72,26,99,97,105,45,38,27,54,28,9" hai1="92,48,24,7,132,70,4,2,65,1,20,103,17" hai2="125,34,113,73,100,44,126,19,56,90,67,130,112" hai3="124,31,82,128,104,114,135,14,21,83,110,129,117"/><W29/><G104/><T42/><D72/><U40/><E132/><V91/><F73/><W123/><G123/><T109/><D109/><U63/><E1/><V46/><F34/><W49/><G135/><T98/><D105/><U94/><E2/><V122/><F122/><W60/><G60/><T62/><D85/><U16/><E17/><V111/><F111/><W32/><G110/><T55/><D27/><U68/><E70/><V13/><F100/><W64/><G64/><T53/><D9/><U37/><E37/><V108/><F108/><W119/><G32/><T33/><REACH who="0" step="1"/><D62/><REACH who="0" ten="172,447,271,100" step="2"/><U101/><E63/><V77/><F113/><W102/><G114/><T47/><AGARI ba="1,1" hai="26,28,33,38,42,45,47,50,53,54,55,97,98,99" machi="47" ten="30,4000,0" yaku="1,1,2,1,0,1,53,0" doraHai="11" doraHaiUra="58" who="0" fromWho="0" sc="172,53,447,-11,271,-11,100,-21" /><INIT seed="4,0,0,5,0,42" ten="225,436,260,79" oya="0" hai0="82,57,51,49,103,109,100,122,119,9,21,114,20" hai1="134,135,96,123,12,111,113,86,16,85,48,124,19" hai2="127,74,18,43,71,58,27,78,26,105,22,41,80" hai3="37,115,15,0,90,1,94,99,95,47,79,30,75"/><T24/><D119/><U13/><E111/><V73/><F71/><W2/><G115/><T92/><D114/><U59/><E113/><V4/><F105/><W128/><G128/><T55/><D122/><U67/><E123/><V120/><F120/><W63/><G75/><T61/><D109/><U101/><E124/><V106/><F106/><W35/><G79/><T52/><D9/><U87/><E67/><V91/><F127/><W36/><G30/><T3/><D3/><U44/><E59/><V102/><F102/><W130/><G35/><T118/><D118/><U84/><E84/><V33/><F74/><W10/><G63/><T32/><D82/><U93/><E12/><V29/><F4/><W104/><G104/><T25/><D32/><U81/><E81/><V50/><F91/><W23/><G23/><N who="0" m="8779" /><D61/><U116/><E116/><V132/><F132/><N who="1" m="50729" /><E13/><V88/><F88/><W8/><G130/><T34/><D34/><U126/><E126/><V107/><F107/><W62/><G62/><T98/><D103/><U76/><E76/><V45/><F58/><AGARI ba="0,0" hai="24,25,49,51,52,55,57,58,92,98,100" m="8779" machi="58" ten="30,2900,0" yaku="8,1,54,1" doraHai="42" who="0" fromWho="2" sc="225,29,436,0,260,-29,79,0" /><INIT seed="4,1,0,0,4,107" ten="254,436,231,79" oya="0" hai0="86,6,19,105,44,127,0,30,16,65,11,32,48" hai1="23,96,33,39,7,122,20,113,22,14,15,51,66" hai2="43,94,79,106,70,100,118,98,104,40,90,108,126" hai3="133,120,99,121,102,42,131,35,2,129,88,57,41"/><T8/><D105/><U84/><E84/><V132/><F70/><W25/><G2/><T37/><D37/><U111/><E111/><V109/><F43/><W115/><G102/><T5/><D65/><U18/><E18/><V28/><F40/><W101/><G101/><T52/><D127/><U9/><E9/><V61/><F61/><W69/><G69/><T63/><D63/><U50/><E50/><V87/><F28/><N who="3" m="19855" /><G57/><T46/><D46/><U77/><E77/><V58/><F58/><W62/><G62/><T75/><D75/><U91/><E91/><V135/><F126/><W67/><G67/><T49/><D49/><U128/><E128/><N who="3" m="49226" /><G115/><T71/><D71/><U17/><E17/><V24/><F106/><W93/><G133/><T3/><D86/><U97/><E97/><V119/><F79/><W13/><G13/><T29/><D29/><U89/><E89/><V85/><F85/><W123/><AGARI ba="1,0" hai="41,42,88,93,99,120,121,123" m="49226,19855" machi="123" ten="40,5200,0" yaku="13,1,19,1,54,1" doraHai="107" who="3" fromWho="3" sc="254,-27,436,-14,231,-14,79,55" /><INIT seed="5,0,0,1,1,20" ten="227,422,217,134" oya="1" hai0="79,121,101,114,102,88,67,61,134,81,13,78,16" hai1="25,59,85,124,2,128,33,26,17,75,0,10,125" hai2="32,40,73,115,127,106,74,65,7,108,109,31,52" hai3="110,68,45,87,1,95,123,48,47,84,130,96,57"/><U103/><E103/><N who="0" m="39433" /><D134/><U58/><E58/><V35/><F106/><W21/><G1/><T29/><D29/><U41/><E41/><V24/><F65/><W77/><G68/><T34/><D34/><U6/><E6/><V86/><F40/><W63/><G110/><T117/><D117/><U104/><E104/><V22/><F86/><W9/><G9/><T3/><D3/><U126/><E126/><V89/><BYE who="1" /><F89/><W69/><G69/><T8/><D121/><U62/><E62/><V94/><F94/><W82/><G130/><T129/><D114/><U50/><E50/><V23/><F115/><W39/><G39/><T83/><D83/><U76/><E76/><V93/><F93/><W36/><G36/><T91/><D129/><U15/><E15/><V53/><F127/><W97/><G123/><T72/><D72/><U113/><E113/><V18/><F7/><W19/><G47/><T43/><D43/><U44/><E44/><V120/><F120/><W56/><G48/><T60/><D67/><U100/><E100/><V12/><F109/><W112/><G112/><T46/><D46/><U27/><E27/><V70/><F70/><W80/><G45/><T107/><D107/><U11/><E11/><V111/><F111/><W118/><G95/><T37/><D37/><U64/><E64/><V99/><F108/><W119/><G118/><T116/><D116/><U14/><E14/><V131/><F131/><W132/><G119/><T55/><D81/><U133/><E133/><V54/><F99/><N who="3" m="37963" /><G132/><T122/><D122/><U4/><E4/><V71/><F71/><RYUUKYOKU ba="0,0" sc="227,-10,422,-10,217,30,134,-10" hai2="12,18,22,23,24,31,32,35,52,53,54,73,74" /><INIT seed="6,1,0,4,3,128" ten="217,412,247,124" oya="2" hai0="13,112,16,66,111,129,108,67,82,59,17,68,41" hai1="78,103,124,91,28,125,115,72,48,85,126,6,106" hai2="122,4,121,84,114,92,34,29,63,46,18,0,107" hai3="60,37,80,61,10,51,7,40,132,71,99,52,73"/><V90/><F107/><W33/><G33/><T135/><D129/><U45/><E45/><V19/><F114/><W64/><G61/><T133/><D112/><U26/><E26/><V93/><F34/><W74/><G99/><T47/><D82/><U39/><E39/><V44/><F29/><W70/><G70/><T96/><D96/><U75/><E75/><V117/><F117/><W65/><G65/><T1/><D1/><U105/><E105/><V32/><F32/><W2/><G132/><N who="0" m="50763" /><D17/><U21/><E21/><V43/><F63/><W118/><G118/><T55/><D68/><U23/><E23/><V76/><F93/><W123/><G123/><T50/><D13/><U54/><E54/><V130/><F130/><W100/><G100/><T62/><D16/><U30/><E30/><V77/><F19/><W42/><G37/><T120/><D120/><U69/><E69/><V110/><F18/><W89/><G74/><T104/><D104/><U102/><E102/><V8/><F110/><AGARI ba="1,0" hai="41,47,50,55,59,62,66,67,108,110,111" m="50763" machi="110" ten="30,12000,2" yaku="20,1,34,2,52,3" doraHai="128" who="0" fromWho="2" sc="217,123,412,0,247,-123,124,0" /><INIT seed="7,0,0,0,3,118" ten="340,412,124,124" oya="3" hai0="115,103,132,36,104,62,37,43,69,21,95,1,4" hai1="114,133,30,9,135,26,83,107,80,88,125,31,96" hai2="57,110,50,127,38,126,71,82,119,74,10,85,48" hai3="19,66,39,25,84,100,65,128,94,72,97,27,134"/><W87/><G39/><T46/><D132/><U61/><E61/><V47/><F71/><W123/><G72/><T113/><D95/><U92/><E92/><V40/><F119/><W32/><G134/><T51/><D21/><U76/><E76/><N who="2" m="46279" /><F110/><W15/><G128/><T29/><D29/><U17/><E17/><V58/><F74/><W77/><G123/><T52/><D4/><U116/><E116/><V68/><F68/><W79/><G32/><T3/><D103/><U89/><E89/><V42/><F10/><W99/><G94/><T12/><D12/><U59/><E59/><N who="2" m="22539" /><F42/><W14/><G19/><T112/><D104/><U8/><E8/><V6/><F6/><W2/><G2/><T28/><D28/><U20/><E20/><V55/><F55/><W24/><G24/><T86/><D86/><U111/><E111/><V124/><AGARI ba="0,0" hai="38,40,47,48,50,124,126,127" m="22539,46279" machi="124" ten="40,1500,0" yaku="18,1" doraHai="118" who="2" fromWho="2" sc="340,-4,412,-4,124,15,124,-7" owari="336,14.0,408,50.0,139,-26.0,117,-38.0" /></mjloggm>