<mjloggm ver="2.3"><GO type="169" lobby="0"/><UN n0="%E5%BD%BC%E5%A5%B3%E6%AC%B2%E3%81%97%E3%81%84%E3%82%88" n1="%E5%A4%A9%E7%A5%9E%E9%B3%B3%E4%BD%8D" n2="%63%6C%75%74%63%68%37%33" n3="%E6%81%A9%E7%94%B0%E5%B8%8C" dan="16,16,17,16" rate="2145.59,2098.06,2160.75,2104.52" sx="M,M,M,F"/><TAIKYOKU oya="0"/><INIT seed="0,0,0,1,1,6" ten="250,250,250,250" oya="0" hai0="33,46,68,47,82,115,122,88,105,2,65,87,80" hai1="71,4,70,91,30,35,45,135,54,57,37,5,98" hai2="27,107,114,97,128,92,66,129,74,125,17,109,3" hai3="38,118,72,63,32,117,60,75,102,26,73,81,111"/><T58/><D122/><U52/><E135/><V133/><F114/><W8/><G38/><T84/><D115/><U11/><E5/><V83/><F3/><W51/><G111/><T49/><D105/><U95/><E30/><V56/><F109/><W127/><G81/><T90/><D33/><U43/><E35/><V79/><F125/><W59/><G102/><T124/><D124/><U64/><E64/><V34/><F107/><W126/><G126/><T132/><D132/><U110/><E110/><V113/><F113/><W31/><G127/><T131/><D131/><U77/><E77/><V13/><F133/><W103/><G103/><T41/><D2/><U19/><E19/><V101/><F34/><W96/><G96/><T78/><D68/><U89/><E89/><V108/><F27/><W112/><G112/><T42/><D78/><U44/><E44/><V16/><F108/><W53/><REACH who="3" step="1"/><G8/><REACH who="3" ten="250,250,250,240" step="2"/><T23/><D23/><U12/><REACH who="1" step="1"/><E54/><REACH who="1" ten="250,240,250,240" step="2"/><V130/><F130/><W29/><G29/><T120/><D120/><U40/><E40/><N who="0" m="15465" /><D65/><U119/><E119/><AGARI ba="0,2" hai="26,31,32,51,53,59,60,63,72,73,75,117,118,119" machi="119" ten="50,1600,0" yaku="1,1,53,0" doraHai="6" doraHaiUra="76" who="3" fromWho="1" sc="250,0,240,-16,250,0,240,36" /><INIT seed="1,0,0,5,0,65" ten="250,224,250,276" oya="1" hai0="14,35,66,97,92,28,88,44,83,98,49,79,103" hai1="111,12,86,115,15,60,96,52,48,110,132,129,54" hai2="47,53,1,99,78,94,2,0,39,21,125,85,76" hai3="22,16,62,90,20,82,36,80,87,25,127,114,13"/><U117/><E115/><V64/><F125/><W104/><G127/><T46/><D66/><U116/><E129/><V58/><F64/><W24/><G104/><T55/><D14/><N who="1" m="5163" /><E132/><V29/><F39/><W5/><G36/><T123/><D123/><U17/><E17/><V40/><F85/><W134/><G134/><T3/><D3/><U18/><E18/><V6/><F6/><W130/><G62/><T32/><D44/><N who="1" m="27655" /><E96/><V68/><F68/><W38/><G38/><T84/><REACH who="0" step="1"/><D28/><REACH who="0" ten="240,224,250,276" step="2"/><U118/><E117/><V37/><F29/><N who="3" m="17543" /><G114/><T135/><D135/><U91/><E54/><V9/><F1/><W8/><G130/><T105/><AGARI ba="0,1" hai="32,35,46,49,55,79,83,84,88,92,97,98,103,105" machi="105" ten="20,5200,0" yaku="1,1,0,1,7,1,54,1,53,0" doraHai="65" doraHaiUra="71" who="0" fromWho="0" sc="240,62,224,-26,250,-13,276,-13" /><INIT seed="2,0,0,0,0,114" ten="302,198,237,263" oya="2" hai0="124,42,99,49,29,73,63,45,71,81,88,67,41" hai1="69,32,43,123,87,15,72,36,54,13,27,112,55" hai2="34,12,44,96,21,38,46,83,22,18,125,93,60" hai3="2,17,97,115,121,7,66,8,4,131,90,130,5"/><V20/><F34/><W48/><G121/><T119/><D124/><U106/><E112/><V100/><F125/><W9/><G66/><T61/><D119/><U105/><E72/><V3/><F3/><W50/><G115/><T133/><D133/><U91/><E123/><V14/><F38/><W28/><G28/><T77/><D29/><U101/><E69/><V113/><F113/><W11/><G17/><T132/><D132/><U135/><E135/><V65/><F83/><W51/><G2/><T64/><D99/><U39/><E32/><V107/><F107/><W84/><G97/><T102/><D102/><U111/><E27/><V37/><F37/><W31/><G31/><T129/><D129/><N who="3" m="49161" /><G84/><T70/><REACH who="0" step="1"/><D88/><AGARI ba="0,0" hai="4,5,7,8,9,11,48,50,51,88,90" m="49161" machi="88" ten="40,12000,2" yaku="29,2,28,2,19,1,54,1" doraHai="114" who="3" fromWho="0" sc="302,-120,198,0,237,0,263,120" /><INIT seed="3,0,0,5,3,94" ten="182,198,237,383" oya="3" hai0="77,76,49,32,129,112,61,17,122,115,24,70,91" hai1="25,93,67,117,18,130,86,69,127,78,51,102,12" hai2="55,73,2,118,80,107,11,87,83,29,7,45,58" hai3="53,38,110,31,44,71,75,95,26,96,13,0,3"/><W23/><G75/><T134/><D122/><U59/><E130/><V63/><F118/><W27/><G71/><T104/><D129/><U36/><E117/><V79/><F107/><W6/><G110/><T34/><D134/><U50/><E127/><V82/><F29/><W120/><G120/><T14/><D104/><U43/><E36/><V92/><F92/><W105/><G105/><T1/><D1/><U15/><E69/><V84/><F84/><W116/><G116/><T30/><D34/><U20/><E78/><V131/><F87/><W47/><G13/><T123/><D123/><U132/><E132/><V56/><F131/><W103/><G44/><T57/><D49/><N who="1" m="18443" /><E43/><V65/><F45/><W128/><G53/><T121/><D121/><U74/><E74/><V28/><F28/><W42/><G6/><T68/><D68/><U98/><E86/><V111/><F111/><W10/><G10/><T133/><D70/><U41/><E41/><V46/><F46/><W126/><G126/><T109/><D109/><U21/><E21/><V119/><F119/><W48/><G38/><T125/><D125/><U4/><E4/><V106/><F106/><W124/><G124/><T62/><D133/><U33/><E33/><V40/><F40/><W99/><G128/><T90/><D115/><U85/><E85/><V113/><F113/><W64/><G64/><N who="0" m="38959" /><D62/><AGARI ba="0,0" hai="12,15,18,20,25,59,62,67,93,98,102" m="18443" machi="62" ten="30,2000,0" yaku="8,1,52,1" doraHai="94" who="1" fromWho="0" sc="182,-20,198,20,237,0,383,0" /><AGARI ba="0,0" hai="2,7,11,55,56,58,62,63,65,73,79,80,82,83" machi="62" ten="30,1000,0" yaku="7,1" doraHai="94" who="2" fromWho="0" sc="162,-10,218,0,237,10,383,0" /><INIT seed="4,0,0,3,1,121" ten="152,218,247,383" oya="0" hai0="75,56,72,95,133,9,80,62,50,82,120,63,26" hai1="61,108,45,109,19,22,103,0,46,84,6,98,131" hai2="85,116,87,60,30,88,101,31,41,65,18,99,125" hai3="40,135,130,1,58,39,102,3,97,111,20,123,124"/><T105/><D120/><U89/><E131/><V34/><F125/><W117/><G123/><T49/><D105/><U93/><E61/><V52/><F41/><W27/><G40/><T126/><D126/><U79/><E79/><V36/><F36/><W10/><G39/><T64/><D133/><U119/><E119/><V42/><F42/><W57/><G58/><T90/><D75/><U29/><E29/><V17/><F87/><W86/><G86/><T77/><D82/><U21/><E21/><V122/><F116/><W106/><G57/><T132/><D132/><U115/><E115/><V81/><F52/><W37/><G37/><T71/><D9/><U33/><E33/><V96/><F96/><W127/><G130/><T7/><D7/><U23/><E23/><V54/><F54/><W113/><G10/><T24/><D24/><U16/><E6/><V78/><F78/><W128/><G20/><T69/><D26/><U53/><E0/><V73/><F73/><W91/><G27/><T43/><D43/><U83/><E19/><N who="2" m="7179" /><F34/><W38/><G38/><T47/><D47/><U14/><REACH who="1" step="1"/><E45/><REACH who="1" ten="152,208,247,383" step="2"/><V5/><F5/><W70/><G117/><T25/><D25/><U68/><E68/><N who="2" m="42023" /><F122/><W100/><G128/><T32/><D32/><U118/><E118/><V11/><F11/><W66/><G135/><T15/><D15/><U8/><E8/><V112/><F112/><W110/><G113/><T48/><REACH who="0" step="1"/><D63/><REACH who="0" ten="142,208,247,383" step="2"/><U12/><E12/><V44/><F44/><W114/><G114/><T4/><D4/><U59/><E59/><V67/><F31/><W2/><G127/><RYUUKYOKU ba="0,2" sc="142,15,208,15,247,-15,383,-15" hai0="48,49,50,56,62,64,69,71,72,77,80,90,95" hai1="14,16,22,46,53,83,84,89,93,98,103,108,109" /><INIT seed="4,1,2,0,3,123" ten="157,223,232,368" oya="0" hai0="19,107,1,114,22,53,38,119,74,131,67,86,98" hai1="39,97,46,50,121,69,17,59,28,103,118,24,9" hai2="21,130,3,108,82,106,48,2,27,41,126,134,111" hai3="34,72,96,30,83,31,51,93,94,75,45,57,61"/><T105/><D119/><U64/><E121/><V109/><F106/><W81/><G72/><T84/><D1/><U11/><E118/><V90/><F134/><W36/><G36/><T91/><D74/><U79/><E79/><V5/><F130/><W14/><G34/><T10/><D131/><U49/><E39/><V76/><F5/><W104/><G104/><T80/><D67/><U15/><E69/><V8/><F8/><W102/><G94/><T20/><D38/><U29/><E9/><V87/><F126/><W73/><G14/><T47/><D114/><U113/><E113/><V66/><F66/><N who="3" m="39215" /><G75/><T78/><D105/><U117/><E117/><V26/><F76/><W56/><G56/><T32/><D32/><U63/><E46/><V127/><F127/><W95/><G95/><N who="0" m="54775" /><D98/><U133/><E133/><V128/><F128/><W112/><G73/><T54/><D107/><U42/><E42/><V115/><F115/><W7/><G7/><T13/><D47/><U52/><E24/><V116/><F27/><W92/><G92/><T35/><D35/><U37/><E37/><V101/><F101/><W85/><G112/><T55/><AGARI ba="1,2" hai="10,13,19,20,22,53,54,55,78,80,84" m="54775" machi="55" ten="30,1500,0" yaku="8,1" doraHai="123" who="0" fromWho="0" sc="157,38,223,-6,232,-6,368,-6" /><INIT seed="4,2,0,0,5,134" ten="195,217,226,362" oya="0" hai0="128,65,9,130,10,92,80,2,109,98,113,54,7" hai1="90,66,53,63,52,99,119,106,39,116,14,131,6" hai2="33,94,68,82,79,69,60,58,16,103,124,122,41" hai3="125,108,59,118,4,29,11,107,111,112,77,28,73"/><T24/><D113/><U46/><E131/><V123/><F33/><W78/><G118/><T95/><D109/><U129/><E129/><N who="0" m="49769" /><D65/><U75/><E75/><V132/><F132/><W83/><G107/><T22/><D98/><U8/><E39/><V40/><F124/><W30/><G125/><T96/><D96/><U87/><E46/><V13/><F69/><W86/><G112/><T84/><D54/><U35/><E35/><V126/><F126/><W93/><G59/><T32/><D10/><U72/><E72/><V18/><F68/><W57/><G57/><T81/><D32/><U74/><E74/><V105/><F105/><W50/><G50/><T42/><D42/><U17/><E116/><V104/><F104/><W21/><G21/><T1/><D1/><U49/><E119/><V23/><F123/><W120/><G120/><T114/><D114/><U97/><E49/><V38/><F38/><W27/><G11/><T20/><D20/><U127/><E127/><V62/><F122/><W102/><G102/><T19/><D80/><N who="1" m="49511" /><E106/><V121/><F121/><W34/><G108/><T5/><D5/><U47/><E6/><V101/><F41/><W117/><G4/><T76/><AGARI ba="2,0" hai="2,7,9,19,22,24,76,81,84,92,95" m="49769" machi="76" ten="30,1500,0" yaku="19,1" doraHai="134" who="0" fromWho="0" sc="195,21,217,-7,226,-7,362,-7" /><INIT seed="4,3,0,5,2,3" ten="216,210,219,355" oya="0" hai0="48,1,107,111,46,91,18,110,59,25,19,97,115" hai1="96,117,52,125,28,108,17,51,75,86,39,42,124" hai2="83,95,12,16,54,36,49,67,133,80,105,113,74" hai3="65,57,44,7,61,89,132,130,85,50,98,77,78"/><T101/><D115/><U9/><E117/><V13/><F113/><W53/><G132/><T94/><D1/><U71/><E75/><V32/><F105/><W112/><G112/><T84/><D59/><U109/><E71/><V33/><F36/><W21/><G98/><T47/><D47/><N who="1" m="27775" /><E28/><V119/><F133/><W29/><G7/><T4/><D4/><U126/><E96/><V68/><F119/><W27/><REACH who="3" step="1"/><G130/><REACH who="3" ten="216,210,219,345" step="2"/><T116/><D116/><U43/><E108/><N who="0" m="41513" /><D25/><U135/><E109/><V102/><F102/><W100/><G100/><T81/><D107/><U106/><E106/><V122/><F122/><W92/><AGARI ba="3,1" hai="21,27,29,44,50,53,57,61,65,77,78,85,89,92" machi="92" ten="20,8000,1" yaku="1,1,0,1,7,1,8,1,53,1" doraHai="3" doraHaiUra="23" who="3" fromWho="3" sc="216,-43,210,-23,219,-23,345,99" /><INIT seed="5,0,0,5,0,35" ten="173,187,196,444" oya="1" hai0="32,133,135,72,89,43,3,0,44,92,8,38,131" hai1="26,24,27,73,90,36,58,97,19,117,105,85,62" hai2="7,126,63,78,28,83,109,10,98,110,31,114,115" hai3="111,113,53,101,77,103,91,102,123,122,129,116,23"/><U130/><E117/><V81/><F63/><W96/><G23/><T15/><D32/><U22/><E130/><V12/><F98/><W11/><G11/><T132/><D72/><U49/><E73/><V45/><F45/><W61/><G53/><T118/><D131/><U29/><E36/><V20/><F83/><W67/><G61/><T41/><D41/><U57/><E49/><V42/><F78/><W86/><G67/><T84/><REACH who="0" step="1"/><D118/><REACH who="0" ten="163,187,196,444" step="2"/><U59/><E29/><V95/><F42/><W104/><G116/><T125/><D125/><U70/><E70/><V87/><F126/><W74/><G129/><T13/><D13/><U56/><E105/><V34/><F34/><W100/><G111/><T16/><AGARI ba="0,1" hai="0,3,8,15,16,38,43,44,84,89,92,132,133,135" machi="16" ten="30,12000,2" yaku="1,1,0,1,20,1,52,2,54,1,53,0" doraHai="35" doraHaiUra="65" who="0" fromWho="0" sc="163,130,187,-60,196,-30,444,-30" /><INIT seed="6,0,0,1,0,113" ten="293,127,166,414" oya="2" hai0="115,74,135,33,21,35,116,100,119,3,0,93,57" hai1="97,6,27,43,28,121,78,60,125,103,29,68,94" hai2="65,7,90,49,24,123,52,54,55,32,72,130,47" hai3="44,62,83,10,80,77,92,34,23,51,14,88,85"/><V91/><F123/><W132/><G34/><N who="0" m="12811" /><D74/><U98/><E121/><V1/><F72/><W71/><G132/><T18/><D57/><U67/><E125/><V114/><F130/><W15/><G71/><T2/><D93/><U25/><E78/><V39/><F114/><W118/><G62/><T108/><D100/><U26/><E6/><V107/><F39/><W82/><G23/><T16/><D115/><U86/><E43/><V105/><F65/><W89/><G118/><N who="0" m="45099" /><D135/><U64/><E64/><V66/><F66/><W87/><G10/><T99/><D99/><U81/><E98/><V102/><F102/><W5/><G5/><T41/><D108/><U63/><E63/><V101/><F101/><W73/><G92/><T128/><D128/><U45/><E45/><V31/><F107/><W37/><G37/><T58/><D58/><U11/><E94/><V59/><F105/><W17/><G51/><T122/><D122/><U134/><E97/><V109/><F109/><W48/><G48/><T40/><D18/><U106/><E103/><V12/><F55/><W117/><G44/><T9/><D9/><U53/><E11/><N who="2" m="2543" /><F54/><W19/><G117/><T36/><D36/><U126/><E106/><V111/><F59/><W75/><G80/><T124/><D124/><U38/><E53/><V131/><F131/><W70/><G70/><T129/><D129/><U104/><E104/><V96/><F96/><W50/><G50/><T4/><D4/><U46/><E126/><V76/><F111/><W110/><G110/><T112/><D112/><U84/><E134/><V133/><F133/><RYUUKYOKU ba="0,0" sc="293,15,127,-15,166,-15,414,15" hai0="0,2,3,16,21,40,41" hai3="14,15,17,19,73,75,77,82,83,85,87,88,89" /><INIT seed="7,1,0,0,2,72" ten="308,112,151,429" oya="3" hai0="73,119,26,60,124,53,1,118,22,21,40,2,20" hai1="44,16,78,76,64,63,52,95,8,79,27,45,92" hai2="125,115,41,111,80,110,100,70,83,30,103,126,84" hai3="75,89,98,134,31,4,123,42,28,130,102,104,59"/><W37/><G123/><T114/><D40/><U50/><E45/><V121/><F70/><W54/><G134/><T120/><D60/><U58/><E8/><V36/><F30/><W51/><G75/><T38/><D53/><U55/><E64/><V14/><F121/><W86/><G4/><T61/><D61/><U3/><E3/><V18/><F115/><W34/><G34/><T109/><D38/><U133/><E133/><V6/><F6/><W101/><G101/><N who="2" m="38985" /><F41/><W129/><G37/><T99/><D99/><U10/><E27/><V97/><F97/><W32/><G32/><T81/><D81/><N who="2" m="31306" /><F84/><W71/><G71/><T56/><D73/><U106/><E106/><V65/><F65/><W35/><G35/><T0/><D56/><U47/><E44/><V12/><F36/><W23/><G42/><T67/><D67/><U93/><E93/><V91/><F91/><W128/><G23/><T68/><D68/><U9/><E9/><N who="2" m="6415" /><F14/><AGARI ba="1,0" hai="10,14,16,47,50,52,55,58,63,76,78,79,92,95" machi="14" ten="40,12000,2" yaku="8,1,52,3,54,2" doraHai="72" who="1" fromWho="2" sc="308,0,112,123,151,-123,429,0" owari="308,11.0,235,-16.0,28,-47.0,429,52.0" /></mjloggm>