<mjloggm ver="2.3"><GO type="169" lobby="0"/><UN n0="%E3%81%8A%E3%82%8A%E3%81%BE%E3%81%A4" n1="%E8%8C%B6%E8%89%B2%E3%81%AE%E3%82%A2%E3%83%AC" n2="%E3%81%8F%E3%81%86%E3%81%9F%E3%82%8D" n3="%E3%81%8B%E3%81%A4%E3%81%A9%E3%82%93" dan="16,17,17,17" rate="2075.10,2198.39,2159.42,2245.25" sx="M,M,M,F"/><TAIKYOKU oya="0"/><INIT seed="0,0,0,0,4,113" ten="250,250,250,250" oya="0" hai0="81,96,98,45,3,18,28,74,134,107,55,117,110" hai1="36,14,68,58,65,4,76,92,33,17,126,0,77" hai2="37,42,67,135,66,71,109,122,61,114,118,26,125" hai3="84,5,64,78,59,99,124,133,23,1,115,20,32"/><T57/><D3/><U56/><E36/><V72/><RYUUKYOKU type="yao9" ba="0,0" sc="250,0,250,0,250,0,250,0" hai2="26,37,42,61,66,67,71,72,109,114,118,122,125,135" /><INIT seed="0,1,0,4,4,15" ten="250,250,250,250" oya="0" hai0="75,6,26,101,88,107,126,65,80,77,129,19,122" hai1="73,64,69,35,39,104,113,131,51,66,93,117,134" hai2="56,103,83,7,81,11,127,28,1,68,79,20,61" hai3="111,94,110,115,135,47,5,109,18,70,38,132,108"/><T25/><D122/><U95/><RYUUKYOKU type="yao9" ba="1,0" sc="250,0,250,0,250,0,250,0" hai1="35,39,51,64,66,69,73,93,95,104,113,117,131,134" /><INIT seed="0,2,0,1,3,20" ten="250,250,250,250" oya="0" hai0="4,110,75,0,57,72,53,6,123,85,32,47,78" hai1="55,11,74,111,76,62,91,66,51,17,107,131,79" hai2="38,88,99,58,12,71,98,83,45,77,126,101,132" hai3="104,133,119,124,135,109,25,5,73,97,116,9,121"/><T129/><D123/><U120/><E120/><V48/><F71/><W35/><G73/><T46/><D129/><U63/><E111/><V21/><F126/><W65/><G121/><T10/><D32/><U36/><E74/><V92/><F132/><N who="3" m="50763" /><G65/><T105/><D105/><U22/><E36/><V60/><F38/><W70/><G70/><T102/><D102/><U27/><E131/><V134/><F134/><W8/><G104/><T18/><D6/><U80/><E107/><V93/><F12/><N who="3" m="5135" /><G97/><T30/><D30/><U108/><E11/><V13/><F13/><W87/><G87/><T114/><D114/><U2/><E2/><V90/><F21/><W106/><G106/><T82/><D75/><U43/><E66/><N who="2" m="39191" /><F77/><W84/><G84/><T68/><D68/><U19/><E76/><V33/><F33/><W122/><G122/><T29/><D29/><U130/><E19/><V39/><F39/><W94/><G94/><T56/><D18/><U31/><E17/><V81/><F101/><W103/><G109/><T96/><D96/><U26/><E79/><V42/><AGARI ba="2,0" hai="42,45,48,81,83,88,90,92,93,98,99" m="39191" machi="42" ten="30,2000,0" yaku="8,1,54,1" doraHai="20" who="2" fromWho="2" sc="250,-12,250,-7,250,26,250,-7" /><INIT seed="1,0,0,5,2,104" ten="238,243,276,243" oya="1" hai0="60,95,24,13,39,115,3,92,56,135,106,81,110" hai1="25,83,87,117,41,67,6,37,84,63,4,126,17" hai2="100,42,46,119,91,30,128,44,113,18,1,99,111" hai3="57,125,124,7,88,129,32,74,47,50,134,122,123"/><U82/><E117/><V89/><F119/><W29/><G7/><T64/><D3/><U35/><E126/><N who="3" m="48746" /><G57/><T15/><D106/><U80/><E41/><V19/><F111/><W0/><G0/><T43/><D115/><U69/><E37/><V55/><F128/><W109/><G109/><T72/><D135/><U107/><E107/><V33/><F1/><W97/><G129/><T78/><D110/><U21/><REACH who="1" step="1"/><E35/><REACH who="1" ten="238,233,276,243" step="2"/><V49/><F33/><W5/><G134/><T48/><D39/><U23/><E23/><V73/><F42/><W75/><G123/><T27/><D43/><U103/><E103/><V130/><F100/><W96/><G122/><T116/><D116/><U105/><E105/><V90/><F130/><W36/><G36/><T9/><D95/><U14/><E14/><V79/><F113/><W51/><G32/><T102/><D15/><U45/><E45/><V131/><F46/><W94/><G47/><T22/><D22/><U26/><E26/><V85/><F44/><W11/><G94/><T127/><D127/><U31/><E31/><V53/><F30/><W40/><G29/><T58/><D92/><U8/><E8/><V101/><F101/><W68/><G40/><T86/><D102/><U65/><E65/><V114/><F114/><W121/><G121/><T61/><D27/><U71/><E71/><V112/><F112/><W16/><G68/><T38/><D24/><U120/><E120/><V66/><F66/><W62/><G11/><T70/><D70/><U108/><E108/><V28/><F131/><W133/><G133/><T20/><D38/><RYUUKYOKU ba="0,1" sc="238,-10,233,30,276,-10,243,-10" hai1="4,6,17,21,25,63,67,69,80,82,83,84,87" /><INIT seed="1,1,1,2,3,52" ten="228,263,266,233" oya="1" hai0="9,95,43,42,85,134,103,77,72,81,63,124,132" hai1="6,1,114,104,125,73,101,11,66,30,96,55,113" hai2="35,19,68,14,51,28,135,94,5,100,18,4,130" hai3="83,127,122,37,120,45,21,86,87,26,92,12,90"/><U102/><E125/><V58/><F130/><W109/><G127/><T62/><D124/><U25/><E73/><V40/><F135/><N who="0" m="51754" /><D9/><U84/><E101/><V38/><F68/><W22/><G109/><T0/><D0/><U56/><E84/><V119/><F119/><W16/><G37/><T128/><D128/><U98/><E98/><N who="2" m="59479" /><F35/><W76/><REACH who="3" step="1"/><G45/><REACH who="3" ten="228,263,266,223" step="2"/><T65/><D63/><U80/><E66/><V117/><F38/><W105/><G105/><T15/><D62/><U118/><E118/><V49/><F117/><W133/><G133/><T69/><D65/><U108/><E108/><V67/><F67/><W112/><G112/><T123/><D123/><U71/><E71/><V17/><F51/><W115/><G115/><T88/><D69/><U29/><E114/><V131/><F131/><W53/><G53/><T116/><D116/><U50/><E113/><V97/><F40/><W126/><G126/><T82/><D43/><U24/><REACH who="1" step="1"/><E80/><REACH who="1" ten="228,253,266,223" step="2"/><V129/><F129/><W27/><G27/><AGARI ba="1,3" hai="1,6,11,24,25,27,29,30,50,55,56,96,102,104" machi="27" ten="40,12000,1" yaku="1,1,2,1,52,1,53,1" doraHai="52" doraHaiUra="44" who="1" fromWho="3" sc="228,0,253,153,266,0,223,-123" /><INIT seed="1,2,0,4,4,47" ten="228,406,266,100" oya="1" hai0="79,63,49,128,73,94,19,17,135,80,33,14,18" hai1="34,36,115,23,29,113,123,98,6,0,71,39,112" hai2="114,55,90,64,132,88,28,130,77,57,96,72,119" hai3="103,126,46,122,106,78,8,93,35,84,58,117,108"/><U89/><E123/><V107/><F119/><W61/><G122/><T92/><D33/><U52/><E71/><V60/><F130/><W85/><G35/><T26/><D135/><U3/><E34/><V86/><F28/><W99/><G117/><T116/><D116/><U15/><E6/><V69/><F132/><W41/><G108/><T24/><D128/><U30/><E15/><V129/><F129/><W22/><G126/><T97/><D14/><U4/><E4/><V40/><F40/><W11/><G22/><T75/><D63/><U5/><E5/><V20/><F20/><W66/><G85/><T102/><D75/><U56/><E89/><V32/><F32/><W134/><G134/><T45/><REACH who="0" step="1"/><D92/><REACH who="0" ten="218,406,266,100" step="2"/><U74/><E74/><V95/><F72/><W133/><G133/><T16/><N who="0" m="4096" /><DORA hai="7" /><T111/><D111/><U81/><E0/><V21/><F21/><W100/><G106/><T131/><D131/><U105/><E3/><V125/><F107/><W83/><REACH who="3" step="1"/><G103/><REACH who="3" ten="218,406,266,90" step="2"/><T43/><AGARI ba="2,2" hai="24,26,43,45,49,73,79,80,94,97,102" m="4096" machi="43" ten="40,16000,3" yaku="1,1,0,1,52,1,54,1,53,5" doraHai="47,7" doraHaiUra="12,76" who="0" fromWho="0" sc="218,186,406,-82,266,-42,90,-42" /><INIT seed="2,0,0,2,2,111" ten="404,324,224,48" oya="2" hai0="92,88,122,38,41,112,64,21,119,105,48,85,129" hai1="59,31,114,96,24,103,91,55,106,124,8,128,71" hai2="73,36,15,51,46,120,3,0,40,100,81,107,35" hai3="30,115,117,101,69,5,110,62,135,58,74,108,18"/><V134/><F120/><W131/><G117/><T75/><D122/><U130/><E71/><V83/><F134/><W28/><G135/><T76/><D105/><U10/><E124/><V78/><F81/><W104/><G69/><T123/><D64/><U57/><E91/><V97/><F15/><W47/><G74/><T9/><D123/><U116/><E116/><V89/><F51/><W82/><G131/><N who="1" m="50218" /><E57/><V29/><REACH who="2" step="1"/><F89/><REACH who="2" ten="404,324,214,48" step="2"/><W39/><G82/><T65/><D48/><N who="1" m="31207" /><E114/><V17/><F17/><W19/><G115/><T61/><D88/><U4/><E4/><V25/><AGARI ba="0,1" hai="0,3,25,29,35,36,40,46,73,78,83,97,100,107" machi="25" ten="30,12000,1" yaku="1,1,0,1,33,3,53,0" doraHai="111" doraHaiUra="11" who="2" fromWho="2" sc="404,-40,324,-40,214,130,48,-40" /><INIT seed="2,1,0,5,2,104" ten="364,284,344,8" oya="2" hai0="72,4,44,25,93,116,9,65,128,86,110,76,87" hai1="100,124,105,48,73,67,36,47,0,27,12,3,2" hai2="56,66,131,37,103,106,101,68,97,14,41,114,91" hai3="53,70,135,78,49,40,119,89,42,34,129,35,112"/><V71/><F114/><W19/><G119/><T33/><D110/><U80/><E67/><V111/><F131/><W23/><G70/><T98/><D128/><U125/><E36/><V115/><F115/><W54/><G129/><T113/><D113/><U94/><E27/><V29/><F111/><W1/><G112/><T123/><D123/><U57/><E57/><V64/><F103/><W22/><G1/><T39/><D65/><U43/><E105/><V82/><F29/><W28/><G135/><T121/><D121/><U122/><E122/><V118/><F118/><W95/><G78/><T15/><D25/><U55/><E55/><N who="3" m="21002" /><G34/><T96/><D96/><N who="1" m="59415" /><E12/><V58/><F14/><N who="3" m="9591" /><G49/><T16/><D33/><U84/><E73/><V10/><F10/><W38/><G38/><T20/><D44/><U31/><E31/><V62/><F41/><N who="3" m="15979" /><G35/><T30/><D39/><U132/><E132/><V18/><F37/><W6/><G6/><T17/><D4/><U107/><E107/><V108/><F108/><W120/><G120/><T45/><D45/><U74/><E74/><V26/><F66/><W117/><G117/><T90/><D30/><U130/><E130/><V50/><F68/><W11/><G11/><T51/><D51/><U126/><E3/><V24/><F50/><W75/><G75/><T134/><D134/><U133/><E133/><V127/><F127/><W52/><N who="3" m="21010" /><W92/><DORA hai="61" /><G89/><T88/><D90/><U8/><E8/><V7/><F7/><W83/><G83/><N who="0" m="45447" /><D116/><U13/><E13/><V21/><F26/><AGARI ba="1,0" hai="23,26,28,92,95" m="15979,9591,21010" machi="26" ten="40,2600,0" yaku="8,1,54,1" doraHai="104,61" who="3" fromWho="2" sc="364,0,284,0,344,-29,8,29" /><INIT seed="3,0,0,1,3,19" ten="364,284,315,37" oya="3" hai0="40,112,71,35,22,84,45,60,36,70,61,110,124" hai1="42,125,53,123,91,73,75,20,54,7,115,29,28" hai2="135,105,78,9,113,21,114,127,43,31,59,65,32" hai3="13,116,93,5,79,120,62,55,18,51,4,86,25"/><W101/><G116/><T0/><D35/><U85/><E123/><V131/><F105/><W133/><G120/><T130/><D110/><U109/><E115/><V103/><F78/><W126/><G126/><T48/><D0/><U129/><E109/><V90/><F103/><W44/><G133/><T52/><D112/><U39/><E7/><V122/><F122/><W1/><G1/><T8/><D8/><U34/><E34/><V118/><F118/><W76/><G25/><T98/><D98/><U92/><E129/><V27/><F131/><W89/><G101/><T49/><D84/><U11/><E11/><V50/><F127/><W82/><G62/><N who="0" m="24171" /><D22/><U68/><E68/><N who="0" m="26153" /><D124/><U6/><E6/><V26/><F65/><W12/><G12/><T10/><D10/><U100/><E100/><V17/><F135/><W46/><G46/><N who="0" m="27703" /><D130/><U72/><E29/><V37/><F9/><N who="3" m="6447" /><G79/><T128/><D128/><U41/><E125/><V30/><F30/><W134/><G134/><T63/><D63/><U88/><E28/><V107/><F107/><W99/><AGARI ba="0,0" hai="4,5,44,51,55,76,82,86,89,93,99" m="6447" machi="99" ten="30,1500,0" yaku="8,1" doraHai="19" who="3" fromWho="3" sc="364,-5,284,-5,315,-5,37,15" /><INIT seed="3,1,0,4,0,80" ten="359,279,310,52" oya="3" hai0="61,95,83,121,36,2,9,91,64,122,67,134,63" hai1="50,112,26,34,99,90,109,135,69,28,102,73,72" hai2="55,54,89,6,81,35,70,82,76,114,125,96,87" hai3="86,124,113,15,111,66,17,117,94,110,129,33,25"/><W24/><G113/><T43/><D134/><U116/><E112/><V0/><F114/><W119/><G129/><T12/><D2/><U104/><E135/><V60/><F35/><W40/><G124/><T100/><D100/><U93/><E109/><N who="3" m="41482" /><G40/><T57/><D83/><U115/><E115/><V23/><F125/><W51/><G66/><T4/><D43/><U65/><E50/><V118/><F118/><N who="3" m="45067" /><G51/><T7/><D7/><U21/><E21/><V132/><F23/><N who="3" m="11711" /><G33/><T68/><D36/><U133/><E133/><V98/><F132/><W103/><G103/><T39/><D39/><U48/><E48/><V71/><F55/><W37/><G37/><T46/><D46/><U19/><E116/><V105/><F54/><W75/><G75/><T123/><D122/><U77/><E77/><V126/><F76/><W11/><G11/><T27/><D123/><U31/><E73/><V92/><F126/><W5/><G5/><T1/><D121/><U22/><E72/><V45/><F6/><W8/><G8/><T44/><D44/><U42/><E42/><V18/><F45/><W10/><G10/><T30/><D4/><U32/><E32/><V56/><F60/><W13/><G13/><T16/><D63/><N who="1" m="40127" /><E34/><V107/><F71/><W127/><G127/><T79/><D67/><U14/><E14/><V108/><F70/><W101/><G101/><T97/><D79/><U3/><E102/><V49/><F108/><W88/><AGARI ba="1,0" hai="24,25,86,88,94" m="11711,45067,41482" machi="88" ten="40,12000,1" yaku="14,1,10,1,52,1,54,1" doraHai="80" who="3" fromWho="3" sc="359,-41,279,-41,310,-41,52,123" /><INIT seed="3,2,0,1,4,73" ten="318,238,269,175" oya="3" hai0="65,4,83,59,66,14,70,51,19,9,56,84,114" hai1="113,58,72,36,80,88,37,27,34,75,119,108,63" hai2="131,87,82,103,127,13,30,50,95,35,98,124,77" hai3="120,29,28,117,125,90,20,107,44,81,104,111,86"/><W121/><G117/><T76/><D114/><U97/><E113/><V126/><F131/><W55/><G125/><T15/><D70/><U130/><E119/><V101/><F13/><W118/><G118/><T1/><D1/><U112/><E112/><V3/><F3/><W69/><G69/><T18/><D4/><U12/><E130/><V71/><F71/><W68/><G68/><T8/><D51/><U53/><E108/><V7/><F7/><W60/><G111/><T122/><D122/><U24/><E72/><V109/><F109/><W48/><G60/><T134/><REACH who="0" step="1"/><D134/><REACH who="0" ten="308,238,269,175" step="2"/><U0/><E0/><V105/><F50/><W52/><G121/><T106/><D106/><U85/><E37/><V49/><F49/><N who="3" m="28711" /><G120/><T89/><D89/><U54/><E36/><V23/><F105/><W61/><G107/><T40/><D40/><U64/><E75/><V115/><F115/><W17/><G104/><T67/><AGARI ba="2,1" hai="8,9,14,15,18,19,56,59,65,66,67,76,83,84" machi="67" ten="30,8000,1" yaku="1,1,0,1,9,1,8,1,52,1,53,0" doraHai="73" doraHaiUra="135" who="0" fromWho="0" sc="308,96,238,-22,269,-22,175,-42" /><INIT seed="4,0,0,2,5,90" ten="404,216,247,133" oya="0" hai0="75,16,112,134,88,47,110,5,135,62,1,44,72" hai1="68,132,29,129,23,34,27,17,30,96,55,114,57" hai2="77,21,124,6,45,116,89,19,105,133,120,121,80" hai3="103,63,109,104,99,10,18,81,28,71,0,94,76"/><T54/><D112/><U122/><E122/><V127/><F105/><W111/><G28/><T52/><D5/><U108/><E108/><V125/><F6/><W49/><G49/><T106/><D106/><U85/><E68/><V24/><F133/><N who="0" m="50698" /><D1/><U58/><E132/><V56/><F116/><W31/><G31/><T100/><D100/><U97/><E129/><V8/><F8/><W26/><G104/><T38/><D38/><U102/><E58/><V107/><F107/><W51/><G51/><T53/><D62/><U41/><E34/><V83/><F45/><N who="0" m="17482" /><D110/><U79/><E41/><V69/><F69/><W92/><G0/><T13/><D88/><U36/><E36/><V9/><F56/><W82/><G109/><T37/><D37/><U126/><E97/><V115/><F115/><W50/><G111/><T66/><D66/><U123/><E123/><V117/><F117/><W101/><G50/><T4/><D4/><U60/><E114/><V95/><F120/><W131/><G131/><T7/><D7/><U35/><E35/><V14/><F121/><W2/><G2/><T39/><D39/><U128/><E128/><V33/><F33/><W32/><G32/><T93/><D93/><N who="1" m="58639" /><E126/><V22/><F124/><W86/><G81/><AGARI ba="0,0" hai="17,23,27,29,30,55,57,60,79,81,85" m="58639" machi="81" ten="30,2000,0" yaku="8,1,52,1" doraHai="90" who="1" fromWho="3" sc="404,0,216,20,247,0,133,-20" /><INIT seed="5,0,0,3,1,95" ten="404,236,247,113" oya="1" hai0="62,53,52,130,69,84,113,109,120,22,6,18,89" hai1="129,7,37,14,9,88,49,40,57,102,31,124,5" hai2="76,64,81,105,82,78,3,8,98,46,107,42,117" hai3="19,93,111,68,35,23,132,71,20,44,79,60,28"/><U17/><E129/><V24/><F117/><W33/><G111/><T123/><D109/><U67/><E124/><V39/><F64/><W83/><G132/><T66/><D113/><U133/><E133/><V29/><F81/><W56/><G44/><T118/><D6/><U108/><E37/><V85/><F78/><W72/><G23/><T134/><D134/><U25/><E102/><V135/><F135/><W115/><G115/><T10/><D10/><U21/><E108/><V63/><F63/><W26/><G93/><T43/><D43/><U2/><E67/><V94/><F8/><W127/><G127/><T74/><D74/><U91/><E7/><V15/><F15/><W119/><G119/><T101/><D101/><U92/><E92/><V125/><F3/><W126/><G126/><T47/><D47/><U59/><E59/><V99/><F125/><W114/><G114/><T77/><D77/><U100/><E100/><V112/><F112/><W103/><G103/><T34/><D34/><N who="1" m="20847" /><E40/><V58/><F58/><W55/><REACH who="3" step="1"/><G35/><REACH who="3" ten="404,236,247,103" step="2"/><T70/><D118/><U38/><E38/><V61/><F94/><W16/><G16/><T131/><D18/><U106/><E106/><V36/><F107/><W4/><G4/><T1/><D130/><U27/><E27/><AGARI ba="0,1" hai="19,20,26,27,28,33,55,56,60,68,71,72,79,83" machi="27" ten="30,3900,0" yaku="1,1,7,1,53,1" doraHai="95" doraHaiUra="54" who="3" fromWho="1" sc="404,0,236,-39,247,0,103,49" /><INIT seed="6,0,0,0,1,93" ten="404,197,247,152" oya="2" hai0="90,69,70,72,96,97,100,16,61,21,109,19,115" hai1="48,52,128,13,80,101,134,44,18,57,129,103,77" hai2="130,82,37,62,50,2,20,86,46,119,64,117,105" hai3="85,32,4,94,121,43,78,54,88,71,11,55,15"/><V23/><F2/><W73/><G121/><T45/><D109/><U76/><E134/><V120/><F120/><W9/><G71/><T98/><D72/><U3/><E3/><V0/><F0/><W111/><G111/><T33/><D33/><U135/><E135/><V84/><F37/><W58/><G32/><T65/><D100/><U75/><E77/><V24/><F130/><N who="1" m="50281" /><E44/><V66/><F105/><W125/><G125/><T35/><D35/><U102/><E13/><V79/><F84/><W31/><G31/><T60/><D45/><U87/><E18/><V124/><F23/><W8/><G43/><T123/><D123/><U59/><E59/><V40/><F64/><W131/><G131/><T42/><D42/><U25/><E25/><V116/><F124/><W122/><G122/><T29/><D29/><U132/><E132/><V99/><F20/><W38/><G38/><T53/><D21/><U39/><E39/><V10/><F24/><W104/><G104/><T133/><D133/><U36/><E36/><V113/><F10/><W22/><G22/><T107/><D107/><U83/><E83/><V26/><F26/><W74/><G54/><T126/><D53/><U112/><E112/><V56/><F113/><W110/><G110/><T118/><D115/><U14/><E14/><V127/><F127/><W89/><G89/><T108/><D90/><U5/><E5/><V49/><F50/><N who="3" m="31095" /><G78/><T51/><D108/><U95/><E75/><N who="3" m="28682" /><G15/><T34/><D34/><U68/><E68/><V1/><F1/><W6/><G6/><T7/><D126/><U28/><E28/><RYUUKYOKU ba="0,0" sc="404,-30,197,10,247,10,152,10" hai1="48,52,57,76,80,87,95,101,102,103" hai2="40,46,49,56,62,66,79,82,86,99,116,117,119" hai3="4,8,9,11,85,88,94" /><INIT seed="6,1,0,5,1,28" ten="374,207,257,162" oya="2" hai0="66,93,118,51,19,25,71,97,6,91,32,61,40" hai1="3,60,24,83,0,88,43,86,134,89,102,57,110" hai2="126,113,123,125,36,120,48,92,8,39,77,105,95" hai3="119,53,104,18,65,23,74,100,2,58,124,82,7"/><V132/><F8/><W103/><G119/><T106/><D118/><U68/><E110/><V31/><F31/><W14/><G124/><N who="2" m="47721" /><F48/><W115/><G115/><T10/><D106/><U41/><E102/><V98/><F113/><W52/><G104/><T63/><D63/><U128/><E68/><V129/><F105/><W12/><G2/><T75/><D75/><U13/><E134/><V46/><F46/><W69/><G69/><T62/><D62/><U16/><E24/><V35/><F77/><W56/><G65/><T64/><D64/><U70/><E70/><V116/><F116/><W133/><G133/><T1/><D51/><U76/><E128/><V9/><F9/><W38/><G38/><N who="2" m="14377" /><F132/><W73/><G7/><T81/><D40/><N who="1" m="15435" /><E3/><V99/><F35/><W79/><G73/><T94/><D32/><U87/><E87/><V17/><F17/><W109/><G109/><T84/><D19/><U107/><E0/><V26/><F26/><W72/><G72/><T127/><D25/><U47/><E47/><V122/><F129/><W59/><REACH who="3" step="1"/><G12/><REACH who="3" ten="374,207,257,152" step="2"/><T112/><D127/><U54/><E107/><V90/><F123/><W15/><G15/><T108/><D108/><U111/><E111/><V33/><F122/><W4/><G4/><T27/><D112/><U5/><E5/><V49/><F120/><W101/><AGARI ba="1,1" hai="14,18,23,52,53,56,58,59,74,79,82,100,101,103" machi="101" ten="30,4000,0" yaku="1,1,0,1,54,1,53,0" doraHai="28" doraHaiUra="114" who="3" fromWho="3" sc="374,-11,207,-11,257,-21,152,53" /><INIT seed="7,0,0,0,5,105" ten="363,196,236,205" oya="3" hai0="64,13,80,41,122,102,44,121,66,43,88,79,37" hai1="132,4,120,127,17,63,40,69,96,85,82,49,22" hai2="110,18,56,75,1,62,5,130,26,81,59,135,113" hai3="95,100,116,112,98,55,128,19,108,124,10,47,25"/><W103/><G116/><T71/><D102/><U83/><E120/><V20/><F110/><W119/><G119/><T72/><D43/><U33/><E33/><V39/><F39/><W54/><G108/><T93/><D66/><U7/><E69/><V126/><F126/><W50/><G112/><T78/><D78/><N who="1" m="46295" /><E127/><V104/><F104/><W3/><G128/><T68/><D13/><N who="1" m="9519" /><E132/><V46/><F46/><N who="3" m="27991" /><G3/><T34/><D44/><N who="1" m="25735" /><E63/><V133/><F113/><W90/><G124/><T114/><D93/><U51/><E83/><V57/><F130/><W101/><G25/><T74/><D79/><U28/><E28/><V73/><F1/><W115/><G115/><T118/><D88/><U6/><E51/><V125/><F125/><W117/><G117/><T24/><D24/><U86/><E86/><V123/><F123/><W30/><G30/><T27/><D41/><U106/><E106/><V77/><F75/><W65/><G65/><T23/><D121/><U60/><E60/><V15/><F26/><W42/><G42/><T45/><D122/><U8/><E96/><V48/><F133/><W36/><G36/><T14/><D14/><AGARI ba="0,0" hai="4,6,7,8,14" m="25735,9519,46295" machi="14" ten="30,2000,0" yaku="25,1,8,1" doraHai="105" who="1" fromWho="0" sc="363,-20,196,20,236,0,205,0" owari="343,43.0,216,-18.0,236,4.0,205,-29.0" /></mjloggm>