<mjloggm ver="2.3"><GO type="169" lobby="0"/><UN n0="%63%6C%75%74%63%68%37%33" n1="%E3%81%A8%E3%82%89%E3%81%84%E3%81%A1" n2="%E6%81%A9%E7%94%B0%E5%B8%8C" n3="%E3%81%8B%E3%81%8B%E3%81%8B%E3%81%8B" dan="17,16,16,16" rate="2154.59,2051.27,2110.64,2099.75" sx="M,M,F,M"/><TAIKYOKU oya="0"/><INIT seed="0,0,0,0,1,115" ten="250,250,250,250" oya="0" hai0="90,102,95,62,91,44,99,129,113,1,14,69,7" hai1="38,59,107,92,84,122,78,64,9,57,72,134,77" hai2="46,74,39,49,16,34,6,120,26,101,4,68,32" hai3="28,11,15,114,132,42,86,97,89,24,133,13,73"/><T118/><D113/><U40/><E122/><V66/><F39/><W30/><G73/><T71/><D1/><U121/><E121/><V41/><F74/><W124/><G114/><T22/><D129/><U29/><E107/><V47/><F120/><W100/><G42/><T126/><D126/><U80/><E134/><N who="3" m="51818" /><G124/><T105/><D90/><U70/><E29/><V110/><F101/><W20/><G11/><T56/><D44/><U19/><E70/><V111/><F46/><W21/><G21/><T27/><D14/><U61/><E59/><V135/><F135/><W75/><G75/><T48/><D48/><U103/><E40/><V130/><F130/><W123/><G30/><T5/><D69/><U106/><E38/><V18/><F4/><W93/><G123/><T54/><D71/><U127/><E127/><V58/><F6/><W67/><G67/><T85/><REACH who="0" step="1"/><D118/><REACH who="0" ten="240,250,250,250" step="2"/><U60/><E78/><V65/><F68/><W43/><G43/><T76/><D76/><U53/><E77/><V82/><F49/><W87/><G87/><T55/><D55/><U98/><E72/><V2/><F47/><W3/><G3/><T117/><D117/><U51/><E51/><V12/><F41/><W52/><G52/><T23/><D23/><U81/><E53/><V119/><F12/><W10/><G10/><T125/><D125/><U8/><E8/><V25/><F2/><W79/><G79/><T31/><AGARI ba="0,1" hai="5,7,22,27,31,54,56,62,85,91,95,99,102,105" machi="31" ten="20,12000,1" yaku="1,1,0,1,7,1,53,2" doraHai="115" doraHaiUra="0" who="0" fromWho="0" sc="240,130,250,-40,250,-40,250,-40" /><INIT seed="0,1,0,1,5,50" ten="370,210,210,210" oya="0" hai0="82,46,22,124,32,87,89,5,105,95,6,75,106" hai1="77,45,11,88,132,57,128,79,16,83,15,13,30" hai2="129,28,20,38,115,31,44,109,71,27,101,49,34" hai3="39,126,12,53,68,85,104,29,131,112,123,2,1"/><T59/><D32/><U108/><E108/><V4/><F115/><W107/><G112/><T96/><D124/><U63/><E128/><V97/><F71/><W119/><G119/><T90/><D46/><U14/><E132/><V37/><F129/><W56/><G68/><T93/><D22/><U9/><E30/><V70/><F70/><W25/><G39/><T117/><D117/><U61/><E45/><V78/><F78/><N who="1" m="29705" /><E57/><V54/><F4/><W86/><G12/><N who="1" m="4714" /><E9/><V121/><F121/><W0/><G131/><T69/><D69/><U18/><E18/><V10/><F10/><W130/><G130/><T103/><D59/><U7/><E7/><V133/><F109/><W98/><G123/><T114/><D114/><U60/><E60/><V36/><F133/><W3/><G3/><T48/><D6/><U76/><N who="1" m="29713" /><U35/><DORA hai="80" /><E35/><V102/><REACH who="2" step="1"/><F97/><REACH who="2" ten="370,210,200,210" step="2"/><W111/><G111/><T110/><D110/><U84/><AGARI ba="1,1" hai="11,15,16,61,63,83,84,88" m="4714,29713" machi="84" ten="40,8000,1" yaku="8,1,52,1,54,2" doraHai="50,80" who="1" fromWho="1" sc="370,-41,210,93,200,-21,210,-21" /><INIT seed="1,0,0,5,3,96" ten="329,303,179,189" oya="1" hai0="118,87,32,72,42,13,56,60,102,107,8,0,51" hai1="16,7,10,6,4,124,5,43,129,57,50,66,67" hai2="1,121,93,90,109,27,110,122,133,23,88,119,47" hai3="40,131,76,20,30,68,114,17,75,54,81,52,63"/><U24/><E124/><V2/><F119/><W3/><G114/><T61/><D72/><U73/><E73/><V123/><F47/><W29/><G3/><N who="2" m="1033" /><F93/><W28/><G131/><T103/><D32/><U70/><E129/><V92/><F92/><W39/><G40/><T94/><D0/><U9/><E70/><V71/><F71/><W74/><G39/><T64/><D107/><U35/><E35/><V100/><F100/><N who="0" m="38442" /><D118/><U33/><E33/><V53/><F53/><W14/><REACH who="3" step="1"/><G74/><REACH who="3" ten="329,303,179,179" step="2"/><T26/><D42/><U49/><E43/><V97/><F122/><W104/><G104/><T44/><D26/><U105/><E105/><V62/><F121/><W91/><G91/><N who="0" m="53631" /><D64/><AGARI ba="0,1" hai="14,17,20,28,29,30,52,54,63,64,68,75,76,81" machi="64" ten="40,2600,0" yaku="1,1,54,1,53,0" doraHai="96" doraHaiUra="36" who="3" fromWho="0" sc="329,-26,303,0,179,0,179,36" /><INIT seed="2,0,0,3,1,129" ten="303,303,179,215" oya="2" hai0="70,45,122,20,40,80,4,33,65,121,100,87,9" hai1="23,81,25,89,132,95,117,41,39,116,35,64,73" hai2="134,120,109,57,14,12,28,54,59,92,0,114,74" hai3="90,31,124,24,11,135,127,63,99,96,98,108,60"/><V34/><F120/><W56/><G108/><T38/><D33/><U94/><E35/><V36/><F114/><W71/><G71/><T115/><D115/><U50/><E39/><V16/><F0/><W72/><G72/><T15/><D100/><U13/><E64/><V18/><F74/><W2/><G90/><T6/><D6/><U48/><E13/><N who="2" m="5227" /><F36/><W103/><G103/><T61/><D20/><U37/><E37/><V110/><F134/><W5/><G135/><T112/><REACH who="0" step="1"/><D112/><REACH who="0" ten="293,303,179,215" step="2"/><U22/><E23/><V78/><F34/><W86/><G5/><T30/><D30/><U113/><E22/><V104/><F28/><W75/><G31/><T102/><D102/><U111/><E113/><V84/><F104/><W79/><G11/><T49/><D49/><U88/><E48/><V51/><F109/><W68/><G127/><T17/><D17/><U58/><E111/><V91/><F110/><W47/><G124/><T85/><D85/><U123/><E50/><N who="2" m="30935" /><F78/><AGARI ba="0,1" hai="4,9,15,38,40,45,61,65,70,78,80,87,121,122" machi="78" ten="30,3900,0" yaku="1,1,7,1,53,1" doraHai="129" doraHaiUra="67" who="0" fromWho="2" sc="293,49,303,0,179,-39,215,0" /><INIT seed="3,0,0,1,0,47" ten="342,303,140,215" oya="3" hai0="2,8,77,107,109,93,126,102,32,18,57,116,113" hai1="124,78,95,122,75,94,23,129,132,5,114,54,72" hai2="84,82,16,127,120,29,63,80,36,19,42,13,99" hai3="58,96,112,28,59,70,46,71,101,79,104,123,103"/><W68/><G123/><T61/><D109/><U83/><E122/><V117/><F117/><W106/><G112/><T9/><D116/><U40/><E114/><V89/><F120/><W76/><G28/><T6/><D32/><U97/><E129/><V53/><F127/><W131/><G46/><T115/><D107/><U34/><E34/><V98/><F42/><W90/><G90/><T35/><D35/><U51/><E124/><V88/><F29/><W33/><G33/><T133/><D133/><U135/><E40/><V14/><F36/><W69/><N who="3" m="17408" /><DORA hai="43" /><W30/><G30/><T4/><D18/><U92/><E5/><V64/><F64/><W52/><G58/><T60/><D77/><U39/><E39/><V15/><F63/><W87/><G87/><T17/><D17/><N who="2" m="6730" /><F53/><W20/><G20/><T130/><D130/><U110/><E23/><V3/><F3/><W7/><G131/><T27/><D27/><U44/><E110/><V41/><F41/><W56/><G56/><T111/><D111/><U10/><E10/><V50/><F50/><W62/><REACH who="3" step="1"/><G7/><REACH who="3" ten="342,303,140,205" step="2"/><T121/><D121/><U118/><E118/><V37/><F37/><W67/><G67/><T66/><D126/><U125/><E125/><V24/><F24/><W100/><G100/><T65/><D102/><N who="1" m="60711" /><E75/><V85/><AGARI ba="0,1" hai="13,14,15,80,82,84,85,88,89,98,99" m="6730" machi="85" ten="30,4000,0" yaku="8,1,54,2" doraHai="47,43" who="2" fromWho="2" sc="342,-10,303,-10,140,50,205,-20" /><INIT seed="4,0,0,2,5,46" ten="332,293,190,185" oya="0" hai0="90,5,74,11,62,60,75,50,16,48,4,93,135" hai1="39,66,22,76,101,111,92,105,9,79,19,115,78" hai2="83,84,121,45,77,120,131,96,109,71,43,28,119" hai3="18,1,33,58,40,122,82,125,35,67,87,59,47"/><T129/><D129/><U12/><E111/><V117/><F71/><W64/><G1/><T124/><D135/><U37/><E105/><V130/><F28/><W73/><G73/><T108/><D124/><U110/><E110/><V25/><F25/><W15/><G122/><N who="2" m="47209" /><F43/><W72/><G72/><T29/><D29/><U94/><E115/><V24/><F24/><W81/><G125/><T116/><D116/><N who="2" m="44618" /><F45/><W104/><G104/><T97/><D75/><U30/><E66/><V88/><F109/><W27/><G27/><T106/><D106/><U8/><E30/><V41/><F41/><W128/><G128/><T113/><D74/><U102/><E37/><V61/><F61/><N who="0" m="23658" /><D113/><U34/><E39/><V49/><F49/><N who="0" m="19050" /><D108/><U100/><E34/><V118/><N who="2" m="44626" /><V20/><DORA hai="52" /><F20/><W95/><G40/><T123/><D123/><U127/><E127/><V54/><F54/><W13/><G47/><T56/><D56/><U99/><E22/><V36/><F36/><W57/><G35/><T114/><D114/><U63/><E63/><V98/><F130/><W32/><G32/><T69/><D69/><U51/><E51/><V0/><F0/><W44/><G44/><T85/><D85/><U126/><E126/><V6/><F131/><W23/><G33/><T17/><D11/><U3/><E9/><V91/><F84/><W2/><G2/><T55/><D55/><U31/><E3/><V65/><F65/><N who="3" m="25163" /><G13/><T132/><D132/><U70/><E70/><V107/><F107/><W42/><G42/><T68/><D68/><U89/><E31/><V10/><F10/><RYUUKYOKU ba="0,0" sc="332,10,293,10,190,-30,185,10" hai0="4,5,16,17,90,93,97" hai1="8,12,19,76,78,79,89,92,94,99,100,101,102" hai3="15,18,23,57,58,59,81,82,87,95" /><INIT seed="4,1,0,1,2,1" ten="342,303,160,195" oya="0" hai0="89,31,119,25,33,81,58,84,16,39,121,10,77" hai1="54,67,124,104,82,135,43,92,2,85,37,30,62" hai2="133,60,72,71,78,9,118,132,90,8,51,108,15" hai3="107,57,41,24,13,23,123,117,42,34,100,94,70"/><T22/><D121/><U47/><E104/><V106/><F108/><W55/><G70/><T76/><D119/><U11/><E124/><V103/><F118/><W125/><G107/><T111/><D111/><U27/><E135/><V130/><F130/><W38/><G117/><T113/><D113/><U5/><E92/><V4/><F78/><W66/><G66/><T53/><D39/><U61/><E54/><V116/><F72/><W65/><G65/><T14/><REACH who="0" step="1"/><D33/><REACH who="0" ten="332,303,160,195" step="2"/><U102/><E67/><V129/><F116/><W88/><G38/><T79/><D79/><U63/><E102/><V75/><F103/><W98/><G34/><T64/><D64/><U114/><E114/><V59/><F132/><W6/><G100/><T134/><D134/><U28/><REACH who="1" step="1"/><E27/><REACH who="1" ten="332,293,160,195" step="2"/><V97/><F133/><W96/><G24/><T46/><D46/><U87/><E87/><V126/><F126/><W56/><G125/><T7/><D7/><U127/><E127/><V29/><F4/><W101/><G6/><T131/><D131/><U35/><E35/><V32/><F32/><W110/><G101/><T109/><D109/><U80/><E80/><V115/><F129/><W68/><G110/><T83/><D83/><U74/><E74/><V112/><F75/><W69/><G69/><T12/><D12/><U120/><E120/><V44/><F15/><W0/><G68/><T73/><D73/><U52/><E52/><N who="2" m="29799" /><F71/><W99/><G123/><T93/><D93/><U95/><E95/><V48/><F115/><W26/><G13/><T45/><D45/><U128/><E128/><V105/><F112/><RYUUKYOKU ba="1,2" sc="332,15,293,15,160,-15,195,-15" hai0="10,14,16,22,25,31,53,58,76,77,81,84,89" hai1="2,5,11,28,30,37,43,47,61,62,63,82,85" /><INIT seed="4,2,2,0,1,36" ten="347,308,145,180" oya="0" hai0="52,17,49,110,113,10,32,50,63,105,75,111,61" hai1="70,44,48,127,133,59,126,69,4,118,101,77,73" hai2="14,1,9,21,82,134,62,102,88,104,78,96,7" hai3="47,125,76,58,5,120,123,87,46,90,100,128,124"/><T99/><D75/><U116/><E133/><V97/><F134/><W122/><G128/><T28/><D113/><U64/><E101/><V41/><F62/><W27/><G76/><T6/><D50/><U79/><E4/><V119/><F119/><N who="1" m="45609" /><E73/><V132/><F132/><W57/><G100/><N who="0" m="62623" /><D17/><U106/><E106/><V19/><F41/><W131/><G131/><T24/><D10/><U26/><E26/><V0/><F78/><N who="1" m="29705" /><E59/><N who="3" m="22538" /><G27/><T35/><D35/><U93/><E93/><V129/><F129/><W109/><G109/><N who="0" m="41483" /><D6/><U130/><E130/><V84/><REACH who="2" step="1"/><F96/><REACH who="2" ten="347,308,135,180" step="2"/><W94/><G5/><T103/><D103/><U86/><E86/><V68/><F68/><W74/><G74/><T135/><D135/><U31/><E70/><V2/><AGARI ba="2,3" hai="0,1,2,7,9,14,19,21,82,84,88,97,102,104" machi="2" ten="20,8000,1" yaku="1,1,0,1,7,1,54,1,53,1" doraHai="36" doraHaiUra="8" who="2" fromWho="2" sc="347,-42,308,-22,135,116,180,-22" /><INIT seed="5,0,0,2,1,30" ten="305,286,251,158" oya="1" hai0="60,96,134,109,119,3,99,22,67,128,57,46,64" hai1="113,104,29,31,9,86,28,38,58,72,16,103,100" hai2="0,135,74,39,133,13,53,11,52,63,117,18,111" hai3="107,61,47,124,115,95,8,59,129,112,21,56,98"/><U94/><E72/><V75/><F111/><W51/><G107/><T12/><D3/><U92/><E113/><N who="3" m="43594" /><G124/><T83/><D109/><U123/><E123/><V20/><F39/><W114/><G129/><T2/><D2/><U4/><E38/><V66/><F117/><W7/><G21/><T106/><D119/><U76/><E104/><V127/><F127/><W32/><G61/><T10/><D134/><N who="2" m="51210" /><F0/><N who="3" m="103" /><G114/><T44/><D106/><U25/><E58/><N who="2" m="37239" /><F20/><W17/><G17/><T1/><D1/><U43/><E4/><V132/><F132/><W89/><G32/><T41/><D67/><U55/><E9/><V84/><F84/><W65/><G65/><T35/><D35/><U101/><E86/><V82/><F82/><W5/><G5/><T42/><D22/><U93/><E29/><V73/><AGARI ba="0,0" hai="11,13,18,52,53,73,74,75" m="37239,51210" machi="73" ten="40,2700,0" yaku="20,1,54,1" doraHai="30" who="2" fromWho="2" sc="305,-7,286,-13,251,27,158,-7" /><INIT seed="6,0,0,2,3,134" ten="298,273,278,151" oya="2" hai0="46,51,14,21,7,3,116,102,66,69,67,125,47" hai1="60,94,111,19,95,8,107,101,16,88,73,77,12" hai2="31,98,131,112,68,105,71,20,50,33,27,132,34" hai3="123,62,52,122,0,18,118,115,133,48,93,76,1"/><V5/><F132/><W84/><G133/><T40/><D116/><U23/><E111/><V86/><F131/><W25/><G118/><T89/><D69/><U10/><E107/><V127/><F86/><W24/><G62/><T81/><D3/><U56/><E77/><V65/><F50/><W117/><G117/><T35/><D35/><U36/><E36/><V13/><F112/><W92/><G48/><N who="0" m="26695" /><D102/><U124/><E124/><V32/><F127/><W82/><G84/><N who="0" m="50319" /><D21/><N who="1" m="11399" /><E101/><V126/><F65/><W120/><G120/><T130/><D130/><U113/><E73/><V75/><F126/><W63/><G63/><T80/><D80/><U99/><E95/><V41/><F105/><W42/><G42/><N who="0" m="25079" /><D125/><U87/><E87/><V110/><F41/><W4/><G82/><T79/><D79/><U90/><E90/><V59/><F110/><W37/><G76/><T119/><D119/><U135/><E113/><V44/><F68/><W106/><G106/><T15/><D15/><N who="1" m="9727" /><E135/><V45/><F71/><W64/><G115/><T78/><D78/><U100/><E100/><V129/><F75/><W108/><G108/><T53/><D53/><AGARI ba="0,0" hai="8,10,53,56,60,88,94,99" m="9727,11399" machi="53" ten="30,3900,0" yaku="8,1,54,2" doraHai="134" who="1" fromWho="0" sc="298,-39,273,39,278,0,151,0" /><INIT seed="7,0,0,1,0,91" ten="259,312,278,151" oya="3" hai0="100,112,121,11,96,135,76,99,113,118,97,103,48" hai1="44,42,9,101,128,104,90,64,106,39,6,32,124" hai2="54,120,3,110,45,79,61,31,34,126,52,10,109" hai3="47,116,66,129,114,108,67,5,82,24,98,65,94"/><W102/><G114/><N who="0" m="44139" /><D121/><U69/><E32/><V132/><F79/><W33/><G129/><T43/><D118/><U134/><E128/><V68/><F31/><W130/><G130/><T15/><D76/><U29/><E90/><V63/><F34/><W28/><G116/><T25/><D25/><U18/><E18/><V2/><F10/><W73/><G108/><T36/><D36/><U37/><E37/><V14/><F14/><W21/><G5/><N who="0" m="3567" /><D135/><U77/><E39/><V51/><F132/><W133/><G133/><T19/><D19/><U17/><E17/><V38/><F38/><W117/><G117/><T27/><D27/><U93/><E77/><V16/><F16/><W87/><G33/><T55/><D43/><U22/><E42/><N who="2" m="25015" /><F2/><W86/><G73/><T95/><D103/><U111/><E101/><V78/><F78/><N who="3" m="46423" /><G47/><AGARI ba="0,0" hai="47,48,55,95,96,97,99,100" m="3567,44139" machi="47" ten="30,3900,0" yaku="15,1,11,1,52,1" doraHai="91" who="0" fromWho="3" sc="259,39,312,0,278,0,151,-39" owari="298,10.0,312,41.0,278,-12.0,112,-39.0" /></mjloggm>