<mjloggm ver="2.3"><GO type="169" lobby="0"/><UN n0="%E6%9C%A8%E5%8E%9F%E8%B1%AA%E4%B8%80" n1="%E5%AE%89%E6%96%8E" n2="%E4%B8%83%E3%83%84%E6%98%9F%E3%83%9B%E3%82%AF%E3%82%B5%E3%82%A4" n3="%28%3B%E3%83%BB%E2%88%80%E3%83%BB%29" dan="17,17,17,16" rate="2206.22,2219.35,2184.57,2189.71" sx="M,F,M,M"/><TAIKYOKU oya="0"/><INIT seed="0,0,0,3,2,70" ten="250,250,250,250" oya="0" hai0="43,39,64,0,49,13,66,32,78,122,51,4,126" hai1="135,88,74,21,8,89,5,56,68,2,45,11,128" hai2="85,121,91,100,98,1,120,30,108,3,33,54,41" hai3="79,133,63,111,107,84,57,6,44,29,134,61,7"/><T130/><D32/><U83/><E68/><V48/><F41/><W67/><G107/><T14/><D0/><U17/><E128/><V69/><F69/><W59/><G111/><T103/><D103/><U75/><E135/><N who="3" m="51722" /><G29/><T112/><D112/><U87/><E11/><V31/><F108/><W105/><G105/><T119/><D119/><U104/><E104/><V47/><F1/><W77/><G44/><T25/><D78/><N who="3" m="29705" /><G84/><T53/><D122/><U36/><E56/><N who="3" m="21578" /><G67/><T20/><D66/><U50/><E89/><V114/><F3/><W16/><G16/><T26/><D64/><U106/><E106/><V115/><F30/><W55/><G55/><T35/><D53/><U97/><E97/><V37/><F31/><W124/><G124/><T81/><D43/><U19/><E19/><V93/><F114/><W52/><G52/><T58/><D58/><U82/><E75/><V94/><F115/><W71/><G71/><T132/><D132/><U109/><E109/><V125/><F125/><W62/><AGARI ba="0,0" hai="6,7,61,62,63" m="21578,29705,51722" machi="62" ten="40,5200,0" yaku="28,2,20,1" doraHai="70" who="3" fromWho="3" sc="250,-26,250,-13,250,-13,250,52" /><INIT seed="1,0,0,3,1,4" ten="224,237,237,302" oya="1" hai0="61,120,77,86,118,3,28,56,53,102,58,1,105" hai1="104,73,109,40,52,35,68,21,55,116,43,11,20" hai2="115,98,64,133,26,19,74,33,24,22,87,71,67" hai3="111,65,12,121,6,131,17,127,32,15,48,14,34"/><U36/><E116/><V72/><F33/><W78/><G78/><T123/><D118/><U126/><E35/><N who="3" m="13354" /><G65/><T57/><D28/><U92/><E104/><V95/><F115/><W84/><G48/><T8/><D105/><U62/><E73/><V41/><F133/><W94/><G94/><T122/><D102/><U9/><E68/><V90/><F26/><W113/><G84/><T18/><D3/><U51/><E126/><V106/><F41/><N who="1" m="15945" /><E36/><V119/><F119/><W69/><G69/><T125/><D125/><U96/><E109/><V38/><F38/><W89/><G89/><T83/><REACH who="0" step="1"/><D1/><REACH who="0" ten="214,237,237,302" step="2"/><U49/><E62/><V63/><F106/><W50/><G127/><T27/><D27/><U93/><E51/><V91/><F67/><W128/><G50/><T7/><D7/><U59/><E55/><V60/><F63/><W117/><G117/><T76/><D76/><U135/><E135/><V114/><F114/><W54/><G54/><T85/><D85/><U0/><E0/><V25/><F24/><W44/><G113/><T10/><D10/><N who="1" m="3595" /><E93/><AGARI ba="0,1" hai="19,22,25,60,64,71,72,74,87,90,91,93,95,98" machi="93" ten="30,1000,0" yaku="7,1" doraHai="4" who="2" fromWho="1" sc="214,0,237,-10,237,20,302,0" /><INIT seed="2,0,0,3,2,78" ten="214,227,257,302" oya="2" hai0="129,119,97,92,118,50,72,84,68,30,121,13,114" hai1="38,83,29,62,105,133,45,55,82,36,102,8,67" hai2="3,104,6,73,76,44,12,86,77,96,15,52,65" hai3="98,74,11,63,103,0,81,10,115,47,124,37,106"/><V21/><F73/><W113/><G124/><T112/><D68/><U127/><E127/><V88/><F3/><W39/><G63/><T109/><D30/><U120/><E120/><V134/><F134/><W58/><G58/><T130/><D13/><N who="2" m="5194" /><F104/><W42/><G39/><T56/><D56/><U128/><E133/><V26/><F6/><W57/><G57/><T69/><D50/><U1/><E128/><N who="0" m="49257" /><D69/><U40/><E38/><V125/><F96/><W75/><G11/><T46/><D46/><U108/><E108/><V23/><F65/><W93/><G93/><T33/><D33/><U16/><E29/><N who="2" m="17615" /><F23/><W48/><G48/><T80/><D109/><U123/><E123/><V43/><F43/><W59/><G59/><T2/><D72/><U85/><E1/><V70/><F70/><W32/><G32/><T4/><D4/><U116/><E67/><V126/><F126/><W51/><G51/><T9/><D9/><U71/><E8/><V7/><F7/><N who="3" m="1383" /><G74/><T22/><D22/><U49/><E71/><V31/><F31/><W27/><G27/><T100/><D2/><U110/><E110/><V66/><F66/><W28/><G28/><T95/><D121/><U54/><E36/><V14/><F125/><W132/><G132/><T101/><D101/><U90/><E16/><V41/><F41/><W19/><G19/><T24/><D24/><U94/><E62/><V117/><F14/><W122/><G122/><T91/><D95/><U20/><E20/><V99/><F44/><W89/><G75/><T17/><D17/><U53/><E45/><V35/><F35/><RYUUKYOKU ba="0,0" sc="214,15,227,-15,257,-15,302,15" hai0="80,84,91,92,97,100,112,114,118,119" hai3="37,42,47,81,89,98,103,106,113,115" /><INIT seed="3,1,0,2,1,74" ten="229,212,242,317" oya="3" hai0="132,83,126,95,102,8,72,125,36,38,66,128,27" hai1="130,124,134,51,58,121,88,117,50,56,106,70,91" hai2="90,100,33,79,18,64,24,17,131,37,34,108,73" hai3="116,133,22,7,63,40,86,92,53,35,62,11,43"/><W12/><G35/><T9/><D66/><U59/><E121/><V89/><F100/><W0/><G116/><T44/><D132/><U87/><E134/><V78/><F64/><W30/><G133/><T94/><D128/><U13/><E117/><V68/><F73/><W5/><G5/><T104/><D27/><U71/><E130/><V120/><F131/><W111/><G111/><T23/><D23/><U52/><E106/><V2/><F2/><W42/><G53/><T69/><D104/><U119/><E119/><V97/><F97/><W3/><G3/><T118/><D118/><U135/><E135/><V107/><F107/><W47/><G92/><T4/><D69/><U75/><E75/><V105/><F105/><W49/><G86/><T82/><D72/><U85/><E124/><V48/><F48/><N who="1" m="18473" /><E13/><V81/><F37/><W67/><G0/><T110/><D4/><U114/><E114/><V127/><F24/><N who="3" m="16663" /><G67/><T6/><D6/><U96/><E96/><V41/><F68/><N who="1" m="26153" /><E52/><V65/><F65/><W10/><G10/><T20/><D20/><U32/><E32/><V103/><F127/><W45/><G49/><T54/><D54/><U26/><E26/><V99/><F99/><W98/><G98/><T15/><D15/><U55/><E55/><V112/><F112/><W80/><G80/><T1/><D1/><U122/><E122/><V25/><F25/><W109/><G109/><T123/><D123/><U46/><E46/><AGARI ba="1,0" hai="7,11,12,40,42,43,45,46,47,62,63" m="16663" machi="46" ten="30,1500,0" yaku="8,1" doraHai="74" who="3" fromWho="1" sc="229,0,212,-18,242,0,317,18" /><INIT seed="3,2,0,4,0,79" ten="229,194,242,335" oya="3" hai0="88,1,33,93,106,75,89,18,56,35,73,97,135" hai1="130,94,78,72,119,124,4,38,49,121,50,131,16" hai2="66,105,0,98,30,71,99,29,43,70,24,85,44" hai3="59,22,6,86,64,83,2,23,100,41,117,68,80"/><W26/><G117/><T11/><D135/><U55/><E121/><V10/><F30/><W111/><G68/><T133/><D133/><U114/><E114/><V128/><F128/><N who="1" m="49193" /><E38/><V113/><F113/><W74/><G74/><T116/><D116/><U28/><E119/><V108/><F108/><W48/><G111/><T82/><D106/><U109/><E109/><V14/><F0/><W60/><G2/><T21/><D56/><U15/><E124/><V120/><F120/><W118/><G118/><T9/><D35/><U132/><E132/><V125/><F125/><W95/><G6/><T61/><D61/><U40/><E28/><V104/><F104/><W47/><G23/><T90/><D33/><U115/><E115/><V91/><F105/><W67/><G67/><T58/><D58/><U57/><E94/><V12/><F66/><W34/><G34/><T76/><D75/><U101/><E101/><V77/><F70/><W107/><G107/><T13/><REACH who="0" step="1"/><D1/><REACH who="0" ten="219,194,242,335" step="2"/><U42/><E72/><V53/><F71/><W102/><G102/><AGARI ba="2,1" hai="9,11,13,18,21,73,76,82,88,89,90,93,97,102" machi="102" ten="40,12000,2" yaku="1,1,2,1,52,1,54,1,53,3" doraHai="79" doraHaiUra="87" who="0" fromWho="3" sc="219,136,194,0,242,0,335,-126" /><INIT seed="4,0,0,2,3,68" ten="355,194,242,209" oya="0" hai0="80,124,119,57,63,66,125,78,95,40,94,13,99" hai1="131,42,91,82,43,49,102,117,26,54,83,81,133" hai2="105,41,44,77,84,110,97,130,0,59,90,14,74" hai3="112,120,132,114,85,127,33,115,6,87,103,31,128"/><T19/><D119/><U50/><E117/><V88/><F0/><W72/><G6/><T73/><D40/><U51/><E131/><V92/><F110/><W39/><G39/><T86/><D73/><U23/><E102/><V116/><F116/><W37/><G37/><T3/><D3/><U60/><E133/><V55/><F130/><W104/><G31/><T61/><D61/><U11/><E11/><V100/><F14/><W24/><G33/><T108/><D108/><U75/><E75/><V32/><F32/><W106/><G24/><T121/><D121/><U93/><E60/><V9/><F9/><W122/><G128/><T46/><D46/><U67/><E67/><V45/><F90/><W2/><G2/><T27/><D27/><U34/><E54/><V64/><F64/><W111/><G111/><T20/><REACH who="0" step="1"/><D95/><REACH who="0" ten="345,194,242,209" step="2"/><U71/><E71/><V69/><F69/><W7/><G106/><T135/><D135/><U52/><E34/><V5/><F41/><W30/><G132/><T17/><D17/><N who="1" m="12655" /><E52/><V8/><F55/><W113/><G72/><T118/><D118/><U96/><AGARI ba="0,1" hai="42,43,49,50,51,81,82,83,91,93,96" m="12655" machi="96" ten="30,1100,0" yaku="8,1" doraHai="68" who="1" fromWho="1" sc="345,-5,194,21,242,-3,209,-3" /><INIT seed="5,0,0,1,5,87" ten="340,215,239,206" oya="1" hai0="117,102,5,107,51,134,21,74,122,97,132,68,16" hai1="54,75,127,14,100,40,80,86,37,69,35,104,60" hai2="49,101,41,119,11,32,29,92,93,99,9,109,133" hai3="33,94,43,15,125,25,76,131,1,31,121,106,62"/><U6/><E75/><V118/><F133/><W71/><G1/><T3/><D117/><U78/><E35/><V64/><F109/><W30/><G106/><T34/><D68/><U19/><E127/><V77/><F64/><W65/><G125/><T114/><D74/><U4/><E37/><V73/><F77/><W45/><G121/><T126/><D126/><U98/><E40/><V66/><F66/><W105/><G131/><T46/><D34/><U2/><E2/><V59/><F73/><W7/><G31/><T23/><D114/><U110/><E110/><V85/><F29/><W90/><G105/><T13/><D122/><U129/><E129/><V47/><F32/><W108/><G76/><T130/><D130/><U63/><E69/><V61/><F119/><W123/><G123/><T39/><D39/><U115/><E115/><V20/><F20/><W12/><G7/><T81/><D81/><U24/><E24/><V113/><F118/><W83/><G83/><T57/><D57/><U26/><E26/><V128/><F113/><W95/><G95/><T28/><D28/><U58/><REACH who="1" step="1"/><E60/><REACH who="1" ten="340,205,239,206" step="2"/><V0/><F0/><W82/><G108/><T96/><D3/><U36/><E36/><V120/><F128/><W44/><G43/><T111/><D111/><U53/><E53/><N who="2" m="34031" /><F120/><W124/><G124/><T135/><D135/><U91/><E91/><AGARI ba="0,1" hai="9,11,41,47,49,85,91,92,93,99,101" m="34031" machi="91" ten="30,2000,0" yaku="8,1,52,1" doraHai="87" who="2" fromWho="1" sc="340,0,205,-20,239,30,206,0" /><INIT seed="6,0,0,0,4,95" ten="340,185,269,206" oya="2" hai0="81,114,51,92,94,57,55,42,22,8,98,116,13" hai1="4,104,61,71,96,76,70,77,108,33,111,39,89" hai2="101,37,62,67,5,66,49,44,106,29,11,122,6" hai3="84,120,83,16,60,28,69,91,34,85,64,132,126"/><V135/><F122/><W54/><G120/><T93/><D114/><U10/><E33/><V102/><F135/><W103/><G132/><T82/><D116/><U35/><E35/><V131/><F37/><W3/><G3/><T2/><D2/><U27/><E39/><V17/><F131/><W32/><G126/><T25/><D42/><U112/><E112/><V48/><F29/><W118/><G118/><T1/><D1/><U110/><E27/><V125/><F125/><W31/><G32/><T9/><D98/><U80/><E61/><V128/><F128/><W86/><G34/><T47/><D57/><U23/><E23/><V68/><F66/><W100/><G54/><T117/><D117/><U30/><E30/><V129/><F129/><W58/><G69/><T130/><D130/><U56/><E56/><V73/><F73/><W109/><G109/><T72/><D72/><U26/><E26/><V12/><F48/><W87/><G103/><T14/><D8/><U75/><E76/><V53/><F106/><W46/><G46/><T90/><D90/><U134/><E134/><V36/><F36/><W38/><G38/><T113/><D113/><U97/><E89/><V20/><F5/><W105/><REACH who="3" step="1"/><G16/><REACH who="3" ten="340,185,269,196" step="2"/><N who="0" m="10519" /><D25/><AGARI ba="0,1" hai="6,11,12,17,20,25,44,49,53,62,67,68,101,102" machi="25" ten="30,1500,0" yaku="7,1" doraHai="95" who="2" fromWho="0" sc="340,-15,185,0,269,25,196,0" /><INIT seed="6,1,0,3,1,115" ten="325,185,294,196" oya="2" hai0="93,129,83,122,0,91,56,106,59,41,69,77,96" hai1="117,74,99,21,113,90,28,25,61,82,52,104,135" hai2="84,62,81,55,57,11,2,111,79,35,123,45,32" hai3="26,20,88,86,78,22,124,76,36,109,105,7,102"/><V64/><F123/><W130/><G109/><T50/><D122/><U53/><E117/><V14/><F2/><W13/><G36/><T87/><D0/><U51/><E113/><V12/><F111/><W68/><G68/><T44/><D69/><U16/><E135/><V118/><F118/><W85/><G124/><T119/><D119/><U30/><E74/><V127/><F127/><W54/><G130/><T114/><D114/><U5/><E5/><V101/><F101/><W58/><G102/><T24/><D129/><U34/><E104/><V1/><F1/><W49/><G105/><T95/><D106/><U9/><E34/><V8/><F32/><W112/><G86/><N who="0" m="48495" /><D24/><U128/><E128/><V10/><F35/><W72/><G72/><T40/><D40/><U47/><E9/><V70/><F70/><W100/><G100/><AGARI ba="1,0" hai="41,44,50,56,59,87,91,93,95,96,100" m="48495" machi="100" ten="30,1000,0" yaku="8,1" doraHai="115" who="0" fromWho="3" sc="325,13,185,0,294,0,196,-13" /><INIT seed="7,0,0,1,2,108" ten="338,185,294,183" oya="3" hai0="84,26,54,33,19,52,30,89,129,48,61,41,57" hai1="39,46,31,45,44,99,55,49,73,7,131,0,25" hai2="122,92,5,91,6,63,81,127,125,1,75,51,82" hai3="32,27,111,128,9,68,38,65,15,14,71,23,83"/><W88/><G38/><T47/><D129/><U104/><E73/><V102/><F63/><W124/><G32/><T118/><D118/><U29/><E131/><V28/><F28/><W109/><G128/><T20/><D33/><U43/><E0/><V72/><F51/><W106/><G106/><T50/><D30/><U24/><E7/><V96/><F1/><W119/><G119/><T10/><D10/><U58/><E104/><V121/><F6/><N who="3" m="3383" /><G27/><T87/><D89/><U53/><E99/><V16/><F5/><W56/><G124/><N who="2" m="47689" /><F16/><N who="3" m="10655" /><G65/><T100/><D100/><U114/><E114/><V13/><F13/><W113/><G56/><AGARI ba="0,0" hai="19,20,26,41,47,48,50,52,54,56,57,61,84,87" machi="56" ten="30,3900,0" yaku="7,1,8,1,54,1" doraHai="108" who="0" fromWho="3" sc="338,39,185,0,294,0,183,-39" owari="377,48.0,185,-21.0,294,9.0,144,-36.0" /></mjloggm>