<mjloggm ver="2.3"><GO type="169" lobby="0"/><UN n0="%E3%83%9E%E3%83%8A%E3%83%96%E9%9B%B6" n1="%E3%83%81%E3%82%A7%EF%BC%81%E3%83%86%E3%83%90%E3%83%A9" n2="%E2%80%A0%E7%99%BD%E5%85%8E%E2%80%A0" n3="%E3%82%B7%E3%83%A9%E3%80%82" dan="16,16,16,17" rate="2130.35,2011.76,2157.93,2189.06" sx="M,M,M,M"/><TAIKYOKU oya="0"/><INIT seed="0,0,0,4,4,75" ten="250,250,250,250" oya="0" hai0="110,133,102,24,14,53,0,118,91,61,128,97,71" hai1="3,40,65,81,74,37,99,44,114,46,119,122,41" hai2="85,112,23,83,30,31,87,27,21,116,7,121,35" hai3="52,126,129,16,127,63,11,94,117,49,5,80,124"/><T98/><D118/><U101/><E122/><V29/><F121/><W109/><G117/><T106/><D0/><U96/><E114/><V8/><F116/><W105/><G105/><T77/><D133/><U13/><E119/><V55/><F112/><W135/><G135/><T115/><D115/><U123/><E123/><V82/><F35/><W18/><G109/><T93/><D128/><U100/><E3/><V69/><F69/><W92/><G129/><T125/><D125/><U86/><E74/><V43/><F43/><W25/><G63/><T4/><D24/><U88/><E65/><V84/><F55/><W47/><G80/><T66/><D53/><U62/><E62/><V32/><F32/><W48/><G48/><T64/><D64/><U17/><E101/><V22/><REACH who="2" step="1"/><F27/><REACH who="2" ten="250,250,240,250" step="2"/><W89/><G25/><T54/><D54/><U76/><E41/><V45/><F45/><W107/><G107/><T70/><D70/><U68/><E46/><V34/><F34/><W15/><REACH who="3" step="1"/><G94/><REACH who="3" ten="250,250,240,240" step="2"/><T56/><D110/><U104/><E68/><V130/><F130/><W9/><G9/><T51/><D71/><U57/><E57/><V38/><F38/><W113/><G113/><T67/><D51/><U26/><E37/><V108/><F108/><W36/><G36/><T73/><D67/><U20/><E104/><V42/><F42/><W95/><G95/><T103/><D106/><U90/><E26/><V79/><F79/><W131/><G131/><T72/><D77/><U39/><E76/><V6/><F6/><W120/><G120/><T19/><D4/><U134/><E134/><RYUUKYOKU ba="0,2" sc="250,-15,250,-15,240,15,240,15" hai2="7,8,21,22,23,29,30,31,82,83,84,85,87" hai3="5,11,15,16,18,47,49,52,89,92,124,126,127" /><INIT seed="1,1,2,3,2,120" ten="235,235,255,255" oya="1" hai0="102,28,57,90,59,18,117,54,80,86,111,49,34" hai1="96,33,46,42,82,50,29,3,129,87,114,71,97" hai2="66,106,45,115,128,35,53,65,100,21,39,22,17" hai3="104,103,20,74,8,123,51,122,63,40,52,12,108"/><U127/><E114/><V73/><F35/><W112/><G74/><T31/><D117/><U41/><E71/><V85/><F73/><W9/><G112/><T62/><D34/><U32/><E3/><V26/><F115/><W109/><G40/><T16/><D102/><U133/><E129/><V55/><F128/><W94/><G104/><T75/><D75/><U64/><E64/><V23/><F106/><W72/><G72/><T101/><D101/><U132/><E42/><V126/><F39/><W76/><G76/><T89/><D111/><N who="3" m="42569" /><G63/><T119/><D119/><U125/><E97/><V37/><F37/><W7/><G20/><T70/><D70/><U91/><E96/><V56/><F22/><W107/><G107/><T27/><D90/><U135/><REACH who="1" step="1"/><E29/><REACH who="1" ten="235,225,255,255" step="2"/><N who="0" m="11337" /><D27/><U95/><E95/><V99/><F26/><W13/><G94/><T4/><D4/><U24/><E24/><V92/><F92/><W44/><G103/><T78/><D78/><U30/><E30/><V84/><F100/><W58/><G58/><T118/><D118/><U47/><E47/><V61/><F45/><W43/><G43/><T93/><D93/><U124/><AGARI ba="1,3" hai="32,33,41,46,50,82,87,91,124,125,127,132,133,135" machi="124" ten="40,12000,1" yaku="1,1,0,1,18,1,20,1,53,0" doraHai="120" doraHaiUra="60" who="1" fromWho="1" sc="235,-41,225,153,255,-41,255,-41" /><INIT seed="1,2,0,3,4,16" ten="194,378,214,214" oya="1" hai0="61,71,26,31,12,111,55,74,59,72,124,115,101" hai1="123,77,28,53,83,97,5,20,2,73,27,131,122" hai2="86,104,65,91,120,54,24,37,62,130,48,39,109" hai3="43,70,6,119,128,21,81,103,102,89,108,25,94"/><U10/><E131/><V85/><F120/><W15/><G70/><T129/><D115/><U80/><E97/><V3/><F3/><W82/><G108/><T44/><D111/><U78/><REACH who="1" step="1"/><E53/><REACH who="1" ten="194,368,214,214" step="2"/><V135/><F130/><W114/><G128/><T117/><D55/><U32/><E32/><V75/><F54/><W134/><G114/><T23/><D129/><U50/><E50/><V118/><F48/><W116/><G116/><T14/><D117/><U58/><E58/><V110/><F118/><W64/><G119/><T66/><D59/><U76/><E76/><V84/><F110/><W47/><G103/><T60/><D101/><U63/><E63/><V19/><F62/><W18/><G102/><T49/><D61/><U36/><E36/><V125/><F37/><W67/><G67/><T56/><D56/><U9/><E9/><V127/><F39/><W92/><G64/><T13/><D49/><U126/><E126/><V98/><F65/><W7/><G47/><T42/><D124/><U132/><E132/><V107/><F135/><W1/><G134/><T105/><D44/><U93/><E93/><N who="2" m="56639" /><F109/><W45/><G94/><T0/><D105/><U69/><E69/><V106/><F127/><W79/><G92/><T46/><D46/><U87/><AGARI ba="2,1" hai="2,5,10,20,27,28,73,77,78,80,83,87,122,123" machi="87" ten="20,7800,0" yaku="1,1,0,1,7,1,52,1,53,0" doraHai="16" doraHaiUra="90" who="1" fromWho="1" sc="194,-28,368,94,214,-28,214,-28" /><INIT seed="1,3,0,2,3,113" ten="166,462,186,186" oya="1" hai0="73,27,38,26,3,4,126,102,50,124,46,93,19" hai1="135,33,106,100,21,17,85,98,79,129,134,6,5" hai2="1,131,35,95,112,118,120,9,14,11,65,133,34" hai3="37,71,30,16,12,80,103,119,7,117,51,89,28"/><U132/><E33/><V70/><F70/><W96/><G37/><T72/><D38/><U99/><E129/><V130/><F65/><W10/><G71/><T121/><D121/><U78/><E99/><V91/><F95/><W18/><G51/><T67/><D67/><U87/><E87/><V74/><F91/><W86/><G30/><T115/><D115/><U123/><E123/><V62/><F62/><W76/><G28/><T42/><D4/><N who="1" m="1643" /><E85/><V66/><F74/><W109/><G76/><T116/><D3/><U63/><E63/><V41/><F66/><W81/><G81/><T52/><D42/><U39/><E39/><V122/><F41/><W69/><G109/><T54/><D54/><U13/><AGARI ba="3,0" hai="13,17,21,78,79,98,100,106,132,134,135" m="1643" machi="13" ten="40,2100,0" yaku="20,1" doraHai="113" who="1" fromWho="1" sc="166,-10,462,30,186,-10,186,-10" /><INIT seed="1,4,0,0,5,64" ten="156,492,176,176" oya="1" hai0="102,5,36,134,27,80,94,53,65,86,12,120,48" hai1="23,67,1,98,95,113,52,14,45,69,46,61,38" hai2="73,114,4,116,128,9,7,77,2,55,100,85,13" hai3="87,0,103,42,110,105,90,47,76,135,33,18,40"/><U111/><E113/><V99/><F116/><W58/><G33/><T59/><D36/><U106/><E106/><V41/><F128/><W68/><G0/><T122/><D134/><U11/><E1/><V39/><F114/><W115/><G115/><T125/><D125/><U109/><E23/><V131/><F85/><W101/><G76/><T35/><D65/><U97/><E98/><V51/><F7/><W63/><G68/><T133/><D133/><U43/><E46/><V117/><F13/><W31/><G135/><T92/><D27/><U107/><E52/><V30/><F30/><W112/><G105/><T124/><D35/><U123/><E107/><V22/><F22/><W66/><G112/><T93/><D102/><N who="3" m="38921" /><G31/><T78/><REACH who="0" step="1"/><D124/><REACH who="0" ten="146,492,176,176" step="2"/><U24/><E24/><V32/><F32/><W57/><G66/><T70/><D70/><U60/><E69/><V75/><F131/><W44/><G58/><T50/><D50/><U96/><E67/><V34/><F34/><W81/><G57/><T15/><D15/><U49/><E14/><V130/><F130/><W83/><G47/><T88/><D88/><U74/><E45/><N who="2" m="23743" /><F117/><W37/><G44/><T28/><D28/><U89/><E38/><V8/><F77/><W104/><G90/><T84/><D84/><U26/><E89/><V3/><F51/><W129/><G87/><T25/><D25/><U132/><E26/><V108/><F2/><W82/><G37/><T20/><D20/><U6/><E49/><V119/><F119/><W71/><G129/><T16/><D16/><U126/><E126/><V56/><F3/><RYUUKYOKU ba="4,1" sc="146,30,492,-10,176,-10,176,-10" hai0="5,12,48,53,59,78,80,86,92,93,94,120,122" /><INIT seed="2,5,1,0,4,47" ten="176,482,166,166" oya="2" hai0="16,96,31,13,1,69,73,128,46,38,68,80,126" hai1="100,105,11,57,35,33,60,34,37,61,92,9,88" hai2="23,50,43,123,94,132,39,118,127,122,97,78,24" hai3="17,2,42,54,67,15,129,130,77,5,74,102,14"/><V134/><F118/><W81/><G2/><T121/><D121/><U104/><E37/><V116/><F116/><W25/><G67/><T82/><D1/><U87/><E61/><V63/><F39/><W83/><G42/><T12/><D31/><U8/><REACH who="1" step="1"/><E100/><REACH who="1" ten="176,472,166,166" step="2"/><V70/><F63/><W6/><G102/><T101/><D38/><U26/><E26/><V48/><F123/><W76/><G25/><T30/><D101/><U4/><E4/><V111/><F122/><W45/><G5/><T90/><D128/><U112/><E112/><V72/><F134/><W84/><G6/><T86/><D126/><U115/><E115/><V85/><F132/><W89/><G130/><T125/><D125/><U21/><E21/><V75/><F127/><W79/><G129/><T66/><D66/><AGARI ba="5,2" hai="8,9,11,33,34,35,57,60,66,87,88,92,104,105" machi="66" ten="50,3200,0" yaku="1,1,54,1,53,0" doraHai="47" doraHaiUra="124" who="1" fromWho="0" sc="176,-47,472,67,166,0,166,0" /><INIT seed="3,0,0,1,2,88" ten="129,539,166,166" oya="3" hai0="97,29,58,118,109,63,48,135,45,5,121,7,26" hai1="25,0,105,42,110,125,71,3,43,91,72,9,78" hai2="98,60,2,124,99,80,32,117,18,21,4,74,70" hai3="102,69,131,112,31,16,77,19,56,116,82,38,111"/><W67/><G112/><T11/><D118/><U103/><E91/><V61/><F117/><W54/><G116/><T128/><D121/><U115/><E71/><V1/><F32/><W53/><G38/><T76/><D109/><U84/><E110/><V83/><F124/><W95/><G111/><T41/><D135/><U64/><E84/><V65/><F61/><W85/><G31/><T6/><D128/><U100/><E25/><V33/><F33/><W107/><G107/><T52/><D76/><U10/><E125/><V94/><F99/><N who="3" m="59775" /><G69/><T40/><D97/><U90/><E90/><V37/><F37/><W14/><G131/><T24/><D11/><U49/><E72/><V44/><F1/><W15/><G67/><T27/><REACH who="0" step="1"/><D29/><REACH who="0" ten="119,539,166,166" step="2"/><U47/><E78/><V87/><F98/><W92/><G92/><T8/><D8/><U106/><E10/><V30/><F94/><W75/><G75/><T120/><D120/><U46/><E9/><V66/><F30/><W93/><G93/><T50/><D50/><U86/><E49/><V39/><F74/><W108/><G108/><T81/><D81/><U57/><E106/><V17/><F83/><W73/><G73/><T122/><D122/><U51/><E105/><V133/><F80/><W55/><G56/><T130/><D130/><U123/><E57/><V126/><F39/><W134/><G134/><T28/><D28/><U59/><E59/><V23/><F133/><W68/><G68/><T101/><D101/><U119/><E103/><V113/><F70/><W129/><G129/><T96/><D96/><U22/><E100/><RYUUKYOKU ba="0,1" sc="119,15,539,-15,166,-15,166,15" hai0="5,6,7,24,26,27,40,41,45,48,52,58,63" hai3="14,15,16,19,53,54,55,77,82,85" /><INIT seed="3,1,1,5,1,30" ten="134,524,151,181" oya="3" hai0="49,55,68,6,54,86,93,127,125,58,59,133,71" hai1="106,47,102,1,113,18,75,3,37,135,53,112,63" hai2="52,57,56,26,96,23,21,2,73,105,81,70,99" hai3="39,88,12,4,60,65,117,40,36,7,83,90,84"/><W123/><G117/><T42/><D6/><U115/><E75/><V0/><F70/><N who="0" m="26666" /><D86/><U82/><E135/><V69/><F69/><W10/><G123/><T128/><D93/><U32/><E32/><V111/><F111/><W5/><G90/><T14/><D14/><U11/><E37/><V116/><F116/><W34/><G34/><T98/><D98/><U50/><E63/><V19/><F57/><N who="0" m="21514" /><D133/><U13/><E82/><V33/><F33/><W77/><G77/><T72/><D72/><U66/><E66/><V119/><F119/><W61/><G65/><T80/><D80/><U9/><E9/><V74/><F23/><W89/><G12/><T79/><D79/><U134/><E134/><V132/><F132/><W27/><G10/><T64/><D64/><U46/><E102/><V28/><F28/><W85/><G27/><T38/><D38/><U29/><E106/><V25/><F25/><W15/><G15/><T109/><D109/><U17/><E29/><V121/><F74/><W48/><G83/><T97/><D97/><N who="2" m="37450" /><F105/><W120/><G5/><T78/><D78/><U92/><E92/><V122/><F81/><W100/><G100/><T8/><D8/><U130/><E3/><N who="2" m="1067" /><F73/><W107/><G107/><T124/><D128/><U103/><E130/><V43/><F122/><W41/><G120/><T126/><N who="0" m="31744" /><DORA hai="22" /><T51/><D42/><U94/><E1/><V35/><F43/><W45/><G48/><AGARI ba="1,1" hai="48,49,51,54,55" m="31744,21514,26666" machi="48" ten="60,8000,1" yaku="28,2,18,1,34,2" doraHai="30,22" who="0" fromWho="3" sc="134,93,524,0,151,0,181,-83" /><INIT seed="4,0,0,2,4,67" ten="227,524,151,98" oya="0" hai0="61,109,120,87,7,54,122,94,103,74,112,101,39" hai1="66,26,21,65,4,32,90,3,43,29,95,47,78" hai2="92,41,97,63,75,99,111,108,2,33,56,77,123" hai3="85,117,6,24,64,73,115,125,114,15,35,119,53"/><T126/><D74/><U100/><E100/><V131/><F123/><W28/><G73/><T89/><D112/><N who="3" m="43049" /><G64/><T82/><D39/><U133/><E133/><V79/><F131/><W83/><G53/><T110/><D126/><U121/><E121/><N who="0" m="46697" /><D7/><U9/><E78/><V130/><F111/><N who="0" m="42506" /><D61/><U5/><E5/><V135/><F75/><W20/><G85/><N who="0" m="52527" /><D54/><U88/><E32/><V129/><F33/><W36/><G36/><T52/><D52/><U11/><E66/><V84/><F108/><W91/><G125/><T118/><D118/><U27/><E65/><V55/><F55/><W12/><G35/><T71/><D71/><U51/><E4/><V68/><F63/><W31/><G6/><T8/><D8/><U81/><E11/><V134/><F68/><W44/><G119/><T25/><D25/><U38/><E27/><V132/><F56/><W14/><G117/><T96/><D96/><U0/><E9/><V58/><F58/><W128/><G44/><T30/><D30/><U10/><E10/><V127/><F127/><W106/><G31/><T116/><D116/><U113/><E113/><V62/><F62/><W105/><G28/><T104/><D104/><N who="3" m="40041" /><G24/><T93/><D93/><U124/><E124/><V86/><F134/><W13/><G15/><T59/><D59/><U17/><E29/><V60/><F60/><W50/><G50/><T80/><D80/><U40/><E38/><V102/><F132/><W1/><G1/><T49/><D49/><U107/><E3/><V70/><F135/><W57/><G57/><T37/><D37/><U48/><E0/><RYUUKYOKU ba="0,0" sc="227,30,524,-10,151,-10,98,-10" hai0="82,87,101,103" /><INIT seed="4,1,0,3,3,133" ten="257,514,141,88" oya="0" hai0="118,16,17,79,98,24,47,129,63,52,25,4,49" hai1="131,97,73,14,123,13,1,15,116,83,9,77,12" hai2="28,91,58,106,103,110,18,45,38,82,27,54,21" hai3="107,33,56,71,29,108,84,120,111,100,31,134,85"/><T114/><D118/><U35/><E123/><V53/><F110/><W19/><G71/><T65/><D114/><U40/><E116/><V20/><F106/><W30/><G33/><T126/><D129/><U37/><E35/><V89/><F103/><W39/><G39/><T69/><D79/><U87/><E131/><V34/><F34/><W81/><G85/><T109/><D109/><U105/><E87/><V2/><F2/><W104/><G134/><T99/><D4/><N who="1" m="1167" /><E13/><V48/><F82/><W102/><G56/><T43/><D126/><U62/><E62/><V119/><F119/><W50/><G19/><T44/><D25/><U26/><E26/><N who="2" m="14615" /><F38/><W135/><G135/><T51/><REACH who="0" step="1"/><D17/><REACH who="0" ten="247,514,141,88" step="2"/><U72/><E77/><V7/><F7/><W57/><G111/><T101/><D101/><U96/><E15/><V23/><F91/><W5/><G108/><T80/><D80/><U8/><E83/><V67/><F89/><W74/><G102/><T92/><D92/><U36/><E14/><V10/><F27/><W95/><G100/><T128/><D128/><U112/><E12/><V22/><F28/><W130/><G95/><T86/><D86/><U122/><E112/><V76/><F76/><W46/><G84/><T117/><D117/><U11/><E73/><V70/><F10/><W59/><G74/><T121/><D121/><U124/><E72/><V60/><F70/><W127/><G81/><T68/><D68/><U78/><E11/><V0/><F0/><W94/><G130/><T125/><D125/><U55/><E8/><V41/><AGARI ba="1,1" hai="21,22,23,41,45,48,53,54,58,60,67" m="14615" machi="41" ten="30,1100,0" yaku="8,1" doraHai="133" who="2" fromWho="2" sc="247,-6,514,-4,141,24,88,-4" /><INIT seed="5,0,0,4,2,85" ten="241,510,165,84" oya="1" hai0="132,97,0,54,103,96,90,63,31,46,33,39,86" hai1="14,76,109,24,113,58,67,48,91,35,45,134,127" hai2="124,66,56,52,81,16,23,17,112,116,37,83,1" hai3="84,19,41,92,62,87,29,111,47,110,131,95,40"/><U22/><E134/><V79/><F116/><W71/><G29/><T114/><D0/><U44/><E35/><V129/><F37/><W20/><G131/><T55/><D132/><U42/><E14/><V70/><F1/><W2/><G2/><T11/><D114/><U64/><E58/><V49/><F129/><W34/><G34/><T53/><D11/><U69/><E48/><V50/><F124/><W60/><G20/><T26/><D63/><U82/><E42/><V128/><F128/><W98/><G98/><T100/><D97/><U102/><E22/><V106/><F106/><W25/><G47/><T119/><D119/><U125/><E24/><V68/><F112/><W27/><REACH who="3" step="1"/><G19/><REACH who="3" ten="241,510,165,74" step="2"/><T89/><D46/><U115/><E45/><V18/><F23/><W120/><G120/><T12/><D39/><U74/><E44/><V10/><F10/><W93/><G93/><N who="0" m="56367" /><D33/><U9/><E115/><V6/><F6/><W105/><G105/><T75/><D31/><U123/><E9/><V4/><F4/><W122/><G122/><T65/><D26/><U88/><E123/><V72/><F17/><W133/><G133/><T117/><D117/><U36/><E113/><V57/><F16/><W73/><G73/><T43/><D75/><U13/><E74/><V78/><F18/><W51/><G51/><T3/><D3/><U21/><E21/><V107/><F107/><W104/><G104/><T77/><D43/><U32/><E32/><V121/><F121/><W15/><G15/><T101/><D12/><U28/><E13/><V80/><F72/><W61/><G61/><RYUUKYOKU ba="0,1" sc="241,-10,510,-10,165,-10,74,30" hai3="25,27,40,41,60,62,71,84,87,92,95,110,111" /><INIT seed="6,1,1,4,5,28" ten="231,500,155,104" oya="2" hai0="40,41,9,123,11,122,133,77,39,60,67,56,59" hai1="69,18,91,26,33,113,0,12,49,63,121,103,96" hai2="80,130,112,37,97,128,2,64,135,8,7,88,24" hai3="23,36,100,25,82,84,95,108,53,35,109,34,54"/><V78/><F112/><W15/><G36/><T22/><D77/><U5/><E91/><V21/><F37/><W46/><G109/><T1/><D22/><U102/><E5/><V20/><F64/><W76/><G108/><T107/><D107/><U70/><E0/><V105/><F135/><W68/><G68/><T55/><D1/><U71/><E121/><V126/><F126/><W62/><G15/><T98/><D98/><U75/><E75/><V127/><F127/><W30/><G46/><T29/><D29/><U117/><E49/><V43/><F43/><W6/><G6/><T61/><D133/><U32/><E117/><V10/><F10/><W51/><G62/><T45/><D9/><U17/><E26/><V19/><F21/><W93/><G100/><T16/><REACH who="0" step="1"/><D40/><REACH who="0" ten="221,500,155,104" step="2"/><U125/><E96/><V4/><F105/><W94/><REACH who="3" step="1"/><G54/><REACH who="3" ten="221,500,155,94" step="2"/><T65/><D65/><U13/><E125/><V83/><F2/><W114/><G114/><T57/><D57/><U131/><E113/><V74/><F4/><W52/><G52/><T85/><D85/><U115/><E71/><V90/><F7/><W86/><G86/><T73/><D73/><U47/><E70/><V120/><F74/><W38/><G38/><T3/><D3/><U44/><E69/><V92/><F120/><W72/><G72/><T14/><AGARI ba="1,3" hai="11,14,16,39,41,45,55,56,59,60,61,67,122,123" machi="14" ten="30,4000,0" yaku="1,1,0,1,54,1,53,0" doraHai="28" doraHaiUra="124" who="0" fromWho="0" sc="221,73,500,-11,155,-21,94,-11" /><INIT seed="7,0,0,1,2,84" ten="294,489,134,83" oya="3" hai0="58,128,103,11,33,15,117,101,111,22,74,112,54" hai1="130,51,7,77,62,32,14,79,56,86,59,50,89" hai2="69,40,63,119,2,26,76,41,99,126,87,120,38" hai3="92,29,60,34,122,43,102,100,95,109,24,25,0"/><W9/><G122/><T12/><D33/><U47/><E32/><V108/><F108/><W10/><G109/><T91/><D91/><U31/><E130/><V65/><F119/><W64/><G43/><T116/><D22/><U52/><E31/><V37/><F2/><W114/><G114/><T18/><D18/><U96/><E96/><V1/><F1/><W55/><G55/><T45/><D58/><U61/><E7/><V42/><F126/><W5/><G24/><T66/><D66/><N who="1" m="39207" /><E14/><V71/><F71/><W132/><G132/><T115/><D54/><N who="1" m="30047" /><E51/><V97/><F76/><W8/><G5/><T125/><D45/><U118/><E118/><V21/><F87/><W133/><G133/><T36/><D36/><U90/><E90/><V3/><F3/><W107/><G0/><T78/><D78/><U106/><E106/><V93/><F99/><W83/><G83/><AGARI ba="0,0" hai="52,59,62,77,79,83,86,89" m="30047,39207" machi="83" ten="30,3900,0" yaku="8,1,52,1,54,1" doraHai="84" who="1" fromWho="3" sc="294,0,489,39,134,0,83,-39" owari="294,9.0,528,64.0,134,-27.0,44,-46.0" /></mjloggm>