<mjloggm ver="2.3"><GO type="169" lobby="0"/><UN n0="%E3%83%95%E3%82%A1%E3%83%AA%E3%82%B9" n1="%E3%81%84%E3%81%84%E3%81%9E" n2="%E5%9B%9B%E5%AE%AE%E7%B4%85%E8%BC%9D" n3="%E3%81%8B%E3%81%A5%E3%81%8D%EF%BC%B8%EF%BC%A9" dan="16,16,18,17" rate="2120.89,2139.20,2284.15,2123.52" sx="F,M,F,M"/><TAIKYOKU oya="0"/><INIT seed="0,0,0,2,3,4" ten="250,250,250,250" oya="0" hai0="54,19,15,3,18,97,86,75,29,96,17,40,50" hai1="39,8,135,128,43,115,118,84,124,10,60,24,59" hai2="132,104,126,68,112,6,131,7,67,1,47,120,92" hai3="63,21,69,46,11,100,26,133,98,25,41,109,36"/><T81/><D3/><U127/><E118/><V49/><F92/><W122/><G109/><T66/><D75/><U83/><E135/><V38/><F49/><W48/><G133/><T71/><D40/><U55/><E128/><V78/><F78/><W125/><G125/><N who="1" m="48202" /><E115/><V57/><F57/><W53/><G122/><T34/><D71/><U22/><E43/><V106/><F47/><W111/><G111/><T12/><D66/><U20/><E39/><V44/><F44/><W119/><G119/><T79/><D34/><U37/><E37/><V45/><F45/><W5/><G69/><T76/><D29/><N who="1" m="17543" /><E22/><V65/><F65/><W14/><G63/><T42/><D42/><U85/><E85/><V101/><F67/><W82/><G82/><T110/><D110/><U70/><E70/><V117/><F101/><W32/><G32/><T56/><D79/><AGARI ba="0,0" hai="8,10,55,59,60,79,83,84" m="17543,48202" machi="79" ten="30,3900,0" yaku="18,1,52,2" doraHai="4" who="1" fromWho="0" sc="250,-39,250,39,250,0,250,0" /><INIT seed="1,0,0,3,4,18" ten="211,289,250,250" oya="1" hai0="90,69,54,71,77,59,78,38,25,45,0,67,134" hai1="19,76,80,135,121,123,72,50,41,7,34,33,60" hai2="74,95,22,62,31,114,86,37,97,116,16,52,125" hai3="35,82,129,20,46,102,2,117,106,43,8,13,111"/><U23/><E135/><V11/><F74/><W9/><G111/><T28/><D0/><U44/><E7/><V83/><F116/><W91/><G35/><T131/><D134/><U84/><E72/><V4/><F37/><W73/><G129/><T65/><D69/><U92/><E92/><V105/><F105/><W1/><G117/><T87/><D71/><U96/><E96/><V51/><F62/><W56/><G106/><T112/><D112/><U119/><E119/><V17/><F125/><W42/><G102/><T115/><D115/><U40/><E40/><V10/><F31/><W130/><G130/><T5/><D5/><U98/><E98/><V85/><F17/><W39/><G43/><T36/><D36/><U14/><REACH who="1" step="1"/><E60/><REACH who="1" ten="211,279,250,250" step="2"/><V133/><F133/><W110/><G73/><T24/><D131/><U79/><E79/><N who="2" m="46335" /><F4/><W64/><G1/><T94/><D78/><U21/><E21/><V26/><F114/><W132/><G20/><N who="0" m="15367" /><D77/><U61/><E61/><V124/><F124/><W29/><G2/><T63/><D63/><U6/><E6/><V93/><F86/><W81/><G132/><T109/><D87/><U113/><E113/><V66/><F66/><W75/><G64/><T120/><D67/><U104/><E104/><V100/><F93/><W15/><G75/><T12/><D65/><U68/><E68/><V99/><F97/><W47/><G42/><T55/><D94/><U32/><AGARI ba="0,1" hai="14,19,23,32,33,34,41,44,50,76,80,84,121,123" machi="32" ten="30,6000,0" yaku="1,1,0,1,52,1,53,0" doraHai="18" doraHaiUra="126" who="1" fromWho="1" sc="211,-20,279,70,250,-20,250,-20" /><INIT seed="1,1,0,2,5,112" ten="191,349,230,230" oya="1" hai0="90,81,85,75,86,68,97,110,44,2,22,108,48" hai1="71,69,37,116,79,39,50,120,19,78,134,1,20" hai2="58,124,17,132,127,76,99,23,51,70,126,66,45" hai3="55,42,40,32,47,82,65,123,102,118,38,111,122"/><U109/><E1/><V64/><F132/><W46/><G102/><T36/><D68/><U135/><E120/><V57/><F76/><N who="1" m="29225" /><E50/><V96/><F96/><W34/><G82/><T121/><D75/><U4/><E4/><V11/><F11/><W101/><G101/><T63/><D2/><U80/><E80/><V26/><F99/><W129/><G65/><N who="2" m="25193" /><F70/><N who="1" m="26633" /><E19/><V28/><F17/><W21/><G21/><T16/><D36/><N who="1" m="13899" /><E20/><V131/><F51/><W56/><G38/><T62/><D121/><U125/><E125/><V128/><F45/><W89/><G34/><T87/><D81/><U74/><E74/><V119/><F57/><W6/><G32/><T52/><D16/><U73/><E73/><V84/><F58/><W106/><G123/><T15/><D22/><U105/><E105/><V130/><F84/><W43/><G106/><T83/><D83/><U54/><E54/><V0/><F0/><W98/><G6/><T18/><D18/><U8/><E8/><V59/><F59/><W103/><G56/><T31/><D86/><U107/><E107/><V91/><F91/><W95/><G89/><T30/><D87/><U35/><E35/><V53/><F53/><W24/><G55/><T72/><D72/><U12/><E12/><V67/><F67/><W13/><G122/><T88/><D15/><U41/><E41/><V49/><F49/><W14/><G13/><T9/><D9/><U93/><E93/><V60/><F60/><W29/><G14/><T114/><D85/><U104/><E104/><V33/><F23/><W5/><G5/><T92/><D92/><RYUUKYOKU ba="1,0" sc="191,-10,349,-10,230,30,230,-10" hai2="26,28,33,119,124,126,127,128,130,131" /><INIT seed="2,2,0,5,2,104" ten="181,339,260,220" oya="2" hai0="27,134,48,110,39,20,7,16,4,118,123,101,132" hai1="60,61,55,57,67,8,42,0,59,26,15,71,120" hai2="106,54,36,13,122,82,1,28,35,6,5,131,84" hai3="62,44,45,68,77,74,2,56,125,107,87,116,109"/><V22/><F122/><W121/><G109/><T79/><D39/><U91/><E0/><V53/><F106/><W102/><G68/><T93/><D123/><U72/><E72/><V66/><F131/><W52/><G2/><T105/><D105/><U111/><E111/><V94/><F36/><W40/><G121/><T112/><D110/><U19/><E120/><V33/><F1/><W46/><G116/><T49/><D112/><U12/><E26/><V21/><F66/><W38/><G87/><T97/><D79/><U63/><E42/><V128/><F94/><W78/><G78/><T24/><D24/><U76/><E76/><V18/><F128/><W43/><G125/><T34/><D34/><U108/><E108/><V114/><F114/><W98/><REACH who="3" step="1"/><G38/><REACH who="3" ten="181,339,260,210" step="2"/><T58/><D118/><U51/><E71/><V135/><F135/><N who="0" m="51754" /><D58/><U81/><E15/><V3/><F3/><W127/><G127/><T29/><D29/><U117/><E117/><V31/><F13/><W47/><N who="3" m="11264" /><DORA hai="64" /><W126/><G126/><T92/><D92/><U65/><E59/><V80/><F84/><AGARI ba="2,1" hai="8,12,19,51,55,57,60,61,63,65,67,81,84,91" machi="84" ten="40,1300,0" yaku="8,1" doraHai="104,64" who="1" fromWho="2" sc="181,0,339,29,260,-19,210,0" /><INIT seed="3,0,0,4,5,71" ten="181,368,241,210" oya="3" hai0="132,111,36,109,6,55,73,76,51,12,75,135,41" hai1="19,48,15,130,5,134,129,93,25,121,31,38,18" hai2="104,17,127,126,66,97,44,32,108,37,87,49,79" hai3="65,113,43,91,11,68,133,13,98,47,106,27,114"/><W69/><G133/><N who="0" m="51275" /><D76/><U80/><E134/><V53/><F108/><N who="0" m="41546" /><D6/><U70/><E70/><V23/><F32/><W116/><G116/><T35/><D35/><U103/><E80/><N who="2" m="47519" /><F66/><W117/><G117/><T102/><D102/><U118/><E118/><V9/><F9/><W84/><G106/><T122/><D12/><U3/><E3/><V85/><F85/><W105/><G105/><T96/><D96/><U82/><E5/><V74/><F74/><N who="0" m="28170" /><D122/><U77/><E15/><V72/><F72/><W0/><G13/><T131/><D131/><U62/><E77/><V125/><F97/><W119/><G98/><T115/><D115/><U63/><E103/><V34/><F34/><W42/><G114/><T61/><D61/><U20/><E121/><V58/><F104/><W56/><G113/><T120/><D120/><U107/><E62/><V100/><F100/><W89/><G119/><T90/><D90/><U81/><E63/><V4/><F4/><W94/><G91/><T1/><D1/><U46/><E107/><V40/><F23/><W60/><G0/><T39/><D41/><U22/><E129/><V24/><F24/><W88/><G27/><T124/><D124/><U10/><E25/><V92/><F92/><W54/><G11/><T45/><AGARI ba="0,0" hai="36,39,45,51,55" m="28170,41546,51275" machi="45" ten="40,8000,1" yaku="20,1,14,1,52,2" doraHai="71" who="0" fromWho="0" sc="181,80,368,-20,241,-20,210,-40" /><INIT seed="4,0,0,4,3,95" ten="261,348,221,170" oya="0" hai0="16,20,107,10,92,81,125,55,67,132,75,118,73" hai1="111,43,35,122,3,39,86,32,115,121,15,79,24" hai2="33,68,110,9,21,112,80,61,117,130,70,51,5" hai3="26,27,41,57,48,120,45,74,99,29,135,19,72"/><T38/><D118/><U87/><E3/><V14/><F110/><W78/><G135/><T134/><D107/><U30/><E111/><V128/><F33/><W84/><G120/><T97/><D125/><U36/><E115/><V91/><F112/><W28/><G19/><T98/><D38/><U44/><E39/><V85/><F117/><W127/><G127/><T106/><D10/><U46/><E46/><V58/><F51/><W64/><G64/><T2/><D2/><U7/><E35/><V113/><F113/><W129/><G129/><N who="2" m="49769" /><F21/><W13/><G13/><N who="0" m="9231" /><D67/><AGARI ba="0,0" hai="5,9,14,58,61,67,68,70,80,85,91" m="49769" machi="67" ten="30,1000,0" yaku="19,1" doraHai="95" who="2" fromWho="0" sc="261,-10,348,0,221,10,170,0" /><INIT seed="5,0,0,1,4,42" ten="251,348,231,170" oya="1" hai0="71,72,109,45,99,39,33,128,110,89,123,52,40" hai1="97,51,93,31,17,68,118,127,107,35,114,121,18" hai2="63,46,36,116,86,26,50,100,13,115,53,28,22" hai3="56,131,134,32,37,87,112,67,1,78,41,79,19"/><U70/><E121/><V10/><F116/><W5/><G32/><T44/><D123/><U77/><E118/><V75/><F75/><W84/><G112/><T66/><D33/><U96/><E114/><V108/><F115/><W2/><G131/><T132/><D72/><U103/><E127/><V48/><F108/><W43/><G134/><T34/><D34/><U29/><E77/><V30/><F36/><W106/><G106/><T69/><D132/><U47/><E70/><V55/><F100/><W21/><G5/><T38/><D128/><U130/><E68/><V82/><F63/><W85/><G2/><T12/><D69/><U24/><E31/><V113/><F113/><W91/><G1/><T25/><D25/><U126/><E126/><V4/><F22/><W94/><G37/><T15/><D38/><U76/><E76/><V117/><F26/><W27/><G79/><T6/><D71/><U81/><E81/><V0/><F0/><W8/><G8/><T65/><D39/><U14/><E14/><V95/><F95/><W83/><REACH who="3" step="1"/><G87/><REACH who="3" ten="251,348,231,160" step="2"/><T119/><D119/><U124/><E130/><V23/><F117/><W135/><G135/><T102/><D6/><U3/><E3/><V57/><F23/><W88/><G88/><AGARI ba="0,1" hai="4,10,13,28,30,46,48,50,53,55,57,82,86,88" machi="88" ten="30,7700,0" yaku="7,1,8,1,52,1,54,1" doraHai="42" who="2" fromWho="3" sc="251,0,348,0,231,87,160,-77" /><INIT seed="6,0,0,0,0,94" ten="251,348,318,83" oya="2" hai0="74,86,88,125,61,57,20,85,126,26,128,93,53" hai1="124,60,82,41,62,99,64,79,29,81,38,10,50" hai2="121,118,120,122,56,3,109,2,107,15,8,133,12" hai3="84,0,80,116,135,96,59,9,19,6,22,75,68"/><V51/><F107/><W113/><G68/><T37/><D74/><U16/><E124/><N who="0" m="47721" /><D37/><U35/><E38/><V103/><F103/><W90/><G116/><T58/><D128/><U70/><E35/><V69/><F69/><W117/><G117/><T132/><D132/><U114/><E29/><V13/><F118/><W102/><G135/><T27/><D58/><U14/><E62/><V66/><F133/><W36/><G36/><T105/><D105/><U131/><E131/><V129/><F129/><W108/><G108/><T77/><D77/><U76/><E114/><V44/><F109/><W5/><G75/><T72/><D72/><U7/><E76/><V42/><REACH who="2" step="1"/><F8/><REACH who="2" ten="251,348,308,83" step="2"/><W40/><G113/><T123/><D123/><U97/><E70/><V91/><F91/><W54/><G40/><T24/><D85/><U23/><E79/><V25/><F25/><W33/><G9/><T47/><D47/><N who="1" m="25967" /><E99/><V115/><F115/><W4/><G0/><T106/><D106/><U31/><E97/><V95/><F95/><W127/><G127/><T134/><D134/><U21/><E81/><V83/><F83/><W119/><G119/><T55/><D93/><U39/><E82/><V45/><F45/><W67/><G80/><T71/><D71/><U110/><E110/><V32/><F32/><W89/><G33/><T111/><D111/><U98/><E98/><V43/><F43/><W63/><G84/><T17/><D26/><N who="1" m="16847" /><E39/><V65/><F65/><W49/><G102/><T34/><D34/><U112/><E112/><V18/><F18/><W48/><G67/><N who="0" m="39343" /><D24/><N who="1" m="14439" /><E64/><V28/><F28/><RYUUKYOKU ba="0,1" sc="251,10,348,10,308,10,83,-30" hai0="17,20,27,53,55,86,88" hai1="7,10,14,60" hai2="2,3,12,13,15,42,44,51,56,66,120,121,122" /><INIT seed="6,1,1,3,0,8" ten="261,358,318,53" oya="2" hai0="117,102,10,54,29,92,40,89,90,32,11,120,16" hai1="30,113,122,45,86,52,19,6,57,55,95,87,91" hai2="9,17,104,131,135,125,105,53,12,43,7,20,61" hai3="44,3,37,96,47,0,116,1,82,35,132,76,110"/><V121/><F121/><W67/><G110/><T58/><D120/><U126/><E122/><V130/><F125/><W68/><G35/><T84/><D40/><U69/><E126/><V27/><F135/><W119/><G132/><T66/><D32/><U101/><E69/><V46/><F61/><W79/><G96/><N who="0" m="59655" /><D29/><U81/><E113/><V93/><F53/><W26/><G26/><T71/><D71/><U80/><E6/><V118/><F118/><W109/><G109/><T128/><D66/><U127/><E127/><V63/><F63/><W5/><G5/><T133/><D128/><N who="2" m="49194" /><F93/><W75/><G79/><T65/><D65/><U124/><E124/><V62/><F62/><W103/><G103/><T48/><D117/><U42/><E101/><V38/><AGARI ba="1,1" hai="7,9,12,17,20,27,38,43,46,104,105" m="49194" machi="38" ten="30,3000,0" yaku="19,1,52,1" doraHai="8" who="2" fromWho="2" sc="261,-11,358,-11,318,43,53,-11" /><INIT seed="6,2,0,2,4,35" ten="250,347,361,42" oya="2" hai0="54,0,114,122,58,47,130,102,124,12,104,120,99" hai1="24,98,119,46,126,26,115,61,18,43,97,27,123" hai2="128,60,44,95,103,75,100,37,118,63,68,16,45" hai3="67,57,76,21,92,70,9,48,85,55,49,79,116"/><V2/><F118/><W77/><G70/><T83/><D114/><U81/><E115/><V59/><F75/><W91/><G67/><T105/><D105/><U64/><E119/><V107/><F107/><W15/><G116/><T25/><D130/><U5/><E126/><V41/><F128/><W14/><G14/><T6/><D124/><U108/><E108/><V101/><F68/><W28/><G28/><T13/><D25/><U110/><E110/><V22/><F2/><W127/><G127/><T87/><D47/><U111/><E111/><V53/><F45/><W66/><G66/><T4/><D4/><U117/><E117/><V11/><F11/><W131/><G131/><T72/><D72/><U113/><E5/><V29/><F29/><W80/><G49/><T20/><D20/><U17/><E81/><V38/><F38/><W82/><REACH who="3" step="1"/><G9/><REACH who="3" ten="250,347,361,32" step="2"/><N who="0" m="2247" /><D12/><U56/><E123/><V109/><F109/><W30/><G30/><T93/><D13/><U71/><E71/><V84/><F60/><W69/><G69/><T133/><D122/><U78/><E113/><V40/><F37/><W73/><G73/><T86/><D120/><U39/><E18/><AGARI ba="2,1" hai="15,18,21,48,55,57,76,77,79,80,82,85,91,92" machi="18" ten="40,8000,1" yaku="1,1,25,2,8,1,53,0" doraHai="35" doraHaiUra="132" who="3" fromWho="1" sc="250,0,347,-86,361,0,32,96" /><INIT seed="7,0,0,4,5,91" ten="250,261,361,128" oya="3" hai0="62,103,29,66,85,54,45,127,86,82,109,80,4" hai1="6,92,125,19,112,23,36,59,131,41,123,104,40" hai2="134,12,116,39,34,121,24,38,84,0,122,113,46" hai3="13,44,88,126,57,32,89,7,3,107,74,21,70"/><W50/><G32/><T72/><D109/><U102/><E123/><V105/><F0/><W51/><G70/><T58/><D72/><U15/><E112/><V87/><F105/><W49/><G107/><T77/><D127/><U106/><E125/><V135/><F116/><W69/><G69/><T120/><D120/><N who="2" m="46186" /><F12/><W118/><G74/><T33/><D4/><U17/><E6/><V56/><F56/><W93/><G118/><T83/><D103/><U68/><E68/><V90/><F84/><N who="3" m="52359" /><G3/><T10/><D10/><U60/><E36/><N who="2" m="13867" /><F46/><W47/><G126/><T119/><D119/><U1/><E1/><V65/><F65/><W22/><G57/><T114/><D114/><U96/><E131/><V28/><F113/><W99/><G7/><T16/><D33/><U27/><E104/><V79/><F79/><W133/><G133/><T35/><D35/><U61/><E106/><V117/><F117/><W18/><G22/><T5/><D5/><U75/><E75/><V9/><F9/><W100/><G100/><T31/><D77/><U37/><E37/><V2/><F2/><W76/><G76/><T81/><D45/><U73/><E73/><V63/><F134/><W52/><G47/><T98/><D66/><U48/><E59/><V115/><F135/><W14/><G13/><T128/><D128/><U8/><E48/><V111/><F115/><W129/><G129/><T53/><D58/><U64/><E64/><V94/><F63/><AGARI ba="0,0" hai="8,15,17,19,23,27,40,41,60,61,63,92,96,102" machi="63" ten="40,2600,0" yaku="8,1,52,1" doraHai="91" who="1" fromWho="2" sc="250,0,261,26,361,-26,128,0" owari="250,-15.0,287,9.0,335,43.0,128,-37.0" /></mjloggm>