<mjloggm ver="2.3"><GO type="169" lobby="0"/><UN n0="%E5%AE%89%E8%89%AF%E5%B2%A1%E8%8A%B1%E7%81%AB" n1="%E5%A4%A9%E9%BC%93" n2="%EF%BC%91%EF%BC%90%E9%80%A3%E3%82%AC%E3%83%81%E3%83%A3" n3="%EF%BC%8A%E7%B4%97%E5%BC%A5%E8%8F%AF%EF%BC%8A" dan="16,19,16,16" rate="2077.50,2222.15,2082.98,2098.02" sx="M,M,M,F"/><TAIKYOKU oya="0"/><INIT seed="0,0,0,5,4,131" ten="250,250,250,250" oya="0" hai0="59,33,123,35,34,133,63,119,103,58,65,30,64" hai1="88,13,87,2,82,3,105,129,20,57,78,44,73" hai2="40,61,66,106,76,9,77,70,95,122,112,4,130" hai3="37,114,32,16,104,75,51,80,99,46,116,39,17"/><T100/><D119/><U24/><E129/><V84/><F122/><W53/><G32/><T118/><D118/><U52/><E105/><V14/><F112/><W98/><G116/><T79/><D123/><U36/><E13/><V74/><F106/><W125/><G114/><T83/><D30/><U81/><E44/><V62/><F74/><W43/><G125/><T15/><D15/><U19/><REACH who="1" step="1"/><E36/><REACH who="1" ten="250,240,250,250" step="2"/><V28/><F130/><W38/><G104/><T93/><D93/><U23/><E23/><V42/><F95/><W102/><G39/><T108/><D35/><U115/><E115/><V26/><F42/><W48/><G38/><T120/><D34/><U121/><E121/><V71/><F40/><W7/><G37/><T126/><D33/><U8/><E8/><V97/><F14/><W110/><G43/><T55/><D120/><U117/><E117/><V111/><F9/><W60/><G46/><T127/><D127/><U31/><E31/><V47/><F47/><W124/><G124/><T107/><D126/><U67/><E67/><V132/><F66/><W86/><G53/><T72/><D107/><U49/><AGARI ba="0,1" hai="2,3,19,20,24,49,52,57,73,78,81,82,87,88" machi="49" ten="20,8000,1" yaku="1,1,0,1,7,1,54,2,53,0" doraHai="131" doraHaiUra="91" who="1" fromWho="1" sc="250,-40,240,90,250,-20,250,-20" /><INIT seed="1,0,0,2,2,29" ten="210,330,230,230" oya="1" hai0="7,122,126,38,55,21,110,125,117,3,82,13,91" hai1="32,42,78,40,97,116,8,75,112,80,68,45,46" hai2="6,67,2,134,118,93,56,109,28,35,23,81,132" hai3="48,20,114,22,87,61,94,79,10,77,86,52,44"/><U58/><E112/><V64/><F118/><W51/><G114/><T106/><D117/><U34/><E68/><V57/><F81/><W101/><G10/><T0/><D106/><U99/><E116/><V37/><F37/><W54/><G61/><T89/><D110/><U129/><E129/><V133/><F93/><W53/><G101/><T96/><D38/><N who="1" m="21655" /><E58/><N who="2" m="22635" /><F23/><N who="3" m="8747" /><G94/><T36/><D36/><N who="1" m="21831" /><E99/><V49/><F49/><N who="3" m="19019" /><G44/><T50/><D122/><U113/><E113/><V102/><F109/><W98/><G98/><T72/><D96/><U131/><E131/><V66/><F102/><W76/><AGARI ba="0,0" hai="52,53,54,76,77,79,86,87" m="19019,8747" machi="76" ten="40,8000,1" yaku="28,2,8,1,54,1" doraHai="29" who="3" fromWho="3" sc="210,-20,330,-40,230,-20,230,80" /><INIT seed="2,0,0,1,3,103" ten="190,290,210,310" oya="2" hai0="80,45,53,106,105,117,56,62,114,31,121,115,22" hai1="127,8,12,131,126,0,72,83,123,69,39,129,32" hai2="119,71,57,1,10,16,46,11,132,98,120,24,51" hai3="43,112,108,104,64,5,134,33,42,50,74,111,75"/><V30/><F119/><W67/><G33/><T15/><D121/><U107/><E69/><V26/><F71/><W38/><G50/><T94/><D117/><U28/><E39/><V128/><F120/><W97/><G5/><T87/><D94/><U6/><E123/><V23/><F132/><W55/><G55/><T84/><D45/><U109/><E107/><V7/><F128/><N who="1" m="49225" /><E83/><V96/><F57/><W63/><G112/><T82/><D31/><U78/><E78/><V48/><F48/><W52/><G52/><T85/><D115/><U135/><E72/><V99/><F11/><W19/><G19/><T70/><D70/><U58/><E109/><N who="3" m="42058" /><G67/><T44/><D44/><U95/><E135/><V21/><REACH who="2" step="1"/><F98/><REACH who="2" ten="190,290,200,310" step="2"/><W9/><G9/><T29/><D114/><U88/><E58/><V133/><F133/><W47/><G134/><T49/><D49/><U86/><E126/><V81/><F81/><W73/><G38/><T59/><D82/><U113/><E127/><V110/><F110/><W34/><G97/><T76/><D80/><U4/><E113/><V79/><F79/><W13/><G63/><T20/><D59/><U68/><E68/><V92/><F92/><W41/><G47/><T3/><D76/><U116/><E116/><V14/><F14/><W101/><G13/><T124/><D124/><U61/><E61/><V36/><F36/><W54/><G75/><T17/><D3/><U118/><E118/><V2/><F2/><W77/><G74/><T27/><AGARI ba="0,1" hai="15,17,20,22,27,29,53,56,62,84,85,87,105,106" machi="27" ten="30,4000,0" yaku="0,1,52,2" doraHai="103" who="0" fromWho="0" sc="190,50,290,-10,200,-20,310,-10" /><INIT seed="3,0,0,1,3,95" ten="240,280,180,300" oya="3" hai0="24,7,71,104,79,135,125,22,100,32,52,109,129" hai1="62,41,108,132,106,73,56,47,6,58,99,88,91" hai2="28,5,11,72,8,85,117,19,121,84,70,111,128" hai3="76,81,130,15,14,96,69,33,92,80,63,107,105"/><W74/><G33/><T123/><D123/><U83/><E108/><V75/><F117/><W87/><G130/><T114/><D129/><U37/><E132/><V113/><F128/><W101/><G14/><T18/><D135/><U21/><E58/><V55/><F113/><W44/><G15/><T12/><D109/><U93/><E106/><N who="3" m="40458" /><G44/><T78/><D114/><U57/><E21/><V59/><F70/><W51/><G51/><T82/><D125/><U38/><E38/><V122/><F28/><W66/><G63/><T30/><D71/><U61/><E57/><V90/><F111/><W110/><G66/><T13/><D82/><U112/><E112/><V2/><F121/><W23/><G23/><T26/><D52/><U86/><E73/><V40/><F19/><W65/><G65/><T25/><D12/><U102/><E6/><V35/><F11/><W29/><G29/><T116/><D116/><U127/><E127/><V45/><F35/><W34/><G34/><T10/><REACH who="0" step="1"/><D25/><REACH who="0" ten="230,280,180,300" step="2"/><U39/><E62/><V131/><F122/><W133/><G69/><T53/><D53/><U124/><E124/><V1/><F55/><W9/><G110/><T49/><D49/><U60/><E37/><V97/><F131/><W103/><G133/><T77/><D77/><U118/><E118/><V48/><F1/><W27/><G27/><T64/><D64/><N who="1" m="38919" /><E61/><V120/><F120/><W4/><G81/><T43/><D43/><U94/><E83/><V20/><F40/><W89/><G74/><T98/><AGARI ba="0,1" hai="7,10,13,18,22,24,26,30,32,78,79,98,100,104" machi="98" ten="30,7900,0" yaku="1,1,0,1,52,1,53,1" doraHai="95" doraHaiUra="3" who="0" fromWho="0" sc="230,89,280,-20,180,-20,300,-39" /><INIT seed="4,0,0,2,0,99" ten="319,260,160,261" oya="0" hai0="62,0,88,105,14,129,51,91,64,130,3,69,82" hai1="110,72,79,28,6,25,118,9,114,47,73,43,112" hai2="35,61,22,44,26,42,40,56,78,101,94,123,135" hai3="57,38,15,41,60,33,34,103,124,55,75,95,84"/><T66/><D105/><U16/><E110/><V108/><F108/><W98/><G75/><T13/><D51/><U8/><E118/><V127/><F35/><W53/><G124/><T126/><D126/><U54/><E54/><V12/><F127/><W111/><G111/><T74/><D74/><U134/><E134/><V128/><F128/><N who="0" m="49258" /><D82/><U39/><E9/><V11/><F78/><W97/><G84/><T37/><D37/><U65/><E65/><N who="0" m="25193" /><D62/><U48/><E48/><V104/><F104/><W52/><G15/><N who="0" m="5643" /><D69/><U133/><E73/><V68/><F68/><W19/><G38/><T102/><D102/><U31/><E133/><V24/><F135/><W7/><G7/><T86/><D86/><U120/><E72/><V30/><F123/><W76/><G60/><T87/><D87/><U77/><E120/><V107/><F107/><W49/><G103/><T23/><D23/><N who="1" m="13543" /><E77/><V81/><F81/><W115/><G76/><T70/><D70/><U59/><E79/><V122/><F122/><W71/><G71/><T63/><D63/><U10/><E59/><V89/><F56/><W92/><G57/><T27/><D27/><U83/><E83/><V80/><F26/><W21/><G49/><T32/><D32/><U5/><E5/><N who="2" m="3183" /><F61/><W90/><G33/><T2/><AGARI ba="0,0" hai="0,2,3,88,91" m="5643,25193,49258" machi="2" ten="40,12000,1" yaku="28,2,19,1,54,1" doraHai="99" who="0" fromWho="0" sc="319,120,260,-40,160,-40,261,-40" /><INIT seed="4,1,0,3,3,1" ten="439,220,120,221" oya="0" hai0="76,112,118,69,108,44,120,119,26,63,74,42,35" hai1="16,83,125,91,20,130,77,62,45,105,96,34,131" hai2="65,31,50,110,28,133,66,128,81,30,23,104,55" hai3="49,88,135,101,111,134,25,9,113,85,98,99,109"/><T115/><D76/><U80/><E34/><V51/><F104/><N who="3" m="63543" /><G25/><T70/><D74/><U43/><E125/><V3/><F133/><N who="3" m="50699" /><G49/><T73/><D73/><U114/><E114/><N who="0" m="43561" /><D35/><U53/><E53/><V41/><F110/><N who="3" m="41995" /><G113/><T117/><D108/><U75/><E62/><V84/><F51/><W32/><G32/><T94/><D26/><U87/><E96/><V47/><F23/><W48/><G48/><T102/><D119/><U6/><E105/><V38/><F128/><N who="1" m="49193" /><E6/><V93/><F93/><N who="3" m="54415" /><G9/><T132/><D70/><U89/><E89/><V59/><REACH who="2" step="1"/><F3/><REACH who="2" ten="439,220,110,221" step="2"/><W107/><G107/><T58/><D118/><U36/><E20/><V82/><F82/><W8/><G8/><T33/><D117/><U56/><E83/><V71/><F71/><W21/><G21/><T78/><D69/><U17/><E56/><V57/><F57/><W4/><G99/><T2/><D58/><U127/><E80/><V123/><F123/><W86/><G86/><T106/><D120/><U79/><E87/><V11/><F11/><W46/><G46/><T61/><D44/><U60/><E45/><V12/><F12/><W92/><G92/><T18/><D94/><U95/><E95/><V72/><F72/><W22/><G22/><T124/><D106/><U67/><E75/><V122/><F122/><W37/><G37/><T40/><D33/><U116/><E36/><V103/><F103/><W97/><G97/><T90/><D2/><U29/><E116/><V19/><F19/><W5/><AGARI ba="1,1" hai="4,5" m="54415,41995,50699,63543" machi="5" ten="40,8000,1" yaku="20,1,52,2,54,1" doraHai="1" who="3" fromWho="3" sc="439,-41,220,-21,110,-21,221,93" /><INIT seed="5,0,0,3,3,24" ten="398,199,89,314" oya="1" hai0="99,114,11,40,49,55,15,128,23,105,69,25,12" hai1="39,122,6,82,115,129,22,117,90,50,77,72,81" hai2="74,46,56,127,93,124,32,3,47,119,131,31,43" hai3="30,76,134,0,79,45,52,89,87,120,67,16,35"/><U109/><E117/><V7/><F119/><W130/><G0/><T84/><D69/><U110/><E122/><V34/><F74/><W112/><G120/><T91/><D114/><U18/><E39/><V101/><F131/><W121/><G112/><T54/><D128/><U57/><E115/><V48/><F56/><W63/><G130/><T107/><D40/><U73/><E6/><V66/><F66/><W62/><G134/><T113/><D113/><U104/><E104/><V102/><F34/><W1/><G1/><T37/><D37/><U126/><E126/><V70/><F70/><W71/><G16/><T42/><D42/><U26/><E129/><V118/><F93/><W78/><G121/><T33/><D33/><U10/><E10/><V75/><F75/><W96/><G96/><T97/><D107/><U51/><E90/><V100/><F118/><W17/><G17/><T61/><D61/><U108/><REACH who="1" step="1"/><E57/><REACH who="1" ten="398,189,89,314" step="2"/><V125/><F7/><W103/><G89/><T19/><D105/><U98/><E98/><V132/><F132/><W94/><G71/><T58/><D99/><U9/><E9/><V80/><F3/><W92/><G79/><AGARI ba="0,1" hai="18,22,26,50,51,72,73,77,79,81,82,108,109,110" machi="79" ten="40,7700,0" yaku="1,1,9,1,10,1,53,0" doraHai="24" doraHaiUra="29" who="1" fromWho="3" sc="398,0,189,87,89,0,314,-77" /><INIT seed="5,1,0,5,1,94" ten="398,276,89,237" oya="1" hai0="85,4,113,9,1,37,124,39,47,129,45,25,86" hai1="0,35,72,103,2,80,111,106,13,122,97,96,121" hai2="123,31,61,7,104,102,48,58,112,56,71,65,5" hai3="22,36,11,10,93,69,118,53,20,3,12,125,98"/><U63/><E111/><V107/><F123/><W55/><G69/><T120/><D120/><U33/><E13/><V119/><F119/><W130/><G36/><T27/><D113/><U74/><E63/><V51/><F31/><W108/><G108/><T87/><D129/><U73/><E80/><V40/><F112/><W19/><G130/><T21/><D124/><U29/><E29/><V116/><F116/><W15/><G3/><T114/><D114/><U70/><E70/><V59/><F40/><W91/><G125/><T54/><D54/><U117/><E117/><V100/><F48/><W18/><REACH who="3" step="1"/><G118/><REACH who="3" ten="398,276,89,227" step="2"/><T17/><D37/><U16/><E121/><V8/><F71/><W57/><G57/><T109/><D39/><U68/><E122/><V99/><F51/><W26/><G26/><T34/><D109/><U28/><E0/><V126/><F126/><W75/><G75/><T84/><D27/><U134/><E2/><V49/><F49/><W60/><G60/><T131/><D131/><U88/><E74/><V62/><F65/><W135/><G135/><T66/><D66/><U81/><E73/><V38/><F38/><W92/><G92/><T77/><D25/><U14/><E134/><V89/><F58/><W41/><G41/><T46/><D1/><U83/><E72/><V101/><F59/><W78/><G78/><T67/><D77/><U32/><E68/><V110/><F110/><W64/><G64/><T133/><D67/><U132/><E132/><V52/><F62/><W43/><G43/><T76/><D133/><U30/><E35/><V115/><F61/><RYUUKYOKU ba="1,1" sc="398,-10,276,-10,89,-10,227,30" hai3="10,11,12,15,18,19,20,22,53,55,91,93,98" /><INIT seed="6,2,1,3,2,76" ten="388,266,79,257" oya="2" hai0="1,26,65,40,98,96,100,51,86,32,108,130,50" hai1="23,116,28,73,57,18,61,123,48,74,88,15,80" hai2="20,109,89,13,85,84,59,14,125,35,21,90,114" hai3="22,27,135,3,110,99,122,12,43,124,31,104,17"/><V25/><F114/><W30/><G122/><T128/><D108/><U70/><E116/><V34/><F109/><W87/><G110/><T16/><D1/><U134/><E70/><V95/><F125/><W44/><G3/><T83/><D65/><U5/><E134/><V42/><F42/><W97/><G135/><T93/><D40/><U129/><E48/><V37/><F37/><W131/><G131/><N who="0" m="50219" /><D98/><U9/><E28/><V46/><F46/><W54/><G54/><T7/><D7/><U19/><E19/><V4/><F4/><W24/><G124/><T121/><D121/><U102/><E102/><V126/><F126/><W67/><G67/><T94/><D93/><U120/><E129/><V69/><F69/><W66/><G66/><T68/><D32/><U29/><E29/><V82/><F59/><W72/><G72/><T91/><D68/><U63/><E74/><V71/><F71/><W58/><G58/><T78/><D100/><U77/><E120/><V11/><F21/><AGARI ba="2,1" hai="16,21,26,50,51,78,83,86,91,94,96" m="50219" machi="21" ten="30,3900,0" yaku="19,1,52,1,54,1" doraHai="76" who="0" fromWho="2" sc="388,55,266,0,79,-45,257,0" /><INIT seed="7,0,0,0,0,105" ten="443,266,34,257" oya="3" hai0="130,35,72,38,13,121,54,98,64,131,47,30,122" hai1="63,100,90,92,5,128,134,9,73,14,120,1,79" hai2="127,50,26,60,16,112,124,118,68,129,2,84,55" hai3="41,17,107,27,74,91,22,23,75,56,25,11,36"/><W104/><G11/><T29/><D72/><U76/><E120/><V83/><F118/><W116/><G91/><T15/><D98/><N who="1" m="59463" /><E73/><V24/><F2/><W32/><G32/><T89/><D89/><U133/><E128/><N who="0" m="49193" /><D64/><U113/><E113/><V106/><F106/><W65/><G116/><T88/><D88/><U82/><E1/><V57/><F112/><W110/><G110/><T3/><D3/><U53/><E134/><V28/><F129/><W39/><G65/><T86/><D86/><N who="1" m="50519" /><E133/><V12/><F124/><W67/><G67/><T81/><D81/><U103/><E103/><V80/><F127/><W135/><G135/><T69/><D69/><U18/><E5/><V58/><F68/><W59/><G17/><T87/><D87/><U62/><E53/><V114/><F28/><N who="0" m="10858" /><D35/><U0/><E0/><V71/><F114/><W132/><G132/><T78/><D78/><AGARI ba="0,0" hai="9,14,18,62,63,76,78,79" m="50519,59463" machi="78" ten="30,1000,0" yaku="8,1" doraHai="105" who="1" fromWho="0" sc="443,-10,266,10,34,0,257,0" owari="433,53.0,276,8.0,34,-47.0,257,-14.0" /></mjloggm>