<mjloggm ver="2.3"><GO type="169" lobby="0"/><UN n0="%64%75%72%72%72%72%72" n1="%E3%81%BF%E3%81%A3%E3%81%8D%E3%83%BC" n2="%E6%B9%98%E5%8C%97%E2%91%AD%E4%B8%89%E4%BA%95%E5%AF%BF" n3="%E6%9C%A8%E5%8E%9F%E8%B1%AA%E4%B8%80" dan="18,17,17,16" rate="2226.40,2204.04,2165.62,2178.46" sx="M,M,M,M"/><TAIKYOKU oya="0"/><INIT seed="0,0,0,0,1,73" ten="250,250,250,250" oya="0" hai0="94,120,88,21,13,68,76,45,2,3,59,72,32" hai1="82,60,1,85,130,5,132,7,74,75,109,52,126" hai2="19,93,31,128,57,46,47,39,58,48,103,117,42" hai3="4,15,18,119,91,134,17,121,38,25,83,110,24"/><T115/><D68/><U70/><E109/><V62/><F31/><W30/><G38/><T54/><D32/><U80/><E126/><V105/><F105/><W49/><G119/><T116/><D120/><U6/><E132/><V127/><F117/><W90/><G110/><T133/><D115/><U64/><E130/><V61/><F19/><W11/><G134/><T95/><D116/><U28/><E28/><V108/><F108/><W98/><G121/><T89/><D45/><U9/><E6/><V53/><F93/><W44/><G98/><T66/><D66/><U87/><E7/><V65/><F103/><W0/><G18/><N who="0" m="10447" /><D72/><U79/><REACH who="1" step="1"/><E52/><REACH who="1" ten="250,240,250,250" step="2"/><N who="2" m="33991" /><F127/><W41/><G30/><T55/><D55/><U36/><E36/><V81/><F81/><W37/><G37/><T97/><D133/><U43/><E43/><N who="2" m="22911" /><F128/><W50/><G83/><T96/><D3/><U101/><E101/><V71/><F42/><W113/><G4/><T92/><D2/><U63/><E63/><V84/><F84/><W118/><G0/><T12/><D95/><U22/><E22/><V23/><F23/><W8/><G118/><T122/><D122/><U124/><E124/><V131/><F131/><W135/><G135/><T35/><D35/><U26/><E26/><V123/><F123/><W100/><G100/><T86/><D86/><U33/><E33/><V67/><F65/><W125/><G125/><T27/><D27/><U106/><E106/><V112/><F112/><W111/><G113/><T78/><D12/><U51/><E51/><AGARI ba="0,1" hai="51,54,59,76,78,88,89,92,94,96,97" m="10447" machi="51" ten="30,11600,0" yaku="8,1,52,2,54,1" doraHai="73" who="0" fromWho="1" sc="250,126,240,-116,250,0,250,0" /><INIT seed="0,1,0,0,5,110" ten="376,124,250,250" oya="0" hai0="63,111,12,55,91,24,126,102,48,116,62,4,37" hai1="94,35,108,127,74,101,95,50,16,46,19,93,34" hai2="77,92,54,69,75,119,112,103,27,53,130,36,18" hai3="60,47,122,98,129,78,118,52,38,23,39,114,107"/><T67/><D116/><U79/><E108/><V33/><F36/><W115/><G118/><T29/><D111/><U132/><E101/><V88/><F119/><W123/><G129/><T109/><D37/><N who="3" m="13833" /><G78/><T14/><D109/><U17/><E127/><V43/><F43/><W117/><G117/><T124/><D102/><U40/><REACH who="1" step="1"/><E132/><REACH who="1" ten="376,114,250,250" step="2"/><V86/><F103/><N who="3" m="62967" /><G23/><T71/><D126/><U41/><E41/><V80/><F33/><W133/><G133/><T99/><D124/><U0/><E0/><V3/><F3/><W131/><G131/><T70/><D70/><U125/><E125/><V42/><F42/><W82/><G123/><T59/><D71/><U51/><E51/><V90/><F130/><W64/><G122/><T20/><D48/><U134/><E134/><V83/><F69/><W120/><G120/><T31/><D63/><U66/><E66/><V76/><F90/><W8/><G60/><T22/><D67/><U58/><E58/><V11/><F88/><W10/><G64/><T68/><D68/><U135/><E135/><V9/><F77/><W45/><G45/><T89/><D91/><U81/><AGARI ba="1,1" hai="16,17,19,34,35,40,46,50,74,79,81,93,94,95" machi="81" ten="40,8000,1" yaku="1,1,0,1,54,1,53,1" doraHai="110" doraHaiUra="106" who="1" fromWho="1" sc="376,-41,114,93,250,-21,250,-21" /><INIT seed="1,0,0,5,4,102" ten="335,207,229,229" oya="1" hai0="86,80,131,67,43,54,88,132,44,9,92,20,18" hai1="13,108,109,47,19,81,61,120,96,14,125,126,1" hai2="52,111,73,118,37,8,45,106,15,123,11,66,87" hai3="49,119,38,34,55,116,31,12,4,70,59,42,51"/><U128/><E120/><V64/><F73/><W98/><G70/><T72/><D132/><U21/><E1/><V16/><F123/><W3/><G3/><T121/><D121/><U107/><E81/><V60/><F118/><W23/><G34/><T103/><D131/><U91/><E128/><V62/><F106/><W101/><G38/><T90/><D67/><N who="2" m="25642" /><F37/><W22/><G31/><T6/><D103/><N who="1" m="62951" /><E61/><N who="2" m="23659" /><F111/><N who="1" m="42569" /><E91/><V35/><F35/><W95/><G119/><T58/><D72/><U129/><E129/><V25/><F25/><W99/><G116/><T135/><D90/><U79/><E79/><V26/><F26/><W2/><G2/><T130/><D80/><U63/><E63/><V24/><F24/><W76/><G76/><T41/><D88/><U124/><E47/><V7/><F87/><W113/><G99/><T17/><D44/><U110/><E110/><V48/><F7/><W112/><G112/><T94/><D86/><U57/><E57/><V56/><F45/><N who="3" m="25783" /><G113/><T68/><D6/><U105/><E105/><V97/><F97/><W89/><G101/><T100/><D100/><U71/><E13/><V104/><F104/><W40/><G40/><T29/><D130/><U115/><E115/><V133/><F133/><W75/><G75/><T134/><D135/><U82/><E82/><V5/><F5/><W46/><G46/><T114/><D134/><U93/><E93/><V30/><F30/><W84/><G98/><T50/><D114/><U27/><E27/><V53/><F53/><W127/><G4/><T0/><D29/><U32/><E32/><V117/><F117/><RYUUKYOKU ba="0,0" sc="335,-15,207,15,229,15,229,-15" hai1="14,19,21,71,124,125,126" hai2="8,11,15,16,48,52,56" /><INIT seed="1,1,0,0,4,78" ten="320,222,244,214" oya="1" hai0="29,7,135,92,53,86,75,42,67,123,11,12,27" hai1="94,10,15,2,74,121,95,60,107,124,45,126,117" hai2="57,128,129,31,90,44,0,33,120,22,104,48,56" hai3="99,25,116,21,122,5,115,14,133,9,41,85,47"/><U16/><E117/><V55/><F0/><W111/><G111/><T4/><D75/><U8/><E121/><V80/><F104/><W66/><G133/><T19/><D135/><U43/><E107/><V62/><F33/><W38/><G122/><T102/><D123/><U127/><E60/><V68/><F68/><W65/><G115/><T125/><D125/><U84/><E74/><V114/><F120/><W52/><G116/><T59/><D42/><U96/><E84/><N who="2" m="50439" /><F114/><W61/><G99/><N who="0" m="59751" /><D67/><U87/><E87/><V64/><F22/><W50/><G85/><T35/><D35/><U103/><E95/><V30/><F56/><W100/><G100/><T71/><D71/><U88/><E103/><V17/><F17/><W23/><G23/><N who="0" m="15615" /><D86/><U63/><E63/><AGARI ba="1,0" hai="4,7,11,12,19,53,59,63" m="15615,59751" machi="63" ten="30,1000,0" yaku="8,1" doraHai="78" who="0" fromWho="1" sc="320,13,222,-13,244,0,214,0" /><INIT seed="2,0,0,0,3,1" ten="333,209,244,214" oya="2" hai0="58,98,68,95,79,116,117,114,64,17,111,82,13" hai1="14,9,83,96,101,108,21,112,76,124,115,93,30" hai2="65,85,12,110,42,77,119,8,41,126,134,51,25" hai3="45,94,34,123,88,97,59,0,24,69,35,55,105"/><V120/><F119/><N who="0" m="45642" /><D68/><U130/><E108/><V133/><F120/><W92/><G123/><T52/><D64/><U61/><E124/><V28/><F126/><W63/><G105/><T47/><D47/><U3/><E130/><V46/><F65/><W127/><G127/><T48/><D111/><U122/><E122/><V70/><F70/><W100/><G0/><T75/><D114/><U89/><E3/><V16/><F110/><W27/><G69/><T18/><D13/><U91/><E61/><V23/><REACH who="2" step="1"/><F42/><REACH who="2" ten="333,209,234,214" step="2"/><W15/><G35/><T129/><D129/><U80/><E112/><V131/><F131/><W128/><G34/><T10/><D10/><U135/><E115/><V44/><F44/><W7/><G45/><T49/><D49/><U53/><E9/><V26/><F26/><W72/><G128/><T38/><D38/><U99/><E21/><V71/><F71/><W86/><G72/><T39/><D39/><U106/><E53/><V87/><F87/><W50/><G50/><T32/><D32/><U43/><E43/><V125/><F125/><W40/><G40/><T62/><D48/><U37/><E37/><V84/><F84/><W11/><AGARI ba="0,1" hai="7,11,15,24,27,55,59,63,86,88,92,94,97,100" machi="11" ten="30,7900,0" yaku="0,1,8,1,52,1,54,1" doraHai="1" who="3" fromWho="3" sc="333,-20,209,-20,234,-39,214,89" /><INIT seed="3,0,0,2,4,116" ten="313,189,195,303" oya="3" hai0="12,74,122,98,24,109,17,93,75,124,9,121,71" hai1="97,45,111,40,134,92,101,8,30,123,53,64,82" hai2="48,96,28,76,25,49,13,83,72,120,77,108,91" hai3="118,51,106,11,85,61,37,105,107,86,88,10,62"/><W44/><G118/><T133/><D71/><U69/><E111/><V2/><F108/><W68/><G37/><T23/><D109/><U117/><E117/><V104/><F2/><W114/><G114/><T135/><D124/><U38/><E134/><N who="0" m="51209" /><D74/><U128/><E128/><V99/><F13/><W103/><G103/><N who="0" m="60879" /><D75/><U90/><E30/><AGARI ba="0,0" hai="9,12,17,23,24,30,121,122" m="60879,51209" machi="30" ten="30,3900,0" yaku="20,1,52,2" doraHai="116" who="0" fromWho="1" sc="313,39,189,-39,195,0,303,0" /><INIT seed="4,0,0,3,5,108" ten="352,150,195,303" oya="0" hai0="16,17,63,13,1,128,118,106,59,24,39,41,132" hai1="112,88,8,109,99,119,98,27,40,123,91,105,49" hai2="38,133,45,125,116,20,129,82,84,3,34,121,73" hai3="10,31,54,103,126,114,72,104,30,111,9,52,32"/><T76/><D106/><U12/><E119/><V22/><RYUUKYOKU type="yao9" ba="0,0" sc="352,0,150,0,195,0,303,0" hai2="3,20,22,34,38,45,73,82,84,116,121,125,129,133" /><INIT seed="4,1,0,5,0,92" ten="352,150,195,303" oya="0" hai0="133,10,16,20,55,59,82,54,2,117,32,42,85" hai1="80,72,94,53,25,38,31,58,51,97,60,98,76" hai2="110,71,50,73,109,13,62,132,36,43,57,22,125" hai3="52,17,107,39,108,61,78,87,118,26,100,103,35"/><T65/><D117/><U135/><E38/><V37/><F73/><W70/><G108/><T116/><D116/><U7/><E135/><V75/><F75/><W41/><G118/><T66/><D32/><U74/><E74/><V40/><F22/><W5/><G5/><T24/><D133/><U90/><E7/><V130/><F13/><W134/><G134/><T105/><D105/><U91/><E60/><V104/><F104/><W96/><G103/><T126/><D126/><U49/><E51/><V64/><F132/><W15/><G41/><N who="2" m="15945" /><F125/><W63/><G39/><N who="2" m="14921" /><F130/><W83/><G26/><T120/><D42/><U112/><E112/><V56/><F50/><W114/><G114/><T128/><D120/><U101/><REACH who="1" step="1"/><E98/><REACH who="1" ten="352,140,195,303" step="2"/><V88/><F110/><W28/><G96/><T0/><D128/><U8/><E8/><V122/><F109/><W81/><G63/><T29/><D10/><U1/><E1/><V46/><F122/><W102/><G61/><T131/><D0/><U111/><E111/><V67/><F64/><W84/><G70/><T18/><D2/><U119/><E119/><V127/><F127/><W95/><G87/><T44/><D65/><U21/><AGARI ba="1,1" hai="21,25,31,49,53,58,72,76,80,90,91,94,97,101" machi="21" ten="20,8000,1" yaku="1,1,0,1,7,1,52,1,53,1" doraHai="92" doraHaiUra="47" who="1" fromWho="1" sc="352,-41,140,93,195,-21,303,-21" /><INIT seed="5,0,0,3,3,107" ten="311,233,174,282" oya="1" hai0="26,66,36,83,6,126,82,70,86,41,46,42,87" hai1="112,90,23,11,12,91,57,32,72,117,99,130,14" hai2="110,116,61,127,94,67,35,53,123,125,20,133,44" hai3="13,60,129,92,97,55,135,64,45,49,85,69,2"/><U76/><E117/><V73/><F35/><W106/><G135/><T34/><D6/><U59/><E32/><V81/><F116/><W10/><G129/><T37/><D34/><U100/><E112/><V38/><F123/><W39/><G2/><T16/><D66/><U77/><E130/><V88/><F110/><W63/><G63/><T68/><D26/><U4/><E72/><V115/><F133/><W96/><G106/><T131/><D131/><U24/><E14/><V0/><F0/><W15/><G15/><T1/><D1/><U7/><E4/><V101/><F101/><W5/><G39/><T47/><D16/><N who="1" m="12391" /><E100/><V40/><F20/><W56/><G69/><T120/><D126/><N who="2" m="48138" /><F115/><W134/><G134/><T98/><D98/><U121/><E99/><N who="2" m="57799" /><F53/><W52/><G55/><T114/><D114/><U84/><E121/><AGARI ba="0,0" hai="36,37,41,42,46,47,68,70,82,83,86,87,120,121" machi="121" ten="25,1600,0" yaku="22,2" doraHai="107" who="0" fromWho="1" sc="311,16,233,-16,174,0,282,0" /><INIT seed="6,0,0,5,2,83" ten="327,217,174,282" oya="2" hai0="88,56,117,38,76,11,86,72,125,92,60,20,130" hai1="21,96,3,123,99,57,100,35,18,68,61,44,132" hai2="39,116,78,94,24,64,54,55,6,16,67,22,101" hai3="104,82,1,73,51,48,12,45,25,84,49,58,103"/><V74/><F39/><W0/><G73/><T36/><D130/><U110/><E110/><V32/><F32/><W4/><G45/><T122/><D122/><U29/><E3/><V10/><F116/><W15/><G1/><T7/><D117/><U134/><E68/><V19/><F74/><W129/><G0/><T97/><D72/><U70/><E70/><V114/><F114/><W77/><G129/><T9/><D125/><U131/><E131/><V133/><F133/><N who="1" m="51305" /><E29/><V107/><F107/><W118/><G118/><T8/><D7/><U71/><E71/><V2/><F78/><W91/><G4/><T75/><D20/><U47/><E35/><V69/><F19/><W33/><G77/><T121/><D121/><U126/><E126/><V40/><F40/><W95/><G104/><T28/><D28/><U53/><E123/><V135/><F135/><W85/><G103/><T37/><D75/><U115/><E115/><V50/><F69/><W87/><G82/><T128/><D76/><U109/><E109/><V23/><F22/><W102/><G102/><T46/><D46/><N who="1" m="17451" /><E100/><V59/><REACH who="2" step="1"/><F55/><REACH who="2" ten="327,217,164,282" step="2"/><N who="3" m="32127" /><G33/><T108/><D128/><U43/><E43/><V89/><F89/><W66/><G66/><N who="0" m="39175" /><D108/><U105/><E105/><V5/><F5/><W119/><G119/><T106/><D106/><U27/><AGARI ba="0,1" hai="18,21,27,53,57,61,96,99" m="17451,51305" machi="27" ten="30,1100,0" yaku="20,1" doraHai="83" who="1" fromWho="1" sc="327,-3,217,21,164,-5,282,-3" /><INIT seed="7,0,0,4,0,18" ten="324,238,159,279" oya="3" hai0="125,53,34,43,68,131,26,116,126,37,113,21,120" hai1="87,101,60,128,47,89,103,46,86,77,40,97,65" hai2="23,16,122,70,134,44,63,50,73,79,6,38,108" hai3="100,132,10,129,85,133,4,24,80,104,52,33,32"/><W35/><G129/><T84/><D68/><U106/><E128/><V102/><F108/><W114/><G114/><T95/><D131/><U118/><E118/><V29/><F134/><N who="3" m="51819" /><G100/><T22/><D120/><U1/><E1/><V9/><F122/><W8/><G104/><T96/><D116/><U135/><E135/><V7/><F102/><W36/><G36/><T88/><D113/><U75/><E101/><V94/><F38/><W112/><G112/><T71/><D71/><U99/><E97/><V67/><F94/><W13/><G10/><T28/><D53/><U117/><E117/><V105/><F105/><W74/><G74/><T91/><D43/><U5/><E5/><V25/><F73/><W17/><G52/><T109/><D37/><U123/><E123/><V93/><F93/><W12/><G85/><T15/><D15/><U111/><E111/><V98/><F98/><W58/><G58/><T2/><D2/><U124/><E86/><V92/><F92/><W56/><G56/><T30/><D109/><U76/><E75/><V45/><F79/><N who="1" m="30281" /><E40/><V110/><F110/><W130/><G80/><N who="0" m="49159" /><D30/><U59/><E124/><AGARI ba="0,0" hai="21,22,26,28,34,91,95,96,124,125,126" m="49159" machi="124" ten="30,7700,0" yaku="18,1,52,2,54,1" doraHai="18" who="0" fromWho="1" sc="324,77,238,-77,159,0,279,0" owari="401,50.0,161,-24.0,159,-34.0,279,8.0" /></mjloggm>