<mjloggm ver="2.3"><GO type="169" lobby="0"/><UN n0="%E2%91%A3%E3%82%BB%E3%83%B3%E3%83%81" n1="%54%4C%6B%65%79" n2="%E3%81%8A%E7%9F%A5%E3%82%89%E3%81%9B" n3="%E3%81%BD%E3%81%BF%E3%82%85" dan="18,16,19,17" rate="2244.52,2138.60,2319.50,2209.34" sx="M,M,M,F"/><TAIKYOKU oya="0"/><INIT seed="0,0,0,1,3,26" ten="250,250,250,250" oya="0" hai0="20,96,123,1,73,94,58,49,77,134,72,13,7" hai1="4,10,114,23,113,47,93,70,29,22,75,46,115" hai2="116,59,63,6,126,18,38,86,106,44,92,100,80" hai3="74,48,71,54,32,91,83,81,35,42,50,90,40"/><T110/><D123/><U103/><E75/><V131/><F131/><W8/><G74/><T66/><D1/><U67/><E70/><V135/><F135/><W64/><G64/><T45/><D77/><U88/><E103/><V129/><F129/><W31/><G54/><T130/><D134/><U127/><E127/><V61/><F116/><W108/><G8/><T124/><D124/><U76/><E67/><V111/><F111/><W60/><G60/><T52/><D110/><U37/><E37/><V104/><F63/><W2/><G108/><T43/><D66/><U121/><E76/><V112/><F6/><W33/><G33/><T17/><D7/><U41/><E41/><V89/><F112/><W9/><G9/><T84/><D84/><U97/><E121/><V122/><F122/><W51/><G51/><T5/><D5/><U30/><E23/><V12/><F126/><W27/><G27/><T87/><D87/><U79/><E22/><V68/><F68/><W36/><G71/><T25/><D13/><N who="1" m="5319" /><E79/><V125/><F125/><W118/><G36/><T82/><D82/><U117/><E117/><V57/><F80/><W24/><G24/><T98/><D98/><U109/><E109/><V128/><F128/><W21/><G21/><T19/><D19/><U14/><E14/><V28/><F18/><W69/><G69/><T53/><D53/><U3/><E3/><V105/><F12/><W95/><G2/><T34/><D34/><U56/><E56/><V55/><F59/><W85/><G118/><T119/><D119/><U0/><E0/><V16/><F57/><RYUUKYOKU ba="0,0" sc="250,-10,250,30,250,-10,250,-10" hai1="29,30,46,47,88,93,97,113,114,115" /><INIT seed="1,1,0,1,4,2" ten="240,280,240,240" oya="1" hai0="59,48,85,16,128,135,20,46,27,83,11,3,58" hai1="14,125,49,86,43,94,79,50,87,6,76,29,129" hai2="64,67,51,25,99,62,9,19,28,113,131,122,60" hai3="56,98,32,41,45,36,38,78,21,103,26,93,116"/><U57/><E129/><V118/><F122/><W115/><G116/><T44/><D128/><U121/><E121/><V18/><F131/><W107/><G115/><T68/><D68/><U42/><E29/><V123/><F123/><W80/><G32/><T63/><D135/><U70/><E125/><V54/><F118/><W66/><G66/><T77/><D46/><U33/><E33/><V95/><F113/><W112/><G112/><T7/><REACH who="0" step="1"/><D63/><REACH who="0" ten="230,280,240,240" step="2"/><U110/><E70/><V5/><F60/><W40/><G56/><T8/><D8/><N who="1" m="4375" /><E57/><V88/><F62/><W72/><G40/><AGARI ba="1,1" hai="3,7,11,16,20,27,40,44,48,58,59,77,83,85" machi="40" ten="30,7700,0" yaku="1,1,7,1,52,1,54,1,53,0" doraHai="2" doraHaiUra="69" who="0" fromWho="3" sc="230,90,280,0,240,0,240,-80" /><INIT seed="2,0,0,5,2,12" ten="320,280,240,160" oya="2" hai0="62,97,34,115,93,134,129,8,76,74,30,110,36" hai1="33,23,47,118,60,106,75,21,107,52,126,31,121" hai2="22,48,29,98,57,112,50,79,91,14,80,35,56" hai3="131,7,123,130,133,11,65,55,40,43,4,96,81"/><V68/><F112/><W20/><G123/><T120/><D36/><U46/><E118/><V1/><F68/><W70/><G133/><T87/><D74/><U16/><E75/><V59/><F1/><W90/><G55/><T119/><D34/><U108/><E33/><V104/><F35/><W95/><G81/><T64/><D30/><U73/><E73/><V10/><F22/><W89/><G20/><T78/><D120/><U88/><E121/><V128/><F29/><W105/><G105/><T49/><D87/><U66/><E66/><V2/><F2/><W83/><G83/><T85/><D85/><U113/><E113/><V114/><F128/><N who="3" m="49195" /><G89/><T92/><D92/><U72/><E72/><V94/><F104/><W71/><G4/><T19/><D78/><U67/><E67/><V99/><F114/><W32/><G32/><T135/><D76/><U24/><E126/><V86/><REACH who="2" step="1"/><F98/><REACH who="2" ten="320,280,230,160" step="2"/><W125/><G71/><T103/><D97/><U5/><E107/><V45/><F45/><W18/><G125/><T116/><D115/><U58/><E106/><V41/><F41/><W37/><G43/><T82/><D129/><U100/><E23/><V17/><AGARI ba="0,1" hai="10,14,17,48,50,56,57,59,79,80,86,91,94,99" machi="17" ten="30,11700,0" yaku="1,1,0,1,8,1,52,1,53,0" doraHai="12" doraHaiUra="122" who="2" fromWho="2" sc="320,-39,280,-39,230,127,160,-39" /><INIT seed="2,1,0,0,0,52" ten="281,241,357,121" oya="2" hai0="104,77,87,33,122,16,66,29,46,17,117,114,113" hai1="123,101,42,70,102,48,79,82,27,64,86,84,108" hai2="95,24,44,100,38,36,21,78,39,120,57,14,69" hai3="81,88,32,91,119,12,103,43,96,129,7,126,105"/><V30/><F120/><W31/><G119/><T19/><D104/><U15/><E70/><V58/><F69/><W6/><G126/><T35/><D122/><U74/><E64/><V132/><F132/><W26/><G129/><T85/><D117/><U62/><E123/><V71/><F71/><W3/><G3/><T133/><D133/><U45/><E108/><V130/><F130/><W40/><G6/><T25/><D66/><U63/><E74/><V2/><F2/><W47/><G81/><T67/><D67/><U99/><E84/><V13/><F78/><W135/><G135/><T68/><D68/><U10/><E27/><V23/><F44/><W9/><REACH who="3" step="1"/><G43/><REACH who="3" ten="281,241,357,111" step="2"/><T22/><D114/><U20/><E102/><V8/><F100/><W125/><G125/><T107/><D113/><U90/><E101/><V65/><F95/><W110/><G110/><T93/><D107/><U121/><E121/><V97/><F97/><W131/><G131/><T124/><D124/><U59/><E82/><V60/><F23/><W53/><G53/><T116/><D116/><U37/><E20/><V72/><F8/><W49/><AGARI ba="1,1" hai="7,9,12,26,31,32,40,47,49,88,91,96,103,105" machi="49" ten="20,5200,0" yaku="1,1,0,1,7,1,54,1,53,0" doraHai="52" doraHaiUra="109" who="3" fromWho="3" sc="281,-14,241,-14,357,-27,111,65" /><INIT seed="3,0,0,4,0,68" ten="267,227,330,176" oya="3" hai0="33,132,49,0,36,19,43,54,78,93,113,106,81" hai1="40,83,122,63,30,92,109,71,41,118,47,107,134" hai2="8,100,57,91,77,27,127,15,114,39,59,51,18" hai3="112,22,60,79,129,52,96,53,95,10,35,75,74"/><W84/><G112/><T97/><D106/><U133/><E122/><V38/><F114/><W12/><G35/><T121/><D0/><U13/><E107/><V1/><F127/><W86/><G129/><T58/><D33/><U98/><E118/><V55/><F1/><W32/><G32/><T111/><D113/><U135/><E109/><V2/><F2/><W14/><G22/><T29/><D29/><U72/><E30/><V119/><F119/><W62/><G95/><T26/><D111/><U101/><E13/><V11/><F100/><W126/><G79/><T66/><D66/><U64/><E47/><V23/><F77/><AGARI ba="0,0" hai="40,41,63,64,71,72,77,83,92,98,101,133,134,135" machi="77" ten="40,1300,0" yaku="20,1" doraHai="68" who="1" fromWho="2" sc="267,0,227,13,330,-13,176,0" /><INIT seed="4,0,0,2,1,45" ten="267,240,317,176" oya="0" hai0="18,8,89,133,36,81,53,47,119,20,9,118,88" hai1="122,64,21,100,43,95,127,82,83,69,103,27,87" hai2="48,49,26,70,104,109,79,123,115,54,107,1,23" hai3="111,85,135,132,28,44,56,39,16,2,65,51,59"/><T38/><D133/><N who="3" m="51273" /><G2/><T25/><D38/><U121/><E127/><V33/><F109/><W112/><G28/><T102/><D102/><U134/><E134/><V98/><F123/><W93/><G111/><T19/><D36/><U68/><E43/><V116/><F1/><W12/><G39/><T126/><D126/><U7/><E7/><V71/><F115/><W0/><G0/><T94/><D119/><U52/><E64/><V124/><F124/><W5/><G5/><T97/><D118/><U78/><E95/><V29/><F116/><W41/><G65/><T63/><D19/><U73/><E103/><V125/><F125/><W90/><G112/><T37/><D37/><U14/><E100/><V61/><F98/><W101/><G101/><T91/><D89/><U55/><E69/><V120/><F120/><W31/><G31/><T130/><D130/><U74/><E68/><V57/><F79/><W17/><G17/><T10/><D47/><U76/><E87/><V96/><F96/><W77/><G77/><T6/><D6/><U32/><E32/><V22/><F71/><W113/><G113/><T42/><D42/><U30/><REACH who="1" step="1"/><E14/><REACH who="1" ten="267,230,317,176" step="2"/><V13/><F70/><W60/><G60/><T35/><D35/><U24/><E24/><V15/><F15/><W50/><G50/><N who="2" m="19561" /><F13/><W99/><G99/><T131/><D131/><U11/><E11/><AGARI ba="0,1" hai="11,12,16,41,44,51,56,59,85,90,93" m="51273" machi="11" ten="30,3900,0" yaku="20,1,52,1,54,1" doraHai="45" who="3" fromWho="1" sc="267,0,230,-39,317,0,176,49" /><INIT seed="5,0,0,2,0,103" ten="267,191,317,225" oya="1" hai0="87,58,45,123,94,42,61,93,108,101,97,102,125" hai1="59,78,64,117,84,40,31,63,118,13,110,105,100" hai2="113,15,79,51,27,9,6,62,75,22,16,121,55" hai3="89,46,107,132,52,124,4,67,71,133,126,134,47"/><U7/><E110/><V41/><F121/><W35/><G35/><T131/><D108/><U43/><E31/><V135/><F135/><W119/><G4/><T32/><D123/><U109/><E109/><V81/><F113/><W26/><G26/><T88/><D125/><N who="3" m="48233" /><G119/><T11/><D131/><U44/><E78/><V56/><REACH who="2" step="1"/><F41/><REACH who="2" ten="267,191,307,225" step="2"/><W82/><G133/><T70/><D32/><U23/><E43/><V17/><F17/><W115/><G134/><T12/><D70/><U86/><E118/><V8/><F8/><W37/><G71/><T96/><D42/><U19/><E117/><V99/><F99/><W73/><G132/><T127/><D127/><U2/><E7/><V69/><F69/><W28/><G115/><T25/><D97/><U98/><REACH who="1" step="1"/><E2/><REACH who="1" ten="267,181,307,225" step="2"/><V39/><F39/><AGARI ba="0,2" hai="13,19,23,39,40,44,59,63,64,84,86,98,100,105" machi="39" ten="30,11600,0" yaku="1,1,2,1,7,1,52,1,53,0" doraHai="103" doraHaiUra="106" who="1" fromWho="2" sc="267,0,181,136,307,-116,225,0" /><INIT seed="5,1,0,5,2,105" ten="267,317,191,225" oya="1" hai0="50,97,80,46,57,85,123,90,19,126,26,108,20" hai1="18,92,76,54,91,14,111,38,62,60,5,130,39" hai2="103,32,63,10,95,34,40,132,36,24,4,104,35" hai3="77,114,81,122,58,107,75,129,64,74,61,6,134"/><U99/><E130/><V86/><F132/><W59/><G122/><T96/><D126/><U15/><E111/><V41/><F95/><W72/><G107/><T89/><D108/><U51/><E76/><V22/><F86/><W121/><G121/><T49/><D123/><U67/><E14/><V48/><F48/><W45/><G134/><T88/><D57/><U117/><E5/><V87/><F87/><W3/><G129/><T84/><D50/><U73/><E73/><V98/><F63/><W44/><G114/><T66/><D66/><U110/><E117/><V94/><F94/><W47/><REACH who="3" step="1"/><G59/><REACH who="3" ten="267,317,191,215" step="2"/><T113/><D113/><U120/><E120/><V65/><F65/><W133/><G133/><T55/><REACH who="0" step="1"/><D90/><REACH who="0" ten="257,317,191,215" step="2"/><U68/><E91/><V31/><REACH who="2" step="1"/><F36/><REACH who="2" ten="257,317,181,215" step="2"/><W78/><G78/><T115/><D115/><U70/><E39/><V12/><AGARI ba="1,3" hai="4,10,12,22,24,31,32,34,35,40,41,98,103,104" machi="12" ten="30,4000,0" yaku="1,1,2,1,0,1,53,0" doraHai="105" doraHaiUra="79" who="2" fromWho="2" sc="257,-11,317,-21,181,73,215,-11" /><INIT seed="6,0,0,3,0,90" ten="246,296,254,204" oya="2" hai0="23,73,68,2,46,55,57,33,102,27,11,98,17" hai1="19,15,101,24,94,61,36,34,1,127,93,28,10" hai2="31,135,123,72,79,20,58,114,44,53,21,4,99" hai3="37,118,131,96,38,43,12,81,42,22,112,50,69"/><V87/><F123/><W83/><G118/><T74/><D68/><U117/><E117/><V35/><F114/><W84/><G69/><T52/><D33/><U88/><E36/><V92/><F72/><W80/><G112/><T89/><D89/><U30/><E30/><V100/><F135/><W29/><G131/><T60/><D2/><U3/><E127/><V78/><F35/><W110/><G110/><T113/><D11/><U41/><E41/><V65/><F4/><W54/><G37/><T14/><D14/><U0/><E101/><V40/><F65/><W104/><G38/><T132/><D132/><U103/><E103/><V95/><F31/><W86/><G104/><T47/><D113/><U56/><REACH who="1" step="1"/><E88/><REACH who="1" ten="246,286,254,204" step="2"/><N who="2" m="53279" /><F78/><W67/><G42/><T13/><D102/><U71/><E71/><V108/><F79/><W51/><G43/><T76/><D76/><U116/><E116/><V129/><F129/><W130/><G130/><T66/><D98/><U133/><E133/><V82/><F108/><W64/><G96/><T109/><D109/><U26/><E26/><V25/><F25/><W70/><G70/><T45/><D27/><U120/><E120/><V39/><F39/><W107/><G29/><T5/><D5/><U121/><E121/><V59/><F40/><W115/><G115/><T62/><D66/><AGARI ba="0,1" hai="0,1,3,10,15,19,24,28,34,56,61,66,93,94" machi="66" ten="40,5200,0" yaku="1,1,52,2,53,0" doraHai="90" doraHaiUra="122" who="1" fromWho="0" sc="246,-52,286,62,254,0,204,0" /><INIT seed="7,0,0,5,3,1" ten="194,348,254,204" oya="3" hai0="53,34,54,124,40,43,64,110,121,77,97,63,68" hai1="11,118,33,104,31,67,90,133,15,47,13,122,98" hai2="126,74,56,125,94,84,35,51,87,120,6,89,5" hai3="100,0,70,42,37,3,41,38,52,105,22,91,7"/><W36/><G70/><T39/><D34/><U73/><E122/><V19/><F74/><W30/><G0/><T58/><D121/><U28/><E73/><V25/><F120/><W119/><G119/><T72/><D77/><U55/><E133/><V129/><F129/><W10/><G91/><T103/><D72/><U21/><E33/><V135/><F135/><W114/><G114/><T69/><D110/><U8/><E67/><V9/><F87/><W96/><REACH who="3" step="1"/><G52/><REACH who="3" ten="194,348,254,194" step="2"/><T131/><D54/><U88/><E118/><V75/><F89/><W80/><G80/><T71/><D131/><U93/><E90/><V108/><F125/><W82/><G82/><T109/><D124/><U81/><E81/><V32/><F126/><W115/><G115/><T16/><D109/><U23/><E88/><V17/><F108/><W116/><G116/><T132/><D132/><U86/><E55/><V57/><F57/><W130/><G130/><T59/><D39/><U95/><E98/><V127/><F127/><W92/><G92/><T76/><D76/><U50/><E95/><V14/><F94/><W102/><G102/><T106/><REACH who="0" step="1"/><D16/><REACH who="0" ten="184,348,254,194" step="2"/><U2/><E93/><V48/><F19/><W99/><G99/><T18/><D18/><U85/><E104/><V44/><F17/><W20/><G20/><T112/><D112/><U65/><E21/><V45/><F35/><W78/><G78/><T12/><D12/><U107/><E107/><V26/><F32/><W66/><G66/><T83/><D83/><U117/><E65/><V4/><F14/><W49/><G49/><AGARI ba="0,2" hai="40,43,49,53,58,59,63,64,68,69,71,97,103,106" machi="49" ten="40,2600,0" yaku="1,1,53,1" doraHai="1" doraHaiUra="60" who="0" fromWho="3" sc="184,46,348,0,254,0,194,-26" owari="230,-17.0,348,45.0,254,5.0,168,-33.0" /></mjloggm>