<mjloggm ver="2.3"><GO type="169" lobby="0"/><UN n0="%E7%95%99%E3%83%81%E3%83%A7%E3%83%AD" n1="%74%65%61%6D%2D%65%78" n2="%70%69%6E%63%65%72%73" n3="%E3%81%B4%E3%81%8A%E3%81%B4%E3%81%8A%EF%BC%91%EF%BC%91" dan="17,16,16,18" rate="2148.45,2194.85,2166.01,2326.12" sx="M,M,M,M"/><TAIKYOKU oya="0"/><INIT seed="0,0,0,3,3,25" ten="250,250,250,250" oya="0" hai0="99,125,60,69,119,59,130,4,131,44,67,85,38" hai1="17,26,16,96,100,10,110,64,11,51,81,23,28" hai2="9,80,30,70,114,49,97,65,12,92,101,35,83" hai3="62,32,7,45,82,73,53,46,58,120,124,43,20"/><T33/><D119/><U50/><E110/><V79/><F114/><W104/><G32/><T34/><D4/><U57/><E81/><V115/><F115/><W94/><G104/><T40/><D125/><U95/><E10/><V19/><F49/><N who="1" m="18441" /><E11/><V66/><F80/><W133/><G124/><T117/><D117/><U132/><E132/><V14/><F14/><W42/><G7/><T68/><D85/><U93/><E93/><V13/><F13/><W107/><G107/><T75/><D75/><U112/><E112/><V1/><F1/><W15/><G94/><T90/><D69/><U121/><E121/><V78/><F78/><W123/><G133/><T72/><D72/><U37/><E37/><V31/><F35/><W111/><G82/><T116/><D116/><U76/><E76/><V55/><F55/><W98/><G73/><T102/><D59/><U41/><E41/><V61/><REACH who="2" step="1"/><F66/><REACH who="2" ten="250,250,240,250" step="2"/><W0/><G0/><T87/><D33/><U47/><E47/><V5/><F5/><W108/><G46/><T106/><REACH who="0" step="1"/><D34/><REACH who="0" ten="240,250,240,250" step="2"/><U2/><E2/><V113/><F113/><W118/><G118/><T24/><D24/><U21/><E21/><V48/><F48/><W29/><G20/><T54/><D54/><U128/><E128/><V3/><F3/><W129/><G129/><T109/><D109/><U39/><E39/><V77/><F77/><W8/><G108/><T74/><D74/><AGARI ba="0,2" hai="9,12,19,30,31,61,65,70,74,79,83,92,97,101" machi="74" ten="30,7700,0" yaku="1,1,7,1,52,2,53,0" doraHai="25" doraHaiUra="22" who="2" fromWho="0" sc="240,-77,250,0,240,97,250,0" /><INIT seed="1,0,0,3,3,82" ten="163,250,337,250" oya="1" hai0="19,87,31,18,95,103,105,65,84,109,0,49,83" hai1="120,23,47,102,60,126,76,44,134,69,81,42,75" hai2="125,50,64,90,79,15,59,61,36,62,8,41,119" hai3="7,104,51,72,117,17,52,53,118,39,63,89,43"/><U85/><E120/><V130/><F119/><N who="3" m="45579" /><G72/><T33/><D0/><U131/><E134/><V91/><F36/><W121/><G104/><T34/><D105/><U128/><E126/><V86/><F125/><W3/><G17/><T2/><D2/><U37/><E102/><V24/><F24/><W38/><G7/><T66/><D109/><U29/><E47/><N who="2" m="25967" /><F62/><W94/><G3/><T113/><D31/><U74/><E23/><V5/><F130/><N who="1" m="49705" /><E29/><V78/><F91/><W100/><G100/><T10/><D113/><U111/><E111/><V115/><F115/><W48/><G63/><T135/><D34/><U93/><E93/><AGARI ba="0,0" hai="5,8,15,59,61,64,78,79,86,90,93" m="25967" machi="93" ten="30,2000,0" yaku="8,1,52,1" doraHai="82" who="2" fromWho="1" sc="163,0,250,-20,337,20,250,0" /><INIT seed="2,0,0,3,5,104" ten="163,230,357,250" oya="2" hai0="7,36,64,53,72,5,33,92,102,112,21,69,59" hai1="46,2,116,82,3,1,79,131,120,50,34,117,48" hai2="85,130,71,32,19,109,35,18,68,51,77,84,122" hai3="41,78,95,17,70,96,73,47,11,89,10,67,6"/><V13/><F122/><W129/><G129/><T134/><D112/><U110/><E110/><V24/><F130/><W135/><G135/><T118/><D33/><U74/><E131/><V113/><F113/><W65/><G70/><T37/><D134/><U81/><E120/><V16/><F68/><W27/><G27/><T87/><D69/><U114/><E114/><V22/><F71/><W29/><G29/><T103/><D64/><U31/><E81/><N who="2" m="47151" /><F32/><W124/><G124/><T105/><D105/><U123/><E123/><V56/><F35/><W126/><G17/><N who="2" m="6761" /><F109/><W75/><G11/><T97/><D37/><U93/><E93/><V119/><F119/><W42/><G42/><T23/><D36/><U98/><E98/><V128/><F128/><W26/><G26/><T28/><D92/><U40/><REACH who="1" step="1"/><E48/><REACH who="1" ten="163,220,357,250" step="2"/><V107/><F107/><W100/><G126/><T57/><D97/><U76/><E76/><V99/><F99/><W108/><G108/><T54/><D87/><U30/><E30/><V61/><F85/><W94/><G78/><T20/><D28/><U49/><E49/><V90/><F51/><W12/><G95/><T132/><D132/><U8/><E8/><V39/><F39/><W83/><G100/><T55/><D118/><U62/><E62/><V9/><F90/><W127/><G127/><T52/><N who="0" m="13312" /><DORA hai="14" /><T125/><D125/><U44/><E44/><V91/><F91/><W4/><G83/><T66/><D102/><U43/><E43/><V0/><F61/><W121/><G121/><T133/><D133/><U38/><E38/><V115/><F115/><RYUUKYOKU ba="0,1" sc="163,-10,220,30,357,-10,250,-10" hai1="1,2,3,31,34,40,46,50,74,79,82,116,117" /><INIT seed="3,1,1,4,4,114" ten="153,250,347,240" oya="3" hai0="42,68,102,36,27,122,81,48,7,72,0,44,112" hai1="69,131,41,51,77,118,73,2,10,58,63,119,43" hai2="92,105,29,46,66,12,101,83,120,34,9,91,20" hai3="78,85,47,106,99,96,111,104,71,103,28,52,87"/><W59/><G71/><T55/><D122/><U50/><E131/><V60/><F120/><W14/><G111/><T61/><D102/><U40/><E73/><V19/><F34/><W62/><G28/><T100/><D100/><U107/><E77/><V31/><F105/><W117/><G104/><T70/><D112/><U115/><E107/><V132/><F132/><W80/><G99/><T57/><D27/><U35/><E35/><V23/><F101/><W97/><G97/><T13/><D13/><U33/><E33/><V95/><F46/><W110/><G110/><T32/><D32/><U16/><E115/><V49/><F49/><W38/><G14/><T24/><D24/><U135/><E135/><V116/><F83/><W8/><G8/><N who="0" m="2151" /><D61/><U125/><E125/><V124/><F60/><W84/><REACH who="3" step="1"/><G117/><REACH who="3" ten="153,250,347,230" step="2"/><N who="1" m="44554" /><E69/><V17/><F116/><W67/><G67/><T98/><D98/><U65/><E2/><V64/><F124/><W74/><G74/><T3/><D3/><U5/><E5/><V11/><F12/><AGARI ba="1,2" hai="10,12,16,40,41,43,50,51,58,63,65" m="44554" machi="12" ten="30,8000,1" yaku="12,1,52,3,54,1" doraHai="114" who="1" fromWho="2" sc="153,0,250,103,347,-83,230,0" /><INIT seed="4,0,0,4,5,89" ten="153,353,264,230" oya="0" hai0="108,64,58,42,71,50,3,55,57,24,14,121,105" hai1="16,91,97,111,61,35,80,79,106,67,6,103,119" hai2="131,47,74,135,30,85,1,83,82,12,116,128,84" hai3="34,133,99,28,86,18,100,76,29,4,44,59,60"/><T2/><D121/><U0/><E111/><V52/><F1/><W88/><G133/><T10/><D71/><U132/><E119/><V98/><F135/><W123/><G123/><T41/><D105/><U51/><E132/><V37/><F116/><W104/><G76/><T114/><D108/><U68/><E51/><N who="2" m="28799" /><F74/><W113/><G113/><T117/><D117/><U70/><E35/><V94/><F37/><W13/><G4/><T73/><D73/><U49/><E49/><V9/><F30/><W124/><G124/><T48/><D114/><U102/><E102/><N who="2" m="60759" /><F131/><W54/><G44/><T127/><D127/><U115/><E115/><V27/><F27/><W46/><G46/><T112/><D112/><U93/><E0/><V32/><F32/><W39/><G39/><T62/><D48/><U75/><E6/><N who="2" m="3127" /><F128/><W77/><G34/><T5/><D2/><U69/><REACH who="1" step="1"/><E16/><REACH who="1" ten="153,343,264,230" step="2"/><V90/><F85/><AGARI ba="0,1" hai="61,67,68,69,70,75,79,80,85,91,93,97,103,106" machi="85" ten="30,12000,2" yaku="1,1,2,1,7,1,24,2,52,1,53,0" doraHai="89" doraHaiUra="40" who="1" fromWho="2" sc="153,0,343,130,264,-120,230,0" /><INIT seed="5,0,0,2,1,112" ten="153,473,144,230" oya="1" hai0="95,30,75,38,93,13,10,16,104,132,66,52,68" hai1="63,58,46,20,77,78,135,28,103,6,40,73,41" hai2="62,86,72,100,94,54,123,35,56,51,9,5,122" hai3="18,7,124,118,26,42,111,109,65,128,43,83,74"/><U114/><E114/><V24/><F72/><W71/><G7/><T81/><D104/><U61/><E135/><V34/><F51/><W80/><G65/><T69/><D38/><U113/><E113/><V23/><F122/><W98/><G71/><T44/><D132/><U82/><E77/><V27/><F123/><W121/><G98/><T25/><D75/><U31/><E103/><V0/><F24/><W99/><G99/><T60/><D68/><U134/><E134/><V50/><F50/><W107/><G121/><T129/><D129/><U133/><E133/><V76/><F100/><W92/><G92/><T116/><D116/><U14/><E61/><V4/><F4/><W106/><G26/><T57/><D81/><U8/><E20/><V12/><F0/><W119/><G18/><T126/><D44/><U39/><REACH who="1" step="1"/><E41/><REACH who="1" ten="153,463,144,230" step="2"/><V15/><F76/><W102/><G102/><T79/><D79/><U130/><E130/><V17/><F35/><W19/><G43/><T85/><D126/><U33/><E33/><V37/><F34/><W53/><G42/><T1/><D60/><U29/><E29/><V67/><F23/><W22/><G22/><T59/><D30/><U96/><E96/><V2/><F62/><W36/><G124/><T120/><D120/><U131/><E131/><V21/><F21/><W89/><G128/><T97/><D97/><U115/><E115/><V55/><F27/><W88/><G107/><T87/><D25/><U64/><AGARI ba="0,1" hai="6,8,14,28,31,39,40,46,58,63,64,73,78,82" machi="64" ten="20,3900,0" yaku="1,1,0,1,7,1,53,0" doraHai="112" doraHaiUra="48" who="1" fromWho="1" sc="153,-13,463,49,144,-13,230,-13" /><INIT seed="5,1,0,0,4,75" ten="140,512,131,217" oya="1" hai0="17,26,87,24,113,47,129,4,91,135,52,119,31" hai1="48,118,65,53,80,37,12,104,61,70,81,1,72" hai2="123,106,2,41,64,95,13,74,67,56,39,69,22" hai3="84,62,55,99,133,109,10,16,36,96,44,97,77"/><U43/><E1/><V32/><F32/><W59/><G109/><T71/><D119/><U102/><E118/><V5/><F106/><W18/><G133/><T111/><D111/><U8/><E104/><V58/><F123/><W63/><G36/><T85/><D135/><U116/><E116/><V9/><F69/><W21/><G44/><T73/><D73/><U40/><E102/><V98/><F74/><W107/><G107/><T105/><D71/><U7/><E72/><V82/><F82/><N who="3" m="47183" /><G10/><T94/><D113/><U45/><REACH who="1" step="1"/><E43/><REACH who="1" ten="140,502,131,217" step="2"/><V68/><F41/><W14/><G18/><T130/><D17/><U100/><E100/><V125/><F2/><W19/><G19/><T122/><D105/><U114/><E114/><V78/><F5/><W15/><G63/><T38/><D122/><U124/><E124/><V89/><F125/><W92/><G92/><T101/><D94/><U132/><E132/><V88/><F95/><W134/><G134/><T51/><D101/><U27/><E27/><AGARI ba="1,1" hai="14,15,16,21,27,55,59,62,96,97,99" m="47183" machi="27" ten="30,3900,0" yaku="8,1,52,1,54,1" doraHai="75" who="3" fromWho="1" sc="140,0,502,-42,131,0,217,52" /><INIT seed="6,0,0,1,4,64" ten="140,460,131,269" oya="2" hai0="53,79,10,46,31,7,40,76,134,54,89,101,98" hai1="91,45,123,65,57,30,32,27,130,66,49,99,108" hai2="55,19,129,6,74,36,70,61,95,59,20,43,63" hai3="18,9,113,14,16,88,17,92,110,72,126,117,109"/><V68/><F74/><W135/><G117/><T100/><D134/><U51/><E108/><V71/><F6/><W120/><G120/><T115/><D115/><U118/><E118/><V90/><F129/><W24/><G72/><T81/><D31/><U96/><E130/><V34/><F34/><W83/><G135/><T44/><D89/><U85/><E123/><V87/><F43/><W29/><G83/><T48/><D100/><U8/><E8/><V133/><F36/><W116/><G116/><T37/><D54/><U104/><E104/><V3/><F3/><W122/><G122/><T127/><D81/><U26/><E51/><N who="2" m="31231" /><F133/><W60/><G60/><T106/><REACH who="0" step="1"/><D127/><REACH who="0" ten="130,460,131,269" step="2"/><U58/><E30/><V52/><F52/><W73/><G126/><T132/><D132/><U13/><E32/><V119/><F119/><W15/><G113/><T12/><AGARI ba="0,1" hai="7,10,12,37,40,44,46,48,53,76,79,98,101,106" machi="12" ten="20,2700,0" yaku="1,1,0,1,7,1,53,0" doraHai="64" doraHaiUra="105" who="0" fromWho="0" sc="130,37,460,-7,131,-13,269,-7" /><INIT seed="7,0,0,2,3,65" ten="167,453,118,262" oya="3" hai0="42,107,55,63,135,90,97,95,0,83,66,61,84" hai1="37,47,74,53,71,72,34,39,130,51,132,22,19" hai2="40,98,36,102,117,23,134,96,62,32,17,45,133" hai3="110,126,57,7,46,30,12,77,88,9,114,116,131"/><W26/><G116/><T28/><D0/><U104/><E104/><V128/><F117/><W112/><G131/><T124/><D124/><U21/><E34/><V38/><F32/><W79/><G126/><T99/><D107/><U78/><E71/><V120/><F128/><W106/><G106/><T73/><D42/><U100/><E130/><V44/><F120/><W94/><G110/><T50/><D135/><U20/><E132/><V69/><F96/><N who="0" m="36938" /><D73/><U109/><E109/><V25/><F44/><W103/><G103/><T60/><D28/><U31/><E100/><V105/><REACH who="2" step="1"/><F38/><REACH who="2" ten="167,453,108,262" step="2"/><W43/><G112/><T4/><D4/><U86/><E21/><V127/><F127/><W92/><G114/><T75/><D75/><U125/><E51/><V58/><F58/><W118/><G118/><T3/><D3/><U59/><E78/><V48/><F48/><W41/><G57/><N who="0" m="33015" /><D66/><AGARI ba="0,1" hai="17,23,25,36,40,45,62,66,69,98,102,105,133,134" machi="66" ten="40,2600,0" yaku="1,1,52,1,53,0" doraHai="65" doraHaiUra="119" who="2" fromWho="0" sc="167,-26,453,0,108,36,262,0" owari="141,-36.0,453,56.0,144,-26.0,262,6.0" /></mjloggm>