<mjloggm ver="2.3"><GO type="169" lobby="0"/><UN n0="%E5%BD%97%E6%98%9F%E5%85%A5%E3%83%92%E3%82%B3" n1="%E3%82%AD%E3%83%B3%E3%82%B0%E3%81%82%E3%81%A4%E3%81%97" n2="%E3%82%A2%E3%83%B3%E3%81%93%E3%81%B3" n3="%E8%83%83%E3%81%A8%E8%85%B8" dan="16,17,16,18" rate="2123.91,2163.03,2194.45,2244.01" sx="M,M,M,M"/><TAIKYOKU oya="0"/><INIT seed="0,0,0,2,0,96" ten="250,250,250,250" oya="0" hai0="59,89,102,19,2,111,90,118,58,130,124,20,119" hai1="60,21,99,123,37,132,85,100,120,109,116,62,9" hai2="87,7,3,56,84,29,15,131,91,27,61,40,23" hai3="13,11,82,17,55,42,69,128,32,114,48,71,72"/><T115/><D2/><U135/><E37/><V47/><F131/><W107/><G114/><T5/><D5/><U122/><E21/><V57/><F3/><W68/><G128/><T133/><D115/><U44/><E44/><V106/><F106/><W126/><G126/><T134/><D130/><U95/><E9/><V51/><F61/><W75/><G32/><T1/><D1/><U73/><E60/><V38/><F38/><W79/><G42/><T104/><D124/><U46/><E46/><V121/><F121/><W117/><G117/><T108/><D20/><U98/><E62/><V52/><F40/><W74/><REACH who="3" step="1"/><G107/><REACH who="3" ten="250,250,250,240" step="2"/><T16/><REACH who="0" step="1"/><D104/><REACH who="0" ten="240,250,250,240" step="2"/><N who="1" m="63511" /><E120/><V36/><F36/><W22/><G22/><T94/><D94/><U97/><E122/><V88/><F23/><W103/><G103/><AGARI ba="0,2" hai="16,19,58,59,89,90,102,103,108,111,118,119,133,134" machi="103" ten="25,18000,2" yaku="1,1,22,2,52,2,54,1,53,0" doraHai="96" doraHaiUra="77" who="0" fromWho="3" sc="240,200,250,0,250,0,240,-180" /><INIT seed="0,1,0,0,5,52" ten="440,250,250,60" oya="0" hai0="103,22,57,118,105,77,62,110,45,68,81,2,132" hai1="117,75,129,95,94,114,73,60,35,15,24,18,72" hai2="121,128,47,10,93,66,96,64,119,107,28,134,70" hai3="86,55,127,39,34,36,101,91,113,123,27,29,16"/><T88/><D118/><U58/><E117/><V21/><F119/><W56/><G113/><T51/><D68/><U37/><E37/><V50/><F121/><W49/><G123/><T23/><D2/><U80/><E129/><V3/><F128/><W61/><G127/><T0/><D0/><U43/><E43/><V108/><F134/><W109/><G109/><T26/><D132/><U30/><E80/><V8/><F107/><W79/><G79/><T17/><D110/><U74/><N who="1" m="18432" /><DORA hai="1" /><U12/><E114/><V100/><F108/><W40/><G101/><T133/><D133/><U120/><E120/><V42/><F70/><W116/><G116/><T84/><D103/><U19/><E12/><V122/><F122/><W78/><G78/><T102/><D102/><U38/><E38/><V7/><REACH who="2" step="1"/><F10/><REACH who="2" ten="440,250,240,60" step="2"/><W48/><G36/><T69/><D69/><U41/><E41/><V90/><F90/><W33/><G33/><T14/><D105/><U20/><REACH who="1" step="1"/><E19/><REACH who="1" ten="440,240,240,60" step="2"/><V6/><F6/><W44/><REACH who="3" step="1"/><G16/><REACH who="3" ten="440,240,240,50" step="2"/><T89/><D17/><U25/><E25/><AGARI ba="1,3" hai="3,7,8,21,25,28,42,47,50,64,66,93,96,100" machi="25" ten="40,2600,0" yaku="1,1,52,1,53,0" doraHai="52,1" doraHaiUra="82,135" who="2" fromWho="1" sc="440,0,240,-29,240,59,50,0" /><INIT seed="1,0,0,1,3,124" ten="440,211,299,50" oya="1" hai0="52,121,75,79,63,33,55,115,96,0,22,84,91" hai1="98,109,117,134,51,61,118,37,100,99,68,105,132" hai2="31,25,30,18,8,125,112,74,133,27,116,97,42" hai3="95,69,32,54,88,17,104,19,23,46,128,29,92"/><U114/><E37/><V66/><F74/><W4/><G104/><T119/><D115/><U38/><E38/><V9/><F66/><W28/><G69/><T106/><D33/><U5/><E5/><V24/><F42/><W60/><G32/><T34/><D34/><U89/><E51/><V103/><F97/><W36/><G92/><T131/><D119/><N who="1" m="45579" /><E61/><V85/><F85/><W130/><G4/><T126/><D0/><U64/><E64/><V43/><F103/><W71/><G17/><T76/><D126/><U65/><E65/><V16/><F43/><W3/><G3/><T50/><D121/><U58/><E58/><V62/><F62/><W56/><G71/><T102/><D63/><U67/><E67/><V110/><F116/><W10/><G10/><N who="2" m="4201" /><F125/><W49/><G36/><T108/><D52/><U93/><E68/><V26/><F112/><W12/><G28/><N who="2" m="10793" /><F133/><N who="1" m="51305" /><E114/><V70/><F70/><W113/><G29/><T13/><D55/><U57/><E57/><V14/><F25/><W2/><G113/><T73/><D50/><U129/><E109/><V1/><F110/><W82/><G2/><T107/><D108/><U72/><E72/><V87/><F1/><W127/><G127/><T7/><D75/><U40/><E40/><V35/><F35/><W59/><G59/><T81/><D73/><U83/><E83/><V20/><F18/><W111/><G82/><T78/><D81/><U53/><E53/><V21/><F21/><W44/><G111/><T90/><D22/><U15/><E15/><V6/><F6/><W123/><G54/><T45/><D7/><RYUUKYOKU ba="0,0" sc="440,-15,211,15,299,15,50,-15" hai1="89,93,98,99,100,105,129" hai2="14,16,20,24,26,27,87" /><INIT seed="1,1,0,1,1,129" ten="425,226,314,35" oya="1" hai0="66,38,130,106,22,119,103,7,62,50,29,102,55" hai1="65,35,131,32,116,98,13,97,135,26,112,71,134" hai2="128,15,79,48,12,14,41,30,133,20,63,120,34" hai3="70,40,4,23,113,109,84,111,17,107,83,49,52"/><U10/><E112/><V114/><F114/><W8/><G113/><T86/><D38/><U100/><E116/><V96/><F120/><W60/><G107/><T47/><D119/><U21/><E71/><V121/><F121/><W88/><G40/><T19/><D130/><U57/><E65/><V33/><F128/><W11/><G60/><T0/><D29/><N who="1" m="17615" /><E57/><V93/><F79/><W117/><G70/><T9/><D106/><U68/><E68/><V122/><F122/><W64/><G64/><T76/><D66/><U108/><E131/><V51/><F63/><W18/><G117/><T81/><REACH who="0" step="1"/><D62/><REACH who="0" ten="415,226,314,35" step="2"/><U1/><E108/><N who="3" m="41546" /><G4/><T46/><D46/><U27/><E32/><V87/><F34/><W132/><G132/><N who="1" m="50730" /><E1/><V25/><F33/><W54/><G18/><T39/><D39/><U94/><E35/><V99/><F133/><W3/><G3/><T124/><D124/><U126/><E126/><V95/><F51/><W67/><G67/><T80/><D80/><U44/><E44/><N who="2" m="25615" /><F93/><W73/><G73/><T37/><D37/><U31/><E31/><V105/><F105/><W61/><G61/><T28/><D28/><U6/><E27/><AGARI ba="1,1" hai="0,7,9,19,22,27,47,50,55,76,81,86,102,103" machi="27" ten="30,3900,0" yaku="1,1,7,1,53,1" doraHai="129" doraHaiUra="16" who="0" fromWho="1" sc="415,52,226,-42,314,0,35,0" /><INIT seed="2,0,0,2,5,135" ten="467,184,314,35" oya="2" hai0="118,10,53,54,128,3,51,106,15,94,95,58,35" hai1="93,73,24,105,76,92,89,47,52,88,61,124,100" hai2="18,104,67,66,40,29,85,16,48,131,68,7,129" hai3="11,27,130,31,32,0,71,103,22,78,72,91,25"/><V20/><F104/><W120/><G120/><T4/><D106/><U56/><E105/><V9/><F29/><W109/><G103/><T127/><D128/><N who="2" m="49226" /><F85/><W87/><G130/><T46/><D35/><U74/><E100/><V50/><F68/><W12/><G109/><T39/><D118/><U42/><E76/><V83/><F83/><W114/><G114/><T117/><D117/><U82/><E82/><V49/><F40/><W111/><G111/><T60/><D39/><U79/><E79/><V123/><F123/><W28/><G71/><T77/><D77/><U75/><E124/><V97/><F97/><W44/><G44/><T63/><D127/><U1/><E1/><N who="2" m="239" /><F18/><W5/><G78/><T30/><D30/><U86/><E93/><V116/><F116/><W108/><G108/><T107/><D107/><U101/><E101/><V112/><F112/><W13/><REACH who="3" step="1"/><G72/><REACH who="3" ten="467,184,314,25" step="2"/><T41/><D46/><U122/><E122/><V84/><F84/><W38/><G38/><T17/><D41/><U132/><E75/><V133/><F133/><W134/><G134/><T8/><D58/><U6/><E132/><V99/><F99/><W55/><G55/><T98/><D54/><U70/><E70/><V59/><F59/><W110/><G110/><T96/><D96/><U23/><E89/><V65/><F65/><W26/><G26/><AGARI ba="0,1" hai="16,20,26,48,49,50,66,67" m="239,49226" machi="26" ten="30,2900,0" yaku="19,1,54,1" doraHai="135" who="2" fromWho="3" sc="467,0,184,0,314,39,25,-29" owari="467,57.0,184,-22.0,353,15.0,-4,-50.0" /></mjloggm>