<mjloggm ver="2.3"><GO type="169" lobby="0"/><UN n0="%48%61%63%68%69%6E%61%6C" n1="%E5%8F%A4%E6%9C%AC" n2="%E5%AE%9F%E5%AD%98" n3="%E8%B2%A0%E8%B2%A0%E7%8A%AC" dan="16,16,17,16" rate="2036.89,2041.56,2158.68,2016.82" sx="M,M,M,M"/><TAIKYOKU oya="0"/><INIT seed="0,0,0,2,1,31" ten="250,250,250,250" oya="0" hai0="45,131,77,124,133,130,62,42,93,99,16,125,35" hai1="82,2,61,135,15,87,43,41,74,44,97,111,84" hai2="4,129,101,89,39,76,0,32,115,17,23,98,65" hai3="33,9,36,107,123,112,56,28,86,48,66,109,78"/><T71/><D77/><U68/><E2/><V8/><F115/><W54/><G112/><T13/><D133/><U92/><E135/><V53/><F129/><N who="0" m="49162" /><D35/><U63/><E74/><V73/><F39/><W85/><G107/><T58/><D71/><U57/><E68/><V106/><F65/><W79/><G36/><N who="0" m="21703" /><D93/><U10/><E111/><V75/><F76/><W119/><G109/><T22/><D99/><U105/><E44/><V37/><F37/><W90/><G33/><T120/><D120/><U127/><E105/><V30/><F89/><W69/><G90/><T81/><D81/><U5/><E127/><V38/><F38/><W95/><G79/><T51/><D51/><U24/><E92/><V26/><REACH who="2" step="1"/><F53/><AGARI ba="0,0" hai="13,16,22,53,58,62,124,125" m="21703,49162" machi="53" ten="30,2900,0" yaku="19,1,54,1" doraHai="31" who="0" fromWho="2" sc="250,29,250,0,250,-29,250,0" /><INIT seed="0,1,0,1,5,113" ten="279,250,221,250" oya="0" hai0="48,31,22,27,9,28,26,98,76,110,120,45,21" hai1="66,99,130,51,3,62,4,41,105,100,30,90,17" hai2="0,12,82,128,134,46,18,58,53,95,81,63,80" hai3="72,111,68,127,115,101,88,49,94,96,131,116,133"/><T42/><D120/><U125/><E30/><V107/><F107/><N who="3" m="63911" /><G68/><T20/><D110/><U11/><E125/><V69/><F134/><W112/><G49/><T135/><D135/><U37/><E130/><V73/><F128/><W114/><G131/><T132/><D132/><U102/><E100/><V24/><F0/><W123/><G133/><T16/><D76/><U126/><E126/><V32/><F69/><W79/><G127/><T60/><D60/><U2/><E37/><V119/><F24/><N who="0" m="9258" /><D98/><U118/><E118/><V71/><F32/><W103/><G103/><T78/><D78/><U47/><E17/><V29/><F29/><N who="0" m="11338" /><D9/><U8/><E90/><V19/><F71/><W65/><G65/><T1/><D1/><U10/><REACH who="1" step="1"/><E3/><REACH who="1" ten="279,240,221,250" step="2"/><V84/><F119/><W83/><G116/><T74/><D74/><U106/><E106/><V122/><F73/><W77/><G77/><T57/><D57/><AGARI ba="1,1" hai="2,4,8,10,11,41,47,51,57,62,66,99,102,105" machi="57" ten="30,2000,0" yaku="1,1,7,1,53,0" doraHai="113" doraHaiUra="108" who="1" fromWho="0" sc="279,-23,240,33,221,0,250,0" /><INIT seed="1,0,0,0,2,53" ten="256,273,221,250" oya="1" hai0="127,117,113,18,8,10,72,67,60,129,123,125,1" hai1="79,20,133,107,29,109,48,135,11,38,52,115,95" hai2="50,44,71,86,83,93,63,101,99,25,111,14,105" hai3="59,5,49,31,90,108,122,75,36,134,3,91,12"/><U119/><E115/><V62/><F111/><W124/><G122/><T19/><D72/><U131/><E119/><V37/><F37/><W66/><G36/><T120/><D113/><U68/><E38/><V34/><F71/><W32/><G3/><T13/><D117/><U82/><E68/><V61/><F34/><W128/><G75/><T41/><D41/><U70/><E70/><V28/><F14/><W85/><G108/><T54/><D54/><U7/><E109/><V22/><F105/><W9/><G124/><N who="0" m="47691" /><D129/><U39/><E39/><V0/><F0/><W16/><G134/><N who="1" m="51210" /><E131/><V27/><F27/><W96/><G5/><N who="0" m="1071" /><D60/><U4/><E107/><V42/><REACH who="2" step="1"/><F61/><REACH who="2" ten="256,273,211,250" step="2"/><W33/><G128/><T43/><D123/><U30/><E48/><V100/><F100/><W46/><G31/><T58/><D120/><U104/><E30/><V87/><F87/><W65/><G32/><T64/><D13/><U130/><E29/><V15/><F15/><W106/><G33/><T118/><D118/><U55/><E130/><V74/><F74/><W40/><G106/><T114/><D114/><U45/><E104/><V17/><F17/><W35/><G35/><T102/><D102/><U77/><E4/><V26/><F26/><W47/><G96/><T116/><D116/><U132/><E7/><V92/><F92/><W23/><G12/><T73/><D73/><U76/><E95/><V84/><F84/><W6/><G16/><T81/><D19/><U94/><E132/><V21/><F21/><W80/><G23/><T121/><D121/><U69/><E20/><V78/><AGARI ba="0,1" hai="22,25,28,42,44,50,62,63,78,83,86,93,99,101" machi="78" ten="20,12000,2" yaku="1,1,5,1,0,1,7,1,8,1,53,1" doraHai="53" doraHaiUra="97" who="2" fromWho="2" sc="256,-30,273,-60,211,130,250,-30" /><INIT seed="2,0,0,1,4,37" ten="226,213,341,220" oya="2" hai0="73,43,108,53,102,13,48,14,104,62,11,114,38" hai1="123,120,17,39,86,94,19,23,58,30,32,7,1" hai2="33,61,12,128,113,109,118,45,55,79,59,26,35" hai3="95,92,105,125,71,6,98,47,78,81,103,16,42"/><V3/><F3/><W72/><G125/><T132/><D114/><U135/><E39/><V101/><F118/><W74/><G71/><T64/><D73/><U27/><E135/><V80/><F113/><W85/><G6/><T0/><D132/><U21/><E58/><V126/><F126/><W49/><G92/><T15/><D108/><U124/><E124/><V130/><F109/><W40/><G105/><T41/><D38/><U119/><E119/><V9/><F101/><W65/><G65/><T25/><D25/><U75/><E75/><V69/><F69/><W100/><G100/><T34/><D34/><U88/><E21/><V20/><F130/><W122/><G122/><N who="1" m="46634" /><E32/><V8/><F8/><AGARI ba="0,0" hai="1,7,8,17,19,23,27,30,86,88,94" m="46634" machi="8" ten="30,2000,0" yaku="13,1,54,1" doraHai="37" who="1" fromWho="2" sc="226,0,213,20,341,-20,220,0" /><INIT seed="3,0,0,2,3,25" ten="226,233,321,220" oya="3" hai0="110,16,41,18,103,56,47,10,131,79,12,100,74" hai1="86,80,71,34,97,27,57,72,89,130,14,66,127" hai2="43,95,101,118,23,77,78,88,119,99,83,73,8" hai3="82,46,114,39,81,68,35,117,59,125,109,13,106"/><W107/><G35/><T93/><D110/><U85/><E71/><V36/><F36/><W60/><G68/><T121/><D121/><U102/><E72/><V52/><F43/><W133/><G114/><T54/><D131/><U124/><E130/><V108/><F108/><W94/><G109/><T116/><D116/><U70/><E86/><V2/><F2/><W61/><G59/><T33/><D33/><U29/><E57/><V21/><F8/><W69/><G69/><T26/><D74/><U135/><E14/><V55/><F118/><W96/><G94/><T7/><D79/><U6/><E6/><V104/><F77/><W113/><G13/><T122/><D122/><U9/><E9/><V40/><F40/><W62/><G113/><T45/><D45/><U51/><E51/><V112/><F112/><W30/><G117/><T75/><D75/><U4/><E4/><V123/><F123/><W28/><G62/><N who="0" m="36119" /><D93/><U115/><E115/><V15/><F119/><W58/><G58/><T53/><D41/><U38/><E38/><V67/><F67/><W128/><G128/><T64/><D64/><U5/><E5/><V37/><F37/><W11/><G11/><T63/><D63/><N who="1" m="40287" /><E135/><V42/><F42/><W49/><G39/><T120/><D120/><U17/><E17/><N who="0" m="6761" /><D26/><U19/><E19/><V132/><F73/><W50/><G96/><T0/><D0/><U48/><E48/><AGARI ba="0,0" hai="7,10,12,47,48,53,100,103" m="6761,36119" machi="48" ten="30,2000,0" yaku="8,1,54,1" doraHai="25" who="0" fromWho="1" sc="226,20,233,-20,321,0,220,0" /><INIT seed="4,0,0,3,2,86" ten="246,213,321,220" oya="0" hai0="80,124,70,116,48,9,0,76,83,19,12,110,40" hai1="15,88,73,1,112,37,45,67,96,123,107,121,10" hai2="31,101,62,65,26,78,114,92,49,29,52,50,129" hai3="89,58,79,133,66,43,127,51,93,108,97,28,72"/><T130/><D116/><U57/><E1/><V2/><F2/><W24/><G108/><T16/><D70/><U25/><E73/><V59/><F114/><W42/><G127/><T94/><D124/><U119/><E119/><V61/><F129/><W128/><G133/><T8/><D130/><U87/><E25/><V131/><F131/><W120/><G120/><T134/><D134/><U118/><E118/><V32/><F78/><W111/><G111/><T68/><D68/><U85/><E85/><V22/><F31/><W56/><G128/><T60/><D110/><U5/><E112/><V63/><F32/><W117/><G117/><T44/><D60/><N who="2" m="23146" /><F65/><W46/><G42/><T69/><D69/><U20/><E20/><V21/><F21/><W106/><G106/><T23/><D0/><U98/><E67/><V41/><F41/><W14/><G14/><N who="0" m="7247" /><D76/><U90/><E107/><V81/><F81/><N who="0" m="31306" /><D94/><N who="1" m="56391" /><E121/><V55/><F92/><W99/><G72/><T54/><D23/><U64/><E123/><V38/><F38/><W74/><G74/><T75/><D75/><U100/><E37/><V91/><F22/><N who="3" m="15383" /><G79/><T11/><D11/><U36/><E36/><V77/><F77/><W30/><G30/><T104/><D104/><U18/><E10/><V7/><F29/><W17/><G66/><T3/><D3/><U34/><E64/><V105/><F105/><W84/><G17/><T33/><D33/><U115/><E18/><V95/><F26/><W125/><G125/><T103/><D103/><U113/><E34/><V35/><F35/><W102/><G102/><T122/><D122/><RYUUKYOKU ba="0,0" sc="246,15,213,-15,321,-15,220,15" hai0="8,12,19,40,44,48,54" hai3="43,46,51,56,58,84,89,93,97,99" /><INIT seed="4,1,0,2,3,48" ten="261,198,306,235" oya="0" hai0="120,59,102,43,61,103,73,87,52,13,35,71,88" hai1="124,17,116,63,129,28,91,45,30,74,80,89,18" hai2="78,22,9,126,93,125,65,2,20,16,4,132,54" hai3="12,38,39,10,99,69,0,21,15,118,83,44,11"/><T40/><D120/><U98/><E116/><V106/><F106/><W100/><G69/><T34/><D73/><U128/><E124/><V90/><F65/><W75/><G118/><T112/><D71/><U49/><E63/><V76/><F132/><W3/><G21/><T50/><D112/><U117/><E117/><V72/><F22/><W1/><G83/><N who="0" m="49279" /><D34/><U56/><E56/><V92/><F92/><W96/><G100/><N who="0" m="38443" /><D35/><U94/><E74/><V95/><F95/><W36/><G44/><N who="0" m="27719" /><D13/><N who="3" m="5193" /><G75/><T110/><D110/><U31/><E129/><V33/><F33/><W27/><G27/><T26/><D26/><U111/><E128/><V70/><F70/><W133/><G133/><T123/><D123/><U105/><E105/><V121/><F121/><W109/><G109/><T77/><D77/><U81/><E111/><V53/><F78/><W14/><N who="3" m="5201" /><W47/><DORA hai="67" /><G47/><T6/><D6/><U131/><E131/><V82/><F125/><W32/><G32/><T23/><D23/><U62/><E91/><V55/><F126/><W107/><G107/><T134/><D134/><U97/><E89/><V108/><F108/><W101/><G101/><T104/><D104/><U58/><E31/><V84/><F20/><W79/><G79/><T122/><D122/><U25/><E30/><V115/><F16/><W68/><G68/><T29/><D29/><U64/><E28/><V24/><F24/><W46/><G46/><T135/><D135/><U60/><E25/><V8/><F115/><W41/><G0/><T113/><D113/><U51/><E45/><V66/><F76/><RYUUKYOKU ba="1,0" sc="261,30,198,-10,306,-10,235,-10" hai0="40,43,59,61" /><INIT seed="4,2,0,4,1,49" ten="291,188,296,225" oya="0" hai0="113,125,81,28,82,116,128,104,20,23,63,106,95" hai1="97,87,92,25,0,96,109,13,102,118,112,41,12" hai2="93,33,2,4,59,122,64,86,42,54,24,78,103" hai3="98,46,79,99,126,71,32,80,8,65,129,133,67"/><T29/><D116/><U123/><E118/><V131/><F122/><W53/><G129/><T5/><D128/><U94/><E123/><V15/><F2/><W9/><G126/><T89/><D125/><U51/><E109/><V6/><F131/><W30/><G133/><T16/><D5/><U43/><E0/><V132/><F132/><W108/><G108/><T52/><D113/><U58/><E112/><V76/><F64/><W88/><G30/><N who="0" m="11883" /><D104/><U70/><E70/><V44/><F24/><W117/><G32/><T68/><D106/><U35/><E35/><V1/><F33/><W7/><G117/><T19/><D68/><U11/><E87/><V83/><F1/><W66/><G71/><T85/><D23/><U72/><E25/><V47/><F78/><W124/><G124/><T38/><D38/><U61/><E72/><V57/><F15/><N who="1" m="5705" /><E51/><V135/><F135/><W26/><G26/><N who="0" m="14599" /><D19/><U115/><E11/><N who="3" m="4170" /><G7/><T107/><D107/><U10/><E10/><V36/><F6/><W34/><G34/><T121/><D121/><U77/><E115/><V101/><F4/><W120/><G120/><T50/><D63/><U114/><E114/><V73/><F73/><W134/><G134/><T45/><AGARI ba="2,0" hai="45,50,52,81,82,85,89,95" m="14599,11883" machi="45" ten="30,11700,0" yaku="8,1,52,1,54,2" doraHai="49" who="0" fromWho="0" sc="291,123,188,-41,296,-41,225,-41" /><INIT seed="4,3,0,2,4,105" ten="414,147,255,184" oya="0" hai0="14,120,110,53,79,111,70,101,54,87,6,55,93" hai1="68,77,13,38,23,75,42,82,135,88,117,118,18" hai2="59,80,29,0,12,7,25,109,20,86,134,91,56" hai3="69,48,112,94,113,62,90,22,50,65,10,52,108"/><T133/><D120/><U115/><E115/><N who="3" m="44106" /><G108/><N who="0" m="41515" /><D70/><U98/><E135/><V11/><F109/><W83/><G22/><T116/><D116/><U8/><E68/><V119/><F119/><W43/><G10/><N who="0" m="4439" /><D133/><U96/><E96/><V73/><F134/><W131/><G83/><N who="0" m="47615" /><D93/><U41/><E8/><V40/><F40/><W36/><G131/><T97/><D97/><U9/><E42/><V44/><F44/><N who="3" m="23655" /><G94/><T19/><D19/><U81/><E117/><V127/><F127/><W16/><G16/><T84/><D84/><U123/><E18/><V126/><F126/><W15/><G15/><T31/><D31/><U2/><E98/><V4/><F4/><W46/><G90/><T76/><D76/><U34/><E77/><V30/><F30/><W21/><G21/><T128/><D128/><U58/><E118/><V106/><F12/><W1/><G1/><T3/><D3/><U100/><E2/><V114/><F114/><W103/><G103/><AGARI ba="3,0" hai="53,54,55,101,103" m="47615,4439,41515" machi="103" ten="30,1500,0" yaku="10,1" doraHai="105" who="0" fromWho="3" sc="414,24,147,0,255,0,184,-24" /><INIT seed="4,4,0,5,4,37" ten="438,147,255,160" oya="0" hai0="76,103,2,32,108,3,49,62,122,72,42,123,93" hai1="117,19,25,39,69,75,127,6,41,102,31,18,43" hai2="114,105,134,73,15,81,52,83,26,45,88,77,110" hai3="97,0,131,95,61,119,24,9,126,120,28,92,11"/><T16/><D32/><U104/><E117/><V53/><F110/><W20/><G119/><T79/><D108/><U60/><E39/><V5/><F105/><W21/><G120/><T86/><D72/><U35/><E75/><V107/><F107/><W125/><G131/><T111/><D111/><U22/><E6/><V34/><F114/><W94/><G61/><T33/><D33/><U50/><E50/><V40/><F134/><W46/><G46/><T84/><D62/><U55/><E55/><V56/><F5/><W59/><G59/><T91/><D16/><N who="1" m="6187" /><E22/><N who="3" m="8810" /><G97/><T85/><D103/><U99/><E127/><N who="3" m="48650" /><G0/><T101/><D3/><U116/><E116/><V66/><F66/><AGARI ba="4,0" hai="25,31,35,41,43,60,66,69,99,102,104" m="6187" machi="66" ten="30,7700,0" yaku="25,1,52,2,54,1" doraHai="37" who="1" fromWho="2" sc="438,0,147,89,255,-89,160,0" /><INIT seed="5,0,0,2,5,93" ten="438,236,166,160" oya="1" hai0="110,115,49,123,18,19,9,70,134,15,3,22,64" hai1="52,37,129,33,45,77,106,84,73,63,27,14,130" hai2="133,2,88,97,1,30,114,68,96,113,4,107,51" hai3="80,59,5,20,62,6,10,102,43,31,53,11,61"/><U48/><E73/><V65/><F133/><W0/><G43/><T119/><D70/><U32/><E106/><V66/><F30/><W29/><G20/><T135/><D64/><N who="2" m="24682" /><F68/><W112/><G112/><N who="2" m="43113" /><F4/><W12/><G62/><T86/><D115/><U54/><E37/><V128/><F128/><N who="1" m="49257" /><E27/><V91/><F51/><W26/><G26/><T28/><D119/><U122/><E122/><V60/><F60/><W21/><G21/><T126/><D123/><U85/><E14/><V71/><F71/><W111/><G111/><T104/><D110/><U89/><E63/><V38/><F38/><W76/><REACH who="3" step="1"/><G102/><REACH who="3" ten="438,236,166,150" step="2"/><T39/><D134/><U34/><E34/><V41/><F41/><W13/><G13/><T24/><D15/><U81/><E54/><V98/><F107/><W83/><G83/><AGARI ba="0,1" hai="32,33,45,48,52,77,81,83,84,85,89" m="49257" machi="83" ten="30,2900,0" yaku="19,1,54,1" doraHai="93" who="1" fromWho="3" sc="438,0,236,39,166,0,150,-29" /><INIT seed="5,1,0,4,4,54" ten="438,275,166,121" oya="1" hai0="129,110,99,65,17,88,56,97,23,24,102,19,31" hai1="112,48,76,82,27,84,122,61,39,109,134,14,91" hai2="63,37,86,43,58,64,3,6,70,130,69,73,40" hai3="118,0,21,80,7,133,25,87,124,113,123,9,126"/><U68/><E122/><V67/><F73/><W100/><G123/><T59/><D110/><U121/><E39/><V12/><F3/><W98/><G113/><T5/><D5/><U74/><E121/><V8/><F130/><W114/><G114/><T62/><D129/><U90/><E112/><V16/><F37/><W125/><G133/><T120/><D120/><U53/><E109/><V101/><F101/><W45/><G45/><T2/><D2/><U35/><E134/><V50/><F70/><W18/><G118/><T51/><D99/><U135/><E135/><V103/><F103/><W26/><G26/><T85/><D51/><U71/><E14/><V131/><F131/><W108/><G108/><T92/><D59/><U119/><E119/><V20/><F86/><W117/><G117/><T79/><D79/><U96/><E96/><V34/><F34/><W77/><G98/><T22/><D22/><U83/><E91/><V46/><F69/><W95/><G100/><T104/><AGARI ba="1,0" hai="17,19,23,24,31,56,62,65,85,88,92,97,102,104" machi="104" ten="20,5200,0" yaku="0,1,7,1,52,1,54,1" doraHai="54" who="0" fromWho="0" sc="438,55,275,-27,166,-14,121,-14" /><INIT seed="6,0,0,0,3,124" ten="493,248,152,107" oya="2" hai0="116,10,5,37,132,42,6,45,20,71,17,39,97" hai1="16,51,80,28,49,110,32,86,96,48,24,87,112" hai2="108,75,89,123,99,26,105,19,81,135,40,79,36" hai3="64,62,8,56,1,83,121,111,76,66,126,57,21"/><V63/><F123/><W55/><G121/><T103/><D71/><U2/><E110/><V18/><F135/><W127/><G111/><T25/><D132/><U88/><E2/><V90/><F36/><W9/><G21/><T115/><D115/><U50/><E112/><V70/><F40/><W31/><G31/><T92/><D116/><U33/><E96/><V128/><F70/><W93/><G93/><T54/><D54/><U22/><E49/><V65/><F90/><W125/><G1/><T0/><D6/><U117/><E117/><V46/><F46/><W73/><REACH who="3" step="1"/><G66/><REACH who="3" ten="493,248,152,97" step="2"/><T113/><D113/><U59/><E33/><V95/><F108/><W84/><G84/><T134/><D134/><U52/><E86/><V107/><F105/><W11/><G11/><T85/><D85/><U15/><AGARI ba="0,1" hai="15,16,22,24,28,32,48,50,51,52,59,80,87,88" machi="15" ten="20,8000,1" yaku="0,1,7,1,54,3" doraHai="124" who="1" fromWho="1" sc="493,-20,248,90,152,-40,97,-20" /><INIT seed="7,0,0,0,4,63" ten="473,338,112,77" oya="3" hai0="39,29,83,67,110,60,51,24,122,68,66,113,104" hai1="82,133,28,2,20,70,49,31,99,81,85,54,23" hai2="71,107,128,73,22,77,37,80,119,121,101,69,130" hai3="14,58,62,0,10,35,98,132,118,111,36,112,76"/><W38/><G118/><T8/><D110/><U21/><E2/><V32/><F32/><W18/><G112/><T96/><D39/><U12/><E70/><V87/><F119/><W4/><G111/><T123/><D113/><U131/><E133/><V92/><F37/><W6/><G132/><T40/><D67/><U84/><E131/><N who="2" m="50219" /><F121/><W79/><G4/><T5/><D83/><N who="1" m="31755" /><E12/><V61/><F61/><W74/><G35/><N who="0" m="20903" /><D51/><U90/><E99/><N who="2" m="61887" /><F22/><W7/><G7/><T42/><D42/><U48/><E48/><V89/><AGARI ba="0,0" hai="69,71,73,77,80,87,89,92" m="61887,50219" machi="89" ten="30,2000,0" yaku="24,1,19,1" doraHai="63" who="2" fromWho="2" sc="473,-5,338,-5,112,20,77,-10" owari="468,57.0,333,13.0,132,-27.0,67,-43.0" /></mjloggm>