<mjloggm ver="2.3"><GO type="169" lobby="0"/><UN n0="%E3%82%BF%E3%83%9E%E3%83%8D%E3%82%AE" n1="%E3%81%84%E3%81%84%E3%81%9E" n2="%E6%B1%9F%E6%88%B8%E7%93%A6%E3%82%B3%E3%83%8A%E3%83%B3%CE%A7" n3="%E5%B0%8F%E6%89%8B%E8%BF%94%E6%92%B2%E6%BB%85%E4%BC%9A%E9%95%B7" dan="17,16,16,17" rate="2183.95,2141.23,2062.94,2152.40" sx="M,M,F,F"/><TAIKYOKU oya="0"/><INIT seed="0,0,0,4,4,105" ten="250,250,250,250" oya="0" hai0="4,93,24,48,102,116,121,114,53,133,62,119,11" hai1="36,0,12,71,31,30,5,44,115,78,20,51,38" hai2="122,94,117,26,21,125,123,128,106,91,135,109,64" hai3="101,72,23,111,63,131,75,98,47,33,124,50,92"/><T88/><D114/><U74/><E71/><V19/><F106/><W96/><G33/><T3/><D121/><U29/><E115/><V37/><F37/><W134/><G111/><T25/><D133/><U8/><E78/><V130/><F109/><W110/><G110/><T17/><D102/><U27/><E74/><V43/><F135/><W61/><G134/><T70/><D70/><U56/><E56/><V120/><F125/><W129/><G124/><T76/><D76/><U46/><E0/><V7/><F117/><W40/><G23/><T83/><D83/><U97/><E97/><V79/><F79/><W42/><G42/><T9/><D62/><N who="3" m="23561" /><G96/><T99/><D25/><U18/><REACH who="1" step="1"/><E46/><REACH who="1" ten="250,240,250,250" step="2"/><V16/><F128/><AGARI ba="0,1" hai="40,47,50,72,75,92,98,101,128,129,131" m="23561" machi="128" ten="30,3900,0" yaku="19,1,52,2" doraHai="105" who="3" fromWho="2" sc="250,0,240,0,250,-39,250,49" /><INIT seed="1,0,0,1,2,91" ten="250,240,211,299" oya="1" hai0="97,46,47,43,8,3,78,102,94,116,132,42,79" hai1="61,101,1,126,73,84,72,32,22,2,58,24,96" hai2="86,93,111,7,68,9,127,5,81,90,107,100,13" hai3="63,60,15,29,98,118,110,52,21,103,77,133,62"/><U6/><E126/><V106/><F68/><W74/><G110/><T87/><D116/><U113/><E113/><V27/><F127/><W36/><G36/><T82/><D132/><U41/><E41/><V131/><F111/><W66/><G133/><T48/><D3/><U80/><E32/><V54/><F131/><W123/><G123/><T95/><D8/><U0/><E6/><V34/><F5/><W125/><G125/><T14/><D14/><U105/><E84/><V26/><F100/><W17/><G66/><T124/><D124/><U121/><E121/><V49/><F34/><W92/><G118/><T4/><D4/><U128/><E80/><V112/><F112/><W59/><REACH who="3" step="1"/><G29/><REACH who="3" ten="250,240,211,289" step="2"/><T31/><D31/><U85/><E128/><V20/><F106/><W56/><G56/><T71/><D71/><U44/><E44/><V65/><F107/><W108/><G108/><T25/><D47/><U33/><E33/><V122/><F65/><W10/><G10/><T11/><D11/><U40/><E58/><N who="2" m="33103" /><F122/><W30/><G30/><T134/><D134/><U23/><E105/><V51/><F20/><W18/><G18/><T75/><D46/><U119/><E22/><V50/><F81/><AGARI ba="0,1" hai="15,17,21,52,59,60,62,63,74,77,81,92,98,103" machi="81" ten="40,8000,1" yaku="1,1,52,1,54,1,53,1" doraHai="91" doraHaiUra="99" who="3" fromWho="2" sc="250,0,240,0,211,-80,289,90" /><INIT seed="2,0,0,3,1,66" ten="250,240,131,379" oya="2" hai0="74,106,135,63,70,10,0,95,119,43,56,1,71" hai1="23,50,82,26,114,99,59,62,44,94,110,128,49" hai2="54,5,38,89,133,76,103,122,42,83,20,124,112" hai3="2,45,125,108,37,6,12,35,127,3,19,105,91"/><V121/><F112/><W4/><G105/><T11/><D106/><U8/><E114/><V81/><F133/><W73/><G73/><T31/><D74/><U22/><E110/><V60/><F20/><W30/><G91/><T46/><D31/><U55/><E128/><V34/><F34/><W101/><G101/><T13/><D135/><U117/><E117/><V79/><F54/><W118/><G45/><T24/><D24/><U96/><E49/><V102/><F60/><W67/><G37/><T16/><D95/><U123/><E123/><N who="2" m="47115" /><F5/><N who="3" m="2155" /><G67/><T25/><D25/><U98/><E82/><N who="2" m="31243" /><F42/><W48/><G48/><T47/><D47/><U65/><E8/><V39/><F124/><N who="3" m="47691" /><G108/><T100/><D100/><N who="2" m="38442" /><F89/><W85/><G118/><T32/><D119/><U64/><E65/><V52/><F52/><W88/><G30/><T115/><D115/><U69/><E44/><V77/><AGARI ba="0,0" hai="38,39,76,77,79" m="38442,31243,47115" machi="77" ten="40,3900,0" yaku="28,2" doraHai="66" who="2" fromWho="2" sc="250,-13,240,-13,131,39,379,-13" /><INIT seed="2,1,0,2,1,135" ten="237,227,170,366" oya="2" hai0="131,13,45,44,82,126,113,101,114,30,42,7,69" hai1="63,48,79,54,88,37,6,36,104,24,115,97,124" hai2="83,108,21,98,129,95,119,29,38,56,110,84,90" hai3="87,75,125,49,73,96,67,102,9,117,68,25,51"/><V118/><F38/><W1/><G117/><N who="2" m="44553" /><F56/><W103/><G87/><T133/><D69/><U33/><E115/><V127/><F21/><W77/><G25/><T111/><D133/><U22/><E33/><V134/><F29/><W130/><G96/><T107/><D30/><U32/><E32/><V41/><F41/><W106/><G77/><T122/><D44/><U112/><E112/><V132/><F129/><W27/><G27/><T46/><D46/><U39/><E6/><V92/><F132/><W23/><G67/><T80/><D7/><U15/><E63/><V0/><F0/><W47/><G47/><T60/><D45/><U89/><E15/><V34/><F34/><W121/><G23/><T10/><D60/><U19/><E54/><V123/><F134/><W72/><G9/><T74/><D42/><U58/><E58/><V43/><F43/><W62/><G1/><T99/><D10/><U31/><E48/><V18/><F18/><W94/><G62/><T35/><D35/><U3/><E31/><V64/><F64/><W65/><G65/><T120/><D113/><U52/><E3/><V28/><F28/><W70/><G51/><T61/><D114/><U91/><E52/><V76/><F123/><W81/><G121/><T11/><D122/><U128/><E128/><V57/><F57/><W16/><G130/><T50/><D131/><U85/><E39/><V53/><F53/><W5/><G49/><T17/><D50/><U78/><E36/><V4/><F4/><W14/><G5/><N who="0" m="3311" /><D120/><U100/><E37/><V116/><N who="2" m="44561" /><V93/><DORA hai="71" /><F127/><RYUUKYOKU ba="1,0" sc="237,-10,227,-10,170,30,366,-10" hai2="76,83,84,90,92,93,95,98,108,110" /><INIT seed="2,2,0,4,2,32" ten="227,217,200,356" oya="2" hai0="93,55,61,9,113,27,135,22,58,121,45,29,114" hai1="18,2,126,52,50,33,79,64,21,40,13,6,0" hai2="57,100,3,37,71,46,12,34,90,128,106,87,24" hai3="94,65,84,11,14,68,122,119,109,124,89,112,44"/><V92/><F128/><W130/><G119/><T129/><D121/><U7/><E33/><V120/><F120/><W97/><G122/><T38/><D129/><U74/><E40/><V30/><F57/><W28/><G112/><T86/><D135/><U25/><E64/><V26/><F12/><W15/><G28/><T77/><D9/><U60/><E60/><V133/><F133/><W42/><G124/><T80/><REACH who="0" step="1"/><D93/><REACH who="0" ten="217,217,200,356" step="2"/><U85/><E126/><V43/><F71/><W91/><G11/><T83/><D83/><U82/><E74/><V116/><F116/><W31/><G94/><T81/><D81/><U53/><E7/><V59/><F106/><W48/><G68/><T75/><D75/><U78/><E6/><V4/><F100/><W111/><G130/><T110/><D110/><U101/><E101/><V19/><F4/><W117/><G111/><T49/><D49/><U125/><E125/><V1/><REACH who="2" step="1"/><F59/><REACH who="2" ten="217,217,190,356" step="2"/><W63/><G117/><T23/><D23/><AGARI ba="2,2" hai="1,3,19,23,24,26,30,34,37,43,46,87,90,92" machi="23" ten="40,12000,1" yaku="1,1,2,1,52,2,53,0" doraHai="32" doraHaiUra="10" who="2" fromWho="0" sc="217,-126,217,0,190,146,356,0" /><INIT seed="2,3,0,0,1,75" ten="91,217,336,356" oya="2" hai0="131,91,120,110,102,16,17,79,61,76,14,24,4" hai1="83,115,98,67,121,66,113,33,97,35,122,103,72" hai2="126,109,49,104,7,36,57,21,135,90,23,73,32" hai3="10,34,25,101,92,41,43,8,44,124,59,128,22"/><V87/><F32/><W20/><G34/><N who="1" m="12810" /><E72/><V63/><F36/><W95/><G128/><T58/><D120/><N who="1" m="46187" /><E83/><V51/><F73/><W12/><G124/><T65/><D131/><U114/><E103/><V74/><F74/><W133/><G133/><T86/><D110/><U29/><E29/><V52/><F109/><W85/><G59/><T84/><D102/><U94/><E94/><V13/><F104/><W100/><G12/><T54/><D65/><AGARI ba="3,0" hai="65,66,67,97,98,113,114,115" m="46187,12810" machi="65" ten="40,5200,0" yaku="28,2,13,1" doraHai="75" who="1" fromWho="0" sc="91,-61,217,61,336,0,356,0" /><INIT seed="3,0,0,2,4,24" ten="30,278,336,356" oya="3" hai0="128,62,96,10,58,110,52,98,66,92,78,72,117" hai1="133,53,87,109,29,32,27,63,68,99,39,22,89" hai2="75,5,21,115,95,45,134,127,36,40,2,59,116" hai3="3,106,8,69,6,125,135,76,101,97,103,114,20"/><W9/><G114/><T28/><D117/><U83/><E109/><V50/><F116/><W48/><G135/><T100/><D110/><U112/><E112/><V132/><F115/><W13/><G125/><T126/><D128/><U73/><E133/><N who="2" m="51307" /><F127/><W54/><G69/><T85/><D126/><U71/><E39/><V120/><F21/><W118/><G118/><T105/><D72/><U37/><E37/><V80/><F95/><W84/><G101/><T51/><D10/><U88/><E73/><V122/><F5/><W47/><G20/><T23/><D78/><U70/><E32/><V46/><F59/><W61/><G61/><T14/><D85/><U35/><E35/><V26/><F26/><W74/><G74/><T67/><D62/><U16/><E29/><V34/><F34/><W82/><REACH who="3" step="1"/><G9/><REACH who="3" ten="30,278,336,346" step="2"/><T121/><D121/><U107/><E107/><V102/><F102/><W129/><G129/><T130/><D130/><U18/><E18/><V64/><F120/><W119/><G119/><T11/><D28/><U25/><E25/><V38/><F122/><W91/><G91/><T90/><REACH who="0" step="1"/><D23/><REACH who="0" ten="20,278,336,346" step="2"/><U131/><E131/><V104/><F75/><W56/><G56/><T60/><D60/><U7/><E71/><V19/><F45/><W123/><G123/><T124/><D124/><U42/><E70/><V113/><F46/><W108/><G108/><T41/><D41/><U111/><E111/><V44/><F40/><W1/><AGARI ba="0,2" hai="1,3,6,8,13,47,48,54,76,82,84,97,103,106" machi="1" ten="30,3000,0" yaku="1,1,0,1,53,0" doraHai="24" doraHaiUra="65" who="3" fromWho="3" sc="20,-10,278,-10,336,-10,346,50" /><INIT seed="3,1,0,1,4,113" ten="10,268,326,396" oya="3" hai0="37,0,35,65,45,8,109,89,126,110,38,111,36" hai1="49,12,32,132,6,77,53,43,105,104,14,112,56" hai2="51,122,88,34,128,66,44,64,20,107,71,4,95" hai3="67,59,73,131,117,116,115,123,114,21,125,78,86"/><W74/><G21/><T68/><D35/><U1/><E112/><N who="3" m="43050" /><G59/><T101/><D89/><U52/><E32/><V98/><F128/><W48/><G48/><T50/><D101/><U119/><E43/><V60/><F122/><W23/><G23/><T39/><D8/><U133/><E77/><V120/><F120/><W26/><G26/><T10/><D10/><U75/><E75/><N who="3" m="28682" /><G67/><T15/><D15/><U70/><E70/><V24/><F4/><W100/><G123/><T82/><D82/><U103/><E103/><V55/><F66/><W28/><G28/><T87/><D87/><U58/><E1/><V17/><F34/><W91/><G131/><T63/><N who="0" m="9216" /><DORA hai="57" /><T47/><D0/><U30/><E30/><V27/><REACH who="2" step="1"/><F107/><REACH who="2" ten="10,268,316,396" step="2"/><W69/><G69/><T7/><D7/><U80/><E6/><V134/><F134/><W83/><G125/><T16/><D16/><U84/><E104/><V72/><F72/><N who="3" m="43463" /><G100/><T22/><D22/><U79/><E132/><V46/><F46/><N who="0" m="17418" /><D50/><U76/><E133/><V99/><F99/><W2/><G2/><T118/><D126/><U108/><E49/><V96/><F96/><W93/><AGARI ba="1,1" hai="86,91,93,116,117" m="43463,28682,43050" machi="93" ten="30,11700,0" yaku="34,2,52,2" doraHai="113,57" who="3" fromWho="3" sc="10,-40,268,-40,316,-40,396,130" owari="-30,-53.0,228,-17.0,276,8.0,526,62.0" /></mjloggm>