<mjloggm ver="2.3"><GO type="185" lobby="0"/><UN n0="%E5%A4%9A%E6%9E%97%E6%99%8B" n1="%58%65%6C%65%72%61%74%6F" n2="%6B%61%6E%6E%7A%61%62%75" n3="" dan="16,16,16,0" rate="2167.91,2179.59,2235.44,1500.00" sx="M,F,M,C"/><TAIKYOKU oya="0"/><INIT seed="0,0,0,2,2,116" ten="350,350,350,0" oya="0" hai0="87,133,76,68,110,55,98,75,108,122,118,50,100" hai1="82,124,71,79,34,48,70,130,49,128,35,51,32" hai2="44,67,127,69,45,101,115,66,52,107,117,61,0" hai3=""/><T3/><N who="0" m="31264" /><T73/><D3/><U94/><E94/><V126/><F0/><T96/><D118/><U77/><E124/><V88/><F115/><T97/><D68/><N who="1" m="26155" /><E82/><V37/><F67/><T85/><D133/><U103/><E103/><V111/><F111/><N who="0" m="42538" /><D100/><U57/><E57/><V119/><F101/><T132/><D132/><U63/><E63/><V99/><F107/><T134/><D134/><U84/><E84/><N who="0" m="32329" /><D76/><AGARI ba="0,0" hai="32,34,35,48,49,51,76,77,79,128,130" m="26155" machi="76" ten="40,2600,0" yaku="28,2" doraHai="116" who="1" fromWho="0" sc="350,-26,350,26,350,0,0,0" /><INIT seed="1,0,0,2,3,128" ten="324,376,350,0" oya="1" hai0="101,122,69,121,111,40,66,75,131,73,81,93,55" hai1="94,58,44,49,116,48,125,114,120,38,91,96,46" hai2="126,53,3,107,127,86,118,32,84,57,87,65,76" hai3=""/><U2/><N who="1" m="30752" /><U45/><E114/><V61/><F118/><T56/><N who="0" m="31008" /><T106/><N who="0" m="31264" /><T59/><D131/><U119/><E2/><V43/><F32/><T115/><D115/><U82/><E125/><V133/><F107/><T67/><D106/><U129/><E129/><V117/><F117/><T34/><D34/><U79/><E38/><V54/><F76/><T50/><D111/><U1/><E1/><V112/><F112/><T109/><D109/><U33/><E33/><V100/><F100/><T78/><D69/><U89/><E89/><V35/><F35/><T52/><D40/><U88/><E91/><V103/><F103/><T80/><D81/><U68/><E68/><V132/><F43/><T110/><D73/><U74/><REACH who="1" step="1"/><E48/><REACH who="1" ten="324,366,350,0" step="2"/><V95/><F3/><T77/><D110/><U85/><E85/><V83/><F83/><T130/><D130/><U64/><E64/><V134/><F95/><T99/><D77/><U102/><E102/><V72/><F72/><T60/><AGARI ba="0,1" hai="50,52,55,56,59,60,66,67,75,78,80,93,99,101" m="31264,31008" machi="60" ten="20,6000,1" yaku="0,1,7,1,52,2,54,1" doraHai="128" who="0" fromWho="0" sc="324,70,366,-40,350,-20,0,0" /><INIT seed="2,0,0,0,2,45" ten="394,326,330,0" oya="2" hai0="67,112,86,40,106,51,133,126,105,120,79,36,80" hai1="91,38,128,41,3,72,44,35,121,116,129,56,53" hai2="109,2,47,71,108,96,34,99,102,43,88,46,119" hai3=""/><V115/><F115/><T77/><N who="0" m="30752" /><T37/><D112/><U84/><N who="1" m="31008" /><U127/><E35/><V123/><N who="2" m="31520" /><V66/><F119/><T97/><D133/><U83/><E116/><V68/><F34/><T103/><D126/><U0/><E72/><V73/><F73/><T78/><D67/><U76/><E76/><V94/><F2/><T130/><D105/><U50/><REACH who="1" step="1"/><E127/><REACH who="1" ten="394,316,330,0" step="2"/><V90/><F43/><T32/><D32/><U63/><E63/><V134/><F134/><T74/><D74/><U89/><E89/><V114/><F114/><T118/><D118/><U95/><E95/><V64/><F94/><T52/><D40/><U110/><E110/><V69/><F69/><T49/><D77/><U82/><E82/><V42/><F42/><T57/><D78/><U65/><E65/><V87/><F87/><T59/><D79/><U124/><E124/><V117/><F117/><T81/><D86/><U111/><E111/><V54/><F102/><T122/><N who="0" m="31264" /><T107/><D103/><U85/><E85/><V93/><F93/><T113/><D113/><U39/><E39/><V92/><F92/><T100/><D100/><U1/><AGARI ba="0,1" hai="0,1,3,38,41,44,50,53,56,83,84,91,128,129" m="31008" machi="1" ten="40,9000,2" yaku="1,1,0,1,52,2,53,2" doraHai="45" doraHaiUra="125" who="1" fromWho="1" sc="394,-30,316,100,330,-60,0,0" /><INIT seed="4,0,0,2,1,122" ten="364,416,270,0" oya="0" hai0="75,100,50,66,45,67,78,97,134,48,133,124,102" hai1="81,128,92,80,69,135,93,49,44,32,77,53,84" hai2="79,54,89,117,68,119,101,61,41,39,55,36,33" hai3=""/><T115/><D124/><U65/><E32/><V56/><F33/><T96/><D115/><U90/><E135/><V40/><F89/><T58/><D78/><U132/><E132/><N who="0" m="50793" /><D75/><U42/><E128/><V37/><F101/><N who="0" m="39018" /><D58/><U116/><E116/><N who="2" m="44619" /><F79/><T62/><D62/><U126/><E126/><V86/><F86/><T59/><D59/><U114/><E114/><V95/><F95/><T98/><D45/><U82/><E65/><AGARI ba="0,0" hai="48,50,65,66,67,96,97,98" m="39018,50793" machi="65" ten="40,7700,0" yaku="28,2,20,1" doraHai="122" who="0" fromWho="1" sc="364,77,416,-77,270,0,0,0" /><INIT seed="4,1,0,4,5,123" ten="441,339,270,0" oya="0" hai0="126,48,76,94,110,34,69,116,62,44,54,112,68" hai1="63,33,81,92,56,109,51,58,103,125,78,40,95" hai2="64,36,91,132,85,133,90,57,32,107,97,118,89" hai3=""/><T131/><D34/><U135/><E33/><V83/><F36/><T113/><D116/><U46/><E125/><V119/><F57/><T102/><D126/><U88/><E135/><N who="2" m="51787" /><F64/><T49/><D131/><U47/><E109/><V86/><F32/><T1/><D76/><U99/><E47/><V96/><F107/><T41/><D1/><U106/><E88/><N who="2" m="33899" /><F86/><T67/><D68/><U130/><E130/><V93/><F97/><T134/><D134/><U50/><E50/><V77/><AGARI ba="1,0" hai="77,83,85,91,93,96,118,119" m="33899,51787" machi="77" ten="30,5900,0" yaku="20,1,34,2,54,1" doraHai="123" who="2" fromWho="2" sc="441,-40,339,-21,270,61,0,0" /><INIT seed="5,0,0,2,2,3" ten="401,318,331,0" oya="1" hai0="64,82,55,43,92,35,54,99,128,52,98,79,48" hai1="130,101,45,41,109,72,131,75,110,94,97,42,78" hai2="108,116,88,135,96,68,133,69,39,59,112,93,67" hai3=""/><U66/><E66/><V36/><F116/><T100/><D128/><N who="1" m="49195" /><E42/><V77/><F108/><N who="1" m="41577" /><E45/><V1/><F112/><T56/><D99/><U38/><E38/><V117/><F117/><T87/><D35/><U113/><E41/><V119/><F1/><T120/><N who="0" m="30752" /><T80/><D80/><U114/><E78/><V90/><F77/><T62/><REACH who="0" step="1"/><D43/><REACH who="0" ten="391,318,331,0" step="2"/><U89/><E101/><V121/><N who="2" m="31008" /><V105/><F119/><T129/><D129/><U76/><E76/><V2/><F2/><T81/><D81/><U58/><E58/><AGARI ba="0,1" hai="48,52,54,55,56,58,62,64,79,82,87,92,98,100" m="30752" machi="58" ten="30,8000,1" yaku="1,1,7,1,8,1,52,1,54,1,53,0" doraHai="3" doraHaiUra="33" who="0" fromWho="1" sc="391,90,318,-80,331,0,0,0" /><INIT seed="6,0,0,5,0,55" ten="481,238,331,0" oya="2" hai0="94,53,117,112,87,132,51,74,82,70,102,36,40" hai1="43,49,57,128,131,32,66,134,108,126,122,130,33" hai2="73,39,93,1,85,100,63,47,86,68,76,119,105" hai3=""/><V75/><F119/><T90/><D70/><U115/><N who="1" m="31264" /><U56/><E108/><V135/><F1/><T65/><D65/><U96/><E115/><V79/><F135/><T59/><D117/><U0/><E0/><V80/><F63/><T58/><D132/><U69/><E134/><V116/><F68/><T52/><D112/><U101/><E126/><V97/><F47/><T83/><D74/><N who="2" m="28170" /><F39/><T120/><N who="0" m="30752" /><T62/><REACH who="0" step="1"/><D102/><REACH who="0" ten="471,238,331,0" step="2"/><U118/><E118/><V133/><F116/><T44/><AGARI ba="0,1" hai="36,40,44,51,52,53,58,59,62,82,83,87,90,94" m="30752" machi="44" ten="30,12000,3" yaku="1,1,2,1,0,1,52,3,54,1,53,1" doraHai="55" doraHaiUra="42" who="0" fromWho="0" sc="471,130,238,-40,331,-80,0,0" owari="601,55.0,198,-40.0,251,-15.0,0,0.0" /></mjloggm>