<mjloggm ver="2.3"><GO type="169" lobby="0"/><UN n0="%E3%81%98%E3%81%98%E3%81%84%E3%81%8C%E5%91%BC%E3%82%93%E3%81%A0" n1="%4D%61%74%75%75%72%61" n2="%E3%81%B4%E3%81%8A%E3%81%B4%E3%81%8A%EF%BC%91%EF%BC%91" n3="%28%3B%E3%83%BB%E2%88%80%E3%83%BB%29" dan="16,17,18,16" rate="2122.97,2184.13,2327.54,2193.76" sx="M,M,M,M"/><TAIKYOKU oya="0"/><INIT seed="0,0,0,4,2,77" ten="250,250,250,250" oya="0" hai0="84,57,48,5,107,8,52,97,6,104,30,70,90" hai1="114,16,21,67,25,19,132,63,116,85,39,24,119" hai2="93,62,15,94,99,131,126,35,80,68,64,92,129" hai3="26,91,81,102,103,134,95,78,133,65,28,41,14"/><T0/><D70/><U54/><E39/><V101/><F35/><W125/><G65/><T76/><D30/><U124/><E54/><V112/><F112/><W122/><G41/><T106/><D6/><U27/><E114/><V42/><F126/><W40/><G40/><T29/><D29/><U88/><E124/><V1/><F1/><W120/><G14/><T100/><REACH who="0" step="1"/><D76/><REACH who="0" ten="240,250,250,250" step="2"/><U135/><E116/><V38/><F68/><W79/><G125/><T73/><D73/><U75/><E75/><V2/><F131/><W46/><G79/><T12/><D12/><U22/><E119/><V36/><F15/><W113/><G113/><T86/><D86/><U61/><E27/><V117/><F117/><W13/><G13/><T10/><D10/><U130/><E130/><V11/><F11/><W37/><G26/><T89/><D89/><U56/><REACH who="1" step="1"/><E63/><REACH who="1" ten="240,240,250,250" step="2"/><V69/><F129/><W59/><G120/><T83/><AGARI ba="0,2" hai="0,5,8,48,52,57,83,84,90,97,100,104,106,107" machi="83" ten="20,18000,2" yaku="1,1,0,1,7,1,52,1,54,1,53,1" doraHai="77" doraHaiUra="50" who="0" fromWho="0" sc="240,200,240,-60,250,-60,250,-60" /><INIT seed="0,1,0,4,0,15" ten="440,180,190,190" oya="0" hai0="120,96,47,11,20,1,17,94,55,68,75,109,38" hai1="29,37,43,112,125,97,59,36,108,64,86,4,9" hai2="24,88,28,107,98,105,124,49,25,0,27,7,41" hai3="8,72,53,12,66,26,46,22,77,42,18,61,91"/><T113/><D113/><U34/><E112/><V60/><F124/><W83/><G91/><T135/><D120/><U48/><E125/><V111/><F111/><W62/><G53/><T130/><D109/><U123/><E123/><V74/><F74/><W106/><G106/><T40/><D130/><U10/><E10/><V2/><F28/><W63/><G66/><T116/><D116/><U80/><E29/><V131/><F131/><W79/><G79/><T81/><D135/><U51/><E34/><V23/><F23/><W89/><G89/><T129/><D68/><U115/><E97/><V93/><F60/><W73/><G72/><T127/><D127/><U21/><E21/><V30/><F30/><W133/><G133/><T39/><D129/><U90/><E108/><V102/><F7/><W101/><G101/><T19/><D39/><U95/><E95/><V134/><F134/><W44/><REACH who="3" step="1"/><G42/><REACH who="3" ten="440,180,190,180" step="2"/><T100/><D55/><U110/><E110/><V3/><REACH who="2" step="1"/><F102/><REACH who="2" ten="440,180,180,180" step="2"/><W13/><G13/><T118/><D100/><U117/><E115/><V85/><F85/><W57/><G57/><T121/><D75/><U67/><E59/><V54/><F54/><W76/><G76/><T65/><D121/><U35/><E86/><V92/><F92/><W56/><G56/><T122/><D94/><U14/><E14/><V69/><F69/><W50/><G50/><T16/><D122/><U5/><E48/><V31/><F31/><AGARI ba="1,2" hai="8,12,18,22,26,31,44,46,61,62,63,73,77,83" machi="31" ten="40,2600,0" yaku="1,1,52,1,53,0" doraHai="15" doraHaiUra="128" who="3" fromWho="2" sc="440,0,180,0,180,-29,180,49" /><INIT seed="1,0,0,0,0,56" ten="440,180,151,229" oya="1" hai0="131,7,58,38,52,21,14,34,90,82,36,62,76" hai1="40,96,46,8,29,121,51,123,75,44,9,87,77" hai2="109,126,59,6,71,84,98,132,112,48,67,11,100" hai3="30,61,65,60,130,49,110,74,13,70,86,108,78"/><U23/><E75/><V72/><F72/><W122/><G74/><T37/><D34/><U54/><E121/><V117/><F117/><W97/><G122/><T79/><D131/><U26/><E123/><V16/><F109/><N who="3" m="42091" /><G130/><T120/><D120/><U107/><E107/><V42/><F132/><W81/><G70/><T18/><D7/><U2/><E2/><V83/><F126/><W43/><G65/><T68/><D68/><U1/><E1/><V135/><F135/><W69/><G69/><T104/><D104/><U113/><E113/><V91/><F112/><W64/><G64/><T124/><D124/><U19/><E96/><V24/><F71/><W12/><G30/><T129/><D129/><U63/><E29/><V118/><F42/><W88/><G13/><T0/><D0/><U20/><E20/><N who="2" m="13319" /><F48/><W10/><G97/><T92/><REACH who="0" step="1"/><D82/><REACH who="0" ten="430,180,151,229" step="2"/><N who="1" m="47567" /><E46/><V5/><F118/><W45/><G78/><T127/><D127/><U33/><E33/><V116/><F116/><W39/><G39/><T28/><D28/><U25/><E25/><V55/><F83/><W115/><G115/><T47/><D47/><U105/><E105/><V99/><F100/><W80/><G81/><T133/><D133/><U128/><E128/><V94/><F6/><AGARI ba="0,1" hai="6,10,12,43,45,49,60,61,80,86,88" m="42091" machi="6" ten="30,7700,0" yaku="14,1,52,2,54,1" doraHai="56" who="3" fromWho="2" sc="430,0,180,0,151,-77,229,87" /><INIT seed="2,0,0,1,1,23" ten="430,180,74,316" oya="2" hai0="120,134,61,132,74,30,40,4,7,21,109,22,34" hai1="65,133,36,17,129,24,106,119,127,69,80,56,105" hai2="121,117,125,123,101,52,99,93,94,32,82,67,77" hai3="87,54,111,135,75,70,48,59,83,62,31,112,64"/><V25/><F117/><W103/><G75/><T78/><D40/><U58/><E36/><V97/><F125/><W20/><G111/><T3/><D74/><U43/><E43/><V1/><F1/><W85/><G135/><N who="0" m="51755" /><D78/><U126/><E119/><V46/><F67/><W115/><G103/><T84/><D84/><U0/><E0/><V72/><F32/><W57/><G70/><T124/><D61/><U104/><E133/><V107/><F25/><N who="3" m="16807" /><G83/><T131/><D120/><U79/><E69/><V51/><REACH who="2" step="1"/><F107/><REACH who="2" ten="430,180,64,316" step="2"/><W98/><G64/><T90/><D34/><U71/><E65/><V15/><F15/><W41/><G112/><T50/><D3/><U96/><E105/><V113/><F113/><W114/><G115/><T44/><D124/><U11/><E104/><V2/><F2/><W130/><G114/><T95/><D109/><U86/><E126/><V47/><F47/><W39/><G130/><T10/><D44/><U18/><E129/><V68/><F68/><W91/><G39/><T118/><D118/><U38/><E38/><V63/><F63/><W108/><G62/><T37/><D37/><U102/><E71/><V89/><AGARI ba="0,1" hai="46,51,52,72,77,82,89,93,94,97,99,101,121,123" machi="89" ten="20,12000,1" yaku="1,1,0,1,7,1,54,1,53,1" doraHai="23" doraHaiUra="76" who="2" fromWho="2" sc="430,-40,180,-40,64,130,316,-40" /><INIT seed="2,1,0,3,4,68" ten="390,140,194,276" oya="2" hai0="30,6,111,126,45,43,88,134,69,101,73,13,72" hai1="75,22,86,7,49,41,63,84,16,125,65,67,76" hai2="135,100,133,11,20,74,93,130,25,87,5,51,14" hai3="27,62,64,98,71,77,113,92,99,2,124,19,89"/><V15/><F74/><W32/><G2/><T80/><D69/><U105/><E105/><V61/><F130/><W29/><G124/><T10/><D126/><U120/><E125/><V21/><F51/><W81/><G113/><T108/><D101/><U47/><E120/><V38/><F61/><W103/><G19/><T57/><D30/><U122/><E122/><V114/><F114/><W109/><G109/><N who="0" m="42059" /><D57/><U96/><E7/><V123/><F123/><W40/><G40/><T39/><D134/><U106/><E75/><V37/><F15/><W42/><G42/><T4/><D6/><U1/><E1/><V53/><F53/><W54/><G54/><T56/><D56/><U129/><E129/><V104/><F104/><W91/><REACH who="3" step="1"/><G99/><REACH who="3" ten="390,140,194,266" step="2"/><T35/><D35/><U78/><E96/><V58/><F133/><W44/><G44/><T94/><D80/><U23/><E47/><V18/><F135/><W66/><G66/><T116/><D116/><U128/><E41/><V9/><F5/><W34/><G34/><T90/><D90/><U115/><E115/><V131/><F131/><W85/><AGARI ba="1,1" hai="27,29,32,62,64,71,77,81,85,89,91,92,98,103" machi="85" ten="20,2700,0" yaku="1,1,0,1,7,1,53,0" doraHai="68" doraHaiUra="46" who="3" fromWho="3" sc="390,-8,140,-8,194,-14,266,40" /><INIT seed="3,0,0,5,2,108" ten="382,132,180,306" oya="3" hai0="65,100,49,18,32,94,13,105,110,20,52,6,76" hai1="31,124,123,85,73,112,54,27,34,43,23,87,72" hai2="134,99,117,21,16,81,71,88,59,79,12,96,63" hai3="57,68,69,14,103,131,36,33,40,78,50,37,90"/><W44/><G33/><T95/><D110/><U113/><E123/><V38/><F117/><W89/><G131/><T41/><D32/><U28/><E43/><V120/><F38/><W77/><G103/><T5/><D41/><U107/><E107/><V116/><F116/><W8/><G37/><T11/><D65/><U39/><E39/><V19/><F120/><W64/><G68/><T109/><D109/><U74/><E124/><V35/><F134/><W2/><G2/><T46/><D76/><U101/><E101/><V1/><F1/><W133/><G133/><T42/><D42/><U97/><E97/><V22/><F71/><W29/><G29/><T128/><D128/><U84/><E54/><V60/><F35/><W118/><G118/><T114/><D114/><U106/><E106/><V4/><BYE who="1" /><F4/><W115/><G115/><T61/><D61/><N who="2" m="23626" /><F59/><UN n1="%4D%61%74%75%75%72%61" /><W62/><G78/><T132/><D132/><U70/><REACH who="1" step="1"/><E70/><REACH who="1" ten="382,122,180,306" step="2"/><V15/><F79/><W119/><G77/><T126/><D126/><U98/><E98/><V47/><F47/><W102/><G119/><T93/><D105/><U10/><E10/><V0/><F0/><W121/><G121/><T30/><D100/><U53/><E53/><V92/><F96/><W135/><G102/><T75/><D75/><U51/><E51/><V45/><F45/><W111/><G135/><T17/><D52/><U26/><AGARI ba="0,1" hai="23,26,27,28,31,34,72,73,74,84,85,87,112,113" machi="26" ten="40,8000,1" yaku="1,1,0,1,52,2,53,0" doraHai="108" doraHaiUra="56" who="1" fromWho="1" sc="382,-20,122,90,180,-20,306,-40" /><INIT seed="4,0,0,3,4,103" ten="362,212,160,266" oya="0" hai0="29,43,97,108,57,84,119,118,88,99,95,124,113" hai1="68,21,15,127,102,9,41,2,35,55,7,11,101" hai2="100,98,17,133,131,26,38,60,82,116,6,45,49" hai3="132,37,32,19,18,63,66,96,125,80,14,83,0"/><T30/><D113/><U13/><E35/><V134/><F38/><W34/><G0/><T24/><D124/><U67/><E127/><V36/><F36/><W112/><G125/><T129/><D129/><U104/><E41/><V94/><F131/><W54/><G37/><T114/><D114/><U25/><E68/><V122/><F122/><W71/><G112/><T58/><D108/><U128/><E128/><V91/><F116/><W51/><G132/><T46/><D119/><U69/><E69/><V22/><F6/><W75/><G96/><T50/><D118/><U135/><E67/><V40/><F82/><W85/><G75/><T56/><REACH who="0" step="1"/><D30/><REACH who="0" ten="352,212,160,266" step="2"/><U42/><E135/><V89/><F133/><W27/><G27/><T117/><D117/><U31/><E31/><V59/><REACH who="2" step="1"/><F134/><REACH who="2" ten="352,212,150,266" step="2"/><W48/><G34/><AGARI ba="0,2" hai="24,29,34,43,46,50,56,57,58,84,88,95,97,99" machi="34" ten="40,3900,0" yaku="1,1,54,1,53,0" doraHai="103" doraHaiUra="4" who="0" fromWho="3" sc="352,59,212,0,150,0,266,-39" /><INIT seed="4,1,0,4,4,88" ten="411,212,150,227" oya="0" hai0="128,113,7,2,110,85,45,47,135,92,76,43,90" hai1="52,29,59,86,0,18,44,33,26,8,125,95,132" hai2="35,41,42,107,127,89,31,70,17,74,56,81,102" hai3="134,109,96,61,28,22,30,12,49,78,66,6,13"/><T3/><D113/><U121/><E121/><V80/><F70/><W93/><G109/><T16/><D110/><U15/><E125/><V55/><F127/><W36/><G36/><T21/><D128/><U64/><E132/><V105/><F17/><W24/><G134/><T94/><D135/><U71/><E71/><V118/><F118/><W67/><G6/><T40/><D76/><U72/><E72/><V50/><F81/><W100/><G78/><T32/><D32/><U39/><E0/><V58/><F31/><W126/><G126/><T115/><D115/><U65/><E44/><V116/><F35/><W46/><G30/><T20/><D7/><U14/><E39/><V9/><F9/><W48/><G67/><T79/><D79/><U53/><E53/><V91/><F58/><N who="3" m="37175" /><G48/><T122/><D122/><U25/><E15/><V129/><F129/><W68/><G68/><T130/><D130/><U51/><E26/><V84/><F116/><W101/><G100/><T120/><D120/><U57/><E57/><V103/><F74/><W63/><G63/><T27/><D2/><U111/><E111/><V112/><F112/><W99/><G99/><T19/><D3/><U97/><E86/><N who="2" m="50375" /><F107/><W123/><G123/><T98/><D47/><U4/><E4/><V60/><F105/><W73/><G73/><T77/><D45/><U37/><E37/><V10/><F60/><W133/><G133/><T114/><D114/><U82/><E82/><N who="2" m="49559" /><F10/><W34/><G34/><T1/><D1/><U117/><E117/><V83/><F83/><W104/><G104/><T119/><D119/><RYUUKYOKU ba="1,0" sc="411,-30,212,10,150,10,227,10" hai1="8,14,18,25,29,33,51,52,59,64,65,95,97" hai2="41,42,50,55,56,102,103" hai3="12,13,22,24,28,46,49,93,96,101" /><INIT seed="5,2,0,2,3,94" ten="381,222,160,237" oya="1" hai0="107,32,129,119,35,86,4,19,33,38,31,24,30" hai1="132,87,41,47,85,10,120,74,111,99,17,55,68" hai2="103,15,67,128,12,123,61,113,42,75,102,130,36" hai3="98,96,18,44,9,5,97,40,1,20,79,57,125"/><U73/><E120/><V76/><F123/><W109/><G109/><T23/><D38/><U110/><E68/><V62/><F36/><W84/><G125/><T21/><D107/><U45/><E55/><V34/><F42/><W11/><G11/><T28/><D86/><U93/><E17/><V59/><F34/><N who="0" m="13418" /><D119/><U7/><E132/><V118/><F118/><W90/><G79/><T131/><D4/><U108/><E85/><V16/><F113/><W46/><G57/><T77/><D77/><U91/><E87/><V95/><F15/><W6/><G6/><T135/><N who="0" m="13426" /><T89/><DORA hai="114" /><D89/><U56/><E56/><V81/><F62/><W13/><REACH who="3" step="1"/><G40/><REACH who="3" ten="381,222,160,227" step="2"/><T104/><D135/><U53/><E41/><V133/><F133/><W52/><G52/><T83/><D131/><N who="2" m="50218" /><F95/><AGARI ba="2,1" hai="1,5,9,13,18,20,44,46,84,90,95,96,97,98" machi="95" ten="40,8000,1" yaku="1,1,52,3,53,0" doraHai="94,114" doraHaiUra="37,71" who="3" fromWho="2" sc="381,0,222,0,160,-86,227,96" /><INIT seed="6,0,0,0,4,30" ten="381,222,74,323" oya="2" hai0="121,104,86,83,79,28,65,33,35,126,11,88,15" hai1="84,66,107,14,38,68,27,36,82,128,113,81,59" hai2="13,0,2,114,52,37,102,44,6,31,62,4,112" hai3="71,125,78,29,49,87,64,67,48,25,89,20,80"/><V55/><F102/><W5/><G125/><T77/><D121/><U3/><E68/><V56/><F31/><W51/><G71/><T42/><D104/><U133/><E3/><V46/><F13/><W54/><G5/><T39/><D126/><U90/><E107/><V94/><F94/><W108/><G108/><T98/><D65/><N who="3" m="25161" /><G78/><T32/><D28/><U100/><E100/><V12/><F12/><W9/><G9/><T24/><D24/><U115/><E27/><V129/><F62/><W50/><G50/><T21/><D21/><U91/><E82/><V34/><F56/><AGARI ba="0,0" hai="20,25,29,48,49,51,54,56,80,87,89" m="25161" machi="56" ten="30,1000,0" yaku="8,1" doraHai="30" who="3" fromWho="2" sc="381,0,222,0,74,-10,323,10" /><INIT seed="7,0,0,2,2,75" ten="381,222,64,333" oya="3" hai0="48,15,70,46,10,131,108,38,77,68,8,122,12" hai1="45,99,17,91,115,93,124,107,30,71,121,128,132" hai2="90,84,59,100,130,50,60,34,127,119,95,101,85" hai3="21,62,25,54,123,40,9,42,1,120,94,26,32"/><W105/><G105/><T43/><D108/><U88/><E71/><V69/><F34/><W78/><G32/><T118/><D118/><U87/><E121/><V112/><F69/><W5/><G94/><T19/><D122/><U79/><E115/><V49/><F49/><W51/><G26/><T35/><D35/><U126/><E30/><V58/><F50/><W113/><G113/><T64/><D131/><U65/><E65/><V103/><F60/><W6/><G6/><T66/><D70/><U56/><E45/><V53/><F53/><W116/><G116/><T24/><D68/><U18/><E56/><V135/><F59/><W52/><G62/><T11/><D38/><U106/><E128/><V67/><F58/><W125/><G125/><T28/><D77/><U31/><E31/><V39/><F67/><N who="0" m="25642" /><D28/><U7/><E7/><V14/><F14/><N who="0" m="5162" /><D24/><U72/><E132/><V114/><F39/><W73/><G120/><T86/><D86/><U57/><E57/><V110/><F119/><W98/><G98/><T81/><D81/><U2/><E2/><V96/><F110/><W102/><G102/><T129/><D129/><U63/><E63/><V41/><F130/><W22/><G123/><T111/><D111/><U23/><E23/><N who="3" m="8714" /><G25/><T92/><D92/><N who="1" m="56735" /><E18/><AGARI ba="0,0" hai="8,10,11,18,19,43,46,48" m="5162,25642" machi="18" ten="30,1000,0" yaku="8,1" doraHai="75" who="0" fromWho="1" sc="381,10,222,-10,64,0,333,0" owari="391,50.0,212,-19.0,64,-44.0,333,13.0" /></mjloggm>