<mjloggm ver="2.3"><GO type="185" lobby="0"/><UN n0="%58%65%6C%65%72%61%74%6F" n1="%E5%A4%9A%E6%9E%97%E6%99%8B" n2="%E8%8B%A6%E3%81%84%E5%BE%85%E3%81%A4" n3="" dan="16,16,16,0" rate="2173.64,2173.96,2139.30,1500.00" sx="F,M,M,C"/><TAIKYOKU oya="0"/><INIT seed="0,0,0,5,4,80" ten="350,350,350,0" oya="0" hai0="132,120,108,68,109,41,62,102,58,123,47,118,106" hai1="51,64,32,52,87,104,100,101,59,66,116,50,121" hai2="3,82,43,71,111,45,61,103,70,54,113,89,2" hai3=""/><T88/><N who="0" m="30752" /><T49/><N who="0" m="31520" /><T124/><D118/><U60/><N who="1" m="31008" /><U67/><E32/><V84/><F113/><T57/><D124/><U1/><E1/><V35/><F35/><T77/><D132/><U128/><E116/><V46/><F111/><N who="0" m="42570" /><D77/><U76/><E128/><V107/><F54/><T133/><D133/><U126/><E126/><V90/><F90/><T135/><D135/><U99/><REACH who="1" step="1"/><E101/><REACH who="1" ten="350,340,350,0" step="2"/><V37/><F103/><T53/><D88/><U42/><E42/><V119/><F3/><T117/><D117/><U125/><E125/><V112/><F2/><T110/><D110/><U130/><E130/><V94/><F119/><T129/><D129/><U98/><E98/><V40/><F40/><T72/><D41/><U69/><E69/><V44/><F71/><T114/><D114/><U0/><E0/><V105/><F112/><T134/><D134/><U33/><E33/><V38/><F43/><T85/><D68/><U55/><E55/><V97/><F70/><T48/><D102/><U63/><E63/><V56/><F61/><T131/><D62/><U34/><E34/><V115/><F115/><T91/><D131/><U73/><E73/><V127/><F127/><T81/><D53/><U96/><E96/><RYUUKYOKU ba="0,1" sc="350,-10,340,20,350,-10,0,0" hai1="50,51,52,59,60,64,66,67,76,87,99,100,104" /><INIT seed="1,1,1,5,2,82" ten="340,360,340,0" oya="1" hai0="1,52,57,54,83,93,53,66,60,35,63,41,94" hai1="114,3,67,91,0,90,56,68,76,112,42,46,110" hai2="126,88,79,61,55,78,117,129,71,113,122,40,32" hai3=""/><U95/><E68/><V81/><N who="2" m="31264" /><V103/><F32/><T69/><D35/><U89/><E110/><V120/><N who="2" m="30752" /><V131/><F117/><T133/><D1/><U34/><E34/><V98/><F40/><T39/><D133/><U75/><E75/><V44/><F113/><T49/><D83/><U51/><E76/><V59/><F71/><T118/><D118/><U134/><E134/><V87/><F126/><T58/><D54/><U108/><E108/><V102/><F44/><AGARI ba="1,1" hai="39,41,44,49,52,53,57,58,60,63,66,69,93,94" machi="44" ten="40,5200,0" yaku="24,2,54,1" doraHai="82" who="0" fromWho="2" sc="340,64,360,0,340,-54,0,0" /><INIT seed="2,0,0,3,5,79" ten="404,360,286,0" oya="2" hai0="107,61,102,36,87,109,59,34,64,53,38,85,89" hai1="134,97,133,54,67,106,130,0,81,39,50,49,82" hai2="73,115,65,60,43,75,94,40,48,126,108,125,32" hai3=""/><V98/><F32/><T119/><D34/><U93/><E0/><V44/><F115/><T41/><D119/><U70/><E39/><V105/><F105/><T86/><D109/><U78/><E106/><V122/><N who="2" m="31264" /><V91/><F43/><T51/><D102/><U128/><E49/><V110/><F75/><T56/><D107/><U113/><E113/><V95/><F95/><T131/><D131/><N who="1" m="50219" /><E67/><V1/><F73/><T68/><D59/><U35/><E70/><V3/><F3/><T104/><D104/><U132/><E78/><V52/><F40/><T2/><D2/><U124/><E35/><V58/><REACH who="2" step="1"/><F1/><REACH who="2" ten="404,360,276,0" step="2"/><T72/><D72/><U127/><E93/><V117/><F117/><T114/><D114/><U76/><E97/><V120/><N who="2" m="30752" /><V55/><F55/><T57/><D41/><U71/><E71/><V47/><F47/><T103/><D68/><U112/><E112/><V90/><F90/><T92/><D103/><U69/><E69/><V83/><F83/><N who="1" m="31753" /><E76/><V37/><F37/><T84/><AGARI ba="0,1" hai="36,38,51,53,56,57,61,64,84,85,86,87,89,92" machi="84" ten="30,800,0" yaku="0,1" doraHai="79" who="0" fromWho="0" sc="404,18,360,-3,276,-5,0,0" /><INIT seed="4,0,0,0,5,82" ten="422,357,271,0" oya="0" hai0="2,92,65,0,122,59,57,91,35,98,55,61,87" hai1="46,132,106,33,48,32,110,109,78,131,124,77,117" hai2="41,108,69,63,76,133,120,54,34,84,89,86,56" hai3=""/><T38/><N who="0" m="31264" /><T52/><D38/><U121/><N who="1" m="31008" /><U102/><E117/><V95/><N who="2" m="30752" /><V129/><F34/><T64/><D35/><U47/><E131/><V75/><F129/><T42/><D42/><U112/><E132/><V115/><F133/><T90/><D64/><U88/><E124/><V36/><F108/><T83/><D65/><U68/><E68/><V100/><F115/><T104/><D104/><U73/><E112/><V44/><F69/><T123/><N who="0" m="31520" /><T134/><D134/><U72/><E106/><V67/><F100/><T60/><AGARI ba="0,0" hai="0,2,52,55,57,59,60,61,83,87,90,91,92,98" m="31520,31264" machi="60" ten="20,12000,2" yaku="0,1,7,1,9,1,52,3,54,1" doraHai="82" who="0" fromWho="0" sc="422,120,357,-60,271,-60,0,0" /><INIT seed="4,1,0,1,0,75" ten="542,297,211,0" oya="0" hai0="36,80,96,49,3,112,98,107,37,54,66,76,132" hai1="102,117,51,38,127,116,72,71,108,87,81,95,89" hai2="47,109,111,0,100,32,94,104,52,39,130,93,79" hai3=""/><T121/><N who="0" m="31008" /><T113/><D66/><U42/><E71/><V33/><F0/><T128/><D128/><U125/><E108/><V91/><F130/><T124/><D124/><N who="1" m="47691" /><E38/><V115/><F111/><T120/><N who="0" m="30752" /><T40/><D132/><U131/><E131/><V114/><F109/><T74/><D3/><U59/><E59/><V46/><F39/><T63/><D63/><U92/><E102/><V78/><F100/><T2/><D2/><U1/><E1/><V73/><F73/><T64/><D64/><U101/><E101/><V99/><F104/><T61/><D107/><U122/><N who="1" m="31264" /><U82/><E42/><V58/><F32/><T55/><D61/><U133/><E51/><V85/><F33/><T43/><D49/><U41/><E41/><V57/><F57/><T68/><D68/><U119/><E133/><V53/><F58/><T56/><D56/><U84/><E72/><V88/><F46/><T123/><N who="0" m="31520" /><T110/><D110/><U70/><E70/><V97/><F47/><T67/><D67/><U45/><E45/><V77/><F53/><T35/><D35/><U62/><E62/><V103/><F52/><T134/><D134/><U83/><E116/><V69/><F69/><T118/><D36/><RYUUKYOKU ba="1,0" sc="542,-20,297,10,211,10,0,0" hai1="81,82,83,84,87,89,92,95,117,119" hai2="77,78,79,85,88,91,93,94,97,99,103,114,115" /><INIT seed="5,2,0,0,4,91" ten="522,307,221,0" oya="1" hai0="97,83,104,119,74,109,93,133,111,44,41,130,0" hai1="62,36,81,106,103,100,120,42,128,90,53,122,89" hai2="55,72,84,39,108,61,101,87,113,98,132,116,78" hai3=""/><U112/><N who="1" m="30752" /><U37/><N who="1" m="31264" /><U117/><E117/><V70/><F116/><T82/><D104/><U40/><E128/><V96/><F39/><T80/><D74/><U50/><E62/><V75/><F108/><T102/><D0/><U51/><E53/><V126/><F132/><T131/><D133/><U38/><E112/><V46/><F126/><T88/><D102/><N who="1" m="38955" /><E81/><V45/><F113/><T85/><D119/><U134/><E106/><V57/><F70/><T129/><D111/><U60/><E60/><V52/><F61/><T66/><D109/><U35/><E35/><V110/><F110/><T48/><D66/><U34/><E34/><V47/><F47/><T77/><AGARI ba="2,0" hai="41,44,48,77,80,82,83,85,88,93,97,129,130,131" machi="77" ten="30,5900,0" yaku="0,1,19,1,52,1,54,1" doraHai="91" who="0" fromWho="0" sc="522,63,307,-41,221,-22,0,0" /><INIT seed="6,0,0,2,4,49" ten="585,266,199,0" oya="2" hai0="70,76,51,121,108,130,103,40,125,71,1,73,55" hai1="62,2,96,116,129,122,46,68,106,132,85,120,34" hai2="48,63,83,114,88,99,126,91,80,35,74,128,42" hai3=""/><V101/><F35/><T127/><D108/><U133/><N who="1" m="30752" /><U110/><N who="1" m="31264" /><U43/><E34/><V47/><F114/><T69/><D130/><U92/><E2/><V56/><F128/><T59/><N who="0" m="31008" /><T58/><D1/><U98/><E129/><V93/><F126/><T50/><D103/><U33/><E33/><V81/><REACH who="2" step="1"/><F74/><REACH who="2" ten="585,266,189,0" step="2"/><T77/><D73/><U100/><E110/><V39/><F39/><T64/><D125/><U32/><E32/><V72/><F72/><T95/><D127/><U57/><E116/><V89/><F89/><T0/><D0/><U45/><E133/><V134/><F134/><T66/><D76/><U3/><E3/><V38/><F38/><T102/><D77/><U118/><E118/><V94/><F94/><T84/><D95/><U41/><E132/><V65/><AGARI ba="0,1" hai="42,47,48,56,63,65,80,81,83,88,91,93,99,101" machi="65" ten="30,7800,0" yaku="1,1,0,1,8,1,54,1,53,0" doraHai="49" doraHaiUra="124" who="2" fromWho="2" sc="585,-39,266,-39,189,88,0,0" /><INIT seed="6,1,0,5,0,128" ten="546,227,277,0" oya="2" hai0="34,58,80,46,3,101,98,33,83,127,78,91,73" hai1="72,93,92,121,120,52,50,110,104,79,64,125,53" hai2="1,51,111,35,47,103,66,60,105,96,115,75,39" hai3=""/><V107/><F1/><T85/><D127/><U56/><N who="1" m="30752" /><U57/><N who="1" m="31008" /><U48/><E104/><V116/><F35/><T94/><D3/><U117/><E125/><V71/><F111/><T61/><D46/><U49/><E110/><V54/><F116/><T65/><AGARI ba="1,0" hai="33,34,58,61,65,73,78,80,83,85,91,94,98,101" machi="65" ten="20,1100,0" yaku="0,1,7,1" doraHai="128" who="0" fromWho="0" sc="546,13,227,-5,277,-8,0,0" owari="559,51.0,222,-38.0,269,-13.0,0,0.0" /></mjloggm>