<mjloggm ver="2.3"><GO type="169" lobby="0"/><UN n0="%E3%81%BF%E3%81%A3%E3%81%8D%E3%83%BC" n1="%E3%83%95%E3%82%A1%E3%83%AA%E3%82%B9" n2="%28%3B%E3%83%BB%E2%88%80%E3%83%BB%29" n3="%E8%B5%A4%E5%9F%8E%E3%81%BF%E3%82%8A%E3%81%82" dan="17,16,16,16" rate="2202.24,2126.71,2187.89,2128.18" sx="M,F,M,F"/><TAIKYOKU oya="0"/><INIT seed="0,0,0,4,5,55" ten="250,250,250,250" oya="0" hai0="123,95,21,37,36,8,74,102,65,10,94,129,66" hai1="82,32,96,125,104,128,71,98,22,135,14,67,48" hai2="78,25,63,53,132,113,100,72,4,118,16,56,18" hai3="57,81,34,106,101,80,115,43,91,90,64,59,44"/><T60/><D123/><U33/><E135/><V9/><F113/><W35/><G64/><T46/><D74/><U86/><E128/><V116/><F132/><W130/><G115/><T120/><D120/><U99/><E104/><V122/><F122/><W3/><G3/><T39/><D129/><U107/><E107/><V50/><F100/><W119/><G119/><N who="2" m="45609" /><F72/><W133/><G133/><T88/><D46/><U93/><E93/><V79/><F50/><W127/><G130/><T75/><D75/><U5/><E48/><V24/><F24/><W109/><G109/><T7/><D102/><U87/><E98/><V28/><F79/><W69/><G69/><T92/><D21/><U103/><E99/><V126/><F78/><W58/><G101/><T54/><D88/><N who="3" m="33833" /><G106/><T12/><REACH who="0" step="1"/><D10/><REACH who="0" ten="240,250,250,250" step="2"/><U108/><E103/><V20/><F126/><W124/><G44/><T13/><D13/><AGARI ba="0,1" hai="4,9,13,16,18,20,25,28,53,56,63" m="45609" machi="13" ten="30,3900,0" yaku="12,1,52,1,54,1" doraHai="55" who="2" fromWho="0" sc="240,-39,250,0,250,49,250,0" /><INIT seed="1,0,0,5,0,93" ten="201,250,299,250" oya="1" hai0="121,100,108,49,63,60,79,125,7,132,94,117,3" hai1="1,15,46,73,107,9,45,29,37,118,59,115,40" hai2="55,33,42,64,76,17,16,0,120,109,90,130,99" hai3="23,66,131,82,110,47,44,122,114,32,56,28,8"/><U96/><E115/><V92/><F120/><W75/><G32/><T129/><D49/><U72/><E118/><V31/><F0/><W88/><G75/><T80/><D60/><U124/><E124/><V22/><F109/><W67/><G122/><T20/><D63/><U6/><E29/><V95/><F130/><W57/><G114/><T27/><D20/><U112/><E112/><V123/><F123/><W71/><G71/><T86/><D27/><U126/><E126/><V24/><F76/><W19/><G110/><T21/><D21/><U54/><E46/><N who="3" m="17450" /><G28/><T97/><D7/><U48/><REACH who="1" step="1"/><E1/><REACH who="1" ten="201,240,299,250" step="2"/><V18/><F42/><W85/><G131/><T34/><D3/><U2/><E2/><V10/><F64/><W39/><G67/><T128/><D125/><U106/><E106/><V127/><F127/><W12/><G66/><T98/><D117/><U14/><E14/><N who="2" m="7255" /><F33/><W58/><G39/><T81/><D108/><U111/><E111/><V53/><F55/><W105/><G105/><N who="0" m="63631" /><D121/><U38/><E38/><V134/><F53/><W91/><G8/><T70/><D34/><U25/><E25/><V101/><F134/><W68/><G68/><T52/><D70/><U65/><E65/><V61/><F61/><W133/><G133/><T116/><D52/><U78/><E78/><AGARI ba="0,1" hai="12,19,23,56,57,58,78,82,85,88,91" m="17450" machi="78" ten="30,2000,0" yaku="8,1,54,1" doraHai="93" who="3" fromWho="1" sc="201,0,240,-20,299,0,250,30" /><INIT seed="2,0,0,2,0,6" ten="201,220,299,280" oya="2" hai0="1,75,15,77,105,73,81,67,39,131,16,24,68" hai1="82,112,66,102,5,23,11,34,103,90,114,106,31" hai2="108,113,93,58,26,72,78,99,55,0,38,41,21" hai3="19,2,84,117,63,119,36,74,96,118,42,44,132"/><V45/><F113/><W35/><G74/><T121/><D121/><U104/><E34/><V69/><F69/><W98/><G35/><T80/><D1/><U43/><E66/><V48/><F0/><W40/><G2/><T123/><D123/><U59/><E59/><V25/><F108/><W134/><G42/><T52/><D105/><U9/><E43/><V62/><F72/><W87/><G63/><T92/><D39/><U135/><E5/><V88/><F78/><W18/><G87/><T126/><D126/><U109/><E109/><V86/><F21/><W22/><G84/><T129/><D24/><U50/><E50/><V47/><REACH who="2" step="1"/><F99/><REACH who="2" ten="201,220,289,280" step="2"/><N who="3" m="37931" /><G22/><T8/><D73/><U111/><E23/><V97/><F97/><W110/><G110/><T32/><D75/><U17/><E111/><V27/><F27/><W79/><G79/><T116/><D77/><U94/><E112/><V83/><F83/><W95/><G95/><T33/><D92/><U115/><E94/><V71/><F71/><W53/><G118/><T125/><D116/><U76/><E82/><V57/><F57/><W49/><G117/><T29/><D80/><U91/><E76/><V100/><F100/><W14/><G119/><T20/><D81/><U10/><E114/><V64/><AGARI ba="0,1" hai="25,26,38,41,45,47,48,55,58,62,64,86,88,93" machi="64" ten="20,7800,0" yaku="1,1,0,1,7,1,54,1,53,0" doraHai="6" doraHaiUra="65" who="2" fromWho="2" sc="201,-26,220,-26,289,88,280,-26" /><INIT seed="2,1,0,5,4,22" ten="175,194,377,254" oya="2" hai0="12,25,97,27,74,34,85,120,131,54,58,112,111" hai1="77,55,122,114,66,106,32,88,49,51,45,100,72" hai2="24,28,53,105,68,44,0,7,30,11,87,41,64" hai3="42,71,60,62,67,113,37,75,107,76,129,86,93"/><V124/><F105/><W99/><G129/><T8/><D120/><U101/><E114/><V13/><F124/><W117/><G117/><T2/><D112/><U108/><E108/><V94/><F30/><W115/><G42/><T29/><D74/><U109/><E109/><V56/><F68/><W119/><G37/><T84/><D111/><U125/><E66/><V18/><F64/><W116/><G60/><T6/><D131/><U4/><E4/><V39/><F94/><W104/><G104/><T57/><D57/><U15/><E32/><V48/><F87/><W19/><G19/><T102/><D25/><U50/><E125/><V21/><REACH who="2" step="1"/><F28/><REACH who="2" ten="175,194,367,254" step="2"/><W70/><G70/><T46/><D29/><U33/><E106/><V26/><AGARI ba="1,1" hai="0,7,11,13,18,21,24,26,39,41,44,48,53,56" machi="26" ten="30,18000,2" yaku="1,1,2,1,0,1,52,2,53,1" doraHai="22" doraHaiUra="35" who="2" fromWho="2" sc="175,-61,194,-61,367,193,254,-61" /><INIT seed="2,2,0,0,4,131" ten="114,133,560,193" oya="2" hai0="73,105,77,89,75,128,101,114,79,47,70,126,52" hai1="42,17,124,92,4,48,61,2,36,37,99,72,132" hai2="83,71,12,8,109,7,43,76,103,134,88,74,78" hai3="96,106,107,111,31,54,13,18,1,115,24,84,120"/><V82/><F71/><W30/><G1/><T55/><D70/><U38/><E72/><N who="0" m="27721" /><D47/><U90/><E124/><V25/><F103/><W46/><G120/><T104/><D114/><U49/><E61/><V10/><F43/><W125/><G125/><T53/><D101/><U60/><E60/><V113/><F74/><W62/><G115/><T121/><D126/><U67/><E67/><V110/><F113/><W15/><G96/><T6/><D6/><U29/><E29/><V32/><F25/><W102/><G102/><T44/><D89/><U26/><E4/><V51/><F7/><W91/><G111/><T28/><D44/><U122/><E2/><V65/><F51/><W34/><G31/><T41/><D28/><U23/><E122/><V112/><F112/><W130/><G130/><T87/><D121/><U118/><E48/><V3/><F3/><W133/><G15/><T9/><D41/><U20/><E49/><V45/><F45/><W58/><G46/><T81/><D128/><U93/><E42/><V63/><F12/><W40/><G40/><T11/><D79/><U119/><E37/><V50/><F76/><W69/><G69/><T97/><D97/><U64/><E38/><V108/><F78/><W85/><G85/><T35/><D35/><U21/><E36/><V39/><F32/><W22/><G106/><N who="0" m="41067" /><D11/><U127/><E127/><V27/><F10/><W129/><G107/><T95/><D9/><U117/><E99/><V123/><F8/><W86/><G129/><T0/><D0/><U116/><E116/><V14/><F123/><W94/><G86/><RYUUKYOKU ba="2,0" sc="114,15,133,-15,560,-15,193,15" hai0="52,53,55,77,81,87,95" hai3="13,18,22,24,30,34,54,58,62,84,91,94,133" /><INIT seed="3,3,0,1,2,4" ten="129,118,545,208" oya="3" hai0="120,90,111,8,78,87,27,123,116,1,11,46,124" hai1="43,122,2,18,109,23,12,88,101,22,107,50,91" hai2="71,19,82,14,17,84,106,130,51,69,55,53,35" hai3="121,47,113,94,5,9,54,21,41,80,110,62,42"/><W33/><G33/><T114/><D116/><U125/><E122/><V100/><F35/><W77/><G113/><T36/><D1/><U134/><E2/><V126/><F106/><W117/><G117/><T85/><D36/><U15/><E134/><V79/><F100/><W30/><G121/><T44/><D114/><U13/><E125/><V16/><F126/><W52/><G110/><T81/><D111/><U74/><E74/><V98/><F98/><W93/><G30/><T118/><D118/><U67/><E67/><V58/><F130/><W28/><G21/><T7/><D7/><U105/><E109/><V26/><F26/><W119/><G28/><T40/><D124/><U70/><E70/><V131/><F131/><W0/><G119/><T83/><D120/><U103/><E12/><V49/><REACH who="2" step="1"/><F14/><REACH who="2" ten="129,118,535,208" step="2"/><W89/><G0/><T37/><D123/><U129/><E129/><V39/><F39/><W108/><G108/><T64/><D27/><U45/><E107/><V68/><F68/><W135/><G135/><T20/><D37/><U32/><E105/><V96/><F96/><W102/><G102/><N who="1" m="38922" /><E32/><V128/><F128/><W72/><G94/><T133/><D133/><U76/><E13/><V132/><F132/><W99/><G99/><T60/><D83/><U73/><E15/><V66/><F66/><W24/><G93/><T6/><D64/><U38/><E38/><V65/><F65/><W57/><G80/><T56/><D81/><U31/><E73/><V86/><F86/><W104/><G72/><T10/><D85/><U61/><E76/><V48/><F48/><RYUUKYOKU ba="3,1" sc="129,-10,118,-10,535,30,208,-10" hai2="16,17,19,49,51,53,55,58,69,71,79,82,84" /><INIT seed="4,4,1,2,5,20" ten="119,108,565,198" oya="0" hai0="61,43,103,135,121,22,1,5,27,129,100,99,74" hai1="30,124,109,93,63,114,127,108,0,10,14,19,87" hai2="73,56,4,15,62,112,49,52,91,45,97,34,48" hai3="113,3,116,76,75,118,64,31,55,131,133,123,111"/><T94/><D121/><U69/><E114/><V119/><F73/><W130/><G64/><T126/><D126/><N who="1" m="48171" /><E0/><V83/><F34/><W86/><G86/><T26/><D135/><U51/><E51/><V134/><F112/><W84/><G84/><T125/><D125/><U23/><E69/><V35/><F35/><W80/><G55/><T39/><D74/><U11/><E63/><V33/><F33/><W6/><G113/><T42/><D129/><N who="3" m="49161" /><G31/><T88/><D39/><U58/><E58/><V66/><F134/><W60/><G60/><T24/><D61/><U59/><E59/><V37/><F119/><N who="3" m="45611" /><G133/><T41/><REACH who="0" step="1"/><D22/><REACH who="0" ten="109,108,565,198" step="2"/><U90/><E10/><AGARI ba="4,2" hai="1,5,10,24,26,27,41,42,43,88,94,99,100,103" machi="10" ten="40,18000,2" yaku="1,1,2,1,52,3,54,1,53,0" doraHai="20" doraHaiUra="78" who="0" fromWho="1" sc="109,212,108,-192,565,0,198,0" owari="321,12.0,-84,-58.0,565,66.0,198,-20.0" /></mjloggm>