<mjloggm ver="2.3"><GO type="169" lobby="0"/><UN n0="%E3%82%8A%E3%82%86%E3%83%BC" n1="%E3%83%9D%E3%83%B3%E3%83%89%E3%83%AB" n2="%73%69%6E%34%36" n3="%E7%8B%82%E7%8A%AC" dan="17,16,16,16" rate="2255.01,2043.88,2161.29,2129.94" sx="M,M,M,M"/><TAIKYOKU oya="0"/><INIT seed="0,0,0,2,0,25" ten="250,250,250,250" oya="0" hai0="64,26,30,1,68,19,74,57,97,9,123,40,71" hai1="27,109,16,43,8,24,50,14,95,124,127,94,38" hai2="82,99,125,73,62,126,114,110,111,84,56,6,86" hai3="17,72,100,102,80,131,128,3,133,81,79,61,130"/><T119/><D119/><U32/><E38/><V36/><F36/><W41/><G3/><T132/><D123/><U39/><E39/><V44/><F44/><W28/><G41/><T113/><D113/><U108/><E50/><V118/><F56/><W4/><G4/><T105/><D40/><U60/><E60/><V78/><F62/><W37/><G37/><T54/><D74/><U101/><E43/><V70/><F6/><W51/><G133/><T52/><D132/><U93/><E101/><V11/><F11/><W89/><G17/><T85/><D85/><N who="2" m="32874" /><F70/><W96/><G89/><T92/><D105/><U35/><E27/><V117/><F99/><W134/><G134/><T15/><D1/><U22/><E35/><V45/><F45/><W20/><G81/><T59/><D71/><U2/><E32/><V135/><F114/><W23/><G51/><T69/><D69/><U122/><E2/><V53/><F53/><N who="0" m="20586" /><D64/><U106/><E106/><V116/><F135/><W7/><G7/><T98/><D98/><U104/><E104/><V63/><F63/><W65/><G96/><T121/><D68/><U75/><E75/><V107/><F107/><W12/><G65/><T112/><D112/><U42/><E42/><V87/><N who="2" m="32882" /><V90/><DORA hai="47" /><F90/><W10/><G61/><T67/><D67/><U48/><E122/><V58/><F58/><W103/><G131/><T88/><D121/><U18/><REACH who="1" step="1"/><E48/><REACH who="1" ten="250,240,250,250" step="2"/><V55/><F55/><W91/><G130/><T13/><D13/><U34/><E34/><V76/><F78/><W77/><G128/><T0/><D0/><RYUUKYOKU ba="0,1" sc="250,10,240,10,250,10,250,-30" hai0="9,15,19,26,30,57,59,88,92,97" hai1="8,14,16,18,22,24,93,94,95,108,109,124,127" hai2="73,76,82,110,111,116,117,118,125,126" /><INIT seed="0,1,1,0,3,107" ten="260,250,260,220" oya="0" hai0="16,113,57,127,64,84,59,82,38,48,70,80,55" hai1="28,21,19,98,87,68,17,92,123,132,101,99,95" hai2="73,42,12,133,93,7,89,39,34,124,71,11,65" hai3="47,27,120,128,6,23,76,106,135,77,129,72,22"/><T103/><D113/><U86/><E68/><V3/><F34/><W88/><G106/><T60/><D127/><U112/><E123/><V83/><F124/><W33/><G120/><T116/><D116/><U45/><E112/><V40/><F133/><W102/><G102/><T130/><D130/><N who="3" m="50281" /><G135/><T13/><D103/><U51/><E28/><V20/><F71/><W41/><G6/><T105/><D105/><U66/><E66/><V109/><F65/><W24/><G33/><T131/><D131/><U96/><E17/><V94/><F109/><W43/><G88/><T0/><D0/><U134/><E134/><V56/><F94/><N who="1" m="35881" /><E101/><V114/><F114/><W46/><G72/><T125/><D125/><U108/><E108/><V100/><F100/><W9/><G9/><T91/><D38/><U10/><E10/><V49/><F20/><N who="3" m="7723" /><G46/><T25/><D25/><N who="3" m="9801" /><G47/><T15/><D70/><U78/><E78/><AGARI ba="1,1" hai="41,43,76,77,78" m="9801,7723,50281" machi="78" ten="30,3900,0" yaku="28,2,19,1" doraHai="107" who="3" fromWho="1" sc="260,0,250,-42,260,0,220,52" /><INIT seed="1,0,0,0,2,60" ten="260,208,260,272" oya="1" hai0="75,40,118,55,35,92,38,5,15,64,10,31,108" hai1="96,32,134,131,126,4,11,109,12,2,88,121,24" hai2="49,94,113,54,27,30,6,0,23,71,59,77,51" hai3="133,3,99,115,79,130,103,33,20,42,95,125,70"/><U45/><E121/><V123/><F123/><W53/><G115/><T7/><D118/><U111/><E126/><V63/><F113/><W8/><G33/><T97/><D75/><U29/><E134/><V129/><F129/><W26/><G133/><T89/><D108/><N who="1" m="41547" /><E45/><V36/><F36/><W124/><G130/><T91/><D38/><U105/><E131/><V82/><F94/><W57/><G70/><T62/><D40/><U41/><E41/><V102/><F102/><W84/><G42/><T83/><D55/><U74/><E74/><V46/><F6/><W80/><G8/><T104/><D104/><U37/><E37/><V17/><F0/><W61/><REACH who="3" step="1"/><G3/><REACH who="3" ten="260,208,260,262" step="2"/><T78/><D35/><U16/><E105/><V22/><F71/><W81/><G81/><T21/><D83/><U135/><E135/><V117/><F117/><W93/><G93/><T86/><D92/><N who="1" m="56327" /><E2/><V110/><F110/><W73/><G73/><T47/><D5/><AGARI ba="0,1" hai="4,5,11,12,16,24,29,32" m="56327,41547" machi="5" ten="30,11600,0" yaku="14,1,10,1,54,2" doraHai="60" who="1" fromWho="0" sc="260,-116,208,126,260,0,262,0" /><INIT seed="1,1,0,5,3,44" ten="144,334,260,262" oya="1" hai0="52,13,4,19,49,54,17,55,98,108,126,32,120" hai1="96,76,10,47,34,56,53,35,39,6,91,118,115" hai2="20,94,65,84,42,71,83,77,105,81,78,28,61" hai3="135,130,124,23,119,40,109,67,63,5,73,87,31"/><U122/><E118/><V30/><F105/><W21/><G73/><T128/><D108/><U16/><E122/><V46/><F94/><W3/><G109/><T25/><D120/><U72/><E115/><V95/><F95/><W66/><G130/><T50/><D128/><U60/><E72/><V15/><F20/><W104/><G104/><T14/><D126/><U37/><E76/><V102/><F102/><W62/><G135/><T103/><D4/><U45/><E39/><V117/><F15/><N who="0" m="5642" /><D32/><U1/><E16/><N who="0" m="6217" /><D25/><U22/><E22/><V92/><F92/><AGARI ba="1,0" hai="49,50,52,54,55,92,98,103" m="6217,5642" machi="92" ten="30,8000,1" yaku="8,1,52,2,54,2" doraHai="44" who="0" fromWho="2" sc="144,83,334,0,260,-83,262,0" /><INIT seed="2,0,0,2,2,46" ten="227,334,177,262" oya="2" hai0="38,114,54,134,31,16,125,6,67,82,130,51,36" hai1="102,24,11,71,68,32,9,15,66,88,8,129,69" hai2="84,98,94,52,3,133,101,18,120,64,89,91,117" hai3="65,76,57,121,113,75,33,2,109,56,0,22,103"/><V39/><F120/><W122/><G33/><T108/><D114/><U5/><E102/><V17/><F117/><W44/><G113/><T90/><D108/><U123/><E123/><V80/><F39/><W25/><G109/><T1/><D134/><U112/><E112/><V97/><F3/><W115/><G115/><T131/><D31/><U107/><E107/><V40/><F40/><W7/><G103/><T118/><D67/><U19/><E66/><V43/><F43/><W70/><G65/><T85/><D125/><U48/><E129/><N who="0" m="49161" /><D118/><U106/><E106/><V27/><F133/><W35/><G44/><N who="0" m="28007" /><D16/><N who="2" m="6250" /><F64/><W28/><G35/><T124/><D124/><U58/><E32/><V105/><F27/><W119/><G119/><T93/><D93/><U55/><E24/><V92/><F105/><W77/><G25/><T53/><D53/><AGARI ba="0,0" hai="52,53,80,84,89,91,92,94,97,98,101" m="6250" machi="53" ten="30,5800,0" yaku="8,1,54,2" doraHai="46" who="2" fromWho="0" sc="227,-58,334,0,177,58,262,0" /><INIT seed="2,1,0,5,2,91" ten="169,334,235,262" oya="2" hai0="109,115,130,94,2,116,81,47,71,79,83,14,42" hai1="62,60,51,87,72,128,96,133,27,13,46,12,123" hai2="117,18,36,50,110,100,99,103,22,120,35,65,132" hai3="59,58,106,10,54,80,43,24,31,77,86,34,33"/><V134/><F36/><W66/><G106/><T45/><D115/><U67/><E123/><V74/><F35/><W118/><G118/><T105/><D116/><U98/><E72/><V82/><F117/><W4/><G43/><T70/><D105/><U84/><E133/><N who="2" m="51307" /><F120/><W44/><G66/><T108/><D2/><U11/><E27/><N who="2" m="14807" /><F65/><W64/><G64/><T114/><D114/><U52/><E128/><V76/><F110/><N who="0" m="42602" /><D130/><U102/><E98/><V21/><F50/><W30/><G44/><N who="0" m="16971" /><D42/><U111/><E111/><V119/><F119/><W6/><G59/><T121/><D121/><U75/><E75/><V68/><F68/><N who="0" m="26154" /><D79/><U1/><E102/><V8/><F8/><W53/><G58/><T92/><D14/><U95/><E96/><V127/><F127/><W19/><G34/><T97/><D97/><U125/><E125/><V26/><F99/><W129/><G33/><T5/><D5/><U20/><E87/><V126/><F126/><W135/><G129/><T61/><D61/><U7/><E67/><V124/><F124/><W107/><G135/><T73/><D73/><U39/><E39/><V63/><F63/><W17/><G107/><T101/><D101/><U49/><E62/><V104/><F104/><W37/><G37/><T25/><D25/><U15/><E60/><V113/><F113/><W3/><G24/><T78/><D78/><U131/><E131/><V48/><F48/><W88/><G77/><T89/><D89/><N who="1" m="53671" /><E51/><V32/><F32/><W16/><G4/><T90/><D90/><U28/><E1/><V93/><F93/><AGARI ba="1,0" hai="81,83,92,93,94" m="26154,16971,42602" machi="93" ten="40,12000,2" yaku="28,2,14,1,52,3" doraHai="91" who="0" fromWho="2" sc="169,123,334,0,235,-123,262,0" /><INIT seed="3,0,0,0,0,1" ten="292,334,112,262" oya="3" hai0="95,120,20,125,18,45,124,49,113,6,28,42,50" hai1="58,0,36,88,13,80,114,84,26,60,57,110,101" hai2="70,82,27,44,65,40,61,103,51,23,55,132,83" hai3="12,85,100,72,91,108,5,68,32,133,64,19,93"/><W54/><G72/><T46/><D120/><U129/><E0/><V56/><F132/><W63/><G133/><T9/><D113/><U11/><E36/><V73/><F103/><W21/><G32/><T127/><D95/><U122/><E114/><V109/><F109/><W119/><G119/><T4/><D28/><U90/><E122/><V81/><F73/><W67/><G108/><T53/><REACH who="0" step="1"/><D9/><REACH who="0" ten="282,334,112,262" step="2"/><U89/><E129/><V126/><F126/><W102/><G67/><T17/><D17/><U112/><E110/><V131/><F131/><W7/><REACH who="3" step="1"/><G54/><REACH who="3" ten="282,334,112,252" step="2"/><T14/><AGARI ba="0,2" hai="4,6,14,18,20,42,45,46,49,50,53,124,125,127" machi="14" ten="30,8000,1" yaku="1,1,0,1,18,1,52,2,53,0" doraHai="1" doraHaiUra="30" who="0" fromWho="0" sc="282,100,334,-20,112,-20,252,-40" /><INIT seed="4,0,0,1,2,10" ten="382,314,92,212" oya="0" hai0="133,86,127,65,62,132,79,92,67,76,61,6,110" hai1="1,104,47,2,43,50,131,29,7,42,106,87,134" hai2="26,103,123,41,51,66,107,122,17,64,84,70,36" hai3="82,96,54,15,97,77,101,75,105,121,125,23,30"/><T119/><D119/><U78/><E134/><N who="0" m="51817" /><D92/><U108/><E131/><V73/><F73/><W100/><G125/><T72/><D72/><U31/><E108/><V35/><F51/><W34/><G121/><T14/><D86/><U12/><E43/><V28/><F84/><W124/><G124/><T71/><D127/><U83/><E2/><V93/><F93/><W80/><G34/><T102/><D102/><U4/><E4/><V5/><F17/><W24/><G54/><T98/><D98/><U60/><E1/><V69/><F66/><W32/><G82/><T49/><D49/><U58/><E106/><V19/><F19/><W37/><G37/><T88/><D88/><U115/><E104/><V39/><F39/><W126/><G126/><T40/><D40/><U8/><E115/><V114/><F5/><W22/><G15/><T89/><D89/><U85/><E87/><V116/><F70/><W44/><REACH who="3" step="1"/><G44/><REACH who="3" ten="382,314,92,202" step="2"/><T130/><D110/><U56/><E56/><V16/><F116/><W38/><G38/><T99/><D71/><U74/><E74/><V128/><F128/><W18/><G18/><T113/><D14/><U111/><E111/><V95/><F16/><W129/><G129/><T118/><D130/><U53/><AGARI ba="0,1" hai="7,8,12,29,31,42,47,50,53,58,60,78,83,85" machi="53" ten="20,12000,2" yaku="0,1,7,1,25,2,8,1,52,1" doraHai="10" who="1" fromWho="1" sc="382,-60,314,130,92,-30,202,-30" /><INIT seed="5,0,0,4,5,68" ten="322,444,62,172" oya="1" hai0="117,45,47,78,6,114,76,122,54,134,40,131,10" hai1="52,65,132,30,91,29,96,60,124,58,74,71,66" hai2="75,20,19,42,51,35,0,53,92,25,81,88,119" hai3="26,31,125,41,113,82,59,79,89,15,105,64,104"/><U12/><E74/><V87/><F119/><W102/><G113/><T33/><D33/><U43/><E132/><V126/><F0/><W98/><G125/><T130/><D114/><U5/><E124/><V36/><F126/><W63/><G41/><T16/><D134/><U129/><E43/><V106/><F106/><W94/><G15/><N who="0" m="7287" /><D117/><U62/><E129/><N who="0" m="49161" /><D6/><U8/><REACH who="1" step="1"/><E65/><REACH who="1" ten="322,434,62,172" step="2"/><V108/><F108/><W107/><G89/><T135/><D135/><U2/><E2/><V99/><F35/><W127/><G127/><T100/><D122/><U17/><E17/><V57/><F75/><W84/><REACH who="3" step="1"/><G105/><REACH who="3" ten="322,434,62,162" step="2"/><T46/><D40/><U28/><E28/><V1/><F1/><W34/><AGARI ba="0,2" hai="26,31,34,59,63,64,79,82,84,94,98,102,104,107" machi="34" ten="20,5200,0" yaku="1,1,2,1,0,1,7,1,53,0" doraHai="68" doraHaiUra="3" who="3" fromWho="3" sc="322,-13,434,-26,62,-13,162,72" /><INIT seed="6,0,0,4,4,135" ten="309,408,49,234" oya="2" hai0="17,46,95,33,0,21,128,48,83,94,31,26,58" hai1="37,38,63,61,107,9,3,124,68,7,43,93,115" hai2="22,40,103,8,39,118,52,10,24,69,27,80,75" hai3="59,106,15,105,11,92,32,127,34,30,42,110,119"/><V126/><F118/><W36/><G110/><T98/><D128/><U132/><E93/><V57/><F69/><W96/><G127/><T133/><D133/><U90/><E90/><V116/><F116/><W84/><G84/><T47/><D0/><U114/><E132/><V1/><F103/><W65/><G42/><T129/><D129/><U111/><E124/><V56/><F56/><W72/><G36/><T112/><D112/><U20/><E20/><V2/><F126/><W28/><G72/><T51/><D83/><U13/><E13/><V25/><F22/><W134/><G134/><T53/><D58/><U54/><E54/><V117/><F117/><W29/><G119/><T102/><D94/><U64/><E107/><V77/><F1/><W62/><G106/><T66/><D66/><U4/><E111/><V130/><F130/><W14/><G14/><T131/><D131/><U73/><E68/><V86/><F86/><W97/><G105/><T76/><D76/><U89/><E3/><V60/><REACH who="2" step="1"/><F2/><REACH who="2" ten="309,408,39,234" step="2"/><W88/><G97/><T41/><D33/><U71/><E71/><V82/><F82/><W67/><G67/><T19/><AGARI ba="0,1" hai="17,19,21,26,31,41,46,47,48,51,53,95,98,102" machi="19" ten="30,2000,0" yaku="0,1,8,1" doraHai="135" who="0" fromWho="0" sc="309,30,408,-5,39,-10,234,-5" /><INIT seed="7,0,0,0,0,21" ten="339,403,29,229" oya="3" hai0="104,103,25,1,132,45,11,71,61,96,38,127,53" hai1="2,51,133,102,59,62,56,72,119,99,129,85,75" hai2="76,6,54,30,123,22,35,34,97,106,50,126,17" hai3="73,52,130,49,16,93,74,19,79,47,5,100,83"/><W43/><G130/><T115/><D132/><U14/><E2/><V120/><F76/><W12/><G74/><T63/><D127/><U18/><E129/><V80/><F126/><W131/><G131/><T107/><D107/><U46/><E119/><V37/><F37/><W98/><G5/><T70/><D1/><U40/><E85/><V105/><F80/><W24/><G12/><T55/><D11/><U111/><E111/><V64/><F64/><W3/><G3/><T110/><D110/><U86/><E86/><V112/><F97/><W89/><G43/><T68/><D115/><U42/><E42/><V134/><F50/><W36/><G36/><T128/><D128/><U113/><E56/><V9/><F54/><W26/><REACH who="3" step="1"/><G100/><REACH who="3" ten="339,403,29,219" step="2"/><T65/><D38/><U48/><E113/><V23/><F112/><W77/><G77/><T20/><D45/><U41/><E72/><V33/><F134/><W32/><G32/><T7/><D7/><U69/><E75/><V118/><F118/><W60/><G60/><T121/><D121/><U0/><E0/><V84/><F84/><W109/><G109/><T95/><D63/><U81/><E133/><V117/><F117/><W28/><G28/><T91/><D55/><U8/><E41/><V29/><F6/><W78/><G78/><T125/><D53/><U39/><E40/><V87/><F87/><W15/><G15/><T13/><D13/><U67/><E39/><V27/><F9/><W108/><G108/><T82/><D125/><U124/><E124/><V44/><F123/><W4/><G4/><T57/><D61/><RYUUKYOKU ba="0,1" sc="339,-10,403,-10,29,-10,219,30" hai3="16,19,24,26,47,49,52,73,79,83,89,93,98" /><INIT seed="7,1,1,2,5,37" ten="329,393,19,249" oya="3" hai0="131,112,93,134,122,105,17,54,133,7,20,71,115" hai1="25,78,23,34,123,113,96,39,110,116,9,74,48" hai2="84,103,3,44,38,79,99,121,95,63,51,83,64" hai3="135,126,125,33,10,77,14,97,67,124,66,68,60"/><W36/><G135/><N who="0" m="51723" /><D122/><U90/><E110/><V41/><F121/><W49/><G36/><T16/><D131/><U59/><E39/><V11/><F3/><W53/><G33/><T2/><D105/><U1/><E123/><V91/><F38/><W30/><G30/><T106/><D106/><U58/><E34/><V89/><F64/><N who="3" m="40967" /><G97/><T114/><D71/><U70/><E70/><V50/><F63/><W4/><G77/><T0/><D54/><U109/><E116/><V120/><F120/><W46/><AGARI ba="1,1" hai="4,10,14,46,49,53,66,67,124,125,126" m="40967" machi="46" ten="30,1500,0" yaku="18,1" doraHai="37" who="3" fromWho="3" sc="329,-6,393,-6,19,-6,249,28" /><INIT seed="7,2,0,4,0,39" ten="323,387,13,277" oya="3" hai0="100,48,130,34,55,95,96,88,7,0,63,59,133" hai1="56,20,102,44,33,129,125,78,108,68,97,45,19" hai2="57,122,30,86,25,113,69,64,134,31,107,120,104" hai3="10,81,98,32,89,17,87,12,28,131,124,52,54"/><W5/><G131/><T8/><D130/><U35/><E68/><V114/><F57/><W70/><G124/><T18/><D133/><U53/><E108/><V22/><F86/><W24/><G70/><T15/><D34/><U106/><E129/><V16/><F69/><W29/><G29/><T126/><D126/><U82/><E125/><V109/><F64/><W127/><G127/><T79/><D79/><U65/><E65/><V128/><F128/><W92/><REACH who="3" step="1"/><G5/><REACH who="3" ten="323,387,13,267" step="2"/><T46/><D0/><U73/><E33/><V76/><F76/><AGARI ba="2,1" hai="10,12,17,24,28,32,52,54,76,81,87,89,92,98" machi="76" ten="30,11600,0" yaku="1,1,2,1,7,1,54,1,53,0" doraHai="39" doraHaiUra="111" who="3" fromWho="2" sc="323,0,387,0,13,-122,267,132" owari="323,-8.0,387,19.0,-109,-61.0,399,50.0" /></mjloggm>