<mjloggm ver="2.3"><GO type="169" lobby="0"/><UN n0="%6B%69%79%6F%70%69%6E" n1="%79%6F%75%61%6C%70%68%61" n2="%E3%83%88%E3%82%B7%E3%83%95%E3%83%BC%E3%83%8B" n3="%E5%A5%88%E8%90%BD%E3%81%AE%E7%8E%8B" dan="16,17,18,17" rate="2119.25,2156.02,2199.76,2182.79" sx="M,M,M,M"/><TAIKYOKU oya="0"/><INIT seed="0,0,0,0,5,130" ten="250,250,250,250" oya="0" hai0="26,60,75,39,73,57,132,12,15,115,33,118,113" hai1="111,127,131,22,14,16,52,54,70,121,21,112,55" hai2="133,8,84,82,38,101,6,77,11,119,76,43,13" hai3="53,65,93,91,94,40,122,92,66,28,81,109,100"/><T27/><D39/><U56/><E121/><V29/><F119/><W48/><G122/><T116/><D57/><U47/><E131/><V7/><F29/><W71/><G109/><T105/><D60/><U99/><E70/><V97/><F38/><W59/><G71/><T37/><D37/><U0/><E0/><V129/><F129/><W107/><G107/><T24/><D105/><U1/><E1/><V125/><F125/><W46/><G28/><T30/><D30/><U17/><E111/><V10/><F76/><W9/><G100/><T135/><REACH who="0" step="1"/><D27/><REACH who="0" ten="240,250,250,250" step="2"/><U80/><E127/><V104/><F6/><W61/><G61/><T42/><D42/><U134/><E56/><V23/><F43/><W123/><G59/><T87/><D87/><U36/><E36/><V89/><F7/><W124/><G40/><T41/><D41/><U2/><E54/><V83/><F13/><W110/><G110/><T32/><AGARI ba="0,1" hai="12,15,24,26,32,33,73,75,113,115,116,118,132,135" machi="32" ten="25,18000,2" yaku="1,1,0,1,22,2,52,2,53,0" doraHai="130" doraHaiUra="103" who="0" fromWho="0" sc="240,190,250,-60,250,-60,250,-60" /><INIT seed="0,1,0,1,2,108" ten="430,190,190,190" oya="0" hai0="93,25,118,17,85,26,39,29,109,23,97,134,102" hai1="0,67,131,125,68,116,24,56,8,57,35,54,112" hai2="2,50,88,64,65,45,11,77,28,30,96,99,82" hai3="117,107,61,121,10,16,110,69,80,130,94,119,31"/><T120/><D118/><U5/><E116/><V114/><F114/><W73/><G107/><T81/><D134/><U37/><E37/><V91/><F2/><W111/><G94/><T79/><D39/><U90/><E131/><V14/><F99/><W133/><G31/><N who="2" m="11817" /><F96/><W132/><G130/><T36/><D36/><U41/><E68/><V7/><F65/><W104/><G104/><T126/><D109/><N who="3" m="41481" /><G121/><T106/><D126/><U123/><E67/><V78/><F64/><N who="3" m="41103" /><G119/><T100/><D120/><U51/><E123/><V76/><F82/><W98/><G98/><T95/><REACH who="0" step="1"/><D102/><REACH who="0" ten="420,190,190,190" step="2"/><U115/><E125/><V21/><F21/><AGARI ba="1,1" hai="17,21,23,25,26,29,79,81,85,93,95,97,100,106" machi="21" ten="30,5800,0" yaku="1,1,2,1,7,1,53,0" doraHai="108" doraHaiUra="6" who="0" fromWho="2" sc="420,71,190,0,190,-61,190,0" /><INIT seed="0,2,0,3,3,129" ten="491,190,129,190" oya="0" hai0="105,44,133,17,64,5,38,82,125,56,52,110,124" hai1="59,66,55,72,36,112,107,85,70,101,9,104,1" hai2="91,34,41,47,94,114,61,65,108,42,134,54,51" hai3="19,22,99,32,80,115,97,93,117,77,49,135,50"/><T103/><D5/><U90/><E72/><V15/><F34/><W13/><G32/><T11/><D105/><U2/><E36/><V25/><F114/><W43/><G117/><T62/><D103/><U12/><E112/><V63/><F108/><W122/><G115/><T78/><D110/><U57/><E70/><V27/><F15/><W75/><G122/><T128/><D128/><U88/><E66/><V4/><F4/><W18/><G43/><N who="2" m="16393" /><F134/><W46/><G46/><T74/><D38/><U95/><E57/><N who="2" m="37103" /><F61/><W126/><G126/><N who="0" m="48747" /><D133/><U79/><E2/><V98/><AGARI ba="2,0" hai="25,27,47,51,54,91,94,98" m="37103,16393" machi="98" ten="30,1100,0" yaku="8,1" doraHai="129" who="2" fromWho="2" sc="491,-7,190,-5,129,17,190,-5" /><INIT seed="1,0,0,5,5,15" ten="484,185,146,185" oya="1" hai0="1,53,42,24,127,85,51,97,58,64,80,48,5" hai1="13,70,74,28,25,106,57,89,29,35,110,92,73" hai2="83,109,134,47,23,54,133,75,10,41,87,128,93" hai3="2,3,78,116,26,123,113,65,114,99,17,22,69"/><U118/><E118/><V27/><F128/><W129/><G78/><T122/><D127/><U104/><E70/><V32/><F109/><W88/><G123/><T76/><D122/><U111/><E29/><V98/><F75/><N who="1" m="28681" /><E57/><V81/><F32/><W79/><G79/><T115/><D115/><U108/><E13/><V8/><F87/><AGARI ba="0,0" hai="25,28,35,87,89,92,104,106,108,110,111" m="28681" machi="87" ten="40,3900,0" yaku="14,1,10,1" doraHai="15" who="1" fromWho="2" sc="484,0,185,39,146,-39,185,0" /><INIT seed="1,1,0,4,3,46" ten="484,224,107,185" oya="1" hai0="25,50,8,101,32,96,95,18,108,12,123,134,86" hai1="26,119,37,94,49,0,47,99,68,113,62,39,59" hai2="112,91,19,42,79,103,69,22,4,77,51,104,3" hai3="53,61,76,93,127,124,67,40,130,10,109,35,63"/><U1/><E119/><V43/><F69/><W132/><G35/><T34/><D108/><U58/><E113/><V65/><F112/><W129/><G76/><T121/><D134/><U41/><E26/><V135/><F135/><W111/><G93/><T45/><D86/><U125/><E0/><V117/><F117/><W7/><G10/><T87/><D87/><U98/><E1/><V114/><F114/><W20/><G20/><T38/><D38/><N who="1" m="14347" /><E94/><V2/><F65/><W72/><G7/><T56/><D25/><U89/><E89/><V64/><F64/><W9/><G9/><T131/><D32/><U115/><E98/><V106/><F4/><W118/><G72/><T74/><D74/><U48/><E99/><V17/><F22/><W55/><G132/><T90/><D90/><U102/><E102/><V88/><REACH who="2" step="1"/><F103/><REACH who="2" ten="484,224,97,185" step="2"/><W81/><G67/><T105/><D101/><U13/><E115/><V31/><F31/><W120/><G118/><T70/><D34/><U44/><E125/><V128/><F128/><W52/><G130/><T33/><D131/><U107/><E68/><V122/><F122/><W83/><G129/><T133/><D123/><U27/><E27/><V28/><F28/><W71/><G120/><T80/><D121/><U116/><E116/><V100/><F100/><W66/><G71/><T92/><D70/><U110/><E110/><N who="3" m="41994" /><G66/><T24/><D33/><U21/><E21/><V23/><F23/><W85/><G127/><T75/><D133/><U54/><E107/><V126/><F126/><W60/><G124/><T30/><D105/><U57/><E13/><RYUUKYOKU ba="1,1" sc="484,-15,224,15,97,15,185,-15" hai1="41,44,47,48,49,54,57,58,59,62" hai2="2,3,17,19,42,43,51,77,79,88,91,104,106" /><INIT seed="1,2,1,5,1,119" ten="469,239,112,170" oya="1" hai0="45,83,117,21,56,93,123,26,129,23,39,47,132" hai1="122,65,3,72,70,116,17,1,50,128,19,2,41" hai2="107,67,54,0,86,111,31,88,103,24,85,43,87" hai3="20,81,18,75,135,15,53,13,38,92,91,76,33"/><U44/><E116/><V60/><F0/><W120/><G135/><T36/><D117/><U82/><E128/><V109/><F43/><W25/><G38/><T77/><D129/><U78/><REACH who="1" step="1"/><E122/><REACH who="1" ten="469,229,112,170" step="2"/><V14/><F111/><W84/><G120/><T121/><D123/><U94/><E94/><V131/><F109/><W74/><G74/><T68/><D93/><U4/><E4/><V110/><F131/><W30/><G53/><T7/><D7/><U37/><E37/><V35/><F110/><W130/><G130/><T46/><D36/><U133/><E133/><V104/><F54/><W48/><G48/><T5/><D39/><U61/><AGARI ba="2,2" hai="1,2,3,17,19,41,44,50,61,65,70,72,78,82" machi="61" ten="40,3900,0" yaku="1,1,0,1,53,0" doraHai="119" doraHaiUra="11" who="1" fromWho="1" sc="469,-15,229,65,112,-15,170,-15" /><INIT seed="1,3,0,2,2,111" ten="454,294,97,155" oya="1" hai0="68,25,27,72,69,13,39,2,75,85,83,7,32" hai1="120,62,127,119,113,130,19,44,88,132,15,108,96" hai2="59,28,94,134,95,101,14,4,73,91,78,34,70" hai3="23,97,22,114,58,102,126,11,106,51,6,125,49"/><U50/><E119/><V76/><F70/><N who="0" m="27242" /><D85/><U121/><E108/><V20/><F28/><W43/><G51/><T105/><D13/><U63/><E130/><V103/><F34/><W55/><G43/><T67/><D67/><U65/><E121/><V57/><F73/><W53/><G53/><T18/><D18/><U52/><E120/><V117/><F117/><W10/><G10/><T92/><D92/><N who="1" m="56327" /><E113/><V116/><F116/><W37/><G37/><T123/><D32/><U5/><E132/><V86/><F134/><W0/><REACH who="3" step="1"/><G114/><REACH who="3" ten="454,294,97,145" step="2"/><T64/><D39/><U110/><E110/><V29/><F4/><W90/><G90/><T112/><D7/><U61/><E127/><AGARI ba="3,1" hai="0,6,11,22,23,49,55,58,97,102,106,125,126,127" machi="127" ten="40,2600,0" yaku="1,1,18,1,53,0" doraHai="111" doraHaiUra="9" who="3" fromWho="1" sc="454,0,294,-35,97,0,145,45" /><INIT seed="2,0,0,2,1,108" ten="454,259,97,190" oya="2" hai0="129,63,34,130,133,45,32,16,85,78,79,126,116" hai1="44,23,87,25,11,39,47,110,60,76,43,119,91" hai2="118,70,100,0,57,8,53,82,104,30,52,97,122" hai3="37,99,111,13,59,103,14,22,7,69,92,123,48"/><V12/><F0/><W132/><G37/><T9/><D133/><U55/><E119/><V128/><F118/><W74/><G69/><T61/><D45/><U120/><E110/><V24/><F122/><W40/><G111/><T134/><D134/><U84/><E76/><N who="0" m="29225" /><D85/><U50/><E11/><V10/><F70/><W58/><G74/><T62/><D126/><U38/><E60/><V66/><F128/><N who="0" m="49258" /><D116/><U124/><E124/><V54/><F82/><W65/><G123/><T73/><D73/><U56/><E91/><V26/><F10/><N who="3" m="4319" /><G65/><T106/><D106/><U102/><E102/><V83/><F83/><W96/><G96/><T19/><D9/><U18/><E120/><V80/><F80/><W49/><G49/><T46/><D46/><U28/><E28/><V3/><F3/><W31/><G132/><T117/><D117/><U33/><REACH who="1" step="1"/><E33/><AGARI ba="0,0" hai="16,19,32,33,34,61,62,63" m="49258,29225" machi="33" ten="40,8000,1" yaku="28,2,19,1,54,1" doraHai="108" who="0" fromWho="1" sc="454,80,259,-80,97,0,190,0" /><INIT seed="3,0,0,0,3,26" ten="534,179,97,190" oya="3" hai0="20,65,2,21,43,67,19,68,78,3,45,89,41" hai1="52,24,74,101,75,96,108,133,39,81,14,27,128" hai2="84,123,70,119,5,25,38,13,51,103,64,130,54" hai3="73,55,33,34,12,97,4,92,104,63,50,9,79"/><W121/><G104/><T31/><D78/><U125/><E39/><V115/><F119/><W99/><G121/><T94/><D19/><U11/><E108/><V98/><F38/><W118/><G118/><T57/><D57/><U106/><E128/><V37/><F37/><W90/><G63/><T32/><D32/><U42/><E42/><V113/><F123/><W47/><REACH who="3" step="1"/><G99/><REACH who="3" ten="534,179,97,180" step="2"/><T102/><D68/><U66/><E106/><V18/><F115/><W122/><G122/><T30/><D102/><U36/><E101/><V0/><F113/><W111/><G111/><T62/><D62/><U129/><E96/><V82/><F98/><W71/><G71/><T56/><D56/><U60/><E60/><V107/><F103/><W114/><G114/><T22/><D45/><U7/><E129/><V40/><F107/><W120/><G120/><T16/><D67/><U124/><E66/><V28/><F130/><W110/><G110/><T95/><D65/><U117/><E117/><V15/><F64/><W35/><G35/><T93/><D3/><U105/><E105/><V88/><F70/><W135/><G135/><T80/><D2/><U91/><E133/><V69/><F69/><W116/><G116/><T127/><D127/><U85/><E125/><V72/><F0/><W23/><G23/><T10/><D22/><U1/><E124/><V29/><F40/><N who="0" m="15434" /><D21/><U86/><E1/><V77/><F54/><W134/><G134/><T48/><D20/><U59/><E36/><V53/><F53/><W83/><AGARI ba="0,1" hai="4,9,12,33,34,47,50,55,73,79,83,90,92,97" machi="83" ten="30,3000,0" yaku="1,1,0,1,53,0" doraHai="26" doraHaiUra="58" who="3" fromWho="3" sc="534,-10,179,-10,97,-10,180,40" /><INIT seed="3,1,0,2,1,27" ten="524,169,87,220" oya="3" hai0="83,78,112,117,50,36,41,32,118,87,23,62,13" hai1="68,58,61,59,60,44,21,80,128,57,114,93,101" hai2="22,4,45,42,99,56,77,15,125,103,48,55,3" hai3="121,79,31,69,116,33,71,110,51,65,26,37,67"/><W123/><G37/><T64/><D32/><U106/><E106/><V53/><F125/><W72/><G116/><T94/><D36/><U84/><E114/><V75/><F3/><W97/><G110/><T70/><D112/><U129/><E68/><V124/><F124/><W10/><G51/><T104/><D104/><U127/><E44/><V12/><F75/><W85/><G85/><T89/><D13/><U49/><E49/><V17/><F77/><W134/><G134/><T66/><D66/><U107/><E107/><V24/><F4/><W81/><G97/><T47/><D23/><U7/><E7/><V135/><F135/><W18/><G67/><T82/><D82/><U122/><E21/><V76/><F76/><W98/><G98/><AGARI ba="1,0" hai="41,47,50,62,64,70,78,83,87,89,94,98,117,118" machi="98" ten="30,1000,0" yaku="7,1" doraHai="27" who="0" fromWho="3" sc="524,13,169,0,87,0,220,-13" /><INIT seed="4,0,0,0,2,66" ten="537,169,87,207" oya="0" hai0="49,82,1,126,17,75,76,21,77,108,43,29,110" hai1="48,32,30,105,61,94,101,81,64,34,58,118,12" hai2="73,111,125,79,107,115,93,99,121,134,3,8,22" hai3="18,40,131,7,27,92,60,123,102,10,128,63,95"/><T129/><D1/><U112/><E118/><V124/><F111/><N who="0" m="42538" /><D129/><N who="3" m="49737" /><G40/><T103/><D126/><N who="2" m="48746" /><F22/><N who="3" m="13783" /><G123/><T109/><D103/><U88/><E32/><V133/><F8/><W106/><G106/><T28/><D77/><U85/><E112/><V122/><F3/><N who="3" m="383" /><G102/><T15/><D109/><U24/><E105/><V87/><F115/><W72/><G72/><T38/><D38/><U47/><E12/><V5/><F5/><W44/><G44/><AGARI ba="0,0" hai="15,17,21,28,29,43,44,49,75,76,82" m="42538" machi="44" ten="30,1500,0" yaku="10,1" doraHai="66" who="0" fromWho="3" sc="537,15,169,0,87,0,207,-15" /><INIT seed="4,1,0,5,4,14" ten="552,169,87,192" oya="0" hai0="115,32,93,99,57,95,97,81,56,53,108,118,79" hai1="9,66,84,35,101,109,119,87,83,88,3,63,96" hai2="70,10,6,73,45,91,13,30,38,90,110,113,69" hai3="82,80,12,100,20,16,116,39,59,103,48,65,22"/><T106/><D32/><U104/><E119/><V133/><F113/><W134/><G39/><T18/><D118/><U94/><E109/><V4/><F110/><W74/><G116/><T111/><D115/><U25/><E3/><V62/><F73/><W61/><G134/><T54/><D106/><U77/><E9/><V29/><F133/><W68/><G68/><T47/><D47/><U75/><E25/><V60/><F13/><W78/><G48/><T51/><D81/><U26/><E26/><V85/><F85/><W107/><G107/><T1/><D79/><U121/><E35/><V122/><F45/><W34/><G34/><T27/><D27/><U114/><E114/><V50/><F50/><W117/><G117/><T2/><D51/><U89/><E121/><V31/><F31/><W98/><G98/><T36/><D36/><U72/><E63/><V7/><F7/><W120/><G120/><T33/><D33/><U132/><E66/><V37/><REACH who="2" step="1"/><F10/><REACH who="2" ten="552,169,77,192" step="2"/><W46/><G46/><T40/><D40/><U19/><E132/><V71/><F71/><W44/><G44/><T11/><D11/><U135/><E135/><V127/><F127/><W129/><G74/><N who="1" m="28202" /><E19/><AGARI ba="1,1" hai="1,2,18,19,53,54,56,57,93,95,97,99,108,111" machi="19" ten="25,9600,0" yaku="22,2,52,2" doraHai="14" who="0" fromWho="1" sc="552,109,169,-99,77,0,192,0" /><INIT seed="4,2,0,0,1,129" ten="661,70,77,192" oya="0" hai0="76,100,92,5,47,6,17,77,59,11,87,78,40" hai1="12,101,49,27,20,58,106,122,68,60,28,79,30" hai2="86,31,9,53,127,3,132,14,103,107,75,88,23" hai3="24,63,99,98,74,111,80,62,25,55,50,8,22"/><T71/><D71/><U69/><E122/><V19/><F75/><W56/><G111/><T131/><D131/><U110/><E110/><V1/><F127/><W102/><G8/><T135/><D59/><U39/><E39/><V117/><F117/><W83/><G25/><T70/><D70/><U93/><E106/><V13/><F107/><W7/><G7/><T43/><D17/><U33/><E79/><V95/><F103/><W0/><G0/><T57/><D57/><U112/><E112/><V66/><F66/><W85/><G74/><T15/><D6/><U45/><E12/><V51/><F132/><W97/><G102/><T116/><D116/><U118/><E33/><V128/><F128/><W18/><REACH who="3" step="1"/><G83/><REACH who="3" ten="661,70,77,182" step="2"/><T113/><D100/><U114/><E118/><V90/><F90/><AGARI ba="2,1" hai="18,22,24,50,55,56,62,63,80,85,90,97,98,99" machi="90" ten="40,5200,0" yaku="1,1,2,1,8,1,53,0" doraHai="129" doraHaiUra="130" who="3" fromWho="2" sc="661,0,70,0,77,-58,182,68" /><INIT seed="5,0,0,1,2,117" ten="661,70,19,250" oya="1" hai0="108,37,121,46,67,39,97,44,15,81,57,10,64" hai1="38,112,100,130,83,20,120,96,79,17,86,53,0" hai2="33,50,127,128,35,13,70,12,77,107,102,60,78" hai3="59,4,7,110,47,42,22,125,27,32,73,56,43"/><U36/><E0/><V3/><F3/><W104/><G104/><T41/><D97/><U75/><E112/><V98/><F128/><W65/><G32/><T116/><D81/><U61/><E130/><V84/><F127/><W28/><G73/><T23/><D23/><U85/><E38/><V132/><F132/><W16/><G110/><T21/><D21/><U69/><E36/><V99/><F50/><W51/><G42/><N who="0" m="22623" /><D15/><U122/><E75/><V80/><F78/><W92/><G125/><T18/><D18/><U115/><E85/><V103/><F33/><W66/><G28/><T55/><D10/><U91/><E115/><V94/><F35/><W30/><G30/><T126/><D116/><U5/><E5/><V19/><F19/><W93/><G59/><T14/><D14/><U26/><E79/><V109/><F109/><W101/><G93/><T71/><D108/><U88/><E91/><V63/><F70/><W106/><G106/><T105/><D105/><U114/><E114/><V2/><F2/><W49/><G4/><T134/><D134/><U90/><E90/><V34/><F34/><W9/><G92/><T72/><D72/><U48/><E96/><V118/><F118/><W87/><G87/><T31/><D31/><U133/><E100/><V8/><F8/><W111/><G101/><T95/><D95/><U52/><E133/><V124/><F124/><W25/><G111/><T54/><D71/><U119/><E119/><V45/><F45/><W24/><G9/><T62/><D126/><U74/><E74/><V76/><F76/><W40/><G7/><RYUUKYOKU ba="0,0" sc="661,-10,70,-10,19,30,250,-10" hai2="12,13,60,63,77,80,84,94,98,99,102,103,107" /><INIT seed="6,1,0,5,3,25" ten="651,60,49,240" oya="2" hai0="67,60,64,79,130,91,49,72,110,17,10,124,53" hai1="118,63,55,52,121,100,77,78,68,82,126,96,86" hai2="117,23,113,106,76,122,99,70,19,81,119,112,15" hai3="38,42,47,6,58,9,84,35,92,116,127,11,85"/><V75/><F122/><W103/><G116/><T104/><D110/><U133/><E118/><V46/><F70/><W36/><G127/><T8/><D104/><U40/><E126/><V14/><F117/><W18/><G35/><T74/><D130/><U27/><E121/><V31/><F119/><W7/><G18/><T111/><D111/><U120/><E120/><V16/><F46/><W59/><G103/><T97/><D79/><U20/><E40/><V50/><F50/><W43/><G92/><T129/><D129/><U88/><E133/><V135/><F135/><W51/><G51/><T44/><D67/><U98/><E68/><V66/><F66/><W3/><G47/><T89/><D10/><U71/><E71/><V125/><F125/><W107/><G107/><T128/><D128/><U0/><E0/><AGARI ba="1,0" hai="0,3,6,7,9,11,36,38,42,43,58,59,84,85" machi="0" ten="25,1600,0" yaku="22,2" doraHai="25" who="3" fromWho="1" sc="651,0,60,-19,49,0,240,19" /><INIT seed="7,0,0,5,4,8" ten="651,41,49,259" oya="3" hai0="90,132,1,46,70,65,112,125,108,47,36,14,66" hai1="54,74,117,25,123,99,131,31,44,9,73,119,11" hai2="81,89,82,85,95,124,37,129,116,109,19,92,26" hai3="6,27,111,97,16,78,48,21,121,50,134,72,33"/><W87/><G121/><T28/><D1/><U100/><E123/><V98/><F37/><W107/><G72/><N who="1" m="27754" /><E131/><V105/><F105/><W110/><G134/><T35/><D90/><U118/><E54/><V34/><F116/><W42/><G33/><T122/><D108/><N who="3" m="41513" /><G6/><T41/><D132/><U75/><N who="1" m="27762" /><U106/><DORA hai="64" /><E44/><V115/><F109/><W2/><G2/><T101/><D101/><U94/><E106/><V133/><F133/><W102/><G42/><T49/><D28/><U113/><E113/><V10/><F129/><W69/><G69/><T40/><D35/><AGARI ba="0,0" hai="9,11,25,31,35,94,99,100,117,118,119" m="27762" machi="35" ten="50,1600,0" yaku="12,1" doraHai="8,64" who="1" fromWho="0" sc="651,-16,41,16,49,0,259,0" owari="635,73.0,57,-34.0,49,-45.0,259,6.0" /></mjloggm>