<mjloggm ver="2.3"><GO type="185" lobby="0"/><UN n0="%E3%83%84%E3%83%BC%E3%82%A2%E3%82%A6%E3%83%88" n1="%E3%82%AA%E3%83%A0%E3%81%82%E3%82%93%E3%81%93" n2="%E3%83%91%E3%83%AA%E3%83%94%69%6E%63%61%72" n3="" dan="16,16,16,0" rate="2093.03,2147.14,2116.19,1500.00" sx="M,M,M,C"/><TAIKYOKU oya="0"/><INIT seed="0,0,0,4,5,3" ten="350,350,350,0" oya="0" hai0="130,80,133,77,75,121,41,43,131,117,135,120,85" hai1="34,87,108,51,116,61,93,37,122,118,76,32,95" hai2="72,74,45,35,94,66,56,99,60,119,49,78,0" hai3=""/><T67/><N who="0" m="30752" /><T104/><N who="0" m="31008" /><T48/><D117/><U105/><N who="1" m="31264" /><U128/><E128/><N who="0" m="49193" /><D104/><U90/><E105/><V83/><F119/><T132/><D67/><U79/><E37/><V97/><F97/><T115/><D115/><U69/><E51/><V124/><F124/><T54/><D75/><U33/><E108/><V64/><F0/><T38/><D38/><U100/><E118/><V68/><F74/><T102/><D102/><U52/><E116/><V103/><F66/><T127/><D127/><U89/><E100/><V36/><F36/><T134/><N who="0" m="33792" /><DORA hai="63" /><T86/><D86/><U88/><E69/><V126/><F126/><T70/><D70/><U53/><E87/><V109/><F109/><T65/><D65/><U73/><E73/><V82/><F68/><T110/><D110/><U71/><E71/><V113/><F113/><T91/><D77/><U129/><E129/><V96/><F78/><T98/><D98/><U46/><E79/><V42/><F72/><T2/><D2/><U40/><E76/><V59/><F99/><T62/><D62/><U39/><E61/><V47/><F60/><T55/><D55/><U50/><E53/><V125/><F125/><T92/><D80/><U112/><E112/><RYUUKYOKU ba="0,0" sc="350,10,350,10,350,-20,0,0" hai0="41,43,48,54,85,91,92" hai1="32,33,34,39,40,46,50,52,88,89,90,93,95" /><INIT seed="0,1,0,3,5,91" ten="360,360,330,0" oya="0" hai0="103,88,115,96,117,108,85,92,89,67,41,118,62" hai1="39,121,101,79,65,56,51,34,95,112,47,107,113" hai2="3,125,116,135,1,132,127,128,36,120,83,129,50" hai3=""/><T87/><D115/><N who="1" m="44107" /><E34/><V32/><N who="2" m="30752" /><V114/><F32/><T119/><D41/><U60/><N who="1" m="31008" /><U124/><E107/><V99/><F114/><T43/><D43/><U131/><E131/><N who="2" m="50251" /><F36/><T45/><D45/><U76/><E39/><V35/><F35/><T105/><D108/><U55/><E124/><N who="2" m="47691" /><F116/><T40/><D40/><U78/><E101/><V48/><F99/><T70/><REACH who="0" step="1"/><D119/><REACH who="0" ten="350,360,330,0" step="2"/><U2/><E2/><N who="2" m="523" /><F83/><AGARI ba="1,1" hai="62,67,70,83,85,87,88,89,92,96,103,105,117,118" machi="83" ten="30,12000,1" yaku="1,1,7,1,52,1,54,1,53,1" doraHai="91" doraHaiUra="61" who="0" fromWho="2" sc="350,132,360,0,330,-122,0,0" /><INIT seed="0,2,0,2,0,113" ten="482,360,208,0" oya="0" hai0="130,85,92,126,58,66,78,128,81,112,52,98,103" hai1="46,116,84,97,82,56,107,90,101,60,59,83,57" hai2="37,121,67,99,34,120,65,62,89,111,39,93,0" hai3=""/><T38/><D38/><U108/><E108/><V69/><N who="2" m="30752" /><V86/><N who="2" m="31008" /><V36/><F0/><T95/><D66/><U73/><E46/><V42/><F111/><T135/><D112/><U63/><E73/><V41/><F34/><T122/><N who="0" m="31264" /><T125/><D135/><U132/><E132/><V61/><REACH who="2" step="1"/><F99/><REACH who="2" ten="482,360,198,0" step="2"/><T134/><D134/><U94/><E63/><V79/><F79/><T49/><REACH who="0" step="1"/><D95/><REACH who="0" ten="472,360,198,0" step="2"/><U72/><E94/><V127/><F127/><AGARI ba="2,2" hai="49,52,58,78,81,85,92,98,103,125,126,127,128,130" m="31264" machi="127" ten="40,12000,1" yaku="1,1,2,1,18,1,52,1,54,1,53,0" doraHai="113" doraHaiUra="105" who="0" fromWho="2" sc="472,144,360,0,198,-124,0,0" /><INIT seed="0,3,0,4,3,42" ten="616,360,74,0" oya="0" hai0="70,104,109,75,53,103,106,108,98,60,95,44,92" hai1="121,129,89,114,82,120,105,79,40,123,110,46,119" hai2="90,3,58,107,85,66,47,112,100,134,111,88,73" hai3=""/><T65/><D75/><U130/><E119/><V117/><F112/><T102/><D102/><U37/><E114/><V116/><F3/><T38/><D95/><U64/><E64/><V133/><F73/><T128/><D128/><U36/><E89/><N who="2" m="34411" /><F85/><T34/><D34/><U69/><E69/><V124/><F111/><N who="0" m="42570" /><D53/><U71/><E105/><V33/><F33/><T57/><D70/><U39/><E71/><V67/><F107/><T101/><D101/><U55/><E55/><V78/><F100/><T54/><D54/><U91/><E110/><V84/><F67/><T43/><AGARI ba="3,0" hai="38,43,44,57,60,65,92,98,103,104,106" m="42570" machi="43" ten="30,4000,0" yaku="14,1,10,1,52,1" doraHai="42" who="0" fromWho="0" sc="616,46,360,-23,74,-23,0,0" /><INIT seed="0,4,0,4,3,69" ten="662,337,51,0" oya="0" hai0="111,101,88,90,83,48,0,32,77,128,122,97,40" hai1="67,118,73,103,75,135,76,116,62,85,104,117,52" hai2="47,33,54,79,126,2,131,110,93,106,44,95,68" hai3=""/><T55/><N who="0" m="31264" /><T87/><D32/><U59/><E135/><V63/><F33/><T89/><D0/><U74/><E103/><V3/><F106/><T94/><D128/><U82/><E104/><V72/><F131/><T45/><D111/><U132/><E132/><V50/><F110/><T134/><D134/><U114/><E114/><V113/><F113/><T78/><D78/><U112/><E112/><V1/><F126/><T49/><D77/><U123/><N who="1" m="31520" /><U96/><E96/><V46/><F63/><T81/><D81/><U42/><E42/><V64/><F64/><T129/><D129/><U115/><E115/><V92/><REACH who="2" step="1"/><F68/><REACH who="2" ten="662,337,41,0" step="2"/><T37/><REACH who="0" step="1"/><D49/><REACH who="0" ten="652,337,41,0" step="2"/><U119/><E119/><V57/><F57/><AGARI ba="4,2" hai="37,40,45,48,55,57,83,87,88,89,90,94,97,101" m="31264" machi="57" ten="30,18000,2" yaku="1,1,2,1,7,1,52,2,54,1,53,1" doraHai="69" doraHaiUra="80" who="0" fromWho="2" sc="652,208,337,0,41,-188,0,0" owari="860,81.0,337,-6.0,-147,-75.0,0,0.0" /></mjloggm>