<mjloggm ver="2.3"><GO type="169" lobby="0"/><UN n0="%69%70%73%E6%88%A6%E5%A3%AB" n1="%74%75%63%6B%62%6F%63%6B" n2="%67%6F%74%61%70%6F%6F%68" n3="%79%75%36%31%39%7A%69" dan="16,17,16,16" rate="2073.38,2104.44,2172.98,2103.76" sx="M,M,M,M"/><TAIKYOKU oya="0"/><INIT seed="0,0,0,5,2,58" ten="250,250,250,250" oya="0" hai0="44,15,34,90,35,87,8,133,106,109,16,81,25" hai1="91,108,47,52,82,78,119,77,51,27,123,79,20" hai2="45,134,120,97,32,121,54,43,85,17,31,55,72" hai3="74,46,12,6,105,42,122,9,14,125,37,49,86"/><T118/><D118/><U33/><E123/><V24/><F72/><W99/><G122/><T126/><D126/><U21/><E108/><V3/><F134/><W40/><G125/><T116/><D116/><U113/><E113/><V19/><F3/><W100/><G74/><T62/><D133/><U66/><E119/><V111/><F111/><W75/><G75/><T59/><D109/><U94/><E66/><V61/><F121/><W131/><G131/><T70/><D70/><U73/><E33/><V104/><F85/><W26/><G26/><T129/><D106/><U101/><E20/><V18/><F120/><W28/><G28/><T36/><D129/><U98/><REACH who="1" step="1"/><E91/><REACH who="1" ten="250,240,250,250" step="2"/><V117/><F117/><W10/><G10/><T5/><D34/><U76/><E76/><V114/><F114/><W102/><G9/><T1/><D35/><U23/><E23/><V13/><F32/><W88/><G88/><T115/><D115/><U112/><E112/><V48/><F24/><W38/><G100/><T41/><D25/><U50/><E50/><V103/><F31/><AGARI ba="0,1" hai="21,27,31,47,51,52,73,77,78,79,82,94,98,101" machi="31" ten="30,3900,0" yaku="1,1,7,1,54,1,53,0" doraHai="58" doraHaiUra="127" who="1" fromWho="2" sc="250,0,240,49,250,-39,250,0" /><INIT seed="1,0,0,3,4,121" ten="250,289,211,250" oya="1" hai0="70,131,117,110,18,22,135,61,93,74,28,80,77" hai1="106,60,23,83,31,129,40,58,45,81,68,29,38" hai2="62,32,67,104,7,88,72,78,49,127,5,94,134" hai3="130,6,51,14,99,11,20,10,12,33,122,118,43"/><U128/><E106/><V101/><F134/><W102/><G122/><T69/><D117/><U111/><E68/><V37/><F37/><W2/><G118/><T57/><D135/><U86/><E81/><V21/><F32/><W41/><G33/><T3/><D3/><U124/><E124/><V91/><F127/><W59/><G130/><N who="1" m="50282" /><E23/><V85/><F91/><W54/><G20/><T0/><D0/><U87/><E111/><V1/><F49/><W133/><G2/><T97/><D131/><U50/><E38/><V115/><F115/><W100/><G133/><T34/><D34/><U120/><E120/><V114/><F114/><W119/><G119/><T98/><D98/><U92/><E92/><V35/><F35/><W17/><REACH who="3" step="1"/><G102/><REACH who="3" ten="250,289,211,240" step="2"/><T64/><D28/><N who="1" m="10827" /><E83/><N who="2" m="45511" /><F21/><W55/><G55/><AGARI ba="0,1" hai="40,45,50,55,58,60,86,87" m="10827,50282" machi="55" ten="30,1500,0" yaku="19,1" doraHai="121" who="1" fromWho="3" sc="250,0,289,25,211,0,240,-15" /><INIT seed="1,1,0,3,3,88" ten="250,314,211,225" oya="1" hai0="20,33,93,54,74,3,29,82,109,46,27,40,114" hai1="76,67,72,102,4,63,127,49,18,30,119,103,130" hai2="39,1,126,5,26,121,111,92,112,12,2,37,34" hai3="104,122,110,35,50,80,78,25,16,135,95,9,91"/><U56/><E119/><V75/><F75/><W65/><G104/><T41/><D114/><U61/><E130/><V55/><F12/><W14/><G122/><T106/><D106/><U98/><E4/><V59/><F121/><W94/><G65/><T19/><D3/><U42/><E127/><V52/><F34/><W15/><G135/><T89/><D109/><U100/><E18/><V13/><F13/><W132/><G132/><T107/><D107/><U45/><E30/><V116/><F26/><W79/><G110/><T69/><D69/><U68/><E76/><N who="3" m="29226" /><G35/><T24/><D82/><U70/><E72/><V48/><F111/><W77/><G77/><T47/><D74/><U90/><E90/><V31/><F31/><W62/><G62/><T124/><D124/><U66/><REACH who="1" step="1"/><E56/><REACH who="1" ten="250,304,211,225" step="2"/><V120/><F59/><W113/><G113/><T60/><D46/><U32/><E32/><V51/><F5/><W108/><G108/><T84/><REACH who="0" step="1"/><D47/><REACH who="0" ten="240,304,211,225" step="2"/><U123/><E123/><V64/><F120/><W86/><G80/><T11/><D11/><U118/><E118/><V71/><F116/><W43/><G9/><T99/><D99/><AGARI ba="1,2" hai="42,45,49,61,63,66,67,68,70,98,99,100,102,103" machi="99" ten="40,3900,0" yaku="1,1,9,1,53,0" doraHai="88" doraHaiUra="22" who="1" fromWho="0" sc="240,-42,304,62,211,0,225,0" /><INIT seed="1,2,0,0,1,55" ten="198,366,211,225" oya="1" hai0="120,122,47,3,121,70,39,91,108,9,109,98,101" hai1="66,5,75,104,110,40,60,27,94,0,15,33,78" hai2="127,38,30,76,2,36,28,62,19,87,6,128,58" hai3="83,97,107,22,71,51,103,64,133,126,123,14,100"/><U82/><E104/><V131/><F127/><W81/><G123/><T8/><D70/><U20/><E40/><V69/><F69/><W89/><G126/><T112/><D112/><U105/><E105/><V99/><F99/><W106/><G51/><T72/><D72/><U134/><E134/><V42/><F6/><W56/><G71/><T34/><D34/><U44/><E44/><V117/><F2/><W111/><G89/><T57/><D91/><U74/><E74/><V129/><F117/><W7/><G22/><T96/><D3/><U77/><E77/><V86/><F19/><W95/><G95/><T132/><D132/><U35/><E0/><V79/><F42/><W26/><G26/><T54/><D47/><U85/><E110/><N who="0" m="42601" /><D39/><N who="2" m="14890" /><F79/><W25/><G111/><T31/><D31/><N who="2" m="11818" /><F76/><W29/><G29/><T37/><D37/><U18/><E75/><V84/><F84/><W53/><G133/><T21/><D21/><U135/><E135/><V130/><N who="2" m="32768" /><DORA hai="67" /><V50/><F50/><W115/><G106/><N who="0" m="63783" /><D98/><U45/><E35/><V4/><F4/><W80/><G97/><T32/><D32/><U23/><E33/><V43/><F43/><W125/><G107/><T46/><D46/><U92/><E45/><V24/><F24/><W16/><G25/><T90/><D90/><U11/><E23/><V1/><F1/><W118/><G103/><T73/><D73/><U49/><E49/><AGARI ba="2,0" hai="8,9,49,54,57,120,121,122" m="63783,42601" machi="49" ten="40,5200,0" yaku="13,1,14,1,52,1" doraHai="55,67" who="0" fromWho="1" sc="198,58,366,-58,211,0,225,0" /><INIT seed="2,0,0,5,5,13" ten="256,308,211,225" oya="2" hai0="52,29,85,32,96,22,69,102,43,135,107,45,8" hai1="24,92,48,15,72,53,119,103,55,38,7,122,86" hai2="89,20,2,10,40,128,25,57,120,74,14,66,125" hai3="134,54,50,95,111,76,108,65,4,36,1,6,129"/><V91/><F120/><W127/><G36/><T34/><D69/><U71/><E38/><V49/><F2/><W26/><G65/><T87/><D135/><U113/><E72/><V5/><F74/><W70/><G70/><T99/><D8/><U64/><E119/><V63/><F128/><W77/><G134/><T117/><D117/><U39/><E39/><V80/><F125/><W105/><G105/><T35/><D99/><U62/><E113/><V56/><F80/><W131/><G95/><T93/><D43/><U114/><E114/><V82/><F82/><W60/><G60/><T104/><D104/><U121/><E24/><V42/><F42/><W61/><G26/><T68/><D68/><U18/><E7/><N who="3" m="2602" /><G61/><T47/><D47/><U132/><E132/><V115/><F115/><W21/><G21/><T81/><D107/><U118/><E118/><V101/><F101/><W90/><G90/><T33/><N who="0" m="8192" /><DORA hai="46" /><T106/><D106/><U19/><E15/><V88/><F57/><N who="3" m="32983" /><G1/><T12/><D81/><U0/><E55/><V73/><F73/><W130/><G127/><T100/><D100/><U27/><E27/><V17/><REACH who="2" step="1"/><F91/><REACH who="2" ten="256,308,201,225" step="2"/><W9/><G130/><T44/><D102/><U124/><E124/><V59/><F59/><W116/><G131/><T51/><D45/><AGARI ba="0,1" hai="5,10,14,17,20,25,40,45,49,56,63,66,88,89" machi="45" ten="40,24000,3" yaku="1,1,8,1,52,2,54,1,53,3" doraHai="13,46" doraHaiUra="84,37" who="2" fromWho="0" sc="256,-240,308,0,201,250,225,0" /><INIT seed="2,1,0,1,5,52" ten="16,308,451,225" oya="2" hai0="5,31,86,115,84,91,57,122,101,16,109,40,11" hai1="127,126,7,85,27,33,51,19,73,121,21,117,119" hai2="120,114,112,45,104,107,17,87,74,42,4,15,65" hai3="23,100,13,1,54,28,135,63,75,8,0,44,59"/><V97/><F74/><W113/><G75/><T46/><D115/><U82/><E73/><V66/><F120/><W111/><G111/><T128/><D122/><U81/><E121/><V18/><F4/><W34/><G113/><T22/><D109/><U83/><E33/><V99/><F87/><W78/><G34/><T103/><D31/><U77/><E7/><V94/><F42/><W24/><G78/><T88/><D128/><U49/><E81/><V102/><F45/><W37/><G135/><T108/><D108/><U58/><E83/><V134/><F15/><W124/><G124/><N who="1" m="47658" /><E58/><V96/><F96/><W76/><G76/><T50/><D11/><U68/><E68/><V41/><F94/><W90/><G100/><N who="0" m="38475" /><D5/><U92/><E92/><V60/><F102/><W131/><G90/><N who="0" m="34347" /><D57/><U80/><E80/><V71/><F71/><W129/><G44/><T79/><D79/><U43/><E43/><V67/><F41/><W105/><G105/><T64/><D64/><U132/><E132/><V55/><F67/><W26/><G131/><T118/><D118/><AGARI ba="1,0" hai="19,21,27,49,51,77,82,85,117,118,119" m="47658" machi="118" ten="30,1000,0" yaku="18,1" doraHai="52" who="1" fromWho="0" sc="16,-13,308,13,451,0,225,0" /><INIT seed="3,0,0,4,3,20" ten="3,321,451,225" oya="3" hai0="41,49,14,53,71,10,43,33,135,128,56,39,7" hai1="98,123,92,8,90,35,46,26,1,31,78,38,40" hai2="132,134,0,22,37,50,6,3,99,28,122,57,89" hai3="104,68,112,12,62,93,63,15,80,34,107,126,9"/><W86/><G112/><T60/><D33/><U79/><REACH who="1" step="1"/><E123/><REACH who="1" ten="3,311,451,225" step="2"/><V23/><F122/><W52/><G126/><T95/><D135/><U64/><E64/><V65/><F65/><W17/><G68/><T24/><D128/><U108/><E108/><V21/><F134/><W85/><G9/><T54/><D71/><U73/><E73/><V101/><F132/><W83/><G63/><T121/><D121/><U18/><E18/><V75/><F75/><W118/><G62/><T27/><D39/><U58/><E58/><V77/><F57/><W124/><G17/><T94/><D54/><U127/><E127/><V74/><F74/><W84/><G52/><N who="0" m="33799" /><D43/><U81/><E81/><V29/><F37/><W117/><G124/><T69/><D41/><U25/><E25/><N who="0" m="9801" /><D69/><U103/><E103/><V19/><F101/><W55/><G55/><T48/><D48/><U4/><AGARI ba="0,1" hai="1,4,8,26,31,35,38,40,46,78,79,90,92,98" machi="4" ten="30,7900,0" yaku="21,2,0,1,52,1,53,0" doraHai="20" doraHaiUra="119" who="1" fromWho="1" sc="3,-20,311,89,451,-20,225,-39" owari="-17,-52.0,400,20.0,431,53.0,186,-21.0" /></mjloggm>