<mjloggm ver="2.3"><GO type="169" lobby="0"/><UN n0="%E6%8A%BC%E3%81%99%E3%81%97%E5%B1%8B%E3%81%95%E3%82%93" n1="%E8%91%B5%E3%81%A1%E3%82%83%E3%82%93" n2="%EF%BC%93%E7%95%AA%E3%82%B7%E3%83%A7%E3%83%BC%E3%83%88%E5%9D%82%E7%94%B0" n3="%E3%81%A6%E3%82%93%E3%81%A6%E3%81%93%E7%8B%90" dan="16,16,17,16" rate="2107.44,2107.07,2182.83,2199.85" sx="M,F,M,M"/><TAIKYOKU oya="0"/><INIT seed="0,0,0,0,4,48" ten="250,250,250,250" oya="0" hai0="111,37,72,19,81,8,17,78,63,75,119,11,14" hai1="64,47,61,52,100,33,133,120,74,51,104,76,77" hai2="38,69,66,135,20,73,49,23,114,3,16,122,46" hai3="18,126,94,103,59,71,86,91,24,55,123,4,84"/><T97/><D119/><U30/><E120/><V129/><F122/><W85/><G71/><T132/><D132/><U6/><E133/><V7/><F129/><W25/><G123/><T21/><D37/><U108/><E108/><V42/><F42/><W45/><G126/><T43/><D43/><U13/><E74/><V28/><F135/><W115/><G115/><T127/><D127/><U95/><E104/><V96/><F73/><W60/><G4/><T44/><D44/><U93/><E33/><V79/><F38/><W26/><G103/><T36/><D36/><U58/><E30/><V70/><F79/><N who="1" m="30281" /><E100/><V57/><F28/><W10/><G45/><T2/><D111/><U98/><E98/><V65/><F96/><W31/><G31/><T82/><D97/><U32/><E32/><V88/><F70/><W110/><REACH who="3" step="1"/><G110/><REACH who="3" ten="250,250,250,240" step="2"/><T121/><D121/><U105/><E105/><V27/><F69/><W117/><G117/><T5/><D75/><U89/><E89/><V87/><F88/><W134/><G134/><T83/><REACH who="0" step="1"/><D63/><REACH who="0" ten="240,250,250,240" step="2"/><U39/><E39/><V107/><F114/><W22/><G22/><T106/><D106/><U29/><E29/><V9/><F20/><W35/><G35/><T40/><D40/><U0/><E0/><V50/><F23/><W125/><G125/><T101/><D101/><U53/><E61/><V41/><F107/><W67/><G67/><T92/><D92/><U80/><E64/><V34/><F65/><W113/><G113/><T124/><D124/><U68/><E95/><V128/><F66/><W118/><G118/><T99/><D99/><RYUUKYOKU ba="0,2" sc="240,15,250,-15,250,-15,240,15" hai0="2,5,8,11,14,17,19,21,72,78,81,82,83" hai3="10,18,24,25,26,55,59,60,84,85,86,91,94" /><INIT seed="0,1,2,4,1,80" ten="255,235,235,255" oya="0" hai0="26,2,74,52,60,79,36,1,94,15,39,5,32" hai1="132,115,81,111,112,28,56,10,8,99,129,119,66" hai2="42,109,16,31,9,101,44,71,40,48,11,127,43" hai3="12,53,70,25,46,69,57,47,110,54,29,61,14"/><T113/><D113/><N who="1" m="43595" /><E119/><V84/><F109/><W75/><G75/><T89/><D15/><U83/><E111/><V93/><F71/><W4/><G110/><T114/><D114/><U13/><E129/><V55/><F127/><W90/><G69/><T91/><D91/><U116/><E116/><V23/><F31/><W50/><G70/><T76/><D36/><U59/><E132/><V77/><F101/><W35/><G4/><T130/><D39/><U120/><E120/><V21/><F21/><W72/><G72/><T38/><D38/><U82/><E28/><V100/><F100/><W30/><G30/><T125/><D125/><U134/><E134/><V6/><F6/><W33/><G33/><T0/><D5/><N who="1" m="3215" /><E66/><V87/><F77/><W19/><G19/><T128/><D74/><U68/><E68/><V73/><F73/><W78/><G78/><T18/><D76/><U106/><E10/><N who="2" m="3595" /><F93/><W92/><REACH who="3" step="1"/><G47/><REACH who="3" ten="255,235,235,245" step="2"/><T108/><D79/><U97/><E106/><V133/><F133/><W7/><G7/><T103/><D108/><U3/><E3/><V96/><F96/><AGARI ba="1,3" hai="12,14,25,29,35,46,50,53,54,57,61,90,92,96" machi="96" ten="30,3900,0" yaku="1,1,7,1,53,1" doraHai="80" doraHaiUra="27" who="3" fromWho="2" sc="255,0,235,0,235,-42,245,72" /><AGARI ba="1,0" hai="56,59,81,82,83,96,97,99" m="3215,43595" machi="96" ten="30,1000,0" yaku="11,1" doraHai="80" who="1" fromWho="2" sc="255,0,235,10,193,-10,317,0" /><INIT seed="1,0,0,2,5,106" ten="255,245,183,317" oya="1" hai0="51,52,20,123,53,110,108,57,112,84,126,47,86" hai1="92,43,56,18,54,125,132,122,118,42,128,80,17" hai2="67,99,97,3,101,105,39,36,130,103,30,60,21" hai3="76,89,131,69,119,82,74,107,79,90,23,95,93"/><U127/><E118/><V116/><F130/><W62/><G69/><T44/><D112/><U63/><E122/><V46/><F3/><W102/><G23/><T33/><D33/><U37/><E128/><V58/><F116/><W61/><G131/><T133/><D20/><U100/><E132/><V81/><F46/><W70/><G70/><T49/><D133/><U15/><E80/><V48/><F48/><W121/><G119/><T104/><D104/><U115/><E115/><V27/><REACH who="2" step="1"/><F81/><REACH who="2" ten="255,245,173,317" step="2"/><N who="3" m="45207" /><G61/><T6/><D123/><U64/><E37/><V75/><F75/><N who="3" m="43391" /><G62/><T25/><D51/><U98/><E43/><V87/><F87/><N who="3" m="52415" /><G121/><T68/><D49/><U13/><E42/><V31/><F31/><W134/><G134/><T78/><D47/><U34/><E127/><V73/><F73/><W11/><G11/><T91/><D44/><U55/><E125/><V135/><F135/><W124/><G124/><T65/><D126/><U117/><E117/><V85/><F85/><N who="3" m="52687" /><G107/><AGARI ba="0,1" hai="21,27,30,36,39,58,60,67,97,99,101,103,105,107" machi="107" ten="30,7700,0" yaku="1,1,7,1,9,1,53,1" doraHai="106" doraHaiUra="19" who="2" fromWho="3" sc="255,0,245,0,173,87,317,-77" /><INIT seed="2,0,0,2,2,57" ten="255,245,260,240" oya="2" hai0="40,115,3,47,108,14,55,9,43,41,76,24,64" hai1="12,87,60,61,13,30,2,31,98,100,0,125,72" hai2="59,22,69,73,27,89,130,131,93,56,88,65,11" hai3="114,21,117,90,7,42,49,110,18,85,33,78,122"/><V16/><F73/><W82/><G33/><T99/><D115/><U70/><E72/><V8/><F69/><W91/><G117/><T94/><D108/><U127/><E100/><V34/><F34/><W111/><G122/><T36/><D76/><U6/><E70/><V81/><F81/><W101/><G7/><T104/><D104/><U35/><E35/><V103/><F103/><W29/><G29/><T121/><D3/><U67/><E87/><V95/><F95/><W119/><G119/><T66/><D24/><U1/><E1/><V105/><F105/><W48/><G101/><T120/><D120/><U92/><E92/><V50/><F89/><N who="3" m="33803" /><G42/><T129/><D129/><N who="2" m="49162" /><F50/><W52/><G52/><T58/><D121/><U19/><E67/><V86/><F56/><W62/><G62/><AGARI ba="0,0" hai="8,11,16,22,27,59,62,65,86,88,93" m="49162" machi="62" ten="30,11600,0" yaku="19,1,52,1,54,2" doraHai="57" who="2" fromWho="3" sc="255,0,245,0,260,116,240,-116" /><INIT seed="2,1,0,4,0,21" ten="255,245,376,124" oya="2" hai0="8,11,71,132,39,100,73,19,124,44,74,72,97" hai1="123,120,17,112,102,76,64,79,62,69,38,37,28" hai2="36,108,18,20,4,2,33,118,47,77,68,43,57" hai3="60,40,111,26,25,128,78,135,75,70,106,53,89"/><V122/><BYE who="1" /><F118/><UN n1="%E8%91%B5%E3%81%A1%E3%82%83%E3%82%93" /><W90/><G106/><T56/><D71/><U5/><E112/><V34/><F68/><W101/><G101/><T6/><D124/><U59/><E5/><V23/><F122/><N who="1" m="46633" /><E28/><V105/><F105/><W80/><G40/><T115/><D115/><U29/><E29/><V93/><F20/><W24/><G111/><T46/><D132/><U96/><E17/><V15/><F108/><W103/><G103/><T85/><D39/><N who="1" m="14859" /><E69/><V12/><F12/><W82/><G135/><T88/><D19/><U42/><E42/><V125/><F125/><W81/><G128/><T49/><D56/><U129/><E129/><V58/><F93/><AGARI ba="1,0" hai="59,62,64,76,79,93,96,102" m="14859,46633" machi="93" ten="30,1000,0" yaku="13,1" doraHai="21" who="1" fromWho="2" sc="255,0,245,13,376,-13,124,0" /><INIT seed="3,0,0,2,3,89" ten="255,258,363,124" oya="3" hai0="80,100,122,18,113,102,3,20,39,5,58,107,65" hai1="31,112,64,2,34,32,12,87,26,45,94,28,16" hai2="38,92,126,135,83,55,27,51,129,56,24,30,13" hai3="41,98,1,49,86,23,74,11,123,53,101,29,44"/><W77/><G123/><T125/><D39/><U124/><E112/><V91/><F38/><W60/><G74/><T10/><D122/><U108/><E2/><V117/><F117/><W68/><G1/><T90/><D125/><U106/><E106/><V43/><F126/><W14/><G68/><T67/><D113/><U59/><E124/><V66/><F129/><W37/><G60/><T71/><D71/><U118/><E118/><V73/><F43/><W19/><G86/><T130/><D130/><U72/><E72/><V127/><F127/><W62/><G77/><T119/><D119/><U57/><E108/><V48/><F135/><W8/><G29/><T42/><D42/><U36/><E64/><V81/><F73/><W15/><G62/><T54/><D107/><U134/><E134/><V104/><F104/><W93/><REACH who="3" step="1"/><G15/><REACH who="3" ten="255,258,363,114" step="2"/><T46/><D3/><U17/><E12/><V120/><F13/><W121/><G121/><T0/><D0/><U69/><E69/><V35/><F120/><W40/><G40/><T133/><D133/><U110/><E31/><V70/><F70/><W99/><G99/><T63/><D63/><U105/><E28/><V21/><F66/><W97/><G97/><T9/><D67/><U131/><E131/><V128/><F128/><W6/><G6/><T84/><D5/><U88/><E110/><V82/><F30/><W116/><G116/><T50/><D65/><U76/><E76/><V75/><F75/><W96/><G96/><T61/><D61/><U109/><E109/><V95/><F24/><W111/><G111/><T47/><D84/><RYUUKYOKU ba="0,1" sc="255,-10,258,-10,363,-10,114,30" hai3="8,11,14,19,23,37,41,44,49,53,93,98,101" /><INIT seed="3,1,1,3,1,70" ten="245,248,353,144" oya="3" hai0="30,51,67,58,17,115,108,15,10,89,75,90,0" hai1="13,73,123,32,93,2,135,69,100,57,54,3,37" hai2="63,82,129,31,109,29,60,24,114,101,5,79,46" hai3="28,35,116,27,36,68,74,95,18,19,62,91,52"/><W111/><G116/><T56/><D75/><U14/><E123/><V94/><F114/><W61/><G74/><T112/><D108/><U126/><E73/><V50/><F109/><W9/><G111/><T45/><D30/><U121/><E69/><V59/><F5/><W133/><G133/><T113/><D0/><U77/><E135/><V110/><F110/><W34/><G34/><T81/><D67/><U118/><E121/><V38/><F38/><W72/><G72/><T43/><D81/><U128/><E32/><V104/><F104/><W117/><G117/><T120/><D120/><U96/><E77/><V80/><F129/><W53/><G36/><T124/><D124/><U87/><E37/><V47/><F47/><W48/><G9/><T16/><D17/><U119/><E87/><V40/><F60/><W125/><G125/><T33/><D33/><U78/><E78/><V41/><F41/><W132/><G132/><T64/><D64/><U11/><E128/><V25/><F29/><W106/><G106/><T65/><D65/><U122/><E126/><V105/><F105/><W99/><G68/><T98/><D98/><U39/><E122/><V107/><F107/><W66/><G66/><T12/><D12/><N who="1" m="4715" /><E39/><V7/><F7/><W26/><G53/><T76/><D76/><U86/><E3/><V92/><F79/><W6/><G6/><T1/><D1/><U42/><E2/><V21/><F24/><W127/><G127/><T103/><D103/><U23/><E118/><V88/><F101/><W83/><G26/><T20/><D10/><U85/><E119/><RYUUKYOKU ba="1,1" sc="245,30,248,-10,353,-10,144,-10" hai0="15,16,20,43,45,51,56,58,89,90,112,113,115" /><INIT seed="4,2,1,1,4,112" ten="275,238,343,134" oya="0" hai0="65,34,96,9,28,128,33,54,83,18,133,117,70" hai1="84,77,20,2,118,80,66,32,134,52,122,39,98" hai2="57,43,5,61,116,79,21,35,135,13,11,131,74" hai3="44,71,10,132,19,37,68,36,88,95,129,6,106"/><T25/><D128/><U72/><E32/><V12/><F35/><W86/><G106/><T120/><D120/><U81/><E122/><V26/><F131/><W1/><G129/><T4/><D133/><U125/><E118/><V89/><F135/><W100/><G132/><T17/><D117/><U114/><E134/><V113/><F113/><W40/><G100/><T15/><D34/><U53/><E39/><V126/><F126/><W76/><G36/><T3/><D54/><U73/><E114/><V23/><F116/><W75/><REACH who="3" step="1"/><G19/><REACH who="3" ten="275,238,343,124" step="2"/><T108/><D18/><U0/><E125/><V119/><F119/><W31/><G31/><T103/><D17/><U91/><E2/><V38/><F38/><W97/><G97/><T45/><D96/><U55/><E0/><V27/><F27/><W94/><G94/><T59/><D103/><U105/><E98/><V101/><F26/><W42/><G42/><T22/><D25/><U87/><E105/><V110/><F43/><W104/><G104/><T127/><D28/><U109/><E109/><V8/><F101/><W51/><G51/><T46/><D3/><U56/><E20/><V58/><F110/><W29/><G29/><T50/><D22/><U107/><E107/><V14/><F21/><W124/><G124/><T16/><D127/><U48/><E48/><V92/><F23/><W60/><G60/><T78/><D50/><U7/><REACH who="1" step="1"/><E7/><REACH who="1" ten="275,228,343,124" step="2"/><V115/><F5/><W121/><G121/><T90/><D4/><U85/><E85/><V49/><F115/><W62/><G62/><AGARI ba="2,3" hai="52,53,55,56,62,66,72,73,77,80,81,84,87,91" machi="62" ten="40,2600,0" yaku="1,1,54,1,53,0" doraHai="112" doraHaiUra="67" who="1" fromWho="3" sc="275,0,228,62,343,0,124,-32" /><INIT seed="5,0,0,3,1,108" ten="275,290,343,92" oya="1" hai0="54,90,97,8,127,87,72,121,125,39,63,47,16" hai1="117,3,7,109,19,130,111,21,116,12,1,86,27" hai2="60,75,78,77,126,53,22,80,120,124,70,131,132" hai3="73,67,135,26,128,65,44,101,104,33,14,58,15"/><U23/><E86/><V94/><F120/><W25/><G73/><T61/><D72/><U119/><E130/><V37/><F37/><W35/><G58/><T43/><D97/><U36/><E36/><V20/><F131/><W42/><G128/><T62/><D121/><U18/><REACH who="1" step="1"/><E7/><REACH who="1" ten="275,280,343,92" step="2"/><V2/><F75/><W89/><G135/><T98/><D87/><U69/><E69/><V115/><F70/><W49/><G35/><T28/><D125/><U107/><E107/><V106/><F132/><W46/><G33/><T113/><D127/><U114/><E114/><V102/><F106/><W134/><G104/><T6/><D113/><U5/><E5/><V118/><F124/><W10/><G134/><T24/><D6/><U79/><E79/><V99/><F126/><W82/><G10/><T133/><D133/><U103/><E103/><V64/><F115/><W91/><G101/><T122/><D122/><U32/><E32/><V68/><F77/><W13/><G82/><T112/><D112/><U95/><E95/><V52/><F68/><W74/><G74/><T59/><D39/><U100/><E100/><V57/><F78/><W129/><G129/><T11/><D98/><U50/><E50/><V29/><F80/><W40/><G13/><T96/><D96/><U9/><E9/><V71/><F71/><W93/><REACH who="3" step="1"/><G49/><REACH who="3" ten="275,280,343,82" step="2"/><T0/><D8/><U55/><E55/><V30/><F52/><W48/><G48/><T123/><D54/><U34/><E34/><V51/><F53/><W56/><G56/><T4/><D59/><U84/><E84/><V45/><F51/><RYUUKYOKU ba="0,2" sc="275,-15,280,15,343,-15,82,15" hai1="1,3,12,18,19,21,23,27,109,111,116,117,119" hai3="14,15,25,26,40,42,44,46,65,67,89,91,93" /><INIT seed="5,1,2,3,4,72" ten="260,295,328,97" oya="1" hai0="130,18,93,40,100,51,1,75,42,23,62,87,83" hai1="11,3,46,73,66,19,70,98,63,88,126,8,84" hai2="101,80,5,64,71,25,95,110,17,47,30,123,22" hai3="43,135,74,49,134,58,107,61,118,20,121,52,129"/><U2/><E73/><V39/><F110/><W31/><G107/><T45/><D1/><U103/><E126/><V120/><F5/><W89/><G31/><T53/><D130/><U12/><E46/><V6/><F6/><W38/><G74/><T14/><D75/><U119/><E119/><V34/><F80/><W65/><G89/><T27/><D62/><U50/><E50/><V76/><F76/><W13/><G20/><T67/><D67/><U113/><E11/><V106/><F106/><W86/><G13/><T9/><D93/><U99/><E113/><V112/><F112/><W108/><G86/><T33/><D100/><U114/><E114/><V32/><F32/><W37/><G121/><T24/><D33/><U59/><E70/><V115/><F115/><W10/><G10/><T77/><REACH who="0" step="1"/><D24/><REACH who="0" ten="250,295,328,97" step="2"/><U116/><E116/><V78/><F95/><W35/><G35/><T48/><D48/><U96/><REACH who="1" step="1"/><E103/><REACH who="1" ten="250,285,328,97" step="2"/><V57/><F101/><W26/><G118/><T56/><D56/><U132/><E132/><V92/><F120/><W36/><G129/><T122/><D122/><U125/><E125/><V111/><F123/><W102/><G102/><T79/><D79/><U90/><E90/><V105/><F111/><W117/><G117/><T124/><D124/><U29/><E29/><AGARI ba="1,4" hai="9,14,18,23,27,29,40,42,45,51,53,77,83,87" machi="29" ten="30,8000,1" yaku="1,1,7,1,8,1,52,1,53,1" doraHai="72" doraHaiUra="41" who="0" fromWho="1" sc="250,123,285,-83,328,0,97,0" /><INIT seed="6,0,0,1,1,73" ten="373,202,328,97" oya="2" hai0="31,115,56,33,92,87,102,118,114,7,13,63,121" hai1="65,66,39,0,129,58,80,52,107,36,16,30,60" hai2="20,27,77,1,88,24,104,97,3,38,75,26,116" hai3="21,44,9,127,15,59,14,99,2,106,53,62,29"/><V83/><F116/><W117/><G117/><T91/><D121/><U119/><E119/><V111/><F38/><W128/><G127/><T23/><D118/><U54/><E107/><V130/><F130/><W109/><G109/><T110/><D110/><U82/><E0/><V49/><F111/><W35/><G128/><T125/><D125/><U42/><E129/><V47/><F20/><W122/><G122/><T11/><D33/><U51/><E30/><V6/><F6/><W132/><G132/><T45/><D45/><N who="1" m="26039" /><E16/><V57/><F57/><W112/><G35/><T41/><D41/><U43/><E82/><V101/><REACH who="2" step="1"/><F88/><REACH who="2" ten="373,202,318,97" step="2"/><W86/><G21/><T64/><D23/><U126/><E126/><V8/><F8/><W84/><G29/><T5/><D31/><U96/><E39/><V40/><AGARI ba="0,1" hai="1,3,24,26,27,40,47,49,75,77,83,97,101,104" machi="40" ten="30,11700,0" yaku="1,1,0,1,52,1,53,1" doraHai="73" doraHaiUra="95" who="2" fromWho="2" sc="373,-39,202,-39,318,127,97,-39" /><INIT seed="6,1,0,5,2,42" ten="334,163,445,58" oya="2" hai0="77,20,68,12,22,61,90,6,102,41,129,40,59" hai1="115,4,13,58,24,113,50,87,121,53,123,122,130" hai2="126,60,132,128,26,133,80,57,134,19,17,1,32" hai3="124,55,64,35,18,39,33,93,27,104,52,125,74"/><V70/><F1/><W49/><G39/><T99/><D68/><U92/><E130/><V29/><F128/><W75/><G104/><T65/><D129/><U100/><E24/><V48/><F126/><W62/><G55/><T96/><D77/><U116/><E116/><V54/><F80/><W2/><G2/><T101/><D90/><N who="1" m="53343" /><E100/><V135/><N who="2" m="33792" /><DORA hai="67" /><V72/><F72/><W25/><G93/><T106/><D22/><U89/><E89/><V45/><F70/><W81/><G81/><T23/><D23/><U47/><E47/><V44/><F44/><W9/><G75/><T108/><D108/><U36/><E36/><V34/><F34/><W31/><G74/><T94/><D6/><U107/><E107/><V63/><F63/><W118/><G118/><T109/><D109/><U83/><E83/><V66/><AGARI ba="1,0" hai="17,19,26,29,32,45,48,54,57,60,66" m="33792" machi="66" ten="60,11700,0" yaku="0,1,20,1,52,1" doraHai="42,67" who="2" fromWho="2" sc="334,-40,163,-40,445,120,58,-40" /><INIT seed="6,2,0,1,3,29" ten="294,123,565,18" oya="2" hai0="124,46,102,23,103,126,134,76,79,71,105,68,118" hai1="41,70,25,44,132,119,116,74,19,117,67,90,104" hai2="28,91,112,87,84,11,27,113,35,122,94,13,56" hai3="59,15,58,125,81,78,21,5,66,64,26,85,30"/><V110/><F122/><W133/><G125/><T36/><D23/><U108/><E104/><V123/><F123/><W43/><G133/><T57/><D57/><U63/><E108/><V115/><F110/><W17/><G43/><T42/><D118/><U99/><E74/><V0/><F56/><W4/><G59/><T129/><D129/><U135/><E99/><N who="2" m="57823" /><F0/><W120/><G120/><T106/><D46/><U52/><E90/><V40/><F40/><W72/><G72/><T89/><D42/><U33/><E33/><V92/><F92/><W10/><G58/><T131/><D131/><U32/><E32/><V61/><F61/><W127/><G127/><T77/><D36/><N who="1" m="21543" /><E19/><AGARI ba="2,0" hai="11,13,19,27,28,35,84,87,112,113,115" m="57823" machi="19" ten="30,2900,0" yaku="15,1,52,1" doraHai="29" who="2" fromWho="1" sc="294,0,123,-35,565,35,18,0" /><INIT seed="6,3,0,1,3,124" ten="294,88,600,18" oya="2" hai0="31,120,20,94,135,65,46,131,60,44,79,114,52" hai1="95,62,92,68,35,132,50,89,99,3,17,15,48" hai2="69,25,19,110,45,72,130,34,118,109,41,66,108" hai3="28,106,98,21,18,107,2,39,10,102,5,125,67"/><V103/><F118/><W24/><G125/><T22/><D79/><U90/><E3/><V81/><F103/><W47/><G39/><T97/><D120/><U40/><E35/><V42/><F66/><W64/><G47/><T30/><D94/><U78/><E78/><V11/><F69/><W51/><G51/><T113/><D97/><U71/><E132/><V93/><F93/><W76/><G76/><T121/><D60/><U14/><E62/><V129/><F81/><W119/><G119/><T63/><D63/><U83/><E83/><V61/><F72/><W56/><G56/><T54/><D65/><U33/><E33/><V70/><F70/><W77/><G107/><T55/><D55/><U7/><E7/><V16/><F61/><W29/><G29/><T32/><D32/><U122/><E17/><N who="2" m="6731" /><F11/><W80/><REACH who="3" step="1"/><G28/><REACH who="3" ten="294,88,600,8" step="2"/><T38/><D31/><U75/><E48/><N who="2" m="26671" /><F42/><W86/><AGARI ba="3,1" hai="2,5,10,18,21,24,64,67,77,80,86,98,102,106" machi="86" ten="20,2700,0" yaku="1,1,0,1,7,1,53,0" doraHai="124" doraHaiUra="116" who="3" fromWho="3" sc="294,-10,88,-10,600,-16,8,46" /><INIT seed="7,0,0,2,3,43" ten="284,78,584,54" oya="3" hai0="115,124,71,128,17,18,50,59,30,54,35,12,79" hai1="22,102,14,127,69,134,46,58,64,74,68,60,37" hai2="21,95,25,108,133,98,10,11,132,53,112,40,56" hai3="8,20,3,7,38,13,117,116,61,126,78,0,123"/><W77/><G38/><T45/><D71/><N who="1" m="42375" /><E14/><V119/><F108/><W34/><G123/><T5/><D124/><U101/><E22/><V87/><F112/><W88/><G126/><T76/><D128/><U32/><E32/><V24/><F119/><W121/><G121/><T113/><D5/><U16/><E16/><V1/><F1/><W75/><G34/><T93/><D18/><U72/><E101/><V94/><F40/><W57/><G75/><T70/><D59/><U97/><E102/><V44/><F44/><W2/><G20/><T47/><D54/><U23/><E97/><V92/><F98/><W33/><G33/><T4/><D50/><U110/><E23/><V63/><F87/><W28/><G28/><T135/><D70/><N who="1" m="27243" /><E74/><V105/><F105/><W84/><G117/><T118/><D118/><U15/><E15/><V99/><F99/><W39/><G39/><T48/><D135/><N who="2" m="51786" /><F25/><W26/><G26/><T73/><D73/><U90/><E72/><V86/><F86/><W9/><G9/><T103/><D35/><U31/><E58/><V52/><F53/><W106/><G106/><T6/><D30/><AGARI ba="0,0" hai="10,11,21,24,30,52,56,63,92,94,95" m="51786" machi="30" ten="30,2000,0" yaku="20,1,54,1" doraHai="43" who="2" fromWho="0" sc="284,-20,78,0,584,20,54,0" owari="264,6.0,78,-32.0,604,71.0,54,-45.0" /></mjloggm>