<mjloggm ver="2.3"><GO type="169" lobby="0"/><UN n0="%E6%B2%B3%E5%B6%8B%4B%4B" n1="%E3%81%A1%E3%82%87%E3%82%8A%E3%81%8A" n2="%6B%5F%6D%5F%62" n3="%E8%8A%B1%E6%A1%9C%E9%87%8C" dan="19,18,16,16" rate="2242.57,2200.37,2153.33,2106.25" sx="M,M,M,M"/><TAIKYOKU oya="0"/><INIT seed="0,0,0,1,0,46" ten="250,250,250,250" oya="0" hai0="54,61,115,75,29,113,23,82,83,8,4,11,97" hai1="32,80,58,41,101,85,60,129,122,100,28,59,89" hai2="22,108,45,73,111,107,37,25,50,33,120,68,99" hai3="15,84,114,20,27,94,79,92,126,21,105,123,3"/><T81/><D75/><U56/><E122/><V118/><F120/><W43/><G3/><T125/><D125/><U132/><E129/><V49/><F118/><W18/><G105/><T130/><D130/><U52/><E132/><V77/><F33/><W119/><G114/><T124/><D124/><U31/><E41/><N who="2" m="22703" /><F68/><W42/><G119/><T35/><D35/><U69/><E69/><V131/><F131/><W19/><G126/><T0/><D11/><U39/><E39/><V128/><F128/><W91/><G123/><T106/><D29/><N who="1" m="11339" /><E32/><V40/><F40/><W64/><G64/><T95/><D106/><U30/><N who="1" m="11347" /><U109/><DORA hai="26" /><E109/><N who="2" m="42059" /><F77/><W63/><G79/><T47/><D115/><U72/><E72/><V10/><F73/><W74/><G74/><T55/><D113/><U76/><E76/><V110/><N who="2" m="42067" /><V53/><DORA hai="133" /><F53/><W9/><G63/><T134/><D134/><U16/><E16/><N who="2" m="12487" /><F10/><W88/><G9/><T7/><D8/><U57/><AGARI ba="0,0" hai="52,56,57,58,59,60,80,85,89,100,101" m="11347" machi="57" ten="40,12000,2" yaku="8,1,52,4,54,1" doraHai="46,26,133" who="1" fromWho="1" sc="250,-60,250,120,250,-30,250,-30" /><INIT seed="1,0,0,3,2,91" ten="190,370,220,220" oya="1" hai0="116,41,12,79,103,78,118,49,98,123,120,109,73" hai1="128,80,112,30,16,114,55,83,23,47,127,39,11" hai2="117,45,32,2,46,126,31,97,40,94,96,25,101" hai3="9,24,75,108,37,7,21,87,50,0,33,129,62"/><U10/><E30/><V76/><F126/><W42/><G75/><T1/><D1/><U38/><E127/><V124/><F124/><W135/><G37/><T67/><D67/><U113/><E128/><V100/><F117/><W93/><G33/><T59/><D12/><U51/><E39/><V72/><F2/><W57/><G129/><T122/><D59/><U35/><E35/><V92/><F40/><W27/><G108/><T84/><D49/><U34/><E34/><V90/><F90/><W36/><G36/><T26/><D26/><U60/><E38/><V5/><F5/><W65/><G135/><T125/><D41/><U88/><E60/><V18/><REACH who="2" step="1"/><F18/><REACH who="2" ten="190,370,210,220" step="2"/><W105/><G42/><T111/><D125/><U54/><E80/><AGARI ba="0,1" hai="25,31,32,45,46,72,76,80,92,94,96,97,100,101" machi="80" ten="40,8000,1" yaku="1,1,2,1,9,1,52,2,53,0" doraHai="91" doraHaiUra="4" who="2" fromWho="1" sc="190,0,370,-80,210,90,220,0" /><INIT seed="2,0,0,4,5,98" ten="190,290,300,220" oya="2" hai0="71,113,76,111,21,102,91,97,124,106,29,81,66" hai1="39,88,58,108,120,95,42,60,17,109,56,53,131" hai2="10,79,135,78,87,74,115,100,5,89,126,34,69" hai3="12,94,96,11,55,114,77,31,63,123,112,57,7"/><V99/><F115/><W28/><G123/><T105/><D113/><N who="3" m="43625" /><G77/><T24/><D111/><N who="1" m="42571" /><E120/><V32/><F126/><W127/><G127/><T67/><D124/><U23/><E131/><V83/><F135/><W33/><G33/><T41/><D106/><U119/><E56/><V44/><F69/><W59/><G59/><T82/><D71/><U128/><E42/><V25/><F25/><W107/><G107/><T90/><D41/><U68/><E68/><V19/><F19/><W132/><G132/><T80/><REACH who="0" step="1"/><D76/><REACH who="0" ten="180,290,300,220" step="2"/><U18/><E128/><V62/><F79/><W6/><G6/><T86/><D86/><N who="1" m="52631" /><E39/><V73/><F78/><W129/><G129/><T37/><D37/><U92/><E119/><V36/><F36/><W40/><G40/><T47/><D47/><U103/><E23/><V52/><F44/><W61/><G61/><T0/><D0/><U48/><E60/><V22/><F22/><W14/><G14/><T27/><D27/><U49/><E48/><V2/><F34/><W85/><G31/><T118/><D118/><U9/><E9/><V45/><F32/><W110/><G28/><T35/><D35/><U15/><E15/><V130/><F130/><W54/><G110/><T121/><D121/><U50/><E49/><N who="2" m="28719" /><F62/><W104/><G104/><T30/><D30/><U1/><E1/><V65/><F2/><W20/><G20/><T70/><D70/><U46/><E46/><V116/><F116/><W13/><G13/><T125/><D125/><U133/><E133/><V122/><F122/><W43/><G43/><T75/><D75/><U117/><E117/><RYUUKYOKU ba="0,1" sc="180,15,290,15,300,-15,220,-15" hai0="21,24,29,66,67,80,81,82,90,91,97,102,105" hai1="17,18,50,53,58,92,103" /><INIT seed="3,1,1,3,3,114" ten="195,305,285,205" oya="3" hai0="129,86,124,11,118,30,64,128,44,35,111,120,126" hai1="134,12,55,75,109,52,116,61,50,60,27,14,99" hai2="28,33,121,37,77,79,45,76,80,84,117,32,23" hai3="81,92,39,102,62,97,90,65,113,36,16,53,34"/><W68/><G113/><T96/><D64/><U66/><E75/><V9/><F121/><W91/><G34/><T1/><D44/><U19/><E109/><V132/><F132/><W56/><G81/><T22/><D86/><U87/><E134/><V123/><F117/><W107/><G90/><T104/><D104/><U4/><E116/><V88/><F123/><W59/><G16/><T63/><D63/><U71/><E99/><V98/><F98/><W135/><G68/><T122/><D96/><U100/><E100/><V26/><REACH who="2" step="1"/><F9/><REACH who="2" ten="195,305,275,205" step="2"/><W85/><REACH who="3" step="1"/><G135/><REACH who="3" ten="195,305,275,195" step="2"/><T20/><D118/><U67/><E71/><V38/><F38/><W58/><G58/><T51/><D122/><U24/><E67/><V18/><F18/><W70/><G70/><T110/><D120/><U106/><E19/><V40/><AGARI ba="1,3" hai="23,26,28,32,33,37,40,45,76,77,79,80,84,88" machi="40" ten="30,4000,0" yaku="1,1,0,1,54,1,53,0" doraHai="114" doraHaiUra="46" who="2" fromWho="2" sc="195,-11,305,-11,275,73,195,-21" /><INIT seed="4,0,0,1,0,73" ten="184,294,348,174" oya="0" hai0="11,70,6,87,18,94,13,60,132,121,135,82,31" hai1="79,100,134,33,16,35,55,112,64,25,77,92,40" hai2="1,95,52,63,89,0,50,17,117,76,102,48,129" hai3="53,8,9,15,71,39,96,83,47,36,101,128,14"/><T22/><D121/><U62/><E40/><V126/><F129/><W32/><G32/><T122/><D122/><U123/><E123/><V65/><F126/><W91/><G71/><T118/><D118/><U61/><E33/><V28/><F28/><W113/><G128/><T59/><D70/><U85/><E35/><V37/><F37/><W12/><G113/><T103/><D31/><U46/><E64/><V4/><F102/><W23/><G23/><T58/><D94/><U72/><E72/><V44/><F17/><W69/><G69/><T104/><D103/><U90/><E100/><V51/><F117/><W20/><G20/><T30/><D30/><U108/><E108/><V26/><F26/><W42/><G53/><T41/><D104/><U133/><E112/><V98/><F76/><N who="1" m="29257" /><E46/><V67/><F67/><W80/><G39/><T114/><D41/><U116/><E116/><V2/><F4/><W97/><G83/><T78/><D114/><U38/><E55/><V75/><F75/><W115/><G115/><T124/><D124/><U81/><E81/><V27/><F27/><W24/><G24/><T43/><D43/><U10/><E38/><V88/><REACH who="2" step="1"/><F89/><REACH who="2" ten="184,294,338,174" step="2"/><W106/><REACH who="3" step="1"/><G96/><REACH who="3" ten="184,294,338,164" step="2"/><T7/><D78/><U107/><E25/><V49/><F49/><W21/><G21/><T130/><D22/><U3/><E62/><V125/><F125/><W93/><G93/><T105/><D130/><U111/><E61/><V57/><AGARI ba="0,2" hai="0,1,2,44,48,50,51,52,57,63,65,88,95,98" machi="57" ten="30,8000,1" yaku="1,1,0,1,54,2,53,1" doraHai="73" doraHaiUra="84" who="2" fromWho="2" sc="184,-40,294,-20,338,100,164,-20" /><INIT seed="5,0,0,3,4,98" ten="144,274,438,144" oya="1" hai0="24,47,35,71,100,27,83,99,79,36,30,92,82" hai1="84,96,85,3,15,87,125,133,67,112,17,113,122" hai2="86,34,11,10,0,23,115,5,6,57,16,38,44" hai3="75,70,91,97,39,56,63,12,132,93,19,128,78"/><U18/><E122/><V62/><F34/><W110/><G39/><T108/><D108/><U127/><E3/><V65/><F115/><N who="1" m="44105" /><E133/><V26/><F86/><W80/><G70/><T76/><D71/><U51/><E67/><V123/><F123/><W94/><G132/><T74/><D27/><U21/><E51/><V120/><F120/><W121/><G110/><T58/><D58/><U55/><E55/><V40/><F0/><W68/><G68/><T54/><D54/><U135/><E135/><V32/><F32/><W89/><G128/><T59/><D59/><U118/><E118/><V28/><F11/><W31/><G31/><T129/><D129/><U46/><E46/><V116/><F116/><W69/><G69/><T25/><D25/><N who="1" m="14511" /><E96/><V77/><F28/><W20/><G121/><T66/><D66/><U42/><E42/><V109/><F109/><W48/><G48/><T4/><D4/><U43/><E43/><V52/><F6/><W8/><G56/><T13/><D13/><U37/><E37/><V53/><F53/><W114/><G63/><T134/><D134/><U50/><E50/><N who="2" m="26887" /><F65/><W1/><G114/><T104/><D47/><U107/><E107/><V33/><F38/><W124/><G1/><T102/><D36/><U101/><E101/><V41/><F41/><W61/><G61/><T14/><D14/><U88/><E88/><V117/><F117/><W103/><G91/><N who="0" m="55711" /><D104/><U131/><E131/><V72/><F33/><W7/><G89/><T119/><D119/><U64/><E64/><V2/><F62/><W45/><G45/><T90/><D90/><RYUUKYOKU ba="0,0" sc="144,15,274,15,438,-15,144,-15" hai0="24,30,35,74,76,79,82,83,100,102" hai1="15,18,84,85,87,125,127" /><INIT seed="5,1,0,3,4,8" ten="159,289,423,129" oya="1" hai0="112,93,117,108,30,64,19,52,42,12,4,124,32" hai1="50,91,26,59,46,121,111,55,89,47,10,65,123" hai2="7,27,128,62,23,70,67,76,31,127,45,115,29" hai3="113,75,20,72,54,35,107,85,134,34,92,61,135"/><U80/><E111/><V21/><F127/><W0/><G107/><T82/><D108/><U79/><E123/><V118/><F118/><W36/><G0/><T101/><D117/><U100/><E100/><V126/><F126/><W1/><G1/><T58/><D124/><U5/><E26/><V98/><F128/><W25/><G36/><T15/><D32/><U11/><E11/><V74/><F115/><W81/><G75/><T86/><D30/><U132/><E132/><V6/><F45/><W24/><G72/><T49/><D112/><U53/><E65/><V73/><F73/><W131/><G131/><T129/><D129/><U120/><E120/><V87/><F74/><W60/><G34/><T16/><D42/><U56/><E79/><V116/><F98/><W68/><G68/><T51/><D51/><U94/><E80/><V13/><F116/><W63/><G35/><T43/><D43/><U22/><E22/><V88/><F76/><W78/><G113/><T130/><D64/><U95/><E121/><V83/><F31/><W119/><G119/><T57/><D57/><U104/><E104/><V41/><F41/><W17/><G135/><T44/><D58/><U105/><E105/><V96/><F96/><W106/><G106/><T71/><D71/><U33/><E33/><V114/><F114/><W103/><G134/><T110/><D110/><U69/><E69/><V99/><F99/><N who="3" m="59879" /><G25/><T38/><D130/><U66/><E66/><V48/><F48/><W90/><G78/><N who="0" m="46423" /><D38/><U84/><E47/><V102/><F102/><W125/><G125/><T133/><D133/><RYUUKYOKU ba="1,0" sc="159,-15,289,-15,423,15,129,15" hai2="6,7,13,21,23,27,29,62,67,70,83,87,88" hai3="17,20,24,54,60,61,63,81,85,90" /><INIT seed="6,2,0,2,4,5" ten="144,274,438,144" oya="2" hai0="26,16,87,0,126,15,25,75,63,83,46,72,78" hai1="41,129,70,130,88,132,29,42,60,64,93,103,40" hai2="57,27,121,62,116,80,115,120,133,18,50,54,117" hai3="66,58,73,86,31,7,107,100,13,1,65,118,77"/><V97/><F133/><W122/><G118/><T23/><D0/><U14/><E132/><V127/><F115/><W4/><G122/><T20/><D126/><U68/><E103/><V3/><F3/><W12/><G73/><T105/><D105/><U30/><E70/><V114/><F114/><W81/><G1/><T134/><D134/><U92/><E93/><V44/><F80/><W95/><G107/><T36/><D26/><U111/><E111/><V6/><F6/><N who="3" m="2091" /><G31/><T84/><D75/><U90/><E90/><V91/><F18/><W119/><G119/><T85/><D63/><U2/><E2/><V56/><F97/><N who="3" m="59455" /><G66/><T45/><REACH who="0" step="1"/><D36/><REACH who="0" ten="134,274,438,144" step="2"/><U69/><E60/><AGARI ba="2,1" hai="12,13,58,60,65,77,81,86" m="59455,2091" machi="60" ten="30,1000,0" yaku="8,1" doraHai="5" who="3" fromWho="1" sc="134,0,274,-16,438,0,144,26" /><INIT seed="7,0,0,0,0,79" ten="134,258,438,170" oya="3" hai0="41,67,93,39,2,132,125,69,66,20,71,50,64" hai1="101,40,13,18,129,115,14,96,78,134,25,130,103" hai2="116,7,113,87,49,76,110,47,135,44,32,82,99" hai3="52,11,43,107,119,104,4,31,94,126,56,91,111"/><W117/><G43/><T68/><D2/><U89/><E115/><V72/><F110/><W123/><G31/><T12/><D12/><U34/><E78/><V38/><F116/><W81/><G123/><T92/><D20/><N who="1" m="13463" /><E34/><V97/><F135/><W118/><G111/><T22/><D22/><U86/><E40/><V112/><F32/><W9/><G9/><T133/><D93/><N who="1" m="58511" /><E103/><V98/><F72/><W19/><G126/><T36/><D92/><N who="1" m="54327" /><E134/><N who="0" m="51817" /><D125/><U95/><E95/><V75/><F38/><W30/><G94/><T128/><D128/><AGARI ba="0,0" hai="13,14,128,129,130" m="54327,58511,13463" machi="128" ten="30,1000,0" yaku="19,1" doraHai="79" who="1" fromWho="0" sc="134,-10,258,10,438,0,170,0" owari="124,-38.0,268,7.0,438,54.0,170,-23.0" /></mjloggm>