<mjloggm ver="2.3"><GO type="169" lobby="0"/><UN n0="%E3%83%9C%E3%83%9E%E3%83%BC" n1="%E8%B0%B7%E5%8F%A3%E3%81%93%E3%81%86%E3%81%B8%E3%81%84" n2="%E3%81%88%E3%81%88%E3%81%88%E3%81%88%E3%81%88%E3%81%88%E3%81%88" n3="%E7%99%BD%E9%AB%AA%E9%AC%BC" dan="16,17,16,17" rate="2168.51,2217.30,2101.10,2174.23" sx="M,M,M,M"/><TAIKYOKU oya="0"/><INIT seed="0,0,0,0,3,108" ten="250,250,250,250" oya="0" hai0="56,36,89,43,63,50,48,113,16,9,18,119,52" hai1="30,73,110,57,27,111,20,67,90,51,46,32,60" hai2="81,25,38,14,53,99,82,58,77,104,80,94,121" hai3="17,117,88,129,68,72,23,7,79,118,75,132,103"/><T91/><D119/><N who="3" m="45577" /><G68/><T101/><D101/><U131/><E131/><V55/><F121/><W105/><G7/><T61/><D36/><U78/><E90/><N who="0" m="34313" /><D113/><U45/><E32/><V127/><F38/><W11/><G11/><T33/><D33/><U41/><REACH who="1" step="1"/><E46/><REACH who="1" ten="250,240,250,250" step="2"/><V128/><F128/><W47/><G129/><T109/><D109/><U24/><E24/><V62/><F127/><W42/><G47/><N who="0" m="25727" /><D18/><U93/><E93/><V106/><F104/><W28/><G17/><T1/><D1/><U120/><E120/><V21/><F106/><W98/><G105/><T12/><AGARI ba="0,1" hai="9,12,16,50,52,56,61,63" m="25727,34313" machi="12" ten="30,6000,0" yaku="8,1,54,2" doraHai="108" who="0" fromWho="0" sc="250,70,240,-20,250,-20,250,-20" /><INIT seed="0,1,0,0,0,6" ten="320,220,230,230" oya="0" hai0="127,129,98,82,48,118,17,10,95,18,8,45,28" hai1="91,58,114,71,31,2,46,117,26,126,131,44,59" hai2="122,108,101,94,53,22,135,106,47,55,41,110,13" hai3="23,96,61,105,84,113,102,72,0,125,12,77,100"/><T30/><D118/><U70/><E2/><V37/><F122/><W32/><G0/><T78/><D127/><U133/><E91/><V93/><F135/><W76/><G32/><T40/><D129/><U104/><E104/><V34/><F34/><W83/><G113/><T132/><D132/><U85/><E85/><V128/><F106/><W5/><G125/><T107/><D107/><U4/><E4/><V20/><F128/><W90/><G5/><T119/><D119/><U121/><E26/><V16/><F22/><W42/><G42/><T52/><D40/><U67/><E31/><N who="0" m="11817" /><D82/><U25/><E25/><V123/><F123/><W15/><G102/><N who="0" m="60767" /><D78/><U14/><E121/><V60/><F94/><N who="3" m="54599" /><G77/><T24/><D17/><U92/><E92/><V65/><F93/><W39/><G39/><T51/><D51/><U63/><E117/><V79/><F101/><W116/><G116/><T109/><D109/><N who="2" m="42090" /><F79/><W35/><G35/><T21/><AGARI ba="1,0" hai="8,10,18,21,24,45,48,52" m="60767,11817" machi="21" ten="30,11700,0" yaku="8,1,52,2,54,1" doraHai="6" who="0" fromWho="0" sc="320,120,220,-40,230,-40,230,-40" /><INIT seed="0,2,0,0,2,47" ten="440,180,190,190" oya="0" hai0="14,42,20,97,86,51,3,34,77,44,45,79,15" hai1="98,82,120,62,49,53,134,58,24,4,89,69,54" hai2="11,19,88,130,38,60,21,8,103,75,32,61,128" hai3="64,72,112,56,36,1,129,84,29,66,91,121,35"/><T73/><D3/><U6/><E120/><V39/><F75/><W17/><G72/><T57/><D34/><U48/><E134/><V118/><F32/><W102/><G36/><N who="2" m="13865" /><F103/><W74/><G74/><T127/><D73/><U113/><E113/><V83/><F118/><W41/><G1/><T65/><D127/><U25/><E69/><V63/><F83/><W111/><G112/><T122/><D122/><U132/><E132/><V90/><F21/><W133/><G133/><T110/><D110/><U30/><E62/><V5/><F19/><W43/><G121/><T135/><D135/><U99/><E82/><V114/><F5/><N who="1" m="2153" /><E30/><V70/><F70/><W9/><G102/><T81/><D97/><N who="1" m="36875" /><E89/><N who="2" m="34411" /><F114/><W96/><G96/><T55/><D79/><U124/><E124/><V76/><F76/><W33/><G29/><T16/><D65/><U117/><E117/><V59/><F59/><AGARI ba="2,0" hai="24,25,48,49,53,54,58,59" m="36875,2153" machi="59" ten="30,3900,0" yaku="8,1,52,2" doraHai="47" who="1" fromWho="2" sc="440,0,180,45,190,-45,190,0" /><INIT seed="1,0,0,0,2,116" ten="440,225,145,190" oya="1" hai0="113,28,112,121,92,23,123,108,35,13,34,19,18" hai1="90,72,62,21,31,38,29,132,91,124,15,56,53" hai2="126,11,48,98,16,131,40,22,80,20,122,0,3" hai3="33,104,5,130,12,100,36,99,46,79,32,69,68"/><U39/><E72/><V129/><F80/><W86/><G130/><N who="2" m="49673" /><F98/><W58/><G58/><T128/><D92/><U97/><E124/><V81/><F81/><W107/><G107/><T17/><D108/><U55/><E132/><V49/><F40/><W105/><G105/><T61/><D61/><U95/><E39/><V54/><F49/><W30/><G86/><T1/><D1/><N who="2" m="586" /><F126/><W51/><G79/><T102/><D102/><U117/><E117/><V77/><F77/><W66/><G36/><T82/><D82/><U93/><E38/><V25/><F122/><N who="0" m="46602" /><D128/><U52/><E56/><N who="2" m="32839" /><F22/><W96/><G99/><T63/><D63/><U94/><E62/><V75/><F11/><W110/><G96/><T120/><N who="0" m="46610" /><T67/><DORA hai="45" /><D67/><U26/><E97/><V27/><F27/><W115/><G66/><T127/><D127/><U135/><E135/><V118/><F118/><W44/><G104/><T57/><D57/><U88/><E26/><V60/><F60/><W14/><G100/><T70/><D70/><U125/><E125/><V6/><F6/><W84/><G5/><T37/><D37/><U101/><E101/><V78/><F78/><W65/><G65/><T134/><D134/><U87/><E87/><V71/><F71/><W7/><G84/><T9/><D9/><U73/><E73/><AGARI ba="0,0" hai="16,20,25,73,75" m="32839,586,49673" machi="73" ten="30,3900,0" yaku="19,1,52,1,54,1" doraHai="116,45" who="2" fromWho="1" sc="440,0,225,-39,145,39,190,0" /><INIT seed="2,0,0,1,5,42" ten="440,186,184,190" oya="2" hai0="41,64,85,106,52,43,81,131,76,119,14,99,65" hai1="70,74,128,18,55,115,48,22,49,54,45,89,26" hai2="27,122,112,109,30,5,91,44,102,11,19,132,126" hai3="75,110,116,35,3,9,125,62,97,69,57,66,104"/><V21/><F112/><W117/><G57/><T68/><D68/><U46/><E115/><V60/><F122/><W0/><G125/><T127/><D127/><U29/><E128/><V36/><F126/><W129/><G129/><T133/><D131/><U15/><E70/><V83/><F132/><W4/><G110/><T82/><D133/><U10/><E74/><V50/><F109/><W71/><G71/><T12/><D106/><U120/><E89/><V7/><F36/><W58/><G58/><T6/><D99/><U37/><E37/><V28/><F102/><W121/><G121/><AGARI ba="0,0" hai="10,15,18,22,26,29,45,46,48,49,54,55,120,121" machi="121" ten="40,5200,0" yaku="9,1,52,2" doraHai="42" who="1" fromWho="3" sc="440,0,186,52,184,0,190,-52" /><INIT seed="3,0,0,4,4,48" ten="440,238,184,138" oya="3" hai0="29,77,115,18,34,127,113,101,42,75,97,8,93" hai1="64,94,70,43,45,118,30,98,110,78,114,116,79" hai2="26,132,92,76,2,1,57,82,102,14,73,88,65" hai3="24,37,131,23,85,72,106,69,71,135,56,35,105"/><W17/><G72/><T36/><D127/><U7/><E114/><N who="0" m="43529" /><D34/><U15/><E110/><V39/><F39/><W96/><G37/><T109/><D29/><U107/><E107/><V58/><F132/><W87/><G35/><T117/><D109/><U46/><E30/><V66/><F102/><W91/><G135/><T124/><D124/><U129/><E46/><V119/><F119/><N who="1" m="45609" /><E129/><V0/><F26/><W10/><G131/><T90/><D42/><U89/><E64/><V74/><F74/><W63/><G87/><T62/><D62/><U126/><E70/><V53/><F14/><W3/><G71/><T67/><D67/><U59/><E59/><V134/><F58/><W31/><G69/><T41/><D41/><U51/><E126/><V84/><REACH who="2" step="1"/><F134/><REACH who="2" ten="440,238,174,138" step="2"/><W121/><G121/><T32/><D36/><U25/><E25/><V5/><F5/><W33/><G3/><T122/><D101/><U44/><E44/><V104/><F104/><W38/><G38/><T16/><D122/><U61/><E7/><V11/><F11/><W123/><G10/><T20/><D8/><U80/><E15/><V95/><F95/><W47/><G123/><T40/><D93/><U50/><E45/><V100/><F100/><W4/><G47/><T130/><D75/><U120/><E43/><V86/><F86/><W9/><G4/><T6/><D40/><U13/><E120/><V99/><F99/><W12/><G96/><T60/><D130/><U52/><E13/><V68/><F68/><W54/><G9/><T133/><D117/><U49/><E80/><AGARI ba="0,1" hai="12,17,23,24,31,33,54,56,63,80,85,91,105,106" machi="80" ten="30,2900,0" yaku="7,1,52,1" doraHai="48" who="3" fromWho="1" sc="440,0,238,-29,174,0,138,39" /><INIT seed="3,1,0,3,3,56" ten="440,209,174,177" oya="3" hai0="129,115,22,91,106,134,28,127,101,54,93,42,89" hai1="110,114,83,76,13,38,29,11,15,19,96,126,43" hai2="45,105,123,35,44,112,68,3,124,122,55,17,109" hai3="120,41,77,23,6,80,58,111,113,66,92,108,69"/><W86/><G120/><N who="2" m="46121" /><F35/><W82/><G113/><T51/><D42/><U100/><E114/><V131/><F3/><W125/><G69/><T87/><D127/><U16/><E126/><V60/><F105/><W47/><G125/><T95/><D129/><U79/><E110/><N who="3" m="42026" /><G6/><T32/><D32/><U0/><E0/><V52/><F109/><W72/><G92/><T50/><D134/><U98/><E29/><V48/><F112/><W9/><G9/><T40/><D40/><U1/><E1/><V36/><F124/><W12/><G12/><T85/><D115/><U71/><E71/><V61/><F131/><W90/><G23/><T84/><D84/><U37/><E43/><N who="2" m="22631" /><F68/><W117/><G117/><T57/><D106/><U14/><E14/><V119/><F119/><W73/><G58/><T26/><D101/><U74/><E100/><V53/><F17/><W133/><G66/><T103/><D103/><U46/><E46/><V31/><F31/><W2/><G2/><T81/><D81/><U63/><E83/><V8/><F8/><W75/><G133/><T5/><D5/><U107/><E107/><V94/><F94/><W30/><G30/><T104/><D104/><U10/><E74/><V34/><F34/><W121/><G121/><T70/><D70/><U102/><E102/><V18/><F18/><W128/><G128/><T62/><AGARI ba="1,0" hai="22,26,28,50,51,54,57,62,85,87,89,91,93,95" machi="62" ten="20,8000,1" yaku="0,1,7,1,9,1,8,1,52,1" doraHai="56" who="0" fromWho="0" sc="440,83,209,-21,174,-21,177,-41" /><INIT seed="4,0,0,3,2,53" ten="523,188,153,136" oya="0" hai0="15,89,131,50,78,26,74,80,1,98,60,2,83" hai1="77,95,120,0,16,84,30,99,54,4,79,67,104" hai2="5,73,14,59,76,43,33,66,68,117,135,101,123" hai3="87,28,23,111,88,100,57,8,134,25,65,63,64"/><T7/><D131/><U114/><E120/><V75/><F33/><W20/><G111/><T70/><D26/><U82/><E104/><V19/><F68/><W6/><G134/><T91/><D15/><U81/><E30/><V42/><F123/><W40/><G40/><T55/><D7/><U130/><E130/><V51/><F135/><W109/><G109/><T69/><D69/><U44/><E114/><V105/><F5/><W11/><G100/><T41/><D41/><U122/><E122/><V102/><F75/><W71/><G71/><T37/><D37/><U36/><E67/><V17/><F76/><W61/><G23/><T62/><D62/><U116/><E116/><V121/><F73/><W46/><G46/><T32/><D32/><U103/><E36/><V113/><F117/><W90/><G90/><T18/><D18/><U48/><E4/><V92/><F105/><W126/><G126/><T86/><D91/><U29/><E29/><V3/><F3/><W106/><G106/><T127/><D98/><U31/><E31/><V129/><F129/><W39/><G39/><T107/><D107/><U132/><E132/><V110/><F113/><W10/><G6/><T52/><D127/><U108/><E108/><V38/><F110/><W133/><G133/><T119/><D119/><U24/><E0/><V12/><F38/><W47/><G47/><T72/><D72/><N who="1" m="43175" /><E24/><V94/><F121/><W97/><G97/><T9/><D9/><U45/><E16/><V118/><F118/><W27/><G27/><T13/><D1/><U49/><E45/><V124/><F19/><RYUUKYOKU ba="0,0" sc="523,-10,188,30,153,-10,136,-10" hai1="44,48,49,54,79,82,84,95,99,103" /><INIT seed="5,1,0,1,0,24" ten="513,218,143,126" oya="1" hai0="13,16,135,133,120,50,85,2,104,17,78,134,131" hai1="27,73,65,62,6,114,42,111,130,44,113,94,29" hai2="83,118,127,36,95,8,14,84,71,82,122,90,1" hai3="89,109,48,53,52,63,15,106,69,10,79,117,26"/><U59/><E73/><V77/><F118/><W119/><G106/><T11/><D104/><U126/><E126/><V43/><F1/><W40/><G109/><T105/><D105/><U38/><E130/><V100/><F100/><W37/><G79/><T20/><D120/><U21/><E6/><V66/><F127/><W129/><G129/><T112/><D112/><U68/><E111/><V23/><F122/><W81/><G26/><N who="0" m="14599" /><D131/><U9/><E9/><V88/><F23/><W25/><G25/><T46/><D2/><U101/><E68/><V56/><F71/><W19/><G53/><N who="0" m="29911" /><D85/><U128/><E128/><V45/><F66/><W76/><G37/><T80/><D80/><U28/><E29/><V107/><F107/><W110/><G110/><T41/><D78/><U75/><E75/><V32/><F32/><W47/><G76/><T49/><D49/><U34/><E34/><V102/><F56/><W51/><G51/><T61/><D61/><U12/><E12/><V31/><F83/><W74/><G74/><T0/><D0/><U98/><AGARI ba="1,0" hai="21,27,28,38,42,44,59,62,65,94,98,101,113,114" machi="98" ten="30,11700,0" yaku="0,1,25,2,52,1" doraHai="24" who="1" fromWho="1" sc="513,-40,218,120,143,-40,126,-40" /><INIT seed="5,2,0,2,4,33" ten="473,338,103,86" oya="1" hai0="104,63,75,44,103,26,102,85,61,124,70,15,97" hai1="116,0,80,20,16,128,12,29,53,82,111,83,77" hai2="95,38,10,6,114,115,57,134,119,8,54,81,132" hai3="101,84,74,2,9,43,5,90,19,65,36,40,86"/><U66/><E116/><V78/><F38/><W30/><G30/><T105/><D75/><U121/><E121/><V126/><F119/><W108/><G108/><T122/><D122/><U87/><E111/><V32/><F32/><W98/><G74/><T131/><D131/><U56/><E128/><V34/><F34/><W117/><G117/><T49/><D124/><U88/><E0/><N who="2" m="71" /><F95/><W135/><G135/><N who="2" m="51753" /><F10/><W69/><G36/><T112/><D112/><N who="2" m="43050" /><F126/><W24/><G19/><T4/><D4/><U113/><E113/><V18/><F18/><W47/><G24/><T62/><D70/><U31/><E66/><V73/><F54/><W51/><G43/><T125/><D125/><U120/><E120/><V11/><F11/><W60/><REACH who="3" step="1"/><G90/><REACH who="3" ten="473,338,103,76" step="2"/><T3/><D26/><U92/><REACH who="1" step="1"/><E77/><REACH who="1" ten="473,328,103,76" step="2"/><V21/><F21/><W42/><G42/><T71/><D71/><U130/><E130/><V59/><AGARI ba="2,2" hai="57,59,73,78,81" m="43050,51753,71" machi="59" ten="40,8000,1" yaku="20,1,15,1,11,1,52,1" doraHai="33" who="2" fromWho="2" sc="473,-22,328,-42,103,106,76,-22" /><INIT seed="6,0,0,4,5,29" ten="451,286,209,54" oya="2" hai0="118,71,39,43,42,15,82,59,0,111,8,16,20" hai1="12,60,130,17,86,83,122,119,33,105,76,23,70" hai2="57,66,85,64,89,44,50,49,54,132,32,125,90" hai3="100,11,92,35,116,78,67,53,127,96,94,97,74"/><V120/><F125/><W52/><G116/><T95/><D71/><U37/><E119/><V134/><F32/><W91/><G127/><T110/><D118/><U101/><E37/><V48/><F120/><W13/><G67/><T41/><D82/><U99/><E122/><V45/><F85/><W79/><G35/><T36/><D95/><U21/><E130/><V19/><F19/><W113/><G113/><T117/><D117/><U124/><E124/><V56/><F50/><W69/><G69/><T18/><D59/><U63/><E33/><V61/><F54/><N who="3" m="21099" /><G74/><T2/><D2/><U93/><E70/><V58/><REACH who="2" step="1"/><F58/><REACH who="2" ten="451,286,199,54" step="2"/><W77/><G78/><T123/><D123/><U9/><E105/><V62/><AGARI ba="0,1" hai="44,45,48,49,56,57,61,62,64,66,89,90,132,134" machi="62" ten="25,18000,2" yaku="1,1,2,1,0,1,22,2,53,2" doraHai="29" doraHaiUra="46" who="2" fromWho="2" sc="451,-60,286,-60,199,190,54,-60" owari="391,49.0,226,-17.0,389,19.0,-6,-51.0" /></mjloggm>