<mjloggm ver="2.3"><GO type="185" lobby="0"/><UN n0="%70%6F%6E%5F%6B%61%73%75" n1="%E3%81%97%E3%82%87%E3%81%86%E3%81%90%E3%82%93%EF%BC%94" n2="%E4%BD%90%E8%97%A4%E7%BE%8E%E5%92%8C%E5%AD%90" n3="" dan="16,17,16,0" rate="2153.78,2224.85,2140.01,1500.00" sx="M,M,M,C"/><TAIKYOKU oya="0"/><INIT seed="0,0,0,4,1,53" ten="350,350,350,0" oya="0" hai0="97,94,36,128,63,33,90,101,135,1,103,88,47" hai1="91,118,124,127,121,112,123,50,78,85,38,2,105" hai2="76,32,107,73,108,64,55,86,75,66,77,89,113" hai3=""/><T67/><D1/><U45/><N who="1" m="31008" /><U109/><N who="1" m="31520" /><U37/><E118/><V69/><F32/><T61/><D33/><U68/><E68/><V98/><F113/><T122/><N who="0" m="31264" /><T82/><D128/><U130/><E105/><V43/><F43/><T102/><D135/><U111/><E78/><V87/><F108/><N who="1" m="41545" /><E2/><V119/><F107/><T125/><D125/><N who="1" m="48203" /><E130/><V48/><F69/><T49/><D36/><U120/><N who="1" m="30752" /><U56/><E112/><V62/><F77/><T0/><D67/><U132/><E56/><V52/><F76/><T3/><D3/><U65/><E65/><V54/><F54/><T93/><D82/><U129/><E132/><V35/><F64/><T114/><D0/><U39/><E129/><V117/><F66/><T99/><D114/><U57/><E57/><V51/><F117/><T74/><D74/><U126/><N who="1" m="48211" /><U44/><DORA hai="81" /><E50/><V116/><F51/><T84/><D84/><U60/><E60/><V100/><F48/><T42/><AGARI ba="0,0" hai="42,47,49,61,63,88,90,93,94,97,99,101,102,103" m="31264" machi="42" ten="30,8000,1" yaku="0,1,9,1,8,1,52,1,54,1" doraHai="53,81" who="0" fromWho="0" sc="350,80,350,-40,350,-40,0,0" /><INIT seed="0,1,0,0,1,135" ten="430,310,310,0" oya="0" hai0="45,58,52,114,119,81,35,56,65,84,106,54,104" hai1="116,134,71,85,100,42,109,68,66,62,37,43,128" hai2="0,99,90,44,113,41,93,102,57,51,33,2,73" hai3=""/><T92/><D114/><U53/><E116/><V80/><F113/><T103/><D119/><U94/><E134/><V46/><F33/><T108/><D35/><U132/><E132/><V75/><F57/><T59/><D108/><U72/><E72/><V74/><F80/><T69/><D92/><U34/><E71/><V63/><F63/><T77/><D103/><U32/><E109/><V118/><F118/><T126/><D126/><U55/><E68/><V82/><F82/><T111/><D111/><U1/><E62/><V83/><F83/><T78/><D78/><U107/><E1/><V88/><F90/><T79/><D79/><U3/><E3/><V89/><F89/><T133/><D133/><U130/><E100/><V101/><F101/><T86/><D86/><U125/><E85/><V60/><F60/><T131/><D131/><U70/><E130/><V36/><REACH who="2" step="1"/><F102/><REACH who="2" ten="430,310,300,0" step="2"/><T61/><REACH who="0" step="1"/><D45/><REACH who="0" ten="420,310,300,0" step="2"/><U121/><E34/><V112/><F112/><T48/><D48/><U98/><E32/><V117/><F117/><T124/><D124/><U64/><E125/><V127/><F127/><T105/><AGARI ba="1,2" hai="52,54,56,58,59,61,65,69,77,81,84,104,105,106" machi="105" ten="40,5200,0" yaku="1,1,0,1,54,1,53,0" doraHai="135" doraHaiUra="91" who="0" fromWho="0" sc="420,74,310,-27,300,-27,0,0" /><INIT seed="0,2,0,3,2,66" ten="494,283,273,0" oya="0" hai0="132,120,124,35,106,67,61,47,103,122,133,102,65" hai1="48,39,3,64,49,42,60,58,38,56,86,98,114" hai2="2,79,112,107,96,55,69,72,99,37,105,125,32" hai3=""/><T118/><N who="0" m="30752" /><T33/><N who="0" m="31264" /><T50/><D118/><U121/><N who="1" m="31008" /><U59/><E3/><V111/><F55/><T131/><D124/><U41/><E98/><V128/><F79/><T117/><D117/><U89/><E114/><V46/><F46/><T97/><D103/><U77/><E77/><V80/><F80/><T94/><D131/><U88/><E86/><V63/><F63/><T93/><D67/><U0/><E0/><V119/><F96/><T123/><N who="0" m="31520" /><T34/><D94/><U84/><E84/><V40/><F107/><T126/><D126/><U36/><E60/><V54/><F105/><T130/><D130/><U100/><E100/><V85/><F128/><T104/><D104/><U44/><E64/><V76/><F125/><T135/><D106/><U108/><E108/><V45/><F111/><T82/><D82/><U51/><E44/><V53/><F45/><T57/><D33/><U127/><E127/><V1/><F32/><T90/><D102/><U134/><E134/><V43/><F2/><T81/><D81/><U71/><REACH who="1" step="1"/><E71/><REACH who="1" ten="494,273,273,0" step="2"/><V68/><F69/><T78/><D78/><U110/><E110/><V74/><F76/><T92/><D92/><U91/><AGARI ba="2,1" hai="36,38,39,41,42,48,49,51,56,58,59,88,89,91" m="31008" machi="91" ten="50,24000,5" yakuman="40" doraHai="66" doraHaiUra="113" who="1" fromWho="1" sc="494,-162,273,254,273,-82,0,0" /><INIT seed="1,0,0,0,3,69" ten="332,527,191,0" oya="1" hai0="79,46,94,1,0,62,86,58,126,100,123,97,118" hai1="114,3,133,83,99,45,80,105,104,49,38,43,107" hai2="70,37,57,88,66,41,131,120,87,60,92,101,44" hai3=""/><U102/><E114/><V119/><N who="2" m="30752" /><V55/><F131/><T59/><N who="0" m="31520" /><T82/><D126/><U84/><E3/><V39/><F119/><T128/><D128/><U98/><E133/><V96/><F39/><T64/><D118/><U74/><E74/><V42/><F42/><T71/><D59/><U77/><E83/><V50/><REACH who="2" step="1"/><F87/><REACH who="2" ten="332,527,181,0" step="2"/><T121/><N who="0" m="31008" /><T81/><D71/><U61/><E38/><V47/><F47/><T110/><D110/><U132/><E132/><V67/><F67/><T95/><D46/><U56/><E99/><V124/><F124/><T90/><REACH who="0" step="1"/><D82/><REACH who="0" ten="322,527,181,0" step="2"/><U68/><E68/><V52/><F52/><AGARI ba="0,2" hai="43,45,49,52,56,61,77,80,84,98,102,104,105,107" machi="52" ten="30,2900,0" yaku="7,1,54,1" doraHai="69" who="1" fromWho="2" sc="322,0,527,49,181,-29,0,0" /><INIT seed="1,1,0,2,1,113" ten="322,576,152,0" oya="1" hai0="59,104,48,34,103,90,87,107,69,126,120,130,63" hai1="132,67,124,97,61,49,0,71,73,76,95,65,112" hai2="127,123,86,128,78,45,39,1,93,37,68,85,114" hai3=""/><U52/><E112/><V51/><N who="2" m="31520" /><V60/><F114/><T84/><N who="0" m="30752" /><T122/><N who="0" m="31264" /><T91/><D34/><U83/><E0/><V89/><F1/><T81/><D126/><U106/><E124/><V129/><F127/><T32/><D32/><U110/><E106/><V121/><N who="2" m="31008" /><V43/><F78/><T134/><D130/><N who="2" m="50282" /><F85/><T88/><D134/><U94/><E132/><V117/><F117/><T105/><D69/><U57/><E110/><V2/><F2/><T70/><D70/><U111/><E111/><V55/><F55/><T118/><D118/><U53/><E67/><AGARI ba="1,0" hai="37,39,43,45,51,60,67,68,86,89,93" m="50282,31008,31520" machi="67" ten="30,3900,0" yaku="19,1,52,2" doraHai="113" who="2" fromWho="1" sc="322,0,576,-41,152,41,0,0" /><INIT seed="2,0,0,5,2,129" ten="322,535,193,0" oya="2" hai0="111,52,82,78,92,50,94,34,123,104,53,115,135" hai1="51,69,118,1,64,37,72,32,45,109,96,89,43" hai2="113,70,41,116,107,56,55,102,46,99,60,134,93" hai3=""/><V54/><F113/><T47/><N who="0" m="31520" /><T90/><D34/><U76/><E118/><V83/><F116/><T120/><N who="0" m="30752" /><T133/><D104/><U105/><E1/><V106/><F70/><T59/><D115/><U87/><E76/><V110/><F110/><T114/><D111/><U49/><E72/><V130/><F130/><T127/><D127/><U0/><E0/><V2/><F2/><T101/><D101/><U131/><E131/><V75/><F55/><T119/><D119/><U74/><E74/><V125/><F125/><T63/><D114/><U121/><N who="1" m="31008" /><U66/><E32/><V42/><F42/><T44/><D44/><U91/><E45/><V36/><REACH who="2" step="1"/><F134/><REACH who="2" ten="322,535,183,0" step="2"/><N who="0" m="51210" /><D90/><U84/><E91/><V33/><F33/><T122/><N who="0" m="31264" /><T100/><D100/><U61/><E109/><V86/><F86/><AGARI ba="0,1" hai="47,50,52,53,59,63,78,82,86,92,94" m="31264,51210,30752,31520" machi="86" ten="30,16000,3" yaku="20,1,52,6,54,1" doraHai="129" who="0" fromWho="2" sc="322,170,535,0,183,-160,0,0" /><INIT seed="4,0,0,0,1,39" ten="492,535,23,0" oya="0" hai0="106,111,46,51,123,43,67,132,69,129,104,102,53" hai1="103,90,44,101,54,3,85,110,133,48,100,50,66" hai2="61,98,105,112,70,117,32,37,34,74,56,59,78" hai3=""/><T86/><N who="0" m="31520" /><T40/><D132/><U91/><E110/><V134/><F37/><T125/><D111/><U121/><N who="1" m="31008" /><U55/><E133/><V68/><F134/><T65/><D129/><U73/><E73/><V33/><F112/><T109/><D109/><U35/><E3/><V96/><F117/><T119/><D119/><U94/><E66/><V116/><F116/><T52/><D125/><U0/><E0/><V76/><F105/><T49/><D102/><U72/><E72/><V84/><F84/><T62/><D67/><U122/><N who="1" m="31264" /><U130/><E35/><V2/><F74/><T42/><REACH who="0" step="1"/><D86/><REACH who="0" ten="482,535,23,0" step="2"/><U131/><REACH who="1" step="1"/><E91/><REACH who="1" ten="482,525,23,0" step="2"/><V36/><F33/><T41/><N who="0" m="10240" /><DORA hai="107" /><T47/><AGARI ba="0,2" hai="46,47,49,51,52,53,62,65,69,104,106" m="10240,31520" machi="47" ten="40,24000,4" yaku="1,1,4,1,0,1,9,1,52,5,54,1,53,1" doraHai="39,107" doraHaiUra="60,126" who="0" fromWho="0" sc="482,260,525,-120,23,-120,0,0" owari="742,69.0,405,1.0,-97,-70.0,0,0.0" /></mjloggm>