<mjloggm ver="2.3"><GO type="169" lobby="0"/><UN n0="%68%61%69%6A%69%6E%35%35" n1="%E3%81%A8%E3%81%B3%E3%81%BE%E3%81%93" n2="%E8%A5%BF%E5%B2%A1%E8%82%B2%E6%9C%AA%E2%99%AA" n3="%41%4D%41%4C%49%41" dan="16,16,16,16" rate="2097.19,2091.40,2104.65,2099.75" sx="M,M,F,M"/><TAIKYOKU oya="0"/><INIT seed="0,0,0,3,0,19" ten="250,250,250,250" oya="0" hai0="85,6,117,22,75,48,73,131,119,52,59,8,41" hai1="90,50,14,46,56,54,37,32,55,105,60,77,11" hai2="91,51,133,109,92,94,111,21,26,0,34,30,87" hai3="129,82,67,107,53,114,43,35,127,125,124,102,7"/><T2/><D131/><U31/><E105/><V121/><F121/><W5/><G114/><T33/><D33/><U126/><E126/><V120/><F120/><W71/><G129/><T38/><D85/><U113/><E113/><V76/><F0/><W96/><G53/><T58/><D58/><U89/><E37/><V115/><F115/><W122/><G122/><T28/><D38/><U24/><REACH who="1" step="1"/><E77/><REACH who="1" ten="250,240,250,250" step="2"/><V80/><F109/><W81/><G107/><T72/><REACH who="0" step="1"/><D41/><REACH who="0" ten="240,240,250,250" step="2"/><U66/><E66/><V123/><F123/><W128/><G67/><T65/><D65/><U69/><E69/><V44/><F111/><W116/><G71/><T130/><D130/><U10/><E10/><V23/><F133/><W118/><G128/><T99/><D99/><U64/><E64/><V4/><F76/><W62/><G43/><T110/><D110/><U79/><E79/><V70/><F70/><W15/><G127/><T17/><D17/><AGARI ba="0,2" hai="11,14,17,24,31,32,46,50,54,55,56,60,89,90" machi="17" ten="30,3900,0" yaku="1,1,7,1,53,1" doraHai="19" doraHaiUra="45" who="1" fromWho="0" sc="240,-39,240,59,250,0,250,0" /><INIT seed="1,0,0,5,1,64" ten="201,299,250,250" oya="1" hai0="62,129,102,54,58,95,11,21,131,63,28,61,25" hai1="18,106,133,88,98,22,35,42,81,114,49,112,113" hai2="43,85,90,32,2,48,37,122,96,103,78,8,77" hai3="104,26,72,57,109,101,24,126,46,99,38,123,111"/><U65/><E133/><V117/><F32/><W70/><G123/><T53/><D11/><U93/><E35/><V121/><F37/><W97/><G72/><T10/><D10/><U41/><E106/><V67/><F117/><W118/><G118/><T3/><D3/><U115/><N who="1" m="28672" /><DORA hai="27" /><U47/><E65/><V1/><F1/><W107/><G126/><T69/><D69/><U132/><E132/><V71/><F43/><W125/><G125/><T33/><D33/><U30/><E30/><V16/><F48/><W7/><G57/><T44/><D53/><U68/><E68/><V55/><F55/><W91/><G7/><T120/><D120/><U84/><E42/><V45/><F45/><W6/><G6/><T40/><D95/><U15/><REACH who="1" step="1"/><E81/><REACH who="1" ten="201,289,250,250" step="2"/><V5/><F67/><W19/><G70/><T52/><D54/><U31/><E31/><V13/><F71/><W60/><G107/><T116/><D116/><U92/><E92/><N who="2" m="58759" /><F122/><W100/><G104/><T79/><D40/><U89/><E89/><V0/><F121/><W74/><G91/><T124/><D124/><U127/><E127/><V9/><F0/><W76/><G101/><T66/><D66/><U59/><E59/><V50/><F90/><W130/><G100/><T34/><D102/><U86/><AGARI ba="0,1" hai="15,18,22,41,47,49,84,86,88,93,98" m="28672" machi="86" ten="60,18000,2" yaku="1,1,0,1,54,1,53,4" doraHai="64,27" doraHaiUra="80,83" who="1" fromWho="1" sc="201,-60,289,190,250,-60,250,-60" /><INIT seed="1,1,0,1,1,28" ten="141,479,190,190" oya="1" hai0="61,73,111,27,52,95,114,105,85,87,37,56,115" hai1="102,74,30,1,68,36,29,71,8,80,75,117,78" hai2="46,48,69,79,42,84,76,131,49,123,94,133,24" hai3="63,12,34,11,5,59,15,50,45,26,16,89,110"/><U124/><E117/><V101/><F69/><W83/><G110/><T2/><D105/><U7/><E124/><V35/><F123/><W103/><G103/><T53/><D2/><U98/><E74/><V39/><F131/><W122/><G122/><T44/><D73/><U77/><E77/><V23/><F133/><W54/><G26/><T55/><D111/><U128/><E128/><V64/><F35/><W14/><G14/><T107/><D107/><U90/><E90/><N who="2" m="53575" /><F39/><W22/><G89/><T40/><D95/><U60/><E36/><V134/><F64/><W0/><G0/><T72/><D72/><U58/><E71/><V17/><F134/><W125/><G125/><T91/><D91/><U47/><E47/><N who="2" m="25719" /><F101/><W21/><G83/><T20/><D115/><U116/><E68/><V65/><F65/><W18/><G34/><T43/><D114/><U104/><REACH who="1" step="1"/><E116/><REACH who="1" ten="141,469,190,190" step="2"/><V67/><F67/><AGARI ba="1,1" hai="1,7,8,29,30,58,60,67,75,78,80,98,102,104" machi="67" ten="30,5800,0" yaku="1,1,2,1,7,1,53,0" doraHai="28" doraHaiUra="118" who="1" fromWho="2" sc="141,0,469,71,190,-61,190,0" /><INIT seed="1,2,0,4,3,73" ten="141,540,129,190" oya="1" hai0="15,11,50,86,39,92,68,32,84,35,23,115,36" hai1="133,61,4,124,96,67,28,45,129,72,49,93,105" hai2="95,17,33,52,51,3,83,81,101,128,97,112,7" hai3="29,40,78,53,60,127,110,116,25,22,135,14,80"/><U91/><E105/><V34/><F128/><W79/><G40/><T76/><D68/><U9/><E129/><V89/><F112/><W66/><G110/><T100/><D115/><U132/><E124/><V122/><F122/><W26/><G127/><T98/><D23/><U88/><E28/><V47/><F3/><W65/><G80/><T104/><D39/><U20/><E20/><V43/><F7/><W24/><G135/><T54/><D36/><U114/><E72/><V113/><F113/><W55/><G29/><T21/><D86/><U2/><E114/><V69/><F69/><W8/><G22/><T57/><D21/><U19/><E19/><V126/><F126/><W6/><G116/><T37/><D37/><U121/><E91/><V70/><F70/><W46/><G46/><T41/><D41/><U48/><E121/><V44/><F17/><W75/><G75/><T71/><D71/><N who="1" m="42479" /><E45/><V18/><F18/><W117/><G117/><T111/><D35/><U38/><E38/><V1/><F1/><W85/><G85/><T74/><D32/><U64/><E64/><N who="3" m="24682" /><G60/><T82/><D74/><U119/><E119/><V13/><F33/><W109/><G109/><T123/><D111/><U107/><E107/><V103/><F34/><W10/><G8/><T125/><D125/><U56/><E56/><V0/><F0/><W87/><G87/><T130/><D130/><U99/><E99/><V12/><F44/><W63/><G63/><T62/><D62/><U77/><E77/><AGARI ba="2,0" hai="6,10,14,24,25,26,53,55,77,78,79" m="24682" machi="77" ten="30,7700,0" yaku="8,1,52,3" doraHai="73" who="3" fromWho="1" sc="141,0,540,-83,129,0,190,83" /><INIT seed="2,0,0,0,3,111" ten="141,457,129,273" oya="2" hai0="19,56,73,57,100,55,98,2,78,84,86,50,60" hai1="110,109,26,7,74,104,12,52,59,38,13,34,96" hai2="95,30,87,3,101,79,118,42,122,89,36,68,61" hai3="53,6,33,116,112,62,63,90,48,27,1,114,130"/><V45/><F118/><W123/><G116/><T135/><D2/><U46/><E74/><V119/><F119/><W65/><G123/><T21/><D135/><U92/><E104/><V16/><F122/><W85/><G130/><T120/><D73/><U4/><E34/><V69/><F3/><W127/><G127/><T88/><D78/><U24/><E38/><V105/><F30/><N who="3" m="19679" /><G6/><N who="1" m="2090" /><E46/><V117/><F117/><W128/><G128/><T20/><D120/><U35/><E35/><V18/><F79/><W80/><G65/><T10/><D10/><U47/><E47/><V113/><F113/><N who="3" m="43627" /><G1/><T94/><D19/><U0/><E0/><V25/><F25/><W108/><G108/><N who="1" m="41578" /><E24/><V67/><F68/><W51/><G51/><T28/><D28/><U107/><E26/><V91/><F18/><W22/><G22/><T99/><D21/><U44/><E13/><V17/><F16/><W75/><G75/><T29/><D29/><U76/><E12/><V43/><F17/><W126/><G126/><T97/><D20/><U70/><E70/><V31/><F31/><W39/><G39/><T64/><REACH who="0" step="1"/><D86/><REACH who="0" ten="131,457,129,273" step="2"/><U83/><E76/><V14/><F87/><W103/><G103/><AGARI ba="0,1" hai="50,55,56,57,60,64,84,88,94,97,98,99,100,103" machi="103" ten="40,8000,1" yaku="1,1,2,1,8,1,54,1,53,1" doraHai="111" doraHaiUra="82" who="0" fromWho="3" sc="131,90,457,0,129,0,273,-80" /><INIT seed="3,0,0,1,3,31" ten="221,457,129,193" oya="3" hai0="38,34,132,124,21,61,76,25,18,135,5,93,56" hai1="121,70,123,6,128,87,72,83,47,11,14,127,77" hai2="24,51,92,102,7,73,1,134,95,79,54,98,106" hai3="42,43,23,69,68,97,66,30,49,115,81,85,75"/><W103/><G115/><T91/><D38/><U96/><E127/><V118/><F118/><W111/><G75/><T130/><D124/><U13/><E128/><V45/><F134/><N who="0" m="51242" /><D76/><U15/><E70/><V3/><F73/><W12/><G69/><T32/><D5/><U114/><E114/><V133/><F133/><W44/><G68/><T109/><D109/><U67/><E67/><V58/><F79/><W125/><G66/><N who="0" m="39207" /><D130/><U105/><E47/><V60/><F7/><W82/><G125/><T100/><D100/><U94/><E105/><V59/><F59/><W19/><G30/><T86/><AGARI ba="0,0" hai="18,21,25,32,34,86,91,93" m="39207,51242" machi="86" ten="30,4000,0" yaku="20,1,52,2" doraHai="31" who="0" fromWho="0" sc="221,40,457,-10,129,-10,193,-20" /><INIT seed="4,0,0,2,5,101" ten="261,447,119,173" oya="0" hai0="109,110,50,69,103,113,22,3,49,62,51,17,71" hai1="15,54,53,37,129,16,35,26,61,57,14,111,112" hai2="23,87,0,58,41,42,9,85,33,55,133,120,128" hai3="123,104,67,134,30,73,106,117,38,95,28,4,21"/><T25/><D113/><U105/><E111/><N who="0" m="42505" /><D3/><U81/><E105/><V125/><F33/><W60/><G117/><T77/><D77/><U27/><E37/><V93/><F120/><W31/><G73/><T131/><D62/><U29/><E129/><V99/><F125/><W79/><G38/><T63/><D63/><U8/><E112/><V48/><F133/><W115/><G115/><T82/><D82/><U5/><E26/><V47/><F41/><W56/><G79/><T86/><D86/><U10/><REACH who="1" step="1"/><E81/><REACH who="1" ten="261,437,119,173" step="2"/><V70/><F128/><W122/><G134/><T130/><D103/><U126/><E126/><V43/><F70/><AGARI ba="0,1" hai="17,22,25,49,50,51,69,70,71,130,131" m="42505" machi="70" ten="40,2000,0" yaku="10,1" doraHai="101" who="0" fromWho="2" sc="261,30,437,0,119,-20,173,0" /><INIT seed="4,1,0,1,2,24" ten="291,437,99,173" oya="0" hai0="30,41,105,7,59,15,46,16,94,26,101,76,31" hai1="129,27,81,83,110,90,115,14,75,8,58,42,92" hai2="71,61,6,34,43,0,118,35,22,72,89,128,19" hai3="102,79,11,65,37,91,40,54,51,122,119,25,45"/><T87/><D105/><U98/><E110/><V20/><F72/><W84/><G119/><T93/><D7/><U96/><E129/><V39/><F39/><W123/><G79/><T29/><D59/><U28/><E115/><V2/><F43/><W131/><G102/><T18/><D26/><U32/><E42/><V55/><F55/><W124/><G131/><T77/><D77/><U114/><E75/><V127/><F89/><W9/><G65/><T66/><D66/><U38/><E38/><V12/><F61/><W97/><G97/><T10/><D18/><U64/><E96/><V78/><F78/><W1/><G124/><T135/><D135/><U33/><E33/><N who="2" m="12299" /><F71/><W13/><G25/><T36/><REACH who="0" step="1"/><D101/><REACH who="0" ten="281,437,99,173" step="2"/><U117/><E27/><V107/><F107/><W57/><G1/><N who="2" m="617" /><F128/><W44/><G57/><T109/><D109/><U116/><E32/><V3/><F127/><W56/><G56/><T80/><AGARI ba="1,1" hai="10,15,16,29,30,31,36,41,46,76,80,87,93,94" machi="80" ten="30,18000,2" yaku="1,1,0,1,52,3,54,1,53,0" doraHai="24" doraHaiUra="60" who="0" fromWho="0" sc="281,193,437,-61,99,-61,173,-61" /><INIT seed="4,2,0,3,3,23" ten="474,376,38,112" oya="0" hai0="82,94,38,58,79,125,72,13,108,0,70,29,43" hai1="64,34,123,66,45,102,83,54,90,135,6,40,17" hai2="85,118,96,48,112,88,127,92,59,2,116,121,16" hai3="87,28,52,77,35,68,71,50,97,113,60,69,51"/><T105/><D70/><U31/><E123/><V26/><F2/><W98/><G113/><T117/><D0/><U5/><E135/><V55/><F121/><W78/><G60/><T22/><D105/><U122/><E122/><V110/><F110/><W53/><G35/><T42/><D125/><U120/><E102/><V107/><F127/><W84/><G28/><T100/><D117/><N who="2" m="45162" /><F112/><W18/><G18/><T19/><D38/><U126/><E54/><V33/><F33/><W1/><G71/><T27/><D108/><U39/><E17/><V89/><F107/><W41/><G1/><T128/><D128/><U32/><E32/><V4/><F4/><W10/><G41/><T7/><D58/><U14/><E14/><V130/><F130/><W30/><G30/><T134/><D134/><U133/><E120/><V106/><F106/><W132/><G10/><T8/><D7/><U57/><E57/><V67/><F67/><N who="1" m="25641" /><E133/><AGARI ba="2,0" hai="50,51,52,53,68,69,77,78,84,87,97,98,132,133" machi="133" ten="25,3200,0" yaku="22,2,54,1" doraHai="23" who="3" fromWho="1" sc="474,0,376,-38,38,0,112,38" /><INIT seed="5,0,0,1,2,89" ten="474,338,38,150" oya="1" hai0="20,81,31,34,63,111,131,127,129,119,93,30,21" hai1="92,109,16,113,4,29,48,83,100,134,99,26,47" hai2="116,125,46,50,53,86,132,106,76,56,10,41,57" hai3="95,61,25,90,122,7,44,80,73,128,133,54,101"/><U91/><E113/><V49/><F116/><W43/><G122/><T71/><D119/><U38/><E134/><V121/><F121/><W78/><G128/><N who="0" m="49227" /><D111/><U135/><E135/><V23/><F106/><W120/><G133/><T14/><D81/><U85/><E109/><V5/><F132/><W36/><G120/><T69/><D93/><U112/><E38/><V105/><F105/><W17/><G7/><T94/><D94/><U97/><E97/><V75/><F125/><W3/><G3/><T8/><D127/><U65/><E65/><V32/><F32/><W19/><G101/><T66/><D69/><U55/><E112/><V22/><F57/><W124/><G25/><N who="0" m="18799" /><D30/><U130/><E130/><V60/><F75/><W51/><G61/><T0/><D0/><U6/><REACH who="1" step="1"/><E16/><AGARI ba="0,0" hai="8,14,16,20,21,63,66,71" m="18799,49227" machi="16" ten="30,2000,0" yaku="19,1,54,1" doraHai="89" who="0" fromWho="1" sc="474,20,338,-20,38,0,150,0" /><INIT seed="6,0,0,1,1,135" ten="494,318,38,150" oya="2" hai0="89,122,80,15,0,51,17,88,3,90,75,83,85" hai1="6,114,96,9,4,77,94,132,130,13,18,54,1" hai2="56,71,30,117,73,33,131,126,37,78,87,27,10" hai3="108,128,97,39,26,101,110,23,119,86,111,95,44"/><V104/><F117/><W38/><G119/><T46/><D122/><U65/><E132/><V50/><F37/><W100/><G128/><T42/><D3/><U35/><E35/><V99/><F131/><W25/><G25/><T69/><D0/><U127/><E114/><V12/><F71/><W36/><G44/><T121/><D121/><U107/><E65/><V66/><F73/><W64/><G64/><T72/><D69/><U93/><E77/><V118/><F118/><W91/><REACH who="3" step="1"/><G97/><REACH who="3" ten="494,318,38,140" step="2"/><T109/><D109/><U129/><E96/><V60/><F126/><W74/><G74/><T106/><D106/><U57/><E107/><V68/><F99/><W21/><G21/><T16/><D17/><AGARI ba="0,1" hai="17,23,26,36,38,39,86,91,95,100,101,108,110,111" machi="17" ten="50,1600,0" yaku="1,1,53,0" doraHai="135" doraHaiUra="41" who="3" fromWho="0" sc="494,-16,318,0,38,0,140,26" /><INIT seed="7,0,0,5,0,28" ten="478,318,38,166" oya="3" hai0="32,122,63,46,57,116,75,114,133,60,29,105,83" hai1="49,13,80,68,66,17,41,25,131,86,119,27,61" hai2="9,42,24,98,33,124,111,30,8,18,39,76,40" hai3="96,50,125,120,65,101,44,123,52,87,91,74,15"/><W92/><G125/><T82/><D105/><U118/><E131/><V34/><F98/><W4/><G74/><T107/><D107/><U112/><E112/><V85/><F85/><W31/><G31/><T3/><D3/><U36/><E36/><V56/><F56/><W58/><G4/><T70/><D46/><N who="1" m="25807" /><E13/><V14/><F76/><W26/><G26/><T128/><D83/><U16/><E27/><V88/><F88/><W23/><G23/><T94/><D60/><U93/><E93/><V134/><F42/><W48/><G15/><T20/><D57/><U64/><E64/><V115/><F40/><W45/><G45/><T7/><D7/><U53/><E53/><V59/><F59/><W79/><G79/><T97/><D20/><U127/><E127/><V72/><F72/><W78/><G78/><T5/><D29/><U102/><E25/><V90/><F90/><W11/><G11/><N who="2" m="4169" /><F39/><W12/><G65/><T109/><D75/><U37/><E102/><V104/><F104/><W69/><G69/><T2/><D70/><U73/><E37/><V21/><F124/><W54/><G12/><T113/><D113/><U22/><E73/><V10/><F115/><W38/><G38/><T1/><D114/><U47/><E47/><V103/><F103/><W100/><G100/><T51/><D5/><U55/><E55/><V43/><F43/><W84/><G84/><T81/><D128/><U108/><E22/><N who="2" m="15639" /><F111/><W71/><G71/><T126/><D126/><U35/><E108/><V77/><N who="2" m="4177" /><V121/><DORA hai="99" /><F121/><W6/><G6/><T110/><D110/><RYUUKYOKU ba="0,0" sc="478,-10,318,-10,38,-10,166,30" hai3="44,48,50,52,54,58,87,91,92,96,101,120,123" /><INIT seed="7,1,0,5,1,104" ten="468,308,28,196" oya="3" hai0="39,24,8,57,129,75,102,38,11,49,51,41,98" hai1="16,131,69,18,125,0,65,30,85,70,61,23,31" hai2="56,94,58,2,53,83,7,135,89,44,105,17,67" hai3="134,21,121,78,47,14,77,68,133,130,74,80,113"/><W96/><G121/><T20/><D75/><U101/><E125/><V45/><F2/><W118/><G118/><T117/><D129/><U123/><E131/><V97/><F105/><W3/><G130/><T116/><D41/><U32/><E32/><V79/><F7/><W6/><G68/><T64/><D51/><U52/><E0/><V62/><F135/><N who="3" m="51723" /><G113/><T84/><D84/><U124/><E124/><V25/><F67/><W128/><G128/><T59/><D59/><U71/><E101/><V92/><F92/><W127/><G127/><T66/><D102/><U40/><E40/><V50/><F50/><W126/><G126/><T15/><D98/><U111/><E85/><V108/><F58/><W93/><G47/><T5/><D57/><U19/><E123/><V9/><F9/><N who="3" m="2271" /><G78/><T63/><D116/><U112/><E70/><V1/><F1/><W91/><G14/><T55/><D15/><U37/><E71/><V34/><F34/><W90/><G21/><T107/><D20/><U46/><E23/><V35/><F35/><W120/><G120/><T86/><D11/><U4/><E112/><V72/><REACH who="2" step="1"/><F108/><REACH who="2" ten="468,308,18,196" step="2"/><W43/><G43/><T27/><D117/><U106/><E111/><V33/><F33/><W110/><G110/><T36/><D8/><U99/><E69/><V82/><F82/><W115/><G115/><T76/><D76/><U103/><E46/><V13/><F13/><W87/><G96/><T22/><D22/><AGARI ba="1,1" hai="17,22,25,44,45,53,56,62,72,79,83,89,94,97" machi="22" ten="40,8000,1" yaku="1,1,25,2,52,1,53,0" doraHai="104" doraHaiUra="26" who="2" fromWho="0" sc="468,-83,308,0,18,93,196,0" owari="385,48.0,308,11.0,111,-39.0,196,-20.0" /></mjloggm>