<mjloggm ver="2.3"><GO type="169" lobby="0"/><UN n0="%E3%81%A4%E3%82%80%E3%81%90" n1="%4E%41%4E%4F%48%41" n2="%E3%81%8F%E3%81%86%E3%81%9F%E3%82%8D" n3="%E6%B2%96%E3%83%92%E3%82%AB%E3%83%AB%EF%BC%88%E6%9C%AC%E7%89%A9%EF%BC%89" dan="16,16,17,16" rate="2072.90,2079.82,2162.67,2065.42" sx="M,M,M,F"/><TAIKYOKU oya="0"/><INIT seed="0,0,0,1,2,85" ten="250,250,250,250" oya="0" hai0="2,23,8,87,125,73,21,134,98,35,29,96,44" hai1="11,25,69,56,18,101,88,102,61,37,42,79,71" hai2="68,119,70,122,124,15,118,78,76,31,99,81,127" hai3="86,107,84,54,58,75,121,132,91,41,10,19,133"/><T39/><D35/><U92/><E37/><V95/><F31/><W53/><G75/><T67/><D73/><U32/><E42/><V62/><F15/><W114/><G107/><T36/><D67/><U90/><E79/><N who="2" m="30251" /><F62/><W64/><G41/><T117/><D87/><N who="1" m="52255" /><E71/><N who="2" m="27179" /><F81/><W33/><G86/><T72/><D72/><U46/><E69/><V100/><F122/><W106/><G121/><T16/><D117/><AGARI ba="0,0" hai="95,99,100,117,118,119,124,127" m="27179,30251" machi="117" ten="40,1300,0" yaku="12,1" doraHai="85" who="2" fromWho="0" sc="250,-13,250,0,250,13,250,0" /><INIT seed="1,0,0,2,4,114" ten="237,250,263,250" oya="1" hai0="52,53,132,124,121,7,105,9,122,113,65,11,75" hai1="39,110,126,18,27,37,28,12,34,79,3,16,44" hai2="116,101,112,59,33,125,22,88,94,0,2,40,71" hai3="87,29,109,50,55,111,20,115,130,129,51,19,77"/><U117/><E117/><V42/><F71/><W68/><G68/><T91/><D113/><U100/><E3/><V118/><F33/><W8/><G115/><T21/><D75/><U30/><E126/><V54/><F112/><W60/><G77/><T23/><D105/><U123/><E123/><V48/><F101/><W13/><G87/><T99/><D65/><U135/><E28/><V97/><F2/><W5/><G60/><T131/><D124/><U1/><E1/><V32/><F32/><W108/><G29/><T84/><D99/><U35/><E135/><V95/><F0/><N who="3" m="39" /><G51/><T41/><D132/><U63/><E35/><V14/><F125/><W10/><G50/><T36/><D131/><N who="3" m="50185" /><G55/><T104/><D84/><U127/><E127/><V133/><F133/><W102/><G102/><T74/><D74/><U15/><E100/><V62/><F95/><W67/><G67/><T6/><D104/><U24/><E79/><V98/><F98/><W66/><G66/><T25/><D91/><U58/><E27/><V92/><F92/><W31/><G31/><T49/><D49/><U85/><E85/><V81/><F81/><W106/><G106/><T103/><D103/><U56/><E63/><V73/><F73/><W17/><G17/><N who="1" m="6762" /><E44/><V86/><F97/><W78/><G78/><T82/><D25/><U43/><E43/><N who="2" m="16427" /><F62/><W70/><G70/><T72/><D41/><U4/><E39/><V119/><F116/><W96/><G96/><T69/><D72/><U64/><E37/><V26/><F26/><W61/><G61/><T47/><D36/><U120/><E34/><RYUUKYOKU ba="0,0" sc="237,-15,250,-15,263,15,250,15" hai2="14,22,48,54,59,86,88,94,118,119" hai3="10,13,19,20,108,109,111" /><INIT seed="2,1,0,0,2,22" ten="222,235,278,265" oya="2" hai0="129,115,117,85,71,55,52,41,4,97,21,128,60" hai1="54,120,69,93,23,123,125,11,56,79,89,48,62" hai2="83,66,9,72,43,53,134,124,17,28,13,81,36" hai3="58,1,7,86,111,122,126,121,73,105,33,74,110"/><V40/><F124/><W94/><G33/><T130/><D115/><U80/><E125/><V68/><F134/><W82/><G7/><T106/><D117/><U49/><E11/><V135/><F135/><W45/><G1/><T64/><D4/><U0/><E0/><V42/><F36/><W102/><G126/><T77/><D41/><U107/><E107/><V133/><F133/><W29/><G29/><T10/><D10/><U12/><E69/><V116/><F116/><W99/><G58/><T118/><D118/><U132/><E132/><V24/><F72/><N who="3" m="27755" /><G45/><T39/><D39/><U103/><E103/><V47/><F66/><W2/><G2/><T100/><D21/><U76/><E12/><V113/><F113/><W34/><G34/><T38/><D38/><U35/><E35/><V108/><F108/><N who="3" m="41515" /><G105/><T90/><REACH who="0" step="1"/><D77/><AGARI ba="1,0" hai="77,82,86,94,99,102,121,122" m="41515,27755" machi="77" ten="30,3900,0" yaku="14,1,34,2" doraHai="22" who="3" fromWho="0" sc="222,-42,235,0,278,0,265,42" /><INIT seed="3,0,0,5,1,104" ten="180,235,278,307" oya="3" hai0="40,64,114,135,62,87,56,98,133,18,80,126,78" hai1="35,11,29,24,2,122,48,117,97,23,119,7,58" hai2="68,37,50,102,26,108,17,132,43,124,33,63,8" hai3="19,49,60,36,72,82,118,20,25,54,4,32,110"/><W30/><G118/><N who="1" m="45066" /><E97/><V47/><F108/><W77/><G36/><T14/><D126/><U21/><E58/><V38/><F132/><W41/><G110/><T71/><D114/><U111/><E48/><V127/><F102/><W57/><G4/><T3/><D3/><U123/><E111/><V55/><F8/><W90/><G90/><T103/><D71/><U12/><E23/><N who="2" m="13679" /><F33/><W31/><REACH who="3" step="1"/><G32/><REACH who="3" ten="180,235,278,297" step="2"/><T34/><D34/><U92/><E35/><V109/><F109/><W28/><G28/><T27/><D133/><U39/><E39/><V113/><F113/><W22/><G22/><T9/><D135/><U67/><E2/><V86/><F38/><W91/><G91/><T61/><D103/><U101/><E101/><V120/><F124/><W59/><G59/><T96/><D56/><U75/><E29/><V51/><F127/><W45/><AGARI ba="0,1" hai="19,20,25,30,31,41,45,49,54,57,60,72,77,82" machi="45" ten="30,11700,0" yaku="1,1,0,1,52,1,53,1" doraHai="104" doraHaiUra="15" who="3" fromWho="3" sc="180,-39,235,-39,278,-39,297,127" /><INIT seed="3,1,0,0,1,80" ten="141,196,239,424" oya="3" hai0="23,57,63,96,128,4,92,46,94,11,117,114,2" hai1="90,17,54,77,125,12,89,43,6,131,100,64,79" hai2="86,35,49,99,95,14,19,78,111,129,120,44,62" hai3="107,20,30,50,103,26,55,15,38,47,106,52,16"/><W82/><G38/><T115/><D117/><U66/><E43/><V76/><F111/><W102/><G106/><T75/><D75/><U36/><E36/><V130/><F35/><W112/><G107/><T7/><D7/><U0/><E100/><V51/><F120/><W74/><G112/><T22/><D94/><U37/><E37/><V124/><F124/><W97/><G97/><T31/><D46/><U59/><E125/><V81/><F62/><W72/><G72/><T70/><D70/><U34/><E34/><V56/><F78/><N who="1" m="29705" /><E6/><V10/><F56/><W88/><G55/><T108/><D108/><U1/><E1/><V73/><F73/><W53/><G53/><T85/><D128/><N who="2" m="49258" /><F44/><W29/><G74/><T119/><D119/><U133/><E0/><V109/><F109/><W60/><G60/><T3/><D2/><U24/><E24/><V25/><F25/><W28/><G26/><T71/><D71/><U13/><E133/><V68/><F68/><W132/><G132/><T118/><D118/><U8/><E12/><V69/><F69/><W110/><G110/><T84/><D31/><U40/><E131/><V126/><F126/><W39/><G39/><T67/><D114/><U61/><E40/><V45/><F45/><W93/><G93/><T113/><D113/><U27/><E27/><V104/><F104/><W116/><G116/><T83/><D83/><U101/><E66/><V41/><F41/><W48/><G48/><T91/><REACH who="0" step="1"/><D115/><REACH who="0" ten="131,196,239,424" step="2"/><U9/><E59/><V5/><F5/><W98/><G82/><T21/><AGARI ba="1,1" hai="3,4,11,21,22,23,57,63,67,84,85,91,92,96" machi="21" ten="30,8000,1" yaku="1,1,2,1,0,1,52,2,53,0" doraHai="80" doraHaiUra="121" who="0" fromWho="0" sc="131,93,196,-21,239,-21,424,-41" /><INIT seed="4,0,0,3,2,1" ten="224,175,218,383" oya="0" hai0="134,117,59,44,102,82,69,77,88,128,30,23,74" hai1="98,5,14,22,28,89,103,39,35,124,0,133,49" hai2="18,97,27,84,56,38,7,2,109,67,108,60,78" hai3="70,112,8,61,93,122,87,79,13,52,19,127,80"/><T85/><D117/><U119/><E119/><V129/><F38/><W37/><G112/><T46/><D69/><U135/><E39/><V58/><F129/><W36/><G127/><T95/><D128/><U26/><E124/><V76/><F108/><W11/><G122/><T72/><D72/><U41/><E89/><V51/><F109/><W53/><G53/><T16/><D134/><N who="1" m="51211" /><E41/><V73/><F73/><W104/><G104/><T57/><D30/><U90/><E90/><V131/><F84/><W6/><G93/><T118/><D118/><U120/><E49/><V55/><F97/><W107/><G107/><T106/><D46/><U92/><E120/><V29/><F18/><W99/><G99/><N who="0" m="61791" /><D44/><U40/><E40/><V94/><F94/><W33/><G33/><T114/><D114/><U130/><E130/><V113/><F113/><W111/><G111/><T123/><D123/><U125/><E125/><V126/><F126/><W91/><G91/><T121/><D121/><U110/><E110/><V20/><REACH who="2" step="1"/><F131/><REACH who="2" ten="224,175,208,383" step="2"/><W68/><G37/><T71/><D71/><U50/><E50/><V63/><F63/><W25/><G36/><T54/><D54/><U12/><E35/><V96/><F96/><W45/><G70/><T21/><D21/><U101/><E103/><V47/><F47/><W9/><G68/><T34/><D34/><U17/><E28/><V24/><F24/><AGARI ba="0,1" hai="16,23,24,57,59,74,77,82,85,88,95" m="61791" machi="24" ten="30,5800,0" yaku="24,1,54,2" doraHai="1" who="0" fromWho="2" sc="224,68,175,0,208,-58,383,0" /><INIT seed="4,1,0,3,2,116" ten="292,175,150,383" oya="0" hai0="27,25,16,127,80,119,56,8,97,7,19,101,45" hai1="132,11,70,34,54,129,77,109,23,102,71,82,4" hai2="62,69,125,46,64,13,53,35,134,15,74,26,90" hai3="65,124,120,75,38,24,133,78,47,50,135,31,68"/><T0/><D119/><U40/><E109/><V96/><F74/><W110/><G110/><T106/><D127/><U20/><E34/><V84/><F125/><W3/><G3/><T58/><D80/><U122/><E40/><V121/><F134/><W98/><G124/><T14/><D45/><U12/><E132/><N who="3" m="50762" /><G38/><T86/><D86/><U66/><E129/><V63/><F121/><W67/><G98/><T44/><D44/><U107/><E54/><V117/><F117/><W95/><G95/><T18/><REACH who="0" step="1"/><D0/><REACH who="0" ten="282,175,150,383" step="2"/><U104/><E82/><V73/><F46/><W52/><G120/><T9/><D9/><U22/><E122/><V33/><F84/><W130/><G130/><T131/><D131/><U83/><E83/><V28/><F73/><W1/><G1/><T128/><D128/><U30/><E77/><V79/><F79/><W57/><G78/><T61/><D61/><U59/><E11/><V51/><F63/><N who="3" m="38127" /><G75/><T10/><D10/><U115/><E4/><V48/><F62/><N who="3" m="40055" /><G31/><T49/><D49/><U32/><E30/><V100/><F51/><W88/><G24/><AGARI ba="1,1" hai="7,8,14,16,18,19,24,25,27,56,58,97,101,106" machi="24" ten="40,7700,0" yaku="1,1,54,1,53,1" doraHai="116" doraHaiUra="93" who="0" fromWho="3" sc="282,90,175,0,150,0,383,-80" /><INIT seed="4,2,0,3,5,8" ten="372,175,150,303" oya="0" hai0="54,1,20,76,14,126,24,33,82,117,12,29,62" hai1="118,19,119,84,88,26,94,30,120,97,134,89,80" hai2="57,38,99,23,111,65,17,44,52,75,105,124,2" hai3="73,48,34,69,0,5,28,70,40,3,112,74,130"/><T42/><D117/><U100/><E134/><V50/><F111/><W83/><G112/><T107/><D1/><U46/><E120/><V93/><F124/><W127/><G130/><T103/><D126/><U53/><E19/><V98/><F75/><W10/><G3/><T15/><D42/><U114/><E114/><V86/><F2/><W131/><G48/><T68/><D54/><U58/><E46/><V35/><F35/><W43/><G131/><T6/><D6/><U113/><E113/><V37/><F105/><W95/><G95/><T55/><D55/><U9/><E9/><V71/><F86/><W51/><G43/><T123/><D123/><U122/><E100/><V135/><F135/><W16/><G74/><T96/><D20/><U63/><REACH who="1" step="1"/><E122/><REACH who="1" ten="372,165,150,303" step="2"/><V101/><F44/><W27/><G127/><T39/><D39/><U72/><E72/><V102/><F102/><W60/><G73/><T132/><D132/><U115/><E115/><V59/><F38/><W110/><G110/><T66/><D14/><U85/><E85/><AGARI ba="2,1" hai="12,15,24,29,33,62,66,68,76,82,85,96,103,107" machi="85" ten="30,12000,1" yaku="7,1,25,2,52,2" doraHai="8" who="0" fromWho="1" sc="372,136,165,-126,150,0,303,0" /><INIT seed="4,3,0,1,4,60" ten="508,39,150,303" oya="0" hai0="8,87,117,71,4,66,6,44,106,132,46,29,105" hai1="0,112,35,64,55,2,93,129,114,39,95,22,12" hai2="10,45,58,65,91,135,17,84,1,92,14,82,23" hai3="19,51,74,31,40,38,47,73,126,113,110,3,108"/><T34/><D117/><U41/><E35/><V111/><F111/><W89/><G31/><T62/><D132/><U67/><E55/><V88/><F135/><W49/><G3/><T52/><D6/><U123/><E123/><V9/><F1/><W85/><G126/><T15/><D46/><N who="1" m="23871" /><E129/><V70/><F70/><W20/><G113/><N who="1" m="43626" /><E2/><V79/><F45/><W61/><G61/><T94/><D34/><U124/><E0/><V48/><F91/><W97/><G97/><T96/><D87/><U127/><E22/><V115/><F115/><W21/><G21/><T5/><D5/><U42/><E12/><V107/><F107/><W130/><G130/><T50/><D29/><U90/><E42/><V72/><REACH who="2" step="1"/><F65/><REACH who="2" ten="508,39,140,303" step="2"/><N who="1" m="25161" /><E93/><V27/><F27/><W125/><G110/><T56/><D71/><U99/><AGARI ba="3,1" hai="90,95,99,124,127" m="25161,43626,23871" machi="99" ten="30,8000,1" yaku="15,1,11,1,52,3" doraHai="60" who="1" fromWho="1" sc="508,-43,39,99,140,-23,303,-23" /><INIT seed="5,0,0,1,5,61" ten="465,138,117,280" oya="1" hai0="104,69,34,57,24,30,94,78,19,18,105,15,39" hai1="27,134,20,114,67,56,110,81,108,9,7,102,45" hai2="126,48,23,87,14,115,96,79,77,17,135,63,113" hai3="121,32,12,10,90,80,8,133,26,35,83,109,25"/><U75/><E114/><N who="2" m="43531" /><F126/><W71/><G109/><N who="1" m="42090" /><E134/><V86/><F135/><W99/><G71/><T132/><D69/><U6/><E102/><V131/><F131/><W120/><G133/><T38/><D19/><U59/><E45/><V64/><F48/><W103/><G90/><T117/><D104/><U73/><E81/><V4/><F96/><W82/><G99/><T41/><D105/><U97/><E97/><V101/><F4/><N who="1" m="1577" /><E9/><V124/><F124/><W119/><G103/><T100/><D132/><U122/><E122/><V2/><F2/><W50/><G83/><T91/><D100/><U42/><E42/><V52/><F101/><W28/><G82/><T118/><D41/><U93/><E93/><V46/><F46/><W31/><G80/><T36/><D78/><N who="2" m="29706" /><F52/><W66/><G120/><T3/><D3/><U125/><E125/><V5/><F5/><W29/><G121/><T21/><D94/><U85/><E85/><V76/><N who="2" m="29714" /><V33/><DORA hai="65" /><F33/><W60/><G35/><T88/><D91/><U51/><E51/><V116/><F116/><W47/><G50/><T72/><D88/><U11/><E11/><V89/><F89/><W128/><G10/><T84/><D84/><U68/><E75/><V55/><F55/><W16/><G47/><T49/><D72/><U123/><E73/><V13/><F13/><W92/><G119/><T130/><D130/><U95/><E95/><V107/><F107/><W1/><G92/><T44/><D44/><U0/><E0/><V112/><N who="2" m="43539" /><V37/><DORA hai="127" /><F37/><W43/><G128/><T111/><D111/><RYUUKYOKU ba="0,0" sc="465,15,138,-15,117,15,280,-15" hai0="15,18,21,24,30,34,36,38,39,49,57,117,118" hai2="14,17,23,63,64,86,87" /><INIT seed="6,1,0,4,1,73" ten="480,123,132,265" oya="2" hai0="81,11,107,108,132,99,127,90,51,27,119,41,50" hai1="76,72,61,69,66,40,125,112,79,97,96,95,49" hai2="71,74,46,0,38,86,133,18,84,104,130,62,92" hai3="82,53,10,118,30,48,120,6,39,60,91,134,44"/><V58/><F104/><W26/><G120/><T68/><D68/><U20/><E72/><V9/><F71/><W105/><G105/><T111/><D51/><U87/><E125/><V63/><F74/><W2/><G118/><T56/><D127/><U64/><E112/><V15/><F133/><W110/><G110/><T34/><D132/><U8/><E8/><V22/><F130/><W131/><G131/><T31/><D119/><U116/><E116/><V33/><F33/><W37/><G60/><T126/><D126/><U77/><E69/><V129/><F129/><W102/><G102/><T114/><D114/><U55/><E40/><V88/><F62/><W54/><G54/><T29/><D29/><U115/><E20/><V65/><F46/><W19/><G19/><T93/><D107/><U3/><E3/><V122/><F38/><W17/><G17/><T24/><D24/><U67/><E61/><V12/><F0/><W94/><G82/><T59/><D59/><N who="1" m="33263" /><E115/><V1/><F1/><W121/><G121/><T21/><D34/><U123/><E123/><V32/><F32/><N who="3" m="20567" /><G134/><T85/><D11/><U25/><E25/><V42/><F42/><W78/><G78/><T103/><D41/><U106/><E106/><V128/><F128/><W89/><G89/><AGARI ba="1,0" hai="64,66,67,76,77,79,87,89,95,96,97" m="33263" machi="89" ten="30,7700,0" yaku="8,1,52,3" doraHai="73" who="1" fromWho="3" sc="480,0,123,80,132,0,265,-80" /><INIT seed="7,0,0,5,2,125" ten="480,203,132,185" oya="3" hai0="102,68,132,8,4,133,34,114,117,81,95,80,107" hai1="58,131,57,113,69,129,22,9,119,109,67,79,75" hai2="26,98,36,42,126,52,41,84,71,100,16,1,37" hai3="12,120,88,51,32,124,45,112,110,47,48,59,94"/><W50/><G32/><T33/><D107/><U39/><E109/><V18/><F126/><W91/><G120/><T108/><D68/><U23/><E113/><V122/><F71/><W106/><G106/><T40/><D81/><N who="1" m="45311" /><E39/><V65/><F1/><W87/><G112/><T46/><D117/><U31/><E9/><V49/><F65/><W24/><G110/><T66/><D66/><U43/><E43/><N who="2" m="16395" /><F37/><W77/><G77/><T104/><D95/><U35/><E119/><V116/><F36/><W74/><G74/><T101/><D108/><U90/><E90/><V60/><F60/><W20/><G12/><T92/><D92/><U121/><E121/><V5/><F116/><W123/><G123/><T64/><D64/><U61/><E35/><V14/><F84/><N who="3" m="52487" /><G59/><N who="1" m="22538" /><E31/><V62/><F62/><W6/><G6/><T29/><D114/><U85/><E85/><V99/><F122/><W105/><G105/><T97/><D34/><U111/><E111/><V11/><F100/><W73/><G73/><T86/><D102/><U56/><E69/><V118/><F118/><W55/><G124/><T17/><D4/><U3/><E3/><V53/><F5/><W115/><G115/><T93/><D104/><U103/><E103/><V128/><F128/><AGARI ba="0,0" hai="22,23,56,61,67,128,129,131" m="22538,45311" machi="128" ten="30,7700,0" yaku="19,1,52,3" doraHai="125" who="1" fromWho="2" sc="480,0,203,77,132,-77,185,0" owari="480,57.0,280,8.0,55,-44.0,185,-21.0" /></mjloggm>