<mjloggm ver="2.3"><GO type="185" lobby="0"/><UN n0="%63%61%6C%63%2E" n1="%E3%81%82%E3%81%96%E3%81%B6" n2="%E4%B8%8D%E5%B9%B8%E7%94%9F%E5%91%BD%E4%BD%93" n3="" dan="19,17,17,0" rate="2408.17,2262.85,2215.10,1500.00" sx="M,M,M,C"/><TAIKYOKU oya="0"/><INIT seed="0,0,0,2,1,46" ten="350,350,350,0" oya="0" hai0="40,39,127,114,89,103,53,108,97,54,45,82,65" hai1="47,122,96,43,131,99,93,64,94,62,88,104,76" hai2="98,66,63,71,112,134,109,52,78,69,91,126,105" hai3=""/><T121/><N who="0" m="31008" /><T102/><D114/><U3/><N who="1" m="31264" /><U57/><E3/><V118/><F109/><T0/><D0/><U2/><E2/><V74/><F134/><T34/><D34/><U55/><E131/><V106/><F126/><T129/><D127/><U111/><E111/><V77/><F112/><T42/><D108/><U86/><E104/><V41/><F41/><T72/><D129/><U75/><E75/><V90/><F74/><T68/><D42/><U124/><E124/><V132/><F132/><T50/><D72/><U73/><E93/><V125/><F125/><T85/><D54/><U35/><E35/><V32/><F32/><T119/><D119/><U113/><E113/><V60/><F66/><T120/><N who="0" m="30752" /><T84/><D97/><U95/><E95/><V70/><F70/><T79/><D65/><U130/><E130/><V110/><F110/><T92/><REACH who="0" step="1"/><D68/><REACH who="0" ten="340,350,350,0" step="2"/><U116/><E116/><V59/><F98/><T80/><D80/><U83/><REACH who="1" step="1"/><E64/><REACH who="1" ten="340,340,350,0" step="2"/><V128/><F128/><T81/><D81/><U51/><AGARI ba="0,2" hai="43,47,51,55,57,62,73,76,83,86,88,94,96,99" m="31264" machi="51" ten="20,9000,2" yaku="1,1,2,1,0,1,7,1,52,2,54,1,53,0" doraHai="46" doraHaiUra="133" who="1" fromWho="1" sc="340,-60,340,110,350,-30,0,0" /><INIT seed="1,0,0,3,1,134" ten="280,450,320,0" oya="1" hai0="65,36,0,93,75,55,84,114,117,53,105,42,96" hai1="52,122,64,112,81,82,49,2,129,99,70,135,66" hai2="56,111,101,87,104,128,126,77,67,132,109,3,86" hai3=""/><U97/><N who="1" m="31264" /><U57/><E112/><V71/><F71/><T91/><D0/><U116/><E2/><V89/><F3/><T107/><D75/><U33/><E33/><V34/><F34/><T32/><D32/><U106/><E116/><V59/><F67/><T1/><D1/><U121/><N who="1" m="31008" /><U125/><E135/><V39/><F39/><T100/><D114/><U120/><N who="1" m="30752" /><U110/><E129/><V108/><F132/><T44/><D117/><U72/><E110/><V113/><F113/><T133/><D133/><U48/><E70/><V37/><F37/><T83/><REACH who="0" step="1"/><D65/><REACH who="0" ten="270,450,320,0" step="2"/><U73/><E73/><V40/><F109/><T118/><D118/><U79/><E66/><V90/><F108/><T127/><D127/><U80/><E125/><V47/><F111/><T69/><D69/><U119/><E119/><V68/><F68/><T78/><D78/><U76/><E64/><V102/><F77/><N who="1" m="29769" /><E72/><V61/><F126/><T74/><D74/><U85/><E106/><AGARI ba="0,1" hai="36,42,44,53,55,83,84,91,93,96,100,105,106,107" machi="106" ten="40,2600,0" yaku="1,1,53,1" doraHai="134" doraHaiUra="94" who="0" fromWho="1" sc="270,36,450,-26,320,0,0,0" /><INIT seed="2,0,0,3,1,81" ten="306,424,320,0" oya="2" hai0="127,96,124,57,58,51,110,107,60,38,91,85,102" hai1="77,94,129,100,119,50,69,108,132,113,68,122,47" hai2="71,87,65,59,125,98,89,67,101,111,45,53,126" hai3=""/><V95/><F45/><T92/><D38/><U42/><N who="1" m="31264" /><U76/><E113/><V83/><F111/><T75/><D110/><U36/><E108/><V117/><F117/><T84/><D75/><U99/><E119/><V39/><F39/><T70/><D70/><U128/><E132/><V133/><F71/><N who="1" m="27209" /><E36/><V88/><F101/><T80/><D51/><U79/><E77/><V118/><F118/><T35/><D35/><U106/><E106/><V61/><REACH who="2" step="1"/><F133/><REACH who="2" ten="306,424,310,0" step="2"/><T121/><N who="0" m="31008" /><T43/><D43/><U134/><E134/><V0/><F0/><T48/><D48/><U44/><E44/><V74/><F74/><T37/><D37/><U131/><AGARI ba="0,1" hai="42,47,50,76,79,94,99,100,128,129,131" m="27209,31264" machi="131" ten="40,2000,0" yaku="19,1,52,1" doraHai="81" who="1" fromWho="1" sc="306,-7,424,30,310,-13,0,0" /><INIT seed="4,0,0,0,4,36" ten="299,454,297,0" oya="0" hai0="88,117,42,123,64,97,66,65,126,82,109,114,76" hai1="58,116,98,50,94,103,49,75,32,93,2,67,135" hai2="52,95,85,115,112,131,89,37,99,72,128,40,110" hai3=""/><T68/><N who="0" m="31520" /><T55/><D117/><U121/><N who="1" m="31008" /><U74/><E116/><V69/><F72/><T46/><D114/><N who="2" m="43562" /><F69/><T113/><D113/><U57/><E2/><V79/><F110/><T3/><D3/><U108/><E108/><V130/><F79/><T62/><D109/><U35/><E98/><V43/><F37/><T83/><D126/><U86/><E86/><V77/><F52/><T87/><D55/><U106/><E67/><V96/><F96/><T39/><REACH who="0" step="1"/><D97/><REACH who="0" ten="289,454,297,0" step="2"/><U44/><E35/><V48/><F99/><T91/><D91/><U61/><E32/><V70/><F77/><T81/><D81/><U60/><E103/><V119/><F119/><T125/><D125/><U124/><E124/><V133/><F131/><T129/><D129/><U45/><E106/><V102/><F130/><T101/><D101/><U53/><E53/><V73/><F128/><T80/><D80/><U100/><E100/><V1/><F102/><T122/><N who="0" m="31264" /><T127/><D127/><U134/><AGARI ba="0,1" hai="44,45,49,50,57,58,60,61,74,75,93,94,134,135" m="31008" machi="134" ten="25,4800,0" yaku="0,1,22,2,52,1" doraHai="36" who="1" fromWho="1" sc="289,-32,454,58,297,-16,0,0" /><INIT seed="5,0,0,2,2,68" ten="257,512,281,0" oya="1" hai0="125,103,50,90,88,118,54,72,39,2,108,77,106" hai1="123,128,60,95,49,116,114,48,134,41,113,83,132" hai2="96,65,89,57,40,32,85,93,101,53,135,131,100" hai3=""/><U69/><N who="1" m="31520" /><U129/><E83/><V99/><F135/><N who="1" m="51753" /><E95/><V121/><N who="2" m="31008" /><V87/><F131/><N who="1" m="50249" /><E116/><V97/><F65/><T79/><D2/><U58/><E69/><V42/><F32/><T70/><D70/><U122/><N who="1" m="31264" /><U51/><E41/><N who="2" m="15979" /><F87/><T126/><D118/><U52/><AGARI ba="0,0" hai="48,49,51,52,58,60,113,114" m="31264,50249,51753,31520" machi="52" ten="40,12000,2" yaku="20,1,19,1,34,2,52,2,54,1" doraHai="68" who="1" fromWho="1" sc="257,-60,512,120,281,-60,0,0" /><INIT seed="5,1,0,1,5,52" ten="197,632,221,0" oya="1" hai0="71,121,2,99,69,56,73,91,78,116,112,95,47" hai1="88,106,68,65,110,131,58,70,134,86,44,66,77" hai2="104,76,118,33,82,89,127,39,62,32,96,79,133" hai3=""/><U105/><E134/><V130/><F133/><T83/><N who="0" m="31008" /><T42/><D2/><U125/><E131/><V90/><F130/><T132/><D132/><U124/><E77/><V0/><F127/><T94/><D112/><U34/><E34/><V119/><F39/><T49/><D116/><U63/><E110/><V60/><F82/><T108/><D108/><U50/><E105/><V81/><F81/><T111/><D111/><U102/><E102/><V51/><F51/><T57/><REACH who="0" step="1"/><D95/><REACH who="0" ten="187,632,221,0" step="2"/><U97/><E124/><V120/><N who="2" m="30752" /><V38/><F104/><T46/><D46/><U80/><E125/><V35/><F35/><T128/><D128/><U122/><N who="1" m="31264" /><U92/><E106/><V100/><F0/><T109/><D109/><U107/><E107/><V3/><F3/><T41/><D41/><U43/><E66/><V101/><REACH who="2" step="1"/><F38/><REACH who="2" ten="187,632,211,0" step="2"/><T72/><D72/><U93/><E93/><V75/><F75/><T129/><D129/><U103/><AGARI ba="1,2" hai="43,44,50,58,63,65,68,70,80,86,88,92,97,103" m="31264" machi="103" ten="20,8000,1" yaku="0,1,7,1,52,2,54,1" doraHai="52" who="1" fromWho="1" sc="187,-41,632,102,211,-41,0,0" /><INIT seed="5,2,0,5,3,92" ten="146,734,170,0" oya="1" hai0="104,96,46,120,122,69,33,34,105,54,116,50,0" hai1="110,40,55,108,32,123,43,77,80,53,115,85,93" hai2="107,130,52,91,125,106,60,95,101,134,112,49,86" hai3=""/><U83/><N who="1" m="31520" /><U38/><E32/><V84/><F134/><T118/><N who="0" m="30752" /><T65/><N who="0" m="31264" /><T44/><D0/><U72/><E115/><V94/><F130/><T109/><D109/><N who="1" m="42091" /><E93/><V119/><F125/><T56/><D69/><U78/><E38/><V79/><F119/><N who="0" m="45610" /><D105/><U135/><E135/><V51/><F112/><T113/><D113/><U131/><E131/><V35/><F35/><N who="0" m="13322" /><D65/><U81/><E81/><V61/><F79/><T68/><D68/><U70/><E70/><V39/><F39/><T74/><D74/><U76/><E76/><V129/><F129/><T1/><D1/><U121/><N who="1" m="31008" /><U63/><E63/><V2/><F2/><T99/><D104/><U42/><AGARI ba="2,0" hai="40,42,43,53,55,72,77,78,80,83,85" m="31008,42091,31520" machi="42" ten="30,4000,0" yaku="10,1,52,2" doraHai="92" who="1" fromWho="1" sc="146,-22,734,44,170,-22,0,0" /><INIT seed="5,3,0,4,2,131" ten="124,778,148,0" oya="1" hai0="124,58,112,82,132,2,98,39,123,109,133,86,99" hai1="54,59,103,43,47,0,106,113,127,1,36,62,49" hai2="121,40,50,90,55,119,33,122,69,34,68,102,93" hai3=""/><U84/><E113/><V88/><N who="2" m="31008" /><V51/><N who="2" m="31264" /><V94/><F102/><T100/><N who="0" m="31520" /><T87/><D109/><U52/><E127/><V115/><F115/><T44/><D112/><U57/><E106/><V134/><F40/><T48/><D2/><U97/><REACH who="1" step="1"/><E84/><REACH who="1" ten="124,768,148,0" step="2"/><V3/><F3/><T41/><D124/><U46/><E46/><V81/><F119/><T75/><D87/><U78/><E78/><V53/><F81/><T45/><D75/><U67/><E67/><V95/><F93/><T92/><D99/><U118/><E118/><V120/><N who="2" m="30752" /><V126/><F126/><T70/><D70/><U72/><E72/><V117/><F117/><T129/><D129/><U101/><E101/><V125/><F125/><T107/><D107/><U60/><E60/><V73/><F73/><T110/><D110/><U42/><E42/><V37/><F37/><T114/><D114/><U96/><E96/><V77/><F77/><T105/><D105/><U66/><E66/><V63/><F63/><T80/><D80/><U32/><E32/><V79/><F79/><T128/><D128/><U65/><E65/><V35/><F33/><T76/><D44/><U85/><E85/><V74/><F74/><T83/><D83/><RYUUKYOKU ba="3,1" sc="124,0,768,0,148,0,0,0" hai0="39,41,45,48,58,76,82,86,92,98,100,132,133" hai1="0,1,36,43,47,49,52,54,57,59,62,97,103" hai2="34,35,50,51,53,55,68,69,88,90,94,95,134" /><INIT seed="5,4,1,3,1,37" ten="124,768,148,0" oya="1" hai0="78,49,46,80,88,135,85,102,2,117,73,53,57" hai1="110,64,65,129,91,127,116,86,33,59,131,87,112" hai2="104,82,98,62,39,84,67,106,123,97,109,58,134" hai3=""/><U90/><E116/><V54/><N who="2" m="31520" /><V40/><F109/><T114/><D117/><U77/><E110/><V133/><F67/><T32/><D2/><U113/><E33/><V47/><F98/><T111/><D111/><U70/><E77/><V81/><F81/><T38/><D32/><U120/><N who="1" m="30752" /><U118/><E118/><V51/><F39/><T93/><D114/><U101/><E59/><V83/><F83/><T95/><D135/><N who="2" m="51722" /><F97/><T107/><D95/><U99/><E99/><V52/><F54/><T0/><D0/><U122/><N who="1" m="31264" /><U61/><E101/><V50/><F62/><T75/><D102/><U100/><E100/><V89/><AGARI ba="4,1" hai="40,47,50,51,52,58,82,84,89,104,106" m="51722,31520" machi="89" ten="30,5900,0" yaku="20,1,52,2,54,1" doraHai="37" who="2" fromWho="2" sc="124,-24,768,-43,148,77,0,0" /><INIT seed="6,0,0,2,3,49" ten="100,725,225,0" oya="2" hai0="42,122,50,104,69,117,135,51,92,116,133,71,0" hai1="128,32,80,67,132,108,131,60,37,105,114,127,98" hai2="84,54,109,90,36,56,1,97,123,119,66,124,33" hai3=""/><V73/><N who="2" m="31520" /><V59/><F124/><T44/><N who="0" m="31264" /><T120/><N who="0" m="30752" /><T87/><D104/><U89/><E32/><V46/><F73/><T82/><D92/><U70/><E127/><V41/><F33/><T111/><D0/><U129/><E108/><V2/><F119/><N who="0" m="45642" /><D87/><U78/><E114/><V76/><F109/><T64/><D82/><U85/><E37/><V130/><F97/><T35/><D35/><U103/><E132/><N who="0" m="50761" /><D111/><U101/><E101/><V125/><F76/><AGARI ba="0,0" hai="60,67,70,76,78,80,85,89,98,103,105,128,129,131" machi="76" ten="40,1300,0" yaku="19,1" doraHai="49" who="1" fromWho="2" sc="100,0,725,13,225,-13,0,0" owari="100,-50.0,738,69.0,212,-19.0,0,0.0" /></mjloggm>