<mjloggm ver="2.3"><GO type="185" lobby="0"/><UN n0="%63%61%6C%63%2E" n1="%E4%BC%8F%E5%B1%8B" n2="%E3%81%82%E3%81%96%E3%81%B6" n3="" dan="19,16,17,0" rate="2401.61,2172.28,2269.02,1500.00" sx="M,M,M,C"/><TAIKYOKU oya="0"/><INIT seed="0,0,0,3,0,132" ten="350,350,350,0" oya="0" hai0="54,85,134,131,124,51,45,74,125,118,41,57,80" hai1="106,88,95,123,34,48,65,60,53,64,67,39,101" hai2="116,82,113,98,79,121,42,1,89,71,91,126,100" hai3=""/><T49/><D118/><U129/><N who="1" m="31520" /><U115/><E34/><V38/><N who="2" m="31008" /><V112/><F1/><T96/><D134/><U127/><E115/><V50/><F116/><T94/><D74/><U46/><E129/><V35/><F35/><T117/><D117/><U59/><E106/><V99/><F71/><T0/><D0/><U52/><E101/><V107/><F38/><T105/><D105/><U75/><E75/><V32/><F32/><T104/><D104/><U56/><E39/><V3/><F3/><T111/><D131/><U84/><E127/><N who="0" m="48713" /><D111/><U97/><REACH who="1" step="1"/><E59/><REACH who="1" ten="350,340,350,0" step="2"/><V92/><F126/><T76/><D96/><AGARI ba="0,1" hai="46,48,52,53,56,60,64,65,67,84,88,95,96,97" m="31520" machi="96" ten="40,12000,2" yaku="1,1,2,1,8,1,52,1,54,2,53,0" doraHai="132" doraHaiUra="2" who="1" fromWho="0" sc="350,-120,340,130,350,0,0,0" /><INIT seed="1,0,0,1,0,36" ten="230,470,350,0" oya="1" hai0="87,45,105,58,126,90,131,129,74,102,71,92,47" hai1="1,106,109,59,56,73,41,79,91,69,55,111,103" hai2="100,115,114,121,130,119,93,104,48,122,110,40,43" hai3=""/><U38/><E1/><V85/><N who="2" m="31008" /><V97/><N who="2" m="31264" /><V89/><F119/><T134/><D71/><U81/><E69/><V118/><F118/><T86/><D74/><U68/><E68/><V53/><F110/><N who="1" m="41993" /><E91/><V39/><F130/><N who="0" m="49674" /><D134/><U35/><E35/><V46/><REACH who="2" step="1"/><F43/><REACH who="2" ten="230,470,340,0" step="2"/><T88/><D126/><U76/><E76/><V120/><N who="2" m="30752" /><V78/><F78/><T70/><D70/><U63/><E59/><AGARI ba="0,1" hai="39,40,46,48,53,59,85,89,93,97,100,104,114,115" m="30752,31264,31008" machi="59" ten="40,8000,1" yaku="1,1,52,4,53,0" doraHai="36" doraHaiUra="3" who="2" fromWho="1" sc="230,0,470,-80,340,90,0,0" /><INIT seed="2,0,0,0,3,128" ten="230,390,430,0" oya="2" hai0="92,68,53,89,77,117,74,129,41,67,100,108,79" hai1="120,58,103,126,124,91,55,121,86,44,40,90,99" hai2="102,54,78,56,130,65,50,73,114,42,97,45,111" hai3=""/><V63/><F114/><T109/><D117/><U37/><N who="1" m="30752" /><U113/><N who="1" m="31008" /><U34/><E113/><V64/><F130/><T81/><D129/><U32/><E91/><V119/><F119/><T94/><D41/><U69/><E69/><V122/><N who="2" m="31264" /><V85/><F73/><T104/><D53/><U135/><E135/><V35/><F35/><T125/><D67/><U101/><E99/><V1/><F1/><T83/><D68/><U88/><E90/><V107/><REACH who="2" step="1"/><F111/><REACH who="2" ten="230,390,420,0" step="2"/><T118/><D118/><U3/><E3/><V70/><F70/><T36/><D108/><U61/><E34/><V95/><F95/><T132/><D109/><U48/><E32/><V46/><F46/><T106/><D94/><U33/><E33/><V115/><F115/><T72/><D92/><U43/><E37/><V105/><F105/><T71/><D71/><U127/><E40/><V96/><F96/><T47/><D36/><U123/><N who="1" m="31520" /><U59/><E59/><V93/><F93/><AGARI ba="0,1" hai="43,44,48,55,58,61,86,88,93,101,103,124,126,127" m="31520,31008,30752" machi="93" ten="40,8000,1" yaku="18,1,52,3,54,1" doraHai="128" who="1" fromWho="2" sc="230,0,390,90,420,-80,0,0" /><INIT seed="4,0,0,2,0,62" ten="230,480,340,0" oya="0" hai0="42,132,35,122,81,39,89,118,88,58,63,57,56" hai1="78,133,112,34,117,46,119,92,82,32,106,87,0" hai2="66,47,101,129,51,116,90,45,91,86,59,114,37" hai3=""/><T124/><N who="0" m="31264" /><T95/><D118/><U71/><E0/><V98/><F116/><T68/><D35/><U96/><E71/><V94/><F114/><T65/><D124/><U48/><E112/><V80/><F129/><T55/><D132/><U126/><E106/><V131/><F131/><T64/><D65/><U74/><E74/><V105/><F37/><T44/><D81/><U38/><E38/><V123/><N who="2" m="31520" /><V83/><F83/><T104/><D104/><U33/><E126/><V100/><F100/><T53/><REACH who="0" step="1"/><D89/><REACH who="0" ten="220,480,340,0" step="2"/><U127/><E127/><V130/><F130/><T102/><D102/><U128/><E128/><V54/><REACH who="2" step="1"/><F66/><REACH who="2" ten="220,480,330,0" step="2"/><T1/><D1/><U70/><E133/><V111/><F111/><T60/><D60/><U61/><E119/><V103/><F103/><T73/><D73/><U3/><E117/><V99/><AGARI ba="0,2" hai="45,47,51,54,59,80,86,90,91,94,98,99,101,105" m="31520" machi="99" ten="20,3900,0" yaku="1,1,0,1,7,1,52,1,53,0" doraHai="62" doraHaiUra="2" who="2" fromWho="2" sc="220,-26,480,-13,330,59,0,0" /><INIT seed="5,0,0,5,5,45" ten="194,467,389,0" oya="1" hai0="94,74,46,66,107,105,93,44,47,104,72,132,92" hai1="129,32,77,52,54,89,39,79,111,49,53,128,34" hai2="80,55,36,64,87,121,68,120,91,0,131,103,125" hai3=""/><U50/><E39/><V99/><N who="2" m="30752" /><V61/><N who="2" m="31008" /><V115/><F0/><T106/><N who="0" m="26624" /><DORA hai="38" /><T48/><D66/><U122/><N who="1" m="31264" /><U90/><E54/><V56/><F131/><T51/><D132/><U65/><E65/><V127/><F36/><T95/><N who="0" m="23552" /><DORA hai="124" /><T96/><D96/><U82/><E82/><V134/><F115/><T73/><AGARI ba="0,0" hai="44,46,47,48,51,72,73,74" m="23552,26624" machi="73" ten="90,24000,5" yakuman="40" doraHai="45,38,124" who="0" fromWho="0" sc="194,240,467,-160,389,-80,0,0" /><INIT seed="6,0,0,4,0,58" ten="434,307,309,0" oya="2" hai0="59,98,78,51,33,124,134,37,74,46,72,82,108" hai1="88,104,35,1,39,118,32,120,64,99,57,116,107" hai2="126,135,60,125,127,61,129,76,41,83,65,52,103" hai3=""/><V71/><F129/><T130/><D108/><U79/><N who="1" m="30752" /><U121/><N who="1" m="31008" /><U0/><E39/><V69/><F135/><T47/><D33/><U94/><E79/><V95/><F41/><T49/><D37/><U96/><E57/><V42/><F42/><T87/><D124/><U77/><E64/><V84/><F52/><T91/><D130/><U105/><E77/><V102/><F95/><T36/><D36/><U113/><E113/><V101/><F101/><T86/><D59/><U93/><E107/><V119/><F119/><T131/><D134/><U43/><E43/><V48/><F48/><T97/><D78/><U112/><E112/><V55/><F55/><T90/><D131/><U34/><E34/><V54/><F54/><T85/><D85/><U117/><E117/><V123/><N who="2" m="31520" /><V122/><N who="2" m="31264" /><V63/><F63/><T53/><D53/><U110/><REACH who="1" step="1"/><E88/><REACH who="1" ten="434,297,309,0" step="2"/><V106/><F106/><T111/><D91/><U75/><E75/><V62/><F62/><T132/><D90/><U89/><E89/><V109/><F109/><AGARI ba="0,1" hai="0,1,32,35,93,94,96,99,104,105,109,110,116,118" m="31008,30752" machi="109" ten="25,8000,1" yaku="1,1,22,2,52,2,53,0" doraHai="58" doraHaiUra="56" who="1" fromWho="2" sc="434,0,297,90,309,-80,0,0" owari="434,38.0,387,-1.0,229,-37.0,0,0.0" /></mjloggm>