<mjloggm ver="2.3"><GO type="169" lobby="0"/><UN n0="%E6%9C%A8%E5%8E%9F%E8%B1%AA%E4%B8%80" n1="%68%61%69%6A%69%6E%35%35" n2="%E9%9B%AA%E6%9C%88%E9%A2%A8%E8%8A%B1" n3="%E6%AD%8C%E8%88%9E%E4%BC%8E%E5%90%9B" dan="17,16,17,16" rate="2204.80,2102.87,2225.29,2128.21" sx="M,M,M,M"/><TAIKYOKU oya="0"/><INIT seed="0,0,0,4,4,4" ten="250,250,250,250" oya="0" hai0="55,88,133,54,104,3,124,132,60,129,70,130,49" hai1="21,112,42,98,18,126,99,30,72,110,59,13,78" hai2="93,53,33,68,7,102,108,35,121,17,81,0,26" hai3="127,56,109,83,58,74,69,117,75,23,29,67,50"/><T40/><D104/><U82/><E110/><V14/><F121/><W6/><G117/><T120/><D3/><U34/><E126/><V71/><F108/><W48/><G69/><T36/><D120/><U96/><E112/><V20/><F81/><W95/><G109/><T38/><D88/><U25/><E42/><V84/><F53/><W116/><G6/><T66/><D124/><U89/><E89/><V103/><F33/><W2/><G67/><T134/><D55/><U97/><E97/><V92/><F84/><W46/><G74/><T64/><D64/><U80/><E80/><V11/><F71/><W135/><G75/><T43/><D43/><U1/><E1/><V12/><F12/><W65/><G83/><T113/><D113/><U37/><E37/><N who="0" m="14441" /><D40/><U9/><REACH who="1" step="1"/><E59/><AGARI ba="0,0" hai="49,54,59,60,66,70,129,130,132,133,134" m="14441" machi="59" ten="40,7700,0" yaku="20,1,34,2" doraHai="4" who="0" fromWho="1" sc="250,77,250,-77,250,0,250,0" /><INIT seed="0,1,0,1,0,1" ten="327,173,250,250" oya="0" hai0="125,28,106,103,88,39,52,5,54,43,129,42,115" hai1="17,87,59,40,55,76,66,123,122,109,6,70,114" hai2="57,7,93,81,90,97,99,63,64,107,49,14,19" hai3="27,62,8,127,126,72,15,4,44,21,13,77,69"/><T86/><D115/><U41/><E114/><V101/><F81/><N who="3" m="45223" /><G44/><T22/><D106/><U119/><E119/><V112/><F112/><W117/><G117/><T82/><D129/><U124/><E109/><V45/><F19/><W60/><G15/><T91/><D125/><N who="3" m="47625" /><G69/><T102/><D91/><U34/><E34/><V100/><F14/><W74/><G74/><T58/><D54/><U121/><E17/><AGARI ba="1,0" hai="4,8,13,17,21,27,60,62" m="47625,45223" machi="17" ten="30,2000,0" yaku="18,1,52,1" doraHai="1" who="3" fromWho="1" sc="327,0,173,-23,250,0,250,23" /><INIT seed="1,0,0,0,2,20" ten="327,150,250,273" oya="1" hai0="97,82,3,0,47,30,60,37,135,54,40,75,22" hai1="26,69,27,4,64,123,90,53,80,118,14,36,104" hai2="38,89,78,48,79,95,56,33,17,28,87,125,92" hai3="16,134,71,11,99,55,57,46,128,12,105,24,121"/><U85/><E123/><V63/><F125/><W130/><G71/><T115/><D115/><U39/><E118/><V68/><F38/><W25/><G121/><T2/><D135/><U65/><E104/><V122/><F122/><W76/><G134/><T72/><D97/><U8/><E69/><V31/><F33/><W59/><G76/><T94/><D94/><U21/><E39/><V101/><F68/><W116/><G46/><T93/><D93/><U81/><E36/><V34/><F48/><N who="3" m="30951" /><G116/><T131/><D131/><N who="3" m="50217" /><G59/><T32/><D82/><U119/><E119/><V129/><F129/><W113/><G113/><T111/><D111/><U5/><E5/><V50/><F34/><W35/><G35/><T98/><D32/><U100/><E81/><V132/><F132/><W83/><G83/><T86/><D75/><U110/><E110/><V29/><F50/><W112/><G112/><T52/><D72/><U44/><E100/><AGARI ba="0,0" hai="11,12,16,24,25,99,100,105" m="50217,30951" machi="100" ten="30,7700,0" yaku="19,1,52,2,54,1" doraHai="20" who="3" fromWho="1" sc="327,0,150,-77,250,0,273,77" /><INIT seed="2,0,0,4,2,38" ten="327,73,250,350" oya="2" hai0="62,88,16,8,124,32,95,35,129,98,34,45,13" hai1="31,50,15,27,106,69,47,36,119,23,120,41,63" hai2="40,0,10,83,86,7,29,122,134,79,82,75,112" hai3="46,111,42,73,5,52,84,37,12,22,91,130,114"/><V74/><F122/><W105/><G73/><T121/><D121/><U17/><E120/><V100/><F112/><W55/><G105/><T33/><N who="0" m="8192" /><DORA hai="92" /><T67/><D129/><U2/><E2/><V1/><F134/><W115/><G130/><T127/><REACH who="0" step="1"/><D45/><REACH who="0" ten="317,73,250,350" step="2"/><U54/><E119/><V61/><F74/><W128/><G128/><T11/><D11/><U26/><E106/><V51/><F10/><N who="3" m="4175" /><G111/><T25/><D25/><U126/><E126/><V102/><F75/><W21/><G21/><T65/><D65/><U18/><E27/><V123/><F123/><W68/><G22/><T103/><D103/><U9/><E31/><V118/><F100/><W71/><G71/><AGARI ba="0,1" hai="8,13,16,62,67,71,88,95,98,124,127" m="8192" machi="71" ten="70,8000,1" yaku="1,1,52,1,54,2,53,0" doraHai="38,92" doraHaiUra="96,117" who="0" fromWho="3" sc="317,90,73,0,250,0,350,-80" /><INIT seed="3,0,0,3,2,100" ten="407,73,250,270" oya="3" hai0="125,59,70,101,39,96,40,23,65,14,3,53,18" hai1="10,84,47,55,134,106,129,34,38,67,110,108,58" hai2="89,41,128,9,5,135,94,17,73,26,57,68,22" hai3="51,109,4,66,31,6,48,45,133,76,15,83,42"/><W114/><G114/><T113/><D125/><U13/><E34/><V2/><F68/><W131/><G133/><T11/><D113/><U98/><E134/><V121/><F135/><W115/><G115/><T62/><D39/><U30/><E30/><V82/><F121/><W74/><G131/><T8/><D40/><U86/><E129/><V28/><F128/><W80/><G109/><N who="1" m="42090" /><E67/><V90/><F41/><W24/><G66/><T87/><D87/><U127/><E47/><V78/><F57/><W72/><G15/><T102/><D3/><U49/><E38/><V36/><F36/><W124/><G124/><T52/><D102/><N who="1" m="62807" /><E127/><V19/><F89/><W132/><G132/><T54/><REACH who="0" step="1"/><D70/><REACH who="0" ten="397,73,250,270" step="2"/><U77/><E77/><V97/><AGARI ba="0,1" hai="2,5,9,17,19,22,26,28,73,78,82,90,94,97" machi="97" ten="20,1500,0" yaku="0,1,7,1" doraHai="100" who="2" fromWho="2" sc="397,-4,73,-4,250,25,270,-7" /><INIT seed="4,0,0,4,2,13" ten="393,69,275,263" oya="0" hai0="74,99,108,27,131,135,33,39,55,5,116,14,47" hai1="89,110,118,130,45,119,68,15,59,57,51,83,3" hai2="40,107,111,19,71,90,1,123,12,0,127,124,29" hai3="2,11,78,60,56,125,35,84,31,6,41,43,132"/><T76/><D116/><U46/><E3/><V61/><F123/><W106/><G106/><T22/><D33/><U126/><E110/><V98/><F111/><W38/><G38/><T24/><D108/><U77/><E68/><V103/><F40/><W104/><G104/><T65/><D65/><U95/><E130/><V20/><F90/><W52/><G132/><T109/><D109/><U97/><E126/><N who="2" m="48171" /><F29/><W23/><G35/><T105/><D74/><U80/><E45/><V32/><F32/><W87/><G125/><T34/><D76/><U70/><E70/><V85/><F85/><W75/><G75/><T66/><D34/><U9/><E119/><V10/><F20/><W16/><G31/><T91/><D91/><U129/><E129/><V18/><F19/><W30/><G30/><T4/><D22/><U114/><E114/><V62/><F62/><W133/><G133/><T53/><D135/><U86/><E80/><V72/><F72/><W63/><G63/><T17/><D39/><U44/><E44/><V69/><F69/><W7/><G87/><T88/><D47/><U81/><E81/><V120/><F120/><W121/><G121/><T54/><D5/><N who="3" m="1545" /><G11/><T134/><D4/><N who="1" m="3495" /><E118/><V58/><F71/><W122/><G2/><T92/><D134/><U94/><E94/><V36/><F36/><W37/><G37/><T49/><D131/><U115/><E115/><V64/><AGARI ba="0,0" hai="0,1,10,12,18,58,61,64,98,103,107" m="48171" machi="64" ten="30,2000,0" yaku="18,1,52,1" doraHai="13" who="2" fromWho="2" sc="393,-10,69,-5,275,20,263,-5" /><INIT seed="5,0,0,5,2,36" ten="383,64,295,258" oya="1" hai0="31,104,35,122,125,69,87,86,52,89,54,123,19" hai1="1,131,133,45,71,0,126,134,57,66,109,11,21" hai2="95,30,56,26,5,103,10,59,63,62,72,33,29" hai3="113,110,115,68,82,127,105,73,102,37,120,51,116"/><U34/><E34/><V14/><F72/><W80/><RYUUKYOKU type="yao9" ba="0,0" sc="383,0,64,0,295,0,258,0" hai3="37,51,68,73,80,82,102,105,110,113,115,116,120,127" /><INIT seed="5,1,0,5,4,102" ten="383,64,295,258" oya="1" hai0="103,133,118,56,67,116,7,79,2,94,109,119,21" hai1="11,60,114,135,128,130,29,22,101,108,112,49,98" hai2="91,41,43,3,90,58,77,115,17,80,73,38,63" hai3="30,78,131,65,106,104,87,71,111,66,33,42,46"/><U83/><E135/><V88/><F3/><W35/><G111/><T37/><D109/><U92/><E108/><V5/><F5/><W40/><G30/><T74/><D37/><U72/><E11/><V69/><F69/><W57/><G57/><T89/><D103/><U4/><E4/><V100/><F115/><N who="1" m="44073" /><E49/><V64/><F38/><W126/><G87/><T129/><D129/><N who="1" m="49771" /><E60/><V50/><F50/><W68/><G131/><T97/><D133/><U25/><E83/><V132/><F132/><W117/><G46/><T48/><D7/><U47/><E47/><V27/><F17/><W86/><G71/><T70/><D70/><U53/><E72/><V31/><REACH who="2" step="1"/><F100/><REACH who="2" ten="383,64,285,258" step="2"/><W113/><G68/><T16/><D48/><U23/><E53/><V51/><F51/><W62/><G113/><T124/><D116/><U28/><E28/><V34/><AGARI ba="1,1" hai="27,31,34,41,43,58,63,64,73,77,80,88,90,91" machi="34" ten="30,4000,0" yaku="1,1,0,1,54,1,53,0" doraHai="102" doraHaiUra="15" who="2" fromWho="2" sc="383,-11,64,-21,285,53,258,-11" /><INIT seed="6,0,0,3,0,72" ten="372,43,338,247" oya="2" hai0="0,80,66,95,118,57,69,52,48,22,129,10,89" hai1="41,132,88,84,64,15,99,110,63,105,85,115,71" hai2="51,77,14,7,45,3,123,39,12,101,121,103,104" hai3="2,78,19,65,4,114,112,13,100,108,5,120,32"/><V6/><F39/><W29/><G120/><T11/><D129/><U42/><E132/><V116/><F116/><W31/><G100/><T125/><D118/><U23/><E110/><V17/><F3/><W75/><G65/><T119/><D119/><U1/><E1/><V113/><F113/><N who="3" m="43627" /><G108/><T28/><D125/><U124/><E124/><V74/><F104/><W40/><G40/><T98/><D0/><U37/><E115/><V90/><F90/><W128/><G2/><T49/><D49/><U92/><E37/><V34/><F34/><W47/><G47/><T30/><D80/><U107/><E107/><V43/><F45/><W127/><G127/><T122/><D122/><U59/><E71/><V83/><F43/><W93/><G93/><T38/><D38/><U76/><E99/><V81/><F74/><W21/><G128/><T56/><D69/><U86/><E105/><V67/><F67/><W133/><G133/><T91/><D91/><U27/><E15/><V8/><F121/><W68/><G68/><T53/><D66/><U73/><E73/><V111/><F123/><W36/><G36/><T61/><D30/><N who="3" m="11273" /><G32/><T33/><D33/><U20/><E86/><V44/><F44/><W97/><G97/><T9/><D28/><U26/><E42/><V58/><F111/><W35/><G35/><T87/><D98/><U60/><E41/><V109/><F109/><W24/><G13/><T16/><D95/><U54/><E27/><V79/><F12/><W130/><G130/><T106/><D106/><U135/><E135/><V134/><F134/><W126/><G126/><RYUUKYOKU ba="0,0" sc="372,-10,43,-10,338,-10,247,30" hai3="4,5,19,21,24,75,78" /><INIT seed="7,1,0,3,1,42" ten="362,33,328,277" oya="3" hai0="18,112,46,15,128,68,14,65,12,98,94,60,6" hai1="102,67,131,28,26,105,83,104,1,54,89,134,45" hai2="115,8,50,55,91,122,100,25,62,118,133,27,63" hai3="44,113,119,61,3,101,126,129,59,75,71,76,82"/><W79/><G119/><T97/><D128/><U66/><E1/><V52/><F118/><W58/><G129/><T38/><D97/><U86/><E131/><V123/><F115/><W39/><G3/><T120/><D120/><N who="2" m="46122" /><F133/><W90/><G113/><T48/><D38/><U13/><E105/><V17/><F100/><W81/><G126/><T78/><D78/><U93/><E134/><V74/><F91/><W72/><G101/><T125/><D6/><U127/><E127/><V80/><F55/><W24/><G24/><N who="2" m="9289" /><F8/><W95/><G71/><T87/><D125/><U110/><E110/><V7/><F7/><W111/><G111/><T73/><D112/><U56/><E104/><V22/><F22/><W21/><G21/><T53/><D53/><U107/><E107/><V40/><F40/><W34/><G34/><T29/><D65/><U37/><E67/><V135/><F17/><W9/><G9/><T16/><D16/><U49/><E102/><V99/><F99/><W0/><G0/><T33/><D33/><U10/><E66/><V4/><F4/><W77/><G77/><T84/><D18/><U32/><E37/><V23/><F23/><W116/><G116/><T64/><D29/><U5/><E93/><V69/><F69/><W108/><G108/><T124/><D124/><U20/><E32/><V2/><F2/><W11/><G11/><T57/><D68/><U70/><E70/><V31/><F31/><W117/><G117/><T106/><D106/><U30/><E30/><V109/><F109/><W88/><G95/><T114/><D114/><U96/><E96/><RYUUKYOKU ba="1,0" sc="362,-10,33,30,328,-10,277,-10" hai1="5,10,13,20,26,28,45,49,54,56,83,86,89" owari="352,45.0,63,-44.0,318,12.0,267,-13.0" /></mjloggm>