<mjloggm ver="2.3"><GO type="185" lobby="0"/><UN n0="%E7%B6%BE%E7%80%AC%E7%A9%82%E4%B9%83%E9%A6%99" n1="%E3%82%8D%E3%81%AF%E3%82%93%37%33" n2="%E3%81%BE%E3%81%A3%E3%81%97%E3%83%BC" n3="" dan="17,16,17,0" rate="2322.30,2023.99,2261.18,1500.00" sx="F,M,F,C"/><TAIKYOKU oya="0"/><INIT seed="0,0,0,3,0,34" ten="350,350,350,0" oya="0" hai0="114,124,97,107,112,121,52,99,64,46,101,43,47" hai1="79,71,130,83,63,94,0,48,60,39,72,82,35" hai2="66,67,92,33,119,120,132,129,126,91,54,84,59" hai3=""/><T86/><N who="0" m="31008" /><T58/><D124/><U56/><E35/><V116/><N who="2" m="30752" /><V90/><F33/><T57/><D86/><U36/><E130/><V111/><F132/><T100/><D64/><U80/><E71/><V127/><F111/><T88/><D88/><N who="2" m="33834" /><F129/><T81/><D81/><U125/><E94/><V95/><F66/><T38/><D47/><U61/><E125/><N who="2" m="47627" /><F67/><T89/><D89/><U104/><E104/><V49/><F84/><T105/><REACH who="0" step="1"/><D58/><REACH who="0" ten="340,350,350,0" step="2"/><U134/><E134/><V115/><F115/><T1/><D1/><U110/><E0/><V135/><F135/><T78/><D78/><U51/><E79/><V62/><F62/><AGARI ba="0,1" hai="38,43,46,52,57,62,97,99,100,101,105,107,112,114" m="31008" machi="62" ten="30,12000,1" yaku="1,1,7,1,9,1,52,1,54,1,53,0" doraHai="34" doraHaiUra="65" who="0" fromWho="2" sc="340,130,350,0,350,-120,0,0" /><INIT seed="0,1,0,0,3,98" ten="470,350,230,0" oya="0" hai0="91,62,102,127,45,79,88,93,108,69,73,111,97" hai1="125,63,42,60,68,72,122,113,32,52,55,124,99" hai2="117,47,75,134,85,100,135,37,64,54,1,3,116" hai3=""/><T121/><N who="0" m="31008" /><T115/><D115/><U48/><N who="1" m="31264" /><U36/><E32/><V80/><F75/><T105/><D127/><U119/><E72/><V96/><F64/><T39/><D62/><U101/><E113/><V2/><F54/><T82/><D69/><U81/><E81/><V78/><F47/><T130/><D130/><U123/><N who="1" m="31520" /><U43/><E119/><N who="2" m="45643" /><F37/><T38/><D91/><U51/><E36/><V92/><AGARI ba="1,0" hai="1,2,3,78,80,85,92,96,100,134,135" m="45643" machi="92" ten="40,2000,0" yaku="12,1,52,1" doraHai="98" who="2" fromWho="2" sc="470,-14,350,-8,230,22,0,0" /><INIT seed="1,0,0,4,1,78" ten="456,342,252,0" oya="1" hai0="98,121,119,39,34,33,91,67,59,65,114,115,128" hai1="110,116,88,105,44,45,126,63,125,90,73,120,129" hai2="41,93,76,50,124,35,135,70,54,106,118,0,85" hai3=""/><U38/><N who="1" m="30752" /><U66/><E116/><V82/><F0/><T131/><N who="0" m="31008" /><T60/><D39/><U113/><E113/><V104/><F35/><T94/><D119/><U97/><E73/><V132/><F118/><T69/><D67/><U55/><E129/><N who="0" m="49737" /><D69/><U32/><E32/><AGARI ba="0,0" hai="32,33,34,59,60,65,91,94,98,114,115" m="49737,31008" machi="32" ten="30,2000,0" yaku="19,1,52,1" doraHai="78" who="0" fromWho="1" sc="456,20,342,-20,252,0,0,0" /><INIT seed="2,0,0,2,5,80" ten="476,322,252,0" oya="2" hai0="94,63,3,101,128,32,129,44,135,56,50,133,95" hai1="103,37,75,53,84,39,89,61,2,57,47,105,64" hai2="91,126,127,122,34,81,68,55,52,45,92,106,49" hai3=""/><V117/><N who="2" m="31264" /><V104/><F117/><T69/><D32/><U71/><E75/><V110/><F68/><T108/><D3/><U66/><E2/><V78/><F34/><T124/><D108/><U58/><E103/><V93/><F110/><T38/><D38/><U87/><E105/><V121/><N who="2" m="31008" /><V83/><F83/><T59/><D101/><U0/><E0/><V85/><F92/><T114/><D114/><U100/><E100/><V48/><F106/><T130/><D95/><U98/><E98/><V113/><F104/><T40/><D94/><U82/><E66/><V125/><F113/><T76/><D76/><U67/><E64/><V41/><F49/><T115/><D115/><U74/><E74/><AGARI ba="0,0" hai="41,45,48,52,55,74,78,81,85,91,93,125,126,127" m="31008,31264" machi="74" ten="40,12000,1" yaku="18,1,52,3,54,1" doraHai="80" who="2" fromWho="1" sc="476,0,322,-120,252,120,0,0" /><INIT seed="2,1,0,1,2,88" ten="476,202,372,0" oya="2" hai0="92,108,100,36,37,115,101,74,73,107,93,43,49" hai1="78,3,116,125,80,94,76,81,87,112,118,41,128" hai2="68,75,130,38,114,57,52,64,97,122,71,132,69" hai3=""/><V59/><N who="2" m="31264" /><V127/><F75/><T50/><D43/><U48/><E3/><V61/><F114/><T55/><D107/><U58/><E112/><V103/><F38/><T66/><D115/><U83/><E128/><V111/><F130/><T99/><D66/><U82/><E125/><V131/><F131/><T95/><D108/><U70/><E70/><V2/><F2/><T90/><D90/><U47/><E58/><V33/><F33/><T135/><D135/><U63/><E63/><V105/><F127/><T124/><D124/><U42/><E42/><V44/><F111/><T54/><D93/><U67/><E67/><V77/><F77/><T86/><D86/><U98/><REACH who="1" step="1"/><E78/><REACH who="1" ten="476,192,372,0" step="2"/><V84/><F44/><T79/><D79/><U106/><E106/><V60/><REACH who="2" step="1"/><F84/><REACH who="2" ten="476,192,362,0" step="2"/><T0/><D0/><U134/><E134/><AGARI ba="1,2" hai="52,57,59,60,61,64,68,69,71,97,103,105,132,134" m="31264" machi="134" ten="50,12000,1" yaku="1,1,2,1,52,1,54,1,53,0" doraHai="88" doraHaiUra="46" who="2" fromWho="1" sc="476,0,192,-122,362,142,0,0" /><INIT seed="2,2,0,3,3,41" ten="476,70,504,0" oya="2" hai0="3,126,67,43,92,110,71,108,114,80,79,65,57" hai1="37,133,130,84,112,97,70,60,98,129,125,87,101" hai2="127,85,105,89,69,91,0,102,107,134,120,93,59" hai3=""/><V52/><N who="2" m="30752" /><V131/><F0/><T115/><D3/><U58/><E37/><V83/><F69/><T106/><D106/><U33/><E33/><V54/><F134/><T49/><D92/><U121/><N who="1" m="31008" /><U73/><E70/><V81/><F131/><T74/><D126/><U94/><E73/><V76/><F127/><T62/><D67/><U55/><E125/><V48/><F102/><T2/><D2/><U51/><E133/><V35/><F35/><T38/><D38/><U88/><E112/><N who="0" m="43049" /><D43/><U103/><E87/><V118/><F118/><T40/><D40/><U116/><E116/><V36/><F36/><T90/><D90/><U99/><REACH who="1" step="1"/><E60/><REACH who="1" ten="476,60,504,0" step="2"/><V1/><F1/><T117/><D117/><U63/><E63/><V68/><F68/><T109/><D71/><U96/><N who="1" m="24576" /><DORA hai="56" /><U77/><E77/><V132/><F132/><T46/><D109/><U95/><E95/><V66/><F107/><T50/><D108/><U119/><E119/><V64/><F105/><T135/><D135/><U113/><E113/><V72/><F93/><T111/><D111/><U100/><AGARI ba="2,1" hai="51,55,58,84,88,94,100,101,103,129,130" m="24576,31008" machi="100" ten="50,9000,2" yaku="1,1,0,1,52,1,54,1,53,2" doraHai="41,56" doraHaiUra="82,86" who="1" fromWho="1" sc="476,-32,60,104,504,-62,0,0" /><INIT seed="4,0,0,3,2,62" ten="444,164,442,0" oya="0" hai0="105,32,44,46,70,88,114,0,69,35,116,42,96" hai1="104,40,68,115,85,117,41,65,48,126,97,123,55" hai2="106,77,94,67,89,64,92,108,81,103,102,127,111" hai3=""/><T121/><N who="0" m="31008" /><T2/><D116/><U93/><N who="1" m="31520" /><U98/><E117/><V53/><F127/><T83/><D114/><U61/><E126/><V52/><F106/><T134/><D134/><U39/><E115/><V86/><F111/><T37/><D105/><U74/><E74/><V107/><F108/><T100/><D100/><N who="2" m="38442" /><F107/><T50/><D70/><U122/><N who="1" m="31264" /><U51/><E104/><V73/><F73/><T135/><D69/><U84/><E39/><V3/><F3/><T63/><D63/><U109/><E109/><V119/><F119/><T118/><D118/><U60/><E55/><N who="2" m="21067" /><F77/><T57/><D135/><U66/><E68/><V91/><F94/><AGARI ba="0,0" hai="40,41,48,51,60,61,65,66,84,85,93,94,97,98" m="31264,31520" machi="94" ten="25,12000,2" yaku="22,2,8,1,52,4" doraHai="62" who="1" fromWho="2" sc="444,0,164,120,442,-120,0,0" /><INIT seed="5,0,0,3,0,127" ten="444,284,322,0" oya="1" hai0="66,44,55,128,62,49,92,57,119,85,134,107,135" hai1="124,132,90,52,60,70,43,80,63,53,96,69,47" hai2="51,98,64,113,121,108,45,102,34,88,67,114,81" hai3=""/><U106/><E124/><V100/><N who="2" m="31008" /><V38/><F34/><T77/><D107/><U99/><E132/><N who="0" m="50729" /><D128/><U111/><E111/><V58/><F108/><T120/><N who="0" m="30752" /><T79/><D119/><U115/><E115/><N who="2" m="44043" /><F38/><T65/><D65/><N who="2" m="25162" /><F58/><T94/><D79/><U35/><E35/><V105/><F102/><T73/><D73/><U83/><E106/><V131/><F131/><T122/><N who="0" m="31264" /><T36/><D36/><U32/><E32/><V71/><F71/><T103/><D103/><U91/><E43/><V97/><F97/><T89/><D77/><U116/><REACH who="1" step="1"/><E47/><REACH who="1" ten="444,274,322,0" step="2"/><V126/><F126/><T40/><D40/><U54/><E54/><V0/><F0/><T133/><D133/><U50/><E50/><V93/><F105/><T1/><D1/><U118/><AGARI ba="0,1" hai="52,53,60,63,69,70,80,83,90,91,96,99,116,118" machi="118" ten="25,12000,2" yaku="1,1,0,1,22,2,54,1,53,2" doraHai="127" doraHaiUra="112" who="1" fromWho="1" sc="444,-60,274,130,322,-60,0,0" /><INIT seed="5,1,0,1,2,100" ten="384,404,262,0" oya="1" hai0="47,74,57,41,126,117,114,123,48,69,83,87,103" hai1="76,61,77,75,42,94,63,68,56,73,71,115,49" hai2="58,120,127,55,67,129,37,3,85,134,39,108,91" hai3=""/><U111/><E111/><V79/><N who="2" m="30752" /><V104/><F108/><T124/><N who="0" m="31520" /><T60/><D114/><U0/><E0/><V113/><F3/><T53/><D117/><U90/><E42/><V59/><F113/><T2/><D2/><U34/><E34/><V116/><F116/><T84/><D103/><U82/><E115/><V132/><F127/><N who="0" m="48682" /><D69/><U78/><E49/><V38/><F129/><T46/><D46/><U133/><E133/><N who="2" m="51307" /><F79/><AGARI ba="1,0" hai="41,47,48,53,57,60,74,79,83,84,87" m="48682,31520" machi="79" ten="30,2000,0" yaku="18,1,52,1" doraHai="100" who="0" fromWho="2" sc="384,22,404,0,262,-22,0,0" /><INIT seed="6,0,0,1,3,3" ten="406,404,240,0" oya="2" hai0="113,1,102,77,84,115,40,61,116,88,110,33,123" hai1="117,134,111,60,48,96,121,58,80,124,93,67,97" hai2="45,128,119,39,127,109,66,63,108,135,37,57,51" hai3=""/><V107/><F107/><T70/><N who="0" m="31520" /><T105/><D110/><N who="2" m="42602" /><F119/><T91/><D116/><U43/><N who="1" m="31008" /><U72/><E117/><V49/><F135/><T36/><D33/><U82/><E134/><V56/><F128/><T101/><D1/><U68/><E111/><V112/><F112/><N who="0" m="43082" /><D77/><U55/><E124/><V132/><F132/><T42/><D91/><U120/><N who="1" m="30752" /><U130/><E130/><V59/><F51/><T122/><N who="0" m="31264" /><T79/><D79/><U98/><E43/><N who="0" m="16425" /><D36/><N who="2" m="13898" /><F127/><T87/><D87/><U75/><REACH who="1" step="1"/><E93/><REACH who="1" ten="406,394,240,0" step="2"/><V131/><F131/><T47/><D105/><U89/><E89/><V71/><F71/><T81/><D47/><U0/><E0/><V92/><F92/><T74/><D74/><AGARI ba="0,1" hai="48,55,58,60,67,68,72,74,75,80,82,96,97,98" m="30752,31008" machi="74" ten="40,5200,0" yaku="1,1,52,2,53,0" doraHai="3" doraHaiUra="34" who="1" fromWho="0" sc="406,-52,394,62,240,0,0,0" owari="354,-5.0,456,41.0,240,-36.0,0,0.0" /></mjloggm>