<mjloggm ver="2.3"><GO type="169" lobby="0"/><UN n0="%E9%8A%80%E8%89%B2%E3%81%84%E3%81%8C%E3%81%90%E3%82%8A" n1="%E6%96%87%E5%9B%9B%E9%83%8E" n2="%E5%BD%A9%E4%BA%AC" n3="%75%63%63%68%69%2D%30%32" dan="18,16,17,16" rate="2289.85,2174.92,2192.37,2181.94" sx="M,M,M,M"/><TAIKYOKU oya="0"/><INIT seed="0,0,0,0,4,44" ten="250,250,250,250" oya="0" hai0="28,25,10,73,79,12,88,125,23,16,112,117,118" hai1="120,65,72,13,5,81,31,8,123,110,86,40,115" hai2="135,15,56,71,46,85,49,114,129,91,75,17,102" hai3="43,107,1,2,80,24,132,96,128,29,106,42,11"/><T105/><D112/><U19/><E72/><V7/><F114/><W34/><G132/><T89/><D105/><U64/><E115/><V101/><F71/><W39/><G128/><T108/><D125/><U61/><E31/><V54/><F135/><W99/><G80/><T130/><D130/><U124/><E124/><V60/><F129/><W74/><G74/><T121/><D121/><U27/><E110/><V14/><F75/><W9/><G29/><T82/><REACH who="0" step="1"/><D108/><REACH who="0" ten="240,250,250,250" step="2"/><U134/><E134/><V20/><F7/><W57/><G107/><T26/><D26/><U116/><E116/><AGARI ba="0,1" hai="10,12,16,23,25,28,73,79,82,88,89,116,117,118" machi="116" ten="40,7700,0" yaku="1,1,54,2,53,0" doraHai="44" doraHaiUra="59" who="0" fromWho="1" sc="240,87,250,-77,250,0,250,0" /><INIT seed="0,1,0,1,5,110" ten="327,173,250,250" oya="0" hai0="16,98,13,122,128,26,90,69,106,47,59,105,35" hai1="21,135,10,117,0,78,65,57,4,56,58,43,31" hai2="84,50,91,48,115,34,53,2,109,120,103,46,79" hai3="70,124,1,75,123,51,85,101,61,102,80,54,104"/><T63/><D122/><U89/><E117/><V28/><F120/><W86/><G123/><T11/><D69/><U32/><E78/><V131/><F2/><W114/><G1/><T96/><D128/><U72/><E32/><V45/><F131/><W9/><G114/><T14/><D47/><U71/><E72/><V36/><F109/><W100/><G104/><T37/><D37/><U38/><E135/><V125/><F125/><W23/><G9/><T49/><D49/><U83/><E43/><V62/><F103/><W41/><G124/><T44/><D44/><U129/><E38/><V93/><F36/><W74/><G23/><T52/><D35/><U92/><E83/><V68/><F79/><W55/><G41/><T66/><D66/><U64/><E71/><V24/><F115/><W25/><G25/><T12/><D98/><U40/><E40/><V132/><F132/><W20/><G20/><N who="0" m="13575" /><D11/><U108/><E129/><V112/><F112/><W119/><G119/><T22/><D22/><U19/><E31/><V113/><F113/><W130/><G130/><T126/><D126/><U82/><E108/><V111/><F111/><W118/><G118/><T7/><D7/><U97/><REACH who="1" step="1"/><E82/><REACH who="1" ten="327,163,250,250" step="2"/><V30/><F68/><W6/><G80/><T42/><D42/><U77/><E77/><V67/><F30/><W99/><G70/><T5/><D5/><U134/><E134/><V127/><F28/><W94/><G75/><T116/><D116/><U18/><E18/><V121/><F34/><W60/><G74/><T133/><D133/><U87/><E87/><V33/><F84/><RYUUKYOKU ba="1,1" sc="327,15,163,15,250,-15,250,-15" hai0="12,13,14,52,59,63,90,96,105,106" hai1="0,4,10,19,21,56,57,58,64,65,89,92,97" /><INIT seed="0,2,1,1,4,37" ten="342,178,235,235" oya="0" hai0="110,21,43,61,117,71,27,42,102,129,51,122,33" hai1="48,107,14,86,32,5,132,31,95,30,135,116,28" hai2="13,74,114,77,62,64,104,76,87,8,6,109,118" hai3="58,90,41,40,4,55,126,54,113,67,88,70,94"/><T93/><D122/><U20/><E116/><V63/><F114/><W72/><G113/><T19/><D117/><U45/><E32/><V3/><F104/><W82/><G126/><T0/><D0/><U108/><E107/><V134/><F118/><W12/><G70/><T49/><D33/><U53/><E108/><V111/><F134/><N who="1" m="51241" /><E5/><V106/><F106/><W18/><G4/><T133/><D110/><N who="2" m="41994" /><F74/><W101/><G72/><T10/><D133/><U36/><E36/><V68/><F63/><N who="3" m="38391" /><G101/><T81/><D129/><U121/><E121/><V123/><F123/><W128/><G128/><T29/><D61/><U96/><E86/><V105/><F105/><W119/><G119/><T83/><D71/><U23/><E14/><V130/><F130/><W25/><G25/><T34/><D34/><U15/><E15/><V75/><F75/><W73/><G82/><N who="0" m="31243" /><D10/><U92/><E92/><V89/><F3/><W22/><G73/><T46/><D29/><U7/><E7/><V100/><F100/><AGARI ba="2,1" hai="20,23,28,30,31,45,48,53,95,96,100" m="51241" machi="100" ten="30,1000,0" yaku="20,1" doraHai="37" who="1" fromWho="2" sc="342,0,178,26,235,-16,235,0" /><INIT seed="1,0,0,5,4,5" ten="342,204,219,235" oya="1" hai0="85,121,78,84,65,9,126,29,98,56,88,31,129" hai1="83,38,18,110,58,7,62,33,67,37,133,77,23" hai2="76,2,91,24,60,69,71,105,119,97,128,49,122" hai3="124,117,74,8,120,103,70,109,135,30,113,19,80"/><U114/><E114/><V134/><F122/><W63/><G103/><T22/><D121/><U47/><E33/><V50/><F119/><W57/><G117/><T99/><D129/><U55/><E133/><V96/><F128/><W0/><G120/><T17/><D126/><U89/><E89/><V35/><F2/><W90/><G124/><T132/><D132/><U6/><E110/><V11/><F76/><W100/><G100/><T116/><D116/><U87/><E38/><V26/><F91/><W81/><G135/><T43/><D43/><U21/><E21/><V123/><F123/><W16/><G70/><T102/><D102/><U95/><E95/><V14/><F60/><W86/><G113/><T44/><D44/><U12/><E37/><V64/><F64/><W51/><G51/><AGARI ba="0,0" hai="6,7,12,18,23,47,51,55,58,62,67,77,83,87" machi="51" ten="40,2000,0" yaku="8,1" doraHai="5" who="1" fromWho="3" sc="342,0,204,20,219,0,235,-20" /><INIT seed="1,1,0,0,3,43" ten="342,224,219,215" oya="1" hai0="45,21,57,16,97,95,64,50,55,86,100,2,27" hai1="78,68,63,67,71,76,11,88,121,102,124,44,38" hai2="19,28,25,70,77,73,108,111,10,109,42,33,23" hai3="112,90,96,47,83,15,62,106,72,93,115,82,101"/><U126/><E121/><V31/><F70/><W104/><G62/><N who="0" m="37967" /><D2/><U116/><E116/><V117/><F117/><W125/><G15/><T122/><D122/><U89/><E102/><V54/><F42/><W131/><G47/><T20/><D20/><U87/><E11/><V30/><F54/><W34/><G34/><T35/><D35/><U94/><E71/><V3/><F77/><N who="3" m="44327" /><G131/><T81/><D81/><U103/><E103/><V39/><F39/><W52/><G52/><T130/><D130/><U0/><E0/><V36/><F36/><W107/><G125/><N who="1" m="48234" /><E89/><V66/><F66/><W24/><G24/><N who="0" m="14375" /><D86/><AGARI ba="1,0" hai="83,86,90,93,96,101,104,106,107,112,115" m="44327" machi="86" ten="30,2000,0" yaku="34,2" doraHai="43" who="3" fromWho="0" sc="342,-23,224,0,219,0,215,23" /><INIT seed="2,0,0,3,0,118" ten="319,224,219,238" oya="2" hai0="29,127,48,104,54,123,60,131,34,77,117,5,95" hai1="96,82,83,12,49,68,125,9,6,27,70,134,107" hai2="30,102,13,42,106,111,74,24,66,31,78,87,92" hai3="11,122,73,37,3,52,91,32,15,38,64,4,116"/><V53/><F42/><W8/><G116/><T44/><D104/><U22/><E134/><V17/><F66/><W51/><G32/><T90/><D117/><U43/><E125/><V14/><F111/><W103/><G73/><T19/><D127/><U50/><E70/><V72/><F72/><W67/><G103/><T105/><D5/><U99/><E68/><V81/><F31/><W130/><G130/><T132/><D105/><U28/><E107/><V58/><F17/><W25/><G122/><T113/><D113/><U89/><E50/><V71/><F71/><W109/><G25/><T100/><D100/><U133/><E133/><V39/><F39/><W129/><G129/><T128/><D77/><U93/><REACH who="1" step="1"/><E99/><REACH who="1" ten="319,214,219,238" step="2"/><N who="2" m="59751" /><F106/><W115/><G38/><T85/><D132/><U65/><E65/><V40/><F74/><W124/><G37/><T80/><D60/><U120/><E120/><V98/><F98/><W0/><G124/><T1/><D123/><U55/><E55/><V2/><F40/><W121/><G121/><T114/><D114/><U20/><E20/><N who="2" m="15623" /><F2/><W41/><G115/><T35/><D1/><U79/><E79/><V75/><F75/><W135/><G41/><T112/><D112/><U88/><E88/><V16/><F53/><W47/><G135/><T59/><D54/><U101/><E101/><V126/><F126/><W56/><G0/><T21/><D128/><U26/><E26/><V63/><F63/><N who="3" m="37991" /><G67/><T46/><D131/><U61/><E61/><V69/><F69/><W94/><G109/><T119/><D119/><U108/><E108/><V97/><F78/><RYUUKYOKU ba="0,1" sc="319,-10,214,30,219,-10,238,-10" hai1="6,9,12,22,27,28,43,49,82,83,89,93,96" /><INIT seed="3,1,1,3,0,9" ten="309,244,209,228" oya="3" hai0="97,24,36,27,70,120,66,108,60,14,37,69,126" hai1="50,101,56,133,80,52,134,109,89,107,121,115,8" hai2="19,96,71,67,47,125,35,86,62,12,128,21,84" hai3="31,22,29,122,33,4,6,116,129,23,15,44,87"/><W127/><G116/><T34/><D120/><U13/><E121/><V117/><F117/><W132/><G122/><T0/><D0/><U94/><E115/><V68/><F68/><W1/><G132/><N who="1" m="50794" /><E80/><V76/><F35/><W100/><G129/><T32/><D126/><U48/><E109/><V105/><F125/><W43/><G127/><T40/><D108/><U130/><E130/><V57/><F128/><W113/><G113/><T91/><D40/><U135/><N who="1" m="50802" /><U65/><DORA hai="83" /><E65/><V63/><F76/><W17/><G100/><T75/><D75/><U73/><E73/><V118/><F118/><W123/><G123/><T64/><D97/><N who="1" m="61871" /><E50/><V10/><F47/><W78/><G33/><T114/><D60/><U131/><E131/><V2/><F105/><W3/><G3/><T26/><D114/><U90/><E94/><V39/><F96/><W92/><G1/><T42/><D42/><U11/><E11/><V61/><F39/><W74/><G74/><T49/><D49/><U28/><E28/><V112/><F112/><W82/><G92/><T41/><D41/><U51/><E48/><V53/><REACH who="2" step="1"/><F63/><REACH who="2" ten="309,244,199,228" step="2"/><W72/><G72/><T55/><D36/><U38/><E38/><V98/><F98/><W95/><G44/><T7/><D37/><U20/><E20/><V30/><F30/><W124/><G43/><T103/><D34/><U104/><E104/><V81/><F81/><W45/><G45/><T119/><D32/><U93/><E93/><V16/><F16/><AGARI ba="1,2" hai="8,13,16,51,52,56,89,90" m="61871,50802" machi="16" ten="40,8000,1" yaku="20,1,52,1,54,2" doraHai="9,83" who="1" fromWho="2" sc="309,0,244,103,199,-83,228,0" /><INIT seed="4,0,0,1,4,26" ten="309,347,116,228" oya="0" hai0="24,29,82,98,23,87,92,111,76,115,34,18,27" hai1="58,56,102,126,30,59,19,70,0,21,114,75,95" hai2="38,3,62,94,43,68,64,31,20,51,101,28,6" hai3="69,88,25,122,50,14,103,132,106,78,7,135,66"/><T67/><D115/><U44/><E75/><V128/><F128/><W22/><G122/><T124/><D124/><U52/><E0/><V83/><F38/><W121/><G121/><T10/><D111/><U99/><E70/><V65/><F65/><W91/><G78/><T80/><D67/><U47/><E126/><V48/><F83/><W36/><G36/><T130/><D130/><U112/><E30/><V61/><F61/><N who="3" m="40143" /><G103/><T11/><REACH who="0" step="1"/><D80/><REACH who="0" ten="299,347,116,228" step="2"/><U60/><E114/><V120/><F120/><W131/><G131/><T79/><D79/><U55/><E112/><V37/><F64/><W81/><G81/><T57/><D57/><U9/><E59/><V117/><F68/><W86/><G135/><T118/><D118/><U32/><E56/><V16/><F117/><W73/><G132/><T127/><D127/><U71/><E71/><V119/><F119/><W35/><G73/><T2/><D2/><U113/><E113/><V77/><F3/><W100/><G106/><T72/><D72/><U90/><E58/><V1/><F77/><W84/><G35/><T133/><D133/><U4/><E32/><V123/><F1/><W15/><G7/><T53/><D53/><U85/><E52/><V45/><F6/><W8/><G8/><T97/><D97/><U125/><E99/><V40/><F123/><W104/><G104/><T129/><D129/><U12/><E125/><V17/><F43/><W109/><G86/><T5/><D5/><U33/><E4/><V134/><F134/><W39/><G109/><T54/><D54/><U93/><E55/><V41/><F41/><RYUUKYOKU ba="0,1" sc="299,30,347,-10,116,-10,228,-10" hai0="10,11,18,23,24,27,29,34,76,82,87,92,98" /><INIT seed="4,1,1,3,3,114" ten="329,337,106,218" oya="0" hai0="111,54,133,105,72,75,107,126,23,62,94,11,89" hai1="92,128,117,74,79,17,5,49,37,81,31,40,134" hai2="25,28,86,41,108,127,90,9,93,83,61,27,65" hai3="82,122,115,53,39,70,16,36,46,7,20,121,91"/><T77/><D23/><U135/><E37/><V42/><F108/><W80/><G70/><T76/><D11/><U26/><E5/><V43/><F127/><W71/><G71/><T58/><D62/><U120/><E120/><N who="3" m="46186" /><G7/><T130/><D54/><U34/><E92/><V6/><F28/><W66/><G66/><T123/><D58/><U129/><E17/><V119/><F119/><W47/><G115/><T113/><D123/><U21/><E21/><V102/><F102/><W73/><G73/><N who="0" m="28235" /><D113/><U78/><E79/><N who="0" m="30281" /><D126/><U132/><E117/><V44/><F83/><N who="3" m="31787" /><G91/><T106/><D111/><U96/><E96/><V19/><F44/><AGARI ba="1,1" hai="26,31,34,40,44,49,74,78,81,128,129,132,134,135" machi="44" ten="50,1600,0" yaku="20,1" doraHai="114" who="1" fromWho="2" sc="329,0,337,29,106,-19,218,0" /><INIT seed="5,0,0,5,4,90" ten="329,366,87,218" oya="1" hai0="49,71,83,116,28,109,29,74,6,7,41,80,56" hai1="33,119,82,127,35,31,130,30,48,20,55,113,8" hai2="66,59,16,112,124,81,134,2,73,3,131,27,67" hai3="92,9,17,45,34,37,40,118,91,107,88,122,68"/><U75/><E119/><V94/><F124/><W85/><G107/><T105/><D71/><U76/><E127/><V115/><F131/><W18/><G118/><T44/><D105/><U22/><E130/><V25/><F134/><W42/><G122/><T65/><D109/><U135/><E113/><N who="2" m="43595" /><F59/><W64/><G34/><T125/><D116/><U102/><E135/><V24/><F73/><W5/><G42/><T4/><D74/><U32/><E102/><V86/><F81/><N who="0" m="31306" /><D125/><U128/><E128/><V95/><F86/><W39/><G39/><T129/><D129/><U26/><E8/><V103/><F103/><W77/><G77/><T1/><D1/><N who="2" m="10" /><F16/><W89/><G89/><T12/><D12/><U58/><REACH who="1" step="1"/><E22/><REACH who="1" ten="329,356,87,218" step="2"/><V23/><F23/><W78/><G37/><T84/><D4/><U110/><E110/><V57/><F57/><W79/><G5/><T53/><D6/><U100/><E100/><V63/><F63/><W133/><G68/><T60/><D7/><U121/><E121/><V14/><F14/><W11/><G133/><T36/><D36/><U70/><E70/><V46/><F46/><W101/><G101/><T43/><D44/><U114/><E114/><V47/><F47/><W87/><G45/><N who="0" m="27823" /><D41/><U0/><E0/><V99/><F99/><W10/><G40/><T96/><D96/><U98/><E98/><V104/><F104/><W15/><G15/><T108/><D108/><U117/><E117/><V19/><F19/><AGARI ba="0,1" hai="19,20,26,30,31,32,33,35,48,55,58,75,76,82" machi="19" ten="40,2000,0" yaku="1,1,53,0" doraHai="90" doraHaiUra="126" who="1" fromWho="2" sc="329,0,356,30,87,-20,218,0" /><INIT seed="5,1,0,0,5,49" ten="329,386,67,218" oya="1" hai0="40,90,101,88,14,24,95,99,108,103,92,12,78" hai1="87,74,126,4,21,51,48,70,62,42,123,66,25" hai2="121,98,75,67,111,31,64,85,107,11,122,93,53" hai3="100,69,0,113,6,124,63,30,130,16,59,133,105"/><U32/><E123/><V83/><F111/><W97/><G69/><T22/><D108/><U39/><E74/><V71/><F31/><W77/><G113/><T72/><D40/><U56/><E32/><V54/><F75/><W135/><G124/><T29/><D78/><U84/><E4/><V127/><F107/><W9/><G130/><T58/><D72/><U116/><E116/><V104/><F104/><W81/><G30/><T73/><D73/><U43/><E126/><V82/><F127/><W65/><G81/><T110/><D110/><U1/><E1/><V91/><F121/><W131/><G77/><T132/><D132/><U80/><E39/><V27/><F122/><W76/><G76/><T102/><REACH who="0" step="1"/><D58/><REACH who="0" ten="319,386,67,218" step="2"/><U55/><E70/><V47/><F71/><W118/><G131/><T33/><D33/><U37/><E37/><V79/><F83/><W106/><G118/><T38/><D38/><U17/><E80/><V46/><F11/><W20/><REACH who="3" step="1"/><G106/><REACH who="3" ten="319,386,67,208" step="2"/><T57/><D57/><U50/><E43/><V125/><F125/><W23/><G23/><T19/><D19/><U5/><E42/><V86/><F79/><W34/><G34/><T18/><D18/><U45/><E5/><V89/><F82/><W117/><G117/><T68/><D68/><U115/><E115/><V52/><F47/><W109/><G109/><T120/><D120/><U60/><E45/><V119/><F46/><W61/><G61/><T3/><D3/><U36/><E36/><V41/><F119/><W15/><AGARI ba="1,2" hai="0,6,9,15,16,20,59,63,65,97,100,105,133,135" machi="15" ten="30,4000,0" yaku="1,1,0,1,54,1,53,0" doraHai="49" doraHaiUra="114" who="3" fromWho="3" sc="319,-11,386,-21,67,-11,208,63" /><INIT seed="6,0,0,1,2,35" ten="308,365,56,271" oya="2" hai0="49,4,10,40,80,5,103,75,95,34,36,21,41" hai1="108,44,83,119,3,0,131,30,121,91,29,25,118" hai2="94,6,78,42,125,109,8,67,24,88,47,74,90" hai3="58,60,96,48,1,111,13,123,92,17,39,115,93"/><V85/><F109/><W106/><G39/><T43/><D34/><U56/><E108/><V112/><F112/><W14/><G111/><T133/><D133/><U51/><E56/><V84/><F125/><W37/><G37/><T82/><D36/><U98/><E131/><V100/><F100/><W65/><G123/><T57/><D75/><U12/><E12/><V79/><F74/><W128/><G115/><T63/><D49/><U19/><E19/><V116/><F116/><W97/><G128/><T71/><D71/><U32/><E30/><V117/><F67/><W105/><G1/><T18/><D95/><U130/><E130/><V26/><F117/><W61/><G48/><T86/><D103/><U22/><E32/><V55/><F55/><W53/><G106/><T64/><D10/><U107/><E121/><V122/><F122/><W52/><G105/><T11/><D11/><U77/><E119/><V66/><F66/><W132/><G132/><T50/><D50/><U134/><E134/><V126/><F47/><W72/><G72/><T102/><D80/><U81/><E118/><V113/><F42/><W23/><G14/><N who="0" m="9431" /><D102/><U89/><E83/><N who="2" m="49439" /><F126/><W28/><G28/><T129/><D129/><U104/><E104/><V135/><F135/><W59/><G65/><T73/><D73/><U110/><E110/><V101/><F101/><W68/><G68/><T54/><D64/><U9/><E107/><V87/><F113/><W124/><G124/><T46/><D46/><U15/><E44/><V127/><F127/><W99/><AGARI ba="0,0" hai="13,17,23,52,53,58,59,60,61,92,93,96,97,99" machi="99" ten="30,7900,0" yaku="0,1,9,1,8,1,54,1" doraHai="35" who="3" fromWho="3" sc="308,-20,365,-20,56,-39,271,79" /><INIT seed="7,0,0,1,5,79" ten="288,345,17,350" oya="3" hai0="54,13,37,132,78,81,5,70,51,38,102,17,107" hai1="49,11,45,2,108,119,7,73,127,133,115,87,55" hai2="56,9,68,118,65,117,93,48,63,72,101,58,84" hai3="113,109,30,1,111,106,100,60,29,24,99,53,57"/><W33/><G113/><T129/><D132/><U40/><E108/><N who="3" m="41546" /><G30/><T71/><D129/><U131/><E73/><V120/><F72/><W44/><G44/><T15/><D5/><U64/><E64/><V80/><F120/><W95/><G1/><T42/><D42/><U31/><E31/><V19/><F68/><W18/><G18/><T8/><D70/><U105/><E105/><AGARI ba="0,0" hai="24,29,33,53,57,60,95,99,100,105,106" m="41546" machi="105" ten="30,1500,0" yaku="10,1" doraHai="79" who="3" fromWho="1" sc="288,0,345,-15,17,0,350,15" owari="288,-11.0,330,13.0,17,-48.0,365,46.0" /></mjloggm>