<mjloggm ver="2.3"><GO type="169" lobby="0"/><UN n0="%6D%61%74%6F%30%36%30%33" n1="%6B%6F%6A%69%6D%6F%6E%39" n2="%E3%82%84%E3%81%BE%E3%81%98%E3%82%8D%E3%81%86" n3="%6B%61%74%65%72%69%6E%61" dan="18,16,16,17" rate="2252.31,2104.07,2091.31,2133.49" sx="M,M,M,M"/><TAIKYOKU oya="0"/><INIT seed="0,0,0,0,4,13" ten="250,250,250,250" oya="0" hai0="93,56,104,114,74,60,121,103,23,17,57,2,94" hai1="24,29,25,40,5,72,120,106,123,48,111,89,108" hai2="105,28,130,79,32,19,81,49,112,135,55,61,107" hai3="27,58,132,82,77,11,118,52,90,59,102,3,64"/><T10/><D114/><U1/><E72/><V78/><F112/><W4/><G118/><T66/><D121/><U41/><E106/><V127/><F127/><W45/><G132/><T46/><D74/><U67/><E67/><V34/><F135/><W26/><G102/><T20/><D46/><U68/><E68/><V129/><F61/><W133/><G90/><T134/><D134/><U126/><E89/><V6/><F6/><W9/><G133/><T84/><D2/><U92/><E92/><V110/><F110/><N who="1" m="42025" /><E48/><V122/><F122/><N who="1" m="46633" /><E41/><V12/><F49/><W75/><G64/><T96/><D84/><U51/><E51/><V86/><F55/><W73/><G73/><T97/><D57/><U44/><E44/><V21/><F79/><W36/><G59/><T35/><D104/><U109/><E40/><V69/><F69/><W91/><G91/><N who="0" m="55359" /><D35/><N who="2" m="13354" /><F105/><W124/><G45/><T53/><D66/><U80/><E80/><V65/><F65/><W98/><G36/><T128/><D128/><N who="2" m="49258" /><F107/><W115/><G115/><T131/><D131/><U63/><E109/><V16/><F12/><AGARI ba="0,0" hai="10,12,17,20,23,53,56,60,94,97,103" m="55359" machi="12" ten="30,2900,0" yaku="8,1,52,1" doraHai="13" who="0" fromWho="2" sc="250,29,250,0,250,-29,250,0" /><INIT seed="0,1,0,1,5,42" ten="279,250,221,250" oya="0" hai0="4,103,89,123,43,22,71,73,19,101,5,83,75" hai1="113,52,36,91,74,51,48,116,45,16,7,80,104" hai2="100,12,117,115,128,68,130,98,2,26,96,93,3" hai3="50,59,8,41,112,1,11,105,40,65,77,87,69"/><T118/><D118/><U56/><E116/><V9/><F68/><W82/><G112/><T63/><D123/><U28/><E104/><V18/><F115/><W37/><G105/><T49/><D73/><U47/><E113/><V10/><F117/><W84/><G69/><T27/><D71/><U78/><E7/><N who="0" m="2633" /><D75/><U126/><E126/><V129/><F10/><W81/><G1/><T25/><D63/><U61/><E28/><V90/><REACH who="2" step="1"/><F26/><REACH who="2" ten="279,250,211,250" step="2"/><W76/><G11/><T54/><D27/><U32/><E32/><V99/><F99/><W55/><G8/><T124/><D124/><U131/><E131/><V110/><F110/><W94/><G37/><T44/><D43/><U13/><E36/><V125/><F125/><W66/><G40/><T102/><D102/><U70/><E70/><V60/><F60/><W17/><G41/><T88/><D89/><U106/><E91/><V39/><F39/><W120/><G120/><T132/><D132/><U62/><E62/><V24/><F24/><W46/><G77/><T134/><D134/><U38/><E38/><V20/><F20/><W14/><G76/><T111/><D111/><U86/><E74/><V119/><F119/><W114/><G114/><T135/><D135/><U58/><E61/><V97/><F97/><W53/><G87/><AGARI ba="1,1" hai="19,22,25,44,49,54,83,87,88,101,103" m="2633" machi="87" ten="30,5800,0" yaku="8,1,52,1,54,1" doraHai="42" who="0" fromWho="3" sc="279,71,250,0,211,0,250,-61" /><INIT seed="0,2,0,5,5,134" ten="350,250,211,189" oya="0" hai0="43,83,28,95,91,104,70,21,108,18,90,77,36" hai1="66,16,132,89,128,112,120,23,46,101,34,100,54" hai2="79,57,87,122,75,24,86,52,15,94,84,12,37" hai3="96,73,5,71,63,64,2,7,59,62,11,114,105"/><T123/><D104/><U107/><E120/><V44/><F122/><W126/><G114/><T42/><D70/><U27/><E128/><V117/><F117/><W74/><G126/><T76/><D123/><U109/><E109/><V130/><F130/><W19/><G7/><T61/><D28/><U82/><E132/><V88/><F24/><W6/><G6/><T58/><D108/><U49/><E107/><V80/><F44/><W124/><G124/><T50/><D36/><U53/><E66/><V60/><REACH who="2" step="1"/><F37/><REACH who="2" ten="350,250,201,189" step="2"/><W72/><G19/><T32/><D18/><U93/><E112/><V41/><F41/><W22/><G22/><T45/><D45/><U85/><E34/><V81/><F81/><W99/><REACH who="3" step="1"/><G105/><REACH who="3" ten="350,250,201,179" step="2"/><T0/><D21/><U111/><E111/><V69/><F69/><W48/><G48/><T8/><D50/><N who="1" m="28887" /><E82/><V129/><F129/><W115/><G115/><T17/><D83/><U97/><E49/><V131/><F131/><W78/><G78/><T92/><D77/><U14/><E27/><V55/><F55/><AGARI ba="2,2" hai="2,5,11,55,59,62,63,64,71,72,73,74,96,99" machi="55" ten="40,1300,0" yaku="1,1,53,0" doraHai="134" doraHaiUra="47" who="3" fromWho="2" sc="350,0,250,0,201,-19,179,39" /><INIT seed="1,0,0,3,4,105" ten="350,250,182,218" oya="1" hai0="14,50,59,95,34,99,9,7,24,129,1,82,53" hai1="75,67,86,74,54,97,44,46,85,112,124,47,35" hai2="45,116,88,10,130,13,23,15,106,41,12,120,83" hai3="123,6,103,52,28,118,109,113,30,71,126,55,132"/><U43/><E35/><V114/><F116/><W40/><G123/><T31/><D129/><U0/><E0/><V92/><F120/><W38/><G103/><T69/><D69/><U117/><E117/><V39/><F106/><W2/><G118/><T68/><D68/><U42/><E67/><V91/><F130/><W110/><G6/><T20/><D82/><U66/><E66/><V51/><F114/><W49/><G2/><T25/><D1/><U122/><E122/><V108/><F108/><W128/><G71/><T115/><D115/><U22/><E22/><V80/><F91/><W5/><G5/><T87/><D87/><N who="1" m="33291" /><E54/><V32/><F32/><W48/><G113/><T72/><D34/><U100/><E97/><V107/><F107/><W64/><G128/><T119/><D119/><U102/><E124/><V133/><F133/><W62/><G126/><T58/><D24/><U101/><E112/><V131/><F131/><W17/><G132/><T63/><D72/><AGARI ba="0,0" hai="42,43,44,46,47,72,74,75,100,101,102" m="33291" machi="72" ten="40,12000,1" yaku="28,2,52,3" doraHai="105" who="1" fromWho="0" sc="350,-120,250,120,182,0,218,0" /><INIT seed="1,1,0,2,1,95" ten="230,370,182,218" oya="1" hai0="134,57,93,60,21,36,80,131,82,41,71,90,128" hai1="11,114,84,15,108,24,101,28,31,44,102,99,22" hai2="62,79,72,26,106,116,75,110,9,124,59,120,65" hai3="73,111,49,17,126,69,52,18,10,115,38,53,7"/><U67/><E114/><V56/><F116/><W66/><G115/><T40/><D71/><U104/><E67/><V113/><F113/><W19/><G73/><T20/><D134/><U68/><E68/><V12/><F120/><W122/><G122/><T64/><D20/><U121/><E121/><V37/><F37/><W33/><G33/><T129/><D21/><U77/><E102/><V130/><F110/><W107/><G107/><T91/><D91/><U96/><E101/><V45/><F124/><W88/><G111/><T135/><D135/><U34/><E34/><V119/><F130/><W58/><G38/><T109/><D109/><U105/><E104/><V78/><F106/><W48/><G126/><T74/><D36/><U6/><E105/><V112/><F45/><W54/><G69/><T39/><D39/><U55/><E31/><V30/><F119/><W2/><REACH who="3" step="1"/><G88/><REACH who="3" ten="230,370,182,208" step="2"/><T16/><D90/><U97/><E108/><V100/><F100/><W87/><G87/><T89/><D74/><U32/><E32/><N who="2" m="20567" /><F72/><W123/><G123/><T4/><D80/><N who="1" m="47119" /><E44/><V63/><F75/><W103/><G103/><T46/><D82/><U83/><E83/><V43/><F112/><W76/><G76/><T92/><D46/><U42/><E42/><N who="0" m="16489" /><D89/><U117/><E117/><V127/><F43/><W29/><G29/><T0/><D92/><U85/><E85/><V70/><F127/><W23/><G23/><T3/><D93/><U5/><E55/><N who="2" m="34079" /><F70/><W8/><G8/><T51/><D131/><U133/><E133/><V1/><F79/><W118/><G118/><T47/><D129/><RYUUKYOKU ba="1,1" sc="230,-15,370,15,182,-15,208,15" hai1="5,6,11,15,22,24,28,96,97,99" hai3="2,7,10,17,18,19,48,49,52,53,54,58,66" /><INIT seed="1,2,1,1,1,44" ten="215,385,167,223" oya="1" hai0="83,35,0,104,110,101,111,62,113,109,27,31,3" hai1="17,135,128,25,124,5,24,36,10,15,122,108,125" hai2="7,32,98,68,84,69,89,13,33,37,16,40,18" hai3="73,102,96,60,66,93,19,43,133,75,123,131,1"/><U49/><E36/><V61/><F7/><W94/><G123/><T129/><D113/><U90/><E122/><V42/><F98/><W2/><G133/><T127/><D129/><U63/><E63/><V72/><F72/><W23/><G131/><T126/><D83/><U47/><E128/><V28/><F28/><W107/><G43/><T14/><D62/><U21/><E135/><V134/><F134/><W51/><G75/><T53/><D101/><U39/><E39/><V4/><F4/><W46/><G73/><T76/><D76/><U9/><E90/><V54/><F68/><W48/><G46/><T105/><D53/><U117/><E117/><V67/><F18/><W70/><G1/><N who="0" m="587" /><D14/><U118/><E118/><V91/><F91/><W6/><G6/><T52/><D52/><N who="1" m="29759" /><E10/><V99/><F99/><W86/><G2/><T88/><D88/><U80/><E80/><V81/><F37/><W29/><G29/><T74/><D74/><U26/><E108/><N who="0" m="27649" /><T22/><DORA hai="82" /><D22/><U78/><E78/><V130/><F130/><W132/><G132/><T20/><D20/><U58/><E58/><V95/><F81/><W100/><G107/><AGARI ba="2,1" hai="27,31,35,104,105,107,126,127" m="27649,587" machi="107" ten="50,3200,0" yaku="14,1,23,1" doraHai="44,82" who="0" fromWho="3" sc="215,48,385,0,167,0,223,-38" /><INIT seed="2,0,0,2,3,131" ten="263,385,167,185" oya="2" hai0="85,56,116,62,77,31,39,98,126,93,21,74,120" hai1="14,103,52,34,82,5,92,23,122,33,70,18,102" hai2="65,81,134,79,118,28,10,94,105,86,96,78,100" hai3="26,97,83,37,128,25,59,110,16,27,9,121,123"/><V111/><F28/><W127/><G128/><T60/><D39/><U11/><E70/><V40/><F65/><W130/><G130/><T20/><D120/><U53/><E122/><V55/><F40/><W3/><G37/><T35/><D74/><U107/><E107/><V13/><F118/><W6/><G127/><T15/><D126/><U42/><E42/><V19/><F111/><W69/><G69/><T115/><D115/><U32/><E82/><V8/><F134/><W101/><G59/><T22/><D116/><U84/><E103/><V114/><F114/><W63/><G63/><T90/><D35/><U91/><REACH who="1" step="1"/><E102/><REACH who="1" ten="263,375,167,185" step="2"/><V80/><F105/><W17/><G83/><T71/><D71/><U113/><E113/><V112/><F112/><W41/><G41/><T54/><D77/><U12/><AGARI ba="0,1" hai="5,11,12,14,18,23,32,33,34,52,53,84,91,92" machi="12" ten="30,4000,0" yaku="1,1,0,1,54,1,53,0" doraHai="131" doraHaiUra="43" who="1" fromWho="1" sc="263,-10,375,50,167,-20,185,-10" /><INIT seed="3,0,0,2,4,78" ten="253,425,147,175" oya="3" hai0="94,103,127,118,17,54,76,59,55,52,110,114,32" hai1="113,29,134,107,61,98,8,116,39,46,112,58,104" hai2="14,108,0,11,37,50,97,121,23,22,5,81,63" hai3="80,86,91,16,122,26,133,92,7,1,66,53,49"/><W126/><G122/><T41/><D32/><U65/><E134/><V24/><F121/><W64/><G133/><T31/><D118/><U60/><E29/><V124/><F37/><W82/><G126/><T4/><D110/><U42/><E116/><V99/><F108/><W128/><G128/><T45/><D127/><U100/><E107/><V30/><F124/><W90/><G7/><T131/><D131/><U119/><E119/><V88/><F63/><W125/><G125/><T79/><D4/><U68/><REACH who="1" step="1"/><E8/><REACH who="1" ten="253,415,147,175" step="2"/><V74/><F74/><W48/><G1/><T129/><D31/><U2/><E2/><V132/><F132/><W57/><G49/><T33/><D129/><U73/><E73/><V135/><F135/><W38/><G38/><T96/><D114/><U101/><E101/><V106/><F106/><W15/><G26/><T28/><D28/><U95/><E95/><V40/><F0/><W21/><G82/><T3/><D94/><U85/><E85/><AGARI ba="0,1" hai="15,16,21,48,53,57,64,66,80,85,86,90,91,92" machi="85" ten="30,18000,2" yaku="7,1,25,2,8,1,52,1,54,1" doraHai="78" who="3" fromWho="1" sc="253,0,415,-180,147,0,175,190" /><INIT seed="3,1,0,5,3,9" ten="253,235,147,365" oya="3" hai0="101,22,40,45,83,131,31,129,58,93,3,92,34" hai1="62,50,99,54,132,88,64,69,16,67,17,33,111" hai2="133,103,65,102,59,66,28,113,14,29,51,134,107" hai3="36,68,18,84,61,49,118,121,25,11,91,37,7"/><W24/><G121/><T6/><D34/><U13/><E33/><V41/><F113/><W94/><G118/><T96/><D83/><U110/><E132/><N who="2" m="50795" /><F107/><W21/><G49/><N who="0" m="26791" /><D58/><U122/><E122/><V125/><F125/><W35/><G68/><T20/><D31/><N who="2" m="11850" /><F14/><W123/><G123/><T55/><D55/><U119/><E119/><V109/><F109/><W27/><G61/><T128/><D92/><N who="1" m="56711" /><E17/><V1/><F1/><W8/><G35/><T38/><D38/><U104/><E104/><V57/><F41/><W47/><G11/><AGARI ba="1,0" hai="3,6,11,20,22,93,96,101,128,129,131" m="26791" machi="11" ten="30,1000,0" yaku="19,1" doraHai="9" who="0" fromWho="3" sc="253,13,235,0,147,0,365,-13" /><INIT seed="4,0,0,0,4,3" ten="266,235,147,352" oya="0" hai0="105,40,61,0,39,54,123,2,51,108,55,27,87" hai1="81,7,29,88,60,130,16,85,129,107,83,75,124" hai2="131,82,9,96,50,93,69,6,24,134,21,80,120" hai3="78,127,1,35,89,62,70,119,132,59,104,43,36"/><T8/><D123/><U15/><E107/><V68/><F120/><W79/><G119/><T116/><D116/><U122/><E122/><V135/><F131/><N who="1" m="50185" /><E29/><V25/><F50/><W33/><G104/><T20/><D105/><U63/><E124/><V47/><F47/><W112/><G127/><T114/><D114/><U52/><E7/><V128/><F128/><W90/><G70/><T22/><D108/><U23/><E52/><V12/><F24/><W92/><G112/><T97/><D87/><N who="1" m="50287" /><E75/><V109/><F109/><W71/><G71/><T18/><D55/><U110/><E110/><V133/><F68/><W34/><G43/><T101/><D40/><U19/><E19/><N who="2" m="12479" /><F69/><W13/><G36/><T65/><D39/><U113/><E113/><V42/><F42/><W126/><G126/><T30/><D65/><U44/><E44/><V117/><F117/><W73/><G73/><T102/><D61/><U115/><E115/><V57/><F57/><W5/><G59/><T37/><D37/><U11/><E11/><V118/><F118/><W56/><G56/><T41/><D8/><U32/><E32/><V38/><F38/><W98/><G62/><T121/><D41/><U28/><E28/><V67/><F67/><W106/><G106/><N who="0" m="63791" /><D121/><U84/><E84/><V58/><F58/><W4/><G35/><T74/><D74/><U49/><E49/><V14/><F12/><W99/><G34/><T45/><D0/><U125/><E125/><V91/><AGARI ba="0,0" hai="6,9,14,80,82,91,93,96,133,134,135" m="12479" machi="91" ten="30,2000,0" yaku="20,1,52,1" doraHai="3" who="2" fromWho="2" sc="266,-10,235,-5,147,20,352,-5" /><INIT seed="5,0,0,3,4,10" ten="256,230,167,347" oya="1" hai0="78,99,18,35,44,121,9,114,66,40,127,103,104" hai1="37,96,59,58,88,47,123,24,81,43,85,23,89" hai2="22,125,94,61,28,122,19,100,69,109,1,55,83" hai3="133,63,128,52,126,25,98,76,110,124,113,54,74"/><U68/><E68/><V62/><F109/><W105/><G110/><T34/><D114/><U117/><E117/><V60/><F1/><W112/><G133/><T107/><D107/><U115/><E115/><N who="3" m="44106" /><G128/><T51/><D127/><N who="3" m="48681" /><G25/><T46/><D121/><U87/><E96/><V65/><F122/><W48/><G63/><T91/><D35/><U17/><REACH who="1" step="1"/><E123/><REACH who="1" ten="256,220,167,347" step="2"/><V41/><F125/><W14/><G98/><T80/><D99/><U84/><E84/><V131/><F131/><W111/><G111/><T49/><D104/><U30/><E30/><V0/><F28/><W101/><G105/><T70/><D70/><U97/><E97/><V93/><F100/><W82/><G101/><T73/><D103/><U16/><E16/><V129/><F129/><W106/><G106/><T120/><D18/><U2/><E2/><V119/><F0/><W86/><G74/><T90/><D73/><U132/><E132/><V53/><F119/><W45/><G86/><T13/><D120/><U75/><E75/><V21/><F69/><W3/><G3/><T42/><D78/><U11/><E11/><V108/><F108/><W36/><G76/><T50/><D9/><U20/><E20/><V4/><F22/><W102/><G102/><T77/><D77/><U118/><E118/><V5/><F21/><W6/><G6/><T31/><D31/><U27/><E27/><V38/><F19/><W72/><G72/><T26/><D26/><U95/><AGARI ba="0,1" hai="17,23,24,37,43,47,58,59,81,85,87,88,89,95" machi="95" ten="20,12000,1" yaku="1,1,0,1,7,1,54,1,53,1" doraHai="10" doraHaiUra="12" who="1" fromWho="1" sc="256,-40,220,130,167,-40,347,-40" /><INIT seed="5,1,0,3,1,104" ten="216,350,127,307" oya="1" hai0="48,98,82,29,44,110,19,130,62,92,43,60,2" hai1="35,88,111,36,23,31,4,22,24,131,90,39,46" hai2="70,123,85,59,10,5,109,14,116,80,93,12,129" hai3="83,134,41,122,112,89,72,9,102,13,51,115,113"/><U20/><E131/><V128/><F70/><W38/><G122/><T17/><D2/><U126/><E126/><V67/><F123/><W42/><G134/><T47/><D110/><U97/><E111/><V3/><F109/><W16/><G38/><T118/><D130/><N who="2" m="50282" /><F116/><W32/><G32/><T132/><D132/><U37/><E4/><V133/><F93/><W57/><G102/><N who="0" m="60743" /><D118/><U125/><E125/><V18/><F133/><W117/><G117/><T63/><D29/><U86/><E97/><V105/><F105/><W15/><G15/><T94/><D82/><U26/><E26/><V107/><F107/><W96/><G96/><T119/><D119/><U127/><E127/><V7/><F3/><W6/><G6/><T34/><D34/><U8/><E8/><V91/><F14/><W33/><G33/><T65/><D65/><U61/><E61/><AGARI ba="1,0" hai="5,7,10,12,18,59,61,67,80,85,91" m="50282" machi="61" ten="30,1000,0" yaku="19,1" doraHai="104" who="2" fromWho="1" sc="216,0,350,-13,127,13,307,0" /><INIT seed="6,0,0,5,1,81" ten="216,337,140,307" oya="2" hai0="24,3,104,97,76,17,63,67,85,55,61,130,125" hai1="64,96,108,26,34,126,37,12,11,94,110,8,74" hai2="114,73,7,120,68,27,127,10,117,129,1,77,128" hai3="86,46,134,47,25,35,43,20,121,75,22,65,80"/><V115/><F117/><W23/><G121/><T14/><D3/><U16/><E37/><V111/><F120/><W49/><G134/><T100/><D130/><N who="2" m="50282" /><F68/><W135/><G135/><T105/><D125/><U88/><E74/><V53/><F127/><W131/><G131/><T84/><D105/><U9/><E126/><V15/><F111/><W83/><G65/><T116/><D76/><U30/><REACH who="1" step="1"/><E64/><REACH who="1" ten="216,327,140,307" step="2"/><V107/><F107/><W87/><G75/><T89/><D67/><U66/><E66/><V40/><F40/><W32/><G25/><T38/><D24/><U13/><E13/><V69/><F69/><W51/><G23/><AGARI ba="0,1" hai="8,9,11,12,16,23,26,30,34,88,94,96,108,110" machi="23" ten="40,8000,1" yaku="1,1,54,2,53,2" doraHai="81" doraHaiUra="122" who="1" fromWho="3" sc="216,0,327,90,140,0,307,-80" /><INIT seed="7,0,0,1,0,90" ten="216,417,140,227" oya="3" hai0="46,89,34,112,128,53,108,20,74,78,56,48,47" hai1="134,64,16,123,13,102,131,85,32,38,0,41,106" hai2="129,88,80,2,51,119,70,9,31,15,14,110,60" hai3="118,59,22,6,132,133,58,114,82,55,40,1,61"/><W3/><G118/><T23/><D108/><U30/><E0/><N who="3" m="74" /><G6/><T79/><D34/><U44/><E64/><V104/><F110/><W8/><G8/><T77/><D74/><U50/><E131/><V10/><F119/><W25/><G40/><T69/><D112/><U98/><E134/><N who="3" m="51818" /><G114/><T11/><D69/><U109/><E109/><V107/><F129/><W37/><G37/><T83/><D11/><U100/><E100/><V43/><F2/><W65/><G82/><T117/><D128/><U29/><E32/><V97/><F31/><N who="3" m="17847" /><G59/><T57/><D117/><U96/><E123/><V124/><F124/><W54/><AGARI ba="0,0" hai="54,55,58,61,65" m="17847,51818,74" machi="54" ten="40,2100,0" yaku="20,1" doraHai="90" who="3" fromWho="3" sc="216,-7,417,-7,140,-7,227,21" /><INIT seed="7,1,0,4,1,95" ten="209,410,133,248" oya="3" hai0="18,99,3,53,45,36,109,59,15,80,56,117,52" hai1="98,127,130,94,37,48,31,75,1,102,86,41,27" hai2="25,35,110,83,9,120,74,104,118,135,133,112,121" hai3="87,61,32,82,76,64,19,62,16,65,22,30,57"/><W119/><G119/><T91/><D3/><U11/><E75/><V111/><F9/><W103/><G103/><T90/><D36/><U126/><E37/><V96/><F25/><W60/><G32/><T55/><D45/><N who="1" m="25647" /><E86/><V40/><F40/><W26/><REACH who="3" step="1"/><G62/><REACH who="3" ten="209,410,133,238" step="2"/><T47/><D117/><U67/><E126/><V4/><F35/><W69/><AGARI ba="1,1" hai="16,19,22,26,30,57,60,61,64,65,69,76,82,87" machi="69" ten="20,12000,1" yaku="1,1,2,1,0,1,7,1,54,1,53,0" doraHai="95" doraHaiUra="100" who="3" fromWho="3" sc="209,-41,410,-41,133,-41,238,133" owari="168,-23.0,369,17.0,92,-41.0,371,47.0" /></mjloggm>