<mjloggm ver="2.3"><GO type="169" lobby="0"/><UN n0="%E3%81%8B%E3%81%A5%E3%81%8D%EF%BC%B8%EF%BC%A9" n1="%E3%81%B2%E3%81%90%E3%81%A1" n2="%E7%B4%A0%E6%8C%AF%E3%82%8A%E7%8C%AB" n3="%E7%9F%B3%E5%A1%9A" dan="16,17,17,16" rate="2101.71,2230.52,2148.00,2097.25" sx="M,M,M,M"/><TAIKYOKU oya="0"/><INIT seed="0,0,0,5,4,14" ten="250,250,250,250" oya="0" hai0="78,72,116,35,69,56,89,126,15,112,66,96,52" hai1="93,21,102,114,117,31,81,125,59,120,45,92,19" hai2="131,107,79,109,83,36,84,62,5,132,24,49,54" hai3="95,111,20,11,38,122,40,91,10,3,108,94,63"/><T41/><D35/><U61/><E120/><V115/><F109/><W105/><G105/><T119/><D78/><U76/><E117/><V106/><F131/><W13/><G38/><T121/><D72/><U133/><E125/><V47/><F132/><W98/><G40/><T124/><D112/><U97/><E133/><V27/><F115/><W64/><G122/><T71/><D41/><U104/><E114/><V57/><F36/><W50/><G50/><T23/><D121/><U46/><E31/><V18/><F5/><W88/><G3/><T129/><D129/><U44/><E59/><V77/><F77/><W17/><G111/><T118/><D66/><U65/><E61/><V26/><REACH who="2" step="1"/><F18/><REACH who="2" ten="250,250,240,250" step="2"/><W90/><G108/><T28/><D124/><U29/><E29/><V32/><F32/><W33/><G33/><T8/><D126/><U113/><E113/><V135/><F135/><W16/><G17/><T127/><D127/><U80/><E76/><V100/><F100/><W130/><G130/><T42/><D119/><U75/><E75/><V43/><AGARI ba="0,1" hai="24,26,27,43,47,49,54,57,62,79,83,84,106,107" machi="43" ten="30,2000,0" yaku="1,1,0,1,53,0" doraHai="14" doraHaiUra="128" who="2" fromWho="2" sc="250,-10,250,-5,240,30,250,-5" /><INIT seed="1,0,0,4,5,92" ten="240,245,270,245" oya="1" hai0="20,5,25,11,71,53,49,85,15,45,35,51,96" hai1="21,47,108,6,31,102,52,24,121,23,33,7,9" hai2="135,86,32,41,12,131,42,16,120,90,87,129,18" hai3="74,78,80,17,44,116,127,99,3,66,28,122,126"/><U2/><E121/><V63/><F32/><W72/><G3/><T30/><D71/><U13/><E102/><V81/><F120/><W111/><G122/><T67/><D67/><U97/><E97/><V115/><F115/><W0/><G0/><T39/><D39/><U77/><E77/><V34/><F34/><W40/><G111/><T36/><D36/><U98/><E98/><V95/><F135/><W91/><G116/><T101/><D85/><U125/><E47/><V65/><F42/><W119/><G119/><T62/><D62/><U124/><E52/><V89/><F41/><W113/><G28/><T10/><D10/><N who="1" m="2391" /><E108/><V84/><F84/><W50/><G113/><T128/><D51/><U123/><E123/><V110/><F110/><W105/><G17/><T114/><D114/><U55/><E55/><V117/><F117/><W133/><G133/><T58/><D45/><U27/><E33/><V88/><F90/><W118/><G118/><T61/><D35/><U43/><E43/><V107/><F107/><W19/><G66/><T73/><D61/><U14/><E13/><V103/><F103/><W4/><G74/><T109/><D73/><U70/><E70/><V69/><F12/><W82/><G72/><T94/><D109/><U1/><E1/><V93/><F81/><W100/><G40/><T57/><D58/><U46/><E46/><V112/><F112/><W8/><G44/><T29/><D57/><U130/><E130/><AGARI ba="0,0" hai="16,18,63,65,69,86,87,88,89,93,95,129,130,131" machi="130" ten="40,8000,1" yaku="9,1,19,1,54,2" doraHai="92" who="2" fromWho="1" sc="240,0,245,-80,270,80,245,0" /><INIT seed="2,0,0,2,5,46" ten="240,165,350,245" oya="2" hai0="71,63,133,9,34,36,132,23,16,75,15,68,37" hai1="7,90,110,129,80,100,111,50,70,55,116,18,57" hai2="123,44,14,52,83,92,85,2,107,113,102,95,125" hai3="26,5,29,117,13,94,28,105,31,91,96,60,114"/><V48/><F2/><W42/><G117/><T126/><D75/><U82/><E116/><V4/><F123/><W65/><G114/><T112/><D34/><U99/><E70/><V64/><F113/><W40/><G105/><T87/><D112/><U73/><E129/><V77/><F107/><W39/><G39/><T122/><D122/><U61/><E7/><V69/><F125/><W121/><G121/><T84/><D126/><U74/><E18/><V109/><F109/><N who="1" m="41481" /><E90/><V66/><F69/><N who="0" m="26698" /><D63/><U51/><E74/><V128/><F128/><W21/><G60/><T38/><D9/><U78/><E80/><V0/><F0/><W12/><G65/><N who="2" m="25193" /><F102/><W10/><G13/><T54/><D54/><U11/><E11/><AGARI ba="0,0" hai="4,11,14,44,48,52,77,83,85,92,95" m="25193" machi="11" ten="30,5800,0" yaku="8,1,52,1,54,1" doraHai="46" who="2" fromWho="1" sc="240,0,165,-58,350,58,245,0" /><INIT seed="2,1,0,4,1,72" ten="240,107,408,245" oya="2" hai0="51,14,66,43,9,54,12,73,7,117,3,96,59" hai1="11,111,99,52,123,121,76,119,62,113,81,75,131" hai2="94,128,122,100,10,49,41,83,61,50,56,87,118" hai3="36,116,90,0,13,102,97,101,114,40,110,124,35"/><V47/><F118/><W58/><G0/><T95/><D73/><U48/><E119/><V64/><F122/><W133/><G35/><T92/><D92/><U105/><E113/><V127/><F128/><W108/><G116/><T130/><D130/><U70/><E131/><V84/><F127/><W85/><G36/><T31/><D117/><U34/><E111/><V57/><F10/><W27/><G40/><T88/><D43/><U129/><E129/><V107/><F107/><W22/><G133/><T1/><D1/><U46/><E34/><V23/><F23/><W44/><G44/><T115/><D115/><U126/><E126/><V53/><F83/><W69/><G69/><T120/><D120/><U28/><E28/><V109/><F109/><W125/><G114/><T4/><D4/><U19/><E11/><V71/><F71/><W112/><G112/><T103/><D103/><N who="3" m="39433" /><G97/><AGARI ba="1,0" hai="41,47,49,50,53,56,57,61,64,84,87,94,97,100" machi="97" ten="40,2000,0" yaku="8,1" doraHai="72" who="2" fromWho="3" sc="240,0,107,0,408,23,245,-23" /><INIT seed="2,2,0,1,0,89" ten="240,107,431,222" oya="2" hai0="52,101,92,108,122,111,114,104,51,4,5,81,58" hai1="15,43,85,7,120,79,47,97,80,19,72,66,50" hai2="27,98,6,35,67,102,31,8,21,25,20,37,33" hai3="117,56,130,118,73,53,23,107,16,70,71,133,48"/><V40/><F67/><W64/><G73/><T135/><D122/><U112/><E112/><V99/><F40/><W131/><G107/><T11/><D114/><U95/><E120/><V29/><F37/><W124/><G124/><T59/><D104/><U93/><E72/><V78/><F78/><W83/><G83/><T132/><D81/><U54/><E66/><V123/><F123/><W9/><G9/><T119/><D59/><U30/><E30/><V110/><F110/><N who="0" m="42026" /><D119/><U74/><E74/><V24/><F99/><W0/><G0/><N who="0" m="391" /><D5/><U109/><E109/><V125/><F125/><W68/><G133/><T63/><D63/><U34/><E34/><N who="2" m="12811" /><F98/><AGARI ba="2,0" hai="51,52,58,92,98,101,132,135" m="391,42026" machi="98" ten="30,3900,0" yaku="14,1,52,1,54,1" doraHai="89" who="0" fromWho="2" sc="240,45,107,0,431,-45,222,0" /><INIT seed="3,0,0,1,0,4" ten="285,107,386,222" oya="3" hai0="49,2,34,123,39,58,97,106,48,22,107,74,64" hai1="116,43,44,60,19,90,5,85,120,61,82,111,62" hai2="80,59,18,14,118,25,6,26,24,93,113,89,132" hai3="68,69,0,11,28,29,8,54,27,96,71,98,81"/><W38/><G0/><T92/><D34/><U1/><E120/><V45/><F132/><W10/><G38/><T76/><D2/><U77/><E111/><V79/><F113/><W52/><G81/><T33/><D39/><U131/><E131/><V73/><F6/><W127/><G127/><T9/><D33/><U102/><E116/><V109/><F109/><W21/><REACH who="3" step="1"/><G29/><REACH who="3" ten="285,107,386,212" step="2"/><T56/><D123/><U32/><E32/><V41/><F118/><W17/><G17/><T78/><D74/><U35/><E35/><V3/><F3/><W88/><G88/><T13/><D78/><U47/><E19/><V42/><F89/><W125/><G125/><T36/><D76/><U16/><E102/><V115/><F80/><W122/><G122/><T110/><D36/><U23/><E90/><V70/><F79/><W99/><AGARI ba="0,1" hai="8,10,11,21,27,28,52,54,68,69,71,96,98,99" machi="99" ten="40,24000,3" yaku="1,1,0,1,29,2,52,3,54,1,53,0" doraHai="4" doraHaiUra="75" who="3" fromWho="3" sc="285,-80,107,-80,386,-80,212,250" /><INIT seed="3,1,0,2,5,49" ten="205,27,306,462" oya="3" hai0="94,9,108,58,118,24,90,121,115,82,127,119,31" hai1="26,25,1,74,129,97,65,40,51,46,17,35,106" hai2="128,48,113,55,107,76,77,134,135,81,92,126,42" hai3="64,120,50,32,8,60,20,71,22,132,10,0,99"/><W68/><G120/><T36/><D36/><U5/><E129/><V16/><F107/><W4/><G32/><T23/><D121/><U89/><E74/><V111/><F113/><W83/><G132/><N who="2" m="50729" /><F42/><W88/><G71/><T7/><D127/><U96/><E65/><V2/><F2/><W101/><G10/><T123/><D123/><U21/><E106/><V62/><F62/><W3/><G3/><T33/><D33/><U114/><E114/><V18/><F111/><W57/><G68/><T44/><D115/><U116/><E116/><V110/><F110/><W6/><G6/><T67/><D108/><U125/><E125/><V43/><F43/><W45/><G83/><T59/><D82/><U124/><E124/><V86/><F128/><W133/><G133/><T12/><D118/><U100/><E100/><V78/><F92/><W52/><G88/><T130/><D130/><U112/><E112/><V80/><F126/><W15/><G0/><T72/><D72/><U47/><E89/><N who="2" m="51399" /><F81/><W105/><AGARI ba="1,0" hai="4,8,15,20,22,45,50,52,57,60,64,99,101,105" machi="105" ten="20,7800,0" yaku="0,1,7,1,52,1,54,1" doraHai="49" who="3" fromWho="3" sc="205,-27,27,-27,306,-27,462,81" /><INIT seed="3,2,0,4,2,79" ten="178,0,279,543" oya="3" hai0="55,31,7,21,28,127,33,77,40,109,101,115,76" hai1="19,83,130,4,57,89,134,62,86,59,102,47,70" hai2="98,14,2,126,22,117,120,66,3,46,100,51,121" hai3="32,48,61,104,133,53,50,118,73,1,30,60,129"/><W45/><G1/><T123/><D109/><U12/><E130/><V92/><F126/><W107/><G118/><T90/><D123/><N who="2" m="47178" /><F117/><W18/><G73/><T99/><D127/><U82/><E134/><V112/><F112/><W0/><G0/><T43/><D7/><U135/><E135/><V20/><F66/><W95/><G133/><T29/><D33/><U116/><E116/><V17/><F20/><W74/><G74/><T106/><D55/><AGARI ba="2,0" hai="2,3,14,17,22,46,51,55,92,98,100" m="47178" machi="55" ten="30,1000,0" yaku="13,1" doraHai="79" who="2" fromWho="0" sc="178,-16,0,0,279,16,543,0" /><INIT seed="4,0,0,2,4,84" ten="162,0,295,543" oya="0" hai0="95,79,52,73,90,127,115,119,25,8,71,32,60" hai1="16,117,56,70,12,24,111,85,105,91,121,20,92" hai2="77,114,43,98,88,129,64,130,82,1,78,9,13" hai3="131,46,6,39,86,67,134,57,110,96,0,63,31"/><T53/><D119/><U69/><E111/><V66/><F1/><W61/><G110/><T103/><D103/><U18/><E117/><V74/><F114/><W28/><G6/><T54/><D127/><U35/><E121/><V118/><F43/><W10/><G10/><T3/><D79/><U80/><E105/><V94/><F78/><W55/><G39/><T11/><D73/><U29/><E56/><V125/><F125/><W2/><G2/><T83/><D83/><U21/><E80/><V4/><F118/><W42/><G42/><T68/><D3/><U51/><E51/><V33/><REACH who="2" step="1"/><F33/><REACH who="2" ten="162,0,285,543" step="2"/><W26/><G0/><T36/><D115/><U81/><E81/><V58/><F58/><W44/><G57/><T99/><D36/><U72/><E72/><V17/><F17/><W120/><G44/><T100/><D68/><U65/><E65/><AGARI ba="0,1" hai="4,9,13,64,65,66,74,77,82,88,94,98,129,130" machi="65" ten="40,5200,0" yaku="1,1,52,1,54,1,53,0" doraHai="84" doraHaiUra="49" who="2" fromWho="1" sc="162,0,0,-52,285,62,543,0" owari="162,-24.0,-52,-55.0,347,15.0,543,64.0" /></mjloggm>