<mjloggm ver="2.3"><GO type="169" lobby="0"/><UN n0="%E3%81%8A%E3%81%8A%E3%81%8F%E3%81%95" n1="%E3%81%8B%E3%81%8B%E3%81%8B%E3%81%8B" n2="%E3%83%87%E3%83%B3%E3%82%A8%E3%83%B3" n3="%E3%83%81%E3%83%BC%E3%83%88%E3%82%A4%E7%9F%AD%E6%9C%9F%E5%A4%A7%E5%AD%A6" dan="17,16,17,16" rate="2216.34,2133.13,2172.21,2142.39" sx="M,M,M,M"/><TAIKYOKU oya="0"/><INIT seed="0,0,0,5,1,69" ten="250,250,250,250" oya="0" hai0="14,124,37,75,98,9,112,30,67,50,132,122,83" hai1="35,94,108,106,103,62,114,70,79,92,84,13,68" hai2="24,33,118,130,15,116,47,119,96,36,82,16,99" hai3="6,38,60,111,91,53,131,2,66,81,41,86,31"/><T117/><D122/><U97/><E35/><V63/><F130/><W7/><G131/><T61/><D112/><U21/><E114/><V51/><F82/><W89/><G111/><T134/><D117/><U133/><E108/><V101/><F63/><W55/><G31/><T120/><D120/><U40/><E133/><V52/><F33/><W77/><G6/><T23/><D124/><U54/><E40/><N who="2" m="22919" /><F24/><W107/><G107/><T48/><D37/><U126/><E126/><V12/><F12/><W32/><G32/><T5/><D98/><U127/><E106/><V8/><F101/><W87/><G7/><T71/><D75/><U25/><E13/><V73/><F73/><W57/><G2/><T26/><REACH who="0" step="1"/><D83/><REACH who="0" ten="240,250,250,250" step="2"/><U11/><E97/><V58/><AGARI ba="0,1" hai="8,15,16,51,52,58,96,99,116,118,119" m="22919" machi="58" ten="30,7900,0" yaku="12,1,52,1,54,2" doraHai="69" who="2" fromWho="2" sc="240,-39,250,-20,250,89,250,-20" /><INIT seed="1,0,0,0,4,92" ten="201,230,339,230" oya="1" hai0="60,127,33,126,58,83,73,43,29,114,91,35,57" hai1="129,132,4,11,77,34,95,107,30,111,97,93,8" hai2="46,98,20,21,36,38,103,71,119,54,94,5,131" hai3="112,40,41,45,63,96,53,82,113,50,6,14,86"/><U23/><E34/><V62/><F131/><W48/><G113/><T109/><D114/><U117/><E117/><V61/><F119/><W118/><G112/><T3/><D3/><U89/><E129/><V102/><F5/><W105/><G118/><T72/><D109/><U115/><E115/><V16/><F21/><W37/><G41/><T32/><D29/><U0/><E107/><V80/><F80/><W87/><G63/><T9/><D9/><U12/><E77/><V15/><F103/><W120/><G120/><T122/><D122/><U25/><E132/><V100/><F100/><W1/><G1/><T10/><D10/><U17/><E95/><V74/><F74/><W27/><G27/><T47/><D57/><U84/><REACH who="1" step="1"/><E111/><REACH who="1" ten="201,220,339,230" step="2"/><V22/><F94/><W123/><G123/><T44/><D32/><U81/><E81/><V88/><F71/><W121/><G121/><T75/><D35/><U55/><E55/><V69/><F54/><W125/><G125/><T65/><D33/><U18/><E18/><V70/><F16/><W101/><G53/><T52/><D126/><U133/><E133/><V108/><F70/><W49/><G82/><T104/><D104/><U128/><E128/><V31/><F69/><W66/><G66/><T13/><D127/><U59/><E59/><V85/><F108/><W64/><G64/><T56/><D83/><U24/><E24/><V110/><F110/><W7/><G7/><T67/><D67/><U26/><E26/><V2/><F46/><W19/><G19/><T135/><D47/><U130/><E130/><V68/><F68/><RYUUKYOKU ba="0,1" sc="201,-15,220,15,339,-15,230,15" hai1="0,4,8,11,12,17,23,25,30,84,89,93,97" hai3="6,14,37,40,45,48,49,50,86,87,96,101,105" /><INIT seed="1,1,1,1,4,6" ten="186,235,324,245" oya="1" hai0="8,66,40,41,33,89,20,93,110,54,68,5,109" hai1="75,61,84,96,55,18,123,102,72,132,80,77,53" hai2="25,13,45,24,4,58,43,104,91,100,107,97,115" hai3="38,90,86,26,101,103,131,60,92,128,34,121,94"/><U51/><E123/><V46/><F115/><W111/><G121/><T11/><D33/><U78/><E132/><V39/><F107/><W82/><G38/><T126/><D126/><U127/><E127/><V63/><F46/><W52/><G111/><N who="0" m="42507" /><D5/><U31/><E31/><V44/><F44/><W99/><G34/><T17/><D54/><U120/><E120/><V28/><F91/><W95/><G26/><N who="0" m="14607" /><D66/><U74/><E61/><V118/><F118/><W57/><REACH who="3" step="1"/><G103/><REACH who="3" ten="186,235,324,235" step="2"/><T47/><D68/><U69/><E69/><V106/><F100/><W14/><G14/><T122/><D122/><U22/><E51/><V76/><F25/><W64/><G64/><T65/><D65/><U67/><E67/><V23/><F106/><AGARI ba="1,2" hai="52,57,60,82,86,90,92,94,95,99,101,106,128,131" machi="106" ten="40,2600,0" yaku="1,1,54,1,53,0" doraHai="6" doraHaiUra="1" who="3" fromWho="2" sc="186,0,235,0,324,-29,235,49" /><INIT seed="2,0,0,2,3,73" ten="186,235,295,284" oya="2" hai0="57,79,81,123,108,21,115,97,48,52,63,134,8" hai1="107,6,16,15,103,46,53,40,119,13,59,101,71" hai2="84,33,28,67,94,130,111,35,83,4,12,70,25" hai3="22,55,5,86,114,32,29,41,135,64,87,127,20"/><V39/><F111/><W77/><G32/><T26/><D108/><U121/><E71/><V122/><F130/><W100/><G64/><T99/><D115/><U128/><E119/><V42/><F122/><W102/><G41/><T36/><D36/><U18/><E128/><V69/><F94/><W51/><G127/><T133/><D123/><U34/><E34/><V112/><F33/><W85/><G135/><N who="0" m="51723" /><D8/><N who="1" m="4247" /><E107/><V50/><F39/><W113/><G5/><T11/><D11/><N who="1" m="6271" /><E121/><V31/><F31/><W62/><G77/><T60/><D97/><U56/><E40/><V45/><F67/><W54/><G62/><T120/><D99/><U66/><E18/><V38/><F38/><W125/><G125/><T132/><N who="0" m="51731" /><T106/><DORA hai="98" /><D106/><U90/><E90/><V105/><F105/><W24/><G22/><T118/><D118/><U72/><E72/><V14/><F14/><W9/><G9/><T96/><D96/><U126/><E126/><V104/><F104/><W10/><G10/><T78/><D120/><U37/><E37/><V131/><F131/><W116/><G116/><T68/><D68/><U117/><E117/><V30/><F12/><W1/><G1/><T27/><D27/><U124/><E124/><V75/><F4/><W76/><G76/><T80/><D78/><U129/><E129/><V44/><F70/><W19/><G19/><N who="0" m="12607" /><D79/><U17/><E17/><V95/><F69/><W23/><G23/><T93/><D60/><N who="1" m="38151" /><E46/><N who="2" m="25943" /><F75/><W74/><G74/><T7/><D7/><U47/><E47/><N who="2" m="17995" /><F35/><W65/><G114/><T58/><D58/><U49/><AGARI ba="0,0" hai="49,53,59,101,103" m="38151,6271,4247" machi="49" ten="30,8000,1" yaku="5,1,8,1,52,2,54,1" doraHai="73,98" who="1" fromWho="1" sc="186,-20,235,80,295,-40,284,-20" /><INIT seed="3,0,0,1,4,91" ten="166,315,255,264" oya="3" hai0="79,84,27,60,6,21,48,135,104,132,110,101,40" hai1="46,62,130,8,78,30,106,108,18,65,125,119,105" hai2="124,55,26,33,42,3,24,74,117,118,88,41,63" hai3="93,86,122,0,22,80,120,96,103,44,5,38,109"/><W39/><G109/><T28/><D110/><U98/><E108/><V49/><F74/><W25/><G5/><T64/><D6/><U121/><E121/><V85/><F3/><W35/><G0/><T34/><D21/><U57/><E30/><V9/><F124/><W19/><G35/><T111/><D111/><U50/><E130/><V52/><F9/><W131/><G131/><T12/><D12/><U23/><E8/><V69/><F33/><W73/><G73/><T87/><D79/><U13/><E125/><V72/><F72/><W112/><G112/><T82/><D82/><U113/><E113/><V97/><F97/><W100/><G100/><T11/><D11/><U14/><E14/><V71/><F71/><W115/><G115/><T58/><D40/><N who="2" m="15466" /><F69/><W92/><G44/><T36/><D36/><U10/><E10/><V37/><F37/><W32/><G32/><T89/><D34/><U102/><E78/><V17/><F17/><W20/><G20/><T134/><D28/><U61/><E61/><V66/><F66/><W127/><G127/><T51/><D64/><U29/><E119/><V133/><F133/><W7/><G7/><T76/><D60/><U107/><E29/><V90/><F90/><N who="3" m="53335" /><G80/><T123/><D134/><U70/><E70/><V47/><F118/><W56/><G39/><T128/><D128/><U1/><E1/><V126/><F117/><W43/><G38/><T116/><D116/><U4/><E4/><V68/><F68/><W31/><G43/><AGARI ba="0,0" hai="13,18,23,43,46,50,57,62,65,98,102,105,106,107" machi="43" ten="30,1000,0" yaku="7,1" doraHai="91" who="1" fromWho="3" sc="166,0,315,10,255,0,264,-10" /><INIT seed="4,0,0,2,1,76" ten="166,325,255,254" oya="0" hai0="77,33,90,60,35,47,58,38,36,74,57,43,129" hai1="69,101,81,119,22,29,56,128,27,2,23,80,106" hai2="25,50,79,63,55,92,111,41,130,103,18,83,89" hai3="107,46,67,42,4,93,108,66,6,135,105,37,113"/><T7/><D129/><U122/><E69/><V3/><F111/><W62/><G108/><T5/><D38/><U49/><E119/><V40/><F130/><W114/><G93/><T19/><D58/><U100/><E128/><V86/><F3/><W133/><G6/><T39/><D39/><U134/><E2/><V121/><F121/><W44/><G4/><T115/><D115/><N who="3" m="44041" /><G46/><T73/><D73/><U16/><E134/><N who="3" m="51210" /><G67/><T82/><D7/><U127/><E127/><V84/><F103/><N who="1" m="39497" /><E106/><V87/><F87/><W24/><G24/><T126/><D5/><U28/><E122/><V64/><F25/><W65/><G65/><T94/><D19/><U110/><E110/><V75/><F18/><W11/><G11/><T13/><D13/><N who="1" m="9487" /><E28/><V53/><F75/><W123/><G123/><T30/><D126/><U125/><E125/><V96/><F86/><W131/><G131/><T104/><D104/><U54/><AGARI ba="0,0" hai="23,27,29,49,54,56,80,81" m="9487,39497" machi="54" ten="30,7900,0" yaku="8,1,52,2,54,1" doraHai="76" who="1" fromWho="1" sc="166,-39,325,79,255,-20,254,-20" /><INIT seed="5,0,0,5,3,26" ten="127,404,235,234" oya="1" hai0="23,38,20,41,15,115,119,128,70,109,65,66,108" hai1="25,7,114,60,56,94,40,110,132,103,50,10,32" hai2="48,86,95,16,124,52,31,72,75,14,58,122,34" hai3="123,91,28,101,88,92,74,106,78,96,0,69,97"/><U67/><E114/><V33/><F122/><W55/><G69/><T45/><D115/><U81/><E132/><V85/><F124/><W125/><G0/><T2/><D2/><U99/><E110/><V104/><F104/><W134/><G55/><T120/><D119/><U22/><E32/><V12/><F12/><W21/><G21/><T39/><D120/><U102/><E81/><V111/><F111/><W17/><G17/><T57/><D128/><U43/><E103/><V126/><F126/><W117/><G28/><T79/><D79/><U19/><REACH who="1" step="1"/><E50/><REACH who="1" ten="127,394,235,234" step="2"/><V35/><F35/><W76/><G123/><T27/><D108/><U54/><E54/><V116/><F34/><W1/><G134/><T62/><D109/><U11/><E11/><V59/><F116/><W49/><G49/><T89/><D39/><U93/><E93/><V42/><F95/><N who="3" m="56423" /><G117/><T127/><D127/><U133/><E133/><V6/><F52/><W8/><G125/><T4/><D38/><U53/><E53/><V13/><F48/><W68/><G8/><T130/><D130/><U135/><E135/><V24/><F33/><W98/><G101/><T131/><D131/><U18/><E18/><V5/><F16/><W107/><G107/><T36/><D36/><U129/><E129/><V87/><F5/><W118/><G106/><T9/><D9/><U44/><E44/><V73/><F6/><W82/><G118/><T61/><D45/><U63/><E63/><V77/><F42/><W84/><G82/><T71/><D41/><U83/><E83/><V64/><F64/><W3/><G92/><RYUUKYOKU ba="0,1" sc="127,-10,394,30,235,-10,234,-10" hai1="7,10,19,22,25,40,43,56,60,67,94,99,102" /><INIT seed="5,1,1,2,2,102" ten="117,424,225,224" oya="1" hai0="83,73,115,45,117,68,80,90,6,91,14,125,23" hai1="24,107,19,2,75,71,9,38,47,112,128,100,18" hai2="13,56,20,54,22,81,113,74,31,123,69,77,120" hai3="46,4,3,49,1,78,27,70,118,98,62,21,65"/><U48/><E38/><V124/><F69/><W67/><G118/><T41/><D125/><U84/><E75/><V101/><F124/><W86/><G67/><T5/><D117/><U105/><E71/><V87/><F113/><W7/><G3/><T57/><D115/><U36/><E36/><V129/><F129/><W108/><G108/><T127/><D127/><U63/><E100/><V132/><F132/><W8/><G7/><T93/><D68/><U76/><E63/><V97/><F22/><W59/><G98/><T16/><D57/><U116/><E116/><V88/><F13/><W40/><G70/><T114/><D114/><U53/><E112/><V89/><F20/><W51/><G86/><T34/><D34/><U11/><E24/><V106/><F31/><W79/><G51/><N who="0" m="27055" /><D73/><U119/><E119/><V61/><F89/><N who="0" m="33802" /><D93/><AGARI ba="1,1" hai="54,56,61,74,77,81,87,88,93,97,101,106,120,123" machi="93" ten="30,8000,1" yaku="7,1,24,2,52,1,54,1" doraHai="102" who="2" fromWho="0" sc="117,-83,424,0,225,93,224,0" /><INIT seed="6,0,0,5,4,100" ten="34,424,318,224" oya="2" hai0="57,46,42,119,53,26,113,39,67,123,105,71,86" hai1="72,66,54,7,130,124,45,91,11,64,5,18,107" hai2="30,103,62,106,96,2,27,121,89,25,23,87,61" hai3="115,8,32,19,131,37,3,120,92,75,51,65,94"/><V84/><F2/><W80/><G37/><T29/><D113/><U47/><E107/><V41/><F121/><W31/><G120/><T122/><D119/><U78/><E72/><V118/><F118/><W128/><G65/><N who="1" m="25194" /><E78/><V79/><F41/><W132/><G132/><T117/><D117/><U85/><E130/><N who="3" m="49706" /><G51/><T133/><D86/><U73/><E73/><V55/><F55/><W93/><G31/><T35/><D133/><U102/><E102/><V99/><F99/><W97/><G32/><T1/><D1/><U49/><E124/><V126/><F126/><W20/><G8/><T52/><D53/><U114/><E47/><V77/><F87/><W13/><G3/><T43/><D43/><U98/><E98/><V34/><F62/><W40/><G40/><T33/><D33/><U125/><E114/><V16/><REACH who="2" step="1"/><F61/><REACH who="2" ten="34,424,308,224" step="2"/><W68/><G68/><T82/><D71/><U48/><E125/><V134/><F134/><W81/><G115/><T104/><D67/><U59/><E49/><V21/><F21/><W10/><G20/><T135/><D135/><U4/><E45/><V74/><F74/><W129/><N who="3" m="49714" /><W28/><DORA hai="76" /><G75/><T44/><D44/><U38/><E38/><V17/><F17/><W116/><G116/><T12/><D122/><U9/><E18/><V109/><F109/><W95/><G28/><T110/><D123/><U108/><E11/><V60/><F60/><W70/><G70/><T90/><D110/><U111/><E9/><V56/><F56/><W112/><G112/><T15/><D39/><U101/><E111/><V83/><AGARI ba="0,1" hai="16,23,25,27,30,34,77,79,83,84,89,96,103,106" machi="83" ten="20,18000,2" yaku="1,1,5,1,0,1,7,1,52,2,54,1,53,0" doraHai="100,76" doraHaiUra="0,63" who="2" fromWho="2" sc="34,-60,424,-60,308,190,224,-60" owari="-26,-53.0,364,16.0,498,61.0,164,-24.0" /></mjloggm>