<mjloggm ver="2.3"><GO type="225" lobby="0"/><UN n0="%E3%81%8D%E3%82%82" n1="%E3%81%95%E3%81%8D%E3%81%9F%E3%81%BE%E6%9E%97%E6%AA%8E" n2="%E5%A4%A7%E5%AE%AE%E5%BF%8D%76" n3="%E5%BE%80%E5%B9%B4%E3%81%AE%E3%82%B4%E3%83%AA%E3%83%A9" dan="16,16,17,16" rate="2076.44,2124.59,2212.13,2098.39" sx="M,M,M,M"/><TAIKYOKU oya="0"/><INIT seed="0,0,0,4,1,61" ten="250,250,250,250" oya="0" hai0="52,94,63,7,47,95,83,115,112,15,103,45,62" hai1="57,87,126,129,106,60,108,34,114,107,124,28,101" hai2="43,21,36,128,93,131,69,104,6,16,97,1,98" hai3="89,84,10,17,18,102,122,51,99,119,78,9,66"/><T31/><D31/><U12/><E114/><V68/><F104/><W127/><G119/><T4/><D83/><U40/><E40/><V132/><F132/><W26/><G127/><T5/><D15/><U67/><E129/><N who="2" m="49739" /><F6/><W92/><G122/><T58/><D63/><U30/><E108/><V116/><F1/><W90/><G90/><T105/><D105/><U117/><E117/><V88/><F116/><W13/><G78/><T53/><D103/><U111/><E111/><V73/><F73/><W75/><G75/><T0/><D0/><U19/><E107/><V3/><F3/><W133/><G51/><T55/><D58/><U50/><E50/><V48/><F48/><W35/><G133/><T22/><D22/><N who="1" m="11623" /><E34/><V65/><F65/><W71/><G35/><T27/><D27/><U96/><E87/><V41/><F98/><W72/><G72/><T49/><D62/><U44/><E44/><N who="0" m="16969" /><D49/><U23/><E23/><V54/><F54/><N who="0" m="13826" /><T59/><DORA hai="37" /><D59/><U29/><E106/><V82/><F82/><W33/><G33/><T14/><D14/><U81/><E81/><V32/><F32/><W80/><G26/><T2/><D2/><U91/><E101/><V134/><F134/><W8/><G13/><T85/><D85/><U25/><E25/><N who="2" m="14503" /><F36/><W118/><G118/><T109/><D109/><U86/><E96/><V74/><F74/><W120/><G120/><T64/><D64/><U77/><E91/><V113/><F113/><AGARI ba="0,0" hai="4,5,7,94,95,112,113,115" m="13826,16969" machi="113" ten="40,7700,0" yaku="28,2,54,1" doraHai="61,37" who="0" fromWho="2" sc="250,77,250,0,250,-77,250,0" /><INIT seed="0,1,0,3,5,78" ten="327,250,173,250" oya="0" hai0="47,27,133,22,53,17,105,30,98,80,109,92,60" hai1="18,74,120,130,75,94,63,72,110,90,131,96,25" hai2="77,83,31,87,9,28,101,97,112,73,14,115,119" hai3="56,41,51,85,76,108,68,71,123,129,50,118,93"/><T19/><D133/><U37/><E37/><V66/><F119/><W91/><G118/><T104/><D109/><U124/><E63/><V99/><F99/><W54/><G108/><T40/><D80/><U11/><E110/><V128/><F128/><N who="1" m="49193" /><E11/><V33/><F66/><W36/><G129/><T88/><D104/><U121/><E124/><V24/><F31/><W39/><G39/><T127/><D127/><U134/><E134/><V29/><F29/><W79/><G36/><T23/><D105/><U62/><E62/><V64/><F73/><W82/><G123/><N who="1" m="47178" /><E18/><V52/><F64/><W116/><G116/><T65/><D53/><U1/><E25/><V117/><F52/><W7/><G7/><T16/><D47/><U43/><E43/><V55/><F55/><W81/><G68/><T125/><D40/><U67/><E67/><V95/><REACH who="2" step="1"/><F117/><REACH who="2" ten="327,250,163,250" step="2"/><W0/><G71/><T107/><D125/><U89/><E1/><V106/><F106/><W46/><G0/><T5/><D107/><U8/><E8/><V114/><F114/><W84/><G93/><T38/><D65/><U3/><E3/><V34/><F34/><W58/><G58/><T6/><D30/><U103/><AGARI ba="1,1" hai="72,74,75,89,90,94,96,103" m="47178,49193" machi="103" ten="40,5200,0" yaku="19,1,34,2" doraHai="78" who="1" fromWho="1" sc="327,-27,250,65,163,-14,250,-14" /><INIT seed="1,0,0,2,0,132" ten="300,315,149,236" oya="1" hai0="19,122,119,66,44,22,111,28,117,73,81,101,50" hai1="47,75,90,18,46,129,58,102,105,112,135,12,60" hai2="41,126,128,70,64,99,78,103,57,15,61,0,107" hai3="96,72,85,98,113,87,48,30,92,88,104,32,76"/><U97/><E135/><V100/><F0/><W115/><G32/><T106/><D111/><U17/><E112/><N who="3" m="43082" /><G30/><T74/><D122/><U77/><E129/><V83/><F128/><W123/><G48/><T84/><D66/><U114/><E114/><V116/><F116/><W2/><G2/><T127/><D28/><U131/><E131/><V55/><F103/><N who="3" m="62583" /><G123/><T63/><D63/><U3/><E3/><V9/><F41/><W29/><G29/><T95/><D106/><U24/><E24/><V6/><F126/><W7/><G7/><T121/><D121/><U10/><E90/><V68/><REACH who="2" step="1"/><F64/><REACH who="2" ten="300,315,139,236" step="2"/><W53/><G53/><T21/><D117/><U118/><E118/><V51/><F51/><W91/><G91/><T36/><D50/><U109/><E109/><V49/><F49/><W94/><G94/><T79/><D119/><U25/><E60/><V134/><F134/><W56/><G88/><T93/><D93/><U23/><E102/><V62/><F62/><W125/><G92/><T1/><D1/><U39/><E39/><V40/><F40/><W69/><G125/><T35/><D101/><U8/><E105/><V26/><F26/><W89/><G89/><T16/><D95/><U14/><E25/><V130/><F130/><W43/><G43/><T38/><D38/><U71/><E77/><V54/><F54/><W110/><G110/><T34/><D36/><U86/><E97/><V108/><F108/><W65/><G96/><T120/><D79/><U42/><E42/><V27/><F27/><W11/><G76/><T67/><D67/><U4/><E14/><RYUUKYOKU ba="0,1" sc="300,-10,315,-10,139,30,236,-10" hai2="6,9,15,55,57,61,68,70,78,83,99,100,107" /><INIT seed="2,1,1,3,4,66" ten="290,305,169,226" oya="2" hai0="124,68,2,120,113,98,34,107,30,23,15,101,38" hai1="20,18,91,122,87,62,5,19,61,22,106,130,108" hai2="49,40,75,82,56,47,69,27,52,80,92,8,21" hai3="121,110,58,100,59,102,55,86,93,97,12,37,65"/><V96/><F69/><W53/><G37/><T85/><D124/><U64/><E106/><V95/><F8/><W54/><G121/><T112/><D120/><U132/><E122/><V48/><F75/><W84/><G110/><T31/><D38/><U116/><E116/><V76/><F76/><W35/><G35/><T17/><D2/><U77/><E77/><V105/><F105/><W72/><G72/><T88/><D68/><U103/><E103/><V44/><F44/><W79/><G102/><T128/><D128/><U90/><E108/><V39/><F39/><W81/><G65/><T28/><REACH who="0" step="1"/><D34/><REACH who="0" ten="280,305,169,226" step="2"/><U115/><E130/><V25/><F25/><W3/><G3/><T60/><D60/><U16/><E62/><V7/><F7/><W36/><G36/><T6/><D6/><U1/><E61/><V13/><F13/><W67/><G67/><T94/><AGARI ba="1,2" hai="15,17,23,28,30,31,85,88,94,98,101,107,112,113" machi="94" ten="30,4000,0" yaku="1,1,0,1,54,1,53,0" doraHai="66" doraHaiUra="123" who="0" fromWho="0" sc="280,63,305,-11,169,-21,226,-11" /><INIT seed="3,0,0,2,0,135" ten="343,294,148,215" oya="3" hai0="126,80,55,74,111,9,130,132,106,4,38,2,92" hai1="40,116,32,108,8,64,71,27,79,131,110,68,6" hai2="15,133,53,36,16,5,45,19,95,18,24,90,94" hai3="86,63,91,30,46,51,60,29,56,43,88,118,11"/><W120/><G118/><T125/><D106/><U101/><E101/><V128/><F133/><W98/><G120/><T77/><D38/><U17/><E79/><V34/><F128/><W65/><G11/><T3/><D3/><U41/><E64/><V76/><F76/><W122/><G122/><T39/><D39/><U127/><E40/><V42/><F53/><W115/><G115/><T59/><D130/><U58/><E58/><V119/><F119/><W1/><G1/><T87/><D132/><U35/><E41/><V69/><F69/><W52/><G98/><T75/><D92/><U112/><E112/><V54/><F54/><W97/><G97/><T83/><D111/><N who="1" m="42539" /><E131/><V67/><F67/><W33/><G33/><T22/><D22/><N who="1" m="13775" /><E116/><V14/><F95/><W113/><G113/><T82/><D82/><U104/><E104/><V85/><REACH who="2" step="1"/><F5/><REACH who="2" ten="343,294,138,215" step="2"/><W114/><G114/><T26/><D77/><U0/><E71/><V89/><F89/><W109/><G109/><T47/><D55/><U93/><E93/><V81/><F81/><W123/><G123/><T7/><D80/><U10/><E68/><V21/><F21/><W107/><G107/><T134/><D83/><U48/><E35/><V13/><F13/><W105/><G105/><T72/><D134/><U129/><E129/><V12/><F12/><W49/><G91/><T78/><D78/><U50/><E32/><V37/><F37/><W20/><G20/><T25/><D2/><U66/><E66/><V31/><AGARI ba="0,1" hai="14,15,16,18,19,24,31,34,36,42,45,85,90,94" machi="31" ten="30,4000,0" yaku="1,1,0,1,54,1,53,0" doraHai="135" doraHaiUra="62" who="2" fromWho="2" sc="343,-10,294,-10,138,50,215,-20" owari="333,43.0,284,8.0,188,-31.0,195,-20.0" /></mjloggm>