<mjloggm ver="2.3"><GO type="185" lobby="0"/><UN n0="%41%74%72%69%61" n1="%E4%BD%90%E8%97%A4%E7%BE%8E%E5%92%8C%E5%AD%90" n2="%E7%81%AB%E6%98%9F%E3%81%AE%E7%8A%AC" n3="" dan="17,16,16,0" rate="2269.92,2133.28,2198.46,1500.00" sx="F,M,M,C"/><TAIKYOKU oya="0"/><INIT seed="0,0,0,5,2,55" ten="350,350,350,0" oya="0" hai0="42,117,32,95,47,45,129,69,81,100,74,78,73" hai1="56,82,122,0,116,130,123,2,84,37,53,91,114" hai2="106,35,88,103,101,51,38,76,68,98,111,110,39" hai3=""/><T113/><D113/><U57/><N who="1" m="31264" /><U62/><N who="1" m="31520" /><U66/><E116/><V92/><F35/><T99/><D117/><U63/><E130/><V94/><F68/><T40/><D32/><U87/><E114/><V118/><F118/><T36/><D129/><U125/><E125/><V124/><F124/><T61/><D69/><U90/><E37/><V65/><F65/><T75/><REACH who="0" step="1"/><D61/><REACH who="0" ten="340,350,350,0" step="2"/><U48/><REACH who="1" step="1"/><E63/><REACH who="1" ten="340,340,350,0" step="2"/><V105/><F111/><T96/><D96/><U50/><E50/><AGARI ba="0,2" hai="36,40,42,45,47,50,73,74,75,78,81,95,99,100" machi="50" ten="30,5800,0" yaku="1,1,7,1,53,1" doraHai="55" doraHaiUra="70" who="0" fromWho="1" sc="340,78,340,-58,350,0,0,0" /><INIT seed="0,1,0,0,1,59" ten="418,282,350,0" oya="0" hai0="102,49,64,80,96,114,65,37,98,104,125,111,106" hai1="82,133,39,107,75,93,2,129,108,53,44,74,89" hai2="130,121,117,135,76,36,113,119,134,122,97,84,81" hai3=""/><T42/><D114/><U50/><E2/><V68/><N who="2" m="31008" /><V38/><N who="2" m="31264" /><V79/><F68/><T54/><D125/><U94/><E107/><V61/><F113/><T116/><D116/><N who="2" m="44618" /><F130/><T55/><D111/><U34/><E129/><V56/><F97/><T86/><D37/><N who="2" m="14442" /><F79/><T132/><D132/><U127/><E133/><V123/><N who="2" m="31520" /><V60/><F56/><T92/><D104/><U47/><E108/><V70/><F60/><T105/><D105/><U91/><E127/><V40/><F40/><T32/><D32/><U72/><E34/><V115/><F115/><T118/><D118/><U124/><E124/><V128/><F128/><T110/><D110/><U87/><E44/><V73/><F84/><T100/><D42/><U126/><E126/><V57/><F57/><T78/><D86/><U45/><E87/><V35/><F35/><T69/><D69/><U62/><E75/><V0/><F0/><T90/><D98/><U67/><E74/><V88/><F88/><T43/><D90/><U120/><E72/><V71/><F71/><T95/><D78/><U1/><E1/><V109/><F109/><T46/><D96/><U3/><E3/><V58/><F58/><T131/><D131/><U112/><E112/><RYUUKYOKU ba="1,0" sc="418,-10,282,-10,350,20,0,0" hai2="61,70,73,76,81,134,135" /><INIT seed="1,2,0,2,4,102" ten="408,272,370,0" oya="1" hai0="42,106,135,131,38,107,80,48,60,72,77,122,52" hai1="119,69,104,86,101,121,117,55,87,64,84,116,130" hai2="81,85,98,73,59,91,3,132,110,0,36,50,95" hai3=""/><U74/><N who="1" m="31008" /><U90/><E130/><V67/><F36/><T109/><N who="0" m="31264" /><T35/><D35/><U89/><E55/><V118/><F118/><T78/><D131/><U97/><E64/><V92/><F110/><T34/><D34/><U126/><E69/><V47/><F132/><T134/><D109/><U58/><E58/><V61/><F73/><T76/><D60/><U39/><E126/><V125/><F95/><T63/><D63/><U115/><E115/><V124/><F124/><T44/><D72/><U54/><E54/><V82/><F82/><T57/><REACH who="0" step="1"/><D80/><REACH who="0" ten="398,272,370,0" step="2"/><U88/><E74/><V45/><F125/><T66/><D66/><U114/><E114/><V53/><F3/><T33/><D33/><U93/><REACH who="1" step="1"/><E39/><REACH who="1" ten="398,262,370,0" step="2"/><V103/><F0/><T2/><D2/><U62/><E62/><V71/><AGARI ba="2,2" hai="45,47,50,53,59,61,67,71,81,85,91,92,98,103" machi="71" ten="20,1100,0" yaku="0,1,7,1" doraHai="102" who="2" fromWho="2" sc="398,-6,262,-9,370,35,0,0" /><INIT seed="2,0,0,5,0,84" ten="392,253,405,0" oya="2" hai0="60,91,56,69,38,111,128,99,97,133,73,103,131" hai1="62,115,100,36,124,129,49,0,55,95,108,135,39" hai2="34,123,52,112,3,88,42,64,114,83,59,87,50" hai3=""/><V107/><N who="2" m="31520" /><V110/><F3/><T53/><D38/><U2/><E115/><V79/><F34/><T67/><D73/><U93/><E62/><V33/><F33/><T81/><D111/><U43/><E108/><V80/><F107/><T130/><D133/><U105/><E43/><V119/><F119/><T76/><D76/><U72/><E72/><V125/><F125/><T82/><D91/><U101/><E105/><V102/><F102/><T109/><D109/><U96/><E129/><V132/><F110/><T116/><D116/><U92/><E135/><V68/><F132/><T66/><D66/><U65/><E65/><V46/><F64/><T85/><D85/><U45/><E124/><V106/><F106/><T126/><D126/><U41/><E39/><V77/><F68/><T40/><D40/><U78/><E78/><V51/><F77/><T70/><D70/><U1/><REACH who="1" step="1"/><E100/><REACH who="1" ten="392,243,405,0" step="2"/><V120/><N who="2" m="30752" /><V118/><F118/><T98/><D103/><U63/><E63/><AGARI ba="0,1" hai="53,56,60,63,67,69,81,82,97,98,99,128,130,131" machi="63" ten="50,1600,0" yaku="19,1" doraHai="84" who="0" fromWho="1" sc="392,26,243,-16,405,0,0,0" /><INIT seed="4,0,0,1,0,90" ten="418,227,405,0" oya="0" hai0="109,70,103,45,123,120,61,129,89,112,119,125,37" hai1="128,104,108,132,133,91,49,113,74,66,34,36,114" hai2="76,83,105,51,60,69,99,71,110,42,121,131,39" hai3=""/><T107/><RYUUKYOKU type="yao9" ba="0,0" sc="418,0,227,0,405,0,0,0" hai0="37,45,61,70,89,103,107,109,112,119,120,123,125,129" /><INIT seed="4,1,0,5,4,92" ten="418,227,405,0" oya="0" hai0="121,91,3,133,124,112,102,94,135,47,58,63,89" hai1="32,33,115,61,1,85,60,127,108,93,57,77,70" hai2="106,35,48,125,109,68,82,2,103,128,53,90,74" hai3=""/><T129/><N who="0" m="31008" /><T50/><D3/><U66/><E108/><V0/><F35/><T51/><D112/><U39/><E1/><V113/><F109/><T120/><N who="0" m="30752" /><T117/><D117/><U72/><E115/><V132/><F68/><T54/><D124/><U59/><E39/><V95/><F113/><T110/><D110/><U52/><E127/><V119/><F125/><T122/><N who="0" m="31264" /><T40/><D129/><U41/><E41/><V45/><F128/><T123/><N who="0" m="31520" /><T88/><D102/><U56/><E70/><V111/><F111/><T87/><D63/><U62/><E72/><V86/><F132/><AGARI ba="1,0" hai="40,47,50,51,54,58,87,88,89,91,94,132,133,135" m="31520,31264,30752,31008" machi="132" ten="40,18000,2" yaku="20,1,52,4,54,1" doraHai="92" who="0" fromWho="2" sc="418,182,227,0,405,-182,0,0" /><INIT seed="4,2,0,0,2,115" ten="600,227,223,0" oya="0" hai0="2,78,72,75,51,89,0,106,82,86,87,34,76" hai1="60,109,49,97,57,35,96,92,79,85,131,33,102" hai2="37,55,1,43,105,64,93,129,122,73,123,54,90" hai3=""/><T99/><D34/><U61/><E109/><V116/><N who="2" m="31264" /><V80/><N who="2" m="31520" /><V133/><F1/><T69/><D69/><U126/><E126/><V103/><F133/><T111/><D111/><U91/><E131/><V94/><F129/><T119/><D51/><U134/><E134/><V44/><F94/><T113/><D113/><U117/><E117/><V42/><F42/><T101/><D119/><U83/><E49/><V88/><F116/><T32/><D32/><U46/><E46/><V48/><F64/><T40/><D40/><U77/><E77/><N who="0" m="29801" /><D2/><U66/><E61/><V39/><F37/><T67/><D67/><U104/><AGARI ba="2,0" hai="33,35,57,60,66,79,83,85,91,92,96,97,102,104" machi="104" ten="20,1100,0" yaku="0,1,7,1" doraHai="115" who="1" fromWho="1" sc="600,-9,227,15,223,-6,0,0" /><INIT seed="5,0,0,1,3,3" ten="591,242,217,0" oya="1" hai0="108,81,97,104,121,122,113,82,90,50,111,49,112" hai1="85,126,75,54,127,37,98,133,84,70,92,36,109" hai2="60,105,68,96,135,123,53,59,69,66,118,43,67" hai3=""/><U46/><E75/><V128/><N who="2" m="31520" /><V55/><F118/><T58/><N who="0" m="31008" /><T32/><N who="0" m="31264" /><T41/><D41/><U51/><E70/><V102/><F128/><T93/><D104/><U87/><E133/><V100/><F135/><T42/><D32/><U79/><E79/><V78/><F43/><T99/><D42/><U33/><E109/><V114/><F114/><T94/><D58/><U34/><E37/><V2/><F2/><T89/><AGARI ba="0,0" hai="49,50,81,82,89,90,93,94,97,99,108,111,112,113" m="31264,31008" machi="89" ten="25,6000,1" yaku="0,1,22,2,52,2" doraHai="3" who="0" fromWho="0" sc="591,60,242,-40,217,-20,0,0" /><INIT seed="6,0,0,3,5,52" ten="651,202,197,0" oya="2" hai0="0,103,84,78,51,67,55,131,41,116,133,115,77" hai1="54,64,85,48,110,112,40,91,90,39,134,99,109" hai2="117,70,94,68,105,89,34,60,120,124,113,92,3" hai3=""/><V1/><N who="2" m="30752" /><V83/><F34/><T44/><D116/><U49/><E64/><V101/><F117/><T100/><D0/><U76/><E39/><V63/><F113/><T58/><D115/><U96/><E112/><V128/><F124/><T123/><N who="0" m="31520" /><T32/><D133/><U53/><E40/><V108/><F108/><T111/><D131/><U118/><E118/><V73/><F128/><T33/><D111/><U66/><E66/><V62/><F92/><T81/><D77/><U56/><E76/><V130/><F130/><T125/><D125/><U38/><E38/><V50/><F50/><T127/><D127/><U71/><E71/><V93/><F93/><T106/><D67/><U35/><E35/><V42/><F42/><T36/><D106/><U57/><REACH who="1" step="1"/><E85/><REACH who="1" ten="651,192,197,0" step="2"/><V59/><F1/><T88/><D81/><U107/><E107/><V65/><F3/><T119/><D51/><U82/><E82/><V45/><F105/><T114/><D44/><U61/><E61/><N who="2" m="23659" /><F45/><T86/><D114/><U75/><E75/><V47/><F47/><T80/><D119/><U104/><E104/><V132/><F132/><AGARI ba="0,1" hai="48,49,53,54,56,57,90,91,96,99,109,110,132,134" machi="132" ten="25,8000,1" yaku="1,1,22,2,52,2,53,0" doraHai="52" doraHaiUra="102" who="1" fromWho="2" sc="651,0,192,90,197,-80,0,0" owari="651,60.0,282,-12.0,117,-48.0,0,0.0" /></mjloggm>