<mjloggm ver="2.3"><GO type="185" lobby="0"/><UN n0="%E4%B8%8D%E5%B9%B8%E7%94%9F%E5%91%BD%E4%BD%93" n1="%E3%82%8D%E3%81%AF%E3%82%93%37%33" n2="%74%69%65%66%62%6C%61%75" n3="" dan="17,16,16,0" rate="2215.51,2030.89,2133.07,1500.00" sx="M,M,M,C"/><TAIKYOKU oya="0"/><INIT seed="0,0,0,2,3,41" ten="350,350,350,0" oya="0" hai0="38,124,57,69,109,66,48,121,111,80,126,83,134" hai1="64,115,131,100,42,128,55,43,39,58,72,88,76" hai2="85,93,49,110,96,77,3,54,44,98,114,95,91" hai3=""/><T61/><N who="0" m="31008" /><T47/><D83/><U62/><E100/><V82/><F3/><T78/><D80/><U68/><E76/><V51/><F110/><N who="0" m="41994" /><D78/><U99/><E72/><V0/><F0/><T113/><D113/><U103/><E115/><V35/><F35/><T107/><D107/><U97/><E99/><V56/><F114/><T92/><D92/><U86/><E97/><V112/><F112/><T119/><D119/><U36/><E103/><V90/><F51/><T74/><D74/><U133/><E88/><V52/><F54/><T70/><D38/><N who="1" m="14379" /><E86/><V104/><F104/><T84/><D84/><U60/><E133/><V123/><REACH who="2" step="1"/><F56/><REACH who="2" ten="350,350,340,0" step="2"/><T2/><D2/><U67/><E131/><V50/><F50/><T73/><D134/><U120/><N who="1" m="30752" /><AGARI ba="0,1" hai="44,49,52,77,82,85,90,91,93,95,96,98,120,123" machi="120" ten="40,8000,1" yaku="1,1,9,1,52,1,54,1,53,0" doraHai="41" doraHaiUra="106" who="2" fromWho="1" sc="350,0,350,-80,340,90,0,0" /><INIT seed="1,0,0,5,4,101" ten="350,270,430,0" oya="1" hai0="54,116,79,38,68,135,82,121,133,33,73,97,78" hai1="75,115,100,93,80,125,51,83,67,87,106,2,105" hai2="69,134,94,118,110,62,47,61,104,32,90,98,72" hai3=""/><U48/><E2/><V114/><F32/><T35/><N who="0" m="31008" /><T71/><D116/><U76/><E115/><V70/><F118/><T45/><D79/><U124/><E67/><V107/><F114/><T108/><D108/><U37/><E37/><V91/><F110/><T126/><D126/><N who="1" m="48747" /><E51/><V58/><F72/><T99/><D99/><U102/><E48/><V112/><F112/><T66/><D54/><U59/><E59/><V129/><F129/><T122/><N who="0" m="31264" /><T36/><D97/><U88/><E93/><V128/><F128/><T130/><D130/><U64/><E64/><V39/><F61/><T92/><D92/><U0/><E0/><V49/><F39/><N who="0" m="14890" /><D45/><U63/><E63/><V109/><F109/><T56/><D56/><U96/><E96/><V3/><F3/><T120/><N who="0" m="30752" /><T131/><D131/><U132/><E132/><N who="0" m="50761" /><D66/><U117/><E117/><V111/><F111/><T52/><D52/><U85/><E75/><V42/><F134/><T103/><D103/><AGARI ba="0,0" hai="76,80,83,85,87,88,100,102,103,105,106" m="48747" machi="103" ten="30,18000,2" yaku="18,1,34,2,52,2,54,1" doraHai="101" who="1" fromWho="0" sc="350,-180,270,180,430,0,0,0" /><INIT seed="1,1,0,2,5,91" ten="170,450,430,0" oya="1" hai0="87,38,118,36,103,97,105,42,126,64,60,46,117" hai1="35,102,122,127,121,100,99,47,128,39,94,133,63" hai2="66,107,51,40,124,32,90,85,50,82,125,92,109" hai3=""/><U110/><N who="1" m="31008" /><U81/><N who="1" m="31264" /><U76/><E35/><V111/><F32/><T112/><D112/><U106/><E128/><V33/><F33/><T123/><N who="0" m="31520" /><T58/><D126/><N who="2" m="48746" /><F107/><T61/><D36/><U104/><E127/><V1/><F1/><T114/><D114/><U86/><E133/><V74/><F66/><T132/><D132/><U72/><E63/><V75/><F40/><T44/><D44/><U98/><E47/><V57/><F57/><T56/><REACH who="0" step="1"/><D87/><REACH who="0" ten="160,450,430,0" step="2"/><U43/><E39/><V79/><F74/><T108/><D108/><AGARI ba="1,1" hai="50,51,75,79,82,85,90,92,108,109,111" m="48746" machi="108" ten="30,3900,0" yaku="14,1,18,1,52,1" doraHai="91" who="2" fromWho="0" sc="160,-41,450,0,430,51,0,0" /><INIT seed="2,0,0,1,3,67" ten="119,450,481,0" oya="2" hai0="111,65,60,105,134,61,128,118,66,100,122,75,33" hai1="87,70,32,92,84,40,37,103,85,93,130,55,113" hai2="64,47,3,71,57,96,78,42,112,115,114,135,62" hai3=""/><V81/><F3/><T82/><D82/><U48/><E32/><V76/><F96/><T97/><N who="0" m="31264" /><T72/><D33/><U80/><E113/><V52/><F135/><T119/><D111/><U120/><N who="1" m="30752" /><U58/><E130/><V102/><F102/><T73/><D134/><U39/><E103/><V98/><F98/><T123/><N who="0" m="31520" /><T45/><D45/><U77/><E70/><V90/><F90/><T68/><REACH who="0" step="1"/><D128/><REACH who="0" ten="109,450,481,0" step="2"/><U36/><REACH who="1" step="1"/><E40/><REACH who="1" ten="109,440,481,0" step="2"/><V88/><F81/><T133/><D133/><U59/><E59/><AGARI ba="0,2" hai="59,60,61,65,66,68,72,73,75,97,100,105,118,119" m="31520,31264" machi="59" ten="40,8000,1" yaku="1,1,52,3,53,0" doraHai="67" doraHaiUra="50" who="0" fromWho="1" sc="109,100,440,-80,481,0,0,0" /><INIT seed="4,0,0,5,3,132" ten="209,360,481,0" oya="0" hai0="84,113,1,124,74,125,42,55,36,94,82,95,108" hai1="123,103,131,66,33,76,77,39,68,57,79,102,110" hai2="98,127,91,111,2,75,43,50,46,116,101,73,114" hai3=""/><T105/><D1/><U115/><N who="1" m="31520" /><U89/><E33/><V85/><F2/><T104/><D36/><U65/><E68/><V93/><F111/><T49/><D42/><U126/><E39/><V52/><F116/><T60/><D108/><U99/><E110/><V69/><F69/><T109/><D109/><U63/><E131/><V40/><F114/><T38/><D38/><U128/><E128/><V96/><F127/><N who="0" m="48714" /><D60/><U97/><E126/><V41/><REACH who="2" step="1"/><F96/><REACH who="2" ten="209,360,471,0" step="2"/><T80/><D113/><U135/><E115/><V117/><F117/><T3/><D3/><U78/><E99/><V32/><F32/><T119/><D119/><U45/><E97/><V100/><F100/><T59/><D74/><U86/><E102/><V58/><F58/><T67/><D67/><U62/><E103/><V72/><F72/><T54/><D54/><U83/><E66/><V34/><F34/><T120/><N who="0" m="30752" /><T37/><D37/><U112/><E65/><V44/><F44/><T71/><D71/><U134/><E45/><V51/><F51/><T92/><D84/><U70/><E112/><V61/><F61/><T81/><AGARI ba="0,1" hai="49,55,59,80,81,82,92,94,95,104,105" m="30752,48714" machi="81" ten="40,8000,1" yaku="18,1,52,4" doraHai="132" who="0" fromWho="0" sc="209,90,360,-40,471,-40,0,0" /><INIT seed="4,1,0,0,0,85" ten="299,320,431,0" oya="0" hai0="38,68,91,131,33,90,73,52,47,54,37,89,66" hai1="93,45,97,46,87,133,129,67,103,105,41,109,34" hai2="39,104,122,106,120,135,114,60,2,121,82,49,111" hai3=""/><T128/><D73/><U1/><E34/><V78/><N who="2" m="30752" /><V124/><N who="2" m="31008" /><V94/><N who="2" m="31264" /><V42/><F2/><T130/><D33/><U125/><E1/><V35/><F35/><T56/><D47/><U50/><E109/><V65/><F111/><T63/><D54/><U44/><E129/><V98/><F135/><T116/><D116/><U80/><E133/><V75/><F39/><T53/><D53/><U84/><E125/><V119/><F124/><T77/><D77/><U99/><E67/><V113/><F119/><T32/><D32/><U118/><E118/><V126/><F126/><T61/><AGARI ba="1,0" hai="37,38,52,56,61,63,66,68,89,90,91,128,130,131" machi="61" ten="40,12000,2" yaku="0,1,19,1,52,3,54,1" doraHai="85" who="0" fromWho="0" sc="299,122,320,-61,431,-61,0,0" /><INIT seed="4,2,0,1,4,38" ten="421,259,370,0" oya="0" hai0="87,134,56,62,67,86,39,135,101,121,3,112,90" hai1="69,115,46,51,106,93,113,2,78,45,55,96,66" hai2="36,110,126,74,111,105,0,72,80,41,73,102,42" hai3=""/><T108/><N who="0" m="31008" /><T119/><D3/><U83/><E106/><V100/><F0/><T65/><D108/><U85/><E2/><V79/><F126/><T53/><D112/><U133/><E133/><N who="0" m="50697" /><D119/><U117/><E117/><V64/><F64/><N who="0" m="24650" /><D101/><U91/><E66/><V52/><F102/><T127/><D127/><U33/><E33/><V58/><F36/><T61/><D39/><U37/><E69/><V34/><F34/><T123/><N who="0" m="31520" /><T82/><D87/><U43/><AGARI ba="2,0" hai="37,43,45,46,51,55,78,83,85,91,93,96,113,115" machi="43" ten="30,1500,0" yaku="0,1,52,1" doraHai="38" who="1" fromWho="1" sc="421,-12,259,19,370,-7,0,0" /><INIT seed="5,0,0,1,0,84" ten="409,278,363,0" oya="1" hai0="110,38,47,35,122,111,133,44,92,60,132,68,71" hai1="105,87,54,102,90,40,113,121,45,123,79,64,117" hai2="116,78,124,1,135,49,93,66,81,43,75,50,127" hai3=""/><U86/><N who="1" m="31008" /><U55/><N who="1" m="31520" /><U36/><E117/><V108/><F1/><T88/><N who="0" m="31264" /><T2/><D2/><U131/><E64/><V100/><F108/><N who="0" m="41514" /><D35/><U56/><E102/><V46/><F116/><T134/><D60/><U77/><E105/><V69/><F135/><T3/><D3/><U106/><E106/><V74/><F74/><T83/><D83/><U119/><E119/><V53/><F100/><T37/><D47/><U63/><E131/><V62/><REACH who="2" step="1"/><F93/><REACH who="2" ten="409,278,353,0" step="2"/><T73/><D73/><U103/><E103/><V112/><F112/><T85/><D38/><U97/><E113/><V109/><F109/><T91/><D37/><U120/><N who="1" m="30752" /><U95/><E79/><V98/><F98/><T115/><D115/><U48/><REACH who="1" step="1"/><E77/><REACH who="1" ten="409,268,353,0" step="2"/><V39/><F39/><T65/><D133/><U70/><E70/><V129/><F129/><T58/><D68/><U89/><E89/><V128/><F128/><T52/><D71/><U51/><E51/><V32/><F32/><T80/><D134/><U76/><E76/><V107/><F107/><T126/><D132/><U61/><E61/><V82/><F82/><T33/><D33/><U130/><E130/><V67/><F67/><T125/><D65/><U118/><E118/><RYUUKYOKU ba="0,2" sc="409,-20,268,10,353,10,0,0" hai1="36,40,45,48,54,55,56,63,86,87,90,95,97" hai2="43,46,49,50,53,62,66,69,75,78,81,124,127" /><INIT seed="5,1,2,1,4,68" ten="389,278,363,0" oya="1" hai0="39,109,34,91,112,55,108,69,115,97,118,43,128" hai1="106,121,134,94,93,85,119,129,95,51,135,41,96" hai2="44,114,133,54,3,116,71,107,72,132,76,103,102" hai3=""/><U57/><N who="1" m="31008" /><U37/><E119/><V48/><F3/><T122/><D97/><U61/><E129/><V62/><F116/><T45/><D91/><U53/><E106/><V111/><F111/><N who="0" m="42570" /><D34/><U49/><E85/><V89/><F114/><N who="0" m="43562" /><D118/><U110/><E110/><V81/><F89/><T117/><N who="0" m="31264" /><T73/><D73/><U64/><E96/><V125/><F125/><T84/><D84/><U87/><E87/><V130/><F130/><T46/><D69/><U131/><E131/><V63/><F107/><T35/><D35/><U124/><E124/><V127/><F127/><T67/><D128/><U99/><E99/><V58/><F71/><T33/><D33/><U113/><E113/><V105/><F63/><T80/><D80/><U101/><E101/><V2/><F2/><T92/><D92/><U70/><REACH who="1" step="1"/><E51/><REACH who="1" ten="389,268,363,0" step="2"/><V47/><F105/><T90/><D117/><U78/><E78/><V88/><F103/><T32/><D32/><U98/><E98/><V79/><F102/><T56/><D90/><U82/><E82/><V77/><F88/><T65/><D46/><AGARI ba="1,3" hai="37,41,46,49,53,57,61,64,70,93,94,95,134,135" m="31008" machi="46" ten="40,18000,2" yaku="1,1,24,2,52,2,53,1" doraHai="68" doraHaiUra="36" who="1" fromWho="0" sc="389,-182,268,212,363,0,0,0" /><INIT seed="5,2,0,5,0,111" ten="207,480,363,0" oya="1" hai0="35,66,108,58,128,132,65,119,123,45,125,3,71" hai1="39,126,122,80,124,116,92,41,47,54,76,55,51" hai2="40,89,112,106,56,84,37,50,121,57,100,44,135" hai3=""/><U79/><N who="1" m="31264" /><U32/><E32/><V87/><N who="2" m="31008" /><V61/><F135/><T131/><D45/><U46/><E116/><V73/><F73/><T127/><D58/><U1/><E1/><V52/><F112/><T59/><D59/><U115/><E115/><V118/><F118/><T68/><D65/><U0/><E0/><V2/><F2/><T109/><D66/><U113/><E113/><V67/><F100/><T42/><D42/><U48/><E92/><V96/><F106/><T62/><D62/><U74/><REACH who="1" step="1"/><E79/><REACH who="1" ten="207,470,363,0" step="2"/><V107/><F107/><T134/><N who="0" m="31520" /><T38/><D35/><U95/><E95/><V69/><F96/><T60/><D3/><U94/><E94/><V63/><F89/><T99/><D99/><U82/><E82/><V120/><N who="2" m="30752" /><V101/><F101/><T85/><D85/><U70/><E70/><V102/><F102/><T133/><D119/><U43/><E43/><V49/><F84/><T72/><D72/><U34/><E34/><V114/><F87/><T91/><D91/><U93/><E93/><V75/><F75/><T130/><D38/><U97/><E97/><V129/><F114/><T81/><D81/><U104/><E104/><V86/><F86/><T83/><D83/><RYUUKYOKU ba="2,1" sc="207,-10,470,20,363,-10,0,0" hai1="39,41,46,47,48,51,54,55,74,76,80,124,126" /><INIT seed="5,3,1,5,3,70" ten="197,490,353,0" oya="1" hai0="54,135,41,85,121,67,128,109,72,127,73,81,35" hai1="2,89,56,107,104,52,98,44,38,32,79,100,124" hai2="83,96,87,91,116,123,58,119,63,103,125,74,118" hai3=""/><U45/><E2/><V48/><N who="2" m="31520" /><V88/><F74/><T77/><D54/><U93/><E32/><V47/><F125/><T50/><D41/><U106/><E124/><V110/><F91/><T105/><D50/><U57/><E79/><V64/><F110/><T75/><D67/><U82/><E82/><V122/><N who="2" m="31264" /><V60/><F63/><T97/><N who="0" m="31008" /><T129/><D35/><U46/><E38/><V34/><F34/><T43/><D43/><U66/><E66/><V133/><F133/><T68/><D68/><U112/><E112/><V78/><F78/><T39/><D39/><U126/><E126/><V80/><F80/><T33/><D33/><U3/><E3/><V36/><F36/><T111/><D127/><U114/><E114/><V134/><F134/><T120/><N who="0" m="30752" /><T37/><D37/><U90/><REACH who="1" step="1"/><E57/><REACH who="1" ten="197,480,353,0" step="2"/><V131/><F131/><N who="0" m="50250" /><D135/><U130/><E130/><V84/><F118/><T69/><D69/><U61/><AGARI ba="3,2" hai="44,45,46,52,56,61,89,90,93,98,100,104,106,107" machi="61" ten="40,8000,1" yaku="1,1,0,1,54,1,53,2" doraHai="70" doraHaiUra="86" who="1" fromWho="1" sc="197,-43,480,106,353,-43,0,0" /><INIT seed="5,4,0,4,2,110" ten="154,586,310,0" oya="1" hai0="35,75,101,119,126,63,79,51,62,130,88,84,85" hai1="48,33,1,32,58,97,70,68,118,111,129,67,127" hai2="36,69,76,57,53,52,106,122,96,90,73,60,38" hai3=""/><U66/><E118/><V99/><N who="2" m="31264" /><V116/><F116/><T86/><D51/><U102/><E1/><V133/><F133/><T114/><D62/><U61/><E111/><V94/><F69/><T64/><D63/><U113/><E129/><V45/><F76/><T46/><D64/><U82/><E127/><V95/><F73/><T78/><D46/><U93/><E82/><V71/><F106/><T124/><D35/><U123/><N who="1" m="31520" /><U135/><E135/><V80/><F80/><T74/><D119/><U115/><E67/><V50/><REACH who="2" step="1"/><F71/><REACH who="2" ten="154,586,300,0" step="2"/><T121/><N who="0" m="31008" /><T108/><D108/><U112/><E70/><V98/><F98/><T44/><D44/><U125/><E125/><N who="0" m="48233" /><D130/><U49/><E68/><V87/><F87/><N who="0" m="33354" /><D101/><AGARI ba="4,1" hai="36,38,45,50,52,53,57,60,90,94,95,96,99,101" m="31264" machi="101" ten="30,8000,1" yaku="1,1,7,1,52,1,54,1,53,1" doraHai="110" doraHaiUra="42" who="2" fromWho="0" sc="154,-88,586,0,300,98,0,0" /><INIT seed="6,0,0,5,5,62" ten="66,586,398,0" oya="2" hai0="39,74,56,96,58,81,90,131,118,124,105,75,57" hai1="114,77,88,83,106,32,128,2,73,116,108,111,82" hai2="38,133,43,129,61,48,37,47,97,35,68,63,127" hai3=""/><V66/><F35/><T120/><D81/><U134/><RYUUKYOKU type="yao9" ba="0,0" sc="66,0,586,0,398,0,0,0" hai1="2,32,73,77,82,83,88,106,108,111,114,116,128,134" /><INIT seed="6,1,0,5,5,82" ten="66,586,398,0" oya="2" hai0="114,46,90,98,51,95,104,106,78,0,53,121,44" hai1="111,134,69,103,85,68,112,75,45,135,81,83,127" hai2="119,118,1,70,113,35,61,122,101,92,125,123,120" hai3=""/><V115/><N who="2" m="30752" /><V39/><N who="2" m="31264" /><V102/><N who="2" m="31520" /><V42/><F1/><T3/><D51/><U60/><E111/><V131/><F35/><T57/><D46/><U76/><E112/><N who="2" m="43083" /><F131/><T96/><D53/><U32/><E32/><V87/><F125/><T67/><D57/><U88/><E127/><V84/><F42/><T33/><D44/><U129/><E129/><V71/><F39/><T64/><D67/><U49/><E103/><N who="2" m="39435" /><F92/><T116/><D64/><U36/><E36/><V100/><N who="2" m="39443" /><V48/><DORA hai="133" /><F48/><T34/><N who="0" m="31008" /><T117/><D95/><U41/><E60/><V89/><F89/><T38/><D90/><U128/><REACH who="1" step="1"/><E128/><REACH who="1" ten="66,576,398,0" step="2"/><V58/><F119/><T74/><D38/><U79/><E79/><V86/><F118/><T65/><D114/><U2/><E2/><V37/><F37/><T107/><D65/><AGARI ba="1,1" hai="58,61,65,70,71,84,86,87" m="39443,43083,31520,31264,30752" machi="65" ten="40,18000,2" yaku="15,1,52,6" doraHai="82,133" who="2" fromWho="0" sc="66,-182,576,0,398,192,0,0" owari="-116,-72.0,576,18.0,590,54.0,0,0.0" /></mjloggm>