<mjloggm ver="2.3"><GO type="169" lobby="0"/><UN n0="%E3%83%8E%E3%82%AA%E3%83%81%E3%83%A3%E3%83%99%E3%82%B9" n1="%EF%BC%A9%EF%BC%A3%EF%BC%A8%EF%BC%A9" n2="%E3%81%8A%E7%9F%A5%E3%82%89%E3%81%9B" n3="%73%61%6C%61%6D%61%6E" dan="16,17,20,16" rate="2102.18,2108.43,2329.71,2100.36" sx="M,M,M,M"/><TAIKYOKU oya="0"/><INIT seed="0,0,0,0,1,88" ten="250,250,250,250" oya="0" hai0="24,49,19,103,48,98,22,118,128,81,18,40,57" hai1="101,25,113,99,75,12,76,90,133,109,20,65,11" hai2="84,74,44,0,131,9,91,111,34,56,16,30,15" hai3="104,41,62,21,37,6,121,85,119,77,112,17,125"/><T8/><D118/><U46/><E109/><V36/><F111/><W69/><G119/><T63/><D128/><U115/><E133/><V42/><F131/><W114/><G125/><T43/><D81/><U107/><E65/><V2/><F74/><W96/><G121/><T5/><D19/><U123/><E123/><V61/><F34/><W23/><G6/><T26/><D26/><U130/><E130/><V3/><F30/><W67/><G23/><T55/><D43/><U7/><E46/><V132/><F132/><W33/><G33/><T100/><D40/><U135/><E135/><V134/><F134/><W116/><G116/><T82/><D82/><U89/><E76/><V59/><REACH who="2" step="1"/><F61/><REACH who="2" ten="250,250,240,250" step="2"/><W129/><G62/><T120/><D120/><U86/><E75/><V108/><F108/><W60/><G129/><T1/><REACH who="0" step="1"/><D103/><REACH who="0" ten="240,250,240,250" step="2"/><U45/><E101/><V13/><F13/><W78/><G112/><T39/><D39/><U66/><E115/><V94/><AGARI ba="0,2" hai="0,2,3,9,15,16,36,42,44,56,59,84,91,94" machi="94" ten="30,7900,0" yaku="1,1,0,1,52,1,54,1,53,0" doraHai="88" doraHaiUra="27" who="2" fromWho="2" sc="240,-39,250,-20,240,99,250,-20" /><INIT seed="1,0,0,5,2,129" ten="201,230,339,230" oya="1" hai0="116,21,107,34,110,122,94,50,77,131,61,54,3" hai1="118,5,51,27,59,64,63,75,70,119,22,47,60" hai2="72,100,12,40,89,71,128,17,41,29,9,121,91" hai3="62,6,39,109,14,10,43,117,79,90,135,76,1"/><U104/><E75/><V106/><F121/><W93/><G109/><T73/><D34/><U42/><E104/><V58/><F71/><W87/><G117/><T33/><D33/><U35/><E35/><V115/><F128/><W74/><G62/><T127/><D107/><U13/><E5/><V25/><F72/><W123/><G123/><T7/><D110/><U26/><E13/><V19/><F115/><W80/><G76/><T96/><D61/><U78/><E78/><V99/><F19/><W53/><G14/><T32/><D32/><U18/><REACH who="1" step="1"/><E27/><REACH who="1" ten="201,220,339,230" step="2"/><V20/><F12/><W113/><G113/><T24/><D7/><U97/><E97/><V126/><F99/><W46/><REACH who="3" step="1"/><G53/><AGARI ba="0,1" hai="18,22,26,42,47,51,53,59,60,63,64,70,118,119" machi="53" ten="30,2900,0" yaku="1,1,7,1,53,0" doraHai="129" doraHaiUra="69" who="1" fromWho="3" sc="201,0,220,39,339,0,230,-29" /><INIT seed="1,1,0,0,1,105" ten="201,259,339,201" oya="1" hai0="101,119,85,6,41,5,39,130,59,31,81,127,22" hai1="16,25,50,79,61,38,21,129,121,47,57,54,118" hai2="83,52,13,120,74,30,34,96,84,28,8,95,122" hai3="107,37,134,29,80,36,12,67,14,98,93,46,56"/><U42/><E129/><V110/><F110/><W71/><G107/><T135/><D119/><U33/><E118/><V62/><F34/><W63/><G134/><T0/><D0/><U49/><E121/><V113/><F113/><W15/><G29/><T112/><D135/><U40/><E40/><V55/><F120/><W111/><G111/><T116/><D112/><U48/><E33/><V75/><F122/><W115/><G115/><T88/><D130/><U69/><REACH who="1" step="1"/><E79/><REACH who="1" ten="201,249,339,201" step="2"/><V60/><F28/><W114/><G114/><T86/><D41/><U10/><E10/><V103/><F30/><W23/><G37/><T99/><D39/><U97/><E97/><V131/><F131/><W125/><G36/><T58/><D116/><U17/><E17/><V90/><F8/><W77/><G98/><T104/><D31/><U91/><E91/><V7/><F90/><W108/><G77/><T106/><D22/><U124/><E124/><V18/><F18/><W11/><G23/><T87/><D127/><U20/><E20/><V51/><F96/><W66/><G11/><T128/><D128/><U126/><E126/><V72/><F7/><W19/><G19/><T76/><D106/><U132/><E132/><V43/><F43/><W24/><G125/><T117/><D117/><U45/><E45/><V65/><F103/><W32/><G46/><T2/><D88/><U89/><E89/><V9/><F9/><W73/><G32/><T53/><D5/><U94/><E94/><V133/><F95/><W44/><G93/><T35/><D104/><U68/><AGARI ba="1,1" hai="16,21,25,38,42,47,48,49,50,54,57,61,68,69" machi="68" ten="30,6000,0" yaku="1,1,0,1,54,1,53,0" doraHai="105" doraHaiUra="123" who="1" fromWho="1" sc="201,-21,249,73,339,-21,201,-21" /><INIT seed="1,2,0,2,5,11" ten="180,322,318,180" oya="1" hai0="53,33,19,94,128,50,13,117,77,45,32,28,122" hai1="25,109,63,73,105,89,84,80,29,56,129,120,66" hai2="23,111,65,0,118,79,99,114,64,131,38,3,126" hai3="35,110,104,8,7,103,58,6,107,127,39,62,59"/><U101/><E129/><V68/><F118/><W88/><G110/><T42/><D117/><U86/><E120/><V123/><F123/><W91/><G127/><T12/><D122/><U40/><E73/><V36/><F126/><W78/><G78/><T60/><D128/><U4/><E109/><V134/><F111/><W112/><G112/><T70/><D77/><U135/><E135/><V27/><F131/><W132/><G132/><T26/><D33/><U10/><E40/><V97/><F114/><W83/><G39/><T54/><D94/><U30/><E25/><V85/><F134/><W69/><G35/><T108/><D108/><U41/><E41/><V18/><F97/><W82/><G69/><T48/><D19/><U92/><E105/><V102/><F0/><W2/><G103/><T74/><D74/><U47/><E47/><V125/><F3/><W17/><G17/><T130/><D130/><U133/><E133/><V44/><F125/><W115/><G115/><T75/><D75/><U71/><E71/><V9/><F44/><W5/><G2/><T116/><D116/><U22/><E22/><V37/><F9/><W21/><G8/><T121/><D121/><U14/><E101/><V51/><F68/><W119/><G21/><T98/><D98/><U24/><E24/><V49/><F99/><W96/><G119/><T76/><D76/><AGARI ba="2,0" hai="4,10,14,29,30,56,63,66,76,80,84,86,89,92" machi="76" ten="30,5800,0" yaku="7,1,8,1,52,1" doraHai="11" who="1" fromWho="0" sc="180,-64,322,64,318,0,180,0" /><INIT seed="1,3,0,5,3,125" ten="116,386,318,180" oya="1" hai0="119,50,69,25,102,70,41,92,26,73,8,19,32" hai1="93,39,36,114,129,101,11,49,5,85,90,48,4" hai2="60,65,123,62,16,103,110,0,71,51,58,2,97" hai3="133,130,30,122,89,6,61,9,128,10,34,22,14"/><U96/><E114/><V124/><F123/><W7/><G89/><T47/><D73/><U55/><E5/><N who="3" m="1546" /><G61/><T108/><D119/><U132/><E132/><V109/><F124/><W29/><G122/><T15/><D108/><N who="2" m="41578" /><F51/><W115/><G115/><T75/><D75/><U112/><E129/><N who="3" m="49770" /><G133/><T135/><D135/><U120/><E112/><V106/><F16/><N who="3" m="10519" /><G34/><T28/><D102/><U100/><E100/><V127/><F127/><W12/><G12/><T79/><D79/><U99/><E120/><V63/><F62/><W88/><G88/><T38/><D92/><U117/><E93/><V134/><F134/><W67/><G67/><AGARI ba="3,0" hai="0,2,58,60,63,65,67,71,97,103,106" m="41578" machi="67" ten="30,1000,0" yaku="14,1" doraHai="125" who="2" fromWho="3" sc="116,0,386,0,318,19,180,-19" /><INIT seed="2,0,0,0,0,42" ten="116,386,337,161" oya="2" hai0="34,99,3,120,1,87,44,77,133,134,114,2,100" hai1="69,57,117,116,28,107,79,108,20,40,91,22,6" hai2="74,111,85,66,130,71,35,16,98,19,32,55,84" hai3="122,61,7,5,9,94,41,15,101,73,81,38,11"/><V93/><F74/><W68/><G122/><T59/><D34/><U127/><E69/><V52/><F130/><W21/><G21/><T0/><D120/><U30/><E107/><V113/><F113/><W62/><G68/><T109/><D114/><U8/><E79/><V72/><F72/><W17/><G17/><T118/><N who="0" m="0" /><DORA hai="12" /><T56/><D118/><U43/><E57/><V121/><F121/><W106/><G106/><T63/><D109/><U96/><E96/><V75/><F75/><W83/><G38/><T65/><D59/><U54/><E91/><V135/><F71/><W80/><G41/><T37/><D37/><U23/><E43/><V104/><F104/><W123/><G73/><T95/><REACH who="0" step="1"/><D44/><REACH who="0" ten="106,386,337,161" step="2"/><U26/><E108/><V105/><F111/><W53/><G123/><T58/><D58/><U13/><E117/><V128/><F32/><W82/><G62/><T24/><D24/><U90/><E26/><V124/><F35/><W10/><G61/><T76/><D76/><U97/><E116/><V119/><F119/><W86/><G5/><T60/><D60/><U70/><E6/><V110/><F110/><W33/><G7/><T64/><D64/><U126/><E70/><V125/><F66/><W45/><G33/><T112/><D112/><U89/><E30/><V18/><F125/><W132/><G15/><T102/><D102/><U29/><E127/><V49/><F124/><W131/><G131/><T39/><D39/><U115/><E126/><V88/><F128/><W31/><G45/><T92/><D92/><U67/><E115/><V50/><F105/><RYUUKYOKU ba="0,1" sc="106,30,386,-10,337,-10,161,-10" hai0="56,63,65,77,87,95,99,100,133,134" /><INIT seed="3,1,1,4,1,28" ten="136,376,327,151" oya="3" hai0="69,2,38,116,55,118,40,95,98,75,128,43,72" hai1="18,76,0,49,32,121,58,22,133,117,3,29,16" hai2="100,112,7,34,50,24,65,101,122,127,93,99,27" hai3="124,67,35,77,60,106,19,94,66,70,17,91,12"/><W111/><G106/><T109/><D2/><N who="1" m="555" /><E76/><V71/><F112/><W62/><G124/><T90/><D69/><U9/><E58/><V78/><F7/><W39/><G39/><T20/><D75/><U1/><E49/><V31/><F122/><W59/><G111/><T68/><D72/><U26/><E121/><V51/><F127/><W86/><G35/><T45/><D109/><U14/><E133/><V47/><F78/><W37/><G37/><T102/><D68/><U130/><E130/><V10/><F10/><W79/><REACH who="3" step="1"/><G19/><REACH who="3" ten="136,376,327,141" step="2"/><T134/><D38/><U132/><E132/><V80/><F51/><W44/><G44/><T85/><D134/><U87/><E18/><V131/><F50/><W8/><AGARI ba="1,2" hai="8,12,17,59,60,62,66,67,70,77,79,86,91,94" machi="8" ten="20,3900,0" yaku="1,1,0,1,7,1,53,0" doraHai="28" doraHaiUra="97" who="3" fromWho="3" sc="136,-14,376,-14,327,-14,141,62" /><INIT seed="3,2,0,2,5,10" ten="122,362,313,203" oya="3" hai0="20,127,55,34,87,7,32,14,30,67,25,96,73" hai1="40,104,28,84,1,86,37,11,22,6,114,63,8" hai2="19,100,82,59,4,43,124,2,99,12,57,128,130" hai3="58,27,24,61,125,51,18,42,45,68,93,101,64"/><W21/><G125/><T88/><D127/><U98/><E114/><V106/><F124/><W122/><G122/><T126/><D73/><U72/><E72/><V0/><F43/><W33/><G33/><T103/><D126/><U41/><E63/><V102/><F102/><W71/><REACH who="3" step="1"/><G27/><REACH who="3" ten="122,362,313,193" step="2"/><T36/><D34/><U31/><E31/><V17/><F130/><W76/><G76/><T75/><D32/><U15/><E28/><V23/><F128/><W117/><G117/><T94/><D25/><U80/><E37/><V48/><F0/><W49/><G49/><T60/><D30/><U74/><E1/><V95/><F48/><W121/><G121/><T46/><D36/><U78/><E78/><V39/><F39/><W119/><G119/><T56/><D75/><U105/><E105/><V129/><F106/><W132/><G132/><T83/><D46/><U66/><E104/><V54/><F129/><W3/><G3/><T90/><D67/><U112/><E66/><V92/><F2/><W5/><G5/><T50/><D50/><U110/><E6/><V47/><F4/><W107/><G107/><T9/><D20/><U70/><E74/><V108/><F47/><W52/><G52/><T69/><D69/><U120/><E120/><V53/><F53/><W91/><G91/><AGARI ba="2,1" hai="7,9,14,55,56,60,83,87,88,90,91,94,96,103" machi="91" ten="30,7700,0" yaku="7,1,8,1,52,1,54,1" doraHai="10" who="0" fromWho="3" sc="122,93,362,0,313,0,193,-83" /><INIT seed="4,0,0,2,4,102" ten="215,362,313,110" oya="0" hai0="128,47,2,105,58,55,39,0,26,69,94,104,106" hai1="36,73,46,87,92,115,100,134,48,52,16,78,15" hai2="34,35,51,62,71,54,37,3,86,64,111,31,121" hai3="17,76,1,60,24,28,91,56,107,96,112,90,114"/><T82/><D69/><U130/><E134/><V25/><F111/><W126/><G126/><T43/><D128/><U12/><E130/><V123/><F3/><W23/><G1/><T66/><D66/><U89/><E115/><N who="3" m="44074" /><G76/><T8/><D8/><U98/><E36/><V79/><F37/><W29/><G29/><T108/><D108/><U133/><E133/><V14/><F35/><W41/><G41/><T21/><D94/><U57/><E73/><V59/><F14/><W11/><G11/><T127/><D82/><U65/><E78/><V85/><REACH who="2" step="1"/><F79/><REACH who="2" ten="215,362,303,110" step="2"/><W125/><G125/><T88/><D127/><U32/><E32/><V27/><F27/><W132/><G132/><T101/><D101/><U20/><E15/><V99/><F99/><W63/><G96/><T53/><D88/><U6/><E6/><V70/><F70/><W109/><G91/><T97/><D97/><U113/><E113/><V5/><F5/><W110/><G90/><T30/><REACH who="0" step="1"/><D53/><REACH who="0" ten="205,362,303,110" step="2"/><U116/><E65/><V72/><F72/><W124/><G110/><T10/><D10/><U38/><E98/><V13/><F13/><W67/><G109/><T103/><D103/><U22/><E100/><V74/><F74/><W117/><G124/><T68/><D68/><U42/><E12/><V129/><F129/><W40/><G67/><T131/><D131/><U61/><E89/><V75/><F75/><W33/><G33/><T83/><D83/><U7/><E52/><V80/><F80/><W122/><G122/><AGARI ba="0,2" hai="25,31,34,51,54,59,62,64,71,85,86,121,122,123" machi="122" ten="40,2600,0" yaku="1,1,53,1" doraHai="102" doraHaiUra="44" who="2" fromWho="3" sc="205,0,362,0,303,46,110,-26" /><INIT seed="5,0,0,1,2,23" ten="205,362,349,84" oya="1" hai0="10,19,92,67,76,30,57,21,99,32,44,6,93" hai1="46,111,89,38,52,97,116,5,42,65,40,88,20" hai2="125,87,134,95,122,12,7,103,114,41,33,105,107" hai3="68,85,86,59,11,18,3,15,26,115,74,14,77"/><U126/><E116/><V108/><F108/><W112/><G68/><T69/><D69/><U63/><E111/><V25/><F122/><W64/><G74/><T133/><D133/><U48/><E126/><V119/><F119/><W124/><G124/><T78/><D44/><U4/><E42/><V75/><F75/><W127/><G127/><T79/><D32/><U80/><E20/><V73/><F73/><W94/><G3/><T100/><D92/><U123/><E123/><V128/><F125/><W17/><G77/><T101/><D101/><U98/><E5/><V0/><F134/><W104/><G104/><T132/><D132/><U35/><E4/><V55/><F0/><W45/><G45/><T1/><D30/><U56/><E35/><V135/><F135/><W130/><G130/><T50/><D67/><U118/><E118/><V9/><F128/><W58/><G94/><T66/><D66/><U29/><E29/><V61/><F114/><W16/><G64/><T113/><D113/><N who="3" m="43593" /><G26/><T34/><D34/><U120/><E120/><V82/><F33/><W81/><G81/><T71/><D71/><N who="1" m="42431" /><E80/><V129/><F105/><W54/><G54/><T83/><D83/><U72/><E72/><V49/><F107/><W110/><G110/><T106/><D106/><U8/><E8/><V70/><F70/><W90/><G90/><AGARI ba="0,0" hai="38,40,46,48,52,56,88,89,90,97,98" m="42431" machi="90" ten="30,5800,0" yaku="24,1,54,2" doraHai="23" who="1" fromWho="3" sc="205,0,362,58,349,0,84,-58" /><INIT seed="5,1,0,3,4,120" ten="205,420,349,26" oya="1" hai0="105,77,18,79,15,11,122,31,26,63,114,47,126" hai1="100,125,59,29,16,124,56,44,74,73,42,32,117" hai2="4,24,64,62,135,37,108,89,65,95,110,23,22" hai3="6,81,45,34,109,104,8,118,41,102,50,53,14"/><U71/><E117/><V115/><F135/><W82/><G118/><T76/><D105/><U113/><E71/><V72/><F37/><W36/><G34/><T70/><D122/><U68/><E68/><V134/><F134/><W57/><G104/><T112/><D47/><U87/><E32/><V51/><F72/><W38/><G102/><T30/><D126/><U99/><E29/><V91/><F115/><N who="0" m="44074" /><D26/><U58/><E87/><V130/><F130/><W84/><G109/><T69/><D69/><U55/><E55/><V93/><F51/><W107/><G107/><T49/><D49/><U119/><E119/><V66/><F62/><W131/><G131/><T111/><D111/><N who="2" m="42538" /><F24/><W86/><G86/><T60/><D60/><U133/><E133/><V10/><F10/><W96/><G96/><T21/><D11/><U25/><E113/><V128/><F4/><W94/><REACH who="3" step="1"/><G36/><REACH who="3" ten="205,420,349,16" step="2"/><T92/><D92/><N who="2" m="35402" /><F128/><W101/><G101/><T97/><D97/><U1/><E74/><V20/><AGARI ba="1,1" hai="20,22,23,64,65,66,89,91" m="35402,42538" machi="20" ten="40,8000,1" yaku="28,2,52,3" doraHai="120" who="2" fromWho="2" sc="205,-21,420,-41,349,93,16,-21" owari="184,-22.0,379,18.0,442,55.0,-5,-51.0" /></mjloggm>