<mjloggm ver="2.3"><GO type="185" lobby="0"/><UN n0="%69%6E%75%73%61%6E%38%34" n1="%4B%69%64%6F%37%35%30%30" n2="%E3%81%97%E3%82%81%E3%81%98%E3%82%93" n3="" dan="16,16,17,0" rate="2133.96,2110.53,2270.15,1500.00" sx="M,M,F,C"/><TAIKYOKU oya="0"/><INIT seed="0,0,0,2,0,68" ten="350,350,350,0" oya="0" hai0="53,120,74,112,103,36,77,135,108,1,116,58,3" hai1="126,69,71,94,38,55,47,73,81,99,45,43,46" hai2="72,121,115,59,131,100,129,91,93,84,87,130,52" hai3=""/><T33/><RYUUKYOKU type="yao9" ba="0,0" sc="350,0,350,0,350,0,0,0" hai0="1,3,33,36,53,58,74,77,103,108,112,116,120,135" /><INIT seed="0,1,0,1,4,53" ten="350,350,350,0" oya="0" hai0="104,3,75,105,89,65,55,32,50,60,69,63,73" hai1="40,51,70,128,115,74,35,99,1,116,41,129,46" hai2="52,68,54,42,122,49,71,133,134,97,119,127,56" hai3=""/><T135/><D32/><U67/><E35/><V91/><N who="2" m="31264" /><V66/><F127/><T130/><D3/><U38/><E1/><V85/><F97/><T45/><D130/><N who="1" m="50283" /><E74/><V82/><F119/><T36/><D135/><N who="2" m="51722" /><F66/><T79/><D89/><U101/><E116/><V48/><F42/><T77/><D36/><U117/><E117/><V39/><F39/><T109/><D109/><U62/><E115/><V72/><F72/><T87/><D75/><U61/><E99/><V131/><F131/><T86/><D73/><U98/><E61/><V43/><F43/><T80/><D63/><U44/><E98/><V81/><F81/><AGARI ba="1,0" hai="45,50,55,60,65,69,77,79,80,81,86,87,104,105" machi="81" ten="40,2000,0" yaku="9,1" doraHai="53" who="0" fromWho="2" sc="350,22,350,0,350,-22,0,0" /><INIT seed="0,2,0,5,0,119" ten="372,350,328,0" oya="0" hai0="114,76,53,69,113,78,135,93,81,123,96,37,127" hai1="104,98,55,84,0,80,115,97,49,131,43,105,82" hai2="133,88,128,68,109,111,126,52,63,46,99,32,122" hai3=""/><T1/><N who="0" m="31520" /><T77/><D1/><U86/><E0/><V51/><N who="2" m="31264" /><V50/><F32/><T124/><D37/><U83/><E43/><V103/><F128/><T60/><D135/><U45/><E115/><N who="0" m="44041" /><D69/><U2/><E2/><V125/><F133/><T59/><D60/><U64/><E64/><V134/><F134/><T54/><D59/><U132/><E132/><V112/><F112/><T70/><D70/><U67/><E131/><V65/><F88/><T47/><D47/><U102/><REACH who="1" step="1"/><E67/><REACH who="1" ten="372,340,328,0" step="2"/><V3/><F3/><T39/><D54/><U61/><E61/><V48/><F48/><T107/><D53/><U108/><E108/><N who="2" m="41547" /><F51/><T42/><D39/><U44/><E44/><V101/><F101/><AGARI ba="2,1" hai="45,49,55,80,82,83,84,86,97,98,101,102,104,105" machi="101" ten="40,2600,0" yaku="1,1,9,1,53,0" doraHai="119" doraHaiUra="75" who="1" fromWho="2" sc="372,0,340,40,328,-30,0,0" /><INIT seed="1,0,0,2,4,91" ten="372,380,298,0" oya="1" hai0="56,65,73,118,64,35,113,134,104,97,98,38,129" hai1="42,0,69,111,60,100,68,78,95,33,59,99,82" hai2="119,3,88,81,80,67,120,133,92,93,110,103,87" hai3=""/><U135/><E33/><V47/><N who="2" m="30752" /><V45/><F3/><T114/><D35/><U63/><E0/><V70/><F119/><T36/><D73/><U128/><E128/><V39/><F133/><T130/><D104/><U86/><E135/><V2/><F2/><T49/><D134/><U46/><E111/><V108/><F70/><T101/><D101/><U105/><E63/><V116/><F67/><T51/><D56/><U79/><E105/><V96/><F116/><AGARI ba="0,0" hai="36,38,49,51,64,65,97,98,113,114,116,118,129,130" machi="116" ten="25,1600,0" yaku="22,2" doraHai="91" who="0" fromWho="2" sc="372,16,380,0,298,-16,0,0" /><INIT seed="2,0,0,1,2,84" ten="388,380,282,0" oya="2" hai0="93,44,75,33,73,68,55,98,97,110,86,94,70" hai1="61,60,38,42,32,77,59,35,106,57,51,83,43" hai2="96,95,134,39,34,88,135,41,127,79,99,117,107" hai3=""/><V92/><F34/><T64/><D33/><U36/><E106/><V74/><F41/><T113/><D110/><U91/><E91/><V131/><F39/><T1/><D1/><U3/><E3/><V104/><F117/><T69/><D113/><U101/><E101/><V63/><F63/><T71/><D86/><U111/><E111/><V40/><F40/><T109/><D109/><U128/><E128/><V37/><F37/><T114/><D114/><U56/><E83/><V58/><F58/><T122/><N who="0" m="31264" /><T82/><N who="0" m="17408" /><DORA hai="67" /><T121/><N who="0" m="31008" /><T53/><D64/><U0/><E0/><V129/><F127/><T124/><D124/><U125/><E56/><V89/><F74/><T118/><D118/><U112/><E125/><V50/><F50/><T47/><D82/><U54/><E51/><V2/><F2/><T100/><D75/><U119/><E119/><V130/><F79/><T52/><D73/><U80/><E112/><V133/><AGARI ba="0,0" hai="88,89,92,95,96,99,104,107,129,130,131,133,134,135" machi="133" ten="40,16000,3" yaku="0,1,9,1,19,1,20,1,34,3,52,2,54,1" doraHai="84,67" who="2" fromWho="2" sc="388,-80,380,-80,282,160,0,0" /><INIT seed="2,1,0,3,3,112" ten="308,300,442,0" oya="2" hai0="109,89,81,63,51,68,52,129,59,108,73,99,126" hai1="43,44,117,47,37,32,116,82,103,96,54,84,41" hai2="123,65,119,64,70,72,101,56,85,115,69,120,46" hai3=""/><V58/><N who="2" m="30752" /><V60/><N who="2" m="31520" /><V55/><F72/><T128/><D73/><U110/><E110/><N who="0" m="42601" /><D81/><U131/><E32/><V127/><F101/><T2/><D2/><U93/><E131/><N who="0" m="50249" /><D99/><U95/><E54/><V134/><F55/><T45/><D89/><U74/><E95/><V92/><F85/><T35/><D35/><U88/><REACH who="1" step="1"/><E74/><REACH who="1" ten="308,290,442,0" step="2"/><V87/><F92/><T53/><D126/><U77/><E77/><V121/><N who="2" m="31008" /><V36/><F127/><T132/><D132/><U102/><E102/><V135/><F135/><T1/><D1/><U80/><E80/><V114/><F134/><T75/><D75/><U57/><E57/><V39/><F46/><T130/><D130/><U78/><E78/><V118/><F87/><T124/><D124/><U62/><E62/><AGARI ba="1,1" hai="36,39,56,58,60,62,64,65,69,70,114,115,118,119" m="31008,31520,30752" machi="62" ten="25,24000,3" yaku="22,2,34,3,52,5" doraHai="112" who="2" fromWho="1" sc="308,0,290,-242,442,252,0,0" /><INIT seed="2,2,0,4,0,42" ten="308,48,694,0" oya="2" hai0="64,81,48,39,67,53,82,97,41,77,73,130,69" hai1="118,72,37,90,62,96,105,55,103,135,89,95,128" hai2="52,2,134,63,54,57,123,44,45,32,74,98,1" hai3=""/><V38/><N who="2" m="31520" /><V100/><F32/><T111/><D111/><U132/><E37/><V116/><F74/><T121/><N who="0" m="31008" /><T33/><D33/><U106/><E118/><V110/><F116/><T104/><D130/><U56/><E72/><V131/><F110/><T117/><D117/><U115/><E128/><V102/><F131/><T75/><D39/><U49/><E115/><V126/><F126/><T122/><N who="0" m="31264" /><T99/><D41/><U35/><E35/><V3/><F134/><N who="1" m="51241" /><E62/><V71/><F71/><T109/><D109/><U86/><E90/><V119/><F119/><T88/><D69/><U120/><N who="1" m="30752" /><U108/><E108/><V59/><F38/><T114/><D114/><U51/><E51/><V43/><F43/><T0/><D0/><U92/><AGARI ba="2,0" hai="49,55,56,86,89,92,95,96,103,105,106" m="30752,51241" machi="92" ten="30,1500,0" yaku="20,1,52,1" doraHai="42" who="1" fromWho="1" sc="308,-7,48,19,694,-12,0,0" /><INIT seed="4,0,0,1,4,64" ten="301,67,682,0" oya="0" hai0="39,40,72,2,56,63,79,59,49,115,38,117,35" hai1="114,129,66,109,80,50,34,76,106,48,0,93,65" hai2="53,108,36,94,78,128,86,75,131,55,111,98,104" hai3=""/><T57/><D35/><U3/><E34/><V89/><F36/><T70/><D2/><U83/><E106/><V92/><F104/><T120/><N who="0" m="30752" /><T105/><D105/><U41/><E109/><N who="2" m="42059" /><F55/><T37/><D117/><U46/><E114/><V82/><F53/><T124/><D115/><U52/><E129/><N who="2" m="49739" /><F94/><T74/><D124/><U68/><E93/><V96/><AGARI ba="0,0" hai="75,78,82,86,89,92,96,98" m="49739,42059" machi="96" ten="40,3900,0" yaku="19,1,34,2" doraHai="64" who="2" fromWho="2" sc="301,-26,67,-13,682,39,0,0" /><INIT seed="5,0,0,5,4,119" ten="275,54,721,0" oya="1" hai0="104,86,37,78,58,89,64,99,103,95,113,90,134" hai1="38,80,117,114,73,109,34,92,33,122,125,41,50" hai2="40,128,121,135,106,1,68,112,45,77,72,59,52" hai3=""/><U36/><N who="1" m="31264" /><U84/><E117/><V81/><F106/><T51/><D37/><U131/><E73/><V74/><N who="2" m="31008" /><V39/><F68/><T32/><D32/><U127/><E131/><V76/><F135/><T66/><D113/><U108/><E114/><V47/><F47/><T110/><D110/><N who="1" m="42603" /><E92/><V63/><F112/><T88/><D134/><U116/><E116/><V83/><F1/><T65/><D78/><U49/><E41/><V46/><F46/><T3/><D3/><U98/><E98/><V96/><F96/><T97/><D97/><U75/><E75/><V62/><F128/><T67/><N who="0" m="16384" /><DORA hai="111" /><T93/><D104/><U43/><E43/><V35/><F35/><N who="1" m="13321" /><E38/><V2/><F2/><T100/><D100/><U61/><E36/><V132/><F132/><T126/><D126/><N who="1" m="48139" /><E61/><AGARI ba="0,0" hai="39,40,45,52,59,61,62,63,72,74,76,77,81,83" m="31008" machi="61" ten="30,8000,1" yaku="7,1,9,1,52,2,54,1" doraHai="119,111" who="2" fromWho="1" sc="275,0,54,-80,721,80,0,0" owari="275,-12.0,-26,-63.0,801,75.0,0,0.0" /></mjloggm>