<mjloggm ver="2.3"><GO type="169" lobby="0"/><UN n0="%E9%9B%B6%E7%95%AA%E9%9A%8A%E9%9A%8A%E9%95%B7" n1="%E6%B2%96%E3%83%92%E3%82%AB%E3%83%AB%EF%BC%88%E6%9C%AC%E7%89%A9%EF%BC%89" n2="%E7%A5%9E%E9%A2%A8%E3%81%A6%E3%81%83%E3%81%A3%E3%81%97%E3%82%85" n3="%E5%AE%9F%E5%AD%98" dan="18,16,16,17" rate="2256.82,2063.57,2130.61,2159.33" sx="M,F,M,M"/><TAIKYOKU oya="0"/><INIT seed="0,0,0,4,0,29" ten="250,250,250,250" oya="0" hai0="30,117,22,119,10,71,124,102,100,132,54,120,53" hai1="92,73,98,25,47,94,33,49,40,82,79,19,68" hai2="116,74,21,36,69,112,90,105,63,50,14,115,134" hai3="46,128,18,123,66,129,96,131,37,58,38,101,39"/><T91/><D120/><U86/><E68/><V108/><F36/><W8/><G123/><T80/><D71/><U12/><E73/><V95/><F50/><W20/><G8/><T57/><D124/><U2/><E2/><V122/><F63/><W43/><G58/><T78/><D132/><U111/><E111/><V62/><F62/><W3/><G66/><T60/><D91/><U23/><E98/><V55/><F55/><W4/><G4/><T76/><D10/><U24/><E33/><V130/><F21/><W89/><G89/><T97/><D54/><U109/><E109/><V99/><F14/><N who="3" m="9303" /><G3/><T6/><D6/><U114/><E114/><V113/><F69/><W67/><G67/><T45/><D45/><U75/><E75/><V34/><F34/><W42/><G46/><T41/><D100/><U103/><E103/><V106/><F122/><W44/><G44/><T48/><D60/><U77/><E77/><V87/><F108/><W15/><G15/><T0/><D78/><U35/><E35/><V121/><F121/><W126/><G126/><T133/><D133/><U110/><E110/><V17/><F134/><W56/><G56/><T61/><D0/><U7/><E25/><V32/><F116/><W70/><G70/><T127/><D127/><U11/><AGARI ba="0,0" hai="7,11,12,19,23,24,40,47,49,79,82,86,92,94" machi="11" ten="30,7900,0" yaku="0,1,25,2,8,1" doraHai="29" who="1" fromWho="1" sc="250,-39,250,79,250,-20,250,-20" /><INIT seed="1,0,0,1,4,127" ten="211,329,230,230" oya="1" hai0="40,17,46,81,0,25,75,113,19,20,131,39,79" hai1="120,97,7,6,90,16,22,42,93,23,8,85,33" hai2="60,59,62,11,78,67,47,41,82,14,80,56,68" hai3="121,118,111,74,92,126,84,18,132,112,119,61,29"/><U106/><E33/><V73/><F80/><W35/><G61/><T50/><D113/><U135/><E120/><V89/><F89/><W2/><G18/><T45/><D0/><U28/><E135/><V38/><F62/><W107/><G29/><T115/><D115/><U9/><E42/><V130/><F130/><W15/><G15/><T69/><D69/><U55/><E106/><V128/><F128/><W10/><G10/><T52/><REACH who="0" step="1"/><D131/><REACH who="0" ten="201,329,230,230" step="2"/><U44/><E6/><AGARI ba="0,1" hai="6,11,14,38,41,47,56,59,60,67,68,73,78,82" machi="6" ten="30,1000,0" yaku="7,1" doraHai="127" who="2" fromWho="1" sc="201,0,329,-10,230,20,230,0" /><INIT seed="2,0,0,3,4,86" ten="201,319,250,230" oya="2" hai0="18,34,98,129,49,0,95,134,4,119,70,133,115" hai1="51,61,105,97,29,13,135,52,48,38,40,83,31" hai2="79,67,10,9,41,33,57,30,101,81,128,75,6" hai3="107,59,71,80,73,131,109,5,20,44,76,103,47"/><V58/><F128/><W1/><G71/><T8/><D115/><U54/><E135/><V68/><F101/><W90/><G131/><T92/><D129/><U94/><E105/><V50/><F10/><W122/><G122/><T104/><D70/><U93/><E38/><V25/><F67/><W74/><G74/><T24/><D119/><U35/><E40/><V46/><REACH who="2" step="1"/><F68/><REACH who="2" ten="201,319,240,230" step="2"/><W123/><G103/><T108/><D133/><U65/><E65/><V12/><AGARI ba="0,1" hai="6,9,12,25,30,33,41,46,50,57,58,75,79,81" machi="12" ten="20,18000,2" yaku="1,1,2,1,0,1,7,1,53,2" doraHai="86" doraHaiUra="53" who="2" fromWho="2" sc="201,-60,319,-60,240,190,230,-60" /><INIT seed="2,1,0,4,0,85" ten="141,259,430,170" oya="2" hai0="120,106,101,125,20,135,55,35,70,77,98,12,83" hai1="91,10,78,48,72,41,128,84,56,9,38,25,26" hai2="116,18,31,111,45,40,23,88,132,105,50,82,130" hai3="29,14,19,28,65,93,46,47,109,97,24,61,71"/><V22/><F116/><W16/><G109/><T62/><D120/><U95/><E128/><V115/><F115/><W133/><G133/><T129/><D135/><U75/><E38/><V8/><F105/><W127/><G127/><T122/><D122/><U54/><E41/><V30/><F132/><W2/><G2/><T58/><D129/><U63/><E75/><V13/><F130/><W57/><G71/><T39/><D39/><U36/><E36/><V15/><F111/><W59/><G59/><T107/><D35/><U86/><E72/><V89/><F82/><W7/><G7/><T117/><D125/><U17/><E63/><V80/><F80/><W90/><G19/><T68/><D107/><U66/><E66/><V43/><F43/><W33/><REACH who="3" step="1"/><G28/><REACH who="3" ten="141,259,430,160" step="2"/><N who="2" m="10793" /><F23/><AGARI ba="1,1" hai="14,16,23,24,29,33,46,47,57,61,65,90,93,97" machi="23" ten="30,7700,0" yaku="1,1,7,1,52,1,54,1,53,0" doraHai="85" doraHaiUra="67" who="3" fromWho="2" sc="141,0,259,0,430,-80,160,90" /><INIT seed="3,0,0,2,2,83" ten="141,259,350,250" oya="3" hai0="51,8,114,96,53,84,118,71,106,74,123,38,79" hai1="18,45,24,129,95,75,9,115,41,49,57,31,104" hai2="80,88,90,32,120,27,127,43,98,103,7,86,40" hai3="126,0,117,36,112,14,19,10,17,58,3,69,128"/><W63/><G112/><T44/><D118/><U52/><E104/><V119/><F119/><W23/><G117/><T26/><D123/><U111/><E75/><V125/><F120/><W109/><G128/><T100/><D114/><U11/><E115/><V72/><F72/><W22/><G126/><N who="2" m="48137" /><F7/><W47/><G69/><T121/><D121/><U46/><E129/><V68/><F68/><W130/><G130/><T16/><D74/><U135/><E111/><V101/><F90/><W99/><G109/><T50/><D71/><U21/><E46/><V64/><F64/><W132/><G132/><T91/><D79/><U61/><E135/><V70/><F70/><W134/><G134/><T81/><D50/><U48/><E48/><V131/><F131/><W30/><G30/><T55/><D38/><U60/><E60/><V113/><F113/><W105/><G47/><T34/><D34/><U20/><E95/><N who="2" m="58591" /><F103/><W62/><G36/><T2/><D2/><U85/><REACH who="1" step="1"/><E85/><REACH who="1" ten="141,249,350,250" step="2"/><V25/><F32/><W89/><G62/><T76/><D76/><U35/><E35/><V94/><F94/><W92/><G105/><T29/><D51/><U56/><E56/><V39/><F39/><W33/><G33/><T1/><D44/><U87/><E87/><V54/><F43/><W82/><G58/><T13/><D1/><U59/><E59/><V77/><F77/><W73/><G63/><T66/><D66/><U107/><E107/><V65/><F65/><W110/><G110/><T93/><D106/><U116/><E116/><V42/><F54/><W4/><G73/><T5/><D53/><RYUUKYOKU ba="0,1" sc="141,-15,249,15,350,15,250,-15" hai1="9,11,18,20,21,24,31,41,45,49,52,57,61" hai2="25,27,40,42,80,86,88" /><INIT seed="4,1,1,5,0,23" ten="126,264,365,235" oya="0" hai0="5,78,61,39,102,32,80,122,21,37,98,96,26" hai1="46,22,111,2,24,28,89,90,53,43,60,52,9" hai2="13,76,88,81,97,109,133,85,94,112,82,73,8" hai3="49,59,118,62,16,106,127,15,33,120,35,74,134"/><T125/><D122/><U114/><E111/><V124/><F112/><W67/><G118/><T40/><D125/><U117/><E117/><V44/><F133/><W132/><G106/><T3/><D32/><U51/><E114/><V107/><F124/><W69/><G127/><T58/><D5/><U50/><E2/><V115/><F115/><W70/><G74/><T131/><D3/><U20/><E9/><V12/><F109/><W93/><G120/><T83/><D131/><U48/><E22/><V101/><F8/><W92/><G92/><T72/><D83/><U121/><E60/><V29/><F29/><W0/><G0/><T38/><D40/><U64/><E64/><V25/><F25/><W36/><G36/><T11/><D11/><U55/><REACH who="1" step="1"/><E121/><REACH who="1" ten="126,254,365,235" step="2"/><V47/><F81/><W119/><G119/><T87/><D72/><U17/><E17/><V103/><F103/><W128/><G35/><T130/><D130/><U135/><E135/><V126/><F126/><W7/><G33/><T79/><D102/><U116/><E116/><V41/><F101/><W57/><G128/><T65/><REACH who="0" step="1"/><D78/><REACH who="0" ten="116,254,365,235" step="2"/><U30/><E30/><AGARI ba="1,3" hai="21,26,30,37,38,39,58,61,65,79,80,87,96,98" machi="30" ten="40,7700,0" yaku="1,1,2,1,52,1,53,0" doraHai="23" doraHaiUra="86" who="0" fromWho="1" sc="116,110,254,-80,365,0,235,0" /><INIT seed="4,2,0,0,3,90" ten="226,174,365,235" oya="0" hai0="44,31,98,135,108,59,24,23,62,119,21,133,38" hai1="114,125,64,52,1,89,120,8,36,71,26,43,6" hai2="81,70,130,88,69,61,106,3,115,124,30,105,76" hai3="37,84,91,54,53,10,97,13,15,101,129,19,95"/><T78/><D119/><U5/><E120/><V100/><F3/><W99/><G129/><T68/><D68/><U0/><E125/><V20/><F70/><W16/><G37/><T75/><D108/><U65/><E114/><V2/><F2/><W87/><G87/><T7/><D7/><U66/><E89/><V107/><F30/><W41/><G41/><T51/><D38/><U11/><E26/><V77/><F20/><W79/><G79/><T93/><D23/><U117/><E117/><V123/><F123/><W35/><G35/><T40/><D75/><U45/><REACH who="1" step="1"/><E52/><REACH who="1" ten="226,164,365,235" step="2"/><N who="3" m="20074" /><G101/><N who="0" m="60623" /><D78/><U14/><E14/><V63/><F100/><W80/><G80/><T82/><D82/><U46/><E46/><V48/><F77/><W55/><G55/><T74/><D74/><U118/><E118/><V122/><F76/><W132/><G132/><T50/><D50/><U17/><E17/><V96/><F81/><W27/><G27/><T39/><D39/><U127/><E127/><V72/><F48/><W85/><G85/><T92/><D135/><U83/><E83/><V9/><F72/><W56/><G56/><T25/><D133/><U57/><E57/><V28/><F124/><W104/><G104/><T103/><D24/><U102/><E102/><V94/><F106/><W110/><G110/><T18/><D18/><U33/><E33/><V34/><F105/><W29/><G29/><T113/><D103/><U67/><E67/><V128/><F107/><W58/><G58/><T60/><D59/><U32/><E32/><V42/><F34/><W121/><G121/><T111/><D111/><RYUUKYOKU ba="2,1" sc="226,-15,164,15,365,-15,235,15" hai1="0,1,5,6,8,11,36,43,45,64,65,66,71" hai3="10,13,15,16,19,84,91,95,97,99" /><INIT seed="5,3,1,1,2,103" ten="211,179,350,250" oya="1" hai0="29,92,78,71,130,26,4,43,73,90,16,68,96" hai1="46,87,70,47,7,45,79,135,9,91,116,76,24" hai2="23,0,48,55,67,124,21,74,30,3,49,58,84" hai3="2,86,35,50,126,131,85,61,117,66,18,75,110"/><U17/><E116/><V107/><F74/><W54/><G110/><T38/><D130/><U40/><E70/><V89/><F67/><W105/><G75/><T133/><D133/><U15/><E135/><V52/><F124/><W34/><G105/><T112/><D4/><U125/><E125/><V129/><F129/><W119/><G2/><T14/><D112/><U83/><E40/><V36/><F107/><W53/><G131/><T59/><D59/><U25/><REACH who="1" step="1"/><E7/><REACH who="1" ten="211,169,350,250" step="2"/><V13/><F36/><W120/><G126/><T33/><D43/><U99/><E99/><V51/><F0/><W1/><G1/><T62/><D38/><U12/><E12/><V128/><F3/><W60/><G119/><T8/><D71/><U106/><E106/><V42/><F42/><W64/><G117/><T22/><D68/><U114/><E114/><V44/><F13/><W127/><G127/><T93/><D96/><U104/><E104/><V97/><F97/><W115/><G115/><T111/><D14/><U81/><E81/><V69/><F69/><W28/><G120/><T132/><D132/><U77/><AGARI ba="3,2" hai="9,15,17,24,25,45,46,47,76,77,79,83,87,91" machi="77" ten="30,18000,2" yaku="1,1,0,1,8,1,53,3" doraHai="103" doraHaiUra="41" who="1" fromWho="1" sc="211,-63,169,209,350,-63,250,-63" /><INIT seed="5,4,0,4,2,35" ten="148,378,287,187" oya="1" hai0="98,13,124,17,89,122,16,20,9,107,129,48,101" hai1="21,46,29,95,127,34,73,72,44,92,74,53,32" hai2="117,22,51,99,109,3,59,12,54,1,67,86,82" hai3="80,111,64,7,23,126,132,42,43,85,84,70,100"/><U49/><E127/><V37/><F109/><W115/><G111/><T102/><D124/><U91/><E95/><V66/><F117/><W2/><G126/><T0/><D129/><U87/><E46/><V81/><F37/><W119/><G100/><T19/><D122/><U65/><E65/><V125/><F82/><W28/><G64/><T114/><D114/><U55/><E55/><V128/><F128/><W38/><G70/><T52/><D102/><U90/><E90/><V116/><F116/><W62/><G62/><T56/><REACH who="0" step="1"/><D89/><REACH who="0" ten="138,378,287,187" step="2"/><U106/><E106/><V14/><F125/><W40/><G115/><T108/><D108/><U103/><E103/><V25/><F67/><W130/><G130/><T110/><D110/><U118/><E118/><V97/><F66/><W78/><G119/><T113/><D113/><U93/><E91/><V104/><F104/><W134/><G134/><T31/><D31/><U96/><E29/><V6/><F99/><W27/><G132/><T131/><D131/><U50/><E96/><V135/><F97/><W75/><G38/><T76/><D76/><U57/><E74/><V10/><F135/><W39/><G39/><T68/><D68/><U123/><E73/><V71/><F71/><W15/><G75/><T41/><D41/><U8/><E72/><V69/><F69/><W60/><G78/><T24/><D24/><U47/><E123/><V11/><F86/><W33/><G40/><T112/><D112/><U45/><E87/><V61/><F54/><W30/><G85/><T88/><D88/><U121/><E121/><V18/><F25/><RYUUKYOKU ba="4,1" sc="138,30,378,-10,287,-10,187,-10" hai0="0,9,13,16,17,19,20,48,52,56,98,101,107" /><INIT seed="6,5,1,4,5,18" ten="168,368,277,177" oya="2" hai0="8,57,119,98,93,0,17,24,3,68,44,63,15" hai1="52,33,16,91,61,12,9,32,104,109,11,43,49" hai2="66,127,108,84,90,47,1,78,54,131,82,117,118" hai3="81,42,80,7,72,70,121,83,6,77,48,123,21"/><V88/><F1/><W105/><G105/><T45/><D68/><U22/><E104/><V106/><F131/><W107/><G107/><T56/><D119/><U134/><E109/><V50/><F127/><W114/><G70/><T62/><D3/><U94/><E134/><V128/><F128/><W34/><G34/><T122/><D0/><U129/><E129/><V59/><F108/><W64/><G64/><N who="0" m="38983" /><D24/><U125/><E125/><V112/><F112/><W116/><G116/><T124/><D122/><U46/><E33/><V28/><F28/><W133/><G133/><T103/><D124/><U60/><E32/><V35/><F35/><W2/><G114/><T31/><D31/><U19/><E43/><V95/><F90/><W23/><G72/><T135/><D135/><U4/><E19/><V30/><F30/><W40/><G77/><T132/><D132/><U111/><E11/><V120/><F120/><W113/><G113/><T79/><D79/><U74/><E74/><V20/><F106/><W14/><G2/><T75/><D75/><U92/><E111/><V126/><F126/><W101/><G101/><T37/><D37/><U41/><E91/><V86/><F117/><W51/><G80/><T36/><D36/><U76/><E76/><V69/><F69/><W89/><G89/><T73/><D73/><U38/><E38/><V96/><F118/><W55/><G14/><T97/><D98/><U39/><E39/><V26/><F96/><W102/><G102/><T10/><D8/><U53/><E9/><V130/><F130/><W100/><G100/><T5/><D5/><RYUUKYOKU ba="5,1" sc="168,15,368,-15,277,-15,177,15" hai0="10,15,17,44,45,57,63,93,97,103" hai3="6,7,21,23,40,42,48,51,55,81,83,121,123" /><INIT seed="7,6,1,4,4,105" ten="183,353,262,192" oya="3" hai0="114,135,21,37,94,3,65,18,4,1,6,89,9" hai1="117,73,104,48,31,86,120,68,27,64,115,75,11" hai2="49,25,134,96,58,45,93,10,124,35,50,54,82" hai3="41,127,40,123,132,80,133,17,39,30,15,14,122"/><W129/><G129/><T19/><D37/><U56/><E86/><V95/><F35/><W97/><G30/><T8/><D135/><N who="3" m="51785" /><G127/><T72/><D72/><N who="1" m="27723" /><E56/><V52/><F124/><W121/><G39/><T91/><D114/><U66/><E48/><V28/><F82/><W131/><G131/><T32/><D32/><N who="1" m="20607" /><E64/><V7/><F134/><W108/><G108/><T110/><D110/><U70/><E120/><V111/><F111/><W84/><G97/><T20/><D65/><U62/><E11/><V128/><F128/><W23/><G15/><T43/><D43/><U51/><E51/><V109/><F109/><W44/><G44/><T81/><D94/><U98/><E70/><V130/><F130/><W24/><G14/><T16/><D81/><U112/><E117/><V46/><F46/><W87/><G87/><T55/><D55/><U107/><E98/><V13/><F96/><W0/><G0/><T34/><D34/><U60/><E60/><V77/><F77/><AGARI ba="6,1" hai="17,23,24,40,41,77,80,84,121,122,123" m="51785" machi="77" ten="40,2000,0" yaku="20,1" doraHai="105" who="3" fromWho="2" sc="183,0,353,0,262,-38,192,48" /><INIT seed="7,7,0,2,5,62" ten="183,353,224,240" oya="3" hai0="34,64,132,47,111,58,79,92,59,31,8,7,105" hai1="9,122,56,75,115,119,48,128,32,98,25,44,53" hai2="95,72,135,50,21,28,78,129,1,112,109,17,66" hai3="69,22,126,89,24,20,49,2,125,103,33,74,96"/><W36/><G36/><T97/><D111/><U91/><E75/><V118/><F1/><W84/><G74/><T134/><D105/><U73/><E73/><V94/><F109/><W42/><G69/><T127/><D79/><U68/><E68/><V37/><F37/><W77/><G77/><T26/><D127/><U63/><E122/><V90/><F118/><W52/><G42/><T83/><D83/><U70/><E70/><V35/><F28/><W87/><G2/><T13/><D47/><U102/><E91/><V29/><F29/><W100/><G33/><T27/><D27/><U3/><E25/><V15/><F35/><W30/><G20/><T124/><D124/><N who="3" m="47721" /><G89/><T14/><D14/><U5/><E32/><V123/><F123/><W71/><G71/><T43/><D43/><U45/><E119/><V6/><F90/><W61/><G61/><T99/><D99/><U85/><E85/><N who="3" m="32842" /><G96/><T101/><D64/><U82/><E82/><V16/><F66/><W121/><G121/><T19/><REACH who="0" step="1"/><D7/><REACH who="0" ten="173,353,224,240" step="2"/><U76/><E76/><V67/><F6/><W55/><G55/><T23/><D23/><U107/><E5/><V80/><F67/><W104/><G104/><T108/><D108/><U131/><E107/><V38/><F78/><W86/><G86/><T0/><D0/><U65/><E3/><V93/><F72/><W114/><G52/><T110/><D110/><U117/><E53/><V10/><F21/><W18/><G24/><T113/><D113/><U11/><E115/><V120/><F112/><W4/><G114/><T106/><D106/><U60/><E98/><RYUUKYOKU ba="7,1" sc="173,30,353,-10,224,-10,240,-10" hai0="8,13,19,26,31,34,58,59,92,97,101,132,134" owari="203,-30.0,353,46.0,214,-19.0,230,3.0" /></mjloggm>