<mjloggm ver="2.3"><GO type="185" lobby="0"/><UN n0="%E9%95%B7%E5%85%89%E9%BA%BB%E5%A4%9C" n1="%E8%8A%B1%E9%AD%81" n2="%6E%69%6B%6F%6C%75%30%33" n3="" dan="16,17,17,0" rate="2169.04,2351.52,2245.94,1500.00" sx="M,F,M,C"/><TAIKYOKU oya="0"/><INIT seed="0,0,0,3,5,60" ten="350,350,350,0" oya="0" hai0="81,115,76,54,93,83,102,100,33,126,70,52,46" hai1="62,79,125,44,118,103,98,104,109,39,1,65,63" hai2="91,58,130,117,59,112,40,32,37,90,113,94,0" hai3=""/><T74/><D33/><U2/><E118/><V80/><F32/><T53/><D115/><U127/><E109/><V36/><F0/><T67/><D126/><N who="1" m="48139" /><E79/><V124/><F117/><T120/><N who="0" m="30752" /><T123/><N who="0" m="31520" /><T71/><D46/><U86/><E86/><V92/><F124/><T106/><D106/><U82/><E82/><V114/><F130/><T64/><D83/><U107/><E63/><V49/><F80/><T34/><D34/><U110/><E110/><V73/><F73/><T66/><REACH who="0" step="1"/><D93/><REACH who="0" ten="340,350,350,0" step="2"/><U57/><E107/><V89/><F94/><T50/><D50/><U88/><E44/><V116/><F92/><T38/><D38/><U75/><E39/><V42/><F49/><T111/><D111/><U35/><E35/><V119/><F113/><T95/><D95/><U61/><E1/><V78/><F90/><T47/><D47/><U134/><E2/><V132/><F78/><T128/><D128/><U97/><E104/><V48/><F48/><T69/><AGARI ba="0,1" hai="52,53,54,64,66,67,69,70,71,74,76,81,100,102" m="31520,30752" machi="69" ten="40,16000,3" yaku="1,1,0,1,29,2,52,5,54,1,53,0" doraHai="60" doraHaiUra="122" who="0" fromWho="0" sc="340,170,350,-80,350,-80,0,0" /><INIT seed="0,1,0,2,4,106" ten="510,270,270,0" oya="0" hai0="78,59,66,50,91,111,62,76,105,98,69,81,54" hai1="68,119,33,44,122,42,96,61,35,107,104,117,49" hai2="63,121,134,115,87,55,71,90,131,60,97,77,95" hai3=""/><T124/><D124/><U41/><N who="1" m="31264" /><U32/><E41/><V125/><N who="2" m="31008" /><V46/><F115/><T2/><D2/><U38/><E49/><V65/><F125/><T34/><D34/><U80/><E80/><V116/><F131/><T3/><D3/><U74/><E74/><V52/><F134/><T85/><D111/><U120/><N who="1" m="30752" /><U1/><E1/><V75/><F116/><N who="1" m="44617" /><E96/><V37/><F60/><T92/><REACH who="0" step="1"/><D105/><REACH who="0" ten="500,270,270,0" step="2"/><U73/><E73/><V47/><F75/><T67/><D67/><AGARI ba="1,1" hai="32,33,35,38,42,44,61,67,68,104,107" m="44617,30752,31264" machi="67" ten="40,5200,0" yaku="23,1,52,2" doraHai="106" who="1" fromWho="0" sc="500,-54,270,64,270,0,0,0" /><INIT seed="1,0,0,1,5,36" ten="446,334,270,0" oya="1" hai0="68,43,49,127,113,78,102,1,122,52,79,45,99" hai1="116,3,75,93,130,83,41,110,67,133,81,50,39" hai2="134,65,121,85,131,72,70,77,35,37,105,115,32" hai3=""/><U96/><E116/><V2/><F85/><T69/><N who="0" m="31264" /><T125/><D1/><U132/><E3/><V94/><F94/><T112/><D78/><U60/><E39/><V34/><F65/><T91/><D91/><U95/><E130/><V44/><F44/><T109/><D79/><U57/><E110/><V97/><F97/><T108/><D99/><U90/><E95/><V47/><F47/><T55/><D102/><U92/><E93/><V100/><F77/><T111/><D43/><U89/><E75/><V40/><F40/><T51/><D111/><U74/><E74/><V62/><F62/><T126/><D126/><U86/><E81/><V80/><F80/><T128/><D45/><U117/><E117/><V120/><N who="2" m="30752" /><V129/><F35/><T124/><D124/><U42/><REACH who="1" step="1"/><E50/><REACH who="1" ten="446,324,270,0" step="2"/><V118/><F32/><T73/><D73/><U48/><E48/><V38/><F37/><T87/><D128/><U119/><E119/><V71/><F131/><T64/><REACH who="0" step="1"/><D87/><REACH who="0" ten="436,324,270,0" step="2"/><U66/><E66/><AGARI ba="0,2" hai="49,51,52,55,64,66,68,69,108,109,112,113,125,127" m="31264" machi="66" ten="25,16000,3" yaku="1,1,2,1,22,2,34,3,52,1,54,1,53,0" doraHai="36" doraHaiUra="54" who="0" fromWho="1" sc="436,180,324,-160,270,0,0,0" /><INIT seed="2,0,0,3,3,57" ten="616,164,270,0" oya="2" hai0="48,47,127,39,63,85,68,99,88,109,95,93,116" hai1="65,122,52,67,61,131,126,72,83,37,106,104,134" hai2="59,129,77,43,105,114,92,60,111,45,70,33,78" hai3=""/><V125/><F105/><T120/><N who="0" m="30752" /><T71/><D116/><U80/><N who="1" m="31264" /><U133/><E37/><V0/><F114/><T101/><D109/><U34/><E34/><V2/><F33/><T96/><D39/><U128/><E72/><V73/><F70/><T49/><D127/><U81/><E126/><V41/><F125/><T119/><D119/><U40/><E40/><V51/><F111/><T113/><D113/><U135/><E52/><V108/><F108/><T35/><D35/><U53/><E53/><V75/><F43/><T74/><D74/><U86/><E86/><V50/><F50/><T82/><D49/><U124/><E124/><V91/><F75/><T42/><REACH who="0" step="1"/><D63/><REACH who="0" ten="606,164,270,0" step="2"/><U44/><E44/><V58/><F73/><T97/><D97/><U55/><E55/><V46/><F51/><T117/><D117/><U66/><REACH who="1" step="1"/><E61/><REACH who="1" ten="606,154,270,0" step="2"/><V62/><F41/><T110/><D110/><U76/><E76/><AGARI ba="0,2" hai="42,47,48,68,71,76,82,85,88,93,95,96,99,101" m="30752" machi="76" ten="30,12000,2" yaku="1,1,7,1,52,1,54,1,53,2" doraHai="57" doraHaiUra="64" who="0" fromWho="1" sc="606,140,154,-120,270,0,0,0" /><INIT seed="4,0,0,1,1,74" ten="746,34,270,0" oya="0" hai0="1,36,87,108,42,103,116,54,101,115,3,62,89" hai1="114,90,71,63,135,85,112,97,126,75,79,49,69" hai2="70,78,106,119,39,58,110,0,84,43,91,45,113" hai3=""/><T118/><D115/><N who="1" m="44075" /><E126/><V76/><F113/><T48/><D108/><U72/><E135/><V51/><F110/><T34/><D34/><U131/><E131/><V125/><F0/><T64/><D42/><U73/><E49/><V55/><F125/><T50/><D36/><U66/><E97/><V132/><F132/><T68/><D3/><U99/><E99/><V35/><F35/><T100/><D1/><U60/><E79/><V104/><F119/><T88/><D89/><U2/><E2/><V120/><N who="2" m="30752" /><V59/><F70/><N who="1" m="26633" /><E66/><V33/><F33/><T81/><REACH who="0" step="1"/><D50/><REACH who="0" ten="736,34,270,0" step="2"/><U83/><AGARI ba="0,1" hai="60,63,72,73,75,83,85,90" m="26633,44075" machi="83" ten="40,2000,0" yaku="15,1,11,1" doraHai="74" who="1" fromWho="1" sc="736,-13,34,30,270,-7,0,0" /><INIT seed="5,0,0,3,1,47" ten="723,64,263,0" oya="1" hai0="46,121,132,52,40,116,95,87,115,36,111,60,73" hai1="135,127,82,128,68,77,43,1,2,133,125,99,92" hai2="119,126,118,38,45,114,102,81,58,76,55,134,63" hai3=""/><U57/><E68/><V72/><F126/><N who="1" m="48137" /><E43/><V39/><F134/><N who="1" m="51209" /><E57/><V3/><F3/><T0/><N who="0" m="31008" /><T71/><D0/><U65/><E65/><V93/><F114/><T106/><D132/><U78/><E2/><V105/><F105/><T103/><D106/><U50/><E1/><V85/><F39/><T83/><D71/><U129/><E50/><V88/><REACH who="2" step="1"/><F102/><REACH who="2" ten="723,64,253,0" step="2"/><T41/><D103/><U42/><E42/><AGARI ba="0,1" hai="38,42,45,55,58,63,72,76,81,85,88,93,118,119" machi="42" ten="40,5200,0" yaku="1,1,2,1,54,1,53,0" doraHai="47" doraHaiUra="96" who="2" fromWho="1" sc="723,0,64,-52,253,62,0,0" /><INIT seed="6,0,0,5,0,45" ten="723,12,315,0" oya="2" hai0="78,49,97,132,72,101,79,88,1,52,83,43,108" hai1="131,64,67,111,133,53,98,99,75,122,44,70,32" hai2="110,60,66,71,2,135,112,40,0,130,121,92,48" hai3=""/><V46/><N who="2" m="31008" /><V134/><F112/><T74/><D1/><U41/><E99/><V123/><N who="2" m="31520" /><V118/><F118/><T62/><D108/><U68/><E98/><V85/><F130/><T56/><D132/><N who="2" m="50730" /><F110/><T57/><D88/><AGARI ba="0,0" hai="0,2,40,46,48,60,66,71,85,88,92" m="50730,31520,31008" machi="88" ten="30,12000,1" yaku="20,1,52,3,54,1" doraHai="45" who="2" fromWho="0" sc="723,-120,12,0,315,120,0,0" /><INIT seed="6,1,0,1,0,83" ten="603,12,435,0" oya="2" hai0="128,39,90,82,37,60,48,55,36,111,64,65,71" hai1="88,40,45,42,122,53,126,3,69,102,109,130,76" hai2="58,35,123,0,2,105,79,49,67,112,74,107,78" hai3=""/><V51/><N who="2" m="31520" /><V63/><F35/><T98/><D128/><U99/><E53/><V59/><F63/><T110/><D65/><U87/><E45/><V127/><F67/><T119/><D119/><U95/><N who="1" m="31264" /><U84/><E42/><V134/><F74/><T38/><N who="0" m="9216" /><DORA hai="124" /><T61/><D61/><U118/><E40/><V81/><F81/><T132/><D132/><U97/><E3/><V91/><F91/><T75/><D75/><U86/><E69/><V68/><F134/><T56/><D82/><U73/><E109/><V125/><REACH who="2" step="1"/><F112/><REACH who="2" ten="603,12,425,0" step="2"/><T72/><D72/><U47/><E126/><V129/><F129/><T52/><D110/><U114/><E114/><V96/><F96/><T113/><D111/><U133/><E133/><V89/><F89/><T32/><D113/><U92/><E130/><V121/><N who="2" m="31008" /><V104/><F104/><T33/><D90/><U57/><E118/><V103/><F103/><T108/><D98/><U41/><E57/><V117/><F117/><T70/><D108/><U50/><REACH who="1" step="1"/><E73/><REACH who="1" ten="603,2,425,0" step="2"/><V100/><F100/><T115/><D115/><U93/><E93/><V54/><F54/><N who="0" m="20522" /><D71/><AGARI ba="1,2" hai="0,2,49,51,58,59,68,71,78,79,105,107,125,127" m="31008,31520" machi="71" ten="25,12000,1" yaku="1,1,22,2,52,2,53,0" doraHai="83,124" doraHaiUra="77,106" who="2" fromWho="0" sc="603,-122,2,0,425,142,0,0" owari="481,8.0,2,-60.0,567,52.0,0,0.0" /></mjloggm>