<mjloggm ver="2.3"><GO type="169" lobby="0"/><UN n0="%E3%81%97%E3%82%8D%E3%81%9F%E3%82%93%E3%81%8C%E3%81%84%E3%81%84%E3%81%8A" n1="%E3%83%87%E3%83%B3%E3%82%A8%E3%83%B3" n2="%E5%BD%A9%E4%BA%AC" n3="%E3%83%AC%E3%82%A4%E3%83%88%E3%83%B3%E5%87%86%E6%95%99%E6%8E%88" dan="16,17,17,16" rate="2159.49,2170.28,2198.58,2095.48" sx="M,M,M,M"/><TAIKYOKU oya="0"/><INIT seed="0,0,0,5,1,84" ten="250,250,250,250" oya="0" hai0="31,117,102,112,55,50,28,20,90,129,32,8,99" hai1="36,65,108,67,96,105,127,124,115,101,113,103,54" hai2="94,87,30,107,49,58,11,110,81,9,23,71,97" hai3="35,27,73,40,29,6,128,0,1,7,78,119,12"/><T66/><BYE who="3" /><D32/><UN n3="%E3%83%AC%E3%82%A4%E3%83%88%E3%83%B3%E5%87%86%E6%95%99%E6%8E%88" /><U46/><E103/><V63/><F110/><W24/><G40/><T18/><D117/><U48/><E36/><V118/><F118/><W85/><G73/><T68/><D112/><N who="1" m="43083" /><E108/><V4/><F107/><W109/><G109/><T62/><D129/><U86/><E86/><V34/><F34/><N who="3" m="20775" /><G85/><T122/><D122/><U88/><E88/><N who="2" m="55495" /><F71/><W92/><G92/><T134/><D8/><N who="2" m="3146" /><F4/><N who="3" m="1579" /><G78/><T39/><D39/><U47/><E47/><V2/><F2/><N who="3" m="1131" /><G128/><T61/><D61/><U16/><E16/><V69/><F69/><W82/><G82/><T14/><D90/><U131/><E131/><V106/><F106/><W126/><G119/><T37/><D37/><U38/><E38/><V53/><F81/><W44/><G44/><T89/><D89/><U135/><E135/><V25/><F87/><W13/><G126/><AGARI ba="0,0" hai="46,48,54,65,67,96,101,105,124,126,127" m="43083" machi="126" ten="30,2000,0" yaku="18,1,11,1" doraHai="84" who="1" fromWho="3" sc="250,0,250,20,250,0,250,-20" /><INIT seed="1,0,0,4,2,57" ten="250,270,250,230" oya="1" hai0="110,125,52,70,86,102,29,118,80,39,18,66,54" hai1="34,85,24,1,4,36,133,84,95,42,15,75,131" hai2="3,5,31,114,61,11,41,7,77,82,9,93,74" hai3="121,6,44,129,56,33,78,98,68,76,94,126,12"/><U32/><E75/><V55/><F114/><W81/><G121/><T67/><D118/><U89/><E131/><V2/><F31/><W21/><G68/><T35/><D39/><U26/><E133/><V10/><F93/><W38/><G33/><T113/><D113/><U111/><E111/><V90/><F90/><W37/><G126/><T101/><D110/><U99/><E1/><V65/><F55/><N who="0" m="21034" /><D35/><U105/><E36/><V28/><F28/><W103/><G76/><T112/><D29/><U119/><E42/><V88/><F88/><W25/><G44/><T0/><D0/><U107/><E119/><V27/><F27/><W58/><G129/><T60/><D70/><U135/><E135/><V8/><REACH who="2" step="1"/><F41/><REACH who="2" ten="250,270,240,230" step="2"/><W43/><G43/><T79/><D112/><U130/><E26/><V64/><F64/><W69/><G25/><T59/><D67/><U120/><E24/><V108/><F108/><W128/><G94/><T116/><D116/><U122/><E95/><V127/><F127/><W53/><G53/><T73/><D125/><U100/><E89/><V104/><F104/><W13/><G103/><N who="0" m="39435" /><D73/><U91/><E100/><V92/><F92/><W46/><G98/><T123/><D123/><U134/><E99/><V97/><F97/><W17/><G81/><T96/><D96/><U83/><E83/><V87/><F87/><W47/><G78/><T22/><D22/><U45/><E91/><V124/><F124/><W117/><G21/><T50/><D50/><U63/><E130/><V115/><F115/><W40/><G117/><T106/><D106/><U51/><E105/><RYUUKYOKU ba="0,1" sc="250,15,270,-15,240,15,230,-15" hai0="18,59,60,66,79,80,86" hai2="2,3,5,7,8,9,10,11,61,65,74,77,82" /><INIT seed="2,1,1,4,4,45" ten="265,255,255,215" oya="2" hai0="42,104,26,101,108,82,105,21,127,59,86,119,98" hai1="35,15,40,91,80,6,29,118,14,122,107,36,85" hai2="71,1,8,134,128,102,11,27,74,50,87,12,93" hai3="94,88,76,69,67,58,18,117,16,121,130,57,99"/><V38/><F71/><W54/><G117/><T116/><D105/><U0/><E107/><V112/><F112/><W124/><G121/><T3/><D3/><U61/><E118/><V64/><F74/><W32/><G32/><T114/><D114/><U52/><E122/><V75/><F75/><W133/><G133/><T90/><D108/><U125/><E125/><V9/><F38/><W92/><G124/><T44/><D127/><U46/><E0/><V110/><F134/><W28/><G28/><T83/><D59/><U17/><E29/><V19/><F110/><W63/><G76/><T23/><D23/><U22/><E35/><V62/><F128/><W41/><G41/><T7/><D7/><U39/><E39/><V96/><F87/><N who="3" m="52255" /><G69/><T2/><D83/><U129/><E129/><V115/><F115/><W120/><G120/><T131/><D2/><U97/><E97/><V109/><F109/><W10/><G10/><T81/><D81/><U79/><E79/><V111/><F111/><W132/><G132/><T106/><D106/><U72/><E72/><V89/><F1/><W70/><G70/><T5/><D5/><U49/><E61/><V20/><F11/><W113/><G113/><T24/><D131/><U31/><E31/><V51/><F9/><W123/><G123/><T30/><D26/><N who="1" m="14671" /><E6/><N who="2" m="3095" /><F102/><N who="3" m="60791" /><G130/><T53/><D42/><U4/><E4/><V77/><F77/><W48/><AGARI ba="1,1" hai="16,18,48,54,57,58,63,67" m="60791,52255" machi="48" ten="30,7900,0" yaku="8,1,52,1,54,2" doraHai="45" who="3" fromWho="3" sc="265,-21,255,-21,255,-40,215,92" /><INIT seed="3,0,0,3,2,79" ten="244,234,215,307" oya="3" hai0="45,69,4,111,55,65,6,67,42,3,12,32,51" hai1="30,117,34,29,78,52,61,62,127,104,22,100,85" hai2="135,106,116,54,21,49,76,114,23,108,33,101,1" hai3="92,10,88,56,53,82,118,9,115,102,134,46,60"/><W99/><G118/><T20/><D32/><U122/><E122/><V98/><F116/><W37/><G115/><T72/><D111/><U44/><E127/><V7/><F33/><W41/><G134/><T84/><D72/><U63/><E117/><V71/><F71/><W57/><G57/><T39/><D3/><U36/><E100/><V26/><F108/><W27/><G27/><T113/><D113/><U95/><E104/><V94/><F135/><W28/><G28/><N who="1" m="10858" /><E22/><V83/><F114/><W25/><REACH who="3" step="1"/><G25/><REACH who="3" ten="244,234,215,297" step="2"/><T70/><D70/><U50/><E34/><V128/><F26/><W119/><G119/><T107/><D69/><U16/><E36/><V112/><F112/><W40/><G40/><T74/><D42/><U2/><E2/><V66/><F1/><W89/><G89/><T87/><D39/><U48/><E48/><V123/><F123/><W130/><G130/><T68/><D51/><U133/><E133/><V126/><F49/><W105/><G105/><T73/><D68/><U58/><E58/><V15/><F106/><W86/><AGARI ba="0,1" hai="9,10,37,41,46,53,56,60,82,86,88,92,99,102" machi="86" ten="30,11700,0" yaku="1,1,0,1,52,1,54,1,53,0" doraHai="79" doraHaiUra="129" who="3" fromWho="3" sc="244,-39,234,-39,215,-39,297,127" /><INIT seed="3,1,0,2,5,5" ten="205,195,176,424" oya="3" hai0="95,85,17,120,30,125,77,105,71,101,48,59,44" hai1="130,47,119,45,129,75,28,76,84,50,133,36,55" hai2="116,13,124,109,10,135,113,16,9,1,22,4,19" hai3="96,114,69,46,115,31,23,97,68,2,104,27,0"/><W33/><G46/><T99/><D71/><N who="3" m="27209" /><G97/><T8/><D125/><U18/><E28/><V65/><F65/><W26/><G26/><T117/><D117/><U72/><E133/><V39/><F39/><W127/><G23/><T70/><D70/><U14/><E84/><V80/><F80/><W134/><G134/><T100/><D120/><U83/><E75/><V34/><F135/><W32/><G32/><T62/><D30/><U40/><REACH who="1" step="1"/><E119/><REACH who="1" ten="205,185,176,424" step="2"/><V112/><F116/><W51/><G127/><T93/><D85/><U56/><E56/><V90/><F124/><W53/><G115/><T98/><D105/><U132/><E132/><V91/><F34/><W64/><G114/><T94/><D77/><U24/><E24/><V126/><F126/><W21/><G104/><T66/><D95/><U118/><E118/><V78/><F113/><W82/><G33/><T89/><D89/><U20/><AGARI ba="1,1" hai="14,18,20,36,40,45,47,50,55,72,76,83,129,130" machi="20" ten="30,4000,0" yaku="1,1,0,1,53,1" doraHai="5" doraHaiUra="106" who="1" fromWho="1" sc="205,-11,185,53,176,-11,424,-21" /><INIT seed="4,0,0,4,3,93" ten="194,238,165,403" oya="0" hai0="94,7,109,82,130,75,123,37,101,3,55,72,32" hai1="28,79,42,129,77,74,15,100,26,25,83,62,41" hai2="30,8,11,9,35,92,53,23,68,102,80,2,125" hai3="51,110,134,43,14,108,60,47,124,4,17,33,88"/><T118/><D7/><U22/><E129/><V126/><F68/><W122/><G33/><T54/><D55/><U69/><E69/><V6/><F80/><W116/><G116/><T78/><D54/><U85/><E62/><V67/><F67/><W46/><G134/><T84/><D37/><U103/><E15/><V5/><F53/><W117/><G117/><T1/><D32/><U58/><E58/><V36/><F36/><W10/><G124/><N who="2" m="47721" /><F92/><W45/><G60/><T87/><D118/><U27/><E77/><V107/><F107/><W57/><G122/><T127/><D127/><U121/><E74/><N who="0" m="28201" /><D123/><U38/><E121/><V112/><F102/><N who="1" m="38953" /><E38/><V115/><F35/><W21/><G57/><T73/><D130/><U12/><E28/><V90/><F90/><W29/><G88/><N who="0" m="53511" /><D3/><U120/><E120/><V119/><F119/><W48/><G48/><T70/><D70/><U135/><E135/><V18/><F30/><W16/><G29/><T39/><D1/><U105/><E105/><V19/><F19/><AGARI ba="0,0" hai="12,19,22,25,26,27,41,42,79,83,85" m="38953" machi="19" ten="30,1000,0" yaku="8,1" doraHai="93" who="1" fromWho="2" sc="194,0,238,10,165,-10,403,0" /><INIT seed="5,0,0,4,1,120" ten="194,248,155,403" oya="1" hai0="26,94,2,117,60,122,48,59,18,96,15,67,56" hai1="127,88,121,75,92,33,29,103,109,52,41,20,102" hai2="125,123,24,78,64,133,90,0,1,39,7,11,17" hai3="65,135,28,113,25,21,93,45,53,119,5,116,134"/><U35/><E121/><V73/><F123/><W87/><G65/><T81/><D122/><U32/><E75/><V37/><F1/><W100/><G5/><T79/><D2/><U91/><E41/><V4/><F4/><W86/><G113/><T40/><D117/><N who="3" m="45129" /><G100/><T95/><D26/><U111/><E127/><V55/><F64/><W30/><G30/><T58/><D40/><U72/><E72/><V112/><F112/><W31/><G31/><T3/><D3/><U129/><E129/><V9/><F133/><N who="3" m="50699" /><G93/><T110/><D110/><N who="1" m="41995" /><E91/><V98/><F90/><W50/><AGARI ba="0,0" hai="21,25,28,45,50,53,86,87" m="50699,45129" machi="50" ten="40,2700,0" yaku="12,1,20,1" doraHai="120" who="3" fromWho="3" sc="194,-7,248,-13,155,-7,403,27" /><INIT seed="6,0,0,0,0,46" ten="187,235,148,430" oya="2" hai0="39,87,69,128,116,110,117,122,119,49,106,47,58" hai1="45,133,63,43,14,115,101,111,19,13,91,97,89" hai2="84,121,10,56,8,24,22,126,30,68,21,113,76" hai3="134,38,78,2,20,109,59,131,105,35,5,96,0"/><V61/><F121/><W11/><G109/><T95/><D106/><U81/><E111/><V77/><F68/><W4/><G35/><T36/><D110/><U80/><E133/><V124/><F113/><W82/><G38/><T25/><D122/><U32/><E32/><V62/><F84/><W107/><G131/><T31/><D128/><U50/><E115/><V44/><F44/><W51/><G20/><T12/><D69/><U93/><E63/><V17/><F17/><W92/><G5/><T33/><D58/><U73/><E14/><V29/><F56/><W70/><G2/><T100/><D12/><U57/><E57/><V23/><F22/><W1/><G1/><T114/><D114/><U123/><E123/><V6/><REACH who="2" step="1"/><F24/><REACH who="2" ten="187,235,138,430" step="2"/><W16/><G16/><T34/><D34/><U112/><E112/><V55/><F55/><W60/><G70/><T103/><D87/><U18/><E18/><V53/><F53/><W48/><G59/><T72/><D72/><U27/><E27/><V127/><F127/><W42/><G42/><T3/><D116/><U90/><E73/><V66/><F66/><W118/><G118/><T9/><D119/><U75/><E75/><V86/><F86/><W67/><G67/><T98/><D117/><U40/><E43/><V102/><F102/><W64/><G64/><T99/><D103/><U79/><E19/><V37/><F37/><W125/><G125/><T120/><D100/><U85/><E13/><V130/><F130/><W74/><G74/><T88/><D25/><U54/><E54/><V71/><F71/><W83/><G0/><RYUUKYOKU ba="0,1" sc="187,-15,235,15,138,15,430,-15" hai1="40,45,50,79,80,81,85,89,90,91,93,97,101" hai2="6,8,10,21,23,29,30,61,62,76,77,124,126" /><INIT seed="6,1,1,2,4,125" ten="172,250,153,415" oya="2" hai0="43,87,16,104,94,40,97,115,51,28,36,6,47" hai1="35,118,76,26,89,60,108,77,34,3,80,84,33" hai2="128,114,0,100,25,42,10,129,133,8,120,75,39" hai3="73,96,95,56,20,15,41,11,37,93,52,66,105"/><V48/><F120/><W59/><G73/><T50/><D115/><U12/><E3/><V124/><F75/><W24/><G105/><T72/><D72/><U70/><E108/><V82/><F124/><W79/><G79/><T13/><D104/><U109/><E109/><V45/><F114/><W116/><G116/><T68/><D68/><U22/><E118/><V110/><F110/><W130/><G41/><T32/><D6/><U88/><E12/><V117/><F117/><W64/><G37/><T31/><D87/><U98/><E70/><V122/><F122/><W90/><G93/><T103/><D32/><U9/><E9/><V81/><F133/><W61/><G56/><T55/><D36/><U54/><E54/><V134/><F134/><W7/><G130/><N who="2" m="50281" /><F100/><W102/><G102/><T113/><D113/><U17/><E60/><V14/><F25/><W85/><G85/><T83/><D83/><N who="2" m="31754" /><F39/><W53/><G53/><T86/><D86/><U92/><AGARI ba="1,1" hai="17,22,26,33,34,35,76,77,80,84,88,89,92,98" machi="92" ten="40,2700,0" yaku="0,1,54,1" doraHai="125" who="1" fromWho="1" sc="172,-8,250,40,153,-14,415,-8" /><INIT seed="7,0,0,3,4,131" ten="164,290,139,407" oya="3" hai0="41,121,56,25,97,8,94,10,19,52,6,36,38" hai1="23,13,58,31,98,14,49,112,84,26,82,69,135" hai2="16,101,54,117,119,60,21,73,129,111,99,50,120" hai3="105,20,57,43,127,130,3,24,114,66,39,128,81"/><W35/><G35/><T88/><D121/><U109/><E135/><V42/><F111/><W118/><G3/><T64/><D64/><U102/><E69/><V86/><F129/><N who="3" m="49771" /><G105/><T1/><D41/><U5/><E109/><V132/><F120/><W83/><G114/><T123/><D123/><U72/><E72/><V22/><F73/><W15/><G15/><T30/><D10/><U40/><E112/><V9/><F132/><W103/><G103/><T95/><D95/><N who="1" m="58719" /><E5/><V126/><F126/><W71/><G118/><T4/><D4/><U48/><E58/><V63/><F117/><W68/><G57/><T65/><D65/><U47/><E49/><V104/><F119/><W61/><G68/><T125/><D125/><U93/><E93/><V115/><F115/><W45/><G127/><T90/><D90/><AGARI ba="0,0" hai="13,14,23,26,31,40,47,48,82,84,90" m="58719" machi="90" ten="30,1000,0" yaku="8,1" doraHai="131" who="1" fromWho="0" sc="164,-10,290,10,139,0,407,0" owari="154,-25.0,300,10.0,139,-36.0,407,51.0" /></mjloggm>