<mjloggm ver="2.3"><GO type="169" lobby="0"/><UN n0="%E5%A4%8F%E5%86%AC" n1="%E8%B0%B7%E5%8F%A3%E3%81%93%E3%81%86%E3%81%B8%E3%81%84" n2="%7A%6F%6F%31%39%36%34" n3="%69%6E%61%7A%6F" dan="18,17,18,16" rate="2172.37,2215.05,2231.09,2129.86" sx="M,M,M,M"/><TAIKYOKU oya="0"/><INIT seed="0,0,0,5,0,85" ten="250,250,250,250" oya="0" hai0="4,3,42,6,130,96,45,22,7,47,14,28,118" hai1="101,105,99,115,19,132,113,21,39,107,33,102,62" hai2="124,79,111,89,90,43,50,128,74,121,55,59,40" hai3="31,26,72,16,34,15,10,93,8,87,70,60,23"/><T20/><D118/><U98/><E39/><V37/><F121/><W75/><G70/><T41/><D96/><U30/><E132/><V38/><F38/><W44/><G60/><T11/><D130/><U103/><E103/><V92/><F37/><W110/><G110/><T134/><D134/><U56/><E33/><V49/><F74/><W131/><G44/><N who="0" m="16971" /><D3/><U64/><REACH who="1" step="1"/><E30/><REACH who="1" ten="250,240,250,250" step="2"/><V127/><F128/><W94/><G131/><T133/><D133/><U82/><E82/><V120/><F120/><W123/><G123/><T108/><D108/><U73/><E73/><V12/><F111/><W46/><G75/><T88/><D28/><U25/><AGARI ba="0,1" hai="19,21,25,56,62,64,98,99,101,102,105,107,113,115" machi="25" ten="30,4000,0" yaku="1,1,0,1,9,1,53,0" doraHai="85" doraHaiUra="35" who="1" fromWho="1" sc="250,-20,240,50,250,-10,250,-10" /><INIT seed="1,0,0,4,1,103" ten="230,290,240,240" oya="1" hai0="38,81,36,72,71,126,51,37,49,66,39,31,41" hai1="129,84,80,114,48,83,90,79,115,12,135,122,99" hai2="35,61,111,106,23,45,68,109,21,16,46,88,110" hai3="33,124,131,3,117,27,10,119,47,58,127,44,64"/><U54/><E122/><V30/><F35/><W120/><G120/><T75/><D31/><U77/><E129/><V121/><F121/><W86/><G131/><T93/><D126/><N who="3" m="48169" /><G64/><T18/><D93/><U40/><E40/><V123/><F123/><W101/><G58/><T102/><D102/><U1/><E1/><V50/><F68/><W70/><G70/><T132/><D132/><U4/><E135/><V100/><F61/><W57/><G57/><T82/><D71/><U17/><E4/><V15/><F50/><N who="0" m="18954" /><D18/><U55/><E99/><N who="2" m="61727" /><F88/><W65/><G65/><T134/><D134/><U87/><E90/><V78/><F78/><W13/><G101/><T53/><D66/><U133/><E133/><V67/><F67/><W34/><G86/><T42/><N who="0" m="9216" /><DORA hai="112" /><T74/><D53/><U94/><E94/><V107/><F107/><W28/><G3/><T5/><D5/><U8/><REACH who="1" step="1"/><E54/><REACH who="1" ten="230,280,240,240" step="2"/><V11/><F111/><W29/><G34/><T130/><D130/><U108/><E108/><V0/><F0/><W22/><G33/><T14/><D41/><U20/><E20/><V24/><F23/><W56/><G47/><AGARI ba="0,1" hai="8,12,17,47,48,55,77,79,80,83,84,87,114,115" machi="47" ten="30,5800,0" yaku="1,1,7,1,9,1,53,0" doraHai="103,112" doraHaiUra="125,25" who="1" fromWho="3" sc="230,0,280,68,240,0,240,-58" /><INIT seed="1,1,0,0,0,43" ten="230,348,240,182" oya="1" hai0="77,73,127,128,60,1,11,119,29,121,113,101,42" hai1="67,94,87,100,61,108,46,98,89,65,59,37,92" hai2="7,49,123,51,74,126,131,82,26,50,95,76,27" hai3="2,69,52,13,58,103,83,10,20,6,135,81,71"/><U124/><E124/><V68/><F123/><W35/><G35/><T88/><D113/><U75/><E75/><V41/><F68/><W40/><G135/><T19/><D121/><U80/><E108/><V96/><F126/><W70/><G103/><T24/><D119/><U57/><E37/><V106/><F131/><W116/><G116/><T104/><D127/><U34/><E34/><V90/><F7/><W63/><G2/><T44/><D128/><U120/><E120/><V12/><F12/><W32/><G32/><T132/><D132/><U122/><E122/><V5/><F5/><W79/><G20/><T3/><D101/><U8/><E8/><V28/><F106/><W99/><G99/><T56/><D104/><U109/><E109/><V9/><F9/><W39/><REACH who="3" step="1"/><G79/><REACH who="3" ten="230,348,240,172" step="2"/><T15/><D77/><U97/><E97/><V47/><F26/><W33/><G33/><AGARI ba="1,1" hai="27,28,33,41,47,49,50,51,74,76,82,90,95,96" machi="33" ten="30,2000,0" yaku="7,1,52,1" doraHai="43" who="2" fromWho="3" sc="230,0,348,0,240,33,172,-23" /><INIT seed="2,0,0,4,2,46" ten="230,348,273,149" oya="2" hai0="65,124,9,116,87,90,111,109,45,78,120,118,34" hai1="74,91,92,35,79,58,73,0,102,59,107,112,40" hai2="20,132,85,5,110,61,14,25,62,3,64,54,117" hai3="76,55,47,98,12,69,131,36,31,27,49,103,84"/><V86/><F117/><N who="0" m="45162" /><D34/><U29/><E112/><V56/><F132/><W24/><G69/><T18/><D65/><U88/><E0/><V129/><F129/><W100/><G131/><T60/><D60/><U50/><E91/><V133/><F3/><W77/><G36/><T23/><D9/><U95/><E92/><V41/><F41/><W33/><G27/><T105/><D120/><U26/><E74/><V127/><F127/><W121/><G121/><T75/><D105/><U38/><E38/><V115/><F133/><W11/><G84/><T37/><D78/><U8/><E8/><N who="2" m="4367" /><F110/><W80/><G80/><N who="0" m="49511" /><D75/><U42/><E79/><V19/><F115/><W72/><G72/><T93/><D93/><U32/><E73/><V119/><F119/><W99/><G103/><T114/><D114/><U89/><E35/><V6/><F6/><W67/><G99/><T44/><D124/><U1/><E1/><V71/><F71/><W113/><G67/><T43/><D44/><U108/><E108/><V2/><F2/><W66/><G66/><T101/><D101/><U57/><E107/><V17/><F62/><W22/><G33/><T39/><D39/><U21/><E32/><V48/><F64/><W30/><G113/><T81/><D81/><U125/><E125/><V53/><F19/><N who="3" m="8607" /><G31/><T135/><D135/><U7/><E7/><V52/><F54/><W123/><G123/><T4/><D4/><U63/><E63/><V97/><F97/><W13/><G98/><T10/><D10/><U126/><E126/><V130/><F130/><W122/><G122/><T82/><D82/><RYUUKYOKU ba="0,0" sc="230,15,348,-15,273,15,149,-15" hai0="18,23,37,43,45,109,111" hai2="17,20,25,48,52,53,56,61,85,86" /><INIT seed="2,1,0,3,4,44" ten="245,333,288,134" oya="2" hai0="82,83,112,35,135,41,20,60,50,36,58,67,100" hai1="45,13,87,49,39,125,37,0,98,66,11,38,4" hai2="97,63,27,2,24,109,57,127,126,9,128,88,48" hai3="56,52,53,61,22,118,105,43,74,106,111,108,79"/><V114/><F114/><W86/><G74/><T116/><D112/><U78/><E125/><N who="2" m="47627" /><F128/><W77/><G118/><T124/><D116/><U103/><E66/><V51/><F109/><N who="3" m="42059" /><G43/><T99/><D35/><U21/><E21/><V91/><F9/><W18/><G53/><T93/><D135/><U12/><E78/><N who="3" m="29706" /><G86/><T40/><D124/><U62/><E62/><V19/><F2/><W89/><G89/><N who="2" m="34377" /><F97/><W73/><G73/><T32/><D32/><U133/><E133/><V25/><F19/><W134/><G134/><T115/><D115/><U80/><E87/><V102/><F102/><W75/><G75/><T129/><D129/><U26/><E80/><V90/><N who="2" m="34385" /><V7/><DORA hai="104" /><F7/><W46/><G46/><T121/><D83/><U59/><E103/><V120/><F120/><W92/><G92/><T85/><D121/><U65/><E98/><V130/><F130/><W33/><G33/><T68/><D82/><U101/><E101/><V94/><F94/><W55/><G55/><AGARI ba="1,0" hai="24,25,27,48,51,55,57,63" m="34385,47627" machi="55" ten="40,12000,1" yaku="18,1,52,2,54,1" doraHai="44,104" who="2" fromWho="3" sc="245,0,333,0,288,123,134,-123" /><INIT seed="2,2,0,0,2,102" ten="245,333,411,11" oya="2" hai0="85,38,107,47,134,31,133,69,73,130,132,37,81" hai1="86,118,36,20,15,74,30,55,52,91,114,6,88" hai2="62,41,126,99,60,25,98,104,23,100,93,75,11" hai3="34,39,116,106,8,26,66,125,2,128,32,46,78"/><V112/><F112/><W61/><G116/><T135/><D130/><U53/><E114/><V48/><F75/><W58/><G128/><T29/><D69/><U117/><E36/><V13/><F126/><W50/><G125/><T120/><D120/><U119/><E74/><V97/><F41/><W124/><G124/><T103/><D73/><U43/><E43/><V83/><F83/><W40/><G26/><T108/><D108/><U129/><E129/><V28/><F48/><W82/><G106/><T115/><D115/><U45/><E45/><V111/><F111/><W14/><G2/><T42/><N who="0" m="33792" /><DORA hai="80" /><T27/><D38/><U131/><E131/><V4/><F99/><W71/><G71/><T49/><D37/><U89/><E30/><V94/><REACH who="2" step="1"/><F93/><REACH who="2" ten="245,333,401,11" step="2"/><W57/><G39/><T87/><D81/><U122/><E122/><V0/><F0/><W24/><G57/><T33/><D29/><U70/><E119/><V10/><F10/><W1/><G1/><T12/><D12/><U51/><E70/><V95/><F95/><W19/><REACH who="3" step="1"/><G24/><REACH who="3" ten="245,333,401,1" step="2"/><T110/><D110/><U54/><E118/><V67/><F67/><W16/><G16/><T35/><D27/><U17/><E117/><V5/><F5/><W9/><G9/><T44/><D31/><U121/><E121/><V79/><F79/><W113/><G113/><T72/><D44/><N who="1" m="27751" /><E6/><V18/><F18/><W21/><G21/><T76/><D76/><U109/><E109/><V56/><F56/><W105/><G105/><T59/><D59/><U7/><E7/><V63/><F63/><W64/><G64/><RYUUKYOKU ba="2,2" sc="245,-30,333,10,401,10,1,10" hai1="15,17,20,53,54,55,86,88,89,91" hai2="4,11,13,23,25,28,60,62,94,97,98,100,104" hai3="8,14,19,32,34,40,46,50,58,61,66,78,82" /><INIT seed="2,3,2,5,3,105" ten="215,343,411,11" oya="2" hai0="55,48,66,17,91,118,12,86,67,88,38,129,108" hai1="81,74,120,109,52,114,0,121,49,24,103,42,16" hai2="19,36,102,39,57,27,26,14,115,123,32,20,65" hai3="72,99,75,25,21,41,44,135,100,56,28,3,47"/><V79/><F115/><W69/><G69/><T84/><D108/><U113/><E0/><V106/><F123/><N who="1" m="47177" /><E42/><V60/><F79/><W15/><G3/><T124/><D38/><U132/><E109/><V82/><F82/><W7/><G47/><T50/><D129/><U35/><E132/><V93/><F106/><W97/><G135/><T63/><D124/><U85/><E103/><V116/><F116/><W133/><G133/><T111/><D111/><U8/><E35/><V43/><F43/><W68/><G97/><T6/><D6/><U112/><E74/><V119/><F119/><W127/><G68/><T54/><D118/><U70/><E70/><V73/><F73/><W2/><G2/><T104/><D104/><U29/><E29/><V77/><F77/><W61/><G15/><T122/><D122/><U31/><E31/><N who="2" m="17863" /><F27/><W130/><G7/><T18/><REACH who="0" step="1"/><D63/><REACH who="0" ten="205,343,411,11" step="2"/><U131/><E131/><V126/><F126/><W76/><G127/><T53/><D53/><U34/><E34/><V128/><F32/><W37/><G130/><T10/><D10/><U13/><E24/><V33/><F33/><W1/><G1/><T98/><D98/><U101/><E101/><V45/><F128/><W71/><G76/><T95/><D95/><U89/><E114/><V40/><F93/><N who="3" m="58479" /><G71/><T96/><D96/><U59/><AGARI ba="3,3" hai="8,13,16,49,52,59,81,85,89,112,113" m="47177" machi="59" ten="30,4000,0" yaku="13,1,54,2" doraHai="105" who="1" fromWho="1" sc="205,-13,343,79,411,-23,11,-13" owari="192,-21.0,422,52.0,388,19.0,-2,-50.0" /></mjloggm>