<mjloggm ver="2.3"><GO type="225" lobby="0"/><UN n0="%63%61%74%6D%65%56%47%43" n1="%E3%81%AB%E3%82%83%EF%BD%9E%E3%81%8A" n2="%E8%A8%88%E7%AE%97%E6%A9%9F%E8%87%AA%E7%84%B6" n3="%E3%83%95%E3%82%B5%E3%82%A6%E3%83%9F%E3%82%B3%E3%83%83%E3%83%97" dan="16,16,17,17" rate="2205.45,2152.57,2255.55,2265.39" sx="M,M,M,M"/><TAIKYOKU oya="0"/><BYE who="2" /><UN n2="%E8%A8%88%E7%AE%97%E6%A9%9F%E8%87%AA%E7%84%B6" /><INIT seed="0,0,0,5,0,125" ten="250,250,250,250" oya="0" hai0="57,133,30,67,90,97,119,70,127,85,44,69,14" hai1="117,79,116,83,72,108,3,32,76,75,113,40,53" hai2="111,42,61,38,92,4,112,68,43,71,7,45,118" hai3="81,46,73,9,94,100,86,80,36,41,84,21,134"/><T87/><D119/><N who="1" m="45643" /><E53/><V13/><F118/><W54/><G134/><T12/><D127/><U34/><E40/><V123/><F112/><W93/><G21/><T95/><D133/><U121/><E113/><V74/><F123/><W102/><G54/><T19/><D30/><U11/><E121/><V1/><F111/><W129/><G9/><T48/><D12/><U66/><E66/><V25/><F13/><W82/><G73/><T107/><D107/><U22/><E22/><V31/><F74/><W20/><G20/><N who="0" m="11383" /><D69/><U24/><E24/><V2/><F25/><W28/><G28/><T49/><D70/><U130/><E108/><V103/><F31/><W16/><G16/><T101/><D101/><U35/><E79/><V63/><F103/><W15/><G15/><T91/><D91/><U39/><E75/><V120/><F120/><W50/><G102/><T0/><D0/><U59/><E59/><V62/><F71/><W132/><G100/><T78/><D78/><U51/><E51/><N who="0" m="19529" /><D44/><U115/><E115/><V96/><F68/><W128/><G132/><T55/><D67/><U122/><E122/><V105/><F42/><W109/><G109/><T10/><D10/><U114/><E114/><V17/><F17/><W52/><G41/><T99/><D99/><U8/><E39/><V77/><F77/><W33/><G36/><T64/><D64/><U126/><E126/><V135/><F135/><W65/><G65/><T56/><D56/><U27/><E27/><V58/><F58/><W88/><G33/><T5/><D5/><N who="2" m="2122" /><F105/><W110/><G110/><T6/><D6/><RYUUKYOKU ba="0,0" sc="250,10,250,-30,250,10,250,10" hai0="55,57,85,87,90,95,97" hai2="1,2,38,43,45,61,62,63,92,96" hai3="46,50,52,80,81,82,84,86,88,93,94,128,129" /><INIT seed="0,1,0,5,2,99" ten="260,220,260,260" oya="0" hai0="16,10,68,7,40,71,17,121,133,35,115,72,104" hai1="9,43,106,33,108,123,116,60,41,73,45,122,105" hai2="110,37,29,61,12,59,62,129,55,11,8,107,19" hai3="92,42,120,46,0,114,25,125,28,23,134,58,100"/><T83/><D115/><U32/><E9/><V30/><F37/><W84/><G114/><T67/><D121/><N who="1" m="46091" /><E60/><V128/><F107/><N who="1" m="40969" /><E116/><V130/><F110/><W57/><G120/><T126/><D35/><N who="1" m="13387" /><E108/><V69/><REACH who="2" step="1"/><F8/><REACH who="2" ten="260,220,250,260" step="2"/><W31/><G125/><T50/><D126/><U65/><E65/><AGARI ba="1,1" hai="11,12,19,29,30,55,59,61,62,65,69,128,129,130" machi="65" ten="40,5200,0" yaku="1,1,2,1,19,1,53,0" doraHai="99" doraHaiUra="38" who="2" fromWho="1" sc="260,0,220,-55,250,65,260,0" /><INIT seed="1,0,0,1,2,19" ten="260,165,315,260" oya="1" hai0="12,62,14,37,131,24,84,8,101,135,73,48,49" hai1="117,25,33,16,27,102,133,13,54,26,111,94,51" hai2="23,99,91,61,128,74,45,112,110,0,44,6,34" hai3="106,50,103,70,11,89,46,20,118,121,129,18,116"/><U30/><E117/><V68/><F34/><W59/><G121/><T63/><D73/><U109/><E133/><V122/><F122/><W38/><G70/><T104/><D37/><U43/><E43/><V132/><F74/><W3/><G129/><T114/><D114/><U81/><E81/><V65/><F128/><W41/><G106/><T57/><D131/><U42/><E42/><V119/><F119/><W22/><G103/><T53/><D135/><U79/><E79/><V52/><F132/><W29/><G89/><T93/><D104/><U98/><E30/><V9/><F112/><W7/><G29/><T17/><D24/><U28/><E28/><V15/><F110/><N who="1" m="41993" /><E33/><V21/><F0/><W92/><G118/><T82/><D14/><U83/><E83/><V2/><F2/><W80/><G116/><T4/><D4/><U40/><E40/><V85/><F99/><W115/><G115/><T100/><D49/><U31/><E31/><V108/><F108/><W123/><G123/><T120/><D120/><U88/><E102/><N who="0" m="39529" /><D93/><U97/><E97/><V64/><F85/><W58/><G92/><T75/><D75/><U47/><E27/><V76/><F76/><AGARI ba="0,0" hai="8,12,17,48,53,57,62,63,76,82,84" m="39529" machi="76" ten="30,1000,0" yaku="8,1" doraHai="19" who="0" fromWho="2" sc="260,10,165,0,315,-10,260,0" /><INIT seed="2,0,0,3,1,13" ten="270,165,305,260" oya="2" hai0="103,117,131,82,57,22,90,4,56,127,97,128,91" hai1="32,79,69,5,66,27,2,110,42,122,18,104,107" hai2="116,40,41,55,43,38,59,46,83,124,65,31,135" hai3="76,8,39,133,92,63,120,62,49,17,12,34,15"/><V85/><F116/><W24/><G39/><T89/><D117/><U119/><E119/><V44/><F124/><W123/><G133/><T48/><D127/><U29/><E18/><V6/><F135/><W36/><G36/><T53/><D4/><U30/><E30/><V19/><F31/><W99/><G34/><T14/><D57/><U96/><E110/><V23/><F65/><W60/><G76/><T67/><D67/><U10/><E122/><V51/><F6/><W70/><G70/><T80/><D14/><U3/><E42/><V74/><F74/><W115/><G115/><T25/><D128/><U37/><E37/><V126/><F126/><W81/><G24/><T106/><REACH who="0" step="1"/><D131/><REACH who="0" ten="260,165,305,260" step="2"/><U20/><E3/><V111/><F38/><W61/><G15/><T72/><D72/><U86/><E20/><V0/><F0/><W52/><G63/><T102/><D102/><U121/><E121/><V94/><F111/><W11/><G8/><T45/><D45/><U100/><E104/><V71/><F71/><W132/><G132/><T73/><D73/><U114/><E114/><V98/><F44/><W68/><G68/><T7/><D7/><U26/><E26/><V16/><F46/><N who="3" m="27703" /><G123/><T50/><D50/><U93/><E79/><N who="2" m="46335" /><F23/><W113/><G113/><T75/><D75/><U64/><REACH who="1" step="1"/><E69/><REACH who="1" ten="260,155,305,260" step="2"/><V134/><F134/><W101/><G120/><T77/><D77/><U129/><E129/><V109/><F109/><W105/><G105/><T125/><D125/><U1/><E1/><V21/><F21/><W95/><G11/><T87/><D87/><U84/><E84/><RYUUKYOKU ba="0,2" sc="260,10,155,10,305,10,260,-30" hai0="22,25,48,53,56,80,82,89,90,91,97,103,106" hai1="2,5,10,27,29,32,64,66,86,93,96,100,107" hai2="16,19,40,41,43,51,55,59,94,98" /><INIT seed="2,1,2,1,3,83" ten="270,165,315,230" oya="2" hai0="125,126,49,108,30,111,106,48,107,51,120,85,3" hai1="131,105,40,36,73,55,99,135,128,39,77,50,93" hai2="66,100,97,9,2,0,98,43,22,116,6,8,121" hai3="68,76,63,117,54,114,5,10,7,31,130,95,79"/><V19/><F116/><W14/><G117/><T67/><D120/><U88/><E105/><N who="0" m="39945" /><D3/><U52/><E135/><V56/><F121/><W112/><G130/><N who="1" m="49706" /><E40/><V27/><F43/><W113/><G31/><T115/><D30/><U110/><E110/><N who="0" m="42025" /><D115/><U32/><E32/><V61/><F100/><W11/><G95/><T53/><D67/><U37/><E50/><V101/><F101/><W47/><G68/><T18/><D18/><U45/><E45/><V33/><F33/><W84/><G47/><T133/><D133/><U44/><E44/><V21/><F21/><W4/><G4/><AGARI ba="1,2" hai="0,2,4,6,8,9,19,22,27,56,61,66,97,98" machi="4" ten="40,2000,0" yaku="9,1" doraHai="83" who="2" fromWho="3" sc="270,0,165,0,315,43,230,-23" /><INIT seed="2,2,0,2,2,82" ten="270,165,358,207" oya="2" hai0="130,67,41,40,94,84,12,120,50,128,83,59,8" hai1="16,79,115,99,131,110,80,18,108,53,71,45,90" hai2="102,61,44,54,100,98,93,121,56,33,70,123,28" hai3="52,87,69,22,134,10,88,17,127,104,64,55,25"/><V109/><F70/><W20/><G104/><T75/><D120/><U106/><E71/><V118/><F118/><W24/><G127/><T126/><D126/><U97/><E115/><V21/><F33/><W23/><G134/><T57/><D75/><U60/><E131/><N who="0" m="50217" /><D94/><N who="1" m="56535" /><E99/><V105/><F102/><W9/><G69/><T116/><D116/><U26/><E106/><V14/><F105/><W19/><G64/><T101/><D101/><U107/><E107/><V4/><F109/><N who="1" m="42089" /><E26/><V85/><F121/><W43/><G43/><N who="0" m="16459" /><D50/><N who="1" m="28879" /><E60/><V39/><F61/><W15/><G23/><T46/><D46/><U42/><E42/><V92/><F44/><W30/><G9/><T11/><D11/><U38/><E38/><V49/><F21/><W58/><G58/><T13/><D67/><U91/><E91/><V96/><F39/><W125/><G125/><T119/><D119/><U113/><E113/><V117/><F100/><W35/><G35/><T74/><D74/><AGARI ba="2,0" hai="16,18,74,79,80" m="28879,42089,56535" machi="74" ten="30,2000,0" yaku="14,1,54,1" doraHai="82" who="1" fromWho="0" sc="270,-26,165,26,358,0,207,0" /><INIT seed="3,0,0,1,4,91" ten="244,191,358,207" oya="3" hai0="47,115,131,12,81,104,66,127,135,41,23,129,28" hai1="84,2,99,46,26,69,90,19,53,75,110,105,100" hai2="86,43,117,36,59,10,128,50,88,22,8,25,17" hai3="78,70,9,111,87,108,21,58,5,130,16,80,114"/><W83/><G70/><T39/><D104/><U11/><E69/><V37/><F117/><W49/><G114/><T14/><D115/><U13/><E110/><N who="3" m="42026" /><G130/><N who="0" m="49675" /><D127/><U71/><E71/><V4/><F128/><W31/><G31/><T44/><D135/><U123/><E123/><V74/><F74/><N who="3" m="43095" /><G49/><T1/><D1/><U121/><E121/><V94/><F36/><W106/><G58/><T62/><D47/><U42/><E75/><V0/><F37/><W98/><G98/><T65/><D81/><N who="1" m="49423" /><E42/><V48/><F43/><W116/><G106/><T7/><D7/><U73/><E73/><V133/><F133/><W92/><G116/><T56/><D65/><U122/><E122/><V32/><F32/><W24/><G92/><T60/><D60/><U3/><E26/><AGARI ba="0,0" hai="12,14,23,26,28,39,41,44,56,62,66" m="49675" machi="26" ten="30,1000,0" yaku="19,1" doraHai="91" who="0" fromWho="1" sc="244,10,191,-10,358,0,207,0" owari="254,5.0,181,-32.0,358,46.0,207,-19.0" /></mjloggm>