<mjloggm ver="2.3"><GO type="185" lobby="0"/><UN n0="%E3%81%BE%E3%81%A4%E3%81%AE%E3%81%8F%E3%82%93" n1="%6E%69%6B%6F%6C%75%30%33" n2="%E8%8A%B1%E9%AD%81" n3="" dan="17,17,17,0" rate="2241.48,2251.99,2343.88,1500.00" sx="M,M,F,C"/><TAIKYOKU oya="0"/><INIT seed="0,0,0,0,1,1" ten="350,350,350,0" oya="0" hai0="73,107,43,68,75,88,51,115,63,35,71,132,105" hai1="85,60,46,66,92,104,0,33,125,38,70,34,58" hai2="42,84,106,130,36,54,2,99,91,52,108,86,49" hai3=""/><T57/><D115/><U95/><E0/><V96/><F2/><T40/><D132/><U124/><E104/><V72/><F72/><T87/><D35/><N who="1" m="13323" /><E85/><V69/><F69/><T55/><D75/><U123/><N who="1" m="31520" /><U133/><E58/><V83/><F106/><T61/><D73/><U48/><E38/><V90/><F49/><T45/><D43/><U134/><E95/><V120/><N who="2" m="30752" /><V50/><F50/><T76/><D76/><U121/><N who="1" m="31008" /><U131/><E92/><V111/><F42/><T81/><REACH who="0" step="1"/><D71/><REACH who="0" ten="340,350,350,0" step="2"/><U129/><E134/><V110/><F36/><T32/><D32/><U47/><E133/><V67/><F130/><N who="1" m="49673" /><E47/><V64/><REACH who="2" step="1"/><F110/><REACH who="2" ten="340,350,340,0" step="2"/><T103/><D103/><U80/><E80/><AGARI ba="0,2" hai="52,54,64,67,80,83,84,86,90,91,96,99,108,111" m="30752" machi="80" ten="25,16000,3" yaku="1,1,2,1,22,2,52,1,54,1,53,2" doraHai="1" doraHaiUra="77" who="2" fromWho="1" sc="340,0,350,-160,340,180,0,0" /><INIT seed="1,0,0,0,3,63" ten="340,190,520,0" oya="1" hai0="50,89,72,61,129,48,134,88,120,113,52,99,2" hai1="104,108,36,125,49,77,65,57,92,91,69,106,132" hai2="131,97,103,122,135,100,0,117,95,114,32,58,64" hai3=""/><U119/><E119/><V109/><N who="2" m="31264" /><V35/><F117/><T59/><N who="0" m="30752" /><T86/><D72/><U126/><E36/><V46/><F0/><T60/><D2/><U70/><E132/><V127/><F135/><T75/><D75/><U84/><E108/><V118/><F118/><T111/><D134/><U71/><E77/><V56/><F109/><T90/><D113/><U98/><E98/><V112/><F127/><N who="1" m="48649" /><E49/><V105/><F131/><T39/><D39/><U101/><E101/><V47/><F97/><T44/><D129/><U40/><E40/><V124/><F124/><T87/><D99/><U51/><E51/><V76/><F76/><T53/><D111/><U55/><E55/><V133/><F133/><T45/><D61/><AGARI ba="0,0" hai="57,61,65,69,70,71,84,91,92,104,106" m="48649" machi="61" ten="40,3900,0" yaku="18,1,52,1" doraHai="63" who="1" fromWho="0" sc="340,-39,190,39,520,0,0,0" /><INIT seed="1,1,0,0,3,36" ten="301,229,520,0" oya="1" hai0="127,33,86,56,117,61,73,66,90,133,44,53,60" hai1="0,129,123,96,54,104,128,75,110,118,99,38,114" hai2="85,3,100,81,47,42,45,71,98,91,46,121,57" hai3=""/><U108/><RYUUKYOKU type="yao9" ba="1,0" sc="301,0,229,0,520,0,0,0" hai1="0,38,54,75,96,99,104,108,110,114,118,123,128,129" /><INIT seed="1,2,0,2,2,61" ten="301,229,520,0" oya="1" hai0="58,0,125,66,103,115,76,131,86,90,78,116,107" hai1="91,69,81,39,127,95,70,117,79,32,99,88,82" hai2="47,109,85,65,34,102,113,110,48,37,100,105,128" hai3=""/><U135/><E32/><V50/><F34/><T132/><D0/><U133/><E117/><V119/><F119/><T121/><N who="0" m="31008" /><T106/><D116/><U51/><E39/><V73/><F73/><T114/><D58/><U64/><E127/><V44/><F37/><T3/><D66/><U98/><E51/><V89/><F128/><T87/><D3/><U45/><E45/><V55/><F113/><T52/><D52/><U92/><E79/><V93/><F65/><AGARI ba="2,0" hai="64,65,69,70,81,82,88,91,92,95,98,99,133,135" machi="65" ten="25,12000,1" yaku="22,2,52,2,54,1" doraHai="61" who="1" fromWho="2" sc="301,0,229,124,520,-124,0,0" /><INIT seed="1,3,0,2,3,127" ten="301,353,396,0" oya="1" hai0="43,111,74,70,49,38,34,102,67,58,91,56,115" hai1="53,64,114,135,44,94,128,57,97,108,107,100,72" hai2="82,54,42,99,116,85,0,3,71,122,69,66,79" hai3=""/><U41/><E114/><V92/><N who="2" m="31264" /><V132/><F116/><T113/><D34/><U130/><E135/><V117/><F117/><T37/><D74/><U47/><E72/><V121/><N who="2" m="31008" /><V83/><F132/><T35/><D35/><U89/><E64/><V131/><F131/><N who="1" m="50217" /><E108/><V101/><F42/><T65/><D43/><U68/><E68/><V36/><F36/><T106/><D37/><U112/><E112/><V81/><F54/><T40/><D38/><U118/><E41/><V109/><F109/><T86/><D70/><U46/><E118/><V80/><REACH who="2" step="1"/><F71/><REACH who="2" ten="301,353,386,0" step="2"/><T123/><N who="0" m="31520" /><T59/><D40/><U125/><E125/><V78/><F78/><T103/><D111/><U73/><E73/><V110/><F110/><T51/><D113/><U120/><N who="1" m="30752" /><U98/><E44/><V39/><F39/><T55/><D115/><U90/><E89/><V134/><F134/><T60/><D91/><U95/><E107/><V93/><F93/><T119/><D106/><U50/><AGARI ba="3,1" hai="46,47,50,53,57,90,94,95,97,98,100" m="30752,50217" machi="50" ten="30,8000,1" yaku="19,1,52,4" doraHai="127" who="1" fromWho="1" sc="301,-43,353,96,386,-43,0,0" /><INIT seed="1,4,0,4,1,135" ten="258,449,343,0" oya="1" hai0="99,37,126,64,115,89,66,34,106,105,130,65,108" hai1="104,129,128,61,93,125,119,132,103,59,112,98,55" hai2="85,76,74,51,100,121,1,80,56,86,118,41,111" hai3=""/><U84/><E119/><V58/><N who="2" m="31008" /><V60/><F118/><T44/><D34/><U71/><E112/><V81/><F1/><T70/><D115/><U122/><N who="1" m="31264" /><U83/><E132/><V91/><F111/><T75/><D75/><U133/><E133/><V114/><F114/><T90/><D70/><U43/><E43/><V82/><F100/><T42/><D108/><U109/><E109/><V49/><F41/><T0/><D0/><U95/><E71/><V78/><REACH who="2" step="1"/><F58/><REACH who="2" ten="258,449,333,0" step="2"/><T47/><D42/><U117/><E117/><V69/><F69/><T79/><D130/><N who="1" m="50283" /><E125/><V131/><F131/><T102/><D102/><U38/><E38/><V134/><F134/><T40/><D126/><U2/><E2/><V32/><F32/><T62/><D37/><U68/><E68/><V88/><F88/><AGARI ba="4,1" hai="55,59,61,83,84,88,93,95,98,103,104" m="50283,31264" machi="88" ten="30,5800,0" yaku="19,1,52,1,54,1" doraHai="135" who="1" fromWho="2" sc="258,0,449,76,333,-66,0,0" /><INIT seed="1,5,0,2,2,97" ten="258,525,267,0" oya="1" hai0="65,92,117,104,59,131,125,78,40,67,69,44,98" hai1="32,96,120,132,45,51,129,36,108,114,46,88,107" hai2="119,112,56,85,55,135,52,35,133,123,84,102,39" hai3=""/><U80/><N who="1" m="30752" /><U91/><E114/><V0/><N who="2" m="31520" /><V38/><F0/><T62/><D104/><U72/><E32/><V115/><F56/><T134/><D117/><U42/><E129/><V113/><F119/><T90/><D131/><U95/><E132/><N who="2" m="50763" /><F35/><T89/><D134/><U82/><E108/><V122/><N who="2" m="31264" /><V34/><F34/><T121/><N who="0" m="31008" /><T57/><D78/><U109/><E109/><V33/><F102/><T94/><D67/><U105/><E82/><V53/><F33/><T48/><REACH who="0" step="1"/><D125/><REACH who="0" ten="248,525,267,0" step="2"/><U93/><E107/><V73/><F73/><T74/><D74/><U116/><E105/><V41/><F41/><T70/><D70/><U61/><E116/><V49/><F49/><T60/><D60/><U75/><E61/><V127/><F127/><T66/><D66/><U58/><E75/><V3/><F3/><T50/><D50/><U79/><E42/><V103/><F103/><T126/><D126/><U86/><REACH who="1" step="1"/><E36/><AGARI ba="5,1" hai="36,38,39,52,53,55,84,85,112,113,115" m="31264,50763,31520" machi="36" ten="40,12000,2" yaku="28,2,11,1,20,1,52,2,54,1" doraHai="97" who="2" fromWho="1" sc="248,0,525,-130,267,140,0,0" /><INIT seed="2,0,0,4,5,116" ten="248,395,407,0" oya="2" hai0="84,97,3,96,38,69,121,78,50,36,56,100,51" hai1="45,2,133,79,74,43,92,95,89,98,114,124,58" hai2="75,46,131,99,112,88,39,128,129,65,53,87,52" hai3=""/><V41/><F75/><T1/><N who="0" m="31008" /><T126/><D69/><U86/><E2/><V130/><N who="2" m="32768" /><DORA hai="134" /><V115/><F65/><T110/><D110/><U105/><E114/><N who="2" m="43563" /><F99/><T61/><D1/><U85/><E133/><V73/><F73/><T37/><D3/><U127/><E58/><V125/><F125/><N who="1" m="48201" /><E74/><V81/><AGARI ba="0,0" hai="39,41,46,52,53,81,87,88" m="43563,32768" machi="81" ten="60,7800,0" yaku="19,1,54,2" doraHai="116,134" who="2" fromWho="2" sc="248,-39,395,-39,407,78,0,0" /><INIT seed="2,1,0,5,3,38" ten="209,356,485,0" oya="2" hai0="115,78,114,76,68,57,119,95,108,1,53,34,62" hai1="63,79,71,41,104,35,51,100,37,90,118,102,125" hai2="73,32,110,97,134,61,117,72,135,81,121,86,89" hai3=""/><V116/><N who="2" m="31008" /><V44/><F32/><T122/><N who="0" m="31264" /><T103/><D34/><U131/><E35/><V124/><F61/><T64/><D1/><U33/><E33/><V46/><F44/><T107/><D107/><U84/><E37/><V91/><F46/><T109/><D119/><N who="2" m="45642" /><F124/><T126/><D126/><U99/><E125/><V111/><F97/><T40/><D103/><U120/><N who="1" m="30752" /><U82/><E118/><V101/><F91/><T49/><D95/><U123/><N who="1" m="31520" /><U93/><E131/><V67/><F67/><T3/><D3/><U75/><E102/><V105/><F105/><T96/><D96/><U39/><E39/><V77/><F101/><T85/><D85/><U55/><E63/><V45/><F45/><T52/><D40/><U88/><E41/><V50/><F50/><T130/><D130/><U127/><E127/><V58/><F58/><T132/><D53/><U87/><E55/><V56/><F73/><T128/><D128/><U70/><REACH who="1" step="1"/><E51/><REACH who="1" ten="209,346,485,0" step="2"/><V0/><F0/><T66/><D49/><U36/><E36/><V48/><F48/><T129/><D129/><U60/><E60/><V98/><F56/><T92/><D52/><U59/><E59/><V112/><F134/><T43/><D132/><RYUUKYOKU ba="1,1" sc="209,-10,346,20,485,-10,0,0" hai1="70,71,75,79,82,84,87,88,90,93,99,100,104" /><INIT seed="4,2,1,0,0,45" ten="199,366,475,0" oya="0" hai0="40,82,49,51,69,100,116,56,84,80,43,74,44" hai1="50,83,131,52,73,88,71,117,68,94,111,115,79" hai2="67,107,38,1,76,59,57,105,66,70,130,3,85" hai3=""/><T86/><D69/><U62/><E111/><V58/><F38/><T60/><D74/><U132/><E117/><V37/><F37/><T55/><D116/><U102/><E131/><V126/><F130/><T93/><D100/><U91/><E132/><V128/><F128/><T63/><D93/><U121/><N who="1" m="31008" /><U104/><E115/><V41/><F41/><T119/><D119/><U53/><E104/><V90/><F76/><T39/><D39/><U78/><E78/><V87/><F70/><T109/><D109/><U112/><E112/><V110/><F110/><T103/><D103/><U127/><E127/><V47/><F47/><T34/><D34/><U35/><E35/><V48/><F48/><T118/><D118/><U42/><E42/><V46/><F46/><T97/><D97/><U72/><E72/><V114/><F114/><T135/><D135/><U64/><E71/><V33/><F33/><T108/><D108/><U129/><E129/><V122/><N who="2" m="31264" /><V125/><F58/><T95/><D95/><U113/><E113/><V134/><REACH who="2" step="1"/><F90/><REACH who="2" ten="199,366,465,0" step="2"/><T65/><D65/><U2/><E91/><V120/><N who="2" m="30752" /><V89/><F89/><T36/><D36/><U77/><E77/><V106/><F106/><T133/><D133/><AGARI ba="2,2" hai="1,3,57,59,66,67,85,87,105,107,125,126,133,134" m="30752,31264" machi="133" ten="25,12000,2" yaku="1,1,6,1,22,2,52,2,53,0" doraHai="45" doraHaiUra="75" who="2" fromWho="0" sc="199,-124,366,0,465,144,0,0" /><INIT seed="5,0,0,1,4,92" ten="75,366,609,0" oya="1" hai0="111,73,85,98,102,43,126,79,64,120,68,34,83" hai1="81,135,117,41,104,75,90,118,96,74,58,33,67" hai2="95,119,100,87,44,124,39,59,94,134,42,103,121" hai3=""/><U97/><E33/><V52/><N who="2" m="31008" /><V86/><F119/><T99/><N who="0" m="30752" /><T65/><D34/><U128/><E41/><V110/><F110/><T56/><D111/><U113/><E113/><V40/><F124/><T54/><D126/><U63/><E128/><V80/><F134/><T36/><D68/><U72/><E135/><V125/><F125/><T49/><D73/><U62/><E104/><V107/><F40/><T47/><REACH who="0" step="1"/><D99/><REACH who="0" ten="65,366,609,0" step="2"/><U77/><E97/><V109/><F109/><T115/><D115/><U131/><E74/><V71/><F71/><T101/><D101/><U133/><E72/><V130/><F130/><T70/><D70/><U0/><E131/><V108/><F108/><T116/><D116/><U50/><E118/><V105/><F105/><AGARI ba="0,1" hai="36,43,47,49,54,56,64,65,79,83,85,98,102,105" m="30752" machi="105" ten="30,8000,1" yaku="1,1,7,1,52,2,53,1" doraHai="92" doraHaiUra="51" who="0" fromWho="2" sc="65,90,366,0,609,-80,0,0" /><INIT seed="6,0,0,4,1,44" ten="155,366,529,0" oya="2" hai0="75,120,48,54,36,88,78,81,84,1,135,49,134" hai1="115,97,123,34,95,71,101,39,89,74,125,119,65" hai2="42,79,86,61,0,56,76,2,90,32,66,92,87" hai3=""/><V85/><F32/><T117/><N who="0" m="30752" /><T51/><D1/><U59/><N who="1" m="31520" /><U94/><E34/><V43/><F2/><T64/><D117/><U3/><E3/><V60/><F0/><T104/><D36/><U111/><E74/><V112/><F112/><T105/><D64/><U113/><E39/><V131/><F131/><T121/><N who="0" m="31008" /><T82/><REACH who="0" step="1"/><D54/><REACH who="0" ten="145,366,529,0" step="2"/><U47/><E65/><V126/><F126/><T72/><D72/><U77/><E119/><V127/><F127/><T35/><D35/><U37/><E125/><V40/><F60/><T80/><D80/><U106/><E37/><V118/><F118/><T109/><D109/><U91/><E111/><V33/><F33/><T69/><D69/><U57/><E71/><V83/><F83/><T55/><D55/><U108/><E108/><V114/><F114/><T100/><D100/><U116/><E101/><V132/><F132/><AGARI ba="0,1" hai="48,49,51,75,78,81,82,84,88,104,105,132,134,135" m="31008,30752" machi="132" ten="40,16000,3" yaku="1,1,20,1,52,5,54,1,53,1" doraHai="44" doraHaiUra="107" who="0" fromWho="2" sc="145,170,366,0,529,-160,0,0" /><INIT seed="8,0,0,5,5,65" ten="315,366,369,0" oya="0" hai0="115,71,64,110,35,36,133,72,59,1,97,49,45" hai1="67,53,44,116,102,48,52,92,81,60,130,87,3" hai2="37,70,84,135,104,82,40,127,74,93,112,124,111" hai3=""/><T132/><D72/><U41/><E3/><V68/><F112/><T76/><D76/><U80/><E116/><V56/><F111/><T103/><D1/><U85/><E130/><V61/><F104/><T131/><D35/><U125/><E125/><N who="2" m="48203" /><F135/><T54/><D131/><U94/><E102/><V107/><F107/><T58/><D115/><U42/><E67/><V129/><F129/><T39/><D110/><U101/><E101/><V89/><F40/><N who="1" m="15465" /><E85/><V33/><F37/><T57/><D97/><U109/><E109/><V128/><F33/><T88/><D88/><U66/><E66/><V120/><N who="2" m="30752" /><V114/><F114/><T79/><D103/><U2/><E2/><V83/><F128/><T90/><D90/><U50/><E60/><V108/><F108/><T38/><D79/><U91/><E92/><V122/><N who="2" m="31264" /><V98/><F74/><T96/><D96/><U62/><E62/><AGARI ba="0,0" hai="36,38,39,45,49,54,57,58,59,62,64,71,132,133" machi="62" ten="50,12000,1" yaku="34,3,52,1" doraHai="65" who="0" fromWho="1" sc="315,120,366,-120,369,0,0,0" owari="435,38.0,246,-35.0,369,-3.0,0,0.0" /></mjloggm>