<mjloggm ver="2.3"><GO type="225" lobby="0"/><UN n0="%E3%83%95%E3%82%B5%E3%82%A6%E3%83%9F%E3%82%B3%E3%83%83%E3%83%97" n1="%E3%81%AB%E3%81%9B%E6%82%9F%E7%A9%BA" n2="%E3%81%B7%E3%82%8B%E3%81%B7%E3%82%8B%E3%81%A0%E3%81%9E" n3="%EF%BC%AE%EF%BC%AF%EF%BD%90%EF%BD%90%EF%BC%AF" dan="17,17,16,16" rate="2263.17,2168.23,2093.29,2116.06" sx="M,M,M,M"/><TAIKYOKU oya="0"/><INIT seed="0,0,0,5,5,24" ten="250,250,250,250" oya="0" hai0="62,16,86,81,111,42,64,23,135,21,107,100,84" hai1="95,128,116,131,13,38,46,17,22,28,55,123,122" hai2="105,6,120,98,134,33,11,53,18,65,74,85,82" hai3="83,40,94,4,35,133,80,66,106,103,99,112,43"/><T75/><D135/><U8/><E116/><V37/><F37/><W2/><G133/><T102/><D111/><U41/><E55/><V26/><F134/><W104/><G112/><T73/><D42/><U19/><E95/><V93/><F74/><W89/><G66/><T79/><D23/><U117/><E117/><V48/><F105/><W92/><G35/><T72/><D86/><U50/><E38/><V0/><F65/><W58/><G58/><T124/><D107/><U12/><REACH who="1" step="1"/><E28/><REACH who="1" ten="250,240,250,250" step="2"/><V129/><F53/><W96/><G106/><T54/><D54/><U101/><E101/><V108/><F93/><W30/><G104/><T29/><D29/><U32/><E32/><V31/><F33/><W110/><G30/><T76/><D124/><U5/><E5/><V118/><F31/><W27/><G4/><T1/><D1/><U51/><E51/><V10/><F48/><W126/><G2/><T7/><D7/><U25/><E25/><V90/><F26/><W45/><G126/><T47/><D47/><U59/><E59/><V91/><F6/><W14/><G27/><T132/><D132/><U36/><E36/><V63/><F0/><W57/><G57/><N who="0" m="36943" /><D102/><U61/><E61/><V97/><F63/><W69/><G103/><T87/><D100/><U121/><AGARI ba="0,1" hai="8,12,13,17,19,22,41,46,50,121,122,123,128,131" machi="121" ten="40,8000,1" yaku="1,1,0,1,53,2" doraHai="24" doraHaiUra="125" who="1" fromWho="1" sc="250,-40,240,90,250,-20,250,-20" /><INIT seed="1,0,0,5,3,97" ten="210,330,230,230" oya="1" hai0="18,46,123,131,101,109,45,57,67,5,75,61,99" hai1="70,107,105,65,15,116,39,21,62,43,22,106,130" hai2="102,135,110,14,104,32,9,12,1,100,119,93,63" hai3="52,54,91,126,87,35,73,108,50,51,134,17,3"/><U112/><E116/><V94/><F119/><W6/><G108/><T86/><D109/><U7/><E112/><V113/><F110/><W88/><G126/><T44/><D75/><U76/><E130/><V24/><F104/><W127/><G127/><T58/><D131/><U96/><E76/><V53/><F113/><W133/><G73/><T82/><D5/><U25/><E43/><V37/><F37/><W31/><G17/><T36/><D123/><U90/><E39/><V10/><F1/><W84/><G6/><T98/><D36/><U74/><E74/><V122/><F122/><W48/><G3/><T2/><D2/><U4/><E15/><N who="2" m="5675" /><F32/><W29/><G51/><T72/><D72/><U95/><REACH who="1" step="1"/><E21/><REACH who="1" ten="210,320,230,230" step="2"/><V47/><F135/><W13/><G13/><T83/><D18/><AGARI ba="0,1" hai="4,7,18,22,25,62,65,70,90,95,96,105,106,107" machi="18" ten="40,7700,0" yaku="1,1,2,1,53,1" doraHai="97" doraHaiUra="23" who="1" fromWho="0" sc="210,-77,320,87,230,0,230,0" /><INIT seed="1,1,0,3,5,92" ten="133,407,230,230" oya="1" hai0="42,59,82,29,56,35,32,52,50,61,132,127,116" hai1="54,44,17,60,80,111,21,104,84,55,43,70,133" hai2="16,1,39,96,81,77,95,14,0,64,71,89,49" hai3="94,38,12,24,105,78,114,58,8,26,69,117,85"/><U119/><E119/><V115/><F39/><W11/><G114/><T130/><D116/><U4/><E104/><V129/><F115/><W135/><G117/><T27/><D132/><U99/><E4/><V124/><F129/><W68/><G135/><T19/><D130/><U103/><E111/><V45/><F124/><W22/><G38/><T121/><D127/><U7/><E7/><V74/><F64/><W131/><G131/><T86/><D121/><U100/><E100/><V47/><F71/><W37/><G37/><T63/><D35/><U109/><E70/><V67/><F67/><W62/><G105/><T20/><D42/><U91/><E60/><V2/><REACH who="2" step="1"/><F49/><REACH who="2" ten="133,407,220,230" step="2"/><W118/><G69/><T88/><REACH who="0" step="1"/><D59/><REACH who="0" ten="123,407,220,230" step="2"/><U102/><E133/><V98/><F98/><W110/><G68/><T46/><D46/><U73/><E99/><V83/><F83/><N who="3" m="47351" /><G118/><T6/><D6/><U57/><E80/><V122/><F122/><W75/><G58/><T107/><D107/><U5/><E57/><V10/><AGARI ba="1,2" hai="0,1,2,10,14,16,45,47,74,77,81,89,95,96" machi="10" ten="30,7900,0" yaku="1,1,0,1,52,1,54,1,53,0" doraHai="92" doraHaiUra="113" who="2" fromWho="2" sc="123,-21,407,-40,220,102,230,-21" /><INIT seed="2,0,0,1,3,34" ten="102,367,322,209" oya="2" hai0="64,89,44,46,45,77,83,9,47,130,111,84,114" hai1="38,66,88,73,104,86,60,103,22,33,71,57,117" hai2="21,120,122,5,108,27,53,52,36,48,131,32,128" hai3="121,65,92,23,100,127,17,99,134,68,59,105,115"/><V129/><F32/><W132/><G121/><N who="2" m="46697" /><F5/><W19/><G127/><T118/><N who="0" m="11264" /><DORA hai="76" /><T42/><D114/><U116/><E33/><V16/><F36/><W96/><G115/><T3/><D111/><U56/><E38/><V12/><F108/><W51/><G68/><T91/><D130/><U135/><E22/><N who="2" m="13767" /><F48/><W28/><G28/><T124/><D124/><U20/><E20/><V8/><F8/><W126/><G126/><T37/><D37/><U18/><E18/><AGARI ba="0,0" hai="12,18,21,52,53,128,129,131" m="13767,46697" machi="18" ten="40,7700,0" yaku="19,1,54,2" doraHai="34,76" who="2" fromWho="1" sc="102,0,367,-77,322,77,209,0" /><INIT seed="2,1,0,0,4,122" ten="102,290,399,209" oya="2" hai0="104,54,94,9,89,13,59,125,129,55,92,119,115" hai1="35,38,2,87,131,29,121,111,85,3,46,6,71" hai2="27,21,81,17,22,12,84,118,69,50,61,117,8" hai3="114,93,48,128,108,123,97,77,95,15,42,31,25"/><V33/><F33/><W86/><G123/><T58/><D115/><U32/><E71/><V7/><F50/><W127/><G114/><T134/><D134/><U23/><E38/><V107/><F107/><W126/><G128/><T98/><D129/><U34/><E46/><V52/><F22/><W99/><G15/><T37/><D125/><N who="3" m="47625" /><G48/><T109/><D109/><U64/><E131/><V74/><F74/><W45/><G108/><T75/><D75/><U113/><E121/><V112/><F112/><W57/><G57/><T49/><D37/><U40/><E40/><V19/><F7/><W132/><G132/><T24/><D119/><U62/><E113/><V130/><F130/><W0/><G0/><N who="1" m="42" /><E62/><V90/><REACH who="2" step="1"/><F52/><REACH who="2" ten="102,290,389,209" step="2"/><W80/><G42/><T82/><D104/><U133/><E23/><V18/><F18/><W91/><G45/><T36/><D36/><U30/><E6/><V60/><F60/><W88/><G31/><T79/><D54/><U116/><E133/><V5/><F5/><W103/><G25/><T1/><D24/><U66/><E116/><V41/><F41/><W28/><G28/><N who="1" m="10858" /><E111/><V105/><F105/><W51/><G51/><T39/><D39/><U120/><E120/><V43/><F43/><W70/><G70/><T47/><D47/><U135/><E135/><V68/><F68/><W124/><G124/><T78/><D59/><U76/><E64/><AGARI ba="1,1" hai="8,12,17,19,21,27,61,64,69,81,84,90,117,118" machi="64" ten="40,3900,0" yaku="1,1,53,1" doraHai="122" doraHaiUra="20" who="2" fromWho="1" sc="102,0,290,-42,389,52,209,0" /><INIT seed="2,2,0,3,5,6" ten="102,248,441,209" oya="2" hai0="14,36,59,10,43,31,126,48,56,131,84,98,116" hai1="99,122,124,92,8,134,9,55,18,32,68,65,135" hai2="46,62,64,111,117,30,26,63,93,82,69,76,104" hai3="19,39,70,115,112,97,42,41,40,23,89,114,107"/><V51/><F117/><W21/><G70/><T16/><D116/><U125/><E32/><V81/><F104/><W108/><G108/><T120/><D120/><U75/><E75/><V45/><F111/><W129/><G129/><T61/><D131/><U72/><E72/><V29/><F93/><N who="3" m="56495" /><G107/><T113/><D113/><N who="3" m="28929" /><W130/><DORA hai="1" /><G130/><T71/><D126/><N who="1" m="48747" /><E18/><V7/><F7/><W34/><G34/><T88/><D36/><U101/><E122/><V74/><F46/><N who="3" m="23839" /><G21/><T17/><D71/><U49/><E65/><V96/><F26/><AGARI ba="2,0" hai="19,23,26,41,42" m="23839,28929,56495" machi="26" ten="40,1300,0" yaku="11,1" doraHai="6,1" who="3" fromWho="2" sc="102,0,248,0,441,-19,209,19" /><INIT seed="3,0,0,2,5,108" ten="102,248,422,228" oya="3" hai0="93,111,114,18,132,127,45,85,115,33,59,32,65" hai1="61,31,21,51,80,1,8,24,40,72,103,49,84" hai2="129,63,22,46,15,34,74,4,134,47,75,81,112" hai3="38,25,105,0,60,131,19,109,20,52,83,16,92"/><W120/><G120/><T62/><D111/><U2/><E72/><V53/><F112/><N who="0" m="43050" /><D93/><U119/><E103/><V79/><F134/><W70/><G105/><T95/><D95/><U96/><E96/><V50/><F34/><W48/><G109/><T77/><D77/><U36/><E84/><V56/><F129/><W12/><G131/><T43/><D85/><U54/><E80/><V7/><F75/><W71/><G38/><N who="0" m="21751" /><D132/><U91/><E91/><V30/><F47/><N who="3" m="27679" /><G0/><T66/><D18/><U64/><E1/><V121/><F121/><W128/><G128/><T86/><D86/><U41/><E2/><V78/><F78/><W82/><G92/><T6/><D6/><U39/><E39/><V100/><F100/><W118/><G83/><T29/><D127/><U9/><E36/><V58/><F58/><W113/><G113/><T73/><D29/><U27/><E31/><V123/><F123/><W94/><G94/><T89/><D89/><U23/><E119/><V98/><F98/><W10/><G118/><T11/><D73/><U37/><E37/><V55/><F15/><W28/><G28/><T107/><D11/><U122/><E8/><V125/><F125/><W116/><G116/><T68/><D107/><U69/><E9/><V13/><F13/><W90/><G60/><AGARI ba="0,0" hai="32,33,59,60,62,65,66,68" m="21751,43050" machi="60" ten="30,7700,0" yaku="11,1,52,3" doraHai="108" who="0" fromWho="3" sc="102,77,248,0,422,0,228,-77" owari="179,-22.0,248,5.0,422,52.0,151,-35.0" /></mjloggm>