<mjloggm ver="2.3"><GO type="225" lobby="0"/><UN n0="%E8%A3%81%E3%81%8D%E3%81%AE%E9%BE%8D" n1="%E3%81%95%E3%81%8D%E3%81%9F%E3%81%BE%E6%9E%97%E6%AA%8E" n2="%E5%A4%A7%E5%AE%AE%E5%BF%8D%76" n3="%E9%95%B7%E5%B3%B6%E3%83%B3%E3%82%AC%E3%83%B3" dan="16,16,17,17" rate="2042.69,2140.80,2193.66,2145.10" sx="F,M,M,M"/><TAIKYOKU oya="0"/><INIT seed="0,0,0,3,5,85" ten="250,250,250,250" oya="0" hai0="40,101,94,53,48,120,70,132,8,82,116,26,20" hai1="62,123,118,2,19,50,102,51,18,35,103,83,106" hai2="99,55,77,133,28,11,127,110,113,67,92,34,119" hai3="93,91,33,105,88,128,22,37,97,78,126,135,114"/><T95/><D116/><U76/><E118/><V124/><F119/><W100/><G114/><T90/><D120/><U87/><E123/><V36/><F113/><W60/><G33/><T63/><D132/><U131/><E2/><V129/><F36/><W43/><G135/><T66/><D40/><U39/><E39/><V84/><F133/><W32/><G32/><T64/><D64/><U9/><E35/><V21/><F34/><W57/><G126/><T38/><D38/><U61/><E106/><V5/><F67/><N who="3" m="39311" /><G105/><T122/><D122/><U58/><E62/><V6/><F110/><W86/><G37/><T25/><D8/><U59/><E58/><V12/><F55/><W27/><G43/><T4/><D4/><U98/><E103/><V41/><F41/><W89/><G128/><T130/><D130/><U108/><E108/><V107/><F107/><W54/><G54/><T115/><D115/><U109/><E109/><V112/><F112/><W7/><G7/><T72/><D101/><U31/><E131/><V125/><F129/><W96/><G96/><T13/><D13/><N who="1" m="7471" /><E98/><V52/><F52/><W46/><G46/><N who="0" m="27799" /><D72/><U47/><E102/><N who="2" m="60775" /><F5/><W0/><G0/><T69/><D69/><U65/><E65/><V45/><F45/><W24/><G22/><T44/><D44/><U68/><E68/><V121/><F121/><W10/><G10/><T117/><D117/><U80/><E47/><V81/><F127/><W17/><G17/><T104/><D104/><U71/><E71/><V16/><F6/><W111/><G111/><T134/><D134/><U49/><E19/><RYUUKYOKU ba="0,0" sc="250,-15,250,-15,250,15,250,15" hai2="11,12,16,21,28,77,81,84,124,125" hai3="24,27,78,86,88,89,91,93,97,100" /><INIT seed="1,1,0,5,4,68" ten="235,235,265,265" oya="1" hai0="94,28,32,12,55,17,11,40,81,103,116,19,88" hai1="93,6,109,0,36,87,110,47,23,108,114,10,1" hai2="73,111,3,97,96,53,77,102,70,24,9,112,45" hai3="86,129,58,16,98,61,135,67,124,22,63,30,49"/><U74/><E114/><V132/><F70/><W79/><G129/><T34/><D116/><U21/><E74/><V122/><F122/><W100/><G135/><T128/><D128/><U131/><E131/><V13/><F3/><W33/><G124/><T37/><D28/><U92/><E0/><V35/><F111/><W91/><G79/><T54/><D103/><U60/><E60/><V27/><F132/><W31/><G33/><T72/><D19/><U83/><E23/><V2/><F2/><W113/><G49/><T130/><D130/><U133/><E21/><V127/><F127/><W56/><G113/><T115/><D115/><U14/><E1/><V101/><F112/><W99/><G100/><T89/><D34/><U123/><E123/><V104/><F77/><W44/><G44/><N who="0" m="23567" /><D32/><U126/><E126/><V48/><F73/><W15/><G31/><T71/><D71/><U69/><E69/><V120/><F120/><W134/><G30/><T106/><D106/><U20/><E20/><V95/><REACH who="2" step="1"/><F35/><REACH who="2" ten="235,235,255,265" step="2"/><W57/><G134/><T51/><D72/><U38/><E133/><V62/><F62/><N who="3" m="23563" /><G67/><T39/><D81/><AGARI ba="1,1" hai="15,16,22,56,57,58,81,86,91,98,99" m="23563" machi="81" ten="30,2000,0" yaku="8,1,54,1" doraHai="68" who="3" fromWho="0" sc="235,-23,235,0,255,0,265,33" /><BYE who="2" /><INIT seed="2,0,0,1,5,49" ten="212,235,255,298" oya="2" hai0="104,1,3,79,30,122,46,128,102,6,45,16,78" hai1="42,32,135,101,110,55,77,26,85,133,132,112,2" hai2="68,109,106,98,43,36,58,74,97,63,134,61,82" hai3="19,18,86,5,105,27,47,114,13,9,130,89,123"/><V41/><F41/><W94/><G123/><UN n2="%E5%A4%A7%E5%AE%AE%E5%BF%8D%76" /><T4/><D122/><U24/><E112/><V52/><F106/><W81/><G105/><T67/><D30/><U53/><E2/><V125/><F74/><W107/><G107/><T39/><D128/><U120/><E120/><V38/><F82/><W34/><G130/><T12/><D67/><U0/><E0/><V71/><F98/><N who="3" m="57679" /><G34/><T126/><D126/><U64/><E64/><N who="2" m="40991" /><F97/><W37/><G37/><N who="2" m="14441" /><F43/><W51/><G27/><N who="1" m="10282" /><E42/><V14/><F14/><W23/><G23/><T11/><D3/><U115/><E115/><V33/><F33/><W91/><G114/><T131/><D131/><U60/><E32/><V66/><F109/><W73/><G73/><T88/><D102/><U127/><E127/><V35/><F35/><W116/><G116/><T83/><D104/><U75/><E75/><V95/><F95/><W57/><G57/><T40/><D46/><U29/><E110/><V99/><F99/><W118/><G118/><T17/><D6/><U62/><E101/><V96/><F96/><W72/><G72/><T113/><D113/><U111/><E111/><V7/><F7/><W70/><G70/><T84/><REACH who="0" step="1"/><D17/><REACH who="0" ten="202,235,255,298" step="2"/><U124/><E124/><V25/><F125/><W80/><G19/><T48/><D48/><U20/><E60/><N who="2" m="35911" /><F25/><W8/><G5/><T129/><D129/><U22/><E29/><V76/><F76/><N who="3" m="46343" /><G18/><T93/><D93/><U103/><E135/><AGARI ba="0,1" hai="61,66,71,134,135" m="35911,14441,40991" machi="135" ten="30,11600,0" yaku="34,2,52,1,54,1" doraHai="49" who="2" fromWho="1" sc="202,0,235,-116,255,126,298,0" /><INIT seed="2,1,0,5,4,89" ten="202,119,381,298" oya="2" hai0="93,94,23,55,76,121,40,60,45,105,73,103,91" hai1="21,33,20,99,129,109,27,35,86,81,18,115,37" hai2="130,113,80,134,124,22,117,34,42,106,56,3,82" hai3="13,41,112,62,26,100,127,79,98,50,0,1,48"/><V52/><F34/><W114/><G127/><T119/><D121/><U65/><E37/><V104/><F3/><W8/><G79/><T64/><D105/><U74/><E74/><V32/><F32/><W85/><G85/><T108/><D108/><U10/><E109/><V107/><F113/><N who="3" m="43627" /><G26/><T28/><D119/><U2/><E115/><V31/><F117/><W6/><G62/><T92/><D103/><U123/><E123/><V4/><F124/><W12/><G12/><T87/><D55/><U122/><E122/><V77/><F42/><W88/><G88/><T128/><D128/><U101/><E129/><V126/><F126/><W14/><G14/><T97/><D97/><U72/><E72/><V71/><F130/><W120/><G120/><T78/><D73/><U133/><E133/><V83/><F134/><W75/><G75/><T70/><D23/><U15/><E65/><V46/><F77/><W61/><G61/><T132/><D28/><U5/><E21/><V19/><F31/><W90/><G90/><T24/><D24/><U69/><E69/><V39/><F71/><W67/><G67/><T59/><D70/><U68/><E27/><V110/><F110/><W36/><G36/><N who="0" m="21639" /><D132/><U49/><E68/><V53/><F22/><W84/><G84/><T44/><D44/><U30/><E30/><V95/><F46/><N who="3" m="25679" /><G50/><T125/><D125/><U43/><E49/><V102/><F39/><W66/><G66/><T58/><D58/><U51/><E51/><V9/><F56/><W118/><G118/><T29/><D29/><U17/><E35/><V38/><F38/><RYUUKYOKU ba="1,0" sc="202,15,119,-15,381,-15,298,15" hai0="59,60,64,76,78,87,91,92,93,94" hai3="0,1,6,8,13,98,100" /><INIT seed="3,2,0,3,2,60" ten="217,104,366,313" oya="3" hai0="4,20,26,10,15,46,0,58,48,80,84,18,105" hai1="19,88,87,43,35,100,89,116,40,72,86,5,63" hai2="41,133,29,27,127,12,132,79,7,125,53,97,55" hai3="66,51,75,33,47,16,108,52,96,68,107,59,135"/><W69/><G33/><T50/><D105/><U82/><E35/><V56/><F41/><W38/><G75/><T14/><D58/><U9/><E116/><V131/><F79/><W119/><G119/><T36/><D36/><U101/><E72/><V25/><F131/><W103/><G135/><N who="2" m="51785" /><F97/><W92/><G108/><T31/><D31/><U120/><E120/><V28/><F12/><W114/><G114/><T45/><D45/><U49/><E5/><V42/><F42/><W102/><G102/><T76/><D50/><U134/><E134/><V24/><F7/><W77/><G77/><T22/><D22/><U23/><E9/><V39/><F39/><W81/><G81/><T83/><D80/><U30/><E30/><N who="2" m="11883" /><F55/><AGARI ba="2,0" hai="0,4,10,14,15,18,20,26,46,48,55,76,83,84" machi="55" ten="30,1000,0" yaku="7,1" doraHai="60" who="0" fromWho="2" sc="217,16,104,0,366,-16,313,0" owari="233,-17.0,104,-40.0,350,46.0,313,11.0" /></mjloggm>