<mjloggm ver="2.3"><GO type="169" lobby="0"/><UN n0="%64%75%72%72%72%72%72" n1="%E3%83%9D%E3%82%A4%E3%82%BA%E3%83%B3" n2="%67%6F%74%61%70%6F%6F%68" n3="%E3%81%8F%E3%81%86%E3%81%9F%E3%82%8D" dan="18,16,16,17" rate="2255.91,2157.08,2172.57,2156.34" sx="M,M,M,M"/><TAIKYOKU oya="0"/><INIT seed="0,0,0,5,5,76" ten="250,250,250,250" oya="0" hai0="21,16,118,66,131,83,9,128,96,20,106,119,18" hai1="94,114,47,98,125,46,108,101,54,60,30,43,28" hai2="105,58,132,89,19,8,93,24,95,4,2,11,7" hai3="116,59,124,53,107,10,121,135,40,26,134,39,32"/><T80/><D66/><U41/><E108/><V84/><F132/><N who="3" m="50731" /><G107/><T34/><D34/><U17/><E125/><V70/><F105/><W133/><G133/><T71/><D9/><U111/><E111/><V100/><F70/><W74/><G116/><N who="0" m="44587" /><D106/><U122/><E122/><V79/><F79/><W44/><G74/><T61/><D96/><U87/><E114/><V129/><F129/><N who="0" m="49738" /><D61/><U0/><E60/><V126/><F126/><W57/><G124/><T73/><D71/><U15/><E0/><V1/><F58/><W109/><G109/><T110/><D73/><U82/><E54/><V112/><F112/><W130/><G130/><T56/><D56/><U62/><E62/><V31/><F19/><N who="0" m="7210" /><D110/><U51/><E47/><V104/><F104/><W36/><G57/><T91/><D91/><N who="1" m="51703" /><E43/><V12/><F12/><W81/><G40/><T65/><D65/><U72/><E72/><V85/><F100/><W102/><G102/><T3/><D3/><U25/><E25/><V35/><REACH who="2" step="1"/><F85/><REACH who="2" ten="250,250,240,250" step="2"/><W42/><G59/><T113/><D113/><U123/><E123/><V5/><F5/><W68/><G121/><T117/><D117/><U99/><E99/><V64/><F64/><W86/><G68/><T78/><D78/><U115/><E115/><V69/><F69/><W92/><G86/><T48/><D48/><U23/><AGARI ba="0,1" hai="15,17,23,28,30,41,46,51,94,98,101" m="51703" machi="23" ten="30,2000,0" yaku="8,1,52,1" doraHai="76" who="1" fromWho="1" sc="250,-10,250,30,240,-5,250,-5" /><INIT seed="1,0,0,0,0,15" ten="240,280,235,245" oya="1" hai0="113,35,134,114,73,66,105,102,9,86,97,57,100" hai1="30,3,93,38,125,132,80,1,7,79,82,88,10" hai2="118,58,90,20,112,89,33,51,31,55,37,101,40" hai3="41,74,29,63,12,133,122,44,22,83,18,61,128"/><U67/><E125/><V70/><F118/><W119/><G122/><T64/><D35/><U36/><E132/><V135/><F33/><W6/><G133/><T104/><D9/><U85/><E67/><V23/><F135/><W124/><G124/><T43/><D134/><U127/><E127/><V111/><F111/><W99/><G128/><T0/><D43/><U77/><E30/><V32/><F32/><W56/><G29/><T107/><D73/><U5/><E5/><V14/><F101/><W109/><G109/><T98/><D0/><U13/><E3/><V25/><F70/><W17/><G119/><T8/><D8/><U129/><E129/><V54/><F112/><W16/><G6/><T115/><D57/><U76/><E1/><V34/><F40/><W27/><G99/><N who="0" m="37899" /><D86/><U110/><REACH who="1" step="1"/><E110/><REACH who="1" ten="240,270,235,245" step="2"/><V2/><F2/><W47/><G12/><T65/><AGARI ba="0,1" hai="64,65,66,100,102,104,105,107,113,114,115" m="37899" machi="65" ten="50,8000,1" yaku="29,2,28,2" doraHai="15" who="0" fromWho="0" sc="240,90,270,-40,235,-20,245,-20" /><INIT seed="2,0,0,1,5,50" ten="330,230,215,225" oya="2" hai0="98,35,81,42,2,71,4,55,1,66,78,116,108" hai1="41,132,92,134,62,135,114,128,85,3,121,64,125" hai2="36,90,105,6,69,111,26,28,45,86,89,117,74" hai3="82,10,53,72,38,94,7,21,131,103,30,80,33"/><V79/><F117/><W59/><G131/><T61/><D35/><U63/><E114/><V101/><F69/><W100/><G38/><T5/><D116/><U113/><E113/><V31/><F6/><W43/><G33/><T56/><D42/><U123/><E3/><V54/><F111/><W84/><G43/><T118/><D118/><U47/><E128/><V130/><F130/><W126/><G72/><T67/><D108/><U99/><E85/><V60/><F36/><W14/><G126/><T73/><D98/><U96/><E125/><V107/><F74/><W25/><G94/><T68/><D68/><U0/><E0/><V109/><F109/><W51/><REACH who="3" step="1"/><G82/><REACH who="3" ten="330,230,215,215" step="2"/><T8/><D71/><U15/><E92/><V23/><F107/><W13/><G13/><T49/><D1/><U40/><E15/><V18/><F105/><W119/><G119/><T44/><D4/><U65/><E132/><V19/><F101/><W48/><G48/><T91/><D73/><U93/><E93/><V58/><F31/><W9/><G9/><T24/><D8/><U77/><E134/><V29/><F28/><W32/><G32/><T129/><D5/><U83/><E135/><V122/><F122/><W20/><G20/><T106/><D2/><U102/><E102/><V133/><F133/><W97/><G97/><T87/><D129/><U22/><E22/><V39/><F29/><W27/><G27/><T88/><D106/><U46/><E83/><N who="2" m="47487" /><F19/><W37/><G37/><T95/><D24/><U120/><E123/><V70/><F70/><W112/><G112/><T12/><D12/><RYUUKYOKU ba="0,1" sc="330,-30,230,10,215,10,215,10" hai1="40,41,46,47,62,63,64,65,77,96,99,120,121" hai2="18,23,26,39,45,54,58,60,89,90" hai3="7,10,14,21,25,30,51,53,59,80,84,100,103" /><INIT seed="2,1,1,0,1,118" ten="300,240,225,225" oya="2" hai0="75,85,108,106,12,58,119,64,131,13,123,6,26" hai1="90,88,102,52,35,98,4,100,94,84,20,76,82" hai2="113,17,2,78,27,71,45,99,120,74,62,103,54" hai3="93,107,89,57,43,11,21,111,114,16,125,81,83"/><V14/><F113/><W112/><G107/><T31/><D75/><U8/><E35/><V134/><F2/><W48/><G11/><T72/><D106/><U117/><E117/><V73/><F134/><W97/><G111/><T63/><D72/><U30/><E100/><V67/><F120/><W59/><G125/><T109/><D119/><U53/><E30/><V87/><F27/><N who="3" m="14759" /><G114/><T60/><D131/><U39/><E39/><V116/><F116/><W110/><G110/><N who="0" m="42603" /><D6/><U33/><E33/><V41/><F54/><N who="1" m="21097" /><E20/><V69/><F69/><W19/><G19/><T46/><D46/><U96/><E98/><V132/><F132/><W9/><G9/><T121/><D85/><U101/><E101/><V10/><F87/><W104/><G104/><T130/><D63/><U70/><E70/><V56/><F71/><W22/><G22/><N who="0" m="15831" /><D130/><U47/><E47/><V79/><F74/><W36/><G36/><T29/><D29/><U1/><E1/><V51/><REACH who="2" step="1"/><F73/><REACH who="2" ten="300,240,215,225" step="2"/><W77/><G112/><T122/><AGARI ba="1,2" hai="12,13,58,60,64,121,122,123" m="15831,42603" machi="122" ten="40,8000,1" yaku="14,1,52,3" doraHai="118" who="0" fromWho="0" sc="300,103,240,-21,215,-41,225,-21" /><INIT seed="3,0,0,1,0,71" ten="403,219,174,204" oya="3" hai0="77,75,108,87,41,45,11,86,67,97,31,106,101" hai1="118,130,74,113,102,63,13,125,65,12,94,91,43" hai2="68,123,69,59,37,115,22,16,23,39,21,105,34" hai3="54,9,19,14,4,49,107,84,109,85,29,57,26"/><W36/><G107/><T48/><D31/><U82/><E113/><V110/><F34/><W119/><G119/><T60/><D108/><U134/><E118/><V35/><F35/><W18/><G109/><T8/><D75/><U73/><E73/><V116/><F110/><W6/><G36/><N who="2" m="13897" /><F116/><W30/><G30/><T117/><D117/><U95/><E43/><V40/><F59/><W66/><G19/><T32/><D32/><U52/><E13/><V122/><F40/><W92/><G66/><T47/><D47/><U96/><E65/><V53/><F53/><W99/><G29/><T76/><D86/><N who="3" m="33385" /><G26/><T120/><D120/><N who="2" m="46122" /><F115/><W132/><G132/><T10/><REACH who="0" step="1"/><D87/><REACH who="0" ten="393,219,174,204" step="2"/><U127/><E74/><V1/><F1/><W64/><G64/><T112/><D112/><U2/><E2/><V3/><F3/><W128/><G128/><T126/><D126/><U129/><E130/><V42/><F42/><W70/><G70/><AGARI ba="0,1" hai="8,10,11,41,45,48,60,67,70,76,77,97,101,106" machi="70" ten="40,2600,0" yaku="1,1,53,1" doraHai="71" doraHaiUra="38" who="0" fromWho="3" sc="393,36,219,0,174,0,204,-26" /><INIT seed="4,0,0,5,5,84" ten="429,219,174,178" oya="0" hai0="14,82,104,122,86,120,54,21,65,101,105,13,106" hai1="98,116,123,35,27,111,57,60,37,76,39,89,59" hai2="1,74,23,99,16,55,4,50,71,8,43,93,102" hai3="108,100,22,34,61,62,18,121,114,83,41,31,109"/><T88/><D101/><U36/><E111/><V44/><F74/><W113/><G100/><T64/><D54/><U53/><E116/><V68/><REACH who="2" step="1"/><F43/><REACH who="2" ten="429,219,164,178" step="2"/><W80/><G41/><T87/><D21/><U134/><E123/><V135/><F135/><W124/><G121/><T66/><D122/><U70/><E134/><V33/><F33/><W126/><G22/><T69/><D120/><U47/><E35/><V72/><F72/><W127/><G34/><T110/><D110/><N who="3" m="42601" /><G31/><T97/><D69/><U10/><E70/><V17/><F17/><W91/><G18/><T75/><D75/><U73/><E73/><V78/><F78/><W67/><G67/><T20/><D20/><U45/><E76/><V77/><F77/><W11/><G11/><T129/><D129/><U0/><E10/><V49/><F49/><W12/><G126/><T9/><D9/><U90/><E39/><V118/><F118/><W58/><G127/><T117/><D117/><U103/><E37/><V29/><F29/><W131/><G124/><T79/><REACH who="0" step="1"/><D97/><REACH who="0" ten="419,219,164,178" step="2"/><U125/><E98/><V133/><F133/><W28/><G131/><T112/><D112/><U6/><E125/><V3/><F3/><W96/><G114/><T25/><D25/><AGARI ba="0,2" hai="1,4,8,16,23,25,44,50,55,68,71,93,99,102" machi="25" ten="30,3900,0" yaku="1,1,7,1,54,1,53,0" doraHai="84" doraHaiUra="128" who="2" fromWho="0" sc="419,-39,219,0,164,59,178,0" /><INIT seed="5,0,0,1,2,7" ten="380,219,223,178" oya="1" hai0="131,112,12,104,33,18,10,22,44,67,34,20,119" hai1="14,0,122,2,127,100,61,62,59,1,54,95,27" hai2="99,126,17,129,25,114,109,107,11,15,42,72,28" hai3="111,89,37,120,88,79,75,38,68,128,64,52,91"/><U32/><E122/><V121/><F72/><W66/><G111/><T82/><D104/><U105/><E127/><V132/><F109/><W39/><G120/><T77/><D67/><U53/><E105/><V45/><F121/><W9/><G128/><T134/><D131/><U19/><E100/><V60/><F129/><W58/><G68/><T86/><D119/><U65/><E95/><V135/><F60/><W13/><G79/><T93/><D112/><U76/><E76/><V23/><F126/><W29/><G29/><T24/><D134/><U125/><E125/><V50/><REACH who="2" step="1"/><F114/><REACH who="2" ten="380,219,213,178" step="2"/><W92/><G75/><T56/><D34/><U85/><E61/><V123/><F123/><W41/><G41/><T130/><D33/><U73/><E73/><V30/><F30/><W87/><G66/><T48/><D130/><U108/><E108/><V47/><F47/><W21/><G64/><T117/><D44/><U69/><E69/><V36/><F36/><W115/><G115/><T51/><D117/><U80/><E65/><V124/><F124/><W40/><G40/><T49/><D56/><U110/><E110/><V8/><F8/><W118/><G118/><T55/><D10/><N who="1" m="6615" /><E59/><V78/><F78/><W90/><G21/><T3/><D77/><N who="1" m="46223" /><E62/><V113/><F113/><W133/><G133/><T63/><D63/><U98/><E32/><V116/><F116/><W74/><G74/><T81/><D20/><U35/><E35/><V71/><F71/><W106/><G58/><N who="0" m="33127" /><D22/><U102/><E54/><V26/><F26/><W43/><G52/><T70/><D24/><U6/><E27/><RYUUKYOKU ba="0,1" sc="380,-10,219,-10,213,30,178,-10" hai2="11,15,17,23,25,28,42,45,50,99,107,132,135" /><INIT seed="6,1,1,2,4,112" ten="370,209,243,168" oya="2" hai0="58,119,63,24,61,50,83,93,57,13,79,21,41" hai1="23,78,76,113,10,81,96,85,86,55,116,67,132" hai2="30,60,25,26,111,37,7,84,33,20,97,46,115" hai3="100,40,56,14,19,2,38,126,69,64,36,8,66"/><V39/><F115/><W129/><G129/><T51/><D119/><U5/><E113/><V109/><F7/><W87/><G126/><T53/><D13/><N who="1" m="5327" /><E116/><V80/><F97/><W73/><G73/><T135/><D93/><U75/><E75/><V110/><F60/><W34/><G69/><T0/><D0/><U123/><E132/><V104/><F46/><W121/><G121/><T114/><D135/><U95/><E123/><V1/><F1/><W49/><G34/><T101/><D101/><U6/><E67/><V28/><REACH who="2" step="1"/><F104/><REACH who="2" ten="370,209,233,168" step="2"/><W94/><G2/><T77/><D63/><U105/><E105/><V82/><F82/><W59/><G94/><T44/><D83/><N who="1" m="47335" /><E6/><V130/><F130/><W18/><G64/><N who="0" m="38959" /><D114/><U31/><E96/><V131/><F131/><W35/><G66/><T15/><D15/><U42/><E95/><V62/><F62/><W70/><G14/><T106/><D106/><U125/><E81/><V9/><F9/><W17/><G8/><T107/><D107/><U74/><E125/><V122/><F122/><W4/><G70/><T92/><D92/><U72/><E72/><V45/><F45/><W127/><G127/><T29/><AGARI ba="1,2" hai="21,24,29,41,44,50,51,53,58,77,79" m="38959" machi="29" ten="30,1100,0" yaku="8,1" doraHai="112" who="0" fromWho="0" sc="370,34,209,-4,233,-6,168,-4" /><INIT seed="7,0,0,2,0,50" ten="404,205,227,164" oya="3" hai0="103,110,16,46,91,134,5,32,40,34,37,132,114" hai1="127,104,72,113,129,111,83,25,75,86,135,36,66" hai2="92,100,63,71,41,109,120,44,122,31,54,26,58" hai3="56,108,55,97,14,74,48,4,84,12,30,130,105"/><W19/><G130/><T57/><D110/><U23/><E111/><V99/><F71/><W128/><G128/><T17/><D114/><U28/><E129/><V38/><REACH who="2" step="1"/><F109/><REACH who="2" ten="404,205,217,164" step="2"/><W22/><G108/><T7/><D134/><U123/><E135/><V47/><F47/><W39/><G74/><T118/><D46/><U102/><E113/><V88/><F88/><W52/><G39/><T21/><D91/><U78/><E75/><V81/><F81/><W112/><G112/><T70/><D37/><U65/><E36/><V6/><F6/><W8/><G84/><T98/><D5/><U49/><E72/><V80/><F80/><W68/><G68/><T95/><D70/><U93/><E83/><V45/><F45/><N who="3" m="27663" /><G105/><T64/><D7/><U11/><E104/><V73/><F73/><W133/><G133/><T121/><D132/><U115/><E86/><V85/><F85/><W131/><G131/><T79/><D103/><U87/><E115/><V9/><F9/><W89/><G89/><T33/><D79/><U61/><E78/><V0/><F0/><W51/><G97/><T96/><D98/><U101/><E87/><V53/><F53/><W125/><G125/><T24/><D96/><U90/><E127/><V2/><F2/><W18/><G4/><T117/><D95/><U29/><E93/><V59/><F59/><W13/><G8/><T69/><D69/><U119/><E11/><V107/><F107/><W82/><G82/><T27/><D57/><U20/><E90/><V15/><F15/><W1/><G1/><T116/><D117/><U10/><E119/><RYUUKYOKU ba="0,1" sc="404,-15,205,-15,217,15,164,15" hai2="26,31,38,41,44,54,58,63,92,99,100,120,122" hai3="12,13,14,18,19,22,30,51,55,56" /><INIT seed="7,1,1,4,4,80" ten="389,190,232,179" oya="3" hai0="75,135,102,62,16,2,21,57,49,32,119,40,48" hai1="35,112,65,54,58,41,13,59,6,132,12,129,79" hai2="38,60,131,85,81,68,51,115,106,7,23,15,1" hai3="3,83,53,82,27,0,64,9,95,123,103,70,33"/><W19/><G123/><T99/><D2/><U42/><E35/><V56/><F38/><W26/><G70/><T47/><D32/><U31/><E112/><V111/><F106/><W93/><G64/><T114/><D119/><U37/><E37/><V94/><F111/><W108/><G108/><T5/><D75/><U71/><E71/><V104/><F104/><W67/><G67/><T17/><D5/><U110/><E110/><V89/><F1/><W55/><G33/><T98/><D135/><U28/><E132/><V73/><F115/><W22/><G22/><T18/><D114/><U133/><E133/><V130/><F51/><W128/><G19/><N who="0" m="7243" /><D49/><N who="1" m="31055" /><E129/><N who="2" m="49163" /><F68/><W124/><G128/><T121/><D102/><U25/><E79/><N who="2" m="44271" /><F23/><W46/><G103/><T101/><D101/><U109/><E109/><V45/><F45/><W61/><G46/><T92/><D92/><U90/><E59/><V96/><F15/><W127/><REACH who="3" step="1"/><G61/><REACH who="3" ten="389,190,232,169" step="2"/><T20/><D20/><U100/><E100/><V39/><F60/><W14/><G14/><N who="0" m="9431" /><D121/><U74/><E13/><V66/><F66/><AGARI ba="1,2" hai="40,47,48,57,62,66,98,99" m="9431,7243" machi="66" ten="30,2000,0" yaku="8,1,54,1" doraHai="80" who="0" fromWho="2" sc="389,43,190,0,232,-23,169,0" owari="432,53.0,190,-21.0,209,1.0,169,-33.0" /></mjloggm>