<mjloggm ver="2.3"><GO type="169" lobby="0"/><UN n0="%67%6F%74%61%70%6F%6F%68" n1="%79%75%36%31%39%7A%69" n2="%73%61%6E%64%69%72%69%73" n3="%69%6E%61%7A%6F" dan="16,16,17,16" rate="2178.69,2101.81,2209.04,2127.72" sx="M,M,M,M"/><TAIKYOKU oya="0"/><INIT seed="0,0,0,5,4,49" ten="250,250,250,250" oya="0" hai0="129,42,74,13,112,126,104,29,47,73,120,8,117" hai1="97,2,102,70,44,55,25,28,127,125,26,106,38" hai2="111,107,67,96,59,56,10,51,72,118,89,87,109" hai3="133,71,20,4,100,61,65,45,9,48,98,35,92"/><T84/><D112/><U93/><E2/><V128/><F72/><W21/><G35/><T76/><D117/><U1/><E1/><V36/><F36/><W116/><G133/><T50/><D120/><U95/><E70/><V86/><F128/><W115/><G115/><T31/><D104/><U53/><E38/><V16/><F118/><W90/><G100/><T17/><D129/><U41/><E41/><V54/><F107/><W82/><G82/><T37/><D126/><N who="1" m="48139" /><E44/><V122/><F122/><W83/><G83/><N who="0" m="47207" /><D73/><U5/><E5/><V121/><F121/><W40/><G116/><T99/><D37/><U105/><E25/><V69/><F69/><W103/><G103/><T78/><D78/><U34/><E106/><V110/><F96/><W27/><G27/><T7/><D99/><N who="1" m="61663" /><E95/><V15/><F89/><AGARI ba="0,0" hai="26,28,34,53,55,89,93,97" m="61663,48139" machi="89" ten="30,3900,0" yaku="18,1,52,2" doraHai="49" who="1" fromWho="2" sc="250,0,250,39,250,-39,250,0" /><INIT seed="1,0,0,4,4,37" ten="250,289,211,250" oya="1" hai0="71,16,19,134,123,56,58,66,23,89,129,82,38" hai1="76,92,49,36,87,115,43,91,42,15,128,70,98" hai2="96,101,11,57,118,131,114,34,13,104,109,18,124" hai3="30,28,68,44,133,67,121,20,80,94,63,125,64"/><U116/><E36/><V78/><F118/><W117/><G121/><T14/><D134/><U62/><E116/><V59/><F109/><W48/><G133/><T99/><D129/><U33/><E33/><V102/><F124/><W35/><G35/><T25/><D123/><U40/><E115/><V100/><F131/><W122/><G125/><T41/><D71/><U26/><E128/><V53/><F114/><W10/><G67/><T65/><D38/><U85/><E70/><V127/><F127/><W77/><G122/><T74/><D74/><U47/><E62/><V39/><F34/><W73/><G117/><T32/><D32/><U111/><E111/><V1/><F1/><W12/><G94/><N who="0" m="56783" /><D82/><N who="1" m="47303" /><E26/><V3/><F3/><W6/><G20/><N who="0" m="11287" /><D41/><AGARI ba="0,0" hai="6,10,12,28,30,41,44,48,63,64,68,73,77,80" machi="41" ten="30,2000,0" yaku="7,1,52,1" doraHai="37" who="3" fromWho="0" sc="250,-20,289,0,211,0,250,20" /><INIT seed="2,0,0,4,1,29" ten="230,289,211,270" oya="2" hai0="53,51,71,26,65,42,58,24,2,100,14,5,114" hai1="8,83,60,131,115,57,52,27,31,113,41,117,93" hai2="79,48,43,9,72,75,54,78,74,68,44,99,20" hai3="50,32,12,21,25,55,123,67,98,101,95,91,62"/><V124/><F124/><W35/><G123/><T89/><D2/><U82/><E117/><V111/><F68/><W11/><G91/><T118/><D114/><U66/><E131/><V102/><F111/><W106/><G106/><T129/><D129/><U107/><E107/><V1/><F20/><W125/><G125/><T45/><D100/><U97/><E41/><V63/><F63/><W122/><G122/><T40/><D40/><U36/><E36/><V88/><F54/><W112/><G112/><T76/><D76/><U18/><E115/><V46/><F46/><W7/><G50/><T130/><D118/><U61/><E113/><V90/><F79/><W37/><G55/><T16/><D5/><U94/><E94/><V103/><F78/><W128/><G37/><T34/><D34/><U105/><E105/><V59/><F59/><W47/><G47/><T56/><D71/><U108/><E108/><V6/><REACH who="2" step="1"/><F103/><REACH who="2" ten="230,289,201,270" step="2"/><W119/><G128/><T104/><D58/><U81/><E61/><V134/><F134/><W15/><G119/><T110/><D110/><U69/><E69/><V120/><F120/><W80/><G62/><T13/><D56/><U49/><E52/><V70/><F70/><W86/><G67/><T38/><D53/><U22/><E57/><V10/><F10/><W3/><G21/><T33/><D65/><U4/><E60/><V39/><F39/><W109/><G109/><T17/><D38/><U133/><E66/><V30/><F30/><N who="3" m="19535" /><G35/><T135/><D33/><U0/><E31/><V84/><F84/><W92/><G101/><T126/><D130/><RYUUKYOKU ba="0,1" sc="230,-10,289,-10,201,30,270,-10" hai2="1,6,9,43,44,48,72,74,75,88,90,99,102" /><INIT seed="2,1,1,4,1,0" ten="220,279,231,260" oya="2" hai0="54,101,116,20,120,64,16,132,42,10,17,34,2" hai1="119,94,118,121,103,129,76,51,12,127,48,88,108" hai2="59,106,24,69,109,82,105,85,128,100,44,22,60" hai3="74,26,68,111,135,3,52,53,30,86,79,110,57"/><V35/><F128/><W36/><G68/><T47/><D120/><U81/><E129/><V50/><F35/><W14/><G3/><T65/><D132/><U25/><E103/><V72/><F72/><W133/><G36/><T38/><D34/><U18/><E25/><V75/><F75/><W125/><G125/><T112/><D112/><U33/><E33/><V63/><F69/><W29/><G74/><T130/><D130/><U93/><E93/><V31/><F109/><N who="3" m="41483" /><G53/><T134/><D134/><N who="3" m="51209" /><G26/><T80/><D54/><U104/><E108/><V39/><F39/><W8/><G86/><T126/><D65/><U41/><E127/><V96/><F59/><W40/><G79/><T6/><D64/><U114/><E121/><V78/><REACH who="2" step="1"/><F106/><REACH who="2" ten="220,279,221,260" step="2"/><W70/><G70/><T77/><D126/><U49/><E104/><V7/><F7/><N who="3" m="3359" /><G40/><AGARI ba="1,2" hai="22,24,31,40,44,50,60,63,78,82,85,96,100,105" machi="40" ten="30,2900,0" yaku="1,1,7,1,53,0" doraHai="0" doraHaiUra="87" who="2" fromWho="3" sc="220,0,279,0,221,52,260,-32" /><INIT seed="2,2,0,4,3,99" ten="220,279,273,228" oya="2" hai0="121,48,20,36,2,44,104,100,70,107,87,134,129" hai1="86,45,42,93,71,123,50,113,135,25,40,133,3" hai2="119,61,111,102,26,112,127,96,60,12,54,52,74" hai3="97,11,27,88,33,1,89,68,24,105,43,128,117"/><V47/><F112/><W73/><G68/><T72/><D72/><U59/><E113/><V118/><F74/><W131/><G73/><T120/><D36/><U110/><E71/><V103/><F127/><W81/><G117/><T16/><D2/><U92/><E3/><V32/><F111/><W90/><G43/><T51/><D134/><N who="1" m="51211" /><E110/><V56/><F12/><W35/><G81/><T34/><D34/><N who="3" m="12809" /><G11/><T98/><D107/><U65/><E25/><N who="3" m="9802" /><G1/><T95/><D51/><U46/><E86/><V39/><F39/><W106/><G97/><T132/><D70/><U6/><E123/><V4/><F4/><W62/><G62/><T76/><D129/><AGARI ba="2,0" hai="88,89,90,105,106,128,129,131" m="9802,12809" machi="129" ten="40,8000,1" yaku="28,2,19,1,54,1" doraHai="99" who="3" fromWho="0" sc="220,-86,279,0,273,0,228,86" /><INIT seed="3,0,0,3,3,87" ten="134,279,273,314" oya="3" hai0="74,114,106,13,78,28,64,89,104,23,27,97,15" hai1="2,122,19,59,65,125,116,57,10,17,68,132,38" hai2="124,108,86,42,52,36,18,47,60,73,121,62,102" hai3="71,69,4,110,33,79,84,105,128,126,55,39,1"/><W88/><G105/><T119/><D119/><U63/><E122/><V81/><F108/><W45/><G33/><T117/><D117/><U95/><E38/><V120/><F73/><W9/><G110/><T96/><D114/><U58/><E116/><V53/><F102/><W103/><G103/><T129/><D129/><U49/><E132/><V115/><F18/><W12/><G128/><T93/><D97/><U40/><E125/><V44/><F115/><W76/><G126/><T61/><D78/><U0/><E95/><V123/><F124/><W6/><G69/><T32/><D74/><U7/><REACH who="1" step="1"/><E0/><REACH who="1" ten="134,269,273,314" step="2"/><V51/><REACH who="2" step="1"/><F53/><REACH who="2" ten="134,269,263,314" step="2"/><W100/><G100/><T131/><D131/><U30/><E30/><V70/><F70/><W26/><G71/><T98/><D106/><U31/><E31/><V111/><F111/><W135/><G135/><T25/><D104/><U94/><E94/><V11/><F11/><W20/><G55/><T16/><REACH who="0" step="1"/><D98/><REACH who="0" ten="124,269,263,314" step="2"/><U46/><AGARI ba="0,3" hai="2,7,10,17,19,40,46,49,57,58,59,63,65,68" machi="46" ten="30,2000,0" yaku="1,1,0,1,53,0" doraHai="87" doraHaiUra="107" who="1" fromWho="1" sc="124,-5,269,50,263,-5,314,-10" /><INIT seed="4,0,0,1,2,1" ten="119,319,258,304" oya="0" hai0="42,119,21,88,114,83,31,40,66,50,48,92,94" hai1="10,60,45,26,106,29,107,6,120,111,103,93,54" hai2="4,126,72,16,24,15,11,62,112,30,131,22,68" hai3="55,78,53,127,85,77,91,80,28,13,27,49,76"/><T43/><D114/><U39/><E120/><V73/><F112/><W129/><G127/><T25/><D119/><U56/><E111/><V19/><F126/><W33/><G129/><T122/><D122/><U74/><E74/><V121/><F121/><W47/><G13/><T51/><REACH who="0" step="1"/><D66/><REACH who="0" ten="109,319,258,304" step="2"/><U115/><E115/><V87/><F131/><W79/><REACH who="3" step="1"/><G55/><REACH who="3" ten="109,319,258,294" step="2"/><T100/><D100/><U133/><E54/><V97/><F73/><W67/><G67/><T14/><D14/><U59/><E103/><V105/><F72/><W125/><G125/><T35/><D35/><U99/><E133/><V34/><F34/><W132/><G132/><T89/><D89/><AGARI ba="0,2" hai="27,28,33,47,49,53,76,77,78,79,80,85,89,91" machi="89" ten="40,1300,0" yaku="1,1,53,0" doraHai="1" doraHaiUra="134" who="3" fromWho="0" sc="109,-13,319,0,258,0,294,33" /><INIT seed="5,0,0,0,5,114" ten="96,319,258,327" oya="1" hai0="73,22,4,75,74,34,6,12,3,105,83,21,116" hai1="45,29,25,88,38,82,56,85,65,126,27,94,110" hai2="63,130,15,26,90,18,36,5,108,59,35,66,134" hai3="125,64,76,50,32,123,33,131,8,80,92,30,39"/><U51/><E38/><V93/><F108/><W122/><G39/><T112/><D112/><U119/><E110/><V41/><F134/><W43/><G64/><T20/><D83/><U31/><E126/><V113/><F113/><W68/><G68/><T40/><D12/><U135/><E135/><V9/><F130/><W49/><G125/><T132/><D132/><U19/><E119/><V57/><F41/><W115/><G115/><T100/><D105/><U37/><E37/><V69/><F36/><W10/><G131/><T55/><D100/><U109/><E109/><V91/><F91/><W44/><G33/><T128/><D128/><U99/><E56/><V54/><F35/><W11/><G30/><N who="1" m="11274" /><E19/><V86/><F69/><W106/><G106/><T97/><D34/><U42/><E65/><V78/><F78/><AGARI ba="0,0" hai="25,27,42,45,51,78,82,85,88,94,99" m="11274" machi="78" ten="30,2900,0" yaku="8,1,54,1" doraHai="114" who="1" fromWho="2" sc="96,0,319,29,258,-29,327,0" /><INIT seed="5,1,0,5,5,5" ten="96,348,229,327" oya="1" hai0="86,99,82,102,58,135,104,22,66,118,2,107,123" hai1="126,119,9,34,65,74,33,46,127,96,125,28,30" hai2="62,103,13,6,79,112,67,7,50,76,121,52,35" hai3="87,92,83,84,1,100,130,120,59,16,43,41,3"/><U105/><E74/><V101/><F121/><W0/><G120/><T56/><D123/><U133/><E65/><V116/><F116/><W109/><G109/><T78/><D118/><U81/><E119/><V117/><F35/><N who="1" m="13321" /><E81/><V45/><F117/><W11/><G87/><T18/><D135/><U40/><E133/><V26/><F112/><W21/><G92/><T80/><D2/><U27/><E27/><V63/><F26/><W124/><G100/><T8/><D104/><U77/><E77/><V12/><F67/><W19/><G59/><T32/><D32/><U71/><E71/><V15/><F79/><W36/><G43/><T70/><D82/><U10/><E96/><V37/><F37/><W68/><G68/><T20/><D70/><U89/><E89/><V55/><F76/><W17/><G41/><T44/><D44/><U48/><E105/><V90/><F90/><W93/><G93/><T95/><D107/><U75/><E75/><V54/><F50/><W72/><G36/><T23/><REACH who="0" step="1"/><D66/><REACH who="0" ten="86,348,229,327" step="2"/><U88/><E88/><V113/><F45/><W61/><G83/><T129/><D129/><U29/><AGARI ba="1,1" hai="9,10,28,29,30,40,46,48,125,126,127" m="13321" machi="29" ten="40,7800,0" yaku="18,1,52,2" doraHai="5" who="1" fromWho="1" sc="86,-27,348,91,229,-27,327,-27" /><INIT seed="5,2,0,2,2,60" ten="59,439,202,300" oya="1" hai0="122,19,34,37,114,70,31,6,52,98,79,80,66" hai1="119,74,26,35,88,129,21,86,8,116,30,29,92" hai2="45,134,41,126,81,69,64,18,113,7,110,36,23" hai3="109,89,111,9,44,17,71,106,100,22,78,97,96"/><U59/><E74/><V33/><F110/><W83/><G71/><T77/><D114/><U104/><E104/><V0/><F33/><W90/><G9/><T72/><D122/><U46/><E129/><V58/><F126/><W15/><G44/><T27/><D37/><U93/><E30/><V56/><F134/><W101/><G109/><T105/><D79/><U108/><E108/><V84/><F113/><W47/><G47/><T130/><D130/><U112/><E35/><V107/><F7/><W131/><G131/><T48/><D6/><U125/><E112/><V117/><F0/><W63/><G63/><T32/><D19/><U68/><E68/><V118/><F107/><W85/><REACH who="3" step="1"/><G111/><REACH who="3" ten="59,439,202,290" step="2"/><T115/><D115/><U133/><E46/><V50/><F36/><W3/><G3/><T95/><D48/><U2/><E2/><V103/><F69/><W54/><G54/><T55/><D34/><U128/><E128/><V99/><F50/><W28/><G28/><T91/><REACH who="0" step="1"/><D105/><AGARI ba="2,1" hai="15,17,22,78,83,85,89,90,96,97,100,101,105,106" machi="105" ten="30,7700,0" yaku="1,1,7,1,9,1,53,1" doraHai="60" doraHaiUra="82" who="3" fromWho="0" sc="59,-83,439,0,202,0,290,93" owari="-24,-52.0,439,54.0,202,-20.0,383,18.0" /></mjloggm>