<mjloggm ver="2.3"><GO type="185" lobby="0"/><UN n0="%63%61%6C%63%2E" n1="%E3%82%8D%E3%81%AF%E3%82%93%37%33" n2="%E4%B8%8D%E5%B9%B8%E7%94%9F%E5%91%BD%E4%BD%93" n3="" dan="19,16,17,0" rate="2407.01,2031.37,2209.07,1500.00" sx="M,M,M,C"/><TAIKYOKU oya="0"/><INIT seed="0,0,0,2,0,52" ten="350,350,350,0" oya="0" hai0="105,69,128,50,37,33,90,76,98,38,122,1,123" hai1="51,68,91,99,59,39,0,95,121,66,100,104,63" hai2="135,32,84,119,86,58,125,57,56,120,62,41,48" hai3=""/><T132/><N who="0" m="31264" /><T64/><N who="0" m="31520" /><T112/><D112/><U78/><N who="1" m="31008" /><U134/><E0/><V53/><N who="2" m="30752" /><V118/><F32/><T114/><D114/><U111/><E39/><V80/><F135/><T49/><D1/><U85/><E134/><V129/><F125/><T110/><D132/><U97/><E111/><V88/><F129/><T92/><D33/><U93/><E51/><V115/><F115/><T79/><D128/><U71/><E78/><V133/><F133/><T116/><D116/><N who="2" m="44586" /><F84/><T109/><D105/><U108/><E108/><N who="0" m="41577" /><D49/><U46/><E46/><AGARI ba="0,0" hai="41,46,48,53,56,57,58,62,80,86,88" m="44586,30752" machi="46" ten="30,12000,2" yaku="12,1,52,4,54,1" doraHai="52" who="2" fromWho="1" sc="350,0,350,-120,350,120,0,0" /><INIT seed="1,0,0,0,0,0" ten="350,230,470,0" oya="1" hai0="67,35,46,95,106,76,112,133,59,74,45,108,120" hai1="107,101,50,3,51,54,72,93,70,38,124,104,81" hai2="87,127,33,129,121,92,126,113,135,111,109,118,63" hai3=""/><U90/><E3/><V94/><F63/><T105/><N who="0" m="30752" /><T117/><D112/><U2/><E2/><V122/><F33/><T128/><D35/><U131/><E38/><V62/><F62/><T49/><D108/><N who="2" m="41546" /><F87/><T66/><D59/><U110/><E70/><V69/><F69/><T55/><D49/><U84/><E110/><V97/><F97/><T116/><D55/><U119/><E119/><V71/><F71/><T52/><D52/><U41/><E41/><V68/><F68/><T57/><D57/><U61/><E61/><V75/><F75/><T44/><D44/><U39/><E39/><V83/><F83/><T96/><D96/><U98/><E51/><V60/><F60/><T64/><D64/><U79/><E131/><V78/><F78/><T125/><D74/><U132/><E132/><V80/><F80/><T99/><D76/><U37/><E37/><V91/><F135/><T88/><D133/><U56/><REACH who="1" step="1"/><E104/><REACH who="1" ten="350,220,470,0" step="2"/><V89/><N who="2" m="31008" /><V103/><N who="2" m="31264" /><V1/><F1/><T42/><D106/><U134/><E134/><V73/><F129/><T32/><D128/><U115/><E115/><V36/><F113/><T47/><D116/><U100/><E100/><V58/><F103/><T114/><D114/><RYUUKYOKU ba="0,1" sc="350,-10,220,20,470,-10,0,0" hai1="50,54,56,72,79,81,84,90,93,98,101,107,124" /><INIT seed="1,1,1,4,4,36" ten="340,240,460,0" oya="1" hai0="3,42,128,94,98,66,132,105,63,97,2,96,80" hai1="59,88,101,48,67,126,104,91,78,46,61,49,90" hai2="55,95,129,0,43,35,131,111,54,50,99,127,114" hai3=""/><U39/><E78/><V84/><F111/><T57/><D128/><N who="2" m="49226" /><F127/><T1/><D105/><U108/><E126/><V58/><F114/><T47/><D80/><U124/><E124/><V103/><F35/><T72/><D72/><U106/><E108/><V82/><F0/><T70/><D132/><U81/><E81/><V65/><F65/><T102/><REACH who="0" step="1"/><D70/><REACH who="0" ten="330,240,460,0" step="2"/><U85/><E106/><V133/><F133/><T71/><D71/><U113/><E113/><V86/><F82/><T100/><D100/><U87/><E101/><V53/><F58/><T115/><D115/><U76/><E104/><V33/><F33/><T118/><D118/><U93/><E76/><V125/><F125/><T89/><D89/><U38/><E91/><V110/><F110/><T109/><D109/><U83/><REACH who="1" step="1"/><E49/><AGARI ba="1,2" hai="1,2,3,42,47,49,57,63,66,94,96,97,98,102" machi="49" ten="40,5200,0" yaku="1,1,52,1,53,1" doraHai="36" doraHaiUra="56" who="0" fromWho="1" sc="330,74,240,-54,460,0,0,0" /><INIT seed="2,0,0,4,2,69" ten="404,186,460,0" oya="2" hai0="40,2,106,72,48,104,51,60,123,133,103,121,99" hai1="35,1,62,116,70,105,111,49,81,132,59,91,68" hai2="130,113,55,41,45,126,73,32,33,39,88,115,112" hai3=""/><V46/><F126/><T44/><N who="0" m="31008" /><T100/><N who="0" m="31520" /><T43/><D2/><U65/><E1/><V117/><F130/><T120/><N who="0" m="30752" /><T131/><D131/><U107/><E35/><V98/><F117/><T56/><D72/><U114/><E116/><V77/><F73/><T67/><D133/><U122/><N who="1" m="31264" /><U47/><E132/><V135/><F77/><T34/><D34/><U64/><E114/><V95/><F135/><T74/><D74/><U86/><E111/><V0/><F0/><T89/><D89/><U3/><E3/><V52/><F55/><T63/><D60/><U76/><E65/><V80/><F80/><T134/><D134/><U83/><E68/><V108/><F108/><T61/><D63/><U102/><E70/><V101/><F101/><T66/><D66/><U92/><E102/><V97/><REACH who="2" step="1"/><F98/><REACH who="2" ten="404,186,450,0" step="2"/><T53/><D103/><U42/><E83/><V125/><F125/><T78/><D78/><U96/><AGARI ba="0,1" hai="42,47,49,59,62,64,76,81,86,91,92,96,105,107" m="31264" machi="96" ten="20,2000,0" yaku="0,1,7,1,52,1" doraHai="69" who="1" fromWho="1" sc="404,-7,186,30,450,-13,0,0" /><INIT seed="4,0,0,0,2,124" ten="397,216,437,0" oya="0" hai0="130,84,0,34,128,110,123,90,58,54,73,2,72" hai1="32,92,53,100,56,91,118,43,3,44,49,79,78" hai2="71,42,62,68,76,113,135,94,74,41,80,45,64" hai3=""/><T86/><N who="0" m="31520" /><T103/><D34/><U134/><E3/><N who="0" m="1065" /><D103/><U39/><E32/><V133/><F113/><T61/><D86/><U67/><E118/><V59/><F94/><T83/><D110/><U40/><E100/><V109/><F109/><T95/><D95/><U1/><E1/><V50/><REACH who="2" step="1"/><F41/><REACH who="2" ten="397,216,427,0" step="2"/><T115/><D115/><U69/><E43/><V106/><F106/><T131/><AGARI ba="0,1" hai="54,58,61,72,73,83,84,90,128,130,131" m="1065,31520" machi="131" ten="40,8000,1" yaku="19,1,52,4" doraHai="124" who="0" fromWho="0" sc="397,90,216,-40,427,-40,0,0" /><INIT seed="4,1,0,0,4,47" ten="487,176,387,0" oya="0" hai0="59,62,112,0,122,118,51,109,72,78,103,79,92" hai1="3,101,96,76,113,35,43,95,52,102,116,48,126" hai2="36,75,69,119,37,132,81,56,106,34,114,68,89" hai3=""/><T134/><N who="0" m="31264" /><T135/><D118/><U115/><E3/><V80/><F56/><T123/><N who="0" m="31520" /><T71/><D0/><U91/><E35/><V97/><F97/><T40/><D112/><N who="1" m="43083" /><E116/><V104/><F89/><T84/><D72/><U32/><E32/><V98/><F98/><T42/><D71/><U50/><E76/><V53/><F53/><T74/><D74/><U105/><E126/><V121/><N who="2" m="31008" /><V125/><F75/><T67/><D109/><U57/><E105/><V33/><F119/><T73/><D73/><U99/><E99/><V124/><F114/><T108/><D108/><U129/><E129/><V94/><REACH who="2" step="1"/><F132/><REACH who="2" ten="487,176,377,0" step="2"/><T44/><D134/><U41/><E41/><V131/><F131/><T63/><D135/><U88/><E91/><V82/><F82/><T111/><D42/><U100/><E43/><V85/><F85/><T65/><D111/><U70/><E70/><V77/><F77/><T54/><D40/><U117/><E117/><V120/><N who="2" m="30752" /><V93/><AGARI ba="1,1" hai="33,34,36,37,68,69,80,81,93,94,104,106,124,125" m="30752,31008" machi="93" ten="25,9000,2" yaku="1,1,4,1,0,1,22,2,52,2,53,0" doraHai="47" doraHaiUra="110" who="2" fromWho="2" sc="487,-61,176,-31,377,102,0,0" /><INIT seed="5,0,0,0,0,98" ten="426,145,479,0" oya="1" hai0="42,92,2,124,123,67,80,101,120,74,107,61,60" hai1="87,96,41,86,65,66,77,34,128,102,43,62,111" hai2="63,131,117,53,100,72,134,127,130,50,70,56,91" hai3=""/><U54/><E34/><V133/><F72/><T116/><N who="0" m="30752" /><T57/><N who="0" m="31520" /><T0/><D107/><U97/><E111/><V84/><F100/><T135/><D124/><U104/><E128/><N who="2" m="49195" /><F117/><T88/><D116/><U38/><E65/><V35/><F35/><T85/><D135/><N who="2" m="51722" /><F70/><T69/><D42/><U129/><E129/><V39/><F39/><T99/><REACH who="0" step="1"/><D74/><REACH who="0" ten="416,145,479,0" step="2"/><U105/><E38/><V68/><F68/><T40/><D40/><U82/><E41/><V132/><F132/><T110/><D110/><U36/><E43/><V47/><F127/><T126/><D126/><U79/><E36/><V3/><F3/><T95/><D95/><U37/><E37/><V114/><F114/><T89/><D89/><U1/><E1/><V106/><F106/><T93/><D93/><U113/><E113/><V73/><F73/><T118/><D118/><U108/><E108/><V51/><F47/><T55/><AGARI ba="0,1" hai="0,2,55,57,60,61,67,69,80,85,88,92,99,101" m="31520,30752" machi="55" ten="20,9000,2" yaku="1,1,0,1,7,1,52,3,54,1,53,0" doraHai="98" doraHaiUra="45" who="0" fromWho="0" sc="416,100,145,-60,479,-30,0,0" /><INIT seed="6,0,0,5,4,115" ten="516,85,449,0" oya="2" hai0="70,33,131,105,127,110,77,62,72,121,85,3,45" hai1="41,36,57,50,0,51,84,92,120,97,90,94,106" hai2="35,64,135,79,98,108,52,133,122,100,129,43,114" hai3=""/><V39/><N who="2" m="31264" /><V119/><F114/><T118/><N who="0" m="31008" /><T75/><D110/><U32/><N who="1" m="30752" /><U102/><E36/><V59/><F35/><T1/><D118/><U111/><E111/><V86/><F108/><T109/><D109/><U104/><E41/><V63/><F129/><T125/><D105/><U48/><E57/><V134/><F119/><T117/><D117/><U116/><E116/><V89/><F79/><T91/><D45/><U128/><E128/><V107/><F43/><T112/><D33/><U40/><E40/><V46/><F39/><T93/><D112/><U74/><E32/><V60/><F46/><T65/><D131/><U47/><E47/><V130/><F130/><T123/><N who="0" m="31520" /><T68/><D68/><U38/><E38/><V53/><F63/><T95/><D95/><AGARI ba="0,0" hai="52,53,59,60,64,86,89,95,98,100,107,133,134,135" m="31264" machi="95" ten="40,7700,0" yaku="20,1,52,1,54,1" doraHai="115" who="2" fromWho="0" sc="516,-77,85,0,449,77,0,0" owari="439,4.0,85,-51.0,526,47.0,0,0.0" /></mjloggm>