<mjloggm ver="2.3"><GO type="225" lobby="0"/><UN n0="%E3%81%B7%E3%82%8B%E3%81%B7%E3%82%8B%E3%81%A0%E3%81%9E" n1="%E3%81%AB%E3%81%9B%E6%82%9F%E7%A9%BA" n2="%E5%A4%A9%E3%83%8E%E5%B7%9D%E6%B2%99%E5%A4%9C" n3="%EF%BC%AE%EF%BC%AF%EF%BD%90%EF%BD%90%EF%BC%AF" dan="16,17,16,16" rate="2087.04,2174.42,2166.43,2113.95" sx="M,M,F,M"/><TAIKYOKU oya="0"/><INIT seed="0,0,0,3,0,65" ten="250,250,250,250" oya="0" hai0="87,80,30,48,33,19,78,116,56,131,40,104,113" hai1="90,71,67,51,2,120,54,107,28,11,69,66,7" hai2="46,109,31,3,24,38,106,103,85,95,18,133,115" hai3="32,13,10,58,22,122,105,73,36,134,124,112,74"/><T123/><D123/><U14/><E107/><V47/><F115/><W0/><RYUUKYOKU type="yao9" ba="0,0" sc="250,0,250,0,250,0,250,0" hai3="0,10,13,22,32,36,58,73,74,105,112,122,124,134" /><INIT seed="0,1,0,5,4,104" ten="250,250,250,250" oya="0" hai0="82,45,97,124,49,133,7,95,34,86,134,51,66" hai1="14,78,102,69,19,107,108,40,32,67,38,87,110" hai2="33,88,2,48,122,46,44,60,4,63,129,5,85" hai3="0,105,72,41,131,57,61,16,21,52,64,12,111"/><T92/><D34/><U125/><E32/><V73/><F122/><W56/><G111/><T3/><D124/><U128/><E125/><V89/><F33/><W35/><G131/><T25/><D66/><U26/><E128/><V20/><F129/><W6/><G35/><T118/><D118/><U130/><E130/><V106/><F106/><W9/><G105/><T28/><D49/><U91/><E26/><V121/><F121/><W71/><G41/><T17/><D17/><U31/><E78/><V68/><F20/><W1/><G72/><T22/><D7/><U37/><E31/><V75/><F48/><W101/><G101/><T47/><D47/><U55/><E55/><V114/><F85/><W90/><G90/><T120/><D3/><U74/><E74/><V96/><F96/><W11/><G52/><T79/><D120/><U126/><E102/><V80/><F80/><W59/><REACH who="3" step="1"/><G11/><REACH who="3" ten="250,250,250,240" step="2"/><T103/><REACH who="0" step="1"/><D95/><REACH who="0" ten="240,250,250,240" step="2"/><N who="1" m="54783" /><E126/><V98/><F98/><W132/><G132/><T42/><AGARI ba="1,2" hai="22,25,28,42,45,51,79,82,86,92,97,103,133,134" machi="42" ten="30,6000,0" yaku="1,1,0,1,53,1" doraHai="104" doraHaiUra="23" who="0" fromWho="0" sc="240,83,250,-21,250,-21,240,-21" /><INIT seed="0,2,0,5,4,122" ten="323,229,229,219" oya="0" hai0="2,59,14,53,55,48,126,49,92,28,4,98,112" hai1="84,40,101,23,102,9,103,94,31,71,90,69,60" hai2="99,10,66,50,29,21,13,47,12,105,58,100,115" hai3="32,34,73,19,24,85,16,82,108,109,130,61,123"/><T135/><D135/><U36/><E36/><V110/><F115/><W81/><G123/><T65/><D126/><U86/><E40/><V75/><F75/><W114/><G114/><T5/><D112/><U120/><E120/><V3/><F110/><N who="3" m="42603" /><G130/><T125/><D2/><U72/><E72/><V26/><F3/><W88/><G61/><T116/><D125/><U132/><E9/><V6/><F13/><W117/><G117/><T124/><D28/><U79/><E132/><V78/><F78/><N who="3" m="44239" /><G24/><T131/><D124/><U41/><E60/><V134/><F134/><W97/><G97/><T43/><D131/><U80/><E69/><V128/><F128/><W56/><G56/><T70/><D70/><U113/><E71/><V107/><F58/><W30/><G30/><T118/><D116/><U129/><E129/><V119/><F119/><W52/><G52/><T15/><D118/><U35/><E113/><V111/><F111/><W93/><G82/><T33/><D59/><U63/><E63/><V57/><F57/><W39/><G39/><T46/><D53/><U127/><E127/><V8/><F66/><W27/><G27/><T67/><D65/><U37/><E37/><V91/><F26/><W133/><G133/><T95/><D67/><U68/><E68/><V54/><F54/><W121/><G121/><T20/><D55/><U44/><E31/><V89/><F29/><W7/><G7/><T104/><D5/><U18/><E80/><V25/><F6/><W17/><AGARI ba="2,0" hai="16,17,19,32,34,85,88,93" m="44239,42603" machi="17" ten="30,12000,2" yaku="14,1,52,3,54,2" doraHai="122" who="3" fromWho="3" sc="323,-62,229,-32,229,-32,219,126" /><INIT seed="1,0,0,0,4,56" ten="261,197,197,345" oya="1" hai0="94,47,19,130,17,42,127,104,0,44,11,45,78" hai1="85,28,18,51,134,65,23,30,39,69,26,38,87" hai2="33,20,43,37,73,108,82,83,93,116,62,75,3" hai3="7,54,10,46,40,31,113,114,27,131,59,103,1"/><U126/><E134/><V118/><F33/><W98/><G131/><T106/><D130/><U49/><E126/><V121/><F3/><W72/><G72/><T64/><D127/><U122/><E122/><V123/><F20/><W105/><G59/><T12/><D78/><U111/><E69/><V92/><F43/><W100/><G100/><T133/><D0/><U63/><E111/><V95/><F37/><N who="3" m="21775" /><G54/><T70/><D133/><U4/><E4/><V120/><F62/><W9/><G9/><T6/><D42/><U125/><E125/><V14/><F14/><W41/><G41/><T77/><D77/><U57/><E38/><V84/><F84/><N who="1" m="32329" /><E39/><V132/><F108/><W119/><G119/><N who="2" m="45609" /><F132/><W128/><G128/><T81/><D81/><AGARI ba="0,0" hai="73,75,81,82,83,92,93,95,120,121,123" m="45609" machi="81" ten="40,8000,1" yaku="28,2,34,2" doraHai="56" who="2" fromWho="0" sc="261,-80,197,0,197,80,345,0" /><INIT seed="2,0,0,1,0,35" ten="181,197,277,345" oya="2" hai0="48,77,93,96,84,98,86,114,22,107,115,112,122" hai1="83,19,80,131,124,30,52,44,20,116,104,111,74" hai2="82,100,92,133,53,68,41,58,33,21,55,4,73" hai3="34,7,101,38,102,2,66,63,118,125,72,106,6"/><V135/><F33/><W29/><G102/><N who="0" m="62919" /><D22/><U26/><E116/><V50/><F68/><N who="3" m="42079" /><G7/><T128/><D48/><N who="1" m="28679" /><E104/><V87/><F73/><W117/><G72/><T120/><D128/><U134/><E74/><V12/><F41/><W88/><G88/><N who="0" m="55591" /><D77/><U47/><E131/><V42/><F42/><W123/><G123/><AGARI ba="0,0" hai="84,86,112,114,115,120,122,123" m="55591,62919" machi="123" ten="40,5200,0" yaku="34,2,54,1" doraHai="35" who="0" fromWho="3" sc="181,52,197,0,277,0,345,-52" /><INIT seed="3,0,0,4,4,46" ten="233,197,277,293" oya="3" hai0="107,34,97,55,104,72,40,9,105,81,73,49,12" hai1="53,45,83,62,122,60,75,32,14,130,47,13,43" hai2="7,80,44,98,95,124,8,17,90,129,61,74,131" hai3="57,38,10,64,50,48,108,84,77,119,18,68,22"/><W23/><G119/><T120/><D120/><U66/><E32/><V118/><F118/><W27/><G38/><T96/><D34/><U58/><E122/><V123/><F123/><W52/><G108/><T127/><D40/><U4/><E130/><N who="2" m="49675" /><F124/><W30/><G10/><T56/><D127/><U65/><E4/><V35/><F35/><W37/><G37/><T1/><D1/><U103/><E103/><V91/><F17/><W29/><G50/><T100/><D81/><U113/><E113/><V42/><F61/><N who="3" m="37935" /><G68/><T5/><REACH who="0" step="1"/><D100/><REACH who="0" ten="223,197,277,293" step="2"/><U109/><E109/><V116/><F116/><W114/><G114/><T24/><D24/><U28/><E28/><V6/><F42/><W128/><G128/><T101/><D101/><U112/><E112/><V121/><F121/><W76/><G30/><T0/><D0/><U125/><E125/><V26/><F26/><N who="3" m="14679" /><G84/><T33/><D33/><U39/><E75/><AGARI ba="0,1" hai="5,9,12,49,55,56,72,73,75,96,97,104,105,107" machi="75" ten="50,3200,0" yaku="1,1,52,1,53,0" doraHai="46" doraHaiUra="111" who="0" fromWho="1" sc="223,42,197,-32,277,0,293,0" /><INIT seed="4,0,0,0,0,50" ten="265,165,277,293" oya="0" hai0="71,32,86,17,21,38,115,33,43,112,44,113,76" hai1="107,22,133,111,53,58,104,64,9,31,56,106,117" hai2="96,18,126,88,99,102,131,7,123,15,46,11,95" hai3="23,129,0,97,127,34,75,66,92,36,5,132,125"/><T68/><D76/><U90/><E117/><V2/><F123/><W28/><G129/><T27/><REACH who="0" step="1"/><D86/><REACH who="0" ten="255,165,277,293" step="2"/><U70/><E111/><V29/><F131/><W100/><G75/><T14/><D14/><U51/><E133/><V122/><F122/><W47/><G132/><T4/><D4/><U40/><E40/><V41/><F126/><W54/><G5/><T63/><D63/><U37/><E37/><V87/><F2/><W103/><G0/><T84/><D84/><U108/><E108/><V24/><F7/><W8/><G36/><T19/><D19/><U35/><E35/><AGARI ba="0,1" hai="17,21,27,32,33,35,38,43,44,68,71,112,113,115" machi="35" ten="50,9600,0" yaku="1,1,15,1,53,1" doraHai="50" doraHaiUra="39" who="0" fromWho="1" sc="255,106,165,-96,277,0,293,0" owari="361,46.0,69,-43.0,277,-12.0,293,9.0" /></mjloggm>