<mjloggm ver="2.3"><GO type="185" lobby="0"/><UN n0="%28%C2%B4%E3%81%B8%CE%B5%E3%81%B8%60%29" n1="%E3%81%BE%E3%81%A4%E3%81%AE%E3%81%8F%E3%82%93" n2="%6E%69%6B%6F%6C%75%30%33" n3="" dan="20,17,17,0" rate="2399.87,2247.67,2246.13,1500.00" sx="M,M,M,C"/><TAIKYOKU oya="0"/><INIT seed="0,0,0,2,3,44" ten="350,350,350,0" oya="0" hai0="91,120,79,52,77,108,51,128,37,99,135,41,62" hai1="119,96,83,85,118,53,76,43,48,102,130,133,111" hai2="61,122,45,74,39,35,121,88,125,36,47,100,109" hai3=""/><T131/><N who="0" m="30752" /><T89/><D135/><U82/><E111/><V98/><N who="2" m="31008" /><V58/><N who="2" m="31264" /><V75/><F109/><T114/><D114/><U33/><E33/><V38/><F35/><T123/><N who="0" m="31520" /><T63/><D108/><U110/><E110/><V60/><F125/><T57/><D37/><U65/><E133/><V86/><F47/><T2/><D2/><U103/><E43/><V112/><F112/><T113/><D113/><U69/><E103/><V97/><F45/><T106/><D41/><U66/><E83/><V0/><F0/><T124/><D124/><U71/><E71/><V80/><F98/><T90/><D106/><U40/><E40/><V46/><F46/><T104/><D104/><U50/><E69/><V87/><F87/><T64/><D99/><U3/><E96/><V107/><REACH who="2" step="1"/><F60/><REACH who="2" ten="350,350,340,0" step="2"/><T42/><D42/><U115/><E3/><V56/><F56/><T70/><REACH who="0" step="1"/><D62/><REACH who="0" ten="340,350,340,0" step="2"/><U32/><E115/><V92/><F92/><T127/><D127/><U68/><E32/><V1/><F1/><T34/><D34/><U84/><E118/><V117/><F117/><T78/><AGARI ba="0,2" hai="51,52,57,63,64,70,77,78,79,89,90,91,128,131" m="31520,30752" machi="78" ten="40,16000,3" yaku="1,1,0,1,52,3,54,1,53,2" doraHai="44" doraHaiUra="116" who="0" fromWho="0" sc="340,180,350,-80,340,-80,0,0" /><INIT seed="0,1,0,5,3,96" ten="520,270,260,0" oya="0" hai0="126,37,116,85,49,108,39,33,2,94,118,130,111" hai1="119,128,115,84,99,0,54,120,80,60,105,82,133" hai2="127,114,74,40,50,72,58,97,63,110,53,95,75" hai3=""/><T36/><D33/><U117/><N who="1" m="30752" /><U93/><E0/><V135/><F114/><T90/><D2/><U102/><E60/><V123/><N who="2" m="31520" /><V92/><F127/><T88/><D126/><U66/><E54/><V67/><F135/><T1/><D1/><U41/><E41/><V112/><F112/><T103/><D130/><U131/><E66/><V43/><F110/><N who="0" m="42026" /><D103/><U104/><E115/><V56/><REACH who="2" step="1"/><F95/><REACH who="2" ten="520,270,250,0" step="2"/><T35/><D35/><U106/><E133/><V45/><F45/><T124/><D124/><U59/><E59/><V76/><F76/><T70/><D70/><U34/><E34/><V61/><F61/><T86/><D118/><N who="1" m="45067" /><E80/><V69/><F69/><T109/><D116/><U65/><E65/><V100/><AGARI ba="1,1" hai="40,43,50,53,56,58,63,67,72,74,75,92,97,100" m="31520" machi="100" ten="30,5900,0" yaku="1,1,0,1,52,2,53,0" doraHai="96" doraHaiUra="42" who="2" fromWho="2" sc="520,-40,270,-21,250,71,0,0" /><INIT seed="1,0,0,1,5,74" ten="480,249,321,0" oya="1" hai0="81,44,123,62,48,61,109,120,32,83,59,71,105" hai1="56,70,102,91,60,108,107,73,55,124,119,76,36" hai2="134,84,118,0,49,132,33,121,40,82,58,129,1" hai3=""/><U130/><E119/><V68/><N who="2" m="31008" /><V38/><F118/><T53/><N who="0" m="30752" /><T117/><N who="0" m="31520" /><T106/><D117/><U97/><E36/><V39/><F33/><T80/><D32/><U65/><E130/><V72/><F72/><T54/><REACH who="0" step="1"/><D109/><REACH who="0" ten="470,249,321,0" step="2"/><U127/><E108/><V89/><F129/><T131/><D131/><U42/><E42/><V116/><F116/><T41/><D41/><U112/><E112/><V86/><F40/><T99/><D99/><U90/><E124/><V125/><F125/><T88/><D88/><U133/><E127/><V46/><F89/><T98/><D98/><U45/><E133/><V69/><F134/><T126/><D126/><U115/><E115/><V57/><F132/><T37/><D37/><U66/><E91/><V96/><F96/><T75/><D75/><U92/><E73/><V64/><F39/><T93/><D93/><U111/><E111/><V35/><F38/><T78/><D78/><U63/><E76/><V128/><F35/><T95/><D95/><U114/><E114/><V87/><F128/><T34/><D34/><U100/><E107/><V52/><F0/><T79/><D79/><U94/><E94/><V50/><F1/><T43/><D43/><U122/><E122/><RYUUKYOKU ba="0,1" sc="470,10,249,10,321,-20,0,0" hai0="44,48,53,54,59,61,62,71,80,81,83,105,106" hai1="45,55,56,60,63,65,66,70,90,92,97,100,102" /><INIT seed="1,1,1,5,0,71" ten="480,259,301,0" oya="1" hai0="102,112,62,93,120,83,132,78,47,64,116,74,35" hai1="134,59,84,128,32,131,114,81,123,40,76,135,111" hai2="56,110,75,36,125,91,85,105,72,63,51,100,107" hai3=""/><U43/><N who="1" m="31520" /><U115/><E32/><V66/><F110/><T58/><N who="0" m="30752" /><T70/><D35/><U77/><E59/><V68/><F125/><T88/><D112/><N who="1" m="43051" /><E40/><V0/><F0/><T53/><D116/><U50/><E50/><V96/><F107/><T57/><D102/><U48/><E48/><V98/><F98/><T106/><D106/><U122/><N who="1" m="31264" /><U118/><E43/><V89/><F89/><T52/><D132/><N who="1" m="50731" /><E118/><V80/><F36/><T41/><D57/><U38/><E38/><V129/><F129/><N who="1" m="49737" /><E111/><V94/><F51/><T55/><D70/><U3/><E3/><V67/><F67/><T130/><D130/><U113/><N who="1" m="43059" /><U99/><DORA hai="86" /><E99/><V82/><F68/><T60/><D60/><U69/><E69/><V44/><F44/><T109/><D109/><U73/><E73/><V79/><F72/><T33/><D33/><U92/><E92/><V1/><F1/><T2/><D2/><U95/><E95/><V117/><F117/><T45/><REACH who="0" step="1"/><D41/><REACH who="0" ten="470,259,301,0" step="2"/><U119/><E119/><V87/><F63/><T39/><D39/><U61/><E61/><V124/><F56/><T103/><D103/><U46/><E46/><V127/><F100/><T34/><D34/><U126/><E126/><RYUUKYOKU ba="1,2" sc="470,10,259,10,301,-20,0,0" hai0="45,47,52,53,55,58,62,64,74,78,83,88,93" hai1="76,77,81,84" /><INIT seed="1,2,2,5,0,93" ten="480,269,281,0" oya="1" hai0="101,39,114,121,1,44,105,75,92,87,95,42,98" hai1="112,122,131,117,61,67,89,58,55,41,71,53,35" hai2="74,84,59,68,103,77,124,64,33,37,128,78,3" hai3=""/><U0/><N who="1" m="31264" /><U130/><E0/><V111/><F3/><T102/><N who="0" m="31008" /><T108/><D1/><U107/><E35/><V50/><F33/><T72/><D114/><U132/><E107/><V48/><F111/><T80/><D108/><U52/><E89/><V81/><F124/><T49/><D39/><U69/><E112/><V104/><F128/><N who="1" m="49193" /><E117/><V47/><F37/><T34/><D34/><U32/><E32/><V134/><F134/><T2/><D2/><U129/><N who="1" m="49201" /><U91/><DORA hai="100" /><E91/><V43/><F77/><T63/><D63/><U99/><E99/><V116/><F116/><T73/><REACH who="0" step="1"/><D101/><REACH who="0" ten="470,269,281,0" step="2"/><U109/><E109/><V119/><F119/><T57/><D57/><U96/><E96/><V45/><F103/><T133/><D133/><U60/><E132/><V88/><F59/><T126/><D126/><U82/><E61/><V36/><F36/><T97/><D97/><U127/><E127/><V113/><F113/><T125/><D125/><U70/><E82/><V86/><F81/><T135/><D135/><U62/><E62/><V38/><F38/><T65/><D65/><U54/><N who="1" m="13312" /><DORA hai="94" /><U79/><E79/><AGARI ba="2,3" hai="42,44,49,72,73,75,79,80,87,92,95,98,102,105" m="31008" machi="79" ten="40,16000,3" yaku="1,1,52,4,53,3" doraHai="93,100,94" doraHaiUra="106,123,120" who="0" fromWho="1" sc="470,194,269,-164,281,0,0,0" /><INIT seed="2,0,0,2,0,54" ten="664,105,281,0" oya="2" hai0="46,1,60,0,47,51,2,116,120,89,76,56,100" hai1="35,118,49,63,98,75,133,109,85,33,97,67,88" hai2="62,50,55,90,125,77,127,69,53,110,124,104,78" hai3=""/><V37/><F37/><T3/><N who="0" m="30752" /><T119/><D1/><U80/><E109/><V86/><F104/><T130/><D130/><U99/><E133/><V122/><N who="2" m="31264" /><V96/><F96/><T70/><D70/><U94/><E118/><V131/><F131/><T42/><D100/><U66/><E66/><V111/><F69/><T113/><D113/><U48/><E75/><V74/><F74/><T132/><D132/><U36/><E36/><V40/><F40/><T39/><D76/><N who="2" m="29290" /><F62/><T106/><D106/><U91/><E33/><V114/><F114/><T108/><D116/><U64/><E64/><V52/><F50/><T87/><D119/><U41/><E35/><V101/><F101/><T121/><N who="0" m="31008" /><T71/><D71/><U43/><E49/><V128/><F128/><T58/><D60/><U38/><E38/><V134/><F134/><T32/><D32/><U68/><REACH who="1" step="1"/><E48/><REACH who="1" ten="664,95,281,0" step="2"/><V103/><F103/><T34/><D34/><U126/><E126/><V102/><F102/><T45/><D45/><U95/><E95/><AGARI ba="0,1" hai="52,53,55,86,90,95,110,111,124,125,127" m="29290,31264" machi="95" ten="40,7700,0" yaku="18,1,52,1,54,1" doraHai="54" who="2" fromWho="1" sc="664,0,95,-77,281,87,0,0" /><INIT seed="2,1,0,3,5,90" ten="664,18,368,0" oya="2" hai0="35,123,107,95,0,115,86,54,109,33,99,98,116" hai1="74,62,121,126,81,47,134,124,44,91,117,60,73" hai2="102,2,118,103,133,46,64,49,114,59,122,57,79" hai3=""/><V32/><N who="2" m="31264" /><V70/><F32/><T3/><N who="0" m="31520" /><T72/><D72/><U110/><N who="1" m="31008" /><U52/><E117/><V132/><F118/><T58/><D116/><U108/><E81/><V42/><F2/><T37/><D37/><U68/><E91/><V1/><F1/><T120/><N who="0" m="30752" /><T41/><D115/><U71/><REACH who="1" step="1"/><E52/><REACH who="1" ten="664,8,368,0" step="2"/><V84/><F114/><T48/><D0/><U129/><E129/><V67/><F79/><T51/><D3/><U61/><E61/><V85/><F67/><T135/><D33/><U104/><E104/><V82/><F64/><T100/><D35/><U78/><E78/><V112/><F112/><T66/><D107/><U77/><E77/><V43/><F82/><T38/><D66/><U92/><E92/><V55/><F55/><T76/><D95/><U97/><E97/><V80/><F80/><T119/><D98/><U96/><E96/><V128/><F128/><T113/><D99/><U127/><E127/><V131/><F131/><T40/><D54/><U94/><E94/><V56/><F103/><T34/><D100/><U101/><E101/><V88/><F102/><T65/><D119/><U105/><E105/><V125/><F88/><T63/><D113/><U83/><E83/><RYUUKYOKU ba="1,1" sc="664,-10,8,20,368,-10,0,0" hai1="44,47,60,62,68,71,73,74,108,110,124,126,134" /><INIT seed="4,2,1,4,4,79" ten="654,28,358,0" oya="0" hai0="118,120,38,102,36,91,34,104,58,89,45,92,75" hai1="125,96,40,83,127,115,39,47,33,109,110,93,35" hai2="82,129,42,77,133,67,80,122,53,84,66,85,103" hai3=""/><T124/><N who="0" m="30752" /><T113/><D118/><U87/><E115/><V64/><N who="2" m="31264" /><V41/><F129/><T65/><D34/><U51/><E33/><V117/><F133/><T128/><D113/><U73/><E35/><V90/><F117/><T55/><D128/><U63/><E73/><V107/><F107/><T108/><D75/><U46/><E63/><V130/><F130/><T131/><D131/><U97/><E97/><V100/><F53/><T132/><D132/><U101/><E127/><V76/><F90/><T116/><D124/><U43/><REACH who="1" step="1"/><E125/><REACH who="1" ten="654,18,358,0" step="2"/><V62/><F62/><T50/><D116/><U121/><N who="1" m="31008" /><U69/><E69/><V134/><F134/><T114/><D108/><U94/><E94/><V37/><F37/><T95/><D114/><U32/><E32/><V88/><F67/><T3/><D36/><U78/><AGARI ba="2,2" hai="39,40,43,46,47,51,78,83,87,93,96,101,109,110" m="31008" machi="78" ten="20,6000,1" yaku="1,1,0,1,7,1,52,2,53,0" doraHai="79" doraHaiUra="2" who="1" fromWho="1" sc="654,-42,18,84,358,-22,0,0" /><INIT seed="5,0,0,3,2,111" ten="612,102,336,0" oya="1" hai0="122,55,3,57,130,69,0,121,50,36,135,116,47" hai1="60,78,106,129,92,87,105,62,113,51,38,46,35" hai2="128,91,84,72,114,123,54,134,68,108,39,49,64" hai3=""/><U80/><E35/><V83/><N who="2" m="31520" /><V93/><F108/><T82/><N who="0" m="31008" /><T74/><N who="0" m="31264" /><T1/><D69/><U59/><E38/><V132/><F128/><T118/><D130/><U117/><E129/><V125/><F39/><T65/><D135/><N who="2" m="51754" /><F125/><T120/><N who="0" m="30752" /><T71/><D71/><U37/><E37/><V40/><F40/><T32/><D32/><U53/><E117/><N who="0" m="45161" /><D36/><U103/><E62/><V85/><F72/><T41/><D65/><U56/><E56/><V88/><F64/><T45/><D41/><U48/><E48/><V96/><F68/><T98/><D98/><U95/><E113/><V58/><F96/><T133/><D133/><U44/><E44/><V107/><F107/><T42/><D42/><U100/><E105/><V131/><F131/><T2/><D1/><U104/><E104/><V76/><F76/><AGARI ba="0,0" hai="0,2,3,45,47,50,55,57,74,76,82" m="45161,30752,31264,31008" machi="76" ten="40,8000,1" yaku="12,1,52,3" doraHai="111" who="0" fromWho="2" sc="612,80,102,0,336,-80,0,0" /><INIT seed="6,0,0,3,1,69" ten="692,102,256,0" oya="2" hai0="43,44,95,122,91,1,85,130,67,52,128,97,59" hai1="83,76,108,47,88,92,103,111,120,39,114,51,77" hai2="53,74,62,133,93,110,104,42,32,131,135,90,127" hai3=""/><V55/><F32/><T46/><N who="0" m="31264" /><T63/><D1/><U57/><N who="1" m="30752" /><U81/><E57/><V123/><N who="2" m="31520" /><V134/><F104/><T34/><D34/><U116/><E51/><V82/><F74/><T78/><D78/><U75/><E47/><V49/><F82/><T119/><D119/><U126/><E39/><V66/><F110/><T99/><D67/><U115/><E103/><V109/><F109/><T41/><D46/><U64/><E64/><V71/><F42/><T132/><D132/><U50/><E50/><V118/><F118/><T37/><D43/><U101/><E101/><V79/><F49/><T112/><D112/><U80/><E116/><V38/><F38/><T72/><D72/><U106/><E106/><V87/><F66/><T65/><D65/><U36/><E36/><V98/><F62/><T102/><D102/><U113/><E83/><V89/><F71/><T121/><N who="0" m="31008" /><T117/><D117/><U124/><E111/><V84/><F55/><T33/><D33/><U58/><E58/><V2/><F53/><T86/><D85/><U61/><E61/><V70/><F135/><T107/><D107/><U129/><E108/><V0/><F134/><T60/><D63/><U73/><E129/><AGARI ba="0,0" hai="37,41,44,52,59,60,86,91,95,97,99,128,129,130" m="31008,31264" machi="129" ten="40,12000,2" yaku="6,1,19,1,52,3,54,1" doraHai="69" who="0" fromWho="1" sc="692,120,102,-120,256,0,0,0" owari="812,76.0,-18,-62.0,256,-14.0,0,0.0" /></mjloggm>