<mjloggm ver="2.3"><GO type="169" lobby="0"/><UN n0="%E5%90%89%E6%BE%A4%E2%98%86%E7%91%A0%E5%81%89" n1="%E3%82%82%E3%83%BC%E3%82%8A%E3%83%BC" n2="%E3%83%8F%E3%83%83%E3%83%88%E3%83%AA%E3%82%B9" n3="%75%63%63%68%69%2D%30%32" dan="16,16,17,16" rate="2107.15,2201.04,2167.08,2184.03" sx="M,M,M,M"/><TAIKYOKU oya="0"/><INIT seed="0,0,0,3,4,129" ten="250,250,250,250" oya="0" hai0="51,122,125,128,28,108,18,0,111,116,31,32,107" hai1="74,85,102,84,91,93,17,22,132,66,48,44,73" hai2="45,34,82,81,75,37,60,121,38,65,76,95,12" hai3="78,69,7,127,106,47,3,83,87,131,113,117,24"/><T62/><D107/><U119/><E119/><V64/><F121/><W19/><G117/><T4/><D116/><U90/><E66/><V110/><F34/><W134/><G131/><T99/><D99/><U5/><E5/><V56/><F110/><N who="0" m="42026" /><D128/><U35/><E35/><V57/><F12/><W71/><G113/><T21/><D62/><U10/><E10/><V109/><F109/><W43/><G127/><T40/><D40/><U54/><E102/><V77/><F45/><W11/><G106/><T100/><D100/><U36/><E36/><V27/><F27/><W41/><G41/><T89/><D89/><U112/><E112/><V92/><REACH who="2" step="1"/><F60/><REACH who="2" ten="250,250,240,250" step="2"/><W39/><G24/><N who="0" m="14391" /><D32/><U103/><E44/><V2/><F2/><W26/><G47/><T13/><D51/><U114/><E48/><V6/><F6/><W59/><G39/><T94/><D0/><U1/><E1/><V97/><F97/><W30/><G3/><T105/><D122/><U52/><E114/><V118/><F118/><W50/><G50/><T98/><D125/><U126/><E126/><V46/><F46/><W135/><G43/><T15/><D13/><U9/><E54/><V72/><AGARI ba="0,1" hai="37,38,56,57,64,65,72,75,76,77,81,82,92,95" machi="72" ten="25,6400,0" yaku="1,1,0,1,22,2,53,0" doraHai="129" doraHaiUra="25" who="2" fromWho="2" sc="250,-32,250,-16,240,74,250,-16" /><INIT seed="1,0,0,4,0,73" ten="218,234,314,234" oya="1" hai0="23,105,95,70,113,32,36,0,11,1,121,33,132" hai1="101,135,114,76,122,20,59,3,119,46,63,56,34" hai2="41,120,84,133,81,35,134,129,55,98,130,6,127" hai3="106,90,14,78,131,42,99,2,7,102,51,8,43"/><U27/><E122/><V26/><F120/><W93/><G131/><N who="2" m="50185" /><F41/><W115/><G115/><T65/><D95/><U17/><E119/><V112/><F112/><W108/><G108/><T60/><D23/><U9/><E114/><V10/><F98/><W128/><G128/><T111/><D113/><U71/><E135/><N who="2" m="51723" /><F55/><W50/><G2/><T57/><D111/><U124/><E101/><V69/><F69/><W49/><G78/><T38/><D121/><U92/><E92/><V22/><F84/><W117/><G117/><T62/><D105/><U116/><E71/><V16/><F81/><W109/><G109/><T67/><D132/><U47/><E59/><V103/><F103/><W37/><G37/><T125/><D70/><U85/><E116/><V96/><F96/><W74/><G74/><T97/><D97/><U80/><E46/><V107/><F107/><W24/><G106/><T30/><D57/><U64/><E47/><V86/><F86/><W4/><G102/><T110/><D110/><U29/><E3/><N who="2" m="351" /><F35/><W5/><G43/><T52/><D38/><U68/><E68/><V75/><F75/><W91/><G42/><T87/><D36/><U39/><E39/><V45/><F45/><W123/><G123/><T31/><D87/><U28/><E34/><V88/><F127/><W94/><G94/><T104/><D104/><U118/><E118/><V15/><F88/><W12/><G91/><T83/><D83/><U18/><REACH who="1" step="1"/><E124/><REACH who="1" ten="218,224,314,234" step="2"/><V66/><F66/><W40/><G40/><T89/><D125/><U79/><E79/><V21/><F26/><W126/><G126/><RYUUKYOKU ba="0,1" sc="218,-15,224,15,314,15,234,-15" hai1="9,17,18,20,27,28,29,56,63,64,76,80,85" hai2="15,16,21,22" /><INIT seed="1,1,1,1,3,40" ten="203,239,329,219" oya="1" hai0="80,38,74,43,36,118,127,57,116,65,92,55,9" hai1="52,63,98,108,131,13,24,130,104,114,47,46,12" hai2="99,31,42,45,120,125,135,72,22,67,101,21,79" hai3="77,60,91,129,34,69,115,76,128,28,58,66,133"/><U82/><E114/><V132/><F120/><W50/><G115/><T96/><D127/><U19/><E108/><V25/><F67/><W102/><G133/><N who="2" m="51273" /><F125/><W18/><G102/><T83/><D65/><U2/><E2/><V106/><F79/><W3/><G3/><T124/><D124/><U26/><E82/><V94/><F72/><W113/><G113/><T41/><D9/><U103/><E26/><V86/><F86/><W109/><G109/><T85/><D57/><N who="1" m="35239" /><E24/><V88/><F106/><W122/><G122/><T35/><D55/><U97/><E98/><V48/><F101/><W37/><G37/><T39/><D39/><U68/><E13/><V54/><F54/><W20/><G28/><T1/><D1/><U62/><E62/><V61/><F61/><W7/><G34/><AGARI ba="1,1" hai="21,22,25,31,34,42,45,48,88,94,99" m="51273" machi="34" ten="30,3900,0" yaku="20,1,52,1,54,1" doraHai="40" who="2" fromWho="3" sc="203,0,239,0,329,52,219,-42" /><INIT seed="2,0,0,4,4,117" ten="203,239,381,177" oya="2" hai0="56,130,78,111,0,40,51,64,19,103,123,9,67" hai1="77,93,108,61,115,48,113,109,112,14,43,6,106" hai2="119,12,15,95,86,18,32,60,125,46,97,102,127" hai3="118,71,49,133,72,65,63,34,70,25,42,98,91"/><V5/><F32/><W8/><G118/><T53/><D130/><U66/><E106/><V26/><F119/><W22/><G72/><T116/><D116/><U75/><E75/><V122/><F26/><W90/><G34/><T76/><D111/><U79/><E6/><V28/><F28/><W35/><G35/><T69/><D103/><U124/><E14/><V39/><F60/><W84/><G133/><T99/><D99/><U132/><E93/><V37/><F122/><W110/><G110/><N who="1" m="42602" /><E132/><V73/><F73/><W1/><G71/><T129/><D78/><N who="1" m="29707" /><E124/><V100/><F5/><W87/><G8/><T2/><D19/><U52/><E43/><V88/><F15/><W13/><G13/><T96/><D51/><U36/><E36/><V82/><F102/><W29/><G1/><T4/><D64/><U45/><E115/><V92/><F92/><W54/><G42/><T94/><D2/><U135/><E135/><V47/><F37/><W55/><G98/><T23/><D96/><U41/><E41/><V104/><F39/><W83/><REACH who="3" step="1"/><G49/><REACH who="3" ten="203,239,381,167" step="2"/><T128/><D69/><AGARI ba="0,1" hai="45,48,52,61,66,69,112,113" m="29707,42602" machi="69" ten="30,2000,0" yaku="14,1,54,1" doraHai="117" who="1" fromWho="0" sc="203,-20,239,30,381,0,167,0" /><INIT seed="3,0,0,2,3,8" ten="183,269,381,167" oya="3" hai0="97,98,75,65,131,112,40,67,44,110,35,130,74" hai1="1,14,108,111,17,9,19,115,57,120,105,84,60" hai2="58,104,20,7,113,36,3,28,78,46,85,51,79" hai3="47,77,127,39,31,99,15,48,70,82,91,62,83"/><W132/><G39/><T95/><D35/><U117/><E105/><V41/><F104/><W80/><G127/><T23/><D110/><U109/><E120/><V49/><F113/><W94/><G132/><T90/><D112/><U96/><E115/><V102/><F102/><W4/><G31/><T55/><D55/><U18/><E1/><V71/><F71/><W88/><G77/><T126/><D126/><U13/><E117/><V134/><F7/><W37/><G37/><T116/><D116/><U66/><E96/><V76/><F3/><W43/><G70/><T64/><D98/><U119/><E119/><V56/><F134/><W107/><G62/><T0/><D23/><U114/><E114/><V11/><F11/><N who="3" m="4583" /><G107/><T26/><D26/><U34/><E34/><V63/><F63/><W50/><G50/><T92/><D92/><U53/><E84/><AGARI ba="0,0" hai="43,47,48,80,82,83,84,88,91,94,99" m="4583" machi="84" ten="30,5800,0" yaku="8,1,52,1,54,1" doraHai="8" who="3" fromWho="1" sc="183,0,269,-58,381,0,167,58" /><INIT seed="3,1,0,1,3,44" ten="183,211,381,225" oya="3" hai0="53,10,104,91,34,107,130,65,132,101,128,114,120" hai1="8,57,126,46,48,85,4,100,68,72,96,0,15" hai2="93,110,38,14,70,74,103,3,36,125,131,24,119" hai3="109,80,26,5,89,39,29,18,76,58,12,13,59"/><W102/><G39/><T23/><D34/><U47/><E72/><V30/><F74/><W90/><G102/><T77/><D65/><U105/><E68/><V27/><F3/><W35/><G5/><T64/><D64/><U75/><E75/><V84/><F119/><W86/><G12/><T51/><D120/><U16/><E126/><V21/><F70/><W113/><G113/><T92/><D114/><U82/><E57/><V133/><F133/><W123/><G123/><T32/><D32/><U78/><E47/><V121/><F14/><W54/><G59/><T33/><D33/><U1/><REACH who="1" step="1"/><E4/><REACH who="1" ten="183,201,381,225" step="2"/><V97/><F125/><W135/><G135/><T61/><D132/><U41/><AGARI ba="1,1" hai="0,1,8,15,16,41,46,48,78,82,85,96,100,105" machi="41" ten="20,12000,2" yaku="1,1,2,1,0,1,7,1,52,1,54,1,53,0" doraHai="44" doraHaiUra="63" who="1" fromWho="1" sc="183,-31,201,133,381,-31,225,-61" /><INIT seed="4,0,0,5,5,76" ten="152,334,350,164" oya="0" hai0="62,30,71,1,16,2,53,120,129,45,79,26,9" hai1="102,47,107,95,109,40,82,59,50,4,132,131,64" hai2="36,38,33,101,122,73,93,124,66,7,28,118,123" hai3="106,86,103,94,63,41,48,112,58,121,12,60,87"/><T61/><D120/><U6/><E107/><V37/><F73/><W100/><G121/><T56/><D129/><U44/><E109/><V55/><F66/><W35/><G35/><T88/><D45/><U21/><E131/><V92/><F7/><W127/><G112/><T105/><D105/><U134/><E47/><V32/><F124/><W27/><G127/><T91/><D79/><U130/><E130/><V20/><F20/><W11/><G27/><T83/><D91/><U125/><E21/><V98/><F118/><W128/><G106/><T90/><D90/><U89/><E102/><V133/><F133/><N who="1" m="51305" /><E82/><V74/><F101/><W29/><G29/><T46/><D46/><U43/><E43/><V78/><F28/><W113/><G113/><T25/><D25/><U69/><E69/><V10/><F122/><W81/><G41/><T13/><D62/><N who="1" m="37983" /><E125/><V111/><F123/><W17/><G128/><T5/><D71/><U119/><E119/><V97/><F111/><W67/><G103/><T24/><D24/><U8/><E8/><V18/><F10/><W75/><G75/><T72/><D72/><U65/><E65/><V135/><F74/><W80/><G100/><T34/><REACH who="0" step="1"/><D5/><REACH who="0" ten="142,334,350,164" step="2"/><U84/><AGARI ba="0,1" hai="4,6,40,44,50,84,89,95" m="37983,51305" machi="84" ten="30,1100,0" yaku="20,1" doraHai="76" who="1" fromWho="1" sc="142,-5,334,21,350,-3,164,-3" /><INIT seed="5,0,0,5,4,117" ten="137,355,347,161" oya="1" hai0="76,73,100,62,83,108,116,25,106,86,96,109,75" hai1="127,3,91,94,34,55,27,5,0,101,45,80,38" hai2="85,128,111,119,122,56,97,26,28,53,105,54,41" hai3="30,78,72,57,64,29,102,93,4,8,12,130,7"/><U114/><E127/><V70/><F119/><W131/><G7/><T23/><D116/><U92/><E114/><V63/><F111/><W110/><G110/><T46/><D109/><U43/><E101/><V16/><F70/><W48/><G78/><T44/><D108/><U10/><E3/><V81/><F41/><W21/><G72/><T103/><D100/><U95/><E55/><V37/><F37/><W9/><G9/><T112/><D112/><U68/><E68/><V84/><F128/><N who="3" m="49195" /><G21/><T51/><D62/><U61/><E61/><V129/><F97/><N who="3" m="59695" /><G64/><T135/><D135/><U99/><E34/><V77/><F105/><W115/><G115/><T67/><D67/><U82/><E27/><V87/><F129/><W47/><G57/><T120/><D46/><U52/><E99/><V60/><F28/><W50/><G50/><T33/><D33/><U88/><REACH who="1" step="1"/><E52/><AGARI ba="0,0" hai="4,8,12,29,30,47,48,52" m="59695,49195" machi="52" ten="30,2000,0" yaku="19,1,54,1" doraHai="117" who="3" fromWho="1" sc="137,0,355,-20,347,0,161,20" /><INIT seed="6,0,0,5,0,96" ten="137,335,347,181" oya="2" hai0="134,126,2,112,20,35,40,128,68,22,116,91,103" hai1="69,5,10,28,43,65,26,82,31,42,66,80,56" hai2="77,11,109,107,78,44,8,133,34,60,105,27,102" hai3="32,48,62,120,57,64,72,76,9,30,6,89,46"/><V83/><F133/><W75/><G120/><T124/><D68/><U93/><E69/><V12/><F109/><W47/><G47/><T18/><D40/><U19/><E19/><V86/><F78/><W104/><G76/><T122/><D91/><U63/><E66/><V73/><F44/><W24/><G104/><T1/><D122/><U15/><E31/><V94/><F60/><W59/><G59/><T132/><D103/><U127/><E127/><N who="0" m="48681" /><D35/><U121/><E121/><V84/><F84/><W4/><G4/><T71/><D71/><U25/><E25/><V111/><F107/><W52/><REACH who="3" step="1"/><G89/><REACH who="3" ten="137,335,347,171" step="2"/><T49/><D116/><U29/><E56/><V54/><F105/><W130/><G130/><T88/><D88/><U110/><E5/><V36/><F77/><W53/><G53/><T125/><D125/><U67/><E43/><V7/><F54/><W119/><G119/><T114/><D49/><U98/><E42/><V101/><F7/><W100/><G100/><T118/><D118/><U23/><E67/><V33/><F102/><W41/><G41/><T0/><D128/><U45/><E65/><V90/><F101/><W21/><G21/><N who="0" m="8299" /><D18/><U87/><E45/><V113/><F90/><W129/><G129/><T16/><D16/><U13/><E63/><V61/><F61/><W58/><G58/><T79/><D79/><U123/><E123/><V135/><F36/><W85/><G85/><T70/><D70/><U117/><E87/><V14/><F86/><W106/><G106/><T92/><D92/><U17/><E93/><V74/><F94/><W37/><G37/><RYUUKYOKU ba="0,1" sc="137,15,335,-15,347,-15,171,15" hai0="0,1,2,112,114,132,134" hai3="6,9,24,30,32,46,48,52,57,62,64,72,75" /><INIT seed="7,1,1,3,5,3" ten="152,320,332,186" oya="3" hai0="34,26,110,80,102,38,92,117,126,79,35,22,19" hai1="49,132,47,17,33,16,56,88,111,133,21,120,96" hai2="71,95,43,113,65,66,39,50,51,24,25,119,115" hai3="27,13,116,104,84,48,44,90,103,29,127,72,73"/><W108/><G116/><T67/><D117/><U40/><E120/><V2/><F119/><W64/><G127/><T89/><D38/><U76/><E111/><V58/><F2/><W30/><G108/><T83/><D110/><U107/><E33/><V97/><F71/><W128/><G128/><T93/><D126/><U59/><E76/><V114/><F39/><W124/><G124/><T123/><D123/><U61/><E17/><V54/><F50/><W31/><G64/><N who="2" m="24681" /><F43/><W134/><G134/><N who="1" m="51818" /><E61/><V85/><F85/><W62/><G62/><T37/><D37/><U118/><E118/><V0/><F0/><W105/><G27/><T87/><D67/><U23/><E23/><V32/><F32/><W68/><G68/><T15/><D35/><U7/><E7/><V63/><F63/><W100/><G13/><T74/><D102/><AGARI ba="1,1" hai="24,25,51,54,58,95,97,102,113,114,115" m="24681" machi="102" ten="30,1000,0" yaku="15,1" doraHai="3" who="2" fromWho="0" sc="152,-13,320,0,332,23,186,0" owari="139,-36.0,320,12.0,355,45.0,186,-21.0" /></mjloggm>