<mjloggm ver="2.3"><GO type="225" lobby="0"/><UN n0="%E5%A4%A7%E5%AE%AE%E5%BF%8D%76" n1="%EF%BC%AE%EF%BC%AF%EF%BD%90%EF%BD%90%EF%BC%AF" n2="%E3%81%95%E3%81%8D%E3%81%9F%E3%81%BE%E6%9E%97%E6%AA%8E" n3="%E8%A3%81%E3%81%8D%E3%81%AE%E9%BE%8D" dan="17,16,16,16" rate="2199.35,2115.24,2134.75,2041.13" sx="M,M,M,F"/><TAIKYOKU oya="0"/><INIT seed="0,0,0,4,1,29" ten="250,250,250,250" oya="0" hai0="43,77,16,97,128,66,63,105,54,57,5,107,126" hai1="74,124,25,36,95,134,0,69,40,14,51,94,106" hai2="129,27,48,90,122,109,38,68,135,115,117,108,22" hai3="44,13,17,80,11,12,104,35,131,55,31,2,46"/><T20/><D128/><U84/><E0/><V114/><F90/><W99/><G2/><T32/><D32/><U73/><E106/><V102/><F102/><W33/><G131/><T88/><D126/><U85/><E124/><V86/><F86/><W71/><G71/><T118/><D118/><U132/><E69/><V76/><F76/><W65/><G65/><T67/><D77/><U127/><E127/><V59/><F68/><W34/><G31/><T50/><D5/><U72/><E36/><V92/><F92/><N who="1" m="35369" /><E14/><V111/><F38/><W62/><G80/><T10/><D10/><U64/><E25/><V21/><F129/><W6/><G99/><T49/><D88/><U61/><E51/><V9/><F122/><W3/><G104/><T87/><D87/><N who="1" m="33355" /><E40/><V45/><F117/><W83/><G83/><T75/><D75/><U101/><E64/><V47/><F48/><W1/><G1/><T26/><D67/><U103/><E61/><V78/><F78/><W112/><G112/><T110/><D97/><U56/><E56/><V98/><F59/><N who="3" m="35199" /><G3/><T4/><D105/><U130/><E130/><V96/><F109/><W121/><G121/><T91/><D107/><U24/><E24/><V125/><F27/><W100/><G100/><AGARI ba="0,0" hai="72,73,74,100,101,103,132,134" m="33355,35369" machi="100" ten="40,8000,1" yaku="28,2,34,2" doraHai="29" who="1" fromWho="3" sc="250,0,250,80,250,0,250,-80" /><INIT seed="1,0,0,5,1,42" ten="250,330,250,170" oya="1" hai0="77,128,28,65,2,59,87,46,24,100,69,7,133" hai1="78,26,32,121,109,85,116,88,123,111,84,50,106" hai2="43,108,113,117,61,4,0,15,97,63,29,92,101" hai3="67,58,51,129,12,10,1,22,47,57,54,86,25"/><U71/><E116/><V96/><F117/><W35/><G129/><T60/><D128/><U122/><E106/><V56/><F0/><W11/><G35/><T37/><D133/><U125/><E71/><V40/><F113/><W17/><G67/><T9/><D100/><U48/><E125/><V30/><F108/><N who="1" m="41545" /><E78/><V68/><F68/><W81/><G1/><T89/><D77/><U52/><E50/><V120/><F120/><W72/><G72/><T66/><D66/><U94/><E85/><V79/><F79/><W110/><G110/><T134/><D134/><U82/><E94/><V6/><F97/><W83/><G11/><T70/><D37/><U64/><E64/><V102/><F102/><W107/><G107/><T98/><D98/><U31/><E123/><V76/><F76/><W5/><REACH who="3" step="1"/><G83/><REACH who="3" ten="250,330,250,160" step="2"/><T124/><D124/><U118/><E118/><V62/><F92/><W130/><G130/><T16/><D70/><U105/><E105/><V20/><F20/><W27/><G27/><T103/><D69/><U8/><E8/><V127/><F127/><W34/><G34/><T126/><D126/><U115/><E115/><V45/><F15/><W99/><G99/><T18/><D24/><U55/><E55/><V114/><F114/><W44/><G44/><AGARI ba="0,1" hai="26,31,32,44,48,52,82,84,88,121,122" m="41545" machi="44" ten="30,12000,1" yaku="14,1,10,1,52,1,54,2" doraHai="42" who="1" fromWho="3" sc="250,0,330,130,250,0,160,-120" /><INIT seed="1,1,0,1,1,72" ten="250,460,250,40" oya="1" hai0="53,109,57,88,48,78,105,12,77,20,21,94,128" hai1="126,62,13,59,42,65,89,1,110,99,5,47,22" hai2="93,35,103,82,51,96,40,104,135,87,32,70,45" hai3="6,33,108,25,101,50,129,44,64,56,24,15,63"/><U134/><E134/><V107/><F70/><W102/><G108/><T7/><D105/><U2/><E110/><V61/><F135/><W60/><G129/><T4/><D109/><U74/><E126/><V131/><F131/><W114/><G114/><T124/><D128/><U52/><E74/><V30/><F107/><W127/><G127/><T123/><D123/><U18/><E5/><N who="0" m="2121" /><D124/><U26/><E13/><V11/><F104/><W28/><G24/><T81/><D81/><U80/><E65/><V67/><F11/><W16/><G6/><T27/><D12/><U117/><E117/><V132/><F132/><W113/><G63/><T122/><D122/><U14/><E14/><V9/><F9/><W100/><G113/><T3/><D3/><U49/><E80/><V112/><F112/><W125/><G125/><T90/><D90/><U111/><E111/><V19/><F19/><W66/><G66/><T23/><D27/><U29/><E29/><V106/><F106/><W10/><REACH who="3" step="1"/><G102/><REACH who="3" ten="250,460,250,30" step="2"/><T69/><D69/><U115/><E115/><V46/><F103/><W58/><G58/><T31/><D31/><U91/><E91/><V120/><F61/><W98/><G98/><AGARI ba="1,1" hai="20,21,23,48,53,57,77,78,88,94,98" m="2121" machi="98" ten="30,7700,0" yaku="8,1,52,2,54,1" doraHai="72" who="0" fromWho="3" sc="250,90,460,0,250,0,30,-80" owari="340,14.0,460,56.0,250,-15.0,-50,-55.0" /></mjloggm>