<mjloggm ver="2.3"><GO type="225" lobby="0"/><UN n0="%69%70%73%E6%88%A6%E5%A3%AB" n1="%E3%82%A4%E3%83%8A%E3%82%BA%E3%83%9E%E8%91%AC%E5%84%80" n2="%E5%AE%89%E8%97%A4%E3%82%AB%E3%82%B1%E3%83%AB" n3="%E6%BE%A4%E6%9D%91%E6%8B%93%E4%B8%80" dan="16,17,16,18" rate="2067.59,2243.67,2043.28,2184.54" sx="M,F,M,M"/><TAIKYOKU oya="0"/><INIT seed="0,0,0,4,1,95" ten="250,250,250,250" oya="0" hai0="121,40,116,124,85,78,16,29,105,123,99,77,114" hai1="119,47,39,70,117,62,81,43,87,118,13,71,21" hai2="93,35,134,88,17,79,74,49,96,53,72,113,24" hai3="2,128,42,59,90,86,122,54,69,126,51,65,38"/><T82/><D116/><U135/><E135/><V63/><F113/><W84/><G122/><T33/><D114/><U41/><E41/><V30/><F134/><W1/><G126/><T83/><D124/><U14/><E62/><V133/><F133/><W3/><G128/><T27/><D40/><U55/><E55/><V18/><F63/><N who="3" m="40127" /><G90/><T48/><D48/><U46/><E46/><AGARI ba="0,0" hai="1,2,3,38,42,46,51,54,59,84,86" m="40127" machi="46" ten="30,1000,0" yaku="24,1" doraHai="95" who="3" fromWho="1" sc="250,0,250,-10,250,0,250,10" /><INIT seed="1,0,0,5,5,134" ten="250,240,250,260" oya="1" hai0="114,32,0,101,18,102,4,124,52,127,76,85,94" hai1="112,19,50,57,96,80,11,34,58,117,25,1,99" hai2="67,38,3,105,62,126,29,7,65,129,92,78,128" hai3="41,82,130,106,23,75,113,90,13,71,27,121,89"/><U81/><E117/><V74/><F105/><W40/><G106/><T119/><D114/><U72/><E112/><V97/><F38/><W109/><G71/><T135/><D119/><U60/><E34/><V48/><F29/><W64/><G113/><T53/><D32/><U12/><E1/><V118/><F118/><W51/><G121/><T26/><D135/><U104/><E72/><V70/><F67/><W16/><G109/><T36/><D36/><U63/><E104/><V115/><F115/><W66/><G130/><T14/><D26/><U87/><E25/><V79/><F7/><W131/><G131/><N who="2" m="50249" /><F3/><W122/><G75/><T10/><D76/><N who="2" m="29226" /><F48/><W2/><G2/><T69/><D69/><U123/><E50/><V56/><F74/><W133/><G133/><T44/><D85/><U91/><E81/><V77/><F77/><W116/><G116/><T47/><D94/><U55/><REACH who="1" step="1"/><E123/><REACH who="1" ten="250,230,250,260" step="2"/><V49/><F92/><W9/><G82/><T15/><D0/><U95/><E95/><V59/><F49/><W68/><G122/><T21/><D47/><U30/><E30/><V98/><F62/><W8/><G51/><T5/><D44/><U43/><E43/><V20/><F97/><W120/><G120/><T28/><D28/><U100/><E100/><V24/><F98/><W37/><G37/><T132/><D132/><U108/><E108/><V22/><F24/><W125/><G27/><T46/><D46/><U33/><E33/><V107/><F107/><W61/><G40/><T88/><D102/><U84/><E84/><V110/><F110/><W45/><G41/><RYUUKYOKU ba="0,1" sc="250,-10,230,30,250,-10,260,-10" hai1="11,12,19,55,57,58,60,63,80,87,91,96,99" /><INIT seed="1,1,1,3,3,22" ten="240,260,240,250" oya="1" hai0="7,101,42,98,102,35,97,75,91,34,4,9,89" hai1="112,69,47,56,2,106,36,16,132,77,99,133,88" hai2="110,104,54,126,51,44,48,124,61,37,60,82,95" hai3="84,53,72,79,127,107,18,20,1,103,87,17,108"/><U19/><E69/><V73/><F104/><W123/><G1/><T52/><D75/><U5/><E112/><V33/><F37/><W59/><G123/><T40/><D9/><N who="1" m="2231" /><E77/><N who="2" m="44335" /><F33/><W50/><G127/><N who="2" m="48681" /><F110/><W43/><G108/><T24/><D52/><U66/><E66/><V23/><F95/><W131/><G131/><T55/><D55/><U76/><E76/><V65/><F65/><W92/><G72/><T12/><D12/><U64/><E106/><V78/><F78/><W49/><G107/><T111/><D111/><U32/><E32/><V94/><F94/><W8/><G79/><T100/><D100/><U38/><E56/><N who="2" m="32863" /><F23/><W128/><G128/><T29/><D29/><U113/><E64/><V120/><F120/><W63/><G92/><T114/><D114/><U96/><E113/><V67/><F67/><W45/><G103/><T118/><D118/><U119/><E119/><V3/><F3/><W58/><G8/><T135/><D135/><N who="1" m="51787" /><E38/><V39/><F39/><W25/><G63/><T130/><D130/><U90/><E99/><V86/><F86/><N who="3" m="32811" /><G59/><T71/><D71/><U129/><E129/><V134/><F134/><W122/><G122/><T115/><D115/><U13/><E96/><V14/><F61/><W117/><G117/><T70/><D70/><U125/><E125/><V11/><F60/><W74/><G74/><T57/><D57/><U26/><E36/><V68/><F68/><W85/><N who="3" m="32819" /><W121/><DORA hai="105" /><G121/><T28/><D28/><AGARI ba="1,1" hai="17,18,20,25,28,43,45,49,50,53,58" m="32819" machi="28" ten="30,2000,0" yaku="8,1,52,1" doraHai="22,105" who="3" fromWho="0" sc="240,-23,260,0,240,0,250,33" /><INIT seed="2,0,0,0,4,118" ten="217,260,240,283" oya="2" hai0="39,83,40,57,8,99,42,32,25,85,100,103,117" hai1="64,30,27,129,80,58,14,115,76,89,0,132,121" hai2="5,101,72,79,46,18,95,51,124,20,2,56,16" hai3="114,86,69,70,7,68,52,54,135,41,23,38,10"/><V126/><F56/><W78/><G114/><T45/><D117/><U53/><E0/><V34/><F34/><W134/><G38/><T75/><D75/><U96/><E115/><V122/><F5/><W94/><G41/><T110/><D110/><U84/><E132/><N who="3" m="50730" /><G23/><T60/><D42/><U73/><E129/><V15/><F2/><N who="3" m="375" /><G94/><T50/><D8/><U24/><E14/><V43/><F18/><W67/><G67/><T37/><D25/><U13/><E13/><V9/><F20/><W120/><G120/><T28/><D28/><U59/><E27/><V87/><F122/><W17/><G17/><T88/><D100/><U109/><E121/><V112/><F112/><W65/><G65/><T62/><D32/><U49/><E109/><V128/><F128/><W93/><G93/><T82/><D82/><AGARI ba="0,0" hai="52,54,68,69,70,78,82,86" m="375,50730" machi="82" ten="40,2600,0" yaku="20,1,54,1" doraHai="118" who="3" fromWho="0" sc="217,-26,260,0,240,0,283,26" /><INIT seed="3,0,0,2,2,87" ten="191,260,240,309" oya="3" hai0="53,99,102,39,66,84,105,0,22,5,130,62,100" hai1="70,58,65,107,127,4,23,78,24,79,37,61,29" hai2="89,85,1,15,109,52,35,88,119,12,135,75,49" hai3="93,120,64,106,28,74,57,32,94,126,34,41,25"/><W113/><G106/><T55/><D39/><U7/><E107/><V83/><F1/><W110/><G120/><T17/><D130/><U3/><E37/><V129/><F35/><W8/><G113/><T131/><D131/><U108/><E108/><V128/><F119/><W21/><G74/><T18/><D100/><U133/><E127/><V54/><F109/><W27/><G126/><T33/><D33/><U76/><E133/><V111/><F111/><W67/><G41/><T11/><D18/><U81/><E3/><V51/><F135/><W47/><G47/><T60/><D60/><U118/><E118/><V86/><F83/><W134/><G134/><T122/><D122/><U9/><E70/><V121/><F121/><W46/><G46/><T96/><D96/><U31/><E31/><V45/><F45/><W10/><G110/><T40/><D40/><U44/><E44/><V73/><AGARI ba="0,0" hai="12,15,49,51,52,54,73,75,85,86,88,89,128,129" machi="73" ten="25,12000,2" yaku="0,1,22,2,52,2,54,2" doraHai="87" who="2" fromWho="2" sc="191,-30,260,-30,240,120,309,-60" owari="161,-34.0,230,-17.0,360,46.0,249,5.0" /></mjloggm>