<mjloggm ver="2.3"><GO type="169" lobby="0"/><UN n0="%E3%81%86%E3%81%95%E3%81%8E%E3%83%95%E3%82%A1%E3%83%B3%E3%82%B7%E3%83%BC" n1="%6B%61%74%65%72%69%6E%61" n2="%47%2E%4B%2E" n3="%72%52%66%44%79%55%66" dan="17,17,17,16" rate="2156.50,2139.55,2199.46,2118.61" sx="F,M,M,M"/><TAIKYOKU oya="0"/><INIT seed="0,0,0,1,3,17" ten="250,250,250,250" oya="0" hai0="87,128,105,47,124,0,73,15,110,84,12,96,129" hai1="98,123,120,100,93,79,53,80,103,5,20,1,21" hai2="102,25,85,42,62,86,54,117,58,31,112,126,27" hai3="101,6,9,94,72,61,122,63,77,55,104,52,68"/><T2/><D73/><U116/><E116/><V70/><F112/><W32/><G122/><T130/><D124/><U135/><E135/><V36/><F126/><W38/><G32/><T4/><D110/><U7/><E103/><V33/><F117/><W97/><G38/><T114/><D114/><U109/><E109/><V107/><F27/><W41/><G41/><T60/><D47/><U78/><E53/><V11/><F11/><W132/><G132/><T81/><D60/><U44/><E44/><V67/><F102/><W89/><G77/><T64/><D64/><U40/><E40/><V19/><F19/><W106/><G72/><T131/><N who="0" m="32768" /><DORA hai="99" /><T118/><D118/><U115/><E115/><V37/><F107/><W133/><G133/><T108/><D108/><U113/><E113/><V95/><F95/><W30/><G30/><T22/><D22/><N who="1" m="8811" /><E1/><N who="0" m="617" /><D4/><N who="1" m="1611" /><E123/><V74/><F74/><W119/><G119/><T39/><D39/><U91/><E120/><V88/><F37/><W48/><G63/><T51/><D51/><U16/><E16/><V8/><F42/><W35/><G48/><T65/><D65/><U125/><E125/><V29/><F67/><W90/><G61/><T111/><D111/><U66/><E66/><V14/><F62/><W46/><G46/><T24/><D15/><U34/><E34/><V127/><F33/><W45/><G35/><T49/><D49/><U23/><N who="1" m="8819" /><U76/><DORA hai="69" /><E80/><V3/><F36/><W59/><G45/><T57/><D81/><U71/><E71/><V18/><F70/><W83/><G68/><T10/><D12/><RYUUKYOKU ba="0,0" sc="250,-10,250,30,250,-10,250,-10" hai1="76,78,79,91,93,98,100" /><INIT seed="1,1,0,5,2,3" ten="240,280,240,240" oya="1" hai0="91,2,4,45,57,107,89,61,79,71,26,55,69" hai1="9,66,111,86,29,75,76,94,96,23,119,124,83" hai2="30,31,7,22,12,40,28,84,46,56,87,13,131" hai3="42,58,43,133,122,103,117,129,49,93,62,108,101"/><U106/><E119/><V47/><F131/><W20/><G108/><T110/><D110/><U8/><E111/><V68/><F68/><W125/><G122/><T10/><D107/><U78/><E124/><V105/><F105/><W73/><G125/><T132/><D132/><U114/><E114/><V38/><F56/><W127/><G73/><T17/><D79/><U67/><E78/><V34/><F34/><W21/><G127/><T54/><D45/><N who="2" m="16906" /><F40/><N who="3" m="15403" /><G133/><T82/><D55/><U99/><E99/><V15/><F38/><W39/><G39/><T65/><D82/><U77/><E77/><V72/><F72/><W50/><G129/><T102/><D102/><N who="3" m="38921" /><G93/><T32/><D71/><U14/><E106/><V85/><F22/><N who="3" m="8811" /><G117/><T130/><D130/><U120/><E120/><V115/><F115/><W98/><G98/><T36/><D36/><U121/><E121/><V123/><F123/><W113/><G113/><T35/><D35/><U25/><E75/><V97/><F97/><W100/><N who="3" m="38929" /><W80/><DORA hai="18" /><G80/><T1/><D1/><U24/><E94/><V104/><F104/><W135/><G135/><T64/><D69/><U52/><E96/><V48/><F48/><W88/><G88/><N who="0" m="33867" /><D32/><U16/><E25/><V60/><F60/><W118/><G118/><T11/><D2/><U27/><E27/><V51/><F51/><W109/><G109/><T5/><D26/><U70/><E83/><V33/><F33/><W116/><G116/><T74/><D74/><U0/><E0/><V90/><F90/><W44/><G44/><T81/><D81/><U112/><E76/><RYUUKYOKU ba="1,0" sc="240,-15,280,-15,240,15,240,15" hai2="7,12,13,15,28,30,31,84,85,87" hai3="49,50,58,62" /><INIT seed="2,2,0,4,2,68" ten="225,265,255,255" oya="2" hai0="4,36,7,46,39,55,117,85,15,88,38,20,124" hai1="61,119,104,3,80,134,113,123,64,19,69,25,5" hai2="0,40,87,83,74,126,130,72,108,114,89,6,127" hai3="51,131,103,81,122,30,1,95,56,49,23,28,10"/><V97/><F114/><W11/><G131/><T96/><D124/><N who="2" m="47658" /><F40/><W33/><G122/><T84/><D117/><U58/><E134/><V18/><F18/><W98/><G33/><T121/><D121/><U14/><E123/><V2/><F130/><W32/><G32/><T106/><D20/><U9/><E119/><V44/><F44/><W99/><G1/><N who="2" m="617" /><F6/><W91/><G81/><T120/><D120/><U94/><E113/><V101/><F108/><W45/><G56/><T76/><D76/><U57/><E104/><AGARI ba="2,0" hai="72,74,83,87,89,97,101,104" m="617,47658" machi="104" ten="30,1500,0" yaku="18,1" doraHai="68" who="2" fromWho="1" sc="225,0,265,-21,255,21,255,0" /><INIT seed="2,3,0,3,2,56" ten="225,244,276,255" oya="2" hai0="123,7,119,69,24,32,34,134,47,85,8,3,113" hai1="93,124,55,30,52,83,53,88,130,121,68,43,102" hai2="71,44,23,61,126,6,115,128,49,80,21,40,50" hai3="67,48,73,91,36,0,11,92,132,26,95,1,57"/><V96/><F115/><W25/><G132/><T70/><D123/><U131/><E121/><V19/><F128/><N who="1" m="49193" /><E68/><V77/><F126/><W84/><G73/><T129/><D113/><U28/><E124/><V114/><F114/><W87/><G36/><T29/><D129/><U17/><E43/><V64/><F6/><W9/><G48/><T31/><D134/><U106/><E83/><V82/><F96/><W78/><G57/><T5/><D119/><U59/><E17/><V101/><F101/><W12/><G12/><T133/><D133/><U63/><E102/><V79/><F49/><W13/><G13/><T116/><D116/><U62/><E106/><V38/><F38/><W120/><G120/><T42/><D85/><N who="1" m="52367" /><E63/><V107/><F107/><W112/><G112/><T37/><REACH who="0" step="1"/><D7/><REACH who="0" ten="215,244,276,255" step="2"/><U18/><E18/><V125/><F19/><W2/><G87/><T117/><D117/><U108/><E108/><V127/><F125/><W33/><G84/><T4/><D4/><U104/><E104/><V20/><REACH who="2" step="1"/><F127/><REACH who="2" ten="215,244,266,255" step="2"/><W76/><G0/><T86/><D86/><U58/><E28/><V109/><F109/><W105/><G105/><T90/><D90/><U122/><E30/><V75/><F75/><W81/><G91/><T111/><D111/><U94/><E122/><V89/><F89/><W97/><G97/><T103/><D103/><U51/><E94/><V66/><F66/><AGARI ba="3,2" hai="51,52,53,55,58,59,62,66" m="52367,49193" machi="66" ten="30,7700,0" yaku="19,1,52,1,54,2" doraHai="56" who="1" fromWho="2" sc="215,0,244,106,266,-86,255,0" /><INIT seed="3,0,0,3,5,69" ten="215,350,180,255" oya="3" hai0="66,79,90,108,26,41,38,15,21,16,24,118,3" hai1="29,64,30,50,129,1,11,31,70,44,36,134,43" hai2="110,120,100,0,40,83,113,6,128,112,94,57,7" hai3="60,81,10,74,53,76,48,54,121,114,102,135,124"/><W68/><G124/><T45/><D108/><U77/><E134/><V75/><F110/><W63/><G114/><T18/><D118/><U80/><E129/><V85/><F128/><W37/><G135/><T42/><D3/><U132/><E132/><V51/><F120/><W9/><G121/><T105/><D105/><U25/><E50/><V52/><F40/><W131/><G131/><T117/><D117/><U86/><E64/><V84/><F75/><W20/><G37/><T95/><D79/><U103/><E103/><V34/><F34/><W111/><G111/><T99/><D66/><U88/><E70/><V35/><F35/><W133/><G133/><T61/><D61/><U17/><E77/><V8/><F7/><W67/><G102/><T39/><D18/><U59/><E59/><V73/><F73/><W82/><G82/><T127/><D127/><U116/><E116/><V98/><REACH who="2" step="1"/><F85/><REACH who="2" ten="215,350,170,255" step="2"/><W71/><G74/><T92/><D92/><U49/><E1/><V65/><F65/><W13/><G67/><T22/><D22/><U87/><E87/><V123/><F123/><W130/><G20/><T4/><D4/><U125/><E125/><V32/><F32/><W107/><G130/><T33/><D33/><U28/><E11/><V2/><F2/><W122/><G9/><T97/><D97/><U23/><N who="1" m="7168" /><DORA hai="93" /><U62/><E43/><V119/><F119/><W12/><G10/><T5/><D5/><U96/><E86/><V56/><F56/><W27/><G122/><T72/><D72/><U78/><E23/><V55/><F55/><W46/><G54/><RYUUKYOKU ba="0,1" sc="215,15,350,-15,170,15,255,-15" hai0="15,16,21,24,26,38,39,41,42,45,90,95,99" hai2="0,6,8,51,52,57,83,84,94,98,100,112,113" /><INIT seed="4,1,1,0,0,60" ten="230,335,185,240" oya="0" hai0="78,82,95,97,17,118,42,23,28,98,64,34,32" hai1="99,48,66,44,57,2,41,46,107,25,104,43,53" hai2="126,93,16,76,50,92,109,19,101,74,130,14,133" hai3="4,94,131,100,39,91,55,13,86,1,5,115,9"/><T3/><D118/><U61/><E2/><V70/><F109/><W7/><G115/><T12/><D3/><U30/><E99/><V81/><F70/><W10/><G131/><T128/><D128/><U52/><E107/><V80/><F130/><W129/><G129/><T67/><D42/><U87/><E87/><V68/><F68/><W47/><G100/><T96/><D28/><U71/><E104/><V116/><F116/><W27/><G27/><T63/><D95/><U0/><E0/><V123/><F123/><W31/><G31/><T26/><D26/><U49/><REACH who="1" step="1"/><E71/><REACH who="1" ten="230,325,185,240" step="2"/><V134/><F74/><W77/><G1/><T54/><D34/><AGARI ba="1,2" hai="25,30,34,41,43,44,46,48,49,52,53,57,61,66" machi="34" ten="30,12000,2" yaku="1,1,2,1,7,1,9,1,52,1,54,1,53,0" doraHai="60" doraHaiUra="83" who="1" fromWho="0" sc="230,-123,325,143,185,0,240,0" /><INIT seed="5,0,0,0,3,69" ten="107,468,185,240" oya="1" hai0="125,10,115,132,9,25,79,4,77,126,22,27,44" hai1="56,118,98,43,72,65,6,81,102,15,124,21,34" hai2="121,120,76,31,48,93,89,84,114,119,46,71,113" hai3="134,75,14,3,78,109,60,83,129,95,40,23,86"/><U49/><E118/><V127/><F71/><W20/><G109/><T106/><D106/><U26/><E124/><N who="0" m="47721" /><D115/><N who="2" m="44042" /><F127/><W63/><G129/><T117/><D117/><U67/><E34/><V122/><F31/><W8/><G134/><T94/><D132/><U33/><E33/><V99/><F119/><W51/><G3/><T12/><D94/><U116/><E116/><V55/><F76/><N who="0" m="29258" /><D22/><N who="3" m="8233" /><G95/><T17/><D44/><U35/><E81/><V54/><F99/><W110/><G75/><T42/><D42/><AGARI ba="0,0" hai="42,46,48,54,55,84,89,93,120,121,122" m="44042" machi="42" ten="40,2600,0" yaku="15,1,11,1" doraHai="69" who="2" fromWho="0" sc="107,-26,468,0,185,26,240,0" /><INIT seed="6,0,0,0,0,74" ten="81,468,211,240" oya="2" hai0="67,36,29,92,54,30,117,60,110,76,57,26,14" hai1="22,51,85,28,19,133,2,73,118,95,62,24,101" hai2="16,105,94,134,61,41,55,113,46,32,126,0,3" hai3="17,88,1,47,45,127,56,96,58,59,13,12,4"/><V20/><F105/><W75/><G127/><T68/><D110/><U39/><E118/><V89/><F113/><W83/><G75/><T64/><D117/><U86/><E133/><V87/><F32/><W109/><G109/><T99/><D36/><U114/><E39/><V115/><F115/><W122/><G122/><T106/><D106/><U71/><E73/><V10/><F134/><W130/><G130/><T98/><D98/><U81/><E2/><V70/><F126/><W103/><G1/><T129/><D129/><U77/><E114/><V5/><F3/><W93/><G4/><T128/><D128/><U63/><E51/><V38/><F55/><W102/><G12/><T79/><D14/><U91/><E101/><N who="3" m="38410" /><G83/><T66/><D68/><U25/><E71/><V11/><F11/><AGARI ba="0,0" hai="11,13,17,45,47,56,58,59,88,93,96" m="38410" machi="11" ten="30,2000,0" yaku="8,1,54,1" doraHai="74" who="3" fromWho="2" sc="81,0,468,0,211,-20,240,20" /><INIT seed="7,0,0,5,1,63" ten="81,468,191,260" oya="3" hai0="125,119,13,53,113,74,14,124,120,15,35,117,107" hai1="57,33,69,131,122,30,90,2,108,59,92,21,51" hai2="123,75,116,130,9,42,1,54,28,93,98,118,91" hai3="65,132,12,27,102,4,16,133,85,88,52,0,50"/><W62/><G102/><T45/><D74/><U67/><E2/><V38/><F28/><W77/><G77/><T134/><D107/><U60/><E122/><V61/><F123/><W70/><G27/><T3/><D120/><U97/><E108/><V19/><F130/><W48/><G4/><T18/><D53/><U10/><E131/><V109/><F109/><W46/><G50/><T20/><D45/><U7/><E33/><V112/><F75/><W84/><G0/><T87/><D87/><U44/><E21/><V25/><F1/><W8/><REACH who="3" step="1"/><G85/><REACH who="3" ten="81,468,191,250" step="2"/><T110/><D110/><U76/><E76/><V26/><F26/><W23/><G23/><T121/><D121/><U89/><E89/><V56/><F25/><W72/><G72/><T100/><D100/><U115/><E115/><V68/><F112/><W31/><G31/><T106/><D113/><U71/><E30/><V101/><F101/><W58/><G58/><T81/><D3/><U32/><E32/><V41/><F38/><W36/><G36/><T99/><D35/><U79/><E79/><V40/><F68/><W29/><G29/><T103/><D20/><U11/><E59/><V78/><F78/><W126/><G126/><N who="0" m="48747" /><D18/><U17/><E17/><V96/><F19/><W47/><G47/><T114/><D114/><U80/><E7/><V135/><F91/><W105/><G105/><T37/><D37/><U111/><E111/><V39/><F39/><W128/><G128/><T95/><D106/><U94/><E71/><V66/><F118/><N who="0" m="45066" /><D134/><U129/><E69/><V104/><F116/><W22/><G22/><RYUUKYOKU ba="0,1" sc="81,15,468,-15,191,-15,250,15" hai0="13,14,15,81,95,99,103" hai3="8,12,16,46,48,52,62,65,70,84,88,132,133" /><INIT seed="7,1,1,2,4,3" ten="96,453,176,265" oya="3" hai0="72,59,22,23,9,113,50,5,128,97,130,49,39" hai1="47,93,134,46,25,83,19,52,111,98,8,131,48" hai2="75,89,115,34,125,104,120,119,122,76,40,4,102" hai3="7,129,123,13,18,62,44,65,101,74,94,73,127"/><W86/><G123/><N who="2" m="47145" /><F40/><W126/><G129/><T118/><D118/><U42/><E131/><V37/><F37/><W6/><G44/><T116/><D116/><U87/><E134/><V60/><F34/><W112/><G112/><T12/><D39/><U79/><E111/><V29/><F29/><W66/><G66/><T91/><D72/><N who="3" m="27753" /><G86/><T81/><D130/><U31/><E31/><V84/><F60/><W43/><G94/><T55/><D128/><U26/><E19/><V35/><F35/><W124/><G101/><T78/><D113/><U100/><E8/><V85/><F4/><W64/><G43/><T132/><D132/><U27/><E27/><V105/><F85/><W109/><G109/><T68/><D68/><U1/><E1/><V15/><F15/><W54/><G54/><T71/><D71/><U38/><AGARI ba="1,1" hai="25,26,38,42,46,47,48,52,79,83,87,93,98,100" machi="38" ten="20,2700,0" yaku="0,1,7,1,54,1" doraHai="3" who="1" fromWho="1" sc="96,-8,453,40,176,-8,265,-14" owari="88,-41.0,493,59.0,168,-23.0,251,5.0" /></mjloggm>