<mjloggm ver="2.3"><GO type="169" lobby="0"/><UN n0="%E3%81%8A%E3%82%8A%E3%81%BE%E3%81%A4" n1="%73%65%61%73%74%6F%72%79" n2="%E3%83%88%E3%82%B7%E3%83%95%E3%83%BC%E3%83%8B" n3="%E3%81%AF%E3%81%98%E3%82%81%E3%81%A3%E3%81%A1" dan="16,16,18,17" rate="2096.36,2106.44,2206.42,2215.95" sx="M,M,M,F"/><TAIKYOKU oya="0"/><INIT seed="0,0,0,4,1,24" ten="250,250,250,250" oya="0" hai0="107,15,42,94,61,84,88,127,111,79,20,115,103" hai1="92,56,71,6,64,66,60,53,120,55,65,23,122" hai2="47,118,0,86,28,37,13,135,102,89,129,99,109" hai3="125,87,116,14,43,49,112,90,105,52,31,85,126"/><T9/><D115/><U76/><E6/><V2/><F109/><W114/><G116/><T1/><D1/><U11/><E76/><V110/><F110/><W29/><G105/><T50/><D127/><N who="3" m="48649" /><G43/><T40/><D61/><U44/><E11/><V75/><F75/><W81/><G14/><T35/><D35/><U93/><E71/><V34/><F13/><W70/><G70/><T30/><D79/><U58/><E44/><V96/><F129/><W131/><G131/><T25/><D50/><U104/><E104/><V73/><F73/><W38/><G38/><T39/><D39/><U106/><E106/><V16/><F135/><W77/><G114/><T22/><D22/><U62/><REACH who="1" step="1"/><E23/><REACH who="1" ten="250,240,250,250" step="2"/><V101/><F47/><N who="3" m="27711" /><G112/><T72/><D111/><U3/><E3/><V130/><F130/><W57/><G57/><T27/><D72/><U123/><AGARI ba="0,1" hai="53,55,56,58,60,62,64,65,66,92,93,120,122,123" machi="123" ten="40,5200,0" yaku="1,1,0,1,9,1,53,0" doraHai="24" doraHaiUra="45" who="1" fromWho="1" sc="250,-26,240,62,250,-13,250,-13" /><INIT seed="1,0,0,3,4,81" ten="224,302,237,237" oya="1" hai0="57,107,53,82,4,125,127,6,101,9,10,73,85" hai1="64,54,123,75,117,106,29,70,113,87,36,128,17" hai2="65,16,91,86,20,92,100,45,30,13,102,49,89" hai3="94,103,19,90,77,1,111,120,2,51,124,44,21"/><U35/><RYUUKYOKU type="yao9" ba="0,0" sc="224,0,302,0,237,0,237,0" hai1="17,29,35,36,54,64,70,75,87,106,113,117,123,128" /><INIT seed="1,1,0,4,1,40" ten="224,302,237,237" oya="1" hai0="134,92,107,86,94,24,103,23,35,97,81,99,117" hai1="54,128,116,19,13,38,104,18,63,110,82,56,77" hai2="73,135,62,130,43,105,5,65,115,114,76,109,90" hai3="85,50,2,80,22,51,60,112,53,84,131,44,106"/><U33/><E116/><V55/><F105/><W48/><G131/><T0/><D35/><U91/><E128/><V118/><F130/><W30/><G112/><N who="2" m="43049" /><F5/><W28/><G106/><T25/><D0/><U122/><E122/><V93/><F118/><W1/><G84/><T95/><D117/><U8/><E33/><V57/><F135/><W75/><G75/><T125/><D134/><U66/><E104/><V4/><F4/><W31/><G2/><T123/><D125/><U74/><E38/><V83/><F43/><W88/><G1/><T120/><D25/><U45/><E110/><V46/><F109/><W26/><G60/><T39/><D39/><U89/><REACH who="1" step="1"/><E18/><AGARI ba="1,0" hai="18,22,26,28,30,31,44,48,50,51,53,80,85,88" machi="18" ten="40,5200,0" yaku="8,1,52,1,54,1" doraHai="40" who="3" fromWho="1" sc="224,0,302,-55,237,0,237,55" /><INIT seed="2,0,0,2,3,15" ten="224,247,237,292" oya="2" hai0="26,91,75,71,59,126,80,20,89,57,2,34,11" hai1="43,10,52,112,128,92,66,122,14,78,102,82,95" hai2="62,46,93,125,105,12,48,8,83,101,97,65,28" hai3="104,33,100,4,135,69,49,58,117,77,44,118,30"/><V38/><F125/><W106/><G69/><T51/><D71/><U5/><E122/><V22/><F38/><W40/><G135/><T87/><D34/><U90/><E112/><V134/><F134/><W129/><G129/><T1/><D75/><U70/><E70/><V132/><F132/><W6/><G77/><T127/><D11/><U116/><E66/><V109/><F109/><W50/><G30/><T121/><D121/><U94/><E116/><V114/><F114/><W16/><G33/><T73/><D73/><U123/><E128/><V53/><F105/><W124/><G124/><N who="0" m="47659" /><D91/><U68/><E68/><V31/><F83/><W3/><G3/><N who="0" m="1035" /><D51/><U23/><E43/><V88/><F101/><W76/><G100/><T115/><D115/><U25/><E102/><V24/><F65/><W9/><G9/><T98/><D98/><U79/><E123/><V99/><F62/><W36/><G36/><T119/><D119/><U96/><E79/><V47/><F99/><W108/><G76/><T63/><D63/><U45/><E78/><V54/><F31/><AGARI ba="0,0" hai="20,26,31,57,59,80,87,89" m="1035,47659" machi="31" ten="30,1000,0" yaku="18,1" doraHai="15" who="0" fromWho="2" sc="224,10,247,0,237,-10,292,0" /><INIT seed="3,0,0,5,1,105" ten="234,247,227,292" oya="3" hai0="90,110,103,8,11,122,71,82,43,37,85,36,135" hai1="132,127,47,5,2,109,52,111,69,126,95,53,104" hai2="66,34,29,91,88,70,113,118,63,22,120,65,56" hai3="107,76,75,42,87,0,62,101,89,46,79,73,40"/><W114/><G0/><T116/><D122/><U81/><E104/><V4/><F113/><W38/><G114/><T35/><D116/><U6/><E69/><V10/><F120/><W93/><G42/><T32/><D71/><U57/><E81/><V60/><F34/><W9/><G9/><T67/><D67/><U61/><E132/><V33/><F33/><W1/><G1/><T99/><D110/><N who="1" m="41995" /><E95/><V121/><F121/><W39/><G62/><T117/><D117/><U72/><E72/><V125/><F125/><N who="1" m="47625" /><E2/><V54/><F118/><W68/><G68/><T128/><D128/><U100/><E100/><V64/><F64/><W13/><G13/><T98/><D43/><U14/><E14/><V48/><F10/><W108/><G108/><T80/><D103/><U78/><E78/><V133/><F4/><N who="1" m="1641" /><E47/><V130/><F130/><W119/><G119/><T44/><D90/><U129/><E129/><V31/><F133/><W7/><G7/><T16/><D44/><U3/><E3/><V124/><F124/><W15/><G15/><T30/><D85/><U58/><E61/><V86/><F91/><W17/><G79/><T77/><D77/><U84/><E84/><V19/><F63/><W134/><G134/><T45/><D45/><U49/><E49/><V55/><F55/><AGARI ba="0,0" hai="52,53,55,57,58" m="1641,47625,41995" machi="55" ten="40,8000,1" yaku="28,2,14,1,18,1,54,1" doraHai="105" who="1" fromWho="2" sc="234,0,247,80,227,-80,292,0" /><INIT seed="4,0,0,4,1,77" ten="234,327,147,292" oya="0" hai0="74,128,35,135,104,48,37,19,47,105,50,60,95" hai1="112,85,108,40,134,98,124,4,12,80,18,29,67" hai2="102,46,59,6,106,15,86,115,39,70,34,5,127" hai3="125,14,13,123,94,78,89,131,31,0,65,76,53"/><T28/><D74/><U92/><E108/><V111/><F70/><W27/><G0/><T52/><D128/><U87/><E134/><V66/><F34/><W3/><G3/><T56/><D135/><U62/><E4/><V122/><F122/><W103/><G131/><T54/><D37/><U43/><E29/><V7/><F111/><W99/><G125/><T33/><D95/><U32/><E32/><V64/><F127/><W84/><G65/><T11/><D60/><U110/><E110/><V1/><F1/><W107/><G123/><T113/><D113/><U130/><E130/><V83/><F115/><W24/><G24/><T30/><D35/><U51/><E51/><V72/><F72/><W126/><G126/><T21/><D11/><U55/><E55/><V97/><F15/><W132/><G132/><T121/><D33/><U96/><E87/><V44/><F59/><W69/><G69/><T73/><D73/><U90/><E98/><V16/><F16/><W61/><G31/><T38/><D38/><U20/><E112/><V45/><REACH who="2" step="1"/><F39/><REACH who="2" ten="234,327,137,292" step="2"/><W23/><G14/><T91/><D121/><U114/><E114/><V10/><F10/><W57/><G13/><T82/><D28/><U8/><E124/><V17/><F17/><W63/><G23/><T101/><D30/><U109/><E20/><V129/><F129/><W93/><G27/><T100/><D19/><U120/><E120/><V117/><F117/><W81/><G57/><T75/><D21/><U26/><E109/><V133/><F133/><W118/><G118/><T2/><D2/><U68/><E26/><RYUUKYOKU ba="0,1" sc="234,-15,327,15,137,15,292,-15" hai1="8,12,18,40,43,62,67,68,80,85,90,92,96" hai2="5,6,7,44,45,46,64,66,83,86,97,102,106" /><INIT seed="5,1,1,5,5,132" ten="219,342,152,277" oya="1" hai0="52,87,126,28,102,39,11,130,62,123,10,60,47" hai1="13,103,21,129,42,134,116,34,56,115,57,48,88" hai2="4,1,99,38,35,85,0,96,106,94,98,86,17" hai3="54,131,112,44,33,95,27,120,83,97,133,91,74"/><U63/><E134/><V75/><F35/><W45/><G120/><T118/><D118/><U68/><E116/><V113/><F38/><W32/><G133/><T2/><D130/><U22/><E34/><V20/><F106/><W55/><G131/><T26/><D102/><U37/><E103/><V51/><F75/><W14/><G112/><T127/><D123/><U15/><E115/><V24/><F113/><W107/><G107/><T40/><D87/><U109/><E37/><V9/><F1/><W84/><G74/><T5/><D11/><U81/><E68/><V46/><REACH who="2" step="1"/><F94/><REACH who="2" ten="219,342,142,277" step="2"/><W23/><G32/><T36/><D39/><U30/><E129/><V7/><F7/><W111/><G33/><T110/><D110/><U31/><E109/><V77/><F77/><W82/><G95/><T117/><D117/><U108/><E108/><V12/><F12/><W73/><G14/><T16/><D28/><U25/><E31/><V121/><F121/><W89/><G111/><T114/><D114/><U80/><E13/><V66/><F66/><W92/><G73/><T69/><D69/><U90/><E15/><V128/><F128/><W67/><G67/><T49/><D26/><U64/><E30/><V76/><F76/><W18/><G83/><T65/><D16/><U59/><E25/><V72/><F72/><W122/><G122/><T119/><D119/><U135/><E81/><V71/><F71/><W104/><G104/><T100/><D65/><U41/><E80/><V53/><AGARI ba="1,2" hai="0,4,9,17,20,24,46,51,53,85,86,96,98,99" machi="53" ten="30,2000,0" yaku="1,1,0,1,53,0" doraHai="132" doraHaiUra="105" who="2" fromWho="2" sc="219,-6,342,-11,142,43,277,-6" /><INIT seed="6,0,0,0,3,78" ten="213,331,185,271" oya="2" hai0="120,38,114,111,107,95,37,17,117,23,64,68,110" hai1="130,51,104,14,15,127,97,133,10,100,55,135,2" hai2="0,119,67,124,105,83,40,28,47,59,77,48,121" hai3="53,90,54,39,46,128,132,44,3,79,19,62,108"/><V116/><F121/><W98/><G108/><T129/><D120/><U113/><E130/><V60/><F105/><W103/><G3/><T115/><D107/><U18/><E127/><V9/><F124/><W106/><G128/><T85/><D129/><U75/><E75/><V96/><F28/><W131/><G131/><T93/><D117/><U69/><E69/><V4/><REACH who="2" step="1"/><F96/><REACH who="2" ten="213,331,175,271" step="2"/><W63/><G98/><T45/><D111/><U74/><E97/><V86/><AGARI ba="0,1" hai="0,4,9,40,47,48,59,60,67,77,83,86,116,119" machi="86" ten="20,18000,2" yaku="1,1,2,1,0,1,7,1,52,1,53,1" doraHai="78" doraHaiUra="35" who="2" fromWho="2" sc="213,-60,331,-60,175,190,271,-60" /><INIT seed="6,1,0,5,5,132" ten="153,271,365,211" oya="2" hai0="57,55,123,24,52,42,94,44,120,104,7,107,130" hai1="54,99,30,47,117,119,67,101,35,6,48,79,49" hai2="34,114,133,105,5,103,23,21,76,84,29,64,62" hai3="93,53,18,17,109,75,14,77,32,25,118,88,12"/><V22/><F133/><W37/><G118/><T121/><D130/><U19/><E6/><V27/><F114/><W8/><G37/><T26/><D7/><U116/><E67/><V92/><F5/><W102/><G102/><T58/><D94/><U124/><E79/><V69/><F92/><W111/><G25/><N who="0" m="9835" /><D44/><U65/><E65/><V2/><F2/><W90/><G32/><T96/><D96/><U39/><E30/><V106/><F106/><N who="0" m="40490" /><D42/><U33/><E39/><V10/><F10/><W125/><G93/><T87/><D87/><U43/><E19/><V97/><REACH who="2" step="1"/><F23/><REACH who="2" ten="153,271,355,211" step="2"/><W135/><G8/><T9/><D9/><U95/><E33/><V80/><AGARI ba="1,1" hai="21,22,27,29,34,62,64,69,76,80,84,97,103,105" machi="80" ten="30,12000,1" yaku="1,1,2,1,0,1,25,2,53,0" doraHai="132" doraHaiUra="134" who="2" fromWho="2" sc="153,-41,271,-41,355,133,211,-41" /><INIT seed="6,2,0,3,4,21" ten="112,230,488,170" oya="2" hai0="37,84,70,16,85,8,128,96,101,73,12,3,14" hai1="33,127,61,50,35,62,91,4,98,124,46,115,67" hai2="92,47,6,66,114,126,65,59,81,72,83,68,42" hai3="7,105,129,17,13,18,26,123,112,23,27,56,40"/><V125/><F114/><W82/><G105/><T104/><D73/><U107/><E115/><V52/><F6/><W41/><G112/><T30/><D37/><U87/><E4/><V131/><F92/><W57/><G123/><T15/><D3/><U122/><E122/><V39/><F131/><W32/><G129/><T77/><D128/><U45/><E98/><V69/><F83/><W88/><G32/><T89/><D70/><N who="2" m="27242" /><F81/><W53/><G7/><T99/><D77/><U36/><E107/><V133/><F72/><W120/><G120/><T95/><D15/><U75/><E75/><V54/><F54/><W110/><G110/><T20/><REACH who="0" step="1"/><D30/><REACH who="0" ten="102,230,488,170" step="2"/><U55/><E127/><N who="2" m="48651" /><F133/><W134/><G134/><T1/><D1/><U11/><E124/><V25/><F25/><W94/><G26/><T22/><D22/><U31/><E35/><V79/><F79/><W2/><G2/><T121/><D121/><U43/><E31/><V116/><F116/><W29/><G29/><T48/><D48/><AGARI ba="2,1" hai="39,42,47,48,52,59,65,66" m="48651,27242" machi="48" ten="30,11600,0" yaku="18,1,34,2,54,1" doraHai="21" who="2" fromWho="0" sc="102,-122,230,0,488,132,170,0" owari="-20,-52.0,230,3.0,620,72.0,170,-23.0" /></mjloggm>