<mjloggm ver="2.3"><GO type="185" lobby="0"/><UN n0="%E3%81%97%E3%82%81%E3%81%98%E3%82%93" n1="%E3%83%A8%E3%82%A2%E3%83%88%E3%83%AB" n2="%E3%83%84%E3%83%BC%E3%82%A2%E3%82%A6%E3%83%88" n3="" dan="17,16,16,0" rate="2265.33,2144.40,2097.49,1500.00" sx="F,M,M,C"/><TAIKYOKU oya="0"/><INIT seed="0,0,0,0,4,131" ten="350,350,350,0" oya="0" hai0="35,97,102,116,38,0,107,45,126,44,106,96,39" hai1="81,36,69,60,129,92,86,32,125,52,3,64,70" hai2="123,76,46,58,127,114,132,93,117,43,112,41,105" hai3=""/><T104/><D35/><U98/><E129/><V55/><N who="2" m="31520" /><V40/><F105/><T99/><D0/><U90/><E125/><V67/><F76/><T56/><D126/><U101/><E32/><V1/><F93/><T73/><D73/><U78/><E36/><V121/><N who="2" m="31008" /><V48/><F1/><T77/><D116/><U122/><N who="1" m="31264" /><U80/><E3/><V71/><F127/><T42/><D56/><U83/><E69/><V72/><F72/><T51/><D77/><U111/><E111/><V135/><F117/><T49/><D102/><U82/><REACH who="1" step="1"/><E52/><REACH who="1" ten="350,340,350,0" step="2"/><V59/><F71/><T113/><REACH who="0" step="1"/><D113/><REACH who="0" ten="340,340,350,0" step="2"/><N who="2" m="43626" /><F67/><T88/><D88/><AGARI ba="0,2" hai="60,64,70,78,80,81,82,83,86,88,90,92,98,101" m="31264" machi="88" ten="40,8000,1" yaku="1,1,52,1,54,1,53,2" doraHai="131" doraHaiUra="84" who="1" fromWho="0" sc="340,-80,340,100,350,0,0,0" /><INIT seed="1,0,0,1,1,123" ten="260,440,350,0" oya="1" hai0="130,76,106,101,134,39,77,64,118,32,73,94,115" hai1="95,82,59,109,98,119,72,56,51,63,43,53,34" hai2="107,93,125,74,42,114,124,44,46,116,85,57,52" hai3=""/><U86/><E119/><V71/><F116/><T55/><D118/><U3/><E3/><V68/><F107/><T132/><D115/><U78/><E34/><V122/><N who="2" m="31264" /><V79/><F74/><T117/><D39/><U83/><E109/><V105/><F105/><T36/><D36/><U40/><E82/><V0/><F0/><T61/><D106/><U70/><E70/><N who="2" m="26667" /><F93/><T112/><D73/><U66/><REACH who="1" step="1"/><E72/><REACH who="1" ten="260,430,350,0" step="2"/><V102/><F114/><T133/><D112/><U111/><E111/><V131/><F131/><T90/><D130/><U33/><E33/><V54/><F79/><T69/><D117/><U87/><E87/><V129/><F85/><T38/><D32/><U67/><E67/><V80/><F129/><T100/><D69/><U50/><E50/><V99/><F80/><T108/><D38/><U60/><E60/><V1/><F1/><T92/><D108/><U120/><N who="1" m="30752" /><U41/><E41/><V2/><F42/><T45/><D134/><U97/><E97/><V126/><F99/><T58/><D133/><U62/><E62/><V37/><F37/><T135/><D132/><U121/><N who="1" m="31008" /><U75/><E75/><V35/><F2/><T48/><D135/><U104/><E104/><V81/><F81/><RYUUKYOKU type="nm" ba="0,1" sc="260,60,430,-40,350,-20,0,0" hai1="40,43,51,53,56,59,63,66,78,83,86,95,98" /><INIT seed="1,1,1,2,0,86" ten="320,390,330,0" oya="1" hai0="78,38,101,56,84,133,114,130,119,89,127,109,41" hai1="115,49,96,104,70,45,71,76,73,75,88,60,91" hai2="63,66,53,46,92,80,116,97,34,47,37,35,51" hai3=""/><U87/><E115/><V72/><F116/><T43/><D114/><U39/><E39/><V64/><F64/><T74/><D119/><U110/><E110/><V50/><F37/><T94/><D109/><U131/><E131/><V90/><F80/><T122/><N who="0" m="31264" /><T61/><D130/><U108/><E108/><V102/><F72/><T113/><D113/><U2/><E2/><V69/><REACH who="2" step="1"/><F102/><REACH who="2" ten="320,390,320,0" step="2"/><T126/><D38/><U32/><E75/><V118/><F118/><T93/><D74/><U79/><E73/><V40/><AGARI ba="1,2" hai="34,35,40,46,47,50,51,53,63,66,69,90,92,97" machi="40" ten="20,3900,0" yaku="1,1,0,1,7,1,52,1,53,0" doraHai="86" doraHaiUra="33" who="2" fromWho="2" sc="320,-14,390,-27,320,61,0,0" /><INIT seed="2,0,0,3,1,37" ten="306,363,381,0" oya="2" hai0="51,105,92,32,126,76,39,0,49,79,52,60,82" hai1="118,122,38,72,107,42,134,104,100,128,47,35,103" hai2="84,68,61,110,74,112,89,77,36,115,48,73,111" hai3=""/><V56/><F36/><T133/><D105/><U131/><N who="1" m="31264" /><U44/><E72/><N who="2" m="27755" /><F68/><T40/><D126/><U34/><E118/><V88/><F48/><T66/><D133/><U99/><E134/><V3/><F3/><T59/><D82/><U64/><E64/><V45/><F45/><T117/><D117/><U62/><E62/><V53/><F77/><T54/><D32/><N who="1" m="12331" /><E47/><V75/><N who="2" m="27763" /><V69/><DORA hai="33" /><F69/><T95/><D0/><U2/><E2/><V114/><F53/><T90/><D39/><U97/><AGARI ba="0,0" hai="38,42,44,97,99,100,103,104,107,128,131" m="12331,31264" machi="97" ten="30,3000,0" yaku="23,1,52,2" doraHai="37,33" who="1" fromWho="1" sc="306,-10,363,30,381,-20,0,0" /><INIT seed="4,0,0,5,3,117" ten="296,393,361,0" oya="0" hai0="88,101,62,76,134,111,2,32,84,103,54,105,83" hai1="82,33,81,129,77,75,119,93,36,135,60,79,61" hai2="1,132,44,53,34,68,124,0,64,120,133,130,86" hai3=""/><T3/><D32/><U50/><E36/><V95/><N who="2" m="30752" /><V92/><F34/><T122/><N who="0" m="31264" /><T52/><D134/><N who="2" m="51818" /><F124/><T113/><D113/><U73/><E135/><V37/><F130/><T104/><D111/><U56/><E129/><V87/><F64/><T121/><N who="0" m="31008" /><T126/><D126/><U131/><E119/><V38/><F68/><T70/><D70/><U106/><E106/><V116/><F116/><T85/><D62/><U80/><E131/><V72/><F72/><T110/><D110/><U96/><E82/><V108/><F108/><T102/><D105/><U48/><E33/><V94/><F53/><T118/><D104/><U55/><E61/><V89/><F44/><T57/><D118/><U112/><E112/><V35/><F35/><T71/><D71/><U114/><E114/><V49/><F49/><T65/><D65/><U66/><E66/><V41/><F41/><T78/><D54/><U58/><E58/><V59/><F59/><T63/><REACH who="0" step="1"/><D84/><REACH who="0" ten="286,393,361,0" step="2"/><U109/><E109/><V42/><F87/><T40/><D40/><U45/><E60/><V98/><F42/><T125/><D125/><U67/><E67/><V115/><F115/><T127/><D127/><U69/><E69/><V39/><F86/><RYUUKYOKU ba="0,1" sc="286,10,393,-20,361,10,0,0" hai0="2,3,52,57,63,76,78,83,85,88,101,102,103" hai2="0,1,37,38,39,89,92,94,95,98" /><INIT seed="4,1,1,4,0,0" ten="296,373,371,0" oya="0" hai0="110,58,106,93,124,76,41,83,107,104,130,40,74" hai1="117,61,42,92,111,56,39,45,1,60,52,80,85" hai2="84,100,82,119,36,71,109,134,132,79,35,90,59" hai3=""/><T57/><D130/><U54/><E111/><V48/><F71/><T97/><D110/><U87/><E117/><V113/><F36/><T118/><D118/><U108/><E108/><V75/><F109/><T72/><D124/><U125/><E125/><V62/><F119/><T3/><D3/><U103/><E1/><V115/><F100/><T55/><D72/><U101/><E92/><V70/><F70/><T38/><D38/><U88/><E87/><V77/><F48/><T121/><N who="0" m="31008" /><T99/><D58/><AGARI ba="1,1" hai="39,42,45,52,54,56,58,60,61,80,85,88,101,103" machi="58" ten="40,5200,0" yaku="9,1,54,2" doraHai="0" who="1" fromWho="0" sc="296,-54,373,64,371,0,0,0" /><INIT seed="5,0,0,4,5,48" ten="242,437,371,0" oya="1" hai0="98,107,103,82,38,120,56,50,32,95,34,58,60" hai1="37,64,100,127,63,55,36,41,106,46,53,105,83" hai2="134,57,77,81,122,128,91,76,93,74,61,123,40" hai3=""/><U109/><E127/><V52/><N who="2" m="31264" /><V129/><N who="2" m="31520" /><V1/><F1/><T86/><N who="0" m="30752" /><T78/><D38/><U108/><E37/><V65/><F134/><T85/><D50/><U125/><E125/><V92/><F77/><T101/><D58/><U80/><E80/><V84/><F40/><T116/><D116/><U132/><E83/><V104/><F104/><T71/><D71/><U102/><E106/><V68/><REACH who="2" step="1"/><F93/><REACH who="2" ten="242,437,361,0" step="2"/><T135/><D135/><U43/><E132/><V69/><F69/><T121/><N who="0" m="31008" /><T44/><D32/><U130/><E105/><V49/><AGARI ba="0,1" hai="49,52,57,61,65,68,74,76,81,84,91,92,128,129" m="31520,31264" machi="49" ten="30,9000,2" yaku="1,1,0,1,52,3,54,1,53,0" doraHai="48" doraHaiUra="33" who="2" fromWho="2" sc="242,-30,437,-60,361,100,0,0" /><INIT seed="6,0,0,0,3,94" ten="212,377,461,0" oya="2" hai0="70,33,64,57,80,37,118,121,133,131,74,114,115" hai1="108,58,84,135,69,86,95,72,51,123,39,111,68" hai2="75,116,61,42,73,55,105,112,50,35,132,99,110" hai3=""/><V117/><F35/><T100/><RYUUKYOKU type="yao9" ba="0,0" sc="212,0,377,0,461,0,0,0" hai0="33,37,57,64,70,74,80,100,114,115,118,121,131,133" /><INIT seed="6,1,0,5,4,130" ten="212,377,461,0" oya="2" hai0="59,79,65,71,44,83,76,103,115,38,49,56,104" hai1="62,117,95,112,111,127,102,133,51,114,99,69,123" hai2="41,82,120,129,63,86,134,61,73,128,42,91,3" hai3=""/><V68/><N who="2" m="30752" /><V74/><F3/><T98/><D115/><U57/><N who="1" m="31520" /><U116/><E111/><V101/><F134/><T96/><D38/><U106/><E106/><V72/><F101/><T54/><D71/><U43/><E133/><V110/><F110/><T48/><D104/><U126/><E69/><V105/><F105/><T33/><D33/><U94/><E51/><V97/><F97/><T50/><D50/><U90/><E43/><N who="2" m="16395" /><F68/><T53/><D103/><U132/><E132/><V135/><F135/><T118/><D118/><U88/><E102/><V100/><F100/><T45/><REACH who="0" step="1"/><D83/><REACH who="0" ten="202,377,461,0" step="2"/><U1/><E116/><V89/><F129/><T119/><D119/><U70/><E117/><V131/><F128/><T80/><D80/><U81/><E81/><V37/><F131/><T67/><AGARI ba="1,1" hai="44,45,48,49,53,54,56,59,65,67,76,79,96,98" machi="67" ten="25,6000,1" yaku="1,1,0,1,22,2,8,1,53,0" doraHai="130" doraHaiUra="108" who="0" fromWho="0" sc="202,72,377,-21,461,-41,0,0" owari="274,-33.0,356,-4.0,420,37.0,0,0.0" /></mjloggm>