<mjloggm ver="2.3"><GO type="185" lobby="0"/><UN n0="%E4%BD%90%E8%97%A4%E7%BE%8E%E5%92%8C%E5%AD%90" n1="%6D%6B%6F%6A%69" n2="%44%75%73%6B" n3="" dan="16,17,16,0" rate="2132.94,2248.25,2216.18,1500.00" sx="M,M,M,C"/><TAIKYOKU oya="0"/><INIT seed="0,0,0,4,0,64" ten="350,350,350,0" oya="0" hai0="85,82,3,114,84,80,55,42,99,94,95,51,41" hai1="53,98,88,56,131,128,68,66,117,52,72,107,69" hai2="65,125,127,89,130,78,47,74,2,134,49,75,126" hai3=""/><T38/><D114/><U86/><E117/><V46/><F2/><T61/><D3/><U106/><E72/><V118/><F118/><T63/><D99/><U90/><E66/><V1/><F1/><T101/><D101/><U97/><E56/><V71/><F130/><T62/><D38/><U105/><E105/><V102/><F102/><T0/><D0/><U112/><REACH who="1" step="1"/><E86/><REACH who="1" ten="350,340,350,0" step="2"/><V43/><F74/><T35/><D84/><U111/><E111/><V32/><F32/><T100/><D85/><U70/><E70/><V67/><F71/><T110/><D110/><U45/><E45/><V93/><F47/><T116/><D116/><U132/><E132/><V40/><F134/><T60/><D35/><U57/><E57/><V124/><F124/><T44/><D44/><U54/><E54/><V120/><N who="2" m="30752" /><V119/><F119/><T33/><D55/><U103/><E103/><V34/><F34/><T81/><D100/><U48/><E48/><V104/><F104/><T92/><D33/><U108/><E108/><V36/><F49/><T58/><D51/><U135/><E135/><V121/><N who="2" m="31008" /><V115/><F46/><T91/><N who="0" m="15360" /><DORA hai="123" /><T113/><D58/><U37/><E37/><V96/><F36/><T109/><D109/><RYUUKYOKU ba="0,1" sc="350,-10,340,20,350,-10,0,0" hai1="52,53,68,69,88,90,97,98,106,107,112,128,131" /><INIT seed="1,1,1,2,1,124" ten="340,360,340,0" oya="1" hai0="103,75,118,35,54,37,114,72,121,96,89,49,127" hai1="126,60,102,134,40,55,117,116,90,74,94,38,98" hai2="34,133,69,97,46,56,45,70,53,43,3,123,92" hai3=""/><U84/><E126/><V59/><N who="2" m="31520" /><V101/><F34/><T32/><N who="0" m="31008" /><T128/><D127/><U85/><E74/><V99/><F3/><T112/><D37/><U61/><E85/><V131/><F133/><T130/><D89/><U109/><E134/><V77/><F77/><T39/><D39/><U50/><E38/><V91/><F131/><N who="0" m="50218" /><D118/><U107/><E109/><V51/><F56/><T95/><D75/><U79/><E79/><V113/><F113/><N who="0" m="43626" /><D72/><U119/><E40/><V135/><F135/><T78/><D78/><U106/><E90/><V65/><F65/><T41/><D41/><U87/><E119/><V42/><F42/><T81/><D81/><U48/><E55/><V33/><F33/><T68/><D68/><U132/><E132/><V115/><F115/><T2/><D2/><U44/><E117/><V100/><F91/><T88/><D88/><U36/><E36/><V71/><REACH who="2" step="1"/><F43/><REACH who="2" ten="340,360,330,0" step="2"/><T47/><AGARI ba="1,2" hai="32,35,47,49,54,95,96,103" m="43626,50218,31008" machi="47" ten="30,6000,1" yaku="19,1,52,4" doraHai="124" who="0" fromWho="0" sc="340,82,360,-41,330,-21,0,0" /><INIT seed="2,0,0,1,4,104" ten="422,319,309,0" oya="2" hai0="45,91,67,105,78,88,35,112,56,93,127,121,106" hai1="102,40,83,114,34,81,129,65,49,52,41,99,86" hai2="2,63,113,101,131,96,48,133,135,85,43,73,72" hai3=""/><V89/><F113/><T0/><N who="0" m="31008" /><T47/><D35/><U122/><N who="1" m="31264" /><U76/><E114/><V111/><F2/><T110/><D0/><U3/><E34/><V108/><F63/><T119/><D112/><U66/><E129/><V32/><F32/><T60/><D119/><U53/><E3/><V37/><F37/><T123/><N who="0" m="31520" /><T128/><D128/><U55/><E83/><V46/><F131/><T33/><D33/><U79/><E79/><V70/><F70/><T57/><D78/><U74/><E86/><V90/><F96/><T82/><D110/><N who="2" m="42026" /><F101/><T75/><D60/><U69/><E69/><V132/><F89/><T84/><D91/><U36/><E36/><V61/><F61/><T100/><D88/><U77/><E49/><V1/><F1/><T134/><D100/><U125/><E102/><V107/><F107/><T64/><D106/><U50/><E50/><V103/><F103/><T95/><D105/><U117/><E99/><V98/><F98/><T94/><D67/><U71/><E65/><V54/><F43/><T126/><D64/><U109/><E40/><V115/><F115/><T38/><D38/><U120/><E41/><V97/><F97/><T39/><D39/><U68/><E120/><RYUUKYOKU ba="0,0" sc="422,-10,319,-10,309,20,0,0" hai2="46,48,54,72,73,85,90,132,133,135" /><INIT seed="2,1,0,3,2,117" ten="412,309,329,0" oya="2" hai0="59,116,38,124,47,104,53,34,60,75,107,111,105" hai1="109,52,2,86,81,0,1,77,123,88,80,115,128" hai2="125,61,119,37,102,32,71,118,84,122,51,36,87" hai3=""/><V63/><N who="2" m="31264" /><V76/><F32/><T127/><D116/><U78/><N who="1" m="31520" /><U45/><E115/><V41/><F102/><T89/><D34/><U33/><E33/><V40/><F76/><T134/><D75/><U121/><N who="1" m="31008" /><U129/><E109/><V43/><F125/><N who="0" m="48202" /><D134/><U100/><E100/><V94/><F94/><T83/><D111/><U126/><E126/><V82/><F82/><T133/><D133/><U39/><E52/><V91/><F91/><T112/><D112/><U70/><E70/><V96/><F96/><T120/><N who="0" m="30752" /><T55/><D55/><U101/><E101/><V74/><F74/><T42/><D89/><U35/><E35/><V114/><F114/><T92/><D92/><U57/><E57/><V113/><F113/><T64/><D83/><U50/><E50/><V90/><F90/><T93/><D93/><U44/><E44/><V95/><F95/><T97/><D53/><U67/><E67/><V99/><F99/><AGARI ba="1,0" hai="38,42,47,59,60,64,97,99,104,105,107" m="30752,48202" machi="99" ten="40,5200,0" yaku="18,1,52,2" doraHai="117" who="0" fromWho="2" sc="412,54,309,0,329,-54,0,0" /><INIT seed="4,0,0,4,5,110" ten="466,309,275,0" oya="0" hai0="69,119,129,34,90,63,81,55,50,66,124,91,73" hai1="97,88,121,92,2,130,75,112,44,37,128,40,38" hai2="131,113,125,77,79,57,98,107,67,51,93,60,115" hai3=""/><T96/><D34/><U74/><N who="1" m="31008" /><U101/><E2/><V33/><F107/><T35/><D119/><U133/><E133/><V116/><F116/><T52/><D35/><U126/><E126/><V76/><F33/><T95/><D124/><U54/><E38/><V100/><F125/><T105/><D129/><U43/><E43/><V127/><F127/><T109/><D109/><U65/><E65/><V45/><REACH who="2" step="1"/><F131/><REACH who="2" ten="466,309,265,0" step="2"/><T68/><D105/><U32/><E32/><V82/><F82/><T102/><D81/><U94/><E130/><V39/><F39/><T86/><D95/><U64/><E128/><V58/><F58/><T132/><D68/><U85/><E64/><V134/><F134/><T36/><D69/><U1/><E1/><V104/><F104/><T83/><D83/><U120/><N who="1" m="30752" /><U48/><REACH who="1" step="1"/><E112/><REACH who="1" ten="466,299,265,0" step="2"/><V89/><F89/><T42/><D91/><U47/><AGARI ba="0,2" hai="37,40,44,47,48,54,74,75,85,88,92,94,97,101" m="30752,31008" machi="47" ten="20,9000,2" yaku="1,1,2,1,0,1,7,1,52,2,54,1,53,0" doraHai="110" doraHaiUra="72" who="1" fromWho="1" sc="466,-60,299,110,265,-30,0,0" /><INIT seed="5,0,0,1,4,43" ten="406,409,235,0" oya="1" hai0="134,100,128,117,91,69,71,102,83,48,97,51,127" hai1="67,37,36,35,50,59,65,38,81,121,106,90,120" hai2="57,85,105,122,135,126,41,34,63,96,115,68,44" hai3=""/><U132/><N who="1" m="30752" /><U119/><N who="1" m="31008" /><U95/><E119/><V103/><N who="2" m="31264" /><V74/><F34/><T98/><D117/><U82/><E35/><V94/><F135/><T54/><D134/><U89/><E132/><V42/><F126/><T80/><D91/><U129/><E106/><V52/><F74/><T55/><REACH who="0" step="1"/><D127/><REACH who="0" ten="396,409,235,0" step="2"/><U113/><E90/><V58/><F115/><T70/><D70/><U92/><E113/><V49/><F68/><T109/><D109/><U123/><N who="1" m="31520" /><U131/><E89/><V84/><F105/><T75/><D75/><U99/><E99/><V40/><REACH who="2" step="1"/><F58/><REACH who="2" ten="396,409,225,0" step="2"/><T108/><D108/><U32/><E32/><V53/><AGARI ba="0,2" hai="40,41,42,44,49,52,53,57,63,84,85,94,96,103" m="31264" machi="53" ten="30,9000,2" yaku="1,1,2,1,0,1,8,1,52,2,54,1,53,0" doraHai="43" doraHaiUra="0" who="2" fromWho="2" sc="396,-30,409,-60,225,110,0,0" /><INIT seed="6,0,0,4,5,55" ten="366,349,335,0" oya="2" hai0="66,121,33,133,103,56,40,36,115,127,54,49,79" hai1="63,110,60,39,38,87,120,107,61,77,90,82,113" hai2="122,75,96,50,100,118,92,112,70,86,117,134,69" hai3=""/><V3/><N who="2" m="31264" /><V128/><F75/><T89/><N who="0" m="31008" /><T108/><D108/><U72/><N who="1" m="30752" /><U84/><E110/><V58/><F3/><T119/><D33/><U109/><E109/><V124/><F112/><T95/><D119/><U1/><E1/><V59/><F128/><T105/><D115/><U35/><E113/><V45/><F134/><T93/><D79/><U123/><N who="1" m="31520" /><U51/><E35/><V98/><F124/><T114/><D133/><U126/><E126/><V88/><F117/><T48/><D114/><U64/><E64/><V47/><F47/><T94/><D66/><U101/><E51/><V130/><F130/><T71/><D48/><U102/><E84/><V41/><F98/><T74/><D127/><U131/><E131/><V125/><F125/><T42/><D74/><U91/><E91/><V65/><F118/><T135/><D135/><U62/><N who="1" m="15360" /><DORA hai="78" /><U106/><E106/><V73/><F73/><T44/><D105/><U68/><E68/><N who="2" m="26219" /><F65/><T80/><D71/><U53/><E53/><V2/><F2/><T116/><D116/><U85/><E72/><V99/><F99/><T83/><D89/><U52/><E52/><V104/><F50/><T67/><D67/><U129/><E129/><RYUUKYOKU ba="0,0" sc="366,-10,349,-10,335,20,0,0" hai2="41,45,58,59,86,88,92,96,100,104" /><INIT seed="6,1,0,5,3,43" ten="356,339,355,0" oya="2" hai0="130,57,124,82,73,37,77,115,134,68,50,75,74" hai1="91,58,72,112,103,61,110,48,36,125,94,1,117" hai2="88,63,109,99,67,81,123,42,120,66,93,119,129" hai3=""/><V47/><N who="2" m="30752" /><V113/><N who="2" m="31520" /><V32/><F119/><T78/><D68/><U127/><E1/><V52/><F32/><T97/><D37/><U118/><E110/><V69/><F113/><T2/><D2/><U59/><E72/><V106/><F129/><T108/><D108/><U0/><E0/><V135/><F135/><T46/><D134/><U84/><E36/><V49/><F109/><T54/><D130/><U65/><E103/><V44/><F66/><T40/><D124/><N who="1" m="47691" /><E112/><V35/><F35/><T102/><D78/><U95/><E95/><V90/><F106/><T71/><D71/><U45/><E59/><V79/><F90/><T51/><D115/><U96/><E96/><V62/><F62/><T101/><D101/><U34/><E34/><V80/><F79/><T132/><D132/><U83/><E94/><AGARI ba="1,0" hai="40,46,50,51,54,57,73,74,75,77,82,94,97,102" machi="94" ten="30,2000,0" yaku="7,1,52,1" doraHai="43" who="0" fromWho="1" sc="356,22,339,-22,355,0,0,0" /><INIT seed="8,0,0,1,2,132" ten="378,317,355,0" oya="0" hai0="107,97,53,76,35,64,46,95,120,65,50,101,74" hai1="39,90,110,77,103,119,108,73,113,96,81,3,82" hai2="127,78,52,83,133,43,130,63,75,116,135,70,36" hai3=""/><T40/><N who="0" m="30752" /><T111/><D35/><U47/><E3/><V62/><F130/><T93/><D111/><N who="1" m="42539" /><E47/><V61/><F116/><T59/><D74/><U94/><E39/><V58/><F127/><T68/><D76/><U79/><E119/><V124/><F124/><T2/><D2/><U49/><E49/><V126/><F126/><T131/><D131/><U128/><E128/><V117/><F117/><T56/><D56/><U114/><E103/><V102/><F102/><T51/><REACH who="0" step="1"/><D68/><REACH who="0" ten="368,317,355,0" step="2"/><U91/><E91/><V122/><N who="2" m="31264" /><V80/><F70/><T55/><D55/><U72/><AGARI ba="0,1" hai="72,73,77,79,81,82,90,94,96,113,114" m="42539" machi="72" ten="30,1500,0" yaku="34,2" doraHai="132" who="1" fromWho="1" sc="368,-10,317,25,355,-5,0,0" /><INIT seed="9,0,0,5,1,125" ten="358,342,350,0" oya="1" hai0="129,112,48,39,45,86,57,56,110,0,79,122,107" hai1="80,101,81,62,88,84,61,70,135,50,111,109,60" hai2="116,97,130,131,96,53,113,99,91,33,69,134,108" hai3=""/><U117/><E117/><V89/><F108/><N who="1" m="41545" /><E101/><V44/><F33/><T59/><D107/><U94/><E70/><V90/><F116/><T121/><N who="0" m="31008" /><T115/><N who="0" m="31264" /><T127/><D0/><U120/><N who="1" m="30752" /><U119/><E119/><V35/><F35/><T32/><D32/><U68/><E68/><V38/><F69/><T52/><D127/><U34/><E34/><V54/><F113/><T132/><D132/><U78/><E135/><V124/><F124/><T98/><D110/><U58/><E78/><V65/><F65/><T67/><D67/><U75/><E75/><V118/><F118/><T77/><D77/><U133/><E133/><V82/><F82/><N who="1" m="31849" /><E50/><V3/><F3/><T36/><D79/><U83/><E83/><V92/><F92/><T76/><D76/><U2/><E2/><V103/><F103/><T49/><D49/><U41/><E41/><V63/><F134/><T95/><D95/><U106/><E106/><V100/><F100/><T47/><D112/><U43/><E43/><V71/><F71/><T105/><D105/><U51/><E51/><V93/><F93/><T126/><D48/><U55/><AGARI ba="0,0" hai="55,58,60,61,62,84,88,94" m="31849,30752,41545" machi="55" ten="30,4000,0" yaku="10,1,52,1,54,1" doraHai="125" who="1" fromWho="1" sc="358,-20,342,40,350,-20,0,0" /><INIT seed="9,1,0,2,4,116" ten="338,382,330,0" oya="1" hai0="135,86,106,58,104,70,87,92,77,38,90,55,118" hai1="32,125,73,112,0,48,60,113,119,41,56,94,132" hai2="45,93,40,134,80,84,57,39,102,63,128,36,114" hai3=""/><U35/><E0/><V130/><F134/><T34/><D34/><N who="1" m="12843" /><E73/><V68/><F68/><T42/><D70/><U111/><E94/><V64/><F114/><N who="1" m="44137" /><E41/><V76/><F36/><T101/><D135/><U81/><E132/><V61/><F61/><T85/><D104/><U127/><E81/><V110/><F110/><T123/><D106/><U78/><E78/><V54/><F64/><T109/><D77/><U97/><E97/><V74/><REACH who="2" step="1"/><F102/><REACH who="2" ten="338,382,320,0" step="2"/><T50/><D101/><U53/><E111/><V62/><F62/><T120/><N who="0" m="30752" /><T115/><N who="0" m="31520" /><T98/><D109/><U126/><E119/><V52/><F52/><T67/><D118/><U51/><AGARI ba="1,1" hai="48,51,53,56,60,125,126,127" m="44137,12843" machi="51" ten="40,1400,0" yaku="18,1" doraHai="116" who="1" fromWho="1" sc="338,-8,382,26,320,-8,0,0" owari="330,-7.0,408,36.0,312,-29.0,0,0.0" /></mjloggm>