<mjloggm ver="2.3"><GO type="169" lobby="0"/><UN n0="%E3%81%8B%E3%81%8B%E3%81%8B%E3%81%8B" n1="%E5%A4%A7%E5%92%8C%E7%94%B0%E9%A0%AD%E5%8F%96" n2="%E7%B4%85%E8%8C%B6%30%37" n3="%6B%69%79%6F%70%69%6E" dan="16,18,17,16" rate="2149.10,2236.10,2119.53,2126.79" sx="M,M,M,M"/><TAIKYOKU oya="0"/><INIT seed="0,0,0,1,1,106" ten="250,250,250,250" oya="0" hai0="32,116,125,117,68,108,60,85,29,44,102,6,119" hai1="10,46,89,109,3,128,64,110,25,38,62,54,74" hai2="111,43,40,52,100,51,36,31,72,8,45,24,124" hai3="66,103,120,77,61,9,71,4,73,14,58,1,21"/><T41/><D125/><U127/><E25/><V70/><F70/><W12/><G120/><T16/><D6/><U18/><E127/><V5/><F124/><W107/><G21/><T92/><D108/><U28/><E28/><V84/><F111/><W13/><G107/><T95/><D102/><U59/><E128/><V122/><F122/><W49/><G103/><T81/><D68/><U97/><E97/><V57/><F84/><W83/><G71/><T131/><D60/><U75/><E89/><V47/><F100/><W93/><G93/><T82/><D82/><U33/><E33/><V91/><F91/><W63/><G63/><T23/><D29/><U132/><E132/><V133/><F133/><W87/><REACH who="3" step="1"/><G49/><REACH who="3" ten="250,250,250,240" step="2"/><T19/><D32/><U94/><E94/><V101/><F101/><W105/><G105/><T56/><D92/><U48/><E110/><V76/><F51/><W114/><G114/><T55/><D95/><U37/><E109/><V15/><F36/><W115/><G115/><T11/><D23/><U98/><E98/><V86/><F8/><W96/><G96/><T78/><D11/><U99/><E99/><V7/><F31/><W30/><G30/><T80/><D117/><U129/><E38/><V27/><F24/><W121/><G121/><T88/><D116/><U34/><E37/><V2/><F27/><W130/><G130/><T126/><D119/><U134/><E129/><V26/><F26/><W50/><G50/><T79/><D131/><U35/><E134/><V104/><F104/><W65/><G65/><T22/><D126/><U69/><E69/><RYUUKYOKU ba="0,1" sc="250,-10,250,-10,250,-10,240,30" hai3="1,4,9,12,13,14,58,61,66,73,77,83,87" /><INIT seed="1,1,1,3,2,28" ten="240,240,240,270" oya="1" hai0="6,9,100,18,78,102,70,86,43,13,34,135,71" hai1="89,113,46,127,50,82,74,11,35,103,29,84,64" hai2="80,109,51,52,62,37,99,104,72,131,23,65,93" hai3="106,92,90,119,40,132,73,94,85,16,125,0,66"/><U118/><E113/><V2/><F2/><W97/><G132/><T79/><D135/><U133/><E133/><V26/><F37/><W67/><G125/><T12/><D34/><U59/><E127/><V87/><F72/><W126/><G126/><T105/><D71/><U122/><E122/><V56/><F104/><W75/><G106/><T124/><D70/><U38/><E118/><V76/><F109/><W5/><G40/><T114/><D114/><U20/><E38/><V10/><F131/><W116/><G5/><T47/><D124/><U134/><E134/><V130/><F130/><W108/><G0/><T15/><D15/><U42/><E74/><V21/><F10/><W36/><G36/><T110/><D110/><U112/><E112/><V61/><F26/><W41/><G41/><T30/><D30/><U7/><E103/><N who="0" m="39465" /><D86/><U88/><E35/><V96/><F61/><W8/><G75/><T68/><D68/><U111/><E111/><V98/><REACH who="2" step="1"/><F93/><REACH who="2" ten="240,240,230,270" step="2"/><W1/><G73/><T95/><D95/><U128/><E128/><V3/><F3/><W120/><G1/><T117/><D105/><U48/><E11/><V24/><F24/><W54/><G108/><T25/><D25/><N who="1" m="16551" /><E50/><V45/><AGARI ba="1,2" hai="21,23,45,51,52,56,62,65,76,80,87,96,98,99" machi="45" ten="30,12000,2" yaku="1,1,0,1,8,1,54,1,53,2" doraHai="28" doraHaiUra="19" who="2" fromWho="2" sc="240,-31,240,-61,230,143,270,-31" /><INIT seed="2,0,0,4,2,31" ten="209,179,373,239" oya="2" hai0="77,51,14,2,8,88,59,110,6,52,22,97,63" hai1="1,135,124,38,53,122,99,24,47,69,61,123,100" hai2="101,114,87,119,28,116,98,84,127,36,17,103,11" hai3="12,133,132,129,95,34,74,27,102,105,55,73,50"/><V48/><F36/><W134/><G105/><T107/><D110/><U13/><E1/><V67/><F114/><W54/><G12/><T78/><D2/><U85/><E85/><V111/><F28/><N who="3" m="19743" /><G129/><T7/><D7/><U82/><E82/><V10/><F67/><W35/><G35/><T57/><D22/><U106/><E124/><V62/><F62/><W0/><G0/><T32/><D32/><U115/><E115/><V16/><F48/><W125/><G55/><N who="0" m="31999" /><D107/><U64/><E135/><V30/><F30/><W131/><G131/><T128/><D128/><U29/><E13/><V76/><F98/><N who="3" m="59743" /><G125/><T33/><D33/><N who="1" m="20647" /><E53/><V49/><F49/><W108/><G108/><T23/><D23/><U120/><E47/><AGARI ba="0,0" hai="47,50,54,73,74,132,133,134" m="59743,19743" machi="47" ten="30,2000,0" yaku="20,1,52,1" doraHai="31" who="3" fromWho="1" sc="209,0,179,-20,373,0,239,20" /><INIT seed="3,0,0,5,3,121" ten="209,159,373,259" oya="3" hai0="12,89,72,44,107,73,8,46,54,59,124,63,118" hai1="21,65,18,135,9,40,122,49,87,98,20,56,80" hai2="36,77,19,48,116,39,51,95,66,3,50,53,101" hai3="115,38,109,16,24,103,17,15,93,105,76,128,2"/><W131/><G105/><T1/><D118/><U42/><E122/><V83/><F3/><W37/><G76/><T110/><D1/><U52/><E135/><V0/><F0/><W134/><G115/><T23/><D107/><U28/><E65/><V96/><F116/><W123/><G123/><T47/><D124/><U68/><E68/><V79/><F66/><W74/><G74/><T130/><D130/><N who="3" m="49705" /><G2/><T62/><D23/><U70/><E70/><V84/><F79/><W67/><G67/><T78/><D62/><U129/><E98/><V92/><F36/><W91/><G103/><T133/><D133/><U60/><E129/><V99/><F39/><W57/><G57/><T25/><D25/><U125/><E125/><V32/><F19/><W7/><G7/><T75/><D89/><U10/><E28/><V45/><REACH who="2" step="1"/><F32/><REACH who="2" ten="209,159,363,259" step="2"/><W102/><G38/><T55/><D78/><U30/><E18/><V108/><F108/><W35/><G37/><T11/><D110/><U86/><E30/><V13/><F13/><W94/><G134/><T82/><D12/><U22/><E9/><V27/><F27/><W127/><G109/><T114/><D8/><U69/><E10/><V34/><F34/><W58/><G15/><T117/><D11/><U14/><E14/><V6/><F6/><W113/><G17/><T132/><D117/><U4/><E4/><V26/><F26/><W126/><G126/><T61/><D132/><U119/><E119/><V90/><AGARI ba="0,1" hai="45,48,50,51,53,77,83,84,90,92,95,96,99,101" machi="90" ten="20,8000,1" yaku="1,1,0,1,7,1,8,1,53,1" doraHai="121" doraHaiUra="43" who="2" fromWho="2" sc="209,-20,159,-20,363,90,259,-40" /><INIT seed="4,0,0,3,2,31" ten="189,139,453,219" oya="0" hai0="19,110,52,82,3,57,128,0,18,83,106,101,133" hai1="40,6,66,59,56,99,39,87,92,32,43,48,25" hai2="93,63,78,69,5,135,107,62,121,97,20,44,134" hai3="117,98,104,24,67,4,41,77,111,85,113,119,94"/><T9/><D128/><U16/><E39/><V118/><F121/><W15/><G111/><T127/><D110/><U88/><E6/><V27/><F107/><W65/><G41/><T14/><D127/><U12/><E25/><V75/><F118/><W84/><G104/><T72/><D133/><N who="2" m="50698" /><F5/><W13/><G24/><T129/><D129/><U34/><E99/><V103/><F44/><W68/><G113/><T47/><D47/><U100/><E100/><V102/><F69/><W89/><G68/><T95/><D106/><U29/><E29/><N who="2" m="17639" /><F103/><W132/><G132/><T33/><D33/><N who="1" m="12907" /><E59/><V49/><F49/><W50/><G50/><N who="0" m="30871" /><D72/><U79/><E79/><V60/><F78/><W125/><G77/><T28/><D0/><U108/><E66/><V26/><F26/><W71/><G71/><T51/><D3/><U8/><E8/><V30/><F30/><W61/><G4/><N who="0" m="3367" /><D51/><U35/><N who="1" m="12915" /><U96/><DORA hai="130" /><E108/><V123/><F75/><W112/><G119/><T64/><D64/><U36/><E36/><V23/><F23/><W126/><G65/><T86/><D28/><U76/><E76/><V124/><F124/><W70/><G126/><T45/><D45/><U53/><E96/><V109/><F109/><W80/><G125/><T122/><D122/><U2/><E2/><V55/><F123/><W74/><G117/><T38/><D38/><U105/><E105/><V7/><F7/><W22/><G74/><T17/><D101/><U120/><E120/><V54/><AGARI ba="0,0" hai="54,55,60,62,63,93,97,102" m="17639,50698" machi="54" ten="40,8000,1" yaku="20,1,52,3" doraHai="31,130" who="2" fromWho="2" sc="189,-40,139,-20,453,80,219,-20" /><INIT seed="5,0,0,1,2,43" ten="149,119,533,199" oya="1" hai0="83,14,92,45,71,41,15,29,110,125,19,70,96" hai1="93,66,87,102,126,39,53,117,16,50,25,72,9" hai2="75,5,90,80,134,48,91,122,13,27,114,21,11" hai3="108,105,84,99,86,51,2,36,100,0,58,46,3"/><U4/><E117/><V109/><F114/><W132/><G108/><T133/><D110/><U123/><E123/><V59/><F109/><W85/><G132/><T115/><D115/><U37/><E72/><V89/><F122/><W130/><G130/><T113/><D113/><U124/><E66/><V104/><F104/><W52/><REACH who="3" step="1"/><G36/><REACH who="3" ten="149,119,533,189" step="2"/><T49/><D133/><U73/><E37/><V18/><F134/><W68/><G68/><T98/><D71/><U121/><E39/><V129/><F129/><W112/><G112/><T116/><D70/><U107/><E121/><V95/><F75/><W79/><G79/><T26/><D116/><U81/><E73/><V119/><F119/><W120/><G120/><T22/><D125/><U56/><E124/><V62/><F80/><W76/><G76/><T127/><D127/><U88/><E126/><V33/><F33/><W6/><G6/><T34/><D83/><U23/><E107/><V97/><REACH who="2" step="1"/><F48/><REACH who="2" ten="149,119,523,189" step="2"/><W31/><G31/><T103/><D34/><U8/><E4/><V65/><AGARI ba="0,2" hai="5,11,13,18,21,27,59,62,65,89,90,91,95,97" machi="65" ten="20,8000,1" yaku="1,1,2,1,0,1,7,1,8,1,53,0" doraHai="43" doraHaiUra="35" who="2" fromWho="2" sc="149,-20,119,-40,523,100,189,-20" /><INIT seed="6,0,0,0,3,53" ten="129,79,623,169" oya="2" hai0="93,69,73,1,87,23,50,117,77,131,134,80,119" hai1="24,95,126,71,61,83,52,58,2,31,105,109,124" hai2="37,19,22,129,5,11,100,88,107,101,76,34,125" hai3="85,99,54,33,62,10,90,114,78,127,82,45,59"/><V74/><F34/><W41/><G114/><T28/><D131/><U55/><E109/><V128/><F37/><W120/><G127/><N who="1" m="48682" /><E105/><V12/><F125/><W39/><G33/><T75/><D134/><U16/><E2/><V72/><F76/><W15/><G120/><T7/><D69/><U89/><E71/><V86/><F74/><W38/><G99/><T14/><D1/><U18/><E83/><N who="2" m="49247" /><F72/><W116/><G116/><T29/><D119/><U84/><E55/><V122/><F107/><W91/><G39/><T47/><D117/><U106/><E106/><V35/><F35/><AGARI ba="0,0" hai="16,18,24,31,35,52,58,61,84,89,95" m="48682" machi="35" ten="30,7700,0" yaku="18,1,52,1,54,2" doraHai="53" who="1" fromWho="2" sc="129,0,79,77,623,-77,169,0" /><INIT seed="7,0,0,1,2,129" ten="129,156,546,169" oya="3" hai0="86,8,65,88,50,72,33,70,108,124,112,22,48" hai1="73,45,91,122,135,46,104,47,118,68,123,14,55" hai2="113,98,78,64,119,38,15,3,37,1,120,5,44" hai3="103,89,99,110,35,41,128,57,30,71,80,93,25"/><W100/><G71/><T67/><D33/><U17/><E104/><V29/><F1/><W10/><G128/><T127/><D72/><U49/><E68/><V31/><F38/><W74/><G110/><T107/><D107/><U40/><E135/><V130/><F15/><W56/><G41/><T4/><D108/><U84/><E73/><V77/><F78/><W59/><G74/><T79/><D79/><U83/><E118/><V132/><F98/><W106/><G80/><N who="0" m="49223" /><D112/><U42/><E122/><V75/><F44/><N who="1" m="17001" /><E123/><V58/><F5/><W24/><G106/><T26/><D70/><U94/><E94/><V32/><F113/><W116/><G116/><T12/><D127/><U19/><E19/><V28/><F75/><W95/><G35/><T63/><D124/><U66/><E66/><N who="0" m="25097" /><D63/><U23/><AGARI ba="0,0" hai="14,17,23,40,42,47,49,55,83,84,91" m="17001" machi="23" ten="30,1100,0" yaku="8,1" doraHai="129" who="1" fromWho="1" sc="129,-3,156,11,546,-3,169,-5" owari="126,-37.0,167,-3.0,543,64.0,164,-24.0" /></mjloggm>