<mjloggm ver="2.3"><GO type="185" lobby="0"/><UN n0="%E9%96%A2%E8%A5%BF%E9%9B%80%E5%A3%AB%E4%BC%9A" n1="%E9%95%B7%E5%85%89%E9%BA%BB%E5%A4%9C" n2="%6D%6B%6F%6A%69" n3="" dan="16,16,17,0" rate="2090.38,2186.65,2254.01,1500.00" sx="M,M,M,C"/><TAIKYOKU oya="0"/><INIT seed="0,0,0,1,3,53" ten="350,350,350,0" oya="0" hai0="123,77,84,63,135,67,80,50,34,90,76,60,75" hai1="121,87,130,37,111,107,92,40,78,114,69,117,124" hai2="116,131,82,56,42,38,99,59,119,48,71,45,47" hai3=""/><T74/><N who="0" m="31520" /><T68/><D34/><U62/><E92/><V115/><F115/><T88/><D135/><U44/><E87/><V102/><F71/><T110/><D110/><U1/><E78/><V43/><F82/><T49/><D63/><U65/><E44/><V73/><F73/><T132/><D132/><U95/><E95/><V91/><F91/><T134/><D134/><U122/><E65/><V86/><F86/><T52/><D50/><U54/><E54/><V55/><F131/><T94/><D90/><U41/><E40/><V129/><F129/><T120/><N who="0" m="30752" /><T98/><D76/><U85/><E41/><V101/><F102/><T70/><D70/><U72/><N who="1" m="31008" /><U100/><E85/><V64/><F64/><T112/><D112/><U97/><E62/><V57/><REACH who="2" step="1"/><F43/><REACH who="2" ten="350,350,340,0" step="2"/><T126/><D126/><U128/><E100/><V66/><F66/><T125/><REACH who="0" step="1"/><D125/><REACH who="0" ten="340,350,340,0" step="2"/><U93/><N who="1" m="31264" /><U106/><E128/><V81/><F81/><T105/><D105/><AGARI ba="0,2" hai="38,42,45,47,48,55,56,57,59,99,101,105,116,119" machi="105" ten="40,8000,1" yaku="1,1,52,3,53,1" doraHai="53" doraHaiUra="51" who="2" fromWho="0" sc="340,-80,350,0,340,100,0,0" /><INIT seed="1,0,0,2,4,108" ten="260,350,440,0" oya="1" hai0="49,115,34,36,62,39,73,92,41,56,105,98,51" hai1="124,84,58,107,54,82,3,111,81,67,79,95,133" hai2="33,94,42,40,118,76,90,119,117,45,102,80,43" hai3=""/><U78/><E3/><V110/><F110/><T96/><D34/><U63/><E111/><V47/><F33/><T97/><D105/><U126/><E107/><V93/><F102/><T61/><D73/><U64/><E133/><V52/><F52/><T68/><D68/><U134/><E134/><V135/><F135/><T123/><N who="0" m="31520" /><T122/><N who="0" m="31264" /><T55/><D115/><U129/><E129/><V86/><REACH who="2" step="1"/><F94/><REACH who="2" ten="260,350,430,0" step="2"/><T112/><D112/><U101/><E95/><V44/><F44/><T109/><D109/><U114/><E114/><V59/><F59/><T89/><D36/><U83/><E83/><V121/><N who="2" m="31008" /><V50/><F50/><T74/><D39/><U77/><E101/><V2/><F2/><T75/><D49/><U132/><E132/><V0/><F0/><T35/><D35/><U60/><E82/><V57/><F57/><T85/><REACH who="0" step="1"/><D41/><REACH who="0" ten="250,350,430,0" step="2"/><U104/><E104/><V99/><AGARI ba="0,2" hai="40,42,43,45,47,76,80,86,90,93,99,117,118,119" m="31008" machi="99" ten="40,3900,0" yaku="1,1,0,1,52,1,53,0" doraHai="108" doraHaiUra="100" who="2" fromWho="2" sc="250,-13,350,-26,430,59,0,0" /><INIT seed="2,0,0,2,5,103" ten="237,324,489,0" oya="2" hai0="65,90,128,102,114,50,129,34,81,112,100,77,119" hai1="47,113,83,80,1,110,43,57,108,111,63,67,116" hai2="133,53,70,60,42,86,44,97,88,104,85,55,74" hai3=""/><V94/><F133/><T127/><D34/><U51/><E113/><N who="0" m="43625" /><D119/><U126/><E1/><V36/><F74/><T106/><D65/><U48/><E116/><V109/><F109/><T62/><D62/><U35/><E35/><V39/><F39/><T41/><D41/><U134/><E134/><V91/><F104/><T135/><D135/><U54/><REACH who="1" step="1"/><E126/><REACH who="1" ten="237,314,489,0" step="2"/><V130/><F130/><N who="0" m="50282" /><D127/><U58/><AGARI ba="0,1" hai="43,47,48,51,54,57,58,63,67,80,83,108,110,111" machi="58" ten="30,6000,1" yaku="1,1,0,1,14,1,53,2" doraHai="103" doraHaiUra="78" who="1" fromWho="1" sc="237,-20,314,70,489,-40,0,0" /><INIT seed="4,0,0,3,1,3" ten="217,384,449,0" oya="0" hai0="125,120,45,97,55,105,128,124,48,129,60,61,80" hai1="67,116,0,69,68,90,115,131,35,102,43,59,38" hai2="106,96,79,118,41,39,132,103,112,121,66,78,42" hai3=""/><T49/><N who="0" m="30752" /><T122/><N who="0" m="31264" /><T56/><D80/><U92/><E0/><V65/><N who="2" m="31008" /><V64/><F118/><T87/><D87/><U135/><E116/><V86/><F39/><T111/><D111/><U107/><E135/><V113/><F132/><T52/><D97/><U93/><E43/><N who="2" m="16395" /><F86/><T82/><D82/><U1/><E1/><V50/><F50/><T134/><D105/><U126/><E38/><V37/><F37/><T91/><D91/><U72/><E72/><V75/><F75/><T130/><D134/><U40/><E40/><V2/><F2/><T34/><D34/><U100/><E107/><V76/><F106/><T127/><AGARI ba="0,0" hai="45,48,49,52,55,56,60,61,124,125,127,128,129,130" m="31264,30752" machi="127" ten="40,16000,3" yaku="0,1,18,1,19,1,34,3,52,2,54,1" doraHai="3" who="0" fromWho="0" sc="217,160,384,-80,449,-80,0,0" /><INIT seed="4,1,0,3,0,48" ten="377,304,369,0" oya="0" hai0="86,61,116,135,80,105,107,34,91,120,53,46,83" hai1="99,63,64,73,97,96,50,95,134,76,38,119,77" hai2="60,127,130,33,85,110,89,118,72,93,133,88,84" hai3=""/><T126/><N who="0" m="30752" /><T81/><D116/><U128/><E119/><V47/><F33/><T70/><D34/><U82/><E38/><V113/><F118/><T104/><D135/><U92/><E134/><V79/><F133/><T44/><D126/><U40/><E128/><V124/><F72/><T67/><D46/><U43/><E77/><V90/><F79/><T122/><N who="0" m="31264" /><T52/><REACH who="0" step="1"/><D44/><REACH who="0" ten="367,304,369,0" step="2"/><U103/><E103/><V57/><F47/><T131/><D131/><U69/><E43/><V54/><F130/><T36/><D36/><U114/><E40/><V37/><F37/><T98/><D98/><U117/><E117/><V55/><F127/><T78/><D78/><U115/><E50/><V129/><F124/><T35/><D35/><U32/><E32/><V123/><F129/><T125/><D125/><U3/><E3/><V1/><F1/><T132/><D132/><U108/><E99/><V41/><F41/><T111/><D111/><U56/><E108/><V66/><F110/><T39/><D39/><U109/><E109/><V102/><F123/><T87/><D87/><U75/><E96/><V58/><F85/><T45/><D45/><U0/><E97/><V74/><F84/><T121/><N who="0" m="31008" /><T106/><D106/><RYUUKYOKU ba="1,1" sc="367,20,304,-10,369,-10,0,0" hai0="52,53,61,67,70,80,81,83,86,91,104,105,107" /><INIT seed="4,2,1,1,0,63" ten="387,294,359,0" oya="0" hai0="118,89,104,93,90,109,111,135,73,61,130,123,75" hai1="72,133,48,122,110,34,35,83,94,99,50,102,106" hai2="58,77,56,119,38,46,105,116,47,62,39,67,108" hai3=""/><T84/><N who="0" m="31520" /><T70/><D118/><N who="2" m="45098" /><F105/><T81/><D104/><U68/><N who="1" m="31264" /><U42/><E110/><N who="0" m="41993" /><D70/><U129/><E68/><V117/><N who="2" m="45106" /><V113/><DORA hai="91" /><F77/><T131/><D61/><U114/><E114/><V132/><F108/><T126/><D126/><U76/><E133/><V125/><F132/><T0/><D0/><U134/><E134/><V74/><F74/><N who="0" m="28170" /><D135/><U53/><E129/><N who="0" m="49161" /><D90/><U112/><E112/><V69/><F113/><T71/><D71/><U120/><N who="1" m="30752" /><U78/><E78/><V86/><F125/><T55/><D55/><U54/><E42/><V124/><F124/><T128/><N who="0" m="49169" /><T100/><DORA hai="121" /><D100/><U57/><REACH who="1" step="1"/><E106/><REACH who="1" ten="387,284,359,0" step="2"/><V49/><F69/><T87/><D87/><U66/><E66/><V88/><F67/><T95/><AGARI ba="2,2" hai="81,84,89,93,95" m="49169,28170,41993,31520" machi="95" ten="50,16000,3" yaku="10,1,19,1,34,2,52,6" doraHai="63,91,121" who="0" fromWho="0" sc="387,184,284,-82,359,-82,0,0" /><INIT seed="4,3,0,4,2,118" ten="571,202,277,0" oya="0" hai0="46,48,126,32,75,115,61,67,90,41,123,74,132" hai1="112,82,38,60,44,49,73,58,122,121,34,99,89" hai2="52,68,102,76,77,98,0,71,85,64,42,43,111" hai3=""/><T106/><N who="0" m="31520" /><T54/><D32/><U96/><N who="1" m="31008" /><U124/><N who="1" m="31264" /><U100/><E34/><V117/><F0/><T114/><D106/><U79/><E112/><N who="0" m="43049" /><D132/><U37/><E124/><V93/><F111/><T87/><D126/><U104/><E89/><V50/><F117/><T40/><D40/><U125/><E99/><V131/><F42/><T103/><D103/><U107/><E107/><V51/><F43/><T70/><D41/><U108/><E108/><V110/><F131/><T109/><D109/><U78/><E78/><V128/><F128/><T57/><D70/><U55/><REACH who="1" step="1"/><E125/><REACH who="1" ten="571,192,277,0" step="2"/><V88/><F110/><T113/><D113/><U134/><E134/><V133/><F133/><T45/><D45/><U3/><E3/><V116/><F116/><T120/><N who="0" m="30752" /><T2/><D2/><U1/><E1/><V129/><F129/><T33/><D33/><U65/><AGARI ba="3,1" hai="37,38,44,49,55,58,60,65,73,79,82,96,100,104" m="31264,31008" machi="65" ten="20,9000,2" yaku="1,1,0,1,7,1,52,4,53,0" doraHai="118" doraHaiUra="35" who="1" fromWho="1" sc="571,-63,192,106,277,-33,0,0" /><INIT seed="5,0,0,2,0,112" ten="508,298,244,0" oya="1" hai0="1,94,40,67,33,90,113,105,37,52,89,68,97" hai1="48,42,87,77,123,130,119,74,70,0,125,135,64" hai2="95,86,2,116,103,131,44,38,100,76,82,120,134" hai3=""/><U59/><E0/><V88/><N who="2" m="30752" /><V115/><F2/><T47/><D33/><U104/><N who="1" m="31520" /><U66/><E104/><V111/><F111/><T99/><D113/><U79/><E135/><V126/><F115/><T56/><D1/><U35/><E35/><V69/><F134/><T54/><D68/><U101/><E125/><V128/><F69/><T83/><D105/><U63/><E101/><V118/><F44/><T122/><N who="0" m="31264" /><T109/><D109/><U106/><E106/><V3/><F38/><T114/><D114/><U62/><E74/><V73/><F126/><T93/><D83/><U41/><E130/><N who="2" m="49707" /><F3/><T91/><D91/><U58/><E70/><V92/><F103/><T43/><D43/><U78/><E87/><V55/><F55/><T34/><D34/><U80/><E80/><V98/><AGARI ba="0,0" hai="73,76,82,86,88,92,95,98,100,116,118" m="49707,30752" machi="98" ten="30,9000,2" yaku="19,1,34,2,52,3,54,1" doraHai="112" who="2" fromWho="2" sc="508,-30,298,-60,244,90,0,0" /><INIT seed="6,0,0,2,3,34" ten="478,238,334,0" oya="2" hai0="70,71,37,36,97,100,80,45,92,88,57,129,109" hai1="54,1,69,117,86,41,126,33,73,120,38,93,2" hai2="0,64,79,52,62,134,132,74,46,50,108,58,123" hai3=""/><V49/><N who="2" m="31520" /><V51/><F0/><T124/><D109/><U102/><N who="1" m="30752" /><U85/><E33/><V39/><F74/><T104/><D129/><U68/><E73/><V96/><F79/><T95/><D124/><U98/><E126/><V103/><F108/><T115/><D115/><U84/><E117/><V65/><F65/><T105/><D57/><U87/><N who="1" m="21504" /><DORA hai="107" /><U90/><E102/><V101/><F101/><T81/><D45/><U131/><E131/><V91/><F91/><T63/><D63/><U135/><E135/><N who="2" m="51755" /><F39/><T44/><D44/><U128/><E128/><V83/><F83/><T121/><N who="0" m="31008" /><T47/><D47/><U40/><E38/><V127/><F127/><T118/><D118/><U114/><E114/><V119/><F119/><T106/><D37/><U53/><E68/><V78/><F78/><T59/><D36/><U76/><E69/><V48/><F50/><T133/><D133/><U89/><E76/><V61/><F61/><T35/><D35/><U116/><E116/><V77/><F77/><T42/><D59/><U3/><E90/><V99/><F103/><T82/><D42/><U67/><E67/><V55/><F46/><T111/><D111/><U66/><E66/><V130/><F130/><RYUUKYOKU ba="0,0" sc="478,0,238,0,334,0,0,0" hai0="70,71,80,81,82,88,92,95,97,100,104,105,106" hai1="1,2,3,40,41,53,54,89,93,98" hai2="48,49,51,52,55,58,62,64,96,99" /><INIT seed="6,1,0,3,1,33" ten="478,238,334,0" oya="2" hai0="70,120,104,35,51,102,39,78,134,103,95,48,38" hai1="107,86,68,89,36,133,135,125,105,67,91,121,96" hai2="61,74,43,83,44,90,52,59,92,128,34,42,87" hai3=""/><V131/><F34/><T118/><N who="0" m="30752" /><T63/><D35/><U130/><N who="1" m="31008" /><U37/><E67/><V2/><F2/><T55/><D118/><U112/><E112/><V40/><F74/><T132/><D78/><U117/><E117/><V73/><F73/><T127/><D127/><U113/><E113/><V47/><REACH who="2" step="1"/><F92/><REACH who="2" ten="478,238,324,0" step="2"/><T50/><D95/><U122/><N who="1" m="31264" /><U56/><E125/><V129/><AGARI ba="1,1" hai="40,42,43,44,47,52,59,61,83,87,90,128,129,131" machi="129" ten="40,8000,1" yaku="1,1,0,1,19,1,54,1,53,0" doraHai="33" doraHaiUra="100" who="2" fromWho="2" sc="478,-41,238,-41,324,92,0,0" /><INIT seed="6,2,0,3,3,103" ten="437,197,416,0" oya="2" hai0="82,40,45,69,94,96,1,122,87,88,108,60,56" hai1="118,111,68,104,62,50,116,107,98,2,128,113,42" hai2="53,121,86,46,84,54,106,126,58,41,115,34,117" hai3=""/><V3/><N who="2" m="31008" /><V65/><F117/><T63/><N who="0" m="31264" /><T67/><D108/><U51/><E2/><V109/><F34/><T38/><D1/><U127/><E111/><V77/><F3/><T130/><D130/><U134/><E128/><V44/><F106/><T89/><D63/><U49/><E127/><V72/><F109/><T92/><REACH who="0" step="1"/><D82/><REACH who="0" ten="427,197,416,0" step="2"/><U35/><E35/><V55/><F126/><T74/><D74/><U135/><E113/><V32/><F72/><T75/><D75/><U61/><E42/><V71/><F32/><T48/><D48/><U66/><E62/><V102/><F71/><AGARI ba="2,1" hai="38,40,45,56,60,67,69,71,87,88,89,92,94,96" m="31264" machi="71" ten="40,8000,1" yaku="1,1,52,1,54,1,53,2" doraHai="103" doraHaiUra="85" who="0" fromWho="2" sc="427,94,197,0,416,-84,0,0" owari="521,47.0,197,-40.0,332,-7.0,0,0.0" /></mjloggm>