<mjloggm ver="2.3"><GO type="169" lobby="0"/><UN n0="%E5%A4%A9%E7%A5%9E%E9%B3%B3%E4%BD%8D" n1="%69%6B%65%64%61%64%61" n2="%6B%69%79%6F%70%69%6E" n3="%E5%A4%8F%E3%81%98%E3%82%93" dan="16,16,16,17" rate="2126.37,2152.10,2124.95,2158.81" sx="M,M,M,M"/><TAIKYOKU oya="0"/><INIT seed="0,0,0,2,4,23" ten="250,250,250,250" oya="0" hai0="27,65,71,83,102,101,62,72,41,134,129,77,120" hai1="91,60,126,94,38,123,51,59,80,4,135,57,121" hai2="1,132,115,11,16,86,49,12,33,119,105,109,2" hai3="29,73,116,40,89,133,7,34,30,55,48,74,63"/><T131/><D120/><U52/><E38/><V32/><F105/><W118/><G133/><T76/><D76/><U79/><E135/><V47/><F115/><W9/><G40/><T20/><D134/><U96/><E4/><V42/><F132/><W25/><G63/><T64/><D41/><U39/><E39/><V19/><F109/><W95/><G30/><N who="0" m="17767" /><D65/><U68/><E68/><V36/><F119/><W112/><G112/><T92/><D92/><U127/><E127/><V125/><F125/><W44/><G118/><T67/><D67/><U113/><E113/><V100/><F100/><W110/><G110/><T103/><D101/><U104/><E104/><V107/><F107/><W8/><G8/><T66/><D66/><U53/><REACH who="1" step="1"/><E126/><REACH who="1" ten="250,240,250,250" step="2"/><V21/><F36/><W54/><G116/><T108/><D108/><U17/><E17/><V50/><F19/><W22/><G34/><T99/><D129/><U122/><E122/><V78/><F33/><W85/><REACH who="3" step="1"/><G55/><REACH who="3" ten="250,240,250,240" step="2"/><T15/><D131/><U0/><E0/><AGARI ba="0,2" hai="0,7,9,22,25,29,44,48,54,73,74,85,89,95" machi="0" ten="30,8000,1" yaku="1,1,2,1,7,1,52,1,53,1" doraHai="23" doraHaiUra="84" who="3" fromWho="1" sc="250,0,240,-80,250,0,240,100" /><INIT seed="1,0,0,5,4,92" ten="250,160,250,340" oya="1" hai0="118,28,87,65,38,7,11,26,111,34,8,29,62" hai1="0,78,18,80,39,79,91,89,75,14,13,2,94" hai2="125,81,54,83,131,16,96,130,20,106,82,103,85" hai3="36,90,40,21,55,98,127,43,77,51,107,48,56"/><U119/><E119/><V42/><F125/><W133/><G127/><T6/><D118/><U19/><E39/><V25/><F42/><W30/><G36/><T23/><D38/><U129/><E129/><V123/><F123/><W60/><G77/><T15/><D87/><U46/><E46/><V50/><REACH who="2" step="1"/><F85/><REACH who="2" ten="250,160,240,340" step="2"/><W69/><G40/><T41/><D41/><U70/><E75/><V99/><F99/><W102/><G43/><T17/><D111/><U66/><E0/><V97/><F97/><W134/><G98/><T105/><D105/><U117/><E2/><V122/><F122/><W61/><G107/><T45/><D45/><AGARI ba="0,1" hai="16,20,25,45,50,54,81,82,83,96,103,106,130,131" machi="45" ten="40,5200,0" yaku="1,1,52,1,54,1,53,0" doraHai="92" doraHaiUra="110" who="2" fromWho="0" sc="250,-52,160,0,240,62,340,0" /><INIT seed="2,0,0,4,3,87" ten="198,160,302,340" oya="2" hai0="8,85,3,39,63,5,60,130,75,67,17,0,15" hai1="99,1,97,58,53,31,30,122,70,28,33,127,71" hai2="123,83,126,44,105,55,42,81,32,134,96,69,57" hai3="65,51,102,117,92,74,107,80,93,91,125,37,121"/><V34/><F123/><W62/><G37/><T38/><D130/><U89/><E1/><V13/><F69/><W118/><G121/><T133/><D75/><U56/><E122/><V68/><F68/><W111/><G51/><T9/><D133/><U6/><E6/><V59/><F126/><W22/><G125/><T48/><D3/><U21/><E33/><V113/><F113/><W50/><G50/><T10/><D10/><U114/><E114/><V47/><F134/><W4/><G4/><T7/><D17/><U115/><E115/><V16/><F96/><W29/><G107/><T120/><D120/><U86/><E58/><V73/><F105/><W95/><G111/><T129/><D129/><U27/><E71/><V90/><F73/><W11/><G11/><T72/><D72/><U36/><E36/><V79/><F79/><W18/><G29/><N who="1" m="11370" /><E70/><V49/><F34/><W66/><G74/><T2/><D15/><U135/><E135/><V82/><F32/><W108/><G108/><T26/><D85/><U19/><N who="1" m="11378" /><U14/><DORA hai="45" /><E27/><V76/><F47/><W78/><G102/><T40/><D26/><U46/><E46/><V110/><F59/><N who="3" m="37087" /><G66/><T112/><D112/><U124/><E124/><V88/><F110/><W128/><G128/><T103/><D67/><U52/><E127/><V77/><F57/><W109/><G109/><T43/><D103/><U132/><E132/><V116/><F42/><W98/><G118/><T131/><D131/><U64/><E64/><V35/><F35/><W25/><G117/><T119/><D119/><U84/><E56/><RYUUKYOKU ba="0,0" sc="198,15,160,-15,302,-15,340,15" hai0="0,2,5,7,8,9,38,39,40,43,48,60,63" hai3="18,22,25,78,80,91,92,93,95,98" /><INIT seed="3,1,0,1,0,94" ten="213,145,287,355" oya="3" hai0="27,54,48,4,38,124,7,20,39,105,2,44,24" hai1="99,128,59,95,78,102,52,107,71,57,129,120,18" hai2="88,31,132,46,74,21,90,133,106,63,10,73,3" hai3="15,97,75,100,70,12,76,9,81,34,112,64,116"/><W125/><G125/><T25/><D105/><U72/><E120/><V92/><F106/><W134/><G134/><N who="2" m="51817" /><F46/><W58/><G116/><T1/><D124/><U104/><E71/><V30/><F90/><W86/><G70/><T114/><D20/><U109/><E59/><V101/><F101/><W103/><G34/><T37/><REACH who="0" step="1"/><D114/><REACH who="0" ten="203,145,287,355" step="2"/><U61/><E107/><V87/><F21/><W36/><G112/><T82/><D82/><N who="1" m="45383" /><E104/><V123/><F123/><W8/><G81/><T98/><D98/><U108/><E18/><V96/><F63/><W53/><G97/><T32/><D32/><U16/><E16/><V118/><F118/><W6/><G8/><T11/><D11/><U35/><E35/><V126/><F126/><W117/><G9/><T127/><D127/><U41/><E41/><V110/><F10/><W77/><G117/><T40/><D40/><U51/><E61/><V131/><F31/><W26/><G6/><AGARI ba="1,1" hai="1,2,4,6,7,24,25,27,37,38,39,44,48,54" machi="6" ten="50,8000,1" yaku="1,1,53,3" doraHai="94" doraHaiUra="68" who="0" fromWho="3" sc="203,93,145,0,287,0,355,-83" /><INIT seed="4,0,0,5,5,127" ten="296,145,287,272" oya="0" hai0="100,45,95,13,52,123,128,126,132,72,63,1,74" hai1="88,66,32,68,23,84,31,106,125,36,38,35,73" hai2="111,92,101,58,27,131,91,62,30,119,44,46,135" hai3="107,54,82,5,14,76,80,96,112,90,17,133,9"/><T67/><D123/><U53/><E73/><V108/><F135/><W75/><G133/><T117/><D117/><U8/><E106/><V33/><F101/><W102/><G112/><T3/><D132/><U94/><E125/><V85/><F119/><W87/><REACH who="3" step="1"/><G54/><REACH who="3" ten="296,145,287,262" step="2"/><T28/><D52/><U97/><E53/><N who="2" m="34127" /><F111/><W89/><G89/><T83/><D126/><U113/><E113/><V21/><F108/><W55/><G55/><T56/><D100/><U70/><E66/><V50/><F46/><W12/><G12/><T103/><D13/><U0/><E70/><V79/><F44/><W41/><G41/><T18/><D45/><U116/><E68/><V49/><F91/><W25/><G25/><T129/><D3/><U7/><E116/><V81/><F27/><W11/><G11/><T34/><D1/><U130/><E0/><V64/><F64/><W105/><G105/><T104/><D104/><U16/><E8/><V65/><F65/><W47/><G47/><T37/><D67/><U98/><E88/><V29/><F49/><W4/><AGARI ba="0,1" hai="4,5,9,14,17,75,76,80,82,87,90,96,102,107" machi="4" ten="30,2000,0" yaku="1,1,0,1,53,0" doraHai="127" doraHaiUra="118" who="3" fromWho="3" sc="296,-10,145,-5,287,-5,262,30" /><INIT seed="5,0,0,3,5,18" ten="286,140,282,292" oya="1" hai0="107,115,21,103,41,86,39,65,59,70,36,100,123" hai1="101,73,133,96,49,20,8,37,109,118,92,82,6" hai2="79,130,64,35,16,34,51,78,42,29,55,40,66" hai3="11,112,25,57,98,113,4,94,87,28,48,27,5"/><U102/><E118/><V83/><F130/><W26/><G28/><T7/><D115/><N who="3" m="44105" /><G87/><T95/><D123/><U43/><E37/><V47/><F35/><W9/><G48/><T128/><D128/><U19/><E109/><V56/><F40/><W119/><G57/><T3/><D41/><U17/><E133/><V33/><F33/><W125/><G119/><T89/><D70/><U52/><E43/><V90/><F90/><W71/><G71/><T24/><D7/><N who="3" m="2633" /><G125/><T76/><D3/><U80/><E102/><AGARI ba="0,0" hai="9,11,25,26,27,94,98,102" m="2633,44105" machi="102" ten="30,1000,0" yaku="15,1" doraHai="18" who="3" fromWho="1" sc="286,0,140,-10,282,0,292,10" /><INIT seed="6,0,0,2,0,132" ten="286,130,282,302" oya="2" hai0="67,44,71,102,8,70,45,124,32,126,60,95,107" hai1="69,34,62,82,24,65,72,84,3,61,86,96,83" hai2="47,131,1,2,115,109,125,14,17,43,78,54,28" hai3="25,120,123,117,90,76,108,46,73,135,116,48,122"/><V128/><F78/><W58/><G108/><T134/><D71/><U16/><E3/><V104/><F104/><W41/><G135/><T63/><D134/><U81/><E72/><V37/><F109/><W98/><G76/><T13/><D63/><U68/><E96/><V133/><F133/><W57/><G73/><T35/><D107/><U92/><E92/><V101/><F101/><W36/><G25/><T87/><D32/><U42/><E42/><V64/><F64/><W75/><G75/><T50/><D35/><U38/><E38/><V10/><F115/><W7/><G7/><T39/><D39/><U33/><E33/><V29/><F54/><W127/><G90/><N who="0" m="53727" /><D102/><U118/><E118/><N who="3" m="45674" /><G98/><T4/><D50/><U99/><E99/><V66/><F66/><W114/><G114/><T79/><D79/><U77/><E69/><V91/><F91/><W129/><G129/><N who="2" m="49737" /><F2/><W94/><G94/><T31/><D31/><N who="2" m="11850" /><F1/><W12/><G12/><T119/><D119/><U6/><E34/><V18/><F18/><W80/><G80/><T26/><D26/><U59/><E6/><V40/><F43/><W93/><G93/><T113/><D113/><U56/><E68/><V89/><F89/><W23/><G36/><T15/><D13/><U121/><E121/><V103/><F103/><W0/><G0/><T21/><D21/><N who="1" m="13351" /><E77/><V97/><F97/><W106/><G106/><T112/><D112/><U53/><E81/><V110/><F110/><W11/><G23/><T51/><D51/><U52/><E65/><V27/><F27/><W130/><G130/><T30/><D30/><RYUUKYOKU ba="0,0" sc="286,10,130,10,282,10,302,-30" hai0="4,8,15,44,45,60,67,70,124,126" hai1="52,53,56,59,61,62,82,83,84,86" hai2="10,14,17,37,40,47,125" /><INIT seed="6,1,0,4,3,93" ten="296,140,292,272" oya="2" hai0="103,52,124,134,59,25,16,1,88,105,36,122,69" hai1="43,60,116,22,31,53,64,94,100,97,102,121,65" hai2="19,118,111,120,32,44,126,128,26,95,83,34,130" hai3="12,3,2,58,37,119,61,78,10,89,9,57,41"/><V7/><F118/><W11/><G119/><T4/><D122/><U98/><E116/><V115/><F120/><W109/><G109/><T38/><D134/><U56/><E121/><V13/><F111/><W90/><G78/><T96/><D69/><U133/><E133/><V99/><F115/><W27/><G12/><T42/><D124/><U23/><E43/><V86/><F7/><W20/><G41/><T63/><D42/><U127/><E127/><V51/><F126/><W67/><G37/><T50/><D50/><U15/><E22/><V85/><F34/><W30/><REACH who="3" step="1"/><G57/><REACH who="3" ten="296,140,292,262" step="2"/><T76/><D76/><U29/><E15/><V110/><F110/><W47/><G47/><T71/><D1/><AGARI ba="1,1" hai="1,2,3,9,10,11,20,27,30,58,61,67,89,90" machi="1" ten="40,1300,0" yaku="1,1,53,0" doraHai="93" doraHaiUra="73" who="3" fromWho="0" sc="296,-16,140,0,292,0,262,26" /><INIT seed="7,0,0,0,2,51" ten="280,140,292,288" oya="3" hai0="101,134,94,75,84,103,12,112,54,13,60,33,106" hai1="92,3,57,102,70,28,32,23,36,42,1,98,91" hai2="8,118,59,105,25,31,41,115,121,122,113,24,53" hai3="67,38,64,83,61,82,46,6,81,86,76,30,124"/><W29/><G124/><T99/><D75/><U125/><E70/><V126/><F118/><W73/><G6/><T123/><D123/><N who="2" m="47114" /><F126/><W132/><G82/><T5/><D33/><U37/><E125/><V85/><F105/><W49/><G38/><T127/><D127/><U15/><E32/><N who="2" m="20583" /><F41/><N who="3" m="24783" /><G73/><T68/><D134/><U135/><E135/><V72/><F72/><W77/><G132/><T95/><D112/><U109/><E109/><V89/><F25/><W90/><G81/><T2/><D2/><U9/><E42/><V0/><F8/><W71/><G71/><T107/><D68/><U108/><E108/><V74/><F74/><W78/><G61/><T58/><D5/><N who="1" m="3503" /><E36/><V20/><F0/><N who="1" m="73" /><E37/><V87/><F20/><W45/><G45/><T26/><D106/><U17/><E57/><V55/><F87/><W114/><G114/><N who="2" m="43529" /><F59/><W14/><G14/><T117/><D107/><U66/><E66/><AGARI ba="0,0" hai="29,30,64,66,67,76,77,78,83,86,90" m="24783" machi="66" ten="30,1500,0" yaku="8,1" doraHai="51" who="3" fromWho="1" sc="280,0,140,-15,292,0,288,15" owari="280,-12.0,125,-37.0,292,9.0,303,40.0" /></mjloggm>