<mjloggm ver="2.3"><GO type="169" lobby="0"/><UN n0="%E3%81%B2%E3%81%90%E3%81%A1" n1="%73%69%72%75%6E%65%6B%6F" n2="%E3%82%A2%E3%83%A1%E3%83%B3%E3%83%9D%E3%81%A6%E3%81%B5" n3="%E3%82%B4%E3%83%83%E3%82%B5%E3%83%A0" dan="17,16,17,16" rate="2218.07,2105.21,2221.53,2049.94" sx="M,M,M,M"/><TAIKYOKU oya="0"/><INIT seed="0,0,0,3,4,66" ten="250,250,250,250" oya="0" hai0="18,67,84,36,81,13,46,117,70,47,91,65,90" hai1="100,71,108,37,9,3,40,22,15,32,95,6,96" hai2="78,19,126,17,35,60,105,101,98,38,127,72,44" hai3="120,114,63,129,27,45,122,106,49,51,59,21,80"/><T133/><D117/><U75/><E75/><V31/><F19/><W97/><G114/><T28/><D133/><U112/><E108/><V30/><F17/><N who="3" m="12719" /><G80/><T1/><D1/><U39/><E112/><V94/><F94/><W134/><G134/><T89/><D28/><U55/><E32/><V85/><F85/><W69/><G129/><T74/><D74/><U107/><E55/><V42/><F60/><W48/><G45/><T4/><D4/><U103/><E40/><V132/><F132/><W24/><G24/><T88/><D36/><U93/><E107/><V33/><F31/><W54/><G106/><T77/><N who="0" m="22528" /><DORA hai="121" /><T87/><D87/><U57/><E57/><V124/><REACH who="2" step="1"/><F30/><REACH who="2" ten="250,250,240,250" step="2"/><W23/><G97/><T116/><D116/><U125/><E96/><V50/><F50/><W7/><G49/><T76/><D76/><U119/><E119/><V135/><F135/><W41/><G51/><T110/><D18/><N who="1" m="10591" /><E95/><V109/><F109/><W128/><G63/><T2/><D110/><U11/><E93/><V25/><F25/><W53/><G48/><T113/><D84/><U56/><E39/><V68/><F68/><W10/><G69/><T123/><D70/><U79/><E37/><V52/><F52/><W26/><G54/><T0/><D47/><U20/><E71/><V83/><AGARI ba="0,1" hai="33,35,38,42,44,72,78,83,98,101,105,124,126,127" machi="83" ten="40,12000,2" yaku="1,1,0,1,18,1,23,2,53,1" doraHai="66,121" doraHaiUra="118,43" who="2" fromWho="2" sc="250,-60,250,-30,240,130,250,-30" /><INIT seed="1,0,0,1,0,21" ten="190,220,370,220" oya="1" hai0="53,113,88,25,105,27,19,5,78,35,86,104,89" hai1="107,109,18,134,135,50,48,1,23,34,13,70,43" hai2="65,129,71,118,17,90,127,84,9,121,72,57,76" hai3="63,125,119,39,69,33,82,6,58,103,20,42,2"/><U92/><E107/><V56/><F121/><W46/><G33/><T80/><D113/><U66/><E1/><V31/><F118/><W101/><G119/><T81/><D5/><U83/><E34/><V95/><F129/><W111/><G111/><T32/><D53/><U87/><E109/><V74/><F127/><W45/><G125/><T97/><D19/><U126/><E126/><V122/><F122/><W94/><G46/><T108/><D108/><U40/><E92/><V73/><F76/><W79/><G94/><T128/><D86/><U114/><E114/><V100/><F100/><W14/><G69/><T77/><REACH who="0" step="1"/><D97/><REACH who="0" ten="180,220,370,220" step="2"/><U112/><E112/><V36/><F84/><W0/><G6/><T54/><D54/><U110/><E110/><V117/><F74/><W59/><G0/><T124/><D124/><U15/><E87/><V16/><F73/><W51/><G2/><T64/><D64/><U62/><E18/><V60/><F72/><W106/><G42/><T7/><D7/><U3/><E3/><V44/><F17/><W75/><G75/><T96/><D96/><U116/><E40/><V11/><F16/><W102/><G14/><T133/><D133/><N who="1" m="50699" /><E43/><N who="2" m="22631" /><F117/><W12/><G12/><T41/><D41/><U123/><E13/><V61/><F11/><W85/><G39/><T37/><D37/><U22/><E116/><V26/><F9/><W99/><G99/><T132/><D132/><U29/><E15/><V130/><F65/><W131/><G131/><AGARI ba="0,1" hai="25,27,32,35,77,78,80,81,88,89,104,105,128,131" machi="131" ten="25,16000,3" yaku="1,1,22,2,52,2,54,1,53,2" doraHai="21" doraHaiUra="30" who="0" fromWho="3" sc="180,170,220,0,370,0,220,-160" /><INIT seed="2,0,0,1,2,42" ten="350,220,370,60" oya="2" hai0="13,94,10,1,20,53,34,21,73,132,107,5,128" hai1="96,117,0,6,12,30,112,100,106,51,104,123,7" hai2="25,62,120,50,84,80,56,127,93,89,75,111,77" hai3="33,91,39,109,45,54,122,130,64,55,133,129,95"/><V108/><F120/><W58/><G122/><T88/><D107/><U24/><E123/><V8/><F127/><W23/><G33/><T57/><D128/><U102/><E112/><V29/><F29/><W52/><BYE who="2" /><G109/><T114/><D114/><U78/><E117/><V63/><F63/><N who="3" m="38007" /><G133/><T15/><D73/><UN n2="%E3%82%A2%E3%83%A1%E3%83%B3%E3%83%9D%E3%81%A6%E3%81%B5" /><U44/><E0/><V118/><F118/><W59/><G23/><T99/><D34/><U97/><E12/><V105/><F25/><W69/><G69/><T40/><D132/><U31/><E78/><V4/><F105/><W125/><G95/><T110/><D110/><N who="2" m="42026" /><F50/><N who="3" m="28751" /><G91/><T103/><D40/><N who="1" m="24967" /><E24/><V134/><F134/><W83/><G83/><T85/><D1/><U101/><E104/><V9/><F4/><N who="1" m="1577" /><E106/><V82/><F80/><W48/><G39/><T135/><D135/><U47/><E31/><V79/><F79/><W86/><G86/><T90/><D15/><U3/><E3/><V26/><F26/><W65/><G65/><AGARI ba="0,0" hai="8,9,56,62,65,75,77,82,84,89,93" m="42026" machi="65" ten="30,2900,0" yaku="14,1,10,1" doraHai="42" who="2" fromWho="3" sc="350,0,220,0,370,29,60,-29" /><INIT seed="2,1,0,4,4,99" ten="350,220,399,31" oya="2" hai0="13,16,71,73,96,33,27,1,109,117,101,127,68" hai1="131,4,115,38,20,107,3,118,55,77,64,113,29" hai2="120,70,95,133,98,57,14,111,104,105,125,45,112" hai3="89,41,122,123,37,12,52,62,93,85,44,39,49"/><V26/><F120/><W58/><REACH who="3" step="1"/><G12/><REACH who="3" ten="350,220,399,21" step="2"/><T129/><D13/><U8/><E115/><V130/><F14/><W88/><G88/><T108/><D108/><U100/><E113/><V90/><F112/><W102/><G102/><T84/><D101/><U74/><E100/><V124/><F111/><W56/><G56/><T114/><D109/><U28/><E3/><V59/><F57/><W22/><G22/><T91/><D1/><U82/><E20/><V51/><F59/><W134/><G134/><T21/><D91/><U67/><E118/><V135/><F135/><W110/><G110/><T19/><D21/><U119/><E119/><V17/><F133/><W128/><G128/><T86/><D129/><U15/><E131/><V46/><F130/><W61/><G61/><T78/><D117/><U35/><E15/><V34/><F90/><W66/><G66/><T87/><D114/><U11/><E67/><V36/><F124/><W97/><G97/><T126/><D96/><U40/><E64/><V60/><F98/><W106/><G106/><T43/><D127/><U5/><E107/><V79/><F125/><W9/><G9/><T132/><D126/><U69/><E11/><V47/><F105/><W6/><G6/><T10/><D10/><U83/><E8/><V2/><F104/><W65/><G65/><T53/><D132/><U25/><E4/><V76/><F2/><W54/><G54/><T0/><D53/><U94/><E5/><V42/><F60/><W92/><G92/><T18/><D0/><U121/><E94/><V80/><F95/><W48/><G48/><RYUUKYOKU ba="1,1" sc="350,-10,220,-10,399,-10,21,30" hai3="37,39,41,44,49,52,58,62,85,89,93,122,123" /><INIT seed="3,2,1,1,3,126" ten="340,210,389,51" oya="3" hai0="114,64,41,8,1,48,4,55,60,52,12,91,117" hai1="38,50,92,85,97,63,124,94,125,67,56,7,0" hai2="18,32,61,105,49,53,115,128,80,28,116,43,27" hai3="17,57,44,81,31,21,37,25,2,14,133,29,3"/><W15/><G133/><T119/><D114/><U78/><E38/><V127/><F115/><W96/><G96/><T77/><D77/><U100/><E0/><V59/><F116/><W121/><G57/><T82/><D41/><U79/><E7/><V95/><F105/><W36/><G81/><T110/><D110/><U111/><E111/><V118/><F118/><W74/><G74/><T70/><D55/><U120/><E120/><V106/><F106/><W20/><G121/><T89/><D1/><N who="3" m="9" /><G44/><T24/><D91/><N who="1" m="53359" /><E50/><V103/><F80/><W65/><G65/><T130/><D24/><U23/><E23/><N who="3" m="8778" /><G36/><T34/><D34/><U76/><E76/><V6/><F32/><N who="3" m="20527" /><G37/><T54/><D54/><U51/><E51/><V39/><F49/><W42/><G42/><T123/><D123/><U129/><E79/><V88/><F43/><W35/><G17/><T135/><D135/><U134/><E78/><V72/><F18/><W26/><AGARI ba="2,1" hai="14,15,26,31,35" m="20527,8778,9" machi="26" ten="30,12000,1" yaku="35,5" doraHai="126" who="3" fromWho="3" sc="340,-42,210,-42,389,-42,51,136" /><INIT seed="3,3,0,5,5,121" ten="298,168,347,187" oya="3" hai0="99,96,120,64,101,22,44,13,130,107,106,128,16" hai1="116,95,8,57,55,97,108,111,127,49,63,46,2" hai2="48,59,91,68,50,27,94,125,23,66,39,37,56" hai3="29,19,20,118,86,31,42,87,21,102,60,25,73"/><W47/><G118/><T115/><D120/><U52/><E116/><V5/><F125/><W82/><G102/><T126/><D126/><U72/><E127/><V83/><F5/><W124/><G124/><T3/><D3/><U40/><E72/><V32/><F32/><W122/><G122/><T70/><D115/><U74/><E74/><V58/><F83/><W61/><G73/><T18/><D64/><U1/><E40/><V7/><F7/><W84/><G82/><T24/><D70/><U67/><E67/><V33/><F33/><W0/><G0/><T88/><D44/><U119/><E119/><V92/><F68/><W12/><REACH who="3" step="1"/><G29/><REACH who="3" ten="298,168,347,177" step="2"/><T36/><D128/><U14/><E1/><V135/><F92/><W30/><G30/><T9/><D130/><U81/><E81/><V133/><F94/><W65/><G65/><T109/><D106/><U62/><E2/><V43/><F66/><W104/><G104/><T10/><D107/><U34/><E34/><V114/><F114/><W26/><G26/><T11/><D101/><U15/><E15/><V100/><F27/><W35/><G35/><T75/><D75/><U129/><E129/><V123/><F100/><W117/><G117/><T41/><D24/><U112/><E112/><V51/><F123/><W98/><G98/><T71/><D99/><U6/><REACH who="1" step="1"/><E63/><REACH who="1" ten="298,158,347,177" step="2"/><V113/><F113/><W132/><G132/><T69/><D13/><U77/><E77/><V134/><F133/><W38/><AGARI ba="3,2" hai="12,19,20,21,25,31,38,42,47,60,61,84,86,87" machi="38" ten="30,3000,0" yaku="1,1,0,1,53,0" doraHai="121" doraHaiUra="103" who="3" fromWho="3" sc="298,-13,158,-13,347,-13,177,59" /><INIT seed="3,4,0,5,2,57" ten="285,145,334,236" oya="3" hai0="98,125,49,38,82,86,85,13,80,36,60,78,92" hai1="109,126,20,23,61,50,26,42,16,55,53,29,121" hai2="5,2,37,122,91,97,77,110,10,116,64,108,120" hai3="103,48,66,54,15,128,12,127,6,70,27,0,87"/><W83/><G127/><T30/><D125/><U124/><E121/><N who="2" m="46699" /><F37/><W19/><G128/><T41/><D30/><U9/><E109/><N who="2" m="42091" /><F77/><W71/><G103/><T99/><D49/><U129/><E129/><V106/><F116/><W62/><G70/><T115/><D115/><U73/><E73/><V45/><F45/><W32/><G0/><T67/><D13/><U131/><E131/><V101/><F91/><W118/><G6/><T51/><D51/><U94/><E42/><V22/><F22/><W7/><G7/><T69/><D41/><U130/><E130/><V88/><F88/><W111/><G111/><T123/><D123/><U59/><E94/><V35/><F64/><W133/><G118/><T3/><D3/><U63/><E9/><V132/><F132/><W135/><G133/><T46/><D46/><N who="1" m="27863" /><E126/><V68/><F68/><W102/><G135/><T95/><D95/><U34/><E34/><AGARI ba="4,0" hai="2,5,10,34,35,97,101,106" m="42091,46699" machi="34" ten="30,3900,0" yaku="13,1,14,1,23,1" doraHai="57" who="2" fromWho="1" sc="285,0,145,-51,334,51,236,0" /><INIT seed="4,0,0,2,1,77" ten="285,94,385,236" oya="0" hai0="93,19,123,29,72,46,8,12,26,22,110,3,121" hai1="88,119,94,5,52,60,128,106,41,11,65,14,116" hai2="71,75,124,83,112,92,91,36,98,48,16,4,86" hai3="85,25,127,40,23,15,43,67,49,63,55,132,109"/><T135/><D72/><U18/><E106/><V1/><F36/><W120/><G109/><T102/><D110/><U133/><E133/><V89/><F71/><W7/><G132/><T6/><D135/><U96/><E128/><V114/><F124/><W84/><G120/><T107/><D107/><U130/><E130/><V97/><F75/><W30/><G67/><T34/><REACH who="0" step="1"/><D46/><REACH who="0" ten="275,94,385,236" step="2"/><U105/><E105/><V99/><F112/><W53/><G127/><T21/><D21/><U10/><E41/><V47/><F114/><W131/><G43/><T31/><D31/><U115/><E115/><V87/><F47/><W28/><G28/><T20/><D20/><U78/><E119/><V81/><F1/><W70/><G23/><T66/><D66/><U122/><E65/><V74/><F74/><W59/><G30/><T117/><D117/><U17/><E116/><V111/><F111/><W58/><G40/><T80/><D80/><U108/><E108/><V27/><F83/><W134/><G134/><T51/><D51/><U62/><E122/><V68/><F48/><W73/><G73/><T42/><D42/><U0/><E0/><V39/><F81/><W104/><G49/><T13/><D13/><U61/><E11/><V125/><F125/><W76/><G104/><T113/><D113/><U129/><E129/><V82/><F82/><W38/><G15/><T35/><D35/><U33/><E33/><V56/><F92/><W54/><G131/><T2/><D2/><U9/><E9/><V57/><F39/><W101/><G38/><T126/><D126/><U32/><E32/><RYUUKYOKU ba="0,1" sc="275,30,94,-10,385,-10,236,-10" hai0="3,6,8,12,19,22,26,29,34,93,102,121,123" /><INIT seed="4,1,1,1,3,68" ten="305,84,375,226" oya="0" hai0="83,9,67,88,85,16,44,24,5,57,97,60,20" hai1="12,13,3,130,119,103,7,32,74,92,65,6,95" hai2="121,73,89,38,64,106,36,75,31,1,29,41,100" hai3="78,14,58,110,26,50,55,115,17,82,133,43,52"/><T87/><D44/><U53/><E119/><V79/><F1/><W10/><G110/><T27/><D97/><N who="1" m="59815" /><E3/><V81/><F121/><W23/><G115/><T105/><D105/><U96/><E32/><V128/><F41/><W11/><G133/><T25/><REACH who="0" step="1"/><D85/><REACH who="0" ten="295,84,375,226" step="2"/><U76/><E96/><V47/><F106/><W118/><G118/><T109/><D109/><U48/><E74/><V90/><F47/><W66/><G43/><T4/><D4/><U129/><E6/><V8/><F75/><W93/><G93/><T42/><D42/><U30/><E7/><V59/><F73/><W91/><G55/><T131/><D131/><U86/><E95/><V111/><F128/><W98/><G98/><T22/><D22/><U28/><E130/><V135/><F111/><W21/><G21/><T35/><D35/><U94/><E94/><V56/><F135/><W77/><G23/><T108/><D108/><U69/><E129/><V39/><F100/><W71/><G10/><T122/><D122/><U15/><E86/><V116/><F8/><W62/><G26/><T2/><AGARI ba="1,2" hai="2,5,9,16,20,24,25,27,57,60,67,83,87,88" machi="2" ten="20,12000,1" yaku="1,1,0,1,7,1,54,2,53,0" doraHai="68" doraHaiUra="99" who="0" fromWho="0" sc="295,143,84,-41,375,-41,226,-41" /><INIT seed="4,2,0,3,1,66" ten="438,43,334,185" oya="0" hai0="129,117,96,46,107,104,93,125,74,16,105,63,5" hai1="83,2,135,39,23,49,73,18,85,62,22,67,34" hai2="126,11,47,30,29,33,25,111,127,52,54,6,13" hai3="102,43,48,24,95,51,65,69,38,86,78,75,32"/><T12/><D117/><U131/><E39/><V14/><F47/><W41/><G75/><T134/><D74/><U55/><E73/><V9/><F111/><W68/><G65/><T1/><D125/><N who="2" m="47626" /><F30/><W50/><G102/><T103/><D129/><U60/><E34/><V99/><F99/><W81/><G95/><T133/><D5/><AGARI ba="2,0" hai="5,6,9,11,13,14,25,29,33,52,54" m="47626" machi="5" ten="30,2000,0" yaku="18,1,54,1" doraHai="66" who="2" fromWho="0" sc="438,-26,43,0,334,26,185,0" /><INIT seed="5,0,0,0,1,135" ten="412,43,360,185" oya="1" hai0="43,71,112,5,66,26,76,99,83,72,118,119,7" hai1="114,80,28,63,44,20,82,19,106,53,116,107,34" hai2="69,97,86,65,120,77,100,117,56,50,75,33,92" hai3="52,89,111,51,21,79,39,2,36,54,88,93,78"/><U125/><E116/><V108/><F108/><W124/><G111/><T40/><D112/><U27/><E114/><V23/><F120/><W4/><G4/><T96/><D66/><U81/><E125/><V9/><F33/><W49/><G21/><T123/><D71/><U91/><E91/><V94/><F69/><W47/><G47/><T22/><D123/><U10/><E10/><V14/><F75/><W122/><G93/><T17/><D5/><U55/><E63/><N who="2" m="38119" /><F117/><W38/><G122/><T128/><D128/><U35/><E44/><V95/><F23/><W131/><G38/><T24/><D7/><U101/><E35/><V62/><F50/><W87/><G87/><T115/><D115/><U48/><E101/><V59/><F86/><W61/><G61/><T60/><D60/><U13/><REACH who="1" step="1"/><E55/><REACH who="1" ten="412,33,360,185" step="2"/><N who="2" m="34175" /><F77/><W30/><G79/><T105/><D119/><U41/><E41/><V46/><F46/><W57/><G78/><T132/><D118/><U37/><E37/><V58/><F58/><W98/><G57/><T31/><D40/><U15/><E15/><V104/><F14/><W133/><G36/><T64/><D43/><U68/><E68/><V90/><F9/><W73/><G54/><T32/><D64/><U127/><E127/><V109/><F109/><W16/><G124/><T29/><D32/><U11/><E11/><V67/><F67/><W130/><G39/><T102/><D102/><U84/><E84/><V6/><F90/><W8/><G89/><T42/><D42/><U110/><E110/><V121/><F121/><W45/><G88/><T70/><D70/><RYUUKYOKU ba="0,1" sc="412,-15,33,15,360,15,185,-15" hai1="13,19,20,27,28,34,48,53,80,81,82,106,107" hai2="6,92,94,95,97,100,104" /><INIT seed="5,1,1,2,4,4" ten="397,48,375,170" oya="1" hai0="22,77,44,27,90,116,105,29,91,103,76,113,10" hai1="12,11,68,104,52,70,135,43,58,16,67,48,117" hai2="107,6,97,38,80,118,63,53,131,51,126,123,84" hai3="82,2,96,110,40,37,66,83,129,130,86,108,20"/><U30/><E117/><V124/><F118/><W41/><G2/><T81/><D116/><U114/><E114/><V9/><F123/><W93/><G66/><T45/><D113/><U119/><E119/><V85/><F38/><W72/><G20/><T88/><D105/><U122/><E122/><V128/><F63/><W60/><G60/><T59/><D103/><U89/><E135/><V65/><F65/><W5/><G5/><T101/><D101/><U56/><E104/><V71/><F97/><W14/><G14/><T13/><D59/><N who="1" m="33159" /><E70/><V47/><F107/><W32/><G32/><T34/><D34/><U134/><E68/><V28/><F28/><W8/><G8/><T127/><D127/><N who="2" m="48682" /><F71/><W132/><G37/><T102/><D102/><U125/><E125/><V35/><F35/><W69/><G69/><T121/><D121/><U46/><E134/><V19/><F19/><W106/><G106/><T57/><D57/><N who="1" m="22123" /><E67/><V33/><F33/><W36/><G132/><T94/><D94/><U62/><E62/><V133/><F133/><W7/><G93/><T61/><D61/><U100/><E100/><V23/><F128/><W54/><G129/><T18/><D81/><U115/><E115/><V64/><F131/><W24/><G82/><T111/><D111/><U15/><E30/><V109/><F109/><W75/><G108/><T25/><D25/><U21/><E89/><V95/><F95/><W78/><G110/><T74/><D74/><U49/><E15/><N who="2" m="5559" /><F64/><W3/><G130/><T112/><D112/><U1/><E1/><V73/><F80/><W31/><G83/><RYUUKYOKU ba="1,1" sc="397,15,48,15,375,-15,170,-15" hai0="10,13,18,22,27,29,44,45,76,77,88,90,91" hai1="11,12,16,21,43,46,49" /><INIT seed="5,2,1,4,2,36" ten="412,63,360,155" oya="1" hai0="63,117,48,118,101,4,124,85,99,89,58,79,115" hai1="68,134,112,113,50,40,57,22,96,69,26,45,94" hai2="52,15,43,70,10,20,93,100,126,77,106,0,9" hai3="16,14,109,32,34,111,129,11,65,25,3,133,21"/><U86/><E134/><V18/><F70/><W73/><G73/><T76/><D115/><N who="1" m="44107" /><E86/><V49/><F106/><W72/><G72/><T37/><D37/><U61/><E22/><V123/><F123/><W35/><G133/><T98/><D4/><U24/><E69/><V121/><F121/><W47/><G65/><T78/><D124/><U66/><E68/><V42/><F77/><W91/><G91/><AGARI ba="2,1" hai="24,26,40,45,50,57,61,66,91,94,96" m="44107" machi="91" ten="30,2900,0" yaku="15,1,52,1" doraHai="36" who="1" fromWho="3" sc="412,0,63,45,360,0,155,-35" /><INIT seed="5,3,0,0,1,110" ten="412,108,360,120" oya="1" hai0="105,48,35,66,92,59,116,6,37,129,134,87,131" hai1="11,67,101,40,10,68,132,108,106,31,102,88,33" hai2="122,43,16,28,50,39,74,104,15,55,4,2,13" hai3="56,44,75,61,91,52,98,8,12,5,14,20,86"/><U95/><E108/><V111/><F111/><W24/><G75/><T25/><D116/><U96/><E40/><V117/><F122/><W72/><G72/><T133/><D105/><U36/><E36/><V21/><F74/><W3/><G44/><T65/><D6/><U49/><E132/><N who="0" m="50793" /><D37/><U64/><E49/><V79/><F79/><W69/><G69/><T113/><D113/><U84/><E102/><V46/><F104/><W77/><G77/><T121/><D121/><U30/><E30/><V54/><F117/><W103/><G103/><T119/><D119/><U42/><E42/><V23/><F28/><W58/><G56/><T114/><D114/><U71/><E71/><V81/><F81/><W94/><REACH who="3" step="1"/><G86/><REACH who="3" ten="412,108,360,110" step="2"/><T51/><D59/><U123/><E123/><V80/><F46/><W70/><G70/><T126/><D87/><U41/><E68/><V135/><F135/><W99/><G99/><T19/><D131/><U112/><E112/><V97/><F97/><W127/><G127/><T115/><D126/><U89/><E89/><V125/><F125/><W45/><G45/><T53/><D129/><U109/><E109/><V18/><F39/><W82/><G82/><T124/><D124/><U100/><E100/><V83/><F83/><W9/><G9/><T93/><D115/><U26/><REACH who="1" step="1"/><E41/><REACH who="1" ten="412,98,360,110" step="2"/><V85/><F43/><W29/><AGARI ba="3,2" hai="3,5,8,12,14,20,24,29,52,58,61,91,94,98" machi="29" ten="20,8000,1" yaku="1,1,0,1,7,1,54,1,53,1" doraHai="110" doraHaiUra="27" who="3" fromWho="3" sc="412,-23,98,-43,360,-23,110,109" /><INIT seed="6,0,0,3,0,29" ten="389,55,337,219" oya="2" hai0="67,38,58,88,97,89,102,112,25,108,33,126,42" hai1="77,80,128,11,100,18,30,70,109,75,45,104,54" hai2="94,66,86,81,52,20,8,28,110,115,46,107,2" hai3="50,22,72,105,16,34,111,76,10,123,134,17,125"/><V53/><F107/><W91/><G111/><T101/><D108/><U79/><E109/><V40/><F110/><W57/><G123/><T69/><D112/><U31/><E128/><V13/><F115/><W90/><G105/><T92/><D126/><U1/><E70/><V95/><F66/><W36/><G125/><T3/><D3/><U129/><E129/><V117/><F117/><W83/><G36/><T23/><D69/><U14/><E1/><V120/><F120/><W62/><G34/><T55/><D33/><U21/><E21/><V19/><F2/><W133/><G50/><T103/><D67/><U27/><E31/><V44/><F28/><W48/><G48/><T60/><D89/><U35/><E80/><V59/><F20/><W130/><G10/><T99/><D38/><U71/><E75/><V98/><F40/><W114/><G130/><T82/><D82/><U41/><E54/><N who="2" m="21099" /><F59/><W64/><G114/><T96/><D42/><U12/><E71/><V78/><F95/><W106/><G17/><AGARI ba="0,0" hai="17,23,25,55,58,60,88,92,96,97,99,101,102,103" machi="17" ten="40,8000,1" yaku="25,2,8,1,54,1" doraHai="29" who="0" fromWho="3" sc="389,80,55,0,337,0,219,-80" /><INIT seed="7,0,0,1,2,124" ten="469,55,337,139" oya="3" hai0="8,74,43,68,49,102,29,27,14,18,40,112,131" hai1="77,66,60,96,22,47,17,75,108,118,64,62,89" hai2="123,65,21,122,4,87,95,9,24,84,72,115,113" hai3="52,105,37,50,59,19,132,86,35,54,111,88,33"/><W15/><G132/><T16/><D68/><U134/><E108/><V78/><F65/><W55/><G37/><T99/><D74/><U116/><E134/><V38/><F38/><W106/><G54/><T25/><D112/><N who="2" m="43082" /><F72/><W129/><G111/><T135/><D135/><U119/><E75/><V36/><F36/><W67/><G67/><T70/><D70/><U2/><E2/><N who="2" m="151" /><F78/><W117/><G129/><T128/><D18/><U42/><E77/><V101/><F101/><W69/><G69/><T110/><D110/><U56/><E89/><N who="2" m="53671" /><F87/><W23/><G117/><T57/><D57/><U79/><E79/><V20/><F20/><W103/><G55/><T92/><D49/><U133/><E133/><V34/><F34/><N who="3" m="12811" /><G103/><T126/><D126/><U39/><E96/><V32/><F32/><W5/><G5/><T63/><D63/><U98/><E98/><V127/><F127/><W6/><G6/><T7/><D7/><U85/><E85/><V13/><F13/><W83/><G83/><T44/><D44/><U45/><E45/><V11/><F11/><W12/><G12/><T120/><D120/><U81/><E81/><V114/><F114/><W0/><G0/><T61/><D61/><N who="1" m="37927" /><E66/><V130/><F130/><N who="0" m="49706" /><D29/><AGARI ba="0,0" hai="21,24,29,122,123" m="53671,151,43082" machi="29" ten="30,1000,0" yaku="15,1" doraHai="124" who="2" fromWho="0" sc="469,-10,55,0,337,10,139,0" owari="459,55.0,55,-44.0,347,15.0,139,-26.0" /></mjloggm>