<mjloggm ver="2.3"><GO type="169" lobby="0"/><UN n0="%E5%8D%83%E7%BE%BD%E9%B4%89" n1="%E9%88%B4%E4%BE%8D" n2="%73%65%61%73%74%6F%72%79" n3="%E3%81%A1%E3%82%83%E3%81%BE" dan="17,18,16,16" rate="2226.77,2266.96,2108.69,2082.27" sx="F,M,M,M"/><TAIKYOKU oya="0"/><INIT seed="0,0,0,2,4,124" ten="250,250,250,250" oya="0" hai0="71,110,50,53,93,6,39,122,130,59,8,35,108" hai1="70,95,133,33,72,47,27,23,1,13,69,98,78" hai2="44,37,43,101,118,14,135,21,12,3,30,89,81" hai3="88,0,104,76,42,65,120,20,92,66,109,123,132"/><T119/><D119/><U4/><E133/><V25/><F3/><W61/><G104/><T7/><D122/><N who="3" m="46633" /><G109/><N who="0" m="42091" /><D35/><U18/><E78/><V63/><F135/><W84/><G0/><T125/><D125/><U34/><E72/><V73/><F118/><W94/><G132/><T52/><D71/><U62/><E47/><V54/><F101/><W64/><G42/><T5/><D39/><U83/><E83/><V116/><F116/><W17/><G76/><T49/><D93/><U103/><E62/><V77/><F89/><W40/><G40/><T107/><D107/><U36/><E34/><V26/><F26/><N who="3" m="14607" /><G92/><T38/><D38/><U91/><E91/><V15/><F63/><AGARI ba="0,0" hai="61,63,64,65,66,84,88,94" m="14607,46633" machi="63" ten="30,2000,0" yaku="13,1,54,1" doraHai="124" who="3" fromWho="2" sc="250,0,250,0,250,-20,250,20" /><INIT seed="1,0,0,0,2,95" ten="250,250,230,270" oya="1" hai0="87,102,48,109,13,93,94,54,68,41,112,50,81" hai1="65,69,122,31,63,45,67,125,71,9,23,3,38" hai2="86,101,80,17,79,103,96,133,130,119,83,35,123" hai3="61,85,134,89,40,56,10,106,115,110,82,114,32"/><U7/><E122/><V34/><F123/><W84/><G110/><T118/><D109/><U8/><E125/><V58/><F119/><W39/><G134/><T74/><D74/><U15/><E38/><V37/><F37/><W124/><G124/><T116/><D112/><U135/><E135/><V53/><F133/><W70/><G70/><T120/><D68/><U25/><E45/><V36/><F101/><W11/><G32/><T88/><D120/><U98/><E98/><V66/><F66/><W4/><G106/><T20/><D116/><U44/><E44/><V76/><F17/><W6/><G40/><T24/><D13/><U22/><E67/><V1/><F1/><W77/><G11/><T129/><D129/><U16/><REACH who="1" step="1"/><E71/><REACH who="1" ten="250,240,230,270" step="2"/><V90/><F36/><W18/><G39/><T47/><D118/><U91/><E91/><V75/><F90/><W21/><G115/><T29/><REACH who="0" step="1"/><D102/><REACH who="0" ten="240,240,230,270" step="2"/><U121/><E121/><V42/><F130/><W131/><G131/><T111/><D111/><U128/><E128/><V64/><F64/><W78/><G114/><T126/><D126/><U127/><E127/><V104/><REACH who="2" step="1"/><F42/><REACH who="2" ten="240,240,220,270" step="2"/><W5/><G89/><T117/><D117/><U28/><E28/><V60/><AGARI ba="0,3" hai="34,35,53,58,60,75,76,79,80,83,86,96,103,104" machi="60" ten="20,12000,2" yaku="1,1,2,1,0,1,7,1,52,1,53,1" doraHai="95" doraHaiUra="99" who="2" fromWho="2" sc="240,-30,240,-60,220,150,270,-30" /><INIT seed="2,0,0,1,0,44" ten="210,180,370,240" oya="2" hai0="126,35,41,71,10,47,68,30,93,72,21,82,119" hai1="34,83,49,69,20,113,5,59,73,74,62,88,45" hai2="63,89,99,87,18,28,33,135,55,66,7,112,124" hai3="122,15,38,109,78,110,76,52,23,75,9,81,77"/><V123/><F123/><W31/><G122/><T56/><D21/><U128/><E113/><V91/><F112/><W129/><G38/><T11/><D93/><U118/><E118/><V42/><F42/><W108/><G129/><T131/><D10/><U100/><E34/><V98/><F7/><W132/><G132/><T14/><D126/><U43/><E69/><V90/><F135/><W29/><G29/><T97/><D97/><U86/><E128/><V39/><F39/><W51/><G23/><T36/><D119/><U121/><E121/><V120/><F120/><W50/><G31/><T8/><D8/><U12/><E100/><V95/><F124/><W79/><REACH who="3" step="1"/><G52/><REACH who="3" ten="210,180,370,230" step="2"/><T103/><D30/><U24/><E24/><V57/><F28/><W96/><G96/><T104/><D36/><U94/><E20/><V111/><F33/><W67/><G67/><T3/><D35/><U54/><REACH who="1" step="1"/><E83/><REACH who="1" ten="210,170,370,230" step="2"/><V107/><F107/><W27/><G27/><T64/><D104/><U70/><E70/><V102/><F102/><W92/><G92/><T26/><D71/><U105/><E105/><V133/><F95/><W19/><AGARI ba="0,2" hai="9,15,19,50,51,75,76,77,78,79,81,108,109,110" machi="19" ten="40,8000,1" yaku="1,1,0,1,14,1,52,2,53,0" doraHai="44" doraHaiUra="84" who="3" fromWho="3" sc="210,-20,170,-20,370,-40,230,100" /><INIT seed="3,0,0,0,1,19" ten="190,150,330,330" oya="3" hai0="24,88,55,6,125,38,75,34,110,79,64,83,118" hai1="104,26,47,41,18,21,42,37,60,16,70,68,7" hai2="77,115,22,93,126,119,10,46,86,122,30,84,13" hai3="81,20,71,65,9,27,82,5,97,80,112,61,69"/><W58/><G97/><T102/><D110/><U87/><E104/><V53/><F119/><W90/><G112/><T36/><D125/><U39/><E7/><V128/><F115/><W32/><G32/><T2/><D118/><U14/><E60/><V132/><F126/><W72/><G72/><T54/><D102/><U108/><E108/><V11/><F122/><W111/><G111/><T109/><D109/><U49/><E87/><V89/><F132/><W12/><REACH who="3" step="1"/><G90/><REACH who="3" ten="190,150,330,320" step="2"/><T23/><D88/><U103/><E103/><V33/><F33/><W78/><G78/><T52/><D34/><U123/><E123/><V8/><F77/><W67/><G67/><T85/><D64/><U116/><E116/><V17/><F86/><W25/><G25/><T48/><D75/><U1/><E1/><V35/><F35/><W56/><G56/><T91/><D79/><U15/><E26/><V45/><F128/><W96/><G96/><T135/><D135/><U43/><E68/><V74/><F74/><W94/><G94/><T62/><D2/><U44/><E70/><V57/><REACH who="2" step="1"/><F30/><AGARI ba="0,1" hai="5,9,12,20,27,30,58,61,65,69,71,80,81,82" machi="30" ten="40,7700,0" yaku="1,1,52,1,53,1" doraHai="19" doraHaiUra="4" who="3" fromWho="2" sc="190,0,150,0,330,-77,320,87" /><INIT seed="3,1,0,5,5,47" ten="190,150,253,407" oya="3" hai0="100,69,95,49,74,2,79,96,77,58,24,85,3" hai1="117,50,25,26,4,16,9,128,92,45,82,89,108" hai2="106,65,119,124,39,125,13,129,84,101,48,68,87" hai3="35,51,66,67,103,99,53,94,46,38,122,12,10"/><W43/><G35/><T21/><D69/><U18/><E108/><V52/><F39/><W6/><REACH who="3" step="1"/><G122/><REACH who="3" ten="190,150,253,397" step="2"/><T7/><D3/><U127/><E117/><V71/><F119/><W60/><G60/><T54/><D2/><U23/><E128/><V105/><F129/><W121/><G121/><T112/><D112/><U81/><E127/><V86/><F125/><W93/><G93/><T29/><D74/><U5/><E82/><V102/><F124/><W32/><G32/><T59/><D7/><U42/><E81/><V57/><F106/><W33/><G33/><T63/><REACH who="0" step="1"/><D85/><REACH who="0" ten="180,150,253,397" step="2"/><U115/><E115/><V14/><F87/><W20/><G20/><T70/><D70/><U64/><E4/><V118/><F86/><W0/><G0/><T111/><D111/><U8/><E5/><V44/><F84/><W73/><G73/><T22/><D22/><N who="1" m="13511" /><E64/><AGARI ba="1,2" hai="21,24,29,49,54,58,59,63,64,77,79,95,96,100" machi="64" ten="30,12000,2" yaku="1,1,7,1,25,2,8,1,52,1,53,0" doraHai="47" doraHaiUra="36" who="0" fromWho="1" sc="180,143,150,-123,253,0,397,0" /><INIT seed="4,0,0,0,0,69" ten="323,27,253,397" oya="0" hai0="18,87,67,96,73,127,41,77,95,129,14,118,132" hai1="72,126,25,10,84,2,12,81,28,24,92,57,9" hai2="125,6,37,135,121,13,82,93,99,116,55,21,131" hai3="50,124,133,17,85,79,39,47,46,36,43,11,88"/><T62/><D127/><U51/><E126/><V130/><F125/><W32/><G124/><T20/><D129/><N who="2" m="49162" /><F121/><W113/><G113/><T91/><D132/><U76/><E2/><V86/><F135/><W115/><G115/><T75/><D118/><U111/><E111/><V104/><F104/><W134/><G32/><T38/><D77/><U78/><E72/><V83/><F55/><N who="3" m="30175" /><G79/><T89/><D38/><U97/><E76/><V42/><F86/><W90/><G90/><T31/><D41/><U3/><E3/><V15/><F15/><N who="3" m="7423" /><G36/><T122/><D31/><U60/><E51/><V52/><F52/><W58/><G58/><T107/><D122/><U63/><E63/><V120/><F120/><W64/><G64/><T29/><D29/><U53/><E28/><V98/><F116/><W74/><G74/><T123/><D123/><U71/><E71/><V1/><F1/><W49/><G49/><T30/><D30/><U56/><E56/><V44/><F99/><W94/><G94/><T106/><D106/><U70/><E70/><V4/><F4/><W100/><G100/><T7/><D7/><U27/><REACH who="1" step="1"/><E12/><REACH who="1" ten="323,17,253,397" step="2"/><V8/><F37/><W114/><G114/><T119/><D119/><U110/><E110/><V117/><F117/><W34/><G34/><T26/><D14/><U33/><E33/><V66/><F13/><W105/><G133/><T48/><D48/><U40/><E40/><V128/><F42/><W0/><G0/><T102/><REACH who="0" step="1"/><D91/><AGARI ba="0,1" hai="9,10,24,25,27,53,57,60,78,81,84,91,92,97" machi="91" ten="40,8000,1" yaku="1,1,8,1,53,3" doraHai="69" doraHaiUra="22" who="1" fromWho="0" sc="323,-80,17,90,253,0,397,0" /><INIT seed="5,0,0,5,3,76" ten="243,107,253,397" oya="1" hai0="81,104,80,62,95,105,14,38,17,107,18,118,130" hai1="35,88,1,66,73,4,121,122,54,8,90,74,5" hai2="119,57,16,64,33,124,98,93,72,28,61,45,87" hai3="126,106,22,3,56,97,115,79,24,11,15,112,83"/><U21/><E35/><V37/><F119/><W103/><G126/><T100/><D118/><U101/><E66/><V132/><F72/><W125/><G3/><T27/><D38/><U53/><E21/><V85/><F124/><W44/><G125/><T65/><D130/><U120/><E101/><V68/><F68/><W31/><G56/><T26/><D95/><U123/><E123/><V36/><F36/><W50/><G15/><T84/><D84/><U92/><E5/><V51/><F37/><W67/><G11/><T41/><D41/><U34/><E34/><V59/><F59/><W47/><G67/><T102/><D65/><U134/><E134/><V96/><F96/><W7/><G7/><T25/><D62/><U117/><E117/><V75/><F75/><N who="3" m="43519" /><G50/><T91/><D91/><U32/><E32/><V0/><F0/><W109/><G109/><T131/><D131/><U63/><E90/><V82/><F132/><W129/><G129/><T10/><REACH who="0" step="1"/><D18/><REACH who="0" ten="233,107,253,397" step="2"/><U20/><E63/><V48/><F16/><W116/><G116/><T133/><D133/><U94/><E94/><V113/><F61/><W40/><G40/><T13/><D13/><U108/><E108/><V42/><F64/><W78/><G78/><T2/><D2/><U52/><REACH who="1" step="1"/><E20/><REACH who="1" ten="233,97,253,397" step="2"/><V71/><F33/><W128/><G128/><T30/><D30/><U12/><E12/><V9/><F71/><W110/><G110/><T114/><D114/><AGARI ba="0,2" hai="22,24,31,44,47,97,103,106,112,114,115" m="43519" machi="114" ten="30,2000,0" yaku="15,1,52,1" doraHai="76" who="3" fromWho="0" sc="233,-20,97,0,253,0,397,40" /><INIT seed="6,0,0,1,2,12" ten="213,97,253,437" oya="2" hai0="25,73,125,27,127,62,104,2,89,133,109,113,53" hai1="102,52,134,67,88,40,19,44,51,82,74,49,46" hai2="84,66,16,34,107,68,41,36,83,95,30,31,129" hai3="115,7,32,87,1,69,28,112,33,99,118,13,50"/><V126/><F107/><W123/><G118/><T6/><D109/><U10/><E134/><V131/><F34/><W17/><G123/><T3/><D73/><U20/><E102/><V0/><F0/><W76/><G69/><T55/><D104/><U15/><E67/><V45/><F126/><N who="0" m="48138" /><D113/><N who="3" m="43593" /><G28/><T14/><D89/><U119/><E119/><V18/><F95/><W5/><G50/><T106/><D106/><U96/><E74/><V35/><F66/><W65/><G65/><T47/><D47/><U103/><E103/><V60/><F60/><W29/><G99/><T90/><D90/><U42/><E42/><V86/><F68/><W130/><G130/><N who="2" m="49673" /><F86/><W58/><G58/><T21/><D62/><U100/><E100/><V57/><F57/><W97/><G97/><T72/><D72/><U37/><E37/><V101/><F101/><W128/><G128/><T105/><D105/><U79/><E79/><N who="2" m="46207" /><F31/><W56/><G56/><T81/><D3/><U38/><E38/><V61/><F61/><W23/><G29/><T63/><D63/><U124/><E124/><V117/><F117/><W122/><G122/><T85/><D2/><U108/><E108/><V98/><F98/><W91/><G76/><T48/><D85/><N who="1" m="50231" /><E96/><V9/><F9/><AGARI ba="0,0" hai="9,10,15,19,20,40,44,46,49,51,52" m="50231" machi="9" ten="30,7700,0" yaku="8,1,52,1,54,2" doraHai="12" who="1" fromWho="2" sc="213,0,97,77,253,-77,437,0" /><INIT seed="7,0,0,5,1,46" ten="213,174,176,437" oya="3" hai0="82,97,10,134,71,78,90,67,21,41,113,22,105" hai1="18,28,75,56,24,103,109,131,62,128,126,58,80" hai2="133,85,68,45,95,108,119,83,30,16,9,36,2" hai3="73,47,3,110,130,43,27,33,61,44,50,112,40"/><W132/><G112/><T6/><D113/><U38/><E109/><V77/><F119/><W65/><G73/><T114/><D114/><U5/><E126/><V12/><F108/><W63/><G3/><T102/><D134/><U98/><E38/><V69/><F133/><W35/><G110/><T32/><D32/><N who="1" m="20487" /><E5/><V14/><F2/><W122/><G130/><N who="1" m="49706" /><E18/><V120/><F120/><W115/><G27/><T121/><D90/><U116/><E116/><V106/><F106/><W72/><G122/><T7/><D7/><U55/><E56/><V66/><F30/><W88/><G72/><T57/><D57/><U17/><E17/><V29/><F29/><W39/><G88/><T64/><D121/><U20/><E20/><V19/><F66/><W60/><G132/><T111/><D67/><U87/><E75/><V123/><F123/><W89/><G89/><T1/><D111/><U74/><E74/><V101/><F101/><W8/><G8/><T48/><D64/><U76/><E98/><V34/><F34/><W11/><G11/><T59/><D71/><U79/><E103/><V51/><F36/><W125/><G125/><T117/><D117/><U100/><E100/><V129/><F129/><W4/><G4/><T91/><D59/><U107/><E107/><V81/><F81/><W37/><G115/><T135/><D135/><U42/><E42/><N who="2" m="25015" /><F95/><W49/><G65/><T15/><D1/><U52/><E55/><V94/><F94/><W23/><G61/><T31/><D31/><U118/><E118/><V86/><F86/><W127/><G127/><T93/><D105/><RYUUKYOKU ba="0,0" sc="213,-30,174,10,176,10,437,10" hai1="52,58,62,76,79,80,87" hai2="9,12,14,16,19,68,69,77,83,85" hai3="23,33,35,37,39,40,43,44,47,49,50,60,63" owari="183,-32.0,184,-22.0,186,-1.0,447,55.0" /></mjloggm>