<mjloggm ver="2.3"><GO type="169" lobby="0"/><UN n0="%E6%9C%A8%E6%BC%8F%E3%82%8C%E6%97%A5" n1="%54%4C%6B%65%79" n2="%E3%82%B7%E3%83%A5%E3%83%9E%E3%82%A4%E3%82%B1%E3%83%AB" n3="%E6%87%90%E3%81%8F%E5%AE%B6%E7%95%9C" dan="17,16,16,16" rate="2219.99,2146.29,2132.02,2124.93" sx="M,M,M,M"/><TAIKYOKU oya="0"/><INIT seed="0,0,0,2,1,1" ten="250,250,250,250" oya="0" hai0="113,129,54,125,84,39,55,5,93,58,13,63,48" hai1="35,99,32,83,124,120,38,4,65,77,71,70,46" hai2="29,82,47,91,25,14,106,28,90,119,108,64,74" hai3="89,115,43,40,8,3,56,130,44,76,60,109,67"/><T2/><D113/><U10/><E120/><V9/><F106/><W92/><G115/><T79/><D39/><U68/><E124/><V85/><F108/><W118/><G118/><T107/><D107/><U12/><E65/><V88/><F74/><W117/><G109/><T123/><D2/><U15/><E15/><V135/><F119/><W41/><G117/><T24/><D129/><U52/><E99/><V27/><F64/><W36/><G130/><T31/><D125/><U101/><E101/><V103/><F103/><W122/><G122/><T22/><D123/><U131/><E131/><V75/><F75/><W133/><G76/><T112/><D112/><U6/><E6/><N who="2" m="3383" /><F47/><W121/><G121/><T37/><D37/><U110/><E110/><V19/><F135/><W34/><G34/><T0/><D0/><U97/><E97/><V80/><F19/><W86/><G133/><T66/><D48/><U126/><E126/><V114/><F114/><W16/><G3/><T128/><D128/><U45/><E45/><V7/><F7/><W98/><G36/><T132/><D132/><U94/><E94/><V17/><F17/><W72/><G72/><T61/><D61/><U53/><E38/><V62/><F62/><W11/><G44/><T87/><D93/><U78/><E46/><V105/><F105/><W111/><G111/><T50/><D79/><U81/><E78/><N who="2" m="46231" /><F82/><N who="1" m="31241" /><E77/><V23/><F91/><N who="3" m="55583" /><G16/><T21/><D5/><U20/><E20/><AGARI ba="0,0" hai="20,23,25,27,28,29,88,90" m="46231,3383" machi="20" ten="30,3900,0" yaku="8,1,52,1,54,1" doraHai="1" who="2" fromWho="1" sc="250,0,250,-39,250,39,250,0" /><INIT seed="1,0,0,2,4,91" ten="250,211,289,250" oya="1" hai0="47,107,132,54,16,97,19,88,94,129,46,119,113" hai1="95,65,125,122,48,50,117,35,126,9,11,93,59" hai2="49,72,82,96,111,121,17,80,26,22,29,135,87" hai3="44,52,112,53,27,75,4,131,99,34,43,130,89"/><U71/><E122/><V61/><F121/><W86/><G75/><T124/><D113/><U7/><E117/><V6/><F111/><W105/><G112/><T114/><D114/><U33/><E71/><V60/><F135/><W2/><G2/><T30/><D119/><U41/><E41/><V78/><F6/><W3/><G3/><T5/><D132/><U68/><E68/><V42/><F29/><W120/><G120/><T90/><D107/><U39/><E39/><V62/><F96/><W10/><G4/><T76/><D76/><U110/><E110/><V123/><F123/><W56/><G10/><T92/><D5/><U25/><E25/><V58/><F72/><W115/><G115/><T40/><D30/><U83/><E83/><V15/><F82/><W0/><G0/><T102/><D124/><U106/><E7/><V98/><F98/><W118/><G118/><T24/><D129/><U66/><E106/><V36/><F36/><W74/><G105/><T100/><D54/><U21/><E59/><V57/><REACH who="2" step="1"/><F26/><REACH who="2" ten="250,211,279,250" step="2"/><W13/><G27/><T73/><D73/><U67/><E67/><V109/><F109/><W45/><G74/><T108/><D108/><U64/><REACH who="1" step="1"/><E65/><REACH who="1" ten="250,201,279,250" step="2"/><V20/><F20/><AGARI ba="0,2" hai="9,11,20,21,33,35,48,50,64,66,93,95,125,126" machi="20" ten="25,18000,2" yaku="1,1,2,1,22,2,52,2,53,0" doraHai="91" doraHaiUra="69" who="1" fromWho="2" sc="250,0,201,200,279,-180,250,0" /><INIT seed="1,1,0,0,2,31" ten="250,401,99,250" oya="1" hai0="124,25,59,108,97,84,85,127,96,62,128,26,82" hai1="23,94,88,53,135,47,16,9,29,122,0,15,19" hai2="118,131,22,51,81,45,8,103,49,130,83,110,37" hai3="56,70,116,12,60,27,24,5,73,11,111,33,52"/><U13/><E122/><V125/><F118/><W7/><G73/><T79/><D108/><U92/><E135/><V43/><F110/><W64/><G111/><T98/><D128/><U41/><E0/><V112/><F103/><W35/><G116/><T6/><D6/><U78/><E78/><V100/><F100/><W55/><G5/><T66/><REACH who="0" step="1"/><D85/><REACH who="0" ten="240,401,99,250" step="2"/><U20/><E29/><V40/><F130/><W90/><G55/><T119/><D119/><U121/><E53/><V77/><F131/><W34/><REACH who="3" step="1"/><G90/><REACH who="3" ten="240,401,99,240" step="2"/><T115/><D115/><U48/><E88/><V113/><F112/><W72/><G72/><T63/><D63/><AGARI ba="1,2" hai="7,11,12,24,27,33,34,35,52,56,60,63,64,70" machi="63" ten="40,8000,1" yaku="1,1,52,3,54,1,53,0" doraHai="31" doraHaiUra="117" who="3" fromWho="0" sc="240,-83,401,0,99,0,240,103" /><INIT seed="2,0,0,0,4,91" ten="157,401,99,343" oya="2" hai0="84,71,95,111,77,31,122,128,27,68,63,79,114" hai1="90,66,115,18,81,62,134,30,3,72,107,83,35" hai2="14,94,130,103,54,48,89,110,92,6,36,47,12" hai3="24,58,135,76,124,56,20,78,44,26,55,75,11"/><V129/><F36/><W85/><G75/><T59/><D122/><U52/><E115/><V61/><F110/><W43/><G135/><T125/><D114/><U116/><E116/><V41/><F103/><W105/><G105/><T74/><D111/><U112/><E112/><V87/><F6/><W88/><G124/><T132/><D125/><U126/><E107/><V9/><F61/><W22/><G11/><T93/><D74/><U64/><E3/><V23/><F23/><N who="3" m="8747" /><G43/><T21/><D128/><U120/><E120/><V28/><F28/><W40/><G40/><T70/><D132/><U121/><E18/><V57/><F92/><N who="3" m="54287" /><G44/><T117/><D117/><U106/><E126/><V34/><F34/><W19/><G19/><T49/><D49/><U86/><E106/><V25/><F25/><N who="3" m="9835" /><G58/><T8/><D8/><U45/><E45/><V15/><REACH who="2" step="1"/><F9/><REACH who="2" ten="157,401,89,343" step="2"/><W46/><G46/><T42/><D21/><U0/><E35/><V118/><F118/><W32/><G32/><T7/><D27/><U10/><E10/><V37/><AGARI ba="0,1" hai="12,14,15,37,41,47,48,54,57,87,89,94,129,130" machi="37" ten="30,6000,0" yaku="1,1,0,1,52,1,53,0" doraHai="91" doraHaiUra="65" who="2" fromWho="2" sc="157,-20,401,-20,89,70,343,-20" /><INIT seed="2,1,0,0,5,29" ten="137,381,159,323" oya="2" hai0="110,130,81,76,111,39,129,91,98,40,114,113,51" hai1="41,115,97,12,108,22,59,3,116,48,132,131,46" hai2="25,75,49,43,36,24,60,11,80,5,126,52,69" hai3="17,83,67,31,118,27,120,123,20,64,70,65,134"/><V125/><F36/><W121/><G118/><T55/><D40/><U44/><E116/><V1/><F43/><W95/><G134/><T35/><D39/><U15/><E115/><N who="0" m="44041" /><D55/><U99/><E131/><N who="0" m="50185" /><D51/><U105/><E132/><V38/><F38/><W101/><G83/><T2/><D2/><U72/><E108/><N who="0" m="41513" /><D35/><U88/><E3/><V71/><F80/><W10/><G70/><N who="2" m="26633" /><F75/><W21/><G10/><T63/><D63/><U104/><E48/><V93/><F93/><W92/><G67/><T8/><D8/><U32/><E32/><V122/><F60/><W34/><G65/><T68/><D68/><U124/><E59/><N who="2" m="33167" /><F122/><W62/><G123/><T50/><D50/><U84/><E72/><V90/><F90/><W57/><G121/><T119/><D119/><U4/><E88/><V6/><F6/><W7/><G120/><T9/><D9/><U109/><E4/><V18/><F18/><W103/><G7/><T112/><D112/><U135/><E109/><V19/><F19/><W14/><G34/><T100/><D91/><U42/><E42/><V37/><F37/><W28/><G28/><T47/><D47/><U56/><E44/><V78/><F24/><W87/><G31/><T117/><D117/><U0/><E46/><V45/><F25/><W94/><G27/><T66/><D66/><U33/><E41/><V89/><F89/><N who="3" m="53311" /><G21/><T82/><D76/><U74/><E22/><V86/><F45/><W106/><G20/><T61/><D61/><U73/><E74/><V30/><F30/><W133/><G17/><T127/><D127/><N who="2" m="48650" /><F78/><W53/><G14/><RYUUKYOKU ba="1,0" sc="137,15,381,-15,159,15,323,-15" hai0="81,82,98,100" hai2="1,5,11,86" /><INIT seed="2,2,0,4,1,16" ten="152,366,174,308" oya="2" hai0="25,94,103,106,10,17,120,69,121,62,56,127,64" hai1="8,86,115,82,14,55,19,88,9,34,45,27,37" hai2="6,96,67,116,133,104,135,130,97,51,68,101,124" hai3="41,28,81,114,22,123,99,50,46,31,65,89,112"/><V79/><F6/><W126/><G123/><T113/><D113/><N who="3" m="43625" /><G126/><T58/><D127/><U118/><E118/><V66/><F124/><W107/><G65/><T76/><D76/><U63/><E115/><V100/><F116/><W119/><G119/><T47/><D94/><U5/><E37/><V24/><F130/><W21/><G107/><T105/><D47/><U53/><E63/><V75/><F79/><W13/><G13/><T122/><D10/><U109/><E109/><V98/><F75/><W52/><G99/><T74/><D74/><U29/><REACH who="1" step="1"/><E45/><REACH who="1" ten="152,356,174,308" step="2"/><V83/><F133/><W0/><G0/><AGARI ba="2,1" hai="0,5,8,9,14,19,27,29,34,53,55,82,86,88" machi="0" ten="30,8000,1" yaku="1,1,2,1,7,1,54,1,53,1" doraHai="16" doraHaiUra="33" who="1" fromWho="3" sc="152,0,356,96,174,0,308,-86" /><INIT seed="3,0,0,1,3,68" ten="152,452,174,222" oya="3" hai0="57,13,119,82,49,72,56,73,133,75,105,104,58" hai1="23,30,81,62,42,97,83,36,7,71,66,85,84" hai2="107,53,29,33,45,80,91,99,135,0,27,52,31" hai3="114,51,93,76,48,117,111,65,86,74,129,126,77"/><W11/><G117/><T15/><D119/><U55/><E7/><V32/><F135/><W90/><G114/><T39/><D49/><U89/><E97/><V40/><F0/><W41/><G126/><T106/><D82/><U10/><E10/><V38/><F31/><W35/><G35/><T118/><D118/><U22/><E55/><V131/><F33/><W109/><G129/><T44/><D133/><U54/><E54/><V112/><F131/><W28/><G28/><T127/><D127/><U37/><E42/><AGARI ba="0,0" hai="13,15,39,42,44,56,57,58,72,73,75,104,105,106" machi="42" ten="60,7700,0" yaku="29,2,52,1" doraHai="68" who="0" fromWho="1" sc="152,77,452,-77,174,0,222,0" /><INIT seed="4,0,0,5,0,3" ten="229,375,174,222" oya="0" hai0="16,60,41,10,56,73,70,11,92,77,7,132,111" hai1="66,57,90,94,108,61,117,118,12,112,0,78,114" hai2="24,55,14,44,9,2,104,34,110,97,74,42,79" hai3="18,21,125,38,98,64,129,15,131,17,52,135,45"/><T84/><D70/><U133/><E0/><V32/><F55/><W20/><G64/><T130/><D73/><U80/><E108/><V35/><F110/><W48/><G38/><T116/><D116/><U39/><E39/><N who="2" m="21599" /><F14/><W95/><G125/><T5/><D111/><U49/><E49/><V72/><F24/><W99/><G135/><T107/><D107/><U127/><E12/><V83/><F72/><W65/><G65/><N who="0" m="39047" /><D130/><N who="3" m="49673" /><G95/><T96/><D41/><U40/><E40/><V122/><F122/><W121/><G121/><T86/><D132/><U6/><E6/><N who="0" m="2057" /><D77/><U59/><E133/><V123/><F123/><W33/><G33/><T46/><D46/><U93/><E127/><V87/><F87/><N who="0" m="33322" /><D16/><U85/><E114/><V31/><F31/><W19/><G19/><T4/><N who="0" m="2065" /><T1/><DORA hai="58" /><D1/><U47/><E112/><V29/><F29/><W69/><G69/><T43/><D43/><U128/><E128/><V67/><F67/><W28/><G28/><T91/><AGARI ba="0,0" hai="10,11,91,92,96" m="33322,2065,39047" machi="91" ten="40,18000,2" yaku="8,1,52,5" doraHai="3,58" who="0" fromWho="0" sc="229,180,375,-60,174,-60,222,-60" /><INIT seed="4,1,0,4,0,38" ten="409,315,114,162" oya="0" hai0="42,90,22,54,72,127,106,55,85,104,34,2,103" hai1="29,47,61,87,6,33,113,31,48,84,27,58,83" hai2="76,86,89,119,26,12,18,130,118,39,74,108,107" hai3="112,73,64,77,132,20,105,78,100,50,98,75,11"/><T69/><D34/><U57/><E113/><V65/><F108/><W53/><G112/><T114/><D72/><U5/><E31/><V46/><F107/><W62/><G132/><T24/><D2/><U19/><E19/><V124/><F76/><W51/><G51/><T109/><D69/><U123/><E123/><V49/><F39/><W8/><G77/><T68/><D68/><U36/><E36/><V79/><F79/><W25/><G75/><T14/><D127/><U125/><E84/><V4/><F74/><W133/><G133/><T117/><D117/><U3/><E3/><V82/><F124/><W0/><G0/><T52/><D14/><U94/><E94/><V111/><F111/><W35/><G78/><T71/><D71/><U80/><E58/><V43/><F130/><W60/><G35/><T122/><D122/><U28/><E28/><V95/><F65/><W67/><G73/><T41/><D114/><U7/><E87/><V93/><F4/><W110/><G110/><T88/><D109/><U13/><E13/><V115/><F115/><W59/><G64/><T32/><D32/><U66/><REACH who="1" step="1"/><E125/><REACH who="1" ten="409,305,114,162" step="2"/><V101/><F118/><W135/><G135/><T9/><D85/><U91/><E91/><V99/><F119/><W23/><G25/><T44/><D24/><U56/><E56/><V81/><REACH who="2" step="1"/><F26/><REACH who="2" ten="409,305,104,162" step="2"/><W21/><REACH who="3" step="1"/><G62/><REACH who="3" ten="409,305,104,152" step="2"/><T45/><D106/><U17/><E17/><V92/><F92/><W16/><G16/><T116/><D116/><U121/><E121/><V97/><F97/><W1/><G1/><T102/><D104/><U63/><E63/><RYUUKYOKU ba="1,3" sc="409,-30,305,10,104,10,152,10" hai1="5,6,7,27,29,33,47,48,57,61,66,80,83" hai2="12,18,43,46,49,81,82,86,89,93,95,99,101" hai3="8,11,20,21,23,50,53,59,60,67,98,100,105" /><INIT seed="5,2,3,5,3,88" ten="379,315,114,162" oya="1" hai0="99,2,38,63,89,48,6,23,27,90,59,124,132" hai1="29,19,34,110,131,117,8,84,54,4,16,107,116" hai2="42,15,66,69,64,60,95,72,104,128,5,46,118" hai3="11,36,37,33,41,103,51,96,135,94,81,101,91"/><U78/><E107/><V7/><F104/><W115/><G33/><T53/><D38/><U14/><E54/><V102/><F118/><N who="1" m="45673" /><E84/><V22/><F128/><W79/><G37/><T3/><D53/><U10/><E78/><V70/><F72/><W49/><G36/><T25/><D63/><U21/><E110/><V31/><F66/><W80/><G80/><T125/><D59/><U50/><E50/><V134/><F70/><W52/><G41/><T92/><D48/><U12/><E131/><V121/><F121/><W119/><G119/><T112/><D99/><U35/><E29/><V45/><F134/><W0/><G51/><T13/><D132/><U26/><AGARI ba="2,3" hai="4,8,10,12,14,16,19,21,26,34,35" m="45673" machi="26" ten="30,6000,0" yaku="34,2,54,1" doraHai="88" who="1" fromWho="1" sc="379,-22,315,96,114,-22,162,-22" /><INIT seed="5,3,0,0,1,50" ten="357,411,92,140" oya="1" hai0="80,97,114,116,13,88,32,35,104,81,119,6,134" hai1="108,70,98,69,100,22,72,90,31,17,63,40,85" hai2="43,61,47,23,66,53,44,30,52,78,10,91,45" hai3="129,79,55,128,16,111,68,99,84,11,8,127,56"/><U71/><E72/><V21/><F78/><W46/><G111/><T87/><D6/><U103/><E31/><V49/><F10/><W26/><G68/><T106/><D13/><U12/><E108/><V110/><F110/><W121/><G121/><T15/><D15/><U107/><E100/><V131/><F131/><N who="3" m="50251" /><G127/><T0/><D0/><U20/><E40/><V120/><F120/><W14/><G46/><N who="2" m="18025" /><F91/><W19/><G26/><T95/><D35/><U118/><E118/><N who="0" m="45097" /><D32/><U102/><E102/><V76/><F76/><W18/><G99/><T36/><D36/><U29/><E29/><V28/><F28/><W38/><G38/><T3/><D3/><U4/><E4/><V123/><F123/><W41/><G41/><T33/><D33/><U122/><E122/><V58/><F23/><W7/><G11/><T67/><D67/><U59/><E22/><V62/><F62/><N who="3" m="36127" /><G7/><T27/><D27/><AGARI ba="3,0" hai="21,27,30,43,47,49,52,53,58,61,66" m="18025" machi="27" ten="30,7700,0" yaku="8,1,52,2,54,1" doraHai="50" who="2" fromWho="0" sc="357,-86,411,0,92,86,140,0" /><INIT seed="6,0,0,4,2,69" ten="271,411,178,140" oya="2" hai0="7,92,125,22,52,4,115,32,37,16,55,35,51" hai1="20,113,34,18,94,81,47,74,24,90,91,72,33" hai2="41,134,31,6,10,76,119,82,38,132,43,89,75" hai3="11,60,121,49,19,56,109,130,23,46,95,68,97"/><V102/><F119/><W80/><G121/><T12/><D37/><U133/><E113/><V129/><F129/><W1/><G109/><T27/><D115/><U78/><E133/><V64/><F102/><W111/><G111/><T57/><D125/><U58/><E74/><V79/><F79/><W107/><G107/><T96/><D35/><U116/><E116/><V93/><F64/><W120/><G68/><T67/><D67/><U86/><E58/><V2/><F31/><W9/><G1/><T21/><D55/><U48/><E90/><V117/><F117/><W15/><G80/><T63/><D51/><U128/><E128/><V53/><F53/><AGARI ba="0,0" hai="18,20,24,33,34,47,48,53,72,78,81,86,91,94" machi="53" ten="30,1000,0" yaku="7,1" doraHai="69" who="1" fromWho="2" sc="271,0,411,10,178,-10,140,0" /><INIT seed="7,0,0,3,2,20" ten="271,421,168,140" oya="3" hai0="58,42,95,104,87,91,7,78,22,76,29,88,2" hai1="120,40,113,41,45,59,10,0,121,63,111,33,39" hai2="46,119,107,5,102,60,99,69,70,80,36,34,101" hai3="65,106,38,122,30,81,100,66,83,123,115,108,84"/><W125/><G38/><T27/><D104/><U54/><E111/><V89/><F119/><W86/><G30/><T127/><D127/><U57/><E33/><V35/><F101/><W85/><G125/><T131/><D131/><U16/><E16/><V132/><F132/><W118/><G118/><T4/><D42/><U110/><E10/><V53/><F5/><N who="0" m="2122" /><D2/><U14/><E14/><V73/><F89/><W74/><G108/><T43/><D43/><U67/><E0/><V72/><F53/><W92/><G115/><T109/><D109/><U103/><E103/><V25/><F80/><W124/><G124/><T56/><D91/><U12/><E113/><V49/><F49/><W15/><G15/><T64/><D64/><U112/><E12/><V75/><F35/><W114/><G114/><T116/><D116/><U48/><E112/><V129/><F129/><W24/><G74/><T82/><D78/><U128/><E128/><V37/><F46/><W68/><G106/><T105/><D105/><U52/><E41/><V93/><F93/><W61/><G66/><T96/><AGARI ba="0,0" hai="22,27,29,56,58,76,82,87,88,95,96" m="2122" machi="96" ten="30,4000,0" yaku="8,1,52,1,54,1" doraHai="20" who="0" fromWho="0" sc="271,40,421,-10,168,-10,140,-20" owari="311,11.0,411,51.0,158,-24.0,120,-38.0" /></mjloggm>