<mjloggm ver="2.3"><GO type="169" lobby="0"/><UN n0="%E7%9C%BC%E7%A7%91%E5%8C%BB" n1="%E3%81%8F%E3%81%86%E3%81%9F%E3%82%8D" n2="%E3%81%B4%E3%82%8C" n3="%67%61%79%75%6E%79" dan="16,17,16,16" rate="2122.49,2160.89,2073.80,2109.82" sx="M,M,M,M"/><TAIKYOKU oya="0"/><INIT seed="0,0,0,2,2,77" ten="250,250,250,250" oya="0" hai0="70,100,113,88,9,75,11,45,48,115,8,7,107" hai1="32,76,106,10,51,36,109,134,128,68,16,3,97" hai2="35,80,116,56,1,126,52,105,96,39,121,95,71" hai3="58,92,123,65,59,17,12,86,64,21,22,26,79"/><T24/><D70/><U103/><E109/><V82/><F121/><W114/><G114/><T55/><D75/><U38/><E68/><V37/><F105/><W4/><G123/><T29/><D7/><U60/><E32/><V15/><F1/><W66/><G92/><T101/><D101/><U85/><E60/><V44/><F35/><W61/><G59/><T30/><D30/><U69/><E69/><V84/><F71/><W2/><G2/><T89/><D100/><U91/><E76/><V57/><F126/><W78/><G4/><T23/><REACH who="0" step="1"/><D107/><REACH who="0" ten="240,250,250,250" step="2"/><U28/><E28/><V27/><F116/><W18/><REACH who="3" step="1"/><G78/><REACH who="3" ten="240,250,250,240" step="2"/><T47/><D47/><U99/><E106/><V62/><F44/><W63/><G63/><T54/><D54/><U34/><E3/><V110/><F62/><W93/><G93/><T6/><D6/><U111/><E111/><V133/><F52/><W131/><G131/><T90/><AGARI ba="0,2" hai="8,9,11,23,24,29,45,48,55,88,89,90,113,115" machi="90" ten="30,11700,0" yaku="1,1,0,1,54,1,53,1" doraHai="77" doraHaiUra="50" who="0" fromWho="0" sc="240,137,250,-39,250,-39,240,-39" /><INIT seed="0,1,0,3,0,25" ten="377,211,211,201" oya="0" hai0="57,82,94,19,40,106,3,71,78,51,105,111,131" hai1="10,108,64,109,35,53,44,127,28,36,86,107,96" hai2="6,34,91,125,75,15,100,126,2,120,33,47,74" hai3="63,62,102,16,95,101,5,85,58,122,128,30,18"/><T116/><D71/><U56/><E127/><N who="2" m="48651" /><F120/><W103/><G128/><T37/><D116/><U119/><E119/><V65/><F65/><W115/><G115/><T81/><D131/><U4/><E64/><V92/><F100/><W68/><G68/><T49/><D49/><U43/><E86/><N who="2" m="52343" /><F2/><W104/><G104/><T98/><D82/><U124/><E124/><V21/><F47/><W121/><G5/><T59/><D37/><U22/><E96/><V7/><F21/><W50/><G50/><T60/><D3/><U79/><E107/><V45/><F45/><W39/><G39/><T87/><D40/><U112/><E79/><V41/><F41/><W76/><G30/><T55/><D19/><N who="3" m="7209" /><G58/><T66/><REACH who="0" step="1"/><D111/><REACH who="0" ten="367,211,211,201" step="2"/><U46/><E109/><V27/><F75/><W114/><G114/><T1/><D1/><U129/><E112/><V11/><F74/><W9/><G122/><T90/><AGARI ba="1,1" hai="51,55,57,59,60,66,78,81,87,90,94,98,105,106" machi="90" ten="20,3900,0" yaku="1,1,0,1,7,1,53,0" doraHai="25" doraHaiUra="8" who="0" fromWho="0" sc="367,52,211,-14,211,-14,201,-14" /><INIT seed="0,2,0,0,5,58" ten="419,197,197,187" oya="0" hai0="128,32,51,9,133,19,111,115,71,98,69,25,77" hai1="13,15,90,68,81,1,48,35,126,64,104,86,60" hai2="45,108,46,36,125,72,63,12,17,103,119,21,50" hai3="112,94,33,11,20,67,56,85,120,75,59,14,52"/><T135/><D115/><U100/><E126/><V109/><F72/><W113/><G75/><T114/><D114/><U123/><E123/><V37/><F125/><W6/><G33/><T54/><D128/><U7/><E1/><V105/><F105/><W116/><G116/><T82/><D98/><U44/><E7/><V87/><F103/><W49/><G120/><T24/><D24/><U84/><E35/><V99/><F99/><W66/><G112/><T42/><D42/><U93/><E104/><V92/><F119/><W107/><G107/><T23/><D9/><U65/><E65/><V43/><F92/><W29/><G113/><T40/><D40/><U38/><E38/><V41/><F87/><W74/><G74/><T118/><D32/><U88/><REACH who="1" step="1"/><E100/><REACH who="1" ten="419,187,197,187" step="2"/><V31/><F31/><W28/><G66/><T70/><D118/><U53/><AGARI ba="2,1" hai="13,15,44,48,53,60,64,68,81,84,86,88,90,93" machi="53" ten="20,12000,2" yaku="1,1,2,1,0,1,7,1,52,1,54,1,53,0" doraHai="58" doraHaiUra="117" who="1" fromWho="1" sc="419,-62,187,136,197,-32,187,-32" /><INIT seed="1,0,0,2,5,88" ten="357,323,165,155" oya="1" hai0="63,5,60,26,48,66,56,96,38,106,23,67,91" hai1="21,71,25,81,112,116,13,110,10,102,32,1,34" hai2="121,68,0,54,131,17,76,125,37,129,79,58,55" hai3="78,69,2,57,123,11,44,114,135,35,118,104,43"/><U101/><E71/><V24/><F121/><W9/><G78/><T12/><D38/><U89/><E112/><V109/><F37/><W124/><G57/><T46/><D106/><U51/><E116/><V83/><F0/><W119/><G44/><T6/><D12/><U130/><E130/><N who="2" m="49675" /><F68/><W94/><G43/><T45/><D96/><U64/><E64/><V72/><F109/><W3/><G69/><T47/><D91/><U77/><E1/><V59/><F79/><W134/><G35/><T80/><D80/><U120/><E120/><V65/><F125/><W49/><G49/><T40/><D46/><U41/><E89/><V50/><F65/><W82/><G104/><T93/><D93/><U8/><E102/><V62/><F24/><W30/><G123/><T132/><D47/><N who="1" m="26095" /><E101/><V85/><F17/><W95/><G30/><T107/><D107/><U15/><E110/><V33/><F33/><W52/><G124/><T133/><D133/><U92/><E34/><V31/><F31/><W122/><G122/><T61/><D132/><U29/><E32/><V27/><F27/><W84/><G114/><T115/><D115/><U127/><E127/><V73/><AGARI ba="0,0" hai="50,54,55,58,59,62,72,73,76,83,85" m="49675" machi="73" ten="30,1100,0" yaku="19,1" doraHai="88" who="2" fromWho="2" sc="357,-3,323,-5,165,11,155,-3" /><INIT seed="2,0,0,0,0,6" ten="354,318,176,152" oya="2" hai0="98,41,135,94,24,0,40,105,67,56,44,57,86" hai1="70,27,38,59,76,11,84,131,3,130,104,74,53" hai2="42,106,18,134,47,66,113,122,23,107,25,93,83" hai3="48,102,87,112,20,58,69,128,111,126,118,29,15"/><V100/><F113/><W36/><G69/><T90/><D0/><U5/><E38/><V101/><F122/><W30/><G36/><T50/><D135/><U127/><E70/><V121/><F121/><W103/><G118/><T110/><D110/><U97/><E74/><V120/><F120/><W78/><G112/><T52/><D24/><U4/><E127/><V55/><F134/><W60/><G126/><T28/><D28/><N who="3" m="10857" /><G111/><T62/><D105/><U119/><E27/><V88/><F66/><N who="3" m="39191" /><G128/><T31/><D31/><U79/><E5/><V92/><F55/><W99/><G99/><T77/><D44/><U109/><E84/><N who="2" m="50207" /><F106/><W115/><G115/><T8/><D77/><U75/><E75/><V124/><F124/><W22/><G48/><T96/><D41/><U125/><E119/><V116/><F116/><W64/><G64/><T89/><D40/><U81/><E125/><V14/><F107/><W82/><G15/><T9/><D98/><U49/><E109/><V114/><F114/><W19/><G19/><T117/><D117/><U129/><REACH who="1" step="1"/><E81/><AGARI ba="0,0" hai="8,9,50,52,56,57,62,67,81,86,89,90,94,96" machi="81" ten="30,8000,1" yaku="7,1,8,1,52,2,54,1" doraHai="6" who="0" fromWho="1" sc="354,80,318,-80,176,0,152,0" /><INIT seed="3,0,0,4,1,53" ten="434,238,176,152" oya="3" hai0="47,123,121,76,101,113,45,56,25,91,130,58,74" hai1="73,32,35,40,105,54,134,49,97,42,5,11,69" hai2="12,92,94,10,6,14,84,48,59,33,38,131,39" hai3="4,109,8,30,41,135,81,119,87,36,24,37,44"/><W2/><G119/><T100/><D91/><U88/><E69/><V75/><F33/><W60/><G135/><T70/><D70/><U80/><E134/><V89/><F75/><W67/><G109/><T116/><D116/><U127/><E127/><V128/><F14/><W114/><G114/><T108/><D25/><U22/><E35/><V102/><F102/><W126/><G126/><T21/><D21/><U133/><E32/><V27/><F92/><W110/><G110/><T98/><D98/><U99/><E99/><V1/><F1/><W115/><G115/><T104/><D104/><U46/><E133/><V3/><F3/><W79/><G36/><T111/><D113/><U64/><E64/><V132/><F27/><W125/><G125/><T15/><D15/><N who="1" m="5615" /><E73/><V43/><F132/><W82/><G82/><T52/><D74/><U62/><E105/><V68/><F68/><W78/><G78/><T28/><D76/><U51/><E22/><V129/><REACH who="2" step="1"/><F43/><REACH who="2" ten="434,238,166,152" step="2"/><W31/><REACH who="3" step="1"/><G24/><REACH who="3" ten="434,238,166,142" step="2"/><T29/><D111/><U72/><E80/><V26/><F26/><W103/><G103/><T120/><D108/><U23/><E72/><V61/><F61/><W122/><G122/><T18/><D121/><U95/><E62/><V118/><F118/><W117/><G117/><T63/><D63/><U124/><E124/><V0/><F0/><W7/><G7/><T50/><D120/><U57/><E40/><V90/><F90/><W34/><G34/><T55/><D123/><U17/><E42/><V9/><F9/><W16/><G16/><T71/><D18/><U106/><E17/><RYUUKYOKU ba="0,2" sc="434,-15,238,-15,166,15,142,15" hai2="6,10,12,38,39,48,59,84,89,94,128,129,131" hai3="2,4,8,30,31,37,41,44,60,67,79,81,87" /><INIT seed="3,1,2,5,1,26" ten="419,223,181,157" oya="3" hai0="132,126,34,68,77,72,36,121,84,135,66,74,35" hai1="67,4,25,18,53,64,93,103,59,20,54,65,86" hai2="123,114,101,104,30,133,9,14,49,119,13,57,62" hai3="99,8,40,12,90,130,51,70,56,2,3,122,71"/><W27/><G122/><T100/><D84/><U82/><E82/><V39/><F114/><W111/><G130/><T58/><D58/><U112/><E112/><V63/><F119/><W131/><G131/><T98/><D36/><U11/><E11/><V80/><F39/><W16/><G111/><T17/><D17/><U61/><E4/><V52/><F123/><W96/><G70/><T120/><D126/><U5/><E5/><V42/><F133/><N who="0" m="51274" /><D120/><U1/><E1/><V115/><F115/><W41/><G71/><T48/><D121/><U50/><E86/><V21/><F104/><W108/><G108/><T29/><D48/><U45/><E93/><V107/><F80/><W44/><G41/><T92/><D77/><U102/><AGARI ba="1,2" hai="18,20,25,45,50,53,54,59,61,64,65,67,102,103" machi="102" ten="30,2000,0" yaku="0,1,8,1" doraHai="26" who="1" fromWho="1" sc="419,-6,223,43,181,-6,157,-11" /><INIT seed="4,0,0,0,2,58" ten="413,266,175,146" oya="0" hai0="55,110,9,4,39,85,80,120,26,90,69,24,100" hai1="34,30,102,6,50,128,92,83,133,108,54,49,130" hai2="51,41,10,129,101,67,42,25,22,57,76,75,27" hai3="33,103,82,38,115,121,111,93,87,86,3,59,21"/><T117/><D117/><U71/><E108/><V99/><F129/><W44/><G33/><T68/><D120/><U11/><E71/><V32/><F32/><W125/><G111/><T0/><D39/><U106/><E106/><V62/><F10/><W114/><G3/><T47/><D110/><U72/><E133/><V134/><F134/><W79/><G59/><T132/><D132/><U19/><E19/><V122/><F122/><W126/><G21/><T96/><D68/><U66/><E66/><V46/><F75/><W8/><G8/><T88/><D90/><U17/><E17/><V23/><F76/><W18/><G18/><T52/><D69/><U53/><E30/><V15/><F42/><W81/><G44/><T98/><D98/><U20/><E20/><V77/><F77/><N who="3" m="46383" /><G38/><T31/><D47/><U16/><E16/><N who="2" m="10527" /><F23/><W36/><G36/><T135/><D135/><U1/><E34/><V29/><F29/><W95/><G121/><T131/><D131/><U12/><E1/><V45/><F45/><W97/><G95/><AGARI ba="0,0" hai="25,27,41,46,51,57,62,67,95,99,101" m="10527" machi="95" ten="30,3900,0" yaku="8,1,52,1,54,1" doraHai="58" who="2" fromWho="3" sc="413,0,266,0,175,39,146,-39" /><INIT seed="5,0,0,2,2,70" ten="413,266,214,107" oya="1" hai0="5,0,82,14,78,58,18,27,36,15,119,46,131" hai1="96,105,89,42,43,88,19,11,124,113,71,9,94" hai2="30,16,125,25,85,28,121,112,104,64,34,67,116" hai3="53,103,49,26,32,72,107,60,80,133,91,83,39"/><U130/><E113/><V134/><F116/><W86/><G133/><T97/><D119/><U109/><E124/><V21/><F121/><W135/><G135/><T66/><D131/><U41/><E130/><V38/><F134/><W76/><G60/><T20/><D97/><U52/><E71/><V55/><F125/><W95/><G32/><T87/><D58/><U61/><E105/><V84/><F104/><W33/><G33/><T1/><D66/><U12/><E109/><V68/><F112/><W92/><G26/><T69/><D69/><U24/><E24/><V59/><F30/><W3/><G3/><T114/><D114/><U8/><E89/><V110/><F110/><W132/><G132/><T29/><D5/><U13/><E13/><V90/><F38/><W47/><G39/><T99/><D99/><U117/><E117/><V129/><F85/><W4/><G4/><T126/><D14/><U56/><AGARI ba="0,0" hai="8,9,11,12,19,41,42,43,52,56,61,88,94,96" machi="56" ten="30,11700,0" yaku="0,1,8,1,54,2" doraHai="70" who="1" fromWho="1" sc="413,-39,266,117,214,-39,107,-39" /><INIT seed="5,1,0,4,3,87" ten="374,383,175,68" oya="1" hai0="80,26,17,132,39,34,23,35,114,73,127,70,125" hai1="7,68,107,49,9,45,93,63,36,86,89,32,96" hai2="14,79,54,46,18,122,103,110,83,105,124,78,58" hai3="5,98,1,126,77,75,65,104,88,12,91,8,121"/><U123/><E32/><V50/><F110/><W62/><G121/><T42/><D70/><U100/><E123/><V4/><F122/><W130/><G130/><T0/><D0/><U64/><E36/><V13/><F124/><N who="0" m="47690" /><D114/><U69/><E63/><V30/><F30/><W44/><G126/><T84/><D73/><U15/><REACH who="1" step="1"/><E64/><REACH who="1" ten="374,373,175,68" step="2"/><V53/><F50/><W43/><G104/><T90/><D132/><U10/><E10/><V131/><F105/><W22/><G98/><T19/><D35/><U51/><E51/><V11/><F131/><W41/><G62/><T128/><D34/><U61/><E61/><V60/><F60/><W118/><G65/><T106/><D106/><U113/><E113/><V129/><F129/><W111/><G111/><T33/><D33/><U40/><AGARI ba="1,1" hai="7,9,15,40,45,49,68,69,86,89,93,96,100,107" machi="40" ten="20,7800,0" yaku="1,1,0,1,7,1,52,1,53,0" doraHai="87" doraHaiUra="119" who="1" fromWho="1" sc="374,-27,373,91,175,-27,68,-27" /><INIT seed="5,2,0,1,1,44" ten="347,464,148,41" oya="1" hai0="62,68,35,53,48,76,60,9,34,129,51,107,121" hai1="103,66,102,92,7,98,117,64,11,105,50,58,133" hai2="6,108,2,43,84,73,32,27,123,26,49,12,22" hai3="59,77,127,36,97,88,65,86,96,55,131,39,82"/><U31/><E117/><V109/><F123/><W3/><G131/><T56/><D107/><U10/><E133/><V132/><F73/><W106/><G127/><T5/><D76/><U41/><E31/><V115/><F132/><W0/><G65/><N who="1" m="25194" /><E105/><V134/><F134/><W38/><G97/><T125/><D68/><U75/><E75/><V40/><F115/><W71/><G71/><T42/><D129/><U24/><E24/><V45/><F2/><W116/><G116/><T87/><D125/><U101/><E7/><V80/><F43/><W118/><G118/><T29/><D87/><U79/><E79/><N who="2" m="46111" /><F27/><W91/><G91/><T14/><D121/><U111/><E111/><V61/><F61/><W110/><G110/><T47/><REACH who="0" step="1"/><D29/><REACH who="0" ten="337,464,148,41" step="2"/><U95/><E98/><V15/><F109/><W57/><G77/><T63/><AGARI ba="2,1" hai="5,9,14,34,35,42,47,48,51,53,56,60,62,63" machi="63" ten="30,8000,1" yaku="1,1,2,1,0,1,52,2,53,0" doraHai="44" doraHaiUra="100" who="0" fromWho="0" sc="337,96,464,-42,148,-22,41,-22" /><INIT seed="6,0,0,2,0,27" ten="433,422,126,19" oya="2" hai0="19,36,72,33,66,124,113,135,84,85,44,11,54" hai1="70,1,32,13,38,29,110,55,4,16,61,39,51" hai2="53,94,108,9,101,12,74,131,7,68,90,21,73" hai3="15,18,132,123,127,82,91,121,69,58,47,30,22"/><V48/><F68/><W71/><G127/><T10/><D72/><U125/><E110/><V49/><F108/><W88/><G132/><T76/><D33/><U62/><E125/><V37/><F37/><W133/><G133/><T99/><D135/><U79/><E79/><V56/><F131/><W86/><G121/><T8/><D124/><U117/><E117/><V102/><F74/><W45/><G123/><T98/><D66/><U80/><E80/><V126/><F73/><W26/><G71/><T24/><D113/><U46/><E62/><V42/><F21/><W112/><G69/><T130/><D130/><U75/><E75/><V106/><F106/><W14/><G112/><T100/><D36/><U43/><E4/><V87/><F126/><W25/><G91/><T128/><D76/><U77/><E1/><V52/><F42/><W115/><G115/><T6/><D6/><U95/><E77/><V93/><F93/><W89/><G89/><T64/><D64/><N who="1" m="41231" /><E95/><V129/><F129/><W104/><G104/><T109/><D109/><U118/><E118/><V103/><F101/><W31/><G58/><AGARI ba="0,0" hai="7,9,12,48,49,52,53,56,58,87,90,94,102,103" machi="58" ten="30,11600,0" yaku="7,1,9,1,8,1,54,1" doraHai="27" who="2" fromWho="3" sc="433,0,422,0,126,116,19,-116" owari="433,54.0,422,22.0,242,-16.0,-97,-60.0" /></mjloggm>