<mjloggm ver="2.3"><GO type="169" lobby="0"/><UN n0="%E9%9B%AA%E6%9C%88%E9%A2%A8%E8%8A%B1" n1="%41%6E%74%69%64%6F%74%65" n2="%E5%A4%A7%E5%92%8C%E7%94%B0%E9%A0%AD%E5%8F%96" n3="%6B%6F%6A%69%6D%6F%6E%39" dan="17,16,18,16" rate="2234.73,2175.68,2237.71,2099.21" sx="F,M,M,M"/><TAIKYOKU oya="0"/><INIT seed="0,0,0,1,4,117" ten="250,250,250,250" oya="0" hai0="17,53,65,41,104,135,123,72,52,61,39,66,21" hai1="55,68,40,115,95,13,48,15,57,103,112,22,118" hai2="46,43,54,74,26,116,31,9,37,76,69,45,98" hai3="94,111,6,82,102,77,120,92,3,30,4,91,50"/><T122/><D72/><U71/><E118/><V38/><F116/><W10/><G111/><T128/><D104/><U18/><E40/><V35/><F98/><W132/><G132/><T64/><D21/><U14/><E103/><V42/><F54/><N who="0" m="21098" /><D17/><U110/><E110/><V58/><F58/><W129/><G6/><T108/><D108/><U125/><E125/><V131/><F131/><W86/><G129/><T49/><D128/><U24/><REACH who="1" step="1"/><E95/><REACH who="1" ten="250,240,250,250" step="2"/><V47/><F42/><W56/><G102/><T28/><D135/><U73/><E73/><V16/><F43/><W33/><G94/><T85/><D39/><U127/><E127/><V93/><F93/><W51/><G92/><T62/><D85/><U109/><E109/><V96/><F96/><W12/><G86/><T5/><D5/><U87/><E87/><V63/><F74/><W70/><G4/><T44/><D28/><U23/><E23/><V25/><F38/><W88/><G30/><T124/><D124/><U106/><E106/><V19/><F37/><W2/><G33/><T80/><D80/><U99/><E99/><V36/><F36/><W11/><G82/><T105/><D105/><U75/><E75/><V121/><F31/><W81/><G81/><T20/><D20/><U34/><E34/><V83/><F35/><W126/><G126/><T78/><D78/><U101/><E101/><V84/><F84/><W134/><G77/><T107/><D107/><U67/><E67/><V59/><F83/><W97/><G134/><T89/><D89/><U8/><E8/><V114/><F76/><W60/><G91/><RYUUKYOKU ba="0,1" sc="250,15,240,15,250,-15,250,-15" hai0="41,44,49,61,62,64,65,66,122,123" hai1="13,14,15,18,22,24,48,55,57,68,71,112,115" /><INIT seed="0,1,1,4,1,113" ten="265,255,235,235" oya="0" hai0="125,17,33,27,84,120,50,107,14,29,4,37,42" hai1="46,60,92,98,36,119,69,130,88,44,22,121,102" hai2="23,25,58,43,114,41,62,127,77,85,87,52,28" hai3="100,117,26,6,11,19,106,73,57,116,86,132,3"/><T39/><D120/><U32/><E32/><V64/><F114/><W56/><G73/><T95/><D107/><U48/><E121/><V122/><F127/><W74/><G74/><T16/><D4/><U51/><E36/><V49/><F122/><W79/><G132/><T104/><D104/><U99/><E130/><V2/><F2/><W112/><G112/><T13/><D125/><U67/><E22/><V35/><F35/><W70/><G70/><T135/><D135/><U90/><E119/><V103/><F103/><W21/><G100/><T24/><D50/><U53/><REACH who="1" step="1"/><E99/><REACH who="1" ten="265,245,235,235" step="2"/><V15/><F15/><W96/><G96/><T118/><D118/><U131/><E131/><V65/><F65/><W18/><G117/><T7/><D37/><U40/><AGARI ba="1,2" hai="40,44,46,48,51,53,60,67,69,88,90,92,98,102" machi="40" ten="20,5200,0" yaku="1,1,0,1,7,1,54,1,53,0" doraHai="113" doraHaiUra="12" who="1" fromWho="1" sc="265,-27,245,75,235,-14,235,-14" /><INIT seed="1,0,0,1,1,29" ten="238,320,221,221" oya="1" hai0="53,62,90,128,127,48,129,56,112,20,17,1,27" hai1="66,119,67,124,97,100,44,104,0,50,10,76,132" hai2="81,134,98,37,6,116,114,99,118,36,106,15,5" hai3="18,108,121,80,32,3,57,14,38,47,4,101,22"/><U89/><E119/><V95/><F81/><W60/><G121/><T63/><D112/><U31/><E132/><V43/><F134/><W9/><G108/><T77/><D1/><U102/><E102/><V21/><F21/><W130/><G130/><N who="0" m="50283" /><D127/><U96/><E124/><V107/><F95/><W64/><G101/><T110/><D110/><U11/><E76/><V86/><F15/><W92/><G92/><T58/><D77/><U12/><E0/><V34/><F86/><W87/><G47/><T74/><D74/><U54/><E31/><V8/><F8/><W109/><G38/><T39/><D39/><U113/><E113/><V103/><F103/><W35/><REACH who="3" step="1"/><G109/><REACH who="3" ten="238,320,221,211" step="2"/><T93/><D58/><U131/><E100/><V52/><F114/><W23/><G23/><T41/><D41/><U133/><E133/><V28/><F43/><W55/><G55/><T13/><D93/><U33/><E131/><V85/><F52/><W42/><G42/><T126/><D126/><U115/><E54/><V105/><F105/><W40/><G40/><T125/><D125/><U30/><E104/><V91/><F106/><W88/><AGARI ba="0,1" hai="3,4,9,14,18,22,32,35,57,60,64,80,87,88" machi="88" ten="20,12000,2" yaku="1,1,0,1,7,1,52,2,54,1,53,0" doraHai="29" doraHaiUra="25" who="3" fromWho="3" sc="238,-30,320,-60,221,-30,211,130" /><INIT seed="2,0,0,3,0,36" ten="208,260,191,341" oya="2" hai0="81,49,20,108,113,38,129,111,110,66,28,75,52" hai1="89,0,98,131,101,2,18,54,93,132,55,34,64" hai2="70,9,103,31,68,126,116,41,121,71,102,83,133" hai3="58,27,57,10,69,48,128,112,97,120,86,4,62"/><V82/><F116/><W67/><G120/><T1/><D113/><U127/><E34/><V53/><F121/><W124/><G128/><T95/><D129/><U85/><E131/><V46/><F31/><W51/><G124/><T50/><D38/><U72/><E72/><V12/><F53/><W13/><G86/><T35/><D35/><U26/><E127/><V21/><F21/><W63/><G69/><T17/><D28/><U125/><E125/><V134/><F126/><W80/><G80/><N who="2" m="30761" /><F9/><W87/><G87/><T15/><D1/><U56/><E2/><V3/><F12/><W40/><G97/><T123/><D49/><U47/><E0/><V23/><F23/><W100/><G100/><N who="2" m="38441" /><F3/><W19/><G112/><T45/><D123/><U107/><E26/><V135/><F46/><W32/><G32/><T84/><D66/><U29/><E29/><V130/><F130/><W59/><G59/><T37/><D37/><U61/><E47/><V74/><F41/><W6/><G27/><T77/><D75/><AGARI ba="0,0" hai="68,70,71,74,75,133,134,135" m="38441,30761" machi="75" ten="50,9600,0" yaku="28,2,20,1" doraHai="36" who="2" fromWho="0" sc="208,-96,260,0,191,96,341,0" /><INIT seed="2,1,0,1,3,74" ten="112,260,287,341" oya="2" hai0="70,79,40,5,106,97,44,1,117,51,49,69,15" hai1="127,103,35,76,111,78,18,105,87,90,75,130,16" hai2="29,25,98,94,50,47,26,77,14,52,24,82,11" hai3="133,2,42,12,20,116,108,28,73,110,33,55,67"/><V122/><F122/><W93/><G116/><T88/><D117/><U22/><E35/><V132/><F132/><W100/><G2/><T96/><D1/><U107/><E111/><N who="3" m="42538" /><G42/><T101/><D79/><U48/><E130/><V84/><F29/><W59/><G133/><T65/><D65/><U71/><E71/><V38/><F38/><W53/><G33/><T118/><D118/><U39/><E39/><V113/><F113/><W46/><G46/><T95/><REACH who="0" step="1"/><D51/><REACH who="0" ten="102,260,287,341" step="2"/><U114/><E48/><V68/><F68/><W104/><G67/><T134/><D134/><U17/><E114/><V89/><F26/><W86/><G73/><T61/><D61/><U64/><E75/><V30/><F30/><W66/><G28/><T131/><D131/><U72/><E72/><V60/><F60/><N who="3" m="38175" /><G12/><T32/><D32/><U54/><E64/><V126/><F126/><W4/><G4/><AGARI ba="1,1" hai="4,11,14,24,25,47,50,52,77,82,84,89,94,98" machi="4" ten="30,11600,0" yaku="7,1,8,1,52,1,54,1" doraHai="74" who="2" fromWho="3" sc="102,0,260,0,287,129,341,-119" /><INIT seed="2,2,0,5,5,133" ten="102,260,416,222" oya="2" hai0="58,2,65,57,45,4,0,9,123,98,114,97,24" hai1="26,126,135,8,41,84,54,113,28,23,42,112,53" hai2="33,46,122,128,49,89,20,66,11,130,17,10,7" hai3="35,32,1,68,71,103,117,100,90,88,77,16,129"/><V79/><F122/><W64/><G1/><T87/><D123/><U29/><E135/><V6/><F79/><W69/><G64/><T120/><D2/><U22/><E8/><N who="2" m="3115" /><F66/><W105/><G105/><T76/><D120/><U21/><E84/><V85/><F33/><N who="3" m="12875" /><G77/><T108/><D65/><U104/><E22/><V47/><F128/><W48/><G48/><T12/><D0/><U56/><E56/><V121/><F130/><W118/><G16/><T127/><D76/><U51/><E51/><V78/><F78/><W5/><G5/><N who="2" m="1545" /><F49/><W38/><G38/><T39/><D4/><U18/><E18/><V116/><F116/><N who="3" m="44651" /><G129/><T55/><D39/><U131/><E131/><V36/><F36/><W101/><AGARI ba="2,0" hai="68,69,71,88,90,100,101,103" m="44651,12875" machi="101" ten="50,6400,0" yaku="28,2,54,1" doraHai="133" who="3" fromWho="3" sc="102,-18,260,-18,416,-34,222,70" /><INIT seed="3,0,0,2,4,26" ten="84,242,382,292" oya="3" hai0="121,31,87,99,118,77,14,91,19,43,88,33,49" hai1="79,81,58,100,97,7,80,4,116,120,84,129,16" hai2="24,134,35,90,104,3,8,73,2,15,45,17,107" hai3="37,112,41,64,113,123,119,66,12,36,126,60,55"/><W0/><G0/><T125/><D121/><U127/><E120/><V39/><F73/><W63/><G12/><T25/><D118/><U82/><E116/><V70/><F70/><W34/><G34/><T135/><D125/><U21/><E127/><V93/><F134/><W48/><G119/><T11/><D135/><U74/><E129/><V32/><F32/><W101/><G101/><T122/><D122/><U132/><E132/><V86/><F2/><W67/><G123/><T18/><D18/><U10/><E58/><V42/><REACH who="2" step="1"/><F3/><REACH who="2" ten="84,242,372,292" step="2"/><W94/><G126/><T30/><D33/><U40/><E74/><V114/><F114/><W108/><G113/><T6/><D77/><U103/><E79/><V53/><F53/><W51/><G112/><T5/><D99/><U71/><E71/><V83/><F83/><W1/><G1/><T59/><D43/><U105/><E40/><V56/><F56/><N who="3" m="32895" /><G108/><T124/><D124/><U102/><E97/><V47/><F47/><N who="3" m="25711" /><G94/><N who="0" m="54559" /><D59/><U92/><E92/><V106/><F106/><W28/><G28/><AGARI ba="0,1" hai="8,15,17,24,28,35,39,42,45,86,90,93,104,107" machi="28" ten="40,2600,0" yaku="1,1,52,1,53,0" doraHai="26" doraHaiUra="52" who="2" fromWho="3" sc="84,0,242,0,372,36,292,-26" /><INIT seed="4,0,0,3,1,37" ten="84,242,408,266" oya="0" hai0="44,62,93,133,84,83,71,25,47,55,82,42,21" hai1="52,96,48,95,116,20,79,89,80,41,17,104,77" hai2="129,2,105,132,72,118,92,122,120,100,32,51,66" hai3="123,108,22,30,107,18,110,130,54,10,23,114,103"/><T24/><D133/><U28/><E116/><V86/><F2/><W34/><G103/><T5/><D5/><U101/><E28/><V46/><F32/><W121/><G107/><T97/><D24/><U56/><E80/><V102/><F72/><W13/><G54/><T128/><D128/><U27/><REACH who="1" step="1"/><E41/><REACH who="1" ten="84,232,408,266" step="2"/><V94/><F118/><W31/><G130/><T12/><D42/><U81/><E81/><V39/><F129/><W109/><G114/><T40/><D82/><U73/><E73/><V45/><F122/><N who="3" m="46603" /><G34/><T36/><D83/><U90/><E90/><V106/><F120/><W65/><G65/><T74/><D74/><U59/><E59/><V16/><F66/><W53/><G53/><T57/><D71/><U126/><E126/><V3/><F46/><W63/><G63/><T119/><D47/><U4/><E4/><V43/><F45/><W124/><G124/><T29/><D119/><U111/><E111/><V112/><F43/><W134/><G134/><T125/><D125/><U91/><E91/><V135/><F112/><W14/><G31/><T88/><REACH who="0" step="1"/><D12/><REACH who="0" ten="74,232,408,266" step="2"/><U70/><E70/><V6/><F132/><W64/><G14/><T99/><AGARI ba="0,2" hai="21,25,29,36,40,44,55,57,62,84,88,93,97,99" machi="99" ten="30,12000,1" yaku="1,1,2,1,0,1,52,1,54,1,53,0" doraHai="37" doraHaiUra="127" who="0" fromWho="0" sc="74,140,232,-40,408,-40,266,-40" /><INIT seed="4,1,0,4,4,14" ten="214,192,368,226" oya="0" hai0="17,117,118,115,15,33,31,100,51,83,113,47,93" hai1="21,134,112,135,23,44,124,121,132,68,120,105,129" hai2="76,41,78,127,130,12,7,37,82,29,54,19,103" hai3="75,26,32,1,36,101,20,119,122,126,99,107,65"/><T40/><D83/><U133/><N who="1" m="33792" /><DORA hai="18" /><U6/><E68/><V97/><F29/><W81/><G36/><T131/><D131/><U53/><E105/><V50/><F7/><W87/><G1/><T63/><D63/><U80/><E129/><V60/><F60/><W0/><G0/><T8/><D31/><U27/><E124/><V116/><F116/><W111/><G111/><T79/><D79/><U39/><E6/><V10/><F127/><W55/><G119/><T91/><D100/><U86/><E112/><N who="0" m="43081" /><D33/><U128/><E128/><V59/><F82/><W95/><G126/><T123/><D123/><N who="1" m="47179" /><E27/><V73/><F130/><W74/><G122/><T89/><D89/><N who="1" m="51399" /><E53/><V66/><F54/><W25/><G32/><T85/><AGARI ba="1,0" hai="8,15,17,40,47,51,85,91,93,117,118" m="43081" machi="85" ten="30,3000,0" yaku="15,1,52,1" doraHai="14,18" who="0" fromWho="0" sc="214,33,192,-11,368,-11,226,-11" /><INIT seed="4,2,0,3,4,71" ten="247,181,357,215" oya="0" hai0="43,130,83,135,92,120,87,77,75,38,85,69,54" hai1="18,67,29,8,7,25,104,117,103,32,12,53,96" hai2="79,110,15,80,132,17,45,63,105,3,23,42,44" hai3="125,16,76,100,107,131,57,6,95,31,26,101,10"/><T134/><D120/><U33/><E117/><V99/><F110/><W27/><G107/><T97/><D69/><U30/><E53/><V60/><F3/><W24/><G76/><T62/><D130/><U113/><E113/><V65/><F132/><N who="0" m="50730" /><D62/><U72/><E72/><V56/><F63/><W36/><G131/><T51/><D43/><U13/><E67/><V64/><F64/><W111/><G111/><T118/><D38/><U59/><E59/><V0/><F0/><W55/><G125/><T82/><D82/><U90/><E90/><V11/><F42/><W112/><G36/><T58/><D118/><U91/><E91/><AGARI ba="2,0" hai="51,54,58,75,77,83,85,87,91,92,97" m="50730" machi="91" ten="30,1500,0" yaku="20,1" doraHai="71" who="0" fromWho="1" sc="247,21,181,-21,357,0,215,0" /><INIT seed="4,3,0,3,5,107" ten="268,160,357,215" oya="0" hai0="112,90,85,91,6,7,135,66,100,24,74,82,54" hai1="61,25,43,52,34,9,80,113,120,19,134,20,104" hai2="108,114,81,87,116,55,30,4,11,75,67,58,77" hai3="45,3,39,27,130,99,123,98,37,124,102,79,126"/><T40/><D112/><U13/><E120/><V17/><F108/><W46/><G3/><T70/><D135/><U72/><E104/><V128/><F114/><W10/><G10/><T57/><D40/><U86/><E134/><V41/><F128/><W129/><G79/><T14/><D24/><U33/><E113/><V125/><F125/><N who="3" m="48235" /><G102/><T122/><D74/><U83/><E43/><V16/><F41/><W93/><G93/><T121/><D100/><U53/><E72/><V26/><F67/><W119/><G27/><T115/><D90/><U23/><E23/><V132/><F87/><W110/><G110/><T44/><D44/><N who="3" m="17001" /><G119/><T47/><D115/><U51/><E61/><V64/><F116/><W133/><G123/><T103/><D103/><U12/><E53/><V78/><F64/><W84/><G84/><T38/><D85/><U0/><E0/><V109/><F77/><W62/><G62/><T96/><D91/><U105/><E105/><V63/><F109/><W117/><G117/><T127/><D122/><U94/><E94/><V18/><F132/><W76/><G76/><T106/><D106/><U97/><E97/><N who="3" m="36874" /><G133/><T48/><D127/><U49/><E83/><V42/><F42/><W56/><G56/><T5/><D82/><U32/><E13/><N who="2" m="5351" /><F18/><W95/><G95/><T15/><D121/><U22/><E86/><V131/><F17/><W69/><G69/><T29/><D70/><U31/><E80/><V35/><F16/><W60/><G60/><N who="0" m="38159" /><D96/><U111/><E111/><V59/><F59/><W71/><G71/><T118/><D118/><U28/><E28/><RYUUKYOKU ba="3,0" sc="268,-15,160,-15,357,15,215,15" hai2="26,30,35,55,58,63,75,78,81,131" hai3="37,39,129,130" /><INIT seed="5,4,0,3,2,16" ten="253,145,372,230" oya="1" hai0="43,38,99,55,124,59,119,90,81,80,17,129,45" hai1="78,128,36,26,64,92,116,10,96,107,111,109,2" hai2="114,121,24,84,98,89,86,41,46,82,23,7,94" hai3="1,3,35,12,33,52,22,63,77,34,70,53,42"/><U123/><E116/><V105/><F121/><W62/><G77/><T130/><D119/><U54/><E123/><V69/><F69/><W14/><G42/><T30/><D124/><U18/><E107/><V8/><F105/><W133/><G70/><T5/><D5/><U135/><E36/><V127/><F127/><W125/><G125/><T134/><D30/><U85/><E128/><N who="0" m="49257" /><D17/><U19/><E135/><V56/><F56/><W4/><G4/><T108/><D108/><N who="1" m="41547" /><E64/><V67/><F114/><W91/><G91/><T117/><D134/><U100/><E26/><V113/><F67/><W104/><G104/><T49/><D117/><U47/><E2/><N who="3" m="522" /><G22/><T58/><D59/><U25/><E25/><V15/><F113/><W73/><G73/><T87/><D99/><U51/><E10/><V120/><F120/><W126/><G133/><T72/><D72/><U61/><E61/><N who="3" m="23050" /><G126/><T60/><D38/><U57/><E57/><V27/><F27/><W88/><G88/><T13/><D13/><AGARI ba="4,0" hai="12,13,14,33,34,35,52,53" m="23050,522" machi="13" ten="40,5200,0" yaku="28,2,54,1" doraHai="16" who="3" fromWho="0" sc="253,-64,145,0,372,0,230,64" /><INIT seed="6,0,0,4,1,7" ten="189,145,372,294" oya="2" hai0="78,134,115,8,62,84,36,114,63,88,125,69,53" hai1="0,59,51,38,65,23,101,55,12,68,119,48,19" hai2="80,98,49,118,104,25,83,31,26,73,30,20,64" hai3="79,82,33,5,39,27,107,46,9,54,67,16,97"/><V110/><F118/><W41/><G67/><T109/><D109/><U100/><E119/><V71/><F73/><W95/><G107/><T13/><D36/><U105/><E38/><V37/><F37/><W135/><G135/><T102/><D134/><U6/><E105/><V11/><F49/><W40/><G54/><T85/><D102/><U1/><E51/><V47/><F47/><W17/><G41/><T18/><D125/><U99/><E99/><V132/><F110/><W121/><G27/><T28/><D28/><U77/><E77/><V43/><F43/><W116/><G33/><T130/><D130/><U81/><E81/><V75/><F75/><W127/><G127/><T57/><D78/><U22/><E22/><V87/><F20/><W66/><G66/><T126/><D84/><U50/><E50/><V14/><F64/><W124/><G121/><T29/><D29/><U10/><REACH who="1" step="1"/><E0/><REACH who="1" ten="189,135,372,294" step="2"/><V58/><F98/><W108/><G116/><T32/><D126/><U96/><E96/><V52/><F83/><W70/><G108/><T112/><D32/><U21/><E21/><V133/><F80/><W91/><G124/><T45/><D45/><U56/><E56/><V103/><F58/><W24/><G70/><T113/><D113/><U93/><E93/><V74/><F71/><W34/><G34/><T2/><D2/><U86/><E86/><V92/><F132/><W61/><G61/><AGARI ba="0,1" hai="1,6,10,12,19,23,48,55,59,61,65,68,100,101" machi="61" ten="40,2600,0" yaku="1,1,52,1,53,0" doraHai="7" doraHaiUra="120" who="1" fromWho="3" sc="189,0,135,36,372,0,294,-26" /><INIT seed="7,0,0,2,0,91" ten="189,171,372,268" oya="3" hai0="31,117,100,78,60,104,127,85,132,17,120,129,112" hai1="32,94,89,109,69,12,99,1,16,126,64,26,110" hai2="49,54,108,28,80,11,98,4,84,45,30,52,58" hai3="21,79,42,119,75,19,130,123,67,13,86,22,62"/><W122/><G119/><T97/><D117/><U114/><E114/><V63/><F98/><W9/><G75/><T38/><D120/><U61/><E1/><V59/><F59/><W47/><G130/><T57/><D129/><U70/><E70/><V39/><F39/><W73/><G73/><T116/><D38/><U72/><E72/><V34/><F34/><W33/><G33/><T81/><D116/><U113/><E113/><V102/><F102/><W101/><G101/><T66/><D112/><U74/><E74/><V92/><F92/><W106/><G106/><T76/><D132/><U77/><E77/><V65/><F65/><W82/><G122/><T24/><D17/><U105/><E126/><V68/><F68/><W83/><G83/><T8/><D8/><U40/><E40/><V88/><F108/><W50/><REACH who="3" step="1"/><G123/><REACH who="3" ten="189,171,372,258" step="2"/><T36/><D81/><U71/><E105/><V124/><F124/><W35/><G35/><T51/><D104/><U37/><E109/><V118/><F118/><W46/><G46/><T87/><D100/><U6/><E110/><V128/><F128/><W15/><G15/><AGARI ba="0,1" hai="4,11,15,28,30,45,49,52,54,58,63,80,84,88" machi="15" ten="30,7700,0" yaku="7,1,8,1,54,2" doraHai="91" who="2" fromWho="3" sc="189,0,171,0,372,87,258,-77" owari="189,-1.0,171,-33.0,459,56.0,181,-22.0" /></mjloggm>