<mjloggm ver="2.3"><GO type="169" lobby="0"/><UN n0="%E6%B8%85%E5%BC%B5" n1="%E3%81%AD%E3%81%8D%E3%81%9B%40" n2="%E5%A4%A7%E6%A5%A0%E5%85%AC" n3="%E4%B8%BB%E5%B8%AD" dan="16,19,16,16" rate="2125.27,2334.94,2163.49,2152.89" sx="M,M,M,M"/><TAIKYOKU oya="0"/><INIT seed="0,0,0,4,0,125" ten="250,250,250,250" oya="0" hai0="8,97,81,12,91,118,92,33,112,101,68,75,63" hai1="29,30,86,13,37,7,34,119,90,27,1,14,89" hai2="122,42,41,47,133,78,80,135,11,124,132,126,62" hai3="123,53,79,109,65,103,96,107,128,48,32,23,55"/><T82/><D112/><U39/><E119/><V24/><F122/><W21/><G32/><T100/><D118/><U51/><E1/><V6/><F24/><W45/><G123/><T130/><D33/><U36/><E30/><V17/><F17/><W60/><G109/><T69/><D69/><U87/><E51/><V38/><F62/><W54/><G128/><T134/><D130/><U0/><E0/><N who="2" m="455" /><F41/><W111/><G79/><T94/><D75/><AGARI ba="0,0" hai="38,42,47,75,78,80,124,126,132,133,135" m="455" machi="75" ten="30,3900,0" yaku="25,1,20,1,23,1" doraHai="125" who="2" fromWho="0" sc="250,-39,250,0,250,39,250,0" /><INIT seed="1,0,0,4,2,90" ten="211,250,289,250" oya="1" hai0="57,125,102,130,34,84,25,119,106,85,98,91,32" hai1="113,126,48,121,107,128,49,35,70,46,52,36,116" hai2="123,97,124,95,135,1,74,5,67,94,39,33,76" hai3="17,42,50,89,12,108,54,21,37,20,23,38,18"/><U43/><E35/><V122/><F33/><W64/><G108/><T24/><D119/><U0/><E0/><V40/><F67/><W134/><G134/><T16/><D125/><U2/><E2/><V47/><F124/><W118/><G118/><T79/><D79/><U100/><E126/><V88/><F135/><W61/><G42/><T3/><D3/><U4/><E116/><V51/><F51/><W131/><G131/><T80/><D130/><U8/><E128/><V62/><F62/><W104/><G104/><T73/><D73/><U111/><E70/><V15/><F15/><W71/><G89/><T92/><D32/><U58/><E113/><V59/><F59/><W13/><REACH who="3" step="1"/><G21/><REACH who="3" ten="211,250,289,240" step="2"/><T53/><D34/><U55/><E111/><V86/><F122/><W31/><G31/><T112/><D112/><U66/><E107/><V103/><F123/><W81/><G81/><T109/><D109/><U120/><E100/><V114/><F114/><W110/><G110/><T63/><D106/><U11/><E120/><V129/><F129/><W65/><G65/><T127/><D127/><U28/><E28/><V77/><REACH who="2" step="1"/><F74/><REACH who="2" ten="211,250,279,240" step="2"/><W60/><G60/><T72/><D72/><U14/><E121/><V9/><AGARI ba="0,2" hai="1,5,9,39,40,47,76,77,86,88,94,95,97,103" machi="9" ten="30,12000,2" yaku="1,1,2,1,0,1,52,2,54,1,53,1" doraHai="90" doraHaiUra="93" who="2" fromWho="2" sc="211,-30,250,-60,279,140,240,-30" /><INIT seed="2,0,0,3,0,35" ten="181,190,419,210" oya="2" hai0="55,62,70,10,27,100,63,73,18,39,64,101,93" hai1="118,87,48,25,75,31,66,43,104,111,92,120,121" hai2="116,78,11,58,26,108,69,49,117,30,72,1,82" hai3="109,9,76,80,77,91,5,7,34,50,131,95,6"/><V0/><F69/><W90/><G34/><T56/><D39/><U130/><E75/><V20/><F108/><W4/><G131/><T12/><D73/><U47/><E118/><V103/><F103/><W21/><G109/><T61/><D61/><U107/><BYE who="0" /><E111/><V2/><REACH who="2" step="1"/><F11/><REACH who="2" ten="181,190,409,210" step="2"/><W14/><G9/><UN n0="%E6%B8%85%E5%BC%B5" /><T67/><D67/><U13/><E66/><V135/><F135/><W51/><G4/><T125/><D125/><U102/><E102/><V59/><F59/><W33/><G5/><T132/><D132/><U8/><E8/><V24/><F24/><W122/><G6/><T38/><D101/><U129/><E129/><V71/><F71/><W28/><G7/><T74/><D100/><U81/><E130/><V96/><F96/><W127/><G127/><T36/><D64/><U53/><E25/><V29/><F29/><W119/><G28/><T37/><D27/><U44/><E31/><V57/><F57/><W79/><G119/><T110/><D110/><U85/><E13/><V41/><F41/><W113/><G14/><T46/><D12/><U22/><E43/><V88/><F88/><W89/><G91/><T15/><D70/><U19/><E107/><V65/><F65/><W83/><G90/><T123/><D36/><U114/><E104/><V106/><F106/><W42/><G42/><T86/><D37/><U23/><E121/><V133/><F133/><W45/><G122/><T52/><D38/><U112/><E120/><V60/><F60/><W115/><G89/><N who="0" m="53431" /><D123/><U134/><E134/><V124/><F124/><W126/><G126/><T16/><D15/><RYUUKYOKU ba="0,1" sc="181,-10,190,-10,409,30,210,-10" hai2="0,1,2,20,26,30,49,58,72,78,82,116,117" /><INIT seed="2,1,1,2,5,92" ten="171,180,439,200" oya="2" hai0="18,115,24,75,56,85,95,101,119,32,46,30,129" hai1="61,2,13,113,78,63,23,110,21,107,8,4,17" hai2="16,69,22,132,131,15,28,77,60,123,83,54,81" hai3="128,135,93,103,44,125,82,106,0,10,100,5,74"/><V59/><F123/><W112/><G106/><T86/><D115/><U102/><E113/><V109/><F132/><W118/><G118/><T68/><D75/><U36/><E36/><V90/><F131/><W45/><G112/><T40/><D68/><U122/><E122/><V111/><F69/><W19/><G125/><T64/><D129/><U80/><E110/><N who="2" m="41995" /><F77/><W43/><G128/><T31/><D119/><U37/><E37/><V104/><F104/><W25/><G135/><T47/><D31/><U9/><E63/><V11/><F90/><W62/><G62/><T20/><D56/><U58/><E102/><V108/><N who="2" m="42003" /><V57/><DORA hai="65" /><F57/><W133/><G133/><T35/><D64/><U27/><E107/><V124/><F124/><W126/><G126/><T49/><D47/><U79/><E79/><V51/><F60/><W99/><G103/><T7/><D7/><U73/><REACH who="1" step="1"/><E27/><AGARI ba="1,1" hai="11,15,16,22,27,28,51,54,59,81,83" m="42003" machi="27" ten="40,7700,0" yaku="14,1,10,1,54,1" doraHai="92,65" who="2" fromWho="1" sc="171,0,180,-80,439,90,200,0" /><INIT seed="2,2,0,2,2,106" ten="171,100,529,200" oya="2" hai0="102,108,17,31,64,63,130,46,121,82,5,109,74" hai1="113,76,69,18,93,92,70,88,19,129,80,125,131" hai2="97,9,42,90,26,44,105,48,107,126,134,14,24" hai3="39,95,119,11,104,23,53,75,72,50,68,85,73"/><V27/><F126/><W123/><G119/><T84/><D121/><U116/><E116/><V8/><F134/><W4/><G123/><T36/><D130/><N who="1" m="49675" /><E113/><V66/><F66/><W62/><G104/><T56/><D102/><U127/><E70/><V89/><F107/><W91/><G39/><T45/><D36/><U128/><E69/><V3/><F3/><W120/><G120/><T15/><D5/><U40/><E40/><V60/><F60/><W52/><G50/><T34/><D31/><U87/><N who="1" m="49683" /><U98/><DORA hai="71" /><E93/><V115/><F115/><W28/><G28/><T96/><D34/><U99/><E99/><V58/><F58/><W100/><G100/><T35/><D96/><U86/><E86/><V47/><F47/><W110/><G23/><T16/><D84/><U32/><E32/><V67/><F67/><W21/><G21/><T0/><D35/><U33/><E33/><V20/><F105/><W22/><G22/><N who="0" m="11551" /><D17/><AGARI ba="2,0" hai="17,18,19,76,80,87,88,92,98,125,127" m="49683" machi="17" ten="40,2600,0" yaku="19,1,54,1" doraHai="106,71" who="1" fromWho="0" sc="171,-32,100,32,529,0,200,0" /><INIT seed="3,0,0,4,0,32" ten="139,132,529,200" oya="3" hai0="93,133,116,135,117,110,102,24,18,75,126,101,84" hai1="100,55,16,80,41,39,131,61,0,53,83,79,57" hai2="121,111,3,47,48,34,13,120,59,10,108,119,97" hai3="23,90,22,29,52,21,88,67,125,130,15,73,60"/><W37/><G73/><T81/><D24/><U87/><E131/><V134/><F34/><W69/><G37/><T14/><D110/><N who="2" m="42026" /><F134/><N who="0" m="51210" /><D75/><U92/><E39/><V30/><F30/><W12/><G130/><T104/><D104/><U44/><E41/><V123/><F59/><W17/><G125/><T82/><D82/><U78/><E100/><N who="0" m="38505" /><D93/><U36/><E92/><V42/><F97/><W70/><G70/><T11/><D126/><U26/><E36/><V86/><F86/><W35/><G12/><T71/><D71/><U77/><E83/><V95/><F95/><W51/><G35/><T25/><D25/><U33/><E33/><V122/><F122/><W28/><G28/><T19/><D19/><U72/><E72/><V4/><F119/><W45/><REACH who="3" step="1"/><G29/><REACH who="3" ten="139,132,529,190" step="2"/><T65/><D116/><U20/><E0/><AGARI ba="0,1" hai="0,3,4,10,13,42,47,48,120,121,123" m="42026" machi="0" ten="40,8000,1" yaku="13,1,14,1,52,2" doraHai="32" who="2" fromWho="1" sc="139,0,132,-80,529,90,190,0" /><INIT seed="4,0,0,5,5,82" ten="139,52,619,190" oya="0" hai0="63,103,28,90,107,132,101,15,69,92,116,43,87" hai1="121,70,33,29,98,78,30,122,89,10,37,41,84" hai2="73,65,100,119,110,123,93,128,64,31,99,26,20" hai3="14,60,97,135,21,72,76,46,24,112,91,126,13"/><T5/><D116/><U39/><E70/><V19/><F110/><W125/><G112/><T102/><D132/><U16/><E78/><V83/><F119/><W7/><G135/><T25/><D43/><U44/><E98/><V52/><F123/><W96/><G72/><T134/><D134/><U74/><E74/><V0/><F0/><W27/><G76/><T118/><D118/><U67/><E67/><V48/><F128/><W108/><G108/><T2/><D2/><U51/><E122/><V57/><F73/><W79/><G79/><T62/><D107/><U49/><E121/><V22/><F83/><W77/><G77/><T66/><D62/><U42/><E39/><V35/><F35/><W11/><G60/><T88/><D90/><U3/><E3/><V59/><F59/><W54/><G14/><AGARI ba="0,0" hai="14,19,20,22,26,31,48,52,57,64,65,93,99,100" machi="14" ten="30,3900,0" yaku="7,1,8,1,54,1" doraHai="82" who="2" fromWho="3" sc="139,0,52,0,619,39,190,-39" /><INIT seed="5,0,0,4,5,12" ten="139,52,658,151" oya="1" hai0="106,32,42,119,88,41,43,83,63,132,9,76,15" hai1="122,27,134,95,37,4,62,58,16,101,111,123,124" hai2="131,97,3,31,11,10,99,69,60,40,114,51,116" hai3="50,45,108,87,86,127,104,89,29,33,22,72,78"/><U110/><E37/><V102/><F99/><W0/><G108/><N who="1" m="41514" /><E4/><V55/><F40/><W81/><G33/><T56/><D119/><U61/><E124/><V21/><F116/><W59/><G104/><T48/><D106/><U118/><E118/><V30/><F131/><W36/><G0/><T121/><D121/><BYE who="0" /><N who="1" m="46091" /><E134/><UN n0="%E6%B8%85%E5%BC%B5" /><V133/><F133/><W92/><G36/><T73/><D32/><U90/><E101/><V65/><F3/><W18/><G59/><T47/><D132/><U70/><E70/><V126/><F126/><W64/><G64/><T24/><D24/><U66/><E61/><V120/><F120/><W49/><G29/><T128/><D128/><U105/><E105/><V53/><F30/><W54/><G127/><T39/><D39/><U71/><E71/><V8/><F69/><W74/><REACH who="3" step="1"/><G50/><REACH who="3" ten="139,52,658,141" step="2"/><T129/><D129/><U19/><E27/><AGARI ba="0,1" hai="18,22,27,45,49,54,72,74,78,81,86,87,89,92" machi="27" ten="30,7700,0" yaku="1,1,2,1,7,1,52,1,53,0" doraHai="12" doraHaiUra="103" who="3" fromWho="1" sc="139,0,52,-77,658,0,141,87" owari="139,-26.0,-25,-53.0,658,76.0,228,3.0" /></mjloggm>