<mjloggm ver="2.3"><GO type="185" lobby="0"/><UN n0="%E3%81%BF%E3%83%BC%E3%82%8F" n1="%E5%86%AC%E6%A8%B9%E3%82%A4%E3%83%B4" n2="%79%75%6A%69%38%39%33%30" n3="" dan="17,16,17,0" rate="2258.77,2164.00,2164.87,1500.00" sx="M,F,M,C"/><TAIKYOKU oya="0"/><INIT seed="0,0,0,5,0,96" ten="350,350,350,0" oya="0" hai0="113,64,72,67,99,77,54,120,135,89,130,105,94" hai1="62,50,38,133,121,69,124,56,128,34,2,114,101" hai2="32,88,74,71,108,35,60,76,131,41,126,106,63" hai3=""/><T119/><N who="0" m="30752" /><T0/><D113/><U111/><E101/><V93/><F108/><T129/><D119/><U49/><E49/><V100/><F126/><T78/><D0/><U73/><E50/><V123/><N who="2" m="31520" /><V48/><F131/><N who="0" m="50186" /><D135/><U112/><E56/><V79/><F35/><T125/><D125/><U33/><E62/><V95/><F32/><T43/><D43/><U58/><E58/><V110/><F110/><T37/><D37/><U44/><E44/><V132/><F132/><T97/><D54/><U83/><E83/><V127/><F127/><T36/><D36/><U90/><E90/><V115/><F115/><T1/><D1/><U98/><E98/><V66/><F41/><T70/><D70/><U92/><E92/><V103/><F71/><T42/><D42/><U116/><E34/><V81/><F48/><T46/><D46/><U55/><E55/><V84/><F66/><N who="0" m="25130" /><D72/><U47/><E47/><V102/><F60/><T104/><D99/><U85/><E85/><V59/><F63/><T107/><AGARI ba="0,0" hai="77,78,89,94,97,104,105,107" m="25130,50186,30752" machi="107" ten="40,2600,0" yaku="19,1,52,1" doraHai="96" who="0" fromWho="0" sc="350,26,350,-13,350,-13,0,0" /><INIT seed="0,1,0,0,3,121" ten="376,337,337,0" oya="0" hai0="115,117,43,88,77,70,97,71,98,112,125,51,46" hai1="94,36,119,54,87,34,3,105,68,89,96,133,107" hai2="132,32,63,58,0,40,62,80,33,57,109,127,91" hai3=""/><T81/><D117/><U59/><E119/><V130/><F0/><T55/><D125/><U131/><E34/><V102/><F127/><T106/><D98/><U124/><E3/><V111/><F130/><T103/><D43/><U129/><E124/><V1/><F1/><T93/><D70/><U116/><E68/><V38/><F102/><T113/><D71/><U85/><E36/><V78/><F91/><T118/><D118/><U126/><E126/><V72/><F132/><T135/><D135/><U114/><E133/><V66/><F40/><T104/><REACH who="0" step="1"/><D103/><REACH who="0" ten="366,337,337,0" step="2"/><U42/><E116/><V82/><F38/><T79/><D79/><U84/><E42/><V83/><F33/><T49/><D49/><U75/><E114/><V99/><F99/><T134/><D134/><U64/><E96/><V45/><F32/><T128/><D128/><U65/><E131/><V35/><F35/><T47/><D47/><U56/><E129/><V37/><F45/><T73/><AGARI ba="1,1" hai="46,51,55,73,77,81,88,93,97,104,106,112,113,115" machi="73" ten="30,7800,0" yaku="1,1,0,1,54,1,53,1" doraHai="121" doraHaiUra="44" who="0" fromWho="0" sc="366,90,337,-40,337,-40,0,0" /><INIT seed="0,2,0,4,2,0" ten="456,297,297,0" oya="0" hai0="104,62,61,78,57,66,33,111,74,93,134,120,51" hai1="87,55,101,83,94,96,32,135,90,123,45,70,116" hai2="128,82,73,124,42,37,108,69,132,40,125,112,43" hai3=""/><T52/><N who="0" m="30752" /><T79/><D134/><U65/><N who="1" m="31520" /><U105/><E116/><V35/><F112/><T102/><D104/><U3/><E135/><V54/><F132/><T99/><D111/><U1/><E70/><V72/><F108/><T59/><D33/><U122/><N who="1" m="31264" /><U97/><E65/><V100/><F37/><T127/><D127/><U129/><E129/><V77/><F128/><T119/><D119/><U131/><E131/><V39/><F39/><T109/><D109/><U68/><E68/><V80/><F69/><T107/><D74/><U114/><E114/><V85/><F100/><T117/><D117/><U2/><E32/><V89/><F35/><T44/><REACH who="0" step="1"/><D107/><REACH who="0" ten="446,297,297,0" step="2"/><U106/><REACH who="1" step="1"/><E96/><REACH who="1" ten="446,287,297,0" step="2"/><V58/><REACH who="2" step="1"/><F73/><REACH who="2" ten="446,287,287,0" step="2"/><T103/><D103/><U91/><E91/><V118/><F118/><T34/><D34/><U88/><E88/><V63/><AGARI ba="2,3" hai="40,42,43,54,58,63,72,77,80,82,85,89,124,125" machi="63" ten="30,1500,0" yaku="1,1,0,1,53,0" doraHai="0" doraHaiUra="115" who="2" fromWho="2" sc="446,-12,287,-7,287,49,0,0" /><INIT seed="1,0,0,0,3,109" ten="434,280,336,0" oya="1" hai0="94,48,61,76,42,68,129,65,37,84,116,110,88" hai1="119,46,131,126,75,121,108,92,44,114,90,2,47" hai2="133,69,89,95,81,72,132,83,3,55,1,45,50" hai3=""/><U0/><N who="1" m="31008" /><U96/><E119/><V106/><F106/><T113/><D113/><U115/><E108/><V100/><F100/><T78/><D110/><U91/><E126/><V82/><F69/><T43/><D116/><U87/><E131/><V102/><F102/><T36/><D129/><U60/><E75/><V54/><F54/><T35/><D35/><U59/><E0/><V73/><F73/><T39/><REACH who="0" step="1"/><D48/><REACH who="0" ten="424,280,336,0" step="2"/><U127/><E2/><V111/><F111/><T105/><D105/><U58/><E127/><V104/><F104/><T64/><D64/><U79/><E79/><AGARI ba="0,1" hai="36,37,39,42,43,61,65,68,76,78,79,84,88,94" machi="79" ten="40,2600,0" yaku="1,1,54,1,53,0" doraHai="109" doraHaiUra="101" who="0" fromWho="1" sc="424,36,280,-26,336,0,0,0" /><INIT seed="2,0,0,5,3,117" ten="460,254,336,0" oya="2" hai0="51,41,103,38,75,125,89,77,113,123,116,120,130" hai1="0,52,129,87,82,84,105,101,95,42,132,46,107" hai2="90,67,48,63,37,98,35,49,91,33,94,65,80" hai3=""/><V47/><F37/><T55/><N who="0" m="30752" /><T32/><N who="0" m="31520" /><T68/><D116/><U97/><E0/><V104/><F49/><T58/><D32/><U102/><E129/><V96/><F65/><T133/><D130/><U54/><E132/><V81/><F104/><T39/><D133/><U110/><E110/><V71/><F81/><T124/><D68/><U114/><E114/><V128/><F128/><T115/><D103/><U118/><E118/><V44/><F44/><T59/><D89/><U57/><E84/><V85/><REACH who="2" step="1"/><F98/><REACH who="2" ten="460,254,326,0" step="2"/><T135/><D135/><U100/><E105/><V74/><F74/><T53/><D38/><U112/><E107/><V111/><F111/><T126/><D39/><U131/><E131/><V36/><F36/><T99/><D99/><U106/><E106/><V119/><F119/><T78/><D75/><U40/><E46/><V34/><F34/><T73/><D73/><U64/><E64/><V1/><F1/><T76/><D115/><U56/><E112/><V108/><F108/><T62/><D113/><U86/><E82/><V60/><F60/><T93/><D93/><U121/><N who="1" m="31008" /><U3/><E3/><V69/><F69/><T79/><N who="0" m="19456" /><DORA hai="134" /><T127/><N who="0" m="31744" /><DORA hai="50" /><T122/><D122/><RYUUKYOKU ba="0,1" sc="460,10,254,-20,326,10,0,0" hai0="41,51,53,55,58,59,62" hai2="33,35,47,48,63,67,71,80,85,90,91,94,96" /><INIT seed="2,1,1,4,0,88" ten="470,234,336,0" oya="2" hai0="103,112,65,91,122,58,76,37,43,105,35,2,3" hai1="110,60,120,62,95,45,68,135,69,87,75,67,44" hai2="72,56,132,79,78,51,32,111,104,133,38,39,40" hai3=""/><V66/><F32/><T83/><N who="0" m="31264" /><T46/><D35/><U89/><N who="1" m="30752" /><U81/><E110/><V99/><F111/><T63/><D112/><U86/><E135/><N who="2" m="51787" /><F72/><T53/><D91/><U42/><E75/><V115/><F115/><T34/><D34/><U107/><E107/><V61/><F51/><T116/><D116/><U114/><E114/><V126/><F126/><T92/><D105/><U113/><E113/><V59/><F59/><T119/><D119/><U74/><E74/><V52/><F66/><T127/><D127/><U49/><E45/><V50/><F50/><T125/><D125/><U128/><E128/><V71/><F71/><T0/><D65/><U82/><E62/><V33/><F33/><T117/><D117/><U101/><E69/><V70/><F70/><T47/><D46/><U118/><E118/><V1/><F1/><T121/><N who="0" m="31008" /><T36/><D0/><U130/><E130/><V85/><F40/><T57/><D2/><U90/><REACH who="1" step="1"/><E101/><REACH who="1" ten="470,224,336,0" step="2"/><V77/><F104/><T94/><D3/><U73/><E73/><V109/><F109/><T131/><D131/><U108/><E108/><V102/><F102/><T80/><D103/><U48/><E48/><V93/><F61/><T134/><D134/><RYUUKYOKU ba="1,2" sc="470,-10,224,20,336,-10,0,0" hai1="42,44,49,60,67,68,81,82,86,87,89,90,95" /><INIT seed="4,2,2,1,5,109" ten="460,244,326,0" oya="0" hai0="73,0,66,101,135,88,89,75,56,100,47,61,107" hai1="133,35,2,92,52,116,120,106,64,95,79,59,45" hai2="38,50,129,36,128,112,69,80,126,108,110,42,3" hai3=""/><T37/><D0/><U122/><N who="1" m="30752" /><U82/><N who="1" m="31264" /><U113/><E2/><V81/><F3/><T86/><D135/><U62/><E133/><V119/><F69/><T121/><N who="0" m="31008" /><T105/><D89/><U111/><E116/><V103/><F103/><T114/><D114/><U91/><E111/><V55/><F119/><T93/><D101/><U43/><E113/><V124/><F42/><T63/><D61/><U76/><E106/><V68/><F68/><T71/><D71/><U118/><E118/><V127/><F81/><T41/><REACH who="0" step="1"/><D100/><REACH who="0" ten="450,244,326,0" step="2"/><U97/><E62/><V57/><F112/><T78/><D78/><U83/><E91/><V51/><F110/><T102/><D102/><U39/><E79/><V40/><F108/><T77/><D77/><U44/><E76/><V115/><F115/><T125/><D125/><U70/><E70/><V67/><F124/><T132/><D132/><U98/><E82/><V54/><F126/><T96/><D96/><U90/><E83/><V48/><F127/><T32/><D32/><U131/><E35/><V84/><F40/><T117/><D117/><U1/><E43/><V33/><F33/><T85/><D85/><U99/><E1/><V94/><F84/><T53/><D53/><RYUUKYOKU ba="2,3" sc="450,20,244,-10,326,-10,0,0" hai0="37,41,47,56,63,66,73,75,86,88,93,105,107" /><INIT seed="4,3,3,0,3,106" ten="470,234,316,0" oya="0" hai0="32,94,129,107,33,38,66,34,40,65,102,39,68" hai1="42,73,134,76,64,112,0,61,2,35,132,37,75" hai2="131,123,118,130,113,80,81,45,117,54,91,104,55" hai3=""/><T103/><D129/><N who="2" m="49162" /><F104/><T128/><D128/><U89/><E35/><V84/><N who="2" m="31520" /><V105/><F105/><T69/><D94/><U110/><E110/><V50/><F113/><T60/><D40/><U79/><E112/><V125/><F125/><T46/><D46/><U3/><E89/><V67/><F67/><T133/><D133/><N who="1" m="51307" /><E42/><V120/><N who="2" m="30752" /><V100/><F100/><T116/><D102/><U93/><E93/><V115/><F115/><T52/><D116/><N who="2" m="44650" /><F80/><T121/><N who="0" m="31008" /><T58/><D107/><U95/><E95/><V98/><F98/><T135/><D103/><U59/><E37/><V1/><F1/><N who="1" m="257" /><U49/><DORA hai="85" /><E49/><V57/><F57/><T87/><D135/><U71/><E59/><V126/><F126/><T111/><D32/><U47/><E47/><V74/><F45/><T108/><D33/><U88/><E88/><V92/><F50/><T122/><N who="0" m="31264" /><T41/><D34/><U53/><E53/><V119/><F119/><T109/><D52/><U83/><E79/><AGARI ba="3,3" hai="54,55,74,79,81,84,91,92" m="44650,30752,31520,49162" machi="79" ten="30,12000,2" yaku="19,1,12,1,52,4" doraHai="106,85" who="2" fromWho="1" sc="470,0,234,-126,316,156,0,0" /><INIT seed="5,0,0,2,0,69" ten="470,108,472,0" oya="1" hai0="130,85,71,63,50,44,35,115,59,51,43,82,128" hai1="55,121,57,100,76,72,45,109,65,103,134,83,46" hai2="75,95,77,68,70,107,73,102,64,37,90,78,84" hai3=""/><U42/><N who="1" m="31008" /><U124/><E134/><V117/><F117/><T135/><D35/><U66/><E124/><V34/><F34/><T113/><D135/><U58/><E109/><V36/><F75/><T94/><D94/><U112/><E112/><N who="0" m="43081" /><D71/><U62/><E46/><V101/><F70/><T110/><D110/><U98/><E58/><V87/><F73/><T129/><D85/><U3/><E3/><V0/><F0/><T32/><D82/><U99/><E99/><V123/><N who="2" m="31520" /><V131/><F131/><T116/><D32/><U114/><E114/><V122/><N who="2" m="31264" /><V48/><F48/><T97/><D97/><U126/><E126/><V91/><F64/><T89/><D89/><U127/><E127/><V120/><N who="2" m="30752" /><V2/><F68/><T49/><D116/><U38/><REACH who="1" step="1"/><E103/><REACH who="1" ten="470,98,472,0" step="2"/><V80/><F2/><T67/><AGARI ba="0,1" hai="43,44,49,50,51,59,63,67,128,129,130" m="43081" machi="67" ten="40,6000,1" yaku="19,1,15,1,34,2" doraHai="69" who="0" fromWho="0" sc="470,70,98,-40,472,-20,0,0" /><INIT seed="6,0,0,2,2,114" ten="540,58,452,0" oya="2" hai0="0,100,120,50,85,58,36,1,84,2,62,39,115" hai1="71,88,41,38,77,33,78,44,70,61,119,48,80" hai2="91,66,46,43,99,117,81,63,65,45,32,56,135" hai3=""/><V106/><F32/><T52/><N who="0" m="30752" /><T55/><D115/><U60/><E33/><V87/><F135/><T121/><N who="0" m="31008" /><T73/><D73/><U3/><E3/><V57/><F117/><T102/><D85/><U72/><E78/><V98/><F106/><T35/><D35/><U133/><E133/><V95/><F98/><T125/><D125/><U90/><E48/><V82/><F82/><T94/><D84/><U53/><E53/><V129/><F129/><T76/><D76/><U127/><E127/><V130/><F130/><T89/><D89/><U123/><N who="1" m="31520" /><U110/><E110/><V113/><F113/><T108/><D108/><U126/><E126/><V128/><F128/><T74/><D74/><U47/><E47/><V54/><F56/><T86/><D86/><U59/><E59/><V42/><F46/><T104/><D104/><U69/><E90/><V92/><F92/><T124/><D124/><U131/><E88/><V49/><REACH who="2" step="1"/><F66/><REACH who="2" ten="540,58,442,0" step="2"/><T111/><D94/><U118/><E131/><V40/><F40/><T67/><D67/><U109/><E109/><V79/><AGARI ba="0,1" hai="42,43,45,49,54,57,63,65,79,81,87,91,95,99" machi="79" ten="20,5200,0" yaku="1,1,0,1,7,1,8,1,53,0" doraHai="114" doraHaiUra="132" who="2" fromWho="2" sc="540,-26,58,-26,442,62,0,0" /><INIT seed="6,1,0,4,4,108" ten="514,32,504,0" oya="2" hai0="113,71,96,105,91,37,92,41,120,125,0,65,118" hai1="51,70,131,110,47,130,95,32,126,80,64,52,89" hai2="116,78,49,132,114,54,69,109,86,106,46,77,53" hai3=""/><V1/><F1/><T61/><N who="0" m="30752" /><T59/><D118/><U73/><E80/><V50/><F116/><T133/><D0/><U3/><E89/><V74/><F109/><T72/><D133/><U42/><E95/><V2/><F2/><T48/><D113/><U93/><E93/><V87/><F114/><T57/><D125/><U99/><E99/><V58/><F132/><T36/><D72/><U33/><E52/><V60/><F106/><T35/><D35/><U75/><E51/><V63/><F74/><T112/><D112/><U127/><E64/><V83/><F69/><T67/><D105/><U39/><E47/><V43/><F43/><T94/><D94/><U124/><E42/><V111/><F111/><T38/><REACH who="0" step="1"/><D65/><REACH who="0" ten="504,32,504,0" step="2"/><U104/><E75/><V103/><F103/><T134/><D134/><U81/><E81/><AGARI ba="1,1" hai="46,49,50,53,54,58,60,63,77,78,81,83,86,87" machi="81" ten="40,3900,0" yaku="9,1,8,1" doraHai="108" who="2" fromWho="1" sc="504,0,32,-41,504,51,0,0" owari="504,10.0,-9,-61.0,555,51.0,0,0.0" /></mjloggm>