<mjloggm ver="2.3"><GO type="169" lobby="0"/><UN n0="%69%6E%61%7A%6F" n1="%63%61%74%6D%65%56%47%43" n2="%E7%B4%85%E8%8C%B6%30%37" n3="%E3%81%97%E3%82%89%E3%82%86%E3%81%8D%E2%99%AA" dan="16,16,17,16" rate="2129.79,2178.64,2125.73,2023.37" sx="M,M,M,M"/><TAIKYOKU oya="0"/><INIT seed="0,0,0,0,1,13" ten="250,250,250,250" oya="0" hai0="121,92,71,39,82,51,24,50,130,2,43,29,15" hai1="45,100,64,108,10,3,55,36,34,79,8,16,56" hai2="131,97,90,73,22,57,123,70,103,47,31,6,54" hai3="75,98,122,105,40,62,96,52,32,27,76,63,46"/><T120/><D2/><U26/><E108/><V21/><F123/><W37/><G122/><T68/><D39/><U59/><E100/><V115/><F70/><W20/><G32/><T49/><D130/><U125/><E125/><V0/><F73/><W65/><G105/><T127/><D127/><U135/><E135/><V93/><F31/><W23/><G23/><T117/><D117/><U88/><E79/><V66/><F0/><W94/><G76/><T18/><D71/><U35/><E34/><V81/><F6/><W118/><G75/><T106/><D106/><U111/><E111/><V101/><F66/><W11/><G11/><T83/><D68/><U84/><E3/><V14/><F22/><W102/><G65/><T1/><D1/><U104/><E104/><V99/><F47/><W60/><G98/><N who="2" m="37385" /><F81/><N who="0" m="30730" /><D92/><N who="1" m="54279" /><E36/><V33/><F33/><W74/><G74/><T12/><D120/><U128/><E128/><V19/><F131/><W28/><REACH who="3" step="1"/><G118/><REACH who="3" ten="250,250,250,240" step="2"/><T53/><D121/><U78/><E78/><V119/><F119/><W107/><G107/><T87/><D87/><U42/><E35/><V72/><F72/><W132/><G132/><T30/><D43/><U133/><E133/><V7/><F115/><W41/><G41/><T48/><D24/><U116/><E116/><V61/><F7/><W109/><G109/><T124/><D124/><U112/><E112/><V5/><F5/><W126/><G126/><T113/><D113/><U85/><E42/><V89/><F90/><W80/><G80/><T9/><D15/><N who="1" m="7271" /><E26/><V25/><F25/><W95/><G95/><T114/><D114/><RYUUKYOKU ba="0,1" sc="250,10,250,-30,250,10,240,10" hai0="9,12,18,29,30,48,49,50,51,53" hai2="14,19,21,54,57,61,89,93,101,103" hai3="20,27,28,37,40,46,52,60,62,63,94,96,102" /><INIT seed="0,1,1,4,5,58" ten="260,220,260,250" oya="0" hai0="78,48,92,14,33,66,100,115,63,23,32,114,94" hai1="93,16,56,55,13,99,124,62,26,120,95,15,18" hai2="1,74,45,39,103,84,116,54,20,72,70,41,43" hai3="126,37,80,10,30,38,135,89,107,85,9,17,59"/><T34/><D78/><U98/><E120/><V82/><F116/><W111/><G135/><T60/><D48/><U21/><E124/><V7/><F70/><W69/><G69/><T77/><D77/><U104/><E104/><V44/><F1/><W134/><G134/><T125/><D125/><U5/><E5/><V75/><F7/><W123/><G123/><T68/><D23/><U12/><E18/><V87/><F103/><W29/><G107/><T113/><D100/><U119/><E119/><V102/><F102/><W28/><G126/><T86/><D14/><U88/><E12/><V130/><F130/><W50/><G17/><T118/><D118/><U128/><E128/><V101/><F101/><AGARI ba="1,1" hai="13,15,16,21,26,55,56,62,88,93,95,98,99,101" machi="101" ten="30,12000,2" yaku="7,1,25,2,8,1,52,1,54,2" doraHai="58" who="1" fromWho="2" sc="260,0,220,133,260,-123,250,0" /><INIT seed="1,0,0,3,4,132" ten="260,353,137,250" oya="1" hai0="84,73,128,17,61,114,75,107,56,40,50,63,42" hai1="121,95,5,124,27,18,97,91,54,31,60,70,119" hai2="82,113,66,133,43,104,89,1,76,33,28,87,86" hai3="38,116,57,64,2,131,49,80,16,129,53,122,65"/><U78/><E119/><V51/><F1/><W120/><G2/><T23/><D107/><U126/><E121/><N who="3" m="46698" /><G80/><T13/><D128/><N who="3" m="49225" /><G16/><N who="0" m="10639" /><D75/><U39/><E39/><V34/><F113/><W9/><G9/><T108/><D108/><U3/><E18/><V6/><F133/><W7/><G7/><T111/><D73/><U26/><E78/><V25/><F104/><W74/><G74/><T94/><D111/><U88/><E27/><V12/><F66/><N who="3" m="25707" /><G38/><T52/><D114/><U105/><E70/><V55/><F33/><W22/><G22/><T123/><D123/><U45/><E105/><V59/><F43/><N who="0" m="16426" /><D17/><U72/><E72/><V8/><F89/><AGARI ba="0,0" hai="50,52,56,61,63,84,89,94" m="16426,10639" machi="89" ten="30,7700,0" yaku="25,1,8,1,54,2" doraHai="132" who="0" fromWho="2" sc="260,77,353,0,137,-77,250,0" /><INIT seed="2,0,0,3,4,67" ten="337,353,60,250" oya="2" hai0="4,1,45,54,114,79,5,82,101,3,60,129,19" hai1="64,107,134,36,73,85,128,117,78,132,13,99,69" hai2="37,93,63,12,41,106,42,119,32,61,0,21,98" hai3="102,14,135,47,28,22,31,87,113,33,76,86,34"/><V46/><F119/><W103/><G135/><N who="1" m="51754" /><E117/><V112/><F112/><W6/><G47/><T35/><D35/><U52/><E128/><V118/><F118/><W62/><G113/><T9/><D129/><U71/><E36/><V116/><F116/><W11/><G62/><T55/><D101/><N who="1" m="62911" /><E64/><V133/><F133/><W84/><G76/><T90/><D114/><U68/><E73/><V26/><F106/><W88/><G88/><T115/><D4/><U16/><E52/><V43/><F0/><W38/><G38/><T80/><D54/><U50/><E50/><V95/><F32/><W17/><G33/><T59/><D45/><U130/><E130/><V110/><F110/><W109/><G109/><T65/><D19/><U121/><E121/><V2/><F2/><W126/><G34/><T122/><D122/><U74/><E74/><V20/><F37/><W23/><G23/><T53/><D3/><U51/><E51/><V104/><F46/><W18/><G18/><T8/><D8/><N who="1" m="6183" /><E85/><V66/><F104/><W127/><G103/><T124/><D115/><U77/><AGARI ba="0,0" hai="68,69,71,77,78" m="6183,62911,51754" machi="77" ten="40,8000,1" yaku="20,1,52,3,54,1" doraHai="67" who="1" fromWho="1" sc="337,-20,353,80,60,-40,250,-20" /><INIT seed="3,0,0,1,2,25" ten="317,433,20,230" oya="3" hai0="116,15,108,21,65,89,111,12,1,53,52,107,58" hai1="28,9,20,102,48,135,104,43,37,75,4,44,23" hai2="85,109,86,71,133,16,35,18,82,106,30,123,41" hai3="32,131,14,0,40,64,113,90,55,13,6,118,22"/><W98/><G113/><T80/><D1/><U67/><E75/><V76/><F71/><W115/><G115/><T95/><D107/><U3/><E135/><V121/><F106/><W26/><G118/><T31/><D80/><U112/><E112/><V27/><F133/><W84/><G64/><T132/><D116/><U45/><E67/><V126/><F41/><W59/><G40/><T103/><D103/><U120/><E120/><N who="2" m="46155" /><F109/><N who="0" m="42058" /><D65/><U36/><E104/><V83/><F126/><W97/><G32/><T79/><D79/><AGARI ba="0,0" hai="16,18,27,30,35,76,79,82,83,85,86" m="46155" machi="79" ten="30,3900,0" yaku="13,1,52,1,54,1" doraHai="25" who="2" fromWho="0" sc="317,-39,433,0,20,39,230,0" /><INIT seed="4,0,0,4,5,12" ten="278,433,59,230" oya="0" hai0="65,46,124,61,102,113,99,8,1,107,58,28,2" hai1="37,115,22,88,75,32,52,112,83,97,17,41,60" hai2="54,18,127,29,104,90,38,68,111,4,30,118,105" hai3="82,13,0,50,79,19,70,62,89,117,101,78,59"/><T72/><D113/><N who="1" m="43595" /><E32/><V7/><F111/><W71/><G117/><T76/><D124/><U128/><E128/><V24/><F118/><W35/><G35/><T44/><D2/><U23/><E23/><V85/><F127/><W10/><G101/><T132/><D132/><U131/><E131/><V40/><F68/><W108/><G108/><T9/><D28/><U55/><E60/><V125/><F125/><W53/><G0/><T126/><D126/><U73/><E41/><V47/><F54/><N who="1" m="20521" /><E37/><V45/><F90/><W87/><G71/><T39/><D39/><U74/><E97/><V121/><F38/><W21/><G70/><T16/><D72/><U81/><E88/><V94/><F40/><W95/><G62/><T5/><REACH who="0" step="1"/><D76/><REACH who="0" ten="268,433,59,230" step="2"/><U34/><E34/><V119/><F119/><W20/><REACH who="3" step="1"/><G79/><REACH who="3" ten="268,433,59,220" step="2"/><T103/><D103/><U106/><E106/><V43/><F121/><W31/><G31/><T11/><D11/><U114/><E114/><V86/><F30/><W98/><AGARI ba="0,2" hai="10,13,19,20,21,50,53,59,78,82,87,89,95,98" machi="98" ten="20,8000,1" yaku="1,1,0,1,7,1,8,1,52,1,53,0" doraHai="12" doraHaiUra="133" who="3" fromWho="3" sc="268,-40,433,-20,59,-20,220,100" /><INIT seed="5,0,0,3,1,66" ten="228,413,39,320" oya="1" hai0="126,128,103,50,32,60,17,132,121,99,19,70,84" hai1="118,91,36,49,107,33,1,29,63,62,135,34,12" hai2="37,38,44,129,122,61,52,58,116,115,6,75,73" hai3="89,28,117,92,7,47,39,67,65,40,14,0,31"/><U123/><E118/><V82/><F116/><W109/><G109/><T9/><D32/><U64/><E123/><V16/><F122/><W2/><G117/><T18/><D121/><U26/><E1/><V45/><F6/><W8/><G2/><T51/><D9/><U83/><E36/><V27/><F82/><W120/><G120/><T134/><D128/><U96/><E135/><N who="0" m="51753" /><D84/><U46/><E33/><V21/><F129/><W13/><G13/><T57/><D126/><U23/><E63/><V88/><F115/><W114/><G114/><T110/><D57/><U53/><E83/><V11/><F38/><W48/><G0/><T104/><D110/><U130/><E130/><V69/><F37/><W124/><G39/><T81/><D81/><U56/><E12/><V78/><F78/><W43/><G43/><T93/><D93/><N who="1" m="56383" /><E107/><V10/><F69/><W68/><G68/><T125/><D125/><U131/><E34/><V113/><F113/><W54/><G124/><T87/><D87/><U100/><E131/><V24/><F24/><W85/><G40/><T127/><D127/><U76/><E100/><V112/><F112/><W133/><REACH who="3" step="1"/><G133/><REACH who="3" ten="228,413,39,310" step="2"/><T55/><D55/><U90/><E53/><V3/><F3/><W108/><G108/><T59/><D70/><U94/><E64/><AGARI ba="0,1" hai="7,8,14,28,31,47,48,54,64,65,67,85,89,92" machi="64" ten="40,2600,0" yaku="1,1,8,1,53,0" doraHai="66" doraHaiUra="72" who="3" fromWho="1" sc="228,0,413,-26,39,0,310,36" /><INIT seed="6,0,0,2,3,95" ten="228,387,39,346" oya="2" hai0="79,71,75,82,53,58,121,89,124,110,106,38,54" hai1="4,97,21,105,27,46,134,48,52,36,104,33,128" hai2="3,125,127,70,40,73,13,74,62,116,55,65,131" hai3="76,10,1,108,22,56,19,59,91,130,6,85,98"/><V28/><F3/><W93/><G108/><T123/><D110/><U45/><E33/><V115/><F116/><W61/><G130/><T47/><D71/><U29/><E128/><V25/><F131/><W8/><G8/><T37/><D106/><U87/><E134/><V102/><F40/><W122/><G122/><T60/><D124/><N who="2" m="47690" /><F115/><W23/><G23/><T68/><D68/><U88/><E4/><V120/><F120/><W66/><G76/><T39/><D47/><U35/><E35/><V32/><F13/><W34/><G34/><T119/><D119/><U117/><E117/><V81/><F81/><W96/><REACH who="3" step="1"/><G56/><REACH who="3" ten="228,387,39,336" step="2"/><T0/><D0/><U86/><E36/><V135/><F135/><W44/><G44/><T90/><D121/><U69/><E69/><V133/><F133/><W111/><G111/><T63/><D123/><U50/><E105/><V78/><F78/><W132/><G132/><T114/><REACH who="0" step="1"/><D114/><REACH who="0" ten="218,387,39,336" step="2"/><U72/><E104/><V9/><F9/><W92/><G92/><T80/><D80/><U18/><E46/><V77/><F77/><W20/><G20/><T16/><D16/><U129/><E129/><V99/><F55/><W84/><G84/><T94/><D94/><AGARI ba="0,2" hai="25,28,32,62,65,70,73,74,94,99,102" m="47690" machi="94" ten="30,2900,0" yaku="18,1,52,1" doraHai="95" who="2" fromWho="0" sc="218,-29,387,0,39,49,336,0" /><INIT seed="6,1,0,4,4,30" ten="189,387,88,336" oya="2" hai0="36,55,102,97,89,120,10,28,87,67,78,110,122" hai1="127,98,3,43,115,116,113,56,9,2,54,64,23" hai2="99,76,51,96,33,42,27,4,106,1,14,112,81" hai3="35,12,65,71,100,129,31,84,88,109,70,63,13"/><V16/><F106/><W105/><G109/><T119/><D36/><U52/><E116/><V20/><F112/><N who="1" m="43081" /><E127/><V82/><F42/><W69/><G129/><T15/><D67/><U72/><E72/><V132/><F132/><W108/><G108/><T47/><D28/><U48/><E43/><V124/><F124/><W11/><G70/><T26/><D26/><U44/><E64/><V41/><F41/><W61/><G61/><T6/><D78/><U111/><E111/><V114/><F51/><W85/><G85/><T131/><D131/><U117/><E117/><V75/><F81/><W126/><G69/><T49/><D110/><U0/><E23/><V66/><F66/><W77/><G77/><T39/><D39/><U83/><E98/><V60/><F60/><W32/><G13/><T133/><D133/><U17/><E83/><V22/><F22/><W21/><G21/><T130/><D130/><U73/><E73/><V101/><F101/><W46/><G31/><T74/><D74/><U123/><E123/><V37/><F37/><W59/><G71/><T134/><D134/><U104/><E104/><V103/><F103/><W91/><G100/><T40/><D40/><U7/><E17/><V128/><F128/><W68/><G105/><N who="0" m="63695" /><D119/><U79/><E79/><V93/><F93/><W5/><G68/><T107/><D107/><U92/><E92/><V125/><F114/><W58/><G126/><T38/><D38/><U57/><E44/><V95/><F125/><W121/><G46/><T118/><D118/><U86/><E86/><V45/><F45/><W135/><G135/><RYUUKYOKU ba="1,0" sc="189,15,387,15,88,-15,336,-15" hai0="6,10,15,47,49,55,87,89,120,122" hai1="0,2,3,7,9,48,52,54,56,57" /><INIT seed="7,2,0,5,5,100" ten="204,402,73,321" oya="3" hai0="129,85,18,40,111,35,27,37,28,109,61,29,7" hai1="134,42,26,1,118,53,122,107,43,75,124,121,119" hai2="106,64,83,25,36,44,102,67,120,135,38,17,96" hai3="110,2,80,79,56,12,105,112,68,82,81,21,24"/><W30/><G68/><T58/><D37/><U48/><E134/><V11/><F120/><W113/><G2/><T84/><D40/><N who="1" m="15403" /><E124/><V87/><F135/><W69/><G69/><T0/><D129/><U90/><E75/><V91/><F44/><W4/><G56/><T108/><D58/><N who="1" m="33063" /><E1/><V88/><F64/><W55/><G55/><T78/><D84/><U104/><E90/><V62/><F91/><W74/><G105/><N who="1" m="40522" /><E26/><V132/><F132/><W97/><G97/><T115/><D61/><U23/><E23/><V125/><F125/><W117/><G110/><T49/><D49/><U57/><E57/><V39/><F39/><W54/><G54/><T34/><D85/><U10/><E10/><V16/><F17/><W13/><G4/><T14/><D78/><U127/><E127/><V60/><F60/><W15/><G117/><AGARI ba="2,0" hai="117,118,119,121,122" m="40522,33063,15403" machi="117" ten="30,7700,0" yaku="12,1,52,3" doraHai="100" who="1" fromWho="3" sc="204,0,402,83,73,0,321,-83" owari="204,-20.0,485,59.0,73,-43.0,238,4.0" /></mjloggm>