<mjloggm ver="2.3"><GO type="185" lobby="0"/><UN n0="%E3%81%BF%E3%83%BC%E3%82%8F" n1="%E3%81%97%E3%82%81%E3%81%98%E3%82%93" n2="%44%75%73%6B" n3="" dan="17,17,16,0" rate="2258.46,2258.62,2209.78,1500.00" sx="M,F,M,C"/><TAIKYOKU oya="0"/><INIT seed="0,0,0,3,2,94" ten="350,350,350,0" oya="0" hai0="122,93,51,58,42,134,85,117,104,35,96,126,105" hai1="37,75,65,78,114,60,39,129,52,111,84,127,1" hai2="41,36,73,112,0,82,77,108,55,119,47,90,53" hai3=""/><T38/><N who="0" m="31264" /><T123/><N who="0" m="31520" /><T83/><D117/><U120/><N who="1" m="30752" /><U133/><E1/><V131/><F112/><T92/><D35/><U79/><E75/><V64/><F0/><T130/><D134/><U68/><E133/><V106/><F119/><T33/><D33/><U61/><E127/><V113/><F113/><T116/><D116/><U91/><E129/><V80/><F131/><T66/><D130/><U115/><E115/><V34/><F34/><T44/><D126/><U2/><E2/><V76/><F108/><T56/><D93/><U59/><E111/><V48/><F106/><T50/><D38/><U69/><E69/><V135/><F135/><T110/><D110/><U71/><E71/><V132/><F132/><T45/><D104/><U89/><E114/><V74/><F64/><T124/><D66/><U70/><E70/><V57/><F90/><T81/><D105/><U100/><E68/><V87/><F53/><T88/><D124/><U101/><E39/><V103/><F103/><T109/><D109/><U121/><E37/><V40/><F40/><T98/><D81/><U67/><E121/><V95/><F95/><T63/><D83/><U49/><E67/><V107/><F107/><T97/><D63/><RYUUKYOKU ba="0,0" sc="350,10,350,-20,350,10,0,0" hai0="42,44,45,50,51,56,58,85,88,92,96,97,98" hai2="36,41,47,48,55,57,73,74,76,77,80,82,87" /><INIT seed="0,1,0,1,1,85" ten="360,330,360,0" oya="0" hai0="128,125,116,103,80,0,111,57,39,60,105,124,58" hai1="35,70,106,135,133,130,94,76,2,46,131,114,42" hai2="66,38,107,108,69,121,67,113,91,68,77,82,43" hai3=""/><T88/><D116/><U1/><E106/><V119/><N who="2" m="31008" /><V40/><F113/><T52/><D0/><N who="1" m="107" /><E70/><V120/><N who="2" m="30752" /><V129/><F119/><T78/><D39/><U74/><E114/><V44/><F129/><N who="1" m="49161" /><E35/><V75/><F108/><T81/><D128/><U115/><E115/><V51/><F107/><T90/><D111/><U84/><E74/><V95/><F68/><T48/><D103/><U93/><E76/><V41/><F69/><T118/><D118/><U53/><E53/><V110/><F110/><T55/><D105/><U32/><E32/><V98/><REACH who="2" step="1"/><F38/><REACH who="2" ten="360,330,350,0" step="2"/><T47/><D125/><U56/><E135/><V33/><F33/><T72/><D124/><U132/><E133/><V100/><F100/><T64/><REACH who="0" step="1"/><D80/><REACH who="0" ten="350,330,350,0" step="2"/><U61/><E132/><V104/><F104/><T127/><D127/><U65/><E94/><V134/><F134/><T50/><AGARI ba="1,2" hai="47,48,50,52,55,57,58,60,64,72,78,81,88,90" machi="50" ten="20,12000,2" yaku="1,1,0,1,7,1,52,2,54,2,53,0" doraHai="85" doraHaiUra="97" who="0" fromWho="0" sc="350,142,330,-61,350,-61,0,0" /><INIT seed="0,2,0,5,3,71" ten="492,269,289,0" oya="0" hai0="57,105,131,118,64,50,92,51,80,47,52,46,94" hai1="93,78,97,72,37,107,69,35,43,68,121,127,130" hai2="95,119,110,1,60,101,111,36,88,126,34,56,86" hai3=""/><T106/><D118/><U116/><RYUUKYOKU type="yao9" ba="2,0" sc="492,0,269,0,289,0,0,0" hai1="35,37,43,68,69,72,78,93,97,107,116,121,127,130" /><INIT seed="0,3,0,0,5,66" ten="492,269,289,0" oya="0" hai0="71,39,32,104,97,126,73,50,54,121,33,86,105" hai1="110,47,132,70,92,35,77,88,45,133,99,42,55" hai2="111,96,85,34,58,80,98,72,74,112,123,59,65" hai3=""/><T120/><N who="0" m="30752" /><T89/><N who="0" m="31008" /><T93/><D39/><U127/><E35/><V113/><N who="2" m="31520" /><V84/><F34/><T117/><D117/><U101/><E110/><V122/><N who="2" m="31264" /><V40/><F40/><T38/><D38/><U57/><E127/><V36/><F36/><T37/><D37/><U44/><E70/><V82/><REACH who="2" step="1"/><F65/><REACH who="2" ten="492,269,279,0" step="2"/><T95/><D32/><U83/><E42/><V102/><F102/><T81/><D33/><U49/><REACH who="1" step="1"/><E101/><REACH who="1" ten="492,259,279,0" step="2"/><V79/><F79/><T61/><D126/><U62/><E62/><V63/><F63/><T128/><D61/><U130/><E130/><V129/><F129/><T48/><D128/><U124/><E124/><V2/><F2/><T1/><D1/><U91/><E91/><V90/><F90/><T107/><D89/><U119/><E119/><V67/><F67/><T53/><D71/><U78/><E78/><V43/><F43/><T68/><D68/><U60/><E60/><V100/><F100/><T131/><D131/><U46/><N who="1" m="11264" /><DORA hai="109" /><U125/><E125/><V135/><F135/><T52/><D54/><U115/><E115/><V76/><F76/><T94/><D53/><U116/><E116/><V64/><F64/><T108/><D52/><U75/><AGARI ba="3,2" hai="49,55,57,75,77,83,88,92,99,132,133" m="11264" machi="75" ten="40,6000,1" yaku="1,1,5,1,0,1,54,1,53,1" doraHai="66,109" doraHaiUra="118,106" who="1" fromWho="1" sc="492,-43,259,86,279,-23,0,0" /><INIT seed="1,0,0,2,2,95" ten="449,345,256,0" oya="1" hai0="40,118,51,105,131,113,125,97,89,54,72,49,38" hai1="62,86,76,100,124,34,103,133,58,126,96,39,77" hai2="104,83,116,106,79,102,127,80,94,52,48,56,47" hai3=""/><U68/><E34/><V61/><F116/><T45/><D113/><U65/><E39/><V43/><F127/><N who="1" m="48681" /><E133/><V134/><F80/><T132/><D125/><U122/><N who="1" m="31264" /><U75/><E75/><V128/><F128/><T114/><D131/><U111/><E111/><V67/><F134/><T120/><N who="0" m="30752" /><T73/><D114/><U37/><E37/><V36/><F94/><T109/><D109/><U44/><E44/><V108/><F102/><N who="1" m="38953" /><E96/><V0/><F0/><T3/><D3/><U88/><E68/><V84/><REACH who="2" step="1"/><F108/><REACH who="2" ten="449,345,246,0" step="2"/><T115/><D118/><U93/><AGARI ba="0,1" hai="58,62,65,76,77,86,88,93" m="38953,31264,48681" machi="93" ten="30,4000,0" yaku="18,1,52,1,54,1" doraHai="95" who="1" fromWho="1" sc="449,-20,345,50,246,-20,0,0" /><INIT seed="1,1,0,0,4,76" ten="429,395,226,0" oya="1" hai0="69,113,73,128,104,55,47,133,112,2,3,75,118" hai1="65,33,35,132,81,34,46,135,49,78,110,87,86" hai2="129,39,121,116,40,106,72,79,107,43,93,97,111" hai3=""/><U84/><E65/><V130/><N who="2" m="31008" /><V102/><F39/><T63/><D55/><U85/><REACH who="1" step="1"/><E110/><REACH who="1" ten="429,385,226,0" step="2"/><V108/><F111/><T80/><D2/><U103/><E103/><V48/><F108/><T42/><D3/><U38/><E38/><V74/><F116/><T58/><D113/><U54/><AGARI ba="1,1" hai="33,34,35,46,49,54,78,81,84,85,86,87,132,135" machi="54" ten="40,5200,0" yaku="1,1,0,1,52,1,53,0" doraHai="76" doraHaiUra="67" who="1" fromWho="1" sc="429,-27,385,64,226,-27,0,0" /><INIT seed="1,2,0,1,3,80" ten="402,449,199,0" oya="1" hai0="92,61,0,77,1,118,57,108,55,110,129,73,58" hai1="102,34,127,86,48,37,74,32,43,124,75,40,70" hai2="83,35,107,117,104,111,114,65,87,44,50,62,95" hai3=""/><U94/><E70/><V33/><F117/><T125/><D118/><U60/><E37/><V132/><F111/><N who="0" m="42538" /><D129/><U38/><E38/><V54/><F132/><T59/><D125/><N who="1" m="48203" /><E60/><V41/><F114/><T101/><D77/><U49/><E102/><V51/><F95/><T85/><D73/><N who="1" m="27659" /><E86/><V123/><N who="2" m="31520" /><V46/><F35/><N who="1" m="13353" /><E94/><V47/><F47/><T91/><D101/><U36/><E36/><V64/><F33/><T119/><D119/><U45/><E45/><V130/><F130/><T84/><D85/><U121/><N who="1" m="31008" /><U120/><N who="1" m="30752" /><U99/><E99/><V72/><F72/><T106/><D106/><U3/><E3/><AGARI ba="2,0" hai="0,1,3,55,57,58,59,61,84,91,92" m="42538" machi="3" ten="30,2000,0" yaku="14,1,52,1" doraHai="80" who="0" fromWho="1" sc="402,24,449,-24,199,0,0,0" /><INIT seed="2,0,0,2,1,54" ten="426,425,199,0" oya="2" hai0="127,120,97,37,70,133,85,35,109,99,36,58,117" hai1="80,84,86,115,71,40,104,79,87,48,34,68,114" hai2="106,121,56,134,52,96,39,105,50,103,77,65,38" hai3=""/><V131/><N who="2" m="31008" /><V62/><F131/><T101/><N who="0" m="30752" /><T69/><D117/><U128/><E104/><V108/><F134/><T46/><D133/><U67/><E34/><V64/><F106/><T44/><D35/><U51/><E128/><V33/><F33/><T32/><D32/><U42/><E67/><V55/><F108/><T92/><D127/><U90/><E90/><V2/><F2/><T43/><D109/><U75/><E51/><V110/><F110/><T124/><D124/><U132/><E132/><V72/><F72/><T113/><D113/><U49/><E49/><V63/><F77/><T94/><D85/><U61/><E48/><V47/><REACH who="2" step="1"/><F55/><REACH who="2" ten="426,425,189,0" step="2"/><T81/><D43/><U119/><E42/><V95/><F95/><T100/><D81/><U91/><E40/><V126/><F126/><T98/><D92/><U76/><E115/><V73/><F73/><T116/><D94/><U66/><E114/><V125/><F125/><T112/><D112/><U78/><E75/><V135/><F135/><T82/><D82/><U118/><E118/><V60/><F60/><T88/><D116/><U1/><E119/><V102/><F102/><T83/><D101/><U41/><E41/><V3/><F3/><T123/><D100/><RYUUKYOKU ba="0,1" sc="426,-10,425,-10,189,20,0,0" hai2="38,39,47,50,52,56,62,63,64,65,96,103,105" /><INIT seed="2,1,1,0,0,115" ten="416,415,209,0" oya="2" hai0="126,56,55,107,34,62,46,96,42,53,58,106,63" hai1="73,100,43,1,134,130,0,79,3,123,76,87,59" hai2="85,47,51,64,61,114,69,50,36,75,78,97,101" hai3=""/><V104/><F114/><T121/><N who="0" m="31008" /><T94/><D34/><U102/><N who="1" m="31520" /><U99/><E73/><V44/><F75/><T111/><D111/><U91/><E134/><V110/><F110/><T38/><REACH who="0" step="1"/><D126/><REACH who="0" ten="406,415,209,0" step="2"/><U37/><E3/><V71/><F71/><T33/><D33/><U118/><E0/><V41/><REACH who="2" step="1"/><F44/><REACH who="2" ten="406,415,199,0" step="2"/><T48/><D48/><U128/><E1/><V35/><F35/><T88/><AGARI ba="1,3" hai="38,42,46,53,55,56,58,62,63,88,94,96,106,107" m="31008" machi="88" ten="20,9000,2" yaku="1,1,0,1,7,1,9,1,52,1,54,1,53,0" doraHai="115" doraHaiUra="32" who="0" fromWho="0" sc="406,122,415,-31,199,-61,0,0" /><INIT seed="4,0,0,5,3,129" ten="528,384,138,0" oya="0" hai0="73,123,104,115,47,84,61,92,90,70,75,109,130" hai1="102,74,93,64,118,44,83,107,40,89,2,108,128" hai2="33,85,51,88,54,0,119,62,87,63,116,95,48" hai3=""/><T67/><N who="0" m="31520" /><T3/><D3/><U38/><E2/><V65/><F33/><T110/><D115/><U96/><E108/><N who="0" m="41577" /><D104/><U111/><E111/><V94/><F0/><T86/><D130/><U55/><E128/><V42/><F42/><T60/><D47/><U127/><E127/><V59/><F51/><T125/><D125/><U36/><E118/><V105/><F105/><T98/><D61/><U34/><E34/><V50/><F50/><T56/><D70/><U76/><E36/><V1/><F1/><T32/><D32/><U78/><E55/><V114/><F114/><T82/><D86/><U132/><E64/><V113/><F113/><T112/><D112/><U131/><E131/><V45/><REACH who="2" step="1"/><F63/><REACH who="2" ten="528,384,128,0" step="2"/><T77/><AGARI ba="0,1" hai="56,60,67,73,75,77,82,84,90,92,98" m="41577,31520" machi="77" ten="30,2000,0" yaku="10,1,52,1" doraHai="129" who="0" fromWho="0" sc="528,30,384,-10,128,-10,0,0" /><INIT seed="4,1,0,5,4,1" ten="558,374,118,0" oya="0" hai0="49,107,52,102,108,2,0,97,81,124,70,51,84" hai1="37,109,55,33,85,47,56,131,91,96,50,112,90" hai2="39,41,59,110,133,69,128,121,38,105,48,43,125" hai3=""/><T127/><D70/><U63/><E109/><V103/><F103/><T32/><D108/><U113/><E131/><V120/><N who="2" m="30752" /><V87/><N who="2" m="31008" /><V104/><F87/><T57/><D51/><U62/><E33/><V75/><F75/><T36/><D36/><U65/><E37/><V61/><F105/><T99/><D97/><U40/><E96/><V60/><F104/><T82/><D32/><U129/><E129/><V101/><F101/><T83/><REACH who="0" step="1"/><D84/><REACH who="0" ten="548,374,118,0" step="2"/><U116/><E116/><V122/><N who="2" m="31264" /><V42/><F110/><T111/><D111/><U53/><E112/><V100/><F128/><T78/><D78/><U93/><E113/><V135/><F100/><T64/><D64/><U115/><E115/><V130/><F130/><T126/><AGARI ba="1,1" hai="0,2,49,52,57,81,82,83,99,102,107,124,126,127" machi="126" ten="40,8000,1" yaku="1,1,0,1,18,1,54,1,53,1" doraHai="1" doraHaiUra="46" who="0" fromWho="0" sc="548,92,374,-41,118,-41,0,0" /><INIT seed="4,2,0,5,1,107" ten="640,333,77,0" oya="0" hai0="70,90,84,2,106,133,46,51,104,80,113,57,39" hai1="129,63,53,127,37,95,87,89,123,110,119,82,33" hai2="38,35,78,130,47,98,112,64,81,101,68,108,71" hai3=""/><T88/><D2/><U105/><N who="1" m="31520" /><U52/><E105/><V99/><F108/><T102/><D70/><U54/><E119/><V56/><F130/><T116/><D116/><U49/><E110/><V40/><F35/><T0/><D0/><U69/><E37/><V131/><F131/><T50/><D133/><U77/><E127/><V91/><F112/><T134/><D134/><U135/><E33/><V43/><F43/><T111/><D111/><U109/><E135/><V100/><F56/><T58/><D39/><U125/><E125/><V103/><F64/><T118/><D118/><U94/><E129/><V32/><F32/><T62/><D113/><U120/><N who="1" m="30752" /><U55/><E109/><V132/><F132/><T34/><D106/><U85/><E69/><V36/><F36/><T83/><D104/><U44/><E95/><V117/><F117/><T60/><D34/><U73/><E73/><V122/><N who="2" m="31264" /><V96/><REACH who="2" step="1"/><F91/><REACH who="2" ten="640,333,67,0" step="2"/><T97/><D58/><AGARI ba="2,1" hai="44,49,52,53,54,55,58,63,77,82,85,87,89,94" m="30752,31520" machi="58" ten="40,8000,1" yaku="8,1,52,2,54,1" doraHai="107" who="1" fromWho="0" sc="640,-84,333,94,67,0,0,0" /><INIT seed="5,0,0,1,4,3" ten="556,427,67,0" oya="1" hai0="36,81,105,78,72,84,74,123,42,121,45,129,112" hai1="85,111,68,113,52,114,104,38,134,58,69,43,51" hai2="128,75,93,73,63,95,62,102,101,60,49,41,67" hai3=""/><U115/><E104/><V80/><F128/><T57/><N who="0" m="31008" /><T88/><N who="0" m="31520" /><T70/><D70/><N who="1" m="27243" /><E85/><V96/><F67/><T44/><D112/><N who="1" m="28675" /><U127/><DORA hai="37" /><E127/><V107/><F80/><T48/><D129/><U103/><E103/><V83/><F83/><T91/><D57/><U106/><E106/><V108/><F108/><T94/><D105/><U133/><E111/><V34/><F34/><T50/><D36/><U118/><E118/><V56/><F56/><T119/><D119/><U99/><E99/><V116/><F116/><T82/><D74/><U100/><E100/><V122/><N who="2" m="31264" /><V0/><F0/><T110/><D110/><U92/><E92/><V40/><F49/><T109/><D109/><U126/><E126/><V66/><F66/><T76/><D94/><U53/><E53/><AGARI ba="0,0" hai="42,44,45,48,50,53,72,76,78,81,82,84,88,91" m="31520,31008" machi="53" ten="30,8000,1" yaku="7,1,52,3,54,1" doraHai="3,37" who="0" fromWho="1" sc="556,80,427,-80,67,0,0,0" /><INIT seed="6,0,0,0,2,52" ten="636,347,67,0" oya="2" hai0="49,120,68,72,64,125,54,77,61,102,103,39,113" hai1="70,87,51,82,128,73,56,41,67,91,2,98,118" hai2="107,44,83,43,32,33,97,101,74,105,122,90,110" hai3=""/><V76/><N who="2" m="31264" /><V79/><F107/><T38/><N who="0" m="30752" /><T111/><D111/><U46/><E73/><V94/><F76/><T119/><D119/><U130/><E98/><V134/><F134/><T48/><D125/><U133/><E2/><V131/><F131/><T55/><D113/><U71/><E87/><V93/><F93/><T129/><D129/><U114/><E91/><V96/><REACH who="2" step="1"/><F110/><REACH who="2" ten="636,347,57,0" step="2"/><T58/><D77/><U81/><E133/><V36/><AGARI ba="0,1" hai="32,33,36,43,44,74,79,83,90,94,96,97,101,105" m="31264" machi="36" ten="20,12000,2" yaku="1,1,2,1,0,1,7,1,52,1,53,2" doraHai="52" doraHaiUra="92" who="2" fromWho="2" sc="636,-60,347,-60,57,130,0,0" /><INIT seed="6,1,0,3,5,72" ten="576,287,187,0" oya="2" hai0="102,92,83,135,89,82,40,104,114,116,47,0,36" hai1="56,133,75,110,125,1,73,94,103,74,120,109,63" hai2="61,38,48,50,55,52,107,96,65,2,71,95,45" hai3=""/><V70/><F2/><T131/><D116/><U81/><N who="1" m="30752" /><U98/><E1/><V43/><F107/><T62/><D0/><U80/><E133/><V64/><F95/><T117/><D117/><U77/><E125/><V88/><F88/><T122/><N who="0" m="31264" /><T85/><D135/><U59/><E59/><V33/><F96/><T3/><D3/><U76/><REACH who="1" step="1"/><E74/><REACH who="1" ten="576,277,187,0" step="2"/><V134/><F134/><T60/><D131/><U93/><E93/><V99/><F99/><T121/><N who="0" m="31008" /><T46/><D89/><U127/><E127/><V101/><F101/><T108/><D47/><U67/><AGARI ba="1,1" hai="56,63,67,73,75,76,77,80,81,94,98,103,109,110" m="30752" machi="67" ten="20,9000,2" yaku="1,1,0,1,7,1,9,1,52,3,53,0" doraHai="72" doraHaiUra="41" who="1" fromWho="1" sc="576,-31,277,102,187,-61,0,0" owari="545,49.0,379,-2.0,126,-47.0,0,0.0" /></mjloggm>