<mjloggm ver="2.3"><GO type="185" lobby="0"/><UN n0="%63%61%6C%63%2E" n1="%E3%82%84%E3%81%BE%E3%81%8B%E3%81%84" n2="%E9%95%B7%E5%85%89%E9%BA%BB%E5%A4%9C" n3="" dan="19,17,16,0" rate="2399.98,2271.82,2186.42,1500.00" sx="M,M,M,C"/><TAIKYOKU oya="0"/><INIT seed="0,0,0,3,3,99" ten="350,350,350,0" oya="0" hai0="34,85,105,60,93,74,58,133,80,67,66,112,83" hai1="94,90,40,104,35,81,38,61,36,64,72,50,62" hai2="124,42,135,92,107,114,46,91,53,111,82,54,115" hai3=""/><T98/><D112/><U128/><E104/><V41/><F107/><T86/><D34/><U76/><E35/><V37/><F135/><T3/><D3/><U100/><E128/><V65/><F111/><T57/><D105/><U121/><N who="1" m="31008" /><U44/><E62/><V69/><F124/><T127/><D133/><U131/><E131/><V108/><F108/><T123/><N who="0" m="31520" /><T106/><D106/><U75/><E75/><V45/><F82/><T47/><D47/><U109/><E100/><V96/><F65/><T122/><N who="0" m="31264" /><T43/><D43/><U120/><N who="1" m="30752" /><U77/><E77/><V79/><F69/><T32/><D32/><U126/><E126/><V73/><F73/><T125/><D74/><U102/><E102/><V55/><REACH who="2" step="1"/><F79/><REACH who="2" ten="350,350,340,0" step="2"/><T0/><D125/><U113/><E109/><V2/><F2/><T1/><D127/><U132/><E132/><V129/><F129/><T118/><D93/><U130/><E130/><V134/><F134/><T97/><D118/><U95/><E95/><V116/><F116/><T71/><D71/><U88/><E94/><V52/><N who="2" m="13312" /><DORA hai="70" /><V51/><AGARI ba="0,1" hai="37,41,42,45,46,51,91,92,96,114,115" m="13312" machi="51" ten="40,6000,1" yaku="1,1,4,1,0,1,52,1,54,1,53,0" doraHai="99,70" doraHaiUra="59,103" who="2" fromWho="2" sc="350,-40,350,-20,340,70,0,0" /><INIT seed="1,0,0,0,0,101" ten="310,330,410,0" oya="1" hai0="35,37,132,76,51,113,50,82,74,77,61,32,95" hai1="129,109,106,42,58,130,111,133,80,91,118,79,39" hai2="117,47,34,75,135,116,123,93,89,87,78,105,134" hai3=""/><U94/><E118/><N who="2" m="45675" /><F34/><T53/><D113/><U57/><E133/><N who="2" m="50699" /><F47/><T119/><D37/><U128/><E106/><V125/><N who="2" m="31520" /><V45/><F45/><T85/><D119/><U103/><E103/><V70/><F70/><T3/><D3/><U114/><E114/><V72/><F125/><T108/><D132/><U107/><E107/><V126/><F126/><T41/><D41/><U2/><E2/><V100/><F78/><T1/><D1/><U40/><E39/><V88/><F89/><T120/><D77/><U102/><E102/><V90/><F90/><T122/><D76/><U67/><E42/><V99/><AGARI ba="0,0" hai="72,75,87,88,93,99,100,105" m="31520,50699,45675" machi="99" ten="40,9000,2" yaku="20,1,34,2,52,2,54,1" doraHai="101" who="2" fromWho="2" sc="310,-30,330,-60,410,90,0,0" /><INIT seed="2,0,0,1,1,36" ten="280,270,500,0" oya="2" hai0="54,57,52,48,73,34,2,86,133,67,0,97,85" hai1="43,121,80,66,55,120,94,44,122,129,103,58,87" hai2="3,32,61,33,92,119,82,46,123,126,99,91,125" hai3=""/><V62/><N who="2" m="31520" /><V115/><F119/><T76/><D34/><U98/><N who="1" m="30752" /><U42/><N who="1" m="31008" /><U116/><N who="1" m="31264" /><U128/><E116/><V114/><F3/><T53/><D133/><U107/><E107/><V84/><F46/><T110/><D110/><U71/><E71/><V109/><F109/><T37/><D37/><U56/><E66/><V124/><F33/><T70/><D70/><U40/><E44/><V134/><F134/><T89/><D73/><U47/><E47/><V111/><F111/><T77/><D97/><U88/><REACH who="1" step="1"/><E58/><REACH who="1" ten="280,260,500,0" step="2"/><V59/><F32/><T41/><D2/><U112/><E112/><N who="2" m="43051" /><F59/><T102/><D0/><U117/><E117/><V49/><F49/><AGARI ba="0,1" hai="40,42,43,49,55,56,80,87,88,94,98,103,128,129" m="31264,31008,30752" machi="49" ten="40,16000,3" yaku="1,1,52,6,54,1,53,1" doraHai="36" doraHaiUra="78" who="1" fromWho="2" sc="280,0,260,170,500,-160,0,0" /><INIT seed="4,0,0,0,3,96" ten="280,430,340,0" oya="0" hai0="66,87,128,74,97,61,117,132,135,59,40,63,134" hai1="89,124,51,80,35,122,119,126,113,37,58,110,32" hai2="78,75,76,39,52,104,100,103,0,106,88,57,34" hai3=""/><T44/><D74/><U95/><N who="1" m="31264" /><U43/><E119/><V123/><N who="2" m="31520" /><V84/><F34/><T70/><D117/><U115/><E110/><V67/><F0/><T102/><D87/><U49/><E80/><V92/><F39/><T107/><D128/><U121/><N who="1" m="31008" /><U47/><E35/><V48/><F67/><T42/><REACH who="0" step="1"/><D44/><REACH who="0" ten="270,430,340,0" step="2"/><U60/><E32/><V127/><F127/><T91/><D91/><U120/><N who="1" m="30752" /><U69/><E126/><V46/><F75/><T125/><D125/><U54/><E124/><V73/><F73/><T112/><D112/><N who="1" m="43083" /><E69/><V53/><F76/><T94/><D94/><U3/><E3/><V105/><REACH who="2" step="1"/><F78/><REACH who="2" ten="270,430,330,0" step="2"/><T77/><D77/><U108/><E108/><V45/><F45/><T118/><D118/><U85/><AGARI ba="0,2" hai="37,43,47,49,51,54,58,60,85,89,95" m="43083,30752,31008,31264" machi="85" ten="30,6000,1" yaku="15,1,11,1,52,3" doraHai="96" who="1" fromWho="1" sc="270,-40,430,80,330,-20,0,0" /><INIT seed="5,0,0,5,0,103" ten="230,510,310,0" oya="1" hai0="110,75,38,72,89,104,44,130,46,51,68,108,86" hai1="54,87,109,77,62,52,118,63,97,117,126,102,125" hai2="60,39,96,59,66,112,32,133,2,64,123,76,33" hai3=""/><U105/><E109/><V48/><N who="2" m="31520" /><V129/><F2/><T116/><D68/><U70/><E77/><V128/><F39/><T0/><D0/><U98/><E87/><V85/><F133/><T34/><D34/><U42/><E42/><V71/><F112/><T99/><D116/><U45/><E45/><V41/><F96/><T94/><D130/><N who="2" m="50282" /><F66/><T127/><D127/><N who="1" m="48651" /><E98/><V3/><F3/><T124/><D124/><U132/><E132/><V47/><F71/><T55/><D110/><U43/><E43/><V79/><F79/><T50/><D108/><U58/><E70/><V90/><F76/><T37/><D38/><U61/><E54/><V80/><AGARI ba="0,0" hai="32,33,41,47,48,59,60,64,80,85,90" m="50282,31520" machi="80" ten="30,1500,0" yaku="19,1,52,1" doraHai="103" who="2" fromWho="2" sc="230,-5,510,-10,310,15,0,0" /><INIT seed="6,0,0,0,5,75" ten="225,500,325,0" oya="2" hai0="89,108,57,67,2,95,3,60,127,85,114,134,72" hai1="40,65,82,64,111,33,109,104,93,66,50,92,52" hai2="117,116,79,131,91,38,101,128,122,130,41,106,59" hai3=""/><V56/><N who="2" m="31264" /><V97/><F41/><T96/><D108/><U99/><E40/><V121/><N who="2" m="31008" /><V49/><F38/><T76/><D134/><U44/><E33/><V133/><F133/><T90/><D127/><U0/><E0/><V129/><N who="2" m="32768" /><DORA hai="69" /><V48/><F91/><T120/><N who="0" m="30752" /><T80/><REACH who="0" step="1"/><D114/><REACH who="0" ten="215,500,325,0" step="2"/><U45/><E111/><V124/><F124/><T63/><D63/><U119/><E109/><V135/><F135/><T118/><D118/><N who="2" m="45674" /><F79/><T112/><D112/><U74/><E119/><V53/><F49/><T62/><D62/><U1/><E50/><V132/><F132/><T88/><D88/><U83/><E1/><V77/><F77/><T42/><D42/><U84/><E74/><V110/><F110/><T78/><D78/><U55/><E104/><V54/><F48/><T126/><D126/><U61/><E61/><V87/><F87/><T94/><AGARI ba="0,1" hai="2,3,57,60,67,72,76,80,85,89,90,94,95,96" m="30752" machi="94" ten="20,6000,1" yaku="1,1,0,1,7,1,52,2,53,0" doraHai="75,69" doraHaiUra="37,103" who="0" fromWho="0" sc="215,70,500,-20,325,-40,0,0" owari="285,-11.0,480,42.0,285,-31.0,0,0.0" /></mjloggm>