<mjloggm ver="2.3"><GO type="225" lobby="0"/><UN n0="%E3%81%B7%E3%82%8B%E3%81%B7%E3%82%8B%E3%81%A0%E3%81%9E" n1="%E7%8D%A3%E8%87%AD%E3%81%84%E8%82%89%E7%90%83" n2="%E9%95%B7%E5%B3%B6%E3%83%B3%E3%82%AC%E3%83%B3" n3="%E5%AE%89%E8%97%A4%E3%82%AB%E3%82%B1%E3%83%AB" dan="16,16,17,16" rate="2084.79,2083.66,2158.89,2067.46" sx="M,M,M,M"/><TAIKYOKU oya="0"/><INIT seed="0,0,0,0,3,3" ten="250,250,250,250" oya="0" hai0="83,98,33,18,96,20,120,48,105,128,91,89,119" hai1="111,62,86,110,115,7,53,130,16,38,80,44,27" hai2="102,108,126,116,19,87,4,47,134,66,71,103,14" hai3="5,37,79,106,104,54,100,0,74,1,68,21,11"/><T2/><D120/><U58/><E130/><V15/><F108/><N who="1" m="41513" /><E115/><V32/><F32/><W131/><G68/><T85/><D119/><U113/><E113/><V107/><F107/><W36/><G131/><T9/><D128/><U84/><E7/><V35/><F35/><W122/><G122/><T61/><D33/><U72/><E72/><V90/><F126/><W45/><G0/><T69/><D105/><U46/><E38/><V77/><F134/><W95/><G37/><T49/><D89/><N who="1" m="51335" /><E86/><V94/><F77/><W39/><G79/><T64/><D98/><U125/><E125/><V109/><F116/><W129/><G39/><T52/><D96/><U23/><AGARI ba="0,0" hai="16,23,27,44,46,53,58,62" m="51335,41513" machi="23" ten="30,2000,0" yaku="14,1,54,1" doraHai="3" who="1" fromWho="1" sc="250,-10,250,20,250,-5,250,-5" /><INIT seed="1,0,0,4,4,119" ten="240,270,245,245" oya="1" hai0="20,122,34,7,36,49,51,2,71,40,63,16,82" hai1="98,128,47,133,126,64,131,72,121,50,55,25,115" hai2="62,91,78,15,83,37,113,132,6,74,52,54,77" hai3="9,46,104,39,85,87,109,69,67,95,103,3,118"/><U14/><E115/><V129/><F37/><W27/><G104/><T75/><D34/><U130/><E72/><V45/><F113/><W5/><G118/><T59/><D71/><U124/><E64/><V60/><F132/><W19/><G109/><T84/><D75/><U88/><E121/><V70/><F129/><W117/><G117/><T123/><D36/><U107/><E25/><V44/><F70/><W125/><G125/><N who="1" m="48234" /><E14/><V61/><F91/><W135/><G27/><N who="0" m="14727" /><D40/><U111/><E111/><V80/><F6/><W41/><G5/><T33/><D33/><U10/><E10/><V0/><F15/><W65/><G9/><N who="0" m="2295" /><D84/><U48/><E48/><V56/><F0/><W101/><G3/><T23/><D23/><U127/><N who="1" m="48242" /><U21/><DORA hai="116" /><E21/><V100/><F100/><W53/><G103/><T57/><D82/><U73/><E73/><V68/><F68/><W76/><G69/><T134/><D134/><U105/><E133/><V1/><F1/><W110/><G135/><T102/><D102/><U8/><E8/><V17/><F74/><W86/><G39/><T18/><D18/><U114/><E114/><V92/><F17/><W93/><G19/><T4/><D4/><U31/><E31/><V106/><F61/><W43/><G110/><T26/><D26/><U30/><E30/><V11/><F11/><W38/><G38/><T90/><D90/><U32/><E32/><V29/><F29/><W97/><G101/><T120/><D63/><U42/><E42/><V35/><F35/><W28/><G28/><T96/><D96/><U89/><E98/><RYUUKYOKU ba="0,0" sc="240,15,270,15,245,-15,245,-15" hai0="49,51,57,59,120,122,123" hai1="47,50,55,88,89,105,107,128,130,131" /><INIT seed="1,1,0,1,0,9" ten="255,285,230,230" oya="1" hai0="94,12,43,135,97,121,112,69,55,32,42,114,111" hai1="89,22,13,5,103,64,124,49,130,58,132,115,56" hai2="93,17,86,14,35,36,51,100,107,53,82,4,71" hai3="57,108,102,2,10,44,127,92,99,15,19,105,21"/><U76/><E115/><V11/><F36/><W104/><G127/><T90/><D69/><U70/><E124/><V0/><F71/><W123/><G123/><T109/><D32/><U1/><E70/><V63/><F35/><W88/><G108/><N who="0" m="41547" /><D121/><U84/><E1/><V120/><F120/><W16/><G44/><T106/><D106/><U72/><E103/><V125/><F125/><W68/><G68/><T131/><D131/><U54/><E130/><V73/><F63/><W98/><G57/><T101/><D101/><U45/><E132/><V110/><F110/><W46/><G46/><T52/><D12/><U83/><E64/><V60/><F107/><W41/><G41/><N who="0" m="15371" /><D135/><U38/><E38/><V3/><F100/><W113/><G113/><AGARI ba="1,0" hai="52,55,90,94,97,112,113,114" m="15371,41547" machi="113" ten="30,2000,0" yaku="14,1,54,1" doraHai="9" who="0" fromWho="3" sc="255,23,285,0,230,0,230,-23" /><INIT seed="2,0,0,3,0,101" ten="278,285,230,207" oya="2" hai0="105,12,37,118,128,50,72,76,35,31,127,6,3" hai1="100,48,33,87,103,121,129,20,111,78,80,68,42" hai2="8,17,75,24,113,81,10,28,99,94,51,49,114" hai3="44,38,97,77,46,123,58,82,13,54,70,73,16"/><V36/><F36/><W108/><G70/><T107/><D50/><U126/><E33/><V130/><F130/><W34/><G34/><T63/><D12/><U59/><E68/><V18/><F75/><W30/><G123/><T66/><D128/><U93/><E129/><V39/><F39/><W67/><G30/><T9/><D127/><U29/><E126/><V14/><F81/><W84/><G108/><T95/><D95/><U55/><E111/><V40/><F17/><W4/><G4/><T88/><D88/><U135/><E135/><V110/><F10/><W117/><G117/><T112/><D118/><U122/><E42/><V22/><F110/><W131/><G131/><T32/><D37/><U86/><E121/><V19/><F28/><W96/><G67/><T53/><D53/><U115/><E115/><V7/><F7/><W106/><G73/><T120/><D120/><U85/><E122/><V57/><F51/><W27/><G27/><N who="0" m="18943" /><D32/><U132/><E132/><V2/><F2/><W133/><G133/><T47/><D47/><U26/><E100/><V43/><F113/><W23/><G38/><T92/><D92/><U124/><E124/><V74/><F114/><W125/><G125/><T79/><D112/><U21/><E21/><V116/><F116/><W71/><G46/><T104/><D72/><U52/><E55/><N who="2" m="31983" /><F74/><W0/><G44/><T102/><D102/><AGARI ba="0,0" hai="8,14,18,19,22,24,40,43,94,99,102" m="31983" machi="102" ten="30,1500,0" yaku="8,1" doraHai="101" who="2" fromWho="0" sc="278,-15,285,0,230,15,207,0" /><INIT seed="2,1,0,2,5,98" ten="263,285,245,207" oya="2" hai0="97,128,82,39,19,118,75,122,131,95,33,31,90" hai1="16,107,81,132,22,28,69,117,2,29,120,74,37" hai2="125,6,115,42,49,55,63,114,92,88,41,17,7" hai3="4,47,25,108,9,64,53,46,101,105,12,100,102"/><V3/><F125/><W48/><G108/><T110/><D39/><U36/><E117/><V57/><F115/><W66/><G105/><T40/><D19/><U43/><E2/><V99/><F114/><W62/><G62/><T20/><D20/><U86/><E74/><V96/><F3/><W112/><G112/><T111/><D31/><U21/><E69/><V123/><F123/><W1/><G1/><T77/><D40/><N who="2" m="15466" /><F96/><W78/><G78/><T72/><D33/><U34/><E34/><V30/><F30/><W94/><G47/><T119/><D72/><U45/><E37/><V11/><F49/><W121/><G121/><T71/><D71/><U14/><E120/><V18/><F11/><W68/><G68/><T129/><D122/><U26/><E107/><V8/><F8/><W0/><G0/><T80/><D82/><U35/><E29/><V134/><F134/><W84/><G25/><T93/><D95/><U23/><REACH who="1" step="1"/><E132/><REACH who="1" ten="263,275,245,207" step="2"/><V27/><F17/><W85/><G85/><T52/><D52/><U61/><E61/><V127/><F127/><W106/><G106/><T104/><D104/><U76/><AGARI ba="1,1" hai="14,16,21,22,23,26,28,35,36,43,45,76,81,86" machi="76" ten="20,5200,0" yaku="1,1,0,1,7,1,54,1,53,0" doraHai="98" doraHaiUra="113" who="1" fromWho="1" sc="263,-14,275,65,245,-27,207,-14" /><INIT seed="3,0,0,2,0,129" ten="249,340,218,193" oya="3" hai0="24,107,74,105,55,14,125,5,15,1,91,54,119" hai1="87,106,3,133,124,110,78,84,34,10,130,111,103" hai2="118,104,47,42,33,85,126,12,98,80,51,123,13" hai3="65,100,32,99,70,128,36,89,19,2,101,22,92"/><W7/><G32/><T135/><D119/><U20/><E34/><V112/><F112/><W45/><G128/><T37/><D74/><U43/><E130/><V21/><F33/><W113/><G113/><T39/><D1/><U82/><E133/><V30/><F118/><W73/><G73/><T57/><D57/><U60/><BYE who="0" /><E124/><V68/><F68/><W4/><G70/><T66/><D66/><U72/><E43/><V11/><F126/><W132/><G65/><T31/><D31/><U79/><E60/><V40/><F123/><UN n0="%E3%81%B7%E3%82%8B%E3%81%B7%E3%82%8B%E3%81%A0%E3%81%9E" /><W9/><G4/><T116/><D24/><U97/><E20/><V25/><F104/><W62/><G62/><T109/><D91/><U0/><E78/><N who="2" m="46231" /><F98/><W94/><G132/><T17/><D17/><U18/><E18/><N who="2" m="8479" /><F13/><W115/><G115/><T23/><D5/><N who="1" m="1319" /><E3/><V49/><F49/><W29/><G29/><T102/><D125/><U59/><E59/><V120/><F120/><W46/><G36/><T134/><D116/><U95/><E95/><V114/><F114/><W48/><G94/><T41/><D41/><AGARI ba="0,0" hai="21,25,30,40,41,42,47,51" m="8479,46231" machi="41" ten="30,1000,0" yaku="8,1" doraHai="129" who="2" fromWho="0" sc="249,-10,340,0,218,10,193,0" owari="239,4.0,340,44.0,228,-17.0,193,-31.0" /></mjloggm>