<mjloggm ver="2.3"><GO type="169" lobby="0"/><UN n0="%E3%82%82%E3%83%BC%E3%82%8A%E3%83%BC" n1="%E6%87%90%E3%81%8F%E5%AE%B6%E7%95%9C" n2="%E3%82%AE%E3%82%AC%E3%83%9E%E3%82%A4%E3%83%B3" n3="%6D%69%72%69%72%69" dan="16,16,16,16" rate="2192.26,2118.76,2122.77,2173.03" sx="M,M,M,M"/><TAIKYOKU oya="0"/><INIT seed="0,0,0,1,2,87" ten="250,250,250,250" oya="0" hai0="26,46,53,110,65,113,130,92,128,28,120,20,98" hai1="77,69,91,27,74,38,117,6,54,131,73,89,62" hai2="105,21,35,41,97,70,0,29,11,123,64,7,78" hai3="45,32,23,44,37,68,88,83,101,22,119,36,104"/><T107/><D113/><U94/><E117/><V43/><F123/><W30/><G119/><T48/><D120/><U60/><E38/><V93/><F21/><W103/><G68/><T49/><D107/><U84/><E131/><V106/><F78/><W135/><G32/><T55/><D110/><U50/><E69/><V99/><F99/><W126/><G104/><T4/><D4/><U12/><E74/><V3/><F3/><W59/><G59/><T24/><D24/><U19/><E73/><V90/><F106/><W63/><G63/><T57/><REACH who="0" step="1"/><D65/><REACH who="0" ten="240,250,250,250" step="2"/><U124/><E6/><V76/><F105/><W96/><G126/><T9/><D9/><N who="1" m="6543" /><E124/><V17/><F64/><W47/><G135/><T51/><D51/><U109/><E109/><V25/><F7/><W71/><G37/><T108/><D108/><U18/><E27/><V40/><F11/><W39/><G36/><T72/><D72/><U102/><E50/><V79/><F25/><W5/><G39/><T81/><D81/><U14/><E62/><V95/><F0/><W133/><G133/><T134/><D134/><U16/><E60/><V111/><F111/><W114/><G114/><T85/><D85/><U112/><E112/><V86/><F86/><W118/><G5/><T115/><D115/><U34/><E84/><V31/><F31/><W122/><G122/><T33/><D33/><U116/><E34/><V66/><F29/><W100/><G30/><T2/><D2/><U61/><E116/><V52/><F35/><W8/><G118/><T121/><D121/><U42/><E61/><V56/><F66/><RYUUKYOKU ba="0,1" sc="240,30,250,-10,250,-10,250,-10" hai0="20,26,28,46,48,49,53,55,57,92,98,128,130" /><INIT seed="0,1,1,3,5,33" ten="270,240,240,240" oya="0" hai0="4,6,122,84,118,120,21,94,124,45,102,115,104" hai1="56,69,53,114,20,92,81,73,62,110,76,100,121" hai2="128,103,7,109,25,41,29,126,40,57,99,55,13" hai3="105,80,9,90,63,31,16,97,67,135,15,127,59"/><T2/><D118/><U27/><E121/><V66/><F109/><W30/><G135/><T83/><D115/><U43/><E110/><V93/><F128/><W72/><G127/><T133/><D104/><U68/><E114/><V58/><F126/><W70/><G70/><T129/><D124/><U77/><E77/><V123/><F123/><W134/><G134/><T111/><D133/><U42/><E69/><V61/><F13/><W51/><G51/><T87/><D111/><U54/><E68/><V85/><F85/><W12/><G72/><T17/><D2/><U74/><E74/><V60/><REACH who="2" step="1"/><F7/><REACH who="2" ten="270,240,230,240" step="2"/><W116/><G116/><T64/><D84/><U96/><REACH who="1" step="1"/><E54/><REACH who="1" ten="270,230,230,240" step="2"/><V130/><F130/><W23/><G80/><T34/><D83/><U36/><E36/><V49/><F49/><W22/><G105/><T44/><D122/><U98/><E98/><V86/><F86/><W10/><G97/><T65/><D120/><U3/><E3/><V38/><F38/><W32/><G15/><T26/><D129/><U132/><E132/><V107/><F107/><W119/><G119/><T1/><D1/><U88/><E88/><V28/><F28/><AGARI ba="1,3" hai="20,27,28,42,43,53,56,62,73,76,81,92,96,100" machi="28" ten="30,3900,0" yaku="1,1,7,1,53,1" doraHai="33" doraHaiUra="106" who="1" fromWho="2" sc="270,0,230,72,230,-42,240,0" /><INIT seed="1,0,0,3,1,117" ten="270,302,188,240" oya="1" hai0="86,110,10,48,0,24,33,15,93,17,128,47,127" hai1="102,9,119,124,131,36,99,134,70,28,18,21,6" hai2="80,35,78,107,62,68,126,53,2,1,13,65,121" hai3="50,112,56,92,40,115,60,37,71,94,103,64,135"/><U5/><E70/><V39/><F107/><W29/><G29/><T90/><D110/><U77/><E36/><V97/><F35/><W73/><G73/><T118/><D118/><U105/><E119/><V7/><F39/><W132/><G103/><T51/><D127/><U100/><E124/><V104/><F126/><W41/><G94/><T3/><D128/><U98/><E131/><V8/><F121/><W111/><G92/><T25/><D51/><U123/><E134/><N who="3" m="51242" /><G111/><T66/><D66/><U74/><E123/><V54/><F104/><W42/><G37/><T20/><D33/><U120/><E120/><V30/><F30/><W67/><G67/><T19/><D25/><U89/><E28/><V23/><F97/><W72/><G72/><T4/><D4/><U96/><E74/><V106/><F106/><W49/><G71/><T55/><AGARI ba="0,0" hai="0,3,10,15,17,19,20,24,47,48,55,86,90,93" machi="55" ten="20,1500,0" yaku="0,1,7,1" doraHai="117" who="0" fromWho="0" sc="270,15,302,-7,188,-4,240,-4" /><INIT seed="2,0,0,0,1,47" ten="285,295,184,236" oya="2" hai0="35,1,48,44,96,92,45,12,78,0,23,29,101" hai1="116,15,85,25,108,129,130,81,7,66,79,5,13" hai2="80,70,133,22,112,87,31,2,90,34,8,93,77" hai3="72,71,122,127,26,114,27,19,123,37,115,16,124"/><V119/><F112/><N who="3" m="43051" /><G37/><T91/><D35/><U65/><E116/><V58/><F119/><W103/><G71/><T33/><D33/><U6/><E108/><V104/><F70/><W38/><G38/><T110/><D110/><U109/><E109/><V54/><F104/><W36/><G36/><T111/><D111/><U62/><E25/><N who="3" m="9226" /><G103/><T126/><D126/><N who="3" m="48169" /><G72/><T43/><D78/><U20/><E66/><V94/><F34/><W100/><G100/><T88/><D29/><U76/><E65/><V28/><F94/><W17/><AGARI ba="0,0" hai="16,17,19,122,123" m="48169,9226,43051" machi="17" ten="40,12000,2" yaku="28,2,11,1,18,1,34,2,54,1" doraHai="47" who="3" fromWho="3" sc="285,-30,295,-30,184,-60,236,120" /><INIT seed="3,0,0,3,2,119" ten="255,265,124,356" oya="3" hai0="0,1,103,73,132,124,135,6,56,125,18,35,134" hai1="84,31,123,50,52,88,10,117,33,2,13,111,16" hai2="51,126,7,70,108,32,116,62,27,90,121,115,97" hai3="12,78,40,81,98,99,65,120,114,58,85,66,55"/><W21/><G114/><T112/><D103/><U110/><E117/><V17/><F115/><W87/><G120/><T4/><D112/><U68/><E68/><V8/><F116/><W93/><G40/><T9/><D73/><U3/><E123/><V5/><F108/><N who="1" m="41513" /><E31/><V37/><F37/><W67/><G87/><T22/><D56/><N who="1" m="32791" /><E33/><V92/><F126/><N who="0" m="48746" /><D35/><U130/><E130/><V38/><F38/><W43/><G43/><T11/><D22/><U105/><E105/><V53/><F121/><W63/><REACH who="3" step="1"/><G93/><AGARI ba="0,0" hai="2,3,10,13,16,84,88,93" m="32791,41513" machi="93" ten="30,7700,0" yaku="14,1,54,3" doraHai="119" who="1" fromWho="3" sc="255,0,265,77,124,0,356,-77" /><INIT seed="4,0,0,0,4,24" ten="255,342,124,279" oya="0" hai0="3,45,2,131,4,62,129,22,12,91,19,69,134" hai1="109,26,99,37,135,82,78,0,67,72,123,55,42" hai2="49,122,114,9,88,30,28,56,94,17,125,66,121" hai3="36,29,52,25,41,77,75,63,124,103,54,20,50"/><T104/><D104/><U113/><E123/><V85/><F114/><W76/><G124/><T106/><D106/><U60/><E109/><V6/><F125/><W11/><G103/><T31/><D45/><U5/><E55/><V51/><F17/><W127/><G127/><T101/><D101/><U95/><E113/><V70/><F70/><W110/><G110/><T16/><D91/><U47/><E135/><V39/><F39/><W15/><G36/><T90/><D90/><U92/><E99/><V68/><F68/><W58/><G75/><T71/><D134/><U44/><E44/><V13/><F122/><W1/><G1/><N who="0" m="11" /><D62/><U35/><E26/><V8/><F8/><W79/><G41/><T100/><D100/><U126/><E126/><V102/><F102/><W40/><G40/><T34/><D4/><U96/><E96/><V133/><F133/><W93/><G93/><T107/><D107/><U61/><E35/><V73/><F73/><W18/><G76/><T80/><D80/><U130/><E61/><N who="2" m="38183" /><F121/><W33/><G33/><T112/><D112/><U74/><E74/><V83/><F83/><W118/><G118/><T32/><D32/><U27/><E72/><V43/><F43/><W120/><G120/><T108/><D108/><U7/><E82/><V21/><F21/><W119/><G119/><T98/><D98/><U117/><E117/><V116/><F116/><W10/><G10/><N who="0" m="6167" /><D71/><U128/><E37/><V81/><F81/><W64/><G54/><T57/><D69/><AGARI ba="0,0" hai="11,15,18,20,25,29,50,52,58,63,64,69,77,79" machi="69" ten="30,3900,0" yaku="7,1,52,1,54,1" doraHai="24" who="3" fromWho="0" sc="255,-39,342,0,124,0,279,39" /><INIT seed="5,0,0,0,4,84" ten="216,342,124,318" oya="1" hai0="43,28,33,123,132,83,82,19,37,127,131,59,121" hai1="30,38,39,119,63,23,79,71,101,10,24,81,13" hai2="75,60,112,44,2,12,110,64,48,130,26,4,14" hai3="86,129,65,7,72,106,16,69,89,66,91,9,46"/><U125/><E119/><V52/><F110/><W108/><G108/><T6/><D127/><U95/><E125/><V15/><F75/><W36/><G72/><T120/><D132/><U17/><E71/><V73/><F73/><W107/><G129/><T5/><D131/><U34/><E63/><V56/><F130/><W88/><G86/><T57/><D19/><U74/><E101/><V111/><F111/><W41/><G16/><T96/><D96/><U62/><E62/><V99/><F112/><W94/><G94/><T22/><D22/><U51/><E95/><V102/><F26/><W20/><G20/><T40/><D33/><U128/><E128/><V109/><F109/><W50/><G36/><T134/><D28/><U53/><REACH who="1" step="1"/><E34/><REACH who="1" ten="216,332,124,318" step="2"/><V47/><F2/><W97/><G69/><T18/><D123/><U67/><E67/><V114/><F114/><W78/><G106/><T133/><D120/><U68/><E68/><V49/><F4/><W8/><G7/><T55/><D121/><U113/><E113/><V103/><REACH who="2" step="1"/><F99/><REACH who="2" ten="216,332,114,318" step="2"/><W122/><G122/><T0/><D6/><U58/><AGARI ba="0,2" hai="10,13,17,23,24,30,38,39,51,53,58,74,79,81" machi="58" ten="20,7800,0" yaku="1,1,0,1,7,1,53,1" doraHai="84" doraHaiUra="54" who="1" fromWho="1" sc="216,-26,332,98,114,-26,318,-26" /><INIT seed="5,1,0,3,4,128" ten="190,430,88,292" oya="1" hai0="70,20,124,17,110,116,118,52,107,39,26,59,53" hai1="71,105,15,50,83,18,101,134,10,13,120,127,5" hai2="119,42,21,125,48,130,115,57,112,113,56,44,29" hai3="12,87,8,79,49,19,64,98,109,3,22,16,99"/><U74/><E120/><V68/><F119/><W27/><G109/><T38/><D110/><U1/><E127/><V96/><F68/><W93/><G3/><T85/><D107/><U131/><E131/><V122/><F130/><W91/><G64/><T6/><D70/><U51/><E71/><V86/><F122/><W24/><G79/><T7/><D124/><U114/><E114/><V11/><F125/><W72/><G72/><T78/><D78/><U94/><E105/><V34/><F34/><W47/><REACH who="3" step="1"/><G27/><REACH who="3" ten="190,430,88,282" step="2"/><T45/><D118/><U73/><E74/><V81/><F11/><W76/><G76/><T32/><D26/><U117/><E73/><V135/><F135/><W58/><G58/><T25/><D25/><U100/><E1/><V33/><F57/><W92/><G92/><T60/><D59/><U89/><E117/><V0/><F56/><W46/><G46/><T28/><D45/><U88/><E94/><V9/><F0/><W61/><G61/><T106/><D60/><U77/><E134/><V2/><F9/><W4/><G4/><T67/><D6/><U36/><E5/><V80/><F2/><W55/><AGARI ba="1,1" hai="8,12,16,19,22,24,47,49,55,87,91,93,98,99" machi="55" ten="20,8000,1" yaku="1,1,0,1,7,1,8,1,54,1,53,0" doraHai="128" doraHaiUra="111" who="3" fromWho="3" sc="190,-21,430,-41,88,-21,282,93" /><INIT seed="6,0,0,1,3,73" ten="169,389,67,375" oya="2" hai0="104,3,126,10,25,121,57,45,13,117,115,14,63" hai1="112,88,76,0,128,135,43,22,123,18,85,53,96" hai2="99,9,31,91,61,69,83,134,86,110,40,8,44" hai3="89,133,84,64,108,78,101,60,75,116,127,111,12"/><V51/><F134/><W129/><G116/><T67/><D121/><U50/><E123/><V7/><F110/><W109/><G101/><T74/><D104/><U56/><E135/><V92/><F31/><W79/><G133/><T46/><D74/><U41/><E128/><V47/><F7/><W54/><G75/><T118/><D115/><U27/><E112/><V23/><F23/><W42/><G129/><T34/><D3/><U81/><E0/><V28/><F28/><W65/><G42/><T82/><D126/><U87/><E96/><V94/><F94/><AGARI ba="0,0" hai="18,22,27,41,43,50,53,56,76,81,85,87,88,94" machi="94" ten="30,7700,0" yaku="7,1,8,1,52,1,54,1" doraHai="73" who="1" fromWho="2" sc="169,0,389,77,67,-77,375,0" owari="169,-23.0,466,56.0,-10,-51.0,375,18.0" /></mjloggm>