<mjloggm ver="2.3"><GO type="169" lobby="0"/><UN n0="%E5%A4%A7%E6%A5%A0%E5%85%AC" n1="%E3%83%89%E3%83%A9%EF%BC%91%EF%BC%92%EF%BC%90%EF%BC%85" n2="%E3%82%82%E3%83%BC%E3%82%8A%E3%83%BC" n3="%E3%83%8F%E3%83%9E%E3%83%BC" dan="16,17,16,17" rate="2169.65,2238.04,2190.06,2149.81" sx="M,M,M,M"/><TAIKYOKU oya="0"/><INIT seed="0,0,0,5,4,53" ten="250,250,250,250" oya="0" hai0="103,6,94,75,81,120,2,67,29,97,39,78,124" hai1="69,116,64,112,130,22,114,95,42,93,60,89,10" hai2="36,16,20,33,82,86,127,129,35,3,18,119,80" hai3="126,63,105,65,74,58,17,70,37,121,44,101,133"/><T32/><D120/><U123/><E123/><V8/><F36/><W135/><G121/><T12/><D124/><U54/><E116/><V83/><F119/><W96/><G126/><T91/><D12/><U73/><E73/><V27/><F127/><W41/><G74/><T117/><D117/><U118/><E118/><V47/><F129/><W134/><REACH who="3" step="1"/><G17/><REACH who="3" ten="250,250,250,240" step="2"/><T52/><D75/><U98/><E114/><V84/><F18/><W61/><G61/><T46/><D32/><U23/><E112/><V56/><F35/><W21/><G21/><T87/><D29/><U26/><E23/><V106/><F33/><W34/><G34/><T57/><D6/><U77/><E22/><V110/><F110/><W131/><G131/><T19/><D19/><U38/><E60/><V49/><F106/><W108/><G108/><T5/><D5/><U66/><E130/><V14/><F3/><W72/><G72/><T25/><D2/><U28/><E28/><V7/><REACH who="2" step="1"/><F56/><AGARI ba="0,1" hai="37,41,44,56,58,63,65,70,96,101,105,133,134,135" machi="56" ten="40,8000,1" yaku="1,1,20,1,52,2,53,0" doraHai="53" doraHaiUra="15" who="3" fromWho="2" sc="250,0,250,0,250,-80,240,90" /><INIT seed="1,0,0,4,2,128" ten="250,250,170,330" oya="1" hai0="39,127,35,134,120,112,90,14,52,28,109,103,89" hai1="84,69,40,5,113,55,4,123,32,22,118,100,82" hai2="81,33,50,66,101,10,64,12,60,99,83,74,94" hai3="95,57,130,54,8,58,6,91,88,29,125,122,37"/><U51/><E32/><V0/><F0/><W126/><G122/><T76/><D14/><U92/><E123/><V53/><F33/><W18/><G37/><T34/><D103/><U107/><E107/><V25/><F74/><W38/><G38/><T45/><D76/><U56/><E69/><V116/><F116/><W16/><G29/><T71/><D28/><U87/><E113/><V135/><F25/><W68/><G68/><T102/><D102/><U86/><E40/><V44/><F135/><W65/><G65/><T62/><D62/><U96/><E118/><V110/><F110/><W111/><G91/><T93/><D93/><U43/><E43/><V11/><F11/><W121/><G111/><T106/><D52/><U124/><E124/><N who="3" m="47722" /><G130/><T61/><D61/><U70/><E70/><V30/><F30/><W77/><G77/><T67/><D45/><U114/><E114/><V115/><F115/><W59/><G54/><T19/><D19/><U97/><E97/><V108/><F108/><W36/><G36/><T41/><D67/><N who="2" m="25642" /><F60/><W132/><G132/><T117/><D41/><U24/><REACH who="1" step="1"/><E82/><REACH who="1" ten="250,240,170,330" step="2"/><V47/><F47/><W119/><G119/><T1/><D117/><U48/><E48/><V3/><F3/><N who="3" m="95" /><G121/><T46/><D120/><U2/><E2/><V75/><F75/><W129/><G129/><T23/><D1/><U20/><E20/><V98/><F98/><AGARI ba="0,1" hai="16,18,57,58,59,88,95,98" m="95,47722" machi="98" ten="30,3900,0" yaku="18,1,54,2" doraHai="128" who="3" fromWho="2" sc="250,0,240,0,170,-39,330,49" /><INIT seed="2,0,0,2,3,135" ten="250,240,131,379" oya="2" hai0="65,109,29,132,114,33,86,118,85,98,63,131,116" hai1="84,61,34,106,58,36,127,83,99,41,110,38,27" hai2="101,22,43,32,37,108,13,68,111,103,100,64,123" hai3="54,92,95,5,90,113,62,56,55,102,117,128,73"/><V105/><F32/><W10/><G117/><T23/><D132/><U20/><E34/><V129/><F105/><W112/><G73/><T16/><D114/><N who="3" m="44137" /><G102/><T1/><D1/><U122/><E41/><V31/><F123/><W14/><G128/><T19/><D131/><U76/><E110/><N who="2" m="42027" /><F129/><W107/><G107/><T52/><D109/><U51/><E51/><V78/><F78/><W40/><G40/><T47/><D33/><U120/><E99/><V81/><F81/><W97/><G92/><T9/><D98/><U94/><E94/><V42/><F37/><W124/><G124/><T79/><D29/><U88/><E106/><V35/><F35/><W66/><AGARI ba="0,0" hai="5,10,14,54,55,56,62,66,90,95,97" m="44137" machi="66" ten="30,1100,0" yaku="11,1" doraHai="135" who="3" fromWho="3" sc="250,-3,240,-3,131,-5,379,11" /><INIT seed="3,0,0,3,4,63" ten="247,237,126,390" oya="3" hai0="62,103,94,60,61,80,86,117,64,102,25,17,0" hai1="28,120,109,6,118,18,16,108,95,125,59,2,88" hai2="75,101,85,81,14,91,113,114,66,107,7,32,83" hai3="44,41,30,56,92,119,21,72,11,97,98,93,36"/><W31/><G72/><T42/><D117/><U100/><E118/><V37/><F32/><W58/><G119/><T1/><D42/><U110/><E120/><V29/><F29/><W47/><G21/><N who="0" m="13487" /><D0/><U53/><E100/><N who="0" m="38441" /><D1/><U129/><E129/><V104/><F37/><W27/><G41/><T99/><D99/><N who="1" m="57831" /><E28/><V131/><F131/><W40/><G40/><T79/><D94/><U128/><E128/><V111/><F111/><W4/><G27/><T19/><D19/><U12/><E2/><V68/><F7/><W13/><G4/><T8/><D8/><N who="1" m="4119" /><E125/><V55/><F104/><W123/><G11/><T121/><D121/><U50/><AGARI ba="0,0" hai="16,18,50,53,59,108,109,110" m="4119,57831" machi="50" ten="30,4000,0" yaku="14,1,54,2" doraHai="63" who="1" fromWho="1" sc="247,-10,237,40,126,-10,390,-20" /><INIT seed="4,0,0,5,0,17" ten="237,277,116,370" oya="0" hai0="83,135,118,111,128,102,22,53,54,49,85,69,47" hai1="129,116,23,9,34,97,55,10,38,106,59,6,74" hai2="31,61,56,36,63,125,46,101,70,100,39,133,35" hai3="131,28,112,7,96,93,104,79,29,75,119,72,2"/><T14/><D118/><U71/><E34/><V13/><F35/><W120/><G119/><T107/><D69/><U64/><E38/><V114/><F114/><W91/><G112/><T25/><D135/><U110/><E74/><V127/><F31/><W99/><G2/><T113/><D113/><U26/><E110/><V0/><F0/><W89/><G7/><T82/><D128/><U132/><E132/><V52/><F133/><W66/><G66/><T16/><D111/><U117/><E71/><V44/><F101/><N who="3" m="62527" /><G28/><T105/><D102/><U130/><E64/><N who="2" m="41247" /><F100/><N who="3" m="60431" /><G29/><T98/><D98/><U62/><E97/><V68/><F13/><W12/><G12/><T20/><D82/><U37/><E37/><N who="2" m="14411" /><F68/><W19/><G19/><N who="0" m="12511" /><D105/><U51/><E106/><V124/><AGARI ba="0,0" hai="44,46,52,56,61,124,125,127" m="14411,41247" machi="124" ten="40,8000,1" yaku="18,1,34,2,54,1" doraHai="17" who="2" fromWho="2" sc="237,-40,277,-20,116,80,370,-20" /><INIT seed="5,0,0,2,5,34" ten="197,257,196,350" oya="1" hai0="31,28,119,43,78,24,0,99,42,127,124,7,37" hai1="106,109,69,51,75,3,87,19,107,135,56,121,53" hai2="115,85,21,90,92,61,91,65,30,66,10,82,96" hai3="113,57,77,112,134,104,70,117,38,81,79,41,97"/><U129/><E75/><V125/><F125/><N who="0" m="48202" /><D119/><U100/><E121/><V1/><F115/><W46/><G117/><T8/><D78/><U114/><E114/><N who="3" m="44138" /><G70/><T93/><D37/><U16/><E69/><V67/><F10/><W123/><G134/><T98/><D98/><U47/><E135/><V15/><F1/><W80/><G57/><T44/><D44/><U71/><E71/><V36/><F36/><W18/><G18/><T14/><D14/><U89/><E3/><V32/><F32/><W63/><G79/><T5/><D5/><U49/><E129/><V132/><F132/><W6/><G6/><T20/><D31/><U128/><E128/><V116/><F116/><W73/><G77/><T55/><D55/><U76/><E76/><V12/><F61/><W122/><G63/><T86/><D86/><U54/><E109/><V9/><REACH who="2" step="1"/><F9/><REACH who="2" ten="197,257,186,350" step="2"/><W83/><G73/><T40/><D40/><U118/><E118/><V120/><F120/><W60/><G60/><T13/><D0/><U29/><E51/><V27/><AGARI ba="0,1" hai="12,15,21,27,30,65,66,67,82,85,90,91,92,96" machi="27" ten="30,4000,0" yaku="1,1,0,1,8,1,53,0" doraHai="34" doraHaiUra="4" who="2" fromWho="2" sc="197,-10,257,-20,186,50,350,-10" /><INIT seed="6,0,0,1,4,30" ten="187,237,236,340" oya="2" hai0="34,95,12,45,82,29,5,105,117,66,1,86,37" hai1="70,112,24,6,81,53,25,114,18,126,134,109,56" hai2="107,75,72,55,41,9,94,65,2,97,59,135,21" hai3="79,23,77,8,62,120,17,50,14,27,119,40,84"/><V104/><F65/><W46/><G120/><T67/><D105/><U87/><E70/><V91/><F41/><W92/><G119/><T113/><D117/><U110/><E6/><V127/><F127/><W3/><G3/><T64/><D1/><U39/><E39/><V28/><F135/><W90/><REACH who="3" step="1"/><G62/><REACH who="3" ten="187,237,236,330" step="2"/><T96/><D113/><U36/><E114/><V124/><F124/><W101/><G101/><T61/><D61/><U130/><E112/><V98/><F2/><W57/><G57/><T42/><D5/><AGARI ba="0,1" hai="5,8,14,17,23,27,40,46,50,77,79,84,90,92" machi="5" ten="30,3900,0" yaku="1,1,7,1,8,1,53,0" doraHai="30" doraHaiUra="122" who="3" fromWho="0" sc="187,-39,237,0,236,0,330,49" /><INIT seed="7,0,0,2,1,17" ten="148,237,236,379" oya="3" hai0="32,84,128,117,101,70,5,126,120,64,48,74,133" hai1="94,44,79,49,111,35,47,31,39,2,106,61,23" hai2="88,52,86,13,124,38,112,122,63,108,20,72,56" hai3="14,16,65,36,54,29,11,67,123,83,46,119,127"/><W6/><G119/><T30/><D84/><U60/><E106/><V115/><F108/><W125/><G123/><T68/><D48/><U76/><E35/><V69/><F122/><W113/><G29/><T135/><D5/><U26/><E2/><V27/><F38/><W45/><G113/><N who="2" m="43593" /><F124/><W51/><G83/><T1/><D101/><U66/><E39/><V110/><F110/><W21/><G45/><N who="1" m="17482" /><E111/><V59/><F72/><W90/><G90/><T99/><D99/><U96/><E49/><V42/><F42/><W87/><G87/><T107/><D64/><U82/><E82/><N who="2" m="49239" /><F13/><W78/><G14/><T43/><D30/><U118/><E118/><V0/><F0/><W3/><G3/><T131/><D43/><U132/><E132/><V8/><F8/><W41/><G41/><T81/><D81/><U134/><E134/><V116/><F116/><W62/><G11/><T105/><D117/><U19/><E31/><V93/><F93/><W80/><BYE who="2" /><G80/><T97/><D97/><U91/><E66/><V114/><F114/><W25/><G67/><T92/><D1/><U89/><E89/><V10/><F10/><W12/><G65/><T130/><D130/><U73/><E73/><V33/><F33/><W57/><G51/><UN n2="%E3%82%82%E3%83%BC%E3%82%8A%E3%83%BC" /><T85/><D85/><U53/><E53/><N who="2" m="34191" /><F69/><W37/><G125/><T40/><D40/><U4/><E4/><V98/><F98/><W104/><G6/><T95/><D32/><U102/><E102/><V50/><F27/><W58/><G25/><T100/><D74/><U15/><E26/><V55/><F55/><W109/><G54/><RYUUKYOKU ba="0,0" sc="148,-15,237,15,236,15,379,-15" hai1="15,19,23,60,61,76,79,91,94,96" hai2="20,50,52,59" owari="133,-37.0,252,5.0,251,-15.0,364,47.0" /></mjloggm>