<mjloggm ver="2.3"><GO type="169" lobby="0"/><UN n0="%E3%81%8B%E3%81%A5%E3%81%8D%EF%BC%B8%EF%BC%A9" n1="%E3%83%AB%E3%82%A2%E3%82%B4%E3%82%A4%E3%83%95" n2="%6D%61%73%79" n3="%74%65%6E%6B%65%79%33" dan="16,17,16,16" rate="2084.67,2100.16,2070.47,2088.50" sx="M,M,M,M"/><TAIKYOKU oya="0"/><INIT seed="0,0,0,1,5,57" ten="250,250,250,250" oya="0" hai0="62,24,34,77,18,56,22,111,35,19,55,29,14" hai1="7,82,59,1,104,26,46,6,50,109,48,8,123" hai2="45,125,113,128,61,64,73,132,13,91,30,94,105" hai3="76,95,72,12,0,129,63,96,133,98,71,36,37"/><T89/><D111/><U115/><E123/><V38/><F113/><W120/><G0/><T118/><D118/><U101/><E109/><V86/><F125/><W20/><G120/><T27/><D77/><U44/><E115/><V5/><F30/><W121/><G121/><T74/><D74/><U124/><E124/><V114/><F114/><W9/><G20/><T3/><D3/><U107/><E7/><V31/><F31/><W135/><G129/><T68/><D68/><U28/><E82/><V127/><F73/><W75/><G98/><T32/><REACH who="0" step="1"/><D89/><REACH who="0" ten="240,250,250,250" step="2"/><U16/><E1/><V79/><F127/><W11/><G76/><T39/><D39/><U93/><E101/><V49/><F79/><W83/><G37/><T119/><D119/><U102/><E102/><V117/><F128/><W108/><G36/><T103/><D103/><U88/><E88/><V69/><F117/><W112/><G75/><T78/><D78/><U25/><E107/><V53/><F105/><W126/><G72/><T47/><D47/><U106/><E104/><V60/><F38/><W43/><G108/><T80/><D80/><U4/><E106/><V10/><F132/><W67/><G135/><T84/><D84/><U134/><E134/><V110/><F110/><W122/><G133/><T17/><D17/><U33/><E16/><V87/><F86/><W97/><G122/><T92/><D92/><U42/><E93/><V66/><F69/><W65/><G71/><T100/><D100/><U131/><E46/><V40/><F40/><W116/><G43/><T58/><D58/><U99/><E59/><RYUUKYOKU ba="0,1" sc="240,15,250,-15,250,15,250,-15" hai0="14,18,19,22,24,27,29,32,34,35,55,56,62" hai2="5,10,13,45,49,53,60,61,64,66,87,91,94" /><INIT seed="0,1,1,1,2,87" ten="255,235,265,235" oya="0" hai0="68,120,59,57,72,10,81,15,7,24,101,122,77" hai1="131,62,49,69,2,47,119,110,114,109,14,78,70" hai2="8,130,76,63,134,89,80,67,93,71,53,125,124" hai3="96,108,86,112,0,111,25,36,42,73,20,64,30"/><T33/><D68/><U90/><E2/><V4/><F130/><W126/><G73/><T52/><D101/><U54/><E119/><V60/><F134/><W128/><G128/><T16/><D57/><U34/><E131/><V38/><F38/><W82/><G112/><T95/><D95/><U18/><E114/><V35/><F35/><W84/><G0/><T92/><D92/><U45/><E34/><V104/><F104/><W83/><G64/><T56/><D56/><U55/><E78/><V102/><F53/><W39/><G96/><T31/><REACH who="0" step="1"/><D7/><REACH who="0" ten="245,235,265,235" step="2"/><U79/><E69/><V66/><F102/><W61/><G83/><T98/><D98/><U3/><E70/><V74/><F71/><W97/><G82/><T28/><D28/><U51/><E62/><AGARI ba="1,2" hai="10,15,16,24,31,33,52,59,62,72,77,81,120,122" machi="62" ten="30,11600,0" yaku="1,1,7,1,54,2,53,0" doraHai="87" doraHaiUra="1" who="0" fromWho="1" sc="245,139,235,-119,265,0,235,0" /><INIT seed="0,2,0,4,0,98" ten="384,116,265,235" oya="0" hai0="129,73,56,118,2,112,68,94,66,10,78,71,84" hai1="108,58,104,17,75,117,59,6,79,102,14,30,82" hai2="19,39,50,87,65,24,81,77,51,134,97,42,48" hai3="52,57,32,1,110,80,70,92,35,49,74,33,22"/><T37/><D37/><U9/><E117/><V18/><F134/><W95/><G70/><T107/><D107/><U11/><E108/><V43/><F65/><W53/><G110/><T25/><D112/><U96/><REACH who="1" step="1"/><E30/><REACH who="1" ten="384,106,265,235" step="2"/><V23/><F39/><W45/><G1/><AGARI ba="2,1" hai="1,6,9,11,14,17,58,59,75,79,82,96,102,104" machi="1" ten="30,7700,0" yaku="1,1,2,1,7,1,52,1,53,0" doraHai="98" doraHaiUra="88" who="1" fromWho="3" sc="384,0,106,93,265,0,235,-83" /><INIT seed="1,0,0,2,3,113" ten="384,199,265,152" oya="1" hai0="103,43,35,52,6,49,100,4,71,3,45,84,82" hai1="42,101,121,89,124,130,116,51,12,13,88,54,118" hai2="29,97,102,122,41,134,47,91,58,90,22,87,36" hai3="128,81,7,111,86,18,119,125,93,14,107,55,83"/><U94/><E121/><V40/><F122/><W59/><G107/><T2/><D35/><U76/><E42/><V115/><F115/><W1/><G111/><T99/><D71/><U39/><E39/><V69/><F69/><W123/><G123/><T109/><D109/><U31/><E31/><V33/><F33/><W112/><G112/><T64/><D64/><U17/><E101/><N who="0" m="38985" /><D3/><U8/><E130/><V67/><F91/><W34/><G128/><T95/><D2/><U131/><E131/><V74/><F74/><W48/><G34/><T65/><D65/><U77/><E124/><V19/><F29/><W80/><G125/><T61/><D95/><U56/><E13/><V105/><F47/><W73/><G1/><T66/><D99/><U60/><E60/><V133/><F36/><W78/><G7/><T98/><D98/><U129/><E129/><V110/><F58/><W104/><G104/><T62/><D43/><U79/><REACH who="1" step="1"/><E89/><REACH who="1" ten="384,189,265,152" step="2"/><V28/><F28/><W25/><G14/><T5/><D66/><U96/><AGARI ba="0,1" hai="8,12,17,51,54,56,76,77,79,88,94,96,116,118" machi="96" ten="30,18000,2" yaku="1,1,2,1,0,1,52,2,54,1,53,0" doraHai="113" doraHaiUra="20" who="1" fromWho="1" sc="384,-60,189,190,265,-60,152,-60" /><INIT seed="1,1,0,1,5,56" ten="324,379,205,92" oya="1" hai0="116,3,120,21,45,4,75,12,92,49,39,16,100" hai1="77,66,76,17,54,13,102,9,101,131,15,65,70" hai2="59,40,115,11,72,114,32,133,132,71,23,5,36" hai3="97,108,57,35,31,123,69,22,118,106,87,50,63"/><U121/><E121/><V8/><F32/><W68/><G123/><T94/><D75/><U52/><E131/><V130/><F71/><W33/><G108/><T53/><D39/><U14/><E9/><V129/><F72/><W89/><G118/><T28/><D116/><U25/><E25/><V126/><F40/><W127/><G127/><T1/><D120/><U103/><E17/><V47/><F47/><W98/><G22/><T19/><D28/><U107/><E107/><V95/><F95/><W41/><G69/><T58/><D4/><U81/><E70/><V119/><F36/><W83/><G68/><T62/><D19/><U79/><REACH who="1" step="1"/><E81/><REACH who="1" ten="324,369,205,92" step="2"/><V42/><F119/><W67/><G106/><T20/><D20/><U86/><E86/><V44/><F129/><W18/><G18/><T109/><D109/><U85/><E85/><V82/><F130/><W117/><G117/><T27/><D27/><U104/><E104/><V135/><F82/><W99/><G31/><T43/><REACH who="0" step="1"/><D94/><REACH who="0" ten="314,369,205,92" step="2"/><U88/><E88/><V46/><F11/><W84/><G89/><T29/><D29/><U0/><E0/><V111/><F111/><W51/><G83/><T113/><D113/><U105/><E105/><V64/><F115/><W134/><G35/><T34/><D34/><U61/><E61/><N who="2" m="37951" /><F114/><W10/><G33/><T2/><D2/><U7/><E7/><V78/><F5/><W110/><G110/><T48/><D48/><U125/><E125/><V96/><F126/><W128/><G50/><T30/><D30/><U26/><E26/><V60/><F60/><W37/><G128/><RYUUKYOKU ba="1,2" sc="314,15,369,15,205,-15,92,-15" hai0="1,3,12,16,21,43,45,49,53,58,62,92,100" hai1="13,14,15,52,54,65,66,76,77,79,101,102,103" /><INIT seed="1,2,2,2,0,19" ten="329,384,190,77" oya="1" hai0="50,92,31,73,86,15,127,56,71,47,133,54,9" hai1="44,22,99,53,129,38,2,66,67,124,114,43,36" hai2="68,76,25,120,87,58,126,59,103,39,123,30,52" hai3="82,34,55,85,0,46,93,121,106,105,122,130,37"/><U104/><E2/><V65/><F68/><W11/><G34/><T91/><D71/><U131/><E104/><V41/><F126/><W111/><G111/><T26/><D73/><U101/><E114/><V88/><F41/><W119/><G119/><T1/><D1/><U90/><E90/><V27/><F39/><W94/><G130/><N who="1" m="49674" /><E124/><V24/><F103/><W74/><G74/><T28/><D133/><U35/><E35/><V61/><F76/><W70/><G70/><T60/><D127/><U84/><E36/><V42/><F42/><W110/><G37/><T7/><REACH who="0" step="1"/><D26/><REACH who="0" ten="319,384,190,77" step="2"/><U3/><E3/><V81/><REACH who="2" step="1"/><F30/><REACH who="2" ten="319,384,180,77" step="2"/><W21/><G110/><T134/><D134/><U98/><E38/><V16/><F16/><W128/><G128/><T5/><D5/><U12/><E43/><AGARI ba="2,4" hai="7,9,15,28,31,43,47,50,54,56,60,86,91,92" machi="43" ten="30,7700,0" yaku="1,1,7,1,8,1,53,1" doraHai="19" doraHaiUra="80" who="0" fromWho="1" sc="319,123,384,-83,180,0,77,0" /><INIT seed="2,0,0,5,5,88" ten="442,301,180,77" oya="2" hai0="56,12,64,19,30,91,115,37,68,46,118,86,69" hai1="25,16,9,80,42,4,32,123,113,117,72,59,15" hai2="126,77,10,93,45,11,120,94,66,133,127,135,27" hai3="73,116,111,62,21,38,98,51,54,90,8,134,109"/><V74/><F120/><W97/><G116/><T3/><D3/><U75/><E117/><V81/><F66/><W87/><G73/><T84/><D84/><U106/><E113/><V60/><F60/><W112/><G112/><T47/><D30/><U99/><E123/><V31/><F45/><W125/><G38/><T71/><D115/><U2/><E42/><V43/><F43/><W35/><G35/><T110/><D110/><N who="3" m="41993" /><G125/><N who="2" m="47625" /><F10/><W20/><G62/><T79/><D79/><U128/><E128/><V65/><F65/><W13/><G134/><N who="2" m="51209" /><F11/><W52/><G54/><T28/><D47/><U48/><E59/><V96/><F96/><N who="3" m="36971" /><G8/><T131/><D46/><U44/><E44/><V61/><F61/><W57/><G13/><T95/><D37/><U50/><E15/><V114/><F114/><W67/><G67/><T55/><D64/><U100/><E32/><AGARI ba="0,0" hai="27,31,32,74,77,81,93,94" m="51209,47625" machi="32" ten="30,11600,0" yaku="18,1,20,1,52,2" doraHai="88" who="2" fromWho="1" sc="442,0,301,-116,180,116,77,0" /><INIT seed="2,1,0,5,3,58" ten="442,185,296,77" oya="2" hai0="16,89,135,15,70,5,39,8,125,74,64,83,85" hai1="111,66,12,94,44,14,2,95,96,36,69,51,17" hai2="102,29,45,91,122,104,21,120,54,121,56,62,113" hai3="101,30,82,33,118,68,79,124,35,4,76,117,43"/><V88/><F113/><W99/><G124/><T34/><D39/><U75/><E2/><V59/><F104/><W9/><G68/><T10/><D74/><U3/><E3/><V133/><F133/><W78/><G82/><T109/><D34/><U13/><E75/><V7/><F102/><W115/><G115/><T24/><D109/><U127/><E111/><V81/><F7/><W46/><G118/><T126/><D135/><U31/><E127/><N who="0" m="48649" /><D64/><U84/><E31/><V48/><F59/><W77/><G117/><T53/><D70/><U114/><E36/><V107/><F107/><W37/><N who="3" m="19456" /><DORA hai="28" /><W106/><REACH who="3" step="1"/><G30/><REACH who="3" ten="442,185,296,67" step="2"/><T123/><D83/><U108/><E69/><V67/><F81/><W93/><G93/><T27/><D123/><U6/><E95/><V105/><F105/><W134/><G134/><T61/><D89/><U0/><E94/><V23/><F29/><W41/><G41/><T72/><D72/><U38/><E114/><V49/><F91/><W55/><G55/><T42/><D42/><U90/><E90/><V52/><F88/><W98/><G98/><T132/><D132/><U57/><E96/><V100/><F100/><W112/><G112/><T92/><D92/><U129/><E108/><V63/><F67/><W71/><G71/><T87/><D87/><U97/><E84/><V18/><F121/><W40/><G40/><T50/><D85/><U110/><E66/><V130/><F122/><W25/><G25/><T11/><D27/><U32/><E97/><V19/><F120/><W103/><G103/><T86/><D86/><U22/><E110/><RYUUKYOKU ba="1,1" sc="442,-10,185,-10,296,-10,67,30" hai3="4,9,33,35,37,43,46,99,101,106" /><INIT seed="3,2,1,2,3,88" ten="432,175,286,97" oya="3" hai0="75,130,11,71,121,38,97,40,131,33,89,118,128" hai1="26,19,36,87,15,99,107,25,62,34,82,29,112" hai2="67,125,80,133,70,56,54,135,7,127,105,91,92" hai3="90,129,50,57,3,44,83,45,10,58,119,76,4"/><W65/><G129/><T0/><D71/><U74/><E112/><V61/><F105/><W116/><G90/><T104/><D33/><U31/><E36/><V132/><F80/><W47/><G58/><T12/><D75/><U2/><E2/><V72/><F72/><W37/><G37/><T59/><D0/><U6/><E6/><V77/><F7/><W86/><REACH who="3" step="1"/><G50/><REACH who="3" ten="432,175,286,87" step="2"/><T134/><D59/><U52/><E62/><AGARI ba="2,2" hai="3,4,10,44,45,47,57,62,65,76,83,86,116,119" machi="62" ten="40,3900,0" yaku="1,1,2,1,53,0" doraHai="88" doraHaiUra="85" who="3" fromWho="1" sc="432,0,175,-45,286,0,87,65" /><INIT seed="3,3,0,5,2,92" ten="432,130,286,152" oya="3" hai0="15,124,81,90,126,109,70,50,123,108,33,29,57" hai1="132,86,103,118,18,74,30,63,13,87,52,114,10" hai2="134,27,91,59,85,125,117,51,67,106,89,77,98" hai3="97,32,7,46,14,39,75,79,84,26,48,65,12"/><W78/><G39/><T58/><D70/><U43/><E114/><V36/><F36/><W83/><G65/><T34/><D15/><U21/><E132/><V20/><F117/><W2/><G2/><T95/><D81/><U41/><E118/><V23/><F134/><W100/><G75/><T101/><D101/><U5/><E74/><V115/><F125/><N who="0" m="48234" /><D123/><U102/><E30/><V11/><F11/><W6/><G79/><T133/><D133/><U112/><E112/><V66/><F20/><W110/><G110/><N who="0" m="42603" /><D29/><U73/><E73/><V38/><F115/><W4/><G26/><T131/><D131/><U80/><E102/><V93/><F27/><W107/><REACH who="3" step="1"/><G32/><REACH who="3" ten="432,130,286,142" step="2"/><N who="0" m="12395" /><D50/><U8/><E103/><V62/><F51/><W49/><G49/><T128/><D128/><U68/><E68/><V113/><F38/><W96/><G96/><AGARI ba="3,1" hai="57,58,90,95,96" m="12395,42603,48234" machi="96" ten="40,5200,0" yaku="18,1,14,1,52,1" doraHai="92" who="0" fromWho="3" sc="432,71,130,0,286,0,142,-61" /><INIT seed="4,0,0,4,3,34" ten="503,130,286,81" oya="0" hai0="128,86,18,110,102,47,132,7,26,129,63,3,23" hai1="9,125,118,130,2,69,89,120,61,66,14,35,29" hai2="60,41,72,76,25,88,1,117,75,71,107,0,105" hai3="79,90,116,111,91,104,16,83,126,74,56,50,96"/><T48/><D110/><U112/><E118/><V87/><F117/><W19/><G116/><T124/><D124/><U115/><E120/><V108/><F108/><W32/><G111/><T80/><D102/><U81/><E125/><V68/><F41/><W101/><G126/><T22/><D63/><U99/><E130/><N who="0" m="50281" /><D132/><U54/><E54/><V46/><F46/><W33/><G33/><T106/><D106/><U21/><E81/><V70/><F60/><W39/><G32/><T82/><D23/><U95/><E21/><V36/><F36/><W45/><G39/><T84/><D84/><U24/><REACH who="1" step="1"/><E2/><REACH who="1" ten="503,120,286,81" step="2"/><V94/><F1/><W134/><G134/><T77/><D82/><U20/><E20/><V119/><F0/><W13/><G56/><T55/><D3/><U12/><E12/><V122/><F122/><W27/><G27/><T78/><D78/><U64/><E64/><V10/><F25/><W28/><G28/><T37/><D37/><U98/><E98/><V100/><F70/><W44/><G44/><T133/><D133/><U30/><E30/><V17/><F71/><W103/><G13/><T11/><D11/><U135/><E135/><V40/><F68/><W92/><G45/><T114/><D114/><U62/><E62/><V58/><F58/><W51/><G51/><T85/><D85/><U93/><E93/><V121/><F119/><W49/><G50/><T53/><D55/><U123/><E123/><V127/><F121/><W65/><G49/><T113/><D113/><U5/><AGARI ba="0,1" hai="5,9,14,24,29,35,61,66,69,89,95,99,112,115" machi="5" ten="30,2000,0" yaku="1,1,0,1,53,0" doraHai="34" doraHaiUra="38" who="1" fromWho="1" sc="503,-10,120,30,286,-5,81,-5" /><INIT seed="5,0,0,5,0,12" ten="493,150,281,76" oya="1" hai0="57,108,93,132,64,28,26,103,21,133,117,81,59" hai1="127,4,17,116,22,128,78,15,43,107,19,49,1" hai2="119,92,77,58,25,51,31,125,39,2,67,18,45" hai3="85,14,135,29,131,3,16,72,88,56,69,62,36"/><U101/><E116/><V27/><F119/><W40/><G72/><T124/><D108/><U106/><E78/><V11/><F39/><W24/><G3/><T60/><D124/><U121/><E121/><V91/><F125/><W111/><G111/><T97/><D117/><U10/><E127/><V53/><F77/><W5/><G69/><T118/><D118/><U63/><E128/><V130/><F130/><W123/><G131/><T102/><D81/><U109/><E109/><V76/><F76/><W129/><G129/><T95/><D57/><U115/><E115/><V55/><F67/><W100/><G123/><T90/><D103/><U94/><E63/><V74/><F74/><W110/><G110/><T65/><D65/><U79/><E79/><V122/><F31/><W120/><G120/><T54/><D54/><U50/><E94/><V6/><F18/><W87/><G5/><T86/><AGARI ba="0,0" hai="21,26,28,59,60,64,86,90,93,95,97,102,132,133" machi="86" ten="30,4000,0" yaku="0,1,25,2" doraHai="12" who="0" fromWho="0" sc="493,40,150,-20,281,-10,76,-10" /><INIT seed="6,0,0,2,5,132" ten="533,130,271,66" oya="2" hai0="96,80,32,35,36,126,82,131,102,44,7,67,31" hai1="116,94,12,38,53,24,75,109,48,78,90,19,91" hai2="47,84,22,39,72,60,9,135,73,26,20,18,79" hai3="3,40,49,106,46,120,71,85,37,0,93,101,108"/><V10/><F135/><W14/><G108/><T133/><D133/><U127/><E109/><V121/><F121/><W112/><BYE who="0" /><G120/><T56/><D56/><U59/><E116/><V64/><F72/><W62/><G14/><T125/><D125/><U122/><E122/><V11/><F73/><W8/><G112/><UN n0="%E3%81%8B%E3%81%A5%E3%81%8D%EF%BC%B8%EF%BC%A9" /><T123/><D123/><U1/><E127/><V23/><F39/><W87/><G93/><T5/><D126/><U74/><E1/><V110/><F47/><W70/><G49/><T81/><D67/><U113/><E113/><V21/><F110/><W29/><G29/><T43/><D131/><U2/><E2/><V77/><REACH who="2" step="1"/><F84/><REACH who="2" ten="533,130,261,66" step="2"/><W117/><G87/><T34/><REACH who="0" step="1"/><D31/><REACH who="0" ten="523,130,261,66" step="2"/><U83/><E75/><V25/><F25/><W68/><G117/><T92/><AGARI ba="0,2" hai="5,7,32,34,35,36,43,44,80,81,82,92,96,102" machi="92" ten="40,5200,0" yaku="1,1,2,1,0,1,53,0" doraHai="132" doraHaiUra="4" who="0" fromWho="0" sc="523,72,130,-13,261,-26,66,-13" /><INIT seed="7,0,0,3,1,70" ten="595,117,235,53" oya="3" hai0="114,109,89,9,72,44,111,61,78,105,80,25,102" hai1="39,93,117,131,32,65,8,126,120,69,21,0,67" hai2="14,124,6,62,128,63,101,104,91,58,30,43,94" hai3="16,37,54,15,81,31,35,87,125,100,132,74,133"/><W26/><G125/><T83/><D25/><U28/><E39/><V50/><F124/><W34/><G74/><T19/><D61/><U2/><E120/><V96/><F128/><W118/><G118/><T13/><D114/><U77/><E131/><V59/><F30/><W49/><G100/><T76/><D102/><U112/><E32/><V24/><F24/><W119/><G119/><T23/><D105/><U123/><E123/><V95/><F43/><W66/><G66/><T20/><D89/><U86/><E126/><V12/><F50/><W92/><G92/><T10/><D10/><U38/><E38/><V33/><F33/><W55/><G35/><T68/><D68/><U107/><E107/><V51/><F51/><W71/><G71/><T97/><D97/><U47/><E47/><V48/><F48/><W57/><G54/><T56/><D56/><N who="2" m="21546" /><F6/><W103/><G103/><T116/><D116/><U4/><E8/><V88/><F104/><W134/><G37/><T1/><D44/><U122/><E86/><N who="2" m="52503" /><F91/><W22/><REACH who="3" step="1"/><G134/><REACH who="3" ten="595,117,235,43" step="2"/><T135/><D135/><U27/><E112/><V60/><AGARI ba="0,1" hai="12,14,60,62,63,95,96,101" m="52503,21546" machi="60" ten="30,2000,0" yaku="8,1,54,1" doraHai="70" who="2" fromWho="2" sc="595,-5,117,-5,235,30,43,-10" owari="590,69.0,112,-29.0,265,7.0,33,-47.0" /></mjloggm>