<mjloggm ver="2.3"><GO type="185" lobby="0"/><UN n0="%E3%81%9F%E3%82%93%E3%82%86%E3%81%86" n1="%E3%81%97%E3%82%81%E3%81%98%E3%82%93" n2="%E3%83%A8%E3%82%A2%E3%83%88%E3%83%AB" n3="" dan="16,17,16,0" rate="2230.34,2258.85,2144.53,1500.00" sx="F,F,M,C"/><TAIKYOKU oya="0"/><INIT seed="0,0,0,2,5,129" ten="350,350,350,0" oya="0" hai0="37,49,80,125,133,71,128,51,90,114,55,121,3" hai1="83,35,79,39,127,58,34,54,130,102,85,116,115" hai2="101,69,32,70,78,118,38,104,108,75,1,135,82" hai3=""/><T99/><N who="0" m="31008" /><T98/><D3/><U46/><E116/><V111/><F1/><T106/><D37/><U91/><E130/><V61/><F118/><T124/><D128/><U92/><E127/><N who="0" m="48713" /><D114/><U89/><E115/><V110/><F32/><T65/><D51/><U131/><E131/><V63/><F38/><T62/><D106/><U107/><E39/><V81/><F81/><T119/><D119/><U105/><E46/><V53/><F53/><T77/><D90/><U113/><E91/><V95/><F95/><T84/><D133/><U56/><E113/><V100/><F135/><T0/><D0/><U40/><E107/><V103/><F104/><T112/><D112/><U50/><E40/><V86/><F86/><T87/><D87/><U109/><E34/><V72/><F72/><T48/><D48/><U94/><E35/><V33/><F33/><T64/><D64/><U122/><N who="1" m="31264" /><U60/><E105/><V57/><F57/><AGARI ba="0,0" hai="49,55,57,62,65,71,77,80,84,98,99" m="48713,31008" machi="57" ten="30,2900,0" yaku="18,1,52,1" doraHai="129" who="0" fromWho="2" sc="350,29,350,0,350,-29,0,0" /><INIT seed="0,1,0,2,3,51" ten="379,350,321,0" oya="0" hai0="129,32,104,39,134,70,119,92,81,101,110,50,52" hai1="69,79,107,99,73,83,118,93,94,103,91,78,55" hai2="86,71,114,87,64,56,2,67,48,89,1,72,34" hai3=""/><T37/><D32/><U45/><E69/><V57/><F72/><T53/><D104/><U115/><E45/><V68/><F48/><T111/><D119/><U90/><E55/><V44/><F44/><T63/><D81/><U108/><E118/><V97/><F97/><T131/><D134/><U54/><E54/><N who="0" m="21097" /><D50/><U121/><N who="1" m="31008" /><U61/><E61/><V96/><F96/><T117/><D92/><N who="1" m="35435" /><E115/><V66/><F89/><N who="1" m="33801" /><E108/><N who="0" m="41513" /><D101/><U130/><E130/><N who="0" m="49673" /><D117/><U74/><E78/><V123/><N who="2" m="31520" /><V65/><F114/><T33/><D33/><U84/><AGARI ba="1,0" hai="73,74,79,83,84,99,103,107" m="33801,35435,31008" machi="84" ten="30,9000,2" yaku="35,5,52,1" doraHai="51" who="1" fromWho="1" sc="379,-61,350,92,321,-31,0,0" /><INIT seed="1,0,0,2,5,125" ten="318,442,290,0" oya="1" hai0="69,95,97,88,134,114,3,1,57,73,129,59,52" hai1="111,58,133,122,104,41,61,45,80,108,2,109,54" hai2="98,96,102,71,93,33,126,36,40,47,75,70,63" hai3=""/><U112/><N who="1" m="31264" /><U81/><E112/><V127/><F33/><T86/><D69/><U94/><E104/><V115/><F115/><T89/><D114/><U64/><E133/><V67/><F75/><T56/><D73/><U83/><E2/><V105/><F71/><T90/><D134/><U49/><REACH who="1" step="1"/><E94/><REACH who="1" ten="318,432,290,0" step="2"/><V124/><REACH who="2" step="1"/><F124/><REACH who="2" ten="318,432,280,0" step="2"/><T74/><D1/><U100/><E100/><AGARI ba="0,2" hai="36,40,47,63,67,70,93,96,98,100,102,105,126,127" machi="100" ten="40,2600,0" yaku="1,1,2,1,53,0" doraHai="125" doraHaiUra="44" who="2" fromWho="1" sc="318,0,432,-26,280,46,0,0" /><INIT seed="2,0,0,4,5,118" ten="318,406,326,0" oya="2" hai0="90,106,123,128,67,36,1,2,74,38,60,37,58" hai1="96,101,32,79,124,85,105,44,127,120,0,94,80" hai2="56,34,53,131,92,135,121,77,125,84,40,52,64" hai3=""/><V65/><N who="2" m="31008" /><V73/><F34/><T116/><N who="0" m="31520" /><T112/><D116/><U51/><N who="1" m="30752" /><U103/><E32/><V87/><F40/><T133/><D74/><U89/><E0/><V78/><F73/><T95/><D106/><U46/><E103/><V33/><F33/><T99/><D112/><U113/><E113/><V54/><F131/><T102/><D128/><U68/><E68/><V41/><F41/><T119/><D119/><U122/><N who="1" m="31264" /><U69/><E69/><V132/><F125/><N who="1" m="48201" /><E51/><V71/><F56/><T88/><REACH who="0" step="1"/><D133/><REACH who="0" ten="308,406,326,0" step="2"/><N who="2" m="51274" /><F71/><T63/><D63/><U109/><E109/><V70/><F70/><T43/><D43/><U111/><E111/><V130/><F130/><T3/><AGARI ba="0,1" hai="1,2,3,36,37,38,58,60,67,88,90,95,99,102" m="31520" machi="3" ten="40,6000,1" yaku="1,1,0,1,52,2,54,1,53,0" doraHai="118" doraHaiUra="42" who="0" fromWho="0" sc="308,70,406,-20,326,-40,0,0" /><INIT seed="4,0,0,0,2,86" ten="378,386,286,0" oya="0" hai0="99,57,127,36,111,39,35,78,122,43,41,37,108" hai1="129,67,52,68,117,54,59,61,85,38,104,109,135" hai2="133,113,96,50,115,116,101,66,76,130,88,121,120" hai3=""/><T55/><N who="0" m="31264" /><T72/><D35/><U102/><E117/><V40/><N who="2" m="30752" /><V64/><N who="2" m="31008" /><V114/><F76/><T125/><D99/><U119/><E109/><N who="0" m="42057" /><D78/><U97/><E119/><V123/><N who="2" m="31520" /><V94/><F116/><T58/><D72/><U44/><E129/><V128/><F133/><T93/><D93/><U60/><E135/><V70/><F101/><T98/><D98/><U2/><E2/><V53/><F40/><N who="0" m="15434" /><D58/><U73/><E73/><V79/><F79/><T56/><D57/><U48/><E85/><V75/><F75/><T118/><D118/><U92/><REACH who="1" step="1"/><E38/><REACH who="1" ten="378,376,286,0" step="2"/><V46/><REACH who="2" step="1"/><F70/><REACH who="2" ten="378,376,276,0" step="2"/><T131/><D131/><AGARI ba="0,2" hai="46,50,53,64,66,88,94,96,113,114,115,128,130,131" m="31520,31008,30752" machi="131" ten="50,16000,3" yaku="1,1,2,1,15,1,19,1,52,4,54,1,53,0" doraHai="86" doraHaiUra="106" who="2" fromWho="0" sc="378,-160,376,0,276,180,0,0" /><INIT seed="5,0,0,5,0,68" ten="218,376,456,0" oya="1" hai0="121,85,73,47,132,59,131,33,69,96,91,127,80" hai1="70,72,126,39,84,41,123,79,0,67,74,89,44" hai2="99,38,58,125,62,111,90,106,122,50,45,97,60" hai3=""/><U124/><N who="1" m="31520" /><U53/><E0/><V81/><N who="2" m="31264" /><V105/><F111/><T46/><N who="0" m="31008" /><T116/><D33/><U57/><E79/><V52/><F38/><T92/><D69/><U66/><E74/><V77/><F106/><T107/><D116/><U114/><E72/><V108/><F125/><N who="1" m="48233" /><E70/><V3/><F3/><T61/><D127/><U36/><E36/><V1/><F105/><T71/><D71/><U135/><E114/><V130/><F108/><T64/><D131/><U65/><E84/><V86/><F130/><T109/><D109/><U101/><E89/><V98/><F1/><T35/><D35/><U104/><E104/><V120/><N who="2" m="30752" /><V34/><F34/><T110/><D110/><U82/><E82/><V103/><F103/><T115/><D115/><U113/><E101/><V118/><F118/><T129/><D129/><U48/><E113/><V95/><F62/><T134/><D107/><U128/><E128/><V133/><F133/><AGARI ba="0,0" hai="39,41,44,48,53,57,65,66,67,133,135" m="48233,31520" machi="133" ten="40,12000,1" yaku="18,1,34,2,52,2" doraHai="68" who="1" fromWho="2" sc="218,0,376,120,456,-120,0,0" /><INIT seed="5,1,0,0,1,105" ten="218,496,336,0" oya="1" hai0="55,75,69,3,100,109,44,51,73,93,77,99,1" hai1="65,101,66,95,116,2,133,118,63,111,76,59,123" hai2="110,37,104,82,121,124,81,84,53,70,131,89,0" hai3=""/><U113/><N who="1" m="31520" /><U91/><E2/><V34/><N who="2" m="31008" /><V112/><F0/><T67/><D109/><U61/><E111/><V49/><F110/><T103/><D77/><U134/><E76/><V94/><F37/><T132/><D132/><N who="1" m="50795" /><E101/><V83/><F104/><T127/><D127/><U41/><E113/><V117/><F70/><T115/><D115/><U125/><E125/><V78/><F112/><T85/><D100/><U42/><E91/><V56/><F124/><T35/><D35/><U130/><E95/><V71/><F71/><T43/><D85/><U120/><N who="1" m="30752" /><U97/><E97/><V52/><F34/><T87/><D87/><U96/><E96/><V48/><F117/><N who="1" m="45161" /><E130/><V128/><REACH who="2" step="1"/><F78/><REACH who="2" ten="218,496,326,0" step="2"/><T40/><D3/><U33/><E33/><V47/><AGARI ba="1,1" hai="47,48,49,52,53,56,81,82,83,84,89,94,128,131" m="31008" machi="47" ten="30,9000,2" yaku="1,1,2,1,0,1,52,1,54,1,53,2" doraHai="105" doraHaiUra="45" who="2" fromWho="2" sc="218,-31,496,-61,326,102,0,0" /><INIT seed="6,0,0,3,0,111" ten="187,435,428,0" oya="2" hai0="0,65,98,76,122,2,38,78,118,40,46,89,124" hai1="103,123,81,95,86,66,135,119,84,68,126,43,51" hai2="52,50,128,49,96,114,47,83,82,116,99,70,64" hai3=""/><V39/><F116/><T55/><N who="0" m="31264" /><T33/><D118/><U100/><N who="1" m="31520" /><U110/><E110/><V3/><F128/><T36/><D33/><U74/><E74/><V90/><F39/><T56/><D124/><U92/><E68/><V57/><F114/><T106/><D78/><U131/><E66/><V62/><F3/><T102/><D76/><U32/><E32/><V48/><F70/><T73/><D73/><U67/><E67/><V77/><F77/><T94/><D38/><U41/><E131/><V63/><F50/><T80/><D80/><N who="2" m="30762" /><F64/><T53/><D53/><U61/><E51/><V129/><F129/><T71/><D89/><U134/><E81/><V112/><F112/><T120/><N who="0" m="30752" /><T34/><D106/><U75/><E75/><V72/><F72/><T44/><D44/><U59/><E119/><V88/><F49/><T69/><D34/><U54/><E126/><V93/><F47/><T127/><D127/><U133/><E95/><AGARI ba="0,0" hai="48,52,57,62,63,88,90,93,95,96,99" m="30762" machi="95" ten="30,5800,0" yaku="8,1,54,2" doraHai="111" who="2" fromWho="1" sc="187,0,435,-58,428,58,0,0" owari="187,-41.0,377,-2.0,486,43.0,0,0.0" /></mjloggm>