<mjloggm ver="2.3"><GO type="225" lobby="0"/><UN n0="%E9%95%B7%E5%B3%B6%E3%83%B3%E3%82%AC%E3%83%B3" n1="%E5%B6%BA%E4%B8%8A%E5%92%B2" n2="%E5%A4%A7%E5%AE%AE%E5%BF%8D%76" n3="%E5%AE%89%E8%97%A4%E3%82%AB%E3%82%B1%E3%83%AB" dan="17,17,17,16" rate="2152.84,2218.09,2200.34,2073.01" sx="M,F,M,M"/><TAIKYOKU oya="0"/><INIT seed="0,0,0,1,5,118" ten="250,250,250,250" oya="0" hai0="74,106,7,61,59,88,1,23,111,109,121,56,37" hai1="78,116,15,105,25,16,24,3,67,84,128,89,71" hai2="76,50,26,20,102,10,19,119,12,49,14,13,108" hai3="30,107,38,55,90,80,62,110,63,135,48,100,35"/><T130/><D74/><U43/><E116/><V2/><F119/><W66/><G38/><T104/><D130/><U99/><E3/><V83/><F108/><N who="0" m="41546" /><D37/><U126/><E126/><V45/><F102/><W68/><G100/><T125/><D125/><U87/><E128/><V134/><F134/><W47/><G135/><T44/><D44/><U77/><E43/><V65/><F65/><W93/><G47/><T29/><D121/><U113/><E113/><V132/><F132/><W131/><G131/><T28/><D23/><N who="1" m="11679" /><E67/><V123/><F123/><W85/><G66/><N who="0" m="39207" /><D59/><U60/><E60/><V133/><F133/><W72/><G62/><T33/><D33/><U9/><E9/><V64/><F64/><W114/><G63/><T21/><D21/><U101/><E71/><V70/><F70/><W69/><G35/><T11/><D88/><U31/><E101/><V41/><F50/><W103/><G48/><T57/><D57/><U97/><E31/><AGARI ba="0,0" hai="1,7,11,28,29,31,104,106" m="39207,41546" machi="31" ten="30,2900,0" yaku="14,1,10,1" doraHai="118" who="0" fromWho="1" sc="250,29,250,-29,250,0,250,0" /><INIT seed="0,1,0,5,4,62" ten="279,221,250,250" oya="0" hai0="115,48,102,20,55,51,118,128,85,107,92,44,87" hai1="122,25,32,60,37,93,71,109,29,22,39,49,121" hai2="57,12,16,42,113,106,103,31,90,45,18,88,50" hai3="56,131,21,24,130,124,11,119,26,89,125,105,5"/><T94/><D118/><U65/><E109/><V78/><F113/><W33/><G105/><T3/><D115/><U84/><E121/><V67/><F31/><N who="3" m="19703" /><G56/><T19/><D128/><N who="3" m="49193" /><G89/><N who="2" m="34409" /><F106/><W4/><G119/><T13/><D107/><U83/><E122/><V66/><F103/><W35/><G35/><T63/><D102/><U91/><E49/><V6/><F78/><W77/><G77/><T98/><D51/><U101/><REACH who="1" step="1"/><E32/><REACH who="1" ten="279,211,250,250" step="2"/><V54/><F6/><N who="3" m="2667" /><G11/><T86/><D98/><AGARI ba="1,1" hai="22,25,29,37,39,60,65,71,83,84,91,93,98,101" machi="98" ten="40,2600,0" yaku="1,1,52,1,53,0" doraHai="62" doraHaiUra="120" who="1" fromWho="0" sc="279,-29,211,39,250,0,250,0" /><INIT seed="1,0,0,3,1,71" ten="250,250,250,250" oya="1" hai0="23,113,33,68,22,135,34,17,20,133,27,47,101" hai1="44,127,122,106,19,29,73,14,93,58,59,1,61" hai2="96,75,70,35,36,66,131,41,77,60,9,15,65" hai3="83,8,40,84,56,63,100,12,13,0,74,53,81"/><U118/><E106/><V94/><F35/><N who="0" m="13322" /><D68/><U69/><E1/><V3/><F131/><W115/><G115/><T89/><D89/><U130/><E118/><V51/><F66/><W129/><G129/><T103/><D47/><U11/><E130/><V108/><F108/><W109/><G109/><T46/><D46/><U32/><E73/><V97/><F51/><W124/><G40/><T31/><D113/><U64/><E122/><V125/><F125/><W4/><G124/><T45/><D45/><U116/><E116/><V110/><F110/><W72/><G100/><N who="0" m="38475" /><D31/><U107/><E107/><V128/><F128/><W87/><G74/><T114/><D114/><U119/><E119/><V99/><F3/><W134/><G72/><T62/><D62/><U104/><E104/><V91/><F41/><W79/><G63/><T78/><D78/><U57/><E127/><V120/><F120/><W28/><G79/><T88/><D88/><U6/><E69/><V86/><F75/><W54/><G0/><T111/><D111/><U55/><E32/><V26/><F77/><W18/><G28/><T5/><D5/><U37/><E29/><V98/><F98/><W38/><G4/><T50/><D50/><N who="1" m="29127" /><E6/><N who="2" m="3511" /><F26/><W132/><G13/><T7/><D7/><U10/><E10/><V42/><F42/><W2/><G8/><T80/><D80/><U92/><E92/><V112/><F112/><W105/><G83/><T39/><D39/><U24/><E37/><V90/><F36/><W117/><G38/><T121/><D121/><U49/><E93/><V102/><F91/><W95/><G2/><RYUUKYOKU ba="0,0" sc="250,15,250,-15,250,15,250,-15" hai0="17,20,22,23,27,133,135" hai2="60,65,70,86,90,94,96,97,99,102" /><INIT seed="2,1,0,3,4,125" ten="265,235,265,235" oya="2" hai0="121,133,90,44,99,63,128,73,31,38,129,93,53" hai1="55,42,14,86,4,54,48,111,98,97,50,25,64" hai2="19,6,35,131,23,37,96,118,1,77,9,83,87" hai3="124,16,28,32,45,13,123,108,22,107,41,43,10"/><V65/><F118/><W27/><G107/><T20/><D121/><U70/><E111/><V80/><F35/><W76/><G123/><T103/><D73/><U12/><E42/><V75/><F37/><W29/><G124/><T61/><D133/><U47/><E70/><V110/><F110/><W8/><G108/><T59/><D61/><U114/><E64/><V30/><F30/><W122/><G122/><T78/><D78/><U116/><E114/><V34/><F34/><W94/><G76/><T84/><D31/><U92/><E116/><V126/><F126/><W0/><G29/><T51/><D20/><U112/><E112/><V130/><F96/><N who="1" m="36969" /><E25/><V85/><F65/><W71/><G71/><T67/><REACH who="0" step="1"/><D38/><REACH who="0" ten="255,235,265,235" step="2"/><U119/><E119/><V72/><F72/><W74/><G74/><T58/><D58/><N who="1" m="33095" /><E4/><V117/><F117/><W106/><G32/><T17/><D17/><U39/><E39/><V102/><F102/><W88/><G16/><T89/><D89/><AGARI ba="1,1" hai="12,14,47,50,55,86,89,92" m="33095,36969" machi="89" ten="30,1000,0" yaku="8,1" doraHai="125" who="1" fromWho="0" sc="255,-13,235,23,265,0,235,0" /><INIT seed="3,0,0,2,5,93" ten="242,258,265,235" oya="3" hai0="129,110,123,99,94,44,21,28,24,105,88,107,118" hai1="51,45,122,65,36,33,115,103,73,18,69,116,29" hai2="26,10,67,55,4,7,41,39,86,70,47,31,23" hai3="49,27,133,100,87,50,52,98,53,89,15,11,113"/><W68/><G68/><T120/><D118/><U101/><E36/><V131/><F131/><W66/><G66/><T95/><D129/><U46/><E73/><V82/><F55/><W85/><G113/><T14/><D110/><U135/><E135/><V12/><F67/><W117/><G117/><T16/><D44/><U57/><E122/><V60/><F60/><W3/><G3/><T74/><D74/><U76/><E76/><V30/><F70/><W13/><G27/><T62/><D62/><U56/><E69/><V25/><F86/><W91/><G133/><T106/><REACH who="0" step="1"/><D95/><REACH who="0" ten="232,258,265,235" step="2"/><U40/><E45/><V83/><REACH who="2" step="1"/><F7/><REACH who="2" ten="232,258,255,235" step="2"/><W19/><G53/><T20/><AGARI ba="0,2" hai="14,16,20,21,24,28,88,94,99,105,106,107,120,123" machi="20" ten="30,12000,2" yaku="1,1,2,1,0,1,52,1,54,2,53,1" doraHai="93" doraHaiUra="90" who="0" fromWho="0" sc="232,140,258,-30,255,-30,235,-60" owari="372,46.0,228,3.0,225,-17.0,175,-32.0" /></mjloggm>