<mjloggm ver="2.3"><GO type="225" lobby="0"/><UN n0="%EF%BC%AE%EF%BC%AF%EF%BD%90%EF%BD%90%EF%BC%AF" n1="%E8%91%B5%E3%81%A1%E3%82%83%E3%82%93" n2="%E3%83%8B%E3%83%A3%E3%83%83%E3%83%94%E3%83%BC%E5%A4%8F%E7%9B%AE" n3="%E6%96%87%E8%B1%AA" dan="16,16,18,16" rate="2108.43,2153.35,2301.54,2073.07" sx="M,F,M,M"/><TAIKYOKU oya="0"/><INIT seed="0,0,0,3,4,96" ten="250,250,250,250" oya="0" hai0="130,99,98,77,57,34,10,58,2,112,5,97,119" hai1="122,95,125,90,134,91,23,111,42,24,103,73,68" hai2="88,129,27,20,113,26,17,114,76,131,101,14,135" hai3="32,69,40,37,51,35,128,65,132,0,60,4,104"/><T53/><D112/><N who="2" m="43114" /><F88/><W120/><G51/><T66/><D119/><U62/><E122/><V36/><F76/><W110/><G120/><T118/><D118/><U89/><E111/><V59/><F59/><W116/><G116/><T94/><D130/><N who="2" m="49674" /><F36/><W45/><G110/><T87/><D34/><N who="3" m="12841" /><G128/><T105/><D105/><U18/><E125/><V30/><F101/><W70/><G132/><T133/><D133/><U64/><E134/><V117/><F135/><W49/><G49/><T80/><D66/><U44/><E73/><V33/><F117/><W31/><G31/><T56/><REACH who="0" step="1"/><D53/><REACH who="0" ten="240,250,250,250" step="2"/><U48/><REACH who="1" step="1"/><E103/><AGARI ba="0,1" hai="2,5,10,56,57,58,77,80,87,94,97,98,99,103" machi="103" ten="40,7700,0" yaku="1,1,2,1,52,1,53,0" doraHai="96" doraHaiUra="86" who="0" fromWho="1" sc="240,87,250,-77,250,0,250,0" /><INIT seed="0,1,0,4,2,119" ten="327,173,250,250" oya="0" hai0="6,75,26,104,74,120,9,21,81,38,30,41,27" hai1="54,66,108,133,47,71,121,99,86,4,83,67,92" hai2="52,3,46,45,94,134,56,19,97,51,73,78,7" hai3="29,63,59,105,91,60,25,103,109,112,80,18,34"/><T98/><D120/><U12/><E121/><V76/><F134/><W1/><G112/><T135/><D135/><U11/><E133/><V8/><F19/><W61/><G1/><T79/><D27/><U40/><E108/><V2/><F2/><W13/><G109/><T43/><D75/><U102/><E71/><V117/><F117/><W89/><G80/><T16/><D30/><U130/><E54/><V50/><F73/><W125/><G125/><T126/><D126/><U5/><E5/><V24/><F24/><W70/><G59/><T42/><D104/><U20/><E20/><V95/><F95/><W62/><G103/><T96/><REACH who="0" step="1"/><D38/><REACH who="0" ten="317,173,250,250" step="2"/><U22/><E130/><V131/><F131/><W15/><G105/><T111/><D111/><U48/><REACH who="1" step="1"/><E22/><REACH who="1" ten="317,163,250,250" step="2"/><V35/><F35/><W58/><G70/><T127/><D127/><U37/><E37/><V118/><F118/><W88/><REACH who="3" step="1"/><G18/><REACH who="3" ten="317,163,250,240" step="2"/><T107/><D107/><U65/><E65/><AGARI ba="1,3" hai="13,15,25,29,34,58,60,61,62,63,65,88,89,91" machi="65" ten="40,5200,0" yaku="1,1,2,1,54,1,53,0" doraHai="119" doraHaiUra="122" who="3" fromWho="1" sc="317,0,163,-55,250,0,240,85" /><INIT seed="1,0,0,5,5,2" ten="317,108,250,325" oya="1" hai0="54,36,125,33,85,60,65,4,25,63,120,29,124" hai1="100,116,133,56,9,97,13,45,115,47,58,130,10" hai2="121,70,59,126,37,76,135,16,3,64,20,90,102" hai3="118,74,18,69,88,75,51,105,68,106,110,82,84"/><U7/><E116/><V111/><F121/><W1/><G1/><T53/><D120/><U89/><E115/><V44/><F111/><W41/><G18/><T22/><D36/><U108/><E108/><V30/><F135/><W50/><G110/><T6/><D33/><U31/><E130/><V66/><F70/><W127/><G127/><N who="0" m="48715" /><D85/><U27/><E133/><V32/><F3/><W28/><G28/><T55/><D63/><U73/><E73/><V46/><F126/><W5/><G84/><T11/><D11/><U43/><E89/><V104/><F76/><W131/><G82/><T101/><D101/><U128/><E128/><V35/><F30/><W96/><G96/><T61/><D60/><U12/><E58/><AGARI ba="0,0" hai="4,6,22,25,29,53,54,55,58,61,65" m="48715" machi="58" ten="30,3900,0" yaku="18,1,52,2" doraHai="2" who="0" fromWho="1" sc="317,39,108,-39,250,0,325,0" /><INIT seed="2,0,0,5,4,50" ten="356,69,250,325" oya="2" hai0="7,68,124,101,125,119,3,59,13,111,55,62,19" hai1="47,74,112,42,56,30,130,97,128,107,60,0,1" hai2="26,135,87,67,127,53,123,5,95,40,89,63,33" hai3="18,35,85,28,20,131,110,80,16,84,72,66,70"/><V121/><F135/><W32/><G72/><T69/><D111/><U27/><E27/><V9/><F127/><N who="0" m="48714" /><D119/><U126/><E126/><V12/><F40/><W71/><G66/><T81/><D101/><U43/><E43/><V24/><F53/><W11/><G28/><T14/><D14/><U88/><E112/><V91/><F91/><W34/><G131/><T10/><D81/><U133/><E130/><V106/><F106/><W76/><G85/><T86/><D86/><U117/><E117/><V116/><F116/><W82/><G82/><T122/><D122/><U36/><E36/><V29/><REACH who="2" step="1"/><F26/><REACH who="2" ten="356,69,240,325" step="2"/><W105/><G105/><T115/><D115/><U52/><E52/><V2/><F2/><W44/><G110/><T45/><D45/><U120/><E88/><V38/><F38/><W48/><G44/><T109/><D109/><U57/><E107/><V100/><F100/><W39/><G39/><T21/><AGARI ba="0,1" hai="3,7,10,13,19,21,55,59,62,68,69" m="48714" machi="21" ten="30,2000,0" yaku="18,1,52,1" doraHai="50" who="0" fromWho="0" sc="356,30,69,-5,240,-10,325,-5" /><INIT seed="3,0,0,3,0,98" ten="386,64,230,320" oya="3" hai0="119,60,28,8,77,85,41,131,92,75,116,27,118" hai1="5,24,133,94,132,66,11,51,42,70,35,79,73" hai2="124,38,30,127,47,86,19,12,122,82,129,101,91" hai3="69,80,48,120,9,45,23,103,67,33,117,115,63"/><W50/><G120/><T121/><D121/><U16/><E94/><V126/><F129/><W71/><G115/><T59/><D131/><U2/><E73/><V37/><F122/><W110/><G33/><T7/><D41/><U15/><E79/><V49/><F30/><W58/><G117/><T123/><D123/><U74/><E51/><V18/><F101/><W134/><G134/><T25/><D75/><U13/><E66/><V22/><REACH who="2" step="1"/><F19/><REACH who="2" ten="386,64,220,320" step="2"/><W95/><G110/><T64/><D28/><U72/><E70/><V68/><F68/><W17/><G69/><T96/><D119/><U43/><E72/><V29/><F29/><W109/><G109/><T46/><D118/><U65/><E74/><V84/><F84/><W36/><G71/><T20/><D85/><U93/><E65/><V55/><AGARI ba="0,1" hai="12,18,22,37,38,47,49,55,82,86,91,124,126,127" machi="55" ten="30,7900,0" yaku="1,1,0,1,18,1,53,1" doraHai="98" doraHaiUra="87" who="2" fromWho="2" sc="386,-20,64,-20,220,89,320,-39" owari="366,47.0,44,-46.0,309,11.0,281,-12.0" /></mjloggm>