<mjloggm ver="2.3"><GO type="169" lobby="0"/><UN n0="%E6%9C%A8%E6%BC%8F%E3%82%8C%E6%97%A5" n1="%E3%81%96%E3%82%8A%E3%81%8C%E3%81%AB%E3%81%8F%E3%82%93" n2="%E4%B8%83%E3%83%84%E6%98%9F%E3%83%9B%E3%82%AF%E3%82%B5%E3%82%A4" n3="%E3%81%8B%E3%81%A4%E3%81%A9%E3%82%93" dan="17,17,17,17" rate="2219.47,2231.04,2214.45,2254.28" sx="M,M,M,F"/><TAIKYOKU oya="0"/><INIT seed="0,0,0,3,5,55" ten="250,250,250,250" oya="0" hai0="62,86,112,8,74,30,41,6,111,60,93,87,127" hai1="124,23,0,82,13,57,98,2,75,123,27,33,91" hai2="58,26,107,44,70,113,40,81,72,83,101,28,59" hai3="52,135,97,64,106,76,96,46,18,105,132,5,4"/><T79/><D112/><U119/><E119/><V133/><F70/><W24/><G64/><T134/><D74/><U63/><E123/><V115/><F133/><N who="3" m="51275" /><G76/><T16/><D134/><U126/><E33/><V54/><F101/><W43/><G18/><T48/><D127/><N who="1" m="48683" /><E13/><V131/><F107/><N who="3" m="40971" /><G24/><T56/><D30/><N who="1" m="17791" /><E98/><N who="3" m="37994" /><G52/><N who="0" m="31751" /><D41/><U31/><E31/><V9/><F54/><W61/><G61/><T88/><D111/><U3/><E75/><V25/><F28/><W109/><G109/><T77/><D6/><U92/><E82/><V14/><F72/><W122/><G122/><T116/><D116/><U49/><E49/><AGARI ba="0,0" hai="4,5,43,46,49" m="37994,40971,51275" machi="49" ten="30,1000,0" yaku="20,1" doraHai="55" who="3" fromWho="1" sc="250,0,250,-10,250,0,250,10" /><INIT seed="1,0,0,4,4,112" ten="250,240,250,260" oya="1" hai0="36,47,120,56,96,77,79,40,102,104,103,94,11" hai1="16,105,38,41,44,0,110,66,121,13,101,100,58" hai2="130,61,14,132,92,133,49,115,124,37,109,45,54" hai3="1,80,51,24,117,35,113,84,76,33,12,22,72"/><U25/><E121/><V23/><F109/><W111/><G1/><T116/><D120/><U34/><E0/><V134/><F115/><W65/><G113/><T30/><D116/><U90/><E110/><V62/><F124/><W71/><G111/><T78/><D30/><U106/><E90/><V99/><F37/><W31/><G51/><T107/><D103/><U126/><E126/><V55/><F130/><W8/><G72/><T127/><D127/><U93/><E34/><V86/><F86/><W82/><G82/><T64/><REACH who="0" step="1"/><D11/><REACH who="0" ten="240,240,250,260" step="2"/><U73/><E101/><N who="2" m="60647" /><F55/><W42/><G117/><T60/><AGARI ba="0,1" hai="36,40,47,56,60,64,77,78,79,94,96,102,104,107" machi="60" ten="30,4000,0" yaku="1,1,0,1,53,1" doraHai="112" doraHaiUra="63" who="0" fromWho="0" sc="240,50,240,-20,250,-10,260,-10" /><INIT seed="2,0,0,5,3,26" ten="290,220,240,250" oya="2" hai0="3,68,23,48,51,99,101,95,115,31,32,59,123" hai1="75,113,119,5,25,118,102,17,135,84,16,107,112" hai2="28,7,63,47,8,53,41,18,98,52,124,80,54" hai3="56,15,30,129,35,1,122,45,10,44,91,12,100"/><V38/><F124/><W20/><G122/><T46/><D68/><U9/><E84/><V39/><F39/><W108/><G35/><T55/><D3/><U82/><E82/><V77/><F98/><W65/><G108/><T117/><D32/><U106/><E102/><V105/><F105/><W87/><G1/><T74/><D74/><U67/><E67/><V71/><F18/><N who="1" m="7273" /><E75/><V126/><F126/><W127/><G100/><T134/><D134/><U62/><E62/><V34/><F28/><W60/><G129/><T96/><D117/><N who="1" m="44555" /><E106/><V50/><F34/><W130/><G130/><T121/><D99/><U14/><E107/><V109/><F109/><W27/><G15/><T114/><D123/><U132/><E25/><V66/><F80/><N who="3" m="49639" /><G127/><T128/><D128/><U73/><E73/><V86/><F86/><W58/><G58/><T70/><D70/><U36/><E36/><V24/><F77/><W69/><G69/><T97/><D97/><U57/><E57/><N who="2" m="32919" /><F24/><W78/><G78/><T4/><D121/><U72/><E72/><V116/><F116/><W89/><G89/><T21/><D101/><U19/><N who="1" m="7281" /><AGARI ba="0,0" hai="10,12,19,20,27,30,44,45,56,60,65" m="49639" machi="19" ten="30,3900,0" yaku="3,1,8,1,52,1" doraHai="26" who="3" fromWho="1" sc="290,0,220,-39,240,0,250,39" /><INIT seed="3,0,0,2,5,58" ten="290,181,240,289" oya="3" hai0="96,13,54,10,125,107,64,55,79,124,37,103,110" hai1="16,88,132,1,102,81,113,86,116,59,126,122,14" hai2="4,130,11,66,91,119,98,118,44,38,115,42,7" hai3="100,92,8,33,85,133,134,121,77,40,104,135,106"/><W49/><G33/><T46/><D110/><U72/><E122/><V78/><F115/><W120/><G8/><T48/><D79/><U39/><E113/><V34/><F130/><W97/><G40/><T30/><D37/><U57/><E39/><V12/><F34/><W19/><G19/><T41/><D30/><U29/><E1/><V95/><F7/><W80/><REACH who="3" step="1"/><G49/><REACH who="3" ten="290,181,240,279" step="2"/><T105/><D41/><U114/><E114/><V75/><F66/><W99/><G99/><T25/><D64/><U0/><E16/><V36/><F36/><W101/><G101/><T108/><D103/><U109/><E102/><V47/><F44/><W43/><G43/><T111/><D96/><U3/><E116/><V87/><F38/><W53/><G53/><T69/><D55/><U50/><E50/><N who="2" m="26999" /><F75/><W24/><G24/><T17/><D25/><U82/><E72/><V23/><F23/><W45/><G45/><T94/><D54/><U32/><E32/><V73/><F73/><W52/><G52/><T93/><D48/><U28/><E28/><V89/><F119/><W15/><G15/><T90/><D46/><U9/><E14/><V68/><F118/><W129/><G129/><T67/><D13/><U6/><E29/><V127/><F127/><W51/><G51/><T83/><D125/><U123/><E9/><V27/><F27/><W84/><G84/><T22/><D124/><U65/><E86/><V112/><F112/><W117/><G117/><T31/><D10/><U35/><E35/><V20/><F11/><W60/><G60/><T131/><D131/><U76/><E126/><RYUUKYOKU ba="0,1" sc="290,-10,181,-10,240,-10,279,30" hai3="77,80,85,92,97,100,104,106,120,121,133,134,135" /><INIT seed="3,1,1,5,1,50" ten="280,171,230,309" oya="3" hai0="52,8,9,12,48,5,42,4,37,2,69,115,15" hai1="36,99,84,78,83,117,88,61,124,18,31,66,123" hai2="119,14,80,65,26,104,59,112,23,68,57,56,96" hai3="16,74,24,128,25,30,135,103,53,105,54,87,108"/><W107/><G74/><T97/><D69/><U60/><E123/><V44/><F112/><W28/><G128/><T6/><D115/><U114/><E114/><V29/><F119/><W21/><G135/><T85/><D37/><U90/><E36/><V32/><F80/><W93/><G108/><T62/><D2/><U13/><E124/><V7/><F44/><W125/><G125/><T102/><D85/><U71/><E117/><V43/><F43/><W98/><G107/><T77/><D77/><U129/><E129/><V92/><F104/><W133/><G133/><T121/><D62/><U116/><E116/><V34/><F68/><W17/><G105/><T70/><D70/><U47/><E31/><N who="3" m="11818" /><G87/><T55/><D6/><U110/><E110/><V10/><F34/><W89/><G103/><T64/><D64/><U81/><E61/><N who="2" m="38055" /><F32/><W91/><G91/><AGARI ba="1,1" hai="7,10,14,23,26,29,57,59,91,92,96" m="38055" machi="91" ten="30,1000,0" yaku="8,1" doraHai="50" who="2" fromWho="3" sc="280,0,171,0,230,23,309,-13" /><INIT seed="4,0,0,3,0,85" ten="280,171,253,296" oya="0" hai0="91,126,109,33,27,116,62,13,41,125,50,51,89" hai1="124,110,20,55,78,68,87,49,40,93,115,0,90" hai2="86,15,133,72,134,83,130,46,42,127,39,10,3" hai3="82,12,97,29,132,67,57,22,9,92,118,58,108"/><T107/><D116/><U24/><E110/><V5/><F127/><N who="0" m="48650" /><D107/><U28/><E124/><V54/><F130/><W53/><G108/><T96/><D109/><U44/><E115/><V19/><F54/><W61/><G118/><T31/><D96/><U35/><E0/><V32/><F32/><W1/><G1/><T45/><D62/><U4/><E4/><V59/><F59/><W119/><G132/><N who="2" m="50793" /><F72/><W47/><G119/><T23/><D51/><U84/><E68/><V8/><F86/><W123/><G123/><T121/><D121/><U103/><E103/><V81/><AGARI ba="0,0" hai="3,5,8,10,15,19,39,42,46,81,83" m="50793" machi="81" ten="30,1100,0" yaku="20,1" doraHai="85" who="2" fromWho="2" sc="280,-5,171,-3,253,11,296,-3" /><INIT seed="5,0,0,2,0,75" ten="275,168,264,293" oya="1" hai0="126,5,46,48,26,45,99,49,105,96,93,114,11" hai1="133,89,63,17,102,2,57,30,131,4,14,1,71" hai2="68,69,124,122,33,118,28,32,65,135,41,77,58" hai3="24,132,64,23,25,115,111,10,39,55,116,100,35"/><U73/><E131/><V72/><F58/><W94/><G111/><T95/><D105/><U16/><E133/><V15/><F15/><W121/><G121/><T86/><D114/><U123/><E123/><V120/><F41/><W37/><G64/><T9/><D86/><U134/><E134/><V61/><F135/><W82/><G132/><T60/><D26/><U88/><E71/><V76/><F72/><W27/><G35/><T92/><D60/><U83/><E30/><V125/><F61/><W13/><G23/><T74/><D74/><U29/><E29/><V67/><REACH who="2" step="1"/><F28/><REACH who="2" ten="275,168,254,293" step="2"/><W22/><G13/><T101/><D46/><U107/><E14/><V6/><F6/><W40/><G40/><T51/><D45/><U8/><E57/><V106/><F106/><W80/><G115/><T0/><D5/><U56/><E56/><V104/><F104/><W43/><G43/><T62/><D62/><U98/><E63/><V108/><F108/><W128/><G128/><T12/><D12/><U117/><E2/><V36/><F36/><W19/><G39/><T53/><D0/><U44/><E44/><V127/><F127/><W90/><G37/><T70/><D126/><U59/><E59/><V78/><F78/><W52/><G27/><T38/><D38/><U34/><E117/><AGARI ba="0,1" hai="32,33,65,67,68,69,76,77,117,118,120,122,124,125" machi="117" ten="25,12000,2" yaku="1,1,22,2,52,2,53,2" doraHai="75" doraHaiUra="119" who="2" fromWho="1" sc="275,0,168,-120,254,130,293,0" /><INIT seed="6,0,0,4,3,34" ten="275,48,384,293" oya="2" hai0="63,61,67,75,111,119,57,6,120,64,89,42,59" hai1="80,118,54,125,113,47,69,82,55,91,4,44,29" hai2="112,9,33,130,39,65,105,28,26,73,46,10,45" hai3="109,96,14,30,76,107,71,110,117,95,53,19,52"/><V66/><F130/><W27/><G107/><T133/><D75/><U108/><E69/><V90/><F112/><W81/><G71/><T83/><D111/><U3/><E29/><V16/><F105/><W129/><G117/><T87/><D120/><U99/><E99/><V0/><F73/><W93/><G129/><T37/><D133/><U48/><E4/><V97/><F45/><W116/><G116/><T106/><D106/><U1/><E118/><V58/><F46/><W17/><G95/><T12/><D119/><U5/><E5/><V121/><F39/><W38/><G38/><T23/><D37/><U49/><E91/><V127/><F121/><W126/><G126/><T115/><D115/><U84/><E84/><V78/><F78/><W60/><G19/><T31/><D42/><U51/><E51/><V135/><F127/><W11/><G60/><T72/><D72/><U35/><E35/><V24/><F135/><W134/><G134/><T123/><D123/><U128/><E128/><V79/><F79/><W15/><G15/><T36/><D36/><U20/><E20/><V18/><F0/><W40/><G40/><T74/><D74/><U41/><E41/><V2/><F2/><W13/><G13/><T124/><D124/><U132/><E125/><V25/><F33/><N who="3" m="20703" /><G110/><T7/><D12/><U85/><E132/><V94/><F28/><W62/><G62/><T103/><D103/><U70/><E70/><V131/><F131/><W122/><G109/><T86/><D86/><U100/><E108/><V101/><F101/><N who="3" m="60559" /><G122/><T92/><D92/><U104/><E113/><RYUUKYOKU ba="0,0" sc="275,15,48,-15,384,-15,293,15" hai0="6,7,23,31,57,59,61,63,64,67,83,87,89" hai3="11,14,17,52,53,76,81" /><INIT seed="7,1,0,4,1,84" ten="290,33,369,308" oya="3" hai0="18,124,117,79,118,132,27,56,73,82,91,83,85" hai1="112,25,105,88,128,125,131,104,72,114,34,43,115" hai2="129,21,75,10,98,26,17,48,99,76,5,133,90" hai3="68,86,134,77,42,0,16,87,58,55,70,101,23"/><W14/><G0/><T31/><D124/><U22/><E22/><V96/><F133/><W97/><G134/><T32/><D132/><U11/><E11/><V81/><F129/><W44/><G70/><T29/><D29/><U59/><E59/><V120/><F120/><W61/><G68/><T65/><REACH who="0" step="1"/><D18/><REACH who="0" ten="280,33,369,308" step="2"/><U15/><E15/><V119/><F119/><W33/><G33/><T111/><D111/><U3/><E3/><V106/><F106/><N who="1" m="41065" /><E25/><V107/><F107/><W110/><G110/><T108/><D108/><U78/><E43/><V127/><F127/><W80/><G101/><T51/><D51/><U113/><N who="1" m="28672" /><DORA hai="46" /><U122/><E34/><V130/><F130/><N who="1" m="49705" /><E125/><V66/><F48/><W93/><G16/><T121/><D121/><U109/><E109/><V2/><F66/><W12/><G61/><AGARI ba="1,1" hai="27,31,32,56,61,65,73,79,82,83,85,91,117,118" machi="61" ten="40,5200,0" yaku="1,1,52,1,53,1" doraHai="84,46" doraHaiUra="9,53" who="0" fromWho="3" sc="280,65,33,0,369,0,308,-55" owari="345,15.0,33,-47.0,369,47.0,253,-15.0" /></mjloggm>