<mjloggm ver="2.3"><GO type="169" lobby="0"/><UN n0="%E5%8D%83%E7%BE%BD%E9%B4%89" n1="%33%72%64%73%74%61%67%65" n2="%E3%81%8B%E3%81%8B%E3%81%8B%E3%81%8B" n3="%E5%B1%8A%E3%81%8B%E3%81%AA%E3%81%84%E6%81%8B" dan="17,18,16,16" rate="2228.08,2225.25,2136.44,2113.79" sx="F,M,M,M"/><TAIKYOKU oya="0"/><INIT seed="0,0,0,0,4,51" ten="250,250,250,250" oya="0" hai0="108,120,33,36,97,102,69,70,93,6,34,4,104" hai1="65,27,64,122,90,135,50,86,98,19,55,42,30" hai2="23,54,127,89,44,20,125,57,81,60,124,9,85" hai3="87,76,48,24,130,133,41,1,11,77,10,43,109"/><T101/><D120/><U71/><E122/><V119/><F119/><W46/><G130/><T45/><D93/><U107/><E42/><V95/><F44/><W131/><G131/><T123/><D123/><U18/><E135/><V63/><F63/><W79/><G133/><T75/><D75/><U37/><E37/><V116/><F116/><W25/><G109/><T8/><D108/><U28/><E98/><V56/><F56/><W84/><G1/><T29/><D102/><U111/><E107/><V53/><F53/><W49/><G77/><T38/><D6/><U100/><E100/><V105/><F105/><W39/><G39/><T74/><D74/><U5/><E5/><V3/><F3/><W67/><G67/><N who="1" m="25674" /><E71/><V92/><F9/><W83/><G83/><T118/><D118/><U129/><E129/><V80/><F80/><W0/><G0/><N who="0" m="7" /><D29/><N who="1" m="11371" /><E27/><V134/><F134/><W66/><G66/><T68/><D38/><U110/><E110/><V113/><F113/><W52/><G46/><T26/><D26/><U16/><E111/><V82/><F82/><W106/><G106/><T121/><D121/><U13/><E13/><V73/><REACH who="2" step="1"/><F92/><REACH who="2" ten="250,250,240,250" step="2"/><W15/><G15/><T115/><D115/><U47/><E47/><V132/><F132/><W40/><G43/><AGARI ba="0,1" hai="33,34,36,43,45,68,69,70,97,101,104" m="7" machi="43" ten="30,2900,0" yaku="33,2" doraHai="51" who="0" fromWho="3" sc="250,39,250,0,240,0,250,-29" /><INIT seed="0,1,0,0,2,126" ten="289,250,240,221" oya="0" hai0="40,82,52,17,67,48,18,78,97,104,12,37,131" hai1="25,108,16,44,65,30,122,129,23,98,70,34,15" hai2="43,31,105,124,71,60,3,39,38,32,120,58,102" hai3="5,76,106,47,64,27,13,77,66,57,135,91,42"/><T85/><D131/><U86/><E122/><V72/><F58/><W127/><G106/><T24/><D67/><U89/><E108/><V11/><F72/><W68/><G68/><T111/><D111/><U7/><E98/><N who="2" m="61655" /><F124/><W84/><G27/><T133/><D133/><U99/><E99/><V63/><F63/><W33/><G33/><T100/><D24/><U123/><E123/><V132/><F132/><W20/><G135/><T69/><D69/><U103/><E103/><V121/><F31/><W101/><G101/><T14/><D40/><U35/><E7/><N who="2" m="1535" /><F32/><W6/><G57/><T2/><D2/><U74/><E74/><V10/><F10/><W118/><G5/><T29/><D29/><U62/><E129/><V115/><F115/><W116/><G6/><T55/><D37/><N who="2" m="13834" /><F43/><W9/><G9/><T107/><D107/><U94/><E44/><V130/><F130/><W59/><G47/><T128/><D128/><U119/><E35/><V95/><F95/><W46/><G46/><T1/><D1/><U93/><REACH who="1" step="1"/><E94/><REACH who="1" ten="289,240,240,221" step="2"/><V125/><F125/><W134/><G127/><T75/><D75/><U49/><E49/><V56/><F121/><W117/><G134/><T53/><REACH who="0" step="1"/><D48/><REACH who="0" ten="279,240,240,221" step="2"/><U112/><E112/><V19/><F120/><W80/><G117/><AGARI ba="1,2" hai="15,16,23,25,30,34,62,65,70,86,89,93,117,119" machi="117" ten="40,5200,0" yaku="1,1,54,1,53,1" doraHai="126" doraHaiUra="61" who="1" fromWho="3" sc="279,0,240,75,240,0,221,-55" /><INIT seed="1,0,0,3,1,4" ten="279,315,240,166" oya="1" hai0="23,66,18,51,50,37,33,7,8,127,87,97,44" hai1="90,13,76,36,47,81,98,88,26,32,116,3,34" hai2="57,120,15,117,49,85,96,94,107,40,56,77,128" hai3="0,24,12,39,106,9,53,67,6,30,132,105,42"/><U1/><E116/><V111/><F120/><W68/><G132/><T43/><D33/><U114/><E114/><V108/><F107/><W72/><G53/><T22/><D127/><U101/><E3/><V119/><F15/><W48/><G48/><T91/><D97/><U60/><E1/><V115/><F57/><W31/><G31/><T65/><D51/><U28/><E34/><V102/><F115/><W21/><G72/><T83/><D37/><U80/><E60/><V71/><F71/><W63/><REACH who="3" step="1"/><G12/><REACH who="3" ten="279,315,240,156" step="2"/><N who="0" m="5151" /><D23/><U121/><E13/><AGARI ba="0,1" hai="13,18,22,43,44,50,65,66,83,87,91" m="5151" machi="13" ten="30,2000,0" yaku="8,1,52,1" doraHai="4" who="0" fromWho="1" sc="279,30,315,-20,240,0,156,0" /><INIT seed="2,0,0,2,3,98" ten="309,295,240,156" oya="2" hai0="116,19,115,123,35,48,78,21,47,52,25,51,135" hai1="3,128,16,59,97,122,22,18,64,82,1,108,100" hai2="74,27,55,120,32,54,121,68,73,77,45,50,93" hai3="31,72,7,79,114,67,60,44,58,106,8,34,70"/><V57/><F68/><W43/><G114/><T126/><D126/><U85/><E108/><V75/><F77/><W107/><G58/><T29/><D135/><U63/><E128/><V109/><F109/><W103/><G31/><T94/><D116/><U4/><E122/><V24/><F93/><W40/><G34/><T87/><D123/><U130/><E130/><V71/><F71/><W10/><G10/><T30/><D115/><U90/><E4/><V69/><F69/><W33/><G33/><T41/><D35/><U28/><E28/><V113/><F113/><W86/><G86/><T83/><REACH who="0" step="1"/><D94/><REACH who="0" ten="299,295,240,156" step="2"/><U6/><E6/><V11/><F121/><W12/><G107/><T133/><D133/><U14/><E18/><V65/><F120/><W39/><G106/><AGARI ba="0,1" hai="1,3,14,16,22,59,63,64,82,85,90,97,100,106" machi="106" ten="30,3900,0" yaku="7,1,52,1,54,1" doraHai="98" who="1" fromWho="3" sc="299,0,295,49,240,0,156,-39" /><INIT seed="3,0,0,3,4,51" ten="299,344,240,117" oya="3" hai0="83,77,124,1,92,29,103,41,57,96,36,62,84" hai1="75,43,99,52,70,114,61,47,123,104,60,106,125" hai2="55,117,49,86,134,91,113,122,4,50,100,34,5" hai3="82,17,20,6,15,121,111,58,97,13,78,110,23"/><W135/><G121/><T3/><D124/><U88/><E123/><V132/><F122/><W46/><G46/><T119/><D119/><U38/><E114/><V10/><F113/><W32/><G32/><T35/><D36/><U120/><E75/><V24/><F100/><W66/><G97/><T44/><D35/><U59/><E120/><V40/><F40/><W130/><G130/><T63/><D63/><U56/><E70/><V12/><F117/><W67/><G135/><N who="2" m="51753" /><F4/><W22/><G6/><T53/><REACH who="0" step="1"/><D29/><REACH who="0" ten="289,344,240,117" step="2"/><U107/><E125/><V65/><F65/><W85/><G67/><T18/><D18/><U81/><E106/><V14/><F49/><W0/><G0/><T80/><D80/><U16/><E16/><V112/><F112/><W102/><G17/><T54/><D54/><U131/><E81/><N who="2" m="49615" /><F34/><W101/><G13/><T126/><D126/><U28/><E28/><V108/><F24/><W31/><G31/><T79/><D79/><U30/><E30/><V45/><F108/><N who="3" m="41515" /><G15/><AGARI ba="0,1" hai="5,10,12,14,15,45,50,55" m="49615,51753" machi="15" ten="30,2000,0" yaku="20,1,52,1" doraHai="51" who="2" fromWho="3" sc="289,0,344,0,240,30,117,-20" /><INIT seed="4,0,0,4,2,86" ten="289,344,270,97" oya="0" hai0="125,70,123,73,107,26,44,68,116,64,41,19,30" hai1="35,62,51,83,108,130,87,120,128,77,29,56,2" hai2="102,134,52,91,99,119,38,122,28,133,15,23,94" hai3="118,65,57,75,54,110,60,74,53,101,121,67,8"/><T7/><D116/><U111/><E120/><V5/><F122/><W11/><G121/><T48/><D123/><U63/><E2/><V117/><F38/><W6/><G118/><N who="2" m="45065" /><F28/><W92/><G110/><T61/><D125/><U18/><E51/><V78/><F5/><W14/><G11/><T90/><D73/><U131/><E18/><N who="2" m="10719" /><F78/><W55/><G65/><T71/><D7/><U1/><E1/><V114/><F114/><W45/><G45/><T82/><D19/><U129/><E129/><V88/><F52/><W89/><REACH who="3" step="1"/><G101/><REACH who="3" ten="289,344,270,87" step="2"/><T58/><D64/><U106/><E111/><V49/><F49/><W97/><AGARI ba="0,1" hai="6,8,14,53,54,55,57,60,67,74,75,89,92,97" machi="97" ten="30,8000,1" yaku="1,1,2,1,0,1,52,1,53,1" doraHai="86" doraHaiUra="10" who="3" fromWho="3" sc="289,-40,344,-20,270,-20,87,90" /><INIT seed="5,0,0,0,4,48" ten="249,324,250,177" oya="1" hai0="81,102,132,62,104,113,87,2,125,15,63,35,121" hai1="85,13,91,61,106,95,79,122,36,46,56,66,28" hai2="11,58,34,25,89,10,40,19,90,120,14,93,77" hai3="124,55,38,5,75,83,64,29,1,127,26,57,65"/><U20/><E122/><V53/><F120/><W126/><G38/><T115/><D2/><U12/><E106/><V112/><F112/><N who="0" m="43082" /><D35/><U103/><E103/><V27/><F40/><W33/><G75/><T44/><D121/><U105/><E105/><V108/><F108/><W60/><REACH who="3" step="1"/><G83/><REACH who="3" ten="249,324,250,167" step="2"/><T52/><D81/><N who="1" m="47295" /><E36/><V97/><F77/><W70/><G70/><T99/><D132/><U3/><E3/><V80/><F34/><W94/><G94/><T71/><D71/><U134/><E134/><V42/><F42/><W109/><G109/><T129/><D104/><U119/><E95/><V82/><F82/><W130/><G130/><T98/><D129/><U131/><E131/><V50/><F80/><W6/><G6/><T47/><D125/><U54/><E119/><V9/><REACH who="2" step="1"/><F89/><REACH who="2" ten="249,324,240,167" step="2"/><W21/><G21/><AGARI ba="0,2" hai="9,10,11,14,19,21,25,27,50,53,58,90,93,97" machi="21" ten="40,8000,1" yaku="1,1,2,1,8,1,52,1,53,0" doraHai="48" doraHaiUra="69" who="2" fromWho="3" sc="249,0,324,0,240,100,167,-80" /><INIT seed="6,0,0,0,2,80" ten="249,324,340,87" oya="2" hai0="70,33,74,90,58,91,35,47,44,18,14,117,102" hai1="51,69,87,123,36,13,1,119,78,104,31,129,73" hai2="25,131,41,127,19,88,39,133,121,55,2,125,85" hai3="86,71,99,115,65,132,21,61,26,29,24,120,82"/><V77/><F121/><W63/><G120/><T45/><D70/><U95/><E1/><V109/><F2/><W126/><G132/><T17/><D74/><U5/><E36/><V30/><F77/><W38/><G126/><N who="2" m="48137" /><F131/><W81/><G38/><T62/><D102/><U122/><E119/><V40/><F133/><W64/><G115/><T34/><D117/><U0/><E0/><V68/><F68/><W135/><G135/><T124/><D124/><U100/><E69/><V6/><F6/><W108/><G108/><T15/><D15/><U101/><E101/><V128/><F128/><W94/><G63/><T111/><D111/><U96/><E129/><V59/><F19/><W75/><G65/><T27/><D27/><U83/><E31/><V67/><F67/><W116/><G116/><T134/><D134/><U48/><E123/><V16/><F39/><W53/><G53/><T43/><D43/><U118/><E118/><V54/><F54/><W106/><G106/><T79/><D79/><U20/><E122/><V4/><F4/><W103/><G75/><T32/><N who="0" m="8192" /><DORA hai="112" /><T22/><REACH who="0" step="1"/><D17/><REACH who="0" ten="239,324,340,87" step="2"/><N who="1" m="10287" /><E5/><V8/><F109/><W11/><G26/><T89/><D89/><AGARI ba="0,1" hai="48,51,73,78,83,87,89,95,96,100,104" m="10287" machi="89" ten="30,2000,0" yaku="24,1,52,1" doraHai="80,112" who="1" fromWho="0" sc="239,-20,324,30,340,0,87,0" /><INIT seed="7,0,0,1,5,28" ten="219,354,340,87" oya="3" hai0="70,127,107,56,103,22,105,60,3,20,102,26,75" hai1="43,53,133,6,118,51,10,15,98,135,52,92,117" hai2="11,37,71,39,57,110,30,54,84,48,87,9,86" hai3="74,73,91,97,78,108,93,109,45,18,4,35,94"/><W63/><G4/><T76/><D70/><U44/><E52/><N who="2" m="31879" /><F71/><W79/><G18/><T72/><D127/><U1/><E43/><V55/><F39/><W50/><G63/><T81/><D3/><U101/><E1/><V65/><F37/><W31/><G31/><T41/><D41/><U59/><E59/><V90/><F110/><N who="3" m="42603" /><G50/><T68/><D68/><U116/><AGARI ba="0,0" hai="6,10,15,44,51,53,92,98,101,116,117,118,133,135" machi="116" ten="40,2700,0" yaku="0,1,12,1" doraHai="28" who="1" fromWho="1" sc="219,-7,354,27,340,-7,87,-13" owari="212,-19.0,381,49.0,333,13.0,74,-43.0" /></mjloggm>