<mjloggm ver="2.3"><GO type="185" lobby="0"/><UN n0="%E3%83%A2%E3%83%AA%E3%82%AA%E3%83%B3%E3%81%AE%E5%A7%AB" n1="%E3%81%BF%E3%83%BC%E3%82%8F" n2="%E3%81%BE%E3%82%8D%E3%81%AB%E3%81%84" n3="" dan="16,17,16,0" rate="2252.90,2252.24,2073.46,1500.00" sx="F,M,M,C"/><TAIKYOKU oya="0"/><INIT seed="0,0,0,5,3,132" ten="350,350,350,0" oya="0" hai0="49,35,34,114,65,133,97,89,102,60,121,117,75" hai1="83,127,37,40,88,67,131,96,85,71,93,0,106" hai2="38,46,94,79,86,116,63,62,56,69,43,128,107" hai3=""/><T61/><N who="0" m="31008" /><T90/><D114/><U111/><E0/><V124/><F107/><T110/><D117/><U118/><E118/><V82/><F116/><T109/><D75/><U129/><E111/><N who="0" m="42505" /><D133/><U73/><E106/><V57/><F128/><T1/><D1/><U130/><E73/><V112/><F112/><T87/><D49/><U68/><E67/><V104/><F104/><T99/><D102/><U134/><E134/><V54/><F69/><T51/><D51/><U52/><E37/><V3/><F94/><T113/><D113/><U115/><E71/><V48/><F3/><T66/><D66/><U50/><E68/><V81/><F81/><T78/><D78/><U101/><E115/><V53/><F38/><T70/><D60/><U92/><E101/><V47/><F47/><T64/><D64/><U74/><E74/><V125/><AGARI ba="0,0" hai="43,46,48,53,54,56,57,62,63,79,82,86,124,125" machi="125" ten="30,5900,0" yaku="0,1,9,1,52,2" doraHai="132" who="2" fromWho="2" sc="350,-39,350,-20,350,59,0,0" /><INIT seed="1,0,0,2,0,59" ten="311,330,409,0" oya="1" hai0="124,92,114,112,122,94,66,1,53,96,79,58,0" hai1="62,105,93,32,34,117,82,75,52,35,84,2,87" hai2="131,127,54,83,121,130,36,90,51,3,135,60,67" hai3=""/><U63/><E117/><V69/><N who="2" m="31008" /><V76/><F3/><T40/><N who="0" m="31264" /><T101/><D124/><U73/><E2/><V95/><F127/><T46/><D66/><U48/><E105/><V108/><F36/><T64/><D64/><U133/><E133/><V125/><F135/><T98/><D79/><U116/><E116/><V68/><F68/><T115/><D46/><U89/><E75/><V88/><F125/><T123/><N who="0" m="31520" /><T97/><D40/><U78/><REACH who="1" step="1"/><E73/><REACH who="1" ten="311,320,409,0" step="2"/><V72/><F130/><T65/><D0/><U126/><E126/><V102/><F131/><T47/><D1/><U80/><E80/><V99/><F108/><T109/><D109/><U128/><E128/><V37/><REACH who="2" step="1"/><F37/><REACH who="2" ten="311,320,399,0" step="2"/><T61/><D114/><U81/><E81/><V107/><F107/><T100/><D112/><U55/><E55/><V86/><F86/><T33/><D115/><U129/><E129/><V49/><F49/><T104/><D104/><U70/><E70/><V132/><F132/><T42/><D53/><U91/><E91/><V41/><F41/><T38/><REACH who="0" step="1"/><D33/><REACH who="0" ten="301,320,399,0" step="2"/><U120/><N who="1" m="30752" /><U106/><E106/><V134/><F134/><T71/><D71/><U103/><E103/><AGARI ba="0,3" hai="38,42,47,58,61,65,92,94,96,97,98,100,101,103" m="31520,31264" machi="103" ten="40,8000,1" yaku="1,1,52,3,53,0" doraHai="59" doraHaiUra="113" who="0" fromWho="1" sc="301,110,320,-80,399,0,0,0" /><INIT seed="2,0,0,1,0,73" ten="411,240,399,0" oya="2" hai0="96,62,134,69,72,64,113,45,60,120,0,127,50" hai1="133,90,32,103,1,130,52,61,93,121,77,91,117" hai2="78,49,97,125,99,104,46,53,56,116,38,42,87" hai3=""/><V122/><N who="2" m="31264" /><V106/><F116/><T82/><N who="0" m="30752" /><T102/><D127/><U59/><N who="1" m="31008" /><U131/><E1/><V47/><F125/><T57/><D134/><U111/><E32/><V115/><F115/><T126/><D126/><U58/><E117/><V101/><F56/><T107/><D113/><U68/><E133/><V94/><REACH who="2" step="1"/><F99/><REACH who="2" ten="411,240,389,0" step="2"/><T3/><D3/><U36/><E59/><V84/><F84/><T67/><D0/><U33/><E33/><V70/><F70/><T51/><D45/><U100/><E68/><V88/><F88/><T135/><D135/><U37/><E91/><V129/><F129/><T124/><D124/><U54/><E131/><V112/><F112/><T74/><D74/><U105/><E130/><V132/><F132/><T128/><D128/><U44/><E90/><V35/><F35/><T2/><D2/><U98/><E98/><V85/><F85/><T118/><D118/><U89/><E89/><V55/><F55/><T119/><D119/><U114/><E52/><V48/><F48/><T40/><D50/><U34/><E34/><V110/><F110/><T66/><D51/><U123/><E111/><V39/><F39/><T41/><D66/><U75/><N who="1" m="31520" /><U81/><E114/><RYUUKYOKU ba="0,1" sc="411,10,240,-20,389,10,0,0" hai0="40,41,57,60,62,64,67,69,72,82,96,102,107" hai2="38,42,46,47,49,53,78,87,94,97,101,104,106" /><INIT seed="2,1,1,4,3,132" ten="421,220,399,0" oya="2" hai0="72,94,99,61,32,42,110,60,56,104,95,46,40" hai1="41,101,131,67,47,117,134,39,64,1,51,65,107" hai2="49,50,82,108,125,121,91,98,45,74,102,69,68" hai3=""/><V52/><N who="2" m="31008" /><V114/><F114/><T57/><D32/><U58/><E1/><V135/><F135/><T34/><D34/><U103/><E134/><V43/><F108/><T118/><D72/><U81/><E131/><V88/><F125/><T37/><D110/><U66/><E117/><V2/><F2/><T80/><D80/><U59/><E81/><V92/><F74/><T112/><D118/><U124/><E124/><V48/><F48/><T85/><D85/><U33/><E33/><V38/><F38/><T119/><D119/><U90/><E90/><V73/><F73/><T113/><D104/><U87/><E87/><V105/><F82/><T93/><D99/><U97/><N who="1" m="16384" /><DORA hai="122" /><U130/><E130/><V62/><F62/><N who="0" m="24170" /><D40/><U53/><REACH who="1" step="1"/><E103/><REACH who="1" ten="421,210,399,0" step="2"/><V115/><F115/><AGARI ba="1,2" hai="37,42,46,56,57,93,94,95,112,113,115" m="24170" machi="115" ten="30,1000,0" yaku="11,1" doraHai="132,122" who="0" fromWho="2" sc="421,32,210,0,399,-12,0,0" /><INIT seed="4,0,0,0,4,121" ten="453,210,387,0" oya="0" hai0="61,88,44,120,105,69,79,115,50,128,123,42,39" hai1="122,41,76,83,130,35,126,112,73,96,108,40,89" hai2="82,91,99,117,71,57,93,67,3,65,72,60,52" hai3=""/><T70/><N who="0" m="30752" /><T135/><N who="0" m="31520" /><T37/><D115/><U78/><N who="1" m="31264" /><U111/><E35/><V132/><F3/><T127/><D105/><U113/><E130/><V85/><F117/><T49/><D128/><U46/><E126/><V47/><F132/><T58/><D135/><U98/><E78/><V1/><F1/><T109/><D79/><U134/><E134/><V86/><F72/><T106/><D106/><U124/><E124/><V90/><F71/><N who="0" m="27146" /><D88/><U133/><E133/><V81/><F47/><T110/><D127/><U87/><E40/><V74/><REACH who="2" step="1"/><F74/><REACH who="2" ten="453,210,377,0" step="2"/><T104/><D104/><U77/><E46/><V131/><F131/><T97/><D97/><N who="1" m="37483" /><E41/><V45/><F45/><T63/><D37/><U116/><E116/><V48/><F48/><N who="0" m="18538" /><D63/><U64/><E73/><V68/><F68/><T103/><D103/><AGARI ba="0,1" hai="52,57,60,65,67,81,82,85,86,90,91,93,99,103" machi="103" ten="30,8000,1" yaku="1,1,7,1,9,1,8,1,54,1,53,0" doraHai="121" doraHaiUra="114" who="2" fromWho="0" sc="453,-80,210,0,377,90,0,0" /><INIT seed="5,0,0,1,1,99" ten="373,210,467,0" oya="1" hai0="108,35,117,104,53,125,88,42,84,58,101,67,129" hai1="93,76,74,75,111,134,112,36,94,52,79,102,132" hai2="133,77,1,2,124,98,73,62,48,41,120,72,83" hai3=""/><U105/><E36/><V51/><N who="2" m="30752" /><V49/><F73/><N who="1" m="27657" /><E52/><V126/><F41/><T68/><D42/><U64/><E64/><V92/><F62/><T87/><D117/><U100/><E112/><V34/><F34/><T103/><D104/><U0/><E111/><V121/><N who="2" m="31008" /><V110/><F110/><T3/><D108/><U107/><E0/><V90/><REACH who="2" step="1"/><F133/><REACH who="2" ten="373,210,457,0" step="2"/><N who="1" m="51305" /><E107/><V114/><F114/><T109/><D35/><U85/><E105/><V95/><F95/><N who="1" m="36361" /><E85/><V71/><F71/><T86/><D109/><U47/><E47/><V97/><F97/><T44/><D44/><U54/><E54/><V123/><N who="2" m="31520" /><V39/><F39/><T106/><D106/><U57/><E57/><V65/><F65/><T38/><D38/><U115/><E115/><V78/><F78/><AGARI ba="0,1" hai="76,78,79,100,102" m="36361,51305,27657" machi="78" ten="40,18000,2" yaku="28,2,20,1,34,2,52,2" doraHai="99" who="1" fromWho="2" sc="373,0,210,190,457,-180,0,0" /><INIT seed="5,1,0,5,5,122" ten="373,400,277,0" oya="1" hai0="73,48,69,81,41,60,75,79,110,130,1,111,63" hai1="103,92,90,87,33,50,80,126,46,51,106,135,117" hai2="96,97,99,114,68,55,84,85,49,116,119,118,123" hai3=""/><U45/><E117/><V47/><N who="2" m="31520" /><V58/><F68/><T0/><D130/><U105/><E33/><V54/><REACH who="2" step="1"/><F114/><REACH who="2" ten="373,400,267,0" step="2"/><T88/><D69/><U34/><E34/><V65/><F65/><T100/><D0/><U53/><E126/><V134/><F134/><T124/><D1/><U35/><E135/><V78/><F78/><T3/><D79/><U89/><E35/><V37/><F37/><T70/><D70/><U56/><E106/><V52/><F52/><T36/><D36/><U72/><E105/><V127/><F127/><T82/><D3/><U95/><E53/><V86/><F86/><T107/><D107/><U112/><E87/><V2/><F2/><T121/><D124/><U66/><E112/><V74/><F74/><T61/><D73/><U131/><E72/><V93/><F93/><T67/><D67/><U44/><E66/><V57/><F57/><T76/><D121/><U115/><E56/><V77/><F77/><T83/><D76/><U32/><E32/><V132/><F132/><T113/><D75/><U128/><E115/><V40/><F40/><T64/><D41/><U120/><E120/><V102/><F102/><T133/><D100/><U108/><E103/><V101/><F101/><T125/><D64/><RYUUKYOKU ba="1,1" sc="373,-10,400,-10,267,20,0,0" hai2="47,49,54,55,58,84,85,96,97,99,116,118,119" /><INIT seed="6,2,1,1,1,67" ten="363,390,287,0" oya="2" hai0="63,123,105,122,56,57,48,75,53,83,90,96,87" hai1="129,71,107,127,84,99,0,93,50,47,59,55,116" hai2="124,104,101,86,76,40,64,91,125,106,85,49,89" hai3=""/><V80/><F64/><T44/><N who="0" m="31264" /><T3/><N who="0" m="31520" /><T61/><D3/><U94/><E0/><V65/><F65/><T100/><D75/><U41/><E71/><V118/><F40/><T103/><D103/><U131/><E127/><N who="2" m="48715" /><F49/><T43/><D56/><U117/><E107/><N who="2" m="41003" /><F101/><T79/><D79/><U1/><E1/><V78/><F118/><N who="1" m="45673" /><E84/><V110/><F110/><T77/><D77/><U32/><E32/><V42/><F42/><T128/><D128/><N who="1" m="49227" /><E99/><V121/><N who="2" m="31008" /><V39/><F39/><AGARI ba="2,1" hai="39,43,44,48,53,57,61,63,83,87,90,96,100,105" m="31520,31264" machi="39" ten="30,3900,0" yaku="7,1,52,2" doraHai="67" who="0" fromWho="2" sc="363,53,390,0,287,-43,0,0" /><AGARI ba="2,0" hai="39,41,47,50,55,59,93,94" m="49227,45673" machi="39" ten="30,2000,0" yaku="12,1,19,1" doraHai="67" who="1" fromWho="2" sc="416,0,390,20,244,-20,0,0" owari="416,37.0,410,1.0,224,-38.0,0,0.0" /></mjloggm>