<mjloggm ver="2.3"><GO type="169" lobby="0"/><UN n0="%E3%81%8A%E3%81%8A%E3%81%8F%E3%81%95" n1="%E3%83%81%E3%83%83%E3%83%97%E3%82%B3%E3%83%AC%E3%82%AF%E3%82%BF%E3%83%BC" n2="%E6%97%A9%E5%A4%A7%E3%83%80%E3%83%A1%E4%BF%AE%E5%A3%AB" n3="%6B%75%72%69%6D%75" dan="17,16,16,18" rate="2218.24,2132.78,2190.58,2254.06" sx="M,M,M,M"/><TAIKYOKU oya="0"/><INIT seed="0,0,0,3,0,49" ten="250,250,250,250" oya="0" hai0="52,26,57,69,104,124,96,12,53,11,80,122,64" hai1="72,55,41,32,115,110,1,86,101,75,90,63,9" hai2="28,98,95,66,68,3,43,62,94,0,113,131,36" hai3="71,33,76,61,29,20,84,25,132,47,133,34,78"/><T99/><D122/><U107/><E32/><V40/><F113/><W88/><G47/><T100/><D69/><U117/><E117/><V114/><F114/><W77/><G61/><N who="0" m="37935" /><D104/><U109/><E115/><V130/><F28/><W38/><G38/><T35/><D35/><U6/><E41/><N who="2" m="15947" /><F36/><W8/><G8/><T31/><D80/><U23/><E23/><V83/><F83/><W108/><G108/><N who="1" m="41578" /><E101/><N who="2" m="60631" /><F95/><N who="3" m="54663" /><G71/><T85/><D85/><U10/><E10/><V45/><F45/><W17/><G29/><T112/><D124/><U4/><E4/><V106/><F106/><W92/><G92/><N who="0" m="58375" /><D99/><U127/><E127/><V59/><F68/><W19/><G19/><N who="0" m="8607" /><D112/><U15/><E1/><V91/><F91/><W74/><G74/><T121/><D121/><U2/><E2/><V7/><F0/><W58/><G34/><T50/><D50/><U22/><E107/><V135/><F3/><W125/><G33/><T120/><D120/><U48/><E63/><V54/><F62/><W51/><G125/><T118/><D118/><U134/><E72/><V116/><F116/><W14/><G78/><T103/><D103/><U119/><E75/><V30/><F130/><W126/><G77/><T67/><D67/><U5/><E119/><V97/><F66/><W82/><G82/><T27/><D31/><U129/><E129/><V81/><F30/><W128/><G76/><T13/><D13/><U44/><E15/><V70/><F131/><W37/><G128/><T79/><D79/><U111/><E111/><V60/><F70/><W24/><G126/><T42/><D42/><U73/><E73/><RYUUKYOKU ba="0,0" sc="250,30,250,-10,250,-10,250,-10" hai0="26,27,52,53" /><INIT seed="0,1,0,0,2,114" ten="280,240,240,240" oya="0" hai0="23,25,26,93,117,109,1,41,14,130,15,27,72" hai1="132,128,39,94,22,67,92,76,17,100,112,105,80" hai2="125,66,12,106,99,61,60,74,97,62,82,123,20" hai3="46,79,43,38,104,32,8,65,11,68,35,36,120"/><T31/><D72/><U9/><E112/><V71/><F123/><W115/><G115/><T7/><D41/><U69/><E128/><V29/><F125/><W88/><G36/><T133/><D93/><U4/><E39/><V70/><F106/><W5/><G104/><T6/><D130/><U64/><E132/><V10/><F20/><W103/><G103/><T55/><D55/><U101/><E105/><V87/><F29/><W85/><G79/><T30/><D133/><U75/><E101/><V107/><F74/><W126/><G126/><T18/><D109/><U48/><E48/><V3/><F3/><W42/><G43/><T63/><D63/><U113/><E113/><V2/><F2/><W45/><G46/><T54/><D54/><U37/><E37/><V19/><F107/><W121/><G65/><T56/><D56/><U90/><E100/><V135/><F135/><W73/><G68/><T111/><D111/><U34/><E34/><N who="3" m="12842" /><G5/><N who="0" m="1547" /><D1/><U33/><E94/><V77/><REACH who="2" step="1"/><F60/><REACH who="2" ten="280,240,230,240" step="2"/><W98/><G73/><T59/><D30/><U91/><E33/><V47/><F47/><W86/><G98/><T122/><D31/><U51/><E75/><V24/><F24/><W50/><G38/><T44/><D44/><U83/><E22/><V131/><F131/><W53/><G42/><T58/><D122/><N who="3" m="47209" /><G85/><T134/><D134/><U49/><E9/><V40/><F40/><W52/><G53/><T129/><D129/><U102/><E67/><AGARI ba="1,1" hai="10,12,19,61,62,66,67,70,71,77,82,87,97,99" machi="67" ten="40,5200,0" yaku="1,1,9,1,53,1" doraHai="114" doraHaiUra="13" who="2" fromWho="1" sc="280,0,240,-55,230,65,240,0" /><INIT seed="1,0,0,5,3,72" ten="280,185,295,240" oya="1" hai0="105,102,115,119,98,107,74,92,70,114,33,61,5" hai1="71,28,111,50,9,36,122,129,55,103,4,49,134" hai2="1,90,3,14,69,73,96,25,63,30,83,51,117" hai3="58,66,67,11,35,123,118,133,0,95,20,64,84"/><U85/><E122/><V93/><F117/><W12/><G123/><T100/><D33/><U110/><E36/><V94/><F14/><W104/><G104/><T125/><D5/><U46/><E71/><V8/><F8/><W53/><G35/><T135/><D61/><U27/><E129/><V21/><F51/><W10/><G133/><T87/><D70/><U7/><E134/><V56/><F69/><W38/><G38/><T45/><D45/><U76/><E103/><V86/><F73/><W37/><G37/><T80/><D119/><U44/><E9/><V121/><F93/><W120/><G0/><T2/><D2/><U32/><E7/><V15/><F15/><W131/><G131/><T106/><D74/><U29/><E4/><V79/><REACH who="2" step="1"/><F121/><REACH who="2" ten="280,185,285,240" step="2"/><W52/><G118/><T40/><D107/><U126/><E126/><V48/><F48/><W24/><G120/><T75/><D135/><U128/><E128/><V16/><F16/><N who="3" m="12295" /><G12/><T91/><D125/><U109/><E29/><V82/><F82/><W26/><G26/><T68/><D68/><U65/><E50/><V130/><F130/><W19/><G19/><T13/><D13/><U108/><E108/><V77/><F77/><W113/><G113/><T124/><D124/><U22/><E44/><V17/><F17/><W6/><G6/><T132/><D132/><U34/><E65/><AGARI ba="0,1" hai="1,3,21,25,30,56,63,65,79,83,86,90,94,96" machi="65" ten="30,7700,0" yaku="1,1,7,1,52,1,53,1" doraHai="72" doraHaiUra="62" who="2" fromWho="1" sc="280,0,185,-77,285,87,240,0" /><INIT seed="2,0,0,3,2,94" ten="280,108,372,240" oya="2" hai0="132,30,2,93,109,61,29,10,32,17,9,40,77" hai1="78,36,31,72,63,35,18,71,110,38,53,51,111" hai2="87,125,66,1,45,62,64,133,14,79,57,127,22" hai3="19,116,120,130,12,135,114,49,80,67,104,15,85"/><V82/><F1/><W27/><G116/><T88/><D109/><U86/><E72/><V98/><F133/><W26/><G104/><T118/><D132/><U92/><E18/><V28/><F64/><W119/><G130/><T68/><D32/><U60/><E31/><V65/><F65/><W42/><G119/><T100/><D77/><U7/><E35/><V99/><F45/><W106/><G106/><T90/><D40/><U58/><E7/><V89/><F79/><W126/><G126/><N who="2" m="48137" /><F14/><W16/><G114/><T47/><D47/><N who="1" m="27903" /><E92/><V39/><F39/><N who="1" m="14889" /><E86/><V8/><F8/><N who="3" m="6151" /><G67/><T103/><D2/><U46/><E78/><V102/><F102/><W11/><G120/><T113/><D113/><U59/><E71/><V69/><F69/><W91/><G135/><T44/><D68/><U121/><E46/><AGARI ba="0,0" hai="11,15,19,26,27,42,46,49,80,85,91" m="6151" machi="46" ten="30,2000,0" yaku="8,1,54,1" doraHai="94" who="3" fromWho="1" sc="280,0,108,-20,372,0,240,20" /><INIT seed="3,0,0,0,0,124" ten="280,88,372,260" oya="3" hai0="85,39,8,55,33,82,108,11,10,72,61,57,3" hai1="58,106,36,128,51,40,91,38,62,95,5,92,25" hai2="125,16,117,41,65,84,46,102,1,90,78,126,35" hai3="13,120,52,69,100,129,121,59,89,119,15,88,135"/><W97/><G69/><T134/><D108/><U23/><E106/><V2/><F35/><W93/><G119/><T77/><D134/><U7/><E38/><V6/><F78/><W53/><G135/><T115/><D115/><U105/><E36/><V66/><F102/><W44/><G129/><T98/><D33/><U19/><E105/><V109/><F117/><W116/><G116/><T113/><D39/><U80/><E128/><V63/><F109/><W64/><G64/><T104/><D113/><U47/><E80/><V49/><F66/><W24/><G24/><T37/><D37/><U20/><E20/><V123/><F123/><W50/><G120/><T99/><D3/><U30/><E30/><V87/><F87/><W34/><G34/><T112/><D104/><U45/><E45/><V74/><F74/><W17/><G13/><T127/><D127/><N who="2" m="48650" /><F16/><W0/><G0/><T71/><D71/><U68/><E95/><N who="2" m="54727" /><F6/><W103/><G103/><T32/><D32/><U73/><E73/><V111/><F111/><W94/><G94/><T110/><D110/><U12/><E68/><AGARI ba="0,0" hai="1,2,41,46,49,63,65,68" m="54727,48650" machi="68" ten="30,1000,0" yaku="18,1" doraHai="124" who="2" fromWho="1" sc="280,0,88,-10,372,10,260,0" /><INIT seed="4,0,0,1,0,19" ten="280,78,382,260" oya="0" hai0="122,35,31,128,87,79,132,13,109,125,58,107,26" hai1="33,47,34,56,32,4,45,64,126,25,59,77,112" hai2="101,0,63,100,129,91,114,17,81,62,84,115,18" hai3="83,27,46,118,38,92,69,53,48,99,65,2,39"/><T85/><D122/><U104/><E104/><V3/><F129/><W111/><G111/><T9/><D128/><U60/><E126/><V103/><F18/><W121/><G2/><N who="2" m="553" /><F17/><W133/><G133/><T23/><D132/><U49/><E112/><AGARI ba="0,0" hai="62,63,81,84,91,100,101,103,112,114,115" m="553" machi="112" ten="40,1300,0" yaku="15,1" doraHai="19" who="2" fromWho="1" sc="280,0,78,-13,382,13,260,0" /><INIT seed="5,0,0,4,3,135" ten="280,65,395,260" oya="1" hai0="48,112,123,84,96,66,18,102,25,86,4,91,11" hai1="10,122,55,42,47,49,121,116,44,35,60,30,125" hai2="124,56,75,88,89,0,78,67,101,38,109,71,40" hai3="106,61,133,15,64,95,12,94,14,57,41,83,62"/><U87/><E116/><V134/><F71/><W77/><G106/><T130/><D123/><U128/><E128/><V37/><F101/><W5/><G133/><T52/><D112/><U81/><E125/><V68/><F68/><W90/><G41/><T63/><D130/><U104/><E104/><V100/><F100/><W16/><G5/><T74/><D74/><U28/><E10/><V73/><F0/><W31/><G31/><T132/><D91/><U46/><E46/><V45/><F109/><W85/><G62/><T19/><D25/><U34/><E30/><V65/><F56/><W39/><G39/><T114/><D114/><U17/><E17/><V22/><F22/><W115/><G115/><T97/><D97/><U1/><E1/><V103/><F103/><W20/><REACH who="3" step="1"/><G94/><REACH who="3" ten="280,65,395,250" step="2"/><T7/><D7/><U120/><E28/><V36/><F40/><W79/><G79/><T23/><D4/><U98/><E98/><AGARI ba="0,1" hai="12,14,15,16,20,57,61,64,77,83,85,90,95,98" machi="98" ten="30,7700,0" yaku="1,1,7,1,8,1,54,1,53,0" doraHai="135" doraHaiUra="69" who="3" fromWho="1" sc="280,0,65,-77,395,0,250,87" owari="280,-12.0,-12,-51.0,395,49.0,337,14.0" /></mjloggm>