<mjloggm ver="2.3"><GO type="169" lobby="0"/><UN n0="%E5%8D%97%E5%B8%9D%E5%8D%97%E6%B5%A6" n1="%E3%82%B7%E3%83%B3%E3%83%95%E3%82%A9%E3%83%8B%E3%82%A2" n2="%E3%82%88%E3%81%86%E3%81%B8%E3%83%BC%58" n3="%E4%B9%B1%E5%88%87%E3%82%8A" dan="16,18,18,16" rate="2075.84,2241.21,2245.98,2068.69" sx="F,M,M,M"/><TAIKYOKU oya="0"/><INIT seed="0,0,0,2,3,36" ten="250,250,250,250" oya="0" hai0="93,96,122,19,51,104,58,44,76,113,132,63,105" hai1="106,20,118,69,135,88,82,33,53,32,87,73,100" hai2="37,60,129,4,102,99,34,90,55,30,116,114,43" hai3="66,119,65,52,59,2,10,86,92,98,38,83,109"/><T18/><D122/><U13/><E118/><V49/><F114/><W9/><G119/><T45/><D113/><U17/><E135/><V103/><F60/><W85/><G85/><T80/><D132/><U72/><E69/><V130/><F4/><W46/><G109/><T47/><D104/><U25/><E53/><V78/><F78/><W77/><G2/><T54/><D105/><U23/><E100/><V56/><F90/><W117/><G117/><T97/><D63/><U71/><E106/><V62/><F37/><W42/><G66/><T121/><D121/><U68/><E32/><V26/><F116/><W74/><G65/><T64/><D64/><U31/><E73/><V0/><F0/><W79/><G79/><T134/><D134/><U16/><REACH who="1" step="1"/><E72/><REACH who="1" ten="250,240,250,250" step="2"/><V125/><F103/><W15/><G74/><T29/><D29/><U14/><AGARI ba="0,1" hai="13,14,16,17,20,23,25,31,33,68,71,82,87,88" machi="14" ten="20,12000,2" yaku="1,1,2,1,0,1,7,1,9,1,54,2,53,0" doraHai="36" doraHaiUra="39" who="1" fromWho="1" sc="250,-60,240,130,250,-30,250,-30" /><INIT seed="1,0,0,0,5,70" ten="190,370,220,220" oya="1" hai0="134,74,59,124,1,104,111,129,46,16,29,37,23" hai1="61,35,54,78,28,75,11,85,40,39,115,58,108" hai2="101,56,120,24,57,79,130,69,107,84,92,0,49" hai3="88,121,53,64,95,119,133,63,52,51,50,82,128"/><U42/><E75/><V72/><F69/><W125/><G121/><T67/><D104/><U17/><E115/><V94/><F0/><W27/><G128/><T86/><D74/><U65/><E35/><V43/><F120/><W66/><G125/><T112/><D1/><U113/><E113/><V44/><F130/><W117/><G133/><T5/><D112/><U135/><E28/><V118/><F118/><W106/><G106/><T76/><D129/><U33/><E33/><V114/><F114/><W105/><G105/><T7/><D7/><U102/><BYE who="0" /><E102/><V22/><F107/><W47/><G82/><T8/><D8/><U30/><E30/><N who="2" m="17687" /><F72/><W80/><G80/><T13/><D13/><U4/><E135/><V55/><F101/><W87/><G27/><UN n0="%E5%8D%97%E5%B8%9D%E5%8D%97%E6%B5%A6" /><T12/><D111/><U93/><E17/><V21/><F21/><W89/><G89/><T6/><D124/><U103/><E108/><V26/><F26/><W15/><G15/><T60/><D29/><U116/><E116/><N who="3" m="44618" /><G63/><T123/><D134/><U20/><E103/><V19/><F19/><W109/><G109/><T31/><D31/><U38/><E20/><V71/><F79/><W77/><G77/><T100/><D123/><U122/><E122/><V127/><F127/><W36/><G36/><N who="1" m="13866" /><E78/><V99/><F92/><W131/><G131/><T97/><D86/><U25/><E25/><V110/><F84/><W81/><G81/><T3/><D76/><U34/><E34/><V73/><F73/><W18/><G18/><T62/><D3/><N who="1" m="415" /><E85/><V132/><F110/><W83/><G83/><T126/><D126/><RYUUKYOKU ba="0,0" sc="190,-10,370,-10,220,-10,220,30" hai3="47,50,51,52,53,64,66,87,88,95" /><INIT seed="2,1,0,3,3,3" ten="180,360,210,250" oya="2" hai0="109,47,12,79,15,99,114,53,56,98,100,66,1" hai1="94,87,127,0,92,106,42,5,89,128,74,68,129" hai2="7,70,20,59,75,49,72,26,97,54,85,4,55" hai3="69,57,110,113,104,25,52,102,9,19,71,35,77"/><V33/><F33/><W43/><G77/><T58/><D114/><U67/><E106/><V45/><F70/><W120/><G120/><T23/><D1/><U51/><E74/><V124/><F124/><W24/><G113/><T48/><D79/><U16/><E127/><V101/><F85/><W133/><G133/><T44/><D109/><U11/><E16/><N who="2" m="12551" /><F75/><W90/><G110/><T119/><D119/><U46/><E68/><V118/><F72/><W31/><G43/><T135/><D135/><U17/><E67/><V112/><F112/><W34/><G102/><T37/><D37/><U76/><E76/><V115/><F115/><W14/><G104/><T81/><D81/><U50/><E50/><N who="2" m="29007" /><F118/><W65/><G65/><T116/><D116/><U134/><E134/><V30/><F30/><W21/><G90/><T126/><D126/><U95/><REACH who="1" step="1"/><E17/><REACH who="1" ten="180,350,210,250" step="2"/><V105/><F105/><W78/><G78/><T131/><D48/><U64/><E64/><V125/><F125/><W18/><REACH who="3" step="1"/><G34/><REACH who="3" ten="180,350,210,240" step="2"/><T29/><D66/><U6/><E6/><N who="2" m="2091" /><F101/><W123/><G123/><T61/><D100/><U111/><E111/><V122/><F122/><W82/><G82/><AGARI ba="1,2" hai="0,5,11,42,46,51,82,87,89,92,94,95,128,129" machi="82" ten="40,2600,0" yaku="1,1,52,1,53,0" doraHai="3" doraHaiUra="22" who="1" fromWho="3" sc="180,0,350,49,210,0,240,-29" /><INIT seed="3,0,0,5,4,57" ten="180,399,210,211" oya="3" hai0="92,66,88,22,46,87,89,65,106,102,120,62,111" hai1="119,84,115,32,96,28,10,56,50,41,124,58,70" hai2="95,16,90,38,117,53,11,135,3,51,91,52,48" hai3="86,113,77,47,34,78,42,29,1,63,7,64,93"/><W74/><G113/><T20/><D120/><U97/><E70/><V67/><F117/><W43/><G34/><T108/><D66/><U128/><E115/><V8/><F38/><W81/><G29/><T6/><D6/><U0/><E128/><V116/><F116/><W85/><G93/><T60/><D46/><U98/><E119/><V132/><F67/><W45/><G45/><T112/><D65/><U19/><E124/><V35/><F35/><W103/><G103/><T79/><D112/><U55/><E41/><V59/><F3/><W68/><G77/><T12/><D79/><U26/><E84/><V107/><F107/><W80/><G80/><T30/><D89/><U72/><E72/><V126/><F126/><W76/><G76/><T49/><D49/><U17/><E58/><V105/><F105/><W31/><G31/><T129/><D129/><U15/><E0/><V39/><F39/><W18/><G18/><N who="0" m="10311" /><D102/><U14/><E98/><V73/><F73/><W5/><G43/><T104/><D104/><U2/><E2/><V21/><F95/><W134/><G134/><N who="2" m="51241" /><F91/><W27/><G27/><N who="0" m="16759" /><D106/><U101/><E101/><V40/><F90/><W83/><G83/><T71/><D71/><U109/><E97/><V13/><F40/><W75/><G75/><T110/><AGARI ba="0,0" hai="60,62,87,88,92,108,110,111" m="16759,10311" machi="110" ten="30,7900,0" yaku="14,1,52,2,54,1" doraHai="57" who="0" fromWho="0" sc="180,79,399,-20,210,-20,211,-39" /><INIT seed="4,0,0,1,0,70" ten="259,379,190,172" oya="0" hai0="8,52,55,33,82,76,131,126,23,68,17,45,62" hai1="102,61,117,34,59,99,46,75,64,5,60,112,110" hai2="0,107,10,29,40,66,125,108,13,73,96,47,113" hai3="12,130,88,92,58,7,56,97,36,38,26,9,20"/><T94/><D33/><U69/><E110/><V121/><F121/><W101/><G130/><T19/><D126/><U116/><E75/><V24/><F108/><W48/><G101/><T22/><D131/><U65/><E5/><N who="2" m="1319" /><F13/><W35/><G35/><T18/><D8/><U49/><E112/><V132/><F66/><W54/><REACH who="3" step="1"/><G58/><REACH who="3" ten="259,379,190,162" step="2"/><T42/><D68/><U95/><E34/><N who="2" m="20775" /><F113/><W41/><G41/><AGARI ba="0,1" hai="41,46,49,59,60,61,64,65,69,95,99,102,116,117" machi="41" ten="30,1000,0" yaku="7,1" doraHai="70" who="1" fromWho="3" sc="259,0,379,20,190,0,162,-10" /><INIT seed="5,0,0,0,5,105" ten="259,399,190,152" oya="1" hai0="9,40,95,113,49,101,112,15,3,4,103,106,94" hai1="74,60,10,134,119,2,90,82,18,19,37,120,70" hai2="92,71,85,66,98,41,53,77,28,118,33,68,80" hai3="81,24,109,102,64,130,123,84,8,89,111,56,32"/><U133/><E119/><V107/><F118/><W63/><G123/><T26/><D26/><U76/><E120/><V124/><F41/><W39/><G39/><T83/><D83/><U96/><E37/><V108/><F108/><W48/><G130/><T79/><D79/><U13/><E2/><V131/><F131/><W72/><G102/><N who="0" m="38923" /><D106/><U73/><E19/><V125/><F107/><W12/><G72/><T6/><D6/><U126/><E126/><N who="2" m="48747" /><F66/><W57/><G57/><T116/><D116/><U99/><E74/><V86/><F86/><W59/><G59/><T14/><D14/><U22/><E10/><V30/><F53/><W27/><G48/><T58/><D3/><U29/><E29/><N who="2" m="11371" /><F33/><W104/><G32/><T17/><D4/><U61/><E61/><V42/><F42/><W88/><G104/><T47/><D58/><U75/><E75/><V1/><F1/><W31/><G88/><AGARI ba="0,0" hai="68,71,77,80,85,88,92,98" m="11371,48747" machi="88" ten="30,2000,0" yaku="18,1,54,1" doraHai="105" who="2" fromWho="3" sc="259,0,399,0,190,20,152,-20" /><INIT seed="6,0,0,3,1,132" ten="259,399,210,132" oya="2" hai0="126,38,100,90,45,117,54,71,56,87,113,74,22" hai1="57,120,10,24,9,134,83,106,37,94,82,73,52" hai2="115,43,108,12,1,105,76,72,121,65,84,96,29" hai3="95,81,26,135,58,39,101,114,124,49,109,19,79"/><V2/><F121/><W18/><G39/><T129/><D74/><U66/><E106/><V36/><F72/><W25/><G135/><T92/><D71/><U31/><E37/><V118/><F118/><W7/><G109/><T53/><D117/><U97/><E66/><V28/><F65/><W102/><G114/><T11/><D113/><U103/><E134/><V104/><F36/><W61/><G7/><T123/><D123/><U15/><E120/><V80/><F43/><W130/><G130/><T110/><D110/><U59/><E59/><V0/><F115/><W93/><G93/><T111/><D111/><U3/><E3/><V70/><F70/><W21/><G49/><T34/><D34/><U5/><E10/><V112/><F112/><W88/><G124/><T77/><D38/><U69/><E69/><V133/><F133/><W64/><G25/><T51/><D129/><U62/><E73/><V68/><F68/><W60/><G60/><T99/><D77/><U75/><E75/><V44/><F108/><W127/><G127/><T50/><D11/><U41/><E41/><V4/><F105/><W32/><G32/><AGARI ba="0,0" hai="5,9,15,24,31,32,52,57,62,82,83,94,97,103" machi="32" ten="30,2000,0" yaku="7,1,54,1" doraHai="132" who="1" fromWho="3" sc="259,0,399,20,210,0,132,-20" /><INIT seed="7,0,0,4,1,24" ten="259,419,210,112" oya="3" hai0="125,107,16,48,72,54,41,111,45,134,46,4,29" hai1="112,73,75,88,113,95,37,8,58,80,135,35,82" hai2="85,7,108,77,59,115,116,62,119,100,43,96,126" hai3="28,89,105,93,64,68,117,5,61,106,118,27,23"/><W42/><G42/><T51/><D107/><U65/><E35/><V22/><F108/><W127/><G5/><T2/><D72/><U52/><E37/><V102/><F43/><W122/><G122/><T71/><D71/><U15/><E65/><V87/><F7/><W97/><REACH who="3" step="1"/><G127/><REACH who="3" ten="259,419,210,102" step="2"/><T130/><D125/><U12/><E113/><V129/><F126/><W132/><G132/><T39/><D134/><U114/><E135/><V21/><F115/><W44/><G44/><T18/><D46/><U120/><E120/><V6/><F6/><W38/><G38/><T31/><D39/><U101/><E114/><V81/><F119/><AGARI ba="0,1" hai="23,27,28,61,64,68,89,93,97,105,106,117,118,119" machi="119" ten="40,3900,0" yaku="1,1,52,1,53,0" doraHai="24" doraHaiUra="104" who="3" fromWho="2" sc="259,0,419,0,210,-39,102,49" /><INIT seed="7,1,0,3,2,108" ten="259,419,171,151" oya="3" hai0="109,73,60,72,1,40,46,29,26,7,54,78,68" hai1="115,51,63,96,47,128,33,71,0,22,86,102,133" hai2="131,15,5,36,23,53,59,38,50,93,42,90,97" hai3="48,34,52,3,81,77,125,19,130,110,113,66,112"/><W24/><G110/><T75/><D109/><U106/><E0/><V30/><F131/><W21/><G130/><T91/><D91/><U11/><E11/><V116/><F116/><W62/><G3/><T13/><D13/><U132/><E22/><V43/><F38/><W16/><G34/><N who="0" m="20791" /><D54/><U6/><E86/><V89/><F36/><W12/><G125/><T88/><D88/><U31/><E6/><V120/><F120/><W100/><G100/><T37/><D60/><U58/><E58/><V20/><F89/><W9/><G62/><T35/><D35/><U41/><E51/><V45/><F30/><W56/><REACH who="3" step="1"/><G66/><REACH who="3" ten="259,419,171,141" step="2"/><T70/><D78/><U74/><E63/><N who="2" m="36335" /><F43/><W28/><G28/><T124/><D124/><U44/><E102/><V94/><F94/><W64/><G64/><T4/><D1/><U8/><E31/><V2/><F2/><W121/><G121/><T79/><D79/><U84/><E33/><V105/><F105/><W117/><G117/><T49/><D68/><U18/><E71/><V55/><F42/><W76/><G76/><T111/><D70/><U25/><E41/><V80/><F80/><W134/><G134/><T107/><D111/><U127/><E133/><V104/><F104/><W98/><G98/><T129/><D129/><U32/><E128/><V57/><F97/><W126/><G126/><T61/><D107/><U83/><E127/><V95/><F95/><W65/><G65/><T118/><D61/><U82/><E32/><V27/><F93/><W14/><G14/><T10/><D118/><U103/><E103/><V135/><F15/><RYUUKYOKU ba="1,1" sc="259,-10,419,-10,171,-10,141,30" hai3="9,12,16,19,21,24,48,52,56,77,81,112,113" /><INIT seed="7,2,1,2,2,23" ten="249,409,161,171" oya="3" hai0="82,127,119,44,99,59,37,36,131,5,120,97,84" hai1="83,68,86,74,125,21,126,3,13,17,28,71,47" hai2="124,87,0,22,93,134,38,27,117,100,11,56,34" hai3="64,29,110,77,96,10,107,33,50,14,63,76,16"/><W8/><G110/><T114/><D119/><U20/><E74/><V35/><F117/><W106/><G50/><T104/><D120/><U69/><E3/><V130/><F38/><W65/><G65/><T53/><D127/><N who="1" m="48651" /><E47/><V61/><F124/><W62/><G62/><T133/><D99/><U30/><E21/><V6/><F134/><W4/><G107/><T9/><D53/><U19/><E17/><V70/><F70/><W12/><G29/><T75/><D84/><U55/><E55/><V85/><F130/><W31/><G31/><T18/><D59/><U24/><E13/><V129/><F129/><W102/><REACH who="3" step="1"/><G33/><REACH who="3" ten="249,409,161,161" step="2"/><T123/><D104/><U90/><AGARI ba="2,2" hai="19,20,24,28,30,68,69,71,83,86,90" m="48651" machi="90" ten="40,2700,0" yaku="18,1,52,1" doraHai="23" who="1" fromWho="1" sc="249,-9,409,53,161,-9,161,-15" owari="240,4.0,462,56.0,152,-25.0,146,-35.0" /></mjloggm>