<mjloggm ver="2.3"><GO type="169" lobby="0"/><UN n0="%EF%BC%8A%EF%BC%8A%E8%8D%92%E5%B7%9D%E6%86%A9%EF%BC%8A%EF%BC%8A" n1="%E3%82%84%E3%81%BE%E3%83%BC%E3%82%93" n2="%E6%9C%A8%E6%BC%8F%E3%82%8C%E6%97%A5" n3="%E3%83%A1%E3%83%A9%E3%82%BE%E3%83%BC%E3%83%9E" dan="18,19,17,16" rate="2241.12,2297.11,2217.44,2133.11" sx="M,M,M,F"/><TAIKYOKU oya="0"/><INIT seed="0,0,0,3,1,106" ten="250,250,250,250" oya="0" hai0="119,105,72,41,45,73,135,83,90,10,38,70,37" hai1="9,91,87,82,1,18,40,27,31,101,122,103,3" hai2="133,110,46,53,123,32,67,49,125,8,11,109,113" hai3="33,76,35,127,52,51,29,114,50,69,112,21,100"/><T121/><D119/><U26/><E122/><V78/><F123/><W108/><G69/><T0/><D121/><U116/><E116/><V43/><F113/><W16/><G108/><N who="2" m="41577" /><F32/><W99/><G127/><T77/><D135/><U2/><E40/><V30/><F30/><W128/><G128/><T17/><D90/><U134/><E134/><V107/><F107/><W117/><G51/><T115/><D115/><U7/><E18/><V88/><F67/><W79/><G35/><T15/><D70/><U60/><E60/><V94/><F125/><W20/><G33/><T39/><D105/><U93/><E31/><V65/><F65/><W14/><G117/><T64/><D64/><U25/><REACH who="1" step="1"/><E93/><REACH who="1" ten="250,240,250,250" step="2"/><V95/><F95/><N who="3" m="58495" /><G112/><T75/><REACH who="0" step="1"/><D0/><AGARI ba="0,1" hai="0,1,2,3,7,9,25,26,27,82,87,91,101,103" machi="0" ten="50,1600,0" yaku="1,1,53,0" doraHai="106" doraHaiUra="62" who="1" fromWho="0" sc="250,-16,240,26,250,0,250,0" /><INIT seed="1,0,0,4,0,32" ten="234,266,250,250" oya="1" hai0="125,19,20,112,0,51,100,52,71,119,78,35,49" hai1="44,38,129,74,102,33,68,22,43,50,113,45,92" hai2="108,134,53,39,10,130,86,14,96,94,13,127,121" hai3="111,12,85,40,24,104,103,87,117,8,64,124,1"/><U131/><E113/><V41/><F121/><W9/><G111/><T28/><D119/><U90/><E33/><V73/><F73/><W133/><G117/><T2/><D112/><U66/><E74/><V101/><F108/><W70/><G40/><T84/><D71/><U114/><E114/><V88/><F127/><W98/><G124/><T118/><D118/><U23/><E102/><V57/><F130/><N who="1" m="49673" /><E66/><V6/><F134/><W128/><G128/><T75/><D75/><U116/><E68/><V79/><F79/><W89/><G133/><T83/><D125/><U67/><E67/><V106/><F41/><W60/><G24/><T82/><D100/><U30/><E30/><V59/><F39/><W15/><G87/><T3/><D83/><U25/><E25/><V107/><F59/><W7/><REACH who="3" step="1"/><G8/><REACH who="3" ten="234,266,250,240" step="2"/><T21/><D35/><U47/><E116/><V115/><F115/><W132/><G132/><T58/><D28/><U76/><E76/><V63/><REACH who="2" step="1"/><F107/><REACH who="2" ten="234,266,240,240" step="2"/><W93/><AGARI ba="0,2" hai="1,7,9,12,15,60,64,70,85,89,93,98,103,104" machi="93" ten="20,8000,1" yaku="1,1,0,1,7,1,52,1,53,1" doraHai="32" doraHaiUra="80" who="3" fromWho="3" sc="234,-20,266,-40,240,-20,240,100" /><INIT seed="2,0,0,0,1,102" ten="214,226,220,340" oya="2" hai0="63,35,45,21,114,104,83,15,111,36,120,55,32" hai1="19,39,43,125,27,66,30,87,70,121,16,99,37" hai2="59,26,105,0,133,54,28,92,49,8,69,64,95" hai3="48,52,14,103,18,129,5,46,20,89,1,34,73"/><V98/><F133/><W51/><G129/><T78/><D120/><U128/><E128/><V88/><F0/><W4/><G73/><T24/><D114/><U116/><E116/><V17/><F8/><W122/><G122/><T93/><D111/><U11/><E121/><V22/><F95/><W12/><G34/><T131/><D131/><U33/><E125/><V135/><F135/><W3/><G3/><T118/><D118/><U68/><E87/><V23/><F69/><W67/><G67/><T2/><D2/><U47/><E39/><V132/><F132/><W119/><G119/><T134/><D134/><U76/><E76/><V97/><F64/><W56/><G12/><T9/><D93/><U126/><E126/><V77/><F77/><W71/><G71/><T112/><D112/><U94/><E11/><V130/><F130/><W101/><G89/><T6/><D104/><U117/><E117/><V107/><F98/><W96/><G1/><T31/><D36/><U50/><E50/><V7/><F7/><N who="3" m="2635" /><G96/><T13/><D13/><AGARI ba="0,0" hai="13,17,22,23,26,28,49,54,59,88,92,97,105,107" machi="13" ten="30,11600,0" yaku="7,1,52,2,54,1" doraHai="102" who="2" fromWho="0" sc="214,-116,226,0,220,116,340,0" /><INIT seed="2,1,0,4,4,5" ten="98,226,336,340" oya="2" hai0="113,9,127,27,35,82,37,83,101,63,125,65,130" hai1="116,117,45,84,107,93,3,105,97,33,95,56,14" hai2="8,75,26,77,114,88,118,12,91,15,4,36,41" hai3="38,72,46,120,102,42,85,119,67,61,11,58,32"/><V109/><F114/><W73/><G119/><T123/><D113/><U70/><E70/><V57/><F118/><W100/><G120/><T132/><D37/><U18/><E3/><V134/><F134/><W31/><G31/><T39/><D39/><U98/><E33/><V86/><F109/><W10/><G32/><T110/><D123/><U81/><E107/><V29/><F75/><W68/><G73/><T92/><D110/><U55/><E105/><V48/><F36/><W69/><G72/><T43/><D43/><U47/><E97/><V62/><F15/><W124/><G69/><T22/><D35/><U40/><E40/><V76/><F48/><W17/><G17/><T0/><D132/><U23/><E116/><V44/><F44/><N who="1" m="16969" /><E98/><V133/><F41/><W34/><G34/><T106/><D106/><U103/><E103/><V135/><F135/><W122/><G122/><T112/><D101/><U54/><E54/><N who="2" m="34103" /><F133/><W13/><G13/><T87/><D0/><U25/><E14/><V24/><F91/><W30/><G100/><T99/><D112/><U89/><E117/><V49/><F49/><AGARI ba="1,0" hai="18,23,25,49,55,56,81,84,89,93,95" m="16969" machi="49" ten="30,1000,0" yaku="8,1" doraHai="5" who="1" fromWho="2" sc="98,0,226,13,336,-13,340,0" /><INIT seed="3,0,0,2,1,4" ten="98,239,323,340" oya="3" hai0="39,86,5,124,21,75,105,122,33,120,47,25,131" hai1="30,84,10,46,61,50,66,60,96,101,64,128,2" hai2="51,111,93,121,123,82,72,71,88,73,54,42,58" hai3="24,89,98,77,9,23,37,27,44,126,28,110,57"/><W40/><G126/><T14/><D75/><U109/><E109/><V22/><F71/><W74/><G110/><T13/><D105/><U127/><E128/><V59/><F111/><W134/><G134/><T91/><D131/><U1/><E30/><V32/><F32/><W79/><G74/><T3/><D124/><U48/><E84/><V17/><F42/><W7/><G57/><T116/><D116/><U16/><E1/><V67/><F82/><W49/><G37/><T125/><D125/><U45/><E2/><V15/><F67/><N who="1" m="25641" /><E96/><N who="2" m="57383" /><F59/><W119/><G119/><T83/><D3/><U63/><E101/><V12/><F12/><W53/><G40/><T68/><D33/><U8/><E127/><V38/><F38/><W65/><G65/><T92/><D68/><U81/><E81/><V31/><F31/><W114/><G114/><T18/><D39/><U70/><E16/><V106/><F106/><W94/><G27/><T35/><D122/><AGARI ba="0,0" hai="15,17,22,51,54,58,72,73,121,122,123" m="57383" machi="122" ten="30,2000,0" yaku="13,1,54,1" doraHai="4" who="2" fromWho="0" sc="98,-20,239,0,323,20,340,0" /><INIT seed="4,0,0,0,0,126" ten="78,239,343,340" oya="0" hai0="68,82,9,50,7,117,108,41,51,67,38,122,129" hai1="123,63,86,109,35,130,66,73,113,42,106,100,27" hai2="40,33,74,8,56,79,114,60,12,134,45,72,11" hai3="2,17,23,107,37,119,58,52,95,28,32,98,110"/><T10/><D117/><U6/><E86/><V131/><F33/><W99/><G110/><T48/><D122/><U128/><E123/><V104/><F104/><W19/><G37/><T75/><D108/><U102/><E109/><V125/><F125/><W3/><G119/><T118/><D118/><U14/><E73/><V30/><F30/><W18/><G32/><T135/><D135/><U85/><E85/><V111/><F114/><W78/><G78/><N who="0" m="44383" /><D67/><U46/><E14/><V21/><F12/><W120/><G120/><T59/><D59/><U22/><E6/><V26/><F56/><W65/><G65/><T71/><D10/><U121/><E35/><V115/><F111/><W97/><G107/><T39/><D39/><U127/><E113/><V87/><F115/><W91/><G3/><N who="0" m="255" /><D129/><N who="1" m="49771" /><E127/><V90/><F131/><W57/><G2/><T70/><D70/><N who="1" m="42335" /><E121/><V0/><F0/><W24/><G58/><T43/><D43/><U88/><E88/><V133/><F90/><W4/><G4/><T132/><D132/><U62/><E62/><AGARI ba="0,0" hai="17,18,19,23,24,28,52,57,62,91,95,97,98,99" machi="62" ten="40,2600,0" yaku="8,1,54,1" doraHai="126" who="3" fromWho="1" sc="78,0,239,-26,343,0,340,26" /><INIT seed="5,0,0,2,0,69" ten="78,213,343,366" oya="1" hai0="2,17,116,99,56,114,103,94,22,20,133,64,51" hai1="32,97,63,80,86,66,102,26,35,59,79,18,40" hai2="5,130,129,36,31,104,131,117,60,68,105,107,19" hai3="45,110,47,113,25,4,42,118,91,52,21,33,65"/><U48/><E32/><V101/><F117/><W12/><G110/><T128/><D128/><U112/><E112/><V3/><F19/><W73/><G113/><T120/><D133/><U34/><E34/><V8/><F31/><W10/><G65/><T14/><D116/><U134/><E134/><V126/><F126/><W41/><G73/><T132/><D2/><U1/><E1/><V23/><F23/><W29/><G118/><T37/><D114/><U49/><E40/><N who="3" m="15466" /><G33/><T61/><D132/><U16/><E35/><V38/><F101/><W0/><G0/><T87/><D120/><U96/><E18/><V121/><F121/><W98/><G52/><T27/><D51/><N who="1" m="19531" /><E102/><V44/><F44/><W43/><G43/><T108/><D108/><U72/><E72/><V9/><F9/><W88/><G98/><T15/><D37/><U100/><E100/><V89/><F89/><AGARI ba="0,0" hai="4,10,12,21,25,29,45,47,88,89,91" m="15466" machi="89" ten="30,2000,0" yaku="8,1,54,1" doraHai="69" who="3" fromWho="2" sc="78,0,213,0,343,-20,366,20" /><INIT seed="6,0,0,1,5,127" ten="78,213,323,386" oya="2" hai0="87,74,47,15,2,51,61,24,114,19,91,98,129" hai1="8,92,31,55,30,27,14,73,121,78,66,54,58" hai2="63,125,60,42,36,17,38,40,101,77,56,86,75" hai3="100,21,134,108,10,107,84,81,96,25,34,46,37"/><V132/><F75/><W12/><G108/><T83/><D114/><U89/><E73/><V106/><F106/><W94/><G134/><T53/><D2/><U6/><E78/><V116/><F101/><W95/><G34/><T123/><D123/><U26/><E66/><V135/><F17/><W64/><G64/><T112/><D112/><U5/><E5/><V122/><F86/><W7/><G46/><T48/><D74/><U131/><E131/><V23/><F23/><W93/><G37/><N who="2" m="14441" /><F77/><N who="3" m="46127" /><G107/><T69/><D69/><U65/><E65/><N who="2" m="39047" /><F116/><W57/><G57/><T18/><D61/><U133/><E58/><V32/><F32/><W109/><G109/><T16/><D129/><U43/><E133/><N who="2" m="51275" /><F125/><W41/><G96/><T102/><D24/><U3/><E3/><V68/><F122/><W105/><G105/><T76/><D51/><U20/><E121/><V35/><F35/><W117/><G117/><T62/><D62/><U82/><E82/><V67/><AGARI ba="0,0" hai="40,42,63,67,68" m="51275,39047,14441" machi="67" ten="40,7800,0" yaku="20,1,34,2" doraHai="127" who="2" fromWho="2" sc="78,-26,213,-26,323,78,386,-26" /><INIT seed="6,1,0,2,3,51" ten="52,187,401,360" oya="2" hai0="53,22,125,14,96,99,124,52,30,77,101,13,3" hai1="71,66,49,85,24,37,39,57,35,133,56,98,74" hai2="68,29,18,21,41,40,48,76,27,107,43,113,7" hai3="59,33,25,6,12,92,130,17,100,65,10,105,131"/><V123/><F123/><W87/><G105/><T64/><D3/><U94/><E74/><V9/><F68/><W55/><G65/><T112/><D112/><U2/><E2/><V61/><F107/><W62/><G33/><T31/><D77/><U103/><E39/><V83/><F61/><W93/><G100/><T38/><D64/><U108/><E133/><V121/><F113/><W134/><G134/><T109/><D38/><U122/><E108/><V63/><F63/><W90/><G92/><T72/><D72/><U50/><E71/><V84/><F121/><W81/><G81/><T0/><D0/><U95/><E35/><V75/><F75/><W89/><G89/><T32/><D32/><U129/><E37/><V91/><F91/><W102/><G102/><T4/><D4/><U127/><E103/><V132/><F132/><W15/><G25/><T36/><D36/><U45/><E24/><V73/><F73/><W19/><REACH who="3" step="1"/><G6/><REACH who="3" ten="52,187,401,350" step="2"/><T116/><D101/><U34/><E34/><V117/><F7/><W82/><G82/><T58/><D22/><AGARI ba="1,1" hai="10,12,15,17,19,22,55,59,62,87,90,93,130,131" machi="22" ten="40,5200,0" yaku="1,1,52,1,53,1" doraHai="51" doraHaiUra="88" who="3" fromWho="0" sc="52,-55,187,0,401,0,350,65" owari="-3,-50.0,187,-21.0,401,20.0,415,51.0" /></mjloggm>