<mjloggm ver="2.3"><GO type="169" lobby="0"/><UN n0="%E4%B8%BB%E5%B8%AD" n1="%E5%BC%B7%E6%89%93%E6%84%9B%E5%A5%BD%E5%AE%B6" n2="%E3%81%BD%E3%82%93%E3%81%A7%E3%82%89%E3%81%84%E3%81%8A%E3%82%93" n3="%E5%AE%89%E9%81%94%E3%81%95%E3%81%8F%E3%82%89" dan="16,16,18,17" rate="2149.40,2112.16,2218.93,2194.73" sx="M,M,M,M"/><TAIKYOKU oya="0"/><INIT seed="0,0,0,4,1,54" ten="250,250,250,250" oya="0" hai0="112,66,118,4,3,106,6,97,77,124,40,9,22" hai1="57,30,104,24,28,27,55,1,35,107,53,114,94" hai2="131,48,65,38,15,23,84,32,83,119,0,34,115" hai3="61,47,113,29,50,44,127,72,67,7,62,86,49"/><T60/><D118/><U100/><E1/><V99/><F115/><W68/><G113/><T130/><D112/><U121/><E121/><V90/><F119/><W69/><G72/><T85/><D130/><U126/><E126/><V20/><F38/><W17/><G7/><T125/><D6/><U46/><E114/><V111/><F0/><W82/><G29/><T51/><D22/><U108/><E108/><V18/><F111/><W63/><G127/><N who="0" m="48715" /><D77/><U91/><E46/><N who="3" m="17450" /><G17/><T70/><D85/><U117/><E53/><V73/><F131/><W75/><G86/><T36/><D51/><N who="3" m="19465" /><G82/><T11/><D11/><U95/><E117/><V52/><F73/><W19/><G19/><T132/><D132/><U74/><E100/><V122/><F122/><W10/><G10/><T71/><D40/><U93/><E74/><V109/><F109/><W26/><G26/><T8/><D8/><U76/><E76/><V41/><F41/><W116/><G75/><T42/><D42/><U25/><E91/><V31/><F99/><W96/><G96/><T79/><D79/><U21/><REACH who="1" step="1"/><E25/><REACH who="1" ten="250,240,250,250" step="2"/><V89/><F90/><W98/><G116/><T59/><D36/><U135/><E135/><V14/><F89/><W43/><G43/><T102/><AGARI ba="0,1" hai="3,4,9,59,60,66,70,71,97,102,106" m="48715" machi="102" ten="30,3000,0" yaku="18,1,52,1" doraHai="54" who="0" fromWho="0" sc="250,40,240,-10,250,-10,250,-10" /><INIT seed="0,1,0,0,0,43" ten="290,230,240,240" oya="0" hai0="11,107,28,58,114,49,104,91,118,86,41,133,32" hai1="73,47,17,42,39,100,126,76,88,64,77,22,69" hai2="46,65,122,37,134,117,115,8,116,72,97,135,103" hai3="59,75,24,96,29,57,108,63,4,83,129,101,66"/><T26/><D114/><U9/><E126/><V61/><F8/><W95/><G108/><T99/><D118/><N who="2" m="45674" /><F72/><W38/><G129/><T71/><D71/><U52/><E100/><V67/><F97/><W60/><G38/><T84/><D133/><N who="2" m="50698" /><F103/><W2/><G2/><T19/><D99/><U127/><E127/><V80/><F80/><W25/><G4/><T34/><D34/><U0/><E73/><V18/><F18/><W120/><G120/><T128/><D128/><U111/><E111/><V55/><F115/><W70/><G70/><T131/><D131/><U125/><E125/><V50/><F122/><W48/><G48/><T89/><D84/><U105/><E105/><V1/><F1/><W102/><G102/><T14/><D89/><U54/><E77/><V36/><F67/><W15/><G15/><T23/><D32/><U20/><E20/><V79/><F79/><W27/><G83/><N who="0" m="49631" /><D107/><U81/><E9/><V3/><F3/><W13/><G13/><T121/><D104/><U78/><E78/><V109/><F109/><W113/><G113/><T12/><D12/><N who="1" m="9511" /><E88/><V16/><F16/><W85/><G85/><T45/><D121/><U87/><E0/><V93/><F93/><W82/><G82/><T56/><AGARI ba="1,0" hai="11,14,19,23,26,28,41,45,49,56,58" m="49631" machi="56" ten="30,3000,0" yaku="8,1,52,1" doraHai="43" who="0" fromWho="0" sc="290,33,230,-11,240,-11,240,-11" /><INIT seed="0,2,0,2,3,5" ten="323,219,229,229" oya="0" hai0="25,94,103,58,61,117,0,2,52,53,98,102,35" hai1="71,48,77,87,67,32,78,75,112,119,72,49,82" hai2="26,134,118,70,40,121,89,44,120,104,95,41,62" hai3="31,69,128,9,68,46,3,86,51,125,6,126,16"/><T54/><D117/><U24/><E119/><V110/><F118/><W59/><G31/><T92/><D35/><U47/><E112/><V113/><F113/><W13/><G59/><T73/><D73/><U23/><E32/><V64/><F110/><W8/><G86/><T4/><D25/><U65/><E49/><V123/><F134/><W101/><G101/><T55/><REACH who="0" step="1"/><D4/><REACH who="0" ten="313,219,229,229" step="2"/><U132/><E72/><V114/><F114/><W79/><G128/><T37/><D37/><U81/><E132/><V20/><F121/><W19/><G19/><T14/><D14/><U93/><E71/><V28/><F123/><W108/><G108/><T42/><D42/><U97/><E24/><V66/><F120/><W22/><G79/><T100/><D100/><U12/><E12/><V15/><F15/><W85/><G22/><T7/><D7/><U21/><E23/><V63/><F41/><W29/><G29/><T17/><D17/><U56/><E21/><V10/><F40/><N who="3" m="25031" /><G85/><T133/><D133/><U107/><E87/><V45/><F28/><W33/><G33/><T39/><D39/><U83/><E75/><V1/><F20/><W111/><G111/><T99/><AGARI ba="2,1" hai="0,2,52,53,54,55,58,61,92,94,98,99,102,103" machi="99" ten="30,11700,0" yaku="1,1,0,1,9,1,54,1,53,0" doraHai="5" doraHaiUra="130" who="0" fromWho="0" sc="313,133,219,-41,229,-41,229,-41" /><INIT seed="0,3,0,0,2,61" ten="446,178,188,188" oya="0" hai0="66,75,110,54,128,85,91,103,121,52,96,2,38" hai1="107,4,10,106,64,14,16,56,68,27,26,53,22" hai2="0,89,50,93,88,47,116,82,19,127,58,90,130" hai3="42,57,100,15,11,44,46,120,123,104,69,9,37"/><T6/><D121/><N who="3" m="46665" /><G69/><T101/><D75/><U78/><E78/><V40/><F116/><W112/><G112/><T113/><D113/><U119/><E119/><V122/><F122/><W5/><G46/><T87/><D38/><U63/><REACH who="1" step="1"/><E26/><REACH who="1" ten="446,168,188,188" step="2"/><V29/><F127/><W28/><G37/><T18/><D128/><U132/><E132/><V77/><F130/><W102/><G104/><T134/><D134/><U12/><E12/><V24/><F0/><W49/><G28/><T84/><D2/><U25/><E25/><V67/><F29/><W1/><G57/><T114/><D114/><U33/><E33/><V70/><F58/><W45/><G45/><T86/><D110/><U135/><E135/><V129/><F129/><W72/><G72/><T79/><D79/><U115/><E115/><V81/><F77/><W126/><G126/><T62/><D6/><AGARI ba="3,1" hai="1,5,6,9,11,15,42,44,49,100,102" m="46665" machi="6" ten="30,1000,0" yaku="13,1" doraHai="61" who="3" fromWho="0" sc="446,-19,168,0,188,0,188,29" /><INIT seed="1,0,0,0,2,59" ten="427,168,188,217" oya="1" hai0="76,92,109,117,125,103,112,64,113,45,97,13,82" hai1="2,74,1,80,77,30,23,0,21,20,71,3,41" hai2="120,94,126,47,57,8,35,50,96,131,9,58,100" hai3="108,11,73,123,44,51,72,122,49,83,24,84,114"/><U132/><N who="1" m="0" /><DORA hai="32" /><U66/><E132/><V98/><F120/><W69/><G114/><T110/><D117/><U90/><E41/><V93/><F35/><W19/><G69/><T10/><D64/><U7/><E7/><V130/><F126/><W65/><G65/><T43/><D125/><U14/><E90/><V46/><F50/><W37/><G37/><T56/><D56/><U28/><REACH who="1" step="1"/><E14/><REACH who="1" ten="427,158,188,217" step="2"/><V107/><F100/><W85/><G123/><T134/><D134/><U31/><E31/><V111/><F111/><W95/><G108/><T128/><D110/><U29/><E29/><V63/><REACH who="2" step="1"/><F107/><REACH who="2" ten="427,158,178,217" step="2"/><W67/><G122/><T106/><D106/><U38/><E38/><V102/><F102/><W121/><G121/><T68/><D109/><U129/><E129/><V62/><AGARI ba="0,2" hai="8,9,46,47,57,58,62,63,93,94,96,98,130,131" machi="62" ten="25,12000,2" yaku="1,1,0,1,22,2,52,2,53,0" doraHai="59,32" doraHaiUra="78,104" who="2" fromWho="2" sc="427,-30,158,-60,178,140,217,-30" /><INIT seed="2,0,0,3,0,3" ten="397,98,318,187" oya="2" hai0="73,95,27,9,17,113,50,118,66,16,46,72,127" hai1="20,56,31,47,97,132,117,32,76,108,41,78,83" hai2="130,100,121,4,109,84,119,135,125,68,123,34,104" hai3="29,55,59,81,80,69,30,64,62,10,93,2,82"/><V26/><RYUUKYOKU type="yao9" ba="0,0" sc="397,0,98,0,318,0,187,0" hai2="4,26,34,68,84,100,104,109,119,121,123,125,130,135" /><INIT seed="2,1,0,1,4,31" ten="397,98,318,187" oya="2" hai0="49,38,121,129,18,30,57,59,62,71,37,70,119" hai1="85,26,65,94,56,90,40,33,47,34,29,21,64" hai2="42,36,81,102,0,76,3,60,48,41,53,113,100" hai3="43,61,96,8,125,82,107,44,2,91,73,4,51"/><V84/><F113/><W55/><G125/><T123/><D18/><U35/><REACH who="1" step="1"/><E56/><REACH who="1" ten="397,88,318,187" step="2"/><N who="2" m="34831" /><F0/><W118/><G2/><T117/><D59/><U20/><E20/><V6/><F3/><W132/><G118/><T74/><D57/><U77/><E77/><V115/><F115/><W88/><G132/><T23/><D23/><U10/><E10/><V134/><F134/><W97/><G8/><T11/><D11/><U95/><E95/><V83/><F83/><W12/><G82/><T80/><D80/><U111/><E111/><V114/><F114/><W17/><G107/><T78/><D119/><U133/><E133/><V16/><F81/><W22/><G22/><T63/><D117/><U79/><E79/><V93/><F93/><W120/><G73/><T106/><D78/><U103/><E103/><V130/><F100/><W50/><G91/><T109/><D106/><U25/><E25/><V39/><F102/><W19/><G88/><T15/><D74/><U27/><E27/><V72/><F72/><W122/><G122/><T108/><D123/><U52/><E52/><V46/><F76/><W87/><G55/><T112/><D121/><U127/><E127/><V124/><F124/><W32/><G120/><T54/><D112/><U9/><E9/><V24/><F24/><W89/><G89/><T28/><D109/><U131/><E131/><V116/><F130/><W68/><G96/><T128/><D108/><U98/><E98/><V5/><F116/><W66/><G97/><T14/><D54/><U104/><E104/><V67/><F5/><W99/><G99/><T45/><D45/><RYUUKYOKU ba="1,1" sc="397,15,88,15,318,-15,187,-15" hai0="14,15,28,30,37,38,49,62,63,70,71,128,129" hai1="21,26,29,33,34,35,40,47,64,65,85,90,94" /><INIT seed="3,2,1,1,5,29" ten="412,103,303,172" oya="3" hai0="125,99,41,40,63,33,12,46,71,105,131,15,3" hai1="101,51,0,70,61,56,37,4,18,100,72,66,78" hai2="64,27,68,88,76,43,102,11,16,59,1,57,124" hai3="77,22,135,89,6,109,38,123,28,130,111,24,73"/><W48/><G38/><T31/><D3/><U9/><E37/><V47/><F124/><W115/><G115/><T91/><D125/><U7/><E7/><V10/><F76/><W35/><G123/><T20/><D131/><U58/><E78/><V42/><F102/><W8/><G130/><T65/><D91/><U114/><E72/><V44/><F68/><W45/><G135/><T52/><D20/><U49/><E114/><V129/><F129/><W113/><G113/><T110/><D110/><N who="3" m="41993" /><G89/><T95/><D41/><U122/><E122/><V19/><F1/><N who="3" m="79" /><G77/><T60/><D40/><U53/><E18/><V79/><F79/><W121/><G121/><T55/><D95/><U21/><E21/><V23/><F88/><W119/><G119/><T94/><D94/><U117/><E117/><V108/><F108/><W13/><G73/><T134/><D134/><U81/><E81/><V69/><F69/><W103/><G103/><N who="0" m="62719" /><D60/><U80/><E80/><V120/><F120/><W17/><G48/><N who="0" m="28695" /><D55/><AGARI ba="2,1" hai="0,4,9,49,51,53,55,56,58,61,66,70,100,101" machi="55" ten="40,1300,0" yaku="9,1" doraHai="29" who="1" fromWho="0" sc="412,-19,103,29,303,0,172,0" /><INIT seed="4,0,0,5,3,95" ten="393,132,303,172" oya="0" hai0="19,119,73,112,15,63,55,108,40,79,21,60,84" hai1="43,109,98,10,106,69,130,74,1,89,61,123,114" hai2="65,39,86,117,78,50,80,42,41,44,97,128,110" hai3="54,127,132,77,59,58,104,52,11,71,88,45,20"/><T17/><D112/><U121/><E109/><V83/><F110/><W24/><G71/><T126/><D108/><U91/><E114/><V0/><F128/><W68/><G68/><T2/><D119/><U85/><E74/><V25/><F117/><W64/><G132/><T120/><D2/><U31/><E130/><V131/><F131/><W111/><G111/><T22/><D73/><U116/><E116/><V87/><F0/><W7/><G127/><T72/><D72/><U35/><E43/><V115/><F115/><W5/><G104/><T6/><D6/><U12/><E1/><V133/><F133/><W82/><G64/><T135/><D120/><U4/><E31/><V122/><F122/><W107/><G107/><T18/><D135/><U100/><E89/><V27/><F65/><W29/><G77/><T3/><D3/><U105/><E105/><V102/><F41/><W26/><G26/><T38/><D126/><U57/><E35/><V67/><F67/><W46/><G59/><N who="0" m="34943" /><D63/><U51/><E51/><V113/><F39/><W101/><G101/><T33/><D33/><U94/><REACH who="1" step="1"/><E69/><REACH who="1" ten="393,122,303,172" step="2"/><V48/><F50/><W28/><G28/><T124/><D124/><U9/><E9/><V14/><F113/><W90/><G11/><T75/><D75/><U53/><AGARI ba="0,1" hai="4,10,12,53,57,61,85,91,94,98,100,106,121,123" machi="53" ten="20,5200,0" yaku="1,1,0,1,7,1,52,1,53,0" doraHai="95" doraHaiUra="134" who="1" fromWho="1" sc="393,-26,122,62,303,-13,172,-13" /><INIT seed="5,0,0,2,3,126" ten="367,184,290,159" oya="1" hai0="121,67,116,133,123,106,76,50,0,27,93,45,18" hai1="92,52,37,13,82,42,46,131,132,65,83,81,5" hai2="8,4,118,134,103,19,120,66,43,24,31,33,9" hai3="101,128,119,87,28,29,10,80,99,22,124,97,32"/><U105/><E105/><V54/><F66/><W94/><G124/><T74/><D116/><U79/><E132/><V100/><F54/><W59/><G119/><T3/><D106/><U68/><E92/><V34/><F43/><W112/><G112/><T95/><D133/><U41/><E41/><V1/><F103/><W78/><G32/><T20/><D67/><U56/><E131/><V102/><F100/><W114/><G114/><T14/><D76/><U110/><E110/><V108/><F102/><W111/><G111/><T63/><D63/><N who="1" m="39999" /><E13/><N who="2" m="7591" /><F108/><W53/><G128/><T127/><D74/><N who="1" m="43255" /><E5/><N who="2" m="1199" /><F134/><W107/><G10/><N who="0" m="6487" /><D95/><U21/><E21/><N who="2" m="15759" /><F118/><W7/><G7/><T77/><D93/><U12/><E12/><V88/><F88/><W72/><G99/><T55/><D77/><U117/><E117/><V73/><F73/><W89/><REACH who="3" step="1"/><G22/><REACH who="3" ten="367,184,290,149" step="2"/><T90/><D127/><U129/><E129/><V113/><F113/><W60/><AGARI ba="0,1" hai="28,29,53,59,60,72,78,80,87,89,94,97,101,107" machi="60" ten="20,12000,2" yaku="1,1,2,1,0,1,7,1,24,2,53,0" doraHai="126" doraHaiUra="71" who="3" fromWho="3" sc="367,-30,184,-60,290,-30,149,130" /><INIT seed="6,0,0,3,3,12" ten="337,124,260,279" oya="2" hai0="66,38,5,25,28,79,51,76,116,3,18,63,98" hai1="56,115,118,10,16,87,27,22,6,91,57,113,96" hai2="121,35,2,75,8,59,71,106,60,109,102,92,11" hai3="54,127,24,103,95,125,73,135,94,88,130,101,17"/><V43/><F121/><W114/><G73/><T40/><D38/><U0/><E118/><V15/><F109/><W86/><G130/><T83/><D116/><U45/><E45/><V93/><F35/><W68/><G68/><T107/><D18/><U29/><E96/><V89/><F75/><W110/><G110/><T117/><D117/><U84/><E84/><V99/><F71/><W80/><G135/><T62/><D25/><U13/><E115/><V55/><F43/><W112/><G54/><T128/><D28/><U42/><E42/><V46/><F2/><W61/><G61/><T20/><D63/><U47/><E47/><V19/><F46/><W67/><G67/><T50/><D66/><U52/><E52/><V64/><F106/><W131/><G131/><T108/><D62/><U132/><E132/><V32/><F32/><W78/><G17/><T21/><D107/><U14/><E113/><N who="3" m="43626" /><G24/><T85/><D40/><U48/><E48/><V100/><F8/><W134/><G134/><T74/><D51/><U72/><E72/><V34/><F34/><W37/><G37/><T23/><D50/><U119/><E119/><V70/><F93/><N who="3" m="35339" /><G78/><T81/><D128/><U120/><E120/><V123/><F123/><W4/><G4/><T41/><D108/><U122/><E122/><V26/><F26/><W124/><AGARI ba="0,0" hai="80,86,88,101,103,124,125,127" m="35339,43626" machi="124" ten="40,12000,2" yaku="18,1,15,1,11,1,34,2,54,1" doraHai="12" who="3" fromWho="3" sc="337,-30,124,-30,260,-60,279,120" /><INIT seed="7,0,0,0,2,127" ten="307,94,200,399" oya="3" hai0="39,116,94,38,62,48,133,45,2,120,50,22,1" hai1="108,58,66,8,46,75,31,72,96,23,53,70,49" hai2="4,82,87,130,91,14,3,110,42,44,27,30,6" hai3="67,19,52,47,128,105,104,107,93,80,95,55,69"/><W98/><G80/><T83/><D120/><U89/><E108/><V63/><F3/><W81/><G81/><T10/><D116/><U54/><E72/><V41/><F110/><W68/><G19/><T57/><D133/><U37/><E75/><V16/><F63/><W84/><G84/><T77/><D39/><U125/><E125/><V9/><F130/><W109/><G128/><T12/><D38/><U92/><E8/><V36/><F42/><W32/><G105/><T103/><D22/><AGARI ba="0,0" hai="4,6,9,14,16,22,27,30,36,41,44,82,87,91" machi="22" ten="30,2000,0" yaku="7,1,54,1" doraHai="127" who="2" fromWho="0" sc="307,-20,94,0,200,20,399,0" owari="287,9.0,94,-41.0,220,-18.0,399,50.0" /></mjloggm>