<mjloggm ver="2.3"><GO type="169" lobby="0"/><UN n0="%E3%82%84%E3%81%BE%E3%83%BC%E3%82%93" n1="%E3%83%AD%E3%83%83%E3%82%BD" n2="%E3%81%BF%E3%81%A3%E3%81%8D%E3%83%BC" n3="%E3%81%B4%E3%83%BC%E3%81%8A%E3%81%8B" dan="19,17,17,16" rate="2294.74,2141.82,2202.24,2170.20" sx="M,F,M,M"/><TAIKYOKU oya="0"/><INIT seed="0,0,0,3,0,95" ten="250,250,250,250" oya="0" hai0="78,131,123,93,30,39,45,3,129,62,103,57,34" hai1="53,68,69,106,122,133,65,51,5,119,135,107,113" hai2="114,58,36,49,87,111,40,60,85,17,127,102,94" hai3="54,31,83,77,8,90,27,98,81,100,2,26,92"/><T12/><D123/><U43/><E5/><V7/><F114/><W35/><G54/><T15/><D3/><U101/><E119/><V9/><F36/><W80/><G27/><T124/><D124/><U70/><E101/><V32/><F32/><W44/><G44/><T25/><D78/><U66/><E107/><V71/><F71/><W97/><G2/><T56/><D56/><U134/><E106/><V48/><F17/><W18/><G8/><T105/><D93/><U112/><E43/><V126/><F49/><W38/><G18/><T22/><D45/><N who="1" m="27887" /><E122/><V33/><F48/><W41/><G41/><T125/><D39/><U109/><E109/><V73/><F73/><W74/><REACH who="3" step="1"/><G38/><REACH who="3" ten="250,250,250,240" step="2"/><T20/><D25/><U128/><E128/><V64/><F40/><W28/><G28/><T117/><D30/><U96/><E96/><N who="2" m="59671" /><F127/><W50/><G50/><T61/><D125/><U11/><E11/><V46/><F126/><W63/><G63/><T42/><D62/><U99/><E99/><V55/><F111/><W115/><G115/><AGARI ba="0,1" hai="65,66,68,69,70,112,113,115,133,134,135" m="27887" machi="115" ten="40,8000,1" yaku="11,1,20,1,34,2" doraHai="95" who="1" fromWho="3" sc="250,0,250,90,250,0,240,-80" /><INIT seed="1,0,0,4,5,4" ten="250,340,250,160" oya="1" hai0="44,62,104,124,129,60,23,0,106,27,72,35,112" hai1="61,53,89,123,110,81,49,88,19,12,78,100,115" hai2="55,133,84,120,101,96,75,21,94,135,128,10,70" hai3="127,25,20,57,95,86,36,91,65,41,5,9,8"/><U26/><E123/><V73/><F120/><W11/><G127/><T16/><D112/><U90/><E115/><V31/><F70/><W121/><G121/><T97/><D124/><U33/><E100/><V13/><F128/><W109/><G109/><T28/><D129/><U82/><E110/><V108/><F108/><W111/><G111/><T83/><D104/><U38/><E38/><V77/><F55/><W126/><G126/><T113/><D113/><U7/><E7/><V68/><F68/><W102/><G102/><T99/><D106/><U56/><E33/><V66/><F66/><W47/><G57/><T1/><D44/><U132/><E132/><N who="2" m="50763" /><F21/><W18/><REACH who="3" step="1"/><G65/><REACH who="3" ten="250,340,250,150" step="2"/><T64/><D64/><U6/><E61/><V40/><F101/><W114/><G114/><T76/><D62/><U17/><E82/><V43/><F73/><W14/><AGARI ba="0,1" hai="5,8,9,11,14,18,20,25,36,41,47,86,91,95" machi="14" ten="20,12000,2" yaku="1,1,0,1,7,1,52,3,53,0" doraHai="4" doraHaiUra="116" who="3" fromWho="3" sc="250,-30,340,-60,250,-30,150,130" /><INIT seed="2,0,0,4,4,56" ten="220,280,220,280" oya="2" hai0="49,130,69,4,8,29,20,113,58,116,114,52,3" hai1="70,12,80,44,81,30,127,35,83,125,33,51,93" hai2="120,43,14,105,0,74,15,135,101,36,9,54,41" hai3="38,28,109,88,40,99,17,97,121,23,115,124,106"/><V57/><F120/><W112/><G121/><T53/><D69/><U67/><E12/><V111/><F74/><W2/><G2/><T25/><D130/><U21/><E93/><V75/><F75/><W119/><G119/><T26/><D116/><U1/><E1/><V89/><F135/><W55/><G109/><T6/><D6/><U34/><E70/><V133/><F133/><W10/><G124/><N who="1" m="47690" /><E67/><V76/><F0/><W92/><G28/><T22/><REACH who="0" step="1"/><D53/><REACH who="0" ten="210,280,220,280" step="2"/><N who="1" m="29927" /><E21/><V61/><F9/><W47/><G23/><T123/><D123/><U62/><E35/><V79/><F54/><W98/><G10/><T117/><D117/><U134/><E134/><V132/><F132/><W11/><G55/><T102/><D102/><U63/><E34/><V16/><F101/><W91/><G11/><T94/><D94/><U7/><E7/><V19/><F105/><W95/><G106/><T129/><D129/><U18/><E18/><AGARI ba="0,1" hai="3,4,8,18,20,22,25,26,29,49,52,58,113,114" machi="18" ten="30,3900,0" yaku="1,1,7,1,54,1,53,0" doraHai="56" doraHaiUra="42" who="0" fromWho="1" sc="210,49,280,-39,220,0,280,0" /><INIT seed="3,0,0,1,1,22" ten="259,241,220,280" oya="3" hai0="95,41,66,10,67,20,79,63,21,132,134,113,8" hai1="35,17,14,94,6,46,43,78,90,53,55,82,120" hai2="62,104,105,93,102,73,57,49,131,89,106,18,60" hai3="40,48,128,7,70,72,26,58,86,23,91,118,123"/><W103/><G118/><T0/><D41/><U65/><E120/><V38/><F73/><W121/><G72/><T45/><D45/><U61/><E35/><V69/><F38/><W47/><G70/><T135/><D79/><U124/><E124/><V117/><F117/><W24/><G128/><T98/><D113/><U99/><E6/><V42/><F69/><W52/><G103/><N who="0" m="60895" /><D66/><U81/><E43/><V34/><F131/><W56/><G7/><N who="0" m="1127" /><D10/><U96/><E99/><V50/><F102/><W5/><G5/><T16/><D16/><U25/><E46/><V37/><F34/><W29/><G26/><T59/><AGARI ba="0,0" hai="20,21,59,63,67,132,134,135" m="1127,60895" machi="59" ten="30,1100,0" yaku="20,1" doraHai="22" who="0" fromWho="0" sc="259,11,241,-3,220,-3,280,-5" /><INIT seed="4,0,0,3,4,29" ten="270,238,217,275" oya="0" hai0="43,109,102,72,96,127,6,135,111,39,82,37,34" hai1="58,94,54,18,38,120,0,21,55,40,2,83,48" hai2="134,19,81,95,87,45,123,71,91,26,70,92,65" hai3="105,69,68,98,90,16,79,27,1,30,15,89,59"/><T93/><D127/><U44/><E120/><V77/><F123/><W112/><G112/><T5/><D135/><U126/><E126/><V80/><F134/><W46/><G1/><T57/><D57/><U100/><E83/><V67/><F45/><W73/><G46/><T51/><D51/><U42/><E42/><V85/><F26/><W28/><G28/><T129/><D129/><U74/><E74/><V12/><F71/><W106/><G59/><T50/><D50/><U62/><E100/><V61/><REACH who="2" step="1"/><F67/><REACH who="2" ten="270,238,207,275" step="2"/><W99/><G27/><T31/><D39/><U3/><E38/><V124/><F124/><W133/><G68/><T56/><D37/><U114/><E114/><V101/><F101/><W76/><G69/><T11/><D109/><U14/><REACH who="1" step="1"/><E94/><REACH who="1" ten="270,228,207,275" step="2"/><V104/><F104/><W4/><G105/><T63/><D93/><U121/><E121/><V7/><F7/><W131/><G4/><T60/><D5/><U41/><AGARI ba="0,2" hai="0,2,3,14,18,21,40,41,44,48,54,55,58,62" machi="41" ten="40,2700,0" yaku="1,1,0,1,53,0" doraHai="29" doraHaiUra="22" who="1" fromWho="1" sc="270,-13,228,47,207,-7,275,-7" /><INIT seed="5,0,0,3,1,134" ten="257,275,200,268" oya="1" hai0="83,71,97,12,46,102,7,49,109,122,50,91,92" hai1="48,85,11,117,130,76,103,86,107,20,115,131,29" hai2="114,64,31,56,28,55,9,32,42,18,124,26,70" hai3="125,24,101,93,80,17,30,99,14,35,100,111,72"/><U112/><E11/><V25/><F42/><W95/><G111/><T40/><D109/><U120/><E48/><V81/><F114/><N who="1" m="43561" /><E20/><V41/><F41/><W63/><G125/><T135/><D135/><U3/><E3/><V98/><F81/><W1/><G1/><T113/><D122/><U53/><E53/><V88/><F70/><W61/><G72/><T4/><D113/><U51/><E51/><V39/><F64/><W8/><G80/><T45/><D71/><U58/><E58/><V65/><F65/><W69/><G69/><T34/><D12/><U129/><E29/><V16/><F39/><W66/><G66/><T27/><D27/><N who="2" m="10250" /><F124/><W106/><G106/><T52/><D34/><U23/><E23/><V116/><F116/><W43/><G43/><T132/><D132/><U119/><E120/><V19/><F32/><W82/><G82/><T105/><REACH who="0" step="1"/><D83/><REACH who="0" ten="247,275,200,268" step="2"/><N who="1" m="47335" /><E86/><AGARI ba="0,1" hai="4,7,40,45,46,49,50,52,86,91,92,97,102,105" machi="86" ten="30,3900,0" yaku="1,1,7,1,54,1,53,0" doraHai="134" doraHaiUra="133" who="0" fromWho="1" sc="247,49,275,-39,200,0,268,0" /><INIT seed="6,0,0,0,1,4" ten="296,236,200,268" oya="2" hai0="34,13,125,22,37,121,21,69,117,112,126,33,0" hai1="8,101,76,119,51,104,57,122,11,95,56,29,40" hai2="17,93,41,64,42,108,135,127,89,84,9,99,124" hai3="2,77,134,80,55,111,113,36,3,133,75,81,118"/><V20/><F135/><N who="3" m="51723" /><G111/><T96/><D69/><U68/><E68/><V31/><F108/><W7/><G118/><T115/><D37/><U53/><E104/><V82/><F64/><W110/><G110/><T79/><D121/><U16/><E122/><V131/><F131/><W116/><G116/><T102/><D117/><U72/><E29/><V18/><F31/><W123/><G123/><T70/><D79/><U48/><E119/><V46/><F9/><N who="1" m="3657" /><E72/><V43/><F46/><W38/><G7/><T71/><D0/><U24/><E76/><V114/><F114/><N who="0" m="43562" /><D13/><U47/><E57/><V83/><F83/><W97/><G81/><T94/><D21/><N who="1" m="13351" /><E95/><V45/><F45/><W66/><G77/><T30/><D70/><U78/><E78/><V54/><F20/><W87/><G75/><T62/><D34/><U1/><E1/><V5/><F5/><W61/><G36/><T49/><D33/><U65/><E101/><N who="2" m="60655" /><F17/><W107/><G38/><T35/><D35/><U98/><E98/><V44/><F18/><W52/><G97/><T132/><D96/><U60/><E51/><N who="2" m="29031" /><F127/><W58/><G107/><T15/><D132/><U128/><E128/><V91/><F124/><W25/><G113/><T73/><D73/><U26/><E26/><V50/><F50/><W10/><G25/><T23/><D49/><U28/><E28/><V129/><F129/><W120/><G120/><T27/><D125/><U12/><E12/><V32/><F32/><W130/><G130/><T59/><D15/><U67/><AGARI ba="0,0" hai="40,47,48,53,56,60,65,67" m="13351,3657" machi="67" ten="30,8000,1" yaku="8,1,52,3,54,1" doraHai="4" who="1" fromWho="1" sc="296,-20,236,80,200,-40,268,-20" /><INIT seed="7,0,0,0,4,40" ten="276,316,160,248" oya="3" hai0="29,67,27,131,60,84,102,117,11,130,105,108,76" hai1="13,87,49,33,72,104,111,5,12,4,73,82,8" hai2="85,126,61,118,91,97,88,19,81,43,109,25,107" hai3="21,45,115,51,15,62,94,77,48,134,121,125,133"/><W75/><G121/><T124/><D117/><U26/><E104/><V66/><F118/><W23/><G115/><T112/><D108/><U92/><E111/><V31/><F109/><W78/><G125/><T18/><D124/><U100/><E49/><V39/><F126/><W79/><G75/><T17/><D84/><U64/><E64/><V30/><F19/><W37/><G37/><T68/><D76/><U90/><E33/><V1/><F1/><W132/><G62/><T74/><D74/><U41/><E41/><V122/><F122/><W7/><G51/><T42/><D42/><U24/><E73/><V128/><F128/><W98/><G7/><T9/><D18/><U65/><E65/><V103/><F91/><N who="3" m="55647" /><G15/><N who="0" m="7423" /><D9/><N who="1" m="4135" /><E72/><V56/><REACH who="2" step="1"/><F25/><REACH who="2" ten="276,316,150,248" step="2"/><W59/><G134/><T106/><D130/><U114/><E114/><V46/><AGARI ba="0,1" hai="30,31,39,43,46,56,61,66,81,85,88,97,103,107" machi="46" ten="30,8000,1" yaku="1,1,2,1,0,1,52,1,54,1,53,0" doraHai="40" doraHaiUra="127" who="2" fromWho="2" sc="276,-20,316,-20,150,90,248,-40" /><INIT seed="8,0,0,0,1,9" ten="256,296,240,208" oya="0" hai0="103,112,42,41,28,109,49,125,46,82,8,71,80" hai1="74,130,101,54,59,50,104,69,48,106,116,17,115" hai2="5,45,1,96,114,16,118,88,29,15,81,40,62" hai3="52,38,18,113,60,47,10,97,6,127,84,72,58"/><T61/><D112/><U132/><E69/><V122/><F114/><W77/><G113/><T76/><D42/><U44/><E74/><V98/><F122/><W35/><G35/><T14/><D125/><U134/><E115/><V27/><F1/><N who="3" m="335" /><G84/><T24/><D103/><U95/><E116/><V110/><F5/><W57/><G127/><T75/><D109/><U56/><E130/><V78/><F62/><W111/><G111/><T73/><D61/><U63/><E95/><N who="2" m="56423" /><F98/><W90/><G18/><T68/><D80/><U79/><E79/><V102/><F102/><W135/><G135/><N who="1" m="51754" /><E17/><V70/><F70/><W7/><G7/><T33/><REACH who="0" step="1"/><D75/><REACH who="0" ten="246,296,240,208" step="2"/><U124/><E101/><V99/><F110/><W43/><G43/><T117/><D117/><U129/><E124/><V94/><F81/><N who="3" m="45223" /><G60/><T23/><D23/><U13/><E129/><V20/><F118/><W34/><G34/><T37/><D37/><U3/><E63/><V4/><F20/><W22/><G22/><T55/><D55/><U89/><E54/><V86/><F40/><N who="3" m="22935" /><G52/><T19/><AGARI ba="0,1" hai="8,14,19,24,28,33,41,46,49,68,71,73,76,82" machi="19" ten="20,12000,1" yaku="1,1,0,1,7,1,52,1,53,1" doraHai="9" doraHaiUra="105" who="0" fromWho="0" sc="246,130,296,-40,240,-40,208,-40" owari="376,47.0,256,6.0,200,-20.0,168,-33.0" /></mjloggm>