<mjloggm ver="2.3"><GO type="169" lobby="0"/><UN n0="%7A%65%52%6F" n1="%E5%AE%89%E9%81%94%E3%81%95%E3%81%8F%E3%82%89" n2="%6D%61%74%6F%30%36%30%33" n3="%7A%6F%6F%31%39%36%34" dan="18,17,18,18" rate="2169.36,2200.66,2262.34,2222.20" sx="M,M,M,M"/><TAIKYOKU oya="0"/><INIT seed="0,0,0,4,5,128" ten="250,250,250,250" oya="0" hai0="101,122,66,82,76,116,37,31,47,15,55,129,114" hai1="29,91,22,74,48,123,98,16,85,42,49,106,8" hai2="97,62,119,118,80,99,134,103,89,127,107,125,63" hai3="96,70,88,26,93,18,69,110,27,33,113,71,21"/><T19/><D114/><U105/><E123/><V46/><F46/><W135/><G110/><T41/><D116/><N who="2" m="44586" /><F63/><W81/><G113/><T13/><D129/><U75/><E29/><V77/><F62/><W34/><G135/><T61/><D122/><U1/><E8/><V126/><F99/><W90/><G27/><T56/><D31/><U83/><E1/><V30/><F30/><W35/><REACH who="3" step="1"/><G81/><REACH who="3" ten="250,250,250,240" step="2"/><T43/><D82/><U120/><E83/><V44/><F44/><W0/><G0/><T36/><D47/><U64/><E120/><V57/><F57/><W10/><G10/><T32/><D56/><U84/><E75/><N who="2" m="43071" /><F89/><AGARI ba="0,1" hai="18,21,26,33,34,35,69,70,71,88,89,90,93,96" machi="89" ten="50,6400,0" yaku="1,1,54,1,53,1" doraHai="128" doraHaiUra="12" who="3" fromWho="2" sc="250,0,250,0,250,-64,240,74" /><INIT seed="1,0,0,5,2,128" ten="250,250,186,314" oya="1" hai0="11,47,100,36,69,12,40,0,13,52,53,130,59" hai1="44,55,67,76,89,122,7,81,10,15,64,75,103" hai2="22,70,96,116,131,71,18,110,60,14,3,20,49" hai3="115,58,105,46,98,1,21,82,107,113,87,77,30"/><U26/><E122/><V33/><F116/><W56/><G1/><T101/><D0/><U23/><E103/><V126/><F33/><W84/><G46/><T135/><D69/><U57/><E44/><V24/><F3/><W121/><G121/><T127/><D130/><U8/><E8/><V9/><F131/><W112/><G87/><T119/><D119/><U29/><REACH who="1" step="1"/><E89/><REACH who="1" ten="250,240,186,314" step="2"/><V86/><F9/><W34/><G115/><T125/><D47/><U102/><E102/><V92/><F126/><W79/><G113/><T134/><D11/><U108/><E108/><V50/><F110/><W2/><G112/><T117/><D117/><U80/><E80/><V72/><F71/><W97/><G82/><T68/><D68/><U132/><E132/><V35/><F70/><W62/><G107/><T94/><D94/><U41/><E41/><V45/><F45/><W109/><G109/><T106/><D106/><U5/><E5/><V31/><F92/><W99/><G105/><T39/><D59/><U37/><E37/><V73/><F73/><W78/><G58/><T65/><D65/><U42/><E42/><AGARI ba="0,1" hai="12,13,36,39,40,42,52,53,100,101,125,127,134,135" machi="42" ten="25,8000,1" yaku="22,2,52,2,54,1" doraHai="128" who="0" fromWho="1" sc="250,90,240,-80,186,0,314,0" /><INIT seed="2,0,0,2,1,114" ten="340,160,186,314" oya="2" hai0="133,120,4,19,42,71,28,5,69,18,78,40,45" hai1="62,109,39,76,130,8,66,50,23,43,88,3,128" hai2="25,12,83,37,34,44,110,121,91,106,108,68,134" hai3="47,61,111,6,49,24,92,70,59,118,135,7,2"/><V85/><F121/><W27/><G118/><T53/><D28/><U11/><E39/><V73/><F106/><W123/><G123/><T104/><D78/><U100/><E109/><N who="2" m="42091" /><F68/><W75/><G75/><T20/><D53/><U0/><E100/><V60/><F60/><W13/><G70/><T90/><D104/><U127/><E127/><V112/><F12/><W35/><G13/><T132/><D20/><U129/><E76/><V97/><F112/><W107/><G107/><T74/><D90/><U126/><E126/><V51/><F37/><W79/><G79/><T63/><D63/><U1/><E23/><V81/><F97/><W58/><G61/><T22/><D22/><U84/><E43/><N who="2" m="24991" /><F134/><W115/><G135/><T113/><D45/><U119/><E50/><V93/><F73/><W77/><G115/><T80/><D113/><U17/><E17/><V64/><F64/><W41/><G35/><T9/><D74/><U32/><E32/><V15/><F15/><W21/><G2/><T33/><D33/><U26/><E26/><V54/><F54/><W31/><G27/><T105/><D105/><U65/><E119/><V16/><F16/><W124/><G124/><T96/><D120/><U56/><REACH who="1" step="1"/><E66/><REACH who="1" ten="340,150,186,314" step="2"/><V30/><AGARI ba="0,1" hai="25,30,34,81,83,85,91,93" m="24991,42091" machi="30" ten="30,3000,0" yaku="14,1,10,1" doraHai="114" who="2" fromWho="2" sc="340,-10,150,-10,186,40,314,-10" /><INIT seed="2,1,0,2,5,62" ten="330,140,226,304" oya="2" hai0="14,116,27,80,131,19,86,79,124,81,75,95,126" hai1="25,91,57,70,61,26,89,97,36,115,9,12,1" hai2="4,82,69,22,123,128,104,101,76,6,118,34,63" hai3="33,129,133,92,132,32,87,72,71,17,135,52,134"/><V84/><F118/><W45/><G72/><T37/><D37/><U18/><E115/><V107/><F123/><W127/><G129/><T125/><D131/><U21/><E36/><V54/><F128/><W50/><N who="3" m="33792" /><DORA hai="16" /><W100/><G71/><T121/><D121/><U38/><E38/><V74/><F34/><W8/><G127/><T56/><D116/><U119/><E70/><V68/><F68/><W7/><G17/><T94/><D27/><U23/><E119/><V109/><F74/><W78/><G78/><T106/><D56/><U58/><E1/><V51/><F109/><W5/><G5/><T117/><D106/><U67/><E58/><V99/><F107/><W15/><G87/><T42/><D42/><U43/><E43/><V60/><F60/><W103/><REACH who="3" step="1"/><G100/><REACH who="3" ten="330,140,226,294" step="2"/><T46/><D117/><U2/><E2/><V20/><F4/><W49/><G49/><T130/><D130/><U110/><E110/><V3/><F6/><W111/><G111/><T39/><D39/><U122/><E122/><V88/><F76/><W73/><G73/><T11/><REACH who="0" step="1"/><D46/><REACH who="0" ten="320,140,226,294" step="2"/><U24/><REACH who="1" step="1"/><E97/><AGARI ba="1,2" hai="7,8,15,32,33,45,50,52,92,97,103" m="33792" machi="97" ten="70,8000,1" yaku="1,1,20,1,54,1,53,2" doraHai="62,16" doraHaiUra="66,28" who="3" fromWho="1" sc="320,0,140,-83,226,0,294,103" /><INIT seed="3,0,0,1,0,72" ten="320,57,226,397" oya="3" hai0="114,14,18,15,31,117,85,65,10,17,46,112,35" hai1="37,57,110,51,62,43,34,121,124,118,13,71,7" hai2="6,70,98,126,42,125,76,100,77,109,19,30,91" hai3="82,69,48,9,24,0,29,54,68,39,113,133,95"/><W75/><G39/><T47/><D65/><U96/><E121/><V56/><F70/><W88/><G113/><T107/><D107/><U122/><E122/><V84/><F6/><W120/><G120/><T50/><D117/><U119/><E34/><V2/><F2/><W20/><G133/><T44/><D50/><U64/><E96/><V111/><F30/><W106/><G106/><T40/><D40/><U94/><E94/><N who="2" m="54631" /><F56/><W123/><G123/><T32/><D85/><U36/><E7/><V81/><F19/><N who="0" m="7178" /><D31/><U59/><E13/><N who="0" m="4617" /><D10/><U38/><E110/><N who="2" m="41995" /><F42/><W55/><G9/><T102/><D102/><U66/><E124/><N who="2" m="47723" /><F81/><W4/><G4/><T23/><D23/><U22/><E22/><V78/><F78/><W27/><G0/><T92/><D92/><AGARI ba="0,0" hai="76,77,92,98,100" m="47723,41995,54631" machi="92" ten="30,12000,2" yaku="14,1,18,1,34,2,52,2" doraHai="72" who="2" fromWho="0" sc="320,-120,57,0,226,120,397,0" /><INIT seed="4,0,0,3,0,58" ten="200,57,346,397" oya="0" hai0="57,10,29,15,103,5,23,117,54,59,133,81,65" hai1="13,20,97,106,56,16,107,68,44,30,47,134,32" hai2="95,122,55,33,102,67,2,64,110,12,51,19,80" hai3="93,37,125,114,116,121,118,35,119,82,43,94,72"/><T7/><D117/><U66/><E134/><V100/><F110/><W25/><G114/><T17/><D133/><U34/><E68/><V101/><F2/><W69/><G94/><T132/><D132/><U89/><E107/><V45/><F33/><W63/><G93/><T120/><D120/><U4/><E4/><V108/><F108/><W109/><G109/><T83/><D103/><U74/><E74/><V126/><F126/><W75/><G82/><T77/><D29/><U52/><E66/><N who="2" m="25131" /><F80/><W14/><G14/><T41/><D41/><U115/><E115/><V38/><F38/><W8/><G8/><T112/><D112/><U28/><E32/><V40/><F122/><W11/><G11/><T48/><D7/><U135/><E135/><V22/><F40/><W60/><G69/><T123/><D123/><U78/><E78/><V42/><F42/><W53/><G125/><T36/><D36/><U26/><E30/><V88/><F102/><W96/><G75/><T92/><D92/><N who="1" m="56463" /><E34/><V9/><F9/><W49/><G72/><T90/><D90/><U76/><E76/><V70/><F70/><W87/><G37/><T85/><D83/><U104/><E104/><V62/><F62/><W128/><G121/><T27/><REACH who="0" step="1"/><D65/><REACH who="0" ten="190,57,346,397" step="2"/><U24/><E106/><V86/><AGARI ba="0,1" hai="12,19,22,45,51,55,86,88,95,100,101" m="25131" machi="86" ten="30,2000,0" yaku="8,1,54,1" doraHai="58" who="2" fromWho="2" sc="190,-10,57,-5,346,30,397,-5" /><INIT seed="5,0,0,2,4,93" ten="180,52,376,392" oya="1" hai0="35,115,38,0,82,27,59,81,21,106,9,120,64" hai1="79,111,97,1,132,84,98,18,119,114,23,55,130" hai2="62,12,73,95,116,3,17,128,80,15,87,11,113" hai3="131,47,39,52,104,53,77,46,33,61,66,118,40"/><U2/><E119/><V100/><F116/><W56/><G33/><T110/><D110/><U19/><E111/><V34/><F3/><W96/><G118/><T54/><D38/><U37/><E37/><V31/><F128/><W109/><G109/><T36/><D36/><U14/><E130/><V63/><F73/><W108/><G108/><T83/><D35/><U8/><E132/><V42/><F42/><W112/><G131/><T4/><D115/><U134/><E134/><V94/><F113/><W124/><G112/><T6/><D6/><U127/><E114/><V25/><F15/><W44/><G77/><T85/><D106/><U75/><E75/><V101/><F95/><W16/><G124/><T57/><D57/><U74/><E74/><V133/><F133/><W72/><G72/><T32/><D64/><U91/><E127/><V50/><F50/><W65/><G16/><T58/><D58/><U88/><E1/><V123/><F123/><W30/><G30/><T13/><D32/><U67/><E2/><V86/><F101/><W92/><G104/><T24/><D24/><N who="1" m="14455" /><E67/><N who="3" m="25610" /><G40/><T5/><D0/><U107/><E55/><V10/><F10/><W121/><G121/><T129/><D129/><U7/><E107/><V68/><F68/><W69/><G69/><T78/><D120/><U105/><E7/><V117/><F117/><W26/><G26/><T103/><D4/><U60/><E60/><N who="2" m="23083" /><F80/><W51/><G39/><T49/><D103/><AGARI ba="0,0" hai="44,46,47,51,52,53,56,61,92,96,103" m="25610" machi="103" ten="30,3900,0" yaku="8,1,52,1,54,1" doraHai="93" who="3" fromWho="0" sc="180,-39,52,0,376,0,392,39" /><INIT seed="6,0,0,4,2,120" ten="141,52,376,431" oya="2" hai0="95,93,17,32,13,81,70,94,118,110,41,3,99" hai1="127,123,40,25,64,114,128,20,65,51,77,117,124" hai2="71,92,52,67,86,101,103,97,60,131,5,84,96" hai3="119,89,57,12,87,0,72,43,27,113,105,116,69"/><V134/><F134/><W10/><G69/><T90/><D110/><U39/><E77/><V61/><F131/><W9/><G72/><T112/><D3/><U135/><E20/><V132/><F132/><W80/><G105/><T37/><D70/><U73/><E73/><V115/><F115/><W74/><G113/><T24/><D112/><U48/><E25/><V78/><F5/><W88/><G74/><T82/><D118/><U22/><E22/><V2/><F2/><W46/><G57/><T36/><D36/><U47/><E114/><V126/><F126/><N who="1" m="48169" /><E135/><V31/><F78/><W107/><G107/><T42/><D24/><U106/><E106/><V109/><F109/><W121/><G121/><T29/><D29/><U68/><E123/><V122/><F122/><W59/><G59/><T19/><D32/><U108/><E108/><V18/><F31/><W14/><G0/><T26/><D26/><U50/><E117/><V100/><F18/><W76/><G27/><T98/><D37/><U49/><E128/><V104/><F101/><W34/><G34/><T62/><D19/><U58/><E68/><V1/><F1/><W38/><G119/><T4/><D4/><U111/><E111/><V30/><F30/><W6/><G116/><T75/><D17/><AGARI ba="0,0" hai="6,9,10,12,14,17,38,43,46,76,80,87,88,89" machi="17" ten="30,2000,0" yaku="7,1,54,1" doraHai="120" who="3" fromWho="0" sc="141,-20,52,0,376,0,431,20" /><INIT seed="7,0,0,0,1,14" ten="121,52,376,451" oya="3" hai0="107,71,43,29,8,69,15,53,5,47,89,16,81" hai1="1,37,68,72,126,45,51,26,78,121,49,12,62" hai2="118,17,36,103,108,56,22,38,35,82,88,57,61" hai3="28,54,91,70,131,27,105,23,94,39,46,127,10"/><W100/><G70/><T42/><D107/><U34/><E126/><V120/><F108/><W122/><G122/><T124/><D71/><U50/><E121/><V18/><F118/><W60/><G131/><T31/><D69/><U77/><E1/><V76/><F35/><W110/><G127/><T115/><D115/><U13/><E34/><V116/><F116/><W0/><G105/><T55/><D5/><U24/><E72/><V98/><F120/><W119/><G100/><T133/><D133/><U66/><E12/><N who="2" m="9511" /><F38/><W6/><G110/><T52/><D124/><U65/><E65/><V90/><F36/><W33/><G33/><T75/><D75/><U132/><E132/><V84/><F57/><W19/><G39/><T74/><D74/><U3/><E3/><V111/><F111/><W41/><G41/><N who="0" m="15371" /><D47/><U11/><E45/><V135/><F135/><W25/><G46/><T79/><D79/><U80/><E37/><V114/><F114/><W73/><G73/><T113/><D113/><U40/><E40/><V123/><F123/><W30/><G119/><T128/><D128/><U21/><E78/><V87/><F87/><AGARI ba="0,0" hai="8,15,16,29,31,52,53,55,81,87,89" m="15371" machi="87" ten="30,7700,0" yaku="8,1,52,1,54,2" doraHai="14" who="0" fromWho="2" sc="121,77,52,0,376,-77,451,0" owari="198,-20.0,52,-45.0,299,10.0,451,55.0" /></mjloggm>