<mjloggm ver="2.3"><GO type="225" lobby="0"/><UN n0="%E3%82%8F%E3%81%A3%E3%81%97%E3%82%87%E3%81%84%E5%90%9B%32%E5%8F%B7" n1="%E3%81%BF%E3%81%BF%E3%81%9A" n2="%E3%83%8B%E3%83%A3%E3%83%83%E3%83%94%E3%83%BC%E5%A4%8F%E7%9B%AE" n3="%E3%82%84%E3%82%8B%E3%81%AD%E3%81%87%EF%BC%81" dan="17,16,18,16" rate="2287.03,2218.38,2303.91,2104.69" sx="M,M,M,M"/><TAIKYOKU oya="0"/><INIT seed="0,0,0,3,4,18" ten="250,250,250,250" oya="0" hai0="23,27,34,118,13,54,62,14,63,134,119,88,93" hai1="55,46,81,64,106,135,129,10,127,8,82,66,33" hai2="28,21,1,58,12,42,101,39,7,17,94,110,60" hai3="48,74,35,130,0,109,76,40,26,103,83,47,68"/><T16/><D134/><U56/><E106/><V67/><F110/><W77/><G109/><T36/><D36/><U57/><E33/><V97/><F28/><W22/><G68/><T121/><D121/><U29/><E135/><V100/><F100/><W53/><G0/><T31/><D13/><U49/><E29/><V125/><F125/><W133/><G35/><T59/><REACH who="0" step="1"/><D63/><REACH who="0" ten="240,250,250,250" step="2"/><N who="1" m="37991" /><E127/><V19/><F39/><W126/><G133/><T113/><D113/><U5/><E129/><V87/><F60/><W115/><G126/><T2/><D2/><U9/><E5/><V114/><F7/><W41/><G115/><T111/><D111/><U108/><E108/><V90/><F12/><W45/><G130/><T37/><D37/><U132/><E132/><V3/><F1/><W98/><G45/><T65/><D65/><U85/><E66/><V105/><F3/><W24/><G24/><T30/><D30/><U123/><E123/><V70/><F67/><W38/><G38/><T96/><AGARI ba="0,1" hai="14,16,23,27,31,34,54,59,62,88,93,96,118,119" machi="96" ten="20,18000,2" yaku="1,1,0,1,7,1,52,1,54,2,53,0" doraHai="18" doraHaiUra="80" who="0" fromWho="0" sc="240,190,250,-60,250,-60,250,-60" /><INIT seed="0,1,0,4,3,37" ten="430,190,190,190" oya="0" hai0="17,54,96,48,125,14,82,32,57,31,80,100,43" hai1="86,53,92,132,69,74,15,23,124,38,25,122,29" hai2="21,41,3,103,133,131,107,45,36,11,40,2,94" hai3="47,93,64,58,81,119,60,123,78,7,65,111,84"/><T98/><D32/><U105/><E122/><V121/><F121/><W68/><G119/><T13/><D31/><U50/><E105/><V116/><F116/><W70/><G123/><T0/><D0/><U22/><E74/><V113/><F113/><W83/><G111/><T120/><D125/><U75/><E75/><V12/><F133/><W55/><G68/><T46/><D13/><U99/><E38/><V1/><F131/><W128/><G128/><T52/><D120/><U129/><E129/><V39/><F107/><W87/><G70/><T42/><D82/><U56/><E124/><V97/><F21/><W112/><G112/><T9/><D80/><U62/><E132/><V49/><REACH who="2" step="1"/><F41/><REACH who="2" ten="430,190,180,190" step="2"/><N who="0" m="15370" /><D100/><N who="1" m="60519" /><E69/><V63/><F63/><AGARI ba="1,1" hai="9,14,17,46,48,52,54,57,63,96,98" m="15370" machi="63" ten="30,12000,1" yaku="8,1,52,3,54,1" doraHai="37" who="0" fromWho="2" sc="430,133,190,0,180,-123,190,0" /><INIT seed="0,2,0,1,2,109" ten="563,190,57,190" oya="0" hai0="127,21,128,74,119,38,81,53,7,71,54,66,114" hai1="113,95,94,18,12,82,33,59,89,103,124,126,36" hai2="111,100,102,42,116,49,26,132,57,130,24,1,14" hai3="6,125,76,86,48,28,87,37,11,107,75,80,90"/><T27/><D119/><U101/><E36/><V5/><F1/><W25/><G107/><T93/><D127/><N who="1" m="48683" /><E33/><V64/><F111/><W35/><G125/><T123/><D128/><U67/><E82/><V17/><F132/><W43/><G48/><T22/><D7/><U122/><E122/><V68/><F130/><W85/><G90/><T99/><D66/><U96/><E113/><V60/><F116/><W16/><G16/><T79/><D38/><U118/><E118/><V47/><F5/><W92/><G92/><T23/><D123/><U8/><E94/><V121/><F121/><W63/><G63/><AGARI ba="2,0" hai="8,12,18,59,63,67,89,95,96,101,103" m="48683" machi="63" ten="30,1000,0" yaku="18,1" doraHai="109" who="1" fromWho="3" sc="563,0,190,16,57,0,190,-16" /><INIT seed="1,0,0,5,3,53" ten="563,206,57,174" oya="1" hai0="8,57,114,2,1,73,121,89,42,16,46,111,26" hai1="31,25,103,60,78,30,110,83,115,45,24,93,20" hai2="86,97,81,126,58,106,91,10,69,12,135,79,104" hai3="11,54,56,28,77,84,90,68,98,71,6,72,41"/><U34/><E115/><V52/><F69/><W76/><G72/><T49/><D111/><U88/><E110/><V19/><F135/><W47/><G28/><T120/><D73/><U105/><E105/><V99/><F126/><W35/><G35/><T94/><D114/><U95/><E103/><V108/><F108/><W5/><G68/><T66/><D66/><U13/><E45/><V48/><F106/><W75/><G71/><T130/><D57/><U14/><E93/><V100/><REACH who="2" step="1"/><F99/><REACH who="2" ten="563,206,47,174" step="2"/><W40/><G98/><N who="0" m="57679" /><D130/><U17/><E34/><V44/><F44/><W118/><G47/><T3/><D120/><U9/><E95/><V132/><F132/><W32/><G32/><T43/><D121/><U117/><E117/><V33/><F33/><W107/><G107/><T101/><D101/><U112/><E112/><V62/><F62/><W96/><G96/><T109/><D109/><U38/><E60/><V123/><F123/><W92/><G118/><T116/><D116/><U4/><E38/><V133/><F133/><W55/><G92/><T0/><D43/><U70/><E70/><V37/><F37/><W131/><G41/><T18/><D42/><U119/><E119/><V102/><F102/><W63/><G40/><T82/><D46/><U21/><E83/><V39/><F39/><W122/><G122/><T7/><D82/><U87/><E87/><V129/><F129/><W29/><G131/><T113/><D113/><U127/><E127/><V64/><F64/><W125/><G125/><T85/><D85/><U128/><E128/><V61/><F61/><W15/><G63/><RYUUKYOKU ba="0,1" sc="563,-10,206,-10,47,30,174,-10" hai2="10,12,19,48,52,58,79,81,86,91,97,100,104" /><INIT seed="2,1,1,5,2,50" ten="553,196,77,164" oya="2" hai0="56,59,66,85,90,45,104,127,54,89,60,68,51" hai1="53,6,1,93,78,86,29,73,123,118,132,9,100" hai2="102,81,87,119,128,72,71,15,124,0,65,135,107" hai3="122,37,125,110,57,130,8,48,14,106,62,11,121"/><V92/><F119/><W63/><G106/><T24/><D127/><U115/><E118/><V18/><F0/><W80/><G37/><T4/><D104/><U35/><E115/><V91/><F124/><W13/><G125/><T77/><D77/><U10/><E132/><V55/><F135/><W134/><G134/><T61/><D4/><U19/><E123/><V129/><F65/><W7/><G130/><N who="2" m="50281" /><F71/><W67/><G110/><T27/><D68/><U99/><E73/><V38/><F38/><W116/><G116/><T33/><D33/><U79/><E29/><V32/><F32/><W75/><G63/><T94/><D90/><U42/><E35/><V49/><F107/><W3/><G3/><T17/><D17/><U82/><E42/><AGARI ba="1,1" hai="24,27,42,45,51,54,56,59,60,61,66,85,89,94" machi="42" ten="30,3900,0" yaku="7,1,8,1,52,1" doraHai="50" who="0" fromWho="1" sc="553,52,196,-42,77,0,164,0" /><INIT seed="3,0,0,1,5,102" ten="605,154,77,164" oya="3" hai0="38,19,119,61,48,70,56,41,85,54,131,20,60" hai1="80,76,71,13,113,89,92,114,86,21,26,66,49" hai2="103,1,123,32,14,129,23,27,16,39,2,10,111" hai3="8,88,17,121,29,108,97,101,72,51,58,126,87"/><W35/><G72/><T59/><D119/><U78/><E78/><V3/><F39/><W57/><G121/><T84/><D131/><U125/><E13/><V40/><F40/><W118/><G126/><T11/><D11/><U77/><E77/><V122/><F103/><W90/><G118/><T18/><D38/><U62/><E49/><V134/><F129/><W12/><G108/><T67/><D70/><U98/><E125/><V0/><F111/><W64/><G35/><T73/><D73/><U93/><E93/><V52/><F52/><N who="3" m="31903" /><G29/><AGARI ba="0,0" hai="21,26,29,62,66,71,76,80,86,89,92,98,113,114" machi="29" ten="30,1000,0" yaku="7,1" doraHai="102" who="1" fromWho="3" sc="605,0,154,10,77,0,164,-10" owari="605,71.0,164,-4.0,77,-42.0,154,-25.0" /></mjloggm>