<mjloggm ver="2.3"><GO type="169" lobby="0"/><UN n0="%E4%B9%B1%E5%88%87%E3%82%8A" n1="%E5%8D%97%E5%B8%9D%E5%8D%97%E6%B5%A6" n2="%E3%81%9F%E3%82%93%E3%82%86%E3%81%86" n3="%E7%B6%BE%E7%80%AC%E5%B8%82%E6%B0%91" dan="16,16,16,17" rate="2063.14,2078.26,2142.17,2128.08" sx="M,F,F,M"/><TAIKYOKU oya="0"/><INIT seed="0,0,0,2,4,48" ten="250,250,250,250" oya="0" hai0="93,97,111,128,31,32,34,76,39,122,107,78,64" hai1="14,6,9,36,95,0,18,58,109,1,120,60,51" hai2="52,10,28,63,33,30,85,121,119,112,47,104,25" hai3="29,62,45,8,13,127,21,105,91,55,135,3,101"/><T35/><D122/><U68/><E120/><V15/><F121/><W24/><G127/><T17/><D39/><U117/><E117/><V5/><F112/><W2/><G135/><T90/><D107/><U54/><E109/><V38/><F104/><W98/><G91/><T87/><D111/><U57/><E36/><V124/><F30/><W65/><G45/><T46/><D64/><U133/><E133/><V88/><F124/><W40/><G40/><T50/><D128/><U113/><E113/><V89/><F119/><W115/><G115/><T41/><D31/><U22/><E68/><V74/><F74/><W19/><REACH who="3" step="1"/><G55/><REACH who="3" ten="250,250,250,240" step="2"/><T132/><D132/><U114/><E114/><V134/><F134/><W125/><G125/><T4/><D4/><U53/><REACH who="1" step="1"/><E95/><REACH who="1" ten="250,240,250,240" step="2"/><V116/><F116/><W99/><G99/><T75/><D97/><U84/><E84/><V26/><F85/><W49/><G49/><T42/><D75/><U126/><E126/><V72/><F72/><W102/><G102/><T86/><D86/><U103/><E103/><V94/><F94/><W61/><G61/><T56/><D93/><U80/><E80/><V67/><F38/><W108/><G108/><T27/><D87/><U69/><E69/><AGARI ba="0,2" hai="2,3,8,13,19,21,24,29,62,65,69,98,101,105" machi="69" ten="30,2000,0" yaku="1,1,7,1,53,0" doraHai="48" doraHaiUra="77" who="3" fromWho="1" sc="250,0,240,-20,250,0,240,40" /><INIT seed="1,0,0,2,3,22" ten="250,220,250,280" oya="1" hai0="96,119,93,103,75,54,45,83,88,110,53,102,90" hai1="43,121,77,91,17,67,117,78,44,57,99,64,123" hai2="124,28,76,100,120,106,47,112,29,70,59,84,104" hai3="26,105,21,38,111,87,129,86,16,131,31,66,35"/><U65/><E117/><V109/><F70/><W52/><G111/><T2/><D119/><U48/><E121/><V130/><F120/><W19/><G105/><T62/><D2/><U46/><E123/><V126/><F109/><W20/><G38/><T3/><D3/><U98/><E57/><V23/><F112/><W135/><G66/><T33/><D110/><U40/><E17/><N who="3" m="6730" /><G135/><T114/><D33/><U133/><E133/><V50/><F59/><W1/><G1/><T58/><D114/><U0/><E0/><V127/><F130/><N who="3" m="49675" /><G21/><T9/><D9/><U95/><REACH who="1" step="1"/><E98/><REACH who="1" ten="250,210,250,280" step="2"/><V97/><F104/><W60/><G35/><T25/><D96/><U13/><E13/><V79/><F97/><W12/><G12/><T81/><D58/><AGARI ba="0,1" hai="20,26,31,52,58,60,86,87" m="49675,6730" machi="58" ten="30,7700,0" yaku="19,1,52,1,54,2" doraHai="22" who="3" fromWho="0" sc="250,-77,210,0,250,0,280,87" /><INIT seed="2,0,0,2,4,1" ten="173,210,250,367" oya="2" hai0="67,117,65,113,3,93,12,96,75,48,130,38,49" hai1="31,45,111,54,97,6,129,7,121,78,102,94,18" hai2="51,86,79,66,43,20,62,47,105,52,26,82,84" hai3="88,41,99,85,125,15,53,114,127,122,34,77,25"/><V80/><F105/><W128/><G122/><T24/><D38/><U103/><E121/><V27/><F43/><W92/><G128/><T59/><D75/><U4/><E111/><V36/><F36/><W40/><G114/><T28/><D113/><U131/><E31/><V16/><F27/><W115/><G115/><T32/><D3/><U60/><E78/><V14/><F26/><W64/><G64/><T101/><D130/><N who="1" m="49675" /><E18/><V72/><REACH who="2" step="1"/><F82/><REACH who="2" ten="173,210,240,367" step="2"/><N who="3" m="47311" /><G25/><T116/><D116/><U98/><E94/><V120/><F120/><W42/><G40/><T19/><D117/><U74/><E74/><V110/><F110/><W95/><G41/><T21/><D67/><U81/><E81/><V13/><F13/><W23/><G42/><T68/><D68/><AGARI ba="0,1" hai="14,16,20,47,51,52,62,66,68,72,79,80,84,86" machi="68" ten="30,12000,1" yaku="1,1,7,1,54,2,53,1" doraHai="1" doraHaiUra="76" who="2" fromWho="0" sc="173,-120,210,0,240,130,367,0" /><INIT seed="2,1,0,1,1,9" ten="53,210,370,367" oya="2" hai0="36,93,114,99,31,66,115,54,71,11,3,55,126" hai1="53,21,121,4,23,8,61,135,30,105,129,91,28" hai2="24,0,47,83,80,52,43,35,26,12,103,65,108" hai3="116,86,51,33,39,41,78,16,90,123,19,62,110"/><V40/><F0/><W81/><G116/><T113/><D126/><U95/><E105/><V79/><F65/><W49/><G110/><T96/><D36/><U63/><E121/><V130/><F108/><W89/><G123/><T58/><D31/><N who="1" m="11819" /><E135/><V98/><F35/><W10/><G33/><T44/><D99/><N who="1" m="57855" /><E129/><V42/><F130/><W118/><G118/><T13/><D3/><U64/><E64/><V17/><F98/><W70/><G39/><T2/><D2/><U128/><E128/><V124/><F103/><W34/><G34/><T25/><D25/><N who="2" m="9834" /><F79/><W117/><G117/><T27/><D27/><U76/><E76/><V97/><F97/><W18/><G41/><T67/><D71/><U45/><E45/><V131/><F124/><W46/><G46/><T106/><D106/><U112/><E112/><V111/><F111/><W72/><G89/><T133/><D133/><U5/><E63/><V57/><F47/><W120/><G120/><T122/><D122/><U101/><E101/><V85/><F85/><W32/><G32/><T127/><D127/><U74/><E74/><V29/><F29/><W119/><G119/><T109/><D109/><U87/><E87/><V82/><F131/><W125/><G125/><T48/><D96/><U38/><E38/><V75/><F75/><W102/><G102/><T104/><D104/><U60/><E60/><N who="2" m="35879" /><F83/><N who="3" m="49503" /><G70/><T37/><D93/><U1/><E61/><V50/><F50/><N who="3" m="18955" /><G62/><T134/><D134/><U59/><E59/><V20/><AGARI ba="1,0" hai="12,17,20,40,42,43,80,82" m="35879,9834" machi="20" ten="30,6000,0" yaku="8,1,52,1,54,1" doraHai="9" who="2" fromWho="2" sc="53,-21,210,-21,370,63,367,-21" /><INIT seed="2,2,0,4,5,88" ten="32,189,433,346" oya="2" hai0="14,52,109,58,89,80,40,122,94,74,48,64,42" hai1="67,99,115,4,23,73,68,135,129,44,102,9,100" hai2="30,8,124,85,29,56,62,16,120,59,13,86,55" hai3="50,126,133,60,87,49,3,32,121,83,19,128,17"/><V1/><F120/><W15/><G121/><T35/><D35/><U27/><E115/><V28/><F124/><W7/><G133/><T34/><D34/><U61/><E129/><V75/><F75/><W33/><G128/><T92/><D122/><U51/><E135/><V65/><REACH who="2" step="1"/><F1/><REACH who="2" ten="32,189,423,346" step="2"/><W76/><G126/><T26/><D109/><U78/><E73/><V90/><F90/><W130/><G130/><T97/><D64/><U103/><E78/><V79/><F79/><W12/><G3/><T20/><D74/><U131/><E131/><V41/><F41/><W11/><G60/><AGARI ba="2,1" hai="8,13,16,28,29,30,55,56,59,60,62,65,85,86" machi="60" ten="40,7700,0" yaku="1,1,8,1,54,1,53,0" doraHai="88" doraHaiUra="39" who="2" fromWho="3" sc="32,0,189,0,423,93,346,-83" /><INIT seed="2,3,0,0,1,64" ten="32,189,516,263" oya="2" hai0="99,113,39,92,10,43,87,132,35,116,42,121,34" hai1="57,71,111,62,18,97,127,80,73,94,106,107,79" hai2="86,84,13,33,65,24,108,53,6,89,101,12,93" hai3="74,109,15,90,19,41,44,25,91,5,98,68,81"/><V40/><F101/><W126/><G109/><T135/><D121/><U88/><E111/><V14/><F108/><W83/><G126/><T23/><D113/><U75/><E127/><V63/><F40/><W7/><G25/><T82/><D116/><U49/><E18/><V130/><F53/><W31/><G31/><T16/><D10/><U9/><E9/><V118/><F118/><W129/><G129/><T28/><D28/><U0/><E0/><V72/><F72/><W48/><G68/><T52/><D52/><U29/><E29/><V67/><F67/><W11/><G91/><T58/><D58/><U51/><E75/><V60/><F60/><W105/><G105/><T122/><D122/><U45/><E51/><V78/><F130/><W104/><G104/><T76/><D39/><U117/><E117/><V77/><F6/><N who="3" m="2059" /><G74/><T21/><D21/><U50/><E50/><V61/><F61/><W46/><G46/><T4/><D4/><U134/><E134/><N who="0" m="51241" /><D42/><U103/><E71/><V38/><F38/><W20/><G20/><T26/><D43/><U95/><E49/><V69/><F24/><W3/><G3/><T124/><D124/><U36/><E36/><V85/><F33/><W120/><G120/><T54/><D54/><U22/><E45/><V102/><F102/><AGARI ba="3,0" hai="16,23,26,34,35,76,82,87,92,99,102" m="51241" machi="102" ten="30,2000,0" yaku="20,1,54,1" doraHai="64" who="0" fromWho="2" sc="32,29,189,0,516,-29,263,0" /><INIT seed="3,0,0,4,1,116" ten="61,189,487,263" oya="3" hai0="32,77,74,120,46,85,56,103,76,17,132,53,23" hai1="97,72,88,13,118,29,61,92,111,93,58,101,47" hai2="134,16,3,40,113,59,131,110,31,107,89,67,105" hai3="41,86,33,81,51,6,117,42,96,95,83,1,75"/><W102/><G117/><T43/><D32/><U94/><E111/><V78/><F110/><W60/><G33/><T98/><D132/><U5/><E118/><V4/><F113/><W57/><G1/><T50/><D74/><U8/><E72/><V37/><F31/><W66/><G6/><T121/><D85/><U48/><E29/><V39/><F78/><W127/><G127/><T9/><D9/><U54/><REACH who="1" step="1"/><E101/><REACH who="1" ten="61,179,487,263" step="2"/><V87/><F131/><W7/><G75/><T99/><D77/><U2/><E2/><V108/><F3/><W82/><G7/><T70/><D76/><U26/><E26/><V55/><F4/><W44/><REACH who="3" step="1"/><G42/><AGARI ba="0,1" hai="5,8,13,42,47,48,54,58,61,88,92,93,94,97" machi="42" ten="30,12000,2" yaku="1,1,7,1,8,1,54,1,53,3" doraHai="116" doraHaiUra="90" who="1" fromWho="3" sc="61,0,179,130,487,0,263,-120" /><INIT seed="4,0,0,4,0,1" ten="61,309,487,143" oya="0" hai0="95,65,98,88,34,119,54,77,62,105,28,127,27" hai1="75,38,5,71,86,2,113,70,82,123,118,24,40" hai2="108,76,100,91,30,89,60,106,63,50,7,21,56" hai3="73,29,107,134,10,135,17,115,94,99,35,121,16"/><T102/><D127/><U101/><E101/><V14/><F108/><W104/><G73/><T111/><D111/><U125/><E86/><V25/><F76/><W57/><G115/><T44/><D119/><U126/><E118/><V69/><F69/><N who="1" m="26121" /><E123/><V39/><F39/><W128/><G128/><T49/><D77/><N who="1" m="44351" /><E24/><V124/><F124/><N who="1" m="47721" /><E113/><V11/><F100/><W45/><G57/><T72/><D72/><U85/><E85/><V36/><F36/><W67/><G67/><T81/><D81/><U4/><E2/><V23/><F106/><W103/><G45/><AGARI ba="0,0" hai="4,5,38,40,45" m="47721,44351,26121" machi="45" ten="30,3900,0" yaku="18,1,52,2" doraHai="1" who="1" fromWho="3" sc="61,0,309,39,487,0,143,-39" /><INIT seed="5,0,0,3,4,100" ten="61,348,487,104" oya="1" hai0="99,60,134,102,79,84,56,32,33,74,62,95,76" hai1="77,11,87,47,82,128,24,103,3,113,1,9,89" hai2="42,91,17,81,55,51,105,133,96,38,93,7,41" hai3="97,58,44,125,50,68,14,2,73,23,109,121,117"/><U115/><E103/><V63/><F133/><W36/><G109/><T8/><D134/><U21/><E128/><V26/><F7/><W29/><G121/><T119/><D119/><U19/><E47/><V12/><F26/><W75/><G2/><T110/><D110/><U122/><E122/><V18/><F18/><W104/><G68/><T22/><D62/><U57/><E57/><V28/><F28/><W132/><G132/><T130/><D130/><U66/><E66/><V59/><F38/><W85/><G125/><T39/><D39/><U94/><E3/><V112/><F112/><N who="1" m="43081" /><E1/><V35/><F35/><W129/><G36/><T31/><D74/><AGARI ba="0,0" hai="9,11,19,21,24,74,77,82,87,89,94" m="43081" machi="74" ten="30,1500,0" yaku="15,1" doraHai="100" who="1" fromWho="0" sc="61,-15,348,15,487,0,104,0" /><INIT seed="5,1,0,1,2,78" ten="46,363,487,104" oya="1" hai0="61,87,5,41,109,47,52,69,117,15,39,111,51" hai1="45,135,86,73,96,28,80,19,64,66,98,97,31" hai2="131,114,74,124,38,123,129,55,35,134,119,107,9" hai3="112,130,88,34,2,65,44,108,54,22,62,118,33"/><U58/><E135/><V8/><RYUUKYOKU type="yao9" ba="1,0" sc="46,0,363,0,487,0,104,0" hai2="8,9,35,38,55,74,107,114,119,123,124,129,131,134" /><INIT seed="5,2,0,0,1,69" ten="46,363,487,104" oya="1" hai0="82,49,110,85,12,125,14,114,28,131,116,129,4" hai1="96,99,78,75,73,67,121,102,87,52,5,115,22" hai2="45,17,1,32,26,48,118,98,55,122,6,86,92" hai3="105,100,111,47,66,24,113,30,112,0,80,81,40"/><U127/><E121/><V128/><F122/><W89/><G111/><T76/><D110/><U124/><E5/><V135/><F118/><W16/><G0/><T117/><D28/><U46/><E67/><V88/><F128/><W72/><G66/><T13/><D125/><N who="1" m="48203" /><E22/><V59/><F135/><W53/><G53/><T38/><D38/><U19/><E19/><V3/><F6/><W50/><G89/><T41/><D114/><N who="3" m="44137" /><G72/><N who="1" m="27722" /><E115/><V68/><F68/><W134/><G134/><T91/><D4/><U20/><E20/><N who="2" m="13583" /><F32/><N who="3" m="20551" /><G16/><T37/><D49/><N who="1" m="28727" /><E102/><N who="2" m="60743" /><F3/><W83/><G100/><T65/><D65/><U133/><E133/><V64/><F1/><W77/><G105/><T15/><N who="0" m="3072" /><DORA hai="130" /><T63/><D129/><U126/><N who="1" m="48211" /><U31/><DORA hai="21" /><E31/><V71/><F71/><W56/><G77/><T62/><D131/><U132/><E132/><V95/><F64/><W36/><G36/><T33/><D33/><U34/><E34/><V25/><F25/><W11/><G11/><T44/><REACH who="0" step="1"/><D76/><REACH who="0" ten="36,363,487,104" step="2"/><U84/><E78/><V2/><F2/><W93/><G50/><T94/><D94/><U10/><E10/><V18/><F18/><W74/><G93/><T103/><D103/><U42/><E99/><V70/><F70/><W61/><G80/><T29/><D29/><U60/><E96/><V108/><F108/><W57/><G81/><T120/><D120/><U97/><E97/><V23/><F23/><W9/><G83/><T8/><D8/><U58/><E60/><AGARI ba="2,1" hai="37,41,44,60,62,63,82,85,91,116,117" m="3072" machi="60" ten="50,3200,0" yaku="1,1,52,1,53,0" doraHai="69,130,21" doraHaiUra="35,51,104" who="0" fromWho="1" sc="36,48,363,-38,487,0,104,0" /><INIT seed="6,0,0,3,1,75" ten="84,325,487,104" oya="2" hai0="73,74,133,16,89,77,49,36,66,105,33,54,126" hai1="20,37,64,12,90,127,10,0,112,91,6,24,22" hai2="109,52,103,122,43,84,42,30,61,25,119,88,111" hai3="58,93,114,29,87,110,9,116,62,28,134,31,11"/><V100/><F119/><W60/><G116/><T18/><D36/><U130/><E37/><V51/><F122/><W135/><G110/><N who="2" m="41993" /><F61/><W123/><G123/><T32/><D105/><U128/><E112/><V115/><F115/><W48/><G114/><T34/><D66/><U67/><E127/><V102/><F25/><W80/><G93/><T69/><D69/><U98/><E98/><V39/><F30/><W101/><G101/><T41/><D41/><U124/><E124/><V44/><F39/><W97/><G97/><T94/><D126/><U125/><E125/><V99/><F99/><W95/><G95/><AGARI ba="0,0" hai="42,43,44,51,52,84,88,95,100,102,103" m="41993" machi="95" ten="30,5800,0" yaku="10,1,54,2" doraHai="75" who="2" fromWho="3" sc="84,0,325,0,487,58,104,-58" /><INIT seed="6,1,0,3,1,122" ten="84,325,545,46" oya="2" hai0="100,124,17,91,67,97,106,65,77,75,102,69,54" hai1="50,23,3,73,99,24,52,5,74,112,130,9,15" hai2="127,29,28,4,26,64,110,49,120,62,83,38,128" hai3="35,34,57,95,108,43,33,129,41,119,94,14,10"/><V21/><F38/><W2/><G119/><T135/><D135/><U61/><E112/><V16/><F120/><W1/><G129/><T60/><D124/><U118/><E118/><V115/><F115/><W89/><G57/><T46/><D77/><U56/><E130/><V31/><F128/><W19/><G95/><T80/><D80/><U59/><E99/><V103/><F127/><W93/><G93/><T0/><D0/><U113/><E3/><V36/><F36/><W48/><G43/><T44/><D102/><U71/><E71/><V131/><F103/><W12/><G12/><T88/><D75/><U78/><E78/><V70/><F4/><W51/><G51/><T27/><D65/><U86/><E86/><V8/><F110/><W92/><G92/><T66/><D66/><U117/><E117/><V81/><F8/><W42/><G42/><T111/><D111/><U109/><E109/><V30/><F30/><W39/><G39/><T96/><D96/><U22/><E113/><V6/><F6/><W123/><G123/><T40/><D54/><U72/><REACH who="1" step="1"/><E24/><REACH who="1" ten="84,315,545,46" step="2"/><V121/><F121/><W107/><G108/><T63/><D27/><U85/><E85/><V126/><F131/><W53/><G107/><T132/><D97/><U76/><E76/><V55/><F126/><W82/><G82/><T37/><D106/><U114/><E114/><V90/><F81/><W18/><G2/><T11/><D100/><U47/><E47/><V45/><F83/><W68/><G1/><T84/><D46/><U133/><E133/><V104/><F45/><W87/><G68/><RYUUKYOKU ba="1,1" sc="84,-10,315,30,545,-10,46,-10" hai1="5,9,15,22,23,50,52,56,59,61,72,73,74" /><INIT seed="7,2,1,0,0,65" ten="74,345,535,36" oya="3" hai0="91,80,108,101,35,41,28,126,67,1,19,66,129" hai1="2,102,121,47,104,128,123,116,132,119,37,14,82" hai2="118,62,72,63,125,30,78,87,70,26,9,50,7" hai3="93,84,97,98,103,12,131,43,48,0,45,105,33"/><W15/><G131/><T53/><D108/><U68/><E82/><V18/><F72/><W52/><G0/><T109/><D109/><U59/><E14/><V21/><F70/><W29/><G84/><T69/><D1/><U4/><E4/><V3/><F125/><W46/><G29/><T76/><D126/><U106/><E102/><V24/><F118/><N who="1" m="45097" /><E59/><V88/><F78/><W17/><G33/><T5/><D101/><U39/><E47/><V23/><F50/><W20/><G15/><T100/><D100/><U111/><E111/><V79/><F79/><W22/><G22/><T75/><D5/><U134/><E2/><V44/><F44/><W13/><G13/><T51/><D41/><U99/><E99/><V86/><F86/><W77/><G77/><T64/><D129/><U11/><E11/><V42/><F42/><W95/><REACH who="3" step="1"/><G98/><REACH who="3" ten="74,345,535,26" step="2"/><T55/><D28/><U32/><E32/><V124/><F124/><W49/><AGARI ba="2,2" hai="12,17,20,43,45,46,48,49,52,93,95,97,103,105" machi="49" ten="20,12000,1" yaku="1,1,2,1,0,1,7,1,54,1,53,0" doraHai="65" doraHaiUra="85" who="3" fromWho="3" sc="74,-42,345,-42,535,-42,26,146" /><INIT seed="7,3,0,5,1,10" ten="32,303,493,172" oya="3" hai0="109,74,67,121,32,80,37,55,21,40,83,14,42" hai1="128,97,6,110,101,5,90,103,34,91,84,19,88" hai2="89,26,7,116,60,70,9,23,66,100,58,132,61" hai3="63,124,35,98,13,16,75,130,3,106,133,15,8"/><W73/><G3/><T87/><D32/><U33/><E110/><V120/><F116/><W127/><G35/><T51/><D109/><U95/><E128/><V112/><F112/><W115/><G115/><T1/><D1/><U118/><E118/><V22/><F132/><W134/><G130/><T30/><D121/><U43/><E43/><V129/><F129/><W17/><G63/><T44/><D67/><U81/><E33/><V82/><F100/><N who="1" m="38473" /><E34/><V111/><F111/><W105/><G8/><T78/><D37/><U54/><E54/><V107/><F107/><W62/><G62/><T28/><D74/><U79/><E19/><V18/><F23/><W71/><REACH who="3" step="1"/><G98/><REACH who="3" ten="32,303,493,162" step="2"/><T92/><D92/><N who="1" m="56471" /><E5/><V41/><F61/><W2/><G2/><T59/><D80/><U96/><E6/><V25/><F7/><W45/><G45/><T57/><D42/><U11/><E11/><V50/><F9/><W94/><G94/><T93/><D93/><U108/><E108/><V4/><F4/><W114/><G114/><T113/><D113/><U56/><E96/><V46/><F46/><W53/><G53/><T77/><D77/><U38/><E95/><V64/><F60/><W12/><G12/><T86/><D86/><U102/><E84/><V72/><F82/><W131/><G131/><T36/><D57/><U20/><E81/><V119/><F58/><W104/><G104/><T31/><D14/><U135/><E79/><V123/><F119/><W0/><G0/><T39/><D39/><U117/><E56/><V69/><F120/><W122/><G122/><T125/><D21/><RYUUKYOKU ba="3,1" sc="32,15,303,-15,493,-15,162,15" hai0="28,30,31,36,40,44,51,55,59,78,83,87,125" hai3="13,15,16,17,71,73,75,105,106,124,127,133,134" /><INIT seed="7,4,1,2,1,53" ten="47,288,478,177" oya="3" hai0="9,16,20,92,127,36,109,49,38,30,89,27,75" hai1="14,101,91,131,2,61,25,99,24,118,85,87,96" hai2="12,8,104,46,111,72,32,64,22,0,102,107,42" hai3="84,93,28,1,106,133,112,6,76,34,66,70,23"/><W55/><G106/><T135/><D75/><U105/><E2/><V113/><F32/><W110/><G112/><T81/><D109/><U47/><E118/><V44/><F72/><W78/><G34/><T4/><D127/><U73/><E73/><V68/><F111/><W29/><G110/><T5/><D135/><U80/><E131/><V122/><F122/><W11/><G133/><T116/><D116/><U10/><E47/><V114/><F22/><W100/><G70/><T40/><D81/><U128/><E128/><V103/><F0/><W82/><G66/><T63/><D63/><U123/><E123/><V45/><F42/><W88/><G100/><N who="2" m="38441" /><F64/><W125/><G125/><T18/><D38/><U48/><E61/><V41/><F41/><W117/><G117/><T26/><D36/><U37/><E48/><V126/><F68/><W67/><G67/><T97/><D18/><U52/><E52/><V79/><F79/><W13/><G1/><T119/><D119/><U74/><E87/><V31/><F31/><N who="3" m="11851" /><G23/><T58/><D40/><U98/><E37/><V69/><F69/><W59/><G82/><T124/><D124/><U57/><E74/><V83/><F83/><W95/><G95/><T65/><D65/><U108/><E108/><V94/><F94/><W120/><G120/><T54/><REACH who="0" step="1"/><D9/><REACH who="0" ten="37,288,478,177" step="2"/><U43/><E10/><V130/><F126/><W60/><AGARI ba="4,2" hai="6,11,13,55,59,60,76,78,84,88,93" m="11851" machi="60" ten="30,6000,0" yaku="8,1,52,1,54,1" doraHai="53" who="3" fromWho="3" sc="37,-24,288,-24,478,-24,177,92" /><INIT seed="7,5,0,3,2,7" ten="13,264,454,269" oya="3" hai0="12,75,34,63,67,112,76,58,39,37,106,36,31" hai1="24,14,87,25,15,53,108,90,6,127,97,117,1" hai2="96,60,45,91,42,56,134,0,73,70,11,35,3" hai3="133,52,109,85,47,111,5,113,124,105,110,121,128"/><W103/><G121/><T49/><D112/><U54/><E108/><V74/><F70/><W4/><G113/><T9/><D106/><U8/><E127/><V81/><F35/><W118/><G118/><T29/><D34/><U86/><E117/><V80/><F134/><W93/><G133/><T95/><D95/><N who="1" m="56567" /><E1/><V116/><F116/><W98/><G124/><T57/><D76/><U79/><E15/><V51/><F3/><W68/><G68/><T88/><D75/><U40/><E40/><V94/><F73/><W32/><G32/><T65/><D88/><U101/><E101/><V130/><F130/><W129/><G85/><N who="1" m="32266" /><E79/><V10/><F0/><W66/><G66/><T64/><D49/><U28/><E28/><V122/><F122/><W46/><G105/><T125/><D125/><U89/><E89/><V17/><F17/><W135/><G135/><T48/><D48/><U82/><E82/><N who="2" m="31851" /><F74/><W69/><G69/><T23/><D23/><U16/><E16/><V84/><F84/><W77/><G77/><T114/><D114/><U104/><E104/><V71/><F71/><W22/><G22/><T115/><D115/><U99/><E99/><V59/><F59/><W100/><G100/><T83/><D83/><U20/><E20/><V13/><F13/><W78/><G78/><T44/><D44/><N who="3" m="16937" /><G128/><T123/><D123/><U50/><E50/><V2/><F2/><W27/><G129/><T119/><D119/><U102/><E102/><V41/><F41/><W107/><G107/><T43/><D43/><U72/><E72/><V18/><F18/><W26/><G52/><AGARI ba="5,0" hai="6,8,14,24,25,52,53,54" m="32266,56567" machi="52" ten="30,7700,0" yaku="6,1,8,1,52,1,54,1" doraHai="7" who="1" fromWho="3" sc="13,0,264,92,454,0,269,-92" /><AGARI ba="5,0" hai="10,11,42,45,51,52,56,60,91,94,96" m="31851" machi="52" ten="30,8000,1" yaku="6,1,8,1,52,2,54,1" doraHai="7" who="2" fromWho="3" sc="13,0,356,0,454,80,177,-80" owari="13,-49.0,356,16.0,534,63.0,97,-30.0" /></mjloggm>