<mjloggm ver="2.3"><GO type="169" lobby="0"/><UN n0="%7A%65%52%6F" n1="%6B%75%72%69%6D%75" n2="%E3%83%88%E3%82%B7%E3%83%95%E3%83%BC%E3%83%8B" n3="%E6%9C%A8%E6%BC%8F%E3%82%8C%E6%97%A5" dan="18,18,18,17" rate="2167.59,2255.79,2198.79,2221.53" sx="M,M,M,M"/><TAIKYOKU oya="0"/><INIT seed="0,0,0,3,1,71" ten="250,250,250,250" oya="0" hai0="13,124,116,73,61,134,44,89,49,47,69,90,50" hai1="127,100,111,19,29,38,24,9,68,51,41,123,133" hai2="17,80,92,95,88,56,64,112,104,91,55,99,20" hai3="14,32,85,86,11,132,84,118,115,70,33,62,34"/><T40/><D116/><U129/><E100/><V81/><F104/><W96/><G118/><T109/><D73/><U7/><E38/><V0/><F0/><W122/><G115/><T128/><D124/><U130/><E41/><V25/><F64/><W67/><G132/><T12/><D128/><U74/><E51/><V94/><F112/><W65/><G65/><T46/><D134/><U83/><E83/><V103/><F103/><W106/><G122/><T119/><D119/><U31/><E68/><V27/><F27/><W48/><G48/><N who="0" m="18539" /><D69/><U126/><E74/><V6/><F6/><W77/><G77/><T108/><D61/><U97/><E97/><N who="2" m="57479" /><F95/><W117/><G117/><T1/><D1/><N who="1" m="239" /><E133/><V53/><F53/><W4/><G96/><T120/><D40/><U26/><E111/><N who="0" m="42569" /><D120/><U76/><E76/><V125/><F125/><N who="1" m="47625" /><E123/><V54/><F54/><W82/><G106/><T114/><D114/><U59/><E59/><V35/><F56/><W101/><G101/><T93/><D90/><U105/><E105/><V60/><F55/><W22/><G82/><T21/><D21/><N who="1" m="13375" /><E26/><V39/><F60/><W57/><G70/><T18/><D18/><U28/><AGARI ba="0,0" hai="28,29,31,129,130" m="13375,47625,239" machi="28" ten="40,5200,0" yaku="18,1,34,2" doraHai="71" who="1" fromWho="1" sc="250,-26,250,52,250,-13,250,-13" /><INIT seed="1,0,0,4,5,35" ten="224,302,237,237" oya="1" hai0="22,81,30,28,58,91,13,134,112,117,111,10,109" hai1="85,125,123,106,64,14,70,104,63,73,126,17,79" hai2="128,96,75,127,103,110,124,88,92,50,107,43,40" hai3="39,131,31,118,4,115,34,2,93,52,11,25,20"/><U41/><E73/><V12/><F75/><W77/><G115/><T24/><D112/><U53/><E41/><V47/><F110/><W129/><G39/><T68/><D68/><U80/><E123/><V48/><F128/><N who="3" m="49227" /><G77/><T67/><D117/><U120/><E53/><V135/><F135/><W33/><G93/><T18/><D134/><U29/><E29/><V21/><F21/><W42/><G42/><T101/><D101/><U7/><E7/><V37/><F12/><W32/><G52/><T57/><D30/><U83/><E80/><V38/><F38/><W26/><G118/><T86/><REACH who="0" step="1"/><D67/><REACH who="0" ten="214,302,237,237" step="2"/><U119/><E119/><V89/><F37/><W45/><G45/><T108/><AGARI ba="0,1" hai="10,13,18,22,24,28,57,58,81,86,91,108,109,111" machi="108" ten="30,8000,1" yaku="1,1,2,1,0,1,14,1,53,1" doraHai="35" doraHaiUra="78" who="0" fromWho="0" sc="214,90,302,-40,237,-20,237,-20" /><INIT seed="2,0,0,4,2,7" ten="304,262,217,217" oya="2" hai0="60,133,97,135,25,20,14,74,64,10,101,119,12" hai1="44,84,29,27,8,120,22,68,107,73,49,33,118" hai2="125,108,106,5,93,86,69,110,99,128,55,46,36" hai3="91,112,113,104,121,21,76,88,82,62,53,3,28"/><V11/><F69/><W47/><G104/><T42/><D74/><U130/><E68/><V70/><F70/><W134/><G121/><T83/><D83/><U39/><E118/><V58/><F128/><W114/><G3/><T18/><D42/><U79/><E107/><V117/><F117/><W80/><G134/><N who="0" m="51211" /><D119/><U105/><E105/><V92/><F125/><W66/><G28/><T95/><D10/><U9/><E73/><V34/><F34/><W41/><G53/><T13/><D60/><U37/><E37/><V51/><F86/><W75/><G21/><N who="0" m="11471" /><D64/><U0/><E0/><V50/><F36/><N who="3" m="21927" /><G82/><T85/><D85/><U52/><E39/><V43/><F106/><W71/><AGARI ba="0,0" hai="62,66,71,75,76,80,88,91,112,113,114" m="21927" machi="71" ten="30,2000,0" yaku="11,1,54,1" doraHai="7" who="3" fromWho="3" sc="304,-5,262,-5,217,-10,217,20" /><INIT seed="3,0,0,4,5,118" ten="299,257,207,237" oya="3" hai0="93,18,104,77,62,114,5,41,29,105,117,101,123" hai1="7,78,88,35,38,113,95,50,112,17,9,28,68" hai2="129,59,102,72,60,81,132,31,63,40,131,42,13" hai3="61,98,89,27,82,24,56,46,8,115,55,73,122"/><W23/><G115/><T33/><D117/><U75/><E68/><V65/><F102/><W87/><G73/><T67/><D5/><U124/><E38/><V71/><F31/><W127/><G127/><T128/><D41/><N who="2" m="15978" /><F81/><W1/><G122/><T119/><D77/><U66/><E124/><V53/><F13/><W49/><G1/><T34/><D119/><U116/><E78/><V99/><F99/><W70/><G70/><T64/><D29/><U85/><E75/><V36/><F72/><W86/><G8/><T76/><D76/><U2/><E66/><V103/><F103/><W120/><G120/><T25/><D101/><U44/><E116/><V134/><F36/><W37/><G37/><T135/><D25/><U58/><E28/><V133/><AGARI ba="0,0" hai="53,59,60,63,65,71,129,131,132,133,134" m="15978" machi="133" ten="40,5200,0" yaku="20,1,34,2" doraHai="118" who="2" fromWho="2" sc="299,-13,257,-13,207,52,237,-26" /><INIT seed="4,0,0,0,2,98" ten="286,244,259,211" oya="0" hai0="38,15,60,46,72,69,13,39,80,78,12,51,85" hai1="126,127,29,117,50,118,102,53,121,21,116,35,113" hai2="62,45,63,68,79,123,111,25,3,134,23,135,67" hai3="56,71,81,37,94,76,59,36,16,7,77,95,120"/><T4/><D72/><U32/><E121/><V106/><F123/><W65/><G120/><T133/><D133/><N who="2" m="50698" /><F3/><W52/><G7/><T30/><D30/><U24/><E102/><V66/><F106/><W96/><G71/><T97/><D4/><U49/><E53/><V64/><F79/><W104/><G104/><T42/><REACH who="0" step="1"/><D97/><REACH who="0" ten="276,244,259,211" step="2"/><U57/><E29/><N who="2" m="17599" /><F111/><W87/><G96/><T124/><D124/><U20/><E118/><V107/><F68/><W90/><G37/><T92/><D92/><U91/><E117/><V10/><F107/><W114/><G36/><T44/><D44/><U27/><E116/><V18/><F45/><W103/><G95/><T48/><D48/><U54/><E49/><V83/><F83/><W132/><G132/><T86/><D86/><U75/><E50/><V34/><F34/><W74/><G81/><T125/><D125/><U128/><E32/><V14/><AGARI ba="0,1" hai="10,14,18,62,63,64,66,67" m="17599,50698" machi="14" ten="40,1500,0" yaku="20,1" doraHai="98" who="2" fromWho="2" sc="276,-7,244,-4,259,25,211,-4" /><INIT seed="5,0,0,1,3,67" ten="269,240,284,207" oya="1" hai0="36,85,99,97,76,100,17,101,30,28,107,66,68" hai1="125,29,72,42,78,121,123,4,124,19,108,32,46" hai2="2,58,75,12,122,133,33,53,39,83,104,93,117" hai3="14,120,95,90,8,131,110,92,15,96,70,94,103"/><U89/><E4/><V88/><F2/><W84/><G110/><T0/><D0/><U18/><E108/><V43/><F104/><W51/><G120/><T91/><D36/><U21/><E32/><V23/><F33/><W129/><G51/><T64/><D76/><U86/><E78/><V127/><F122/><W9/><G70/><T50/><D50/><U80/><E72/><V16/><F117/><W27/><G27/><T63/><D17/><U55/><E55/><V6/><F6/><W134/><G134/><T5/><D66/><U47/><E47/><V130/><F133/><W115/><G115/><T109/><D5/><U56/><E56/><V79/><F130/><N who="3" m="49675" /><G95/><T71/><D71/><U102/><E102/><V87/><F127/><N who="1" m="48713" /><E29/><V135/><F135/><W20/><G20/><T116/><D109/><U54/><E54/><V41/><REACH who="2" step="1"/><F39/><REACH who="2" ten="269,240,274,207" step="2"/><W7/><G7/><T118/><D118/><U10/><E121/><V37/><F37/><W22/><G22/><T113/><D116/><U105/><E123/><V1/><F1/><W128/><G128/><T132/><D132/><U60/><E105/><V61/><AGARI ba="0,1" hai="12,16,23,41,43,53,58,61,75,79,83,87,88,93" machi="61" ten="20,8000,1" yaku="1,1,0,1,7,1,54,2,53,0" doraHai="67" doraHaiUra="31" who="2" fromWho="2" sc="269,-20,240,-40,274,90,207,-20" /><INIT seed="6,0,0,5,0,21" ten="249,200,364,187" oya="2" hai0="22,36,99,113,27,110,95,63,14,125,4,37,81" hai1="87,60,105,3,72,130,122,86,29,127,109,19,67" hai2="96,79,47,100,88,123,133,73,68,128,40,44,8" hai3="71,119,30,116,112,49,28,11,25,120,5,35,2"/><V58/><F68/><W32/><G71/><T117/><D110/><U93/><E3/><V107/><F123/><W24/><G120/><T91/><D113/><U69/><E72/><V78/><F133/><W121/><G121/><T55/><D125/><U61/><E105/><V103/><F128/><W92/><G112/><T77/><D117/><U6/><E6/><V104/><F58/><W82/><G92/><T129/><D129/><U0/><E0/><V83/><F8/><W23/><G49/><T134/><D134/><U18/><E127/><V46/><F78/><W15/><G82/><T20/><D20/><U101/><E109/><V16/><F16/><AGARI ba="0,0" hai="2,5,11,15,16,23,24,25,28,30,32,35,116,119" machi="16" ten="40,16000,3" yaku="9,1,24,2,34,3,52,2,54,1" doraHai="21" who="3" fromWho="2" sc="249,0,200,0,364,-160,187,160" /><INIT seed="7,0,0,3,3,3" ten="249,200,204,347" oya="3" hai0="12,88,109,90,130,129,9,82,42,131,93,29,33" hai1="80,69,83,11,37,59,127,115,13,134,92,99,45" hai2="119,49,44,114,135,97,40,104,100,110,16,32,121" hai3="14,132,36,20,120,61,81,4,46,63,6,24,117"/><W94/><G14/><T62/><D109/><U51/><E69/><V86/><F110/><W64/><G94/><T105/><D105/><U2/><E2/><V38/><F119/><W95/><G63/><T125/><D125/><U34/><E127/><V98/><F32/><W101/><G81/><T58/><D42/><N who="1" m="25015" /><E34/><V27/><F121/><W87/><G20/><T43/><D43/><U67/><E115/><V116/><F116/><W19/><G117/><T66/><D82/><U111/><E37/><V108/><F108/><W5/><G19/><N who="0" m="8591" /><D93/><U56/><E134/><V107/><F135/><W128/><G132/><T77/><D77/><U102/><E111/><V73/><F73/><W68/><G24/><AGARI ba="0,0" hai="24,29,33,58,62,66,88,90,129,130,131" m="8591" machi="24" ten="30,2000,0" yaku="19,1,54,1" doraHai="3" who="0" fromWho="3" sc="249,20,200,0,204,0,347,-20" owari="269,7.0,200,-30.0,204,-20.0,327,43.0" /></mjloggm>