<mjloggm ver="2.3"><GO type="169" lobby="0"/><UN n0="%73%69%6E%73%69%73%74" n1="%63%6C%75%74%63%68%37%33" n2="%73%68%6F%35%35%35%35%35" n3="%6D%61%73%61%73%69%6F" dan="18,17,16,17" rate="2238.06,2167.89,2123.43,2147.46" sx="M,M,M,F"/><TAIKYOKU oya="0"/><INIT seed="0,0,0,0,3,5" ten="250,250,250,250" oya="0" hai0="93,39,15,102,133,95,72,2,17,33,128,131,109" hai1="82,56,45,78,0,20,115,6,55,48,97,46,35" hai2="16,73,67,124,22,10,1,30,80,106,96,34,27" hai3="3,53,91,87,105,113,7,50,123,74,57,90,12"/><T23/><D39/><U9/><E115/><V21/><F124/><W64/><G74/><T8/><D72/><U88/><E35/><V129/><F129/><N who="0" m="49738" /><D133/><U101/><E20/><V11/><F1/><W68/><G113/><T84/><D33/><U69/><E69/><V110/><F110/><W70/><G105/><T111/><D102/><U28/><E28/><V54/><F34/><W77/><G3/><T100/><D100/><U49/><E49/><V24/><F67/><W86/><G77/><T71/><D71/><U31/><E31/><V119/><F119/><W41/><G41/><T107/><D107/><U52/><E55/><V32/><F32/><W85/><G123/><T89/><D93/><U26/><E26/><V58/><F106/><W103/><G103/><T51/><D51/><U117/><E117/><V114/><F114/><W62/><REACH who="3" step="1"/><G70/><REACH who="3" ten="250,250,250,240" step="2"/><T81/><D81/><U4/><E101/><V98/><F80/><W134/><G134/><T112/><D112/><U83/><E83/><V37/><F73/><W120/><G120/><T44/><D44/><U25/><E78/><V132/><F132/><W42/><G42/><T130/><D130/><U76/><E46/><V63/><F37/><W43/><G43/><T59/><D59/><U38/><E45/><V60/><REACH who="2" step="1"/><F63/><REACH who="2" ten="250,250,240,240" step="2"/><W61/><G61/><T121/><D121/><U108/><E82/><V65/><F65/><W135/><G135/><T127/><D127/><U18/><E38/><V40/><F40/><W92/><G92/><T19/><D2/><U104/><E0/><V116/><F116/><W13/><G13/><AGARI ba="0,2" hai="8,13,15,17,19,23,84,89,95,109,111" m="49738" machi="13" ten="30,5800,0" yaku="6,1,19,1,52,1" doraHai="5" who="0" fromWho="3" sc="250,78,250,0,240,0,240,-58" /><INIT seed="0,1,0,1,1,17" ten="328,250,240,182" oya="0" hai0="107,31,83,61,8,54,112,90,44,70,43,9,56" hai1="101,36,134,46,109,32,20,55,76,69,24,125,105" hai2="38,123,22,82,119,14,0,115,133,74,47,122,73" hai3="51,65,81,129,87,118,128,39,2,95,91,131,93"/><T62/><D107/><U77/><E32/><V116/><F0/><W11/><G118/><T75/><D112/><U114/><E114/><V30/><F115/><W98/><G39/><T37/><D31/><U13/><E69/><V1/><F1/><W72/><G65/><T100/><D100/><U79/><E134/><V71/><F71/><W35/><G35/><T120/><D120/><U52/><E125/><V84/><F133/><W29/><G29/><T10/><D90/><U68/><E68/><V15/><F47/><W12/><G2/><T57/><D70/><U113/><E113/><V85/><F30/><W49/><G72/><T27/><D27/><U40/><E13/><V135/><F82/><W89/><REACH who="3" step="1"/><G81/><REACH who="3" ten="328,250,240,172" step="2"/><T21/><D83/><U18/><REACH who="1" step="1"/><E109/><REACH who="1" ten="328,240,240,172" step="2"/><V3/><F135/><W78/><G78/><T103/><D75/><U7/><E7/><AGARI ba="1,2" hai="7,11,12,49,51,87,89,91,93,95,98,128,129,131" machi="7" ten="40,8000,1" yaku="1,1,19,1,53,3" doraHai="17" doraHaiUra="127" who="3" fromWho="1" sc="328,0,240,-83,240,0,172,103" /><INIT seed="1,0,0,1,1,99" ten="328,157,240,275" oya="1" hai0="50,74,0,106,103,128,1,18,31,110,5,92,58" hai1="102,124,72,13,86,105,45,133,28,127,9,107,104" hai2="125,70,101,87,130,62,131,61,116,54,94,34,108" hai3="88,21,30,2,49,38,97,14,90,17,89,129,65"/><U16/><E72/><V98/><F116/><W25/><G38/><T95/><D74/><U76/><E133/><V6/><F34/><W93/><G2/><T100/><D106/><U69/><E69/><V78/><F108/><W91/><G129/><T44/><D31/><U64/><E64/><V10/><F125/><N who="1" m="48201" /><E45/><V123/><F123/><W32/><G65/><T20/><D110/><U135/><E135/><V73/><F73/><W119/><G119/><T121/><D121/><U46/><E46/><V41/><F41/><W42/><G42/><N who="0" m="24855" /><D0/><U134/><E134/><V8/><F8/><W63/><G63/><T35/><D35/><U57/><E57/><V52/><F62/><W55/><G91/><T111/><D1/><U117/><E117/><V85/><F70/><W115/><G115/><T12/><D111/><U68/><E68/><V81/><F61/><W126/><G126/><T24/><D58/><AGARI ba="0,0" hai="14,17,21,25,30,32,49,55,58,88,89,90,93,97" machi="58" ten="30,2000,0" yaku="7,1,54,1" doraHai="99" who="3" fromWho="0" sc="328,-20,157,0,240,0,275,20" /><INIT seed="2,0,0,4,3,44" ten="308,157,240,295" oya="2" hai0="122,57,79,10,93,36,23,27,37,61,130,105,113" hai1="108,47,46,99,111,109,101,38,6,135,35,62,100" hai2="2,65,128,14,95,83,132,13,68,32,98,45,112" hai3="80,41,67,77,115,88,110,114,0,103,119,82,81"/><V22/><F112/><N who="3" m="43051" /><G0/><T127/><D113/><U5/><E35/><V20/><F2/><W74/><G67/><T24/><D105/><U116/><E116/><V18/><F32/><W16/><G119/><T125/><D122/><U71/><E135/><V21/><F132/><W60/><G60/><T84/><D10/><U78/><E78/><V26/><F128/><W120/><G120/><T52/><D130/><U126/><E126/><N who="0" m="48137" /><D24/><U54/><E38/><V9/><F83/><N who="3" m="45495" /><G103/><N who="1" m="39498" /><E99/><V11/><F65/><W87/><G110/><T3/><D3/><U73/><E73/><V29/><F68/><W59/><G59/><T12/><D12/><U90/><E90/><N who="2" m="55671" /><F45/><N who="1" m="16905" /><E71/><V4/><AGARI ba="0,0" hai="4,9,11,13,14,18,20,21,22,26,29" m="55671" machi="4" ten="30,1500,0" yaku="8,1" doraHai="44" who="2" fromWho="2" sc="308,-5,157,-5,240,15,295,-5" /><INIT seed="2,1,0,5,0,32" ten="303,152,255,290" oya="2" hai0="14,46,120,63,51,58,30,133,29,118,114,127,50" hai1="68,119,6,23,64,105,109,111,48,59,13,40,70" hai2="84,55,43,110,36,37,106,124,27,98,132,28,85" hai3="83,101,66,129,10,80,2,53,35,18,121,115,81"/><V21/><F124/><W134/><G121/><T71/><D114/><U4/><E105/><V82/><F132/><W87/><G35/><T42/><D120/><U12/><E119/><V9/><F43/><W112/><G134/><T108/><D133/><U47/><E59/><V122/><F122/><W88/><G66/><T125/><D118/><U19/><E64/><V92/><F106/><W38/><G38/><T3/><D108/><N who="1" m="41547" /><E13/><V73/><F73/><W41/><G41/><T76/><D76/><U62/><E62/><V135/><F135/><W123/><G101/><T97/><D71/><AGARI ba="1,0" hai="4,6,12,19,23,40,47,48,68,70,71" m="41547" machi="71" ten="30,1000,0" yaku="14,1" doraHai="32" who="1" fromWho="0" sc="303,-13,152,13,255,0,290,0" /><INIT seed="3,0,0,5,5,22" ten="290,165,255,290" oya="3" hai0="98,68,135,122,83,70,0,54,37,39,80,29,79" hai1="58,127,90,32,9,64,131,84,56,124,73,44,93" hai2="62,34,111,63,91,105,69,88,20,92,60,48,53" hai3="128,107,15,106,36,66,47,87,113,40,24,99,7"/><W97/><G113/><T120/><D0/><U4/><E32/><V43/><F34/><W19/><G128/><T11/><D11/><U59/><E131/><V6/><F105/><W74/><G74/><T134/><D98/><U27/><E73/><V13/><F43/><W82/><G66/><T102/><D102/><U119/><E119/><V71/><F91/><W61/><G61/><T117/><D29/><U25/><E44/><V104/><F104/><W112/><G112/><T116/><D54/><U115/><E64/><V132/><F132/><N who="0" m="50730" /><D79/><U8/><E8/><V108/><F6/><W16/><G99/><T114/><D83/><U85/><E85/><V133/><F133/><W94/><G7/><T5/><D80/><U101/><E101/><V86/><F13/><W89/><G19/><T2/><D2/><U129/><E129/><V52/><F53/><W38/><G24/><N who="1" m="9290" /><E115/><V55/><F55/><W17/><G17/><T14/><D5/><U28/><E28/><V130/><F130/><W57/><G38/><N who="0" m="14347" /><D114/><U50/><E50/><V30/><F30/><W49/><G36/><T46/><D46/><U51/><E51/><V121/><F20/><N who="3" m="11295" /><G107/><T41/><D41/><U126/><E56/><V78/><F48/><W18/><G106/><T81/><D116/><U35/><E35/><V42/><F42/><W100/><G57/><T125/><D117/><U75/><E75/><V76/><F52/><W26/><G26/><T3/><D3/><AGARI ba="0,0" hai="3,4,9,58,59,84,90,93,124,126,127" m="9290" machi="3" ten="30,7700,0" yaku="18,1,52,3" doraHai="22" who="1" fromWho="0" sc="290,-77,165,77,255,0,290,0" /><INIT seed="4,0,0,1,5,111" ten="213,242,255,290" oya="0" hai0="135,65,7,112,100,94,47,22,67,124,82,76,56" hai1="122,84,59,40,66,6,12,120,87,130,64,109,46" hai2="104,78,58,91,113,52,118,2,103,132,71,63,93" hai3="86,4,32,128,85,17,57,99,134,53,77,72,79"/><T44/><D124/><U96/><E109/><V39/><F2/><W121/><G32/><T95/><D135/><U81/><E130/><V123/><F39/><W33/><G33/><T41/><D112/><U83/><E96/><V129/><F123/><W131/><G4/><T74/><D44/><U68/><E68/><V43/><F43/><W45/><G45/><T27/><D7/><U119/><E119/><V18/><F78/><N who="3" m="29707" /><G72/><T30/><D100/><U88/><E12/><V70/><F129/><N who="3" m="49739" /><G121/><T69/><D56/><U42/><E46/><V5/><F5/><W9/><G99/><T28/><D28/><U29/><E6/><V60/><F118/><W1/><G1/><T62/><REACH who="0" step="1"/><D67/><REACH who="0" ten="203,242,255,290" step="2"/><U125/><E29/><V35/><F71/><W37/><G134/><T49/><AGARI ba="0,1" hai="22,27,30,41,47,49,62,65,69,74,76,82,94,95" machi="49" ten="20,12000,1" yaku="1,1,2,1,0,1,7,1,53,1" doraHai="111" doraHaiUra="19" who="0" fromWho="0" sc="203,130,242,-40,255,-40,290,-40" /><INIT seed="4,1,0,1,3,94" ten="333,202,215,250" oya="0" hai0="110,17,131,101,80,112,130,0,4,3,77,6,31" hai1="117,127,44,100,78,37,24,53,56,54,2,36,13" hai2="72,21,23,71,30,121,33,28,49,73,116,61,133" hai3="74,67,93,9,90,111,42,47,55,98,41,81,106"/><T19/><D101/><U15/><E2/><N who="0" m="553" /><D80/><U48/><E117/><V109/><F121/><W84/><G111/><T18/><D77/><U16/><E127/><V104/><F104/><W38/><G67/><T43/><D43/><U118/><E118/><V57/><F109/><W114/><G114/><T10/><D110/><U115/><E115/><V65/><F33/><W7/><G42/><T1/><D112/><U92/><E78/><V125/><F125/><W26/><G26/><T70/><D70/><U120/><E120/><V95/><F116/><W45/><G74/><T103/><D103/><U66/><E66/><V14/><F49/><W83/><G106/><T63/><D63/><U39/><E54/><V113/><F71/><W59/><G45/><T108/><D6/><U87/><E44/><V128/><F73/><W46/><G46/><T32/><D108/><U68/><E68/><V8/><F95/><W89/><G89/><T107/><D107/><U88/><E100/><V132/><F72/><W124/><G124/><T129/><D31/><U51/><E51/><V69/><F69/><W82/><G59/><T76/><D76/><U50/><E50/><V86/><F30/><W122/><G55/><T25/><D32/><U134/><E134/><N who="2" m="51819" /><F28/><W29/><G29/><T105/><D105/><U79/><E79/><V102/><F102/><N who="3" m="60751" /><G122/><T12/><N who="0" m="561" /><AGARI ba="1,0" hai="1,7,9,38,41,47,81,82,83,84,90" m="60751" machi="1" ten="30,2000,0" yaku="3,1,52,1" doraHai="94" who="3" fromWho="0" sc="333,-23,202,0,215,0,250,23" /><INIT seed="5,0,0,4,4,80" ten="310,202,215,273" oya="1" hai0="43,92,2,21,14,133,5,52,10,113,53,91,119" hai1="40,7,33,19,60,106,28,90,72,96,94,25,9" hai2="31,27,0,22,134,84,49,82,47,69,71,107,125" hai3="13,35,66,123,11,116,78,103,4,34,74,118,104"/><U57/><E72/><V114/><F107/><W3/><G123/><T85/><D119/><N who="3" m="45609" /><G66/><T39/><D113/><U58/><E106/><V124/><F0/><W70/><G70/><T135/><D39/><U98/><E40/><V8/><F8/><N who="3" m="2079" /><G78/><T1/><D43/><U45/><E45/><V127/><F114/><W6/><G74/><T15/><D1/><U16/><E96/><AGARI ba="0,0" hai="6,11,13,34,35,96,103,104" m="2079,45609" machi="96" ten="30,1000,0" yaku="12,1" doraHai="80" who="3" fromWho="1" sc="310,0,202,-10,215,0,273,10" /><INIT seed="6,0,0,1,3,6" ten="310,192,215,283" oya="2" hai0="129,26,75,34,22,36,123,97,96,66,100,106,77" hai1="115,113,15,42,109,70,23,116,111,88,27,24,107" hai2="110,8,5,33,63,1,13,135,94,86,82,120,84" hai3="39,46,80,121,131,117,133,37,54,73,35,122,81"/><V58/><F120/><W19/><G117/><T51/><D123/><U69/><E107/><V79/><F33/><W20/><G35/><T31/><D36/><U90/><E42/><V65/><F135/><W50/><G133/><T61/><D96/><U71/><E15/><V102/><F110/><N who="1" m="41993" /><E23/><V105/><F105/><W114/><G114/><N who="1" m="43530" /><E116/><V98/><REACH who="2" step="1"/><F1/><REACH who="2" ten="310,192,205,283" step="2"/><W25/><G122/><T45/><D34/><U18/><E18/><V55/><F55/><W28/><G121/><T92/><D106/><U53/><E53/><V47/><F47/><W134/><G134/><T56/><D45/><U2/><E2/><V29/><F29/><W124/><G28/><T17/><D31/><U7/><E7/><V118/><F118/><W104/><G104/><T91/><D17/><U16/><E16/><V74/><AGARI ba="0,1" hai="5,8,13,58,63,65,74,79,82,84,86,94,98,102" machi="74" ten="20,7800,0" yaku="1,1,0,1,7,1,52,1,53,0" doraHai="6" doraHaiUra="38" who="2" fromWho="2" sc="310,-26,192,-26,205,88,283,-26" /><INIT seed="6,1,0,1,4,66" ten="284,166,293,257" oya="2" hai0="33,22,41,80,131,0,90,64,36,60,72,44,85" hai1="81,51,99,68,121,103,58,26,77,30,45,110,43" hai2="71,52,100,11,105,37,69,13,88,104,65,111,124" hai3="2,73,84,75,39,94,54,95,135,34,114,4,62"/><V38/><F124/><W29/><G135/><T82/><D33/><U47/><E121/><V101/><F65/><W32/><G39/><T122/><D122/><U89/><E110/><V7/><F111/><W48/><G2/><T20/><D0/><U106/><E47/><V27/><F27/><W123/><G4/><T50/><D36/><U112/><E112/><V18/><F7/><W49/><G29/><T12/><D131/><U74/><E58/><V9/><F88/><W56/><G62/><T132/><D132/><U40/><E89/><V108/><F108/><W8/><G8/><T113/><D12/><U61/><E43/><V96/><F52/><W125/><G56/><T19/><D19/><U10/><E10/><V120/><F120/><W59/><G59/><N who="0" m="36895" /><D72/><U91/><E91/><V127/><F127/><W6/><G6/><T67/><D67/><U133/><E133/><V35/><F35/><W116/><G54/><T63/><D63/><U93/><E61/><V86/><F13/><W129/><G123/><T21/><D113/><U14/><E14/><V126/><F126/><W98/><G125/><T46/><D44/><U134/><E134/><V53/><F53/><W130/><G114/><T107/><D107/><U117/><E117/><V24/><F18/><W15/><G15/><T28/><D80/><U55/><E55/><V78/><F24/><AGARI ba="1,0" hai="20,21,22,24,28,41,46,50,82,85,90" m="36895" machi="24" ten="30,1000,0" yaku="8,1" doraHai="66" who="0" fromWho="2" sc="284,13,166,0,293,-13,257,0" /><INIT seed="7,0,0,1,3,30" ten="297,166,280,257" oya="3" hai0="56,108,36,3,22,111,0,123,50,107,33,130,75" hai1="125,11,5,63,53,27,25,41,89,119,94,16,59" hai2="112,43,32,85,73,105,124,40,10,44,87,49,42" hai3="82,31,13,95,48,28,114,29,103,64,81,118,61"/><W132/><G118/><T90/><D36/><U38/><E125/><V9/><F73/><W26/><G114/><T113/><D33/><U109/><E109/><V97/><F32/><W116/><G116/><T65/><D123/><U106/><E106/><V35/><F35/><W21/><G132/><T93/><D107/><U98/><E119/><V76/><F112/><W84/><G48/><T122/><D75/><U115/><E115/><V23/><F124/><W78/><G13/><T39/><D39/><U68/><E68/><V57/><F105/><W126/><G126/><T18/><D122/><U19/><E38/><V121/><F97/><W72/><G95/><T45/><D130/><U86/><E41/><V92/><F57/><W79/><REACH who="3" step="1"/><G103/><REACH who="3" ten="297,166,280,247" step="2"/><T117/><D117/><U14/><E98/><V74/><F92/><W24/><G24/><AGARI ba="0,1" hai="5,11,14,16,19,24,25,27,53,59,63,86,89,94" machi="24" ten="40,2600,0" yaku="8,1,54,1" doraHai="30" who="1" fromWho="3" sc="297,0,166,36,280,0,247,-26" /><INIT seed="8,0,0,0,2,118" ten="297,202,280,221" oya="0" hai0="39,124,34,129,50,82,63,14,53,112,15,1,16" hai1="89,6,67,51,38,32,35,97,19,127,92,115,0" hai2="37,130,123,74,12,68,45,8,133,28,94,11,95" hai3="56,55,61,43,10,84,3,111,29,25,126,26,131"/><T5/><D112/><U134/><E38/><V47/><F123/><W93/><G111/><T106/><D39/><U65/><E115/><V88/><F68/><W103/><G131/><T71/><D34/><U128/><E128/><V23/><F74/><W100/><G126/><T62/><D106/><U13/><E127/><V80/><F130/><W60/><G43/><T59/><D1/><U9/><E134/><V54/><F37/><W4/><G60/><T57/><D71/><U78/><E78/><V18/><F133/><W102/><G26/><T86/><D124/><U48/><E35/><V64/><F64/><W119/><G119/><T76/><D129/><U99/><E99/><V121/><F28/><W33/><REACH who="3" step="1"/><G84/><REACH who="3" ten="297,202,280,211" step="2"/><T77/><D62/><U21/><E32/><V108/><F108/><W114/><G114/><T122/><D63/><U36/><E36/><V109/><F109/><W2/><G2/><T73/><D86/><U27/><E0/><V90/><F54/><W24/><G24/><T81/><D53/><U17/><E65/><V110/><F110/><W52/><G52/><T87/><D87/><U75/><E75/><V44/><F44/><W85/><G85/><T120/><D73/><U66/><E66/><V83/><F47/><W42/><G42/><T46/><D46/><U30/><E67/><V132/><F45/><W31/><G31/><T96/><D76/><U135/><E135/><V91/><F132/><W22/><G22/><T107/><D77/><U72/><E72/><V105/><F23/><W104/><G104/><T117/><D117/><U79/><E79/><RYUUKYOKU ba="0,1" sc="297,-15,202,15,280,-15,211,15" hai1="6,9,13,17,19,21,27,30,48,51,89,92,97" hai3="3,4,10,25,29,33,55,56,61,93,100,102,103" /><INIT seed="9,1,1,4,4,54" ten="282,217,265,226" oya="1" hai0="48,64,34,12,1,72,82,44,6,134,33,71,79" hai1="55,102,87,28,105,51,42,21,17,35,20,91,129" hai2="85,90,104,56,19,109,65,125,2,46,68,76,122" hai3="58,25,60,116,45,67,77,30,97,89,95,43,63"/><U94/><E129/><V59/><F109/><W15/><G116/><T110/><D110/><U99/><E42/><V81/><F122/><W73/><G73/><T108/><D108/><U84/><E84/><V49/><F2/><W78/><G15/><T88/><D134/><U112/><E112/><V132/><F104/><W115/><G115/><T123/><D88/><U114/><E114/><V27/><F68/><W111/><G63/><T8/><D123/><U80/><E105/><V53/><F65/><W75/><G75/><T24/><D24/><U26/><REACH who="1" step="1"/><E17/><REACH who="1" ten="282,207,265,226" step="2"/><V131/><F131/><W18/><G18/><T39/><D72/><U47/><AGARI ba="1,2" hai="20,21,26,28,35,47,51,55,80,87,91,94,99,102" machi="47" ten="20,7800,0" yaku="1,1,2,1,0,1,7,1,53,0" doraHai="54" doraHaiUra="117" who="1" fromWho="1" sc="282,-27,207,101,265,-27,226,-27" owari="255,6.0,308,40.0,238,-16.0,199,-30.0" /></mjloggm>