<mjloggm ver="2.3"><GO type="169" lobby="0"/><UN n0="%E6%AD%A6%E5%89%87%E8%BC%9D%E6%B5%B7" n1="%E3%82%AA%E3%82%AC%E3%83%8E%E3%83%AB%E3%83%BC%E3%83%88" n2="%E3%82%82%E3%83%BC%E3%82%8A%E3%83%BC" n3="%4E%6F%6D%65%72%63%79" dan="16,16,16,16" rate="2106.14,2010.85,2175.86,2164.00" sx="M,M,M,F"/><TAIKYOKU oya="0"/><INIT seed="0,0,0,5,5,54" ten="250,250,250,250" oya="0" hai0="30,69,96,33,132,84,12,108,19,61,15,46,17" hai1="112,11,49,113,88,111,135,28,70,8,55,101,0" hai2="13,122,31,86,14,123,38,97,24,131,78,6,47" hai3="134,23,18,1,29,121,79,27,40,129,32,43,102"/><T124/><D132/><U119/><E70/><V92/><F131/><W64/><G129/><T90/><D124/><U48/><E119/><V94/><F38/><W105/><G134/><T106/><D108/><U3/><E135/><V114/><F114/><N who="1" m="44137" /><E101/><V82/><F94/><W25/><G1/><N who="1" m="586" /><E28/><V4/><F47/><W35/><G121/><T71/><D106/><U68/><E68/><V16/><F14/><W81/><G35/><T62/><D96/><U9/><E111/><V95/><F95/><W41/><G64/><T63/><D46/><U85/><E55/><V128/><F128/><W133/><G133/><T60/><D33/><U110/><E110/><V51/><F123/><W100/><REACH who="3" step="1"/><G105/><REACH who="3" ten="250,250,250,240" step="2"/><T76/><D69/><U127/><E127/><V58/><F122/><W53/><G53/><T120/><D71/><U57/><E57/><V21/><F58/><W91/><G91/><T36/><D90/><U10/><N who="1" m="2048" /><DORA hai="52" /><U42/><E42/><V73/><F4/><W130/><G130/><T107/><D107/><U118/><E118/><V39/><F6/><W56/><G56/><T75/><D120/><U99/><E99/><V67/><F97/><W117/><G117/><T80/><D63/><U37/><E37/><V20/><F39/><W126/><G126/><T66/><D36/><U125/><E125/><V83/><F67/><W7/><G7/><T50/><D66/><U116/><E116/><V45/><F45/><W104/><G104/><T87/><D62/><U2/><E2/><V5/><F5/><W65/><G65/><T109/><D61/><U74/><E88/><RYUUKYOKU ba="0,1" sc="250,-10,250,-10,250,-10,240,30" hai3="18,23,25,27,29,32,40,41,43,79,81,100,102" /><INIT seed="1,1,1,2,5,29" ten="240,240,240,270" oya="1" hai0="96,4,35,65,85,16,30,11,67,40,121,77,134" hai1="104,99,88,94,26,46,33,41,78,13,90,118,75" hai2="79,69,66,53,103,22,68,59,38,131,130,39,27" hai3="91,124,102,70,7,58,89,42,56,82,52,128,8"/><U15/><E118/><V106/><F106/><W50/><G70/><N who="2" m="27241" /><F79/><W28/><G124/><T20/><D40/><U84/><E104/><V64/><F103/><W18/><G128/><N who="2" m="49193" /><F27/><W12/><G102/><T112/><D96/><U111/><E111/><V110/><F22/><W60/><G28/><T19/><D85/><U129/><E129/><V17/><F17/><W81/><G18/><T101/><D77/><U116/><E116/><V113/><F113/><W62/><G62/><T61/><D61/><U34/><E78/><V57/><F110/><W37/><G37/><N who="2" m="13833" /><F53/><W95/><G42/><T3/><D101/><U100/><E75/><V83/><F83/><W115/><G115/><T23/><D112/><U117/><E117/><V10/><F10/><W43/><G43/><T92/><D11/><U107/><E26/><V55/><F55/><W48/><G91/><T44/><D30/><U36/><REACH who="1" step="1"/><E90/><REACH who="1" ten="240,230,240,270" step="2"/><V122/><F122/><W14/><G89/><T93/><D121/><U87/><E87/><V114/><F114/><W5/><G95/><T123/><D123/><U108/><E108/><V6/><F6/><W63/><G5/><T133/><D4/><U73/><E73/><V71/><F71/><W51/><REACH who="3" step="1"/><G14/><AGARI ba="1,2" hai="13,14,15,33,34,36,41,46,84,88,94,99,100,107" machi="14" ten="40,18000,2" yaku="1,1,52,2,54,1,53,2" doraHai="29" doraHaiUra="31" who="1" fromWho="3" sc="240,0,230,203,240,0,270,-183" /><INIT seed="1,2,0,1,2,36" ten="240,433,240,87" oya="1" hai0="20,113,70,126,107,49,90,103,85,14,122,41,47" hai1="104,62,131,74,127,1,99,52,81,95,55,34,110" hai2="94,7,4,66,25,78,58,9,69,101,132,26,6" hai3="12,61,98,93,102,8,46,112,10,118,18,64,77"/><U109/><E1/><V72/><F69/><W89/><G112/><T119/><D113/><U88/><E34/><V21/><F132/><W60/><G118/><T129/><D70/><U2/><E2/><V91/><F72/><W84/><G77/><T50/><D119/><U56/><E131/><V31/><F78/><W92/><G46/><T133/><D129/><U3/><E3/><V83/><F83/><W63/><REACH who="3" step="1"/><G10/><REACH who="3" ten="240,433,240,77" step="2"/><T59/><D47/><U80/><E74/><V108/><F9/><W17/><G17/><T75/><D75/><U96/><E127/><V11/><F11/><W54/><G54/><T43/><D126/><U115/><E115/><V73/><F6/><W51/><G51/><T57/><D50/><U15/><E55/><V116/><F4/><W37/><G37/><T79/><D49/><U29/><E29/><V114/><F7/><W45/><G45/><T121/><D79/><U28/><E28/><V86/><F31/><W105/><G105/><T27/><D107/><U39/><E39/><V87/><F114/><W30/><G30/><T23/><D122/><U76/><E76/><V24/><F116/><W125/><G125/><T42/><D121/><U48/><E48/><V123/><F123/><W117/><G117/><T5/><D5/><U100/><E104/><V71/><F21/><W16/><G16/><T128/><D23/><U13/><E52/><V35/><F35/><W106/><G106/><T124/><D20/><U33/><E33/><V130/><F130/><W111/><G111/><T22/><D128/><U0/><E110/><V53/><F108/><RYUUKYOKU ba="2,1" sc="240,-10,433,-10,240,-10,77,30" hai3="8,12,18,60,61,63,64,84,89,92,93,98,102" /><INIT seed="2,3,1,5,4,27" ten="230,423,230,107" oya="2" hai0="2,59,79,100,29,125,119,109,92,65,56,12,85" hai1="40,115,53,26,54,21,34,105,103,38,25,130,47" hai2="83,74,88,106,114,7,86,4,60,131,5,50,11" hai3="16,93,81,24,62,64,19,112,116,107,10,71,15"/><V46/><F114/><W124/><G112/><T1/><D109/><U39/><E115/><V30/><F74/><W73/><G107/><T113/><D113/><U120/><E120/><V90/><F131/><W89/><G116/><T9/><D125/><U68/><E130/><V69/><F106/><W95/><G124/><T82/><D119/><U70/><E105/><V36/><F36/><W42/><G42/><T80/><D2/><U129/><E129/><V45/><F11/><W127/><G127/><T96/><D1/><U51/><E103/><V72/><F72/><W22/><G73/><T117/><D117/><U91/><E34/><V67/><F30/><W33/><G33/><T13/><D13/><U122/><E122/><V78/><REACH who="2" step="1"/><F45/><REACH who="2" ten="230,423,220,107" step="2"/><W23/><G10/><T84/><D29/><U17/><E39/><V32/><F32/><W121/><G121/><T134/><D9/><U41/><E38/><V110/><F110/><W132/><G132/><T99/><D134/><U20/><E47/><V8/><F8/><W126/><G126/><T14/><D100/><U43/><E21/><V101/><F101/><W37/><G37/><T6/><D6/><U35/><E20/><V61/><F61/><W102/><G102/><T31/><D31/><U97/><E35/><V104/><F104/><W133/><G133/><T66/><D79/><U108/><E108/><V87/><F87/><W63/><G62/><T76/><D76/><U77/><E77/><V49/><F49/><W55/><G23/><T3/><D3/><U48/><E51/><V98/><F98/><W0/><G0/><RYUUKYOKU ba="3,2" sc="230,15,423,-15,220,15,107,-15" hai0="12,14,56,59,65,66,80,82,84,85,92,96,99" hai2="4,5,7,46,50,60,67,69,78,83,86,88,90" /><INIT seed="2,4,2,4,1,26" ten="245,408,235,92" oya="2" hai0="84,31,56,103,33,87,24,101,19,22,112,4,50" hai1="95,114,53,91,29,94,118,108,125,74,1,96,132" hai2="10,77,59,102,109,63,120,82,25,115,72,122,37" hai3="48,76,60,105,100,89,18,107,92,6,73,15,81"/><V5/><F115/><W88/><G6/><T90/><D112/><U135/><E1/><V65/><F109/><W121/><G121/><T104/><D104/><U44/><E114/><V134/><F134/><W85/><G48/><T57/><D87/><U62/><E108/><V69/><F59/><W11/><G100/><T113/><D113/><U58/><E74/><V43/><F102/><W66/><REACH who="3" step="1"/><G89/><REACH who="3" ten="245,408,235,82" step="2"/><T49/><D103/><U32/><E118/><V51/><F51/><W111/><G111/><T64/><D101/><U35/><E125/><V2/><REACH who="2" step="1"/><F25/><REACH who="2" ten="245,408,225,82" step="2"/><W124/><G124/><T9/><D50/><U14/><E135/><V38/><F38/><W8/><G8/><T110/><D49/><U80/><E132/><V70/><F70/><AGARI ba="4,4" hai="11,15,18,60,66,70,73,76,81,85,88,92,105,107" machi="70" ten="30,3900,0" yaku="1,1,7,1,54,1,53,0" doraHai="26" doraHaiUra="52" who="3" fromWho="2" sc="245,0,408,0,225,-51,82,91" /><INIT seed="3,0,0,2,0,33" ten="245,408,174,173" oya="3" hai0="117,47,82,118,39,123,85,0,121,114,130,101,77" hai1="79,75,51,5,94,45,3,35,134,73,40,15,50" hai2="61,46,90,28,66,20,135,37,110,74,57,68,80" hai3="41,106,64,91,78,95,31,24,58,52,17,10,54"/><W29/><G106/><T14/><D14/><U111/><E35/><V26/><F110/><W4/><G78/><T65/><D65/><U87/><E111/><V59/><F135/><W7/><G41/><T1/><D101/><U103/><E134/><V30/><F30/><W98/><G64/><T116/><D130/><U113/><E113/><V133/><F133/><W109/><G109/><T122/><D114/><U69/><E69/><V71/><F71/><W99/><G99/><T96/><REACH who="0" step="1"/><D96/><REACH who="0" ten="235,408,174,173" step="2"/><U9/><E15/><V27/><F66/><W84/><G98/><T16/><D16/><U34/><E103/><V104/><F104/><W49/><G4/><T18/><D18/><U86/><E75/><V8/><F74/><W108/><G108/><T6/><D6/><U23/><E73/><V67/><F67/><W93/><G17/><T83/><D83/><U120/><E120/><V55/><F80/><W38/><G93/><T92/><D92/><U22/><E94/><V88/><F68/><W81/><G95/><T56/><D56/><U42/><E5/><V112/><F112/><W132/><G132/><T131/><D131/><U32/><E45/><V60/><F26/><W89/><G24/><T19/><D19/><U115/><E115/><V36/><F46/><W107/><G107/><T128/><D128/><U12/><E12/><V11/><F59/><W21/><G7/><T124/><D124/><U126/><E126/><V70/><F70/><W53/><G58/><T129/><D129/><U48/><E79/><V105/><F105/><W102/><G81/><T25/><D25/><RYUUKYOKU ba="0,1" sc="235,30,408,-10,174,-10,173,-10" hai0="0,1,39,47,77,82,85,116,117,118,121,122,123" /><INIT seed="4,1,1,1,1,20" ten="265,398,164,163" oya="0" hai0="90,105,79,71,8,66,78,11,19,85,29,73,122" hai1="110,21,83,91,129,33,59,17,32,43,53,68,107" hai2="87,15,31,128,117,52,65,63,109,119,130,37,81" hai3="116,127,61,10,88,108,118,100,3,28,82,7,57"/><T41/><D122/><U134/><E107/><V6/><F37/><W48/><G108/><T132/><D105/><U34/><E68/><V96/><F109/><W123/><G123/><T14/><D132/><U102/><E110/><V120/><F120/><W58/><G127/><T23/><D73/><U16/><E43/><V56/><F96/><W125/><G125/><T95/><D71/><U0/><E0/><V62/><F15/><W64/><G100/><T69/><D69/><U114/><E102/><V98/><F98/><W5/><G5/><T49/><D66/><U97/><E129/><N who="2" m="49771" /><F6/><W47/><G58/><T12/><D11/><U36/><E36/><V101/><F31/><W30/><G30/><T89/><D90/><U26/><E114/><V103/><F63/><W74/><G28/><T44/><REACH who="0" step="1"/><D29/><REACH who="0" ten="255,398,164,163" step="2"/><U60/><E134/><V46/><F103/><W54/><G74/><T104/><D104/><U40/><E91/><N who="2" m="51695" /><F101/><W131/><G131/><T135/><D135/><U113/><E113/><V80/><F80/><W92/><REACH who="3" step="1"/><G82/><REACH who="3" ten="255,398,164,153" step="2"/><T84/><D84/><AGARI ba="1,3" hai="3,7,10,47,48,54,57,61,64,84,88,92,116,118" machi="84" ten="30,7700,0" yaku="1,1,2,1,7,1,54,1,53,0" doraHai="20" doraHaiUra="18" who="3" fromWho="0" sc="255,-80,398,0,164,0,153,110" /><INIT seed="5,0,0,5,1,51" ten="175,398,164,263" oya="1" hai0="42,20,114,16,85,9,93,57,109,67,15,81,18" hai1="69,91,6,94,101,105,12,56,44,108,88,52,100" hai2="41,2,46,1,123,107,36,115,0,124,122,90,23" hai3="89,104,127,26,76,121,68,83,40,66,128,24,28"/><U60/><E105/><V11/><F124/><W132/><G127/><T7/><D114/><U84/><E69/><V55/><F115/><W37/><G121/><T116/><D109/><U72/><E72/><V63/><F107/><W110/><G110/><T13/><D116/><U134/><E134/><V59/><F11/><W30/><G128/><T39/><D93/><N who="1" m="54407" /><E44/><V99/><REACH who="2" step="1"/><F23/><REACH who="2" ten="175,398,154,263" step="2"/><W117/><G104/><T131/><D131/><U129/><E129/><V79/><F79/><W34/><G132/><T19/><D20/><U133/><E133/><V3/><N who="2" m="0" /><DORA hai="65" /><V61/><F61/><W98/><G76/><T75/><D9/><N who="1" m="4151" /><E108/><V73/><F73/><W86/><G117/><T21/><D75/><U8/><E8/><V82/><F82/><W43/><G83/><T130/><D81/><U49/><E60/><V125/><F125/><W4/><G34/><T113/><D21/><U14/><E14/><V102/><F102/><W87/><G89/><T74/><D74/><U70/><E70/><V97/><F97/><AGARI ba="0,1" hai="49,52,56,91,94,97,100,101" m="4151,54407" machi="97" ten="30,11600,0" yaku="8,1,52,1,54,2" doraHai="51,65" who="1" fromWho="2" sc="175,0,398,126,154,-116,263,0" /><INIT seed="5,1,0,3,5,12" ten="175,524,38,263" oya="1" hai0="72,132,3,46,69,52,114,40,62,13,42,80,48" hai1="51,71,77,96,109,118,111,2,17,5,32,105,95" hai2="79,21,101,126,67,130,43,66,9,117,85,129,121" hai3="20,104,47,108,113,116,82,76,99,4,91,89,86"/><U131/><E71/><V97/><F121/><W14/><G108/><N who="1" m="41546" /><E32/><V119/><F43/><W125/><G113/><T68/><D3/><U102/><E118/><N who="2" m="45067" /><F66/><W120/><G116/><T133/><D72/><U60/><E131/><N who="2" m="50187" /><F67/><W63/><G125/><T6/><D80/><U100/><E60/><V84/><F9/><W49/><G120/><T64/><D6/><U0/><E51/><V123/><F21/><W75/><G63/><T134/><D13/><U11/><E77/><V41/><F41/><N who="0" m="15978" /><D114/><U25/><E5/><V37/><F37/><W27/><G4/><T87/><D87/><N who="2" m="33354" /><F123/><W1/><G14/><T70/><AGARI ba="1,0" hai="46,48,52,62,64,68,69,70,132,133,134" m="15978" machi="70" ten="40,8000,1" yaku="20,1,34,2,54,1" doraHai="12" who="0" fromWho="0" sc="175,83,524,-41,38,-21,263,-21" /><INIT seed="6,0,0,3,5,89" ten="258,483,17,242" oya="2" hai0="42,40,62,86,131,97,90,120,48,106,129,13,100" hai1="32,130,2,84,79,44,93,12,95,37,53,119,102" hai2="6,36,81,0,49,71,51,125,58,122,63,66,124" hai3="39,88,73,57,68,3,25,128,61,101,134,24,8"/><V104/><F104/><W82/><G39/><T21/><D120/><U23/><E32/><V43/><F0/><W20/><G68/><T132/><D132/><U85/><E2/><V29/><F29/><W123/><G123/><T74/><D74/><U110/><E130/><N who="0" m="49673" /><D48/><N who="2" m="18506" /><F122/><W41/><G41/><T46/><D46/><U33/><E33/><V30/><F30/><W14/><G128/><T83/><D62/><U135/><E37/><V55/><F81/><W105/><G134/><T67/><D67/><U27/><E135/><V91/><F6/><W31/><G24/><T9/><D21/><U76/><E12/><V5/><F5/><AGARI ba="0,0" hai="5,9,13,40,42,83,86,90,97,100,106" m="49673" machi="5" ten="30,1000,0" yaku="19,1" doraHai="89" who="0" fromWho="2" sc="258,10,483,0,17,-10,242,0" /><INIT seed="7,0,0,5,1,20" ten="268,483,7,242" oya="3" hai0="19,101,36,109,11,128,1,72,17,103,81,3,96" hai1="126,32,59,68,43,116,77,6,10,60,107,7,49" hai2="130,50,87,100,82,76,27,135,94,71,40,37,57" hai3="30,84,95,97,22,51,92,48,88,70,123,2,67"/><W78/><G123/><T132/><D109/><U47/><E107/><V125/><F40/><W14/><G2/><T66/><D66/><U108/><E108/><V80/><F50/><W131/><G131/><T15/><D128/><U61/><E32/><V121/><F57/><W38/><G38/><T119/><D36/><U86/><E126/><V34/><F27/><N who="3" m="16759" /><G70/><T8/><D119/><U35/><E116/><V56/><F56/><W62/><G67/><T118/><D118/><U46/><E35/><V69/><F69/><W117/><G62/><T111/><D111/><U115/><E115/><V114/><F82/><N who="3" m="47191" /><G117/><T99/><D132/><U74/><E74/><V39/><F100/><N who="3" m="60455" /><G14/><T4/><D81/><N who="1" m="47407" /><E68/><V127/><F87/><AGARI ba="0,0" hai="48,51,87,88,95" m="60455,47191,16759" machi="87" ten="30,5800,0" yaku="8,1,52,1,54,1" doraHai="20" who="3" fromWho="2" sc="268,0,483,0,7,-58,242,58" owari="268,-13.0,483,58.0,-51,-55.0,300,10.0" /></mjloggm>