<mjloggm ver="2.3"><GO type="185" lobby="0"/><UN n0="%E3%82%84%E3%81%B7%E3%83%BC" n1="%E7%81%AB%E6%98%9F%E3%81%AE%E7%8A%AC" n2="%44%75%73%6B" n3="" dan="17,16,16,0" rate="2227.16,2214.05,2171.80,1500.00" sx="M,M,M,C"/><TAIKYOKU oya="0"/><INIT seed="0,0,0,0,3,75" ten="350,350,350,0" oya="0" hai0="34,77,105,127,56,108,132,128,125,70,67,64,45" hai1="101,52,102,59,110,76,124,121,53,71,95,130,68" hai2="88,73,43,49,115,0,129,82,80,133,117,116,35" hai3=""/><T36/><D34/><U112/><N who="1" m="31008" /><U84/><E110/><V94/><F35/><T74/><D105/><U72/><E130/><V44/><F0/><T81/><D128/><U113/><E72/><V119/><F115/><N who="1" m="44105" /><E124/><N who="0" m="47689" /><D108/><U97/><E102/><V66/><F133/><T78/><D132/><U46/><E46/><V87/><F129/><T114/><D114/><U135/><E135/><V85/><F73/><T109/><D70/><N who="1" m="26667" /><E59/><V104/><F104/><T107/><D107/><U3/><E3/><V79/><F66/><T96/><D109/><U120/><N who="1" m="30752" /><U111/><E111/><V1/><F1/><T65/><D56/><U103/><E103/><V134/><F134/><T126/><D126/><U2/><E2/><V69/><F69/><T86/><D45/><U54/><E54/><V93/><AGARI ba="0,0" hai="43,44,49,79,80,82,85,87,88,93,94,116,117,119" machi="93" ten="40,6000,1" yaku="0,1,12,1,52,1,54,1" doraHai="75" who="2" fromWho="2" sc="350,-40,350,-20,350,60,0,0" /><INIT seed="1,0,0,3,3,135" ten="310,330,410,0" oya="1" hai0="96,104,91,55,64,90,84,111,48,120,53,57,71" hai1="72,122,82,125,101,113,68,50,93,59,74,100,69" hai2="94,73,128,132,124,110,86,127,2,123,56,107,80" hai3=""/><U105/><N who="1" m="31264" /><U130/><E113/><V114/><N who="2" m="31520" /><V92/><F2/><T51/><N who="0" m="30752" /><T133/><D133/><U134/><E134/><V65/><F132/><T58/><D111/><U60/><E130/><V77/><F128/><T81/><D71/><U52/><E105/><V33/><F33/><T79/><D64/><U3/><E3/><V34/><F34/><T36/><D36/><U63/><E82/><V78/><F110/><T97/><D104/><U54/><E93/><V0/><F0/><T116/><D116/><U95/><E95/><V37/><F37/><T106/><D106/><U38/><E38/><V45/><F114/><T99/><AGARI ba="0,0" hai="48,51,53,55,57,58,79,81,84,90,91,96,97,99" m="30752" machi="99" ten="30,5900,0" yaku="0,1,9,1,8,1,52,1" doraHai="135" who="0" fromWho="0" sc="310,59,330,-39,410,-20,0,0" /><INIT seed="2,0,0,2,4,77" ten="369,291,390,0" oya="2" hai0="114,92,110,125,100,70,58,42,108,89,78,36,97" hai1="107,65,2,34,59,94,121,71,122,72,46,37,105" hai2="57,113,63,32,118,96,126,95,131,38,112,116,84" hai3=""/><V79/><F38/><T123/><N who="0" m="31520" /><T62/><D70/><U40/><N who="1" m="31008" /><U50/><N who="1" m="31264" /><U69/><E2/><V54/><F32/><T41/><D125/><U106/><E34/><V81/><F126/><T52/><D114/><U56/><E72/><V39/><F39/><T109/><D36/><U102/><E59/><V66/><F131/><T111/><N who="0" m="27648" /><DORA hai="83" /><T76/><D100/><U43/><E43/><AGARI ba="0,0" hai="41,42,43,52,58,62,76,78,89,92,97" m="27648,31520" machi="43" ten="70,8000,1" yaku="14,1,52,1,54,1" doraHai="77,83" who="0" fromWho="1" sc="369,80,291,-80,390,0,0,0" /><INIT seed="4,0,0,4,3,122" ten="449,211,390,0" oya="0" hai0="40,120,66,116,73,33,127,119,46,115,45,41,1" hai1="35,71,88,56,55,54,107,64,48,89,0,109,98" hai2="58,132,36,47,50,67,72,105,106,114,44,90,96" hai3=""/><T63/><N who="0" m="30752" /><T68/><D33/><U112/><E35/><V83/><F132/><T53/><D1/><U76/><E0/><V108/><F108/><T38/><D73/><U85/><E112/><V79/><F114/><T65/><D115/><U3/><E3/><V100/><F36/><T103/><D103/><U110/><E71/><V87/><F106/><T135/><D135/><U60/><E76/><V42/><F44/><T84/><D127/><U95/><E107/><V51/><F67/><T81/><D66/><U133/><E133/><V99/><F99/><T2/><D2/><U80/><REACH who="1" step="1"/><E48/><REACH who="1" ten="449,201,390,0" step="2"/><V57/><F50/><T32/><D32/><U104/><E104/><V91/><F90/><T82/><D38/><U128/><E128/><V59/><F91/><T75/><D68/><U131/><E131/><V77/><F79/><T124/><D124/><U113/><E113/><V78/><F77/><T102/><D119/><U117/><E117/><V118/><F118/><T62/><D116/><U126/><E126/><V43/><F51/><T52/><D75/><U74/><E74/><V121/><N who="2" m="31008" /><V86/><F72/><T61/><D61/><U69/><E69/><V93/><F78/><T94/><D63/><U37/><E37/><RYUUKYOKU ba="0,1" sc="449,-10,201,20,390,-10,0,0" hai1="54,55,56,60,64,80,85,88,89,95,98,109,110" /><INIT seed="5,1,1,4,5,70" ten="439,221,380,0" oya="1" hai0="36,2,112,47,65,80,104,42,116,103,71,78,76" hai1="61,60,39,121,67,54,94,131,38,45,134,77,89" hai2="117,55,40,133,48,41,91,74,57,97,113,50,119" hai3=""/><U126/><N who="1" m="31008" /><U52/><E131/><V128/><F74/><T69/><D2/><U101/><E134/><V107/><F133/><T100/><D112/><U53/><E126/><V129/><F107/><T114/><D114/><U130/><E130/><N who="2" m="50283" /><F91/><T46/><D116/><N who="2" m="44618" /><F97/><T110/><D110/><U123/><N who="1" m="31520" /><U125/><E45/><V81/><F81/><T85/><D65/><U63/><E125/><V44/><F113/><T62/><D62/><U32/><E32/><V79/><F79/><T106/><D42/><AGARI ba="1,1" hai="40,41,42,44,48,50,55,57" m="44618,50283" machi="42" ten="30,3900,0" yaku="19,1,34,2" doraHai="70" who="2" fromWho="0" sc="439,-41,221,0,380,51,0,0" /><INIT seed="6,0,0,0,5,74" ten="398,221,431,0" oya="2" hai0="124,39,83,51,96,46,59,88,111,68,126,48,90" hai1="121,71,66,67,135,63,50,41,114,132,122,105,131" hai2="100,52,34,127,36,57,86,33,78,37,108,103,101" hai3=""/><V123/><N who="2" m="31520" /><V82/><F127/><N who="0" m="48682" /><D68/><U128/><N who="1" m="31008" /><U55/><N who="1" m="31264" /><U118/><E105/><V102/><F108/><T62/><D111/><U49/><E114/><V45/><F103/><T106/><D39/><U91/><E91/><N who="0" m="34857" /><D46/><U43/><E118/><V129/><F129/><N who="1" m="49737" /><E55/><V47/><F45/><T93/><D106/><U72/><E67/><V109/><F109/><T54/><D83/><U3/><E72/><V134/><F134/><N who="1" m="51241" /><E3/><V79/><F78/><T80/><D80/><U40/><AGARI ba="0,0" hai="40,41,43,49,50,63,66,71" m="51241,49737,31264,31008" machi="40" ten="40,9000,2" yaku="19,1,20,1,34,2,52,2" doraHai="74" who="1" fromWho="1" sc="398,-30,221,90,431,-60,0,0" /><INIT seed="8,0,0,3,4,2" ten="368,311,371,0" oya="0" hai0="49,66,65,89,77,55,114,119,38,40,100,48,67" hai1="128,98,43,36,71,109,50,111,127,79,81,123,53" hai2="132,133,76,44,51,124,116,103,126,57,75,92,52" hai3=""/><T42/><D114/><U122/><N who="1" m="31264" /><U95/><N who="1" m="31520" /><U108/><E71/><V73/><F116/><T35/><D35/><U88/><E127/><N who="2" m="48683" /><F76/><T90/><D119/><U0/><E0/><V62/><F92/><T125/><D125/><U99/><E128/><V69/><F69/><T64/><D38/><U59/><E99/><V134/><F103/><T83/><D100/><U97/><E97/><V113/><F113/><T82/><N who="0" m="16384" /><DORA hai="1" /><T86/><D49/><U107/><E107/><V78/><F78/><T91/><REACH who="0" step="1"/><D83/><REACH who="0" ten="358,311,371,0" step="2"/><U101/><E101/><V106/><F106/><T112/><D112/><U45/><REACH who="1" step="1"/><E111/><REACH who="1" ten="358,301,371,0" step="2"/><V37/><F37/><T63/><D63/><U33/><E33/><V56/><F62/><T80/><D80/><U120/><N who="1" m="30752" /><U110/><E110/><V105/><F105/><T41/><D41/><U115/><E115/><V130/><F130/><T129/><D129/><U94/><E94/><V135/><F135/><T102/><D102/><U121/><N who="1" m="31008" /><U47/><E47/><AGARI ba="0,2" hai="40,42,47,48,55,77,82,86,89,90,91" m="16384" machi="47" ten="50,18000,2" yaku="1,1,8,1,53,5" doraHai="2,1" doraHaiUra="87,39" who="0" fromWho="1" sc="358,200,301,-180,371,0,0,0" owari="558,51.0,121,-48.0,371,-3.0,0,0.0" /></mjloggm>