<mjloggm ver="2.3"><GO type="169" lobby="0"/><UN n0="%E3%82%B3%E3%82%AB%E3%83%A9%E3%82%A4%E3%82%A2" n1="%E8%A5%BF%E5%B2%A1%E8%82%B2%E6%9C%AA%E2%99%AA" n2="%E3%82%B7%E3%83%B3%E3%83%95%E3%82%A9%E3%83%8B%E3%82%A2" n3="%E7%B4%A0%E6%99%B4%E3%82%89%E3%81%97%E3%81%8D%E6%97%A5%E3%80%85" dan="17,16,18,17" rate="2146.39,2130.14,2233.29,2145.11" sx="M,F,M,M"/><TAIKYOKU oya="0"/><INIT seed="0,0,0,5,0,114" ten="250,250,250,250" oya="0" hai0="133,6,92,122,66,58,119,29,4,78,94,11,20" hai1="23,17,18,49,110,14,36,48,25,93,129,39,2" hai2="90,121,106,101,13,47,50,82,109,81,27,34,107" hai3="98,32,19,5,46,55,42,69,15,37,131,22,97"/><T64/><D119/><U89/><E2/><V118/><F13/><W85/><G69/><T57/><D122/><U59/><E110/><V100/><F27/><W72/><G72/><T7/><D133/><U95/><E129/><V87/><F50/><W61/><G32/><T0/><D78/><U65/><E93/><N who="0" m="35945" /><D0/><U105/><E105/><N who="2" m="39947" /><F47/><W116/><G131/><T115/><D115/><U31/><E18/><V45/><F45/><W75/><G75/><T70/><D70/><U33/><E49/><V79/><F34/><W16/><G5/><T43/><D43/><U108/><E108/><V120/><F109/><W124/><G19/><T99/><D99/><U63/><E48/><V52/><F52/><W84/><G124/><T113/><D11/><U9/><E33/><V73/><F118/><W88/><G116/><T67/><D113/><U35/><E35/><V112/><F112/><W21/><G85/><AGARI ba="0,0" hai="9,14,17,23,25,31,36,39,59,63,65,85,89,95" machi="85" ten="30,1000,0" yaku="7,1" doraHai="114" who="1" fromWho="3" sc="250,0,250,10,250,0,250,-10" /><INIT seed="1,0,0,1,5,6" ten="250,260,250,240" oya="1" hai0="39,43,4,40,73,1,114,48,25,33,26,17,109" hai1="94,105,78,28,62,85,27,10,100,131,46,130,124" hai2="117,107,74,19,113,133,76,11,112,79,61,89,63" hai3="49,9,108,83,45,22,66,13,102,119,99,38,0"/><U69/><E124/><V106/><F89/><W122/><G122/><T110/><D114/><N who="2" m="44138" /><F117/><W54/><G119/><T82/><D48/><U121/><E121/><V126/><F126/><W29/><G108/><N who="0" m="41579" /><D17/><U135/><E135/><V77/><F74/><W30/><G38/><T50/><D50/><U18/><E105/><N who="2" m="39947" /><F133/><W2/><G66/><T21/><D21/><U120/><E120/><V115/><F115/><W53/><G83/><T8/><D33/><U68/><E100/><V36/><F36/><W35/><G35/><T7/><D7/><U64/><E94/><V58/><F58/><W37/><G37/><T44/><D40/><U47/><E69/><V15/><AGARI ba="0,0" hai="11,15,19,61,63,76,77,79" m="39947,44138" machi="15" ten="40,2700,0" yaku="11,1,52,1" doraHai="6" who="2" fromWho="2" sc="250,-7,260,-13,250,27,240,-7" /><INIT seed="2,0,0,5,4,11" ten="243,247,277,233" oya="2" hai0="66,4,29,39,122,93,25,77,108,68,95,36,2" hai1="64,65,76,60,109,81,33,58,73,22,102,59,71" hai2="116,89,54,35,86,100,125,13,107,103,92,19,28" hai3="6,94,115,126,67,69,78,50,26,43,49,99,5"/><V79/><F125/><W124/><G115/><T132/><D108/><U129/><E109/><V61/><F116/><W41/><G78/><T46/><D122/><U98/><E33/><V113/><F113/><W112/><G112/><T31/><D132/><U0/><E0/><V96/><F35/><W7/><G26/><T57/><D68/><U104/><E129/><V135/><F135/><W118/><G118/><T85/><D77/><U117/><E117/><V88/><F28/><W114/><G114/><T18/><D18/><U133/><E133/><V120/><F120/><W52/><G67/><T16/><D4/><U27/><REACH who="1" step="1"/><E65/><REACH who="1" ten="243,237,277,233" step="2"/><V90/><F107/><W48/><G124/><T53/><D2/><U105/><E105/><V83/><F103/><W32/><G126/><T21/><D66/><U84/><E84/><V70/><F70/><W3/><G69/><T63/><D85/><U128/><E128/><V130/><F130/><W106/><G106/><T47/><D39/><U123/><E123/><V45/><F61/><W56/><G3/><T62/><D63/><U8/><E8/><N who="2" m="6567" /><F79/><W82/><G32/><T131/><D131/><U37/><E37/><V40/><F40/><W119/><G119/><T1/><D1/><U44/><E44/><N who="0" m="16937" /><D36/><U14/><E14/><V97/><F97/><W10/><G10/><T101/><D101/><U24/><E24/><V91/><F100/><N who="3" m="60535" /><G43/><T72/><D72/><U75/><E75/><V80/><F86/><W110/><G110/><T134/><D134/><U55/><E55/><V9/><F9/><W87/><G41/><T38/><D38/><RYUUKYOKU ba="0,1" sc="243,0,237,0,277,0,233,0" hai0="16,21,25,29,31,53,57,62,93,95" hai1="22,27,58,59,60,64,71,73,76,81,98,102,104" hai2="45,54,80,83,88,89,90,91,92,96" hai3="5,6,7,48,49,50,52,56,82,87" /><INIT seed="2,1,1,0,0,72" ten="243,237,277,233" oya="2" hai0="58,12,53,31,78,68,57,127,130,4,84,79,83" hai1="56,29,131,54,8,32,1,129,132,96,40,21,42" hai2="134,123,62,115,63,49,73,34,2,44,9,90,18" hai3="65,110,17,93,86,22,116,125,77,33,81,74,37"/><V122/><F34/><W19/><G116/><T43/><D68/><U94/><E32/><V13/><F115/><W113/><G33/><T61/><D127/><U52/><E132/><V124/><F134/><W23/><G37/><T5/><D130/><N who="1" m="49675" /><E1/><V26/><F124/><W85/><G125/><T7/><D43/><N who="1" m="16427" /><E8/><V80/><F2/><W103/><G113/><T50/><D31/><U64/><E64/><V3/><F3/><W100/><G110/><T67/><REACH who="0" step="1"/><D12/><REACH who="0" ten="233,237,277,233" step="2"/><U108/><E108/><V117/><F13/><N who="3" m="9519" /><G65/><T126/><D126/><U55/><E29/><V47/><F117/><W92/><G74/><T107/><D107/><U120/><E120/><V114/><F73/><W75/><G75/><T59/><D59/><U119/><E119/><V27/><F123/><W20/><G20/><T35/><D35/><U6/><E21/><V98/><F122/><W89/><G93/><T104/><D104/><U46/><E56/><V106/><F106/><W111/><G111/><T0/><D0/><U71/><E71/><V28/><F28/><W70/><G70/><T60/><D60/><U95/><E95/><V76/><F62/><W87/><G92/><T10/><D10/><U109/><E109/><V45/><F63/><W101/><G23/><T11/><D11/><U39/><E39/><V118/><F118/><W24/><G24/><T36/><D36/><U88/><E46/><V91/><F45/><W133/><G133/><T135/><D135/><U121/><E121/><V112/><F44/><W48/><G48/><T99/><D99/><U69/><E69/><V105/><F98/><RYUUKYOKU ba="1,2" sc="233,15,237,15,277,-15,233,-15" hai0="4,5,7,50,53,57,58,61,67,78,79,83,84" hai1="6,52,54,55,88,94,96" /><INIT seed="3,2,2,0,2,76" ten="248,252,262,218" oya="3" hai0="11,81,35,10,24,19,5,96,68,73,92,93,115" hai1="31,78,79,89,57,77,131,114,109,103,91,44,17" hai2="135,7,125,126,95,48,113,43,122,99,80,65,101" hai3="123,41,30,87,32,124,106,37,108,105,110,82,132"/><W4/><G123/><T88/><D68/><U50/><E114/><V55/><F113/><W22/><G32/><T54/><D115/><U127/><E109/><N who="3" m="42090" /><G124/><N who="2" m="47721" /><F122/><W59/><G132/><T23/><D35/><U102/><E131/><V56/><F135/><W12/><G59/><T51/><D5/><U29/><E17/><V121/><F121/><W128/><G128/><T120/><D120/><U38/><E38/><V49/><F7/><W70/><G70/><T83/><D93/><U62/><E127/><V72/><F65/><W40/><G4/><T39/><D39/><U2/><E2/><V118/><F118/><W94/><G94/><T67/><D67/><N who="1" m="39375" /><E29/><V100/><F100/><N who="1" m="38441" /><E31/><V42/><F48/><W0/><G0/><T111/><D111/><U107/><E107/><N who="3" m="40970" /><G37/><T18/><D73/><U53/><AGARI ba="2,2" hai="44,50,53,77,78,79,89,91" m="38441,39375" machi="53" ten="30,1100,0" yaku="8,1" doraHai="76" who="1" fromWho="1" sc="248,-5,252,37,262,-5,218,-7" /><INIT seed="4,0,0,1,4,75" ten="243,289,257,211" oya="0" hai0="101,57,35,115,14,34,81,104,89,132,26,3,106" hai1="121,100,129,102,78,60,38,91,48,114,52,134,73" hai2="58,8,5,123,86,87,96,32,111,98,90,4,79" hai3="67,66,92,18,118,126,44,122,72,31,53,15,109"/><T125/><D3/><U13/><E38/><V16/><F111/><W112/><G118/><T24/><D115/><U116/><E121/><V63/><F123/><W21/><G109/><T7/><D132/><U131/><E116/><V135/><F32/><W25/><G112/><T117/><D117/><U36/><E36/><V22/><F135/><W127/><G122/><T124/><D101/><U28/><E134/><V99/><F8/><W10/><G72/><T59/><D81/><N who="1" m="45263" /><E60/><V69/><F69/><W12/><G92/><T11/><D89/><U107/><E107/><V30/><F30/><W74/><G74/><T23/><D104/><U42/><E42/><V82/><F58/><W2/><G2/><N who="0" m="503" /><D106/><U108/><E108/><V120/><F63/><W33/><G44/><T94/><D94/><U133/><E28/><V45/><F45/><W1/><G53/><T39/><D39/><U47/><E133/><V113/><F113/><W56/><G56/><T76/><D57/><U49/><E49/><V37/><F37/><W110/><G110/><T105/><D59/><U6/><E91/><V103/><F103/><W9/><G67/><T55/><D105/><U46/><E46/><V29/><F29/><W71/><G66/><T77/><D55/><U95/><E95/><N who="2" m="54751" /><F120/><W85/><G71/><T83/><D83/><U68/><E68/><V43/><F43/><W62/><G62/><T54/><D54/><U97/><E114/><V88/><F88/><W40/><G40/><T0/><D0/><U20/><E102/><V50/><F50/><W128/><G1/><T65/><D65/><RYUUKYOKU ba="0,0" sc="243,-10,289,-10,257,30,211,-10" hai2="4,5,16,22,79,82,86,96,98,99" /><INIT seed="5,1,0,5,4,75" ten="233,279,287,201" oya="1" hai0="33,63,64,91,88,55,52,85,122,31,30,116,90" hai1="127,77,60,135,119,14,45,97,15,133,47,53,10" hai2="114,48,56,87,3,108,23,57,20,36,22,61,134" hai3="118,112,40,71,62,82,8,66,80,126,131,115,2"/><U24/><E119/><V67/><F108/><W120/><G120/><T100/><D116/><U68/><E127/><V107/><F134/><N who="1" m="51209" /><E24/><V0/><F36/><W81/><G118/><T76/><D122/><U104/><E15/><V25/><F107/><W84/><G126/><T83/><D100/><N who="1" m="62479" /><E77/><V12/><F3/><W105/><G105/><T70/><REACH who="0" step="1"/><D33/><REACH who="0" ten="223,279,287,201" step="2"/><U72/><E72/><V54/><F114/><N who="3" m="43563" /><G131/><T1/><D1/><U38/><E38/><V128/><F0/><W19/><G2/><T13/><D13/><U5/><E68/><V109/><F128/><W34/><G34/><T11/><D11/><U123/><E123/><V32/><F32/><W39/><G8/><T27/><D27/><U96/><E14/><V74/><F12/><W132/><G132/><T41/><D41/><U93/><E10/><V102/><F102/><W18/><G40/><T29/><AGARI ba="1,1" hai="29,30,31,52,55,63,64,70,76,83,85,88,90,91" machi="29" ten="30,12000,2" yaku="1,1,0,1,52,1,54,2,53,1" doraHai="75" doraHaiUra="59" who="0" fromWho="0" sc="223,133,279,-61,287,-31,201,-31" /><INIT seed="6,0,0,4,3,111" ten="356,218,256,170" oya="2" hai0="88,43,35,25,9,6,121,48,62,82,22,64,96" hai1="54,94,109,37,93,69,56,102,52,29,76,115,17" hai2="106,27,18,57,104,50,85,4,119,110,133,66,101" hai3="47,5,63,97,92,75,86,46,23,10,20,100,73"/><V127/><F119/><W51/><G73/><T87/><D121/><U95/><E69/><V55/><F110/><W98/><G75/><T77/><D35/><U89/><E37/><V36/><F36/><W113/><G63/><T128/><D128/><U40/><E40/><V65/><F4/><W41/><G86/><T108/><D108/><U71/><E71/><V126/><F85/><W59/><G59/><T67/><D96/><U81/><E109/><V24/><F133/><W99/><G99/><T132/><D132/><U53/><E29/><V2/><F2/><W30/><G30/><T91/><D48/><U33/><E33/><V90/><F90/><W1/><G98/><T117/><D43/><U26/><E102/><V42/><F42/><W107/><G107/><T125/><D125/><N who="2" m="47626" /><F101/><W32/><G32/><T130/><D130/><U28/><E89/><V122/><F122/><W49/><REACH who="3" step="1"/><G113/><REACH who="3" ten="356,218,256,160" step="2"/><T74/><D74/><U124/><E115/><V103/><F106/><W114/><G114/><T11/><D87/><N who="1" m="48551" /><E28/><V105/><F105/><W70/><G70/><T120/><D120/><U78/><E124/><V13/><F104/><W12/><G12/><T79/><D62/><N who="1" m="36103" /><E78/><V45/><F103/><W123/><G123/><T31/><D77/><U118/><E118/><V16/><F57/><W14/><G14/><T58/><D79/><U112/><E112/><V84/><F84/><W83/><G83/><T134/><D82/><U116/><E116/><V129/><F13/><W34/><G34/><T61/><D117/><U7/><E7/><V39/><F129/><W60/><G60/><RYUUKYOKU ba="0,1" sc="356,-15,218,15,256,-15,160,15" hai1="17,26,53,54,93,94,95" hai3="1,5,10,20,23,41,46,47,49,51,92,97,100" /><INIT seed="7,1,1,2,1,10" ten="341,233,241,175" oya="3" hai0="21,100,128,53,44,14,48,72,105,95,0,11,97" hai1="50,29,70,80,65,3,107,13,69,132,18,84,123" hai2="111,116,34,47,38,6,73,91,119,76,31,74,33" hai3="52,102,110,88,43,104,27,68,17,60,71,113,63"/><W28/><G43/><T78/><D0/><U127/><E3/><V58/><F91/><W130/><G130/><T101/><D72/><U35/><E107/><V49/><F58/><W81/><G113/><T83/><D128/><U121/><E35/><V7/><F111/><W22/><G110/><T2/><D2/><U55/><E29/><V32/><F31/><W8/><G102/><T9/><D105/><U75/><E75/><V20/><F38/><W122/><G104/><T90/><D78/><U131/><E131/><V66/><F66/><W37/><G37/><T56/><D56/><U30/><E30/><V125/><F125/><W54/><G122/><T51/><D51/><U114/><E132/><V82/><F74/><W99/><G68/><N who="1" m="26218" /><E65/><V135/><F119/><W96/><G71/><T5/><D83/><U19/><E19/><V106/><F106/><W117/><G117/><T79/><D79/><U94/><E94/><V39/><F39/><W93/><G96/><T85/><D97/><U129/><E127/><V41/><F135/><W64/><G81/><T42/><D5/><U112/><E129/><V57/><F116/><W120/><G120/><T92/><D92/><U126/><E126/><V15/><F82/><W61/><G64/><T77/><D77/><N who="1" m="46095" /><E123/><V98/><F76/><W4/><REACH who="3" step="1"/><G17/><REACH who="3" ten="341,233,241,165" step="2"/><N who="0" m="10423" /><D42/><U36/><E36/><V59/><F98/><W62/><N who="3" m="15360" /><DORA hai="25" /><W86/><G86/><T46/><D101/><U12/><E121/><V109/><F73/><W133/><G133/><T40/><D100/><U124/><E124/><V1/><F109/><W87/><G87/><RYUUKYOKU ba="1,2" sc="341,15,233,-15,241,-15,165,15" hai0="9,11,40,44,46,48,53,85,90,95" hai3="4,8,22,27,28,52,54,88,93,99" /><INIT seed="7,2,2,2,2,21" ten="356,218,226,180" oya="3" hai0="42,94,85,6,87,95,110,45,97,84,5,26,67" hai1="33,119,31,121,13,92,70,113,126,101,61,49,18" hai2="102,122,72,106,77,130,93,57,29,14,116,52,20" hai3="32,9,41,40,1,135,19,86,51,22,17,27,111"/><W88/><G32/><T43/><D110/><U48/><E121/><V50/><F116/><W47/><G111/><T125/><D125/><U74/><E74/><V81/><F122/><W16/><G135/><T59/><D26/><N who="1" m="18679" /><E92/><N who="0" m="35369" /><D97/><U124/><E101/><V112/><F112/><W2/><G2/><T11/><D11/><N who="1" m="6463" /><E113/><V127/><F130/><W53/><G1/><T79/><D79/><U133/><E133/><V73/><F106/><W129/><G129/><T99/><D99/><U64/><E119/><V107/><F107/><W68/><G68/><T46/><D59/><U10/><E10/><V83/><F127/><AGARI ba="2,2" hai="48,49,61,64,70,124,126,127" m="6463,18679" machi="127" ten="30,2000,0" yaku="18,1,52,1" doraHai="21" who="1" fromWho="2" sc="356,0,218,46,226,-26,180,0" owari="356,46.0,264,6.0,200,-20.0,180,-32.0" /></mjloggm>