<mjloggm ver="2.3"><GO type="169" lobby="0"/><UN n0="%E6%97%A9%E5%A4%A7%E3%83%80%E3%83%A1%E4%BF%AE%E5%A3%AB" n1="%79%6F%75%61%6C%70%68%61" n2="%67%73%6B%67%33" n3="%E3%81%BD%E3%82%93%E3%81%A7%E3%82%89%E3%81%84%E3%81%8A%E3%82%93" dan="16,17,16,18" rate="2206.43,2133.82,2148.39,2231.81" sx="M,M,M,M"/><TAIKYOKU oya="0"/><INIT seed="0,0,0,1,5,39" ten="250,250,250,250" oya="0" hai0="73,12,130,57,3,33,13,128,36,28,74,64,24" hai1="38,65,29,90,109,48,135,25,86,15,76,87,7" hai2="93,54,66,11,117,129,52,8,26,132,0,49,83" hai3="22,125,105,72,50,63,32,131,14,55,94,31,122"/><T121/><D3/><U82/><E38/><V134/><F129/><N who="0" m="49770" /><D36/><U16/><E109/><V96/><F66/><W95/><G105/><T116/><D116/><U56/><E135/><N who="2" m="51755" /><F117/><W62/><G72/><N who="0" m="27755" /><D121/><U6/><E65/><V37/><F37/><W70/><G70/><T10/><D10/><N who="2" m="3626" /><F83/><W118/><G32/><T123/><D123/><U34/><E56/><V35/><F0/><W97/><G22/><T5/><D5/><U107/><E107/><V47/><F26/><W53/><G122/><T110/><D110/><U77/><E77/><V80/><F80/><W101/><G118/><T103/><D103/><U115/><E115/><V43/><F35/><W92/><G101/><AGARI ba="0,0" hai="43,47,49,52,54,93,96,101" m="3626,51755" machi="101" ten="30,3900,0" yaku="20,1,52,1,54,1" doraHai="39" who="2" fromWho="3" sc="250,0,250,0,250,39,250,-39" /><INIT seed="1,0,0,0,2,124" ten="250,250,289,211" oya="1" hai0="75,126,19,78,25,109,6,129,36,16,62,68,79" hai1="39,44,132,15,8,58,72,135,64,94,10,22,47" hai2="54,112,118,92,125,29,127,50,110,114,13,63,89" hai3="80,93,104,91,20,42,71,97,57,5,74,131,24"/><U115/><E115/><N who="2" m="44075" /><F29/><W130/><G71/><T119/><D36/><U83/><E22/><V23/><F118/><W38/><G5/><T81/><D119/><U32/><E32/><V56/><F110/><W128/><G104/><T30/><D126/><N who="2" m="48138" /><F23/><W35/><G35/><T86/><D6/><U46/><E94/><V105/><F13/><W107/><G107/><T108/><D79/><N who="1" m="44519" /><E64/><V66/><F105/><W122/><G122/><T18/><D75/><U103/><E103/><V87/><F50/><W96/><G57/><T98/><D98/><U48/><E58/><V60/><F60/><W102/><G74/><T101/><D101/><U28/><E28/><V120/><F120/><W12/><G12/><T76/><D76/><U34/><E34/><V7/><F7/><W59/><G59/><T65/><D25/><U116/><E39/><V100/><F100/><W52/><G80/><T134/><D30/><U84/><E116/><V21/><F21/><W37/><G42/><T49/><D49/><U123/><E123/><V73/><F73/><W33/><G33/><T77/><D109/><U111/><E111/><V82/><F92/><N who="3" m="56351" /><G52/><AGARI ba="0,0" hai="52,54,56,63,66,82,87,89" m="48138,44075" machi="52" ten="30,3900,0" yaku="11,1,18,1,54,1" doraHai="124" who="2" fromWho="3" sc="250,0,250,0,289,39,211,-39" /><INIT seed="2,0,0,5,1,126" ten="250,250,328,172" oya="2" hai0="107,83,123,84,2,16,106,22,99,98,100,3,12" hai1="76,36,88,47,14,95,117,13,15,67,7,35,63" hai2="28,115,48,73,119,109,111,70,129,29,104,93,44" hai3="31,62,90,130,5,20,39,97,19,82,53,0,65"/><V49/><F115/><W69/><G39/><T81/><D123/><U61/><E35/><V102/><F119/><W59/><G31/><T51/><D51/><U114/><E114/><V21/><F70/><W132/><G132/><T87/><D99/><U80/><E117/><V8/><F73/><W134/><G134/><T124/><D107/><U75/><E7/><V64/><F64/><W34/><G34/><T46/><D124/><U27/><E27/><V72/><F72/><W68/><G0/><T92/><D46/><U4/><E4/><V101/><F104/><W1/><G1/><T42/><D42/><U9/><E9/><V58/><F8/><W110/><G5/><T85/><D106/><U89/><E89/><V118/><F118/><W41/><G41/><T30/><D30/><U18/><E18/><V77/><F77/><W121/><G121/><T103/><D103/><U113/><E113/><V135/><F44/><W32/><G32/><T66/><D66/><U40/><REACH who="1" step="1"/><E67/><REACH who="1" ten="250,240,328,172" step="2"/><V11/><F11/><W127/><G127/><T116/><D116/><U23/><E23/><V26/><F21/><W57/><G19/><T122/><D122/><U94/><E94/><V52/><F93/><W131/><G20/><T24/><D24/><U128/><E128/><N who="3" m="49194" /><G110/><T86/><N who="0" m="21504" /><DORA hai="125" /><T96/><D2/><U43/><E43/><V17/><F129/><W54/><G82/><T108/><D3/><U133/><E133/><V33/><F135/><W45/><G90/><N who="0" m="55319" /><D108/><U37/><E37/><V25/><F33/><W112/><G112/><T74/><D81/><U79/><E79/><RYUUKYOKU ba="0,1" sc="250,-10,240,30,328,-10,172,-10" hai1="13,14,15,36,40,47,61,63,75,76,80,88,95" /><INIT seed="3,1,1,5,4,17" ten="240,270,318,162" oya="3" hai0="96,127,52,59,8,37,56,100,115,36,132,119,19" hai1="80,16,82,129,41,68,97,57,91,87,134,51,34" hai2="135,128,124,38,73,70,11,84,112,9,108,113,122" hai3="47,64,40,109,126,111,72,78,106,125,105,118,21"/><W114/><G64/><T58/><D119/><U110/><E68/><V27/><RYUUKYOKU type="yao9" ba="1,1" sc="240,0,270,0,318,0,162,0" hai2="9,11,27,38,70,73,84,108,112,113,122,124,128,135" /><INIT seed="3,2,1,0,3,14" ten="240,270,318,162" oya="3" hai0="43,75,37,132,9,21,62,69,131,102,12,28,32" hai1="114,130,128,95,96,17,77,92,79,61,111,104,45" hai2="89,26,4,40,42,30,110,63,124,16,108,20,99" hai3="121,34,8,56,70,119,67,118,48,1,91,39,85"/><W58/><G121/><T106/><D131/><N who="1" m="50219" /><E114/><V36/><F124/><W135/><G39/><T76/><D21/><U90/><E61/><V31/><F4/><W35/><G70/><T98/><D132/><U83/><E45/><V68/><F68/><W38/><G38/><T134/><D134/><U13/><E104/><V133/><F133/><W3/><G135/><T29/><D29/><N who="2" m="10762" /><F36/><W101/><G101/><T105/><D105/><U54/><E54/><V57/><F108/><W78/><G78/><T5/><D76/><U126/><E111/><V74/><F74/><W52/><G119/><T86/><D86/><N who="1" m="50527" /><E95/><N who="2" m="56815" /><F110/><W122/><G118/><T66/><D75/><U46/><E46/><V81/><F81/><W88/><G122/><T80/><D80/><U73/><E73/><V103/><F103/><W19/><G91/><T2/><D37/><U18/><E126/><V49/><F49/><W112/><G112/><T100/><D100/><N who="1" m="60423" /><E18/><V44/><F44/><W51/><G35/><T15/><REACH who="0" step="1"/><D43/><REACH who="0" ten="230,270,318,162" step="2"/><U25/><E25/><AGARI ba="2,2" hai="2,5,9,12,15,25,28,32,62,66,69,98,102,106" machi="25" ten="40,12000,2" yaku="1,1,2,1,25,2,53,2" doraHai="14" doraHaiUra="11" who="0" fromWho="1" sc="230,146,270,-126,318,0,162,0" /><INIT seed="4,0,0,1,4,98" ten="376,144,318,162" oya="0" hai0="97,19,78,113,81,82,93,48,21,117,7,17,70" hai1="122,123,127,63,87,10,110,25,121,29,134,79,108" hai2="77,115,18,59,69,20,66,71,95,40,72,42,36" hai3="0,109,3,11,12,100,33,60,133,111,49,8,9"/><T128/><D117/><U130/><E63/><V125/><F115/><W124/><G133/><T86/><D70/><U89/><E134/><V4/><F125/><W14/><G124/><T61/><D128/><U75/><E127/><V65/><F4/><W53/><G60/><T106/><D106/><U91/><E130/><V30/><F30/><W16/><G33/><T5/><D61/><U46/><E91/><V88/><F77/><W90/><G90/><T83/><D113/><U135/><E135/><V94/><F72/><W104/><G0/><T45/><D5/><U55/><E79/><V54/><F36/><W6/><G3/><T13/><D17/><U96/><E75/><V24/><F94/><W43/><G43/><N who="2" m="16425" /><F71/><W107/><G9/><T76/><D7/><U50/><E10/><V99/><F69/><W67/><G67/><T68/><D68/><U62/><E108/><V84/><F84/><W28/><G28/><T32/><D32/><N who="1" m="20527" /><E110/><V58/><F58/><W37/><G37/><T38/><D38/><U102/><E121/><V15/><F15/><W23/><G8/><T118/><D76/><U129/><E129/><V56/><F56/><N who="3" m="32815" /><G107/><T34/><D34/><U101/><E122/><V31/><F31/><W132/><G132/><T64/><D64/><U116/><E123/><V119/><F119/><W57/><G57/><T47/><D118/><U131/><E116/><V73/><F73/><W27/><G14/><T1/><D1/><U80/><E131/><V112/><F112/><W103/><G104/><T2/><D2/><U92/><E62/><AGARI ba="0,0" hai="18,20,24,54,59,62,65,66,88,95,99" m="16425" machi="62" ten="30,3900,0" yaku="25,1,8,1,54,1" doraHai="98" who="2" fromWho="1" sc="376,0,144,-39,318,39,162,0" /><INIT seed="5,0,0,4,2,122" ten="376,105,357,162" oya="1" hai0="45,81,32,130,9,55,88,58,102,119,1,17,124" hai1="23,135,40,114,89,91,48,28,72,80,47,2,75" hai2="12,5,10,133,36,126,60,66,113,43,105,93,20" hai3="37,117,8,131,104,67,125,79,127,134,24,22,86"/><U101/><E2/><V15/><F105/><W34/><G67/><T123/><D32/><U71/><E71/><V118/><F118/><W52/><G52/><T57/><D119/><U26/><E114/><V85/><F133/><W6/><G86/><N who="0" m="50255" /><D1/><U110/><E135/><V108/><F43/><W29/><G79/><T63/><D123/><U84/><E101/><V42/><F42/><W16/><G37/><T13/><D124/><N who="3" m="47689" /><G104/><T92/><D130/><U39/><E39/><V78/><F36/><W111/><G134/><T129/><D129/><U46/><E46/><V82/><F93/><W96/><G96/><N who="0" m="59655" /><D63/><U27/><E91/><V83/><F83/><W115/><G131/><T98/><D98/><U109/><REACH who="1" step="1"/><E27/><REACH who="1" ten="376,95,357,162" step="2"/><V70/><F113/><W4/><G115/><T54/><D45/><U25/><E25/><V19/><F126/><W128/><G128/><T121/><D121/><U50/><E50/><V31/><F70/><W77/><G117/><T64/><D57/><U53/><E53/><V116/><F116/><W61/><G61/><N who="0" m="37943" /><D55/><U30/><E30/><V3/><F31/><W103/><G103/><T99/><D54/><U44/><E44/><V0/><F0/><W41/><G29/><T94/><D13/><U87/><E87/><V68/><F3/><W7/><G41/><T74/><D74/><AGARI ba="0,1" hai="23,26,28,40,47,48,72,74,75,80,84,89,109,110" machi="74" ten="40,18000,2" yaku="1,1,52,2,53,3" doraHai="122" doraHaiUra="107" who="1" fromWho="0" sc="376,-180,95,190,357,0,162,0" /><INIT seed="5,1,0,1,1,67" ten="196,285,357,162" oya="1" hai0="24,135,83,94,66,52,108,90,123,9,77,97,29" hai1="60,11,87,76,68,82,61,75,130,36,126,117,122" hai2="40,121,84,132,133,89,91,63,106,7,79,5,62" hai3="44,4,114,110,88,74,21,124,57,85,71,54,134"/><U64/><E117/><V2/><F106/><W10/><G110/><T31/><D108/><U18/><E122/><V58/><F40/><W37/><G74/><T23/><D123/><U17/><E36/><V78/><F121/><W98/><G134/><T33/><D135/><U127/><E130/><V45/><F45/><W128/><G128/><T129/><D129/><U95/><E11/><V100/><F100/><W51/><G124/><N who="1" m="47658" /><E61/><V73/><F58/><W1/><G114/><T72/><D66/><U48/><E48/><V15/><F15/><W131/><G131/><T55/><D29/><U70/><E95/><V16/><F84/><W20/><G98/><T119/><D119/><U118/><E118/><V102/><F102/><W47/><G71/><N who="1" m="27178" /><E75/><V26/><F73/><W28/><G28/><T65/><D9/><U38/><E38/><V59/><F63/><W101/><G101/><T41/><D72/><U86/><E86/><V6/><F132/><W81/><REACH who="3" step="1"/><G47/><REACH who="3" ten="196,285,357,152" step="2"/><T25/><D97/><U96/><E96/><V56/><F133/><W115/><G115/><T112/><D112/><U111/><E111/><V13/><F59/><AGARI ba="1,1" hai="17,18,59,60,64,76,82,87" m="27178,47658" machi="59" ten="30,11600,0" yaku="18,1,52,3" doraHai="67" who="1" fromWho="2" sc="196,0,285,129,357,-119,152,0" /><INIT seed="5,2,0,1,1,31" ten="196,414,238,152" oya="1" hai0="47,134,54,117,41,126,10,99,63,39,105,13,77" hai1="95,69,112,3,19,78,75,51,106,62,82,74,30" hai2="40,87,107,94,56,133,90,129,81,50,17,111,2" hai3="72,7,115,109,21,84,108,119,1,124,128,68,64"/><U60/><E106/><V89/><F111/><W24/><G72/><T132/><D117/><U120/><E120/><V118/><F118/><W130/><G119/><T25/><D77/><U38/><E38/><V55/><F129/><N who="3" m="49771" /><G84/><T28/><D126/><U32/><E3/><V18/><F107/><W85/><G85/><T135/><D54/><U44/><E75/><V42/><F2/><W66/><G68/><T27/><D63/><U97/><E69/><V96/><F133/><W86/><G86/><T114/><D114/><U101/><E19/><AGARI ba="2,0" hai="17,18,19,40,42,50,55,56,81,87,89,90,94,96" machi="19" ten="40,1300,0" yaku="8,1" doraHai="31" who="2" fromWho="1" sc="196,0,414,-19,238,19,152,0" /><INIT seed="6,0,0,3,1,31" ten="196,395,257,152" oya="2" hai0="87,26,129,17,86,134,102,98,117,82,54,92,69" hai1="21,42,68,18,10,56,28,105,25,88,51,120,36" hai2="126,96,127,67,60,89,103,122,40,109,1,84,32" hai3="20,29,93,130,23,83,121,104,11,112,110,125,53"/><V41/><F1/><W63/><G110/><T39/><D39/><U100/><E68/><V2/><F2/><W30/><G121/><T59/><D69/><U52/><E120/><V43/><F122/><W106/><G83/><T27/><D129/><U33/><E10/><V119/><F119/><W13/><G93/><T101/><D134/><U115/><E100/><V3/><F3/><W15/><G11/><T12/><D102/><U16/><E105/><V78/><F78/><W50/><G50/><T77/><D87/><U65/><E65/><V132/><F132/><W57/><G57/><T99/><D99/><U108/><E115/><V118/><F118/><W131/><G53/><T72/><D72/><U37/><E18/><V97/><F109/><W81/><G81/><T90/><D77/><U64/><E64/><V24/><F89/><W58/><G58/><T6/><D6/><U70/><E70/><N who="2" m="42343" /><F84/><W123/><G123/><T107/><D107/><U66/><E88/><V135/><F135/><W38/><G38/><T45/><D45/><U91/><E91/><V113/><F113/><W94/><G94/><T128/><D117/><U19/><E108/><V61/><F61/><W79/><G63/><N who="0" m="36343" /><D128/><U114/><E114/><V85/><F85/><W5/><G112/><T7/><D7/><U46/><E66/><V49/><F49/><W62/><G5/><T71/><D71/><U55/><E37/><V14/><F14/><W124/><G62/><T44/><D44/><N who="1" m="23623" /><E21/><AGARI ba="0,0" hai="12,17,21,26,27,82,86,90,92,98,101" m="36343" machi="21" ten="30,1000,0" yaku="8,1" doraHai="31" who="0" fromWho="1" sc="196,10,395,-10,257,0,152,0" /><INIT seed="7,0,0,4,1,80" ten="206,385,257,152" oya="3" hai0="66,129,21,17,28,133,13,93,123,49,40,126,47" hai1="14,110,11,114,45,18,53,112,31,10,119,132,23" hai2="87,15,97,16,124,57,86,130,59,91,117,90,62" hai3="29,99,25,100,104,98,101,69,67,102,135,79,78"/><W24/><G135/><T106/><D106/><U96/><E110/><V5/><F117/><W20/><G101/><T103/><D123/><U131/><E131/><V109/><F109/><W27/><G27/><N who="0" m="16495" /><D129/><U51/><E132/><V105/><F130/><W94/><REACH who="3" step="1"/><G24/><REACH who="3" ten="206,385,257,142" step="2"/><T7/><D133/><U63/><E119/><V46/><F105/><W65/><G65/><T72/><D126/><U8/><E114/><V50/><F124/><W54/><G54/><T2/><D66/><U56/><E112/><V38/><F38/><W6/><G6/><T34/><D34/><U125/><E125/><V30/><F5/><W118/><G118/><T108/><D108/><U68/><E31/><V121/><F30/><W73/><G73/><T48/><D72/><U26/><E26/><V19/><F121/><W92/><G92/><T41/><D7/><U77/><E53/><V89/><F19/><W64/><G64/><T81/><D103/><U43/><E18/><V52/><F16/><W55/><G55/><T84/><D93/><U33/><E33/><V122/><F122/><W1/><G1/><T22/><D2/><U71/><E14/><V120/><F15/><W4/><G4/><T76/><D41/><U88/><E43/><V9/><F120/><W107/><G107/><T70/><D70/><U32/><E68/><V60/><F52/><W36/><G36/><T3/><D3/><U111/><E71/><V74/><F74/><W12/><G12/><T127/><D127/><U83/><E32/><V39/><F39/><W0/><G0/><T82/><D81/><U115/><E83/><RYUUKYOKU ba="0,1" sc="206,15,385,-15,257,-15,142,15" hai0="13,17,22,40,47,48,49,76,82,84" hai3="20,25,29,67,69,78,79,94,98,99,100,102,104" /><INIT seed="7,1,1,0,1,12" ten="221,370,242,157" oya="3" hai0="76,30,58,69,70,38,135,0,22,107,39,119,6" hai1="13,114,100,132,83,57,18,101,63,118,87,51,88" hai2="82,91,120,122,65,55,25,93,97,35,31,77,129" hai3="95,23,64,27,85,127,75,26,92,28,133,7,128"/><W72/><G127/><T45/><D119/><U71/><E114/><V113/><F113/><W33/><G128/><T11/><D107/><U99/><E71/><V37/><F37/><W2/><G133/><T8/><D135/><U41/><E118/><V48/><F65/><W94/><G64/><T134/><D134/><U125/><E99/><V34/><F34/><W32/><G85/><T1/><D58/><U44/><E125/><V104/><F104/><W90/><G90/><T73/><D22/><N who="1" m="11599" /><E132/><V59/><REACH who="2" step="1"/><F129/><REACH who="2" ten="221,370,232,157" step="2"/><W42/><G42/><N who="0" m="22743" /><D39/><U29/><E41/><V19/><F19/><W86/><G86/><AGARI ba="1,2" hai="25,31,35,48,55,59,77,82,86,91,93,97,120,122" machi="86" ten="40,1300,0" yaku="1,1,53,0" doraHai="12" doraHaiUra="112" who="2" fromWho="3" sc="221,0,370,0,232,36,157,-16" owari="221,-18.0,370,47.0,268,7.0,141,-36.0" /></mjloggm>