<mjloggm ver="2.3"><GO type="225" lobby="0"/><UN n0="%E9%99%A4%E5%90%8D" n1="%E3%82%A4%E3%83%8A%E3%82%BA%E3%83%9E%E8%91%AC%E5%84%80" n2="%E5%BE%80%E5%B9%B4%E3%81%AE%E3%82%B4%E3%83%AA%E3%83%A9" n3="%E9%89%84%E5%BC%B7%E3%83%A2%E3%83%92%E3%83%BC%E3%83%8C%E4%B8%83%E6%AE%B5" dan="16,17,16,18" rate="2173.30,2192.92,2075.69,2239.89" sx="M,F,M,F"/><TAIKYOKU oya="0"/><INIT seed="0,0,0,3,2,10" ten="250,250,250,250" oya="0" hai0="102,88,13,24,110,4,20,68,3,62,107,30,45" hai1="27,12,50,66,127,40,33,43,120,118,7,131,44" hai2="93,81,37,73,25,75,133,69,79,36,32,5,97" hai3="42,103,53,64,67,92,85,23,129,105,130,29,52"/><T72/><D72/><U95/><E120/><V14/><F75/><W70/><G105/><T57/><D68/><U126/><E118/><V8/><F69/><W16/><G42/><T11/><D110/><U58/><E131/><N who="3" m="50186" /><G29/><T80/><D107/><U116/><E116/><V22/><F32/><W86/><G70/><T21/><D102/><U113/><E113/><V84/><F73/><W17/><G103/><T55/><D45/><U111/><E111/><V39/><F133/><W59/><G92/><T135/><D135/><U121/><E121/><V49/><F49/><N who="3" m="31119" /><G53/><T98/><D3/><U77/><E43/><V56/><F56/><W54/><G54/><T51/><D62/><U128/><E95/><V114/><F114/><W60/><G17/><T100/><D100/><U83/><E128/><V26/><REACH who="2" step="1"/><F22/><REACH who="2" ten="250,250,240,250" step="2"/><W125/><G125/><T78/><D21/><U76/><E127/><V90/><AGARI ba="0,1" hai="5,8,14,25,26,36,37,39,79,81,84,90,93,97" machi="90" ten="30,8000,1" yaku="1,1,2,1,0,1,52,1,53,1" doraHai="10" doraHaiUra="82" who="2" fromWho="2" sc="250,-40,250,-20,240,90,250,-20" /><INIT seed="1,0,0,2,4,134" ten="210,230,330,230" oya="1" hai0="70,78,121,32,86,115,90,27,61,71,60,85,88" hai1="6,58,66,18,129,72,120,20,105,114,51,56,5" hai2="81,89,43,17,133,94,104,77,83,47,55,34,19" hai3="53,80,35,39,123,131,0,50,65,91,41,100,132"/><U98/><E114/><V128/><F104/><W23/><G123/><T106/><D106/><U109/><E120/><V116/><F116/><W122/><G122/><T62/><D121/><U67/><E72/><V101/><F101/><W11/><G35/><T31/><D115/><U10/><E129/><V117/><F117/><W124/><G100/><T59/><D78/><U127/><E105/><V110/><F34/><W84/><G132/><T49/><D49/><U33/><E33/><V1/><F1/><W40/><G65/><N who="1" m="24586" /><E98/><V3/><F3/><W4/><G131/><T64/><D71/><U2/><E51/><V96/><F133/><W130/><G130/><T45/><D45/><U7/><E10/><V15/><F128/><W37/><G23/><T74/><D74/><U13/><E2/><V48/><F110/><W95/><G39/><T16/><D70/><U14/><E14/><V26/><F43/><W54/><G37/><T69/><D69/><U25/><E13/><V107/><F107/><W63/><G50/><T126/><D64/><U22/><E22/><N who="2" m="13663" /><F77/><W93/><G0/><T82/><D59/><N who="1" m="22571" /><E109/><V79/><F15/><W21/><G21/><N who="0" m="13735" /><D32/><U76/><E76/><V102/><F48/><W87/><G11/><T38/><D38/><U119/><E119/><V99/><F79/><W29/><G87/><T57/><D85/><U108/><E108/><V73/><F73/><W113/><G84/><T92/><D86/><U12/><E12/><V135/><F135/><W97/><G113/><T8/><D8/><U112/><E112/><V111/><F111/><W44/><G97/><RYUUKYOKU ba="0,0" sc="210,-10,230,30,330,-10,230,-10" hai1="5,6,7,18,20,25,127" /><INIT seed="1,1,0,2,2,74" ten="200,260,320,220" oya="1" hai0="45,14,98,94,10,69,62,58,96,77,40,15,41" hai1="2,0,30,6,53,48,25,64,46,7,37,3,110" hai2="70,38,89,27,54,29,107,24,82,104,8,113,22" hai3="125,115,68,71,84,129,108,105,97,90,34,124,52"/><U21/><E110/><V111/><F38/><W59/><G115/><T79/><D69/><U88/><E37/><V112/><F111/><W128/><G34/><T47/><D47/><U99/><REACH who="1" step="1"/><E64/><REACH who="1" ten="200,250,320,220" step="2"/><V93/><F112/><W5/><G108/><T76/><D45/><U20/><E20/><V87/><F113/><W95/><G129/><T32/><D32/><U28/><E28/><V57/><F8/><W13/><G128/><T75/><D75/><U26/><E26/><V16/><F70/><W81/><G71/><T66/><D15/><U83/><E83/><V86/><F82/><W91/><G68/><T121/><D121/><U127/><E127/><V72/><F24/><W131/><G131/><T118/><D118/><U17/><E17/><V101/><F29/><W65/><G65/><T61/><D61/><U31/><E31/><V119/><F72/><W11/><REACH who="3" step="1"/><G105/><REACH who="3" ten="200,250,320,210" step="2"/><T123/><D123/><U67/><E67/><V130/><F107/><W100/><G100/><N who="0" m="60439" /><D98/><U35/><E35/><V133/><F104/><W114/><G114/><T80/><D80/><U126/><E126/><V92/><F101/><W55/><G55/><T122/><D122/><U63/><E63/><AGARI ba="1,2" hai="5,11,13,52,59,63,81,84,90,91,95,97,124,125" machi="63" ten="40,8000,1" yaku="1,1,54,1,53,2" doraHai="74" doraHaiUra="134" who="3" fromWho="1" sc="200,0,250,-83,320,0,210,103" /><INIT seed="2,0,0,3,3,8" ten="200,167,320,313" oya="2" hai0="135,0,120,71,15,90,92,48,31,39,58,20,127" hai1="93,45,118,125,130,67,101,88,14,114,85,96,129" hai2="40,21,24,23,82,75,12,86,133,89,30,42,91" hai3="69,105,54,66,98,108,107,51,121,73,132,113,100"/><V104/><F133/><W4/><G121/><T99/><D120/><U79/><E118/><V63/><F75/><W26/><G132/><T110/><D135/><U5/><E114/><V55/><F104/><W17/><G113/><T3/><D39/><U6/><E125/><V81/><F63/><W2/><G73/><T53/><D127/><U117/><E117/><V22/><F55/><W76/><G76/><T64/><D110/><U116/><E116/><V50/><F50/><W61/><G108/><T47/><D71/><U74/><E67/><V29/><F12/><W97/><G4/><T112/><D112/><U36/><E45/><V10/><F10/><W32/><G2/><T94/><D94/><U38/><E38/><V95/><F23/><W68/><G68/><T11/><D31/><U7/><E36/><V28/><F28/><W62/><G62/><T37/><D20/><U25/><E25/><V134/><F95/><W87/><G32/><T124/><D124/><U60/><E60/><V56/><F24/><W13/><G26/><T78/><D78/><U131/><E79/><V65/><F65/><W41/><G54/><T33/><D33/><U16/><E74/><V1/><F1/><W106/><G13/><T57/><D64/><U52/><E52/><V119/><F134/><W70/><G107/><T27/><D27/><U19/><E14/><V103/><F119/><W46/><G70/><T72/><D72/><U80/><AGARI ba="0,0" hai="5,6,7,16,19,80,85,88,93,96,101,129,130,131" machi="80" ten="40,8000,1" yaku="0,1,19,1,54,2" doraHai="8" who="1" fromWho="1" sc="200,-20,167,80,320,-40,313,-20" /><INIT seed="3,0,0,4,2,22" ten="180,247,280,293" oya="3" hai0="40,32,16,112,48,61,3,66,41,88,5,35,31" hai1="121,52,26,70,90,86,97,115,82,100,92,69,20" hai2="135,56,18,6,114,113,132,104,67,12,55,60,33" hai3="94,0,72,23,125,80,36,85,39,9,19,62,54"/><W93/><G72/><T27/><D112/><U99/><E115/><V37/><F104/><W98/><G125/><T119/><D119/><U130/><E130/><V102/><F102/><W95/><G0/><T42/><D32/><U59/><E99/><V128/><F128/><W108/><G108/><T117/><D117/><U76/><E100/><V106/><F106/><W81/><G9/><T28/><D3/><U127/><E127/><V123/><F37/><W53/><G39/><T118/><D118/><U57/><E57/><V14/><F33/><W101/><G36/><T73/><D5/><U4/><E4/><V83/><F6/><W17/><G81/><T51/><D73/><U7/><E7/><V120/><F83/><W21/><G21/><N who="0" m="13735" /><D35/><U46/><E46/><V25/><F113/><W96/><G96/><T24/><D88/><U71/><E121/><V91/><F91/><N who="3" m="51623" /><G19/><T30/><D24/><U75/><E75/><V29/><F18/><W89/><G89/><T79/><D79/><U129/><E129/><V110/><F110/><W15/><G98/><T65/><D61/><N who="1" m="36071" /><E70/><N who="2" m="42343" /><F114/><W2/><G2/><T134/><D134/><N who="2" m="51242" /><F123/><W47/><G101/><T34/><D34/><U44/><E71/><V49/><F120/><W126/><G126/><T13/><D13/><U87/><E69/><V109/><F109/><W105/><G105/><T124/><D124/><U43/><E97/><V111/><F111/><W78/><G78/><T68/><D68/><U84/><E76/><V131/><F131/><W74/><G74/><T58/><D58/><U45/><E82/><V77/><F77/><RYUUKYOKU ba="0,0" sc="180,15,247,-15,280,15,293,-15" hai0="28,30,31,40,41,42,48,51,65,66" hai2="12,14,25,29,49,55,56" /><INIT seed="4,1,0,0,0,73" ten="195,232,295,278" oya="0" hai0="99,25,70,5,134,90,63,1,86,104,89,8,52" hai1="79,48,47,97,110,107,84,60,10,122,66,45,44" hai2="24,6,81,16,3,92,32,118,125,4,41,103,78" hai3="7,113,127,95,114,69,102,76,85,58,13,12,106"/><T100/><D134/><U72/><E110/><V55/><F3/><W91/><G69/><T29/><D86/><U82/><E122/><V39/><F125/><W75/><G127/><T14/><D1/><U23/><E72/><V43/><F55/><W56/><G56/><T121/><D121/><U18/><E10/><V105/><F105/><W130/><G58/><T128/><D128/><U83/><E83/><V50/><F39/><W35/><G35/><T80/><D80/><U34/><E34/><V108/><F108/><W93/><G130/><T20/><REACH who="0" step="1"/><D52/><REACH who="0" ten="185,232,295,278" step="2"/><U101/><E60/><V53/><F53/><W33/><G85/><T11/><D11/><U62/><E62/><V38/><F81/><W26/><G75/><T2/><D2/><U57/><E66/><AGARI ba="1,1" hai="5,8,14,20,25,29,63,66,70,89,90,99,100,104" machi="66" ten="40,2000,0" yaku="1,1,53,0" doraHai="73" doraHaiUra="71" who="0" fromWho="1" sc="185,33,232,-23,295,0,278,0" /><INIT seed="4,2,0,5,5,52" ten="218,209,295,278" oya="0" hai0="105,89,106,27,112,35,123,55,54,56,117,28,126" hai1="94,107,4,87,118,125,57,119,29,41,129,0,114" hai2="16,83,48,75,36,110,5,68,93,78,69,103,40" hai3="18,97,38,120,58,61,116,30,62,131,39,96,109"/><T25/><D123/><U101/><E125/><V113/><F110/><W70/><G116/><T53/><D117/><U74/><E74/><V100/><F113/><W90/><G109/><T72/><D112/><U111/><E114/><V86/><F5/><W44/><G30/><T134/><D126/><U132/><E111/><V98/><F36/><W19/><G70/><T17/><D72/><U135/><E129/><V95/><F16/><W108/><G108/><T121/><D121/><U127/><E127/><V133/><F133/><N who="1" m="51273" /><E107/><V130/><F130/><W65/><G120/><T84/><D134/><U26/><E41/><V88/><F95/><W9/><G44/><T50/><D106/><U6/><E6/><V91/><F91/><W21/><G9/><T128/><D105/><U45/><E45/><V7/><F7/><W82/><G82/><T85/><D128/><U32/><E57/><V124/><F124/><W102/><G58/><T81/><REACH who="0" step="1"/><D85/><REACH who="0" ten="208,209,295,278" step="2"/><U73/><E73/><V66/><F75/><W12/><G131/><T46/><D46/><U1/><E1/><V13/><F86/><W2/><G2/><T64/><D64/><U92/><E119/><V15/><F66/><W14/><G65/><T8/><D8/><N who="1" m="2055" /><E118/><V99/><F99/><W49/><G97/><T71/><D71/><U42/><E87/><V59/><F69/><W10/><G96/><T34/><D34/><U47/><E101/><V76/><F68/><W104/><G102/><T43/><D43/><U3/><E3/><V31/><F40/><W37/><G104/><T33/><D33/><U11/><E11/><RYUUKYOKU ba="2,1" sc="208,15,209,15,295,-15,278,-15" hai0="17,25,27,28,35,50,53,54,55,56,81,84,89" hai1="26,29,32,42,47,92,94" /><INIT seed="4,3,1,1,2,30" ten="223,224,280,263" oya="0" hai0="34,54,0,124,23,83,98,42,80,15,19,100,72" hai1="89,16,97,32,29,38,4,93,48,69,20,65,9" hai2="87,71,91,70,120,108,22,43,101,18,81,128,31" hai3="51,82,59,122,67,117,36,79,114,68,105,129,17"/><T3/><D124/><U11/><E38/><V116/><F120/><W6/><G117/><T134/><D134/><U2/><E11/><V14/><F108/><W33/><G105/><T74/><D34/><U118/><E118/><V21/><F116/><W64/><G33/><T119/><D119/><U58/><E69/><V130/><F101/><W123/><G36/><T90/><D42/><U52/><E65/><V60/><F60/><W131/><G114/><T5/><D54/><U103/><E32/><V99/><F99/><W115/><G115/><T27/><D90/><U24/><REACH who="1" step="1"/><E103/><REACH who="1" ten="223,214,280,263" step="2"/><V37/><F70/><W45/><G67/><T96/><D3/><U50/><E50/><V75/><F71/><W57/><G51/><T86/><D0/><U7/><E7/><V63/><F37/><W56/><G64/><T1/><D1/><U66/><E66/><V77/><F63/><W10/><G68/><T84/><D100/><U28/><AGARI ba="3,2" hai="2,4,9,16,20,24,28,29,48,52,58,89,93,97" machi="28" ten="30,8000,1" yaku="1,1,0,1,54,2,53,1" doraHai="30" doraHaiUra="47" who="1" fromWho="1" sc="223,-43,214,109,280,-23,263,-23" owari="180,-32.0,323,42.0,257,6.0,240,-16.0" /></mjloggm>