<mjloggm ver="2.3"><GO type="169" lobby="0"/><UN n0="%EF%BC%BC%28%EF%BC%BE%6F%EF%BC%BE%29%EF%BC%8F%E2%98%85" n1="%E7%9C%BC%E7%A7%91%E5%8C%BB" n2="%6B%61%74%65%72%69%6E%61" n3="%68%61%72%75%6B%61%73" dan="17,16,17,17" rate="2225.24,2134.22,2141.37,2116.28" sx="M,M,M,M"/><TAIKYOKU oya="0"/><INIT seed="0,0,0,4,3,15" ten="250,250,250,250" oya="0" hai0="127,3,1,49,84,57,134,80,30,86,95,24,128" hai1="29,23,130,110,26,20,112,101,115,52,18,36,97" hai2="58,63,102,85,53,37,113,14,34,123,44,71,117" hai3="100,87,21,126,135,38,106,9,8,35,111,67,96"/><T16/><D134/><U90/><E36/><V122/><F113/><W0/><G35/><T132/><D132/><U56/><E110/><V69/><F34/><W81/><G111/><T107/><D107/><U93/><E130/><V76/><F102/><W109/><G109/><T39/><D39/><U83/><E83/><V92/><F117/><W88/><G38/><T64/><D128/><U47/><E47/><V103/><F76/><W91/><G135/><T40/><D127/><U62/><REACH who="1" step="1"/><E101/><REACH who="1" ten="250,240,250,250" step="2"/><V79/><F103/><W116/><G100/><T73/><D80/><U72/><E72/><V22/><F123/><W12/><G81/><T31/><D73/><U7/><E7/><V70/><F122/><W50/><G126/><T2/><D95/><U124/><E124/><V10/><F92/><W114/><G116/><T133/><D133/><U46/><E46/><V131/><F131/><W32/><G106/><T68/><D40/><U119/><E119/><V48/><F37/><W4/><G4/><T121/><D121/><U43/><E43/><V78/><F44/><W66/><G114/><T108/><D108/><U60/><E60/><V11/><F63/><W99/><G50/><T65/><D49/><U28/><E28/><V13/><F48/><W27/><G91/><T120/><D120/><U77/><E77/><V6/><F79/><W129/><G88/><T33/><D31/><U51/><E51/><V98/><F78/><W82/><G82/><T5/><D5/><U42/><E42/><V61/><F6/><W17/><G129/><T125/><D125/><U75/><E75/><RYUUKYOKU ba="0,1" sc="250,-10,240,30,250,-10,250,-10" hai1="18,20,23,26,29,52,56,62,90,93,97,112,115" /><INIT seed="1,1,1,2,5,6" ten="240,270,240,240" oya="1" hai0="22,116,23,60,10,67,70,19,108,2,130,74,125" hai1="11,134,8,51,29,104,7,27,106,129,92,126,37" hai2="117,69,109,82,86,46,68,49,43,103,5,113,95" hai3="105,121,20,83,54,123,26,80,30,91,1,38,17"/><U120/><E37/><V48/><F117/><W100/><G1/><T33/><D116/><U3/><E120/><V87/><F113/><W59/><G38/><T52/><D33/><U76/><E76/><V12/><F109/><W114/><G114/><T53/><D74/><U25/><E129/><V78/><F49/><W9/><G105/><T102/><D108/><U81/><E81/><V64/><F64/><W65/><G100/><T128/><D102/><U42/><E134/><V0/><F0/><W88/><G65/><T94/><D94/><U97/><E126/><V72/><F72/><W24/><G123/><T13/><D125/><U39/><E39/><V122/><F122/><W28/><G121/><T58/><D53/><U4/><E51/><V61/><F61/><N who="3" m="36087" /><G24/><T40/><D40/><U35/><E27/><V101/><F69/><W16/><G17/><T135/><D135/><U77/><E77/><V112/><F68/><W127/><G127/><T41/><D41/><U32/><E32/><V63/><F63/><W62/><G62/><N who="0" m="36167" /><D2/><U115/><E42/><V73/><F73/><W18/><G83/><T50/><D50/><U107/><E115/><V118/><F118/><W34/><G34/><T93/><D93/><U131/><E131/><AGARI ba="1,1" hai="10,13,19,22,23,60,67,70,128,130,131" m="36167" machi="131" ten="30,3900,0" yaku="19,1,52,1,54,1" doraHai="6" who="0" fromWho="1" sc="240,52,270,-42,240,0,240,0" /><INIT seed="2,0,0,2,4,123" ten="292,228,240,240" oya="2" hai0="77,39,7,34,9,64,52,97,103,1,100,102,79" hai1="24,6,78,120,112,71,117,67,33,5,134,43,135" hai2="113,114,17,126,76,121,116,98,2,69,47,108,84" hai3="25,21,119,10,94,110,11,128,16,51,57,68,73"/><V109/><F121/><W133/><G68/><T118/><D39/><U104/><E120/><V4/><F116/><W90/><G119/><T30/><D118/><U49/><E117/><V44/><F69/><W3/><G73/><T50/><D64/><U60/><E112/><V58/><F126/><W111/><G128/><T66/><D66/><U106/><E78/><V122/><F122/><W72/><G72/><T88/><D30/><U19/><E49/><V127/><F127/><W61/><G51/><T85/><D34/><U45/><E19/><V41/><F58/><W32/><G32/><T130/><D97/><U86/><E86/><V22/><F98/><N who="3" m="57687" /><G133/><N who="1" m="50698" /><E43/><V29/><F29/><W26/><G26/><T14/><D1/><U40/><E24/><V20/><F4/><N who="1" m="1641" /><E33/><V31/><F2/><W23/><G23/><T48/><D130/><U70/><E70/><V129/><F22/><W63/><G63/><T13/><D50/><U107/><E40/><V83/><F31/><W80/><G80/><N who="0" m="49191" /><D14/><U54/><E54/><V35/><F35/><W62/><G62/><T95/><D95/><U46/><AGARI ba="0,0" hai="45,46,60,67,71,104,106,107" m="1641,50698" machi="46" ten="40,1500,0" yaku="20,1" doraHai="123" who="1" fromWho="1" sc="292,-4,228,15,240,-7,240,-4" /><INIT seed="3,0,0,5,5,97" ten="288,243,233,236" oya="3" hai0="19,89,120,111,53,110,70,57,81,100,55,116,99" hai1="49,108,98,77,48,121,5,63,104,79,59,17,25" hai2="16,15,65,10,113,115,7,76,6,51,130,33,128" hai3="54,132,22,94,40,131,2,75,123,66,26,12,42"/><W84/><G2/><T35/><D70/><U14/><E121/><V32/><F76/><W69/><G75/><T86/><D116/><U43/><E108/><N who="0" m="41513" /><D35/><N who="2" m="13386" /><F51/><W4/><G123/><T11/><D120/><U45/><E49/><V30/><F30/><W61/><G131/><N who="2" m="50217" /><F65/><W109/><G109/><T20/><D11/><U67/><E5/><AGARI ba="0,0" hai="5,6,7,10,15,16,113,115" m="50217,13386" machi="5" ten="30,7700,0" yaku="19,1,34,2,54,1" doraHai="97" who="2" fromWho="1" sc="288,0,243,-77,233,77,236,0" /><INIT seed="4,0,0,2,5,64" ten="288,166,310,236" oya="0" hai0="81,11,28,106,75,40,94,78,51,70,98,128,90" hai1="24,102,27,55,13,42,33,3,30,89,16,80,7" hai2="117,101,110,47,43,107,19,17,120,22,73,111,126" hai3="86,65,135,12,122,124,37,133,5,14,4,57,93"/><T59/><D128/><U77/><E24/><V79/><F120/><W74/><G74/><T0/><D28/><U100/><E89/><V92/><F117/><W97/><G37/><T67/><D106/><U66/><E42/><V44/><F126/><W61/><G124/><T95/><D0/><U45/><E66/><V104/><F92/><W29/><G29/><T99/><D11/><U96/><E45/><V118/><F118/><W121/><G86/><T21/><D21/><U129/><E55/><V114/><F114/><W63/><G93/><T108/><D108/><U52/><E52/><V35/><F35/><W46/><G46/><T71/><D40/><U76/><E129/><V132/><F132/><W112/><G112/><T123/><D123/><U103/><E96/><V20/><F43/><W127/><G127/><T87/><D87/><U2/><E7/><V84/><F84/><W53/><G53/><T10/><D10/><U31/><E31/><V23/><F23/><W15/><G15/><T125/><D125/><U116/><E77/><V119/><F79/><W34/><G65/><T25/><D25/><U62/><E62/><V82/><F82/><W72/><G72/><T131/><D131/><U85/><REACH who="1" step="1"/><E116/><REACH who="1" ten="288,156,310,236" step="2"/><V8/><F119/><W48/><G5/><T83/><D51/><U69/><E69/><V49/><F73/><W113/><G4/><T58/><D83/><U109/><E109/><V41/><F49/><W60/><G48/><T36/><D36/><U54/><E54/><V130/><F41/><W38/><G38/><T18/><D81/><U91/><E91/><RYUUKYOKU ba="0,1" sc="288,-10,156,30,310,-10,236,-10" hai1="2,3,13,16,27,30,33,76,80,85,100,102,103" /><INIT seed="5,1,1,5,2,89" ten="278,186,300,226" oya="1" hai0="87,74,117,81,32,33,88,77,95,40,39,59,61" hai1="66,80,26,20,4,78,96,90,116,56,86,108,122" hai2="71,50,16,25,114,1,63,13,126,15,9,43,35" hai3="103,104,79,62,60,31,65,129,8,58,120,41,17"/><U6/><E116/><V69/><F126/><W131/><G120/><T24/><D117/><U12/><E122/><V67/><F114/><W57/><G41/><T97/><D24/><U38/><E38/><V45/><F1/><W0/><G31/><T100/><D40/><U135/><E135/><V2/><F2/><W124/><G124/><T84/><D39/><U91/><E108/><V93/><F15/><N who="3" m="7399" /><G79/><T85/><REACH who="0" step="1"/><D100/><REACH who="0" ten="268,186,300,226" step="2"/><U53/><E26/><V14/><F25/><W109/><G103/><T105/><D105/><U22/><E66/><AGARI ba="1,2" hai="32,33,59,61,66,74,77,81,84,85,87,88,95,97" machi="66" ten="40,5200,0" yaku="1,1,52,1,54,1,53,0" doraHai="89" doraHaiUra="49" who="0" fromWho="1" sc="268,75,186,-55,300,0,226,0" /><INIT seed="6,0,0,3,1,55" ten="343,131,300,226" oya="2" hai0="106,126,71,85,131,120,82,52,4,59,97,60,45" hai1="114,34,74,26,48,53,0,91,122,134,64,107,90" hai2="32,127,20,116,67,105,80,65,35,92,28,6,18" hai3="21,78,135,12,73,111,38,103,113,10,13,109,3"/><V14/><F105/><W81/><G38/><T42/><D120/><U121/><E0/><V68/><F116/><W11/><G135/><T115/><D115/><U110/><E110/><V123/><F123/><W96/><G3/><T72/><D72/><U125/><E74/><V108/><F108/><W51/><G21/><T41/><D71/><U75/><E75/><V117/><F117/><W9/><G113/><T119/><D119/><U93/><E107/><V33/><F127/><W94/><G11/><T130/><D4/><U83/><E114/><V95/><F28/><W112/><G112/><T19/><D19/><U79/><E134/><V118/><F118/><W24/><G24/><T8/><D8/><U46/><E125/><V39/><F39/><W133/><G133/><T7/><D7/><U132/><E132/><V47/><F47/><W102/><G102/><N who="0" m="62799" /><D45/><U87/><E79/><V100/><F6/><W70/><G70/><T15/><D15/><U49/><E64/><N who="2" m="24651" /><F100/><W128/><G12/><T17/><D17/><U101/><E101/><V1/><F1/><W84/><G10/><T88/><D126/><U36/><E122/><V62/><F80/><W89/><G111/><T54/><D54/><U124/><E124/><V86/><F86/><W37/><G37/><T2/><D2/><U104/><E121/><V29/><F29/><W69/><G69/><T58/><D58/><U22/><E36/><V40/><F40/><W77/><G109/><T30/><D30/><U23/><E46/><V5/><F5/><N who="3" m="3247" /><G73/><T61/><D61/><U98/><E53/><V76/><F76/><RYUUKYOKU ba="0,0" sc="343,15,131,-15,300,15,226,-15" hai0="41,42,52,59,60,82,85,88,130,131" hai2="14,18,20,32,33,35,62,68,92,95" /><INIT seed="6,1,0,3,3,116" ten="358,116,315,211" oya="2" hai0="93,46,75,47,57,58,104,10,99,98,36,25,96" hai1="107,113,130,14,101,28,38,108,112,126,48,76,67" hai2="2,1,69,53,13,72,32,83,89,92,4,90,121" hai3="22,40,78,11,91,115,119,41,45,63,39,125,33"/><V17/><F121/><W111/><G119/><T85/><D75/><U88/><E38/><V51/><F69/><W54/><G33/><T62/><D104/><U3/><E3/><V43/><F43/><W86/><G111/><T122/><D122/><U37/><E37/><V87/><F32/><W84/><G125/><T21/><D36/><U59/><E108/><V128/><F4/><W16/><G11/><T79/><D10/><U100/><E76/><V117/><F117/><W81/><G115/><N who="1" m="44106" /><E107/><V70/><F70/><W71/><G71/><T77/><D58/><U9/><E28/><V35/><F35/><W134/><G134/><T114/><D114/><U61/><E130/><V118/><F118/><W95/><G39/><T64/><D93/><U127/><E48/><V120/><F120/><W135/><G135/><T42/><D42/><U60/><E60/><V66/><F66/><W23/><G23/><T74/><D74/><U27/><E27/><V18/><F18/><W109/><G109/><T7/><D7/><N who="1" m="3391" /><E88/><V12/><F12/><N who="3" m="9479" /><G63/><T49/><D85/><U124/><AGARI ba="1,0" hai="59,61,67,100,101,124,126,127" m="3391,44106" machi="124" ten="40,2700,0" yaku="18,1,15,1" doraHai="116" who="1" fromWho="1" sc="358,-8,116,30,315,-14,211,-8" /><INIT seed="7,0,0,0,2,119" ten="350,146,301,203" oya="3" hai0="104,113,19,130,54,44,120,49,27,84,7,94,73" hai1="80,65,31,110,10,2,62,134,86,107,60,33,40" hai2="122,42,12,90,76,35,48,26,123,46,13,116,135" hai3="28,96,74,4,14,1,0,43,47,88,63,67,95"/><W101/><G74/><T102/><D120/><N who="2" m="46122" /><F116/><W75/><G75/><T99/><D73/><U55/><E110/><V70/><F76/><W61/><G28/><T97/><D7/><U56/><E107/><V98/><F135/><W103/><G14/><T71/><D71/><U132/><E40/><V114/><F70/><W30/><G30/><T72/><D72/><U9/><E31/><N who="2" m="19959" /><F114/><W25/><G25/><T87/><D130/><U83/><E33/><V29/><F29/><W85/><G4/><T121/><D121/><U128/><E128/><V6/><F6/><W115/><G101/><T23/><D113/><U38/><E38/><V41/><F41/><W59/><G63/><T17/><D17/><U21/><E2/><V109/><F109/><W125/><G125/><T64/><D64/><U22/><E65/><V5/><F5/><W105/><REACH who="3" step="1"/><G115/><REACH who="3" ten="350,146,301,193" step="2"/><T8/><D8/><U93/><E62/><V11/><F11/><W91/><G91/><AGARI ba="0,1" hai="19,23,27,44,49,54,84,87,91,94,97,99,102,104" machi="91" ten="30,1000,0" yaku="7,1" doraHai="119" who="0" fromWho="3" sc="350,20,146,0,301,0,193,-10" owari="370,47.0,146,-35.0,301,10.0,183,-22.0" /></mjloggm>