<mjloggm ver="2.3"><GO type="169" lobby="0"/><UN n0="%E5%8F%A4%E6%9C%AC" n1="%6D%69%7A%75%79%6F%75" n2="%E6%82%A0%E3%80%85%2E" n3="%E7%A5%9E%E9%A2%A8%E3%81%A6%E3%81%83%E3%81%A3%E3%81%97%E3%82%85" dan="16,16,17,16" rate="2053.08,2186.81,2194.89,2145.15" sx="M,M,M,M"/><TAIKYOKU oya="0"/><INIT seed="0,0,0,3,5,2" ten="250,250,250,250" oya="0" hai0="24,70,53,88,133,74,98,100,129,55,127,15,21" hai1="14,57,42,77,36,97,75,47,80,72,132,8,28" hai2="34,4,45,94,122,23,29,26,76,126,11,130,44" hai3="111,10,22,51,37,30,90,85,46,58,128,79,108"/><T27/><D74/><U9/><E132/><V60/><F122/><W95/><G128/><T17/><D70/><U117/><E117/><V6/><F130/><W65/><G37/><T20/><D129/><U41/><E41/><V101/><F126/><W52/><G79/><T5/><D133/><U31/><E72/><V59/><F76/><W134/><G134/><T92/><D100/><U66/><E8/><V13/><F34/><W0/><G22/><T78/><D78/><U82/><E82/><V135/><F135/><W125/><G30/><N who="0" m="17671" /><D127/><U1/><E97/><N who="2" m="59575" /><F4/><W89/><G89/><T35/><D35/><U3/><E3/><V43/><F43/><W32/><G32/><T73/><D73/><U114/><E114/><V56/><F56/><W63/><REACH who="3" step="1"/><G125/><REACH who="3" ten="250,250,250,240" step="2"/><T120/><D120/><U99/><E75/><V19/><F29/><W49/><G49/><T38/><D38/><U87/><E28/><V131/><F131/><W102/><G102/><T93/><D93/><U103/><E31/><V54/><AGARI ba="0,1" hai="6,11,13,19,23,26,44,45,54,59,60" m="59575" machi="54" ten="30,2000,0" yaku="8,1,52,1" doraHai="2" who="2" fromWho="2" sc="250,-10,250,-5,250,30,240,-5" /><INIT seed="1,0,0,5,5,6" ten="240,245,280,235" oya="1" hai0="42,20,104,50,44,109,122,116,76,121,59,123,3" hai1="131,60,108,115,101,113,90,15,13,74,25,31,91" hai2="28,96,38,8,92,52,63,98,99,0,126,32,67" hai3="19,12,64,128,41,55,18,14,111,46,124,39,33"/><U83/><E131/><V10/><F38/><W35/><G111/><T82/><D116/><U58/><E101/><V102/><F126/><W54/><G128/><T75/><D109/><U9/><E108/><V94/><F0/><W57/><G124/><T34/><D34/><U69/><E69/><V62/><F32/><W65/><G39/><T68/><D104/><U23/><E15/><V120/><F28/><W56/><G41/><T5/><D68/><U135/><E135/><V4/><F4/><W118/><REACH who="3" step="1"/><G46/><REACH who="3" ten="240,245,280,225" step="2"/><T97/><D42/><U129/><E129/><V51/><F120/><W16/><G16/><T112/><D44/><U66/><E115/><V49/><F99/><W134/><G134/><T103/><D112/><U106/><E113/><V40/><F40/><W127/><G127/><T1/><D122/><U26/><E106/><V72/><F98/><W21/><G21/><T36/><D97/><U73/><E74/><V80/><F72/><W107/><G107/><T95/><D75/><U24/><E73/><V132/><F132/><W77/><G77/><T53/><D76/><U86/><E91/><V48/><F96/><W71/><G71/><T84/><D123/><U81/><E81/><V110/><F80/><W88/><G88/><T130/><D82/><U30/><E30/><V61/><F110/><W79/><G79/><T27/><D121/><U11/><E11/><N who="2" m="4139" /><F102/><W133/><G133/><T114/><D103/><U45/><E45/><N who="2" m="27663" /><F67/><W2/><G2/><T78/><D1/><U87/><E87/><V47/><F47/><W17/><G17/><AGARI ba="0,1" hai="9,13,17,23,24,25,26,31,58,60,66,83,86,90" machi="17" ten="30,5800,0" yaku="7,1,8,1,52,1" doraHai="6" who="1" fromWho="3" sc="240,0,245,68,280,0,225,-58" /><INIT seed="1,1,0,5,3,131" ten="240,313,280,167" oya="1" hai0="67,95,58,33,92,43,5,47,28,17,112,74,48" hai1="106,7,3,83,81,119,50,21,41,110,18,32,127" hai2="71,98,115,19,14,49,26,25,103,97,122,72,85" hai3="104,24,37,76,38,9,39,0,54,61,20,13,130"/><U60/><E32/><V35/><F72/><W132/><G130/><T66/><D74/><U99/><E119/><V56/><F71/><W102/><G0/><T11/><D112/><U30/><E30/><V16/><F122/><W96/><G76/><T55/><D17/><U77/><E127/><V73/><F73/><W59/><G132/><T65/><D28/><U75/><E110/><V129/><F97/><W100/><G100/><T63/><REACH who="0" step="1"/><D33/><REACH who="0" ten="230,313,280,167" step="2"/><U8/><E75/><V88/><F19/><W124/><G124/><T40/><D40/><U46/><E77/><V80/><F35/><W128/><G128/><T134/><D134/><U101/><REACH who="1" step="1"/><E60/><REACH who="1" ten="230,303,280,167" step="2"/><V52/><F129/><W135/><G135/><T64/><N who="0" m="16384" /><DORA hai="117" /><T121/><D121/><U62/><E62/><V45/><F115/><W22/><REACH who="3" step="1"/><G24/><AGARI ba="1,2" hai="3,7,8,18,21,24,41,46,50,81,83,99,101,106" machi="24" ten="30,2900,0" yaku="1,1,7,1,53,0" doraHai="131,117" doraHaiUra="126,31" who="1" fromWho="3" sc="230,0,303,52,280,0,167,-32" /><INIT seed="1,2,0,0,5,45" ten="230,355,280,135" oya="1" hai0="74,54,92,72,55,38,60,27,96,120,79,15,98" hai1="50,73,80,109,77,25,61,88,14,12,63,53,31" hai2="76,34,42,121,85,87,1,81,66,127,123,124,107" hai3="115,94,108,37,2,90,67,122,65,101,17,8,35"/><U129/><E129/><V57/><F1/><W116/><G37/><T83/><D38/><U0/><E0/><V51/><F34/><W119/><G115/><T20/><D120/><U47/><E109/><V41/><F107/><W130/><G122/><T69/><D15/><U21/><E14/><V126/><F87/><W133/><G35/><T131/><D74/><U58/><E12/><V64/><F42/><W36/><G36/><T43/><D43/><U78/><E63/><N who="2" m="37999" /><F66/><W22/><G101/><T117/><D117/><U103/><E103/><V75/><F85/><W5/><G130/><T110/><D131/><U59/><E59/><V70/><F70/><W32/><G32/><T33/><D33/><U132/><E132/><V56/><F56/><W68/><G68/><T104/><D104/><U9/><E9/><V13/><F13/><W113/><G133/><T102/><D69/><U86/><E73/><V18/><F18/><W44/><G17/><T91/><D72/><U16/><E31/><V118/><F118/><W97/><G108/><T89/><D110/><U114/><E114/><V11/><F11/><W112/><G116/><T3/><D3/><U106/><E106/><V49/><F49/><W40/><G119/><T62/><D62/><U30/><E30/><V93/><F93/><W24/><G113/><T84/><D60/><U134/><E134/><V82/><F82/><W28/><REACH who="3" step="1"/><G112/><REACH who="3" ten="230,355,280,125" step="2"/><T99/><D102/><U6/><E6/><V26/><F123/><W29/><G29/><N who="0" m="17639" /><D92/><U19/><E19/><V95/><F121/><W46/><G46/><T10/><D10/><RYUUKYOKU ba="2,1" sc="230,10,355,10,280,-30,125,10" hai0="54,55,79,83,84,89,91,96,98,99" hai1="16,21,25,47,50,53,58,61,77,78,80,86,88" hai3="2,5,8,22,24,28,40,44,65,67,90,94,97" /><INIT seed="1,3,1,0,3,115" ten="240,365,250,135" oya="1" hai0="135,6,42,35,16,93,5,34,53,80,73,29,7" hai1="36,23,62,59,128,65,102,41,55,58,118,11,98" hai2="105,22,81,44,72,60,117,69,87,79,95,24,121" hai3="68,56,67,51,83,107,38,90,18,52,119,130,13"/><U84/><E128/><V27/><F105/><W15/><G107/><T97/><D135/><U100/><E84/><V3/><F3/><W134/><G130/><T40/><D53/><U113/><E113/><V14/><F117/><W114/><G114/><T75/><D80/><U17/><E11/><V122/><F27/><W50/><G134/><T45/><D29/><U109/><E109/><V92/><F14/><W126/><G38/><T91/><D42/><U21/><E21/><V20/><F20/><W4/><G126/><T129/><D129/><U108/><E108/><V116/><F116/><W30/><G30/><T111/><D111/><U74/><E74/><V89/><F92/><W124/><G124/><T101/><D101/><U76/><E76/><V46/><F69/><W96/><G67/><T123/><D123/><U77/><E77/><V127/><F60/><W94/><G68/><T43/><D43/><U104/><E102/><V0/><F0/><W63/><G119/><T2/><D2/><U125/><E125/><V71/><F71/><W47/><G47/><T57/><D57/><U28/><E28/><N who="2" m="17431" /><F127/><W31/><G31/><T33/><REACH who="0" step="1"/><D16/><REACH who="0" ten="230,365,250,135" step="2"/><U82/><E118/><V70/><F70/><W86/><G4/><T12/><D12/><N who="3" m="4681" /><G18/><T112/><D112/><U32/><E17/><V61/><F122/><W106/><G106/><T64/><D64/><U110/><E104/><V19/><F121/><W66/><G66/><T132/><D132/><U88/><E110/><V120/><F120/><W54/><G54/><T8/><D8/><U78/><E65/><V37/><F19/><RYUUKYOKU ba="3,2" sc="230,15,365,-15,250,-15,135,15" hai0="5,6,7,33,34,35,40,45,73,75,91,93,97" hai3="50,51,52,56,63,83,86,90,94,96" /><INIT seed="2,4,2,4,0,54" ten="245,350,235,150" oya="2" hai0="4,90,98,70,48,108,28,0,71,62,27,36,126" hai1="37,59,114,49,129,47,91,128,19,127,121,93,73" hai2="78,6,86,116,5,69,104,132,18,34,46,44,131" hai3="61,9,25,7,12,96,8,100,67,105,135,113,79"/><V57/><F69/><W63/><G135/><T102/><D36/><U112/><E73/><V51/><F104/><W58/><G113/><T118/><D90/><U26/><E127/><V103/><F34/><W106/><G79/><T99/><D98/><U74/><E74/><V84/><F116/><W115/><G115/><T111/><D126/><U83/><E83/><N who="2" m="47223" /><F131/><N who="1" m="50249" /><E37/><V89/><F103/><W77/><G77/><T101/><D101/><U38/><E38/><V20/><F46/><W56/><G25/><T80/><D118/><U119/><E119/><V55/><F44/><W53/><REACH who="3" step="1"/><G9/><REACH who="3" ten="245,350,235,140" step="2"/><T35/><D27/><U29/><E26/><N who="2" m="14615" /><F132/><W31/><G31/><T32/><D28/><U85/><E29/><V22/><F22/><W122/><G122/><T2/><D32/><U125/><E121/><V81/><AGARI ba="4,3" hai="5,6,51,55,57,81,86,89" m="14615,47223" machi="81" ten="30,3000,0" yaku="8,1,52,1" doraHai="54" who="2" fromWho="2" sc="245,-14,350,-14,235,72,140,-14" /><INIT seed="2,5,0,3,4,4" ten="231,336,307,126" oya="2" hai0="129,48,31,63,110,132,60,8,54,0,135,90,131" hai1="79,117,121,73,118,1,57,71,52,91,106,42,29" hai2="56,74,126,133,72,87,103,95,61,113,115,2,22" hai3="94,82,78,51,37,123,114,101,44,107,46,24,84"/><V120/><F120/><W134/><G123/><T62/><D31/><U14/><E121/><V11/><F74/><W127/><G127/><T80/><D80/><U45/><E1/><V43/><F72/><W39/><G134/><N who="0" m="51243" /><D90/><U35/><E71/><V85/><F133/><W93/><G114/><T36/><D110/><U17/><E106/><V28/><F43/><W108/><G108/><T128/><D0/><U13/><E13/><V58/><F126/><W23/><G107/><T124/><D8/><U69/><E69/><V6/><F115/><W32/><G32/><T70/><D36/><U25/><E91/><V16/><F28/><W20/><G20/><T112/><D112/><U92/><E92/><V99/><F113/><W49/><G101/><T100/><D100/><U10/><E79/><V105/><F105/><W75/><G75/><T66/><D124/><U59/><E59/><AGARI ba="5,0" hai="48,54,59,60,62,63,66,70,128,129,131" m="51243" machi="59" ten="40,8000,1" yaku="19,1,20,1,34,2" doraHai="4" who="0" fromWho="1" sc="231,95,336,-95,307,0,126,0" /><INIT seed="3,0,0,5,2,53" ten="326,241,307,126" oya="3" hai0="26,13,80,109,68,3,76,88,118,60,70,114,91" hai1="7,41,135,11,75,45,10,117,113,39,116,131,77" hai2="59,31,93,21,36,29,58,97,129,119,85,125,27" hai3="62,67,89,121,104,83,122,1,44,99,49,2,108"/><W46/><G104/><T56/><D118/><N who="1" m="45675" /><E113/><V48/><F36/><W120/><G108/><T86/><D3/><N who="1" m="383" /><E11/><V133/><F133/><W72/><G46/><T98/><D114/><U105/><E131/><V92/><F125/><W81/><G72/><T43/><D109/><U134/><E105/><V18/><F129/><W57/><G83/><AGARI ba="0,0" hai="39,41,45,75,77,83,134,135" m="383,45675" machi="83" ten="30,3900,0" yaku="25,1,12,1,23,1" doraHai="53" who="1" fromWho="3" sc="326,0,241,39,307,0,126,-39" /><INIT seed="4,0,0,3,5,2" ten="326,280,307,87" oya="0" hai0="66,97,49,24,1,84,32,95,56,50,99,76,27" hai1="36,15,121,41,85,93,60,90,124,74,67,132,47" hai2="62,73,122,33,81,125,48,10,83,75,127,18,123" hai3="28,19,53,70,103,72,88,25,116,6,7,135,126"/><T4/><D32/><U134/><E121/><V23/><F33/><W29/><G116/><T39/><D39/><U43/><E74/><V102/><F102/><W45/><G70/><T133/><D133/><U105/><E105/><V0/><F62/><W92/><G72/><N who="2" m="27721" /><F48/><N who="3" m="28815" /><G103/><T130/><D130/><U51/><E124/><N who="2" m="47691" /><F83/><W21/><G135/><N who="1" m="51754" /><E15/><N who="2" m="9695" /><F81/><W110/><G110/><T44/><D50/><U101/><E101/><V11/><F11/><W96/><G126/><T104/><D49/><U34/><E34/><V114/><F114/><W12/><G29/><T58/><D104/><U14/><E14/><V61/><F61/><W42/><G42/><T78/><D1/><U98/><E36/><V9/><F9/><AGARI ba="0,0" hai="6,7,9,12,19,21,25,28,88,92,96" m="28815" machi="9" ten="30,7700,0" yaku="8,1,52,2,54,1" doraHai="2" who="3" fromWho="2" sc="326,0,280,0,307,-77,87,77" /><INIT seed="5,0,0,3,4,118" ten="326,280,230,164" oya="1" hai0="32,37,82,124,39,121,49,77,71,57,24,14,26" hai1="95,111,104,135,5,91,36,69,99,40,133,1,86" hai2="117,6,96,50,103,63,19,51,48,70,23,105,11" hai3="110,20,106,130,72,15,101,8,21,3,89,116,85"/><U54/><E69/><V120/><F120/><W92/><G110/><T34/><D71/><U74/><E54/><V13/><F117/><W33/><G33/><T53/><D124/><U113/><E40/><V4/><REACH who="2" step="1"/><F11/><REACH who="2" ten="326,280,220,164" step="2"/><W87/><G116/><T67/><D121/><U9/><E111/><V56/><F56/><W45/><G130/><T2/><D57/><U107/><E135/><V47/><F47/><W64/><G45/><T80/><D34/><U30/><E133/><V100/><F100/><W90/><G3/><T55/><D32/><U41/><E9/><V98/><F98/><W7/><G72/><T44/><D2/><U83/><E1/><V119/><F119/><W0/><G0/><T28/><D44/><U38/><E36/><V88/><F88/><W131/><G131/><T84/><D77/><U18/><E38/><V68/><F68/><W65/><G101/><T12/><D39/><U46/><E74/><V129/><F129/><W93/><REACH who="3" step="1"/><G106/><REACH who="3" ten="326,280,220,154" step="2"/><T122/><D122/><U25/><E104/><V109/><F109/><W35/><G35/><T22/><D84/><U27/><E107/><V58/><F58/><W29/><G29/><T108/><D28/><U75/><E30/><V60/><F60/><W66/><AGARI ba="0,2" hai="7,8,15,20,21,64,65,66,85,87,89,90,92,93" machi="66" ten="30,12000,2" yaku="1,1,0,1,9,1,8,1,53,3" doraHai="118" doraHaiUra="62" who="3" fromWho="3" sc="326,-30,280,-60,220,-30,154,140" /><INIT seed="6,0,0,0,1,26" ten="296,220,190,294" oya="2" hai0="106,89,52,56,1,111,22,17,47,105,8,126,130" hai1="4,53,135,64,12,46,107,27,20,92,33,93,58" hai2="16,121,81,42,116,70,3,25,14,79,133,118,103" hai3="34,98,115,90,67,63,39,45,55,122,112,6,104"/><V132/><F121/><W91/><G122/><T29/><D111/><U21/><E107/><V69/><F3/><W59/><G34/><T77/><D77/><U109/><E109/><V41/><F103/><N who="3" m="62583" /><G6/><T123/><D123/><U129/><E129/><V44/><F25/><W72/><G72/><T96/><D29/><U83/><E135/><N who="2" m="51787" /><F70/><W9/><G9/><T2/><D47/><U101/><E33/><V102/><F69/><W57/><G45/><T36/><D36/><U76/><E46/><V134/><N who="2" m="51795" /><V48/><DORA hai="19" /><F42/><W61/><G39/><T120/><D120/><U85/><E64/><V131/><F102/><W97/><G97/><T110/><D96/><U23/><E27/><V11/><F131/><W99/><G99/><T5/><D130/><U87/><E101/><V43/><F43/><W82/><G82/><T71/><D71/><U66/><E66/><V40/><F40/><W37/><G37/><T113/><D110/><U35/><E35/><V13/><F13/><W15/><G15/><T100/><D100/><U75/><E75/><AGARI ba="0,0" hai="11,14,16,41,44,48,75,79,81,116,118" m="51795" machi="75" ten="40,3900,0" yaku="20,1,54,1" doraHai="26,19" who="2" fromWho="1" sc="296,0,220,-39,190,39,294,0" /><INIT seed="6,1,0,4,1,121" ten="296,181,229,294" oya="2" hai0="109,125,57,0,130,116,81,110,15,86,32,93,35" hai1="134,43,83,1,6,99,2,85,75,22,76,108,44" hai2="66,113,60,41,67,40,105,120,64,118,58,106,77" hai3="111,24,19,128,102,29,38,49,63,133,115,98,45"/><V47/><F120/><W5/><G128/><T10/><D0/><U132/><E22/><V53/><F118/><W73/><G73/><T96/><D130/><U119/><E119/><V30/><F113/><W127/><G133/><T3/><D3/><U52/><E99/><V97/><F77/><W122/><G122/><T129/><D116/><U62/><E1/><V103/><F106/><W123/><G127/><T50/><D129/><U59/><E85/><V4/><F4/><W82/><G82/><T55/><D125/><U31/><E31/><V20/><REACH who="2" step="1"/><F47/><REACH who="2" ten="296,181,219,294" step="2"/><W114/><G45/><T17/><D35/><U13/><E2/><V34/><F34/><W124/><G5/><T21/><D32/><U79/><E79/><V90/><F90/><W87/><G123/><T46/><D46/><U126/><E126/><V92/><F92/><W28/><G124/><T69/><D93/><U107/><E107/><V18/><F18/><W61/><G19/><T89/><D17/><U101/><E101/><V104/><F104/><W48/><G102/><T65/><D89/><U39/><E134/><V54/><F54/><W9/><G115/><T95/><D55/><U36/><E132/><V26/><AGARI ba="1,1" hai="20,26,30,40,41,53,58,60,64,66,67,97,103,105" machi="26" ten="30,3000,0" yaku="1,1,0,1,53,0" doraHai="121" doraHaiUra="14" who="2" fromWho="2" sc="296,-11,181,-11,219,43,294,-11" /><INIT seed="6,2,0,0,4,57" ten="285,170,262,283" oya="2" hai0="123,113,82,131,75,135,112,5,80,37,95,48,90" hai1="64,116,130,47,58,71,19,70,53,16,77,22,108" hai2="76,62,132,98,63,2,25,117,114,52,103,91,83" hai3="46,10,21,17,11,27,31,42,4,119,28,30,61"/><V44/><F2/><W101/><G119/><T128/><D123/><U7/><E116/><V1/><F1/><W68/><G101/><T102/><D37/><U99/><E108/><V84/><F117/><W65/><REACH who="3" step="1"/><G4/><REACH who="3" ten="285,170,262,273" step="2"/><T20/><D128/><U87/><E7/><V85/><F103/><W35/><G35/><T6/><D5/><U38/><E130/><V72/><F132/><W12/><G12/><T94/><D6/><U13/><E71/><V96/><F114/><W105/><G105/><T88/><D102/><U79/><E70/><V50/><F25/><W93/><G93/><T24/><D95/><U45/><E38/><AGARI ba="2,1" hai="10,11,17,21,27,28,30,31,38,42,46,61,65,68" machi="38" ten="40,5200,0" yaku="1,1,52,1,53,1" doraHai="57" doraHaiUra="23" who="3" fromWho="1" sc="285,0,170,-58,262,0,273,68" /><INIT seed="7,0,0,1,2,114" ten="285,112,262,341" oya="3" hai0="68,75,120,27,61,46,36,43,33,78,70,71,87" hai1="63,117,12,95,18,85,62,86,76,14,54,130,109" hai2="125,60,39,99,48,74,84,93,97,118,41,9,0" hai3="2,135,98,53,44,23,49,79,124,106,40,55,123"/><W77/><G2/><T13/><D87/><U116/><E130/><V91/><F118/><N who="1" m="45673" /><E109/><V73/><F39/><W64/><G64/><N who="0" m="40975" /><D13/><N who="1" m="5227" /><E18/><V66/><F125/><W42/><G124/><T1/><D120/><U59/><E76/><V121/><F121/><W4/><G79/><T72/><D1/><U94/><E62/><V10/><F0/><W47/><G77/><T104/><D104/><U88/><E86/><V35/><F74/><N who="0" m="28202" /><D78/><U80/><E94/><V45/><F73/><W24/><G106/><T111/><D111/><U96/><E95/><V89/><F35/><W103/><G98/><AGARI ba="0,0" hai="54,59,63,80,85,88,96,98" m="5227,45673" machi="98" ten="30,8000,1" yaku="12,1,52,3,54,1" doraHai="114" who="1" fromWho="3" sc="285,0,112,80,262,0,341,-80" /><INIT seed="8,0,0,0,5,37" ten="285,192,262,261" oya="0" hai0="87,104,90,18,122,5,2,17,9,109,101,39,43" hai1="64,14,34,121,94,100,26,133,107,85,77,25,33" hai2="58,81,42,132,83,24,79,113,119,7,134,105,115" hai3="1,48,126,21,11,91,69,27,108,59,0,112,123"/><T28/><D122/><U103/><E121/><V129/><F105/><W55/><G123/><T128/><D28/><U76/><E107/><V53/><F129/><W32/><G108/><T19/><D19/><U62/><E133/><N who="2" m="51307" /><F7/><W96/><G112/><T92/><D128/><U127/><E127/><V67/><F119/><W130/><G130/><T74/><D74/><U118/><E118/><V57/><F42/><W38/><G38/><T66/><D66/><U23/><E14/><V89/><F89/><W106/><G69/><T135/><D109/><U46/><E46/><V120/><F120/><W47/><G32/><T110/><D135/><U16/><E34/><V61/><F24/><W60/><G126/><T95/><D104/><U125/><E125/><V70/><F70/><W124/><G124/><T44/><REACH who="0" step="1"/><D110/><REACH who="0" ten="275,192,262,261" step="2"/><U82/><E76/><V72/><F115/><W65/><G106/><T84/><D84/><U10/><E10/><V8/><F8/><W52/><G11/><T13/><D13/><U99/><E26/><V117/><F113/><W6/><G0/><T102/><D102/><N who="1" m="60791" /><E33/><V3/><F3/><W51/><G1/><T45/><D45/><U98/><E98/><AGARI ba="0,1" hai="2,5,9,17,18,39,43,44,87,90,92,95,98,101" machi="98" ten="40,3900,0" yaku="1,1,52,1,53,0" doraHai="37" doraHaiUra="114" who="0" fromWho="1" sc="275,49,192,-39,262,0,261,0" owari="324,43.0,153,-35.0,262,6.0,261,-14.0" /></mjloggm>