<mjloggm ver="2.3"><GO type="225" lobby="0"/><UN n0="%E3%81%AF%E3%82%88%E3%81%8A%E3%81%98%E3%81%95%E3%82%93" n1="%6B%69%79%6F%70%69%6E" n2="%E2%96%BD%E4%B8%8E%E4%BD%9C%28%E3%81%8A%E3%81%AB%E3%81%8E%E3%82%8A" n3="%79%6A%69%72%6F" dan="17,16,17,17" rate="2132.08,2109.53,2178.70,2186.73" sx="M,M,M,M"/><TAIKYOKU oya="0"/><INIT seed="0,0,0,4,1,74" ten="250,250,250,250" oya="0" hai0="15,20,107,101,30,65,49,11,126,54,47,61,34" hai1="123,103,72,105,18,50,44,21,111,79,95,52,36" hai2="33,121,48,135,77,57,66,17,53,114,3,28,109" hai3="94,130,29,38,78,70,83,19,104,122,2,69,102"/><T8/><D126/><U125/><E123/><V100/><F121/><W75/><G122/><T87/><D34/><U24/><E111/><V93/><F114/><W26/><G38/><T7/><D107/><U27/><E125/><V108/><F3/><W129/><G2/><T116/><D116/><U60/><E105/><V59/><F135/><W51/><G19/><T99/><D87/><U113/><E36/><V1/><F1/><W5/><G5/><T32/><D32/><U6/><E6/><V64/><F33/><N who="3" m="20663" /><G51/><T14/><D99/><N who="1" m="59903" /><E72/><V119/><F28/><W13/><G13/><T98/><D98/><U117/><E60/><V91/><F119/><W0/><G0/><T41/><D101/><U73/><E73/><V55/><F100/><W128/><G94/><T46/><D30/><U9/><E9/><V58/><F17/><W96/><AGARI ba="0,0" hai="69,70,75,78,83,96,102,104,128,129,130" m="20663" machi="96" ten="40,5200,0" yaku="19,1,23,1,52,1" doraHai="74" who="3" fromWho="3" sc="250,-26,250,-13,250,-13,250,52" /><INIT seed="1,0,0,5,2,47" ten="224,237,237,302" oya="1" hai0="114,113,25,3,12,54,64,1,72,23,39,118,15" hai1="116,119,99,94,6,128,18,63,69,123,13,103,100" hai2="48,133,107,104,106,89,24,5,57,46,127,84,28" hai3="70,108,90,29,35,85,115,82,125,4,49,11,41"/><U81/><E123/><V67/><F127/><W0/><G125/><T65/><D72/><U75/><E6/><V68/><F133/><W37/><G115/><T98/><D39/><U71/><E128/><V40/><F5/><W16/><G70/><T62/><D118/><U44/><E103/><V93/><F68/><W102/><G108/><T110/><D110/><U59/><E71/><V95/><F93/><W109/><G109/><T32/><D32/><U83/><E69/><V51/><F67/><W34/><G29/><T50/><D98/><U88/><E44/><V19/><F19/><W33/><G102/><T58/><D65/><U30/><E30/><V101/><F101/><W76/><G37/><T42/><D42/><U52/><E100/><V21/><REACH who="2" step="1"/><F57/><REACH who="2" ten="224,237,227,302" step="2"/><W61/><G16/><N who="0" m="12519" /><D1/><U27/><E83/><V56/><F56/><W45/><REACH who="3" step="1"/><G61/><REACH who="3" ten="224,237,227,292" step="2"/><T134/><D62/><U43/><E119/><V14/><F14/><W135/><G135/><T78/><D15/><U131/><E116/><V117/><F117/><W2/><G2/><T105/><D12/><U17/><E13/><V129/><F129/><W80/><G80/><T132/><D3/><U38/><E131/><V8/><F8/><W66/><G66/><T77/><D64/><U31/><E81/><V122/><F122/><W87/><G87/><T53/><D134/><U74/><E18/><V26/><F26/><W7/><G7/><T86/><D86/><U20/><E31/><V79/><F79/><AGARI ba="0,2" hai="0,4,11,33,34,35,41,45,49,76,79,82,85,90" machi="79" ten="40,2600,0" yaku="1,1,52,1,53,0" doraHai="47" doraHaiUra="55" who="3" fromWho="2" sc="224,0,237,0,227,-26,292,46" /><INIT seed="2,0,0,0,0,104" ten="224,237,201,338" oya="2" hai0="11,43,24,13,10,120,18,97,109,38,41,36,3" hai1="118,12,105,46,114,129,108,110,7,122,21,92,53" hai2="69,127,121,44,111,126,124,89,73,42,115,57,112" hai3="72,25,117,78,90,27,103,83,52,79,58,65,9"/><V59/><F121/><W101/><G117/><T67/><D120/><U88/><E118/><V132/><F89/><W68/><G68/><T95/><D109/><N who="1" m="42091" /><E114/><N who="2" m="43563" /><F111/><W71/><G71/><T100/><D67/><U84/><E129/><V81/><F69/><W87/><G65/><T135/><D135/><U39/><E122/><V106/><F106/><W37/><G37/><T20/><D3/><U93/><E105/><V5/><F5/><W16/><G72/><T75/><D75/><U19/><E7/><V133/><F81/><W14/><G27/><T99/><D99/><U85/><E53/><V28/><F28/><W119/><G119/><T80/><D80/><N who="1" m="49191" /><E84/><V128/><F73/><W66/><G66/><T26/><D38/><U0/><E0/><V55/><F128/><W47/><G47/><T34/><D36/><U82/><E82/><V86/><F86/><W49/><G25/><N who="0" m="9835" /><D34/><U56/><E56/><N who="2" m="21579" /><F55/><W2/><G2/><T60/><D60/><U61/><E61/><V96/><F96/><W113/><G113/><T102/><D102/><AGARI ba="0,0" hai="9,14,16,49,52,58,78,79,83,87,90,101,102,103" machi="102" ten="40,5200,0" yaku="8,1,54,2" doraHai="104" who="3" fromWho="0" sc="224,-52,237,0,201,0,338,52" /><INIT seed="3,0,0,5,0,60" ten="172,237,201,390" oya="3" hai0="114,7,85,87,73,130,96,5,35,15,104,118,89" hai1="55,9,65,0,93,58,57,18,17,31,10,90,97" hai2="86,88,68,72,49,19,23,41,129,132,38,94,44" hai3="42,127,33,70,67,26,109,6,74,21,135,100,111"/><W64/><G74/><T79/><D118/><U62/><E31/><V53/><F129/><W28/><G135/><T113/><D35/><U16/><REACH who="1" step="1"/><E0/><REACH who="1" ten="172,227,201,390" step="2"/><V51/><F132/><W50/><G28/><T25/><D130/><U82/><E82/><V81/><F68/><W95/><G70/><T27/><D27/><U112/><E112/><N who="0" m="43113" /><D25/><U66/><E66/><V12/><F72/><W29/><G64/><T78/><D15/><U122/><E122/><V121/><F121/><W91/><G67/><T102/><D87/><U108/><E108/><V32/><F32/><W124/><G26/><T83/><D79/><U120/><E120/><V76/><F76/><W1/><G33/><T134/><D134/><U133/><E133/><V20/><F81/><AGARI ba="0,1" hai="5,7,73,78,81,83,85,89,96,102,104" m="43113" machi="81" ten="30,1000,0" yaku="11,1" doraHai="60" who="0" fromWho="2" sc="172,20,227,0,201,-10,390,0" owari="192,-21.0,227,3.0,191,-31.0,390,49.0" /></mjloggm>