<mjloggm ver="2.3"><GO type="185" lobby="0"/><UN n0="%E3%81%82%E3%81%9F%E3%82%89%E3%81%AA%E3%81%84%E3%81%A7%EF%BC%81" n1="%E3%81%BF%E3%82%83%E3%83%BC%E3%81%B6%E3%82%8C%E3%81%84%E3%81%8F" n2="%E3%81%B6%E3%82%8B%E3%81%AF%E3%81%A4" n3="" dan="17,16,16,0" rate="2208.12,2194.43,2151.78,1500.00" sx="M,M,M,C"/><TAIKYOKU oya="0"/><INIT seed="0,0,0,1,4,49" ten="350,350,350,0" oya="0" hai0="92,44,83,1,62,82,69,84,73,116,89,81,96" hai1="59,50,55,3,0,104,48,111,127,2,90,41,76" hai2="51,77,66,33,106,46,87,105,110,135,129,114,117" hai3=""/><T42/><D116/><U34/><E34/><V88/><F117/><T98/><D1/><U74/><E111/><V124/><F33/><T52/><D73/><U107/><E127/><V108/><F124/><T78/><D78/><U103/><E103/><V91/><F114/><T128/><D128/><U65/><E65/><V120/><N who="2" m="30752" /><V68/><F129/><T123/><N who="0" m="31520" /><T72/><D72/><U95/><E76/><V61/><F135/><T56/><REACH who="0" step="1"/><D69/><REACH who="0" ten="340,350,350,0" step="2"/><U43/><E74/><V53/><F77/><T86/><D86/><U99/><E0/><V118/><F118/><T100/><D100/><U36/><E2/><V71/><F68/><T79/><D79/><U134/><E3/><V75/><F75/><T126/><D126/><U47/><E134/><V119/><F119/><T35/><D35/><U70/><E70/><V109/><F91/><T125/><D125/><U60/><E90/><V101/><F101/><T97/><D97/><U115/><E99/><V132/><F132/><T38/><AGARI ba="0,1" hai="38,42,44,52,56,62,81,82,83,84,89,92,96,98" m="31520" machi="38" ten="30,12000,2" yaku="1,1,0,1,52,2,54,1,53,1" doraHai="49" doraHaiUra="80" who="0" fromWho="0" sc="340,130,350,-60,350,-60,0,0" /><INIT seed="0,1,0,3,1,42" ten="470,290,290,0" oya="0" hai0="37,35,39,49,50,61,72,44,82,99,73,112,34" hai1="124,74,123,97,121,103,41,67,102,108,129,93,114" hai2="128,92,38,64,86,91,57,107,117,88,43,62,76" hai3=""/><T105/><D112/><U60/><N who="1" m="31008" /><U106/><N who="1" m="31520" /><U65/><E114/><V96/><F117/><T83/><D61/><U122/><N who="1" m="31264" /><U55/><E108/><V135/><F135/><T66/><D66/><U104/><E124/><V131/><F76/><T110/><D99/><U68/><E129/><N who="2" m="49739" /><F107/><T58/><D58/><U98/><E74/><V56/><F43/><T101/><D105/><U53/><E67/><V59/><F38/><T75/><D101/><U0/><E0/><V80/><AGARI ba="1,0" hai="56,57,59,62,64,80,86,88,91,92,96" m="49739" machi="80" ten="30,1500,0" yaku="19,1,54,1" doraHai="42" who="2" fromWho="2" sc="470,-11,290,-6,290,17,0,0" /><INIT seed="1,0,0,1,2,67" ten="459,284,307,0" oya="1" hai0="47,103,89,82,35,52,32,102,124,113,46,76,33" hai1="87,37,110,86,90,122,40,72,104,2,48,91,133" hai2="3,118,80,54,93,77,59,128,97,107,39,88,131" hai3=""/><U1/><N who="1" m="31264" /><U111/><E104/><V42/><F3/><T127/><D113/><U120/><N who="1" m="30752" /><U68/><E72/><V64/><F118/><T63/><D89/><N who="1" m="33803" /><E37/><V34/><F34/><T56/><D47/><U71/><E133/><V81/><F64/><T0/><D46/><U100/><E100/><V41/><F107/><T69/><D69/><N who="1" m="26699" /><E48/><V121/><N who="2" m="31008" /><V123/><N who="2" m="31520" /><V55/><F39/><T109/><D0/><N who="1" m="107" /><E40/><V134/><F134/><T74/><REACH who="0" step="1"/><D109/><AGARI ba="0,0" hai="86,87,109,110,111" m="107,26699,33803,30752,31264" machi="109" ten="40,24000,3" yaku="28,2,14,1,10,1,52,5" doraHai="67" who="1" fromWho="0" sc="459,-240,284,240,307,0,0,0" /><INIT seed="1,1,0,3,4,52" ten="219,524,307,0" oya="1" hai0="112,132,35,76,50,131,125,67,130,92,44,2,127" hai1="96,126,32,83,34,120,55,40,102,114,110,48,121" hai2="95,74,134,3,81,91,94,1,87,116,38,72,117" hai3=""/><U105/><N who="1" m="30752" /><U75/><N who="1" m="31008" /><U106/><E114/><V128/><F38/><T68/><D35/><U37/><E126/><N who="0" m="48137" /><D2/><U57/><E106/><V41/><F41/><T39/><D112/><U42/><E110/><V60/><F134/><T100/><D76/><U70/><E70/><V122/><N who="2" m="31264" /><V62/><F128/><N who="0" m="49194" /><D39/><U86/><E75/><V133/><F133/><T54/><D132/><U123/><N who="1" m="31520" /><U66/><E66/><V49/><F1/><T107/><D107/><U109/><E109/><V46/><F3/><T115/><D115/><U93/><E105/><V45/><F74/><T36/><D36/><U64/><E64/><V69/><F72/><T111/><D111/><U78/><REACH who="1" step="1"/><E42/><REACH who="1" ten="219,514,307,0" step="2"/><V135/><F135/><T47/><D67/><U98/><E98/><V51/><F69/><T113/><D113/><U63/><E63/><V103/><F60/><T33/><D68/><U0/><E0/><V59/><F62/><T43/><D43/><U97/><E97/><V99/><F99/><T101/><D33/><U118/><E118/><V89/><F117/><T88/><D47/><AGARI ba="1,1" hai="32,34,37,40,47,48,55,57,78,83,86,93,96,102" m="31520,31008,30752" machi="47" ten="40,12000,1" yaku="1,1,52,4,53,0" doraHai="52" doraHaiUra="58" who="1" fromWho="0" sc="219,-122,514,132,307,0,0,0" /><INIT seed="1,2,0,2,0,65" ten="97,646,307,0" oya="1" hai0="92,125,66,36,43,108,35,64,105,32,76,67,97" hai1="55,128,89,1,122,109,133,102,63,45,0,99,110" hai2="126,118,134,86,120,42,100,41,117,90,2,47,88" hai3=""/><U85/><N who="1" m="31264" /><U87/><E133/><V50/><N who="2" m="30752" /><V38/><F2/><T131/><D108/><N who="1" m="41579" /><E128/><V130/><F130/><T91/><D131/><U71/><E71/><V106/><F134/><T60/><D125/><U40/><E55/><V116/><F126/><T34/><D105/><U103/><E63/><V129/><F129/><T107/><D107/><U101/><E99/><V83/><F42/><T74/><D76/><U37/><E87/><V111/><F111/><T44/><REACH who="0" step="1"/><D74/><REACH who="0" ten="87,646,307,0" step="2"/><U54/><E54/><V115/><F118/><T58/><AGARI ba="2,1" hai="32,34,35,36,43,44,58,60,64,66,67,91,92,97" machi="58" ten="30,3000,0" yaku="1,1,2,1,0,1,53,0" doraHai="65" doraHaiUra="112" who="0" fromWho="0" sc="87,44,646,-22,307,-12,0,0" /><INIT seed="2,0,0,3,4,118" ten="131,624,295,0" oya="2" hai0="110,57,131,109,75,113,49,51,35,91,56,1,98" hai1="59,38,130,133,116,64,32,37,106,115,114,54,2" hai2="100,108,105,123,53,61,48,74,111,134,41,99,65" hai3=""/><V102/><N who="2" m="31520" /><V81/><F134/><T73/><D113/><U90/><E32/><V121/><N who="2" m="31008" /><V47/><F102/><T135/><D35/><U92/><E2/><V44/><F74/><T33/><D33/><U0/><E0/><V39/><REACH who="2" step="1"/><F81/><REACH who="2" ten="131,624,285,0" step="2"/><T89/><D135/><U97/><E133/><V62/><F62/><T129/><D1/><U101/><E115/><V43/><F43/><T96/><AGARI ba="0,1" hai="49,51,56,57,73,75,89,91,96,98,109,110,129,131" machi="96" ten="25,2400,0" yaku="0,1,22,2" doraHai="118" who="0" fromWho="0" sc="131,34,624,-8,285,-16,0,0" /><INIT seed="4,0,0,0,2,36" ten="165,616,269,0" oya="0" hai0="47,1,131,32,123,116,2,134,65,110,94,129,95" hai1="128,135,88,100,132,89,39,113,115,127,71,72,75" hai2="108,68,56,120,118,124,133,119,121,98,59,112,70" hai3=""/><T44/><N who="0" m="31520" /><T61/><D32/><U81/><E127/><V111/><N who="2" m="30752" /><V99/><N who="2" m="31008" /><V63/><F124/><T55/><D116/><N who="2" m="44586" /><F133/><N who="1" m="51273" /><E128/><N who="0" m="49225" /><D134/><U48/><E39/><V96/><F112/><N who="1" m="43081" /><E71/><N who="2" m="27179" /><F63/><T109/><D65/><U38/><E38/><V106/><F106/><T78/><D78/><U69/><E69/><V66/><F66/><T0/><D61/><U74/><E81/><V53/><F53/><T83/><D83/><U101/><E48/><V85/><F85/><T102/><D102/><AGARI ba="0,0" hai="72,74,75,88,89,100,101,102" m="43081,51273" machi="102" ten="40,16000,3" yaku="28,2,20,1,15,1,11,1,34,2,54,1" doraHai="36" who="1" fromWho="0" sc="165,-160,616,160,269,0,0,0" /><INIT seed="5,0,0,0,4,86" ten="5,776,269,0" oya="1" hai0="125,78,3,102,56,112,90,62,44,93,134,104,66" hai1="65,129,88,122,52,117,127,131,103,33,36,41,113" hai2="54,84,114,99,82,59,96,107,51,108,83,1,128" hai3=""/><U42/><N who="1" m="31264" /><U68/><E117/><V50/><F108/><T2/><D112/><U101/><E33/><V79/><F1/><T47/><D125/><U130/><E113/><V95/><F114/><T120/><N who="0" m="30752" /><T111/><D111/><U38/><E127/><V105/><F128/><T45/><D78/><U37/><E52/><V126/><F126/><T124/><D124/><U133/><E133/><V119/><F119/><T70/><D134/><U67/><E88/><V40/><F40/><N who="1" m="15465" /><E68/><V0/><F0/><T106/><D102/><AGARI ba="0,0" hai="36,37,38,65,67,101,102,103,129,130,131" m="15465,31264" machi="102" ten="40,12000,1" yaku="28,2,19,1,52,1" doraHai="86" who="1" fromWho="0" sc="5,-120,776,120,269,0,0,0" owari="-115,-72.0,896,85.0,269,-13.0,0,0.0" /></mjloggm>