<mjloggm ver="2.3"><GO type="185" lobby="0"/><UN n0="%E5%A4%9A%E6%9E%97%E6%99%8B" n1="%E3%81%82%E3%81%B9%E3%81%97%E3%81%A3%E3%81%A3" n2="%63%61%6C%63%2E" n3="" dan="16,16,19,0" rate="2197.57,2238.27,2354.69,1500.00" sx="M,M,M,C"/><TAIKYOKU oya="0"/><INIT seed="0,0,0,4,5,56" ten="350,350,350,0" oya="0" hai0="59,58,102,88,95,33,105,94,40,132,69,133,114" hai1="101,32,100,42,35,106,70,109,47,90,68,81,118" hai2="119,84,63,62,92,78,122,127,80,117,93,79,87" hai3=""/><T82/><D33/><U91/><E118/><V55/><N who="2" m="31264" /><V104/><F104/><T96/><D114/><U130/><E109/><V71/><F55/><T57/><D69/><U1/><E81/><V39/><F39/><T121/><N who="0" m="31008" /><T72/><D40/><U36/><E130/><V74/><F80/><T110/><D110/><U48/><E36/><V51/><F51/><T44/><D44/><U99/><E100/><V85/><F85/><T43/><D43/><U73/><E73/><V64/><F64/><T98/><REACH who="0" step="1"/><D105/><REACH who="0" ten="340,350,350,0" step="2"/><U89/><E70/><V125/><F71/><T37/><D37/><U103/><E68/><V52/><F52/><T60/><D60/><U97/><E1/><V128/><F128/><T129/><D129/><U135/><E32/><V66/><F66/><T107/><D107/><U34/><E35/><V46/><F46/><T126/><D126/><U75/><E34/><V134/><F63/><T131/><D131/><U2/><E2/><V124/><F62/><T54/><D54/><U41/><E41/><V65/><F65/><T86/><D86/><U38/><E38/><V0/><F0/><T67/><D67/><U83/><E106/><V120/><F125/><T3/><D3/><U49/><E42/><RYUUKYOKU ba="0,1" sc="340,20,350,-10,350,-10,0,0" hai0="57,58,59,72,82,88,94,95,96,98,102,132,133" /><INIT seed="0,1,1,0,3,103" ten="360,340,340,0" oya="0" hai0="65,86,77,94,97,100,123,0,45,101,43,57,95" hai1="54,121,72,112,108,67,52,132,107,64,119,113,55" hai2="34,129,75,118,110,126,98,38,115,61,32,51,62" hai3=""/><T106/><N who="0" m="31520" /><T40/><D0/><U116/><N who="1" m="31008" /><U60/><E72/><V73/><F51/><T46/><D65/><N who="1" m="25163" /><E107/><V42/><F42/><T125/><D57/><U99/><E99/><V84/><F84/><T79/><D125/><U91/><E91/><V76/><F98/><T80/><D79/><U66/><E108/><V74/><F75/><T131/><D131/><U35/><E132/><V88/><F76/><T82/><D82/><U104/><E104/><V133/><F88/><T102/><D106/><U93/><E93/><N who="0" m="35337" /><D97/><U36/><E36/><V120/><F73/><T117/><D117/><N who="1" m="45131" /><E35/><V85/><F85/><T37/><D37/><U58/><AGARI ba="1,1" hai="52,54,55,58,60,66,112,113" m="45131,25163,31008" machi="58" ten="40,6000,1" yaku="34,2,52,1,54,1" doraHai="103" who="1" fromWho="1" sc="360,-41,340,72,340,-21,0,0" /><INIT seed="1,0,0,3,2,97" ten="319,412,319,0" oya="1" hai0="48,125,116,47,41,85,127,133,89,100,34,3,108" hai1="120,98,118,115,38,46,113,91,67,32,88,94,44" hai2="35,124,104,130,62,77,81,96,72,53,1,103,93" hai3=""/><U106/><N who="1" m="30752" /><U105/><E32/><V126/><F35/><T52/><D34/><U122/><N who="1" m="31264" /><U119/><E67/><V51/><F1/><T78/><D3/><U61/><E61/><V54/><F130/><T43/><D108/><U111/><E38/><V73/><F73/><T82/><D116/><N who="1" m="44587" /><E44/><V57/><REACH who="2" step="1"/><F104/><REACH who="2" ten="319,412,309,0" step="2"/><N who="1" m="40041" /><E111/><V76/><F76/><T42/><D133/><U49/><E49/><V83/><F83/><T90/><D127/><U69/><E69/><V66/><F66/><T132/><D125/><U79/><E79/><V128/><F128/><T70/><D132/><U114/><E46/><AGARI ba="0,1" hai="46,51,53,54,57,62,72,77,81,93,96,103,124,126" machi="46" ten="40,2600,0" yaku="1,1,52,1,53,0" doraHai="97" doraHaiUra="123" who="2" fromWho="1" sc="319,0,412,-26,309,36,0,0" /><INIT seed="2,0,0,4,1,89" ten="319,386,345,0" oya="2" hai0="84,133,41,56,86,97,1,104,119,129,130,93,60" hai1="61,63,70,76,45,36,38,62,52,124,88,111,54" hai2="3,95,44,118,83,90,110,35,122,128,107,106,100" hai3=""/><V55/><N who="2" m="31264" /><V67/><F35/><T115/><D1/><U87/><E111/><V49/><F3/><T68/><D104/><U53/><E124/><V77/><F118/><T73/><D73/><U127/><E127/><V71/><F110/><T131/><D119/><U40/><E76/><V92/><F128/><T96/><D68/><U126/><E126/><V125/><F125/><T123/><N who="0" m="31520" /><T32/><D32/><U85/><E85/><V109/><F109/><T99/><D115/><U121/><N who="1" m="31008" /><U80/><REACH who="1" step="1"/><E36/><REACH who="1" ten="319,376,345,0" step="2"/><V74/><F100/><T102/><D86/><U47/><E47/><V66/><F90/><T58/><D131/><U51/><E51/><V78/><F49/><T134/><D102/><U57/><E57/><V48/><F77/><T50/><D130/><U43/><E43/><V120/><N who="2" m="30752" /><V94/><REACH who="2" step="1"/><F71/><AGARI ba="0,1" hai="38,40,45,52,53,54,61,62,63,70,71,80,87,88" m="31008" machi="71" ten="40,8000,1" yaku="1,1,52,1,54,2,53,1" doraHai="89" doraHaiUra="82" who="1" fromWho="2" sc="319,0,376,90,345,-80,0,0" /><INIT seed="4,0,0,2,2,103" ten="319,466,265,0" oya="0" hai0="33,105,108,130,60,49,38,59,125,82,0,47,90" hai1="2,37,3,32,36,70,41,96,85,107,112,71,99" hai2="61,94,111,39,58,115,84,118,75,114,83,128,87" hai3=""/><T110/><D0/><U98/><E32/><V64/><F111/><N who="0" m="42538" /><D33/><U66/><E41/><V101/><F128/><T51/><D130/><U80/><E66/><V56/><F39/><T69/><D69/><U124/><E99/><V77/><F118/><T121/><N who="0" m="31008" /><T91/><D125/><U120/><N who="1" m="30752" /><U93/><E124/><V45/><F45/><T73/><D105/><U135/><E107/><V34/><F34/><T74/><D38/><U44/><E70/><V117/><F117/><T78/><D74/><U35/><E71/><V92/><F101/><T102/><D102/><U43/><E35/><V106/><F106/><T65/><D51/><U1/><E37/><V63/><F75/><T42/><AGARI ba="0,0" hai="42,47,49,59,60,65,73,78,82,90,91" m="31008,42538" machi="42" ten="30,2000,0" yaku="10,1,52,1" doraHai="103" who="0" fromWho="0" sc="319,20,466,-10,265,-10,0,0" /><INIT seed="4,1,0,3,2,91" ten="339,456,255,0" oya="0" hai0="132,113,93,104,83,37,40,46,35,45,120,3,131" hai1="90,126,71,56,76,58,85,124,92,33,57,135,108" hai2="82,102,53,117,79,103,59,114,133,52,129,78,107" hai3=""/><T116/><N who="0" m="30752" /><T1/><D35/><U89/><E33/><V38/><F114/><T127/><D116/><U115/><E108/><V60/><F117/><T69/><D104/><U63/><E115/><V118/><F118/><T64/><D113/><U87/><E76/><V42/><F129/><T2/><D131/><U70/><E135/><V121/><N who="2" m="31008" /><V51/><F78/><T128/><D128/><U94/><REACH who="1" step="1"/><E63/><REACH who="1" ten="339,446,255,0" step="2"/><V65/><F133/><T66/><D132/><U96/><E96/><V84/><F107/><T67/><D1/><U77/><E77/><V39/><F53/><T105/><D2/><U80/><E80/><V106/><F106/><T110/><D105/><U112/><E112/><V48/><F42/><T97/><D110/><U0/><E0/><V73/><F73/><T50/><D3/><U130/><E130/><V34/><F34/><T49/><D83/><U68/><AGARI ba="1,1" hai="56,57,58,68,70,71,85,87,89,90,92,94,124,126" machi="68" ten="40,6000,1" yaku="1,1,0,1,9,1,52,2,53,0" doraHai="91" doraHaiUra="36" who="1" fromWho="1" sc="339,-41,446,72,255,-21,0,0" /><INIT seed="5,0,0,0,3,83" ten="298,518,234,0" oya="1" hai0="110,0,54,86,118,33,100,32,95,66,102,39,72" hai1="51,74,124,130,52,82,71,127,35,42,97,87,114" hai2="98,3,58,43,77,125,57,73,47,116,63,117,99" hai3=""/><U122/><N who="1" m="31264" /><U101/><E35/><V133/><F3/><T70/><D0/><U46/><E71/><V103/><F125/><N who="1" m="48201" /><E74/><V40/><F133/><T68/><D72/><U75/><E75/><V111/><F73/><T84/><D110/><U106/><E114/><V65/><F77/><T61/><D118/><U41/><E130/><V50/><F111/><T128/><D128/><U80/><E80/><V108/><F108/><T56/><D39/><U88/><AGARI ba="0,0" hai="41,42,46,51,52,82,87,88,97,101,106" m="48201,31264" machi="88" ten="30,8000,1" yaku="18,1,52,2,54,2" doraHai="83" who="1" fromWho="1" sc="298,-40,518,80,234,-40,0,0" /><INIT seed="5,1,0,4,1,0" ten="258,598,194,0" oya="1" hai0="129,34,51,120,98,102,117,79,39,111,80,135,99" hai1="105,47,88,48,81,86,134,33,124,64,44,77,103" hai2="55,110,94,42,114,54,2,125,36,45,57,69,116" hai3=""/><U74/><E124/><V85/><F2/><T90/><N who="0" m="30752" /><T56/><D39/><U119/><E119/><V38/><F116/><T128/><D117/><U32/><E134/><V75/><F110/><T67/><D135/><U109/><E64/><V93/><F69/><T89/><D111/><U107/><E47/><V95/><F75/><T123/><N who="0" m="31520" /><T108/><D108/><U83/><E109/><V82/><F125/><T62/><D34/><U70/><E70/><V96/><F114/><T3/><D3/><U72/><E72/><V104/><F36/><T91/><D51/><U61/><E61/><V127/><F127/><T101/><D102/><U41/><REACH who="1" step="1"/><E103/><REACH who="1" ten="258,588,194,0" step="2"/><V37/><F57/><T126/><D126/><U59/><E59/><V46/><F46/><T35/><D101/><U78/><E78/><V130/><F45/><T121/><N who="0" m="31008" /><T106/><D79/><U52/><E52/><V84/><F54/><T100/><D67/><U92/><E92/><V58/><F94/><T71/><D56/><U76/><E76/><V50/><F58/><T87/><D71/><U65/><E65/><V113/><F55/><T53/><D62/><U63/><E63/><V66/><F66/><T115/><D53/><U60/><E60/><RYUUKYOKU ba="1,1" sc="258,-10,588,20,194,-10,0,0" hai1="32,33,41,44,48,74,77,81,83,86,88,105,107" /><INIT seed="5,2,1,0,2,61" ten="248,608,184,0" oya="1" hai0="131,53,42,36,129,41,45,133,127,108,123,55,88" hai1="3,111,135,77,82,116,124,73,86,100,48,84,76" hai2="118,60,115,103,64,78,95,49,112,65,74,44,132" hai3=""/><U106/><E3/><V70/><F118/><T33/><N who="0" m="31520" /><T67/><D33/><U107/><E116/><V40/><F132/><T102/><D108/><U87/><E48/><V89/><F103/><T117/><D133/><U91/><E135/><V66/><F78/><T97/><D117/><U54/><E54/><V101/><F101/><T0/><D42/><U39/><E39/><V62/><F74/><T63/><D0/><U99/><E124/><V43/><F40/><T68/><D127/><U80/><E111/><V72/><F72/><T51/><D88/><U92/><E107/><V93/><F93/><T85/><D85/><AGARI ba="2,1" hai="73,76,77,80,82,84,85,86,87,91,92,99,100,106" machi="85" ten="30,24000,3" yaku="7,1,24,2,35,6" doraHai="61" who="1" fromWho="0" sc="248,-244,608,254,184,0,0,0" /><INIT seed="5,3,0,1,4,85" ten="4,862,184,0" oya="1" hai0="55,110,78,41,61,100,127,135,99,36,67,108,33" hai1="79,83,112,74,96,75,46,32,111,53,68,104,88" hai2="45,34,103,58,102,134,35,122,71,49,65,82,101" hai3=""/><U44/><E32/><V60/><N who="2" m="31264" /><V59/><F134/><T77/><D33/><U52/><E68/><V114/><F35/><T117/><D117/><U50/><E112/><V66/><F34/><T105/><D135/><U109/><E75/><V72/><F114/><T97/><D127/><U84/><E96/><V54/><F72/><T0/><D0/><U70/><E70/><V3/><F3/><T37/><D55/><U43/><E104/><V87/><REACH who="2" step="1"/><F66/><REACH who="2" ten="4,862,174,0" step="2"/><T120/><N who="0" m="30752" /><T76/><D99/><U93/><REACH who="1" step="1"/><E53/><REACH who="1" ten="4,852,174,0" step="2"/><V47/><F47/><T64/><D64/><U42/><E42/><V80/><F80/><T1/><D1/><U126/><E126/><V132/><F132/><T130/><D41/><U98/><E98/><V131/><F131/><T116/><D130/><U90/><E90/><AGARI ba="3,2" hai="45,49,54,58,59,60,65,71,82,87,90,101,102,103" m="31264" machi="90" ten="40,5200,0" yaku="1,1,52,2,53,0" doraHai="85" doraHaiUra="125" who="2" fromWho="1" sc="4,0,852,-58,174,78,0,0" /><INIT seed="6,0,0,3,3,133" ten="4,794,252,0" oya="2" hai0="53,61,124,56,44,126,93,83,82,109,92,106,114" hai1="68,48,89,54,32,135,1,51,100,71,121,80,95" hai2="113,94,99,37,59,67,49,117,40,96,52,107,39" hai3=""/><V120/><N who="2" m="30752" /><V125/><F117/><T105/><D44/><U118/><E51/><V69/><F125/><T72/><D53/><U101/><E80/><V74/><F74/><T63/><D56/><U33/><E54/><V115/><F107/><T129/><D61/><U134/><E48/><V123/><N who="2" m="31520" /><V132/><F132/><T66/><D63/><U119/><E1/><V35/><F35/><T38/><D38/><U81/><E121/><V88/><F96/><T97/><D66/><U41/><E119/><V3/><F3/><T90/><D109/><U46/><E46/><V130/><F130/><T45/><D45/><U87/><E41/><V103/><F39/><T65/><D65/><U77/><E118/><V91/><F37/><T43/><D43/><U110/><E110/><V78/><F40/><T34/><D34/><U85/><E32/><V127/><F69/><T58/><D58/><U60/><E33/><V104/><F67/><T111/><D111/><U55/><E68/><V36/><F36/><T50/><D50/><U79/><E71/><V62/><F62/><T84/><D129/><U0/><E60/><V122/><F49/><T131/><D131/><U73/><E0/><V76/><F59/><T2/><D2/><RYUUKYOKU ba="0,0" sc="4,0,794,0,252,0,0,0" owari="4,-60.0,794,75.0,252,-15.0,0,0.0" /></mjloggm>