<mjloggm ver="2.3"><GO type="185" lobby="0"/><UN n0="%68%69%72%6F%6E%6E%32%30" n1="%E3%81%82%E3%81%9F%E3%82%89%E3%81%AA%E3%81%84%E3%81%A7%EF%BC%81" n2="%E9%95%B7%E5%85%89%E9%BA%BB%E5%A4%9C" n3="" dan="17,17,16,0" rate="2222.07,2214.28,2242.73,1500.00" sx="M,M,M,C"/><TAIKYOKU oya="0"/><INIT seed="0,0,0,0,0,79" ten="350,350,350,0" oya="0" hai0="52,87,34,70,130,59,133,88,60,65,125,84,122" hai1="113,116,126,33,44,54,123,32,92,91,96,64,77" hai2="50,48,43,127,132,55,58,109,69,37,114,71,82" hai3=""/><T115/><N who="0" m="31264" /><T81/><D34/><U66/><N who="1" m="31520" /><U63/><E116/><V76/><F114/><T45/><D115/><U89/><E113/><V49/><F132/><T94/><D133/><U78/><E126/><V35/><F35/><T97/><D125/><U95/><E32/><V67/><F127/><T39/><D130/><U101/><E33/><V117/><F117/><T3/><D3/><U107/><E107/><V99/><F99/><T105/><D105/><U106/><E106/><V118/><F118/><T56/><D56/><U131/><E131/><V62/><F109/><T93/><D87/><U83/><E101/><V121/><N who="2" m="31008" /><V57/><F82/><T100/><D39/><U128/><E128/><V68/><F76/><T111/><D111/><U36/><E36/><V98/><F98/><T38/><D38/><U134/><E134/><V40/><F37/><T129/><D129/><U90/><E77/><V108/><F108/><T41/><D41/><AGARI ba="0,0" hai="40,41,43,48,49,50,55,57,58,62,67,68,69,71" m="31008" machi="41" ten="40,12000,2" yaku="35,6,52,1" doraHai="79" who="2" fromWho="0" sc="350,-120,350,0,350,120,0,0" /><INIT seed="1,0,0,3,4,131" ten="230,350,470,0" oya="1" hai0="105,103,121,109,101,97,44,78,32,117,53,112,50" hai1="63,107,47,34,135,39,99,83,114,67,76,51,81" hai2="113,116,123,54,90,59,100,77,58,36,111,129,48" hai3=""/><U70/><E34/><V92/><N who="2" m="31520" /><V110/><F116/><T0/><N who="0" m="31008" /><T88/><D0/><U122/><N who="1" m="31264" /><U60/><E114/><V85/><F36/><T37/><D32/><U86/><E39/><V2/><F2/><T130/><D109/><N who="2" m="41482" /><F129/><T126/><D112/><U124/><E124/><V73/><F113/><T38/><D117/><U98/><E107/><V40/><F40/><T3/><D126/><U133/><E63/><V75/><F100/><T42/><D130/><U1/><E83/><V84/><F59/><T89/><D3/><U43/><REACH who="1" step="1"/><E1/><REACH who="1" ten="230,340,470,0" step="2"/><V55/><F55/><T49/><D37/><U62/><E62/><V93/><F93/><T106/><D38/><U45/><E45/><V61/><F61/><T46/><D78/><U66/><E66/><V119/><F119/><T87/><D87/><U115/><E115/><V96/><F85/><T127/><D127/><U94/><E94/><V95/><F92/><T132/><D132/><AGARI ba="0,1" hai="43,47,51,60,67,70,76,81,86,98,99,132,133,135" m="31264" machi="132" ten="40,18000,2" yaku="1,1,20,1,52,4,53,1" doraHai="131" doraHaiUra="57" who="1" fromWho="0" sc="230,-180,340,190,470,0,0,0" /><INIT seed="1,1,0,5,2,61" ten="50,530,470,0" oya="1" hai0="63,70,107,134,56,121,93,111,116,119,91,73,135" hai1="98,1,90,103,108,34,43,131,122,97,54,88,71" hai2="124,125,60,120,2,46,65,99,45,68,33,117,3" hai3=""/><U92/><N who="1" m="31264" /><U102/><E1/><V127/><N who="2" m="30752" /><V84/><F33/><T40/><N who="0" m="31008" /><T58/><D107/><U123/><N who="1" m="31520" /><U52/><E34/><V74/><F74/><T105/><D105/><U36/><E131/><V95/><F84/><T109/><D73/><U55/><E71/><V44/><REACH who="2" step="1"/><F117/><REACH who="2" ten="50,530,460,0" step="2"/><N who="0" m="45130" /><D40/><U47/><REACH who="1" step="1"/><E108/><REACH who="1" ten="50,520,460,0" step="2"/><N who="0" m="41545" /><D70/><U75/><E75/><V41/><F41/><T100/><D100/><AGARI ba="1,2" hai="2,3,44,45,46,60,65,68,95,99,100,124,125,127" m="30752" machi="100" ten="50,12000,2" yaku="1,1,18,1,52,2,53,2" doraHai="61" doraHaiUra="32" who="2" fromWho="0" sc="50,-122,520,0,460,142,0,0" owari="-72,-67.0,520,12.0,602,55.0,0,0.0" /></mjloggm>