<mjloggm ver="2.3"><GO type="169" lobby="0"/><UN n0="%E8%8B%A5%E5%AE%AE%E6%98%8E%E6%97%A5%E9%A6%99" n1="%73%75%7A%75%6D%65%E3%81%AE%E6%B6%99" n2="%E5%86%AC%E9%A6%AC%E6%98%A5%E5%B8%8C" n3="%E4%B9%BE%E5%9D%A4%E5%8D%81%E4%BA%94%E6%93%B2" dan="17,16,16,16" rate="2199.27,2047.76,2094.87,2134.33" sx="F,M,M,M"/><TAIKYOKU oya="0"/><INIT seed="0,0,0,4,1,117" ten="250,250,250,250" oya="0" hai0="116,75,85,69,134,43,65,135,68,36,128,51,33" hai1="124,19,133,35,103,76,115,79,41,77,101,108,78" hai2="107,126,99,90,31,2,48,17,66,73,104,46,89" hai3="123,72,29,131,18,21,7,111,56,94,82,54,3"/><T118/><D75/><U71/><E71/><N who="0" m="27209" /><D85/><U25/><E41/><V40/><F66/><W96/><G111/><T61/><D33/><U9/><E108/><V44/><F126/><W11/><G131/><T81/><D81/><U22/><E124/><V30/><F48/><W32/><G82/><T120/><D128/><U57/><E133/><N who="0" m="50697" /><D51/><U49/><E115/><V45/><F2/><W70/><G72/><T121/><D61/><U112/><E112/><V42/><F73/><W105/><G70/><T106/><D65/><U97/><E35/><V130/><F130/><W5/><G105/><T1/><D1/><U129/><E129/><V114/><F114/><W74/><G74/><T13/><D13/><U60/><E49/><V67/><F67/><W55/><G7/><T4/><D4/><U58/><E79/><V83/><F83/><W125/><G125/><T52/><D52/><U100/><E60/><V12/><F12/><W53/><G32/><T102/><D102/><U64/><E64/><V109/><F109/><W10/><G55/><T20/><D20/><U87/><E87/><V34/><F34/><W50/><G54/><T110/><D106/><U28/><E97/><V8/><F99/><W132/><G132/><T14/><D14/><AGARI ba="0,0" hai="9,14,19,22,25,28,57,58,76,77,78,100,101,103" machi="14" ten="40,1300,0" yaku="8,1" doraHai="117" who="1" fromWho="0" sc="250,-13,250,13,250,0,250,0" /><INIT seed="1,0,0,2,3,119" ten="237,263,250,250" oya="1" hai0="68,80,96,12,22,66,59,124,105,3,62,78,56" hai1="30,88,55,35,7,50,118,91,115,13,101,11,8" hai2="107,76,126,64,125,73,58,43,135,98,10,21,4" hai3="48,103,86,84,108,104,9,116,122,74,57,75,34"/><U97/><E115/><V127/><F135/><W42/><G34/><T134/><D3/><U15/><E118/><V19/><F43/><W77/><G116/><T18/><D134/><U132/><E132/><V16/><F73/><W2/><G108/><T38/><D38/><U6/><E30/><V82/><F107/><W72/><G2/><T40/><D40/><U69/><E69/><V129/><F98/><N who="3" m="61559" /><G57/><T44/><D44/><U29/><E29/><V51/><F129/><W95/><G48/><T36/><D36/><U121/><E121/><V90/><F76/><W32/><G9/><T102/><REACH who="0" step="1"/><D124/><REACH who="0" ten="227,263,250,250" step="2"/><U20/><E35/><V23/><F126/><W24/><G42/><T87/><AGARI ba="0,1" hai="12,18,22,56,59,62,66,68,78,80,87,96,102,105" machi="87" ten="20,8000,1" yaku="1,1,2,1,0,1,7,1,53,1" doraHai="119" doraHaiUra="17" who="0" fromWho="0" sc="227,90,263,-40,250,-20,250,-20" /><INIT seed="2,0,0,4,5,120" ten="317,223,230,230" oya="2" hai0="34,60,30,27,91,102,7,6,10,105,109,49,119" hai1="17,134,50,24,3,103,129,130,59,18,26,0,131" hai2="14,117,48,70,113,115,41,76,86,80,110,87,135" hai3="90,53,32,47,68,61,128,65,37,40,51,22,35"/><V101/><F70/><W39/><G128/><T25/><D25/><N who="1" m="9835" /><E103/><V78/><F117/><W42/><G22/><T2/><D6/><U74/><E74/><V21/><F135/><W38/><G90/><T54/><D119/><U12/><E59/><V89/><F101/><W52/><G35/><T88/><D60/><U82/><E82/><V106/><F106/><W84/><G84/><T98/><REACH who="0" step="1"/><D109/><REACH who="0" ten="307,223,230,230" step="2"/><U116/><E116/><V71/><F110/><W107/><G107/><T125/><D125/><U13/><E134/><V95/><F71/><W118/><G118/><T66/><D66/><U20/><E50/><V64/><F64/><W36/><G32/><T123/><D123/><U15/><E20/><V124/><F124/><W11/><G11/><T100/><D100/><U114/><E114/><V57/><F115/><W46/><AGARI ba="0,1" hai="36,37,38,39,40,42,46,47,51,52,53,61,65,68" machi="46" ten="40,16000,3" yaku="0,1,35,6,54,1" doraHai="120" who="3" fromWho="3" sc="307,-40,223,-40,230,-80,230,170" /><INIT seed="3,0,0,2,2,20" ten="267,183,150,400" oya="3" hai0="74,87,105,36,101,4,107,131,37,77,10,111,7" hai1="44,50,115,75,42,73,104,90,117,119,81,17,31" hai2="61,47,62,121,46,106,45,116,18,23,24,67,109" hai3="88,95,66,27,35,68,52,129,94,103,76,63,39"/><W135/><G76/><T70/><D87/><U60/><E115/><V34/><F116/><N who="1" m="44617" /><E104/><V58/><F109/><W56/><G39/><T82/><D111/><U33/><E17/><V85/><F106/><W112/><G112/><T132/><D4/><U91/><E60/><V79/><F34/><W102/><G135/><T124/><D107/><U96/><E96/><V2/><F2/><W43/><G43/><T133/><D124/><U71/><E71/><V110/><F110/><W130/><G95/><T32/><D70/><U1/><E1/><V16/><F121/><W9/><G9/><T51/><D132/><U57/><E57/><V89/><F61/><W118/><G118/><T3/><D133/><U125/><E125/><V19/><REACH who="2" step="1"/><F79/><REACH who="2" ten="267,183,140,400" step="2"/><W93/><G130/><T53/><D131/><U55/><E33/><V8/><F8/><W134/><G129/><T127/><D32/><U86/><E91/><V65/><F65/><W40/><G134/><T28/><D127/><U6/><E90/><V54/><F54/><W29/><G88/><T78/><D78/><U13/><E55/><V80/><AGARI ba="0,1" hai="16,18,19,23,24,45,46,47,58,62,67,80,85,89" machi="80" ten="30,8000,1" yaku="1,1,0,1,8,1,52,1,54,1,53,0" doraHai="20" doraHaiUra="0" who="2" fromWho="2" sc="267,-20,183,-20,140,90,400,-40" /><INIT seed="4,0,0,2,3,81" ten="247,163,230,360" oya="0" hai0="4,38,84,6,41,31,110,11,76,62,43,70,0" hai1="120,71,80,113,107,1,13,130,95,69,77,49,90" hai2="48,133,91,125,5,17,106,50,35,68,29,128,72" hai3="20,28,135,34,124,118,44,74,92,82,40,61,30"/><T18/><D6/><U78/><E120/><V116/><F5/><W53/><G118/><T3/><D3/><U105/><E1/><V36/><F17/><W9/><G124/><T132/><D31/><U21/><E130/><V127/><F91/><W86/><G135/><T10/><D132/><U55/><E113/><V134/><F29/><W24/><G74/><T32/><D32/><U64/><E64/><V119/><F106/><W121/><G121/><T131/><D131/><U12/><E107/><V56/><F72/><W97/><G9/><T42/><D38/><U104/><E104/><V112/><F35/><W111/><G111/><T54/><D110/><U2/><E2/><V122/><F56/><W114/><G114/><T88/><D76/><U51/><E105/><V15/><F15/><W87/><G34/><T129/><D129/><U60/><E60/><V73/><F73/><W67/><G82/><T58/><D70/><U16/><E12/><V7/><F7/><W101/><G30/><T65/><D11/><U59/><E49/><V79/><F79/><W75/><G75/><T117/><D117/><U63/><E63/><V115/><F128/><W33/><G33/><T39/><D18/><U25/><E25/><V66/><F66/><W93/><G67/><T37/><REACH who="0" step="1"/><D65/><REACH who="0" ten="237,163,230,360" step="2"/><U100/><E71/><V14/><F68/><W94/><G28/><T126/><D126/><U83/><E69/><V96/><F36/><W23/><G23/><T26/><D26/><U52/><E77/><V27/><F27/><W47/><G24/><T22/><D22/><U99/><E78/><RYUUKYOKU ba="0,1" sc="237,30,163,-10,230,-10,360,-10" hai0="0,4,10,37,39,41,42,43,54,58,62,84,88" /><INIT seed="4,1,1,0,0,83" ten="267,153,220,350" oya="0" hai0="123,50,108,39,122,58,15,89,97,99,52,102,65" hai1="57,43,125,25,9,75,74,62,51,79,60,76,53" hai2="87,55,109,104,126,42,38,56,112,91,48,11,35" hai3="24,95,67,40,16,61,113,2,0,31,85,64,73"/><T44/><D108/><U107/><E107/><V88/><F35/><W20/><G73/><T93/><D15/><U10/><E125/><V116/><F104/><W19/><G113/><T6/><D6/><U70/><E25/><V110/><F91/><W45/><G2/><T32/><D32/><U23/><E23/><V66/><F112/><W133/><G133/><T30/><D30/><U111/><E111/><V3/><F126/><W103/><G0/><T105/><REACH who="0" step="1"/><D65/><REACH who="0" ten="257,153,220,350" step="2"/><U84/><E9/><V78/><F66/><W46/><G67/><T96/><D96/><U106/><E10/><V37/><F11/><W130/><G31/><T132/><D132/><U128/><E128/><V18/><F3/><W4/><G130/><T36/><D36/><U135/><E135/><V27/><F38/><W12/><G4/><T54/><D54/><U28/><E28/><V127/><F127/><W101/><G64/><T1/><D1/><U92/><E53/><V86/><F37/><W81/><G12/><T80/><D80/><U17/><E17/><V115/><F115/><W82/><G19/><T131/><D131/><U118/><E118/><V120/><F116/><W129/><G129/><T119/><D119/><U14/><E14/><V63/><F18/><W134/><G134/><T26/><D26/><U98/><E98/><V7/><F27/><W13/><G24/><T71/><D71/><U34/><E70/><V77/><F7/><W114/><G114/><T29/><D29/><U33/><E33/><V94/><F110/><W121/><G13/><T5/><D5/><U41/><E34/><RYUUKYOKU ba="1,2" sc="257,30,153,-10,220,-10,350,-10" hai0="39,44,50,52,58,89,93,97,99,102,105,122,123" /><INIT seed="4,2,2,2,5,111" ten="287,143,210,340" oya="0" hai0="76,81,116,103,126,127,21,135,115,38,72,108,100" hai1="129,14,46,5,30,58,96,63,105,87,60,26,117" hai2="56,18,25,123,92,134,4,17,98,122,11,114,53" hai3="33,121,104,7,70,52,34,2,9,102,6,42,82"/><T109/><D38/><U16/><E117/><V107/><F107/><W62/><G121/><T40/><D40/><U22/><E129/><V59/><F134/><W77/><G52/><T65/><D65/><U91/><E5/><V67/><F67/><N who="3" m="41335" /><G42/><T73/><D116/><U95/><E46/><V23/><F17/><W75/><G7/><T78/><D21/><U41/><E41/><V10/><F114/><W132/><G132/><T51/><D51/><U120/><E120/><V97/><F59/><W71/><G71/><T28/><D28/><U89/><E58/><V37/><F37/><W90/><G90/><T85/><D135/><U35/><REACH who="1" step="1"/><E105/><REACH who="1" ten="287,133,210,340" step="2"/><V86/><F4/><W32/><G104/><T112/><D81/><AGARI ba="2,3" hai="14,16,22,26,30,35,60,63,81,87,89,91,95,96" machi="81" ten="30,7700,0" yaku="1,1,2,1,7,1,54,1,53,0" doraHai="111" doraHaiUra="119" who="1" fromWho="0" sc="287,-83,133,113,210,0,340,0" /><INIT seed="5,0,0,0,2,131" ten="204,246,210,340" oya="1" hai0="19,51,118,92,18,29,113,44,73,17,66,38,48" hai1="22,8,83,23,132,58,93,10,109,112,15,133,82" hai2="25,0,91,6,135,24,14,84,47,32,41,98,100" hai3="35,57,106,128,103,88,68,27,110,125,126,104,81"/><U37/><E37/><V114/><F0/><W33/><G110/><T105/><D118/><U63/><E112/><V111/><F111/><W45/><G68/><T54/><D105/><N who="3" m="40553" /><G103/><T26/><D73/><U115/><E115/><V79/><F32/><W87/><G128/><T61/><D113/><U94/><E109/><V71/><F71/><W97/><G97/><T60/><D38/><U36/><E36/><V52/><F41/><W74/><G45/><T7/><D7/><U124/><E124/><N who="3" m="47722" /><G74/><T95/><D51/><U120/><E120/><V75/><F100/><W72/><G72/><T78/><D78/><U123/><E123/><V70/><F70/><W43/><G43/><T129/><D129/><U20/><E58/><V11/><F98/><W80/><G80/><N who="1" m="30762" /><E63/><N who="0" m="24137" /><D66/><U28/><E28/><V86/><F75/><W2/><G57/><T21/><AGARI ba="0,0" hai="17,18,19,21,26,29,44,48,54,92,95" m="24137" machi="21" ten="30,1100,0" yaku="8,1" doraHai="131" who="0" fromWho="0" sc="204,11,246,-5,210,-3,340,-3" /><INIT seed="6,0,0,2,0,18" ten="215,241,207,337" oya="2" hai0="122,111,133,0,113,12,69,14,134,42,82,68,46" hai1="132,61,101,38,54,127,89,124,95,99,116,85,110" hai2="1,57,35,53,74,72,120,98,97,130,32,105,103" hai3="93,118,75,23,27,66,91,17,100,55,102,33,50"/><V7/><F120/><W123/><G118/><T8/><D111/><U31/><E132/><N who="0" m="50793" /><D122/><U108/><E38/><V119/><F119/><W43/><G75/><T92/><D92/><U2/><E2/><V16/><F130/><W20/><G33/><T96/><D96/><U36/><E36/><V70/><F70/><N who="0" m="27242" /><D82/><U30/><E116/><V128/><F128/><W135/><G135/><T88/><D113/><U15/><E15/><N who="0" m="5673" /><D0/><U83/><E61/><V125/><F98/><W121/><G121/><T106/><D8/><U71/><E71/><V9/><F125/><N who="1" m="48201" /><E54/><V90/><F90/><W11/><G123/><T77/><D77/><U60/><E60/><V13/><F74/><W104/><G11/><T56/><D56/><U49/><E49/><V25/><F72/><W117/><G117/><T87/><D106/><U73/><E30/><V21/><REACH who="2" step="1"/><F1/><REACH who="2" ten="215,241,197,337" step="2"/><W80/><G102/><T81/><D42/><U64/><E73/><V5/><F5/><W41/><G41/><T86/><D86/><U39/><E85/><V45/><F45/><AGARI ba="0,1" hai="45,46,81,87,88" m="5673,27242,50793" machi="45" ten="40,2600,0" yaku="20,1,54,1" doraHai="18" who="0" fromWho="2" sc="215,36,241,0,197,-26,337,0" /><INIT seed="7,0,0,4,3,15" ten="251,241,171,337" oya="3" hai0="92,12,73,63,88,75,83,49,112,65,107,9,16" hai1="78,54,119,40,103,70,91,13,85,99,66,17,120" hai2="26,106,68,51,90,97,81,27,6,72,14,86,89" hai3="36,87,77,3,29,38,104,128,60,32,109,4,126"/><W55/><G104/><T0/><D107/><U110/><E110/><V118/><F118/><W53/><G32/><T124/><D0/><U101/><E120/><V52/><F68/><W80/><G29/><T76/><D124/><U122/><E122/><V19/><F6/><W30/><G30/><T33/><D33/><U134/><E40/><V50/><F72/><W113/><G4/><T135/><D135/><U41/><E41/><V84/><F50/><W116/><G3/><T108/><D108/><U25/><E25/><V115/><F115/><W82/><G113/><T10/><D49/><U44/><E66/><V8/><F97/><W39/><G109/><T123/><D75/><U95/><E70/><V132/><F106/><W20/><G128/><T5/><D112/><U59/><E44/><N who="2" m="27751" /><F132/><W31/><G126/><T23/><D5/><U18/><E134/><V102/><F102/><N who="1" m="38921" /><E119/><V62/><F62/><W121/><G116/><T46/><D123/><U69/><E69/><V61/><F61/><W111/><G121/><T7/><D7/><U100/><E13/><V34/><F34/><W130/><G130/><T58/><D46/><U42/><E42/><V125/><F125/><W24/><G111/><T56/><D56/><U37/><E37/><V127/><F127/><W71/><G71/><T64/><D64/><U22/><E22/><V93/><AGARI ba="0,0" hai="8,14,19,26,27,81,84,86,89,90,93" m="27751" machi="93" ten="30,7900,0" yaku="25,1,8,1,52,1,54,1" doraHai="15" who="2" fromWho="2" sc="251,-20,241,-20,171,79,337,-39" /><INIT seed="8,0,0,5,0,108" ten="231,221,250,298" oya="0" hai0="57,68,69,42,76,113,37,92,33,77,27,8,16" hai1="106,17,20,55,39,1,103,14,22,100,38,99,129" hai2="24,79,45,72,121,110,89,88,70,107,91,105,63" hai3="111,6,54,94,81,117,86,44,101,90,34,58,93"/><T7/><D113/><U49/><E129/><V104/><F45/><W97/><G34/><T85/><D37/><U125/><E125/><V87/><F24/><W35/><G35/><T19/><D42/><U115/><E1/><V25/><F25/><W52/><G117/><T62/><D68/><U56/><E115/><V3/><F3/><W36/><G6/><T80/><D69/><U131/><E131/><V133/><F63/><W78/><G111/><T73/><D77/><U83/><E103/><V23/><F23/><W118/><G118/><T61/><D61/><U21/><REACH who="1" step="1"/><E83/><REACH who="1" ten="231,211,250,298" step="2"/><N who="2" m="45543" /><F110/><W59/><G101/><T29/><D92/><U120/><E120/><V2/><F2/><W128/><G94/><T122/><D122/><U112/><E112/><V12/><F121/><W30/><G128/><T46/><D46/><U124/><E124/><V18/><F105/><W10/><G44/><T28/><D28/><U47/><E47/><V5/><F107/><W43/><G30/><T15/><REACH who="0" step="1"/><D73/><REACH who="0" ten="221,211,250,298" step="2"/><U75/><E75/><V74/><F74/><W135/><G93/><T40/><D40/><U71/><E71/><V132/><F70/><W96/><G43/><T31/><D31/><U26/><E26/><V119/><F104/><W60/><G36/><AGARI ba="0,2" hai="14,17,20,21,22,36,38,39,49,55,56,99,100,106" machi="36" ten="40,2600,0" yaku="1,1,53,1" doraHai="108" doraHaiUra="95" who="1" fromWho="3" sc="221,0,211,46,250,0,298,-26" /><INIT seed="9,0,0,4,1,58" ten="221,257,250,272" oya="1" hai0="108,54,88,81,107,99,16,90,40,0,130,134,118" hai1="17,11,67,19,33,31,72,21,135,45,10,110,38" hai2="126,26,41,20,85,55,7,4,56,123,62,48,87" hai3="74,124,9,59,128,116,66,71,5,106,83,102,47"/><U6/><E135/><V29/><F123/><W77/><G59/><T95/><D0/><U25/><E110/><V60/><F126/><W13/><G124/><T97/><D108/><U89/><E72/><V82/><F41/><W12/><G128/><T94/><D134/><U131/><E131/><V122/><F122/><W65/><G116/><T125/><D130/><U44/><E11/><V75/><F75/><W70/><G70/><T113/><D125/><U79/><E79/><N who="2" m="46303" /><F87/><W93/><G106/><T78/><D113/><U104/><E104/><V127/><F127/><W51/><G71/><T86/><D40/><U37/><E89/><N who="0" m="34409" /><D16/><U42/><E67/><V105/><F105/><W98/><G13/><T57/><D118/><U115/><E115/><V133/><F133/><W63/><G63/><AGARI ba="0,0" hai="4,7,20,26,29,48,55,56,60,62,63" m="46303" machi="63" ten="30,7700,0" yaku="8,1,52,3" doraHai="58" who="2" fromWho="3" sc="221,0,257,0,250,77,272,-77" owari="221,-18.0,257,6.0,327,42.0,195,-30.0" /></mjloggm>