<mjloggm ver="2.3"><GO type="169" lobby="0"/><UN n0="%E7%99%BD%E9%AB%AA%E9%AC%BC" n1="%E7%A5%9E%E9%A2%A8%E3%81%A6%E3%81%83%E3%81%A3%E3%81%97%E3%82%85" n2="%E9%87%8E%E4%B8%AD%E6%99%B4" n3="%6D%69%7A%75%79%6F%75" dan="17,16,16,16" rate="2182.24,2151.16,2075.74,2180.97" sx="M,M,F,M"/><TAIKYOKU oya="0"/><INIT seed="0,0,0,5,4,117" ten="250,250,250,250" oya="0" hai0="111,27,82,40,7,70,123,35,59,4,51,77,5" hai1="85,74,38,30,94,37,49,129,98,115,24,26,66" hai2="135,61,89,21,80,114,54,23,107,116,71,52,3" hai3="93,76,13,122,126,112,133,44,83,78,58,96,25"/><T110/><D70/><U124/><E74/><V29/><F114/><W121/><G112/><T9/><D35/><U16/><E115/><V2/><F116/><W15/><G133/><T48/><D27/><U8/><E129/><V69/><F107/><W31/><G126/><T17/><D40/><U109/><E109/><N who="0" m="41481" /><D59/><U90/><E124/><V64/><F135/><W10/><G58/><T125/><D125/><U132/><E132/><V104/><F104/><W67/><G67/><T20/><D9/><U18/><E66/><V6/><F71/><W50/><G25/><N who="0" m="14479" /><D123/><N who="3" m="47113" /><G31/><T19/><D19/><U22/><E18/><V130/><F130/><W33/><G33/><T113/><D113/><U103/><E8/><V101/><F69/><W108/><G108/><T55/><D55/><U65/><E65/><V105/><F54/><N who="3" m="30023" /><G10/><T128/><D128/><U127/><E127/><V87/><F64/><W56/><G56/><T1/><D1/><U120/><E120/><V11/><F3/><W41/><G41/><T75/><AGARI ba="0,0" hai="4,5,7,48,51,75,77,82" m="14479,41481" machi="75" ten="30,3000,0" yaku="14,1,10,1" doraHai="117" who="0" fromWho="0" sc="250,30,250,-10,250,-10,250,-10" /><INIT seed="0,1,0,3,1,63" ten="280,240,240,240" oya="0" hai0="57,52,2,65,108,56,130,0,92,7,19,93,133" hai1="77,47,85,49,41,89,121,122,101,22,54,48,31" hai2="81,39,51,61,34,82,68,69,123,43,46,37,117" hai3="8,13,96,87,24,103,33,94,100,76,124,73,32"/><T91/><D130/><U120/><E77/><V105/><F34/><W28/><G124/><T30/><D133/><U59/><E101/><V134/><F105/><W127/><G127/><T27/><D108/><U20/><REACH who="1" step="1"/><E31/><REACH who="1" ten="280,230,240,240" step="2"/><V3/><F134/><W114/><G103/><T109/><D30/><U112/><E112/><V102/><F102/><W75/><G114/><T80/><D109/><U17/><E17/><V90/><F123/><W66/><G33/><T15/><D7/><U104/><E104/><V55/><F117/><W6/><G76/><T21/><D0/><U135/><E135/><V106/><F106/><W4/><G4/><T97/><D2/><U29/><E29/><V10/><F3/><W12/><G75/><T88/><D15/><U35/><E35/><V60/><F90/><W18/><G73/><T50/><D80/><AGARI ba="1,1" hai="20,22,41,47,48,49,54,59,80,85,89,120,121,122" machi="80" ten="40,1300,0" yaku="1,1,53,0" doraHai="63" doraHaiUra="62" who="1" fromWho="0" sc="280,-16,230,26,240,0,240,0" /><INIT seed="1,0,0,4,3,106" ten="264,256,240,240" oya="1" hai0="110,43,22,29,72,130,98,51,64,0,87,47,97" hai1="33,120,50,48,81,77,16,18,52,128,91,67,94" hai2="86,30,65,96,134,32,121,127,34,19,38,74,56" hai3="7,40,132,57,101,44,73,53,35,84,70,89,6"/><U41/><E120/><V102/><F121/><W17/><G70/><T122/><D0/><U93/><E33/><V63/><F134/><W112/><G132/><T85/><D122/><U113/><E113/><V4/><F127/><W129/><G112/><T117/><D117/><U13/><E128/><V26/><F38/><W9/><G35/><T49/><D130/><U115/><E115/><V20/><F74/><W54/><G101/><T2/><D2/><U36/><E36/><V78/><F4/><W108/><G108/><T75/><D64/><U100/><E67/><V27/><F86/><W124/><G124/><T76/><D76/><U60/><E100/><V83/><F19/><W39/><G129/><T14/><D29/><U46/><E60/><V68/><F27/><W133/><G54/><T125/><D125/><U69/><E69/><V95/><REACH who="2" step="1"/><F68/><REACH who="2" ten="264,256,230,240" step="2"/><W123/><G73/><T80/><D87/><N who="1" m="50671" /><E77/><V135/><F135/><W62/><G133/><T21/><D110/><U99/><E99/><V1/><F1/><W10/><G123/><T58/><D98/><U79/><E79/><V45/><F45/><W119/><G119/><T11/><D97/><U61/><E61/><V92/><F92/><N who="1" m="35433" /><E13/><V15/><F15/><W111/><G111/><T105/><D72/><U3/><E3/><V116/><F116/><W103/><G39/><T104/><D75/><U42/><E42/><V109/><F109/><W28/><G40/><T37/><D37/><U126/><E126/><V114/><F114/><W90/><G44/><AGARI ba="0,1" hai="16,18,41,44,46,48,50,52" m="35433,50671" machi="44" ten="30,5800,0" yaku="8,1,54,2" doraHai="106" who="1" fromWho="3" sc="264,0,256,68,230,0,240,-58" /><INIT seed="1,1,0,1,4,50" ten="264,324,230,182" oya="1" hai0="59,2,45,127,8,76,69,86,129,89,71,99,110" hai1="40,64,34,22,134,135,58,116,23,120,96,57,78" hai2="117,93,73,131,108,19,68,103,1,90,52,82,101" hai3="102,7,12,6,98,21,37,51,106,97,3,125,20"/><U87/><E116/><V56/><F68/><W84/><G37/><T61/><D129/><U11/><E34/><V75/><F117/><W27/><G125/><T16/><D127/><U70/><E70/><V30/><F131/><W31/><G3/><T104/><D76/><U85/><E96/><V81/><F1/><W124/><G124/><T79/><D79/><U42/><E11/><V72/><F108/><W130/><G130/><T39/><D110/><U28/><E78/><V112/><F30/><W65/><G84/><N who="1" m="32330" /><E64/><V9/><F112/><W100/><G65/><T5/><D99/><U36/><E36/><V32/><F32/><W44/><G12/><T60/><D104/><U10/><E10/><V29/><F29/><W121/><G121/><T49/><D39/><U48/><E28/><V18/><F82/><W105/><REACH who="3" step="1"/><G21/><REACH who="3" ten="264,324,230,172" step="2"/><T114/><D2/><U15/><E15/><V113/><F113/><W47/><G47/><T91/><D114/><U88/><E22/><V123/><F123/><W67/><G67/><T0/><D86/><U63/><E23/><V107/><F81/><W62/><G62/><T41/><D60/><U122/><E120/><V66/><F66/><W13/><G13/><T33/><D33/><U38/><E122/><V25/><F75/><W115/><G115/><T95/><D61/><U77/><E38/><V53/><F73/><W26/><G26/><T14/><D59/><U126/><E126/><V118/><F56/><W35/><G35/><T132/><D0/><U4/><E58/><V133/><F72/><W46/><G46/><N who="0" m="25807" /><D14/><U54/><E57/><RYUUKYOKU ba="1,1" sc="264,-10,324,-10,230,-10,172,30" hai3="6,7,20,27,31,44,51,97,98,100,102,105,106" /><INIT seed="2,2,1,0,0,40" ten="254,314,220,202" oya="2" hai0="74,0,94,32,24,113,16,73,85,77,66,4,111" hai1="14,25,60,8,123,62,91,107,99,31,5,28,18" hai2="134,88,124,19,76,117,30,126,81,57,35,49,128" hai3="44,52,45,33,72,118,53,122,110,100,97,101,98"/><V120/><F117/><W109/><G122/><T84/><D113/><U86/><E123/><V135/><F120/><W23/><G33/><T93/><D66/><U79/><E79/><V80/><F30/><W41/><G72/><T87/><D0/><U17/><E17/><V47/><F35/><W119/><G23/><T29/><D4/><U68/><E68/><V6/><F6/><W71/><REACH who="3" step="1"/><G41/><REACH who="3" ten="254,314,220,192" step="2"/><T58/><D73/><U13/><E31/><V1/><F128/><W22/><G22/><N who="0" m="13383" /><D29/><U102/><E28/><V26/><F1/><W104/><G104/><T65/><D32/><U108/><E25/><V55/><F26/><W37/><G37/><T46/><D74/><U39/><E39/><V64/><F19/><W12/><G12/><T20/><D20/><U54/><E14/><V75/><F126/><W130/><G130/><T21/><D21/><U78/><E18/><V90/><F124/><W15/><G15/><T116/><D116/><U129/><E129/><V48/><F134/><W132/><G132/><T11/><D11/><U59/><E8/><V95/><F135/><W105/><G105/><T112/><D112/><U121/><E13/><V82/><F75/><W9/><G9/><T103/><D111/><U83/><E108/><V131/><F131/><W27/><G27/><T3/><D3/><U115/><E115/><V96/><F76/><W89/><G89/><T34/><D34/><U133/><E133/><V51/><F90/><W56/><G56/><T42/><D77/><U127/><E127/><V36/><F36/><W70/><AGARI ba="2,2" hai="44,45,52,53,70,71,97,98,100,101,109,110,118,119" machi="70" ten="25,16000,3" yaku="1,1,0,1,22,2,52,2,54,1,53,2" doraHai="40" doraHaiUra="50" who="3" fromWho="3" sc="254,-42,314,-42,220,-82,192,186" /><INIT seed="3,0,0,1,3,46" ten="212,272,138,378" oya="3" hai0="103,56,96,27,13,67,65,135,47,10,6,76,29" hai1="116,68,106,19,84,15,128,120,20,73,119,52,98" hai2="110,89,104,58,94,9,93,36,123,71,32,108,64" hai3="95,44,80,42,131,61,3,121,48,23,25,125,75"/><W86/><G121/><T91/><D135/><U132/><E73/><V70/><F104/><W14/><G131/><T78/><D91/><U60/><E120/><V117/><F32/><W35/><G3/><T101/><D101/><U5/><E132/><V111/><F123/><W21/><G125/><T133/><D133/><U92/><E106/><V49/><F117/><W100/><G75/><T55/><D76/><U51/><E84/><V22/><F36/><W112/><G112/><T45/><D78/><U0/><E128/><V83/><F9/><W77/><G61/><T31/><D65/><U118/><E5/><V62/><F22/><W69/><G69/><T8/><D8/><U74/><E0/><V129/><F129/><W85/><G14/><T109/><D109/><U24/><E15/><V4/><F4/><W38/><G86/><T113/><D113/><U107/><E107/><V2/><F2/><W7/><G7/><T59/><D59/><N who="1" m="33183" /><E74/><V105/><F105/><W37/><G35/><T130/><D130/><U54/><E54/><N who="2" m="32079" /><F71/><W16/><REACH who="3" step="1"/><G21/><REACH who="3" ten="212,272,138,368" step="2"/><N who="0" m="15599" /><D67/><U50/><E68/><V30/><F70/><W12/><G12/><T102/><D13/><U82/><E60/><V124/><F62/><W63/><G63/><T43/><D6/><U126/><E126/><V72/><F124/><W81/><G81/><T26/><D26/><U11/><E82/><V1/><F1/><W66/><G66/><T34/><D34/><U28/><E11/><V33/><F64/><W127/><G127/><T134/><D134/><U40/><E119/><V88/><F83/><W122/><G122/><RYUUKYOKU ba="0,1" sc="212,-10,272,-10,138,-10,368,30" hai3="16,23,25,37,38,42,44,48,77,80,85,95,100" /><INIT seed="3,1,1,1,1,108" ten="202,262,128,398" oya="3" hai0="10,70,82,37,46,55,14,16,105,54,6,94,101" hai1="30,93,75,7,87,61,35,31,106,66,4,57,41" hai2="130,67,56,97,8,28,134,38,29,50,19,100,90" hai3="11,34,103,9,58,32,52,59,135,133,95,120,22"/><W48/><G120/><T119/><D70/><U72/><E106/><V51/><F38/><W121/><G121/><T96/><D119/><U110/><E110/><V122/><F122/><W89/><G103/><T12/><D105/><U111/><E111/><V77/><F130/><W68/><G68/><T118/><D118/><U2/><E75/><V42/><F134/><N who="3" m="51211" /><G22/><N who="0" m="11527" /><D37/><U44/><E72/><V88/><F77/><W107/><G107/><T84/><D46/><U124/><E124/><V65/><F100/><W47/><G59/><T62/><D62/><U132/><E132/><V74/><F74/><W123/><G58/><T85/><D85/><U128/><E128/><V64/><F42/><W60/><G60/><T116/><D116/><U20/><E35/><N who="3" m="13354" /><G123/><T13/><D14/><U76/><E2/><V33/><F33/><W3/><G3/><T18/><D6/><U39/><E20/><V99/><F56/><W113/><G113/><T0/><D0/><U17/><E7/><V126/><F126/><W5/><G5/><T92/><D92/><U78/><E4/><V73/><F73/><W27/><G27/><T115/><D115/><U109/><E109/><V15/><F51/><W25/><G25/><T36/><D36/><U63/><E63/><V83/><F50/><W114/><G114/><T131/><D131/><U129/><E129/><V98/><REACH who="2" step="1"/><F83/><REACH who="2" ten="202,262,118,398" step="2"/><W43/><G43/><T81/><D81/><U102/><E41/><V26/><F26/><W24/><G24/><T104/><D104/><U40/><E40/><V117/><F117/><W69/><G69/><T23/><D82/><RYUUKYOKU ba="1,2" sc="202,-15,262,-15,118,15,398,15" hai2="8,15,19,28,29,64,65,67,88,90,97,98,99" hai3="9,11,47,48,52,89,95" /><INIT seed="3,2,2,5,1,60" ten="187,247,133,413" oya="3" hai0="5,15,35,113,110,8,91,43,6,1,51,109,82" hai1="129,81,31,50,134,125,22,47,115,66,100,78,41" hai2="58,28,53,101,10,70,74,63,90,97,48,84,73" hai3="108,18,79,32,94,21,33,49,123,88,17,54,86"/><W103/><G123/><T114/><D43/><U42/><E115/><N who="0" m="44041" /><D51/><U124/><E129/><V76/><F76/><W117/><G117/><T64/><D82/><U36/><E134/><V57/><F70/><W12/><G108/><N who="0" m="41579" /><D91/><U106/><E31/><V133/><F133/><W118/><G118/><T38/><D38/><U11/><E11/><V37/><F37/><W52/><G54/><T122/><D122/><U55/><E22/><V0/><F28/><W96/><G79/><T98/><D98/><N who="1" m="61719" /><E66/><V121/><F121/><W61/><G61/><T119/><D119/><U85/><E36/><V16/><F0/><W120/><G17/><T45/><D45/><U87/><E87/><V102/><F73/><W107/><G120/><T75/><D75/><U46/><E46/><AGARI ba="2,2" hai="12,18,21,32,33,46,49,52,86,88,94,96,103,107" machi="46" ten="30,5800,0" yaku="7,1,54,2" doraHai="60" who="3" fromWho="1" sc="187,0,247,-64,133,0,413,84" /><INIT seed="3,3,0,3,1,131" ten="187,183,133,497" oya="3" hai0="13,19,73,28,54,9,14,78,46,43,135,129,60" hai1="75,97,100,35,111,72,102,7,34,2,63,84,33" hai2="16,103,128,94,110,74,134,62,6,0,124,109,119" hai3="48,10,125,82,32,67,36,118,40,112,49,123,23"/><W1/><G32/><T90/><D129/><U92/><E102/><V29/><F62/><W130/><G112/><T132/><D28/><U113/><E113/><V83/><F29/><W104/><G118/><T116/><D116/><U68/><E111/><V27/><F94/><W42/><G123/><T93/><D78/><U105/><E84/><V25/><F83/><W71/><G130/><T79/><D79/><U127/><E92/><V114/><F103/><W98/><G125/><T58/><D14/><U89/><E89/><V106/><F6/><W126/><G82/><T11/><D11/><N who="1" m="2551" /><E127/><V5/><F5/><W101/><G23/><T50/><REACH who="0" step="1"/><D73/><REACH who="0" ten="177,183,133,497" step="2"/><U117/><E117/><V24/><F27/><W133/><G10/><T3/><D3/><U41/><E41/><V55/><F25/><W12/><G42/><T30/><D30/><U57/><E75/><V65/><F24/><W88/><G40/><T87/><AGARI ba="3,1" hai="9,13,19,43,46,50,54,58,60,87,90,93,132,135" machi="87" ten="30,7900,0" yaku="1,1,0,1,52,2,53,0" doraHai="131" doraHaiUra="21" who="0" fromWho="0" sc="177,98,183,-23,133,-23,497,-42" /><INIT seed="4,0,0,1,1,11" ten="275,160,110,455" oya="0" hai0="80,100,53,9,18,123,56,7,90,93,49,110,40" hai1="69,87,31,89,117,64,28,95,29,1,0,17,67" hai2="21,68,4,70,88,50,126,14,55,3,99,10,135" hai3="116,73,23,133,15,65,107,127,37,94,76,81,77"/><T82/><D123/><U19/><E117/><V5/><F135/><W51/><G37/><T114/><D114/><U35/><E35/><V60/><F126/><W46/><G116/><T27/><D100/><U119/><E119/><V132/><F132/><W61/><G133/><T106/><D106/><U41/><E41/><V57/><F60/><W113/><G113/><T47/><D110/><U84/><E69/><V39/><F39/><W63/><G107/><T75/><D75/><U2/><REACH who="1" step="1"/><E87/><REACH who="1" ten="275,150,110,455" step="2"/><V120/><F120/><W97/><G127/><T6/><D40/><U54/><E54/><V98/><F68/><W33/><G33/><T8/><D6/><U85/><E85/><V71/><F70/><W79/><G65/><AGARI ba="0,1" hai="0,1,2,17,19,28,29,31,64,65,67,84,89,95" machi="65" ten="50,1600,0" yaku="1,1,53,0" doraHai="11" doraHaiUra="112" who="1" fromWho="3" sc="275,0,150,26,110,0,455,-16" /><INIT seed="5,0,0,1,4,41" ten="275,176,110,439" oya="1" hai0="119,46,49,54,25,108,75,8,62,0,23,129,89" hai1="33,115,94,122,20,34,134,80,32,16,104,105,55" hai2="102,47,60,74,1,121,18,31,91,78,4,64,36" hai3="5,22,84,81,61,132,114,42,37,7,76,44,88"/><U10/><E122/><V95/><F121/><W21/><G114/><T3/><D75/><U38/><E38/><V29/><F102/><W118/><G132/><T63/><D119/><U15/><E134/><V96/><F4/><W97/><G118/><T50/><D108/><U100/><E115/><V125/><F125/><W107/><G61/><T86/><D129/><U53/><E94/><V117/><F117/><W14/><G107/><T35/><D35/><U30/><E80/><V13/><F1/><W28/><G28/><T72/><D72/><U77/><E77/><V58/><F78/><W52/><G21/><T11/><D0/><U40/><E40/><V113/><F74/><W79/><G97/><T109/><D3/><U111/><E111/><V110/><F110/><W12/><G12/><T68/><D68/><U56/><E55/><V93/><F113/><W26/><G52/><N who="0" m="29751" /><D109/><U112/><E112/><V70/><F70/><W106/><G106/><T67/><D67/><U127/><E127/><V9/><REACH who="2" step="1"/><F95/><REACH who="2" ten="275,176,100,439" step="2"/><W123/><G123/><T120/><D120/><U59/><E100/><V24/><F24/><W126/><G126/><T69/><D69/><U131/><E131/><V135/><F135/><W2/><G2/><T85/><D8/><U48/><E105/><V103/><F103/><W6/><G14/><T73/><D11/><U66/><E104/><V19/><F19/><W130/><G130/><T98/><D73/><U65/><E10/><V45/><F45/><W92/><G92/><N who="0" m="56591" /><D25/><N who="1" m="18511" /><E59/><V27/><F27/><W133/><G133/><T57/><D23/><U43/><E20/><RYUUKYOKU ba="0,1" sc="275,10,176,-30,100,10,439,10" hai0="50,54,57,62,63,85,86" hai2="9,13,18,29,31,36,47,58,60,64,91,93,96" hai3="5,6,7,22,26,37,42,44,76,79,81,84,88" /><INIT seed="6,1,1,2,1,43" ten="285,146,110,449" oya="2" hai0="28,42,49,104,61,82,6,129,18,26,123,75,25" hai1="106,74,51,11,0,133,85,69,55,53,113,71,89" hai2="7,20,17,39,112,96,126,84,72,24,116,38,59" hai3="63,62,88,23,124,103,95,70,3,121,54,2,31"/><V67/><F116/><W10/><G103/><T92/><D104/><U35/><E35/><V99/><F72/><W47/><G121/><T46/><D123/><U76/><E106/><V81/><F126/><W66/><G124/><T60/><D129/><U108/><E108/><V135/><F135/><W109/><G109/><T73/><D6/><U12/><E0/><V65/><F112/><W83/><G83/><T64/><D60/><U58/><E113/><V132/><F132/><W101/><G101/><T48/><D48/><U100/><E100/><V107/><F7/><W33/><G33/><T130/><D130/><U118/><E118/><V78/><F107/><W93/><G93/><T134/><D92/><U111/><E111/><V91/><F78/><W40/><G10/><T68/><D82/><U94/><E133/><V22/><F67/><W44/><G23/><T52/><D134/><U97/><E74/><V41/><F22/><W115/><G31/><T110/><D110/><U19/><E76/><V27/><F27/><W56/><G115/><T119/><D119/><U105/><E105/><V30/><F30/><W80/><G80/><T131/><D131/><U14/><E14/><V102/><F102/><W90/><G90/><T87/><D75/><U98/><E98/><N who="2" m="37419" /><F41/><W57/><G70/><T128/><D73/><U127/><E127/><V8/><F8/><W37/><G2/><T114/><D114/><U21/><E11/><V13/><F13/><W16/><G3/><T117/><D117/><U15/><E15/><V79/><F91/><W34/><G34/><N who="0" m="20751" /><D128/><U125/><E125/><RYUUKYOKU ba="1,1" sc="285,-10,146,-10,110,30,449,-10" hai2="17,20,24,38,39,59,65,79,81,84" /><INIT seed="6,2,1,1,3,9" ten="275,136,140,439" oya="2" hai0="58,114,84,99,126,83,119,44,10,56,29,65,85" hai1="77,70,27,39,20,134,97,51,103,33,135,109,107" hai2="19,62,53,104,36,4,54,49,1,7,121,91,43" hai3="116,88,115,25,18,46,101,66,23,59,61,42,102"/><V96/><F121/><W132/><G132/><N who="1" m="50730" /><E39/><V55/><F36/><W38/><G116/><T93/><D119/><U74/><E70/><V130/><F130/><W89/><REACH who="3" step="1"/><G115/><REACH who="3" ten="275,136,140,429" step="2"/><T92/><D114/><U122/><E122/><V52/><F1/><W24/><G24/><T112/><D112/><U68/><E109/><V45/><F104/><W94/><G94/><T21/><D92/><U90/><E27/><V73/><F73/><W6/><G6/><T0/><D93/><U63/><E107/><V60/><F96/><W108/><G108/><T113/><D99/><U71/><E97/><V105/><F105/><W3/><G3/><T106/><D0/><U79/><E74/><V124/><F124/><W40/><G40/><T47/><D126/><U75/><E75/><V32/><F32/><W133/><G133/><T118/><D106/><U82/><E33/><V16/><F91/><AGARI ba="2,2" hai="18,23,25,38,42,46,59,61,66,88,89,91,101,102" machi="91" ten="40,8000,1" yaku="1,1,54,1,53,3" doraHai="9" doraHaiUra="87" who="3" fromWho="2" sc="275,0,136,0,140,-86,429,106" /><INIT seed="7,0,0,5,1,8" ten="275,136,54,535" oya="3" hai0="64,79,48,112,111,72,114,6,28,78,110,0,97" hai1="73,7,87,127,25,117,55,82,107,115,132,90,128" hai2="76,70,99,9,36,131,43,54,121,1,102,37,15" hai3="135,38,59,133,118,126,124,18,11,2,69,26,35"/><W20/><G69/><T63/><D48/><U60/><E107/><V93/><F131/><W50/><G38/><T89/><D28/><U46/><E7/><V94/><F121/><W109/><G59/><T14/><D89/><U33/><E73/><V45/><F70/><W125/><G50/><T4/><D97/><U23/><E33/><V134/><F134/><N who="3" m="51211" /><G118/><T30/><D30/><U98/><E132/><V61/><F1/><W108/><G35/><T12/><D0/><U44/><E46/><V80/><F61/><W41/><G41/><T91/><D72/><U62/><E117/><V53/><F93/><W22/><G22/><T57/><D57/><U129/><E115/><V86/><REACH who="2" step="1"/><F37/><REACH who="2" ten="275,136,44,535" step="2"/><W81/><G81/><T66/><D63/><U122/><E60/><V5/><AGARI ba="0,1" hai="5,9,15,36,43,45,53,54,76,80,86,94,99,102" machi="5" ten="20,8000,1" yaku="1,1,2,1,0,1,7,1,52,1,53,0" doraHai="8" doraHaiUra="119" who="2" fromWho="2" sc="275,-20,136,-20,44,90,535,-40" owari="255,6.0,116,-38.0,134,-27.0,495,59.0" /></mjloggm>