<mjloggm ver="2.3"><GO type="169" lobby="0"/><UN n0="%70%69%6E%63%65%72%73" n1="%4B%69%7A%75%6E%65%72" n2="%67%75%73%68" n3="%E3%83%8F%E3%83%83%E3%83%88%E3%83%AA%E3%82%B9" dan="16,17,16,17" rate="2151.42,2146.72,2115.02,2172.87" sx="M,F,M,M"/><TAIKYOKU oya="0"/><INIT seed="0,0,0,4,5,95" ten="250,250,250,250" oya="0" hai0="130,75,28,104,99,14,54,86,101,78,106,20,6" hai1="51,25,103,119,1,89,52,29,11,84,42,83,59" hai2="27,40,127,69,79,117,109,100,113,124,8,38,115" hai3="123,82,111,74,10,9,128,118,105,18,68,93,71"/><T110/><D130/><U12/><E119/><V45/><F27/><W50/><G105/><T102/><D75/><U46/><E1/><V85/><F85/><W81/><G111/><T107/><D110/><U108/><E108/><V63/><F109/><W3/><G50/><T98/><D28/><U39/><E103/><V43/><F8/><W33/><G118/><T37/><D37/><U26/><REACH who="1" step="1"/><E29/><REACH who="1" ten="250,240,250,250" step="2"/><V21/><F100/><W90/><G3/><T24/><D106/><U48/><E48/><V70/><F117/><W17/><G128/><T62/><D104/><U72/><E72/><V56/><F79/><W80/><G74/><T76/><D107/><U32/><E32/><V49/><F38/><W120/><G33/><T114/><D76/><U121/><E121/><V61/><F21/><W35/><G35/><T77/><D77/><U0/><E0/><V87/><F49/><W4/><G123/><T126/><D78/><U66/><E66/><V41/><F40/><W58/><G120/><T16/><D102/><U57/><E57/><V122/><F122/><W133/><G58/><N who="0" m="35159" /><D101/><U44/><E44/><V23/><F23/><W73/><G73/><T13/><D114/><U30/><E30/><V19/><F56/><W132/><G71/><T88/><D126/><U36/><E36/><V5/><F45/><W97/><G68/><T112/><D112/><U47/><E47/><V116/><F116/><W91/><G10/><N who="0" m="4311" /><D24/><U22/><E22/><V129/><F113/><W135/><G90/><T92/><AGARI ba="0,1" hai="14,16,20,86,88,92,98,99" m="4311,35159" machi="92" ten="30,12000,1" yaku="8,1,52,2,54,2" doraHai="95" who="0" fromWho="0" sc="250,130,240,-40,250,-40,250,-40" /><INIT seed="0,1,0,5,2,120" ten="380,200,210,210" oya="0" hai0="4,103,74,34,67,5,111,93,104,28,42,6,44" hai1="116,131,119,80,36,102,32,107,64,35,2,125,54" hai2="45,11,82,21,33,79,78,127,89,90,96,58,73" hai3="92,9,118,99,61,1,124,59,24,126,117,95,122"/><T41/><D74/><U14/><E14/><V121/><F33/><W63/><G122/><T15/><D104/><U91/><E91/><V7/><F121/><W30/><G9/><T38/><D67/><U108/><E108/><V83/><F127/><W112/><G1/><T47/><D111/><U77/><E54/><V129/><F129/><W97/><G24/><T69/><D69/><U25/><E125/><V130/><F130/><W110/><G59/><T113/><D113/><U31/><E131/><V70/><F70/><W84/><G84/><T123/><D123/><U60/><E2/><V66/><F21/><W19/><G110/><T62/><D62/><U18/><E18/><V56/><F45/><W23/><G23/><T39/><D15/><U71/><E36/><V68/><F68/><W115/><REACH who="3" step="1"/><G19/><REACH who="3" ten="380,200,210,200" step="2"/><T72/><D72/><N who="1" m="43047" /><E35/><V100/><F56/><W29/><AGARI ba="1,1" hai="29,30,61,63,92,95,97,99,112,115,117,118,124,126" machi="29" ten="25,6400,0" yaku="1,1,0,1,22,2,53,0" doraHai="120" doraHaiUra="0" who="3" fromWho="3" sc="380,-33,200,-17,210,-17,200,77" /><INIT seed="1,0,0,4,5,108" ten="347,183,193,277" oya="1" hai0="119,17,44,24,26,120,39,84,67,58,126,109,50" hai1="72,19,13,16,71,82,56,79,81,14,70,95,38" hai2="77,9,128,46,59,117,99,132,15,92,131,102,74" hai3="97,85,61,135,122,111,105,8,118,129,66,80,100"/><U98/><E38/><V28/><F117/><W49/><G111/><T113/><D109/><U34/><E34/><V64/><F132/><W11/><G122/><T45/><D119/><U68/><E81/><V3/><F3/><W104/><G118/><T2/><D2/><U6/><E56/><V27/><F46/><W53/><G105/><T63/><D113/><U130/><E130/><V90/><F74/><W101/><G101/><T22/><D126/><U96/><E6/><V60/><F77/><W78/><G135/><T75/><D75/><U51/><E51/><V87/><F15/><W133/><G129/><T89/><D39/><U20/><REACH who="1" step="1"/><E95/><REACH who="1" ten="347,173,193,277" step="2"/><V65/><F65/><W116/><G116/><T29/><D120/><U62/><E62/><V18/><F131/><W107/><G133/><T43/><D45/><U52/><E52/><V10/><F128/><W25/><G107/><T32/><D58/><U83/><E83/><V42/><F42/><W134/><G134/><T73/><D63/><U55/><E55/><V0/><F0/><W54/><G53/><T91/><D67/><U31/><E31/><V103/><F18/><W40/><G54/><T1/><D1/><U88/><E88/><V86/><F103/><W4/><G4/><T36/><D91/><U110/><E110/><V76/><F76/><W57/><G49/><T30/><D36/><U12/><E12/><V33/><F102/><W21/><G40/><T37/><D37/><U112/><E112/><V7/><F86/><W94/><G104/><T124/><D84/><U93/><E93/><N who="2" m="54495" /><F7/><W115/><G115/><RYUUKYOKU ba="0,1" sc="347,-30,173,10,193,10,277,10" hai1="13,14,16,19,20,68,70,71,72,79,82,96,98" hai2="9,10,27,28,33,59,60,64,92,99" hai3="8,11,21,25,57,61,66,78,80,85,94,97,100" /><INIT seed="1,1,1,4,0,62" ten="317,183,203,287" oya="1" hai0="67,51,65,2,111,127,11,133,100,22,17,32,20" hai1="121,97,45,124,125,60,116,30,56,119,28,13,101" hai2="105,21,77,35,135,80,85,98,91,61,47,29,18" hai3="68,126,118,57,99,113,83,90,40,39,108,37,43"/><U38/><E121/><V102/><F135/><W64/><G113/><T87/><D32/><U130/><E130/><V41/><F35/><W6/><G6/><T19/><D111/><U71/><E13/><V70/><F29/><N who="1" m="11369" /><E71/><V94/><F61/><W16/><G68/><T27/><D133/><U23/><E23/><V123/><F70/><W69/><G69/><T131/><D131/><U26/><E26/><V8/><F8/><W31/><G31/><T93/><D127/><N who="1" m="48715" /><E45/><V86/><F123/><W46/><G46/><T72/><D72/><U10/><E10/><V95/><F21/><W73/><G108/><T109/><D109/><U81/><E81/><V89/><F18/><W82/><G16/><T34/><D34/><U7/><E7/><V48/><REACH who="2" step="1"/><F77/><REACH who="2" ten="317,183,193,287" step="2"/><W92/><G126/><T107/><D11/><U76/><E76/><V114/><F114/><W66/><G118/><T14/><D20/><U15/><E119/><V106/><AGARI ba="1,2" hai="41,47,48,80,85,86,89,91,94,95,98,102,105,106" machi="106" ten="30,2000,0" yaku="1,1,0,1,53,0" doraHai="62" doraHaiUra="54" who="2" fromWho="2" sc="317,-6,183,-11,193,43,287,-6" /><INIT seed="2,0,0,3,3,71" ten="311,172,236,281" oya="2" hai0="52,64,44,123,111,75,2,67,39,59,97,29,21" hai1="32,102,23,129,134,87,49,96,108,26,15,27,50" hai2="83,106,93,132,131,41,7,107,60,69,20,94,85" hai3="54,99,11,126,58,17,114,127,62,45,86,103,98"/><V25/><F131/><W84/><G114/><T22/><D123/><U19/><E129/><V91/><F132/><W70/><G70/><T115/><D115/><U46/><E134/><V47/><F7/><W31/><G31/><T74/><D2/><U35/><E108/><V4/><F4/><W40/><G17/><T10/><D111/><U113/><E113/><V81/><F69/><W72/><G11/><T12/><D97/><N who="3" m="36873" /><G103/><T14/><D14/><U5/><E87/><V38/><F60/><W8/><G8/><T61/><D74/><U18/><E5/><V78/><F107/><W76/><G76/><T122/><D75/><U57/><E57/><V73/><REACH who="2" step="1"/><F106/><REACH who="2" ten="311,172,226,281" step="2"/><W90/><G62/><T82/><D61/><U116/><E116/><V124/><F124/><W51/><G126/><T3/><D3/><U13/><E102/><V6/><F6/><W34/><G127/><T110/><D110/><U1/><E1/><V56/><F56/><W43/><G58/><T9/><D59/><U24/><E96/><V118/><F118/><W121/><G121/><T130/><D122/><U65/><E65/><V105/><F105/><W88/><G45/><T63/><D44/><U112/><E112/><V119/><F119/><W92/><G40/><T89/><D64/><U80/><E46/><V66/><F66/><W42/><G42/><T135/><D67/><U0/><E0/><V125/><F125/><W109/><G43/><T55/><D135/><U120/><E120/><V30/><AGARI ba="0,1" hai="20,25,30,38,41,47,73,78,81,83,85,91,93,94" machi="30" ten="20,7800,0" yaku="1,1,0,1,7,1,52,1,53,0" doraHai="71" doraHaiUra="48" who="2" fromWho="2" sc="311,-26,172,-26,226,88,281,-26" /><INIT seed="2,1,0,2,2,24" ten="285,146,314,255" oya="2" hai0="68,134,127,3,22,29,94,46,62,54,11,40,25" hai1="28,18,19,47,1,72,64,124,16,119,98,89,92" hai2="57,131,71,34,99,61,9,103,33,36,45,106,118" hai3="121,104,14,48,63,38,110,96,39,133,101,65,50"/><V129/><F118/><W111/><G121/><T20/><D134/><U112/><E119/><V59/><F71/><W21/><G133/><T52/><D127/><U135/><E124/><V42/><F9/><W81/><G81/><T87/><D3/><U76/><E135/><V35/><REACH who="2" step="1"/><F61/><REACH who="2" ten="285,146,304,255" step="2"/><W123/><G63/><T80/><D11/><U95/><E112/><V105/><F105/><W26/><G104/><T74/><D68/><U86/><E1/><V77/><F77/><W84/><G123/><T114/><D62/><U75/><E76/><V13/><F13/><W102/><G14/><T113/><D114/><U122/><E122/><V4/><F4/><W132/><G132/><T130/><D113/><U85/><E64/><V8/><F8/><W44/><G65/><T108/><D130/><AGARI ba="1,1" hai="33,34,35,36,42,45,57,59,99,103,106,129,130,131" machi="130" ten="50,4800,0" yaku="1,1,19,1,53,0" doraHai="24" doraHaiUra="56" who="2" fromWho="0" sc="285,-51,146,0,304,61,255,0" /><INIT seed="2,2,0,4,2,101" ten="234,146,365,255" oya="2" hai0="55,54,65,64,120,132,16,123,73,11,75,91,24" hai1="8,39,81,37,66,105,32,2,3,113,29,44,89" hai2="21,61,78,112,27,9,109,88,99,79,17,77,134" hai3="121,102,41,125,50,131,58,30,15,83,96,124,116"/><V70/><F112/><W76/><G116/><T10/><D132/><U53/><E113/><V34/><F134/><W92/><G121/><T85/><D85/><U122/><E122/><V1/><F109/><W93/><G30/><T47/><D24/><U135/><E135/><V13/><F34/><W84/><G131/><T68/><D47/><U114/><E114/><V110/><F110/><W117/><G117/><T115/><D115/><U106/><E66/><V103/><F1/><W38/><G38/><T25/><D25/><U62/><E29/><V49/><F49/><W130/><G15/><T71/><REACH who="0" step="1"/><D91/><REACH who="0" ten="224,146,365,255" step="2"/><U69/><E89/><V133/><F133/><W72/><G130/><T31/><D31/><U46/><E46/><V14/><F88/><W56/><G84/><T60/><D60/><U33/><E44/><V100/><F27/><W74/><G74/><T95/><D95/><U6/><E62/><V118/><F118/><W26/><G93/><T40/><D40/><U48/><E33/><V57/><F99/><W7/><G26/><T90/><D90/><U127/><E32/><V23/><F61/><W43/><G43/><T59/><D59/><U20/><E39/><V51/><F57/><W19/><G41/><T108/><D108/><U86/><E37/><V82/><F70/><W119/><G119/><T98/><D98/><U104/><E69/><V97/><F97/><W128/><G128/><T67/><D67/><U94/><E94/><V129/><F129/><W111/><G56/><T0/><D0/><U126/><E3/><V28/><F28/><W18/><G111/><RYUUKYOKU ba="2,1" sc="224,30,146,-10,365,-10,255,-10" hai0="10,11,16,54,55,64,65,68,71,73,75,120,123" /><INIT seed="3,3,1,0,5,132" ten="254,136,355,245" oya="3" hai0="125,32,68,8,33,121,34,60,113,70,97,85,12" hai1="79,114,86,20,19,91,9,37,45,47,57,105,123" hai2="30,73,36,42,127,13,46,56,82,103,75,4,74" hai3="62,124,89,122,40,88,55,78,94,44,83,80,112"/><W50/><G112/><T133/><D121/><U107/><E114/><V110/><F110/><W58/><G124/><T23/><D113/><U67/><E123/><V116/><F116/><W98/><G122/><T128/><D133/><U35/><E35/><V41/><F127/><W25/><G78/><T135/><D135/><U10/><E79/><V117/><F117/><W87/><REACH who="3" step="1"/><G25/><REACH who="3" ten="254,136,355,235" step="2"/><T65/><D125/><U84/><E107/><V53/><F73/><W31/><G31/><T96/><D128/><U2/><E105/><V61/><F30/><W51/><G51/><T76/><D70/><U38/><E38/><V131/><F131/><W81/><AGARI ba="3,2" hai="40,44,50,55,58,62,80,81,83,87,88,89,94,98" machi="81" ten="20,12000,1" yaku="1,1,0,1,7,1,8,1,54,1,53,0" doraHai="132" doraHaiUra="101" who="3" fromWho="3" sc="254,-43,136,-43,355,-43,235,149" /><INIT seed="3,4,0,1,1,106" ten="211,93,312,384" oya="3" hai0="50,72,4,58,94,128,92,8,22,120,39,27,32" hai1="30,93,59,85,126,37,100,121,23,83,67,15,46" hai2="96,47,44,81,102,133,55,7,38,123,3,114,69" hai3="48,14,108,134,109,29,129,107,21,111,90,24,82"/><W62/><G107/><T6/><D39/><U117/><E121/><V97/><F123/><W104/><G104/><T45/><D32/><U61/><E126/><V51/><F114/><W34/><G129/><T12/><D120/><U16/><E117/><V20/><F133/><W130/><G130/><T41/><D128/><U99/><E30/><V105/><F69/><W60/><G134/><T36/><D72/><U103/><E37/><V5/><F3/><W68/><G48/><T43/><D4/><U40/><E103/><V132/><F132/><W35/><G14/><T57/><D41/><U88/><E46/><V115/><F115/><W84/><REACH who="3" step="1"/><G68/><REACH who="3" ten="211,93,312,374" step="2"/><T135/><D135/><U1/><E1/><V116/><F116/><W2/><G2/><T31/><D36/><U18/><E40/><V86/><F38/><W73/><G73/><T113/><D113/><U124/><E124/><V74/><F74/><W52/><G52/><T65/><D65/><U64/><E18/><V25/><F105/><W77/><G77/><T56/><AGARI ba="4,1" hai="6,8,12,22,27,31,43,45,50,56,57,58,92,94" machi="56" ten="30,2000,0" yaku="0,1,8,1" doraHai="106" who="0" fromWho="0" sc="211,42,93,-9,312,-9,374,-14" /><INIT seed="4,0,0,3,1,83" ten="253,84,303,360" oya="0" hai0="19,7,130,59,56,2,67,119,29,37,105,131,40" hai1="3,26,68,78,65,90,18,23,73,135,97,63,128" hai2="72,104,13,91,127,133,31,12,88,22,55,85,57" hai3="106,79,47,64,114,113,48,120,115,44,80,14,121"/><T112/><D112/><U99/><E3/><V15/><F72/><W86/><G106/><T62/><D119/><U28/><E128/><N who="0" m="49193" /><D105/><U74/><E135/><V21/><F133/><W61/><G14/><T116/><D29/><U33/><E78/><V58/><F127/><W84/><G84/><T54/><D19/><U70/><E70/><V60/><F104/><W117/><G117/><T16/><D16/><U51/><E51/><V103/><F103/><W27/><G27/><T1/><D7/><U9/><E9/><V109/><F109/><W87/><G87/><T45/><D116/><U8/><E8/><V108/><F108/><W82/><G82/><T41/><D41/><U110/><E110/><V34/><F91/><W53/><REACH who="3" step="1"/><G47/><REACH who="3" ten="253,84,303,350" step="2"/><N who="0" m="23951" /><D1/><U46/><E74/><V89/><F89/><W43/><G43/><T32/><D2/><U25/><E73/><V20/><F34/><W129/><G129/><T111/><D32/><U134/><E134/><V93/><F31/><W24/><G24/><T107/><D107/><U98/><REACH who="1" step="1"/><E46/><REACH who="1" ten="253,74,303,350" step="2"/><V102/><F102/><W6/><G6/><T123/><D111/><U11/><E11/><V49/><REACH who="2" step="1"/><F12/><REACH who="2" ten="253,74,293,350" step="2"/><W35/><G35/><T10/><D45/><U125/><E125/><V36/><F36/><W76/><G76/><T126/><D126/><U75/><E75/><V69/><F69/><AGARI ba="0,3" hai="44,48,53,61,64,69,79,80,86,113,114,115,120,121" machi="69" ten="40,5200,0" yaku="1,1,15,1,52,1,53,0" doraHai="83" doraHaiUra="92" who="3" fromWho="2" sc="253,0,74,0,293,-52,350,82" /><INIT seed="5,0,0,1,3,65" ten="253,74,241,432" oya="1" hai0="103,33,114,100,41,42,133,72,13,21,66,38,25" hai1="104,43,0,120,81,118,37,83,26,46,74,19,7" hai2="40,117,45,82,116,36,78,98,124,50,70,27,102" hai3="34,67,121,107,14,39,106,126,1,44,16,17,90"/><U88/><E118/><V131/><F131/><W68/><G121/><T85/><D72/><U22/><E120/><V30/><F124/><W35/><G1/><T3/><D3/><U77/><E104/><V8/><F8/><W9/><G126/><T125/><D125/><U52/><E83/><V122/><F50/><W54/><G90/><T12/><D114/><U109/><E109/><V53/><F122/><W28/><G54/><T96/><D33/><U87/><E52/><V11/><F53/><W63/><G17/><T95/><D133/><U55/><E55/><V80/><F11/><W119/><G35/><T113/><D103/><U111/><E111/><V115/><F82/><W61/><G61/><T32/><D32/><U71/><E71/><V130/><F115/><W57/><G57/><T99/><D99/><U132/><E132/><V91/><F91/><W48/><G119/><T73/><D73/><U86/><REACH who="1" step="1"/><E88/><REACH who="1" ten="253,64,241,432" step="2"/><V51/><F70/><W93/><G106/><T76/><D100/><U129/><E129/><V69/><F130/><W94/><G107/><T108/><D108/><U47/><E47/><V79/><F69/><W64/><G68/><T58/><D58/><U60/><E60/><V123/><F123/><W105/><G63/><T110/><D110/><U29/><E29/><V97/><F117/><W15/><G28/><T127/><D127/><U4/><E4/><V31/><F116/><W101/><G44/><T75/><D95/><U56/><E56/><V84/><F31/><W2/><G94/><T59/><D59/><U134/><E134/><V135/><F135/><RYUUKYOKU ba="0,1" sc="253,-10,64,30,241,-10,432,-10" hai1="0,7,19,22,26,37,43,46,74,77,81,86,87" /><INIT seed="5,1,1,4,5,73" ten="243,94,231,422" oya="1" hai0="133,51,4,75,35,76,82,39,21,38,132,25,134" hai1="45,123,15,90,24,66,118,102,43,57,135,58,91" hai2="129,96,120,124,98,68,104,94,110,17,80,93,92" hai3="101,97,0,41,22,7,54,78,86,55,59,33,126"/><U37/><E118/><V115/><F68/><W119/><G33/><T49/><D35/><U112/><E123/><V128/><F17/><W71/><G71/><T125/><D4/><U40/><E112/><V74/><F120/><W32/><G32/><T61/><D61/><U69/><E135/><V89/><F110/><W8/><G126/><T46/><D125/><U131/><E131/><N who="2" m="50251" /><F124/><W30/><G41/><T34/><D34/><U111/><E111/><V109/><F109/><W6/><G6/><T27/><D27/><U19/><E43/><V3/><F3/><W121/><G59/><T88/><D88/><U130/><E130/><V122/><F122/><W1/><G22/><T20/><D20/><U13/><E102/><N who="2" m="62535" /><F115/><W70/><G70/><T53/><REACH who="0" step="1"/><D49/><REACH who="0" ten="233,94,231,422" step="2"/><U113/><E113/><V11/><F11/><W108/><G8/><T114/><D114/><U84/><E91/><V99/><F89/><W72/><G7/><T23/><D23/><U26/><E26/><V85/><F99/><W50/><G97/><T116/><D116/><U67/><E24/><V106/><F98/><W95/><G101/><T100/><D100/><U28/><E28/><AGARI ba="1,2" hai="21,25,28,38,39,46,51,53,75,76,82,132,133,134" machi="28" ten="40,5200,0" yaku="1,1,20,1,52,1,53,0" doraHai="73" doraHaiUra="14" who="0" fromWho="1" sc="233,75,94,-55,231,0,422,0" /><INIT seed="6,0,0,4,4,62" ten="308,39,231,422" oya="2" hai0="1,101,106,80,94,5,99,19,29,85,114,125,81" hai1="47,42,92,45,116,36,134,129,113,74,21,70,89" hai2="28,33,12,133,111,71,49,10,20,88,31,4,76" hai3="126,16,121,69,102,26,131,72,87,91,63,51,30"/><V64/><F133/><W35/><G121/><T54/><D29/><U25/><E92/><V46/><F76/><W90/><G72/><T39/><D39/><U67/><E89/><V38/><F38/><W66/><G126/><T56/><D114/><U8/><E8/><V53/><F111/><W2/><G2/><T68/><D68/><U115/><E21/><V6/><F33/><W105/><G131/><T130/><D130/><U135/><E25/><V97/><F4/><W23/><G51/><T60/><D125/><U7/><E7/><V58/><F71/><W32/><G87/><T132/><D132/><N who="1" m="50731" /><E74/><V122/><F122/><W104/><G104/><T52/><D80/><U15/><E15/><V77/><F77/><W40/><G40/><T57/><D106/><U34/><E34/><V9/><F9/><W123/><G123/><T84/><D19/><U61/><E129/><V118/><F118/><W3/><G3/><T128/><D128/><U107/><E107/><V124/><F124/><W78/><G78/><T75/><D75/><U108/><E108/><V48/><F20/><W0/><G0/><T112/><D5/><U41/><E116/><V11/><F10/><W86/><G86/><N who="0" m="33387" /><D1/><U13/><E13/><V79/><F79/><W43/><G43/><T103/><D81/><U117/><E117/><V82/><F82/><W59/><G35/><T22/><D22/><U100/><E100/><V27/><F27/><W96/><G69/><T73/><D73/><U65/><E65/><V93/><F64/><W24/><AGARI ba="0,0" hai="16,23,24,26,30,32,59,63,66,90,91,96,102,105" machi="24" ten="20,5200,0" yaku="0,1,7,1,52,1,54,1" doraHai="62" who="3" fromWho="3" sc="308,-13,39,-13,231,-26,422,52" /><INIT seed="7,0,0,1,0,127" ten="295,26,205,474" oya="3" hai0="114,42,14,80,83,101,18,119,103,112,7,32,67" hai1="64,28,30,43,74,4,24,12,22,27,40,111,133" hai2="118,128,121,78,0,129,135,37,96,65,73,125,60" hai3="85,90,31,13,48,86,15,92,107,109,23,16,33"/><W82/><G107/><T11/><D119/><U81/><E64/><V104/><F78/><N who="3" m="46295" /><G33/><T110/><D110/><U108/><E81/><N who="0" m="31305" /><D32/><U51/><E51/><V102/><F118/><W98/><G109/><T45/><D67/><U94/><E74/><V57/><F125/><W29/><G48/><N who="0" m="26679" /><D7/><U131/><E94/><V34/><F73/><W97/><G15/><T75/><D75/><U54/><E54/><V115/><F34/><W105/><G105/><T62/><D62/><U124/><E43/><V126/><F126/><W117/><G117/><T38/><D38/><U41/><E124/><V134/><F37/><W116/><G116/><T84/><D84/><U3/><E133/><N who="2" m="50699" /><F0/><W95/><G97/><T39/><D39/><U6/><E3/><V113/><F121/><W79/><G79/><T5/><D5/><U122/><E12/><V91/><F91/><AGARI ba="0,0" hai="13,16,23,29,31,86,90,91,92,95,98" m="46295" machi="91" ten="30,2900,0" yaku="8,1,54,1" doraHai="127" who="3" fromWho="2" sc="295,0,26,0,205,-29,474,29" owari="295,10.0,26,-47.0,176,-22.0,503,59.0" /></mjloggm>