<mjloggm ver="2.3"><GO type="169" lobby="0"/><UN n0="%E3%83%8F%E3%82%BF%E3%83%A2%E3%83%88%E3%83%92%E3%83%AD" n1="%E9%BA%BB%E9%9B%80%E7%A0%94%E7%A9%B6%E9%83%A8" n2="%4D%6F%6E%6F%69%64" n3="%E6%84%9B%E5%86%85%E9%87%8C%E8%8F%9C" dan="17,16,16,18" rate="2138.37,2179.35,2160.40,2164.64" sx="M,F,F,F"/><TAIKYOKU oya="0"/><INIT seed="0,0,0,4,0,62" ten="250,250,250,250" oya="0" hai0="106,127,22,61,75,69,87,42,81,76,4,89,36" hai1="65,7,14,30,24,104,17,107,37,35,124,88,46" hai2="90,131,39,6,85,3,2,82,45,83,116,29,72" hai3="126,114,99,1,56,109,98,125,79,134,47,28,15"/><T26/><D127/><U96/><E124/><V105/><F105/><W25/><G1/><T31/><D106/><U94/><E7/><V0/><F131/><W34/><G114/><T133/><D133/><U92/><E37/><V21/><F116/><W86/><G134/><T135/><D135/><U108/><E108/><V97/><F97/><W49/><G109/><T78/><D78/><U70/><E46/><V84/><F72/><W50/><G15/><T5/><D42/><U111/><E111/><V53/><F6/><W122/><G122/><T11/><D36/><U66/><E94/><V128/><F128/><W13/><G13/><T80/><REACH who="0" step="1"/><D11/><REACH who="0" ten="240,250,250,250" step="2"/><U120/><E120/><V64/><F39/><W112/><G125/><T68/><D68/><U59/><E70/><V19/><F0/><W73/><G126/><T118/><D118/><U67/><REACH who="1" step="1"/><E59/><REACH who="1" ten="240,240,250,250" step="2"/><V58/><F58/><W115/><G56/><T12/><D12/><U110/><E110/><V101/><F2/><W18/><G47/><T20/><D20/><AGARI ba="0,2" hai="14,17,20,24,30,35,65,66,67,88,92,96,104,107" machi="20" ten="40,16000,3" yaku="1,1,52,3,54,1,53,3" doraHai="62" doraHaiUra="63" who="1" fromWho="0" sc="240,-160,240,180,250,0,250,0" /><INIT seed="1,0,0,0,3,40" ten="80,420,250,250" oya="1" hai0="108,5,103,13,44,102,56,10,57,53,39,8,93" hai1="86,3,113,110,88,52,90,124,63,1,71,114,48" hai2="36,127,33,31,117,21,32,122,59,97,116,30,7" hai3="66,78,75,79,38,91,133,20,126,46,27,54,100"/><U45/><E124/><V55/><F36/><W84/><G133/><T92/><D108/><U101/><E110/><V74/><F74/><W105/><G126/><T15/><D39/><U118/><E118/><V73/><F73/><W60/><G75/><T82/><D82/><U12/><E101/><V76/><F127/><W80/><G105/><T132/><D53/><U70/><E90/><V104/><F122/><W106/><G106/><T95/><D132/><U131/><E131/><V130/><F130/><W43/><G100/><T37/><D92/><U98/><E98/><V81/><F7/><W96/><G96/><T135/><D37/><U121/><E121/><V65/><F65/><W35/><G35/><T68/><D135/><U51/><E12/><V2/><F2/><W89/><G54/><T99/><D99/><U109/><E109/><V16/><F97/><W77/><G91/><T107/><D107/><U41/><E1/><V9/><F104/><W111/><G111/><T112/><D5/><U83/><E3/><V69/><F9/><W29/><REACH who="3" step="1"/><G77/><REACH who="3" ten="80,420,250,240" step="2"/><T119/><D112/><U18/><E113/><V125/><F125/><W34/><G34/><T19/><D119/><U58/><E114/><V67/><F117/><W115/><G115/><T28/><D19/><U134/><E134/><V50/><F116/><W129/><G129/><T94/><D103/><U87/><E18/><V123/><F32/><W25/><G25/><T49/><D102/><U0/><E52/><V61/><F33/><W24/><G24/><T23/><D95/><U22/><E88/><V120/><F120/><RYUUKYOKU ba="0,1" sc="80,-10,420,-10,250,-10,240,30" hai3="20,27,29,38,43,46,60,66,78,79,80,84,89" /><INIT seed="2,1,1,5,4,49" ten="70,410,240,270" oya="2" hai0="124,76,132,129,20,78,68,99,13,54,108,16,39" hai1="123,93,10,131,51,88,64,14,121,115,120,58,33" hai2="103,34,74,35,86,7,4,94,112,111,25,96,72" hai3="97,30,40,2,105,77,95,59,26,27,61,83,28"/><V84/><F112/><W29/><G105/><T15/><D108/><U53/><E131/><V24/><F111/><W117/><G40/><T47/><D129/><U116/><E115/><V80/><F72/><W52/><G2/><T65/><D132/><U69/><E33/><V67/><F74/><W9/><G9/><T128/><D128/><U32/><E32/><V42/><F35/><W130/><G117/><T48/><D124/><U75/><E75/><V50/><F67/><W107/><G107/><T6/><D39/><U126/><E126/><V43/><F34/><W98/><G130/><T82/><D99/><N who="3" m="37897" /><G95/><T122/><D122/><U134/><E134/><V90/><F84/><AGARI ba="1,1" hai="26,27,28,29,30,52,59,61,77,83,84" m="37897" machi="84" ten="30,3900,0" yaku="8,1,52,1,54,1" doraHai="49" who="3" fromWho="2" sc="70,0,410,0,240,-42,270,52" /><INIT seed="3,0,0,2,1,25" ten="70,410,198,322" oya="3" hai0="130,28,43,124,3,1,133,127,66,35,39,113,65" hai1="22,90,34,111,87,54,38,121,92,68,51,59,88" hai2="116,98,95,120,7,69,42,128,4,60,97,91,103" hai3="40,48,21,100,77,115,102,13,33,122,135,126,24"/><W26/><G115/><T110/><D113/><U0/><E111/><V37/><F116/><W67/><G122/><T10/><D110/><U104/><E34/><V9/><F120/><W44/><G135/><T23/><D43/><U31/><E68/><V53/><F128/><W18/><G126/><N who="0" m="48171" /><D39/><U123/><E0/><N who="0" m="73" /><D65/><U19/><E104/><V29/><F29/><W8/><G67/><T105/><D105/><U85/><E31/><V15/><F4/><W114/><G114/><T81/><D66/><U50/><E50/><V76/><F76/><W109/><G77/><T41/><D81/><U94/><E38/><V52/><F69/><W82/><G82/><T119/><D41/><U75/><E75/><V83/><F60/><W64/><G64/><T108/><D108/><U132/><E132/><V36/><F36/><W86/><G86/><T129/><D133/><U5/><E5/><V106/><REACH who="2" step="1"/><F83/><REACH who="2" ten="70,410,188,322" step="2"/><W89/><G109/><T74/><D119/><U72/><REACH who="1" step="1"/><E72/><REACH who="1" ten="70,400,188,322" step="2"/><V27/><F27/><AGARI ba="0,2" hai="19,22,27,51,54,59,85,87,88,90,92,94,121,123" machi="27" ten="30,8000,1" yaku="1,1,2,1,7,1,9,1,54,1,53,0" doraHai="25" doraHaiUra="57" who="1" fromWho="2" sc="70,0,400,100,188,-80,322,0" /><INIT seed="4,0,0,0,4,97" ten="70,500,108,322" oya="0" hai0="65,2,46,48,4,121,102,30,47,42,61,51,95" hai1="103,79,5,127,22,85,76,90,24,131,44,83,33" hai2="91,0,15,11,8,58,41,110,66,23,43,37,112" hai3="20,34,25,19,71,104,132,18,118,86,114,57,13"/><T116/><D116/><U109/><E127/><V111/><F112/><W120/><G71/><T31/><D121/><U29/><E131/><V55/><F111/><W28/><G118/><T12/><D2/><U9/><E109/><V87/><F110/><W92/><G104/><T70/><D4/><U77/><E103/><V69/><F37/><W119/><G132/><T84/><D12/><N who="1" m="5167" /><E33/><V133/><F133/><W52/><G18/><T40/><REACH who="0" step="1"/><D84/><REACH who="0" ten="60,500,108,322" step="2"/><N who="1" m="50463" /><E44/><V124/><F124/><W27/><G120/><T63/><D63/><U75/><E75/><V67/><F0/><W88/><G119/><T32/><D32/><U36/><E36/><V89/><F69/><W1/><G1/><T53/><D53/><U26/><E24/><V10/><F23/><W21/><G114/><T115/><D115/><U80/><AGARI ba="0,1" hai="22,26,29,76,77,79,80,85" m="50463,5167" machi="80" ten="30,1100,0" yaku="8,1" doraHai="97" who="1" fromWho="1" sc="60,-5,500,21,108,-3,322,-3" /><INIT seed="5,0,0,4,5,46" ten="55,521,105,319" oya="1" hai0="35,107,101,108,66,8,34,81,21,79,122,58,90" hai1="92,82,134,76,1,128,131,40,15,24,124,100,54" hai2="77,2,94,59,96,67,84,80,27,52,45,133,85" hai3="109,95,23,49,10,33,61,71,70,117,6,87,104"/><U111/><E1/><V32/><F2/><W17/><G109/><T53/><D108/><U47/><E111/><V60/><F133/><W16/><G104/><T31/><D122/><U69/><E124/><V5/><F5/><W29/><G33/><T51/><D90/><U88/><E100/><V74/><F32/><W99/><G87/><T132/><D132/><U123/><E123/><V127/><F127/><W19/><G117/><T97/><D8/><U28/><E69/><V116/><F116/><W106/><G106/><T126/><D66/><U38/><E15/><V130/><F130/><W11/><G29/><T86/><REACH who="0" step="1"/><D126/><REACH who="0" ten="45,521,105,319" step="2"/><U37/><E134/><V44/><F27/><AGARI ba="0,1" hai="21,27,31,34,35,51,53,58,79,81,86,97,101,107" machi="27" ten="40,5200,0" yaku="1,1,2,1,52,1,53,0" doraHai="46" doraHaiUra="114" who="0" fromWho="2" sc="45,62,521,0,105,-52,319,0" /><INIT seed="6,0,0,1,4,68" ten="107,521,53,319" oya="2" hai0="40,123,78,11,126,25,58,14,46,109,23,99,102" hai1="120,132,67,19,18,131,129,57,51,74,27,21,13" hai2="71,80,73,89,106,2,92,105,42,63,9,55,10" hai3="69,108,85,116,24,83,7,107,84,86,111,122,60"/><V134/><F134/><W44/><G107/><T90/><D109/><U96/><E132/><V4/><F42/><W32/><G83/><T70/><D70/><U113/><E113/><V49/><F10/><W50/><G7/><T45/><D126/><U91/><E74/><V77/><F63/><W29/><G116/><T5/><D123/><U30/><E120/><V128/><F71/><W87/><G87/><T38/><D78/><U12/><E91/><V81/><F81/><W88/><G88/><T31/><D90/><U36/><E36/><V43/><F43/><W76/><G76/><T135/><D135/><U117/><E117/><V48/><F128/><W56/><G69/><T16/><D58/><U26/><E96/><V127/><F127/><W47/><G47/><T121/><D46/><U75/><E75/><V15/><F2/><W34/><G34/><T103/><D121/><U33/><E18/><V112/><F112/><W119/><G119/><T62/><D62/><N who="1" m="38351" /><E51/><V1/><F1/><W35/><G32/><T61/><D61/><U52/><E52/><V8/><F8/><W66/><G122/><T101/><REACH who="0" step="1"/><D31/><REACH who="0" ten="97,521,53,319" step="2"/><U64/><E64/><V97/><REACH who="2" step="1"/><F48/><REACH who="2" ten="97,521,43,319" step="2"/><W93/><G108/><T82/><D82/><U59/><E131/><V53/><F53/><N who="3" m="29895" /><G111/><T79/><D79/><U65/><E129/><V115/><F115/><W98/><G60/><T110/><D110/><U20/><E65/><V100/><F100/><N who="3" m="60495" /><G66/><T72/><D72/><U28/><E33/><V6/><F6/><W94/><G35/><T17/><D17/><U124/><E19/><V104/><F104/><AGARI ba="0,2" hai="5,11,14,16,23,25,38,40,45,99,101,102,103,104" machi="104" ten="30,12000,2" yaku="1,1,6,1,7,1,52,1,54,1,53,1" doraHai="68" doraHaiUra="41" who="0" fromWho="2" sc="97,140,521,0,43,-120,319,0" owari="237,-16.0,521,62.0,-77,-58.0,319,12.0" /></mjloggm>