<mjloggm ver="2.3"><GO type="169" lobby="0"/><UN n0="%52%45%49%4E%E6%A3%AE%E4%B9%85%E4%BF%9D%50" n1="%E5%B0%8F%E6%B1%A0%E7%BE%8E%E6%B3%A2%E2%8A%BF" n2="%E3%81%8A%E3%81%98%E3%81%95%E3%82%93" n3="%E3%81%94%E3%81%AB%E3%82%87" dan="16,16,16,17" rate="2125.02,2093.79,2184.05,2173.63" sx="M,F,M,M"/><TAIKYOKU oya="0"/><INIT seed="0,0,0,3,1,31" ten="250,250,250,250" oya="0" hai0="1,35,66,82,49,112,50,108,116,11,41,57,85" hai1="118,47,40,20,90,76,117,134,87,133,19,10,55" hai2="91,60,61,97,114,23,58,64,46,68,86,13,132" hai3="81,72,105,53,45,0,69,125,80,92,29,32,36"/><T99/><D112/><U96/><E76/><V48/><F114/><W79/><G92/><T102/><D116/><U65/><E65/><V16/><F132/><N who="1" m="50793" /><E96/><V124/><F124/><W30/><G30/><T128/><D35/><U104/><E55/><V70/><F97/><W103/><G53/><T74/><D128/><U62/><E62/><V120/><F61/><W22/><G22/><T51/><D108/><U135/><E104/><V100/><F120/><W39/><G125/><T15/><D1/><U111/><E111/><V7/><F7/><W56/><G56/><T126/><D126/><U88/><E90/><V17/><F17/><W95/><G95/><N who="0" m="58751" /><D74/><U73/><E10/><V12/><F12/><W5/><G81/><T113/><D113/><U43/><E73/><V110/><F100/><W121/><G121/><T71/><D71/><U89/><E89/><V59/><F70/><W129/><G129/><T26/><D26/><N who="1" m="14623" /><E43/><V107/><F110/><W78/><G78/><N who="0" m="46295" /><D66/><U122/><N who="1" m="50801" /><U109/><DORA hai="84" /><E109/><V63/><F107/><W2/><G69/><T4/><D41/><U75/><E75/><V77/><F63/><W106/><G106/><T28/><D28/><U93/><E122/><V24/><F77/><W3/><G105/><T37/><D37/><AGARI ba="0,0" hai="37,40,47,87,88,93,117,118" m="14623,50801" machi="37" ten="40,5200,0" yaku="20,1,52,1,54,1" doraHai="31,84" who="1" fromWho="0" sc="250,-52,250,52,250,0,250,0" /><INIT seed="1,0,0,5,3,36" ten="198,302,250,250" oya="1" hai0="71,49,103,93,51,19,113,41,126,116,22,28,46" hai1="81,31,64,130,50,12,132,2,63,72,129,75,119" hai2="82,122,33,109,18,58,20,92,21,57,131,67,83" hai3="134,88,124,1,26,30,11,42,3,38,79,9,111"/><U128/><E2/><V76/><F33/><W133/><G79/><T29/><D71/><U45/><E119/><V99/><F122/><W16/><G88/><T25/><D113/><U77/><E132/><N who="3" m="50794" /><G42/><T104/><D104/><U90/><E31/><V10/><F109/><W97/><G97/><N who="0" m="59823" /><D126/><U53/><E12/><N who="2" m="7447" /><F131/><W60/><G60/><T43/><D116/><U5/><E5/><V115/><F115/><W84/><G84/><T110/><D110/><U6/><E6/><V120/><F120/><W87/><G87/><T94/><D94/><U117/><E117/><V39/><F39/><W24/><G38/><T4/><D4/><U32/><E32/><V23/><F67/><W127/><G111/><T59/><D59/><N who="2" m="22538" /><F76/><W95/><G95/><T98/><D98/><U14/><E14/><V61/><F61/><W62/><G62/><T27/><D27/><N who="3" m="10281" /><G30/><N who="0" m="11883" /><D51/><U56/><E90/><AGARI ba="0,0" hai="20,21,23,82,83,90,92,99" m="22538,7447" machi="90" ten="30,1000,0" yaku="8,1" doraHai="36" who="2" fromWho="1" sc="198,0,302,-10,250,10,250,0" /><INIT seed="2,0,0,1,0,4" ten="198,292,260,250" oya="2" hai0="6,74,54,129,105,132,101,86,130,122,95,108,56" hai1="25,83,67,116,40,35,97,27,131,32,89,80,111" hai2="96,81,72,51,125,50,52,57,113,133,36,20,60" hai3="93,10,92,42,18,13,15,69,78,107,127,117,121"/><V100/><F113/><W53/><G107/><T79/><D122/><U3/><E116/><V82/><F36/><W102/><G117/><T24/><D108/><U33/><E111/><V134/><F125/><W55/><G69/><T14/><D132/><N who="2" m="50794" /><F20/><W17/><G127/><T41/><D41/><U62/><E131/><N who="0" m="50185" /><D74/><U71/><E3/><V48/><F72/><W99/><G121/><T98/><D24/><U123/><E123/><V29/><F29/><W110/><G110/><T58/><D79/><U47/><E83/><V104/><AGARI ba="0,0" hai="48,50,51,52,57,60,81,82,96,100,104" m="50794" machi="104" ten="30,3000,0" yaku="20,1,54,1" doraHai="4" who="2" fromWho="2" sc="198,-10,292,-10,260,30,250,-10" /><INIT seed="2,1,0,4,0,76" ten="188,282,290,240" oya="2" hai0="47,118,25,7,12,125,80,91,74,115,122,43,123" hai1="97,109,42,107,85,77,29,88,95,5,59,130,129" hai2="116,89,14,121,64,92,10,119,72,73,84,37,20" hai3="105,35,31,81,112,6,51,98,36,41,113,62,100"/><V26/><F121/><W50/><G6/><T53/><D115/><N who="3" m="44105" /><G62/><T135/><D118/><U111/><E42/><V101/><F37/><W83/><G31/><T61/><D135/><U134/><E134/><V23/><F119/><W58/><G35/><T49/><D125/><U13/><E29/><V128/><F116/><W1/><G1/><T71/><D25/><U106/><E59/><V3/><F3/><W114/><N who="3" m="44113" /><W102/><DORA hai="63" /><G102/><T86/><D74/><U19/><E5/><V2/><F2/><W24/><G24/><T124/><D124/><U70/><E70/><V52/><F101/><W33/><G33/><T44/><D7/><U22/><E107/><V27/><F128/><N who="1" m="49257" /><E106/><V108/><F108/><N who="1" m="41545" /><E77/><V39/><F39/><W127/><G127/><T87/><D12/><U32/><E32/><V66/><F73/><W11/><G58/><T99/><D99/><AGARI ba="1,0" hai="13,19,22,85,88,95,97,99" m="41545,49257" machi="99" ten="30,3900,0" yaku="19,1,14,1,54,1" doraHai="76,63" who="1" fromWho="0" sc="188,-42,282,42,290,0,240,0" /><INIT seed="3,0,0,3,4,91" ten="146,324,290,240" oya="3" hai0="106,116,115,122,76,54,29,55,69,40,68,64,39" hai1="12,26,42,102,61,50,7,117,24,57,21,28,18" hai2="127,118,87,60,96,97,108,72,71,6,107,92,130" hai3="82,31,125,78,88,19,65,70,89,113,62,58,30"/><W85/><G125/><T23/><D76/><U67/><E117/><V3/><F118/><W83/><G113/><T32/><D23/><N who="1" m="15455" /><E102/><V59/><F71/><W129/><G129/><T132/><D29/><U98/><E98/><V74/><F130/><W8/><G70/><T95/><D95/><U1/><E1/><V81/><F107/><W121/><G121/><T114/><D106/><U36/><E36/><V99/><F127/><W105/><G89/><T49/><D32/><U79/><E79/><V90/><F108/><W123/><G123/><T33/><D33/><U133/><E133/><V80/><F72/><W5/><G19/><T25/><D25/><U126/><E126/><V75/><F75/><W128/><G128/><T44/><D116/><U14/><E7/><V9/><REACH who="2" step="1"/><F74/><REACH who="2" ten="146,324,280,240" step="2"/><W15/><G105/><T41/><D122/><U53/><E42/><V35/><F35/><W77/><REACH who="3" step="1"/><G77/><REACH who="3" ten="146,324,280,230" step="2"/><T101/><D132/><U119/><E119/><V46/><F46/><AGARI ba="0,2" hai="12,14,18,21,24,46,50,53,57,61,67" m="15455" machi="46" ten="30,1000,0" yaku="8,1" doraHai="91" who="1" fromWho="2" sc="146,0,324,30,280,-10,230,0" /><INIT seed="4,0,0,3,3,114" ten="146,354,270,230" oya="0" hai0="11,43,33,50,132,38,84,13,74,105,25,55,14" hai1="61,115,21,124,52,68,126,29,8,118,16,120,113" hai2="27,95,48,30,15,130,19,73,32,79,0,131,4" hai3="93,45,18,65,127,100,96,69,62,49,88,81,80"/><T10/><D74/><U60/><E120/><V39/><F39/><W9/><G127/><N who="1" m="48682" /><E68/><V1/><F95/><W36/><G36/><T22/><D105/><U46/><E118/><V78/><F48/><W70/><G70/><T64/><D132/><U103/><E103/><V90/><F90/><W42/><G18/><T121/><D121/><U72/><E29/><V134/><F79/><W133/><G133/><T6/><D33/><U82/><E8/><N who="2" m="6631" /><F78/><W67/><G67/><T24/><D64/><U86/><E72/><V83/><F83/><W102/><G102/><T35/><D35/><U104/><E104/><V109/><F73/><W7/><REACH who="3" step="1"/><G100/><REACH who="3" ten="146,354,270,220" step="2"/><T135/><D38/><U34/><E113/><V59/><F134/><W110/><G110/><T123/><D135/><U56/><E115/><V91/><F109/><W97/><G97/><T26/><D123/><U99/><E16/><V44/><F131/><W58/><G58/><T12/><D43/><U54/><E99/><V129/><F59/><W128/><G128/><T23/><D84/><U111/><E56/><V125/><F125/><W117/><G117/><T98/><D98/><U71/><E71/><V2/><F130/><W20/><G20/><T119/><D119/><U76/><E34/><V53/><F129/><W112/><G112/><T40/><D40/><U66/><E111/><V92/><F32/><W106/><G106/><T75/><D75/><U116/><E116/><V31/><F53/><N who="1" m="20585" /><E66/><V122/><F122/><W107/><G107/><T28/><D28/><U51/><E21/><N who="0" m="7689" /><D6/><U17/><E17/><V5/><F5/><RYUUKYOKU ba="0,1" sc="146,10,354,10,270,-30,220,10" hai0="10,11,12,13,14,24,25,26,50,55" hai1="46,51,60,61,76,82,86" hai3="7,9,42,45,49,62,65,69,80,81,88,93,96" /><INIT seed="4,1,1,4,3,117" ten="156,364,240,230" oya="0" hai0="75,12,33,18,128,87,39,30,10,26,43,101,131" hai1="126,102,34,90,56,82,69,125,3,89,81,42,8" hai2="55,49,108,1,123,63,115,24,29,51,94,16,85" hai3="116,114,47,104,120,67,64,38,13,98,93,124,110"/><T27/><D75/><U23/><E69/><V113/><F1/><W25/><G104/><T54/><D101/><U17/><E34/><V70/><F108/><W77/><G25/><N who="0" m="18639" /><D54/><U57/><E102/><V28/><F123/><W78/><G47/><T21/><D87/><U65/><E8/><V4/><F4/><W88/><G64/><T53/><D53/><U52/><E3/><V61/><F29/><W36/><G67/><T129/><D43/><U68/><E42/><V105/><F105/><W79/><G38/><T5/><D39/><U31/><E31/><V6/><F6/><W121/><G36/><T22/><D22/><U91/><E68/><V109/><F28/><W66/><G66/><T20/><D20/><U44/><E57/><V107/><F107/><W119/><G110/><T73/><D73/><U32/><E32/><V19/><F109/><W127/><G114/><N who="2" m="43529" /><F70/><W80/><G80/><T40/><D40/><U37/><E65/><V0/><F0/><AGARI ba="1,1" hai="0,5,10,12,18,21,26,27,128,129,131" m="18639" machi="0" ten="30,11600,0" yaku="24,1,19,1,34,2" doraHai="117" who="0" fromWho="2" sc="156,129,364,0,240,-119,230,0" /><INIT seed="4,2,0,0,1,125" ten="285,364,121,230" oya="0" hai0="129,81,82,75,17,74,103,25,126,55,85,35,115" hai1="45,33,94,117,134,102,4,24,41,2,26,95,71" hai2="67,10,62,68,16,60,79,21,120,43,104,50,113" hai3="116,110,40,86,124,66,108,112,105,12,49,97,15"/><T57/><D129/><U87/><E117/><V30/><F120/><W0/><G0/><T93/><D115/><U3/><E71/><V31/><F113/><W76/><G124/><T100/><D126/><U130/><E33/><V70/><F104/><W132/><G132/><T48/><D74/><U99/><E134/><V19/><F79/><W92/><G112/><T13/><D35/><U37/><E4/><V58/><F10/><W121/><G66/><T133/><D25/><U44/><E87/><V64/><F19/><W51/><G40/><T128/><D128/><U73/><E41/><V91/><F91/><W88/><G116/><T27/><D27/><U53/><E53/><V46/><REACH who="2" step="1"/><F58/><REACH who="2" ten="285,364,111,230" step="2"/><W65/><G105/><T7/><D133/><U109/><E102/><V98/><F98/><W80/><G121/><T72/><D103/><U47/><E99/><V106/><F106/><W28/><G76/><T69/><D100/><U107/><E107/><V36/><F36/><W56/><G97/><T111/><D69/><U89/><E89/><V1/><F1/><W38/><G88/><N who="0" m="53391" /><D111/><U6/><E37/><V135/><F135/><W32/><G38/><T123/><D123/><U11/><E2/><V78/><F78/><W39/><G39/><T18/><D75/><U90/><E73/><V29/><F29/><W59/><G28/><T127/><D72/><U42/><E109/><V118/><F118/><W77/><G110/><T22/><D127/><U96/><E95/><V8/><F8/><W14/><G108/><T61/><D18/><U84/><E96/><V101/><F101/><RYUUKYOKU ba="2,1" sc="285,-10,364,-10,111,30,230,-10" hai2="16,21,30,31,43,46,50,60,62,64,67,68,70" /><INIT seed="5,3,1,0,1,118" ten="275,354,141,220" oya="1" hai0="15,46,24,96,27,119,44,112,124,122,123,49,53" hai1="39,117,100,115,111,10,19,113,12,8,70,125,21" hai2="3,82,7,83,129,37,29,78,66,67,4,13,85" hai3="79,1,130,98,74,87,61,42,9,101,41,2,71"/><U38/><E117/><V33/><F3/><W64/><G130/><T35/><D119/><U131/><E131/><V60/><F37/><N who="1" m="13833" /><E70/><V23/><F129/><W55/><G74/><T134/><D112/><N who="1" m="43083" /><E125/><V45/><F45/><N who="0" m="17514" /><D124/><U95/><E111/><V121/><F33/><W76/><G55/><T120/><D134/><U26/><E26/><N who="0" m="9769" /><D15/><U65/><E65/><V14/><F85/><W110/><G87/><T48/><D35/><U30/><E30/><V58/><F58/><W91/><G110/><T107/><D53/><U77/><E77/><V94/><F78/><W32/><G32/><T108/><D108/><U57/><E57/><V93/><F29/><W109/><G109/><T68/><D68/><U51/><E51/><N who="0" m="19529" /><D96/><AGARI ba="3,1" hai="8,10,12,19,21,95,96,100" m="43083,13833" machi="96" ten="30,1500,0" yaku="15,1" doraHai="118" who="1" fromWho="0" sc="275,-24,354,34,141,0,220,0" /><INIT seed="5,4,0,3,5,33" ten="251,388,141,220" oya="1" hai0="120,32,74,42,118,125,111,35,106,81,22,71,121" hai1="50,107,59,92,14,109,28,88,61,58,64,41,129" hai2="62,130,39,55,72,36,5,80,45,73,0,124,48" hai3="113,105,6,122,132,27,43,97,96,34,76,13,102"/><U95/><E107/><V79/><F72/><W86/><G122/><T1/><D22/><U46/><E129/><V63/><F130/><W8/><G113/><T16/><D16/><U89/><E109/><V117/><F117/><W93/><G132/><T40/><D81/><U94/><E28/><V29/><F124/><W47/><G34/><T10/><D42/><U17/><REACH who="1" step="1"/><E59/><REACH who="1" ten="251,378,141,220" step="2"/><V60/><REACH who="2" step="1"/><F29/><REACH who="2" ten="251,378,131,220" step="2"/><W11/><G105/><T31/><D106/><U78/><E78/><V123/><F123/><W70/><G76/><T77/><D121/><U26/><E26/><V24/><F24/><W100/><G27/><T44/><D120/><U49/><E49/><V85/><F85/><W37/><G86/><T126/><D77/><U51/><E51/><V4/><F4/><W38/><G6/><T114/><D125/><U18/><E18/><V131/><F131/><W83/><G37/><T103/><D126/><U69/><E69/><V98/><F98/><W119/><G70/><T112/><D71/><U87/><E87/><V91/><F91/><W19/><G97/><T25/><D114/><U82/><E82/><V115/><F115/><W21/><G83/><T135/><D112/><U84/><E84/><V30/><F30/><W133/><G96/><T110/><D31/><U54/><E54/><V101/><F101/><W108/><G102/><T68/><D103/><U15/><E15/><V52/><F52/><W65/><G100/><T9/><D25/><U23/><AGARI ba="4,2" hai="14,17,23,41,46,50,58,61,64,88,89,92,94,95" machi="23" ten="30,11700,0" yaku="1,1,0,1,8,1,54,1,53,0" doraHai="33" doraHaiUra="75" who="1" fromWho="1" sc="251,-43,378,149,131,-43,220,-43" /><INIT seed="5,5,0,2,4,29" ten="208,527,88,177" oya="1" hai0="79,120,12,62,60,114,17,49,18,133,126,76,95" hai1="52,16,7,117,81,35,92,101,100,70,0,112,15" hai2="82,73,20,87,107,113,21,40,28,99,109,5,27" hai3="83,1,89,105,132,91,23,3,4,68,108,116,66"/><U123/><E117/><V57/><F109/><W2/><G108/><T86/><D114/><U32/><E123/><V63/><F113/><W119/><G105/><T78/><D120/><U61/><E112/><V41/><F73/><W106/><G106/><T130/><D130/><U25/><E81/><V50/><F5/><W129/><G129/><T13/><D133/><U127/><E70/><V26/><F50/><W55/><G132/><T51/><D126/><U71/><E71/><V124/><F124/><W80/><G55/><T58/><D95/><U97/><E100/><V38/><F38/><W134/><G134/><T115/><D115/><U94/><E92/><V56/><F99/><W53/><G53/><T30/><D30/><U128/><E127/><V6/><F6/><W34/><G23/><T110/><D110/><U122/><E128/><V44/><F107/><W85/><G4/><T121/><D121/><U65/><E65/><N who="2" m="39143" /><F57/><W31/><G66/><T131/><D131/><U72/><E72/><V64/><F44/><W98/><G68/><T88/><D58/><N who="1" m="35015" /><E0/><V46/><F46/><W69/><G69/><T75/><D75/><U43/><E43/><N who="2" m="16459" /><F64/><W33/><G98/><T8/><D62/><U125/><E122/><V67/><F67/><W42/><G42/><T37/><D60/><U10/><E125/><V59/><F59/><W102/><G1/><T19/><D37/><U84/><E84/><V103/><F103/><W47/><G102/><T22/><D18/><U39/><E39/><V14/><F28/><W96/><G85/><T9/><D9/><U11/><E11/><RYUUKYOKU ba="5,0" sc="208,15,527,15,88,-15,177,-15" hai0="8,12,13,17,19,22,49,51,76,78,79,86,88" hai1="7,10,15,16,25,32,35,94,97,101" /><INIT seed="5,6,0,1,5,100" ten="223,542,73,162" oya="1" hai0="14,35,16,113,33,95,51,103,54,30,92,1,25" hai1="106,5,2,70,19,91,133,6,79,28,96,55,127" hai2="109,36,11,42,47,69,126,123,99,45,43,49,131" hai3="60,44,40,105,32,112,20,84,9,21,66,130,72"/><U39/><E70/><V94/><F123/><W81/><G72/><T61/><D1/><U129/><E39/><V67/><F109/><W117/><G112/><T23/><D113/><U8/><E28/><V13/><F126/><W3/><G130/><T56/><D35/><U71/><E71/><V121/><F131/><W98/><G32/><T31/><D31/><U75/><E129/><V116/><F121/><W89/><G117/><T73/><D73/><U101/><E133/><V46/><F116/><W102/><G9/><T85/><D85/><U15/><E127/><V12/><F47/><W108/><G3/><T93/><D103/><U78/><E75/><V53/><F53/><W132/><G132/><T135/><D135/><U82/><E6/><V124/><F124/><W76/><G76/><T27/><D27/><U80/><E55/><V111/><F111/><W110/><G110/><T104/><D104/><U0/><E0/><V48/><F36/><W83/><G83/><T65/><REACH who="0" step="1"/><D93/><REACH who="0" ten="213,542,73,162" step="2"/><U34/><E34/><V58/><F94/><W120/><G108/><T4/><D4/><U87/><E82/><V114/><F114/><W88/><G120/><T68/><AGARI ba="6,1" hai="14,16,23,25,30,33,51,54,56,61,65,68,92,95" machi="68" ten="20,8000,1" yaku="1,1,0,1,7,1,54,1,53,1" doraHai="100" doraHaiUra="59" who="0" fromWho="0" sc="213,108,542,-46,73,-26,162,-26" /><INIT seed="6,0,0,0,5,125" ten="321,496,47,136" oya="2" hai0="46,52,80,85,42,54,101,38,31,18,22,35,117" hai1="74,134,56,7,127,131,3,27,50,84,108,29,37" hai2="112,88,19,16,60,12,20,6,47,75,66,91,130" hai3="13,122,65,111,95,71,53,48,109,2,40,39,118"/><V115/><F75/><W1/><G118/><T89/><D117/><U132/><E108/><V135/><F135/><W73/><G73/><T24/><REACH who="0" step="1"/><D101/><REACH who="0" ten="311,496,47,136" step="2"/><U26/><E134/><V61/><F6/><W110/><G110/><T123/><D123/><U113/><E7/><V5/><F5/><W121/><G111/><T11/><D11/><U23/><E132/><V4/><F4/><W106/><G109/><T72/><D72/><U98/><E74/><V68/><F130/><W64/><G121/><T25/><AGARI ba="0,1" hai="18,22,24,25,31,35,38,42,46,52,54,80,85,89" machi="25" ten="20,5200,0" yaku="1,1,0,1,7,1,54,1,53,0" doraHai="125" doraHaiUra="93" who="0" fromWho="0" sc="311,62,496,-13,47,-26,136,-13" /><INIT seed="7,0,0,5,1,12" ten="373,483,21,123" oya="3" hai0="117,116,80,13,96,50,75,123,120,83,45,19,71" hai1="7,135,129,106,107,28,74,73,66,100,1,24,134" hai2="122,111,49,118,130,84,85,68,55,78,88,81,57" hai3="47,63,127,23,94,33,41,0,30,62,18,40,95"/><W110/><G127/><T10/><D71/><U51/><E129/><V9/><F130/><W54/><G110/><T103/><D120/><U8/><E66/><V56/><F111/><W79/><G0/><T69/><D69/><U131/><E51/><V38/><F68/><W37/><G79/><T102/><D102/><U99/><E107/><V76/><F122/><W6/><G6/><T112/><D112/><U125/><E131/><V17/><F38/><W64/><G33/><T65/><D65/><U60/><E60/><N who="3" m="23082" /><G30/><T2/><D2/><U31/><E31/><V4/><F118/><W105/><G105/><T46/><D46/><U114/><E114/><V29/><F29/><W53/><G64/><T35/><D35/><N who="1" m="20871" /><E125/><V58/><F4/><W21/><G21/><T20/><D123/><U97/><E97/><V101/><F101/><W36/><G36/><T48/><D48/><U11/><E11/><V126/><F126/><W44/><G44/><T27/><D75/><AGARI ba="0,0" hai="1,7,8,73,74,75,99,100,106,134,135" m="20871" machi="75" ten="30,1000,0" yaku="23,1" doraHai="12" who="1" fromWho="0" sc="373,-10,483,10,21,0,123,0" owari="363,16.0,493,60.0,21,-48.0,123,-28.0" /></mjloggm>