<mjloggm ver="2.3"><GO type="185" lobby="0"/><UN n0="%68%6F%70%70%6F%31%32%33" n1="%E8%99%8E%E7%8D%85%E3%81%8F%E3%82%93" n2="%E3%81%BF%E3%82%83%E3%83%BC%E3%81%B6%E3%82%8C%E3%81%84%E3%81%8F" n3="" dan="16,16,16,0" rate="2083.43,2169.24,2200.39,1500.00" sx="M,M,M,C"/><TAIKYOKU oya="0"/><INIT seed="0,0,0,2,1,74" ten="350,350,350,0" oya="0" hai0="68,38,111,124,69,32,65,96,3,117,48,129,63" hai1="82,102,122,108,1,0,55,114,34,47,66,41,95" hai2="118,132,75,84,77,60,85,97,98,43,52,73,109" hai3=""/><T83/><D117/><U78/><N who="1" m="31264" /><U104/><E34/><V46/><F118/><T131/><D3/><U130/><E108/><V44/><F109/><T42/><D111/><U89/><E130/><N who="0" m="49673" /><D32/><U100/><E114/><V57/><F132/><T92/><D38/><U135/><E135/><V113/><F113/><T93/><D83/><U105/><E55/><V128/><F128/><T54/><D42/><U116/><E66/><V107/><F75/><T119/><D119/><U59/><E59/><V121/><N who="2" m="31008" /><V134/><F134/><T53/><D53/><U33/><E33/><V80/><F46/><T61/><D124/><U115/><E115/><V90/><F107/><T79/><D63/><U76/><E116/><V72/><F72/><T86/><D96/><U120/><N who="1" m="30752" /><U51/><E0/><V49/><F73/><T39/><D39/><U110/><E110/><V112/><F112/><T91/><D69/><U45/><E1/><V125/><F125/><T67/><D67/><U37/><E82/><AGARI ba="0,0" hai="43,44,49,52,57,60,77,80,82,84,85,90,97,98" m="31008" machi="82" ten="30,8000,1" yaku="7,1,8,1,52,2,54,1" doraHai="74" who="2" fromWho="1" sc="350,0,350,-80,350,80,0,0" /><INIT seed="1,0,0,5,5,115" ten="350,270,430,0" oya="1" hai0="129,103,116,36,73,54,60,55,45,83,113,82,61" hai1="46,57,91,77,34,67,95,43,104,50,47,128,87" hai2="120,2,52,42,96,111,85,62,130,86,109,38,65" hai3=""/><U49/><E128/><V121/><N who="2" m="30752" /><V124/><N who="2" m="31008" /><V1/><F124/><T58/><D113/><U41/><E104/><V84/><F130/><T88/><D103/><U98/><E34/><V3/><F96/><T68/><D68/><U0/><E0/><V93/><F93/><T125/><D125/><U123/><N who="1" m="31520" /><U94/><E77/><V79/><F79/><T48/><D36/><U37/><E37/><V127/><F127/><T119/><D129/><U92/><E98/><V90/><F90/><T72/><D82/><U75/><E75/><V126/><F52/><T100/><D100/><U102/><E102/><V33/><F33/><T89/><D61/><AGARI ba="0,0" hai="41,43,46,47,49,50,57,61,67,87,91,92,94,95" m="31520" machi="61" ten="40,7700,0" yaku="9,1,8,1,52,1" doraHai="115" who="1" fromWho="0" sc="350,-77,270,77,430,0,0,0" /><INIT seed="1,1,0,1,2,89" ten="273,347,430,0" oya="1" hai0="127,41,66,82,35,86,83,74,135,111,132,91,69" hai1="118,76,61,37,113,50,48,55,72,133,73,116,63" hai2="96,78,93,1,65,115,134,129,100,32,97,70,101" hai3=""/><U121/><N who="1" m="31008" /><U124/><E113/><V105/><F32/><T98/><D111/><U42/><E37/><V119/><F119/><T112/><D127/><U45/><E124/><V104/><F1/><T125/><D35/><U49/><E133/><N who="0" m="51273" /><D125/><U3/><E3/><V51/><F134/><T75/><D41/><U94/><E49/><V44/><F115/><T53/><D53/><U130/><E130/><V40/><F129/><T114/><D66/><U117/><E94/><V52/><F78/><T109/><D69/><U108/><E108/><V59/><F70/><T81/><D109/><U77/><E77/><V123/><N who="2" m="31520" /><V95/><F65/><T80/><D98/><U106/><E63/><AGARI ba="1,0" hai="40,44,51,52,59,63,93,95,96,97,100,101,104,105" m="31520" machi="63" ten="30,12000,2" yaku="7,1,9,1,52,3,54,1" doraHai="89" who="2" fromWho="1" sc="273,0,347,-122,430,122,0,0" /><INIT seed="2,0,0,1,5,68" ten="273,225,552,0" oya="2" hai0="87,59,94,69,129,64,85,80,61,115,78,54,79" hai1="65,2,47,118,97,96,48,98,133,71,108,90,41" hai2="127,125,114,37,117,132,102,86,73,113,89,124,50" hai3=""/><V36/><F117/><T103/><D129/><U44/><E108/><V72/><F102/><T67/><D115/><N who="2" m="44042" /><F132/><T70/><D69/><U51/><E2/><V46/><F73/><T101/><D67/><U62/><E133/><V32/><F72/><T76/><D94/><U0/><E0/><V135/><F32/><T45/><D45/><U38/><E118/><V33/><F33/><T110/><D110/><U130/><E130/><V109/><F109/><T99/><D99/><U111/><E111/><V112/><F135/><T88/><REACH who="0" step="1"/><D87/><REACH who="0" ten="263,225,552,0" step="2"/><U134/><E134/><V82/><F112/><T84/><D84/><U75/><E75/><V100/><F100/><T107/><D107/><U83/><E83/><V53/><AGARI ba="0,1" hai="36,37,46,50,53,82,86,89,124,125,127" m="44042" machi="53" ten="40,5200,0" yaku="18,1,52,2" doraHai="68" who="2" fromWho="2" sc="263,-26,225,-26,552,62,0,0" /><INIT seed="2,1,0,0,5,129" ten="237,199,614,0" oya="2" hai0="61,74,127,110,115,131,111,36,57,48,112,66,0" hai1="47,132,45,91,60,94,32,50,114,64,133,42,41" hai2="51,2,76,37,69,135,65,43,63,90,109,99,59" hai3=""/><V44/><F2/><T97/><D74/><U84/><E32/><V62/><F109/><N who="0" m="41482" /><D0/><U100/><E100/><V126/><F126/><T96/><D131/><U56/><REACH who="1" step="1"/><E114/><REACH who="1" ten="237,189,614,0" step="2"/><N who="0" m="43561" /><D127/><U83/><E83/><V86/><F99/><N who="0" m="37962" /><D36/><AGARI ba="1,1" hai="36,41,42,45,47,50,56,60,64,84,91,94,132,133" machi="36" ten="40,5200,0" yaku="1,1,52,2,53,0" doraHai="129" doraHaiUra="102" who="1" fromWho="0" sc="237,-54,189,64,614,0,0,0" /><INIT seed="4,0,0,0,3,32" ten="183,253,614,0" oya="0" hai0="40,77,53,131,63,130,66,50,47,55,57,112,80" hai1="107,78,111,49,115,116,83,46,93,101,65,43,109" hai2="86,114,110,84,1,117,100,71,91,79,36,62,108" hai3=""/><T34/><D34/><U121/><N who="1" m="31008" /><U70/><E116/><V98/><F1/><T56/><D112/><U81/><E107/><V37/><F117/><T122/><N who="0" m="31264" /><T120/><N who="0" m="30752" /><T58/><D77/><U92/><E81/><V52/><F114/><T124/><D80/><U133/><E115/><V74/><F86/><T88/><D88/><U87/><E133/><V94/><F37/><T64/><D124/><U54/><E93/><V97/><F36/><T129/><REACH who="0" step="1"/><D57/><REACH who="0" ten="173,253,614,0" step="2"/><U2/><E2/><V72/><F79/><T60/><AGARI ba="0,1" hai="40,47,50,53,55,56,58,60,63,64,66,129,130,131" m="30752,31264" machi="60" ten="40,16000,3" yaku="1,1,2,1,0,1,9,1,19,1,34,3,52,2,53,0" doraHai="32" doraHaiUra="113" who="0" fromWho="0" sc="173,170,253,-80,614,-80,0,0" /><INIT seed="4,1,0,0,3,86" ten="343,173,534,0" oya="0" hai0="135,39,133,74,113,69,134,35,64,125,110,122,79" hai1="71,40,91,58,0,83,84,77,52,104,32,94,109" hai2="43,62,61,111,132,33,124,129,44,81,49,87,120" hai3=""/><T108/><N who="0" m="31264" /><T96/><D35/><U38/><E109/><N who="0" m="42089" /><D39/><U3/><E104/><V54/><N who="2" m="30752" /><V68/><F111/><T106/><D125/><U59/><E71/><V100/><F33/><T101/><D113/><U60/><E32/><V42/><F124/><T76/><D64/><U114/><E114/><V117/><F132/><T90/><D69/><U37/><E59/><V115/><F115/><T73/><D90/><U92/><E92/><V131/><F68/><T53/><D53/><U45/><REACH who="1" step="1"/><E38/><REACH who="1" ten="343,163,534,0" step="2"/><V51/><F129/><T48/><D48/><U88/><E88/><V116/><F131/><T36/><D36/><U41/><E41/><V112/><F43/><T98/><D101/><U47/><E47/><V1/><F100/><T121/><N who="0" m="31008" /><T127/><D106/><U70/><E70/><V118/><F112/><T119/><D127/><U55/><E55/><V46/><F1/><T82/><D119/><U107/><E107/><V65/><F65/><T105/><D105/><U50/><E50/><V95/><F95/><T130/><D130/><U89/><E89/><AGARI ba="1,1" hai="42,44,46,49,51,54,61,62,81,87,89,116,117,118" m="30752" machi="89" ten="40,5200,0" yaku="12,1,52,2" doraHai="86" who="2" fromWho="1" sc="343,0,163,-54,534,64,0,0" /><INIT seed="5,0,0,2,5,85" ten="343,109,598,0" oya="1" hai0="124,129,131,106,126,37,2,75,41,58,125,134,101" hai1="33,130,83,93,92,103,88,59,109,76,73,127,107" hai2="55,60,35,90,98,51,117,0,72,86,113,133,102" hai3=""/><U81/><E33/><V36/><F117/><T53/><D75/><U67/><E127/><V128/><F35/><T104/><D2/><U78/><E130/><N who="0" m="49673" /><D41/><U94/><E109/><V110/><F110/><T38/><D101/><U89/><E59/><V52/><F0/><T132/><D53/><U40/><E67/><V82/><F128/><T44/><D44/><U62/><E62/><V48/><F133/><N who="0" m="51306" /><D58/><U71/><E71/><V50/><F36/><AGARI ba="0,0" hai="36,37,38,104,106,124,125,126" m="51306,49673" machi="36" ten="40,32000,5" yakuman="39" doraHai="85" who="0" fromWho="2" sc="343,320,109,0,598,-320,0,0" /><INIT seed="6,0,0,4,3,86" ten="663,109,278,0" oya="2" hai0="43,103,55,74,69,129,71,3,115,33,35,106,125" hai1="121,109,72,37,117,75,135,0,70,92,132,123,120" hai2="56,95,76,65,52,116,60,45,63,114,32,128,99" hai3=""/><V85/><F32/><T36/><RYUUKYOKU type="yao9" ba="0,0" sc="663,0,109,0,278,0,0,0" hai0="3,33,35,36,43,55,69,71,74,103,106,115,125,129" /><INIT seed="6,1,0,5,1,96" ten="663,109,278,0" oya="2" hai0="125,46,103,65,116,106,50,78,118,52,77,61,39" hai1="75,59,42,80,89,69,109,43,54,83,102,33,64" hai2="107,126,47,67,0,93,92,68,130,58,36,79,84" hai3=""/><V133/><F0/><T3/><D125/><U113/><E113/><V131/><F107/><T98/><D39/><U2/><E109/><V85/><F68/><T55/><D3/><U135/><E135/><V105/><F105/><T34/><D34/><U70/><E2/><V111/><F111/><T37/><D37/><U122/><N who="1" m="31264" /><U45/><E59/><V73/><F73/><T56/><REACH who="0" step="1"/><D65/><REACH who="0" ten="653,109,278,0" step="2"/><U117/><E64/><V110/><F110/><T91/><D91/><U127/><E33/><V32/><F92/><T119/><AGARI ba="1,1" hai="46,50,52,55,56,61,77,78,98,103,106,116,118,119" machi="119" ten="30,5900,0" yaku="1,1,0,1,52,1,54,1,53,0" doraHai="96" doraHaiUra="76" who="0" fromWho="0" sc="653,71,109,-21,278,-40,0,0" owari="724,67.0,88,-51.0,238,-16.0,0,0.0" /></mjloggm>