<mjloggm ver="2.3"><GO type="225" lobby="0"/><UN n0="%73%75%7A%75%6D%65%33" n1="%E3%83%B4%E3%83%A0%EF%BC%99%E3%81%A6" n2="%5C%E3%81%AF%E3%81%A1%E3%81%8D%E3%82%87%E3%81%86%2F" n3="%E3%82%A4%E3%83%8A%E3%82%BA%E3%83%9E%E8%91%AC%E5%84%80" dan="17,17,16,17" rate="2210.36,2202.16,2106.74,2198.81" sx="M,M,M,F"/><TAIKYOKU oya="0"/><INIT seed="0,0,0,1,4,1" ten="250,250,250,250" oya="0" hai0="53,130,13,106,0,7,34,122,33,16,78,3,114" hai1="100,19,21,63,40,70,62,88,104,102,111,77,38" hai2="96,124,2,115,60,32,28,125,113,8,58,101,121" hai3="97,41,99,12,56,37,61,27,116,72,117,82,90"/><T131/><D106/><U74/><E74/><V43/><F43/><W109/><G109/><T123/><D78/><U5/><E77/><V31/><F121/><N who="0" m="46090" /><D53/><U76/><E76/><V20/><F32/><N who="0" m="12394" /><D114/><N who="2" m="43530" /><F8/><W23/><G37/><T15/><D15/><U98/><E111/><V75/><F2/><N who="0" m="554" /><D7/><U25/><E102/><V118/><F75/><W126/><G72/><T30/><D30/><U79/><E79/><V18/><F28/><W103/><G12/><T105/><D105/><U49/><E38/><V80/><F31/><W52/><G52/><T11/><AGARI ba="0,0" hai="11,13,16,130,131" m="554,12394,46090" machi="11" ten="40,7800,0" yaku="34,2,54,1" doraHai="1" who="0" fromWho="0" sc="250,78,250,-26,250,-26,250,-26" /><INIT seed="0,1,0,4,3,73" ten="328,224,224,224" oya="0" hai0="124,71,97,89,105,27,18,94,59,58,107,87,64" hai1="48,25,57,55,26,31,22,132,13,108,66,12,129" hai2="53,2,24,3,83,92,116,131,72,101,17,99,45" hai3="114,61,103,15,60,30,32,125,77,47,6,5,80"/><T62/><D124/><U81/><E108/><V133/><F131/><W38/><G114/><T40/><D40/><U122/><E122/><V28/><F133/><W4/><G125/><T84/><D107/><U104/><E104/><V127/><F127/><W100/><G32/><T14/><D27/><U42/><E129/><V35/><F116/><W33/><G33/><T95/><D105/><U79/><E132/><V109/><F109/><W115/><G115/><T16/><D18/><U37/><E66/><V44/><F17/><W91/><G30/><T23/><REACH who="0" step="1"/><D84/><REACH who="0" ten="318,224,224,224" step="2"/><U134/><E134/><V106/><F106/><W21/><G4/><T7/><D7/><U128/><E128/><V56/><F2/><W82/><G5/><T46/><D46/><U1/><E1/><V41/><F3/><W67/><G47/><T126/><D126/><U0/><E0/><V9/><F41/><W54/><G6/><T78/><D78/><U50/><E26/><V121/><F44/><W20/><G77/><T76/><D76/><U88/><E79/><V75/><F45/><W49/><G15/><N who="1" m="5706" /><E37/><V74/><F24/><W68/><G38/><T113/><D113/><U39/><E39/><V110/><F75/><W118/><G118/><T120/><D120/><U90/><E42/><V29/><F121/><W130/><G130/><T43/><D43/><U65/><E25/><V112/><F112/><W36/><G36/><T135/><D135/><U34/><E31/><V70/><F74/><W117/><G117/><T111/><D111/><U19/><E19/><V102/><F72/><W93/><G21/><RYUUKYOKU ba="1,1" sc="318,30,224,-10,224,-10,224,-10" hai0="14,16,23,58,59,62,64,71,87,89,94,95,97" /><INIT seed="0,2,1,4,2,80" ten="348,214,214,214" oya="0" hai0="128,53,52,116,25,35,57,0,99,49,75,31,97" hai1="114,70,120,83,104,48,105,4,62,27,91,61,37" hai2="59,89,66,29,84,90,30,135,23,115,60,15,123" hai3="134,126,132,1,85,32,40,92,41,125,28,122,113"/><T63/><D116/><U86/><E120/><V55/><F123/><W98/><G1/><T5/><D75/><U16/><E37/><V77/><F115/><W2/><G2/><T96/><D128/><U38/><E38/><V56/><F135/><N who="3" m="51755" /><G122/><T127/><D127/><N who="3" m="48649" /><G113/><T76/><D76/><U88/><E114/><V130/><F130/><W22/><G32/><T87/><D0/><U71/><E4/><V103/><F103/><N who="3" m="60871" /><G28/><T54/><D5/><U9/><E105/><V45/><F45/><W14/><G14/><T46/><REACH who="0" step="1"/><D87/><REACH who="0" ten="338,214,214,214" step="2"/><U111/><E86/><V68/><F84/><W64/><G64/><AGARI ba="2,2" hai="25,31,35,46,49,52,53,54,57,63,64,96,97,99" machi="64" ten="40,18000,2" yaku="1,1,2,1,54,1,53,3" doraHai="80" doraHaiUra="95" who="0" fromWho="3" sc="338,206,214,0,214,0,214,-186" /><INIT seed="0,3,0,4,3,96" ten="544,214,214,28" oya="0" hai0="95,133,46,69,106,3,130,7,57,5,104,66,37" hai1="111,29,99,17,134,77,53,128,118,15,9,114,44" hai2="76,31,79,24,107,14,82,43,115,52,116,74,105" hai3="65,22,26,13,109,19,101,81,86,27,108,70,103"/><T124/><D124/><U97/><E118/><V117/><F115/><W91/><G70/><T68/><D130/><U41/><E128/><V36/><F79/><W119/><G119/><N who="2" m="45641" /><F14/><W67/><G27/><T113/><D113/><U125/><E114/><V10/><F10/><W61/><G67/><T131/><D131/><U129/><E129/><V98/><F98/><W78/><G78/><T49/><D3/><U47/><E125/><V60/><F43/><W93/><G81/><T73/><D73/><U112/><E112/><V32/><F36/><W94/><G94/><T4/><D37/><U126/><E77/><V89/><F89/><W16/><G61/><T25/><D95/><U51/><E126/><V6/><F6/><W21/><REACH who="3" step="1"/><G65/><REACH who="3" ten="544,214,214,18" step="2"/><T50/><D66/><U90/><E99/><V1/><F60/><W71/><G71/><T72/><D68/><U122/><E97/><V62/><F62/><W35/><G35/><T80/><D69/><U34/><E34/><V132/><F32/><W38/><G38/><T23/><D80/><U33/><E33/><V120/><F82/><W12/><G12/><T87/><D106/><U54/><E15/><V40/><F76/><W18/><G18/><T2/><D104/><U55/><E17/><V84/><F107/><W121/><G121/><T56/><D2/><U42/><E122/><V8/><F1/><W20/><G20/><T0/><D23/><U58/><E29/><V110/><F31/><W123/><G123/><T75/><D0/><U100/><E9/><V127/><F105/><W83/><G83/><T63/><D25/><RYUUKYOKU ba="3,1" sc="544,-10,214,-10,214,-10,18,30" hai3="13,16,19,21,22,26,86,91,93,101,103,108,109" /><INIT seed="1,4,1,1,0,49" ten="534,204,204,48" oya="1" hai0="84,100,116,10,114,126,77,26,70,83,58,27,73" hai1="75,105,62,0,20,22,127,81,46,91,30,78,120" hai2="129,28,67,43,34,55,130,47,63,65,61,44,79" hai3="128,101,5,118,109,113,57,119,13,12,21,29,45"/><U72/><E120/><V35/><F79/><W56/><G113/><T6/><D70/><U59/><E0/><V110/><F28/><W54/><G109/><T94/><D114/><U93/><E105/><V80/><F80/><W76/><G128/><N who="2" m="49257" /><F110/><W86/><G101/><T11/><D116/><U123/><E123/><V135/><F135/><W38/><G57/><T66/><D126/><U122/><E122/><V98/><F98/><W23/><G45/><N who="2" m="17481" /><F43/><W104/><G38/><T87/><D73/><U7/><E72/><V95/><F95/><W107/><G86/><T17/><D84/><U71/><E127/><V52/><F34/><W14/><G76/><T108/><D108/><U131/><E131/><V8/><F8/><W1/><G107/><T134/><D134/><U68/><E30/><V24/><F24/><W60/><G104/><T42/><D42/><U39/><E20/><V85/><F85/><W19/><G29/><T112/><D112/><U132/><E22/><V115/><F35/><W90/><G90/><T40/><D40/><N who="1" m="22815" /><E132/><V50/><F115/><W117/><REACH who="3" step="1"/><G23/><REACH who="3" ten="534,204,204,38" step="2"/><N who="0" m="13679" /><D87/><U4/><E78/><V64/><F50/><W36/><G36/><T92/><D77/><U3/><E75/><V9/><F9/><AGARI ba="4,2" hai="1,5,9,12,13,14,19,21,54,56,60,117,118,119" machi="9" ten="40,5200,0" yaku="1,1,12,1,52,1,53,0" doraHai="49" doraHaiUra="111" who="3" fromWho="2" sc="534,0,204,0,204,-64,38,84" /><INIT seed="2,0,0,4,1,67" ten="534,204,140,122" oya="2" hai0="33,8,75,100,124,38,39,74,113,94,108,88,79" hai1="55,43,45,22,53,106,112,3,54,96,14,99,87" hai2="135,57,77,107,7,30,125,21,103,93,104,110,37" hai3="4,71,46,129,35,128,132,64,117,98,52,36,73"/><V41/><F125/><W16/><G117/><T111/><D33/><U81/><E3/><V130/><F7/><W91/><G73/><T120/><D120/><U85/><E106/><V49/><F37/><W65/><G35/><T131/><D113/><U24/><E14/><V40/><F77/><W10/><G132/><T1/><D100/><U105/><E105/><V68/><F68/><W66/><G98/><N who="1" m="37418" /><E112/><V44/><F107/><W89/><G4/><N who="0" m="1039" /><D131/><N who="3" m="50249" /><G36/><N who="0" m="13867" /><D79/><N who="1" m="46271" /><E87/><V29/><F103/><W134/><G134/><T61/><D61/><U72/><E72/><V69/><F104/><W115/><G115/><T95/><D95/><U34/><E34/><V23/><F93/><W42/><G42/><T2/><D2/><U76/><E76/><V84/><F40/><W80/><G80/><T32/><D32/><U51/><E43/><V47/><F41/><W15/><G71/><T50/><D50/><AGARI ba="0,0" hai="10,15,16,46,50,52,64,65,66,89,91" m="50249" machi="50" ten="30,3900,0" yaku="19,1,54,2" doraHai="67" who="3" fromWho="0" sc="534,-39,204,0,140,0,122,39" /><INIT seed="3,0,0,0,1,65" ten="495,204,140,161" oya="3" hai0="30,96,115,12,0,8,121,27,46,49,91,17,109" hai1="16,127,7,34,10,4,5,67,68,97,6,26,45" hai2="60,40,21,110,47,58,83,113,92,102,124,25,118" hai3="53,128,130,56,20,105,32,106,76,87,98,43,9"/><W36/><G32/><T59/><D121/><U107/><E45/><V39/><F113/><W18/><G9/><T133/><D115/><U13/><E127/><V95/><F110/><W24/><G43/><T82/><D109/><U99/><E107/><V69/><F118/><W88/><G76/><T77/><D0/><N who="1" m="263" /><E68/><V78/><F124/><W66/><G66/><T33/><D133/><U64/><E97/><V52/><F102/><W126/><G36/><T125/><D125/><U120/><E99/><V84/><REACH who="2" step="1"/><F69/><REACH who="2" ten="495,204,130,161" step="2"/><W100/><G126/><T37/><D37/><U42/><E120/><V44/><F44/><W11/><G106/><T81/><D59/><U28/><E42/><V22/><F22/><AGARI ba="0,1" hai="5,6,7,13,16,22,26,28,34,64,67" m="263" machi="22" ten="30,2000,0" yaku="24,1,54,1" doraHai="65" who="1" fromWho="2" sc="495,0,204,30,130,-20,161,0" owari="495,60.0,234,3.0,110,-39.0,161,-24.0" /></mjloggm>