<mjloggm ver="2.3"><GO type="169" lobby="0"/><UN n0="%E3%82%B7%E3%83%B3%E3%83%95%E3%82%A9%E3%83%8B%E3%82%A2" n1="%4E%4F%42%55%53%48%49" n2="%E3%83%A2%E3%83%96%E6%B1%A0%E7%94%B0%E2%99%AA" n3="%E4%BD%8E%E3%82%81%E3%82%B9%E3%83%A9%E3%82%A4%E3%83%80%E3%83%BC" dan="18,17,16,16" rate="2230.95,2183.51,2028.81,2146.12" sx="M,M,F,F"/><TAIKYOKU oya="0"/><INIT seed="0,0,0,5,0,109" ten="250,250,250,250" oya="0" hai0="88,29,126,33,26,134,93,111,73,55,135,79,121" hai1="127,42,10,84,34,50,131,118,12,123,76,30,68" hai2="9,51,67,58,40,66,53,110,119,56,61,32,90" hai3="122,52,97,124,117,72,95,46,57,89,8,71,19"/><T125/><D121/><U48/><E68/><N who="2" m="42063" /><F32/><W77/><G117/><T47/><D111/><U107/><E107/><V16/><F90/><W14/><G124/><N who="0" m="47723" /><D79/><U63/><E63/><N who="2" m="38375" /><F16/><N who="3" m="8263" /><G71/><T31/><D73/><U69/><E69/><V78/><F9/><W45/><G72/><T102/><D102/><U22/><E34/><V96/><F96/><W15/><G77/><T27/><D55/><U113/><E84/><V74/><F78/><W105/><G105/><T128/><D47/><U98/><E98/><V43/><F74/><W104/><G104/><T25/><D128/><U100/><E131/><V17/><F17/><W116/><G116/><T82/><D82/><U2/><E100/><V120/><F110/><W1/><G1/><T38/><D38/><U60/><E2/><V44/><F119/><W21/><G122/><T129/><D129/><U54/><E76/><V41/><F120/><W75/><G75/><T59/><D59/><AGARI ba="0,0" hai="40,41,43,44,51,53,58,59" m="38375,42063" machi="59" ten="30,8000,1" yaku="35,5" doraHai="109" who="2" fromWho="0" sc="250,-80,250,0,250,80,250,0" /><INIT seed="1,0,0,1,0,56" ten="170,250,330,250" oya="1" hai0="40,6,131,113,72,42,10,0,120,17,61,124,118" hai1="114,112,46,125,104,50,75,51,97,38,33,110,59" hai2="43,23,76,95,63,69,111,108,31,12,48,78,130" hai3="98,15,39,26,44,68,128,119,74,25,30,49,133"/><U62/><E33/><V86/><F130/><W21/><G68/><T134/><D72/><U67/><E75/><V1/><F1/><W129/><G39/><T66/><D113/><U28/><E28/><V65/><F95/><W127/><G127/><T116/><D131/><N who="3" m="50249" /><G74/><T19/><D124/><U27/><E27/><V87/><F31/><W90/><G133/><T18/><D134/><U91/><E125/><V81/><F23/><W107/><G119/><T9/><D9/><U83/><E83/><N who="2" m="47463" /><F12/><W29/><G15/><T123/><D118/><U37/><E91/><V52/><F43/><N who="3" m="24735" /><G90/><T99/><D116/><U135/><E135/><V105/><F105/><W92/><G92/><T82/><D82/><U106/><E106/><V34/><F34/><W3/><G3/><T64/><D99/><U20/><E97/><V77/><F81/><W36/><G36/><N who="1" m="13930" /><E20/><V22/><F87/><W79/><G79/><T35/><D35/><U47/><E104/><V117/><F22/><N who="3" m="15543" /><G98/><T132/><D132/><U53/><E110/><N who="2" m="42027" /><F117/><W84/><G107/><T45/><D0/><U96/><E96/><V8/><F8/><W16/><G84/><T121/><D10/><U103/><E103/><V71/><F71/><W24/><G24/><T88/><D88/><U80/><E80/><V115/><F115/><W122/><G30/><T100/><D100/><U70/><E70/><V54/><F54/><AGARI ba="0,0" hai="46,47,50,51,53,54,59,62,67,112,114" m="13930" machi="54" ten="30,5800,0" yaku="34,2,52,1" doraHai="56" who="1" fromWho="2" sc="170,0,250,58,330,-58,250,0" /><INIT seed="1,1,0,2,5,121" ten="170,308,272,250" oya="1" hai0="66,29,16,74,133,75,37,62,95,79,112,48,111" hai1="15,110,67,100,2,23,129,83,122,17,60,0,3" hai2="35,89,90,99,57,40,81,32,65,56,34,85,39" hai3="116,101,113,82,36,18,71,68,31,26,91,104,59"/><U107/><E122/><V118/><F118/><W51/><G113/><T50/><D112/><U30/><E129/><V115/><F115/><W27/><G36/><T61/><D37/><U126/><E126/><V109/><F109/><W43/><G116/><T5/><D5/><U128/><E128/><V135/><F135/><W88/><G18/><T10/><D29/><U42/><E42/><V120/><F120/><W80/><G104/><T22/><D10/><U8/><E110/><V84/><F99/><W92/><G101/><T44/><D133/><U102/><E83/><V54/><F65/><W69/><G27/><T87/><D111/><U97/><E102/><V46/><REACH who="2" step="1"/><F54/><REACH who="2" ten="170,308,262,250" step="2"/><W13/><G71/><T119/><D119/><U93/><E107/><V58/><F58/><W108/><G69/><T47/><D66/><U45/><E45/><V4/><F4/><W72/><G68/><T52/><D74/><U33/><E67/><V132/><F132/><W117/><G117/><T125/><D75/><U19/><E60/><V134/><F134/><W38/><G59/><T1/><D125/><U98/><E98/><V86/><F86/><N who="3" m="52247" /><G72/><T21/><D61/><U77/><E97/><V28/><F28/><W76/><G108/><T78/><D62/><U127/><E30/><V131/><F131/><W20/><G31/><T6/><D6/><U63/><E63/><V49/><F49/><W53/><G53/><N who="0" m="29831" /><D16/><U24/><E127/><V9/><F9/><W114/><G114/><T64/><D64/><U94/><E19/><V12/><F12/><W106/><G51/><T41/><D50/><RYUUKYOKU ba="1,1" sc="170,-10,308,-10,262,30,250,-10" hai2="32,34,35,39,40,46,56,57,81,84,85,89,90" /><INIT seed="2,2,1,1,5,57" ten="160,298,292,240" oya="2" hai0="104,53,124,134,71,106,20,94,1,17,66,98,93" hai1="133,46,105,99,77,131,21,7,8,129,69,44,60" hai2="33,81,0,3,24,92,112,16,56,79,37,76,32" hai3="64,39,27,65,123,110,30,38,68,59,86,84,72"/><V114/><F37/><W87/><G72/><T122/><D122/><U67/><E133/><V121/><F121/><W34/><G123/><T14/><D134/><U43/><E77/><N who="2" m="29771" /><F92/><W13/><G110/><T11/><D124/><U95/><E105/><V9/><F56/><W102/><G102/><T88/><D53/><U31/><E31/><V55/><F55/><W52/><G13/><T113/><D113/><N who="2" m="43626" /><F24/><W125/><G125/><T25/><D1/><N who="2" m="586" /><F9/><W35/><G35/><T100/><D71/><U54/><E54/><V116/><F81/><W73/><G73/><T91/><D66/><U70/><E70/><V119/><F16/><W90/><G90/><T103/><D106/><U132/><E132/><V5/><F5/><W82/><G82/><T101/><D104/><U128/><E21/><V2/><N who="2" m="594" /><V89/><DORA hai="111" /><F89/><W130/><G39/><T36/><D36/><U63/><E8/><V61/><F61/><N who="3" m="36071" /><G38/><T22/><REACH who="0" step="1"/><D25/><REACH who="0" ten="150,298,292,240" step="2"/><U126/><E128/><V120/><F120/><W47/><G130/><T96/><AGARI ba="2,2" hai="11,14,17,20,22,88,91,93,94,96,98,100,101,103" machi="96" ten="30,12000,2" yaku="1,1,2,1,0,1,9,1,8,1,54,1,53,0" doraHai="57,111" doraHaiUra="29,62" who="0" fromWho="0" sc="150,146,298,-32,292,-62,240,-32" /><INIT seed="3,0,0,0,2,68" ten="296,266,230,208" oya="3" hai0="21,6,58,117,30,46,76,71,12,20,24,112,65" hai1="126,91,123,121,28,42,134,77,81,113,13,29,98" hai2="133,43,127,51,106,130,116,41,63,105,78,79,11" hai3="132,2,8,73,66,0,53,99,7,4,54,108,50"/><W59/><G73/><T114/><D71/><U40/><E13/><V124/><F116/><W74/><G74/><T86/><D117/><U104/><E113/><N who="0" m="43625" /><D46/><U122/><E126/><N who="2" m="48171" /><F63/><W17/><G132/><T82/><D6/><U39/><E134/><V84/><F133/><W115/><G115/><T55/><D65/><U131/><E131/><V5/><F84/><W83/><G66/><T72/><D72/><U15/><E15/><V135/><F135/><W67/><G67/><T118/><D118/><U10/><E91/><V119/><F51/><W75/><G108/><T102/><D102/><U125/><E42/><N who="2" m="15883" /><F11/><W36/><G99/><T23/><D12/><U49/><E10/><V93/><F93/><W80/><G75/><T111/><D111/><U35/><E98/><V60/><F60/><AGARI ba="0,0" hai="20,21,23,24,30,55,58,60,76,82,86" m="43625" machi="60" ten="30,1000,0" yaku="11,1" doraHai="68" who="0" fromWho="2" sc="296,10,266,0,230,-10,208,0" /><INIT seed="4,0,0,0,0,23" ten="306,266,220,208" oya="0" hai0="30,11,16,135,2,78,14,100,124,54,28,62,81" hai1="123,49,64,47,36,12,86,112,38,73,122,102,34" hai2="85,98,128,96,130,120,118,32,60,111,103,89,90" hai3="94,35,129,15,114,22,87,21,44,93,133,75,91"/><T13/><D135/><U106/><E73/><V68/><F120/><W109/><G109/><T74/><D2/><U17/><E106/><V113/><F111/><W99/><G133/><T26/><D124/><U67/><E102/><V126/><F126/><W8/><G129/><N who="2" m="49769" /><F113/><W110/><G110/><T79/><D100/><U92/><E112/><V134/><F134/><W121/><G114/><T69/><D78/><U9/><E34/><V33/><F118/><W41/><G35/><T37/><D37/><U84/><E38/><V95/><F60/><W55/><G75/><T7/><D26/><U70/><E36/><V56/><F56/><W101/><G55/><T39/><D39/><U59/><E70/><V97/><F68/><W52/><G121/><T27/><D27/><U20/><E67/><V46/><F46/><W31/><G41/><T72/><D72/><U51/><E51/><V57/><F57/><W116/><G31/><T119/><D119/><U108/><E108/><V45/><F45/><W10/><G116/><T76/><D76/><U43/><E59/><V127/><F127/><W29/><G29/><T24/><D24/><U117/><E117/><V19/><F32/><W58/><G44/><T42/><D42/><U71/><E71/><V50/><F33/><W63/><G10/><N who="0" m="6231" /><D69/><U132/><E132/><V107/><F103/><W77/><G77/><T131/><D131/><U125/><E125/><V25/><F25/><W53/><G53/><T115/><D115/><U105/><E122/><V80/><F107/><W3/><G3/><T0/><D0/><U88/><E123/><RYUUKYOKU ba="0,0" sc="306,15,266,-15,220,-15,208,15" hai0="7,11,13,28,30,54,62,74,79,81" hai3="8,15,21,22,52,58,63,87,91,93,94,99,101" /><INIT seed="4,1,0,0,0,103" ten="321,251,205,223" oya="0" hai0="58,40,0,17,51,134,74,104,46,71,125,132,123" hai1="34,130,121,84,9,85,43,30,109,105,75,11,86" hai2="53,27,96,63,119,13,66,73,8,47,28,2,25" hai3="42,110,90,107,111,37,6,55,33,87,93,3,131"/><T60/><D74/><U70/><E75/><V67/><F73/><W124/><G33/><T41/><D0/><U135/><E70/><V94/><F2/><W4/><G131/><T92/><D92/><U24/><E121/><V29/><F119/><W102/><G124/><T36/><D17/><U95/><E105/><V112/><F112/><W39/><G39/><T48/><D104/><U16/><E109/><V62/><F47/><W20/><G55/><T61/><D123/><U38/><E43/><V69/><F53/><W57/><G57/><T21/><D21/><U31/><E38/><V98/><F28/><W14/><G42/><T99/><D99/><U82/><E95/><V128/><F128/><W129/><G37/><T79/><D79/><U116/><E116/><V68/><F29/><W26/><G3/><T122/><D122/><U50/><E31/><V10/><F13/><W7/><G14/><T12/><D12/><U83/><E34/><V115/><F115/><W91/><G91/><T80/><D80/><U113/><E30/><V133/><REACH who="2" step="1"/><F94/><REACH who="2" ten="321,251,195,223" step="2"/><W88/><G129/><T22/><D46/><U120/><E130/><V114/><F114/><W127/><G111/><T108/><D108/><U106/><E113/><V118/><F118/><W32/><G32/><T100/><D41/><U59/><E120/><V101/><F101/><W19/><G110/><T44/><D100/><U45/><E45/><V64/><F64/><W18/><G107/><T81/><D44/><U54/><E106/><V97/><F97/><W65/><G65/><T78/><D40/><U117/><E117/><RYUUKYOKU ba="1,1" sc="321,-10,251,-10,195,30,223,-10" hai2="8,10,25,27,62,63,66,67,68,69,96,98,133" /><INIT seed="5,2,1,1,1,47" ten="311,241,225,213" oya="1" hai0="10,126,118,83,95,60,104,21,52,129,45,5,67" hai1="70,11,58,31,69,93,131,99,56,88,33,26,55" hai2="106,41,36,63,78,13,3,122,53,46,68,65,7" hai3="79,76,127,128,50,35,133,30,113,54,117,112,64"/><U100/><E131/><V44/><F122/><W16/><G128/><T37/><D104/><U94/><E11/><V130/><F106/><W4/><G127/><T18/><D129/><U8/><E8/><V28/><F130/><W74/><G133/><T121/><D118/><U110/><E58/><V86/><F28/><W105/><G105/><T90/><D126/><U17/><E17/><V115/><F115/><N who="3" m="44107" /><G117/><T59/><D83/><U80/><E80/><V1/><F7/><W40/><G4/><T15/><D121/><U14/><E14/><V96/><F13/><W27/><G74/><T135/><D135/><U114/><E110/><V84/><F96/><W24/><G40/><T89/><D95/><U85/><REACH who="1" step="1"/><E114/><REACH who="1" ten="311,231,225,213" step="2"/><V66/><F1/><W125/><G125/><T107/><D10/><U49/><AGARI ba="2,2" hai="26,31,33,49,55,56,69,70,85,88,93,94,99,100" machi="49" ten="20,18000,2" yaku="1,1,2,1,0,1,7,1,52,1,54,1,53,0" doraHai="47" doraHaiUra="77" who="1" fromWho="1" sc="311,-62,231,206,225,-62,213,-62" /><INIT seed="5,3,0,4,2,4" ten="249,437,163,151" oya="1" hai0="64,55,36,69,14,53,23,108,68,34,92,71,80" hai1="47,82,94,25,9,85,20,13,83,123,134,118,121" hai2="56,116,97,88,79,40,101,81,93,45,100,29,31" hai3="65,19,38,98,122,50,129,22,49,17,73,105,3"/><U46/><E118/><V5/><F116/><W1/><G122/><T78/><D34/><U99/><E134/><V90/><F90/><W86/><G73/><T87/><D36/><U32/><E32/><V131/><F131/><W12/><G38/><T74/><D108/><U132/><E132/><V8/><F56/><W114/><G129/><T26/><D64/><U7/><E123/><V113/><F113/><W96/><G105/><T109/><D109/><U51/><E121/><V76/><F29/><W42/><G65/><T48/><D14/><U44/><E51/><V52/><F31/><W135/><G135/><T133/><D133/><U59/><E59/><V128/><F128/><W107/><G107/><T95/><D74/><U117/><E117/><V41/><F52/><W62/><G62/><T110/><D110/><U16/><E85/><N who="2" m="48295" /><F79/><W120/><G120/><T61/><D61/><U84/><E84/><V125/><F125/><W75/><G75/><T70/><D55/><U2/><E2/><V60/><F60/><W27/><G86/><T104/><D104/><U43/><E43/><N who="2" m="16459" /><F45/><W91/><G3/><T58/><D70/><U89/><AGARI ba="3,0" hai="7,9,13,16,20,25,44,46,47,82,83,89,94,99" machi="89" ten="30,11700,0" yaku="0,1,8,1,52,1,54,1" doraHai="4" who="1" fromWho="1" sc="249,-42,437,126,163,-42,151,-42" /><INIT seed="5,4,0,3,3,83" ten="207,563,121,109" oya="1" hai0="36,74,70,30,100,39,122,47,85,24,107,73,48" hai1="82,5,128,52,9,27,88,11,7,3,53,102,81" hai2="23,90,49,113,98,134,62,126,17,13,69,72,77" hai3="106,67,56,38,44,46,86,63,80,130,20,68,76"/><U123/><E123/><V22/><F126/><W89/><G130/><T108/><D108/><U116/><E116/><V10/><F134/><W111/><G111/><T78/><D70/><U21/><E102/><V97/><F113/><W43/><G106/><T42/><D122/><U93/><E128/><V54/><F77/><W87/><G46/><T66/><D66/><U105/><E105/><V79/><F79/><W51/><G20/><T50/><D100/><U115/><E115/><V4/><F72/><W114/><G114/><T1/><D107/><U104/><E104/><V65/><F90/><W110/><G110/><T41/><D1/><U132/><E82/><V120/><F23/><W64/><G64/><T6/><D6/><N who="1" m="2059" /><E81/><V2/><REACH who="2" step="1"/><F120/><REACH who="2" ten="207,563,111,109" step="2"/><W31/><G31/><T99/><D78/><U37/><E132/><V40/><F40/><W8/><G8/><N who="1" m="3146" /><E37/><V127/><F127/><W59/><REACH who="3" step="1"/><G38/><REACH who="3" ten="207,563,111,99" step="2"/><T45/><D39/><U19/><E3/><V75/><F75/><W16/><G16/><T33/><D73/><U124/><E124/><V34/><F34/><W55/><G55/><T118/><D74/><U119/><E119/><V103/><F103/><W57/><G57/><AGARI ba="4,2" hai="2,4,10,13,17,22,49,54,57,62,65,69,97,98" machi="57" ten="30,2000,0" yaku="1,1,7,1,53,0" doraHai="83" doraHaiUra="112" who="2" fromWho="3" sc="207,0,563,0,111,52,99,-32" /><INIT seed="6,0,0,3,1,14" ten="207,563,163,67" oya="2" hai0="71,30,3,31,60,56,33,118,28,106,113,81,120" hai1="11,64,10,132,0,19,16,102,80,6,24,73,97" hai2="43,50,100,25,89,53,35,91,83,124,95,62,4" hai3="126,96,76,59,32,9,5,21,123,101,42,22,94"/><V104/><F104/><W125/><G32/><T49/><D3/><U26/><E132/><V61/><F100/><W98/><G123/><T109/><D120/><U88/><E64/><V37/><F124/><W107/><G76/><T87/><D109/><U17/><E11/><V46/><F4/><W84/><G84/><T48/><D113/><U55/><E55/><V134/><F134/><W111/><G111/><T7/><D106/><U1/><E1/><V44/><F83/><W127/><G59/><T128/><D33/><U70/><E70/><V40/><F53/><W77/><G42/><T74/><D74/><U130/><E130/><V8/><F8/><W121/><G77/><T79/><D71/><U103/><E103/><V51/><F37/><W135/><G135/><T52/><D118/><U63/><E63/><V78/><F78/><W119/><G119/><T129/><D7/><U99/><E73/><V131/><F131/><AGARI ba="0,0" hai="28,30,31,48,49,52,56,60,79,81,87,128,129,131" machi="131" ten="40,2600,0" yaku="19,1,54,1" doraHai="14" who="0" fromWho="2" sc="207,26,563,0,163,-26,67,0" /><INIT seed="7,0,0,2,3,65" ten="233,563,137,67" oya="3" hai0="125,38,24,48,74,100,33,15,127,102,105,30,67" hai1="123,41,16,114,83,53,6,76,110,11,79,37,118" hai2="104,122,21,112,42,35,27,94,135,106,97,29,90" hai3="131,96,7,12,54,57,91,108,18,109,95,75,50"/><W46/><G131/><T31/><D38/><U121/><E110/><V99/><F42/><W101/><G75/><T66/><D74/><U62/><E79/><V113/><F135/><W72/><G72/><T129/><D129/><U126/><E126/><N who="0" m="48137" /><D31/><U107/><E114/><N who="2" m="44139" /><F122/><W2/><G2/><T119/><D119/><U36/><E83/><V8/><F8/><W47/><G7/><T128/><D128/><U103/><E103/><N who="0" m="39465" /><D105/><N who="2" m="40554" /><F99/><W45/><REACH who="3" step="1"/><G101/><REACH who="3" ten="233,563,137,57" step="2"/><T116/><D116/><U73/><E118/><V93/><F93/><W89/><G89/><T77/><D77/><U43/><E6/><V13/><F13/><W4/><G4/><T71/><D15/><U70/><E73/><V98/><F98/><W51/><G51/><T0/><D0/><U26/><E76/><V64/><F64/><W23/><AGARI ba="0,1" hai="12,18,23,45,46,47,50,54,57,91,95,96,108,109" machi="23" ten="30,6000,0" yaku="1,1,0,1,53,1" doraHai="65" doraHaiUra="19" who="3" fromWho="3" sc="233,-20,563,-20,137,-20,57,70" /><INIT seed="7,1,0,3,4,37" ten="213,543,117,127" oya="3" hai0="21,76,117,7,90,27,45,98,115,28,87,1,40" hai1="32,0,59,127,93,85,61,77,82,18,53,5,105" hai2="86,118,24,133,124,48,80,94,104,14,13,72,88" hai3="46,120,64,50,23,107,79,91,135,83,42,26,100"/><W29/><G135/><T132/><D117/><U58/><E105/><V109/><F109/><W112/><G112/><T81/><D115/><U128/><E32/><V74/><F118/><W11/><G120/><T3/><D132/><U41/><E127/><V39/><F39/><W19/><G91/><T9/><D98/><U38/><E128/><V97/><F133/><W54/><G64/><T92/><D92/><U95/><E18/><V10/><F72/><W12/><G107/><T60/><D60/><U20/><E20/><V126/><F48/><W49/><G100/><T75/><D90/><U2/><E59/><V57/><F57/><W101/><G101/><T8/><D8/><U47/><E5/><N who="2" m="3279" /><F74/><W84/><REACH who="3" step="1"/><G50/><REACH who="3" ten="213,543,117,117" step="2"/><T111/><D111/><U123/><E123/><V66/><F104/><W4/><G4/><T129/><D7/><U56/><E93/><V34/><F66/><W51/><G51/><T99/><D129/><U113/><E113/><V36/><F36/><W103/><G103/><T33/><D76/><U17/><E95/><V25/><F34/><W43/><AGARI ba="1,1" hai="11,12,19,23,26,29,42,43,46,49,54,79,83,84" machi="43" ten="30,12000,1" yaku="1,1,0,1,8,1,52,2,53,0" doraHai="37" doraHaiUra="121" who="3" fromWho="3" sc="213,-41,543,-41,117,-41,117,133" /><INIT seed="7,2,0,3,3,13" ten="172,502,76,250" oya="3" hai0="110,63,51,18,105,60,48,94,57,123,120,32,127" hai1="54,61,117,81,11,75,92,26,21,73,121,7,72" hai2="16,12,71,8,112,116,77,91,100,33,133,5,3" hai3="104,109,2,126,50,42,66,93,1,23,68,45,14"/><W87/><G104/><T129/><D105/><U40/><E121/><V84/><F116/><W98/><G109/><T17/><D32/><U108/><E117/><V76/><F71/><W15/><G126/><T135/><D110/><U27/><E108/><V9/><F112/><W25/><G87/><T10/><D127/><U130/><E40/><V37/><F37/><W79/><G79/><T102/><D129/><U19/><E27/><V24/><F133/><W67/><G2/><T47/><D135/><U34/><E34/><V101/><F76/><W128/><G1/><T99/><D10/><U6/><E6/><V78/><F77/><W58/><G68/><T74/><D74/><U97/><E130/><V115/><F78/><W111/><G67/><T38/><D38/><U107/><E107/><V30/><REACH who="2" step="1"/><F115/><REACH who="2" ten="172,502,66,250" step="2"/><W39/><G39/><T80/><D123/><U55/><E75/><V70/><F70/><W90/><G128/><T31/><D120/><U83/><E73/><V0/><F0/><W119/><G119/><T35/><D35/><U103/><E72/><V96/><F96/><W86/><G98/><T89/><D99/><U28/><E97/><V29/><F29/><N who="3" m="17599" /><G111/><T41/><D31/><U62/><E28/><V53/><F53/><W20/><G66/><T43/><D43/><U59/><E103/><V88/><F88/><W36/><G36/><T65/><D102/><U85/><E55/><V44/><F44/><W95/><G58/><T113/><D65/><U82/><E59/><V69/><F69/><W46/><G90/><T131/><D57/><U106/><E106/><RYUUKYOKU ba="2,1" sc="172,-10,502,-10,66,30,250,-10" hai2="3,5,8,9,12,16,24,30,33,84,91,100,101" owari="162,-24.0,502,60.0,96,-40.0,240,4.0" /></mjloggm>