<mjloggm ver="2.3"><GO type="169" lobby="0"/><UN n0="%E9%9B%80%E8%8D%98%E4%B8%AD%E5%B7%9D" n1="%54%4F%52" n2="%E3%81%97%E3%82%87%E3%83%BC%E3%81%9F%E3%82%8D" n3="%E7%89%8C%E5%BB%83%E4%BA%BA" dan="17,16,17,17" rate="2200.72,2171.98,2146.74,2172.00" sx="M,M,M,M"/><TAIKYOKU oya="0"/><INIT seed="0,0,0,0,1,104" ten="250,250,250,250" oya="0" hai0="117,97,73,40,51,94,46,29,79,118,37,115,68" hai1="120,15,3,18,69,60,7,49,9,16,26,92,103" hai2="47,35,66,5,89,122,65,90,133,55,52,12,30" hai3="84,82,57,48,50,71,67,4,33,59,102,74,21"/><T28/><D115/><U108/><E120/><V75/><F122/><W132/><G33/><T70/><D70/><U13/><E108/><V41/><F35/><W24/><G71/><T45/><D68/><U6/><E49/><V20/><F75/><W42/><G132/><T106/><D106/><U125/><E125/><V83/><F133/><W119/><G119/><T23/><D23/><U131/><E131/><V111/><F111/><W128/><G128/><T14/><D14/><U58/><E69/><V63/><F5/><W27/><G74/><T2/><D2/><U101/><E26/><V44/><F83/><W43/><G102/><T53/><D118/><U62/><E3/><V1/><F1/><W121/><G4/><N who="1" m="1578" /><E92/><V88/><F63/><N who="1" m="24105" /><E58/><N who="3" m="22026" /><G67/><N who="2" m="25609" /><F12/><N who="1" m="4681" /><E9/><V124/><F124/><W77/><G121/><T93/><D117/><U110/><E110/><V10/><F10/><W32/><G32/><T127/><D127/><U91/><E91/><N who="2" m="23299" /><V105/><DORA hai="72" /><F105/><W99/><G24/><T130/><D130/><U0/><E0/><V17/><F17/><AGARI ba="0,0" hai="16,17,18,101,103" m="4681,24105,1578" machi="17" ten="30,7700,0" yaku="28,2,8,1,54,1" doraHai="104,72" who="1" fromWho="2" sc="250,0,250,77,250,-77,250,0" /><INIT seed="1,0,0,3,3,104" ten="250,327,173,250" oya="1" hai0="69,88,126,45,8,101,36,64,82,120,133,4,58" hai1="118,70,106,130,7,81,20,116,15,37,67,121,59" hai2="19,34,50,65,73,123,128,51,78,61,11,80,84" hai3="30,40,33,38,74,110,62,60,49,134,13,27,18"/><U112/><E121/><V100/><F123/><W0/><G110/><T9/><D120/><U103/><E112/><V124/><F34/><W111/><G111/><T117/><D117/><U90/><E37/><V96/><F128/><W76/><G38/><T79/><D101/><U92/><E70/><V108/><F108/><W57/><G0/><T93/><D133/><U35/><E35/><V3/><F124/><W125/><G125/><T5/><D69/><U52/><E67/><V43/><F84/><W107/><G107/><T86/><D126/><U6/><E130/><V47/><F19/><W17/><G134/><T41/><D64/><U129/><E129/><V48/><F11/><W53/><G40/><T105/><D105/><U44/><E44/><V94/><REACH who="2" step="1"/><F3/><REACH who="2" ten="250,327,163,250" step="2"/><W83/><REACH who="3" step="1"/><G18/><REACH who="3" ten="250,327,163,240" step="2"/><T115/><D115/><U63/><E116/><V21/><F21/><AGARI ba="0,2" hai="13,17,21,27,30,33,49,53,57,60,62,74,76,83" machi="21" ten="30,7700,0" yaku="1,1,2,1,7,1,52,1,53,0" doraHai="104" doraHaiUra="2" who="3" fromWho="2" sc="250,0,327,0,163,-77,240,97" /><INIT seed="2,0,0,0,3,56" ten="250,327,86,337" oya="2" hai0="102,15,26,90,133,6,9,39,54,0,101,50,4" hai1="60,81,11,31,3,130,74,86,10,46,63,36,70" hai2="109,57,118,18,52,66,33,104,17,65,88,25,103" hai3="12,73,100,106,124,111,113,61,98,125,48,131,37"/><V80/><F118/><W71/><G37/><T32/><D39/><U8/><E130/><V19/><F109/><W29/><G111/><T129/><D129/><U7/><E31/><V76/><F104/><W87/><G131/><T82/><D133/><U91/><E70/><V112/><F103/><W69/><G73/><T53/><D32/><U62/><REACH who="1" step="1"/><E74/><REACH who="1" ten="250,317,86,337" step="2"/><V135/><F135/><W13/><G29/><T47/><D102/><U44/><E44/><V110/><F110/><W23/><G71/><T122/><D101/><U75/><E75/><V41/><F112/><W67/><G113/><T97/><D122/><U40/><AGARI ba="0,1" hai="3,7,8,10,11,36,40,46,60,62,63,81,86,91" machi="40" ten="30,8000,1" yaku="1,1,0,1,52,3,53,0" doraHai="56" doraHaiUra="24" who="1" fromWho="1" sc="250,-20,317,90,86,-40,337,-20" /><INIT seed="3,0,0,3,5,93" ten="230,407,46,317" oya="3" hai0="119,9,48,102,82,8,50,81,38,57,6,27,114" hai1="123,110,76,104,23,20,79,59,58,11,41,74,95" hai2="69,44,67,97,135,96,30,45,49,109,5,132,116" hai3="127,134,70,98,15,86,0,3,73,25,121,94,4"/><W89/><G121/><T62/><D119/><U54/><E104/><V52/><F116/><W55/><G73/><T99/><D38/><U91/><E110/><V80/><F109/><W131/><G70/><T90/><D114/><U85/><E123/><V56/><F5/><W71/><G71/><T10/><D6/><U117/><E117/><V47/><F30/><W126/><G134/><N who="2" m="51241" /><F80/><W51/><G131/><T107/><D27/><U84/><E74/><V103/><F103/><W133/><G133/><T122/><D122/><U106/><E106/><V14/><F14/><W26/><G15/><T61/><D61/><AGARI ba="0,0" hai="44,45,47,49,52,56,61,67,69,96,97" m="51241" machi="61" ten="30,7700,0" yaku="20,1,52,2,54,1" doraHai="93" who="2" fromWho="0" sc="230,-77,407,0,46,77,317,0" /><INIT seed="4,0,0,3,0,38" ten="153,407,123,317" oya="0" hai0="21,117,15,129,66,99,123,97,23,103,8,57,24" hai1="85,105,102,96,54,42,73,7,31,27,88,74,112" hai2="37,5,67,76,22,10,48,98,34,81,110,12,39" hai3="92,1,89,44,63,69,82,3,108,93,59,25,94"/><T46/><D117/><U11/><E54/><V86/><F110/><W130/><G108/><T79/><D123/><U70/><E70/><V77/><F34/><W91/><G69/><T119/><D119/><U80/><E112/><V9/><F67/><W58/><G130/><T104/><D129/><U84/><E84/><V114/><F114/><W55/><G25/><T50/><D79/><U120/><E120/><V51/><F22/><W29/><G29/><T111/><D111/><U64/><E64/><V78/><F98/><W45/><G82/><T49/><D99/><U72/><E42/><V121/><F121/><W131/><G131/><T135/><D135/><U106/><E106/><V13/><F39/><W14/><G14/><T65/><D57/><U116/><E116/><V61/><F61/><N who="3" m="36063" /><G1/><T30/><D50/><N who="2" m="18986" /><F37/><W118/><G3/><T26/><D15/><U113/><E113/><V133/><F133/><W87/><G118/><T19/><REACH who="0" step="1"/><D8/><REACH who="0" ten="143,407,123,317" step="2"/><U122/><E122/><V90/><F78/><W33/><G59/><T128/><D128/><U35/><E73/><V62/><F62/><W68/><G63/><T52/><AGARI ba="0,1" hai="19,21,23,24,26,30,46,49,52,65,66,97,103,104" machi="52" ten="20,7800,0" yaku="1,1,0,1,7,1,54,1,53,0" doraHai="38" doraHaiUra="126" who="0" fromWho="0" sc="143,88,407,-26,123,-26,317,-26" /><INIT seed="4,1,0,4,4,101" ten="231,381,97,291" oya="0" hai0="87,114,92,25,86,1,55,33,6,45,58,74,32" hai1="93,73,122,126,61,110,14,82,97,94,129,49,53" hai2="56,103,12,72,34,54,40,70,68,57,60,96,52" hai3="85,123,100,22,107,0,31,38,88,118,109,3,16"/><T23/><D74/><U76/><E110/><V111/><F111/><W105/><G109/><T98/><D114/><U128/><E122/><V135/><F135/><W29/><G38/><T113/><D113/><U66/><E14/><V35/><F72/><W67/><G118/><T89/><D45/><N who="1" m="27823" /><E97/><V63/><F40/><W18/><G67/><T133/><D133/><U48/><E48/><V11/><F68/><W119/><G119/><T30/><D6/><U132/><E132/><V28/><F28/><W39/><G39/><T84/><REACH who="0" step="1"/><D1/><REACH who="0" ten="221,381,97,291" step="2"/><U99/><E73/><V106/><F70/><W50/><G0/><T7/><D7/><AGARI ba="1,1" hai="7,11,12,34,35,52,54,56,57,60,63,96,103,106" machi="7" ten="30,7700,0" yaku="7,1,9,1,52,1,54,1" doraHai="101" who="2" fromWho="0" sc="221,-80,381,0,97,90,291,0" /><INIT seed="5,0,0,2,0,10" ten="141,381,187,291" oya="1" hai0="135,0,112,116,94,38,14,76,98,103,56,127,107" hai1="108,11,46,13,91,31,7,20,30,3,25,80,48" hai2="40,32,121,67,78,19,99,134,84,5,66,132,106" hai3="24,73,51,102,61,89,6,117,114,62,15,42,111"/><U93/><E108/><V41/><F121/><W16/><G111/><T63/><D116/><U22/><E80/><N who="2" m="47127" /><F32/><W45/><G73/><T130/><D0/><U54/><E3/><V125/><F125/><W47/><G117/><T1/><D1/><U113/><E113/><V128/><F5/><W37/><G114/><T44/><D112/><U86/><REACH who="1" step="1"/><E31/><REACH who="1" ten="141,371,187,291" step="2"/><V53/><F134/><W35/><G102/><T104/><D135/><U72/><E72/><V70/><F132/><W27/><G89/><T124/><D127/><U17/><E17/><V81/><F81/><W129/><G6/><T133/><D124/><U29/><E29/><V71/><F19/><W57/><G16/><T83/><D133/><U9/><E9/><V131/><F131/><W126/><G129/><T4/><D130/><U115/><E115/><V50/><F128/><W23/><G126/><T8/><D83/><U82/><E82/><V39/><F71/><W101/><G101/><T122/><D76/><U120/><E120/><V118/><F70/><W97/><G27/><T49/><D122/><U100/><E100/><V60/><F118/><W28/><G24/><T64/><REACH who="0" step="1"/><D38/><REACH who="0" ten="131,371,187,291" step="2"/><U26/><E26/><V52/><F39/><W36/><G37/><T43/><AGARI ba="0,2" hai="4,8,14,43,44,49,56,63,64,94,98,103,104,107" machi="43" ten="20,8000,1" yaku="1,1,2,1,0,1,7,1,52,1,53,0" doraHai="10" doraHaiUra="18" who="0" fromWho="0" sc="131,100,371,-40,187,-20,291,-20" /><INIT seed="6,0,0,3,4,60" ten="231,331,167,271" oya="2" hai0="23,64,95,0,78,73,57,52,36,17,9,133,44" hai1="65,120,90,87,103,118,123,32,112,34,124,102,51" hai2="67,54,92,41,110,12,135,98,50,29,75,1,48" hai3="53,11,134,30,79,111,18,91,46,20,10,76,55"/><V28/><F1/><W131/><G111/><T77/><D133/><U113/><E51/><V93/><F75/><W83/><G134/><T49/><D73/><U74/><E74/><V82/><F135/><W72/><G131/><T61/><D36/><U2/><E2/><V99/><F110/><W38/><G30/><N who="2" m="11881" /><F82/><W40/><G76/><T13/><D0/><U125/><E118/><V85/><F12/><W115/><G115/><N who="1" m="44106" /><E65/><V70/><F70/><W66/><G66/><T6/><REACH who="0" step="1"/><D95/><REACH who="0" ten="221,331,167,271" step="2"/><N who="2" m="36426" /><F85/><W132/><G132/><T25/><AGARI ba="0,1" hai="6,9,13,17,23,25,44,49,52,57,61,64,77,78" machi="25" ten="20,12000,2" yaku="1,1,0,1,7,1,8,1,52,1,54,1,53,1" doraHai="60" doraHaiUra="8" who="0" fromWho="0" sc="221,130,331,-30,167,-60,271,-30" /><INIT seed="7,0,0,3,3,35" ten="351,301,107,241" oya="3" hai0="129,102,5,83,66,57,114,36,101,123,93,126,108" hai1="3,91,11,32,122,112,128,46,10,78,67,73,63" hai2="113,18,51,120,45,109,29,115,117,110,86,20,133" hai3="104,71,119,87,65,59,98,80,1,132,77,49,41"/><W124/><G119/><T125/><D108/><N who="2" m="41578" /><F86/><W4/><G71/><T79/><D123/><U85/><E122/><V121/><F29/><W84/><G65/><T105/><D36/><U134/><E32/><V135/><F51/><W127/><G49/><T42/><D42/><U37/><E11/><V111/><N who="2" m="41586" /><V53/><DORA hai="64" /><F53/><W95/><G41/><T54/><D105/><U107/><E107/><V118/><F45/><W6/><G104/><T19/><D114/><N who="2" m="43530" /><F20/><W92/><G87/><T30/><D30/><U24/><E85/><V103/><F103/><W69/><G84/><T17/><D66/><U33/><E67/><V2/><F18/><W88/><G88/><T106/><D106/><U13/><E91/><V68/><F68/><W99/><G92/><T96/><D102/><U28/><E28/><V82/><F82/><W76/><G95/><T89/><D89/><U34/><E46/><V31/><F31/><W40/><G80/><T72/><D72/><U8/><E33/><V12/><F12/><W38/><G69/><T48/><D83/><U61/><E73/><V60/><F60/><W116/><G40/><T56/><D93/><U75/><E34/><V22/><F22/><W39/><G77/><T23/><D79/><U62/><E78/><V74/><F74/><W0/><G76/><T130/><D101/><U9/><E75/><V55/><F55/><W16/><G16/><T50/><D54/><U43/><E62/><V25/><F25/><W14/><G14/><T97/><D23/><U58/><E112/><V7/><F121/><W81/><G81/><RYUUKYOKU ba="0,0" sc="351,30,301,-10,107,-10,241,-10" hai0="5,17,19,48,50,56,57,96,97,125,126,129,130" owari="381,48.0,291,9.0,97,-40.0,231,-17.0" /></mjloggm>