<mjloggm ver="2.3"><GO type="169" lobby="0"/><UN n0="%E3%81%AF%E3%81%98%E3%82%81%E3%81%A3%E3%81%A1" n1="%62%75%72%65%61%36" n2="%E3%83%81%E3%83%83%E3%83%97%E3%82%B3%E3%83%AC%E3%82%AF%E3%82%BF%E3%83%BC" n3="%77%72%77%72%77%72%77%72" dan="17,16,16,17" rate="2207.67,2127.66,2138.91,2173.67" sx="F,M,M,M"/><TAIKYOKU oya="0"/><INIT seed="0,0,0,5,0,15" ten="250,250,250,250" oya="0" hai0="28,113,76,35,110,95,51,20,5,71,34,3,1" hai1="50,10,109,6,100,44,69,56,59,80,74,128,24" hai2="70,33,31,54,89,125,97,78,108,134,83,18,87" hai3="96,49,120,21,37,82,121,60,38,112,129,75,126"/><T41/><D113/><U48/><E109/><V88/><F108/><W107/><G112/><T22/><D71/><U32/><E69/><V79/><F134/><W0/><G0/><N who="0" m="75" /><D76/><U123/><E123/><V116/><F125/><W131/><G49/><T94/><D51/><U4/><E128/><N who="3" m="49226" /><G126/><T47/><D47/><U62/><E100/><V63/><F31/><W124/><G124/><T105/><D41/><U57/><E74/><V98/><F33/><N who="0" m="12298" /><D105/><U117/><E44/><V104/><F116/><W65/><G82/><T8/><D95/><U90/><E117/><V40/><F40/><W118/><G75/><T45/><D94/><U53/><E62/><V66/><F54/><W19/><G118/><T12/><D45/><U86/><E50/><V55/><F55/><W39/><G96/><T72/><D72/><U132/><E48/><V42/><F42/><W130/><G107/><T68/><D68/><U73/><E53/><V91/><F104/><W13/><N who="3" m="49234" /><W29/><DORA hai="46" /><G29/><T16/><D110/><U67/><E73/><V106/><F78/><W111/><G111/><T30/><D22/><U85/><E80/><V127/><F127/><W102/><G102/><T103/><D103/><U135/><E85/><V114/><F114/><W115/><G115/><T61/><D61/><U92/><E86/><V23/><REACH who="2" step="1"/><F106/><REACH who="2" ten="250,250,240,250" step="2"/><W36/><N who="3" m="9216" /><DORA hai="133" /><W17/><G65/><T25/><AGARI ba="0,1" hai="5,8,12,16,20,25,28,30" m="12298,75" machi="25" ten="30,18000,2" yaku="35,5,52,1,54,1" doraHai="15,46,133" who="0" fromWho="0" sc="250,190,250,-60,240,-60,250,-60" /><INIT seed="0,1,0,3,0,116" ten="440,190,180,190" oya="0" hai0="79,90,62,19,88,123,56,104,124,14,24,69,71" hai1="9,0,72,37,127,102,43,78,75,107,28,49,119" hai2="131,87,130,70,30,61,17,122,5,134,63,48,84" hai3="47,59,8,89,86,96,40,120,109,44,129,52,36"/><T68/><D104/><U117/><E49/><V92/><F134/><W94/><G109/><T126/><D79/><U83/><E28/><V111/><F111/><W33/><G129/><N who="2" m="49161" /><F30/><W38/><G33/><T76/><D76/><U103/><E75/><V93/><F5/><W16/><G47/><T51/><D24/><U57/><E57/><V91/><F48/><W4/><G120/><T15/><D51/><U121/><E127/><N who="0" m="48681" /><D123/><U105/><E103/><V26/><F122/><W85/><G38/><T46/><D46/><N who="1" m="23919" /><E121/><V99/><F70/><W81/><G81/><T41/><D41/><U97/><E107/><V35/><F84/><W21/><G8/><N who="0" m="6599" /><D15/><U55/><E55/><AGARI ba="1,0" hai="55,56,62,68,69,71,88,90" m="6599,48681" machi="55" ten="40,3900,0" yaku="18,1,54,1" doraHai="116" who="0" fromWho="1" sc="440,42,190,-42,180,0,190,0" /><INIT seed="0,2,0,5,1,9" ten="482,148,180,190" oya="0" hai0="87,94,0,86,22,67,68,82,90,34,131,78,25" hai1="10,80,81,57,51,132,135,37,134,7,71,55,8" hai2="28,109,117,105,103,65,18,38,14,91,46,111,59" hai3="26,31,32,120,58,85,124,21,98,60,129,108,47"/><T24/><D131/><U41/><E71/><V2/><F2/><W107/><G108/><N who="2" m="41545" /><F28/><W49/><G129/><T44/><D0/><U4/><E37/><V84/><F103/><W61/><G124/><T128/><D128/><U89/><E41/><N who="2" m="22839" /><F105/><W62/><G85/><T36/><D34/><U99/><E99/><V56/><F65/><W116/><G116/><T126/><D126/><U119/><E119/><V42/><F42/><W133/><G133/><T13/><D36/><U123/><E123/><V66/><F66/><W73/><G73/><T95/><D44/><U88/><E81/><N who="2" m="49551" /><F117/><W102/><G120/><T104/><D104/><U83/><E83/><V48/><F48/><W50/><G50/><T122/><D122/><U118/><E118/><V19/><F19/><W52/><REACH who="3" step="1"/><G32/><REACH who="3" ten="482,148,180,180" step="2"/><T30/><D86/><U43/><E132/><V75/><F75/><W17/><G17/><T72/><D72/><U29/><E135/><V54/><F54/><AGARI ba="2,1" hai="21,26,31,47,49,52,54,58,60,61,62,98,102,107" machi="54" ten="30,3900,0" yaku="1,1,7,1,54,1,53,0" doraHai="9" doraHaiUra="112" who="3" fromWho="2" sc="482,0,148,0,180,-45,180,55" /><INIT seed="1,0,0,3,4,32" ten="482,148,135,235" oya="1" hai0="50,97,130,102,65,106,18,14,7,103,1,119,98" hai1="100,44,94,57,90,134,15,123,76,25,12,46,86" hai2="116,59,30,117,69,131,55,124,35,67,80,128,21" hai3="29,99,37,8,31,58,47,125,10,45,101,71,61"/><U126/><E123/><V114/><F35/><W110/><G71/><T53/><D130/><N who="2" m="49706" /><F80/><W4/><G110/><T56/><D65/><U73/><E126/><V96/><F124/><W75/><G75/><T48/><D119/><U36/><E134/><V17/><F30/><N who="3" m="11275" /><G37/><T51/><D7/><U105/><E57/><V19/><F114/><W38/><G38/><T6/><D6/><U112/><E25/><V26/><F17/><W60/><G60/><T0/><D50/><U109/><E112/><V39/><F39/><W68/><G68/><T11/><D51/><U87/><E87/><V84/><F84/><W22/><G22/><T85/><D85/><U118/><E118/><V23/><F23/><W2/><G2/><T16/><D18/><U135/><E135/><V81/><F81/><W20/><G20/><T104/><AGARI ba="0,0" hai="0,1,11,14,16,48,53,56,97,98,102,103,104,106" machi="104" ten="20,12000,2" yaku="0,1,7,1,9,1,52,2,54,1" doraHai="32" who="0" fromWho="0" sc="482,120,148,-60,135,-30,235,-30" /><INIT seed="2,0,0,2,5,58" ten="602,88,105,205" oya="2" hai0="56,15,119,80,13,52,2,125,111,29,114,102,3" hai1="73,9,126,55,134,46,6,5,90,92,123,77,74" hai2="32,68,34,81,11,116,17,67,18,89,122,65,24" hai3="53,10,63,112,71,7,87,48,12,20,62,96,107"/><V78/><F122/><W127/><G71/><T36/><D114/><U60/><E134/><V54/><F116/><W95/><G127/><T97/><D36/><U38/><E126/><V64/><F89/><N who="3" m="55407" /><G107/><T69/><D69/><U129/><E129/><V106/><F106/><W28/><G112/><T14/><D111/><U131/><E131/><V91/><F91/><W121/><G121/><T27/><D125/><U83/><E123/><V88/><F68/><W109/><G87/><T16/><D80/><U118/><E118/><V33/><F54/><W44/><G109/><T25/><D25/><AGARI ba="0,0" hai="7,10,12,20,25,28,44,48,53,62,63" m="55407" machi="25" ten="30,3900,0" yaku="8,1,52,2" doraHai="58" who="3" fromWho="0" sc="602,-39,88,0,105,0,205,39" /><INIT seed="3,0,0,2,1,55" ten="563,88,105,244" oya="3" hai0="118,76,67,78,95,110,51,23,17,107,123,82,29" hai1="35,129,14,50,103,100,60,21,24,133,122,90,108" hai2="130,63,89,117,25,132,19,1,28,66,68,13,43" hai3="93,102,86,20,85,62,58,52,126,47,22,30,113"/><W49/><G126/><T41/><D107/><U73/><E122/><V134/><F117/><W12/><G113/><T87/><D118/><U125/><E125/><V131/><F1/><W71/><G71/><T42/><D110/><U115/><E115/><V121/><F43/><W15/><G102/><T39/><D39/><U38/><E38/><V119/><F119/><W106/><G106/><T92/><D29/><U11/><E73/><V45/><F45/><W2/><G2/><T27/><D123/><U80/><E35/><V57/><F89/><N who="3" m="53423" /><G86/><T127/><D127/><U5/><E108/><V59/><F121/><W0/><G0/><T26/><D78/><U6/><E80/><V31/><F19/><W124/><G124/><T111/><D111/><U44/><E90/><V70/><F13/><N who="3" m="5195" /><G30/><N who="2" m="11305" /><F25/><W48/><G48/><T109/><D27/><U9/><E24/><V120/><F120/><W61/><G61/><T40/><D109/><U16/><E60/><N who="2" m="38159" /><F68/><W99/><G99/><T79/><D87/><U72/><E72/><V53/><F70/><W112/><G112/><T83/><D51/><U64/><E50/><V98/><F98/><W36/><G36/><T34/><D34/><U75/><E75/><V10/><F10/><W135/><G135/><AGARI ba="0,0" hai="53,59,63,130,131,132,134,135" m="38159,11305" machi="135" ten="30,3900,0" yaku="20,1,52,2" doraHai="55" who="2" fromWho="3" sc="563,0,88,0,105,39,244,-39" /><INIT seed="4,0,0,2,5,126" ten="563,88,144,205" oya="0" hai0="118,58,129,86,73,88,38,53,80,39,113,1,55" hai1="54,2,67,5,29,16,76,12,106,8,64,85,83" hai2="60,82,47,27,46,28,114,121,90,57,24,19,92" hai3="41,37,26,117,120,42,43,6,134,132,40,51,77"/><T0/><D118/><U93/><E106/><V70/><F70/><W109/><G6/><T99/><D113/><U69/><E69/><V14/><F114/><W45/><G77/><T32/><D32/><U36/><E36/><V87/><F121/><W59/><G26/><T105/><D55/><U116/><E116/><V10/><F82/><W52/><G117/><T79/><D39/><U130/><E29/><V48/><F48/><W17/><G17/><T65/><D65/><U91/><E54/><V75/><F75/><W96/><G96/><T18/><D38/><U56/><E56/><V97/><F87/><W33/><G33/><T98/><D98/><U108/><E108/><V127/><F127/><W13/><G13/><T74/><D74/><U78/><E78/><V123/><F24/><W131/><G120/><T102/><D129/><U107/><E107/><V25/><F25/><W34/><G34/><T133/><D18/><U104/><E104/><V49/><F49/><W22/><G22/><T68/><D68/><U84/><REACH who="1" step="1"/><E130/><REACH who="1" ten="563,78,144,205" step="2"/><V119/><F119/><W95/><G131/><T11/><D133/><N who="3" m="51305" /><G109/><T100/><D105/><U103/><E103/><V112/><F123/><W9/><G41/><T135/><D135/><U30/><E30/><V31/><F31/><W63/><G42/><T50/><D102/><U7/><E7/><V101/><F101/><W21/><G43/><T3/><D100/><U72/><E72/><V71/><F71/><W111/><G40/><T20/><D73/><U89/><E89/><V62/><F112/><W122/><G37/><T110/><D110/><RYUUKYOKU ba="0,1" sc="563,-10,78,30,144,-10,205,-10" hai1="2,5,8,12,16,64,67,76,83,84,85,91,93" /><INIT seed="5,1,1,5,5,62" ten="553,108,134,195" oya="1" hai0="2,3,83,125,28,70,13,42,124,66,77,58,107" hai1="43,57,86,135,116,40,91,29,104,84,10,129,30" hai2="133,9,21,33,48,37,121,59,68,105,120,4,72" hai3="46,31,45,109,24,118,49,82,53,23,132,74,93"/><U0/><E116/><V6/><F33/><W96/><G109/><T123/><D107/><U131/><E104/><V108/><F108/><W15/><G132/><T98/><D70/><U128/><E135/><V92/><F105/><W100/><G118/><T97/><D28/><N who="1" m="10859" /><E57/><V106/><F68/><W25/><G15/><T12/><D42/><N who="1" m="15915" /><E91/><V51/><F37/><W34/><G25/><T85/><D77/><U67/><E67/><V27/><F72/><W39/><G34/><T36/><D58/><U17/><E17/><V111/><F111/><W127/><G127/><T94/><D66/><U88/><E88/><V26/><F106/><W115/><G74/><T32/><D125/><U5/><AGARI ba="1,1" hai="0,5,10,84,86,128,129,131" m="15915,10859" machi="5" ten="40,2100,0" yaku="19,1" doraHai="62" who="1" fromWho="1" sc="553,-8,108,34,134,-8,195,-8" /><INIT seed="5,2,0,0,0,17" ten="545,142,126,187" oya="1" hai0="117,76,91,94,84,120,58,127,70,88,8,34,42" hai1="55,89,54,22,53,92,29,60,96,113,13,31,52" hai2="74,36,112,11,98,18,44,57,79,115,83,134,102" hai3="66,97,9,103,118,110,125,21,49,69,73,119,10"/><U14/><E113/><N who="2" m="43595" /><F134/><W37/><G125/><T19/><D70/><U28/><E22/><V45/><F57/><AGARI ba="2,0" hai="13,14,28,29,31,52,53,54,55,57,60,89,92,96" machi="57" ten="40,3900,0" yaku="8,1,54,1" doraHai="17" who="1" fromWho="2" sc="545,0,142,45,126,-45,187,0" /><INIT seed="5,3,0,2,1,112" ten="545,187,81,187" oya="1" hai0="81,83,94,119,98,96,110,90,82,33,69,117,116" hai1="129,102,73,79,101,39,123,64,93,7,86,134,5" hai2="9,11,59,23,25,45,75,10,135,124,74,125,53" hai3="12,76,36,63,121,37,47,4,32,19,41,27,6"/><U100/><E123/><V99/><F135/><W84/><G121/><T72/><D69/><U95/><E39/><V0/><F0/><W128/><G37/><T20/><D33/><U58/><E73/><V48/><F99/><W22/><G128/><T105/><D20/><U49/><E129/><V8/><N who="2" m="2048" /><DORA hai="113" /><V34/><F34/><W78/><G63/><T108/><D72/><U103/><N who="1" m="25600" /><DORA hai="122" /><U91/><E134/><V67/><F74/><W104/><G104/><T17/><D17/><U2/><E2/><V51/><F75/><W13/><G13/><T109/><D98/><U31/><E31/><V14/><F14/><W132/><G78/><T120/><D120/><U50/><E79/><V30/><REACH who="2" step="1"/><F67/><REACH who="2" ten="545,187,71,187" step="2"/><W62/><G32/><T115/><D115/><U26/><E26/><V21/><F21/><W61/><G27/><T29/><D29/><U1/><E1/><V92/><F92/><W89/><G22/><T126/><D126/><U54/><E95/><V70/><F70/><W97/><G12/><T43/><D105/><U46/><REACH who="1" step="1"/><E64/><REACH who="1" ten="545,177,71,187" step="2"/><V111/><F111/><W130/><G132/><T85/><D110/><U107/><E107/><V38/><F38/><W80/><G36/><T127/><D109/><U40/><AGARI ba="3,2" hai="5,7,40,46,49,50,54,58,86,91,93" m="25600" machi="40" ten="40,12000,1" yaku="1,1,0,1,8,1,53,1" doraHai="112,113,122" doraHaiUra="42,24,118" who="1" fromWho="1" sc="545,-43,177,149,71,-43,187,-43" /><INIT seed="5,4,0,2,0,46" ten="502,326,28,144" oya="1" hai0="12,61,89,95,4,128,20,1,127,133,94,3,135" hai1="42,58,53,59,134,112,85,121,82,111,74,117,109" hai2="30,28,81,52,90,5,126,55,19,17,130,54,106" hai3="51,47,11,76,122,124,63,26,69,36,22,70,80"/><U64/><E117/><V24/><F106/><W8/><G124/><T132/><D128/><U129/><E121/><V62/><F126/><W21/><G36/><T86/><D127/><U48/><E74/><V39/><F39/><W6/><G22/><T98/><D61/><N who="1" m="37943" /><E129/><V107/><F107/><W66/><G69/><T131/><D131/><U33/><E33/><V25/><F130/><W67/><G67/><T114/><D114/><U0/><E0/><V79/><F90/><W99/><G99/><T27/><D12/><U113/><E85/><V78/><F5/><W92/><G92/><T45/><D45/><N who="1" m="25655" /><E82/><V87/><F79/><W44/><G44/><T103/><D4/><U14/><E14/><V41/><F41/><W104/><G6/><T72/><D72/><U123/><E123/><V83/><F62/><W32/><G32/><T68/><D68/><U91/><E91/><V105/><F105/><W38/><G38/><T120/><D120/><U116/><E134/><V56/><F56/><W84/><G104/><T101/><D101/><U97/><E97/><V18/><REACH who="2" step="1"/><F83/><REACH who="2" ten="502,326,18,144" step="2"/><W115/><G122/><T10/><D133/><U88/><E88/><V65/><F65/><W71/><G71/><T96/><D132/><U75/><E116/><V102/><F102/><W37/><G37/><T40/><D135/><U35/><E59/><V7/><F7/><W60/><G60/><T108/><D103/><U50/><E112/><V31/><AGARI ba="4,1" hai="17,18,19,24,25,28,30,31,52,54,55,78,81,87" machi="31" ten="40,12000,2" yaku="1,1,0,1,29,2,8,1,54,1,53,0" doraHai="46" doraHaiUra="16" who="2" fromWho="2" sc="502,-34,326,-64,18,142,144,-34" /><INIT seed="6,0,0,5,2,123" ten="468,262,160,110" oya="2" hai0="66,10,70,53,121,44,88,87,34,12,49,92,116" hai1="1,79,27,80,115,71,50,8,133,43,29,110,107" hai2="99,5,59,54,45,108,63,16,37,24,65,105,4" hai3="38,109,90,111,78,6,41,84,57,62,7,96,98"/><V94/><F105/><W122/><G122/><T103/><D34/><U95/><E110/><V28/><F108/><W124/><G124/><T91/><D121/><U18/><E107/><V117/><F117/><W33/><G33/><T26/><D103/><U135/><E71/><V130/><F130/><W56/><G78/><T85/><D26/><U32/><E95/><V9/><F37/><W81/><G41/><T42/><D42/><U17/><E43/><V11/><F28/><W73/><G73/><T131/><D131/><U51/><E115/><V83/><F83/><W100/><G38/><T86/><D116/><U25/><E25/><V106/><F106/><W58/><G62/><T97/><D70/><U76/><E76/><V114/><F114/><W129/><G129/><T55/><D66/><U128/><E128/><V112/><F112/><W2/><G98/><T68/><D68/><U102/><E102/><N who="2" m="60791" /><F9/><W74/><G74/><T132/><D132/><N who="1" m="50763" /><E1/><V82/><F82/><W14/><G2/><T40/><D91/><U23/><E8/><V39/><F39/><W22/><G7/><AGARI ba="0,0" hai="7,10,12,40,44,49,53,55,85,86,87,88,92,97" machi="7" ten="40,2600,0" yaku="8,1,54,1" doraHai="123" who="0" fromWho="3" sc="468,26,262,0,160,0,110,-26" /><INIT seed="7,0,0,2,1,22" ten="494,262,160,84" oya="3" hai0="7,89,52,125,132,47,30,64,8,16,50,133,41" hai1="103,120,73,100,9,36,40,94,60,71,79,81,128" hai2="123,62,85,17,3,74,32,84,122,65,111,37,20" hai3="91,13,54,96,67,27,14,135,104,106,5,95,38"/><W68/><G135/><N who="0" m="51787" /><D64/><U87/><E40/><V88/><F74/><W39/><G67/><T63/><D30/><U82/><E36/><V66/><F37/><W70/><G54/><T57/><D16/><U112/><E9/><V77/><F32/><W1/><G1/><N who="0" m="111" /><D89/><U72/><E94/><V116/><F3/><W6/><G91/><T58/><D58/><U101/><E100/><V46/><F46/><W92/><REACH who="3" step="1"/><G96/><REACH who="3" ten="494,262,160,74" step="2"/><T51/><D125/><U108/><E120/><V134/><F65/><W80/><G80/><T130/><D130/><U29/><E82/><N who="2" m="47183" /><F134/><W33/><G33/><T34/><D34/><U35/><E81/><N who="2" m="49199" /><F123/><W118/><G118/><T59/><D41/><U98/><E35/><V86/><F116/><W129/><G129/><T53/><D53/><U28/><E128/><V127/><F127/><W49/><G49/><T126/><D126/><U2/><E2/><V117/><F117/><W69/><G69/><T44/><D51/><U31/><E71/><V113/><F122/><W42/><G42/><T131/><D131/><U10/><E60/><V121/><F121/><W21/><G21/><T115/><D63/><U102/><E98/><V12/><F62/><W114/><G114/><T56/><D115/><U107/><E112/><V78/><F113/><W11/><G11/><T75/><D52/><U25/><E10/><V61/><F61/><W90/><G90/><T4/><D50/><U26/><E103/><V0/><F0/><W97/><G97/><T99/><D99/><U24/><E102/><V43/><F43/><W15/><G15/><T23/><D23/><RYUUKYOKU ba="0,1" sc="494,-10,262,-10,160,-10,74,30" hai3="5,6,13,14,27,38,39,68,70,92,95,104,106" /><INIT seed="7,1,1,1,3,79" ten="484,252,150,104" oya="3" hai0="53,120,108,68,3,127,116,9,22,14,11,29,65" hai1="41,91,20,51,86,35,43,102,74,1,128,76,4" hai2="49,75,47,118,32,94,15,90,46,115,21,113,130" hai3="37,61,88,135,83,95,19,96,5,55,18,45,64"/><W87/><G135/><T132/><D108/><U59/><E35/><V72/><F118/><W98/><G5/><T93/><D120/><U13/><E1/><V114/><F32/><W99/><G37/><T8/><D11/><U84/><E74/><N who="2" m="28203" /><F49/><N who="3" m="29103" /><G95/><T30/><D127/><U58/><E102/><V38/><F130/><W112/><G112/><T16/><D132/><U73/><E73/><V52/><F38/><W81/><G81/><T105/><D105/><U6/><E128/><V82/><F82/><W78/><G78/><T0/><D68/><U109/><E109/><V123/><F123/><W131/><G131/><T36/><D36/><U33/><E33/><V27/><F15/><W122/><G122/><T31/><D14/><U106/><E13/><V25/><F52/><W48/><G48/><T62/><D53/><U70/><E51/><V67/><F67/><W10/><G10/><T125/><D125/><U50/><E50/><V60/><F60/><W103/><G103/><T39/><D62/><U92/><E76/><V129/><F129/><W42/><G42/><T107/><D65/><U119/><E92/><V66/><F66/><W69/><G69/><T126/><D93/><U77/><E77/><V26/><F21/><W124/><G124/><T17/><D39/><U85/><E20/><V57/><F57/><N who="3" m="36911" /><G18/><T121/><D121/><U44/><E70/><V24/><N who="2" m="6144" /><DORA hai="104" /><V101/><F101/><W110/><G110/><T40/><D30/><U54/><E43/><V71/><F71/><W117/><G117/><T134/><D29/><U2/><E119/><V56/><F56/><RYUUKYOKU ba="1,1" sc="484,-15,252,-15,150,15,104,15" hai2="46,47,90,94,113,114,115" hai3="19,83,87,88,96,98,99" /><INIT seed="7,2,1,2,3,16" ten="469,237,165,119" oya="3" hai0="10,61,68,15,126,13,0,32,82,75,132,84,64" hai1="110,38,111,106,77,39,37,4,5,63,88,80,114" hai2="94,93,53,23,125,28,31,134,29,65,51,6,133" hai3="116,104,1,97,73,11,123,43,36,107,69,30,67"/><W83/><G116/><T86/><D32/><U87/><E106/><V124/><F65/><W7/><G123/><T92/><D75/><U102/><E102/><V62/><F62/><N who="3" m="40183" /><G97/><T18/><D0/><U34/><E34/><V128/><F6/><W19/><G19/><T99/><D15/><U72/><E114/><V60/><F60/><W119/><G30/><T112/><D112/><U57/><E5/><V74/><F74/><W129/><G129/><T12/><D12/><U127/><E4/><V52/><F128/><W120/><G120/><T89/><D126/><N who="2" m="48746" /><F23/><W95/><G95/><N who="2" m="36361" /><F51/><W90/><G90/><T42/><D42/><U9/><E127/><V100/><F100/><W71/><G71/><T47/><D47/><U33/><E33/><V27/><F27/><W96/><G96/><T109/><D89/><U121/><E121/><V113/><F113/><W66/><G66/><T78/><D18/><U101/><E101/><V76/><F76/><N who="3" m="44431" /><G119/><T103/><D13/><U41/><E72/><V14/><F14/><W22/><G22/><T46/><D82/><U8/><E88/><V135/><AGARI ba="2,1" hai="28,29,31,52,53,133,134,135" m="36361,48746" machi="135" ten="40,8000,1" yaku="28,2,20,1,18,1,54,1" doraHai="16" who="2" fromWho="2" sc="469,-22,237,-22,165,96,119,-42" owari="447,54.0,215,-18.0,261,6.0,77,-42.0" /></mjloggm>