<mjloggm ver="2.3"><GO type="169" lobby="0"/><UN n0="%E5%B0%8F%E6%B1%A0%E7%BE%8E%E6%B3%A2%E2%8A%BF" n1="%E9%87%8E%E8%89%AF%E7%8C%AB%E3%83%AD%E3%83%83%E3%82%AF" n2="%E3%81%86%E3%81%95%E3%81%8E%E3%83%95%E3%82%A1%E3%83%B3%E3%82%B7%E3%83%BC" n3="%EF%BC%93%E7%95%AA%E3%82%B7%E3%83%A7%E3%83%BC%E3%83%88%E5%9D%82%E7%94%B0" dan="16,16,17,17" rate="2087.49,2194.44,2136.14,2168.14" sx="F,M,F,M"/><TAIKYOKU oya="0"/><INIT seed="0,0,0,2,1,19" ten="250,250,250,250" oya="0" hai0="34,3,132,24,86,118,90,41,78,35,104,72,85" hai1="22,38,29,106,64,76,18,23,66,87,60,2,79" hai2="47,126,5,1,97,54,107,89,111,45,116,52,119" hai3="122,98,73,68,63,14,51,96,84,93,103,112,108"/><T16/><D118/><N who="2" m="45098" /><F111/><W113/><G73/><T33/><D104/><U109/><E2/><V40/><F126/><W48/><G108/><T82/><D132/><U21/><E109/><V75/><F75/><W12/><G84/><T0/><D41/><U95/><E106/><V36/><F47/><W133/><G93/><T69/><D69/><U30/><E38/><V62/><F62/><W77/><G63/><T43/><D43/><U101/><E18/><V114/><F114/><W70/><G77/><N who="1" m="29770" /><E60/><V67/><F67/><N who="1" m="25641" /><E87/><V94/><F107/><W27/><G133/><T65/><D65/><U8/><E8/><AGARI ba="0,0" hai="1,5,8,36,40,45,52,54,89,94,97" m="45098" machi="8" ten="30,2000,0" yaku="12,1,54,1" doraHai="19" who="2" fromWho="1" sc="250,0,250,-20,250,20,250,0" /><INIT seed="1,0,0,4,0,49" ten="250,230,270,250" oya="1" hai0="110,38,28,23,134,83,63,3,51,37,128,66,125" hai1="101,135,95,99,112,24,102,126,131,29,2,48,50" hai2="54,81,30,85,120,4,64,78,111,17,117,118,39" hai3="40,69,56,53,62,105,79,133,132,96,72,55,74"/><U27/><E112/><V113/><F120/><W100/><G69/><T5/><D28/><U70/><E135/><N who="3" m="51786" /><G40/><T90/><D3/><U22/><E126/><V97/><F39/><N who="0" m="14858" /><D5/><U123/><E123/><V80/><F113/><W34/><G34/><T115/><D23/><U20/><E131/><V75/><F111/><W26/><G26/><T32/><D32/><U47/><E70/><V46/><F30/><W114/><G114/><T1/><D1/><U58/><E2/><V9/><F64/><N who="3" m="38983" /><G79/><T11/><D134/><U0/><E0/><V44/><F17/><W21/><G21/><T121/><D11/><U57/><E101/><V129/><F129/><W116/><G116/><T10/><D10/><U76/><E76/><V41/><F9/><W104/><G105/><T42/><D128/><U15/><E48/><V84/><F4/><W73/><AGARI ba="0,0" hai="53,55,72,73,74,96,100,104" m="38983,51786" machi="73" ten="40,5200,0" yaku="20,1,52,2" doraHai="49" who="3" fromWho="3" sc="250,-13,230,-26,270,-13,250,52" /><INIT seed="2,0,0,3,2,78" ten="237,204,257,302" oya="2" hai0="116,3,34,43,120,108,59,77,88,6,17,63,70" hai1="87,99,69,81,130,102,89,126,101,124,95,52,14" hai2="82,12,131,135,57,98,128,24,133,39,129,62,36" hai3="86,33,94,31,53,11,0,68,65,54,125,58,30"/><V118/><F118/><W22/><G33/><T134/><D120/><U42/><E69/><V32/><F98/><W44/><G68/><T106/><D34/><U71/><E71/><V119/><F119/><W85/><G125/><T49/><D116/><U79/><E130/><V29/><F12/><W64/><G0/><T97/><D108/><U114/><E114/><V84/><F57/><W93/><G11/><T117/><D117/><U107/><E42/><V115/><F62/><W74/><G74/><T1/><D6/><U38/><E38/><N who="2" m="14379" /><F115/><W20/><G58/><T123/><D70/><U23/><E23/><V55/><F55/><W92/><REACH who="3" step="1"/><G94/><REACH who="3" ten="237,204,257,292" step="2"/><T15/><D3/><U91/><E126/><V25/><F25/><W73/><G73/><T110/><D1/><U60/><E124/><V122/><F122/><W5/><G5/><T35/><D59/><N who="1" m="34919" /><E107/><V4/><F4/><W41/><G41/><T112/><D43/><U67/><E14/><V127/><F127/><W13/><G13/><T45/><D15/><U37/><E37/><V96/><F96/><W2/><G2/><T47/><D97/><U113/><E113/><V104/><F104/><W18/><G18/><T50/><D17/><U56/><E102/><V7/><F7/><W16/><G16/><T51/><D106/><U72/><E72/><V8/><F8/><W90/><G90/><AGARI ba="0,1" hai="24,29,32,82,84,90,128,129,131,133,135" m="14379" machi="90" ten="40,3900,0" yaku="19,1,52,1" doraHai="78" who="2" fromWho="3" sc="237,0,204,0,257,49,292,-39" /><INIT seed="2,1,0,1,1,56" ten="237,204,306,253" oya="2" hai0="92,115,31,122,83,8,43,89,6,86,94,85,78" hai1="34,32,76,135,107,87,134,64,54,114,55,127,37" hai2="117,100,42,20,121,53,7,125,131,67,91,74,27" hai3="50,12,14,119,124,105,93,44,17,132,40,102,19"/><V128/><F121/><W99/><G119/><T45/><D122/><U101/><E114/><V98/><F117/><W48/><G124/><T88/><D115/><U39/><E101/><V60/><F125/><W84/><G132/><T22/><D31/><U0/><E127/><V16/><F74/><W129/><G129/><N who="2" m="49737" /><F42/><W90/><G12/><T77/><D22/><U104/><E64/><V97/><F7/><W95/><G50/><T49/><REACH who="0" step="1"/><D83/><REACH who="0" ten="227,204,306,253" step="2"/><U70/><E134/><V68/><F100/><W30/><G30/><T46/><D46/><U28/><E28/><V123/><F123/><W18/><REACH who="3" step="1"/><G14/><AGARI ba="1,1" hai="6,8,14,43,45,49,77,78,85,86,88,89,92,94" machi="14" ten="30,8000,1" yaku="1,1,7,1,9,1,8,1,54,1,53,0" doraHai="56" doraHaiUra="21" who="0" fromWho="3" sc="227,93,204,0,306,0,253,-83" /><INIT seed="3,0,0,1,2,65" ten="320,204,306,170" oya="3" hai0="112,44,43,71,131,1,77,135,107,17,40,93,85" hai1="99,96,98,68,102,23,101,20,0,30,4,57,47" hai2="3,126,95,132,114,73,94,75,24,46,10,32,2" hai3="120,104,124,50,109,67,18,28,35,118,56,31,119"/><W80/><G120/><T111/><D107/><U12/><E0/><V52/><F114/><W76/><G104/><T121/><D121/><U62/><E47/><V22/><F32/><W106/><G106/><T53/><D1/><U25/><E68/><V117/><F117/><W87/><G124/><T97/><D131/><U116/><E116/><V33/><F33/><W41/><G109/><T36/><D40/><U14/><E4/><V82/><F126/><W6/><G35/><T134/><D111/><U8/><E20/><V5/><F3/><W45/><G6/><T27/><D53/><U34/><E34/><V91/><F132/><W84/><G119/><T69/><D77/><U42/><E42/><V72/><F82/><W49/><G118/><T78/><D85/><U105/><E8/><V21/><F91/><W66/><G87/><T60/><D60/><U38/><E38/><V63/><F22/><W39/><G39/><T15/><D27/><U86/><E86/><V83/><F83/><W133/><G133/><N who="0" m="50699" /><D78/><U122/><E122/><V81/><F81/><W9/><G67/><T51/><D36/><U59/><E105/><V61/><F61/><N who="3" m="38183" /><G50/><T26/><D26/><U19/><E62/><V90/><F63/><W48/><G49/><T11/><D112/><U128/><E128/><V54/><F46/><W70/><G70/><T79/><D79/><U103/><REACH who="1" step="1"/><E30/><REACH who="1" ten="320,194,306,170" step="2"/><N who="3" m="11306" /><G18/><T115/><D115/><U74/><E74/><V16/><REACH who="2" step="1"/><F94/><REACH who="2" ten="320,194,296,170" step="2"/><W55/><G9/><T129/><D129/><U92/><E92/><V113/><F113/><W29/><G29/><T89/><AGARI ba="0,2" hai="11,15,17,43,44,51,69,71,89,93,97" m="50699" machi="89" ten="30,7900,0" yaku="5,1,20,1,52,2" doraHai="65" who="0" fromWho="0" sc="320,99,194,-20,296,-20,170,-39" /><INIT seed="4,0,0,2,3,117" ten="419,174,276,131" oya="0" hai0="36,31,91,87,5,38,30,132,105,86,130,108,15" hai1="109,77,18,43,61,48,100,74,66,95,96,83,27" hai2="51,25,2,84,1,65,99,73,29,24,11,22,17" hai3="88,104,8,131,80,54,53,75,129,21,44,118,49"/><T76/><D105/><U127/><E109/><V102/><F73/><W122/><G104/><T92/><D130/><N who="3" m="49673" /><G118/><T63/><D132/><U106/><E127/><V33/><F65/><W20/><G8/><T58/><D108/><U14/><E43/><V93/><F51/><W41/><G75/><T85/><D38/><U0/><E48/><V67/><F67/><W128/><N who="3" m="49681" /><W124/><DORA hai="114" /><G124/><T79/><D36/><U4/><E4/><V134/><F134/><W133/><G133/><T68/><D68/><U125/><E27/><V55/><F55/><N who="3" m="21003" /><G122/><T70/><D70/><U103/><E0/><V135/><F135/><W35/><G35/><T69/><D69/><U9/><E125/><V71/><F71/><W94/><G80/><T16/><D5/><U37/><E37/><V3/><F93/><W47/><G44/><T90/><D58/><U121/><E121/><V40/><F11/><W82/><G82/><T81/><D63/><U120/><E120/><V123/><F123/><W52/><N who="3" m="21011" /><W28/><DORA hai="57" /><G28/><T107/><D107/><U116/><E116/><V126/><F126/><W42/><G42/><T26/><D31/><U112/><E61/><V119/><F40/><W39/><G39/><T98/><D30/><U78/><E66/><V111/><F119/><W62/><G62/><T10/><D81/><U115/><E77/><V89/><F111/><W46/><G46/><T6/><D79/><U59/><E59/><V19/><F29/><W56/><G56/><T50/><D76/><U13/><E13/><V113/><F33/><W64/><G64/><RYUUKYOKU ba="0,0" sc="419,-15,174,15,276,-15,131,15" hai1="9,14,18,74,78,83,95,96,100,103,106,112,115" hai3="20,21,41,47,49,88,94" /><INIT seed="5,1,0,0,5,128" ten="404,189,261,146" oya="1" hai0="115,51,18,49,1,79,69,82,119,107,53,7,70" hai1="26,73,27,44,111,48,129,68,91,83,133,62,90" hai2="112,92,97,29,10,55,64,12,75,96,34,47,16" hai3="125,45,88,86,37,123,46,20,116,0,35,6,3"/><U121/><E121/><V54/><F75/><W99/><G35/><T2/><D119/><U28/><E129/><V21/><F112/><W25/><G123/><T11/><D107/><U50/><E133/><V122/><F122/><W80/><G116/><T101/><D2/><U100/><E111/><V17/><F64/><W87/><G125/><T77/><D77/><U15/><E100/><V57/><F34/><W23/><G99/><T134/><D51/><U110/><E110/><V58/><F29/><W95/><G20/><T113/><D134/><U38/><E38/><V78/><F78/><W76/><G6/><T124/><D18/><U105/><E105/><V114/><F114/><N who="0" m="43530" /><D101/><U56/><E68/><V135/><F135/><W30/><REACH who="3" step="1"/><G45/><REACH who="3" ten="404,189,261,136" step="2"/><N who="0" m="27823" /><D124/><U31/><E44/><V118/><F47/><W67/><G67/><T24/><D24/><U103/><E27/><N who="2" m="14759" /><F118/><W39/><G39/><T93/><D93/><U52/><E26/><V126/><F126/><W94/><G94/><T9/><D9/><U81/><E81/><V89/><F97/><W108/><G108/><T60/><D82/><U19/><E83/><V106/><F106/><W109/><G109/><T5/><D5/><U66/><E66/><V32/><F32/><W127/><G127/><T120/><D120/><U61/><E56/><AGARI ba="1,1" hai="10,12,17,54,55,56,57,58,89,92,96" m="14759" machi="56" ten="30,2000,0" yaku="8,1,54,1" doraHai="128" who="2" fromWho="1" sc="404,0,189,-23,261,33,136,0" /><INIT seed="6,0,0,5,5,97" ten="404,166,294,136" oya="2" hai0="108,68,19,103,101,42,132,14,51,102,84,62,93" hai1="89,6,17,41,134,9,113,20,46,99,100,120,131" hai2="133,118,25,104,85,95,123,109,60,86,59,26,0" hai3="18,12,21,7,29,111,40,90,30,128,117,35,94"/><V63/><F123/><W121/><G117/><T33/><D108/><U38/><E113/><V91/><F118/><W4/><G121/><T16/><D33/><U15/><E120/><V32/><F109/><W76/><G111/><T78/><D132/><U34/><E134/><V115/><F133/><W87/><G128/><T56/><D68/><U77/><E131/><V124/><F115/><W127/><G127/><T37/><D37/><U88/><E77/><V1/><F104/><W72/><G40/><T23/><D42/><U36/><E34/><V11/><F124/><W27/><REACH who="3" step="1"/><G29/><REACH who="3" ten="404,166,294,126" step="2"/><T10/><D51/><U13/><REACH who="1" step="1"/><E36/><REACH who="1" ten="404,156,294,126" step="2"/><V116/><F116/><W53/><G53/><N who="0" m="34063" /><D78/><U98/><E98/><V106/><F60/><W125/><G125/><T50/><D50/><U71/><E71/><V114/><F114/><W112/><G112/><T67/><D67/><U54/><E54/><V73/><F63/><W58/><G58/><T135/><D135/><U75/><E75/><V130/><F59/><W79/><G79/><T129/><D129/><U55/><E55/><V80/><F73/><W96/><G96/><N who="0" m="59535" /><D84/><U47/><E47/><V74/><F74/><W52/><G52/><T49/><D49/><U107/><AGARI ba="0,2" hai="6,9,13,15,17,20,38,41,46,88,89,99,100,107" machi="107" ten="20,12000,2" yaku="1,1,0,1,7,1,52,1,54,1,53,1" doraHai="97" doraHaiUra="5" who="1" fromWho="1" sc="404,-30,156,140,294,-60,126,-30" /><INIT seed="7,0,0,3,2,5" ten="374,296,234,96" oya="3" hai0="134,1,121,106,55,119,75,109,35,83,88,14,7" hai1="0,111,41,40,38,36,85,20,102,99,125,97,3" hai2="116,54,110,46,50,72,21,43,2,31,133,122,108" hai3="62,23,132,24,51,37,105,80,118,71,79,17,64"/><W34/><G118/><T92/><D106/><U42/><E111/><V95/><F116/><W84/><G132/><T48/><D35/><U63/><E85/><V28/><F133/><W81/><G105/><T27/><D109/><U94/><E125/><V87/><F72/><W130/><G37/><T32/><D1/><U26/><E97/><V19/><F2/><W76/><G130/><T18/><D121/><U103/><E103/><V66/><F66/><W120/><G120/><T61/><D61/><U44/><E63/><V10/><F122/><W123/><G123/><T25/><D7/><U11/><E3/><V77/><F108/><W39/><G39/><T22/><D32/><U67/><E67/><V59/><F110/><W82/><G34/><T90/><D134/><U96/><E96/><V113/><F113/><W6/><G76/><T101/><D101/><U73/><E73/><V45/><F45/><W9/><REACH who="3" step="1"/><G51/><REACH who="3" ten="374,296,234,86" step="2"/><T117/><D119/><U93/><E38/><V104/><F104/><W135/><G135/><T56/><D117/><U129/><E129/><V49/><F77/><W65/><G65/><T86/><D75/><U70/><E36/><V89/><F50/><W124/><G124/><T131/><D131/><U112/><E112/><V100/><F49/><W91/><G91/><T74/><D74/><U4/><E102/><V98/><F100/><W78/><G78/><T47/><D47/><U68/><E44/><V114/><F46/><W13/><AGARI ba="0,1" hai="6,9,13,17,23,24,62,64,71,79,80,81,82,84" machi="13" ten="20,12000,1" yaku="1,1,0,1,7,1,52,1,53,1" doraHai="5" doraHaiUra="16" who="3" fromWho="3" sc="374,-40,296,-40,234,-40,86,130" /><INIT seed="7,1,0,0,2,87" ten="334,256,194,216" oya="3" hai0="19,122,55,104,102,92,45,76,0,135,127,18,123" hai1="129,75,15,64,111,100,65,8,6,117,70,106,62" hai2="81,11,21,7,99,96,42,120,118,131,14,82,95" hai3="90,35,49,37,61,31,107,28,67,126,44,2,51"/><W54/><G2/><T109/><D109/><U47/><E111/><V57/><F118/><W34/><G107/><T105/><D0/><U60/><E129/><V26/><F131/><W113/><G37/><T94/><D135/><U58/><E117/><V98/><F120/><W9/><G113/><T25/><D127/><U16/><E75/><V66/><F42/><W125/><G49/><T77/><D25/><U23/><E100/><V13/><F13/><W38/><G9/><T80/><D102/><U101/><E101/><V22/><F95/><W74/><G74/><T33/><D80/><U130/><E130/><V132/><F132/><W108/><G38/><T59/><D59/><U27/><E47/><V56/><F22/><W72/><G72/><T12/><D55/><U30/><REACH who="1" step="1"/><E106/><REACH who="1" ten="334,246,194,216" step="2"/><V73/><F73/><W114/><G108/><T41/><D45/><U84/><E84/><V119/><F119/><W134/><G134/><T17/><D105/><U116/><E116/><V112/><F112/><W63/><G114/><T50/><D104/><U97/><E97/><V83/><F66/><W110/><G110/><T78/><D123/><U128/><E128/><V24/><F24/><N who="3" m="18695" /><G67/><T48/><D122/><U88/><E88/><V91/><F91/><W36/><G90/><T39/><D77/><U53/><E53/><V43/><F43/><W103/><G103/><T121/><D76/><U86/><E86/><V1/><F1/><W133/><G133/><T40/><D78/><U71/><E71/><V115/><F115/><W10/><G125/><T46/><D121/><U3/><E3/><RYUUKYOKU ba="1,1" sc="334,-15,246,15,194,15,216,-15" hai1="6,8,15,16,23,27,30,58,60,62,64,65,70" hai2="7,11,14,21,26,56,57,81,82,83,96,98,99" owari="329,43.0,261,6.0,209,-19.0,201,-30.0" /></mjloggm>