<mjloggm ver="2.3"><GO type="185" lobby="0"/><UN n0="%E9%95%B7%E5%85%89%E9%BA%BB%E5%A4%9C" n1="%68%69%72%6F%6E%6E%32%30" n2="%E3%81%82%E3%81%9F%E3%82%89%E3%81%AA%E3%81%84%E3%81%A7%EF%BC%81" n3="" dan="16,17,17,0" rate="2236.78,2228.07,2214.21,1500.00" sx="M,M,M,C"/><TAIKYOKU oya="0"/><INIT seed="0,0,0,2,1,110" ten="350,350,350,0" oya="0" hai0="55,84,86,94,76,121,129,51,92,93,105,130,71" hai1="133,32,120,41,104,91,49,122,33,127,115,43,38" hai2="35,34,116,54,103,134,44,87,64,45,59,65,66" hai3=""/><T107/><N who="0" m="31008" /><T67/><D67/><U132/><N who="1" m="30752" /><U69/><N who="1" m="31264" /><U111/><E104/><N who="0" m="40009" /><D71/><U74/><E69/><V98/><F87/><N who="0" m="33322" /><D51/><U135/><E74/><V62/><F134/><T109/><D55/><U97/><E38/><V39/><F116/><T42/><D42/><U112/><E111/><V101/><F39/><T0/><D0/><U60/><E127/><V119/><F119/><T78/><D109/><U128/><E128/><AGARI ba="0,0" hai="76,78,92,93,94,128,129,130" m="33322,40009,31008" machi="128" ten="40,18000,2" yaku="28,2,19,1,34,2,52,1" doraHai="110" who="0" fromWho="1" sc="350,180,350,-180,350,0,0,0" /><INIT seed="0,1,0,3,3,110" ten="530,170,350,0" oya="0" hai0="59,57,128,89,113,45,97,63,109,0,88,135,60" hai1="121,101,73,111,116,72,36,39,125,132,133,50,75" hai2="61,123,37,66,99,115,68,84,81,122,107,82,134" hai3=""/><T119/><D0/><U67/><N who="1" m="31008" /><U104/><E111/><V131/><N who="2" m="31264" /><V92/><N who="2" m="31520" /><V38/><F131/><T42/><D109/><U44/><E116/><V126/><F126/><T100/><D128/><U71/><E125/><V127/><F127/><T91/><D119/><U52/><E101/><V46/><F134/><N who="1" m="51817" /><E104/><V95/><F107/><T105/><D135/><U74/><N who="1" m="18432" /><DORA hai="62" /><U120/><N who="1" m="30752" /><U34/><E34/><V85/><F46/><T78/><D78/><U117/><E117/><V32/><F32/><T108/><D108/><U77/><E77/><V103/><F95/><T53/><D113/><U40/><E40/><V87/><REACH who="2" step="1"/><F115/><REACH who="2" ten="530,170,340,0" step="2"/><T54/><REACH who="0" step="1"/><D91/><REACH who="0" ten="520,170,340,0" step="2"/><U90/><E90/><V94/><F94/><T70/><D70/><U55/><E55/><V1/><F1/><T33/><D33/><U114/><E114/><V35/><F35/><T129/><D129/><U2/><E2/><V93/><F93/><T112/><D112/><U79/><E79/><V130/><F130/><T102/><D102/><U56/><E71/><V80/><AGARI ba="1,2" hai="37,38,61,66,68,80,81,82,84,85,87,92,99,103" m="31520,31264" machi="80" ten="30,9000,2" yaku="1,1,0,1,52,3,53,2" doraHai="110,62" doraHaiUra="69,3" who="2" fromWho="2" sc="520,-61,170,-31,340,112,0,0" /><INIT seed="1,0,0,3,4,53" ten="459,139,452,0" oya="1" hai0="60,119,40,122,98,59,34,78,106,118,80,92,55" hai1="72,108,107,61,58,64,38,128,69,112,111,124,88" hai2="115,45,50,74,113,0,83,77,90,2,56,100,65" hai3=""/><U129/><E112/><N who="2" m="43083" /><F90/><T49/><N who="0" m="31264" /><T42/><D34/><U3/><E124/><V89/><F89/><T41/><D106/><U71/><E3/><V76/><F76/><T63/><D63/><U54/><E72/><V116/><F100/><T62/><D62/><U101/><E38/><V109/><F109/><N who="1" m="42057" /><E101/><V85/><F74/><T86/><REACH who="0" step="1"/><D60/><REACH who="0" ten="449,139,452,0" step="2"/><U73/><E107/><V121/><N who="2" m="31008" /><V95/><F0/><T120/><N who="0" m="30752" /><T32/><D32/><U46/><E73/><V125/><F2/><T43/><N who="0" m="10240" /><DORA hai="44" /><T52/><D52/><U130/><E88/><AGARI ba="0,1" hai="49,55,59,78,80,86,88,92,98,118,119" m="10240,30752,31264" machi="88" ten="50,12000,2" yaku="1,1,52,4,54,1,53,1" doraHai="53,44" doraHaiUra="79,131" who="0" fromWho="1" sc="449,130,139,-120,452,0,0,0" /><INIT seed="2,0,0,5,5,79" ten="579,19,452,0" oya="2" hai0="114,42,33,118,103,46,59,112,56,34,127,102,132" hai1="128,3,47,113,41,43,96,49,81,83,129,0,85" hai2="67,110,65,106,82,63,68,126,99,61,40,76,88" hai3=""/><V89/><F126/><T135/><D127/><U98/><E85/><V91/><F110/><T51/><D118/><U133/><E133/><N who="0" m="51273" /><D59/><U50/><REACH who="1" step="1"/><E47/><REACH who="1" ten="579,9,452,0" step="2"/><V120/><N who="2" m="30752" /><V101/><F40/><T117/><D117/><U37/><E37/><V95/><F106/><T90/><D34/><U109/><E109/><V74/><REACH who="2" step="1"/><F101/><REACH who="2" ten="579,9,442,0" step="2"/><T48/><D33/><U93/><E93/><V86/><F86/><T122/><N who="0" m="31264" /><T72/><D72/><U62/><E62/><V73/><F73/><T52/><D90/><U100/><E100/><AGARI ba="0,2" hai="42,46,48,51,52,56,100,102,103,112,114" m="31264,51273" machi="100" ten="30,3900,0" yaku="20,1,52,1,54,1" doraHai="79" who="0" fromWho="1" sc="579,59,9,-39,442,0,0,0" owari="638,59.0,-30,-63.0,442,4.0,0,0.0" /></mjloggm>