<mjloggm ver="2.3"><GO type="169" lobby="0"/><UN n0="%E6%A5%BD%E3%81%97%E3%82%93%E3%81%94" n1="%E3%81%8D%E3%81%BE%E3%81%99" n2="%4C%4F%4E" n3="%E3%81%8B%E3%81%A3%E9%A3%9B%E3%81%B0%E3%81%9B%E5%85%A8%E9%83%A8" dan="16,17,16,16" rate="2037.90,2205.28,2122.68,2100.52" sx="M,M,M,M"/><TAIKYOKU oya="0"/><INIT seed="0,0,0,0,3,112" ten="250,250,250,250" oya="0" hai0="129,99,52,29,97,21,17,115,67,36,35,66,94" hai1="9,41,104,92,54,46,64,49,25,16,38,50,126" hai2="118,84,119,131,45,53,24,85,7,43,123,63,56" hai3="80,51,62,19,109,116,3,10,72,91,55,127,82"/><T88/><D115/><U73/><E73/><V111/><F111/><W60/><G109/><T34/><D36/><U102/><E104/><V22/><F123/><W95/><G127/><T37/><D37/><U75/><E75/><V57/><F131/><W79/><G116/><N who="2" m="44585" /><F7/><W106/><G106/><T83/><D129/><U68/><E126/><V1/><F57/><W69/><G82/><T98/><D34/><U130/><E130/><V31/><F1/><W32/><G32/><T44/><D35/><U13/><E25/><V15/><F15/><W18/><G3/><T124/><D124/><U87/><E87/><V23/><F23/><W110/><G110/><T59/><D44/><U86/><E86/><V100/><F100/><W81/><G72/><T12/><D29/><U42/><E38/><AGARI ba="0,0" hai="22,24,31,38,43,45,53,56,63,84,85" m="44585" machi="38" ten="30,7700,0" yaku="12,1,52,3" doraHai="112" who="2" fromWho="1" sc="250,0,250,-77,250,77,250,0" /><INIT seed="1,0,0,4,4,133" ten="250,173,327,250" oya="1" hai0="119,81,123,116,115,6,68,92,99,117,30,82,130" hai1="69,31,15,23,21,55,2,1,29,121,36,50,124" hai2="43,62,108,37,45,98,126,94,110,5,8,103,105" hai3="86,18,74,16,20,49,85,65,38,25,51,87,118"/><U112/><E69/><V61/><F105/><W14/><G118/><T125/><D68/><U97/><E36/><V41/><F41/><W39/><G74/><T9/><D115/><U26/><E97/><V56/><F126/><W88/><G65/><T120/><D30/><U131/><E121/><N who="0" m="46665" /><D9/><U40/><E40/><V75/><F75/><W44/><G51/><T24/><D24/><N who="1" m="16527" /><E112/><V7/><F7/><W64/><G64/><T27/><D27/><N who="1" m="16895" /><E50/><V77/><F77/><W35/><G35/><T59/><D59/><U76/><E55/><V46/><F46/><W127/><G127/><T34/><D125/><U0/><E76/><V78/><F78/><W22/><REACH who="3" step="1"/><G88/><REACH who="3" ten="250,173,327,240" step="2"/><N who="0" m="55687" /><D34/><U93/><E124/><V48/><F48/><W58/><G58/><T70/><D70/><U19/><E131/><V113/><F56/><W109/><G109/><N who="2" m="42089" /><F113/><W104/><G104/><T83/><D130/><U128/><E128/><V66/><F66/><W96/><G96/><T53/><D53/><AGARI ba="0,1" hai="14,16,18,20,22,25,38,39,44,49,53,85,86,87" machi="53" ten="40,2600,0" yaku="1,1,54,1,53,0" doraHai="133" doraHaiUra="101" who="3" fromWho="0" sc="250,-26,173,0,327,0,240,36" /><INIT seed="2,0,0,3,0,3" ten="224,173,327,276" oya="2" hai0="124,34,15,8,9,86,17,112,82,80,88,120,109" hai1="123,12,70,57,36,0,48,106,69,75,125,4,121" hai2="73,55,35,71,99,113,115,98,51,110,50,30,5" hai3="64,66,72,24,22,131,26,58,42,114,96,37,132"/><V90/><F73/><W2/><G72/><T49/><D120/><N who="1" m="46155" /><E75/><V108/><F71/><N who="1" m="27145" /><E36/><V10/><F30/><W18/><G132/><T127/><D112/><N who="2" m="43082" /><F35/><W47/><G114/><T46/><D109/><N who="2" m="42090" /><F90/><W68/><G68/><T40/><D34/><U45/><E125/><N who="0" m="48201" /><D80/><U92/><E92/><V41/><F41/><W85/><G42/><T59/><D59/><U116/><E106/><V32/><F32/><W133/><G58/><T78/><D8/><N who="1" m="4103" /><E0/><N who="2" m="295" /><F50/><W118/><G2/><T129/><D78/><U54/><E116/><V101/><F101/><W119/><G118/><T23/><D23/><U117/><E117/><V13/><F13/><W77/><G22/><T6/><D129/><U21/><E21/><V97/><F51/><W53/><G131/><T105/><D105/><U60/><E60/><V19/><F19/><AGARI ba="0,0" hai="6,9,15,17,19,40,46,49,82,86,88" m="48201" machi="19" ten="30,3900,0" yaku="18,1,52,1,54,1" doraHai="3" who="0" fromWho="2" sc="224,39,173,0,327,-39,276,0" /><INIT seed="3,0,0,2,2,133" ten="263,173,288,276" oya="3" hai0="19,4,47,54,132,62,86,43,22,50,72,10,119" hai1="28,102,24,83,81,96,13,46,40,0,30,120,64" hai2="135,127,57,89,65,107,63,128,2,70,90,94,104" hai3="134,34,59,93,66,97,36,20,75,33,8,123,110"/><W37/><G123/><T95/><D119/><U21/><E120/><V31/><F2/><W105/><G105/><T69/><D132/><U130/><E30/><V118/><F118/><W126/><G75/><T113/><D72/><U87/><E0/><V39/><F39/><W73/><G73/><T99/><D113/><U79/><E64/><V108/><F135/><W55/><G134/><T17/><D86/><U76/><E130/><V124/><F108/><W129/><G129/><T92/><D69/><U112/><E112/><V84/><F128/><W106/><G106/><T98/><D62/><U80/><E13/><V68/><F31/><W53/><G8/><T26/><D17/><U15/><E15/><V115/><F115/><W42/><G42/><T82/><D82/><U58/><E58/><V109/><F109/><W67/><G59/><T103/><D10/><U11/><E11/><V1/><F1/><W100/><G20/><T38/><D4/><U116/><E79/><V125/><F107/><W122/><G122/><T5/><D5/><U35/><E35/><V12/><F104/><W111/><G93/><T23/><D23/><U114/><E114/><V117/><F117/><W9/><G9/><T101/><REACH who="0" step="1"/><D38/><REACH who="0" ten="253,173,288,276" step="2"/><U61/><E61/><V56/><F70/><W27/><G37/><T78/><D78/><U91/><E76/><V6/><F6/><W32/><G36/><T49/><D49/><N who="1" m="26823" /><E116/><V51/><F12/><W131/><G131/><T16/><D16/><U14/><E14/><V52/><F68/><W41/><G110/><T3/><D3/><U29/><E29/><RYUUKYOKU ba="0,1" sc="253,10,173,10,288,10,276,-30" hai0="19,22,26,43,47,50,54,92,95,98,99,101,103" hai1="21,24,28,80,81,83,87,91,96,102" hai2="51,52,56,57,63,65,84,89,90,94,124,125,127" /><INIT seed="4,1,1,2,2,132" ten="263,183,298,246" oya="0" hai0="79,73,124,40,43,71,22,48,133,78,77,111,61" hai1="7,125,24,13,84,33,103,119,93,70,36,21,42" hai2="0,116,128,99,14,115,92,20,72,52,85,121,56" hai3="82,130,15,3,59,83,30,86,89,55,35,113,28"/><T120/><D120/><U63/><E119/><V62/><F72/><W51/><G3/><T95/><D133/><U100/><E33/><V104/><F121/><W88/><G113/><T114/><D114/><U68/><E70/><V50/><F0/><W129/><G15/><T1/><D1/><U29/><E42/><V94/><F115/><W27/><REACH who="3" step="1"/><G30/><REACH who="3" ten="263,183,298,236" step="2"/><T32/><D111/><U45/><E13/><V38/><F14/><W5/><G5/><T80/><D73/><U11/><E7/><V54/><F116/><W39/><G39/><T25/><D77/><U105/><E36/><V9/><F38/><W16/><G16/><T102/><D78/><U75/><E29/><V112/><F112/><W126/><G126/><T67/><D124/><U12/><E125/><V123/><F123/><W96/><G96/><T91/><D79/><U44/><E12/><V2/><F99/><W34/><G34/><T10/><D32/><U37/><E37/><V58/><F2/><W90/><G90/><T46/><D10/><U41/><E24/><V6/><F9/><W109/><G109/><T23/><D91/><U107/><E103/><V19/><F6/><W118/><G118/><T47/><D102/><U69/><E100/><V64/><F19/><W60/><G60/><T122/><D122/><U87/><E63/><V76/><F62/><W57/><G57/><T98/><D23/><U134/><E69/><V26/><F20/><W106/><G106/><T110/><D110/><U49/><E68/><V135/><F76/><W66/><G66/><T4/><D22/><U81/><E105/><RYUUKYOKU ba="1,2" sc="263,-10,183,-10,298,-10,236,30" hai3="27,28,35,51,55,59,82,83,86,88,89,129,130" /><INIT seed="5,2,2,2,0,116" ten="253,173,288,266" oya="1" hai0="54,130,94,93,29,109,30,52,72,88,103,51,122" hai1="32,74,22,128,12,77,90,24,112,19,61,70,85" hai2="57,123,81,79,108,110,91,43,44,56,121,1,111" hai3="66,78,105,100,87,124,17,39,104,37,62,33,48"/><U63/><E112/><V114/><F1/><W67/><G124/><T80/><D109/><U106/><E106/><V132/><F91/><W68/><G67/><T76/><D130/><U98/><E70/><V4/><F4/><W135/><G135/><T23/><D122/><N who="2" m="46602" /><F81/><W115/><G115/><T38/><D38/><U86/><E128/><V31/><F31/><W8/><G33/><T84/><D103/><U97/><E74/><V11/><F11/><W10/><G48/><T53/><D51/><U82/><E32/><V13/><F13/><W26/><G8/><T55/><N who="0" m="13312" /><DORA hai="9" /><T134/><D134/><U47/><E47/><V6/><F79/><W89/><G78/><T73/><D94/><N who="1" m="54615" /><E24/><V59/><F6/><W14/><G26/><T40/><D40/><U64/><E64/><V117/><F132/><W35/><G35/><T131/><D131/><U58/><E58/><V36/><F114/><W45/><G45/><T3/><D3/><U2/><E2/><V42/><F42/><W65/><G65/><T125/><D125/><U99/><AGARI ba="2,2" hai="12,19,22,61,63,77,82,85,97,98,99" m="54615" machi="99" ten="30,3000,0" yaku="8,1,52,1" doraHai="116,9" who="1" fromWho="1" sc="253,-12,173,56,288,-12,266,-12" /><INIT seed="5,3,0,2,0,117" ten="241,229,276,254" oya="1" hai0="77,133,0,51,125,55,74,37,135,54,114,67,129" hai1="19,59,119,86,106,14,130,81,90,62,4,32,93" hai2="7,75,17,85,50,53,38,105,121,113,40,131,89" hai3="2,5,134,109,120,65,69,6,46,24,110,36,95"/><U30/><E119/><V84/><F121/><W22/><G134/><N who="0" m="51211" /><D0/><U16/><E130/><V66/><F75/><W58/><G69/><T43/><D77/><U103/><E106/><V116/><F7/><W115/><G115/><T57/><D74/><U96/><E30/><V126/><F85/><W128/><G128/><T124/><D129/><U122/><E32/><V82/><F105/><W45/><G120/><T63/><D114/><U10/><REACH who="1" step="1"/><E122/><REACH who="1" ten="241,219,276,254" step="2"/><V12/><F131/><W76/><G109/><T20/><D125/><U8/><E8/><V104/><F104/><W21/><G110/><T123/><D123/><U34/><E34/><V27/><F126/><W101/><G22/><T132/><D20/><U73/><E73/><V91/><F116/><W107/><G21/><T44/><D132/><U47/><E47/><V35/><F35/><W11/><G45/><N who="0" m="28015" /><D124/><U111/><E111/><V52/><F113/><W26/><G46/><T102/><D102/><U88/><E88/><V118/><F91/><W97/><G101/><T18/><D18/><U112/><E112/><V70/><F17/><W94/><G11/><T61/><D61/><U98/><E98/><V13/><F89/><W49/><G97/><T68/><D68/><U83/><E83/><V78/><F82/><W28/><G28/><T92/><D92/><U64/><AGARI ba="3,1" hai="4,10,14,16,19,59,62,64,81,86,90,93,96,103" machi="64" ten="20,18000,2" yaku="1,1,0,1,7,1,8,1,54,1,53,1" doraHai="117" doraHaiUra="87" who="1" fromWho="1" sc="241,-63,219,199,276,-63,254,-63" /><INIT seed="5,4,0,4,3,111" ten="178,418,213,191" oya="1" hai0="26,17,83,18,24,88,55,32,3,94,98,65,120" hai1="82,61,121,69,45,16,23,36,57,39,5,108,95" hai2="49,42,74,34,1,86,133,43,8,51,30,125,10" hai3="76,132,20,118,122,46,48,119,75,90,59,79,114"/><U37/><E121/><V127/><F74/><W50/><G122/><T113/><D120/><U106/><E106/><V109/><F109/><W80/><G132/><T123/><D123/><U54/><E5/><V112/><F133/><W87/><G76/><T41/><D3/><U19/><E108/><V25/><F86/><W71/><G71/><T91/><D41/><U6/><E6/><V7/><F8/><W117/><G114/><T64/><D55/><U56/><E82/><V128/><F128/><W47/><G20/><T78/><D32/><U68/><E95/><V72/><F72/><W58/><G48/><T77/><D94/><U52/><E45/><N who="2" m="25783" /><F51/><W9/><G9/><T99/><D83/><U73/><E73/><V93/><F43/><N who="3" m="24927" /><G47/><T84/><D84/><U126/><E126/><N who="2" m="48139" /><F93/><AGARI ba="4,0" hai="58,59,75,79,80,87,90,93,117,118,119" m="24927" machi="93" ten="30,1000,0" yaku="12,1" doraHai="111" who="3" fromWho="2" sc="178,0,418,0,213,-22,191,22" /><INIT seed="6,0,0,3,4,46" ten="178,418,191,213" oya="2" hai0="102,104,66,121,6,22,14,117,26,18,132,116,94" hai1="126,75,108,35,4,0,47,80,48,135,43,105,96" hai2="110,87,34,93,54,74,129,20,68,39,127,27,37" hai3="7,42,65,36,97,120,31,130,40,21,101,60,124"/><V125/><F74/><W38/><G120/><T1/><D121/><U5/><E5/><V88/><F68/><W23/><G7/><T78/><D104/><U56/><E56/><V49/><F34/><W103/><G124/><N who="2" m="47689" /><F129/><W57/><G130/><T73/><D132/><U44/><E135/><V24/><F110/><W3/><G3/><T89/><D102/><U10/><E108/><V84/><F84/><W17/><G103/><T112/><D112/><U100/><E35/><V70/><F70/><W59/><G59/><T128/><D128/><U61/><E61/><V95/><F95/><N who="3" m="58559" /><G23/><T122/><D122/><U99/><E99/><V62/><F62/><W30/><G17/><T134/><D134/><U28/><E28/><N who="2" m="17415" /><F27/><N who="3" m="16751" /><G31/><T58/><D73/><U109/><E109/><V72/><F72/><W50/><G42/><T55/><D26/><U92/><E126/><V19/><F19/><W85/><G85/><T32/><D32/><U41/><E75/><V107/><F107/><W29/><G29/><T2/><D18/><U123/><E123/><V25/><F25/><W115/><G115/><T69/><D69/><U86/><E105/><V82/><F93/><W33/><G33/><T91/><D94/><U16/><E16/><V83/><F83/><W76/><G76/><T81/><D81/><U77/><E77/><V98/><F98/><W8/><G8/><T71/><D78/><U79/><E79/><V131/><F131/><W67/><G67/><T53/><D66/><U51/><E86/><V133/><F133/><W11/><G11/><T90/><D71/><U64/><E80/><RYUUKYOKU ba="0,0" sc="178,-30,418,10,191,10,213,10" hai1="0,4,10,41,43,44,47,48,51,64,92,96,100" hai2="37,39,49,54,82,87,88" hai3="36,38,40,50,57,60,65" /><INIT seed="6,1,0,0,2,89" ten="148,428,201,223" oya="2" hai0="88,133,22,27,25,64,24,135,122,65,33,98,2" hai1="105,82,69,90,14,116,46,49,97,111,15,5,38" hai2="84,78,20,57,91,102,6,93,43,70,29,83,47" hai3="95,99,100,60,52,121,107,41,86,32,23,132,39"/><V51/><F70/><W63/><G121/><T101/><D122/><U35/><E111/><V79/><F6/><W87/><G32/><T40/><D2/><U80/><E69/><V28/><F102/><W10/><G132/><T66/><D40/><U4/><E35/><V44/><F57/><W54/><G39/><T56/><D33/><U9/><E38/><V0/><F0/><W3/><G41/><T112/><D112/><U94/><E105/><V45/><F79/><W68/><G23/><T109/><D109/><U12/><E116/><V73/><REACH who="2" step="1"/><F29/><REACH who="2" ten="148,428,191,223" step="2"/><W110/><G110/><T113/><D113/><U114/><E114/><V119/><F119/><W127/><G100/><T62/><D101/><U67/><E5/><V61/><F61/><W104/><G3/><T55/><REACH who="0" step="1"/><D22/><REACH who="0" ten="138,428,191,223" step="2"/><U96/><E9/><V36/><F36/><W76/><G10/><T21/><D21/><U118/><E118/><V8/><F8/><W106/><G104/><T117/><D117/><U124/><E4/><V37/><F37/><W126/><G106/><T42/><D42/><U30/><E30/><V130/><F130/><W77/><G107/><T50/><D50/><U72/><E49/><V1/><F1/><W85/><G63/><T108/><D108/><U75/><E12/><V128/><F128/><W17/><G60/><T11/><D11/><U53/><E14/><V115/><F115/><W26/><G127/><T18/><D18/><U7/><E15/><V58/><F58/><W34/><G17/><T13/><D13/><U31/><E7/><V92/><F92/><AGARI ba="1,2" hai="24,25,27,55,56,62,64,65,66,88,92,98,133,135" machi="92" ten="50,6400,0" yaku="1,1,52,1,54,1,53,0" doraHai="89" doraHaiUra="71" who="0" fromWho="2" sc="138,87,428,0,191,-67,223,0" /><INIT seed="7,0,0,1,2,45" ten="225,428,124,223" oya="3" hai0="19,106,71,31,17,23,25,128,89,53,134,116,66" hai1="97,109,88,65,102,91,111,8,16,83,63,62,49" hai2="90,82,127,108,37,48,123,55,86,120,80,24,124" hai3="50,130,105,9,13,33,92,3,21,99,2,133,94"/><W15/><G33/><T104/><D116/><U70/><E63/><V110/><F37/><W12/><G133/><T54/><D134/><U36/><E36/><V81/><F24/><W29/><G130/><T32/><D71/><U100/><E111/><N who="2" m="42539" /><F48/><W64/><G64/><T38/><D38/><U118/><E102/><V18/><F55/><W57/><G29/><T131/><D131/><U129/><E118/><V115/><F18/><W52/><G21/><T1/><D128/><U103/><E103/><V47/><F47/><W75/><G9/><T61/><D1/><U39/><E39/><V117/><F117/><W42/><G42/><T77/><D19/><U107/><E109/><V76/><F76/><W5/><G52/><N who="0" m="20075" /><D77/><U20/><E129/><V46/><F46/><W30/><G50/><T113/><D17/><U27/><E49/><V122/><F115/><W67/><G12/><T72/><D113/><U98/><E97/><V59/><F59/><W73/><G99/><T11/><D32/><U60/><E60/><V96/><F96/><W58/><G30/><T95/><D61/><U132/><E132/><V0/><F0/><W41/><G67/><T10/><D66/><U14/><E83/><V40/><F40/><W7/><G41/><T93/><D31/><AGARI ba="0,0" hai="8,14,16,20,27,31,62,65,70,88,91,98,100,107" machi="31" ten="30,3900,0" yaku="7,1,54,2" doraHai="45" who="1" fromWho="0" sc="225,-39,428,39,124,0,223,0" owari="186,-21.0,467,57.0,124,-38.0,223,2.0" /></mjloggm>