<mjloggm ver="2.3"><GO type="169" lobby="0"/><UN n0="%4C%4F%4E" n1="%E3%81%8D%E3%81%BE%E3%81%99" n2="%E3%82%81%E3%82%93%E3%81%A9%E3%81%84" n3="%E3%81%BD%E3%81%BF%E3%82%85" dan="16,17,16,17" rate="2120.54,2211.60,2055.23,2200.75" sx="M,M,M,F"/><TAIKYOKU oya="0"/><INIT seed="0,0,0,1,4,56" ten="250,250,250,250" oya="0" hai0="47,92,39,108,100,29,126,83,9,121,79,15,18" hai1="96,118,125,35,73,70,63,33,54,13,80,42,16" hai2="74,44,40,85,82,53,7,25,36,111,45,72,41" hai3="109,6,66,110,5,21,50,1,64,19,99,87,48"/><T135/><D121/><U129/><E118/><V114/><F114/><W37/><G37/><T12/><D135/><U67/><E129/><V60/><F111/><N who="3" m="42507" /><G87/><T132/><D108/><U76/><E125/><V130/><F130/><W104/><G99/><T95/><D132/><U10/><E42/><V112/><F112/><W98/><G98/><T65/><D29/><U106/><REACH who="1" step="1"/><E54/><REACH who="1" ten="250,240,250,250" step="2"/><V55/><F53/><W59/><G50/><T94/><D126/><U107/><E107/><V8/><F55/><W17/><G104/><T123/><D39/><U93/><E93/><V49/><F49/><W86/><G48/><T103/><D94/><U133/><E133/><V3/><F41/><W75/><G64/><T30/><D95/><U32/><E32/><V128/><F40/><W27/><G66/><T115/><D65/><U91/><E91/><V116/><F116/><W0/><G59/><T119/><D92/><U4/><E4/><N who="3" m="1642" /><G75/><T69/><D119/><U97/><E97/><V127/><F74/><W58/><G86/><T77/><D115/><U57/><E57/><V68/><F85/><W134/><G58/><T23/><D69/><U120/><E120/><V101/><F68/><W61/><G134/><T43/><D43/><U20/><E20/><V90/><F72/><W14/><G61/><T131/><D131/><U46/><E46/><V51/><F60/><W105/><G105/><T88/><D47/><U26/><E26/><V52/><F51/><W102/><G102/><AGARI ba="0,1" hai="10,13,16,33,35,63,67,70,73,76,80,96,102,106" machi="102" ten="40,5200,0" yaku="1,1,52,1,54,1,53,0" doraHai="56" doraHaiUra="113" who="1" fromWho="3" sc="250,0,240,62,250,0,250,-52" /><INIT seed="1,0,0,5,0,135" ten="250,302,250,198" oya="1" hai0="74,41,66,88,124,13,6,45,79,9,40,93,97" hai1="75,10,112,113,92,105,58,69,116,43,100,122,54" hai2="62,55,21,31,27,15,76,94,63,114,65,18,8" hai3="81,70,130,39,98,89,133,119,107,103,125,53,128"/><U86/><E69/><V49/><F114/><N who="1" m="44137" /><E43/><V14/><F76/><W35/><G39/><T20/><D66/><U73/><E10/><V59/><F94/><W83/><G35/><T42/><D20/><U26/><E58/><V46/><F63/><W0/><G0/><T4/><D4/><U11/><E11/><V118/><REACH who="2" step="1"/><F15/><REACH who="2" ten="250,302,240,198" step="2"/><W85/><G133/><T117/><D117/><AGARI ba="0,1" hai="8,14,18,21,27,31,46,49,55,59,62,65,117,118" machi="117" ten="40,2600,0" yaku="1,1,2,1,53,0" doraHai="135" doraHaiUra="64" who="2" fromWho="0" sc="250,-26,302,0,240,36,198,0" /><INIT seed="2,0,0,2,1,121" ten="224,302,276,198" oya="2" hai0="95,108,92,91,28,9,21,129,36,122,37,7,110" hai1="38,22,31,127,120,13,26,2,0,16,66,101,5" hai2="75,118,85,43,3,61,69,81,99,4,46,47,11" hai3="29,98,126,77,32,90,67,84,25,19,113,83,94"/><V52/><F118/><W116/><G126/><T102/><D122/><U50/><E38/><V117/><F117/><W123/><G116/><T60/><D129/><U72/><E72/><V86/><F99/><W53/><G123/><T54/><D102/><U17/><E101/><V18/><F18/><W1/><G113/><T111/><D28/><U58/><E120/><V82/><F69/><W59/><G1/><N who="1" m="618" /><E50/><V10/><F75/><W105/><G19/><N who="1" m="7242" /><E58/><V20/><F43/><W134/><G134/><T115/><D21/><U23/><E66/><V76/><F20/><W130/><G130/><T64/><D115/><U93/><E93/><N who="0" m="35913" /><D54/><U70/><E127/><V112/><F112/><W44/><G105/><T42/><D91/><U55/><E55/><V135/><F52/><W12/><G12/><N who="0" m="5183" /><D42/><U133/><E133/><V57/><F135/><W73/><G67/><T35/><D35/><N who="1" m="20983" /><E70/><AGARI ba="0,0" hai="36,37,60,64,70,108,110,111" m="5183,35913" machi="70" ten="30,7700,0" yaku="14,1,52,3" doraHai="121" who="0" fromWho="1" sc="224,77,302,-77,276,0,198,0" /><INIT seed="3,0,0,1,2,5" ten="301,225,276,198" oya="3" hai0="34,37,95,113,57,72,45,119,2,23,59,68,50" hai1="121,128,66,19,49,3,112,92,134,6,80,39,12" hai2="114,101,40,124,47,96,60,97,38,16,85,31,33" hai3="83,27,93,127,82,64,70,36,44,28,100,56,78"/><W123/><G123/><T86/><D34/><U120/><E112/><V74/><F74/><W25/><G70/><T133/><D119/><U90/><E39/><V18/><F124/><W11/><G127/><T125/><D68/><U105/><E105/><V26/><F97/><W62/><G36/><T122/><D72/><U53/><E134/><V79/><F114/><W111/><G111/><T15/><D2/><U102/><E66/><V135/><F135/><W58/><G44/><T8/><D37/><U69/><E69/><V46/><F46/><W89/><G100/><T63/><D63/><U10/><E128/><V76/><F60/><W87/><G58/><T110/><D59/><U55/><E80/><V65/><F65/><W94/><G11/><T22/><D8/><U29/><E29/><V81/><REACH who="2" step="1"/><F79/><REACH who="2" ten="301,225,266,198" step="2"/><W129/><G129/><T13/><D45/><U109/><E109/><V67/><F67/><W130/><G130/><T108/><D125/><U24/><E121/><V115/><F115/><W118/><G118/><T91/><D113/><U106/><E120/><V21/><F21/><N who="0" m="7690" /><D133/><U116/><E116/><V98/><F98/><W84/><REACH who="3" step="1"/><G27/><REACH who="3" ten="301,225,266,188" step="2"/><T0/><D122/><U7/><E24/><V103/><F103/><W88/><G88/><T73/><D110/><U51/><E102/><V42/><F42/><W107/><G107/><AGARI ba="0,2" hai="16,18,26,31,33,38,40,47,76,81,85,96,101,107" machi="107" ten="30,3900,0" yaku="1,1,7,1,54,1,53,0" doraHai="5" doraHaiUra="104" who="2" fromWho="3" sc="301,0,225,0,266,59,188,-39" /><INIT seed="4,0,0,3,2,129" ten="301,225,325,149" oya="0" hai0="131,30,82,13,100,58,34,22,44,61,42,15,25" hai1="120,107,7,20,43,12,91,75,108,114,23,5,32" hai2="135,29,113,76,62,56,112,77,128,63,122,10,106" hai3="16,93,86,126,28,27,127,52,84,71,6,101,36"/><T41/><D131/><U2/><E75/><V8/><F128/><W79/><G71/><T66/><D41/><U117/><E43/><V51/><F122/><W102/><G36/><T109/><D109/><U46/><E46/><V110/><F110/><W55/><G6/><T64/><D64/><U95/><E107/><V1/><F106/><W115/><G115/><N who="2" m="44105" /><F29/><W53/><G79/><N who="2" m="30281" /><F1/><W133/><G133/><T69/><D82/><U33/><E108/><V116/><F135/><W21/><G28/><T68/><D30/><U67/><E67/><V18/><F18/><W17/><G17/><T92/><D66/><U81/><E2/><V97/><F97/><N who="3" m="59567" /><G102/><T99/><D100/><U130/><E7/><V94/><F94/><W3/><G3/><T73/><D92/><U31/><E95/><V37/><F37/><W54/><N who="3" m="13312" /><DORA hai="14" /><W4/><G4/><T85/><D73/><U90/><E5/><V65/><F51/><W80/><G80/><T78/><D69/><U83/><E130/><V132/><F132/><W88/><G88/><T119/><D68/><U89/><E31/><V123/><F116/><W24/><G24/><T45/><D25/><U74/><E114/><V103/><F103/><W105/><G105/><T96/><D119/><U26/><E90/><V124/><F65/><W60/><G60/><T48/><D61/><U98/><E74/><V134/><F63/><W50/><G50/><T49/><D49/><U40/><E89/><V104/><F62/><W47/><G47/><T39/><D44/><U72/><E91/><V35/><F104/><W11/><G11/><RYUUKYOKU ba="0,0" sc="301,-10,225,-10,325,-10,149,30" hai3="16,21,27,84,86,126,127" /><INIT seed="5,1,0,1,4,55" ten="291,215,315,179" oya="1" hai0="25,116,59,53,72,30,19,108,102,46,37,88,49" hai1="62,109,107,125,89,105,86,112,43,131,130,93,1" hai2="135,66,73,57,122,63,80,4,13,74,20,21,71" hai3="11,44,90,106,103,83,75,129,110,54,113,134,5"/><U56/><E1/><V14/><F135/><W92/><G110/><T79/><D108/><U32/><E32/><V51/><F122/><W47/><G134/><T42/><D116/><U128/><E109/><V78/><F73/><W121/><G121/><T82/><D102/><U24/><E24/><V118/><F118/><W98/><G113/><T58/><D19/><U94/><E43/><V120/><F120/><W60/><G129/><T39/><D39/><U35/><E35/><V67/><F67/><W16/><G16/><T26/><D30/><U18/><E125/><V100/><F100/><W8/><G8/><T101/><D101/><U77/><E77/><V104/><F104/><N who="1" m="40009" /><E18/><V40/><F14/><W87/><G60/><T10/><D10/><U117/><E117/><V23/><F4/><W64/><G64/><T22/><D22/><U17/><E17/><V15/><F71/><W81/><G54/><T70/><D70/><U48/><E48/><V91/><F91/><W61/><G61/><T115/><D88/><N who="1" m="53399" /><E112/><V28/><F28/><W45/><REACH who="3" step="1"/><G75/><REACH who="3" ten="291,215,315,169" step="2"/><T97/><D115/><U12/><E62/><V99/><F63/><W127/><G127/><T95/><D53/><U38/><E130/><V7/><F66/><W76/><G76/><T9/><D9/><U85/><E131/><V133/><F78/><W65/><G65/><T31/><D79/><U33/><E128/><V0/><F74/><W132/><G132/><T6/><D72/><U124/><E124/><V3/><F133/><W68/><G68/><T34/><D31/><U2/><E2/><AGARI ba="1,1" hai="2,5,11,44,45,47,81,83,87,90,92,98,103,106" machi="2" ten="40,8000,1" yaku="1,1,53,3" doraHai="55" doraHaiUra="41" who="3" fromWho="1" sc="291,0,215,-83,315,0,169,93" /><INIT seed="6,0,0,4,5,130" ten="291,132,315,262" oya="2" hai0="123,51,126,62,52,11,26,124,78,69,73,7,95" hai1="33,24,47,54,86,32,39,14,29,42,34,23,48" hai2="98,8,44,19,72,15,3,27,119,127,64,134,129" hai3="61,20,93,115,1,17,103,96,85,113,105,97,100"/><V112/><F119/><W55/><G1/><T41/><D123/><U90/><E14/><V12/><F72/><W80/><G55/><T58/><D26/><U37/><REACH who="1" step="1"/><E42/><REACH who="1" ten="291,122,315,262" step="2"/><V65/><F12/><W128/><G128/><T50/><D41/><U107/><E107/><V13/><F13/><W111/><G111/><T101/><D126/><U77/><E77/><V135/><F15/><W117/><G117/><T94/><D124/><U125/><E125/><V46/><F129/><W82/><G105/><T79/><D78/><U45/><E45/><V76/><F46/><W56/><G115/><T63/><D79/><U28/><E28/><V81/><F44/><W57/><G113/><T36/><D7/><U99/><E99/><V121/><F76/><W92/><G17/><T5/><D5/><U83/><AGARI ba="0,1" hai="23,24,29,32,33,34,37,39,47,48,54,83,86,90" machi="83" ten="30,2000,0" yaku="1,1,0,1,53,0" doraHai="130" doraHaiUra="74" who="1" fromWho="1" sc="291,-5,122,30,315,-10,262,-5" /><INIT seed="7,0,0,1,3,90" ten="286,152,305,257" oya="3" hai0="78,107,17,7,109,4,130,57,135,23,51,91,64" hai1="20,125,132,12,96,123,53,118,33,6,52,26,50" hai2="11,76,117,35,88,2,0,93,82,56,21,46,87" hai3="111,42,72,119,68,25,10,28,92,49,34,58,99"/><W37/><G68/><T61/><D109/><U121/><E118/><V43/><F117/><W75/><G119/><T44/><D107/><U13/><E132/><V8/><F35/><W127/><G111/><T60/><D130/><U1/><E125/><V32/><F32/><W134/><G127/><T110/><D78/><U97/><E33/><V3/><F21/><W112/><G134/><T14/><D135/><U31/><E1/><V19/><F56/><W63/><G112/><T108/><D108/><U122/><E53/><V113/><F19/><W102/><G37/><T38/><D38/><U79/><E79/><V133/><F113/><W83/><G83/><T45/><D45/><U84/><E84/><V74/><REACH who="2" step="1"/><F133/><REACH who="2" ten="286,152,295,257" step="2"/><W5/><G49/><AGARI ba="0,1" hai="0,2,3,8,11,43,46,49,74,76,82,87,88,93" machi="49" ten="40,8000,1" yaku="1,1,2,1,52,1,54,1,53,0" doraHai="90" doraHaiUra="128" who="2" fromWho="3" sc="286,0,152,0,295,90,257,-80" owari="286,9.0,152,-35.0,385,48.0,177,-22.0" /></mjloggm>