<mjloggm ver="2.3"><GO type="169" lobby="0"/><UN n0="%E3%83%AA%E3%83%84%E3%83%9F%E3%82%B5%E3%83%B3" n1="%E5%AE%9F%E5%AD%98" n2="%53%2E%44%61%6E%63%65%72" n3="%79%61%6D%69%6E%65%6B%6F" dan="18,17,18,16" rate="2237.87,2159.02,2283.87,2013.78" sx="M,M,M,F"/><TAIKYOKU oya="0"/><INIT seed="0,0,0,4,2,15" ten="250,250,250,250" oya="0" hai0="108,61,90,83,69,104,1,107,64,21,131,5,81" hai1="117,53,72,27,30,56,126,98,114,84,2,51,34" hai2="87,17,63,57,54,62,0,78,36,115,31,102,45" hai3="24,9,129,103,50,105,28,49,73,41,16,11,109"/><T52/><D131/><U26/><E72/><V125/><F115/><W86/><G73/><T91/><D1/><U121/><E117/><V3/><F125/><W123/><G129/><T134/><D5/><U112/><E121/><V23/><F31/><W79/><G109/><T101/><D134/><U55/><E2/><V85/><F102/><W4/><G105/><T18/><D108/><U119/><E119/><V47/><F0/><W6/><G103/><T8/><D8/><N who="3" m="3145" /><G28/><T110/><D110/><U74/><E74/><V99/><F36/><W10/><G123/><T25/><D52/><U38/><E126/><V70/><F99/><W133/><G133/><T106/><REACH who="0" step="1"/><D101/><REACH who="0" ten="240,250,250,250" step="2"/><U66/><E55/><V116/><F3/><W43/><G6/><T100/><D100/><U92/><E53/><V42/><F116/><W93/><G4/><T7/><D7/><U135/><E135/><V35/><F54/><W67/><G49/><T130/><D130/><U82/><E51/><V32/><F35/><W76/><G50/><T94/><D94/><U120/><E120/><V89/><F32/><W122/><G122/><T14/><D14/><U65/><E34/><V97/><F42/><W12/><G67/><T48/><D48/><U22/><E66/><V33/><F33/><W46/><G41/><T29/><D29/><U75/><E30/><V58/><F47/><W127/><G127/><T39/><D39/><U19/><E38/><V40/><F45/><W80/><G93/><T60/><D60/><N who="2" m="23082" /><F40/><W113/><G46/><T111/><D111/><U68/><E65/><V128/><F128/><RYUUKYOKU ba="0,1" sc="240,30,250,-10,250,-10,250,-10" hai0="18,21,25,61,64,69,81,83,90,91,104,106,107" /><INIT seed="0,1,1,5,0,94" ten="270,240,240,240" oya="0" hai0="8,78,65,0,110,88,19,111,118,64,38,23,44" hai1="14,121,120,93,126,74,10,20,102,87,129,63,134" hai2="27,104,91,99,47,39,3,7,1,40,35,52,95" hai3="55,133,115,60,31,83,34,130,106,11,2,135,127"/><T4/><D118/><U69/><E74/><V82/><F104/><W5/><G115/><T119/><D119/><U105/><E105/><V75/><F7/><W79/><G127/><T89/><D78/><U12/><E126/><V50/><F35/><W30/><G130/><T61/><D38/><U36/><E36/><V97/><F27/><W98/><G55/><T33/><D44/><U80/><E129/><V122/><F122/><W42/><G42/><T131/><D33/><U51/><E134/><N who="3" m="51210" /><G60/><T15/><D65/><U81/><E51/><V62/><F62/><W117/><G34/><T56/><REACH who="0" step="1"/><D131/><REACH who="0" ten="260,240,240,240" step="2"/><U26/><E121/><V17/><F39/><W100/><G117/><T13/><D13/><U112/><E12/><V76/><F1/><W53/><G53/><T9/><D9/><U21/><E14/><V103/><F3/><W18/><G18/><T45/><D45/><U48/><E10/><V124/><F124/><W125/><G125/><T72/><D72/><AGARI ba="1,2" hai="2,5,11,30,31,72,79,83,98,100,106" m="51210" machi="72" ten="30,2000,0" yaku="20,1,52,1" doraHai="94" who="3" fromWho="0" sc="260,-23,240,0,240,0,240,43" /><INIT seed="1,0,0,4,1,78" ten="237,240,240,283" oya="1" hai0="94,14,71,93,102,106,47,24,38,35,15,82,9" hai1="80,22,125,88,72,84,113,48,49,85,79,128,127" hai2="69,36,46,44,92,124,11,77,89,54,91,19,34" hai3="115,96,43,26,98,31,114,109,97,25,27,119,18"/><U103/><E113/><V30/><F69/><W8/><G119/><T0/><D71/><U23/><E72/><V86/><F124/><N who="1" m="47689" /><E128/><V116/><F116/><W59/><G109/><T63/><D106/><U101/><E103/><V20/><F77/><W123/><G123/><T52/><D0/><U133/><E101/><V95/><F11/><W112/><G43/><T53/><D38/><U65/><E65/><V99/><F36/><W39/><G39/><T135/><D135/><U81/><E133/><V12/><F34/><W126/><G126/><T76/><D35/><U32/><E32/><V118/><F118/><W60/><G8/><T28/><D102/><U117/><E117/><V129/><F129/><W108/><G108/><T90/><D28/><U64/><E64/><V58/><REACH who="2" step="1"/><F30/><REACH who="2" ten="237,240,230,283" step="2"/><W61/><G31/><T75/><D9/><U55/><E48/><AGARI ba="0,1" hai="12,19,20,44,46,48,54,58,86,89,91,92,95,99" machi="48" ten="30,12000,2" yaku="1,1,2,1,7,1,25,2,8,1,53,1" doraHai="78" doraHaiUra="83" who="2" fromWho="1" sc="237,0,240,-120,230,130,283,0" /><INIT seed="2,0,0,0,3,120" ten="237,120,360,283" oya="2" hai0="14,124,7,30,92,111,113,91,118,0,106,23,24" hai1="69,71,10,8,109,51,20,6,67,112,21,129,107" hai2="103,102,128,83,62,55,79,54,1,134,58,48,74" hai3="108,34,66,93,133,78,88,72,33,43,42,84,116"/><V57/><F1/><W32/><G116/><T52/><D106/><U101/><E112/><V35/><F35/><W11/><G133/><T59/><D124/><U97/><E129/><V81/><F134/><W65/><G108/><T25/><D113/><U82/><E10/><V122/><F122/><W19/><G72/><T123/><D123/><U94/><E109/><V15/><F128/><W16/><G78/><T38/><D38/><U117/><E117/><V13/><F83/><W126/><G126/><T18/><D118/><U98/><E82/><V9/><REACH who="2" step="1"/><F13/><REACH who="2" ten="237,120,350,283" step="2"/><W36/><G36/><T39/><D39/><U22/><E69/><V73/><F73/><W127/><G127/><T95/><D111/><U12/><E71/><V86/><F86/><W37/><G37/><T119/><D119/><U63/><E12/><V47/><F47/><W80/><G80/><T29/><D0/><U77/><E77/><V50/><F50/><W70/><G70/><T90/><D7/><AGARI ba="0,1" hai="7,9,15,48,54,55,57,58,62,74,79,81,102,103" machi="7" ten="30,2900,0" yaku="1,1,7,1,53,0" doraHai="120" doraHaiUra="125" who="2" fromWho="0" sc="237,-29,120,0,350,39,283,0" /><INIT seed="2,1,0,0,5,21" ten="208,120,389,283" oya="2" hai0="121,36,58,12,22,73,2,46,61,33,125,74,93" hai1="112,24,118,88,133,86,76,35,63,111,67,127,65" hai2="83,132,8,79,94,122,10,29,82,18,92,105,80" hai3="39,81,115,56,97,77,47,32,40,1,53,41,85"/><V69/><F122/><W114/><G32/><T54/><D2/><U13/><E118/><V17/><F105/><W7/><G97/><T59/><D33/><U90/><E112/><V84/><F69/><W15/><G1/><T30/><D121/><U26/><E111/><V25/><F132/><W106/><G106/><T75/><D125/><U131/><E35/><V100/><F79/><W66/><G66/><N who="1" m="25098" /><E133/><V99/><F29/><W5/><G41/><T109/><D109/><U0/><E0/><V70/><F70/><W57/><G57/><T130/><D130/><U45/><E127/><V31/><F31/><W102/><G102/><T60/><D36/><U129/><E76/><V96/><F84/><W52/><G53/><T27/><D46/><U123/><E123/><V44/><F44/><W98/><G98/><T72/><D72/><U14/><E63/><V91/><F17/><W119/><G119/><T43/><D43/><U19/><E45/><V16/><F18/><W101/><G101/><T50/><D59/><U6/><E6/><V38/><F38/><W120/><G120/><T37/><D37/><U117/><E117/><V49/><F49/><N who="3" m="30735" /><G7/><T95/><D50/><U28/><E28/><V78/><F78/><W104/><G104/><T87/><D61/><U124/><E124/><V3/><F3/><W116/><G116/><T71/><D71/><U135/><E135/><V89/><F100/><W108/><G108/><T107/><D107/><U51/><E51/><V68/><F68/><W20/><G5/><T64/><D60/><U113/><E129/><V134/><F134/><RYUUKYOKU ba="1,0" sc="208,-15,120,-15,389,15,283,15" hai2="8,10,16,25,80,82,83,89,91,92,94,96,99" hai3="15,20,39,40,47,77,81,85,114,115" /><INIT seed="2,2,0,1,0,96" ten="193,105,404,298" oya="2" hai0="90,40,50,8,131,118,70,116,103,79,10,27,132" hai1="78,3,109,63,128,13,122,7,92,14,60,54,120" hai2="86,26,38,77,45,121,113,111,12,81,115,30,66" hai3="68,57,85,107,100,4,135,61,108,32,80,117,35"/><V0/><F0/><W55/><G117/><T98/><D70/><U41/><E3/><V95/><F121/><W74/><G74/><T46/><D79/><U99/><E109/><V75/><F111/><W69/><G108/><T119/><D131/><U83/><E128/><V72/><F66/><W16/><G4/><T36/><D132/><U9/><E41/><V134/><F134/><W76/><G135/><T51/><D90/><U64/><E54/><V2/><F12/><W6/><G6/><T110/><D27/><U19/><E64/><V67/><F67/><W62/><G62/><T49/><REACH who="0" step="1"/><D110/><REACH who="0" ten="183,105,404,298" step="2"/><U15/><E122/><V123/><F123/><W58/><G69/><T129/><D129/><U42/><E120/><V91/><F75/><W47/><G68/><T39/><D39/><U101/><E42/><V21/><F2/><W130/><G130/><T71/><D71/><U82/><E15/><V84/><F72/><W89/><G89/><T125/><D125/><U124/><E124/><V20/><F38/><W28/><G58/><T24/><D24/><U65/><E65/><V87/><F45/><W25/><G47/><T52/><D52/><U53/><E53/><V37/><F37/><W22/><G28/><T11/><D11/><U88/><E78/><V114/><REACH who="2" step="1"/><F84/><REACH who="2" ten="183,105,394,298" step="2"/><W112/><G85/><T104/><AGARI ba="2,2" hai="8,10,36,40,46,49,50,51,98,103,104,116,118,119" machi="104" ten="40,8000,1" yaku="1,1,0,1,12,1,52,1,53,0" doraHai="96" doraHaiUra="59" who="0" fromWho="0" sc="183,106,105,-22,394,-42,298,-22" /><INIT seed="3,0,0,4,1,5" ten="289,83,352,276" oya="3" hai0="49,18,56,103,132,93,76,34,63,42,24,13,91" hai1="41,96,110,43,53,69,94,134,36,114,40,105,39" hai2="133,98,6,38,1,86,78,90,61,31,125,79,119" hai3="100,70,22,33,89,104,82,84,85,129,75,97,27"/><W66/><G129/><T54/><D132/><U46/><E105/><V62/><F119/><W117/><G117/><T121/><D76/><U109/><E94/><V120/><F38/><W99/><G99/><T57/><D121/><U7/><E96/><V67/><F133/><W51/><G33/><T44/><D103/><U128/><E134/><V48/><F120/><W77/><G51/><T68/><D24/><U2/><E7/><V116/><F125/><W122/><G122/><T135/><D34/><U73/><E2/><V126/><F126/><W50/><G50/><T88/><D135/><U87/><E87/><V52/><F31/><W124/><G124/><T21/><D68/><U130/><E73/><V11/><F98/><W80/><G66/><T65/><REACH who="0" step="1"/><D93/><REACH who="0" ten="279,83,352,276" step="2"/><U9/><E69/><V58/><F116/><W101/><G70/><T4/><D4/><U127/><E127/><V95/><F62/><AGARI ba="0,1" hai="13,18,21,42,44,49,54,56,57,62,63,65,88,91" machi="62" ten="30,7700,0" yaku="1,1,7,1,8,1,54,1,53,0" doraHai="5" doraHaiUra="131" who="0" fromWho="2" sc="279,87,83,0,352,-77,276,0" /><INIT seed="4,0,0,5,4,30" ten="366,83,275,276" oya="0" hai0="6,124,118,37,24,110,2,59,79,120,121,74,70" hai1="58,68,82,41,55,87,127,28,53,14,126,90,129" hai2="56,133,21,33,35,103,52,113,99,96,20,132,85" hai3="22,5,75,92,18,48,54,65,44,4,122,60,81"/><T100/><D100/><U8/><E68/><V88/><F113/><W131/><G131/><T42/><D59/><U15/><E129/><V38/><F38/><W19/><G122/><T134/><D24/><U32/><E41/><V94/><F20/><W91/><G19/><T27/><D27/><U69/><E69/><V115/><F21/><W86/><G75/><T101/><D101/><U51/><E28/><V1/><F1/><W107/><G107/><T135/><D70/><U112/><E112/><V31/><F115/><W46/><G46/><N who="0" m="23887" /><D118/><U97/><E32/><V13/><F13/><W80/><G80/><N who="0" m="45175" /><D124/><U117/><E117/><V10/><F31/><W102/><G102/><T73/><D73/><U25/><E25/><V49/><F10/><W83/><G83/><T36/><D36/><U111/><E111/><V9/><F9/><W66/><G81/><T45/><D45/><U3/><E3/><V105/><F99/><W16/><G18/><T104/><D104/><U114/><E114/><V12/><F12/><N who="3" m="9479" /><G60/><T40/><D110/><U76/><E127/><V109/><F109/><W57/><G57/><T7/><D2/><U61/><E126/><V0/><F0/><W98/><G86/><T106/><D106/><U95/><REACH who="1" step="1"/><E8/><REACH who="1" ten="366,73,275,276" step="2"/><V11/><F11/><W64/><AGARI ba="0,1" hai="4,5,44,48,54,64,65,66,91,92,98" m="9479" machi="64" ten="30,2000,0" yaku="8,1,54,1" doraHai="30" who="3" fromWho="3" sc="366,-10,73,-5,275,-5,276,30" /><INIT seed="5,0,0,2,2,45" ten="356,68,270,306" oya="1" hai0="44,106,56,48,83,42,43,132,107,22,67,71,15" hai1="4,134,32,20,128,70,52,111,80,95,76,24,91" hai2="25,129,82,84,88,120,5,99,74,100,105,121,3" hai3="118,50,19,61,68,6,98,94,40,21,7,17,78"/><U37/><E134/><V38/><F38/><W35/><G35/><T36/><D83/><U47/><E128/><V58/><F25/><W102/><G118/><T75/><D75/><U18/><E111/><V103/><F58/><W12/><G78/><T117/><D43/><U72/><E70/><V133/><F5/><W89/><G68/><T54/><D117/><U135/><E135/><V55/><F55/><W87/><G61/><N who="0" m="40431" /><D132/><U30/><E4/><V60/><F60/><W65/><G65/><T11/><D22/><U97/><E37/><V104/><F3/><W28/><G28/><T66/><D66/><U26/><E47/><V59/><F59/><W113/><G113/><T109/><D109/><U33/><REACH who="1" step="1"/><E52/><REACH who="1" ten="356,58,270,306" step="2"/><V27/><F129/><W16/><G7/><AGARI ba="0,1" hai="7,11,15,36,42,44,48,54,56,106,107" m="40431" machi="7" ten="30,2000,0" yaku="24,1,52,1" doraHai="45" who="0" fromWho="3" sc="356,30,58,0,270,0,306,-20" /><INIT seed="6,0,0,4,0,68" ten="386,58,270,286" oya="2" hai0="24,45,39,1,50,110,97,25,130,36,131,38,94" hai1="96,28,41,60,46,100,114,105,75,14,113,49,7" hai2="74,85,71,95,79,0,35,99,18,55,67,62,81" hai3="40,12,134,72,102,108,128,106,104,126,92,120,125"/><V63/><F0/><W123/><G40/><N who="0" m="24871" /><D1/><U98/><E75/><V89/><F35/><W56/><G56/><T22/><D110/><U23/><E113/><V116/><F116/><W65/><G65/><T83/><D22/><U27/><E114/><V91/><F18/><W20/><G20/><T101/><D83/><U33/><E105/><N who="3" m="40554" /><G12/><T4/><D4/><U84/><E100/><V9/><F9/><W19/><G19/><T115/><D115/><U58/><E84/><V87/><F89/><W64/><G64/><T57/><D57/><U44/><E44/><V16/><F63/><W86/><G72/><T11/><D11/><U32/><E32/><V73/><F73/><W135/><G108/><T80/><D80/><U5/><E33/><V3/><F3/><W2/><G2/><T93/><D93/><U13/><E13/><V69/><F69/><W15/><G15/><T53/><D53/><U109/><E109/><V17/><F74/><W51/><G51/><T82/><D82/><U66/><REACH who="1" step="1"/><E7/><REACH who="1" ten="386,48,270,286" step="2"/><V8/><F87/><W37/><G86/><T133/><D133/><U129/><E129/><AGARI ba="0,1" hai="24,25,36,38,39,94,97,101,129,130,131" m="24871" machi="129" ten="40,8000,1" yaku="19,1,52,3" doraHai="68" who="0" fromWho="1" sc="386,90,48,-80,270,0,286,0" owari="476,57.0,-32,-53.0,270,-13.0,286,9.0" /></mjloggm>