<mjloggm ver="2.3"><GO type="225" lobby="0"/><UN n0="%E3%81%BF%E3%81%BF%E3%81%9A" n1="%E3%81%AF%E3%82%88%E3%81%8A%E3%81%98%E3%81%95%E3%82%93" n2="%E3%82%8F%E3%81%A3%E3%81%97%E3%82%87%E3%81%84%E5%90%9B%32%E5%8F%B7" n3="%E8%88%B9%E8%A6%8B%E7%B5%90%E8%A1%A3%E3%81%A1%E3%82%83%E3%82%93" dan="16,17,17,16" rate="2156.60,2139.88,2247.50,2150.66" sx="M,M,M,F"/><TAIKYOKU oya="0"/><INIT seed="0,0,0,2,0,48" ten="250,250,250,250" oya="0" hai0="121,37,103,15,16,88,21,38,18,6,129,42,46" hai1="83,36,60,101,114,29,13,31,8,19,84,64,86" hai2="87,100,22,62,118,66,131,61,99,35,134,97,78" hai3="107,9,67,44,112,111,74,96,3,63,58,125,51"/><T105/><D121/><U128/><E128/><V57/><F131/><W4/><G112/><T123/><D123/><U71/><E36/><V130/><F130/><W120/><G120/><T49/><D6/><U14/><E114/><V93/><F134/><W122/><G122/><T43/><D129/><U24/><E101/><V70/><F118/><W5/><G111/><T90/><D105/><U39/><E39/><V127/><F127/><W41/><G125/><T80/><D103/><U108/><E108/><V91/><F35/><W109/><G109/><T98/><D98/><U65/><E65/><V73/><F22/><W0/><G74/><T47/><D80/><U45/><E45/><V25/><F25/><W17/><G17/><T26/><D49/><U10/><E83/><V11/><F11/><AGARI ba="0,0" hai="11,15,16,18,21,26,37,38,42,43,46,47,88,90" machi="11" ten="30,11600,0" yaku="7,1,9,1,54,2" doraHai="48" who="0" fromWho="2" sc="250,116,250,0,250,-116,250,0" /><INIT seed="0,1,0,4,5,35" ten="366,250,134,250" oya="0" hai0="44,127,53,131,25,56,117,32,110,67,133,130,66" hai1="42,124,76,3,91,9,6,82,54,112,58,70,100" hai2="8,79,134,52,122,19,88,21,24,20,17,64,15" hai3="105,123,40,63,93,48,16,111,12,2,0,71,65"/><T41/><D32/><U11/><E70/><V72/><F122/><W43/><G105/><T83/><D25/><U97/><E124/><V121/><F121/><W68/><G123/><T13/><D13/><U7/><E112/><V87/><F134/><W77/><G111/><T109/><D83/><U38/><E91/><V14/><F64/><N who="0" m="24618" /><D117/><U107/><E42/><V34/><F34/><W22/><G68/><T59/><D127/><U78/><E38/><V90/><F72/><W95/><G77/><T80/><D80/><U92/><E107/><V89/><F79/><W106/><G106/><T69/><D69/><U27/><E27/><V116/><F116/><W85/><G95/><T49/><D59/><U125/><E125/><V114/><F114/><W84/><G84/><T10/><D10/><U98/><E97/><V30/><REACH who="2" step="1"/><F52/><REACH who="2" ten="366,250,124,250" step="2"/><W37/><G40/><T103/><D133/><U47/><E47/><V132/><F132/><W120/><G120/><T45/><D45/><U50/><REACH who="1" step="1"/><E82/><AGARI ba="1,1" hai="8,14,15,17,19,20,21,24,30,82,87,88,89,90" machi="82" ten="30,7700,0" yaku="1,1,7,1,8,1,54,1,53,0" doraHai="35" doraHaiUra="135" who="2" fromWho="1" sc="366,0,250,-80,124,90,250,0" /><INIT seed="1,0,0,5,4,11" ten="366,170,214,250" oya="1" hai0="42,100,34,70,61,103,130,126,102,78,48,120,92" hai1="36,17,127,14,25,5,12,2,117,108,91,109,94" hai2="125,18,3,118,99,82,64,1,8,114,16,81,29" hai3="73,77,133,96,40,54,104,31,119,44,41,63,62"/><U7/><E36/><V59/><F118/><W13/><G119/><T80/><D34/><U106/><E106/><V87/><F125/><W115/><G115/><T4/><D126/><U97/><E127/><V98/><F114/><W55/><G133/><T75/><D130/><U50/><E117/><V30/><F8/><W74/><G104/><T107/><D4/><N who="1" m="1611" /><E2/><V90/><F64/><W60/><G96/><T46/><D120/><U121/><E121/><V68/><F59/><W57/><G31/><T65/><D107/><U49/><E25/><V71/><F87/><W6/><G73/><T35/><D35/><U21/><E14/><V93/><F93/><W79/><G74/><T23/><D23/><U51/><E109/><V123/><REACH who="2" step="1"/><F90/><REACH who="2" ten="366,170,204,250" step="2"/><W72/><G57/><T69/><D69/><U20/><E108/><V52/><F52/><N who="3" m="20011" /><G72/><T66/><D66/><U111/><E111/><V134/><F134/><W105/><G105/><T131/><D131/><U24/><E50/><V85/><F85/><W19/><G6/><T15/><D92/><U22/><E51/><V39/><F39/><W45/><G41/><T26/><D26/><U10/><E49/><V101/><F101/><W33/><G40/><T58/><D70/><U128/><E128/><V124/><F124/><W110/><G110/><T67/><D67/><U112/><E112/><V95/><F95/><W43/><G43/><T38/><D38/><U0/><E0/><V129/><F129/><W9/><G44/><T113/><D113/><U88/><E24/><V47/><F47/><W32/><G45/><T135/><D135/><RYUUKYOKU ba="0,1" sc="366,0,170,0,204,0,250,0" hai0="15,42,46,48,58,61,65,75,78,80,100,102,103" hai1="10,12,17,20,21,22,88,91,94,97" hai2="1,3,16,18,29,30,68,71,81,82,98,99,123" hai3="9,13,19,32,33,60,62,63,77,79" /><INIT seed="1,1,1,1,3,91" ten="366,170,204,250" oya="1" hai0="75,83,129,115,133,81,87,125,37,61,7,84,86" hai1="24,51,46,2,103,69,34,17,45,63,13,116,49" hai2="20,96,107,54,3,106,59,30,104,29,32,95,134" hai3="9,131,26,21,79,6,23,111,27,57,126,120,72"/><U93/><E116/><V28/><F3/><W25/><G120/><T128/><D37/><U74/><E2/><V19/><F32/><W42/><G111/><T60/><D7/><U65/><E74/><V50/><F134/><W64/><G131/><N who="0" m="50251" /><D133/><U68/><E69/><V121/><F121/><W5/><G126/><T39/><D39/><U119/><E119/><V52/><F54/><W88/><G72/><T22/><D125/><U92/><E103/><V76/><F76/><W55/><G79/><T110/><D115/><U18/><E34/><V33/><F33/><W114/><G114/><T66/><D110/><U16/><E24/><V94/><REACH who="2" step="1"/><F96/><REACH who="2" ten="366,170,194,250" step="2"/><W77/><G77/><N who="0" m="44223" /><D83/><U43/><REACH who="1" step="1"/><E13/><AGARI ba="1,2" hai="13,19,20,28,29,30,50,52,59,94,95,104,106,107" machi="13" ten="50,8000,1" yaku="1,1,52,2,54,1,53,0" doraHai="91" doraHaiUra="56" who="2" fromWho="1" sc="366,0,170,-83,194,103,250,0" /><INIT seed="2,0,0,0,5,93" ten="366,87,297,250" oya="2" hai0="120,118,132,28,94,69,106,58,4,72,115,114,33" hai1="111,98,77,75,59,61,36,60,133,51,41,92,48" hai2="21,110,12,108,100,90,14,74,11,9,88,96,78" hai3="70,89,44,125,0,50,134,52,8,3,64,46,101"/><V122/><F122/><W76/><G134/><T5/><D106/><U91/><E133/><V107/><F74/><W53/><G125/><T109/><D69/><U7/><E111/><N who="2" m="42539" /><F78/><W103/><G76/><T80/><D72/><U131/><E131/><V104/><F104/><W1/><G8/><N who="2" m="3145" /><F21/><W38/><G89/><AGARI ba="0,0" hai="12,14,88,89,90,96,100,107" m="3145,42539" machi="89" ten="30,11600,0" yaku="14,1,10,1,52,1,54,1" doraHai="93" who="2" fromWho="3" sc="366,0,87,0,297,116,250,-116" /><INIT seed="2,1,0,2,3,57" ten="366,87,413,134" oya="2" hai0="75,58,84,22,28,52,29,108,35,53,92,126,2" hai1="59,18,125,101,8,116,98,89,130,86,14,37,31" hai2="102,62,34,44,26,94,105,76,103,112,107,79,11" hai3="19,3,100,87,70,133,46,15,23,42,17,120,38"/><V91/><F112/><W68/><G120/><T117/><D75/><U25/><E125/><V127/><F127/><W71/><G3/><T55/><D2/><U95/><E130/><V123/><F11/><W45/><G133/><T56/><D126/><U93/><E116/><V81/><F44/><W60/><G100/><T10/><D117/><U115/><E115/><V129/><F26/><W66/><G87/><T1/><D1/><U43/><E37/><V69/><F34/><W118/><G118/><T4/><D108/><U83/><E43/><V41/><F41/><W128/><G128/><T121/><D35/><U122/><E122/><V40/><F40/><W61/><G66/><T82/><D92/><U113/><E113/><V5/><F5/><W72/><G72/><T88/><D121/><U99/><E59/><N who="0" m="22569" /><D22/><U54/><E54/><N who="0" m="13825" /><T96/><DORA hai="64" /><D96/><U114/><E114/><V74/><F94/><W131/><G45/><T134/><D134/><U135/><E135/><V9/><F74/><W77/><G131/><T106/><D106/><U111/><E111/><V109/><F107/><W33/><G33/><T21/><D21/><U85/><REACH who="1" step="1"/><E83/><REACH who="1" ten="366,77,413,134" step="2"/><V27/><F81/><W48/><G38/><T32/><D32/><AGARI ba="1,1" hai="8,14,18,25,31,32,85,86,89,93,95,98,99,101" machi="32" ten="30,12000,2" yaku="1,1,2,1,7,1,53,3" doraHai="57,64" doraHaiUra="90,6" who="1" fromWho="0" sc="366,-123,77,133,413,0,134,0" /><INIT seed="3,0,0,0,3,125" ten="243,210,413,134" oya="3" hai0="18,68,15,101,71,99,25,22,93,128,37,10,121" hai1="113,96,29,123,102,21,33,44,64,103,78,47,91" hai2="69,61,57,8,118,106,4,88,20,115,51,79,46" hai3="66,23,35,56,70,117,119,13,41,81,90,14,100"/><W107/><G35/><T110/><D121/><U89/><E113/><V28/><F106/><W124/><G70/><T27/><D37/><U58/><E123/><V5/><F69/><W98/><G124/><T36/><D36/><U9/><E33/><V126/><F126/><W60/><G41/><T0/><D128/><U105/><E78/><V67/><F118/><W55/><G66/><T80/><D80/><U134/><E134/><V108/><F79/><W94/><G81/><T112/><D112/><U86/><E103/><V133/><F108/><W48/><G60/><T77/><D77/><U42/><E9/><V32/><F32/><W122/><G122/><T19/><D0/><U45/><E42/><V38/><F38/><W54/><G54/><T114/><D110/><U130/><E130/><V12/><F61/><W65/><BYE who="0" /><G65/><T75/><D75/><U87/><E58/><V26/><F67/><W7/><G13/><T30/><D30/><U83/><E64/><UN n0="%E3%81%BF%E3%81%BF%E3%81%9A" /><V6/><F12/><W85/><REACH who="3" step="1"/><G7/><REACH who="3" ten="243,210,413,124" step="2"/><T84/><D114/><U120/><E120/><V53/><F4/><W39/><G39/><T135/><D135/><U1/><E1/><V116/><F5/><W3/><G3/><T73/><D73/><U59/><E83/><V11/><F6/><W43/><G43/><T129/><D71/><U31/><E21/><V17/><F20/><W72/><G72/><T132/><D68/><U82/><E82/><V50/><F133/><W109/><G109/><T92/><D132/><U97/><E105/><V2/><F115/><W104/><G104/><T76/><D129/><RYUUKYOKU ba="0,1" sc="243,-10,210,-10,413,-10,124,30" hai3="14,23,48,55,56,85,90,94,98,100,107,117,119" /><INIT seed="3,1,1,0,5,55" ten="233,200,403,154" oya="3" hai0="1,135,10,77,72,97,125,6,88,69,126,102,94" hai1="81,93,52,118,120,25,73,133,36,129,67,7,119" hai2="20,45,64,43,122,19,65,41,79,68,80,104,130" hai3="57,78,49,83,70,54,62,111,110,91,3,75,37"/><W38/><G3/><T60/><D135/><U131/><E120/><V71/><F104/><W50/><G91/><T0/><D0/><U112/><E112/><V21/><F45/><W121/><G121/><T96/><D77/><N who="1" m="44207" /><E36/><V22/><F19/><W66/><REACH who="3" step="1"/><G49/><REACH who="3" ten="233,200,403,144" step="2"/><T61/><D72/><U56/><E133/><V107/><F122/><W100/><G100/><T15/><D1/><U76/><E76/><V28/><F79/><W108/><AGARI ba="1,2" hai="37,38,50,54,57,62,66,70,75,78,83,108,110,111" machi="108" ten="30,12000,1" yaku="1,1,0,1,14,1,10,1,52,1,53,0" doraHai="55" doraHaiUra="114" who="3" fromWho="3" sc="233,-41,200,-41,403,-41,144,143" /><INIT seed="3,2,0,4,3,128" ten="192,159,362,287" oya="3" hai0="108,31,134,68,12,39,93,116,90,114,111,36,110" hai1="69,133,117,103,70,62,1,28,43,24,82,42,2" hai2="126,106,91,119,13,17,84,92,121,125,100,122,131" hai3="51,44,20,104,6,52,7,56,58,50,27,4,135"/><W41/><G104/><T59/><D116/><U96/><E117/><V55/><F119/><W72/><G72/><T61/><D68/><U26/><E82/><V33/><F131/><W23/><G135/><T18/><D31/><U63/><E96/><N who="2" m="61703" /><F55/><W10/><G10/><T109/><N who="0" m="27648" /><DORA hai="123" /><T87/><D134/><U118/><E118/><V38/><F38/><W66/><G27/><T79/><D79/><U5/><E133/><V48/><F48/><W105/><G105/><T85/><D85/><U112/><E5/><V94/><F94/><W102/><G102/><T73/><D73/><U83/><E103/><V47/><F47/><W130/><G130/><T8/><REACH who="0" step="1"/><D114/><REACH who="0" ten="182,159,362,287" step="2"/><U14/><E83/><V120/><F33/><W113/><G113/><T107/><D107/><U81/><E81/><V29/><F29/><W32/><G32/><T53/><AGARI ba="2,1" hai="8,12,18,36,39,53,59,61,87,90,93" m="27648" machi="53" ten="60,12000,2" yaku="1,1,0,1,14,1,52,4,53,0" doraHai="128,123" doraHaiUra="132,35" who="0" fromWho="0" sc="182,136,159,-32,362,-32,287,-62" owari="318,12.0,127,-37.0,330,42.0,225,-17.0" /></mjloggm>