<mjloggm ver="2.3"><GO type="185" lobby="0"/><UN n0="%63%61%6C%63%2E" n1="%E5%A4%9A%E6%9E%97%E6%99%8B" n2="%E3%83%86%E3%82%A4%E3%83%A9%E3%83%BC%E3%83%92%E3%83%AB" n3="" dan="19,16,16,0" rate="2361.74,2203.01,2174.31,1500.00" sx="M,M,F,C"/><TAIKYOKU oya="0"/><INIT seed="0,0,0,5,0,107" ten="350,350,350,0" oya="0" hai0="130,3,115,118,99,114,124,129,97,47,122,69,101" hai1="54,0,87,44,48,38,62,34,78,119,131,58,116" hai2="117,2,76,85,86,132,98,77,49,33,81,60,52" hai3=""/><T111/><N who="0" m="31264" /><T135/><D3/><U43/><E0/><V71/><F2/><T45/><D69/><U73/><E34/><V93/><F33/><T83/><D118/><U88/><E131/><V63/><F117/><T82/><D111/><U133/><E133/><V72/><F132/><T37/><D135/><U50/><E48/><V59/><F71/><T102/><REACH who="0" step="1"/><D37/><REACH who="0" ten="340,350,350,0" step="2"/><U110/><E110/><V105/><F105/><T126/><AGARI ba="0,1" hai="45,47,82,83,97,99,101,102,114,115,124,126,129,130" m="31264" machi="126" ten="25,16000,3" yaku="1,1,2,1,0,1,22,2,52,1,53,2" doraHai="107" doraHaiUra="96" who="0" fromWho="0" sc="340,170,350,-80,350,-80,0,0" /><INIT seed="0,1,0,1,4,96" ten="510,270,270,0" oya="0" hai0="112,126,36,81,85,125,54,100,113,79,75,95,58" hai1="37,53,132,76,51,83,63,35,91,77,38,104,94" hai2="45,84,130,131,47,66,56,99,122,102,70,127,48" hai3=""/><T44/><D44/><U129/><E35/><V109/><N who="2" m="31264" /><V101/><F70/><T80/><D36/><U71/><E104/><V135/><F135/><T89/><D58/><U105/><E105/><V106/><F127/><N who="0" m="48650" /><D54/><U59/><E132/><V92/><F109/><T117/><D117/><U52/><E77/><V60/><F84/><T0/><D0/><U110/><E129/><N who="2" m="49163" /><F48/><T32/><D32/><U78/><E110/><V98/><AGARI ba="1,0" hai="45,47,56,60,66,92,98,99,101,102,106" m="49163,31264" machi="98" ten="30,5900,0" yaku="19,1,52,3" doraHai="96" who="2" fromWho="2" sc="510,-40,270,-21,270,61,0,0" /><INIT seed="1,0,0,2,3,121" ten="470,249,331,0" oya="1" hai0="0,130,122,47,81,94,2,63,83,58,106,114,101" hai1="78,88,59,48,50,129,125,65,61,37,119,133,131" hai2="82,89,55,99,123,66,126,51,76,33,128,35,98" hai3=""/><U67/><E119/><V40/><N who="2" m="31520" /><V116/><F116/><T132/><N who="0" m="31264" /><T79/><D114/><U32/><E32/><V56/><F126/><T64/><D106/><U77/><E125/><V34/><F128/><N who="1" m="49225" /><E37/><V46/><F66/><T111/><D130/><U43/><E133/><V105/><F89/><T60/><D132/><U1/><E1/><V118/><F105/><T36/><D63/><U3/><E3/><V38/><REACH who="2" step="1"/><F118/><REACH who="2" ten="470,249,321,0" step="2"/><T124/><D64/><U95/><E67/><V49/><F49/><N who="1" m="19049" /><E43/><V112/><F112/><T113/><D113/><U127/><E127/><V135/><F135/><T102/><D124/><U104/><E104/><V72/><AGARI ba="0,1" hai="33,34,35,38,40,46,51,55,56,72,76,82,98,99" m="31520" machi="72" ten="30,3000,0" yaku="1,1,0,1,52,1,53,0" doraHai="121" doraHaiUra="62" who="2" fromWho="2" sc="470,-10,249,-20,321,40,0,0" /><INIT seed="2,0,0,5,0,68" ten="460,229,361,0" oya="2" hai0="74,122,60,83,39,84,86,103,89,110,112,73,3" hai1="121,54,119,70,55,51,81,61,59,56,117,126,35" hai2="133,44,48,87,69,125,53,91,76,116,85,40,135" hai3=""/><V102/><F116/><N who="1" m="44617" /><E35/><V71/><F102/><T1/><N who="0" m="31264" /><T123/><N who="0" m="31520" /><T95/><D110/><U50/><N who="1" m="31008" /><U97/><E97/><V67/><F125/><T93/><D112/><U64/><E81/><V45/><F76/><T130/><D60/><U129/><E126/><V58/><F45/><T37/><D130/><AGARI ba="0,0" hai="50,51,54,55,56,59,61,64,70,129,130" m="31008,44617" machi="130" ten="30,7700,0" yaku="12,1,34,2,52,1" doraHai="68" who="1" fromWho="0" sc="460,-77,229,77,361,0,0,0" /><INIT seed="4,0,0,1,3,114" ten="383,306,361,0" oya="0" hai0="80,93,103,115,72,59,66,124,120,86,126,44,70" hai1="125,118,92,69,67,65,0,84,73,127,36,90,110" hai2="116,57,128,123,47,60,32,50,2,107,97,105,121" hai3=""/><T39/><N who="0" m="30752" /><T129/><D70/><U87/><E0/><V42/><N who="2" m="31008" /><V68/><N who="2" m="31520" /><V88/><F2/><T51/><D115/><U43/><E110/><V85/><F32/><T76/><D129/><U109/><E109/><V62/><F128/><T102/><D39/><U91/><E73/><V79/><F79/><T1/><D1/><U83/><E69/><V98/><F116/><T82/><D59/><U64/><REACH who="1" step="1"/><E118/><REACH who="1" ten="383,296,361,0" step="2"/><V40/><F105/><T131/><D131/><U99/><E99/><V113/><F107/><T100/><D66/><U35/><E35/><V61/><F113/><T77/><REACH who="0" step="1"/><D93/><REACH who="0" ten="373,296,361,0" step="2"/><U119/><E119/><V34/><F68/><T48/><D48/><U117/><E117/><V41/><F34/><T106/><D106/><U58/><E58/><V55/><REACH who="2" step="1"/><F57/><REACH who="2" ten="373,296,351,0" step="2"/><T63/><D63/><U33/><E33/><V104/><F104/><T3/><D3/><U96/><E96/><V111/><F111/><T37/><D37/><U134/><E134/><V94/><AGARI ba="0,3" hai="40,41,42,47,50,55,60,61,62,85,88,94,97,98" m="31520,31008" machi="94" ten="30,9000,2" yaku="1,1,0,1,8,1,52,2,54,1,53,0" doraHai="114" doraHaiUra="75" who="2" fromWho="2" sc="373,-60,296,-30,351,120,0,0" /><INIT seed="5,0,0,1,4,51" ten="313,266,471,0" oya="1" hai0="133,103,102,89,63,54,33,73,82,135,93,36,80" hai1="113,56,69,98,47,32,92,44,49,100,117,88,61" hai2="116,126,123,129,85,96,46,62,119,72,57,71,42" hai3=""/><U79/><E32/><V75/><N who="2" m="31520" /><V58/><F126/><T99/><D36/><U110/><E117/><V83/><F71/><T97/><D33/><U87/><E110/><V101/><F129/><T3/><D3/><U68/><E113/><V67/><F57/><T111/><D111/><U50/><E79/><V125/><F72/><T74/><D63/><U37/><E37/><V127/><F75/><T81/><D54/><U77/><E77/><V130/><F130/><T1/><D1/><U52/><E50/><V122/><N who="2" m="31264" /><V131/><F131/><T114/><D114/><U38/><E38/><V60/><F60/><T39/><D39/><U64/><REACH who="1" step="1"/><E47/><REACH who="1" ten="313,256,471,0" step="2"/><V40/><F125/><T121/><N who="0" m="31008" /><T2/><D2/><U120/><N who="1" m="30752" /><U78/><E78/><V112/><F127/><T109/><D109/><U104/><AGARI ba="0,1" hai="44,49,52,56,61,64,68,69,87,88,92,98,100,104" m="30752" machi="104" ten="20,12000,2" yaku="1,1,0,1,7,1,52,2,54,2,53,0" doraHai="51" doraHaiUra="70" who="1" fromWho="1" sc="313,-60,256,130,471,-60,0,0" /><INIT seed="5,1,0,0,3,61" ten="253,386,411,0" oya="1" hai0="116,51,50,2,112,120,105,68,86,81,58,82,134" hai1="52,39,54,72,118,87,63,69,41,89,109,64,130" hai2="36,57,85,62,127,49,76,129,38,66,97,60,126" hai3=""/><U88/><E118/><V44/><F97/><T106/><N who="0" m="30752" /><T99/><D68/><U34/><E34/><V32/><F32/><T40/><D2/><U80/><E109/><V102/><F102/><T119/><D112/><U132/><E132/><V93/><F129/><T59/><D40/><U46/><E130/><V113/><F113/><T100/><D134/><U83/><REACH who="1" step="1"/><E89/><REACH who="1" ten="253,376,411,0" step="2"/><V110/><F110/><T77/><D116/><U37/><E37/><V103/><F36/><T55/><D119/><U107/><E107/><V115/><F38/><T90/><D106/><U75/><E75/><V135/><F115/><T47/><REACH who="0" step="1"/><D51/><REACH who="0" ten="243,376,411,0" step="2"/><U95/><E95/><V122/><F135/><T104/><D104/><U98/><E98/><V91/><F49/><T74/><AGARI ba="1,2" hai="47,50,55,58,59,74,77,81,82,86,90,99,100,105" m="30752" machi="74" ten="20,9000,2" yaku="1,1,0,1,7,1,52,1,53,2" doraHai="61" doraHaiUra="78" who="0" fromWho="0" sc="243,112,376,-61,411,-31,0,0" /><INIT seed="6,0,0,3,4,100" ten="355,315,380,0" oya="2" hai0="47,74,130,43,88,58,126,38,120,111,72,71,63" hai1="42,75,97,129,131,2,45,96,119,84,76,35,121" hai2="65,41,113,68,80,66,32,112,34,133,135,60,87" hai3=""/><V40/><F65/><T115/><N who="0" m="30752" /><T55/><D111/><U91/><N who="1" m="31008" /><U134/><E2/><V37/><F37/><T102/><D130/><N who="1" m="49675" /><E35/><N who="2" m="13355" /><F87/><T33/><D33/><U77/><E119/><V99/><F99/><N who="1" m="37961" /><E75/><V94/><F94/><T62/><D38/><U98/><N who="1" m="37969" /><U114/><DORA hai="78" /><E134/><N who="2" m="51211" /><F80/><T116/><D72/><U101/><E114/><AGARI ba="0,0" hai="40,41,60,66,68,112,113,114" m="51211,13355" machi="114" ten="40,3900,0" yaku="15,1,20,1" doraHai="100,78" who="2" fromWho="1" sc="355,0,315,-39,380,39,0,0" owari="355,-4.0,276,-32.0,419,36.0,0,0.0" /></mjloggm>