<mjloggm ver="2.3"><GO type="185" lobby="0"/><UN n0="%E5%A4%9A%E6%9E%97%E6%99%8B" n1="%63%61%6C%63%2E" n2="%E3%81%82%E3%81%B9%E3%81%97%E3%81%A3%E3%81%A3" n3="" dan="16,19,16,0" rate="2197.23,2361.17,2232.11,1500.00" sx="M,M,M,C"/><TAIKYOKU oya="0"/><INIT seed="0,0,0,2,2,0" ten="350,350,350,0" oya="0" hai0="119,46,95,56,105,109,89,100,47,103,85,40,110" hai1="33,108,106,120,72,114,35,42,55,81,1,131,94" hai2="50,41,53,61,132,78,93,48,62,37,49,73,77" hai3=""/><T99/><D119/><U69/><RYUUKYOKU type="yao9" ba="0,0" sc="350,0,350,0,350,0,0,0" hai1="1,33,35,42,55,69,72,81,94,106,108,114,120,131" /><INIT seed="0,1,0,4,1,47" ten="350,350,350,0" oya="0" hai0="34,124,75,60,67,134,89,32,84,45,133,123,0" hai1="85,113,2,93,44,103,108,42,64,104,66,126,119" hai2="122,109,111,37,83,120,69,40,80,54,55,115,90" hai3=""/><T135/><N who="0" m="31520" /><T35/><D0/><U36/><E119/><V101/><N who="2" m="30752" /><V51/><N who="2" m="31264" /><V112/><F101/><T114/><D114/><U88/><E113/><V132/><F69/><T65/><D75/><U46/><E2/><V121/><N who="2" m="31008" /><V43/><F90/><T98/><D124/><U100/><E126/><V1/><F1/><T128/><D128/><U125/><E125/><V71/><F71/><T73/><D73/><U57/><E108/><V38/><F132/><T92/><D60/><U127/><E127/><V56/><F56/><T39/><REACH who="0" step="1"/><D98/><REACH who="0" ten="340,350,350,0" step="2"/><U110/><E110/><V53/><REACH who="2" step="1"/><F53/><REACH who="2" ten="340,350,340,0" step="2"/><T116/><D116/><U94/><E42/><AGARI ba="1,2" hai="32,34,35,39,42,45,65,67,84,89,92,133,134,135" m="31520" machi="42" ten="50,9600,0" yaku="1,1,20,1,52,1,53,0" doraHai="47" doraHaiUra="52" who="0" fromWho="1" sc="340,118,350,-98,340,0,0,0" /><INIT seed="0,2,0,4,1,119" ten="458,252,340,0" oya="0" hai0="47,100,51,111,64,120,66,84,105,72,46,109,102" hai1="37,68,50,48,118,98,63,110,132,2,0,92,123" hai2="32,91,93,61,104,45,82,97,1,103,34,62,59" hai3=""/><T71/><N who="0" m="30752" /><T113/><D72/><U52/><N who="1" m="31520" /><U33/><E118/><V65/><F1/><T96/><D113/><U76/><E37/><V79/><F45/><T35/><D35/><U95/><E33/><V74/><REACH who="2" step="1"/><F61/><REACH who="2" ten="458,252,330,0" step="2"/><T90/><D47/><U128/><E63/><V124/><F124/><T108/><D102/><U38/><E38/><V117/><F117/><T40/><REACH who="0" step="1"/><D71/><REACH who="0" ten="448,252,330,0" step="2"/><U58/><E68/><V126/><F126/><T122/><N who="0" m="31264" /><T67/><D67/><U87/><E0/><V99/><AGARI ba="2,2" hai="32,34,59,62,65,74,79,82,91,93,97,99,103,104" machi="99" ten="20,3900,0" yaku="1,1,0,1,7,1,53,1" doraHai="119" doraHaiUra="73" who="2" fromWho="2" sc="448,-28,252,-15,330,63,0,0" /><INIT seed="1,0,0,2,2,118" ten="420,237,393,0" oya="1" hai0="135,117,92,107,113,93,2,66,105,83,116,123,134" hai1="68,131,3,33,56,36,122,91,109,132,88,52,41" hai2="65,81,121,55,80,126,63,74,110,108,44,73,79" hai3=""/><U106/><RYUUKYOKU type="yao9" ba="0,0" sc="420,0,237,0,393,0,0,0" hai1="3,33,36,41,52,56,68,88,91,106,109,122,131,132" /><INIT seed="1,1,0,1,1,51" ten="420,237,393,0" oya="1" hai0="126,104,58,123,41,71,0,89,79,65,44,108,35" hai1="67,64,40,92,132,101,115,68,107,78,3,48,43" hai2="122,52,39,38,133,34,112,57,135,1,91,81,98" hai3=""/><U73/><E115/><V76/><N who="2" m="31264" /><V59/><F1/><T84/><N who="0" m="31520" /><T130/><D0/><U49/><E3/><V63/><F34/><T129/><D35/><U86/><E132/><N who="2" m="50763" /><F112/><T111/><D71/><U90/><E49/><V118/><F118/><T134/><D104/><U50/><E48/><V72/><F57/><T103/><D103/><U127/><E127/><V83/><F83/><T62/><D79/><U120/><N who="1" m="30752" /><U47/><E40/><V125/><F125/><T87/><D126/><U82/><REACH who="1" step="1"/><E68/><REACH who="1" ten="420,227,393,0" step="2"/><V102/><F91/><T117/><D134/><U93/><E93/><AGARI ba="1,1" hai="38,39,52,59,63,72,76,81,93,98,102" m="50763,31264" machi="93" ten="30,7700,0" yaku="20,1,52,2,54,1" doraHai="51" who="2" fromWho="1" sc="420,0,227,-79,393,89,0,0" /><INIT seed="2,0,0,0,0,92" ten="420,148,482,0" oya="2" hai0="40,109,48,84,63,56,114,83,35,53,134,51,55" hai1="3,135,87,78,71,80,124,41,116,64,130,132,133" hai2="43,127,0,77,66,47,93,73,103,57,98,68,96" hai3=""/><V50/><F0/><T61/><D35/><U1/><E116/><V79/><F127/><T94/><D114/><U65/><E124/><V36/><F73/><T131/><D131/><U120/><N who="1" m="30752" /><U97/><E130/><V86/><F86/><T123/><N who="0" m="31520" /><T62/><D134/><U118/><E118/><V115/><F115/><T89/><D109/><U107/><E41/><V85/><F85/><T113/><D113/><U59/><E59/><V60/><F98/><T90/><D40/><U117/><E117/><V45/><F45/><T58/><D63/><U108/><E108/><V44/><F68/><T38/><D38/><U119/><E119/><V34/><F34/><T76/><REACH who="0" step="1"/><D90/><REACH who="0" ten="410,148,482,0" step="2"/><U70/><E3/><V91/><F91/><T122/><N who="0" m="31264" /><T128/><D128/><U100/><REACH who="1" step="1"/><E1/><REACH who="1" ten="410,138,482,0" step="2"/><V46/><REACH who="2" step="1"/><F46/><REACH who="2" ten="410,138,472,0" step="2"/><T105/><D105/><U129/><E129/><V112/><F112/><T110/><D110/><U49/><E49/><V95/><F95/><T121/><N who="0" m="31008" /><T33/><D33/><U32/><E32/><V2/><F2/><T52/><D52/><AGARI ba="0,3" hai="36,43,44,47,50,52,57,60,66,77,79,93,96,103" machi="52" ten="30,12000,1" yaku="1,1,7,1,52,1,54,1,53,1" doraHai="92" doraHaiUra="39" who="2" fromWho="0" sc="410,-120,138,0,472,150,0,0" /><INIT seed="2,1,0,2,4,36" ten="290,138,622,0" oya="2" hai0="81,83,108,49,74,123,55,47,126,79,1,58,0" hai1="110,120,46,119,95,102,133,91,134,86,51,60,131" hai2="106,87,113,57,116,72,97,125,85,62,37,107,78" hai3=""/><V76/><F116/><T43/><N who="0" m="31520" /><T54/><D126/><U35/><N who="1" m="30752" /><U88/><E35/><V53/><F113/><T32/><D108/><U70/><E110/><V64/><F125/><T63/><D32/><U132/><E119/><V61/><F37/><T129/><D129/><U101/><E131/><V130/><F130/><T117/><D117/><U48/><E48/><V128/><F72/><T82/><REACH who="0" step="1"/><D55/><REACH who="0" ten="280,138,622,0" step="2"/><U111/><E111/><V80/><F128/><T100/><D100/><U115/><E115/><V135/><F53/><T122/><N who="0" m="31264" /><T93/><D93/><U41/><REACH who="1" step="1"/><E91/><REACH who="1" ten="280,128,622,0" step="2"/><V68/><F135/><T34/><D34/><U44/><E44/><V84/><F78/><T89/><D89/><U75/><E75/><V114/><F76/><T45/><D45/><U67/><AGARI ba="1,2" hai="41,46,51,60,67,70,86,88,95,101,102,132,133,134" m="30752" machi="67" ten="40,9000,2" yaku="1,1,0,1,20,1,52,2,54,1,53,0" doraHai="36" doraHaiUra="71" who="1" fromWho="1" sc="280,-31,128,112,622,-61,0,0" /><INIT seed="4,0,0,3,1,99" ten="249,240,561,0" oya="0" hai0="47,111,78,103,98,42,56,0,124,108,73,49,83" hai1="52,95,60,64,116,121,120,90,50,34,101,85,127" hai2="135,133,123,131,114,75,72,66,122,112,77,106,46" hai3=""/><T68/><D0/><U92/><N who="1" m="30752" /><U70/><N who="1" m="31008" /><U94/><E116/><V45/><F77/><T126/><D68/><U51/><E34/><V100/><F66/><T43/><D42/><U61/><E127/><N who="0" m="48681" /><D56/><U58/><REACH who="1" step="1"/><E101/><REACH who="1" ten="249,230,561,0" step="2"/><V74/><F100/><T82/><D82/><AGARI ba="0,1" hai="50,51,52,58,60,61,64,70,82,85,90,92,94,95" m="31008,30752" machi="82" ten="40,12000,2" yaku="1,1,2,1,52,2,54,1,53,2" doraHai="99" doraHaiUra="117" who="1" fromWho="0" sc="249,-120,230,130,561,0,0,0" /><INIT seed="5,0,0,2,0,107" ten="129,360,561,0" oya="1" hai0="133,108,34,63,125,106,52,35,92,97,50,104,3" hai1="73,119,90,112,33,76,130,62,128,89,79,66,126" hai2="37,102,2,116,101,43,74,110,38,41,32,87,113" hai3=""/><U59/><E119/><V85/><F2/><T56/><D3/><U51/><E33/><V65/><F65/><T132/><D108/><U86/><E112/><V121/><N who="2" m="31008" /><V1/><F1/><T36/><D36/><U67/><E126/><V64/><F64/><T47/><D125/><U96/><E66/><V103/><F116/><T118/><D118/><U46/><E96/><V120/><N who="2" m="30752" /><V53/><F110/><T42/><D106/><U57/><E57/><V77/><F77/><T49/><D104/><U134/><E134/><V78/><F78/><N who="1" m="29737" /><E86/><V117/><F117/><T72/><D34/><U95/><E95/><V123/><F113/><T105/><D35/><U94/><E94/><V83/><F32/><T127/><D105/><U88/><E73/><V48/><F74/><T122/><N who="0" m="31264" /><T91/><D127/><U100/><E100/><V60/><F87/><T115/><D115/><U69/><E69/><V114/><F114/><T129/><D72/><U84/><E84/><V54/><F103/><T81/><D133/><U82/><E82/><V68/><F85/><T75/><D132/><U39/><E39/><V44/><F83/><T93/><D75/><U111/><E90/><V98/><N who="2" m="31520" /><V45/><F37/><RYUUKYOKU type="nm" ba="0,0" sc="129,60,360,-40,561,-20,0,0" /><INIT seed="6,1,0,0,1,41" ten="189,320,541,0" oya="2" hai0="81,36,126,130,104,0,107,134,47,119,123,32,2" hai1="103,46,43,45,100,62,63,131,42,49,98,109,122" hai2="124,114,116,90,57,82,34,127,74,94,58,87,38" hai3=""/><V128/><F34/><T56/><RYUUKYOKU type="yao9" ba="1,0" sc="189,0,320,0,541,0,0,0" hai0="0,2,32,36,47,56,81,104,107,119,123,126,130,134" /><INIT seed="6,2,0,2,5,111" ten="189,320,541,0" oya="2" hai0="120,81,121,100,82,91,102,41,2,110,95,123,1" hai1="105,99,114,93,0,83,66,44,128,57,92,86,130" hai2="54,68,77,78,112,101,34,115,74,37,88,52,85" hai3=""/><V135/><F34/><T59/><N who="0" m="30752" /><T40/><N who="0" m="31008" /><T117/><N who="0" m="31520" /><T42/><D110/><U106/><E0/><V76/><F68/><T53/><D117/><U51/><E114/><N who="2" m="43563" /><F37/><T113/><D1/><U36/><E36/><V50/><F101/><T46/><D2/><U60/><E105/><V62/><F62/><T63/><D113/><U97/><E106/><V64/><F64/><T79/><D46/><U49/><E93/><V73/><F135/><T109/><D109/><U87/><E87/><V48/><F50/><T72/><D72/><N who="2" m="27754" /><F48/><T122/><N who="0" m="31264" /><T96/><REACH who="0" step="1"/><D79/><REACH who="0" ten="179,320,541,0" step="2"/><U45/><E45/><V107/><F107/><T103/><AGARI ba="2,1" hai="40,41,42,53,59,63,81,82,91,95,96,100,102,103" m="31264,31520,31008,30752" machi="103" ten="30,12000,3" yaku="1,1,2,1,0,1,8,1,52,4,53,0" doraHai="111" doraHaiUra="69" who="0" fromWho="0" sc="179,134,320,-42,541,-82,0,0" owari="313,-9.0,278,-32.0,459,41.0,0,0.0" /></mjloggm>