<mjloggm ver="2.3"><GO type="225" lobby="0"/><UN n0="%E3%82%B7%E3%83%B3%E3%83%95%E3%82%A9%E3%83%8B%E3%82%A2" n1="%70%69%6E%70%69%6E%36" n2="%EF%BC%AE%EF%BC%AF%EF%BD%90%EF%BD%90%EF%BC%AF" n3="%5C%E3%81%AF%E3%81%A1%E3%81%8D%E3%82%87%E3%81%86%2F" dan="18,16,16,16" rate="2239.72,2177.84,2095.15,2100.47" sx="M,M,M,M"/><TAIKYOKU oya="0"/><INIT seed="0,0,0,2,1,128" ten="250,250,250,250" oya="0" hai0="52,65,8,50,53,92,98,68,87,121,82,17,78" hai1="124,6,33,9,80,29,75,28,104,125,76,127,40" hai2="56,60,99,55,26,7,11,61,74,41,46,129,85" hai3="131,62,2,101,122,59,100,69,134,86,117,44,91"/><T84/><D121/><U112/><E112/><V89/><F129/><W116/><G131/><T132/><D132/><U23/><E104/><V88/><F74/><W113/><G113/><T31/><D31/><U114/><E114/><V105/><F26/><W15/><G2/><T13/><D68/><U38/><E33/><V94/><F105/><W106/><G69/><T108/><D65/><U133/><E23/><V110/><F110/><W14/><G122/><T103/><D108/><U79/><E79/><V37/><F61/><W5/><G44/><T58/><REACH who="0" step="1"/><D53/><REACH who="0" ten="240,250,250,250" step="2"/><U102/><E133/><V77/><F77/><W35/><G134/><T111/><D111/><U30/><E102/><V130/><F130/><W36/><G117/><T39/><D39/><U109/><E109/><V1/><REACH who="2" step="1"/><F89/><REACH who="2" ten="240,250,240,250" step="2"/><W12/><G91/><T81/><D81/><U63/><E80/><V118/><F118/><W57/><G116/><T90/><D90/><U95/><E76/><V4/><F4/><W0/><G5/><T123/><D123/><U96/><E6/><V49/><F49/><W126/><G36/><T24/><D24/><U3/><E38/><V18/><F18/><W67/><G101/><T107/><D107/><U71/><E63/><V19/><F19/><W25/><G100/><T115/><D115/><U51/><E28/><V66/><F66/><N who="3" m="39247" /><G106/><T97/><D97/><AGARI ba="0,2" hai="1,7,11,37,41,46,55,56,60,85,88,94,97,99" machi="97" ten="40,5200,0" yaku="1,1,54,1,53,1" doraHai="128" doraHaiUra="83" who="2" fromWho="0" sc="240,-52,250,0,240,72,250,0" /><INIT seed="1,0,0,0,4,114" ten="188,250,312,250" oya="1" hai0="101,106,131,44,8,17,94,65,72,47,98,33,42" hai1="87,10,23,1,68,13,84,75,7,4,20,66,100" hai2="97,81,11,15,96,27,3,14,103,108,115,5,21" hai3="31,80,2,119,121,35,57,29,45,89,58,25,116"/><U19/><E75/><V16/><F115/><W113/><G113/><T54/><D33/><U30/><E100/><V122/><F122/><W118/><G121/><T36/><D131/><U82/><E4/><V127/><F108/><W134/><G134/><T120/><D120/><U59/><E68/><V41/><F127/><W28/><G2/><T46/><D72/><U49/><E82/><V125/><F125/><W50/><G35/><T64/><D106/><U18/><E30/><V99/><F41/><N who="3" m="24879" /><G25/><T76/><D76/><U123/><E123/><V132/><F132/><W61/><G61/><T32/><D32/><U129/><E129/><V109/><F109/><W77/><G89/><T133/><D133/><U60/><REACH who="1" step="1"/><E49/><REACH who="1" ten="188,240,312,250" step="2"/><V111/><F111/><W0/><G0/><T85/><D36/><U83/><E83/><V9/><F81/><W104/><G104/><T48/><D42/><U93/><E93/><N who="2" m="58767" /><F3/><W126/><G126/><T74/><D74/><AGARI ba="0,1" hai="28,29,31,57,58,74,77,80,116,118,119" m="24879" machi="74" ten="40,8000,1" yaku="12,1,52,3" doraHai="114" who="3" fromWho="0" sc="188,-80,240,0,312,0,250,90" /><INIT seed="2,0,0,3,3,129" ten="108,240,312,340" oya="2" hai0="25,115,7,85,70,69,1,19,61,37,111,71,9" hai1="120,128,40,98,8,107,105,87,93,24,119,3,133" hai2="106,36,27,48,45,76,44,100,22,110,75,108,135" hai3="125,18,38,49,65,127,130,62,34,23,30,42,35"/><V32/><F32/><W112/><G38/><T82/><D111/><N who="2" m="42538" /><F36/><W14/><G130/><T114/><D37/><U116/><E128/><V66/><F66/><W122/><G122/><T55/><D25/><U56/><E120/><V12/><F12/><W88/><G112/><T134/><D19/><U118/><E40/><V77/><F135/><W47/><G88/><T124/><D124/><N who="3" m="47689" /><G30/><T58/><D115/><U4/><E133/><V31/><F75/><W17/><G17/><T102/><D102/><U63/><E24/><V33/><F33/><W91/><G91/><T86/><D114/><U132/><E87/><V78/><F48/><W131/><G131/><T117/><D117/><U57/><E132/><V81/><F81/><W73/><G73/><T99/><D134/><U109/><E109/><V94/><F106/><W68/><AGARI ba="0,0" hai="14,18,23,34,35,42,47,49,62,65,68" m="47689" machi="68" ten="30,1100,0" yaku="18,1" doraHai="129" who="3" fromWho="3" sc="108,-3,240,-3,312,-5,340,11" /><INIT seed="3,0,0,0,0,86" ten="105,237,307,351" oya="3" hai0="93,114,38,65,15,46,112,6,54,102,55,117,122" hai1="129,41,130,83,17,21,33,125,67,30,69,103,60" hai2="123,68,52,121,0,100,95,108,16,66,101,57,13" hai3="34,126,135,73,56,9,43,88,70,81,1,49,85"/><W39/><G34/><T3/><D3/><U26/><E125/><V11/><F108/><W71/><G126/><T47/><D15/><U24/><E41/><V32/><F0/><W94/><G135/><T97/><D6/><U2/><E2/><V51/><F32/><W78/><G39/><T62/><D93/><U99/><REACH who="1" step="1"/><E83/><REACH who="1" ten="105,227,307,351" step="2"/><V82/><F82/><W118/><G1/><T31/><D31/><U91/><E91/><V87/><F101/><W42/><G88/><T107/><D122/><U113/><E113/><V14/><F123/><W50/><G43/><T28/><D117/><U96/><E96/><V22/><F121/><W74/><G42/><T72/><D72/><U7/><E7/><V23/><F100/><W133/><G81/><T48/><D28/><U40/><E40/><V90/><REACH who="2" step="1"/><F14/><REACH who="2" ten="105,227,297,351" step="2"/><W59/><G118/><T4/><D4/><U92/><AGARI ba="0,2" hai="17,21,24,26,30,33,60,67,69,92,99,103,129,130" machi="92" ten="30,4000,0" yaku="1,1,0,1,53,1" doraHai="86" doraHaiUra="61" who="1" fromWho="1" sc="105,-10,227,60,297,-10,351,-20" owari="95,-40.0,287,9.0,287,-11.0,331,42.0" /></mjloggm>