<mjloggm ver="2.3"><GO type="169" lobby="0"/><UN n0="%31%74%61" n1="%E5%AE%9F%E5%AD%98" n2="%CE%BC%E3%81%97%E3%82%82%E3%81%A7" n3="%E3%81%8A%E3%81%98%E3%81%95%E3%82%93" dan="17,17,17,16" rate="2163.71,2161.00,2154.10,2178.11" sx="M,M,M,M"/><TAIKYOKU oya="0"/><INIT seed="0,0,0,4,1,107" ten="250,250,250,250" oya="0" hai0="15,122,75,41,132,78,19,113,124,101,103,20,24" hai1="125,13,30,2,65,99,120,123,72,105,45,127,67" hai2="76,130,100,115,128,68,135,10,104,61,6,37,131" hai3="110,16,35,102,44,114,73,117,109,87,50,49,34"/><T77/><D113/><U112/><E112/><V133/><F115/><W21/><G117/><T5/><D122/><U79/><E2/><V17/><F37/><W14/><G114/><T96/><D124/><U52/><E30/><V69/><F17/><W70/><G70/><T93/><D132/><N who="2" m="50762" /><F61/><W111/><G102/><T71/><D71/><N who="2" m="27210" /><F76/><N who="0" m="29290" /><D75/><U38/><E79/><V94/><F94/><W12/><G87/><T0/><D0/><U63/><E38/><V84/><F84/><W64/><G64/><T81/><D81/><U56/><E72/><V88/><F88/><W66/><G66/><T51/><D101/><U47/><E67/><V60/><F60/><W126/><G126/><N who="1" m="48138" /><E99/><N who="2" m="61471" /><F131/><W98/><G98/><T43/><D51/><N who="3" m="19465" /><G44/><N who="1" m="16970" /><E105/><V22/><F22/><W86/><G86/><T83/><D83/><U97/><E97/><V25/><F25/><N who="3" m="14503" /><G73/><T118/><D118/><U57/><E13/><AGARI ba="0,0" hai="6,10,13,128,130" m="61471,27210,50762" machi="13" ten="30,1000,0" yaku="20,1" doraHai="107" who="2" fromWho="1" sc="250,0,250,-10,250,10,250,0" /><AGARI ba="0,0" hai="12,13,14,34,35,109,110,111" m="14503,19465" machi="13" ten="40,2600,0" yaku="14,1,54,1" doraHai="107" who="3" fromWho="1" sc="250,0,240,-26,260,0,250,26" /><INIT seed="1,0,0,2,0,58" ten="250,214,260,276" oya="1" hai0="97,134,24,103,120,128,108,129,64,27,12,56,93" hai1="38,69,52,90,99,22,62,81,1,50,135,109,74" hai2="124,42,118,105,19,133,15,119,123,43,7,55,44" hai3="66,29,33,131,8,87,83,122,84,61,68,18,130"/><U48/><E38/><V126/><F105/><W54/><G122/><T25/><D108/><U57/><E1/><V5/><F123/><W121/><G121/><T36/><D120/><U127/><E109/><V11/><F55/><W101/><G54/><T0/><D0/><U35/><E35/><V17/><F44/><W31/><G101/><T88/><D36/><U115/><E115/><V85/><F85/><W49/><G49/><T104/><D134/><U51/><E135/><V14/><F11/><W107/><G107/><T6/><D6/><U71/><E127/><V116/><F116/><W45/><G45/><T23/><D12/><U77/><REACH who="1" step="1"/><E22/><REACH who="1" ten="250,204,260,276" step="2"/><V86/><F133/><W117/><G33/><T32/><D32/><U21/><E21/><V72/><REACH who="2" step="1"/><F86/><REACH who="2" ten="250,204,250,276" step="2"/><W37/><G87/><T13/><D129/><U41/><E41/><V92/><F92/><AGARI ba="0,2" hai="48,50,51,52,57,62,69,71,74,77,81,90,92,99" machi="92" ten="40,12000,1" yaku="1,1,52,1,54,1,53,1" doraHai="58" doraHaiUra="95" who="1" fromWho="2" sc="250,0,204,140,250,-120,276,0" /><INIT seed="1,1,0,5,2,83" ten="250,344,130,276" oya="1" hai0="103,53,85,3,104,57,82,94,29,30,107,106,21" hai1="59,116,132,24,46,111,80,112,126,105,32,12,37" hai2="93,86,10,54,31,117,58,4,108,109,7,0,49" hai3="20,64,101,61,6,96,77,41,76,129,42,119,89"/><U25/><E105/><V33/><F117/><W72/><G129/><T102/><D3/><U50/><E116/><V78/><F7/><W55/><G119/><T45/><D45/><U120/><E112/><V130/><F130/><W122/><G122/><T17/><D94/><U52/><E120/><V99/><F31/><W9/><G55/><T95/><D95/><U73/><E132/><V48/><F33/><W16/><G89/><T22/><D29/><U100/><E100/><V88/><REACH who="2" step="1"/><F48/><REACH who="2" ten="250,344,120,276" step="2"/><W113/><G113/><T98/><D30/><U87/><E32/><V134/><F134/><W121/><G121/><T56/><D17/><U51/><E51/><V90/><F90/><W127/><G6/><T47/><D103/><U23/><E50/><V13/><F13/><W26/><G16/><T133/><D133/><U75/><E12/><V71/><F71/><W11/><G101/><T28/><D28/><U2/><E25/><V34/><F34/><W81/><G26/><T114/><D114/><U5/><E24/><V19/><F19/><W128/><G128/><T63/><D106/><U131/><E5/><V135/><F135/><W92/><G77/><T68/><D107/><U1/><E131/><V38/><F38/><W62/><G76/><N who="0" m="46279" /><D68/><U39/><E39/><V43/><F43/><W27/><G42/><T35/><D35/><U67/><E37/><V123/><F123/><W124/><G41/><T69/><D69/><U74/><E1/><V44/><F44/><W115/><G115/><T14/><D14/><U36/><E36/><V84/><F84/><W91/><G27/><RYUUKYOKU ba="1,1" sc="250,-10,344,-10,120,30,276,-10" hai2="0,4,10,49,54,58,78,86,88,93,99,108,109" /><INIT seed="2,2,1,5,3,64" ten="240,334,150,266" oya="2" hai0="130,56,116,86,48,97,43,54,26,42,2,70,132" hai1="83,107,7,80,98,112,46,13,3,135,32,113,127" hai2="74,106,21,118,55,128,65,51,5,25,117,89,87" hai3="72,52,39,111,0,76,88,67,20,99,15,79,30"/><V63/><F128/><W50/><G39/><T95/><D2/><U92/><E107/><V29/><F74/><W120/><G0/><T9/><D130/><U73/><E32/><V129/><F106/><W96/><G120/><T10/><D70/><U40/><E13/><V90/><F129/><W53/><G111/><T47/><D132/><U93/><E135/><V45/><F5/><W126/><G126/><T36/><D116/><U31/><E31/><V16/><F29/><W62/><G99/><T78/><D43/><U94/><E98/><V115/><F115/><W27/><G15/><T11/><D26/><U84/><E127/><V114/><F114/><W35/><G35/><T8/><D8/><N who="1" m="2175" /><E84/><V108/><F108/><W123/><G123/><T119/><D119/><U41/><E83/><V134/><F90/><W91/><G72/><T133/><D133/><U60/><E60/><V1/><F1/><W4/><G4/><T122/><D122/><U85/><E85/><V103/><F103/><W33/><G33/><T58/><D86/><U12/><E12/><V19/><F19/><W14/><G14/><T28/><D28/><U102/><E41/><V75/><F75/><W110/><G110/><T57/><REACH who="0" step="1"/><D78/><REACH who="0" ten="230,334,150,266" step="2"/><N who="1" m="44111" /><E112/><V59/><REACH who="2" step="1"/><F134/><REACH who="2" ten="230,334,140,266" step="2"/><W34/><G79/><T17/><D17/><U6/><E113/><V121/><F121/><W101/><G76/><T37/><D37/><N who="1" m="21775" /><E6/><V66/><F66/><W125/><G67/><T104/><D104/><U100/><AGARI ba="2,3" hai="92,93,94,100,102" m="21775,44111,2175" machi="100" ten="30,1100,0" yaku="25,1" doraHai="64" who="1" fromWho="1" sc="230,-5,334,47,140,-7,266,-5" /><INIT seed="3,0,0,0,3,48" ten="225,381,133,261" oya="3" hai0="84,123,55,73,93,132,81,111,106,29,77,103,27" hai1="4,18,54,118,117,112,39,78,107,88,68,66,102" hai2="53,40,110,63,108,98,134,131,45,11,97,101,70" hai3="89,2,79,8,1,51,44,94,36,109,87,32,15"/><W10/><G36/><T0/><D111/><N who="2" m="42538" /><F97/><W31/><G109/><T67/><D123/><U9/><E112/><V58/><F11/><W7/><G79/><T30/><D0/><U26/><E39/><N who="2" m="21663" /><F98/><W75/><G75/><T65/><D132/><U114/><E66/><N who="2" m="41311" /><F101/><W5/><G15/><T95/><D106/><U21/><E102/><V74/><F74/><W25/><G51/><T80/><D103/><U116/><E107/><V90/><F90/><W115/><REACH who="3" step="1"/><G44/><REACH who="3" ten="225,381,133,251" step="2"/><T17/><D73/><U60/><E78/><V82/><F134/><W91/><G91/><T24/><D77/><U59/><E88/><V61/><F82/><W49/><G49/><T128/><D84/><U22/><E118/><V33/><F33/><W28/><G28/><T92/><D30/><U119/><E116/><V52/><F131/><W100/><G100/><T14/><D128/><U120/><E117/><V99/><F99/><W37/><G37/><T41/><D29/><U104/><E119/><V71/><F71/><W47/><G47/><T85/><D85/><U43/><E68/><V113/><F113/><AGARI ba="0,1" hai="1,2,5,7,8,10,25,31,32,87,89,94,113,115" machi="113" ten="40,3900,0" yaku="1,1,9,1,53,0" doraHai="48" doraHaiUra="12" who="3" fromWho="2" sc="225,0,381,0,133,-39,251,49" /><INIT seed="3,1,0,3,4,102" ten="225,381,94,300" oya="3" hai0="135,92,32,9,101,65,83,74,59,41,123,55,49" hai1="37,42,88,38,46,23,20,11,122,54,85,93,132" hai2="71,25,30,52,94,99,6,31,66,133,53,68,4" hai3="48,78,62,50,33,115,113,117,64,34,131,57,75"/><W87/><G75/><T95/><D123/><U125/><E122/><V120/><F120/><W100/><G117/><T0/><D32/><U5/><E125/><V1/><F133/><W129/><G100/><T119/><D119/><U13/><E132/><V82/><F82/><N who="3" m="47575" /><G33/><T10/><D135/><U126/><E126/><V19/><F19/><W27/><G27/><T121/><D121/><U8/><E38/><V29/><F25/><W15/><G15/><T18/><D41/><U26/><E26/><V24/><F24/><W35/><G35/><T60/><D0/><U12/><REACH who="1" step="1"/><E54/><REACH who="1" ten="225,371,94,300" step="2"/><V7/><F1/><W110/><G34/><T47/><D55/><U73/><E73/><V96/><F53/><W134/><G134/><T118/><D74/><U84/><E84/><V104/><F52/><N who="3" m="31895" /><G48/><T109/><D49/><U79/><E79/><V128/><F128/><N who="3" m="49227" /><G110/><T45/><D109/><U21/><E21/><V16/><F66/><W67/><G67/><T3/><D65/><U116/><E116/><V61/><F61/><W69/><AGARI ba="1,1" hai="62,64,69,113,115" m="49227,31895,47575" machi="69" ten="30,3000,0" yaku="19,1,54,1" doraHai="102" who="3" fromWho="3" sc="225,-11,371,-11,94,-11,300,43" /><INIT seed="3,2,0,5,4,105" ten="214,360,83,343" oya="3" hai0="62,112,95,83,17,18,9,71,94,56,82,85,24" hai1="134,96,68,31,38,46,44,109,125,73,20,61,128" hai2="47,1,106,80,114,2,65,121,119,40,93,127,131" hai3="63,59,107,75,124,54,70,130,67,49,41,0,13"/><W36/><G0/><T33/><D71/><U89/><E89/><V87/><F93/><W77/><G107/><T79/><D112/><U4/><E4/><V122/><F87/><W50/><G124/><T22/><D33/><U29/><E20/><V25/><F80/><W120/><G120/><N who="2" m="46185" /><F106/><W51/><G130/><T111/><D111/><U6/><E61/><V11/><F65/><W48/><G13/><N who="0" m="7343" /><D83/><U37/><E96/><V32/><F114/><W108/><G108/><T103/><D103/><U16/><E6/><V113/><F113/><W28/><G28/><T99/><D99/><U39/><E29/><N who="2" m="19503" /><F119/><W135/><G135/><T102/><D102/><U86/><E86/><V53/><F53/><AGARI ba="2,0" hai="18,22,24,53,56,62,79,82,85,94,95" m="7343" machi="53" ten="30,1000,0" yaku="8,1" doraHai="105" who="0" fromWho="2" sc="214,16,360,0,83,-16,343,0" /><INIT seed="4,0,0,3,2,21" ten="230,360,67,343" oya="0" hai0="57,22,19,82,94,15,130,115,68,13,42,118,32" hai1="23,9,35,112,61,72,25,1,2,76,59,129,111" hai2="64,62,102,87,47,36,119,28,116,88,58,120,45" hai3="107,52,101,121,31,50,10,27,39,95,56,55,6"/><T89/><D118/><U105/><E111/><V114/><F120/><W5/><G39/><T66/><D32/><U104/><E35/><V16/><F114/><W133/><G107/><T54/><D115/><U29/><E112/><V18/><F28/><W126/><G121/><T132/><D132/><U51/><E129/><V108/><F102/><W37/><G37/><T135/><D135/><U113/><E113/><V44/><F36/><W63/><G133/><T7/><D42/><U127/><E127/><V8/><F108/><W41/><G41/><T46/><D46/><U38/><E38/><V60/><F8/><W49/><G126/><T109/><D109/><U90/><E51/><N who="3" m="19466" /><G55/><T70/><D130/><U69/><E69/><V100/><F100/><W124/><G124/><T80/><D66/><U3/><E9/><V53/><F119/><W123/><G10/><N who="0" m="4319" /><D70/><U78/><E72/><V30/><F30/><W34/><G34/><T98/><D68/><U20/><E20/><V93/><REACH who="2" step="1"/><F116/><REACH who="2" ten="230,360,57,343" step="2"/><W103/><G123/><T0/><D0/><U24/><E3/><V96/><F96/><N who="3" m="59551" /><G103/><T110/><D110/><U83/><E1/><V117/><F117/><W81/><G5/><T67/><D98/><U122/><E2/><V17/><F17/><W84/><G6/><T128/><D19/><N who="1" m="12415" /><E122/><V43/><F43/><W77/><G31/><T97/><D128/><U91/><E105/><V14/><F14/><W4/><G4/><T65/><D15/><U71/><E104/><V99/><F99/><W12/><G12/><T134/><D134/><U74/><E29/><V48/><F48/><RYUUKYOKU ba="0,1" sc="230,-15,360,-15,57,15,343,15" hai2="16,18,44,45,47,53,58,60,62,64,87,88,93" hai3="27,52,56,63,77,81,84" /><INIT seed="5,1,1,3,5,81" ten="215,345,72,358" oya="1" hai0="117,42,17,98,100,14,73,63,93,38,61,99,92" hai1="102,113,107,135,62,88,21,90,48,95,6,52,83" hai2="126,70,84,8,89,13,82,127,130,96,65,40,28" hai3="108,114,1,15,24,34,3,110,101,94,36,25,54"/><U41/><E107/><V4/><F130/><W9/><G36/><T132/><D117/><U106/><E106/><V122/><F122/><W74/><G74/><T59/><D73/><U23/><E113/><V26/><F40/><W66/><G66/><T51/><D132/><U115/><E115/><V22/><F65/><W47/><G114/><T16/><D38/><U91/><E135/><V75/><F70/><W56/><G47/><N who="0" m="26103" /><D59/><N who="1" m="35175" /><E6/><V31/><F75/><W116/><G116/><T58/><D58/><U12/><E83/><V103/><REACH who="2" step="1"/><F28/><REACH who="2" ten="215,345,62,358" step="2"/><W105/><G110/><T87/><D63/><U109/><E109/><V80/><F80/><W53/><G108/><T79/><D61/><U118/><E118/><V71/><F71/><W85/><G54/><T30/><D30/><U112/><E112/><V44/><F44/><W49/><G53/><T64/><D64/><U32/><E41/><V35/><F35/><W27/><G56/><T45/><D45/><U43/><E32/><V46/><F46/><W128/><G128/><T37/><D37/><U19/><E43/><V72/><F72/><W77/><G34/><T0/><D0/><U104/><E48/><V119/><F119/><W129/><G129/><T124/><D124/><U97/><E104/><AGARI ba="1,2" hai="4,8,13,22,26,31,82,84,89,96,103,104,126,127" machi="104" ten="40,8000,1" yaku="1,1,52,1,53,2" doraHai="81" doraHaiUra="134" who="2" fromWho="1" sc="215,0,345,-83,62,103,358,0" /><INIT seed="6,0,0,0,2,42" ten="215,262,165,358" oya="2" hai0="128,131,118,0,35,57,60,24,69,82,47,50,5" hai1="110,31,125,86,74,22,4,15,111,43,76,68,27" hai2="101,1,126,19,134,7,121,94,80,127,99,79,96" hai3="78,55,71,28,98,87,56,70,91,12,95,124,14"/><V62/><F1/><W38/><G38/><T41/><D118/><U89/><E68/><V40/><F7/><W8/><G124/><N who="2" m="47657" /><F62/><W109/><G109/><T58/><D82/><U54/><E125/><V93/><F19/><W104/><G28/><N who="0" m="19847" /><D0/><U16/><E4/><V30/><F30/><W33/><G33/><T117/><D5/><U37/><E54/><V88/><F40/><W102/><G78/><T10/><D10/><U116/><E116/><V107/><F134/><W20/><G20/><T105/><D105/><U2/><E2/><V129/><F129/><N who="0" m="49738" /><D117/><U75/><E110/><V83/><F121/><W90/><G14/><T92/><D92/><U81/><E111/><V100/><F79/><W130/><G130/><T39/><D39/><U108/><E108/><V67/><F67/><AGARI ba="0,0" hai="41,47,50,57,58,60,67,69" m="49738,19847" machi="67" ten="30,2000,0" yaku="19,1,52,1" doraHai="42" who="0" fromWho="2" sc="215,20,262,0,165,-20,358,0" /><INIT seed="7,0,0,2,1,77" ten="235,262,145,358" oya="3" hai0="12,60,14,63,37,25,44,132,90,69,8,126,54" hai1="65,131,82,46,123,35,89,24,93,36,26,39,71" hai2="79,21,19,64,127,72,108,109,95,91,88,5,94" hai3="2,73,66,15,99,78,4,104,116,29,42,27,102"/><W120/><G116/><T135/><D126/><U80/><E123/><V16/><F5/><W47/><G120/><T128/><D128/><U117/><E131/><V114/><F64/><W6/><G66/><T3/><D3/><U31/><E117/><V119/><F119/><W92/><G15/><T10/><D25/><U55/><E26/><V133/><F127/><W87/><G2/><T121/><D121/><U7/><E7/><V9/><F9/><N who="0" m="3690" /><D69/><U1/><E1/><V134/><F114/><W98/><G73/><T22/><D90/><N who="2" m="34346" /><F21/><W23/><G23/><T67/><D22/><U86/><E55/><V56/><F56/><W81/><G4/><T113/><D113/><U17/><E17/><N who="2" m="6731" /><F79/><W96/><G6/><T48/><D37/><U115/><E115/><V85/><F85/><W62/><G87/><T38/><D38/><U130/><E130/><V40/><F40/><W34/><G42/><T43/><D43/><U111/><E39/><V97/><F97/><W57/><G98/><T129/><D129/><U18/><E18/><V74/><F95/><W75/><G92/><T30/><D30/><U13/><E36/><V103/><F94/><W100/><G99/><T32/><D32/><U28/><E28/><V68/><F103/><W70/><G100/><T61/><D67/><U124/><E124/><V20/><F20/><W125/><G96/><T53/><D53/><U59/><E65/><V0/><F68/><W118/><G102/><T76/><D76/><U101/><E71/><V51/><F0/><W110/><G125/><T33/><D33/><U122/><E35/><RYUUKYOKU ba="0,0" sc="235,30,262,-10,145,-10,358,-10" hai0="12,14,44,48,54,60,61,63,132,135" owari="265,7.0,252,-15.0,135,-36.0,348,44.0" /></mjloggm>