<mjloggm ver="2.3"><GO type="169" lobby="0"/><UN n0="%E4%BB%8A%E6%97%A5%E4%B8%80" n1="%E3%82%82%E3%82%8A%E3%81%96%E3%81%AD" n2="%43%72%65%2E%43" n3="%E8%A6%8B%E7%9F%A5%E3%82%89%E3%81%AC%E9%9D%92%E5%A4%A9%E4%BA%95" dan="16,16,16,16" rate="2059.03,2154.79,2120.23,2049.54" sx="F,M,F,M"/><TAIKYOKU oya="0"/><INIT seed="0,0,0,0,5,116" ten="250,250,250,250" oya="0" hai0="125,78,110,28,112,109,57,101,5,46,119,93,25" hai1="1,33,34,21,117,75,8,99,43,48,71,79,9" hai2="66,35,38,55,128,31,37,129,80,0,23,85,107" hai3="95,111,74,90,118,126,11,44,86,123,120,45,51"/><T100/><D119/><U13/><E71/><V16/><F0/><W56/><G118/><T102/><D112/><U32/><E117/><V27/><F107/><W134/><G134/><T130/><D130/><N who="2" m="50282" /><F55/><N who="3" m="31871" /><G74/><T131/><D131/><U103/><E75/><V67/><F67/><W108/><G126/><T47/><D78/><U69/><E69/><V83/><F66/><W17/><G11/><T87/><D5/><U26/><E79/><N who="2" m="46239" /><F83/><W52/><G17/><T94/><D57/><U97/><E1/><V89/><F89/><W88/><G90/><N who="0" m="53471" /><D94/><U68/><E68/><V65/><F65/><W70/><G70/><T12/><D12/><AGARI ba="0,0" hai="12,16,23,27,31,35,37,38" m="46239,50282" machi="12" ten="30,2000,0" yaku="19,1,54,1" doraHai="116" who="2" fromWho="0" sc="250,-20,250,0,250,20,250,0" /><INIT seed="1,0,0,3,0,11" ten="230,250,270,250" oya="1" hai0="91,81,67,27,72,1,45,33,44,75,18,29,118" hai1="41,15,9,117,126,57,17,132,46,38,30,100,19" hai2="31,70,77,74,26,37,35,64,104,122,101,61,12" hai3="128,69,108,85,113,98,71,23,93,73,88,114,36"/><U58/><E117/><V48/><F122/><W84/><G36/><T92/><D118/><U82/><E132/><V62/><F48/><W109/><G71/><T106/><D106/><U78/><E126/><V119/><F119/><W43/><G43/><T133/><D1/><U4/><E30/><V25/><F25/><W103/><G69/><T116/><D116/><U65/><E100/><V55/><F37/><W90/><G73/><T51/><D67/><U112/><E112/><N who="3" m="43114" /><G128/><T40/><D45/><U121/><E121/><V97/><F12/><W134/><G134/><T2/><D81/><U10/><E65/><V80/><F61/><W5/><G23/><T102/><D102/><U32/><E32/><V47/><F47/><W66/><G66/><T49/><D49/><U124/><E124/><V99/><F99/><W42/><G42/><T87/><D2/><U16/><REACH who="1" step="1"/><E10/><REACH who="1" ten="230,240,270,250" step="2"/><V120/><F120/><W8/><G103/><T63/><D133/><U20/><E20/><V94/><REACH who="2" step="1"/><F55/><REACH who="2" ten="230,240,260,250" step="2"/><W39/><G8/><T130/><D33/><U0/><E0/><V95/><AGARI ba="0,2" hai="26,31,35,62,64,70,74,77,80,94,95,97,101,104" machi="95" ten="30,8000,1" yaku="1,1,2,1,0,1,25,2,53,0" doraHai="11" doraHaiUra="50" who="2" fromWho="2" sc="230,-20,240,-40,260,100,250,-20" /><INIT seed="2,0,0,2,1,72" ten="210,200,360,230" oya="2" hai0="89,132,18,20,50,97,116,38,45,54,114,65,19" hai1="125,81,34,102,1,127,122,92,60,101,91,115,44" hai2="23,105,28,8,88,32,112,86,83,11,100,21,118" hai3="76,25,90,4,133,22,106,73,46,66,93,113,10"/><V79/><F112/><W31/><G133/><T123/><D123/><U35/><E1/><V15/><F118/><W68/><G113/><T82/><D114/><U57/><E115/><V130/><F130/><W30/><G106/><T104/><D132/><U41/><E122/><V85/><F32/><W109/><G109/><T84/><D65/><U134/><E81/><V95/><F105/><W48/><G31/><T37/><D19/><U3/><E3/><V27/><F100/><W33/><G66/><T67/><D67/><U42/><E101/><V80/><F95/><W40/><G68/><T78/><D116/><U39/><E41/><V12/><REACH who="2" step="1"/><F23/><REACH who="2" ten="210,200,350,230" step="2"/><W110/><G33/><T64/><D104/><U7/><E102/><V96/><F96/><W17/><G110/><T120/><D120/><U119/><E119/><V103/><F103/><W74/><G93/><T59/><D97/><N who="1" m="57503" /><E134/><V52/><F52/><W47/><G40/><T111/><D111/><U98/><E98/><V69/><F69/><W49/><G90/><T43/><D89/><U56/><E34/><V14/><AGARI ba="0,1" hai="8,11,12,14,15,21,27,28,79,80,83,85,86,88" machi="14" ten="30,18000,2" yaku="1,1,0,1,8,1,52,1,54,1,53,2" doraHai="72" doraHaiUra="77" who="2" fromWho="2" sc="210,-60,200,-60,350,190,230,-60" /><INIT seed="2,1,0,4,2,14" ten="150,140,540,170" oya="2" hai0="88,133,5,28,98,90,12,122,64,106,61,97,42" hai1="55,73,130,95,70,20,125,82,46,92,7,27,66" hai2="50,13,107,74,9,103,117,91,87,39,45,124,1" hai3="54,44,76,22,63,78,134,49,119,3,93,68,100"/><V79/><F117/><W86/><G119/><T129/><D122/><U16/><E130/><V101/><F124/><W85/><G3/><T94/><D129/><U19/><E125/><V32/><F32/><W115/><G134/><T105/><D133/><U131/><E131/><V96/><F39/><W84/><G115/><T114/><D114/><U56/><E7/><V29/><F29/><W43/><G68/><T132/><D132/><U118/><E118/><V26/><F1/><W116/><G116/><T109/><D42/><U110/><E110/><V75/><F26/><W62/><G22/><T40/><D40/><U36/><E73/><V121/><F101/><W31/><G31/><T58/><D28/><N who="1" m="17511" /><E82/><N who="2" m="49655" /><F79/><N who="3" m="30251" /><G54/><T38/><D109/><U99/><E70/><V102/><F103/><W72/><G72/><T127/><D38/><U104/><E104/><V4/><F121/><W81/><G81/><T53/><D53/><U51/><E92/><V65/><F65/><W83/><G83/><T2/><D2/><U80/><E80/><V60/><F75/><W67/><G67/><T11/><D127/><U59/><E36/><V89/><F74/><W48/><G100/><T108/><D108/><U10/><E10/><V57/><F102/><W21/><G93/><AGARI ba="1,0" hai="5,11,12,58,61,64,88,90,93,94,97,98,105,106" machi="93" ten="40,2600,0" yaku="9,1,54,1" doraHai="14" who="0" fromWho="3" sc="150,29,140,0,540,0,170,-29" /><INIT seed="3,0,0,3,0,15" ten="179,140,540,141" oya="3" hai0="130,85,42,68,39,135,10,117,114,11,1,81,40" hai1="55,46,115,86,12,13,28,59,75,78,121,132,69" hai2="5,94,2,111,60,133,26,52,113,4,102,20,57" hai3="51,104,109,80,54,118,79,96,82,101,30,108,9"/><W84/><G118/><T129/><D117/><U128/><E121/><V107/><F107/><W56/><G30/><T50/><D114/><U27/><E115/><V119/><F111/><W62/><G9/><T43/><D68/><U124/><E75/><V87/><F133/><W72/><REACH who="3" step="1"/><G62/><REACH who="3" ten="179,140,540,131" step="2"/><T105/><D11/><U97/><E132/><V110/><F119/><W58/><G58/><T91/><D135/><U122/><E69/><V73/><F57/><W116/><G116/><T67/><D10/><U70/><E70/><V22/><F60/><W16/><G16/><T76/><D1/><U48/><E122/><V49/><F2/><W6/><G6/><T21/><D21/><N who="1" m="15471" /><E124/><V88/><F20/><W65/><G65/><T47/><D67/><U83/><E128/><V106/><F113/><W7/><G7/><T125/><D125/><U93/><E59/><V17/><F4/><W35/><G35/><T100/><D129/><U31/><E31/><V63/><F5/><W92/><G92/><T19/><D19/><U123/><E123/><V120/><F94/><W38/><G38/><T29/><D29/><U66/><E66/><V134/><F17/><W126/><G126/><T127/><D127/><U34/><E34/><V95/><F95/><W32/><G32/><T98/><D130/><U99/><E99/><V112/><F63/><W103/><G103/><AGARI ba="0,1" hai="12,13,46,48,55,78,83,86,93,97,103" m="15471" machi="103" ten="30,1000,0" yaku="8,1" doraHai="15" who="1" fromWho="3" sc="179,0,140,20,540,0,131,-10" /><INIT seed="4,0,0,0,3,81" ten="179,160,540,121" oya="0" hai0="125,20,53,14,66,34,18,115,135,49,31,80,113" hai1="120,71,100,59,85,50,24,0,101,44,119,9,42" hai2="6,22,69,1,13,132,133,102,126,82,87,114,103" hai3="60,56,16,41,3,105,118,93,124,37,17,84,4"/><T117/><D117/><U104/><E71/><V23/><F114/><N who="0" m="43530" /><D135/><U47/><E119/><V40/><F69/><W32/><G118/><T5/><D125/><U36/><E120/><V72/><F72/><W62/><G105/><T28/><D66/><U48/><E104/><V128/><F1/><W29/><G124/><T73/><D34/><U52/><E24/><V58/><F40/><W112/><G112/><T116/><D116/><U88/><E0/><V123/><F58/><W106/><G106/><T92/><D5/><U21/><E21/><V39/><F23/><W78/><G32/><T57/><D92/><U30/><E30/><V25/><F6/><W51/><G29/><T97/><D97/><U12/><E36/><V75/><F39/><W94/><G4/><T98/><D98/><U10/><E59/><V15/><F126/><W129/><G3/><T77/><AGARI ba="0,0" hai="14,18,20,28,31,49,53,57,73,77,80" m="43530" machi="77" ten="30,1500,0" yaku="15,1" doraHai="81" who="0" fromWho="0" sc="179,15,160,-5,540,-5,121,-5" /><INIT seed="4,1,0,1,5,0" ten="194,155,535,116" oya="0" hai0="30,100,132,49,108,3,4,40,41,102,86,72,15" hai1="8,69,83,6,57,58,43,77,119,89,67,99,29" hai2="124,127,125,16,66,118,114,7,88,18,103,44,25" hai3="131,92,76,23,90,84,105,26,93,62,37,106,121"/><T87/><D72/><U33/><E119/><V2/><F114/><W134/><G37/><T13/><D132/><U85/><E43/><V122/><F122/><W35/><G134/><T60/><D30/><U32/><E69/><V46/><F118/><W68/><G35/><T117/><D117/><U130/><E130/><V1/><F103/><W63/><G131/><T94/><D60/><U112/><E112/><V70/><F88/><W75/><G121/><T20/><D3/><N who="2" m="1034" /><F7/><W110/><G110/><T17/><D108/><U10/><E10/><V115/><F115/><W95/><G75/><T47/><D41/><U101/><E89/><V81/><F81/><W135/><G135/><T107/><D107/><U12/><E67/><V22/><F18/><W51/><G76/><T59/><D59/><U128/><E128/><V45/><F66/><W98/><G51/><T11/><D100/><U54/><E29/><V55/><F70/><W79/><G68/><T31/><D31/><U64/><E57/><V129/><F129/><W120/><G120/><T42/><D40/><U113/><E64/><V109/><F109/><W123/><G123/><T9/><D9/><U36/><E36/><V39/><F39/><W56/><G106/><T27/><D27/><U61/><REACH who="1" step="1"/><E113/><REACH who="1" ten="194,145,535,116" step="2"/><V73/><F55/><W19/><G79/><T96/><AGARI ba="1,1" hai="4,11,13,15,17,20,42,47,49,86,87,94,96,102" machi="96" ten="30,6000,0" yaku="0,1,8,1,52,1" doraHai="0" who="0" fromWho="0" sc="194,73,145,-21,535,-21,116,-21" /><INIT seed="4,2,0,4,5,43" ten="267,124,514,95" oya="0" hai0="96,13,124,22,131,32,118,35,28,128,114,16,123" hai1="74,59,84,116,34,81,117,67,33,89,2,99,60" hai2="61,77,71,98,97,75,41,8,112,135,24,132,79" hai3="108,64,122,133,90,80,100,54,29,68,30,121,56"/><T125/><D96/><U20/><E2/><V12/><F112/><W44/><G108/><T103/><D103/><U39/><E39/><V23/><F41/><W115/><G115/><T107/><D107/><U7/><E74/><V25/><F71/><W129/><G100/><T92/><D92/><U119/><E7/><V58/><F75/><W37/><G133/><N who="2" m="51273" /><F77/><W0/><G0/><T63/><D63/><U73/><E73/><V130/><F79/><W78/><G90/><T95/><D95/><U26/><REACH who="1" step="1"/><E99/><REACH who="1" ten="267,114,514,95" step="2"/><V85/><F98/><W86/><G122/><T109/><D114/><U94/><E94/><V4/><F97/><W134/><G134/><T55/><D109/><U70/><E70/><V106/><F106/><W91/><G121/><T104/><D104/><U36/><E36/><V62/><F4/><W105/><G105/><T53/><D123/><U11/><E11/><V101/><F8/><W14/><G129/><T69/><D69/><U88/><E88/><V65/><F130/><W111/><G91/><T72/><D72/><U19/><AGARI ba="2,1" hai="19,20,26,33,34,59,60,67,81,84,89,116,117,119" machi="19" ten="30,2000,0" yaku="1,1,0,1,53,0" doraHai="43" doraHaiUra="110" who="1" fromWho="1" sc="267,-12,114,36,514,-7,95,-7" /><INIT seed="5,0,0,3,2,21" ten="255,150,507,88" oya="1" hai0="49,58,79,119,72,122,60,70,74,96,55,117,15" hai1="65,133,29,3,131,62,37,13,126,57,86,41,9" hai2="81,6,10,24,36,4,83,61,123,85,64,51,87" hai3="95,19,42,75,45,134,93,11,130,105,118,44,35"/><U115/><E3/><V50/><F36/><W88/><G134/><T121/><D96/><U23/><E133/><V14/><F123/><N who="0" m="47114" /><D15/><U31/><E115/><V94/><F4/><W27/><G105/><T116/><D79/><U48/><E126/><V28/><F94/><W12/><G130/><T1/><D1/><U106/><E131/><V54/><F85/><W76/><G118/><T59/><D70/><U101/><E37/><V89/><F54/><AGARI ba="0,0" hai="49,54,55,58,59,60,72,74,116,117,119" m="47114" machi="54" ten="40,1300,0" yaku="13,1" doraHai="21" who="0" fromWho="2" sc="255,13,150,0,507,-13,88,0" /><INIT seed="6,0,0,3,2,83" ten="268,150,494,88" oya="2" hai0="113,55,68,35,70,30,67,37,82,59,41,126,49" hai1="34,123,36,60,51,47,10,52,75,79,22,103,91" hai2="40,38,119,118,74,3,23,27,96,20,43,42,0" hai3="28,88,53,1,130,26,54,77,6,8,72,110,15"/><V81/><F38/><W61/><G110/><T80/><D80/><U121/><E34/><V66/><F66/><W97/><G130/><T14/><D14/><U134/><E134/><V90/><F74/><W4/><G72/><T29/><D82/><N who="1" m="45439" /><E91/><V5/><F81/><W131/><G131/><T17/><D17/><U33/><E33/><V50/><F90/><W120/><G77/><T19/><D19/><U25/><E60/><V62/><F62/><W24/><G120/><N who="1" m="46154" /><E10/><V125/><F20/><W9/><G61/><T124/><D35/><U18/><E36/><V44/><F23/><W46/><G46/><T89/><D89/><U106/><E106/><V127/><F44/><W108/><G108/><T11/><D11/><U48/><E48/><V65/><F50/><W32/><REACH who="3" step="1"/><G26/><REACH who="3" ten="268,150,494,78" step="2"/><T107/><D70/><U93/><E47/><V13/><F27/><W58/><G58/><T94/><D59/><U76/><E76/><V45/><F45/><W78/><G78/><T116/><D68/><U2/><E25/><V99/><F42/><W135/><G135/><T115/><D41/><U100/><E52/><V133/><F40/><W12/><G12/><T112/><D55/><U21/><E2/><V105/><F43/><W129/><G129/><T57/><D57/><U102/><E51/><V7/><F3/><W132/><G132/><T128/><D37/><U122/><E122/><V31/><F133/><W63/><G63/><T85/><D128/><U64/><E64/><V86/><F65/><W92/><AGARI ba="0,1" hai="1,4,6,8,9,15,24,28,32,53,54,88,92,97" machi="92" ten="30,7900,0" yaku="1,1,0,1,54,1,53,1" doraHai="83" doraHaiUra="84" who="3" fromWho="3" sc="268,-20,150,-20,494,-39,78,89" /><INIT seed="7,0,0,3,0,25" ten="248,130,455,167" oya="3" hai0="51,59,12,85,36,34,47,96,101,77,86,89,5" hai1="8,22,17,52,94,18,62,113,68,43,67,79,119" hai2="112,53,133,115,122,123,41,50,129,29,90,103,9" hai3="126,134,106,84,118,58,76,6,60,2,54,44,109"/><W73/><G118/><T7/><D34/><U15/><E113/><V70/><F70/><W3/><G134/><T117/><D36/><U120/><E119/><V14/><F129/><W65/><G126/><T31/><D31/><U93/><E120/><V13/><F41/><W23/><G73/><T39/><D39/><U114/><E114/><V19/><F133/><W72/><G72/><T100/><D59/><U46/><E79/><V121/><F29/><W78/><G109/><T92/><D117/><U135/><E135/><V32/><F32/><W91/><G106/><T64/><D64/><U66/><E66/><V75/><F103/><N who="0" m="39498" /><D12/><U125/><E125/><V1/><F1/><W83/><G23/><T102/><D77/><U63/><E43/><V82/><F14/><W111/><G3/><T124/><D124/><U88/><E93/><V40/><F40/><W45/><G111/><T30/><D30/><U104/><E104/><V37/><F37/><W57/><G6/><N who="0" m="2059" /><D89/><U131/><E131/><V116/><F116/><W98/><G2/><T24/><D24/><N who="1" m="14415" /><E68/><V127/><F127/><W42/><G78/><T48/><D48/><N who="1" m="28695" /><E67/><V26/><F75/><W27/><G42/><AGARI ba="0,0" hai="42,47,51,85,86,92,96,102" m="2059,39498" machi="42" ten="30,1000,0" yaku="8,1" doraHai="25" who="0" fromWho="3" sc="248,10,130,0,455,0,167,-10" owari="258,6.0,130,-37.0,455,55.0,157,-24.0" /></mjloggm>