<mjloggm ver="2.3"><GO type="225" lobby="0"/><UN n0="%E3%82%AB%E3%83%9C%E3%83%81%E3%83%A3%E3%82%BF%E3%83%8D" n1="%E9%9F%93%E8%A1%9B%E9%9D%92" n2="%79%6A%69%72%6F" n3="%E9%88%B4%E4%B8%B8" dan="16,16,17,17" rate="2086.02,2185.92,2188.83,2207.71" sx="M,F,M,M"/><TAIKYOKU oya="0"/><INIT seed="0,0,0,0,2,78" ten="250,250,250,250" oya="0" hai0="21,69,64,10,110,112,79,35,108,32,66,26,84" hai1="47,14,128,13,61,67,56,15,55,77,52,38,34" hai2="85,124,53,134,6,89,121,17,92,30,22,130,132" hai3="129,36,68,37,59,72,41,8,1,118,43,54,111"/><T80/><D112/><U103/><E34/><V91/><F121/><W82/><G118/><T31/><D10/><U18/><E128/><V105/><F105/><W101/><G68/><T25/><D35/><U104/><E104/><V102/><F130/><W115/><G101/><T51/><D51/><U49/><E103/><V119/><F119/><W65/><G65/><T39/><D39/><U113/><E113/><V127/><F102/><W4/><G111/><N who="0" m="42539" /><D69/><U97/><E97/><N who="2" m="57487" /><F30/><AGARI ba="0,0" hai="21,25,26,30,31,32,64,66,79,80,84" m="42539" machi="30" ten="30,5800,0" yaku="14,1,10,1,52,1" doraHai="78" who="0" fromWho="2" sc="250,58,250,0,250,-58,250,0" /><INIT seed="0,1,0,2,1,49" ten="308,250,192,250" oya="0" hai0="101,0,61,16,6,5,125,123,32,51,126,91,13" hai1="78,73,27,48,81,45,114,56,99,43,7,55,132" hai2="65,50,109,8,72,17,66,124,63,94,135,79,1" hai3="41,71,76,134,130,23,9,102,70,104,87,129,47"/><T110/><D123/><U80/><E132/><V33/><F33/><W64/><G134/><T2/><D101/><U67/><E114/><V97/><F135/><W52/><G64/><T3/><D61/><U24/><E99/><V106/><F106/><W89/><G76/><T88/><D32/><U62/><E81/><V103/><F109/><W46/><G23/><T74/><D74/><U133/><E133/><V26/><F124/><N who="0" m="47722" /><D110/><U121/><E121/><V90/><F103/><W105/><G9/><N who="0" m="6191" /><D51/><U44/><REACH who="1" step="1"/><E7/><AGARI ba="1,0" hai="0,2,3,5,6,7,88,91" m="6191,47722" machi="7" ten="40,7700,0" yaku="18,1,54,2" doraHai="49" who="0" fromWho="1" sc="308,80,250,-80,192,0,250,0" /><BYE who="1" /><UN n1="%E9%9F%93%E8%A1%9B%E9%9D%92" /><INIT seed="0,2,0,2,3,93" ten="388,170,192,250" oya="0" hai0="51,61,92,115,118,80,109,85,59,101,98,67,95" hai1="13,131,133,1,69,3,88,110,60,6,64,65,114" hai2="39,23,112,18,5,134,86,128,124,0,102,91,8" hai3="34,75,10,89,14,125,77,121,99,43,123,50,111"/><T106/><D115/><U37/><E114/><V41/><F112/><W53/><G111/><T68/><D118/><U27/><E110/><V63/><F124/><W21/><G34/><T132/><D109/><U52/><E131/><V7/><F128/><W57/><G43/><T73/><D132/><U126/><E37/><V105/><F134/><W20/><G125/><T24/><D24/><U94/><E133/><V107/><F7/><W129/><G129/><T11/><D73/><U87/><E126/><V84/><F63/><W47/><G57/><T96/><D106/><U2/><E27/><V40/><F86/><W103/><G89/><N who="0" m="55407" /><D68/><U72/><E72/><V58/><F58/><W4/><G77/><N who="0" m="46223" /><D11/><U122/><E122/><N who="3" m="46602" /><G75/><T127/><D127/><U31/><E31/><V17/><F39/><W19/><G4/><T97/><D97/><U44/><E65/><V113/><F113/><W48/><G48/><AGARI ba="2,0" hai="48,51,59,61,67,92,98,101" m="46223,55407" machi="48" ten="30,5800,0" yaku="8,1,52,2" doraHai="93" who="0" fromWho="3" sc="388,64,170,0,192,0,250,-64" /><INIT seed="0,3,0,5,3,27" ten="452,170,192,186" oya="0" hai0="100,94,131,62,42,82,70,134,72,99,104,1,60" hai1="125,109,69,59,6,17,44,43,49,92,126,121,83" hai2="111,103,73,21,96,14,116,106,124,85,91,46,8" hai3="118,31,130,4,10,135,36,23,133,110,119,88,90"/><T98/><D1/><U122/><E6/><V24/><F73/><W29/><G36/><T52/><D70/><U101/><E83/><V80/><F111/><W32/><G32/><T79/><D42/><U89/><E101/><V71/><F71/><W114/><G114/><T20/><D134/><N who="3" m="51209" /><G130/><T25/><D131/><U78/><E78/><V93/><F124/><N who="1" m="47721" /><E69/><V54/><F116/><N who="3" m="44587" /><G23/><T107/><D62/><U81/><E81/><V56/><F46/><W55/><G55/><T18/><REACH who="0" step="1"/><D99/><REACH who="0" ten="442,170,192,186" step="2"/><U112/><E43/><V117/><F117/><W120/><G110/><T47/><D47/><U50/><E44/><V3/><F3/><N who="3" m="287" /><G120/><T40/><D40/><U115/><E121/><V33/><F56/><AGARI ba="3,1" hai="18,20,25,52,56,60,72,79,82,94,98,100,104,107" machi="56" ten="40,7700,0" yaku="1,1,54,1,53,1" doraHai="27" doraHaiUra="97" who="0" fromWho="2" sc="442,96,170,0,192,-86,186,0" /><INIT seed="0,4,0,5,1,125" ten="538,170,106,186" oya="0" hai0="61,26,121,129,4,109,41,25,89,107,11,34,114" hai1="6,53,77,94,105,95,126,104,24,37,8,122,74" hai2="10,97,33,48,3,22,40,123,113,42,21,117,1" hai3="92,15,124,60,116,130,78,27,73,81,32,17,52"/><T19/><D107/><U58/><E126/><V106/><F113/><W47/><G124/><T5/><D41/><U36/><E122/><V55/><F123/><W128/><G116/><T115/><D89/><U75/><E24/><V72/><F33/><W2/><G2/><T135/><D61/><U70/><E58/><V87/><F72/><W102/><G102/><T133/><D121/><U111/><E8/><V79/><F117/><W56/><G92/><T49/><D49/><U65/><E6/><V131/><F131/><N who="3" m="50219" /><G47/><T127/><D127/><U100/><E111/><V30/><F106/><W38/><G38/><T64/><D129/><U101/><E37/><V57/><F97/><W132/><G132/><N who="0" m="50763" /><D5/><U43/><E100/><V9/><F3/><W68/><G68/><T91/><D109/><U120/><E70/><V103/><F1/><W28/><G15/><N who="0" m="5607" /><D64/><U29/><E65/><V50/><F103/><W84/><G17/><T69/><D69/><U90/><E101/><V51/><F42/><W14/><G14/><T62/><D19/><U119/><E43/><V93/><F40/><W98/><G98/><T31/><D114/><U45/><E36/><V76/><F93/><W82/><G82/><T108/><D108/><U110/><E95/><V67/><F67/><W44/><G44/><T13/><D115/><U83/><E45/><V54/><F57/><W46/><G46/><T88/><D13/><U99/><E104/><V23/><F30/><W12/><G12/><T63/><D26/><U35/><E105/><V112/><F112/><W85/><AGARI ba="4,0" hai="27,28,32,52,56,60,73,78,81,84,85" m="50219" machi="85" ten="30,8000,1" yaku="19,1,52,3,54,1" doraHai="125" who="3" fromWho="3" sc="538,-44,170,-24,106,-24,186,92" /><INIT seed="1,0,0,4,4,5" ten="494,146,82,278" oya="1" hai0="126,28,80,50,2,46,58,60,133,103,6,82,119" hai1="57,121,37,102,112,16,74,120,134,85,125,29,30" hai2="88,62,1,94,111,53,132,20,78,81,63,15,129" hai3="90,13,61,118,127,24,32,36,76,12,0,11,44"/><U65/><E112/><V33/><F33/><W91/><G127/><T19/><D119/><U124/><E74/><V64/><F1/><W95/><G76/><T87/><D126/><N who="1" m="48747" /><E37/><V26/><F111/><W7/><G118/><T73/><D133/><U41/><E41/><V117/><F117/><W38/><G90/><T35/><D103/><U116/><E116/><V68/><F132/><W97/><G61/><T10/><D73/><U27/><E102/><V101/><F129/><W17/><G44/><T100/><D100/><U70/><E70/><V49/><F101/><W55/><G55/><T40/><D19/><U105/><E105/><V67/><F15/><W107/><G12/><T130/><D130/><U123/><E85/><V108/><F108/><W113/><G113/><T9/><D87/><U51/><E134/><V99/><F81/><W96/><G96/><T75/><D75/><U47/><E47/><V135/><F135/><W18/><G18/><T93/><D93/><U86/><E86/><V8/><F78/><W66/><G107/><T42/><D80/><U89/><E89/><V14/><F68/><W39/><G66/><N who="2" m="25129" /><F20/><N who="3" m="11311" /><G38/><T83/><D83/><U4/><E120/><V71/><F26/><W25/><G24/><N who="0" m="18823" /><D82/><U22/><E121/><V92/><F92/><W128/><G128/><T52/><D42/><U72/><E72/><V21/><F21/><W110/><G110/><T23/><D23/><U43/><E123/><V98/><F98/><W45/><G45/><T48/><D60/><N who="2" m="23082" /><F71/><W131/><G131/><T54/><D40/><U77/><E43/><V122/><F122/><RYUUKYOKU ba="0,0" sc="494,15,146,-15,82,-15,278,15" hai0="2,6,9,10,46,48,50,52,54,58" hai3="0,7,11,25,32,36,39,91,95,97" /><INIT seed="2,1,0,2,4,133" ten="509,131,67,293" oya="2" hai0="13,124,20,119,108,40,111,101,112,121,90,100,92" hai1="34,73,65,52,79,2,132,56,84,27,60,21,10" hai2="44,25,39,97,109,61,96,114,35,14,127,122,104" hai3="78,51,131,32,9,80,130,28,126,74,50,71,47"/><V29/><F114/><W99/><G71/><T33/><D33/><U31/><E132/><V22/><F122/><W95/><G126/><T5/><D40/><U103/><E73/><V37/><F109/><W85/><G9/><T48/><D48/><U1/><E103/><V23/><F127/><W88/><G28/><T91/><D20/><U24/><E10/><V4/><F4/><W105/><G32/><T15/><D92/><U107/><E107/><V125/><F125/><W59/><G59/><T57/><D57/><U26/><E26/><V89/><F61/><W123/><G123/><T6/><D124/><U3/><E79/><V16/><F35/><W72/><G50/><T75/><D75/><U11/><E84/><V8/><F8/><W55/><G72/><T62/><D121/><U115/><E115/><V19/><F29/><W116/><G116/><T129/><D112/><U36/><E36/><V77/><F77/><W68/><G68/><T106/><D106/><U98/><E98/><V76/><F76/><W118/><G118/><T30/><D30/><U64/><E11/><V110/><F110/><W93/><G93/><T82/><D119/><U41/><E41/><V49/><F89/><W63/><G63/><T69/><D62/><U70/><E70/><V67/><F67/><W81/><G81/><T54/><D69/><U12/><E27/><V135/><F135/><W53/><G53/><T117/><D82/><U113/><E113/><V42/><REACH who="2" step="1"/><F104/><REACH who="2" ten="509,131,57,293" step="2"/><W7/><G7/><T58/><D117/><U87/><E34/><V46/><F46/><W0/><G0/><RYUUKYOKU ba="1,1" sc="509,-15,131,-15,57,15,293,15" hai2="14,16,19,22,23,25,37,39,42,44,49,96,97" hai3="47,51,55,74,78,80,85,88,95,99,105,130,131" /><INIT seed="2,2,1,5,2,58" ten="494,116,72,308" oya="2" hai0="16,10,119,91,19,114,48,87,37,84,47,99,57" hai1="53,86,85,126,110,1,111,33,55,32,25,31,73" hai2="35,98,18,121,61,78,29,108,88,74,65,71,30" hai3="82,94,92,104,28,23,22,81,3,133,38,24,66"/><V63/><F121/><W8/><G104/><T115/><D119/><U120/><E73/><V118/><F118/><W21/><G38/><T43/><D114/><U44/><E1/><V59/><F108/><N who="1" m="41513" /><E120/><V80/><F35/><N who="1" m="13385" /><E126/><V112/><F112/><W4/><G133/><T67/><D115/><U2/><E2/><V76/><F76/><W102/><G66/><T64/><D37/><U105/><E105/><V135/><F135/><W127/><G127/><T122/><D122/><U107/><E107/><V68/><F18/><N who="0" m="6698" /><D10/><U26/><E44/><V113/><F113/><W45/><G45/><T123/><D123/><U7/><E7/><V95/><F71/><W129/><G129/><T103/><D103/><U83/><E85/><N who="0" m="32841" /><D57/><U34/><E26/><V72/><F72/><W11/><G11/><T52/><D43/><U97/><E97/><V50/><F50/><W14/><G3/><T12/><D12/><U27/><E27/><V134/><F134/><W124/><G124/><T90/><D99/><U15/><E15/><V132/><F132/><W60/><G102/><T46/><D46/><U130/><E130/><V69/><F69/><W41/><G41/><T89/><AGARI ba="2,1" hai="47,48,52,64,67,89,90,91" m="32841,6698" machi="89" ten="30,4000,0" yaku="8,1,54,2" doraHai="58" who="0" fromWho="0" sc="494,56,116,-12,72,-22,308,-12" /><INIT seed="3,0,0,0,1,106" ten="550,104,50,296" oya="3" hai0="110,101,105,134,27,86,15,126,26,87,75,21,44" hai1="47,69,95,45,51,132,65,109,22,130,112,8,128" hai2="38,116,1,46,125,70,85,53,100,107,88,90,31" hai3="7,20,135,123,61,33,50,81,82,62,17,79,129"/><W39/><G39/><T41/><D110/><U59/><E109/><V122/><F116/><W93/><G33/><T76/><D101/><U40/><E132/><V63/><F1/><W77/><G123/><T115/><D105/><U113/><E8/><V25/><F122/><W12/><G135/><T127/><D115/><N who="1" m="44107" /><E95/><V32/><F125/><N who="0" m="47626" /><D15/><U9/><E9/><V13/><F13/><W119/><G119/><T16/><D26/><U80/><E80/><V102/><F107/><W3/><G129/><T52/><D52/><N who="1" m="32159" /><E22/><V92/><F90/><W54/><G3/><T19/><D44/><N who="1" m="16971" /><E40/><V94/><F94/><W121/><G7/><T120/><D41/><U133/><E133/><V99/><F99/><W108/><G108/><T111/><D120/><U67/><E67/><V11/><F11/><W4/><G4/><T73/><D76/><U84/><E84/><N who="0" m="32297" /><D134/><U89/><E89/><V34/><F34/><W124/><G124/><T5/><D5/><U117/><E117/><V10/><F10/><W6/><G6/><T24/><D111/><U96/><E96/><V66/><REACH who="2" step="1"/><F38/><REACH who="2" ten="550,104,40,296" step="2"/><W91/><G121/><T14/><D24/><U57/><E130/><V97/><F97/><N who="3" m="57535" /><G77/><T56/><D56/><U71/><E128/><V49/><AGARI ba="0,1" hai="25,31,32,46,49,53,63,66,70,85,88,92,100,102" machi="49" ten="30,7900,0" yaku="1,1,0,1,54,1,53,1" doraHai="106" doraHaiUra="64" who="2" fromWho="2" sc="550,-20,104,-20,40,89,296,-39" owari="530,63.0,84,-42.0,129,-27.0,257,6.0" /></mjloggm>