<mjloggm ver="2.3"><GO type="169" lobby="0"/><UN n0="%E5%BD%97%E6%98%9F%E5%85%A5%E3%83%92%E3%82%B3" n1="%E3%81%B5%E3%81%8B" n2="%E5%8F%A4%E6%9C%AC" n3="%E3%81%97%E3%82%87%E3%83%BC%E3%81%9F%E3%82%8D" dan="16,18,16,17" rate="2103.10,2247.06,2058.68,2140.75" sx="M,M,M,M"/><TAIKYOKU oya="0"/><INIT seed="0,0,0,1,0,101" ten="250,250,250,250" oya="0" hai0="129,58,59,17,41,126,110,77,36,96,49,93,124" hai1="9,22,19,61,112,91,0,107,127,113,53,84,69" hai2="132,39,40,122,125,31,33,63,57,32,87,52,105" hai3="102,83,60,89,5,35,94,47,121,95,18,72,27"/><T29/><D129/><U68/><E127/><N who="0" m="48681" /><D77/><U120/><E120/><V75/><F122/><W115/><G121/><T100/><D29/><U4/><E107/><V104/><F75/><W51/><G115/><N who="1" m="44106" /><E53/><V62/><F125/><W25/><G35/><T43/><D36/><U79/><E61/><V55/><F132/><W114/><G114/><T80/><D80/><N who="1" m="49543" /><E79/><V119/><F87/><N who="3" m="50431" /><G5/><T37/><D37/><U123/><E123/><V46/><F119/><W21/><G72/><T3/><D3/><U7/><E7/><V109/><F109/><W56/><G102/><T98/><D98/><U90/><E90/><V45/><F31/><W133/><G133/><T82/><D82/><U1/><E1/><V81/><F81/><W88/><G27/><AGARI ba="0,0" hai="0,4,9,19,22,27,68,69" m="49543,44106" machi="27" ten="30,1000,0" yaku="11,1" doraHai="101" who="1" fromWho="3" sc="250,0,250,10,250,0,250,-10" /><INIT seed="1,0,0,4,1,128" ten="250,260,250,240" oya="1" hai0="125,44,5,90,59,117,106,16,118,110,50,28,86" hai1="10,52,120,95,29,13,60,62,82,55,46,53,116" hai2="109,4,56,34,91,76,25,104,77,94,17,41,73" hai3="123,133,99,66,12,9,105,80,24,14,38,102,103"/><U30/><E116/><V39/><F104/><W87/><G123/><T35/><D106/><U107/><E120/><V119/><F119/><W74/><G74/><T6/><D110/><U127/><E107/><V79/><F73/><W1/><G103/><T33/><D125/><U19/><E127/><V121/><F121/><W85/><G38/><T108/><D108/><U57/><E82/><V98/><F109/><W0/><G14/><T11/><D28/><U130/><E130/><V100/><F4/><W126/><G126/><T114/><D114/><U70/><E70/><V122/><F122/><W68/><G87/><T26/><D59/><N who="1" m="34919" /><E95/><V134/><F39/><W88/><G24/><T63/><D63/><U83/><E83/><V131/><F131/><W58/><G58/><T65/><D65/><U84/><E84/><V7/><F56/><W2/><G66/><T115/><D115/><U72/><E72/><V67/><F67/><W22/><G22/><T64/><D64/><U135/><E135/><V112/><F134/><W71/><REACH who="3" step="1"/><G133/><REACH who="3" ten="250,260,250,230" step="2"/><T23/><D118/><U61/><E61/><V43/><F112/><W129/><G129/><T42/><D117/><U21/><E21/><V75/><F75/><W20/><G20/><T49/><D35/><U31/><E31/><V3/><F34/><W89/><G89/><T113/><D33/><U93/><E30/><V15/><F91/><W27/><G27/><T32/><D32/><U18/><E29/><V45/><F25/><W36/><G36/><N who="0" m="21575" /><D113/><U97/><E13/><V111/><F15/><W132/><G132/><T124/><D124/><RYUUKYOKU ba="0,1" sc="250,-10,260,-10,250,-10,230,30" hai3="0,1,2,9,12,68,71,80,85,88,99,102,105" /><INIT seed="2,1,1,2,4,66" ten="240,250,240,260" oya="2" hai0="69,15,27,125,126,75,52,87,130,134,61,118,99" hai1="25,55,109,62,31,67,22,114,21,111,85,119,19" hai2="33,0,6,14,116,77,37,74,20,43,128,113,53" hai3="123,57,40,29,45,56,80,108,79,78,104,133,120"/><V47/><F116/><W60/><G104/><T121/><D75/><U10/><E119/><V100/><F113/><W127/><G108/><N who="1" m="41546" /><E114/><V91/><F33/><W16/><G29/><T105/><D118/><U122/><E122/><V49/><F100/><W73/><G133/><T117/><D117/><U46/><E10/><N who="2" m="2375" /><F128/><W68/><G127/><T59/><D121/><U8/><E8/><V88/><F14/><W82/><G68/><T124/><D130/><U101/><E101/><V115/><F20/><W90/><G90/><T102/><D134/><U96/><E96/><V11/><F11/><W65/><G57/><T92/><D27/><U18/><E85/><V41/><F41/><W17/><G120/><T48/><D15/><U35/><E22/><V50/><F115/><W23/><G123/><T84/><REACH who="0" step="1"/><D105/><REACH who="0" ten="230,250,240,260" step="2"/><U4/><E25/><V13/><F13/><W76/><G73/><T81/><D81/><N who="3" m="31337" /><G23/><T112/><D112/><U36/><E21/><V12/><F12/><W132/><G132/><T94/><D94/><U54/><E4/><V1/><F1/><W93/><G93/><T44/><D44/><U58/><E46/><V110/><F110/><W98/><G98/><T9/><D9/><U135/><E135/><V86/><F74/><W129/><G129/><T71/><D71/><U7/><E7/><V106/><F106/><W107/><G107/><T34/><D34/><U70/><E35/><V28/><F47/><W51/><AGARI ba="1,2" hai="16,17,40,45,51,56,60,65,76,78,79" m="31337" machi="51" ten="30,2000,0" yaku="8,1,54,1" doraHai="66" who="3" fromWho="3" sc="230,-6,250,-6,240,-11,260,43" /><INIT seed="3,0,0,3,1,60" ten="224,244,229,303" oya="3" hai0="48,15,75,94,111,68,100,16,78,126,108,62,67" hai1="83,84,66,24,124,132,23,71,104,110,10,116,4" hai2="79,86,28,38,26,56,97,93,1,125,14,21,51" hai3="129,120,115,57,2,89,50,39,34,119,18,113,90"/><W96/><G119/><T20/><D126/><U109/><E104/><V122/><F125/><W3/><G120/><T41/><D75/><U27/><E124/><V22/><F38/><W105/><G39/><T127/><D78/><U135/><E116/><V77/><F1/><W42/><G34/><T117/><D127/><U46/><E46/><V80/><F122/><W11/><G129/><T128/><D128/><U107/><E107/><V6/><F51/><W65/><G42/><T106/><D117/><U0/><E71/><V12/><F56/><W70/><G70/><T35/><D35/><U102/><E102/><V30/><F79/><W121/><G121/><T36/><D106/><U55/><E55/><V53/><F53/><W44/><G44/><N who="0" m="25615" /><D36/><U5/><E66/><V81/><F80/><W9/><G105/><T99/><D94/><U91/><E5/><V52/><F52/><W130/><G130/><T69/><D99/><U54/><E54/><V45/><F45/><W74/><G74/><T72/><D72/><U37/><E27/><N who="2" m="16495" /><F6/><W59/><G50/><T101/><D100/><AGARI ba="0,0" hai="12,14,22,26,30,77,81,86,93,97,100" m="16495" machi="100" ten="30,1000,0" yaku="8,1" doraHai="60" who="2" fromWho="0" sc="224,-10,244,0,229,10,303,0" /><INIT seed="4,0,0,3,1,86" ten="214,244,239,303" oya="0" hai0="121,13,83,18,11,25,7,0,53,106,35,8,17" hai1="36,87,71,60,118,1,10,125,20,14,39,15,111" hai2="93,54,85,119,30,99,29,114,115,37,96,97,77" hai3="52,132,63,103,61,120,133,73,72,45,109,84,88"/><T34/><D106/><U22/><E111/><V82/><F37/><W9/><G109/><T42/><D42/><U64/><E118/><V104/><F119/><W59/><G103/><T76/><D121/><U32/><E32/><V56/><F104/><W78/><G78/><T27/><D53/><U123/><E123/><V135/><F93/><N who="3" m="54407" /><G120/><T134/><D134/><N who="3" m="51817" /><G9/><T89/><D89/><U33/><E33/><N who="0" m="12297" /><D83/><U100/><E100/><V12/><F135/><W75/><G45/><T79/><D79/><U28/><E125/><V94/><F94/><W69/><G69/><T116/><D76/><U95/><E20/><V131/><F12/><W70/><G70/><T128/><D116/><U81/><E14/><V23/><F23/><W91/><G91/><T102/><D102/><U110/><E110/><V112/><REACH who="2" step="1"/><F131/><REACH who="2" ten="214,244,229,303" step="2"/><W44/><G44/><T40/><D128/><U2/><E95/><V98/><N who="2" m="24576" /><DORA hai="129" /><V67/><F67/><W50/><AGARI ba="0,1" hai="50,52,59,61,63,72,73,75" m="51817,54407" machi="50" ten="40,12000,2" yaku="20,1,52,4,54,2" doraHai="86,129" who="3" fromWho="3" sc="214,-60,244,-30,229,-30,303,130" /><INIT seed="5,0,0,0,1,114" ten="154,214,199,433" oya="1" hai0="10,30,126,80,130,40,94,103,20,18,22,122,127" hai1="133,111,120,77,131,17,109,45,89,69,36,125,35" hai2="48,56,70,44,21,62,28,67,13,86,117,101,90" hai3="0,64,59,106,50,91,95,33,134,6,47,118,93"/><U92/><E120/><V135/><F101/><W49/><G106/><T83/><D122/><U65/><E35/><V102/><F102/><W112/><G112/><T19/><D130/><U39/><E131/><V85/><F135/><W32/><G134/><T16/><D40/><U4/><E133/><V128/><F128/><W66/><G0/><T108/><D108/><N who="1" m="41547" /><E125/><N who="0" m="47625" /><D30/><U41/><E4/><V5/><F70/><W116/><G6/><T25/><D10/><U132/><E132/><V100/><F100/><W105/><G59/><T98/><D19/><U96/><E77/><V7/><F7/><W129/><G129/><T71/><D71/><U119/><E119/><V46/><F117/><W58/><G58/><T29/><D29/><U23/><E65/><V14/><F5/><W73/><G91/><T97/><D97/><U2/><E2/><V113/><F90/><W88/><G88/><T54/><D54/><U31/><E31/><V121/><F121/><W1/><G1/><T74/><D74/><U68/><E39/><V55/><F113/><W78/><G78/><T42/><D42/><U24/><AGARI ba="0,0" hai="17,23,24,36,41,45,68,69,89,92,96" m="41547" machi="24" ten="30,1500,0" yaku="10,1" doraHai="114" who="1" fromWho="1" sc="154,-5,214,15,199,-5,433,-5" /><INIT seed="5,1,0,0,0,34" ten="149,229,194,428" oya="1" hai0="70,85,67,110,13,30,99,78,102,84,54,112,91" hai1="106,8,95,17,130,16,11,27,103,118,53,44,3" hai2="24,43,92,68,97,37,31,33,89,9,135,119,127" hai3="58,52,104,116,56,39,19,0,25,88,47,121,79"/><U83/><E118/><V100/><F119/><W66/><G116/><T49/><D110/><U65/><E106/><V69/><F127/><W42/><G121/><T71/><D112/><U107/><E107/><V80/><F135/><W14/><G104/><T131/><D131/><U94/><E130/><V132/><F132/><W40/><G79/><T117/><D117/><U61/><E83/><V15/><F43/><W126/><G126/><T90/><D30/><U81/><E81/><V45/><F45/><W113/><G113/><T93/><D78/><U133/><E133/><V10/><F37/><W41/><G0/><T75/><D75/><U134/><E134/><V86/><REACH who="2" step="1"/><F9/><REACH who="2" ten="149,229,184,428" step="2"/><W123/><G39/><T108/><D108/><U5/><E11/><V87/><F87/><W46/><G123/><T125/><D125/><U64/><E44/><V20/><F20/><N who="3" m="13471" /><G47/><T1/><D85/><U114/><E114/><V59/><F59/><W51/><G66/><T4/><D67/><U129/><E129/><V28/><F28/><W12/><G56/><T101/><D71/><U73/><E64/><V96/><F96/><W18/><G58/><N who="0" m="33103" /><D70/><U38/><E38/><V57/><F57/><W7/><G46/><T6/><D1/><U36/><E36/><V26/><F26/><W122/><G122/><T55/><D55/><U50/><E27/><V21/><F21/><W74/><G42/><T111/><D111/><U63/><E65/><V76/><F76/><W32/><G52/><T77/><D77/><U109/><E53/><V48/><F48/><W29/><G41/><T23/><D84/><RYUUKYOKU ba="1,1" sc="149,-10,229,-10,184,30,428,-10" hai2="10,15,24,31,33,68,69,80,86,89,92,97,100" /><INIT seed="6,2,1,4,1,107" ten="139,219,214,418" oya="2" hai0="64,111,44,131,50,76,27,130,2,127,66,116,112" hai1="110,86,4,39,5,42,96,46,56,120,31,49,98" hai2="126,122,16,83,118,51,106,14,53,38,82,43,70" hai3="29,63,58,1,18,99,94,62,128,19,80,91,75"/><V34/><F34/><W129/><G1/><T119/><D2/><U10/><E110/><V23/><F122/><W59/><G29/><T132/><D76/><U36/><E120/><V20/><F118/><N who="0" m="45098" /><D27/><U6/><E31/><V123/><F70/><W103/><G59/><T71/><D111/><U97/><E10/><V11/><F123/><W24/><G63/><N who="0" m="40351" /><D112/><U72/><E72/><V113/><F126/><W121/><G121/><T13/><D13/><U79/><E56/><N who="2" m="32831" /><F38/><W17/><G24/><T102/><D102/><U87/><E36/><V105/><F105/><BYE who="2" /><W28/><G28/><T35/><D35/><U8/><E39/><V0/><F0/><W40/><G40/><N who="0" m="24839" /><D127/><U109/><E109/><V47/><F47/><W65/><G75/><T133/><D66/><U108/><E108/><V73/><F73/><W125/><G125/><T22/><D22/><U77/><E8/><V114/><F114/><W30/><G30/><T9/><D9/><U45/><E45/><V37/><F37/><W48/><G65/><T135/><AGARI ba="2,1" hai="130,131,132,133,135" m="24839,40351,45098" machi="135" ten="40,8000,1" yaku="20,1,12,1,34,2" doraHai="107" who="0" fromWho="0" sc="139,96,219,-22,214,-42,418,-22" /><INIT seed="7,0,0,3,3,14" ten="235,197,172,396" oya="3" hai0="19,118,109,84,18,1,120,42,81,116,78,85,52" hai1="133,8,121,119,38,17,50,28,9,64,54,56,83" hai2="96,132,74,2,29,37,108,69,40,68,36,117,16" hai3="53,61,30,94,39,95,32,124,107,47,87,5,59"/><W55/><G107/><T67/><D120/><U76/><E121/><V22/><F22/><W90/><G124/><T131/><D1/><U63/><E38/><V100/><F100/><W65/><G5/><T58/><D109/><U75/><E133/><V11/><F11/><W127/><G127/><T15/><D131/><U98/><E119/><V6/><F6/><W27/><G39/><T99/><D42/><U128/><E128/><V72/><F72/><W135/><G135/><T111/><D111/><U12/><E28/><V10/><F10/><W126/><G126/><T97/><D67/><U21/><REACH who="1" step="1"/><E98/><REACH who="1" ten="235,187,172,396" step="2"/><V25/><F25/><W106/><G106/><T23/><D99/><U24/><E24/><V44/><F44/><AGARI ba="0,1" hai="8,9,12,17,21,44,50,54,56,63,64,75,76,83" machi="44" ten="30,7700,0" yaku="1,1,7,1,52,1,53,1" doraHai="14" doraHaiUra="45" who="1" fromWho="2" sc="235,0,187,87,172,-77,396,0" owari="235,-16.0,274,7.0,95,-40.0,396,49.0" /></mjloggm>