<mjloggm ver="2.3"><GO type="169" lobby="0"/><UN n0="%CE%BC%E3%81%97%E3%82%82%E3%81%A7" n1="%59%61%6E%67%6E%75%6D" n2="%69%6E%61%7A%6F" n3="%E3%81%8B%E3%81%A5%E3%81%8D%EF%BC%B8%EF%BC%A9" dan="17,16,16,17" rate="2148.16,2179.69,2143.01,2124.86" sx="M,M,M,M"/><TAIKYOKU oya="0"/><INIT seed="0,0,0,0,0,120" ten="250,250,250,250" oya="0" hai0="109,134,92,124,108,76,3,112,94,135,9,75,11" hai1="17,88,74,85,53,129,81,65,28,13,25,20,115" hai2="69,57,70,10,118,105,89,91,97,0,99,87,62" hai3="35,130,6,126,122,51,21,29,84,26,82,49,98"/><T121/><D121/><U39/><E129/><V83/><F118/><W32/><G126/><T36/><D36/><U113/><E39/><V45/><F105/><W23/><G130/><T31/><D112/><U44/><E74/><V125/><F125/><W55/><G51/><T78/><D124/><U106/><E106/><V60/><F60/><W80/><G80/><T59/><D31/><U72/><E72/><V52/><F70/><W16/><G6/><T33/><D75/><U111/><E65/><V43/><F69/><W1/><G1/><T86/><D33/><U63/><E63/><V14/><F91/><W46/><G98/><T41/><D41/><U107/><E107/><V8/><F0/><W5/><G5/><T102/><D3/><U110/><E53/><V61/><F61/><W131/><G131/><T48/><D48/><U114/><E44/><V15/><F15/><W58/><G46/><T37/><D59/><U119/><E119/><V30/><F30/><W47/><G47/><T79/><D37/><U2/><E2/><V18/><F10/><AGARI ba="0,0" hai="10,13,17,20,25,28,81,85,88,110,111,113,114,115" machi="10" ten="40,8000,1" yaku="11,1,52,2,54,1" doraHai="120" who="1" fromWho="2" sc="250,0,250,80,250,-80,250,0" /><INIT seed="1,0,0,3,5,28" ten="250,330,170,250" oya="1" hai0="17,131,79,80,16,58,74,99,2,124,33,60,114" hai1="127,46,106,44,105,83,100,122,30,40,84,48,72" hai2="36,15,12,108,55,73,112,9,71,20,10,102,128" hai3="45,11,63,88,69,82,77,111,4,120,130,107,43"/><U62/><E122/><V113/><F73/><W38/><G111/><T93/><D114/><N who="2" m="44138" /><F36/><W67/><G130/><T90/><D33/><U25/><E72/><V26/><F71/><W96/><G120/><T95/><D2/><U94/><E127/><V78/><F78/><W98/><G107/><T1/><D1/><U109/><E109/><V21/><F55/><W103/><G103/><T115/><D115/><U19/><E62/><V123/><F102/><W101/><G88/><T5/><D5/><U125/><E125/><V89/><F89/><W7/><G7/><T24/><D124/><U86/><E86/><V22/><F108/><W104/><G98/><T50/><D131/><U54/><E94/><V23/><F128/><W117/><G4/><T118/><D118/><U13/><E100/><V31/><F123/><W34/><G11/><AGARI ba="0,0" hai="9,10,11,12,15,20,21,22,23,26,31" m="44138" machi="11" ten="30,3900,0" yaku="11,1,34,2" doraHai="28" who="2" fromWho="3" sc="250,0,330,0,170,39,250,-39" /><INIT seed="2,0,0,2,2,81" ten="250,330,209,211" oya="2" hai0="104,46,56,126,30,7,90,29,134,51,4,87,65" hai1="17,23,54,127,6,102,34,28,57,12,115,84,122" hai2="108,15,86,50,55,97,43,109,66,21,1,5,72" hai3="135,85,111,53,49,37,36,42,35,119,74,71,16"/><V8/><F72/><W19/><G74/><T9/><D104/><U100/><E127/><V14/><F43/><W91/><G35/><T39/><D39/><U93/><E115/><V67/><F97/><W78/><G71/><T11/><D126/><U20/><E34/><V112/><F112/><W40/><G119/><T128/><D128/><U75/><E75/><V3/><F3/><W70/><G111/><N who="2" m="42569" /><F21/><W77/><G70/><T64/><D134/><U106/><E106/><V47/><F86/><W94/><G135/><T58/><D46/><U110/><E122/><V120/><F120/><W107/><G107/><T2/><D51/><U69/><E69/><V130/><F130/><W26/><G37/><T83/><D58/><U32/><E32/><V18/><F18/><N who="3" m="6699" /><G36/><T52/><D65/><AGARI ba="0,0" hai="1,5,8,14,15,47,50,55,65,66,67" m="42569" machi="65" ten="30,2900,0" yaku="14,1,10,1" doraHai="81" who="2" fromWho="0" sc="250,-29,330,0,209,29,211,0" /><INIT seed="2,1,0,5,0,5" ten="221,330,238,211" oya="2" hai0="49,125,105,135,1,29,8,101,113,91,2,42,57" hai1="98,102,44,120,12,47,117,112,70,56,129,59,72" hai2="80,79,17,40,35,78,41,86,128,88,20,131,54" hai3="21,126,15,0,19,104,6,66,16,109,121,46,65"/><V22/><F35/><W133/><G104/><T123/><D123/><U3/><E112/><V37/><F22/><W77/><G121/><T127/><D113/><U14/><E117/><V55/><F131/><W52/><G109/><T4/><D135/><U51/><E70/><V108/><F108/><W33/><G33/><T81/><D29/><U114/><E3/><V10/><F128/><W61/><G133/><T115/><D115/><U43/><E72/><V38/><F38/><W28/><G28/><T45/><D1/><U119/><E119/><V68/><F68/><W75/><G19/><T26/><D26/><U118/><E129/><V111/><F111/><W124/><G77/><N who="2" m="29193" /><F37/><W110/><G75/><T83/><D57/><U122/><E114/><V69/><F69/><W48/><G110/><T71/><D71/><U34/><E34/><V93/><F80/><W11/><REACH who="3" step="1"/><G61/><REACH who="3" ten="221,330,238,201" step="2"/><T106/><D106/><U9/><E122/><V30/><F30/><W134/><G134/><T24/><D105/><U74/><E74/><V90/><F90/><W32/><G32/><T94/><D101/><U107/><E118/><V116/><F116/><W63/><G63/><T95/><D91/><U39/><E120/><V60/><F60/><W132/><G132/><T89/><D89/><U62/><E107/><V82/><F82/><W64/><AGARI ba="1,1" hai="0,6,11,15,16,21,46,48,52,64,65,66,124,126" machi="64" ten="30,8000,1" yaku="1,1,0,1,52,1,54,2,53,0" doraHai="5" doraHaiUra="36" who="3" fromWho="3" sc="221,-21,330,-21,238,-41,201,93" /><INIT seed="3,0,0,0,4,40" ten="200,309,197,294" oya="3" hai0="25,13,17,102,49,109,77,39,8,63,47,64,10" hai1="26,91,88,124,118,20,117,90,126,45,116,56,16" hai2="42,55,15,111,97,95,135,121,73,43,1,119,7" hai3="11,2,107,3,115,86,108,0,72,58,37,24,127"/><W134/><G72/><T122/><D122/><U106/><E106/><V9/><F119/><W33/><G107/><T129/><D129/><U94/><E56/><V71/><F73/><W53/><G37/><T83/><D109/><U18/><E18/><V60/><F111/><W96/><G96/><T30/><D39/><U44/><E94/><V57/><F135/><W114/><G108/><T12/><D102/><U50/><E50/><V98/><F71/><W21/><G86/><T99/><D99/><U4/><E4/><V79/><F79/><W123/><G123/><T70/><D25/><U113/><E113/><V89/><F121/><W105/><G105/><T75/><D30/><U29/><E29/><V66/><F1/><W67/><G67/><T68/><D68/><U74/><E74/><V92/><REACH who="2" step="1"/><F66/><REACH who="2" ten="200,309,187,294" step="2"/><W87/><G134/><T81/><D75/><U48/><E48/><V76/><F76/><W103/><G115/><T22/><D77/><U120/><E120/><V27/><F27/><W19/><G24/><T54/><REACH who="0" step="1"/><D8/><REACH who="0" ten="190,309,187,294" step="2"/><U28/><E28/><V5/><F5/><AGARI ba="0,2" hai="5,10,12,13,17,22,47,49,54,63,64,70,81,83" machi="5" ten="30,7700,0" yaku="1,1,2,1,7,1,52,1,53,0" doraHai="40" doraHaiUra="125" who="0" fromWho="2" sc="190,97,309,0,187,-77,294,0" /><INIT seed="4,0,0,5,1,109" ten="287,309,110,294" oya="0" hai0="95,29,71,11,127,34,106,9,75,103,117,72,94" hai1="126,81,113,27,77,79,111,24,47,65,128,124,62" hai2="98,134,90,74,56,35,5,121,67,69,108,4,0" hai3="49,20,31,55,61,19,84,28,53,36,42,82,119"/><T92/><D71/><U122/><E111/><V16/><F121/><W88/><G119/><T70/><D70/><U110/><E122/><V80/><F35/><W50/><G36/><T73/><D117/><U33/><E110/><V115/><F108/><W32/><G32/><T99/><D34/><U101/><E128/><V130/><F0/><W58/><G42/><T18/><D29/><N who="3" m="11337" /><G55/><T68/><D68/><U44/><E33/><V135/><F69/><W10/><G10/><T114/><D127/><U89/><E101/><V87/><F130/><W51/><G61/><T57/><D57/><U123/><E123/><V12/><F74/><W26/><AGARI ba="0,0" hai="19,20,26,49,50,51,53,58,82,84,88" m="11337" machi="26" ten="30,2000,0" yaku="8,1,54,1" doraHai="109" who="3" fromWho="3" sc="287,-10,309,-5,110,-5,294,20" /><INIT seed="5,0,0,3,0,4" ten="277,304,105,314" oya="1" hai0="58,63,49,35,68,91,24,84,15,87,8,77,70" hai1="80,83,39,73,55,28,25,132,110,85,59,48,42" hai2="11,54,26,66,78,44,75,112,130,115,38,121,81" hai3="45,128,119,116,129,126,106,69,18,32,102,31,118"/><U47/><E132/><V133/><F121/><W40/><G69/><T9/><D77/><U20/><E110/><V21/><F133/><W76/><G76/><T46/><D70/><U61/><E73/><V109/><F66/><W98/><G18/><T111/><D68/><U107/><E107/><V120/><F120/><W51/><G126/><T53/><D111/><U125/><E125/><V95/><F95/><W65/><G65/><T5/><D35/><U14/><E85/><V41/><F109/><W34/><G31/><T86/><D24/><U71/><E14/><V124/><F54/><W30/><G30/><T2/><D91/><U29/><E29/><V17/><F124/><W96/><G96/><T100/><D100/><U52/><REACH who="1" step="1"/><E71/><REACH who="1" ten="277,294,105,314" step="2"/><V135/><F135/><W62/><G62/><T0/><D0/><U7/><E7/><V57/><F130/><AGARI ba="0,1" hai="32,34,40,45,51,98,102,106,116,118,119,128,129,130" machi="130" ten="50,3200,0" yaku="12,1,19,1" doraHai="4" who="3" fromWho="2" sc="277,0,294,0,105,-32,314,42" /><INIT seed="6,0,0,2,1,62" ten="277,294,73,356" oya="2" hai0="53,55,85,41,70,14,12,71,64,13,101,120,108" hai1="11,60,75,45,80,111,23,36,130,93,0,127,78" hai2="59,134,86,92,83,94,125,3,32,115,82,43,33" hai3="117,17,110,107,95,103,27,67,84,129,104,5,9"/><V30/><F3/><W54/><G110/><T123/><D108/><U26/><E130/><V133/><F43/><W16/><G117/><T1/><D1/><U66/><E127/><V89/><F125/><W29/><G54/><N who="0" m="20491" /><D101/><U114/><E114/><V19/><F115/><W49/><G49/><T37/><D85/><U81/><E81/><V113/><F113/><W8/><G8/><T112/><D112/><U18/><E111/><V50/><F50/><W124/><G124/><T118/><D118/><U122/><E122/><V116/><F116/><W132/><G132/><N who="2" m="50793" /><F83/><W51/><G51/><T105/><D105/><U15/><E93/><N who="2" m="35947" /><F30/><W57/><G107/><T102/><D102/><U31/><E0/><V25/><F59/><W42/><G104/><T79/><D79/><U109/><E109/><V63/><F63/><N who="3" m="38383" /><G129/><T40/><D37/><U10/><E36/><V39/><F39/><W6/><G42/><N who="0" m="16491" /><D71/><U58/><E45/><V106/><F106/><W90/><G103/><T96/><D96/><U131/><REACH who="1" step="1"/><E131/><REACH who="1" ten="277,284,73,356" step="2"/><V74/><F74/><W69/><G95/><T88/><D123/><U34/><AGARI ba="0,1" hai="10,11,15,18,23,26,31,34,58,60,66,75,78,80" machi="34" ten="20,8000,1" yaku="1,1,2,1,0,1,7,1,52,1,53,0" doraHai="62" doraHaiUra="97" who="1" fromWho="1" sc="277,-20,284,90,73,-40,356,-20" /><INIT seed="7,0,0,5,0,124" ten="257,374,33,336" oya="3" hai0="89,51,5,37,3,41,118,70,91,17,11,63,77" hai1="69,32,81,6,46,111,131,67,134,34,127,47,42" hai2="40,82,53,8,24,103,102,76,9,93,29,135,73" hai3="129,38,120,44,10,109,57,56,96,45,110,78,2"/><W74/><G120/><T105/><D118/><U114/><E111/><N who="3" m="42506" /><G96/><T85/><D105/><U86/><E127/><V123/><F123/><W49/><G129/><T125/><D125/><U100/><E131/><V87/><F135/><W58/><G78/><T122/><D122/><U55/><E134/><V64/><F40/><N who="3" m="22551" /><G74/><T61/><D37/><U97/><E114/><V106/><F102/><W54/><G10/><T104/><D104/><U18/><E6/><V113/><F113/><W68/><G2/><T132/><D132/><U27/><E55/><V107/><F53/><N who="3" m="29871" /><G68/><T115/><D70/><U20/><E47/><V128/><F128/><W33/><G33/><T28/><D115/><U48/><E69/><V126/><F126/><W39/><G39/><T112/><D112/><U0/><E0/><V12/><F9/><W16/><G16/><T130/><D130/><U65/><E34/><V121/><F121/><W80/><G80/><T133/><D133/><U15/><E27/><V95/><F73/><W36/><G36/><T117/><D117/><U52/><E32/><N who="2" m="20519" /><F8/><W43/><G43/><T92/><D3/><U101/><E42/><V25/><F103/><N who="1" m="39497" /><E97/><V62/><F12/><W13/><G13/><T30/><D5/><U23/><E23/><V31/><F106/><W75/><G75/><T1/><D1/><U50/><E50/><AGARI ba="0,0" hai="50,54,56,57,58" m="29871,22551,42506" machi="50" ten="30,5800,0" yaku="10,1,34,2" doraHai="124" who="3" fromWho="1" sc="257,0,374,-58,33,0,336,58" owari="257,-14.0,316,12.0,33,-47.0,394,49.0" /></mjloggm>