<mjloggm ver="2.3"><GO type="169" lobby="0"/><UN n0="%E3%83%AD%E3%83%83%E3%82%BD" n1="%E3%81%8B%E3%81%8D%E9%86%A4%E6%B2%B9" n2="%E3%81%94%E3%81%AB%E3%82%87" n3="%74%61%63%6F%73" dan="17,16,17,17" rate="2144.78,2090.65,2175.81,2141.25" sx="F,M,M,F"/><TAIKYOKU oya="0"/><INIT seed="0,0,0,3,0,39" ten="250,250,250,250" oya="0" hai0="16,51,66,125,114,87,26,42,0,6,91,37,43" hai1="56,130,103,50,57,75,74,46,34,107,54,135,64" hai2="17,99,60,61,13,7,27,69,90,118,133,21,122" hai3="77,59,96,9,121,116,97,115,29,131,79,106,48"/><T124/><D37/><U71/><E34/><V73/><F122/><W105/><G116/><T110/><D114/><U109/><E103/><V4/><F133/><W112/><G29/><T25/><D66/><U15/><E107/><V70/><F73/><W52/><G121/><T19/><D110/><U31/><E31/><V40/><F118/><W24/><G131/><T1/><D51/><U102/><E102/><V20/><F70/><W104/><G24/><T85/><D91/><U117/><E75/><V58/><F69/><W12/><G112/><T33/><D6/><U32/><E32/><AGARI ba="0,0" hai="0,1,16,19,25,26,32,33,42,43,85,87,124,125" machi="32" ten="25,12000,1" yaku="22,2,52,2,54,1" doraHai="39" who="0" fromWho="1" sc="250,120,250,-120,250,0,250,0" /><INIT seed="0,1,0,0,3,105" ten="370,130,250,250" oya="0" hai0="1,18,111,83,127,100,84,82,61,51,92,115,10" hai1="47,76,94,132,35,104,122,9,41,117,56,85,38" hai2="98,11,68,2,77,70,62,110,106,60,135,112,37" hai3="130,69,78,17,32,118,34,120,49,29,95,28,129"/><T93/><D115/><U26/><E104/><V64/><F112/><W116/><G69/><T55/><D127/><U113/><E113/><V124/><F135/><W131/><G78/><T126/><D126/><U36/><E122/><V39/><F124/><W65/><G65/><T86/><D61/><U46/><E117/><N who="3" m="45162" /><G95/><T67/><D67/><U24/><E35/><N who="3" m="13354" /><G49/><T53/><D1/><U6/><E132/><V133/><F133/><W5/><G120/><T33/><D33/><U91/><E76/><V57/><F57/><W96/><G96/><T81/><D111/><U80/><E94/><V66/><F77/><W74/><G74/><T123/><D123/><U48/><E56/><V44/><F44/><W87/><G87/><T108/><D108/><U125/><E125/><V121/><F110/><W107/><G107/><T42/><D42/><U54/><E38/><V27/><F121/><W99/><G99/><T15/><D55/><U88/><E91/><V19/><F98/><W4/><G17/><T30/><D100/><U59/><E47/><V128/><F106/><W63/><G63/><T40/><D40/><U21/><E36/><V45/><F45/><W50/><G50/><T71/><D71/><U31/><E41/><V16/><F37/><W14/><G14/><T7/><D18/><N who="2" m="6698" /><F39/><W134/><G134/><T13/><D13/><N who="1" m="5303" /><E46/><V12/><F12/><W73/><G73/><T89/><D93/><U109/><E109/><V0/><F70/><W58/><G58/><N who="0" m="33087" /><D30/><AGARI ba="1,0" hai="4,5,28,29,30,129,130,131" m="13354,45162" machi="30" ten="40,8000,1" yaku="28,2,19,1,34,2" doraHai="105" who="3" fromWho="0" sc="370,-83,130,0,250,0,250,83" /><INIT seed="1,0,0,0,2,71" ten="287,130,250,333" oya="1" hai0="14,40,25,133,86,129,89,134,101,19,94,90,99" hai1="53,31,68,108,103,46,105,61,57,117,135,120,75" hai2="121,38,59,131,0,114,45,83,58,110,11,124,119" hai3="93,50,113,32,15,30,102,95,2,73,122,49,88"/><U56/><E75/><V109/><F83/><W10/><G2/><T24/><D40/><U28/><E68/><V41/><F11/><W126/><G113/><T47/><D129/><U96/><E120/><V5/><F5/><W79/><G122/><T7/><D7/><U23/><E117/><V60/><F0/><W63/><G126/><T48/><D134/><U82/><E82/><V107/><F107/><W115/><G115/><T13/><D13/><U104/><E104/><V35/><F35/><W130/><G130/><T4/><D4/><U92/><E105/><V34/><F34/><W22/><G32/><T6/><D6/><U111/><E135/><V128/><F114/><W65/><G102/><T80/><D90/><U106/><E106/><V17/><F17/><W85/><G93/><T33/><D33/><U76/><E76/><V67/><F121/><W69/><G79/><T12/><D12/><U9/><E9/><V66/><F119/><W39/><G39/><T27/><D133/><U62/><E46/><V87/><F87/><W51/><G73/><T112/><D112/><U36/><E36/><V78/><F78/><W116/><G116/><T8/><REACH who="0" step="1"/><D27/><REACH who="0" ten="277,130,250,333" step="2"/><U44/><E111/><N who="2" m="42507" /><F124/><W123/><G123/><T70/><D70/><U132/><E132/><V77/><F77/><W20/><G15/><T127/><D127/><U100/><E108/><V81/><F81/><W16/><G69/><T52/><AGARI ba="0,1" hai="8,14,19,24,25,47,48,52,80,86,89,94,99,101" machi="52" ten="20,12000,2" yaku="1,1,0,1,7,1,25,2,8,1,54,1,53,0" doraHai="71" doraHaiUra="1" who="0" fromWho="0" sc="277,130,130,-60,250,-30,333,-30" /><INIT seed="2,0,0,4,2,27" ten="407,70,220,303" oya="2" hai0="51,114,74,126,7,12,53,73,14,101,88,58,131" hai1="32,128,8,123,4,130,76,121,23,90,100,81,117" hai2="135,20,64,56,36,108,16,31,45,40,39,71,42" hai3="106,47,70,82,77,10,25,49,54,110,68,129,83"/><V63/><F135/><W19/><G106/><T46/><D114/><U2/><E100/><V75/><F75/><W9/><G110/><T1/><D1/><U44/><E90/><V24/><F108/><W107/><G107/><T103/><D131/><N who="1" m="50219" /><E44/><V29/><REACH who="2" step="1"/><F56/><REACH who="2" ten="407,70,210,303" step="2"/><W102/><G129/><T13/><D74/><U38/><E117/><V93/><F93/><W112/><G68/><T26/><D73/><U57/><E57/><V18/><F18/><W133/><G70/><T62/><D58/><U113/><E113/><V37/><F37/><W98/><G133/><T125/><D7/><U105/><E38/><V87/><F87/><W111/><G111/><T69/><D69/><U30/><E105/><V89/><F89/><W97/><G112/><T41/><D88/><U21/><E123/><V127/><F127/><W55/><G19/><T22/><D126/><U33/><E121/><V52/><F52/><W34/><G55/><T92/><D92/><U61/><E81/><V116/><F116/><W94/><G83/><T109/><D109/><U11/><E76/><V0/><F0/><W60/><G82/><T132/><D132/><U5/><E2/><V91/><F91/><W99/><G77/><T85/><D85/><U115/><E115/><V50/><F50/><W119/><G119/><T96/><D125/><U72/><E72/><V43/><F43/><W124/><G124/><T95/><D53/><U15/><E4/><V6/><F6/><W104/><G94/><T17/><D62/><U120/><E61/><V65/><F65/><W59/><G60/><T66/><D66/><RYUUKYOKU ba="0,1" sc="407,15,70,-15,210,15,303,-15" hai0="12,13,14,17,22,26,41,46,51,95,96,101,103" hai2="16,20,24,29,31,36,39,40,42,45,63,64,71" /><INIT seed="2,1,1,3,4,101" ten="422,55,225,288" oya="2" hai0="85,69,65,33,58,37,30,135,106,43,134,27,124" hai1="64,32,88,86,46,108,4,128,116,49,28,92,13" hai2="47,20,67,126,123,113,78,55,95,63,14,51,12" hai3="48,72,100,81,96,59,44,121,34,133,40,0,130"/><V56/><F113/><W129/><G121/><T103/><D58/><U122/><E116/><V9/><F123/><W97/><G0/><T112/><D112/><U29/><E122/><V5/><F126/><W105/><G133/><N who="0" m="50699" /><D85/><U107/><E32/><V22/><F78/><W54/><G34/><T93/><D93/><U74/><E74/><V18/><REACH who="2" step="1"/><F95/><REACH who="2" ten="422,55,215,288" step="2"/><W118/><G118/><T36/><D124/><U52/><E128/><V115/><F115/><W15/><G130/><T25/><D25/><U42/><E108/><V79/><F79/><W16/><G129/><T119/><D119/><U39/><E107/><V21/><AGARI ba="1,2" hai="5,9,12,14,18,20,21,22,47,51,55,56,63,67" machi="21" ten="20,7800,0" yaku="1,1,0,1,7,1,8,1,53,0" doraHai="101" doraHaiUra="73" who="2" fromWho="2" sc="422,-27,55,-27,215,101,288,-27" /><INIT seed="2,2,0,0,0,33" ten="395,28,316,261" oya="2" hai0="105,60,113,39,46,82,29,49,120,8,13,71,22" hai1="37,36,0,118,96,94,121,108,69,24,70,93,59" hai2="114,66,107,65,123,104,128,47,63,126,89,98,44" hai3="133,40,48,32,25,28,16,116,27,11,80,109,34"/><V20/><F123/><W85/><G116/><T106/><D120/><U42/><E121/><V19/><F114/><W90/><G109/><T1/><D113/><U100/><E118/><V132/><F128/><W38/><G133/><T101/><D39/><U62/><E108/><V17/><F132/><W68/><G68/><T125/><D125/><U9/><E94/><N who="2" m="56655" /><F107/><W110/><G110/><T5/><D101/><U3/><E9/><V134/><F104/><W50/><G38/><T64/><D82/><U35/><E37/><V74/><F74/><W43/><G43/><T12/><D12/><U87/><E87/><V56/><F126/><W130/><G130/><T81/><D81/><U73/><E73/><V31/><F31/><W127/><G127/><T4/><D5/><U45/><E70/><V26/><F134/><W72/><G72/><T57/><D71/><U119/><E119/><V41/><F66/><W75/><G75/><T15/><D15/><U97/><E97/><V6/><F6/><W129/><G40/><T111/><D111/><U95/><E95/><V2/><F2/><W84/><G129/><T52/><REACH who="0" step="1"/><D29/><REACH who="0" ten="385,28,316,261" step="2"/><U14/><E14/><N who="2" m="9271" /><F41/><W122/><G122/><T30/><D30/><U77/><E69/><V88/><F26/><W21/><G32/><T10/><D10/><U58/><E35/><V61/><F19/><AGARI ba="2,1" hai="1,4,8,13,19,22,46,49,52,57,60,64,105,106" machi="19" ten="40,5200,0" yaku="1,1,52,1,54,1,53,0" doraHai="33" doraHaiUra="117" who="0" fromWho="2" sc="385,68,28,0,316,-58,261,0" /><INIT seed="3,0,0,3,3,40" ten="453,28,258,261" oya="3" hai0="99,10,123,13,92,68,134,121,110,1,20,105,55" hai1="116,115,70,73,34,103,98,7,62,5,45,113,47" hai2="0,41,59,52,56,15,114,64,124,88,83,33,29" hai3="53,77,14,46,128,44,108,72,94,19,48,11,51"/><W16/><G128/><T120/><D68/><U61/><E34/><V32/><F114/><W69/><G69/><T96/><D105/><U106/><E73/><V37/><F0/><W39/><G39/><T76/><D76/><U132/><E132/><V4/><F124/><W91/><G108/><T101/><D1/><U3/><E116/><V135/><F135/><W66/><G66/><T27/><D99/><U75/><E75/><V100/><F100/><W119/><G119/><T84/><D84/><U60/><E70/><V36/><F59/><W74/><G77/><T111/><D55/><U26/><E26/><V93/><F83/><W63/><G63/><T23/><D134/><U90/><E90/><V67/><F36/><W102/><G102/><T81/><D81/><U78/><E78/><V21/><F4/><W130/><G19/><N who="0" m="8631" /><D27/><U129/><E129/><V50/><F41/><W104/><G104/><T71/><D71/><U58/><E3/><V22/><F37/><W86/><G130/><T54/><D54/><AGARI ba="0,0" hai="11,14,16,44,46,48,51,53,54,72,74,86,91,94" machi="54" ten="30,12000,1" yaku="7,1,9,1,52,2,54,1" doraHai="40" who="3" fromWho="0" sc="453,-120,28,0,258,0,261,120" /><INIT seed="3,1,0,2,3,35" ten="333,28,258,381" oya="3" hai0="33,84,88,80,133,58,25,102,67,128,94,32,16" hai1="23,134,101,12,27,103,89,98,131,87,57,10,0" hai2="46,62,123,111,37,135,19,78,126,96,77,116,9" hai3="118,76,69,4,100,63,7,99,48,30,107,5,108"/><W13/><G118/><T28/><D133/><U50/><E131/><V29/><F116/><W11/><G108/><T17/><D128/><U55/><E134/><V40/><F135/><W109/><G109/><T74/><D33/><U8/><E0/><V34/><F126/><W72/><G48/><T15/><D102/><U119/><E119/><V64/><F123/><W91/><G91/><T60/><REACH who="0" step="1"/><D15/><REACH who="0" ten="323,28,258,381" step="2"/><U39/><E12/><V79/><F111/><W26/><G13/><T112/><D112/><U3/><E103/><V31/><F34/><W121/><G121/><T82/><D82/><U51/><E3/><V54/><F9/><W71/><G11/><T14/><D14/><U122/><E122/><V49/><F19/><W41/><G100/><T85/><D85/><U20/><E20/><V2/><F96/><W95/><G99/><T47/><D47/><U52/><E98/><V105/><F105/><W70/><G107/><T36/><D36/><U22/><E39/><V115/><F115/><W68/><G4/><T81/><D81/><N who="1" m="49391" /><E101/><V125/><F125/><W21/><G5/><T45/><D45/><N who="1" m="27727" /><E22/><V127/><F127/><W75/><G7/><T43/><D43/><U90/><E90/><V44/><F2/><W61/><G41/><T132/><D132/><U42/><E42/><V93/><F93/><W6/><G6/><T73/><D73/><N who="3" m="28233" /><G95/><T24/><D24/><U120/><E120/><V113/><F113/><W129/><G129/><T130/><D130/><U86/><E86/><V124/><F124/><W97/><N who="3" m="17408" /><DORA hai="106" /><W53/><G97/><T83/><D83/><RYUUKYOKU ba="1,1" sc="323,10,28,10,258,10,381,-30" hai0="16,17,25,28,32,58,60,67,74,80,84,88,94" hai1="8,10,23,27,51,55,57" hai2="29,31,37,40,44,46,49,54,62,64,77,78,79" /><INIT seed="4,2,1,4,0,79" ten="333,38,268,351" oya="0" hai0="116,61,77,41,32,39,107,43,24,54,68,118,80" hai1="20,59,5,25,28,74,67,48,1,135,62,23,49" hai2="29,63,91,9,104,81,129,122,78,60,65,4,85" hai3="64,66,93,119,12,22,0,99,52,133,126,69,10"/><T37/><D107/><U100/><E74/><V44/><F129/><W90/><G119/><T121/><D121/><U98/><E135/><V35/><F122/><W50/><G133/><T46/><D32/><U112/><E112/><V42/><F104/><W127/><G0/><T110/><D24/><U17/><E5/><V6/><F6/><W108/><G108/><T82/><D110/><U88/><E1/><V117/><F117/><W86/><G22/><T40/><D40/><U3/><E3/><V16/><F4/><W97/><G69/><T132/><D132/><U123/><E123/><V14/><F35/><W2/><G2/><T36/><D43/><U51/><E88/><V87/><F65/><N who="3" m="25195" /><G127/><T105/><D105/><U8/><E8/><V45/><F29/><W58/><G126/><T75/><D68/><U56/><E56/><V34/><F34/><W106/><G106/><T113/><D113/><U94/><E23/><V103/><F103/><W71/><G71/><T89/><D118/><U53/><REACH who="1" step="1"/><E17/><AGARI ba="2,1" hai="10,12,17,50,52,58,86,90,93,97,99" m="25195" machi="17" ten="30,2000,0" yaku="8,1,54,1" doraHai="79" who="3" fromWho="1" sc="333,0,38,-26,268,0,351,36" /><INIT seed="5,0,0,0,2,14" ten="333,12,268,387" oya="1" hai0="92,103,10,60,62,36,83,4,53,58,49,123,76" hai1="38,48,121,71,26,80,32,17,72,50,47,86,8" hai2="84,55,67,89,113,119,7,29,13,112,102,74,5" hai3="2,115,93,18,21,63,45,126,98,127,132,109,78"/><U105/><E121/><V15/><F74/><W30/><G109/><T125/><D36/><U110/><E105/><V44/><F119/><W9/><G115/><N who="2" m="44105" /><F102/><W114/><G114/><T94/><D125/><N who="3" m="47625" /><G78/><T108/><D108/><U77/><E71/><V59/><F29/><W33/><G132/><T54/><D123/><U37/><E110/><V122/><F44/><W34/><G63/><T27/><D27/><U96/><E96/><V85/><F67/><W66/><G66/><T19/><D103/><U42/><E32/><V95/><F85/><W25/><G45/><T65/><D19/><U111/><E111/><V133/><F133/><W51/><G51/><T6/><D62/><U1/><E86/><V79/><F79/><W106/><G106/><T104/><D104/><U22/><E38/><V129/><F129/><W3/><G30/><T107/><D107/><U40/><E40/><V23/><F13/><W12/><G2/><T41/><D41/><U31/><E31/><V87/><F84/><W97/><G3/><T81/><D54/><U88/><E88/><V99/><F99/><W24/><G97/><T52/><D53/><U43/><E43/><V39/><F39/><W64/><G64/><T16/><D76/><U68/><E68/><V120/><F120/><W134/><G134/><T61/><D65/><U75/><E75/><V46/><F122/><W82/><G25/><T100/><D100/><U124/><E124/><V101/><F101/><N who="3" m="60623" /><G82/><T91/><D83/><U69/><E69/><V57/><F95/><N who="0" m="36394" /><D81/><U135/><E135/><V11/><F87/><W131/><G131/><RYUUKYOKU ba="0,0" sc="333,-15,12,15,268,-15,387,15" hai1="1,8,17,22,26,37,42,47,48,50,72,77,80" hai3="9,12,18,21,24,33,34" /><INIT seed="5,1,0,4,5,59" ten="318,27,253,402" oya="1" hai0="18,14,74,8,88,0,70,35,50,119,64,109,36" hai1="24,116,102,127,43,101,9,63,75,123,103,107,80" hai2="106,1,22,97,83,112,21,4,40,23,46,76,132" hai3="58,25,5,49,105,87,33,135,90,122,27,17,73"/><U48/><E123/><V41/><F132/><W62/><G73/><T61/><D119/><U113/><E116/><V134/><F134/><W93/><G105/><T121/><D109/><U104/><E113/><V99/><F41/><W26/><G122/><T100/><D121/><U53/><E127/><V118/><F106/><W84/><G33/><T11/><D36/><U32/><E43/><V110/><F110/><W125/><G5/><T114/><D114/><U71/><E9/><N who="2" m="2191" /><F118/><W6/><G6/><T86/><D74/><U85/><E75/><N who="2" m="43423" /><F112/><W96/><G125/><T68/><D35/><U51/><E51/><V94/><F94/><W30/><G30/><T72/><D72/><U128/><E128/><V129/><F129/><W38/><G135/><T131/><D131/><U56/><E24/><V20/><F20/><W39/><G49/><T55/><D100/><U2/><E2/><V57/><F57/><W47/><G47/><N who="0" m="28127" /><D11/><U13/><E13/><V19/><F19/><W117/><G117/><T16/><D18/><U82/><E32/><V42/><F42/><W124/><G17/><T78/><D78/><U65/><REACH who="1" step="1"/><E80/><REACH who="1" ten="318,17,253,402" step="2"/><V98/><F23/><W89/><G124/><T60/><D0/><U77/><AGARI ba="1,1" hai="48,53,56,63,65,71,77,82,85,101,102,103,104,107" machi="77" ten="30,11700,0" yaku="1,1,2,1,0,1,52,1,53,0" doraHai="59" doraHaiUra="10" who="1" fromWho="1" sc="318,-40,17,130,253,-40,402,-40" /><INIT seed="5,2,0,2,2,103" ten="278,147,213,362" oya="1" hai0="39,56,92,68,131,130,97,113,54,78,94,79,30" hai1="127,126,51,123,80,33,114,98,122,108,4,37,90" hai2="116,38,120,3,8,40,104,118,112,76,26,89,6" hai3="82,77,10,32,31,124,0,58,81,59,95,48,106"/><U121/><E37/><V63/><F120/><W55/><G124/><N who="1" m="47658" /><E33/><V43/><F112/><W20/><G32/><T109/><D109/><U18/><E4/><V133/><F133/><W132/><G132/><T11/><D39/><U66/><E66/><V125/><F125/><W17/><G106/><T73/><D68/><U49/><E18/><V128/><F104/><W27/><G95/><T119/><D30/><U25/><E25/><V99/><F43/><W12/><G0/><T50/><D119/><U86/><E114/><V1/><F63/><W62/><G77/><T115/><D79/><U34/><E34/><V21/><F76/><W107/><G107/><T60/><D11/><U13/><E13/><V42/><F42/><W36/><G36/><T44/><D78/><N who="1" m="46359" /><E108/><V57/><F1/><W70/><G70/><T7/><D7/><U53/><E53/><AGARI ba="2,0" hai="10,12,17,20,27,31,48,53,55,58,59,62,81,82" machi="53" ten="30,2000,0" yaku="7,1,8,1" doraHai="103" who="3" fromWho="1" sc="278,0,147,-26,213,0,362,26" /><INIT seed="6,0,0,0,3,4" ten="278,121,213,388" oya="2" hai0="54,112,68,99,134,7,30,45,15,128,114,135,23" hai1="47,133,85,70,56,3,89,130,62,121,51,14,97" hai2="12,131,13,9,67,104,63,5,123,101,100,93,59" hai3="50,76,105,61,92,95,82,78,124,0,102,11,44"/><V26/><F131/><W108/><G108/><T42/><D68/><U39/><E3/><V19/><F123/><W86/><G124/><T75/><D75/><U81/><E39/><V55/><F104/><W10/><G0/><T83/><D83/><U58/><E70/><V119/><F119/><W74/><G61/><T79/><D79/><U126/><E130/><V103/><F26/><W66/><G66/><T98/><D54/><U53/><E126/><V129/><F129/><W94/><G105/><T73/><D73/><U52/><E133/><N who="0" m="50697" /><D128/><U6/><E121/><V32/><F32/><W22/><G102/><T117/><D117/><U33/><E33/><V41/><F41/><N who="3" m="24847" /><G74/><T107/><D30/><U120/><E120/><V109/><F109/><W116/><G116/><T57/><D57/><U132/><E132/><V118/><F118/><W28/><G78/><T29/><D29/><U80/><E80/><V38/><F38/><W25/><AGARI ba="0,0" hai="10,11,22,25,28,76,82,86,92,94,95" m="24847" machi="25" ten="30,4000,0" yaku="8,1,52,2" doraHai="4" who="3" fromWho="3" sc="278,-10,121,-10,213,-20,388,40" /><INIT seed="7,0,0,5,1,25" ten="268,111,193,428" oya="3" hai0="20,117,5,30,118,90,80,2,11,56,120,53,81" hai1="0,89,57,15,32,96,88,135,129,125,86,4,61" hai2="49,46,114,70,103,71,107,27,36,94,19,13,65" hai3="18,113,31,130,8,124,102,17,34,48,73,23,14"/><W84/><G73/><T38/><D38/><U111/><E111/><V28/><F36/><W52/><G113/><T40/><D40/><U82/><E0/><V39/><F39/><W41/><G34/><T50/><D120/><U69/><E69/><V45/><F107/><W54/><G102/><T98/><D81/><U24/><E125/><V64/><F114/><W22/><G130/><T92/><D80/><U121/><E121/><V29/><F45/><W104/><G104/><T76/><D76/><U109/><E109/><V43/><F70/><W55/><G84/><T66/><D66/><N who="2" m="25706" /><F27/><N who="3" m="16895" /><G124/><T35/><D35/><U16/><E129/><V3/><F3/><W112/><G112/><T63/><D50/><U123/><E123/><V100/><F100/><W51/><G41/><T132/><D132/><U122/><E122/><V74/><F74/><W47/><G47/><T62/><D62/><U126/><E126/><V12/><F12/><AGARI ba="0,0" hai="8,12,14,17,18,22,48,51,52,54,55" m="16895" machi="12" ten="30,5800,0" yaku="8,1,52,1,54,1" doraHai="25" who="3" fromWho="2" sc="268,0,111,0,193,-58,428,58" owari="268,7.0,111,-39.0,135,-26.0,486,58.0" /></mjloggm>