<mjloggm ver="2.3"><GO type="225" lobby="0"/><UN n0="%E8%A8%88%E7%AE%97%E6%A9%9F%E8%87%AA%E7%84%B6" n1="%70%69%6E%70%69%6E%36" n2="%E9%9F%93%E8%A1%9B%E9%9D%92" n3="%EF%BC%AE%EF%BC%AF%EF%BD%90%EF%BD%90%EF%BC%AF" dan="17,16,16,16" rate="2283.52,2181.74,2179.83,2091.90" sx="M,M,F,M"/><TAIKYOKU oya="0"/><INIT seed="0,0,0,1,0,50" ten="250,250,250,250" oya="0" hai0="59,24,90,46,123,108,57,32,48,130,37,119,94" hai1="110,42,34,89,62,112,60,20,75,99,7,28,133" hai2="97,17,125,35,0,79,38,56,100,69,127,87,101" hai3="120,121,49,44,71,74,96,83,10,5,12,78,88"/><T72/><D119/><U14/><E75/><V116/><F69/><W18/><G71/><T73/><D123/><U68/><E110/><V84/><F38/><W111/><G111/><T107/><D107/><U4/><E133/><V47/><F0/><W1/><G96/><T39/><D108/><U26/><E112/><V11/><F35/><W2/><G5/><T64/><D130/><U91/><E42/><V104/><F47/><W61/><G61/><T53/><D32/><U54/><E68/><V6/><F6/><W29/><G29/><T103/><D103/><U70/><E70/><V52/><F116/><W115/><G115/><T33/><D24/><U113/><E113/><V114/><F114/><W118/><G118/><T76/><D33/><U41/><E41/><V122/><F122/><N who="3" m="47211" /><G88/><T63/><D76/><U82/><E62/><V40/><F40/><AGARI ba="0,0" hai="1,2,10,12,18,40,44,49,74,78,83" m="47211" machi="40" ten="30,1000,0" yaku="13,1" doraHai="50" who="3" fromWho="2" sc="250,0,250,0,250,-10,250,10" /><INIT seed="1,0,0,3,1,117" ten="250,250,240,260" oya="1" hai0="120,80,54,134,1,105,3,72,56,45,118,100,35" hai1="68,22,85,132,44,116,75,18,17,101,60,109,89" hai2="12,122,111,73,42,19,40,96,58,133,48,77,113" hai3="128,49,86,61,107,4,129,87,13,0,115,114,21"/><U66/><E116/><V83/><F113/><W29/><G107/><T88/><D118/><U59/><E75/><V6/><F111/><W91/><G61/><T28/><D134/><U78/><E132/><V2/><F133/><W55/><G0/><T43/><D35/><U47/><E78/><V31/><F31/><W82/><G87/><T50/><D28/><U106/><E109/><V110/><F110/><W65/><G65/><T95/><D105/><U34/><E34/><V104/><F122/><W33/><G33/><T5/><D5/><U81/><E68/><V8/><F104/><W23/><G4/><T16/><D100/><U32/><E32/><V67/><F96/><W57/><G23/><T119/><D119/><U7/><E7/><V123/><F123/><W36/><G36/><T30/><D30/><U93/><E106/><V112/><F112/><W74/><G74/><T127/><D127/><U15/><REACH who="1" step="1"/><E18/><REACH who="1" ten="250,240,240,260" step="2"/><V98/><F77/><W76/><G76/><N who="0" m="44039" /><D16/><U46/><E46/><V71/><F73/><W24/><G114/><T25/><D120/><U51/><E51/><V124/><F48/><W79/><G115/><T131/><D50/><U39/><E39/><V20/><F71/><W126/><G126/><T97/><D45/><U121/><E121/><V125/><F124/><W38/><G38/><T63/><D1/><U37/><E37/><V84/><F125/><W62/><G79/><T41/><D3/><U53/><E53/><V108/><F108/><W135/><G135/><T26/><D131/><N who="3" m="50249" /><G49/><T70/><D70/><U90/><E90/><N who="2" m="51487" /><F98/><AGARI ba="0,1" hai="15,17,22,44,47,59,60,66,81,85,89,93,98,101" machi="98" ten="40,7700,0" yaku="1,1,8,1,53,1" doraHai="117" doraHaiUra="14" who="1" fromWho="2" sc="250,0,240,87,240,-77,260,0" /><BYE who="2" /><UN n2="%E9%9F%93%E8%A1%9B%E9%9D%92" /><INIT seed="1,1,0,5,1,115" ten="250,327,163,260" oya="1" hai0="109,19,127,30,73,5,94,68,126,78,15,41,103" hai1="34,83,132,40,16,57,95,6,67,20,123,45,107" hai2="23,74,118,27,56,60,124,22,102,81,25,99,62" hai3="54,122,89,116,71,7,48,125,72,47,117,100,12"/><U85/><E107/><V114/><F114/><W79/><G122/><T70/><D109/><U13/><E123/><V92/><F124/><N who="0" m="47658" /><D5/><U97/><E34/><V46/><F118/><N who="3" m="45675" /><G125/><T113/><D113/><U24/><E132/><V9/><F46/><W128/><G71/><T18/><D30/><U42/><E67/><V90/><F9/><N who="3" m="4159" /><G128/><T36/><D36/><U63/><E6/><V106/><F56/><W37/><G37/><T39/><D78/><U130/><E130/><V104/><F104/><W135/><G135/><T112/><D73/><U101/><E45/><V10/><F10/><W105/><G89/><T52/><D112/><U66/><REACH who="1" step="1"/><E13/><REACH who="1" ten="250,317,163,260" step="2"/><V87/><F106/><W86/><G105/><T129/><D15/><U44/><E44/><V3/><F3/><W17/><G47/><T26/><D129/><U84/><E84/><V50/><F74/><W33/><G86/><T2/><D2/><U88/><AGARI ba="1,1" hai="16,20,24,40,42,57,63,66,83,85,88,95,97,101" machi="88" ten="20,18000,2" yaku="1,1,0,1,7,1,8,1,54,2,53,0" doraHai="115" doraHaiUra="8" who="1" fromWho="1" sc="250,-61,317,193,163,-61,260,-61" /><INIT seed="1,2,0,5,0,43" ten="189,510,102,199" oya="1" hai0="32,93,132,85,120,109,5,80,39,110,112,63,74" hai1="91,127,47,29,134,86,92,78,103,42,41,96,2" hai2="73,48,105,79,54,60,100,45,61,40,72,122,12" hai3="104,124,97,18,108,119,35,36,19,59,13,44,49"/><U58/><E127/><V123/><F123/><W31/><G124/><T77/><D32/><U128/><E128/><V4/><F122/><W68/><G108/><N who="0" m="41579" /><D120/><U38/><E2/><V118/><F118/><W117/><G68/><T34/><D34/><U56/><E134/><V95/><F105/><W115/><G115/><T69/><D112/><U0/><E0/><V81/><F73/><W50/><G18/><T52/><D132/><U16/><E41/><V102/><F102/><W67/><G104/><T106/><D106/><U66/><E66/><V70/><F70/><W125/><G125/><T65/><D39/><U14/><E29/><V82/><F82/><W57/><G97/><T28/><D28/><U111/><E78/><V23/><F23/><W24/><G50/><T130/><D130/><U114/><E114/><V101/><F95/><W1/><G36/><T51/><D5/><U98/><E98/><V87/><F72/><W64/><G1/><T129/><D129/><U46/><E46/><V94/><F94/><W27/><G31/><T9/><D9/><U55/><E55/><V88/><F79/><W53/><G35/><T84/><D93/><N who="1" m="58767" /><E111/><V99/><F99/><W71/><G71/><T90/><D90/><U135/><E135/><V3/><F3/><W89/><G89/><T83/><D83/><U7/><E7/><V10/><F61/><N who="3" m="37935" /><G119/><T121/><D121/><U17/><E17/><V75/><REACH who="2" step="1"/><F75/><REACH who="2" ten="189,510,92,199" step="2"/><W11/><G117/><T116/><D116/><U8/><E92/><V126/><F126/><W76/><G76/><T6/><D6/><U62/><E62/><AGARI ba="2,1" hai="11,13,19,24,27,44,49,53,59,62,67" m="37935" machi="62" ten="30,3900,0" yaku="6,1,8,1,52,1" doraHai="43" who="3" fromWho="1" sc="189,0,510,-45,92,0,199,55" /><INIT seed="2,0,0,2,0,113" ten="189,465,92,254" oya="2" hai0="52,12,135,128,66,121,17,11,23,112,72,37,126" hai1="97,87,6,67,102,108,86,4,62,119,26,22,82" hai2="71,53,90,117,46,42,91,31,78,105,89,64,35" hai3="51,13,2,14,134,116,56,27,34,43,84,114,41"/><V106/><F117/><W45/><G116/><T94/><D112/><U81/><E119/><V76/><F53/><W130/><G114/><T33/><D33/><U115/><E115/><V73/><F35/><W0/><G134/><T18/><D37/><U61/><E108/><V58/><F71/><W104/><G130/><T9/><D72/><U92/><E86/><V32/><F32/><W3/><G104/><T132/><D66/><U8/><E8/><V16/><F31/><W77/><G56/><T93/><D121/><U49/><E49/><V88/><N who="2" m="22528" /><DORA hai="57" /><V127/><F127/><W24/><G84/><T75/><D75/><U129/><E129/><V79/><F73/><W1/><G77/><T40/><D40/><U74/><E74/><V120/><F120/><W7/><G0/><T110/><D110/><U39/><E39/><V118/><F118/><W133/><G133/><N who="0" m="51275" /><D128/><U111/><E111/><V124/><F124/><W103/><G103/><T21/><D126/><U54/><E54/><V125/><F125/><W68/><G68/><T15/><D52/><U70/><E62/><V60/><REACH who="2" step="1"/><F16/><REACH who="2" ten="189,465,82,254" step="2"/><W107/><G34/><T48/><D48/><AGARI ba="0,1" hai="42,46,48,58,60,64,76,78,79,105,106" m="22528" machi="48" ten="50,12000,1" yaku="1,1,2,1,52,1,54,1,53,0" doraHai="113,57" doraHaiUra="50,109" who="2" fromWho="0" sc="189,-120,465,0,82,130,254,0" /><INIT seed="2,1,0,2,5,24" ten="69,465,212,254" oya="2" hai0="104,20,135,95,26,116,53,80,129,35,47,36,22" hai1="124,131,121,54,61,72,34,76,93,10,55,33,120" hai2="32,109,1,114,123,16,66,82,101,86,68,106,5" hai3="57,45,81,3,119,94,49,7,39,43,30,11,79"/><V9/><F114/><W122/><G119/><T111/><D104/><U65/><E131/><V99/><F123/><N who="1" m="47177" /><E124/><V90/><F109/><W59/><G122/><T52/><D111/><U64/><E76/><V117/><F117/><W58/><G94/><T97/><D116/><U46/><E72/><V12/><F32/><N who="1" m="12393" /><E10/><V60/><REACH who="2" step="1"/><F1/><REACH who="2" ten="69,465,202,254" step="2"/><W112/><G112/><T115/><D115/><U71/><E64/><V28/><F28/><W134/><G134/><T21/><D135/><U41/><E93/><V78/><F78/><W73/><REACH who="3" step="1"/><G30/><REACH who="3" ten="69,465,202,244" step="2"/><T102/><D129/><U56/><E71/><V19/><AGARI ba="1,2" hai="5,9,12,16,19,60,66,68,82,86,90,99,101,106" machi="19" ten="30,6000,0" yaku="1,1,0,1,54,1,53,0" doraHai="24" doraHaiUra="29" who="2" fromWho="2" sc="69,-21,465,-21,202,83,244,-21" /><INIT seed="2,2,0,4,4,81" ten="48,444,285,223" oya="2" hai0="83,77,43,42,20,4,73,130,133,70,60,123,89" hai1="72,108,44,10,32,124,63,125,56,78,86,6,107" hai2="122,69,2,106,92,121,22,24,134,40,59,31,127" hai3="37,57,15,128,33,21,116,129,95,25,36,104,102"/><V110/><F106/><W80/><G116/><T66/><D123/><U114/><E107/><V47/><F69/><W118/><G118/><T7/><D133/><U49/><E108/><V87/><F2/><W13/><G104/><T16/><D130/><N who="3" m="50281" /><G57/><T11/><D4/><U103/><E32/><V23/><F134/><W99/><G80/><T54/><D54/><U98/><E72/><V0/><F0/><W28/><G33/><T48/><D48/><U50/><E114/><V79/><F127/><N who="1" m="48713" /><E86/><V109/><F59/><W12/><AGARI ba="2,0" hai="12,13,15,21,25,28,36,37,95,99,102" m="50281" machi="12" ten="30,1100,0" yaku="19,1" doraHai="81" who="3" fromWho="3" sc="48,-5,444,-5,285,-7,223,17" /><INIT seed="3,0,0,1,1,122" ten="43,439,278,240" oya="3" hai0="76,40,105,116,24,2,124,90,113,45,10,41,65" hai1="22,1,129,89,132,57,28,114,52,58,110,95,42" hai2="61,131,109,104,12,9,69,106,34,71,66,133,88" hai3="29,100,77,84,82,91,51,3,98,92,73,78,13"/><W117/><G3/><T115/><D116/><U135/><E110/><V83/><F34/><W8/><G117/><T0/><D105/><U56/><E114/><V15/><F109/><W103/><G29/><T68/><D124/><U23/><E1/><V43/><F43/><W108/><G108/><T53/><D76/><U128/><E42/><V118/><F118/><W97/><G51/><T32/><D53/><U102/><E102/><N who="3" m="38954" /><G13/><T72/><D72/><U62/><E62/><V11/><F131/><N who="1" m="50249" /><E52/><V50/><F50/><W17/><G17/><T6/><D90/><U86/><E28/><V123/><F123/><W79/><G8/><T59/><D59/><U25/><E25/><V63/><F61/><W46/><G46/><T54/><D0/><U126/><E126/><V7/><F71/><W37/><G37/><T120/><D120/><U70/><E70/><V93/><F104/><W30/><G30/><N who="0" m="19527" /><D54/><U60/><E60/><V36/><F106/><W96/><AGARI ba="0,0" hai="73,77,78,79,82,84,91,92,96,97,98" m="38954" machi="96" ten="30,12000,1" yaku="35,5" doraHai="122" who="3" fromWho="3" sc="43,-40,439,-40,278,-40,240,120" /><INIT seed="3,1,0,0,1,119" ten="3,399,238,360" oya="3" hai0="51,87,50,3,11,122,60,91,33,110,126,12,82" hai1="8,108,68,94,79,32,73,61,59,30,69,35,67" hai2="42,62,20,123,102,55,90,10,101,7,75,0,135" hai3="127,96,31,48,95,17,26,63,121,111,128,76,133"/><W83/><G121/><T54/><D33/><U47/><E108/><V113/><F113/><W2/><G111/><T36/><D110/><U89/><E79/><V18/><F135/><W22/><G133/><T81/><D36/><U21/><E73/><V14/><F75/><W131/><G127/><T78/><D3/><U6/><E47/><V52/><F42/><W39/><G39/><T34/><D34/><U120/><E120/><V56/><F123/><W66/><G2/><T115/><D126/><U98/><E21/><V88/><F102/><W46/><G17/><N who="0" m="8351" /><D122/><U77/><E77/><V134/><F134/><W24/><G24/><T130/><D130/><U85/><E98/><V117/><F117/><W15/><G15/><T71/><D71/><U9/><E9/><V104/><F104/><W25/><G25/><T57/><D115/><U29/><E35/><V97/><F101/><W72/><G48/><N who="0" m="18475" /><D78/><U74/><E74/><V37/><F37/><W80/><G46/><T125/><D125/><U44/><E44/><V129/><F129/><N who="3" m="49739" /><G76/><T43/><D43/><U70/><REACH who="1" step="1"/><E32/><REACH who="1" ten="3,389,238,360" step="2"/><V105/><F105/><W64/><G72/><T45/><D45/><U132/><E132/><V28/><F97/><W107/><G107/><T99/><D99/><U4/><E4/><V92/><F92/><AGARI ba="1,1" hai="54,57,60,81,82,87,91,92" m="18475,8351" machi="92" ten="30,1000,0" yaku="8,1" doraHai="119" who="0" fromWho="2" sc="3,23,389,0,238,-13,360,0" owari="26,-47.0,389,48.0,225,-17.0,360,16.0" /></mjloggm>