<mjloggm ver="2.3"><GO type="169" lobby="0"/><UN n0="%E3%83%8F%E3%83%83%E3%83%88%E3%83%AA%E3%82%B9" n1="%E3%83%80%E3%83%9C" n2="%EF%BC%BC%28%EF%BC%BE%6F%EF%BC%BE%29%EF%BC%8F%E2%98%85" n3="%4B%69%7A%75%6E%65%72" dan="17,17,17,17" rate="2174.82,2191.83,2219.41,2152.55" sx="M,M,M,F"/><TAIKYOKU oya="0"/><INIT seed="0,0,0,0,0,7" ten="250,250,250,250" oya="0" hai0="122,22,97,57,135,73,33,41,118,12,81,66,93" hai1="98,3,2,88,92,45,0,14,53,90,68,99,26" hai2="67,110,54,79,10,85,60,1,50,89,125,4,131" hai3="119,8,108,42,51,86,24,65,133,100,27,23,43"/><T129/><D118/><U95/><E68/><V121/><F110/><W58/><G119/><T17/><D122/><U96/><E26/><V61/><F121/><W62/><G108/><T91/><D135/><U74/><E74/><V5/><F125/><W34/><G133/><T59/><D129/><U78/><E78/><V40/><F131/><W63/><G34/><T120/><D120/><U71/><E71/><V123/><F123/><W114/><G114/><T105/><D33/><U126/><E126/><V84/><F40/><W15/><G100/><T64/><D105/><U82/><E82/><V9/><F79/><W76/><G63/><T21/><D73/><U35/><E35/><V25/><F25/><W13/><G13/><T132/><D41/><N who="3" m="15369" /><G51/><T106/><D106/><U115/><E14/><V28/><F28/><W127/><G23/><T36/><D36/><U31/><E31/><V109/><F109/><W70/><G70/><T6/><D22/><U48/><REACH who="1" step="1"/><E99/><REACH who="1" ten="250,240,250,250" step="2"/><V56/><F85/><W11/><G127/><T83/><D132/><U30/><E30/><V38/><F38/><W49/><G15/><N who="0" m="9407" /><D83/><U103/><E103/><V87/><F87/><W128/><G128/><T107/><D81/><U44/><E44/><V39/><F39/><W124/><G124/><T18/><D12/><U37/><E37/><V102/><F102/><W94/><G76/><T16/><D97/><U32/><E32/><V130/><F130/><W101/><G27/><T80/><D80/><U72/><E72/><V19/><F19/><W46/><G24/><T55/><D18/><U134/><E134/><RYUUKYOKU ba="0,1" sc="250,-10,240,30,250,-10,250,-10" hai1="0,2,3,45,48,53,88,90,92,95,96,98,115" /><INIT seed="1,1,1,5,1,83" ten="240,270,240,240" oya="1" hai0="98,61,1,135,45,47,17,89,3,8,86,66,132" hai1="22,106,11,118,62,32,25,20,5,81,133,60,44" hai2="9,27,54,88,130,100,112,15,127,111,24,134,50" hai3="56,36,74,96,108,2,42,80,30,131,6,124,23"/><U82/><E106/><V126/><F100/><W49/><G108/><T38/><D98/><U68/><E32/><V29/><F111/><W113/><G113/><T67/><D17/><U104/><E104/><V105/><F105/><W14/><G124/><N who="2" m="47657" /><F112/><W70/><G131/><T95/><D66/><U103/><E103/><V35/><F27/><W77/><G70/><T79/><D79/><U114/><E114/><V39/><F39/><W10/><G96/><T116/><D116/><U120/><E118/><V13/><F134/><N who="0" m="51242" /><D38/><U19/><E133/><V119/><F130/><W69/><G69/><N who="0" m="42223" /><D8/><U40/><E120/><V129/><F129/><W115/><G115/><T18/><D18/><U28/><E68/><V12/><F119/><W102/><G102/><T128/><D128/><U92/><E11/><V107/><F107/><W94/><G36/><T76/><D76/><U99/><E5/><N who="2" m="3119" /><F88/><W78/><G78/><T84/><D3/><U75/><E75/><V59/><AGARI ba="1,1" hai="13,15,24,29,35,50,54,59" m="3119,47657" machi="59" ten="30,1100,0" yaku="18,1" doraHai="83" who="2" fromWho="2" sc="240,-4,270,-6,240,24,240,-4" /><INIT seed="2,0,0,3,2,33" ten="236,264,264,236" oya="2" hai0="126,46,21,92,133,51,17,127,58,41,80,0,65" hai1="98,79,95,87,12,62,42,55,36,70,35,24,130" hai2="135,86,131,52,96,48,45,107,10,38,18,61,90" hai3="129,111,53,31,106,30,122,1,7,112,77,28,27"/><V120/><F120/><W11/><G122/><T88/><D80/><U78/><E130/><V121/><F121/><W63/><G112/><T99/><D133/><U117/><E117/><V26/><F135/><W57/><G129/><T9/><D65/><U84/><E12/><V56/><F38/><W100/><G111/><T116/><D58/><U128/><E128/><V102/><F131/><W3/><G77/><T6/><REACH who="0" step="1"/><D116/><REACH who="0" ten="226,264,264,236" step="2"/><U49/><E70/><V97/><F107/><W73/><G73/><T134/><D134/><U50/><E78/><V34/><F34/><W125/><G125/><T89/><D89/><U67/><E79/><V113/><F113/><W108/><G108/><T14/><AGARI ba="0,1" hai="0,6,9,14,17,21,41,46,51,88,92,99,126,127" machi="14" ten="30,8000,1" yaku="1,1,0,1,52,1,54,1,53,1" doraHai="33" doraHaiUra="13" who="0" fromWho="0" sc="226,90,264,-20,264,-40,236,-20" /><INIT seed="3,0,0,1,3,90" ten="316,244,224,216" oya="3" hai0="57,54,83,23,0,28,19,122,27,68,55,89,20" hai1="109,133,84,85,61,112,14,46,94,5,33,119,47" hai2="63,123,48,16,32,79,91,121,11,65,101,37,97" hai3="26,67,81,31,105,129,18,15,107,99,39,134,42"/><W110/><G129/><T43/><D68/><U128/><E33/><V17/><F37/><W69/><G134/><T124/><D0/><U35/><E35/><V127/><F32/><W96/><G110/><T45/><D124/><U132/><E112/><V95/><F127/><W70/><G81/><T111/><D111/><U38/><E109/><V50/><F79/><W80/><G80/><T21/><D122/><N who="2" m="46602" /><F91/><W29/><G26/><T75/><D75/><U40/><E128/><V1/><F1/><W82/><G82/><T49/><D19/><N who="2" m="7242" /><F11/><W114/><G18/><T6/><D6/><U56/><E119/><V25/><F25/><W86/><G39/><T13/><D13/><U52/><E46/><V98/><F97/><W36/><G36/><T12/><D12/><U72/><E72/><V59/><AGARI ba="0,0" hai="48,50,59,63,65,95,98,101" m="7242,46602" machi="59" ten="30,4000,0" yaku="13,1,52,1,54,1" doraHai="90" who="2" fromWho="2" sc="316,-10,244,-10,224,40,216,-20" /><INIT seed="4,0,0,3,4,49" ten="306,234,264,196" oya="0" hai0="108,18,106,4,45,2,77,132,98,3,122,22,48" hai1="86,56,39,59,90,17,0,82,19,80,85,36,115" hai2="55,71,26,38,31,112,74,52,125,107,93,44,10" hai3="20,126,9,79,84,58,62,54,30,135,124,7,94"/><T131/><D122/><U78/><E0/><V33/><F107/><W95/><G135/><T76/><D132/><U119/><E115/><V32/><F112/><W72/><G72/><T130/><D108/><U15/><E119/><V102/><F71/><W37/><G37/><T40/><D106/><U51/><E19/><V16/><F74/><W133/><G133/><T73/><D98/><U105/><E105/><V64/><F64/><W13/><G79/><N who="0" m="30283" /><D4/><U114/><E114/><V134/><F33/><W47/><G47/><T121/><D73/><U12/><E12/><V88/><F102/><W87/><G94/><T53/><D121/><U83/><E83/><V28/><F28/><W6/><G6/><T123/><D40/><U69/><E69/><V35/><F35/><W99/><G126/><T66/><D66/><U104/><E104/><V21/><F10/><W1/><G124/><T41/><D41/><U103/><E103/><V101/><F101/><N who="3" m="60671" /><G1/><T91/><D91/><U25/><E25/><AGARI ba="0,0" hai="7,9,13,20,25,30,54,58,62,84,87" m="60671" machi="25" ten="30,2000,0" yaku="8,1,52,1" doraHai="49" who="3" fromWho="1" sc="306,0,234,-20,264,0,196,20" /><INIT seed="5,0,0,2,3,100" ten="306,214,264,216" oya="1" hai0="54,97,13,104,96,4,43,109,7,101,36,25,20" hai1="103,122,78,35,120,12,106,75,40,26,55,111,79" hai2="15,9,95,34,105,88,53,113,32,107,39,52,92" hai3="116,80,46,132,77,93,1,56,70,61,128,11,19"/><U27/><E40/><V45/><F113/><W91/><G116/><T42/><D109/><U28/><E111/><V41/><F34/><W22/><G128/><T72/><D72/><U134/><E134/><V85/><F32/><W131/><G131/><T82/><D36/><U87/><E75/><V63/><F92/><W86/><G132/><T73/><D54/><U47/><E12/><V123/><F123/><W14/><G70/><T67/><D67/><U121/><E26/><V16/><REACH who="2" step="1"/><F52/><REACH who="2" ten="306,214,254,216" step="2"/><W59/><G46/><T89/><D43/><U129/><E129/><V51/><F51/><W49/><G49/><T124/><D42/><U99/><REACH who="1" step="1"/><E87/><REACH who="1" ten="306,204,254,216" step="2"/><V58/><AGARI ba="0,2" hai="9,15,16,39,41,45,53,58,63,85,88,95,105,107" machi="58" ten="30,12000,2" yaku="1,1,0,1,52,2,54,2,53,0" doraHai="100" doraHaiUra="114" who="2" fromWho="2" sc="306,-30,204,-60,254,140,216,-30" /><INIT seed="6,0,0,5,2,103" ten="276,144,394,186" oya="2" hai0="59,22,2,94,71,28,67,16,61,133,127,116,98" hai1="36,5,52,82,121,57,124,44,15,110,130,8,86" hai2="60,37,109,30,88,100,53,49,45,7,107,96,54" hai3="56,55,3,66,72,23,99,26,74,35,46,39,101"/><V85/><F37/><W64/><G35/><T29/><D127/><U95/><E110/><V1/><F109/><W40/><G3/><T11/><D133/><U25/><E121/><V114/><F114/><W119/><G119/><T69/><D116/><U33/><E124/><V42/><F30/><W113/><G113/><T48/><D11/><U73/><E130/><V123/><F123/><W47/><G47/><T102/><D2/><U84/><E73/><V65/><F7/><W13/><G13/><T134/><D134/><U76/><E33/><V75/><F75/><W117/><G117/><T131/><D131/><U38/><E44/><V83/><REACH who="2" step="1"/><F1/><REACH who="2" ten="276,144,384,186" step="2"/><W91/><G74/><T43/><D28/><U12/><E38/><V126/><F126/><W120/><G72/><T89/><D29/><U51/><E36/><V80/><F80/><W34/><G39/><T111/><D111/><U4/><E25/><V31/><F31/><W0/><G26/><T79/><D16/><N who="1" m="8199" /><E15/><V125/><F125/><W129/><G0/><T108/><D108/><U21/><E21/><V24/><F24/><W78/><G23/><T97/><D22/><U122/><E122/><V118/><F118/><W58/><G120/><T105/><D71/><AGARI ba="0,1" hai="42,45,49,53,54,60,65,71,83,85,88,96,100,107" machi="71" ten="30,12000,1" yaku="1,1,7,1,52,1,54,1,53,1" doraHai="103" doraHaiUra="77" who="2" fromWho="0" sc="276,-120,144,0,384,130,186,0" /><INIT seed="6,1,0,0,0,14" ten="156,144,514,186" oya="2" hai0="85,79,4,83,65,64,115,48,112,9,63,102,7" hai1="105,116,28,57,113,95,129,96,100,91,87,24,78" hai2="15,71,19,86,0,45,35,34,56,124,8,104,80" hai3="62,2,17,132,1,130,94,54,47,69,81,58,125"/><V89/><F71/><W72/><G130/><T20/><D102/><U41/><E129/><V88/><F124/><W114/><G125/><T93/><D93/><U68/><E68/><V119/><F119/><W50/><G132/><T77/><D77/><U61/><E113/><N who="0" m="43593" /><D63/><U90/><E116/><V6/><F104/><W18/><G114/><T134/><D134/><U37/><E41/><V26/><F26/><W74/><G69/><T33/><D33/><U126/><E126/><V107/><F107/><W121/><G121/><T30/><D48/><U120/><E37/><V60/><F89/><W11/><G94/><T66/><D9/><U40/><E40/><V84/><F84/><W59/><G59/><T131/><D131/><U51/><E51/><V16/><F45/><W12/><G74/><T32/><D32/><U122/><E91/><V22/><REACH who="2" step="1"/><F19/><REACH who="2" ten="156,144,504,186" step="2"/><W10/><G18/><T29/><D29/><U76/><E120/><V97/><F97/><W106/><G106/><T82/><D82/><U117/><E122/><V133/><F133/><W38/><G81/><T67/><N who="0" m="16384" /><DORA hai="27" /><T109/><D109/><U39/><E117/><V3/><F3/><W31/><G31/><T25/><AGARI ba="1,1" hai="4,7,20,25,30,79,83,85" m="16384,43593" machi="25" ten="50,3200,0" yaku="15,1,52,1" doraHai="14,27" who="0" fromWho="0" sc="156,45,144,-9,504,-17,186,-9" /><INIT seed="7,0,0,5,4,100" ten="201,135,487,177" oya="3" hai0="86,125,56,103,131,20,121,108,105,62,120,133,36" hai1="74,27,65,29,92,54,112,49,96,113,35,32,44" hai2="60,97,45,102,114,82,52,18,98,129,77,7,55" hai3="42,2,37,117,89,126,30,15,111,5,13,104,0"/><W66/><G117/><T10/><D36/><U21/><E74/><V28/><F114/><W70/><G89/><T64/><D108/><U51/><E112/><V16/><F28/><W91/><G15/><T73/><D73/><U61/><E51/><V38/><F7/><W127/><G111/><T3/><D125/><N who="3" m="47625" /><G30/><T79/><D20/><U9/><E9/><V84/><F97/><W6/><G91/><T63/><D10/><U33/><E113/><V75/><F75/><W47/><G13/><T48/><D3/><N who="3" m="1065" /><G104/><T59/><D105/><U24/><E24/><V17/><F17/><W46/><G46/><T132/><D120/><U110/><E110/><V109/><F109/><W134/><G134/><T31/><D31/><U115/><E115/><V72/><F72/><W106/><G106/><T128/><D121/><U99/><REACH who="1" step="1"/><E92/><REACH who="1" ten="201,125,487,177" step="2"/><V50/><F18/><W12/><G12/><T130/><D132/><U68/><AGARI ba="0,1" hai="21,27,29,32,33,35,44,49,54,61,65,68,96,99" machi="68" ten="30,7900,0" yaku="1,1,2,1,0,1,53,1" doraHai="100" doraHaiUra="22" who="1" fromWho="1" sc="201,-20,125,89,487,-20,177,-39" owari="181,-22.0,214,1.0,467,57.0,138,-36.0" /></mjloggm>