<mjloggm ver="2.3"><GO type="185" lobby="0"/><UN n0="%E4%B8%8D%E5%B9%B8%E7%94%9F%E5%91%BD%E4%BD%93" n1="%E3%82%AA%E3%83%A0%E3%81%82%E3%82%93%E3%81%93" n2="%E3%82%84%E3%81%BE%E3%81%8B%E3%81%84" n3="" dan="16,16,17,0" rate="2160.58,2154.97,2246.51,1500.00" sx="M,M,M,C"/><TAIKYOKU oya="0"/><INIT seed="0,0,0,0,2,97" ten="350,350,350,0" oya="0" hai0="50,74,44,126,134,85,106,81,51,119,96,54,102" hai1="123,95,38,128,94,87,127,60,111,88,42,76,43" hai2="118,61,80,48,65,98,78,108,62,2,99,112,83" hai3=""/><T55/><D134/><U114/><N who="1" m="31520" /><U36/><E114/><V34/><F112/><T75/><D126/><U58/><E127/><V39/><F39/><T77/><REACH who="0" step="1"/><D119/><REACH who="0" ten="340,350,350,0" step="2"/><U117/><E117/><V124/><F118/><T47/><AGARI ba="0,1" hai="44,47,50,51,54,55,74,75,77,81,85,96,102,106" machi="47" ten="20,12000,2" yaku="1,1,2,1,0,1,7,1,9,1,52,1,53,1" doraHai="97" doraHaiUra="93" who="0" fromWho="0" sc="340,130,350,-60,350,-60,0,0" /><INIT seed="0,1,0,5,2,54" ten="470,290,290,0" oya="0" hai0="43,62,113,121,111,32,50,75,99,58,116,60,120" hai1="66,129,46,79,38,135,92,77,107,2,78,91,133" hai2="70,122,96,57,56,115,51,94,72,128,86,48,134" hai3=""/><T101/><N who="0" m="30752" /><T0/><N who="0" m="31008" /><T44/><D116/><U39/><E2/><V112/><N who="2" m="31264" /><V68/><F72/><T105/><D113/><U117/><E117/><V97/><F86/><T1/><D75/><U114/><E114/><V61/><F61/><T103/><D32/><U123/><N who="1" m="31520" /><U102/><E66/><V127/><F94/><T110/><D103/><U118/><E118/><V106/><F106/><T36/><D36/><U41/><E39/><V124/><REACH who="2" step="1"/><F128/><REACH who="2" ten="470,290,280,0" step="2"/><T65/><REACH who="0" step="1"/><D60/><REACH who="0" ten="460,290,280,0" step="2"/><U45/><E129/><V125/><F125/><T126/><D126/><U90/><E107/><V42/><F42/><T76/><D76/><U98/><E41/><V52/><F52/><T93/><D93/><U81/><E79/><V73/><F73/><T33/><D33/><U131/><E131/><V80/><F80/><T132/><D132/><AGARI ba="1,2" hai="48,51,56,57,68,70,96,97,112,115,124,127,132,134" m="31264" machi="132" ten="25,12000,2" yaku="1,1,22,2,52,3,53,0" doraHai="54" doraHaiUra="85" who="2" fromWho="0" sc="460,-122,290,0,280,142,0,0" /><INIT seed="1,0,0,2,4,125" ten="338,290,422,0" oya="1" hai0="113,104,35,54,109,67,87,40,78,92,114,32,127" hai1="97,46,103,112,39,37,88,123,116,134,3,77,73" hai2="49,135,132,34,57,93,56,1,81,108,55,64,89" hai3=""/><U121/><N who="1" m="31008" /><U44/><N who="1" m="31520" /><U74/><E3/><V51/><F1/><T100/><D104/><U110/><E116/><V75/><F34/><T50/><D109/><U79/><E112/><V120/><N who="2" m="30752" /><V115/><F108/><T69/><D127/><U122/><N who="1" m="31264" /><U42/><E110/><V36/><F36/><T76/><D40/><U98/><E134/><V111/><F111/><T83/><D76/><U43/><E88/><V129/><F115/><T66/><D114/><U86/><E86/><V80/><F75/><T91/><D100/><AGARI ba="0,0" hai="37,39,42,43,44,46,73,74,77,79,97,98,100,103" m="31264,31520,31008" machi="100" ten="25,12000,1" yaku="22,2,52,3" doraHai="125" who="1" fromWho="0" sc="338,-120,290,120,422,0,0,0" /><INIT seed="1,1,0,5,1,59" ten="218,410,422,0" oya="1" hai0="98,130,43,109,125,117,52,54,45,113,92,93,105" hai1="81,76,84,108,96,115,47,89,95,64,63,57,110" hai2="83,103,90,61,116,86,91,66,131,75,49,78,65" hai3=""/><U122/><N who="1" m="31264" /><U35/><E115/><V42/><F116/><T62/><D109/><N who="1" m="42091" /><E47/><V39/><F39/><T82/><D130/><U40/><E40/><V73/><F131/><T1/><D125/><U60/><E60/><V106/><F66/><T124/><D113/><U77/><E35/><V111/><F111/><T70/><D124/><U128/><E128/><V50/><F91/><AGARI ba="1,0" hai="57,63,64,76,77,81,84,89,91,95,96" m="42091,31264" machi="91" ten="30,11600,0" yaku="14,1,10,1,52,2" doraHai="59" who="1" fromWho="2" sc="218,0,410,118,422,-118,0,0" /><INIT seed="1,2,0,4,2,1" ten="218,528,304,0" oya="1" hai0="47,112,102,94,57,79,117,67,129,110,99,33,35" hai1="34,95,54,43,103,90,92,121,0,101,114,74,41" hai2="50,63,116,48,60,124,120,126,104,131,40,42,73" hai3=""/><U53/><N who="1" m="31008" /><U128/><E0/><V76/><N who="2" m="30752" /><V85/><F104/><T134/><D112/><U96/><E114/><V84/><F73/><T46/><D110/><U127/><E74/><V3/><F3/><T32/><D134/><U118/><E118/><V132/><F76/><T82/><D129/><U36/><E36/><V133/><REACH who="2" step="1"/><F131/><REACH who="2" ten="218,528,294,0" step="2"/><T83/><D117/><AGARI ba="2,1" hai="40,42,48,50,60,63,84,85,116,117,124,126,132,133" m="30752" machi="117" ten="25,12000,2" yaku="1,1,2,1,22,2,52,1,53,2" doraHai="1" doraHaiUra="58" who="2" fromWho="0" sc="218,-124,528,0,294,134,0,0" /><INIT seed="2,0,0,2,3,47" ten="94,528,428,0" oya="2" hai0="129,92,81,2,100,43,42,49,82,87,46,114,65" hai1="33,94,50,91,85,106,107,108,76,89,51,57,66" hai2="64,40,86,75,36,52,101,61,104,116,38,44,37" hai3=""/><V67/><F75/><T134/><D129/><U1/><E1/><V73/><F73/><T53/><D134/><U117/><E117/><V55/><F116/><T68/><D114/><U110/><E33/><V77/><F101/><T112/><D2/><U118/><E118/><V79/><F104/><T119/><D112/><U121/><N who="1" m="31008" /><U130/><E130/><V126/><F126/><T93/><D119/><U102/><E76/><V98/><F98/><T62/><D82/><U105/><E91/><V133/><F133/><T39/><D100/><U59/><E66/><V135/><F135/><T120/><N who="0" m="30752" /><T90/><REACH who="0" step="1"/><D42/><REACH who="0" ten="84,528,428,0" step="2"/><U83/><E83/><V45/><F40/><T95/><D95/><U127/><E102/><V32/><F32/><T132/><D132/><U35/><E35/><V97/><F79/><T131/><D131/><U115/><E115/><V88/><F77/><T122/><N who="0" m="31264" /><T124/><D124/><U113/><E127/><V69/><F88/><T74/><D74/><U48/><E113/><V80/><F80/><T84/><D84/><U0/><E0/><V41/><F86/><T63/><D63/><U71/><E85/><V58/><F41/><T72/><D72/><U103/><E103/><V70/><F61/><RYUUKYOKU ba="0,1" sc="84,20,528,-10,428,-10,0,0" hai0="39,43,46,49,53,62,65,68,81,87,90,92,93" /><INIT seed="4,1,1,0,2,115" ten="104,518,418,0" oya="0" hai0="56,133,77,1,47,126,48,59,113,66,86,100,82" hai1="52,101,43,41,106,98,103,84,49,108,68,55,124" hai2="62,121,3,102,73,111,65,70,64,85,110,127,93" hai3=""/><T104/><D133/><U45/><E68/><V95/><N who="2" m="31008" /><V135/><F3/><T46/><D126/><U40/><E124/><V36/><F127/><T129/><D113/><U107/><E108/><V120/><N who="2" m="30752" /><V94/><F73/><T51/><D129/><U125/><E125/><V91/><F135/><T71/><D1/><U34/><E34/><V99/><F36/><T44/><D71/><U105/><E84/><V131/><F131/><T97/><REACH who="0" step="1"/><D66/><REACH who="0" ten="94,518,418,0" step="2"/><U118/><E41/><V132/><F132/><T2/><D2/><U60/><E40/><V54/><F65/><T76/><D76/><U75/><E43/><V69/><F69/><T33/><D33/><U67/><E67/><V112/><F112/><T116/><D116/><U130/><E118/><V53/><F111/><T123/><N who="0" m="31520" /><T72/><D72/><U92/><E75/><V109/><F109/><T89/><D89/><U119/><E119/><V0/><F110/><T39/><D39/><U63/><E130/><V78/><F78/><T58/><AGARI ba="1,2" hai="44,46,47,48,51,56,58,59,77,82,86,97,100,104" m="31520" machi="58" ten="30,7800,0" yaku="1,1,0,1,52,1,53,1" doraHai="115" doraHaiUra="79" who="0" fromWho="0" sc="94,100,518,-40,418,-40,0,0" /><INIT seed="4,2,0,2,0,36" ten="194,478,378,0" oya="0" hai0="110,34,106,82,79,90,47,70,85,81,120,96,60" hai1="128,63,75,52,33,0,61,102,72,104,50,80,69" hai2="38,118,117,127,51,58,130,39,103,48,67,49,119" hai3=""/><T3/><N who="0" m="30752" /><T107/><D34/><U87/><E0/><V57/><F103/><T41/><D3/><U129/><E33/><V132/><F127/><T78/><D110/><U84/><E104/><V91/><F91/><T37/><D96/><U71/><E102/><V65/><F130/><T125/><D125/><U123/><E50/><V76/><F76/><T93/><D79/><U35/><E35/><V32/><F132/><T133/><D133/><U99/><E52/><V97/><F97/><T46/><D46/><U59/><E99/><V83/><F83/><T105/><REACH who="0" step="1"/><D78/><REACH who="0" ten="184,478,378,0" step="2"/><U2/><E2/><V92/><F32/><T95/><D95/><U74/><E129/><V54/><F92/><T43/><D43/><U44/><E44/><V42/><F42/><T124/><D124/><U66/><E128/><V114/><F119/><T134/><D134/><U40/><E40/><V115/><F118/><T131/><D131/><U94/><E94/><V73/><F117/><T86/><D86/><U64/><E87/><V56/><F115/><T98/><D98/><U101/><E84/><V112/><F112/><T109/><D109/><U116/><E116/><V45/><F114/><T53/><D53/><U111/><E111/><V122/><F54/><RYUUKYOKU ba="2,1" sc="184,20,478,-10,378,-10,0,0" hai0="37,41,47,60,70,81,82,85,90,93,105,106,107" /><INIT seed="4,3,1,1,5,63" ten="204,468,368,0" oya="0" hai0="134,127,116,69,62,3,73,41,95,83,100,115,114" hai1="0,72,89,79,44,2,36,105,59,121,39,106,96" hai2="45,33,99,123,104,82,92,91,109,119,53,84,65" hai3=""/><T74/><D3/><U90/><N who="1" m="31008" /><U133/><E59/><V110/><N who="2" m="31520" /><V108/><F33/><T85/><D116/><U135/><E96/><V51/><F119/><T87/><D134/><U32/><E79/><V58/><F104/><T66/><D127/><U38/><E38/><V77/><REACH who="2" step="1"/><F65/><REACH who="2" ten="204,468,358,0" step="2"/><T57/><D41/><U103/><E32/><V68/><F68/><T48/><D74/><U71/><E71/><V130/><F130/><T120/><N who="0" m="30752" /><T47/><D73/><U117/><E117/><V34/><F34/><T112/><D83/><U67/><E72/><V111/><N who="2" m="27648" /><DORA hai="61" /><V64/><F64/><T126/><D126/><U98/><E67/><V122/><N who="2" m="31264" /><V113/><F113/><T46/><D69/><U42/><E42/><V54/><F54/><T81/><D81/><U70/><E70/><V88/><F88/><T101/><D101/><U52/><E103/><V93/><F93/><T94/><D100/><U129/><E0/><V78/><F78/><T118/><D118/><U124/><E2/><V1/><F1/><T43/><REACH who="0" step="1"/><D46/><AGARI ba="3,2" hai="45,46,51,53,58,77,82,84,91,92,99" m="31264,27648,31520" machi="46" ten="70,8000,1" yaku="1,1,52,2,53,2" doraHai="63,61" doraHaiUra="55,50" who="2" fromWho="0" sc="204,-86,468,0,358,106,0,0" /><INIT seed="5,0,0,1,3,114" ten="118,468,464,0" oya="1" hai0="115,63,72,82,60,108,102,36,56,126,78,58,99" hai1="86,47,105,0,100,42,46,34,68,89,124,41,49" hai2="77,109,91,130,84,96,104,45,33,110,85,50,129" hai3=""/><U117/><E0/><V61/><F33/><T81/><D36/><U133/><E34/><V80/><F61/><T52/><D108/><N who="2" m="41578" /><F50/><T2/><D2/><U93/><E68/><V70/><F45/><T116/><D115/><U112/><E112/><V1/><F70/><T76/><D116/><U113/><E113/><V106/><F1/><T95/><D126/><U39/><E124/><V118/><F118/><T73/><D58/><U37/><E117/><V122/><N who="2" m="31264" /><V94/><F85/><T75/><REACH who="0" step="1"/><D72/><REACH who="0" ten="108,468,464,0" step="2"/><U131/><E37/><V119/><F119/><T128/><D128/><AGARI ba="0,1" hai="77,80,84,91,94,96,104,106,128,129,130" m="31264,41578" machi="128" ten="30,7700,0" yaku="19,1,34,2,52,1" doraHai="114" who="2" fromWho="0" sc="108,-77,468,0,464,87,0,0" /><INIT seed="6,0,0,1,1,63" ten="31,468,551,0" oya="2" hai0="105,108,44,59,45,102,65,38,129,124,37,107,69" hai1="55,117,71,130,33,127,96,76,41,34,119,39,133" hai2="62,134,52,120,49,70,99,40,47,93,94,78,113" hai3=""/><V123/><N who="2" m="30752" /><V87/><N who="2" m="31520" /><V84/><F113/><T73/><D102/><U56/><E76/><V135/><F94/><T51/><D105/><U0/><E0/><V80/><F87/><T72/><D73/><U95/><E130/><V50/><F62/><T97/><D97/><U103/><E127/><V126/><F70/><T82/><D82/><U3/><E3/><V125/><F50/><T131/><D131/><U92/><E95/><V57/><F57/><T42/><D72/><U116/><E71/><V53/><F53/><T115/><D107/><U104/><E104/><V111/><F40/><T85/><D85/><U61/><E133/><N who="2" m="50699" /><F111/><T58/><D129/><U106/><E106/><V83/><F83/><T86/><D86/><U32/><E41/><V35/><F35/><T74/><D74/><U1/><E1/><V77/><F77/><T132/><D132/><U100/><E100/><AGARI ba="0,0" hai="47,49,52,78,80,84,93,99,100,125,126" m="50699,31520,30752" machi="100" ten="30,11600,0" yaku="20,1,52,2,54,1" doraHai="63" who="2" fromWho="1" sc="31,0,468,-116,551,116,0,0" owari="31,-57.0,352,-5.0,667,62.0,0,0.0" /></mjloggm>