<mjloggm ver="2.3"><GO type="169" lobby="0"/><UN n0="%E5%8D%97%E5%B8%9D%E5%8D%97%E6%B5%A6" n1="%E5%8D%83%E7%BE%BD%E9%B4%89" n2="%E3%81%96%E3%82%8A%E3%81%8C%E3%81%AB%E3%81%8F%E3%82%93" n3="%E7%B7%91%E3%81%AE%E3%83%A9%E3%83%B3%E3%83%97" dan="16,17,17,16" rate="2069.99,2221.58,2222.78,2078.76" sx="F,F,M,M"/><TAIKYOKU oya="0"/><INIT seed="0,0,0,3,2,112" ten="250,250,250,250" oya="0" hai0="110,108,116,32,85,24,27,47,31,58,124,109,103" hai1="128,29,104,70,62,129,68,67,51,69,17,120,43" hai2="9,91,52,88,84,50,89,54,3,72,4,33,0" hai3="34,42,11,111,82,37,131,45,55,26,105,92,101"/><T53/><D124/><U65/><E104/><V114/><F114/><W96/><G111/><T7/><D103/><U44/><E29/><V115/><F115/><W61/><G131/><N who="1" m="50250" /><E17/><V133/><F72/><W57/><G11/><T2/><D47/><N who="1" m="26111" /><E120/><V76/><F33/><W16/><G82/><T5/><D2/><U81/><E81/><V41/><F133/><W134/><G134/><T28/><D85/><U22/><E22/><V60/><F76/><W56/><G34/><T15/><D15/><U23/><E23/><V46/><F0/><W90/><G26/><T21/><REACH who="0" step="1"/><D116/><REACH who="0" ten="240,250,250,250" step="2"/><U102/><E102/><V122/><F122/><W35/><G101/><T77/><D77/><U36/><E67/><V1/><F1/><W25/><G105/><T10/><D10/><U127/><E127/><V18/><F84/><W14/><G35/><T95/><D95/><U117/><E117/><V63/><REACH who="2" step="1"/><F18/><REACH who="2" ten="240,250,240,250" step="2"/><W119/><G119/><T87/><D87/><U106/><E106/><V78/><F78/><W100/><G16/><T99/><D99/><U125/><E125/><V97/><F97/><W98/><G98/><T30/><D30/><U132/><E132/><V130/><F130/><W59/><G96/><T94/><D94/><U8/><E8/><V64/><F64/><W48/><G92/><T75/><D75/><U12/><E12/><V74/><F74/><W49/><G14/><T40/><D40/><AGARI ba="0,2" hai="36,40,44,62,65,68,69,70" m="26111,50250" machi="40" ten="30,3900,0" yaku="19,1,34,2" doraHai="112" who="1" fromWho="0" sc="240,-39,250,59,240,0,250,0" /><INIT seed="1,0,0,1,2,67" ten="201,309,240,250" oya="1" hai0="18,108,7,6,117,46,39,113,70,27,3,131,8" hai1="53,102,1,11,128,95,54,111,60,97,107,44,37" hai2="98,33,77,22,16,105,42,125,118,72,43,32,66" hai3="0,103,122,76,120,38,28,45,68,35,119,50,92"/><U126/><E128/><V109/><F118/><W48/><G119/><T78/><D117/><U114/><E114/><V127/><F109/><W56/><G0/><T59/><D113/><U17/><E111/><V74/><F66/><W40/><G76/><T80/><D131/><U13/><E126/><N who="2" m="48139" /><F98/><W47/><G35/><N who="2" m="13385" /><F105/><W63/><G28/><T64/><D6/><U123/><E123/><V26/><F77/><W49/><G103/><T62/><D108/><U81/><E107/><V21/><F21/><W91/><G91/><T115/><D115/><U134/><E102/><V25/><F25/><W23/><G23/><T132/><D132/><U96/><E134/><V71/><F71/><W133/><G133/><T79/><D59/><U135/><E97/><V69/><F69/><W94/><G94/><T110/><D110/><U57/><E81/><V130/><F130/><W104/><G92/><T30/><D80/><U52/><E135/><V12/><F26/><W36/><G104/><T116/><D116/><U19/><E95/><V10/><F10/><W4/><G68/><T15/><D27/><U84/><E96/><V82/><F82/><W5/><G122/><T20/><REACH who="0" step="1"/><D30/><REACH who="0" ten="191,309,240,250" step="2"/><U29/><E29/><V55/><F74/><W93/><G120/><T58/><D58/><U31/><E31/><V9/><F72/><W83/><G83/><T65/><D65/><U87/><E57/><V90/><F16/><W129/><G129/><T100/><D100/><U34/><E19/><V14/><F14/><W88/><G56/><T121/><D121/><U86/><E13/><V85/><F12/><RYUUKYOKU ba="0,1" sc="191,30,309,-10,240,-10,250,-10" hai0="3,7,8,15,18,20,39,46,62,64,70,78,79" /><INIT seed="2,1,1,0,3,77" ten="221,299,230,240" oya="2" hai0="62,60,25,18,88,99,4,35,15,36,80,79,86" hai1="94,82,92,123,125,73,115,13,37,50,131,130,81" hai2="96,95,14,20,10,33,102,3,85,30,0,65,2" hai3="26,21,84,58,83,41,9,31,135,5,91,117,75"/><V134/><F134/><W64/><G135/><T103/><D36/><U70/><E37/><V19/><F65/><W28/><G117/><T69/><D69/><U29/><E70/><V8/><F33/><W74/><G41/><T67/><D67/><U106/><E29/><V118/><F118/><W38/><G38/><T104/><D4/><U111/><E115/><V124/><F124/><W55/><G64/><T87/><D25/><U119/><E119/><V93/><F30/><W129/><G129/><N who="1" m="49162" /><E106/><V107/><F107/><W51/><REACH who="3" step="1"/><G31/><REACH who="3" ten="221,299,230,230" step="2"/><T42/><D42/><U12/><E125/><V16/><REACH who="2" step="1"/><F19/><REACH who="2" ten="221,299,220,230" step="2"/><W63/><G63/><T113/><D35/><U56/><E123/><V46/><F46/><W43/><G43/><T57/><D113/><U27/><E56/><V71/><F71/><W126/><G126/><T122/><D57/><U66/><E66/><V24/><F24/><W133/><G133/><T90/><D122/><U72/><E27/><V47/><F47/><W110/><G110/><T45/><D45/><U1/><E111/><V34/><F34/><W7/><G7/><T22/><D60/><U6/><E6/><V116/><F116/><W11/><G11/><T120/><D62/><U59/><E59/><V23/><F23/><W53/><G53/><T17/><D120/><U132/><E132/><V98/><F98/><W52/><G52/><T109/><D18/><U114/><E114/><V127/><F127/><W121/><G121/><T68/><D68/><U48/><E13/><AGARI ba="1,3" hai="5,9,13,21,26,28,51,55,58,74,75,83,84,91" machi="13" ten="30,3900,0" yaku="1,1,7,1,52,1,53,0" doraHai="77" doraHaiUra="97" who="3" fromWho="1" sc="221,0,299,-42,220,0,230,72" /><INIT seed="3,0,0,5,4,73" ten="221,257,220,302" oya="3" hai0="52,94,25,15,39,99,76,33,66,77,90,125,110" hai1="65,36,78,129,2,5,56,9,133,48,11,43,34" hai2="102,88,106,93,50,97,85,87,1,134,72,123,74" hai3="119,95,58,46,70,10,89,69,12,45,0,127,29"/><W115/><G115/><T80/><D39/><U100/><E34/><V4/><F1/><W91/><G119/><T112/><D125/><U44/><E133/><V47/><F4/><W118/><G118/><T131/><D131/><U132/><E132/><V27/><F134/><W135/><G135/><T24/><D112/><U22/><E129/><V51/><F123/><W14/><G29/><T20/><D110/><U107/><E11/><V82/><F27/><N who="0" m="10314" /><D33/><U60/><E22/><V21/><F21/><W64/><G0/><T108/><D108/><U122/><E122/><V57/><F57/><W86/><G14/><T120/><D120/><U71/><E78/><N who="0" m="30313" /><D66/><U124/><E124/><V109/><F109/><W54/><G127/><T121/><D121/><U42/><E42/><V8/><F72/><W55/><G70/><T40/><D40/><U130/><E130/><V128/><F74/><W38/><G69/><T18/><D80/><U101/><E107/><V49/><F128/><W26/><G26/><N who="0" m="14615" /><D52/><AGARI ba="0,0" hai="2,5,9,36,43,44,48,52,56,60,65,71,100,101" machi="52" ten="40,5200,0" yaku="24,2,54,1" doraHai="73" who="1" fromWho="0" sc="221,-52,257,52,220,0,302,0" /><INIT seed="4,0,0,1,1,6" ten="169,309,220,302" oya="0" hai0="77,28,71,123,18,73,12,82,41,113,86,104,30" hai1="78,93,117,14,11,54,57,66,99,4,100,128,27" hai2="91,48,53,69,21,97,61,0,135,127,31,58,81" hai3="42,109,25,106,55,130,85,83,87,110,74,2,75"/><T9/><D123/><U126/><E126/><V108/><F108/><W1/><G42/><T131/><D131/><U34/><E128/><V35/><F0/><W5/><G106/><T89/><D71/><U124/><E124/><V50/><F127/><W114/><G130/><T79/><D104/><U38/><E38/><V32/><F135/><W17/><G83/><T8/><D113/><U102/><E117/><V40/><F50/><W98/><G98/><T132/><D132/><U80/><E66/><V29/><F69/><W60/><G5/><T84/><D41/><U122/><E122/><V49/><F49/><W101/><G101/><T37/><D37/><U120/><E120/><V44/><F35/><W59/><G25/><T125/><D125/><U119/><E119/><V39/><F32/><W20/><G60/><T68/><D68/><U105/><E27/><V116/><F116/><W134/><G134/><T23/><D73/><U133/><E34/><V121/><F121/><W90/><G114/><T88/><D30/><U47/><E133/><V3/><F3/><W76/><G2/><T96/><D96/><U62/><E105/><V67/><F21/><W36/><G1/><T103/><D103/><N who="1" m="60911" /><E47/><V52/><F97/><W13/><G36/><T7/><D28/><N who="2" m="10826" /><F39/><W43/><G43/><T92/><REACH who="0" step="1"/><D7/><REACH who="0" ten="159,309,220,302" step="2"/><U112/><E112/><V24/><F40/><W45/><G75/><T118/><D118/><U46/><E100/><V94/><F44/><W111/><G45/><T15/><D15/><U129/><E129/><V16/><F58/><W26/><G13/><T63/><D63/><RYUUKYOKU ba="0,1" sc="159,30,309,-10,220,-10,302,-10" hai0="8,9,12,18,23,77,79,82,84,86,88,89,92" /><INIT seed="4,1,1,2,4,86" ten="189,299,210,292" oya="0" hai0="29,111,80,101,104,2,39,81,55,108,71,40,68" hai1="123,88,107,49,125,19,112,35,0,103,51,6,116" hai2="4,96,85,1,27,18,120,82,52,113,100,127,58" hai3="77,33,105,25,24,57,32,31,16,5,124,91,34"/><T135/><D2/><U117/><E35/><V50/><F113/><W70/><G70/><N who="0" m="26667" /><D29/><U47/><E112/><V64/><F127/><W89/><G105/><T62/><D101/><U133/><E125/><V30/><F120/><W79/><G124/><T119/><D104/><U126/><E126/><V60/><F1/><W14/><G57/><N who="0" m="35135" /><D119/><U61/><E123/><V28/><F4/><W8/><G79/><T43/><D135/><U22/><E133/><V114/><F114/><W54/><G54/><T48/><D81/><U122/><E107/><V134/><F134/><W67/><G67/><T128/><D80/><U3/><E122/><V17/><F96/><W83/><G5/><T56/><D128/><U45/><E6/><V59/><F100/><W66/><G66/><T65/><D39/><U11/><E103/><V110/><F110/><N who="0" m="42026" /><D48/><U53/><E51/><V90/><F28/><W38/><G38/><T132/><D132/><U99/><E49/><V63/><F50/><W97/><G97/><T76/><D76/><U12/><E116/><V21/><AGARI ba="1,1" hai="17,18,21,27,30,52,58,59,60,63,64,82,85,90" machi="21" ten="20,8000,1" yaku="0,1,7,1,8,1,52,1,54,1" doraHai="86" who="2" fromWho="2" sc="189,-41,299,-21,210,93,292,-21" /><INIT seed="5,0,0,0,2,24" ten="148,278,303,271" oya="1" hai0="37,100,91,133,118,90,11,110,1,135,36,131,42" hai1="68,21,116,97,29,57,20,4,105,31,26,23,53" hai2="59,128,119,19,106,30,15,86,7,51,10,50,130" hai3="98,33,65,45,63,71,122,18,108,115,66,43,103"/><U94/><E68/><V14/><F106/><W99/><G122/><T12/><D118/><U48/><E105/><V44/><F119/><W95/><G108/><T6/><D110/><U13/><E116/><V112/><F112/><W70/><G115/><T54/><D131/><N who="2" m="50218" /><F30/><N who="1" m="11273" /><E26/><V40/><F86/><W47/><G33/><T62/><D100/><N who="1" m="60471" /><E4/><V129/><N who="2" m="50226" /><V9/><DORA hai="127" /><F59/><W80/><G18/><AGARI ba="0,0" hai="13,18,20,21,23,48,53,57" m="60471,11273" machi="18" ten="30,11600,0" yaku="8,1,52,3" doraHai="24,127" who="1" fromWho="3" sc="148,0,278,116,303,0,271,-116" /><INIT seed="5,1,0,3,1,92" ten="148,394,303,155" oya="1" hai0="104,130,101,56,110,34,133,112,94,7,70,24,98" hai1="67,116,18,95,12,49,59,46,127,97,17,30,105" hai2="36,124,121,55,42,58,13,38,89,10,35,11,88" hai3="79,113,31,3,50,43,0,60,28,68,106,54,134"/><U123/><E105/><V73/><F121/><W84/><G113/><T78/><D110/><U44/><E127/><V102/><F35/><W33/><G106/><T26/><D130/><U66/><E116/><V129/><F73/><W64/><G134/><T62/><D112/><U63/><E123/><V125/><F129/><W128/><G128/><T22/><D133/><U61/><E30/><V80/><F102/><W91/><G79/><T41/><D41/><U107/><E107/><V15/><F80/><W115/><G115/><T119/><D119/><U85/><E85/><V21/><F21/><W114/><G114/><T20/><D78/><U86/><E86/><V39/><F58/><W48/><G31/><T122/><D122/><U1/><E1/><V99/><F55/><W16/><G28/><T131/><D131/><U87/><E87/><V117/><F42/><W132/><G43/><T5/><D70/><U75/><E75/><V96/><F38/><W118/><G33/><T53/><D104/><U135/><E135/><V120/><F120/><W51/><G118/><AGARI ba="1,0" hai="10,11,13,15,36,39,88,89,96,99,117,118,124,125" machi="118" ten="25,8000,1" yaku="22,2,52,2,54,1" doraHai="92" who="2" fromWho="3" sc="148,0,394,0,303,83,155,-83" /><INIT seed="6,0,0,0,5,21" ten="148,394,386,72" oya="2" hai0="49,105,79,122,129,119,11,12,9,60,64,84,23" hai1="118,107,37,96,52,63,95,5,124,92,51,117,17" hai2="44,20,22,3,39,72,132,121,120,76,97,113,15" hai3="14,114,0,43,24,103,128,38,94,13,109,55,16"/><V78/><F3/><W127/><G109/><T46/><D105/><U91/><E37/><V82/><F113/><W75/><G75/><T73/><D122/><U58/><E107/><V29/><F132/><W27/><G0/><T42/><D73/><U57/><E124/><V53/><F78/><W126/><G128/><T104/><D129/><U135/><E5/><V45/><F97/><N who="3" m="59831" /><G114/><T19/><D104/><U89/><E17/><V70/><F70/><W100/><G100/><T32/><D32/><U130/><E135/><V50/><F20/><N who="3" m="11279" /><G55/><T10/><D119/><U93/><E130/><V34/><F34/><W28/><G28/><T59/><D79/><U77/><E77/><V125/><F125/><N who="3" m="47627" /><G14/><T80/><D80/><U65/><E95/><V108/><F108/><W41/><G41/><T67/><D84/><AGARI ba="0,0" hai="51,52,57,58,63,65,84,89,91,92,93,96,117,118" machi="84" ten="30,2000,0" yaku="7,1,54,1" doraHai="21" who="1" fromWho="0" sc="148,-20,394,20,386,0,72,0" /><INIT seed="7,0,0,3,1,67" ten="128,414,386,72" oya="3" hai0="92,27,52,98,1,15,89,132,13,20,115,74,11" hai1="121,111,91,49,40,65,102,53,122,41,127,120,126" hai2="128,85,84,68,75,32,24,95,72,29,118,0,110" hai3="125,112,4,54,5,48,55,81,37,6,105,36,80"/><W21/><G105/><T50/><D74/><U116/><E111/><V64/><F110/><W35/><G35/><T46/><D132/><U94/><E102/><V8/><F118/><W66/><G125/><N who="1" m="47626" /><E65/><V31/><F128/><W73/><G73/><T134/><D134/><U7/><E7/><V96/><F31/><W79/><G79/><T51/><D115/><U103/><E103/><V78/><F0/><W133/><G133/><T34/><D34/><U90/><E116/><V18/><F8/><W19/><G66/><T101/><D51/><U135/><E135/><V62/><F18/><W60/><G60/><T59/><D46/><N who="1" m="27831" /><E91/><V61/><F61/><W57/><G112/><T3/><D89/><U22/><E22/><V97/><F97/><AGARI ba="0,0" hai="40,41,90,94,97,120,121,122" m="27831,47626" machi="97" ten="40,1300,0" yaku="18,1" doraHai="67" who="1" fromWho="2" sc="128,0,414,13,386,-13,72,0" owari="128,-27.0,427,53.0,373,17.0,72,-43.0" /></mjloggm>