<mjloggm ver="2.3"><GO type="169" lobby="0"/><UN n0="%E9%BA%BB%E9%9B%80%49%51%31%32%30" n1="%67%73%6B%67%33" n2="%6B%61%74%65%72%69%6E%61" n3="%54%4C%6B%65%79" dan="17,16,17,16" rate="2088.98,2142.43,2137.36,2164.74" sx="M,M,M,M"/><TAIKYOKU oya="0"/><INIT seed="0,0,0,2,5,98" ten="250,250,250,250" oya="0" hai0="132,14,31,117,113,108,104,102,47,130,52,28,93" hai1="112,59,101,34,107,81,9,58,54,44,24,95,127" hai2="126,66,6,68,53,103,121,122,119,20,89,111,50" hai3="135,97,128,0,35,133,49,109,43,123,75,13,114"/><T17/><D117/><U36/><E107/><V62/><F119/><W105/><G97/><N who="0" m="59695" /><D104/><U46/><E127/><V39/><F126/><W48/><G13/><T124/><D113/><U79/><E112/><V100/><F111/><W27/><G27/><T23/><D124/><U88/><E34/><V115/><F115/><W10/><G10/><T60/><D130/><U92/><E24/><V4/><F39/><W78/><G78/><T129/><D129/><U73/><E9/><V74/><F74/><W25/><G25/><T82/><D132/><U38/><E101/><V32/><F32/><W15/><G15/><T7/><D7/><U94/><E38/><V134/><F134/><W83/><G83/><T61/><D82/><U29/><E29/><N who="0" m="11337" /><D108/><U56/><E36/><V116/><F116/><W67/><G133/><T87/><D87/><U33/><E33/><V76/><F76/><W64/><G105/><T2/><D2/><U69/><E69/><V11/><F6/><W16/><G75/><T80/><D80/><U3/><E3/><V51/><F122/><W8/><G0/><T22/><D23/><U19/><E19/><V90/><F20/><W77/><G109/><T131/><D131/><U106/><E106/><V21/><F21/><W71/><G128/><T118/><D118/><U63/><E88/><N who="2" m="33899" /><F121/><W96/><G123/><T99/><D99/><U42/><E73/><V30/><F30/><W41/><G96/><T84/><D84/><U86/><E86/><V55/><F4/><W45/><G135/><T37/><D37/><U85/><E42/><V125/><F125/><RYUUKYOKU ba="0,0" sc="250,15,250,15,250,-15,250,-15" hai0="14,17,22,47,52,60,61" hai1="44,46,54,56,58,59,63,79,81,85,92,94,95" /><INIT seed="0,1,0,1,2,108" ten="265,265,235,235" oya="0" hai0="16,56,39,19,78,92,73,55,132,45,99,114,9" hai1="129,126,124,104,89,0,97,41,34,113,95,10,77" hai2="27,58,48,82,76,65,59,8,3,71,26,88,52" hai3="61,44,69,87,1,91,128,80,47,5,125,31,43"/><T84/><D73/><U28/><E41/><V120/><F120/><W35/><G128/><T11/><D132/><U50/><E77/><V131/><F131/><W63/><G125/><N who="1" m="48234" /><E129/><V66/><F71/><W107/><G107/><T106/><D106/><U105/><E50/><V121/><F121/><W64/><G35/><T115/><D45/><U51/><E51/><V29/><F59/><W20/><G63/><T67/><D67/><U33/><E33/><V62/><F66/><W32/><G32/><T135/><D39/><U7/><E113/><V23/><F27/><AGARI ba="1,0" hai="0,7,10,27,28,34,89,95,97,104,105" m="48234" machi="27" ten="30,1000,0" yaku="18,1" doraHai="108" who="1" fromWho="2" sc="265,0,265,13,235,-13,235,0" /><INIT seed="1,0,0,1,4,71" ten="265,278,222,235" oya="1" hai0="21,122,92,32,115,116,9,4,81,54,95,111,73" hai1="37,108,47,123,106,33,79,112,13,87,77,0,90" hai2="41,131,11,114,49,74,8,63,76,53,65,64,83" hai3="86,62,130,85,34,126,88,105,1,46,78,120,61"/><U43/><E112/><V127/><F131/><W2/><G120/><T24/><D32/><U30/><E0/><V132/><F127/><W70/><G126/><T40/><D116/><U113/><E113/><V55/><F132/><W38/><G34/><T107/><D107/><U121/><E106/><V42/><F114/><W100/><G130/><T118/><D118/><U69/><E69/><V89/><F89/><W48/><G85/><T133/><D133/><U35/><E35/><V7/><F11/><W3/><G78/><T125/><D122/><U101/><E121/><V45/><F42/><W97/><G70/><T75/><D40/><U16/><E101/><V72/><F72/><W129/><G129/><T51/><D75/><U23/><E123/><V103/><F103/><W10/><G10/><T67/><D67/><U12/><E12/><V14/><F65/><W96/><G96/><T58/><D115/><U82/><REACH who="1" step="1"/><E108/><REACH who="1" ten="265,268,222,235" step="2"/><V124/><F124/><W25/><G25/><AGARI ba="0,1" hai="13,16,23,25,30,33,37,43,47,77,79,82,87,90" machi="25" ten="40,12000,1" yaku="1,1,2,1,52,1,54,1,53,0" doraHai="71" doraHaiUra="59" who="1" fromWho="3" sc="265,0,268,130,222,0,235,-120" /><INIT seed="1,1,0,4,1,119" ten="265,398,222,115" oya="1" hai0="63,59,42,47,80,7,9,111,115,27,64,58,108" hai1="83,101,87,92,69,67,85,114,51,50,122,45,18" hai2="95,99,6,16,43,76,73,19,22,84,125,35,118" hai3="110,128,44,26,11,62,90,48,72,132,131,1,39"/><U46/><E114/><V31/><F118/><W135/><G110/><T10/><D115/><U38/><E38/><V5/><F125/><W15/><G1/><T34/><D59/><U120/><E69/><V30/><F73/><W17/><G72/><T129/><D129/><N who="3" m="49737" /><G39/><T4/><D34/><U2/><E2/><V130/><F43/><W61/><G90/><T55/><D27/><U24/><E67/><V104/><F104/><W91/><G91/><T68/><D80/><U124/><E124/><V37/><F37/><W121/><G26/><T40/><D7/><U14/><E24/><V79/><F35/><W102/><G102/><T13/><D10/><U33/><E33/><V77/><F84/><W113/><G113/><T94/><D94/><U70/><E70/><V112/><F112/><W52/><G121/><T127/><D127/><U66/><E66/><V97/><F130/><W126/><G126/><T49/><D42/><U106/><E106/><V98/><F95/><W89/><G89/><T74/><D74/><U81/><E92/><V12/><REACH who="2" step="1"/><F19/><REACH who="2" ten="265,398,212,115" step="2"/><W29/><G29/><AGARI ba="1,1" hai="5,6,12,16,22,29,30,31,76,77,79,97,98,99" machi="29" ten="40,12000,2" yaku="1,1,2,1,8,1,54,1,53,3" doraHai="119" doraHaiUra="25" who="2" fromWho="3" sc="265,0,398,0,212,133,115,-123" owari="265,-13.0,398,49.0,345,15.0,-8,-51.0" /></mjloggm>