<mjloggm ver="2.3"><GO type="185" lobby="0"/><UN n0="%E3%82%84%E3%81%B7%E3%83%BC" n1="%E3%81%82%E3%81%9F%E3%82%89%E3%81%AA%E3%81%84%E3%81%A7%EF%BC%81" n2="%E3%81%B6%E3%82%8B%E3%81%AF%E3%81%A4" n3="" dan="17,17,16,0" rate="2233.05,2202.01,2151.95,1500.00" sx="M,M,M,C"/><TAIKYOKU oya="0"/><INIT seed="0,0,0,0,2,46" ten="350,350,350,0" oya="0" hai0="109,122,69,97,80,98,32,66,129,99,92,36,128" hai1="51,84,103,33,60,102,37,115,3,50,43,117,125" hai2="75,132,77,108,79,89,64,110,135,130,106,70,87" hai3=""/><T76/><N who="0" m="31264" /><T65/><D32/><U56/><E117/><V85/><F64/><T123/><N who="0" m="31520" /><T62/><D109/><N who="2" m="42090" /><F70/><T127/><D127/><U45/><E33/><V124/><F106/><T118/><D118/><U0/><E3/><V48/><F124/><T107/><D36/><U71/><E0/><V126/><F126/><T111/><D111/><U73/><E73/><V134/><F48/><T72/><D107/><U82/><E125/><V58/><F58/><T83/><D66/><U47/><E115/><V54/><F54/><T120/><N who="0" m="30752" /><T88/><REACH who="0" step="1"/><D80/><REACH who="0" ten="340,350,350,0" step="2"/><U105/><E105/><V94/><F130/><AGARI ba="0,1" hai="62,65,69,72,76,83,88,92,97,98,99,128,129,130" m="30752,31520,31264" machi="130" ten="40,18000,2" yaku="1,1,2,1,19,1,52,3,54,1,53,0" doraHai="46" doraHaiUra="44" who="0" fromWho="2" sc="340,190,350,0,350,-180,0,0" /><INIT seed="0,1,0,3,4,51" ten="530,350,170,0" oya="0" hai0="1,108,103,47,44,70,83,80,52,128,67,87,102" hai1="64,39,133,33,115,122,79,131,112,60,46,101,71" hai2="74,49,3,45,68,59,36,100,93,72,107,76,97" hai3=""/><T37/><D1/><U109/><N who="1" m="31264" /><U126/><E33/><V98/><F3/><T55/><D37/><U88/><E109/><V69/><F36/><T119/><D119/><U113/><E131/><V41/><F59/><T132/><D70/><U92/><E126/><V66/><F76/><T77/><D67/><U95/><E133/><V89/><REACH who="2" step="1"/><F66/><REACH who="2" ten="530,350,160,0" step="2"/><T127/><D132/><U104/><E79/><V81/><F81/><T48/><D128/><U34/><E34/><V32/><F32/><T40/><D127/><U134/><E134/><V99/><F99/><T62/><D108/><U86/><E39/><V2/><F2/><T75/><D62/><U116/><E116/><V118/><F118/><T96/><D96/><U105/><E46/><V35/><F35/><T58/><D47/><U42/><E42/><V124/><F124/><T53/><REACH who="0" step="1"/><D58/><REACH who="0" ten="520,350,160,0" step="2"/><U73/><E64/><V78/><F78/><AGARI ba="1,2" hai="40,44,48,52,53,55,75,77,78,80,83,87,102,103" machi="78" ten="40,18000,2" yaku="1,1,2,1,52,3,54,1,53,0" doraHai="51" doraHaiUra="56" who="0" fromWho="2" sc="520,202,350,0,160,-182,0,0" owari="722,67.0,350,-5.0,-22,-62.0,0,0.0" /></mjloggm>