<mjloggm ver="2.3"><GO type="169" lobby="0"/><UN n0="%E5%A4%A9%E7%A5%9E%E9%B3%B3%E4%BD%8D" n1="%E3%83%9A%E3%83%81%E3%83%A7%E3%83%BC%E3%83%AA%E3%83%B3" n2="%E9%BA%BB%E9%9B%80%49%51%31%32%30" n3="%E6%B5%81%E3%82%8C%EF%BC%9F%53%4F%41" dan="16,16,17,17" rate="2108.29,2129.63,2087.21,2243.51" sx="M,M,M,M"/><TAIKYOKU oya="0"/><INIT seed="0,0,0,0,4,102" ten="250,250,250,250" oya="0" hai0="118,93,30,87,115,13,11,63,82,109,97,14,127" hai1="114,51,49,55,106,83,32,95,3,101,116,134,129" hai2="38,121,7,9,119,59,45,40,4,52,66,68,37" hai3="25,20,64,70,27,67,107,57,72,76,77,65,48"/><T78/><D115/><U47/><E32/><V88/><F121/><W56/><G70/><T94/><D118/><U84/><E3/><V5/><F38/><W39/><G39/><T2/><D127/><U103/><E116/><V8/><F119/><W128/><G72/><T130/><D130/><U24/><E114/><V34/><F34/><W133/><G133/><T71/><D30/><U54/><E129/><V42/><F42/><W28/><G128/><T31/><D31/><U108/><E134/><V61/><REACH who="2" step="1"/><F88/><REACH who="2" ten="250,250,240,250" step="2"/><W10/><G77/><T12/><D109/><U113/><E113/><V79/><F79/><W6/><G76/><T86/><D87/><U73/><E108/><V126/><F126/><W17/><G48/><AGARI ba="0,1" hai="4,5,7,8,9,37,40,45,48,52,59,61,66,68" machi="48" ten="40,8000,1" yaku="1,1,24,2,54,1,53,0" doraHai="102" doraHaiUra="96" who="2" fromWho="3" sc="250,0,250,0,240,90,250,-80" /><INIT seed="1,0,0,5,0,124" ten="250,250,330,170" oya="1" hai0="122,90,15,82,60,59,16,31,131,10,120,66,54" hai1="81,68,21,121,49,0,36,89,113,28,134,125,93" hai2="33,67,73,55,29,114,12,78,39,53,96,5,79" hai3="77,42,88,23,52,91,45,116,85,94,58,43,62"/><U97/><E121/><N who="0" m="46697" /><D31/><U17/><E36/><V41/><F67/><W115/><G115/><T127/><D127/><U98/><E125/><V70/><F70/><W92/><G116/><T118/><D118/><U74/><E113/><V4/><F29/><W64/><G77/><T56/><D56/><U110/><E0/><V6/><F33/><W35/><G35/><T99/><D66/><U84/><E68/><V128/><F12/><W102/><G102/><T38/><D38/><U71/><E71/><V112/><F39/><W51/><REACH who="3" step="1"/><G23/><REACH who="3" ten="250,250,330,160" step="2"/><T13/><D90/><U109/><E134/><V50/><F78/><W57/><G57/><T47/><D59/><U126/><E126/><V133/><F79/><W27/><G27/><T25/><D25/><U100/><E74/><V18/><F73/><W135/><G135/><T106/><D47/><U72/><E72/><V129/><F133/><W101/><G101/><T32/><D32/><U65/><E100/><V130/><F112/><W103/><G103/><T86/><D106/><U22/><E21/><V2/><F114/><W132/><G132/><T48/><D60/><U37/><E22/><V26/><F26/><W123/><G123/><T14/><D48/><U11/><E49/><V87/><F50/><W30/><G30/><T104/><D104/><U44/><E109/><V119/><F119/><W105/><G105/><T117/><D117/><U46/><E110/><V95/><F130/><W69/><G69/><T40/><D131/><U3/><E37/><V83/><F129/><W63/><G63/><T75/><D75/><U76/><E28/><RYUUKYOKU ba="0,1" sc="250,-10,250,-10,330,-10,160,30" hai3="42,43,45,51,52,58,62,64,85,88,91,92,94" /><INIT seed="2,1,1,3,0,54" ten="240,240,320,190" oya="2" hai0="117,128,27,61,17,67,118,46,92,43,65,107,95" hai1="122,78,121,116,103,93,11,56,131,82,25,81,41" hai2="44,97,69,99,30,12,60,125,115,48,119,40,10" hai3="51,52,35,114,77,123,23,31,47,79,19,9,1"/><V113/><F119/><N who="0" m="45578" /><D107/><U98/><E116/><V37/><F30/><W50/><G123/><N who="1" m="47114" /><E131/><V36/><F99/><W75/><G75/><T89/><D128/><U73/><E41/><V127/><F97/><W18/><G114/><N who="2" m="43529" /><F12/><N who="3" m="7439" /><G35/><T16/><D27/><U58/><E81/><V90/><F90/><W14/><G1/><T26/><D26/><U132/><E132/><V80/><F10/><N who="3" m="6615" /><G50/><N who="0" m="26975" /><D67/><U5/><E25/><AGARI ba="1,1" hai="23,25,31,47,51,52,77,79" m="6615,7439" machi="25" ten="30,2000,0" yaku="8,1,54,1" doraHai="54" who="3" fromWho="1" sc="240,0,240,-23,320,0,190,33" /><INIT seed="3,0,0,3,4,93" ten="240,217,320,223" oya="3" hai0="75,33,60,88,22,55,47,41,21,69,98,78,119" hai1="126,117,19,99,130,7,9,53,37,70,82,103,67" hai2="118,100,1,45,59,89,56,3,90,26,133,80,71" hai3="96,63,52,127,35,48,18,83,114,25,50,92,32"/><W5/><G114/><T54/><D119/><U36/><E126/><V28/><F71/><W44/><G127/><T125/><D125/><U30/><E130/><V72/><F118/><W4/><G35/><T40/><D33/><U8/><E30/><V49/><F133/><W81/><G32/><T61/><D78/><U16/><E117/><V101/><F72/><W58/><G81/><T79/><D79/><U87/><E53/><N who="0" m="19977" /><D75/><U113/><E113/><V122/><F49/><N who="3" m="19051" /><G83/><T76/><D69/><U11/><E7/><V0/><F80/><W115/><G44/><T109/><D47/><U23/><E67/><V34/><F45/><W106/><G106/><T94/><D109/><U12/><E70/><V77/><F77/><W20/><G115/><T128/><D128/><U57/><E57/><V62/><F122/><W64/><G64/><T38/><D38/><U108/><E108/><V123/><F123/><W134/><G134/><T27/><D76/><U85/><E19/><V111/><F111/><W10/><G10/><T66/><D66/><U97/><E103/><AGARI ba="0,0" hai="4,5,18,20,25,52,58,63,92,96,103" m="19051" machi="103" ten="30,5800,0" yaku="8,1,52,1,54,1" doraHai="93" who="3" fromWho="1" sc="240,0,217,-58,320,0,223,58" /><INIT seed="3,1,0,5,5,106" ten="240,159,320,281" oya="3" hai0="52,132,116,61,11,58,95,37,91,54,101,51,44" hai1="13,118,39,85,100,133,123,4,32,104,97,43,48" hai2="78,114,36,77,94,127,70,103,63,119,45,89,29" hai3="30,75,90,5,55,98,84,14,40,131,53,42,117"/><W1/><G117/><T24/><D132/><U92/><E32/><V109/><F103/><W27/><G1/><T8/><D116/><U59/><E123/><V9/><F114/><W83/><G131/><T20/><D101/><U134/><E118/><V111/><F29/><W107/><G107/><T86/><REACH who="0" step="1"/><D37/><REACH who="0" ten="230,159,320,281" step="2"/><U33/><E39/><V50/><F36/><W113/><G113/><T88/><D88/><U80/><E134/><V22/><F119/><W64/><G90/><T57/><D57/><U47/><E133/><V81/><F89/><W7/><G7/><T56/><D56/><U82/><E59/><V108/><F108/><W38/><G38/><T12/><D12/><U6/><E13/><V71/><F71/><W87/><G14/><T72/><D72/><U34/><E100/><V76/><F111/><W19/><G75/><T73/><D73/><U66/><E4/><V129/><F70/><W96/><G5/><T124/><D124/><U102/><E6/><V112/><F127/><W65/><G19/><AGARI ba="1,1" hai="8,11,19,20,24,44,51,52,54,58,61,86,91,95" machi="19" ten="30,7700,0" yaku="1,1,7,1,8,1,54,1,53,0" doraHai="106" doraHaiUra="115" who="0" fromWho="3" sc="230,90,159,0,320,0,281,-80" /><INIT seed="4,0,0,3,1,11" ten="320,159,320,201" oya="0" hai0="2,1,9,56,27,107,57,86,88,8,117,124,106" hai1="118,35,28,81,37,87,44,109,114,48,99,102,80" hai2="113,45,62,95,25,83,112,40,130,26,132,59,122" hai3="89,131,115,12,14,70,17,75,71,116,92,55,74"/><T3/><D117/><U5/><E118/><V68/><F68/><W20/><G116/><T21/><D124/><U34/><E114/><N who="2" m="44139" /><F122/><W29/><G115/><T22/><D86/><U101/><E109/><V18/><F130/><W108/><G108/><T31/><D3/><U77/><E37/><V42/><F83/><W46/><G71/><T85/><D85/><U133/><E133/><V104/><F104/><W79/><G70/><T66/><D27/><U10/><E28/><V126/><F132/><W32/><G32/><T16/><D31/><U78/><E101/><V76/><F76/><W63/><G29/><T6/><D6/><U69/><E69/><V90/><F18/><N who="3" m="10311" /><G75/><T64/><REACH who="0" step="1"/><D16/><REACH who="0" ten="310,159,320,201" step="2"/><U111/><E111/><V129/><F126/><W23/><G74/><T125/><D125/><U67/><E5/><V53/><F25/><W96/><G131/><T110/><D110/><U121/><E121/><V39/><F26/><W60/><G79/><T128/><D128/><U91/><E77/><V134/><F134/><W38/><G38/><T13/><D13/><U72/><E78/><V50/><F39/><W0/><G0/><T43/><D43/><U94/><E72/><V47/><F40/><W49/><AGARI ba="0,1" hai="14,17,23,46,49,55,60,63,89,92,96" m="10311" machi="49" ten="30,4000,0" yaku="8,1,52,2" doraHai="11" who="3" fromWho="3" sc="310,-20,159,-10,320,-10,201,50" /><INIT seed="5,0,0,3,3,79" ten="290,149,310,251" oya="1" hai0="131,70,106,52,17,41,33,72,4,45,74,87,78" hai1="110,91,7,85,96,65,35,32,23,111,8,134,69" hai2="49,114,61,43,80,1,29,135,93,82,31,54,26" hai3="121,116,50,53,56,122,113,97,59,34,129,103,0"/><U120/><E120/><V55/><F1/><W21/><G34/><T58/><D70/><U14/><E134/><V105/><F105/><W101/><G0/><T76/><D106/><U115/><E115/><V24/><F135/><W126/><G126/><T66/><D66/><U128/><E128/><V77/><F93/><W83/><G113/><T28/><D131/><U112/><E96/><V130/><F130/><W9/><G129/><T12/><D4/><U62/><E23/><V81/><F77/><W107/><G116/><T27/><D72/><U46/><E46/><V118/><F118/><W5/><G101/><T10/><D87/><U119/><E112/><V63/><F43/><W90/><G56/><T124/><D124/><U25/><E119/><V15/><F15/><W44/><G21/><T6/><D6/><U64/><E64/><V88/><F114/><W73/><G59/><T60/><REACH who="0" step="1"/><D74/><REACH who="0" ten="280,149,310,251" step="2"/><U51/><E51/><AGARI ba="0,1" hai="10,12,17,27,28,33,41,45,51,52,58,60,76,78" machi="51" ten="30,7700,0" yaku="1,1,2,1,7,1,54,1,53,0" doraHai="79" doraHaiUra="125" who="0" fromWho="1" sc="280,87,149,-77,310,0,251,0" /><INIT seed="6,0,0,2,3,24" ten="367,72,310,251" oya="2" hai0="107,36,58,111,94,135,86,45,34,50,18,96,120" hai1="32,81,27,103,132,16,1,82,20,63,121,87,134" hai2="9,6,106,54,39,78,2,83,124,12,85,125,127" hai3="38,49,114,13,126,30,59,61,80,115,113,66,17"/><V67/><F106/><W0/><G0/><T119/><D111/><U129/><E121/><V53/><F39/><W11/><G38/><T60/><D120/><U109/><E109/><V56/><REACH who="2" step="1"/><F2/><REACH who="2" ten="367,72,300,251" step="2"/><W37/><G37/><T105/><D36/><U8/><E129/><V97/><F97/><W22/><G126/><T3/><D105/><U76/><E32/><V98/><F98/><W46/><G80/><T68/><D3/><U84/><E103/><V35/><F35/><W69/><G69/><T48/><D107/><U44/><E44/><V133/><F133/><W15/><G46/><T90/><D34/><U29/><E63/><AGARI ba="0,1" hai="6,9,12,53,54,56,63,67,78,83,85,124,125,127" machi="63" ten="40,3900,0" yaku="1,1,18,1,53,0" doraHai="24" doraHaiUra="128" who="2" fromWho="1" sc="367,0,72,-39,300,49,251,0" /><INIT seed="6,1,0,5,3,53" ten="367,33,349,251" oya="2" hai0="62,0,77,106,116,135,89,102,117,114,101,1,11" hai1="17,2,50,36,115,130,27,66,61,121,3,52,45" hai2="105,49,43,81,20,113,71,25,67,59,103,5,31" hai3="108,127,24,79,15,51,78,34,92,119,107,134,23"/><V80/><F113/><W13/><G108/><T125/><D114/><U38/><E115/><V98/><F71/><W100/><G119/><N who="0" m="45643" /><D135/><U39/><E130/><V97/><F5/><W70/><G70/><T123/><D123/><U35/><E121/><V40/><F98/><N who="3" m="59463" /><G34/><T55/><D125/><U129/><E129/><V47/><REACH who="2" step="1"/><F43/><REACH who="2" ten="367,33,339,251" step="2"/><W126/><G134/><T73/><D106/><U74/><E74/><V7/><F7/><W16/><G107/><T12/><D73/><U18/><E35/><V21/><F21/><W30/><G127/><T37/><D1/><U32/><E32/><V111/><F111/><W94/><G126/><T86/><D0/><U118/><E118/><V75/><F75/><W46/><G94/><T41/><D41/><U58/><REACH who="1" step="1"/><E18/><REACH who="1" ten="367,23,339,251" step="2"/><V91/><F91/><W93/><G16/><T48/><D89/><U65/><E65/><V83/><F83/><W26/><G79/><T72/><D77/><U10/><E10/><V128/><F128/><W88/><G78/><T122/><D72/><U63/><E63/><AGARI ba="1,2" hai="20,25,31,40,47,49,59,63,67,80,81,97,103,105" machi="63" ten="40,7700,0" yaku="1,1,52,1,53,1" doraHai="53" doraHaiUra="56" who="2" fromWho="1" sc="367,0,23,-80,339,100,251,0" owari="367,17.0,-57,-56.0,439,54.0,251,-15.0" /></mjloggm>