<mjloggm ver="2.3"><GO type="169" lobby="0"/><UN n0="%E6%A5%BD%E3%81%97%E3%82%93%E3%81%94" n1="%E3%81%A6%E3%82%93%E3%81%A6%E3%81%93%E7%8B%90" n2="%E5%A4%A7%E8%B3%A2%E8%89%AF%E5%B8%AB" n3="%70%6F%6E%5F%6B%61%73%75" dan="16,16,16,16" rate="2039.74,2166.34,2052.29,2021.53" sx="M,M,M,M"/><TAIKYOKU oya="0"/><INIT seed="0,0,0,5,3,13" ten="250,250,250,250" oya="0" hai0="46,87,79,48,124,78,123,107,3,12,15,132,38" hai1="36,101,42,29,27,67,0,88,7,5,118,22,93" hai2="53,110,131,114,89,135,71,68,95,59,50,83,66" hai3="99,58,126,51,44,60,103,61,1,17,82,16,69"/><T98/><D123/><U64/><E118/><V127/><F114/><W90/><G1/><T100/><D3/><U122/><E122/><V26/><F110/><W97/><G126/><T14/><D132/><U19/><E101/><V105/><F135/><W10/><G69/><T23/><D124/><U133/><E133/><V43/><F105/><W75/><G10/><T32/><D32/><U74/><E74/><V115/><F127/><W77/><G90/><T117/><D117/><U73/><E73/><V70/><F115/><W128/><G128/><T116/><D116/><U45/><E29/><V91/><F131/><W120/><G120/><T20/><D38/><U134/><E134/><V94/><F43/><W4/><G4/><T125/><D125/><U80/><E80/><V102/><F66/><W109/><G109/><T81/><REACH who="0" step="1"/><D78/><REACH who="0" ten="240,250,250,250" step="2"/><U111/><E111/><V25/><F102/><W34/><G34/><T72/><D72/><U119/><E119/><V47/><F91/><W85/><G75/><T33/><D33/><U9/><REACH who="1" step="1"/><E5/><REACH who="1" ten="240,240,250,250" step="2"/><V30/><F89/><W39/><G103/><T108/><D108/><U8/><E8/><V54/><F83/><W21/><G82/><T52/><AGARI ba="0,2" hai="12,14,15,20,23,46,48,52,79,81,87,98,100,107" machi="52" ten="30,6000,0" yaku="1,1,0,1,54,1,53,0" doraHai="13" doraHaiUra="28" who="0" fromWho="0" sc="240,80,240,-20,250,-20,250,-20" /><INIT seed="0,1,0,5,3,14" ten="320,220,230,230" oya="0" hai0="62,110,123,22,85,117,61,11,97,70,130,21,36" hai1="90,32,72,60,122,29,68,131,116,15,31,84,0" hai2="92,58,54,23,74,81,4,41,128,55,33,91,46" hai3="106,101,26,120,7,49,112,121,133,102,64,108,69"/><T73/><D117/><U86/><E72/><V37/><F33/><W17/><G112/><T9/><D73/><U76/><E0/><V75/><F128/><W47/><G108/><T5/><D123/><U57/><E68/><V103/><F4/><W53/><G133/><T94/><D36/><U40/><E122/><N who="3" m="47210" /><G106/><T66/><D130/><U38/><E116/><V135/><F135/><W65/><G7/><T78/><D110/><U63/><E63/><V129/><F129/><W30/><G69/><T96/><D61/><U89/><E76/><V132/><F132/><W34/><G17/><T107/><D107/><U115/><E32/><V10/><F103/><AGARI ba="1,0" hai="26,30,34,47,49,53,64,65,101,102,103" m="47210" machi="103" ten="30,1000,0" yaku="13,1" doraHai="14" who="3" fromWho="2" sc="320,0,220,0,230,-13,230,13" /><INIT seed="1,0,0,1,3,95" ten="320,220,217,243" oya="1" hai0="8,106,118,11,76,112,68,18,49,65,84,44,110" hai1="116,15,93,20,81,111,121,103,3,131,56,7,57" hai2="115,86,122,135,53,30,114,92,100,98,127,75,41" hai3="61,47,51,58,67,36,6,80,66,129,71,120,38"/><U70/><E70/><V12/><F75/><W128/><G6/><T97/><D118/><U5/><E116/><V39/><F122/><W109/><G80/><T117/><D117/><U32/><E32/><V82/><F135/><W45/><G120/><T1/><D112/><N who="2" m="43050" /><F127/><W21/><G21/><T73/><D73/><U79/><E121/><V27/><F53/><N who="3" m="29935" /><G109/><T83/><D110/><U74/><E111/><V2/><F2/><W124/><G124/><T72/><D72/><U16/><E131/><N who="3" m="50250" /><G47/><T94/><D1/><U4/><REACH who="1" step="1"/><E3/><REACH who="1" ten="320,210,217,243" step="2"/><V105/><F39/><N who="3" m="14891" /><G71/><T91/><D68/><U96/><AGARI ba="0,1" hai="4,5,7,15,16,20,56,57,74,79,81,93,96,103" machi="96" ten="30,11700,0" yaku="1,1,0,1,52,1,54,1,53,0" doraHai="95" doraHaiUra="113" who="1" fromWho="1" sc="320,-39,210,127,217,-39,243,-39" /><INIT seed="1,1,0,4,2,22" ten="281,337,178,204" oya="1" hai0="41,103,73,58,69,134,64,115,28,11,102,81,80" hai1="126,35,43,53,118,44,78,70,32,24,104,38,25" hai2="26,89,88,14,76,46,36,12,135,93,95,68,105" hai3="10,37,120,130,5,77,48,61,67,123,30,111,83"/><U13/><E104/><V19/><F105/><W31/><G37/><T6/><D115/><U39/><E118/><V15/><F68/><W117/><G117/><T27/><D69/><U128/><E70/><V119/><F119/><W87/><G111/><T23/><D134/><U21/><E78/><V110/><F110/><W45/><G130/><T121/><D121/><U96/><E128/><V129/><F129/><W122/><G61/><T116/><D116/><U40/><E126/><V82/><F135/><W71/><G67/><T90/><D41/><U59/><E13/><V97/><F36/><W94/><G94/><T4/><D4/><U109/><E96/><V86/><F46/><W33/><G33/><T100/><D73/><U125/><E125/><V99/><REACH who="2" step="1"/><F26/><REACH who="2" ten="281,337,168,204" step="2"/><W106/><G106/><T65/><D58/><U20/><E109/><V50/><F50/><W63/><G63/><T47/><D47/><U17/><E38/><V66/><F66/><W49/><G49/><T9/><D65/><U0/><E43/><V74/><F74/><W72/><G72/><T57/><D57/><U131/><E131/><V7/><F7/><W51/><G51/><T132/><D132/><U127/><E127/><V112/><F112/><W18/><G71/><T2/><D64/><U55/><E55/><V107/><F107/><W52/><G5/><T29/><D6/><U16/><E0/><V85/><F85/><W124/><G124/><T91/><D2/><U42/><E40/><V8/><AGARI ba="1,1" hai="8,12,14,15,19,76,82,86,88,89,93,95,97,99" machi="8" ten="20,12000,2" yaku="1,1,0,1,7,1,9,1,8,1,54,1,53,0" doraHai="22" doraHaiUra="114" who="2" fromWho="2" sc="281,-31,337,-61,168,133,204,-31" /><INIT seed="2,0,0,5,3,83" ten="250,276,301,173" oya="2" hai0="110,100,8,48,35,29,46,76,64,79,42,31,129" hai1="130,113,9,89,99,19,21,14,6,55,54,59,16" hai2="45,78,27,102,71,11,37,17,128,47,93,72,73" hai3="105,125,85,86,56,80,116,40,1,20,23,95,114"/><V117/><F117/><W61/><G116/><T77/><D110/><U52/><E113/><V82/><F71/><W66/><G105/><T69/><D129/><U58/><E130/><V75/><F128/><W51/><G1/><T126/><D126/><U92/><REACH who="1" step="1"/><E19/><REACH who="1" ten="250,266,301,173" step="2"/><V109/><F17/><W10/><G114/><T25/><D31/><U97/><E97/><V112/><F112/><W115/><G115/><T12/><D29/><U7/><E7/><V135/><F109/><W38/><G125/><T94/><D35/><U4/><E4/><V104/><F135/><W98/><G10/><T26/><D8/><U0/><AGARI ba="0,1" hai="0,6,9,14,16,21,52,54,55,58,59,89,92,99" machi="0" ten="30,7900,0" yaku="1,1,0,1,54,2,53,0" doraHai="83" doraHaiUra="67" who="1" fromWho="1" sc="250,-20,266,89,301,-39,173,-20" /><INIT seed="3,0,0,2,1,23" ten="230,355,262,153" oya="3" hai0="112,40,69,6,80,94,122,102,44,84,52,78,50" hai1="61,131,103,101,132,85,65,42,126,73,3,75,22" hai2="104,106,113,32,116,95,60,1,37,56,83,26,99" hai3="135,77,86,64,54,117,12,10,98,68,38,53,35"/><W93/><G135/><T7/><D122/><U62/><E3/><V72/><F116/><W47/><G117/><T59/><D112/><U127/><E42/><V88/><F113/><W79/><G35/><T41/><D69/><U25/><E132/><V31/><F37/><W110/><G110/><T115/><D115/><U39/><E39/><V82/><F1/><W97/><G97/><T2/><D2/><U105/><E85/><V128/><F128/><W16/><G64/><T90/><D102/><N who="1" m="38923" /><E105/><V100/><F72/><N who="1" m="27721" /><E65/><V96/><REACH who="2" step="1"/><F106/><REACH who="2" ten="230,355,252,153" step="2"/><W133/><G133/><T92/><D92/><U0/><E0/><V27/><F27/><W129/><G129/><T18/><D94/><U66/><E131/><V36/><F36/><W121/><G38/><T107/><D107/><U51/><E51/><V30/><F30/><W45/><G93/><T14/><D50/><U9/><E61/><V114/><F114/><W120/><G120/><T13/><D80/><U55/><E62/><V24/><F24/><W130/><G121/><T74/><D13/><U70/><E25/><V8/><F8/><W17/><G130/><T119/><D119/><U48/><E9/><V4/><F4/><W81/><G12/><T58/><D7/><U21/><E48/><V123/><F123/><W124/><G17/><T57/><D6/><U29/><E29/><V89/><F89/><W118/><G118/><T91/><D74/><U71/><E127/><V43/><F43/><N who="0" m="16458" /><D91/><U20/><E126/><V5/><F5/><W76/><G124/><T28/><D28/><U109/><E109/><V33/><F33/><RYUUKYOKU ba="0,1" sc="230,-10,355,-10,252,30,153,-10" hai2="26,31,32,56,60,82,83,88,95,96,99,100,104" /><INIT seed="4,1,1,5,2,104" ten="220,345,282,143" oya="0" hai0="77,79,75,121,12,4,10,27,112,84,107,38,6" hai1="116,26,20,111,17,94,122,8,45,41,113,22,9" hai2="29,54,117,128,119,19,93,133,102,85,134,24,70" hai3="127,1,99,108,59,105,115,106,43,87,18,35,23"/><T7/><D121/><U82/><E122/><V51/><F70/><W89/><G108/><T58/><D38/><U34/><E116/><N who="2" m="44619" /><F19/><W71/><G35/><T46/><D107/><U110/><E34/><N who="2" m="20775" /><F128/><W103/><G1/><T131/><D131/><U52/><E113/><V114/><F114/><W14/><G105/><T15/><D112/><U100/><E20/><V64/><F64/><W65/><G115/><T90/><D27/><U132/><E132/><V40/><F40/><W42/><G71/><T97/><D4/><U16/><E111/><V57/><F102/><W98/><G98/><T47/><D97/><N who="1" m="59447" /><E110/><V78/><F93/><W92/><REACH who="3" step="1"/><G127/><REACH who="3" ten="220,345,282,133" step="2"/><T61/><D6/><U129/><E129/><V50/><F134/><W44/><G44/><T91/><D47/><U39/><E39/><V31/><F133/><W67/><G67/><T124/><D46/><U0/><E0/><V101/><F57/><W56/><G56/><T63/><D124/><U68/><E68/><V13/><F101/><W55/><G55/><T3/><D58/><U118/><E118/><V83/><F54/><W2/><G2/><T130/><D130/><U135/><E135/><V72/><F51/><W62/><AGARI ba="1,2" hai="14,18,23,42,43,59,62,65,87,89,92,99,103,106" machi="62" ten="30,4000,0" yaku="1,1,0,1,53,1" doraHai="104" doraHaiUra="53" who="3" fromWho="3" sc="220,-21,345,-11,282,-11,133,63" /><INIT seed="5,0,0,3,0,126" ten="199,334,271,196" oya="1" hai0="24,132,82,109,56,48,133,79,121,103,20,98,34" hai1="116,99,53,114,52,37,50,119,55,73,11,19,130" hai2="29,44,41,9,45,78,94,77,7,101,70,75,76" hai3="4,57,80,60,30,69,96,135,35,51,14,105,89"/><U122/><E73/><V84/><F75/><W10/><G135/><T33/><D109/><U108/><E37/><V25/><F70/><W6/><G51/><T67/><D121/><U112/><E122/><V100/><F94/><W87/><G69/><T106/><D132/><U72/><E72/><V27/><F84/><W42/><G42/><T47/><D133/><U102/><E130/><V125/><F125/><W95/><G105/><T90/><D90/><U8/><E50/><V31/><F41/><W127/><G127/><T91/><D91/><U58/><E58/><V39/><F39/><W46/><G46/><N who="2" m="18025" /><F9/><N who="1" m="3657" /><E19/><V15/><F15/><W124/><G124/><T16/><D56/><U17/><E17/><V3/><F7/><W64/><G6/><T131/><D67/><U81/><E81/><V107/><F3/><W117/><G117/><N who="1" m="45130" /><E99/><V0/><F0/><W62/><G62/><T49/><D49/><U18/><E18/><V129/><F129/><W2/><G2/><T59/><D59/><U111/><E102/><N who="2" m="39531" /><F107/><W12/><G12/><T65/><D131/><U38/><E38/><V61/><F61/><W123/><G123/><T134/><D134/><U97/><E97/><V13/><F13/><W5/><G5/><T110/><D65/><U88/><E88/><V36/><F36/><W22/><G35/><T28/><D16/><U63/><E63/><V1/><F1/><W54/><G64/><T26/><D98/><U66/><E66/><V83/><F83/><W85/><G80/><T86/><D82/><U115/><AGARI ba="0,0" hai="52,53,55,108,111,112,114,115" m="45130,3657" machi="115" ten="50,12000,1" yaku="28,2,15,1,54,1" doraHai="126" who="1" fromWho="1" sc="199,-40,334,120,271,-40,196,-40" /><INIT seed="5,1,0,0,2,64" ten="159,454,231,156" oya="1" hai0="120,17,2,27,33,48,20,23,52,18,113,51,115" hai1="125,114,70,11,22,63,129,28,95,37,131,82,65" hai2="10,109,111,29,43,116,98,97,112,83,1,84,34" hai3="99,19,104,88,13,54,121,6,36,86,57,58,53"/><U0/><E114/><V21/><F34/><W67/><G121/><T103/><D120/><U4/><E125/><V16/><F116/><W94/><G36/><T31/><D2/><U59/><E37/><V44/><F112/><N who="0" m="43082" /><D103/><U26/><E95/><V46/><F29/><W45/><G6/><T47/><D51/><U92/><E92/><V56/><F56/><N who="3" m="21611" /><G104/><T117/><D117/><U49/><REACH who="1" step="1"/><E82/><REACH who="1" ten="159,444,231,156" step="2"/><V39/><F83/><W108/><G94/><T96/><D96/><U73/><E73/><V42/><F98/><W128/><G99/><T32/><D48/><U107/><E107/><V123/><F97/><W118/><G118/><T126/><D126/><U66/><E66/><V62/><F39/><W41/><G67/><T75/><D75/><U25/><E25/><V9/><F111/><W127/><G108/><T105/><D105/><U12/><E12/><V35/><F109/><W8/><G127/><T38/><D38/><U133/><E133/><V89/><F123/><W3/><G3/><T78/><D27/><U24/><E24/><V101/><F1/><W106/><G106/><T30/><D32/><U15/><E15/><V68/><F35/><W81/><G81/><T110/><D110/><U93/><E93/><V122/><F122/><W119/><G119/><T79/><D33/><U85/><E85/><V135/><F84/><W71/><G86/><T61/><D30/><U76/><E76/><V124/><F124/><W87/><G87/><T7/><D31/><U90/><E90/><V80/><F89/><W130/><G88/><T74/><D74/><U50/><E50/><RYUUKYOKU ba="1,1" sc="159,-10,444,30,231,-10,156,-10" hai1="0,4,11,22,26,28,49,59,63,65,70,129,131" /><INIT seed="5,2,1,1,2,19" ten="149,474,221,146" oya="1" hai0="44,55,54,30,18,24,52,75,21,38,119,125,50" hai1="98,74,104,132,8,109,20,1,122,111,70,34,91" hai2="37,67,35,86,93,90,27,9,51,100,47,65,115" hai3="107,56,13,81,76,2,16,3,99,127,5,117,43"/><U134/><E34/><V88/><F115/><W69/><G69/><T4/><D119/><U12/><E70/><V82/><F37/><W124/><G117/><T123/><D125/><N who="3" m="48201" /><G5/><T26/><D123/><U73/><E122/><V83/><F100/><N who="3" m="62879" /><G56/><T126/><D126/><U110/><E1/><V71/><F71/><W28/><G28/><T97/><D75/><N who="1" m="28683" /><E8/><V6/><F35/><W79/><G43/><N who="0" m="24863" /><D38/><U77/><E77/><N who="3" m="29770" /><G81/><T42/><D42/><U45/><E45/><V113/><F83/><W10/><AGARI ba="2,1" hai="2,3,10,13,16" m="29770,62879,48201" machi="10" ten="30,2000,0" yaku="18,1,54,1" doraHai="19" who="3" fromWho="3" sc="149,-7,474,-12,221,-7,146,36" /><INIT seed="6,0,0,5,0,16" ten="142,462,214,182" oya="2" hai0="119,55,71,2,120,130,126,95,51,85,82,41,129" hai1="56,63,49,29,122,39,43,104,13,84,113,100,76" hai2="70,24,57,47,7,19,65,45,11,111,112,52,117" hai3="34,44,48,91,20,21,64,105,31,3,101,79,87"/><V27/><F117/><W132/><G3/><T14/><D120/><U74/><E74/><V54/><F111/><W124/><G79/><T116/><D2/><U128/><E39/><V42/><F112/><W73/><G73/><T46/><D95/><U114/><E128/><N who="0" m="49257" /><D14/><U86/><E122/><V96/><F70/><W98/><G132/><T32/><D32/><U99/><E29/><V131/><F131/><W123/><G123/><T106/><D106/><U69/><E69/><V66/><F96/><W35/><G124/><T8/><D8/><U78/><E13/><N who="2" m="5375" /><F54/><W38/><G38/><T127/><D71/><U58/><E99/><V61/><F27/><W92/><G64/><N who="2" m="24681" /><F42/><W28/><G35/><T97/><D97/><U12/><E12/><V93/><F93/><N who="3" m="54527" /><G105/><T121/><D121/><U18/><E43/><V115/><F115/><W59/><G34/><T50/><D55/><U102/><E104/><V26/><F26/><W37/><G31/><T94/><D94/><U109/><E109/><V15/><F24/><W107/><G28/><T60/><D126/><U81/><E114/><V89/><F89/><W22/><G107/><T83/><D127/><U25/><E25/><V72/><F72/><W90/><G90/><N who="0" m="51511" /><D116/><U108/><E108/><V53/><F53/><N who="3" m="32167" /><G37/><N who="0" m="21807" /><D119/><U33/><E113/><V134/><F134/><W125/><G125/><T110/><D110/><U135/><E33/><V4/><F4/><W67/><G67/><T0/><D0/><U133/><E135/><V17/><F17/><W5/><G5/><T118/><D118/><U10/><E133/><V30/><F30/><RYUUKYOKU ba="0,0" sc="142,-15,462,-15,214,15,182,15" hai2="15,19,45,47,52,57,61" hai3="20,21,22,44,92,98,101" /><INIT seed="6,1,0,3,3,62" ten="127,447,229,197" oya="2" hai0="11,85,132,76,41,106,20,97,125,7,110,49,4" hai1="47,119,56,39,117,95,33,105,27,70,102,103,31" hai2="101,19,67,28,77,15,66,51,112,24,131,87,14" hai3="52,90,58,21,88,104,17,34,98,0,73,45,57"/><V83/><F112/><W121/><G121/><T99/><D110/><U16/><E70/><V100/><F131/><W29/><G0/><T54/><D132/><U18/><E105/><V120/><F120/><W3/><G3/><T113/><D113/><U78/><E78/><V94/><F51/><N who="3" m="28783" /><G34/><T126/><D41/><U37/><E56/><N who="3" m="21610" /><G104/><T48/><D106/><U118/><E95/><V129/><F129/><W93/><G73/><T114/><D114/><U46/><E46/><V69/><F69/><W42/><G42/><T8/><D20/><U50/><E102/><N who="2" m="39531" /><F94/><N who="3" m="56647" /><G29/><T9/><D54/><U12/><E103/><V5/><F28/><W124/><G124/><N who="0" m="47723" /><D76/><U43/><REACH who="1" step="1"/><E18/><REACH who="1" ten="127,437,229,197" step="2"/><V53/><F5/><N who="0" m="2122" /><D85/><U74/><E74/><V133/><F133/><W80/><G17/><T38/><D38/><U6/><E6/><V44/><F19/><W81/><G21/><AGARI ba="1,1" hai="12,16,21,27,31,33,37,39,43,47,50,117,118,119" machi="21" ten="40,2600,0" yaku="1,1,54,1,53,0" doraHai="62" doraHaiUra="32" who="1" fromWho="3" sc="127,0,437,39,229,0,197,-29" /><INIT seed="7,0,0,2,2,97" ten="127,476,229,168" oya="3" hai0="48,85,45,78,114,120,115,98,92,37,116,71,93" hai1="74,50,18,118,70,43,12,121,2,104,72,51,63" hai2="31,0,106,11,117,21,14,128,35,99,95,9,10" hai3="20,102,90,52,131,28,5,124,27,56,29,89,110"/><W25/><G131/><T8/><D71/><U91/><E121/><V109/><F106/><W135/><G124/><T127/><D127/><U57/><E2/><V111/><F128/><W88/><G135/><T24/><D37/><U26/><E104/><V87/><F117/><W41/><G110/><T4/><D116/><U65/><E118/><V38/><F38/><W81/><G41/><T13/><D120/><U79/><E26/><N who="2" m="18935" /><F87/><W42/><G42/><T54/><D24/><U96/><E70/><V126/><F126/><W125/><G125/><T76/><D93/><U19/><E19/><N who="2" m="10487" /><F95/><W59/><G5/><T82/><REACH who="0" step="1"/><D76/><REACH who="0" ten="117,476,229,168" step="2"/><U84/><E79/><V123/><F123/><W68/><G68/><T23/><D23/><U62/><E96/><V1/><F99/><W83/><G27/><T129/><D129/><U122/><E122/><V80/><F111/><W15/><G25/><T7/><D7/><U113/><E113/><V47/><F109/><W101/><G20/><T17/><D17/><U58/><E72/><V16/><F16/><W36/><G36/><T86/><D86/><U64/><E74/><V33/><F33/><W34/><G34/><T132/><D132/><U108/><E43/><V55/><F1/><W73/><G73/><T75/><D75/><U39/><E39/><V22/><F0/><W3/><G3/><T61/><D61/><U77/><E77/><V130/><F22/><W100/><G15/><T103/><AGARI ba="0,1" hai="4,8,13,45,48,54,78,82,85,92,98,103,114,115" machi="103" ten="30,4000,0" yaku="1,1,0,1,52,1,53,0" doraHai="97" doraHaiUra="53" who="0" fromWho="0" sc="117,50,476,-10,229,-10,168,-20" owari="167,-23.0,466,56.0,219,2.0,148,-35.0" /></mjloggm>