<mjloggm ver="2.3"><GO type="169" lobby="0"/><UN n0="%E4%BC%8A%E8%97%A4%E4%B8%87%E7%90%86%E8%8F%AF" n1="%72%61%62%69%65%6C" n2="%E8%B6%85%E3%83%92%E3%83%A2%E3%83%AA%E3%83%AD" n3="%E3%82%AE%E3%82%AC%E3%83%9E%E3%82%A4%E3%83%B3" dan="16,17,17,16" rate="2146.72,2234.51,2186.04,2127.59" sx="F,M,M,M"/><TAIKYOKU oya="0"/><INIT seed="0,0,0,1,2,134" ten="250,250,250,250" oya="0" hai0="96,4,82,115,109,113,27,15,124,110,72,80,45" hai1="5,53,70,103,61,51,30,102,123,125,31,48,55" hai2="28,91,75,120,36,17,24,54,112,135,43,68,60" hai3="14,52,18,32,126,25,74,76,59,132,130,16,105"/><T86/><D27/><U122/><E5/><V9/><F112/><N who="0" m="43082" /><D15/><U44/><E70/><V39/><F75/><W111/><G105/><T88/><D4/><U81/><E81/><V118/><F120/><W69/><G76/><N who="0" m="44039" /><D45/><U65/><E44/><V85/><F43/><W20/><G69/><T89/><D124/><U6/><E6/><V128/><F118/><W87/><G126/><T3/><D3/><U129/><E125/><V35/><F135/><W49/><G132/><T114/><N who="0" m="43090" /><T23/><DORA hai="57" /><D23/><U77/><E61/><V56/><F68/><W19/><G32/><T62/><D62/><U63/><E63/><V83/><F39/><W37/><G37/><T84/><D96/><U8/><E8/><V34/><F36/><W41/><G41/><T47/><D47/><U106/><E65/><V127/><F127/><W13/><G13/><T12/><D12/><U121/><E30/><V50/><F35/><W100/><G14/><T73/><D73/><U40/><E31/><V133/><F133/><W119/><G74/><T29/><D29/><U104/><E40/><V58/><F9/><W66/><G66/><T97/><D97/><U108/><E48/><V99/><F99/><W98/><G19/><T116/><D116/><U78/><E51/><V26/><F17/><N who="3" m="12431" /><G119/><T0/><D0/><U33/><E33/><V71/><F71/><W117/><G117/><T107/><D107/><U1/><E1/><V10/><F10/><W21/><G18/><T46/><D46/><U22/><E106/><V67/><F24/><N who="3" m="14375" /><G49/><T64/><D64/><U93/><E104/><RYUUKYOKU ba="0,0" sc="250,15,250,-15,250,15,250,-15" hai0="82,84,86,88,89,109,110" hai2="26,28,34,50,54,56,58,60,67,83,85,91,128" /><INIT seed="0,1,0,2,0,64" ten="265,235,265,235" oya="0" hai0="40,131,31,88,104,25,65,105,86,17,5,77,90" hai1="35,36,82,76,75,27,92,127,79,111,110,60,29" hai2="103,71,56,68,42,113,70,123,107,81,45,48,114" hai3="63,126,85,59,38,12,74,102,13,117,6,58,23"/><T125/><D125/><U50/><E127/><V19/><F103/><W34/><G126/><T108/><D131/><U122/><E36/><V9/><F107/><W95/><G117/><T57/><D77/><U41/><E122/><V101/><F101/><W43/><G74/><T69/><D57/><U119/><E119/><V55/><F81/><W15/><G34/><T66/><D5/><U87/><E60/><V132/><F19/><W51/><G38/><T24/><D17/><U121/><E121/><V47/><F9/><W129/><G129/><T32/><D40/><U130/><E130/><V93/><F93/><W61/><G23/><T72/><D72/><U134/><E134/><V112/><F123/><W133/><G6/><T30/><D86/><U124/><E124/><V128/><F128/><W4/><G4/><T118/><D118/><U80/><E92/><V7/><F7/><W116/><G116/><T2/><D32/><U37/><E50/><N who="2" m="26935" /><F47/><N who="3" m="26111" /><G133/><AGARI ba="1,0" hai="48,55,56,68,70,71,112,113,114,132,133" m="26935" machi="133" ten="40,8000,1" yaku="34,2,52,3" doraHai="64" who="2" fromWho="3" sc="265,0,235,0,265,83,235,-83" /><INIT seed="1,0,0,2,5,89" ten="265,235,348,152" oya="1" hai0="48,92,13,113,43,93,72,126,17,26,46,135,18" hai1="109,108,2,110,78,116,39,119,3,106,134,52,63" hai2="31,131,77,114,121,12,129,1,97,54,8,35,73" hai3="101,80,133,66,44,15,102,64,47,124,16,37,117"/><U94/><E106/><V115/><F77/><W69/><G124/><T0/><D113/><N who="2" m="43018" /><F73/><W27/><G133/><T123/><D0/><N who="1" m="43" /><E39/><V67/><F67/><N who="3" m="25643" /><G69/><T84/><D72/><U55/><E78/><V65/><F65/><W128/><G37/><T22/><D126/><U107/><E107/><V34/><F54/><N who="1" m="20521" /><E134/><V95/><F1/><W81/><G128/><N who="2" m="49225" /><F31/><W45/><G27/><T11/><D135/><U7/><E7/><N who="2" m="3103" /><F121/><W56/><G56/><T49/><D123/><U36/><E36/><V21/><F21/><N who="3" m="11423" /><G117/><N who="1" m="45130" /><E63/><V88/><AGARI ba="0,0" hai="34,35,88,95,97" m="3103,49225,43018" machi="88" ten="30,7900,0" yaku="11,1,19,1,52,1,54,1" doraHai="89" who="2" fromWho="2" sc="265,-20,235,-39,348,79,152,-20" /><INIT seed="2,0,0,4,0,3" ten="245,196,427,132" oya="2" hai0="42,6,112,26,110,114,97,98,43,96,124,27,49" hai1="4,134,62,130,57,24,99,86,95,53,13,101,78" hai2="74,55,87,127,7,72,8,25,11,126,2,71,135" hai3="52,19,51,17,12,50,67,91,16,58,125,44,90"/><V36/><F36/><W33/><G33/><T81/><D110/><U84/><E130/><V37/><F37/><W28/><G28/><T129/><D129/><U108/><E108/><V88/><F71/><W20/><G125/><N who="2" m="47625" /><F135/><W76/><G76/><T119/><D124/><U21/><E134/><V35/><F11/><W15/><G19/><T122/><D122/><U47/><E78/><V113/><F113/><W60/><REACH who="3" step="1"/><G51/><REACH who="3" ten="245,196,427,122" step="2"/><T23/><D49/><U118/><E118/><V29/><F55/><W107/><G107/><T48/><D48/><U68/><E68/><V0/><F2/><W131/><G131/><T46/><D119/><U70/><E70/><V85/><F85/><W1/><G1/><T75/><D114/><U83/><E84/><V30/><F30/><W111/><G111/><T63/><D112/><U22/><E86/><V18/><F18/><W34/><G34/><T120/><D120/><U116/><E116/><V73/><F73/><W128/><G128/><T66/><D75/><U5/><E53/><V69/><F69/><W10/><AGARI ba="0,1" hai="10,12,15,16,17,20,44,50,52,58,60,67,90,91" machi="10" ten="20,12000,2" yaku="1,1,0,1,7,1,8,1,54,2,53,0" doraHai="3" doraHaiUra="39" who="3" fromWho="3" sc="245,-30,196,-30,427,-60,122,130" /><INIT seed="3,0,0,0,3,82" ten="215,166,367,252" oya="3" hai0="2,54,118,128,92,98,6,123,37,20,99,97,59" hai1="19,28,77,18,44,57,88,94,81,111,48,107,71" hai2="61,67,87,89,39,69,38,25,104,60,13,22,35" hai3="42,14,43,134,15,83,65,56,78,96,9,127,122"/><W120/><G127/><T130/><D118/><U124/><E71/><V110/><F104/><W117/><G117/><T95/><D123/><U36/><E107/><V68/><F110/><W133/><G96/><T79/><D37/><U73/><E124/><V113/><F113/><W84/><G65/><T90/><D79/><U17/><E111/><V93/><F35/><W23/><G56/><T119/><D119/><U131/><E131/><N who="0" m="50217" /><D95/><U86/><E36/><V21/><F69/><W91/><G78/><T112/><D112/><U129/><E129/><V135/><F135/><N who="3" m="51723" /><G23/><T24/><D6/><U74/><E28/><V114/><F114/><W41/><G15/><T101/><D2/><U85/><REACH who="1" step="1"/><E57/><REACH who="1" ten="215,156,367,252" step="2"/><V125/><F125/><W46/><G46/><T49/><D101/><U66/><E66/><V106/><F106/><W34/><G34/><T10/><D10/><U7/><E7/><AGARI ba="0,1" hai="7,9,14,41,42,43,83,84,91,120,122" m="51723" machi="7" ten="30,2900,0" yaku="20,1,52,1" doraHai="82" who="3" fromWho="1" sc="215,0,156,-29,367,0,252,39" /><INIT seed="3,1,0,5,1,45" ten="215,127,367,291" oya="3" hai0="50,49,14,10,121,109,82,67,15,26,46,126,73" hai1="122,27,127,57,132,90,128,124,9,22,3,86,115" hai2="31,74,81,44,4,11,29,114,98,72,47,30,56" hai3="101,0,96,129,71,130,79,66,110,32,92,123,48"/><W135/><G123/><T88/><D121/><U95/><E122/><V78/><F114/><W2/><G32/><T134/><D109/><U91/><E115/><V55/><F98/><W64/><G135/><T77/><D134/><U51/><E132/><V18/><F18/><W63/><G110/><T1/><D126/><U40/><E128/><N who="3" m="49258" /><G66/><T23/><D1/><N who="3" m="617" /><G79/><T94/><D67/><U7/><E91/><V24/><F24/><W80/><G80/><T112/><D112/><U120/><E120/><V68/><F72/><W111/><G111/><T43/><D10/><U65/><E65/><V34/><F68/><W21/><G21/><T35/><D35/><U70/><E70/><V102/><F102/><W41/><G41/><T53/><D23/><U62/><E62/><V52/><F34/><W99/><G99/><T60/><D26/><U119/><E119/><V105/><F105/><W117/><G48/><T89/><D60/><U33/><E33/><V17/><F74/><W100/><G100/><T58/><D89/><U125/><E40/><V42/><F42/><W13/><G13/><T104/><D104/><U76/><E76/><V61/><F81/><W93/><G117/><T103/><D103/><U6/><E3/><V37/><F78/><W36/><G36/><T106/><D106/><AGARI ba="1,0" hai="63,64,71,92,93,96,101,106" m="617,49258" machi="106" ten="30,1500,0" yaku="19,1" doraHai="45" who="3" fromWho="0" sc="215,-18,127,0,367,0,291,18" /><INIT seed="3,2,0,0,5,127" ten="197,127,367,309" oya="3" hai0="54,9,37,7,13,77,114,82,97,14,49,89,24" hai1="39,95,17,32,102,48,51,55,124,130,135,123,31" hai2="129,117,74,88,96,91,10,109,44,105,36,86,90" hai3="62,71,116,81,99,34,26,107,30,33,134,22,58"/><W21/><G116/><T60/><D37/><U94/><E123/><V67/><F117/><W125/><G125/><T3/><D114/><U78/><E124/><V98/><F74/><W6/><G134/><T50/><D50/><U64/><E39/><V4/><F109/><W56/><G6/><T57/><D89/><U28/><E64/><V18/><F129/><W132/><G132/><T104/><D24/><U110/><E130/><V85/><F67/><N who="3" m="41463" /><G81/><T23/><D23/><N who="3" m="8713" /><G34/><T25/><D25/><U120/><E120/><V73/><F73/><W72/><G72/><T76/><D76/><U11/><E55/><V1/><F18/><W113/><G113/><T118/><D118/><U35/><E11/><V93/><F105/><W128/><G128/><T20/><D20/><U41/><E78/><V79/><F79/><W46/><G46/><T38/><D104/><U61/><E61/><V8/><F8/><W45/><G45/><T122/><D122/><U43/><E135/><V15/><F1/><W0/><G0/><T101/><D60/><U106/><E106/><V66/><F66/><W131/><G131/><T12/><D97/><U40/><E40/><V2/><F2/><W68/><G68/><T112/><D112/><U103/><REACH who="1" step="1"/><E17/><REACH who="1" ten="197,117,367,309" step="2"/><V52/><F36/><W59/><G59/><T5/><D57/><U84/><E84/><N who="2" m="32363" /><F98/><W27/><G99/><T19/><D19/><U47/><E47/><V83/><F83/><W63/><G107/><T115/><D82/><U100/><E100/><N who="2" m="60431" /><F44/><W75/><G26/><T92/><D77/><U16/><E16/><V119/><F119/><RYUUKYOKU ba="2,1" sc="197,-15,117,15,367,15,309,-15" hai1="28,31,32,35,41,43,48,51,94,95,102,103,110" hai2="4,10,15,52,88,90,91" /><INIT seed="4,3,1,4,5,129" ten="182,132,382,294" oya="0" hai0="133,78,21,86,13,105,103,94,65,10,82,15,60" hai1="80,14,48,47,120,61,42,90,40,32,59,118,95" hai2="23,24,18,28,44,84,52,63,72,93,39,128,1" hai3="11,30,96,130,106,115,19,83,54,110,29,37,26"/><T135/><D105/><U7/><E120/><V97/><F72/><W101/><G110/><T12/><D21/><U112/><E118/><V122/><F1/><W132/><G37/><T104/><D104/><U4/><E32/><V27/><F122/><W33/><G130/><T34/><D34/><U41/><E80/><V62/><F128/><W68/><G30/><T67/><D10/><N who="1" m="4423" /><E7/><V99/><F84/><W36/><G115/><T43/><D43/><U79/><E79/><V55/><F39/><W73/><G36/><T53/><D53/><N who="2" m="20554" /><F44/><W87/><G68/><T5/><D5/><U117/><E117/><V66/><F66/><W20/><G73/><T89/><D103/><U70/><E70/><V134/><F134/><N who="0" m="51210" /><D60/><U50/><E112/><V85/><F63/><W114/><G132/><T92/><D92/><U9/><E9/><V57/><F62/><W6/><G114/><T75/><AGARI ba="3,1" hai="12,13,15,65,67,75,78,82,86,89,94" m="51210" machi="75" ten="30,11700,0" yaku="20,1,52,3" doraHai="129" who="0" fromWho="0" sc="182,136,132,-42,382,-42,294,-42" /><INIT seed="4,4,0,5,0,72" ten="318,90,340,252" oya="0" hai0="121,80,7,41,5,77,131,47,96,58,108,28,68" hai1="83,27,90,57,11,65,92,15,126,50,86,111,46" hai2="119,112,33,3,66,82,135,100,51,19,127,116,25" hai3="13,31,97,55,2,123,43,40,67,38,95,110,63"/><T30/><D121/><U16/><E111/><V113/><F100/><W9/><G110/><T52/><D68/><U48/><E126/><V120/><F66/><W45/><G123/><T74/><D131/><U103/><E27/><V133/><F120/><W17/><G31/><T105/><D108/><U93/><E103/><V75/><F51/><W91/><G2/><T56/><D56/><U128/><E128/><V102/><F102/><W107/><G107/><T79/><D96/><U98/><E98/><V39/><F39/><W125/><G125/><T36/><D105/><U62/><REACH who="1" step="1"/><E50/><REACH who="1" ten="318,80,340,252" step="2"/><V114/><F127/><W4/><G38/><T88/><D36/><U24/><E24/><V44/><F113/><W94/><G94/><T89/><D30/><U10/><E10/><V22/><F112/><W106/><G106/><T69/><D28/><U71/><E71/><V21/><F114/><W1/><G97/><T76/><D69/><U42/><AGARI ba="4,1" hai="11,15,16,42,46,48,57,62,65,83,86,90,92,93" machi="42" ten="20,8000,1" yaku="1,1,0,1,7,1,8,1,54,1,53,0" doraHai="72" doraHaiUra="49" who="1" fromWho="1" sc="318,-44,80,102,340,-24,252,-24" /><INIT seed="5,0,0,2,5,107" ten="274,182,316,228" oya="1" hai0="63,68,46,27,38,120,49,128,58,89,116,71,44" hai1="50,4,64,115,110,99,18,57,126,74,37,24,78" hai2="33,54,2,127,35,134,132,15,43,100,108,96,103" hai3="113,129,121,123,92,86,94,30,47,51,34,75,3"/><U118/><E118/><V125/><F43/><W13/><G3/><T11/><D27/><U114/><E126/><N who="2" m="48139" /><F2/><W76/><G113/><N who="1" m="43018" /><E37/><V40/><F40/><W48/><G129/><T45/><D11/><U112/><N who="1" m="43026" /><U90/><DORA hai="59" /><E4/><V29/><F29/><W111/><G111/><T25/><D25/><U81/><E110/><V10/><F54/><W106/><G106/><T122/><D89/><U61/><E50/><V98/><F108/><W19/><G51/><T16/><D16/><U102/><E90/><V70/><F70/><N who="0" m="26666" /><D38/><U82/><E82/><V56/><F100/><W69/><G69/><T39/><D39/><U93/><E24/><V22/><F103/><W124/><G124/><T72/><D72/><U80/><E80/><V84/><F84/><W131/><G86/><T91/><D91/><U67/><E18/><V53/><F98/><W26/><G19/><T77/><D116/><U9/><E9/><V28/><F96/><W79/><G75/><T85/><D85/><U109/><E109/><V95/><F10/><W14/><G14/><T31/><D49/><U104/><E67/><V42/><F15/><W105/><G13/><T36/><D36/><U65/><E65/><V60/><F28/><W41/><G30/><T133/><D31/><U83/><E83/><V119/><F119/><W62/><G26/><T73/><D73/><U88/><E88/><V52/><F42/><W17/><G41/><T7/><D7/><U6/><E6/><V32/><F53/><W0/><G0/><T135/><D122/><U12/><E12/><V23/><F52/><RYUUKYOKU ba="0,0" sc="274,-10,182,30,316,-10,228,-10" hai1="57,61,64,74,78,81,93,99,102,104" /><INIT seed="5,1,0,4,4,127" ten="264,212,306,218" oya="1" hai0="54,86,134,129,20,95,18,133,89,104,94,0,117" hai1="87,91,90,39,69,109,84,6,21,12,27,76,1" hai2="46,23,78,93,37,17,38,77,97,41,99,65,132" hai3="62,42,74,8,58,29,14,112,30,82,103,102,121"/><U5/><E39/><V56/><F38/><W67/><G121/><T13/><D117/><U43/><E69/><V55/><F65/><W73/><G112/><T36/><D104/><U34/><E109/><V61/><F99/><W135/><G135/><N who="0" m="51723" /><D0/><U71/><E71/><V44/><F44/><W122/><G42/><T72/><D72/><U59/><E43/><V114/><F132/><W83/><G122/><T15/><D36/><U53/><E1/><V108/><F114/><W105/><G74/><T32/><D32/><U66/><E66/><V111/><F111/><W60/><G60/><T92/><D129/><U50/><E34/><V47/><F47/><W35/><G105/><T3/><D3/><U63/><E63/><V70/><F70/><W9/><G9/><T106/><D106/><U31/><E76/><V119/><F119/><W49/><G49/><T26/><D54/><U28/><E28/><N who="3" m="10858" /><G73/><T57/><D57/><U79/><E79/><V2/><F2/><W115/><G35/><T40/><D40/><U33/><E33/><V101/><F108/><W130/><G130/><T124/><D124/><U19/><E31/><V81/><F81/><AGARI ba="1,0" hai="13,15,18,20,26,81,86,89,92,94,95" m="51723" machi="81" ten="30,1000,0" yaku="20,1" doraHai="127" who="0" fromWho="2" sc="264,13,212,0,306,-13,218,0" /><INIT seed="6,0,0,1,5,8" ten="277,212,293,218" oya="2" hai0="4,96,1,17,74,118,33,116,34,105,55,108,110" hai1="56,88,3,53,81,12,11,38,58,21,109,98,25" hai2="113,114,27,126,131,44,32,91,40,75,71,52,100" hai3="10,68,49,79,104,121,66,102,127,43,36,47,124"/><V19/><F71/><W84/><G121/><T42/><D74/><U111/><E38/><V51/><F75/><W76/><G102/><T135/><D42/><U99/><E3/><V134/><F134/><W20/><G104/><T50/><D50/><U61/><E109/><N who="0" m="42089" /><D55/><U85/><E56/><V2/><F2/><W83/><G76/><T132/><D96/><U73/><E73/><V106/><F126/><W89/><G36/><T92/><D92/><U16/><E111/><V133/><F133/><N who="0" m="51274" /><D105/><U86/><REACH who="1" step="1"/><E85/><REACH who="1" ten="277,202,293,218" step="2"/><V22/><F113/><W120/><G120/><T90/><D1/><U94/><E94/><V80/><F114/><W128/><G128/><T54/><D116/><U78/><E78/><V24/><F131/><W65/><G79/><T101/><D118/><U23/><E23/><V30/><F106/><W14/><G20/><T93/><D93/><U123/><E123/><V77/><F77/><W39/><G39/><T37/><D37/><U13/><E13/><V70/><F70/><W87/><G87/><T117/><D117/><U115/><E115/><V112/><F112/><W26/><G26/><T59/><D59/><U119/><E119/><V122/><F122/><W5/><REACH who="3" step="1"/><G68/><REACH who="3" ten="277,202,293,208" step="2"/><T130/><D130/><U125/><E125/><AGARI ba="0,2" hai="5,10,14,43,47,49,65,66,83,84,89,124,125,127" machi="125" ten="40,8000,1" yaku="1,1,2,1,18,1,52,1,53,0" doraHai="8" doraHaiUra="69" who="3" fromWho="1" sc="277,0,202,-80,293,0,208,100" /><INIT seed="7,0,0,5,2,78" ten="277,122,293,308" oya="3" hai0="8,81,26,44,109,77,110,99,30,18,95,22,101" hai1="60,75,13,91,76,10,102,45,122,51,74,112,56" hai2="5,104,42,50,120,33,53,9,23,84,135,105,121" hai3="39,36,52,103,130,19,93,46,89,14,40,11,54"/><W17/><G39/><T31/><D44/><U115/><E122/><N who="2" m="47211" /><F33/><W59/><G130/><T123/><D123/><U21/><E102/><V55/><F135/><W6/><G103/><T62/><D62/><U64/><E21/><V134/><F134/><W29/><G29/><T71/><D71/><U7/><E91/><V118/><F118/><W24/><G24/><T106/><D106/><U73/><REACH who="1" step="1"/><E76/><REACH who="1" ten="277,112,293,308" step="2"/><V35/><F35/><W2/><G2/><T41/><D31/><U98/><E98/><V132/><F132/><W94/><G94/><T68/><D30/><U117/><E117/><V116/><F23/><W49/><G54/><AGARI ba="0,1" hai="7,10,13,45,51,54,56,60,64,73,74,75,112,115" machi="54" ten="40,1300,0" yaku="1,1,53,0" doraHai="78" doraHaiUra="27" who="1" fromWho="3" sc="277,0,112,23,293,0,308,-13" /><INIT seed="8,0,0,4,3,127" ten="277,135,293,295" oya="0" hai0="28,89,121,124,99,134,10,80,75,32,44,37,91" hai1="56,4,46,58,128,21,103,86,33,23,118,101,38" hai2="40,6,108,53,109,114,63,59,111,126,43,2,132" hai3="135,26,81,105,68,36,69,64,7,22,54,1,123"/><T52/><D121/><U100/><E118/><V113/><F126/><W41/><G105/><T122/><D122/><U110/><E110/><V78/><F78/><W39/><G123/><T42/><D124/><U90/><E33/><V87/><F87/><W30/><G135/><T98/><D32/><U72/><E72/><V116/><F6/><W19/><G54/><T47/><D28/><U82/><E4/><V131/><F2/><W88/><G30/><T11/><D134/><U70/><E70/><V13/><F13/><W97/><G41/><N who="2" m="15945" /><F132/><W61/><G69/><T119/><D119/><U18/><E21/><V92/><F92/><W25/><G25/><T55/><D42/><U74/><E74/><V71/><F116/><W8/><G97/><T9/><D9/><U20/><E20/><V16/><F16/><W60/><G60/><T102/><D75/><U48/><E38/><V93/><F93/><W29/><G19/><T94/><D37/><U85/><E85/><V125/><F125/><W77/><G88/><T35/><D35/><U5/><E5/><V66/><F131/><W95/><G95/><T130/><D94/><U112/><E112/><V133/><F133/><W65/><G65/><T83/><D102/><U117/><E128/><AGARI ba="0,0" hai="10,11,44,47,52,55,80,83,89,91,98,99,128,130" machi="128" ten="25,12000,1" yaku="22,2,52,2,54,1" doraHai="127" who="0" fromWho="1" sc="277,120,135,-120,293,0,295,0" owari="397,49.0,15,-48.0,293,-11.0,295,10.0" /></mjloggm>