<mjloggm ver="2.3"><GO type="185" lobby="0"/><UN n0="%E9%95%B7%E5%85%89%E9%BA%BB%E5%A4%9C" n1="%E4%BD%8D%E9%B3%B3%E5%A4%A9" n2="%E3%82%84%E3%81%B7%E3%83%BC" n3="" dan="16,17,17,0" rate="2248.65,2179.78,2233.22,1500.00" sx="M,M,M,C"/><TAIKYOKU oya="0"/><INIT seed="0,0,0,1,2,94" ten="350,350,350,0" oya="0" hai0="107,65,64,56,74,103,72,60,62,77,69,49,106" hai1="118,58,53,48,101,120,128,38,108,43,54,80,59" hai2="3,100,92,85,126,45,57,71,98,127,124,114,75" hai3=""/><T87/><D87/><U86/><N who="1" m="30752" /><U76/><E118/><V78/><F3/><T110/><D110/><U52/><E128/><V42/><F71/><T73/><D77/><U84/><E108/><V105/><F114/><T40/><D40/><U61/><E101/><V66/><F75/><T97/><REACH who="0" step="1"/><D49/><REACH who="0" ten="340,350,350,0" step="2"/><U121/><N who="1" m="31008" /><U2/><E2/><V34/><F34/><T79/><D79/><U63/><E38/><V67/><F78/><T35/><D35/><U130/><E130/><V82/><F85/><T112/><D112/><U51/><E43/><V115/><F115/><T133/><D133/><U123/><N who="1" m="31520" /><U113/><E113/><V81/><F126/><T104/><AGARI ba="0,1" hai="56,60,62,64,65,69,72,73,74,97,103,104,106,107" machi="104" ten="40,5200,0" yaku="1,1,0,1,52,1,53,0" doraHai="94" doraHaiUra="83" who="0" fromWho="0" sc="340,62,350,-26,350,-26,0,0" /><INIT seed="0,1,0,5,1,117" ten="402,324,324,0" oya="0" hai0="99,35,71,70,96,118,41,130,131,134,115,75,133" hai1="2,53,48,116,97,74,59,87,102,77,84,109,83" hai2="127,40,108,122,51,123,61,107,58,106,34,124,1" hai3=""/><T67/><D35/><U132/><E116/><V44/><N who="2" m="31264" /><V78/><N who="2" m="31520" /><V63/><F34/><T49/><D118/><U86/><E2/><V94/><F1/><T126/><D115/><U128/><E109/><V80/><F94/><T92/><D75/><U129/><REACH who="1" step="1"/><E132/><REACH who="1" ten="402,314,324,0" step="2"/><V62/><F108/><T37/><D133/><U42/><E42/><V105/><REACH who="2" step="1"/><F58/><REACH who="2" ten="402,314,314,0" step="2"/><T54/><D134/><U32/><E32/><V89/><F89/><T112/><D92/><AGARI ba="1,2" hai="48,53,59,74,77,83,84,86,87,92,97,102,128,129" machi="92" ten="40,1300,0" yaku="1,1,53,0" doraHai="117" doraHaiUra="56" who="1" fromWho="0" sc="402,-15,314,35,314,0,0,0" /><INIT seed="1,0,0,1,0,56" ten="387,349,314,0" oya="1" hai0="67,64,124,113,89,114,43,93,50,80,130,117,125" hai1="118,49,58,119,121,72,105,132,98,1,71,107,110" hai2="123,51,74,34,88,112,46,99,47,133,127,82,128" hai3=""/><U54/><N who="1" m="31008" /><U53/><E1/><V78/><N who="2" m="31520" /><V33/><F128/><T77/><D130/><U104/><E71/><V57/><F133/><T81/><D117/><U59/><E72/><V32/><F127/><N who="0" m="48714" /><D50/><U135/><E98/><V44/><F112/><N who="0" m="43114" /><D43/><U109/><E107/><V36/><F36/><T131/><D131/><U83/><E83/><N who="0" m="31817" /><D77/><U90/><E90/><V55/><F34/><T134/><D134/><U2/><E2/><V63/><F33/><T91/><D93/><U94/><E94/><V103/><F32/><T96/><D96/><U73/><E49/><V70/><F70/><T106/><D106/><U95/><E95/><V108/><F51/><T111/><D111/><U97/><E97/><V79/><F108/><T52/><D89/><U84/><E73/><V101/><F79/><T122/><N who="0" m="31264" /><T65/><D91/><U66/><E66/><V68/><F68/><T87/><D87/><AGARI ba="0,0" hai="53,54,58,59,84,87,104,105,109,110,118,119,132,135" m="31008" machi="87" ten="25,4800,0" yaku="22,2,52,1" doraHai="56" who="1" fromWho="0" sc="387,-48,349,48,314,0,0,0" /><INIT seed="1,1,0,3,4,52" ten="339,397,314,0" oya="1" hai0="44,123,77,39,0,131,110,121,125,95,69,133,64" hai1="61,98,97,99,49,48,36,119,3,59,67,118,82" hai2="114,83,43,108,107,100,62,127,86,128,68,57,79" hai3=""/><U70/><E3/><V80/><F108/><T126/><N who="0" m="31008" /><T101/><N who="0" m="31520" /><T84/><D0/><U88/><E36/><V93/><F128/><T53/><D110/><U55/><E82/><V122/><N who="2" m="31264" /><V66/><F127/><N who="0" m="48650" /><D131/><U42/><E42/><V50/><F114/><T135/><D64/><U92/><REACH who="1" step="1"/><E48/><REACH who="1" ten="339,387,314,0" step="2"/><V102/><F43/><T129/><D129/><U32/><E32/><V33/><F33/><T41/><D133/><U81/><E81/><V51/><F51/><T35/><D135/><U132/><E132/><V120/><N who="2" m="30752" /><V117/><F80/><T2/><D2/><U1/><E1/><V105/><F117/><AGARI ba="1,1" hai="49,55,59,61,67,70,88,92,97,98,99,117,118,119" machi="117" ten="40,12000,1" yaku="1,1,52,1,54,1,53,1" doraHai="52" doraHaiUra="45" who="1" fromWho="2" sc="339,0,387,132,314,-122,0,0" /><INIT seed="1,2,0,3,1,58" ten="339,519,192,0" oya="1" hai0="118,56,89,74,62,99,80,57,121,51,81,77,97" hai1="124,106,111,61,117,94,59,92,88,115,132,36,66" hai2="52,112,3,41,67,37,119,1,108,64,49,68,125" hai3=""/><U95/><E117/><V50/><F3/><T109/><N who="0" m="31008" /><T85/><D118/><U32/><E115/><V116/><F1/><T129/><D129/><U127/><E32/><V87/><F112/><T76/><D109/><U93/><E106/><V126/><F87/><T39/><D39/><U63/><E36/><V98/><F98/><T55/><REACH who="0" step="1"/><D77/><REACH who="0" ten="329,519,192,0" step="2"/><U75/><E111/><V133/><F108/><T42/><D42/><U110/><E110/><V113/><F113/><T107/><D107/><U34/><E34/><V103/><F37/><T102/><D102/><U78/><E132/><V2/><F103/><T44/><D44/><U73/><E78/><V54/><F2/><T69/><D69/><U90/><E90/><V79/><F79/><T45/><D45/><U60/><E75/><V105/><F105/><T71/><D71/><U122/><N who="1" m="31264" /><U46/><E73/><V53/><F133/><T120/><N who="0" m="30752" /><T114/><D114/><U128/><E46/><V35/><F35/><T43/><D43/><U38/><E38/><V130/><F41/><T123/><N who="0" m="31520" /><T47/><D47/><U131/><E131/><V86/><F130/><T96/><D96/><U100/><E128/><V70/><F119/><T134/><D134/><RYUUKYOKU ba="2,1" sc="329,20,519,-10,192,-10,0,0" hai0="51,55,56,57,62,74,76,80,81,85,89,97,99" /><INIT seed="2,3,1,5,2,85" ten="349,509,182,0" oya="2" hai0="37,105,49,70,3,52,40,133,112,54,88,111,97" hai1="132,53,109,130,33,92,35,75,41,80,46,73,119" hai2="79,65,128,72,36,99,47,125,39,60,63,123,81" hai3=""/><V89/><N who="2" m="31520" /><V84/><F128/><T102/><D3/><U134/><E109/><V94/><F125/><T64/><D111/><U127/><E127/><V107/><F47/><T95/><D112/><U76/><E119/><V91/><F63/><T68/><D133/><N who="1" m="51307" /><E130/><V62/><F62/><T135/><D135/><U96/><E53/><V51/><F51/><T58/><D54/><U104/><E75/><V66/><F66/><T32/><D32/><U124/><E124/><V108/><F108/><T78/><D78/><U93/><E104/><V118/><F118/><T48/><D48/><U59/><E59/><V38/><F107/><T129/><D129/><U103/><E93/><V126/><F126/><T57/><D57/><U45/><E45/><V56/><REACH who="2" step="1"/><F72/><REACH who="2" ten="349,509,172,0" step="2"/><T0/><D64/><U83/><E33/><V121/><N who="2" m="31008" /><V42/><F42/><T74/><D74/><U114/><E35/><V71/><F71/><T90/><D105/><U116/><E116/><V77/><AGARI ba="3,2" hai="36,38,39,56,60,65,77,79,81,84,89,91,94,99" m="31008,31520" machi="77" ten="40,16000,3" yaku="1,1,0,1,52,4,53,3" doraHai="85" doraHaiUra="69" who="2" fromWho="2" sc="349,-83,509,-83,172,186,0,0" /><INIT seed="2,4,0,5,1,73" ten="266,426,358,0" oya="2" hai0="59,134,91,45,133,49,37,116,55,56,66,88,75" hai1="43,119,97,50,71,83,76,57,58,115,125,135,3" hai2="42,104,127,90,129,102,53,113,128,51,109,52,65" hai3=""/><V81/><F113/><T132/><D75/><U44/><E3/><V40/><F65/><T48/><D116/><U92/><E119/><V39/><F39/><T74/><D74/><U35/><E35/><V69/><F69/><T87/><D66/><U62/><E115/><V126/><F104/><T33/><D33/><U100/><E135/><V64/><F102/><T70/><D70/><U60/><E125/><N who="2" m="47627" /><F64/><T67/><D37/><U101/><E71/><V108/><F90/><T61/><REACH who="0" step="1"/><D87/><REACH who="0" ten="256,426,358,0" step="2"/><U85/><REACH who="1" step="1"/><E101/><REACH who="1" ten="256,416,358,0" step="2"/><V106/><F129/><T84/><D84/><U68/><E68/><V98/><F128/><T38/><D38/><U123/><N who="1" m="31520" /><U78/><E78/><V41/><F98/><T124/><D124/><U131/><E131/><V105/><F109/><T46/><D46/><U93/><E93/><V54/><F108/><T107/><D107/><U32/><E32/><V130/><F130/><T103/><D103/><U63/><AGARI ba="4,2" hai="43,44,50,57,58,60,62,63,76,83,85,92,97,100" m="31520" machi="63" ten="30,9000,2" yaku="1,1,0,1,8,1,52,2,53,1" doraHai="73" doraHaiUra="47" who="1" fromWho="1" sc="256,-34,416,118,358,-64,0,0" /><INIT seed="4,0,0,1,0,93" ten="222,534,294,0" oya="0" hai0="38,132,108,2,116,75,67,104,86,64,114,66,88" hai1="128,123,65,52,113,126,121,106,110,0,73,111,118" hai2="33,90,63,40,58,97,89,78,84,62,55,1,77" hai3=""/><T41/><D2/><U34/><E52/><V115/><F1/><T81/><D116/><U125/><E65/><V74/><F33/><T61/><D114/><U109/><N who="1" m="31008" /><U37/><E111/><V49/><F115/><T96/><D108/><U70/><E110/><V69/><F74/><T107/><D75/><U59/><E59/><V135/><F135/><AGARI ba="0,0" hai="0,34,37,70,73,106,109,113,118,123,125,126,128,135" m="31008" machi="135" ten="0,32000,5" yakuman="47" doraHai="93" who="1" fromWho="2" sc="222,0,534,320,294,-320,0,0" owari="222,-18.0,854,81.0,-26,-63.0,0,0.0" /></mjloggm>