<mjloggm ver="2.3"><GO type="225" lobby="0"/><UN n0="%70%69%6E%70%69%6E%36" n1="%E5%BE%80%E5%B9%B4%E3%81%AE%E3%82%B4%E3%83%AA%E3%83%A9" n2="%E9%9F%93%E8%A1%9B%E9%9D%92" n3="%E7%AB%8B%E8%8F%AF%E5%A5%8F" dan="16,16,16,16" rate="2187.76,2080.59,2177.86,2164.23" sx="M,M,F,F"/><TAIKYOKU oya="0"/><INIT seed="0,0,0,1,4,11" ten="250,250,250,250" oya="0" hai0="15,4,77,90,81,52,101,51,27,93,6,110,113" hai1="44,92,104,67,128,111,118,10,88,75,119,0,86" hai2="85,29,45,94,25,108,2,47,83,82,50,28,89" hai3="71,87,68,131,54,53,129,102,73,91,115,124,13"/><T12/><D113/><U76/><E67/><V105/><F2/><W103/><G115/><T123/><D123/><U133/><E133/><V36/><F105/><W98/><G73/><T70/><D70/><U14/><E128/><N who="3" m="49226" /><G124/><T95/><D101/><N who="3" m="38409" /><G98/><N who="0" m="57655" /><D95/><U135/><E104/><V121/><F121/><W17/><G68/><T33/><D33/><U109/><E0/><V49/><F108/><N who="1" m="41545" /><E44/><V40/><F36/><W5/><G5/><N who="0" m="2155" /><D110/><U21/><E135/><V59/><F59/><W106/><G71/><T46/><D27/><U39/><E39/><V20/><REACH who="2" step="1"/><F29/><REACH who="2" ten="250,250,240,250" step="2"/><W1/><G1/><T125/><D125/><U32/><E119/><V19/><F19/><W3/><G3/><T61/><D61/><U116/><E118/><V134/><F134/><W35/><G106/><T63/><D63/><U55/><E116/><V114/><F114/><W8/><G35/><T65/><D65/><U96/><E32/><V7/><F7/><W23/><G23/><T34/><D34/><U64/><E21/><V57/><F57/><W74/><G74/><T48/><D48/><U43/><E75/><V58/><F58/><W69/><G69/><T62/><D62/><U26/><E64/><V79/><F79/><W16/><G17/><T132/><D132/><U112/><E112/><V99/><F99/><W78/><G78/><T38/><D38/><U60/><E96/><V120/><F120/><W22/><G22/><T66/><D66/><U126/><E76/><V31/><F31/><W41/><G41/><AGARI ba="0,1" hai="20,25,28,40,41,45,47,49,50,82,83,85,89,94" machi="41" ten="30,7700,0" yaku="1,1,7,1,9,1,8,1,53,0" doraHai="11" doraHaiUra="30" who="2" fromWho="3" sc="250,0,250,0,240,87,250,-77" /><INIT seed="1,0,0,1,3,48" ten="250,250,327,173" oya="1" hai0="120,135,80,6,13,22,45,43,79,96,51,28,69" hai1="100,15,115,61,77,66,82,1,124,23,133,85,49" hai2="64,73,102,20,87,60,98,47,2,97,56,84,17" hai3="53,131,91,134,29,34,11,110,122,57,130,126,32"/><U62/><E1/><V109/><F73/><W127/><G122/><T25/><D135/><U36/><E36/><V63/><F2/><W38/><G38/><T94/><D69/><U92/><E115/><V9/><F109/><W74/><G74/><T106/><D106/><U10/><E133/><V3/><F47/><W78/><G78/><T21/><D120/><U89/><E100/><V101/><F3/><W70/><G70/><T128/><D128/><N who="3" m="49193" /><G134/><T46/><D46/><U104/><E104/><V118/><F9/><W31/><G110/><T4/><D13/><U24/><E49/><V105/><F118/><W108/><G108/><T72/><REACH who="0" step="1"/><D22/><REACH who="0" ten="240,250,327,173" step="2"/><U30/><E124/><N who="3" m="47658" /><G11/><T50/><D50/><U52/><E15/><V103/><F105/><W129/><N who="3" m="49201" /><W27/><DORA hai="76" /><G91/><AGARI ba="0,1" hai="4,6,21,25,28,43,45,51,72,79,80,91,94,96" machi="91" ten="30,7700,0" yaku="1,1,7,1,52,1,53,1" doraHai="48,76" doraHaiUra="44,68" who="0" fromWho="3" sc="240,87,250,0,327,0,173,-77" /><INIT seed="2,0,0,1,0,68" ten="327,250,327,96" oya="2" hai0="2,133,54,98,135,16,70,60,52,124,21,51,14" hai1="75,113,31,10,80,82,37,3,55,77,104,89,88" hai2="87,117,6,39,53,84,66,7,9,23,42,29,12" hai3="83,46,110,33,63,96,132,69,81,32,18,90,122"/><V4/><F117/><W125/><G122/><T99/><D2/><U65/><E104/><V19/><F66/><W8/><G125/><T74/><D74/><U127/><E127/><V35/><F35/><W102/><G132/><N who="0" m="50763" /><D124/><U30/><E65/><V5/><F29/><W123/><G123/><T48/><D70/><U86/><E113/><V50/><F42/><W94/><G110/><T44/><D60/><U91/><E55/><V78/><F39/><W116/><G116/><T17/><D17/><U11/><E11/><V85/><N who="2" m="1024" /><DORA hai="41" /><V126/><F126/><W129/><G129/><T100/><D100/><U1/><E10/><V72/><F72/><W107/><G63/><T76/><D76/><U64/><E64/><V73/><F73/><W27/><G69/><T47/><AGARI ba="0,0" hai="14,16,21,44,47,48,51,52,54,98,99" m="50763" machi="47" ten="30,8000,1" yaku="20,1,52,2,54,2" doraHai="68,41" who="0" fromWho="0" sc="327,80,250,-20,327,-40,96,-20" /><INIT seed="3,0,0,5,4,46" ten="407,230,287,76" oya="3" hai0="93,2,133,96,132,86,41,14,32,103,99,16,79" hai1="89,12,119,105,29,19,15,134,92,95,80,102,110" hai2="9,30,3,118,135,1,22,65,21,43,88,34,113" hai3="94,44,18,26,116,13,36,58,17,122,51,83,53"/><W115/><G116/><T52/><D2/><U55/><E105/><V73/><F73/><W127/><G115/><T112/><D32/><U63/><E29/><V72/><F72/><W40/><G122/><T37/><D112/><U85/><E110/><V60/><F113/><W111/><G111/><T57/><D41/><U35/><E35/><V104/><F118/><W38/><G127/><T69/><D37/><U31/><E31/><V68/><F135/><N who="0" m="51786" /><D69/><U50/><E119/><V84/><F43/><W8/><G83/><N who="0" m="47487" /><D93/><U23/><E102/><V62/><F104/><W56/><G94/><T129/><D103/><U45/><E134/><V114/><F114/><W77/><G77/><T71/><D71/><U78/><E78/><V64/><F34/><W61/><REACH who="3" step="1"/><G58/><REACH who="3" ten="407,230,287,66" step="2"/><T5/><D129/><U76/><E76/><V90/><F68/><W128/><G128/><T4/><D96/><U24/><E92/><V108/><F108/><W47/><G47/><T120/><D99/><U124/><E124/><V48/><F84/><W7/><G7/><T20/><D120/><U107/><E95/><V125/><F125/><W28/><G28/><T123/><D123/><U74/><E107/><V39/><F30/><W130/><G130/><T126/><D126/><U49/><E45/><V87/><F87/><W27/><G27/><T106/><D106/><U131/><E131/><V67/><F90/><W25/><G25/><T33/><D33/><U117/><E117/><V66/><N who="2" m="16384" /><DORA hai="70" /><V109/><F88/><W101/><G101/><T121/><D121/><U6/><E6/><V81/><F109/><RYUUKYOKU ba="0,1" sc="407,15,230,-15,287,-15,66,15" hai0="4,5,14,16,20,52,57" hai3="8,13,17,18,26,36,38,40,44,51,53,56,61" /><INIT seed="3,1,1,1,1,125" ten="422,215,272,81" oya="3" hai0="134,49,9,63,57,46,135,89,121,19,38,106,119" hai1="27,73,12,93,116,66,47,81,21,105,68,51,14" hai2="103,67,123,17,120,43,10,69,114,22,117,94,23" hai3="7,53,39,130,33,97,2,113,5,11,20,115,107"/><W29/><G39/><T0/><D38/><U74/><E105/><V82/><F114/><N who="3" m="43531" /><G53/><T79/><D106/><U98/><E116/><V100/><F117/><W52/><G52/><N who="0" m="29751" /><D119/><U133/><E66/><V110/><F43/><W62/><G62/><T13/><D0/><U28/><E68/><V48/><F48/><W24/><G97/><T127/><D127/><U83/><E73/><V25/><F67/><W132/><G107/><T111/><D111/><U54/><E133/><N who="0" m="50697" /><D121/><U76/><E81/><V75/><F82/><W87/><G87/><T42/><D42/><U30/><E30/><V31/><F75/><W44/><G44/><T45/><D45/><U86/><E74/><V37/><F94/><W36/><G36/><T55/><D89/><AGARI ba="1,1" hai="12,14,21,27,28,47,51,54,76,83,86,89,93,98" machi="89" ten="30,2000,0" yaku="7,1,8,1" doraHai="125" who="1" fromWho="0" sc="422,-23,215,33,272,0,81,0" owari="399,50.0,248,-15.0,272,7.0,81,-42.0" /></mjloggm>