<mjloggm ver="2.3"><GO type="169" lobby="0"/><UN n0="%E5%A4%A7%E8%B3%A2%E8%89%AF%E5%B8%AB" n1="%E2%91%A3%E3%82%BB%E3%83%B3%E3%83%81" n2="%E8%8D%92%E5%B7%9D%E5%95%93%E5%90%BE" n3="%E3%81%86%E3%81%95%E3%81%8E%E3%83%95%E3%82%A1%E3%83%B3%E3%82%B7%E3%83%BC" dan="16,18,18,17" rate="2054.38,2240.80,2289.78,2134.20" sx="M,M,M,F"/><TAIKYOKU oya="0"/><INIT seed="0,0,0,3,3,37" ten="250,250,250,250" oya="0" hai0="92,85,27,33,5,15,0,71,77,49,22,30,123" hai1="129,78,40,126,43,94,111,47,56,119,14,88,132" hai2="84,72,17,25,116,36,60,74,11,50,125,18,83" hai3="120,73,115,3,103,112,39,23,75,130,104,135,46"/><T4/><D123/><U55/><E119/><V76/><F36/><W32/><RYUUKYOKU type="yao9" ba="0,0" sc="250,0,250,0,250,0,250,0" hai3="3,23,32,39,46,73,75,103,104,112,115,120,130,135" /><INIT seed="0,1,0,3,5,21" ten="250,250,250,250" oya="0" hai0="112,56,14,4,120,97,22,7,74,83,64,36,65" hai1="43,68,116,118,125,37,80,132,115,11,98,126,75" hai2="108,3,76,86,129,90,81,29,107,67,35,111,103" hai3="54,95,72,96,33,102,94,24,135,58,10,45,119"/><T123/><D112/><U31/><E68/><V30/><F3/><W60/><G119/><T34/><D34/><U23/><E115/><V2/><F2/><W100/><G135/><T128/><D128/><U17/><E43/><V39/><F39/><W62/><G72/><T28/><D36/><U84/><E75/><V133/><F133/><W51/><G10/><T40/><D40/><U15/><E37/><V122/><F122/><W50/><G33/><T44/><D44/><U127/><E98/><N who="2" m="61943" /><F129/><W42/><G24/><N who="0" m="16407" /><D74/><U110/><E132/><V12/><F35/><W130/><G130/><T69/><D69/><U121/><E121/><V55/><F67/><N who="0" m="25674" /><D123/><U8/><E110/><N who="2" m="42027" /><F55/><W0/><G0/><T73/><D73/><U91/><REACH who="1" step="1"/><E8/><REACH who="1" ten="250,240,250,250" step="2"/><V77/><F12/><W47/><G96/><T134/><D14/><U99/><E99/><V82/><F77/><W5/><G42/><T20/><D97/><U87/><E87/><AGARI ba="1,1" hai="29,30,76,81,82,86,87,90" m="42027,61943" machi="87" ten="30,1000,0" yaku="14,1" doraHai="21" who="2" fromWho="1" sc="250,0,240,-13,250,23,250,0" /><INIT seed="1,0,0,4,4,33" ten="250,227,273,250" oya="1" hai0="36,122,37,65,78,66,99,23,45,13,46,54,4" hai1="112,59,48,1,3,90,5,10,134,105,24,106,51" hai2="11,71,104,15,47,93,116,124,83,82,135,118,102" hai3="64,55,16,0,2,70,115,92,132,108,56,98,123"/><U6/><E112/><V129/><F71/><W27/><G115/><T35/><D35/><U126/><E126/><V114/><F104/><W107/><G123/><T128/><D122/><U22/><E134/><V73/><F114/><W119/><G107/><T117/><D117/><U17/><E90/><V49/><F73/><W53/><G119/><T67/><D78/><U63/><E106/><V96/><F124/><W72/><G72/><T43/><D99/><U94/><E94/><V75/><F135/><W7/><G132/><T125/><D125/><U32/><E32/><V14/><F129/><W120/><G120/><T31/><D128/><U42/><E42/><V28/><F28/><W74/><G74/><T9/><D31/><U89/><E89/><V58/><F15/><W80/><G80/><T97/><D97/><U68/><E68/><V57/><F116/><W12/><G7/><T95/><D95/><U109/><E109/><V77/><F83/><W84/><G84/><T88/><D88/><U39/><E39/><V30/><F30/><W101/><G27/><T29/><D29/><U130/><E130/><V121/><F121/><W50/><G55/><T100/><D100/><U133/><E133/><V79/><F79/><W20/><REACH who="3" step="1"/><G108/><REACH who="3" ten="250,227,273,240" step="2"/><T127/><D127/><U131/><E131/><V38/><F118/><W52/><G52/><T85/><D54/><N who="1" m="34295" /><E105/><V103/><F75/><W18/><G18/><T69/><D85/><U44/><E44/><V40/><F47/><W34/><G34/><T76/><D46/><U62/><E62/><AGARI ba="0,1" hai="0,2,12,16,20,50,53,56,62,64,70,92,98,101" machi="62" ten="40,8000,1" yaku="1,1,52,2,54,1,53,0" doraHai="33" doraHaiUra="113" who="3" fromWho="1" sc="250,0,227,-80,273,0,240,90" /><INIT seed="2,0,0,1,2,46" ten="250,147,273,330" oya="2" hai0="111,98,59,15,134,92,22,72,109,12,94,55,93" hai1="71,21,16,61,8,127,125,27,67,70,0,40,120" hai2="104,123,24,87,110,23,60,89,2,32,3,41,52" hai3="53,14,10,66,128,58,108,113,19,54,116,133,121"/><V35/><F104/><W105/><G116/><T44/><D72/><U99/><E120/><V103/><F103/><W20/><G121/><T130/><D130/><U117/><E117/><V48/><F123/><W122/><G122/><T68/><D68/><U63/><E40/><V9/><F110/><N who="0" m="41994" /><D134/><U81/><E81/><V85/><F85/><W5/><G108/><T77/><D77/><U43/><E43/><V57/><F32/><W83/><G133/><T91/><D44/><U33/><E33/><V76/><F76/><W56/><G105/><T62/><D22/><U96/><E0/><V39/><F39/><W25/><G128/><T100/><D93/><U38/><E8/><V47/><F9/><W119/><G119/><T80/><D80/><U26/><E26/><V131/><F35/><W29/><G113/><T50/><D62/><U124/><REACH who="1" step="1"/><E38/><REACH who="1" ten="250,137,273,330" step="2"/><V28/><F131/><W75/><G83/><AGARI ba="0,1" hai="2,3,23,24,28,41,47,48,52,57,60,83,87,89" machi="83" ten="30,5800,0" yaku="7,1,52,1,54,1" doraHai="46" who="2" fromWho="3" sc="250,0,137,0,273,68,330,-58" /><INIT seed="2,1,0,2,1,49" ten="250,137,341,272" oya="2" hai0="52,132,46,90,114,80,36,104,111,8,7,93,87" hai1="79,60,56,51,86,107,94,112,131,74,109,124,31" hai2="55,66,85,37,15,81,97,58,9,101,130,63,2" hai3="127,88,44,129,128,24,53,69,18,123,29,11,75"/><V14/><F37/><W78/><G123/><T35/><D104/><U103/><E112/><V38/><F38/><W34/><G69/><T28/><D114/><U96/><E109/><V116/><F116/><W59/><G127/><T23/><D111/><U62/><E124/><V119/><F119/><W45/><G78/><T20/><D132/><U67/><E131/><N who="3" m="50250" /><G75/><T121/><D121/><U16/><E74/><V19/><F130/><W83/><G11/><T72/><D35/><U102/><E31/><V41/><F41/><W98/><G18/><T76/><D28/><U122/><E122/><V113/><F113/><W26/><G26/><T135/><D135/><U134/><E134/><V99/><F2/><W105/><G105/><T100/><D100/><U3/><E3/><V125/><F125/><W33/><G33/><T106/><D106/><U61/><E103/><V21/><F66/><W10/><G10/><T40/><D8/><U12/><E51/><V64/><F64/><W13/><G13/><T95/><D7/><U57/><E67/><V91/><REACH who="2" step="1"/><F101/><REACH who="2" ten="250,137,331,272" step="2"/><W84/><G98/><T133/><D133/><U48/><E107/><V115/><F115/><W82/><G82/><T47/><REACH who="0" step="1"/><D95/><REACH who="0" ten="240,137,331,272" step="2"/><U65/><E94/><V27/><F27/><W39/><G39/><T32/><D32/><U117/><E102/><V17/><AGARI ba="1,2" hai="9,14,15,17,19,21,55,58,63,81,85,91,97,99" machi="17" ten="20,12000,1" yaku="1,1,0,1,7,1,8,1,52,1,53,0" doraHai="49" doraHaiUra="73" who="2" fromWho="2" sc="240,-41,137,-41,331,143,272,-41" /><INIT seed="2,2,0,4,1,75" ten="199,96,474,231" oya="2" hai0="40,0,123,101,36,91,109,98,132,68,135,95,10" hai1="130,1,45,113,47,14,73,117,67,19,22,70,6" hai2="49,129,43,89,3,72,16,54,88,32,17,46,31" hai3="84,7,21,62,26,18,112,33,85,61,100,59,28"/><V56/><F3/><W131/><G112/><T35/><D123/><U12/><E113/><V78/><F129/><W99/><G131/><T76/><D68/><U128/><E117/><V124/><F124/><W116/><G116/><T5/><D35/><U34/><E14/><V52/><F32/><W64/><G7/><T50/><D109/><U127/><E127/><V42/><F31/><W29/><G29/><T92/><D36/><U8/><E73/><V110/><F110/><W82/><G82/><T48/><D76/><U83/><E83/><V57/><F72/><W115/><G115/><T107/><D107/><U108/><E108/><V97/><F78/><W79/><G79/><T77/><D77/><U93/><E93/><N who="2" m="56487" /><F89/><W39/><G39/><T106/><D106/><U122/><E122/><V2/><F2/><W80/><G80/><T55/><D40/><N who="2" m="15402" /><F46/><W69/><G99/><T58/><REACH who="0" step="1"/><D50/><AGARI ba="2,0" hai="16,17,49,50,52,54,56,57" m="15402,56487" machi="50" ten="30,11600,0" yaku="8,1,54,3" doraHai="75" who="2" fromWho="0" sc="199,-122,96,0,474,122,231,0" /><INIT seed="2,3,0,4,0,95" ten="77,96,596,231" oya="2" hai0="130,64,80,54,72,33,37,55,27,79,9,98,46" hai1="0,62,19,43,99,96,78,129,113,49,74,7,42" hai2="38,29,134,36,39,21,22,25,16,75,132,105,112" hai3="92,11,120,24,67,1,135,6,2,4,30,103,57"/><V28/><F75/><W106/><G120/><T58/><D130/><U34/><E34/><V10/><F112/><W73/><G135/><T60/><D9/><U121/><E113/><V81/><F81/><W68/><G57/><T82/><D82/><U53/><E74/><V15/><REACH who="2" step="1"/><F105/><REACH who="2" ten="77,96,586,231" step="2"/><W51/><G73/><T88/><D72/><U45/><E121/><V47/><F47/><W69/><G106/><T93/><D46/><U86/><E129/><V109/><F109/><W63/><G69/><T59/><D80/><N who="1" m="47383" /><E0/><V35/><F35/><W52/><G2/><T84/><D33/><U94/><E7/><V8/><F8/><W126/><G6/><T108/><D108/><U41/><E94/><V111/><F111/><W116/><G92/><T17/><D79/><U101/><E101/><V18/><F18/><W122/><G103/><T66/><D17/><U104/><E104/><V61/><F61/><W110/><G110/><T87/><D60/><U100/><E100/><V77/><F77/><W124/><G122/><T48/><D93/><U13/><E62/><V26/><AGARI ba="3,1" hai="10,15,16,21,22,25,26,28,29,36,38,39,132,134" machi="26" ten="40,12000,1" yaku="1,1,0,1,9,1,54,1,53,0" doraHai="95" doraHaiUra="133" who="2" fromWho="2" sc="77,-43,96,-43,586,139,231,-43" /><INIT seed="2,4,0,2,0,63" ten="34,53,725,188" oya="2" hai0="83,19,99,18,31,110,41,45,66,44,0,88,17" hai1="79,50,64,53,33,111,42,74,92,76,54,20,119" hai2="101,25,97,9,127,84,59,39,93,36,118,10,52" hai3="87,73,112,26,121,94,35,38,130,14,95,68,62"/><V56/><F118/><W131/><G121/><T69/><D110/><U15/><E33/><V3/><F127/><W132/><G73/><T105/><D0/><U1/><E1/><V8/><F3/><W23/><G38/><T43/><D31/><U4/><E74/><V108/><F108/><W124/><G124/><T28/><D28/><U109/><E119/><V27/><F84/><W100/><G132/><T122/><D122/><U51/><E42/><N who="0" m="15881" /><D69/><U49/><E109/><V129/><F129/><W46/><G46/><N who="0" m="18027" /><D105/><U32/><E32/><V7/><F7/><W134/><G134/><T103/><D103/><U126/><E126/><V80/><F80/><W81/><G35/><T77/><D77/><U120/><E79/><V116/><F116/><W11/><G100/><T48/><D48/><U6/><E76/><V2/><F2/><W115/><G68/><T82/><D66/><U85/><E64/><V65/><F65/><W5/><G130/><T106/><D106/><U34/><E34/><V104/><F104/><W135/><G135/><T71/><D71/><U107/><E107/><V21/><F59/><W133/><G133/><T78/><D78/><U47/><E120/><V57/><F56/><W55/><G131/><T89/><D99/><U96/><E96/><V61/><REACH who="2" step="1"/><F27/><REACH who="2" ten="34,53,715,188" step="2"/><W123/><G123/><T117/><D117/><U40/><E111/><V98/><F98/><W114/><G114/><T16/><N who="0" m="4608" /><DORA hai="91" /><T113/><D113/><U102/><E40/><V70/><F70/><W30/><G115/><T86/><D86/><U37/><E85/><V24/><F24/><RYUUKYOKU ba="4,1" sc="34,15,53,-15,715,15,188,-15" hai0="82,83,88,89" hai2="8,9,10,21,25,36,39,52,57,61,93,97,101" /><INIT seed="2,5,1,0,3,116" ten="49,38,730,173" oya="2" hai0="54,23,40,85,6,29,15,28,117,128,88,74,38" hai1="57,95,70,22,46,0,135,106,53,19,12,14,72" hai2="17,25,114,62,27,52,127,63,126,91,9,75,61" hai3="86,18,82,49,56,67,105,78,58,131,71,134,44"/><V80/><F114/><W73/><G105/><T103/><D117/><U65/><E106/><V96/><F75/><W100/><G100/><T94/><D74/><U107/><E107/><V79/><F79/><W123/><G134/><T8/><D128/><U108/><E0/><V99/><F80/><W21/><G131/><T45/><D103/><U109/><E72/><V98/><F91/><W104/><G104/><T66/><D66/><U68/><E135/><V60/><F9/><W64/><G123/><T120/><D120/><U133/><E133/><V111/><F111/><N who="1" m="42569" /><E65/><N who="3" m="25162" /><G71/><N who="1" m="27178" /><E95/><V47/><F17/><W122/><G122/><T89/><D89/><U119/><E46/><V124/><F47/><W2/><G2/><T42/><D42/><U7/><E119/><V112/><F112/><W11/><G11/><T84/><D84/><U121/><E7/><V77/><F77/><W55/><G73/><T113/><D113/><U33/><E33/><V35/><F35/><W110/><G110/><T102/><D102/><U3/><E3/><V16/><F16/><W130/><G130/><T30/><REACH who="0" step="1"/><D54/><REACH who="0" ten="39,38,730,173" step="2"/><U83/><E121/><V10/><F10/><W43/><G55/><T20/><AGARI ba="5,2" hai="6,8,15,20,23,28,29,30,38,40,45,85,88,94" machi="20" ten="30,12000,2" yaku="1,1,2,1,0,1,54,1,53,3" doraHai="116" doraHaiUra="24" who="0" fromWho="0" sc="39,155,38,-35,730,-65,173,-35" /><INIT seed="3,0,0,1,4,125" ten="194,3,665,138" oya="3" hai0="104,26,58,113,35,95,41,70,27,42,133,105,92" hai1="55,29,87,11,122,135,22,19,123,16,14,52,34" hai2="117,74,86,84,21,47,39,121,45,12,67,129,78" hai3="97,112,130,106,24,114,7,0,3,64,85,51,57"/><W80/><G24/><N who="0" m="9259" /><D35/><U15/><E34/><V25/><F67/><W37/><G37/><T94/><D70/><U101/><E29/><V10/><F74/><W36/><G36/><T53/><D113/><U127/><E127/><V5/><F117/><W43/><G3/><T13/><D13/><U132/><E87/><V111/><F129/><W110/><G130/><T107/><D133/><N who="1" m="51275" /><E101/><V33/><F33/><W44/><G110/><T68/><D68/><U61/><E61/><V23/><F78/><W18/><G7/><T2/><D2/><U72/><E72/><V8/><F111/><W46/><G0/><T30/><D30/><U59/><E59/><V99/><F99/><W40/><G57/><T38/><D38/><U63/><E63/><V118/><F118/><W96/><G18/><T69/><D69/><U28/><E28/><V119/><F119/><W77/><G64/><T93/><N who="0" m="24064" /><DORA hai="100" /><T1/><D1/><U131/><E131/><V9/><F39/><W91/><G77/><T128/><D128/><U116/><E116/><V81/><F45/><W62/><G62/><T98/><D98/><U32/><E32/><V71/><F47/><W83/><G97/><T88/><D88/><U65/><E65/><V76/><F71/><W49/><G83/><T115/><D115/><U120/><AGARI ba="0,0" hai="11,14,15,16,19,22,52,55,120,122,123" m="51275" machi="120" ten="40,5200,0" yaku="20,1,54,2" doraHai="125,100" who="1" fromWho="1" sc="194,-13,3,52,665,-13,138,-26" /><INIT seed="4,0,0,3,5,121" ten="181,55,652,112" oya="0" hai0="67,23,92,131,2,31,1,78,50,85,46,9,34" hai1="127,60,120,55,82,126,57,45,29,77,118,35,53" hai2="119,117,10,97,113,5,26,108,24,130,44,128,110" hai3="54,7,81,11,32,19,102,22,70,91,62,125,72"/><T12/><D131/><N who="2" m="50218" /><F44/><W76/><G125/><N who="1" m="47626" /><E120/><V8/><F97/><W27/><G32/><T74/><D74/><N who="1" m="43319" /><E118/><N who="2" m="45067" /><F113/><W111/><G102/><T33/><D67/><U114/><E114/><V100/><F100/><W86/><G70/><T49/><D46/><U61/><E29/><V79/><F79/><W93/><G62/><T123/><D78/><U89/><E35/><V134/><F134/><W63/><G63/><T132/><D31/><U43/><E89/><V94/><F94/><W101/><G101/><T13/><D92/><U133/><E133/><V56/><F56/><W38/><G38/><T52/><D132/><U58/><E45/><V68/><F68/><W4/><G93/><T36/><D123/><U21/><E21/><V106/><F106/><W69/><G69/><T16/><D23/><U25/><E25/><N who="2" m="9835" /><F10/><W14/><G76/><T109/><D9/><U17/><E43/><V28/><F28/><W30/><G72/><T103/><D34/><U37/><E37/><V99/><F99/><W64/><G30/><T90/><D36/><U66/><E66/><V20/><F20/><W122/><G64/><T47/><D33/><U105/><E105/><V18/><F18/><AGARI ba="0,0" hai="17,18,53,55,57,58,60,61" m="43319,47626" machi="18" ten="30,1000,0" yaku="18,1" doraHai="121" who="1" fromWho="2" sc="181,0,55,10,652,-10,112,0" /><INIT seed="5,0,0,4,3,50" ten="181,65,642,112" oya="1" hai0="66,39,93,109,44,5,19,1,131,24,69,113,77" hai1="101,122,100,79,46,3,92,7,20,82,35,110,40" hai2="16,73,15,13,95,98,107,48,85,111,119,94,121" hai3="25,65,41,80,126,64,108,31,117,38,116,36,54"/><U42/><E35/><V124/><F73/><W83/><G108/><T21/><D109/><U14/><E110/><V132/><F121/><W34/><G126/><T84/><D113/><U23/><E122/><V89/><F119/><N who="3" m="45643" /><G54/><T43/><D131/><U22/><E3/><V75/><F75/><W96/><G96/><T30/><D69/><U76/><E92/><V10/><F132/><W86/><G83/><T81/><D66/><N who="3" m="25705" /><G41/><T120/><D120/><U112/><E112/><V57/><F124/><W4/><G4/><T52/><D93/><U78/><E82/><V0/><F0/><W18/><G18/><T32/><D5/><U127/><E127/><V118/><F118/><W33/><G33/><T104/><D104/><U26/><E26/><V134/><F134/><W2/><G2/><T47/><D1/><U67/><E67/><V71/><F71/><W91/><AGARI ba="0,0" hai="25,31,34,36,38,80,86,91" m="25705,45643" machi="91" ten="30,1100,0" yaku="12,1" doraHai="50" who="3" fromWho="3" sc="181,-3,65,-5,642,-3,112,11" /><INIT seed="6,0,0,0,1,129" ten="178,60,639,123" oya="2" hai0="108,58,105,98,84,3,109,101,92,83,51,22,106" hai1="91,17,54,11,25,43,53,14,30,128,23,103,117" hai2="52,61,38,114,56,7,40,132,116,29,107,32,79" hai3="122,126,104,4,115,55,39,16,37,82,102,45,93"/><V111/><F107/><N who="0" m="40970" /><D58/><U46/><E128/><V18/><F18/><W89/><G122/><T97/><D51/><U35/><E117/><V31/><F32/><W120/><G120/><T88/><D22/><U75/><E75/><V90/><F79/><W6/><G126/><T48/><D48/><U12/><E103/><V127/><F7/><W63/><G115/><T13/><D13/><U77/><E77/><V73/><F73/><W67/><G104/><N who="0" m="63535" /><D3/><U134/><E91/><AGARI ba="0,0" hai="83,84,88,91,92,98,108,109" m="63535,40970" machi="91" ten="30,3900,0" yaku="34,2,54,1" doraHai="129" who="0" fromWho="1" sc="178,39,60,-39,639,0,123,0" /><INIT seed="7,0,0,3,3,106" ten="217,21,639,123" oya="3" hai0="43,31,118,50,93,33,2,81,67,39,25,48,21" hai1="76,80,125,130,104,85,8,99,75,124,134,128,116" hai2="51,115,19,97,30,17,105,7,78,57,84,129,86" hai3="62,120,117,28,44,20,91,65,23,35,92,123,3"/><W103/><G117/><T45/><D118/><U87/><E8/><V119/><F78/><W102/><G3/><T60/><D2/><U131/><E116/><V73/><F73/><W46/><G35/><T121/><D121/><U114/><E114/><V71/><F71/><W36/><G36/><T16/><D81/><U94/><E134/><V74/><F74/><W58/><G123/><T127/><D93/><U111/><E111/><V109/><F129/><W89/><G89/><T37/><D37/><U83/><E104/><V0/><F30/><W5/><G5/><T135/><D127/><U112/><E112/><V41/><F19/><W38/><G38/><T55/><D55/><U70/><E70/><V52/><F17/><W126/><G126/><T122/><D135/><U42/><E42/><V95/><F105/><W24/><G120/><T72/><D72/><U29/><E29/><V56/><F97/><W14/><G14/><T47/><D47/><N who="3" m="17961" /><G23/><T90/><D90/><N who="1" m="51519" /><E87/><AGARI ba="0,0" hai="20,24,28,58,62,65,87,91,92,102,103" m="17961" machi="87" ten="30,1500,0" yaku="8,1" doraHai="106" who="3" fromWho="1" sc="217,0,21,-15,639,0,123,15" /><INIT seed="7,1,0,1,0,96" ten="217,6,639,138" oya="3" hai0="92,112,90,14,100,70,86,66,111,38,80,67,61" hai1="51,108,110,107,53,31,0,63,13,48,115,89,77" hai2="62,12,35,5,34,1,103,75,40,21,72,10,91" hai3="60,36,27,123,135,71,58,52,32,41,17,87,59"/><W76/><G123/><T64/><D111/><U23/><E0/><V134/><F40/><W118/><G118/><T122/><D122/><U15/><E115/><V116/><F91/><W54/><G135/><T56/><D112/><U6/><E107/><V16/><F116/><W126/><G126/><T99/><D38/><U109/><E89/><V39/><F39/><W84/><G71/><T73/><D70/><U3/><E3/><V94/><F134/><W37/><G76/><T26/><D26/><U120/><E120/><V22/><F62/><W45/><G37/><T117/><D117/><U30/><E77/><V69/><F69/><W125/><G125/><T50/><D50/><U44/><E63/><V20/><F103/><W97/><G97/><T81/><D73/><U24/><E6/><V49/><F94/><W119/><G119/><T57/><D14/><U98/><E98/><V101/><F101/><W47/><G47/><T19/><D19/><U129/><E129/><V9/><F49/><W113/><G113/><T68/><D81/><U124/><E124/><V102/><F102/><W105/><G105/><T93/><D80/><U46/><E31/><V4/><F72/><W8/><G8/><T82/><D82/><U74/><E74/><V83/><F83/><W25/><G17/><T88/><D90/><U55/><E108/><V28/><F75/><W7/><G7/><T132/><D132/><U127/><E127/><V11/><F28/><N who="3" m="19471" /><G27/><T85/><D85/><U121/><E121/><V133/><F133/><W42/><G42/><T95/><D95/><U29/><E29/><RYUUKYOKU ba="1,0" sc="217,0,6,0,639,0,138,0" hai0="56,57,61,64,66,67,68,86,88,92,93,99,100" hai1="13,15,23,24,30,44,46,48,51,53,55,109,110" hai2="1,4,5,9,10,11,12,16,20,21,22,34,35" hai3="36,41,45,52,54,58,59,60,84,87" /><INIT seed="7,2,0,5,1,5" ten="217,6,639,138" oya="3" hai0="46,78,54,2,41,0,101,79,26,1,55,114,6" hai1="50,9,89,51,82,99,92,122,35,132,87,80,135" hai2="103,68,69,72,40,127,63,64,18,124,16,56,130" hai3="120,8,7,25,96,29,88,61,90,52,91,123,19"/><W129/><G129/><T108/><D108/><U125/><E125/><N who="2" m="48203" /><F130/><W76/><G76/><T74/><D114/><U105/><E35/><V121/><F121/><W97/><G123/><T32/><D101/><U66/><E122/><V115/><F115/><W3/><G120/><T70/><D70/><U15/><E135/><V85/><F72/><W113/><G19/><T28/><D6/><U81/><E132/><V36/><F103/><W109/><G109/><T4/><D4/><U102/><E66/><V112/><F112/><W57/><REACH who="3" step="1"/><G113/><REACH who="3" ten="217,6,639,128" step="2"/><T45/><D79/><U98/><E98/><V17/><F18/><W126/><G126/><T59/><D78/><U48/><E105/><V84/><F16/><W86/><G86/><T33/><D74/><U27/><E27/><V13/><F84/><W31/><G31/><T53/><D26/><U12/><E12/><V119/><F85/><W93/><G93/><T44/><D28/><U14/><E14/><V58/><F13/><W42/><G42/><T83/><D41/><U128/><E128/><V117/><F17/><W104/><G104/><T60/><D83/><U62/><E62/><V77/><F77/><W47/><G47/><T106/><D106/><U75/><E75/><V21/><F40/><W67/><G67/><AGARI ba="2,1" hai="0,1,2,32,33,44,45,46,53,54,55,59,60,67" machi="67" ten="50,3200,0" yaku="29,2" doraHai="5" who="0" fromWho="3" sc="217,48,6,0,639,0,128,-38" owari="265,7.0,6,-49.0,639,73.0,90,-31.0" /></mjloggm>