<mjloggm ver="2.3"><GO type="169" lobby="0"/><UN n0="%E3%81%B5%E3%81%9F%E3%81%B0" n1="%E5%B1%B1%E9%87%8C%E5%8D%93%E6%AC%A1" n2="%61%70%70%6C%61%75%73%65" n3="%E3%82%A2%E3%83%B3%E3%81%93%E3%81%B3" dan="16,18,16,16" rate="2137.76,2302.30,2124.83,2190.87" sx="F,M,F,M"/><TAIKYOKU oya="0"/><INIT seed="0,0,0,0,5,6" ten="250,250,250,250" oya="0" hai0="12,111,60,116,72,68,57,20,133,127,113,49,21" hai1="34,2,55,4,81,31,80,46,17,87,8,71,29" hai2="102,98,99,27,86,135,36,122,0,77,93,28,97" hai3="45,79,73,35,58,84,88,19,48,101,134,38,10"/><T75/><D113/><U120/><E120/><V41/><F122/><W110/><G110/><T64/><D116/><U89/><E71/><V22/><F135/><W119/><G119/><T3/><D3/><U76/><E34/><V78/><F0/><W39/><G134/><T47/><D133/><U18/><E55/><V62/><F36/><W30/><G101/><T107/><D107/><U114/><E46/><V44/><F44/><W61/><G79/><T1/><D1/><U94/><E81/><V129/><F129/><W105/><G105/><T74/><D127/><U53/><E53/><V16/><F41/><W70/><G73/><T92/><D111/><U24/><E114/><V106/><F106/><W13/><G70/><T128/><D128/><U54/><E54/><V51/><F51/><W126/><G126/><T52/><D92/><U83/><E83/><N who="2" m="47471" /><F78/><W66/><G30/><T69/><REACH who="0" step="1"/><D20/><REACH who="0" ten="240,250,250,250" step="2"/><U42/><E94/><V104/><F104/><W11/><G35/><T26/><D26/><U33/><E24/><V56/><F93/><W131/><G131/><T37/><D37/><U15/><E2/><V90/><F27/><W14/><G38/><T91/><D91/><U85/><E89/><V123/><F123/><W7/><G39/><T124/><D124/><U95/><E95/><V96/><F90/><W9/><G88/><T103/><D103/><U117/><E76/><V43/><F102/><W59/><G13/><T108/><D108/><U82/><E33/><V63/><F22/><W50/><G14/><T100/><D100/><U121/><E117/><V40/><F98/><RYUUKYOKU ba="0,1" sc="240,30,250,-10,250,-10,250,-10" hai0="12,21,47,49,52,57,60,64,68,69,72,74,75" /><INIT seed="0,1,1,5,1,30" ten="270,240,240,240" oya="0" hai0="80,84,61,96,23,123,37,15,74,129,2,24,11" hai1="68,92,66,53,119,107,106,81,12,0,1,4,25" hai2="89,104,33,48,8,26,131,50,111,54,103,22,120" hai3="109,75,6,28,85,17,20,3,76,121,94,29,41"/><T5/><D123/><U73/><E119/><V56/><F120/><W116/><G116/><T67/><D129/><U90/><E68/><V122/><F122/><W49/><G121/><T58/><D37/><U88/><E66/><V113/><F113/><W39/><G109/><T47/><D74/><U16/><E53/><V132/><F111/><W14/><G75/><T133/><D133/><U110/><E110/><V83/><F132/><W46/><G39/><T65/><D2/><U124/><E124/><V105/><F8/><W135/><G135/><T101/><D47/><U21/><E1/><V7/><F7/><W72/><G72/><T125/><D125/><U95/><E0/><V86/><F131/><W91/><REACH who="3" step="1"/><G76/><REACH who="3" ten="270,240,240,230" step="2"/><T63/><D67/><U60/><E73/><V115/><F115/><W71/><G71/><T38/><D38/><U130/><E130/><V40/><F103/><W31/><G31/><T62/><D101/><U99/><E81/><V19/><F83/><W108/><G108/><T51/><D96/><U112/><E112/><V44/><F86/><W27/><G27/><T97/><D97/><U43/><E99/><V87/><F87/><W36/><G36/><T59/><D84/><U118/><E25/><V35/><REACH who="2" step="1"/><F89/><REACH who="2" ten="270,240,230,230" step="2"/><W114/><G114/><T45/><D80/><U128/><E90/><V100/><F100/><W117/><G117/><T57/><D65/><U78/><E88/><V93/><F93/><W13/><G13/><T34/><D15/><U42/><E128/><V70/><F70/><W102/><G102/><T79/><D79/><U10/><E118/><RYUUKYOKU ba="1,3" sc="270,-15,240,-15,230,15,230,15" hai2="19,22,26,33,35,40,44,48,50,54,56,104,105" hai3="3,6,14,17,20,28,29,41,46,49,85,91,94" /><INIT seed="1,2,3,1,2,126" ten="255,225,245,245" oya="1" hai0="70,107,15,4,75,52,87,86,98,51,33,81,123" hai1="60,132,39,2,68,32,27,42,99,83,88,135,122" hai2="31,100,54,47,38,49,80,85,21,110,134,63,103" hai3="7,121,79,17,112,117,91,131,82,128,16,108,90"/><U11/><E122/><V97/><F38/><W9/><G121/><T3/><D123/><U64/><E39/><V77/><F110/><W119/><G108/><T113/><D113/><U76/><E42/><V25/><F134/><N who="1" m="51241" /><E99/><V35/><F35/><W125/><G125/><T26/><D3/><U105/><E105/><V106/><F100/><W13/><G112/><T73/><D70/><U74/><E88/><N who="3" m="33834" /><G17/><T71/><D71/><U61/><E61/><V96/><F96/><W101/><G101/><T66/><D98/><U8/><E2/><V34/><F63/><W28/><G28/><AGARI ba="2,3" hai="8,11,27,28,32,60,64,68,74,76,83" m="51241" machi="28" ten="30,1500,0" yaku="20,1" doraHai="126" who="1" fromWho="3" sc="255,0,225,51,245,0,245,-21" /><INIT seed="1,3,0,5,5,75" ten="255,276,245,224" oya="1" hai0="68,17,109,59,98,65,34,23,0,1,129,92,77" hai1="126,25,27,41,115,135,11,20,122,36,83,72,125" hai2="18,42,100,93,88,33,12,47,51,87,90,134,15" hai3="10,97,102,60,131,107,95,56,86,24,82,84,130"/><U31/><E115/><V9/><F33/><W48/><G10/><T29/><D109/><U133/><E36/><V16/><F134/><N who="1" m="51209" /><E41/><V57/><F57/><W58/><G107/><T80/><D68/><U7/><E83/><V2/><F2/><W123/><G123/><T114/><D114/><U69/><E72/><V117/><F117/><W120/><G120/><T79/><D129/><U38/><E38/><V52/><F90/><W32/><G24/><T94/><D80/><U70/><E122/><V89/><F89/><W21/><G32/><T116/><D116/><U39/><E39/><V22/><F100/><W50/><G21/><T26/><D0/><N who="1" m="487" /><E27/><V8/><F22/><W14/><G14/><T28/><D1/><U81/><E81/><V4/><F42/><W128/><G82/><T113/><D113/><U13/><E13/><V132/><F132/><W40/><G40/><T119/><D119/><U43/><E43/><V67/><F67/><W74/><G74/><T64/><D64/><U105/><E105/><V103/><F103/><W71/><G130/><T104/><D104/><U61/><E61/><V63/><F63/><W5/><G128/><T49/><D65/><U19/><E31/><V53/><F53/><W66/><G131/><T44/><D29/><U3/><E3/><V85/><F85/><N who="3" m="32875" /><G5/><AGARI ba="3,0" hai="4,5,8,9,12,15,16,18,47,51,52,87,88,93" machi="5" ten="30,12000,2" yaku="7,1,9,1,8,1,54,3" doraHai="75" who="2" fromWho="3" sc="255,0,276,0,245,129,224,-129" /><INIT seed="2,0,0,3,5,80" ten="255,276,374,95" oya="2" hai0="50,61,83,72,32,122,99,97,89,21,60,100,43" hai1="67,134,46,88,132,29,48,12,34,59,31,24,4" hai2="107,128,82,124,103,47,105,102,19,85,130,51,126" hai3="73,42,81,101,56,1,114,118,30,15,129,120,5"/><V36/><F36/><W68/><G118/><T70/><D32/><U127/><E127/><N who="2" m="48683" /><F47/><W25/><G120/><T3/><D3/><U87/><E31/><V14/><F14/><W62/><G114/><T66/><D122/><U20/><E67/><V17/><F51/><W75/><G129/><N who="2" m="49769" /><F19/><W131/><G131/><T93/><D60/><U2/><E59/><V9/><F17/><W69/><G42/><T23/><D72/><U108/><E108/><V6/><F9/><W7/><G15/><T18/><D18/><U16/><E48/><V109/><F6/><W76/><G75/><T53/><D43/><U92/><E46/><V116/><F116/><W55/><G101/><N who="2" m="38409" /><F109/><W38/><G38/><T13/><D13/><U104/><E104/><V49/><F49/><W57/><G57/><T0/><D0/><U96/><E4/><V112/><F112/><W111/><G111/><T121/><D21/><U74/><E2/><V52/><F52/><W119/><G119/><T54/><D23/><U27/><E12/><V94/><F94/><W64/><G55/><T135/><D53/><U63/><E63/><V28/><F28/><W79/><G7/><T117/><D54/><U86/><E27/><V37/><F37/><W58/><G5/><T115/><D115/><U106/><E29/><V123/><F123/><W84/><G1/><T45/><D121/><U39/><E39/><V91/><AGARI ba="0,0" hai="82,85,91,105,107" m="38409,49769,48683" machi="91" ten="40,12000,1" yaku="18,1,19,1,34,2,52,1" doraHai="80" who="2" fromWho="2" sc="255,-40,276,-40,374,120,95,-40" /><INIT seed="2,1,0,0,3,2" ten="215,236,494,55" oya="2" hai0="59,118,38,27,32,24,30,7,53,18,9,127,43" hai1="129,71,93,115,135,36,21,39,5,47,79,16,61" hai2="111,66,54,131,42,109,37,90,97,72,130,119,125" hai3="1,82,58,94,106,123,29,75,4,68,132,14,22"/><V76/><F119/><W65/><G106/><T67/><D118/><U11/><E115/><V0/><F66/><W12/><G123/><T81/><D127/><U134/><E129/><N who="2" m="49163" /><F125/><W6/><G132/><N who="1" m="50730" /><E79/><V52/><F0/><W102/><G68/><T19/><D67/><N who="1" m="41455" /><E93/><N who="2" m="56503" /><F42/><W13/><G1/><T110/><D24/><N who="1" m="14375" /><E47/><V88/><F37/><W113/><G113/><T98/><D98/><U10/><E10/><V49/><F88/><W57/><G65/><T3/><D81/><U91/><E91/><V45/><F54/><W83/><G75/><T116/><D116/><U105/><E105/><V56/><F45/><W44/><G44/><T104/><D104/><U25/><E25/><V128/><N who="2" m="49171" /><V77/><DORA hai="8" /><F72/><W124/><G124/><T62/><D38/><U100/><E100/><V95/><F95/><W50/><G94/><T107/><D107/><U78/><E78/><AGARI ba="1,0" hai="49,52,56,76,77,78,109,111" m="56503,49171" machi="78" ten="50,4800,0" yaku="19,1,54,1" doraHai="2,8" who="2" fromWho="1" sc="215,0,236,-51,494,51,55,0" /><INIT seed="2,2,0,3,5,23" ten="215,185,545,55" oya="2" hai0="120,67,12,41,122,74,66,129,118,31,95,89,90" hai1="51,0,22,108,102,26,64,25,20,85,2,40,113" hai2="6,24,50,19,76,62,27,105,128,78,111,106,11" hai3="37,75,38,69,92,13,49,88,16,98,73,61,15"/><V1/><F128/><W14/><G49/><T42/><D129/><U126/><E113/><V101/><F50/><W77/><G77/><T94/><D31/><N who="1" m="17831" /><E0/><V18/><F62/><W135/><G135/><T123/><D12/><U91/><E2/><V57/><F57/><W48/><G48/><T80/><D74/><U121/><E108/><V32/><F101/><W82/><G82/><T130/><D130/><U132/><E132/><V103/><F103/><W117/><G117/><T127/><D80/><U99/><E126/><V34/><F1/><W133/><G133/><T125/><REACH who="0" step="1"/><D122/><REACH who="0" ten="205,185,545,55" step="2"/><U56/><E121/><V79/><F111/><W131/><G131/><T30/><D30/><U104/><E26/><N who="2" m="9771" /><F6/><W81/><G81/><T53/><D53/><U87/><E64/><V7/><F7/><W21/><G75/><T97/><D97/><U9/><E99/><V110/><F110/><W33/><G73/><T10/><D10/><U114/><E9/><V35/><F11/><W36/><REACH who="3" step="1"/><G33/><REACH who="3" ten="205,185,545,45" step="2"/><T86/><D86/><U46/><E87/><V28/><F28/><W84/><G84/><T119/><AGARI ba="2,2" hai="41,42,66,67,89,90,94,95,118,119,120,123,125,127" machi="119" ten="25,6400,0" yaku="1,1,0,1,22,2,53,0" doraHai="23" doraHaiUra="65" who="0" fromWho="0" sc="205,90,185,-18,545,-34,45,-18" /><INIT seed="3,0,0,2,2,123" ten="295,167,511,27" oya="3" hai0="32,135,99,60,46,83,4,116,89,27,81,52,59" hai1="113,90,5,91,75,65,12,130,94,40,115,106,122" hai2="15,37,95,121,84,35,108,51,101,76,86,21,98" hai3="125,11,49,71,56,55,34,43,69,53,10,80,67"/><W74/><G125/><T31/><D116/><U19/><E122/><V3/><F37/><W39/><G34/><T118/><D118/><U48/><E106/><V25/><F3/><W134/><G134/><T36/><D135/><U124/><E75/><V128/><F35/><W126/><G126/><T26/><D4/><U107/><E107/><V20/><F128/><W2/><G53/><T87/><D26/><U16/><E124/><V33/><F33/><W127/><G127/><T110/><D99/><U102/><E65/><V111/><F121/><W85/><G74/><T14/><D14/><U24/><E130/><V78/><F51/><W13/><G2/><T105/><D105/><U103/><E91/><V92/><F15/><W97/><G97/><T133/><D133/><U68/><E68/><V66/><F66/><W28/><G28/><T18/><D18/><U58/><E113/><V88/><F84/><W117/><G117/><T45/><D36/><U42/><E42/><V82/><F21/><W70/><G67/><T64/><D83/><U17/><E24/><V73/><REACH who="2" step="1"/><F76/><REACH who="2" ten="295,167,501,27" step="2"/><N who="3" m="46215" /><G13/><T79/><D64/><U62/><E48/><V8/><F8/><W38/><G38/><T50/><D50/><U54/><E115/><V63/><F63/><N who="3" m="36255" /><G39/><T22/><D32/><U131/><E131/><V30/><AGARI ba="0,1" hai="20,25,30,73,78,82,86,88,92,95,98,101,108,111" machi="30" ten="30,8000,1" yaku="1,1,0,1,52,2,54,1,53,0" doraHai="123" doraHaiUra="6" who="2" fromWho="2" sc="295,-20,167,-20,501,90,27,-40" owari="275,8.0,147,-25.0,591,68.0,-13,-51.0" /></mjloggm>