<mjloggm ver="2.3"><GO type="185" lobby="0"/><UN n0="%E3%81%82%E3%81%9F%E3%82%89%E3%81%AA%E3%81%84%E3%81%A7%EF%BC%81" n1="%E3%81%B6%E3%82%8B%E3%81%AF%E3%81%A4" n2="%E3%82%AA%E3%83%A0%E3%81%82%E3%82%93%E3%81%93" n3="" dan="17,16,16,0" rate="2201.98,2146.17,2155.49,1500.00" sx="M,M,M,C"/><TAIKYOKU oya="0"/><INIT seed="0,0,0,5,3,42" ten="350,350,350,0" oya="0" hai0="51,52,85,101,45,32,3,88,112,83,105,82,95" hai1="59,75,115,78,93,73,77,54,0,69,44,103,121" hai2="109,135,129,132,38,128,2,57,108,61,134,113,63" hai3=""/><T117/><D117/><U99/><N who="1" m="31008" /><U114/><E69/><V56/><F2/><T125/><D3/><U130/><E0/><V33/><F33/><T96/><D32/><U107/><E130/><N who="2" m="50283" /><F38/><T127/><REACH who="0" step="1"/><D112/><REACH who="0" ten="340,350,350,0" step="2"/><U120/><N who="1" m="30752" /><U62/><E115/><V66/><F113/><T122/><N who="0" m="31264" /><T65/><D65/><AGARI ba="0,1" hai="56,57,61,63,65,66,108,109,132,134,135" m="50283" machi="65" ten="40,8000,1" yaku="20,1,19,1,34,2" doraHai="42" who="2" fromWho="0" sc="340,-80,350,0,350,90,0,0" /><INIT seed="1,0,0,5,1,67" ten="260,350,440,0" oya="1" hai0="81,64,90,49,114,110,130,0,74,119,46,3,85" hai1="103,115,54,116,35,89,133,82,118,125,44,126,39" hai2="45,63,68,76,112,131,91,40,47,53,121,99,57" hai3=""/><U98/><E35/><V58/><N who="2" m="31008" /><V66/><F112/><T105/><D114/><U129/><E115/><V109/><F131/><T51/><D130/><U83/><E129/><V1/><F1/><T34/><D34/><U96/><E39/><V106/><F76/><T77/><D110/><U32/><E32/><V43/><F109/><T41/><D119/><N who="1" m="45611" /><E44/><N who="2" m="16971" /><F106/><T95/><D64/><U65/><E65/><V124/><F91/><T50/><REACH who="0" step="1"/><D105/><REACH who="0" ten="250,350,440,0" step="2"/><U135/><E54/><V113/><F113/><T87/><D87/><U93/><E135/><V100/><F53/><T60/><D60/><U36/><E133/><V117/><F63/><T128/><D128/><U84/><E36/><AGARI ba="0,1" hai="0,3,36,41,46,49,50,51,74,77,81,85,90,95" machi="36" ten="40,1300,0" yaku="1,1,53,0" doraHai="67" doraHaiUra="101" who="0" fromWho="1" sc="250,23,350,-13,440,0,0,0" /><INIT seed="2,0,0,5,0,62" ten="273,337,440,0" oya="2" hai0="96,56,107,129,49,63,76,50,114,42,79,60,51" hai1="54,132,85,39,78,90,33,48,130,121,98,128,112" hai2="57,41,68,122,82,99,124,80,113,74,45,126,70" hai3=""/><V35/><N who="2" m="31264" /><V93/><F35/><T104/><D129/><N who="1" m="49771" /><E33/><V105/><F105/><T117/><D117/><U47/><N who="1" m="31008" /><U75/><E112/><V119/><F119/><T106/><D114/><U36/><E132/><V131/><F131/><T116/><D116/><U2/><E2/><V3/><F57/><T69/><D42/><U81/><E98/><V100/><F3/><T1/><D1/><U71/><E71/><V84/><F113/><T44/><D44/><U65/><E65/><V89/><F68/><T94/><D69/><U110/><E110/><V134/><F70/><T83/><D83/><AGARI ba="0,0" hai="36,39,47,48,54,75,78,81,83,85,90" m="31008,49771" machi="83" ten="30,2000,0" yaku="19,1,52,1" doraHai="62" who="1" fromWho="0" sc="273,-20,337,20,440,0,0,0" /><INIT seed="4,0,0,0,2,57" ten="253,357,440,0" oya="0" hai0="44,113,128,129,101,83,78,59,75,109,126,2,88" hai1="74,32,64,94,104,84,73,37,87,36,70,62,123" hai2="85,120,56,3,116,46,68,1,81,50,106,63,66" hai3=""/><T98/><D2/><U131/><N who="1" m="31520" /><U99/><E32/><V122/><N who="2" m="30752" /><V91/><N who="2" m="31264" /><V39/><F116/><T93/><D109/><U0/><E0/><V41/><F106/><T100/><D113/><U95/><E131/><N who="0" m="50249" /><D44/><U125/><E125/><V80/><F81/><T102/><D59/><U38/><E104/><V60/><REACH who="2" step="1"/><F39/><REACH who="2" ten="253,357,430,0" step="2"/><T86/><D126/><U52/><E95/><AGARI ba="0,1" hai="75,78,83,86,88,93,95,98,100,101,102" m="50249" machi="95" ten="30,11600,0" yaku="19,1,34,2,54,1" doraHai="57" who="0" fromWho="1" sc="253,126,357,-116,430,0,0,0" /><INIT seed="4,1,0,1,3,84" ten="379,241,430,0" oya="0" hai0="116,120,125,77,108,88,101,87,49,128,85,112,52" hai1="53,107,95,46,89,133,117,90,132,62,103,43,66" hai2="94,135,58,86,115,97,106,113,83,51,42,69,111" hai3=""/><T37/><N who="0" m="30752" /><T126/><D116/><U82/><E117/><V67/><F106/><T65/><D108/><U105/><E53/><V70/><F111/><T41/><D112/><U124/><E124/><N who="0" m="47721" /><D128/><U110/><E110/><V33/><F33/><T61/><D101/><U55/><E55/><V1/><F1/><T59/><D77/><U122/><N who="1" m="31264" /><U76/><E95/><V109/><F109/><T40/><D37/><U35/><E35/><V127/><F127/><T73/><D73/><U104/><E103/><V74/><F74/><T92/><D87/><U47/><E62/><V50/><F113/><T45/><AGARI ba="1,0" hai="40,41,45,49,52,59,61,65,85,88,92" m="47721,30752" machi="45" ten="30,8000,1" yaku="18,1,52,2,54,2" doraHai="84" who="0" fromWho="0" sc="379,82,241,-41,430,-41,0,0" /><INIT seed="4,2,0,4,0,54" ten="461,200,389,0" oya="0" hai0="0,3,72,86,40,2,47,101,1,91,46,71,64" hai1="41,45,90,63,122,50,124,52,82,102,68,107,60" hai2="84,56,116,59,37,121,49,106,35,73,128,44,34" hai3=""/><T79/><D46/><U77/><N who="1" m="31264" /><U131/><E131/><V115/><N who="2" m="31008" /><V33/><F128/><T118/><D118/><U69/><E124/><V75/><F116/><T126/><D126/><U70/><E90/><V65/><F106/><T98/><D79/><U76/><E41/><V123/><N who="2" m="31520" /><V58/><F37/><T66/><D72/><U80/><E102/><V83/><F65/><T53/><D53/><U134/><E107/><V92/><F92/><T110/><D110/><U87/><REACH who="1" step="1"/><E134/><REACH who="1" ten="461,190,389,0" step="2"/><V109/><F109/><T48/><D71/><U42/><E42/><V117/><F117/><T99/><D1/><U111/><E111/><V93/><F33/><T135/><D135/><U95/><E95/><V103/><F93/><T127/><D127/><U105/><E105/><V55/><F103/><T119/><D119/><U89/><E89/><V67/><F34/><T85/><D101/><U38/><E38/><V104/><F104/><T120/><N who="0" m="30752" /><T108/><D108/><U39/><E39/><V94/><F94/><T36/><D36/><U51/><E51/><V78/><F49/><T88/><D91/><U130/><E130/><V100/><F100/><T97/><D88/><U57/><E57/><V132/><F56/><RYUUKYOKU ba="2,1" sc="461,10,190,10,389,-20,0,0" hai0="0,2,3,40,47,48,64,66,85,86,97,98,99" hai1="45,50,52,60,63,68,69,70,76,77,80,82,87" /><INIT seed="4,3,1,2,0,64" ten="471,200,369,0" oya="0" hai0="105,126,129,51,60,33,70,53,3,76,110,32,124" hai1="73,39,120,0,59,80,48,107,52,81,65,87,66" hai2="95,58,50,34,82,117,115,79,109,49,123,108,63" hai3=""/><T69/><D3/><U93/><N who="1" m="30752" /><U62/><E0/><V75/><N who="2" m="31520" /><V91/><F34/><N who="0" m="13418" /><D105/><U78/><E107/><V132/><F117/><T104/><D104/><U36/><E93/><V114/><F49/><T45/><D76/><U113/><E66/><V83/><F82/><T2/><D2/><U106/><E106/><V102/><F50/><T133/><D60/><U96/><E96/><V131/><F102/><T90/><D90/><U116/><E116/><V40/><F40/><T38/><D38/><U85/><E113/><V71/><F114/><T103/><D103/><U43/><E43/><V98/><F115/><T47/><D47/><U84/><REACH who="1" step="1"/><E81/><REACH who="1" ten="471,190,369,0" step="2"/><V56/><F83/><T74/><D124/><U112/><E112/><V130/><F95/><T89/><D126/><U77/><E77/><V100/><F79/><T68/><D74/><U119/><E119/><V35/><F75/><T99/><D99/><U97/><E97/><V44/><F98/><T101/><D101/><U37/><E37/><V86/><F100/><T94/><D94/><U72/><E72/><V127/><F127/><T122/><D122/><U134/><E134/><V1/><F132/><T42/><D133/><U88/><E88/><V55/><F91/><RYUUKYOKU ba="3,2" sc="471,-10,190,20,369,-10,0,0" hai1="36,39,48,52,59,62,65,73,78,80,84,85,87" /><INIT seed="5,4,2,3,2,86" ten="461,210,359,0" oya="1" hai0="35,103,42,74,3,57,32,81,92,2,97,64,69" hai1="43,88,47,94,128,91,58,111,123,124,120,75,48" hai2="55,0,98,76,89,65,1,83,50,108,78,73,110" hai3=""/><U40/><N who="1" m="30752" /><U93/><N who="1" m="31520" /><U130/><E75/><V52/><F65/><T72/><D57/><U37/><E124/><V82/><F55/><T61/><D42/><U34/><E34/><V56/><F0/><T85/><D32/><U118/><E118/><V100/><F89/><N who="1" m="34377" /><E111/><V62/><F62/><T119/><D119/><U51/><E58/><V46/><F56/><T71/><D71/><U102/><E102/><V127/><F127/><T115/><D35/><U125/><E125/><V84/><F1/><T114/><D2/><U49/><E40/><V80/><F80/><T112/><D3/><U38/><E38/><V63/><F63/><T134/><D134/><U70/><E70/><V122/><N who="2" m="31264" /><V117/><F117/><T129/><D129/><AGARI ba="4,2" hai="37,43,47,48,49,51,93,94,128,129,130" m="34377,31520,30752" machi="129" ten="30,18000,2" yaku="19,1,52,5,54,1" doraHai="86" who="1" fromWho="0" sc="461,-188,210,208,359,0,0,0" /><INIT seed="5,5,0,2,3,119" ten="273,418,359,0" oya="1" hai0="120,59,79,65,115,123,33,46,125,89,60,56,87" hai1="35,110,112,101,131,39,103,132,124,102,41,36,51" hai2="118,57,107,2,49,64,130,67,105,52,58,62,126" hai3=""/><U48/><E35/><V127/><F2/><T47/><N who="0" m="30752" /><T74/><N who="0" m="31520" /><T116/><D33/><U94/><E112/><V99/><F118/><T76/><D116/><U3/><E3/><V90/><F130/><T32/><D32/><U70/><E70/><V106/><F67/><T71/><D115/><U43/><E131/><V97/><F90/><T66/><D125/><AGARI ba="5,0" hai="49,52,57,58,62,64,97,99,105,106,107,125,126,127" machi="125" ten="50,3200,0" yaku="18,1,54,1" doraHai="119" who="2" fromWho="0" sc="273,-42,418,0,359,42,0,0" /><INIT seed="6,0,0,2,0,124" ten="231,418,401,0" oya="2" hai0="106,80,117,91,107,126,128,48,77,67,75,93,49" hai1="130,111,58,41,121,98,43,45,103,39,61,101,97" hai2="63,55,85,38,84,46,44,70,56,88,110,132,108" hai3=""/><V62/><F132/><T66/><D117/><U0/><N who="1" m="31008" /><U112/><E111/><N who="2" m="42539" /><F38/><T59/><D126/><U60/><E0/><V100/><F100/><T90/><D90/><U120/><N who="1" m="30752" /><U81/><E112/><V1/><F1/><T52/><D49/><U118/><E118/><V64/><F85/><T65/><REACH who="0" step="1"/><D128/><REACH who="0" ten="221,418,401,0" step="2"/><U92/><E130/><V54/><F54/><T51/><D51/><U33/><E43/><V95/><AGARI ba="0,1" hai="44,46,55,56,62,63,64,70,84,88,95" m="42539" machi="95" ten="30,2000,0" yaku="10,1,54,1" doraHai="124" who="2" fromWho="2" sc="221,-10,418,-10,401,30,0,0" owari="211,-39.0,408,1.0,431,38.0,0,0.0" /></mjloggm>