<mjloggm ver="2.3"><GO type="225" lobby="0"/><UN n0="%E9%89%84%E5%BC%B7%E3%83%A2%E3%83%92%E3%83%BC%E3%83%8C%E4%B8%83%E6%AE%B5" n1="%E7%AB%8B%E8%8F%AF%E5%A5%8F" n2="%E5%BE%80%E5%B9%B4%E3%81%AE%E3%82%B4%E3%83%AA%E3%83%A9" n3="%E3%81%82%E3%82%89%E3%81%8C%E3%81%8D%E3%81%82%E3%82%84%E3%81%9B" dan="18,16,16,16" rate="2237.55,2170.27,2078.17,2162.68" sx="F,F,M,F"/><TAIKYOKU oya="0"/><INIT seed="0,0,0,0,5,45" ten="250,250,250,250" oya="0" hai0="67,92,43,73,119,25,7,14,109,70,134,26,112" hai1="81,88,94,62,27,9,31,68,18,53,115,28,40" hai2="120,58,33,117,76,89,29,35,23,91,108,42,44" hai3="95,132,3,107,24,36,104,12,128,65,61,135,56"/><T113/><D119/><U41/><E115/><V19/><F120/><W127/><G3/><T84/><D73/><U100/><E100/><V55/><F76/><W69/><G36/><T60/><D134/><N who="3" m="51241" /><G128/><T38/><D109/><U75/><E75/><V52/><F108/><W82/><G82/><T106/><D106/><U50/><E81/><V98/><F98/><W114/><G114/><T22/><D38/><U111/><E111/><V118/><F91/><W21/><G12/><T11/><D43/><N who="1" m="16459" /><E62/><N who="2" m="36167" /><F55/><W57/><G127/><T116/><D116/><N who="2" m="44650" /><F89/><W8/><G69/><T124/><D124/><U86/><E68/><V131/><F29/><W48/><G95/><T13/><D113/><U121/><E121/><V0/><F0/><W78/><G78/><T64/><D112/><U2/><E2/><V80/><F80/><W71/><G71/><T5/><D92/><U54/><E54/><V15/><F131/><W34/><G107/><T96/><D96/><U1/><E1/><V123/><F123/><W129/><G104/><T77/><D77/><U4/><E4/><V17/><F17/><W103/><G129/><T102/><D7/><U105/><E105/><V20/><F20/><W87/><G21/><T83/><D22/><N who="1" m="13783" /><E9/><V46/><F46/><AGARI ba="0,0" hai="28,31,46,50,53,86,88,94" m="13783,16459" machi="46" ten="30,3900,0" yaku="8,1,52,1,54,1" doraHai="45" who="1" fromWho="2" sc="250,0,250,39,250,-39,250,0" /><INIT seed="1,0,0,2,1,12" ten="250,289,211,250" oya="1" hai0="71,66,73,135,80,14,70,91,85,106,61,82,69" hai1="11,77,55,84,125,2,45,60,16,54,19,33,133" hai2="94,9,10,23,89,109,79,5,37,53,3,112,48" hai3="97,27,38,83,123,34,40,46,52,124,63,47,74"/><U18/><E33/><V41/><F79/><W8/><G123/><T39/><D135/><U35/><E35/><V90/><F109/><W75/><G124/><T49/><D39/><U115/><E115/><V65/><F65/><W121/><G121/><T92/><D106/><U15/><E2/><V93/><F112/><W64/><G97/><T26/><D73/><U127/><E133/><V22/><F37/><W87/><G8/><T108/><D108/><U0/><E0/><V128/><F41/><W88/><G47/><T59/><D26/><U36/><E36/><V28/><F28/><W132/><G132/><T113/><D113/><U103/><E103/><V58/><F128/><W31/><REACH who="3" step="1"/><G52/><REACH who="3" ten="250,289,211,240" step="2"/><T21/><REACH who="0" step="1"/><D49/><REACH who="0" ten="240,289,211,240" step="2"/><N who="1" m="28975" /><E127/><V100/><F3/><W44/><G44/><T17/><AGARI ba="0,2" hai="14,17,21,59,61,66,69,70,71,80,82,85,91,92" machi="17" ten="40,8000,1" yaku="1,1,0,1,52,1,53,2" doraHai="12" doraHaiUra="76" who="0" fromWho="0" sc="240,100,289,-40,211,-20,240,-20" /><INIT seed="2,0,0,2,2,60" ten="340,249,191,220" oya="2" hai0="18,98,16,110,117,116,85,26,57,51,77,25,129" hai1="86,36,69,7,32,96,48,66,72,107,97,101,108" hai2="27,92,15,134,127,114,104,38,21,42,132,115,62" hai3="120,75,102,74,79,80,53,65,71,23,106,30,121"/><V55/><F104/><W100/><G53/><T34/><D110/><U128/><E108/><V61/><F15/><W43/><G43/><T70/><D70/><U99/><E128/><V95/><F127/><W88/><G75/><T94/><D129/><U1/><E36/><V19/><F42/><W93/><G30/><T56/><D77/><U84/><E72/><V130/><F38/><W112/><G112/><T40/><D85/><U124/><E124/><V91/><F95/><W11/><G11/><T89/><D34/><U90/><E48/><V8/><F8/><W50/><G50/><T135/><D135/><N who="2" m="51754" /><F130/><W4/><G23/><T20/><D18/><U5/><E32/><V0/><F0/><W22/><G22/><T52/><D40/><U54/><E54/><V9/><F9/><W67/><G4/><T6/><D6/><U113/><E113/><N who="2" m="43019" /><F55/><W12/><G12/><T126/><D126/><U73/><E1/><V31/><F31/><W125/><G125/><T41/><D41/><U46/><E5/><V33/><F33/><W10/><G10/><T123/><D52/><U29/><E7/><V39/><F39/><W45/><G106/><T78/><D94/><U58/><E29/><V2/><F2/><W47/><G121/><T68/><D123/><U76/><E107/><V87/><AGARI ba="0,0" hai="19,21,27,61,62,87,91,92" m="43019,51754" machi="87" ten="30,1500,0" yaku="20,1" doraHai="60" who="2" fromWho="2" sc="340,-5,249,-5,191,15,220,-5" /><INIT seed="2,1,0,1,4,108" ten="335,244,206,215" oya="2" hai0="47,51,82,113,12,100,135,110,83,105,28,87,60" hai1="61,93,2,9,78,30,8,88,11,89,134,7,65" hai2="116,42,33,57,36,97,25,10,127,126,92,69,131" hai3="84,119,77,91,14,17,130,98,6,4,64,107,80"/><V31/><F69/><W44/><G130/><T76/><D110/><U32/><E134/><V56/><F131/><W121/><G121/><T48/><D135/><U79/><E32/><V96/><F116/><W104/><G119/><T72/><D113/><U66/><E30/><V45/><F10/><W22/><G64/><T62/><D28/><U71/><E65/><V3/><F3/><W39/><G39/><T43/><D51/><U50/><E9/><V49/><F97/><W115/><G115/><T16/><D100/><U0/><E50/><V90/><REACH who="2" step="1"/><F36/><REACH who="2" ten="335,244,196,215" step="2"/><W132/><G132/><T120/><D120/><U109/><E8/><V74/><F74/><W122/><G122/><T40/><D105/><U52/><E0/><V59/><AGARI ba="1,1" hai="25,31,33,42,45,49,56,57,59,90,92,96,126,127" machi="59" ten="30,3000,0" yaku="1,1,0,1,53,0" doraHai="108" doraHaiUra="18" who="2" fromWho="2" sc="335,-11,244,-11,196,43,215,-11" /><INIT seed="2,2,0,1,0,72" ten="324,233,239,204" oya="2" hai0="128,62,33,48,123,37,60,78,130,18,73,126,121" hai1="47,83,118,122,64,92,52,17,9,110,10,0,11" hai2="132,116,115,89,53,109,84,75,50,66,41,74,27" hai3="111,6,20,127,117,34,35,31,32,46,65,103,2"/><V134/><F115/><W57/><G103/><T59/><D37/><U43/><E118/><V56/><F116/><W51/><G117/><T119/><D119/><U108/><E122/><V124/><F124/><W15/><G111/><N who="1" m="42538" /><E64/><V91/><F109/><W101/><G127/><T135/><D33/><U105/><E105/><V63/><F41/><W55/><G101/><T70/><D126/><U131/><E131/><N who="0" m="50217" /><D135/><N who="2" m="51754" /><F27/><W22/><G2/><T25/><D48/><N who="1" m="28703" /><E43/><V54/><F54/><W104/><G104/><T88/><D70/><U28/><E28/><V133/><N who="2" m="51762" /><V113/><DORA hai="77" /><F113/><W85/><G31/><T12/><D62/><U38/><E38/><V5/><F5/><W107/><G107/><T45/><D60/><U61/><E61/><V19/><F19/><W36/><G65/><T29/><D18/><U95/><E0/><V14/><F14/><W40/><G6/><T96/><D29/><U114/><E114/><V8/><F8/><W30/><G30/><T39/><D39/><U42/><E42/><V93/><F89/><W129/><G15/><T106/><D12/><U68/><E68/><AGARI ba="2,0" hai="50,53,56,63,66,68,74,75,84,91,93" m="51762" machi="68" ten="40,2000,0" yaku="20,1" doraHai="72,77" who="2" fromWho="1" sc="324,0,233,-26,239,26,204,0" /><INIT seed="2,3,0,1,5,113" ten="324,207,265,204" oya="2" hai0="109,61,18,127,69,108,111,103,49,83,77,87,17" hai1="56,71,80,97,4,105,94,107,86,29,122,66,16" hai2="106,117,5,98,84,27,13,102,2,59,100,73,72" hai3="104,38,39,78,115,19,30,125,22,68,62,93,7"/><V119/><F2/><W31/><G104/><T44/><D127/><U42/><E71/><V12/><F102/><W37/><G125/><T112/><D112/><U32/><E122/><V0/><F0/><W70/><G115/><T121/><D121/><U24/><E4/><V118/><F118/><W15/><G78/><T41/><D103/><U65/><E42/><V123/><F123/><W34/><G34/><T23/><D23/><U120/><E120/><V132/><F132/><W67/><G70/><T28/><D28/><U33/><E33/><V99/><F99/><W135/><G135/><T9/><D9/><U124/><E124/><V51/><F84/><W11/><REACH who="3" step="1"/><G93/><REACH who="3" ten="324,207,265,194" step="2"/><T76/><D76/><U85/><E107/><V90/><F106/><W130/><G130/><T63/><D69/><U40/><E105/><V50/><F117/><W58/><G58/><T126/><D126/><U110/><E56/><V133/><F59/><W3/><AGARI ba="3,1" hai="3,7,11,15,19,22,30,31,37,38,39,62,67,68" machi="3" ten="30,2000,0" yaku="1,1,0,1,53,0" doraHai="113" doraHaiUra="55" who="3" fromWho="3" sc="324,-8,207,-8,265,-13,194,39" /><INIT seed="3,0,0,3,0,31" ten="316,199,252,233" oya="3" hai0="48,57,58,106,32,46,70,126,20,113,107,80,30" hai1="94,35,109,18,69,38,41,22,87,111,128,0,7" hai2="64,88,26,85,42,1,127,4,71,28,100,129,132" hai3="66,116,51,56,79,63,112,53,61,122,55,86,29"/><W60/><G116/><T90/><D32/><U84/><E69/><V65/><F42/><W74/><G74/><T19/><D70/><U45/><E128/><V130/><F132/><W11/><G122/><T121/><D121/><U76/><E7/><V91/><F100/><W34/><G112/><T114/><D30/><U21/><E0/><V9/><F127/><W39/><G39/><T33/><D33/><U92/><E76/><V10/><F10/><W95/><G11/><T99/><D126/><U16/><E45/><V89/><F85/><W134/><G134/><T59/><D80/><U110/><E41/><V62/><REACH who="2" step="1"/><F65/><REACH who="2" ten="316,199,242,233" step="2"/><W104/><G66/><T96/><D114/><U118/><E118/><V82/><F82/><W37/><G86/><N who="1" m="32810" /><E38/><V83/><F83/><W6/><G37/><T25/><D113/><U3/><E3/><V117/><F117/><W73/><G73/><T131/><D131/><U68/><E68/><V13/><F13/><W36/><G36/><T133/><D133/><U12/><E35/><AGARI ba="0,1" hai="1,4,9,26,28,35,62,64,71,88,89,91,129,130" machi="35" ten="40,5200,0" yaku="1,1,52,1,54,1,53,0" doraHai="31" doraHaiUra="43" who="2" fromWho="1" sc="316,0,199,-52,242,62,233,0" owari="316,42.0,147,-35.0,304,10.0,233,-17.0" /></mjloggm>