<mjloggm ver="2.3"><GO type="169" lobby="0"/><UN n0="%E3%81%8D%E3%81%BE%E3%81%99" n1="%E3%83%8E%E3%82%AA%E3%83%81%E3%83%A3%E3%83%99%E3%82%B9" n2="%7A%65%52%6F" n3="%E2%98%85%E3%83%9B%E3%83%BC%E3%82%B9%E2%98%85" dan="17,16,18,16" rate="2205.42,2093.73,2172.27,2122.35" sx="M,M,M,M"/><TAIKYOKU oya="0"/><INIT seed="0,0,0,1,2,96" ten="250,250,250,250" oya="0" hai0="52,18,48,111,90,23,100,116,61,40,123,105,33" hai1="71,60,101,72,131,88,76,19,134,77,58,81,85" hai2="20,125,28,15,14,68,67,1,74,30,32,73,80" hai3="42,46,87,135,57,119,54,94,22,10,31,106,107"/><T83/><D116/><U63/><E131/><V5/><F68/><W117/><G135/><T55/><D123/><U25/><E134/><V43/><F67/><W24/><G106/><T51/><D33/><U4/><E4/><V8/><F43/><W69/><G69/><T53/><D111/><U9/><E71/><V35/><F80/><W114/><G107/><T37/><D37/><U3/><E3/><V93/><F93/><W27/><G114/><T104/><D61/><U36/><E36/><V97/><F97/><W29/><G10/><T98/><D105/><U0/><E0/><V64/><F64/><W26/><G26/><T130/><D40/><U17/><E63/><V66/><F66/><W124/><G124/><T6/><D6/><U21/><E72/><V99/><F99/><W34/><G94/><T132/><D132/><U109/><E109/><V118/><F74/><W92/><G92/><T112/><D112/><U50/><E50/><V79/><F79/><N who="1" m="30281" /><E9/><N who="2" m="2223" /><F73/><W129/><G87/><T127/><D127/><U113/><E113/><V78/><F78/><W70/><G70/><T121/><D130/><U95/><E95/><V7/><F118/><W103/><G129/><T13/><REACH who="0" step="1"/><D121/><REACH who="0" ten="240,250,250,250" step="2"/><U128/><E128/><V62/><F62/><N who="3" m="36151" /><G119/><T56/><D56/><U44/><E44/><V16/><F125/><W41/><G117/><T86/><AGARI ba="0,1" hai="13,18,23,48,51,52,53,55,83,86,90,98,100,104" machi="86" ten="30,11700,0" yaku="1,1,0,1,52,1,54,1,53,0" doraHai="96" doraHaiUra="91" who="0" fromWho="0" sc="240,127,250,-39,250,-39,250,-39" /><INIT seed="0,1,0,2,3,129" ten="367,211,211,211" oya="0" hai0="18,41,58,62,101,17,106,103,40,71,134,32,82" hai1="105,38,72,42,91,43,75,53,130,95,61,2,63" hai2="116,5,10,60,16,100,1,25,9,120,13,84,65" hai3="3,115,69,44,78,36,59,92,4,102,37,34,97"/><T68/><D134/><U125/><E2/><V85/><F120/><W83/><G69/><T126/><D32/><U20/><E105/><V30/><F116/><W28/><G115/><T76/><D126/><U0/><E0/><V51/><F51/><W39/><G59/><T73/><D106/><U22/><E130/><V118/><F100/><W132/><G34/><T122/><D122/><U24/><E125/><V29/><F29/><W66/><G66/><T81/><D73/><U90/><E95/><V19/><F19/><W121/><G28/><T14/><D14/><U33/><E33/><V123/><F118/><W49/><G121/><T67/><D58/><U6/><E6/><V89/><F89/><W127/><G127/><T80/><D80/><U77/><E77/><V8/><F8/><W79/><G83/><T15/><D15/><U117/><E38/><V111/><F123/><W57/><G57/><T87/><D87/><U107/><E107/><V86/><F111/><W50/><G50/><T112/><D67/><U96/><E96/><V52/><F52/><N who="3" m="29735" /><G78/><T128/><D76/><U23/><E24/><V131/><F131/><W64/><G64/><T7/><D128/><U46/><E46/><V94/><F94/><W21/><G79/><T27/><D62/><N who="1" m="23563" /><E53/><V70/><REACH who="2" step="1"/><F86/><REACH who="2" ten="367,211,201,211" step="2"/><W45/><G37/><T108/><D108/><U135/><E117/><V48/><F48/><W74/><G36/><T11/><D11/><U124/><E124/><V119/><F119/><W110/><G39/><T31/><D31/><U99/><E75/><V47/><F47/><W12/><G74/><RYUUKYOKU ba="1,1" sc="367,-10,211,-10,201,30,211,-10" hai2="1,5,9,10,13,16,25,30,60,65,70,84,85" /><INIT seed="1,2,1,2,4,104" ten="357,201,231,201" oya="1" hai0="14,83,47,35,74,130,115,116,135,13,7,19,131" hai1="26,40,29,39,64,0,17,8,89,63,55,78,45" hai2="96,85,42,81,103,16,97,31,80,126,3,124,32" hai3="120,86,51,23,71,61,125,12,62,24,18,111,58"/><U121/><E121/><V77/><F3/><W106/><G120/><T53/><D53/><U128/><E128/><N who="0" m="49193" /><D116/><U110/><E110/><V134/><F42/><W84/><G111/><T76/><D35/><U52/><E89/><N who="2" m="51367" /><F31/><W33/><G106/><T36/><D135/><U82/><E17/><V105/><F32/><W123/><G123/><T1/><D115/><U10/><E10/><V122/><F16/><N who="3" m="12391" /><G71/><T30/><D30/><U9/><E9/><V95/><F122/><W21/><G33/><T48/><D19/><U38/><E38/><V59/><F59/><W112/><G112/><T129/><D48/><U25/><E25/><V88/><F134/><W4/><G4/><T41/><D129/><U117/><E117/><V114/><F114/><W54/><G125/><T2/><D2/><U92/><E92/><V101/><F101/><W68/><G68/><T133/><D133/><U67/><E26/><V93/><F105/><W20/><G20/><T43/><D43/><U98/><E98/><V15/><F15/><W66/><G66/><N who="1" m="25130" /><E63/><AGARI ba="2,1" hai="12,18,21,51,54,58,61,62,63,84,86" m="12391" machi="63" ten="30,2000,0" yaku="8,1,54,1" doraHai="104" who="3" fromWho="1" sc="357,0,201,-26,231,0,201,36" /><INIT seed="2,0,0,3,3,13" ten="357,175,231,237" oya="2" hai0="102,10,74,132,125,134,19,86,60,94,32,109,123" hai1="127,111,11,51,53,128,80,110,58,97,69,47,76" hai2="98,59,16,77,118,113,61,36,120,68,135,82,8" hai3="93,48,27,95,33,130,31,99,104,119,50,18,129"/><V84/><F113/><W7/><G119/><T45/><D74/><U66/><E97/><V5/><F120/><W9/><G104/><T29/><D109/><U131/><E11/><V56/><F118/><W3/><G95/><T65/><D125/><U107/><E107/><V39/><F68/><W4/><G4/><T105/><D45/><U92/><E92/><V88/><F135/><W72/><G72/><T87/><D123/><U75/><E69/><V15/><F39/><W103/><REACH who="3" step="1"/><G18/><REACH who="3" ten="357,175,231,227" step="2"/><T71/><D94/><U49/><E127/><V25/><F36/><W116/><G116/><T35/><D132/><U55/><REACH who="1" step="1"/><E66/><REACH who="1" ten="357,165,231,227" step="2"/><V114/><F98/><W70/><G70/><T100/><D134/><U41/><E41/><V63/><F114/><W83/><G83/><T121/><D105/><U26/><E26/><V37/><F25/><W6/><G6/><T0/><D121/><U20/><E20/><V44/><F5/><W96/><G96/><T54/><D35/><U14/><E14/><V106/><F106/><W46/><G46/><T23/><D32/><U24/><E24/><V43/><F56/><W38/><G38/><T30/><D71/><U90/><E90/><V42/><F59/><W101/><G101/><T133/><D100/><U52/><E52/><V17/><F42/><W28/><G28/><T34/><D102/><U122/><E122/><V22/><F88/><W73/><G73/><T62/><D133/><U12/><E12/><N who="2" m="9511" /><F37/><W1/><G1/><T85/><D34/><U117/><E117/><V115/><F115/><W2/><G2/><T40/><D0/><RYUUKYOKU ba="0,2" sc="357,-30,165,10,231,10,227,10" hai1="47,49,51,53,55,58,75,76,80,110,111,128,131" hai2="8,15,16,43,44,61,63,77,82,84" hai3="3,7,9,27,31,33,48,50,93,99,103,129,130" /><INIT seed="2,1,2,0,2,53" ten="327,175,241,237" oya="2" hai0="82,33,24,72,45,90,21,55,46,127,14,51,69" hai1="112,29,114,12,113,92,48,54,9,70,41,132,52" hai2="28,73,105,32,101,23,103,34,10,100,77,83,97" hai3="85,75,18,81,123,43,79,133,80,88,49,30,99"/><V36/><F36/><W3/><G123/><T96/><D69/><U7/><E70/><V13/><F23/><W111/><G111/><T94/><D33/><U61/><E132/><V116/><F116/><W37/><G133/><T59/><D127/><U47/><E29/><V1/><F1/><W134/><G134/><T117/><D117/><U110/><E110/><V65/><F65/><W115/><G3/><T121/><D121/><U87/><E61/><V38/><F38/><W106/><G30/><T89/><D14/><U4/><E4/><V17/><REACH who="2" step="1"/><F34/><REACH who="2" ten="327,175,231,237" step="2"/><W56/><G37/><T15/><D21/><U120/><E120/><V124/><F124/><W122/><G122/><T25/><D25/><AGARI ba="1,3" hai="10,13,17,25,28,32,73,77,83,97,100,101,103,105" machi="25" ten="40,3900,0" yaku="1,1,53,1" doraHai="53" doraHaiUra="31" who="2" fromWho="0" sc="327,-42,175,0,231,72,237,0" /><INIT seed="2,2,0,5,1,124" ten="285,175,303,237" oya="2" hai0="90,53,128,52,101,30,46,135,122,40,23,2,108" hai1="103,42,82,72,107,27,33,123,59,112,13,36,34" hai2="73,12,89,102,64,81,41,83,48,119,96,129,68" hai3="94,16,133,25,35,49,132,87,120,11,115,91,61"/><V17/><F119/><W105/><G120/><T18/><D108/><U77/><E112/><V37/><F37/><W29/><G105/><T74/><D2/><U97/><E59/><V10/><F68/><W43/><G115/><T88/><D101/><U6/><E13/><V125/><F125/><W95/><G61/><T31/><D135/><N who="3" m="51785" /><G43/><T131/><D74/><U14/><E14/><V22/><F64/><W92/><G49/><N who="0" m="26823" /><D122/><U57/><E57/><V130/><F10/><W93/><G11/><T32/><D32/><U0/><E123/><V54/><F41/><W66/><G66/><T109/><D109/><U99/><E99/><V21/><F21/><N who="3" m="13479" /><G29/><N who="0" m="10763" /><D53/><U60/><E27/><V100/><F54/><W58/><G58/><T28/><N who="0" m="10771" /><T38/><DORA hai="84" /><D52/><U113/><E60/><V1/><F48/><W71/><G71/><T5/><D5/><U114/><E114/><V19/><F1/><W118/><G118/><T121/><D38/><U98/><E98/><V106/><F19/><W85/><G35/><T134/><D134/><U116/><E116/><V127/><F127/><W47/><G47/><T20/><D20/><U80/><E113/><V44/><F44/><W8/><G8/><T45/><D45/><N who="1" m="23751" /><E6/><V111/><F111/><W79/><G79/><T62/><D62/><U50/><E50/><V69/><F69/><W51/><G51/><T78/><D78/><N who="1" m="44103" /><E0/><V24/><F106/><W75/><G75/><AGARI ba="2,0" hai="33,34,75,77,82,97,103,107" m="44103,23751" machi="75" ten="30,2000,0" yaku="33,2" doraHai="124,84" who="1" fromWho="3" sc="285,0,175,26,303,0,237,-26" /><INIT seed="3,0,0,2,3,36" ten="285,201,303,211" oya="3" hai0="17,31,103,16,14,129,113,98,30,22,8,89,42" hai1="104,122,47,71,59,39,83,115,79,81,102,52,6" hai2="10,12,73,95,58,127,107,27,133,78,65,29,53" hai3="72,56,99,48,35,90,76,118,43,77,134,82,112"/><W4/><G118/><T117/><D117/><U33/><E122/><V5/><F107/><W87/><G112/><T44/><D129/><U74/><E115/><V86/><F127/><W131/><G131/><T94/><D113/><U114/><E114/><V41/><F133/><W84/><G35/><T64/><D64/><U49/><E33/><V69/><F69/><W111/><G134/><T13/><REACH who="0" step="1"/><D103/><REACH who="0" ten="275,201,303,211" step="2"/><U46/><E102/><V116/><F116/><W57/><G111/><T18/><D18/><U23/><E6/><V55/><F65/><W60/><G4/><T101/><D101/><U7/><E71/><V126/><F5/><W67/><G72/><T80/><D80/><U97/><E7/><V93/><F73/><W26/><G82/><T38/><AGARI ba="0,1" hai="8,13,14,16,17,22,30,31,38,42,44,89,94,98" machi="38" ten="20,12000,2" yaku="1,1,0,1,7,1,52,1,54,1,53,2" doraHai="36" doraHaiUra="15" who="0" fromWho="0" sc="275,130,201,-30,303,-30,211,-60" /><INIT seed="4,0,0,0,3,19" ten="405,171,273,151" oya="0" hai0="61,1,124,24,97,78,111,53,75,15,37,72,49" hai1="110,13,40,126,45,129,132,39,59,115,52,95,69" hai2="14,98,116,7,131,67,47,127,90,23,134,20,6" hai3="88,80,55,44,107,4,82,10,105,106,92,113,21"/><T109/><D37/><U11/><E110/><N who="0" m="41993" /><D1/><U114/><E69/><V25/><F127/><W46/><G113/><N who="1" m="43018" /><E126/><V74/><F74/><W30/><G46/><N who="0" m="27831" /><D97/><U79/><E79/><V108/><F108/><W43/><G55/><T63/><D78/><U94/><E132/><V9/><F134/><W102/><G102/><T101/><D101/><U112/><E129/><V29/><F131/><W104/><N who="3" m="26624" /><DORA hai="71" /><W100/><G100/><T31/><D15/><U86/><E86/><V28/><F116/><W93/><G93/><T35/><D124/><U17/><E112/><V99/><F67/><W121/><G121/><T32/><D32/><U89/><E89/><V133/><F133/><W83/><G92/><T81/><D81/><U118/><E118/><V51/><F90/><W135/><G135/><T42/><D42/><U56/><E56/><V96/><F7/><W54/><G88/><T103/><D103/><U77/><E77/><V57/><F57/><W3/><G54/><T76/><D76/><U73/><E73/><AGARI ba="0,0" hai="24,31,35,61,63,72,73,75" m="27831,41993" machi="73" ten="30,1500,0" yaku="10,1" doraHai="19,71" who="0" fromWho="1" sc="405,15,171,-15,273,0,151,0" /><INIT seed="4,1,0,1,2,76" ten="420,156,273,151" oya="0" hai0="89,93,114,18,14,103,81,12,95,134,37,102,49" hai1="72,132,57,130,24,41,62,118,109,112,129,56,97" hai2="40,106,0,38,63,127,84,36,104,28,100,42,126" hai3="9,50,122,115,74,64,2,47,96,92,94,71,123"/><T55/><D37/><N who="2" m="14442" /><F84/><W39/><G39/><T67/><D134/><U35/><E41/><N who="2" m="15979" /><F100/><N who="0" m="38442" /><D67/><U91/><E72/><V20/><F20/><W90/><G74/><T45/><D114/><U99/><E132/><V26/><F26/><W25/><G115/><T73/><D73/><U121/><E112/><V107/><F28/><W13/><G2/><T27/><D27/><U124/><E35/><V3/><F63/><W116/><G25/><T113/><D113/><U7/><E24/><V52/><F52/><N who="3" m="29791" /><G92/><N who="0" m="35403" /><D18/><U15/><E62/><V117/><F117/><W105/><G116/><T111/><D111/><U21/><E109/><V46/><F46/><W33/><G33/><T98/><D98/><U87/><E118/><V83/><F3/><W86/><G96/><T30/><D30/><U4/><E99/><V78/><F0/><W31/><G31/><T66/><D66/><U135/><E97/><V34/><F34/><W6/><G64/><T131/><D131/><U22/><E135/><V85/><F107/><W101/><G105/><T70/><D70/><U133/><E133/><V58/><F58/><W51/><G101/><T77/><D77/><U16/><E57/><V79/><F79/><W32/><G32/><T43/><D43/><U59/><E59/><V5/><F5/><W23/><G71/><T48/><D48/><U110/><E110/><V69/><F69/><W29/><G51/><T61/><D61/><U125/><E7/><V54/><F54/><W17/><G29/><T8/><D8/><U119/><E119/><V80/><F106/><W128/><G128/><T1/><D1/><RYUUKYOKU ba="1,0" sc="420,15,156,-15,273,-15,151,15" hai0="12,14,45,49,55,81,89" hai3="6,9,13,17,23,86,90,94,122,123" /><INIT seed="4,2,0,2,0,124" ten="435,141,258,166" oya="0" hai0="27,4,24,33,56,2,1,31,91,119,42,11,131" hai1="44,89,10,68,133,65,106,86,57,30,53,48,76" hai2="71,66,21,28,96,61,12,111,73,114,41,58,113" hai3="72,78,100,22,90,16,110,132,120,82,99,5,75"/><T112/><D42/><U26/><E106/><V128/><F111/><W35/><G110/><T117/><D56/><U0/><E133/><V38/><F73/><W69/><G69/><T108/><D91/><U105/><E105/><V109/><F109/><W134/><G35/><T3/><D108/><U84/><E68/><V40/><F38/><W47/><G120/><T74/><D74/><U13/><E0/><N who="0" m="105" /><D112/><N who="2" m="43114" /><F96/><W121/><G121/><T129/><D27/><U115/><E115/><V62/><F40/><W94/><G75/><T83/><D83/><U135/><E135/><N who="3" m="51754" /><G47/><T39/><D39/><U87/><E76/><V80/><F80/><W93/><G5/><T125/><D125/><U126/><E126/><V32/><F41/><W107/><G90/><T97/><D97/><U43/><E65/><V54/><F66/><W49/><G49/><T15/><N who="0" m="113" /><T104/><DORA hai="64" /><D104/><U17/><E89/><V70/><F62/><W102/><G100/><T127/><D127/><U6/><E6/><V18/><F70/><W25/><AGARI ba="2,0" hai="16,22,25,72,78,82,93,94,99,102,107" m="51754" machi="25" ten="30,2000,0" yaku="20,1,54,1" doraHai="124,64" who="3" fromWho="3" sc="435,-12,141,-7,258,-7,166,26" /><INIT seed="5,0,0,3,1,94" ten="423,134,251,192" oya="1" hai0="54,7,43,77,108,90,119,38,109,11,23,84,76" hai1="86,124,89,64,85,68,115,112,126,132,26,14,31" hai2="9,44,16,113,97,36,105,131,48,93,117,88,102" hai3="10,121,79,116,69,19,59,13,21,18,29,1,41"/><U133/><E64/><V65/><F117/><W40/><G69/><T33/><D33/><U80/><E68/><V75/><F36/><W128/><G116/><T95/><D119/><U5/><E5/><V35/><F35/><W56/><G121/><T17/><D54/><U6/><E6/><V96/><F75/><W47/><G128/><T2/><D77/><U130/><E14/><V58/><F131/><W27/><G79/><T50/><D38/><U60/><E60/><N who="2" m="38039" /><F105/><W81/><G81/><T15/><D76/><N who="1" m="46215" /><E31/><V39/><F39/><W8/><G1/><T57/><D57/><N who="3" m="22089" /><G47/><T37/><D37/><U34/><E26/><V55/><F113/><N who="1" m="43593" /><E34/><V45/><F45/><W87/><G87/><T98/><D43/><N who="3" m="16457" /><G8/><T0/><D0/><U78/><E78/><V22/><F9/><W66/><G66/><T125/><D2/><U134/><E130/><V72/><F72/><W28/><AGARI ba="0,0" hai="10,13,18,19,21,27,28,29" m="16457,22089" machi="28" ten="30,1100,0" yaku="8,1" doraHai="94" who="3" fromWho="3" sc="423,-3,134,-5,251,-3,192,11" /><INIT seed="6,0,0,5,4,64" ten="420,129,248,203" oya="2" hai0="98,94,21,7,73,65,114,126,95,117,99,113,1" hai1="110,9,103,11,44,29,32,106,124,55,30,81,51" hai2="31,50,16,96,84,72,36,10,91,57,119,22,33" hai3="3,63,83,79,75,132,13,101,2,88,35,76,109"/><V39/><F119/><W128/><G109/><T27/><D117/><U69/><E110/><V19/><F72/><W85/><G35/><T68/><D73/><U58/><E124/><V53/><F33/><W130/><G132/><T127/><D7/><U40/><E106/><V52/><F96/><N who="0" m="36906" /><D1/><U34/><E103/><V112/><F112/><N who="0" m="43114" /><D65/><U86/><E34/><V49/><F39/><W129/><G101/><T102/><D68/><U134/><E134/><V47/><F36/><W37/><G37/><T20/><D20/><U90/><E69/><V17/><F10/><W92/><G76/><T46/><D46/><U59/><E59/><V115/><F115/><W77/><G77/><T60/><D60/><U125/><E125/><N who="0" m="47625" /><D102/><U97/><E97/><V25/><F17/><AGARI ba="0,0" hai="17,21,27,94,95" m="47625,43114,36906" machi="17" ten="30,2000,0" yaku="15,1,18,1" doraHai="64" who="0" fromWho="2" sc="420,20,129,0,248,-20,203,0" /><INIT seed="7,0,0,0,2,108" ten="440,129,228,203" oya="3" hai0="112,50,10,3,8,0,4,87,122,135,57,30,37" hai1="6,110,92,107,121,131,91,70,36,62,126,54,34" hai2="25,102,119,27,115,88,90,113,76,51,67,41,78" hai3="60,18,44,109,59,40,85,95,55,105,65,14,80"/><W56/><G105/><T103/><D122/><U52/><E121/><V46/><F119/><W106/><G106/><T124/><D37/><U99/><E110/><V2/><F102/><W134/><G134/><T43/><D30/><U5/><E34/><V9/><F67/><W63/><G95/><T39/><D8/><U16/><E36/><V38/><F51/><W64/><G109/><T11/><D11/><U125/><E107/><V75/><F27/><W13/><G55/><T123/><D3/><U31/><E31/><V22/><F22/><W42/><G44/><T114/><D135/><U68/><E131/><V1/><F25/><W61/><G61/><T48/><D124/><U132/><E132/><V28/><F28/><W20/><G13/><T94/><D57/><U49/><E16/><V23/><F23/><W81/><G81/><T118/><D118/><U111/><E111/><V83/><F78/><AGARI ba="0,0" hai="14,18,20,40,42,56,59,60,63,64,65,78,80,85" machi="78" ten="30,5800,0" yaku="7,1,9,1,8,1" doraHai="108" who="3" fromWho="2" sc="440,0,129,0,228,-58,203,58" /><INIT seed="7,1,0,1,3,129" ten="440,129,170,261" oya="3" hai0="78,26,107,75,74,99,22,56,88,87,103,106,53" hai1="72,51,105,30,71,92,97,13,125,15,3,67,80" hai2="11,24,69,37,34,36,85,115,66,4,42,50,52" hai3="63,81,33,61,126,84,102,111,41,17,54,114,21"/><W20/><G33/><T9/><D9/><U59/><E3/><V123/><F115/><W44/><G114/><T89/><D26/><U112/><E112/><V46/><F123/><W109/><G102/><T65/><D65/><U135/><E105/><N who="0" m="39945" /><D22/><N who="3" m="8809" /><G54/><T10/><D10/><U100/><E71/><V40/><F85/><W95/><G95/><N who="0" m="58879" /><D56/><U120/><E120/><V0/><F40/><W134/><G134/><T23/><D23/><U122/><E122/><V121/><F121/><W118/><G118/><T29/><D29/><U32/><E125/><V25/><F34/><W45/><G17/><T39/><D39/><U64/><E32/><V113/><F37/><W49/><G45/><T76/><D53/><U91/><E30/><V77/><F77/><N who="0" m="29802" /><D89/><U108/><E108/><N who="3" m="41546" /><G126/><T70/><D70/><U7/><E72/><V86/><F113/><W28/><G28/><T68/><D68/><U43/><E59/><V27/><F69/><W2/><G2/><T130/><D130/><U31/><E31/><V96/><F27/><W124/><G124/><T19/><D19/><U55/><E55/><V104/><F25/><W1/><G1/><T73/><D73/><U35/><E35/><V38/><F24/><W132/><G61/><T79/><D79/><U8/><E15/><N who="2" m="5607" /><F38/><W58/><G63/><T62/><D62/><U60/><E60/><V14/><F0/><W128/><G128/><T6/><D6/><U48/><E43/><V98/><F14/><W127/><G41/><T5/><D5/><U119/><E7/><V57/><F36/><W82/><G127/><T12/><D12/><RYUUKYOKU ba="1,0" sc="440,30,129,-10,170,-10,261,-10" hai0="74,75,87,88" owari="470,57.0,119,-38.0,160,-24.0,251,5.0" /></mjloggm>