<mjloggm ver="2.3"><GO type="169" lobby="0"/><UN n0="%E3%81%86%E3%82%8C%E3%81%97%E3%81%92%E3%81%8A" n1="%E3%83%87%E3%83%B3%E3%82%A8%E3%83%B3" n2="%6C%69%65%62%65" n3="%E3%82%B7%E3%83%A9%E3%80%82" dan="16,17,16,17" rate="2055.79,2182.89,2042.36,2165.89" sx="M,M,F,M"/><TAIKYOKU oya="0"/><INIT seed="0,0,0,5,1,57" ten="250,250,250,250" oya="0" hai0="135,77,52,100,62,59,99,50,9,4,91,133,51" hai1="118,75,78,19,112,106,98,13,128,3,34,21,22" hai2="109,17,127,70,44,65,74,35,61,130,122,55,84" hai3="0,5,123,43,93,69,48,30,102,7,26,16,11"/><T79/><D91/><U82/><E112/><V41/><F122/><W20/><G123/><T24/><D24/><U105/><E128/><V12/><F109/><W8/><G69/><T10/><D79/><U1/><E118/><V42/><F74/><W110/><G110/><T103/><D77/><U88/><E34/><V32/><F130/><W116/><G116/><T27/><D27/><U108/><E108/><V90/><F127/><W60/><G60/><T31/><D31/><U126/><E126/><V131/><F55/><W107/><G107/><T96/><D96/><U66/><E22/><V125/><F125/><W113/><G113/><T28/><D28/><U72/><E72/><V117/><F117/><W92/><G102/><T76/><D76/><U83/><E66/><V86/><F42/><W25/><G48/><N who="0" m="18475" /><D4/><U81/><E81/><V23/><F131/><W85/><G43/><T36/><D36/><U47/><E83/><V87/><REACH who="2" step="1"/><F90/><REACH who="2" ten="250,250,240,250" step="2"/><W71/><G85/><T80/><D52/><U53/><E53/><V114/><F114/><W40/><G40/><T95/><D135/><U94/><E88/><V132/><F132/><W38/><G38/><AGARI ba="0,1" hai="12,17,23,32,35,38,41,44,61,65,70,84,86,87" machi="38" ten="40,2600,0" yaku="1,1,52,1,53,0" doraHai="57" doraHaiUra="119" who="2" fromWho="3" sc="250,0,250,0,240,36,250,-26" /><INIT seed="1,0,0,1,2,8" ten="250,250,276,224" oya="1" hai0="121,39,6,108,50,57,129,40,106,85,91,72,134" hai1="7,122,117,112,107,97,131,16,46,81,76,109,84" hai2="132,80,88,119,43,17,77,36,95,42,125,96,59" hai3="66,102,116,2,52,100,24,92,118,18,13,86,98"/><U94/><E117/><N who="3" m="45162" /><G2/><T103/><D108/><U93/><E122/><V22/><F119/><W90/><G66/><T14/><D129/><U35/><E112/><V26/><F132/><W44/><G24/><T82/><D134/><U115/><E115/><V114/><F36/><W63/><G98/><T11/><D121/><U51/><E35/><V123/><F125/><W10/><G63/><T83/><D39/><U37/><E37/><V21/><F123/><W31/><G31/><T71/><D71/><U127/><E127/><V104/><F104/><W5/><G5/><T29/><D29/><U130/><E7/><V135/><F135/><W28/><G28/><T111/><D111/><U20/><E107/><V110/><F110/><W56/><G56/><T38/><D38/><U3/><E3/><V54/><F22/><W0/><G0/><T75/><D57/><U41/><E109/><V34/><F34/><W58/><G58/><T47/><D103/><U48/><E48/><AGARI ba="0,0" hai="10,13,18,44,48,52,86,90,92,100,102" m="45162" machi="48" ten="30,3900,0" yaku="12,1,52,1,54,1" doraHai="8" who="3" fromWho="1" sc="250,0,250,-39,276,0,224,39" /><INIT seed="2,0,0,0,3,130" ten="250,211,276,263" oya="2" hai0="128,55,52,53,29,111,77,72,98,123,41,99,92" hai1="127,126,19,60,32,1,69,21,93,88,35,42,66" hai2="131,75,16,101,15,40,9,132,10,104,102,56,79" hai3="119,11,129,114,86,48,107,106,54,80,8,45,36"/><V89/><F132/><W59/><G129/><T103/><D128/><U37/><E1/><V76/><F131/><W83/><G119/><T50/><D123/><U112/><E112/><V100/><F104/><W58/><G114/><T12/><D111/><U38/><E35/><V43/><F75/><W73/><G73/><T17/><D29/><U3/><E3/><V120/><F120/><W135/><G135/><T63/><D63/><U22/><E32/><V96/><F10/><W13/><G11/><T24/><D24/><U26/><E22/><V39/><F56/><W30/><G30/><T105/><D77/><N who="2" m="29770" /><F39/><W68/><G68/><T81/><D72/><U47/><REACH who="1" step="1"/><E38/><REACH who="1" ten="250,201,276,263" step="2"/><V4/><F4/><W87/><G36/><T18/><D81/><U82/><E82/><V0/><F0/><W118/><G83/><T20/><D18/><U117/><E117/><V27/><F27/><W28/><G80/><T23/><D23/><U115/><E115/><V94/><AGARI ba="0,1" hai="9,15,16,40,43,89,94,96,100,101,102" m="29770" machi="94" ten="30,3000,0" yaku="8,1,54,1" doraHai="130" who="2" fromWho="2" sc="250,-10,201,-10,276,40,263,-10" /><INIT seed="2,1,0,1,1,68" ten="240,191,316,253" oya="2" hai0="25,84,91,83,19,62,118,96,110,93,85,59,39" hai1="48,119,134,55,117,78,127,102,76,27,35,57,63" hai2="24,12,70,10,18,50,100,16,38,67,42,95,81" hai3="30,88,54,86,0,115,6,43,13,58,45,132,77"/><V41/><F38/><W109/><G132/><T92/><D110/><U87/><E134/><V40/><F81/><W135/><G135/><T28/><D118/><U123/><E123/><V104/><F104/><W98/><G109/><T32/><D19/><U26/><E102/><V89/><F100/><W9/><G115/><T71/><D71/><U69/><E127/><V52/><F70/><W21/><G77/><T75/><D39/><U14/><E14/><V122/><F67/><W49/><G98/><T46/><D46/><U72/><E72/><V124/><F124/><W47/><G43/><T2/><D2/><U128/><E128/><V111/><F122/><W120/><G120/><T15/><D15/><U34/><E87/><N who="2" m="52671" /><F24/><N who="3" m="16655" /><G0/><T65/><D75/><U116/><E27/><V131/><F131/><W20/><G20/><T107/><D107/><U125/><E125/><V99/><F99/><W5/><G5/><T121/><D121/><U112/><E112/><V64/><F64/><W61/><G61/><T37/><D37/><U79/><E26/><V7/><F111/><W101/><G101/><T22/><D32/><U133/><E133/><V33/><F33/><W103/><G103/><N who="0" m="60807" /><D84/><U53/><REACH who="1" step="1"/><E69/><REACH who="1" ten="240,181,316,253" step="2"/><V3/><F3/><W94/><AGARI ba="1,1" hai="6,9,13,45,47,49,54,58,86,88,94" m="16655" machi="94" ten="30,2000,0" yaku="8,1,54,1" doraHai="68" who="3" fromWho="3" sc="240,-6,181,-6,316,-11,253,33" /><INIT seed="3,0,0,0,0,64" ten="234,175,305,286" oya="3" hai0="27,71,107,126,30,47,101,123,14,60,76,40,61" hai1="19,131,121,81,95,104,48,6,58,36,65,84,134" hai2="91,111,21,130,34,114,11,28,68,82,117,57,115" hai3="110,116,129,127,88,124,79,93,2,78,133,0,118"/><W51/><G51/><T105/><D123/><U73/><E36/><V100/><F34/><W67/><G67/><T10/><D126/><N who="3" m="48169" /><G0/><T18/><D76/><N who="3" m="29225" /><G2/><T32/><D101/><U112/><E95/><V103/><F103/><W63/><G63/><T33/><D33/><U59/><E104/><V12/><F100/><W38/><G38/><T42/><D42/><U66/><E81/><V87/><F82/><W49/><G49/><T74/><D74/><U39/><E84/><V96/><F87/><N who="3" m="52383" /><G133/><T99/><D61/><U25/><E73/><V62/><F62/><W15/><G15/><T86/><D60/><U43/><E134/><V4/><F12/><W98/><G129/><T1/><D1/><U83/><E48/><V26/><F130/><W128/><G128/><T120/><D47/><U44/><E6/><V106/><F4/><W41/><G41/><T8/><D40/><U89/><E131/><V53/><F57/><W70/><G70/><T55/><D71/><U52/><E59/><V94/><F68/><W22/><G22/><T3/><D3/><U9/><E66/><V45/><F21/><W37/><G37/><T5/><D32/><U69/><E65/><V75/><F45/><W102/><G110/><T17/><D14/><U122/><E69/><V54/><F111/><W20/><G20/><T119/><D8/><U80/><E9/><V113/><F11/><W31/><G31/><T108/><D10/><U7/><E39/><V56/><F28/><W90/><G90/><T29/><D108/><U77/><E44/><V135/><F91/><W72/><G72/><RYUUKYOKU ba="0,0" sc="234,-10,175,-10,305,-10,286,30" hai3="98,102,116,118" /><INIT seed="3,1,0,1,1,19" ten="224,165,295,316" oya="3" hai0="104,108,43,55,21,64,63,58,88,113,45,26,110" hai1="59,69,119,9,101,49,98,122,107,82,47,38,8" hai2="67,81,29,105,15,14,73,126,12,90,22,51,102" hai3="85,77,62,93,25,87,84,118,78,53,68,65,17"/><W97/><G118/><T125/><D125/><U127/><E69/><V35/><F126/><W31/><G17/><T112/><D104/><U95/><E122/><V0/><F0/><W86/><N who="3" m="21504" /><DORA hai="52" /><W3/><G53/><T120/><D88/><U1/><E82/><V114/><F90/><W135/><G135/><T124/><D124/><U94/><E127/><V16/><F67/><W11/><G11/><T48/><D120/><U42/><E119/><V92/><F105/><W32/><REACH who="3" step="1"/><G3/><REACH who="3" ten="224,165,295,306" step="2"/><T56/><D112/><U24/><E9/><V23/><F114/><W76/><G76/><T5/><D113/><U130/><E8/><V75/><F75/><W44/><G44/><T117/><D117/><U80/><E1/><V39/><F73/><W129/><G129/><T6/><D6/><U96/><E47/><V4/><F4/><W13/><G13/><T28/><REACH who="0" step="1"/><D5/><REACH who="0" ten="214,165,295,306" step="2"/><U30/><E130/><V7/><F7/><W54/><G54/><T72/><D72/><U100/><E96/><V111/><F14/><W20/><G20/><T131/><D131/><U132/><E98/><V91/><F15/><W115/><G115/><T57/><D57/><U79/><E59/><V83/><F12/><W46/><G46/><T2/><D2/><U128/><E128/><V18/><F23/><W37/><G37/><AGARI ba="1,2" hai="21,26,28,37,43,45,48,55,56,58,63,64,108,110" machi="37" ten="40,8000,1" yaku="1,1,52,3,53,1" doraHai="19,52" doraHaiUra="106,61" who="0" fromWho="3" sc="214,103,165,0,295,0,306,-83" /><INIT seed="4,0,0,3,1,48" ten="317,165,295,223" oya="0" hai0="72,124,75,21,52,88,24,53,12,81,28,135,11" hai1="91,43,110,82,9,60,1,49,37,126,35,115,85" hai2="80,108,133,18,55,86,51,123,50,131,105,119,25" hai3="132,15,97,92,84,32,65,117,36,73,31,128,45"/><T96/><D135/><U2/><E110/><V26/><F133/><W39/><G132/><T87/><D124/><U38/><E126/><V78/><F108/><W30/><G117/><T17/><REACH who="0" step="1"/><D96/><REACH who="0" ten="307,165,295,223" step="2"/><U116/><E116/><V120/><F119/><W69/><G97/><T121/><D121/><U14/><E115/><V129/><F123/><W90/><G39/><T134/><D134/><U58/><E38/><V44/><F120/><W127/><G36/><T79/><D79/><U29/><E37/><V68/><F105/><W20/><G127/><T107/><D107/><U23/><E2/><V83/><F129/><W100/><G128/><T70/><D70/><U34/><E1/><V95/><F131/><W33/><G69/><T130/><D130/><U56/><E35/><V6/><F68/><W111/><G33/><T103/><D103/><U40/><E34/><V8/><F78/><W22/><G100/><T13/><D13/><U101/><E101/><V112/><F112/><W89/><G15/><T67/><D67/><U98/><E98/><V46/><F26/><W47/><G65/><T57/><D57/><U125/><E125/><V122/><F122/><W74/><G32/><T19/><D19/><U94/><E58/><V27/><F27/><W41/><G111/><T62/><D62/><U113/><E60/><V7/><F25/><W93/><G90/><T4/><D4/><U16/><E113/><V63/><F7/><W118/><G89/><T114/><D114/><U10/><E16/><V104/><F6/><W0/><G118/><T64/><D64/><U102/><E14/><RYUUKYOKU ba="0,1" sc="307,30,165,-10,295,-10,223,-10" hai0="11,12,17,21,24,28,52,53,72,75,81,87,88" /><INIT seed="4,1,1,2,2,47" ten="337,155,285,213" oya="0" hai0="90,88,111,69,104,115,8,76,0,135,46,97,105" hai1="114,62,106,26,10,60,84,75,40,122,131,18,102" hai2="68,129,7,96,92,21,28,79,67,35,72,95,20" hai3="53,120,73,4,80,124,49,2,57,16,50,134,133"/><T6/><D69/><U27/><E75/><V81/><F129/><W82/><G124/><T29/><D115/><U100/><E122/><V121/><F121/><W108/><G120/><T19/><D29/><U3/><E114/><V113/><F113/><W61/><G108/><T52/><D111/><U119/><E131/><V71/><F7/><W34/><G34/><T110/><D110/><U58/><E119/><V31/><F95/><W109/><G109/><T17/><D76/><U55/><E40/><V37/><F37/><W132/><G16/><T24/><D135/><U126/><E126/><V39/><F39/><W41/><G41/><T30/><D19/><U86/><E3/><V12/><F12/><W103/><G103/><N who="1" m="39466" /><E62/><V112/><F112/><W25/><G25/><N who="1" m="9226" /><E106/><V116/><F116/><W66/><G73/><T44/><D105/><U77/><E77/><V15/><F71/><N who="3" m="42447" /><G50/><T130/><D130/><U99/><E99/><V117/><F117/><W91/><G91/><T36/><D90/><U107/><E107/><V14/><F35/><W94/><G94/><N who="0" m="56519" /><D36/><U48/><E60/><N who="2" m="40039" /><F31/><W56/><G56/><T98/><D30/><U118/><E118/><V89/><F28/><W101/><G101/><T123/><D123/><U125/><E125/><V70/><F70/><W59/><G59/><T74/><D74/><U54/><E54/><V85/><F72/><W11/><AGARI ba="1,1" hai="2,4,11,49,53,57,80,82,132,133,134" m="42447" machi="11" ten="40,2700,0" yaku="20,1,52,1" doraHai="47" who="3" fromWho="3" sc="337,-14,155,-8,285,-8,213,40" /><INIT seed="5,0,0,3,4,66" ten="323,147,277,253" oya="1" hai0="31,79,24,111,21,56,113,133,71,102,108,7,55" hai1="87,58,0,127,73,130,124,100,53,3,9,85,61" hai2="50,49,76,43,82,99,26,105,92,63,89,122,8" hai3="22,135,68,45,75,129,126,84,54,29,6,59,46"/><U38/><E38/><V51/><F122/><W97/><G75/><T107/><D71/><U94/><E73/><V52/><F105/><W112/><G68/><T120/><D120/><U62/><E130/><V119/><F99/><W39/><G129/><T27/><D79/><U41/><E41/><V17/><F43/><W72/><G72/><T70/><D70/><U35/><E35/><V15/><F26/><W28/><G39/><T44/><D44/><U110/><E110/><V90/><F92/><W12/><G84/><N who="1" m="32330" /><E61/><V115/><F115/><W37/><G46/><T16/><D113/><U65/><E53/><V19/><F63/><W93/><G45/><T60/><D133/><U121/><E121/><V95/><F52/><W91/><G54/><T117/><D117/><U69/><E58/><V36/><F36/><W125/><G59/><T134/><D134/><U10/><E94/><V74/><F95/><W132/><G37/><T30/><D111/><U128/><E128/><V80/><F80/><W25/><G112/><T23/><D108/><U34/><E34/><V18/><F119/><W98/><G98/><T11/><D107/><U106/><E106/><V88/><AGARI ba="0,0" hai="8,15,17,18,19,49,50,51,74,76,82,88,89,90" machi="88" ten="30,2000,0" yaku="0,1,54,1" doraHai="66" who="2" fromWho="2" sc="323,-5,147,-10,277,20,253,-5" /><INIT seed="6,0,0,5,4,42" ten="318,137,297,248" oya="2" hai0="127,117,97,23,20,82,14,64,83,40,43,89,15" hai1="100,2,8,39,28,44,96,101,132,9,13,26,105" hai2="33,90,91,98,114,131,31,107,73,3,34,51,122" hai3="60,22,61,133,12,72,102,95,27,68,48,121,0"/><V118/><F118/><W70/><G133/><T32/><D32/><U29/><E132/><V106/><F3/><W109/><G109/><T1/><D1/><U112/><E112/><V67/><F114/><W86/><G121/><T4/><D127/><U41/><E101/><V115/><F115/><W54/><G72/><T46/><D64/><U113/><E113/><V124/><F122/><W55/><G0/><T62/><D62/><U66/><E66/><V84/><F73/><W92/><G12/><T30/><D30/><U63/><E63/><V21/><F124/><W57/><G102/><T18/><D40/><U7/><REACH who="1" step="1"/><E26/><REACH who="1" ten="318,127,297,248" step="2"/><N who="2" m="16847" /><F67/><W58/><G61/><T47/><D117/><U128/><E128/><V94/><F131/><W49/><G60/><T119/><D119/><U76/><E76/><V78/><F78/><W37/><G27/><T24/><D24/><U129/><E129/><V5/><F107/><W17/><G70/><T126/><D126/><U52/><E52/><V19/><F106/><W71/><G68/><T130/><D130/><U79/><E79/><V87/><F91/><W88/><G71/><T50/><D89/><U36/><E36/><V65/><F90/><W59/><G37/><T45/><D50/><U10/><E10/><V123/><F51/><W103/><G103/><T56/><D43/><U69/><E69/><V53/><F53/><N who="3" m="19979" /><G95/><T93/><D93/><U80/><E80/><V75/><F94/><W111/><G111/><T35/><D83/><U77/><E77/><V110/><F65/><W104/><G104/><T25/><D82/><U134/><E134/><RYUUKYOKU ba="0,1" sc="318,-15,127,15,297,-15,248,15" hai1="2,7,8,9,13,28,29,39,41,44,96,100,105" hai3="17,22,48,49,57,58,59,86,88,92" /><INIT seed="7,1,1,5,3,13" ten="303,142,282,263" oya="3" hai0="14,32,100,47,48,120,39,10,71,1,107,16,69" hai1="117,66,72,46,126,106,134,20,83,9,81,85,37" hai2="55,65,2,92,31,93,6,59,11,74,57,108,7" hai3="110,88,125,77,118,115,80,28,60,67,25,53,95"/><W84/><G115/><T135/><D120/><U0/><E126/><V91/><F108/><W12/><G125/><T90/><D32/><U132/><E117/><V119/><F119/><W98/><G118/><T36/><D1/><U21/><E106/><V104/><F74/><W22/><G110/><T26/><D71/><U27/><E66/><V124/><F7/><W15/><G53/><T51/><D69/><AGARI ba="1,1" hai="12,15,22,25,28,60,67,69,77,80,84,88,95,98" machi="69" ten="30,2900,0" yaku="7,1,54,1" doraHai="13" who="3" fromWho="0" sc="303,-32,142,0,282,0,263,42" owari="271,-13.0,142,-36.0,282,8.0,305,41.0" /></mjloggm>