<mjloggm ver="2.3"><GO type="169" lobby="0"/><UN n0="%E3%82%B3%E3%82%AB%E3%83%A9%E3%82%A4%E3%82%A2" n1="%4C%69%53%41" n2="%E3%81%9F%E3%82%93%E3%82%86%E3%81%86" n3="%E3%82%84%E3%81%8F%E3%81%97%E3%81%BE%E3%82%8B%E3%81%88%E3%81%A4%E3%81%93" dan="17,16,16,16" rate="2146.10,2170.41,2148.04,2060.10" sx="M,F,F,F"/><TAIKYOKU oya="0"/><INIT seed="0,0,0,1,3,3" ten="250,250,250,250" oya="0" hai0="7,87,70,32,73,94,47,60,16,49,71,8,81" hai1="30,123,50,113,37,27,21,127,107,121,61,114,89" hai2="72,88,103,99,128,129,35,86,104,34,14,124,58" hai3="109,55,53,59,4,52,85,105,26,65,10,90,44"/><T13/><D32/><U69/><E37/><V133/><F72/><W19/><G105/><T6/><D73/><U95/><E107/><V80/><F124/><W15/><G109/><T125/><D125/><U76/><E76/><V20/><F58/><W31/><G19/><T108/><D108/><U98/><E127/><V96/><F96/><W126/><G126/><T131/><D131/><N who="2" m="50250" /><F133/><W51/><G65/><T78/><D94/><U36/><E36/><V92/><F80/><W110/><G110/><T66/><REACH who="0" step="1"/><D71/><REACH who="0" ten="240,250,250,250" step="2"/><U122/><E69/><V29/><F29/><W68/><G68/><T25/><D25/><U48/><REACH who="1" step="1"/><E61/><REACH who="1" ten="240,240,250,250" step="2"/><V83/><F104/><W9/><G9/><T42/><AGARI ba="0,2" hai="6,7,8,13,16,42,47,49,60,66,70,78,81,87" machi="42" ten="20,18000,2" yaku="1,1,0,1,7,1,52,2,54,1,53,1" doraHai="3" doraHaiUra="45" who="0" fromWho="0" sc="240,200,240,-60,250,-60,250,-60" /><INIT seed="0,1,0,0,0,52" ten="440,180,190,190" oya="0" hai0="1,41,131,49,37,85,15,7,122,55,80,124,117" hai1="9,119,31,38,19,86,76,115,23,57,27,81,101" hai2="116,25,102,12,106,10,34,14,61,83,70,59,77" hai3="127,74,100,47,21,42,79,64,50,3,36,8,69"/><T13/><D117/><U98/><E38/><V0/><F116/><W2/><G127/><T58/><D124/><U97/><E119/><V29/><F70/><W96/><G8/><T107/><D107/><U129/><E129/><V71/><F71/><W67/><G36/><T113/><D131/><U35/><E115/><V44/><F44/><W46/><G46/><T54/><D122/><U33/><E9/><V125/><F125/><W128/><G128/><T75/><D75/><U6/><E6/><V73/><F102/><W68/><G68/><T104/><D104/><U4/><E4/><V110/><F106/><W133/><G133/><T87/><D37/><U132/><E132/><V26/><F110/><W118/><G118/><T93/><D41/><U24/><E35/><V51/><F51/><W16/><G79/><T62/><D1/><U11/><E11/><V45/><F45/><W32/><G32/><T126/><D126/><U114/><E114/><V48/><F48/><W92/><G74/><T135/><D135/><U78/><E78/><V82/><F26/><W130/><G130/><T18/><D7/><U39/><E101/><V90/><F10/><W84/><G69/><T95/><D15/><U109/><E109/><V88/><F0/><W111/><G111/><T56/><D113/><U60/><REACH who="1" step="1"/><E39/><REACH who="1" ten="440,170,190,190" step="2"/><V89/><REACH who="2" step="1"/><F83/><REACH who="2" ten="440,170,180,190" step="2"/><W65/><G2/><T5/><D80/><U20/><E20/><V30/><F30/><W99/><G3/><T28/><D28/><U72/><E72/><V91/><N who="2" m="22528" /><DORA hai="53" /><V123/><F123/><W112/><G100/><T17/><D5/><RYUUKYOKU ba="1,2" sc="440,-15,170,15,180,15,190,-15" hai1="19,23,24,27,31,33,57,60,76,81,86,97,98" hai2="12,14,25,29,34,59,61,73,77,82" /><INIT seed="1,2,2,1,5,81" ten="425,185,195,175" oya="1" hai0="69,78,23,19,126,99,93,57,94,29,95,55,84" hai1="85,33,105,129,76,128,80,11,24,15,5,54,31" hai2="43,90,133,122,121,12,120,104,13,135,112,7,109" hai3="59,71,3,118,75,101,10,44,125,2,74,39,114"/><U0/><E105/><V68/><F68/><W52/><G71/><T14/><D126/><U50/><REACH who="1" step="1"/><E0/><REACH who="1" ten="425,175,195,175" step="2"/><V70/><F104/><W91/><G3/><T103/><D69/><U38/><E38/><V131/><F70/><W60/><G2/><T97/><D29/><U48/><E48/><V106/><F106/><W9/><G125/><T40/><D95/><U64/><E64/><V21/><F112/><W46/><G39/><T134/><D94/><U115/><E115/><V42/><F131/><W6/><G114/><T98/><D93/><U47/><AGARI ba="2,3" hai="5,11,15,24,31,33,47,50,54,76,80,85,128,129" machi="47" ten="30,6000,0" yaku="1,1,0,1,52,1,53,0" doraHai="81" doraHaiUra="108" who="1" fromWho="1" sc="425,-22,175,96,195,-22,175,-22" /><INIT seed="1,3,0,5,4,12" ten="403,271,173,153" oya="1" hai0="91,47,44,105,14,68,84,63,110,85,38,64,119" hai1="131,128,127,97,80,8,134,88,11,76,1,9,26" hai2="66,58,77,112,86,46,29,69,10,22,15,27,108" hai3="40,117,133,99,7,48,34,93,81,125,45,20,6"/><U113/><E113/><V71/><F112/><W102/><G34/><T96/><D119/><U5/><E134/><V2/><F2/><W115/><G115/><T120/><D110/><U13/><E127/><V83/><F108/><W95/><G133/><T32/><D120/><U82/><E26/><V135/><F135/><W37/><G37/><T67/><D32/><U61/><E61/><V18/><F58/><W16/><G125/><T111/><D111/><U116/><E116/><V92/><F66/><W56/><G117/><T35/><D64/><U51/><E51/><V124/><F124/><W0/><G0/><T129/><D129/><N who="1" m="49739" /><E1/><V122/><F122/><W109/><G109/><T130/><D130/><U33/><E33/><V70/><F46/><W94/><G81/><N who="1" m="31338" /><E76/><V100/><F100/><W4/><REACH who="3" step="1"/><G56/><REACH who="3" ten="403,271,173,143" step="2"/><T62/><D38/><U118/><E118/><V98/><F71/><W121/><G121/><T19/><D35/><U57/><E57/><V74/><F70/><W101/><G101/><T24/><D68/><U21/><E21/><V104/><F69/><W123/><G123/><T107/><D67/><U36/><E36/><V23/><F23/><W55/><G55/><T90/><D47/><U53/><E53/><V39/><F39/><W52/><G52/><T65/><D44/><U54/><E54/><V60/><F60/><W126/><G126/><T49/><D65/><U103/><E103/><N who="2" m="62583" /><F74/><W30/><G30/><T17/><D63/><U89/><E89/><V41/><F41/><W75/><G75/><T50/><D62/><U106/><E88/><N who="2" m="53271" /><F77/><W59/><G59/><RYUUKYOKU ba="3,1" sc="403,-30,271,10,173,10,143,10" hai1="5,8,9,11,13,97,106" hai2="10,15,18,22,27,29,83" hai3="4,6,7,16,20,40,45,48,93,94,95,99,102" /><INIT seed="1,4,1,4,2,132" ten="373,281,183,153" oya="1" hai0="71,82,96,11,61,15,39,8,111,46,29,63,57" hai1="101,32,68,43,129,118,50,114,20,112,31,9,120" hai2="37,30,105,16,81,109,65,95,102,77,133,113,72" hai3="99,89,6,90,87,78,49,134,128,12,58,26,107"/><U64/><E101/><V135/><F30/><W3/><G3/><T2/><D111/><U124/><E20/><V24/><F37/><W55/><G134/><N who="2" m="51209" /><F65/><W25/><G128/><T33/><D71/><U4/><E118/><V84/><F109/><W67/><G67/><T103/><D2/><U45/><E120/><V76/><F113/><W42/><G42/><T53/><D63/><U34/><E129/><V119/><F119/><W51/><G107/><T130/><D130/><U21/><E21/><N who="2" m="13351" /><F105/><W47/><G99/><T19/><D82/><U79/><E79/><N who="2" m="44263" /><F102/><W98/><G98/><T28/><D33/><U80/><E80/><V54/><F54/><N who="3" m="30015" /><G78/><T125/><D11/><U13/><E64/><V36/><F36/><W74/><G74/><T70/><D70/><U104/><E104/><V127/><F127/><W86/><G89/><AGARI ba="4,1" hai="76,77,84,89,95" m="44263,13351,51209" machi="89" ten="30,2000,0" yaku="20,1,54,1" doraHai="132" who="2" fromWho="3" sc="373,0,281,0,183,42,153,-32" /><INIT seed="2,0,0,4,4,25" ten="373,281,225,121" oya="2" hai0="101,54,123,112,16,8,119,61,39,126,40,23,80" hai1="122,47,11,92,26,51,56,50,67,21,38,124,104" hai2="125,111,117,9,116,76,15,59,103,46,34,45,130" hai3="10,24,55,35,115,64,120,42,127,105,131,114,22"/><V3/><F3/><W49/><G120/><T97/><D112/><N who="3" m="43049" /><G105/><T83/><D123/><U0/><E104/><V91/><F103/><W106/><G106/><T102/><D126/><U109/><E122/><V65/><F125/><W100/><G100/><T18/><D119/><U53/><E124/><V12/><F76/><W81/><G127/><T17/><D101/><U94/><E38/><V43/><F130/><W85/><G131/><T99/><D40/><U5/><E109/><V77/><F77/><W88/><G64/><T6/><D39/><U95/><E67/><V27/><F15/><W60/><G60/><T113/><D113/><U7/><E7/><V14/><F14/><W2/><G35/><T129/><D129/><U118/><E118/><V82/><F59/><W62/><G62/><T121/><D121/><U128/><E128/><V73/><F65/><W4/><G42/><T19/><D102/><U68/><E68/><V44/><F43/><W31/><G49/><T28/><D54/><AGARI ba="0,0" hai="2,4,10,22,24,31,54,55,81,85,88" m="43049" machi="54" ten="30,3900,0" yaku="11,1,52,1,54,1" doraHai="25" who="3" fromWho="0" sc="373,-39,281,0,225,0,121,39" /><INIT seed="3,0,0,1,3,103" ten="334,281,225,160" oya="3" hai0="50,2,14,114,124,122,16,131,49,99,82,40,20" hai1="35,94,75,69,30,77,15,46,7,91,126,56,68" hai2="59,36,6,128,123,79,25,120,95,115,17,23,73" hai3="62,9,41,83,109,65,27,80,29,133,19,0,87"/><W61/><G133/><T85/><D122/><N who="2" m="46634" /><F115/><W116/><G116/><T31/><D124/><U97/><E126/><V34/><F36/><W132/><G132/><T54/><D131/><U92/><E35/><V98/><F128/><W58/><G41/><T55/><D114/><U64/><E30/><V81/><F34/><W70/><G109/><T21/><D2/><U44/><E56/><V10/><F59/><W107/><G107/><T67/><D67/><U63/><E69/><V119/><F119/><W3/><G19/><T13/><D99/><U28/><E28/><V11/><F6/><W90/><G9/><T108/><D108/><U104/><E104/><V52/><F52/><N who="0" m="20010" /><D40/><U26/><E26/><V100/><AGARI ba="0,0" hai="10,11,17,23,25,73,79,81,95,98,100" m="46634" machi="100" ten="30,1100,0" yaku="13,1" doraHai="103" who="2" fromWho="2" sc="334,-3,281,-3,225,11,160,-5" /><INIT seed="4,0,0,4,1,76" ten="331,278,236,155" oya="0" hai0="21,28,110,9,5,23,56,27,40,4,39,80,97" hai1="3,130,79,124,83,22,67,69,114,77,0,100,2" hai2="38,29,34,129,32,58,26,36,11,8,82,57,134" hai3="48,24,6,1,90,104,118,49,84,115,94,132,105"/><T95/><D110/><U116/><E116/><V131/><F26/><W113/><G1/><T99/><D39/><U93/><E130/><V107/><F29/><W66/><G6/><T13/><D40/><U133/><E133/><V55/><F107/><W63/><G118/><T7/><D97/><U125/><E114/><V98/><F98/><W74/><G74/><T111/><D111/><U14/><E67/><V12/><F12/><W65/><G132/><T64/><D21/><U102/><E69/><V91/><F134/><W119/><G119/><T20/><D20/><U60/><E60/><V86/><F86/><W62/><G24/><T81/><D7/><U41/><E41/><V43/><F91/><W128/><G128/><T61/><D5/><U35/><E93/><V37/><F37/><W92/><G90/><AGARI ba="0,0" hai="4,9,13,23,27,28,56,61,64,80,81,90,95,99" machi="90" ten="30,11600,0" yaku="7,1,8,1,52,2" doraHai="76" who="0" fromWho="3" sc="331,116,278,0,236,0,155,-116" /><INIT seed="4,1,0,1,2,33" ten="447,278,236,39" oya="0" hai0="24,70,4,0,77,54,20,26,122,110,121,56,7" hai1="42,44,46,128,3,22,87,16,47,105,75,81,63" hai2="40,57,129,66,125,50,115,135,74,76,104,101,1" hai3="83,23,78,38,53,111,21,134,12,10,96,48,62"/><T14/><D70/><U69/><E105/><V8/><F115/><W123/><G38/><T113/><D77/><U55/><E75/><V58/><F125/><W79/><G111/><T80/><D113/><U52/><E128/><V93/><F104/><W71/><G134/><T94/><D80/><U112/><E112/><V120/><F120/><W18/><G123/><T97/><D110/><U29/><E3/><V88/><F101/><W91/><G71/><T64/><D64/><U131/><E131/><V86/><F129/><W9/><G62/><T102/><D122/><U59/><E69/><V108/><F108/><W13/><G79/><T82/><D82/><U117/><E29/><V68/><F135/><W35/><G35/><T100/><D102/><U132/><E132/><V43/><F76/><W72/><G96/><T25/><D0/><U17/><E117/><V61/><F74/><W27/><G91/><T41/><D41/><U31/><E42/><V67/><F67/><W49/><G27/><T95/><D95/><U116/><E116/><V32/><F32/><W92/><G92/><T51/><D121/><U5/><E5/><N who="0" m="2121" /><D14/><U124/><E124/><V30/><F1/><W107/><G107/><T45/><D56/><U11/><E11/><N who="3" m="4106" /><G53/><T37/><D37/><U2/><E2/><V89/><F8/><W19/><G72/><T85/><D85/><U36/><E36/><V114/><F114/><W84/><G84/><T99/><D97/><U103/><E103/><V73/><F73/><W60/><G60/><T39/><D39/><U133/><E133/><V15/><F68/><RYUUKYOKU ba="1,0" sc="447,15,278,-15,236,-15,39,15" hai0="20,24,25,26,45,51,54,94,99,100" hai3="12,13,18,19,21,23,48,49,78,83" /><INIT seed="4,2,0,3,4,10" ten="462,263,221,54" oya="0" hai0="107,74,40,119,79,114,70,41,68,30,36,45,63" hai1="6,71,127,112,73,44,115,96,25,90,102,108,94" hai2="66,17,29,122,59,35,27,0,113,87,134,86,4" hai3="65,104,92,52,1,7,129,133,54,57,78,77,67"/><T16/><D119/><U72/><E71/><V8/><F122/><W31/><G104/><T26/><D114/><N who="1" m="43563" /><E6/><V120/><F120/><W46/><G129/><T132/><D107/><N who="1" m="63943" /><E25/><V37/><F37/><W130/><G130/><T82/><D132/><U38/><E108/><V18/><F134/><W100/><G133/><T64/><D40/><N who="1" m="22551" /><E127/><V117/><F113/><W33/><G33/><N who="0" m="20695" /><D16/><U13/><E13/><V23/><F18/><W49/><G31/><T48/><D48/><U61/><E61/><N who="2" m="38207" /><F117/><W24/><G24/><T109/><D109/><U47/><E47/><V98/><F98/><AGARI ba="2,0" hai="72,73,90,94,98" m="22551,63943,43563" machi="98" ten="30,2000,0" yaku="15,1,11,1" doraHai="10" who="1" fromWho="2" sc="462,0,263,26,221,-26,54,0" /><INIT seed="5,0,0,2,0,12" ten="462,289,195,54" oya="1" hai0="130,27,129,10,96,88,87,132,50,42,28,111,118" hai1="104,13,48,4,57,47,32,134,116,93,114,120,117" hai2="133,89,60,69,94,61,70,54,80,44,37,58,119" hai3="17,97,33,62,113,72,14,125,95,45,115,81,19"/><U25/><E104/><V100/><F119/><W108/><G108/><T71/><D111/><U55/><E120/><V102/><F133/><W63/><G33/><T9/><D132/><U85/><E134/><V128/><F128/><N who="0" m="49258" /><D71/><U124/><E114/><N who="3" m="43530" /><G125/><T6/><D96/><U29/><E124/><V76/><F69/><W22/><G45/><N who="0" m="25911" /><D6/><U98/><E85/><V38/><F38/><W40/><G40/><T110/><D118/><U8/><E47/><V0/><F0/><W7/><G7/><T36/><D36/><U78/><E78/><V92/><F92/><W56/><G81/><T123/><D123/><U103/><AGARI ba="0,0" hai="4,8,13,25,29,32,48,55,57,93,98,103,116,117" machi="103" ten="20,2100,0" yaku="0,1,7,1" doraHai="12" who="1" fromWho="1" sc="462,-7,289,21,195,-7,54,-7" /><INIT seed="5,1,0,5,1,32" ten="455,310,188,47" oya="1" hai0="19,18,28,51,88,95,111,77,33,26,80,50,90" hai1="35,67,66,21,112,130,40,105,117,134,76,5,55" hai2="118,58,131,72,73,69,56,46,60,11,98,3,79" hai3="8,65,48,22,87,17,41,24,78,71,129,44,36"/><U110/><E117/><V30/><F118/><W82/><G129/><T43/><D111/><U63/><E130/><V102/><F131/><W2/><G71/><T13/><D43/><U75/><E35/><V25/><F46/><W133/><G133/><T38/><D38/><U7/><E112/><V116/><F116/><W83/><G65/><T4/><D4/><U125/><E105/><V9/><F9/><W104/><G104/><T27/><D27/><U121/><E121/><V29/><F29/><W74/><G48/><T68/><D68/><U52/><E40/><V45/><F45/><W31/><G31/><T120/><D120/><U122/><E122/><V14/><F79/><W20/><G20/><T57/><D57/><U42/><E42/><V99/><F58/><W1/><REACH who="3" step="1"/><G8/><REACH who="3" ten="455,310,188,37" step="2"/><T37/><D51/><U86/><E21/><V128/><F69/><W81/><G81/><T115/><D50/><U23/><E23/><V85/><F128/><W113/><G113/><T34/><D80/><U107/><E107/><V101/><F11/><W39/><G39/><T0/><D28/><U84/><E134/><V106/><F30/><W94/><G94/><T53/><D37/><U92/><E92/><V96/><F106/><W124/><G124/><T100/><D95/><U91/><E125/><V103/><F60/><W109/><G109/><T89/><D115/><U114/><E110/><V54/><F102/><W97/><G97/><T123/><D33/><U132/><E132/><V49/><F101/><W64/><G64/><T127/><D34/><U16/><E67/><V61/><F103/><RYUUKYOKU ba="1,1" sc="455,-10,310,-10,188,-10,37,30" hai3="1,2,17,22,24,36,41,44,74,78,82,83,87" /><INIT seed="6,2,1,2,0,83" ten="445,300,178,67" oya="2" hai0="70,91,104,8,90,62,14,59,20,7,35,11,127" hai1="105,13,111,53,26,65,5,117,118,34,103,64,82" hai2="1,51,135,0,72,71,31,134,15,43,52,10,56" hai3="74,44,81,2,73,3,98,37,120,100,85,93,115"/><V102/><F71/><W88/><G120/><T61/><D35/><U27/><E111/><V45/><F72/><W114/><G3/><T42/><D127/><U125/><E105/><V9/><F31/><W46/><G2/><T96/><D42/><U123/><E103/><V69/><F69/><W106/><G44/><T80/><D70/><U95/><E95/><V128/><F102/><W92/><G46/><T84/><D104/><U47/><E125/><V76/><F128/><W79/><G37/><T119/><D119/><U78/><E123/><V49/><F76/><W54/><G54/><T131/><D131/><U19/><E5/><N who="2" m="3535" /><F9/><W22/><G22/><T86/><D96/><U36/><E34/><V57/><F57/><W29/><G29/><T87/><D20/><U12/><E117/><V6/><F6/><W63/><G63/><T110/><D8/><U122/><E122/><V75/><F75/><N who="3" m="28683" /><G106/><T116/><D116/><U25/><E118/><V28/><F28/><W38/><G38/><T41/><D62/><U67/><E19/><V99/><F99/><AGARI ba="2,1" hai="79,81,85,88,92,93,98,99,100,114,115" m="28683" machi="99" ten="30,7700,0" yaku="34,2,52,1,54,1" doraHai="83" who="3" fromWho="2" sc="445,0,300,0,178,-83,67,93" /><INIT seed="7,0,0,3,0,62" ten="445,300,95,160" oya="3" hai0="102,48,9,131,111,73,69,45,35,72,47,95,94" hai1="13,16,1,54,87,129,114,70,5,117,99,84,113" hai2="11,79,60,46,56,33,51,42,22,66,50,38,135" hai3="77,100,7,27,12,41,43,86,78,71,76,65,49"/><W59/><G71/><T68/><D111/><U30/><E70/><V64/><F33/><W88/><G100/><T39/><D35/><U127/><E129/><V2/><F135/><W91/><G27/><T81/><D39/><U106/><E127/><V104/><F104/><W126/><G126/><T37/><D37/><U101/><E117/><V55/><F22/><W115/><G115/><T20/><D20/><U92/><E30/><V58/><F79/><W75/><G75/><T31/><D131/><U109/><E109/><V110/><F110/><W21/><G49/><N who="2" m="18441" /><F11/><N who="3" m="4223" /><G21/><T128/><D45/><U96/><E5/><V120/><F2/><W74/><G74/><T19/><D9/><U10/><E54/><N who="2" m="33815" /><F120/><W133/><G133/><T132/><D128/><U112/><E1/><V44/><F44/><W61/><G91/><AGARI ba="0,0" hai="10,13,16,84,87,91,92,96,99,101,106,112,113,114" machi="91" ten="40,2600,0" yaku="15,1,54,1" doraHai="62" who="1" fromWho="3" sc="445,0,300,26,95,0,160,-26" owari="445,54.0,326,13.0,95,-40.0,134,-27.0" /></mjloggm>