<mjloggm ver="2.3"><GO type="169" lobby="0"/><UN n0="%E5%A4%A7%E8%BE%BB" n1="%62%75%72%65%61%36" n2="%E3%81%98%E3%81%98%E3%81%84%E3%81%8C%E5%91%BC%E3%82%93%E3%81%A0" n3="%E9%BB%92%E7%8C%AB%73%69%6E" dan="16,16,16,17" rate="2090.19,2100.04,2088.99,2210.57" sx="M,M,M,M"/><TAIKYOKU oya="0"/><INIT seed="0,0,0,3,0,42" ten="250,250,250,250" oya="0" hai0="26,74,5,16,17,41,19,4,12,50,102,61,55" hai1="52,120,18,84,62,72,87,56,109,129,68,98,113" hai2="81,133,95,45,58,23,33,94,78,92,79,71,65" hai3="8,48,15,66,83,132,88,70,53,3,106,86,111"/><T119/><D74/><U6/><E120/><V69/><F33/><W1/><G111/><T124/><D119/><U54/><E72/><V30/><F133/><W59/><G106/><T75/><D75/><U89/><E109/><V127/><F127/><W100/><G100/><T134/><D134/><U135/><E135/><V44/><F69/><W36/><G132/><T0/><D0/><U93/><E129/><V29/><F71/><W96/><G96/><T9/><D102/><U123/><E123/><V13/><F13/><W35/><G36/><T118/><D118/><U14/><E68/><V121/><F121/><W97/><G97/><T99/><D99/><U82/><E113/><V101/><F101/><W10/><G35/><T117/><D124/><U126/><E6/><V20/><F20/><W47/><G10/><T24/><D5/><U21/><E126/><V2/><F2/><W85/><G70/><T64/><D41/><U25/><E14/><V76/><F81/><W128/><G85/><N who="1" m="32842" /><E54/><V43/><F43/><W60/><REACH who="3" step="1"/><G128/><REACH who="3" ten="250,250,250,240" step="2"/><T67/><D117/><U7/><E7/><AGARI ba="0,1" hai="1,3,7,8,15,47,48,53,59,60,66,83,86,88" machi="7" ten="30,8000,1" yaku="1,1,2,1,7,1,52,1,54,1,53,0" doraHai="42" doraHaiUra="90" who="3" fromWho="1" sc="250,0,250,-80,250,0,240,90" /><INIT seed="1,0,0,4,2,135" ten="250,170,250,330" oya="1" hai0="60,28,120,61,38,37,71,85,31,78,30,7,93" hai1="45,76,68,97,128,1,107,56,95,5,24,86,66" hai2="54,46,36,98,127,64,90,21,113,51,124,65,42" hai3="129,79,118,12,63,11,39,81,41,96,131,67,19"/><U133/><E133/><V100/><F113/><W18/><G118/><T111/><D111/><U103/><E128/><N who="3" m="49226" /><G96/><T15/><D120/><U74/><E56/><V75/><F75/><N who="3" m="43263" /><G41/><T50/><D71/><U49/><E24/><V44/><F90/><W13/><G39/><T101/><D38/><U35/><E35/><V106/><REACH who="2" step="1"/><F21/><REACH who="2" ten="250,170,240,330" step="2"/><W17/><G11/><N who="0" m="4607" /><D37/><U0/><E74/><V112/><F112/><W84/><G84/><T48/><D78/><U52/><E76/><V34/><F34/><W87/><G87/><T109/><D109/><U59/><E86/><V82/><F82/><W53/><G53/><T83/><D83/><U72/><E72/><V126/><AGARI ba="0,1" hai="36,42,44,46,51,54,64,65,98,100,106,124,126,127" machi="126" ten="30,16000,3" yaku="1,1,0,1,18,1,52,3,53,3" doraHai="135" doraHaiUra="134" who="2" fromWho="2" sc="250,-40,170,-80,240,170,330,-40" /><INIT seed="2,0,0,3,0,34" ten="210,90,410,290" oya="2" hai0="94,43,82,33,56,65,66,73,62,119,85,18,84" hai1="4,122,45,36,19,21,99,75,83,87,27,0,132" hai2="121,93,22,37,23,58,111,108,98,76,53,31,24" hai3="11,25,15,16,126,72,40,104,113,102,124,96,5"/><V55/><F121/><W29/><G72/><T42/><D33/><U77/><E122/><V101/><F37/><W12/><G113/><T50/><D119/><U28/><E132/><V61/><F76/><W106/><G106/><T69/><D73/><U86/><E99/><V91/><F22/><W114/><G114/><T127/><D127/><N who="3" m="48681" /><G40/><T30/><D30/><U35/><E19/><V68/><F68/><W47/><G47/><T3/><D3/><U92/><E92/><V112/><F112/><W9/><G25/><T100/><D18/><U57/><E21/><V80/><F55/><W118/><G29/><T71/><D50/><U95/><E95/><V7/><F7/><W133/><G133/><T70/><D66/><U130/><E57/><V115/><F115/><W129/><G129/><T123/><D123/><U105/><E105/><V20/><F20/><W17/><G5/><T49/><D49/><U88/><E88/><V13/><F13/><W107/><G107/><T125/><D125/><U110/><E110/><N who="2" m="42027" /><F80/><W79/><G79/><T10/><D10/><N who="1" m="2311" /><E130/><V60/><F91/><W41/><G41/><AGARI ba="0,0" hai="27,28,35,36,41,45,75,77,83,86,87" m="2311" machi="41" ten="30,2000,0" yaku="25,1,52,1" doraHai="34" who="1" fromWho="3" sc="210,0,90,20,410,0,290,-20" /><INIT seed="3,0,0,4,1,33" ten="210,110,410,270" oya="3" hai0="97,107,123,18,57,83,106,124,29,104,10,130,31" hai1="36,46,113,14,72,50,132,13,60,52,42,77,1" hai2="99,127,120,134,4,70,108,6,22,114,47,86,128" hai3="129,126,94,45,2,78,37,73,64,69,89,61,30"/><W41/><G129/><T110/><D123/><U135/><E113/><V25/><F114/><W27/><G126/><T26/><D130/><U131/><E131/><V32/><F128/><W17/><G17/><T75/><D124/><U11/><E72/><V101/><F127/><W0/><G78/><T91/><D110/><U111/><E77/><V8/><F108/><W80/><G80/><T23/><D75/><U12/><E111/><V38/><F70/><W116/><G116/><T133/><D133/><U16/><E60/><V58/><F32/><W39/><G39/><T9/><D83/><U55/><E55/><V44/><F134/><N who="1" m="51241" /><E1/><V66/><F120/><W7/><G7/><T48/><D48/><U102/><E102/><V103/><F103/><W28/><G73/><T93/><D57/><AGARI ba="0,0" hai="11,12,13,14,16,36,42,46,50,52,57" m="51241" machi="57" ten="30,3900,0" yaku="20,1,54,2" doraHai="33" who="1" fromWho="0" sc="210,-39,110,39,410,0,270,0" /><INIT seed="4,0,0,0,2,85" ten="171,149,410,270" oya="0" hai0="71,55,22,37,15,107,61,118,34,3,59,32,16" hai1="73,79,68,72,10,9,123,40,77,105,98,5,25" hai2="134,99,83,97,29,128,106,133,84,122,43,50,88" hai3="30,127,26,115,14,112,90,78,38,36,47,94,76"/><T74/><D118/><U67/><E123/><V21/><F122/><W41/><G38/><T31/><D37/><U27/><E67/><V62/><F128/><W4/><G127/><T111/><D111/><U100/><E68/><V45/><F62/><W6/><G76/><T60/><D74/><U58/><E58/><V104/><F29/><W81/><G14/><T39/><D39/><U7/><E98/><N who="2" m="37387" /><F21/><W96/><G81/><T102/><D102/><U121/><E121/><V69/><F69/><W113/><REACH who="3" step="1"/><G78/><REACH who="3" ten="171,149,410,260" step="2"/><T44/><D3/><U46/><E100/><V24/><F24/><W103/><G103/><T35/><D107/><U135/><E105/><V64/><F106/><W1/><G1/><T110/><D110/><U2/><E2/><V119/><F104/><W19/><G19/><T53/><D31/><U124/><E124/><V109/><F109/><W49/><G49/><T82/><D82/><U65/><E79/><V0/><F0/><W89/><G89/><T18/><D18/><U132/><E77/><V125/><F125/><W116/><G116/><T23/><D16/><U54/><E27/><V120/><F119/><W95/><G95/><T114/><D15/><U11/><E25/><V48/><F120/><W80/><G80/><T117/><D117/><U131/><E72/><V129/><F50/><W101/><G101/><T56/><D114/><U75/><E73/><V93/><F83/><W87/><G87/><T126/><D126/><U12/><E75/><V28/><F28/><W91/><G91/><T63/><D44/><U51/><E46/><V17/><F45/><RYUUKYOKU ba="0,1" sc="171,15,149,-15,410,-15,260,15" hai0="22,23,32,34,35,53,55,56,59,60,61,63,71" hai3="4,6,26,30,36,41,47,90,94,96,112,113,115" /><INIT seed="4,1,1,4,0,25" ten="186,134,395,275" oya="0" hai0="37,48,29,87,76,12,70,99,35,108,7,55,3" hai1="58,60,86,133,20,45,119,82,33,47,114,21,2" hai2="115,4,112,97,72,107,120,23,127,64,89,100,118" hai3="132,80,73,11,129,81,31,109,85,19,8,135,90"/><T13/><D37/><U15/><E119/><V30/><F120/><W74/><G109/><T22/><D108/><U91/><E133/><N who="3" m="51274" /><G129/><T54/><D70/><U93/><E2/><V95/><F118/><W32/><G19/><T94/><D35/><U27/><E114/><N who="2" m="43563" /><F127/><W79/><G74/><T43/><D3/><U56/><E33/><V123/><F123/><W49/><G49/><T126/><D126/><U121/><E121/><V44/><F72/><W50/><G50/><T68/><D68/><U117/><E117/><V134/><F134/><W113/><G113/><T110/><D110/><U124/><E124/><V63/><F4/><W104/><G104/><T106/><D106/><U67/><E58/><N who="2" m="36983" /><F44/><W42/><G42/><T92/><D43/><U66/><E66/><V40/><F40/><W88/><G90/><N who="0" m="53343" /><D76/><U53/><E67/><V98/><F23/><W34/><G34/><T14/><D7/><U24/><E47/><V28/><AGARI ba="1,1" hai="28,30,89,95,97,98,100,107" m="36983,43563" machi="28" ten="30,4000,0" yaku="15,1,52,2" doraHai="25" who="2" fromWho="2" sc="186,-21,134,-11,395,53,275,-11" /><INIT seed="5,0,0,2,4,107" ten="165,123,448,264" oya="1" hai0="132,119,49,2,41,6,52,120,39,17,53,93,1" hai1="57,11,27,7,97,56,25,18,70,66,135,113,115" hai2="110,129,101,72,112,117,133,43,118,96,16,64,38" hai3="84,62,94,69,108,21,83,114,86,22,123,60,10"/><U82/><E70/><V4/><F110/><W19/><G108/><T13/><D119/><U76/><E97/><V54/><F4/><W59/><G123/><T99/><D120/><U34/><E18/><V79/><F64/><W50/><G69/><T73/><D73/><N who="1" m="43279" /><E66/><V40/><F54/><N who="3" m="32215" /><G114/><N who="1" m="43530" /><E135/><V44/><F96/><W0/><G0/><T87/><D6/><U130/><E130/><V88/><F129/><W128/><G128/><T48/><D132/><U12/><E27/><V65/><F65/><W103/><G84/><T91/><D39/><U37/><E37/><V45/><F38/><W80/><G22/><T122/><D41/><U81/><E81/><V51/><F43/><W95/><G83/><T71/><D71/><U8/><E8/><V3/><F40/><W74/><G10/><T47/><D99/><U36/><E36/><V58/><F133/><W9/><G9/><T63/><D63/><U20/><E20/><V106/><F112/><W26/><G103/><T90/><D122/><U131/><E131/><V46/><F101/><W42/><G42/><T23/><D91/><U28/><AGARI ba="0,0" hai="7,11,12,25,28,34,56,57" m="43530,43279" machi="28" ten="30,3000,0" yaku="15,1,52,1" doraHai="107" who="1" fromWho="1" sc="165,-10,123,30,448,-10,264,-10" /><INIT seed="5,1,0,3,5,121" ten="155,153,438,254" oya="1" hai0="64,116,133,27,84,42,97,47,33,99,77,78,38" hai1="103,34,111,10,90,28,71,23,69,31,67,52,96" hai2="25,14,54,114,0,58,131,43,122,105,128,109,5" hai3="17,132,63,9,126,40,32,101,3,80,94,86,56"/><U44/><E34/><V1/><F109/><W2/><G32/><T66/><D116/><U70/><E67/><V21/><F122/><W95/><G132/><T59/><D133/><U41/><E23/><V135/><F105/><W6/><G2/><T24/><D66/><U13/><E90/><V104/><F104/><W7/><G7/><T15/><D33/><U127/><E127/><V91/><F43/><W118/><G101/><T45/><D15/><U37/><E111/><V61/><F135/><W53/><G126/><T106/><D106/><U100/><E52/><V120/><F120/><W8/><G40/><T16/><D64/><U124/><E124/><V82/><F14/><W30/><G30/><T46/><D42/><U4/><REACH who="1" step="1"/><E96/><REACH who="1" ten="155,143,438,254" step="2"/><V110/><F91/><W75/><G53/><T74/><D59/><U22/><E22/><V125/><F58/><W20/><G20/><N who="0" m="13319" /><D27/><U72/><E72/><V65/><F25/><W89/><G56/><T39/><D74/><U107/><E107/><V85/><F65/><W112/><G75/><T108/><D108/><U18/><E18/><V123/><F125/><W55/><G55/><T36/><D84/><U12/><E12/><V60/><F85/><W57/><G17/><T129/><D129/><U35/><E35/><V79/><F131/><W29/><G57/><T117/><D117/><U50/><E50/><V62/><F128/><W92/><G118/><T88/><D88/><U73/><E73/><N who="2" m="43375" /><F110/><W68/><G89/><T81/><D78/><U130/><E130/><V49/><F123/><W113/><G86/><N who="0" m="48431" /><D99/><U93/><E93/><RYUUKYOKU ba="1,1" sc="155,15,143,15,438,-15,254,-15" hai0="36,38,39,45,46,47,97" hai1="4,10,13,28,31,37,41,44,69,70,71,100,103" /><INIT seed="5,2,1,2,5,93" ten="170,158,423,239" oya="1" hai0="38,64,56,77,3,91,7,55,13,130,40,114,118" hai1="126,70,73,52,15,94,121,66,53,0,1,74,45" hai2="31,68,20,106,41,76,57,33,8,83,123,103,35" hai3="29,9,122,6,111,116,4,79,24,32,129,102,47"/><U124/><E121/><V95/><F95/><W27/><G122/><T30/><D118/><U69/><E94/><V100/><F57/><W104/><G111/><T128/><D114/><U132/><E66/><V39/><F20/><W71/><G116/><T115/><D64/><U97/><E15/><V82/><F31/><W14/><G71/><N who="1" m="27146" /><E97/><V65/><F76/><W48/><G129/><N who="0" m="49771" /><D30/><U72/><E45/><V42/><F8/><W5/><G79/><T25/><D25/><U88/><E88/><V101/><F101/><W89/><G27/><T16/><D77/><U49/><E49/><V26/><F26/><W21/><G21/><N who="0" m="11407" /><D40/><U107/><E107/><V62/><F68/><W61/><G61/><N who="0" m="35999" /><D115/><U46/><E46/><V120/><F65/><W58/><G58/><T50/><D50/><U96/><E96/><V51/><F51/><W119/><G119/><T133/><D91/><U84/><E84/><V75/><F62/><W22/><G89/><T92/><D92/><U63/><E63/><V85/><F85/><W135/><G104/><T36/><D133/><U134/><E53/><V110/><F106/><W18/><G102/><T28/><D28/><U87/><E87/><V109/><F39/><W117/><G117/><T90/><D90/><U108/><E108/><V131/><F131/><W59/><G59/><T99/><D99/><U78/><E78/><V43/><F43/><N who="3" m="24703" /><G135/><N who="1" m="51754" /><E52/><V86/><F86/><W12/><G12/><T17/><D17/><U44/><E44/><V60/><F60/><W23/><G9/><AGARI ba="2,1" hai="3,7,9,36,38" m="35999,11407,49771" machi="9" ten="30,2000,0" yaku="19,1,54,1" doraHai="93" who="0" fromWho="3" sc="170,36,158,0,423,0,239,-26" /><INIT seed="6,0,0,3,3,132" ten="206,158,423,213" oya="2" hai0="110,121,64,23,46,91,28,48,94,85,35,37,58" hai1="59,53,33,115,101,90,114,118,47,44,111,68,119" hai2="71,82,116,26,106,21,55,32,43,126,80,31,117" hai3="103,39,86,45,107,56,77,122,0,15,105,62,42"/><V113/><F126/><W20/><G0/><T29/><D121/><U133/><E33/><V65/><F113/><N who="1" m="43017" /><E90/><V10/><F106/><W135/><G122/><T92/><D35/><U25/><E25/><V27/><F43/><W63/><G135/><T41/><D110/><U70/><E101/><V54/><F65/><W57/><G103/><T79/><D79/><U66/><E133/><V8/><F71/><N who="1" m="27177" /><E66/><V14/><F32/><W130/><G15/><T5/><D5/><U131/><E111/><V2/><F14/><W50/><G20/><T75/><D75/><U34/><E34/><V13/><F13/><W74/><G74/><T51/><D37/><U67/><E67/><V17/><F21/><W120/><G39/><T125/><D125/><U4/><E4/><V11/><F11/><W18/><G120/><T22/><D22/><U72/><E72/><V78/><F78/><W112/><G77/><T123/><D123/><U81/><E81/><V69/><F69/><W127/><G127/><T38/><D38/><U76/><E76/><V49/><F31/><W87/><G105/><T60/><D23/><U129/><E47/><V12/><F12/><W24/><G107/><T3/><D3/><U7/><E44/><V96/><F2/><W19/><G24/><T30/><D94/><U40/><E40/><V124/><F124/><W16/><G42/><T88/><D91/><U73/><E73/><V93/><F27/><W109/><G109/><T97/><D97/><U36/><E36/><V6/><F26/><W89/><G89/><T134/><D134/><U9/><E7/><RYUUKYOKU ba="0,0" sc="206,30,158,-10,423,-10,213,-10" hai0="28,29,30,41,46,48,51,58,60,64,85,88,92" /><INIT seed="7,1,0,2,5,93" ten="236,148,413,203" oya="3" hai0="16,42,111,12,83,107,60,124,110,64,129,5,61" hai1="101,8,98,88,70,96,115,123,17,0,35,113,40" hai2="91,48,84,76,74,80,3,2,85,29,53,21,25" hai3="44,100,36,130,6,127,59,105,68,117,99,63,32"/><W43/><G117/><T31/><D129/><U135/><E123/><V45/><F85/><W125/><G130/><T30/><D124/><N who="3" m="47689" /><G32/><T132/><D5/><N who="1" m="1063" /><E70/><V19/><F29/><W133/><G133/><T9/><D132/><U102/><E35/><V4/><F4/><W37/><G6/><T82/><D107/><U54/><E40/><V14/><F25/><W67/><G59/><T95/><D42/><U49/><E17/><V118/><F118/><W120/><G120/><T10/><D95/><AGARI ba="1,0" hai="2,3,14,19,21,45,48,53,74,76,80,84,91,95" machi="95" ten="30,1000,0" yaku="7,1" doraHai="93" who="2" fromWho="0" sc="236,-13,148,0,413,13,203,0" owari="223,2.0,148,-35.0,426,53.0,203,-20.0" /></mjloggm>