<mjloggm ver="2.3"><GO type="169" lobby="0"/><UN n0="%E2%98%85%E3%83%9B%E3%83%BC%E3%82%B9%E2%98%85" n1="%E8%88%AC%E5%8D%93%E6%B0%91%E3%81%AE%E6%9C%9D%E3%81%AF%E6%97%A9%E3%81%84" n2="%E7%A7%8B%E6%9C%88%36%31" n3="%E3%82%A2%E3%83%A4%E3%82%BB" dan="16,17,17,16" rate="2159.76,2247.60,2118.69,2176.50" sx="M,M,M,M"/><TAIKYOKU oya="0"/><INIT seed="0,0,0,3,1,7" ten="250,250,250,250" oya="0" hai0="56,49,117,123,21,125,16,1,27,55,93,28,69" hai1="86,35,81,67,46,70,60,107,92,10,19,90,109" hai2="12,20,11,4,63,8,66,31,36,37,116,115,40" hai3="89,121,3,103,18,127,53,15,39,32,105,76,84"/><T64/><D123/><U52/><E109/><V43/><F115/><W111/><G3/><T83/><D117/><U48/><E107/><V38/><F116/><W120/><G32/><T102/><D125/><U77/><E35/><V113/><F113/><W99/><G39/><T74/><D1/><U33/><E33/><V124/><F124/><W5/><G127/><T78/><D69/><U132/><E132/><V22/><F22/><W82/><G5/><T96/><REACH who="0" step="1"/><D64/><REACH who="0" ten="240,250,250,250" step="2"/><U13/><REACH who="1" step="1"/><E77/><REACH who="1" ten="240,240,250,250" step="2"/><V50/><F37/><W94/><G111/><T73/><D73/><U6/><E6/><V91/><F38/><W106/><G53/><T72/><D72/><U134/><E134/><V100/><F4/><W97/><REACH who="3" step="1"/><G105/><REACH who="3" ten="240,240,250,240" step="2"/><T61/><D61/><U130/><E130/><V45/><F63/><W75/><G75/><T87/><D87/><U30/><E30/><AGARI ba="0,3" hai="16,21,27,28,30,49,55,56,74,78,83,93,96,102" machi="30" ten="40,3900,0" yaku="1,1,54,1,53,0" doraHai="7" doraHaiUra="68" who="0" fromWho="1" sc="240,69,240,-39,250,0,240,0" /><INIT seed="0,1,0,4,1,132" ten="309,201,250,240" oya="0" hai0="77,52,82,60,98,53,0,65,88,69,64,62,123" hai1="78,134,22,110,23,79,85,14,41,38,118,19,105" hai2="9,128,44,87,80,73,39,25,20,115,71,40,58" hai3="47,91,129,27,126,10,63,31,33,95,37,17,29"/><T117/><D0/><U67/><E118/><V59/><F128/><W107/><G107/><T133/><D117/><U30/><E105/><V99/><F115/><W61/><G129/><T125/><D133/><U103/><E134/><V56/><F73/><W50/><G37/><T90/><D123/><U26/><E110/><V112/><F112/><W102/><G29/><T135/><D135/><U2/><E2/><V18/><F71/><W11/><G102/><T70/><D125/><U83/><E103/><V28/><F99/><W48/><G48/><T76/><D82/><U94/><E94/><V93/><F93/><W13/><G11/><T68/><D68/><U119/><E119/><V54/><F9/><W121/><G121/><T81/><D81/><U57/><E38/><V12/><F28/><W6/><G126/><T8/><D8/><U120/><E41/><V114/><F114/><W55/><REACH who="3" step="1"/><G6/><REACH who="3" ten="309,201,250,230" step="2"/><T16/><D98/><AGARI ba="1,1" hai="10,13,17,27,31,33,47,50,55,61,63,91,95,98" machi="98" ten="30,3900,0" yaku="1,1,2,1,7,1,53,0" doraHai="132" doraHaiUra="75" who="3" fromWho="0" sc="309,-42,201,0,250,0,230,52" /><INIT seed="1,0,0,4,3,128" ten="267,201,250,282" oya="1" hai0="3,20,7,55,79,84,10,30,40,103,89,63,17" hai1="6,15,62,80,130,120,33,69,54,134,8,90,25" hai2="119,38,53,71,102,131,44,12,112,86,110,97,88" hai3="123,47,91,76,49,48,19,16,124,65,0,75,96"/><U100/><E120/><V32/><F32/><W29/><G123/><T108/><D108/><U107/><E130/><V22/><F110/><W1/><G29/><T98/><D79/><U116/><E116/><V135/><F119/><W4/><G65/><T64/><D40/><U113/><E113/><V5/><F71/><W59/><G59/><T111/><D30/><N who="1" m="19663" /><E54/><V82/><F112/><W43/><G49/><T77/><D77/><U83/><E90/><V11/><F131/><W126/><G76/><T118/><D55/><U45/><E45/><V50/><F22/><W31/><G31/><T35/><D35/><U85/><E85/><V104/><REACH who="2" step="1"/><F38/><REACH who="2" ten="267,201,240,282" step="2"/><W125/><G75/><T56/><D111/><U101/><E69/><V94/><F94/><N who="3" m="56415" /><G4/><T18/><D20/><U21/><E6/><V70/><F70/><W13/><G19/><T36/><D36/><U34/><E34/><V61/><F61/><W95/><G95/><T115/><D118/><U132/><E21/><AGARI ba="0,1" hai="0,1,13,16,21,43,47,48,124,125,126" m="56415" machi="21" ten="30,2000,0" yaku="18,1,54,1" doraHai="128" who="3" fromWho="1" sc="267,0,201,-20,240,0,282,30" /><INIT seed="2,0,0,4,0,39" ten="267,181,240,312" oya="2" hai0="78,126,62,36,105,51,89,75,98,17,23,55,4" hai1="131,82,108,27,52,120,28,68,130,14,3,121,111" hai2="30,56,11,80,37,103,122,0,135,42,100,88,84" hai3="33,104,46,102,107,6,134,90,114,61,32,116,5"/><V10/><F122/><N who="1" m="47209" /><E68/><V25/><F135/><W112/><G116/><T16/><D36/><U12/><E3/><V117/><F117/><W65/><G90/><T44/><D126/><U73/><E52/><V113/><F113/><N who="3" m="43627" /><G46/><T21/><D4/><N who="3" m="1641" /><G102/><T22/><D105/><N who="3" m="40521" /><G134/><T83/><D89/><U127/><E127/><V101/><F0/><W106/><N who="3" m="40529" /><W64/><DORA hai="99" /><G61/><T58/><REACH who="0" step="1"/><D98/><REACH who="0" ten="257,181,240,312" step="2"/><U81/><E130/><V125/><F125/><W19/><G19/><T49/><D49/><U48/><E48/><V35/><REACH who="2" step="1"/><F56/><REACH who="2" ten="257,181,230,312" step="2"/><W31/><G31/><T128/><D128/><U54/><E131/><V8/><F8/><W2/><G2/><T50/><D50/><U57/><E57/><V97/><F97/><W69/><G69/><T72/><D72/><U38/><E73/><V71/><F71/><W24/><G24/><T43/><AGARI ba="0,2" hai="16,17,21,22,23,43,44,51,55,58,62,75,78,83" machi="43" ten="30,7900,0" yaku="1,1,0,1,52,1,54,1,53,0" doraHai="39,99" doraHaiUra="67,85" who="0" fromWho="0" sc="257,99,181,-20,230,-39,312,-20" /><INIT seed="3,0,0,5,1,129" ten="356,161,191,292" oya="3" hai0="86,28,17,45,106,91,75,44,115,59,42,26,32" hai1="131,33,98,112,135,121,93,25,12,65,118,67,14" hai2="60,119,70,35,85,116,61,74,4,38,68,104,31" hai3="79,110,84,88,94,99,87,6,120,72,3,11,58"/><W52/><G110/><T30/><D75/><U7/><E121/><V113/><F113/><W8/><G120/><T130/><D106/><U73/><E112/><V124/><F74/><W47/><G47/><T96/><D115/><U41/><E73/><V53/><F4/><W103/><G11/><T114/><D114/><U95/><E131/><V92/><F104/><W101/><G84/><T54/><D96/><U123/><E41/><V63/><F92/><W133/><G133/><T107/><D107/><U127/><E7/><V81/><F81/><W21/><G21/><T40/><D17/><U2/><E2/><V62/><F85/><W19/><G19/><T27/><D130/><U34/><E123/><V56/><F31/><W39/><G39/><T108/><D42/><U69/><E98/><V9/><F9/><W117/><G117/><N who="2" m="45129" /><F35/><W83/><REACH who="3" step="1"/><G99/><REACH who="3" ten="356,161,191,282" step="2"/><T134/><D44/><U80/><E118/><V23/><F23/><W18/><G18/><T89/><D45/><U78/><E34/><V29/><F38/><W15/><G15/><T20/><D86/><U48/><E14/><V1/><F1/><W97/><G97/><T111/><D111/><U77/><E12/><V109/><F109/><W55/><G55/><T128/><D108/><U37/><E33/><V22/><F22/><W100/><G100/><T132/><D54/><U105/><E37/><V5/><BYE who="3" /><F5/><W64/><G64/><T0/><D0/><U49/><E67/><UN n3="%E3%82%A2%E3%83%A4%E3%82%BB" /><V43/><F53/><W50/><AGARI ba="0,1" hai="3,6,8,50,52,58,72,79,83,87,88,94,101,103" machi="50" ten="20,12000,1" yaku="1,1,0,1,7,1,54,2,53,0" doraHai="129" doraHaiUra="57" who="3" fromWho="3" sc="356,-40,161,-40,191,-40,282,130" /><INIT seed="3,1,0,5,5,37" ten="316,121,151,412" oya="3" hai0="5,75,81,116,28,63,32,56,99,91,84,55,2" hai1="109,95,36,11,41,73,78,20,112,60,26,31,94" hai2="23,106,0,49,110,46,10,47,53,51,129,1,12" hai3="33,52,77,100,74,126,89,61,22,101,104,127,16"/><W125/><G33/><T119/><D2/><U87/><E109/><V92/><F110/><W96/><G100/><T29/><D5/><U43/><E112/><V38/><F129/><W85/><G77/><T58/><D75/><U103/><E73/><V17/><F106/><W122/><G74/><T64/><D32/><U93/><E36/><V71/><F71/><W8/><G8/><T21/><D99/><U79/><E103/><V15/><F92/><W107/><G107/><T72/><D72/><U130/><E130/><V62/><F62/><W54/><G61/><N who="0" m="35999" /><D116/><U115/><E115/><V6/><REACH who="2" step="1"/><F38/><REACH who="2" ten="316,121,141,412" step="2"/><W67/><G67/><T135/><D119/><U4/><E60/><V69/><F69/><W65/><G65/><T48/><D48/><U120/><E120/><V42/><AGARI ba="1,1" hai="0,1,6,10,12,15,17,23,42,46,47,49,51,53" machi="42" ten="20,5200,0" yaku="1,1,0,1,7,1,52,1,53,0" doraHai="37" doraHaiUra="134" who="2" fromWho="2" sc="316,-14,121,-14,141,65,412,-27" /><INIT seed="4,0,0,4,2,48" ten="302,107,206,385" oya="0" hai0="107,47,80,110,58,50,5,117,66,123,79,44,31" hai1="53,92,61,30,98,0,2,93,90,3,70,49,134" hai2="20,21,111,9,126,88,124,67,121,99,84,54,52" hai3="86,96,25,122,33,15,97,75,95,104,64,128,37"/><T42/><D117/><U60/><E134/><V45/><F111/><W10/><G75/><T6/><D107/><U26/><E93/><V28/><F121/><W114/><G37/><T24/><D110/><U112/><E112/><V13/><F67/><W69/><G114/><T29/><D123/><U16/><E30/><V82/><F99/><W108/><G108/><T17/><D17/><U65/><E61/><V127/><F45/><W125/><G122/><T43/><D31/><U57/><REACH who="1" step="1"/><E0/><REACH who="1" ten="302,97,206,385" step="2"/><V83/><F83/><W8/><G95/><T46/><D80/><U23/><AGARI ba="0,1" hai="2,3,16,23,26,49,53,57,60,65,70,90,92,98" machi="23" ten="30,12000,2" yaku="1,1,2,1,0,1,52,1,54,1,53,1" doraHai="48" doraHaiUra="91" who="1" fromWho="1" sc="302,-60,97,130,206,-30,385,-30" /><INIT seed="5,0,0,2,0,101" ten="242,227,176,355" oya="1" hai0="19,24,37,35,79,78,131,126,135,25,103,73,3" hai1="27,31,133,68,16,9,0,6,41,29,85,134,42" hai2="44,58,104,55,102,64,36,45,54,49,52,93,129" hai3="86,74,81,13,33,84,100,8,60,120,90,12,20"/><U69/><E85/><V96/><F129/><W80/><G33/><T83/><D131/><U63/><E16/><V62/><REACH who="2" step="1"/><F93/><REACH who="2" ten="242,227,166,355" step="2"/><W110/><G110/><T107/><D135/><N who="1" m="51723" /><E31/><V121/><F121/><W119/><G120/><T15/><D126/><U26/><E26/><V48/><F48/><W5/><G119/><T65/><D24/><U94/><E94/><V71/><F71/><N who="1" m="27209" /><E63/><V77/><F77/><W67/><G60/><T88/><D78/><U113/><E113/><V132/><F132/><W40/><G80/><T95/><D83/><U28/><E28/><V127/><F127/><W56/><G81/><T122/><D79/><U1/><E1/><V118/><F118/><W34/><G74/><T116/><D95/><U97/><E97/><V70/><F70/><W14/><G84/><T23/><D73/><U21/><AGARI ba="0,1" hai="0,6,9,21,27,29,41,42" m="27209,51723" machi="21" ten="30,1500,0" yaku="20,1" doraHai="101" who="1" fromWho="1" sc="242,-5,227,25,166,-5,355,-5" /><INIT seed="5,1,0,3,5,88" ten="237,252,161,350" oya="1" hai0="64,99,45,125,126,31,110,33,96,60,72,108,54" hai1="63,105,15,84,67,123,106,38,19,48,35,82,111" hai2="23,115,128,130,71,29,79,10,53,7,117,5,134" hai3="56,46,90,65,14,50,57,24,28,3,135,86,47"/><U12/><E38/><V70/><F117/><W30/><G3/><T39/><D72/><U25/><E123/><V0/><F134/><W34/><G30/><T1/><D1/><U43/><E111/><N who="0" m="42537" /><D31/><U83/><E35/><V40/><F40/><W6/><G65/><T131/><D33/><U13/><E105/><V11/><F79/><W61/><G46/><T124/><D131/><N who="2" m="50218" /><F53/><W91/><G61/><T101/><D101/><U118/><E106/><V36/><F36/><W42/><G91/><T21/><D21/><U109/><E118/><V119/><F119/><W133/><G14/><T127/><D124/><U59/><E109/><V116/><F116/><W114/><G6/><T2/><D2/><U121/><E121/><V26/><F115/><W93/><REACH who="3" step="1"/><G114/><REACH who="3" ten="237,252,161,340" step="2"/><T68/><D54/><U62/><E62/><V97/><F0/><W85/><G85/><T78/><D78/><U16/><E84/><V55/><F55/><W49/><G49/><T104/><D45/><N who="1" m="25663" /><E25/><V58/><F7/><W107/><G107/><T18/><D39/><U22/><E15/><V66/><F5/><W80/><G80/><T129/><D129/><U8/><AGARI ba="1,1" hai="8,12,13,16,19,22,59,63,67,82,83" m="25663" machi="8" ten="30,3000,0" yaku="8,1,54,1" doraHai="88" who="1" fromWho="1" sc="237,-11,252,43,161,-11,340,-11" /><INIT seed="5,2,0,0,1,2" ten="226,295,150,329" oya="1" hai0="101,43,100,50,20,127,6,133,91,41,134,45,65" hai1="79,72,33,19,80,126,131,55,58,90,103,125,105" hai2="118,99,18,47,52,96,86,30,0,1,115,67,8" hai3="92,113,128,63,39,22,14,117,84,97,42,13,83"/><U106/><E33/><V71/><F118/><W31/><G39/><T56/><D20/><U75/><E75/><V7/><F1/><W69/><G42/><T119/><D119/><U73/><E73/><V28/><F18/><W111/><G117/><T110/><D110/><U94/><E19/><V44/><F44/><W62/><G111/><T3/><D41/><U32/><E32/><V51/><F115/><W82/><G69/><T66/><D91/><U70/><E70/><V64/><F86/><W59/><G63/><T120/><D120/><U122/><E122/><V10/><F10/><W36/><G36/><T98/><D127/><N who="1" m="48651" /><E103/><V9/><F9/><W61/><G61/><T77/><D101/><U81/><E81/><N who="3" m="30730" /><G84/><T76/><D66/><U114/><E114/><V87/><F87/><W89/><G128/><T124/><D124/><U123/><E123/><V34/><F34/><W16/><G31/><T35/><D35/><U116/><E131/><V5/><F71/><W57/><G113/><T11/><D65/><N who="2" m="25162" /><F8/><W130/><G130/><T23/><D23/><U112/><E112/><V53/><F53/><N who="3" m="34095" /><G59/><T135/><REACH who="0" step="1"/><D56/><REACH who="0" ten="216,295,150,329" step="2"/><U17/><E116/><V78/><F0/><W132/><G132/><T21/><D21/><U95/><E58/><V24/><F30/><W4/><G22/><T60/><D60/><U107/><E72/><V37/><F28/><W68/><G68/><T29/><D29/><U108/><E108/><V48/><F37/><W109/><G109/><T49/><D49/><U121/><E121/><V74/><F51/><W129/><G129/><T88/><D88/><RYUUKYOKU ba="2,1" sc="216,30,295,-10,150,-10,329,-10" hai0="3,6,11,43,45,50,76,77,98,100,133,134,135" /><INIT seed="6,3,1,4,3,67" ten="246,285,140,319" oya="2" hai0="28,123,92,63,106,113,52,126,122,77,101,125,68" hai1="112,99,7,96,46,45,5,85,23,27,33,109,88" hai2="19,130,48,115,64,119,124,32,41,129,120,131,3" hai3="102,74,93,9,6,50,16,116,91,108,104,87,83"/><V66/><F32/><W58/><G108/><T73/><D106/><U80/><E112/><V40/><F3/><W1/><G116/><T114/><D28/><U111/><E33/><V94/><F119/><W29/><G29/><T72/><D101/><U8/><E109/><V37/><F115/><N who="0" m="44042" /><D92/><U105/><E111/><V51/><F120/><N who="0" m="46122" /><D77/><U0/><E7/><V36/><F19/><W4/><G4/><T89/><D89/><U35/><E35/><V128/><F94/><W65/><G74/><N who="0" m="28779" /><D52/><U132/><E105/><V121/><F131/><W34/><G34/><T76/><D76/><U14/><E0/><V135/><F121/><W25/><G104/><T71/><D63/><U118/><E118/><V2/><F2/><W70/><G102/><T39/><D39/><U78/><E132/><V133/><REACH who="2" step="1"/><F130/><REACH who="2" ten="246,285,130,319" step="2"/><W18/><G93/><T57/><D57/><U59/><E59/><V60/><F60/><W69/><G58/><T79/><D79/><U97/><E78/><V110/><F110/><W44/><G18/><AGARI ba="3,2" hai="5,8,14,18,23,27,45,46,80,85,88,96,97,99" machi="18" ten="40,2600,0" yaku="8,1,54,1" doraHai="67" who="1" fromWho="3" sc="246,0,285,55,130,0,319,-35" /><INIT seed="7,0,0,2,0,38" ten="246,340,130,284" oya="3" hai0="106,131,8,100,85,48,74,99,5,116,28,83,57" hai1="130,53,89,1,50,111,133,49,33,10,129,96,71" hai2="119,62,13,55,24,135,41,35,15,66,110,18,87" hai3="92,51,134,97,112,108,52,63,29,126,132,80,11"/><W118/><G118/><T91/><D116/><U4/><E111/><V37/><F110/><W124/><G29/><T75/><D131/><N who="1" m="50187" /><E133/><N who="3" m="51306" /><G63/><T19/><D28/><U7/><E33/><V65/><F119/><W98/><G80/><T2/><D19/><U14/><E71/><V114/><F135/><W123/><G108/><T45/><REACH who="0" step="1"/><D57/><REACH who="0" ten="236,340,130,284" step="2"/><U27/><E4/><V16/><F114/><W36/><G112/><T101/><D101/><U59/><E7/><V25/><F35/><W43/><G123/><T20/><D20/><U115/><E115/><V61/><F87/><W26/><G11/><T88/><D88/><U81/><E89/><V102/><F102/><N who="3" m="60711" /><G26/><T56/><D56/><U107/><E27/><V121/><F121/><W9/><G9/><T44/><D44/><U47/><E47/><V95/><F95/><W78/><G78/><T32/><D32/><U120/><E10/><V70/><F70/><W73/><G73/><T54/><AGARI ba="0,1" hai="2,5,8,45,48,54,74,75,83,85,91,99,100,106" machi="54" ten="20,5200,0" yaku="1,1,0,1,7,1,53,1" doraHai="38" doraHaiUra="46" who="0" fromWho="0" sc="236,62,340,-13,130,-13,284,-26" owari="298,10.0,327,42.0,117,-38.0,258,-14.0" /></mjloggm>