<mjloggm ver="2.3"><GO type="169" lobby="0"/><UN n0="%E3%81%A6%E3%82%93%E3%81%BD%E3%81%84%E3%82%93%E3%81%A8" n1="%70%6C%61%7A%61" n2="%E6%88%B0%E8%89%A6%E3%83%AC%E7%B4%9A" n3="%E9%B4%A8%E8%91%B1%E5%A4%AA%E9%83%8E" dan="17,16,16,17" rate="2204.49,2048.21,2136.30,2178.54" sx="F,M,F,M"/><TAIKYOKU oya="0"/><INIT seed="0,0,0,2,2,5" ten="250,250,250,250" oya="0" hai0="52,85,100,134,28,110,91,54,131,18,135,94,83" hai1="62,98,42,19,8,123,69,127,117,79,73,67,112" hai2="122,93,103,87,32,33,13,26,82,1,38,39,15" hai3="57,96,46,50,90,22,111,4,53,107,102,130,68"/><T59/><D131/><U25/><E117/><V88/><F122/><W121/><G121/><T77/><D110/><U70/><E123/><V40/><F1/><W76/><G68/><T84/><D28/><U120/><E120/><V2/><F2/><W20/><G130/><T106/><D54/><U86/><E127/><V124/><F124/><W114/><G114/><T0/><D0/><U95/><E70/><V47/><F38/><W108/><G4/><T29/><D29/><U55/><E73/><V119/><F119/><W9/><G9/><T78/><D78/><U56/><E42/><V63/><F63/><W109/><G76/><T128/><D128/><U36/><E36/><V44/><F44/><W16/><G90/><T37/><D37/><U115/><E79/><V104/><F104/><W64/><G16/><T132/><D18/><U66/><E86/><V31/><REACH who="2" step="1"/><F32/><REACH who="2" ten="250,250,240,250" step="2"/><W11/><G46/><T116/><D116/><U17/><E112/><V72/><F72/><W60/><G60/><T6/><D106/><U27/><E115/><V65/><F65/><W41/><G64/><T97/><D132/><U113/><E113/><V3/><F3/><W101/><G107/><T48/><D135/><U75/><E75/><V24/><F24/><N who="1" m="9289" /><E66/><V43/><F43/><W129/><G41/><T10/><D134/><U7/><E67/><V58/><F58/><W126/><G126/><T34/><D34/><U118/><E118/><V80/><F80/><W12/><G129/><T105/><D105/><U71/><E71/><V45/><F45/><W74/><G109/><T133/><D133/><RYUUKYOKU ba="0,1" sc="250,-10,250,-10,240,30,250,-10" hai2="13,15,26,31,33,39,40,47,82,87,88,93,103" /><INIT seed="1,1,1,5,0,23" ten="240,240,270,240" oya="1" hai0="81,96,108,34,25,7,120,102,38,107,62,1,51" hai1="84,133,101,28,109,95,128,78,90,87,54,52,89" hai2="111,12,20,8,82,113,35,104,3,67,60,0,64" hai3="29,86,18,37,80,114,70,32,83,119,66,77,6"/><U27/><E128/><V71/><F35/><W116/><G37/><T45/><D108/><U53/><E133/><V22/><F104/><W88/><G114/><T30/><D120/><U57/><E109/><V21/><F111/><W72/><G6/><T73/><D62/><U11/><E101/><V94/><F113/><W117/><G18/><T19/><D19/><U13/><E78/><V41/><F41/><W36/><G36/><T125/><D125/><U5/><E57/><V9/><F8/><W46/><G46/><T58/><D58/><U43/><E43/><V105/><F105/><W122/><G122/><T33/><D33/><U131/><E131/><V97/><F82/><W14/><G14/><T103/><D103/><U115/><E115/><V132/><F64/><W48/><G48/><T112/><D51/><U76/><E76/><V123/><F132/><W31/><REACH who="3" step="1"/><G32/><REACH who="3" ten="240,240,270,230" step="2"/><T49/><D49/><U4/><E4/><V85/><F123/><W135/><G135/><T98/><D112/><U110/><E110/><V68/><F12/><W16/><G16/><T69/><D7/><U92/><REACH who="1" step="1"/><E54/><REACH who="1" ten="240,230,270,230" step="2"/><V130/><F130/><W91/><G91/><T124/><D102/><U50/><E50/><V40/><F40/><W65/><G65/><T56/><D38/><U118/><E118/><V134/><F67/><W106/><G106/><T129/><D107/><U61/><E61/><AGARI ba="1,3" hai="29,31,61,66,70,72,77,80,83,86,88,116,117,119" machi="61" ten="40,8000,1" yaku="1,1,12,1,54,1,53,1" doraHai="23" doraHaiUra="75" who="3" fromWho="1" sc="240,0,230,-83,270,0,230,113" /><INIT seed="2,0,0,4,1,46" ten="240,147,270,343" oya="2" hai0="19,56,57,98,77,133,23,15,0,52,58,40,127" hai1="64,97,104,44,119,125,48,74,11,94,110,132,85" hai2="14,67,20,3,89,121,101,35,29,49,72,13,24" hai3="18,68,50,105,131,34,100,78,47,4,111,115,10"/><V96/><F121/><W70/><G34/><T91/><D133/><U33/><E119/><V53/><F72/><W12/><G115/><T99/><D127/><U55/><E74/><V82/><F3/><W71/><G131/><T65/><D0/><U62/><E132/><V27/><F67/><W39/><G39/><T1/><D1/><U32/><E125/><V122/><F122/><W5/><G111/><T83/><D40/><U84/><E110/><V43/><F43/><W76/><G100/><T37/><D37/><U102/><E11/><V92/><F82/><W8/><G105/><T90/><D65/><U93/><E84/><V36/><F101/><W79/><REACH who="3" step="1"/><G10/><REACH who="3" ten="240,147,270,333" step="2"/><T6/><D6/><U116/><E116/><V81/><F36/><W126/><G126/><T38/><D38/><U95/><REACH who="1" step="1"/><E85/><REACH who="1" ten="240,137,270,333" step="2"/><V61/><F96/><W134/><G134/><T30/><D99/><U22/><E22/><V2/><F20/><W128/><G128/><T73/><D98/><U123/><E123/><V26/><F35/><W87/><G87/><T66/><D73/><U59/><AGARI ba="0,2" hai="32,33,44,48,55,59,62,64,93,94,95,97,102,104" machi="59" ten="30,7900,0" yaku="1,1,0,1,52,1,53,1" doraHai="46" doraHaiUra="42" who="1" fromWho="1" sc="240,-20,137,99,270,-39,333,-20" /><INIT seed="3,0,0,4,1,113" ten="220,236,231,313" oya="3" hai0="108,103,11,72,106,47,64,102,81,67,34,8,41" hai1="51,107,38,27,89,129,44,75,110,86,9,69,88" hai2="112,121,80,2,18,65,4,134,46,55,78,90,49" hai3="31,66,33,79,19,0,68,87,123,12,6,126,60"/><W10/><G123/><T16/><D34/><U59/><E75/><V32/><F112/><W63/><G126/><T130/><D108/><U15/><E110/><V40/><F32/><W13/><G63/><T28/><D28/><U22/><E107/><V73/><F121/><W95/><G13/><T96/><D103/><U109/><E69/><V71/><F134/><W58/><G68/><T61/><D8/><U20/><E129/><V30/><F30/><W52/><G66/><T119/><D119/><U43/><E27/><V36/><F18/><W53/><G53/><T85/><D72/><U77/><E77/><V99/><F65/><W83/><G31/><T105/><D105/><U101/><E101/><V118/><F71/><W25/><G25/><T56/><D130/><U7/><E89/><V42/><F42/><W23/><G95/><T93/><D106/><U127/><E127/><V62/><F62/><W128/><REACH who="3" step="1"/><G33/><REACH who="3" ten="220,236,231,303" step="2"/><T21/><D67/><U84/><E109/><V48/><F55/><W5/><G5/><T94/><D94/><U111/><E111/><V97/><F4/><W132/><G132/><T116/><D64/><U24/><E24/><V57/><F2/><W135/><G135/><T133/><D61/><U14/><E14/><V54/><F54/><W3/><G3/><T37/><D133/><U91/><E15/><V104/><F104/><W125/><G125/><T17/><D93/><N who="1" m="54407" /><E7/><V1/><F1/><W50/><G50/><T92/><D92/><N who="1" m="54391" /><E9/><V98/><F48/><W39/><G39/><T82/><D37/><U35/><E35/><V120/><F36/><RYUUKYOKU ba="0,1" sc="220,-15,236,15,231,-15,303,15" hai1="20,22,38,43,44,51,59" hai3="0,6,10,12,19,23,52,58,60,79,83,87,128" /><INIT seed="3,1,1,0,1,117" ten="205,251,216,318" oya="3" hai0="0,113,40,50,102,13,52,74,33,11,97,104,30" hai1="108,119,90,41,63,124,81,54,101,66,75,17,15" hai2="14,134,121,18,21,49,10,112,4,51,128,42,56" hai3="7,2,36,93,91,37,103,76,85,122,29,86,62"/><W92/><G122/><T110/><D110/><U100/><E108/><V23/><F112/><W48/><G29/><T27/><D113/><U125/><E119/><V87/><F128/><W9/><G103/><T133/><D133/><U12/><E41/><V28/><F134/><W126/><G126/><N who="1" m="48746" /><E54/><V70/><F70/><W60/><G48/><T105/><D74/><U69/><E12/><V73/><F73/><W16/><G16/><T35/><D0/><U99/><E90/><V19/><F28/><W34/><G34/><T57/><D40/><U114/><E99/><V45/><F87/><W127/><G127/><T6/><REACH who="0" step="1"/><D35/><REACH who="0" ten="195,251,216,318" step="2"/><U20/><E114/><V83/><F121/><W88/><G76/><AGARI ba="1,2" hai="15,17,20,63,66,69,75,76,81,100,101" m="48746" machi="76" ten="30,1000,0" yaku="18,1" doraHai="117" who="1" fromWho="3" sc="195,0,251,33,216,0,318,-13" /><INIT seed="4,0,0,4,5,1" ten="195,284,216,305" oya="0" hai0="71,31,112,51,30,109,73,33,12,135,94,126,105" hai1="19,74,45,16,114,27,53,46,7,133,34,96,92" hai2="63,107,55,41,49,68,47,32,130,62,37,125,15" hai3="69,90,128,77,2,26,42,127,110,111,59,108,11"/><T102/><D94/><U9/><E74/><V132/><F107/><W35/><G69/><T93/><D93/><U20/><E133/><V66/><F32/><W129/><G77/><T23/><D51/><U61/><E114/><V25/><F132/><W123/><G90/><T104/><D73/><U97/><E34/><V89/><F125/><W91/><G91/><T122/><D135/><U57/><E97/><V84/><F130/><N who="3" m="50283" /><G59/><T100/><D33/><U106/><E106/><V17/><F25/><W10/><G42/><T117/><D12/><N who="1" m="7183" /><E7/><V95/><F62/><W56/><G56/><T134/><D134/><U80/><E80/><V81/><F95/><W44/><G44/><T21/><D126/><U58/><E58/><V115/><F115/><W86/><G86/><T52/><D112/><U60/><E60/><V64/><F64/><W121/><G127/><T40/><D71/><U14/><E14/><V3/><F3/><W18/><G2/><T0/><D0/><U67/><E67/><V120/><F120/><N who="3" m="46155" /><G35/><T28/><D122/><U39/><E39/><V38/><REACH who="2" step="1"/><F41/><REACH who="2" ten="195,284,206,305" step="2"/><W8/><G26/><T79/><D40/><U50/><E61/><V76/><F76/><W22/><G110/><T36/><D79/><U98/><E98/><V118/><F118/><W124/><G124/><T65/><D117/><U78/><E78/><V82/><F82/><W48/><G111/><T87/><D109/><U75/><E75/><V131/><F131/><W113/><G108/><T101/><D65/><U83/><E83/><V24/><F24/><N who="3" m="14423" /><G113/><T13/><D104/><U6/><E6/><RYUUKYOKU ba="0,1" sc="195,-30,284,10,206,10,305,10" hai1="19,20,27,45,46,50,53,57,92,96" hai2="15,17,37,38,47,49,55,63,66,68,81,84,89" hai3="8,10,11,48" /><INIT seed="5,1,1,3,5,64" ten="165,294,216,315" oya="1" hai0="40,52,35,57,133,25,124,43,116,125,107,0,34" hai1="135,59,39,91,102,10,20,32,117,84,72,30,75" hai2="109,66,29,74,120,48,15,88,7,86,67,97,3" hai3="127,79,53,16,119,94,47,6,99,93,65,112,111"/><U122/><E117/><V61/><F109/><W69/><G111/><T100/><D0/><U28/><E122/><V24/><F120/><W130/><G119/><T5/><D5/><U128/><E32/><V22/><F74/><W56/><G6/><T27/><D100/><U118/><E118/><V95/><F3/><W55/><G69/><T45/><D107/><U114/><E39/><V41/><F97/><W31/><G31/><T105/><D105/><U108/><E108/><V82/><F82/><W49/><G65/><T126/><D116/><U26/><E102/><V115/><F61/><W19/><G127/><T60/><D133/><U62/><E135/><V1/><F1/><W8/><G79/><T80/><D80/><U85/><E85/><V13/><F115/><W104/><G112/><T33/><REACH who="0" step="1"/><D43/><REACH who="0" ten="155,294,216,315" step="2"/><U9/><E114/><V12/><F7/><W23/><G104/><T73/><D73/><U98/><E75/><V70/><F70/><W38/><G93/><T101/><D101/><U106/><E72/><V132/><F132/><W44/><G94/><T76/><D76/><U134/><E106/><V21/><F21/><W131/><G23/><T90/><D90/><U81/><E134/><V4/><F4/><W96/><G8/><T58/><D58/><U18/><E9/><V17/><F29/><N who="1" m="11369" /><E10/><V77/><F77/><W71/><G56/><T83/><D83/><U92/><E81/><V110/><F110/><W103/><G71/><T14/><D14/><U89/><E89/><V129/><F129/><W11/><G11/><T87/><D87/><U113/><E113/><RYUUKYOKU ba="1,2" sc="155,15,294,-15,216,15,315,-15" hai0="25,27,33,34,35,40,45,52,57,60,124,125,126" hai2="12,13,15,17,22,24,41,48,66,67,86,88,95" /><INIT seed="6,2,2,2,1,22" ten="170,279,231,300" oya="2" hai0="79,126,0,11,46,82,60,84,100,33,110,80,109" hai1="43,127,85,15,47,78,133,16,107,125,114,69,9" hai2="4,59,21,115,56,119,75,49,76,38,25,48,90" hai3="132,98,17,67,112,123,58,111,31,83,45,62,73"/><V20/><F119/><W103/><G123/><T96/><D126/><N who="1" m="48139" /><E114/><V36/><F21/><W3/><G3/><T2/><D33/><U113/><E113/><V88/><F4/><W106/><G111/><T57/><D46/><U124/><E124/><V23/><F115/><W10/><G31/><T92/><D2/><U89/><E78/><V118/><F118/><W32/><G32/><T6/><REACH who="0" step="1"/><D82/><REACH who="0" ten="160,279,231,300" step="2"/><N who="1" m="49335" /><E133/><V26/><F76/><W13/><G132/><T117/><D117/><U35/><E35/><V135/><F135/><W102/><G112/><T71/><D71/><U120/><E69/><V63/><F63/><W86/><G45/><T55/><AGARI ba="2,3" hai="0,6,11,55,57,60,79,80,84,92,96,100,109,110" machi="55" ten="20,5200,0" yaku="1,1,0,1,7,1,53,1" doraHai="22" doraHaiUra="97" who="0" fromWho="0" sc="160,88,279,-15,231,-28,300,-15" /><INIT seed="7,0,0,0,5,103" ten="248,264,203,285" oya="3" hai0="86,128,56,121,111,102,107,76,41,106,69,2,27" hai1="81,131,28,124,94,16,117,26,108,36,11,135,14" hai2="100,132,120,91,33,67,3,122,13,1,15,37,57" hai3="125,53,123,105,45,62,7,130,60,96,22,82,43"/><W85/><G123/><N who="2" m="47145" /><F33/><W110/><G110/><T109/><D69/><U77/><E108/><N who="0" m="41545" /><D56/><U79/><E36/><V19/><F132/><W4/><G105/><N who="0" m="39947" /><D27/><U52/><E135/><V89/><F100/><W51/><G96/><T58/><D58/><U73/><E77/><V12/><F19/><W116/><G116/><T129/><D121/><U24/><E124/><V38/><F57/><N who="3" m="34863" /><G125/><T6/><D41/><U95/><E131/><N who="0" m="50249" /><D102/><U44/><E26/><V21/><F67/><W99/><G130/><T49/><D49/><U80/><E117/><V42/><F21/><W74/><G62/><T61/><D61/><U39/><E24/><V55/><F55/><W8/><G22/><T66/><D66/><U34/><E28/><V78/><F42/><W35/><G35/><T133/><D133/><U5/><E34/><V75/><F75/><W104/><G74/><T70/><D70/><U126/><E126/><V93/><F38/><W46/><G46/><T68/><D68/><U119/><E119/><V10/><F37/><W92/><G8/><N who="0" m="2135" /><D76/><U83/><E39/><V90/><F78/><N who="3" m="46295" /><G104/><T23/><D86/><U127/><E127/><V59/><F59/><W29/><G29/><T64/><D64/><U20/><E44/><V112/><F10/><W65/><G65/><T115/><D23/><U0/><E52/><V63/><F63/><W31/><G31/><T72/><D72/><U101/><E101/><AGARI ba="0,0" hai="4,7,43,45,51,92,99,101" m="46295,34863" machi="101" ten="30,1500,0" yaku="8,1" doraHai="103" who="3" fromWho="1" sc="248,0,264,-15,203,0,285,15" owari="248,-15.0,249,5.0,203,-30.0,300,40.0" /></mjloggm>