<mjloggm ver="2.3"><GO type="169" lobby="0"/><UN n0="%E5%93%B2%E5%AD%A6%E3%81%99%E3%82%8B%E9%BA%BB%E9%9B%80" n1="%E3%81%B5%E3%81%81%E3%82%93%E3%81%A7%E3%82%8B%E3%81%95%E3%83%BC%E3%82%8B" n2="%4E%6F%6D%65%72%63%79" n3="%E3%81%84%E3%81%84%E3%81%9E" dan="16,16,16,16" rate="2083.91,2165.67,2168.04,2123.28" sx="M,M,F,M"/><TAIKYOKU oya="0"/><INIT seed="0,0,0,3,3,49" ten="250,250,250,250" oya="0" hai0="5,52,68,35,61,57,22,63,64,115,90,42,94" hai1="24,76,123,54,8,50,92,113,25,130,11,1,98" hai2="91,43,77,17,10,0,119,67,128,82,132,27,87" hai3="101,95,131,112,118,97,75,73,96,53,88,134,117"/><T127/><D127/><U78/><E123/><V93/><F128/><W31/><G31/><T114/><D35/><U70/><E70/><V129/><F129/><W21/><G131/><T36/><D5/><U106/><E106/><V13/><F132/><W65/><G65/><T121/><D121/><U102/><E130/><V108/><F108/><W28/><G134/><T109/><D109/><U71/><E71/><V120/><F119/><W107/><G112/><T16/><D42/><U38/><E38/><V20/><F120/><W84/><G28/><T30/><D30/><U62/><E62/><V46/><F67/><W116/><G21/><T69/><D36/><U51/><E51/><V7/><F0/><W104/><G53/><T60/><D60/><U86/><E1/><V100/><F100/><AGARI ba="0,0" hai="73,75,84,88,95,96,97,100,101,104,107,116,117,118" machi="100" ten="40,8000,1" yaku="9,1,34,3,54,1" doraHai="49" who="3" fromWho="2" sc="250,0,250,0,250,-80,250,80" /><INIT seed="1,0,0,3,2,130" ten="250,250,170,330" oya="1" hai0="50,45,95,52,55,31,128,18,64,46,58,40,11" hai1="115,131,122,77,65,48,119,73,36,82,60,94,0" hai2="57,81,27,53,97,21,113,8,125,4,38,127,44" hai3="51,134,121,100,14,1,71,109,133,23,126,49,107"/><U124/><E119/><V7/><F113/><W61/><G121/><T110/><D128/><U106/><E106/><V9/><F97/><N who="3" m="61839" /><G1/><T89/><D110/><U63/><E36/><V5/><F81/><W79/><G79/><T62/><D31/><U17/><E131/><V87/><F87/><W37/><G37/><T68/><D46/><U70/><E122/><V42/><F125/><W25/><G14/><N who="0" m="7519" /><D68/><U66/><E0/><V91/><F91/><W56/><G71/><T102/><D102/><U116/><E116/><V20/><F127/><W108/><G126/><T98/><AGARI ba="0,0" hai="40,45,50,52,55,58,62,64,89,95,98" m="7519" machi="98" ten="30,2000,0" yaku="8,1,54,1" doraHai="130" who="0" fromWho="0" sc="250,20,250,-10,170,-5,330,-5" /><INIT seed="2,0,0,1,2,113" ten="270,240,165,325" oya="2" hai0="76,47,82,67,102,109,1,41,63,26,91,96,32" hai1="60,92,44,8,135,57,125,90,53,111,22,35,14" hai2="104,21,80,28,133,88,121,62,89,106,39,129,112" hai3="49,87,117,17,93,128,51,64,85,25,56,30,12"/><V24/><F112/><W115/><G115/><T69/><D1/><U23/><E111/><V83/><F121/><W20/><G128/><T27/><D109/><U31/><E125/><V103/><F129/><W59/><G117/><T58/><D91/><U108/><E135/><V40/><F133/><W71/><G71/><T86/><D32/><U0/><E0/><V61/><F39/><W101/><G85/><T77/><D77/><U98/><E108/><V97/><F40/><W132/><G132/><T110/><D69/><U84/><E31/><V74/><F106/><W120/><G120/><T107/><REACH who="0" step="1"/><D110/><REACH who="0" ten="260,240,165,325" step="2"/><U127/><E35/><V43/><F89/><W94/><G101/><T16/><D16/><N who="1" m="8263" /><E127/><V81/><F74/><W100/><G100/><T130/><D130/><U37/><E37/><AGARI ba="0,1" hai="26,27,37,41,47,58,63,67,76,82,86,96,102,107" machi="37" ten="30,2000,0" yaku="1,1,7,1,53,0" doraHai="113" doraHaiUra="122" who="0" fromWho="1" sc="260,30,240,-20,165,0,325,0" /><INIT seed="3,0,0,3,3,132" ten="290,220,165,325" oya="3" hai0="19,78,95,60,51,56,87,83,23,119,107,9,74" hai1="54,69,96,75,27,81,84,98,101,117,4,67,58" hai2="10,109,120,72,35,36,105,49,29,50,77,80,100" hai3="45,108,7,43,89,111,17,25,61,5,66,41,8"/><W94/><G25/><T11/><D107/><U131/><E75/><V65/><F36/><W40/><G45/><T90/><D119/><U44/><E131/><V0/><F109/><N who="3" m="42059" /><G17/><T104/><D104/><U1/><E69/><V28/><F120/><W99/><G8/><T126/><D126/><U71/><E71/><AGARI ba="0,0" hai="5,7,40,41,43,61,66,71,89,94,99" m="42059" machi="71" ten="30,2900,0" yaku="14,1,10,1" doraHai="132" who="3" fromWho="1" sc="290,0,220,-29,165,0,325,29" /><INIT seed="3,1,0,0,1,39" ten="290,191,165,354" oya="3" hai0="93,77,48,65,66,60,50,75,3,103,40,124,7" hai1="126,112,62,57,19,23,10,14,97,81,132,41,51" hai2="44,113,130,79,125,70,72,38,5,8,64,135,47" hai3="68,128,88,82,85,80,74,120,52,95,16,21,6"/><W98/><G120/><T73/><D124/><U34/><E112/><V55/><F113/><W69/><G128/><T29/><D29/><U114/><E126/><V35/><F125/><W90/><G6/><T127/><D127/><U1/><E132/><V91/><F135/><W84/><G74/><T115/><D115/><U49/><E34/><V102/><F35/><W11/><G11/><T109/><D109/><U89/><E114/><V117/><F117/><W13/><G52/><T59/><D66/><U24/><E1/><V17/><F130/><W71/><REACH who="3" step="1"/><G69/><REACH who="3" ten="290,191,165,344" step="2"/><T67/><D7/><U108/><E108/><V56/><F70/><W99/><G99/><T43/><D65/><U46/><E97/><V131/><F64/><W116/><G116/><T27/><D73/><U86/><E51/><V37/><F131/><W118/><G118/><T104/><D75/><U25/><REACH who="1" step="1"/><E10/><REACH who="1" ten="290,181,165,344" step="2"/><V61/><F8/><W30/><G30/><T20/><D48/><U107/><E107/><V26/><F38/><W54/><G54/><AGARI ba="1,2" hai="14,19,23,24,25,41,46,49,54,57,62,81,86,89" machi="54" ten="30,8000,1" yaku="1,1,7,1,8,1,52,1,53,1" doraHai="39" doraHaiUra="76" who="1" fromWho="3" sc="290,0,181,103,165,0,344,-83" /><INIT seed="4,0,0,5,5,93" ten="290,284,165,261" oya="0" hai0="82,84,69,102,26,105,89,115,83,29,86,5,119" hai1="88,0,44,100,40,130,129,7,95,107,133,60,50" hai2="57,24,11,36,15,18,90,128,121,104,132,78,135" hai3="77,22,134,96,12,111,47,70,30,87,75,127,42"/><T76/><D119/><U97/><E133/><V113/><F121/><W85/><G111/><T19/><D69/><U74/><E74/><V10/><F113/><W13/><G134/><T52/><D115/><U103/><E60/><V48/><F36/><W38/><G70/><T41/><D41/><U34/><E34/><V25/><F104/><W112/><G112/><T65/><D5/><U27/><E27/><V55/><F128/><N who="1" m="49257" /><E107/><V92/><F78/><W6/><G127/><T21/><D65/><U114/><E114/><V45/><F135/><W39/><G39/><T17/><REACH who="0" step="1"/><D52/><REACH who="0" ten="280,284,165,261" step="2"/><U16/><E7/><V54/><F132/><W118/><G6/><T123/><D123/><U94/><E0/><V98/><REACH who="2" step="1"/><F10/><REACH who="2" ten="280,284,155,261" step="2"/><W35/><G118/><T73/><D73/><U58/><E40/><V49/><AGARI ba="0,2" hai="11,15,18,24,25,45,48,49,54,55,57,90,92,98" machi="49" ten="20,12000,2" yaku="1,1,2,1,0,1,7,1,8,1,52,1,53,0" doraHai="93" doraHaiUra="64" who="2" fromWho="2" sc="280,-60,284,-30,155,140,261,-30" /><INIT seed="5,0,0,2,2,44" ten="220,254,295,231" oya="1" hai0="51,36,54,118,10,58,35,20,116,83,31,62,92" hai1="77,73,79,114,26,85,3,50,84,70,48,39,90" hai2="56,71,95,59,9,96,41,72,13,57,100,128,99" hai3="115,132,68,80,55,67,82,1,52,40,110,119,11"/><U29/><E39/><V75/><F71/><W25/><G110/><T18/><D36/><U2/><E73/><V91/><F128/><W74/><G132/><T97/><D35/><U23/><E70/><V69/><F69/><W130/><G130/><T28/><D10/><U27/><E114/><V37/><F41/><W89/><G40/><T105/><D105/><U94/><E27/><V113/><F37/><W0/><G115/><T46/><D83/><U65/><E65/><V60/><F113/><W53/><G119/><T122/><D122/><U4/><E2/><V43/><F43/><W121/><G121/><T22/><D22/><U125/><E125/><V63/><F72/><W21/><G11/><T81/><D81/><U93/><E4/><V33/><F33/><W107/><G107/><T124/><D124/><U19/><E3/><V6/><REACH who="2" step="1"/><F75/><REACH who="2" ten="220,254,285,231" step="2"/><W111/><G74/><T66/><D116/><U24/><E29/><V14/><F14/><W123/><G1/><T102/><D118/><U49/><E26/><AGARI ba="0,1" hai="18,20,26,28,31,46,51,54,58,62,66,92,97,102" machi="26" ten="30,3900,0" yaku="7,1,8,1,52,1" doraHai="44" who="0" fromWho="1" sc="220,49,254,-39,285,0,231,0" /><INIT seed="6,0,0,3,2,72" ten="269,215,285,231" oya="2" hai0="4,101,62,75,99,48,9,24,34,54,18,110,51" hai1="52,79,2,89,116,57,98,77,37,27,126,91,47" hai2="82,17,113,108,93,92,87,122,95,50,83,14,114" hai3="67,125,88,118,124,20,107,13,76,123,12,43,19"/><V61/><F122/><W80/><G123/><T84/><D75/><U49/><E116/><V78/><F108/><W111/><G111/><T70/><D110/><U3/><E126/><N who="3" m="48746" /><G118/><T127/><D127/><U15/><E2/><V36/><F36/><W104/><G67/><T100/><D100/><U16/><E3/><V28/><F28/><W65/><G65/><T74/><D74/><U66/><E27/><V109/><F109/><W10/><G43/><T105/><D84/><U135/><E135/><V129/><F129/><W85/><G88/><N who="1" m="33866" /><E98/><V133/><F133/><W121/><G121/><T128/><D128/><U73/><E37/><V63/><F82/><W60/><G60/><T33/><D18/><AGARI ba="0,0" hai="10,12,13,18,19,20,76,80,85,104,107" m="48746" machi="18" ten="30,2000,0" yaku="18,1,52,1" doraHai="72" who="3" fromWho="0" sc="269,-20,215,0,285,0,231,20" /><INIT seed="7,0,0,2,4,108" ten="249,215,285,251" oya="3" hai0="25,2,30,79,77,90,48,44,46,87,118,122,23" hai1="29,11,121,38,119,134,18,33,91,31,32,133,62" hai2="7,71,96,131,56,0,16,123,78,19,110,92,125" hai3="115,112,59,36,63,100,69,64,55,43,65,105,61"/><W10/><G105/><T42/><D122/><U20/><E121/><V68/><F123/><W39/><G100/><T52/><D2/><U83/><E38/><N who="3" m="14378" /><G10/><T54/><D118/><U70/><E119/><V27/><F110/><W73/><G73/><T101/><D101/><U130/><E130/><V93/><F131/><W6/><G6/><T4/><D4/><U89/><E11/><V26/><F7/><W35/><G35/><N who="1" m="13386" /><E62/><V114/><F0/><W49/><G43/><T40/><D40/><U116/><E70/><AGARI ba="0,0" hai="49,55,59,61,63,64,65,69,70,112,115" m="14378" machi="70" ten="30,11600,0" yaku="34,2,52,2" doraHai="108" who="3" fromWho="1" sc="249,0,215,-116,285,0,251,116" owari="249,-15.0,99,-40.0,285,9.0,367,46.0" /></mjloggm>