<mjloggm ver="2.3"><GO type="169" lobby="0"/><UN n0="%E4%B9%9D%E4%B8%88%E8%8A%B1%E9%9F%B3" n1="%70%6C%61%7A%61" n2="%E6%88%B0%E8%89%A6%E3%83%AC%E7%B4%9A" n3="%E3%81%A8%E3%81%B3%E3%81%BE%E3%81%93" dan="16,16,16,16" rate="2194.32,2050.68,2130.33,2102.35" sx="F,M,F,M"/><TAIKYOKU oya="0"/><INIT seed="0,0,0,1,3,120" ten="250,250,250,250" oya="0" hai0="43,126,91,80,39,35,24,79,20,131,51,84,119" hai1="98,134,88,44,27,63,41,108,11,5,94,33,72" hai2="58,124,102,57,34,74,85,96,70,23,64,55,26" hai3="52,71,109,67,10,42,30,62,65,89,100,104,38"/><T56/><D119/><U73/><E134/><V9/><F124/><W22/><G65/><T95/><D126/><U13/><E108/><V101/><F74/><W0/><G89/><T103/><D131/><U82/><E63/><V2/><F34/><W81/><G81/><T68/><D68/><U18/><E82/><V92/><F70/><W97/><G52/><T75/><D39/><U86/><E98/><V122/><F122/><W117/><G117/><T123/><D35/><U6/><E6/><V3/><F9/><W17/><G30/><T53/><D123/><U130/><E130/><V115/><F115/><W90/><G90/><T99/><D43/><U118/><E118/><V112/><F112/><W111/><G0/><T107/><D20/><U14/><E27/><AGARI ba="0,0" hai="24,27,51,53,56,75,79,80,84,91,95,99,103,107" machi="27" ten="40,3900,0" yaku="24,2" doraHai="120" who="0" fromWho="1" sc="250,39,250,-39,250,0,250,0" /><INIT seed="0,1,0,5,3,18" ten="289,211,250,250" oya="0" hai0="39,65,71,93,35,33,7,108,121,5,10,75,92" hai1="97,60,30,124,114,15,3,0,43,107,79,119,59" hai2="45,20,52,73,74,123,36,9,81,1,54,99,77" hai3="133,88,98,26,53,76,61,67,28,86,96,105,84"/><T102/><D121/><U90/><E119/><V22/><F123/><W46/><G133/><T103/><D39/><U110/><E79/><V116/><F74/><W14/><G14/><T48/><D75/><U129/><E124/><V132/><F132/><W122/><G122/><T23/><D48/><U70/><E70/><V113/><F113/><W87/><G76/><T100/><D65/><U16/><E110/><V130/><F99/><W34/><G105/><T118/><D71/><U49/><E30/><V101/><F101/><W58/><G88/><T125/><D118/><U47/><E129/><V13/><F116/><W68/><REACH who="3" step="1"/><G46/><REACH who="3" ten="289,211,250,240" step="2"/><T72/><D125/><U106/><E114/><V82/><F13/><W50/><AGARI ba="1,1" hai="26,28,34,50,53,58,61,67,68,84,86,87,96,98" machi="50" ten="30,4000,0" yaku="1,1,2,1,0,1,53,0" doraHai="18" doraHaiUra="12" who="3" fromWho="3" sc="289,-21,211,-11,250,-11,240,53" /><INIT seed="1,0,0,0,1,21" ten="268,200,239,293" oya="1" hai0="18,5,106,112,135,97,26,16,130,86,81,89,17" hai1="13,34,3,44,73,46,15,126,122,105,74,7,4" hai2="128,59,100,124,58,66,71,116,54,110,25,113,125" hai3="127,88,132,0,31,24,82,40,91,9,45,29,114"/><U10/><E105/><V133/><F100/><W83/><G114/><T60/><D112/><U6/><E122/><V117/><F113/><W85/><G127/><N who="2" m="48713" /><F25/><W70/><G70/><T92/><D130/><U27/><E126/><V87/><F87/><W53/><G53/><T14/><D135/><U72/><E3/><V120/><F120/><W37/><G132/><T103/><D60/><U41/><E15/><V48/><F133/><W104/><G104/><T2/><D2/><U63/><E63/><N who="2" m="40415" /><F128/><W33/><G31/><T107/><D107/><U32/><E27/><V99/><F99/><W121/><G121/><T69/><D69/><U51/><REACH who="1" step="1"/><E46/><REACH who="1" ten="268,190,239,293" step="2"/><N who="2" m="27927" /><F110/><W19/><G0/><T62/><D106/><U43/><E43/><V55/><F59/><W35/><G35/><AGARI ba="0,1" hai="4,6,7,10,13,32,34,35,41,44,51,72,73,74" machi="35" ten="50,2400,0" yaku="1,1,53,0" doraHai="21" doraHaiUra="102" who="1" fromWho="3" sc="268,0,190,34,239,0,293,-24" /><INIT seed="1,1,0,3,1,102" ten="268,224,239,269" oya="1" hai0="120,61,90,83,79,123,78,118,9,116,4,66,65" hai1="5,3,60,124,14,126,94,13,8,26,54,51,25" hai2="48,121,127,0,37,89,39,130,84,47,104,82,97" hai3="49,91,100,46,73,1,29,101,132,28,133,42,75"/><U40/><E94/><V99/><F121/><N who="0" m="46666" /><D90/><U10/><E40/><V74/><F0/><W50/><G1/><N who="0" m="143" /><D79/><U7/><E60/><V117/><F117/><N who="0" m="45162" /><D61/><U23/><E3/><V125/><F130/><W85/><G91/><T57/><D57/><U69/><E69/><V35/><F35/><W92/><G92/><T119/><N who="0" m="45170" /><T34/><DORA hai="17" /><D34/><U53/><E51/><V16/><F74/><AGARI ba="1,0" hai="65,66,74,78,83" m="45170,143,46666" machi="74" ten="40,1300,0" yaku="13,1" doraHai="102,17" who="0" fromWho="2" sc="268,16,224,0,239,-16,269,0" /><INIT seed="2,0,0,5,4,55" ten="284,224,223,269" oya="2" hai0="46,1,65,107,125,104,70,10,67,3,128,86,19" hai1="77,21,112,73,102,23,14,5,78,33,59,89,95" hai2="110,100,48,52,35,82,34,20,130,41,80,106,113" hai3="45,18,54,47,22,96,26,32,9,111,24,39,103"/><V40/><F113/><W30/><G111/><T101/><D128/><U2/><E112/><V79/><F130/><W61/><G39/><T8/><D86/><U124/><E33/><V74/><F82/><W90/><G9/><T81/><D81/><U7/><E2/><V120/><F120/><W75/><G75/><T105/><D101/><U122/><E73/><V37/><F110/><W123/><G123/><T53/><D19/><U63/><E124/><V129/><F129/><W133/><G133/><T15/><D15/><U50/><E102/><V126/><F126/><W69/><G90/><T25/><D25/><U108/><E108/><V12/><F37/><W17/><G17/><T135/><D70/><U6/><E50/><V27/><F12/><W117/><G117/><T62/><D46/><U93/><E93/><V16/><F35/><W127/><G127/><T11/><D135/><U28/><E14/><V42/><F34/><W38/><G38/><T29/><D29/><U84/><E28/><V119/><F119/><W109/><G109/><T56/><REACH who="0" step="1"/><D125/><REACH who="0" ten="274,224,223,269" step="2"/><U60/><E122/><V57/><REACH who="2" step="1"/><F100/><REACH who="2" ten="274,224,213,269" step="2"/><W99/><G103/><T58/><D58/><U72/><E72/><V88/><F88/><W94/><G69/><T36/><D36/><U116/><E116/><V132/><F132/><W121/><G121/><T51/><D51/><U134/><E134/><V87/><F87/><W31/><G32/><T83/><D83/><N who="1" m="47215" /><E59/><V66/><F66/><AGARI ba="0,2" hai="1,3,8,10,11,53,56,62,65,66,67,104,105,107" machi="66" ten="50,3200,0" yaku="1,1,52,1,53,0" doraHai="55" doraHaiUra="118" who="0" fromWho="2" sc="274,52,224,0,213,-32,269,0" /><INIT seed="3,0,0,2,5,1" ten="326,224,181,269" oya="3" hai0="84,91,71,92,122,120,128,104,105,49,113,135,35" hai1="118,100,80,28,133,108,116,36,123,77,15,11,68" hai2="4,99,76,25,38,63,21,72,43,114,58,125,13" hai3="12,134,32,40,70,45,96,16,51,10,59,60,33"/><W109/><G134/><T22/><D35/><U81/><E123/><V54/><F114/><W126/><G126/><T112/><D71/><U55/><E133/><V74/><F125/><W2/><G109/><T67/><D49/><U9/><E68/><V30/><F76/><W83/><G70/><T31/><D22/><U3/><E81/><V115/><F115/><N who="0" m="44106" /><D31/><U94/><E36/><V20/><F21/><W24/><G83/><T107/><D67/><U111/><E28/><V19/><F99/><W23/><G96/><T127/><D127/><U66/><E94/><V41/><F30/><W93/><G93/><T48/><D48/><U73/><E100/><V124/><F124/><W62/><G2/><T50/><D50/><U18/><E55/><V98/><F98/><W27/><G62/><T61/><D61/><U86/><E86/><V88/><F88/><W79/><G79/><T90/><D135/><U56/><E56/><V97/><F97/><W117/><G117/><N who="1" m="45162" /><E66/><V5/><F25/><W75/><G75/><T46/><D46/><U102/><E102/><V26/><F26/><W121/><G27/><T47/><D47/><U78/><E78/><V110/><F110/><N who="1" m="42025" /><E3/><V131/><F131/><W53/><REACH who="3" step="1"/><G121/><REACH who="3" ten="326,224,181,259" step="2"/><N who="0" m="46699" /><D91/><U119/><E119/><V0/><F0/><W101/><G101/><T29/><D29/><AGARI ba="0,1" hai="10,12,16,23,24,29,32,33,40,45,51,53,59,60" machi="29" ten="30,5800,0" yaku="1,1,7,1,54,1,53,0" doraHai="1" doraHaiUra="129" who="3" fromWho="0" sc="326,-58,224,0,181,0,259,68" /><INIT seed="3,1,0,3,1,77" ten="268,224,181,327" oya="3" hai0="21,126,86,11,57,25,24,68,0,48,78,15,127" hai1="73,91,123,63,90,88,10,98,44,132,60,69,122" hai2="51,107,129,56,6,61,76,85,102,82,80,41,22" hai3="5,87,71,9,103,62,109,114,93,79,30,110,46"/><W33/><G114/><T67/><D0/><U17/><E73/><V14/><F129/><W65/><G46/><T99/><D68/><U59/><E69/><V42/><F107/><W108/><G103/><T111/><D111/><U4/><E132/><V115/><F102/><W1/><G30/><T134/><D134/><U101/><E17/><V53/><F115/><W32/><G93/><T23/><D99/><U92/><E44/><V3/><F3/><W84/><G87/><T96/><D96/><U81/><E63/><V75/><F61/><W26/><G26/><T64/><D48/><U125/><E125/><V106/><F106/><W97/><G97/><T104/><D104/><U74/><E74/><V35/><F35/><W47/><G47/><T34/><D34/><U13/><REACH who="1" step="1"/><E81/><AGARI ba="1,0" hai="1,5,9,32,33,62,65,71,79,81,84,108,109,110" machi="81" ten="40,7700,0" yaku="14,1,10,1,52,1" doraHai="77" who="3" fromWho="1" sc="268,0,224,-80,181,0,327,80" /><INIT seed="3,2,0,4,0,130" ten="268,144,181,407" oya="3" hai0="76,62,109,100,47,13,40,87,73,34,60,53,86" hai1="120,7,101,80,74,134,93,22,122,5,78,111,66" hai2="71,39,29,11,126,38,107,55,97,51,72,96,36" hai3="32,6,43,15,83,64,1,119,52,84,116,95,131"/><W37/><G131/><T44/><D109/><U30/><E111/><V14/><F72/><W67/><G32/><T135/><D34/><U21/><E66/><V56/><F71/><W16/><G95/><T127/><D127/><U81/><E93/><V65/><F126/><W46/><G6/><T57/><D100/><U68/><E101/><V61/><F29/><W90/><G1/><T77/><D73/><U124/><E74/><V8/><F8/><W128/><G128/><T108/><D13/><U50/><E50/><V79/><F79/><W98/><G98/><T85/><D108/><U48/><E48/><V17/><REACH who="2" step="1"/><F107/><REACH who="2" ten="268,144,171,407" step="2"/><W10/><G119/><T63/><D77/><U45/><E68/><V28/><F28/><W106/><G106/><T103/><D76/><U92/><E30/><V33/><F33/><W88/><G116/><T20/><D20/><U4/><E78/><V104/><F104/><W12/><G90/><T133/><D103/><U70/><E70/><V26/><F26/><W41/><G15/><T113/><D113/><U114/><E124/><V59/><AGARI ba="2,1" hai="11,14,17,36,38,39,51,55,56,59,61,65,96,97" machi="59" ten="30,2000,0" yaku="1,1,0,1,53,0" doraHai="130" doraHaiUra="42" who="2" fromWho="2" sc="268,-7,144,-7,171,36,407,-12" /><INIT seed="4,0,0,5,1,121" ten="261,137,207,395" oya="0" hai0="126,100,109,62,114,127,132,115,118,8,1,48,33" hai1="124,50,60,103,34,67,42,7,90,2,72,74,43" hai2="23,58,83,49,97,87,84,54,14,78,38,120,89" hai3="47,81,56,6,108,123,37,113,75,52,17,134,88"/><T101/><D33/><U36/><E36/><V19/><F120/><W106/><G108/><T35/><D35/><U107/><E34/><V86/><F38/><W98/><G123/><T104/><D118/><U93/><E124/><N who="0" m="47657" /><D48/><U45/><E42/><V68/><F68/><W66/><G66/><T30/><D30/><U11/><E103/><N who="0" m="39497" /><D104/><U122/><E107/><V91/><REACH who="2" step="1"/><F97/><REACH who="2" ten="261,137,197,395" step="2"/><W55/><G98/><T5/><D132/><U25/><E122/><V31/><F31/><W110/><G37/><T28/><D28/><U95/><E25/><V27/><F27/><W79/><G134/><T61/><D109/><U39/><E39/><V128/><F128/><W73/><G110/><T105/><D105/><U125/><E125/><V71/><F71/><W21/><G106/><T13/><D1/><U24/><E24/><V70/><F70/><W0/><G0/><T131/><D131/><U133/><E133/><V4/><F4/><W40/><G6/><T10/><D10/><U16/><E7/><V117/><F117/><W59/><G21/><T44/><D44/><U119/><E2/><V94/><F94/><W65/><G47/><T112/><AGARI ba="0,1" hai="5,8,13,61,62,112,114,115" m="39497,47657" machi="112" ten="40,3900,0" yaku="15,1,18,1" doraHai="121" who="0" fromWho="0" sc="261,49,137,-13,197,-13,395,-13" /><INIT seed="4,1,0,5,2,105" ten="310,124,184,382" oya="0" hai0="50,94,109,90,13,115,81,26,59,28,4,110,56" hai1="79,30,63,87,41,91,0,100,32,57,125,47,133" hai2="65,121,67,117,17,83,98,104,135,107,45,27,78" hai3="60,31,80,55,119,118,75,52,86,99,49,114,58"/><T7/><D115/><U103/><E125/><V53/><F121/><W14/><G114/><T97/><D81/><U1/><E133/><V43/><F135/><W76/><G31/><T40/><D40/><U68/><E68/><V25/><F53/><W16/><G99/><T69/><D69/><U15/><E79/><V66/><F117/><W12/><G86/><T123/><D123/><U131/><E131/><V10/><F10/><W2/><G2/><T42/><D42/><U74/><E32/><V70/><F70/><W72/><G72/><T51/><D13/><U33/><E33/><V88/><F17/><W23/><G14/><T106/><D106/><U77/><E30/><V5/><F5/><W29/><G29/><T132/><D132/><U39/><E15/><V85/><F104/><W3/><G3/><T18/><D18/><U84/><E0/><V22/><F22/><W82/><G82/><T113/><D113/><U127/><E127/><V134/><F134/><W93/><G93/><T64/><D4/><U46/><E46/><AGARI ba="1,0" hai="12,16,23,46,49,52,55,58,60,75,76,80,118,119" machi="46" ten="30,7700,0" yaku="7,1,52,1,54,2" doraHai="105" who="3" fromWho="1" sc="310,0,124,-80,184,0,382,80" /><INIT seed="5,0,0,2,1,115" ten="310,44,184,462" oya="1" hai0="11,117,120,129,34,103,132,119,17,88,9,4,121" hai1="0,26,118,123,46,56,38,21,131,20,97,86,27" hai2="99,61,70,10,71,60,62,64,12,82,77,22,47" hai3="112,54,79,35,83,91,100,68,7,81,89,13,16"/><U101/><E123/><N who="0" m="47177" /><D103/><U48/><E0/><V55/><F99/><W75/><G68/><T28/><D129/><U50/><E38/><V74/><F22/><W67/><G67/><T109/><D109/><U25/><E131/><V110/><F110/><W3/><G35/><T98/><D132/><U41/><E86/><V40/><F55/><W80/><G112/><T29/><D17/><U105/><REACH who="1" step="1"/><E118/><REACH who="1" ten="310,34,184,462" step="2"/><V32/><F70/><W108/><G3/><T15/><D117/><U5/><E5/><V66/><F71/><W65/><G7/><T116/><D4/><U58/><E58/><V94/><F74/><W69/><G69/><T1/><D1/><U30/><E30/><V59/><F59/><W130/><G75/><T8/><D28/><U127/><E127/><V33/><F64/><W43/><G65/><T57/><D57/><U84/><E84/><V37/><F66/><W19/><G130/><T111/><D111/><U93/><E93/><V106/><F94/><W14/><G108/><T85/><D98/><U133/><E133/><V23/><F106/><W92/><G92/><N who="0" m="54287" /><D15/><U51/><E51/><V134/><F134/><W53/><G14/><T96/><D96/><U104/><E104/><V52/><F12/><W102/><G13/><T73/><D73/><U135/><E135/><V95/><F95/><W90/><G19/><T122/><D122/><U124/><E124/><V126/><F126/><W114/><G16/><T125/><D125/><U128/><E128/><V45/><F37/><W107/><G107/><T6/><D6/><U44/><E44/><V2/><F45/><RYUUKYOKU ba="0,1" sc="310,15,34,15,184,-15,462,-15" hai0="8,9,11,29,34,116,119" hai1="20,21,25,26,27,41,46,48,50,56,97,101,105" /><INIT seed="5,1,1,0,4,77" ten="325,49,169,447" oya="1" hai0="110,32,131,122,127,4,42,95,109,5,6,43,51" hai1="99,75,105,37,125,30,120,63,10,79,114,134,89" hai2="27,45,56,73,31,100,81,70,3,35,113,50,34" hai3="121,24,17,82,106,40,133,130,8,90,49,54,13"/><U88/><E37/><V36/><F70/><W60/><G121/><T48/><D95/><U62/><E120/><V59/><F3/><W128/><G106/><T18/><D122/><U118/><E118/><V1/><F1/><W96/><G133/><T69/><D69/><U46/><E134/><V132/><F132/><W126/><G126/><T64/><D64/><U14/><E30/><V78/><F113/><W85/><G40/><N who="0" m="15403" /><D18/><U33/><E33/><V38/><F35/><W57/><G96/><T98/><D98/><U66/><E114/><V53/><REACH who="2" step="1"/><F100/><REACH who="2" ten="325,49,159,447" step="2"/><W80/><G130/><T39/><D32/><U61/><E125/><V102/><F102/><W2/><G2/><T112/><D127/><U129/><E129/><V117/><F117/><W92/><G128/><T111/><D112/><U58/><E105/><V94/><F94/><W16/><G60/><T9/><D131/><U29/><E63/><V23/><F23/><AGARI ba="1,2" hai="8,13,16,17,23,24,49,54,57,80,82,85,90,92" machi="23" ten="40,8000,1" yaku="8,1,52,2,54,1" doraHai="77" who="3" fromWho="2" sc="325,0,49,0,159,-83,447,103" /><INIT seed="6,0,0,4,2,99" ten="325,49,76,550" oya="2" hai0="113,91,124,121,4,92,80,19,28,130,58,72,75" hai1="101,46,23,65,105,31,61,112,59,74,119,35,76" hai2="10,16,69,83,94,135,87,132,78,64,85,5,0" hai3="117,52,116,38,128,17,37,2,12,86,39,103,1"/><V66/><F69/><W134/><G103/><T6/><D19/><U109/><E109/><V54/><F54/><W25/><G128/><T96/><D58/><U71/><E119/><V90/><REACH who="2" step="1"/><F16/><REACH who="2" ten="325,49,66,550" step="2"/><W82/><G17/><T70/><D70/><U127/><E112/><V79/><F79/><W98/><G52/><T27/><D113/><U21/><E127/><V32/><F32/><W97/><G116/><T44/><D124/><U56/><E46/><V41/><F41/><W8/><G117/><T33/><D44/><U129/><E129/><V111/><F111/><W122/><G122/><T43/><D43/><U120/><E120/><V48/><F48/><W95/><G39/><T22/><D121/><U100/><E59/><V53/><F53/><W49/><G38/><T50/><D50/><U20/><E56/><V26/><F26/><W126/><G49/><T51/><D51/><U34/><E105/><V102/><F102/><W133/><G37/><T81/><D130/><U93/><E35/><V131/><F131/><W118/><G126/><T60/><D33/><U29/><E34/><V62/><F62/><W45/><G118/><T84/><D60/><U3/><E31/><V104/><F104/><W13/><G25/><T123/><D123/><U106/><E29/><V15/><F15/><W9/><G45/><T67/><D28/><U7/><E106/><V125/><F125/><W57/><G13/><T36/><D27/><U55/><E55/><V73/><F73/><W68/><G12/><T30/><D30/><U88/><E74/><V107/><F107/><W77/><G68/><RYUUKYOKU ba="0,1" sc="325,-10,49,-10,66,30,550,-10" hai2="0,5,10,64,66,78,83,85,87,90,94,132,135" /><INIT seed="6,1,1,0,5,88" ten="315,39,96,540" oya="2" hai0="14,122,93,96,87,54,10,42,103,106,107,111,58" hai1="89,83,129,117,38,15,97,51,92,120,30,52,68" hai2="64,2,85,118,1,24,131,33,109,57,112,34,44" hai3="119,16,125,28,21,11,12,72,25,26,35,41,74"/><V78/><F118/><W76/><G119/><T47/><D111/><U69/><E117/><V134/><F44/><W81/><G125/><T108/><D108/><U13/><E38/><V53/><F64/><W110/><G110/><T7/><D122/><U124/><E124/><V56/><F56/><W61/><G41/><T39/><D87/><U62/><E129/><V19/><F109/><W70/><G70/><T84/><D84/><N who="1" m="50335" /><E69/><V36/><F36/><W23/><G61/><AGARI ba="1,1" hai="7,10,14,39,42,47,54,58,61,93,96,103,106,107" machi="61" ten="30,2000,0" yaku="7,1,52,1" doraHai="88" who="0" fromWho="3" sc="315,33,39,0,96,0,540,-23" /><INIT seed="7,0,0,0,2,64" ten="348,39,96,517" oya="3" hai0="34,36,98,88,100,58,46,108,29,33,41,125,61" hai1="42,9,103,102,80,31,21,132,65,39,77,35,11" hai2="76,134,6,135,7,72,75,87,120,49,97,95,63" hai3="14,62,3,133,74,37,48,96,114,5,92,2,78"/><W69/><G37/><T54/><D125/><U84/><E132/><N who="2" m="50731" /><F120/><W101/><G114/><T38/><D108/><U15/><E35/><V25/><F63/><W57/><G69/><T40/><D29/><U26/><E9/><V28/><F49/><W106/><G133/><T50/><D100/><U113/><E113/><V32/><F87/><W43/><G106/><T116/><D116/><U117/><E117/><V124/><F124/><W118/><G118/><T0/><D0/><U4/><E39/><V18/><F18/><W131/><G131/><T79/><D79/><U44/><REACH who="1" step="1"/><E65/><REACH who="1" ten="348,29,96,517" step="2"/><V12/><F12/><W56/><G14/><T73/><D73/><N who="2" m="28234" /><F76/><W20/><G78/><T83/><D83/><U129/><E129/><V27/><F27/><W52/><G74/><T66/><D98/><U19/><E19/><V30/><F30/><W126/><G3/><T127/><D88/><AGARI ba="0,1" hai="6,7,25,28,32,88,95,97" m="28234,50731" machi="88" ten="30,2000,0" yaku="20,1,54,1" doraHai="64" who="2" fromWho="0" sc="348,-20,29,0,96,30,517,0" owari="328,13.0,29,-47.0,126,-27.0,517,61.0" /></mjloggm>