<mjloggm ver="2.3"><GO type="169" lobby="0"/><UN n0="%E9%96%A2%E3%82%B1%E5%8E%9F" n1="%E9%BA%BB%E9%9B%80%E3%81%A7%E9%A3%9F%E3%81%88%21" n2="%E3%81%BF%E3%81%8B%E3%82%82%E3%82%81" n3="%E7%83%8F%E8%B3%8A%E4%B9%8B%E8%BC%94" dan="16,18,17,17" rate="2176.96,2245.39,2208.61,2223.54" sx="M,M,M,M"/><TAIKYOKU oya="0"/><INIT seed="0,0,0,2,3,103" ten="250,250,250,250" oya="0" hai0="108,35,116,37,111,14,86,8,80,118,96,73,113" hai1="7,64,11,106,110,101,24,93,104,134,0,130,115" hai2="65,84,33,114,99,77,30,46,29,126,10,133,48" hai3="15,83,12,4,117,45,34,44,123,54,100,6,132"/><T28/><D37/><U22/><E115/><V59/><F114/><W66/><G34/><T128/><D113/><U32/><E32/><V69/><F69/><W31/><G117/><T26/><D73/><U3/><E3/><V57/><F126/><W38/><G100/><T53/><D53/><U109/><E64/><V58/><F65/><W87/><G132/><T42/><D42/><U121/><E121/><V52/><F133/><W122/><G31/><T107/><D86/><U13/><E0/><V79/><F33/><W85/><G66/><T97/><D97/><N who="1" m="59567" /><E134/><V78/><F99/><W17/><G54/><T91/><D80/><U76/><E76/><V88/><F10/><W82/><G17/><T55/><D55/><U18/><E130/><V47/><F47/><W127/><REACH who="3" step="1"/><G38/><REACH who="3" ten="250,250,250,240" step="2"/><T131/><D116/><U120/><E120/><V95/><AGARI ba="0,1" hai="29,30,46,48,52,57,58,59,77,78,79,84,88,95" machi="95" ten="30,7900,0" yaku="0,1,8,1,54,2" doraHai="103" who="2" fromWho="2" sc="250,-39,250,-20,250,89,240,-20" /><INIT seed="1,0,0,4,4,81" ten="211,230,339,220" oya="1" hai0="86,9,42,31,51,11,73,110,33,131,111,13,44" hai1="95,106,90,30,26,27,20,125,72,53,32,50,18" hai2="100,0,2,68,127,94,10,109,96,65,121,34,82" hai3="40,92,24,38,59,3,101,113,107,46,25,115,37"/><U70/><E125/><V60/><F121/><W74/><G107/><T98/><D73/><U29/><E106/><V14/><F109/><N who="0" m="41482" /><D131/><U17/><E70/><V66/><F127/><W23/><G3/><T120/><D120/><U135/><E72/><V56/><F34/><W126/><G126/><T78/><D98/><U108/><E135/><V76/><F68/><W28/><G38/><T67/><D67/><U75/><E75/><V36/><F36/><W43/><G43/><T105/><D105/><U39/><E39/><V116/><F116/><W103/><G74/><T117/><D117/><U104/><E104/><V15/><F66/><W77/><G77/><T112/><D112/><U64/><E64/><V52/><F15/><W7/><G7/><T22/><D33/><U134/><E134/><V118/><F118/><W55/><G25/><N who="0" m="16823" /><D13/><U58/><REACH who="1" step="1"/><E108/><REACH who="1" ten="211,220,339,220" step="2"/><V123/><F65/><W89/><G113/><T85/><D78/><U21/><E21/><V5/><F123/><W63/><G115/><T124/><D124/><U41/><E41/><V83/><F83/><W57/><REACH who="3" step="1"/><G57/><REACH who="3" ten="211,220,339,210" step="2"/><T130/><D130/><U4/><E4/><V71/><F71/><W114/><G114/><T61/><D42/><U102/><E102/><V133/><F133/><W8/><G8/><T45/><D9/><U97/><AGARI ba="0,2" hai="17,18,20,26,27,29,30,32,50,53,58,90,95,97" machi="97" ten="20,3900,0" yaku="1,1,0,1,7,1,53,0" doraHai="81" doraHaiUra="119" who="1" fromWho="1" sc="211,-13,220,59,339,-13,210,-13" /><INIT seed="1,1,0,1,3,56" ten="198,279,326,197" oya="1" hai0="59,3,19,2,81,30,43,126,97,13,4,133,129" hai1="95,23,21,80,128,11,91,51,14,114,29,123,42" hai2="117,109,111,45,10,107,110,58,89,92,122,48,33" hai3="73,27,131,16,18,118,103,134,28,127,98,115,12"/><U34/><E123/><V86/><F117/><W102/><G115/><T67/><D126/><U6/><E114/><V87/><F122/><W39/><G127/><T94/><D129/><U31/><E128/><V7/><F107/><W93/><G131/><T72/><D133/><U104/><E104/><V85/><F33/><W52/><G39/><T68/><D68/><U55/><E80/><V1/><REACH who="2" step="1"/><F58/><REACH who="2" ten="198,279,316,197" step="2"/><W82/><G118/><T135/><D59/><N who="1" m="33279" /><E34/><V35/><F35/><W113/><G113/><T88/><D135/><U116/><E116/><V77/><F77/><W101/><G134/><T57/><D57/><U120/><E120/><V15/><F15/><W63/><G12/><T130/><D130/><U50/><E23/><V36/><F36/><W90/><G73/><T71/><D72/><U40/><E21/><V108/><N who="2" m="27648" /><DORA hai="76" /><V106/><F106/><W38/><G38/><T99/><D13/><U53/><E14/><V47/><F47/><W37/><G37/><T49/><D71/><U69/><E69/><V8/><F8/><W96/><G27/><T65/><D2/><U84/><E11/><V5/><F5/><W79/><G79/><T26/><D3/><U44/><E6/><V32/><F32/><W125/><G125/><T124/><D4/><U66/><E66/><V25/><F25/><W0/><G0/><T22/><D124/><U41/><AGARI ba="1,1" hai="29,31,40,41,42,44,50,53,84,91,95" m="33279" machi="41" ten="30,1500,0" yaku="8,1" doraHai="56,76" who="1" fromWho="1" sc="198,-6,279,28,316,-6,197,-6" /><INIT seed="1,2,0,2,0,117" ten="192,307,310,191" oya="1" hai0="78,16,54,14,82,5,49,48,74,11,55,46,107" hai1="79,113,115,130,52,35,38,88,60,56,81,71,23" hai2="128,10,22,133,63,9,0,47,67,89,18,73,129" hai3="125,103,4,7,105,77,68,58,90,94,21,116,65"/><U33/><E38/><V131/><F133/><W108/><G116/><T92/><D107/><U15/><E130/><V86/><F73/><W45/><G68/><T3/><D92/><U102/><E102/><V76/><F76/><W44/><G108/><T93/><D93/><U98/><E71/><V37/><F0/><W104/><G125/><T122/><D122/><U120/><E120/><V32/><F32/><W114/><G114/><T101/><D101/><U28/><E35/><V121/><F47/><W31/><G77/><T75/><D75/><U99/><E33/><V42/><F42/><W109/><G109/><T110/><D110/><U6/><E115/><V59/><F37/><W27/><G104/><T62/><D62/><U51/><E113/><V61/><F63/><N who="3" m="38135" /><G103/><T132/><D132/><U135/><E135/><V83/><REACH who="2" step="1"/><F121/><REACH who="2" ten="192,307,300,191" step="2"/><W97/><G105/><T50/><REACH who="0" step="1"/><D46/><AGARI ba="2,1" hai="4,7,21,27,31,44,45,46,90,94,97" m="38135" machi="46" ten="30,1000,0" yaku="8,1" doraHai="117" who="3" fromWho="0" sc="192,-16,307,0,300,0,191,26" /><INIT seed="2,0,0,2,5,23" ten="176,307,300,217" oya="2" hai0="11,58,27,87,48,91,25,35,128,34,83,15,118" hai1="131,57,79,110,77,6,47,74,85,31,39,63,49" hai2="108,115,51,54,105,120,7,14,26,88,117,72,123" hai3="70,116,132,113,36,60,96,100,22,93,106,42,125"/><V18/><F117/><W21/><G116/><T111/><D111/><U98/><E74/><V121/><F115/><W37/><G113/><T114/><D114/><U133/><E110/><V101/><F108/><W1/><G1/><T95/><D118/><U124/><E39/><V41/><F72/><W75/><G125/><T4/><D128/><U67/><E131/><V59/><F7/><W43/><G132/><T44/><D58/><U61/><E133/><V30/><F41/><W46/><G75/><T33/><REACH who="0" step="1"/><D83/><REACH who="0" ten="166,307,300,217" step="2"/><U40/><E57/><V66/><F66/><W129/><G129/><T17/><D17/><U29/><E67/><V76/><F120/><W134/><G134/><T55/><AGARI ba="0,1" hai="4,11,15,25,27,33,34,35,44,48,55,87,91,95" machi="55" ten="30,8000,1" yaku="1,1,0,1,52,2,53,1" doraHai="23" doraHaiUra="45" who="0" fromWho="0" sc="166,90,307,-20,300,-40,217,-20" /><INIT seed="3,0,0,2,5,57" ten="256,287,260,197" oya="3" hai0="133,68,63,41,61,30,73,24,47,90,86,92,80" hai1="126,110,38,134,10,60,1,87,49,26,118,88,94" hai2="130,91,75,21,74,98,64,122,56,125,12,54,18" hai3="15,7,29,104,43,62,77,34,48,40,52,59,16"/><W3/><G104/><T65/><D133/><U128/><E38/><V32/><F125/><W113/><G113/><T123/><D123/><U31/><E126/><V97/><F122/><W66/><G3/><T81/><D73/><U44/><E134/><V101/><F32/><W82/><G7/><T85/><D85/><U135/><E135/><V23/><F64/><W117/><G117/><T121/><D121/><U76/><E118/><V109/><F109/><W107/><G107/><T4/><D4/><U6/><E110/><V105/><F130/><W35/><G29/><T71/><D71/><U11/><E11/><V22/><F98/><W2/><G2/><T100/><D100/><U42/><E128/><V51/><REACH who="2" step="1"/><F91/><REACH who="2" ten="256,287,250,197" step="2"/><W69/><G34/><T131/><D131/><U46/><E88/><V112/><F112/><W103/><G35/><T27/><D65/><U13/><E1/><V70/><F70/><W17/><G103/><T120/><D68/><U114/><E114/><V108/><F108/><W89/><G89/><T28/><D120/><U55/><E42/><V53/><F53/><W39/><G39/><T78/><D41/><U132/><E55/><V9/><AGARI ba="0,1" hai="9,12,18,21,22,23,51,54,56,74,75,97,101,105" machi="9" ten="30,4000,0" yaku="1,1,0,1,53,1" doraHai="57" doraHaiUra="14" who="2" fromWho="2" sc="256,-10,287,-10,250,50,197,-20" /><INIT seed="4,0,0,3,5,53" ten="246,277,300,177" oya="0" hai0="48,134,62,29,122,89,130,24,66,23,120,56,107" hai1="17,43,57,13,16,21,133,26,121,131,37,73,55" hai2="118,9,59,6,113,41,81,128,98,96,34,49,36" hai3="104,125,83,92,123,94,51,71,82,67,97,74,75"/><T2/><D2/><U109/><E109/><V111/><F111/><W119/><G51/><T3/><D3/><U52/><E121/><V54/><F113/><W132/><G71/><T126/><D107/><U95/><E73/><N who="3" m="27658" /><G67/><T30/><D30/><U78/><E78/><V8/><F128/><W69/><G69/><T47/><D130/><U27/><E131/><V31/><F81/><N who="3" m="30731" /><G119/><T77/><D77/><U79/><E79/><V72/><F118/><W87/><G123/><T85/><D134/><U86/><E133/><V101/><F72/><W39/><G39/><T103/><D103/><U11/><E55/><V32/><F31/><W19/><G19/><T112/><D112/><U105/><E105/><V115/><F115/><W93/><G132/><T46/><D46/><U91/><E37/><V50/><F36/><W33/><G33/><T108/><D108/><U7/><E43/><V117/><F117/><W99/><G125/><T116/><D126/><U65/><E65/><V102/><F54/><W110/><G110/><T64/><D64/><U129/><E129/><V127/><F127/><W22/><G22/><T88/><D116/><U18/><E27/><V44/><F44/><W28/><G28/><T38/><D38/><U15/><E26/><V90/><F6/><W100/><G87/><T135/><D135/><U76/><E76/><V114/><F114/><W124/><G124/><T40/><D85/><U70/><E70/><V80/><F41/><W35/><G35/><T1/><D1/><U4/><E7/><V68/><F68/><W63/><G63/><AGARI ba="0,0" hai="4,11,13,15,16,17,18,21,52,57,63,86,91,95" machi="63" ten="30,8000,1" yaku="7,1,8,1,52,1,54,2" doraHai="53" who="1" fromWho="3" sc="246,0,277,80,300,0,177,-80" /><INIT seed="5,0,0,2,0,74" ten="246,357,300,97" oya="1" hai0="32,48,101,88,37,17,50,118,4,35,19,111,124" hai1="36,121,72,87,76,99,134,135,75,64,9,93,83" hai2="95,115,92,78,20,105,55,125,119,45,66,107,53" hai3="108,73,70,57,100,110,112,63,79,51,97,128,41"/><U46/><E64/><V38/><F119/><W7/><G112/><T12/><D111/><U22/><E121/><V133/><F66/><W61/><G128/><T94/><D37/><U23/><E9/><V21/><F115/><W54/><G7/><T56/><D118/><U10/><E10/><V27/><F125/><W24/><G24/><T59/><D101/><U25/><E22/><V40/><F133/><N who="1" m="50697" /><E46/><V106/><F78/><W96/><G97/><T62/><D124/><U132/><E36/><V130/><F130/><W5/><G5/><T120/><D120/><U65/><E65/><V31/><F21/><W2/><G2/><T43/><D4/><U113/><E113/><V82/><F82/><W102/><G100/><T60/><D43/><U98/><E98/><V8/><F8/><W80/><G41/><T77/><D32/><U44/><E44/><V15/><F15/><W0/><G0/><T104/><D12/><U52/><E52/><V89/><REACH who="2" step="1"/><F95/><REACH who="2" ten="246,357,290,97" step="2"/><W68/><G108/><T127/><D94/><U1/><E1/><V81/><F81/><W47/><G110/><T71/><D127/><U13/><E13/><V84/><AGARI ba="0,1" hai="20,27,31,38,40,45,53,55,84,89,92,105,106,107" machi="84" ten="30,4000,0" yaku="1,1,0,1,53,1" doraHai="74" doraHaiUra="18" who="2" fromWho="2" sc="246,-10,357,-20,290,50,97,-10" /><INIT seed="6,0,0,1,1,107" ten="236,337,340,87" oya="2" hai0="114,53,99,6,129,41,116,62,110,101,117,104,43" hai1="50,98,23,94,69,95,105,44,12,37,32,54,106" hai2="125,52,18,63,5,30,100,19,93,46,88,131,14" hai3="118,87,36,108,35,61,81,126,29,79,58,132,34"/><V119/><F119/><N who="0" m="45642" /><D110/><U92/><E32/><V24/><F131/><W91/><G118/><T128/><D6/><U25/><E69/><V66/><F125/><W48/><G36/><T21/><D21/><U4/><E37/><V65/><F100/><W26/><G126/><T85/><D114/><U84/><E84/><V20/><F5/><W15/><G108/><T130/><D85/><U124/><E124/><V78/><F78/><W76/><G132/><T39/><D39/><U74/><E74/><V103/><F103/><W127/><G127/><T67/><D53/><U112/><E112/><V80/><F80/><W72/><G48/><T135/><D135/><U102/><E106/><V109/><F109/><W60/><G60/><T70/><AGARI ba="0,0" hai="41,43,62,67,70,99,101,104,128,129,130" m="45642" machi="70" ten="40,2700,0" yaku="19,1,12,1" doraHai="107" who="0" fromWho="0" sc="236,27,337,-7,340,-13,87,-7" /><INIT seed="7,0,0,3,4,35" ten="263,330,327,80" oya="3" hai0="62,122,61,18,112,54,20,73,80,78,100,60,113" hai1="70,129,4,92,17,118,108,111,107,81,49,127,116" hai2="94,131,95,68,97,76,46,64,1,86,38,40,110" hai3="115,109,32,89,57,29,85,21,67,11,12,23,16"/><W87/><G115/><N who="0" m="44107" /><D100/><U39/><E39/><V34/><F110/><W119/><G119/><N who="1" m="45610" /><E107/><V99/><F131/><W28/><G109/><T51/><D122/><U56/><E70/><V30/><F1/><W9/><G32/><T75/><D75/><U103/><E129/><V98/><F34/><W132/><G132/><T66/><D66/><U2/><E17/><V48/><F30/><W82/><G87/><T27/><D51/><U101/><E81/><N who="2" m="47399" /><F68/><W41/><G41/><T24/><D24/><U55/><E127/><V36/><F36/><W135/><G135/><T19/><D19/><U74/><E74/><V43/><F38/><W84/><G85/><T93/><D93/><N who="2" m="35338" /><F64/><W7/><G9/><T22/><D22/><U72/><E72/><V42/><AGARI ba="0,0" hai="40,42,43,46,48,97,98,99" m="35338,47399" machi="42" ten="30,1100,0" yaku="8,1" doraHai="35" who="2" fromWho="2" sc="263,-3,330,-3,327,11,80,-5" owari="260,-14.0,327,13.0,338,43.0,75,-42.0" /></mjloggm>