<mjloggm ver="2.3"><GO type="169" lobby="0"/><UN n0="%E3%83%9E%E3%83%8A%E3%83%96%E9%9B%B6" n1="%E9%87%8C%E6%9C%A8%E4%BB%81" n2="%E5%A4%A9%E7%A5%9E%E9%B3%B3%E4%BD%8D" n3="%E7%83%8F%E8%B3%8A%E4%B9%8B%E8%BC%94" dan="16,16,16,17" rate="2145.69,2111.04,2140.11,2217.50" sx="M,M,M,M"/><TAIKYOKU oya="0"/><INIT seed="0,0,0,3,2,34" ten="250,250,250,250" oya="0" hai0="87,83,9,25,52,57,5,3,50,103,65,62,116" hai1="90,60,115,79,10,134,95,45,98,129,124,127,15" hai2="85,94,70,102,111,93,35,86,64,6,44,27,96" hai3="16,40,23,26,32,123,77,72,119,20,8,59,14"/><T114/><D114/><U42/><E115/><V41/><F111/><W118/><G40/><T43/><D116/><N who="3" m="44585" /><G59/><T54/><D103/><U69/><E134/><V55/><F6/><W88/><G88/><T56/><D25/><U105/><E129/><V78/><F55/><W104/><G77/><T63/><D43/><U108/><E108/><V33/><F27/><W11/><G72/><T99/><D99/><U131/><E131/><V106/><F85/><W4/><G104/><T61/><REACH who="0" step="1"/><D65/><REACH who="0" ten="240,250,250,250" step="2"/><U67/><E105/><V84/><F106/><W135/><G135/><T68/><D68/><U29/><E29/><V39/><F64/><W100/><G100/><T113/><D113/><U36/><REACH who="1" step="1"/><E79/><AGARI ba="0,1" hai="3,5,9,50,52,54,56,57,61,62,63,79,83,87" machi="79" ten="30,11600,0" yaku="1,1,7,1,52,1,54,1,53,0" doraHai="34" doraHaiUra="120" who="0" fromWho="1" sc="240,126,250,-116,250,0,250,0" /><INIT seed="0,1,0,3,1,119" ten="366,134,250,250" oya="0" hai0="116,57,33,79,134,110,101,40,80,68,111,133,93" hai1="65,22,23,4,13,50,83,29,87,72,36,35,131" hai2="66,49,25,96,104,99,92,95,47,130,103,11,10" hai3="78,30,114,94,84,7,60,97,115,63,120,53,32"/><T98/><D68/><U109/><E36/><V123/><F130/><W45/><G7/><T91/><D33/><U127/><E72/><V26/><F123/><W76/><G30/><T62/><D40/><U5/><E65/><V43/><F66/><W28/><G28/><T86/><D62/><U58/><E109/><N who="0" m="41481" /><D57/><U55/><E131/><V132/><F132/><N who="0" m="50794" /><D116/><U41/><E127/><V113/><F113/><W77/><G32/><T39/><D39/><U117/><E117/><V18/><F104/><W64/><G45/><T129/><D129/><U20/><E41/><V8/><REACH who="2" step="1"/><F18/><REACH who="2" ten="366,134,240,250" step="2"/><W19/><G64/><T24/><D24/><U85/><E35/><V121/><F121/><W112/><G120/><T14/><D14/><U108/><E108/><V61/><F61/><W118/><G19/><T37/><D37/><U74/><E13/><V82/><F82/><W124/><G118/><T9/><D9/><U51/><E83/><V44/><F44/><W73/><G63/><T88/><AGARI ba="1,1" hai="79,80,86,88,91,93,98,101" m="50794,41481" machi="88" ten="40,18000,2" yaku="14,1,10,1,20,1,34,2,54,1" doraHai="119" who="0" fromWho="0" sc="366,193,134,-61,240,-61,250,-61" /><INIT seed="0,2,0,4,2,33" ten="559,73,179,189" oya="0" hai0="79,52,50,72,133,1,80,37,0,78,111,29,41" hai1="90,30,42,92,103,93,13,77,124,130,45,21,81" hai2="35,108,55,40,114,68,63,132,131,113,60,75,69" hai3="46,73,96,127,125,82,76,10,14,8,3,9,85"/><T109/><D133/><U65/><E130/><V104/><F104/><W27/><G27/><T67/><D67/><U38/><E124/><N who="3" m="47690" /><G96/><T101/><D101/><U31/><E103/><V105/><F75/><W119/><G119/><T84/><D29/><U107/><E107/><V74/><F74/><W118/><G118/><T53/><D53/><U66/><E31/><V49/><F35/><W64/><G64/><T44/><D79/><U112/><E112/><N who="2" m="43115" /><F105/><W54/><G54/><T59/><REACH who="0" step="1"/><D72/><REACH who="0" ten="549,73,179,189" step="2"/><U25/><E77/><V2/><F132/><W19/><G73/><T123/><D123/><U116/><E66/><V15/><F131/><W115/><G115/><T34/><D34/><U22/><E65/><V87/><F55/><W62/><G62/><T26/><D26/><U99/><E25/><V24/><F63/><W121/><G121/><T11/><D11/><U126/><E126/><V39/><F60/><W97/><G9/><T56/><D56/><U83/><E116/><V43/><F24/><W58/><G58/><T57/><D57/><U28/><E28/><V7/><F68/><W48/><G8/><T106/><D106/><U61/><E30/><V6/><F69/><W122/><G122/><T102/><D102/><U23/><E61/><V17/><F43/><W135/><G135/><T16/><D16/><U20/><E42/><V98/><F40/><W12/><G19/><T110/><AGARI ba="2,1" hai="0,1,37,41,44,50,52,59,78,80,84,109,110,111" machi="110" ten="30,18000,2" yaku="1,1,0,1,14,1,10,1,52,2,54,1,53,0" doraHai="33" doraHaiUra="129" who="0" fromWho="0" sc="549,196,73,-62,179,-62,189,-62" /><INIT seed="0,3,0,5,2,26" ten="745,11,117,127" oya="0" hai0="108,102,53,38,3,57,4,90,20,73,55,32,31" hai1="14,21,130,2,86,134,47,61,50,111,46,96,51" hai2="116,6,78,74,35,92,121,71,84,34,112,83,15" hai3="59,39,58,25,100,56,91,113,127,0,10,131,75"/><T8/><D102/><U67/><E2/><V42/><F121/><W36/><G113/><T101/><D101/><U27/><E111/><V28/><F112/><W7/><G75/><T43/><D73/><U9/><E134/><V110/><F110/><W1/><G127/><T122/><D122/><U24/><E130/><V17/><F71/><W22/><G131/><T76/><D76/><U103/><E86/><V129/><F129/><W132/><G0/><T23/><D108/><U52/><E9/><V94/><F6/><W85/><G100/><T107/><D107/><U19/><E67/><V18/><F116/><W54/><G54/><T81/><D55/><N who="1" m="30167" /><E61/><V64/><F64/><W37/><G132/><T118/><D118/><U128/><E128/><V41/><F35/><W13/><G1/><T16/><D43/><U114/><E114/><V66/><F66/><W87/><REACH who="3" step="1"/><G91/><REACH who="3" ten="745,11,117,117" step="2"/><T98/><D90/><U109/><E109/><V119/><F119/><W115/><G115/><T12/><D53/><U30/><E30/><AGARI ba="3,1" hai="7,10,13,22,25,30,36,37,39,56,58,59,85,87" machi="30" ten="50,3200,0" yaku="1,1,52,1,53,0" doraHai="26" doraHaiUra="126" who="3" fromWho="1" sc="745,0,11,-41,117,0,117,51" owari="745,84.0,-30,-53.0,117,-28.0,168,-3.0" /></mjloggm>