<mjloggm ver="2.3"><GO type="169" lobby="0"/><UN n0="%E3%82%B7%E3%83%A3%E3%82%AD%E3%82%AA%E3%83%8B" n1="%E3%81%A8%E3%81%B3%E3%81%BE%E3%81%93" n2="%E9%87%8C%E6%9C%A8%E4%BB%81" n3="%E3%82%AA%E3%83%AA%E5%A7%AB%E5%A5%B3%E5%AD%90" dan="16,16,16,16" rate="2139.34,2104.33,2109.05,2073.46" sx="M,M,M,F"/><TAIKYOKU oya="0"/><INIT seed="0,0,0,2,1,90" ten="250,250,250,250" oya="0" hai0="85,82,3,63,53,29,112,87,89,79,72,60,131" hai1="122,59,0,39,118,35,114,13,57,101,96,45,120" hai2="70,21,25,30,66,19,135,49,130,88,134,109,8" hai3="126,123,47,97,125,77,27,65,38,83,128,52,117"/><T94/><D112/><U86/><E118/><V56/><F109/><W121/><G117/><T119/><D119/><U73/><E73/><V95/><F70/><W17/><G65/><T15/><D3/><U102/><E0/><V7/><F130/><W99/><G17/><T11/><D131/><U24/><E114/><V28/><F135/><W100/><G27/><T111/><D111/><U10/><E86/><V1/><F134/><W74/><G128/><T6/><D29/><U115/><E115/><V34/><F34/><W31/><G31/><T106/><D106/><U92/><E102/><V61/><REACH who="2" step="1"/><F49/><REACH who="2" ten="250,250,240,250" step="2"/><N who="3" m="28735" /><G38/><T110/><D110/><U54/><E35/><V20/><F20/><W23/><G23/><T69/><D69/><U22/><E122/><N who="3" m="46602" /><G97/><AGARI ba="0,1" hai="1,7,8,19,21,25,28,30,56,61,66,88,95,97" machi="97" ten="30,7700,0" yaku="1,1,7,1,52,1,54,1,53,0" doraHai="90" doraHaiUra="107" who="2" fromWho="3" sc="250,0,250,0,240,87,250,-77" /><INIT seed="1,0,0,4,5,94" ten="250,250,327,173" oya="1" hai0="72,1,111,58,112,3,10,51,93,63,92,13,54" hai1="76,125,87,104,36,52,20,122,119,79,25,55,131" hai2="116,88,85,34,120,33,127,41,39,83,129,9,17" hai3="124,99,56,115,49,80,133,18,6,97,123,27,69"/><U8/><E119/><V98/><F116/><W113/><G124/><T132/><D72/><U134/><E122/><V67/><F120/><W4/><G123/><T37/><D37/><U73/><E125/><V109/><F127/><W19/><G69/><T5/><D112/><N who="3" m="43081" /><G80/><T90/><D111/><U12/><E36/><V44/><F109/><W23/><G56/><T103/><D132/><U86/><E131/><V71/><F129/><W101/><G49/><T95/><D103/><U38/><E134/><V53/><F53/><N who="1" m="20553" /><E104/><V105/><F17/><N who="3" m="6155" /><G23/><T0/><REACH who="0" step="1"/><D51/><REACH who="0" ten="240,250,327,173" step="2"/><U7/><E38/><V81/><F39/><W15/><G101/><T22/><D22/><U121/><E73/><V35/><F35/><W107/><G133/><T108/><D108/><U96/><E121/><V21/><F34/><W128/><G128/><T30/><D30/><N who="1" m="17703" /><E96/><AGARI ba="0,1" hai="0,1,3,5,10,13,54,58,63,90,92,93,95,96" machi="96" ten="40,2600,0" yaku="1,1,52,1,53,0" doraHai="94" doraHaiUra="60" who="0" fromWho="1" sc="240,36,250,-26,327,0,173,0" /><INIT seed="2,0,0,0,1,22" ten="276,224,327,173" oya="2" hai0="42,77,110,32,134,35,84,19,78,59,82,86,135" hai1="124,41,100,73,46,85,5,58,65,31,54,27,74" hai2="122,125,113,4,50,62,17,20,48,68,115,116,92" hai3="129,119,30,109,6,128,9,37,12,47,67,1,121"/><V108/><F116/><W40/><G109/><T75/><D110/><U16/><E124/><V53/><F108/><W99/><G121/><T24/><D42/><U81/><E5/><V3/><F122/><W51/><G119/><T76/><D75/><U91/><E65/><V26/><F125/><W104/><G67/><T133/><D59/><U123/><E100/><V25/><F68/><W93/><G104/><T57/><D57/><U114/><E114/><V127/><F127/><W63/><G63/><T36/><D36/><U87/><E87/><V7/><F62/><W18/><G30/><T49/><D49/><U98/><E98/><V97/><F26/><W34/><G34/><T66/><D66/><U88/><E91/><V64/><F64/><W106/><G106/><T105/><D105/><U96/><E96/><V83/><F83/><W55/><G55/><T44/><D44/><U131/><E131/><N who="3" m="50250" /><G51/><T103/><D103/><U101/><E101/><V52/><F115/><W23/><G99/><T112/><D112/><U71/><E71/><V8/><F113/><W130/><N who="3" m="50258" /><W111/><DORA hai="13" /><G111/><T14/><D86/><U70/><E70/><V117/><F117/><W132/><G93/><T102/><D102/><U45/><E31/><V90/><REACH who="2" step="1"/><F7/><REACH who="2" ten="276,224,317,173" step="2"/><W72/><G72/><T11/><REACH who="0" step="1"/><D24/><REACH who="0" ten="266,224,317,173" step="2"/><U28/><E123/><V69/><F69/><W15/><G132/><T39/><D39/><U118/><E73/><V21/><F21/><W120/><G120/><T56/><D56/><U80/><E74/><V79/><F79/><AGARI ba="0,2" hai="11,14,19,32,35,76,77,78,79,82,84,133,134,135" machi="79" ten="50,8000,1" yaku="1,1,20,1,52,1,53,2" doraHai="22,13" doraHaiUra="107,29" who="0" fromWho="2" sc="266,100,224,0,317,-80,173,0" /><INIT seed="3,0,0,4,5,120" ten="366,224,237,173" oya="3" hai0="81,41,94,95,78,108,20,27,9,26,82,8,10" hai1="33,45,14,84,18,13,106,47,40,130,109,0,100" hai2="42,72,91,76,97,65,131,32,113,60,118,88,3" hai3="132,121,61,73,39,50,114,135,38,56,69,64,11"/><W6/><G73/><T126/><D126/><U102/><E0/><V22/><F113/><W105/><G105/><T86/><D108/><U93/><E33/><V21/><F118/><W134/><G114/><T104/><D104/><U35/><E35/><V46/><F32/><W70/><G121/><T51/><D82/><U17/><E106/><V37/><F3/><W49/><G11/><T48/><D27/><U19/><E130/><V31/><F131/><W85/><G85/><T90/><D41/><U30/><E30/><V98/><F97/><W15/><G15/><N who="1" m="5642" /><E40/><V67/><F67/><W80/><G80/><T127/><D127/><U101/><E109/><V12/><F98/><W43/><G6/><T34/><D34/><U29/><E29/><V57/><F31/><W71/><REACH who="3" step="1"/><G43/><REACH who="3" ten="366,224,237,163" step="2"/><T68/><D9/><U4/><E4/><V1/><F72/><W116/><G116/><T129/><D10/><U66/><E66/><V99/><F42/><W23/><G23/><T52/><D8/><U119/><E119/><V115/><F22/><W59/><G59/><T77/><D129/><U25/><E25/><V123/><F21/><W53/><G53/><T74/><D20/><U125/><E125/><V111/><F57/><W28/><G28/><T87/><D26/><U124/><E124/><V112/><F65/><W92/><G92/><T103/><D52/><U96/><E84/><V24/><F115/><W63/><G63/><T62/><D74/><U7/><E7/><V122/><F24/><W79/><G79/><T83/><D95/><U5/><E5/><V58/><F112/><RYUUKYOKU ba="0,1" sc="366,-15,224,15,237,-15,163,15" hai1="17,18,19,45,47,93,96,100,101,102" hai3="38,39,49,50,56,61,64,69,70,71,132,134,135" /><INIT seed="3,1,1,3,0,51" ten="351,239,222,178" oya="3" hai0="95,45,97,128,91,127,12,43,27,125,7,17,10" hai1="132,13,123,62,4,18,41,72,36,111,69,25,98" hai2="96,110,88,34,133,21,38,117,26,52,66,33,77" hai3="129,57,82,15,89,99,92,124,118,24,40,28,105"/><W23/><G124/><N who="0" m="47691" /><D128/><U101/><E123/><V104/><F117/><W35/><G129/><T5/><D27/><U81/><E111/><V86/><F110/><W6/><G118/><T79/><D79/><U78/><E132/><V19/><F133/><W31/><G31/><T134/><D134/><U32/><E4/><V55/><F38/><AGARI ba="1,1" hai="5,7,10,12,17,38,43,45,91,95,97" m="47691" machi="38" ten="30,1000,0" yaku="18,1" doraHai="51" who="0" fromWho="2" sc="351,23,239,0,222,-13,178,0" /><INIT seed="4,0,0,5,5,127" ten="374,239,209,178" oya="0" hai0="129,68,131,37,51,107,0,85,128,103,41,111,99" hai1="113,84,54,60,14,91,118,125,114,17,24,18,89" hai2="38,98,56,71,22,20,34,97,58,48,52,101,25" hai3="90,123,11,16,112,133,115,55,120,42,50,72,135"/><T2/><D111/><U96/><E118/><V8/><F71/><W53/><G90/><T19/><D68/><U73/><E73/><V47/><F98/><W109/><G11/><T79/><D37/><U4/><E125/><V59/><F38/><W80/><G16/><N who="1" m="6250" /><E24/><V117/><F117/><W70/><G80/><N who="0" m="47263" /><D19/><U121/><E96/><V65/><F65/><W130/><G72/><T76/><D76/><U75/><E75/><V39/><F39/><W67/><G109/><T28/><D28/><U92/><E121/><N who="3" m="46666" /><G130/><T6/><D6/><U78/><E78/><V105/><REACH who="2" step="1"/><F8/><REACH who="2" ten="374,239,199,178" step="2"/><W33/><G67/><T104/><D104/><U74/><E114/><N who="3" m="43562" /><G70/><T132/><D132/><N who="3" m="50761" /><G33/><T81/><D81/><U122/><E113/><V126/><F126/><W43/><G55/><T27/><D27/><U69/><E54/><V100/><F100/><W61/><G61/><T32/><D32/><U62/><E69/><V29/><AGARI ba="0,1" hai="20,22,25,29,34,47,48,52,56,58,59,97,101,105" machi="29" ten="30,7900,0" yaku="1,1,0,1,54,1,53,1" doraHai="127" doraHaiUra="45" who="2" fromWho="2" sc="374,-39,239,-20,199,89,178,-20" /><INIT seed="5,0,0,0,2,69" ten="335,219,288,158" oya="1" hai0="35,22,39,37,76,84,113,30,49,120,102,32,0" hai1="104,5,63,70,92,45,91,123,57,108,127,129,4" hai2="112,17,135,25,119,9,77,85,55,115,88,2,107" hai3="66,99,130,23,93,62,82,111,105,1,51,10,19"/><U18/><E123/><V8/><F119/><W79/><G111/><T59/><D0/><U73/><E108/><V75/><F135/><W72/><G130/><T114/><D102/><U24/><E129/><V42/><F107/><W29/><G105/><T43/><D22/><U89/><E104/><V27/><F42/><W41/><G29/><T100/><D100/><U33/><E73/><V44/><F75/><W116/><G116/><T125/><D125/><U60/><E127/><V15/><F77/><W40/><G10/><T21/><D21/><N who="1" m="13367" /><E70/><V86/><F2/><W98/><G1/><T28/><D120/><U128/><E33/><V83/><F9/><W94/><G51/><T14/><D14/><U3/><E3/><V124/><F124/><W90/><G94/><T54/><D43/><U68/><E68/><V13/><F13/><W61/><G98/><T106/><D106/><U7/><E128/><V64/><F64/><W65/><G65/><T80/><D35/><U132/><E132/><V109/><F109/><W26/><REACH who="3" step="1"/><G61/><REACH who="3" ten="335,219,288,148" step="2"/><T103/><D32/><U50/><E92/><V118/><F118/><W117/><G117/><T131/><D131/><U110/><E60/><V31/><F31/><W121/><G121/><T71/><D28/><U122/><E110/><V95/><F95/><W16/><G16/><T97/><D30/><U38/><E122/><V78/><F8/><W96/><G96/><T36/><D97/><U74/><E50/><V101/><F17/><W47/><G47/><T34/><D34/><U87/><E63/><V133/><F44/><W52/><G52/><RYUUKYOKU ba="0,1" sc="335,-10,219,-10,288,-10,148,30" hai3="19,23,26,40,41,62,66,72,79,82,90,93,99" /><INIT seed="6,1,1,5,0,124" ten="325,209,278,178" oya="2" hai0="13,74,26,114,77,122,115,129,133,62,112,6,28" hai1="108,100,30,3,39,4,40,47,31,76,16,109,11" hai2="36,61,73,59,80,55,44,54,126,58,113,67,19" hai3="102,63,2,132,23,83,110,91,90,116,37,43,119"/><V56/><F19/><W118/><G110/><T68/><D122/><U128/><E100/><V46/><F73/><W66/><G132/><T120/><D120/><U1/><E1/><V127/><F113/><W93/><G2/><T52/><D133/><U131/><E76/><V29/><F29/><W57/><G83/><N who="0" m="45495" /><D129/><N who="1" m="49739" /><E16/><V20/><F20/><W24/><G43/><T65/><D6/><U5/><E5/><V49/><F80/><W25/><G37/><T21/><D13/><U103/><E103/><V69/><F36/><W125/><G125/><N who="2" m="47625" /><F44/><W85/><G85/><T53/><AGARI ba="1,1" hai="21,26,28,52,53,62,65,68,112,114,115" m="45495" machi="53" ten="40,2700,0" yaku="15,1,54,1" doraHai="124" who="0" fromWho="0" sc="325,40,209,-8,278,-14,178,-8" /><INIT seed="7,0,0,3,3,36" ten="365,201,264,170" oya="3" hai0="113,24,58,47,91,67,27,56,13,135,38,41,78" hai1="10,120,112,16,105,44,129,115,66,84,72,46,108" hai2="130,134,53,48,62,77,55,101,35,71,15,107,23" hai3="73,30,61,117,69,99,49,14,132,122,109,17,106"/><W51/><G117/><T54/><D78/><U133/><E72/><V32/><F134/><W95/><G122/><T125/><D135/><U25/><E120/><V128/><F77/><W3/><G132/><T81/><D113/><N who="1" m="43595" /><E133/><V21/><F107/><W1/><G73/><T74/><D74/><U68/><E108/><V98/><F71/><W52/><G106/><T63/><D125/><U96/><E129/><N who="2" m="49771" /><F62/><W80/><G80/><T6/><D91/><U11/><E84/><V83/><F83/><W90/><G109/><T9/><D81/><U29/><E46/><N who="2" m="27799" /><F55/><W104/><G104/><T19/><D6/><U121/><E25/><V131/><N who="2" m="49779" /><V42/><DORA hai="76" /><F42/><W5/><G30/><T20/><D9/><U87/><E44/><V85/><F85/><W103/><G5/><T59/><D59/><U28/><E11/><V45/><F45/><W37/><G37/><T86/><D86/><U4/><E4/><V26/><F15/><W94/><G3/><T93/><D93/><U119/><E87/><V116/><F116/><W82/><G1/><T18/><D18/><U75/><E121/><V22/><F26/><W57/><G69/><T118/><D118/><U97/><E119/><V102/><F98/><N who="1" m="37993" /><E75/><V70/><F70/><W111/><G111/><T123/><D123/><U65/><E105/><V88/><F88/><W64/><G82/><T100/><D100/><AGARI ba="0,0" hai="21,22,23,32,35,100,101,102" m="27799,49779" machi="100" ten="50,1600,0" yaku="19,1" doraHai="36,76" who="2" fromWho="0" sc="365,-16,201,0,264,16,170,0" owari="349,45.0,201,-20.0,280,8.0,170,-33.0" /></mjloggm>