<mjloggm ver="2.3"><GO type="169" lobby="0"/><UN n0="%6F%6B%6A%6D" n1="%E6%9B%BF%E7%8E%89%E5%9B%BA%E9%BA%BA" n2="%E3%81%A4%E3%82%89%E3%81%84%E3%80%82" n3="%E8%A1%9B%E8%97%A4%E7%BE%8E%E5%BD%A9" dan="18,16,16,16" rate="2303.68,2158.58,2088.33,2116.58" sx="M,M,M,M"/><TAIKYOKU oya="0"/><INIT seed="0,0,0,3,0,106" ten="250,250,250,250" oya="0" hai0="49,118,5,47,126,122,66,113,134,93,116,40,100" hai1="120,117,35,78,112,131,88,51,24,102,23,70,121" hai2="27,67,61,73,55,90,92,1,124,13,89,28,94" hai3="32,37,4,69,130,12,64,17,85,135,34,123,128"/><T114/><D5/><U82/><E117/><N who="0" m="45161" /><D100/><U98/><E70/><V50/><F1/><W127/><G123/><T115/><D93/><U14/><E35/><V45/><F124/><W30/><G37/><T99/><D99/><U9/><E112/><V74/><F13/><W72/><G127/><T8/><D8/><U11/><E51/><V87/><F61/><W65/><G4/><T21/><D21/><U56/><E56/><V95/><F67/><W104/><G104/><T63/><D126/><U101/><E11/><V43/><F55/><W76/><G85/><T10/><D10/><U75/><E102/><V18/><F18/><W109/><G135/><T54/><D134/><U96/><E96/><V44/><F44/><W29/><G12/><T80/><D80/><U59/><E59/><V57/><F57/><W22/><G22/><T84/><D84/><U6/><E88/><V133/><F133/><W26/><G17/><T25/><D25/><U107/><REACH who="1" step="1"/><E131/><REACH who="1" ten="250,240,250,250" step="2"/><V91/><REACH who="2" step="1"/><F87/><REACH who="2" ten="250,240,240,250" step="2"/><W81/><G128/><T38/><D122/><U7/><E7/><V110/><F110/><W0/><G109/><T62/><D66/><U20/><E20/><AGARI ba="0,2" hai="20,27,28,43,45,50,73,74,89,90,91,92,94,95" machi="20" ten="40,5200,0" yaku="1,1,52,2,53,0" doraHai="106" doraHaiUra="60" who="2" fromWho="1" sc="250,0,240,-52,240,72,250,0" /><INIT seed="1,0,0,4,1,60" ten="250,188,312,250" oya="1" hai0="12,100,96,24,86,72,3,37,27,7,105,115,82" hai1="69,30,59,123,35,29,0,31,120,26,56,116,65" hai2="73,39,57,15,111,4,106,63,21,20,8,127,2" hai3="62,128,118,28,119,110,23,91,107,58,1,89,124"/><U103/><E116/><N who="3" m="44586" /><G110/><T42/><D115/><U76/><E0/><V84/><F73/><W45/><G107/><T44/><D3/><U122/><E76/><V74/><F74/><W43/><G1/><T11/><D72/><U70/><E103/><V22/><F106/><W109/><G128/><T49/><REACH who="0" step="1"/><D37/><REACH who="0" ten="240,188,312,250" step="2"/><U112/><E112/><V99/><F39/><N who="3" m="21759" /><G124/><T126/><D126/><U108/><E108/><V52/><F127/><W18/><G109/><T101/><D101/><U133/><E133/><V121/><F111/><W34/><G34/><T66/><D66/><U9/><E65/><V13/><F2/><W48/><G48/><T64/><D64/><U134/><E134/><V6/><F121/><W50/><G50/><T78/><AGARI ba="0,1" hai="7,11,12,24,27,42,44,49,78,82,86,96,100,105" machi="78" ten="20,12000,2" yaku="1,1,0,1,7,1,25,2,53,1" doraHai="60" doraHaiUra="97" who="0" fromWho="0" sc="240,130,188,-60,312,-30,250,-30" /><INIT seed="2,0,0,2,2,115" ten="370,128,282,220" oya="2" hai0="94,61,17,7,113,41,75,52,60,48,2,63,19" hai1="103,4,85,57,27,10,68,13,28,120,33,26,46" hai2="16,69,97,73,131,116,37,42,96,107,105,38,8" hai3="78,9,30,121,132,134,31,67,66,130,81,76,108"/><V79/><F69/><W21/><G121/><T109/><D113/><U50/><E120/><V43/><F131/><W72/><G130/><T12/><D75/><U36/><E68/><V18/><F8/><W112/><G112/><T39/><D109/><U104/><E36/><V91/><F91/><W25/><G108/><T64/><D94/><U11/><E57/><V87/><F87/><W129/><G129/><T58/><D2/><U90/><E103/><V100/><F79/><W92/><G78/><T89/><D89/><U80/><E104/><V35/><F35/><W0/><G31/><T22/><D7/><U82/><E27/><V111/><F73/><W51/><G92/><T24/><D39/><U55/><REACH who="1" step="1"/><E11/><REACH who="1" ten="370,118,282,220" step="2"/><V5/><F100/><W71/><G71/><T62/><D41/><U29/><E29/><V59/><F59/><W45/><G9/><N who="0" m="6287" /><D62/><U123/><E123/><V54/><F111/><W49/><G51/><T83/><D83/><AGARI ba="0,1" hai="4,10,13,26,28,33,46,50,55,80,82,83,85,90" machi="83" ten="30,2000,0" yaku="1,1,7,1,53,0" doraHai="115" doraHaiUra="98" who="1" fromWho="0" sc="370,-20,118,30,282,0,220,0" /><INIT seed="3,0,0,5,2,78" ten="350,148,282,220" oya="3" hai0="14,20,134,51,57,28,133,69,118,75,58,86,39" hai1="123,94,87,117,54,53,61,52,34,56,35,0,49" hai2="31,16,95,41,44,11,112,40,72,1,99,9,67" hai3="109,4,59,66,108,92,70,85,68,115,47,21,48"/><W103/><G115/><T122/><D118/><U38/><E123/><V13/><F72/><W124/><G124/><T119/><D119/><U81/><E117/><V111/><F112/><W33/><G33/><T83/><D122/><U3/><E38/><V128/><F111/><N who="3" m="42571" /><G4/><T25/><D39/><U114/><E114/><V71/><F31/><W135/><G135/><N who="0" m="51723" /><D69/><U91/><E94/><V2/><F128/><W10/><G10/><T80/><D51/><U113/><E113/><V84/><F11/><W116/><G116/><T129/><D129/><U22/><E22/><V26/><F26/><W8/><G8/><T105/><D105/><U60/><E60/><V96/><F1/><W89/><G103/><T101/><D101/><U102/><E102/><V79/><F2/><W62/><G21/><T64/><D14/><U121/><E121/><V30/><F13/><W7/><G7/><T46/><D46/><U29/><E29/><V12/><F44/><W36/><G36/><T27/><D27/><U104/><E104/><V110/><F30/><W100/><G100/><T82/><D75/><U120/><E120/><V15/><F12/><W98/><G98/><T45/><D45/><N who="1" m="27695" /><E0/><V19/><F110/><W65/><G65/><T55/><D64/><N who="1" m="38951" /><E3/><V5/><F9/><W24/><G24/><T18/><D28/><U130/><E130/><V6/><F15/><W50/><G50/><N who="0" m="30967" /><D58/><U126/><E126/><V74/><F74/><W131/><G131/><T43/><D43/><AGARI ba="0,0" hai="43,47,48,59,62,66,68,70,85,89,92" m="42571" machi="43" ten="30,2900,0" yaku="14,1,10,1" doraHai="78" who="3" fromWho="0" sc="350,-29,148,0,282,0,220,29" /><INIT seed="3,1,0,2,2,53" ten="321,148,282,249" oya="3" hai0="13,9,104,41,66,64,45,37,124,5,4,121,80" hai1="15,107,3,31,61,82,93,129,120,57,29,97,84" hai2="50,56,103,109,74,67,75,72,58,26,83,133,33" hai3="44,87,65,62,18,119,1,43,130,110,88,101,102"/><W47/><G119/><T115/><D121/><U79/><E120/><V114/><F114/><W46/><G130/><T10/><D115/><U122/><E129/><V63/><F109/><W94/><G1/><T20/><D104/><U92/><E3/><V117/><F117/><W90/><G43/><T60/><D124/><U125/><E125/><V48/><F103/><W14/><G110/><T32/><D32/><U71/><E71/><V113/><F113/><W49/><G49/><T11/><D20/><U128/><E128/><V105/><F105/><W123/><G90/><T86/><D4/><U38/><E38/><V0/><F0/><W73/><G73/><T89/><REACH who="0" step="1"/><D66/><REACH who="0" ten="311,148,282,249" step="2"/><U34/><E34/><V16/><F33/><W23/><REACH who="3" step="1"/><G123/><REACH who="3" ten="311,148,282,239" step="2"/><T76/><D76/><U96/><E122/><V106/><F74/><W30/><G30/><T27/><D27/><U77/><E77/><V17/><F26/><W99/><G99/><T111/><D111/><U19/><E31/><V81/><F75/><W116/><G116/><T68/><AGARI ba="1,2" hai="5,9,10,11,13,37,41,45,60,64,68,80,86,89" machi="68" ten="20,2700,0" yaku="1,1,0,1,7,1,53,0" doraHai="53" doraHaiUra="12" who="0" fromWho="0" sc="311,50,148,-8,282,-8,239,-14" /><INIT seed="4,0,0,4,5,113" ten="361,140,274,225" oya="0" hai0="73,133,18,66,135,123,125,98,56,78,51,97,126" hai1="75,42,86,100,52,19,8,84,92,47,109,117,124" hai2="44,23,40,70,76,37,102,65,13,3,103,50,95" hai3="22,35,105,28,16,24,91,38,130,93,112,30,121"/><T87/><D123/><U6/><E109/><V115/><F3/><W57/><G112/><T26/><D73/><U116/><E75/><V9/><F76/><W5/><G105/><T41/><D41/><U85/><E124/><N who="0" m="47721" /><D78/><U96/><E19/><V104/><F104/><W111/><G111/><T132/><D87/><U0/><REACH who="1" step="1"/><E52/><REACH who="1" ten="361,130,274,225" step="2"/><V68/><F115/><W11/><G121/><T32/><D18/><U72/><E72/><V81/><F65/><W107/><G130/><T10/><D66/><U106/><E106/><V39/><F40/><W15/><G107/><T60/><D60/><U1/><E1/><V67/><F67/><W122/><G122/><T64/><D64/><U29/><E29/><V90/><F44/><W25/><G30/><N who="0" m="19543" /><D10/><U131/><E131/><V61/><F9/><W58/><REACH who="3" step="1"/><G38/><AGARI ba="0,1" hai="0,6,8,38,42,47,84,85,86,92,96,100,116,117" machi="38" ten="40,5200,0" yaku="1,1,52,2,53,0" doraHai="113" doraHaiUra="129" who="1" fromWho="3" sc="361,0,130,62,274,0,225,-52" /><INIT seed="5,0,0,0,0,8" ten="361,192,274,173" oya="1" hai0="99,51,39,116,59,37,134,126,33,55,61,102,71" hai1="88,121,77,82,47,107,108,111,62,135,120,6,122" hai2="84,128,115,81,131,58,114,68,78,65,23,109,4" hai3="101,129,27,74,50,113,20,83,1,133,100,57,117"/><U130/><E107/><V119/><F109/><N who="1" m="42057" /><E6/><V17/><F68/><W132/><G113/><N who="2" m="43017" /><F4/><W76/><G1/><T22/><D116/><U52/><E130/><V30/><F30/><W7/><G7/><T36/><D33/><U2/><E2/><V0/><F0/><W94/><G129/><T38/><D22/><U46/><E135/><N who="3" m="51786" /><G117/><T34/><D34/><U35/><E35/><V110/><F119/><W16/><G94/><T86/><D86/><N who="1" m="50263" /><E77/><V12/><F110/><W3/><G3/><T73/><D73/><U80/><E80/><V64/><F64/><W14/><G27/><T9/><D134/><U123/><N who="1" m="30720" /><DORA hai="103" /><U28/><E28/><V54/><F65/><W91/><G91/><T32/><D32/><U97/><E97/><V19/><F19/><W60/><G50/><AGARI ba="0,0" hai="12,17,23,50,54,58,78,81,84,128,131" m="43017" machi="50" ten="30,3900,0" yaku="15,1,11,1,52,1" doraHai="8,103" who="2" fromWho="3" sc="361,0,192,0,274,39,173,-39" /><INIT seed="6,0,0,2,2,121" ten="361,192,313,134" oya="2" hai0="105,34,5,35,87,21,57,27,32,54,2,15,90" hai1="41,10,113,109,0,84,70,127,14,115,78,96,67" hai2="100,71,48,51,85,83,19,89,63,43,93,98,45" hai3="64,77,50,103,130,134,131,111,110,16,75,132,95"/><V135/><F135/><N who="3" m="51755" /><G64/><T22/><D105/><U13/><E127/><V60/><F71/><W108/><G77/><T68/><D2/><U129/><E129/><N who="3" m="49162" /><G75/><T101/><D101/><U52/><E41/><V36/><F36/><W73/><G73/><T18/><D68/><U53/><E0/><V104/><F51/><W24/><G50/><T42/><D42/><U91/><E78/><V56/><F19/><W122/><G122/><T97/><D97/><U80/><E96/><V25/><F25/><W124/><G103/><T123/><D123/><U82/><E82/><V117/><F117/><W133/><N who="3" m="51763" /><W81/><DORA hai="59" /><G81/><T114/><D18/><U1/><E1/><V26/><F26/><W46/><G46/><T29/><D27/><U69/><E69/><V128/><F128/><W17/><G124/><T88/><D90/><U23/><E70/><V55/><REACH who="2" step="1"/><F63/><REACH who="2" ten="361,192,303,134" step="2"/><W120/><G120/><T44/><D44/><U126/><E126/><V3/><F3/><W47/><G47/><T74/><D5/><U99/><E13/><V4/><F4/><W92/><G17/><T72/><D15/><U6/><E14/><V125/><F125/><W12/><G24/><T66/><D29/><U86/><E6/><V38/><F38/><W7/><G7/><T40/><D40/><U118/><E118/><V33/><F33/><W49/><G49/><T65/><D35/><U76/><E10/><AGARI ba="0,1" hai="10,12,16,92,95,108,110,111" m="49162,51763" machi="10" ten="50,12000,2" yaku="20,1,19,1,52,3,54,1" doraHai="121,59" who="3" fromWho="1" sc="361,0,192,-120,303,0,134,130" /><INIT seed="7,0,0,2,2,90" ten="361,72,303,264" oya="3" hai0="43,129,94,8,88,126,34,31,22,57,53,70,0" hai1="51,75,55,52,63,37,9,2,119,134,93,95,17" hai2="45,60,13,4,108,66,130,80,30,115,132,3,120" hai3="27,58,47,14,59,38,15,65,72,1,131,76,26"/><W112/><G1/><T64/><D126/><U127/><E119/><V135/><F108/><W81/><G112/><T102/><D129/><U48/><E127/><V101/><F115/><W24/><G131/><T42/><D34/><U69/><E134/><N who="2" m="51243" /><F130/><W107/><G107/><T50/><D102/><U74/><E37/><V6/><F3/><W46/><G38/><T35/><D35/><U49/><E69/><N who="2" m="42183" /><F30/><W10/><G14/><T105/><D105/><U128/><E128/><V123/><F101/><W11/><G10/><T78/><D78/><U18/><E2/><V91/><F45/><W40/><G65/><T100/><D100/><U5/><E5/><N who="2" m="2155" /><F13/><W89/><G89/><T20/><D0/><U113/><E113/><V25/><F25/><W99/><G99/><T82/><D8/><U103/><E103/><V122/><F91/><W87/><G72/><T16/><D82/><AGARI ba="0,0" hai="80,82,120,122,123" m="2155,42183,51243" machi="82" ten="40,2600,0" yaku="13,1,20,1" doraHai="90" who="2" fromWho="0" sc="361,-26,72,0,303,26,264,0" owari="335,44.0,72,-43.0,329,13.0,264,-14.0" /></mjloggm>