<mjloggm ver="2.3"><GO type="169" lobby="0"/><UN n0="%E5%AE%89%E9%81%94%E3%81%95%E3%81%8F%E3%82%89" n1="%E8%A7%A6%E6%89%8B%E3%83%89%E3%83%AA%E3%83%AB" n2="%E5%8D%97%E5%B8%9D%E5%8D%97%E6%B5%A6" n3="%4E%4F%2E%E2%85%A0" dan="17,16,16,16" rate="2200.99,2104.46,2067.76,2236.43" sx="M,M,F,M"/><TAIKYOKU oya="0"/><INIT seed="0,0,0,5,2,1" ten="250,250,250,250" oya="0" hai0="73,122,21,31,80,18,116,89,47,68,90,33,6" hai1="121,95,59,75,58,82,28,53,98,134,93,37,7" hai2="54,105,102,135,2,8,65,125,66,87,123,46,107" hai3="11,5,72,19,55,23,81,38,120,85,4,50,115"/><T103/><D116/><U44/><E121/><V79/><F123/><W108/><G108/><T83/><D122/><U101/><E134/><V77/><F125/><W25/><G38/><T20/><D68/><U106/><E28/><V124/><F124/><W78/><G115/><T117/><D117/><U14/><E59/><V43/><F54/><W40/><G120/><T110/><D110/><U76/><E37/><V3/><F102/><W35/><G35/><T67/><D67/><U48/><REACH who="1" step="1"/><E44/><REACH who="1" ten="250,240,250,250" step="2"/><V69/><F69/><W114/><G114/><T32/><D31/><U0/><E0/><V99/><F46/><N who="3" m="25927" /><G72/><T41/><D47/><U24/><E24/><V30/><F30/><N who="3" m="17727" /><G55/><T130/><D73/><U74/><E74/><V126/><F126/><W86/><G85/><T112/><D112/><U57/><E57/><V104/><F135/><W34/><G34/><T71/><D33/><U113/><E113/><V52/><F52/><W63/><G63/><T109/><D32/><U9/><AGARI ba="0,1" hai="7,9,14,48,53,58,75,76,82,93,95,98,101,106" machi="9" ten="30,7900,0" yaku="1,1,0,1,52,1,53,1" doraHai="1" doraHaiUra="100" who="1" fromWho="1" sc="250,-39,240,89,250,-20,250,-20" /><INIT seed="1,0,0,2,0,47" ten="211,329,230,230" oya="1" hai0="107,37,10,71,89,24,5,105,15,8,21,48,65" hai1="53,111,7,101,3,6,109,45,14,97,40,118,121" hai2="90,56,16,9,35,39,85,67,43,88,115,135,66" hai3="102,38,1,74,124,57,29,130,123,128,95,87,122"/><U61/><E121/><N who="3" m="46090" /><G1/><T11/><D37/><U2/><E118/><V77/><F115/><W78/><G57/><T25/><D71/><U50/><E6/><V22/><F35/><W72/><G29/><T4/><D65/><U96/><E96/><V12/><F135/><W100/><G38/><T120/><D120/><U28/><E28/><V132/><F132/><W103/><G124/><T79/><D79/><U131/><E131/><N who="3" m="50218" /><G78/><T83/><D4/><U34/><E34/><V33/><F33/><W110/><G110/><N who="1" m="41994" /><E14/><V51/><F39/><W106/><G106/><T52/><D107/><N who="1" m="63919" /><E7/><V63/><F67/><W91/><AGARI ba="0,0" hai="72,74,87,91,95,100,102,103" m="50218,46090" machi="91" ten="40,5200,0" yaku="19,1,34,2" doraHai="47" who="3" fromWho="3" sc="211,-13,329,-26,230,-13,230,52" /><INIT seed="2,0,0,5,0,42" ten="198,303,217,282" oya="2" hai0="29,110,6,60,9,72,35,68,92,99,132,79,125" hai1="69,114,12,36,98,31,16,78,108,88,67,10,38" hai2="2,89,115,77,37,76,39,50,11,91,106,101,48" hai3="96,51,62,84,56,30,7,25,47,81,40,3,8"/><V74/><F11/><W19/><G19/><T80/><D110/><U120/><E114/><V45/><F101/><W111/><G96/><T90/><D132/><U95/><E108/><V46/><F106/><W59/><G62/><T13/><D125/><U102/><E78/><V133/><F74/><W87/><G111/><T26/><D60/><U121/><E31/><V118/><F133/><W128/><G128/><T86/><REACH who="0" step="1"/><D68/><REACH who="0" ten="188,303,217,282" step="2"/><U14/><E121/><V5/><F5/><W103/><G103/><T54/><D54/><U55/><E55/><V41/><F41/><W100/><G100/><T70/><D70/><U75/><E120/><V112/><F118/><W93/><G93/><T116/><D116/><U124/><E69/><V34/><REACH who="2" step="1"/><F2/><REACH who="2" ten="188,303,207,282" step="2"/><W105/><G105/><T4/><D4/><U127/><E127/><V82/><F82/><W104/><G104/><T135/><D135/><U63/><E124/><V130/><F130/><W0/><G0/><T24/><D24/><U17/><E95/><V65/><F65/><W33/><REACH who="3" step="1"/><G87/><AGARI ba="0,2" hai="6,9,13,26,29,35,72,79,80,86,87,90,92,99" machi="87" ten="40,1300,0" yaku="1,1,53,0" doraHai="42" doraHaiUra="32" who="0" fromWho="3" sc="188,33,303,0,207,0,282,-13" /><INIT seed="3,0,0,4,3,25" ten="221,303,207,269" oya="3" hai0="122,27,58,67,112,80,126,54,51,114,13,111,89" hai1="60,98,5,76,0,96,110,105,33,90,121,45,102" hai2="132,85,106,34,113,6,48,11,17,20,59,83,29" hai3="62,52,93,64,44,104,103,68,125,49,3,1,130"/><W21/><G130/><T84/><D122/><U127/><E121/><V117/><F117/><W40/><G125/><T74/><D126/><U15/><E0/><V53/><F113/><N who="0" m="43626" /><D111/><U94/><E127/><V123/><F106/><W101/><G104/><T79/><D13/><U26/><E76/><V73/><F73/><W97/><G103/><T24/><D67/><U128/><E110/><V99/><F132/><W82/><G82/><AGARI ba="0,0" hai="24,27,51,54,58,74,79,80,82,84,89" m="43626" machi="82" ten="30,1000,0" yaku="11,1" doraHai="25" who="0" fromWho="3" sc="221,10,303,0,207,0,269,-10" /><INIT seed="4,0,0,4,2,128" ten="231,303,207,259" oya="0" hai0="131,113,101,11,77,123,86,98,95,32,17,73,115" hai1="45,46,7,79,69,72,24,2,41,26,1,16,61" hai2="62,84,47,121,92,53,71,18,93,108,19,31,81" hai3="42,118,15,87,56,3,116,109,51,5,65,94,122"/><T30/><D123/><U90/><E46/><V58/><F121/><W124/><G109/><T70/><D70/><U12/><E90/><V68/><F108/><W117/><G124/><T0/><D131/><U129/><E129/><V57/><F31/><W52/><G3/><T33/><D73/><U40/><E40/><V127/><F127/><W105/><G105/><T6/><D17/><U78/><E1/><V99/><F71/><W126/><G126/><T74/><D74/><U25/><E2/><V119/><F68/><W21/><G122/><T43/><D43/><U120/><E7/><V60/><F119/><W34/><G34/><T39/><D39/><U63/><E120/><V23/><F47/><W10/><G42/><T66/><D66/><U67/><E61/><V36/><F36/><W37/><G37/><T29/><D30/><U103/><E103/><V112/><F112/><N who="0" m="43082" /><D29/><U85/><E72/><V27/><F18/><W97/><G65/><T35/><D33/><U106/><E106/><V20/><F20/><W76/><G21/><T82/><AGARI ba="0,0" hai="0,6,11,32,35,77,82,86,95,98,101" m="43082" machi="82" ten="30,1500,0" yaku="15,1" doraHai="128" who="0" fromWho="0" sc="231,15,303,-5,207,-5,259,-5" /><INIT seed="4,1,0,0,4,50" ten="246,298,202,254" oya="0" hai0="24,119,135,97,58,55,44,96,107,87,37,115,76" hai1="117,17,66,9,10,131,34,123,68,22,30,95,94" hai2="27,130,40,122,11,92,101,28,103,38,29,41,3" hai3="134,13,0,4,112,74,71,89,77,14,51,32,42"/><T90/><D119/><U18/><E117/><V48/><F122/><W104/><G112/><T47/><D115/><U88/><E123/><V132/><F132/><W116/><G134/><T54/><D135/><U125/><E95/><V46/><F130/><W98/><G116/><T128/><D128/><U36/><E36/><V121/><F121/><W25/><G71/><T91/><D37/><U1/><E131/><V110/><F110/><W86/><G0/><T39/><D39/><U35/><E30/><V79/><F79/><W102/><G32/><T52/><D107/><U56/><E68/><V118/><F118/><W83/><G25/><T31/><D58/><U61/><E17/><V100/><F38/><W21/><G21/><N who="0" m="15759" /><D76/><U126/><E1/><V108/><F108/><W7/><G7/><T111/><D111/><U26/><E34/><V73/><F73/><W114/><G114/><T16/><D16/><U93/><E35/><V70/><F70/><W59/><G4/><T63/><D63/><U19/><E18/><V23/><F29/><W60/><G51/><T75/><D75/><U6/><E6/><V99/><REACH who="2" step="1"/><F40/><REACH who="2" ten="246,298,192,254" step="2"/><W43/><G43/><T67/><D67/><U85/><REACH who="1" step="1"/><E93/><REACH who="1" ten="246,288,192,254" step="2"/><V82/><F82/><W57/><G83/><N who="0" m="49535" /><D97/><U2/><E2/><V133/><F133/><W69/><G69/><T78/><D96/><U120/><E120/><V5/><AGARI ba="1,2" hai="3,5,11,23,27,28,41,46,48,92,99,100,101,103" machi="5" ten="30,4000,0" yaku="1,1,0,1,53,1" doraHai="50" doraHaiUra="45" who="2" fromWho="2" sc="246,-21,288,-11,192,63,254,-11" /><INIT seed="5,0,0,5,2,121" ten="225,277,255,243" oya="1" hai0="98,80,89,115,55,56,44,114,135,66,65,90,92" hai1="18,11,76,14,28,73,84,47,74,35,126,8,130" hai2="111,132,23,94,57,96,72,108,6,42,45,60,133" hai3="128,123,100,25,125,39,0,117,62,37,75,101,32"/><U99/><E130/><V61/><F72/><W86/><G123/><T77/><D135/><N who="2" m="51786" /><F6/><W70/><G128/><T38/><D90/><U49/><E126/><V104/><F104/><W27/><G75/><T10/><D10/><U67/><E99/><V85/><F85/><W43/><G0/><T103/><D103/><U53/><E8/><V127/><F23/><W79/><G125/><T26/><D26/><U109/><E28/><V3/><F3/><W129/><G117/><T95/><D95/><U112/><E35/><V48/><F127/><W31/><G129/><T119/><D119/><U69/><E84/><V17/><F17/><W87/><G79/><T64/><D44/><U81/><E73/><V113/><F113/><W124/><G124/><T91/><D38/><U93/><E112/><V51/><F51/><W78/><G78/><T46/><D46/><U102/><E102/><N who="2" m="60695" /><F60/><W1/><G62/><T107/><D89/><U122/><E93/><V71/><F71/><W106/><G70/><T105/><D114/><U59/><E69/><V82/><F82/><W116/><G116/><T134/><D115/><U20/><E122/><V13/><F13/><W118/><G118/><T120/><D120/><U30/><E20/><V63/><F63/><W131/><G131/><T33/><D33/><U24/><E30/><V83/><F83/><W29/><G32/><T97/><D97/><U34/><E34/><V110/><F61/><W41/><REACH who="3" step="1"/><G1/><REACH who="3" ten="225,277,255,233" step="2"/><T52/><D134/><U68/><E68/><V36/><F111/><W12/><G12/><T16/><D77/><U88/><E109/><RYUUKYOKU ba="0,1" sc="225,-15,277,-15,255,15,233,15" hai2="36,42,45,48,57,108,110" hai3="25,27,29,31,37,39,41,43,86,87,100,101,106" /><INIT seed="6,1,1,1,1,8" ten="210,262,270,248" oya="2" hai0="39,94,131,117,122,27,100,88,55,126,72,59,38" hai1="10,43,28,91,67,57,84,114,9,75,60,13,82" hai2="98,47,23,121,103,97,16,106,111,30,7,18,14" hai3="62,2,46,26,49,42,132,86,85,34,81,134,31"/><V37/><F121/><W69/><G2/><T56/><D122/><U116/><E116/><V112/><F112/><W108/><G108/><T11/><D117/><U41/><E114/><V66/><F111/><W50/><G50/><T76/><D126/><U73/><E28/><V118/><F118/><W80/><G69/><T58/><D131/><U40/><REACH who="1" step="1"/><E9/><REACH who="1" ten="210,252,270,248" step="2"/><V70/><F30/><W22/><G34/><T93/><D39/><U124/><E124/><V133/><F133/><W101/><G134/><T71/><D38/><U120/><E120/><V35/><F35/><W45/><G132/><T44/><D71/><U109/><E109/><V65/><F70/><W12/><G31/><T99/><D27/><U4/><AGARI ba="1,2" hai="4,10,13,40,41,43,57,60,67,73,75,82,84,91" machi="4" ten="30,4000,0" yaku="1,1,0,1,52,1,53,0" doraHai="8" doraHaiUra="130" who="1" fromWho="1" sc="210,-11,252,63,270,-21,248,-11" /><INIT seed="7,0,0,1,4,11" ten="199,315,249,237" oya="3" hai0="26,32,19,70,100,77,39,58,97,82,8,110,69" hai1="80,67,18,62,10,135,50,49,123,72,51,107,103" hai2="30,89,15,29,17,42,75,46,132,3,129,53,1" hai3="98,52,86,64,112,45,127,5,78,85,99,125,12"/><W73/><G112/><T102/><D110/><U23/><E123/><V21/><F75/><W60/><G73/><T4/><D39/><U87/><E72/><V106/><F106/><W2/><G2/><T25/><D100/><U48/><E135/><V14/><F132/><W9/><G64/><T20/><D58/><U109/><E10/><V120/><F120/><W38/><G38/><T47/><D47/><U63/><E48/><N who="2" m="26711" /><F1/><W114/><G114/><T126/><D126/><N who="3" m="48137" /><G78/><T101/><D101/><U111/><E63/><V76/><F3/><W28/><G28/><N who="2" m="10857" /><F129/><W22/><G22/><T133/><D133/><U7/><E109/><V34/><F34/><W121/><G121/><T31/><D82/><U37/><E37/><V43/><F43/><W118/><G118/><T79/><D70/><U57/><E111/><V91/><F76/><W94/><G98/><T27/><D69/><U96/><E96/><V88/><F53/><W0/><G0/><T68/><D68/><U54/><E54/><V35/><F35/><W113/><G113/><T130/><D130/><U115/><E115/><V128/><F128/><W81/><G81/><T105/><REACH who="0" step="1"/><D27/><AGARI ba="0,0" hai="14,15,17,21,27,88,89,91" m="10857,26711" machi="27" ten="30,7700,0" yaku="8,1,52,2,54,1" doraHai="11" who="2" fromWho="0" sc="199,-77,315,0,249,77,237,0" owari="122,-38.0,315,12.0,326,42.0,237,-16.0" /></mjloggm>