<mjloggm ver="2.3"><GO type="169" lobby="0"/><UN n0="%64%75%72%72%72%72%72" n1="%E3%81%84%E3%81%84%E3%81%9E" n2="%E4%B9%9D%E4%B8%88%E8%8A%B1%E9%9F%B3" n3="%E5%93%B2%E5%AD%A6%E3%81%99%E3%82%8B%E9%BA%BB%E9%9B%80" dan="18,16,16,16" rate="2284.33,2125.05,2188.41,2081.46" sx="M,M,F,M"/><TAIKYOKU oya="0"/><INIT seed="0,0,0,3,2,65" ten="250,250,250,250" oya="0" hai0="13,88,60,71,62,15,47,1,55,48,34,106,91" hai1="54,83,112,92,37,31,98,76,86,61,110,75,25" hai2="104,80,124,42,27,74,120,89,131,127,115,22,84" hai3="53,51,6,102,14,7,32,69,12,72,5,20,28"/><T119/><D119/><U82/><E37/><V81/><F42/><W101/><G32/><T128/><D1/><U43/><E43/><V95/><F120/><W78/><G78/><T103/><D34/><U64/><E54/><V70/><F115/><W59/><G72/><T56/><D128/><U46/><E46/><V107/><F131/><W52/><G69/><T33/><D33/><U117/><E112/><V0/><F0/><W99/><G53/><T29/><D29/><U68/><E117/><V44/><F44/><W58/><G59/><T4/><D103/><N who="3" m="39433" /><G99/><T10/><D106/><U50/><E50/><V39/><F70/><W79/><G79/><T132/><D132/><U125/><E110/><V100/><F39/><W63/><G63/><T24/><D24/><AGARI ba="0,0" hai="5,6,7,12,14,20,24,28,51,52,58" m="39433" machi="24" ten="30,2000,0" yaku="8,1,54,1" doraHai="65" who="3" fromWho="0" sc="250,-20,250,0,250,0,250,20" /><INIT seed="1,0,0,1,2,76" ten="230,250,250,270" oya="1" hai0="48,122,123,82,124,43,46,49,53,134,70,89,96" hai1="104,78,69,61,86,33,52,127,71,106,10,119,3" hai2="128,110,8,42,73,21,65,40,37,111,80,85,95" hai3="99,84,58,55,31,64,77,6,97,93,115,67,57"/><U102/><E119/><V17/><F128/><W88/><G115/><T114/><D114/><U47/><E33/><V15/><F65/><W23/><G6/><T4/><D70/><U131/><E131/><V79/><F37/><W135/><G135/><T2/><D134/><U92/><E127/><V66/><F66/><N who="3" m="25131" /><G77/><T72/><D124/><U90/><E102/><V81/><F95/><W39/><G39/><T116/><D116/><U63/><E78/><N who="2" m="46231" /><F21/><W113/><G113/><T59/><D72/><U94/><E94/><V54/><F54/><W29/><G58/><T117/><D117/><U5/><E104/><V28/><F28/><N who="3" m="10827" /><G23/><T108/><D96/><U109/><E106/><V9/><F9/><W36/><G36/><T0/><D108/><AGARI ba="0,0" hai="8,15,17,40,42,73,79,81,108,110,111" m="46231" machi="108" ten="30,3900,0" yaku="14,1,52,2" doraHai="76" who="2" fromWho="0" sc="230,-39,250,0,250,39,270,0" /><INIT seed="2,0,0,5,1,134" ten="191,250,289,270" oya="2" hai0="67,53,114,42,125,19,46,54,109,11,96,45,10" hai1="71,0,132,130,89,66,103,121,77,25,92,39,47" hai2="3,133,18,98,7,50,126,69,80,41,85,33,128" hai3="68,28,13,111,72,123,115,64,110,112,30,6,26"/><V97/><F69/><W51/><G72/><T122/><D122/><U14/><E0/><V38/><F38/><W99/><G123/><T129/><D114/><N who="3" m="43561" /><G51/><T21/><D109/><N who="3" m="41481" /><G99/><T24/><D129/><U15/><E39/><V127/><F128/><W82/><G82/><T23/><D67/><U37/><E66/><V2/><F33/><W55/><G55/><T95/><D125/><N who="2" m="47626" /><F18/><W57/><G68/><T12/><D23/><U107/><E37/><V35/><F35/><W9/><G26/><T90/><D10/><U5/><E71/><V34/><F34/><W1/><G1/><N who="2" m="9" /><F7/><W135/><G135/><T29/><REACH who="0" step="1"/><D46/><REACH who="0" ten="181,250,289,270" step="2"/><U8/><E47/><N who="2" m="25967" /><F133/><W75/><G30/><T113/><D113/><U93/><E132/><V86/><F86/><W70/><G28/><T79/><D79/><AGARI ba="0,1" hai="79,80,85,97,98" m="25967,9,47626" machi="79" ten="30,11600,0" yaku="18,1,52,3" doraHai="134" who="2" fromWho="0" sc="181,-116,250,0,289,126,270,0" /><INIT seed="2,1,0,5,0,13" ten="65,250,415,270" oya="2" hai0="123,0,120,20,63,10,98,91,127,110,28,85,119" hai1="49,2,88,29,48,113,52,94,1,100,64,21,114" hai2="16,35,25,5,11,126,135,108,51,30,17,38,14" hai3="26,109,59,70,42,83,124,43,101,60,53,72,92"/><V58/><F38/><W105/><G105/><T24/><D110/><U133/><E133/><V15/><F135/><W18/><G109/><T106/><D127/><U54/><E64/><V33/><F108/><W3/><G3/><T32/><D119/><U50/><E100/><V36/><F51/><W9/><G124/><T84/><D84/><U134/><E134/><V93/><F93/><W6/><G70/><T125/><D125/><U12/><E1/><N who="2" m="431" /><F58/><W104/><G104/><T75/><D75/><U57/><E2/><V80/><F80/><W7/><G72/><T118/><D118/><U61/><E54/><V34/><F36/><W77/><G77/><T68/><D20/><U130/><E130/><V122/><F122/><W44/><G83/><T55/><D55/><U69/><E69/><V111/><F111/><W87/><G44/><T66/><D85/><U79/><E79/><V4/><F4/><N who="3" m="1579" /><G87/><T82/><D10/><U97/><E12/><N who="2" m="4651" /><F126/><W121/><G9/><T112/><D0/><U41/><E41/><V39/><F39/><W67/><G121/><T90/><D82/><U8/><E8/><V37/><F37/><W73/><G73/><T45/><D45/><U22/><E97/><V131/><F131/><W46/><G92/><T86/><D86/><U56/><E94/><V95/><F95/><W128/><G101/><N who="0" m="62775" /><D112/><U117/><E113/><V129/><F129/><W65/><G128/><T31/><D31/><U132/><E114/><V107/><F107/><W47/><G47/><T74/><D74/><U78/><E117/><V23/><AGARI ba="1,0" hai="16,17,23,25,30,33,34,35" m="4651,431" machi="23" ten="40,24000,3" yaku="35,5,52,2,54,1" doraHai="13" who="2" fromWho="2" sc="65,-81,250,-81,415,243,270,-81" owari="-16,-52.0,169,-23.0,658,76.0,189,-1.0" /></mjloggm>