<mjloggm ver="2.3"><GO type="169" lobby="0"/><UN n0="%4E%4F%2E%E2%85%A0" n1="%E8%A7%A6%E6%89%8B%E3%83%89%E3%83%AA%E3%83%AB" n2="%E7%99%BD%E3%83%90%E3%83%A9%E3%82%B3%E3%83%BC%E3%83%92%E3%83%BC" n3="%E4%B8%89%E5%86%A0%E7%8E%8B%E3%83%BB%E5%B1%B1%E7%94%B0%E5%93%B2%E4%BA%BA" dan="16,16,16,17" rate="2233.53,2106.70,2073.45,2212.49" sx="M,M,M,M"/><TAIKYOKU oya="0"/><INIT seed="0,0,0,4,5,108" ten="250,250,250,250" oya="0" hai0="77,80,37,135,104,55,118,90,44,100,122,31,2" hai1="11,58,88,19,43,61,98,102,71,21,48,68,128" hai2="73,105,32,115,106,72,117,89,36,51,133,127,116" hai3="111,70,9,22,28,35,26,84,20,131,13,34,5"/><T81/><D122/><U119/><E119/><N who="2" m="45643" /><F51/><W101/><G70/><T8/><D135/><U41/><E11/><V56/><F56/><W3/><G101/><T63/><D118/><U64/><E128/><V94/><F32/><N who="3" m="20503" /><G84/><T97/><D31/><U124/><E124/><V129/><F36/><W45/><G45/><T24/><D24/><U53/><E71/><V134/><F129/><W62/><G62/><T23/><D23/><N who="3" m="8745" /><G131/><T83/><D90/><U85/><E43/><V93/><F127/><W110/><G110/><T120/><D120/><U40/><E40/><V14/><F14/><W47/><G47/><T42/><D63/><U126/><E126/><V10/><F10/><N who="3" m="2367" /><G111/><T82/><D55/><U123/><E41/><V66/><F66/><W57/><G57/><T27/><D27/><U4/><E123/><V59/><F59/><W91/><G91/><T130/><D130/><U114/><E68/><V79/><F79/><W113/><G113/><T30/><D30/><U67/><E114/><V46/><F46/><W16/><AGARI ba="0,0" hai="9,13,16,34,35" m="2367,8745,20503" machi="16" ten="30,12000,2" yaku="35,5,54,1" doraHai="108" who="3" fromWho="3" sc="250,-60,250,-30,250,-30,250,120" /><INIT seed="1,0,0,1,4,16" ten="190,220,220,370" oya="1" hai0="125,74,29,57,62,97,31,105,133,118,88,108,40" hai1="83,9,117,53,76,66,99,38,71,112,132,96,3" hai2="100,68,35,87,56,67,32,49,7,51,34,109,72" hai3="47,37,98,55,123,64,90,134,85,2,121,73,26"/><U129/><E117/><V111/><F72/><W23/><G73/><T11/><D108/><N who="2" m="41546" /><F68/><W86/><G2/><T44/><D133/><U14/><E3/><V30/><F7/><W81/><G134/><T114/><D125/><U120/><E120/><V54/><F67/><W58/><G98/><T82/><D114/><U12/><E38/><V8/><F8/><W69/><G69/><T130/><D130/><U46/><E132/><V52/><F100/><W101/><G101/><T63/><D118/><U5/><E112/><V60/><F87/><W127/><G127/><T50/><D11/><U45/><E129/><V21/><F54/><W75/><G75/><T6/><D6/><U102/><E14/><V65/><F65/><W10/><G10/><T27/><D29/><U15/><E15/><V110/><F110/><W89/><G64/><T48/><D48/><U106/><E96/><V78/><F78/><W17/><G47/><T24/><D24/><AGARI ba="0,0" hai="21,24,30,32,34,35,49,51,52,56,60" m="41546" machi="24" ten="40,5200,0" yaku="14,1,52,1,54,1" doraHai="16" who="2" fromWho="0" sc="190,-52,220,0,220,52,370,0" /><INIT seed="2,0,0,4,5,54" ten="138,220,272,370" oya="2" hai0="7,129,53,66,113,124,104,0,13,49,17,123,30" hai1="95,101,10,88,57,39,16,62,51,94,37,63,36" hai2="5,86,96,85,74,79,1,25,72,116,19,71,105" hai3="120,35,131,76,132,73,67,41,68,111,3,4,2"/><V34/><F116/><W50/><G50/><T126/><D123/><U58/><E101/><V8/><F71/><W82/><G4/><T107/><D113/><U91/><E51/><V83/><F96/><W97/><G67/><T28/><D66/><U75/><E75/><V26/><F105/><N who="0" m="40522" /><D7/><U40/><E40/><V55/><F26/><W23/><G97/><T92/><D92/><N who="1" m="35371" /><E10/><V47/><F74/><W102/><G73/><T15/><D0/><U125/><E16/><V112/><F112/><W70/><G2/><T77/><D77/><U46/><E46/><V103/><F103/><W119/><G76/><T90/><D90/><N who="1" m="34347" /><E125/><N who="0" m="48233" /><D129/><U11/><E11/><V20/><F34/><W38/><G35/><T114/><D114/><U87/><E87/><V31/><F31/><N who="0" m="11818" /><D17/><U21/><E21/><V93/><F72/><W24/><G131/><T134/><D134/><U22/><E22/><V109/><F20/><W115/><G23/><T45/><AGARI ba="0,0" hai="13,15,45,49,53" m="11818,48233,40522" machi="45" ten="40,1500,0" yaku="18,1" doraHai="54" who="0" fromWho="0" sc="138,15,220,-4,272,-7,370,-4" /><INIT seed="3,0,0,3,0,95" ten="153,216,265,366" oya="3" hai0="5,25,129,6,17,8,135,45,117,29,52,90,47" hai1="83,7,85,134,48,76,118,88,101,87,96,114,66" hai2="30,94,84,0,23,63,38,113,133,91,59,75,119" hai3="11,37,18,3,109,104,51,77,42,20,57,46,24"/><W26/><G109/><T78/><D117/><U2/><E118/><V14/><F113/><W53/><G104/><T127/><D129/><U28/><E114/><V41/><F0/><W31/><G77/><T115/><D115/><U103/><E28/><V102/><F75/><W43/><G43/><T16/><D135/><U67/><E134/><V92/><F133/><W56/><G3/><T58/><D78/><U71/><E71/><V111/><F111/><W128/><G128/><T130/><D127/><U62/><E48/><V123/><F123/><W21/><REACH who="3" step="1"/><G11/><REACH who="3" ten="153,216,265,356" step="2"/><T80/><D8/><U4/><E2/><V107/><F107/><W86/><G86/><T40/><D40/><U44/><E87/><V33/><F41/><W110/><G110/><T36/><D130/><U120/><E76/><V121/><F119/><W100/><G100/><T106/><D106/><U98/><E103/><V64/><F102/><W35/><G35/><T122/><D122/><U108/><E120/><V70/><F121/><W99/><G99/><T69/><D90/><U82/><E101/><V125/><F91/><W74/><G74/><T49/><D36/><U34/><E34/><V131/><F38/><W72/><G72/><T116/><D116/><U61/><E88/><V89/><F131/><W68/><G68/><T39/><D69/><U73/><E73/><V60/><F33/><W12/><G12/><T50/><D39/><U81/><E108/><V13/><F92/><W126/><G126/><T79/><D79/><U19/><E85/><V124/><F124/><W1/><G1/><T105/><D105/><RYUUKYOKU ba="0,1" sc="153,-10,216,-10,265,-10,356,30" hai3="18,20,21,24,26,31,37,42,46,51,53,56,57" /><INIT seed="3,1,1,4,2,101" ten="143,206,255,386" oya="3" hai0="79,27,53,83,31,85,34,115,49,68,51,29,26" hai1="5,46,122,3,99,9,93,90,6,1,89,13,111" hai2="119,130,88,104,132,131,62,18,71,107,38,30,2" hai3="42,114,23,113,52,73,105,10,82,37,41,127,48"/><W20/><G105/><T19/><D115/><U44/><E111/><V4/><F119/><W61/><G127/><T24/><D68/><U56/><E122/><V84/><F38/><W67/><G10/><T112/><D112/><U97/><E56/><V14/><F30/><W12/><G114/><T66/><D66/><U92/><E13/><V21/><F132/><W98/><G113/><T36/><D36/><U87/><E87/><V63/><F4/><W102/><G37/><T32/><REACH who="0" step="1"/><D53/><REACH who="0" ten="133,206,255,386" step="2"/><U59/><E59/><V75/><F71/><W110/><G52/><T109/><D109/><U69/><E69/><V22/><F130/><W15/><G67/><T40/><D40/><U50/><E50/><V86/><F131/><W47/><G42/><T81/><D81/><U35/><E35/><V123/><F63/><W58/><G110/><T95/><D95/><U129/><E129/><V125/><F62/><W106/><G61/><T94/><D94/><U124/><E124/><V76/><F125/><W45/><G41/><T91/><D91/><U8/><AGARI ba="1,2" hai="1,3,5,6,8,9,44,46,89,90,92,93,97,99" machi="8" ten="30,7900,0" yaku="0,1,32,3" doraHai="101" who="1" fromWho="1" sc="133,-21,206,102,255,-21,386,-40" /><INIT seed="4,0,0,2,5,44" ten="112,308,234,346" oya="0" hai0="45,18,25,130,81,62,22,118,9,43,19,102,68" hai1="127,26,120,116,101,42,14,34,74,67,61,33,106" hai2="65,111,73,98,24,119,72,2,113,56,87,123,82" hai3="132,125,13,58,83,6,50,15,89,105,51,40,103"/><T38/><D130/><U69/><E120/><V12/><F2/><W8/><G125/><T30/><D118/><U109/><E127/><V36/><F36/><W57/><G132/><T95/><D81/><U88/><E116/><V96/><F24/><W20/><G105/><T78/><D78/><U75/><E42/><V5/><F113/><W112/><G103/><T52/><D68/><U37/><E37/><V124/><F5/><W41/><G112/><T16/><D9/><U134/><E34/><V29/><F29/><W54/><G89/><T117/><D117/><U84/><E109/><V1/><F12/><W76/><G20/><T47/><D62/><U10/><E134/><V91/><F1/><W121/><G15/><T66/><D66/><U104/><E104/><V99/><F111/><W35/><G35/><T131/><D131/><U55/><E55/><V129/><F124/><W11/><G11/><T4/><D4/><U94/><E14/><V64/><F129/><W53/><G121/><T70/><D70/><U60/><E60/><N who="2" m="37895" /><F123/><W133/><G133/><T86/><D102/><U7/><E7/><V48/><F65/><W17/><G6/><T71/><D71/><U108/><E10/><V49/><F119/><W110/><G110/><T79/><D79/><U27/><E108/><V122/><F122/><W115/><G115/><T100/><D100/><U128/><E128/><V23/><F23/><W32/><G32/><T3/><D3/><U107/><E107/><V31/><F31/><W126/><G126/><T90/><D30/><N who="1" m="19671" /><E27/><V114/><F114/><W80/><G76/><RYUUKYOKU ba="0,0" sc="112,0,308,0,234,0,346,0" hai0="16,18,19,22,25,38,43,45,47,52,86,90,95" hai1="61,67,69,74,75,84,88,94,101,106" hai2="48,49,72,73,82,87,91,96,98,99" hai3="8,13,17,40,41,50,51,53,54,57,58,80,83" /><INIT seed="4,1,0,0,5,34" ten="112,308,234,346" oya="0" hai0="86,126,122,45,39,33,127,67,118,58,113,21,40" hai1="17,35,77,9,78,65,55,131,48,30,129,128,18" hai2="120,76,134,12,132,52,95,92,101,31,111,103,94" hai3="49,53,69,54,125,3,130,110,15,63,56,133,90"/><T89/><D33/><U2/><E65/><V11/><F111/><W91/><G3/><T107/><D122/><U13/><E2/><V100/><F120/><W119/><G119/><T26/><D107/><U22/><E30/><V106/><F31/><W16/><G110/><T73/><D73/><U121/><E35/><V43/><F43/><W25/><G125/><N who="0" m="47627" /><D113/><U23/><E121/><V96/><F52/><N who="3" m="34183" /><G69/><T80/><D118/><U135/><E135/><N who="2" m="51755" /><F76/><N who="1" m="29289" /><E17/><AGARI ba="1,0" hai="11,12,17,92,94,95,96,100,101,103,106" m="51755" machi="17" ten="30,1000,0" yaku="20,1" doraHai="34" who="2" fromWho="1" sc="112,0,308,-13,234,13,346,0" /><INIT seed="5,0,0,3,1,80" ten="112,295,247,346" oya="1" hai0="46,1,134,122,5,98,58,53,87,130,14,52,104" hai1="10,2,131,84,73,35,97,39,72,105,121,59,127" hai2="63,25,16,123,55,34,111,8,114,49,3,89,65" hai3="109,40,85,113,129,32,23,70,29,28,37,91,99"/><U75/><E121/><V50/><F111/><W78/><G32/><T110/><D110/><U76/><E39/><V107/><F123/><W51/><G70/><T120/><D1/><U132/><E35/><V9/><F107/><W13/><G37/><T100/><D130/><U20/><E131/><V45/><F114/><W15/><G113/><T62/><D134/><U7/><E132/><V18/><F50/><W128/><G109/><T92/><D5/><U24/><E127/><V94/><F34/><W60/><G60/><T30/><D30/><U27/><E59/><N who="2" m="37119" /><F3/><W36/><G51/><T90/><REACH who="0" step="1"/><D14/><REACH who="0" ten="102,295,247,346" step="2"/><U43/><E2/><V6/><F6/><W108/><G13/><T44/><D44/><U19/><E7/><V118/><F118/><W103/><G15/><T41/><D41/><U67/><E43/><V119/><F119/><W17/><G40/><T68/><D68/><U33/><E33/><V112/><F112/><W82/><G108/><T77/><D77/><U11/><E76/><V79/><F79/><W96/><G129/><T47/><D47/><U74/><E19/><N who="2" m="7211" /><F25/><W88/><G128/><T26/><D26/><U22/><E27/><V57/><F45/><W64/><G78/><T54/><D54/><U115/><E24/><V38/><F38/><W106/><G36/><T42/><D42/><U4/><E4/><V56/><F56/><W116/><G116/><T83/><D83/><U86/><E115/><V102/><F57/><W93/><G64/><T124/><D124/><U95/><N who="1" m="18432" /><DORA hai="48" /><U31/><E67/><V71/><F55/><W66/><G66/><RYUUKYOKU ba="0,1" sc="102,15,295,-15,247,-15,346,15" hai0="46,52,53,58,62,87,90,92,98,100,104,120,122" hai3="17,23,28,29,82,85,88,91,93,96,99,103,106" /><INIT seed="6,1,1,5,0,85" ten="117,280,232,361" oya="2" hai0="93,118,13,69,5,51,21,135,133,71,44,120,68" hai1="59,32,40,77,1,134,22,31,63,14,2,6,127" hai2="113,56,121,94,108,48,105,9,86,128,39,61,57" hai3="97,84,10,117,106,16,98,79,67,88,35,43,104"/><V3/><F121/><W49/><G35/><T83/><D120/><U124/><E134/><V107/><F39/><W66/><G79/><T112/><D112/><U125/><E40/><V24/><F113/><W129/><G117/><T15/><D118/><U62/><E77/><V132/><F132/><W89/><G129/><T126/><D126/><U81/><E81/><V23/><F128/><W115/><G115/><T52/><D83/><U60/><E59/><V27/><F27/><W53/><G43/><T96/><D15/><U70/><E70/><V58/><F61/><W37/><G37/><T36/><D36/><U72/><E72/><V45/><F108/><W64/><G106/><T110/><D110/><U74/><E74/><V82/><F94/><N who="3" m="54535" /><G89/><T114/><D114/><U26/><E32/><V78/><F9/><AGARI ba="1,1" hai="1,2,6,9,14,22,26,31,60,62,63,124,125,127" machi="9" ten="50,1600,0" yaku="18,1" doraHai="85" who="1" fromWho="2" sc="117,0,280,29,232,-19,361,0" /><INIT seed="7,0,0,0,1,13" ten="117,309,213,361" oya="3" hai0="52,97,30,86,101,126,7,131,107,8,122,77,2" hai1="42,110,65,46,113,118,73,15,31,9,38,19,82" hai2="20,74,105,27,3,37,125,18,50,115,112,108,16" hai3="28,111,116,84,51,121,87,72,29,120,78,81,5"/><W90/><G116/><T47/><D122/><U129/><E110/><V61/><F108/><W45/><G111/><T85/><D131/><U54/><E129/><V114/><F37/><W10/><G72/><T95/><D126/><U56/><E65/><V67/><F125/><W33/><G33/><T6/><D30/><U21/><E118/><V35/><F35/><W133/><G133/><T14/><D2/><U98/><E113/><V75/><F105/><W117/><G117/><T59/><D47/><U134/><E134/><V32/><F32/><W22/><G22/><T55/><D6/><U76/><E98/><V25/><F50/><W49/><G49/><T100/><D77/><U96/><E96/><V70/><F3/><W80/><G121/><T34/><D34/><U93/><E93/><V83/><F83/><W69/><G69/><T123/><D123/><U40/><E40/><V11/><F11/><W109/><G109/><T48/><D107/><U79/><E79/><V89/><F89/><W57/><G57/><T1/><D1/><U130/><E130/><V132/><F132/><W124/><G124/><T36/><D36/><U88/><E88/><V91/><F91/><W0/><G120/><T12/><D101/><U103/><E103/><V92/><F92/><W94/><G94/><T4/><D55/><AGARI ba="0,0" hai="0,5,10,28,29,45,51,55,78,80,81,84,87,90" machi="55" ten="30,1500,0" yaku="7,1" doraHai="13" who="3" fromWho="0" sc="117,-15,309,0,213,0,361,15" owari="102,-40.0,309,11.0,213,-19.0,376,48.0" /></mjloggm>