<mjloggm ver="2.3"><GO type="185" lobby="0"/><UN n0="%E3%82%84%E3%81%BE%E3%81%8B%E3%81%84" n1="%28%C2%B4%E3%81%B8%CE%B5%E3%81%B8%60%29" n2="%E3%83%84%E3%83%BC%E3%82%A2%E3%82%A6%E3%83%88" n3="" dan="17,20,16,0" rate="2294.82,2403.04,2143.14,1500.00" sx="M,M,M,C"/><TAIKYOKU oya="0"/><INIT seed="0,0,0,2,3,101" ten="350,350,350,0" oya="0" hai0="104,54,65,40,71,76,59,94,113,102,85,53,72" hai1="43,130,55,129,124,82,62,108,119,112,122,70,33" hai2="118,128,107,75,99,73,95,93,105,111,135,49,86" hai3=""/><T37/><D113/><U126/><N who="1" m="31264" /><U120/><N who="1" m="30752" /><U45/><E33/><V80/><F49/><T66/><D72/><N who="2" m="27722" /><F118/><T41/><D71/><U83/><E119/><V125/><F128/><N who="1" m="49257" /><E108/><V92/><F111/><T133/><D133/><U3/><E3/><V1/><F1/><T57/><D102/><U64/><E112/><V61/><F61/><T131/><D131/><U48/><E82/><V46/><F46/><T98/><D94/><N who="2" m="36458" /><F125/><N who="1" m="48233" /><E83/><V36/><F36/><T78/><D37/><U50/><E50/><V2/><F2/><T67/><D78/><U56/><E70/><V106/><F135/><T35/><D76/><U84/><E84/><V60/><F60/><T58/><D85/><U127/><N who="1" m="48241" /><U110/><DORA hai="97" /><E110/><V34/><F34/><T81/><D35/><U91/><E91/><V74/><N who="2" m="27730" /><V51/><DORA hai="109" /><F51/><T38/><D38/><U114/><E114/><V47/><F47/><T77/><D77/><U42/><AGARI ba="0,0" hai="42,43,45,48,55,56,62,64" m="48241,49257,30752,31264" machi="42" ten="50,9000,2" yaku="19,1,18,1,34,2,52,2" doraHai="101,97,109" who="1" fromWho="1" sc="350,-60,350,90,350,-30,0,0" /><INIT seed="1,0,0,0,1,121" ten="290,440,320,0" oya="1" hai0="131,105,48,76,80,46,33,52,132,126,62,78,45" hai1="99,40,3,71,120,104,127,119,60,90,122,37,55" hai2="86,91,73,58,53,130,49,57,82,89,67,106,87" hai3=""/><U83/><N who="1" m="30752" /><U113/><N who="1" m="31264" /><U115/><E119/><V75/><F130/><T42/><D33/><U109/><E3/><V117/><F106/><T125/><D131/><U2/><E2/><V94/><F117/><T135/><D105/><U79/><E127/><V69/><F69/><T39/><D62/><U111/><E40/><V74/><REACH who="2" step="1"/><F67/><REACH who="2" ten="290,440,310,0" step="2"/><T93/><D126/><U102/><E71/><V1/><F1/><T43/><D125/><U34/><E34/><V38/><F38/><T36/><D135/><U88/><E37/><V50/><F50/><T133/><D133/><U114/><E60/><V97/><F97/><T101/><D132/><U32/><E32/><V70/><F70/><T64/><D64/><U103/><E55/><V35/><F35/><T116/><D116/><U134/><E134/><V51/><F51/><T68/><D68/><U118/><E118/><V47/><AGARI ba="0,1" hai="47,49,53,57,58,73,74,75,82,86,87,89,91,94" machi="47" ten="30,1500,0" yaku="1,1,0,1,53,0" doraHai="121" doraHaiUra="63" who="2" fromWho="2" sc="290,-5,440,-10,310,25,0,0" /><INIT seed="2,0,0,1,2,42" ten="285,430,335,0" oya="2" hai0="32,71,121,75,1,33,123,47,39,53,111,63,90" hai1="129,76,40,73,108,38,50,130,34,3,113,54,109" hai2="36,128,101,110,69,125,87,106,131,37,52,77,114" hai3=""/><V135/><F114/><T92/><N who="0" m="31008" /><T96/><N who="0" m="31520" /><T134/><D1/><U86/><E3/><V122/><N who="2" m="31264" /><V120/><N who="2" m="30752" /><V61/><F125/><T112/><D112/><U115/><E73/><V99/><F135/><T132/><D111/><N who="1" m="42571" /><E34/><V43/><F110/><T74/><D74/><U98/><E98/><V104/><F104/><T56/><D75/><U93/><E93/><V127/><F127/><T65/><D33/><U126/><E126/><V55/><F77/><T44/><D32/><U49/><E38/><N who="2" m="14955" /><F43/><T95/><D95/><U133/><E133/><N who="0" m="51305" /><D39/><U80/><E113/><V67/><F87/><T105/><D105/><U46/><E115/><V79/><F79/><T64/><D64/><U2/><E2/><V0/><F0/><T62/><AGARI ba="0,0" hai="44,47,53,56,62,63,65,71,90,92,96" m="51305,31520,31008" machi="62" ten="30,6000,1" yaku="20,1,52,4" doraHai="42" who="0" fromWho="0" sc="285,60,430,-20,335,-40,0,0" /><INIT seed="4,0,0,4,1,63" ten="345,410,295,0" oya="0" hai0="94,135,112,79,85,76,35,125,120,58,47,105,42" hai1="65,128,68,70,91,131,66,0,37,116,1,99,122" hai2="92,64,34,129,90,121,67,77,101,100,80,106,33" hai3=""/><T2/><N who="0" m="30752" /><T3/><D35/><U133/><N who="1" m="31264" /><U81/><E37/><V43/><N who="2" m="31008" /><V61/><F43/><T87/><D105/><U73/><E116/><V103/><F106/><T50/><D112/><U44/><E133/><V51/><F51/><T102/><D135/><U57/><E44/><V123/><N who="2" m="31520" /><V130/><F34/><T110/><D110/><U104/><E57/><V74/><F33/><T107/><D107/><U59/><E59/><V71/><REACH who="2" step="1"/><F67/><REACH who="2" ten="345,410,285,0" step="2"/><T32/><D32/><U52/><E52/><V48/><F48/><T56/><D50/><U89/><E104/><V118/><F118/><T54/><D42/><U78/><E65/><V88/><F88/><T108/><D54/><U39/><E89/><V117/><F117/><T126/><D108/><U115/><E66/><V53/><F53/><T98/><D2/><U86/><E1/><V95/><F95/><T113/><D3/><U83/><E0/><V72/><F72/><T60/><D94/><U119/><E119/><V127/><F127/><T40/><D126/><U96/><E39/><V75/><F75/><T132/><D125/><U84/><E73/><V82/><F82/><T114/><D132/><U134/><E134/><V49/><F49/><RYUUKYOKU ba="0,1" sc="345,-10,410,-10,285,20,0,0" hai2="61,64,71,74,77,80,90,92,100,101,103,129,130" /><INIT seed="5,1,1,1,0,37" ten="335,400,305,0" oya="1" hai0="119,89,3,126,2,69,113,87,130,125,75,39,40" hai1="34,116,58,54,129,134,78,133,127,48,118,56,114" hai2="55,88,120,123,132,84,91,74,121,81,124,79,35" hai3=""/><U71/><E34/><V102/><N who="2" m="30752" /><V32/><N who="2" m="31008" /><V85/><N who="2" m="31520" /><V135/><F124/><N who="0" m="47722" /><D130/><U80/><E127/><V46/><F102/><T104/><D113/><U41/><E71/><V52/><F46/><T122/><N who="0" m="31264" /><T0/><D119/><U66/><E114/><V117/><F117/><T1/><D1/><U128/><E116/><V65/><F65/><T36/><D104/><U44/><E118/><V105/><F105/><T112/><D112/><U100/><E100/><V60/><F60/><T61/><D75/><U62/><E80/><V67/><F67/><T103/><D103/><U76/><E76/><V131/><F131/><N who="1" m="50249" /><E78/><V97/><F97/><T108/><D108/><U72/><E72/><V90/><F35/><T47/><D39/><AGARI ba="1,1" hai="39,41,44,48,54,56,58,62,66,133,134" m="50249" machi="39" ten="30,11600,0" yaku="19,1,34,2,52,1" doraHai="37" who="1" fromWho="0" sc="335,-118,400,128,305,0,0,0" /><INIT seed="5,2,0,3,1,76" ten="217,528,305,0" oya="1" hai0="127,99,74,123,61,118,135,56,40,129,107,104,97" hai1="80,71,103,85,65,105,42,98,84,121,45,64,59" hai2="111,94,51,35,115,90,132,43,101,119,75,36,96" hai3=""/><U113/><N who="1" m="31008" /><U116/><E116/><V0/><F35/><T112/><N who="0" m="31520" /><T58/><D118/><U108/><E113/><V92/><F0/><T32/><D32/><U46/><E108/><V88/><F36/><T47/><D112/><U128/><E128/><V2/><F2/><T62/><D74/><U55/><E71/><V50/><F75/><T125/><D47/><U102/><E102/><V53/><F119/><T131/><REACH who="0" step="1"/><D40/><REACH who="0" ten="207,528,305,0" step="2"/><U73/><E46/><V86/><F115/><T134/><AGARI ba="2,1" hai="56,58,61,62,97,99,104,107,125,127,129,131,134,135" m="31520" machi="134" ten="25,9000,2" yaku="1,1,2,1,0,1,22,2,52,1,53,0" doraHai="76" doraHaiUra="114" who="0" fromWho="0" sc="207,104,528,-62,305,-32,0,0" /><INIT seed="6,0,0,5,4,126" ten="311,466,273,0" oya="2" hai0="68,100,63,58,85,134,111,2,74,123,84,53,93" hai1="130,112,41,43,66,105,83,44,96,79,33,3,47" hai2="101,121,73,132,133,135,56,87,90,125,114,117,32" hai3=""/><V106/><N who="2" m="31008" /><V75/><F32/><T129/><N who="0" m="31520" /><T99/><D111/><U60/><E33/><V108/><F56/><T122/><N who="0" m="31264" /><T50/><D2/><U97/><E3/><V124/><F108/><T115/><D74/><N who="2" m="28170" /><F117/><T35/><D35/><U48/><E60/><V81/><F114/><T78/><D115/><U118/><E66/><V49/><F49/><T34/><D34/><U95/><E112/><V103/><F106/><T110/><D110/><U42/><E105/><V102/><AGARI ba="0,0" hai="81,87,90,101,102,103,124,125,132,133,135" m="28170,31008" machi="102" ten="40,8000,1" yaku="20,1,34,2,52,1" doraHai="126" who="2" fromWho="2" sc="311,-40,466,-40,273,80,0,0" /><INIT seed="6,1,0,2,0,41" ten="271,426,353,0" oya="2" hai0="70,52,38,40,56,110,104,83,36,1,59,113,61" hai1="101,123,109,112,94,85,71,106,81,75,48,124,77" hai2="133,42,120,134,82,80,98,102,72,117,54,103,34" hai3=""/><V50/><N who="2" m="30752" /><V125/><F34/><T100/><D1/><U128/><N who="1" m="31520" /><U121/><N who="1" m="31008" /><U114/><E109/><V118/><F42/><T58/><D110/><U33/><E33/><V68/><F68/><T43/><D83/><N who="2" m="31786" /><F72/><T132/><D100/><N who="2" m="38442" /><F54/><T131/><D104/><U64/><E106/><V60/><F60/><T49/><D113/><U96/><E71/><V119/><F50/><T127/><D127/><U89/><E124/><V92/><F125/><T66/><D131/><U78/><E64/><V97/><F92/><T93/><D93/><U84/><E128/><V45/><F45/><T67/><D132/><AGARI ba="1,0" hai="97,98,117,118,119,132,133,134" m="38442,31786,30752" machi="132" ten="40,18000,2" yaku="28,2,20,1,34,2,52,1" doraHai="41" who="2" fromWho="0" sc="271,-182,426,0,353,182,0,0" owari="89,-51.0,426,3.0,535,48.0,0,0.0" /></mjloggm>