<mjloggm ver="2.3"><GO type="185" lobby="0"/><UN n0="%68%69%72%6F%6E%6E%32%30" n1="%E6%B0%B7%E3%81%AE%4B" n2="%53%47%E4%BA%8C%E7%95%99" n3="" dan="17,16,17,0" rate="2230.00,2124.73,2248.05,1500.00" sx="M,M,M,C"/><TAIKYOKU oya="0"/><INIT seed="0,0,0,5,0,56" ten="350,350,350,0" oya="0" hai0="134,42,33,62,98,41,77,103,99,114,51,90,75" hai1="133,78,127,113,135,115,58,67,89,95,47,2,132" hai2="52,63,123,117,80,91,53,64,39,55,116,59,122" hai3=""/><T83/><D33/><U60/><E2/><V74/><N who="2" m="31264" /><V92/><N who="2" m="31520" /><V107/><F107/><T85/><D114/><N who="1" m="43531" /><E78/><V105/><F105/><T34/><D134/><U87/><E47/><V128/><F39/><T45/><D41/><U106/><E106/><V125/><F128/><T84/><D75/><U32/><E32/><V49/><F125/><AGARI ba="0,0" hai="58,60,67,87,89,95,125,127,132,133,135" m="43531" machi="125" ten="40,5200,0" yaku="20,1,11,1,52,1" doraHai="56" who="1" fromWho="2" sc="350,0,350,52,350,-52,0,0" /><INIT seed="1,0,0,1,5,114" ten="350,402,298,0" oya="1" hai0="109,68,112,70,45,3,44,2,57,71,32,119,69" hai1="104,79,94,105,120,40,93,33,83,66,74,78,110" hai2="51,72,132,50,34,100,96,133,48,131,36,121,111" hai3=""/><U113/><N who="1" m="30752" /><U49/><E33/><V73/><N who="2" m="31008" /><V39/><F34/><T128/><D112/><U35/><E35/><V59/><F111/><T52/><D109/><U116/><E110/><V41/><F131/><T0/><D32/><U65/><E116/><V88/><F59/><T64/><D128/><U58/><E113/><V60/><F60/><T129/><D129/><U126/><E126/><V107/><F88/><T135/><D135/><N who="2" m="51786" /><F41/><T61/><REACH who="0" step="1"/><D119/><REACH who="0" ten="340,402,298,0" step="2"/><U123/><N who="1" m="31520" /><U90/><E79/><V43/><F43/><T89/><D89/><U62/><E66/><V103/><F103/><T134/><D134/><U97/><REACH who="1" step="1"/><E94/><REACH who="1" ten="340,392,298,0" step="2"/><V84/><F84/><T95/><D95/><U55/><E55/><V102/><F102/><T98/><D98/><U130/><E130/><V87/><F87/><T81/><D81/><U38/><E38/><AGARI ba="0,2" hai="36,38,39,48,50,51,72,73,96,100,107" m="51786,31008" machi="38" ten="40,2600,0" yaku="20,1,52,1" doraHai="114" who="2" fromWho="1" sc="340,0,392,-26,298,46,0,0" /><INIT seed="2,0,0,1,5,38" ten="340,366,344,0" oya="2" hai0="2,55,54,72,77,0,88,129,116,91,76,53,117" hai1="41,70,123,61,126,84,64,46,109,95,69,131,83" hai2="100,102,106,99,80,65,111,68,127,92,114,120,43" hai3=""/><V47/><N who="2" m="30752" /><V97/><F127/><T103/><D72/><U94/><N who="1" m="31520" /><U113/><E126/><V110/><F114/><T51/><D51/><U130/><E113/><V36/><F80/><T78/><D103/><U105/><E105/><V52/><F68/><T63/><D63/><U121/><N who="1" m="31008" /><U66/><E109/><N who="2" m="41483" /><F65/><T115/><D129/><N who="1" m="49163" /><E66/><V87/><F87/><T1/><REACH who="0" step="1"/><D115/><REACH who="0" ten="330,366,344,0" step="2"/><U48/><E70/><V118/><F118/><AGARI ba="0,1" hai="0,1,2,53,54,55,76,77,78,88,91,116,117,118" machi="118" ten="50,12000,2" yaku="1,1,2,1,29,2,28,2,54,1,53,0" doraHai="38" doraHaiUra="79" who="0" fromWho="2" sc="330,130,366,0,344,-120,0,0" /><INIT seed="4,0,0,1,4,107" ten="460,366,224,0" oya="0" hai0="39,90,82,70,94,66,65,56,119,72,49,67,135" hai1="93,133,108,114,86,112,43,96,78,126,105,68,120" hai2="134,89,60,92,42,41,106,47,45,81,77,113,62" hai3=""/><T32/><D119/><U63/><N who="1" m="30752" /><U53/><E108/><V85/><F106/><T128/><D32/><U74/><E133/><V52/><F134/><T69/><D39/><U51/><E126/><V88/><F113/><N who="1" m="43625" /><E43/><V132/><F132/><T76/><D128/><U122/><N who="1" m="31264" /><U48/><E105/><V130/><F130/><T121/><N who="0" m="31008" /><T58/><D135/><U125/><E125/><V102/><F102/><T34/><D34/><U71/><E86/><V111/><F111/><T123/><N who="0" m="31520" /><T100/><D100/><U115/><N who="1" m="43633" /><U127/><DORA hai="99" /><E127/><V109/><F109/><T61/><D49/><N who="1" m="19019" /><E53/><V46/><F89/><T59/><REACH who="0" step="1"/><D61/><REACH who="0" ten="450,366,224,0" step="2"/><U101/><E63/><V129/><F129/><T1/><D1/><U84/><E74/><V97/><REACH who="2" step="1"/><F62/><REACH who="2" ten="450,366,214,0" step="2"/><T98/><AGARI ba="0,2" hai="56,58,59,65,66,67,69,70,72,76,82,90,94,98" m="31520,31008" machi="98" ten="30,12000,2" yaku="1,1,0,1,52,3,53,1" doraHai="107,99" doraHaiUra="33,75" who="0" fromWho="0" sc="450,140,366,-60,214,-60,0,0" /><INIT seed="4,1,0,1,5,124" ten="590,306,154,0" oya="0" hai0="76,82,92,49,67,1,52,96,135,71,48,0,97" hai1="81,103,104,122,32,101,57,111,79,88,68,128,58" hai2="133,84,74,42,113,89,64,33,99,2,106,41,85" hai3=""/><T114/><D135/><U86/><E32/><V70/><F33/><T132/><D132/><U69/><N who="1" m="31264" /><U116/><E111/><V98/><F133/><T73/><D114/><U43/><E116/><V107/><F113/><T94/><D67/><U87/><E43/><V102/><F2/><T105/><D71/><U77/><E81/><V110/><F110/><T55/><D105/><U35/><E104/><V78/><F64/><T123/><N who="0" m="31520" /><T120/><N who="0" m="30752" /><T129/><D129/><U121/><N who="1" m="31008" /><U40/><E40/><V93/><F70/><T126/><D126/><U39/><E39/><V56/><F56/><T125/><D125/><U60/><E60/><V63/><F63/><T53/><D0/><U109/><E109/><V91/><F41/><T108/><D1/><U118/><E118/><V34/><F42/><T51/><D108/><U130/><E35/><V38/><F38/><T134/><D134/><U117/><E117/><V115/><F34/><T95/><AGARI ba="1,0" hai="48,49,51,52,53,55,73,76,82,92,94,95,96,97" m="30752,31520" machi="95" ten="40,12000,2" yaku="0,1,29,2,52,2,54,1" doraHai="124" who="0" fromWho="0" sc="590,122,306,-61,154,-61,0,0" /><INIT seed="4,2,0,4,0,119" ten="712,245,93,0" oya="0" hai0="104,89,38,52,0,112,117,39,32,34,94,73,125" hai1="103,88,40,92,91,133,79,108,58,135,56,86,44" hai2="57,60,55,109,62,42,98,36,130,66,49,113,96" hai3=""/><T64/><D117/><U100/><E79/><V124/><F109/><T132/><D104/><U59/><E108/><V70/><F113/><T99/><D112/><U33/><E33/><V2/><F2/><T85/><D0/><U110/><E110/><V126/><F130/><T61/><D73/><U72/><E72/><V131/><F131/><T76/><D38/><U53/><E53/><V128/><F128/><T71/><D39/><U75/><E75/><V101/><F98/><T115/><D115/><U111/><E111/><V118/><F118/><T83/><D132/><N who="1" m="50763" /><E91/><V82/><F82/><T87/><D125/><U120/><N who="1" m="30752" /><U41/><E41/><V65/><F96/><T122/><N who="0" m="31264" /><T63/><D99/><U121/><N who="1" m="31008" /><U45/><E45/><V68/><F101/><T107/><D107/><U134/><N who="1" m="50771" /><U97/><DORA hai="95" /><E97/><V102/><F102/><T84/><D84/><U93/><E93/><V129/><F129/><T3/><D3/><U90/><E90/><V47/><AGARI ba="2,0" hai="36,42,47,49,55,57,60,62,65,66,68,70,124,126" machi="47" ten="30,9000,2" yaku="0,1,9,1,24,2,34,3" doraHai="119,95" who="2" fromWho="2" sc="712,-62,245,-32,93,94,0,0" /><INIT seed="5,0,0,3,2,67" ten="650,213,187,0" oya="1" hai0="53,110,117,78,128,80,135,99,83,39,113,41,56" hai1="38,52,122,86,127,0,85,37,114,36,35,40,66" hai2="91,50,100,61,72,47,101,76,75,88,3,111,57" hai3=""/><U64/><E0/><V82/><F3/><T116/><D110/><U106/><N who="1" m="31264" /><U54/><E35/><V104/><F111/><T130/><D113/><U81/><E114/><V71/><F75/><T32/><D135/><U108/><E108/><V105/><F71/><T96/><D32/><U59/><E127/><V74/><F74/><T42/><D39/><U115/><E115/><V118/><F118/><T124/><D78/><U34/><E34/><V45/><F101/><T48/><D124/><U1/><E1/><V69/><F69/><T33/><D33/><U109/><E109/><V84/><F45/><T121/><N who="0" m="31008" /><T65/><D65/><U133/><E133/><V49/><F50/><T93/><D48/><U68/><E106/><V126/><F126/><T58/><D93/><U102/><E68/><V103/><F105/><T44/><D44/><U90/><E38/><V98/><F72/><T125/><D125/><U107/><E107/><V89/><F104/><T79/><D79/><U112/><E112/><V73/><F73/><T134/><D134/><U123/><E36/><V120/><N who="2" m="30752" /><V94/><F49/><T43/><D43/><U87/><N who="1" m="31520" /><U92/><E37/><V2/><F2/><T51/><D51/><RYUUKYOKU type="nm" ba="0,0" sc="650,-40,213,80,187,-40,0,0" hai0="41,42,53,56,58,80,83,96,99,116,117,128,130" /><INIT seed="6,1,0,0,5,129" ten="610,293,147,0" oya="2" hai0="54,119,61,117,32,48,44,36,105,125,96,92,87" hai1="116,120,70,81,101,134,58,111,99,52,82,39,49" hai2="113,118,47,71,65,63,89,69,2,127,107,83,123" hai3=""/><V94/><N who="2" m="31520" /><V73/><F118/><T128/><D128/><U57/><N who="1" m="30752" /><U80/><E116/><V66/><F2/><T42/><D125/><U51/><E111/><V90/><F127/><T124/><D32/><U88/><E134/><V98/><F113/><T109/><D109/><U38/><E70/><V3/><F3/><T102/><D124/><U133/><E133/><V55/><F107/><T45/><D61/><U85/><E38/><V114/><F114/><T50/><D36/><U77/><E39/><V115/><F115/><T93/><D105/><U41/><E77/><V60/><F73/><T104/><D104/><U110/><E110/><V43/><F55/><T75/><D75/><U112/><E112/><V121/><N who="2" m="31008" /><V37/><F83/><T68/><D68/><U95/><E41/><V67/><F67/><T56/><D56/><U40/><E40/><V78/><F78/><T76/><D76/><U108/><E108/><V91/><AGARI ba="1,0" hai="37,43,47,60,63,65,66,69,71,89,90,91,94,98" m="31008,31520" machi="91" ten="20,8000,1" yaku="0,1,7,1,9,1,52,2" doraHai="129" who="2" fromWho="2" sc="610,-41,293,-41,147,82,0,0" /><INIT seed="6,2,0,4,3,78" ten="569,252,229,0" oya="2" hai0="111,47,86,127,83,63,60,70,126,72,0,92,82" hai1="106,69,55,128,96,131,120,118,89,41,84,116,44" hai2="36,42,119,115,38,68,65,64,109,132,107,104,98" hai3=""/><V57/><F119/><N who="1" m="45609" /><E69/><V125/><F115/><T76/><D0/><U45/><N who="1" m="30752" /><U61/><E96/><V71/><F98/><T108/><D92/><U134/><E106/><V73/><F73/><T51/><D70/><U95/><E134/><V50/><F132/><T91/><D63/><U113/><E113/><V32/><F32/><T81/><D60/><U35/><E35/><V62/><F125/><N who="0" m="47626" /><D82/><U59/><E45/><V80/><F109/><T75/><D75/><U103/><E103/><V40/><F62/><T34/><D34/><U77/><E77/><V46/><F46/><T48/><D48/><AGARI ba="2,0" hai="41,44,48,55,59,61,84,89,95,128,131" m="30752,45609" machi="48" ten="30,2000,0" yaku="12,1,52,1" doraHai="78" who="1" fromWho="0" sc="569,-24,252,24,229,0,0,0" owari="545,49.0,276,-12.0,229,-37.0,0,0.0" /></mjloggm>