<mjloggm ver="2.3"><GO type="185" lobby="0"/><UN n0="%63%61%6C%63%2E" n1="%E3%82%A2%E3%82%B9%E3%82%BF%E3%83%AD%E3%83%88%E3%81%AE%E5%AE%A3%E5%91%8A" n2="%E3%81%82%E3%81%B9%E3%81%97%E3%81%A3%E3%81%A3" n3="" dan="19,17,16,0" rate="2395.25,2292.86,2219.62,1500.00" sx="M,M,M,C"/><TAIKYOKU oya="0"/><INIT seed="0,0,0,2,0,127" ten="350,350,350,0" oya="0" hai0="128,1,62,39,115,134,99,41,68,34,108,60,101" hai1="69,70,106,112,86,77,55,80,124,122,71,132,53" hai2="84,102,44,36,42,74,72,107,40,48,73,43,52" hai3=""/><T61/><D115/><U94/><N who="1" m="31264" /><U113/><E124/><V95/><F107/><T123/><N who="0" m="31520" /><T89/><D34/><U0/><E106/><V83/><F95/><T87/><D1/><U51/><E0/><V3/><F102/><T130/><D134/><U75/><E132/><V133/><F133/><T37/><D68/><U111/><E111/><V96/><F96/><T66/><D66/><U65/><E65/><V49/><F49/><T67/><D67/><U110/><E110/><V131/><F3/><T119/><D119/><U32/><E32/><V45/><REACH who="2" step="1"/><F131/><REACH who="2" ten="350,350,340,0" step="2"/><N who="0" m="50218" /><D108/><U2/><E2/><V78/><AGARI ba="0,1" hai="36,40,42,43,44,45,48,52,72,73,74,78,83,84" machi="78" ten="30,5900,0" yaku="1,1,0,1,54,1,53,1" doraHai="127" doraHaiUra="82" who="2" fromWho="2" sc="350,-39,350,-20,340,69,0,0" /><INIT seed="1,0,0,2,1,92" ten="311,330,409,0" oya="1" hai0="81,122,130,54,41,131,38,48,96,70,103,60,51" hai1="114,83,87,86,95,123,94,117,63,132,35,93,129" hai2="34,84,125,106,98,36,134,76,43,82,71,75,46" hai3=""/><U118/><N who="1" m="31520" /><U135/><E35/><V57/><F34/><T97/><N who="0" m="31264" /><T64/><D81/><U68/><E68/><V85/><F71/><T133/><D133/><N who="1" m="51275" /><E63/><V1/><F1/><T88/><D38/><U59/><E59/><V47/><F125/><T99/><D103/><U105/><E114/><V79/><F79/><T89/><D41/><U32/><E32/><V108/><F47/><T50/><REACH who="0" step="1"/><D54/><REACH who="0" ten="301,330,409,0" step="2"/><U102/><E129/><AGARI ba="0,1" hai="48,50,51,60,64,70,88,89,96,97,99,129,130,131" m="31264" machi="129" ten="50,16000,3" yaku="1,1,2,1,19,1,52,4,54,1,53,0" doraHai="92" doraHaiUra="121" who="0" fromWho="1" sc="301,170,330,-160,409,0,0,0" /><INIT seed="2,0,0,5,2,104" ten="471,170,409,0" oya="2" hai0="108,110,134,101,102,121,133,88,45,71,78,129,115" hai1="80,67,64,81,124,48,59,3,60,87,66,131,97" hai2="68,0,46,93,58,120,89,85,135,34,112,91,109" hai3=""/><V44/><N who="2" m="30752" /><V122/><N who="2" m="31264" /><V1/><F68/><T38/><N who="0" m="31008" /><T56/><D71/><U72/><E3/><V105/><F34/><T37/><D129/><U113/><E113/><V69/><F69/><T92/><D115/><U95/><E131/><V2/><F112/><T83/><D56/><U39/><E39/><N who="0" m="14857" /><D45/><U94/><E124/><V132/><F105/><T117/><D117/><U77/><E48/><V98/><F58/><T128/><D101/><U55/><REACH who="1" step="1"/><E97/><REACH who="1" ten="471,160,409,0" step="2"/><V63/><F63/><T52/><D128/><U74/><E74/><V53/><F109/><T61/><D61/><U116/><E116/><V36/><F36/><T32/><D110/><U126/><E126/><V123/><N who="2" m="31520" /><V118/><F118/><T103/><D108/><U107/><E107/><V51/><REACH who="2" step="1"/><F46/><REACH who="2" ten="471,160,399,0" step="2"/><T62/><D32/><U75/><E75/><V111/><F111/><T47/><D62/><U127/><E127/><V90/><F90/><AGARI ba="0,2" hai="55,59,60,64,66,67,72,77,80,81,87,90,94,95" machi="90" ten="40,2600,0" yaku="1,1,52,1,53,0" doraHai="104" doraHaiUra="119" who="1" fromWho="2" sc="471,0,160,46,399,-26,0,0" /><INIT seed="4,0,0,3,2,89" ten="471,206,373,0" oya="0" hai0="73,2,113,122,99,44,59,114,83,88,52,55,57" hai1="129,84,79,62,103,102,87,82,119,68,70,54,34" hai2="78,49,56,108,90,76,74,104,118,95,115,77,81" hai3=""/><T53/><N who="0" m="31264" /><T64/><D2/><U80/><E119/><V46/><F108/><T48/><D73/><U0/><E0/><V35/><F35/><T120/><N who="0" m="30752" /><T105/><D64/><U135/><E34/><V39/><F115/><N who="0" m="44042" /><D105/><U117/><E117/><V127/><F127/><T1/><D1/><U131/><E135/><V32/><F104/><T41/><D99/><U51/><E62/><V125/><F74/><T67/><D67/><U97/><E68/><V60/><F32/><T85/><AGARI ba="0,0" hai="41,44,48,52,53,55,57,59,83,85,88" m="44042,30752,31264" machi="85" ten="40,8000,1" yaku="15,1,52,2,54,2" doraHai="89" who="0" fromWho="0" sc="471,80,206,-40,373,-40,0,0" /><INIT seed="4,1,0,1,5,86" ten="551,166,333,0" oya="0" hai0="78,134,90,93,44,75,112,67,54,38,116,109,84" hai1="59,55,99,36,56,81,63,119,115,45,41,68,102" hai2="76,85,52,98,129,70,40,113,77,127,46,130,132" hai3=""/><T61/><D116/><U0/><E119/><V3/><F3/><T105/><D105/><U133/><E133/><V72/><F72/><T42/><D134/><U64/><E115/><V89/><F70/><T48/><D112/><U33/><E0/><V80/><F113/><T39/><D109/><U37/><E33/><V65/><F65/><T104/><D104/><U91/><E37/><V74/><F127/><T49/><D78/><U88/><E81/><V50/><F132/><T117/><D75/><U92/><REACH who="1" step="1"/><E59/><REACH who="1" ten="551,156,333,0" step="2"/><V124/><F124/><T1/><D117/><U131/><E131/><V96/><F130/><T47/><D1/><U95/><E95/><V2/><F129/><T111/><D111/><U126/><E126/><V60/><F2/><T128/><D128/><U106/><E106/><V69/><F69/><AGARI ba="1,1" hai="38,39,42,44,47,48,49,54,61,67,69,84,90,93" machi="69" ten="30,2900,0" yaku="7,1,52,1" doraHai="86" who="0" fromWho="2" sc="551,41,156,0,333,-31,0,0" /><INIT seed="4,2,0,2,4,57" ten="592,156,302,0" oya="0" hai0="130,84,99,33,104,80,79,107,56,46,48,113,91" hai1="121,85,133,106,100,0,103,115,109,53,34,71,134" hai2="89,127,76,44,116,105,96,66,135,111,51,74,37" hai3=""/><T40/><D33/><U87/><N who="1" m="31008" /><U47/><E34/><V72/><F111/><T55/><D113/><U97/><E0/><V125/><F37/><T112/><D112/><U52/><E109/><V1/><F1/><T101/><D130/><U38/><E115/><V117/><F66/><T92/><REACH who="0" step="1"/><D101/><REACH who="0" ten="582,156,302,0" step="2"/><U95/><E103/><V60/><F117/><T65/><D65/><U58/><E100/><V120/><F116/><T132/><D132/><U70/><E134/><V83/><F135/><T94/><D94/><U131/><E95/><V86/><F120/><T41/><D41/><U124/><E131/><V88/><F125/><T61/><AGARI ba="2,1" hai="40,46,48,55,56,61,79,80,84,91,92,99,104,107" machi="61" ten="20,8000,1" yaku="1,1,0,1,7,1,52,1,53,1" doraHai="57" doraHaiUra="43" who="0" fromWho="0" sc="582,94,156,-42,302,-42,0,0" /><INIT seed="4,3,0,5,1,105" ten="676,114,260,0" oya="0" hai0="67,54,66,62,44,133,125,46,124,43,57,71,113" hai1="55,90,35,120,1,99,38,83,114,52,0,59,78" hai2="85,68,88,92,40,94,61,117,135,47,129,42,74" hai3=""/><T70/><D113/><U109/><N who="1" m="30752" /><U97/><E35/><V131/><F135/><T112/><D112/><U58/><E114/><V122/><N who="2" m="31264" /><V116/><F74/><T127/><D133/><U123/><N who="1" m="31520" /><U95/><E38/><V48/><F40/><T72/><D72/><U86/><E109/><V51/><F94/><T111/><D111/><U115/><E115/><V64/><REACH who="2" step="1"/><F51/><REACH who="2" ten="676,114,250,0" step="2"/><T132/><D132/><U118/><E118/><AGARI ba="3,1" hai="42,47,48,61,64,68,85,88,92,116,117,118,129,131" m="31264" machi="118" ten="40,8000,1" yaku="1,1,2,1,12,1,52,1,54,1,53,0" doraHai="105" doraHaiUra="32" who="2" fromWho="1" sc="676,0,114,-86,250,96,0,0" /><INIT seed="5,0,0,2,3,108" ten="676,28,346,0" oya="1" hai0="121,107,134,44,119,80,115,127,77,118,61,1,36" hai1="111,103,85,88,37,110,102,56,84,126,131,130,41" hai2="109,117,128,100,99,73,45,57,35,83,82,47,55" hai3=""/><U46/><E126/><V72/><F109/><N who="1" m="41481" /><E56/><V67/><F67/><T70/><N who="0" m="31008" /><T38/><D1/><U78/><E78/><V95/><F117/><T52/><D127/><U68/><E68/><V135/><F35/><T53/><D70/><U33/><E85/><V74/><F135/><T40/><D134/><U106/><E33/><V112/><F45/><T125/><D125/><U58/><E58/><V76/><F47/><T122/><N who="0" m="31264" /><T32/><D32/><U113/><E106/><V0/><F0/><T94/><D107/><U116/><E116/><V66/><F66/><T129/><D77/><U89/><E89/><V3/><F3/><T48/><D44/><U120/><N who="1" m="30752" /><U49/><E37/><V93/><F57/><T62/><D38/><U101/><E113/><V124/><F112/><T59/><D36/><U50/><E49/><V114/><F124/><T104/><D115/><U98/><E98/><V51/><F51/><T97/><D48/><U96/><E96/><V81/><F114/><T42/><D59/><U34/><E34/><V92/><F76/><T64/><D118/><U91/><E91/><V87/><F87/><T43/><D119/><U63/><E63/><V54/><F99/><T105/><D97/><RYUUKYOKU ba="0,0" sc="676,-10,28,20,346,-10,0,0" hai1="41,46,50,84,88,101,102,103,130,131" /><INIT seed="5,1,0,0,1,55" ten="666,48,336,0" oya="1" hai0="92,116,50,132,39,98,80,72,59,62,41,123,126" hai1="93,79,124,51,63,115,32,69,43,44,57,82,117" hai2="36,73,133,112,34,85,38,87,90,107,75,119,105" hai3=""/><U96/><E32/><V45/><F45/><T103/><N who="0" m="31520" /><T88/><D39/><U131/><E115/><V102/><F102/><T104/><D132/><U125/><E131/><V108/><F119/><T95/><D116/><U106/><E69/><V52/><F90/><T66/><D126/><U78/><E106/><V118/><F118/><T81/><D72/><U111/><E117/><V56/><F34/><T61/><D104/><U120/><N who="1" m="30752" /><U99/><E111/><V77/><F108/><T114/><D114/><U129/><E129/><V40/><F112/><T46/><D61/><U67/><E79/><V33/><F77/><T49/><D49/><U97/><REACH who="1" step="1"/><E93/><REACH who="1" ten="666,38,336,0" step="2"/><V76/><F76/><T135/><D135/><U1/><E1/><V48/><F133/><T128/><D128/><U134/><E134/><V109/><F109/><T83/><D95/><U37/><E37/><V89/><F33/><T84/><AGARI ba="1,1" hai="41,46,50,59,62,66,80,81,83,84,88,92,98,103" m="31520" machi="84" ten="30,6000,1" yaku="0,1,8,1,52,2,54,1" doraHai="55" who="0" fromWho="0" sc="666,72,38,-41,336,-21,0,0" owari="738,68.0,-3,-60.0,315,-8.0,0,0.0" /></mjloggm>