<mjloggm ver="2.3"><GO type="169" lobby="0"/><UN n0="%64%6F%6E%63%68%61%6E%33" n1="%E5%BD%97%E6%98%9F%E5%85%A5%E3%83%92%E3%82%B3" n2="%E3%81%B4%E3%81%8A%E3%81%B4%E3%81%8A%EF%BC%91%EF%BC%91" n3="%E3%81%97%E3%81%BE%E3%81%98%E3%82%8D%E3%81%86%32%2E%30" dan="17,16,18,17" rate="2176.06,2136.72,2314.43,2210.43" sx="M,M,M,M"/><TAIKYOKU oya="0"/><INIT seed="0,0,0,4,1,123" ten="250,250,250,250" oya="0" hai0="63,59,96,38,36,109,125,68,32,78,117,28,7" hai1="98,48,56,25,100,133,40,113,41,19,57,93,95" hai2="131,42,47,18,34,31,45,107,51,75,105,37,83" hai3="5,60,114,79,44,92,35,46,90,58,3,0,91"/><T115/><D117/><U8/><E133/><V53/><F131/><W132/><G35/><T94/><D115/><U29/><E113/><V85/><F75/><W39/><G114/><T26/><D125/><U120/><E120/><V108/><F34/><W1/><G5/><T81/><D68/><U66/><E57/><V84/><F31/><W80/><G132/><T50/><D50/><U2/><E2/><V43/><F85/><W103/><G103/><T12/><D12/><U69/><E95/><V21/><F53/><W129/><G129/><T24/><D24/><U82/><E82/><V76/><REACH who="2" step="1"/><F108/><REACH who="2" ten="250,250,240,250" step="2"/><W54/><G54/><T9/><D109/><U111/><E111/><V14/><AGARI ba="0,1" hai="14,18,21,37,42,43,45,47,51,76,83,84,105,107" machi="14" ten="20,5200,0" yaku="1,1,2,1,0,1,7,1,53,0" doraHai="123" doraHaiUra="116" who="2" fromWho="2" sc="250,-26,250,-13,240,62,250,-13" /><INIT seed="1,0,0,4,2,44" ten="224,237,302,237" oya="1" hai0="73,63,106,32,96,10,77,104,103,90,98,1,18" hai1="132,53,45,11,5,115,113,20,128,15,130,127,87" hai2="97,43,26,14,110,56,135,55,121,126,131,42,31" hai3="108,37,40,65,72,100,125,7,8,3,34,129,134"/><U92/><E132/><V68/><F121/><W75/><G134/><T17/><D32/><U81/><E92/><V111/><F68/><W80/><G125/><T67/><D77/><U116/><E116/><V54/><F135/><W85/><G129/><N who="1" m="49770" /><E127/><V95/><F14/><W66/><G108/><N who="2" m="41513" /><F55/><W2/><G2/><T86/><D73/><U52/><E20/><N who="2" m="15815" /><F126/><W30/><G100/><T0/><D98/><U70/><E70/><V82/><F82/><W33/><G75/><T6/><D1/><U79/><E53/><V88/><F131/><W48/><G72/><T41/><D41/><U124/><E124/><V107/><F107/><W105/><G105/><T35/><D106/><U57/><E45/><V27/><F27/><W62/><G3/><T99/><D35/><U89/><E79/><V28/><F28/><W69/><G30/><T51/><D104/><U4/><E4/><V9/><F9/><W93/><G8/><T46/><D10/><U50/><AGARI ba="0,0" hai="5,11,15,50,52,57,81,87,89,113,115" m="49770" machi="50" ten="30,6000,0" yaku="19,1,52,1,54,1" doraHai="44" who="1" fromWho="1" sc="224,-20,237,60,302,-20,237,-20" /><INIT seed="1,1,0,2,4,21" ten="204,297,282,217" oya="1" hai0="52,33,50,31,124,123,43,78,103,56,54,100,133" hai1="58,64,51,36,12,24,85,61,106,94,121,131,14" hai2="127,107,42,82,41,57,49,132,27,63,92,68,19" hai3="5,102,37,105,114,104,38,35,125,77,89,99,11"/><U29/><E121/><V10/><F107/><W128/><G114/><T118/><D118/><U71/><E106/><V59/><F132/><W93/><G125/><T6/><D133/><U112/><E112/><V74/><F127/><W67/><G128/><T108/><D124/><U34/><E36/><V2/><F68/><W4/><G35/><T76/><D108/><U120/><E120/><V69/><F69/><W22/><G104/><T26/><D123/><U109/><E131/><V53/><F74/><W95/><G95/><T55/><D6/><U75/><E75/><V83/><F2/><W126/><G126/><T28/><D28/><U134/><E134/><V70/><F70/><W47/><G67/><T17/><D17/><U20/><E109/><V116/><F116/><W130/><G130/><T46/><REACH who="0" step="1"/><D56/><REACH who="0" ten="194,297,282,217" step="2"/><U13/><E58/><V30/><F59/><W62/><G4/><T65/><D65/><U44/><E85/><V81/><F63/><W73/><G5/><T101/><AGARI ba="1,1" hai="26,31,33,43,46,50,52,54,55,76,78,100,101,103" machi="101" ten="30,7900,0" yaku="1,1,0,1,52,1,54,1,53,0" doraHai="21" doraHaiUra="18" who="0" fromWho="0" sc="194,92,297,-40,282,-21,217,-21" /><INIT seed="2,0,0,0,0,23" ten="286,257,261,196" oya="2" hai0="47,123,86,83,19,9,17,108,35,105,58,61,96" hai1="94,50,37,110,52,132,73,90,71,126,124,30,119" hai2="79,59,25,41,49,45,133,98,0,48,121,101,125" hai3="87,72,32,13,62,69,44,55,115,84,127,130,107"/><V80/><F121/><W43/><G72/><T16/><D123/><U82/><E119/><V38/><F133/><W95/><G107/><T67/><D108/><U11/><E110/><V33/><F0/><W42/><G127/><N who="1" m="48682" /><E132/><V128/><F128/><W118/><G118/><T36/><D35/><U76/><E37/><V97/><F125/><W91/><G130/><T20/><D9/><U40/><E40/><V104/><F97/><W8/><G32/><T34/><D34/><U21/><E11/><V109/><F59/><N who="3" m="35199" /><G69/><T22/><D36/><U15/><E71/><V70/><F70/><W114/><G44/><T27/><D47/><N who="1" m="27743" /><E15/><V77/><F109/><W57/><G57/><T122/><D122/><U129/><E129/><V102/><F102/><W92/><G114/><T29/><D105/><U111/><E111/><V75/><REACH who="2" step="1"/><F79/><REACH who="2" ten="286,257,251,196" step="2"/><W6/><G115/><T106/><D106/><U5/><E76/><V113/><F113/><W88/><AGARI ba="0,1" hai="6,8,13,42,43,84,87,88,91,92,95" m="35199" machi="88" ten="30,2000,0" yaku="8,1,54,1" doraHai="23" who="3" fromWho="3" sc="286,-5,257,-5,251,-10,196,30" /><INIT seed="3,0,0,4,0,34" ten="281,252,241,226" oya="3" hai0="68,21,48,15,83,126,123,66,104,1,22,100,105" hai1="41,25,44,135,91,0,19,71,7,54,13,69,92" hai2="26,52,115,67,9,40,84,47,119,29,59,110,75" hai3="94,24,37,81,46,76,101,96,33,56,124,122,108"/><W132/><G122/><T17/><D123/><U12/><E135/><V57/><F115/><W53/><G132/><T10/><D126/><U121/><E121/><V20/><F119/><W23/><G124/><T60/><D83/><U134/><E134/><V125/><F75/><W77/><G33/><T109/><D109/><U86/><E12/><V50/><F110/><W133/><G133/><T89/><D89/><U31/><E54/><V43/><F125/><W113/><G113/><T36/><D36/><U58/><E58/><V55/><F67/><W97/><G108/><T6/><D100/><U65/><E65/><V5/><F84/><W117/><G96/><T49/><REACH who="0" step="1"/><D21/><REACH who="0" ten="271,252,241,226" step="2"/><U32/><E91/><V118/><F118/><W30/><G117/><T38/><D38/><U112/><E112/><V78/><F78/><W18/><G81/><T102/><D102/><U111/><E32/><V98/><F98/><W79/><G37/><T90/><D90/><U16/><E111/><V93/><F93/><W51/><G46/><T70/><D70/><U114/><E92/><V85/><F47/><W106/><G106/><AGARI ba="0,1" hai="1,6,10,15,17,22,48,49,60,66,68,104,105,106" machi="106" ten="40,2600,0" yaku="1,1,52,1,53,0" doraHai="34" doraHaiUra="74" who="0" fromWho="3" sc="271,36,252,0,241,0,226,-26" /><INIT seed="4,0,0,0,4,12" ten="307,252,241,200" oya="0" hai0="80,27,85,36,87,10,72,108,3,11,88,83,130" hai1="13,78,44,132,32,51,94,96,33,54,31,45,7" hai2="62,90,71,89,119,14,134,121,59,81,34,8,2" hai3="109,17,84,22,61,20,35,23,37,49,115,117,120"/><T4/><D36/><U9/><E132/><V114/><F121/><W26/><G117/><T75/><D130/><U128/><E128/><V107/><F34/><W70/><G37/><T5/><D108/><U99/><E78/><V15/><F107/><W100/><G109/><T19/><D27/><U52/><E31/><V39/><F39/><W127/><G115/><T60/><D60/><U40/><E99/><V92/><F71/><W74/><G74/><T29/><D29/><U104/><E104/><V56/><F134/><W68/><G120/><T30/><D30/><U73/><E73/><V86/><F114/><W38/><G38/><T91/><REACH who="0" step="1"/><D19/><REACH who="0" ten="297,252,241,200" step="2"/><U105/><E33/><V113/><F113/><W57/><G35/><T116/><D116/><U76/><E32/><V55/><F119/><W47/><G26/><T50/><D50/><U129/><E51/><V110/><F110/><W48/><G17/><T93/><D93/><U53/><E94/><V106/><F106/><W79/><G48/><T111/><D111/><U118/><E105/><V112/><F112/><W135/><G135/><T124/><D124/><U82/><E129/><V64/><F92/><W24/><G24/><T0/><AGARI ba="0,1" hai="0,3,4,5,10,11,72,75,80,83,85,87,88,91" machi="0" ten="20,18000,2" yaku="1,1,0,1,7,1,32,3,54,1,53,0" doraHai="12" doraHaiUra="131" who="0" fromWho="0" sc="297,190,252,-60,241,-60,200,-60" /><INIT seed="4,1,0,0,4,112" ten="487,192,181,140" oya="0" hai0="106,18,47,36,100,124,125,13,28,126,131,70,86" hai1="51,97,75,130,72,108,123,48,6,27,67,119,26" hai2="33,4,102,43,3,120,109,113,5,95,121,50,63" hai3="129,114,66,20,84,133,132,24,19,15,23,17,80"/><T116/><D70/><U83/><E123/><V90/><F109/><W1/><G114/><T64/><D64/><U94/><E108/><V25/><F113/><W134/><G66/><T22/><D131/><U117/><E67/><V54/><F102/><W74/><G74/><T38/><D28/><U69/><E69/><V81/><F43/><W104/><G104/><T111/><D111/><U118/><E130/><V2/><F63/><W52/><G1/><T58/><D58/><U61/><E61/><V99/><F3/><W32/><G129/><T57/><D57/><U92/><E6/><V88/><F33/><W122/><G122/><T115/><D115/><U8/><E8/><V85/><F25/><W73/><G73/><T0/><D0/><U82/><E118/><V37/><F37/><N who="0" m="14442" /><D47/><U101/><E101/><V16/><F5/><W103/><G103/><T10/><D86/><U98/><AGARI ba="1,0" hai="26,27,48,51,72,75,82,83,92,94,97,98,117,119" machi="98" ten="25,8000,1" yaku="0,1,22,2,52,2" doraHai="112" who="1" fromWho="1" sc="487,-41,192,83,181,-21,140,-21" /><INIT seed="5,0,0,5,0,102" ten="446,275,160,119" oya="1" hai0="110,41,6,14,67,8,75,58,19,125,81,35,101" hai1="2,122,45,119,57,0,74,70,88,82,27,21,76" hai2="71,53,126,30,96,130,73,94,25,79,49,40,11" hai3="80,121,24,54,13,34,65,98,113,39,90,7,89"/><U12/><E119/><V117/><F117/><W114/><G39/><T10/><D110/><U78/><E122/><V68/><F40/><W66/><G121/><T115/><D115/><U135/><E70/><V23/><F130/><W60/><G34/><T69/><D35/><U99/><E135/><V112/><F112/><N who="3" m="43115" /><G24/><T92/><D69/><U107/><E78/><V38/><F38/><W86/><G7/><T116/><D41/><U131/><E131/><V51/><F126/><W22/><G13/><T118/><D125/><U120/><E120/><V104/><F11/><W109/><G22/><T62/><D75/><U26/><E45/><V50/><F53/><W16/><G16/><T3/><D81/><U43/><E43/><V9/><F9/><W129/><G129/><T56/><D101/><U105/><E12/><V33/><F33/><W84/><G98/><T124/><D124/><U123/><E123/><V4/><F4/><W97/><G97/><T28/><D28/><U93/><E57/><V17/><F30/><W18/><G18/><T37/><D58/><U47/><E47/><V103/><F71/><W108/><G54/><T15/><D37/><U111/><E111/><N who="3" m="42570" /><G60/><T95/><D14/><U32/><E32/><V100/><F68/><W52/><G52/><T132/><D118/><U31/><REACH who="1" step="1"/><E26/><REACH who="1" ten="446,265,160,119" step="2"/><V91/><F25/><W134/><G134/><T5/><D132/><U44/><E44/><V36/><F36/><W87/><G80/><T85/><D116/><U72/><E72/><V20/><F73/><W61/><G61/><T77/><D62/><U46/><E46/><RYUUKYOKU ba="0,1" sc="446,-15,265,15,160,-15,119,15" hai1="0,2,21,27,31,74,76,82,88,93,99,105,107" hai3="65,66,84,86,87,89,90" /><INIT seed="5,1,1,1,3,56" ten="431,280,145,134" oya="1" hai0="108,50,107,82,65,93,55,52,42,132,31,49,26" hai1="47,106,24,86,1,117,105,5,38,32,41,84,87" hai2="51,92,9,127,81,43,78,129,76,57,59,19,66" hai3="37,54,79,60,119,15,3,20,7,121,11,18,63"/><U46/><E117/><V29/><F129/><W115/><G121/><T69/><D108/><U35/><E24/><V21/><F127/><W74/><G119/><T135/><D107/><U10/><REACH who="1" step="1"/><E47/><REACH who="1" ten="431,270,145,134" step="2"/><V99/><F29/><W100/><G115/><T103/><D26/><U96/><E96/><V8/><F99/><W48/><G100/><T23/><D31/><U0/><E0/><V80/><F76/><W39/><G79/><T2/><D2/><U27/><E27/><V28/><F28/><W102/><G102/><T58/><D103/><U70/><E70/><V64/><F78/><W45/><REACH who="3" step="1"/><G74/><REACH who="3" ten="431,270,145,124" step="2"/><T71/><D71/><U109/><E109/><V95/><F80/><W34/><G34/><AGARI ba="1,3" hai="1,5,10,32,34,35,38,41,46,84,86,87,105,106" machi="34" ten="40,2000,0" yaku="1,1,53,0" doraHai="56" doraHaiUra="128" who="1" fromWho="3" sc="431,0,270,53,145,0,124,-23" /><INIT seed="5,2,0,4,0,61" ten="431,323,145,101" oya="1" hai0="80,43,17,52,36,54,31,44,121,71,27,99,126" hai1="106,81,62,75,12,32,89,41,94,10,48,120,38" hai2="97,29,51,118,84,104,58,95,46,76,70,49,2" hai3="112,102,111,130,20,98,67,72,82,110,53,116,40"/><U16/><E120/><V135/><F118/><W108/><G40/><T50/><D121/><U93/><E106/><V113/><F70/><W125/><G53/><T3/><D126/><U83/><E32/><V30/><F2/><W24/><G125/><T28/><D3/><U90/><E38/><V4/><F135/><W91/><G116/><T131/><D131/><U69/><E75/><V92/><F104/><W7/><G7/><T100/><D71/><U13/><E69/><V11/><F58/><W115/><G20/><T60/><D80/><U42/><E62/><V47/><F47/><W77/><G24/><T88/><D60/><U119/><E119/><V23/><F51/><W74/><G91/><T68/><D68/><U14/><E14/><N who="2" m="5479" /><F113/><N who="3" m="43595" /><G67/><T87/><D17/><U107/><E107/><V5/><F5/><W127/><G127/><T78/><D78/><U79/><E79/><V45/><F23/><W6/><G6/><T114/><D114/><U55/><E55/><N who="2" m="30127" /><F46/><W18/><G18/><T1/><D1/><U21/><E21/><V101/><F76/><W63/><G63/><T129/><D36/><U64/><E48/><V133/><F133/><W15/><G15/><T132/><D132/><U19/><E64/><V33/><F33/><W124/><G124/><T8/><D50/><U9/><AGARI ba="2,0" hai="9,10,12,13,16,19,41,42,81,83,89,90,93,94" machi="9" ten="25,12000,1" yaku="0,1,22,2,8,1,54,1" doraHai="61" who="1" fromWho="1" sc="431,-42,323,126,145,-42,101,-42" /><INIT seed="5,3,0,0,0,23" ten="389,449,103,59" oya="1" hai0="85,43,89,132,14,59,76,9,86,38,6,114,105" hai1="116,25,17,60,112,123,125,45,90,97,102,113,118" hai2="78,21,47,3,131,8,15,98,34,74,88,104,44" hai3="64,111,2,56,11,87,18,103,42,4,122,31,55"/><U130/><E123/><V127/><F34/><W117/><G122/><T83/><D105/><U77/><E125/><V129/><F127/><W37/><G111/><T119/><D119/><U28/><E130/><N who="2" m="49675" /><F3/><W41/><G117/><T12/><D114/><U35/><E77/><V124/><F124/><W66/><G103/><T70/><D70/><U51/><E90/><V115/><F115/><N who="1" m="44105" /><E60/><V39/><F39/><W27/><G87/><T32/><D32/><U0/><E17/><V30/><F78/><W33/><G41/><T29/><D76/><U20/><E0/><V82/><F104/><W68/><G68/><T75/><D75/><U91/><E91/><V49/><F74/><W69/><G69/><T67/><D89/><U94/><E35/><V84/><F98/><W92/><G92/><T81/><D83/><U19/><E19/><N who="2" m="8679" /><F49/><W58/><G18/><T65/><D38/><U71/><E71/><V57/><F57/><W61/><REACH who="3" step="1"/><G58/><REACH who="3" ten="389,449,103,49" step="2"/><T53/><D59/><U72/><E72/><V110/><F110/><W26/><G26/><AGARI ba="3,1" hai="21,26,30,44,47,82,84,88" m="8679,49675" machi="26" ten="30,3900,0" yaku="19,1,52,1,54,1" doraHai="23" who="2" fromWho="3" sc="389,0,449,0,103,58,49,-48" /><INIT seed="6,0,0,2,2,97" ten="389,449,161,1" oya="2" hai0="42,13,45,10,135,16,44,85,83,79,96,78,106" hai1="2,30,127,88,72,53,131,100,117,5,77,23,65" hai2="15,126,110,81,80,33,84,37,38,3,112,20,40" hai3="124,129,49,56,55,71,51,93,69,128,21,89,107"/><V57/><F33/><W95/><G107/><T0/><D135/><U101/><E117/><V119/><F3/><W27/><G124/><T87/><D0/><U74/><E2/><V31/><F110/><W90/><G51/><T73/><D79/><U120/><E5/><V46/><F119/><W1/><G1/><T102/><REACH who="0" step="1"/><D45/><REACH who="0" ten="379,449,161,1" step="2"/><U111/><E77/><V41/><F46/><W43/><G43/><T91/><D91/><U28/><E88/><N who="3" m="33898" /><G71/><T82/><D82/><U17/><E111/><V11/><F41/><W134/><G69/><T104/><D104/><U25/><E120/><V14/><F40/><W18/><G134/><T8/><D8/><U58/><E58/><V47/><F47/><W133/><G133/><T39/><AGARI ba="0,1" hai="10,13,16,39,42,44,73,78,83,85,87,96,102,106" machi="39" ten="20,12000,2" yaku="1,1,0,1,7,1,52,1,54,1,53,1" doraHai="97" doraHaiUra="9" who="0" fromWho="0" sc="379,130,449,-30,161,-60,1,-30" owari="509,61.0,419,22.0,101,-30.0,-29,-53.0" /></mjloggm>