<mjloggm ver="2.3"><GO type="225" lobby="0"/><UN n0="%6B%79%6F%6E%6B%6F%31%31" n1="%E3%83%B4%E3%83%A0%EF%BC%99%E3%81%A6" n2="%E3%82%A4%E3%83%8A%E3%82%BA%E3%83%9E%E8%91%AC%E5%84%80" n3="%E3%81%B7%E3%82%8B%E3%81%B7%E3%82%8B%E3%81%A0%E3%81%9E" dan="17,17,17,16" rate="2199.94,2213.73,2207.01,2107.63" sx="M,M,F,M"/><TAIKYOKU oya="0"/><INIT seed="0,0,0,4,1,48" ten="250,250,250,250" oya="0" hai0="33,67,16,8,101,6,21,81,128,2,107,99,102" hai1="85,27,5,62,132,94,17,22,130,110,100,66,13" hai2="15,40,87,58,133,24,124,55,126,38,109,57,105" hai3="20,92,56,1,63,19,84,50,39,96,47,106,135"/><T79/><D128/><U44/><E130/><V91/><F109/><W25/><G135/><T18/><D101/><U53/><E110/><V43/><F133/><W45/><G106/><T49/><D33/><U103/><E132/><V88/><F105/><W115/><G1/><T125/><D125/><N who="2" m="48234" /><F38/><W74/><G74/><T112/><D112/><U4/><E85/><V89/><F87/><W30/><G84/><T129/><D129/><U120/><E120/><V76/><F76/><W86/><G86/><T31/><D67/><U114/><E114/><V54/><F15/><W0/><G0/><T59/><D31/><U78/><E78/><V28/><F58/><W97/><G96/><T32/><D32/><U73/><E73/><V11/><F11/><W60/><G115/><T131/><D131/><U75/><E75/><V61/><F55/><N who="3" m="31863" /><G39/><T46/><D81/><U69/><E13/><V12/><F12/><W104/><G104/><T82/><D82/><U123/><E123/><V52/><F54/><W29/><G47/><T65/><D79/><U9/><E9/><V70/><F70/><W68/><G45/><T117/><D21/><AGARI ba="0,0" hai="21,24,28,40,43,52,57,61,88,89,91" m="48234" machi="21" ten="30,7700,0" yaku="18,1,52,1,54,2" doraHai="48" who="2" fromWho="0" sc="250,-77,250,0,250,77,250,0" /><INIT seed="1,0,0,4,3,113" ten="173,250,327,250" oya="1" hai0="25,118,121,30,45,62,1,82,19,2,41,56,63" hai1="90,85,44,72,130,79,65,10,23,38,66,39,5" hai2="119,98,68,107,58,105,106,33,110,75,115,49,6" hai3="109,35,54,57,21,17,111,135,18,100,27,42,8"/><U67/><E130/><V22/><F33/><W29/><G100/><T76/><D19/><N who="3" m="7177" /><G54/><T34/><D121/><U59/><E23/><V95/><F68/><W77/><G57/><T132/><D132/><U112/><E112/><V3/><F75/><W0/><G42/><T26/><D26/><U51/><E59/><V7/><F49/><W50/><G77/><T96/><D96/><U117/><E72/><V52/><F22/><W87/><G87/><T31/><D31/><U89/><E89/><V84/><F84/><W40/><G40/><T94/><D94/><U91/><E38/><V4/><F52/><W13/><G50/><T129/><D129/><U88/><E39/><V11/><F58/><W123/><G123/><T16/><D16/><U97/><E97/><V128/><F128/><W71/><G71/><T24/><D24/><U125/><E79/><V60/><F60/><W73/><G73/><N who="0" m="43279" /><D63/><U12/><E85/><V20/><F115/><W133/><G21/><T64/><D118/><U122/><E117/><V46/><F119/><W55/><G55/><T74/><D74/><U108/><E122/><V14/><F20/><W32/><G13/><T80/><D80/><U124/><REACH who="1" step="1"/><E108/><REACH who="1" ten="173,240,327,250" step="2"/><N who="3" m="41546" /><G32/><T53/><D64/><U70/><E70/><V99/><F110/><W81/><G81/><T9/><D56/><U92/><E92/><V36/><F95/><W126/><G35/><T83/><D34/><U134/><E134/><V131/><F131/><W103/><G133/><T127/><D83/><U114/><E114/><V101/><F99/><W28/><G135/><T43/><D45/><RYUUKYOKU ba="0,1" sc="173,-10,240,30,327,-10,250,-10" hai1="5,10,12,44,51,65,66,67,88,90,91,124,125" /><INIT seed="1,1,1,4,0,98" ten="163,270,317,240" oya="1" hai0="86,58,99,78,97,109,12,61,95,64,100,59,131" hai1="110,82,10,30,7,18,75,80,25,0,53,115,2" hai2="118,42,96,23,65,101,73,63,120,9,57,40,41" hai3="45,83,111,28,130,29,27,71,117,22,134,26,93"/><U89/><E115/><V54/><F118/><W14/><G71/><T116/><D116/><U3/><E110/><V125/><F120/><W121/><G121/><T123/><D123/><U124/><E124/><V119/><F119/><W74/><G117/><T112/><D109/><U126/><E126/><V105/><F125/><W107/><G107/><T87/><D112/><U20/><E53/><V37/><F73/><W91/><G111/><T16/><D131/><U102/><E102/><V66/><F37/><W88/><G130/><T24/><D59/><U106/><E106/><V132/><F132/><W46/><G14/><T36/><D36/><U79/><E89/><V94/><F105/><W70/><G70/><T44/><D78/><U55/><E80/><V34/><F34/><W15/><G15/><T48/><D24/><U60/><E60/><V11/><F23/><W33/><G134/><T19/><D99/><U68/><E68/><V76/><F76/><W72/><G83/><T129/><D129/><U84/><E75/><V47/><F47/><W114/><G114/><T32/><D32/><U52/><E0/><V13/><REACH who="2" step="1"/><F9/><REACH who="2" ten="163,270,307,240" step="2"/><W127/><G127/><T108/><D108/><U128/><E128/><V5/><AGARI ba="1,2" hai="5,11,13,40,41,42,54,57,63,65,66,94,96,101" machi="5" ten="30,12000,2" yaku="1,1,2,1,0,1,8,1,52,1,53,1" doraHai="98" doraHaiUra="51" who="2" fromWho="2" sc="163,-31,270,-61,307,143,240,-31" /><INIT seed="2,0,0,4,4,37" ten="132,209,450,209" oya="2" hai0="109,65,48,18,78,126,95,88,17,124,117,40,102" hai1="53,50,22,28,46,56,7,14,72,108,64,130,3" hai2="97,110,81,104,58,51,45,67,66,87,59,125,75" hai3="101,74,80,127,15,119,118,1,39,23,8,25,123"/><V103/><F75/><W86/><G39/><T83/><D65/><U6/><E72/><V41/><F125/><N who="0" m="48234" /><D102/><U36/><E3/><V92/><F104/><W13/><G127/><T112/><D112/><U4/><E108/><V19/><F110/><W107/><G123/><T62/><D62/><N who="1" m="37959" /><E36/><V20/><F67/><W113/><G74/><N who="0" m="43479" /><D109/><U105/><E105/><V128/><F128/><W2/><G113/><T70/><D70/><U54/><E130/><V116/><F116/><W31/><G101/><T61/><D61/><U38/><E38/><V131/><F66/><W121/><G107/><T49/><D49/><U129/><E129/><V11/><F11/><W69/><G69/><T96/><D117/><U106/><E106/><V134/><F134/><W89/><G121/><T9/><D9/><N who="1" m="4391" /><E53/><V85/><F131/><W115/><G115/><T0/><D0/><U10/><E10/><V12/><F87/><W35/><G2/><T44/><AGARI ba="0,0" hai="17,18,40,44,48,88,95,96" m="43479,48234" machi="44" ten="30,4000,0" yaku="18,1,52,1,54,1" doraHai="37" who="0" fromWho="0" sc="132,40,209,-10,450,-20,209,-10" /><INIT seed="3,0,0,4,1,35" ten="172,199,430,199" oya="3" hai0="111,128,66,83,105,117,80,116,90,92,17,103,25" hai1="15,16,20,58,126,38,19,101,24,91,129,98,99" hai2="78,123,51,59,26,21,114,127,93,87,44,56,41" hai3="113,72,27,88,3,36,43,45,2,100,18,63,134"/><W71/><G72/><T46/><D66/><U30/><E38/><V28/><F114/><W11/><G113/><T133/><D46/><U124/><E129/><V37/><F127/><N who="1" m="48681" /><E58/><V96/><F123/><W112/><G112/><T12/><D25/><U57/><E91/><N who="2" m="55359" /><F37/><W49/><G100/><T7/><D7/><U62/><E101/><V40/><F40/><W65/><G134/><T54/><D133/><U33/><E19/><V107/><F107/><W10/><G36/><T32/><D32/><U68/><E68/><V97/><F97/><W131/><G131/><T5/><D5/><U0/><E0/><V104/><F104/><W75/><G75/><T89/><D128/><U6/><E6/><V85/><F85/><W55/><G43/><T13/><D103/><U121/><E121/><V74/><F74/><W9/><REACH who="3" step="1"/><G88/><REACH who="3" ten="172,199,430,189" step="2"/><N who="0" m="33899" /><D116/><U60/><E60/><V29/><F87/><W84/><G84/><T14/><D117/><U77/><E77/><V73/><F78/><W122/><G122/><T86/><D86/><U82/><E82/><N who="0" m="31273" /><D111/><U53/><AGARI ba="0,1" hai="15,16,20,24,30,33,53,57,62,98,99" m="48681" machi="53" ten="30,2000,0" yaku="18,1,54,1" doraHai="35" who="1" fromWho="1" sc="172,-5,199,30,430,-5,189,-10" owari="167,-33.0,229,3.0,425,52.0,179,-22.0" /></mjloggm>