<mjloggm ver="2.3"><GO type="225" lobby="0"/><UN n0="%E3%81%A8%E3%82%89%E3%81%84%E3%81%A1" n1="%E4%B8%89%E6%9B%BD%E6%9C%A8%E5%85%AC%E4%BB%8B" n2="%E3%81%AB%E3%81%9B%E6%82%9F%E7%A9%BA" n3="%E7%AB%8B%E8%8F%AF%E5%A5%8F" dan="16,16,17,16" rate="2044.91,2074.79,2172.70,2172.73" sx="M,M,M,F"/><TAIKYOKU oya="0"/><INIT seed="0,0,0,0,3,64" ten="250,250,250,250" oya="0" hai0="21,120,9,60,117,67,118,107,102,108,42,4,123" hai1="93,65,31,1,36,62,109,101,81,12,50,131,106" hai2="79,34,125,73,91,80,41,51,48,113,96,78,66" hai3="17,114,24,75,71,103,33,23,99,3,32,5,134"/><T88/><D108/><U74/><E1/><V132/><F113/><W16/><G75/><T0/><D21/><U43/><E36/><V19/><F34/><W6/><G114/><T116/><D42/><U27/><E109/><V86/><F132/><W47/><G134/><T112/><D112/><U70/><E131/><V97/><F125/><W22/><G47/><T128/><D128/><U14/><E81/><V45/><F79/><W46/><G46/><T37/><D37/><U90/><E74/><V8/><F51/><W126/><G126/><T28/><D28/><U58/><E43/><V29/><F66/><W49/><G49/><T2/><D2/><U56/><E93/><V76/><F29/><W105/><G71/><N who="0" m="42471" /><D88/><U18/><E90/><V87/><F73/><W84/><G84/><T111/><D111/><U52/><E58/><V110/><F110/><W59/><G59/><T13/><D13/><U89/><E18/><V11/><F78/><W61/><G61/><T85/><D85/><U68/><E89/><V10/><REACH who="2" step="1"/><F19/><REACH who="2" ten="250,250,240,250" step="2"/><W30/><G30/><T129/><D129/><U82/><E70/><V55/><F55/><W124/><G124/><T83/><D83/><AGARI ba="0,1" hai="8,10,11,41,45,48,76,80,83,86,87,91,96,97" machi="83" ten="40,2600,0" yaku="1,1,8,1,53,0" doraHai="64" doraHaiUra="54" who="2" fromWho="0" sc="250,-26,250,0,240,36,250,0" /><INIT seed="1,0,0,2,4,118" ten="224,250,276,250" oya="1" hai0="33,123,5,49,59,135,3,32,82,25,42,10,66" hai1="6,19,83,74,125,34,43,94,81,56,17,103,60" hai2="127,63,67,122,109,9,84,76,97,93,64,129,104" hai3="61,115,96,85,114,112,51,86,62,80,27,78,98"/><U39/><E34/><V7/><F109/><W15/><G27/><T40/><D135/><U105/><E105/><V35/><F35/><W134/><G134/><T87/><D123/><U88/><E125/><V16/><F127/><W20/><G51/><T91/><D25/><U71/><E71/><V89/><F129/><W69/><G69/><T120/><D120/><U47/><E103/><V126/><F126/><W14/><G20/><T24/><D33/><U44/><E6/><V13/><F122/><W108/><G108/><T50/><D50/><U1/><E1/><V75/><F63/><W111/><G111/><T11/><D11/><U29/><E29/><V119/><F119/><W72/><G72/><T130/><D130/><U58/><E47/><V31/><F31/><W68/><G68/><T79/><D79/><U45/><E45/><V113/><F113/><W106/><G106/><T55/><REACH who="0" step="1"/><D66/><REACH who="0" ten="214,250,276,250" step="2"/><U4/><E4/><V132/><F132/><W95/><G115/><T48/><D48/><U124/><E124/><V70/><F7/><W30/><G114/><T128/><D128/><U65/><E58/><V18/><F70/><W101/><G112/><T46/><D46/><U36/><E36/><V107/><F64/><W57/><G78/><T21/><D21/><U131/><E131/><V92/><F67/><W53/><G61/><T102/><D102/><U77/><REACH who="1" step="1"/><E83/><REACH who="1" ten="214,240,276,250" step="2"/><V99/><F107/><N who="3" m="63911" /><G80/><T38/><D38/><U117/><E117/><V73/><F104/><W2/><G2/><T54/><D54/><U37/><E37/><V8/><F92/><W52/><G53/><RYUUKYOKU ba="0,2" sc="214,15,240,15,276,-15,250,-15" hai0="3,5,10,24,32,40,42,49,55,59,82,87,91" hai1="17,19,39,43,44,56,60,65,74,77,81,88,94" /><INIT seed="1,1,2,4,3,122" ten="229,255,261,235" oya="1" hai0="20,13,129,54,107,19,110,29,114,134,81,58,15" hai1="108,12,97,25,52,37,91,33,78,92,74,22,59" hai2="72,130,103,9,126,102,131,98,30,109,87,94,104" hai3="65,14,69,127,123,55,135,64,49,119,99,39,31"/><U7/><E37/><V124/><F30/><W5/><G123/><T95/><D114/><U121/><E121/><V51/><F51/><W61/><G119/><T17/><D107/><U118/><E118/><V8/><F8/><W73/><G73/><T116/><D116/><U133/><E33/><V105/><F9/><W6/><G39/><T45/><D110/><U16/><E133/><V79/><F109/><W111/><G111/><T27/><D134/><U21/><E108/><V23/><F23/><W50/><G135/><T47/><D81/><U115/><E115/><V88/><F72/><W46/><G64/><T1/><D1/><U71/><E71/><V11/><F11/><W101/><G127/><N who="2" m="48681" /><F79/><W28/><G49/><N who="0" m="31055" /><D129/><N who="2" m="49162" /><F103/><W120/><G120/><T76/><D76/><U4/><E78/><V82/><AGARI ba="1,2" hai="82,87,88,94,98,102,104,105" m="49162,48681" machi="82" ten="30,8000,1" yaku="18,1,19,1,34,2,54,1" doraHai="122" who="2" fromWho="2" sc="229,-21,255,-41,261,103,235,-21" /><INIT seed="2,0,0,3,0,119" ten="208,214,364,214" oya="2" hai0="6,46,14,85,129,45,60,111,71,97,75,73,84" hai1="68,59,91,72,16,122,92,90,130,115,4,135,38" hai2="12,34,2,134,133,62,87,42,80,118,89,55,54" hai3="63,43,64,58,78,104,123,74,125,51,18,86,17"/><V49/><F2/><W106/><G74/><T69/><D97/><U29/><E68/><N who="0" m="26185" /><D60/><U88/><E38/><V107/><F107/><W23/><G125/><T96/><D96/><U76/><E115/><V52/><F118/><W8/><G104/><T82/><D14/><U117/><E117/><V120/><F120/><W9/><G106/><T108/><D6/><U25/><E4/><V47/><F34/><W103/><G103/><T100/><D100/><U99/><E135/><N who="2" m="51723" /><F12/><W5/><G123/><T33/><D33/><U1/><E130/><V131/><F131/><W109/><G109/><N who="0" m="42059" /><D85/><U61/><E1/><V102/><F102/><W35/><G35/><T132/><D132/><U121/><E29/><V66/><F66/><W98/><G98/><T15/><D15/><U57/><E72/><N who="0" m="27721" /><D129/><U127/><E76/><AGARI ba="0,0" hai="45,46,76,82,84" m="27721,42059,26185" machi="76" ten="40,1300,0" yaku="14,1" doraHai="119" who="0" fromWho="1" sc="208,13,214,-13,364,0,214,0" /><INIT seed="3,0,0,2,3,34" ten="221,201,364,214" oya="3" hai0="25,5,67,48,133,49,83,44,21,92,111,132,135" hai1="88,89,98,72,68,2,74,105,125,115,62,40,94" hai2="80,113,127,52,57,8,20,103,85,102,42,123,24" hai3="13,3,31,112,124,70,64,43,56,75,39,60,87"/><W55/><G75/><T118/><D118/><U0/><E115/><V107/><F113/><W53/><G112/><T122/><D122/><U77/><E40/><V12/><F127/><W116/><G116/><T104/><D104/><U27/><E125/><V84/><F42/><W106/><G106/><T109/><D5/><U51/><E51/><N who="0" m="19529" /><D44/><U59/><E68/><V81/><F85/><W96/><G124/><T22/><D92/><U50/><E50/><N who="2" m="30871" /><F107/><W32/><G87/><T4/><D4/><U119/><E119/><V71/><F71/><W54/><G13/><T19/><D67/><U61/><E105/><V33/><F33/><W28/><G96/><T65/><D65/><U97/><E27/><V110/><F123/><W86/><G86/><T46/><D46/><U79/><E59/><V130/><F81/><W114/><G114/><T66/><D83/><U11/><E11/><V73/><F73/><W17/><G17/><N who="0" m="12463" /><D66/><U126/><E126/><V41/><F41/><W18/><G18/><T16/><D19/><U6/><E6/><V45/><F45/><N who="3" m="23807" /><G70/><T101/><D101/><U100/><E94/><V117/><F102/><AGARI ba="0,0" hai="0,2,61,62,72,74,77,79,88,89,97,98,100,102" machi="102" ten="25,8000,1" yaku="22,2,52,2,54,1" doraHai="34" who="1" fromWho="2" sc="221,0,201,80,364,-80,214,0" /><INIT seed="4,0,0,2,0,33" ten="221,281,284,214" oya="0" hai0="68,51,46,124,43,6,13,71,55,4,47,77,56" hai1="83,35,41,65,28,75,132,53,97,11,108,96,88" hai2="100,39,22,109,101,85,73,20,102,29,110,111,45" hai3="34,37,117,3,23,106,118,95,32,128,126,2,54"/><T129/><D129/><U86/><E108/><V17/><F73/><W76/><G76/><T30/><D124/><U82/><E132/><V18/><F85/><W104/><G95/><T38/><D30/><U107/><E65/><V91/><F91/><W74/><G23/><N who="2" m="8745" /><F45/><W98/><G98/><T89/><D77/><U99/><E41/><V131/><F29/><W42/><G42/><N who="0" m="22871" /><D89/><U50/><E35/><N who="3" m="13354" /><G54/><T62/><D13/><U79/><E28/><V103/><F103/><W90/><G90/><T72/><D6/><U40/><E40/><V7/><F39/><W81/><G81/><T59/><D4/><U114/><E11/><V133/><F7/><W112/><G37/><N who="0" m="21999" /><D72/><U57/><REACH who="1" step="1"/><E114/><REACH who="1" ten="221,271,284,214" step="2"/><V16/><F131/><W87/><G128/><T24/><D24/><U44/><E44/><V9/><F133/><W122/><G112/><T52/><AGARI ba="0,1" hai="51,52,55,56,59,62,68,71" m="21999,22871" machi="52" ten="30,18000,2" yaku="35,5,54,1" doraHai="33" who="0" fromWho="0" sc="221,190,271,-60,284,-60,214,-60" owari="411,52.0,211,-19.0,224,2.0,154,-35.0" /></mjloggm>