<mjloggm ver="2.3"><GO type="185" lobby="0"/><UN n0="%E3%81%82%E3%81%B9%E3%81%97%E3%81%A3%E3%81%A3" n1="%63%61%6C%63%2E" n2="%41%2E%4B%39%6D%65%63" n3="" dan="16,19,18,0" rate="2213.08,2395.62,2353.64,1500.00" sx="M,M,M,C"/><TAIKYOKU oya="0"/><INIT seed="0,0,0,3,0,117" ten="350,350,350,0" oya="0" hai0="118,34,131,133,47,91,67,101,58,96,71,36,46" hai1="41,129,70,104,68,75,45,93,119,51,86,0,43" hai2="103,48,32,57,37,38,50,2,40,113,74,125,102" hai3=""/><T123/><N who="0" m="31520" /><T98/><D34/><U77/><E119/><V99/><F113/><T59/><D118/><U120/><N who="1" m="30752" /><U111/><E0/><V65/><F2/><T62/><D133/><U92/><E104/><V72/><F125/><T127/><D127/><U44/><E111/><V100/><F99/><T132/><D132/><U69/><E75/><V56/><F102/><T82/><D131/><U55/><E129/><V124/><F124/><T87/><D98/><U130/><E130/><V110/><F65/><T35/><D35/><U121/><N who="1" m="31008" /><U105/><E105/><V81/><F81/><T63/><D36/><U73/><E73/><V89/><F32/><T107/><REACH who="0" step="1"/><D71/><REACH who="0" ten="340,350,350,0" step="2"/><U126/><E126/><V61/><F37/><T66/><AGARI ba="0,1" hai="46,47,58,59,62,63,66,67,82,87,91,96,101,107" m="31520" machi="66" ten="20,16000,3" yaku="1,1,2,1,0,1,7,1,9,1,52,2,53,2" doraHai="117" doraHaiUra="54" who="0" fromWho="0" sc="340,170,350,-80,350,-80,0,0" /><INIT seed="0,1,0,5,2,120" ten="510,270,270,0" oya="0" hai0="35,44,106,68,119,122,107,63,81,75,64,65,91" hai1="84,112,127,52,59,125,49,80,118,102,32,74,104" hai2="94,99,33,111,134,126,123,1,70,113,86,121,83" hai3=""/><T62/><N who="0" m="31264" /><T48/><D35/><U79/><E118/><V96/><N who="2" m="31008" /><V109/><N who="2" m="31520" /><V101/><F1/><T55/><D119/><U100/><E32/><V78/><F33/><T60/><D60/><U98/><E112/><V92/><F70/><T116/><D116/><U95/><E102/><V45/><F45/><T43/><D43/><U50/><E50/><V72/><F113/><T3/><D3/><U93/><REACH who="1" step="1"/><E74/><REACH who="1" ten="510,260,270,0" step="2"/><V132/><F72/><T37/><D37/><U117/><E117/><V105/><F105/><T129/><D129/><U66/><E66/><V57/><F126/><AGARI ba="1,1" hai="49,52,59,79,80,84,93,95,98,100,104,125,126,127" machi="126" ten="40,8000,1" yaku="1,1,18,1,54,1,53,2" doraHai="120" doraHaiUra="88" who="1" fromWho="2" sc="510,0,260,92,270,-82,0,0" /><INIT seed="1,0,0,4,5,1" ten="510,352,188,0" oya="1" hai0="66,84,130,85,41,122,51,106,103,32,78,131,120" hai1="109,65,92,90,45,93,104,81,43,127,35,87,42" hai2="132,107,129,34,91,98,121,115,118,49,133,74,116" hai3=""/><U63/><E104/><V69/><RYUUKYOKU type="yao9" ba="0,0" sc="510,0,352,0,188,0,0,0" hai2="34,49,69,74,91,98,107,115,116,118,121,129,132,133" /><INIT seed="1,1,0,5,1,88" ten="510,352,188,0" oya="1" hai0="83,66,52,110,107,77,121,57,73,117,106,42,35" hai1="65,118,53,94,89,133,70,127,82,67,80,125,44" hai2="103,131,135,36,105,32,56,59,78,112,74,40,51" hai3=""/><U86/><E118/><V68/><F68/><T96/><N who="0" m="31008" /><T46/><D35/><U101/><E133/><V34/><F135/><T108/><D66/><U48/><E80/><V120/><N who="2" m="30752" /><V129/><F36/><T95/><D117/><U81/><E81/><V113/><F78/><T33/><D33/><N who="2" m="12906" /><F74/><T72/><D72/><U87/><E101/><V0/><F0/><T90/><D110/><U64/><REACH who="1" step="1"/><E70/><REACH who="1" ten="510,342,188,0" step="2"/><V100/><F100/><T126/><D108/><U3/><E3/><V69/><F69/><T45/><D126/><U98/><E98/><V128/><F103/><T75/><D75/><U130/><E130/><V85/><F105/><T92/><D107/><U1/><E1/><V111/><F85/><T115/><D106/><U41/><E41/><V122/><N who="2" m="31264" /><V2/><F2/><T37/><D96/><U63/><E63/><V123/><N who="2" m="31520" /><V104/><F104/><T60/><D83/><U119/><E119/><V43/><F111/><T99/><D73/><U79/><AGARI ba="1,1" hai="44,48,53,64,65,67,79,82,86,87,89,94,125,127" machi="79" ten="30,8000,1" yaku="1,1,0,1,52,1,53,2" doraHai="88" doraHaiUra="132" who="1" fromWho="1" sc="510,-41,342,92,188,-41,0,0" /><INIT seed="1,2,0,0,1,91" ten="469,434,147,0" oya="1" hai0="62,49,77,124,56,58,60,48,101,129,70,43,1" hai1="123,93,105,115,72,83,102,106,89,113,50,121,86" hai2="87,39,33,135,109,96,66,57,118,134,41,104,120" hai3=""/><U38/><N who="1" m="31008" /><U119/><N who="1" m="31520" /><U54/><E38/><V116/><N who="2" m="30752" /><V94/><F33/><T82/><D1/><U76/><E119/><V132/><F104/><T92/><D124/><U125/><E125/><V3/><F3/><T71/><D129/><U111/><E111/><V127/><F109/><T0/><D0/><U131/><E131/><V75/><F75/><T100/><D43/><U52/><E54/><V79/><F127/><T95/><D82/><U37/><E37/><V110/><F110/><T128/><D128/><U108/><E108/><V97/><F39/><T122/><N who="0" m="31264" /><T80/><D80/><U63/><E63/><V114/><F41/><T99/><D99/><N who="2" m="37962" /><F114/><T117/><REACH who="0" step="1"/><D77/><REACH who="0" ten="459,434,147,0" step="2"/><U61/><E113/><V44/><F79/><T65/><D65/><U133/><E115/><V73/><F66/><T42/><D42/><U32/><E76/><V35/><F118/><AGARI ba="2,1" hai="48,49,56,58,60,62,70,71,92,95,100,101,117,118" m="31264" machi="118" ten="25,16000,3" yaku="1,1,22,2,52,3,53,2" doraHai="91" doraHaiUra="90" who="0" fromWho="2" sc="459,174,434,0,147,-164,0,0" owari="633,59.0,434,3.0,-17,-62.0,0,0.0" /></mjloggm>