<mjloggm ver="2.3"><GO type="169" lobby="0"/><UN n0="%73%69%6E%73%69%73%74" n1="%E3%83%8E%E3%82%AA%E3%83%81%E3%83%A3%E3%83%99%E3%82%B9" n2="%31%74%61" n3="%E4%B8%80%E8%93%AE%E5%B3%BB%E6%BD%A4" dan="18,16,17,18" rate="2226.78,2086.50,2165.86,2246.22" sx="M,M,M,M"/><TAIKYOKU oya="0"/><INIT seed="0,0,0,3,2,46" ten="250,250,250,250" oya="0" hai0="56,53,0,75,55,62,58,3,120,10,11,57,91" hai1="73,49,116,133,121,17,20,25,14,76,117,127,135" hai2="22,42,105,27,126,70,96,67,44,106,113,13,90" hai3="8,63,64,5,2,98,28,79,18,111,84,124,40"/><T66/><D120/><U23/><E73/><V51/><F113/><W50/><G111/><T122/><D122/><U92/><E76/><V35/><F126/><W100/><G124/><T37/><D75/><U41/><E92/><V6/><F35/><W132/><G132/><N who="1" m="50762" /><E127/><V101/><F90/><W29/><G18/><T16/><D37/><U119/><E121/><V80/><F80/><W68/><G79/><T15/><D91/><U19/><E41/><V86/><F86/><W12/><G2/><T21/><D0/><U93/><E93/><V109/><F109/><W110/><G84/><T1/><D1/><U60/><E60/><V32/><F32/><W131/><G131/><T103/><D103/><U130/><E49/><V33/><F105/><W7/><G7/><T48/><D3/><U134/><E134/><V43/><F43/><W104/><G110/><T94/><D94/><U95/><E95/><V102/><F102/><W88/><G88/><T72/><D72/><U59/><E59/><V77/><F77/><W34/><G34/><T52/><D66/><U123/><E123/><V74/><F74/><W36/><G36/><T114/><D114/><U81/><E81/><V31/><F22/><W61/><G61/><AGARI ba="0,0" hai="10,11,15,16,21,48,52,53,55,56,57,58,61,62" machi="61" ten="30,18000,2" yaku="7,1,9,1,8,1,52,1,54,2" doraHai="46" who="0" fromWho="3" sc="250,180,250,0,250,0,250,-180" /><INIT seed="0,1,0,5,1,84" ten="430,250,250,70" oya="0" hai0="86,44,28,130,116,54,109,108,10,3,89,110,129" hai1="96,83,15,123,56,88,103,6,8,67,60,59,23" hai2="33,113,57,1,132,53,48,63,76,64,118,77,105" hai3="0,99,21,120,69,20,11,51,101,127,74,66,35"/><T24/><D116/><U58/><E123/><V14/><F113/><W40/><G74/><T62/><D3/><U16/><E83/><V81/><F1/><W36/><G120/><T94/><D10/><U87/><E87/><V22/><F132/><W90/><G35/><T121/><D121/><U30/><E30/><V49/><F33/><W134/><G36/><T29/><D29/><U91/><E59/><N who="2" m="36991" /><F105/><W34/><G127/><T50/><D62/><U79/><E79/><N who="2" m="30283" /><F118/><W95/><G34/><AGARI ba="1,0" hai="24,28,34,44,50,54,86,89,94,108,109,110,129,130" machi="34" ten="40,7700,0" yaku="14,1,10,1,52,1" doraHai="84" who="0" fromWho="3" sc="430,80,250,0,250,0,70,-80" owari="510,61.0,250,5.0,250,-15.0,-10,-51.0" /></mjloggm>