<mjloggm ver="2.3"><GO type="169" lobby="0"/><UN n0="%E3%82%B7%E3%83%B3%E3%83%95%E3%82%A9%E3%83%8B%E3%82%A2" n1="%54%6F%6B%75%63%68%69" n2="%E5%A4%A7%E8%BE%BB" n3="%52%45%49%4E%E6%A3%AE%E4%B9%85%E4%BF%9D%50" dan="18,17,16,16" rate="2244.06,2193.23,2090.38,2125.71" sx="M,M,M,M"/><TAIKYOKU oya="0"/><INIT seed="0,0,0,0,2,72" ten="250,250,250,250" oya="0" hai0="109,87,93,75,19,38,22,133,89,92,32,81,64" hai1="45,29,111,135,54,21,59,9,82,128,66,17,121" hai2="94,110,98,68,105,102,86,44,2,100,18,35,91" hai3="83,23,1,123,113,130,57,3,116,15,69,0,80"/><T95/><D133/><U76/><E121/><V51/><F68/><W85/><G69/><T52/><D32/><U125/><E111/><V84/><F2/><W37/><G37/><T122/><D122/><U24/><E128/><V106/><F35/><W30/><G116/><T27/><D38/><U115/><E125/><V131/><F131/><W10/><G123/><T117/><D117/><U34/><E135/><V48/><F110/><W13/><G113/><T56/><D109/><U14/><E45/><V39/><F39/><W127/><G130/><T8/><D8/><U16/><E115/><V20/><F84/><W12/><G127/><T41/><D41/><U77/><E66/><V6/><F6/><W40/><G40/><T120/><D120/><U126/><E82/><V28/><F28/><W119/><G119/><T49/><REACH who="0" step="1"/><D64/><REACH who="0" ten="240,250,250,250" step="2"/><U101/><E126/><V103/><F106/><W7/><G10/><T62/><D62/><U5/><E101/><V96/><F105/><W25/><G7/><T53/><D53/><U73/><E73/><AGARI ba="0,1" hai="19,22,27,49,52,56,73,75,81,87,89,92,93,95" machi="73" ten="40,3900,0" yaku="1,1,54,1,53,0" doraHai="72" doraHaiUra="108" who="0" fromWho="1" sc="240,49,250,-39,250,0,250,0" /><INIT seed="0,1,0,0,0,52" ten="289,211,250,250" oya="0" hai0="54,32,12,95,99,20,126,131,66,90,130,132,127" hai1="93,62,109,35,97,5,125,135,105,68,120,21,67" hai2="44,111,58,70,121,3,103,41,13,9,59,75,110" hai3="6,23,82,108,80,117,39,64,76,60,4,27,122"/><T112/><D32/><U115/><E120/><V18/><F75/><W118/><G39/><T89/><D66/><U83/><E35/><V77/><F77/><W0/><G108/><N who="2" m="41513" /><F70/><W129/><G129/><N who="0" m="49163" /><D112/><U65/><E105/><V114/><F114/><W134/><G134/><T46/><D132/><U26/><E115/><V2/><F103/><W7/><G0/><N who="2" m="41" /><F121/><W104/><G104/><T81/><D20/><U50/><E125/><N who="0" m="47625" /><D12/><U71/><E21/><V106/><F106/><W101/><G101/><N who="0" m="60671" /><D81/><U96/><E83/><V45/><F45/><W84/><G82/><T123/><D123/><U17/><E135/><V24/><F24/><W74/><G122/><T91/><D91/><U42/><E26/><V79/><F79/><W22/><G22/><T124/><D124/><U56/><E109/><V8/><F8/><W47/><G47/><T102/><D102/><U69/><E69/><V86/><F86/><W34/><G34/><T119/><D119/><U14/><E68/><V88/><F88/><W61/><G74/><T28/><D28/><U94/><E71/><V49/><AGARI ba="1,0" hai="9,13,18,41,44,49,58,59" m="41,41513" machi="49" ten="30,4000,0" yaku="14,1,52,2" doraHai="52" who="2" fromWho="2" sc="289,-21,211,-11,250,43,250,-11" /><INIT seed="1,0,0,5,2,28" ten="268,200,293,239" oya="1" hai0="97,90,70,50,126,130,110,105,56,65,49,38,103" hai1="124,117,79,67,123,8,21,3,7,84,85,2,128" hai2="24,16,81,32,47,10,4,94,44,0,75,36,55" hai3="68,129,39,64,135,52,60,119,30,5,104,46,71"/><U26/><E117/><V89/><F55/><W57/><G104/><T61/><D110/><U86/><E123/><V76/><F36/><W92/><G92/><T74/><D130/><U100/><E128/><V63/><F63/><N who="3" m="36263" /><G30/><T96/><D38/><U125/><E79/><V114/><F114/><W12/><G12/><T42/><D126/><N who="1" m="48747" /><E67/><V20/><REACH who="2" step="1"/><F32/><REACH who="2" ten="268,200,283,239" step="2"/><W45/><G129/><T91/><D61/><U116/><E116/><V6/><F6/><W14/><G5/><T122/><D65/><U69/><E69/><N who="3" m="26698" /><G119/><T120/><D70/><U58/><E58/><V77/><F77/><W18/><G135/><T99/><D120/><U127/><E127/><V80/><F80/><W33/><G33/><T1/><D122/><U35/><E35/><V83/><F83/><W62/><G64/><T48/><D56/><U15/><E100/><V27/><F27/><W54/><G62/><T87/><D103/><U31/><AGARI ba="0,1" hai="2,3,7,8,15,21,26,31,84,85,86" m="48747" machi="31" ten="30,1500,0" yaku="18,1" doraHai="28" who="1" fromWho="1" sc="268,-5,200,25,283,-5,239,-5" /><INIT seed="1,1,0,3,3,127" ten="263,225,278,234" oya="1" hai0="62,92,55,63,133,103,58,5,94,119,49,11,97" hai1="41,24,96,70,59,42,1,116,82,76,114,125,132" hai2="101,53,66,17,43,124,93,120,4,26,45,67,129" hai3="87,27,88,61,22,108,6,111,35,2,128,60,95"/><U130/><E114/><V86/><F120/><W56/><G35/><T15/><D133/><U57/><E116/><V131/><F124/><W135/><G135/><T12/><D119/><U44/><E70/><V75/><F75/><W91/><G128/><N who="2" m="49225" /><F4/><W10/><G91/><T99/><REACH who="0" step="1"/><D12/><REACH who="0" ten="253,225,278,234" step="2"/><U100/><E130/><V83/><F26/><W18/><REACH who="3" step="1"/><G60/><REACH who="3" ten="253,225,278,224" step="2"/><T115/><D115/><U16/><E132/><V105/><F105/><W9/><G9/><T33/><D33/><U118/><E118/><V74/><F74/><W102/><G102/><AGARI ba="1,2" hai="5,11,15,49,55,58,62,63,92,94,97,99,102,103" machi="102" ten="30,7700,0" yaku="1,1,7,1,9,1,8,1,53,0" doraHai="127" doraHaiUra="117" who="0" fromWho="3" sc="253,100,225,0,278,0,224,-80" /><INIT seed="2,0,0,5,5,19" ten="353,225,278,144" oya="2" hai0="29,63,121,9,77,51,10,84,35,48,111,110,26" hai1="27,124,44,93,106,74,3,130,59,47,116,79,45" hai2="107,115,70,131,98,87,15,128,16,129,38,24,22" hai3="23,117,56,6,54,17,58,64,18,60,119,40,69"/><V57/><F38/><W71/><G6/><T104/><D121/><U134/><E106/><V25/><F70/><W37/><G17/><T97/><D63/><U66/><E116/><V94/><F115/><W39/><G18/><T20/><D35/><U62/><E3/><V55/><F107/><W67/><G23/><T42/><D77/><U49/><E134/><V65/><F65/><W132/><G132/><T7/><D84/><U36/><E36/><V33/><F33/><W32/><G32/><T0/><D10/><U21/><E130/><V95/><F95/><W61/><G54/><T96/><D96/><U126/><E93/><V81/><F81/><W108/><REACH who="3" step="1"/><G40/><REACH who="3" ten="353,225,278,134" step="2"/><T85/><D42/><U92/><E21/><V89/><REACH who="2" step="1"/><F98/><REACH who="2" ten="353,225,268,134" step="2"/><W101/><G101/><T86/><D97/><U88/><E66/><V123/><F123/><W4/><G4/><T73/><D7/><U113/><E113/><V28/><F28/><W112/><G112/><T75/><D29/><U43/><E43/><V76/><F76/><W68/><G68/><T100/><D100/><U102/><E102/><V34/><F34/><W114/><G114/><T125/><D104/><U122/><E79/><V82/><F82/><W30/><G30/><T46/><D75/><U78/><E78/><V31/><F31/><W127/><G127/><T11/><D73/><U14/><E74/><V83/><F83/><W2/><G2/><T12/><D125/><U118/><E126/><V80/><F80/><W1/><G1/><T41/><D0/><U133/><E124/><V5/><F5/><W103/><G103/><RYUUKYOKU ba="0,2" sc="353,-15,225,-15,268,15,134,15" hai2="15,16,22,24,25,55,57,87,89,94,128,129,131" hai3="37,39,56,58,60,61,64,67,69,71,108,117,119" /><INIT seed="2,1,2,2,3,88" ten="338,210,283,149" oya="2" hai0="97,91,64,127,25,15,106,83,128,35,101,107,104" hai1="133,134,90,132,95,94,72,28,49,10,47,7,114" hai2="43,3,99,122,121,68,75,45,80,120,39,44,16" hai3="6,46,78,89,9,20,119,87,66,85,17,58,2"/><V63/><F3/><W124/><G119/><T26/><D128/><U52/><E114/><V125/><F125/><W79/><G124/><T65/><D127/><U60/><E72/><V27/><F45/><W111/><G111/><T103/><D15/><N who="1" m="5599" /><E90/><V115/><F115/><W55/><G46/><T110/><D110/><U74/><E74/><V48/><F99/><W18/><G85/><T21/><D35/><U11/><E11/><V53/><F80/><W86/><G86/><T8/><D8/><U57/><E28/><V81/><F81/><W71/><G18/><T130/><D130/><U102/><E102/><V37/><F75/><W19/><G19/><T30/><D26/><U4/><E4/><V92/><F92/><W32/><G66/><AGARI ba="1,2" hai="47,49,52,57,60,66,94,95,132,133,134" m="5599" machi="66" ten="30,7700,0" yaku="20,1,52,2,54,1" doraHai="88" who="1" fromWho="3" sc="338,0,210,100,283,0,149,-80" /><INIT seed="3,0,0,0,1,22" ten="338,310,283,69" oya="3" hai0="39,94,130,29,116,85,44,42,50,12,40,10,126" hai1="135,47,110,118,33,120,101,95,24,19,37,122,62" hai2="98,97,9,6,123,112,96,127,117,7,64,41,106" hai3="0,70,119,73,105,16,56,1,107,11,79,60,49"/><W74/><G119/><T129/><D116/><U67/><E118/><V124/><F117/><RYUUKYOKU type="kaze4" ba="0,0" sc="338,0,310,0,283,0,69,0" /><INIT seed="3,1,0,3,2,7" ten="338,310,283,69" oya="3" hai0="33,127,45,75,76,115,27,18,39,5,38,63,91" hai1="59,42,116,41,52,6,73,4,54,44,124,86,2" hai2="65,102,98,49,47,1,53,103,72,35,10,0,123" hai3="61,110,99,57,24,37,78,131,93,31,36,43,71"/><W81/><G110/><T92/><D127/><U8/><E73/><V88/><F72/><W30/><G71/><T113/><D63/><U51/><E124/><V17/><F35/><W104/><G104/><T62/><D62/><U109/><E109/><V69/><F123/><W46/><G37/><T108/><D108/><U21/><E116/><V58/><F69/><W74/><G131/><T125/><D125/><U14/><E86/><V79/><F79/><W89/><REACH who="3" step="1"/><G24/><REACH who="3" ten="338,310,283,59" step="2"/><T64/><D39/><U29/><E29/><V101/><F65/><AGARI ba="1,1" hai="30,31,36,43,46,57,61,65,74,78,81,89,93,99" machi="65" ten="30,5800,0" yaku="1,1,2,1,7,1,53,0" doraHai="7" doraHaiUra="132" who="3" fromWho="2" sc="338,0,310,0,283,-61,59,71" /><INIT seed="3,2,0,1,0,121" ten="338,310,222,130" oya="3" hai0="108,20,93,10,89,87,79,70,126,5,86,76,56" hai1="122,0,132,13,129,57,24,85,31,34,80,37,75" hai2="50,124,46,15,73,95,117,68,44,125,130,41,91" hai3="106,66,118,103,33,82,77,131,6,22,61,32,62"/><W111/><G118/><T28/><D70/><U16/><E122/><V7/><F68/><W58/><G131/><T105/><D105/><U127/><E37/><V45/><F130/><W2/><G111/><T94/><D126/><U42/><E42/><V104/><F104/><W96/><G62/><T135/><D108/><U74/><E0/><V25/><F73/><W9/><REACH who="3" step="1"/><G22/><REACH who="3" ten="338,310,222,120" step="2"/><T55/><D20/><U1/><E129/><V49/><F117/><W101/><G101/><T102/><D102/><U83/><E127/><V133/><F125/><W116/><G116/><T114/><D114/><U35/><E35/><V63/><F63/><W72/><AGARI ba="2,1" hai="2,6,9,32,33,58,61,66,72,77,82,96,103,106" machi="72" ten="20,12000,1" yaku="1,1,0,1,7,1,53,2" doraHai="121" doraHaiUra="30" who="3" fromWho="3" sc="338,-42,310,-42,222,-42,120,136" /><INIT seed="3,3,0,0,1,129" ten="296,268,180,256" oya="3" hai0="119,103,126,22,118,77,73,26,58,2,63,15,16" hai1="21,69,6,98,35,31,66,7,124,25,122,94,121" hai2="61,102,91,32,12,96,104,57,76,45,50,88,5" hai3="47,116,74,48,44,27,84,71,38,72,115,33,68"/><W109/><G116/><T65/><D2/><U125/><E66/><V87/><F32/><W60/><G115/><T11/><D126/><N who="1" m="48747" /><E69/><V4/><F76/><W117/><G117/><T30/><D73/><U51/><E51/><V113/><F12/><W108/><G84/><T123/><D123/><N who="1" m="47115" /><E35/><V132/><F132/><W3/><G3/><T24/><D77/><U80/><E80/><V23/><F23/><W120/><G120/><T8/><D103/><AGARI ba="3,0" hai="6,7,21,25,31,94,98,103" m="47115,48747" machi="103" ten="30,1000,0" yaku="18,1" doraHai="129" who="1" fromWho="0" sc="296,-19,268,19,180,0,256,0" /><INIT seed="4,0,0,0,5,115" ten="277,287,180,256" oya="0" hai0="36,91,11,119,87,135,131,134,57,74,79,96,116" hai1="102,49,12,108,133,4,33,17,92,117,44,69,127" hai2="113,54,81,124,3,14,100,9,132,51,121,0,5" hai3="46,109,50,52,97,123,55,40,25,126,21,63,6"/><T56/><D36/><U29/><E69/><V39/><F39/><W32/><G109/><T28/><D28/><U114/><E108/><V20/><F121/><W30/><G126/><T80/><D131/><U122/><E122/><V1/><F113/><W67/><G123/><T103/><D11/><U61/><E4/><V7/><F124/><W58/><G6/><T65/><D56/><U18/><E133/><N who="0" m="50697" /><D57/><U99/><E127/><V53/><F132/><W106/><G32/><T60/><D60/><U130/><E61/><V70/><F70/><W34/><G34/><T37/><D37/><U31/><E130/><V94/><F81/><W15/><G15/><T95/><D65/><U35/><E35/><V110/><F110/><W26/><G26/><T66/><D66/><U13/><E13/><V16/><F7/><W23/><G23/><T129/><D129/><U82/><E33/><V45/><REACH who="2" step="1"/><F54/><REACH who="2" ten="277,287,170,256" step="2"/><W42/><G55/><T86/><D74/><U71/><E71/><V41/><F41/><W19/><G42/><T107/><AGARI ba="0,1" hai="79,80,86,87,91,95,96,103,107,116,119" m="50697" machi="107" ten="30,12000,1" yaku="20,1,34,2,52,2" doraHai="115" who="0" fromWho="0" sc="277,130,287,-40,170,-40,256,-40" /><INIT seed="4,1,0,4,3,92" ten="407,247,130,216" oya="0" hai0="61,131,76,129,26,72,55,133,65,64,71,110,28" hai1="86,80,5,91,33,87,8,9,18,117,113,40,41" hai2="90,60,0,112,79,96,97,128,134,107,17,74,98" hai3="30,135,68,115,7,45,14,34,1,50,20,38,120"/><T3/><D3/><U105/><E117/><V78/><F0/><W49/><G68/><T101/><D133/><U106/><E33/><V19/><F134/><W35/><G135/><T54/><D110/><U123/><E123/><V104/><F128/><N who="0" m="49226" /><D65/><U12/><E113/><V48/><F112/><W6/><G115/><T66/><D64/><U4/><E18/><N who="2" m="6667" /><F74/><W122/><G1/><T118/><D118/><U37/><E37/><V15/><F60/><W36/><G20/><N who="0" m="15431" /><D101/><U27/><E27/><V103/><F103/><W32/><G30/><T130/><D130/><U114/><E114/><V83/><F15/><W99/><G14/><T47/><D47/><U24/><E24/><V53/><F107/><W88/><G35/><T44/><D44/><U31/><E31/><V116/><F104/><W25/><G45/><T58/><D71/><U82/><E12/><V95/><F116/><W52/><G25/><T108/><D108/><U77/><E77/><N who="2" m="29195" /><F83/><AGARI ba="1,0" hai="54,55,58,61,66,72,76,83" m="15431,49226" machi="83" ten="30,1500,0" yaku="19,1" doraHai="92" who="0" fromWho="2" sc="407,18,247,0,130,-18,216,0" /><INIT seed="4,2,0,0,4,72" ten="425,247,112,216" oya="0" hai0="106,70,85,96,128,46,44,30,68,13,54,127,74" hai1="39,66,129,132,41,98,113,52,130,77,94,90,125" hai2="89,87,104,19,2,27,123,6,75,50,16,110,17" hai3="112,117,43,124,95,69,28,108,33,135,116,9,47"/><T42/><D74/><U58/><E66/><V32/><F123/><W24/><G69/><T29/><D128/><U48/><E132/><V63/><F104/><W88/><G108/><T101/><D127/><U126/><E113/><V56/><F75/><W8/><G112/><T82/><D54/><U73/><E41/><V92/><F110/><W36/><G135/><T38/><D46/><U67/><E39/><V55/><F2/><W1/><G124/><N who="1" m="47722" /><E67/><V97/><F6/><W51/><G36/><T5/><D68/><U25/><E25/><V0/><F0/><W93/><G93/><T107/><D107/><U26/><E26/><V60/><REACH who="2" step="1"/><F97/><REACH who="2" ten="425,247,102,216" step="2"/><W131/><G1/><T84/><D96/><U103/><E130/><V40/><F40/><W109/><G109/><T71/><D5/><U115/><E129/><V57/><F57/><W10/><REACH who="3" step="1"/><G131/><REACH who="3" ten="425,247,102,206" step="2"/><T133/><D70/><U121/><E115/><V119/><F119/><W100/><G100/><T45/><D101/><U64/><E103/><V14/><F14/><W21/><G21/><T118/><D13/><U11/><E121/><V49/><F49/><W122/><G122/><T83/><D71/><U86/><E11/><V15/><F15/><W12/><G12/><T102/><D102/><U62/><E98/><AGARI ba="2,2" hai="8,9,10,24,28,33,43,47,51,88,95,98,116,117" machi="98" ten="40,2600,0" yaku="1,1,54,1,53,0" doraHai="72" doraHaiUra="134" who="3" fromWho="1" sc="425,0,247,-32,102,0,206,52" /><INIT seed="5,0,0,4,3,53" ten="425,215,102,258" oya="1" hai0="95,96,126,115,3,12,1,103,31,88,42,77,56" hai1="110,75,24,65,130,85,39,46,83,22,71,132,93" hai2="112,2,16,28,63,29,49,72,101,90,117,81,128" hai3="120,127,38,116,0,61,113,9,21,11,20,66,30"/><U104/><E104/><V62/><F117/><W125/><G38/><T67/><D115/><U43/><E132/><V100/><F112/><W98/><G113/><T121/><D77/><U8/><E130/><V57/><F2/><W122/><G98/><T6/><D42/><U26/><E75/><V109/><F109/><W17/><G61/><T64/><D96/><U13/><E93/><V14/><F128/><W123/><G66/><T89/><D95/><U134/><E134/><V18/><F18/><W4/><G116/><T87/><D64/><U107/><E107/><V45/><F72/><W102/><G102/><T54/><D103/><U86/><E86/><N who="2" m="50511" /><F63/><W94/><G94/><T15/><D1/><U51/><E39/><V74/><F74/><W27/><REACH who="3" step="1"/><G11/><REACH who="3" ten="425,215,102,248" step="2"/><T35/><D67/><U47/><E65/><N who="2" m="39119" /><F101/><W78/><G78/><T33/><D121/><U129/><E129/><V79/><F79/><W119/><G119/><T135/><D89/><N who="1" m="51391" /><E110/><V118/><F100/><W70/><G70/><T60/><D88/><U40/><E71/><V68/><F68/><W80/><G80/><T111/><D111/><U55/><E43/><N who="2" m="24767" /><F118/><W36/><G36/><T73/><D135/><U76/><E76/><V133/><F133/><W84/><G84/><T19/><D73/><U91/><E91/><V7/><F7/><W34/><G34/><T59/><D33/><U41/><E41/><V10/><AGARI ba="0,1" hai="10,14,16,28,29" m="24767,39119,50511" machi="10" ten="30,4000,0" yaku="8,1,52,1,54,1" doraHai="53" who="2" fromWho="2" sc="425,-10,215,-20,102,50,248,-10" /><INIT seed="6,0,0,0,4,24" ten="415,195,152,238" oya="2" hai0="36,0,116,57,74,76,40,119,17,39,35,80,132" hai1="59,28,72,45,70,3,14,106,33,118,66,85,124" hai2="135,100,91,87,48,38,113,31,16,19,8,73,93" hai3="77,52,15,63,117,30,104,114,92,10,75,78,103"/><V90/><F38/><W102/><G104/><T88/><D35/><U56/><E72/><V97/><F73/><W46/><G117/><N who="0" m="45131" /><D132/><U7/><E3/><V26/><F135/><W71/><G71/><T37/><D0/><U127/><E106/><V110/><F113/><W29/><G75/><T1/><D1/><U5/><E45/><V133/><F133/><W95/><G114/><T32/><D32/><U20/><E33/><V112/><F112/><W122/><G122/><T44/><D88/><N who="2" m="33834" /><F110/><W81/><G81/><T129/><D129/><U83/><E70/><V49/><F87/><W65/><G65/><T108/><D108/><U23/><E66/><V41/><F8/><W134/><G134/><T111/><D111/><U13/><E118/><V11/><F11/><W89/><G89/><T79/><D79/><N who="3" m="30217" /><G103/><T34/><D34/><U50/><E50/><N who="2" m="19563" /><F41/><W107/><G46/><T69/><D44/><U128/><E85/><V54/><F54/><W47/><G107/><T109/><D40/><U99/><E83/><V51/><N who="2" m="19571" /><V123/><DORA hai="4" /><F123/><W82/><G47/><T25/><D109/><U94/><E94/><N who="3" m="35882" /><G102/><T12/><D37/><U53/><E53/><V9/><F9/><W105/><G105/><T68/><D39/><U22/><E99/><V2/><F2/><W115/><G82/><T86/><D36/><U130/><E130/><V18/><F31/><W120/><G120/><T62/><D74/><U101/><E28/><V6/><F6/><N who="1" m="2057" /><E128/><V67/><F67/><W21/><G115/><T84/><D80/><U55/><E55/><V126/><F126/><RYUUKYOKU ba="0,0" sc="415,-10,195,-10,152,30,238,-10" hai2="16,18,19,26,93,97,100" /><INIT seed="6,1,0,4,2,43" ten="405,185,182,228" oya="2" hai0="56,23,45,48,32,9,121,24,3,19,21,0,98" hai1="113,122,87,15,6,64,108,79,78,80,29,38,36" hai2="26,40,95,41,90,97,49,51,71,89,47,28,116" hai3="59,102,114,31,135,27,128,68,62,1,55,88,92"/><V82/><F71/><W2/><G128/><T115/><D115/><U65/><E108/><V106/><F106/><W67/><G135/><T72/><D72/><U93/><E113/><V35/><F116/><W70/><G102/><T60/><D32/><U57/><E79/><V129/><F129/><W134/><G134/><T39/><D39/><U117/><E117/><V52/><REACH who="2" step="1"/><F51/><REACH who="2" ten="405,185,172,228" step="2"/><W58/><G70/><T18/><D48/><U73/><E38/><V13/><F13/><W131/><G68/><T127/><D0/><U123/><E36/><V130/><F130/><W124/><G131/><T66/><D3/><U99/><E15/><V42/><F42/><W110/><G114/><T91/><D121/><U119/><E119/><V16/><F16/><W8/><G110/><T54/><D18/><U44/><E122/><V103/><F103/><W125/><G1/><T22/><D19/><U104/><E123/><V33/><F33/><W14/><G2/><T111/><D111/><U77/><E104/><V86/><AGARI ba="1,1" hai="26,28,35,40,41,47,49,52,82,86,89,90,95,97" machi="86" ten="30,18000,2" yaku="1,1,0,1,52,1,54,1,53,2" doraHai="43" doraHaiUra="85" who="2" fromWho="2" sc="405,-61,185,-61,172,193,228,-61" /><INIT seed="6,2,0,5,4,78" ten="344,124,365,167" oya="2" hai0="88,13,97,93,64,133,118,35,43,110,124,107,70" hai1="111,89,74,82,86,19,24,100,12,36,32,41,135" hai2="128,37,77,29,108,3,23,60,17,11,31,106,18" hai3="6,8,56,46,105,2,4,14,125,21,27,72,81"/><V69/><F106/><W132/><G105/><T20/><D35/><U123/><E111/><V51/><F37/><W99/><G132/><T87/><D110/><U67/><E135/><V47/><F108/><W79/><G125/><T102/><D133/><U45/><E123/><V39/><F39/><W104/><G6/><T7/><D43/><U59/><E74/><V58/><F69/><W0/><G56/><T53/><D124/><U113/><E113/><V57/><F57/><W127/><G127/><T5/><D118/><U34/><E100/><V129/><F77/><W131/><G131/><T38/><D38/><U120/><E120/><V68/><F68/><W130/><G130/><N who="2" m="50281" /><F11/><W96/><G46/><T115/><D115/><U73/><E73/><V84/><F84/><W9/><G9/><T52/><D64/><U42/><E24/><N who="2" m="16543" /><F31/><W85/><G85/><T22/><D70/><U134/><E134/><V117/><F3/><W61/><G61/><T49/><D49/><U94/><E59/><V30/><F30/><W15/><G2/><T71/><D71/><U109/><E67/><N who="2" m="39319" /><F117/><W76/><G76/><T63/><D63/><U116/><E109/><V119/><F119/><W55/><G104/><T126/><D126/><U54/><E116/><V95/><F95/><W33/><G55/><AGARI ba="2,0" hai="17,18,47,51,55" m="39319,16543,50281" machi="55" ten="30,1500,0" yaku="19,1" doraHai="78" who="2" fromWho="3" sc="344,0,124,0,365,21,167,-21" /><INIT seed="6,3,0,5,2,18" ten="344,124,386,146" oya="2" hai0="123,91,54,97,70,35,124,96,9,80,92,111,41" hai1="14,53,116,4,127,83,94,19,44,87,2,128,105" hai2="117,121,104,28,5,15,33,63,64,56,24,75,98" hai3="37,129,12,26,3,81,30,61,8,43,57,107,42"/><V22/><F75/><W113/><G107/><T60/><D111/><U7/><E116/><V13/><F121/><W122/><G122/><T115/><D123/><U120/><E105/><V50/><F117/><W112/><G129/><T77/><D115/><N who="3" m="44105" /><G3/><T79/><D35/><U102/><E128/><V58/><F33/><N who="3" m="20695" /><G81/><T133/><D80/><U49/><E127/><V1/><F104/><W103/><G103/><T71/><D124/><U46/><E120/><V25/><F25/><W34/><G37/><T114/><D114/><U10/><E2/><V109/><F109/><W100/><G100/><T0/><D0/><U55/><E46/><V16/><F98/><W119/><G34/><T131/><D97/><N who="1" m="59703" /><E55/><N who="2" m="31863" /><F1/><W73/><G73/><T101/><D96/><U21/><E10/><N who="2" m="4303" /><F15/><W40/><G119/><T67/><D101/><U110/><E110/><V76/><F76/><AGARI ba="3,0" hai="4,7,14,19,21,44,49,53,76,83,87" m="59703" machi="76" ten="30,2000,0" yaku="8,1,52,1" doraHai="18" who="1" fromWho="2" sc="344,0,124,29,386,-29,146,0" /><INIT seed="7,0,0,2,1,33" ten="344,153,357,146" oya="3" hai0="89,124,28,107,134,35,46,71,56,66,10,76,121" hai1="116,29,54,64,12,117,131,38,72,6,133,122,8" hai2="102,120,32,96,13,130,16,68,61,78,18,50,101" hai3="128,98,105,92,75,95,93,55,79,126,84,43,74"/><W22/><G43/><T30/><D121/><U1/><E72/><N who="3" m="27690" /><G55/><T48/><D124/><U70/><E122/><V87/><F32/><W86/><G22/><T109/><D109/><U77/><E77/><V114/><F120/><W69/><G69/><T97/><D134/><U81/><E133/><V82/><F68/><W85/><G128/><T65/><D76/><U110/><E81/><V19/><F130/><W100/><G126/><T36/><D107/><U115/><E131/><V108/><F108/><W44/><G44/><T118/><D118/><N who="1" m="45675" /><E110/><V119/><F119/><W49/><G49/><T26/><D36/><U27/><E38/><V2/><F2/><W73/><N who="3" m="27698" /><W23/><DORA hai="45" /><G23/><T52/><D71/><U83/><E83/><AGARI ba="0,0" hai="79,83,84,85,86,92,93,95,98,100,105" m="27698" machi="83" ten="50,12000,1" yaku="35,5" doraHai="33,45" who="3" fromWho="1" sc="344,0,153,-120,357,0,146,120" /><INIT seed="7,1,0,5,3,117" ten="344,33,357,266" oya="3" hai0="120,34,131,74,82,20,79,15,38,113,12,2,73" hai1="102,92,107,119,64,86,100,118,127,19,70,39,108" hai2="49,99,28,61,55,87,72,1,132,130,109,112,103" hai3="68,54,13,29,94,69,36,104,85,128,47,51,40"/><W134/><G104/><T65/><D120/><U31/><E19/><V26/><F1/><W96/><G128/><T95/><D2/><U3/><E31/><V123/><F72/><W89/><G134/><T41/><D34/><U42/><E64/><V8/><F8/><W35/><G29/><T133/><D131/><U50/><E42/><V90/><F130/><W83/><G35/><T45/><D133/><U24/><E50/><V27/><F132/><W18/><G36/><T88/><D113/><U135/><E24/><V53/><F109/><W21/><REACH who="3" step="1"/><G40/><REACH who="3" ten="344,33,357,256" step="2"/><T48/><D38/><U11/><E39/><V114/><F28/><W52/><G52/><T125/><D125/><U110/><E135/><V5/><F55/><W105/><G105/><T121/><D121/><U56/><E127/><V116/><F123/><W44/><G44/><T16/><D65/><U22/><E107/><V62/><F114/><W57/><G57/><T6/><D6/><N who="1" m="1503" /><E56/><N who="2" m="32815" /><F5/><W23/><G23/><T0/><D0/><U7/><E22/><V10/><F10/><W98/><G98/><T37/><D37/><U126/><E7/><V84/><F112/><W63/><G63/><T46/><D46/><U106/><E126/><V58/><F62/><W60/><G60/><T78/><D12/><U14/><E14/><V91/><F58/><W17/><G17/><T101/><D16/><U80/><E106/><N who="2" m="63871" /><F61/><W59/><G59/><T129/><D129/><U66/><E110/><V4/><F4/><W43/><G43/><T30/><D30/><U25/><E108/><V75/><F27/><W76/><AGARI ba="1,1" hai="13,18,21,47,51,54,68,69,76,83,85,89,94,96" machi="76" ten="20,7800,0" yaku="1,1,5,1,0,1,7,1,53,0" doraHai="117" doraHaiUra="124" who="3" fromWho="3" sc="344,-27,33,-27,357,-27,256,91" owari="317,-8.0,6,-49.0,330,13.0,347,44.0" /></mjloggm>