<mjloggm ver="2.3"><GO type="169" lobby="0"/><UN n0="%E3%82%82%E3%82%8A%E3%81%96%E3%81%AD" n1="%6B%75%72%69%6D%75" n2="%6B%6F%7A%61%6B%69%6E%67" n3="%E3%81%82%E3%81%BE%E3%81%BF%EF%BD%9E" dan="16,18,16,17" rate="2138.50,2270.39,2078.05,2126.32" sx="M,M,M,M"/><TAIKYOKU oya="0"/><INIT seed="0,0,0,2,5,10" ten="250,250,250,250" oya="0" hai0="68,56,95,53,105,37,103,77,82,21,57,86,1" hai1="125,100,114,121,45,17,78,14,31,126,7,109,112" hai2="3,42,23,76,107,113,2,35,20,123,96,40,131" hai3="34,97,89,134,106,135,118,8,124,61,51,99,41"/><T79/><D1/><U32/><E100/><V85/><F35/><W111/><G34/><T59/><D68/><U132/><E78/><V13/><F123/><W72/><G72/><T69/><D69/><U84/><E84/><V74/><F74/><W47/><G118/><T55/><D37/><U22/><E45/><V127/><F113/><N who="1" m="43625" /><E121/><V130/><F127/><N who="1" m="48649" /><E109/><V54/><F85/><W33/><G33/><T38/><D38/><U80/><E80/><V5/><F76/><W0/><G111/><T12/><D77/><U19/><E132/><V81/><F81/><W120/><G120/><T71/><D71/><U36/><E36/><V133/><F133/><W15/><G106/><T16/><D105/><U102/><E102/><V24/><F54/><W83/><G124/><T101/><D101/><U6/><E19/><V117/><F107/><W65/><G83/><T93/><D93/><U66/><E66/><V98/><F98/><AGARI ba="0,0" hai="12,16,21,53,55,56,57,59,79,82,86,95,98,103" machi="98" ten="40,7700,0" yaku="8,1,52,1,54,1" doraHai="10" who="0" fromWho="2" sc="250,77,250,0,250,-77,250,0" /><INIT seed="0,1,0,4,3,47" ten="327,250,173,250" oya="0" hai0="8,39,88,17,70,82,57,112,33,126,37,30,19" hai1="11,85,49,24,105,18,40,103,48,129,74,68,78" hai2="28,1,55,22,107,93,125,123,42,58,75,90,16" hai3="121,109,15,53,64,6,86,100,14,135,110,89,54"/><T81/><D112/><U122/><E68/><V104/><F75/><W92/><G135/><T118/><D70/><U115/><E122/><V13/><F123/><W31/><G121/><T132/><D118/><U60/><E74/><V9/><F125/><W83/><G64/><T108/><D132/><U116/><E116/><V51/><F42/><W79/><G100/><T113/><D113/><U27/><E60/><V63/><F63/><W114/><G114/><T20/><D126/><U38/><E38/><V130/><F130/><W61/><G31/><T66/><D108/><N who="3" m="41577" /><G6/><T50/><D33/><U98/><E40/><V12/><F1/><W134/><G134/><T5/><D30/><U10/><E129/><V77/><F77/><W59/><G54/><T97/><D66/><U87/><E115/><V119/><F119/><W26/><G26/><N who="1" m="9770" /><E105/><V72/><F72/><AGARI ba="1,0" hai="14,15,53,59,61,72,79,83,86,89,92" m="41577" machi="72" ten="30,1000,0" yaku="14,1" doraHai="47" who="3" fromWho="2" sc="327,0,250,0,173,-13,250,13" /><INIT seed="1,0,0,1,0,50" ten="327,250,160,263" oya="1" hai0="70,104,46,16,81,39,23,132,64,33,67,61,11" hai1="51,74,114,53,54,31,121,75,111,56,118,32,125" hai2="128,72,36,48,119,2,117,7,83,85,135,15,25" hai3="4,65,88,90,35,71,115,10,134,73,129,131,47"/><U79/><E121/><V41/><F128/><N who="3" m="49227" /><G35/><T93/><D132/><U103/><E118/><V3/><F135/><W8/><G134/><T130/><D104/><U34/><E114/><V94/><F36/><W0/><G73/><T99/><D33/><U100/><E125/><V57/><F25/><W22/><G115/><T87/><D130/><U19/><E111/><V76/><F2/><W123/><G123/><T6/><D67/><U1/><E1/><V116/><F3/><W126/><G8/><T12/><D39/><U102/><E19/><V20/><F20/><W108/><G126/><T17/><D46/><U91/><E32/><V95/><F72/><W107/><G107/><T106/><D106/><U84/><E79/><V24/><F24/><W5/><G5/><T38/><D38/><U120/><E31/><V80/><F80/><W78/><G78/><T59/><D70/><U42/><E42/><V68/><F68/><W52/><G22/><T98/><D93/><U113/><E120/><V127/><F127/><W18/><G18/><N who="0" m="7275" /><D23/><U43/><E43/><V44/><REACH who="2" step="1"/><F57/><REACH who="2" ten="327,250,150,263" step="2"/><W9/><G10/><AGARI ba="0,1" hai="7,10,15,41,44,48,76,83,85,94,95,116,117,119" machi="10" ten="40,8000,1" yaku="1,1,2,1,25,2,53,0" doraHai="50" doraHaiUra="86" who="2" fromWho="3" sc="327,0,250,0,150,90,263,-80" /><INIT seed="2,0,0,1,0,129" ten="327,250,240,183" oya="2" hai0="131,24,112,77,56,113,94,122,52,47,9,61,66" hai1="10,90,26,71,109,16,60,92,115,93,128,49,127" hai2="103,8,30,107,33,108,17,96,97,67,69,27,78" hai3="76,84,124,100,46,74,75,116,31,32,2,85,64"/><V72/><F96/><W13/><G2/><T4/><D122/><U106/><E109/><V0/><F17/><W73/><G32/><T119/><D131/><U118/><E106/><V135/><F108/><W102/><G31/><T11/><D119/><U22/><E127/><V3/><F8/><W86/><G64/><T132/><D132/><U82/><E115/><V36/><F36/><W7/><G7/><T18/><D77/><U63/><E71/><V42/><F42/><W39/><G39/><T65/><D65/><U37/><E37/><V70/><F135/><W53/><G13/><T20/><D11/><U55/><E118/><V19/><F19/><W81/><G116/><T114/><D94/><N who="1" m="36459" /><E10/><V101/><F101/><N who="3" m="39019" /><G53/><T68/><D68/><N who="2" m="26218" /><F67/><W6/><G46/><T41/><D66/><U12/><E26/><V80/><AGARI ba="0,0" hai="0,3,27,30,33,72,78,80,97,103,107" m="26218" machi="80" ten="30,3000,0" yaku="33,2" doraHai="129" who="2" fromWho="2" sc="327,-10,250,-10,240,30,183,-10" /><INIT seed="2,1,0,1,5,47" ten="317,240,270,173" oya="2" hai0="62,86,14,111,80,77,83,49,36,37,30,127,59" hai1="20,21,57,118,1,102,11,42,54,85,96,32,93" hai2="120,116,63,125,12,45,44,122,19,33,56,117,88" hai3="68,98,60,73,70,106,6,131,128,52,41,38,100"/><V50/><F33/><W78/><G6/><T121/><D121/><U124/><E32/><V130/><F130/><N who="3" m="49707" /><G38/><T134/><D134/><U79/><E124/><V39/><F125/><W3/><G41/><T29/><D111/><U135/><E135/><V99/><F39/><W107/><G3/><T15/><D127/><U55/><E42/><V75/><F75/><W9/><G9/><T24/><D62/><U84/><E118/><V103/><F44/><W43/><G43/><T34/><D34/><U10/><E1/><V27/><F27/><W72/><G107/><T48/><D86/><N who="1" m="33387" /><E54/><N who="2" m="30031" /><F120/><W126/><G126/><T66/><D59/><U22/><E79/><V81/><F122/><W71/><G78/><T105/><D77/><U101/><E102/><V26/><F26/><W110/><G110/><T112/><D24/><U58/><E58/><AGARI ba="1,0" hai="52,58,60,68,70,71,72,73,98,100,106" m="49707" machi="58" ten="40,2600,0" yaku="19,1,54,1" doraHai="47" who="3" fromWho="1" sc="317,0,240,-29,270,0,173,29" /><INIT seed="3,0,0,3,5,129" ten="317,211,270,202" oya="3" hai0="105,67,37,18,47,49,0,63,32,9,8,35,1" hai1="5,93,70,120,20,108,130,13,95,12,3,132,11" hai2="98,36,128,52,103,59,101,56,121,22,58,24,82" hai3="28,131,85,50,48,30,88,126,79,118,92,104,33"/><W34/><G118/><T78/><D105/><U62/><E120/><V94/><F128/><W102/><G131/><T80/><D8/><U27/><E130/><V45/><F121/><W17/><G126/><T110/><D0/><U123/><E108/><V106/><F82/><W127/><G127/><T99/><D99/><U109/><E109/><V119/><F119/><W72/><G17/><T75/><D18/><U16/><E123/><V39/><F103/><W114/><G114/><T23/><D23/><U77/><E77/><V53/><F106/><W42/><G42/><T96/><D96/><U41/><E41/><V122/><F122/><W115/><G115/><T111/><D49/><U113/><E113/><V84/><F84/><W76/><G104/><T107/><D107/><U26/><E132/><V55/><REACH who="2" step="1"/><F45/><REACH who="2" ten="317,211,260,202" step="2"/><W54/><G102/><T66/><D111/><U10/><E95/><V97/><F97/><W57/><G79/><T90/><D110/><U4/><E93/><V89/><F89/><W14/><G76/><T73/><D90/><U44/><E44/><V100/><F100/><W112/><G112/><T29/><D73/><U68/><E68/><V81/><F81/><W40/><G72/><T46/><D46/><U86/><E86/><V60/><F60/><W64/><G88/><T117/><D47/><U19/><E62/><V61/><F61/><W2/><G85/><T31/><D63/><U15/><E70/><V51/><F51/><W69/><G92/><T125/><D75/><U74/><E74/><V134/><F134/><W87/><G69/><T91/><D78/><RYUUKYOKU ba="0,1" sc="317,-15,211,15,260,15,202,-15" hai1="3,4,5,10,11,12,13,15,16,19,20,26,27" hai2="22,24,36,39,52,53,55,56,58,59,94,98,101" /><INIT seed="4,1,1,0,4,46" ten="302,226,275,187" oya="0" hai0="53,99,76,85,3,110,58,105,12,129,123,117,37" hai1="130,34,15,118,125,70,122,9,100,57,75,77,126" hai2="8,107,10,62,116,78,88,40,90,28,51,45,121" hai3="41,17,63,50,87,38,59,25,104,96,1,4,82"/><T2/><D117/><U102/><E70/><V113/><F121/><W42/><G38/><T26/><D123/><U108/><E34/><V89/><F116/><W134/><G134/><T18/><D37/><U52/><E108/><V11/><F113/><W44/><G41/><T43/><D43/><U35/><E35/><V112/><F112/><W21/><G1/><T47/><D47/><U127/><E122/><V135/><F135/><W65/><G4/><T24/><D2/><U74/><E130/><V20/><F107/><W132/><G132/><T83/><D3/><U66/><E66/><V22/><F28/><W55/><G104/><T23/><D129/><U79/><E79/><V103/><F103/><N who="1" m="39465" /><E77/><V33/><F33/><W14/><G96/><T61/><D105/><U64/><E64/><V60/><F78/><W86/><G82/><T54/><D110/><U5/><E118/><V80/><F80/><W92/><G92/><T106/><D106/><U30/><E30/><V119/><F119/><W115/><G115/><T98/><D53/><U13/><E15/><V81/><F81/><W19/><REACH who="3" step="1"/><G65/><REACH who="3" ten="302,226,275,177" step="2"/><T36/><D36/><U95/><E95/><V69/><REACH who="2" step="1"/><F69/><REACH who="2" ten="302,226,265,177" step="2"/><W49/><G49/><AGARI ba="1,3" hai="5,9,13,49,52,57,74,75,125,126,127" m="39465" machi="49" ten="30,3900,0" yaku="18,1,52,1,54,1" doraHai="46" who="1" fromWho="3" sc="302,0,226,72,265,0,177,-42" /><INIT seed="5,0,0,2,1,105" ten="302,298,265,135" oya="1" hai0="55,93,124,44,58,8,56,34,38,86,94,51,130" hai1="84,53,90,57,117,9,16,3,99,126,103,112,62" hai2="76,135,119,104,69,96,22,15,43,50,110,95,6" hai3="109,28,20,5,115,120,24,92,54,77,79,1,83"/><U88/><E112/><V14/><F69/><W123/><G109/><T61/><D34/><U131/><E126/><V127/><F119/><W32/><G115/><T39/><D124/><U72/><E131/><V129/><F127/><W18/><G79/><T41/><D130/><U125/><E125/><V67/><F129/><W113/><G113/><T48/><D8/><U7/><E117/><V19/><F104/><W102/><G102/><T134/><D134/><U45/><E45/><V97/><F135/><W87/><G92/><T74/><D74/><U23/><E72/><V68/><F76/><W10/><REACH who="3" step="1"/><G54/><REACH who="3" ten="302,298,265,125" step="2"/><T78/><D93/><U82/><E103/><V2/><F95/><W85/><G85/><T0/><D94/><U91/><REACH who="1" step="1"/><E99/><REACH who="1" ten="302,288,265,125" step="2"/><V101/><F96/><W29/><G29/><T70/><D44/><U63/><E63/><V121/><F97/><W21/><G21/><T132/><D61/><U122/><E122/><V46/><F101/><W60/><G60/><T66/><D132/><U33/><E33/><V4/><F121/><W49/><G49/><T111/><D48/><U13/><AGARI ba="0,2" hai="3,7,9,13,16,23,53,57,62,82,84,88,90,91" machi="13" ten="20,12000,1" yaku="1,1,0,1,7,1,54,2,53,0" doraHai="105" doraHaiUra="98" who="1" fromWho="1" sc="302,-40,288,140,265,-40,125,-40" /><INIT seed="5,1,0,2,0,58" ten="262,428,225,85" oya="1" hai0="45,94,76,37,70,81,25,119,88,75,65,132,104" hai1="21,85,48,66,49,47,59,117,113,83,13,18,2" hai2="40,123,118,135,73,130,57,6,4,50,108,126,32" hai3="98,20,74,82,64,69,95,115,55,86,10,109,54"/><U15/><E113/><V17/><F57/><W125/><G109/><T103/><D119/><U36/><E2/><V39/><F50/><W122/><G122/><T24/><D132/><U131/><E131/><V42/><F40/><W12/><G74/><T5/><D5/><U19/><E117/><V110/><F42/><W93/><G125/><T68/><D37/><U77/><E36/><V116/><F17/><W112/><G20/><T30/><D45/><U0/><E0/><V22/><F22/><W91/><G95/><T107/><D107/><U41/><E49/><V26/><F26/><W129/><G129/><T9/><D9/><U16/><E21/><V1/><F6/><W34/><G34/><T97/><D65/><U121/><E121/><V44/><F44/><W92/><G92/><T61/><D61/><AGARI ba="1,0" hai="13,15,16,18,19,41,47,48,59,61,66,77,83,85" machi="61" ten="40,7700,0" yaku="8,1,52,1,54,1" doraHai="58" who="1" fromWho="0" sc="262,-80,428,80,225,0,85,0" /><INIT seed="5,2,0,5,4,132" ten="182,508,225,85" oya="1" hai0="88,114,86,2,127,47,115,106,42,31,5,4,27" hai1="69,8,29,3,70,104,81,119,14,35,41,101,73" hai2="50,79,21,109,46,32,92,55,44,118,121,110,105" hai3="48,67,54,80,124,76,16,15,98,82,123,25,24"/><U74/><E119/><V72/><F32/><W84/><G123/><T128/><D106/><U40/><E41/><V71/><F105/><W117/><G117/><T10/><D5/><U11/><E40/><V125/><F118/><W28/><G67/><T97/><D97/><U59/><E59/><V131/><F71/><W133/><G133/><T53/><D53/><U56/><E56/><V64/><F121/><W66/><G66/><T49/><D128/><U43/><E43/><V38/><F131/><W60/><G60/><T89/><D127/><U1/><E14/><V90/><F79/><W120/><G120/><T68/><D68/><N who="1" m="26219" /><E11/><V65/><F72/><N who="1" m="27753" /><E81/><V62/><F65/><W135/><G82/><T34/><REACH who="0" step="1"/><D88/><REACH who="0" ten="172,508,225,85" step="2"/><U99/><E99/><V91/><F90/><W77/><G98/><T26/><D26/><U33/><E104/><V96/><F91/><W116/><G116/><T13/><D13/><U94/><E101/><V23/><F55/><W9/><G135/><T6/><D6/><U39/><E1/><V108/><F108/><W51/><G24/><T134/><D134/><U103/><E103/><V75/><F110/><W52/><G77/><T18/><D18/><U111/><E3/><V61/><F109/><W20/><G124/><T85/><D85/><U113/><E111/><V0/><F96/><W95/><G95/><AGARI ba="2,1" hai="2,4,10,27,31,34,42,47,49,86,89,95,114,115" machi="95" ten="40,2600,0" yaku="1,1,53,1" doraHai="132" doraHaiUra="30" who="0" fromWho="3" sc="172,42,508,0,225,0,85,-32" /><INIT seed="6,0,0,3,3,120" ten="214,508,225,53" oya="2" hai0="17,8,70,72,35,67,134,110,127,24,22,48,84" hai1="73,132,107,96,93,98,45,29,88,7,64,87,135" hai2="105,0,6,79,109,99,47,128,51,5,115,4,103" hai3="63,60,10,25,55,101,28,121,12,123,77,80,111"/><V42/><F115/><W91/><G101/><T129/><D72/><U69/><E29/><V49/><F128/><W94/><G121/><T106/><D106/><U95/><E7/><V31/><F31/><W9/><G123/><T21/><D48/><U1/><E1/><V59/><F79/><W19/><G9/><T112/><D84/><U81/><E64/><V3/><REACH who="2" step="1"/><F109/><REACH who="2" ten="214,508,215,53" step="2"/><W41/><G111/><T16/><D110/><U23/><E132/><V82/><F82/><W92/><G77/><T39/><D134/><U86/><E81/><V114/><F114/><W38/><G80/><T62/><D112/><U75/><E135/><V116/><F116/><W65/><G28/><T133/><D133/><U30/><E30/><V58/><F58/><W37/><G38/><T74/><D39/><U124/><E69/><V125/><F125/><W52/><G37/><T15/><D127/><U11/><E124/><V78/><F78/><W32/><G32/><T56/><D129/><U71/><E71/><V66/><F66/><W117/><G117/><T46/><D70/><U68/><E68/><V118/><F118/><W89/><G65/><T113/><D113/><U20/><E75/><V122/><F122/><W2/><G89/><T40/><D74/><U131/><E88/><V36/><F36/><W26/><G91/><T76/><D76/><U13/><E73/><V43/><F43/><W18/><G41/><T61/><D35/><U126/><E131/><V100/><F100/><W34/><G34/><T119/><D119/><U14/><E126/><V83/><F83/><W108/><G108/><RYUUKYOKU ba="0,1" sc="214,-10,508,-10,215,30,53,-10" hai2="0,3,4,5,6,42,47,49,51,59,99,103,105" /><INIT seed="6,1,1,3,3,80" ten="204,498,245,43" oya="2" hai0="107,65,27,100,9,11,71,22,72,13,32,5,6" hai1="120,70,87,16,35,130,44,90,75,91,55,105,50" hai2="132,31,34,8,103,14,104,67,73,33,86,46,128" hai3="106,17,85,110,0,57,39,66,45,127,69,95,51"/><V134/><F73/><W42/><G106/><T12/><D72/><U93/><E70/><V131/><F67/><W113/><G0/><T124/><D124/><U74/><E35/><V47/><F103/><W77/><G110/><T49/><D49/><U58/><E105/><V111/><F104/><W116/><G116/><T10/><D71/><U48/><E130/><N who="2" m="49707" /><F111/><W56/><G127/><T60/><D60/><U94/><E120/><V37/><F86/><W121/><G121/><T79/><D79/><U101/><E101/><V98/><F98/><W18/><G57/><T64/><D32/><N who="2" m="12394" /><F31/><W26/><G69/><T126/><D126/><U96/><E74/><V115/><F115/><W36/><G113/><T4/><D100/><U102/><E75/><V53/><F53/><W59/><G66/><N who="0" m="25707" /><D107/><U99/><E102/><V92/><F92/><W3/><G95/><T83/><D83/><U20/><E96/><V52/><F37/><W97/><G39/><T61/><D61/><N who="1" m="36063" /><E44/><V84/><F47/><W109/><G36/><T38/><D38/><U117/><E117/><V129/><F129/><W29/><G97/><T133/><D133/><U68/><E68/><V43/><F46/><W30/><G109/><T19/><AGARI ba="1,1" hai="4,5,6,9,10,11,12,13,19,22,27" m="25707" machi="19" ten="40,1500,0" yaku="8,1" doraHai="80" who="0" fromWho="0" sc="204,28,498,-5,245,-8,43,-5" /><INIT seed="7,0,0,1,0,91" ten="232,493,237,38" oya="3" hai0="95,46,87,36,104,128,28,100,66,52,32,22,92" hai1="74,82,34,30,70,49,10,6,103,9,14,77,120" hai2="115,1,43,63,56,48,51,83,27,54,38,44,18" hai3="12,53,8,107,85,79,42,122,31,119,76,47,129"/><W132/><G119/><T125/><D32/><U90/><E70/><V25/><F1/><W17/><G122/><T135/><D104/><U99/><E90/><V64/><F115/><W131/><G107/><T65/><D36/><U2/><E30/><V41/><F83/><W57/><G31/><T62/><D125/><U24/><E24/><V97/><F97/><W33/><G33/><T126/><D126/><U55/><E34/><V15/><F41/><W61/><G132/><T130/><D135/><U117/><E117/><V80/><F80/><W86/><G86/><T45/><D92/><U68/><E68/><N who="2" m="42015" /><F48/><N who="3" m="26743" /><G85/><T110/><D110/><U40/><E40/><V89/><F89/><W19/><G19/><T78/><D22/><AGARI ba="0,0" hai="15,18,22,25,27,38,43,44,51,54,56" m="42015" machi="22" ten="30,1000,0" yaku="24,1" doraHai="91" who="2" fromWho="0" sc="232,-10,493,0,237,10,38,0" owari="222,-18.0,493,59.0,247,5.0,38,-46.0" /></mjloggm>