<mjloggm ver="2.3"><GO type="169" lobby="0"/><UN n0="%E3%81%BF%E3%81%A3%E3%81%8D%E3%83%BC" n1="%6D%6F%72%65%6B%6F%75" n2="%E3%83%91%E3%83%88%E3%82%AB%E3%83%BC%E7%87%83%E3%82%84%E3%81%99" n3="%6B%75%7A%75%6E" dan="17,16,17,18" rate="2204.99,2052.33,2225.93,2249.39" sx="M,M,F,M"/><TAIKYOKU oya="0"/><INIT seed="0,0,0,0,2,66" ten="250,250,250,250" oya="0" hai0="91,85,88,42,52,50,121,106,104,65,8,97,57" hai1="95,43,58,49,108,71,37,61,74,14,22,90,111" hai2="89,72,16,63,54,7,33,1,110,109,9,2,103" hai3="3,86,82,10,28,23,35,79,27,18,96,20,31"/><T48/><D121/><U34/><E74/><V30/><F72/><W135/><G135/><T17/><D65/><U36/><E34/><V64/><F2/><W47/><G96/><T99/><D104/><U119/><E119/><V128/><F128/><W124/><G124/><T81/><D106/><U5/><E71/><V21/><F54/><W24/><G47/><N who="0" m="25719" /><D91/><U25/><E49/><V130/><F130/><W68/><G68/><T56/><D57/><U127/><E43/><V100/><F89/><W15/><REACH who="3" step="1"/><G3/><REACH who="3" ten="250,250,250,240" step="2"/><T84/><D84/><U38/><E127/><V94/><F110/><W55/><G55/><T98/><D97/><U83/><E108/><V32/><F109/><W131/><G131/><T115/><D115/><U118/><E111/><V39/><F103/><W132/><G132/><T92/><D92/><U78/><E95/><V125/><F125/><W116/><G116/><T73/><D73/><U117/><E118/><V6/><F100/><W126/><G126/><T114/><D114/><U107/><E117/><V41/><F94/><W44/><G44/><T76/><D76/><U12/><E107/><V112/><F112/><W133/><G133/><T113/><D113/><U4/><E78/><V70/><F1/><W105/><G105/><T40/><D40/><U53/><E90/><V75/><F75/><W19/><G19/><T93/><D93/><U26/><E83/><V69/><F69/><W62/><G62/><T87/><D87/><U11/><E5/><V122/><F7/><W60/><G60/><T134/><D134/><U120/><E120/><V46/><F122/><RYUUKYOKU ba="0,1" sc="250,10,250,10,250,-30,240,10" hai0="8,17,50,52,56,81,85,88,98,99" hai1="4,11,12,14,22,25,26,36,37,38,53,58,61" hai3="10,15,18,20,23,24,27,28,31,35,79,82,86" /><INIT seed="0,1,1,1,2,128" ten="260,260,220,250" oya="0" hai0="50,6,53,96,122,101,17,38,95,59,89,33,30" hai1="26,61,62,114,80,1,12,116,3,40,52,39,46" hai2="31,68,70,117,94,100,14,119,118,5,130,120,9" hai3="127,20,134,51,44,79,107,24,57,126,2,84,87"/><T78/><D122/><U133/><E116/><V123/><F130/><W55/><G107/><T92/><D38/><U34/><E114/><V25/><F100/><W32/><G2/><T65/><D78/><U74/><E12/><V11/><F94/><W132/><G32/><T67/><D6/><U15/><E15/><N who="2" m="5551" /><F70/><W72/><G72/><T36/><D36/><U125/><E125/><N who="3" m="47626" /><G44/><T60/><D33/><U7/><E133/><N who="3" m="51306" /><G79/><T10/><D30/><AGARI ba="1,1" hai="20,24,30,51,55,57,84,87" m="51306,47626" machi="30" ten="30,8000,1" yaku="18,1,20,1,52,3" doraHai="128" who="3" fromWho="0" sc="260,-83,260,0,220,0,250,93" /><INIT seed="1,0,0,0,2,94" ten="177,260,220,343" oya="1" hai0="10,36,108,109,90,66,89,55,2,35,95,63,117" hai1="80,25,53,22,60,112,42,123,57,3,5,126,110" hai2="8,16,128,58,61,56,29,130,73,82,11,114,127" hai3="12,34,106,84,122,39,19,104,27,111,70,121,26"/><U133/><E123/><V30/><F73/><W7/><G39/><T86/><D35/><U125/><E112/><V17/><F82/><W76/><G70/><T96/><D36/><U40/><E133/><V20/><F61/><W99/><G111/><T91/><D117/><U81/><E110/><N who="0" m="42601" /><D55/><U103/><E103/><V28/><F127/><N who="1" m="48649" /><E5/><V31/><F31/><W67/><G7/><N who="0" m="1399" /><D86/><U78/><E3/><V54/><F54/><W45/><G84/><T49/><D49/><U92/><E92/><V113/><F20/><W98/><G106/><T119/><D119/><U52/><E53/><V59/><F11/><W93/><G93/><T43/><D43/><N who="1" m="16427" /><E78/><V131/><REACH who="2" step="1"/><F8/><REACH who="2" ten="177,260,210,343" step="2"/><W33/><G121/><T129/><D129/><U120/><E120/><V9/><F9/><W74/><G122/><T32/><D32/><U38/><E38/><V107/><F107/><W23/><G34/><T1/><D1/><U6/><E6/><V77/><F77/><W115/><G33/><T97/><D95/><U24/><E24/><V37/><F37/><W101/><G26/><T13/><D13/><U50/><E60/><V79/><F79/><W69/><G27/><T14/><D14/><U88/><E88/><V118/><F118/><W105/><G76/><T0/><D0/><U4/><E4/><V87/><F87/><W15/><G15/><T124/><D124/><U46/><E46/><V47/><F47/><W83/><G12/><T68/><AGARI ba="0,1" hai="63,66,68,89,90,91,96,97" m="1399,42601" machi="68" ten="30,4000,0" yaku="14,1,52,2" doraHai="94" who="0" fromWho="0" sc="177,50,260,-20,210,-10,343,-10" /><INIT seed="2,0,0,4,5,97" ten="227,240,200,333" oya="2" hai0="108,18,111,127,78,30,83,3,113,76,104,130,16" hai1="70,5,45,125,91,131,93,100,51,31,87,36,23" hai2="14,24,11,59,84,6,21,9,13,10,41,114,47" hai3="86,95,43,124,106,67,119,32,126,56,60,17,123"/><V1/><F114/><W101/><G119/><T20/><D113/><U89/><E70/><V0/><F59/><W61/><G123/><T121/><D121/><U107/><E36/><V117/><F117/><W99/><G43/><T44/><D3/><N who="2" m="1098" /><F84/><W26/><G86/><T71/><D71/><U103/><E125/><N who="3" m="48234" /><G17/><N who="0" m="6763" /><D104/><U102/><E107/><V66/><F66/><N who="3" m="39175" /><G26/><N who="0" m="16711" /><D127/><U98/><E131/><V77/><F47/><W52/><G32/><T105/><D130/><U63/><E5/><V94/><F77/><W68/><G106/><T19/><D105/><U54/><E63/><V133/><F94/><W69/><G69/><T80/><D19/><U39/><E39/><V2/><F41/><W135/><G135/><T25/><D25/><N who="1" m="16831" /><E91/><V90/><F90/><W73/><G73/><T55/><D76/><U88/><E89/><V116/><F133/><W22/><G22/><T72/><D80/><U112/><E112/><V37/><F37/><W62/><G62/><T96/><D96/><U115/><E115/><V42/><F42/><W15/><G15/><N who="2" m="5641" /><F116/><W49/><G49/><N who="0" m="29095" /><D72/><U12/><E12/><V134/><F134/><W46/><G46/><T120/><D120/><U128/><E128/><V57/><F57/><W81/><G81/><T33/><D78/><U38/><E38/><V8/><F11/><W50/><G50/><T58/><D83/><U132/><E132/><V29/><AGARI ba="0,0" hai="2,6,8,9,10,21,24,29" m="5641,1098" machi="29" ten="30,12000,1" yaku="35,5" doraHai="97" who="2" fromWho="2" sc="227,-40,240,-40,200,120,333,-40" /><INIT seed="2,1,0,0,3,115" ten="187,200,320,293" oya="2" hai0="16,67,110,68,45,73,84,36,60,9,28,40,47" hai1="15,25,29,49,58,80,70,82,103,65,22,79,1" hai2="112,39,104,54,3,7,24,135,8,4,43,91,122" hai3="48,86,88,83,6,21,77,129,132,111,81,106,76"/><V123/><F112/><W75/><G111/><T18/><D73/><U64/><E1/><V127/><F54/><W27/><G129/><T52/><D110/><U19/><E70/><V102/><F91/><W109/><G109/><T53/><D28/><U50/><E103/><V46/><F127/><W12/><G106/><T99/><D84/><U2/><E2/><V11/><F135/><W35/><G35/><T57/><D45/><U42/><E42/><V95/><F95/><W13/><G132/><T117/><D117/><U5/><E5/><V0/><REACH who="2" step="1"/><F24/><REACH who="2" ten="187,200,310,293" step="2"/><W23/><G88/><T89/><D53/><U71/><E80/><V124/><F124/><W118/><G27/><T66/><D66/><U98/><E82/><V31/><F31/><W37/><G81/><T34/><D89/><U113/><E113/><V121/><F121/><W32/><G83/><T41/><D52/><U92/><E79/><V87/><F87/><W130/><G86/><T134/><D134/><U62/><E65/><V63/><F63/><W56/><G77/><T116/><D60/><U131/><E131/><V10/><F10/><W114/><G76/><T74/><D67/><U120/><E120/><V100/><F100/><W126/><G126/><T119/><D9/><N who="1" m="6639" /><E71/><V105/><F105/><W94/><G130/><T30/><D68/><U51/><E92/><V125/><F125/><W133/><G94/><T14/><D30/><U26/><E26/><V72/><F72/><W20/><G75/><T17/><D74/><U90/><E90/><V78/><F78/><W55/><G133/><T85/><D85/><RYUUKYOKU ba="1,1" sc="187,-15,200,15,310,15,293,-15" hai1="22,25,29,49,50,51,58,62,64,98" hai2="0,3,4,7,8,11,39,43,46,102,104,122,123" /><INIT seed="2,2,1,5,3,107" ten="172,215,325,278" oya="2" hai0="117,36,20,106,82,50,41,16,95,88,100,55,93" hai1="92,99,83,109,123,131,22,32,30,86,111,35,39" hai2="79,120,89,28,87,27,132,129,53,59,64,31,119" hai3="19,25,76,10,38,62,52,74,11,12,110,90,118"/><V8/><F119/><W133/><G118/><T80/><D36/><U7/><E39/><V40/><F120/><W77/><G110/><N who="1" m="41994" /><E7/><V46/><F132/><W104/><G133/><T114/><D114/><U70/><E70/><V47/><F129/><W68/><G104/><T72/><D41/><U48/><E48/><V127/><F127/><W60/><G38/><T29/><D29/><U126/><E126/><V113/><F113/><W2/><G25/><N who="0" m="14471" /><D106/><U43/><E43/><V81/><F64/><W44/><G68/><T23/><D72/><U21/><E131/><V54/><F40/><W42/><G42/><T63/><D63/><U1/><E1/><V58/><F8/><W17/><G62/><T97/><D23/><N who="1" m="8715" /><E30/><V135/><F135/><W130/><G60/><T56/><D117/><U34/><E123/><V84/><F89/><W57/><G90/><T13/><D13/><U116/><E116/><V65/><F79/><W85/><G77/><T124/><D124/><U103/><E34/><V4/><F81/><W128/><G2/><T66/><D66/><U0/><E0/><V96/><F65/><W45/><G130/><T112/><D112/><U37/><E37/><V78/><F27/><W125/><G128/><T24/><D24/><U69/><E69/><V26/><F26/><W115/><G115/><T105/><D105/><U33/><E33/><V102/><F31/><W134/><G125/><T71/><D71/><U94/><E94/><V73/><F28/><W5/><G134/><T67/><D67/><U9/><E9/><V51/><F51/><W3/><G10/><RYUUKYOKU ba="2,1" sc="172,15,215,15,325,-15,278,-15" hai0="50,55,56,80,82,88,93,95,97,100" hai1="32,35,83,86,92,99,103" /><INIT seed="3,3,1,5,5,0" ten="187,230,310,263" oya="3" hai0="111,125,123,3,106,124,11,110,79,50,10,25,30" hai1="89,62,24,13,100,67,114,73,37,9,109,82,58" hai2="46,128,38,66,32,42,64,86,95,132,31,98,96" hai3="19,72,134,22,43,65,15,48,118,68,74,51,131"/><W80/><G118/><T105/><D79/><U26/><E114/><V102/><F132/><W99/><G134/><T107/><D123/><U75/><E37/><V112/><F112/><W135/><G135/><T94/><D94/><U104/><E75/><V56/><F128/><W2/><G131/><T69/><D50/><U47/><E109/><N who="0" m="41481" /><D69/><U36/><E104/><N who="0" m="26625" /><T17/><DORA hai="41" /><D17/><U93/><E100/><V12/><F102/><W54/><G51/><T23/><D3/><U20/><E20/><V129/><F95/><W84/><G2/><T59/><D59/><U120/><E120/><V34/><F56/><W21/><G21/><T61/><D61/><U49/><E36/><V101/><F101/><W103/><G103/><T133/><D133/><U91/><E73/><V97/><F129/><W35/><G74/><T71/><D71/><U88/><E82/><V39/><F39/><W122/><G72/><T28/><D30/><U121/><E93/><V130/><F130/><W90/><G122/><T45/><D45/><U119/><E121/><V85/><F31/><W76/><G76/><T63/><D63/><U6/><E119/><V14/><F38/><W5/><G68/><T113/><D113/><U57/><E57/><V55/><F46/><W117/><G117/><T81/><D81/><U92/><E92/><V53/><F97/><W60/><G80/><T4/><D10/><U116/><E116/><V7/><F7/><W8/><G5/><T127/><D11/><U87/><E87/><V1/><F1/><W44/><G8/><T52/><D4/><U70/><E70/><RYUUKYOKU ba="3,1" sc="187,10,230,10,310,10,263,-30" hai0="23,25,28,52,124,125,127" hai1="6,9,13,24,26,47,49,58,62,67,88,89,91" hai2="12,14,32,34,42,53,55,64,66,85,86,96,98" /><INIT seed="4,4,1,3,2,76" ten="197,240,320,233" oya="0" hai0="40,33,85,49,94,10,101,117,50,68,19,42,128" hai1="39,127,64,102,55,93,0,90,89,88,126,100,79" hai2="1,16,132,59,2,15,70,122,23,107,135,5,36" hai3="31,118,18,20,99,84,43,47,29,114,125,106,22"/><T131/><D68/><U72/><E0/><V86/><F70/><W53/><G118/><T6/><D117/><U17/><E39/><V111/><F122/><W66/><G114/><T38/><D33/><U51/><E64/><V113/><F111/><W71/><G125/><N who="1" m="47626" /><E93/><V112/><F107/><W26/><G53/><T92/><D19/><U77/><E17/><V82/><F59/><W24/><G18/><T119/><D119/><U34/><E34/><V14/><F36/><W46/><G84/><T62/><D38/><U27/><E27/><V104/><F104/><W67/><G43/><T48/><D42/><U129/><E129/><N who="0" m="49737" /><D40/><U80/><E77/><N who="2" m="46415" /><F15/><W7/><G7/><T74/><D94/><U57/><AGARI ba="4,1" hai="51,55,57,72,79,80,88,89,90,100,102" m="47626" machi="57" ten="30,4000,0" yaku="18,1,52,1,54,1" doraHai="76" who="1" fromWho="1" sc="197,-24,240,62,320,-14,233,-14" /><INIT seed="5,0,0,2,3,87" ten="173,302,306,219" oya="1" hai0="133,111,53,27,109,105,30,18,84,49,75,34,24" hai1="116,2,97,10,26,35,77,131,120,9,114,60,104" hai2="82,94,43,127,101,48,85,117,15,70,11,122,59" hai3="67,20,19,17,119,98,80,95,78,46,68,21,1"/><U57/><E120/><V64/><F122/><W6/><G119/><T100/><D75/><U71/><E116/><V99/><F127/><W112/><G112/><T31/><D133/><U55/><E114/><V69/><F117/><W96/><G68/><T56/><D18/><U103/><E131/><V129/><F129/><W110/><G67/><T39/><D39/><U7/><E77/><V13/><F13/><W130/><G110/><T61/><D100/><U106/><E71/><V5/><F64/><W135/><G135/><T126/><D105/><U16/><E104/><V54/><REACH who="2" step="1"/><F43/><REACH who="2" ten="173,302,296,219" step="2"/><W52/><G130/><T72/><D126/><U47/><E2/><V4/><F4/><W0/><G6/><T81/><D111/><U14/><E7/><V62/><F62/><W125/><G1/><T22/><D109/><U124/><E124/><V128/><F128/><W90/><G0/><T28/><D61/><U33/><E26/><V83/><F83/><W3/><G3/><T40/><D40/><U8/><REACH who="1" step="1"/><E47/><REACH who="1" ten="173,292,296,219" step="2"/><V123/><F123/><W118/><G118/><T32/><D27/><U134/><E134/><V86/><F86/><N who="3" m="48407" /><G125/><T41/><D24/><U79/><E79/><AGARI ba="0,2" hai="5,11,15,48,54,59,69,70,79,82,85,94,99,101" machi="79" ten="30,2000,0" yaku="1,1,7,1,53,0" doraHai="87" doraHaiUra="37" who="2" fromWho="1" sc="173,0,292,-20,296,40,219,0" /><INIT seed="6,0,0,5,2,71" ten="173,272,336,219" oya="2" hai0="25,62,19,128,53,115,38,32,12,42,123,82,94" hai1="132,61,76,75,64,125,26,97,67,28,101,69,96" hai2="17,100,16,59,34,116,29,6,20,35,122,108,113" hai3="66,44,37,102,74,46,52,81,134,57,70,121,9"/><V135/><F122/><W99/><G121/><T40/><D123/><U84/><E125/><V14/><F100/><W49/><G134/><T93/><D32/><U1/><E1/><V15/><F116/><W85/><G74/><T41/><D115/><U80/><E67/><V54/><F113/><W131/><G131/><T2/><D2/><U55/><E132/><V27/><F135/><W124/><G124/><T88/><D25/><U129/><E55/><V56/><F108/><W119/><G119/><T3/><D3/><U110/><E110/><V127/><F127/><W106/><G9/><T63/><D128/><U89/><E129/><V0/><F54/><W22/><G22/><N who="0" m="11623" /><D53/><U79/><E97/><V39/><F39/><W30/><G30/><T51/><D51/><U104/><E75/><V60/><F60/><N who="0" m="23082" /><D38/><U65/><E65/><V90/><F90/><W91/><G66/><T48/><D48/><U4/><E4/><V7/><F35/><AGARI ba="0,0" hai="26,28,35,61,64,69,76,79,80,84,89,96,101,104" machi="35" ten="30,3900,0" yaku="7,1,25,2" doraHai="71" who="1" fromWho="2" sc="173,0,272,39,336,-39,219,0" /><INIT seed="7,0,0,2,1,8" ten="173,311,297,219" oya="3" hai0="110,61,82,125,36,16,134,97,23,95,58,62,22" hai1="48,131,130,105,106,96,14,2,69,46,31,72,107" hai2="121,50,64,60,74,20,49,71,63,94,85,40,111" hai3="99,124,129,91,114,12,59,32,25,81,26,73,84"/><W57/><G114/><T21/><D110/><U27/><E2/><V4/><F111/><W30/><G124/><T5/><D125/><U77/><E69/><V102/><F74/><W65/><G129/><N who="1" m="49162" /><E14/><V6/><F121/><W80/><G65/><N who="0" m="39095" /><D36/><U101/><E77/><V89/><F102/><W120/><G120/><T108/><D108/><U9/><E9/><V45/><F50/><W98/><G25/><N who="0" m="14503" /><D134/><U37/><E72/><V35/><F35/><W93/><G73/><T87/><D5/><U52/><E37/><V41/><F41/><W33/><G33/><AGARI ba="0,0" hai="27,31,33,46,48,52,96,101,105,106,107" m="49162" machi="33" ten="30,2000,0" yaku="19,1,54,1" doraHai="8" who="1" fromWho="3" sc="173,0,311,20,297,0,219,-20" owari="173,-33.0,331,43.0,297,10.0,199,-20.0" /></mjloggm>