<mjloggm ver="2.3"><GO type="169" lobby="0"/><UN n0="%72%79%6F%31%37" n1="%6E%2E%67%2E%73" n2="%67%61%70%61%6F" n3="%5A%65%6E" dan="16,16,16,16" rate="2011.58,2094.65,2097.00,2172.00" sx="M,M,M,M"/><TAIKYOKU oya="0"/><INIT seed="0,0,0,2,5,119" ten="250,250,250,250" oya="0" hai0="8,36,74,89,47,101,109,78,121,94,88,108,55" hai1="0,83,50,26,73,96,92,72,123,29,100,3,132" hai2="53,85,62,57,13,2,95,117,7,37,21,107,103" hai3="41,115,49,4,99,126,106,128,116,125,32,22,63"/><T133/><D133/><U98/><BYE who="0" /><E132/><UN n0="%72%79%6F%31%37" /><V24/><F37/><W33/><G106/><T105/><D105/><U54/><E83/><V27/><F117/><W16/><G99/><T51/><D36/><U120/><E98/><N who="2" m="59871" /><F2/><W60/><G115/><T15/><D101/><U30/><E30/><V18/><F107/><W65/><G4/><T43/><D43/><U19/><E19/><V20/><F85/><W9/><G9/><T129/><D129/><U25/><E25/><N who="2" m="9803" /><F7/><W64/><G116/><T69/><D69/><U70/><E70/><V17/><F17/><W34/><G128/><T84/><D121/><U10/><E0/><V86/><F86/><W42/><G49/><T12/><D89/><U134/><E134/><V48/><F62/><W77/><G77/><T46/><D46/><U39/><E39/><V90/><F90/><W56/><G125/><T44/><D44/><U28/><E28/><V31/><F31/><W110/><G126/><T102/><D102/><U6/><E73/><V1/><F1/><W111/><G111/><N who="0" m="42571" /><D8/><AGARI ba="0,0" hai="8,13,18,20,21,48,53,57" m="9803,59871" machi="8" ten="30,1000,0" yaku="8,1" doraHai="119" who="2" fromWho="0" sc="250,-10,250,0,250,10,250,0" /><INIT seed="1,0,0,4,3,80" ten="240,250,260,250" oya="1" hai0="71,103,126,107,16,55,46,117,109,124,56,135,108" hai1="31,85,83,17,68,35,25,33,36,29,94,101,32" hai2="61,128,92,51,95,118,15,49,34,93,12,73,4" hai3="24,37,79,18,112,91,5,123,42,0,44,59,106"/><U40/><E68/><V45/><F118/><W97/><G112/><T77/><D117/><U125/><E125/><N who="0" m="48233" /><D71/><U69/><E69/><V52/><F73/><W121/><G59/><T114/><D114/><U30/><E36/><V53/><F34/><W26/><G26/><T65/><D65/><U129/><E129/><V48/><F128/><W2/><G2/><T39/><D135/><U102/><E40/><V89/><F61/><W70/><G70/><T113/><D113/><U116/><E116/><V133/><F133/><W7/><G7/><T50/><D77/><U84/><E83/><V120/><F120/><W134/><G134/><T58/><D39/><U22/><REACH who="1" step="1"/><E94/><REACH who="1" ten="240,240,260,250" step="2"/><V76/><F93/><W63/><G37/><T14/><D109/><U28/><N who="1" m="7168" /><DORA hai="130" /><U1/><E1/><V11/><F95/><W43/><G0/><T98/><D108/><U88/><E88/><V13/><F76/><W110/><G91/><T115/><D115/><U21/><E21/><AGARI ba="0,1" hai="14,16,21,46,50,55,56,58,98,103,107" m="48233" machi="21" ten="30,2000,0" yaku="18,1,54,1" doraHai="80,130" who="0" fromWho="1" sc="240,30,240,-20,260,0,250,0" /><INIT seed="2,0,0,4,3,47" ten="270,220,260,250" oya="2" hai0="93,2,50,112,117,17,105,55,3,133,13,61,1" hai1="132,48,19,91,49,63,0,104,100,88,40,118,41" hai2="21,5,81,26,126,31,115,76,90,73,64,34,65" hai3="53,28,4,110,66,97,135,114,83,12,98,69,99"/><V46/><F115/><W37/><G110/><T25/><D112/><U124/><E0/><V68/><F126/><W42/><G135/><T102/><D105/><U23/><E118/><V123/><F123/><W32/><G114/><T74/><D74/><U85/><E124/><V15/><F68/><W122/><G122/><T82/><D133/><U87/><E132/><V77/><F77/><W131/><G131/><T84/><D117/><U9/><E9/><V103/><F103/><W44/><G66/><T95/><D61/><U78/><E104/><V129/><F129/><W96/><G69/><T57/><D25/><U24/><E100/><V7/><F90/><N who="1" m="34345" /><E63/><V134/><F134/><W59/><G32/><T43/><D102/><U121/><E121/><V16/><REACH who="2" step="1"/><F46/><REACH who="2" ten="270,220,250,250" step="2"/><W94/><G44/><T80/><D80/><N who="1" m="47255" /><E87/><V120/><F120/><W14/><G83/><T36/><D84/><U101/><E101/><V11/><F11/><W128/><G128/><T116/><D82/><U127/><E127/><V106/><F106/><W10/><G94/><T109/><D116/><U107/><E107/><V56/><F56/><W45/><G96/><T92/><D92/><U86/><E86/><V119/><F119/><W22/><G10/><T39/><D95/><U75/><E75/><V108/><F108/><W79/><G79/><T71/><D109/><U29/><E29/><V27/><F27/><N who="3" m="16503" /><G4/><AGARI ba="0,1" hai="4,5,7,15,16,21,26,31,34,64,65,73,76,81" machi="4" ten="40,3900,0" yaku="1,1,54,1,53,0" doraHai="47" doraHaiUra="125" who="2" fromWho="3" sc="270,0,220,0,250,49,250,-39" /><INIT seed="2,1,0,2,4,40" ten="270,220,299,211" oya="2" hai0="74,30,13,105,103,14,53,69,93,101,109,63,28" hai1="82,115,27,135,4,86,107,122,46,51,41,2,61" hai2="0,48,95,18,67,32,60,127,88,16,102,121,11" hai3="55,58,66,26,19,43,84,120,23,124,71,7,87"/><V123/><F127/><W1/><G120/><T64/><D105/><U114/><E122/><V17/><F32/><W119/><G119/><T131/><D74/><U68/><E107/><V133/><F133/><W9/><G124/><T49/><D109/><U39/><E135/><V31/><F31/><W78/><G78/><T134/><D134/><U89/><E2/><V96/><F48/><W108/><G108/><T25/><D131/><U97/><E4/><V6/><REACH who="2" step="1"/><F102/><REACH who="2" ten="270,220,289,211" step="2"/><W132/><G132/><T34/><D30/><U79/><E114/><V5/><F5/><W33/><G33/><T112/><D112/><U113/><E113/><V38/><F38/><W45/><G71/><AGARI ba="1,1" hai="0,6,11,16,17,18,60,67,71,88,95,96,121,123" machi="71" ten="40,7700,0" yaku="1,1,54,2,53,0" doraHai="40" doraHaiUra="76" who="2" fromWho="3" sc="270,0,220,0,289,90,211,-80" /><INIT seed="2,2,0,2,1,9" ten="270,220,379,131" oya="2" hai0="107,121,126,120,33,42,135,112,119,106,75,76,84" hai1="55,100,52,26,82,99,19,21,133,7,16,63,44" hai2="62,118,56,134,3,4,0,13,27,50,108,58,74" hai3="90,18,88,66,51,22,37,125,95,111,96,123,122"/><V67/><F118/><W73/><G37/><T98/><D33/><U86/><E133/><V2/><F74/><W124/><G73/><T94/><D42/><U38/><E7/><V93/><F134/><W24/><G111/><T85/><D135/><U117/><E117/><V89/><F108/><W8/><G66/><T14/><D14/><U23/><E38/><V25/><F50/><W53/><G90/><N who="0" m="55639" /><D119/><U77/><E63/><V17/><F58/><W130/><G130/><T103/><D112/><U68/><E68/><V41/><F4/><W49/><G8/><T28/><D28/><U127/><E44/><V20/><REACH who="2" step="1"/><F41/><REACH who="2" ten="270,220,369,131" step="2"/><W70/><G70/><T29/><D75/><U46/><E46/><V64/><F64/><W60/><G51/><T32/><D121/><U79/><E127/><N who="3" m="48714" /><G60/><T57/><D120/><U78/><E55/><V71/><F71/><W34/><G34/><T83/><D126/><U114/><E114/><V45/><F45/><AGARI ba="2,1" hai="18,22,24,45,49,53,88,95,96,122,123" m="48714" machi="45" ten="30,2000,0" yaku="18,1,54,1" doraHai="9" who="3" fromWho="2" sc="270,0,220,0,369,-26,131,36" /><INIT seed="3,0,0,5,4,124" ten="270,220,343,167" oya="3" hai0="120,125,78,8,48,53,62,39,7,55,20,52,103" hai1="31,17,86,75,88,119,26,74,28,84,105,81,123" hai2="129,122,13,80,18,89,11,41,83,43,27,38,56" hai3="107,15,35,22,5,49,116,69,21,76,12,50,104"/><W93/><G116/><T115/><D120/><U23/><E123/><V47/><F122/><W102/><G35/><T10/><D39/><U99/><E119/><V94/><F43/><W2/><G2/><T97/><D125/><U70/><E70/><V106/><F106/><W32/><G32/><T109/><D109/><U128/><E105/><V135/><F135/><W71/><G93/><T30/><D115/><U19/><E99/><V96/><F129/><W61/><G61/><T101/><D78/><U16/><E128/><V45/><F45/><W134/><G5/><T46/><D62/><U114/><E114/><V1/><F56/><W25/><G25/><T66/><D66/><U73/><E31/><V36/><F36/><W108/><G76/><T131/><D131/><U111/><E111/><V24/><F1/><W91/><G91/><T60/><D60/><U51/><E51/><V14/><F14/><W58/><G108/><T110/><D110/><U72/><N who="1" m="18432" /><DORA hai="34" /><U9/><REACH who="1" step="1"/><E84/><REACH who="1" ten="270,210,343,167" step="2"/><V117/><F117/><W77/><G102/><T6/><D101/><U130/><E130/><V44/><F38/><W65/><G134/><T0/><D97/><U133/><E133/><V95/><F96/><W100/><G100/><T57/><D103/><U63/><E63/><V40/><F40/><W42/><G42/><T118/><D118/><U33/><E33/><V85/><F41/><W113/><G113/><T132/><D132/><U98/><E98/><V37/><F85/><W82/><G65/><T54/><D30/><U112/><E112/><V64/><F37/><W92/><G104/><RYUUKYOKU ba="0,1" sc="270,-10,210,30,343,-10,167,-10" hai1="9,16,17,19,23,26,28,81,86,88" /><INIT seed="4,1,1,4,3,93" ten="260,240,333,157" oya="0" hai0="83,82,15,22,108,46,33,106,50,102,95,58,63" hai1="132,125,73,36,0,8,79,134,87,86,32,91,81" hai2="26,99,126,38,39,27,67,72,23,62,45,107,1" hai3="34,131,114,120,24,48,65,4,30,92,129,64,94"/><T70/><D70/><U2/><E32/><V13/><F1/><W109/><G109/><T14/><D106/><U16/><E36/><V104/><F72/><W128/><G114/><T124/><D33/><U5/><E2/><V61/><F126/><W60/><G120/><T116/><D116/><U41/><E41/><V47/><F39/><W25/><G25/><T122/><D122/><U110/><E110/><V9/><F61/><W111/><G111/><T12/><D108/><U118/><E118/><V123/><F123/><W44/><G4/><T130/><D124/><U113/><E125/><V6/><F27/><W96/><G92/><T127/><D127/><U85/><E113/><V52/><F45/><W11/><G11/><T10/><D10/><U40/><E40/><V76/><F76/><W115/><G60/><T68/><D68/><U57/><E57/><V88/><F38/><W20/><G34/><T77/><D130/><U97/><E16/><N who="2" m="12647" /><F107/><W74/><G74/><T103/><D22/><U98/><REACH who="1" step="1"/><E91/><REACH who="1" ten="260,230,333,157" step="2"/><V42/><F42/><N who="3" m="24599" /><G115/><T112/><D112/><U84/><N who="1" m="21504" /><DORA hai="121" /><U51/><E51/><N who="2" m="28799" /><F104/><W101/><AGARI ba="1,2" hai="20,24,30,64,65,94,96,101,128,129,131" m="24599" machi="101" ten="30,2000,0" yaku="19,1,52,1" doraHai="93,121" who="3" fromWho="3" sc="260,-11,230,-6,333,-6,157,43" /><INIT seed="5,0,0,0,5,14" ten="249,224,327,200" oya="1" hai0="134,24,25,49,114,64,61,128,82,63,115,31,87" hai1="112,108,107,81,40,33,106,68,9,46,86,0,101" hai2="84,37,53,21,120,116,59,130,127,90,18,91,74" hai3="126,47,11,36,10,124,56,121,72,95,132,104,98"/><U79/><E68/><V77/><F120/><W1/><G104/><T35/><D134/><U89/><E112/><V32/><F116/><W118/><G121/><T8/><D128/><U27/><E108/><V42/><F32/><W30/><G72/><T55/><D25/><U70/><E70/><V19/><F127/><N who="3" m="48683" /><G1/><T88/><D8/><U76/><E76/><V58/><F74/><W34/><G56/><T97/><D97/><U45/><E45/><V119/><F119/><W113/><G113/><N who="0" m="43019" /><D64/><U109/><E109/><V29/><F59/><AGARI ba="0,0" hai="24,31,35,49,55,59,61,63,82,87,88" m="43019" machi="59" ten="30,2000,0" yaku="15,1,54,1" doraHai="14" who="0" fromWho="2" sc="249,20,224,0,327,-20,200,0" /><INIT seed="6,0,0,5,1,50" ten="269,224,307,200" oya="2" hai0="86,100,87,28,72,119,84,6,135,56,129,107,51" hai1="101,42,126,105,36,45,92,57,24,44,41,116,32" hai2="94,124,48,33,59,134,89,111,52,91,17,85,114" hai3="108,63,9,98,132,130,120,109,40,97,74,123,12"/><V125/><F33/><W22/><G40/><T20/><D72/><U93/><E116/><V54/><F114/><W18/><G63/><T13/><D119/><U11/><E126/><N who="2" m="48747" /><F134/><W46/><G46/><T131/><D135/><U67/><E105/><V83/><F17/><N who="3" m="8335" /><G97/><T66/><D100/><U0/><E0/><V25/><F25/><N who="3" m="14551" /><G98/><T79/><D107/><U34/><E11/><V64/><F111/><N who="3" m="42571" /><G74/><T80/><D66/><U8/><E8/><V30/><F30/><W118/><G132/><T37/><D37/><U1/><E1/><V27/><F27/><W35/><G118/><T110/><D110/><U75/><E75/><V112/><F112/><W113/><G113/><T90/><D28/><U95/><E101/><V133/><F133/><W14/><G130/><T106/><D129/><U127/><E24/><V55/><F64/><W71/><G71/><T31/><D131/><U61/><REACH who="1" step="1"/><E127/><REACH who="1" ten="269,214,307,200" step="2"/><V16/><F16/><W73/><G73/><T15/><D31/><U10/><E10/><V4/><F4/><W23/><G35/><T5/><D5/><U77/><E77/><V104/><F104/><W122/><G23/><T102/><D20/><U69/><E69/><V103/><F103/><W82/><G14/><T29/><D15/><U88/><E88/><V70/><F70/><W81/><G122/><T39/><D13/><U26/><E26/><V68/><F68/><W2/><G2/><T53/><D102/><U60/><E60/><V96/><AGARI ba="0,1" hai="48,52,54,55,59,83,85,89,91,94,96" m="48747" machi="96" ten="30,12000,1" yaku="18,1,52,3,54,1" doraHai="50" who="2" fromWho="2" sc="269,-40,214,-40,307,130,200,-40" /><INIT seed="6,1,0,4,5,89" ten="229,174,437,160" oya="2" hai0="21,23,135,11,26,87,97,75,19,81,45,105,130" hai1="46,69,80,12,76,120,107,59,14,61,15,63,43" hai2="47,129,101,50,37,56,64,25,71,133,41,94,29" hai3="30,111,7,132,22,124,123,74,83,68,27,8,5"/><V119/><F119/><W78/><G111/><T9/><D75/><U44/><E120/><V57/><F133/><W106/><G123/><T96/><D135/><U86/><E107/><V20/><F129/><W82/><G132/><T55/><D130/><U36/><E69/><V112/><F112/><W10/><G68/><T110/><D110/><U91/><E44/><V72/><F72/><W52/><G106/><T113/><D113/><U103/><E103/><V48/><F48/><W131/><G124/><T104/><D104/><U42/><E42/><V126/><F126/><W51/><G131/><T58/><D45/><U4/><E4/><N who="3" m="1610" /><G74/><T40/><D40/><U88/><REACH who="1" step="1"/><E63/><REACH who="1" ten="229,164,437,160" step="2"/><V31/><F71/><W85/><G82/><T128/><D105/><U70/><E70/><V53/><F37/><W60/><G60/><T32/><D128/><U62/><E62/><N who="2" m="37967" /><F41/><W6/><N who="3" m="1618" /><W2/><DORA hai="93" /><G2/><T3/><D3/><U98/><E98/><N who="2" m="59607" /><F47/><AGARI ba="1,1" hai="8,10,22,27,30,47,51,52,78,83,85" m="1618" machi="47" ten="30,2000,0" yaku="8,1,54,1" doraHai="89,93" who="3" fromWho="2" sc="229,0,164,0,437,-23,160,33" /><INIT seed="7,0,0,0,5,100" ten="229,164,414,193" oya="3" hai0="20,56,104,53,77,89,2,86,12,130,106,105,71" hai1="48,10,66,120,131,90,1,129,57,62,74,50,107" hai2="28,92,133,30,40,72,64,16,126,21,81,61,79" hai3="118,70,116,43,8,47,76,39,96,23,73,13,26"/><W102/><G70/><T122/><D122/><U101/><E74/><V54/><F126/><W65/><G65/><T88/><D71/><U29/><E120/><V9/><F40/><W95/><G76/><T63/><D2/><U35/><E90/><V25/><F133/><W37/><G37/><T119/><D119/><U51/><E1/><V6/><F54/><W44/><G44/><T17/><REACH who="0" step="1"/><D130/><REACH who="0" ten="219,164,414,193" step="2"/><N who="1" m="49675" /><E10/><V80/><F9/><W91/><G118/><T41/><D41/><U67/><E67/><V60/><F64/><W19/><G116/><T132/><D132/><U99/><E29/><V55/><F30/><W134/><G134/><T27/><D27/><U84/><E84/><V34/><F25/><W11/><G26/><T97/><D97/><U128/><N who="1" m="49683" /><U87/><DORA hai="22" /><E87/><V38/><F28/><W103/><G73/><T32/><D32/><AGARI ba="0,1" hai="32,35,48,50,51,57,62,66,99,101,107" m="49683" machi="32" ten="50,3200,0" yaku="19,1,52,1" doraHai="100,22" who="1" fromWho="0" sc="219,-32,164,42,414,0,193,0" owari="187,-31.0,206,1.0,414,51.0,193,-21.0" /></mjloggm>