<mjloggm ver="2.3"><GO type="169" lobby="0"/><UN n0="%E3%82%82%E3%83%BC%E3%82%8A%E3%83%BC" n1="%E3%82%81%E3%82%93%E3%81%A9%E3%81%84" n2="%E5%9C%B0%E9%B3%B3" n3="%E3%83%AB%E3%82%A2%E3%82%B4%E3%82%A4%E3%83%95" dan="16,16,16,17" rate="2163.19,2037.43,2086.26,2082.57" sx="M,M,F,M"/><TAIKYOKU oya="0"/><INIT seed="0,0,0,4,0,117" ten="250,250,250,250" oya="0" hai0="35,7,133,88,128,41,64,106,87,40,111,42,129" hai1="130,125,18,8,50,28,80,132,90,69,104,12,92" hai2="49,71,127,83,17,62,34,76,115,131,96,32,60" hai3="84,39,63,121,15,52,37,27,105,116,23,46,73"/><T98/><D35/><U13/><E125/><V58/><F115/><W55/><G116/><T30/><D30/><U10/><E130/><N who="0" m="50281" /><D133/><U29/><E132/><V19/><F131/><W74/><G105/><T100/><D7/><U3/><E3/><V24/><F127/><W2/><G2/><T21/><D21/><U36/><E36/><V95/><F71/><W78/><G15/><T75/><D75/><U20/><E69/><V5/><F5/><W57/><G84/><T135/><D135/><U85/><E104/><V14/><F62/><W118/><G118/><T66/><D111/><U99/><E20/><V103/><F24/><W81/><G73/><T0/><D0/><U4/><REACH who="1" step="1"/><E50/><REACH who="1" ten="250,240,250,250" step="2"/><V93/><F49/><W1/><G1/><T114/><D114/><U89/><AGARI ba="0,1" hai="4,8,10,12,13,18,28,29,80,85,89,90,92,99" machi="89" ten="20,8000,1" yaku="1,1,2,1,0,1,7,1,8,1,53,0" doraHai="117" doraHaiUra="109" who="1" fromWho="1" sc="250,-40,240,90,250,-20,250,-20" /><INIT seed="1,0,0,0,4,98" ten="210,330,230,230" oya="1" hai0="23,37,91,51,106,42,3,38,107,61,59,72,92" hai1="65,63,39,19,6,112,32,40,111,105,67,18,79" hai2="124,132,71,114,126,78,93,41,36,5,129,130,113" hai3="55,81,134,0,120,135,53,100,13,95,64,34,110"/><U133/><E112/><N who="2" m="43115" /><F78/><W44/><G120/><T29/><D3/><U25/><E133/><N who="3" m="50698" /><G0/><T10/><D72/><U48/><E39/><V74/><F74/><W2/><G2/><T104/><D10/><U1/><E67/><V88/><F5/><W116/><G34/><T15/><D51/><U24/><E24/><V49/><F71/><W17/><G110/><T75/><D75/><U12/><E79/><V46/><F36/><W123/><G123/><T99/><D42/><U115/><E1/><V131/><F132/><W28/><G28/><T14/><D14/><U84/><E84/><AGARI ba="0,0" hai="41,46,49,84,88,93,124,126,129,130,131" m="43115" machi="84" ten="40,5200,0" yaku="19,1,11,1,54,1" doraHai="98" who="2" fromWho="1" sc="210,0,330,-52,230,52,230,0" /><INIT seed="2,0,0,0,0,4" ten="210,278,282,230" oya="2" hai0="15,114,27,135,65,22,53,122,104,64,69,41,6" hai1="34,68,76,111,84,117,43,93,86,123,125,31,3" hai2="25,28,7,119,118,96,100,20,21,52,51,57,60" hai3="108,121,113,79,67,73,128,126,95,10,120,23,5"/><V38/><F38/><W59/><G108/><T29/><D122/><U2/><E123/><V81/><F7/><W36/><G36/><T14/><D114/><U49/><E117/><V127/><F127/><W132/><G113/><T85/><D104/><U70/><E93/><V89/><F20/><W45/><G126/><T83/><D135/><U39/><E49/><V94/><F81/><W13/><G132/><T75/><D75/><U129/><E39/><V78/><F78/><W55/><G128/><T9/><D69/><U40/><E76/><V105/><REACH who="2" step="1"/><F51/><REACH who="2" ten="210,278,272,230" step="2"/><W131/><G23/><T80/><D83/><U124/><E34/><V47/><F47/><W82/><G131/><T88/><D41/><U98/><E129/><V42/><F42/><W0/><G0/><T102/><D102/><U74/><E111/><V46/><F46/><W97/><G45/><T103/><D103/><U112/><E112/><V33/><F33/><W8/><G120/><T101/><D101/><U63/><E74/><V19/><F19/><W106/><G121/><T116/><D116/><U17/><E17/><V77/><F77/><W18/><G106/><T50/><D14/><U72/><E72/><V16/><F16/><W91/><G67/><T1/><D1/><U92/><E124/><V26/><F26/><W133/><G133/><T134/><D134/><U35/><E125/><V32/><F32/><W71/><G18/><T90/><D90/><U54/><E35/><V62/><F62/><W115/><G115/><T56/><AGARI ba="0,1" hai="6,9,15,22,27,29,50,53,56,64,65,80,85,88" machi="56" ten="20,8000,1" yaku="0,1,7,1,8,1,52,1,54,1" doraHai="4" who="0" fromWho="0" sc="210,90,278,-20,272,-40,230,-20" /><INIT seed="3,0,0,1,0,102" ten="300,258,232,210" oya="3" hai0="117,88,103,36,63,28,76,15,77,134,119,18,1" hai1="35,9,116,108,80,64,123,66,56,122,27,125,126" hai2="84,92,0,98,39,82,21,38,120,34,32,51,118" hai3="121,101,135,113,133,74,19,16,52,95,79,11,69"/><W37/><G113/><T53/><D1/><U2/><E80/><V105/><F105/><W83/><G121/><N who="1" m="46090" /><E56/><V5/><F21/><W44/><G69/><T26/><D36/><U50/><E50/><V8/><F118/><W91/><G101/><T42/><D42/><U12/><E64/><V99/><F120/><W115/><G115/><T47/><D103/><U97/><E97/><V94/><F99/><W106/><G106/><T124/><D76/><U109/><E66/><V4/><F4/><W87/><G11/><T49/><D77/><U112/><E112/><V86/><F86/><W55/><G37/><T71/><D63/><U114/><E114/><V31/><F31/><W13/><G44/><T81/><D71/><U14/><E116/><V61/><F61/><W100/><G100/><T60/><D60/><U33/><E2/><V43/><F98/><W59/><G13/><N who="1" m="5226" /><E9/><V70/><F70/><W67/><G67/><T54/><D47/><U104/><E104/><V10/><F10/><W111/><G55/><T130/><D54/><U25/><E25/><V7/><F7/><W127/><G52/><T93/><D53/><U75/><E75/><V45/><F39/><W57/><G59/><T78/><D49/><U48/><E48/><V40/><F38/><W65/><G57/><T68/><D68/><U107/><E107/><V129/><F43/><W24/><G65/><T62/><D117/><U46/><E46/><V90/><F94/><W22/><G74/><T58/><D119/><U20/><E20/><V73/><F73/><W3/><G3/><T17/><D62/><RYUUKYOKU ba="0,0" sc="300,0,258,0,232,0,210,0" /><INIT seed="4,1,0,3,0,27" ten="300,258,232,210" oya="0" hai0="19,73,34,101,57,56,28,75,86,103,66,74,42" hai1="121,78,22,20,105,127,23,49,48,109,129,60,24" hai2="96,69,108,82,126,37,115,70,92,59,134,72,7" hai3="94,16,131,32,1,4,40,114,39,112,35,31,76"/><T14/><D42/><U61/><E109/><V98/><F108/><W54/><G76/><T79/><D79/><U17/><E121/><V18/><F98/><W95/><G131/><T68/><D68/><U91/><E78/><V132/><F37/><W102/><G54/><T71/><D71/><U84/><E105/><V99/><F99/><W6/><G39/><T85/><D34/><U130/><E127/><V104/><F104/><W43/><G16/><T135/><D135/><U30/><E17/><V15/><F7/><W64/><G64/><T119/><D119/><U107/><E107/><V89/><F126/><W25/><G1/><T50/><D50/><N who="1" m="19563" /><E129/><V38/><F38/><W58/><G58/><N who="0" m="22635" /><D19/><U83/><E130/><V67/><F70/><W90/><G35/><T117/><D117/><U100/><E100/><N who="0" m="38473" /><D66/><U113/><E113/><N who="3" m="43626" /><G102/><T97/><D97/><U106/><E106/><V0/><F0/><W63/><G63/><AGARI ba="1,0" hai="20,22,23,24,30,60,61,63,83,84,91" m="19563" machi="63" ten="30,2000,0" yaku="8,1,52,1" doraHai="27" who="1" fromWho="3" sc="300,0,258,23,232,0,210,-23" /><INIT seed="5,0,0,0,2,36" ten="300,281,232,187" oya="1" hai0="30,4,27,81,115,86,11,103,8,29,80,79,84" hai1="89,112,14,113,15,33,120,69,57,44,48,123,41" hai2="85,12,22,5,121,16,131,110,111,68,90,100,73" hai3="47,61,58,32,13,60,59,78,118,39,56,72,64"/><U96/><E69/><V42/><F131/><W102/><G32/><T63/><D115/><N who="1" m="44107" /><E33/><V19/><F121/><N who="1" m="46665" /><E57/><V1/><F73/><W7/><G102/><T119/><D119/><U65/><E65/><V0/><F68/><W45/><G118/><T97/><D63/><U133/><E133/><V2/><F100/><W107/><G107/><T53/><D53/><U50/><E50/><V37/><F19/><W9/><G72/><T93/><D27/><U124/><E124/><V34/><F5/><W91/><G78/><N who="0" m="46103" /><D4/><U55/><E55/><V95/><REACH who="2" step="1"/><F34/><REACH who="2" ten="300,281,222,187" step="2"/><W28/><G28/><AGARI ba="0,1" hai="8,11,28,29,30,79,81,86,93,97,103" m="46103" machi="28" ten="30,1000,0" yaku="8,1" doraHai="36" who="0" fromWho="3" sc="300,20,281,0,222,0,187,-10" /><INIT seed="6,0,0,0,4,61" ten="320,281,222,177" oya="2" hai0="56,32,114,105,109,49,123,31,107,98,135,63,119" hai1="62,33,69,51,1,50,0,129,112,115,27,37,110" hai2="59,55,65,133,92,101,41,28,87,34,106,84,60" hai3="111,48,13,68,12,39,26,88,29,14,30,15,74"/><V4/><F133/><W47/><G111/><T46/><D123/><U93/><E37/><V102/><F106/><W100/><G74/><T99/><D109/><U78/><E110/><V23/><F34/><W108/><G108/><T127/><D135/><U53/><E78/><V120/><F120/><W5/><G68/><T38/><D38/><U122/><E122/><V121/><F41/><W128/><G128/><T132/><D132/><U94/><E51/><V97/><F102/><W126/><G126/><T18/><D18/><U9/><E129/><V11/><F55/><W118/><G118/><T72/><D72/><U86/><E93/><V90/><F90/><W117/><G117/><T25/><D127/><U134/><E9/><V103/><F103/><W89/><G39/><T71/><D71/><U70/><E70/><V95/><F95/><W82/><G100/><T96/><D119/><U116/><E134/><V113/><F113/><N who="1" m="43593" /><E27/><N who="2" m="16511" /><F121/><W21/><G30/><T125/><D125/><U81/><E94/><V44/><F44/><W64/><G64/><T3/><D3/><AGARI ba="0,0" hai="3,4,11,59,60,65,84,87,92,97,101" m="16511" machi="3" ten="30,2900,0" yaku="25,1,52,1" doraHai="61" who="2" fromWho="0" sc="320,-29,281,0,222,29,177,0" /><INIT seed="6,1,0,2,5,52" ten="291,281,251,177" oya="2" hai0="132,116,67,111,15,0,37,44,90,16,47,89,80" hai1="117,115,9,109,95,7,84,73,31,55,112,50,48" hai2="23,8,17,22,3,79,6,19,99,11,101,125,105" hai3="108,130,126,40,122,53,74,32,120,34,124,118,129"/><V131/><F131/><N who="3" m="50187" /><G74/><T1/><D111/><U86/><E73/><V71/><F71/><W42/><G53/><T46/><D37/><U119/><E109/><V128/><F128/><W62/><G108/><T28/><D28/><U12/><E31/><V65/><F125/><N who="3" m="48235" /><G118/><T106/><D106/><U75/><E50/><V127/><F127/><W87/><G87/><N who="1" m="33322" /><E95/><V135/><F79/><W66/><G32/><T58/><D0/><U41/><E41/><N who="3" m="15978" /><G34/><T78/><D1/><U14/><E75/><V113/><F3/><W96/><G96/><T77/><D116/><U2/><E119/><V92/><F99/><W36/><G36/><T82/><D46/><N who="1" m="28055" /><E117/><V30/><F105/><W123/><G123/><T97/><D97/><U59/><E2/><V91/><F30/><W45/><G45/><T25/><D47/><U51/><E14/><V70/><F70/><AGARI ba="1,0" hai="62,66,70,120,122" m="15978,48235,50187" machi="70" ten="30,7700,0" yaku="19,1,18,1,34,2" doraHai="52" who="3" fromWho="2" sc="291,0,281,0,251,-80,177,80" /><INIT seed="7,0,0,2,3,75" ten="291,281,171,257" oya="3" hai0="124,18,24,93,22,133,30,32,68,134,78,53,95" hai1="3,113,45,4,130,76,13,62,86,77,51,65,6" hai2="91,11,67,61,33,56,15,5,92,7,85,48,112" hai3="99,27,80,44,12,125,49,69,20,107,19,40,28"/><W126/><G69/><T8/><D124/><N who="3" m="47721" /><G80/><T38/><D78/><N who="1" m="30315" /><E3/><V2/><F112/><W119/><G119/><T129/><D129/><U104/><E104/><V25/><F33/><N who="3" m="20639" /><G99/><T50/><D38/><U59/><E130/><V121/><F121/><W60/><G60/><T105/><D8/><U26/><E113/><V123/><F123/><W42/><G107/><T64/><D64/><U97/><E13/><V98/><F25/><W108/><G108/><T17/><D68/><U0/><E0/><V114/><F114/><W109/><G109/><T118/><D118/><U73/><E73/><V23/><F48/><W71/><G71/><T120/><D105/><U89/><E97/><V101/><F23/><W90/><G90/><T1/><D1/><U88/><E26/><V29/><F29/><W16/><G19/><N who="0" m="7179" /><D32/><U41/><E89/><V70/><F70/><W84/><G84/><T79/><D79/><U94/><AGARI ba="0,0" hai="4,6,41,45,51,59,62,65,86,88,94" m="30315" machi="94" ten="30,8000,1" yaku="8,1,52,3,54,1" doraHai="75" who="1" fromWho="1" sc="291,-20,281,80,171,-20,257,-40" owari="271,7.0,361,46.0,151,-35.0,217,-18.0" /></mjloggm>