<mjloggm ver="2.3"><GO type="169" lobby="0"/><UN n0="%E3%81%82%E3%81%84%E3%81%A0%E3%81%A6" n1="%E3%81%B5%E3%81%81%E3%82%93%E3%81%A7%E3%82%8B%E3%81%95%E3%83%BC%E3%82%8B" n2="%EF%BC%8A%E7%B4%97%E5%BC%A5%E8%8F%AF%EF%BC%8A" n3="%52%45%49%4E%E6%A3%AE%E4%B9%85%E4%BF%9D%50" dan="16,16,16,16" rate="2105.32,2155.10,2091.83,2113.73" sx="M,M,F,M"/><TAIKYOKU oya="0"/><INIT seed="0,0,0,3,1,49" ten="250,250,250,250" oya="0" hai0="89,117,0,134,60,68,69,66,13,123,111,14,47" hai1="1,130,57,133,93,62,55,106,7,17,50,65,42" hai2="116,40,108,131,2,119,92,45,112,18,109,29,115" hai3="72,23,122,81,16,94,127,125,26,90,22,30,124"/><T74/><D117/><N who="2" m="45130" /><F2/><W5/><G5/><T52/><D123/><U105/><E130/><V56/><F29/><W104/><G104/><T86/><D74/><U41/><E133/><V118/><N who="2" m="45138" /><V120/><DORA hai="84" /><F18/><W25/><G122/><T78/><D0/><U46/><E93/><V80/><F80/><W24/><G81/><T102/><D78/><U100/><E17/><V34/><F34/><W96/><G72/><T79/><D79/><U73/><E73/><V20/><F20/><W39/><G39/><T87/><D134/><U58/><E100/><V103/><F103/><W75/><G75/><T10/><D68/><U113/><E113/><N who="2" m="43595" /><F92/><W99/><REACH who="3" step="1"/><G26/><REACH who="3" ten="250,250,250,240" step="2"/><T135/><D135/><U3/><E106/><V91/><F131/><W38/><G38/><T43/><D13/><U121/><E105/><V97/><F120/><W15/><G15/><T107/><D111/><U4/><E121/><V70/><F109/><W9/><G9/><T31/><D14/><U59/><E7/><V76/><F108/><W6/><G6/><T101/><D10/><U82/><E1/><V8/><F8/><W95/><G95/><T129/><D129/><U32/><E82/><V61/><F76/><W48/><G48/><T83/><D107/><U64/><E4/><V54/><F97/><AGARI ba="0,1" hai="16,22,23,24,25,30,90,94,96,97,99,124,125,127" machi="97" ten="40,16000,3" yaku="1,1,18,1,52,1,54,1,53,4" doraHai="49,84" doraHaiUra="132,27" who="3" fromWho="2" sc="250,0,250,0,250,-160,240,170" /><INIT seed="1,0,0,2,5,4" ten="250,250,90,410" oya="1" hai0="51,49,19,67,26,114,128,127,54,126,48,132,55" hai1="122,118,124,36,99,1,102,113,134,46,39,87,76" hai2="82,23,80,33,60,43,115,97,84,18,123,29,72" hai3="22,59,74,44,50,62,12,38,135,28,88,5,112"/><U78/><E1/><V92/><F123/><W13/><G74/><T86/><D114/><U0/><E113/><V16/><F115/><W41/><G38/><T119/><D119/><U53/><E118/><V131/><F131/><W15/><G135/><T42/><D132/><U57/><E122/><V75/><F33/><W70/><G70/><T108/><D128/><U133/><E0/><V69/><F43/><W6/><G112/><T8/><D67/><U104/><E36/><V21/><F29/><W25/><REACH who="3" step="1"/><G88/><REACH who="3" ten="250,250,90,400" step="2"/><T117/><D117/><U90/><E133/><V37/><F37/><W94/><G94/><T73/><D73/><U96/><E134/><V11/><F69/><W31/><G31/><T95/><D95/><U52/><E39/><V32/><F92/><W89/><G89/><T120/><D120/><U45/><E90/><V91/><F91/><W10/><G10/><T110/><D86/><U129/><E87/><V63/><F84/><W20/><G20/><N who="0" m="13599" /><D8/><U103/><E129/><V71/><F71/><W85/><G85/><T17/><D17/><U100/><E100/><V105/><F32/><W3/><G3/><T40/><D40/><U101/><E101/><V125/><F105/><W81/><G81/><T77/><D42/><U79/><E104/><V35/><F35/><W24/><G24/><T56/><D77/><U9/><E79/><V68/><F68/><W14/><N who="3" m="3072" /><DORA hai="27" /><W106/><G106/><T93/><D93/><U66/><E78/><V64/><F75/><W109/><G109/><T116/><D116/><U47/><E76/><N who="2" m="44039" /><F82/><W121/><G121/><RYUUKYOKU ba="0,1" sc="250,-10,250,-10,90,-10,400,30" hai3="5,6,22,25,28,41,44,50,59,62" /><INIT seed="2,1,1,1,4,41" ten="240,240,80,430" oya="2" hai0="49,70,36,83,129,77,114,52,71,55,15,28,67" hai1="58,126,135,44,88,128,84,82,33,96,59,47,110" hai2="124,125,13,121,73,132,38,107,4,20,62,45,108" hai3="57,12,31,37,93,34,32,25,11,119,116,109,54"/><V22/><F107/><W9/><G37/><T10/><D36/><U16/><E110/><V74/><F121/><W100/><G109/><T92/><D129/><U102/><E128/><V39/><F108/><W60/><G34/><T87/><D114/><U113/><E113/><V17/><F132/><W118/><G12/><T46/><D28/><U130/><E130/><V106/><F106/><W131/><G131/><T7/><D67/><U123/><E135/><V76/><F62/><W27/><G27/><T56/><REACH who="0" step="1"/><D92/><REACH who="0" ten="230,240,80,430" step="2"/><N who="1" m="58631" /><E123/><V0/><F125/><W65/><G93/><T66/><D66/><U18/><E126/><V6/><F124/><W64/><G65/><T3/><D3/><U89/><E33/><V14/><F0/><W79/><G100/><T134/><D134/><U117/><E117/><V101/><F101/><W97/><G116/><T23/><D23/><U99/><E89/><V63/><F76/><W85/><G119/><T29/><D29/><U26/><E18/><V105/><F17/><W120/><G118/><T78/><D78/><N who="1" m="46167" /><E16/><V133/><F133/><W21/><G120/><T24/><D24/><U98/><E26/><V30/><F30/><W48/><G32/><T2/><D2/><U69/><E88/><V19/><F19/><W90/><G79/><T112/><D112/><U91/><E91/><V81/><F39/><W86/><G97/><N who="1" m="36874" /><E69/><V51/><F38/><W1/><G1/><T127/><D127/><U43/><E43/><V35/><F35/><W40/><G40/><T61/><AGARI ba="1,2" hai="7,10,15,46,49,52,55,56,61,70,71,77,83,87" machi="61" ten="20,8000,1" yaku="1,1,0,1,7,1,52,1,54,1,53,0" doraHai="41" doraHaiUra="103" who="0" fromWho="0" sc="230,103,240,-21,80,-41,430,-21" /><INIT seed="3,0,0,4,4,36" ten="333,219,39,409" oya="3" hai0="80,35,103,41,28,131,7,22,20,86,68,11,87" hai1="40,60,123,64,78,126,26,127,24,37,53,100,57" hai2="9,59,33,71,119,47,94,109,73,95,72,105,1" hai3="132,99,92,30,102,56,8,48,93,6,116,17,51"/><W77/><G116/><T106/><D68/><U111/><E123/><V124/><F105/><W66/><G132/><T133/><D131/><U45/><E111/><V118/><F71/><W15/><G77/><T25/><D87/><U61/><E100/><V2/><F33/><W49/><G30/><T0/><D133/><U104/><E104/><V4/><F124/><N who="1" m="47657" /><E78/><V101/><F109/><W79/><G79/><T39/><D86/><U91/><E91/><V134/><F134/><W113/><G113/><T44/><REACH who="0" step="1"/><D80/><REACH who="0" ten="323,219,39,409" step="2"/><U84/><E84/><V122/><F73/><W120/><G120/><T16/><D16/><U58/><AGARI ba="0,1" hai="24,26,37,40,45,53,57,58,60,61,64" m="47657" machi="58" ten="30,2000,0" yaku="18,1,52,1" doraHai="36" who="1" fromWho="1" sc="323,-5,219,30,39,-5,409,-10" /><INIT seed="4,0,0,1,3,11" ten="318,249,34,399" oya="0" hai0="96,99,58,64,120,81,24,4,39,57,128,12,13" hai1="95,66,67,47,82,18,21,90,112,43,48,41,45" hai2="79,104,52,126,118,103,19,91,110,75,5,117,127" hai3="94,98,76,131,20,71,73,100,123,93,50,72,15"/><T54/><D120/><U89/><E82/><N who="2" m="45439" /><F5/><W44/><G71/><T77/><D39/><U34/><E34/><V33/><F33/><W107/><G131/><T23/><D4/><U38/><E112/><V132/><F19/><W109/><G109/><T130/><D64/><U115/><E115/><V129/><F52/><W31/><G123/><T51/><D57/><U135/><E135/><V53/><F53/><W92/><G76/><T40/><D40/><U121/><E121/><V0/><F0/><W3/><G3/><T8/><D8/><U105/><E105/><V17/><F17/><W97/><G97/><N who="0" m="37451" /><D81/><U10/><E10/><V55/><F55/><W14/><G72/><T22/><D77/><U83/><E83/><V26/><F103/><W86/><G73/><T36/><D36/><U113/><E113/><V106/><F26/><W65/><G65/><T87/><D87/><U61/><E67/><V114/><F110/><W84/><G107/><N who="2" m="41001" /><F114/><W1/><G1/><T42/><D42/><U60/><E66/><V46/><F46/><W56/><G56/><T85/><D85/><N who="3" m="32873" /><G98/><T125/><D125/><N who="2" m="47626" /><F91/><N who="1" m="34825" /><E60/><V6/><F6/><W108/><G100/><T59/><D59/><U28/><E61/><V37/><F37/><W124/><G108/><T69/><D69/><U29/><E41/><V78/><F78/><W74/><G124/><T80/><D80/><U102/><E38/><V68/><F68/><W63/><G74/><T70/><D70/><U49/><E43/><V2/><F2/><W30/><G63/><T7/><D58/><U62/><E62/><V25/><F132/><RYUUKYOKU ba="0,0" sc="318,0,249,0,34,0,399,0" /><INIT seed="5,1,0,1,2,11" ten="318,249,34,399" oya="1" hai0="100,131,56,24,17,111,87,51,61,50,6,21,55" hai1="29,44,86,135,18,8,84,75,27,5,53,30,112" hai2="70,127,77,91,88,10,95,60,81,52,85,125,63" hai3="74,32,26,59,98,109,73,103,62,133,65,120,105"/><U22/><E75/><V19/><F70/><N who="3" m="42295" /><G120/><T23/><D111/><U117/><E117/><V82/><F81/><W130/><G109/><T118/><D131/><U35/><E112/><V4/><F19/><W25/><G130/><T47/><D118/><U12/><E135/><V128/><F128/><W41/><G26/><T83/><D100/><U57/><E44/><V71/><F71/><W96/><G96/><T123/><D6/><U39/><E39/><V90/><F95/><W28/><G133/><T54/><D123/><U45/><E45/><V69/><F69/><W106/><G106/><T89/><D21/><U36/><E36/><V121/><F121/><W79/><G79/><T119/><D119/><U99/><E99/><V31/><F31/><W93/><G93/><T37/><D37/><U115/><E115/><V49/><F127/><W126/><G41/><T64/><REACH who="0" step="1"/><D51/><REACH who="0" ten="308,249,34,399" step="2"/><U68/><E68/><V3/><REACH who="2" step="1"/><F125/><REACH who="2" ten="308,249,24,399" step="2"/><W20/><G126/><T7/><D7/><U33/><E30/><V15/><F15/><W78/><G20/><T113/><D113/><U116/><E116/><V101/><F101/><W46/><G28/><T38/><D38/><U114/><E114/><V67/><F67/><AGARI ba="1,2" hai="17,23,24,47,50,54,55,56,61,64,67,83,87,89" machi="67" ten="40,2600,0" yaku="1,1,8,1,53,0" doraHai="11" doraHaiUra="110" who="0" fromWho="2" sc="308,49,249,0,24,-29,399,0" owari="357,16.0,249,-15.0,-5,-51.0,399,50.0" /></mjloggm>