<mjloggm ver="2.3"><GO type="225" lobby="0"/><UN n0="%E3%83%A2%E3%82%B0%E3%83%9E%E3%83%AA%E3%83%A2" n1="%E3%82%A4%E3%83%8A%E3%82%BA%E3%83%9E%E8%91%AC%E5%84%80" n2="%E3%83%81%E3%83%BC%E3%83%88%E3%82%A4%E7%9F%AD%E6%9C%9F%E5%A4%A7%E5%AD%A6" n3="%E5%B7%A5%E8%97%A4%E6%96%B0%E4%B8%80" dan="16,17,16,16" rate="2148.51,2213.31,2134.33,2112.12" sx="M,F,M,M"/><TAIKYOKU oya="0"/><INIT seed="0,0,0,0,0,5" ten="250,250,250,250" oya="0" hai0="107,101,3,87,128,1,129,64,30,95,84,97,61" hai1="48,22,54,67,135,10,75,126,120,11,72,12,50" hai2="56,13,58,68,36,37,111,57,8,52,85,16,0" hai3="102,109,74,104,94,29,65,17,96,53,71,60,108"/><T23/><D84/><U39/><E39/><V78/><F68/><W133/><G133/><T44/><D44/><U124/><E120/><V73/><F73/><N who="1" m="28233" /><E67/><V25/><F37/><W114/><G114/><T92/><D87/><U55/><E135/><V118/><F36/><W6/><G74/><T76/><D76/><U106/><E106/><V51/><F111/><N who="3" m="42571" /><G29/><T70/><D95/><U40/><E22/><N who="2" m="13511" /><F0/><W43/><G43/><T112/><D92/><U26/><E12/><V4/><F118/><W63/><G6/><T20/><D112/><U125/><E26/><V33/><F33/><W91/><G17/><T7/><D23/><U82/><E82/><AGARI ba="0,0" hai="4,8,13,51,52,56,57,58,78,82,85" m="13511" machi="82" ten="30,7700,0" yaku="8,1,52,1,54,2" doraHai="5" who="2" fromWho="1" sc="250,0,250,-77,250,77,250,0" /><INIT seed="1,0,0,0,0,109" ten="250,173,327,250" oya="1" hai0="113,71,42,78,133,120,75,89,36,99,23,107,57" hai1="87,54,77,91,119,22,38,111,60,47,51,93,130" hai2="85,15,84,118,122,129,50,116,0,4,30,28,83" hai3="94,114,58,62,32,7,65,2,106,80,108,31,95"/><U63/><E119/><V131/><F122/><W97/><G108/><T14/><D113/><U102/><E111/><V34/><F0/><W52/><G114/><T46/><D71/><U98/><E130/><N who="2" m="49675" /><F50/><W103/><G80/><T17/><D133/><U115/><E115/><V48/><F48/><W79/><G79/><T27/><D120/><U101/><E38/><V56/><F56/><W16/><G7/><T134/><D134/><U74/><E102/><V135/><F84/><W53/><G2/><T117/><D57/><U55/><E55/><V39/><F39/><W25/><REACH who="3" step="1"/><G16/><REACH who="3" ten="250,173,327,240" step="2"/><T45/><D78/><U100/><E100/><V3/><F4/><W70/><G70/><T125/><D17/><U41/><E41/><V35/><F135/><W21/><G21/><T132/><D23/><U126/><E126/><V64/><F34/><W76/><G76/><T68/><D125/><U29/><E77/><V49/><F35/><W67/><G67/><T9/><D42/><U19/><E74/><V59/><F3/><W96/><G96/><T11/><D75/><U10/><E10/><V12/><F118/><W124/><G124/><T104/><D11/><U33/><E33/><V24/><F116/><W66/><G66/><T92/><D9/><U18/><E18/><V73/><F73/><W1/><G1/><T121/><D117/><U44/><E44/><V112/><F112/><W61/><G61/><T40/><D45/><U43/><E43/><V105/><F64/><W26/><G26/><T128/><D132/><U82/><E19/><V88/><F24/><AGARI ba="0,1" hai="22,24,29,47,51,54,60,63,82,87,91,93,98,101" machi="24" ten="40,2000,0" yaku="8,1" doraHai="109" who="1" fromWho="2" sc="250,0,173,30,327,-20,240,0" /><INIT seed="1,1,0,1,4,134" ten="250,203,307,240" oya="1" hai0="55,32,24,92,9,36,74,119,107,77,6,61,104" hai1="57,17,81,28,33,126,120,105,128,110,15,103,11" hai2="131,34,38,85,84,98,96,111,113,72,86,19,2" hai3="64,21,50,44,130,108,37,67,76,135,7,93,0"/><U58/><E120/><V89/><F38/><W122/><G108/><T40/><D119/><U8/><E110/><V52/><F72/><W115/><G135/><T51/><D61/><U114/><E114/><V97/><F111/><W29/><G130/><T22/><D32/><U1/><E128/><V12/><F131/><W83/><G122/><T101/><D92/><U90/><E105/><V129/><F129/><W10/><G37/><T49/><D101/><U60/><E103/><V132/><F132/><W88/><G21/><T14/><D49/><U43/><E43/><V100/><F2/><W71/><G29/><T46/><D22/><U42/><E42/><V69/><F69/><W39/><G39/><T68/><D24/><N who="1" m="18567" /><E58/><V112/><F34/><W125/><G71/><T23/><D23/><U56/><E56/><V20/><F100/><W127/><G115/><N who="2" m="44105" /><F52/><N who="3" m="29767" /><G83/><AGARI ba="1,0" hai="12,19,20,83,84,85,86,89,96,97,98" m="44105" machi="83" ten="30,1000,0" yaku="11,1" doraHai="134" who="2" fromWho="3" sc="250,0,203,0,307,13,240,-13" /><INIT seed="2,0,0,5,0,13" ten="250,203,320,227" oya="2" hai0="106,45,101,8,127,89,133,119,51,18,65,132,37" hai1="4,41,28,131,43,117,78,122,90,29,21,96,124" hai2="36,62,69,91,98,85,72,88,134,11,0,10,100" hai3="27,33,32,58,38,104,79,75,102,130,118,26,22"/><V39/><F72/><W92/><G130/><T115/><D127/><U61/><E117/><V74/><F74/><W7/><G118/><T50/><D119/><U93/><E131/><V42/><F91/><W25/><G104/><T77/><D77/><U84/><E124/><V97/><F97/><W46/><G7/><T81/><D65/><U2/><E122/><V113/><F113/><W5/><G5/><T20/><D8/><U55/><E4/><V14/><F0/><W68/><G68/><T49/><D115/><U63/><E2/><V9/><F14/><W24/><G58/><T12/><D106/><U105/><E105/><V64/><F42/><W23/><G79/><T31/><D101/><U126/><E126/><V99/><F99/><W135/><G135/><N who="0" m="51787" /><D31/><U112/><E112/><V71/><F71/><W48/><G38/><T86/><D37/><U121/><E121/><V123/><F123/><W47/><G75/><T30/><D30/><U59/><E63/><V87/><F87/><W3/><G3/><T66/><D66/><U129/><E129/><V70/><F70/><W82/><G82/><T52/><AGARI ba="0,0" hai="12,18,20,45,49,50,51,52,81,86,89" m="51787" machi="52" ten="30,4000,0" yaku="20,1,52,1,54,1" doraHai="13" who="0" fromWho="0" sc="250,40,203,-10,320,-20,227,-10" /><INIT seed="3,0,0,4,2,117" ten="290,193,300,217" oya="3" hai0="80,123,62,109,24,5,95,64,86,61,131,134,51" hai1="72,75,89,69,55,107,59,36,11,71,114,14,101" hai2="103,48,20,124,105,10,93,49,94,50,87,65,133" hai3="90,9,23,88,3,19,56,98,52,76,96,112,31"/><W79/><G112/><T85/><D123/><U44/><E114/><V70/><F105/><W127/><G127/><T92/><D109/><U106/><E89/><N who="3" m="34410" /><G31/><T82/><D131/><U68/><E44/><V102/><F70/><W115/><G115/><T60/><D134/><U2/><E2/><V30/><F65/><W38/><G38/><T73/><D73/><U33/><E33/><V130/><F130/><W91/><G9/><T125/><D125/><U34/><E34/><V111/><F111/><W128/><G128/><T17/><D5/><U27/><E27/><N who="2" m="16743" /><F124/><W118/><G118/><T129/><D51/><U21/><E21/><V12/><F87/><N who="0" m="33290" /><D64/><U116/><E116/><V29/><F29/><W78/><G3/><T46/><D46/><U58/><E36/><V47/><F47/><W41/><G41/><T4/><D4/><U28/><E28/><V74/><F74/><W110/><G110/><T122/><D122/><U63/><E59/><V120/><F133/><W135/><G135/><T22/><D129/><U57/><E58/><V77/><F77/><W97/><N who="3" m="34418" /><W104/><DORA hai="67" /><G104/><T7/><D7/><U37/><E37/><V25/><F120/><W16/><G23/><T99/><D92/><N who="2" m="35434" /><F25/><W43/><G43/><T1/><D1/><U40/><E40/><V83/><F83/><W108/><G108/><T39/><D39/><U8/><E107/><V81/><F81/><W15/><G15/><T84/><D84/><U42/><E42/><V53/><F53/><W119/><G119/><T54/><D54/><U32/><E32/><V6/><AGARI ba="0,0" hai="6,10,12,48,49,50,102,103" m="35434,16743" machi="6" ten="30,2000,0" yaku="5,1,8,1" doraHai="117,67" who="2" fromWho="2" sc="290,-5,193,-5,300,20,217,-10" owari="285,9.0,188,-31.0,320,41.0,207,-19.0" /></mjloggm>