<mjloggm ver="2.3"><GO type="185" lobby="0"/><UN n0="%E6%B0%B7%E3%81%AE%4B" n1="%E3%82%BF%E3%83%AD%E3%81%95" n2="%E3%83%A6%E3%83%B3%E3%82%B0%E3%83%99%E3%83%AA" n3="" dan="16,16,16,0" rate="2124.76,2102.64,2123.70,1500.00" sx="M,M,M,C"/><TAIKYOKU oya="0"/><INIT seed="0,0,0,5,2,108" ten="350,350,350,0" oya="0" hai0="81,73,117,33,102,115,88,50,104,120,42,112,78" hai1="49,100,107,56,74,70,84,65,62,132,106,127,89" hai2="47,124,119,69,94,75,87,53,39,37,103,116,45" hai3=""/><T79/><D33/><U126/><E74/><V61/><F75/><T114/><N who="0" m="30752" /><T93/><D117/><N who="2" m="45130" /><F103/><T85/><D42/><U46/><E132/><V130/><F94/><T80/><D50/><U52/><E100/><V95/><F95/><T133/><D133/><U135/><E135/><V67/><F87/><T83/><D79/><U51/><E107/><V105/><F105/><T71/><D71/><U63/><E106/><V98/><F98/><AGARI ba="0,0" hai="73,78,80,81,83,85,88,93,98,102,104,112,114,115" m="30752" machi="98" ten="40,24000,3" yaku="24,2,34,3,52,4,54,1" doraHai="108" who="0" fromWho="2" sc="350,240,350,0,350,-240,0,0" /><INIT seed="0,1,0,3,0,135" ten="590,350,110,0" oya="0" hai0="131,102,114,103,86,53,59,88,107,35,58,42,45" hai1="134,105,49,104,43,55,121,100,80,39,64,1,69" hai2="41,116,133,65,46,89,112,113,51,63,123,48,81" hai3=""/><T36/><D35/><U96/><N who="1" m="31008" /><U117/><E117/><V50/><N who="2" m="31520" /><V79/><F133/><T110/><D114/><U109/><E109/><V52/><F116/><T70/><D110/><U61/><E134/><V115/><F89/><T68/><D131/><U125/><E1/><V127/><F127/><T99/><D103/><U106/><E125/><V56/><F81/><T3/><D3/><U57/><REACH who="1" step="1"/><E80/><REACH who="1" ten="590,340,110,0" step="2"/><V85/><F79/><T101/><D101/><U118/><E118/><V132/><F132/><T87/><D87/><U66/><E66/><V94/><F85/><T78/><D78/><U97/><E97/><V92/><F92/><T72/><D72/><U90/><E90/><V124/><F94/><T128/><D128/><U0/><E0/><V119/><F119/><T108/><D108/><U67/><E67/><V74/><F74/><T93/><REACH who="0" step="1"/><D59/><REACH who="0" ten="580,340,110,0" step="2"/><U71/><E71/><V73/><F73/><T54/><D54/><U47/><AGARI ba="1,2" hai="39,43,47,49,55,57,61,64,69,96,100,104,105,106" m="31008" machi="47" ten="30,9000,2" yaku="1,1,0,1,24,2,52,1,53,1" doraHai="135" doraHaiUra="38" who="1" fromWho="1" sc="580,-61,340,112,110,-31,0,0" /><INIT seed="1,0,0,1,5,130" ten="519,452,79,0" oya="1" hai0="3,74,49,60,103,70,108,68,132,83,135,80,112" hai1="81,35,123,134,100,90,101,42,50,69,99,82,129" hai2="61,62,92,86,97,114,67,94,37,91,58,44,89" hai3=""/><U107/><N who="1" m="31520" /><U72/><E129/><V63/><F114/><T64/><D3/><U78/><E69/><V71/><F37/><T41/><D112/><U66/><E66/><V56/><F44/><T73/><D108/><U59/><E35/><V40/><F40/><T95/><D70/><U46/><E134/><N who="0" m="51241" /><D41/><U115/><E115/><V109/><F109/><T54/><D103/><U79/><E59/><V124/><F124/><T75/><D95/><U118/><E118/><V122/><N who="2" m="31264" /><V113/><F113/><T133/><N who="0" m="51249" /><T116/><DORA hai="96" /><D116/><U102/><REACH who="1" step="1"/><E90/><REACH who="1" ten="519,442,79,0" step="2"/><V105/><F71/><T53/><D53/><U65/><E65/><V119/><F119/><T52/><D54/><U128/><E128/><V104/><F62/><T106/><D106/><U85/><AGARI ba="0,1" hai="42,46,50,72,78,79,81,82,85,99,100,101,102,107" m="31520" machi="85" ten="20,12000,2" yaku="1,1,0,1,7,1,52,4,53,0" doraHai="130,96" doraHaiUra="48,1" who="1" fromWho="1" sc="519,-60,442,130,79,-60,0,0" /><INIT seed="1,1,0,4,1,63" ten="459,572,19,0" oya="1" hai0="33,113,97,77,89,105,59,71,88,38,47,120,82" hai1="74,57,86,130,37,96,90,132,117,128,114,34,45" hai2="91,53,65,42,51,122,87,115,3,75,110,83,35" hai3=""/><U133/><E117/><V85/><N who="2" m="31264" /><V43/><F3/><T111/><N who="0" m="30752" /><T94/><D33/><U32/><E74/><V92/><F35/><T134/><D113/><U0/><E0/><V124/><F110/><T98/><D134/><N who="1" m="51819" /><E114/><V129/><F115/><T79/><D111/><U104/><E57/><V76/><F124/><T54/><D71/><U39/><E34/><V109/><F109/><T68/><D68/><U116/><E116/><V126/><F126/><T1/><D1/><U100/><E32/><V119/><F119/><T112/><D112/><U52/><E52/><V50/><F129/><N who="1" m="49769" /><E45/><V40/><F75/><T70/><D70/><U123/><N who="1" m="31520" /><U80/><AGARI ba="1,0" hai="37,39,80,86,90,96,100,104" m="31520,49769,51819" machi="80" ten="30,7800,0" yaku="4,1,20,1,19,1,52,1" doraHai="63" who="1" fromWho="1" sc="459,-40,572,80,19,-40,0,0" owari="419,2.0,652,60.0,-21,-62.0,0,0.0" /></mjloggm>