<mjloggm ver="2.3"><GO type="169" lobby="0"/><UN n0="%E2%80%A0%E7%99%BD%E5%85%8E%E2%80%A0" n1="%31%74%61" n2="%E4%B8%80%E8%93%AE%E5%B3%BB%E6%BD%A4" n3="%E3%81%A9%E3%81%99%E3%81%93%E3%81%84%E6%AD%A3%E4%B8%80" dan="16,17,18,16" rate="2159.51,2163.94,2239.90,2077.51" sx="M,M,M,M"/><TAIKYOKU oya="0"/><INIT seed="0,0,0,5,3,43" ten="250,250,250,250" oya="0" hai0="112,19,28,52,34,73,63,118,1,104,60,109,65" hai1="59,61,70,90,132,97,20,10,4,120,64,40,87" hai2="68,30,71,111,130,21,131,44,96,113,51,126,79" hai3="127,0,56,80,22,39,2,33,105,81,123,15,92"/><T95/><D112/><U47/><E120/><V108/><F79/><W134/><G105/><T14/><D118/><U26/><E132/><V36/><F113/><W98/><G134/><T78/><D104/><U54/><E97/><V115/><F115/><W29/><G39/><T75/><D1/><U88/><E87/><V119/><F119/><W99/><G127/><T82/><D109/><N who="2" m="42058" /><F126/><W11/><G56/><T100/><D75/><U24/><E70/><N who="2" m="26667" /><F96/><W72/><G33/><T18/><D65/><U48/><E64/><V27/><F36/><W133/><G133/><T91/><D100/><U125/><E125/><V67/><F67/><W84/><G72/><T128/><D128/><U31/><REACH who="1" step="1"/><E24/><REACH who="1" ten="250,240,250,250" step="2"/><V46/><F51/><W77/><G98/><T41/><D73/><U57/><E57/><V135/><F135/><W42/><G99/><T85/><D85/><U50/><E50/><V124/><F124/><W121/><G84/><T13/><D63/><U12/><AGARI ba="0,1" hai="4,10,12,20,26,31,40,47,48,54,59,61,88,90" machi="12" ten="20,12000,2" yaku="1,1,0,1,7,1,8,1,52,1,54,1,53,0" doraHai="43" doraHaiUra="107" who="1" fromWho="1" sc="250,-60,240,130,250,-30,250,-30" /><INIT seed="1,0,0,4,0,32" ten="190,370,220,220" oya="1" hai0="74,41,98,90,80,99,95,45,35,75,47,29,103" hai1="124,31,72,70,105,40,60,56,4,87,116,25,18" hai2="55,107,115,112,48,123,100,104,9,63,111,37,73" hai3="102,3,58,118,49,117,38,0,135,66,83,121,89"/><U26/><E116/><N who="3" m="44650" /><G121/><T119/><D119/><U114/><E72/><V12/><F123/><W22/><G38/><T120/><D120/><U1/><E70/><V7/><F37/><W65/><G102/><T11/><D45/><U129/><E114/><N who="2" m="43563" /><F73/><W64/><G22/><T127/><D127/><U92/><E105/><V97/><F111/><W69/><G135/><T8/><D29/><U106/><E106/><N who="2" m="63759" /><F63/><W23/><G23/><T2/><D35/><U67/><E129/><V54/><F54/><N who="3" m="32079" /><G69/><T76/><D75/><U101/><E124/><V113/><N who="2" m="43571" /><V96/><DORA hai="108" /><F96/><W134/><G134/><T109/><D109/><U17/><E60/><V24/><F24/><W133/><G133/><T130/><D99/><U6/><E26/><V51/><F51/><W33/><G33/><T126/><D126/><U62/><E25/><V79/><F79/><W52/><G52/><T81/><D76/><U110/><E62/><V20/><F20/><W125/><G125/><T61/><D74/><U36/><E36/><V59/><AGARI ba="0,0" hai="7,9,12,48,55,59,104,107" m="63759,43571" machi="59" ten="40,8000,1" yaku="11,1,52,4" doraHai="32,108" who="2" fromWho="2" sc="190,-20,370,-40,220,80,220,-20" /><INIT seed="2,0,0,0,3,121" ten="170,330,300,200" oya="2" hai0="36,107,81,62,89,124,101,34,0,113,65,37,91" hai1="115,117,10,38,128,76,94,126,102,4,63,103,134" hai2="33,71,15,131,59,100,119,125,30,20,27,70,114" hai3="3,53,40,21,8,122,111,86,93,47,23,85,67"/><V88/><F114/><W2/><G122/><T32/><D113/><U130/><E115/><V78/><F119/><W80/><G67/><T84/><D0/><U92/><E117/><V16/><F125/><W127/><G127/><T46/><D124/><U51/><E126/><V123/><F123/><W73/><G73/><T61/><D101/><N who="1" m="38411" /><E38/><V11/><F131/><N who="1" m="50217" /><E134/><V66/><F78/><W56/><G8/><T42/><D107/><U110/><E51/><V35/><F100/><W97/><G3/><T79/><D37/><U112/><E112/><V7/><F35/><W48/><G2/><T52/><D32/><U13/><E110/><V118/><F118/><W108/><G21/><T60/><D34/><U74/><E63/><V83/><F59/><W6/><G23/><T14/><D65/><U25/><E25/><V75/><F66/><W106/><G106/><T95/><D14/><U9/><E9/><V43/><F43/><W82/><G40/><T58/><REACH who="0" step="1"/><D91/><REACH who="0" ten="160,330,300,200" step="2"/><U18/><E4/><V72/><F72/><AGARI ba="0,1" hai="36,42,46,52,58,60,61,62,72,79,81,84,89,95" machi="72" ten="30,8000,1" yaku="1,1,2,1,7,1,54,1,53,1" doraHai="121" doraHaiUra="41" who="0" fromWho="2" sc="160,90,330,0,300,-80,200,0" /><INIT seed="3,0,0,4,0,67" ten="250,330,220,200" oya="3" hai0="22,31,26,127,131,71,130,119,102,8,95,39,51" hai1="27,82,47,126,101,6,121,117,65,104,9,105,2" hai2="7,40,80,52,96,76,107,118,15,17,69,49,44" hai3="58,135,64,48,36,106,113,0,111,132,124,114,88"/><W11/><G36/><T116/><D39/><U94/><E121/><V70/><F118/><W87/><G106/><T37/><D37/><U35/><E117/><N who="0" m="45129" /><D51/><U42/><E126/><V45/><F7/><N who="3" m="1511" /><G124/><T20/><D95/><U73/><E94/><V110/><F110/><W85/><G85/><T28/><D102/><U109/><E109/><V53/><F107/><W19/><G19/><T133/><D71/><U72/><E65/><V60/><F96/><W50/><G111/><T5/><D133/><N who="3" m="51273" /><G64/><T129/><D127/><U90/><E90/><V86/><F53/><N who="3" m="32039" /><G50/><T77/><D77/><U30/><E72/><V115/><F115/><W123/><G123/><T21/><D28/><U62/><E62/><V12/><F12/><AGARI ba="0,0" hai="5,8,12,20,21,22,26,31,129,130,131" m="45129" machi="12" ten="40,5200,0" yaku="19,1,34,2" doraHai="67" who="0" fromWho="2" sc="250,52,330,0,220,-52,200,0" /><INIT seed="4,0,0,1,3,30" ten="302,330,168,200" oya="0" hai0="109,22,35,71,99,13,111,123,89,67,21,60,75" hai1="52,114,51,57,61,7,64,65,56,19,37,88,29" hai2="38,46,118,17,28,3,86,8,87,73,15,132,94" hai3="11,122,128,91,20,98,92,103,81,14,0,85,119"/><T58/><D123/><U4/><E37/><V77/><F132/><W129/><G0/><T9/><D75/><U78/><E114/><V10/><F118/><W24/><G119/><T53/><D35/><U100/><E29/><V134/><F134/><W6/><REACH who="3" step="1"/><G122/><REACH who="3" ten="302,330,168,190" step="2"/><T69/><D111/><U74/><E7/><V32/><F3/><W31/><AGARI ba="0,1" hai="6,11,14,20,24,31,81,85,91,92,98,103,128,129" machi="31" ten="30,8000,1" yaku="1,1,2,1,0,1,53,2" doraHai="30" doraHaiUra="125" who="3" fromWho="3" sc="302,-40,330,-20,168,-20,190,90" /><INIT seed="5,0,0,1,0,103" ten="262,310,148,280" oya="1" hai0="37,80,2,52,68,5,90,47,125,73,122,56,124" hai1="94,108,81,18,59,26,22,19,27,110,16,53,95" hai2="44,121,61,3,20,128,24,97,106,86,70,111,0" hai3="113,115,117,112,1,63,46,12,32,131,85,62,11"/><U93/><BYE who="3" /><E81/><UN n3="%E3%81%A9%E3%81%99%E3%81%93%E3%81%84%E6%AD%A3%E4%B8%80" /><V48/><F111/><N who="1" m="42537" /><E22/><V17/><F121/><W79/><G32/><T31/><D122/><U28/><E28/><V76/><F128/><W77/><G1/><T54/><D68/><U14/><E14/><V34/><F34/><W67/><G131/><T119/><D119/><U30/><E30/><V75/><F75/><W35/><G35/><T33/><D31/><U133/><E133/><V109/><F109/><W40/><G117/><T60/><D33/><U29/><E29/><V135/><F135/><W57/><G63/><AGARI ba="0,0" hai="16,18,19,26,27,53,59,63,93,94,95" m="42537" machi="63" ten="40,3900,0" yaku="10,1,54,1" doraHai="103" who="1" fromWho="3" sc="262,0,310,39,148,0,280,-39" /><INIT seed="5,1,0,2,5,127" ten="262,349,148,241" oya="1" hai0="85,109,108,125,70,81,118,88,66,93,130,131,94" hai1="114,61,14,44,134,74,96,37,98,128,72,22,31" hai2="32,63,100,33,41,112,6,50,40,51,132,120,102" hai3="113,45,129,19,76,67,124,115,56,3,101,16,0"/><U60/><E114/><N who="3" m="43530" /><G124/><T18/><D125/><U49/><E134/><V5/><F112/><W30/><G76/><T90/><D118/><U17/><E128/><N who="0" m="49193" /><D18/><N who="3" m="6697" /><G101/><T117/><D117/><U15/><E37/><V121/><REACH who="2" step="1"/><F63/><REACH who="2" ten="262,349,138,241" step="2"/><N who="3" m="38375" /><G129/><T79/><D70/><U78/><E61/><V87/><F87/><W82/><G30/><T42/><D66/><U105/><E60/><V11/><F11/><W135/><G135/><AGARI ba="1,1" hai="5,6,32,33,40,41,50,51,100,102,120,121,132,135" machi="135" ten="25,8000,1" yaku="1,1,22,2,53,2" doraHai="127" doraHaiUra="99" who="2" fromWho="3" sc="262,0,349,0,138,93,241,-83" /><INIT seed="6,0,0,2,2,51" ten="262,349,231,158" oya="2" hai0="71,20,53,38,0,68,131,43,87,121,50,41,1" hai1="75,8,132,98,66,13,78,88,35,14,81,30,112" hai2="3,103,93,5,107,74,123,60,31,105,63,64,127" hai3="100,119,76,48,86,34,45,104,83,46,85,49,9"/><V90/><F123/><W25/><G119/><T24/><D121/><U106/><E112/><V37/><F37/><W67/><G67/><T16/><D131/><U69/><E132/><V79/><F127/><W62/><G62/><T94/><D1/><U130/><E130/><V44/><F31/><W59/><G104/><T23/><D0/><U117/><E117/><V133/><F133/><W4/><G100/><T57/><D38/><U19/><E66/><V97/><F44/><W10/><G34/><T22/><D71/><U110/><E110/><V54/><F107/><W40/><G25/><T77/><D68/><U95/><E69/><V134/><F134/><W32/><G32/><T33/><D33/><U58/><E106/><V15/><F3/><W120/><G59/><T56/><D56/><U36/><E36/><V122/><F122/><W6/><G120/><T65/><D65/><U73/><E58/><V29/><F29/><W82/><REACH who="3" step="1"/><G76/><REACH who="3" ten="262,349,231,148" step="2"/><T52/><D57/><U125/><E35/><V70/><F63/><W102/><G102/><T115/><D24/><U114/><E78/><V55/><F79/><W61/><G61/><T42/><D77/><U72/><E72/><V111/><F74/><W18/><G18/><T17/><D17/><U109/><E19/><V12/><F111/><W108/><G108/><T47/><D16/><U128/><E109/><V118/><F118/><W27/><G27/><T7/><D22/><U39/><E75/><V11/><F15/><W21/><G21/><T91/><D23/><U26/><E73/><V96/><AGARI ba="0,1" hai="5,11,12,54,55,60,64,70,90,93,96,97,103,105" machi="96" ten="20,7800,0" yaku="0,1,7,1,52,2" doraHai="51" who="2" fromWho="2" sc="262,-26,349,-26,231,88,148,-26" /><INIT seed="6,1,0,5,4,116" ten="236,323,319,122" oya="2" hai0="54,127,63,22,42,27,84,25,68,122,41,9,12" hai1="64,99,113,118,103,34,72,26,88,115,55,106,119" hai2="124,48,3,90,82,10,50,43,65,109,1,32,19" hai3="75,38,135,100,105,131,7,45,95,74,104,31,78"/><V94/><F32/><W29/><G7/><T6/><D127/><U107/><E72/><V123/><F124/><W114/><G38/><T73/><D73/><N who="3" m="27657" /><G45/><T40/><D68/><U130/><E130/><V21/><F65/><W60/><G60/><T14/><D122/><U71/><E106/><N who="3" m="41066" /><G31/><T81/><D14/><U92/><E55/><V77/><F123/><W20/><G20/><T58/><D22/><U102/><E102/><V59/><F109/><W91/><G29/><T47/><D47/><U134/><E134/><V24/><F43/><W93/><G131/><T49/><D63/><N who="1" m="40351" /><E26/><V28/><F1/><W44/><G44/><T112/><D112/><N who="1" m="43083" /><E34/><V97/><F59/><W23/><G23/><T70/><D70/><U111/><E111/><V120/><F120/><W16/><G114/><T80/><D80/><U110/><E110/><V129/><F129/><W2/><G2/><T37/><D37/><U36/><E36/><V76/><F3/><W8/><G8/><T35/><D35/><U11/><E11/><V4/><F4/><W108/><G16/><T101/><D101/><U133/><E133/><V98/><F10/><W66/><G108/><T13/><D13/><U85/><AGARI ba="1,0" hai="85,88,92,99,103,107,118,119" m="43083,40351" machi="85" ten="30,2000,0" yaku="15,1,54,1" doraHai="116" who="1" fromWho="1" sc="236,-6,323,23,319,-11,122,-6" /><INIT seed="7,0,0,3,0,104" ten="230,346,308,116" oya="3" hai0="52,85,2,103,14,97,76,95,36,40,100,93,135" hai1="107,29,56,30,89,11,59,34,64,16,127,71,94" hai2="39,10,21,123,15,106,62,77,47,108,87,81,133" hai3="91,72,9,0,49,4,120,33,101,45,35,61,116"/><W92/><G120/><T67/><D2/><U44/><E107/><V12/><F123/><W86/><G116/><T90/><D135/><U22/><E11/><V24/><F108/><W50/><G61/><T23/><D67/><U99/><E127/><V124/><F124/><W83/><G49/><T5/><D36/><U122/><E122/><V115/><F115/><W113/><G113/><T109/><D109/><U51/><E34/><V112/><F112/><W58/><G58/><N who="1" m="22058" /><E64/><V125/><F106/><W134/><G134/><T53/><D40/><N who="1" m="24967" /><E71/><V129/><F125/><W66/><G66/><T37/><D76/><U73/><E73/><V63/><F129/><W18/><G18/><T88/><D37/><U7/><E7/><V132/><F133/><W111/><G111/><T80/><D100/><U65/><E65/><V20/><F132/><W54/><REACH who="3" step="1"/><G101/><REACH who="3" ten="230,346,308,106" step="2"/><T19/><D5/><U128/><E128/><V117/><F117/><W75/><G75/><T31/><D31/><U60/><E60/><V46/><F39/><W68/><G68/><T82/><D82/><U118/><E118/><V119/><F119/><W55/><G55/><T121/><D121/><U38/><E38/><V98/><F62/><W126/><G126/><T26/><D26/><AGARI ba="0,1" hai="16,22,26,29,30,89,94,99" m="24967,22058" machi="26" ten="30,2000,0" yaku="8,1,54,1" doraHai="104" who="1" fromWho="0" sc="230,-20,346,30,308,0,106,0" owari="210,-19.0,376,47.0,308,11.0,106,-39.0" /></mjloggm>