<mjloggm ver="2.3"><GO type="169" lobby="0"/><UN n0="%E3%81%9F%E3%81%8F%E3%81%98%E3%82%8D%E3%81%86" n1="%E3%81%B5%E3%81%8B" n2="%72%52%66%44%79%55%66" n3="%E3%81%A1%27%E3%82%93%E3%81%BD%E3%81%A3%E3%81%BD" dan="16,18,16,16" rate="2119.77,2240.94,2128.13,2149.49" sx="M,M,M,M"/><TAIKYOKU oya="0"/><INIT seed="0,0,0,5,3,23" ten="250,250,250,250" oya="0" hai0="93,86,109,114,120,100,79,54,56,119,57,135,58" hai1="122,134,29,87,2,11,82,44,101,59,31,74,123" hai2="62,33,18,117,113,39,66,132,64,24,55,76,70" hai3="22,90,7,53,131,118,20,13,35,107,124,26,9"/><T16/><D114/><U3/><E74/><V89/><F132/><W94/><G107/><T133/><D119/><U121/><E134/><N who="0" m="51209" /><D120/><U85/><E101/><V72/><F113/><W6/><G118/><T14/><D109/><U81/><E59/><V15/><F117/><W128/><G53/><T49/><D100/><U52/><E11/><V104/><F39/><W116/><G116/><T5/><D5/><N who="3" m="1545" /><G94/><T47/><D79/><U78/><E3/><V127/><F127/><W67/><G67/><T45/><D45/><U46/><E2/><V102/><F66/><W36/><G90/><N who="0" m="53463" /><D47/><U69/><E69/><V129/><F129/><N who="3" m="49739" /><G36/><T125/><D125/><U106/><E106/><V1/><F1/><W91/><G91/><T77/><D77/><U41/><E46/><V115/><F115/><W51/><G51/><T112/><D112/><U43/><E44/><V32/><F89/><W25/><G124/><T19/><D19/><U73/><E122/><V84/><F76/><W65/><G65/><T105/><D105/><U75/><E78/><V88/><F104/><W61/><G61/><T80/><D80/><U103/><E103/><V126/><F102/><W92/><G92/><T110/><D110/><U96/><E96/><V27/><F126/><W98/><G98/><T83/><D83/><U48/><E48/><V30/><F72/><W38/><G38/><T130/><D130/><U108/><E108/><V71/><F70/><W68/><G68/><T34/><D34/><U10/><E52/><V60/><F55/><W99/><G35/><T40/><D40/><U28/><E28/><RYUUKYOKU ba="0,0" sc="250,15,250,15,250,-15,250,-15" hai0="14,16,49,54,56,57,58" hai1="10,29,31,41,43,73,75,81,82,85,87,121,123" /><INIT seed="0,1,0,5,0,76" ten="265,265,235,235" oya="0" hai0="79,131,102,40,85,25,110,117,43,128,104,113,1" hai1="5,8,52,124,118,55,67,71,130,121,47,22,61" hai2="39,94,56,127,54,53,99,18,100,57,133,15,78" hai3="59,93,44,36,35,7,98,6,9,37,77,108,103"/><T23/><D113/><U31/><E118/><V42/><F127/><W3/><G35/><T28/><D117/><U74/><E121/><V62/><F133/><W0/><G108/><T13/><D1/><U91/><E74/><V81/><F42/><W116/><G116/><T88/><D79/><U86/><E124/><V84/><F39/><W33/><G33/><T89/><D110/><U30/><E130/><N who="0" m="49705" /><D13/><U95/><E47/><V17/><REACH who="2" step="1"/><F15/><REACH who="2" ten="265,265,225,235" step="2"/><W50/><G37/><T68/><D68/><U105/><E105/><V41/><F41/><N who="0" m="15946" /><D85/><U92/><E86/><V27/><F27/><W119/><G119/><T83/><D83/><U132/><E71/><V72/><F72/><W65/><G36/><T123/><D123/><U66/><E132/><V64/><F64/><W82/><G65/><T73/><D73/><U111/><E67/><V26/><F26/><W97/><G0/><T60/><D60/><AGARI ba="1,1" hai="17,18,53,54,56,57,60,62,78,81,84,94,99,100" machi="60" ten="30,8000,1" yaku="1,1,7,1,9,1,8,1,52,1,53,0" doraHai="76" doraHaiUra="34" who="2" fromWho="0" sc="265,-83,265,0,225,93,235,0" /><INIT seed="1,0,0,2,0,109" ten="182,265,318,235" oya="1" hai0="110,7,128,49,98,62,30,66,23,59,108,40,64" hai1="63,38,99,71,5,73,6,100,68,70,28,25,102" hai2="106,126,8,81,86,84,96,107,26,46,60,97,1" hai3="55,43,20,48,111,50,115,134,125,91,118,83,122"/><U29/><E73/><V87/><F60/><W123/><G111/><N who="0" m="42539" /><D128/><U76/><E76/><V19/><F1/><W101/><G101/><T17/><D7/><U45/><E63/><V35/><F46/><W79/><G134/><T116/><D116/><U16/><E16/><V47/><F47/><W51/><G118/><T135/><D135/><U82/><E82/><V18/><F8/><W24/><G43/><T131/><D131/><U31/><E25/><V85/><F126/><W58/><G125/><T54/><D30/><U2/><E2/><V103/><F35/><W120/><G91/><T14/><D98/><U74/><E74/><V112/><F26/><W69/><G69/><N who="0" m="42135" /><D40/><U36/><E45/><V57/><F57/><W15/><G15/><T21/><D66/><U65/><E65/><V41/><F41/><W132/><G132/><T92/><D92/><U80/><E80/><V75/><F18/><W95/><G95/><T52/><D54/><U119/><E119/><V94/><F19/><W127/><G127/><T13/><D13/><U133/><E133/><V53/><F53/><W124/><G124/><T39/><D39/><N who="1" m="14891" /><E99/><N who="2" m="61823" /><F75/><W3/><G3/><T44/><D44/><U32/><E32/><V27/><F27/><W78/><G24/><T121/><D23/><U67/><E67/><V72/><F97/><W33/><G20/><T61/><D61/><U89/><E6/><V34/><F96/><W130/><G130/><T10/><D21/><U4/><E4/><V114/><F34/><W0/><G33/><T104/><D104/><U22/><E22/><V56/><F107/><RYUUKYOKU ba="0,0" sc="182,30,265,-10,318,-10,235,-10" hai0="10,14,17,49,52,59,121" /><INIT seed="2,1,0,0,4,31" ten="212,255,308,225" oya="2" hai0="15,2,74,50,91,126,66,78,22,130,71,0,45" hai1="107,4,102,79,97,99,73,38,94,101,109,127,114" hai2="53,34,113,128,116,122,40,25,16,108,131,135,29" hai3="82,105,28,75,14,65,44,36,76,56,32,47,120"/><V121/><F40/><W60/><G120/><N who="2" m="46185" /><F53/><W89/><G105/><T92/><D66/><U129/><E38/><V26/><F113/><W111/><G111/><T93/><D71/><U13/><E114/><V100/><F100/><W112/><G112/><T84/><D74/><U62/><E109/><V132/><F116/><W6/><G36/><T83/><D92/><U48/><E62/><V30/><F16/><W55/><G89/><T59/><D45/><U85/><E48/><V63/><F63/><W35/><G28/><N who="2" m="10857" /><F108/><W24/><G24/><N who="2" m="9321" /><F34/><W86/><G75/><T23/><D93/><U51/><E73/><V104/><F104/><W117/><G117/><T49/><D49/><U124/><E51/><V46/><F46/><W106/><G106/><T88/><D50/><U20/><E107/><V87/><F87/><W133/><G47/><T123/><D123/><U61/><E85/><V119/><F119/><W72/><G44/><T64/><D84/><U5/><E94/><V134/><AGARI ba="1,0" hai="128,131,132,134,135" m="9321,10857,46185" machi="134" ten="40,12000,1" yaku="28,2,20,1,34,2" doraHai="31" who="2" fromWho="2" sc="212,-41,255,-41,308,123,225,-41" /><INIT seed="2,2,0,2,5,41" ten="171,214,431,184" oya="2" hai0="39,56,16,1,99,88,37,85,113,87,55,124,28" hai1="20,130,4,42,47,64,128,109,32,98,134,14,100" hai2="52,114,66,50,86,48,77,2,63,67,106,72,89" hai3="82,9,81,31,38,103,92,74,43,129,107,65,104"/><V12/><F114/><W30/><G65/><T133/><D113/><U10/><E32/><V132/><F2/><W8/><G129/><N who="1" m="49770" /><E109/><V36/><F36/><W78/><G38/><T73/><D73/><U17/><E64/><V94/><F106/><W110/><G43/><T126/><D1/><U25/><E134/><V57/><F132/><W34/><G92/><N who="0" m="56711" /><D28/><U96/><E100/><V70/><F12/><W40/><G40/><T21/><D39/><AGARI ba="2,0" hai="4,10,14,17,20,25,39,42,47,96,98" m="49770" machi="39" ten="30,2000,0" yaku="19,1,52,1" doraHai="41" who="1" fromWho="0" sc="171,-26,214,26,431,0,184,0" /><INIT seed="3,0,0,1,3,124" ten="145,240,431,184" oya="3" hai0="135,77,128,10,48,96,101,109,53,1,91,97,121" hai1="16,118,0,20,5,129,115,127,110,83,78,63,90" hai2="62,49,71,27,102,65,29,40,75,68,31,4,122" hai3="108,39,99,52,119,57,105,123,74,93,92,89,86"/><W76/><G119/><T54/><D121/><U24/><E115/><V2/><F122/><W15/><G123/><T22/><D135/><U112/><E112/><V9/><F75/><W45/><G15/><T51/><D109/><U11/><E127/><V130/><F130/><W34/><G34/><T26/><D77/><U38/><E110/><V81/><F71/><W98/><G108/><T56/><D128/><U107/><E107/><V41/><F102/><W18/><G18/><T60/><D1/><U104/><E104/><V94/><F94/><W47/><G39/><T6/><D96/><U37/><E129/><V116/><F116/><W61/><G93/><N who="0" m="56511" /><D101/><U87/><E118/><V33/><F81/><W36/><G36/><T126/><D54/><U95/><REACH who="1" step="1"/><E63/><REACH who="1" ten="145,230,431,184" step="2"/><V120/><F120/><W117/><G117/><T66/><D126/><U133/><E133/><V12/><F62/><W79/><G105/><T88/><D66/><U80/><E80/><V50/><F65/><W28/><G74/><AGARI ba="0,1" hai="0,5,11,16,20,24,37,38,74,78,83,87,90,95" machi="74" ten="30,7700,0" yaku="1,1,7,1,54,1,53,1" doraHai="124" doraHaiUra="19" who="1" fromWho="3" sc="145,0,230,87,431,0,184,-77" /><INIT seed="4,0,0,2,0,56" ten="145,317,431,107" oya="0" hai0="10,92,99,74,70,67,126,108,42,15,72,120,31" hai1="11,57,103,114,43,87,89,50,26,64,13,81,65" hai2="66,134,2,127,88,131,18,123,59,94,85,27,98" hai3="135,110,97,80,4,129,78,0,86,6,32,35,101"/><T49/><D120/><U61/><E114/><V109/><F109/><W47/><G110/><T28/><D108/><U130/><E130/><V128/><F123/><W29/><G135/><T17/><D126/><U52/><E103/><V119/><F134/><W118/><G118/><T5/><D72/><U24/><E43/><V73/><F73/><W106/><G129/><N who="2" m="49737" /><F2/><W44/><G6/><T69/><D74/><U107/><E107/><V9/><F127/><W105/><G105/><T122/><D122/><U33/><E33/><V117/><F85/><W46/><REACH who="3" step="1"/><G29/><REACH who="3" ten="145,317,431,97" step="2"/><T8/><D31/><U84/><E84/><V113/><F117/><W62/><G62/><T25/><D5/><U104/><E104/><V45/><F119/><W100/><G100/><T58/><D28/><U93/><E93/><V90/><F94/><W16/><G16/><T12/><D92/><U39/><E39/><V115/><F18/><W68/><G68/><T75/><D70/><U124/><E124/><V83/><F113/><W54/><G54/><T30/><D69/><U19/><E64/><V38/><F66/><W112/><G112/><T53/><D67/><U51/><E51/><V41/><F38/><W71/><G71/><AGARI ba="0,1" hai="11,13,19,24,26,50,52,57,61,65,71,81,87,89" machi="71" ten="30,3900,0" yaku="7,1,52,1,54,1" doraHai="56" who="1" fromWho="3" sc="145,0,317,49,431,0,97,-39" /><INIT seed="5,0,0,5,4,118" ten="145,366,431,58" oya="1" hai0="104,106,107,29,4,12,61,38,122,86,57,55,60" hai1="27,41,78,132,74,89,39,62,131,100,66,72,59" hai2="80,5,77,129,69,94,40,110,43,34,111,9,93" hai3="65,10,102,23,0,95,99,36,126,125,123,54,47"/><U112/><E100/><V33/><F69/><W68/><G68/><T42/><BYE who="3" /><D38/><U98/><E112/><V81/><F9/><UN n3="%E3%81%A1%27%E3%82%93%E3%81%BD%E3%81%A3%E3%81%BD" /><W114/><G114/><T46/><D29/><U49/><E39/><V20/><F20/><W19/><G65/><T115/><D115/><U16/><E131/><V63/><F77/><W103/><G103/><T88/><D61/><U44/><E132/><V82/><F63/><W117/><G117/><T17/><D4/><U121/><E78/><V67/><F5/><W48/><G36/><T2/><D2/><U85/><E98/><V25/><F25/><W84/><G84/><T6/><D6/><U52/><E121/><V37/><F37/><W3/><G123/><T119/><D119/><U1/><E1/><V11/><F11/><W71/><G71/><T120/><D46/><U83/><REACH who="1" step="1"/><E66/><REACH who="1" ten="145,356,431,58" step="2"/><V128/><F67/><W133/><G133/><T21/><REACH who="0" step="1"/><D42/><REACH who="0" ten="135,356,431,58" step="2"/><U51/><E51/><V134/><F134/><W45/><G3/><T64/><D64/><U7/><E7/><V24/><F43/><W58/><G0/><T8/><D8/><U127/><E127/><V113/><F40/><W18/><G10/><T108/><D108/><U32/><E32/><V92/><F113/><W96/><G126/><T79/><D79/><U22/><AGARI ba="0,2" hai="16,22,27,41,44,49,52,59,62,72,74,83,85,89" machi="22" ten="30,11700,0" yaku="1,1,0,1,54,2,53,0" doraHai="118" doraHaiUra="135" who="1" fromWho="1" sc="135,-39,356,137,431,-39,58,-39" /><INIT seed="5,1,0,5,4,14" ten="96,493,392,19" oya="1" hai0="65,52,3,121,30,86,112,100,29,117,37,35,106" hai1="25,40,22,36,133,88,50,82,126,15,53,7,19" hai2="103,56,83,57,94,18,73,129,109,51,130,8,95" hai3="5,128,99,69,32,6,76,10,98,1,27,17,61"/><U68/><E68/><V104/><F109/><W49/><G128/><N who="2" m="49257" /><F104/><W63/><G76/><T93/><D117/><U85/><E133/><V87/><F73/><W89/><G49/><T38/><D3/><U12/><E126/><V102/><F95/><W78/><G78/><T43/><D106/><U97/><E36/><V23/><F8/><W41/><G41/><T28/><D35/><U55/><E97/><N who="2" m="59703" /><F51/><W47/><G47/><T66/><D93/><U42/><E53/><V4/><F4/><W46/><G46/><T110/><D52/><U62/><E62/><V58/><F103/><W125/><G125/><T13/><D100/><U70/><E70/><V64/><F64/><W79/><G6/><T108/><D66/><U84/><E84/><V113/><F113/><W9/><G69/><T101/><D65/><U11/><E25/><N who="2" m="14583" /><F56/><AGARI ba="1,0" hai="7,11,12,15,19,22,40,42,50,55,56,82,85,88" machi="56" ten="30,11600,0" yaku="7,1,8,1,52,1,54,1" doraHai="14" who="1" fromWho="2" sc="96,0,493,119,392,-119,19,0" /><INIT seed="5,2,0,5,3,89" ten="96,612,273,19" oya="1" hai0="47,93,133,108,7,103,101,52,20,105,29,1,82" hai1="2,30,31,42,55,28,58,118,102,88,75,72,115" hai2="125,112,44,119,69,40,65,38,10,25,92,66,49" hai3="87,64,68,23,107,17,15,130,97,129,117,85,59"/><U135/><E118/><V12/><F119/><W86/><G117/><T78/><D108/><U106/><E2/><V13/><F125/><W100/><G68/><T70/><D70/><U8/><E42/><V71/><F112/><W4/><G4/><T35/><D35/><U14/><E115/><V57/><F25/><W120/><G120/><T6/><D105/><U53/><E135/><V34/><F34/><W16/><G17/><T63/><D101/><U73/><E102/><V83/><F83/><W43/><G43/><T80/><D1/><U51/><E106/><V61/><F13/><W54/><REACH who="3" step="1"/><G64/><REACH who="3" ten="96,612,273,9" step="2"/><T134/><D6/><U124/><E124/><V90/><F66/><W33/><G33/><T60/><D7/><U37/><E55/><V132/><F132/><W19/><G19/><T32/><D52/><U3/><E53/><V48/><F69/><W67/><G67/><T131/><D32/><U11/><E31/><V84/><F71/><W56/><G56/><T9/><D134/><U95/><E58/><V27/><F65/><W122/><G122/><T45/><D133/><U50/><E30/><V123/><F123/><W74/><G74/><T116/><D29/><U26/><E28/><V46/><F57/><W109/><G109/><T0/><D116/><U127/><E73/><V41/><F40/><W114/><G114/><T111/><D111/><U96/><E72/><V24/><F41/><W18/><G18/><T99/><D47/><U21/><E75/><V128/><F46/><W77/><G77/><T94/><D45/><U76/><E76/><V121/><F44/><RYUUKYOKU ba="2,1" sc="96,-10,612,-10,273,-10,9,30" hai3="15,16,23,54,59,85,86,87,97,100,107,129,130" /><INIT seed="6,3,1,3,1,91" ten="86,602,263,39" oya="2" hai0="79,93,22,18,71,55,78,106,28,27,84,23,54" hai1="35,49,68,34,130,92,8,0,43,2,20,129,31" hai2="88,47,118,14,94,105,72,104,5,37,9,53,122" hai3="82,100,38,110,66,30,113,63,41,132,39,86,119"/><V123/><F118/><W83/><G119/><T126/><D106/><U12/><E68/><V99/><F72/><W73/><G110/><T120/><D71/><U50/><E92/><V121/><REACH who="2" step="1"/><F53/><REACH who="2" ten="86,602,253,39" step="2"/><W75/><G75/><T111/><D55/><U117/><E117/><V46/><F46/><W114/><G73/><T70/><D54/><U3/><E130/><V101/><F101/><W131/><G100/><T89/><D111/><U109/><E129/><V65/><F65/><W17/><G131/><T103/><D103/><U76/><E109/><V32/><F32/><W15/><G66/><T48/><D120/><U21/><E34/><V96/><F96/><W116/><G116/><T10/><D84/><U90/><E35/><V42/><AGARI ba="3,2" hai="5,9,14,37,42,47,88,94,99,104,105,121,122,123" machi="42" ten="40,12000,1" yaku="1,1,0,1,52,1,54,1,53,1" doraHai="91" doraHaiUra="85" who="2" fromWho="2" sc="86,-43,602,-43,253,149,39,-43" owari="43,-36.0,559,66.0,402,20.0,-4,-50.0" /></mjloggm>