<mjloggm ver="2.3"><GO type="169" lobby="0"/><UN n0="%E7%A2%A7%E4%B9%83" n1="%E5%AE%89%E9%81%94%E3%81%95%E3%81%8F%E3%82%89" n2="%E4%B8%BB%E5%B8%AD" n3="%66%61%6E%73%74%65%70" dan="16,17,16,17" rate="2117.84,2166.48,2132.10,2204.57" sx="F,M,M,M"/><TAIKYOKU oya="0"/><INIT seed="0,0,0,0,3,46" ten="250,250,250,250" oya="0" hai0="70,60,122,21,8,9,11,85,106,49,42,55,53" hai1="39,76,6,35,10,77,120,13,135,74,59,7,52" hai2="123,87,98,66,73,72,17,132,41,57,2,110,79" hai3="33,81,3,45,109,105,96,75,25,34,22,102,97"/><T56/><D122/><U115/><E120/><V118/><F123/><W94/><G109/><T0/><D106/><U99/><E135/><V28/><F2/><W111/><G3/><T107/><D107/><U64/><E115/><V117/><F28/><W127/><G127/><T62/><D0/><U43/><E35/><V58/><F41/><W12/><G111/><T126/><D126/><U19/><E64/><V112/><F110/><W67/><G12/><T119/><D119/><U30/><E30/><V1/><F1/><W83/><G67/><T121/><D121/><U101/><E43/><V14/><F112/><W129/><G129/><T36/><D36/><U29/><E29/><V38/><F38/><W31/><G83/><T68/><D42/><U16/><E39/><V134/><F66/><W65/><G65/><T26/><D85/><U116/><E116/><V86/><F14/><W133/><G133/><T103/><D103/><U93/><E19/><V37/><F37/><W63/><G63/><T78/><D78/><N who="1" m="30315" /><E74/><V100/><F79/><W50/><G75/><T130/><D130/><U23/><E10/><V24/><F100/><W54/><G81/><T84/><D84/><U47/><E47/><V20/><F17/><W92/><G105/><T89/><D89/><AGARI ba="0,0" hai="22,25,31,33,34,45,50,54,89,92,94,96,97,102" machi="89" ten="30,2000,0" yaku="7,1,52,1" doraHai="46" who="3" fromWho="0" sc="250,-20,250,0,250,0,250,20" /><INIT seed="1,0,0,4,0,40" ten="230,250,250,270" oya="1" hai0="33,88,14,83,122,8,42,87,94,61,135,105,3" hai1="38,45,12,39,127,123,116,70,19,104,35,17,28" hai2="64,117,47,92,11,6,78,57,111,130,101,75,89" hai3="16,20,103,71,74,124,82,115,73,7,128,80,18"/><U96/><E116/><V50/><F117/><W62/><G115/><T53/><D135/><U30/><E123/><V56/><F101/><W46/><G128/><T81/><D33/><U119/><E119/><V10/><F130/><W60/><G103/><T41/><D105/><U34/><E70/><V48/><F111/><W9/><G71/><T113/><D3/><U106/><E12/><V43/><F75/><W108/><G108/><T52/><D113/><U68/><E68/><V58/><F78/><W107/><G107/><T21/><D21/><U121/><E121/><V112/><F112/><W77/><G124/><T132/><D53/><U65/><E65/><V91/><F91/><W15/><G18/><T51/><D61/><U32/><E32/><V90/><F90/><W102/><G102/><T63/><D63/><U54/><E54/><N who="2" m="31815" /><F64/><W13/><REACH who="3" step="1"/><G46/><REACH who="3" ten="230,250,250,260" step="2"/><N who="0" m="27767" /><D122/><U66/><E127/><V110/><F110/><W44/><G44/><T134/><D132/><U25/><E45/><V97/><F6/><W23/><G23/><T114/><D134/><U85/><E106/><V55/><F58/><W0/><G0/><T133/><D133/><U95/><E104/><V125/><F125/><W100/><G100/><T4/><D114/><U37/><E35/><V27/><F57/><W72/><G72/><T59/><D59/><U93/><E34/><V79/><F43/><AGARI ba="0,1" hai="4,8,14,41,42,43,81,83,87,88,94" m="27767" machi="43" ten="30,7700,0" yaku="8,1,52,1,54,2" doraHai="40" who="0" fromWho="2" sc="230,87,250,0,250,-77,260,0" /><INIT seed="2,0,0,0,1,63" ten="317,250,173,260" oya="2" hai0="109,30,84,98,37,76,54,134,19,25,125,15,120" hai1="92,80,52,12,67,34,48,6,119,105,69,60,68" hai2="49,116,132,87,28,0,38,123,74,77,31,61,128" hai3="73,107,104,127,11,10,58,59,40,85,35,56,33"/><V133/><F123/><W86/><G40/><T95/><D120/><U71/><E105/><N who="3" m="40522" /><G73/><T2/><D2/><U13/><E119/><V88/><F116/><W53/><G53/><T3/><D3/><U108/><E34/><N who="3" m="12810" /><G127/><T20/><D125/><U21/><E108/><V103/><F38/><W72/><G72/><T117/><D109/><U129/><E129/><V89/><F0/><W96/><G96/><T29/><D37/><U114/><E114/><V110/><F110/><W51/><G51/><T7/><D117/><U112/><E112/><V106/><F128/><W122/><G122/><T79/><D7/><U100/><E80/><N who="2" m="47503" /><F74/><W62/><G62/><T32/><D29/><N who="2" m="11338" /><F49/><W130/><G130/><T1/><D1/><U135/><E135/><N who="2" m="51787" /><F61/><W78/><G78/><T70/><D134/><U47/><E6/><V94/><F106/><W24/><G24/><T18/><D76/><U101/><E92/><V17/><F17/><W45/><G45/><T102/><D18/><U81/><E81/><V36/><F36/><W50/><G50/><T124/><D124/><U75/><E75/><V16/><F16/><W44/><G44/><T57/><D79/><U27/><E12/><V131/><F131/><W113/><G113/><T97/><D32/><U83/><E83/><V23/><F23/><W43/><G43/><T121/><D121/><U93/><E13/><V66/><F66/><W55/><G55/><T99/><D15/><U9/><E93/><V46/><F46/><W90/><G90/><N who="2" m="34921" /><F94/><W64/><G64/><T91/><D19/><N who="1" m="12735" /><E9/><AGARI ba="0,0" hai="9,10,11,56,58,59,85,86" m="12810,40522" machi="9" ten="40,2600,0" yaku="28,2" doraHai="63" who="3" fromWho="1" sc="317,0,250,-26,173,0,260,26" /><INIT seed="3,0,0,2,5,84" ten="317,224,173,286" oya="3" hai0="47,133,128,108,127,52,0,131,21,45,2,93,66" hai1="19,8,90,60,41,55,54,23,26,109,57,98,7" hai2="101,3,97,123,53,92,6,99,40,5,24,48,17" hai3="117,135,105,69,34,119,46,30,31,118,9,20,27"/><W81/><G105/><T39/><D108/><U77/><E109/><V104/><F123/><W116/><G69/><T68/><D21/><U95/><E41/><V113/><F40/><W106/><G106/><T65/><D39/><U56/><E77/><V42/><F42/><W12/><G46/><N who="0" m="17419" /><D68/><U63/><E8/><V50/><F113/><W115/><G115/><T67/><D127/><U43/><E43/><V32/><F3/><N who="0" m="1066" /><D93/><U22/><E22/><V76/><F76/><W82/><G135/><T125/><D125/><U132/><REACH who="1" step="1"/><E7/><REACH who="1" ten="317,214,173,286" step="2"/><V111/><F111/><W83/><G20/><T129/><D133/><AGARI ba="0,1" hai="19,23,26,54,55,56,57,60,63,90,95,98,132,133" machi="133" ten="40,12000,2" yaku="1,1,2,1,9,1,25,2,52,1,53,0" doraHai="84" doraHaiUra="70" who="1" fromWho="0" sc="317,-120,214,130,173,0,286,0" /><INIT seed="4,0,0,4,1,118" ten="197,344,173,286" oya="0" hai0="20,82,11,88,55,77,37,44,113,64,101,111,21" hai1="69,125,14,100,49,105,106,130,85,103,78,112,30" hai2="102,36,108,109,61,92,65,71,91,40,121,45,63" hai3="80,43,87,107,67,98,58,68,128,12,133,15,124"/><T23/><D113/><U132/><E69/><V48/><F102/><W94/><G68/><T3/><D101/><U47/><E112/><V84/><F121/><W110/><G107/><T38/><D64/><U81/><E125/><V16/><F63/><W70/><G70/><T42/><D111/><U59/><E132/><V76/><F76/><W10/><G110/><T27/><D38/><U8/><E130/><V60/><F60/><W34/><G34/><T127/><D127/><U13/><E30/><V7/><F7/><W90/><G43/><T129/><D129/><U29/><E29/><V19/><F19/><W86/><G128/><T53/><D27/><U104/><E59/><V83/><F83/><W114/><G133/><T115/><D115/><U75/><E14/><V24/><REACH who="2" step="1"/><F36/><REACH who="2" ten="197,344,163,286" step="2"/><W79/><G124/><T0/><D0/><U32/><E103/><V4/><F4/><W120/><G120/><T72/><D88/><U73/><E100/><V2/><F2/><W22/><G114/><T96/><D96/><U93/><E81/><V89/><F89/><W74/><G98/><T50/><D50/><U122/><E78/><V1/><F1/><W56/><G74/><T39/><D37/><U33/><E122/><V95/><F95/><W51/><G94/><T119/><D119/><U52/><E93/><V35/><F35/><N who="1" m="13385" /><E85/><V41/><F41/><W28/><G87/><T134/><D134/><U99/><E99/><V123/><F123/><W97/><G97/><T6/><AGARI ba="0,1" hai="3,6,11,20,21,23,39,42,44,53,55,72,77,82" machi="6" ten="30,6000,0" yaku="0,1,25,2" doraHai="118" who="0" fromWho="0" sc="197,70,344,-20,163,-20,286,-20" /><INIT seed="4,1,0,4,1,79" ten="267,324,143,266" oya="0" hai0="71,25,27,112,67,133,64,11,15,17,94,50,48" hai1="107,109,76,2,13,29,36,85,44,43,0,5,83" hai2="99,77,37,59,125,62,104,116,41,134,20,97,86" hai3="7,88,81,128,105,3,28,21,87,51,115,12,33"/><T73/><D73/><U111/><E107/><V72/><F72/><W9/><G105/><T132/><D112/><U117/><E117/><V119/><F134/><N who="0" m="51818" /><D94/><U24/><E13/><V84/><F125/><W61/><G128/><T49/><D71/><U98/><E98/><N who="2" m="37387" /><F104/><W42/><G115/><T74/><D74/><U23/><REACH who="1" step="1"/><E5/><REACH who="1" ten="267,314,143,266" step="2"/><V122/><F119/><W35/><G12/><T1/><D1/><AGARI ba="1,1" hai="0,1,2,23,24,29,36,43,44,76,83,85,109,111" machi="1" ten="40,5200,0" yaku="1,1,2,1,52,1,53,0" doraHai="79" doraHaiUra="91" who="1" fromWho="0" sc="267,-55,314,65,143,0,266,0" /><INIT seed="5,0,0,2,3,114" ten="212,379,143,266" oya="1" hai0="40,97,103,131,75,120,64,73,6,79,19,126,29" hai1="127,107,111,33,17,20,41,21,91,104,24,133,63" hai2="134,60,46,65,99,80,4,83,58,77,38,2,47" hai3="39,74,51,115,130,34,78,124,30,112,106,37,66"/><U108/><E133/><V54/><F134/><W12/><G106/><T0/><D19/><U27/><E33/><V129/><F129/><W100/><G100/><T15/><D15/><U93/><E41/><V88/><F2/><W53/><G66/><T1/><D131/><U95/><E127/><V28/><F4/><W87/><G130/><T31/><D126/><U92/><E63/><V89/><F28/><W25/><G124/><T45/><D31/><N who="1" m="17799" /><E91/><V16/><F80/><W123/><G74/><T109/><D109/><AGARI ba="0,0" hai="17,21,27,92,93,95,104,107,108,109,111" m="17799" machi="109" ten="30,1500,0" yaku="10,1" doraHai="114" who="1" fromWho="0" sc="212,-15,379,15,143,0,266,0" /><INIT seed="5,1,0,1,2,97" ten="197,394,143,266" oya="1" hai0="31,114,107,29,14,34,94,18,79,27,96,47,82" hai1="21,3,43,35,45,20,46,64,119,9,61,41,4" hai2="71,78,25,75,11,116,24,85,124,111,125,92,63" hai3="66,49,106,74,102,42,26,134,51,98,109,38,6"/><U117/><E35/><V130/><F111/><W93/><G109/><T1/><D114/><U126/><E126/><N who="2" m="48747" /><F116/><W103/><G134/><T87/><D1/><U127/><E127/><V100/><F130/><W53/><G74/><T17/><D31/><U133/><E133/><V54/><F75/><W28/><G6/><T113/><D113/><U76/><E76/><V67/><F54/><W68/><G38/><T90/><D14/><U12/><E3/><V86/><F11/><W58/><G68/><T0/><D0/><U44/><E117/><V13/><F13/><W30/><G66/><T110/><D110/><U122/><E122/><V10/><F10/><W5/><G5/><T131/><D131/><U65/><E65/><V56/><F71/><W69/><G69/><T83/><D83/><U39/><E119/><V118/><F118/><W135/><G135/><T2/><D2/><U81/><E45/><V80/><F85/><W60/><G42/><T72/><REACH who="0" step="1"/><D47/><REACH who="0" ten="187,394,143,266" step="2"/><U108/><E44/><V95/><F95/><W33/><G30/><T57/><D57/><U77/><E108/><V128/><F128/><W22/><G33/><T84/><D84/><U132/><E132/><V101/><F92/><W115/><G115/><T37/><D37/><U59/><E46/><V129/><F129/><W15/><G15/><T99/><D99/><U7/><E39/><V104/><F104/><W16/><G28/><T62/><D62/><U91/><E4/><V23/><F24/><W112/><G112/><T36/><D36/><U105/><E7/><V8/><F8/><W32/><G32/><RYUUKYOKU ba="1,1" sc="187,10,394,-30,143,10,266,10" hai0="17,18,27,29,34,72,79,82,87,90,94,96,107" hai2="23,25,56,63,67,78,80,86,100,101" hai3="16,22,26,49,51,53,58,60,93,98,102,103,106" /><INIT seed="6,2,1,2,2,79" ten="197,364,153,276" oya="2" hai0="74,43,7,33,15,28,25,63,129,120,89,111,91" hai1="123,66,38,18,64,80,135,128,75,17,6,19,41" hai2="45,13,86,60,115,88,0,99,31,49,122,95,11" hai3="119,76,126,133,90,104,58,26,117,36,23,116,35"/><V62/><F122/><W132/><G36/><T44/><D111/><U46/><E123/><V72/><F72/><W109/><G109/><T92/><D120/><U34/><E34/><V2/><F31/><W70/><G70/><T100/><D74/><U57/><E128/><V73/><F73/><W134/><G104/><T12/><D129/><U55/><E135/><V67/><F115/><W96/><G35/><T81/><D63/><U131/><E131/><V94/><F0/><W20/><G126/><T71/><D71/><U77/><REACH who="1" step="1"/><E6/><REACH who="1" ten="197,354,153,276" step="2"/><N who="2" m="3319" /><F67/><W54/><G76/><T69/><D7/><U110/><E110/><V42/><F2/><W97/><G90/><AGARI ba="2,2" hai="42,45,49,60,62,86,88,90,94,95,99" m="3319" machi="90" ten="30,2900,0" yaku="8,1,54,1" doraHai="79" who="2" fromWho="3" sc="197,0,354,0,153,55,276,-35" /><INIT seed="6,3,0,3,2,58" ten="197,354,208,241" oya="2" hai0="49,80,44,78,56,9,108,30,41,73,67,114,4" hai1="39,133,107,64,134,34,50,81,68,1,31,124,126" hai2="51,116,57,110,27,70,12,42,135,46,93,3,23" hai3="123,111,74,98,47,0,19,62,21,129,65,13,36"/><V61/><F116/><W28/><G123/><T100/><D108/><U97/><E39/><V131/><F3/><W117/><G117/><T29/><D114/><U63/><E1/><V92/><F110/><W2/><G111/><T83/><D100/><N who="1" m="62863" /><E50/><V115/><F115/><W125/><G74/><T22/><D83/><U52/><E81/><V79/><F135/><N who="1" m="51721" /><E52/><N who="2" m="33959" /><F70/><W20/><G0/><T89/><D89/><U16/><E16/><N who="2" m="12775" /><F131/><W87/><G2/><T103/><D103/><U14/><E14/><V121/><F121/><W105/><G129/><T37/><D22/><U77/><E77/><V66/><F66/><W59/><G21/><T96/><D67/><U72/><E72/><V76/><F12/><W45/><G36/><T85/><D37/><U8/><E8/><V35/><F35/><W71/><G71/><T113/><D73/><U122/><E122/><V24/><F24/><AGARI ba="3,0" hai="24,31,34,63,64,68,124,126" m="51721,62863" machi="24" ten="30,7700,0" yaku="25,1,20,1,23,1,52,1" doraHai="58" who="1" fromWho="2" sc="197,0,354,86,208,-86,241,0" /><INIT seed="7,0,0,3,3,39" ten="197,440,122,241" oya="3" hai0="65,6,44,109,125,69,71,102,63,67,110,121,81" hai1="24,135,76,133,54,13,84,27,79,92,93,33,31" hai2="49,114,7,30,87,132,11,2,86,124,118,26,37" hai3="119,53,8,15,117,83,91,57,85,34,113,23,107"/><W82/><G107/><T104/><D6/><U20/><E13/><V47/><F118/><W5/><G34/><T4/><D4/><U17/><E54/><V18/><F132/><N who="1" m="50761" /><E84/><V40/><F124/><W73/><G113/><T64/><D104/><U128/><E128/><V100/><F114/><W101/><G101/><T22/><D102/><U51/><E51/><V105/><F18/><W61/><G73/><T10/><D22/><U111/><E111/><V97/><REACH who="2" step="1"/><F37/><REACH who="2" ten="197,440,112,241" step="2"/><W9/><G119/><T12/><D125/><U19/><E19/><V72/><F72/><W66/><G117/><T94/><D109/><U21/><E33/><AGARI ba="0,1" hai="2,7,11,26,30,33,40,47,49,86,87,97,100,105" machi="33" ten="30,7700,0" yaku="1,1,7,1,52,1,53,1" doraHai="39" doraHaiUra="25" who="2" fromWho="1" sc="197,0,440,-77,112,87,241,0" owari="197,-30.0,363,46.0,199,-20.0,241,4.0" /></mjloggm>