<mjloggm ver="2.3"><GO type="169" lobby="0"/><UN n0="%E3%81%96%E3%82%8A%E3%81%8C%E3%81%AB%E3%81%8F%E3%82%93" n1="%72%52%66%44%79%55%66" n2="%E8%AA%B2%E9%95%B7%E8%A6%96%E9%87%8E%E7%8B%AD%E7%AA%84" n3="%E3%82%B8%E3%83%A5%E3%82%BF%32" dan="17,16,16,16" rate="2229.48,2130.29,2091.67,2054.39" sx="M,M,M,M"/><TAIKYOKU oya="0"/><INIT seed="0,0,0,1,1,103" ten="250,250,250,250" oya="0" hai0="128,62,41,9,24,58,3,124,45,38,10,26,87" hai1="66,116,107,98,82,77,97,25,132,89,21,49,109" hai2="119,115,48,65,120,73,72,111,43,126,6,80,16" hai3="12,96,47,27,114,50,95,67,135,110,78,54,14"/><T101/><D128/><U108/><E132/><V125/><F120/><W33/><G135/><T11/><D3/><U83/><E116/><V44/><F119/><W51/><G114/><T106/><D124/><N who="2" m="47722" /><F115/><W8/><G110/><N who="1" m="42602" /><E66/><V46/><F111/><W81/><G67/><T90/><D106/><U40/><E89/><V94/><F6/><W131/><G131/><T17/><D101/><N who="1" m="62895" /><E98/><V68/><F94/><W31/><G8/><T76/><D76/><U122/><E122/><V69/><F80/><W15/><G51/><T100/><D100/><U134/><E134/><V104/><F104/><W39/><G39/><T18/><D24/><U88/><E88/><V113/><F113/><W93/><REACH who="3" step="1"/><G96/><REACH who="3" ten="250,250,250,240" step="2"/><T5/><D5/><U129/><E129/><V102/><F65/><W84/><AGARI ba="0,1" hai="12,14,15,27,31,33,47,50,54,78,81,84,93,95" machi="84" ten="30,4000,0" yaku="1,1,2,1,0,1,53,0" doraHai="103" doraHaiUra="112" who="3" fromWho="3" sc="250,-20,250,-10,250,-10,240,50" /><INIT seed="1,0,0,2,3,100" ten="230,240,240,290" oya="1" hai0="42,126,61,69,16,115,128,117,109,0,44,92,87" hai1="118,70,27,18,6,57,21,5,48,55,90,31,20" hai2="116,72,80,133,34,132,13,51,131,54,2,101,110" hai3="135,75,71,134,47,38,1,33,15,62,66,122,10"/><U89/><E118/><V103/><F2/><W46/><G122/><T78/><D117/><U79/><E70/><V124/><F116/><W119/><G119/><T36/><D115/><U64/><E64/><V8/><F34/><W41/><G75/><T65/><D0/><U4/><REACH who="1" step="1"/><E79/><REACH who="1" ten="230,230,240,290" step="2"/><V24/><F132/><W49/><G135/><T56/><D78/><U107/><E107/><V76/><F133/><W9/><G134/><T97/><D128/><U96/><E96/><V32/><F131/><W59/><G71/><T3/><D97/><U23/><E23/><V88/><F76/><W99/><G99/><T91/><D126/><U86/><E86/><V22/><F124/><W73/><G33/><T120/><D120/><U127/><E127/><V43/><F22/><W121/><G121/><T19/><D109/><U58/><E58/><V40/><F32/><W60/><G59/><T12/><D3/><U106/><E106/><V85/><F85/><W68/><G73/><T37/><D37/><U82/><E82/><V67/><F80/><W129/><G129/><T108/><D108/><U50/><E50/><V102/><F51/><W77/><G77/><T125/><D125/><U30/><E30/><V14/><F72/><W84/><G84/><T28/><D28/><U111/><E111/><V74/><F74/><W35/><G35/><T95/><D56/><U7/><N who="1" m="1024" /><DORA hai="26" /><U94/><E94/><V130/><F110/><W52/><G1/><T104/><D95/><U93/><E93/><V11/><F130/><W98/><G98/><T114/><D104/><U83/><E83/><RYUUKYOKU ba="0,1" sc="230,-10,230,30,240,-10,290,-10" hai1="18,20,21,27,31,48,55,57,89,90" /><INIT seed="1,1,1,3,4,49" ten="220,260,230,280" oya="1" hai0="96,63,37,0,56,48,51,31,78,91,121,134,107" hai1="119,39,135,54,26,30,117,115,43,86,98,125,74" hai2="90,47,127,80,20,38,71,82,94,41,131,35,126" hai3="132,6,33,25,89,108,4,67,59,62,28,114,113"/><U45/><E115/><V95/><F35/><W68/><G108/><T24/><D134/><U65/><E74/><V87/><F71/><W22/><G132/><T109/><D109/><U129/><E135/><V118/><F118/><W16/><G68/><T97/><D37/><U73/><E73/><V105/><F105/><W75/><G75/><T55/><D0/><U122/><E122/><V101/><F131/><W19/><G89/><T18/><D121/><U133/><E133/><V53/><F20/><W85/><G85/><T99/><D107/><U10/><E129/><V9/><F9/><W116/><G19/><T58/><D78/><U70/><E125/><N who="2" m="47627" /><F53/><W130/><G116/><T102/><D102/><U128/><E128/><V111/><F111/><W103/><G103/><T110/><D110/><U21/><E98/><AGARI ba="1,1" hai="38,41,47,80,82,87,90,94,95,98,101" m="47627" machi="98" ten="30,1000,0" yaku="18,1" doraHai="49" who="2" fromWho="1" sc="220,0,260,-13,230,23,280,0" /><INIT seed="2,0,0,5,5,109" ten="220,247,253,280" oya="2" hai0="45,67,114,98,33,59,125,81,6,79,2,80,130" hai1="123,75,58,38,111,24,52,26,43,78,121,73,40" hai2="13,127,117,72,86,27,12,97,135,44,112,17,48" hai3="84,133,7,102,107,88,63,128,60,36,103,101,106"/><V61/><F72/><N who="1" m="27721" /><E78/><V16/><F117/><W54/><G36/><T93/><D33/><U65/><E65/><V34/><F135/><W37/><G133/><T53/><D114/><U120/><E111/><V55/><F112/><W30/><G37/><T105/><D105/><U5/><E5/><V77/><F34/><W31/><G7/><T119/><D130/><U71/><E71/><V56/><F127/><W39/><G39/><T69/><D125/><U64/><E64/><V29/><F97/><W104/><G128/><T95/><D119/><U74/><N who="1" m="27729" /><U82/><DORA hai="46" /><E82/><N who="2" m="47439" /><F29/><W35/><G35/><T11/><D69/><U122/><N who="1" m="30720" /><DORA hai="99" /><U25/><E38/><V57/><F57/><W126/><G126/><T118/><D59/><U62/><AGARI ba="0,0" hai="24,25,26,40,43,52,58,62" m="30720,27729" machi="62" ten="80,5200,0" yaku="13,1,54,1" doraHai="109,46,99" who="1" fromWho="1" sc="220,-13,247,52,253,-26,280,-13" /><INIT seed="3,0,0,3,3,87" ten="207,299,227,267" oya="3" hai0="126,80,129,108,115,121,75,58,120,60,37,44,31" hai1="42,49,91,70,23,68,133,2,107,43,38,81,17" hai2="83,28,34,84,0,45,98,66,14,69,95,99,55" hai3="119,74,27,79,96,39,127,51,35,124,8,131,104"/><W116/><G39/><T94/><D108/><U33/><E33/><V7/><F0/><W110/><G131/><T20/><D129/><U103/><E2/><V40/><F55/><W123/><G123/><T77/><D126/><N who="3" m="48169" /><G8/><T76/><D115/><U54/><E38/><V21/><F34/><W50/><G51/><T111/><D111/><U135/><E103/><V9/><F66/><W89/><G50/><T10/><D76/><U13/><E107/><V47/><F69/><N who="1" m="26729" /><E91/><N who="2" m="51615" /><F40/><W64/><G64/><T100/><D10/><U62/><E81/><V67/><F67/><W109/><G27/><N who="0" m="16871" /><D44/><N who="2" m="16970" /><F95/><N who="3" m="56431" /><G104/><T48/><D48/><U19/><E62/><V6/><F6/><W16/><G35/><T130/><D37/><U128/><E128/><V61/><F61/><W90/><G110/><T102/><D130/><U24/><E49/><V114/><F114/><W73/><G109/><T132/><D60/><U86/><E54/><V57/><F57/><W4/><G4/><T78/><D58/><U1/><E43/><V112/><F112/><W22/><G74/><T93/><D75/><U125/><E42/><V134/><F134/><W11/><G73/><T92/><D132/><U122/><E125/><V52/><F52/><W5/><G79/><N who="0" m="30219" /><D121/><U53/><E122/><V36/><F36/><W118/><G119/><T82/><D120/><U29/><E133/><V63/><F63/><W113/><G113/><T105/><D105/><U59/><E135/><V85/><F85/><W25/><G90/><T97/><D102/><U88/><E86/><V12/><F12/><AGARI ba="0,0" hai="5,11,12,16,22,25,116,118" m="56431,48169" machi="12" ten="30,5800,0" yaku="18,1,52,1,54,1" doraHai="87" who="3" fromWho="2" sc="207,0,299,0,227,-58,267,58" /><INIT seed="3,1,0,3,4,56" ten="207,299,169,325" oya="3" hai0="108,36,104,79,133,52,121,112,127,103,31,123,97" hai1="47,65,105,21,59,80,4,39,61,115,107,34,17" hai2="7,125,37,118,122,51,70,94,60,41,69,82,117" hai3="35,113,55,19,5,14,96,50,89,84,64,77,68"/><W111/><G113/><T29/><D108/><U44/><E115/><V1/><F1/><W72/><G35/><T134/><D112/><U75/><E34/><V90/><F7/><W83/><G5/><T116/><D116/><U131/><E131/><V128/><F37/><W101/><G111/><T57/><D79/><U102/><E4/><V15/><F15/><W38/><G38/><T71/><D71/><U54/><E102/><V114/><F70/><W11/><G64/><T26/><D36/><U119/><E119/><V30/><F114/><W43/><G43/><T27/><D127/><U25/><E39/><V74/><F125/><W12/><G14/><T63/><D27/><U86/><E75/><V135/><F30/><W46/><G68/><T124/><D124/><U48/><REACH who="1" step="1"/><E47/><REACH who="1" ten="207,289,169,325" step="2"/><V81/><F128/><W120/><G120/><T67/><D123/><U40/><E40/><V9/><F41/><W88/><G72/><T132/><D121/><U45/><E45/><V85/><F74/><W91/><G101/><T20/><REACH who="0" step="1"/><D31/><REACH who="0" ten="197,289,169,325" step="2"/><U28/><E28/><V18/><F122/><W78/><G77/><AGARI ba="1,2" hai="17,21,25,44,48,54,59,61,65,77,80,86,105,107" machi="77" ten="30,3900,0" yaku="1,1,7,1,52,1,53,0" doraHai="56" doraHaiUra="92" who="1" fromWho="3" sc="197,0,289,62,169,0,325,-42" /><INIT seed="4,0,0,3,2,68" ten="197,351,169,283" oya="0" hai0="100,135,9,17,61,4,53,25,82,78,37,88,35" hai1="115,45,94,132,21,2,47,24,134,104,73,97,57" hai2="76,39,20,11,99,71,55,103,18,0,111,48,101" hai3="60,108,102,27,81,41,83,10,64,106,92,52,126"/><T89/><D135/><N who="1" m="51755" /><E104/><V79/><F71/><W43/><G108/><T116/><D116/><U74/><E2/><V119/><F111/><W1/><G106/><T96/><D37/><U70/><E70/><V42/><F119/><W118/><G118/><T128/><D128/><U109/><E109/><V75/><F42/><W98/><G126/><T26/><D61/><U69/><E69/><V30/><F30/><W22/><G64/><T67/><D53/><U59/><E57/><V38/><F103/><W6/><G41/><T93/><D67/><U62/><E115/><V51/><F0/><W133/><G43/><T28/><D17/><N who="1" m="12335" /><E45/><V127/><F127/><W72/><G72/><T113/><D26/><U44/><E44/><V50/><F75/><W65/><G65/><T33/><D33/><U31/><E31/><V32/><F55/><W7/><G6/><T19/><D19/><U120/><E47/><V121/><F32/><W3/><G1/><T23/><D35/><U36/><E36/><V63/><F39/><W105/><G105/><T95/><D95/><U110/><E120/><V46/><F38/><W14/><G3/><T125/><D125/><U40/><E40/><V107/><F46/><W5/><G5/><T66/><D66/><N who="1" m="39263" /><E110/><V12/><F121/><W77/><G133/><T84/><D113/><U129/><E129/><V122/><F122/><W114/><G114/><T49/><D49/><U91/><AGARI ba="0,0" hai="73,74,91,94,97" m="39263,12335,51755" machi="91" ten="30,1100,0" yaku="20,1" doraHai="68" who="1" fromWho="1" sc="197,-5,351,11,169,-3,283,-3" /><INIT seed="5,0,0,5,1,111" ten="192,362,166,280" oya="1" hai0="114,116,51,5,107,98,10,6,106,44,96,95,26" hai1="32,90,62,9,23,48,47,73,37,92,76,71,42" hai2="35,134,17,101,43,67,109,56,91,31,80,45,52" hai3="63,103,126,108,120,132,113,53,33,24,2,39,68"/><U100/><E32/><V8/><F109/><W115/><RYUUKYOKU type="yao9" ba="0,0" sc="192,0,362,0,166,0,280,0" hai3="2,24,33,39,53,63,68,103,108,113,115,120,126,132" /><INIT seed="5,1,0,5,0,37" ten="192,362,166,280" oya="1" hai0="101,71,135,16,17,93,61,26,5,13,130,79,75" hai1="72,106,50,70,104,114,28,88,24,31,3,11,8" hai2="78,22,94,42,47,51,49,120,41,116,63,133,32" hai3="60,35,53,46,1,126,0,2,45,121,111,66,68"/><U108/><E72/><V123/><F32/><W65/><G111/><T100/><D135/><U125/><E70/><V90/><F133/><W67/><G121/><T97/><D130/><U105/><E108/><V56/><F116/><W15/><G35/><T7/><D101/><U36/><E36/><V80/><F22/><W81/><G126/><T98/><D98/><U134/><E134/><V119/><F119/><W48/><G15/><T57/><D71/><U34/><E125/><V44/><F94/><W59/><G81/><T132/><D132/><U40/><E114/><V96/><F96/><W83/><G83/><T82/><D26/><U107/><E28/><V102/><F90/><W64/><AGARI ba="1,0" hai="0,1,2,45,46,48,53,59,60,64,65,66,67,68" machi="64" ten="40,1500,0" yaku="0,1" doraHai="37" who="3" fromWho="3" sc="192,-5,362,-8,166,-5,280,18" /><INIT seed="6,0,0,0,5,65" ten="187,354,161,298" oya="2" hai0="75,54,71,113,37,88,73,12,57,28,10,40,29" hai1="7,105,51,127,78,116,33,50,92,103,67,128,129" hai2="48,47,70,135,102,114,69,34,39,30,58,6,93" hai3="109,99,15,3,120,21,89,22,64,80,42,11,46"/><V52/><F114/><W111/><G120/><T106/><D113/><U110/><E110/><V31/><F135/><W72/><G3/><T125/><D125/><U107/><E116/><V82/><F6/><W66/><G72/><T81/><D106/><N who="1" m="40459" /><E78/><V1/><F1/><W96/><G109/><T123/><D123/><U45/><E33/><V9/><F9/><W133/><G133/><T101/><D101/><U122/><E122/><V79/><F39/><W118/><G118/><T60/><D75/><U19/><E7/><V95/><F47/><W32/><G32/><T5/><D71/><U14/><E67/><V124/><F124/><W17/><G64/><T8/><D37/><U108/><E108/><V25/><F31/><N who="0" m="11850" /><D73/><U77/><E77/><V121/><F121/><W41/><G66/><T0/><D0/><U53/><E51/><V13/><F13/><W87/><G111/><T59/><D40/><N who="3" m="15465" /><G46/><T38/><D38/><U90/><E103/><V20/><F34/><W119/><G119/><T112/><D112/><U44/><E127/><V83/><F83/><W62/><G62/><T18/><D59/><U97/><E45/><V24/><F24/><W86/><G87/><N who="0" m="50287" /><D5/><U91/><E44/><V63/><F63/><W4/><G4/><T68/><D68/><N who="2" m="26218" /><F102/><W132/><G132/><T115/><D115/><U56/><E56/><V84/><F58/><W76/><G80/><T55/><D10/><U2/><E2/><V23/><F23/><W117/><G21/><T100/><D100/><U49/><E14/><V134/><F134/><W36/><G117/><T126/><D126/><RYUUKYOKU ba="0,0" sc="187,15,354,-15,161,15,298,-15" hai0="8,12,18,54,55,57,60" hai2="20,25,30,48,52,79,82,84,93,95" /><INIT seed="6,1,0,5,5,4" ten="202,339,176,283" oya="2" hai0="0,119,106,111,34,13,50,36,11,127,105,60,30" hai1="1,132,41,135,109,113,27,42,88,59,79,114,122" hai2="107,45,29,67,121,104,33,69,19,47,74,3,64" hai3="133,129,66,51,16,134,80,101,70,31,61,14,71"/><V23/><F74/><W2/><G2/><T83/><D13/><U126/><E109/><V57/><F121/><W100/><G129/><T81/><D50/><U108/><E108/><V86/><F69/><W52/><G31/><T37/><D111/><U102/><E79/><V58/><F3/><W103/><G80/><T54/><D54/><U82/><E102/><V77/><F29/><W110/><G110/><T72/><D83/><U22/><E1/><V123/><F33/><W18/><G71/><T84/><D84/><N who="1" m="50199" /><E126/><V75/><F86/><W10/><REACH who="3" step="1"/><G18/><REACH who="3" ten="202,339,176,273" step="2"/><T9/><D0/><U12/><E122/><V87/><F19/><W48/><G48/><T17/><D17/><U46/><E132/><V99/><F123/><W95/><G95/><T56/><D30/><U21/><E135/><V44/><F107/><W85/><G85/><T91/><D81/><U8/><E113/><V49/><F87/><W128/><G128/><T63/><D106/><U7/><E114/><V117/><F104/><W94/><G94/><T90/><D105/><U24/><E7/><V89/><F75/><W131/><G131/><T65/><D72/><U125/><E125/><V92/><F92/><W124/><G124/><T78/><D127/><U76/><E76/><V62/><F77/><W73/><G73/><T98/><D78/><U116/><E116/><V130/><F117/><W5/><G5/><T53/><D119/><U97/><E97/><V120/><F99/><W118/><G118/><T43/><D98/><U55/><E27/><V28/><F130/><W38/><G38/><T15/><D37/><RYUUKYOKU ba="1,1" sc="202,-10,339,-10,176,-10,273,30" hai3="10,14,16,51,52,61,66,70,100,101,103,133,134" /><INIT seed="7,2,1,1,3,130" ten="192,329,166,303" oya="3" hai0="61,44,111,2,99,21,122,33,104,103,86,22,100" hai1="4,29,35,101,89,42,115,75,58,51,113,60,114" hai2="133,43,124,34,40,24,57,81,127,18,50,62,85" hai3="73,55,112,90,45,3,54,59,64,63,38,13,135"/><W98/><G3/><T107/><D122/><U97/><E75/><V31/><F133/><W110/><G135/><T116/><D33/><U70/><E70/><V15/><F124/><W128/><G73/><T16/><D2/><U27/><E4/><V5/><F127/><W47/><G128/><T20/><D111/><U106/><E89/><V126/><F126/><W79/><G79/><T66/><D116/><U105/><E42/><V69/><F69/><W109/><G112/><T25/><D86/><U84/><E84/><V36/><F36/><W71/><G13/><T134/><D134/><U39/><E39/><V131/><F131/><W87/><G98/><T123/><D123/><U48/><E106/><V129/><F129/><W93/><G54/><AGARI ba="2,1" hai="27,29,35,48,51,54,58,60,97,101,105,113,114,115" machi="54" ten="40,1300,0" yaku="15,1" doraHai="130" who="1" fromWho="3" sc="192,0,329,29,166,0,303,-19" owari="192,-21.0,358,46.0,166,-33.0,284,8.0" /></mjloggm>