<mjloggm ver="2.3"><GO type="169" lobby="0"/><UN n0="%E8%A5%BF%E5%B2%A1%E8%82%B2%E6%9C%AA%E2%99%AA" n1="%E3%82%AD%E3%83%B3%E3%82%B0%E3%81%82%E3%81%A4%E3%81%97" n2="%E3%81%AF%E3%81%98%E3%82%81%E3%81%A3%E3%81%A1" n3="%E6%9D%B1%E4%BA%AC%E9%9B%BB%E5%8A%9B" dan="16,17,17,17" rate="2096.52,2172.97,2195.75,2210.69" sx="F,M,F,M"/><TAIKYOKU oya="0"/><INIT seed="0,0,0,5,5,91" ten="250,250,250,250" oya="0" hai0="40,65,80,21,16,70,97,130,22,30,11,119,107" hai1="102,125,27,55,66,120,77,89,17,110,104,117,63" hai2="84,7,10,31,3,60,122,56,83,123,2,36,118" hai3="51,111,101,59,8,108,67,4,33,28,128,5,92"/><T124/><D119/><U14/><E120/><V50/><F36/><W94/><G128/><T58/><D130/><U41/><E117/><V12/><F118/><W49/><G101/><T98/><D70/><U0/><E0/><V126/><F126/><W115/><G115/><T54/><D124/><U113/><E113/><V96/><F2/><W82/><G82/><T78/><D65/><U18/><E125/><V87/><F87/><W129/><G129/><T93/><D40/><U34/><E77/><V134/><F134/><W103/><G103/><T42/><D42/><U131/><E41/><V19/><F31/><W26/><G67/><T29/><D11/><U57/><E131/><V76/><F50/><N who="3" m="18955" /><G59/><T39/><D98/><U43/><E43/><V135/><F135/><W114/><G114/><T13/><D22/><N who="1" m="13783" /><E34/><V86/><F86/><W44/><G44/><T75/><D107/><U37/><E37/><V1/><F96/><W90/><G90/><T38/><D38/><U106/><E102/><V81/><F81/><W48/><N who="3" m="18963" /><W100/><DORA hai="52" /><G100/><T112/><D39/><U105/><E89/><V68/><F68/><W132/><G132/><T116/><D112/><U64/><E64/><V95/><F3/><W25/><G25/><T45/><D45/><U23/><E66/><N who="2" m="39175" /><F123/><W121/><G121/><T9/><D116/><U72/><E72/><V73/><F122/><W99/><G99/><T47/><D47/><U79/><E79/><V53/><F73/><W20/><G33/><T15/><D97/><U74/><E74/><V35/><F35/><W85/><G85/><RYUUKYOKU ba="0,0" sc="250,-10,250,30,250,-10,250,-10" hai1="14,17,23,55,57,63,104,105,106,110" /><INIT seed="1,1,0,2,1,59" ten="240,280,240,240" oya="1" hai0="95,99,44,75,47,16,51,35,71,39,10,135,23" hai1="14,92,52,119,19,79,28,86,73,106,81,58,123" hai2="56,76,85,128,132,21,90,26,78,42,109,108,66" hai3="27,53,20,0,103,96,61,69,36,121,41,97,112"/><U57/><E123/><V89/><F132/><W80/><G121/><T134/><D35/><U118/><E106/><V77/><F128/><W117/><G0/><T43/><D71/><U31/><E118/><V130/><F130/><W25/><G112/><T107/><D75/><U48/><E119/><V105/><F42/><W18/><G117/><T54/><D10/><U116/><E116/><V46/><F46/><W65/><G53/><T114/><D107/><U131/><E131/><V13/><F13/><W72/><G27/><T5/><D5/><U60/><E92/><V12/><F12/><W3/><G3/><T110/><D110/><U6/><E6/><V133/><F133/><W64/><G64/><T1/><D1/><U32/><E73/><V104/><F104/><W38/><G41/><T45/><D45/><U74/><E74/><V15/><F15/><W62/><G62/><T22/><D22/><N who="1" m="11639" /><E32/><V63/><F105/><W2/><G2/><T126/><D114/><U100/><E100/><V9/><F9/><W33/><G33/><T50/><D39/><U124/><E124/><V125/><F125/><W4/><G4/><T40/><D126/><U7/><E7/><V84/><F84/><W68/><G68/><T34/><D34/><U111/><E111/><N who="2" m="42571" /><F85/><W49/><G49/><T101/><D43/><U67/><AGARI ba="1,0" hai="28,31,48,52,57,58,60,67,79,81,86" m="11639" machi="67" ten="30,6000,0" yaku="8,1,52,1,54,1" doraHai="59" who="1" fromWho="1" sc="240,-21,280,63,240,-21,240,-21" /><INIT seed="1,2,0,3,2,47" ten="219,343,219,219" oya="1" hai0="113,117,105,69,26,115,72,133,107,125,14,36,70" hai1="102,3,33,93,98,42,86,37,63,13,44,110,28" hai2="18,106,97,78,122,22,7,128,99,32,52,111,100" hai3="114,83,81,11,49,134,31,38,19,25,57,118,85"/><U90/><E3/><V43/><F122/><W87/><G38/><T61/><D61/><U39/><E33/><V54/><F111/><W24/><G114/><T53/><D26/><U89/><E28/><V55/><F32/><W108/><G108/><T91/><D14/><U1/><E1/><V2/><F128/><W109/><G134/><T135/><D91/><U126/><E126/><V27/><F78/><W67/><G118/><T104/><D53/><U95/><E110/><V40/><REACH who="2" step="1"/><F97/><REACH who="2" ten="219,343,209,219" step="2"/><W23/><G109/><T130/><D130/><U76/><E76/><V124/><F124/><W10/><G85/><T92/><D125/><U15/><E39/><V30/><F30/><W4/><G87/><T9/><D36/><U20/><E20/><V0/><F0/><W79/><G79/><T88/><D72/><U80/><REACH who="1" step="1"/><E63/><REACH who="1" ten="219,333,209,219" step="2"/><V131/><F131/><W59/><G31/><T112/><D117/><U94/><E94/><V84/><F84/><AGARI ba="2,2" hai="13,15,37,42,44,80,84,86,89,90,93,95,98,102" machi="84" ten="30,2900,0" yaku="1,1,7,1,53,0" doraHai="47" doraHaiUra="12" who="1" fromWho="2" sc="219,0,333,55,209,-35,219,0" /><INIT seed="1,3,0,3,5,115" ten="219,388,174,219" oya="1" hai0="93,49,81,33,130,89,10,69,28,86,110,64,45" hai1="100,6,18,102,23,83,37,120,59,84,127,41,73" hai2="98,11,124,99,9,32,7,65,123,71,94,17,22" hai3="87,97,56,44,95,1,48,128,19,91,76,103,109"/><U61/><E120/><V77/><F123/><W30/><G109/><T26/><D110/><U80/><E127/><V85/><F124/><W63/><G128/><T47/><D130/><U13/><E73/><V24/><F32/><W117/><G1/><T57/><D69/><U12/><E41/><V72/><F72/><W108/><G30/><T42/><D10/><N who="1" m="4311" /><E37/><V38/><F38/><W4/><G4/><T2/><D2/><U21/><E21/><V122/><F122/><W125/><G76/><T75/><D75/><U107/><E107/><V121/><F121/><W36/><G36/><T118/><D118/><U15/><E15/><V105/><F105/><W106/><G108/><T126/><D126/><U62/><E83/><V88/><F77/><W101/><G101/><N who="1" m="39018" /><E59/><V46/><F46/><W133/><G125/><T39/><D81/><U112/><E112/><V8/><F7/><W14/><G133/><T111/><D111/><U51/><E51/><V34/><F34/><W29/><G29/><T68/><D57/><U60/><E60/><V50/><REACH who="2" step="1"/><F50/><REACH who="2" ten="219,388,164,219" step="2"/><W82/><G106/><T78/><D45/><U0/><E0/><V52/><F52/><W3/><G3/><T132/><D39/><U55/><E55/><V27/><F27/><W53/><G44/><T70/><D132/><U16/><E18/><V114/><F114/><W92/><G48/><T67/><D78/><AGARI ba="3,1" hai="12,16,23,61,62,78,80,84" m="39018,4311" machi="78" ten="30,2900,0" yaku="8,1,54,1" doraHai="115" who="1" fromWho="0" sc="219,-38,388,48,164,0,219,0" /><INIT seed="1,4,0,4,3,104" ten="181,436,164,219" oya="1" hai0="20,41,125,135,134,97,0,17,51,58,129,70,106" hai1="6,95,85,57,124,121,131,82,72,100,7,66,90" hai2="67,107,46,65,19,31,39,49,45,48,22,33,112" hai3="21,96,18,32,113,37,122,75,127,60,14,42,55"/><U34/><E121/><V130/><F130/><W91/><G32/><T2/><D70/><U43/><E34/><V77/><F107/><W102/><G122/><T119/><D119/><U30/><E30/><V24/><F112/><W120/><G127/><T9/><D125/><U61/><E124/><V78/><F39/><W10/><G113/><T13/><D129/><U73/><E131/><V29/><F33/><W92/><G75/><T128/><D128/><U109/><E43/><V4/><F4/><W5/><G120/><T86/><D86/><U114/><E114/><V27/><F22/><W84/><G37/><T62/><D51/><U69/><E69/><V25/><F25/><W23/><G42/><T108/><D41/><U64/><E64/><V12/><F12/><W115/><G115/><T74/><D74/><U94/><E109/><V88/><F19/><W103/><G21/><T132/><D108/><U15/><E7/><V63/><F63/><W38/><G38/><T76/><D76/><U36/><E36/><V123/><F123/><W71/><G84/><T79/><D79/><U11/><REACH who="1" step="1"/><E82/><REACH who="1" ten="181,426,164,219" step="2"/><V80/><F80/><W68/><G68/><T28/><D28/><U101/><E101/><V118/><F118/><W53/><G71/><T47/><D134/><U117/><E117/><V59/><F31/><W89/><G102/><N who="0" m="62799" /><D135/><U3/><E3/><V116/><F116/><W99/><G103/><T16/><D132/><U87/><E87/><V26/><F29/><W50/><G5/><N who="0" m="1191" /><D2/><U44/><E44/><V52/><F46/><W81/><G81/><T1/><D1/><RYUUKYOKU ba="4,1" sc="181,-10,426,30,164,-10,219,-10" hai1="6,11,15,57,61,66,72,73,85,90,94,95,100" /><INIT seed="1,5,1,0,3,131" ten="171,456,154,209" oya="1" hai0="76,41,104,96,126,7,16,50,111,10,93,68,87" hai1="5,122,13,20,57,100,44,62,0,70,22,95,18" hai2="2,86,69,35,34,43,3,112,30,61,59,109,42" hai3="27,33,81,84,51,116,128,55,103,113,75,54,77"/><U28/><E122/><V124/><F69/><W12/><G113/><T135/><D111/><U25/><E70/><V108/><F112/><W85/><G128/><T37/><D126/><U45/><E0/><N who="2" m="43" /><F124/><W133/><G103/><T129/><D129/><U1/><E1/><V26/><F86/><W125/><G54/><T118/><D37/><U23/><E5/><V65/><F35/><W98/><G98/><T130/><D68/><U78/><E78/><V79/><F79/><W66/><G66/><T102/><D118/><U97/><REACH who="1" step="1"/><E22/><REACH who="1" ten="171,446,154,209" step="2"/><V39/><F108/><W115/><G125/><T15/><D7/><U127/><E127/><V117/><F109/><W119/><G77/><T11/><D76/><U82/><E82/><V53/><F34/><W90/><G81/><T99/><D130/><U47/><E47/><V71/><F71/><W56/><G33/><T110/><D110/><U24/><E24/><V36/><F26/><W21/><G27/><T52/><D10/><U29/><E29/><V94/><F30/><W6/><G6/><T4/><D4/><U46/><E46/><V74/><F117/><W31/><G116/><T132/><D11/><U38/><E38/><V73/><F39/><W63/><G31/><T92/><D15/><U40/><E40/><V101/><F36/><W19/><G119/><T60/><D41/><U121/><E121/><V32/><F32/><W48/><G12/><T114/><D114/><U67/><AGARI ba="5,2" hai="13,18,20,23,25,28,44,45,57,62,67,95,97,100" machi="67" ten="20,18000,2" yaku="1,1,0,1,7,1,25,2,8,1,53,0" doraHai="131" doraHaiUra="64" who="1" fromWho="1" sc="171,-65,446,215,154,-65,209,-65" /><INIT seed="1,6,0,0,0,52" ten="106,661,89,144" oya="1" hai0="70,8,53,63,127,84,14,71,67,48,21,125,93" hai1="68,31,105,50,9,6,134,120,12,28,83,132,104" hai2="69,110,88,81,96,11,2,33,76,86,115,114,80" hai3="107,5,51,60,117,1,123,59,49,72,43,85,79"/><U78/><E120/><V113/><F33/><W94/><G107/><T131/><D71/><U103/><E68/><V4/><F69/><W62/><G123/><T10/><D131/><U58/><E103/><V38/><F38/><W128/><G72/><T23/><D93/><U15/><E104/><V126/><F110/><W24/><G1/><T41/><D41/><U13/><E105/><V108/><F108/><W26/><G5/><T87/><D23/><U56/><E50/><V44/><F44/><W89/><G79/><T64/><D21/><U46/><E46/><V16/><F126/><N who="0" m="48138" /><D67/><U37/><E37/><V99/><REACH who="2" step="1"/><F16/><REACH who="2" ten="106,661,79,144" step="2"/><W32/><G32/><T124/><D124/><U27/><E27/><V77/><F77/><W57/><G26/><T111/><D111/><U34/><E34/><V42/><F42/><W40/><G24/><T61/><D8/><U135/><E31/><V121/><F121/><W30/><G30/><T95/><D10/><U97/><E28/><V25/><F25/><W19/><G19/><T75/><D70/><U130/><E130/><V118/><F118/><W101/><G117/><T65/><D75/><AGARI ba="6,1" hai="2,4,11,75,76,80,81,86,88,96,99,113,114,115" machi="75" ten="40,5200,0" yaku="1,1,11,1,54,1,53,0" doraHai="52" doraHaiUra="133" who="2" fromWho="0" sc="106,-70,661,0,79,80,144,0" /><INIT seed="2,0,0,5,1,99" ten="36,661,159,144" oya="2" hai0="56,126,12,108,105,61,5,135,58,36,11,106,9" hai1="78,43,70,52,64,92,16,111,20,47,94,68,41" hai2="112,32,96,46,42,69,39,31,116,8,22,13,44" hai3="51,50,49,120,109,65,25,130,34,118,84,15,102"/><V88/><F112/><W117/><G120/><T119/><D36/><U100/><E70/><V129/><F129/><W21/><G130/><T133/><D108/><U91/><E68/><V4/><F69/><W132/><G65/><T85/><D126/><U54/><E64/><V95/><F116/><W83/><G109/><T115/><D115/><U86/><E78/><V123/><F123/><W2/><G2/><T127/><D127/><U104/><E104/><V59/><F46/><W107/><G34/><T122/><D122/><U53/><E111/><V103/><F59/><W93/><G107/><T55/><D119/><U10/><E10/><V37/><F32/><W82/><G132/><N who="0" m="50763" /><D85/><U87/><E47/><V29/><F39/><W71/><G71/><T114/><D114/><U7/><E7/><V73/><F73/><W0/><G0/><N who="0" m="167" /><D58/><U17/><E17/><AGARI ba="0,0" hai="11,12,17,55,56,61,105,106" m="167,50763" machi="17" ten="30,1000,0" yaku="20,1" doraHai="99" who="0" fromWho="1" sc="36,10,661,-10,159,0,144,0" /><INIT seed="3,0,0,5,4,36" ten="46,651,159,144" oya="3" hai0="122,28,94,84,98,50,104,44,133,8,32,27,128" hai1="14,89,51,57,20,81,64,54,134,65,66,35,91" hai2="106,125,58,61,124,111,108,1,30,127,120,96,117" hai3="129,131,41,34,19,87,26,88,79,4,126,86,25"/><W17/><G126/><T56/><D122/><U103/><E134/><V121/><F1/><W112/><G112/><T73/><D73/><U33/><E103/><N who="2" m="62823" /><F30/><W45/><G4/><T23/><D128/><N who="3" m="49225" /><G86/><T59/><D133/><U67/><E33/><V100/><F100/><W22/><G79/><T72/><D72/><U43/><E35/><V49/><F49/><N who="3" m="26799" /><G34/><T24/><D104/><U37/><E81/><V130/><F130/><W80/><G17/><T77/><D84/><U29/><E29/><V21/><F21/><W102/><G102/><T13/><D77/><U5/><E20/><V42/><F42/><W85/><G87/><T70/><D70/><U82/><E82/><V97/><F97/><W99/><G99/><T69/><D69/><U113/><E113/><V74/><F74/><W3/><G3/><T83/><D83/><U6/><E6/><V71/><F71/><W101/><G101/><N who="0" m="60631" /><D32/><U7/><E7/><V68/><F68/><W63/><G63/><T135/><D135/><U107/><E5/><V110/><F117/><W116/><G25/><T132/><D24/><U76/><E76/><V10/><F10/><W40/><G40/><N who="0" m="24839" /><D132/><U90/><E43/><V62/><F62/><W95/><G80/><T53/><D53/><AGARI ba="0,0" hai="53,58,61,108,110,111,120,121,124,125,127" m="62823" machi="53" ten="40,2600,0" yaku="14,1,18,1" doraHai="36" who="2" fromWho="0" sc="46,-26,651,0,159,26,144,0" /><INIT seed="4,0,0,3,4,130" ten="20,651,185,144" oya="0" hai0="62,41,99,83,58,113,55,18,133,125,45,11,91" hai1="1,81,12,128,22,74,119,118,103,20,109,23,135" hai2="44,3,100,60,114,2,43,37,39,56,106,57,101" hai3="73,67,85,87,10,102,90,14,5,33,27,108,40"/><T34/><D113/><U88/><E1/><V120/><F120/><W17/><G73/><T31/><D125/><U93/><E109/><V24/><F114/><W49/><G108/><T68/><D68/><U52/><E128/><V65/><F39/><W127/><G102/><T66/><D34/><U50/><E103/><V80/><F101/><W48/><G127/><T75/><D31/><U53/><E74/><V38/><F38/><W96/><G67/><T123/><D123/><U35/><E81/><V7/><F7/><W32/><G32/><T111/><D111/><U29/><E35/><V42/><F42/><W104/><G104/><T25/><D75/><U95/><E12/><V21/><F80/><W6/><G6/><T61/><D61/><U46/><E95/><V110/><F57/><W30/><G96/><T47/><D133/><U105/><E135/><V121/><F121/><W76/><G40/><T77/><D66/><U129/><E105/><V54/><F65/><W64/><G64/><T126/><D126/><U78/><E78/><V59/><F110/><W26/><G76/><T89/><D99/><N who="1" m="57767" /><E129/><V63/><F63/><W82/><G85/><T16/><D11/><U51/><E119/><V92/><F106/><W98/><G98/><T15/><D25/><N who="1" m="16551" /><E118/><V86/><F100/><W36/><G36/><N who="0" m="21671" /><D47/><AGARI ba="0,0" hai="22,23,46,47,50,51,52,53" m="16551,57767" machi="47" ten="30,3900,0" yaku="8,1,54,2" doraHai="130" who="1" fromWho="0" sc="20,-39,651,39,185,0,144,0" owari="-19,-52.0,690,79.0,185,-1.0,144,-26.0" /></mjloggm>