<mjloggm ver="2.3"><GO type="169" lobby="0"/><UN n0="%E3%81%8B%E3%81%A5%E3%81%8D%EF%BC%B8%EF%BC%A9" n1="%E3%82%AD%E3%83%B3%E3%82%B0%E3%81%82%E3%81%A4%E3%81%97" n2="%E6%B9%98%E5%8C%97%E2%91%AD%E4%B8%89%E4%BA%95%E5%AF%BF" n3="%E3%83%95%E3%83%84%E3%82%A6%E3%81%AE%E6%81%8B%E3%81%AE%E7%B5%90%E6%9C%AB" dan="17,17,17,17" rate="2111.48,2175.06,2150.04,2184.20" sx="M,M,M,M"/><TAIKYOKU oya="0"/><INIT seed="0,0,0,0,2,121" ten="250,250,250,250" oya="0" hai0="61,56,39,102,126,88,43,13,91,95,117,57,0" hai1="70,128,90,19,5,73,103,71,16,62,99,124,98" hai2="112,107,125,31,115,11,116,37,41,18,130,119,6" hai3="72,76,1,64,82,80,51,55,65,63,108,87,118"/><T34/><D0/><U86/><E73/><V38/><F107/><W58/><G118/><N who="2" m="45097" /><F41/><W105/><G105/><T59/><D34/><U48/><E124/><V7/><F38/><W22/><G1/><T134/><D117/><U120/><E120/><V15/><F37/><W110/><G22/><T10/><D126/><U111/><E128/><V35/><F125/><W53/><G53/><T21/><D21/><U79/><E79/><V135/><F130/><W113/><G113/><N who="2" m="43593" /><F135/><W81/><G65/><T50/><D134/><U24/><E5/><V67/><F67/><W74/><G74/><T100/><D39/><U40/><E40/><V25/><AGARI ba="0,0" hai="6,7,11,15,18,25,31,35" m="43593,45097" machi="25" ten="40,5200,0" yaku="12,1,34,2" doraHai="121" who="2" fromWho="2" sc="250,-26,250,-13,250,52,250,-13" /><INIT seed="1,0,0,0,2,114" ten="224,237,302,237" oya="1" hai0="88,48,97,125,78,105,126,109,36,4,124,90,117" hai1="24,35,81,82,5,113,17,94,15,119,135,1,42" hai2="107,118,68,38,29,121,49,11,9,134,54,18,67" hai3="74,14,6,31,101,62,12,58,44,28,56,37,100"/><U65/><E113/><V102/><F38/><W66/><G74/><T76/><D36/><U33/><E65/><V41/><F41/><W133/><G133/><T50/><D4/><U87/><E135/><V34/><F121/><W13/><G6/><T123/><D123/><U21/><E119/><V128/><F118/><W51/><G37/><T0/><D0/><U104/><E104/><V84/><F84/><W57/><G62/><T52/><D50/><U116/><E116/><V132/><F18/><W8/><G8/><T70/><D70/><U71/><E71/><V61/><F11/><W32/><G66/><T69/><D69/><U45/><E94/><V47/><F9/><W40/><REACH who="3" step="1"/><G32/><REACH who="3" ten="224,237,302,227" step="2"/><T3/><D117/><U19/><E35/><V20/><F20/><W127/><G127/><T25/><D3/><U106/><E33/><V80/><F132/><W95/><G95/><T111/><D105/><U115/><E115/><V30/><F134/><W27/><G27/><T91/><D97/><U131/><E106/><V43/><F34/><W63/><G63/><T22/><D111/><U79/><E1/><V96/><F80/><W46/><G46/><N who="0" m="27671" /><D109/><U83/><E5/><V39/><F128/><W60/><G60/><T59/><D59/><AGARI ba="0,1" hai="29,30,39,43,47,49,54,59,61,67,68,96,102,107" machi="59" ten="30,3900,0" yaku="7,1,24,2" doraHai="114" who="2" fromWho="0" sc="224,-39,237,0,302,49,227,0" /><INIT seed="2,0,0,5,5,66" ten="185,237,351,227" oya="2" hai0="124,115,65,74,84,11,54,28,36,83,52,99,1" hai1="4,97,109,41,100,82,24,117,18,2,131,76,95" hai2="107,31,91,30,37,16,50,120,98,125,128,101,127" hai3="60,46,88,34,38,113,68,134,10,19,80,35,111"/><V0/><F0/><W47/><G111/><T3/><D36/><U104/><E117/><V81/><F37/><W48/><G38/><T85/><D74/><U77/><E109/><V39/><F39/><W86/><G134/><T126/><D115/><U29/><E131/><V79/><F120/><W5/><G113/><T119/><D28/><U70/><E41/><V106/><F106/><W26/><G47/><T45/><D99/><U57/><E18/><V44/><F91/><W58/><G26/><T17/><D65/><U114/><E114/><V22/><F128/><W25/><G25/><T73/><D119/><U20/><E70/><V110/><F110/><W108/><G108/><T112/><D112/><U87/><E4/><V56/><F56/><W21/><G21/><T94/><D94/><U89/><E2/><V129/><F129/><W49/><G49/><T135/><D135/><U75/><E57/><V132/><F132/><W103/><G103/><T122/><D122/><U116/><E116/><V67/><F67/><N who="3" m="41063" /><G58/><T133/><D133/><U55/><E77/><V6/><F6/><W118/><G5/><T64/><D3/><U121/><REACH who="1" step="1"/><E55/><REACH who="1" ten="185,227,351,227" step="2"/><V8/><F79/><W51/><G118/><T78/><D1/><U59/><E59/><V40/><F31/><W63/><G63/><T123/><D54/><U13/><E13/><V9/><F30/><W130/><G130/><T96/><D78/><U93/><E93/><V72/><F40/><N who="3" m="24647" /><G51/><N who="0" m="28783" /><D17/><U23/><E23/><V61/><F22/><W32/><G19/><T12/><D12/><U92/><E92/><N who="2" m="58567" /><F16/><W15/><G15/><RYUUKYOKU ba="0,1" sc="185,-15,227,15,351,-15,227,15" hai1="20,24,29,75,76,82,87,89,95,97,100,104,121" hai3="10,32,34,35,80,86,88" /><INIT seed="3,1,1,5,2,103" ten="170,242,336,242" oya="3" hai0="33,107,122,127,19,15,37,100,31,117,56,108,41" hai1="48,4,10,112,59,12,63,18,46,82,49,85,5" hai2="76,124,95,130,28,111,115,88,99,133,119,110,105" hai3="58,129,93,104,54,6,77,64,24,109,27,13,72"/><W98/><G64/><T21/><D108/><N who="2" m="41514" /><F28/><W7/><G109/><T78/><D117/><U62/><E112/><V57/><F115/><W134/><G134/><T79/><D127/><U69/><E69/><V26/><F26/><W128/><G77/><T67/><D122/><U68/><E68/><V51/><F133/><W17/><G72/><T132/><D132/><U35/><E35/><V55/><F124/><W96/><G27/><T91/><D91/><U36/><E36/><V121/><F121/><W114/><G24/><T32/><D31/><U1/><E49/><V65/><F65/><W34/><G34/><T97/><D33/><U39/><E39/><V47/><F119/><W16/><G114/><T125/><D32/><U23/><E59/><V81/><F57/><W101/><G17/><T83/><D83/><U73/><E73/><N who="2" m="43151" /><F130/><N who="3" m="50283" /><G58/><T75/><D75/><U74/><E5/><V38/><F38/><W135/><G135/><T116/><D116/><U92/><E74/><V52/><F105/><W70/><G70/><T50/><D37/><U44/><E44/><V42/><AGARI ba="1,1" hai="42,47,51,52,55,88,95,99" m="43151,41514" machi="42" ten="30,4000,0" yaku="14,1,54,2" doraHai="103" who="2" fromWho="2" sc="170,-11,242,-11,336,53,242,-21" /><INIT seed="4,0,0,3,1,107" ten="159,231,389,221" oya="0" hai0="38,4,68,80,6,100,18,103,11,3,94,0,13" hai1="111,109,36,102,20,41,84,52,72,130,118,62,44" hai2="121,19,127,90,67,16,75,48,133,129,58,39,112" hai3="57,74,131,14,86,12,69,73,54,27,122,89,114"/><T106/><D68/><U91/><E118/><V71/><F39/><W22/><G69/><T81/><D38/><U110/><E102/><V78/><F121/><W40/><G40/><T108/><D108/><U126/><E72/><V32/><F32/><W124/><G122/><T17/><D106/><U42/><E126/><V43/><F71/><W134/><G124/><T56/><D56/><U66/><E130/><V15/><F129/><W7/><G131/><T10/><REACH who="0" step="1"/><D13/><REACH who="0" ten="149,231,389,221" step="2"/><U53/><E36/><V33/><F58/><W37/><G37/><T8/><D8/><U132/><E109/><V95/><F15/><W98/><G14/><T104/><D104/><U61/><E110/><V34/><F127/><W101/><G12/><T29/><D29/><U115/><E111/><V96/><F19/><W76/><G57/><T31/><D31/><U24/><E132/><V105/><F16/><W65/><G134/><T26/><D26/><U46/><E24/><V128/><F105/><W93/><G27/><T88/><D88/><U83/><E91/><V77/><F90/><W35/><G89/><T85/><D85/><U92/><E84/><V117/><F133/><W21/><G86/><T60/><D60/><U120/><E62/><V113/><F128/><W23/><G101/><T2/><D2/><U87/><E61/><V55/><F78/><W119/><G76/><T125/><D125/><U45/><E87/><V51/><F77/><W25/><G25/><T30/><D30/><U82/><E120/><V50/><F117/><W123/><G119/><T99/><D99/><U70/><E70/><RYUUKYOKU ba="0,1" sc="149,30,231,-10,389,-10,221,-10" hai0="0,3,4,6,10,11,17,18,80,81,94,100,103" /><INIT seed="4,1,1,3,4,3" ten="179,221,379,211" oya="0" hai0="87,43,88,112,99,17,91,12,131,70,6,54,93" hai1="102,130,78,89,58,67,95,7,44,125,115,63,134" hai2="5,128,2,103,79,16,61,64,20,57,116,23,59" hai3="117,82,40,122,29,22,107,24,123,68,83,101,92"/><T26/><D70/><U56/><E125/><V42/><F128/><W74/><G117/><T62/><D112/><U100/><E130/><V18/><F116/><W135/><G107/><T14/><D131/><U48/><E134/><V33/><F33/><W25/><G68/><T60/><D43/><U132/><E132/><V80/><F42/><W90/><G101/><T35/><D35/><U46/><E78/><V73/><F103/><N who="1" m="39465" /><E7/><V75/><F73/><W19/><G40/><T106/><D106/><U110/><E110/><V85/><F75/><W127/><G127/><T118/><D118/><U4/><E4/><V76/><F79/><W104/><G104/><T38/><D38/><U10/><E10/><V69/><F69/><W53/><G53/><T66/><D66/><U133/><E115/><V52/><F5/><W1/><G1/><T8/><D54/><N who="1" m="32071" /><E133/><V0/><F2/><W34/><G135/><T37/><D37/><U21/><E21/><N who="2" m="8267" /><F0/><W98/><REACH who="3" step="1"/><G74/><REACH who="3" ten="179,221,379,201" step="2"/><T108/><D108/><U121/><E121/><AGARI ba="1,2" hai="19,22,24,25,29,34,82,83,90,92,98,121,122,123" machi="121" ten="40,5200,0" yaku="1,1,2,1,13,1,53,0" doraHai="3" doraHaiUra="109" who="3" fromWho="1" sc="179,0,221,-55,379,0,201,75" /><INIT seed="5,0,0,4,0,52" ten="179,166,379,276" oya="1" hai0="133,75,1,17,81,48,76,93,95,58,30,69,110" hai1="131,47,62,113,79,116,43,127,86,9,67,115,41" hai2="36,92,46,123,124,134,56,40,32,85,97,118,14" hai3="63,20,19,106,65,16,26,94,44,78,33,73,28"/><U22/><E116/><V80/><F32/><W12/><G106/><T6/><D69/><U38/><E127/><V88/><F123/><W114/><G114/><N who="1" m="43530" /><E131/><V25/><F124/><W89/><G44/><T10/><D30/><U125/><E125/><V98/><F134/><W2/><G2/><T66/><D110/><U71/><E43/><V82/><F118/><W27/><G73/><T50/><D133/><U54/><E22/><V103/><F25/><W108/><G78/><T68/><D68/><U45/><E9/><V8/><F56/><W57/><G108/><T122/><D122/><U34/><E34/><V59/><F59/><W83/><G83/><T7/><D7/><U126/><E126/><V104/><F97/><W23/><G94/><T107/><D107/><U53/><E45/><V99/><F98/><W37/><G89/><T135/><D135/><U4/><E4/><AGARI ba="0,0" hai="4,8,14,36,40,46,80,82,85,88,92,99,103,104" machi="4" ten="30,2000,0" yaku="7,1,54,1" doraHai="52" who="2" fromWho="1" sc="179,0,166,-20,379,20,276,0" /><INIT seed="6,0,0,4,0,87" ten="179,146,399,276" oya="2" hai0="59,19,133,16,45,111,130,10,27,20,11,120,84" hai1="109,121,119,43,48,75,5,68,24,35,89,41,3" hai2="108,71,118,106,17,93,66,77,55,103,36,8,131" hai3="113,132,127,79,18,21,57,53,104,56,38,105,26"/><V107/><F36/><W34/><G38/><T76/><D120/><U32/><E109/><V67/><F77/><W110/><G110/><T25/><D111/><U40/><E119/><V28/><F118/><W61/><G127/><T123/><D123/><U92/><E121/><V98/><F131/><W114/><G132/><T49/><D130/><U12/><E68/><V117/><F117/><W50/><G79/><T97/><D59/><U94/><E75/><V64/><F71/><W80/><G80/><N who="0" m="47111" /><D97/><U73/><E73/><V65/><F108/><W88/><G34/><T112/><D112/><N who="3" m="43113" /><G88/><T7/><D7/><U86/><E3/><V74/><F74/><W85/><G85/><T58/><D58/><U6/><E94/><V51/><F107/><W78/><G78/><T37/><D37/><U39/><E39/><V69/><F106/><W122/><G122/><T42/><D133/><U101/><E101/><V54/><F69/><W63/><G63/><T47/><D47/><U62/><E62/><V60/><F28/><W96/><G96/><T82/><D82/><U14/><E48/><V44/><F60/><W0/><G0/><T91/><D91/><U70/><E70/><V33/><F33/><W29/><G29/><T116/><D116/><U126/><E126/><V1/><F1/><W100/><G100/><T13/><D11/><U2/><E2/><V125/><F125/><W15/><G105/><T72/><D72/><U83/><E83/><V30/><F30/><W31/><G104/><T135/><D135/><U128/><E128/><V22/><N who="2" m="16384" /><DORA hai="52" /><V99/><F103/><RYUUKYOKU ba="0,0" sc="179,30,146,-10,399,-10,276,-10" hai0="10,13,16,19,20,25,27,42,45,49" /><INIT seed="7,1,0,4,5,41" ten="209,136,389,266" oya="3" hai0="61,87,107,64,35,13,14,79,122,65,33,34,132" hai1="27,70,62,88,121,6,45,54,111,104,47,53,51" hai2="5,71,37,0,28,116,68,29,119,125,76,100,52" hai3="38,105,50,25,127,20,129,135,91,126,130,73,101"/><W11/><G38/><T12/><D122/><U48/><E111/><V49/><F37/><W8/><G73/><T92/><D107/><U117/><E121/><V1/><F100/><W98/><G91/><T90/><D132/><U36/><E104/><V44/><F76/><W40/><G135/><T114/><D114/><U59/><E6/><V60/><F125/><N who="3" m="47627" /><G40/><T97/><D61/><U95/><E70/><V123/><F123/><W69/><G50/><T42/><D42/><N who="1" m="24695" /><E36/><V18/><F71/><W10/><G69/><T58/><D58/><U112/><E112/><V93/><F60/><W115/><G115/><T102/><D79/><U55/><E117/><V89/><F68/><W9/><N who="3" m="2048" /><DORA hai="39" /><W131/><G131/><T26/><D26/><U83/><E27/><V106/><F5/><W3/><G3/><T99/><REACH who="0" step="1"/><D102/><REACH who="0" ten="199,136,389,266" step="2"/><U67/><E83/><V77/><F77/><W84/><G25/><T21/><D21/><U46/><E46/><V96/><F116/><W82/><G20/><T110/><D110/><U17/><E17/><V124/><F18/><W19/><G19/><T86/><D86/><AGARI ba="1,1" hai="45,51,53,54,55,59,62,67,86,88,95" m="24695" machi="86" ten="30,8000,1" yaku="8,1,52,3,54,1" doraHai="41,39" who="1" fromWho="0" sc="199,-83,136,93,389,0,266,0" owari="116,-38.0,229,-17.0,389,48.0,266,7.0" /></mjloggm>