<mjloggm ver="2.3"><GO type="169" lobby="0"/><UN n0="%E3%81%8B%E3%81%A5%E3%81%8D%EF%BC%B8%EF%BC%A9" n1="%E3%81%BF%E3%81%88%E3%83%8D%E3%82%B3" n2="%6B%75%72%6F%6D%61" n3="%E3%81%82%E3%82%93%E3%81%A7%E3%81%83" dan="17,16,17,17" rate="2111.80,2106.69,2163.82,2148.68" sx="M,M,F,F"/><TAIKYOKU oya="0"/><INIT seed="0,0,0,3,5,87" ten="250,250,250,250" oya="0" hai0="103,102,132,54,76,131,72,67,122,46,41,94,74" hai1="83,124,82,125,127,55,101,56,38,120,44,37,121" hai2="126,80,107,109,0,114,95,117,98,86,31,89,96" hai3="42,4,61,75,5,19,90,104,13,78,81,111,59"/><T6/><D122/><U99/><E121/><V20/><F114/><W119/><G119/><T23/><D131/><U35/><E35/><V100/><F0/><W62/><G104/><T30/><D132/><U85/><E120/><V133/><F31/><W97/><G42/><T70/><D54/><U49/><E44/><V91/><F20/><W93/><G111/><T118/><D6/><U58/><E58/><V77/><F133/><W88/><G90/><N who="2" m="34313" /><F109/><W28/><G28/><T48/><D76/><N who="1" m="46279" /><E83/><V71/><F71/><W116/><G116/><T65/><D118/><U112/><E112/><V134/><F134/><W40/><G40/><T60/><D67/><U15/><E15/><V34/><F117/><W115/><G115/><T17/><D30/><U8/><E8/><V52/><F52/><W27/><G27/><T53/><D53/><U45/><E45/><V32/><F34/><W66/><REACH who="3" step="1"/><G62/><REACH who="3" ten="250,250,250,240" step="2"/><T92/><D60/><U79/><E79/><V50/><F32/><W22/><AGARI ba="0,1" hai="4,5,13,19,22,59,61,66,75,78,81,88,93,97" machi="22" ten="20,12000,2" yaku="1,1,2,1,0,1,7,1,52,1,54,1,53,0" doraHai="87" doraHaiUra="135" who="3" fromWho="3" sc="250,-60,250,-30,250,-30,240,130" /><INIT seed="1,0,0,0,5,41" ten="190,220,220,370" oya="1" hai0="35,38,30,59,25,90,15,42,13,55,118,102,9" hai1="8,66,73,49,85,130,43,51,10,96,89,93,74" hai2="64,100,14,22,98,99,76,3,109,95,21,134,83" hai3="127,77,4,27,57,117,18,103,131,113,88,116,120"/><U79/><E130/><V61/><F3/><W20/><G120/><T63/><D118/><U62/><E74/><V135/><F109/><W32/><G131/><T36/><D15/><U2/><E73/><V29/><F99/><W122/><G122/><T44/><D102/><U34/><E34/><V125/><F125/><W115/><G127/><T5/><REACH who="0" step="1"/><D90/><REACH who="0" ten="180,220,220,370" step="2"/><U50/><E2/><V123/><F123/><W40/><G103/><T104/><D104/><U129/><E129/><V72/><F14/><W94/><G88/><T46/><D46/><U86/><E43/><V68/><REACH who="2" step="1"/><F29/><REACH who="2" ten="180,220,210,370" step="2"/><W70/><G116/><T56/><D56/><N who="1" m="37191" /><E79/><V92/><F92/><W28/><G94/><T114/><D114/><U105/><E105/><V101/><F101/><W75/><G77/><T87/><D87/><AGARI ba="0,2" hai="8,10,49,50,51,85,86,87,89,93,96" m="37191" machi="87" ten="30,1500,0" yaku="8,1" doraHai="41" who="1" fromWho="0" sc="180,-15,220,35,210,0,370,0" /><INIT seed="1,1,0,0,1,131" ten="165,255,210,370" oya="1" hai0="91,10,44,25,64,46,122,63,114,80,18,104,129" hai1="47,9,3,59,53,112,102,73,127,54,67,74,24" hai2="42,12,79,27,135,2,66,132,76,124,115,87,31" hai3="30,99,7,61,49,105,100,62,21,70,13,6,107"/><U134/><E112/><V56/><F2/><W23/><G70/><T119/><D104/><U78/><E127/><V16/><F42/><W126/><G126/><T65/><D114/><U41/><E102/><V120/><F120/><W14/><G30/><T108/><D119/><U95/><E95/><V103/><F124/><W17/><G49/><T15/><D108/><U20/><E3/><V55/><F66/><W34/><G34/><T37/><D129/><U68/><E9/><V72/><F72/><W38/><G38/><T110/><D110/><U96/><E96/><V39/><F39/><W35/><G35/><T43/><D122/><U82/><E74/><V75/><F75/><W22/><G22/><T28/><D44/><U133/><E68/><V111/><F103/><W51/><G51/><T33/><D63/><U94/><E94/><V85/><F115/><W45/><G45/><T4/><D80/><U92/><E92/><V36/><F36/><W90/><G90/><T97/><D97/><U123/><E123/><V101/><F101/><W118/><G118/><T19/><D91/><U0/><E0/><V128/><F111/><W29/><G100/><T81/><D81/><U5/><E5/><V71/><F71/><W88/><G99/><T98/><D98/><U117/><E117/><V109/><F109/><W60/><G105/><T106/><REACH who="0" step="1"/><D106/><REACH who="0" ten="155,255,210,370" step="2"/><U26/><E82/><N who="2" m="47303" /><F128/><W40/><G107/><T89/><D89/><U58/><E47/><V1/><F79/><W125/><G88/><T11/><D11/><U86/><E78/><V57/><F87/><W113/><G113/><RYUUKYOKU ba="1,1" sc="155,30,255,-10,210,-10,370,-10" hai0="4,10,15,18,19,25,28,33,37,43,46,64,65" /><INIT seed="2,2,1,5,4,82" ten="185,245,200,360" oya="2" hai0="11,81,4,121,75,112,3,60,40,122,66,92,104" hai1="56,131,133,42,39,63,61,101,45,97,120,48,113" hai2="108,73,74,98,99,102,59,89,94,127,107,114,65" hai3="37,12,78,8,24,62,25,31,103,32,118,125,58"/><V10/><F114/><W0/><G125/><T88/><D104/><U105/><E113/><V129/><F127/><W6/><G37/><T21/><D112/><U9/><E131/><V124/><F124/><W135/><G135/><T53/><D40/><U23/><E133/><V117/><F117/><W69/><G118/><T18/><D53/><U17/><E120/><V110/><F129/><W13/><G69/><T52/><D81/><U77/><E9/><V123/><F123/><W79/><G25/><T46/><D75/><N who="2" m="28682" /><F10/><W87/><G103/><T72/><D72/><U96/><E77/><V70/><F59/><W33/><G33/><T134/><D134/><U27/><E97/><N who="2" m="61903" /><F65/><W83/><G79/><T100/><D100/><U84/><E39/><V34/><F34/><W19/><G19/><T126/><D66/><AGARI ba="2,1" hai="0,6,8,12,13,24,31,32,58,62,66,78,83,87" machi="66" ten="30,2000,0" yaku="7,1,52,1" doraHai="82" who="3" fromWho="0" sc="185,-26,245,0,200,0,360,36" /><INIT seed="3,0,0,2,4,90" ten="159,245,200,396" oya="3" hai0="70,94,50,126,52,4,96,11,20,99,62,13,135" hai1="41,128,124,42,29,115,43,100,69,125,19,12,23" hai2="82,109,33,31,73,98,57,102,36,30,3,66,7" hai3="14,1,65,51,5,117,56,91,131,71,80,133,134"/><W17/><G117/><T28/><D135/><U95/><E115/><V15/><F36/><W44/><G71/><T35/><D126/><N who="1" m="48747" /><E128/><V93/><F3/><W37/><G131/><T25/><D99/><N who="1" m="59519" /><E29/><V2/><F2/><W75/><G5/><T119/><D119/><U59/><E59/><V108/><F82/><W47/><G1/><T130/><D130/><U107/><E69/><V38/><F73/><W10/><G37/><T86/><D86/><U118/><E118/><V9/><F38/><W74/><G47/><T49/><D70/><U132/><E107/><V122/><F122/><W0/><G0/><T34/><D62/><U79/><E79/><V16/><F7/><W24/><G56/><T26/><D50/><U8/><E8/><V78/><F78/><W6/><G65/><T104/><D104/><U85/><E85/><V27/><REACH who="2" step="1"/><F31/><REACH who="2" ten="159,245,190,396" step="2"/><W22/><G133/><AGARI ba="0,1" hai="12,19,23,41,42,43,132,133" m="59519,48747" machi="133" ten="40,2600,0" yaku="18,1,52,1" doraHai="90" who="1" fromWho="3" sc="159,0,245,36,190,0,396,-26" /><INIT seed="4,0,0,0,0,95" ten="159,281,190,370" oya="0" hai0="24,62,30,54,10,125,118,84,51,61,86,135,0" hai1="73,71,115,43,83,106,36,29,98,109,19,48,87" hai2="100,77,1,18,88,68,69,45,21,122,123,6,126" hai3="35,96,70,26,34,3,92,47,132,110,8,75,97"/><T37/><D37/><U22/><E109/><V89/><F126/><W56/><G70/><T130/><D118/><U117/><E117/><V9/><F69/><W78/><G110/><T23/><D125/><U31/><E71/><V7/><F68/><W76/><G47/><T101/><D130/><U11/><E36/><V128/><F128/><W134/><G56/><T14/><D135/><N who="3" m="51753" /><G26/><T50/><D0/><U91/><E11/><V32/><F32/><N who="3" m="12331" /><G92/><T46/><D101/><U55/><E43/><V111/><F111/><W119/><G119/><T79/><D51/><U107/><E115/><V25/><F45/><W49/><G49/><T60/><REACH who="0" step="1"/><D79/><REACH who="0" ten="149,281,190,370" step="2"/><N who="3" m="30249" /><G75/><T66/><D66/><U74/><E74/><V20/><F77/><W80/><G80/><T13/><D13/><U124/><E73/><V52/><F1/><W15/><G3/><T82/><D82/><U41/><E124/><V42/><F89/><W33/><G33/><T121/><D121/><U40/><E83/><V57/><F123/><W53/><G53/><T108/><D108/><U102/><E55/><V104/><F122/><W114/><G114/><T94/><D94/><N who="1" m="54655" /><E48/><V93/><F88/><W131/><G131/><T58/><D58/><U72/><E72/><V90/><F52/><W113/><G113/><T38/><D38/><U39/><E39/><V17/><F57/><W103/><G103/><T129/><D129/><U2/><E2/><V127/><F127/><W28/><G28/><T67/><D67/><U85/><E31/><V112/><F100/><W4/><AGARI ba="0,1" hai="4,8,15,96,97" m="30249,12331,51753" machi="4" ten="40,5200,0" yaku="20,1,52,2" doraHai="95" who="3" fromWho="3" sc="149,-26,281,-13,190,-13,370,62" /><INIT seed="5,0,0,5,3,127" ten="123,268,177,432" oya="1" hai0="0,3,40,101,133,130,80,17,39,48,73,23,31" hai1="116,64,37,35,98,85,22,65,10,47,49,50,66" hai2="7,59,106,120,41,91,57,82,13,113,67,72,92" hai3="103,124,132,118,86,95,121,43,71,122,74,99,9"/><U88/><E116/><V28/><F106/><W42/><G74/><T112/><D39/><U24/><E35/><V83/><F120/><W14/><G124/><T129/><D112/><U134/><E134/><V29/><F41/><W45/><G71/><T6/><D31/><U1/><E98/><V16/><F7/><W76/><G132/><T108/><D101/><U15/><E1/><V60/><F59/><W78/><G118/><T55/><D40/><U32/><E32/><V135/><F113/><W18/><G43/><T12/><D108/><U123/><E123/><V97/><F135/><W21/><G21/><T53/><D53/><U8/><E37/><V102/><F72/><W94/><G78/><N who="0" m="44111" /><D6/><N who="1" m="3479" /><E10/><V44/><F44/><W96/><G121/><T63/><D63/><U105/><E47/><V25/><F91/><W128/><G99/><T11/><D11/><U27/><E105/><V52/><F67/><W87/><G45/><N who="0" m="28047" /><D133/><U100/><E100/><V104/><F104/><W131/><G9/><T107/><D107/><U19/><E27/><V114/><F114/><W75/><G103/><T119/><D119/><U62/><E62/><V125/><F125/><W69/><G122/><T115/><D115/><U26/><E26/><V110/><F110/><W61/><G61/><T70/><D70/><U4/><E4/><V46/><F46/><W56/><G69/><T33/><D33/><U77/><E77/><V93/><F25/><W126/><G76/><T30/><D30/><N who="2" m="11882" /><F93/><AGARI ba="0,0" hai="19,22,24,49,50,64,65,66,85,88,93" m="3479" machi="93" ten="30,2900,0" yaku="8,1,54,1" doraHai="127" who="1" fromWho="2" sc="123,0,268,29,177,-29,432,0" /><INIT seed="5,1,0,0,2,27" ten="123,297,148,432" oya="1" hai0="92,80,64,47,8,13,85,24,102,49,82,62,36" hai1="67,19,100,81,132,40,95,128,37,7,118,123,50" hai2="73,75,135,52,98,21,22,105,126,129,89,101,31" hai3="9,4,61,103,10,18,59,41,87,0,119,131,110"/><U107/><E123/><V68/><F68/><W2/><G110/><T30/><D36/><U6/><E118/><V134/><F126/><W108/><G108/><T48/><D102/><U56/><E107/><V91/><F129/><W93/><G131/><T5/><D92/><U106/><E106/><V96/><F105/><W25/><G119/><T125/><D125/><U28/><E128/><V44/><F44/><W74/><G74/><T104/><D104/><U51/><E37/><V29/><F52/><W79/><G41/><T42/><D48/><U77/><E19/><V78/><F78/><W38/><G38/><T23/><REACH who="0" step="1"/><D85/><REACH who="0" ten="113,297,148,432" step="2"/><U127/><E100/><AGARI ba="1,1" hai="21,22,29,31,73,75,89,91,96,98,100,101,134,135" machi="100" ten="25,6400,0" yaku="22,2,52,2" doraHai="27" who="2" fromWho="1" sc="113,0,297,-67,148,77,432,0" /><INIT seed="6,0,0,1,3,91" ten="113,230,225,432" oya="2" hai0="7,51,25,126,70,112,78,23,63,118,98,67,1" hai1="68,21,37,102,39,11,66,123,89,41,59,122,87" hai2="12,54,108,57,95,117,27,15,92,52,75,127,116" hai3="0,106,76,64,33,103,115,125,72,130,3,124,69"/><V34/><F75/><W114/><G130/><T32/><D112/><N who="3" m="43049" /><G33/><T80/><D118/><U79/><E68/><V17/><F127/><N who="3" m="48715" /><G103/><T48/><D126/><U73/><E102/><V40/><F40/><W44/><G106/><T13/><D32/><U110/><E11/><N who="2" m="6303" /><F34/><W113/><G113/><T71/><D71/><U28/><E41/><V35/><F35/><W45/><G44/><T30/><D1/><U10/><E123/><V55/><F116/><W132/><G45/><T36/><D36/><U9/><E37/><V121/><F121/><W61/><G132/><T62/><D62/><U119/><E39/><V2/><F2/><W128/><G128/><T14/><D7/><U16/><E119/><V22/><F15/><W47/><G47/><T81/><D14/><U105/><E105/><V77/><F117/><W53/><G53/><N who="2" m="20585" /><F77/><W4/><G4/><T133/><D13/><U29/><E79/><V100/><F100/><W50/><G50/><T86/><D133/><U109/><E122/><V20/><F108/><W42/><G42/><T97/><D48/><U46/><E46/><V134/><F134/><W120/><G120/><T84/><REACH who="0" step="1"/><D51/><REACH who="0" ten="103,230,225,432" step="2"/><U99/><E110/><V90/><F27/><W107/><G3/><T131/><D131/><U38/><E109/><V5/><F5/><W104/><G0/><T101/><D101/><U83/><E38/><V49/><F90/><AGARI ba="0,1" hai="23,25,30,63,67,70,78,80,81,84,86,90,97,98" machi="90" ten="30,2000,0" yaku="1,1,7,1,53,0" doraHai="91" doraHaiUra="31" who="0" fromWho="2" sc="103,30,230,0,225,-20,432,0" /><INIT seed="7,0,0,0,0,69" ten="133,230,205,432" oya="3" hai0="11,129,108,29,106,49,99,123,124,34,113,40,45" hai1="61,48,91,70,55,97,64,132,59,88,80,31,102" hai2="92,23,33,119,26,117,12,75,21,90,67,122,94" hai3="100,110,131,0,44,6,22,118,58,28,109,126,107"/><W35/><G35/><T60/><D108/><U8/><E132/><V47/><F75/><W74/><G58/><T71/><D123/><U50/><E31/><V57/><F33/><W101/><G22/><T115/><D124/><U81/><E50/><V20/><F122/><W86/><G44/><T62/><D129/><U93/><E8/><V135/><F135/><W52/><G52/><N who="0" m="29743" /><D11/><U14/><E14/><V37/><F94/><W27/><G86/><T24/><D40/><U76/><E81/><V25/><F12/><W4/><G101/><N who="0" m="62783" /><D71/><U96/><E96/><V13/><F13/><W51/><G100/><T127/><D127/><U3/><E3/><V79/><F79/><W1/><G27/><N who="2" m="10249" /><F23/><W41/><G28/><T53/><D53/><U112/><E112/><N who="0" m="43081" /><D62/><U5/><E5/><V82/><F119/><W128/><G51/><T77/><D60/><U134/><E134/><V125/><F117/><W73/><G118/><T83/><D83/><U17/><E17/><V38/><F82/><W65/><G41/><T104/><D77/><U84/><AGARI ba="0,0" hai="48,55,59,61,64,70,76,80,84,88,91,93,97,102" machi="84" ten="20,2700,0" yaku="0,1,7,1,54,1" doraHai="69" who="1" fromWho="1" sc="133,-7,230,27,205,-7,432,-13" owari="126,-37.0,257,6.0,198,-20.0,419,51.0" /></mjloggm>