<mjloggm ver="2.3"><GO type="225" lobby="0"/><UN n0="%E4%B8%89%E5%86%A0%E7%8E%8B%E3%83%BB%E5%B1%B1%E7%94%B0%E5%93%B2%E4%BA%BA" n1="%E3%83%81%E3%83%BC%E3%83%88%E3%82%A4%E7%9F%AD%E6%9C%9F%E5%A4%A7%E5%AD%A6" n2="%E9%89%84%E5%BC%B7%E3%83%A2%E3%83%92%E3%83%BC%E3%83%8C%E4%B8%83%E6%AE%B5" n3="%E5%B7%A5%E8%97%A4%E6%96%B0%E4%B8%80" dan="17,16,18,16" rate="2221.80,2140.42,2237.80,2110.32" sx="M,M,F,M"/><TAIKYOKU oya="0"/><INIT seed="0,0,0,1,5,104" ten="250,250,250,250" oya="0" hai0="100,55,114,125,9,19,102,37,20,122,48,42,117" hai1="4,82,98,59,123,18,110,2,66,60,23,56,21" hai2="133,108,76,91,44,54,131,92,35,120,45,40,52" hai3="11,81,22,77,95,12,85,94,90,8,70,79,63"/><T62/><D114/><U24/><E123/><V118/><F120/><W101/><G70/><T39/><D122/><U72/><E110/><V25/><F108/><W16/><G63/><T75/><D117/><U10/><E98/><V13/><F133/><W89/><G101/><N who="0" m="39019" /><D75/><U6/><E6/><V107/><F107/><W46/><G46/><N who="0" m="25687" /><D39/><U0/><E21/><V93/><F76/><W17/><G17/><T119/><D37/><U115/><E115/><V127/><F127/><W71/><G71/><T49/><D119/><U65/><E2/><V26/><F131/><W124/><G124/><T30/><D125/><U14/><E0/><V88/><F13/><W68/><G68/><T61/><D30/><U134/><E134/><V87/><F118/><W7/><G7/><T15/><D9/><N who="3" m="3657" /><G95/><T28/><D28/><U105/><E105/><V33/><F87/><AGARI ba="0,0" hai="12,16,22,77,79,81,85,87,89,90,94" m="3657" machi="87" ten="30,2000,0" yaku="8,1,54,1" doraHai="104" who="3" fromWho="2" sc="250,0,250,0,250,-20,250,20" /><INIT seed="1,0,0,0,4,44" ten="250,250,230,270" oya="1" hai0="27,64,11,47,55,104,12,56,110,42,127,86,134" hai1="3,46,94,63,75,58,7,36,51,70,82,91,35" hai2="96,16,117,24,28,105,100,118,76,5,25,85,122" hai3="106,68,60,52,88,29,53,102,41,59,26,98,2"/><U62/><E35/><V84/><F122/><W135/><G135/><T116/><D104/><U132/><E132/><V43/><F5/><W1/><G41/><T48/><D134/><U8/><E70/><V107/><F107/><W73/><G73/><T115/><D115/><U18/><E18/><V9/><F43/><W61/><G88/><T20/><D110/><U119/><E119/><V92/><F85/><W78/><G78/><T114/><D127/><U103/><E103/><V130/><F130/><W15/><G15/><T120/><D120/><U72/><E36/><V90/><F76/><W101/><G101/><T40/><D114/><U22/><E22/><V54/><F54/><W81/><G81/><T10/><D116/><U21/><E21/><V39/><F39/><W126/><G126/><T93/><D64/><U80/><E75/><V13/><REACH who="2" step="1"/><F25/><REACH who="2" ten="250,250,220,270" step="2"/><W121/><G121/><T77/><D42/><U69/><E72/><V34/><AGARI ba="0,1" hai="9,13,16,24,28,34,84,90,92,96,100,105,117,118" machi="34" ten="20,12000,2" yaku="1,1,2,1,0,1,7,1,54,1,53,1" doraHai="44" doraHaiUra="87" who="2" fromWho="2" sc="250,-30,250,-60,220,130,270,-30" /><INIT seed="2,0,0,4,4,97" ten="220,190,350,240" oya="2" hai0="43,126,72,83,58,3,119,115,94,116,60,21,102" hai1="1,13,70,118,74,77,5,79,113,33,133,78,48" hai2="87,121,92,68,49,38,122,15,42,117,124,4,47" hai3="44,51,27,130,6,127,73,23,35,69,11,100,52"/><V8/><F117/><N who="0" m="45130" /><D3/><U91/><E118/><V135/><F135/><W18/><G130/><T64/><D115/><U108/><E113/><V85/><F68/><W50/><G127/><T41/><D126/><U128/><E70/><V53/><F124/><W59/><G69/><T99/><D21/><U120/><E33/><V104/><F104/><W134/><G134/><T22/><D22/><U56/><E1/><V25/><F25/><W103/><G73/><T36/><D36/><U37/><E37/><V96/><F122/><W34/><G34/><T84/><D72/><U132/><E74/><V82/><F82/><W75/><G35/><T81/><D83/><U111/><E120/><V109/><F109/><W55/><REACH who="3" step="1"/><G75/><REACH who="3" ten="220,190,350,230" step="2"/><T32/><D32/><U24/><E132/><V31/><F121/><W131/><G131/><T10/><D10/><U63/><E128/><V95/><F8/><W9/><G9/><T71/><D71/><U62/><E133/><V101/><F4/><W7/><G7/><T12/><D12/><AGARI ba="0,1" hai="6,11,12,18,23,27,44,50,51,52,55,59,100,103" machi="12" ten="30,12000,2" yaku="1,1,7,1,8,1,52,2,54,1,53,0" doraHai="97" doraHaiUra="110" who="3" fromWho="0" sc="220,-120,190,0,350,0,230,130" /><INIT seed="3,0,0,2,5,20" ten="100,190,350,360" oya="3" hai0="106,40,128,115,85,83,116,15,22,16,66,81,3" hai1="112,41,90,48,86,92,102,100,35,129,69,82,25" hai2="28,23,71,21,60,80,67,130,70,33,131,127,47" hai3="89,46,111,97,56,121,0,55,62,4,43,124,96"/><W58/><G124/><T64/><D116/><U117/><E112/><V12/><F127/><W109/><G121/><T49/><D115/><U63/><E129/><N who="2" m="49163" /><F71/><W110/><G89/><T5/><D106/><U36/><E36/><V38/><F80/><W17/><G17/><T87/><D3/><U99/><E117/><V24/><F12/><W61/><G4/><T29/><D128/><U7/><E7/><V39/><F39/><N who="3" m="21887" /><G0/><T72/><D72/><U132/><E132/><V78/><F78/><W18/><G18/><T2/><D2/><U73/><E73/><V53/><F53/><AGARI ba="0,0" hai="53,55,56,58,61,62,96,97,109,110,111" m="21887" machi="53" ten="30,2900,0" yaku="14,1,10,1" doraHai="20" who="3" fromWho="2" sc="100,0,190,0,350,-29,360,29" owari="100,-40.0,190,-21.0,321,12.0,389,49.0" /></mjloggm>