<mjloggm ver="2.3"><GO type="169" lobby="0"/><UN n0="%EF%BC%91%EF%BC%90%E9%80%A3%E3%82%AC%E3%83%81%E3%83%A3" n1="%E9%BA%BB%E9%9B%80%E7%A0%94%E7%A9%B6%E9%83%A8" n2="%E3%81%8A%E3%81%84%E3%81%AE%E3%82%8A" n3="%E3%81%82%E3%82%84%E3%81%AA%E3%81%97" dan="16,16,16,16" rate="2069.37,2152.15,2131.21,2135.87" sx="M,F,M,F"/><TAIKYOKU oya="0"/><INIT seed="0,0,0,3,1,101" ten="250,250,250,250" oya="0" hai0="105,58,97,61,50,22,118,116,1,56,39,88,40" hai1="25,84,52,42,10,9,112,21,45,133,87,12,63" hai2="54,103,64,34,53,60,14,120,2,51,79,107,77" hai3="129,108,5,71,27,99,90,83,26,41,0,72,19"/><T102/><D1/><U80/><E133/><V81/><F120/><W66/><G108/><T65/><D22/><U70/><E112/><V29/><F2/><W23/><G129/><T7/><D7/><U3/><E3/><V16/><F34/><W48/><G71/><T131/><D131/><U59/><E70/><V127/><F29/><W111/><G66/><T8/><D8/><U125/><E125/><V69/><F127/><W18/><G111/><T13/><D13/><U36/><E12/><V128/><F128/><W86/><G72/><T113/><D113/><U119/><E119/><V57/><F54/><W4/><G0/><T91/><D39/><U130/><E84/><V37/><F37/><W31/><G99/><T46/><REACH who="0" step="1"/><D58/><REACH who="0" ten="240,250,250,250" step="2"/><U49/><E36/><V110/><F110/><W30/><G5/><T132/><D132/><U104/><E130/><V33/><F33/><W76/><G4/><T73/><D73/><U38/><E38/><V135/><F135/><W44/><REACH who="3" step="1"/><G76/><REACH who="3" ten="240,250,250,240" step="2"/><T6/><D6/><U109/><E109/><V89/><F77/><W24/><G24/><T35/><D35/><AGARI ba="0,2" hai="18,19,23,26,27,30,31,35,41,44,48,83,86,90" machi="35" ten="30,2000,0" yaku="1,1,7,1,53,0" doraHai="101" doraHaiUra="100" who="3" fromWho="0" sc="240,-20,250,0,250,0,240,40" /><INIT seed="1,0,0,1,2,126" ten="220,250,250,280" oya="1" hai0="98,123,22,18,99,52,75,96,33,104,61,54,77" hai1="117,2,133,35,47,129,87,115,63,121,55,56,101" hai2="17,68,41,34,90,92,43,94,26,65,5,125,74" hai3="28,11,60,122,95,80,124,108,1,38,44,128,13"/><U46/><E121/><V36/><F125/><W67/><G122/><T91/><D33/><U82/><E117/><V85/><F74/><W134/><G124/><T51/><D104/><U93/><E115/><V42/><F36/><W21/><G1/><T130/><D130/><U135/><E35/><V62/><F5/><W70/><G108/><T72/><D77/><U66/><E2/><V40/><N who="2" m="10240" /><DORA hai="110" /><V24/><F34/><W37/><G44/><T49/><D61/><U10/><E10/><V32/><F32/><W97/><G80/><T9/><D9/><U25/><E25/><V4/><F4/><W16/><G134/><T7/><D7/><U71/><E129/><V120/><F120/><W132/><G132/><N who="1" m="50762" /><E93/><V81/><REACH who="2" step="1"/><F26/><REACH who="2" ten="220,250,240,280" step="2"/><W69/><G128/><T88/><D75/><U58/><E71/><V6/><F6/><W76/><G70/><T118/><D72/><U106/><E106/><V84/><F84/><W119/><G119/><T103/><D118/><U113/><E113/><V48/><F48/><N who="0" m="18506" /><D123/><U59/><E87/><V89/><F89/><N who="0" m="34378" /><D103/><U27/><E101/><V100/><F100/><N who="3" m="60479" /><G76/><T131/><D131/><U73/><E73/><V30/><F30/><W23/><G28/><T78/><D78/><U19/><E19/><V86/><F86/><W109/><G109/><T127/><D127/><U64/><E82/><V14/><F14/><AGARI ba="0,1" hai="14,18,22,52,54,96,98,99" m="34378,18506" machi="14" ten="30,3900,0" yaku="8,1,54,2" doraHai="126,110" who="0" fromWho="2" sc="220,49,250,0,240,-39,280,0" /><INIT seed="2,0,0,4,2,68" ten="269,250,201,280" oya="2" hai0="71,15,7,26,27,60,50,102,14,46,25,134,19" hai1="89,45,124,69,127,99,110,79,126,105,128,29,9" hai2="62,106,109,48,42,90,11,91,81,51,119,113,10" hai3="13,21,22,87,116,40,131,72,85,78,92,17,39"/><V44/><F113/><W104/><G104/><T6/><D102/><U5/><E128/><V132/><F119/><W122/><G122/><T24/><D71/><U28/><E110/><V33/><F33/><W23/><G116/><T115/><D60/><U18/><E69/><V76/><F132/><W77/><G131/><T84/><D134/><U16/><E79/><V101/><F109/><W125/><G125/><T20/><D115/><U47/><E89/><V2/><F62/><W65/><G65/><T31/><D84/><U30/><E99/><V95/><F106/><W135/><G135/><T120/><D120/><U4/><E105/><V58/><F101/><W121/><G121/><T103/><D103/><U57/><E57/><V38/><F58/><W59/><G59/><T34/><D50/><U123/><E9/><V41/><F41/><W114/><G114/><T64/><D64/><U12/><E12/><V32/><F32/><W88/><G72/><T43/><D46/><N who="1" m="17419" /><E123/><V80/><F80/><N who="3" m="47247" /><G39/><T118/><D43/><U98/><E98/><V74/><F11/><N who="3" m="6335" /><G40/><T83/><D83/><U73/><E73/><V35/><F35/><W63/><G78/><T52/><D118/><U37/><E37/><V108/><F108/><W70/><G70/><T53/><D34/><U112/><E112/><V107/><F107/><W133/><G133/><T3/><D3/><U129/><E129/><V67/><F67/><W75/><G75/><T49/><D31/><U61/><E61/><AGARI ba="0,0" hai="21,22,23,61,63,87,88,92" m="6335,47247" machi="61" ten="30,2000,0" yaku="8,1,54,1" doraHai="68" who="3" fromWho="1" sc="269,0,250,-20,201,0,280,20" /><INIT seed="3,0,0,3,4,111" ten="269,230,201,300" oya="3" hai0="25,54,101,97,110,4,12,122,24,81,94,133,38" hai1="112,85,128,20,88,28,73,27,113,40,82,42,95" hai2="99,127,6,90,43,47,53,118,106,84,83,69,62" hai3="29,130,56,100,3,9,67,8,18,68,44,65,57"/><W34/><G130/><T134/><D38/><U13/><E128/><V17/><F118/><W45/><G100/><T5/><D110/><U70/><E70/><V135/><F127/><W123/><G123/><T92/><D81/><U46/><E13/><V23/><F135/><N who="0" m="51722" /><D94/><U14/><E14/><V58/><F6/><N who="0" m="2666" /><D122/><U0/><E0/><V51/><F69/><W59/><G3/><T77/><D77/><U104/><E104/><V74/><F74/><W63/><G18/><T132/><D12/><U37/><REACH who="1" step="1"/><E40/><REACH who="1" ten="269,220,201,300" step="2"/><V66/><F106/><W78/><G68/><T108/><D132/><U86/><E86/><V50/><F99/><W55/><G67/><T121/><D108/><U105/><E105/><V72/><F72/><W36/><G65/><T39/><D121/><U89/><E89/><V41/><F51/><W61/><G78/><AGARI ba="0,1" hai="20,27,28,37,42,46,73,78,82,85,88,95,112,113" machi="78" ten="40,8000,1" yaku="1,1,52,2,54,1,53,0" doraHai="111" doraHaiUra="116" who="1" fromWho="3" sc="269,0,220,90,201,0,300,-80" /><INIT seed="4,0,0,3,4,25" ten="269,310,201,220" oya="0" hai0="21,35,131,33,75,123,19,98,23,113,135,31,5" hai1="122,72,61,95,102,60,114,41,44,52,51,42,133" hai2="49,43,73,71,90,130,79,101,40,4,129,118,8" hai3="50,58,111,56,74,77,24,59,106,91,62,29,0"/><T15/><D75/><U2/><E122/><V83/><F71/><W126/><G0/><T96/><D123/><U26/><E133/><V110/><F110/><W103/><G111/><T116/><D116/><U13/><E2/><V27/><F118/><W36/><G36/><T34/><D135/><U76/><E72/><V69/><F69/><W132/><G132/><T84/><D131/><U63/><E76/><V64/><F101/><W125/><G106/><T70/><D70/><U115/><E13/><V99/><F64/><W85/><G103/><T82/><D113/><N who="1" m="43019" /><E26/><V14/><F27/><W1/><G1/><T3/><D3/><U117/><E117/><V10/><F10/><W57/><G77/><T81/><D5/><U107/><E107/><V11/><F11/><W112/><G74/><T38/><D38/><U66/><E66/><V119/><F49/><W53/><G112/><T48/><D48/><U20/><E20/><V39/><F119/><W120/><G120/><T88/><D23/><U28/><E28/><V124/><F124/><W67/><G125/><T30/><REACH who="0" step="1"/><D81/><REACH who="0" ten="259,310,201,220" step="2"/><U46/><E44/><V87/><F129/><W37/><N who="3" m="14336" /><DORA hai="22" /><W7/><G126/><T9/><D9/><U105/><E105/><V92/><F130/><W55/><G37/><T121/><D121/><U89/><E46/><V100/><REACH who="2" step="1"/><F39/><REACH who="2" ten="259,310,191,220" step="2"/><W47/><G50/><T108/><D108/><U68/><E51/><V6/><F6/><W54/><G7/><T104/><D104/><AGARI ba="0,2" hai="4,8,14,40,43,73,79,83,87,90,92,99,100,104" machi="104" ten="30,12000,2" yaku="1,1,7,1,24,2,53,2" doraHai="25,22" doraHaiUra="78,93" who="2" fromWho="0" sc="259,-120,310,0,191,140,220,0" /><INIT seed="5,0,0,5,4,43" ten="139,310,331,220" oya="1" hai0="11,76,98,5,9,128,12,10,49,129,103,58,48" hai1="107,72,65,38,52,61,85,47,39,102,59,118,119" hai2="14,113,108,89,105,74,92,86,2,84,16,114,131" hai3="60,4,32,1,130,93,53,111,87,42,45,44,88"/><U31/><E72/><V100/><F2/><W116/><G111/><T30/><D76/><U82/><E31/><V95/><F74/><W121/><G121/><T19/><D30/><U26/><E26/><V110/><F105/><W99/><G32/><T62/><D128/><U120/><E120/><V33/><F33/><W132/><G132/><T34/><D34/><U96/><E38/><V101/><F131/><W71/><G130/><T70/><D70/><U18/><E18/><V122/><F122/><W109/><G109/><N who="2" m="42089" /><F16/><W29/><G116/><T35/><D35/><U22/><E22/><V77/><F14/><W133/><G133/><T83/><D83/><U63/><E39/><V112/><F95/><W126/><G126/><T135/><D135/><U57/><REACH who="1" step="1"/><E47/><REACH who="1" ten="139,300,331,220" step="2"/><V27/><F27/><W127/><G29/><T78/><D129/><U15/><E15/><V36/><F36/><W20/><G20/><T68/><D12/><U0/><E0/><V73/><F73/><W115/><G1/><T66/><D19/><U13/><E13/><V104/><F104/><W106/><G106/><T6/><D6/><U56/><E56/><V23/><F23/><W24/><G4/><T54/><D5/><U123/><E123/><V97/><F77/><AGARI ba="0,1" hai="52,57,59,61,63,65,77,82,85,96,102,107,118,119" machi="77" ten="30,5800,0" yaku="1,1,7,1,54,1,53,0" doraHai="43" doraHaiUra="7" who="1" fromWho="2" sc="139,0,300,68,331,-58,220,0" /><INIT seed="5,1,0,0,1,134" ten="139,368,273,220" oya="1" hai0="31,91,95,112,62,133,130,43,132,87,65,19,98" hai1="111,81,135,54,49,4,38,82,102,25,40,119,53" hai2="46,35,34,75,8,9,126,16,114,50,92,23,10" hai3="76,84,22,71,104,93,80,61,3,85,94,79,106"/><U131/><E131/><V59/><F75/><W105/><G3/><T116/><D130/><U15/><E119/><V110/><F110/><W67/><REACH who="3" step="1"/><G22/><REACH who="3" ten="139,368,273,210" step="2"/><T99/><D132/><U127/><E135/><V18/><F114/><W32/><G32/><T48/><D133/><U14/><E111/><V42/><F126/><W97/><G97/><T24/><D112/><U33/><E127/><V66/><F18/><W120/><G120/><T20/><D116/><U58/><E33/><V6/><F6/><W88/><G88/><T37/><D19/><U2/><E2/><V51/><F92/><W69/><G69/><T11/><D11/><U122/><E4/><V77/><F77/><W101/><G101/><T103/><D98/><U45/><E102/><V29/><F29/><W96/><G96/><T125/><D125/><U56/><E122/><V129/><F129/><W89/><G89/><T57/><D91/><U7/><E7/><V21/><F23/><W128/><G128/><T68/><D68/><U5/><E5/><V115/><F115/><W86/><G86/><T118/><D87/><U44/><E82/><AGARI ba="1,1" hai="61,67,71,76,79,80,82,84,85,93,94,104,105,106" machi="82" ten="40,2600,0" yaku="1,1,9,1,53,0" doraHai="134" doraHaiUra="17" who="3" fromWho="1" sc="139,0,368,-29,273,0,210,39" /><INIT seed="6,0,0,4,5,107" ten="139,339,273,249" oya="2" hai0="13,135,111,117,2,64,75,87,110,51,122,57,43" hai1="130,8,127,12,47,22,37,112,4,0,134,39,20" hai2="103,1,35,53,71,15,44,40,120,67,100,59,90" hai3="63,74,97,92,72,101,126,11,28,89,65,16,115"/><V91/><F120/><W26/><G126/><T3/><D122/><U86/><E127/><V30/><F1/><W128/><G128/><T118/><D87/><U46/><E130/><V79/><F35/><W58/><G115/><T27/><D64/><U21/><E112/><V14/><F30/><W29/><G29/><T83/><D27/><U38/><E134/><V108/><F108/><W88/><G89/><N who="2" m="33801" /><F71/><W70/><G70/><T105/><D105/><U48/><E86/><V24/><F79/><W17/><G17/><T98/><D98/><U82/><E82/><V23/><F67/><W33/><REACH who="3" step="1"/><G101/><REACH who="3" ten="139,339,273,239" step="2"/><N who="2" m="38985" /><F23/><W42/><G42/><T6/><D43/><U129/><E129/><V104/><F24/><W41/><G41/><T25/><D135/><U56/><E20/><V45/><F104/><W109/><G109/><T80/><D111/><U96/><E21/><V81/><F81/><W19/><G19/><T99/><D110/><U121/><E22/><V60/><F40/><W49/><G49/><T69/><D69/><U113/><E113/><V133/><F133/><W7/><G7/><T95/><D6/><U52/><E121/><V78/><F78/><W61/><G61/><T66/><D83/><U94/><E37/><V114/><F114/><W54/><G54/><T50/><D80/><U76/><E76/><V132/><F132/><W31/><G31/><T119/><D51/><U55/><E38/><V116/><F116/><W85/><G85/><T106/><D118/><U131/><E39/><V36/><F36/><W125/><G125/><T34/><D119/><U62/><E131/><RYUUKYOKU ba="0,1" sc="139,-15,339,-15,273,15,239,15" hai2="14,15,44,45,53,59,60" hai3="11,16,26,28,33,58,63,65,72,74,88,92,97" /><INIT seed="6,1,1,4,2,34" ten="124,324,288,254" oya="2" hai0="109,131,119,117,28,61,105,12,103,111,77,63,54" hai1="50,48,86,92,98,60,36,87,23,90,85,41,124" hai2="17,72,122,116,67,120,127,108,18,42,107,31,75" hai3="40,52,3,134,76,19,25,10,102,79,16,126,65"/><V20/><F107/><W30/><G40/><T2/><D77/><U71/><E124/><V64/><F20/><W45/><G65/><T82/><D82/><U51/><E36/><V106/><F106/><W46/><G134/><T1/><D28/><U32/><E32/><V73/><F31/><W38/><G38/><T130/><D12/><U128/><E128/><N who="0" m="49193" /><D105/><U84/><E60/><N who="0" m="23113" /><D54/><U47/><E71/><V88/><F42/><W89/><G52/><T99/><D99/><U21/><N who="1" m="21504" /><DORA hai="7" /><U100/><REACH who="1" step="1"/><E90/><REACH who="1" ten="124,314,288,254" step="2"/><V43/><F88/><W97/><G89/><T57/><D103/><U81/><E81/><V113/><F127/><W68/><G126/><T37/><D37/><U15/><E15/><V78/><F78/><W5/><G79/><T121/><D121/><U133/><E133/><V132/><F132/><W9/><G76/><T94/><D94/><U33/><E33/><V24/><F120/><W27/><G102/><T49/><D49/><U39/><AGARI ba="1,2" hai="21,23,39,41,47,48,50,51,92,98,100" m="21504" machi="39" ten="50,3200,0" yaku="1,1,0,1,53,0" doraHai="34,7" doraHaiUra="29,123" who="1" fromWho="1" sc="124,-9,314,55,288,-17,254,-9" /><INIT seed="7,0,0,1,2,65" ten="115,369,271,245" oya="3" hai0="98,42,54,12,63,127,10,76,45,125,67,74,28" hai1="70,130,80,77,97,5,49,71,135,3,86,15,122" hai2="21,7,61,90,53,57,13,25,134,48,79,26,50" hai3="22,18,82,35,95,39,11,89,1,117,32,108,51"/><W92/><G39/><T60/><D76/><U85/><E122/><V100/><F134/><W87/><G117/><T41/><D74/><U94/><E135/><V128/><F128/><W59/><G108/><T101/><D28/><U119/><E130/><V8/><F100/><W14/><G35/><T115/><D98/><U112/><E3/><V73/><F26/><W104/><G104/><T72/><D101/><U24/><E112/><V66/><F73/><W84/><G32/><T62/><D72/><U132/><E24/><V23/><F79/><W123/><G123/><T34/><D34/><U0/><E0/><V2/><F2/><W17/><G1/><T133/><D133/><U118/><E49/><V6/><F6/><W83/><G51/><N who="0" m="29039" /><D12/><U55/><E55/><V19/><F53/><W46/><G59/><N who="0" m="37279" /><D10/><N who="1" m="4559" /><E85/><V109/><F109/><W75/><G75/><T36/><D115/><U114/><E114/><V131/><F131/><W91/><G46/><N who="0" m="23847" /><D127/><U9/><E9/><V30/><F90/><W96/><G96/><T38/><D125/><U105/><E105/><V56/><F56/><W40/><G40/><T120/><D120/><U116/><E132/><V103/><F103/><AGARI ba="0,0" hai="70,71,77,80,86,94,97,103,116,118,119" m="4559" machi="103" ten="30,3900,0" yaku="12,1,52,2" doraHai="65" who="1" fromWho="2" sc="115,0,369,39,271,-39,245,0" owari="115,-38.0,408,50.0,232,-17.0,245,5.0" /></mjloggm>