<mjloggm ver="2.3"><GO type="185" lobby="0"/><UN n0="%58%65%6C%65%72%61%74%6F" n1="%53%47%E4%BA%8C%E7%95%99" n2="%E3%81%BF%E3%82%83%E3%83%BC%E3%81%B6%E3%82%8C%E3%81%84%E3%81%8F" n3="" dan="16,17,16,0" rate="2210.72,2247.54,2188.52,1500.00" sx="F,M,M,C"/><TAIKYOKU oya="0"/><INIT seed="0,0,0,4,0,67" ten="350,350,350,0" oya="0" hai0="0,117,120,85,48,81,103,79,50,58,114,111,35" hai1="3,93,37,33,71,107,86,1,84,113,96,74,64" hai2="83,132,102,65,2,46,105,133,34,53,61,73,112" hai3=""/><T106/><N who="0" m="30752" /><T116/><D114/><U97/><E113/><V51/><F34/><T92/><D35/><U122/><N who="1" m="31264" /><U109/><E33/><V57/><F2/><T39/><D0/><U121/><N who="1" m="31008" /><U115/><E115/><V119/><F119/><T126/><D39/><U77/><E37/><V68/><F112/><T89/><D126/><U44/><E109/><V78/><F102/><T104/><D111/><U49/><E74/><V108/><F105/><T99/><D106/><U134/><E134/><N who="2" m="51819" /><F108/><T129/><D129/><U100/><E64/><V130/><F130/><T45/><D58/><AGARI ba="0,0" hai="46,51,53,57,58,61,65,68,73,78,83" m="51819" machi="58" ten="30,2000,0" yaku="20,1,52,1" doraHai="67" who="2" fromWho="0" sc="350,-20,350,0,350,20,0,0" /><INIT seed="1,0,0,0,0,61" ten="330,350,370,0" oya="1" hai0="80,88,94,55,95,87,100,114,47,113,60,104,110" hai1="71,78,50,89,79,108,34,126,44,117,2,53,39" hai2="77,98,122,40,86,33,72,85,91,3,102,49,66" hai3=""/><U70/><E117/><V63/><N who="2" m="31264" /><V46/><F33/><T90/><D110/><U99/><E34/><V67/><F3/><T120/><N who="0" m="30752" /><T32/><D32/><U133/><E2/><V76/><F72/><T0/><D0/><U134/><E108/><V112/><F112/><T121/><N who="0" m="31008" /><T51/><D104/><U130/><E130/><V128/><F128/><T84/><D100/><U68/><E126/><V83/><F86/><T97/><REACH who="0" step="1"/><D60/><REACH who="0" ten="320,350,370,0" step="2"/><U35/><E35/><V56/><REACH who="2" step="1"/><F67/><REACH who="2" ten="320,350,360,0" step="2"/><T43/><D43/><U1/><E1/><V81/><F81/><T115/><D115/><U73/><E134/><V38/><F38/><T58/><D58/><U37/><E133/><V123/><N who="2" m="31520" /><V92/><AGARI ba="0,2" hai="40,46,49,56,63,66,76,77,83,85,91,92,98,102" m="31520,31264" machi="92" ten="20,12000,3" yaku="1,1,4,1,0,1,7,1,8,1,52,3,53,0" doraHai="61" doraHaiUra="64" who="2" fromWho="2" sc="320,-40,350,-80,360,140,0,0" /><INIT seed="2,0,0,4,0,120" ten="280,270,500,0" oya="2" hai0="98,73,64,78,79,91,56,118,94,129,41,123,68" hai1="104,101,54,52,53,103,122,135,43,97,124,77,1" hai2="48,114,49,63,89,90,46,106,86,111,99,80,105" hai3=""/><V57/><F114/><T102/><N who="0" m="31520" /><T76/><D118/><U100/><N who="1" m="31264" /><U87/><E1/><V3/><F3/><T35/><D35/><U95/><E135/><V33/><F33/><T84/><D129/><U2/><E2/><V62/><F105/><T72/><D41/><U61/><E124/><V50/><F106/><T47/><D47/><U51/><E61/><V107/><F107/><T70/><D56/><U75/><E75/><V42/><F63/><T0/><D0/><U32/><E32/><V128/><F128/><T85/><D64/><U88/><REACH who="1" step="1"/><E77/><REACH who="1" ten="280,260,500,0" step="2"/><V93/><REACH who="2" step="1"/><F111/><REACH who="2" ten="280,260,490,0" step="2"/><T117/><D117/><U113/><E113/><V110/><F110/><T126/><D73/><U119/><E119/><V96/><F96/><T134/><D72/><U45/><AGARI ba="0,2" hai="43,45,51,52,53,54,87,88,95,97,100,101,103,104" m="31264" machi="45" ten="30,6000,1" yaku="1,1,0,1,52,1,54,2,53,0" doraHai="120" doraHaiUra="130" who="1" fromWho="1" sc="280,-20,260,80,490,-40,0,0" /><INIT seed="4,0,0,5,3,44" ten="260,340,450,0" oya="0" hai0="1,64,105,0,116,34,56,112,106,133,109,92,84" hai1="59,131,78,40,35,50,127,70,67,46,47,104,71" hai2="113,43,52,66,85,36,88,45,63,42,73,96,82" hai3=""/><T91/><D116/><U68/><E35/><V128/><F113/><T33/><D112/><U117/><E104/><V114/><F114/><T111/><D64/><U61/><E117/><V118/><F118/><T86/><D56/><U62/><E78/><V115/><F115/><T3/><D133/><U123/><N who="1" m="31520" /><U121/><N who="1" m="31008" /><U103/><E103/><V60/><F128/><T74/><D74/><U129/><E127/><V2/><F2/><T99/><D99/><U49/><E62/><V75/><F43/><AGARI ba="0,0" hai="40,43,46,47,49,50,59,61,67,68,70,71,129,131" m="31008,31520" machi="43" ten="40,16000,3" yaku="9,1,34,3,52,4" doraHai="44" who="1" fromWho="2" sc="260,0,340,160,450,-160,0,0" /><INIT seed="5,0,0,0,4,76" ten="260,500,290,0" oya="1" hai0="33,85,47,125,102,0,48,77,37,57,96,120,72" hai1="73,113,65,52,108,44,131,59,111,32,104,103,63" hai2="110,89,129,64,84,93,71,100,75,134,118,43,91" hai3=""/><U94/><E32/><V74/><F110/><N who="1" m="42025" /><E113/><V133/><F118/><T79/><D125/><U68/><E131/><V99/><F129/><T106/><N who="0" m="30752" /><T58/><D0/><U115/><E115/><V36/><F64/><T40/><D33/><U78/><E104/><V101/><F71/><T61/><D72/><N who="2" m="27690" /><F43/><T60/><D37/><U135/><E135/><N who="2" m="51723" /><F36/><T55/><REACH who="0" step="1"/><D85/><REACH who="0" ten="250,500,290,0" step="2"/><U2/><E2/><V50/><F50/><T62/><D62/><U86/><E86/><V35/><F35/><T54/><AGARI ba="0,1" hai="40,47,48,54,55,57,58,60,61,77,79,96,102,106" m="30752" machi="54" ten="20,9000,2" yaku="1,1,0,1,7,1,9,1,52,1,53,1" doraHai="76" doraHaiUra="38" who="0" fromWho="0" sc="250,100,500,-60,290,-30,0,0" /><INIT seed="6,0,0,3,2,98" ten="350,440,260,0" oya="2" hai0="1,71,97,120,103,68,38,100,32,99,125,105,93" hai1="44,54,101,95,106,45,89,135,37,75,2,83,133" hai2="129,115,74,92,94,87,59,123,62,114,73,49,78" hai3=""/><V42/><N who="2" m="31520" /><V65/><F129/><T128/><N who="0" m="30752" /><T107/><D128/><U112/><E112/><N who="2" m="43051" /><F78/><T79/><D1/><U85/><E2/><V40/><F87/><T122/><N who="0" m="31264" /><T118/><D118/><U56/><E106/><V64/><F65/><T53/><D32/><U86/><E75/><N who="2" m="28683" /><F49/><T47/><D79/><U117/><E117/><V46/><F46/><T130/><D130/><U66/><E66/><V80/><F80/><T3/><D3/><U119/><E119/><V134/><F134/><N who="1" m="51209" /><E86/><V41/><AGARI ba="0,0" hai="40,41,42,59,62,64,92,94" m="28683,43051,31520" machi="41" ten="40,2600,0" yaku="15,1,52,1" doraHai="98" who="2" fromWho="2" sc="350,-13,440,-13,260,26,0,0" /><INIT seed="6,1,0,4,2,135" ten="337,427,286,0" oya="2" hai0="42,58,108,101,120,121,67,66,80,74,3,100,131" hai1="93,52,51,45,70,71,124,129,64,128,62,36,87" hai2="83,82,91,57,134,127,38,34,40,119,33,1,48" hai3=""/><V32/><F119/><T47/><N who="0" m="30752" /><T122/><N who="0" m="31008" /><T35/><N who="0" m="31264" /><T90/><D108/><U85/><E124/><V53/><F1/><T49/><D3/><U86/><E71/><V88/><F134/><T109/><D109/><U59/><E93/><V43/><F127/><T39/><D35/><U133/><E133/><V41/><REACH who="2" step="1"/><F38/><REACH who="2" ten="337,427,276,0" step="2"/><T94/><D131/><U37/><E37/><V115/><F115/><T97/><D39/><U107/><E107/><V61/><F61/><T50/><D74/><U92/><E92/><V132/><F132/><T130/><D130/><U72/><E72/><V0/><F0/><T102/><D80/><AGARI ba="1,1" hai="32,33,34,40,41,43,48,53,57,80,82,83,88,91" machi="80" ten="50,4800,0" yaku="1,1,54,1,53,0" doraHai="135" doraHaiUra="114" who="2" fromWho="0" sc="337,-50,427,0,276,60,0,0" /><INIT seed="6,2,0,1,0,76" ten="287,427,336,0" oya="2" hai0="133,69,106,85,118,2,65,50,38,78,130,121,0" hai1="110,119,95,70,108,47,122,83,42,62,126,71,124" hai2="52,131,40,32,105,80,60,58,48,73,115,102,86" hai3=""/><V107/><F32/><T81/><N who="0" m="31008" /><T1/><D118/><U46/><N who="1" m="31264" /><U45/><E119/><V114/><F73/><T127/><D38/><U75/><E95/><V66/><F40/><T3/><N who="0" m="512" /><DORA hai="94" /><T57/><D127/><N who="1" m="48683" /><E42/><V63/><F131/><T33/><D33/><U116/><E116/><V101/><F107/><T90/><D130/><U67/><E71/><V120/><N who="2" m="30752" /><V132/><F132/><T49/><D133/><U123/><N who="1" m="31520" /><U91/><E91/><V61/><F66/><T41/><D106/><U44/><E45/><V96/><REACH who="2" step="1"/><F102/><REACH who="2" ten="287,427,326,0" step="2"/><T56/><D90/><AGARI ba="2,1" hai="48,52,58,60,61,63,80,86,90,96,101,105,114,115" m="30752" machi="90" ten="40,24000,3" yaku="1,1,2,1,52,3,54,1,53,2" doraHai="76,94" doraHaiUra="55,92" who="2" fromWho="0" sc="287,-244,427,0,326,254,0,0" owari="43,-56.0,427,3.0,580,53.0,0,0.0" /></mjloggm>