<mjloggm ver="2.3"><GO type="169" lobby="0"/><UN n0="%E8%99%8E%E7%8D%85%E3%81%8F%E3%82%93" n1="%EF%BC%93%E7%95%AA%E3%82%B7%E3%83%A7%E3%83%BC%E3%83%88%E5%9D%82%E7%94%B0" n2="%E7%89%8C%E5%BB%83%E4%BA%BA" n3="%E9%95%B7%E5%B2%A1" dan="17,17,17,17" rate="2208.18,2168.62,2174.36,2185.14" sx="M,M,M,M"/><TAIKYOKU oya="0"/><INIT seed="0,0,0,3,4,71" ten="250,250,250,250" oya="0" hai0="24,133,117,118,48,120,3,90,111,0,50,4,20" hai1="14,86,95,41,21,62,135,107,1,53,126,78,60" hai2="79,102,25,46,10,81,108,16,22,123,87,83,76" hai3="6,18,93,68,26,134,75,37,89,43,64,128,63"/><T13/><D120/><U106/><E1/><V59/><F108/><W51/><G128/><T88/><D13/><U15/><E135/><V84/><F123/><W49/><G134/><T47/><D133/><U39/><E126/><V72/><F102/><W77/><G6/><T19/><D111/><U65/><E53/><V67/><F72/><W55/><G51/><T82/><D50/><U110/><E110/><V74/><F74/><W116/><G116/><T109/><D109/><U125/><E125/><V103/><F103/><W58/><G75/><T100/><D100/><U36/><E41/><V57/><F67/><W114/><G77/><T73/><D3/><U101/><E101/><V23/><F10/><W35/><G114/><T11/><D73/><U42/><E42/><V29/><F46/><N who="3" m="23919" /><G18/><T127/><D127/><U31/><E31/><V85/><F84/><N who="3" m="52391" /><G26/><AGARI ba="0,0" hai="16,22,23,25,26,29,57,59,76,79,81,83,85,87" machi="26" ten="30,7700,0" yaku="7,1,9,1,8,1,54,1" doraHai="71" who="2" fromWho="3" sc="250,0,250,0,250,77,250,-77" /><INIT seed="1,0,0,4,1,75" ten="250,250,327,173" oya="1" hai0="72,32,112,21,99,60,64,73,134,68,38,0,37" hai1="105,45,111,130,8,126,61,135,133,24,116,2,18" hai2="11,95,79,36,96,80,88,106,119,90,81,42,15" hai3="54,110,118,129,128,63,17,39,124,101,26,1,14"/><U108/><E105/><V59/><F119/><W91/><G1/><T107/><D21/><N who="1" m="13367" /><E61/><V53/><F106/><W127/><G39/><N who="0" m="14859" /><D112/><U104/><E45/><V82/><F36/><W27/><G101/><N who="0" m="62911" /><D134/><N who="1" m="51211" /><E104/><V55/><F42/><W83/><G118/><T34/><D0/><U49/><E49/><V19/><F55/><W30/><G54/><T29/><D29/><U74/><E74/><AGARI ba="0,0" hai="32,34,60,64,68,72,73,74" m="62911,14859" machi="74" ten="30,2000,0" yaku="33,2" doraHai="75" who="0" fromWho="1" sc="250,20,250,-20,327,0,173,0" /><INIT seed="2,0,0,4,4,96" ten="270,230,327,173" oya="2" hai0="97,24,58,69,113,12,28,27,21,89,83,35,114" hai1="70,59,127,9,86,92,23,78,77,31,46,131,60" hai2="41,128,48,101,90,118,64,53,115,2,42,63,109" hai3="91,130,82,79,15,22,61,43,33,85,133,122,75"/><V112/><F2/><W134/><G33/><T72/><D69/><U104/><E104/><V19/><F118/><W65/><G122/><T20/><D35/><U56/><E70/><V110/><F90/><W39/><G130/><T4/><D58/><U16/><E131/><V29/><F29/><W108/><G108/><N who="2" m="41577" /><F19/><W37/><G22/><T26/><D26/><U8/><E127/><V121/><F101/><W10/><G43/><N who="2" m="16393" /><F121/><W102/><G102/><T106/><D72/><U120/><E31/><V117/><F117/><W93/><G10/><T126/><D126/><U76/><E8/><V32/><F32/><W135/><REACH who="3" step="1"/><G15/><REACH who="3" ten="270,230,327,163" step="2"/><T74/><D12/><U95/><E9/><V0/><F128/><W129/><G129/><T123/><D123/><U100/><E120/><V17/><F0/><W88/><G88/><T3/><D3/><U34/><E100/><V40/><F40/><W103/><G103/><T107/><D89/><U1/><E34/><V51/><F17/><W7/><G7/><T14/><D14/><U47/><E1/><V55/><F115/><W5/><G5/><T68/><D4/><U124/><E16/><V44/><F112/><W132/><N who="3" m="33792" /><DORA hai="84" /><W105/><G105/><T38/><D107/><U50/><E23/><V119/><F119/><W62/><G62/><T54/><D106/><U81/><E124/><V125/><F125/><W111/><G111/><T18/><D113/><U36/><E60/><V99/><F63/><W25/><G25/><T80/><D114/><U49/><E78/><V57/><F64/><W13/><G13/><N who="0" m="9295" /><D21/><U45/><E77/><RYUUKYOKU ba="0,1" sc="270,-15,230,-15,327,15,163,15" hai2="44,48,51,53,55,57,99" hai3="37,39,61,65,75,79,82,85,91,93" /><INIT seed="2,1,1,3,3,111" ten="255,215,342,178" oya="2" hai0="119,56,0,133,31,64,97,70,74,134,82,107,128" hai1="57,135,80,85,73,115,59,21,36,79,66,88,26" hai2="110,42,58,93,48,126,91,63,40,69,9,96,123" hai3="101,76,62,98,52,67,114,109,122,125,130,24,10"/><V71/><F123/><W103/><G122/><T47/><D0/><U104/><E36/><V32/><F32/><W37/><G109/><T112/><D56/><U29/><E135/><V78/><F110/><W61/><G130/><T116/><D31/><U11/><E115/><V38/><F38/><W77/><G125/><T89/><D47/><U105/><E11/><V86/><F126/><W15/><G37/><T46/><D46/><U17/><E29/><V127/><F127/><W118/><G118/><N who="0" m="45099" /><D64/><U124/><E124/><V23/><F48/><W100/><G98/><T20/><D20/><U54/><E66/><V113/><F113/><W30/><G114/><T19/><D19/><U72/><E59/><V44/><F44/><W55/><G24/><T50/><D50/><U13/><E26/><V131/><F131/><W117/><G30/><T60/><D112/><U51/><REACH who="1" step="1"/><E72/><REACH who="1" ten="255,205,342,178" step="2"/><V12/><F69/><W45/><G117/><T106/><D128/><U35/><E35/><V65/><F71/><W6/><G67/><N who="0" m="41319" /><D134/><U120/><E120/><V4/><F23/><W129/><G129/><T8/><D8/><U87/><E87/><V68/><F68/><W7/><G7/><T1/><D133/><U39/><E39/><V25/><F25/><W132/><G132/><T34/><D34/><U18/><E18/><V92/><REACH who="2" step="1"/><F78/><REACH who="2" ten="255,205,332,178" step="2"/><N who="3" m="30315" /><G45/><T102/><D74/><U95/><AGARI ba="1,3" hai="13,17,21,51,54,57,73,79,80,85,88,95,104,105" machi="95" ten="20,12000,2" yaku="1,1,0,1,7,1,25,2,54,1,53,0" doraHai="111" doraHaiUra="94" who="1" fromWho="1" sc="255,-31,205,153,332,-61,178,-31" /><INIT seed="3,0,0,3,1,76" ten="224,358,271,147" oya="3" hai0="18,105,42,80,24,109,79,8,72,90,14,126,84" hai1="122,28,69,55,5,57,70,53,101,128,112,88,60" hai2="25,6,48,59,31,0,119,98,134,111,4,10,125" hai3="12,39,56,23,116,40,43,35,66,2,127,130,81"/><W124/><G2/><T108/><D126/><N who="3" m="48169" /><G35/><T62/><D42/><N who="3" m="15913" /><G23/><T86/><D86/><U13/><E122/><V93/><F125/><W29/><G29/><T41/><D41/><U135/><E112/><V44/><F0/><W27/><G27/><T82/><D105/><U94/><E135/><V67/><F134/><W11/><G116/><T106/><D106/><U7/><E128/><V19/><F119/><W115/><G115/><T9/><D62/><U46/><E101/><V99/><F31/><W87/><G39/><T120/><D120/><U133/><E28/><V45/><F25/><W85/><G130/><T47/><D47/><U22/><E133/><V68/><F10/><W89/><G87/><T110/><D24/><U77/><E77/><V30/><F30/><W37/><G37/><T97/><D97/><U36/><E36/><V95/><F98/><W121/><G121/><T52/><D52/><U3/><E3/><V38/><F99/><W1/><G1/><T104/><D104/><U96/><E69/><V117/><F38/><W100/><G100/><T32/><D32/><U17/><E70/><V58/><F68/><W71/><G71/><T74/><D74/><U33/><E33/><V26/><F26/><W129/><G129/><T21/><AGARI ba="0,0" hai="8,9,14,18,21,72,79,80,82,84,90,108,109,110" machi="21" ten="30,7900,0" yaku="0,1,14,1,52,2" doraHai="76" who="0" fromWho="0" sc="224,79,358,-20,271,-20,147,-39" /><INIT seed="4,0,0,1,3,124" ten="303,338,251,108" oya="0" hai0="37,70,74,16,58,91,26,66,117,12,120,72,89" hai1="32,28,30,111,49,48,65,80,8,103,20,50,134" hai2="105,29,14,10,39,107,119,13,97,3,38,55,118" hai3="121,110,25,22,43,83,88,36,114,63,47,5,123"/><T60/><D117/><N who="2" m="44554" /><F3/><W90/><G110/><T92/><D120/><N who="3" m="46153" /><G5/><T96/><D37/><U27/><E111/><V104/><F29/><N who="3" m="17591" /><G114/><T7/><D70/><U46/><E134/><V87/><F97/><W68/><G83/><T133/><D133/><U75/><E32/><V33/><F33/><W62/><G68/><T42/><D42/><U17/><E80/><V51/><F87/><W69/><G69/><T18/><D7/><U52/><E75/><V21/><F21/><W31/><G31/><N who="1" m="11818" /><E65/><V94/><F94/><W128/><G128/><T130/><D130/><U127/><E127/><V85/><F85/><W56/><G56/><T53/><D66/><U101/><E8/><V41/><F41/><W6/><G6/><T93/><D26/><U113/><E113/><V95/><F95/><W82/><G82/><T4/><D4/><U129/><E129/><V76/><F76/><W45/><G47/><T9/><D18/><U2/><E2/><V78/><F78/><W109/><G109/><T102/><REACH who="0" step="1"/><D102/><AGARI ba="0,0" hai="17,20,27,46,48,49,50,52,101,102,103" m="11818" machi="102" ten="30,2000,0" yaku="8,1,54,1" doraHai="124" who="1" fromWho="0" sc="303,-20,338,20,251,0,108,0" /><INIT seed="5,0,0,4,5,124" ten="283,358,251,108" oya="1" hai0="114,15,54,108,23,90,93,104,56,44,91,84,12" hai1="68,87,5,70,105,81,11,47,122,31,135,109,121" hai2="41,7,46,50,79,131,2,80,48,25,58,78,39" hai3="117,24,106,118,63,134,10,30,76,35,18,59,82"/><U94/><E105/><V16/><F79/><W51/><G106/><T85/><D108/><U13/><E135/><V0/><F131/><W73/><G134/><T120/><D114/><U72/><E109/><V1/><F58/><W74/><G51/><T65/><D104/><U95/><E72/><V42/><F42/><W99/><G99/><T89/><D89/><U123/><E31/><V38/><F38/><W49/><G49/><T4/><D44/><U40/><E68/><V27/><F7/><W55/><G10/><T75/><D75/><U9/><E9/><V96/><F96/><W77/><REACH who="3" step="1"/><G18/><REACH who="3" ten="283,358,251,98" step="2"/><T88/><D85/><U37/><REACH who="1" step="1"/><E70/><REACH who="1" ten="283,348,251,98" step="2"/><V133/><F133/><W57/><G57/><T34/><D56/><U69/><E69/><V127/><F41/><W71/><G71/><T112/><D84/><U52/><E52/><V115/><F46/><W28/><G28/><T100/><D54/><U98/><E98/><V45/><F45/><W64/><G64/><T36/><D65/><U20/><E20/><V83/><F115/><W111/><G111/><T6/><D23/><U33/><E33/><V62/><F50/><W26/><G26/><T102/><D34/><U8/><E8/><V22/><F48/><W21/><G21/><T113/><D113/><U32/><E32/><V130/><F27/><W116/><G116/><T126/><D112/><U86/><E86/><V14/><F25/><W19/><G19/><T17/><D17/><U119/><E119/><V132/><F16/><W101/><G101/><T43/><D102/><U97/><E97/><V66/><F22/><RYUUKYOKU ba="0,2" sc="283,-15,348,15,251,-15,98,15" hai1="5,11,13,37,40,47,81,87,94,95,121,122,123" hai3="24,30,35,55,59,63,73,74,76,77,82,117,118" /><INIT seed="5,1,2,1,2,105" ten="268,363,236,113" oya="1" hai0="9,17,41,5,67,69,123,47,125,4,0,82,50" hai1="126,96,22,111,64,7,109,66,81,110,52,51,16" hai2="40,54,39,21,134,42,85,93,75,94,103,25,27" hai3="83,34,95,127,15,60,43,13,80,116,89,74,12"/><U49/><E126/><V32/><F75/><W14/><G127/><T128/><D128/><U24/><E49/><V115/><F39/><W45/><G116/><T68/><D123/><U90/><E7/><V119/><F119/><W102/><G34/><T30/><D67/><U29/><E96/><N who="2" m="59791" /><F32/><W91/><N who="3" m="3072" /><DORA hai="106" /><W57/><G102/><T78/><D5/><U55/><E29/><V59/><F134/><W118/><G118/><T86/><D17/><U72/><E55/><V87/><F25/><W46/><G89/><T33/><REACH who="0" step="1"/><D125/><REACH who="0" ten="258,363,236,113" step="2"/><U36/><E36/><V131/><F131/><W130/><G130/><T44/><D44/><N who="1" m="27751" /><E90/><V120/><F120/><W31/><G31/><T63/><D63/><U38/><E38/><V114/><F115/><W100/><G100/><T3/><D3/><U121/><E121/><V53/><F114/><W76/><G46/><T113/><D113/><U8/><E8/><V104/><F59/><W108/><G57/><T18/><D18/><U135/><E135/><V58/><F58/><W61/><G60/><T37/><D37/><U56/><E56/><V48/><F48/><W26/><G61/><T88/><D88/><U84/><E109/><V112/><F112/><W129/><G108/><T20/><D20/><U71/><E110/><V132/><F21/><W97/><G129/><T11/><D11/><U19/><E22/><V2/><F2/><W35/><G45/><T70/><D70/><U1/><E111/><V62/><F132/><W79/><G91/><T99/><D99/><U133/><E1/><V92/><F62/><W122/><G122/><RYUUKYOKU ba="1,3" sc="258,30,363,-10,236,-10,113,-10" hai0="0,4,9,30,33,41,47,50,68,69,78,82,86" /><INIT seed="6,2,3,1,2,36" ten="288,353,226,103" oya="2" hai0="60,53,2,77,125,83,28,43,117,17,23,6,116" hai1="29,48,112,41,65,57,80,37,96,120,104,46,27" hai2="121,105,103,12,35,72,14,33,135,108,127,54,87" hai3="70,91,71,44,106,90,74,123,39,5,8,85,10"/><V93/><F121/><W56/><G123/><T119/><D28/><U21/><E120/><V107/><F72/><W40/><G106/><T109/><D109/><U30/><E112/><V95/><F108/><W100/><G100/><T130/><D130/><U111/><E111/><V42/><F127/><W86/><G74/><T4/><D2/><U126/><E126/><V16/><F135/><W47/><G56/><N who="0" m="34831" /><D43/><U62/><E30/><V15/><F42/><W84/><G47/><T133/><D133/><U3/><E3/><V124/><F124/><W129/><G129/><T67/><D67/><U101/><REACH who="1" step="1"/><E80/><REACH who="1" ten="288,343,226,103" step="2"/><V89/><F35/><W118/><G118/><T128/><D125/><U7/><E7/><V73/><F33/><W98/><G5/><T11/><D128/><U31/><E31/><V66/><F16/><W52/><G52/><T78/><D83/><U13/><E13/><V115/><F115/><W75/><G75/><T26/><D6/><U88/><E88/><V59/><F73/><W92/><REACH who="3" step="1"/><G91/><REACH who="3" ten="288,343,226,93" step="2"/><T110/><D110/><U24/><E24/><V81/><F54/><W94/><G94/><T68/><D68/><AGARI ba="2,5" hai="8,10,39,40,44,68,70,71,84,85,86,90,92,98" machi="68" ten="40,2600,0" yaku="1,1,52,1,53,0" doraHai="36" doraHaiUra="58" who="3" fromWho="0" sc="288,-32,343,0,226,0,93,82" /><INIT seed="7,0,0,0,1,120" ten="256,343,226,175" oya="3" hai0="109,23,62,107,55,84,52,13,9,69,65,2,44" hai1="64,128,49,0,118,36,48,113,72,51,101,17,41" hai2="97,20,127,40,54,33,89,32,92,4,67,110,61" hai3="100,124,10,81,11,94,58,66,73,30,68,12,131"/><W46/><G68/><T7/><D107/><U82/><E0/><V116/><F110/><W80/><G73/><T133/><D133/><U47/><E101/><V63/><F116/><W102/><G131/><T93/><D44/><U43/><E128/><V91/><F127/><W71/><G71/><T114/><D114/><U115/><E118/><V134/><F134/><W129/><G129/><T8/><D23/><U42/><E64/><V125/><F125/><W45/><G30/><T5/><REACH who="0" step="1"/><D109/><REACH who="0" ten="246,343,226,175" step="2"/><U70/><E47/><N who="3" m="17930" /><G124/><T112/><D112/><U56/><E113/><V123/><F40/><W99/><G102/><T79/><D79/><U21/><E42/><V60/><F20/><W1/><G1/><T77/><D77/><U96/><E43/><V76/><F76/><W86/><G12/><T117/><D117/><U87/><E41/><V35/><F35/><W95/><G95/><T85/><D85/><U108/><E87/><V59/><F33/><W18/><G18/><T16/><D16/><U74/><E17/><V130/><F130/><W39/><G39/><T25/><D25/><U38/><E36/><V53/><F32/><W37/><G37/><T135/><D135/><U105/><E38/><V111/><F111/><W119/><G119/><T24/><D24/><U75/><E108/><V3/><F3/><W78/><G81/><T19/><D19/><U103/><E82/><V126/><F126/><W28/><G28/><T90/><AGARI ba="0,1" hai="2,5,7,8,9,13,52,55,62,65,69,84,90,93" machi="90" ten="30,4000,0" yaku="1,1,0,1,54,1,53,0" doraHai="120" doraHaiUra="122" who="0" fromWho="0" sc="246,50,343,-10,226,-10,175,-20" owari="296,10.0,333,42.0,216,-18.0,155,-34.0" /></mjloggm>