<mjloggm ver="2.3"><GO type="185" lobby="0"/><UN n0="%4B%69%64%6F%37%35%30%30" n1="%E3%82%B5%E3%83%B3%E3%83%9E%E6%BC%81%E5%B8%AB%4B" n2="%E3%82%BF%E3%83%AD%E3%81%95" n3="" dan="16,17,16,0" rate="2119.99,2261.44,2108.72,1500.00" sx="M,M,M,C"/><TAIKYOKU oya="0"/><INIT seed="0,0,0,1,3,45" ten="350,350,350,0" oya="0" hai0="133,87,73,0,99,106,132,104,1,59,135,46,54" hai1="67,97,113,110,118,81,48,41,117,40,65,76,127" hai2="112,121,111,89,43,109,131,35,77,50,108,33,47" hai3=""/><T103/><D73/><U63/><E110/><V38/><N who="2" m="31008" /><V2/><F112/><T71/><D71/><U91/><E113/><V78/><F131/><T102/><D46/><U116/><E127/><V51/><F2/><T119/><D87/><U58/><E67/><V39/><F89/><T72/><D72/><U55/><E91/><V129/><F129/><T98/><REACH who="0" step="1"/><D119/><REACH who="0" ten="340,350,350,0" step="2"/><U94/><E97/><V42/><F111/><T105/><D105/><U82/><E117/><V85/><F47/><T120/><N who="0" m="30752" /><T57/><D57/><U68/><E118/><V100/><F85/><T90/><D90/><U101/><E116/><V37/><F100/><T56/><D56/><U32/><E101/><V49/><F109/><T125/><D125/><U128/><E58/><V34/><REACH who="2" step="1"/><F108/><REACH who="2" ten="340,350,340,0" step="2"/><T107/><D107/><U88/><E88/><V70/><F70/><T60/><AGARI ba="0,2" hai="0,1,54,59,60,98,99,102,103,104,106,132,133,135" m="30752" machi="60" ten="30,8000,1" yaku="1,1,0,1,9,1,20,1,52,1,53,0" doraHai="45" doraHaiUra="3" who="0" fromWho="0" sc="340,100,350,-40,340,-40,0,0" /><INIT seed="0,1,0,5,2,102" ten="440,310,300,0" oya="0" hai0="66,114,82,57,33,106,89,97,35,118,88,2,38" hai1="100,68,133,93,49,120,70,47,122,81,65,125,55" hai2="52,51,103,132,3,36,69,39,135,96,92,101,95" hai3=""/><T79/><D38/><U115/><N who="1" m="30752" /><U50/><N who="1" m="31264" /><U76/><E133/><N who="2" m="51275" /><F69/><T59/><D118/><U43/><E125/><V113/><F3/><T1/><D114/><U74/><E115/><V87/><F113/><T111/><D66/><U130/><E130/><V119/><F119/><T34/><D111/><U107/><E107/><V90/><F103/><T126/><D126/><U85/><E65/><V123/><N who="2" m="31520" /><V83/><F95/><T73/><D2/><U116/><E116/><V127/><F127/><T121/><N who="0" m="31008" /><T109/><D109/><U108/><E108/><V91/><F91/><T41/><D41/><U104/><E104/><V44/><AGARI ba="1,0" hai="36,39,44,51,52,83,87,90,92,96,101" m="31520,51275" machi="44" ten="30,3000,0" yaku="20,1,52,1,54,1" doraHai="102" who="2" fromWho="2" sc="440,-21,310,-11,300,32,0,0" /><INIT seed="1,0,0,4,0,127" ten="419,299,332,0" oya="1" hai0="96,110,121,36,89,77,86,50,118,33,130,56,39" hai1="100,115,54,69,112,128,51,109,57,92,70,81,32" hai2="83,48,87,116,106,60,105,37,64,1,49,120,79" hai3=""/><U73/><E32/><V124/><N who="2" m="30752" /><V102/><F116/><T82/><N who="0" m="31008" /><T135/><D33/><U42/><E73/><V46/><F1/><T99/><D118/><U122/><N who="1" m="31264" /><U74/><E74/><V94/><F37/><T38/><D135/><U3/><E81/><V80/><F80/><T123/><N who="0" m="31520" /><T47/><D110/><U67/><E3/><V103/><F49/><T45/><D56/><U119/><E119/><V63/><F63/><T85/><D47/><U107/><E107/><V68/><F124/><T90/><D130/><U117/><E117/><V131/><F131/><T125/><D125/><U61/><E128/><V84/><F103/><T95/><REACH who="0" step="1"/><D77/><REACH who="0" ten="409,299,332,0" step="2"/><U40/><E109/><V111/><F111/><T43/><AGARI ba="0,1" hai="36,38,39,43,45,50,82,85,86,89,90,95,96,99" m="31520,31008" machi="43" ten="30,6000,1" yaku="1,1,2,1,0,1,52,2,53,0" doraHai="127" doraHaiUra="52" who="0" fromWho="0" sc="409,70,299,-40,332,-20,0,0" /><INIT seed="2,0,0,5,2,53" ten="479,259,312,0" oya="2" hai0="57,51,119,55,35,112,65,121,126,135,125,131,115" hai1="118,38,40,117,88,108,91,123,94,58,101,49,105" hai2="60,120,43,73,46,79,44,54,69,48,32,107,64" hai3=""/><V74/><N who="2" m="30752" /><V114/><F114/><N who="0" m="43562" /><D35/><U93/><N who="1" m="31520" /><U97/><E38/><V90/><F107/><T130/><N who="0" m="31008" /><T33/><D33/><U0/><E0/><V100/><F100/><T78/><D78/><U34/><E34/><V72/><F32/><T103/><D103/><U87/><E108/><V76/><REACH who="2" step="1"/><F90/><REACH who="2" ten="479,259,302,0" step="2"/><T134/><D119/><U59/><E118/><V52/><F52/><T89/><D65/><U75/><E117/><V2/><F2/><T71/><D89/><U111/><E111/><V132/><F132/><N who="0" m="50730" /><D71/><U85/><E75/><V39/><AGARI ba="0,1" hai="39,43,44,46,48,54,60,64,69,72,73,74,76,79" m="30752" machi="39" ten="30,7800,0" yaku="1,1,0,1,52,1,53,1" doraHai="53" doraHaiUra="70" who="2" fromWho="2" sc="479,-39,259,-39,302,88,0,0" /><INIT seed="2,1,0,5,0,100" ten="440,220,390,0" oya="2" hai0="133,105,52,90,132,126,43,39,119,98,67,92,37" hai1="129,86,55,3,51,80,91,42,93,61,84,116,79" hai2="60,36,56,0,72,95,65,112,87,73,2,108,40" hai3=""/><V82/><F112/><T130/><D119/><U85/><E3/><V118/><F118/><T49/><D130/><U101/><E129/><V121/><N who="2" m="31008" /><V69/><F108/><T75/><D75/><U107/><E116/><V89/><F2/><T97/><D126/><U62/><E42/><V41/><F0/><T88/><D67/><U99/><REACH who="1" step="1"/><E86/><REACH who="1" ten="440,210,390,0" step="2"/><V53/><F41/><T83/><D43/><U96/><E96/><V109/><F109/><T78/><D133/><U54/><E54/><V38/><F40/><T106/><D132/><U33/><E33/><V34/><F34/><T115/><D115/><U44/><AGARI ba="1,1" hai="44,51,55,61,62,79,80,84,85,91,93,99,101,107" machi="44" ten="20,3900,0" yaku="1,1,0,1,7,1,52,1,53,0" doraHai="100" doraHaiUra="66" who="1" fromWho="1" sc="440,-14,210,51,390,-27,0,0" /><INIT seed="4,0,0,4,0,100" ten="426,261,363,0" oya="0" hai0="70,68,49,51,44,3,56,46,92,33,107,39,123" hai1="119,110,132,85,125,57,41,61,71,63,135,90,54" hai2="78,66,75,48,43,77,113,120,42,47,53,126,67" hai3=""/><T69/><N who="0" m="31520" /><T128/><D33/><U40/><E119/><V60/><N who="2" m="30752" /><V32/><F113/><T50/><D3/><U121/><N who="1" m="31008" /><U76/><E76/><V102/><F32/><T38/><D107/><U0/><E0/><V105/><F126/><T127/><D92/><U93/><E110/><V79/><F75/><T83/><D83/><U134/><E125/><V108/><F108/><T118/><D118/><U116/><E116/><V74/><F74/><T122/><N who="0" m="31264" /><T91/><D91/><U84/><REACH who="1" step="1"/><E85/><REACH who="1" ten="426,251,363,0" step="2"/><V62/><F79/><T117/><D117/><U89/><E89/><V114/><F78/><T129/><D127/><U112/><E112/><V73/><F114/><T86/><D86/><U88/><E88/><V109/><F77/><T72/><D72/><U58/><E58/><V80/><F73/><T36/><REACH who="0" step="1"/><D56/><REACH who="0" ten="416,251,363,0" step="2"/><U111/><E111/><V130/><F109/><T45/><AGARI ba="0,2" hai="36,38,39,44,45,46,49,50,51,68,69,70,128,129" m="31264,31520" machi="45" ten="50,32000,5" yakuman="40" doraHai="100" doraHaiUra="94" who="0" fromWho="0" sc="416,340,251,-160,363,-160,0,0" /><INIT seed="4,1,0,3,2,33" ten="756,91,203,0" oya="0" hai0="43,99,50,115,105,122,102,96,57,94,114,3,93" hai1="2,69,124,127,59,61,79,54,75,62,40,97,77" hai2="58,52,103,32,92,107,78,60,71,0,126,41,51" hai3=""/><T74/><N who="0" m="31264" /><T68/><D68/><U36/><E75/><V42/><F126/><N who="1" m="48169" /><E97/><V49/><F32/><T135/><D74/><U67/><E79/><V65/><F0/><T56/><D3/><U37/><E77/><V113/><F78/><T131/><D131/><U45/><E2/><V95/><F113/><N who="0" m="43018" /><D135/><U128/><E128/><V118/><F118/><T72/><D72/><U109/><E109/><V111/><F111/><T125/><D125/><U98/><E98/><V134/><F103/><T101/><D105/><U47/><E45/><AGARI ba="1,0" hai="43,45,50,56,57,93,94,96,99,101,102" m="43018,31264" machi="45" ten="30,2900,0" yaku="15,1,52,1" doraHai="33" who="0" fromWho="1" sc="756,31,91,-31,203,0,0,0" /><INIT seed="4,2,0,3,0,131" ten="787,60,203,0" oya="0" hai0="40,68,56,72,114,92,107,108,37,128,83,87,94" hai1="116,97,52,62,51,86,112,46,53,121,59,71,3" hai2="135,54,100,45,50,103,95,124,88,35,39,48,33" hai3=""/><T89/><D107/><U42/><N who="1" m="31008" /><U98/><E3/><V1/><F124/><T91/><D68/><U63/><E116/><V55/><F39/><T96/><D108/><U113/><E86/><V123/><N who="2" m="31520" /><V127/><F1/><T60/><D114/><N who="1" m="44139" /><E53/><V65/><F65/><AGARI ba="2,0" hai="42,46,51,52,59,62,63,65,71,97,98" m="44139,31008" machi="65" ten="30,7700,0" yaku="15,1,11,1,52,1,54,1" doraHai="131" who="1" fromWho="2" sc="787,0,60,81,203,-81,0,0" /><INIT seed="5,0,0,0,2,114" ten="787,141,122,0" oya="1" hai0="128,135,32,105,112,78,103,51,132,87,124,40,82" hai1="122,97,94,55,72,63,98,75,71,76,79,65,130" hai2="80,104,123,91,126,42,84,73,129,70,37,100,106" hai3=""/><U39/><N who="1" m="31264" /><U69/><E39/><V107/><N who="2" m="31520" /><V90/><F70/><T95/><D32/><U117/><E130/><V115/><F42/><T2/><D112/><U33/><E33/><V60/><F60/><T66/><D66/><U67/><E94/><V59/><F59/><T3/><D128/><U77/><E55/><V64/><F64/><T53/><D40/><U34/><E34/><V1/><F1/><T116/><D105/><U111/><E77/><V56/><F56/><T50/><D50/><U46/><E63/><V99/><F37/><T45/><D3/><U121/><N who="1" m="31008" /><U47/><E111/><V109/><F109/><T52/><D53/><U113/><E113/><V36/><F36/><T89/><D103/><U49/><E49/><V108/><F108/><T120/><N who="0" m="30752" /><T62/><D62/><U118/><AGARI ba="0,0" hai="46,47,65,67,69,71,72,75,76,79,97,98,117,118" m="31008,31264" machi="118" ten="25,12000,2" yaku="0,1,22,2,52,4" doraHai="114" who="1" fromWho="1" sc="787,-60,141,120,122,-60,0,0" /><INIT seed="5,1,0,4,1,84" ten="727,261,62,0" oya="1" hai0="120,40,131,127,126,64,116,122,37,88,95,110,36" hai1="3,86,50,54,89,81,46,58,103,35,47,94,49" hai2="80,52,107,133,32,71,56,98,53,51,106,125,57" hai3=""/><U100/><E3/><V124/><F32/><T70/><N who="0" m="30752" /><T102/><N who="0" m="31264" /><T104/><D110/><U90/><E35/><V45/><F71/><T68/><D116/><U83/><E58/><V39/><F133/><T41/><D131/><U61/><E61/><V109/><F109/><T97/><D68/><U113/><E113/><V96/><F80/><T87/><D64/><U91/><E83/><V129/><F129/><T117/><D70/><U92/><E81/><V119/><F39/><N who="0" m="14922" /><D117/><U130/><E130/><V44/><F51/><T82/><D82/><U43/><E91/><V63/><REACH who="2" step="1"/><F119/><REACH who="2" ten="727,261,52,0" step="2"/><T74/><D74/><U75/><E75/><V60/><AGARI ba="1,1" hai="44,45,52,53,56,57,60,63,96,98,106,107,124,125" machi="60" ten="25,9000,2" yaku="1,1,2,1,0,1,22,2,54,1,53,0" doraHai="84" doraHaiUra="38" who="2" fromWho="2" sc="727,-31,261,-61,52,102,0,0" /><INIT seed="6,0,0,5,2,83" ten="696,200,154,0" oya="2" hai0="44,74,65,124,122,39,129,115,35,112,128,90,34" hai1="56,100,91,42,82,84,73,92,49,71,123,68,61" hai2="95,3,117,98,53,70,38,41,134,130,103,107,94" hai3=""/><V106/><F117/><T51/><N who="0" m="31264" /><T72/><D39/><U66/><N who="1" m="31520" /><U55/><E42/><V60/><F134/><T58/><D124/><U40/><E40/><V54/><F130/><N who="0" m="50282" /><D90/><U48/><E48/><V119/><F119/><T67/><D74/><U111/><E111/><V46/><F3/><T88/><D88/><U108/><E108/><V121/><N who="2" m="31008" /><V63/><F95/><T89/><D89/><U104/><E104/><V43/><F43/><T59/><D72/><U52/><E55/><V47/><F47/><T45/><D45/><U2/><E2/><V32/><F32/><N who="0" m="12330" /><D58/><U125/><E125/><V86/><F86/><T87/><D87/><U114/><E73/><V81/><F81/><T99/><D59/><U50/><E82/><V113/><F113/><N who="0" m="43594" /><D99/><U96/><E114/><V116/><F116/><T0/><D0/><U93/><E84/><V36/><F36/><T79/><D79/><U120/><E120/><V85/><F85/><T135/><D135/><U69/><E91/><V102/><F102/><T118/><D118/><U64/><E100/><V76/><F76/><T77/><D77/><U1/><E1/><V109/><F109/><T80/><D80/><U126/><E126/><V75/><F75/><RYUUKYOKU ba="0,0" sc="696,20,200,-10,154,-10,0,0" hai0="44,51,65,67" owari="716,67.0,190,-21.0,144,-46.0,0,0.0" /></mjloggm>