<mjloggm ver="2.3"><GO type="169" lobby="0"/><UN n0="%E3%81%88%E3%81%88%E3%81%88%E3%81%88%E3%81%88%E3%81%88%E3%81%88" n1="%E3%83%AB%E3%83%AB%E5%8F%82%E4%B8%8A" n2="%E9%9B%AA%E6%9C%88%E9%A2%A8%E8%8A%B1" n3="%E3%81%96%E3%82%8A%E3%81%8C%E3%81%AB%E3%81%8F%E3%82%93" dan="16,17,16,17" rate="2089.97,2167.82,2201.95,2231.77" sx="M,F,F,M"/><TAIKYOKU oya="0"/><INIT seed="0,0,0,3,2,37" ten="250,250,250,250" oya="0" hai0="43,7,42,34,47,90,130,44,93,110,9,124,132" hai1="8,108,111,118,95,85,73,17,75,39,11,76,67" hai2="87,16,123,55,28,10,103,56,24,69,127,134,36" hai3="96,19,81,33,101,6,41,23,13,35,79,59,70"/><T117/><D117/><U89/><E118/><V2/><F123/><W50/><G70/><T97/><D34/><U53/><E67/><V29/><F69/><W68/><G68/><T83/><D124/><U112/><E112/><V4/><F134/><W77/><G6/><T131/><D132/><U98/><E53/><V78/><F103/><W128/><G128/><N who="0" m="49195" /><D83/><N who="1" m="47335" /><E39/><V125/><F78/><W52/><G41/><N who="0" m="15371" /><D110/><N who="1" m="42027" /><E17/><V22/><F36/><W45/><G79/><T62/><D62/><U51/><E51/><V72/><F87/><W65/><G81/><T99/><D99/><U12/><E12/><AGARI ba="0,0" hai="7,9,12,44,47,90,93,97" m="15371,49195" machi="12" ten="30,11600,0" yaku="19,1,52,3" doraHai="37" who="0" fromWho="1" sc="250,116,250,-116,250,0,250,0" /><INIT seed="0,1,0,3,1,96" ten="366,134,250,250" oya="0" hai0="92,27,78,39,103,41,126,9,12,72,29,42,37" hai1="110,84,56,77,125,68,44,14,10,107,67,100,31" hai2="82,60,118,6,106,81,73,102,98,133,55,88,74" hai3="114,62,108,61,65,35,127,85,89,54,18,120,132"/><T109/><D126/><U64/><E68/><V130/><F133/><W135/><G114/><T99/><D109/><U28/><E110/><V30/><F130/><W19/><G108/><T116/><D116/><U43/><E125/><V15/><F118/><W117/><G117/><T86/><D72/><U113/><E113/><V134/><F134/><N who="3" m="51243" /><G35/><T20/><D39/><U50/><E107/><V5/><F30/><N who="1" m="11305" /><E56/><V23/><F81/><N who="3" m="49327" /><G127/><T69/><D69/><U26/><E26/><V70/><F74/><W93/><G120/><T52/><D37/><U58/><E58/><V11/><F73/><W40/><G40/><T2/><D2/><U57/><E57/><V1/><F55/><W17/><G54/><T59/><D86/><U105/><E105/><V24/><F70/><N who="3" m="42287" /><G93/><T63/><REACH who="0" step="1"/><D78/><REACH who="0" ten="356,134,250,250" step="2"/><U79/><E79/><V51/><F1/><W7/><G62/><T112/><D112/><U32/><E32/><V66/><F60/><W129/><G129/><T104/><D104/><U97/><E77/><V13/><F106/><W34/><G34/><T46/><D46/><U49/><E84/><V0/><F0/><W128/><G128/><T45/><D45/><U124/><E124/><V25/><F66/><W122/><G122/><T3/><D3/><U76/><E76/><V36/><F36/><W21/><G7/><AGARI ba="1,1" hai="7,9,12,20,27,29,41,42,52,59,63,92,99,103" machi="7" ten="30,12000,1" yaku="1,1,7,1,8,1,52,1,54,1,53,0" doraHai="96" doraHaiUra="121" who="0" fromWho="3" sc="356,133,134,0,250,0,250,-123" /><INIT seed="0,2,0,5,0,6" ten="489,134,250,127" oya="0" hai0="93,56,101,0,88,130,28,118,43,48,123,38,81" hai1="39,58,105,76,10,129,25,41,31,114,73,89,7" hai2="119,104,46,113,132,102,1,13,3,61,63,30,117" hai3="44,90,4,112,51,67,22,134,21,127,37,94,107"/><T19/><D118/><U14/><E105/><V124/><F113/><W12/><G112/><T50/><D123/><U72/><E114/><V77/><F132/><W23/><G107/><T29/><D0/><U97/><E129/><V111/><F111/><W15/><G37/><T135/><D135/><U42/><E39/><V83/><F30/><N who="0" m="11882" /><D38/><U115/><E115/><V79/><F13/><W70/><G134/><T11/><D130/><U98/><E72/><V133/><F104/><W26/><G127/><T87/><D43/><U66/><E73/><V80/><F133/><W27/><G70/><T71/><D71/><U16/><E76/><V45/><REACH who="2" step="1"/><F102/><REACH who="2" ten="489,134,240,127" step="2"/><W18/><G67/><T65/><D101/><U54/><E66/><V64/><F64/><W122/><G122/><T106/><D106/><U86/><E31/><V99/><F99/><N who="3" m="57815" /><G4/><T96/><D65/><U125/><E125/><AGARI ba="2,1" hai="1,3,45,46,61,63,77,79,80,83,117,119,124,125" machi="125" ten="25,8000,1" yaku="1,1,22,2,53,2" doraHai="6" doraHaiUra="59" who="2" fromWho="1" sc="489,0,134,-86,240,96,127,0" /><INIT seed="1,0,0,4,4,10" ten="489,48,336,127" oya="1" hai0="134,15,100,105,68,111,99,30,120,18,44,101,127" hai1="42,7,90,92,32,41,98,106,26,43,69,21,12" hai2="85,87,63,96,88,93,2,40,36,47,23,123,115" hai3="91,104,39,35,114,125,112,76,20,78,57,52,89"/><U72/><E72/><V67/><F123/><W80/><G35/><T75/><D111/><U119/><E69/><V16/><F2/><W60/><G104/><T116/><D116/><U56/><E119/><V107/><F107/><W61/><G39/><T49/><D75/><U74/><E74/><V113/><F113/><W33/><G33/><T37/><D37/><U50/><E32/><V8/><F8/><W117/><G125/><T102/><D68/><U84/><E106/><V71/><REACH who="2" step="1"/><F115/><REACH who="2" ten="489,48,326,127" step="2"/><W126/><G114/><T108/><D105/><U103/><E7/><V65/><F65/><W109/><G112/><T48/><D120/><U54/><E12/><AGARI ba="0,1" hai="12,16,23,36,40,47,63,67,71,85,87,88,93,96" machi="12" ten="30,8000,1" yaku="1,1,7,1,52,1,54,2,53,0" doraHai="10" doraHaiUra="121" who="2" fromWho="1" sc="489,0,48,-80,326,90,127,0" owari="489,58.0,-32,-53.0,416,22.0,127,-27.0" /></mjloggm>