<mjloggm ver="2.3"><GO type="169" lobby="0"/><UN n0="%74%61%63%6F%73" n1="%E3%81%B5%E3%81%98%E3%81%8B%E3%81%A4" n2="%E3%82%A2%E3%83%BC%E3%82%AF%EF%BC%AB" n3="%72%61%69%32%31%31" dan="17,16,17,16" rate="2145.02,2171.73,2233.80,2080.23" sx="F,M,M,M"/><TAIKYOKU oya="0"/><INIT seed="0,0,0,1,0,80" ten="250,250,250,250" oya="0" hai0="73,89,4,83,123,87,112,111,122,30,12,128,85" hai1="78,45,93,90,5,9,126,66,3,125,119,25,26" hai2="98,113,32,7,10,121,115,28,51,15,29,2,131" hai3="99,65,86,97,54,84,35,36,94,41,60,38,42"/><T33/><D112/><U133/><E119/><V100/><F121/><W16/><G54/><T57/><D73/><U56/><E78/><V88/><F131/><W92/><G60/><T6/><D128/><U81/><E81/><V64/><F64/><W63/><G63/><T50/><D33/><U59/><E133/><V117/><F117/><W21/><G35/><T72/><D72/><U55/><E66/><V102/><F51/><W52/><G65/><T39/><D39/><U101/><E101/><V37/><F37/><W75/><G75/><T24/><D122/><U129/><E129/><V8/><F32/><W116/><G116/><T114/><D114/><U107/><E107/><V104/><F102/><W19/><G52/><N who="0" m="31895" /><D111/><U77/><E77/><V110/><F110/><W105/><G21/><N who="0" m="15631" /><D123/><U49/><E59/><V14/><F2/><W124/><G124/><N who="1" m="47722" /><E56/><V68/><F68/><W27/><G27/><T18/><D85/><AGARI ba="0,0" hai="3,5,9,25,26,45,49,55,85,90,93" m="47722" machi="85" ten="30,2000,0" yaku="18,1,52,1" doraHai="80" who="1" fromWho="0" sc="250,-20,250,20,250,0,250,0" /><INIT seed="1,0,0,5,4,45" ten="230,270,250,250" oya="1" hai0="81,38,64,41,102,90,37,44,105,50,127,55,42" hai1="109,118,99,5,14,27,46,0,15,112,72,9,106" hai2="21,98,77,132,49,66,107,80,53,85,54,11,1" hai3="16,61,6,74,101,59,115,93,89,67,83,128,30"/><U32/><E72/><V94/><F107/><W23/><G115/><T25/><D127/><U120/><E112/><V76/><F132/><W57/><G128/><T3/><D3/><U103/><E120/><V20/><F66/><W126/><G126/><T62/><D105/><U36/><E118/><V71/><F71/><W69/><G6/><T26/><D102/><U40/><E15/><V65/><F65/><W121/><G121/><T39/><D90/><U35/><E14/><V7/><F54/><W87/><G30/><T119/><D119/><U31/><E109/><V110/><F77/><W104/><G104/><T88/><D25/><U24/><E27/><V78/><F78/><W100/><G74/><T12/><D26/><U116/><REACH who="1" step="1"/><E116/><REACH who="1" ten="230,260,250,250" step="2"/><V17/><F110/><W113/><G113/><T124/><D124/><U123/><E123/><V95/><F17/><W19/><G19/><T68/><REACH who="0" step="1"/><D12/><REACH who="0" ten="220,260,250,250" step="2"/><U56/><E56/><V133/><F1/><W84/><G57/><T22/><D22/><AGARI ba="0,2" hai="0,5,9,22,24,31,32,35,36,40,46,99,103,106" machi="22" ten="30,2900,0" yaku="1,1,7,1,53,0" doraHai="45" doraHaiUra="134" who="1" fromWho="0" sc="220,-29,260,49,250,0,250,0" /><INIT seed="1,1,0,4,2,1" ten="191,309,250,250" oya="1" hai0="116,3,35,30,55,13,83,100,19,11,4,17,105" hai1="111,45,76,115,120,54,67,123,38,24,39,87,93" hai2="77,63,18,94,65,51,43,121,119,74,91,26,102" hai3="85,80,106,40,31,41,117,134,6,44,25,36,9"/><U75/><E115/><V132/><F121/><W59/><G134/><T98/><D116/><U8/><E75/><V104/><F132/><W71/><G117/><T133/><D133/><U61/><E76/><V46/><F119/><W28/><G71/><T42/><D42/><U52/><E24/><V10/><F104/><W135/><G135/><T96/><D83/><U97/><E87/><V37/><F102/><W66/><G106/><T73/><D73/><U122/><E93/><V57/><F74/><W82/><G40/><T126/><D126/><U110/><E97/><V118/><F118/><W22/><G31/><T72/><D72/><U49/><E8/><V68/><F77/><W92/><G92/><T130/><D130/><U89/><E89/><V81/><F81/><W58/><G66/><T69/><D69/><N who="1" m="42223" /><E54/><V113/><F113/><W107/><G107/><T29/><D35/><U70/><E70/><V12/><F26/><W23/><G80/><T5/><D96/><U86/><E86/><V47/><F68/><W84/><G84/><T14/><D3/><U90/><E90/><V114/><F114/><W56/><G85/><T62/><D29/><U34/><E34/><V124/><F91/><W48/><G82/><T2/><D30/><U33/><E33/><V131/><F94/><W32/><REACH who="3" step="1"/><G48/><REACH who="3" ten="191,309,250,240" step="2"/><T127/><D105/><U50/><E50/><V99/><F99/><W64/><G64/><T103/><D98/><U21/><E21/><V0/><F51/><W128/><G128/><T53/><D103/><U112/><E112/><V7/><F131/><W78/><G78/><RYUUKYOKU ba="1,1" sc="191,-15,309,15,250,-15,240,15" hai1="38,39,45,49,52,110,111,120,122,123" hai3="6,9,22,23,25,28,32,36,41,44,56,58,59" /><INIT seed="1,2,1,1,1,129" ten="176,324,235,255" oya="1" hai0="128,32,106,85,130,46,122,53,1,87,100,111,69" hai1="93,74,114,26,24,20,102,12,115,61,9,2,36" hai2="101,80,92,35,89,70,34,56,78,123,73,3,58" hai3="131,0,52,84,27,113,126,13,64,77,62,21,63"/><U19/><E74/><V59/><F70/><W82/><G113/><T25/><D111/><U18/><E36/><V33/><F3/><W97/><G131/><N who="0" m="50219" /><D1/><U71/><E26/><V38/><F38/><W98/><G0/><T99/><D69/><U11/><E11/><V17/><F101/><W120/><G120/><T60/><D122/><U86/><E2/><V42/><F123/><W14/><G126/><T29/><D60/><U124/><E124/><V104/><F104/><W107/><G63/><T48/><AGARI ba="2,1" hai="25,29,32,46,48,53,85,87,99,100,106" m="50219" machi="48" ten="30,1100,0" yaku="19,1" doraHai="129" who="0" fromWho="0" sc="176,27,324,-7,235,-5,255,-5" /><INIT seed="2,0,0,2,2,111" ten="203,317,230,250" oya="2" hai0="47,131,21,1,109,76,51,66,119,18,25,118,106" hai1="64,24,43,81,123,53,54,59,105,45,30,33,135" hai2="71,84,102,72,36,50,4,77,113,127,104,116,6" hai3="34,83,28,63,20,129,73,52,120,48,19,17,14"/><V75/><F36/><W92/><G129/><T44/><D109/><U91/><E105/><V96/><F71/><W79/><G120/><T39/><D106/><U26/><E123/><V94/><F50/><W125/><G125/><T124/><D1/><U132/><E24/><V40/><F40/><W41/><G41/><T70/><D131/><U114/><E64/><V49/><F49/><W22/><G34/><T90/><D39/><U7/><E7/><V87/><F6/><W98/><G28/><T128/><D124/><U67/><E67/><V56/><F56/><W15/><G63/><T74/><D128/><U134/><E81/><N who="2" m="47151" /><F4/><W42/><G42/><T12/><D90/><U88/><E54/><V86/><F127/><W112/><G112/><T130/><D130/><U100/><E100/><V0/><F0/><W68/><G68/><T122/><D122/><U80/><E114/><V60/><F60/><W16/><G17/><T65/><D70/><U117/><E80/><V3/><F3/><W10/><G10/><T126/><D126/><U29/><E117/><N who="0" m="44553" /><D12/><U31/><E26/><V110/><F116/><W108/><G108/><T46/><D51/><N who="1" m="31167" /><E33/><V61/><F110/><W58/><G92/><T69/><D69/><U103/><E103/><N who="2" m="60823" /><F113/><W32/><G32/><T57/><D57/><U2/><E2/><V78/><F61/><W101/><G101/><T82/><AGARI ba="0,0" hai="18,21,25,44,46,47,65,66,74,76,82" m="44553" machi="82" ten="40,1500,0" yaku="12,1" doraHai="111" who="0" fromWho="0" sc="203,15,317,-4,230,-7,250,-4" /><INIT seed="3,0,0,5,1,110" ten="218,313,223,246" oya="3" hai0="10,71,19,126,67,103,105,21,48,6,80,12,23" hai1="104,99,63,130,60,29,4,59,31,90,87,18,120" hai2="125,70,84,112,91,76,68,121,28,118,82,123,100" hai3="64,114,45,75,101,3,119,11,50,73,36,57,133"/><W9/><G119/><T53/><D126/><U24/><E120/><N who="2" m="46155" /><F28/><W16/><G114/><T46/><D71/><N who="2" m="27178" /><F118/><W37/><G133/><T109/><D67/><U129/><E63/><V92/><F125/><W122/><G122/><T108/><D105/><U39/><E39/><V2/><F2/><W94/><G3/><T134/><D103/><U58/><E4/><V107/><F107/><W51/><G101/><T5/><D134/><U20/><E104/><V96/><F100/><W15/><G94/><T22/><REACH who="0" step="1"/><D80/><REACH who="0" ten="208,313,223,246" step="2"/><U127/><E127/><V17/><F17/><W35/><G64/><T116/><D116/><U115/><E130/><V66/><F66/><W27/><G16/><T111/><AGARI ba="0,1" hai="5,6,10,12,19,21,22,23,46,48,53,108,109,111" machi="111" ten="40,8000,1" yaku="1,1,0,1,14,1,53,2" doraHai="110" doraHaiUra="0" who="0" fromWho="0" sc="208,90,313,-20,223,-20,246,-40" /><INIT seed="4,0,0,5,5,64" ten="298,293,203,206" oya="0" hai0="63,62,32,88,101,70,95,29,119,112,15,129,96" hai1="23,127,40,92,41,5,19,51,47,135,84,27,102" hai2="71,67,77,37,106,128,89,59,104,6,26,74,4" hai3="118,90,36,12,42,83,86,85,78,111,39,16,8"/><T0/><D0/><U54/><E135/><V105/><F37/><W93/><G111/><T103/><D119/><U57/><E127/><V116/><F128/><W91/><G118/><T43/><D129/><U18/><E5/><V17/><F116/><W115/><G115/><T10/><D112/><U58/><E58/><V7/><F59/><W124/><G124/><T52/><D43/><U49/><E40/><V13/><F74/><W81/><REACH who="3" step="1"/><G42/><REACH who="3" ten="298,293,203,196" step="2"/><T50/><D103/><U34/><E102/><V22/><F89/><W80/><G80/><T121/><D101/><U110/><E110/><V122/><F77/><W69/><G69/><T87/><D70/><U131/><E131/><V72/><F122/><W24/><G24/><T114/><D121/><U133/><E133/><V35/><F72/><AGARI ba="0,1" hai="8,12,16,36,39,72,78,81,83,85,86,90,91,93" machi="72" ten="30,3900,0" yaku="1,1,7,1,54,1,53,0" doraHai="64" doraHaiUra="53" who="3" fromWho="2" sc="298,0,293,0,203,-39,196,49" /><INIT seed="5,0,0,4,5,67" ten="298,293,164,245" oya="1" hai0="8,46,72,125,111,36,42,49,32,63,38,70,110" hai1="79,40,113,35,101,34,124,55,90,95,94,21,76" hai2="29,31,80,12,109,41,33,88,77,105,5,84,53" hai3="87,120,10,24,61,23,27,103,37,106,50,13,22"/><U86/><E113/><V75/><F105/><W7/><G37/><N who="0" m="14443" /><D32/><U14/><E124/><V99/><F109/><N who="0" m="41482" /><D72/><U114/><E40/><V128/><F128/><W122/><G61/><T102/><D102/><U30/><E114/><V16/><F5/><W26/><G50/><T93/><D93/><U112/><E112/><V64/><F41/><W65/><G65/><N who="0" m="41279" /><D8/><U100/><E35/><V97/><F64/><W62/><G87/><T98/><D98/><N who="1" m="59487" /><E34/><V68/><F68/><W56/><G103/><T60/><D60/><U47/><E101/><V127/><F127/><AGARI ba="0,0" hai="42,46,49,125,127" m="41279,41482,14443" machi="127" ten="40,5200,0" yaku="34,2,52,1" doraHai="67" who="0" fromWho="2" sc="298,52,293,0,164,-52,245,0" /><INIT seed="6,0,0,5,1,38" ten="350,293,112,245" oya="2" hai0="36,73,132,14,17,69,133,18,39,24,75,84,100" hai1="34,58,76,9,27,81,3,108,102,125,91,87,64" hai2="53,26,134,83,10,56,7,106,43,31,126,98,70" hai3="30,113,99,131,40,65,50,117,4,59,20,45,118"/><V129/><F70/><W2/><G131/><T124/><D69/><U63/><E108/><V66/><F126/><W79/><G113/><T44/><D100/><U51/><E125/><V82/><F129/><W130/><G130/><T29/><D124/><U123/><E123/><V28/><F66/><W97/><G79/><T88/><D73/><U22/><E34/><V93/><F106/><W127/><G127/><T122/><D75/><U89/><E102/><V37/><F134/><W110/><G110/><T42/><D39/><U49/><E3/><V94/><F37/><W72/><G72/><T48/><D36/><U74/><E9/><V11/><F43/><W46/><G2/><T68/><D68/><U21/><E21/><N who="2" m="15439" /><F31/><W92/><G4/><T101/><D101/><U60/><E60/><N who="2" m="35855" /><F98/><W96/><G118/><T0/><D0/><U52/><E74/><V80/><F10/><W54/><G117/><T85/><D122/><U25/><E25/><V135/><F135/><N who="0" m="51786" /><D85/><U90/><REACH who="1" step="1"/><E64/><REACH who="1" ten="350,283,112,245" step="2"/><V33/><F33/><W111/><G65/><T15/><D15/><AGARI ba="0,1" hai="7,11,15,80,82,83,93,94" m="35855,15439" machi="15" ten="30,1500,0" yaku="8,1" doraHai="38" who="2" fromWho="0" sc="350,-15,283,0,112,25,245,0" /><INIT seed="6,1,0,1,1,118" ten="335,283,137,245" oya="2" hai0="134,90,60,38,12,54,106,49,39,92,109,113,102" hai1="130,34,63,16,124,65,66,96,95,21,15,17,18" hai2="48,82,127,77,110,29,79,76,72,14,37,122,4" hai3="42,131,135,81,115,20,35,32,68,98,94,89,27"/><V50/><F37/><W57/><G68/><T114/><D109/><U83/><E34/><V36/><F36/><W86/><G131/><T87/><D134/><U123/><E130/><V111/><F29/><W125/><G135/><T64/><D12/><U2/><E2/><V62/><F127/><W10/><G125/><T84/><D84/><U41/><E41/><V120/><F62/><W69/><G69/><N who="0" m="42119" /><D102/><U126/><E66/><V70/><F70/><W99/><G115/><N who="0" m="44043" /><D106/><U0/><E0/><V19/><F4/><W28/><G99/><T5/><D5/><U97/><E97/><V133/><F133/><W33/><G42/><T73/><D73/><U61/><E61/><V11/><F72/><W55/><G10/><T31/><D31/><U58/><E126/><V56/><F82/><W25/><G25/><T24/><D24/><U23/><E83/><V100/><F100/><W45/><G45/><AGARI ba="1,0" hai="38,39,45,49,54,87,90,92" m="44043,42119" machi="45" ten="30,1000,0" yaku="15,1" doraHai="118" who="0" fromWho="3" sc="335,13,283,0,137,0,245,-13" /><INIT seed="7,0,0,4,1,17" ten="348,283,137,232" oya="3" hai0="43,117,56,60,30,61,63,48,133,129,81,39,29" hai1="71,130,1,106,11,70,119,134,10,21,23,58,110" hai2="2,5,31,97,78,19,96,40,120,20,22,4,12" hai3="65,46,53,84,88,13,85,116,118,103,76,64,24"/><W59/><G103/><T122/><D117/><U50/><E110/><V67/><F120/><W6/><G24/><T95/><D122/><U55/><E119/><V112/><F112/><W123/><G123/><T7/><D39/><U72/><E106/><V87/><F40/><W75/><G75/><T26/><D7/><U105/><E105/><V111/><F111/><W121/><G121/><T18/><D81/><U77/><E134/><V114/><F114/><W28/><G28/><T92/><D129/><U100/><E130/><V36/><F36/><W9/><G118/><T54/><D43/><U68/><E100/><V3/><F67/><W126/><G126/><T108/><D133/><U45/><E58/><V101/><F3/><W57/><G85/><T0/><D0/><U124/><E124/><V37/><F37/><W14/><G76/><T127/><D127/><U109/><E109/><V91/><F78/><W89/><G13/><T90/><D95/><U99/><E99/><V132/><F132/><W73/><G89/><T35/><D35/><U15/><E1/><V113/><F113/><W27/><G73/><T41/><D30/><U80/><REACH who="1" step="1"/><E10/><REACH who="1" ten="348,273,137,232" step="2"/><N who="2" m="6551" /><F2/><W82/><G116/><T83/><D108/><U33/><E33/><V93/><F31/><W104/><G104/><T66/><D29/><U74/><E74/><V86/><F97/><W98/><G98/><T131/><D131/><U128/><E128/><V69/><F69/><W102/><G65/><T32/><D66/><U34/><E34/><V44/><F44/><W38/><G64/><N who="0" m="38919" /><D32/><U52/><E52/><V125/><F125/><RYUUKYOKU ba="0,1" sc="348,-10,273,30,137,-10,232,-10" hai1="11,15,21,23,45,50,55,68,70,71,72,77,80" owari="348,45.0,303,10.0,127,-37.0,222,-18.0" /></mjloggm>