<mjloggm ver="2.3"><GO type="185" lobby="0"/><UN n0="%E3%81%BB%E3%81%BC%E9%9D%A2%E5%89%8D" n1="%E3%82%B5%E3%83%B3%E3%83%9E%E6%BC%81%E5%B8%AB%4B" n2="%E3%82%8A%E3%82%80%E3%82%8B" n3="" dan="16,17,16,0" rate="2086.43,2260.95,2183.39,1500.00" sx="M,M,M,C"/><TAIKYOKU oya="0"/><INIT seed="0,0,0,5,5,94" ten="350,350,350,0" oya="0" hai0="115,132,60,133,105,50,36,41,87,118,80,129,90" hai1="122,85,108,125,39,3,59,64,81,54,34,98,116" hai2="84,114,0,88,71,74,93,117,103,65,38,51,82" hai3=""/><T32/><D32/><U130/><N who="1" m="31264" /><U126/><E116/><V56/><F114/><T127/><D115/><U68/><E34/><V57/><F38/><T99/><D118/><U101/><E39/><V46/><F117/><T62/><D127/><U120/><N who="1" m="30752" /><U91/><E3/><V63/><F0/><T47/><D129/><U45/><E130/><V102/><F102/><T73/><D73/><U96/><E45/><V104/><F104/><T78/><D36/><U58/><E108/><V48/><F48/><T135/><REACH who="0" step="1"/><D78/><REACH who="0" ten="340,350,350,0" step="2"/><U61/><E68/><V69/><F71/><T131/><D131/><U77/><E77/><V72/><F72/><T97/><D97/><U113/><E113/><V128/><F128/><T49/><D49/><U75/><E75/><V2/><F2/><T121/><N who="0" m="31008" /><T76/><D76/><U37/><E37/><V70/><F70/><T1/><D1/><U100/><E126/><V107/><F74/><T33/><D33/><U124/><E125/><V35/><F35/><T123/><N who="0" m="31520" /><T110/><D110/><U42/><E124/><V44/><F51/><T109/><D109/><U89/><E98/><V55/><F69/><T52/><D52/><U66/><E54/><V134/><F55/><RYUUKYOKU ba="0,1" sc="340,20,350,-10,350,-10,0,0" hai0="41,47,50,60,62,80,87,90,99,105,132,133,135" /><INIT seed="0,1,1,5,1,74" ten="360,340,340,0" oya="0" hai0="46,56,61,99,79,59,127,57,94,91,80,98,37" hai1="96,71,120,128,39,93,113,115,75,88,122,49,85" hai2="108,92,119,129,104,121,116,68,111,83,70,109,2" hai3=""/><T44/><D127/><U118/><N who="1" m="30752" /><U124/><N who="1" m="31264" /><U63/><E39/><V58/><N who="2" m="31008" /><V103/><F2/><T78/><D61/><U51/><E75/><V106/><F129/><T130/><D130/><U76/><E118/><N who="2" m="45099" /><F58/><T72/><D37/><U112/><E128/><V105/><F83/><T34/><D34/><U126/><E63/><V47/><F47/><T42/><D42/><U131/><E71/><N who="2" m="27179" /><F92/><T45/><REACH who="0" step="1"/><D79/><REACH who="0" ten="350,340,340,0" step="2"/><U97/><E131/><V1/><F1/><T134/><D134/><U66/><E66/><V50/><F50/><N who="1" m="18953" /><E76/><V65/><F65/><T89/><D89/><U55/><E55/><V135/><F135/><T73/><D73/><U33/><E33/><V60/><F60/><T77/><D77/><U82/><E82/><V36/><F36/><T48/><D48/><U35/><E35/><V41/><F41/><T95/><D95/><U101/><E101/><AGARI ba="1,2" hai="101,103,104,105,106,108,109,111" m="27179,45099,31008" machi="101" ten="50,8000,1" yaku="28,2,14,1,12,1,52,1" doraHai="74" who="2" fromWho="1" sc="350,0,340,-82,340,102,0,0" /><INIT seed="1,0,0,0,5,69" ten="350,258,442,0" oya="1" hai0="130,38,59,35,93,1,92,37,128,67,3,94,54" hai1="101,106,43,77,133,122,73,109,39,131,64,65,51" hai2="41,118,110,78,75,49,96,134,74,47,86,124,63" hai3=""/><U55/><N who="1" m="31264" /><U72/><E106/><V58/><F118/><T2/><D35/><U53/><E101/><V79/><F110/><T91/><D67/><U97/><E97/><V45/><F124/><T116/><D116/><U102/><E102/><V56/><F134/><T104/><D104/><U95/><E95/><V115/><F115/><T135/><D135/><U112/><E133/><V126/><F126/><T46/><D46/><U50/><E77/><V99/><F49/><N who="1" m="18441" /><E73/><V100/><F63/><T68/><D68/><U105/><E72/><V76/><F76/><T70/><D70/><U48/><E105/><V113/><F100/><T103/><D103/><U62/><E131/><N who="0" m="50217" /><D91/><U117/><E117/><V66/><F79/><T0/><N who="0" m="0" /><DORA hai="98" /><T60/><AGARI ba="0,0" hai="37,38,54,59,60,92,93,94" m="0,50217" machi="60" ten="70,6000,1" yaku="4,1,19,1,52,2" doraHai="69,98" who="0" fromWho="0" sc="350,60,258,-40,442,-20,0,0" /><INIT seed="2,0,0,3,0,86" ten="410,218,422,0" oya="2" hai0="38,36,56,123,94,110,129,47,80,135,103,59,108" hai1="53,78,81,52,131,87,42,39,51,119,117,77,90" hai2="60,105,62,130,93,45,34,102,101,32,122,132,111" hai3=""/><V121/><N who="2" m="31008" /><V64/><N who="2" m="31264" /><V49/><F105/><T85/><N who="0" m="31520" /><T125/><D125/><U69/><E69/><V72/><F72/><T74/><D129/><U82/><E131/><V71/><F130/><T37/><D135/><U65/><E65/><V97/><F132/><T106/><D106/><U58/><E53/><V68/><F102/><T70/><D70/><U107/><E107/><V43/><REACH who="2" step="1"/><F111/><REACH who="2" ten="410,218,412,0" step="2"/><T99/><D74/><U79/><REACH who="1" step="1"/><E82/><REACH who="1" ten="410,208,412,0" step="2"/><V46/><F46/><AGARI ba="0,2" hai="39,42,46,51,52,58,77,78,79,81,87,90,117,119" machi="46" ten="40,8000,1" yaku="1,1,2,1,52,1,54,1,53,0" doraHai="86" doraHaiUra="1" who="1" fromWho="2" sc="410,0,208,100,412,-80,0,0" /><INIT seed="4,0,0,3,1,119" ten="410,308,332,0" oya="0" hai0="102,45,0,2,84,52,97,120,39,114,94,51,57" hai1="108,42,111,93,70,1,91,121,105,130,112,124,38" hai2="103,128,69,83,118,125,46,41,117,33,96,86,62" hai3=""/><T73/><N who="0" m="30752" /><T122/><N who="0" m="31264" /><T56/><D57/><U82/><E91/><V59/><F33/><T35/><D73/><U87/><E87/><V132/><F132/><T53/><D35/><U110/><E82/><V37/><F128/><T32/><D32/><U77/><E93/><V71/><F125/><T36/><D114/><U104/><E77/><V49/><F37/><T65/><D65/><U131/><E42/><V99/><F71/><T47/><D47/><U106/><N who="1" m="31008" /><U43/><E70/><V40/><F40/><T55/><D84/><U127/><E1/><V64/><F69/><T126/><D126/><N who="1" m="48171" /><E112/><V113/><F113/><T90/><D90/><U79/><E79/><V50/><F117/><T116/><D116/><U109/><N who="1" m="27648" /><DORA hai="89" /><U107/><N who="1" m="26624" /><DORA hai="68" /><U66/><E66/><V88/><F118/><T80/><D80/><U135/><E135/><V115/><F115/><T123/><N who="0" m="31520" /><T78/><D78/><U61/><E61/><V85/><F88/><T72/><D0/><U54/><E54/><N who="0" m="20489" /><D2/><U74/><E74/><V133/><F64/><T48/><D36/><U95/><E38/><V63/><F86/><T75/><D39/><U134/><E134/><V3/><F85/><T100/><D100/><RYUUKYOKU ba="0,0" sc="410,20,308,-10,332,-10,0,0" hai0="45,48,51,52,56,72,75,94,97,102" /><INIT seed="4,1,0,1,5,113" ten="430,298,322,0" oya="0" hai0="124,101,68,49,33,134,74,92,0,48,40,73,46" hai1="97,78,114,76,3,108,94,103,32,104,51,111,58" hai2="82,121,125,44,91,86,72,34,106,89,128,123,80" hai3=""/><T53/><D0/><U93/><E32/><V77/><N who="2" m="31008" /><V112/><N who="2" m="31520" /><V110/><F34/><T122/><D33/><U64/><E3/><V67/><F110/><T1/><N who="0" m="31264" /><T63/><D1/><U60/><E114/><V102/><F112/><T117/><D117/><U131/><E131/><V45/><F128/><T70/><D134/><U99/><E104/><V120/><N who="2" m="30752" /><V38/><F125/><T37/><D124/><U75/><E75/><V109/><F109/><T87/><D73/><U115/><E115/><V66/><F91/><T119/><D74/><U59/><E111/><V118/><F118/><T135/><D119/><U132/><E132/><V79/><F89/><T52/><D135/><U129/><E129/><V107/><F102/><T69/><D87/><U36/><E36/><V83/><F83/><T116/><D116/><U88/><E108/><V90/><F90/><T84/><D84/><U65/><E51/><N who="0" m="19529" /><D92/><U95/><E94/><V98/><F98/><T81/><D81/><U41/><E41/><V96/><F96/><T62/><D101/><U50/><E50/><V127/><F127/><T2/><D2/><U56/><REACH who="1" step="1"/><E65/><REACH who="1" ten="430,288,322,0" step="2"/><N who="2" m="24587" /><F38/><T126/><D126/><U42/><E42/><V54/><F54/><AGARI ba="1,1" hai="37,40,46,52,53,54,62,63,68,69,70" m="19529,31264" machi="54" ten="40,24000,3" yaku="6,1,35,5,52,1,54,1" doraHai="113" who="0" fromWho="2" sc="430,252,288,0,322,-242,0,0" /><INIT seed="4,2,0,5,2,115" ten="682,288,80,0" oya="0" hai0="38,105,88,94,91,67,50,54,41,51,42,108,73" hai1="70,112,66,75,82,132,124,111,68,35,32,56,101" hai2="119,104,118,85,90,65,1,69,110,134,53,133,76" hai3=""/><T43/><D38/><U64/><E101/><V125/><F110/><T126/><D105/><U37/><E37/><V131/><F1/><T80/><D126/><U107/><E107/><V127/><F104/><T45/><D108/><U0/><E0/><V83/><F53/><T63/><D51/><U81/><E111/><V46/><F46/><T116/><D116/><N who="2" m="44586" /><F65/><T92/><D91/><U103/><E103/><V98/><F69/><T122/><N who="0" m="31264" /><T3/><D3/><U129/><E124/><N who="2" m="47691" /><F131/><T36/><D36/><U121/><N who="1" m="31008" /><U34/><E129/><V77/><F98/><T39/><D39/><U128/><E128/><V72/><F77/><T87/><D73/><U109/><E109/><V102/><F102/><T74/><D74/><U59/><E75/><V96/><F96/><T62/><D67/><U106/><E106/><V93/><AGARI ba="2,0" hai="72,76,83,85,90,93,133,134" m="47691,44586" machi="93" ten="40,9000,2" yaku="12,1,18,1,34,2,52,3" doraHai="115" who="2" fromWho="2" sc="682,-62,288,-32,80,94,0,0" /><INIT seed="5,0,0,1,5,81" ten="620,256,174,0" oya="1" hai0="111,74,124,70,126,45,85,105,94,135,127,76,57" hai1="67,93,134,40,73,36,115,89,79,125,50,46,43" hai2="98,133,129,106,47,86,92,38,88,53,130,69,96" hai3=""/><U32/><E32/><V55/><F69/><T121/><D105/><U68/><E134/><V60/><F133/><T91/><D111/><U66/><E125/><V71/><F71/><T90/><D70/><U100/><E100/><V131/><F60/><T72/><D135/><U65/><E115/><V61/><F61/><T95/><N who="0" m="31008" /><T37/><D57/><U63/><E79/><V102/><REACH who="2" step="1"/><F98/><REACH who="2" ten="620,256,164,0" step="2"/><T41/><D76/><U116/><E63/><V54/><F54/><T77/><D77/><U117/><E68/><V123/><N who="2" m="31520" /><V56/><F56/><T1/><D1/><U112/><E43/><AGARI ba="0,1" hai="38,43,47,53,55,86,88,92,96,102,106,129,130,131" m="31520" machi="43" ten="40,12000,2" yaku="1,1,19,1,52,2,54,1,53,1" doraHai="81" doraHaiUra="118" who="2" fromWho="1" sc="620,0,256,-120,164,130,0,0" /><INIT seed="6,0,0,1,3,49" ten="620,136,294,0" oya="2" hai0="0,76,59,117,68,33,1,32,65,131,134,80,34" hai1="133,53,79,98,113,132,88,127,101,90,71,58,93" hai2="111,106,44,95,100,118,130,86,123,62,3,77,103" hai3=""/><V126/><F3/><T108/><D108/><U38/><E71/><V96/><F118/><T120/><D59/><U63/><E38/><V135/><F111/><T50/><D50/><U97/><E127/><V124/><F135/><T112/><D117/><U40/><E40/><V67/><N who="2" m="31520" /><V81/><F130/><T104/><D134/><U42/><E42/><V122/><N who="2" m="31264" /><V73/><F44/><T61/><D112/><U46/><E113/><V69/><F100/><T41/><D41/><U43/><E133/><V94/><F106/><T121/><D104/><U36/><E132/><V119/><F119/><T72/><D131/><U82/><E98/><V56/><F69/><T116/><D116/><U109/><E109/><V125/><F95/><T129/><D129/><U110/><E110/><V45/><F45/><T87/><D87/><AGARI ba="0,0" hai="56,62,67,73,77,81,86,87,94,96,103,124,125,126" m="31264,31520" machi="87" ten="40,7700,0" yaku="18,1,52,2" doraHai="49" who="2" fromWho="0" sc="620,-77,136,0,294,77,0,0" /><INIT seed="6,1,0,1,1,50" ten="543,136,371,0" oya="2" hai0="85,90,66,92,123,68,45,53,36,86,102,81,134" hai1="80,104,71,58,103,96,32,128,114,95,67,110,39" hai2="38,109,129,78,83,65,113,55,49,115,37,59,120" hai3=""/><V107/><N who="2" m="30752" /><V35/><F35/><T33/><N who="0" m="31520" /><T116/><D134/><U74/><E58/><V106/><F129/><T56/><D33/><U135/><E67/><V98/><F65/><T47/><D116/><U93/><E80/><V105/><F98/><T125/><D125/><U97/><E103/><V70/><F70/><T127/><D68/><U91/><E91/><V111/><F37/><T121/><D127/><U118/><E93/><V119/><F38/><T100/><N who="0" m="31008" /><T60/><D36/><U46/><E95/><V84/><REACH who="2" step="1"/><F119/><REACH who="2" ten="543,136,361,0" step="2"/><T48/><D66/><U99/><E99/><V3/><F3/><T126/><D126/><U88/><E96/><V112/><AGARI ba="1,1" hai="49,55,59,78,83,84,105,106,107,109,111,112,113,115" m="30752" machi="112" ten="40,8000,1" yaku="1,1,0,1,15,1,52,2,53,0" doraHai="50" doraHaiUra="42" who="2" fromWho="2" sc="543,-41,136,-41,361,92,0,0" /><INIT seed="6,2,0,1,5,41" ten="502,95,453,0" oya="2" hai0="60,97,128,87,65,40,134,123,58,53,132,111,55" hai1="117,114,43,57,104,34,69,35,126,56,85,1,81" hai2="105,33,90,83,59,82,32,38,76,109,50,115,88" hai3=""/><V79/><F38/><T75/><N who="0" m="31520" /><T84/><D111/><U131/><E85/><N who="0" m="32841" /><D75/><U130/><E81/><V47/><F105/><T106/><D40/><U48/><E48/><V77/><F109/><T119/><D119/><U46/><E46/><V102/><F102/><T112/><D112/><U66/><E66/><V133/><F115/><T44/><D128/><U39/><E56/><V45/><F133/><N who="0" m="51306" /><D44/><N who="2" m="16970" /><F50/><T86/><D86/><U113/><E57/><V74/><F59/><T2/><D2/><U108/><E43/><V63/><F63/><T92/><D106/><U98/><E98/><V100/><F100/><AGARI ba="2,0" hai="53,55,58,60,65,92,97,100" m="51306,32841,31520" machi="100" ten="30,2000,0" yaku="20,1,52,1" doraHai="41" who="0" fromWho="2" sc="502,24,95,0,453,-24,0,0" owari="526,47.0,95,-50.0,429,3.0,0,0.0" /></mjloggm>