<mjloggm ver="2.3"><GO type="169" lobby="0"/><UN n0="%E3%83%89%E3%83%A9%EF%BC%91%EF%BC%92%EF%BC%90%EF%BC%85" n1="%E3%81%B5%E3%81%98%E3%81%8B%E3%81%A4" n2="%E3%82%A8%E3%82%B9%E3%82%B1%E3%83%BC" n3="%E5%85%AD%E9%83%A8%E5%9C%AD" dan="17,16,16,16" rate="2234.67,2169.85,2060.92,2111.28" sx="M,M,M,M"/><TAIKYOKU oya="0"/><INIT seed="0,0,0,5,5,43" ten="250,250,250,250" oya="0" hai0="109,24,45,9,10,33,28,29,39,91,47,108,5" hai1="83,46,129,48,99,1,19,117,53,64,50,121,21" hai2="93,20,84,68,105,56,120,31,126,130,85,72,106" hai3="73,133,77,92,80,52,65,38,119,114,40,87,55"/><T134/><D134/><U12/><E121/><V81/><F68/><W42/><G114/><T66/><D66/><U75/><E117/><V32/><F32/><W13/><G119/><T34/><D39/><U26/><E129/><V111/><F120/><W124/><G133/><T71/><D71/><U123/><E123/><V25/><F72/><W96/><G124/><T61/><D61/><U37/><E64/><V97/><F126/><W113/><G113/><T62/><D62/><U116/><E116/><V88/><F130/><W127/><G127/><T95/><D28/><U112/><E112/><V6/><F111/><N who="0" m="42570" /><D34/><U67/><E67/><V58/><F84/><W78/><G65/><T63/><D63/><U3/><E37/><V89/><REACH who="2" step="1"/><F6/><REACH who="2" ten="250,250,240,250" step="2"/><W115/><G115/><T51/><D51/><U100/><E75/><V8/><F8/><N who="0" m="3178" /><D5/><U16/><E50/><V131/><F131/><W41/><G38/><T135/><D135/><U101/><E1/><V132/><F132/><W2/><G2/><T74/><D74/><U17/><E3/><V18/><F18/><W0/><G0/><T11/><D11/><N who="1" m="6175" /><E17/><V59/><AGARI ba="0,1" hai="20,25,31,56,58,59,81,85,88,89,93,97,105,106" machi="59" ten="30,7900,0" yaku="1,1,0,1,54,1,53,1" doraHai="43" doraHaiUra="76" who="2" fromWho="2" sc="250,-39,250,-20,240,89,250,-20" /><INIT seed="1,0,0,3,4,110" ten="211,230,329,230" oya="1" hai0="0,15,59,66,87,14,47,83,75,39,118,92,102" hai1="32,68,106,135,93,128,129,84,62,12,109,108,16" hai2="130,63,86,37,41,77,4,27,114,71,13,9,91" hai3="81,53,133,90,69,134,33,120,65,2,95,115,6"/><U60/><E106/><V1/><F130/><N who="1" m="50281" /><E32/><V35/><F77/><W119/><G120/><T74/><D118/><U107/><E107/><V55/><F37/><W28/><G119/><T30/><D0/><U103/><E135/><V40/><F1/><W48/><G81/><T51/><D30/><U117/><E117/><V73/><F73/><W98/><G65/><T70/><D70/><U79/><E68/><V99/><F99/><W125/><G69/><T50/><D39/><U11/><E103/><V105/><F105/><W46/><G125/><T20/><D20/><U111/><E93/><V36/><F36/><W89/><G89/><T78/><D74/><U104/><E104/><V52/><F71/><W97/><G97/><T67/><D75/><U112/><E112/><V61/><F35/><W126/><G126/><T96/><D51/><U72/><E84/><V94/><F27/><N who="3" m="18591" /><G6/><T45/><D45/><U113/><E113/><V58/><F114/><W3/><G115/><T38/><D38/><U22/><E11/><V24/><F24/><W17/><G17/><T26/><D96/><U131/><N who="1" m="50289" /><U100/><DORA hai="76" /><E100/><V121/><F121/><W19/><G19/><T116/><D102/><U64/><E64/><V23/><F23/><W88/><G90/><T43/><D67/><U49/><E49/><V29/><F29/><W85/><G98/><T31/><D92/><U82/><AGARI ba="0,0" hai="12,16,22,60,62,72,79,82,108,109,111" m="50289" machi="82" ten="50,12000,1" yaku="14,1,10,1,19,1,52,1,54,1" doraHai="110,76" who="1" fromWho="1" sc="211,-40,230,120,329,-40,230,-40" /><INIT seed="1,1,0,1,2,99" ten="171,350,289,190" oya="1" hai0="2,98,6,7,42,26,39,96,113,97,65,18,126" hai1="43,27,50,21,92,34,8,83,51,68,9,0,100" hai2="61,95,120,88,64,89,86,119,102,66,35,29,133" hai3="28,76,106,62,56,135,49,32,87,103,3,11,47"/><U59/><E68/><V1/><F1/><W20/><G32/><T33/><D113/><U31/><E83/><V114/><F120/><W108/><G108/><T132/><D126/><U82/><E82/><V73/><F73/><W37/><G37/><T19/><D132/><U54/><E0/><V101/><F119/><W46/><G135/><T91/><D65/><N who="2" m="25194" /><F133/><W90/><G76/><T80/><D42/><U93/><E34/><V116/><F35/><W40/><G28/><T16/><D39/><U125/><E125/><V72/><F72/><W122/><G20/><T111/><D111/><U69/><E69/><V74/><F74/><W78/><G78/><T112/><D112/><U14/><E92/><N who="2" m="54295" /><F116/><W75/><G75/><T129/><D129/><U17/><E9/><V15/><F114/><W12/><G3/><T70/><D70/><U45/><E93/><V121/><F121/><W128/><G11/><T115/><D115/><U131/><REACH who="1" step="1"/><E131/><REACH who="1" ten="171,340,289,190" step="2"/><V104/><F104/><W110/><G106/><T10/><D2/><U77/><E77/><V5/><F29/><W24/><G128/><T123/><D10/><U109/><E109/><V13/><F5/><W105/><G105/><T67/><D6/><U41/><E41/><V134/><F134/><W117/><G40/><T52/><D7/><U118/><E118/><V71/><F71/><W55/><G117/><T44/><D33/><U48/><E48/><V94/><F94/><N who="3" m="54623" /><G49/><T107/><D107/><U60/><E60/><V30/><F61/><W57/><G62/><T4/><D4/><U25/><E25/><V84/><F30/><RYUUKYOKU ba="1,1" sc="171,-15,340,15,289,15,190,-15" hai1="8,14,17,21,27,31,43,45,50,51,54,59,100" hai2="13,15,84,89,95,101,102" /><INIT seed="1,2,1,5,5,5" ten="156,355,304,175" oya="1" hai0="61,25,32,29,11,48,13,93,0,75,43,99,2" hai1="103,111,94,49,89,131,55,45,14,110,117,78,4" hai2="74,34,59,31,18,83,17,100,46,62,91,53,130" hai3="50,81,116,57,120,67,1,121,10,37,92,106,44"/><U115/><E117/><V97/><F130/><W119/><G106/><T77/><D75/><U109/><E115/><V26/><F46/><W68/><G81/><T98/><D77/><U71/><E131/><V38/><F38/><W108/><G108/><T128/><D128/><U129/><E129/><V9/><F9/><W12/><G1/><T133/><D133/><U88/><E78/><V3/><F3/><W39/><G92/><T35/><D35/><U27/><E71/><V95/><REACH who="2" step="1"/><F91/><REACH who="2" ten="156,355,294,175" step="2"/><W22/><G39/><T127/><D0/><U70/><E103/><V56/><F56/><W134/><G37/><T122/><D2/><U15/><E70/><V76/><AGARI ba="2,2" hai="17,18,26,31,34,53,59,62,74,76,83,95,97,100" machi="76" ten="30,2000,0" yaku="1,1,0,1,53,0" doraHai="5" doraHaiUra="135" who="2" fromWho="2" sc="156,-7,355,-12,294,46,175,-7" /><INIT seed="2,0,0,1,0,128" ten="149,343,340,168" oya="2" hai0="93,63,101,85,20,102,109,24,4,120,6,64,113" hai1="38,118,75,126,111,134,22,94,106,119,104,122,74" hai2="12,43,45,96,11,130,108,3,36,5,54,19,49" hai3="87,39,17,92,132,51,13,80,114,27,103,29,9"/><V68/><F130/><W58/><G39/><T125/><D120/><U88/><E22/><V121/><F121/><W70/><G70/><T42/><D113/><U61/><E122/><V86/><F68/><W77/><G114/><T52/><D42/><U133/><E38/><V21/><F108/><W60/><G51/><T131/><D131/><U28/><E28/><V37/><F96/><W97/><G29/><T66/><D109/><U123/><E61/><V18/><F43/><W34/><G27/><T2/><D125/><U15/><E15/><V44/><F44/><W124/><G34/><T135/><D2/><U35/><E35/><V32/><F32/><W10/><G124/><T7/><D135/><N who="1" m="51723" /><E126/><V57/><F45/><W41/><G132/><T107/><D107/><N who="1" m="41003" /><E111/><V78/><F19/><W81/><G9/><T1/><D4/><U100/><E100/><V67/><F67/><W116/><G17/><T129/><D66/><U23/><E23/><V98/><F36/><W76/><G13/><T53/><D7/><U30/><E30/><V56/><F37/><W112/><G10/><T127/><D127/><U8/><E8/><V82/><F3/><W105/><G103/><N who="0" m="39435" /><D6/><U71/><E71/><V84/><F5/><W69/><G69/><N who="0" m="42143" /><D1/><U25/><E25/><V79/><F11/><W33/><G105/><T62/><D62/><U16/><E16/><V91/><F18/><W95/><G60/><T72/><D129/><U65/><E65/><V31/><F31/><W110/><G110/><T99/><D20/><U50/><E123/><V47/><F21/><W90/><G33/><RYUUKYOKU ba="0,0" sc="149,0,343,0,340,0,168,0" /><INIT seed="3,1,0,2,1,84" ten="149,343,340,168" oya="3" hai0="39,62,50,47,106,6,33,117,36,110,9,80,126" hai1="122,20,41,34,35,46,109,25,102,114,86,90,19" hai2="54,78,129,111,7,14,22,105,18,134,92,85,63" hai3="120,96,30,2,24,21,100,52,135,60,74,11,27"/><W83/><G120/><T81/><D106/><U113/><E122/><V131/><F105/><W127/><G135/><T31/><D117/><U82/><E109/><V15/><F111/><W51/><G127/><T104/><D104/><U133/><E133/><V68/><F134/><W70/><G2/><T48/><D110/><U38/><REACH who="1" step="1"/><E102/><REACH who="1" ten="149,333,340,168" step="2"/><V0/><F129/><W72/><G100/><T59/><D126/><U42/><E42/><V112/><F131/><W79/><G72/><T69/><D39/><U118/><E118/><V91/><F112/><AGARI ba="1,1" hai="19,20,25,34,35,38,41,46,82,86,90,112,113,114" machi="112" ten="40,2600,0" yaku="1,1,52,1,53,0" doraHai="84" doraHaiUra="64" who="1" fromWho="2" sc="149,0,333,39,340,-29,168,0" /><INIT seed="4,0,0,3,3,70" ten="149,372,311,168" oya="0" hai0="47,117,118,133,28,2,12,17,80,71,66,94,95" hai1="50,29,13,76,91,56,4,114,40,67,0,96,55" hai2="113,11,35,111,77,131,20,101,130,64,45,25,88" hai3="1,32,73,60,38,89,78,97,46,41,132,8,84"/><T68/><D2/><U62/><E0/><V120/><F111/><W121/><G32/><T106/><D106/><U54/><E76/><V31/><F120/><W23/><G121/><T129/><D28/><U128/><E128/><N who="2" m="49195" /><F113/><W87/><G132/><T42/><D129/><U19/><E29/><V74/><F101/><W99/><G23/><T124/><D133/><U122/><E122/><V22/><F64/><W24/><G24/><T75/><D124/><U21/><E4/><V3/><F77/><W49/><G60/><T37/><D75/><U72/><E72/><V135/><F74/><W105/><G49/><T115/><D115/><U34/><E34/><V9/><F135/><W61/><G61/><T14/><D80/><U15/><E15/><V86/><F45/><W81/><G105/><T110/><D14/><U125/><E125/><V63/><F63/><W85/><G89/><T39/><D66/><U103/><E91/><V10/><F3/><W92/><G92/><AGARI ba="0,0" hai="9,10,11,20,22,25,31,35,86,88,92" m="49195" machi="92" ten="30,2000,0" yaku="19,1,54,1" doraHai="70" who="2" fromWho="3" sc="149,0,372,0,311,20,168,-20" /><INIT seed="5,0,0,3,5,123" ten="149,372,331,148" oya="1" hai0="98,71,65,21,27,9,119,2,78,24,84,63,93" hai1="80,77,96,53,129,39,55,83,88,66,79,85,33" hai2="116,81,38,12,45,4,19,48,103,28,69,8,30" hai3="132,111,54,94,25,58,49,134,100,56,16,92,52"/><U67/><E39/><V110/><F116/><W73/><G73/><T60/><D119/><U105/><E33/><V3/><F69/><W130/><G130/><T126/><D126/><U82/><E129/><V61/><F38/><W26/><G100/><T135/><D135/><N who="3" m="51753" /><G26/><T113/><D113/><U131/><E131/><V86/><F110/><W118/><G118/><T75/><D75/><U114/><E114/><V17/><F103/><W72/><G72/><T5/><D63/><U124/><E124/><V15/><F3/><W64/><G64/><N who="1" m="24618" /><E105/><V68/><F61/><N who="3" m="35975" /><G111/><T91/><D78/><N who="1" m="29707" /><E96/><V18/><F68/><W13/><G25/><T50/><D50/><U57/><E55/><N who="2" m="30095" /><F15/><W122/><G122/><T35/><D35/><U47/><E47/><V51/><F51/><AGARI ba="0,0" hai="51,53,57,80,82,83,85,88" m="29707,24618" machi="51" ten="30,2900,0" yaku="8,1,54,1" doraHai="123" who="1" fromWho="2" sc="149,0,372,29,331,-29,148,0" /><INIT seed="5,1,0,0,1,73" ten="149,401,302,148" oya="1" hai0="131,63,26,51,125,85,115,31,133,1,3,38,77" hai1="46,99,108,28,39,12,20,8,52,128,90,6,72" hai2="100,119,18,111,102,13,92,19,59,89,104,113,54" hai3="118,66,135,69,134,47,68,16,50,123,105,114,75"/><U64/><E72/><V24/><F111/><W22/><G123/><T78/><D38/><U103/><E108/><V132/><F119/><W42/><G105/><T67/><D51/><U7/><E128/><V36/><F36/><W27/><G118/><T84/><D131/><U87/><E64/><V109/><F109/><W33/><G114/><T107/><D107/><U65/><E65/><V62/><F113/><W88/><G66/><T15/><D15/><U21/><E6/><V81/><F81/><W94/><G33/><T86/><D115/><U32/><E39/><V120/><F120/><W112/><G75/><T17/><D17/><U11/><E11/><N who="2" m="6463" /><F104/><W130/><G112/><T49/><D49/><N who="1" m="28727" /><E32/><V41/><F41/><W58/><G58/><T70/><D133/><N who="3" m="50697" /><G130/><T29/><D125/><U80/><E28/><V0/><F0/><W110/><G110/><T126/><D126/><U116/><E116/><V122/><F122/><W45/><G47/><T48/><D48/><U25/><E25/><V44/><F44/><W56/><G56/><T106/><D106/><U53/><E53/><V93/><F132/><W121/><G121/><T34/><REACH who="0" step="1"/><D31/><REACH who="0" ten="139,401,302,148" step="2"/><U129/><E129/><V117/><F117/><W4/><G4/><T57/><D57/><U10/><E7/><V101/><F59/><W35/><G35/><T76/><AGARI ba="1,1" hai="1,3,26,29,34,63,67,70,76,77,78,84,85,86" machi="76" ten="30,8000,1" yaku="1,1,0,1,52,3,53,0" doraHai="73" doraHaiUra="14" who="0" fromWho="0" sc="139,93,401,-41,302,-21,148,-21" /><INIT seed="6,0,0,1,3,4" ten="232,360,281,127" oya="2" hai0="112,35,88,54,97,58,82,31,22,80,67,76,124" hai1="61,37,15,32,130,129,119,28,101,66,73,128,134" hai2="38,68,99,92,10,47,98,49,53,19,91,52,71" hai3="109,100,25,85,50,121,115,81,18,40,90,11,125"/><V87/><F38/><W21/><G121/><T3/><D35/><U13/><E119/><V51/><F71/><W8/><G109/><T132/><D3/><U120/><E120/><V86/><F68/><W122/><G122/><T75/><D132/><U44/><E134/><V111/><F111/><W103/><G125/><T64/><D112/><U5/><E73/><V7/><F19/><W126/><G126/><T34/><D34/><U108/><E108/><V17/><F17/><W93/><G115/><T127/><D127/><U36/><E101/><V12/><F99/><W107/><G107/><T72/><D97/><U114/><E114/><V26/><F26/><W113/><G113/><T95/><D95/><U84/><E84/><V62/><F62/><W27/><G27/><T123/><D123/><U65/><E65/><V43/><F43/><W48/><G81/><T16/><D31/><U29/><E29/><V23/><F23/><W89/><G89/><T57/><D57/><AGARI ba="0,0" hai="7,10,12,47,49,51,52,53,57,86,87,91,92,98" machi="57" ten="30,11600,0" yaku="7,1,8,1,52,1,54,1" doraHai="4" who="2" fromWho="0" sc="232,-116,360,0,281,116,127,0" /><INIT seed="6,1,0,5,2,97" ten="116,360,397,127" oya="2" hai0="129,34,87,106,98,48,53,39,24,112,32,71,115" hai1="130,10,45,121,105,91,113,11,4,103,89,36,118" hai2="14,79,43,88,3,104,78,122,114,18,132,26,73" hai3="83,42,13,8,68,1,95,74,69,131,51,25,75"/><V82/><F122/><W7/><G131/><T28/><D71/><U33/><E118/><V30/><F3/><W100/><G25/><T127/><D39/><U111/><E111/><V44/><F104/><W116/><G116/><T19/><D129/><U54/><E130/><V81/><F114/><N who="0" m="43562" /><D127/><U29/><E113/><V110/><F132/><W61/><G69/><T77/><D19/><U125/><E125/><V41/><F110/><W17/><G83/><N who="0" m="47599" /><D98/><U86/><E121/><V94/><F81/><W128/><G128/><T5/><D5/><U107/><E11/><V108/><F108/><W58/><G68/><T65/><D65/><U92/><E33/><V40/><F79/><W70/><G70/><T72/><D106/><U47/><E29/><V22/><F44/><W46/><G1/><T117/><D117/><U135/><E135/><V85/><REACH who="2" step="1"/><F41/><REACH who="2" ten="116,360,387,127" step="2"/><W126/><G42/><T62/><D72/><U16/><E107/><V2/><F2/><W66/><G126/><T21/><D62/><U52/><E105/><V80/><F80/><W57/><G74/><T59/><AGARI ba="1,1" hai="21,24,28,32,34,48,53,59" m="47599,43562" machi="59" ten="30,1100,0" yaku="15,1" doraHai="97" who="0" fromWho="0" sc="116,24,360,-4,387,-6,127,-4" /><INIT seed="7,0,0,2,0,76" ten="140,356,381,123" oya="3" hai0="96,22,2,75,18,97,93,46,10,21,86,132,42" hai1="131,134,53,5,102,101,3,9,14,28,4,117,112" hai2="17,71,123,0,133,6,82,62,83,90,48,34,24" hai3="8,38,16,52,7,41,32,120,135,111,118,60,67"/><W77/><G118/><T99/><D75/><U20/><E117/><V54/><F133/><W69/><G120/><T50/><D132/><U106/><E106/><V105/><F105/><W61/><G135/><T103/><D2/><U58/><E134/><V13/><F123/><W57/><G111/><T68/><D68/><U44/><E131/><V80/><F0/><W129/><G129/><T47/><D47/><U87/><E112/><V23/><F71/><W122/><G122/><T30/><D30/><U119/><E119/><V55/><F34/><W51/><G32/><T91/><D103/><U35/><E44/><N who="2" m="27911" /><F6/><W70/><G77/><T115/><D115/><U81/><E35/><V89/><F24/><W79/><G79/><T107/><D107/><U109/><E109/><V78/><F78/><W127/><G127/><T49/><D49/><N who="1" m="31023" /><E3/><V65/><F65/><W15/><G60/><T108/><D108/><U98/><E98/><V56/><AGARI ba="0,0" hai="13,17,23,55,56,62,80,82,83,89,90" m="27911" machi="56" ten="30,7900,0" yaku="8,1,52,3" doraHai="76" who="2" fromWho="2" sc="140,-20,356,-20,381,79,123,-39" owari="120,-28.0,336,14.0,460,56.0,84,-42.0" /></mjloggm>