<mjloggm ver="2.3"><GO type="169" lobby="0"/><UN n0="%E3%83%AB%E3%83%AB%E5%8F%82%E4%B8%8A" n1="%E7%B7%91%E3%81%AE%E3%83%A9%E3%83%B3%E3%83%97" n2="%62%6F%79%61%74%65%74%75" n3="%E3%83%A1%E3%82%AB%E3%82%BC%E3%83%83%E3%83%88%E3%83%B3" dan="17,16,16,16" rate="2161.85,2075.61,2117.20,2135.84" sx="F,M,M,M"/><TAIKYOKU oya="0"/><INIT seed="0,0,0,3,0,85" ten="250,250,250,250" oya="0" hai0="8,125,54,105,107,47,89,23,84,110,69,45,91" hai1="127,90,82,31,95,27,4,20,60,7,14,109,24" hai2="48,51,121,114,65,98,36,117,83,52,92,15,135" hai3="104,28,103,9,86,38,116,113,124,77,18,78,41"/><T101/><D69/><U21/><E109/><V30/><F121/><W115/><G116/><T37/><D110/><U2/><E2/><V120/><F120/><W70/><G70/><T80/><D37/><U128/><E128/><V62/><F114/><W57/><G124/><T134/><D105/><U55/><E82/><V102/><F135/><W132/><G28/><T133/><D125/><U44/><E14/><V118/><F36/><W87/><G57/><T32/><D32/><U43/><E43/><V26/><F15/><W3/><G18/><T123/><D123/><U10/><E10/><V35/><F83/><W25/><G25/><T73/><D73/><U34/><E34/><V88/><F102/><W71/><G71/><T122/><D122/><U108/><E108/><V129/><F129/><W56/><G9/><T39/><D39/><U94/><E94/><V17/><F17/><W76/><G38/><T1/><D107/><U119/><E119/><N who="2" m="45579" /><F65/><W49/><G132/><N who="0" m="50795" /><D101/><U93/><E93/><V97/><F97/><W66/><G103/><T81/><D23/><U74/><E74/><V29/><F30/><W5/><G104/><T40/><D54/><U58/><E44/><N who="0" m="16969" /><D40/><U11/><E11/><V16/><F16/><W61/><G41/><T0/><D8/><U68/><E68/><V99/><F99/><W22/><G115/><T46/><N who="0" m="16977" /><T64/><DORA hai="63" /><D64/><U100/><E100/><V33/><F33/><W13/><G66/><T111/><D111/><U130/><E130/><V50/><F62/><W72/><G113/><T106/><D106/><U42/><E127/><RYUUKYOKU ba="0,0" sc="250,15,250,-15,250,15,250,-15" hai0="0,1,80,81,84,89,91" hai2="26,29,35,48,50,51,52,88,92,98" /><INIT seed="0,1,0,4,3,4" ten="265,235,265,235" oya="0" hai0="56,127,28,17,125,41,8,129,119,54,1,92,20" hai1="5,3,52,69,18,114,40,86,93,102,128,51,72" hai2="135,94,91,124,123,47,24,45,66,95,97,68,0" hai3="117,122,21,84,19,82,58,88,50,12,73,62,121"/><T96/><D119/><U77/><E69/><V106/><F123/><W120/><G117/><T59/><D41/><U98/><E128/><V126/><F106/><W13/><G50/><T27/><D129/><U70/><E70/><V108/><F108/><W118/><G118/><T113/><D113/><U35/><E40/><V53/><F0/><W61/><G73/><T9/><D1/><U43/><E43/><V103/><F135/><W100/><G100/><T31/><D31/><U23/><E35/><V130/><F130/><W131/><G131/><T87/><D87/><U25/><E72/><V29/><F53/><W7/><G58/><T71/><D71/><U134/><E134/><V90/><F66/><W39/><G39/><T16/><D56/><U42/><E42/><V48/><F68/><W107/><G107/><T38/><D38/><U104/><E114/><V26/><F103/><W67/><G67/><T89/><D17/><U101/><E101/><V81/><F29/><W132/><G132/><T11/><REACH who="0" step="1"/><D28/><REACH who="0" ten="255,235,265,235" step="2"/><U99/><E86/><V49/><F97/><W75/><G75/><T6/><D6/><U79/><E99/><V74/><F74/><W110/><G110/><T60/><AGARI ba="1,1" hai="8,9,11,16,20,27,54,59,60,89,92,96,125,127" machi="60" ten="30,24000,3" yaku="1,1,0,1,25,2,52,3,54,1,53,0" doraHai="4" doraHaiUra="105" who="0" fromWho="0" sc="255,253,235,-81,265,-81,235,-81" /><INIT seed="0,2,0,2,2,103" ten="508,154,184,154" oya="0" hai0="44,40,111,11,80,43,52,76,14,21,68,114,115" hai1="128,107,47,13,98,83,6,12,30,25,74,9,77" hai2="46,72,17,18,112,45,62,19,102,104,20,116,78" hai3="15,7,129,89,92,61,35,132,125,131,135,88,60"/><T85/><D68/><U93/><E128/><N who="3" m="49226" /><G35/><T97/><D114/><U28/><E47/><V130/><F130/><W110/><G110/><T134/><D115/><U64/><E64/><V66/><F112/><W84/><G7/><T120/><D120/><U34/><E30/><V22/><F116/><W24/><G15/><T63/><D111/><U51/><E51/><V105/><F102/><W31/><G24/><T41/><D134/><N who="3" m="51241" /><G31/><T73/><D73/><U133/><E133/><V87/><F72/><W32/><G32/><T79/><D21/><U96/><E96/><V113/><F113/><W29/><G29/><T56/><D97/><U70/><E70/><V27/><F18/><W121/><G121/><T109/><D109/><U91/><E13/><V118/><F118/><W50/><G50/><N who="0" m="26911" /><D76/><U55/><E55/><V100/><F22/><W94/><G125/><T4/><AGARI ba="2,0" hai="4,11,14,40,41,52,56,63,79,80,85" m="26911" machi="4" ten="30,6000,0" yaku="25,1,8,1,54,1" doraHai="103" who="0" fromWho="0" sc="508,66,154,-22,184,-22,154,-22" /><INIT seed="0,3,0,4,2,87" ten="574,132,162,132" oya="0" hai0="134,118,21,133,81,27,67,85,63,104,53,105,9" hai1="55,72,77,0,103,90,126,8,100,60,15,73,119" hai2="43,91,54,129,75,135,96,127,56,52,49,62,12" hai3="1,59,47,24,26,4,74,40,32,115,121,113,34"/><T36/><D36/><U65/><E126/><V84/><F127/><W69/><G69/><T107/><D118/><U50/><E119/><V35/><F35/><W33/><G74/><T7/><D53/><U106/><E0/><V3/><F3/><W68/><G68/><T93/><D93/><U114/><E114/><V83/><F129/><W92/><G121/><T64/><D9/><U95/><E106/><V79/><F135/><N who="0" m="51722" /><D7/><U131/><E77/><V14/><F43/><W101/><G59/><N who="0" m="36991" /><D67/><U28/><E73/><V94/><F75/><W48/><G4/><T76/><D104/><U42/><E72/><V98/><F98/><W38/><G1/><T122/><D122/><U22/><E42/><V112/><F112/><W99/><G113/><T97/><D97/><U25/><E131/><V120/><F120/><W13/><G115/><T20/><D20/><U23/><E23/><V57/><AGARI ba="3,0" hai="12,14,49,52,54,56,57,62,79,83,84,91,94,96" machi="57" ten="20,8000,1" yaku="0,1,7,1,8,1,52,1,54,1" doraHai="87" who="2" fromWho="2" sc="574,-43,132,-23,162,89,132,-23" /><INIT seed="1,0,0,4,5,16" ten="531,109,251,109" oya="1" hai0="29,65,62,20,51,17,72,102,114,33,87,21,94" hai1="125,54,108,47,14,96,36,100,28,40,107,129,73" hai2="67,79,135,5,110,115,91,83,15,8,57,32,12" hai3="111,90,134,3,24,38,64,22,42,127,25,50,46"/><U74/><E129/><V85/><F110/><W119/><G111/><T2/><D72/><U77/><E108/><V10/><F135/><W18/><G3/><T7/><D114/><U26/><E125/><V66/><F32/><W52/><G119/><T31/><D33/><U99/><E14/><V37/><F37/><W70/><G127/><T122/><D122/><U44/><E77/><V76/><F115/><W11/><G134/><T118/><D118/><U109/><E109/><V132/><F132/><W88/><G11/><T56/><D2/><U81/><E81/><V130/><F130/><W106/><G106/><T23/><D7/><U101/><E54/><V116/><F116/><W103/><G103/><T124/><D124/><U68/><E47/><V63/><REACH who="2" step="1"/><F66/><REACH who="2" ten="531,109,241,109" step="2"/><W131/><G131/><T53/><D17/><AGARI ba="0,1" hai="5,8,10,12,15,17,57,63,67,76,79,83,85,91" machi="17" ten="30,8000,1" yaku="1,1,2,1,7,1,8,1,53,1" doraHai="16" doraHaiUra="84" who="2" fromWho="0" sc="531,-80,109,0,241,90,109,0" /><INIT seed="2,0,0,0,0,85" ten="451,109,331,109" oya="2" hai0="114,83,134,68,92,75,57,62,13,4,116,44,9" hai1="133,29,72,6,121,7,23,1,39,107,131,0,98" hai2="82,49,59,54,119,105,27,80,100,41,63,135,25" hai3="120,32,33,10,56,122,37,111,126,61,118,45,93"/><V103/><F119/><W70/><G118/><T19/><D114/><U81/><E121/><V71/><F135/><W17/><G70/><T14/><D68/><U67/><E67/><V132/><F132/><W104/><G104/><T112/><D112/><U124/><E39/><V28/><F27/><W40/><G111/><T30/><D30/><U51/><E133/><V36/><F103/><W123/><G126/><T94/><D116/><U97/><E51/><V88/><F36/><W48/><G37/><T127/><D44/><U87/><E72/><V11/><F11/><W84/><G17/><T66/><D127/><U77/><E131/><V74/><F74/><W115/><G10/><T53/><D53/><U31/><E23/><V26/><F41/><W46/><G46/><T86/><D75/><U128/><E128/><V89/><F100/><W42/><G42/><T55/><D55/><U50/><E50/><V65/><F105/><W117/><G115/><T96/><D96/><U15/><E107/><V8/><F8/><W35/><G117/><T21/><REACH who="0" step="1"/><D134/><REACH who="0" ten="441,109,331,109" step="2"/><U47/><E47/><N who="2" m="27967" /><F71/><W90/><REACH who="3" step="1"/><G122/><REACH who="3" ten="441,109,331,99" step="2"/><T18/><D18/><U108/><E124/><V110/><F28/><W22/><G22/><T130/><D130/><U34/><E31/><V12/><F110/><W73/><G73/><T20/><D20/><U95/><E108/><V69/><F69/><W3/><G3/><T60/><D60/><U106/><E1/><V58/><F63/><W125/><G125/><T5/><D5/><U38/><E0/><V78/><F59/><W109/><G109/><T102/><D102/><RYUUKYOKU ba="0,2" sc="441,15,109,-15,331,-15,99,15" hai0="4,9,13,14,19,21,57,62,66,83,86,92,94" hai3="32,33,35,40,45,48,56,61,84,90,93,120,123" /><INIT seed="3,1,2,5,4,35" ten="456,94,316,114" oya="3" hai0="69,27,118,90,75,103,9,105,102,16,15,85,13" hai1="110,92,64,66,29,93,44,36,83,38,55,62,134" hai2="47,72,8,122,56,31,0,24,116,18,32,121,37" hai3="48,73,111,109,51,45,132,81,98,123,114,63,50"/><W5/><G114/><T84/><D118/><U120/><E120/><V82/><F56/><W91/><G123/><T94/><D75/><U11/><E134/><V14/><F116/><W4/><G45/><T99/><D69/><U77/><E29/><V130/><F130/><W126/><G132/><T108/><D108/><N who="3" m="41545" /><G126/><T10/><D27/><U101/><E66/><V33/><F33/><W107/><G63/><T6/><D105/><U106/><E38/><V3/><F121/><W39/><G39/><T70/><D70/><U46/><E11/><V30/><F122/><W96/><G91/><T58/><D58/><U68/><E46/><V133/><F133/><W49/><N who="3" m="12288" /><DORA hai="57" /><W2/><G107/><T71/><D71/><U23/><E55/><V127/><F127/><W67/><G67/><T88/><D99/><N who="3" m="37929" /><G2/><T119/><D119/><U79/><E110/><V41/><F37/><W19/><G19/><T59/><D59/><U21/><E106/><V61/><F61/><W97/><N who="3" m="37937" /><W42/><DORA hai="100" /><G42/><T87/><D87/><U40/><E101/><V95/><F41/><W26/><G26/><T22/><D9/><U28/><E79/><AGARI ba="1,2" hai="4,5,73,79,81" m="37937,12288,41545" machi="79" ten="50,4800,0" yaku="14,1,10,1" doraHai="35,57,100" who="3" fromWho="1" sc="456,0,94,-51,316,0,114,71" /><INIT seed="3,2,0,1,4,54" ten="456,43,316,185" oya="3" hai0="79,62,17,118,39,66,60,123,67,76,82,35,75" hai1="65,90,130,127,14,112,96,97,80,34,98,102,103" hai2="12,88,135,93,53,107,74,70,40,85,105,6,31" hai3="13,71,21,26,119,10,45,99,3,134,19,36,126"/><W22/><G119/><T124/><D118/><U1/><E34/><V20/><F135/><W125/><G71/><T91/><D123/><U46/><E1/><V77/><F70/><W27/><G3/><T109/><D39/><U47/><E112/><V89/><F40/><W49/><G36/><T84/><D35/><U7/><E65/><V131/><F131/><W87/><G134/><T52/><D109/><U64/><E64/><N who="0" m="24617" /><D75/><U30/><E30/><V69/><F69/><W43/><G87/><T4/><D4/><U58/><E130/><V122/><F122/><W106/><G99/><T104/><D104/><U24/><E24/><V92/><F74/><W29/><REACH who="3" step="1"/><G106/><REACH who="3" ten="456,43,316,175" step="2"/><T51/><D124/><U38/><E127/><V50/><F105/><W16/><AGARI ba="2,1" hai="10,13,16,19,21,22,26,27,29,43,45,49,125,126" machi="16" ten="30,11700,0" yaku="1,1,2,1,0,1,54,1,53,0" doraHai="54" doraHaiUra="100" who="3" fromWho="3" sc="456,-41,43,-41,316,-41,175,133" /><INIT seed="3,3,0,5,3,16" ten="415,2,275,308" oya="3" hai0="50,49,31,52,122,68,119,23,98,105,35,127,37" hai1="48,63,30,9,47,14,19,57,34,3,17,103,60" hai2="20,22,27,51,92,91,33,126,1,7,134,108,80" hai3="6,41,79,58,102,118,130,13,11,129,62,99,117"/><W96/><G79/><T24/><D37/><U26/><E103/><V120/><F108/><W36/><G36/><T76/><D68/><U15/><E3/><V100/><F126/><W40/><G40/><T55/><D119/><U42/><E57/><V81/><F134/><W135/><G41/><T29/><D122/><U93/><E93/><V109/><F109/><W112/><G112/><T4/><D4/><U87/><E87/><V107/><F107/><W59/><G135/><T106/><D76/><U70/><E70/><V12/><F100/><W121/><G121/><T69/><D69/><U78/><E78/><V125/><F125/><W113/><G113/><T2/><D2/><U114/><E114/><V44/><F33/><W101/><G13/><T90/><D35/><U53/><E42/><N who="2" m="24983" /><F1/><W61/><G11/><AGARI ba="3,0" hai="9,11,14,15,17,19,26,30,34,47,48,53,60,63" machi="11" ten="30,2000,0" yaku="7,1,9,1" doraHai="16" who="1" fromWho="3" sc="415,0,2,29,275,0,308,-29" /><INIT seed="4,0,0,1,4,100" ten="415,31,275,279" oya="0" hai0="24,7,26,80,96,87,81,1,9,42,124,77,14" hai1="90,18,122,72,48,10,19,27,71,13,114,111,43" hai2="8,38,53,31,52,11,123,28,106,74,36,83,92" hai3="85,62,134,119,110,84,20,133,131,109,86,5,88"/><T117/><D117/><U128/><E72/><V116/><F123/><W63/><G119/><T45/><D124/><U25/><E71/><V103/><F92/><W129/><G20/><T3/><D3/><U105/><E43/><V69/><F69/><W115/><G5/><T17/><D96/><U107/><E122/><V34/><F116/><W22/><G22/><T49/><D81/><U60/><E60/><N who="3" m="23082" /><G88/><T64/><D64/><U55/><E111/><N who="3" m="42506" /><G115/><T76/><D76/><U40/><E40/><V2/><F11/><AGARI ba="0,0" hai="1,7,9,11,14,17,24,26,42,45,49,77,80,87" machi="11" ten="30,1500,0" yaku="7,1" doraHai="100" who="0" fromWho="2" sc="415,15,31,0,275,-15,279,0" /><INIT seed="4,1,0,3,4,131" ten="430,31,260,279" oya="0" hai0="94,33,63,38,12,66,24,39,15,87,95,88,96" hai1="109,29,85,32,100,42,7,115,27,125,75,34,97" hai2="133,74,71,47,135,57,35,41,62,113,52,11,64" hai3="16,105,18,59,26,21,126,4,127,80,121,45,70"/><T86/><D39/><U20/><E109/><V89/><F35/><W92/><G105/><T53/><D38/><U61/><E75/><V78/><F89/><W30/><G70/><T129/><D129/><U65/><E125/><N who="3" m="47626" /><G121/><T6/><D53/><U28/><E42/><V120/><F11/><W54/><G45/><T81/><D6/><U37/><E37/><N who="2" m="21935" /><F74/><W91/><G80/><T40/><D40/><U123/><E115/><V101/><F78/><W106/><G106/><T119/><D119/><U76/><E7/><V0/><F101/><W68/><G68/><T1/><D1/><U46/><E46/><V72/><F72/><W13/><G4/><T23/><D33/><U124/><E124/><V31/><F113/><W93/><G91/><N who="0" m="55423" /><D63/><U112/><E123/><V102/><F120/><W98/><G98/><T60/><D60/><U44/><E44/><V2/><F102/><W118/><G118/><T110/><D66/><U50/><E50/><N who="2" m="30871" /><F31/><W73/><G73/><T114/><D110/><U56/><E29/><V107/><F107/><W132/><G93/><T122/><D114/><U19/><E112/><V79/><F79/><W82/><G92/><T55/><D122/><U3/><E3/><AGARI ba="1,0" hai="0,2,3,62,64,71,133,135" m="30871,21935" machi="3" ten="30,7700,0" yaku="24,1,52,2,54,1" doraHai="131" who="2" fromWho="1" sc="430,0,31,-80,260,80,279,0" owari="430,53.0,-49,-55.0,340,14.0,279,-12.0" /></mjloggm>