<mjloggm ver="2.3"><GO type="169" lobby="0"/><UN n0="%5A%65%6E" n1="%6B%75%72%6F%6D%61" n2="%E8%87%B3%E5%A6%82%E4%BF%A1%E3%83%A2%E3%83%8E" n3="%E9%89%84%E7%A8%9A%E9%AD%9A%E3%82%AB%E3%83%A2%E9%A4%8A%E5%88%86" dan="16,17,16,18" rate="2170.12,2169.94,2053.48,2187.63" sx="M,F,M,F"/><TAIKYOKU oya="0"/><INIT seed="0,0,0,1,1,28" ten="250,250,250,250" oya="0" hai0="106,34,46,49,63,23,37,116,70,30,107,48,39" hai1="68,127,55,123,40,135,17,79,61,126,73,71,76" hai2="134,117,125,31,9,114,132,98,21,77,104,58,75" hai3="50,38,85,129,122,89,81,66,95,10,100,4,93"/><T103/><D116/><U8/><E123/><V64/><F117/><W53/><G38/><N who="0" m="14347" /><D23/><U59/><E40/><V57/><F114/><W43/><G129/><T83/><D83/><U52/><E135/><N who="2" m="51755" /><F64/><W16/><G122/><T54/><D46/><U78/><E73/><V36/><F36/><W88/><G43/><T56/><D54/><U94/><E94/><V108/><F108/><W105/><G66/><N who="0" m="41311" /><D56/><U12/><REACH who="1" step="1"/><E55/><REACH who="1" ten="250,240,250,250" step="2"/><V74/><F74/><W109/><G93/><T82/><D107/><U60/><E60/><V101/><F75/><W47/><G105/><T65/><D65/><U90/><E90/><V1/><F104/><W25/><G100/><T11/><D82/><U15/><E15/><V29/><F101/><W111/><G111/><T97/><D11/><U13/><E13/><V119/><F9/><W92/><G109/><T130/><D130/><U44/><E44/><V131/><F131/><W14/><G89/><T3/><D3/><U110/><E110/><V19/><F1/><W112/><G112/><T91/><D91/><U99/><E99/><V102/><F119/><W24/><G24/><AGARI ba="0,1" hai="24,30,34,48,49,97,103,106" m="41311,14347" machi="24" ten="30,2900,0" yaku="25,1,52,1" doraHai="28" who="0" fromWho="3" sc="250,39,240,0,250,0,250,-29" /><INIT seed="0,1,0,3,1,15" ten="289,240,250,221" oya="0" hai0="32,5,118,98,38,105,83,104,128,106,46,26,110" hai1="62,47,53,103,48,99,77,40,90,64,35,12,69" hai2="2,58,11,121,43,44,13,101,116,50,113,120,52" hai3="74,124,16,63,109,30,111,1,125,88,36,51,93"/><T70/><D118/><U73/><E35/><V7/><F116/><W29/><G36/><T14/><D128/><U108/><E108/><N who="3" m="41546" /><G74/><T122/><D122/><U107/><E90/><V66/><F113/><W126/><G1/><T72/><D110/><U20/><E77/><V131/><F131/><W6/><G6/><T80/><D70/><U132/><E73/><V57/><F101/><W31/><G51/><T39/><D46/><U61/><E132/><V68/><F2/><W102/><G63/><T78/><D83/><U89/><E89/><V94/><F94/><W28/><N who="3" m="7680" /><DORA hai="133" /><W10/><G102/><N who="0" m="62551" /><D32/><U24/><E12/><V17/><F7/><W65/><G65/><T123/><D26/><U41/><REACH who="1" step="1"/><E62/><REACH who="1" ten="289,230,250,221" step="2"/><V85/><F85/><N who="3" m="52367" /><G126/><T114/><D123/><U55/><E55/><V49/><F120/><W4/><G4/><T21/><D5/><U92/><E92/><V82/><F121/><W117/><G117/><T67/><D106/><U25/><E25/><V8/><F66/><W23/><G10/><T87/><D105/><U95/><E95/><V135/><F135/><W54/><G54/><T100/><D67/><U75/><E75/><V81/><F11/><W42/><G42/><T84/><D72/><U33/><E33/><V22/><F8/><W86/><G86/><T9/><D87/><U19/><AGARI ba="1,1" hai="19,20,24,40,41,47,48,53,61,64,69,99,103,107" machi="19" ten="20,5200,0" yaku="1,1,0,1,7,1,52,1,53,0" doraHai="15,133" doraHaiUra="79,112" who="1" fromWho="1" sc="289,-27,230,65,250,-14,221,-14" /><INIT seed="1,0,0,3,3,120" ten="262,295,236,207" oya="1" hai0="83,90,77,36,76,59,35,89,67,56,23,62,100" hai1="73,132,78,61,7,79,116,133,71,74,128,16,86" hai2="88,68,96,57,37,52,44,39,131,33,42,54,75" hai3="48,45,27,66,92,3,41,70,109,65,32,122,84"/><U103/><E116/><V34/><F75/><W130/><G122/><T97/><D35/><U99/><E7/><V38/><F131/><W6/><G130/><T58/><D36/><U43/><E43/><V129/><F129/><W5/><G70/><T112/><D112/><U95/><E128/><V72/><F72/><N who="1" m="27753" /><E61/><V94/><F68/><W113/><G113/><T0/><D0/><U46/><E46/><V91/><F91/><W22/><G32/><T40/><D40/><U51/><E51/><V11/><F11/><W18/><G3/><T121/><D121/><U10/><E71/><V60/><REACH who="2" step="1"/><F42/><REACH who="2" ten="262,295,226,207" step="2"/><W119/><G41/><T55/><D89/><U17/><E10/><V2/><F2/><W111/><G119/><T87/><D90/><U21/><E79/><V1/><F1/><W134/><G5/><T98/><D77/><U101/><E101/><V47/><F47/><W80/><G6/><T24/><D100/><U19/><E78/><V8/><F8/><W13/><G45/><T127/><D59/><U135/><E86/><V114/><F114/><W85/><G85/><T31/><REACH who="0" step="1"/><D127/><REACH who="0" ten="252,295,226,207" step="2"/><U115/><E115/><V12/><F12/><AGARI ba="0,2" hai="12,16,17,19,21,95,99,103,132,133,135" m="27753" machi="12" ten="40,3900,0" yaku="20,1,54,1" doraHai="120" who="1" fromWho="2" sc="252,0,295,59,226,-39,207,0" /><INIT seed="1,1,0,2,2,120" ten="252,354,187,207" oya="1" hai0="101,25,67,34,91,20,39,133,110,119,16,13,72" hai1="97,52,37,45,18,107,73,89,31,71,33,62,115" hai2="8,70,30,135,113,38,83,12,9,112,88,10,99" hai3="75,14,93,134,87,26,22,29,57,3,130,84,92"/><U11/><E73/><V102/><F38/><W74/><G134/><T79/><D119/><U35/><E115/><N who="2" m="44107" /><F70/><W50/><G130/><T51/><D39/><U0/><E31/><V127/><F30/><W59/><G3/><T44/><D101/><U58/><E71/><V98/><F135/><W36/><G36/><T78/><D133/><U118/><E118/><V24/><F24/><W104/><G104/><T105/><D105/><U122/><E122/><V95/><F127/><W17/><G75/><T77/><D34/><U56/><E56/><V55/><F55/><N who="3" m="31991" /><G59/><T68/><D72/><U128/><E128/><V80/><F12/><W66/><G66/><T86/><D13/><U60/><E60/><V61/><F61/><W129/><G74/><T116/><D116/><U90/><E18/><V27/><F27/><W108/><G108/><T85/><D110/><U40/><E35/><V54/><F54/><W76/><G129/><T94/><D68/><U48/><E33/><V123/><F123/><W49/><G49/><T69/><D69/><U96/><E37/><V114/><N who="2" m="44115" /><V63/><DORA hai="47" /><F63/><W5/><G5/><T64/><REACH who="0" step="1"/><D86/><REACH who="0" ten="242,354,187,207" step="2"/><U131/><E131/><V21/><F21/><N who="3" m="11447" /><G87/><T106/><D106/><AGARI ba="1,1" hai="8,9,10,80,83,88,95,98,99,102,106" m="44115" machi="106" ten="40,2600,0" yaku="11,1,54,1" doraHai="120,47" who="2" fromWho="0" sc="242,-29,354,0,187,39,207,0" /><INIT seed="2,0,0,1,0,62" ten="213,354,226,207" oya="2" hai0="21,110,104,108,50,18,116,79,96,134,95,80,72" hai1="23,88,78,87,100,127,92,102,93,123,56,59,15" hai2="101,43,40,97,131,22,68,82,133,121,4,135,26" hai3="6,48,130,12,124,2,118,70,111,125,31,77,132"/><V90/><F121/><W75/><G118/><T20/><D104/><U73/><E123/><V89/><F4/><W51/><G2/><T61/><D134/><N who="2" m="51210" /><F68/><W9/><G132/><T109/><D116/><U13/><E127/><V25/><F25/><W33/><G111/><T126/><D126/><U54/><E73/><V45/><F82/><W0/><G130/><T120/><D120/><U98/><E78/><V47/><F47/><W55/><G70/><T69/><D50/><N who="1" m="30807" /><E102/><V42/><F45/><W86/><G75/><T67/><REACH who="0" step="1"/><D18/><REACH who="0" ten="203,354,226,207" step="2"/><U119/><E119/><V103/><F131/><W27/><G51/><T46/><D46/><U53/><E23/><V84/><F43/><W7/><G125/><T10/><D10/><U3/><E3/><V64/><F42/><W32/><G124/><T115/><D115/><U122/><E122/><V30/><F40/><W16/><G0/><T94/><D94/><U37/><E37/><V34/><F22/><W19/><G9/><T83/><D83/><U129/><E129/><V74/><F34/><W113/><G33/><T128/><D128/><U114/><E114/><V1/><F1/><W29/><G113/><T36/><D36/><U91/><E100/><AGARI ba="0,1" hai="20,21,61,67,69,72,79,80,95,96,100,108,109,110" machi="100" ten="40,8000,1" yaku="1,1,14,1,52,1,53,1" doraHai="62" doraHaiUra="106" who="0" fromWho="1" sc="203,90,354,-80,226,0,207,0" /><INIT seed="3,0,0,0,1,16" ten="293,274,226,207" oya="3" hai0="92,28,124,75,27,11,45,79,110,65,43,72,115" hai1="93,12,13,116,120,86,99,35,25,26,33,62,125" hai2="109,100,128,44,123,94,66,57,1,67,15,91,112" hai3="97,19,64,87,48,46,95,113,36,134,135,59,61"/><W31/><G113/><T85/><D110/><U60/><E120/><V49/><F112/><W102/><G36/><T5/><D65/><U80/><E125/><V54/><F1/><W38/><G38/><T130/><D130/><U7/><E35/><V81/><F109/><W58/><G58/><T101/><D124/><U32/><E32/><V20/><F128/><W76/><G19/><T51/><D115/><U39/><E39/><V8/><F123/><W88/><G76/><T6/><D6/><U71/><E33/><V52/><F100/><W21/><G48/><T56/><D56/><U69/><E69/><V121/><F81/><N who="3" m="49263" /><G46/><T107/><D107/><U126/><E126/><V132/><F121/><W96/><G97/><T117/><D117/><U47/><E47/><V42/><F132/><N who="3" m="50731" /><G31/><T131/><D131/><U0/><E116/><V22/><F42/><W23/><AGARI ba="0,0" hai="21,23,59,61,64,95,96,102" m="50731,49263" machi="23" ten="30,11700,0" yaku="20,1,52,2,54,1" doraHai="16" who="3" fromWho="3" sc="293,-39,274,-39,226,-39,207,117" /><INIT seed="3,1,0,0,3,13" ten="254,235,187,324" oya="3" hai0="114,29,49,125,34,132,115,118,23,135,84,39,111" hai1="22,103,97,4,11,47,71,48,129,60,110,104,17" hai2="126,12,100,77,70,30,42,69,123,128,53,106,52" hai3="37,41,26,107,75,9,76,6,102,98,61,81,2"/><W88/><G61/><T96/><D39/><U67/><E110/><V122/><F77/><W51/><G26/><N who="0" m="18743" /><D96/><U40/><E129/><V58/><F30/><W79/><G76/><T113/><D84/><U83/><E83/><V82/><F128/><W130/><G51/><T93/><D93/><U54/><E11/><V25/><F25/><W1/><G130/><T28/><D49/><U59/><E4/><V73/><F42/><W19/><G1/><T38/><D38/><U133/><E133/><N who="0" m="51273" /><D118/><U80/><E80/><V32/><F53/><W27/><G88/><T86/><D86/><U66/><REACH who="1" step="1"/><E71/><REACH who="1" ten="254,225,187,324" step="2"/><V43/><F70/><W56/><G81/><T62/><D111/><U16/><E16/><V124/><F69/><W10/><G19/><T3/><D3/><U90/><E90/><V101/><F82/><W117/><G2/><T87/><D115/><U134/><E134/><V46/><F122/><W21/><G6/><T78/><D114/><U24/><AGARI ba="1,1" hai="17,22,24,40,47,48,54,59,60,66,67,97,103,104" machi="24" ten="20,5200,0" yaku="1,1,0,1,7,1,52,1,53,0" doraHai="13" doraHaiUra="119" who="1" fromWho="1" sc="254,-14,225,65,187,-14,324,-27" /><INIT seed="4,0,0,3,0,116" ten="240,290,173,297" oya="0" hai0="74,31,119,109,129,85,110,113,94,88,10,71,78" hai1="55,14,27,133,128,50,92,65,45,28,130,70,68" hai2="46,76,34,90,125,91,72,120,98,44,54,99,15" hai3="11,35,67,13,60,29,18,38,100,112,4,25,80"/><T64/><D119/><U89/><E133/><V97/><F34/><W104/><G38/><T24/><D113/><U62/><E14/><V105/><F105/><W102/><G112/><T8/><D129/><N who="1" m="49771" /><E62/><V86/><F125/><W53/><G53/><T101/><D101/><U108/><E65/><V16/><F72/><W69/><G80/><N who="0" m="45143" /><D64/><U126/><E126/><V49/><F120/><W93/><G93/><T37/><D37/><U127/><E127/><V56/><F76/><W83/><G83/><T118/><D71/><U3/><E3/><V52/><F54/><W30/><G29/><T20/><D118/><U1/><E1/><V135/><F135/><W2/><REACH who="3" step="1"/><G104/><REACH who="3" ten="240,290,173,287" step="2"/><T51/><D51/><U95/><E95/><N who="2" m="54743" /><F91/><W124/><G124/><T79/><D79/><U33/><E108/><AGARI ba="0,1" hai="8,10,20,24,31,85,88,94,108,109,110" m="45143" machi="108" ten="30,2900,0" yaku="10,1,54,1" doraHai="116" who="0" fromWho="1" sc="240,39,290,-29,173,0,287,0" /><INIT seed="4,1,0,2,5,123" ten="279,261,173,287" oya="0" hai0="15,109,105,29,129,6,30,97,74,62,14,80,11" hai1="23,79,2,117,47,103,39,63,83,120,85,133,68" hai2="12,46,5,59,104,77,127,1,34,60,69,52,42" hai3="108,94,8,112,78,19,16,93,75,132,50,106,37"/><T118/><D118/><U24/><E117/><V125/><F34/><W27/><G37/><T102/><D129/><U10/><E120/><V76/><F104/><W86/><G106/><T55/><D14/><U116/><E116/><V17/><F69/><W36/><G36/><T89/><D74/><U65/><E133/><V84/><F1/><W70/><G70/><T45/><D109/><U51/><E39/><V40/><F40/><W121/><G75/><T20/><D20/><U90/><E103/><V99/><F99/><W122/><G122/><T0/><D0/><U22/><E79/><V87/><F77/><W88/><G121/><T107/><D107/><U111/><E111/><V33/><F33/><W49/><G108/><T130/><D130/><U31/><E2/><V56/><F5/><W96/><G112/><T57/><REACH who="0" step="1"/><D45/><REACH who="0" ten="269,261,173,287" step="2"/><U115/><E115/><V48/><F76/><W67/><G78/><T41/><D41/><U25/><E10/><V101/><F125/><W43/><G8/><T21/><D21/><U134/><E134/><V73/><F73/><W61/><G43/><T113/><D113/><U28/><E47/><V91/><F127/><W58/><G132/><T128/><D128/><U110/><E110/><V82/><F12/><W71/><G27/><T13/><D13/><U98/><E23/><V64/><F42/><W54/><G19/><T119/><D119/><U26/><E22/><V124/><F124/><W32/><G16/><T18/><D18/><U114/><E114/><V9/><F46/><W4/><G4/><T44/><D44/><U53/><E24/><RYUUKYOKU ba="1,1" sc="269,30,261,-10,173,-10,287,-10" hai0="6,11,15,29,30,55,57,62,80,89,97,102,105" /><INIT seed="4,2,1,2,5,48" ten="299,251,163,277" oya="0" hai0="116,37,0,45,68,17,91,29,11,114,15,89,49" hai1="34,128,102,18,40,86,42,16,124,79,109,28,133" hai2="55,35,81,61,71,56,32,36,53,119,21,54,4" hai3="115,41,110,8,105,7,62,78,63,23,134,95,101"/><T44/><D116/><U120/><E109/><V129/><F36/><W107/><G110/><T59/><D68/><U52/><E120/><V33/><F71/><W125/><G41/><N who="1" m="15978" /><E34/><V69/><F69/><W97/><G78/><T1/><D37/><U104/><E104/><V10/><F119/><W87/><G115/><T31/><D114/><U65/><E102/><V64/><F21/><W127/><G23/><T100/><D100/><U57/><E28/><N who="0" m="10825" /><D1/><U13/><E124/><N who="3" m="47690" /><G134/><T38/><D0/><U80/><E133/><V12/><REACH who="2" step="1"/><F81/><REACH who="2" ten="299,251,153,277" step="2"/><W74/><G107/><T19/><D38/><U126/><E126/><V77/><F77/><W90/><G74/><T84/><D91/><U106/><E80/><V132/><F132/><W43/><G43/><T73/><D73/><U46/><E79/><V75/><F75/><W103/><G101/><T26/><D89/><U9/><E128/><AGARI ba="2,2" hai="4,10,12,32,33,35,53,54,55,56,61,64,128,129" machi="128" ten="50,8000,1" yaku="1,1,52,3,53,0" doraHai="48" doraHaiUra="67" who="2" fromWho="1" sc="299,0,251,-86,153,106,277,0" /><INIT seed="5,0,0,4,1,117" ten="299,165,259,277" oya="1" hai0="62,31,106,89,55,97,93,99,119,98,128,1,77" hai1="2,65,129,124,63,9,125,74,109,33,94,85,90" hai2="14,111,70,59,53,30,68,110,112,102,103,83,23" hai3="87,134,121,26,37,133,88,58,75,52,130,15,92"/><U34/><E129/><V107/><F83/><W101/><G130/><T8/><D119/><U56/><E74/><V4/><F112/><W20/><G75/><T44/><D128/><U79/><E79/><V0/><F0/><W5/><G37/><T105/><D31/><U131/><E131/><V10/><F103/><W115/><G101/><T49/><D77/><U6/><REACH who="1" step="1"/><E109/><REACH who="1" ten="299,155,259,277" step="2"/><V18/><F110/><W36/><G133/><T25/><D105/><U108/><E108/><V54/><F111/><W73/><G73/><T45/><D106/><U51/><E51/><V80/><F107/><W32/><G134/><T47/><D62/><U69/><E69/><V46/><F70/><W11/><G36/><T123/><D49/><U50/><E50/><V120/><F68/><W84/><G115/><T135/><D135/><U48/><E48/><V91/><F59/><W19/><G58/><T40/><D40/><U127/><AGARI ba="0,1" hai="2,6,9,33,34,56,63,65,85,90,94,124,125,127" machi="127" ten="30,6000,0" yaku="1,1,0,1,18,1,53,0" doraHai="117" doraHaiUra="39" who="1" fromWho="1" sc="299,-20,155,70,259,-20,277,-20" /><INIT seed="5,1,0,2,4,99" ten="279,225,239,257" oya="1" hai0="7,61,33,133,65,3,23,66,115,45,18,114,105" hai1="27,48,72,121,90,34,95,24,76,96,10,102,79" hai2="54,4,124,112,88,42,80,73,37,122,39,41,64" hai3="110,43,132,70,53,28,44,71,87,51,12,13,62"/><U108/><E121/><V100/><F122/><W0/><G110/><T8/><D33/><U67/><E108/><V60/><F4/><W19/><G0/><T5/><D5/><U117/><E117/><V128/><F54/><W21/><G132/><T93/><D105/><U1/><E67/><V17/><F128/><W16/><G28/><T85/><D133/><U49/><E72/><V126/><F112/><N who="0" m="43050" /><D45/><U25/><E34/><V35/><F35/><W2/><G2/><T15/><D61/><U89/><E1/><V22/><F100/><W57/><REACH who="3" step="1"/><G87/><REACH who="3" ten="279,225,239,247" step="2"/><T6/><D3/><U127/><E127/><V40/><F73/><W30/><G30/><T116/><D85/><U92/><E10/><AGARI ba="1,1" hai="10,12,13,16,19,21,43,44,51,53,57,62,70,71" machi="10" ten="30,8000,1" yaku="1,1,7,1,54,1,53,2" doraHai="99" doraHaiUra="11" who="3" fromWho="1" sc="279,0,225,-83,239,0,247,93" /><INIT seed="6,0,0,3,4,117" ten="279,142,239,340" oya="2" hai0="38,91,96,71,134,129,74,30,78,6,22,115,75" hai1="132,57,68,124,88,61,17,50,64,58,72,7,15" hai2="36,10,86,47,106,116,53,92,101,69,39,52,76" hai3="33,21,49,12,105,40,8,89,67,83,79,95,3"/><V82/><F116/><W90/><G33/><T125/><D91/><U59/><E72/><V126/><F106/><W2/><G105/><T56/><D56/><U110/><E110/><V109/><F109/><W13/><G67/><T77/><D96/><U85/><E124/><V48/><F126/><W14/><G21/><T81/><D6/><U118/><E118/><V84/><F69/><W113/><G2/><T20/><D125/><U104/><E104/><V123/><F123/><W0/><G0/><T34/><D134/><U44/><E7/><V87/><F10/><W46/><G3/><T27/><D115/><U119/><E132/><V108/><F108/><W19/><G113/><T25/><D129/><U45/><E119/><V42/><F39/><W97/><G90/><T133/><D133/><U5/><E5/><V100/><F92/><W43/><G43/><T32/><D38/><U51/><E51/><V99/><F99/><W62/><G62/><T93/><D93/><U122/><E122/><V114/><F114/><W121/><G121/><T120/><D71/><U11/><REACH who="1" step="1"/><E50/><REACH who="1" ten="279,132,239,340" step="2"/><V41/><F36/><W54/><G40/><T127/><D127/><U102/><E102/><N who="2" m="39531" /><F42/><W37/><G37/><T66/><D120/><U80/><AGARI ba="0,1" hai="11,15,17,44,45,57,58,59,61,64,68,80,85,88" machi="80" ten="30,4000,0" yaku="1,1,0,1,54,1,53,0" doraHai="117" doraHaiUra="29" who="1" fromWho="1" sc="279,-10,132,50,239,-20,340,-10" /><INIT seed="7,0,0,1,3,1" ten="269,182,219,330" oya="3" hai0="113,117,34,131,103,17,12,6,107,30,57,90,63" hai1="98,135,45,22,19,82,79,32,85,50,91,122,18" hai2="121,26,84,129,108,33,114,112,70,110,39,11,48" hai3="95,111,97,76,100,130,59,118,44,58,126,49,128"/><W4/><G118/><T80/><D131/><N who="3" m="50217" /><G111/><T119/><D17/><U14/><E135/><V47/><F39/><W40/><G126/><T53/><D113/><N who="2" m="43626" /><F121/><W81/><G4/><T2/><D12/><U125/><E125/><V9/><F84/><AGARI ba="0,0" hai="40,44,49,58,59,76,81,84,95,97,100" m="50217" machi="84" ten="30,1500,0" yaku="19,1" doraHai="1" who="3" fromWho="2" sc="269,0,182,0,219,-15,330,15" owari="269,7.0,182,-32.0,204,-20.0,345,45.0" /></mjloggm>