<mjloggm ver="2.3"><GO type="225" lobby="0"/><UN n0="%E9%89%84%E5%BC%B7%E3%83%A2%E3%83%92%E3%83%BC%E3%83%8C%E4%B8%83%E6%AE%B5" n1="%E3%81%8A%E5%91%B3%E5%99%8C%E3%82%B9%E3%83%BC%E3%83%97" n2="%E3%81%AB%E3%81%9B%E6%82%9F%E7%A9%BA" n3="%E5%B7%A5%E8%97%A4%E6%96%B0%E4%B8%80" dan="18,16,17,16" rate="2239.50,2065.15,2174.42,2118.64" sx="F,M,M,M"/><TAIKYOKU oya="0"/><INIT seed="0,0,0,0,0,113" ten="250,250,250,250" oya="0" hai0="49,83,67,65,116,106,27,91,128,64,112,120,0" hai1="130,104,33,122,34,119,36,73,5,44,52,30,45" hai2="97,103,58,17,126,123,55,43,47,81,25,6,24" hai3="117,12,131,19,115,21,29,111,10,63,135,121,16"/><T74/><D112/><U54/><E122/><V95/><F123/><W2/><G63/><T93/><D120/><U132/><E73/><V9/><F126/><W77/><G77/><T105/><D0/><U92/><E104/><V35/><F81/><W89/><G89/><T56/><D128/><U101/><E5/><V41/><F41/><W70/><G70/><T40/><D116/><U98/><E130/><V79/><F79/><W96/><G96/><T32/><D74/><U61/><E119/><V28/><F17/><N who="3" m="8343" /><G121/><T20/><D32/><U48/><E132/><V51/><F25/><N who="3" m="16559" /><G115/><T80/><D106/><U76/><E76/><V86/><F86/><W124/><G131/><T108/><D108/><U127/><E127/><V7/><REACH who="2" step="1"/><F9/><REACH who="2" ten="250,250,240,250" step="2"/><W109/><G124/><T62/><D83/><U53/><E30/><V13/><F13/><W118/><G2/><T1/><D1/><U66/><E36/><AGARI ba="0,1" hai="6,7,24,28,35,36,43,47,51,55,58,95,97,103" machi="36" ten="30,2000,0" yaku="1,1,7,1,53,0" doraHai="113" doraHaiUra="133" who="2" fromWho="1" sc="250,0,250,-20,240,30,250,0" /><INIT seed="1,0,0,3,1,36" ten="250,230,270,250" oya="1" hai0="26,3,102,120,116,132,10,48,82,83,30,56,51" hai1="67,37,78,71,55,115,4,28,54,89,114,87,80" hai2="46,21,134,107,16,86,1,40,108,113,111,112,88" hai3="105,118,63,68,19,91,72,69,135,23,98,62,47"/><U100/><E37/><N who="2" m="21775" /><F107/><W131/><G131/><T106/><D116/><U61/><E4/><V66/><F66/><W57/><G135/><T7/><D132/><U101/><E115/><N who="2" m="44107" /><F1/><W34/><G118/><T5/><D120/><U41/><E114/><V18/><F134/><W38/><G72/><T70/><D70/><U85/><E41/><V42/><F42/><W44/><G34/><T127/><D127/><U39/><E39/><V65/><F65/><W95/><G105/><T84/><D5/><U75/><E75/><V24/><F18/><W117/><G117/><T53/><D106/><U121/><E121/><V52/><F52/><W6/><G38/><T49/><D102/><U43/><E43/><V32/><F32/><W125/><G6/><T128/><D128/><U73/><E73/><V122/><F122/><W92/><G19/><T31/><D31/><U124/><E124/><V45/><F45/><W94/><G125/><T96/><D53/><U109/><E54/><V2/><F2/><W35/><G35/><T13/><D3/><U129/><E129/><V99/><F99/><W15/><G44/><T14/><D96/><U33/><E55/><V60/><F60/><N who="3" m="23083" /><G47/><T77/><D56/><U27/><REACH who="1" step="1"/><E109/><REACH who="1" ten="250,220,270,250" step="2"/><V90/><F86/><W25/><G98/><T110/><D110/><AGARI ba="0,1" hai="16,21,24,88,90,108,110,111" m="44107,21775" machi="110" ten="30,8000,1" yaku="14,1,11,1,52,1,54,2" doraHai="36" who="2" fromWho="0" sc="250,-80,220,0,270,90,250,0" /><INIT seed="2,0,0,1,1,71" ten="170,220,360,250" oya="2" hai0="58,4,54,85,129,135,102,9,8,110,38,47,134" hai1="18,97,22,40,119,52,128,75,73,124,25,3,67" hai2="7,21,76,12,14,86,106,95,91,66,68,65,122" hai3="17,127,104,100,41,120,6,56,39,10,43,50,29"/><V19/><F106/><W62/><G127/><T59/><D110/><U28/><E119/><V78/><F122/><W89/><G120/><T126/><D126/><U82/><E124/><V80/><F68/><W105/><G29/><T125/><D125/><U103/><E128/><V27/><F14/><W24/><G24/><T11/><D129/><U113/><E113/><V35/><F35/><W13/><G6/><T72/><D72/><U60/><E3/><V99/><F78/><W63/><G39/><T90/><D102/><U84/><E40/><V77/><F76/><W15/><G89/><T1/><D4/><U31/><E75/><V96/><F96/><W107/><G100/><T2/><D2/><U130/><E73/><V98/><F98/><W112/><G112/><T115/><D1/><U81/><E130/><V26/><F26/><W30/><G30/><N who="1" m="11306" /><E67/><V79/><F79/><W116/><G116/><T121/><D115/><U123/><E123/><V94/><F94/><W44/><G41/><T51/><D121/><U37/><E37/><V55/><F55/><W83/><G83/><N who="1" m="31754" /><E84/><V69/><F69/><W32/><G32/><T117/><D117/><U61/><E52/><V46/><F46/><W108/><G105/><T133/><REACH who="0" step="1"/><D38/><REACH who="0" ten="160,220,360,250" step="2"/><U131/><E131/><V16/><F7/><W111/><G111/><T42/><D42/><U49/><E103/><V34/><F34/><W48/><G43/><T45/><D45/><U64/><E64/><V114/><F114/><W87/><G44/><T74/><D74/><U20/><E25/><V33/><F33/><W118/><G118/><RYUUKYOKU ba="0,1" sc="160,15,220,-15,360,15,250,-15" hai0="8,9,11,47,51,54,58,59,85,90,133,134,135" hai2="12,16,19,21,27,65,66,77,80,86,91,95,99" /><INIT seed="2,1,1,5,1,125" ten="175,205,375,235" oya="2" hai0="8,68,111,58,107,124,93,106,99,135,64,38,54" hai1="26,15,86,9,89,71,81,30,45,94,0,78,100" hai2="77,74,76,3,32,75,67,47,44,109,52,126,25" hai3="59,33,11,127,23,128,20,29,1,70,51,60,63"/><V39/><F3/><W12/><G128/><T104/><D124/><U130/><E71/><V132/><F126/><W131/><G131/><T118/><D118/><U122/><E130/><V13/><F67/><W91/><G127/><T49/><D111/><U14/><E122/><V105/><F105/><W97/><G1/><T80/><D135/><U40/><E100/><V46/><F13/><W119/><G119/><T35/><D35/><U73/><E0/><V50/><F132/><W121/><G121/><T18/><D80/><U110/><E9/><V36/><F25/><W116/><G116/><T113/><D113/><U112/><E110/><V21/><F21/><W90/><G33/><T72/><D72/><U34/><REACH who="1" step="1"/><E112/><REACH who="1" ten="175,195,375,235" step="2"/><V83/><F109/><W66/><G70/><T37/><D68/><U16/><E16/><V43/><F39/><AGARI ba="1,2" hai="14,15,26,30,34,39,40,45,73,78,81,86,89,94" machi="39" ten="30,2000,0" yaku="1,1,7,1,53,0" doraHai="125" doraHaiUra="56" who="1" fromWho="2" sc="175,0,195,43,375,-23,235,0" /><INIT seed="3,0,0,5,1,97" ten="175,238,352,235" oya="3" hai0="135,109,42,110,36,59,125,19,26,112,17,120,20" hai1="87,7,35,106,94,18,76,61,37,122,128,9,73" hai2="21,132,64,50,53,38,34,67,30,80,101,74,65" hai3="99,107,40,10,78,33,62,63,116,2,95,68,92"/><W32/><G116/><T111/><D120/><U47/><E122/><V134/><F34/><W43/><G78/><T79/><D135/><N who="2" m="51754" /><F38/><W90/><G107/><T81/><D125/><U113/><E61/><V77/><F101/><W0/><G10/><T82/><D112/><U8/><E18/><V48/><F53/><W16/><G99/><T41/><D36/><U126/><E87/><V52/><F52/><W15/><G15/><T98/><D19/><U124/><E94/><V13/><F13/><W31/><G16/><T29/><D59/><U83/><E128/><V85/><F85/><W51/><G51/><T23/><D98/><U96/><E35/><V75/><F75/><W129/><G90/><T102/><D102/><N who="1" m="62791" /><E113/><V84/><F74/><W123/><G68/><T119/><D119/><U5/><E9/><V27/><AGARI ba="0,0" hai="21,27,30,48,50,64,65,67,77,80,84" m="51754" machi="27" ten="40,1500,0" yaku="20,1" doraHai="97" who="2" fromWho="2" sc="175,-4,238,-4,352,15,235,-7" owari="171,-33.0,234,3.0,367,47.0,228,-17.0" /></mjloggm>