<mjloggm ver="2.3"><GO type="185" lobby="0"/><UN n0="%E3%82%A2%E3%83%AA%E3%82%A2%E3%83%AA%E5%90%9B" n1="%E3%83%84%E3%83%BC%E3%82%A2%E3%82%A6%E3%83%88" n2="%E3%81%BF%E3%82%83%E3%83%BC%E3%81%B6%E3%82%8C%E3%81%84%E3%81%8F" n3="" dan="16,16,16,0" rate="2205.45,2125.29,2194.62,1500.00" sx="M,M,M,C"/><TAIKYOKU oya="0"/><INIT seed="0,0,0,1,4,39" ten="350,350,350,0" oya="0" hai0="67,101,123,115,100,90,53,43,126,87,131,110,104" hai1="84,57,54,113,70,80,59,36,73,127,66,130,116" hai2="133,118,63,78,61,97,132,111,122,69,37,105,64" hai3=""/><T96/><N who="0" m="31520" /><T56/><D115/><U106/><E116/><V103/><N who="2" m="31264" /><V83/><F118/><T72/><D131/><U55/><E113/><V94/><F111/><T79/><D110/><U51/><E106/><V1/><F1/><T95/><D126/><U108/><E73/><V88/><F37/><T93/><D67/><U129/><E108/><V62/><F69/><T47/><D72/><U3/><E36/><V46/><F46/><T40/><D47/><U92/><E3/><V102/><F64/><T82/><D95/><U32/><E32/><V107/><F103/><N who="0" m="39498" /><D104/><U86/><E127/><V58/><F58/><T34/><D34/><U60/><E92/><V35/><F35/><T44/><D44/><U128/><REACH who="1" step="1"/><E80/><REACH who="1" ten="350,340,350,0" step="2"/><V81/><F105/><T119/><D119/><U114/><E114/><V125/><F125/><T99/><D96/><U77/><E77/><V38/><F83/><T50/><AGARI ba="0,1" hai="40,43,50,53,56,79,82,87,90,93,99" m="39498,31520" machi="50" ten="30,7800,0" yaku="8,1,52,3" doraHai="39" who="0" fromWho="0" sc="350,88,340,-39,350,-39,0,0" /><INIT seed="0,1,0,0,0,67" ten="438,301,311,0" oya="0" hai0="53,130,71,111,135,134,83,86,118,46,2,68,87" hai1="55,0,74,65,44,52,119,90,33,99,104,78,3" hai2="76,39,117,107,47,125,95,121,89,98,122,73,59" hai3=""/><T72/><D2/><U133/><E33/><V49/><N who="2" m="31008" /><V126/><N who="2" m="31264" /><V32/><F32/><T69/><D118/><U112/><E119/><V102/><F117/><T70/><D130/><U88/><E112/><V60/><F39/><T37/><D111/><U82/><E133/><N who="0" m="50697" /><D70/><U63/><E3/><V92/><F76/><T84/><D72/><U54/><E44/><V1/><F73/><T128/><D128/><U62/><E0/><V81/><F81/><T114/><D114/><U79/><E79/><V106/><F1/><T94/><D94/><U34/><E34/><V105/><F95/><T50/><D37/><U58/><REACH who="1" step="1"/><E63/><REACH who="1" ten="438,291,311,0" step="2"/><V103/><F126/><T110/><D110/><U38/><E38/><V97/><F125/><T116/><D116/><U41/><E41/><V96/><F60/><T85/><N who="0" m="21504" /><DORA hai="40" /><T129/><D129/><U48/><E48/><V113/><F49/><T36/><D36/><U35/><E35/><V131/><F131/><T42/><D83/><U124/><E124/><V57/><F113/><T115/><D115/><U80/><E80/><V100/><F106/><T101/><D42/><U91/><E91/><V66/><F89/><T43/><D43/><U51/><E51/><V45/><F105/><RYUUKYOKU ba="1,1" sc="438,10,291,10,311,-20,0,0" hai0="46,50,53,68,69,71,101" hai1="52,54,55,58,62,65,74,78,82,88,90,99,104" /><INIT seed="0,2,1,5,1,36" ten="448,301,291,0" oya="0" hai0="86,135,94,96,101,121,66,41,71,75,81,111,55" hai1="3,102,123,119,107,103,2,46,56,54,125,133,80" hai2="87,120,47,124,42,77,128,73,34,74,113,116,78" hai3=""/><T44/><N who="0" m="31008" /><T70/><D135/><U98/><N who="1" m="31520" /><U93/><E119/><V130/><N who="2" m="30752" /><V129/><F113/><T52/><D75/><N who="2" m="28682" /><F34/><T134/><D134/><U40/><E133/><V83/><F116/><T53/><D66/><U50/><E125/><V0/><F0/><T104/><D104/><U63/><E80/><V60/><F60/><T65/><D65/><U76/><REACH who="1" step="1"/><E76/><REACH who="1" ten="448,291,291,0" step="2"/><V43/><F124/><T33/><D33/><U97/><AGARI ba="2,2" hai="2,3,40,46,50,54,56,63,93,97,98,102,103,107" m="31520" machi="97" ten="30,6000,1" yaku="1,1,2,1,0,1,52,2,53,0" doraHai="36" doraHaiUra="115" who="1" fromWho="1" sc="448,-42,291,84,291,-22,0,0" /><INIT seed="1,0,0,5,0,57" ten="406,375,269,0" oya="1" hai0="62,43,58,53,97,75,110,111,104,82,60,1,87" hai1="56,103,64,86,72,40,118,32,42,123,107,68,88" hai2="120,67,71,50,54,98,84,133,128,112,49,117,80" hai3=""/><U59/><N who="1" m="31520" /><U45/><E32/><V131/><N who="2" m="30752" /><V47/><F117/><T76/><D1/><U52/><E72/><V95/><F133/><T101/><D43/><U119/><E107/><V63/><F112/><T85/><D85/><U121/><N who="1" m="31008" /><U113/><E103/><V125/><F125/><T92/><D62/><U96/><E96/><V115/><F115/><T90/><AGARI ba="0,0" hai="53,58,60,75,76,82,87,90,92,97,101,104,110,111" machi="90" ten="30,5900,0" yaku="0,1,24,2,52,1" doraHai="57" who="0" fromWho="0" sc="406,59,375,-39,269,-20,0,0" /><INIT seed="2,0,0,4,0,43" ten="465,336,249,0" oya="2" hai0="60,98,122,78,116,63,89,53,48,80,38,132,52" hai1="36,83,118,115,94,93,134,51,2,110,69,32,39" hai2="50,108,54,86,123,121,62,59,0,107,103,46,133" hai3=""/><V92/><N who="2" m="31008" /><V128/><N who="2" m="31520" /><V57/><F0/><T1/><N who="0" m="31264" /><T82/><D1/><U33/><E51/><V64/><F133/><T85/><D38/><U41/><E41/><V106/><F128/><T71/><D116/><U67/><E67/><V76/><F108/><T125/><D132/><U91/><E2/><V49/><F103/><T45/><D125/><U70/><E110/><V72/><F72/><T124/><D124/><U117/><E83/><V129/><F129/><T79/><D71/><U90/><E134/><V77/><F107/><T100/><D53/><U127/><E127/><V130/><F106/><T120/><N who="0" m="30752" /><T44/><D44/><U35/><E35/><V113/><F113/><AGARI ba="0,0" hai="32,33,36,39,69,70,90,91,93,94,113,115,117,118" machi="113" ten="25,1600,0" yaku="22,2" doraHai="43" who="1" fromWho="2" sc="465,0,336,16,249,-16,0,0" /><INIT seed="4,0,0,1,1,118" ten="465,352,233,0" oya="0" hai0="83,62,119,53,116,108,135,64,115,96,90,123,92" hai1="76,105,104,98,72,68,32,80,54,52,126,97,102" hai2="110,47,2,78,55,57,121,69,48,33,133,39,101" hai3=""/><T59/><N who="0" m="31520" /><T93/><D108/><U49/><E68/><V75/><N who="2" m="31008" /><V88/><F110/><T34/><D34/><U46/><E32/><V61/><F33/><T65/><D115/><U38/><E126/><V129/><F2/><T132/><D116/><U3/><E38/><V35/><F35/><T50/><D119/><U124/><E124/><V89/><F133/><N who="0" m="51274" /><D83/><U103/><REACH who="1" step="1"/><E3/><REACH who="1" ten="465,342,233,0" step="2"/><V109/><F109/><T67/><D93/><U91/><E91/><V125/><F89/><T82/><D82/><U130/><E130/><V58/><F88/><T74/><D74/><U85/><E85/><V44/><F129/><T128/><D128/><U45/><E45/><AGARI ba="0,1" hai="45,50,53,59,62,64,65,67,90,92,96" m="51274,31520" machi="45" ten="30,5800,0" yaku="20,1,52,2" doraHai="118" who="0" fromWho="1" sc="465,68,342,-58,233,0,0,0" /><INIT seed="4,1,0,1,5,32" ten="533,284,233,0" oya="0" hai0="36,98,103,0,66,106,119,60,34,59,70,77,133" hai1="99,134,101,35,44,41,57,88,78,93,3,126,131" hai2="97,68,114,81,75,116,79,132,87,102,45,127,115" hai3=""/><T130/><D34/><U135/><E35/><V53/><F68/><T69/><D119/><U84/><E126/><V108/><F108/><T80/><D130/><U71/><E71/><V90/><F127/><T85/><D133/><N who="1" m="50699" /><E131/><V120/><N who="2" m="30752" /><V104/><F132/><T76/><D36/><U83/><E57/><V110/><F110/><T96/><D77/><U48/><E78/><V64/><F64/><T67/><D0/><AGARI ba="1,0" hai="0,3,41,44,48,83,84,88,93,99,101" m="50699" machi="0" ten="30,7700,0" yaku="20,1,52,2,54,1" doraHai="32" who="1" fromWho="0" sc="533,-79,284,79,233,0,0,0" /><INIT seed="5,0,0,0,0,37" ten="454,363,233,0" oya="1" hai0="99,126,94,100,107,89,112,56,88,58,50,71,108" hai1="52,103,109,134,79,77,1,3,121,62,34,90,101" hai2="55,118,38,132,117,81,98,113,66,102,43,73,64" hai3=""/><U33/><N who="1" m="31008" /><U39/><E39/><V54/><F132/><T111/><D71/><U110/><E62/><V125/><F125/><T65/><D126/><U36/><E36/><V0/><F0/><N who="1" m="73" /><E90/><V48/><F38/><T120/><N who="0" m="30752" /><T116/><D116/><U133/><E52/><V104/><F55/><T63/><D89/><U60/><E60/><V87/><F54/><T72/><D72/><U46/><E46/><V47/><F73/><T69/><D50/><U123/><N who="1" m="31520" /><U53/><E53/><V57/><F57/><T106/><D58/><U114/><E114/><V129/><F113/><T76/><D112/><U96/><E33/><V35/><F35/><T124/><D124/><U80/><E34/><V83/><F118/><T130/><D56/><U75/><E79/><V128/><F117/><T40/><D76/><U93/><E103/><V45/><F45/><T91/><D100/><U84/><E84/><V82/><REACH who="2" step="1"/><F87/><REACH who="2" ten="454,363,223,0" step="2"/><T51/><D63/><U32/><E32/><V61/><F61/><T105/><D51/><U44/><E44/><V49/><F49/><T131/><D69/><U70/><E70/><V115/><F115/><T42/><D65/><AGARI ba="0,1" hai="43,47,48,64,65,66,81,82,83,98,102,104,128,129" machi="65" ten="40,5200,0" yaku="1,1,52,1,53,1" doraHai="37" doraHaiUra="92" who="2" fromWho="0" sc="454,-52,363,0,223,62,0,0" /><INIT seed="6,0,0,1,4,61" ten="402,363,285,0" oya="2" hai0="107,115,73,135,113,111,81,114,41,53,56,124,34" hai1="91,89,62,75,98,86,77,70,47,90,108,130,65" hai2="68,121,69,36,40,54,125,0,128,2,71,33,46" hai3=""/><V85/><N who="2" m="31008" /><V105/><F33/><T127/><D34/><U102/><E108/><V116/><F116/><T103/><D111/><U106/><E130/><V58/><F128/><T50/><D135/><U39/><E39/><V82/><F105/><T35/><D35/><U51/><E75/><V37/><F37/><T74/><D41/><U134/><E134/><V126/><F2/><T120/><N who="0" m="30752" /><T78/><D74/><U129/><E77/><V72/><F0/><T96/><AGARI ba="0,0" hai="50,53,56,73,78,81,96,103,107,113,114,115,124,127" m="30752" machi="96" ten="40,6000,1" yaku="0,1,15,1,11,1,52,1" doraHai="61" who="0" fromWho="0" sc="402,60,363,-20,285,-40,0,0" owari="462,41.0,343,-6.0,245,-35.0,0,0.0" /></mjloggm>