<mjloggm ver="2.3"><GO type="185" lobby="0"/><UN n0="%E3%81%BF%E3%83%BC%E3%82%8F" n1="%79%61%6D%61%64%61%35%35" n2="%44%75%73%6B" n3="" dan="17,16,16,0" rate="2245.05,2176.40,2159.38,1500.00" sx="M,M,M,C"/><TAIKYOKU oya="0"/><INIT seed="0,0,0,1,3,130" ten="350,350,350,0" oya="0" hai0="42,66,47,72,67,74,89,3,126,121,100,73,64" hai1="131,35,61,57,106,109,70,95,34,48,133,1,45" hai2="88,103,87,32,112,124,40,51,81,98,85,105,120" hai3=""/><T113/><N who="0" m="31008" /><T76/><D113/><U60/><E1/><V50/><N who="2" m="30752" /><V104/><F112/><T94/><D3/><U36/><E106/><V84/><F32/><T68/><D126/><U79/><E109/><V54/><F124/><T127/><D127/><U134/><E131/><V2/><F2/><T46/><D100/><U115/><E115/><V114/><F114/><T90/><D47/><U97/><E79/><V102/><F40/><T44/><D44/><U78/><E78/><V43/><F43/><T96/><D76/><U93/><E36/><V53/><F81/><T91/><REACH who="0" step="1"/><D68/><REACH who="0" ten="340,350,350,0" step="2"/><U75/><E70/><V69/><F69/><T108/><D108/><U99/><E34/><V129/><F129/><T119/><D119/><U80/><E35/><V37/><F37/><AGARI ba="0,1" hai="37,42,46,64,66,67,72,73,74,89,90,91,94,96" m="31008" machi="37" ten="50,4800,0" yaku="1,1,52,1,53,0" doraHai="130" doraHaiUra="132" who="0" fromWho="2" sc="340,58,350,0,350,-48,0,0" /><INIT seed="0,1,0,3,5,48" ten="398,350,302,0" oya="0" hai0="43,76,114,110,100,73,119,82,72,125,109,87,134" hai1="120,92,52,96,85,57,78,98,80,53,131,95,105" hai2="112,56,45,71,3,122,118,129,106,117,35,0,133" hai3=""/><T33/><D33/><U51/><N who="1" m="30752" /><U111/><E111/><N who="0" m="42505" /><D43/><U126/><E126/><V97/><F56/><T32/><D32/><U108/><E108/><V50/><N who="2" m="31264" /><V101/><F35/><T54/><D125/><U62/><E131/><V67/><F112/><T46/><D114/><U34/><E34/><V42/><F129/><T132/><D119/><N who="2" m="45578" /><F133/><N who="0" m="51306" /><D100/><U88/><E105/><V65/><F71/><T60/><D46/><U81/><E81/><V107/><F107/><T127/><D127/><U86/><REACH who="1" step="1"/><E95/><REACH who="1" ten="398,340,302,0" step="2"/><V66/><AGARI ba="1,1" hai="0,3,42,45,50,65,66,67,97,101,106" m="45578,31264" machi="66" ten="30,1500,0" yaku="12,1,52,1" doraHai="48" who="2" fromWho="2" sc="398,-11,340,-6,302,27,0,0" /><INIT seed="1,0,0,3,3,42" ten="387,334,329,0" oya="1" hai0="84,72,96,44,50,55,57,113,82,86,117,65,128" hai1="101,45,94,34,35,63,2,66,54,79,134,76,74" hai2="39,47,43,106,70,83,115,88,61,67,100,75,108" hai3=""/><U48/><E2/><V111/><F115/><T52/><D113/><U78/><E74/><V107/><F100/><T131/><D117/><U71/><REACH who="1" step="1"/><E134/><REACH who="1" ten="387,324,329,0" step="2"/><V64/><F75/><T51/><D72/><U116/><E116/><V91/><F108/><T127/><D131/><U87/><E87/><V98/><F111/><T60/><D128/><U95/><E95/><V132/><F132/><T118/><D118/><U104/><E104/><V58/><F107/><T89/><D86/><U85/><E85/><V56/><F106/><T112/><D112/><U110/><E110/><V103/><F98/><AGARI ba="0,1" hai="34,35,45,48,54,63,66,71,76,78,79,94,98,101" machi="98" ten="40,3900,0" yaku="1,1,52,1,53,0" doraHai="42" doraHaiUra="68" who="1" fromWho="2" sc="387,0,324,49,329,-39,0,0" /><INIT seed="1,1,0,1,1,44" ten="387,373,290,0" oya="1" hai0="2,88,129,48,84,0,120,111,134,43,82,89,105" hai1="128,109,90,92,78,69,91,79,33,46,76,32,101" hai2="106,63,39,50,86,132,81,77,51,95,60,58,122" hai3=""/><U107/><E69/><V1/><N who="2" m="31264" /><V85/><F106/><T41/><N who="0" m="30752" /><T100/><D111/><U104/><E109/><V53/><F39/><T97/><D129/><U94/><E128/><V87/><F132/><T71/><D71/><U73/><E46/><V62/><F1/><T3/><D134/><U96/><E73/><V113/><F113/><T121/><N who="0" m="31008" /><T83/><D48/><U123/><N who="1" m="31520" /><U67/><E67/><V68/><F68/><T125/><D125/><U40/><E40/><V37/><F37/><T135/><D135/><U36/><E36/><V110/><F110/><T126/><D126/><U133/><E133/><V114/><F114/><T65/><D65/><U74/><E74/><V117/><F117/><T34/><D34/><U59/><E59/><V57/><F95/><N who="1" m="36393" /><E32/><V52/><AGARI ba="1,0" hai="50,51,52,53,57,58,60,62,63,77,81,85,86,87" m="31264" machi="52" ten="30,9000,2" yaku="0,1,9,1,8,1,52,3,54,1" doraHai="44" who="2" fromWho="2" sc="387,-31,373,-61,290,92,0,0" /><INIT seed="2,0,0,5,2,57" ten="356,312,382,0" oya="2" hai0="109,36,85,78,127,33,69,113,67,63,79,108,131" hai1="107,45,65,61,54,80,73,86,115,111,56,99,135" hai2="101,116,121,118,51,89,82,126,48,98,76,90,52" hai3=""/><V112/><N who="2" m="31008" /><V64/><F112/><T125/><D33/><U77/><E115/><V88/><F126/><N who="0" m="48138" /><D113/><U83/><E111/><N who="0" m="42569" /><D36/><U87/><E135/><V132/><F64/><T75/><D75/><U0/><E0/><V129/><F48/><T97/><D131/><U44/><E73/><V133/><F129/><T124/><N who="0" m="48146" /><T1/><DORA hai="130" /><D1/><U53/><E107/><V47/><F116/><T119/><D119/><U50/><E99/><V32/><F32/><T74/><D74/><U84/><REACH who="1" step="1"/><E77/><REACH who="1" ten="356,302,382,0" step="2"/><V120/><N who="2" m="30752" /><V62/><F118/><T110/><D110/><U2/><E2/><V37/><F76/><T35/><D35/><U104/><E104/><V41/><F82/><T94/><D85/><U39/><E39/><V122/><N who="2" m="31264" /><V60/><F132/><T55/><D97/><U134/><E134/><V114/><F133/><T58/><D79/><U103/><E103/><V3/><F3/><T59/><D78/><U46/><E46/><V68/><F114/><T71/><D94/><U92/><E92/><V128/><F128/><T91/><D91/><U81/><E81/><V96/><F101/><T42/><D42/><U102/><E102/><V123/><N who="2" m="31520" /><V43/><F37/><T106/><D106/><RYUUKYOKU ba="0,1" sc="356,10,302,10,382,-20,0,0" hai0="55,58,59,63,67,69,71" hai1="44,45,50,53,54,56,61,65,80,83,84,86,87" /><INIT seed="4,1,1,5,4,104" ten="366,312,362,0" oya="0" hai0="64,130,103,82,59,34,91,61,89,122,124,120,86" hai1="71,81,105,127,99,116,100,66,41,109,63,32,92" hai2="97,131,114,54,106,69,108,126,75,46,111,80,83" hai3=""/><T84/><N who="0" m="30752" /><T96/><N who="0" m="31264" /><T102/><D34/><U37/><E109/><V57/><F69/><T60/><D124/><U132/><E32/><V85/><F114/><T101/><D130/><U70/><E127/><V134/><F131/><T74/><D74/><U55/><E116/><V123/><N who="2" m="31520" /><V48/><F126/><T118/><D118/><U58/><E132/><V44/><F134/><T90/><D90/><U38/><E81/><V129/><F129/><T52/><D96/><U36/><E71/><V72/><F106/><T51/><D64/><U113/><E113/><V40/><F97/><T79/><D79/><U125/><E125/><V33/><F44/><T128/><D128/><U76/><E76/><V53/><F54/><T73/><D73/><U98/><E98/><V88/><F33/><T67/><D67/><U121/><N who="1" m="31008" /><U49/><E105/><V95/><F75/><T3/><D3/><U119/><E119/><V39/><REACH who="2" step="1"/><F72/><REACH who="2" ten="366,312,352,0" step="2"/><T94/><AGARI ba="1,2" hai="51,52,59,60,61,82,84,86,89,91,94,101,102,103" m="31264,30752" machi="94" ten="30,8000,1" yaku="0,1,8,1,52,2,54,1" doraHai="104" who="0" fromWho="0" sc="366,102,312,-41,352,-41,0,0" /><INIT seed="4,2,0,1,2,78" ten="468,271,311,0" oya="0" hai0="126,101,135,96,104,106,111,116,98,129,45,36,35" hai1="50,120,64,56,73,87,42,72,39,69,110,109,107" hai2="38,3,54,55,48,131,65,95,94,92,97,76,81" hai3=""/><T134/><D35/><U43/><N who="1" m="30752" /><U79/><E107/><V100/><F38/><T84/><D36/><U2/><E2/><V62/><F3/><T117/><D45/><U91/><E69/><V93/><F131/><T75/><D75/><U68/><E68/><V105/><N who="2" m="23552" /><DORA hai="124" /><V70/><REACH who="2" step="1"/><F48/><REACH who="2" ten="468,271,301,0" step="2"/><T74/><D129/><U63/><E39/><V119/><F119/><T71/><D117/><U127/><E110/><V44/><F44/><T99/><D116/><U82/><E109/><V46/><F46/><T32/><D111/><U132/><E50/><V34/><F34/><T60/><D32/><U47/><E47/><V88/><F88/><T80/><D99/><U53/><E91/><V90/><F90/><T114/><D98/><U122/><N who="1" m="31264" /><U58/><E127/><V113/><F113/><T67/><D114/><U66/><E79/><V123/><N who="2" m="31520" /><V61/><F61/><T112/><D126/><U130/><E63/><V37/><F37/><T57/><D112/><U59/><E130/><V128/><F128/><T125/><D125/><U85/><E82/><V83/><F83/><T40/><D80/><U103/><E103/><V77/><F77/><T102/><D101/><U33/><E33/><V108/><F108/><RYUUKYOKU ba="2,1" sc="468,-10,271,-10,301,20,0,0" hai2="54,55,62,65,70,76,81,97,100,105" /><INIT seed="5,3,1,2,0,56" ten="458,261,321,0" oya="1" hai0="101,125,106,109,86,2,75,76,77,51,48,79,102" hai1="98,52,64,133,45,42,49,44,131,62,99,121,127" hai2="37,94,34,58,134,61,1,122,60,66,73,63,124" hai3=""/><U108/><N who="1" m="31008" /><U105/><E127/><V120/><N who="2" m="30752" /><V118/><N who="2" m="31264" /><V71/><F118/><T57/><D109/><U67/><E131/><V80/><F34/><T100/><D2/><U126/><E126/><V89/><F1/><T92/><D125/><U115/><E115/><V40/><F124/><T50/><D106/><U132/><E108/><V35/><F35/><T113/><D113/><U78/><E78/><V93/><F134/><N who="1" m="51817" /><E105/><V55/><F94/><T69/><D69/><U91/><E91/><V39/><F40/><T116/><D116/><U74/><E74/><V54/><F73/><T47/><D75/><U65/><E62/><V135/><F80/><T119/><D119/><U53/><E53/><V33/><F33/><T41/><D101/><U117/><E117/><V87/><F135/><T96/><D102/><U111/><E111/><V123/><N who="2" m="31520" /><V72/><F72/><T68/><D86/><U43/><E43/><V114/><F114/><T59/><D77/><U110/><E110/><V90/><F90/><T103/><D79/><U97/><E97/><V88/><F89/><T85/><D76/><U3/><E3/><V130/><F130/><T38/><D96/><U129/><E129/><V95/><F95/><RYUUKYOKU ba="3,1" sc="458,-20,261,10,321,10,0,0" hai1="42,44,45,49,52,64,65,67,98,99" hai2="37,39,54,55,58,60,61,63,66,71,87,88,93" /><INIT seed="5,4,1,5,1,65" ten="438,271,331,0" oya="1" hai0="90,37,96,70,33,89,69,76,109,123,64,108,36" hai1="94,72,93,81,85,3,114,47,99,134,74,91,59" hai2="50,79,110,34,42,117,92,104,66,41,32,103,112" hai3=""/><U98/><E3/><V82/><F110/><T35/><N who="0" m="31520" /><T102/><D64/><U62/><E114/><V77/><F117/><T119/><D76/><U53/><E134/><V132/><F104/><T133/><D102/><U57/><E47/><V44/><F132/><T51/><D51/><U78/><REACH who="1" step="1"/><E59/><REACH who="1" ten="438,261,331,0" step="2"/><V126/><F112/><T113/><D133/><U120/><N who="1" m="30752" /><U55/><E55/><V54/><F32/><T131/><D113/><U107/><E107/><V88/><F34/><T58/><D58/><U125/><E125/><V121/><N who="2" m="31008" /><V106/><F126/><T80/><D33/><U45/><E45/><V75/><F106/><T38/><D35/><U49/><E49/><V63/><F44/><T84/><D36/><U83/><E83/><V115/><F50/><T129/><D80/><U127/><E127/><V71/><F54/><T116/><D37/><U56/><E56/><V61/><F115/><T46/><D46/><U87/><E87/><V39/><F39/><T118/><D38/><U111/><E111/><V101/><F82/><T48/><D48/><U135/><E135/><V0/><F0/><T73/><D118/><U40/><E40/><V1/><F41/><T97/><D84/><U100/><AGARI ba="4,2" hai="53,57,62,72,74,78,81,85,91,93,94,98,99,100" m="30752" machi="100" ten="20,12000,2" yaku="1,1,5,1,0,1,7,1,52,1,53,1" doraHai="65" doraHaiUra="52" who="1" fromWho="1" sc="438,-64,261,148,331,-64,0,0" /><INIT seed="5,5,0,0,5,84" ten="374,409,267,0" oya="1" hai0="94,48,67,35,132,51,37,58,34,134,47,68,32" hai1="73,36,41,74,59,54,46,97,45,92,57,110,130" hai2="99,61,95,91,75,85,127,116,119,80,106,113,43" hai3=""/><U38/><E130/><V83/><F127/><T76/><D76/><U105/><E105/><V52/><F43/><T81/><D81/><U65/><E110/><V50/><F61/><T49/><D68/><U125/><E125/><V124/><F124/><T98/><D67/><U129/><E129/><V64/><F64/><T33/><D33/><U66/><E74/><V123/><N who="2" m="31520" /><V77/><F113/><T42/><REACH who="0" step="1"/><D58/><REACH who="0" ten="364,409,267,0" step="2"/><U111/><E111/><V102/><F80/><T100/><AGARI ba="5,1" hai="32,34,35,37,42,47,48,49,51,94,98,100,132,134" machi="100" ten="40,3900,0" yaku="1,1,2,1,0,1,53,0" doraHai="84" doraHaiUra="135" who="0" fromWho="0" sc="364,59,409,-31,267,-18,0,0" /><INIT seed="6,0,0,1,5,88" ten="423,378,249,0" oya="2" hai0="135,111,37,36,127,40,84,128,123,110,43,56,90" hai1="48,74,101,66,93,55,133,103,105,47,39,60,45" hai2="49,104,129,116,119,122,82,51,32,76,53,38,132" hai3=""/><V125/><F32/><T85/><N who="0" m="31520" /><T96/><D128/><U100/><E133/><V120/><N who="2" m="30752" /><V117/><N who="2" m="31264" /><V98/><F129/><T34/><D34/><U44/><E74/><V57/><F132/><T109/><D135/><U69/><E105/><V72/><F38/><T3/><D3/><U62/><E62/><V94/><F104/><T108/><D110/><U92/><REACH who="1" step="1"/><E39/><REACH who="1" ten="423,368,249,0" step="2"/><V50/><REACH who="2" step="1"/><F125/><REACH who="2" ten="423,368,239,0" step="2"/><T75/><D127/><U97/><E97/><V46/><F46/><AGARI ba="0,2" hai="44,45,46,47,48,55,60,66,69,92,93,100,101,103" machi="46" ten="40,12000,2" yaku="1,1,52,2,53,4" doraHai="88" doraHaiUra="41" who="1" fromWho="2" sc="423,0,368,140,239,-120,0,0" owari="423,2.0,508,46.0,119,-48.0,0,0.0" /></mjloggm>