<mjloggm ver="2.3"><GO type="225" lobby="0"/><UN n0="%E3%81%8A%E5%91%B3%E5%99%8C%E3%82%B9%E3%83%BC%E3%83%97" n1="%E5%B7%A5%E8%97%A4%E6%96%B0%E4%B8%80" n2="%E3%82%A4%E3%83%8A%E3%82%BA%E3%83%9E%E8%91%AC%E5%84%80" n3="%E8%88%B9%E8%A6%8B%E7%B5%90%E8%A1%A3%E3%81%A1%E3%82%83%E3%82%93" dan="16,16,17,16" rate="2067.58,2116.80,2218.60,2133.98" sx="M,M,F,F"/><TAIKYOKU oya="0"/><INIT seed="0,0,0,3,2,17" ten="250,250,250,250" oya="0" hai0="20,32,26,64,74,1,8,119,61,25,96,90,52" hai1="22,107,30,88,66,2,103,37,83,97,101,10,87" hai2="95,109,86,84,50,118,100,123,98,126,41,122,73" hai3="36,77,93,125,114,12,102,120,121,45,81,11,133"/><T78/><D119/><U60/><E37/><V116/><F73/><W38/><G114/><T29/><D74/><U47/><E47/><N who="2" m="25967" /><F109/><W4/><G125/><T94/><D78/><U7/><E103/><V48/><F48/><W65/><G133/><T58/><D1/><U55/><E55/><V51/><F51/><W69/><G65/><T89/><D8/><U59/><REACH who="1" step="1"/><E30/><REACH who="1" ten="250,240,250,250" step="2"/><V31/><F118/><W53/><G53/><T16/><REACH who="0" step="1"/><D64/><REACH who="0" ten="240,240,250,250" step="2"/><U117/><E117/><V124/><F116/><W134/><G134/><T14/><D14/><U40/><E40/><V34/><F126/><W129/><G12/><T70/><D70/><U115/><E115/><V132/><F124/><W108/><G69/><T85/><D85/><U54/><E54/><V33/><F84/><W24/><G108/><T21/><D21/><AGARI ba="0,2" hai="2,7,10,21,22,59,60,66,83,87,88,97,101,107" machi="21" ten="40,8000,1" yaku="1,1,52,2,54,1,53,1" doraHai="17" doraHaiUra="62" who="1" fromWho="0" sc="240,-80,240,100,250,0,250,0" /><INIT seed="1,0,0,0,5,96" ten="160,340,250,250" oya="1" hai0="22,118,41,36,31,24,65,61,130,115,77,23,98" hai1="13,87,84,90,107,43,19,131,42,70,114,6,4" hai2="105,14,53,40,57,60,0,135,39,95,52,44,51" hai3="104,123,72,15,45,25,1,121,108,97,120,9,94"/><U109/><E131/><V10/><F135/><W62/><G108/><T30/><D115/><U101/><E114/><V117/><F117/><W79/><G104/><T91/><D118/><U99/><E70/><V110/><F110/><W106/><G106/><T12/><D130/><U100/><E100/><V50/><F105/><W11/><G1/><T49/><D36/><U103/><E109/><V76/><F0/><W71/><G25/><T35/><D77/><U86/><E103/><V27/><F76/><W82/><G45/><T102/><D91/><U92/><E107/><V48/><F95/><W54/><G15/><T21/><D30/><U134/><E134/><V32/><F27/><W26/><G26/><T2/><D2/><U7/><REACH who="1" step="1"/><E90/><REACH who="1" ten="160,330,250,250" step="2"/><V28/><F32/><W68/><G68/><T58/><D102/><U18/><E18/><V29/><REACH who="2" step="1"/><F53/><REACH who="2" ten="160,330,240,250" step="2"/><W81/><G54/><T73/><D35/><U20/><AGARI ba="0,2" hai="4,6,7,13,19,20,42,43,84,86,87,92,99,101" machi="20" ten="30,12000,1" yaku="1,1,0,1,8,1,52,1,53,1" doraHai="96" doraHaiUra="89" who="1" fromWho="1" sc="160,-40,330,140,240,-40,250,-40" /><INIT seed="1,1,0,0,0,121" ten="120,470,200,210" oya="1" hai0="31,8,23,119,110,51,64,81,109,12,78,111,135" hai1="42,47,129,1,131,9,90,50,103,79,72,132,65" hai2="44,16,116,67,46,20,91,130,94,117,18,32,114" hai3="76,30,95,29,58,125,113,66,6,133,56,60,38"/><U108/><E108/><V118/><F32/><W83/><G38/><T61/><D119/><U21/><E132/><V120/><F120/><W100/><G133/><T48/><D135/><U70/><E103/><V126/><F126/><W14/><G125/><T13/><D23/><U57/><E21/><V134/><F134/><W25/><G113/><T92/><D92/><U24/><E24/><V33/><F33/><W77/><G83/><T37/><D37/><U19/><E70/><V68/><F130/><N who="1" m="49673" /><E90/><V89/><F114/><W93/><G56/><N who="0" m="36903" /><D31/><N who="3" m="11785" /><G25/><T5/><D13/><N who="1" m="7599" /><E1/><V35/><F35/><W7/><G14/><T105/><D105/><U69/><E69/><V3/><F3/><W22/><G22/><T26/><D26/><U123/><E123/><V104/><F104/><W85/><G100/><T102/><D102/><U88/><E88/><V87/><F91/><N who="3" m="53487" /><G95/><T27/><D27/><U80/><E57/><V28/><F28/><W82/><G82/><T54/><D54/><U115/><E115/><V17/><REACH who="2" step="1"/><F20/><REACH who="2" ten="120,470,190,210" step="2"/><W63/><G63/><AGARI ba="1,1" hai="16,17,18,44,46,63,67,68,87,89,94,116,117,118" machi="63" ten="50,6400,0" yaku="1,1,2,1,54,1,53,0" doraHai="121" doraHaiUra="74" who="2" fromWho="3" sc="120,0,470,0,190,77,210,-67" /><INIT seed="2,0,0,3,3,69" ten="120,470,267,143" oya="2" hai0="126,132,62,123,92,31,39,0,80,23,125,2,14" hai1="13,42,16,61,66,67,130,90,85,54,98,111,53" hai2="95,44,8,22,93,12,9,48,56,46,115,15,88" hai3="11,24,57,60,1,63,107,5,4,19,26,21,100"/><V110/><F115/><W74/><G74/><T25/><D123/><U73/><E111/><V124/><F124/><N who="0" m="47722" /><D132/><U114/><E130/><V58/><F110/><W121/><G121/><T128/><D128/><U7/><E114/><V50/><F22/><W103/><G107/><T133/><D133/><U87/><E73/><V59/><F59/><W135/><G135/><T37/><D80/><U81/><E42/><V122/><F122/><W97/><G97/><T113/><D113/><U94/><E7/><V129/><F129/><W70/><G70/><T120/><D120/><U91/><E85/><V47/><F47/><W83/><G83/><T41/><D41/><U89/><E89/><AGARI ba="0,0" hai="8,9,12,15,44,46,48,50,56,58,88,89,93,95" machi="89" ten="25,9600,0" yaku="22,2,8,1,54,1" doraHai="69" who="2" fromWho="1" sc="120,0,470,-96,267,96,143,0" /><INIT seed="2,1,0,0,3,100" ten="120,374,363,143" oya="2" hai0="108,59,90,13,71,63,27,46,55,80,86,122,42" hai1="44,129,89,110,21,119,85,135,82,77,127,53,95" hai2="5,7,40,101,16,91,96,0,15,116,58,114,134" hai3="28,17,62,73,74,66,26,93,105,18,128,123,130"/><V3/><F116/><W87/><G123/><T35/><D108/><U121/><E110/><V49/><F114/><W54/><G54/><T8/><D122/><U99/><E129/><N who="3" m="49770" /><G87/><T1/><D1/><U37/><E135/><V106/><F134/><W20/><G93/><T98/><D71/><U10/><E127/><V107/><F107/><W31/><G105/><T75/><D75/><N who="3" m="28681" /><G31/><T88/><D35/><U125/><E119/><V72/><F72/><W64/><G64/><T56/><D27/><U47/><E85/><V115/><F115/><W22/><G22/><T104/><D59/><AGARI ba="1,0" hai="17,18,20,26,28,59,62,66" m="28681,49770" machi="59" ten="30,1000,0" yaku="19,1" doraHai="100" who="3" fromWho="0" sc="120,-13,374,0,363,0,143,13" /><INIT seed="3,0,0,0,1,62" ten="107,374,363,156" oya="3" hai0="77,19,36,123,76,129,32,99,52,57,78,4,11" hai1="10,108,101,72,63,86,103,135,26,94,131,89,29" hai2="20,119,83,66,110,35,68,28,113,124,42,97,126" hai3="39,100,46,37,115,31,79,67,7,17,127,120,111"/><W0/><G120/><T90/><D123/><U91/><E108/><V74/><F110/><W16/><G115/><T82/><D36/><U81/><E131/><V41/><F119/><W23/><G111/><T112/><D129/><U9/><E135/><V70/><F113/><W22/><G31/><T55/><D112/><U44/><E44/><V102/><F20/><W53/><G100/><N who="1" m="38474" /><E63/><N who="2" m="40031" /><F70/><W84/><G7/><T71/><D71/><U3/><E72/><V116/><F116/><W12/><G127/><N who="2" m="48681" /><F28/><W117/><G0/><T14/><D32/><U51/><E51/><V47/><F47/><W98/><G98/><T15/><D57/><U85/><E3/><V65/><F65/><W56/><G117/><T106/><D106/><U34/><E34/><V134/><F35/><W80/><G46/><T33/><D33/><U8/><E29/><V128/><F134/><W75/><G75/><T2/><D2/><U25/><AGARI ba="0,0" hai="8,9,10,25,26,81,85,86,89,91,94" m="38474" machi="25" ten="30,1100,0" yaku="8,1" doraHai="62" who="1" fromWho="1" sc="107,-3,374,11,363,-3,156,-5" owari="104,-40.0,385,49.0,360,16.0,151,-25.0" /></mjloggm>