<mjloggm ver="2.3"><GO type="169" lobby="0"/><UN n0="%E3%82%AB%E3%83%83%E3%82%AB%E3%83%83%E3%82%AB%E3%83%83" n1="%E3%83%99%E3%82%B8%E2%80%95%E3%82%BF" n2="%E3%81%8A%E3%81%8D%E3%81%9F%E3%81%8B%E3%81%B2%E3%82%8D" n3="%E3%81%B5%E3%81%8F%E3%82%8D%E3%81%86%E3%81%95%E3%82%93" dan="16,16,16,18" rate="2116.89,2147.02,2042.38,2220.97" sx="M,M,F,F"/><TAIKYOKU oya="0"/><INIT seed="0,0,0,3,5,85" ten="250,250,250,250" oya="0" hai0="99,55,65,48,4,77,88,22,46,128,33,28,100" hai1="116,97,18,24,51,13,20,120,107,58,134,113,71" hai2="111,92,29,76,53,94,39,8,108,95,56,122,21" hai3="98,30,110,68,96,57,17,60,63,70,103,126,47"/><T19/><D128/><U45/><E116/><V109/><F122/><W114/><G114/><T91/><D33/><U105/><E71/><V115/><F115/><W135/><G30/><T23/><D4/><U112/><E120/><V2/><F39/><W0/><G0/><T133/><D133/><U26/><E58/><V125/><F125/><W75/><G75/><T81/><D65/><U73/><E73/><V80/><F8/><W117/><G117/><T79/><D28/><U124/><E134/><V16/><F29/><W5/><G5/><T72/><D77/><U104/><E124/><V118/><F2/><W66/><G110/><T52/><D55/><U27/><REACH who="1" step="1"/><E97/><REACH who="1" ten="250,240,250,250" step="2"/><V35/><F118/><W11/><G126/><T49/><D49/><U90/><E90/><V32/><F76/><W14/><G98/><T38/><D38/><U36/><E36/><V131/><F131/><W44/><G135/><T67/><D67/><U86/><E86/><V41/><F41/><AGARI ba="0,1" hai="13,18,20,24,26,27,41,45,51,104,105,107,112,113" machi="41" ten="50,3200,0" yaku="1,1,53,1" doraHai="85" doraHaiUra="43" who="1" fromWho="2" sc="250,0,240,42,250,-32,250,0" /><INIT seed="1,0,0,4,2,9" ten="250,282,218,250" oya="1" hai0="11,72,13,127,29,70,15,86,108,14,93,112,91" hai1="84,115,19,61,48,132,30,100,1,92,80,66,116" hai2="98,21,38,88,130,95,85,41,118,60,34,7,114" hai3="129,82,53,33,63,87,97,0,24,46,58,101,2"/><U117/><E115/><V105/><F118/><W64/><G129/><T37/><D112/><U52/><E1/><V94/><F114/><W135/><G135/><T44/><D108/><U62/><E132/><V79/><F34/><W5/><G5/><T134/><D134/><U32/><E117/><V50/><F130/><W73/><G73/><T89/><D127/><U96/><E116/><V77/><F105/><W126/><G126/><T124/><D124/><U111/><E111/><V22/><F38/><W102/><G102/><T6/><D70/><U59/><E66/><V23/><F60/><W55/><G46/><T81/><D29/><U78/><REACH who="1" step="1"/><E19/><REACH who="1" ten="250,272,218,250" step="2"/><V65/><F65/><W43/><G2/><T106/><D106/><U25/><AGARI ba="0,1" hai="25,30,32,48,52,59,61,62,78,80,84,92,96,100" machi="25" ten="30,11700,0" yaku="1,1,2,1,0,1,54,1,53,0" doraHai="9" doraHaiUra="12" who="1" fromWho="1" sc="250,-39,272,127,218,-39,250,-39" /><INIT seed="1,1,0,3,3,38" ten="211,399,179,211" oya="1" hai0="123,17,14,101,132,39,1,125,110,0,129,45,126" hai1="15,96,37,91,26,58,95,105,23,94,103,56,40" hai2="12,32,77,50,90,6,41,42,4,25,72,109,70" hai3="130,86,24,29,31,124,113,55,118,108,128,43,85"/><U22/><E15/><V98/><F70/><W74/><G113/><T21/><D110/><U20/><E26/><V115/><F109/><W133/><G74/><T36/><D129/><U30/><E30/><V81/><F115/><W120/><G120/><T100/><D123/><U16/><E16/><V99/><F50/><W7/><G108/><T47/><D132/><U79/><E79/><V67/><F67/><W116/><G7/><T44/><D21/><U134/><E134/><V82/><F6/><W5/><G5/><T66/><D66/><U92/><REACH who="1" step="1"/><E91/><REACH who="1" ten="211,389,179,211" step="2"/><V34/><F34/><W114/><G133/><T112/><D17/><U68/><E68/><V88/><F32/><W3/><G24/><T62/><D14/><U69/><E69/><V89/><F25/><W52/><G114/><T87/><D112/><U80/><E80/><V106/><F82/><W51/><G31/><T54/><D1/><U119/><E119/><V104/><F12/><W11/><G29/><T19/><D0/><U10/><E10/><V46/><F4/><W83/><G11/><T2/><D2/><U107/><E107/><V84/><F106/><W18/><G18/><T8/><D19/><U135/><E135/><V59/><F104/><W53/><G3/><T28/><D8/><U27/><E27/><V127/><F90/><W49/><G83/><T63/><D28/><U93/><N who="1" m="23552" /><DORA hai="61" /><U60/><E60/><V131/><F88/><W76/><G76/><T64/><D62/><U121/><E121/><V48/><F89/><W71/><G71/><T102/><D63/><U9/><E9/><RYUUKYOKU ba="1,1" sc="211,-10,389,30,179,-10,211,-10" hai1="20,22,23,37,40,56,58,96,103,105" /><INIT seed="1,2,1,1,2,59" ten="201,419,169,201" oya="1" hai0="96,12,108,106,129,105,55,0,62,107,33,112,13" hai1="5,95,36,4,1,111,85,42,128,10,16,91,50" hai2="17,40,88,48,126,102,90,49,125,109,39,113,57" hai3="41,34,77,46,92,87,23,18,68,7,14,131,119"/><U79/><E36/><V120/><F120/><W83/><G131/><T97/><D0/><U24/><E128/><V75/><F75/><W32/><G119/><T71/><D129/><U44/><E111/><V9/><F109/><W78/><G68/><T133/><D108/><U110/><E110/><V22/><F113/><W37/><G78/><T21/><D112/><U86/><E79/><V100/><F9/><W58/><G7/><T74/><D33/><U52/><E4/><V45/><F102/><W15/><G15/><T135/><D74/><U65/><E65/><V43/><F100/><W19/><G19/><T64/><D55/><U103/><E103/><V80/><F57/><W99/><G58/><T98/><REACH who="0" step="1"/><D21/><REACH who="0" ten="191,419,169,201" step="2"/><U72/><E72/><V6/><F22/><W25/><G25/><T51/><D51/><U35/><E35/><V61/><F49/><W134/><G134/><AGARI ba="2,2" hai="12,13,62,64,71,96,97,98,105,106,107,133,134,135" machi="134" ten="50,6400,0" yaku="1,1,20,1,52,1,53,0" doraHai="59" doraHaiUra="118" who="0" fromWho="3" sc="191,90,419,0,169,0,201,-70" /><INIT seed="2,0,0,1,4,53" ten="281,419,169,131" oya="2" hai0="112,124,69,41,113,48,63,98,6,28,130,132,22" hai1="94,84,12,133,71,103,104,77,91,125,30,74,33" hai2="78,25,115,56,76,82,97,102,0,123,95,9,81" hai3="126,121,58,24,64,14,1,118,52,2,96,65,119"/><V47/><F115/><W88/><G121/><T35/><D35/><U101/><E71/><V42/><F123/><W93/><G126/><T10/><D132/><U44/><E125/><V5/><F25/><W89/><G2/><T8/><D124/><U79/><E133/><V68/><F68/><W29/><G1/><T80/><D130/><U99/><E12/><V32/><F32/><W45/><G45/><T122/><D122/><U111/><E30/><V16/><F76/><W4/><G119/><T109/><D109/><U50/><E33/><V66/><F78/><W131/><G131/><T67/><D80/><N who="1" m="45111" /><E44/><V72/><F72/><W26/><G118/><T92/><D41/><U105/><E50/><V59/><F16/><W120/><G120/><T54/><D28/><U85/><E111/><V127/><F127/><W27/><G89/><T3/><D22/><U38/><E38/><V37/><REACH who="2" step="1"/><F66/><REACH who="2" ten="281,419,159,131" step="2"/><N who="3" m="25707" /><G29/><T128/><D128/><U23/><E23/><V31/><F31/><W39/><G27/><T46/><D10/><U70/><E70/><V61/><F61/><N who="3" m="36039" /><G39/><T17/><D17/><U20/><E79/><V57/><AGARI ba="0,1" hai="0,5,9,37,42,47,56,57,59,81,82,95,97,102" machi="57" ten="30,18000,2" yaku="1,1,0,1,52,3,53,1" doraHai="53" doraHaiUra="40" who="2" fromWho="2" sc="281,-60,419,-60,159,190,131,-60" /><INIT seed="2,1,0,0,2,64" ten="221,359,349,71" oya="2" hai0="72,122,26,66,133,121,73,67,120,110,59,89,103" hai1="94,20,91,10,105,86,124,95,109,134,78,58,34" hai2="84,135,117,41,39,127,63,53,1,128,79,35,5" hai3="31,15,93,83,4,24,98,44,65,38,104,71,77"/><V118/><F35/><W13/><G4/><T106/><D110/><U45/><E105/><V49/><F127/><W123/><G123/><T75/><D133/><U8/><E34/><V6/><F128/><W68/><G104/><T37/><D89/><U40/><E134/><V111/><F135/><W23/><G65/><N who="0" m="24587" /><D59/><U33/><E33/><V100/><F39/><W92/><G92/><T0/><D106/><U85/><E109/><V57/><F100/><W14/><G44/><T30/><D103/><U9/><E124/><V114/><F114/><W51/><G51/><T130/><D37/><U52/><E20/><V132/><F132/><W43/><G43/><T21/><D21/><U96/><E78/><V69/><F111/><W125/><G38/><T74/><D74/><U60/><REACH who="1" step="1"/><E94/><REACH who="1" ten="221,349,349,71" step="2"/><V22/><F22/><W56/><G125/><T88/><D121/><U126/><E126/><V97/><F79/><W131/><G131/><T82/><D130/><U47/><E47/><V36/><F118/><W80/><G56/><T62/><D120/><U7/><E7/><V3/><F6/><W17/><G17/><T55/><D122/><U16/><E16/><V2/><F5/><W99/><G80/><T107/><D82/><U42/><E42/><V116/><F41/><W81/><G81/><T18/><D107/><U70/><E70/><N who="3" m="26666" /><G93/><T25/><D18/><U28/><E28/><V90/><F57/><W27/><G27/><T19/><D26/><U29/><E29/><V12/><F117/><W76/><G76/><T46/><D25/><U129/><E129/><V102/><F116/><RYUUKYOKU ba="1,1" sc="221,-15,349,15,349,-15,71,15" hai1="8,9,10,40,45,52,58,60,85,86,91,95,96" hai3="13,14,15,23,24,31,77,83,98,99" /><INIT seed="3,2,1,1,3,34" ten="206,364,334,86" oya="3" hai0="16,19,86,118,48,37,57,26,44,121,23,60,52" hai1="77,5,9,73,51,133,122,63,18,123,75,76,1" hai2="21,68,74,22,109,3,65,103,15,105,128,46,71" hai3="49,6,69,111,135,0,59,62,33,70,20,95,106"/><W97/><G33/><T67/><D118/><U91/><E133/><V14/><F74/><W90/><G135/><T29/><D121/><U8/><E75/><V124/><F109/><W82/><G111/><T92/><D37/><U24/><E73/><V129/><F124/><W115/><G115/><T110/><D110/><U113/><E113/><V102/><F46/><W32/><G32/><T117/><D117/><U127/><E127/><V79/><F79/><W119/><G119/><T104/><D104/><U66/><E76/><V88/><F65/><W116/><G116/><T101/><D86/><U39/><E39/><V40/><F40/><W108/><G108/><T85/><REACH who="0" step="1"/><D85/><REACH who="0" ten="196,364,334,86" step="2"/><U112/><E123/><V47/><F105/><W11/><G106/><T132/><D132/><U81/><E122/><V130/><F130/><W31/><G82/><T120/><D120/><U36/><E81/><V64/><F129/><W25/><REACH who="3" step="1"/><G49/><REACH who="3" ten="196,364,334,76" step="2"/><T83/><D83/><U125/><E51/><V43/><F128/><W100/><G100/><T53/><D53/><AGARI ba="2,3" hai="0,6,11,20,25,31,53,59,62,69,70,90,95,97" machi="53" ten="30,11600,0" yaku="1,1,7,1,52,1,53,1" doraHai="34" doraHaiUra="94" who="3" fromWho="0" sc="196,-122,364,0,334,0,76,152" /><INIT seed="3,3,0,3,5,3" ten="74,364,334,228" oya="3" hai0="114,47,66,54,34,93,30,108,56,59,28,37,50" hai1="64,124,104,36,77,132,98,81,65,135,134,117,95" hai2="13,125,115,96,38,42,106,126,12,101,24,121,35" hai3="122,112,69,49,43,57,80,14,131,2,7,19,39"/><W97/><G112/><T129/><D108/><U8/><E104/><V92/><F115/><W26/><G122/><T16/><D114/><U103/><E36/><V123/><F42/><W116/><G69/><T110/><D110/><U84/><E124/><N who="2" m="47723" /><F38/><W45/><G116/><T91/><D129/><U89/><E117/><V85/><F35/><W25/><G131/><T86/><D37/><U73/><REACH who="1" step="1"/><E8/><REACH who="1" ten="74,354,334,228" step="2"/><V52/><F106/><W88/><G39/><T71/><D34/><U62/><E62/><V51/><F123/><W10/><G57/><T60/><D56/><U87/><E87/><V48/><F85/><W1/><G1/><T68/><D68/><U20/><E20/><V40/><F121/><W17/><G2/><T18/><D71/><U32/><E32/><V58/><F24/><N who="3" m="9323" /><G97/><T41/><REACH who="0" step="1"/><D66/><REACH who="0" ten="64,354,334,228" step="2"/><U128/><E128/><V94/><F58/><W55/><G55/><T99/><D99/><U33/><E33/><V79/><F52/><W0/><G0/><T6/><D6/><U90/><E90/><V70/><F96/><W133/><G133/><T44/><D44/><U61/><E61/><V74/><F70/><W29/><G29/><AGARI ba="3,2" hai="16,18,28,29,30,41,47,50,54,59,60,86,91,93" machi="29" ten="40,5200,0" yaku="1,1,8,1,54,1,53,0" doraHai="3" doraHaiUra="105" who="0" fromWho="3" sc="64,81,354,0,334,0,228,-61" /><INIT seed="4,0,0,0,3,9" ten="145,354,334,167" oya="0" hai0="80,59,121,71,56,103,81,36,58,30,124,1,12" hai1="35,76,49,42,3,93,102,26,60,125,72,73,98" hai2="45,4,100,52,105,113,22,110,46,2,83,74,63" hai3="95,117,62,96,53,109,40,21,97,94,61,7,11"/><T39/><D121/><U47/><E3/><V29/><F110/><W18/><G109/><T20/><D1/><U88/><E125/><V101/><F113/><W79/><G117/><T57/><N who="0" m="14336" /><DORA hai="34" /><T75/><D71/><U114/><E114/><V85/><F74/><W106/><G53/><T43/><D124/><U41/><E60/><V122/><F122/><W15/><G106/><T119/><D119/><U87/><E76/><V19/><F63/><W127/><G127/><T64/><D64/><U16/><E41/><V133/><F133/><W131/><G131/><T70/><D70/><U37/><E37/><V31/><F105/><W82/><G40/><T10/><D75/><U8/><E35/><V25/><F2/><W134/><G134/><T32/><D32/><U24/><E24/><V28/><F4/><W50/><G50/><T128/><D39/><U90/><E90/><N who="2" m="51519" /><F52/><W38/><G38/><T13/><D103/><AGARI ba="0,0" hai="19,22,25,28,29,31,45,46,100,101,103" m="51519" machi="103" ten="30,1000,0" yaku="8,1" doraHai="9,34" who="2" fromWho="0" sc="145,-10,354,0,334,10,167,0" /><INIT seed="5,0,0,4,4,4" ten="135,354,344,167" oya="1" hai0="39,41,17,130,25,117,47,133,12,22,36,95,97" hai1="38,14,134,93,127,18,50,126,68,132,37,121,118" hai2="43,15,129,91,62,58,19,72,116,60,119,101,81" hai3="100,90,75,61,102,1,96,8,48,103,105,86,111"/><U67/><E118/><V24/><F129/><W66/><G111/><T79/><D117/><U3/><E3/><V11/><F72/><W21/><G75/><T6/><D130/><U51/><E121/><V26/><F43/><W52/><G21/><T64/><D133/><N who="1" m="51307" /><E93/><V63/><F119/><W84/><G84/><T94/><D64/><U78/><E78/><V131/><F116/><W113/><G113/><T32/><D39/><N who="1" m="14859" /><E67/><V123/><F123/><W13/><G1/><T46/><D79/><U44/><E68/><V77/><F101/><W35/><G35/><T98/><D94/><U28/><E28/><V33/><F33/><W5/><G61/><N who="2" m="23657" /><F77/><W31/><G31/><T54/><D95/><U57/><E57/><V120/><F120/><W70/><G70/><T88/><D36/><U135/><N who="1" m="51315" /><U59/><DORA hai="82" /><E59/><V106/><F106/><W65/><G105/><T112/><D112/><U83/><E83/><V10/><F131/><W92/><G96/><T89/><D98/><U114/><E114/><V124/><F58/><AGARI ba="0,0" hai="5,8,13,48,52,58,65,66,86,90,92,100,102,103" machi="58" ten="40,8000,1" yaku="8,1,52,2,54,1" doraHai="4,82" who="3" fromWho="2" sc="135,0,354,0,344,-80,167,80" /><INIT seed="6,0,0,5,4,72" ten="135,354,264,247" oya="2" hai0="36,47,119,66,113,104,102,133,94,31,46,97,132" hai1="25,15,135,110,20,55,13,127,129,60,45,85,50" hai2="122,87,106,17,95,89,1,74,71,28,3,80,93" hai3="100,134,32,44,43,69,9,56,39,12,118,41,53"/><V5/><F122/><W105/><G118/><T61/><D113/><U83/><E110/><V103/><F71/><W114/><G32/><T18/><D119/><U73/><E73/><V19/><F74/><W34/><G34/><T52/><D31/><U77/><E127/><V33/><F106/><W82/><G43/><T54/><D104/><U84/><E135/><V21/><F103/><W59/><G134/><T23/><D132/><U6/><E129/><V70/><F70/><W27/><G114/><T67/><D133/><U62/><E85/><V124/><F124/><W57/><G27/><T75/><D75/><U63/><E6/><V49/><F33/><W0/><G0/><T90/><D102/><U96/><E96/><V8/><F1/><W111/><G111/><T68/><D67/><U35/><E35/><V38/><F38/><W78/><G69/><T16/><D18/><AGARI ba="0,0" hai="13,15,18,20,25,45,50,55,60,62,63,77,83,84" machi="18" ten="40,2600,0" yaku="8,1,52,1" doraHai="72" who="1" fromWho="0" sc="135,-26,354,26,264,0,247,0" /><INIT seed="7,0,0,4,0,7" ten="109,380,264,247" oya="3" hai0="90,104,68,79,97,130,47,19,126,5,20,108,135" hai1="105,112,58,2,13,127,14,82,119,133,106,70,93" hai2="128,122,113,94,26,27,84,30,52,53,29,9,71" hai3="46,40,12,88,51,64,72,31,74,17,34,3,121"/><W4/><G121/><T114/><D108/><U6/><E70/><V96/><F71/><W132/><G132/><T56/><D135/><U11/><E133/><V22/><F122/><W23/><G64/><T124/><D130/><U125/><E112/><V78/><F128/><W48/><G48/><T8/><D68/><U116/><E93/><V21/><F113/><W41/><G41/><T45/><D114/><U75/><E58/><V131/><F131/><W16/><G17/><T102/><D79/><N who="1" m="44415" /><E14/><V50/><F50/><W118/><G118/><N who="1" m="45098" /><E13/><V61/><F61/><W33/><G88/><T60/><D124/><AGARI ba="0,0" hai="2,6,11,105,106,124,125,127" m="45098,44415" machi="124" ten="30,7700,0" yaku="18,1,12,1,23,1,52,1" doraHai="7" who="1" fromWho="0" sc="109,-77,380,77,264,0,247,0" owari="32,-47.0,457,56.0,264,6.0,247,-15.0" /></mjloggm>