<mjloggm ver="2.3"><GO type="169" lobby="0"/><UN n0="%62%69%67%6D%6F%75%74%68" n1="%E4%BD%8E%E3%82%81%E3%82%B9%E3%83%A9%E3%82%A4%E3%83%80%E3%83%BC" n2="%E3%83%8F%E3%83%83%E3%83%88%E3%83%AA%E3%82%B9" n3="%E4%B9%9D%E4%B8%88%E8%8A%B1%E9%9F%B3" dan="16,16,17,16" rate="2057.34,2161.81,2171.42,2170.89" sx="M,F,M,F"/><TAIKYOKU oya="0"/><INIT seed="0,0,0,1,3,113" ten="250,250,250,250" oya="0" hai0="134,9,84,87,47,42,115,106,82,22,104,8,118" hai1="76,102,85,122,5,105,18,117,111,78,79,63,17" hai2="35,97,31,29,61,10,20,90,19,130,70,52,66" hai3="119,108,50,74,67,124,88,91,62,1,32,16,11"/><T101/><D115/><U34/><E122/><V92/><F130/><W80/><G32/><T23/><D134/><U43/><E34/><V15/><F35/><W96/><G119/><T36/><D101/><U112/><E112/><V121/><F121/><W110/><G50/><T55/><D55/><U13/><E5/><V39/><F39/><W107/><G124/><T129/><D129/><U64/><E43/><V3/><F3/><W7/><G107/><T26/><D118/><U68/><E111/><N who="3" m="42538" /><G16/><T48/><D36/><U37/><E37/><V73/><F73/><W98/><G74/><T135/><D135/><U0/><E0/><V127/><F127/><W38/><G38/><T132/><D132/><U12/><E117/><V131/><F131/><W103/><G80/><T94/><D106/><U114/><E114/><V93/><F93/><N who="3" m="58831" /><G96/><T123/><D104/><U99/><E85/><V71/><F10/><N who="0" m="4202" /><D123/><U28/><E28/><V120/><F120/><W51/><G51/><T69/><D26/><U83/><E83/><V58/><REACH who="2" step="1"/><F71/><AGARI ba="0,0" hai="1,7,11,62,67,71,88,91" m="58831,42538" machi="71" ten="30,2000,0" yaku="14,1,54,1" doraHai="113" who="3" fromWho="2" sc="250,0,250,0,250,-20,250,20" /><INIT seed="1,0,0,3,1,58" ten="250,250,230,270" oya="1" hai0="98,103,57,85,10,63,135,81,55,50,14,72,53" hai1="47,93,18,40,35,130,88,68,29,128,25,48,54" hai2="82,134,12,64,0,133,69,94,31,100,60,65,56" hai3="71,46,77,38,104,24,87,6,76,45,32,78,83"/><U111/><E68/><V132/><F0/><W39/><G104/><T33/><D72/><U22/><E111/><V74/><F31/><W34/><G6/><T91/><D33/><U95/><E95/><V112/><F112/><W127/><G71/><T109/><D109/><U44/><E44/><N who="3" m="17002" /><G24/><T30/><D135/><U97/><REACH who="1" step="1"/><E54/><REACH who="1" ten="250,240,230,270" step="2"/><N who="2" m="33815" /><F69/><W23/><G39/><T28/><D55/><U107/><E107/><V20/><F94/><W113/><G38/><T66/><D103/><U49/><E49/><V52/><F100/><W126/><G113/><T80/><D98/><U73/><E73/><V62/><F74/><W114/><G114/><T7/><REACH who="0" step="1"/><D81/><REACH who="0" ten="240,240,230,270" step="2"/><U11/><E11/><V86/><F82/><W118/><G83/><T4/><D4/><U121/><E121/><V27/><F133/><W8/><G8/><T2/><D2/><U1/><E1/><V96/><F96/><W16/><G118/><T122/><D122/><U17/><E17/><N who="2" m="10279" /><F132/><W106/><G106/><T43/><D43/><U124/><E124/><V13/><F134/><W21/><G127/><T59/><AGARI ba="0,2" hai="7,10,14,28,30,50,53,57,59,63,66,80,85,91" machi="59" ten="20,8000,1" yaku="1,1,0,1,7,1,8,1,52,1,53,0" doraHai="58" doraHaiUra="108" who="0" fromWho="0" sc="240,100,240,-40,230,-20,270,-20" /><INIT seed="2,0,0,0,0,124" ten="340,200,210,250" oya="2" hai0="61,18,122,41,104,33,13,115,83,19,5,7,51" hai1="111,132,97,37,42,23,12,26,99,78,24,29,52" hai2="86,91,47,46,34,43,95,85,121,38,120,128,109" hai3="72,20,96,133,127,11,17,134,40,117,131,45,39"/><V103/><F34/><W50/><G117/><T62/><D115/><U118/><E118/><V31/><F31/><W44/><G127/><T110/><D122/><U56/><E111/><V112/><F112/><W15/><G72/><T135/><D104/><U100/><E132/><N who="3" m="50794" /><G96/><T21/><D135/><U130/><E78/><V129/><F109/><W32/><G32/><T77/><D110/><U102/><E12/><V9/><F103/><W6/><G131/><N who="2" m="50249" /><F9/><W71/><G71/><T63/><D33/><U82/><E102/><V28/><F28/><W101/><G101/><T75/><D41/><U93/><E100/><V69/><F69/><W92/><G92/><T8/><REACH who="0" step="1"/><D51/><REACH who="0" ten="330,200,210,250" step="2"/><U36/><E130/><V66/><F66/><W119/><G119/><T90/><D90/><U65/><E65/><V58/><F58/><W126/><G126/><T125/><D125/><U94/><E56/><V0/><F0/><N who="3" m="455" /><G45/><T106/><D106/><U76/><E42/><N who="2" m="22871" /><F86/><W73/><G73/><T30/><D30/><U80/><E29/><V116/><F116/><W88/><G39/><AGARI ba="0,1" hai="39,43,47,85,91,95,120,121" m="22871,50249" machi="39" ten="30,11600,0" yaku="19,1,52,3" doraHai="124" who="2" fromWho="3" sc="330,0,200,0,210,126,250,-116" /><INIT seed="2,1,0,0,1,39" ten="330,200,336,134" oya="2" hai0="0,53,29,78,28,64,105,50,41,1,37,12,99" hai1="70,96,117,44,112,81,3,8,57,58,68,76,66" hai2="132,32,104,24,14,90,21,45,22,49,73,74,48" hai3="102,116,80,91,35,125,121,95,115,77,119,83,94"/><V10/><F104/><W47/><G35/><T46/><D78/><U40/><E112/><V82/><F32/><W131/><G47/><T123/><D123/><U106/><E117/><V31/><F132/><W56/><G56/><T9/><D64/><U5/><E106/><V62/><F22/><W84/><G121/><T111/><D111/><U43/><E96/><V34/><F34/><W18/><G18/><T52/><D53/><U19/><E19/><N who="2" m="8663" /><F49/><W15/><G15/><T114/><D114/><U93/><E93/><V4/><F4/><W135/><G115/><T7/><D1/><U101/><E101/><V107/><F62/><W128/><G135/><T122/><D122/><U100/><E100/><V88/><F90/><W55/><G55/><T13/><D0/><U79/><E79/><V33/><F107/><W118/><G125/><T71/><D71/><U60/><E70/><V20/><F20/><W36/><G36/><T127/><D127/><U126/><E126/><V113/><F33/><W120/><G120/><T59/><REACH who="0" step="1"/><D13/><REACH who="0" ten="320,200,336,134" step="2"/><U85/><REACH who="1" step="1"/><E43/><REACH who="1" ten="320,190,336,134" step="2"/><V75/><F113/><W89/><G102/><AGARI ba="1,2" hai="7,9,12,28,29,37,41,46,50,52,59,99,102,105" machi="102" ten="40,8000,1" yaku="1,1,2,1,52,1,54,1,53,0" doraHai="39" doraHaiUra="65" who="0" fromWho="3" sc="320,103,190,0,336,0,134,-83" /><INIT seed="3,0,0,3,4,69" ten="423,190,336,51" oya="3" hai0="21,37,59,67,79,25,66,86,44,22,19,15,91" hai1="129,108,116,100,120,63,98,51,82,40,64,81,6" hai2="34,92,30,7,131,36,74,1,96,43,113,31,2" hai3="112,93,83,105,133,68,14,3,49,32,104,95,41"/><W75/><G32/><T135/><D135/><U55/><E120/><V106/><F113/><W53/><G68/><T103/><D79/><U13/><E108/><V28/><F34/><W72/><G3/><T65/><D103/><U26/><E129/><V50/><F74/><N who="3" m="28203" /><G53/><T114/><D114/><U88/><E40/><V110/><F110/><W134/><G14/><T118/><D118/><U124/><E116/><V52/><F131/><W61/><G49/><T122/><D122/><U89/><E26/><V0/><F106/><N who="3" m="41067" /><G61/><T46/><D59/><U23/><E63/><V62/><F62/><W60/><G60/><T24/><D15/><U78/><E51/><V9/><F50/><W54/><G54/><T73/><D73/><U58/><E55/><V16/><F52/><W11/><G11/><T109/><D109/><U119/><E58/><V102/><REACH who="2" step="1"/><F16/><REACH who="2" ten="423,190,326,51" step="2"/><W18/><G18/><T47/><D19/><U87/><E119/><V38/><F38/><W4/><G41/><T8/><D37/><U127/><E6/><V70/><F70/><W17/><G17/><T101/><D66/><U12/><E64/><V56/><F56/><W48/><G48/><T71/><D71/><U45/><E23/><V117/><F117/><W42/><G4/><T125/><D67/><U35/><E35/><V85/><F85/><W77/><G42/><T5/><D65/><U94/><E13/><V80/><F80/><W27/><G112/><T57/><D22/><U84/><E12/><V107/><F107/><W10/><G10/><T33/><D8/><U123/><E82/><V20/><F20/><RYUUKYOKU ba="0,1" sc="423,-10,190,-10,326,30,51,-10" hai2="0,1,2,7,9,28,30,31,36,43,92,96,102" /><INIT seed="4,1,1,4,0,13" ten="413,180,356,41" oya="0" hai0="60,6,15,119,9,55,44,103,16,97,29,116,117" hai1="53,87,112,85,36,104,49,86,113,17,73,81,22" hai2="57,111,50,4,94,84,92,24,25,134,45,102,120" hai3="72,76,0,59,58,2,131,69,3,106,95,33,14"/><T121/><D121/><U35/><E104/><V126/><F111/><W90/><G33/><T19/><D29/><U132/><E36/><V79/><F120/><W27/><G69/><T100/><D100/><U56/><E35/><V18/><F4/><W128/><G106/><T41/><D55/><U77/><REACH who="1" step="1"/><E132/><REACH who="1" ten="413,170,356,41" step="2"/><V110/><F134/><W62/><G128/><T122/><D122/><U11/><E11/><V63/><F110/><W125/><G131/><T130/><D130/><U20/><E20/><V65/><F126/><W88/><G125/><T43/><D9/><U70/><E70/><V66/><F102/><W93/><G2/><T26/><D103/><U54/><E54/><V82/><F66/><W89/><G0/><T28/><D119/><U114/><E114/><V91/><F65/><W12/><G3/><T118/><D118/><U78/><E78/><V115/><F79/><W47/><G76/><T108/><D108/><U52/><E52/><V98/><F115/><W74/><G59/><T101/><D101/><U48/><E48/><V127/><F50/><W39/><G58/><T38/><D38/><U51/><E51/><V23/><F57/><W64/><G39/><T107/><D107/><U68/><E68/><V123/><F127/><W21/><G64/><T133/><D133/><U135/><E135/><V30/><F123/><W61/><G61/><T80/><D117/><U1/><E1/><V129/><F63/><W34/><G34/><T96/><D116/><U10/><E10/><V67/><F67/><W71/><G71/><T31/><D60/><U75/><E75/><RYUUKYOKU ba="1,2" sc="413,-10,170,30,356,-10,41,-10" hai1="17,22,49,53,56,73,77,81,85,86,87,112,113" /><INIT seed="5,2,2,4,3,38" ten="403,200,346,31" oya="1" hai0="3,30,23,43,50,58,32,94,36,95,11,8,86" hai1="131,47,54,82,115,34,2,114,39,79,31,133,9" hai2="129,51,72,120,126,69,18,76,121,91,88,66,4" hai3="89,105,60,45,37,87,97,128,98,20,35,111,107"/><U103/><E133/><V77/><F4/><W118/><G111/><T64/><D32/><U44/><E103/><V122/><F129/><W113/><G35/><T93/><D36/><U29/><E131/><V90/><F126/><W22/><G60/><T100/><D3/><U110/><E47/><V1/><F1/><W63/><G63/><T68/><D68/><U0/><E0/><V127/><F127/><W5/><G5/><T14/><D100/><U123/><E123/><V80/><F66/><W56/><G56/><T41/><D86/><U75/><E110/><V81/><F18/><W134/><G134/><T16/><D64/><U40/><E54/><V65/><F51/><W92/><G128/><T119/><D119/><U124/><E124/><V7/><F7/><W106/><G113/><N who="1" m="43018" /><E34/><V73/><F65/><W96/><REACH who="3" step="1"/><G118/><REACH who="3" ten="403,200,346,21" step="2"/><T25/><D58/><U27/><E2/><V101/><F101/><W104/><N who="3" m="26624" /><DORA hai="21" /><W83/><G83/><T108/><D108/><U57/><E57/><V10/><F69/><W42/><AGARI ba="2,3" hai="20,22,37,42,45,87,89,92,96,97,98" m="26624" machi="42" ten="60,8000,1" yaku="1,1,0,1,52,1,53,1" doraHai="38,21" doraHaiUra="84,24" who="3" fromWho="3" sc="403,-22,200,-42,346,-22,21,116" /><INIT seed="6,0,0,2,2,131" ten="381,158,324,137" oya="2" hai0="93,19,23,2,18,121,113,111,33,95,94,4,56" hai1="16,55,118,8,3,126,80,78,65,89,11,0,70" hai2="119,98,48,21,15,57,30,64,13,106,69,25,9" hai3="81,127,53,40,28,87,31,26,17,63,129,1,114"/><V90/><F119/><W60/><G1/><T62/><D111/><U112/><E118/><V100/><F69/><W61/><G129/><T72/><D121/><U22/><E89/><V29/><F29/><W103/><G127/><T124/><D33/><U74/><E126/><V38/><F38/><W67/><G67/><T122/><D122/><U6/><E112/><V130/><F130/><W32/><G40/><T104/><D104/><U120/><E120/><V92/><F9/><W14/><G103/><T102/><D72/><U59/><E65/><V76/><F76/><W117/><G117/><T51/><D113/><U84/><E70/><V68/><F68/><W97/><G97/><T82/><D82/><U134/><E11/><V88/><F48/><W35/><G114/><T5/><D51/><U108/><E108/><V12/><REACH who="2" step="1"/><F106/><REACH who="2" ten="381,158,314,137" step="2"/><W46/><G31/><T105/><D105/><U132/><E3/><V58/><F58/><W36/><G36/><T109/><D109/><U99/><E0/><V34/><F34/><W66/><G32/><T86/><D124/><U125/><E125/><V39/><F39/><W128/><G128/><T115/><D115/><U50/><E8/><V43/><F43/><W73/><G35/><T75/><D2/><U49/><E50/><V79/><F79/><N who="3" m="46527" /><G28/><T10/><D10/><U54/><E6/><V44/><F44/><W91/><G46/><T77/><D5/><U116/><E116/><V133/><F133/><W41/><G41/><T107/><D107/><U123/><E123/><V110/><F110/><W47/><G47/><T135/><D4/><RYUUKYOKU ba="0,1" sc="381,-10,158,-10,314,30,137,-10" hai2="12,13,15,21,25,30,57,64,88,90,92,98,100" /><INIT seed="6,1,1,3,2,92" ten="371,148,344,127" oya="2" hai0="114,80,102,28,117,54,43,112,13,0,10,132,85" hai1="70,23,99,103,11,50,129,33,29,62,5,86,20" hai2="15,109,121,47,46,73,79,14,1,111,95,77,88" hai3="106,65,41,122,37,17,40,123,75,94,32,71,110"/><V30/><F121/><W8/><G110/><N who="2" m="41993" /><F1/><W101/><G32/><T119/><D0/><U26/><E86/><N who="2" m="52631" /><F30/><W128/><G75/><T84/><D132/><U49/><E129/><V124/><F124/><W135/><G106/><T90/><D43/><U31/><E31/><V24/><F24/><W21/><G135/><T56/><D28/><U127/><E127/><V105/><F105/><W55/><G128/><T22/><D22/><U83/><E83/><N who="2" m="45487" /><F79/><W48/><G123/><T9/><D9/><U78/><E78/><V51/><F47/><W61/><G8/><T57/><D13/><U113/><E23/><V58/><F58/><W34/><G34/><T89/><D10/><U120/><E20/><V3/><F3/><W7/><G122/><T2/><D2/><N who="1" m="439" /><E120/><V66/><F66/><W81/><G65/><T18/><D57/><U69/><E69/><V108/><F108/><W39/><G71/><T60/><D18/><U91/><E70/><V4/><F4/><W59/><G7/><T82/><D102/><U87/><E103/><V97/><F97/><N who="3" m="59575" /><G39/><T130/><D130/><U52/><E99/><V100/><F100/><W36/><G36/><T45/><D45/><U19/><E19/><V118/><F118/><AGARI ba="1,1" hai="54,56,60,80,82,84,85,89,90,112,114,117,118,119" machi="118" ten="40,2600,0" yaku="9,1,12,1" doraHai="92" who="0" fromWho="2" sc="371,39,148,0,344,-29,127,0" /><INIT seed="7,0,0,4,5,14" ten="410,148,315,127" oya="3" hai0="6,79,94,65,124,0,17,129,106,20,69,50,11" hai1="84,15,125,133,39,92,48,45,109,71,74,76,36" hai2="59,115,33,1,26,128,28,121,27,8,122,112,81" hai3="67,66,132,118,38,18,41,19,23,24,53,93,114"/><W134/><G118/><T29/><D106/><U103/><E71/><V49/><F81/><W30/><G114/><N who="2" m="43561" /><F59/><W40/><G53/><T117/><D117/><U32/><E32/><V31/><F49/><W111/><G111/><T120/><D120/><N who="2" m="46186" /><F128/><W126/><G126/><T52/><D129/><U57/><E57/><V102/><F102/><W62/><G93/><T131/><D124/><U73/><E73/><V96/><F96/><W85/><G85/><T123/><D123/><U119/><E119/><V91/><F91/><W78/><G78/><T72/><D29/><N who="2" m="11338" /><F33/><W127/><G127/><T34/><D34/><U113/><E92/><V95/><F95/><W88/><G88/><T100/><D131/><U47/><E84/><V64/><F64/><N who="3" m="24619" /><G62/><T12/><D79/><U4/><E76/><V37/><F37/><W70/><G70/><T16/><D72/><U22/><E113/><V54/><F54/><W46/><G41/><T130/><D130/><U99/><E39/><V56/><F56/><W44/><G46/><T2/><D69/><U87/><E87/><V60/><F60/><W101/><G101/><T42/><D42/><U83/><E103/><V58/><F58/><W105/><G105/><T77/><D77/><U13/><E125/><V5/><AGARI ba="0,0" hai="1,5,8,26,27" m="11338,46186,43561" machi="5" ten="40,8000,1" yaku="15,1,13,1,34,2" doraHai="14" who="2" fromWho="2" sc="410,-20,148,-20,315,80,127,-40" owari="390,19.0,128,-27.0,395,49.0,87,-41.0" /></mjloggm>