<mjloggm ver="2.3"><GO type="225" lobby="0"/><UN n0="%E8%83%83%E3%81%A8%E8%85%B8" n1="%E5%B6%BA%E4%B8%8A%E5%92%B2" n2="%E5%BE%80%E5%B9%B4%E3%81%AE%E3%82%B4%E3%83%AA%E3%83%A9" n3="%E8%88%B9%E8%A6%8B%E7%B5%90%E8%A1%A3%E3%81%A1%E3%82%83%E3%82%93" dan="18,17,16,16" rate="2247.81,2211.00,2084.88,2135.80" sx="M,F,M,F"/><TAIKYOKU oya="0"/><INIT seed="0,0,0,5,3,97" ten="250,250,250,250" oya="0" hai0="72,23,95,113,59,118,2,71,49,114,127,37,115" hai1="75,102,85,99,60,73,103,33,0,67,79,3,44" hai2="28,16,50,40,21,116,14,51,135,19,78,83,109" hai3="5,108,22,43,34,47,100,93,119,9,63,124,76"/><T112/><D118/><U20/><E33/><V130/><F116/><W84/><G34/><T81/><D127/><U134/><E134/><V98/><F135/><W48/><G124/><T54/><D2/><U56/><E0/><V69/><F69/><W10/><G108/><T92/><D71/><U65/><E3/><V57/><F109/><W13/><G119/><T105/><D37/><U4/><E4/><V32/><F130/><W46/><G46/><T106/><N who="0" m="28672" /><DORA hai="30" /><T90/><D92/><U1/><E99/><V126/><F126/><W91/><G63/><T70/><D70/><U25/><E73/><V27/><F40/><W31/><G76/><T122/><D122/><U55/><E75/><V123/><F123/><W38/><G38/><T117/><D117/><U12/><E12/><V64/><F19/><W52/><G43/><T82/><D23/><U101/><E1/><V24/><F24/><N who="3" m="16791" /><G9/><T66/><D66/><U104/><E44/><V74/><REACH who="2" step="1"/><F98/><REACH who="2" ten="250,250,240,250" step="2"/><W128/><G128/><T45/><D105/><U17/><E104/><V125/><F125/><W110/><G110/><T77/><D106/><U61/><E61/><AGARI ba="0,1" hai="14,16,21,27,28,32,50,51,57,61,64,74,78,83" machi="61" ten="40,5200,0" yaku="1,1,52,1,54,1,53,0" doraHai="97,30" doraHaiUra="36,35" who="2" fromWho="1" sc="250,0,250,-52,240,62,250,0" /><INIT seed="1,0,0,1,4,118" ten="250,198,302,250" oya="1" hai0="8,133,79,63,81,96,7,41,9,56,32,52,128" hai1="72,74,37,57,21,91,134,73,2,23,124,35,40" hai2="122,102,55,0,106,135,130,120,97,15,131,12,86" hai3="70,108,64,99,6,98,16,20,116,54,104,100,85"/><U71/><E71/><V107/><F0/><W42/><G116/><T103/><D128/><N who="2" m="49194" /><F135/><W111/><G6/><T14/><D133/><U45/><E35/><V84/><F106/><W58/><G42/><T75/><D32/><U29/><E134/><V61/><F61/><W43/><G43/><T80/><D41/><U53/><E2/><V88/><F55/><W90/><G64/><T66/><D80/><U101/><E124/><V17/><F84/><W13/><G70/><T10/><REACH who="0" step="1"/><D66/><REACH who="0" ten="240,198,302,250" step="2"/><U50/><E101/><V113/><F113/><W109/><G100/><T110/><D110/><U129/><E129/><V11/><F12/><W127/><G127/><T95/><AGARI ba="0,1" hai="7,8,9,10,14,52,56,63,75,79,81,95,96,103" machi="95" ten="20,8000,1" yaku="1,1,0,1,7,1,54,1,53,1" doraHai="118" doraHaiUra="3" who="0" fromWho="0" sc="240,90,198,-40,302,-20,250,-20" /><INIT seed="2,0,0,4,2,86" ten="330,158,282,230" oya="2" hai0="50,99,128,12,45,19,120,131,53,73,68,17,129" hai1="31,127,130,48,113,0,69,41,5,98,82,102,35" hai2="124,107,21,43,121,81,66,101,36,60,125,30,87" hai3="89,74,93,14,90,34,76,117,132,135,42,67,71"/><V112/><F112/><W78/><G117/><T2/><D120/><U37/><E113/><V92/><F121/><W33/><G42/><T106/><D2/><U56/><E69/><V44/><F107/><W116/><G116/><T123/><D123/><U23/><E130/><V88/><F30/><W134/><G14/><T3/><D3/><U9/><E127/><N who="2" m="48715" /><F21/><W52/><G93/><T104/><D73/><U29/><E37/><V70/><F101/><W16/><G16/><N who="0" m="6219" /><D68/><U4/><E35/><N who="3" m="13322" /><G52/><N who="0" m="29775" /><D12/><U38/><E0/><V58/><F92/><W32/><N who="3" m="13330" /><W47/><DORA hai="61" /><G47/><T63/><D99/><U28/><E98/><V62/><F62/><N who="3" m="40439" /><G74/><T39/><D39/><U109/><E38/><V111/><F70/><W85/><G85/><T65/><D104/><U119/><E119/><V84/><F84/><W126/><G126/><T13/><D106/><U80/><E4/><V72/><F72/><W108/><G108/><AGARI ba="0,0" hai="36,43,44,58,60,66,81,87,88,108,111" m="48715" machi="108" ten="30,11600,0" yaku="18,1,52,2,54,1" doraHai="86,61" who="2" fromWho="3" sc="330,0,158,0,282,116,230,-116" /><INIT seed="2,1,0,0,0,104" ten="330,158,398,114" oya="2" hai0="126,95,23,54,78,16,74,120,63,5,131,107,59" hai1="26,83,130,25,132,88,87,1,50,94,32,125,127" hai2="92,103,129,30,115,65,64,113,133,124,91,18,28" hai3="15,134,13,14,33,77,109,10,119,70,99,79,85"/><V21/><F133/><W8/><G134/><T45/><D120/><U4/><E132/><V42/><F129/><W97/><G119/><T106/><D131/><U46/><E130/><V37/><F103/><W67/><G33/><T40/><D126/><N who="1" m="48139" /><E32/><V123/><F123/><W62/><G109/><T111/><D111/><U66/><E66/><V6/><F6/><W38/><G38/><T93/><D5/><U12/><E1/><V48/><F37/><W49/><G49/><T101/><D106/><U90/><E12/><V9/><F9/><W102/><G85/><T121/><D121/><U68/><E68/><V34/><F124/><W36/><G36/><T108/><D108/><U71/><E71/><V76/><F76/><W116/><G116/><T58/><D58/><U122/><E122/><V118/><F118/><W0/><G0/><T117/><D117/><U81/><E4/><V112/><F34/><W72/><G99/><T2/><D2/><U44/><E44/><V53/><F112/><W86/><G86/><T128/><D128/><U69/><E69/><V84/><F115/><W47/><G47/><T51/><D107/><U17/><E81/><V11/><F113/><W56/><G70/><T55/><D40/><N who="1" m="24903" /><E17/><V41/><F18/><W7/><G72/><T135/><D135/><U61/><E61/><V60/><F60/><W19/><REACH who="3" step="1"/><G15/><REACH who="3" ten="330,158,398,104" step="2"/><N who="0" m="9631" /><D74/><U43/><E43/><V22/><F42/><W114/><G114/><T35/><D35/><U89/><E83/><V105/><F41/><W20/><G20/><T3/><D3/><U39/><E39/><V73/><F73/><RYUUKYOKU ba="1,1" sc="330,-15,158,15,398,-15,104,15" hai1="25,26,87,88,89,90,94" hai3="7,8,10,13,14,19,56,62,67,77,79,97,102" /><INIT seed="3,2,1,3,4,132" ten="315,173,383,119" oya="3" hai0="111,60,98,19,28,93,99,76,97,44,113,121,124" hai1="5,78,59,45,133,0,17,57,134,48,87,4,8" hai2="64,129,61,95,116,67,47,110,135,37,34,102,22" hai3="115,40,130,25,52,70,85,66,119,30,14,100,29"/><W16/><G119/><T49/><D111/><U36/><E36/><V86/><F34/><W128/><G115/><T1/><D121/><U122/><E122/><V74/><F74/><W3/><G3/><T38/><D113/><U43/><E4/><V96/><F110/><W53/><G40/><T55/><D1/><U54/><E17/><V7/><F7/><W24/><G100/><T6/><D6/><U10/><E10/><V103/><F103/><W46/><G85/><T89/><D38/><U50/><E57/><V42/><F135/><N who="1" m="51721" /><E87/><V31/><F129/><N who="3" m="49771" /><G66/><T104/><D104/><U27/><E27/><N who="3" m="10314" /><G70/><T80/><D28/><N who="3" m="10857" /><G46/><T112/><D112/><U88/><E78/><V63/><F67/><W82/><G82/><T41/><D80/><U94/><E43/><V114/><F64/><W11/><AGARI ba="2,1" hai="11,14,16,52,53" m="10857,10314,49771" machi="11" ten="30,6000,0" yaku="19,1,54,2" doraHai="132" who="3" fromWho="3" sc="315,-22,173,-22,383,-22,119,76" /><INIT seed="3,3,0,3,2,57" ten="293,151,361,195" oya="3" hai0="108,125,19,8,16,111,117,10,35,90,65,12,97" hai1="43,5,68,118,1,27,31,76,122,60,115,81,56" hai2="51,79,101,50,83,9,44,95,91,18,55,36,78" hai3="89,134,67,46,4,14,84,64,119,47,103,0,106"/><W13/><G119/><T48/><D117/><U98/><E118/><V38/><F79/><W130/><G0/><T33/><D48/><U132/><E115/><V86/><F101/><W63/><G134/><T99/><D65/><U107/><E132/><V121/><F121/><W104/><G130/><T22/><D90/><U62/><E122/><V21/><F9/><N who="3" m="4263" /><G106/><T3/><D125/><U120/><E120/><V102/><F102/><W129/><G104/><T87/><D87/><N who="1" m="48551" /><E68/><V77/><F77/><W26/><G129/><T52/><D52/><N who="1" m="33799" /><E1/><V39/><F51/><W69/><G69/><T128/><D128/><U54/><E107/><V73/><F39/><W124/><G124/><T80/><D3/><U75/><E75/><V72/><F73/><W71/><G71/><T116/><D116/><U88/><E5/><V92/><F92/><N who="3" m="54311" /><G103/><T42/><D33/><U94/><E43/><V49/><F49/><W112/><G112/><T127/><D42/><U6/><E6/><V34/><F34/><W25/><G67/><T45/><D35/><U109/><E109/><V59/><F38/><W29/><G64/><T24/><D127/><U105/><E105/><V2/><F2/><W70/><G70/><T100/><D108/><U61/><E54/><V135/><F36/><W82/><G29/><T123/><D111/><U85/><E98/><V131/><F131/><W23/><G47/><T11/><D45/><U93/><E93/><V66/><F66/><W20/><G46/><T32/><D123/><U133/><E133/><V41/><F135/><W110/><G110/><T40/><D32/><AGARI ba="3,0" hai="27,31,32,61,62,85,88,94" m="33799,48551" machi="32" ten="30,12000,2" yaku="6,1,52,3,54,2" doraHai="57" who="1" fromWho="0" sc="293,-129,151,129,361,0,195,0" owari="164,-34.0,280,8.0,361,46.0,195,-20.0" /></mjloggm>