<mjloggm ver="2.3"><GO type="169" lobby="0"/><UN n0="%77%61%77%61%33%30%33%30" n1="%41%2E%4B%39%6D%65%63" n2="%E9%88%B4%E4%B8%B8" n3="%E3%82%8F%E3%81%9F%E3%81%B4%E3%82%93" dan="16,17,16,17" rate="2167.62,2265.76,2211.27,2246.86" sx="M,M,M,M"/><TAIKYOKU oya="0"/><INIT seed="0,0,0,3,0,127" ten="250,250,250,250" oya="0" hai0="18,133,62,38,29,91,112,19,66,88,102,93,118" hai1="125,65,4,22,68,56,72,24,120,31,126,124,67" hai2="9,132,14,135,123,76,89,80,130,69,0,10,131" hai3="21,60,33,75,77,54,128,84,85,43,107,61,86"/><T11/><D112/><U99/><E120/><V108/><F123/><W7/><G33/><T12/><D118/><U70/><E72/><V110/><F89/><W101/><G43/><T1/><D38/><U116/><E116/><V103/><F103/><W39/><G39/><T44/><D133/><N who="2" m="51274" /><F69/><W41/><G41/><T114/><D1/><U45/><E4/><N who="2" m="1159" /><F80/><W119/><G7/><T121/><D114/><U52/><E45/><V57/><F57/><W36/><G36/><T3/><D3/><U32/><E32/><V100/><F100/><W59/><G75/><T2/><D2/><U104/><E104/><V27/><F27/><W78/><G107/><T35/><D44/><U115/><E115/><V48/><F48/><W46/><G101/><T117/><D117/><U40/><E40/><V97/><F97/><W106/><G106/><T37/><D37/><U109/><E99/><V42/><F76/><W47/><G119/><T58/><D121/><U15/><E109/><N who="2" m="42091" /><F42/><W81/><G78/><T134/><D134/><U23/><E70/><V111/><N who="2" m="42099" /><V53/><DORA hai="98" /><F53/><W122/><G81/><T34/><D91/><U51/><REACH who="1" step="1"/><E68/><REACH who="1" ten="250,240,250,250" step="2"/><V105/><F105/><W17/><G122/><T5/><D35/><U28/><E28/><V95/><F95/><W13/><G84/><N who="0" m="52359" /><D29/><U113/><E113/><V50/><F50/><W63/><G85/><T74/><D34/><U64/><E64/><V55/><F55/><W82/><G54/><T129/><D74/><U20/><E20/><V8/><F8/><W92/><G86/><T26/><D66/><U30/><E30/><RYUUKYOKU ba="0,1" sc="250,-15,240,15,250,15,250,-15" hai1="15,22,23,24,31,51,52,56,65,67,124,125,126" hai2="10,14,130,131" /><INIT seed="1,1,1,3,0,127" ten="235,255,265,235" oya="1" hai0="55,10,42,125,115,27,116,80,76,52,19,104,11" hai1="109,69,74,103,57,90,92,1,35,83,48,108,113" hai2="64,63,41,33,3,67,118,20,66,96,98,37,5" hai3="28,13,110,18,72,0,79,44,82,101,51,68,24"/><U25/><E113/><V89/><F33/><W54/><G110/><N who="1" m="42602" /><E69/><V94/><F118/><W78/><G0/><T14/><D116/><U117/><E1/><V32/><F32/><W38/><G68/><T112/><D104/><U31/><E117/><V73/><F73/><W129/><G129/><T86/><D125/><U130/><E103/><V34/><F34/><W93/><G79/><T107/><D107/><U134/><E134/><V2/><F63/><W124/><G38/><T43/><D27/><U119/><E119/><V50/><F37/><W132/><G132/><T60/><D112/><U59/><E48/><V131/><F5/><W120/><G120/><T22/><D115/><U30/><E30/><V4/><F4/><W99/><G124/><T105/><D105/><U45/><E45/><V46/><F131/><W81/><G28/><T88/><D76/><N who="1" m="44439" /><E130/><V26/><REACH who="2" step="1"/><F98/><AGARI ba="1,1" hai="25,31,35,57,59,90,92,98" m="44439,42602" machi="98" ten="30,2900,0" yaku="14,1,10,1" doraHai="127" who="1" fromWho="2" sc="235,0,255,42,265,-32,235,0" /><INIT seed="1,2,0,5,0,0" ten="235,297,233,235" oya="1" hai0="131,122,17,8,90,29,87,113,68,37,126,101,111" hai1="34,83,15,73,5,121,20,106,55,115,27,59,99" hai2="105,64,79,65,100,109,30,85,97,36,57,134,132" hai3="60,120,43,47,12,125,107,28,44,108,61,110,74"/><U133/><E115/><V13/><F36/><W39/><G74/><T54/><D68/><U58/><E121/><V3/><F3/><W7/><G120/><T56/><D37/><U40/><E133/><N who="2" m="51307" /><F109/><N who="3" m="42091" /><G125/><T93/><D29/><U48/><E40/><V114/><F114/><W46/><G107/><T6/><D126/><U102/><E34/><V76/><F30/><W31/><G31/><T75/><D75/><U78/><E27/><V96/><F96/><W4/><G28/><T2/><D122/><U49/><E20/><V18/><F85/><W22/><G43/><T88/><D101/><U103/><E103/><V130/><F130/><W81/><G39/><T45/><D111/><U32/><E32/><V19/><F19/><N who="3" m="10599" /><G81/><T118/><D131/><U80/><E80/><V116/><F116/><W127/><G127/><T11/><D118/><U94/><E106/><V135/><N who="2" m="51315" /><V95/><DORA hai="50" /><F105/><W92/><G92/><T21/><D113/><U123/><E123/><V10/><F57/><W25/><G25/><T104/><D56/><U86/><E73/><V129/><F129/><W41/><G41/><T67/><D104/><U117/><E117/><V72/><F72/><W1/><G1/><T89/><D2/><U52/><E15/><V124/><F124/><W24/><G24/><T14/><D14/><U35/><E35/><V84/><F84/><W112/><G112/><T77/><D87/><U9/><E9/><V71/><F71/><W51/><G51/><T98/><D8/><U119/><E119/><V69/><F69/><W66/><G61/><T128/><D128/><RYUUKYOKU ba="2,0" sc="235,-30,297,10,233,10,235,10" hai1="5,48,49,52,55,58,59,78,83,86,94,99,102" hai2="10,13,18,64,65,76,79,95,97,100" hai3="4,7,44,46,47,60,66" /><INIT seed="1,3,0,3,0,50" ten="205,307,243,245" oya="1" hai0="103,53,83,47,45,107,65,4,63,105,24,3,36" hai1="26,64,98,90,69,124,9,134,120,118,30,25,86" hai2="93,95,135,133,29,72,40,2,106,39,54,12,117" hai3="89,121,108,6,76,78,17,75,114,23,59,116,20"/><U66/><E118/><V61/><F117/><W57/><G121/><T123/><D123/><U79/><E120/><V85/><F2/><W18/><G114/><T84/><D103/><U10/><E134/><V115/><F72/><W8/><G108/><T1/><D47/><U46/><E124/><V96/><F115/><W13/><G116/><T51/><D36/><U131/><E131/><V48/><F29/><W74/><G89/><T37/><D37/><U100/><E79/><V110/><F110/><W81/><G6/><T99/><D99/><U101/><E46/><N who="2" m="23839" /><F85/><W126/><G126/><T33/><D3/><U68/><E30/><V52/><F12/><W32/><G32/><T27/><D4/><U42/><E42/><V71/><F106/><W14/><REACH who="3" step="1"/><G8/><REACH who="3" ten="205,307,243,235" step="2"/><T82/><D33/><U49/><E90/><V125/><F125/><W111/><G111/><T21/><D21/><U127/><E127/><V122/><F122/><W55/><G55/><N who="2" m="21033" /><F48/><W15/><G15/><T80/><D1/><U132/><E49/><V91/><F91/><W94/><G94/><T113/><D113/><U77/><E9/><V67/><F96/><W88/><G88/><N who="0" m="51207" /><D107/><U130/><E10/><V41/><F41/><W128/><G128/><T43/><D105/><U35/><E130/><V62/><F62/><W5/><G5/><T58/><D43/><U119/><E98/><V70/><F93/><W129/><G129/><T73/><D83/><AGARI ba="3,1" hai="13,14,17,18,20,23,57,59,74,75,76,78,81,83" machi="83" ten="40,8000,1" yaku="1,1,32,3,53,0" doraHai="50" doraHaiUra="7" who="3" fromWho="0" sc="205,-89,307,0,243,0,235,99" /><INIT seed="2,0,0,5,3,94" ten="116,307,243,334" oya="2" hai0="46,36,93,1,14,58,110,107,102,117,24,120,99" hai1="12,77,70,118,4,5,128,13,82,31,28,66,115" hai2="16,100,57,123,62,53,124,126,112,111,104,15,19" hai3="90,27,52,98,121,88,18,11,44,103,92,68,129"/><V116/><F112/><W67/><G121/><T134/><D1/><U43/><E115/><V39/><F116/><W23/><G129/><T38/><D120/><U0/><E118/><V72/><F123/><W30/><G68/><T59/><D117/><U79/><E43/><V22/><F72/><W81/><G67/><T25/><D134/><U50/><E128/><V56/><F39/><W80/><G30/><T65/><D110/><U20/><E50/><V9/><F111/><W61/><G11/><T131/><D131/><U113/><E113/><V71/><F71/><W105/><G105/><T40/><D38/><U41/><E41/><V7/><F56/><N who="3" m="34951" /><G44/><T69/><D14/><U127/><E66/><V135/><F135/><W63/><G63/><T54/><D59/><U3/><E70/><V76/><F76/><W84/><G80/><T8/><D8/><U33/><E82/><V51/><F62/><W83/><G83/><T37/><D37/><U74/><E74/><V21/><F21/><W10/><G10/><T35/><D35/><U75/><E75/><V91/><F91/><AGARI ba="0,0" hai="18,23,27,81,84,88,90,91,92,98,103" m="34951" machi="91" ten="30,7700,0" yaku="8,1,52,1,54,2" doraHai="94" who="3" fromWho="2" sc="116,0,307,0,243,-77,334,77" /><INIT seed="3,0,0,3,3,69" ten="116,307,166,411" oya="3" hai0="52,50,11,126,113,91,90,19,48,93,88,21,123" hai1="99,92,32,101,17,26,44,76,24,102,95,107,42" hai2="73,118,86,62,84,22,130,18,133,109,106,79,8" hai3="65,63,58,85,49,55,53,43,14,119,27,56,120"/><W1/><G119/><T132/><D126/><U57/><E76/><V37/><F118/><W20/><G1/><T35/><D132/><U115/><E115/><V94/><F106/><W60/><G120/><T67/><D35/><U77/><E77/><V64/><F133/><W12/><G43/><T47/><D67/><U9/><E57/><V105/><F105/><W36/><G36/><T31/><D123/><U46/><E107/><V111/><F8/><W122/><G85/><T0/><D113/><U6/><E46/><V61/><F130/><W116/><G116/><T131/><D131/><U7/><E32/><V108/><F37/><W40/><G40/><T2/><D31/><U81/><E81/><N who="2" m="45295" /><F94/><W13/><G122/><T34/><D34/><U96/><E17/><V41/><F41/><W45/><REACH who="3" step="1"/><G12/><REACH who="3" ten="116,307,166,401" step="2"/><N who="0" m="9447" /><D2/><U4/><REACH who="1" step="1"/><E9/><REACH who="1" ten="116,297,166,401" step="2"/><V59/><F109/><W51/><G51/><AGARI ba="0,2" hai="4,6,7,24,26,42,44,51,92,95,96,99,101,102" machi="51" ten="40,8000,1" yaku="1,1,2,1,9,1,8,1,53,0" doraHai="69" doraHaiUra="125" who="1" fromWho="3" sc="116,0,297,100,166,0,401,-80" /><INIT seed="4,0,0,1,1,109" ten="116,397,166,321" oya="0" hai0="54,74,14,115,89,93,129,70,58,73,118,97,110" hai1="37,79,95,122,69,21,1,61,2,114,91,132,33" hai2="117,47,131,65,125,80,94,127,105,124,34,81,123" hai3="15,50,88,24,0,6,92,104,103,126,45,83,22"/><T112/><D118/><U84/><E33/><V11/><F34/><W90/><G0/><T99/><D70/><U108/><E108/><V38/><F105/><W59/><G104/><T39/><D110/><U29/><E37/><V18/><F123/><W76/><G59/><T60/><D39/><U72/><E122/><V68/><F131/><W67/><G67/><T26/><D129/><U10/><E132/><V17/><F117/><W57/><G57/><T3/><D3/><U85/><E72/><V56/><F68/><W46/><G46/><T43/><D43/><U75/><E75/><V25/><F94/><W31/><G126/><T135/><D135/><U28/><E21/><N who="2" m="13487" /><F18/><W116/><G116/><T36/><D36/><U20/><E20/><V13/><F11/><N who="3" m="4599" /><G83/><T4/><D26/><U87/><E69/><V30/><F13/><W53/><G76/><T100/><D73/><U98/><E79/><V82/><F30/><W101/><G90/><T130/><D74/><U41/><E29/><V8/><F8/><W19/><G31/><T66/><D66/><U96/><E28/><V78/><F47/><W64/><G64/><T52/><D54/><U5/><E1/><V86/><F38/><W113/><G103/><T7/><D130/><U121/><E2/><V40/><F40/><W128/><G128/><T16/><D4/><U63/><E5/><V120/><F120/><W119/><G119/><T42/><D42/><U111/><E41/><V49/><F65/><W107/><G53/><AGARI ba="0,0" hai="49,53,56,78,80,81,82,86,124,125,127" m="13487" machi="53" ten="30,1000,0" yaku="18,1" doraHai="109" who="2" fromWho="3" sc="116,0,397,0,166,10,321,-10" /><INIT seed="5,0,0,5,1,3" ten="116,397,176,311" oya="1" hai0="107,61,44,93,92,87,48,85,78,45,95,32,77" hai1="116,6,101,31,131,0,72,100,66,59,20,49,67" hai2="21,71,9,62,121,55,30,27,40,58,99,57,15" hai3="98,124,69,134,14,25,117,91,80,119,118,86,17"/><U129/><E116/><V73/><F73/><W46/><G124/><T39/><D32/><U89/><E72/><V53/><F71/><W109/><G109/><T96/><D39/><U114/><E114/><V120/><F40/><W125/><G125/><T84/><D61/><U115/><E115/><V130/><F130/><N who="1" m="49673" /><E89/><V135/><F135/><W83/><G134/><T105/><D96/><U35/><E35/><V113/><F113/><W132/><G132/><T65/><D65/><N who="1" m="24587" /><E31/><V63/><REACH who="2" step="1"/><F99/><REACH who="2" ten="116,397,166,311" step="2"/><W74/><G69/><T42/><REACH who="0" step="1"/><D45/><REACH who="0" ten="106,397,166,311" step="2"/><U122/><E59/><V64/><F64/><W19/><G46/><T16/><D16/><AGARI ba="0,2" hai="9,15,16,21,27,30,53,55,57,58,62,63,120,121" machi="16" ten="30,7700,0" yaku="1,1,7,1,9,1,54,1,53,0" doraHai="3" doraHaiUra="133" who="2" fromWho="0" sc="106,-77,397,0,166,97,311,0" /><INIT seed="6,0,0,4,0,50" ten="29,397,263,311" oya="2" hai0="73,59,61,57,48,124,18,16,39,122,1,51,3" hai1="32,115,60,112,129,36,5,40,8,75,87,91,2" hai2="54,133,106,72,43,22,90,83,121,93,28,82,95" hai3="30,70,27,6,23,126,35,66,56,88,84,7,63"/><V20/><F121/><W38/><G126/><T123/><D39/><U47/><E32/><V52/><F106/><W17/><G38/><T29/><D73/><U24/><E75/><V67/><F133/><W97/><G70/><T104/><D104/><U86/><E129/><V102/><F72/><W108/><G108/><T10/><D29/><U11/><E24/><N who="2" m="16391" /><F67/><W135/><G135/><T99/><D99/><U41/><E41/><V92/><F43/><W68/><G97/><T113/><D10/><U26/><E26/><V71/><F71/><W49/><G30/><T116/><D61/><U109/><E109/><V118/><F118/><W19/><G19/><T53/><D113/><N who="1" m="43595" /><E60/><V98/><F22/><W46/><G68/><T65/><D65/><U105/><E105/><V103/><F93/><W62/><G62/><T80/><D80/><N who="2" m="30762" /><F103/><W21/><G21/><T33/><D124/><U96/><E8/><V42/><F42/><N who="3" m="24791" /><G35/><T94/><D33/><U37/><E37/><V64/><F64/><W13/><G27/><T45/><D45/><U77/><E77/><V130/><F130/><W117/><G117/><T107/><D107/><U25/><E25/><V111/><F111/><W81/><AGARI ba="0,0" hai="6,7,13,17,23,56,63,66,81,84,88" m="24791" machi="81" ten="30,2000,0" yaku="8,1,54,1" doraHai="50" who="3" fromWho="3" sc="29,-5,397,-5,263,-10,311,20" /><INIT seed="7,0,0,3,3,16" ten="24,392,253,331" oya="3" hai0="114,121,101,83,99,124,61,69,100,17,72,130,53" hai1="79,129,134,102,118,111,50,109,43,12,93,120,49" hai2="71,29,59,98,65,14,70,103,76,78,7,84,21" hai3="63,57,38,34,28,80,135,11,48,108,128,22,20"/><W90/><G38/><T125/><D53/><U91/><E120/><V82/><F76/><W89/><G34/><T51/><D51/><U58/><E129/><V39/><F39/><W5/><G128/><T52/><D52/><U1/><E1/><V117/><F117/><W31/><G135/><T33/><D61/><U2/><E2/><V64/><F64/><N who="3" m="39023" /><G108/><T95/><D17/><U8/><E79/><V45/><F45/><W46/><G11/><T15/><D15/><U105/><E134/><V67/><F67/><W81/><G5/><T112/><D33/><U26/><E118/><V9/><F65/><W30/><G81/><T27/><D27/><U13/><E26/><V115/><F115/><W60/><G60/><T0/><D69/><U119/><E119/><V75/><F59/><W44/><G44/><T6/><D6/><U96/><E58/><V106/><REACH who="2" step="1"/><F75/><REACH who="2" ten="24,392,243,331" step="2"/><W123/><G123/><T19/><D19/><U36/><E36/><V62/><F62/><W37/><G37/><T35/><D35/><U86/><E50/><V107/><F107/><W66/><G66/><T10/><D10/><U104/><E104/><V110/><F110/><W4/><G4/><T85/><D121/><U133/><E133/><V132/><F132/><W18/><G18/><T55/><D72/><U77/><E111/><V122/><F122/><W23/><G80/><T92/><D83/><U42/><E109/><V47/><F47/><W88/><G30/><T74/><D74/><U24/><E49/><V126/><F126/><N who="0" m="48746" /><D130/><U68/><E8/><V97/><F97/><W41/><AGARI ba="0,1" hai="20,22,23,28,31,41,46,48,88,89,90" m="39023" machi="41" ten="30,18000,2" yaku="5,1,8,1,52,3,54,1" doraHai="16" who="3" fromWho="3" sc="24,-60,392,-60,243,-60,331,190" owari="-36,-54.0,332,13.0,183,-22.0,521,63.0" /></mjloggm>