<mjloggm ver="2.3"><GO type="169" lobby="0"/><UN n0="%E5%AE%9F%E5%AD%98" n1="%E7%9C%BC%E7%A7%91%E5%8C%BB" n2="%E5%BD%97%E6%98%9F%E5%85%A5%E3%83%92%E3%82%B3" n3="%6B%75%72%69%6D%75" dan="17,16,16,18" rate="2161.62,2117.07,2142.57,2268.87" sx="M,M,M,M"/><TAIKYOKU oya="0"/><INIT seed="0,0,0,3,4,83" ten="250,250,250,250" oya="0" hai0="4,8,81,111,123,94,22,19,116,125,43,84,41" hai1="105,75,21,95,107,88,80,87,132,90,98,61,96" hai2="38,115,37,55,79,74,27,82,100,92,103,10,113" hai3="45,122,126,6,91,73,106,121,101,11,47,29,89"/><T85/><D123/><N who="3" m="47113" /><G29/><T23/><D116/><U119/><E21/><V77/><F27/><W114/><G73/><T2/><D125/><U60/><E60/><V129/><F129/><W99/><G126/><T120/><D120/><U50/><E61/><V109/><F109/><W32/><G32/><T97/><D111/><U44/><E50/><V13/><F79/><W26/><G26/><T51/><D23/><U46/><E44/><N who="3" m="16970" /><G114/><T28/><D28/><U25/><E46/><V48/><F103/><W5/><G5/><T54/><D81/><U16/><E16/><V14/><F14/><AGARI ba="0,0" hai="6,11,14,89,91,99,101,106" m="16970,47113" machi="14" ten="30,1000,0" yaku="13,1" doraHai="83" who="3" fromWho="2" sc="250,0,250,0,250,-10,250,10" /><INIT seed="1,0,0,1,4,46" ten="250,250,240,260" oya="1" hai0="17,22,90,92,5,38,101,51,111,133,95,57,61" hai1="56,99,14,55,59,41,106,75,29,25,1,50,21" hai2="125,35,52,73,102,66,94,134,130,129,26,62,18" hai3="7,58,32,77,42,13,79,113,89,72,34,119,91"/><U83/><E1/><V28/><F73/><W16/><G113/><T36/><D111/><U2/><E2/><V115/><F115/><W76/><G7/><T118/><D118/><U4/><E41/><V120/><F120/><W70/><G119/><T86/><D133/><U54/><E106/><V116/><F116/><W60/><G70/><T80/><D5/><U45/><E99/><V15/><F134/><W112/><G72/><T123/><D123/><U117/><E117/><V43/><F125/><W98/><G42/><T71/><D71/><U128/><E128/><V87/><F43/><W0/><G0/><T105/><D105/><U109/><E109/><V47/><F102/><W30/><G30/><T108/><D108/><U132/><E132/><V121/><F121/><W68/><G112/><T74/><D74/><U31/><E31/><V69/><F87/><W24/><G68/><T81/><D38/><U3/><E3/><V103/><F94/><W40/><G24/><T63/><D36/><U48/><E75/><V93/><F93/><W97/><G40/><T23/><D95/><U114/><E114/><V12/><F103/><W82/><G34/><T27/><D23/><U11/><E83/><N who="0" m="31817" /><D101/><U44/><AGARI ba="0,0" hai="4,11,14,21,25,29,44,45,48,50,54,55,56,59" machi="44" ten="20,18000,2" yaku="0,1,7,1,9,1,8,1,52,2" doraHai="46" who="1" fromWho="1" sc="250,-60,250,180,240,-60,260,-60" /><INIT seed="1,1,0,1,3,60" ten="190,430,180,200" oya="1" hai0="67,80,94,108,56,43,51,104,54,133,27,87,16" hai1="47,11,39,102,83,110,119,71,93,34,46,59,32" hai2="129,76,63,9,96,20,49,103,50,12,37,98,1" hai3="74,22,120,6,106,114,105,132,90,79,128,73,15"/><U85/><E71/><V123/><F123/><W101/><G120/><T48/><D104/><U53/><E119/><V30/><F1/><W17/><G128/><T134/><D108/><U21/><E110/><V42/><F129/><W61/><G132/><T91/><D134/><U81/><E81/><V78/><F37/><W121/><G114/><T38/><D38/><U122/><E122/><V109/><F109/><W14/><G90/><T33/><D33/><U58/><E21/><V75/><F75/><W3/><G3/><T64/><D133/><U19/><E59/><V84/><F84/><W72/><G79/><T131/><D131/><U111/><E47/><V97/><F103/><W4/><G61/><T130/><D130/><U107/><E107/><V86/><F86/><W62/><G105/><T40/><D80/><U8/><E8/><V35/><F35/><W55/><G101/><T41/><D51/><N who="2" m="19466" /><F42/><W7/><G106/><T92/><D92/><U57/><E39/><V0/><F0/><W77/><G77/><N who="2" m="29801" /><F63/><W127/><G121/><T135/><D135/><U125/><E34/><V82/><F82/><W118/><G74/><T112/><D112/><U65/><E32/><V24/><F98/><W29/><G73/><T2/><D2/><U44/><E83/><V26/><F26/><W99/><G99/><T68/><D68/><U116/><E111/><V36/><F36/><W115/><G72/><T5/><D5/><AGARI ba="1,0" hai="5,9,12,20,24,30,96,97" m="29801,19466" machi="5" ten="30,1000,0" yaku="8,1" doraHai="60" who="2" fromWho="0" sc="190,-13,430,0,180,13,200,0" /><INIT seed="2,0,0,3,2,45" ten="177,430,193,200" oya="2" hai0="11,79,122,53,75,105,133,126,128,44,1,67,114" hai1="3,10,32,18,90,88,131,106,127,93,97,8,33" hai2="71,39,22,103,24,108,28,26,124,4,102,70,16" hai3="94,112,23,54,5,117,58,92,56,85,81,51,87"/><V100/><F39/><W113/><G117/><T123/><D11/><U48/><E10/><V72/><F72/><W2/><G5/><T0/><D79/><U120/><E106/><V65/><F4/><W76/><G2/><T46/><D67/><U68/><E68/><V31/><F124/><W41/><G41/><T121/><D105/><U30/><E127/><V73/><F73/><W84/><G23/><T132/><D75/><U107/><E107/><V95/><F108/><W42/><G42/><T47/><D126/><U118/><E118/><V19/><F95/><W52/><G92/><T37/><D37/><U104/><E104/><V40/><F40/><W61/><REACH who="3" step="1"/><G94/><REACH who="3" ten="177,430,193,190" step="2"/><T29/><D0/><U129/><E3/><V27/><F22/><W82/><G82/><T77/><D1/><U55/><E93/><V119/><F119/><W21/><G21/><T12/><D122/><U115/><E120/><V101/><N who="2" m="25600" /><DORA hai="20" /><V50/><F65/><W62/><G62/><T78/><D123/><U98/><E33/><V69/><REACH who="2" step="1"/><F50/><REACH who="2" ten="177,430,183,190" step="2"/><W111/><G111/><T125/><D121/><U6/><E48/><V134/><F134/><W59/><G59/><T43/><D43/><U38/><E6/><V66/><F66/><W110/><G110/><T99/><D132/><U36/><E38/><V35/><F35/><W7/><G7/><T83/><D133/><U91/><E36/><V34/><F34/><W57/><G57/><T89/><D125/><U80/><E32/><V13/><F13/><W14/><G14/><T109/><D109/><U135/><E135/><V25/><F25/><RYUUKYOKU ba="0,2" sc="177,-15,430,-15,183,15,190,15" hai2="16,19,24,26,27,28,31,69,70,71" hai3="51,52,54,56,58,61,76,81,84,85,87,112,113" /><INIT seed="2,1,2,3,1,102" ten="162,415,198,205" oya="2" hai0="12,5,124,14,0,80,123,87,119,50,132,38,41" hai1="9,15,63,115,116,128,23,49,114,82,129,134,79" hai2="120,48,4,97,27,104,70,51,3,58,88,78,33" hai3="52,76,19,42,107,28,93,56,60,77,100,90,65"/><V35/><F120/><W89/><G42/><T122/><D38/><U127/><E116/><V103/><F70/><W39/><G39/><T108/><D0/><U109/><E23/><V121/><F121/><W85/><G28/><T32/><D32/><U25/><E25/><V20/><F78/><W6/><G6/><T2/><D2/><U1/><E1/><V62/><F33/><W95/><G65/><T133/><D108/><U16/><E109/><V37/><F35/><W66/><G107/><T113/><D113/><U101/><E101/><V18/><F37/><W36/><G100/><T29/><D29/><U43/><E63/><V55/><REACH who="2" step="1"/><F88/><REACH who="2" ten="162,415,188,205" step="2"/><W17/><G36/><T117/><D122/><U7/><E115/><V110/><F110/><W96/><G66/><T118/><D123/><U34/><E114/><V74/><F74/><W81/><G76/><T106/><D118/><U94/><E34/><V105/><F105/><W111/><G111/><T8/><D106/><U11/><E79/><V26/><F26/><W84/><AGARI ba="1,3" hai="17,19,52,56,60,77,81,84,85,89,90,93,95,96" machi="84" ten="20,5200,0" yaku="0,1,7,1,8,1,54,1" doraHai="102" who="3" fromWho="3" sc="162,-14,415,-14,188,-27,205,85" /><INIT seed="3,0,0,0,3,34" ten="148,401,161,290" oya="3" hai0="91,14,1,113,54,59,19,88,11,57,56,79,26" hai1="135,134,99,62,110,129,131,68,24,12,126,0,93" hai2="95,111,46,130,74,128,104,90,52,114,101,112,5" hai3="116,84,22,28,102,49,118,3,13,55,60,92,27"/><W108/><G3/><T133/><D133/><N who="1" m="50699" /><E110/><V121/><F5/><W44/><G108/><T4/><D113/><U97/><E0/><V65/><F111/><W77/><G77/><T39/><D39/><U8/><E24/><V37/><F65/><W75/><G75/><T43/><D43/><U25/><E25/><V10/><F10/><W73/><G73/><T53/><D79/><U21/><E21/><V23/><F74/><W31/><G31/><T80/><D26/><U7/><E126/><V76/><F76/><W18/><G60/><T16/><D80/><U117/><E117/><V50/><F37/><W32/><G84/><T41/><D41/><U67/><E99/><N who="2" m="61503" /><F23/><W51/><REACH who="3" step="1"/><G49/><REACH who="3" ten="148,401,161,280" step="2"/><T70/><D1/><U48/><E48/><V127/><F127/><W63/><G63/><T64/><D64/><U96/><E96/><AGARI ba="0,1" hai="13,18,22,27,28,32,44,51,55,92,96,102,116,118" machi="96" ten="40,2000,0" yaku="1,1,53,0" doraHai="34" doraHaiUra="35" who="3" fromWho="1" sc="148,0,401,-20,161,0,280,30" /><INIT seed="3,1,0,2,1,124" ten="148,381,161,310" oya="3" hai0="131,36,111,69,106,52,94,47,12,38,32,88,127" hai1="112,65,53,119,133,99,68,30,73,116,90,19,62" hai2="64,7,21,22,108,46,24,40,31,34,44,92,76" hai3="84,129,115,37,35,55,8,96,117,66,132,98,79"/><W2/><G35/><T85/><D32/><U82/><E112/><V80/><F108/><W20/><G37/><T33/><D33/><U1/><E1/><V67/><F7/><W120/><G117/><T134/><D69/><U58/><E133/><V123/><F123/><W18/><G115/><T29/><D29/><U121/><E121/><V3/><F3/><W113/><G113/><T56/><D111/><U74/><E30/><V59/><F92/><W42/><G42/><T87/><D127/><U26/><E82/><V109/><F109/><W126/><G66/><T101/><D134/><U39/><E39/><V97/><F97/><W93/><G132/><T25/><D25/><U130/><E130/><V104/><F104/><W125/><G129/><T63/><D131/><U86/><E99/><V4/><F4/><W16/><G55/><T70/><D70/><U78/><E78/><V54/><F67/><W57/><G57/><T122/><D122/><U43/><E43/><V23/><F64/><W13/><G96/><T81/><D106/><U11/><E74/><V14/><F14/><N who="3" m="9239" /><G2/><T27/><D27/><U41/><E73/><V0/><F0/><W83/><G120/><T5/><D47/><U118/><E41/><V50/><REACH who="2" step="1"/><F40/><REACH who="2" ten="148,381,151,310" step="2"/><W103/><G125/><T61/><D12/><N who="1" m="7583" /><E65/><V107/><F107/><W17/><G126/><T72/><D5/><AGARI ba="1,1" hai="5,8,13,17,18,79,83,84,93,98,103" m="9239" machi="5" ten="30,2900,0" yaku="8,1,54,1" doraHai="124" who="3" fromWho="0" sc="148,-32,381,0,151,0,310,42" /><INIT seed="3,2,0,0,1,4" ten="116,381,151,352" oya="3" hai0="63,29,2,40,3,110,124,23,47,129,8,9,15" hai1="1,27,6,21,67,33,66,17,0,76,99,101,122" hai2="80,73,130,113,72,22,39,53,85,34,24,69,83" hai3="100,105,119,97,91,128,92,121,32,75,90,65,131"/><W111/><G32/><T109/><D63/><U108/><E122/><V95/><F113/><W127/><G65/><T79/><D79/><U52/><E76/><V87/><F39/><W51/><G51/><T115/><D115/><U89/><E89/><V93/><F34/><W49/><G49/><T42/><D124/><U10/><E108/><N who="0" m="41577" /><D129/><N who="3" m="49737" /><G111/><T26/><D42/><U14/><E52/><V38/><F53/><W13/><G121/><T104/><D104/><U125/><E125/><V31/><F130/><W62/><G62/><T58/><D58/><U61/><E33/><V84/><F38/><W114/><G119/><T64/><D64/><U54/><E54/><V60/><F60/><W30/><G75/><T68/><D68/><U102/><E102/><V5/><F69/><W35/><G127/><T112/><D112/><U134/><E67/><V88/><F73/><W16/><G105/><T74/><D74/><U55/><E55/><V18/><F72/><W120/><G120/><T123/><D123/><U19/><E19/><V41/><F5/><W56/><G56/><T43/><D43/><U25/><E25/><V70/><F70/><W44/><G44/><T59/><D59/><U135/><E61/><V118/><F41/><W12/><G114/><T36/><D15/><N who="3" m="5705" /><G16/><T7/><D7/><U103/><E66/><V132/><F18/><W46/><G46/><T82/><D82/><U57/><E57/><V81/><F118/><W86/><G86/><N who="2" m="33385" /><F93/><W77/><G77/><T98/><D98/><U45/><E99/><V106/><F106/><W11/><G11/><AGARI ba="2,0" hai="2,3,8,9,11,23,26,29,36,40,47" m="41577" machi="11" ten="30,7700,0" yaku="14,1,52,3" doraHai="4" who="0" fromWho="3" sc="116,83,381,0,151,0,352,-83" /><INIT seed="4,0,0,1,3,129" ten="199,381,151,269" oya="0" hai0="89,35,107,88,49,10,24,14,72,45,130,94,13" hai1="104,46,123,64,93,32,51,47,132,122,114,53,41" hai2="74,78,29,134,69,116,84,33,61,109,99,63,34" hai3="85,48,83,118,68,55,28,39,82,135,18,40,108"/><T60/><D130/><U76/><E104/><V62/><F109/><W125/><G108/><T58/><D107/><U119/><E32/><V81/><F116/><W77/><G68/><T4/><D72/><U86/><E119/><V101/><F69/><W117/><G28/><T73/><D73/><U70/><E93/><V87/><F33/><W111/><G111/><T25/><D14/><U110/><E110/><V121/><F121/><W66/><G66/><T113/><D113/><U65/><E86/><V57/><F57/><W102/><G102/><T16/><D35/><U126/><E76/><V79/><F79/><W42/><G125/><T120/><D120/><U12/><E12/><V0/><F0/><W17/><G39/><T103/><D103/><U23/><E23/><V37/><F37/><W92/><G92/><T56/><D56/><U6/><E6/><V20/><F34/><W100/><G100/><T30/><D30/><U115/><E126/><V67/><F67/><N who="1" m="25673" /><E70/><V95/><REACH who="2" step="1"/><F134/><REACH who="2" ten="199,381,141,269" step="2"/><W27/><G135/><T127/><D127/><U54/><E132/><V38/><F38/><W105/><G77/><T75/><D58/><U11/><E123/><V71/><F71/><W8/><G117/><T97/><D60/><U36/><E122/><V3/><F3/><W90/><G118/><T43/><D75/><U21/><E115/><V22/><F22/><W15/><G8/><T2/><D89/><U1/><E21/><AGARI ba="0,1" hai="2,4,10,13,16,21,24,25,43,45,49,88,94,97" machi="21" ten="30,5800,0" yaku="7,1,54,2" doraHai="129" who="0" fromWho="1" sc="199,68,381,-58,141,0,269,0" /><INIT seed="4,1,0,3,2,57" ten="267,323,141,269" oya="0" hai0="118,76,115,27,23,46,0,127,19,51,123,129,72" hai1="54,105,91,106,122,62,17,18,92,29,24,88,75" hai2="59,11,78,32,6,109,130,10,100,114,82,90,131" hai3="80,134,33,49,117,2,116,112,7,133,67,70,44"/><T102/><D123/><U101/><E122/><V39/><F109/><W97/><G33/><T36/><D118/><U103/><E75/><V96/><F32/><W55/><G7/><T5/><D115/><U135/><E135/><N who="3" m="51722" /><G2/><T108/><D108/><U43/><E43/><V81/><F39/><W15/><G15/><T85/><D72/><U47/><E106/><V125/><F114/><W77/><G97/><T124/><D36/><U58/><E105/><V31/><F31/><W98/><G98/><T56/><D102/><N who="1" m="38923" /><E47/><V37/><F37/><W87/><G112/><T30/><D129/><U22/><E91/><V132/><F132/><W3/><G3/><T20/><D0/><U1/><E1/><V40/><F40/><W8/><G8/><T79/><D5/><U126/><E126/><V110/><F125/><W14/><G14/><T34/><D127/><U113/><E113/><V73/><F110/><W128/><G128/><N who="2" m="49193" /><F6/><W107/><G107/><T86/><D124/><U111/><E111/><V16/><F100/><W28/><G28/><T65/><D34/><U64/><E64/><V42/><F42/><W4/><G4/><T69/><D79/><U121/><E121/><V45/><F96/><AGARI ba="1,0" hai="17,18,22,24,29,54,58,62,88,92,96" m="38923" machi="96" ten="30,3900,0" yaku="8,1,52,1,54,1" doraHai="57" who="1" fromWho="2" sc="267,0,323,42,141,-42,269,0" /><INIT seed="5,0,0,1,4,124" ten="267,365,99,269" oya="1" hai0="18,68,75,108,29,5,70,28,86,49,128,3,105" hai1="2,117,26,57,133,94,73,89,106,121,96,93,52" hai2="51,42,90,38,101,97,55,76,11,83,111,116,50" hai3="115,85,67,24,81,54,110,104,19,80,99,118,100"/><U66/><E2/><V39/><F111/><W103/><G115/><T88/><D75/><U91/><E121/><V25/><F116/><W65/><G118/><T131/><D105/><U13/><E133/><V120/><F120/><W113/><G113/><T59/><D108/><U43/><E73/><V33/><F90/><W62/><G103/><T1/><D18/><U41/><E106/><V129/><F129/><N who="0" m="49738" /><D59/><U114/><E114/><V35/><F11/><W53/><G67/><T130/><N who="0" m="49746" /><T61/><DORA hai="6" /><D49/><U45/><E66/><V30/><F35/><W44/><G44/><T102/><D102/><U20/><E45/><V112/><F112/><W47/><G47/><T10/><D3/><U98/><E13/><V46/><F51/><W92/><G104/><T4/><D4/><U122/><E122/><V77/><F42/><W107/><G107/><T78/><D78/><U12/><E12/><V109/><F109/><W72/><G72/><T48/><D48/><N who="1" m="30855" /><E117/><V37/><REACH who="2" step="1"/><F83/><REACH who="2" ten="267,365,89,269" step="2"/><W64/><G81/><N who="0" m="49231" /><D61/><U27/><E43/><V32/><F32/><W125/><G62/><T69/><AGARI ba="0,1" hai="1,5,10,28,29,68,69,70" m="49231,49746" machi="69" ten="50,12000,2" yaku="19,1,52,5,54,1" doraHai="124,6" who="0" fromWho="0" sc="267,130,365,-60,89,-30,269,-30" /><INIT seed="6,0,0,5,5,53" ten="397,305,59,239" oya="2" hai0="117,26,95,43,22,62,49,105,77,120,101,25,124" hai1="94,4,70,128,132,13,12,16,126,87,23,57,72" hai2="122,108,46,99,134,109,104,82,89,51,10,44,116" hai3="83,11,0,55,18,96,102,60,38,32,21,74,47"/><V29/><F116/><W48/><G32/><T37/><D120/><U86/><E70/><V36/><F122/><W123/><G123/><T81/><D37/><U133/><E72/><V33/><F134/><N who="1" m="51817" /><E128/><V58/><F36/><W35/><G35/><T78/><D105/><U127/><E94/><V41/><F44/><W63/><G38/><T67/><D26/><U59/><E4/><V52/><F10/><W5/><G83/><T75/><D78/><U111/><E111/><N who="2" m="42571" /><F82/><W34/><G34/><T64/><D81/><U2/><E2/><V92/><F104/><W106/><G74/><T20/><D95/><U97/><E97/><V17/><F17/><W50/><G50/><T88/><D75/><U98/><E98/><V135/><F135/><W6/><G6/><T121/><D49/><U66/><E66/><V110/><N who="2" m="42579" /><V115/><DORA hai="91" /><F115/><W119/><G119/><T73/><D67/><U100/><E100/><V68/><F68/><W31/><REACH who="3" step="1"/><G31/><REACH who="3" ten="397,305,59,229" step="2"/><N who="0" m="17831" /><D117/><U79/><E79/><V85/><F33/><W131/><G131/><T30/><D77/><U125/><E12/><AGARI ba="0,1" hai="0,5,11,12,18,21,47,48,55,60,63,96,102,106" machi="12" ten="30,3900,0" yaku="1,1,7,1,53,1" doraHai="53,91" doraHaiUra="1,69" who="3" fromWho="1" sc="397,0,305,-39,59,0,229,49" /><INIT seed="7,0,0,5,4,57" ten="397,266,59,278" oya="3" hai0="59,71,15,127,50,52,0,114,20,10,19,16,132" hai1="82,23,25,45,8,75,31,55,64,69,43,111,51" hai2="110,21,84,65,88,91,61,32,78,48,98,135,77" hai3="37,129,68,13,62,87,34,104,11,36,92,117,124"/><W38/><G117/><T94/><D71/><U72/><E111/><V97/><F110/><W42/><G104/><T79/><D132/><U134/><E134/><V2/><F135/><W123/><G34/><T122/><D122/><U121/><E121/><V100/><F32/><W115/><G115/><T17/><D127/><U99/><E69/><V18/><F2/><W28/><G28/><T109/><D109/><U85/><E64/><V113/><F113/><W128/><G124/><T118/><D118/><U73/><E99/><V22/><F48/><W9/><G42/><T54/><D114/><U108/><E108/><V40/><F40/><W126/><G123/><T47/><D79/><U133/><E133/><V101/><F84/><W66/><G126/><T67/><D67/><U27/><E27/><V4/><F65/><W119/><G119/><T14/><D94/><U39/><E8/><V6/><REACH who="2" step="1"/><F18/><REACH who="2" ten="397,266,49,278" step="2"/><W63/><G87/><T33/><D0/><U12/><E85/><V125/><F125/><W35/><G35/><T7/><D33/><U103/><E43/><V106/><F106/><W107/><G107/><T116/><D116/><U44/><E73/><V5/><F5/><W76/><G76/><T70/><D17/><U95/><E75/><V74/><F74/><W30/><G30/><T131/><D7/><U96/><E72/><V90/><F90/><W49/><G66/><T80/><D70/><U60/><E82/><V1/><F1/><W105/><G68/><T41/><D80/><U53/><E51/><V83/><F83/><W46/><G49/><N who="0" m="31119" /><D41/><U112/><E112/><RYUUKYOKU ba="0,1" sc="397,15,266,-15,49,15,278,-15" hai0="10,14,15,16,19,20,47,50,54,131" hai2="4,6,21,22,61,77,78,88,91,97,98,100,101" owari="422,53.0,251,-15.0,64,-44.0,263,6.0" /></mjloggm>