<mjloggm ver="2.3"><GO type="225" lobby="0"/><UN n0="%E9%9D%92%E6%A3%AE%E3%81%AE%E3%81%B2%E3%82%88%E3%81%93" n1="%E3%83%A2%E3%82%B0%E3%83%9E%E3%83%AA%E3%83%A2" n2="%31%73%E3%81%A7%E3%81%84%E3%81%84%E3%81%9D%E3%81%86" n3="%E8%83%83%E3%81%A8%E8%85%B8" dan="16,16,16,18" rate="2126.49,2150.53,2124.11,2241.43" sx="M,M,M,M"/><TAIKYOKU oya="0"/><INIT seed="0,0,0,3,3,95" ten="250,250,250,250" oya="0" hai0="30,102,65,10,75,131,126,53,110,16,124,109,70" hai1="41,125,116,52,93,130,113,20,73,90,36,87,19" hai2="88,128,123,132,127,120,103,60,92,135,105,58,6" hai3="104,15,97,63,18,68,77,100,108,67,86,3,32"/><T35/><D131/><U43/><E116/><V34/><F34/><W98/><G108/><N who="0" m="41579" /><D75/><U47/><E125/><N who="0" m="48233" /><D102/><U11/><E113/><V5/><F127/><W84/><G3/><T23/><D35/><U40/><E73/><V118/><F118/><W28/><G77/><T94/><D94/><U1/><E1/><V37/><F37/><W117/><G117/><T107/><D107/><U31/><E130/><V45/><F45/><W134/><G134/><N who="2" m="51241" /><F128/><W114/><G114/><T96/><D96/><U76/><E76/><V74/><F74/><W64/><G97/><T44/><D30/><U121/><E31/><V59/><F103/><W82/><G82/><T112/><D112/><U83/><E83/><V122/><F105/><W54/><G28/><T78/><D78/><U119/><E119/><V55/><F59/><W33/><G33/><T48/><D10/><U42/><E11/><V7/><F123/><W9/><G32/><T106/><D106/><U62/><E121/><V115/><F115/><W79/><G79/><T25/><D65/><U80/><E80/><V21/><F21/><W71/><G84/><AGARI ba="0,0" hai="5,6,7,55,58,60,84,88,92,120,122" m="51241" machi="84" ten="30,2000,0" yaku="20,1,54,1" doraHai="95" who="2" fromWho="3" sc="250,0,250,0,250,20,250,-20" /><INIT seed="1,0,0,3,4,5" ten="250,250,270,230" oya="1" hai0="127,116,78,19,101,82,44,94,99,59,131,108,76" hai1="81,2,49,80,40,32,38,105,51,70,1,65,112" hai2="69,97,91,36,21,7,29,42,6,50,98,85,88" hai3="56,52,84,12,54,77,37,87,16,125,15,41,126"/><U119/><E112/><V110/><F36/><W90/><G12/><T3/><D108/><U128/><E119/><V39/><F69/><W45/><G77/><T53/><D116/><U124/><E32/><V118/><F39/><W28/><G28/><T83/><D127/><N who="3" m="48649" /><G56/><T135/><D3/><U9/><E38/><V13/><F110/><W100/><G100/><T75/><D44/><U11/><E124/><V43/><F118/><W74/><G74/><T22/><D131/><U47/><E128/><V0/><F0/><W113/><G113/><T133/><D53/><N who="3" m="20585" /><G90/><T63/><D59/><U86/><E105/><V20/><F29/><W33/><G33/><T96/><D63/><U109/><E109/><V8/><F85/><W71/><G71/><T129/><D129/><U25/><E25/><V130/><F130/><W14/><G14/><T89/><D19/><U17/><E17/><V60/><F60/><W72/><G72/><N who="0" m="43271" /><D22/><AGARI ba="0,0" hai="15,16,22,37,41,45,84,87" m="20585,48649" machi="22" ten="30,3900,0" yaku="18,1,54,2" doraHai="5" who="3" fromWho="0" sc="250,-39,250,0,270,0,230,39" /><INIT seed="2,0,0,5,0,4" ten="211,250,270,269" oya="2" hai0="115,103,68,32,105,25,1,79,78,53,55,17,132" hai1="22,62,64,44,45,50,42,121,91,35,106,95,49" hai2="11,111,43,129,134,108,27,12,58,99,73,107,47" hai3="29,97,5,131,133,40,10,28,70,34,18,14,37"/><V81/><F129/><W80/><G131/><T3/><D115/><U21/><E106/><V109/><F134/><W36/><G133/><T19/><D132/><U117/><E35/><V122/><F122/><W52/><G70/><T102/><D68/><U125/><E125/><V13/><F27/><W33/><G97/><T88/><D25/><U119/><E121/><V98/><F58/><W20/><G80/><T92/><D92/><U60/><E95/><V24/><F24/><W41/><G33/><T65/><D32/><U48/><E91/><V118/><F118/><N who="1" m="45065" /><E22/><V113/><F113/><W56/><G36/><T8/><D65/><U104/><E21/><V116/><F116/><W54/><G34/><T26/><D26/><U9/><E9/><V86/><F73/><W51/><G54/><T123/><D123/><U77/><E77/><N who="2" m="46383" /><F13/><N who="3" m="5327" /><G37/><T59/><D8/><U67/><E104/><V16/><F107/><W135/><G135/><T31/><D105/><U39/><E45/><V94/><F94/><W120/><G120/><T114/><D114/><U127/><E127/><V23/><F23/><W66/><G66/><AGARI ba="0,0" hai="39,42,44,48,49,50,60,62,64,66,67" m="45065" machi="66" ten="30,2000,0" yaku="34,2" doraHai="4" who="1" fromWho="3" sc="211,0,250,20,270,0,269,-20" /><INIT seed="3,0,0,2,2,13" ten="211,270,270,249" oya="3" hai0="62,4,85,93,61,56,100,123,84,77,31,8,132" hai1="107,130,129,86,103,125,135,80,78,51,26,5,102" hai2="39,108,7,3,121,15,69,36,128,112,47,54,59" hai3="1,0,58,101,116,11,127,27,68,92,35,114,134"/><W95/><G114/><T91/><D132/><U25/><E5/><V76/><F3/><W46/><G116/><T70/><D123/><U72/><E51/><V57/><F112/><W48/><G68/><T120/><D120/><U40/><E40/><V111/><F69/><W37/><G134/><T105/><D31/><U22/><E26/><V126/><F121/><W30/><G127/><T23/><D23/><U106/><E135/><V66/><F126/><W73/><G73/><T79/><D84/><U133/><E133/><V20/><F128/><W109/><G37/><T55/><D100/><U41/><E41/><V94/><F76/><W18/><G58/><T74/><D105/><N who="1" m="39947" /><E22/><V6/><F66/><W43/><G109/><N who="2" m="42057" /><F94/><W89/><G101/><N who="1" m="38410" /><E25/><V119/><F119/><W9/><G92/><T38/><D38/><N who="2" m="14378" /><F47/><W50/><G50/><T29/><D29/><U82/><E125/><V45/><F45/><W34/><G34/><T63/><D74/><U87/><E80/><V71/><F71/><W122/><G122/><T98/><D70/><U60/><E60/><N who="2" m="35895" /><F59/><W124/><G124/><T19/><D62/><U16/><E16/><AGARI ba="0,0" hai="6,7,15,16,20" m="35895,14378,42057" machi="16" ten="30,3900,0" yaku="14,1,52,1,54,1" doraHai="13" who="2" fromWho="1" sc="211,0,270,-39,270,39,249,0" owari="211,-29.0,231,-17.0,309,41.0,249,5.0" /></mjloggm>