<mjloggm ver="2.3"><GO type="169" lobby="0"/><UN n0="%6F%66" n1="%E5%B0%8F%E6%B1%A0%E7%BE%8E%E6%B3%A2%E2%8A%BF" n2="%E5%BD%A9%E4%BA%AC" n3="%70%6F%6E%5F%6B%61%73%75" dan="16,16,17,16" rate="2179.84,2109.31,2201.40,2018.25" sx="M,F,M,M"/><TAIKYOKU oya="0"/><INIT seed="0,0,0,1,1,31" ten="250,250,250,250" oya="0" hai0="80,117,52,11,75,45,67,38,50,69,85,29,76" hai1="68,105,56,28,120,93,128,106,101,13,55,34,121" hai2="84,88,109,100,42,119,58,127,72,110,16,53,21" hai3="104,115,61,99,49,118,79,3,59,62,122,124,47"/><T132/><D117/><U94/><E68/><V87/><F72/><W74/><G3/><T86/><D132/><U96/><E128/><V135/><F135/><W108/><G115/><T48/><D38/><U18/><E94/><V91/><F127/><W23/><G124/><T9/><D69/><U78/><E78/><V83/><F100/><W81/><G122/><T116/><D116/><U126/><E126/><V97/><F97/><W70/><G70/><T60/><D67/><U22/><E105/><V2/><F2/><W19/><G108/><N who="2" m="41577" /><F42/><W90/><G59/><T17/><D60/><U123/><E106/><V73/><F73/><W1/><G1/><T71/><D71/><U15/><E15/><N who="2" m="9375" /><F119/><W103/><G118/><T134/><D134/><U7/><E7/><V5/><F5/><W14/><G90/><N who="2" m="34345" /><F83/><W8/><G8/><T129/><D29/><U20/><E28/><V4/><F4/><W102/><G102/><T12/><D129/><U89/><E101/><V51/><AGARI ba="0,0" hai="51,53,58,84,87" m="34345,9375,41577" machi="51" ten="30,4000,0" yaku="14,1,54,2" doraHai="31" who="2" fromWho="2" sc="250,-20,250,-10,250,40,250,-10" /><INIT seed="1,0,0,4,0,36" ten="230,240,290,240" oya="1" hai0="57,2,15,110,126,70,76,28,88,78,96,108,32" hai1="8,127,84,87,112,135,20,114,80,109,38,45,104" hai2="29,1,56,19,3,99,4,0,124,5,59,93,46" hai3="105,43,117,83,75,111,73,98,10,128,89,63,118"/><U6/><E104/><V52/><F29/><W61/><G111/><N who="0" m="42539" /><D70/><U79/><E109/><V31/><F31/><W123/><G123/><T132/><D2/><U66/><E135/><V49/><F124/><W85/><G128/><T77/><D126/><U48/><E127/><V106/><F106/><W55/><G43/><T51/><D15/><U130/><E130/><V58/><REACH who="2" step="1"/><F19/><REACH who="2" ten="230,240,280,240" step="2"/><W115/><G105/><T68/><D28/><U92/><E114/><V40/><F40/><W81/><G115/><T34/><D32/><U23/><E112/><V24/><F24/><W18/><G18/><T21/><D34/><U116/><E116/><V131/><F131/><W33/><G33/><T47/><D132/><U101/><E38/><V94/><F94/><W69/><G118/><T44/><D68/><U121/><E121/><V103/><AGARI ba="0,1" hai="0,1,3,4,5,46,49,52,56,58,59,93,99,103" machi="103" ten="40,5200,0" yaku="1,1,0,1,54,1,53,0" doraHai="36" doraHaiUra="12" who="2" fromWho="2" sc="230,-13,240,-26,280,62,240,-13" /><INIT seed="2,0,0,0,2,0" ten="217,214,342,227" oya="2" hai0="8,117,100,60,133,93,71,99,132,64,52,17,67" hai1="124,121,126,75,103,90,1,134,105,30,109,34,80" hai2="44,33,23,14,22,102,11,20,63,26,3,120,48" hai3="49,7,108,68,92,31,128,104,82,28,88,123,76"/><V35/><F120/><W122/><G68/><T83/><D117/><U127/><E1/><V87/><F102/><W6/><G104/><T13/><D67/><U5/><E34/><V79/><F63/><W106/><G106/><T66/><D64/><U125/><E30/><N who="3" m="11306" /><G123/><T61/><REACH who="0" step="1"/><D83/><REACH who="0" ten="207,214,342,227" step="2"/><U112/><E126/><V116/><F116/><W16/><G122/><T118/><D118/><U9/><E121/><V45/><F35/><W53/><G108/><T47/><D47/><U73/><E109/><V65/><F45/><W27/><G128/><T129/><D129/><U113/><E134/><V86/><F65/><W40/><G82/><T74/><D74/><U56/><E56/><AGARI ba="0,1" hai="8,13,17,52,56,60,61,66,71,93,99,100,132,133" machi="56" ten="40,2600,0" yaku="1,1,54,1,53,0" doraHai="0" doraHaiUra="84" who="0" fromWho="1" sc="207,36,214,-26,342,0,227,0" /><INIT seed="3,0,0,5,3,116" ten="243,188,342,227" oya="3" hai0="38,8,93,40,10,112,45,96,72,17,66,46,27" hai1="28,3,115,76,53,14,13,57,94,69,51,74,64" hai2="39,84,62,127,54,32,9,80,85,131,121,48,15" hai3="124,2,99,113,5,61,26,52,34,110,31,98,119"/><W120/><G119/><T106/><D106/><U23/><E3/><V1/><F32/><W102/><G113/><T91/><D72/><U4/><E115/><V73/><F1/><W122/><G99/><T65/><D112/><U88/><E69/><V128/><F39/><W49/><G61/><T105/><D105/><U70/><E70/><V97/><F97/><W68/><G68/><T56/><D66/><U101/><E64/><V16/><F127/><W125/><G110/><T92/><D46/><U83/><E101/><V126/><F62/><W42/><G42/><T78/><D78/><U117/><E117/><V107/><F107/><N who="3" m="63959" /><G5/><T29/><D17/><U100/><E100/><V44/><F126/><N who="3" m="48747" /><G2/><T19/><D19/><U33/><E4/><V36/><F36/><W75/><G75/><T134/><D38/><U0/><E0/><V103/><F103/><W81/><G81/><T58/><D40/><U87/><REACH who="1" step="1"/><E33/><REACH who="1" ten="243,178,342,227" step="2"/><V6/><F6/><W55/><G55/><T114/><D65/><U104/><E104/><V90/><F54/><W89/><G89/><T7/><D91/><U63/><E63/><V43/><F90/><W20/><G34/><T79/><D114/><U129/><E129/><V82/><F131/><W118/><G118/><T12/><D7/><U22/><E22/><V18/><F128/><W35/><G35/><T11/><D11/><U25/><AGARI ba="0,1" hai="13,14,23,25,28,51,53,57,74,76,83,87,88,94" machi="25" ten="30,4000,0" yaku="1,1,0,1,54,1,53,0" doraHai="116" doraHaiUra="130" who="1" fromWho="1" sc="243,-10,178,50,342,-10,227,-20" /><INIT seed="4,0,0,0,5,90" ten="233,228,332,207" oya="0" hai0="65,38,103,4,115,50,67,7,55,25,45,76,132" hai1="56,82,116,95,54,3,58,5,125,91,14,124,36" hai2="133,105,27,111,73,89,11,120,108,70,53,64,71" hai3="99,88,21,69,93,81,107,74,75,84,20,19,31"/><T85/><D115/><U29/><E116/><V134/><F120/><W87/><G69/><T12/><D132/><N who="2" m="50794" /><F73/><W48/><G107/><T97/><D38/><U121/><E3/><V13/><F105/><W18/><G31/><T129/><D129/><U119/><E119/><V106/><F106/><W110/><G110/><T28/><D85/><U6/><E58/><V52/><F27/><W2/><G2/><T24/><D76/><U22/><E82/><V86/><F64/><W66/><G66/><T42/><D55/><N who="2" m="21066" /><F71/><W17/><G48/><T92/><D24/><U33/><E36/><V102/><F102/><W130/><G130/><T123/><D123/><U34/><E121/><V96/><F96/><W128/><G128/><T113/><D113/><U62/><E33/><V51/><F51/><W23/><REACH who="3" step="1"/><G84/><REACH who="3" ten="233,228,332,197" step="2"/><T122/><D122/><U80/><E29/><V104/><F104/><W94/><G94/><T46/><D67/><U79/><E95/><N who="2" m="54711" /><F70/><W61/><G61/><T57/><D65/><U9/><E62/><V40/><F111/><W49/><G49/><T1/><D57/><U47/><E56/><V32/><F108/><W77/><AGARI ba="0,1" hai="17,18,19,20,21,23,74,75,77,81,87,88,93,99" machi="77" ten="30,7900,0" yaku="1,1,0,1,52,1,54,1,53,0" doraHai="90" doraHaiUra="126" who="3" fromWho="3" sc="233,-39,228,-20,332,-20,197,89" /><INIT seed="5,0,0,1,1,0" ten="194,208,312,286" oya="1" hai0="107,60,97,23,24,16,57,126,43,71,48,118,92" hai1="69,11,12,41,53,59,17,102,98,51,122,64,27" hai2="95,135,96,68,62,112,74,5,21,31,84,4,128" hai3="93,36,117,129,22,37,116,44,46,83,35,45,106"/><U130/><E122/><V133/><F74/><W86/><G106/><T81/><D126/><U50/><E130/><V7/><F128/><W76/><G35/><T134/><D134/><N who="2" m="51210" /><F112/><W119/><G129/><T110/><D110/><U91/><E91/><N who="2" m="55423" /><F84/><W108/><G108/><T18/><D118/><U38/><E27/><N who="2" m="16879" /><F62/><W132/><G132/><T99/><D71/><AGARI ba="0,0" hai="4,5,7,68,71" m="16879,55423,51210" machi="71" ten="30,7700,0" yaku="20,1,52,3" doraHai="0" who="2" fromWho="0" sc="194,-77,208,0,312,77,286,0" /><INIT seed="6,0,0,3,5,70" ten="117,208,389,286" oya="2" hai0="118,11,88,7,18,124,24,60,84,62,4,52,102" hai1="36,26,22,65,30,111,0,29,109,33,73,119,96" hai2="110,117,61,81,9,47,23,91,21,58,101,130,6" hai3="43,19,105,93,27,59,12,45,8,82,48,2,126"/><V97/><F117/><W135/><G105/><T31/><D118/><U128/><E73/><V44/><F130/><W132/><G126/><T72/><D72/><U85/><E119/><V121/><F121/><W1/><G82/><T35/><D124/><U40/><E65/><V129/><F47/><W99/><G59/><T87/><D102/><U67/><E67/><V64/><F44/><W42/><G27/><T103/><D103/><U115/><E96/><V79/><F91/><N who="3" m="55743" /><G43/><T89/><D18/><U122/><E85/><V131/><F110/><W90/><G90/><T37/><D37/><U123/><E128/><V127/><F127/><W114/><G114/><T55/><D24/><N who="1" m="18631" /><E115/><V68/><F68/><W113/><G113/><T94/><D35/><U69/><E69/><V80/><F131/><W49/><G49/><T100/><D100/><U76/><E76/><V106/><F81/><W98/><G98/><T28/><D11/><U15/><E0/><V51/><F51/><W112/><G112/><T125/><D125/><U120/><E40/><V46/><F129/><W25/><G25/><T133/><REACH who="0" step="1"/><D94/><REACH who="0" ten="107,208,389,286" step="2"/><U95/><E95/><V39/><F101/><W75/><G75/><T66/><D66/><U104/><E104/><V13/><F106/><W107/><G107/><T56/><D56/><U77/><E36/><V86/><F39/><W10/><G8/><T38/><D38/><U32/><E111/><V3/><F58/><W5/><G19/><T78/><D78/><U92/><E109/><V54/><F79/><W20/><G20/><T63/><D63/><U83/><E22/><RYUUKYOKU ba="0,1" sc="107,15,208,-15,389,-15,286,15" hai0="4,7,28,31,52,55,60,62,84,87,88,89,133" hai3="1,2,5,10,12,42,45,48,132,135" /><INIT seed="7,1,1,1,2,66" ten="122,193,374,301" oya="3" hai0="121,54,60,55,8,93,88,38,48,102,21,116,124" hai1="44,134,43,36,87,53,89,111,82,41,105,34,18" hai2="74,3,91,52,6,61,40,71,24,77,51,107,85" hai3="127,67,118,86,70,37,33,68,92,32,22,132,63"/><W120/><G120/><T79/><D121/><U2/><E111/><V109/><F107/><W84/><G118/><T90/><D38/><U10/><E105/><V103/><F103/><W95/><G37/><T42/><D116/><U57/><E34/><V99/><F99/><W20/><G67/><T122/><D122/><U4/><E134/><V14/><F3/><W35/><G35/><T56/><D124/><U119/><E119/><V0/><F40/><W64/><G64/><T135/><D135/><U114/><E114/><V7/><F0/><W28/><G132/><T12/><D79/><U76/><E43/><V15/><F61/><W81/><G63/><T59/><D21/><U115/><E115/><V27/><F51/><W1/><G81/><T129/><D129/><U112/><E18/><V83/><F83/><W50/><G50/><T39/><D39/><U58/><E112/><V100/><F109/><W113/><G113/><T106/><D106/><U78/><E57/><V31/><F6/><W62/><G62/><AGARI ba="1,1" hai="2,4,10,36,41,44,53,58,62,76,78,82,87,89" machi="62" ten="30,1000,0" yaku="7,1" doraHai="66" who="1" fromWho="3" sc="122,0,193,23,374,0,301,-13" owari="122,-38.0,216,-18.0,374,47.0,288,9.0" /></mjloggm>