<mjloggm ver="2.3"><GO type="169" lobby="0"/><UN n0="%67%61%70%61%6F" n1="%E3%81%A9%E3%82%84%E3%81%A9%E3%82%84%31%35%39" n2="%E3%81%8B%E3%81%A5%E3%81%8D%EF%BC%B8%EF%BC%A9" n3="%43%46%54%4B%5F%41%47" dan="16,17,17,17" rate="2098.87,2169.15,2105.70,2121.46" sx="M,F,M,M"/><TAIKYOKU oya="0"/><INIT seed="0,0,0,3,2,88" ten="250,250,250,250" oya="0" hai0="116,81,74,123,11,97,1,22,45,57,18,40,59" hai1="53,75,8,31,47,61,51,129,58,89,43,113,91" hai2="99,96,108,128,103,115,6,24,48,93,70,21,87" hai3="119,109,19,135,2,92,14,114,105,10,101,95,122"/><T26/><D123/><U9/><E129/><V132/><F70/><W111/><G114/><T106/><D116/><U63/><E113/><V16/><F108/><N who="3" m="41547" /><G119/><T78/><D106/><U36/><E75/><V76/><F115/><W44/><G122/><T33/><D33/><U56/><E31/><V39/><F39/><W3/><G135/><T55/><D97/><U0/><E36/><V17/><F132/><W100/><G44/><T117/><D117/><U32/><E32/><V71/><F71/><W124/><G124/><T98/><D98/><U110/><E110/><V94/><F128/><W112/><G112/><T38/><REACH who="0" step="1"/><D55/><REACH who="0" ten="240,250,250,250" step="2"/><U23/><E53/><V85/><F76/><W107/><G107/><T34/><D34/><U72/><E43/><V41/><F6/><AGARI ba="0,1" hai="1,6,11,18,22,26,38,40,45,57,59,74,78,81" machi="6" ten="40,7700,0" yaku="1,1,25,2,53,0" doraHai="88" doraHaiUra="28" who="0" fromWho="2" sc="240,87,250,0,250,-77,250,0" /><INIT seed="0,1,0,5,3,134" ten="327,250,173,250" oya="0" hai0="131,96,4,16,87,111,71,104,68,97,100,13,101" hai1="72,44,45,55,91,22,5,30,15,74,2,69,119" hai2="19,84,133,20,9,77,63,107,6,27,8,128,120" hai3="7,32,99,37,14,46,38,54,12,79,102,25,70"/><T113/><D113/><U60/><E119/><V116/><F107/><W92/><G70/><T124/><D131/><U29/><E2/><V64/><F120/><W103/><G79/><T67/><D111/><U65/><E74/><V49/><F116/><W94/><G7/><T18/><D87/><U41/><E72/><V58/><F128/><W66/><G66/><T52/><D124/><U88/><E55/><V24/><F133/><W23/><G32/><T1/><D1/><U17/><E45/><V76/><F24/><W125/><G125/><T81/><D81/><U48/><REACH who="1" step="1"/><E5/><REACH who="1" ten="327,240,173,250" step="2"/><V86/><F6/><W106/><G54/><T61/><D52/><U95/><E95/><V73/><F73/><W3/><G46/><T118/><D118/><U53/><E53/><V59/><F59/><W83/><G94/><T135/><D71/><U10/><E10/><N who="2" m="4203" /><F49/><W34/><G3/><T132/><D4/><U105/><E105/><V98/><F98/><N who="0" m="37994" /><D104/><U85/><E85/><AGARI ba="1,1" hai="19,20,27,58,63,64,76,77,84,85,86" m="4203" machi="85" ten="30,1000,0" yaku="8,1" doraHai="134" who="2" fromWho="1" sc="327,0,240,-13,173,23,250,0" /><INIT seed="1,0,0,4,2,66" ten="327,227,196,250" oya="1" hai0="109,40,24,16,13,126,3,73,62,93,34,11,51" hai1="117,61,68,22,7,77,6,4,89,133,43,45,84" hai2="80,15,10,129,42,56,47,53,119,122,131,100,92" hai3="104,23,135,120,105,115,97,99,12,114,64,86,132"/><U88/><E117/><V38/><F122/><W21/><G12/><T27/><D126/><U96/><E133/><N who="3" m="51274" /><G64/><T101/><D73/><U58/><E68/><V9/><F119/><W46/><G46/><N who="0" m="26055" /><D3/><U28/><E77/><V128/><F80/><W123/><G86/><T33/><D34/><U37/><E96/><N who="3" m="36938" /><G21/><T67/><D33/><U81/><E89/><V65/><F65/><W90/><G23/><T55/><D67/><U130/><E130/><V41/><F41/><W98/><G90/><T78/><D78/><U50/><E37/><V76/><F76/><W8/><G8/><N who="2" m="3177" /><F15/><W2/><G2/><T106/><D106/><N who="3" m="41065" /><G98/><N who="0" m="59599" /><D109/><U75/><E75/><V111/><F111/><W125/><G125/><T48/><D62/><U102/><E102/><V36/><F100/><W107/><N who="3" m="41073" /><W5/><DORA hai="32" /><G5/><T82/><D82/><U71/><E71/><V118/><F118/><W112/><AGARI ba="0,0" hai="112,114,115,120,123" m="41073,36938,51274" machi="112" ten="60,8000,1" yaku="28,2,20,1,34,2" doraHai="66,32" who="3" fromWho="3" sc="327,-20,227,-40,196,-20,250,80" /><INIT seed="2,0,0,5,4,106" ten="307,187,176,330" oya="2" hai0="13,78,102,47,49,117,60,109,131,61,37,111,64" hai1="110,12,3,70,124,90,69,94,6,86,56,30,135" hai2="44,92,10,126,53,33,58,19,84,35,27,104,63" hai3="100,115,51,32,41,73,25,31,16,74,93,85,99"/><V114/><F104/><W98/><G115/><T88/><D131/><U50/><E110/><N who="0" m="41993" /><D37/><U62/><E135/><V77/><F126/><W95/><G85/><T133/><D133/><U20/><E124/><V103/><F114/><W97/><G97/><T15/><D117/><U118/><E118/><V83/><F44/><W82/><G82/><T52/><D102/><U89/><E3/><V22/><REACH who="2" step="1"/><F10/><REACH who="2" ten="307,187,166,330" step="2"/><W113/><G113/><T34/><D34/><U29/><E70/><V91/><F91/><W46/><G16/><T80/><D88/><AGARI ba="0,1" hai="25,31,32,41,46,51,73,74,88,93,95,98,99,100" machi="88" ten="30,7700,0" yaku="7,1,52,2,54,1" doraHai="106" who="3" fromWho="0" sc="307,-77,187,0,166,0,330,87" /><INIT seed="3,0,0,3,3,45" ten="230,187,166,417" oya="3" hai0="72,82,48,19,69,13,26,131,89,106,124,118,61" hai1="31,16,49,97,126,38,99,123,115,134,5,107,34" hai2="55,30,9,85,33,81,54,25,114,86,76,22,70" hai3="121,74,56,113,80,112,57,11,21,40,2,95,79"/><W8/><G121/><T32/><D118/><U104/><E123/><V6/><F70/><W84/><G21/><T59/><D106/><U109/><E38/><V92/><F114/><W63/><G56/><T24/><D131/><U117/><E115/><V20/><F20/><W18/><G8/><T62/><D124/><U52/><E5/><V88/><REACH who="2" step="1"/><F33/><REACH who="2" ten="230,187,156,417" step="2"/><W60/><G113/><T77/><D32/><U58/><E34/><V65/><F65/><W110/><G112/><T105/><D69/><U94/><E117/><V75/><F75/><W39/><G74/><T44/><D24/><U130/><E126/><V128/><F128/><W73/><G73/><T10/><D26/><U120/><E130/><V111/><F111/><W133/><G110/><T28/><D72/><U4/><E109/><V36/><F36/><W51/><G39/><T78/><D28/><U37/><E31/><V100/><F100/><W50/><G133/><T27/><D27/><U0/><E134/><V68/><F68/><W135/><G135/><T15/><D10/><U102/><E37/><V7/><F7/><W53/><G11/><T29/><D29/><U122/><E120/><V98/><F98/><W23/><G23/><T47/><D19/><U91/><E122/><V14/><AGARI ba="0,1" hai="6,9,14,22,25,30,54,55,76,81,85,86,88,92" machi="14" ten="20,12000,2" yaku="1,1,0,1,7,1,8,1,54,1,53,1" doraHai="45" doraHaiUra="90" who="2" fromWho="2" sc="230,-30,187,-30,156,130,417,-60" /><INIT seed="4,0,0,5,3,47" ten="200,157,286,357" oya="0" hai0="57,86,38,69,76,78,108,48,40,132,39,103,133" hai1="34,56,24,97,52,72,37,91,15,128,80,112,117" hai2="45,81,89,44,29,42,110,111,107,49,31,84,1" hai3="131,70,20,83,82,68,115,22,2,118,46,65,116"/><T28/><D69/><U85/><E117/><V119/><F1/><W36/><G2/><T66/><D28/><U127/><E128/><V18/><F107/><W41/><G131/><T50/><D108/><U124/><E37/><V96/><F119/><W54/><G115/><T30/><D30/><N who="1" m="19783" /><E112/><V61/><F111/><W71/><G65/><T93/><D103/><U79/><E15/><V129/><F129/><W67/><G67/><T122/><D122/><U94/><E97/><V135/><F61/><W35/><G35/><T58/><D66/><U102/><E102/><V14/><F110/><W17/><G54/><T126/><D86/><U95/><E91/><V55/><F135/><W106/><G106/><T19/><D40/><U62/><E85/><V92/><F44/><W125/><G118/><T4/><D93/><U33/><E33/><V74/><F42/><W26/><G116/><T32/><D32/><U11/><E11/><N who="2" m="6495" /><F74/><W113/><G113/><T6/><REACH who="0" step="1"/><D19/><REACH who="0" ten="190,157,286,357" step="2"/><U3/><E3/><V7/><F7/><W43/><G70/><T25/><D25/><U88/><E88/><AGARI ba="0,1" hai="29,31,45,49,55,81,84,88,89,92,96" m="6495" machi="88" ten="30,7700,0" yaku="25,1,8,1,52,1,54,1" doraHai="47" who="2" fromWho="1" sc="190,0,157,-77,286,87,357,0" /><INIT seed="5,0,0,5,2,115" ten="190,80,373,357" oya="1" hai0="127,100,73,29,80,78,40,7,26,45,16,22,77" hai1="95,71,121,134,76,21,89,88,23,10,74,93,41" hai2="123,83,101,124,90,128,18,125,1,48,107,133,42" hai3="47,50,130,106,30,67,109,86,8,72,103,96,11"/><U32/><E121/><V108/><F1/><W4/><G72/><T55/><D127/><N who="2" m="48714" /><F108/><W24/><G130/><T111/><D78/><U35/><E134/><V57/><F123/><W5/><G67/><T33/><D111/><U31/><E71/><V98/><F133/><W94/><G109/><T52/><D100/><U46/><E10/><N who="3" m="3626" /><G86/><T2/><D7/><U122/><E122/><V64/><F128/><W54/><G106/><T61/><D61/><U69/><E69/><V44/><F18/><W132/><G132/><T92/><D92/><U20/><E76/><V85/><F64/><W25/><G30/><T14/><REACH who="0" step="1"/><D2/><REACH who="0" ten="180,80,373,357" step="2"/><U39/><E74/><V110/><F110/><W27/><AGARI ba="0,1" hai="4,5,24,25,27,47,50,54,94,96,103" m="3626" machi="27" ten="30,1100,0" yaku="8,1" doraHai="115" who="3" fromWho="3" sc="180,-3,80,-5,373,-3,357,21" /><INIT seed="6,0,0,2,5,91" ten="177,75,370,378" oya="2" hai0="39,53,76,4,48,88,50,60,49,97,111,120,54" hai1="121,17,118,75,132,29,79,30,74,116,108,86,130" hai2="124,44,66,85,5,98,110,59,32,106,78,105,133" hai3="80,24,47,72,15,82,112,134,62,3,119,35,33"/><V125/><F133/><W28/><G3/><T123/><D4/><U57/><E132/><V13/><F32/><W68/><G119/><T117/><D111/><U14/><E108/><V67/><F44/><W84/><G134/><T90/><D76/><U31/><E130/><V46/><F46/><W83/><G112/><T6/><D6/><U55/><E121/><V40/><F40/><W51/><G72/><T19/><D39/><U12/><E86/><V16/><F5/><W8/><G62/><T61/><D117/><U42/><E42/><V64/><F59/><W87/><G68/><T20/><D123/><U99/><E99/><V115/><F115/><W93/><G93/><N who="0" m="56487" /><D90/><U27/><E27/><V95/><F110/><W18/><REACH who="3" step="1"/><G33/><REACH who="3" ten="177,75,370,368" step="2"/><T127/><D120/><U94/><E75/><V73/><F73/><W11/><G11/><T45/><D127/><N who="2" m="48714" /><F106/><W126/><G126/><T103/><D61/><N who="1" m="36031" /><E118/><V58/><F105/><W113/><G113/><T129/><D60/><U25/><E116/><V56/><F95/><W96/><G96/><T37/><D129/><U7/><E94/><V71/><F98/><W52/><AGARI ba="0,1" hai="8,15,18,24,28,35,47,51,52,80,82,83,84,87" machi="52" ten="30,4000,0" yaku="1,1,0,1,54,1,53,0" doraHai="91" doraHaiUra="89" who="3" fromWho="3" sc="177,-10,75,-10,370,-20,368,50" /><INIT seed="7,0,0,4,1,39" ten="167,65,350,418" oya="3" hai0="50,22,132,44,53,107,60,122,106,17,45,115,1" hai1="95,41,38,15,8,16,110,120,119,79,42,84,99" hai2="126,68,91,78,72,100,57,85,9,103,97,0,34" hai3="66,77,47,71,13,74,113,27,82,89,33,131,40"/><W111/><G113/><T128/><D122/><U134/><E110/><V87/><F34/><W117/><G131/><T46/><D115/><U108/><E108/><V92/><F68/><W51/><G117/><T11/><D132/><U12/><E134/><V3/><F57/><W94/><G111/><T26/><D128/><U49/><E120/><V31/><F31/><W116/><G116/><T2/><D60/><U90/><E119/><V67/><F67/><W32/><G27/><T130/><D130/><U101/><E38/><V124/><F9/><W62/><G13/><T55/><D11/><U83/><E49/><V59/><F59/><W123/><G123/><T25/><D45/><U14/><E12/><V54/><F54/><W88/><G89/><T5/><D5/><U69/><E69/><V37/><F37/><W52/><G52/><T75/><D75/><U76/><E15/><V125/><F3/><W129/><G129/><T112/><D112/><U118/><E118/><V102/><F0/><W36/><G36/><T4/><D4/><U81/><E81/><AGARI ba="0,0" hai="72,78,81,85,87,91,92,97,100,102,103,124,125,126" machi="81" ten="50,8000,1" yaku="18,1,34,3" doraHai="39" who="2" fromWho="1" sc="167,0,65,-80,350,80,418,0" owari="167,-23.0,-15,-52.0,430,53.0,418,22.0" /></mjloggm>