<mjloggm ver="2.3"><GO type="169" lobby="0"/><UN n0="%62%69%67%6D%6F%75%74%68" n1="%E3%81%96%E3%82%8A%E3%81%8C%E3%81%AB%E3%81%8F%E3%82%93" n2="%67%61%70%61%6F" n3="%E3%82%B3%E3%82%AB%E3%83%A9%E3%82%A4%E3%82%A2" dan="16,17,16,17" rate="2062.95,2234.24,2092.63,2166.94" sx="M,M,M,M"/><TAIKYOKU oya="0"/><INIT seed="0,0,0,5,5,29" ten="250,250,250,250" oya="0" hai0="121,33,124,134,98,127,95,86,2,102,94,57,118" hai1="47,81,62,133,3,66,27,70,88,74,51,85,4" hai2="20,126,5,101,7,89,13,109,103,132,67,100,41" hai3="50,129,116,38,24,35,76,73,77,122,107,99,78"/><T112/><D121/><U120/><E133/><V93/><F126/><N who="0" m="48170" /><D118/><U34/><E120/><V104/><F109/><W75/><G116/><T135/><D112/><U40/><E74/><V60/><F104/><W45/><G122/><T6/><D2/><U28/><E4/><V18/><F41/><W65/><G38/><T64/><D6/><U84/><E84/><V91/><F91/><W30/><G65/><T108/><D108/><U54/><REACH who="1" step="1"/><E3/><REACH who="1" ten="250,240,250,250" step="2"/><V12/><F132/><N who="0" m="50730" /><D64/><U125/><E125/><V56/><F5/><W53/><REACH who="3" step="1"/><G129/><REACH who="3" ten="250,240,250,240" step="2"/><T49/><D86/><U37/><E37/><V96/><REACH who="2" step="1"/><F7/><REACH who="2" ten="250,240,240,240" step="2"/><W15/><G15/><AGARI ba="0,3" hai="12,13,15,18,20,56,60,67,89,93,96,100,101,103" machi="15" ten="40,5200,0" yaku="1,1,2,1,8,1,53,0" doraHai="29" doraHaiUra="71" who="2" fromWho="3" sc="250,0,240,0,240,82,240,-52" /><INIT seed="1,0,0,1,3,75" ten="250,240,322,188" oya="1" hai0="129,28,56,3,53,134,29,95,78,22,106,79,8" hai1="91,10,59,94,24,70,108,127,74,117,63,51,103" hai2="61,46,100,18,14,4,52,7,101,1,64,68,0" hai3="34,39,60,122,92,58,47,16,107,44,45,77,133"/><U19/><E117/><V87/><F0/><W112/><G122/><T116/><D116/><U2/><E127/><V118/><F118/><W62/><G107/><T96/><D106/><U115/><E115/><V131/><F131/><W73/><G112/><T90/><D129/><U40/><E74/><V9/><F87/><W69/><G133/><T6/><D134/><U30/><E70/><V66/><F66/><W37/><G34/><T97/><D97/><U21/><E108/><V98/><F98/><W126/><G126/><T41/><D41/><U80/><E80/><V33/><F33/><W26/><G92/><T111/><D111/><U42/><E103/><V82/><F82/><W85/><G73/><T132/><D132/><U119/><E51/><V23/><F7/><W32/><G69/><T49/><REACH who="0" step="1"/><D22/><REACH who="0" ten="240,240,322,188" step="2"/><U25/><E119/><V13/><F101/><W125/><G125/><T48/><D48/><U102/><E102/><V99/><F99/><W20/><G32/><T81/><D81/><U123/><E42/><V128/><F100/><W93/><G39/><T36/><D36/><U31/><E40/><V11/><F128/><W55/><G37/><T38/><D38/><U84/><E123/><V15/><F23/><W67/><G93/><T135/><D135/><U124/><E124/><V65/><F61/><W71/><G62/><T57/><D57/><U120/><E120/><V5/><F68/><W50/><G71/><T113/><D113/><U121/><E121/><V43/><F43/><W54/><G50/><T110/><D110/><U72/><E63/><V114/><F114/><RYUUKYOKU ba="0,1" sc="240,15,240,-15,322,-15,188,15" hai0="3,6,8,28,29,49,53,56,78,79,90,95,96" hai3="16,20,26,44,45,47,54,55,58,60,67,77,85" /><INIT seed="2,1,1,3,5,110" ten="255,225,307,203" oya="2" hai0="63,129,19,79,53,73,135,64,124,103,93,131,118" hai1="41,7,81,108,80,35,43,21,52,61,38,77,27" hai2="75,126,34,120,134,127,84,74,0,122,6,117,128" hai3="58,104,13,50,36,54,68,132,106,51,102,130,125"/><V3/><F84/><W109/><G109/><T99/><D135/><U42/><E108/><V59/><F59/><W107/><G132/><T17/><D118/><U112/><E112/><V44/><F44/><W83/><G130/><N who="0" m="49675" /><D53/><U85/><E35/><V87/><F128/><W40/><G125/><N who="2" m="47625" /><F134/><W111/><G111/><T91/><D124/><U95/><E38/><V16/><F117/><W11/><G68/><N who="0" m="42015" /><D91/><U90/><E7/><V22/><F34/><W32/><G32/><T69/><D69/><U82/><E61/><V72/><F87/><W26/><G36/><T92/><D92/><U45/><E52/><V62/><F62/><W48/><G83/><AGARI ba="1,1" hai="17,19,73,79,83,93,99,103" m="42015,49675" machi="83" ten="30,1000,0" yaku="19,1" doraHai="110" who="0" fromWho="3" sc="255,23,225,0,307,0,203,-13" /><INIT seed="3,0,0,4,3,85" ten="278,225,307,190" oya="3" hai0="103,4,113,47,6,130,11,100,97,95,35,131,75" hai1="55,60,27,120,12,123,13,124,53,10,125,20,14" hai2="70,93,3,90,71,24,104,21,111,135,106,23,59" hai3="46,9,16,44,66,41,19,94,91,32,0,26,68"/><W30/><G68/><T118/><D118/><U65/><E65/><V133/><F3/><W69/><G69/><N who="2" m="26121" /><F59/><W67/><G0/><T74/><D35/><U108/><E60/><V109/><F93/><W101/><G101/><T28/><D28/><N who="1" m="17511" /><E53/><V36/><F36/><W105/><G105/><N who="2" m="40553" /><F90/><W84/><G46/><T17/><D113/><U127/><E55/><V52/><F52/><W29/><G29/><T128/><D103/><U115/><E115/><V132/><F24/><W76/><G76/><T73/><D17/><N who="1" m="8343" /><E108/><AGARI ba="0,0" hai="21,23,108,109,111,132,133,135" m="40553,26121" machi="108" ten="40,8000,1" yaku="28,2,14,1,20,1" doraHai="85" who="2" fromWho="1" sc="278,0,225,-80,307,80,190,0" /><INIT seed="4,0,0,1,0,104" ten="278,145,387,190" oya="0" hai0="52,121,68,126,76,32,9,108,11,56,14,86,31" hai1="33,64,133,83,129,125,8,105,73,115,19,97,15" hai2="135,114,57,12,51,92,88,90,75,6,10,81,50" hai3="0,43,61,37,38,85,18,40,17,123,66,109,84"/><T35/><D121/><U94/><E133/><V100/><F114/><W7/><G109/><T89/><D68/><U53/><E129/><V24/><F135/><W124/><G123/><T26/><D108/><U62/><E125/><V72/><F24/><W47/><G124/><T95/><D126/><U77/><E115/><V16/><F6/><W128/><G128/><T69/><D69/><U54/><E105/><V49/><F57/><W103/><G103/><T134/><D134/><U4/><E33/><V101/><F90/><W110/><G110/><T127/><D127/><U78/><E78/><V102/><REACH who="2" step="1"/><F81/><REACH who="2" ten="278,145,377,190" step="2"/><W98/><G7/><T80/><D26/><U74/><E4/><V63/><F63/><W70/><G61/><T82/><D82/><U119/><E119/><V87/><AGARI ba="0,1" hai="10,12,16,49,50,51,72,75,87,88,92,100,101,102" machi="87" ten="30,12000,2" yaku="1,1,0,1,52,2,54,2,53,0" doraHai="104" doraHaiUra="48" who="2" fromWho="2" sc="278,-60,145,-30,377,130,190,-30" /><INIT seed="5,0,0,1,5,24" ten="218,115,507,160" oya="1" hai0="53,78,10,26,64,47,79,20,74,117,102,30,105" hai1="114,55,17,70,125,135,96,22,50,3,49,0,11" hai2="34,8,52,84,5,91,133,76,86,112,72,32,124" hai3="87,126,57,132,113,61,25,93,104,92,97,59,35"/><U31/><E70/><V121/><F121/><W43/><G132/><T131/><D117/><U94/><E114/><V67/><F124/><W2/><G126/><T109/><D109/><U77/><E125/><V111/><F111/><W100/><G2/><T62/><D131/><U40/><E135/><V69/><F112/><W82/><G113/><T95/><D105/><U39/><E39/><V66/><F72/><W13/><G43/><T41/><D53/><U45/><E77/><V21/><F76/><W89/><G13/><T46/><D10/><U122/><E122/><V110/><F21/><W88/><G61/><T38/><D74/><U51/><E11/><V33/><F110/><W106/><G104/><T120/><D120/><U36/><E55/><V118/><F118/><W23/><G35/><T12/><D12/><U68/><E68/><V130/><F130/><W116/><G116/><T7/><D7/><U107/><E107/><V115/><F133/><W56/><REACH who="3" step="1"/><G89/><REACH who="3" ten="218,115,507,150" step="2"/><T4/><D62/><U42/><E42/><V134/><F91/><W99/><G99/><T85/><D41/><U14/><REACH who="1" step="1"/><E31/><AGARI ba="0,1" hai="23,25,31,56,57,59,82,87,88,92,93,97,100,106" machi="31" ten="40,5200,0" yaku="1,1,52,1,54,1,53,0" doraHai="24" doraHaiUra="65" who="3" fromWho="1" sc="218,0,115,-52,507,0,150,62" /><INIT seed="6,0,0,4,4,20" ten="218,63,507,212" oya="2" hai0="119,52,80,124,10,93,76,70,37,101,72,112,117" hai1="57,56,133,66,25,77,111,115,24,87,129,82,45" hai2="41,58,128,31,132,33,135,134,123,6,97,91,30" hai3="74,78,109,43,114,107,32,13,39,127,35,62,9"/><V89/><F123/><W122/><G109/><T95/><D70/><U90/><E133/><V50/><F128/><W40/><G122/><T12/><D37/><U102/><E115/><V55/><F6/><W83/><G127/><T44/><D112/><U67/><E129/><V92/><F41/><W85/><G107/><T3/><D3/><U131/><E111/><V106/><F106/><W51/><G114/><T60/><D124/><U53/><E102/><V28/><REACH who="2" step="1"/><F91/><REACH who="2" ten="218,63,497,212" step="2"/><W100/><G40/><T48/><D119/><U2/><E131/><V63/><F63/><W110/><G62/><T65/><D117/><U103/><E103/><V64/><F64/><N who="1" m="24617" /><E2/><V46/><F46/><W71/><G43/><T120/><D120/><U94/><E45/><V81/><F81/><W125/><G83/><T69/><D101/><U8/><E8/><V99/><F99/><W73/><G125/><T118/><D118/><U79/><E57/><V116/><F116/><W126/><G126/><T7/><AGARI ba="0,1" hai="7,10,12,44,48,52,60,65,69,72,76,80,93,95" machi="7" ten="20,2700,0" yaku="0,1,7,1,54,1" doraHai="20" who="0" fromWho="0" sc="218,37,63,-7,497,-13,212,-7" /><INIT seed="7,0,0,2,2,39" ten="255,56,484,205" oya="3" hai0="109,24,38,1,94,99,45,110,96,29,51,122,66" hai1="113,16,78,25,89,31,68,134,37,130,35,124,49" hai2="32,9,103,71,84,52,88,135,14,117,112,3,57" hai3="80,77,58,82,64,75,44,105,48,5,47,63,59"/><W74/><G105/><T128/><D122/><U30/><E113/><V116/><F71/><W114/><G114/><T23/><D1/><U87/><E134/><V108/><F112/><W11/><G59/><T34/><D38/><U2/><E130/><V60/><F108/><W132/><G132/><T83/><D128/><U42/><E124/><V123/><F32/><W22/><G22/><T121/><D121/><U36/><E68/><V17/><F123/><W111/><G111/><T129/><D129/><U95/><E2/><V12/><F3/><W102/><G102/><T43/><D66/><U56/><E31/><V98/><F12/><W104/><G104/><T81/><D99/><U72/><E78/><V70/><F70/><W15/><G48/><T126/><D126/><U100/><E72/><V18/><F18/><W69/><G69/><T65/><D65/><U67/><E100/><V85/><F85/><W13/><G13/><T8/><D8/><U28/><E28/><V26/><F26/><W33/><G33/><T27/><D110/><U119/><E119/><V6/><F135/><W91/><G91/><T115/><D115/><U106/><E106/><V41/><F116/><W53/><G64/><T40/><D109/><U21/><E67/><V0/><F103/><W92/><G92/><T61/><D61/><U54/><REACH who="1" step="1"/><E42/><REACH who="1" ten="255,46,484,205" step="2"/><V133/><F41/><W86/><G75/><T97/><D43/><U73/><E73/><V125/><F133/><W90/><AGARI ba="0,1" hai="5,11,15,44,47,53,58,63,74,77,80,82,86,90" machi="90" ten="20,2100,0" yaku="0,1,7,1" doraHai="39" who="3" fromWho="3" sc="255,-7,46,-7,484,-7,205,31" /><INIT seed="7,1,0,3,2,101" ten="248,39,477,236" oya="3" hai0="19,26,87,10,104,132,130,2,119,32,52,50,3" hai1="97,20,41,30,14,83,82,131,100,35,4,95,110" hai2="74,31,5,68,129,66,49,0,21,78,127,7,44" hai3="103,70,18,107,55,135,133,120,37,8,13,17,126"/><W34/><G120/><T25/><D119/><U77/><E110/><V128/><F68/><W102/><G34/><T1/><D132/><N who="3" m="50761" /><G70/><T56/><D104/><U114/><E114/><V61/><F127/><W12/><G37/><T93/><D130/><N who="2" m="50282" /><F0/><W62/><G126/><T40/><D32/><U79/><E131/><V134/><F134/><W106/><G103/><T16/><D40/><U86/><E35/><V123/><F123/><W117/><G102/><T98/><D87/><U33/><E33/><V29/><F74/><W59/><G117/><T108/><D108/><U96/><E41/><N who="2" m="24719" /><F78/><W60/><G62/><T80/><D80/><U121/><E121/><V92/><F92/><W90/><G90/><T71/><D71/><U51/><E95/><V89/><F89/><W42/><G42/><T65/><D93/><U9/><E77/><V94/><F94/><W109/><G109/><T39/><D3/><U122/><E79/><V72/><F72/><W88/><G88/><T46/><D2/><U38/><E122/><V53/><F66/><W116/><G116/><T76/><D76/><U27/><E83/><V54/><F61/><W73/><G73/><T24/><D65/><U111/><E82/><V11/><F21/><AGARI ba="1,0" hai="8,12,13,17,18,21,55,59,60,106,107" m="50761" machi="21" ten="30,5800,0" yaku="20,1,52,2" doraHai="101" who="3" fromWho="2" sc="248,0,39,0,477,-61,236,61" /><INIT seed="7,2,0,5,2,115" ten="248,39,416,297" oya="3" hai0="51,11,31,2,100,124,99,63,72,94,122,79,130" hai1="40,6,25,87,102,16,65,119,58,37,42,74,113" hai2="34,70,89,44,118,107,59,131,26,60,125,41,10" hai3="86,78,111,23,117,128,4,27,85,9,17,77,103"/><W5/><G128/><T57/><D122/><U66/><E87/><V126/><F107/><W20/><G111/><T43/><D130/><U109/><E102/><V97/><F131/><W83/><G103/><T84/><D72/><U69/><E25/><V91/><F118/><W36/><G117/><T48/><D124/><N who="2" m="47722" /><F70/><W28/><G36/><T93/><D31/><U134/><E6/><V73/><F73/><W30/><G9/><T90/><D79/><U92/><E92/><N who="2" m="56463" /><F91/><W71/><G71/><T135/><D135/><U129/><E16/><V75/><F75/><W127/><G127/><T62/><D43/><U116/><E74/><V46/><F10/><W13/><REACH who="3" step="1"/><G30/><REACH who="3" ten="248,39,416,287" step="2"/><T81/><D11/><U106/><E106/><V108/><F108/><W45/><G45/><T110/><D110/><U98/><E98/><V21/><F41/><W101/><G101/><T53/><D2/><U52/><E69/><V68/><F68/><W114/><G114/><T0/><D0/><U49/><E129/><V50/><F44/><W54/><G54/><T32/><D32/><U95/><E109/><V121/><F121/><W24/><G24/><T7/><D7/><U123/><E113/><V132/><F34/><W76/><G76/><T18/><D18/><U12/><E123/><V105/><F132/><W35/><G35/><T29/><D29/><U133/><E37/><V19/><F46/><W112/><G112/><T15/><D100/><U61/><E134/><V38/><F105/><W3/><G3/><T88/><D99/><U104/><E133/><V82/><F38/><W55/><G55/><RYUUKYOKU ba="2,1" sc="248,-10,39,-10,416,-10,287,30" hai3="4,5,13,17,20,23,27,28,77,78,83,85,86" /><INIT seed="7,3,1,4,5,18" ten="238,29,406,317" oya="3" hai0="105,98,64,17,5,87,123,33,63,88,76,59,69" hai1="9,41,58,55,112,56,6,52,31,95,28,122,20" hai2="130,0,131,104,53,47,57,19,1,82,106,39,86" hai3="32,40,113,4,23,7,14,42,2,119,110,60,10"/><W43/><G119/><T12/><D123/><U50/><E112/><V70/><F70/><W133/><G113/><T67/><D33/><U68/><E122/><V127/><F127/><W83/><G133/><T103/><D5/><U99/><E41/><N who="2" m="22975" /><F19/><N who="3" m="10743" /><G32/><T30/><D30/><U134/><E68/><V118/><F118/><W49/><G110/><T121/><D121/><U29/><E134/><V109/><F109/><W27/><G2/><N who="2" m="1129" /><F82/><W13/><G7/><T21/><D76/><U80/><E80/><V25/><F25/><W37/><G37/><T89/><D69/><U3/><E3/><V66/><F86/><W65/><G83/><T115/><D115/><U22/><E9/><V85/><F85/><W8/><G8/><T81/><REACH who="0" step="1"/><D89/><REACH who="0" ten="228,29,406,317" step="2"/><U77/><E77/><V38/><F131/><W128/><G128/><T116/><D116/><U94/><E6/><V117/><F130/><W84/><G4/><T46/><D46/><U79/><E79/><V24/><F117/><W100/><G40/><T102/><D102/><U15/><E15/><V91/><F91/><W135/><G100/><T61/><D61/><U96/><REACH who="1" step="1"/><E31/><REACH who="1" ten="228,19,406,317" step="2"/><V132/><F132/><W48/><G135/><T34/><D34/><U45/><E45/><V73/><F57/><W108/><G43/><T51/><D51/><AGARI ba="3,3" hai="20,22,28,29,50,51,52,55,56,58,94,95,96,99" machi="51" ten="25,16000,3" yaku="1,1,22,2,8,1,52,2,54,1,53,2" doraHai="18" doraHaiUra="92" who="1" fromWho="0" sc="228,-169,19,199,406,0,317,0" owari="59,-44.0,218,-18.0,406,50.0,317,12.0" /></mjloggm>