<mjloggm ver="2.3"><GO type="225" lobby="0"/><UN n0="%E3%81%BF%E3%81%BF%E3%81%9A" n1="%E3%81%B7%E3%82%8B%E3%81%B7%E3%82%8B%E3%81%A0%E3%81%9E" n2="%6B%79%6F%6E%6B%6F%31%31" n3="%E3%83%B4%E3%83%A0%EF%BC%99%E3%81%A6" dan="16,16,17,17" rate="2124.30,2106.01,2193.86,2215.58" sx="M,M,M,M"/><TAIKYOKU oya="0"/><INIT seed="0,0,0,3,1,61" ten="250,250,250,250" oya="0" hai0="106,126,83,82,66,79,115,108,37,127,47,122,4" hai1="27,43,118,24,113,96,8,25,121,100,71,30,41" hai2="7,49,116,23,13,52,92,104,14,32,131,89,134" hai3="42,67,15,38,99,36,78,10,40,98,45,33,102"/><T1/><D115/><U112/><E121/><V84/><F116/><W34/><G78/><T128/><D122/><U123/><E123/><V3/><F104/><W124/><G124/><N who="0" m="47659" /><D106/><N who="1" m="63751" /><E118/><V76/><F32/><W101/><G15/><T46/><D128/><U114/><E71/><V125/><F125/><W60/><G10/><N who="0" m="2319" /><D108/><U6/><E30/><V133/><F131/><W51/><G51/><T69/><D83/><U2/><AGARI ba="0,0" hai="2,6,8,24,25,27,41,43,112,113,114" m="63751" machi="2" ten="40,1500,0" yaku="11,1" doraHai="61" who="1" fromWho="1" sc="250,-7,250,15,250,-4,250,-4" /><INIT seed="1,0,0,4,0,119" ten="243,265,246,246" oya="1" hai0="24,107,26,103,7,120,65,30,134,13,5,40,115" hai1="84,90,52,3,23,8,9,117,86,75,0,95,127" hai2="73,81,101,60,93,82,2,48,59,51,132,131,72" hai3="121,17,85,49,126,6,27,68,133,108,57,55,80"/><U16/><E117/><V46/><F2/><W96/><G68/><T79/><D115/><U37/><E37/><V105/><F105/><W83/><G108/><T130/><D79/><U53/><E75/><V78/><F131/><W14/><G133/><T104/><D40/><U39/><E39/><V28/><F132/><W99/><G126/><T31/><D134/><U12/><E127/><V29/><F81/><W122/><G6/><T123/><D65/><U106/><E106/><N who="0" m="40489" /><D103/><U124/><E124/><V42/><F51/><W116/><G116/><T70/><D70/><U43/><E43/><V10/><F73/><W100/><G27/><N who="0" m="10283" /><D13/><U76/><E3/><V89/><F101/><W111/><G111/><T102/><D102/><U50/><E0/><V113/><F113/><W32/><G83/><T56/><D56/><N who="1" m="32791" /><E53/><V88/><F10/><N who="1" m="4201" /><E76/><V129/><F129/><W47/><G57/><T94/><D130/><U25/><E25/><V64/><REACH who="2" step="1"/><F89/><REACH who="2" ten="243,265,236,246" step="2"/><N who="3" m="51367" /><G100/><T128/><D128/><U77/><E77/><V109/><F109/><W19/><G49/><T41/><D41/><U1/><E1/><V92/><F92/><W62/><G32/><T21/><D94/><U63/><E63/><V67/><F67/><W54/><G62/><T87/><D21/><U125/><E125/><V97/><AGARI ba="0,1" hai="28,29,42,46,48,59,60,64,72,78,82,88,93,97" machi="97" ten="20,5200,0" yaku="1,1,0,1,7,1,54,1,53,0" doraHai="119" doraHaiUra="69" who="2" fromWho="2" sc="243,-13,265,-26,236,62,246,-13" /><INIT seed="2,0,0,3,3,49" ten="230,239,298,233" oya="2" hai0="122,10,85,42,96,111,78,22,58,54,31,37,28" hai1="51,71,46,20,67,32,40,72,2,65,48,120,104" hai2="36,109,123,113,83,35,98,18,100,106,50,125,57" hai3="87,86,5,7,116,131,44,133,8,119,77,130,56"/><V97/><F113/><W107/><G107/><T89/><D122/><U121/><E104/><V70/><F70/><W91/><G44/><T38/><D111/><U132/><E72/><V55/><F123/><N who="1" m="47177" /><E32/><V73/><F36/><W29/><G29/><N who="0" m="11339" /><D38/><N who="1" m="21783" /><E20/><V17/><F35/><W6/><G8/><T15/><D37/><U34/><E2/><V33/><F33/><W90/><G56/><T81/><D42/><U108/><E34/><V52/><F109/><W3/><G3/><T126/><D126/><U114/><E114/><V118/><F118/><W14/><G14/><T4/><D22/><U105/><E105/><V94/><F125/><W45/><G5/><T102/><D102/><U69/><E108/><V95/><F106/><W79/><G45/><T43/><D43/><U75/><E75/><V117/><F117/><W47/><G47/><T39/><D39/><U110/><E110/><V59/><F83/><W24/><G24/><T53/><D58/><U60/><E132/><AGARI ba="0,0" hai="6,7,77,79,86,87,90,91,116,119,130,131,132,133" machi="132" ten="25,1600,0" yaku="22,2" doraHai="49" who="3" fromWho="1" sc="230,0,239,-16,298,0,233,16" /><INIT seed="3,0,0,2,0,36" ten="230,223,298,249" oya="3" hai0="77,96,21,117,120,40,87,0,54,45,65,68,42" hai1="111,57,47,88,33,46,129,108,67,50,2,110,28" hai2="61,41,51,72,4,106,18,101,75,127,30,70,64" hai3="105,71,86,93,39,27,29,24,85,53,76,89,134"/><W6/><G105/><T74/><D74/><U15/><E2/><V66/><F66/><W1/><G71/><T115/><D0/><U35/><E28/><V91/><F4/><W112/><G112/><T22/><D117/><U55/><E129/><V16/><F75/><W123/><G123/><T107/><D120/><U125/><E125/><V102/><F72/><W95/><G134/><T104/><D68/><U20/><E67/><V92/><F127/><W78/><G39/><T62/><D115/><U9/><E20/><N who="0" m="7785" /><D107/><U59/><E59/><N who="2" m="36927" /><F30/><W98/><G29/><T69/><D69/><U31/><E88/><V38/><F38/><W17/><G89/><T109/><D104/><U32/><REACH who="1" step="1"/><E31/><REACH who="1" ten="230,213,298,249" step="2"/><V121/><F70/><W94/><G1/><T84/><D109/><U131/><E131/><V43/><F121/><W103/><G93/><T73/><D96/><U132/><E132/><V3/><F3/><W124/><G124/><T114/><D114/><U116/><E116/><V118/><F118/><W97/><G94/><T128/><D128/><U10/><E10/><V81/><F106/><W26/><G97/><T5/><D65/><U14/><E14/><V133/><F133/><W90/><G95/><T63/><D63/><U44/><E44/><V8/><F8/><W79/><G98/><T12/><D62/><U56/><E56/><V80/><F102/><W99/><G99/><T7/><D12/><U48/><E48/><V11/><F51/><W126/><G103/><T23/><N who="0" m="7793" /><T19/><DORA hai="83" /><D45/><U119/><E119/><V37/><F101/><W13/><G126/><RYUUKYOKU ba="0,1" sc="230,-10,213,30,298,-10,249,-10" hai1="9,15,32,33,35,46,47,50,55,57,108,110,111" /><INIT seed="4,1,1,2,1,86" ten="220,243,288,239" oya="0" hai0="85,95,30,28,91,12,96,108,10,4,31,76,121" hai1="36,84,97,63,17,118,2,117,29,46,16,60,54" hai2="34,113,21,112,127,57,69,27,61,15,49,90,19" hai3="93,62,6,23,116,109,98,55,115,132,114,48,35"/><T70/><D121/><U5/><E29/><V81/><F127/><W78/><G109/><T1/><D108/><U37/><E84/><N who="2" m="50447" /><F69/><W47/><G35/><T128/><D128/><U88/><E54/><N who="2" m="33975" /><F34/><W65/><G116/><T125/><D125/><U53/><E5/><V135/><F135/><W25/><G6/><T32/><D70/><U122/><E53/><V105/><F105/><W120/><G78/><T41/><D32/><U8/><E8/><V20/><F113/><W44/><G132/><T52/><D41/><U87/><E2/><V99/><F99/><W126/><G126/><T110/><D110/><U80/><E97/><V64/><F64/><W59/><G120/><T33/><D33/><U111/><E111/><V14/><F112/><W74/><G74/><T43/><D43/><N who="1" m="22887" /><E37/><V107/><F107/><W123/><G123/><T39/><D39/><U38/><E38/><V103/><F103/><W51/><G114/><T79/><D1/><U94/><E122/><V66/><F66/><W101/><G115/><T7/><D7/><U67/><E67/><V26/><F49/><N who="3" m="19019" /><G65/><T92/><REACH who="0" step="1"/><D52/><REACH who="0" ten="210,243,288,239" step="2"/><U72/><E118/><V40/><F40/><W131/><G131/><T13/><D13/><U58/><E117/><V3/><F3/><W104/><G104/><T56/><D56/><U42/><E42/><V75/><F14/><W24/><G24/><T102/><AGARI ba="1,2" hai="4,10,12,28,30,31,76,79,85,91,92,95,96,102" machi="102" ten="30,11700,0" yaku="1,1,0,1,8,1,52,1,53,0" doraHai="86" doraHaiUra="45" who="0" fromWho="0" sc="210,140,243,-40,288,-40,239,-40" owari="350,45.0,203,-20.0,248,5.0,199,-30.0" /></mjloggm>