<mjloggm ver="2.3"><GO type="169" lobby="0"/><UN n0="%69%6B%65%64%61%64%61" n1="%72%61%62%69%65%6C" n2="%E3%81%A1%E3%82%83%E3%81%BE" n3="%E3%81%88%E3%81%8C%E3%82%8F%E3%82%8A%E3%81%8A" dan="16,17,16,16" rate="2160.13,2241.98,2079.59,2111.95" sx="M,M,M,M"/><TAIKYOKU oya="0"/><INIT seed="0,0,0,3,4,68" ten="250,250,250,250" oya="0" hai0="88,34,0,35,63,10,119,90,71,93,28,117,72" hai1="80,22,41,89,46,45,107,58,95,49,48,4,50" hai2="31,70,13,87,43,135,8,102,100,47,18,53,123" hai3="40,92,67,64,52,121,51,128,15,62,122,103,111"/><T129/><D72/><U134/><E107/><V19/><F123/><W97/><G111/><T108/><D129/><U132/><E80/><V6/><F135/><N who="1" m="51753" /><E4/><V44/><F70/><W37/><G128/><T94/><D108/><U98/><E58/><V101/><F31/><W25/><G15/><T29/><D71/><U78/><E78/><V124/><F124/><W54/><G54/><T30/><D63/><U113/><E113/><V60/><F87/><W110/><G110/><T91/><D10/><U116/><E116/><N who="0" m="44617" /><D0/><U127/><E127/><V27/><F27/><W66/><G62/><T75/><D75/><U96/><E96/><V85/><F85/><W81/><G81/><T99/><D99/><U36/><E22/><V61/><F61/><W74/><G74/><T126/><D126/><U26/><E26/><V11/><F11/><W65/><N who="3" m="16384" /><DORA hai="33" /><W20/><G122/><T109/><D109/><U131/><E131/><V56/><REACH who="2" step="1"/><F47/><AGARI ba="0,0" hai="36,41,45,46,47,48,49,50,89,95,98" m="51753" machi="47" ten="30,2000,0" yaku="20,1,52,1" doraHai="68,33" who="1" fromWho="2" sc="250,0,250,20,250,-20,250,0" /><INIT seed="1,0,0,3,0,135" ten="250,270,230,250" oya="1" hai0="64,75,108,36,35,50,93,71,54,44,9,69,128" hai1="53,33,58,106,110,120,46,27,81,7,76,59,121" hai2="66,99,113,15,31,39,77,94,86,97,74,48,45" hai3="130,90,82,40,43,37,85,4,25,105,101,16,119"/><U92/><E106/><V14/><F113/><W18/><G130/><T131/><D35/><U96/><E110/><V3/><F3/><W29/><G119/><T103/><D75/><U23/><E33/><V41/><F74/><W107/><G4/><T1/><D93/><U57/><E7/><V100/><F31/><W2/><G2/><T63/><D103/><U12/><E12/><V109/><F109/><W118/><G118/><T78/><D78/><U22/><E121/><V49/><F66/><W52/><G105/><T98/><D98/><U116/><E120/><V70/><F70/><W0/><G0/><T10/><D108/><U132/><E132/><V65/><F65/><W20/><G101/><T123/><D123/><U111/><E111/><V89/><F39/><W125/><G107/><T72/><D72/><U55/><E46/><V133/><F133/><W129/><G129/><N who="0" m="49739" /><D1/><U87/><E116/><V102/><F48/><W79/><G79/><T127/><D36/><U95/><E95/><N who="2" m="58495" /><F77/><W13/><G37/><T17/><D71/><U62/><E62/><V91/><F102/><W28/><G28/><T6/><D6/><U126/><E22/><V30/><F30/><W19/><G13/><N who="0" m="7343" /><D10/><U124/><E23/><V84/><F97/><W8/><G8/><T24/><D24/><U73/><E73/><V56/><F86/><W112/><G112/><T68/><D68/><U47/><E27/><V67/><F91/><W38/><G38/><T134/><D134/><U32/><E32/><V88/><F89/><W26/><G26/><T60/><D60/><AGARI ba="0,0" hai="14,15,41,45,49,56,60,67,84,88,94" m="58495" machi="60" ten="30,2000,0" yaku="8,1,54,1" doraHai="135" who="2" fromWho="0" sc="250,-20,270,0,230,20,250,0" /><INIT seed="2,0,0,2,1,1" ten="230,270,250,250" oya="2" hai0="114,133,52,27,28,115,48,12,45,100,42,13,68" hai1="15,105,26,95,102,109,125,129,51,41,79,103,124" hai2="3,93,77,63,83,134,98,47,75,35,60,19,74" hai3="49,43,131,16,30,73,20,7,126,96,132,39,66"/><V117/><F117/><W44/><G126/><N who="1" m="48746" /><E109/><V57/><F134/><W5/><G132/><T56/><D68/><U108/><E108/><V6/><F35/><W130/><G73/><T72/><D72/><U81/><E105/><V64/><F19/><W127/><G127/><T111/><D111/><U23/><E15/><V85/><F47/><W38/><G30/><T11/><D100/><U21/><E21/><V58/><F3/><W123/><G123/><T91/><D91/><U99/><E51/><V76/><F76/><W24/><G66/><T94/><D94/><U25/><E25/><V65/><REACH who="2" step="1"/><F6/><REACH who="2" ten="230,270,240,250" step="2"/><W37/><REACH who="3" step="1"/><G96/><REACH who="3" ten="230,270,240,240" step="2"/><T87/><D133/><U119/><E119/><V55/><F55/><W70/><G70/><T71/><D71/><U107/><E99/><V67/><F67/><W18/><G18/><T69/><D69/><U36/><E41/><V54/><F54/><W88/><G88/><AGARI ba="0,2" hai="57,58,60,63,64,65,74,75,77,83,85,88,93,98" machi="88" ten="30,18000,2" yaku="1,1,7,1,9,1,54,1,53,2" doraHai="1" doraHaiUra="62" who="2" fromWho="3" sc="230,0,270,0,240,200,240,-180" /><INIT seed="2,1,0,5,4,79" ten="230,270,440,60" oya="2" hai0="126,84,92,135,17,59,39,46,103,54,44,49,41" hai1="31,112,20,12,34,64,27,9,74,18,89,55,120" hai2="87,115,133,118,97,111,107,104,23,78,56,71,127" hai3="38,45,98,99,123,93,100,40,65,10,67,57,11"/><V88/><F71/><W83/><G123/><T2/><D135/><U113/><E74/><V5/><F118/><W4/><G57/><T119/><D119/><U130/><E64/><V37/><F37/><W96/><G96/><T16/><D2/><U80/><E130/><V61/><F115/><W26/><G26/><T77/><D126/><U73/><E120/><V90/><F133/><W108/><G108/><T69/><D69/><U21/><E21/><V134/><F134/><W109/><G109/><T82/><D103/><U72/><E72/><V124/><F111/><W28/><G28/><T131/><D131/><U7/><E55/><V121/><F5/><W32/><G32/><T81/><D92/><U62/><E62/><V33/><F33/><W125/><G125/><N who="2" m="48201" /><F78/><W48/><G38/><T75/><D46/><U19/><E19/><V35/><F35/><W29/><G29/><T53/><D53/><U52/><E52/><N who="2" m="33927" /><F121/><W86/><G99/><T128/><D128/><U14/><E73/><V6/><F6/><W25/><G25/><T22/><D22/><U116/><E116/><V91/><F97/><W105/><G105/><N who="2" m="40521" /><F23/><W102/><G102/><T24/><D24/><U101/><E101/><V70/><F70/><W13/><REACH who="3" step="1"/><G10/><REACH who="3" ten="230,270,440,50" step="2"/><T42/><D39/><U68/><E68/><V95/><AGARI ba="1,1" hai="87,88,90,91,95" m="40521,33927,48201" machi="95" ten="30,6000,0" yaku="18,1,54,2" doraHai="79" who="2" fromWho="2" sc="230,-21,270,-21,440,73,50,-21" /><INIT seed="2,2,0,3,0,67" ten="209,249,513,29" oya="2" hai0="113,101,120,124,108,107,76,85,6,118,103,24,68" hai1="61,123,37,79,121,95,32,22,100,47,88,128,54" hai2="18,40,99,58,20,114,93,7,135,102,122,9,97" hai3="30,117,116,92,38,59,17,98,72,73,42,2,21"/><V10/><F114/><W15/><G2/><T66/><D6/><U41/><E32/><V64/><F122/><N who="1" m="46601" /><E79/><V49/><F135/><W126/><G126/><T119/><D120/><U133/><E128/><V27/><F40/><W129/><G129/><T48/><D24/><U4/><E4/><V109/><F109/><W78/><G30/><T29/><D29/><U69/><E100/><V83/><F83/><W112/><G112/><T77/><D113/><U56/><E22/><V31/><F7/><W53/><G42/><T74/><D48/><U115/><E115/><V23/><F97/><W63/><G38/><T104/><D85/><N who="1" m="52623" /><E133/><V80/><F80/><W44/><G44/><T5/><D5/><U19/><E19/><V90/><F90/><W110/><G110/><T50/><D50/><U51/><E51/><V43/><F43/><W16/><G17/><T84/><D84/><U86/><E86/><V134/><F134/><W28/><G28/><T87/><D87/><U12/><E12/><N who="2" m="9287" /><F49/><W1/><G1/><T94/><D103/><U96/><E96/><V65/><F65/><W46/><G46/><T71/><D66/><U33/><E33/><V52/><F52/><W55/><G53/><T14/><D101/><U62/><E62/><AGARI ba="2,0" hai="9,10,23,27,31,58,62,64,93,99,102" m="9287" machi="62" ten="30,2900,0" yaku="25,1,8,1" doraHai="67" who="2" fromWho="1" sc="209,0,249,-35,513,35,29,0" /><INIT seed="2,3,0,1,2,4" ten="209,214,548,29" oya="2" hai0="66,73,15,51,5,69,105,96,93,49,115,8,45" hai1="22,126,14,101,38,131,42,134,124,40,3,46,39" hai2="26,33,120,97,110,54,125,29,109,77,21,135,57" hai3="17,7,37,94,34,31,76,68,9,19,114,61,50"/><V106/><F120/><W67/><G37/><T81/><D115/><U65/><E3/><V63/><F125/><N who="1" m="48233" /><E101/><N who="2" m="62767" /><F77/><W111/><G114/><T107/><D51/><N who="1" m="27079" /><E14/><V119/><F119/><W44/><G111/><N who="2" m="42505" /><F135/><W64/><G64/><T108/><D108/><U100/><E22/><AGARI ba="3,0" hai="21,22,26,29,33,54,57,63" m="42505,62767" machi="22" ten="30,2900,0" yaku="14,1,10,1" doraHai="4" who="2" fromWho="1" sc="209,0,214,-38,548,38,29,0" /><INIT seed="2,4,0,2,5,2" ten="209,176,586,29" oya="2" hai0="31,103,91,75,110,29,3,56,67,42,60,128,107" hai1="133,132,8,105,12,81,69,41,7,115,36,112,4" hai2="86,37,129,71,101,9,63,74,22,11,124,96,99" hai3="44,87,114,27,93,98,108,104,17,25,0,58,34"/><V94/><F74/><W28/><G108/><T18/><D75/><U68/><E105/><V26/><F124/><W95/><G114/><N who="1" m="43562" /><E81/><V14/><F129/><W47/><G104/><T62/><D110/><U51/><E51/><V100/><F37/><W35/><G0/><T119/><D3/><U102/><E102/><V90/><F101/><W61/><G87/><T21/><D42/><U32/><E32/><V40/><F40/><W52/><G93/><T126/><D126/><U134/><E41/><V121/><F121/><W64/><G64/><T16/><D128/><U39/><E7/><V77/><F77/><W30/><REACH who="3" step="1"/><G17/><REACH who="3" ten="209,176,586,19" step="2"/><T85/><D18/><U50/><E50/><V57/><F99/><W55/><G55/><T48/><D107/><U23/><E39/><V59/><F96/><W116/><G116/><T6/><D16/><N who="1" m="10631" /><E36/><V92/><F92/><W109/><G109/><T54/><D119/><U65/><E65/><V88/><F94/><W123/><G123/><T15/><D67/><U20/><E133/><V125/><F125/><W46/><G46/><T45/><D85/><U53/><E53/><V97/><F97/><W43/><G43/><T118/><D45/><U80/><E134/><V131/><F131/><W78/><G78/><T5/><D118/><U70/><E132/><V130/><F130/><W49/><G49/><T33/><D48/><U76/><E76/><V120/><F120/><W73/><G73/><T113/><D113/><U122/><E122/><V117/><F86/><W106/><G106/><T135/><D135/><U89/><E89/><AGARI ba="4,1" hai="25,27,28,30,34,35,44,47,52,58,61,89,95,98" machi="89" ten="30,7700,0" yaku="1,1,7,1,9,1,54,1,53,0" doraHai="2" doraHaiUra="83" who="3" fromWho="1" sc="209,0,176,-89,586,0,19,99" /><INIT seed="3,0,0,5,3,45" ten="209,87,586,118" oya="3" hai0="93,91,87,124,9,28,66,2,14,112,114,8,132" hai1="118,6,130,89,68,36,90,99,20,37,64,134,72" hai2="25,79,129,58,47,31,100,46,135,84,12,123,44" hai3="133,117,5,103,128,80,27,120,73,105,125,48,54"/><W85/><G117/><T101/><D132/><U43/><E134/><V69/><F135/><W110/><G133/><T3/><D124/><U33/><E130/><V39/><F69/><W51/><G125/><T41/><D66/><U29/><E118/><V15/><F129/><W63/><G128/><T34/><D9/><U52/><E33/><V1/><F1/><W113/><G113/><N who="0" m="43627" /><D41/><U109/><E109/><V55/><F39/><W57/><G120/><T30/><D101/><U7/><E72/><V78/><F100/><W131/><G73/><T50/><D50/><U11/><E68/><V17/><F123/><W60/><G131/><T122/><D122/><U97/><E64/><V26/><F84/><W19/><G5/><N who="0" m="3343" /><D34/><U56/><E43/><V23/><F12/><W49/><G110/><T22/><D22/><U18/><E37/><V75/><F75/><W94/><G105/><T82/><D93/><U104/><E104/><V76/><REACH who="2" step="1"/><F31/><AGARI ba="0,0" hai="2,3,28,30,31,82,87,91" m="3343,43627" machi="31" ten="30,1000,0" yaku="11,1" doraHai="45" who="0" fromWho="2" sc="209,10,87,0,586,-10,118,0" /><INIT seed="4,0,0,3,4,111" ten="219,87,576,118" oya="0" hai0="114,30,81,104,63,10,105,36,92,96,14,56,112" hai1="55,23,133,44,82,128,15,99,49,40,37,79,74" hai2="120,57,131,16,62,27,101,78,102,103,106,47,84" hai3="22,135,90,70,94,69,48,33,125,61,98,117,93"/><T129/><D36/><U39/><E133/><V119/><F120/><W46/><G135/><T75/><D30/><U0/><E128/><V21/><F131/><W67/><G117/><T71/><D71/><U2/><E39/><V52/><F119/><W35/><G125/><T68/><D68/><U7/><E99/><V50/><F106/><W91/><G69/><T3/><D3/><U6/><E23/><V19/><F19/><W127/><G22/><T24/><D24/><U20/><E7/><V89/><F78/><W115/><G127/><T25/><D25/><U121/><E121/><V134/><F134/><W113/><G35/><T80/><D129/><U86/><E74/><V60/><F47/><W59/><G33/><T109/><D109/><U107/><E107/><V100/><F100/><W17/><G17/><N who="0" m="8407" /><D75/><U97/><E97/><V118/><F118/><W130/><G70/><T76/><D76/><U9/><REACH who="1" step="1"/><E20/><REACH who="1" ten="219,77,576,118" step="2"/><V41/><REACH who="2" step="1"/><F41/><REACH who="2" ten="219,77,566,118" step="2"/><W51/><G130/><T42/><D42/><U122/><E122/><V72/><F72/><W58/><G98/><T28/><D105/><U45/><AGARI ba="0,2" hai="0,2,6,9,15,37,40,44,45,49,55,79,82,86" machi="45" ten="20,2700,0" yaku="1,1,0,1,7,1,53,0" doraHai="111" doraHaiUra="108" who="1" fromWho="1" sc="219,-13,77,47,566,-7,118,-7" /><INIT seed="5,0,0,1,5,123" ten="206,124,559,111" oya="1" hai0="112,109,15,33,82,117,55,70,69,81,49,76,85" hai1="22,24,52,119,59,17,116,124,78,19,56,72,4" hai2="65,88,29,50,96,106,98,79,58,134,30,66,100" hai3="132,0,80,40,103,9,118,34,11,68,60,62,102"/><U20/><E124/><V105/><F134/><W41/><G132/><T95/><D33/><U135/><E135/><V37/><F37/><W115/><G34/><T5/><D117/><U3/><E3/><V93/><F79/><W104/><G118/><T51/><D51/><U6/><E78/><V48/><F106/><W84/><G104/><T16/><D5/><U23/><E23/><V126/><F126/><W31/><G31/><T99/><D82/><U74/><E24/><V120/><F120/><W8/><G0/><T61/><D61/><U125/><E125/><V47/><F48/><W111/><G115/><T127/><D112/><U54/><AGARI ba="0,0" hai="4,6,17,19,20,22,52,54,56,59,72,74,116,119" machi="54" ten="25,9600,0" yaku="0,1,22,2,54,1" doraHai="123" who="1" fromWho="1" sc="206,-32,124,96,559,-32,111,-32" /><INIT seed="5,1,0,3,4,2" ten="174,220,527,79" oya="1" hai0="108,4,57,105,129,90,60,80,39,72,132,99,125" hai1="88,27,41,42,100,37,93,36,73,82,68,62,98" hai2="6,97,43,131,29,124,76,122,16,25,46,81,78" hai3="28,22,33,130,66,9,87,84,21,13,106,96,48"/><U30/><E68/><V61/><F122/><W135/><G135/><T3/><D108/><U5/><E62/><V133/><F133/><W44/><G130/><T94/><D132/><U101/><E101/><V115/><F131/><W54/><G33/><T79/><D129/><U75/><E75/><V53/><F124/><W50/><G66/><T110/><D110/><U0/><E41/><V26/><F115/><W10/><G96/><T20/><D39/><U116/><E116/><V40/><F6/><W52/><G106/><T127/><D105/><U38/><E42/><V59/><F97/><W134/><G134/><T32/><D32/><U8/><E73/><V89/><F43/><W118/><G118/><T65/><D20/><U23/><E38/><V49/><F16/><W34/><G34/><T113/><D113/><U51/><REACH who="1" step="1"/><E51/><REACH who="1" ten="174,210,527,79" step="2"/><V11/><F49/><W64/><G64/><T45/><D72/><U24/><E24/><V107/><F25/><W70/><G70/><T71/><D71/><U114/><E114/><V18/><F26/><W67/><G67/><T109/><D65/><U17/><E17/><V95/><F18/><W56/><G28/><T111/><D111/><U19/><E19/><V47/><F29/><W86/><REACH who="3" step="1"/><G9/><REACH who="3" ten="174,210,527,69" step="2"/><N who="0" m="2207" /><D109/><U1/><E1/><V102/><F40/><W31/><G31/><T120/><D127/><U85/><AGARI ba="1,2" hai="0,5,8,23,27,30,36,37,82,85,88,93,98,100" machi="85" ten="30,11700,0" yaku="1,1,0,1,52,1,54,1,53,0" doraHai="2" doraHaiUra="126" who="1" fromWho="1" sc="174,-40,210,140,527,-40,69,-40" /><INIT seed="5,2,0,2,0,97" ten="134,350,487,29" oya="1" hai0="127,126,89,9,106,28,131,100,13,41,23,74,110" hai1="69,87,79,1,49,60,38,64,45,77,117,120,54" hai2="92,34,90,27,30,124,72,134,115,11,133,16,71" hai3="122,128,98,3,70,44,15,81,48,22,29,37,58"/><U14/><E117/><V119/><F119/><W42/><G122/><T113/><D110/><U10/><E120/><V46/><F124/><W62/><G128/><T53/><D74/><U0/><E77/><V108/><F108/><W82/><G3/><T118/><D118/><U104/><E104/><V19/><F72/><W101/><G70/><T57/><D41/><U68/><E68/><V7/><F71/><W4/><G37/><T107/><D89/><U47/><E79/><V96/><F46/><W8/><G22/><T85/><D85/><U84/><E84/><V40/><F40/><W33/><G29/><T83/><D83/><U12/><E12/><N who="2" m="5247" /><F115/><W91/><G91/><T94/><D131/><U102/><E87/><V63/><F63/><W75/><G33/><T112/><D23/><U125/><E125/><N who="0" m="47625" /><D28/><U109/><E109/><V67/><F67/><W130/><G130/><T88/><D107/><U129/><E129/><V36/><F36/><W61/><G75/><T56/><D56/><U26/><E38/><V24/><F27/><W103/><G61/><N who="0" m="36015" /><D106/><U55/><E26/><V80/><F80/><N who="3" m="30827" /><G98/><N who="0" m="57671" /><D113/><U123/><E123/><V66/><F66/><AGARI ba="2,0" hai="4,8,15,42,44,48,58,62,66,101,103" m="30827" machi="66" ten="30,3900,0" yaku="8,1,52,2" doraHai="97" who="3" fromWho="2" sc="134,0,350,0,487,-45,29,45" /><INIT seed="6,0,0,0,3,60" ten="134,350,442,74" oya="2" hai0="51,103,39,133,12,59,20,47,54,55,52,107,127" hai1="81,132,45,63,65,82,14,32,86,104,16,112,17" hai2="2,0,80,48,43,5,25,126,69,77,106,109,62" hai3="27,114,78,67,40,131,76,108,105,3,13,120,38"/><V130/><F109/><W58/><G108/><T30/><D133/><U56/><E104/><V124/><F106/><W110/><G110/><T91/><D127/><N who="2" m="48682" /><F5/><W93/><G120/><T19/><D39/><U72/><E132/><V37/><F37/><W87/><G3/><T64/><D30/><U123/><E112/><V90/><F90/><W111/><G111/><T125/><D125/><U46/><E32/><V135/><F130/><W1/><G1/><T18/><D103/><U75/><E75/><N who="2" m="43071" /><F135/><W116/><G105/><T6/><D6/><U83/><E72/><V89/><F89/><W24/><G131/><T4/><D4/><U66/><E123/><V119/><F119/><W22/><G116/><T100/><D91/><U8/><E17/><V35/><F62/><W68/><G38/><T122/><D122/><U31/><E86/><V134/><F69/><W7/><G68/><T53/><D19/><U41/><E31/><N who="2" m="19951" /><F134/><W101/><G87/><T88/><D88/><U97/><E97/><V34/><F34/><W26/><G7/><T118/><D118/><U11/><E63/><V36/><F36/><W10/><G78/><T33/><D33/><U74/><E74/><V95/><F95/><W50/><G76/><T9/><D107/><U79/><E79/><V99/><F99/><W29/><G93/><T70/><D70/><U44/><E41/><V49/><F43/><W15/><G101/><T128/><D100/><U23/><E56/><V84/><F84/><W121/><G40/><T96/><D128/><U71/><E71/><V42/><F42/><W113/><G113/><RYUUKYOKU ba="0,0" sc="134,-15,350,15,442,15,74,-15" hai1="8,11,14,16,23,44,45,46,65,66,81,82,83" hai2="0,2,48,49" /><INIT seed="6,1,0,3,0,117" ten="119,365,457,59" oya="2" hai0="9,116,15,87,39,88,55,65,114,127,68,132,14" hai1="131,73,35,3,101,105,109,10,135,50,71,47,42" hai2="107,21,6,75,64,83,40,25,85,59,53,78,2" hai3="30,49,96,34,66,124,5,19,57,20,36,102,54"/><V108/><F108/><W122/><G36/><T17/><D39/><U118/><RYUUKYOKU type="yao9" ba="1,0" sc="119,0,365,0,457,0,59,0" hai1="3,10,35,42,47,50,71,73,101,105,109,118,131,135" /><INIT seed="6,2,0,5,3,120" ten="119,365,457,59" oya="2" hai0="4,132,100,77,97,46,88,107,67,27,12,89,51" hai1="94,8,124,80,35,134,20,13,32,31,123,114,96" hai2="58,112,101,50,14,83,30,18,64,65,126,3,86" hai3="133,76,52,105,127,116,73,60,111,75,63,41,59"/><V78/><F3/><W19/><G116/><T57/><D132/><U90/><E123/><V9/><F112/><W122/><G122/><T22/><D77/><U98/><E114/><V55/><F126/><W10/><G127/><T25/><D25/><U113/><E113/><V108/><F108/><W48/><G133/><T24/><D24/><U53/><E124/><V72/><F30/><W15/><G105/><T117/><D117/><U66/><E66/><V84/><F72/><W54/><G41/><T79/><D79/><U34/><E80/><V109/><F109/><W115/><G115/><T129/><D129/><U71/><E71/><V1/><F1/><W42/><G42/><T92/><D107/><U44/><E20/><V26/><F26/><W6/><G111/><T102/><D102/><U5/><E98/><V39/><F39/><W85/><G73/><T130/><D130/><U82/><E82/><V40/><F40/><W110/><G110/><T128/><D128/><U69/><E69/><V91/><REACH who="2" step="1"/><F101/><REACH who="2" ten="119,365,447,59" step="2"/><W119/><G75/><T81/><D100/><U61/><E31/><V106/><F106/><W135/><G119/><T104/><D27/><U49/><E134/><V68/><F68/><W33/><G135/><T23/><D104/><U0/><E0/><V28/><F28/><W103/><G103/><T16/><D12/><U93/><E34/><V95/><AGARI ba="2,1" hai="9,14,18,50,55,58,64,65,78,83,84,86,91,95" machi="95" ten="20,12000,1" yaku="1,1,0,1,7,1,8,1,53,1" doraHai="120" doraHaiUra="45" who="2" fromWho="2" sc="119,-42,365,-42,447,136,59,-42" /><INIT seed="6,3,0,0,2,35" ten="77,323,583,17" oya="2" hai0="130,21,48,77,83,23,14,135,134,56,72,37,55" hai1="5,32,11,85,47,71,82,30,0,94,65,89,129" hai2="17,57,25,96,102,81,101,20,106,133,33,91,63" hai3="75,116,41,60,132,15,52,73,95,124,27,49,36"/><V44/><F133/><N who="0" m="50698" /><D37/><U66/><E129/><V8/><F33/><W123/><G123/><T70/><D70/><U29/><E32/><V10/><F102/><W9/><G132/><T76/><D130/><U84/><E71/><V68/><F68/><W97/><G116/><T128/><D128/><U18/><E18/><V108/><F108/><W22/><G124/><T62/><D77/><U119/><E119/><V111/><F111/><W28/><G60/><T64/><D14/><U115/><E115/><V88/><F44/><W16/><G36/><T19/><D19/><U120/><E120/><V50/><F50/><W45/><REACH who="3" step="1"/><G41/><REACH who="3" ten="77,323,583,7" step="2"/><T46/><AGARI ba="3,1" hai="21,23,46,48,55,56,62,64,72,76,83" m="50698" machi="46" ten="30,1100,0" yaku="20,1" doraHai="35" who="0" fromWho="0" sc="77,30,323,-6,583,-8,7,-6" /><INIT seed="7,0,0,4,2,111" ten="107,317,575,1" oya="3" hai0="45,105,71,17,56,15,65,22,103,54,10,21,43" hai1="78,68,64,92,27,123,4,28,129,79,63,98,53" hai2="38,108,72,127,77,57,130,59,44,126,73,30,55" hai3="97,83,40,128,102,131,1,106,39,100,34,32,81"/><W49/><G1/><T52/><D54/><U61/><E129/><N who="3" m="49738" /><G102/><T18/><D103/><U115/><E123/><V121/><F121/><W82/><G39/><T114/><D105/><U134/><E4/><V120/><F120/><W9/><G9/><T60/><D114/><U87/><E87/><V0/><F0/><W90/><G90/><T122/><D122/><U31/><E31/><V124/><F130/><W84/><G84/><T51/><D17/><U69/><E69/><V95/><F108/><W26/><G26/><T67/><D67/><U8/><E8/><V25/><F95/><W48/><G40/><T88/><D88/><U75/><E68/><V133/><F77/><W74/><G74/><T23/><D10/><U101/><E78/><V50/><F38/><AGARI ba="0,0" hai="15,18,21,22,23,38,43,45,51,52,56,60,65,71" machi="38" ten="30,7700,0" yaku="7,1,24,2,54,1" doraHai="111" who="0" fromWho="2" sc="107,77,317,0,575,-77,1,0" owari="184,-22.0,317,12.0,498,60.0,1,-50.0" /></mjloggm>