<mjloggm ver="2.3"><GO type="225" lobby="0"/><UN n0="%E3%83%81%E3%83%BC%E3%83%88%E3%82%A4%E7%9F%AD%E6%9C%9F%E5%A4%A7%E5%AD%A6" n1="%73%75%7A%75%6D%65%E3%81%AE%E6%B6%99" n2="%E3%81%8D%E3%82%82" n3="%E5%B1%B1%E8%B6%8A" dan="16,16,16,18" rate="2122.00,2043.66,2061.76,2225.94" sx="M,M,M,M"/><TAIKYOKU oya="0"/><INIT seed="0,0,0,0,2,0" ten="250,250,250,250" oya="0" hai0="69,63,109,84,91,135,34,56,133,22,3,17,95" hai1="42,51,48,13,118,38,23,9,131,46,93,102,78" hai2="5,97,25,103,88,96,67,50,24,52,75,53,124" hai3="104,59,44,114,110,121,79,98,99,90,28,36,125"/><T71/><D34/><U100/><E118/><V12/><F75/><W54/><G110/><T83/><D3/><U132/><E132/><N who="0" m="50761" /><D83/><U92/><E131/><V87/><F67/><W58/><G125/><T113/><D113/><U61/><E23/><V105/><F124/><W112/><G121/><T134/><N who="0" m="50769" /><T111/><DORA hai="130" /><D56/><U32/><E32/><V43/><F43/><W80/><G58/><T123/><D123/><U117/><E61/><V35/><F97/><W68/><G80/><T41/><D41/><U19/><E117/><V72/><F72/><W39/><G59/><T86/><D86/><U6/><E19/><V55/><F35/><W107/><G28/><T128/><D128/><U101/><E78/><V45/><F12/><W129/><G79/><T74/><D74/><U7/><E38/><V4/><F25/><W66/><G36/><T115/><D115/><U18/><E51/><V30/><F30/><W77/><G77/><T20/><D20/><U2/><E2/><V10/><F24/><W73/><G39/><T21/><D21/><U11/><E11/><V76/><F76/><W106/><G73/><T122/><D122/><U119/><E119/><V127/><F127/><W64/><G129/><T27/><D63/><U49/><E48/><V26/><F26/><W94/><G114/><T65/><D65/><U15/><E15/><V126/><F126/><W62/><G64/><T14/><D27/><U47/><E47/><V108/><F108/><AGARI ba="0,0" hai="14,17,22,69,71,84,91,95,108,109,111" m="50769" machi="108" ten="40,18000,2" yaku="14,1,10,1,20,1,52,4" doraHai="0,130" who="0" fromWho="2" sc="250,180,250,0,250,-180,250,0" /><INIT seed="0,1,0,5,2,107" ten="430,250,70,250" oya="0" hai0="95,51,129,33,61,115,62,84,110,66,65,124,19" hai1="83,56,94,82,35,55,10,96,132,17,127,23,102" hai2="59,104,77,41,87,60,20,88,105,38,90,32,92" hai3="113,116,53,25,93,85,128,134,122,118,71,75,58"/><T89/><D115/><U45/><E132/><V121/><F121/><W97/><G113/><T57/><D33/><U72/><E127/><V49/><F32/><W47/><G71/><T131/><D124/><U42/><E35/><V99/><F99/><W11/><G75/><T76/><D110/><U31/><E10/><V34/><F34/><W119/><G128/><T126/><D126/><U67/><E67/><V52/><F52/><W36/><G134/><T30/><D30/><U29/><E45/><V73/><F73/><W135/><G122/><T14/><D76/><U8/><E8/><V0/><F0/><W64/><G135/><T103/><D103/><U98/><E98/><V100/><F38/><W2/><G36/><T69/><REACH who="0" step="1"/><D51/><REACH who="0" ten="420,250,70,250" step="2"/><U106/><E31/><V13/><F100/><W18/><G119/><T4/><D4/><U108/><E29/><V3/><F77/><W111/><G111/><T91/><D91/><U5/><E5/><V109/><F109/><W79/><G118/><T24/><D24/><U27/><E108/><V125/><F125/><W26/><G116/><T39/><D39/><U21/><E27/><V133/><F133/><W86/><G26/><T123/><D123/><U101/><E101/><V63/><F90/><W12/><G25/><T81/><D81/><U68/><E83/><V44/><F49/><N who="3" m="28863" /><G79/><T1/><D1/><U117/><E117/><V120/><F3/><W48/><G2/><T28/><D28/><U16/><E82/><V15/><F120/><W46/><G48/><T9/><AGARI ba="1,1" hai="9,14,19,57,61,62,65,66,69,84,89,95,129,131" machi="9" ten="30,3000,0" yaku="1,1,0,1,53,0" doraHai="107" doraHaiUra="22" who="0" fromWho="0" sc="420,43,250,-11,70,-11,250,-11" /><INIT seed="0,2,0,3,2,76" ten="463,239,59,239" oya="0" hai0="99,47,16,43,65,38,83,118,119,3,57,48,41" hai1="113,116,29,55,50,78,129,0,89,124,101,7,6" hai2="24,134,92,108,59,74,10,21,105,5,85,93,72" hai3="60,135,14,130,56,121,128,23,45,79,46,11,132"/><T30/><D3/><U117/><E124/><V40/><F108/><W4/><G23/><T110/><D110/><U90/><E129/><N who="3" m="49770" /><G79/><T28/><D99/><U32/><E101/><V53/><F134/><N who="3" m="51243" /><G121/><T81/><D38/><U31/><E113/><V2/><F40/><W52/><AGARI ba="2,0" hai="4,11,14,45,46,52,56,60" m="51243,49770" machi="52" ten="30,4000,0" yaku="19,1,20,1,54,1" doraHai="76" who="3" fromWho="3" sc="463,-22,239,-12,59,-12,239,46" /><INIT seed="1,0,0,4,0,27" ten="441,227,47,285" oya="1" hai0="105,95,85,106,80,16,67,111,99,127,70,119,45" hai1="23,134,42,79,104,33,22,74,32,130,77,62,65" hai2="58,103,96,110,24,56,11,28,117,35,120,102,47" hai3="61,34,54,50,122,101,107,15,4,109,26,8,2"/><U91/><E130/><V46/><F110/><W114/><G109/><T69/><D111/><U98/><E134/><V21/><F120/><W66/><G114/><T125/><D119/><U88/><E42/><V6/><F117/><W40/><G122/><T14/><D45/><U90/><E104/><N who="0" m="40041" /><D67/><U86/><E98/><V128/><F128/><W5/><G40/><T64/><D64/><U87/><E62/><V63/><F35/><N who="1" m="13385" /><E65/><V126/><F126/><N who="0" m="48138" /><D95/><U116/><E74/><V0/><F102/><W37/><G37/><T19/><D99/><U53/><E53/><V44/><REACH who="2" step="1"/><F63/><REACH who="2" ten="441,227,37,285" step="2"/><W123/><G123/><T38/><D38/><U118/><E118/><V36/><F36/><W71/><G61/><T68/><D14/><U31/><E116/><V100/><F100/><W25/><G15/><T57/><D57/><U132/><E132/><V97/><F97/><W133/><G101/><T83/><D69/><U121/><E121/><V10/><F10/><W43/><G8/><T124/><D124/><U17/><E22/><V129/><F129/><W49/><G71/><T108/><D108/><U29/><E23/><V135/><F135/><W89/><G133/><T94/><D70/><U41/><E87/><V55/><F55/><W39/><G54/><T84/><D68/><U93/><E86/><N who="0" m="33385" /><D94/><AGARI ba="0,1" hai="0,6,11,21,24,28,44,46,47,56,58,94,96,103" machi="94" ten="40,2600,0" yaku="1,1,52,1,53,0" doraHai="27" doraHaiUra="59" who="2" fromWho="0" sc="441,-26,227,0,37,36,285,0" /><INIT seed="2,0,0,5,3,27" ten="415,227,73,285" oya="2" hai0="51,85,35,48,124,98,102,20,87,9,86,106,66" hai1="28,59,80,122,126,88,67,103,99,104,128,49,100" hai2="12,10,72,95,111,73,33,96,30,65,61,91,24" hai3="31,69,94,82,43,38,15,34,6,75,14,57,5"/><V47/><F47/><W92/><G69/><T117/><D35/><U18/><E128/><V17/><REACH who="2" step="1"/><F111/><REACH who="2" ten="415,227,63,285" step="2"/><W134/><G38/><T32/><D117/><U90/><E122/><V114/><F114/><W84/><G43/><T113/><D113/><U81/><E126/><V50/><F50/><W54/><G134/><T112/><D48/><U120/><E120/><V45/><F45/><W8/><G57/><AGARI ba="0,1" hai="10,12,17,24,30,33,57,61,65,72,73,91,95,96" machi="57" ten="30,5800,0" yaku="1,1,7,1,52,1,53,0" doraHai="27" doraHaiUra="127" who="2" fromWho="3" sc="415,0,227,0,63,68,285,-58" /><INIT seed="2,1,0,4,4,91" ten="415,227,131,227" oya="2" hai0="39,81,24,112,7,48,66,52,128,59,102,124,47" hai1="5,17,51,92,10,133,30,56,22,12,96,33,113" hai2="37,84,131,61,57,76,68,23,0,1,73,50,55" hai3="135,101,94,70,35,38,120,80,118,122,115,88,32"/><V53/><F131/><W105/><G118/><T65/><D112/><U98/><E133/><V75/><F37/><W126/><G135/><T125/><D39/><U78/><E78/><V114/><F114/><W21/><G115/><T13/><D102/><U60/><E98/><V26/><F84/><W69/><G38/><T27/><D81/><U95/><E51/><V82/><F75/><W36/><G105/><T29/><D128/><U43/><E43/><V9/><F9/><W77/><G126/><N who="0" m="48747" /><D13/><U31/><E96/><V8/><F8/><W46/><G21/><N who="0" m="15503" /><D27/><U89/><E89/><V100/><F100/><W86/><G101/><T49/><D7/><U19/><E113/><V134/><F134/><W74/><G32/><T25/><D25/><N who="1" m="14543" /><E5/><V58/><REACH who="2" step="1"/><F68/><REACH who="2" ten="415,227,121,227" step="2"/><W99/><G86/><T127/><D127/><U109/><E10/><V3/><F3/><W54/><G36/><T117/><D117/><U18/><E33/><V79/><F79/><W90/><G35/><T85/><D85/><U44/><E31/><AGARI ba="1,1" hai="0,1,23,26,31,50,53,55,57,58,61,73,76,82" machi="31" ten="30,11600,0" yaku="1,1,7,1,53,2" doraHai="91" doraHaiUra="34" who="2" fromWho="1" sc="415,0,227,-119,121,129,227,0" /><INIT seed="2,2,0,4,1,97" ten="415,108,250,227" oya="2" hai0="61,32,16,115,102,77,73,122,14,116,85,83,93" hai1="39,134,101,87,40,133,132,17,72,50,42,78,56" hai2="106,64,6,1,84,15,65,43,37,110,126,76,135" hai3="31,88,74,54,44,99,79,30,71,69,51,98,11"/><V23/><F126/><W117/><G117/><T103/><D115/><U35/><E72/><V80/><F135/><W36/><G36/><T49/><D122/><U86/><E35/><V89/><F110/><W67/><G11/><T90/><D32/><U7/><E39/><V91/><F106/><W123/><G123/><T120/><D120/><U22/><E7/><V66/><F1/><W9/><G9/><T118/><D61/><U55/><E87/><V107/><F107/><W129/><G129/><T10/><D49/><U111/><E111/><V33/><F33/><W21/><G79/><T131/><D131/><U25/><E78/><V113/><F113/><W96/><G74/><T58/><D58/><U4/><E4/><V19/><REACH who="2" step="1"/><F6/><REACH who="2" ten="415,108,240,227" step="2"/><W60/><G71/><T100/><AGARI ba="2,1" hai="10,14,16,73,77,83,85,90,93,100,102,103,116,118" machi="100" ten="30,8000,1" yaku="0,1,52,3,54,1" doraHai="97" who="0" fromWho="0" sc="415,96,108,-22,240,-42,227,-22" /><INIT seed="3,0,0,4,1,66" ten="511,86,198,205" oya="3" hai0="73,135,56,21,50,110,60,25,90,107,7,81,87" hai1="42,2,5,88,53,115,61,113,124,112,89,68,74" hai2="85,27,104,28,6,109,67,23,96,38,99,123,18" hai3="17,48,70,43,128,78,34,49,93,125,122,119,64"/><W22/><G119/><T118/><D118/><U8/><E124/><V47/><F109/><W13/><G122/><T72/><D107/><U45/><E74/><V108/><F108/><W82/><G125/><T100/><D110/><U106/><E106/><V41/><F123/><W16/><G128/><T98/><D7/><U40/><E40/><V24/><F6/><W20/><G34/><T102/><D50/><U134/><E134/><V105/><F67/><W10/><G93/><N who="0" m="56631" /><D72/><U77/><E77/><V58/><F58/><W31/><G31/><N who="0" m="17839" /><D73/><U101/><E101/><V44/><F44/><W86/><G43/><T91/><D135/><U94/><E53/><AGARI ba="0,0" hai="53,56,60,81,87,91,100,102" m="17839,56631" machi="53" ten="30,1000,0" yaku="8,1" doraHai="66" who="0" fromWho="1" sc="511,10,86,-10,198,0,205,0" owari="521,61.0,76,-42.0,198,-20.0,205,1.0" /></mjloggm>