<mjloggm ver="2.3"><GO type="169" lobby="0"/><UN n0="%E5%A4%A7%E5%92%8C%E7%94%B0%E9%A0%AD%E5%8F%96" n1="%64%75%72%72%72%72%72" n2="%E7%89%8C%E5%BB%83%E4%BA%BA" n3="%E5%BE%B3%E4%B9%83%E7%A5%9E" dan="18,18,17,16" rate="2224.80,2254.32,2163.98,2038.75" sx="M,M,M,M"/><TAIKYOKU oya="0"/><INIT seed="0,0,0,0,5,97" ten="250,250,250,250" oya="0" hai0="21,70,88,42,108,12,34,128,6,109,51,104,60" hai1="23,126,18,33,73,133,66,63,61,124,39,58,28" hai2="96,125,72,77,11,52,3,89,65,56,112,26,45" hai3="2,94,68,19,90,15,93,123,102,83,17,44,1"/><T29/><D104/><U105/><E73/><V130/><F112/><W80/><G68/><T50/><D128/><U40/><E33/><V0/><F130/><W87/><G123/><T81/><D34/><U84/><E28/><V69/><F125/><W36/><G36/><T54/><D42/><U119/><E119/><V38/><F11/><W116/><G116/><T57/><D6/><U55/><E105/><V114/><F114/><W10/><G2/><T117/><D117/><U95/><E133/><V82/><F69/><W85/><G1/><T115/><D115/><U134/><E134/><V103/><F89/><W4/><G44/><T43/><D43/><U110/><E110/><N who="0" m="42601" /><D70/><U41/><E39/><V30/><F65/><W37/><G37/><T107/><D107/><U22/><E41/><V121/><F45/><W67/><G67/><T20/><D12/><U99/><E40/><V75/><F75/><W113/><G113/><T13/><D13/><U48/><E124/><V47/><F47/><W135/><G135/><T46/><D29/><U100/><E126/><V49/><F121/><W111/><G111/><T53/><D51/><U25/><E66/><V120/><F120/><W9/><G17/><T74/><D74/><U31/><REACH who="1" step="1"/><E84/><AGARI ba="0,0" hai="20,21,46,50,53,54,57,60,81,84,88" m="42601" machi="84" ten="30,5800,0" yaku="14,1,10,1,54,1" doraHai="97" who="0" fromWho="1" sc="250,58,250,-58,250,0,250,0" /><INIT seed="0,1,0,5,2,26" ten="308,192,250,250" oya="0" hai0="102,71,37,96,9,85,72,120,127,108,126,135,31" hai1="43,83,40,64,65,4,67,10,49,132,50,79,39" hai2="117,114,87,25,95,129,82,88,15,60,48,123,24" hai3="78,27,12,63,110,77,74,106,20,130,33,84,70"/><T17/><D120/><U19/><E19/><V28/><F123/><W21/><G106/><T41/><D72/><U76/><E132/><V81/><F114/><W11/><G74/><T86/><D71/><U23/><E23/><V0/><F0/><W92/><G110/><T51/><D37/><U45/><E43/><V91/><F129/><W116/><G116/><T57/><D135/><U68/><E68/><V90/><F117/><W38/><G38/><T98/><D108/><U73/><REACH who="1" step="1"/><E79/><REACH who="1" ten="308,182,250,250" step="2"/><V111/><F111/><W100/><G21/><T52/><D41/><U5/><E5/><V36/><F36/><W94/><G77/><T133/><D133/><U66/><N who="1" m="16384" /><DORA hai="80" /><U105/><E105/><V113/><F113/><W13/><G20/><T121/><D121/><U62/><E62/><V93/><F60/><W131/><G63/><T8/><D17/><U35/><E35/><V32/><F48/><W42/><G42/><T3/><D51/><U109/><E109/><V124/><F32/><W107/><G107/><T18/><D18/><U115/><E115/><V103/><F25/><W112/><G112/><T61/><D61/><U69/><E69/><V122/><F24/><W47/><G70/><T34/><D34/><U53/><E53/><V14/><F122/><W16/><G33/><T55/><D52/><U99/><E99/><V134/><F134/><W128/><G27/><T58/><D55/><U1/><AGARI ba="1,1" hai="1,4,10,39,40,45,49,50,73,76,83" m="16384" machi="1" ten="40,12000,2" yaku="1,1,0,1,25,2,53,2" doraHai="26,80" doraHaiUra="7,2" who="1" fromWho="1" sc="308,-61,182,133,250,-31,250,-31" /><INIT seed="1,0,0,5,5,103" ten="247,315,219,219" oya="1" hai0="37,97,102,63,39,55,113,107,115,7,14,86,100" hai1="76,71,48,105,35,60,59,66,69,52,118,21,47" hai2="80,15,133,43,5,88,128,98,51,24,131,89,0" hai3="40,85,65,82,16,50,132,129,121,41,42,93,124"/><U34/><E118/><V26/><F0/><W135/><G121/><T104/><D86/><U64/><E76/><V13/><F133/><N who="3" m="51275" /><G129/><N who="2" m="49737" /><F80/><W19/><G124/><T108/><D108/><U27/><E105/><V122/><F122/><W54/><G65/><T73/><D73/><U8/><E8/><N who="2" m="4239" /><F15/><W117/><G93/><T23/><D113/><U84/><E84/><V11/><F11/><W111/><G111/><T75/><D75/><U3/><E3/><V33/><F33/><W78/><G117/><T6/><D115/><U22/><E22/><V44/><F89/><W112/><G112/><T125/><D125/><U101/><E101/><V67/><F67/><W56/><AGARI ba="0,0" hai="16,19,40,41,42,50,54,56,78,82,85" m="51275" machi="56" ten="30,2000,0" yaku="20,1,54,1" doraHai="103" who="3" fromWho="3" sc="247,-5,315,-10,219,-5,219,20" /><INIT seed="2,0,0,5,1,9" ten="242,305,214,239" oya="2" hai0="28,23,110,85,22,13,44,102,101,97,103,116,64" hai1="37,80,8,14,11,51,69,89,88,42,66,108,90" hai2="16,24,12,78,99,84,135,55,43,122,105,107,73" hai3="57,65,3,34,76,130,131,77,5,2,25,121,39"/><V91/><F122/><W48/><G39/><T54/><D110/><U7/><E37/><V38/><F135/><W49/><G5/><T40/><D116/><U98/><E108/><V52/><F73/><W94/><G34/><T82/><D64/><U1/><E69/><V68/><F68/><W18/><G121/><T32/><D54/><U115/><E66/><V124/><F78/><W4/><G4/><T36/><D97/><U71/><E71/><V6/><F107/><W120/><G120/><T67/><D67/><U56/><E115/><V111/><F111/><W125/><G94/><T126/><D126/><U62/><E62/><V35/><F35/><W30/><G30/><T17/><D32/><U19/><E56/><V119/><F119/><W31/><G31/><T134/><D134/><U21/><E11/><N who="2" m="4215" /><F105/><W127/><G25/><T86/><REACH who="0" step="1"/><D82/><REACH who="0" ten="232,305,214,239" step="2"/><U93/><REACH who="1" step="1"/><E80/><REACH who="1" ten="232,295,214,239" step="2"/><N who="2" m="49543" /><F124/><W128/><G125/><T26/><AGARI ba="0,2" hai="13,17,22,23,26,28,36,40,44,85,86,101,102,103" machi="26" ten="30,4000,0" yaku="1,1,0,1,52,1,53,0" doraHai="9" doraHaiUra="129" who="0" fromWho="0" sc="232,60,295,-10,214,-20,239,-10" /><INIT seed="3,0,0,2,5,22" ten="292,285,194,229" oya="3" hai0="92,30,33,126,54,8,50,65,2,6,14,120,93" hai1="7,104,49,4,62,61,70,35,57,37,25,111,15" hai2="1,94,106,34,124,67,23,44,107,45,103,81,53" hai3="43,95,80,58,119,75,55,73,60,116,69,105,36"/><W72/><G105/><T108/><D120/><U64/><E37/><V76/><F34/><W42/><G80/><T99/><D108/><U71/><E111/><V47/><F1/><W40/><G36/><T3/><D126/><U19/><E104/><V13/><F124/><W83/><G69/><T109/><D65/><U32/><E49/><V130/><F130/><W85/><REACH who="3" step="1"/><G95/><REACH who="3" ten="292,285,194,219" step="2"/><T79/><D92/><U127/><E71/><V131/><F106/><W21/><G21/><T114/><D93/><U51/><E127/><V11/><F107/><W16/><G16/><T125/><D125/><U56/><E70/><V97/><F131/><W121/><G121/><T91/><D109/><U134/><E35/><V52/><F23/><W129/><G129/><T26/><D33/><U31/><E134/><V118/><F118/><W78/><AGARI ba="0,1" hai="40,42,43,55,58,60,72,73,75,78,83,85,116,119" machi="78" ten="40,7800,0" yaku="1,1,0,1,53,1" doraHai="22" doraHaiUra="59" who="3" fromWho="3" sc="292,-26,285,-26,194,-26,219,88" /><INIT seed="3,1,0,1,0,75" ten="266,259,168,307" oya="3" hai0="8,100,61,86,80,108,113,2,105,5,81,117,95" hai1="36,65,0,46,56,104,17,119,112,14,10,126,129" hai2="115,106,103,85,123,29,88,71,120,51,102,79,38" hai3="128,118,41,131,32,92,26,21,33,34,122,3,18"/><W63/><G41/><T25/><D117/><U70/><E112/><V58/><F71/><W24/><G63/><T83/><D108/><U43/><E119/><V59/><F38/><W50/><G118/><T53/><D113/><U94/><E104/><V78/><F115/><W69/><G69/><T87/><D105/><U82/><E126/><V124/><F29/><W62/><G62/><T99/><REACH who="0" step="1"/><D25/><REACH who="0" ten="256,259,168,307" step="2"/><U133/><E133/><V84/><F106/><W44/><G24/><T114/><D114/><U134/><E134/><V30/><F124/><W54/><G122/><T76/><D76/><N who="2" m="29226" /><F123/><W93/><REACH who="3" step="1"/><G3/><REACH who="3" ten="256,259,168,297" step="2"/><T12/><D12/><U89/><E0/><V11/><F120/><W19/><G19/><T64/><D64/><U28/><E65/><V23/><F30/><W1/><G1/><T110/><D110/><U101/><E28/><V22/><F51/><W42/><G42/><T116/><D116/><U48/><E48/><V109/><F109/><W125/><G125/><T27/><D27/><U130/><E43/><V107/><F107/><W4/><G4/><T121/><D121/><U91/><E17/><V67/><F67/><W98/><G98/><T35/><D35/><U111/><E111/><V135/><F135/><W37/><G37/><T97/><D97/><U15/><E36/><V7/><F7/><W72/><G72/><T55/><D55/><U77/><E15/><V60/><F60/><W57/><G57/><AGARI ba="1,2" hai="2,5,8,53,57,61,80,81,83,86,87,95,99,100" machi="57" ten="40,1300,0" yaku="1,1,53,0" doraHai="75" doraHaiUra="73" who="0" fromWho="3" sc="256,36,259,0,168,0,297,-16" /><INIT seed="4,0,0,3,3,46" ten="292,259,168,281" oya="0" hai0="45,124,107,49,7,44,24,8,104,80,32,78,60" hai1="5,83,42,38,15,54,131,98,4,10,126,22,102" hai2="55,14,106,71,132,113,95,79,56,62,3,20,11" hai3="19,52,76,97,28,85,59,127,43,99,51,120,133"/><T17/><D124/><U65/><E126/><V66/><F106/><W100/><G127/><T13/><D44/><U88/><E42/><V116/><F113/><W123/><G133/><T128/><D128/><U129/><E38/><V1/><F132/><W134/><G134/><T50/><D60/><U26/><E65/><V89/><F79/><W30/><G19/><T84/><D50/><U69/><E69/><V125/><F116/><W91/><G76/><T0/><D32/><U117/><E117/><V41/><F41/><W33/><G43/><T81/><D81/><U130/><E4/><V121/><F121/><N who="3" m="46667" /><G33/><T82/><D82/><U92/><E54/><V93/><F20/><W72/><G72/><T57/><D57/><U39/><E39/><V87/><F95/><N who="3" m="56575" /><G85/><T16/><D24/><U36/><E36/><V90/><F125/><W53/><G53/><T6/><D6/><U67/><E67/><V108/><F108/><W111/><G111/><T27/><D27/><U58/><E83/><V2/><F66/><W73/><G73/><T18/><REACH who="0" step="1"/><D0/><REACH who="0" ten="282,259,168,281" step="2"/><U48/><E130/><V47/><F1/><W103/><G51/><T86/><D86/><N who="1" m="52247" /><E48/><V23/><F2/><W109/><G109/><T68/><D68/><U101/><E58/><V9/><F3/><W40/><G59/><T29/><D29/><N who="1" m="17623" /><E131/><V135/><F135/><W34/><G30/><T35/><D35/><U21/><E129/><V12/><F71/><W112/><G28/><T110/><D110/><U74/><E5/><N who="2" m="3119" /><F47/><W119/><G34/><T64/><D64/><U63/><E74/><V61/><F56/><RYUUKYOKU ba="0,1" sc="282,30,259,-10,168,-10,281,-10" hai0="7,8,13,16,17,18,45,49,78,80,84,104,107" /><INIT seed="4,1,1,0,3,91" ten="312,249,158,271" oya="0" hai0="9,72,114,28,59,103,128,108,75,44,105,125,56" hai1="63,74,131,3,15,129,79,61,12,57,20,39,98" hai2="54,73,22,88,77,81,5,122,65,19,83,124,109" hai3="110,70,119,113,118,31,37,84,89,135,30,0,126"/><T116/><D116/><U13/><E3/><V76/><F109/><W101/><G101/><T6/><D114/><U87/><E39/><V121/><F124/><W78/><G78/><T23/><D125/><U47/><E74/><V96/><F65/><W93/><G0/><T134/><D134/><U99/><E47/><V52/><F5/><W115/><G37/><T86/><D128/><N who="1" m="49227" /><E20/><V55/><F96/><N who="1" m="36905" /><E57/><V26/><REACH who="2" step="1"/><F88/><REACH who="2" ten="312,249,148,271" step="2"/><N who="3" m="53383" /><G126/><T7/><D7/><U68/><E68/><V95/><F95/><W2/><G70/><T11/><D6/><U21/><E21/><V120/><F120/><W50/><G89/><T117/><D23/><U17/><E17/><V60/><F60/><W24/><G119/><T14/><D117/><U71/><E71/><V40/><F40/><W97/><G118/><T130/><D130/><U33/><E33/><V10/><F10/><W69/><G69/><T18/><D9/><U80/><AGARI ba="1,2" hai="12,13,15,61,63,79,80,87" m="36905,49227" machi="80" ten="40,1500,0" yaku="19,1" doraHai="91" who="1" fromWho="1" sc="312,-8,249,38,148,-5,271,-5" /><INIT seed="5,0,0,3,0,7" ten="304,287,143,266" oya="1" hai0="76,81,78,47,98,116,23,96,74,56,25,9,121" hai1="61,11,60,118,5,58,102,53,30,95,89,75,26" hai2="20,28,72,69,27,40,18,112,99,85,59,41,123" hai3="51,4,91,67,104,36,117,34,79,110,127,44,82"/><U135/><E118/><V124/><F123/><W14/><G104/><T24/><D116/><U38/><E38/><V109/><F109/><W106/><G106/><T77/><D121/><U120/><E120/><V65/><F72/><W129/><G110/><T131/><D131/><U125/><E75/><V90/><F69/><W29/><G117/><T49/><D56/><U115/><E115/><V128/><F128/><W12/><G36/><T48/><D48/><U107/><E135/><V46/><F124/><W42/><G127/><T126/><D126/><U132/><E125/><V33/><F112/><W37/><G91/><T39/><D39/><U3/><E132/><V103/><F46/><W57/><G4/><T15/><D81/><U68/><E107/><V52/><F65/><W66/><G29/><N who="0" m="17567" /><D25/><U63/><E102/><V55/><F103/><W64/><G34/><T130/><D74/><U88/><E89/><V108/><F99/><W21/><G21/><T2/><D2/><U80/><E80/><V94/><F55/><W84/><G129/><T70/><D70/><U83/><E83/><V19/><F108/><W101/><G101/><T10/><D130/><U100/><E68/><V73/><F73/><W113/><G113/><T92/><D92/><U16/><E16/><N who="2" m="6187" /><F33/><W45/><REACH who="3" step="1"/><G57/><REACH who="3" ten="304,287,143,256" step="2"/><T97/><D15/><U43/><E100/><V54/><F54/><AGARI ba="0,1" hai="12,14,37,42,44,45,51,54,64,66,67,79,82,84" machi="54" ten="40,2600,0" yaku="1,1,2,1,53,0" doraHai="7" doraHaiUra="114" who="3" fromWho="2" sc="304,0,287,0,143,-26,256,36" /><AGARI ba="0,0" hai="9,10,47,49,54,76,77,78,96,97,98" m="17567" machi="54" ten="30,3900,0" yaku="8,1,52,2" doraHai="7" who="0" fromWho="2" sc="304,39,287,0,117,-39,292,0" /><INIT seed="6,0,0,1,0,95" ten="343,287,78,292" oya="2" hai0="25,119,115,31,122,37,64,99,98,41,131,73,87" hai1="2,35,5,93,114,79,133,101,127,40,29,19,129" hai2="132,14,110,38,0,113,8,128,34,91,67,47,86" hai3="90,30,120,7,13,111,45,75,71,60,43,68,57"/><V130/><F34/><W16/><G111/><T89/><D73/><U62/><E114/><V103/><F113/><W108/><G75/><T63/><D122/><U44/><E133/><V100/><F0/><W3/><G108/><T23/><D115/><U53/><E129/><N who="2" m="49771" /><F110/><W123/><G30/><T18/><D131/><U36/><E127/><V39/><F67/><W1/><G90/><T56/><D119/><U74/><E19/><N who="2" m="8647" /><F132/><W61/><G7/><T78/><D78/><U77/><E77/><V28/><F28/><W6/><G6/><T70/><D70/><U135/><E29/><V27/><F27/><W105/><G3/><T66/><D66/><U92/><E101/><N who="2" m="38987" /><F47/><W12/><G1/><T58/><D58/><N who="1" m="35151" /><E35/><V104/><F104/><W72/><G13/><T82/><REACH who="0" step="1"/><D31/><REACH who="0" ten="333,287,78,292" step="2"/><U9/><E135/><V21/><F21/><W126/><G120/><T46/><AGARI ba="0,1" hai="18,23,25,37,41,46,56,63,64,82,87,89,98,99" machi="46" ten="30,12000,2" yaku="1,1,2,1,0,1,52,2,53,2" doraHai="95" doraHaiUra="94" who="0" fromWho="0" sc="333,130,287,-30,78,-60,292,-30" /><INIT seed="7,0,0,3,2,6" ten="463,257,18,262" oya="3" hai0="89,35,101,22,13,103,4,9,64,134,1,47,63" hai1="82,69,38,70,90,117,59,36,50,3,116,39,76" hai2="62,11,86,20,45,57,130,112,60,93,28,92,61" hai3="77,102,21,96,17,10,33,30,110,111,16,135,26"/><W12/><G77/><T0/><D35/><U54/><E3/><V46/><F112/><W37/><G37/><T55/><D89/><U75/><REACH who="1" step="1"/><E90/><REACH who="1" ten="463,247,18,262" step="2"/><V68/><F130/><W24/><REACH who="3" step="1"/><G135/><REACH who="3" ten="463,247,18,252" step="2"/><T83/><D134/><U53/><E53/><V98/><F68/><AGARI ba="0,2" hai="36,38,39,50,54,59,68,69,70,75,76,82,116,117" machi="68" ten="50,1600,0" yaku="1,1,53,0" doraHai="6" doraHaiUra="84" who="1" fromWho="2" sc="463,0,247,36,18,-16,252,0" owari="463,57.0,283,8.0,2,-50.0,252,-15.0" /></mjloggm>