<mjloggm ver="2.3"><GO type="169" lobby="0"/><UN n0="%E3%83%89%E3%83%A9%E6%AC%A1%E9%83%8E" n1="%E4%BA%BA%E7%94%9F%E3%83%95%E3%83%AB%E3%82%BC%E3%83%B3%E3%83%84" n2="%E5%A4%A7%E6%A5%A0%E5%85%AC" n3="%E5%A4%8F%E3%81%98%E3%82%93" dan="17,18,16,17" rate="2162.45,2177.86,2167.43,2154.66" sx="M,M,M,M"/><TAIKYOKU oya="0"/><INIT seed="0,0,0,5,2,108" ten="250,250,250,250" oya="0" hai0="88,4,83,93,118,77,36,13,43,24,50,6,10" hai1="39,104,7,80,110,96,38,26,117,116,55,2,126" hai2="67,103,28,76,32,131,20,105,128,21,87,40,99" hai3="98,113,129,18,30,90,60,95,42,100,16,11,41"/><T33/><D118/><U111/><E55/><V46/><F67/><W22/><G129/><N who="2" m="49737" /><F32/><W106/><G113/><T85/><D36/><N who="1" m="13867" /><E126/><V120/><F120/><W14/><G30/><T62/><D62/><U79/><E26/><V81/><F28/><W86/><REACH who="3" step="1"/><G60/><REACH who="3" ten="250,250,250,240" step="2"/><T97/><D33/><U56/><E117/><V23/><F40/><W72/><G72/><T45/><REACH who="0" step="1"/><D24/><AGARI ba="0,1" hai="11,14,16,18,22,24,41,42,86,90,95,98,100,106" machi="24" ten="30,3900,0" yaku="1,1,7,1,54,1,53,0" doraHai="108" doraHaiUra="1" who="3" fromWho="0" sc="250,-39,250,0,250,0,240,49" /><INIT seed="1,0,0,1,0,9" ten="211,250,250,289" oya="1" hai0="83,5,89,127,103,48,28,59,128,130,4,32,85" hai1="15,107,45,82,3,63,99,16,87,13,86,121,76" hai2="40,54,117,17,31,57,55,131,75,109,92,8,96" hai3="114,73,90,37,80,27,116,111,47,43,61,66,77"/><U120/><E3/><V23/><F75/><W129/><G129/><N who="0" m="49771" /><D127/><U42/><E87/><V68/><F68/><W133/><G111/><T2/><D103/><U11/><E63/><V14/><F109/><W71/><G133/><T44/><D2/><U62/><E62/><V33/><F33/><W104/><G116/><T79/><D59/><U105/><E15/><N who="2" m="9663" /><F131/><W0/><G90/><T122/><D122/><U56/><E56/><V50/><F117/><W93/><G93/><N who="0" m="54447" /><D28/><U97/><E97/><V35/><F35/><W95/><G95/><T53/><D32/><U10/><E10/><V113/><F113/><W84/><G84/><AGARI ba="0,0" hai="4,5,44,48,53,79,83,84" m="54447,49771" machi="84" ten="30,1000,0" yaku="19,1" doraHai="9" who="0" fromWho="3" sc="211,10,250,0,250,0,289,-10" /><INIT seed="2,0,0,2,3,42" ten="221,250,250,279" oya="2" hai0="37,92,93,119,2,98,111,68,90,11,120,88,50" hai1="72,62,23,38,127,104,63,1,113,32,83,66,0" hai2="107,103,126,12,85,105,22,26,86,56,134,21,135" hai3="35,52,125,33,46,8,64,43,131,14,102,110,54"/><V75/><F75/><W55/><G110/><T3/><D120/><U129/><E23/><V69/><F69/><W49/><G131/><T100/><D37/><U130/><E113/><V51/><F126/><W67/><G125/><T132/><D111/><U59/><E104/><V48/><F12/><W61/><G102/><T91/><D132/><U18/><E38/><V39/><F39/><W118/><G118/><T60/><D119/><U65/><E32/><V115/><F56/><W41/><G41/><T6/><D3/><U57/><E18/><V44/><F103/><W79/><G79/><T106/><REACH who="0" step="1"/><D50/><REACH who="0" ten="211,250,250,279" step="2"/><U117/><E127/><V101/><F115/><W16/><REACH who="3" step="1"/><G67/><AGARI ba="0,1" hai="2,6,11,60,67,68,88,90,91,92,93,98,100,106" machi="67" ten="40,5200,0" yaku="1,1,2,1,54,1,53,0" doraHai="42" doraHaiUra="133" who="0" fromWho="3" sc="211,62,250,0,250,0,279,-52" /><INIT seed="3,0,0,3,0,70" ten="273,250,250,227" oya="3" hai0="126,21,72,83,55,75,121,122,33,94,17,59,69" hai1="46,19,123,87,3,117,35,132,106,49,89,91,54" hai2="32,29,108,84,23,125,100,71,9,66,8,110,47" hai3="25,61,85,80,37,119,130,1,134,102,92,27,28"/><W26/><G119/><T24/><D126/><U4/><E123/><V98/><F125/><W30/><G1/><T13/><D69/><U96/><E117/><V50/><F23/><W93/><G134/><T95/><D122/><U16/><E132/><V112/><F112/><W99/><G130/><T103/><D121/><U14/><E35/><V36/><F84/><W64/><G93/><T113/><D113/><U77/><E3/><V60/><F8/><W105/><G37/><T88/><D103/><U45/><E45/><V51/><F9/><W10/><G10/><T129/><D129/><U107/><E107/><V127/><F127/><W39/><G39/><T120/><D120/><U62/><E62/><V5/><F5/><W133/><G133/><T74/><D95/><N who="1" m="56447" /><E77/><V68/><F68/><W40/><G40/><T104/><D104/><U135/><E106/><N who="2" m="63767" /><F36/><W20/><G30/><T81/><D33/><U42/><E42/><N who="2" m="24951" /><F51/><W76/><G105/><T63/><REACH who="0" step="1"/><D13/><REACH who="0" ten="263,250,250,227" step="2"/><U124/><E124/><V2/><F2/><W118/><REACH who="3" step="1"/><G118/><REACH who="3" ten="263,250,250,217" step="2"/><T79/><D79/><U131/><E131/><V128/><F128/><W56/><AGARI ba="0,2" hai="20,25,26,27,28,56,61,64,76,80,85,92,99,102" machi="56" ten="20,24000,3" yaku="1,1,2,1,0,1,7,1,25,2,8,1,53,1" doraHai="70" doraHaiUra="97" who="3" fromWho="3" sc="263,-80,250,-80,250,-80,217,260" /><INIT seed="3,1,0,0,0,54" ten="183,170,170,477" oya="3" hai0="79,92,12,73,103,81,126,66,46,112,93,33,38" hai1="17,115,107,47,95,62,28,31,41,68,50,91,57" hai2="135,99,59,128,8,110,7,27,127,133,83,21,118" hai3="117,119,22,11,67,76,123,111,39,69,85,55,58"/><W9/><G39/><T82/><D126/><U86/><E115/><V104/><F118/><W124/><G123/><T77/><D112/><U65/><E107/><V56/><F127/><W15/><G124/><T78/><D33/><U63/><REACH who="1" step="1"/><E17/><REACH who="1" ten="183,160,170,477" step="2"/><N who="2" m="12719" /><F110/><W44/><G111/><T121/><D121/><U29/><E29/><V3/><F128/><W97/><G119/><T94/><D66/><AGARI ba="1,1" hai="28,31,41,47,50,57,62,63,65,66,68,86,91,95" machi="66" ten="30,3900,0" yaku="1,1,7,1,52,1,53,0" doraHai="54" doraHaiUra="1" who="1" fromWho="0" sc="183,-42,160,52,170,0,477,0" /><INIT seed="4,0,0,2,4,16" ten="141,212,170,477" oya="0" hai0="45,104,47,135,69,6,130,90,87,12,24,97,56" hai1="22,61,83,111,95,77,126,7,3,119,121,71,105" hai2="128,122,60,30,124,17,9,32,39,40,107,91,88" hai3="15,68,28,114,35,117,96,48,108,59,86,55,134"/><T52/><D69/><U131/><E119/><V64/><F122/><W2/><G108/><T58/><D135/><U62/><E121/><V49/><F39/><W103/><G2/><T132/><D132/><U20/><E105/><V65/><F124/><W33/><G68/><T115/><D115/><U94/><E111/><V57/><F107/><W75/><G75/><T129/><D58/><U53/><E126/><V43/><F128/><N who="0" m="49258" /><D24/><U26/><E131/><V1/><F65/><W0/><G117/><T14/><D97/><U41/><E41/><V92/><F32/><W89/><G59/><T25/><D104/><U79/><E3/><V80/><F30/><W31/><G96/><T133/><D133/><U127/><E7/><V37/><F37/><W76/><G114/><T23/><D6/><U38/><E26/><V67/><F67/><W113/><G113/><T101/><D101/><U11/><E71/><V42/><F49/><W116/><G103/><T93/><D47/><U46/><E46/><V123/><F123/><W54/><G116/><T82/><D45/><U66/><E38/><V109/><F109/><W4/><G4/><T74/><D82/><U106/><E83/><V99/><F1/><W13/><G134/><T120/><D74/><U29/><E106/><V98/><F80/><W21/><G0/><T63/><D120/><U5/><E5/><V73/><F73/><W118/><G118/><T10/><D10/><U50/><E11/><V110/><F110/><W100/><G100/><T125/><D125/><U19/><E127/><V18/><F9/><W78/><G35/><RYUUKYOKU ba="0,0" sc="141,15,212,-15,170,15,477,-15" hai0="12,14,23,25,52,56,63,87,90,93" hai2="17,18,40,42,43,57,60,64,88,91,92,98,99" /><INIT seed="4,1,0,5,4,23" ten="156,197,185,462" oya="0" hai0="90,105,117,29,101,91,48,132,70,50,119,63,66" hai1="39,38,111,11,107,86,81,62,68,9,61,129,71" hai2="118,78,77,92,89,108,55,126,32,120,25,128,56" hai3="65,98,59,15,83,14,53,54,123,97,0,8,135"/><T35/><D132/><U96/><E111/><V5/><F120/><W49/><G135/><T127/><D127/><U100/><E129/><V124/><F108/><W22/><G0/><T6/><D6/><U87/><E96/><V40/><F128/><W19/><G65/><T37/><D37/><U10/><E81/><V60/><F118/><W95/><G83/><T28/><D119/><U130/><E130/><V122/><F40/><W41/><G41/><T4/><D117/><U84/><E100/><V47/><F47/><W85/><G54/><T2/><D29/><U36/><REACH who="1" step="1"/><E107/><REACH who="1" ten="156,187,185,462" step="2"/><V74/><F122/><W67/><G123/><T94/><D101/><U133/><E133/><V46/><F124/><W106/><G106/><T76/><D105/><U57/><E57/><V72/><F126/><W112/><G98/><T34/><D76/><U125/><E125/><V114/><F77/><W80/><G97/><T24/><D91/><U79/><E79/><V58/><F78/><W75/><G80/><T69/><D69/><AGARI ba="1,1" hai="9,10,11,36,38,39,61,62,68,69,71,84,86,87" machi="69" ten="50,8000,1" yaku="1,1,29,2,28,2,53,0" doraHai="23" doraHaiUra="102" who="1" fromWho="0" sc="156,-83,187,93,185,0,462,0" /><INIT seed="5,0,0,5,3,107" ten="73,280,185,462" oya="1" hai0="30,80,39,8,94,71,106,25,57,105,131,2,96" hai1="7,83,85,45,3,108,91,90,14,121,120,18,92" hai2="34,110,99,135,88,0,125,27,38,33,19,62,111" hai3="9,78,114,56,95,52,54,55,12,69,65,129,53"/><U11/><E108/><V64/><F38/><W24/><G114/><T130/><D71/><U104/><E104/><V36/><F36/><W35/><G129/><N who="0" m="49163" /><D39/><U79/><E45/><V42/><F42/><W50/><G78/><T118/><D118/><U37/><E37/><V123/><F0/><W48/><G95/><T70/><D70/><U113/><E90/><V93/><F123/><W59/><G35/><T67/><D80/><U76/><E76/><V116/><F116/><W103/><G24/><T132/><D132/><U32/><E32/><V134/><F125/><W81/><G81/><T43/><D43/><U117/><E113/><V28/><F34/><W115/><G103/><T17/><D67/><U82/><E82/><V10/><F10/><W26/><G26/><T60/><D30/><U47/><E47/><V41/><F19/><W98/><G98/><T40/><D40/><U102/><E102/><V44/><F44/><W22/><G22/><N who="0" m="13519" /><D57/><U74/><REACH who="1" step="1"/><E117/><REACH who="1" ten="73,270,185,462" step="2"/><V126/><F41/><W23/><G115/><T5/><D106/><U119/><E119/><V4/><F111/><W124/><G124/><T46/><D46/><U89/><E89/><V51/><F110/><W133/><G133/><T61/><D105/><U72/><E72/><V87/><F126/><W73/><G73/><T112/><D112/><U97/><E97/><V86/><F99/><W68/><G48/><T127/><D127/><U13/><E13/><V66/><F134/><W6/><G50/><T84/><D84/><U100/><E100/><AGARI ba="0,1" hai="2,5,8,60,61,94,96,100" m="13519,49163" machi="100" ten="30,1000,0" yaku="19,1" doraHai="107" who="0" fromWho="1" sc="73,20,270,-10,185,0,462,0" /><INIT seed="6,0,0,1,0,112" ten="93,260,185,462" oya="2" hai0="21,126,0,84,8,89,27,124,24,131,22,49,73" hai1="29,109,70,33,108,99,40,52,51,132,6,30,66" hai2="7,59,69,103,96,80,43,1,106,23,39,121,104" hai3="85,12,111,65,44,134,25,86,32,34,61,91,118"/><V46/><F121/><W98/><G111/><T78/><D131/><U9/><E40/><V129/><F129/><W57/><G134/><T117/><D78/><U42/><E42/><V17/><F69/><W13/><G98/><T54/><D73/><U88/><E132/><V3/><F106/><W38/><G85/><T11/><D117/><U56/><E108/><V94/><F7/><W67/><G67/><T102/><D102/><U116/><E116/><V72/><F59/><W2/><G2/><T123/><D123/><U135/><E135/><V133/><F133/><W36/><G36/><T77/><D77/><U114/><E114/><V15/><REACH who="2" step="1"/><F104/><REACH who="2" ten="93,260,175,462" step="2"/><W10/><G57/><T92/><D126/><U82/><E70/><V130/><F130/><W45/><G118/><T26/><D124/><U68/><E68/><V60/><F60/><W19/><G61/><T127/><D127/><U125/><E125/><V122/><F122/><W50/><G45/><T18/><D0/><U107/><E107/><V20/><F20/><W47/><G47/><T83/><D22/><U16/><E6/><V5/><F5/><W105/><G44/><T76/><D49/><U75/><E51/><V128/><F128/><W63/><G50/><T41/><D41/><U71/><E71/><V93/><F93/><W14/><G105/><T87/><REACH who="0" step="1"/><D54/><REACH who="0" ten="83,260,175,462" step="2"/><U120/><E52/><V97/><F97/><W115/><G115/><T48/><D48/><U62/><E120/><V64/><F64/><W101/><G65/><T4/><D4/><U53/><E53/><V35/><F35/><W31/><G34/><RYUUKYOKU ba="0,2" sc="83,15,260,-15,175,15,462,-15" hai0="8,11,18,21,24,26,27,76,83,84,87,89,92" hai2="1,3,15,17,23,39,43,46,72,80,94,96,103" /><INIT seed="6,1,2,5,3,21" ten="98,245,190,447" oya="2" hai0="102,66,120,121,10,1,60,3,67,125,79,124,131" hai1="56,30,47,111,91,113,133,101,123,114,2,40,107" hai2="59,80,57,31,49,106,27,77,132,135,36,62,89" hai3="103,83,39,51,55,127,9,119,96,32,115,70,48"/><V41/><F36/><W117/><G39/><T7/><D131/><U90/><E111/><V35/><F106/><W50/><G70/><T6/><D79/><U98/><E133/><N who="2" m="51275" /><F89/><W14/><G32/><T100/><D60/><U126/><E126/><V11/><F11/><AGARI ba="1,2" hai="1,3,6,7,10,11,66,67,100,102,120,121,124,125" machi="11" ten="25,1600,0" yaku="22,2" doraHai="21" who="0" fromWho="2" sc="98,39,245,0,190,-19,447,0" /><INIT seed="7,0,0,2,3,107" ten="137,245,171,447" oya="3" hai0="129,54,40,81,128,78,25,103,114,24,60,109,121" hai1="48,98,94,21,99,116,132,65,4,66,30,79,74" hai2="113,90,134,108,59,43,127,112,126,91,32,45,133" hai3="70,110,18,57,52,10,97,36,33,115,17,73,19"/><W11/><G73/><T61/><D109/><U67/><E4/><V87/><F32/><W62/><G33/><T49/><D121/><U72/><E132/><N who="2" m="50795" /><F59/><W23/><G36/><T50/><D114/><N who="2" m="44138" /><F108/><W44/><G70/><T96/><D40/><U39/><E65/><V84/><F45/><W82/><G82/><T75/><D50/><U100/><E66/><V37/><F43/><W27/><G110/><T89/><D89/><N who="2" m="33802" /><F37/><W2/><G2/><T77/><D77/><U80/><E67/><V15/><F15/><W118/><G44/><T16/><D49/><U13/><E48/><V47/><F47/><W12/><G10/><T1/><D1/><U56/><E13/><V104/><F104/><W71/><G71/><T14/><D54/><U117/><E56/><V42/><F42/><W46/><G18/><T119/><D119/><U55/><E55/><V76/><F76/><W38/><G46/><T86/><D86/><AGARI ba="0,0" hai="84,86,87,126,127" m="33802,44138,50795" machi="86" ten="40,12000,2" yaku="28,2,20,1,15,1,34,2" doraHai="107" who="2" fromWho="0" sc="137,-120,245,0,171,120,447,0" owari="17,-48.0,245,-15.0,291,9.0,447,54.0" /></mjloggm>