<mjloggm ver="2.3"><GO type="185" lobby="0"/><UN n0="%E3%81%BF%E3%83%BC%E3%82%8F" n1="%E9%96%A2%E8%A5%BF%E9%9B%80%E5%A3%AB%E4%BC%9A" n2="%E5%86%AC%E6%A8%B9%E3%82%A4%E3%83%B4" n3="" dan="17,16,16,0" rate="2247.46,2095.81,2175.74,1500.00" sx="M,M,F,C"/><TAIKYOKU oya="0"/><INIT seed="0,0,0,5,5,38" ten="350,350,350,0" oya="0" hai0="119,57,89,82,87,135,71,80,64,110,85,56,44" hai1="92,72,134,106,49,94,128,34,1,53,86,122,102" hai2="93,101,50,100,104,84,117,97,112,115,113,48,90" hai3=""/><T107/><D119/><U76/><N who="1" m="31264" /><U52/><E34/><V43/><F117/><T55/><D135/><U67/><E1/><V127/><F127/><T73/><D110/><U123/><N who="1" m="31520" /><U68/><E134/><V74/><F100/><T61/><D107/><U126/><E126/><V54/><F74/><T132/><D132/><U65/><E128/><V109/><F109/><T83/><D73/><U116/><E116/><V47/><REACH who="2" step="1"/><F112/><REACH who="2" ten="350,350,340,0" step="2"/><T81/><D87/><U46/><E72/><V0/><F0/><T133/><D133/><U108/><E108/><V124/><F124/><T75/><D75/><U58/><E106/><V118/><F118/><T35/><D35/><U59/><E102/><V36/><F36/><T91/><D85/><U41/><E86/><V63/><F63/><T32/><D32/><U77/><E68/><V96/><F96/><T33/><D33/><U130/><E130/><V2/><F2/><T114/><D114/><U125/><E125/><V66/><F66/><T111/><D111/><U42/><E49/><V69/><F69/><T129/><D129/><U99/><E99/><V39/><F39/><T70/><D71/><U40/><E67/><V3/><F3/><T51/><N who="0" m="20480" /><DORA hai="103" /><T78/><D78/><RYUUKYOKU ba="0,1" sc="350,10,350,-20,340,10,0,0" hai0="44,51,55,56,57,61,64,70,89,91" hai2="43,47,48,50,54,84,90,93,97,101,104,113,115" /><INIT seed="0,1,1,1,1,88" ten="360,330,350,0" oya="0" hai0="54,110,63,135,116,55,114,85,82,34,64,95,51" hai1="60,127,57,0,98,69,67,58,61,128,78,38,45" hai2="44,48,65,35,124,122,99,89,40,47,73,90,126" hai3=""/><T56/><D114/><U2/><E128/><V3/><N who="2" m="31264" /><V86/><F3/><T134/><D116/><U72/><E127/><N who="2" m="48683" /><F35/><T77/><D34/><U71/><E98/><V131/><F73/><T91/><D110/><U102/><E102/><V105/><F131/><T84/><REACH who="0" step="1"/><D55/><REACH who="0" ten="350,330,350,0" step="2"/><U113/><E113/><V112/><F112/><T97/><D97/><U70/><E0/><V74/><F99/><T117/><D117/><U62/><E2/><V87/><F105/><T32/><D32/><U33/><E33/><V41/><F65/><T103/><D103/><U104/><E104/><V107/><F107/><T36/><D36/><U111/><E111/><V119/><F119/><T96/><D96/><U1/><E1/><V100/><F100/><T133/><D133/><U125/><E125/><V46/><F41/><T79/><D79/><U75/><E78/><V83/><F48/><T68/><AGARI ba="1,2" hai="51,54,56,63,64,68,77,82,84,85,91,95,134,135" machi="68" ten="30,8000,1" yaku="1,1,0,1,52,1,53,2" doraHai="88" doraHaiUra="81" who="0" fromWho="0" sc="350,102,330,-41,350,-41,0,0" /><INIT seed="0,2,0,3,2,46" ten="452,289,309,0" oya="0" hai0="40,1,41,113,92,120,48,102,42,79,68,54,116" hai1="111,3,65,130,67,87,107,60,37,104,108,134,115" hai2="66,114,71,58,135,96,109,101,105,33,52,131,112" hai3=""/><T50/><N who="0" m="30752" /><T47/><D113/><U57/><E3/><V86/><F33/><T84/><D116/><U95/><E134/><V99/><F109/><N who="1" m="42057" /><E130/><V45/><F135/><T62/><D1/><U127/><E37/><V64/><F131/><T49/><D68/><U36/><E36/><V80/><F96/><T132/><D132/><U56/><E127/><V76/><F71/><T81/><D62/><U77/><E115/><V69/><F69/><T32/><D32/><U125/><E125/><V119/><F119/><T89/><REACH who="0" step="1"/><D102/><REACH who="0" ten="442,289,309,0" step="2"/><U63/><E77/><V129/><F129/><T103/><D103/><U43/><E107/><V35/><F35/><T88/><D88/><U83/><E104/><V110/><F110/><T117/><D117/><U82/><E67/><V85/><F66/><T75/><AGARI ba="2,1" hai="40,41,42,47,48,49,50,54,75,79,81,84,89,92" m="30752" machi="75" ten="30,12000,2" yaku="1,1,0,1,52,4,53,0" doraHai="46" doraHaiUra="133" who="0" fromWho="0" sc="442,134,289,-62,309,-62,0,0" /><INIT seed="0,3,0,5,2,32" ten="576,227,247,0" oya="0" hai0="33,102,125,112,116,123,135,104,90,113,45,74,129" hai1="120,117,103,121,110,56,53,91,71,96,94,40,108" hai2="36,61,92,80,93,58,69,57,111,65,2,3,77" hai3=""/><T73/><RYUUKYOKU type="yao9" ba="3,0" sc="576,0,227,0,247,0,0,0" hai0="33,45,73,74,90,102,104,112,113,116,123,125,129,135" /><INIT seed="0,4,0,2,0,115" ten="576,227,247,0" oya="0" hai0="69,70,78,38,46,40,39,116,41,98,87,3,56" hai1="1,60,55,118,37,107,89,100,58,51,81,109,76" hai2="86,120,119,112,91,127,47,88,77,101,71,35,129" hai3=""/><T62/><D3/><U61/><E1/><V2/><N who="2" m="30752" /><V133/><F2/><T126/><D126/><U73/><E109/><V45/><F35/><T113/><D113/><U32/><E32/><V53/><F112/><T131/><D131/><U96/><E37/><V75/><F127/><T110/><D110/><U93/><REACH who="1" step="1"/><E118/><REACH who="1" ten="576,217,247,0" step="2"/><V85/><F119/><T80/><D116/><U124/><E124/><V108/><F108/><T50/><D39/><U95/><E95/><V135/><F129/><T65/><D38/><U67/><E67/><V54/><F135/><T63/><D65/><U57/><E57/><V72/><F133/><T125/><D56/><U99/><AGARI ba="4,1" hai="51,55,58,60,61,73,76,81,89,93,96,99,100,107" machi="99" ten="20,2000,0" yaku="1,1,0,1,7,1,53,0" doraHai="115" doraHaiUra="83" who="1" fromWho="1" sc="576,-17,217,38,247,-11,0,0" /><INIT seed="1,0,0,4,2,58" ten="559,255,236,0" oya="1" hai0="135,86,35,82,97,80,36,33,74,40,103,65,71" hai1="96,121,72,98,50,79,114,49,88,111,70,41,108" hai2="55,92,87,56,119,32,89,104,132,63,126,102,43" hai3=""/><U116/><N who="1" m="31008" /><U85/><E116/><V115/><F119/><T112/><D112/><U3/><E3/><V0/><F0/><T84/><D135/><U117/><E117/><V44/><F132/><T76/><D74/><U100/><E70/><V52/><F115/><T109/><D109/><N who="1" m="42059" /><E114/><V95/><F126/><T90/><D40/><U39/><E79/><V77/><F32/><T131/><D36/><U66/><E66/><V69/><F69/><T48/><D131/><U57/><E72/><V81/><F104/><T128/><D128/><U83/><E57/><V68/><F68/><T45/><D65/><U93/><E98/><V54/><F102/><T59/><D71/><U120/><N who="1" m="30752" /><U75/><E75/><V133/><F133/><T118/><D59/><U51/><E39/><V134/><F134/><T38/><D38/><U105/><E105/><V99/><REACH who="2" step="1"/><F95/><REACH who="2" ten="559,255,226,0" step="2"/><T47/><D118/><U42/><AGARI ba="0,1" hai="41,42,49,50,51,83,85,88,93,96,100" m="30752,42059,31008" machi="42" ten="40,8000,1" yaku="14,1,10,1,52,2,54,1" doraHai="58" who="1" fromWho="1" sc="559,-40,255,90,226,-40,0,0" /><INIT seed="1,1,0,0,4,131" ten="519,345,186,0" oya="1" hai0="133,0,132,79,108,92,37,3,60,62,122,32,70" hai1="117,126,114,104,90,35,77,103,69,96,43,72,83" hai2="101,88,87,44,50,76,48,54,81,91,56,94,45" hai3=""/><U57/><E35/><V49/><F101/><T84/><N who="0" m="31264" /><T41/><D108/><U112/><E69/><V118/><F118/><T99/><D32/><U82/><E117/><V119/><F119/><T107/><D107/><U75/><E43/><V73/><REACH who="2" step="1"/><F91/><REACH who="2" ten="519,345,176,0" step="2"/><T93/><D0/><U127/><E57/><V78/><F78/><T59/><D79/><U51/><E72/><V98/><F98/><T63/><D99/><U2/><E2/><V123/><N who="2" m="31520" /><V61/><AGARI ba="1,1" hai="44,45,48,49,50,54,56,61,73,76,81,87,88,94" m="31520" machi="61" ten="30,6000,1" yaku="1,1,4,1,0,1,52,1,54,1,53,0" doraHai="131" doraHaiUra="1" who="2" fromWho="2" sc="519,-21,345,-41,176,72,0,0" /><INIT seed="2,0,0,2,5,126" ten="498,304,248,0" oya="2" hai0="52,55,84,33,127,122,36,46,95,68,89,99,135" hai1="88,85,124,101,120,76,58,96,56,117,39,102,80" hai2="45,107,63,130,125,92,65,98,119,113,61,111,82" hai3=""/><V116/><F113/><T71/><N who="0" m="31264" /><T87/><D127/><U43/><N who="1" m="30752" /><U60/><E124/><V59/><F125/><T131/><D33/><U57/><E117/><V75/><F107/><T70/><D135/><U2/><E2/><V51/><F111/><T93/><D131/><U50/><E39/><V42/><F130/><T79/><D79/><U81/><E60/><V108/><F108/><T105/><D105/><U72/><E43/><V94/><F94/><T54/><D36/><U32/><E32/><V41/><F41/><T1/><D1/><U110/><E110/><V44/><F44/><T83/><D46/><U133/><E133/><V38/><F38/><T104/><D87/><U129/><E129/><V53/><F82/><T103/><AGARI ba="0,0" hai="52,54,55,68,70,71,83,84,89,93,95,99,103,104" m="31264" machi="103" ten="40,3900,0" yaku="0,1,52,1,54,1" doraHai="126" who="0" fromWho="0" sc="498,39,304,-13,248,-26,0,0" /><INIT seed="4,0,0,0,4,92" ten="537,291,222,0" oya="0" hai0="0,53,59,62,95,104,110,89,125,106,74,54,118" hai1="85,41,37,70,77,96,33,117,111,52,81,76,123" hai2="116,35,100,87,56,99,71,135,88,61,69,86,65" hai3=""/><T79/><D118/><U55/><N who="1" m="31520" /><U97/><E33/><V126/><F35/><T50/><D0/><U78/><E111/><V34/><F34/><T122/><N who="0" m="31264" /><T39/><D110/><U73/><E70/><V80/><F116/><T63/><D39/><U3/><E3/><V83/><F126/><T109/><D109/><U132/><E132/><V98/><F135/><T113/><D113/><U84/><E73/><V134/><F134/><T36/><D36/><U101/><E101/><V49/><F49/><T47/><D125/><U68/><E68/><V119/><F119/><T51/><D106/><U42/><E117/><V90/><REACH who="2" step="1"/><F98/><REACH who="2" ten="537,291,212,0" step="2"/><N who="1" m="37993" /><E37/><V124/><F124/><T48/><D48/><U130/><E130/><V32/><F32/><T2/><D2/><U120/><N who="1" m="30752" /><U121/><N who="1" m="31008" /><U115/><E115/><V64/><F64/><T67/><D67/><U66/><E66/><V102/><F102/><T75/><D51/><U114/><E114/><V108/><F108/><T60/><D50/><U107/><E107/><AGARI ba="0,1" hai="56,61,65,69,71,80,83,86,87,88,90,99,100,107" machi="107" ten="30,8000,1" yaku="1,1,7,1,9,1,52,1,54,1,53,0" doraHai="92" doraHaiUra="46" who="2" fromWho="1" sc="537,0,291,-80,212,90,0,0" /><INIT seed="5,0,0,4,3,68" ten="537,211,302,0" oya="1" hai0="55,127,34,86,132,35,84,133,40,50,93,113,106" hai1="36,74,92,118,58,54,65,76,83,67,112,2,107" hai2="71,82,120,73,72,134,1,131,115,94,87,97,124" hai3=""/><U69/><E2/><V57/><N who="2" m="30752" /><V81/><F1/><T60/><D113/><U128/><E118/><V39/><F71/><T37/><D106/><U122/><N who="1" m="31264" /><U104/><E128/><V49/><F131/><T70/><D127/><U59/><E112/><V108/><F115/><T126/><D126/><U123/><N who="1" m="31520" /><U85/><E69/><V129/><F108/><T91/><D37/><U3/><E3/><V33/><F39/><T101/><D40/><U103/><E36/><V53/><F33/><T44/><D101/><U117/><E117/><V119/><F119/><T90/><D60/><U42/><E42/><V52/><F134/><N who="0" m="51818" /><D70/><U45/><E45/><V63/><F129/><T38/><D38/><U48/><E59/><V62/><F82/><AGARI ba="0,0" hai="34,35,44,50,55,82,84,86,90,91,93" m="51818" machi="82" ten="30,1000,0" yaku="20,1" doraHai="68" who="0" fromWho="2" sc="537,10,211,0,302,-10,0,0" /><INIT seed="6,0,0,2,1,102" ten="547,211,292,0" oya="2" hai0="68,85,133,73,44,33,50,131,93,64,34,116,83" hai1="88,98,40,62,101,103,113,43,110,91,82,51,74" hai2="119,127,94,115,86,120,134,81,129,100,69,90,63" hai3=""/><V72/><N who="2" m="30752" /><V112/><F119/><T71/><D116/><U124/><E110/><V47/><F127/><T41/><D133/><U122/><N who="1" m="31264" /><U56/><E124/><V61/><F134/><T96/><D131/><U0/><E0/><V99/><F129/><T52/><D73/><U118/><E118/><V111/><F111/><T76/><D71/><U78/><E113/><N who="2" m="43595" /><F69/><T130/><D130/><U84/><E51/><V38/><F72/><T128/><D128/><U42/><E103/><V48/><F38/><T75/><D75/><U79/><E79/><V114/><N who="2" m="43603" /><V80/><DORA hai="35" /><F80/><T60/><D41/><AGARI ba="0,0" hai="41,47,48,61,63,81,86,90,94,99,100" m="43603,30752" machi="41" ten="40,3900,0" yaku="15,1,52,1" doraHai="102,35" who="2" fromWho="0" sc="547,-39,211,0,292,39,0,0" /><INIT seed="6,1,0,0,2,128" ten="508,211,331,0" oya="2" hai0="73,97,112,94,122,64,51,52,3,106,34,80,59" hai1="109,104,74,82,75,115,56,45,102,105,57,113,135" hai2="88,134,125,40,53,32,131,33,119,60,126,39,36" hai3=""/><V44/><F119/><T98/><N who="0" m="31264" /><T63/><D34/><U118/><E45/><V121/><N who="2" m="31008" /><V38/><F131/><T133/><D3/><U103/><E109/><V76/><F76/><T69/><D133/><U62/><E62/><V58/><F134/><T67/><D112/><U92/><E118/><V89/><F32/><T99/><D106/><U68/><E68/><V50/><REACH who="2" step="1"/><F33/><REACH who="2" ten="508,211,321,0" step="2"/><T83/><D73/><U71/><E71/><V41/><F41/><T111/><D111/><U47/><E47/><V61/><F61/><T85/><D63/><U87/><E92/><V90/><AGARI ba="1,1" hai="36,38,39,40,44,50,53,58,60,88,89,90,125,126" m="31008" machi="90" ten="40,8000,1" yaku="1,1,0,1,52,1,54,1,53,0" doraHai="128" doraHaiUra="96" who="2" fromWho="2" sc="508,-41,211,-41,321,92,0,0" /><INIT seed="6,2,0,1,3,116" ten="467,170,413,0" oya="2" hai0="134,135,114,127,35,83,74,42,70,2,106,1,121" hai1="50,120,99,0,73,92,111,133,80,124,44,132,87" hai2="3,95,79,61,34,32,43,37,65,51,81,97,102" hai3=""/><V33/><F3/><T85/><RYUUKYOKU type="yao9" ba="2,0" sc="467,0,170,0,413,0,0,0" hai0="1,2,35,42,70,74,83,85,106,114,121,127,134,135" /><INIT seed="6,3,0,2,0,101" ten="467,170,413,0" oya="2" hai0="49,34,47,66,45,75,46,82,68,61,55,77,105" hai1="65,1,38,121,63,54,81,79,48,133,95,98,42" hai2="106,116,78,104,2,126,88,84,134,52,93,114,115" hai3=""/><V73/><F2/><T135/><D34/><U123/><N who="1" m="31008" /><U124/><N who="1" m="31520" /><U132/><E1/><V37/><F37/><T96/><REACH who="0" step="1"/><D135/><REACH who="0" ten="457,170,413,0" step="2"/><U94/><E124/><V109/><F126/><T51/><D51/><U76/><E38/><V64/><F134/><N who="1" m="51817" /><E42/><V59/><F64/><T62/><D62/><U118/><E118/><V113/><F116/><T119/><D119/><U131/><E131/><V0/><F0/><T107/><D107/><U60/><E60/><V122/><N who="2" m="31264" /><V50/><F109/><T72/><D72/><U129/><E129/><V3/><F3/><T99/><D99/><U125/><E125/><V127/><F127/><T85/><D85/><U100/><E95/><V128/><F128/><T43/><D43/><U91/><E63/><V108/><F108/><T130/><D130/><U39/><E39/><V40/><F40/><T102/><AGARI ba="3,1" hai="45,46,47,49,55,61,66,68,75,77,82,96,102,105" machi="102" ten="30,5900,0" yaku="1,1,0,1,52,1,53,1" doraHai="101" doraHaiUra="57" who="0" fromWho="0" sc="457,75,170,-23,413,-42,0,0" owari="532,48.0,147,-45.0,371,-3.0,0,0.0" /></mjloggm>