<mjloggm ver="2.3"><GO type="169" lobby="0"/><UN n0="%E3%83%88%E3%82%AD%E9%9B%80%E7%8B%82%E4%BA%BA%E6%88%A6%E4%BB%A3%E8%A1%A8" n1="%74%6E%66%73%68%32%30%34" n2="%E5%85%AD%E9%83%A8%E5%9C%AD" n3="%E3%82%B4%E3%83%83%E3%82%B5%E3%83%A0" dan="16,17,16,16" rate="2091.59,2158.80,2093.59,2047.68" sx="M,M,M,M"/><TAIKYOKU oya="0"/><INIT seed="0,0,0,0,0,122" ten="250,250,250,250" oya="0" hai0="133,126,91,81,135,46,79,0,42,47,14,108,66" hai1="21,55,3,25,71,34,111,84,76,44,38,117,69" hai2="106,12,62,90,70,1,2,30,27,116,56,20,96" hai3="134,57,131,83,101,72,17,103,80,121,85,45,41"/><T65/><D0/><U92/><E117/><V120/><F120/><W58/><G121/><T78/><D126/><U5/><E34/><V110/><F116/><W18/><G131/><T4/><D91/><U39/><E3/><V59/><F70/><W53/><G72/><T54/><D54/><U88/><E5/><V52/><F12/><W50/><G134/><T11/><D47/><U112/><E112/><V29/><F29/><W60/><G57/><T118/><D118/><U73/><E39/><V109/><F59/><W130/><G130/><T107/><D107/><U129/><E129/><V67/><F67/><W74/><G74/><T125/><D125/><U40/><E55/><V98/><F90/><W9/><G80/><T68/><D78/><U43/><E43/><V15/><F15/><N who="3" m="7407" /><G18/><T16/><D4/><U132/><E132/><N who="0" m="50761" /><D68/><U6/><E6/><V64/><F64/><N who="0" m="24682" /><D81/><N who="1" m="45199" /><E71/><V13/><F13/><W48/><G60/><T75/><D79/><AGARI ba="0,0" hai="41,45,48,50,53,58,79,83,85,101,103" m="7407" machi="79" ten="30,1000,0" yaku="8,1" doraHai="122" who="3" fromWho="0" sc="250,-10,250,0,250,0,250,10" /><INIT seed="1,0,0,5,3,111" ten="240,250,250,260" oya="1" hai0="12,124,45,123,8,103,61,113,57,2,77,67,69" hai1="3,23,18,72,114,135,0,14,120,10,90,121,79" hai2="85,6,110,76,107,89,28,1,20,118,37,102,60" hai3="39,97,11,100,29,71,52,127,94,47,16,73,21"/><U53/><E72/><V91/><F118/><W31/><G71/><T130/><D2/><U104/><E79/><V128/><F37/><W122/><G122/><N who="1" m="47210" /><E104/><V129/><F110/><W78/><G127/><T125/><D123/><U106/><E106/><V13/><F1/><N who="1" m="585" /><E90/><V44/><F76/><W58/><G11/><T115/><D130/><N who="2" m="50282" /><F44/><W54/><G78/><T35/><D35/><U24/><E53/><V98/><F60/><N who="3" m="35911" /><G39/><T32/><D32/><U88/><E88/><V119/><F85/><W92/><G92/><T30/><D103/><U26/><E135/><V126/><F119/><W62/><G73/><T51/><D30/><N who="3" m="11273" /><G62/><T49/><D77/><U27/><E114/><N who="0" m="43529" /><D69/><U75/><E75/><V131/><F131/><W15/><G47/><T99/><D99/><U50/><E50/><V133/><F107/><W55/><AGARI ba="0,0" hai="15,16,21,54,55,94,97,100" m="11273,35911" machi="55" ten="30,4000,0" yaku="8,1,54,2" doraHai="111" who="3" fromWho="3" sc="240,-10,250,-20,250,-10,260,40" /><INIT seed="2,0,0,4,5,22" ten="230,230,240,300" oya="2" hai0="9,111,100,105,97,84,126,45,60,65,30,96,24" hai1="8,7,53,80,95,70,27,98,62,106,5,59,42" hai2="119,134,135,16,39,128,118,43,35,11,38,82,101" hai3="55,31,49,112,23,20,130,10,51,69,90,127,25"/><V57/><F35/><W123/><G123/><T15/><D126/><U56/><E70/><V132/><F101/><W94/><G127/><T108/><D45/><U17/><E106/><V29/><F29/><W46/><G69/><T6/><D84/><U104/><E104/><V1/><F128/><W87/><G130/><T74/><D97/><U131/><E131/><V116/><F43/><W89/><G112/><T81/><D81/><U110/><E110/><V85/><F57/><W75/><G75/><T77/><D77/><U54/><E42/><V14/><REACH who="2" step="1"/><F1/><REACH who="2" ten="230,230,230,300" step="2"/><W72/><G31/><T32/><REACH who="0" step="1"/><D74/><REACH who="0" ten="220,230,230,300" step="2"/><U121/><E121/><V37/><F37/><W88/><G72/><T4/><D4/><U71/><E5/><V18/><F18/><W36/><G36/><T64/><D64/><U76/><E7/><V28/><F28/><W92/><G46/><T133/><D133/><U122/><E122/><V34/><F34/><W47/><G47/><T26/><D26/><U83/><E17/><V3/><F3/><W91/><G25/><T50/><D50/><U73/><E27/><V44/><F44/><W124/><G49/><T66/><D66/><U63/><E73/><V120/><F120/><W68/><G51/><T102/><D102/><U48/><E48/><V117/><N who="2" m="29696" /><DORA hai="21" /><V13/><F13/><W109/><G87/><T58/><AGARI ba="0,2" hai="6,9,15,24,30,32,58,60,65,96,100,105,108,111" machi="58" ten="30,7900,0" yaku="1,1,0,1,52,2,53,0" doraHai="22,21" doraHaiUra="107,40" who="0" fromWho="0" sc="220,99,230,-20,230,-39,300,-20" /><INIT seed="3,0,0,5,5,131" ten="319,210,191,280" oya="3" hai0="105,93,24,28,3,19,70,58,67,41,97,76,106" hai1="29,98,63,72,45,11,71,65,46,90,55,13,110" hai2="123,1,122,92,0,9,22,43,53,101,44,129,127" hai3="38,59,33,96,99,48,17,56,83,20,104,37,118"/><W108/><G118/><T135/><D3/><U2/><E72/><V12/><F127/><W64/><G33/><T128/><D128/><U95/><E110/><V16/><F129/><W73/><G59/><T132/><D76/><U40/><E2/><V57/><F9/><W86/><G73/><T32/><D70/><U134/><E29/><V78/><F78/><W62/><G108/><T115/><D41/><U111/><E111/><V130/><F130/><W117/><G117/><T25/><D115/><U124/><E124/><V8/><F101/><W21/><G21/><N who="0" m="13375" /><D58/><U100/><E55/><V119/><F92/><W114/><G114/><T84/><D84/><U113/><E113/><V109/><F119/><W82/><G82/><T87/><D87/><U49/><E46/><V47/><F109/><W18/><G18/><T81/><D67/><U34/><E100/><V36/><F44/><W112/><G112/><T51/><D51/><U14/><E34/><V39/><F39/><W75/><G75/><T88/><D81/><U80/><E80/><V7/><REACH who="2" step="1"/><F1/><REACH who="2" ten="319,210,181,280" step="2"/><W15/><G104/><T133/><AGARI ba="0,1" hai="25,28,32,88,93,97,105,106,132,133,135" m="13375" machi="133" ten="30,8000,1" yaku="20,1,52,3,54,1" doraHai="131" who="0" fromWho="0" sc="319,90,210,-20,181,-20,280,-40" /><INIT seed="4,0,0,2,2,97" ten="409,190,161,240" oya="0" hai0="65,122,130,7,57,115,17,99,1,78,22,103,49" hai1="132,60,91,16,92,126,11,82,89,90,69,96,2" hai2="133,105,48,88,98,42,0,79,23,53,86,14,64" hai3="121,76,111,31,83,67,114,125,117,39,131,46,63"/><T120/><D130/><U27/><E126/><V104/><F0/><W100/><G31/><T25/><D115/><U102/><E132/><V61/><F42/><W128/><G111/><T93/><D78/><U44/><E2/><V51/><F133/><W84/><G117/><T66/><D1/><U70/><E70/><V73/><F73/><W50/><G125/><T21/><D7/><U3/><E3/><V101/><F104/><W15/><G114/><T81/><D81/><U26/><E44/><V4/><F53/><W55/><G121/><T95/><D95/><U123/><E123/><V36/><F36/><W77/><G77/><T29/><D66/><U62/><E82/><V34/><F34/><W124/><G124/><T75/><D75/><U116/><E116/><V18/><F4/><W94/><G15/><T5/><D5/><U41/><E41/><V8/><F8/><W37/><G94/><T28/><D28/><U106/><E106/><V54/><F54/><W40/><G100/><T107/><D107/><U12/><E69/><V112/><F79/><W113/><G113/><T108/><D108/><U9/><E9/><V30/><F30/><W32/><G32/><T87/><D87/><U80/><E80/><N who="2" m="49223" /><F112/><W72/><G72/><T47/><D65/><U110/><E110/><V71/><F71/><N who="3" m="42495" /><G37/><T6/><D120/><U59/><E62/><V135/><F135/><W20/><G20/><T38/><D38/><U109/><E109/><V10/><F23/><W58/><AGARI ba="0,0" hai="39,40,46,50,55,58,76,83,84,128,131" m="42495" machi="58" ten="30,1100,0" yaku="24,1" doraHai="97" who="3" fromWho="3" sc="409,-5,190,-3,161,-3,240,11" /><INIT seed="5,0,0,2,2,35" ten="404,187,158,251" oya="1" hai0="88,123,114,65,83,124,113,30,120,107,75,9,23" hai1="53,109,99,105,46,56,84,132,90,31,121,86,64" hai2="5,49,7,13,25,10,4,54,22,66,33,11,57" hai3="102,48,45,3,1,70,77,122,85,92,101,127,67"/><U89/><E121/><N who="0" m="46665" /><D107/><U47/><E132/><V34/><F66/><W58/><G122/><T62/><D124/><U94/><E64/><V37/><F37/><W71/><G77/><T69/><D9/><U103/><E31/><V60/><F49/><W26/><G26/><N who="0" m="16735" /><D75/><U40/><E109/><V18/><REACH who="2" step="1"/><F7/><REACH who="2" ten="404,187,148,251" step="2"/><W110/><G48/><T117/><D117/><U131/><E131/><V74/><F74/><W73/><G73/><T72/><D72/><U14/><E40/><V17/><F17/><W20/><G67/><T133/><D133/><U96/><E53/><V93/><F93/><W104/><G92/><T87/><AGARI ba="0,1" hai="62,65,69,83,87,88,113,114" m="16735,46665" machi="87" ten="30,2000,0" yaku="13,1,54,1" doraHai="35" who="0" fromWho="0" sc="404,30,187,-10,148,-5,251,-5" /><INIT seed="6,0,0,0,5,89" ten="434,177,143,246" oya="2" hai0="104,119,1,66,62,18,17,7,96,34,100,24,126" hai1="76,59,109,21,78,67,71,101,38,33,92,8,82" hai2="26,27,111,90,44,6,88,134,70,30,81,86,11" hai3="37,51,20,12,108,64,131,5,15,80,103,42,25"/><V31/><F70/><W113/><G108/><T135/><D119/><U114/><E33/><V73/><F111/><W105/><G37/><T60/><D126/><U28/><E109/><V94/><F134/><W124/><G124/><T110/><D135/><U19/><E38/><V0/><F44/><N who="3" m="26007" /><G105/><T3/><D60/><N who="1" m="38303" /><E71/><V133/><F133/><W102/><G64/><T53/><D53/><U40/><E40/><V132/><F132/><W13/><G131/><T36/><D36/><U32/><E32/><V58/><F58/><W116/><G116/><T130/><D130/><U118/><E114/><V23/><F73/><W129/><G129/><T10/><D1/><U95/><E101/><N who="3" m="38410" /><G113/><T54/><D54/><U127/><E127/><V47/><F47/><W128/><G80/><T93/><D104/><U48/><E48/><V45/><F45/><W107/><G107/><T14/><D3/><U83/><E118/><V74/><F74/><W123/><G123/><T49/><D49/><U85/><E83/><V9/><F0/><W115/><G115/><T79/><D34/><U65/><E65/><V84/><F6/><W68/><G68/><T120/><D120/><U55/><E55/><V125/><F125/><W97/><G128/><T69/><D110/><U72/><E72/><V91/><F91/><W29/><G5/><T35/><D35/><AGARI ba="0,0" hai="9,11,23,26,27,30,31,35,81,84,86,88,90,94" machi="35" ten="30,5800,0" yaku="7,1,52,1,54,1" doraHai="89" who="2" fromWho="0" sc="434,-58,177,0,143,58,246,0" /><INIT seed="6,1,0,0,3,33" ten="376,177,201,246" oya="2" hai0="128,28,22,77,4,93,121,52,134,20,101,90,87" hai1="74,0,37,75,110,27,58,84,123,70,13,103,49" hai2="18,126,45,30,115,78,107,79,57,114,100,24,1" hai3="12,55,21,109,43,120,108,133,36,25,66,53,23"/><V38/><F126/><W132/><G120/><T112/><D121/><U122/><E110/><N who="3" m="42602" /><G12/><T119/><D128/><U16/><E70/><V14/><F57/><W54/><G25/><T62/><D134/><N who="3" m="51817" /><G66/><T71/><D71/><U3/><E123/><V72/><F45/><AGARI ba="1,0" hai="21,23,36,43,45,53,54,55" m="51817,42602" machi="45" ten="40,1300,0" yaku="20,1" doraHai="33" who="3" fromWho="2" sc="376,0,177,0,201,-16,246,16" /><INIT seed="7,0,0,4,2,60" ten="376,177,185,262" oya="3" hai0="107,130,7,54,44,28,104,126,29,98,48,75,113" hai1="1,135,55,51,63,79,24,133,88,76,11,42,69" hai2="36,109,31,17,46,45,134,8,39,127,34,74,116" hai3="120,56,102,83,70,41,38,33,16,108,132,40,2"/><W101/><G70/><T118/><D75/><U121/><E121/><V30/><F116/><W78/><G120/><T3/><D3/><U67/><E24/><V10/><F17/><W87/><G33/><T90/><D7/><N who="1" m="1519" /><E42/><V22/><F22/><W97/><G2/><T9/><D126/><U68/><E69/><V37/><F37/><W114/><G108/><T105/><D130/><U5/><E5/><V4/><F4/><W71/><G71/><T12/><D113/><U110/><E88/><V111/><F74/><W117/><G114/><T106/><D106/><U52/><E110/><V21/><F21/><W84/><G117/><T0/><D0/><U27/><E27/><V72/><F72/><W58/><G38/><T6/><D118/><U77/><E51/><V123/><F123/><W81/><G97/><T103/><D90/><U96/><E96/><V65/><F65/><W59/><G16/><T92/><AGARI ba="0,0" hai="6,9,12,28,29,44,48,54,92,98,103,104,105,107" machi="92" ten="30,1100,0" yaku="0,1" doraHai="60" who="0" fromWho="0" sc="376,11,177,-3,185,-3,262,-5" owari="387,49.0,174,-33.0,182,-22.0,257,6.0" /></mjloggm>