<mjloggm ver="2.3"><GO type="225" lobby="0"/><UN n0="%E9%95%B7%E5%B3%B6%E3%83%B3%E3%82%AC%E3%83%B3" n1="%E7%90%B4%E8%91%89%E8%91%B5" n2="%E9%BA%BB%E9%9B%80%E3%81%9F%E3%81%AE%E3%81%97" n3="%E5%B7%A5%E8%97%A4%E6%96%B0%E4%B8%80" dan="17,16,16,16" rate="2147.06,2045.67,2154.13,2087.00" sx="M,F,F,M"/><TAIKYOKU oya="0"/><INIT seed="0,0,0,0,3,66" ten="250,250,250,250" oya="0" hai0="123,48,112,124,94,134,121,80,120,86,39,29,133" hai1="49,109,54,119,6,98,115,56,52,12,135,101,113" hai2="91,63,67,70,100,75,74,36,42,31,83,79,108" hai3="41,14,68,126,15,0,129,13,40,78,26,9,34"/><T122/><D39/><U110/><E119/><V77/><F108/><N who="1" m="41577" /><E135/><N who="0" m="51721" /><D112/><U25/><E25/><V69/><F91/><W114/><G129/><T57/><N who="0" m="30720" /><DORA hai="53" /><T93/><D29/><U16/><E54/><V92/><F31/><W104/><G126/><T131/><D124/><U130/><E6/><V45/><F92/><N who="0" m="35434" /><D131/><U50/><E130/><V30/><F30/><W64/><G114/><T59/><D48/><U60/><E50/><V105/><F100/><W128/><G128/><T125/><D125/><U81/><E49/><V7/><F105/><W38/><G104/><T3/><D3/><U71/><E71/><N who="2" m="42495" /><F7/><W1/><G1/><T76/><AGARI ba="0,0" hai="57,59,76,80,86" m="35434,30720,51721" machi="76" ten="60,11700,0" yaku="20,1,52,2" doraHai="66,53" who="0" fromWho="0" sc="250,117,250,-39,250,-39,250,-39" /><INIT seed="0,1,0,2,5,13" ten="367,211,211,211" oya="0" hai0="4,58,8,85,90,83,98,79,130,100,60,15,104" hai1="81,31,61,78,34,102,40,44,70,50,72,59,121" hai2="29,19,37,52,10,131,109,106,16,3,129,23,64" hai3="103,122,133,99,126,116,111,22,24,54,20,56,135"/><T94/><D130/><N who="2" m="49674" /><F37/><W93/><G111/><T113/><D113/><U134/><E134/><N who="3" m="51210" /><G116/><T75/><D58/><U73/><E102/><V112/><F112/><W76/><G126/><T71/><REACH who="0" step="1"/><D60/><REACH who="0" ten="357,211,211,211" step="2"/><U132/><E61/><V62/><F109/><W41/><G122/><T17/><D17/><U127/><E121/><V14/><F29/><W42/><G76/><T35/><D35/><U117/><E132/><V120/><F120/><W30/><G22/><T33/><D33/><U125/><E125/><V6/><F106/><W18/><G30/><T9/><D9/><U5/><E127/><V107/><F107/><W55/><G55/><T69/><AGARI ba="1,1" hai="4,8,15,69,71,75,79,83,85,90,94,98,100,104" machi="69" ten="30,11700,0" yaku="1,1,0,1,24,2,53,0" doraHai="13" doraHaiUra="63" who="0" fromWho="0" sc="357,130,211,-40,211,-40,211,-40" /><INIT seed="0,2,0,0,4,90" ten="487,171,171,171" oya="0" hai0="135,66,69,81,65,127,61,26,0,46,103,10,126" hai1="70,128,52,75,129,100,64,94,15,99,131,82,84" hai2="93,60,8,72,89,13,116,53,16,29,86,41,12" hai3="119,83,113,96,62,58,43,101,22,97,112,32,36"/><T40/><D135/><U74/><E15/><V91/><F72/><W67/><G119/><T50/><D66/><U31/><E31/><V48/><F116/><W21/><G32/><T55/><D81/><U108/><E108/><V27/><F41/><W63/><G83/><T105/><D26/><U107/><E52/><V111/><F111/><W117/><G117/><T88/><D0/><U11/><E11/><V19/><F60/><W120/><G120/><T102/><D10/><U54/><E54/><V123/><F123/><W4/><G4/><T118/><D118/><U114/><E114/><V98/><F29/><W2/><G2/><T57/><D105/><U87/><E64/><V37/><F37/><W18/><G43/><T45/><D45/><U71/><E71/><V133/><F27/><W106/><G36/><N who="0" m="21767" /><D88/><N who="1" m="53511" /><E70/><V92/><F133/><W110/><G110/><T44/><D44/><U109/><E109/><V80/><F80/><W78/><G63/><T47/><D47/><U124/><E124/><AGARI ba="2,0" hai="50,55,57,61,65,69,102,103,124,126,127" m="21767" machi="124" ten="30,2900,0" yaku="24,1,18,1" doraHai="90" who="0" fromWho="1" sc="487,35,171,-35,171,0,171,0" /><INIT seed="0,3,0,4,3,56" ten="522,136,171,171" oya="0" hai0="66,13,3,33,96,47,117,7,69,45,83,15,116" hai1="39,85,122,112,6,105,124,78,130,108,58,118,35" hai2="50,34,100,49,54,128,115,61,36,9,92,64,132" hai3="125,123,5,90,70,52,17,37,76,30,24,74,65"/><T62/><D33/><U71/><RYUUKYOKU type="yao9" ba="3,0" sc="522,0,136,0,171,0,171,0" hai1="6,35,39,58,71,78,85,105,108,112,118,122,124,130" /><INIT seed="0,4,0,0,2,79" ten="522,136,171,171" oya="0" hai0="112,93,81,130,19,39,116,28,52,118,99,49,55" hai1="73,22,64,121,126,75,133,120,42,128,25,105,57" hai2="74,21,31,29,91,100,65,58,26,92,69,9,95" hai3="2,106,47,44,68,84,131,34,11,109,101,111,54"/><T56/><D112/><U83/><E133/><V129/><F74/><W67/><G131/><T61/><D130/><U66/><E128/><V70/><F129/><W30/><G84/><T27/><D39/><U48/><E126/><V40/><F31/><W72/><G72/><T43/><D43/><U132/><E105/><V115/><F115/><W97/><G11/><T122/><D122/><U63/><E132/><V76/><F76/><W8/><G8/><T78/><D19/><U87/><E66/><V85/><F40/><W10/><G10/><T13/><D13/><U124/><E124/><V82/><F9/><W107/><G2/><T86/><D49/><U18/><E121/><V5/><F5/><W37/><G106/><T108/><D108/><N who="3" m="41545" /><G54/><T7/><D7/><U0/><E0/><V90/><F90/><W46/><G37/><T38/><D38/><U17/><E17/><V134/><F134/><W80/><G80/><T60/><D55/><U41/><E120/><V98/><F95/><W12/><G12/><T59/><D93/><U35/><E35/><V135/><F135/><W127/><G127/><T125/><D125/><U89/><REACH who="1" step="1"/><E41/><REACH who="1" ten="522,126,171,171" step="2"/><V6/><F6/><W15/><G34/><N who="0" m="20767" /><D116/><U77/><E77/><V104/><F104/><W96/><G107/><T14/><D118/><U36/><E36/><V4/><F4/><W53/><G67/><T1/><D1/><U117/><E117/><V51/><F65/><W3/><G3/><T16/><D78/><U45/><AGARI ba="4,1" hai="18,22,25,42,45,48,57,63,64,73,75,83,87,89" machi="45" ten="30,4000,0" yaku="1,1,0,1,52,1,53,0" doraHai="79" doraHaiUra="32" who="1" fromWho="1" sc="522,-24,126,62,171,-14,171,-14" /><INIT seed="1,0,0,5,3,58" ten="498,188,157,157" oya="1" hai0="73,97,16,131,130,132,113,41,53,15,1,86,79" hai1="5,94,85,9,27,2,20,80,36,111,115,55,100" hai2="118,114,127,101,10,102,90,28,26,24,120,51,128" hai3="93,32,71,61,112,76,122,45,33,44,117,49,43"/><U31/><E115/><V34/><F120/><W124/><G124/><T50/><D113/><U87/><E111/><V95/><F114/><W62/><G122/><T11/><D132/><U19/><E36/><V72/><F72/><W91/><G112/><T67/><D1/><U129/><E129/><N who="0" m="49161" /><D73/><U66/><E66/><V39/><F118/><W40/><G117/><T96/><D41/><U126/><E126/><V38/><F127/><W56/><G76/><T123/><D67/><U107/><E107/><V60/><F128/><W18/><G71/><T0/><D0/><U37/><E37/><V78/><F78/><W30/><G18/><T12/><D12/><U63/><E31/><V75/><F75/><W17/><G17/><T83/><D123/><U121/><E121/><V65/><F51/><W125/><G125/><T4/><D4/><U89/><E100/><V59/><F10/><W84/><G30/><T35/><D35/><U13/><E2/><V119/><F119/><W21/><G21/><T99/><D96/><N who="1" m="57423" /><E80/><V14/><F14/><W6/><G6/><T109/><D109/><U64/><E64/><V48/><F24/><W82/><G82/><T108/><D108/><U46/><E46/><AGARI ba="0,0" hai="11,15,16,46,50,53,79,83,86,97,99" m="49161" machi="46" ten="30,2000,0" yaku="19,1,54,1" doraHai="58" who="0" fromWho="1" sc="498,20,188,-20,157,0,157,0" /><INIT seed="2,0,0,1,4,20" ten="518,168,157,157" oya="2" hai0="58,111,29,109,51,87,38,55,68,41,101,82,5" hai1="14,126,125,10,80,124,81,98,9,65,113,35,67" hai2="54,130,31,75,86,16,108,132,6,64,15,60,96" hai3="66,4,37,70,39,94,57,53,117,1,88,92,99"/><V25/><F130/><W11/><G117/><T76/><D101/><U106/><E113/><V56/><F75/><W127/><G127/><T69/><D5/><U32/><E106/><V122/><F122/><W120/><G120/><T0/><D0/><U30/><E98/><V72/><F72/><W47/><G47/><N who="0" m="23991" /><D29/><U28/><E125/><V7/><F132/><W48/><REACH who="3" step="1"/><G94/><REACH who="3" ten="518,168,157,147" step="2"/><T33/><D33/><U40/><E40/><V12/><F108/><AGARI ba="0,1" hai="51,55,58,68,69,76,82,87,108,109,111" m="23991" machi="108" ten="30,1000,0" yaku="14,1" doraHai="20" who="0" fromWho="2" sc="518,20,168,0,157,-10,147,0" /><INIT seed="3,0,0,3,2,68" ten="538,168,147,147" oya="3" hai0="37,40,121,123,21,48,1,98,8,18,100,109,126" hai1="12,35,110,84,120,95,16,86,85,103,29,27,107" hai2="59,30,7,15,58,99,75,94,77,34,105,67,32" hai3="65,49,19,135,130,113,54,124,122,45,36,17,74"/><W13/><G113/><T111/><D37/><U3/><E120/><V83/><F105/><W2/><G122/><T91/><D91/><U31/><E3/><V6/><F32/><W24/><G2/><T22/><D22/><U82/><E107/><V90/><F34/><W5/><G74/><T108/><D126/><U117/><E117/><V73/><F73/><W88/><G124/><T11/><D40/><U115/><E115/><V93/><F30/><N who="1" m="11273" /><E35/><V10/><F6/><W71/><G130/><T41/><D48/><U76/><E27/><V128/><F128/><W43/><G135/><T92/><D41/><U69/><E69/><V60/><F94/><W42/><G42/><T47/><D47/><U114/><E114/><V38/><F38/><W80/><G71/><AGARI ba="0,0" hai="7,10,15,58,59,60,67,71,75,77,83,90,93,99" machi="71" ten="30,1000,0" yaku="7,1" doraHai="68" who="2" fromWho="3" sc="538,0,168,0,147,10,147,-10" owari="538,63.0,168,-3.0,157,-24.0,137,-36.0" /></mjloggm>