<mjloggm ver="2.3"><GO type="169" lobby="0"/><UN n0="%47%2E%4B%2E" n1="%E3%82%88%E3%81%93%40%63" n2="%79%75%75%6B%69%35%32%30" n3="%E3%82%8F%E3%81%A3%E3%81%97%E3%82%87%E3%81%84%E5%90%9B%32%E5%8F%B7" dan="17,17,16,17" rate="2199.91,2147.33,2068.61,2273.41" sx="M,F,M,M"/><TAIKYOKU oya="0"/><INIT seed="0,0,0,3,1,103" ten="250,250,250,250" oya="0" hai0="27,127,38,134,125,33,135,31,60,120,86,118,12" hai1="19,99,1,26,81,92,132,0,79,65,24,61,25" hai2="90,91,37,30,58,129,40,82,121,3,64,4,115" hai3="39,35,80,124,29,114,17,102,83,74,73,133,100"/><T48/><D38/><U47/><E132/><N who="0" m="50729" /><D118/><U69/><E47/><V49/><F115/><W28/><G114/><T122/><D48/><U111/><E111/><V41/><F121/><N who="0" m="46698" /><D86/><U87/><REACH who="1" step="1"/><E19/><REACH who="1" ten="250,240,250,250" step="2"/><V14/><F37/><W55/><G39/><T71/><D12/><U63/><E63/><V42/><F14/><W117/><G133/><T50/><D50/><U94/><E94/><V15/><F49/><W13/><G13/><T75/><D75/><U18/><E18/><V51/><F51/><W112/><G17/><T84/><D84/><U57/><E57/><V21/><F15/><W128/><G73/><T34/><D34/><U9/><E9/><V85/><F85/><W123/><G74/><T113/><D113/><U45/><E45/><V107/><F3/><W77/><G35/><T96/><D96/><U104/><E104/><V36/><F107/><W108/><G112/><T62/><D60/><U93/><E93/><V52/><F36/><W68/><G123/><T67/><AGARI ba="0,1" hai="27,31,33,62,67,71,125,127" m="46698,50729" machi="67" ten="40,3900,0" yaku="20,1,23,1" doraHai="103" who="0" fromWho="0" sc="250,49,240,-13,250,-13,250,-13" /><INIT seed="0,1,0,5,4,27" ten="299,227,237,237" oya="0" hai0="52,132,111,108,130,28,24,49,37,134,82,112,66" hai1="109,11,88,103,16,59,45,7,116,31,38,30,122" hai2="6,119,33,69,58,64,56,15,29,125,90,47,127" hai3="1,117,100,55,63,17,65,115,113,128,51,54,129"/><T73/><D37/><U102/><E116/><V9/><F69/><W74/><G17/><T79/><D66/><U123/><E109/><N who="0" m="42057" /><D130/><N who="3" m="50281" /><G1/><T50/><D112/><N who="3" m="43081" /><G100/><T72/><D72/><U126/><E38/><V71/><F71/><N who="3" m="42431" /><G74/><T67/><D67/><U53/><E123/><V36/><F119/><W14/><G14/><T99/><D99/><U18/><E126/><N who="2" m="48139" /><F64/><W22/><G22/><N who="0" m="15383" /><D49/><N who="1" m="28847" /><E122/><V77/><F77/><W106/><G106/><T26/><D26/><U91/><E7/><V8/><F8/><W35/><G35/><T57/><AGARI ba="1,0" hai="50,52,57,73,79,82,132,134" m="15383,42057" machi="57" ten="30,11700,0" yaku="14,1,10,1,52,1,54,1" doraHai="27" who="0" fromWho="0" sc="299,120,227,-40,237,-40,237,-40" /><INIT seed="0,2,0,4,4,78" ten="419,187,197,197" oya="0" hai0="24,26,10,76,72,8,123,93,45,71,9,66,7" hai1="84,19,30,105,79,99,33,134,124,111,52,18,21" hai2="81,41,2,88,129,70,34,97,64,103,80,5,118" hai3="126,63,117,122,128,55,94,4,115,25,59,0,40"/><T60/><D123/><U125/><E111/><V16/><F34/><W85/><G115/><T3/><D93/><U15/><E134/><V110/><F110/><W53/><G117/><T90/><D90/><U83/><E33/><V27/><F2/><W74/><G74/><T121/><D121/><U132/><E30/><V44/><F5/><W43/><G126/><N who="1" m="48746" /><E132/><V13/><F118/><W39/><G128/><T120/><D120/><U58/><E21/><N who="2" m="13735" /><F129/><W77/><G39/><T101/><D101/><N who="1" m="62655" /><E15/><V82/><F70/><W75/><G25/><T108/><D108/><U127/><N who="1" m="48754" /><U1/><DORA hai="113" /><E1/><V42/><F64/><W54/><G0/><T12/><D9/><U100/><E100/><V36/><F36/><W61/><G122/><T116/><D8/><U28/><E28/><V38/><F38/><W35/><G35/><T6/><D10/><U46/><E46/><V50/><F41/><W86/><G40/><T68/><D68/><U48/><AGARI ba="2,0" hai="18,19,48,52,58,79,83,84" m="62655,48754" machi="48" ten="40,5200,0" yaku="18,1,52,1,54,1" doraHai="78,113" who="1" fromWho="1" sc="419,-28,187,58,197,-15,197,-15" /><INIT seed="1,0,0,2,3,79" ten="391,245,182,182" oya="1" hai0="59,84,34,8,27,118,24,107,96,37,133,33,50" hai1="119,69,1,9,76,35,7,131,134,123,56,49,31" hai2="128,3,101,87,2,30,98,43,112,78,102,125,13" hai3="60,41,104,29,52,73,124,57,48,110,12,32,92"/><U45/><E119/><V61/><F128/><W94/><G110/><T65/><D37/><U95/><E69/><V91/><F125/><W86/><G124/><T15/><D118/><U106/><E106/><V17/><F112/><W38/><G73/><T82/><D133/><U100/><E134/><V122/><F122/><W115/><G115/><T19/><D33/><U126/><E126/><V111/><F111/><W97/><G38/><T103/><D34/><U135/><E123/><V113/><F113/><W46/><G32/><T40/><D40/><U62/><E131/><V4/><F30/><W90/><G29/><T0/><D0/><U22/><E35/><V18/><F78/><W36/><G104/><T39/><D39/><U114/><E76/><V23/><F4/><W20/><G36/><T77/><REACH who="0" step="1"/><D65/><REACH who="0" ten="381,245,182,182" step="2"/><N who="1" m="39111" /><E114/><V129/><F129/><W66/><G66/><T54/><AGARI ba="0,1" hai="8,15,19,24,27,50,54,59,77,82,84,96,103,107" machi="54" ten="30,4000,0" yaku="1,1,0,1,52,1,53,0" doraHai="79" doraHaiUra="42" who="0" fromWho="0" sc="381,50,245,-20,182,-10,182,-10" /><INIT seed="2,0,0,1,5,86" ten="431,225,172,172" oya="2" hai0="83,17,45,50,73,94,109,8,126,67,82,93,41" hai1="14,131,13,127,135,39,3,65,88,113,99,28,62" hai2="53,80,44,19,48,75,84,46,56,123,54,5,111" hai3="34,43,78,42,16,55,64,125,37,106,23,7,81"/><V117/><F117/><W85/><G34/><T77/><D109/><U71/><E3/><V18/><F123/><W20/><G106/><T2/><D126/><U51/><E39/><V124/><F124/><W100/><G125/><T107/><D107/><U63/><E113/><V12/><F111/><W47/><G100/><T32/><D32/><U11/><E131/><V24/><F75/><W118/><G118/><T110/><D110/><U29/><E127/><V103/><F103/><W31/><G7/><T21/><D67/><U130/><E63/><V79/><F24/><N who="3" m="16775" /><G37/><T108/><D108/><U36/><E36/><V57/><F5/><W1/><G1/><T97/><D82/><U119/><E119/><V38/><F38/><W9/><G9/><T25/><D97/><U52/><E14/><V105/><F105/><W60/><G64/><T69/><D69/><U33/><E33/><V22/><REACH who="2" step="1"/><F19/><REACH who="2" ten="431,225,162,172" step="2"/><W132/><G132/><T122/><D122/><U116/><E135/><V87/><F87/><W104/><G104/><T134/><D134/><U114/><E116/><V121/><F121/><W115/><G115/><T101/><D101/><U95/><E114/><V58/><F58/><N who="3" m="34911" /><G47/><T26/><D25/><AGARI ba="0,1" hai="16,23,25,42,43,78,81,85" m="34911,16775" machi="25" ten="30,2000,0" yaku="8,1,54,1" doraHai="86" who="3" fromWho="0" sc="431,-20,225,0,162,0,172,30" /><INIT seed="3,0,0,2,4,92" ten="411,225,162,202" oya="3" hai0="0,16,60,29,110,14,52,43,101,67,51,44,6" hai1="100,66,38,61,31,9,74,26,107,103,64,3,133" hai2="58,15,132,79,1,128,56,75,35,88,36,55,134" hai3="108,21,17,117,28,78,68,20,27,48,120,135,127"/><W104/><G120/><T24/><D110/><U126/><E74/><V76/><F1/><W125/><G117/><T69/><D101/><U122/><E38/><V86/><F36/><W53/><G135/><N who="2" m="51753" /><F35/><W19/><G68/><T111/><D111/><U70/><E66/><V106/><F106/><W45/><G108/><T90/><D90/><U105/><E122/><V85/><F128/><W22/><G104/><T102/><D102/><U115/><E107/><V33/><F85/><W97/><G78/><T95/><D95/><U47/><E115/><V41/><F41/><W50/><G50/><T94/><D94/><U119/><E126/><N who="3" m="48138" /><G97/><T72/><D72/><U93/><E105/><V12/><F75/><W10/><G10/><T34/><D0/><U8/><E3/><V98/><F98/><W129/><G129/><T109/><D6/><U57/><E70/><V71/><F71/><W81/><G81/><T87/><D87/><U18/><E133/><V82/><F56/><W32/><AGARI ba="0,0" hai="17,19,20,21,22,27,28,32,45,48,53" m="48138" machi="32" ten="30,1500,0" yaku="18,1" doraHai="92" who="3" fromWho="3" sc="411,-5,225,-5,162,-5,202,15" /><INIT seed="3,1,0,0,2,29" ten="406,220,157,217" oya="3" hai0="121,71,113,99,58,84,111,68,54,122,1,125,55" hai1="40,41,128,62,124,43,56,120,102,20,0,35,5" hai2="44,30,69,92,97,33,32,85,86,25,57,131,75" hai3="100,114,112,34,3,81,21,2,78,16,31,101,9"/><W135/><G135/><T51/><D1/><U96/><E120/><N who="0" m="46185" /><D84/><U106/><E124/><V23/><F75/><W70/><G70/><N who="0" m="26667" /><D99/><U117/><E128/><V109/><F109/><W105/><G105/><T10/><D10/><U4/><E117/><V126/><F126/><W46/><G101/><T7/><D7/><U73/><E73/><V118/><F131/><W82/><G100/><T76/><D76/><U27/><E0/><V119/><F69/><W79/><G31/><T52/><D125/><U8/><E8/><V26/><F44/><W12/><G9/><T60/><D111/><U36/><E36/><V87/><F57/><W94/><G94/><T93/><D93/><U48/><E48/><V133/><F133/><W95/><G95/><T63/><D113/><U80/><E80/><V104/><F104/><W17/><G21/><T132/><D132/><U61/><E61/><AGARI ba="1,0" hai="51,52,54,55,58,60,61,63" m="26667,46185" machi="61" ten="30,3900,0" yaku="34,2,54,1" doraHai="29" who="0" fromWho="1" sc="406,42,220,-42,157,0,217,0" /><INIT seed="4,0,0,3,3,30" ten="448,178,157,217" oya="0" hai0="39,133,94,100,32,85,44,96,0,134,86,47,16" hai1="60,58,71,41,3,14,59,67,101,13,125,64,15" hai2="7,42,115,117,111,23,81,69,10,24,79,135,1" hai3="74,52,20,131,43,121,66,11,123,72,98,109,22"/><T65/><D0/><U25/><E3/><V57/><F111/><W124/><G109/><T2/><D2/><U89/><E125/><V5/><F115/><W122/><G124/><T46/><D39/><U31/><E41/><V106/><F135/><N who="0" m="51722" /><D65/><U51/><E51/><V9/><F69/><W83/><G131/><T29/><D16/><U18/><E67/><V87/><F106/><W33/><G66/><T82/><D82/><U93/><E101/><V8/><F117/><W114/><G114/><T27/><AGARI ba="0,0" hai="27,29,32,44,46,47,85,86,94,96,100" m="51722" machi="27" ten="40,3900,0" yaku="20,1,52,1" doraHai="30" who="0" fromWho="0" sc="448,39,178,-13,157,-13,217,-13" /><INIT seed="4,1,0,2,0,51" ten="487,165,144,204" oya="0" hai0="58,15,125,120,23,12,116,114,105,75,133,17,79" hai1="83,45,65,11,4,131,115,85,64,10,28,76,16" hai2="128,19,129,127,61,112,71,54,132,44,70,96,47" hai3="42,55,21,109,101,24,46,102,90,68,94,66,43"/><T104/><D116/><U95/><E131/><N who="2" m="50251" /><F19/><W9/><G109/><T113/><D120/><U118/><E118/><V53/><F96/><W99/><G9/><T36/><D36/><U117/><E117/><V18/><F112/><N who="0" m="43114" /><D133/><U20/><E28/><V69/><F132/><W135/><G135/><T0/><D0/><U8/><E4/><V91/><F91/><W30/><G101/><T80/><D125/><U97/><E45/><N who="2" m="17483" /><F127/><W40/><G90/><T134/><D134/><U34/><E34/><V130/><N who="2" m="50259" /><V2/><DORA hai="32" /><F2/><W39/><G39/><T87/><D58/><U92/><E115/><V124/><F124/><W48/><G68/><T3/><D3/><U33/><E33/><V103/><F103/><W82/><G82/><N who="0" m="45439" /><D12/><U50/><E95/><V77/><F77/><AGARI ba="1,0" hai="15,17,23,77,80,87,104,105" m="45439,43114" machi="77" ten="30,1500,0" yaku="15,1" doraHai="51,32" who="0" fromWho="2" sc="487,18,165,0,144,-18,204,0" /><INIT seed="4,2,0,5,3,35" ten="505,165,126,204" oya="0" hai0="28,11,40,119,81,59,127,16,115,19,41,56,133" hai1="83,51,34,1,103,74,37,39,100,32,57,80,66" hai2="84,47,129,0,8,48,71,125,97,7,68,99,87" hai3="70,132,134,26,6,67,52,94,106,3,135,107,27"/><T102/><D119/><U23/><E74/><V89/><F129/><W117/><G117/><T110/><D115/><U76/><E66/><V69/><F125/><W98/><G67/><T17/><D127/><U61/><E23/><V30/><F30/><W62/><G70/><T108/><D102/><U36/><E51/><V14/><F14/><W92/><G27/><T88/><D28/><U44/><E57/><N who="0" m="22089" /><D11/><U79/><E39/><V105/><F105/><W60/><G52/><T55/><D55/><U2/><E44/><V12/><F12/><W29/><G106/><T111/><D133/><U4/><E4/><V90/><F87/><AGARI ba="2,0" hai="16,17,19,40,41,81,87,88,108,110,111" m="22089" machi="87" ten="40,7700,0" yaku="10,1,54,2" doraHai="35" who="0" fromWho="2" sc="505,83,165,0,126,-83,204,0" /><INIT seed="4,3,0,0,0,88" ten="588,165,43,204" oya="0" hai0="64,57,47,109,127,130,39,26,118,99,123,91,78" hai1="116,38,9,34,68,62,16,55,90,12,28,35,95" hai2="131,107,53,105,58,36,129,4,98,106,22,134,76" hai3="15,84,50,51,86,75,33,104,81,128,93,48,23"/><T79/><D118/><U30/><E116/><V112/><F112/><W52/><G104/><T110/><D123/><U77/><E77/><V103/><F36/><W45/><G33/><T114/><D114/><U126/><E38/><V11/><F134/><W92/><G128/><N who="2" m="49225" /><F76/><W46/><G75/><T83/><D26/><U32/><E126/><V135/><F22/><W5/><G50/><T73/><D78/><U89/><E89/><V54/><F135/><W63/><G63/><T80/><D80/><U108/><E108/><V132/><F132/><W74/><G74/><T24/><D24/><U43/><E43/><V82/><F82/><W13/><G13/><T2/><D83/><U29/><E55/><N who="2" m="21003" /><F58/><W101/><G81/><T61/><D57/><U115/><E115/><V66/><F66/><W120/><G120/><T133/><D133/><U44/><E44/><V19/><F19/><N who="3" m="10751" /><G5/><T56/><D47/><U10/><E10/><V49/><F49/><W125/><G125/><T96/><D127/><U100/><E62/><V60/><F60/><W7/><G7/><T31/><D109/><U41/><E41/><V20/><F20/><W27/><G48/><T113/><D110/><U121/><E121/><V111/><F111/><W25/><G46/><T122/><D122/><U94/><E68/><V6/><F6/><W124/><G124/><T42/><D130/><U8/><E8/><V72/><F72/><W3/><G51/><T85/><D39/><U97/><REACH who="1" step="1"/><E35/><REACH who="1" ten="588,155,43,204" step="2"/><V87/><F87/><AGARI ba="3,1" hai="9,12,16,28,29,30,32,34,87,90,94,95,97,100" machi="87" ten="40,8000,1" yaku="1,1,2,1,52,2,54,1,53,0" doraHai="88" doraHaiUra="65" who="1" fromWho="2" sc="588,0,155,99,43,-89,204,0" owari="588,70.0,254,5.0,-46,-55.0,204,-20.0" /></mjloggm>