<mjloggm ver="2.3"><GO type="225" lobby="0"/><UN n0="%E8%A3%81%E3%81%8D%E3%81%AE%E9%BE%8D" n1="%E9%BB%92%E7%8C%AB%73%69%6E" n2="%E3%83%81%E3%83%BC%E3%83%88%E3%82%A4%E7%9F%AD%E6%9C%9F%E5%A4%A7%E5%AD%A6" n3="%E3%82%8C%E3%81%A3%E3%81%A9%E3%81%A9%E3%81%A3%E3%81%90" dan="16,17,16,16" rate="2041.71,2200.79,2127.96,2034.88" sx="F,M,M,F"/><TAIKYOKU oya="0"/><INIT seed="0,0,0,2,5,78" ten="250,250,250,250" oya="0" hai0="85,20,120,40,23,70,77,104,54,14,15,101,19" hai1="67,7,32,115,74,108,60,105,6,65,49,50,125" hai2="82,69,68,47,131,76,107,29,61,28,31,25,86" hai3="33,48,5,56,12,118,0,112,106,62,3,124,114"/><T36/><D120/><U117/><E105/><V66/><F131/><W16/><G106/><T134/><D70/><U21/><E32/><V87/><F107/><W79/><G118/><T102/><D134/><U93/><E117/><V30/><F47/><W71/><G33/><T17/><D104/><U135/><E135/><V116/><F116/><W98/><G124/><T35/><D35/><U113/><E125/><V64/><F64/><N who="1" m="24649" /><E108/><V52/><F69/><W4/><G71/><T89/><D77/><U39/><E60/><V127/><F127/><W41/><G3/><T109/><D109/><U46/><E21/><V84/><REACH who="2" step="1"/><F52/><REACH who="2" ten="250,250,240,250" step="2"/><N who="3" m="34055" /><G112/><T132/><D132/><U111/><E111/><V119/><F119/><W72/><G114/><T10/><D54/><U83/><E113/><V126/><F126/><W18/><G41/><T37/><D40/><U55/><E115/><V133/><F133/><W122/><G122/><T24/><D37/><U44/><E39/><V1/><F1/><W99/><G0/><T73/><D36/><U58/><E46/><V26/><F26/><W13/><G12/><T94/><REACH who="0" step="1"/><D73/><REACH who="0" ten="240,250,240,250" step="2"/><U9/><E74/><V130/><F130/><W92/><G72/><T100/><D100/><U75/><E75/><V103/><F103/><W123/><G123/><T11/><D11/><U42/><E9/><V63/><F63/><W43/><G43/><T110/><D110/><U80/><E42/><V8/><F8/><W91/><G48/><T27/><D27/><U38/><E38/><V97/><F97/><W88/><G99/><T128/><D128/><U51/><E51/><RYUUKYOKU ba="0,2" sc="240,15,250,-15,240,15,250,-15" hai0="10,14,15,17,19,20,23,24,85,89,94,101,102" hai2="25,28,29,30,31,61,66,68,76,82,84,86,87" /><INIT seed="0,1,2,1,1,59" ten="255,235,255,235" oya="0" hai0="110,134,60,128,11,113,108,49,63,17,112,117,31" hai1="103,30,99,25,20,133,29,101,72,22,62,45,118" hai2="24,116,131,53,44,19,64,0,98,89,6,100,75" hai3="42,79,86,56,114,18,70,104,123,35,27,16,43"/><T4/><D117/><U3/><E118/><V68/><F75/><W96/><G114/><T57/><D31/><U82/><E3/><V94/><F116/><W102/><G123/><T58/><D17/><U61/><E133/><V92/><F131/><W5/><G5/><T135/><D49/><U76/><E45/><V12/><F0/><W80/><G70/><T83/><D83/><U127/><E127/><V78/><F78/><W54/><G35/><T73/><D73/><U69/><E69/><V111/><F111/><N who="0" m="42538" /><D128/><U14/><E101/><V21/><F6/><W84/><G84/><T129/><D129/><U26/><E14/><V91/><F24/><W51/><REACH who="3" step="1"/><G18/><REACH who="3" ten="255,235,255,225" step="2"/><T28/><D113/><U10/><E10/><V50/><REACH who="2" step="1"/><F94/><AGARI ba="1,3" hai="20,22,25,26,29,30,61,62,72,76,82,94,99,103" machi="94" ten="30,7700,0" yaku="7,1,9,1,52,2" doraHai="59" who="1" fromWho="2" sc="255,0,235,110,255,-80,225,0" /><INIT seed="1,0,0,2,5,15" ten="255,345,175,225" oya="1" hai0="88,39,11,114,127,38,36,80,30,95,22,45,51" hai1="110,55,109,47,37,17,134,19,50,62,60,35,116" hai2="102,118,5,76,0,78,3,83,40,111,128,71,29" hai3="90,13,59,97,49,100,87,6,98,52,119,75,89"/><U105/><E105/><V66/><F118/><W12/><G75/><T48/><D114/><U16/><E116/><V33/><F111/><N who="1" m="42505" /><E134/><V42/><F128/><W130/><G119/><T20/><D127/><U61/><E35/><V86/><F102/><W92/><G130/><T93/><D11/><U113/><E37/><V124/><F124/><W31/><G6/><T96/><D80/><U57/><E113/><V107/><F107/><W122/><G122/><T68/><D68/><U26/><E26/><V44/><F78/><W24/><G98/><T54/><D30/><U120/><E120/><V63/><F5/><W133/><G133/><T85/><REACH who="0" step="1"/><D48/><REACH who="0" ten="245,345,175,225" step="2"/><U23/><E23/><V8/><F8/><W9/><G9/><T81/><D81/><U99/><E99/><V32/><F29/><W79/><G79/><T18/><D18/><U106/><E106/><V43/><REACH who="2" step="1"/><F44/><AGARI ba="0,1" hai="16,17,19,44,47,50,55,57,60,61,62" m="42505" machi="44" ten="40,18000,2" yaku="14,1,10,1,52,3,54,1" doraHai="15" who="1" fromWho="2" sc="245,0,345,190,175,-180,225,0" owari="245,5.0,535,63.0,-5,-51.0,225,-17.0" /></mjloggm>