<mjloggm ver="2.3"><GO type="169" lobby="0"/><UN n0="%28%3B%E3%83%BB%E2%88%80%E3%83%BB%29" n1="%72%52%66%44%79%55%66" n2="%E3%83%88%E3%82%AD%E9%9B%80%E7%8B%82%E4%BA%BA%E6%88%A6%E4%BB%A3%E8%A1%A8" n3="%61%70%70%6C%61%75%73%65" dan="16,16,16,16" rate="2166.52,2116.71,2097.63,2118.10" sx="M,M,M,F"/><TAIKYOKU oya="0"/><INIT seed="0,0,0,4,0,117" ten="250,250,250,250" oya="0" hai0="84,100,4,8,103,13,10,27,9,124,70,41,101" hai1="87,21,59,26,63,51,82,2,107,98,69,121,76" hai2="55,45,90,17,106,78,15,81,72,19,91,65,39" hai3="104,48,128,105,68,115,80,18,108,42,38,111,66"/><T31/><D70/><U119/><E119/><V25/><F106/><W118/><G118/><T52/><D124/><U54/><E2/><V131/><F131/><W20/><G115/><T0/><D41/><U22/><E121/><V71/><F71/><W24/><G38/><T40/><D40/><U37/><E37/><V67/><F39/><W129/><G80/><T132/><D132/><U30/><E107/><V99/><F55/><W126/><G126/><T43/><D43/><U56/><E69/><V11/><F45/><N who="3" m="25655" /><G66/><T44/><D84/><U125/><E125/><V16/><F25/><W33/><G68/><T73/><D73/><U86/><E98/><V113/><F113/><W60/><G60/><T89/><D89/><U102/><E102/><V5/><F91/><W29/><G105/><T75/><D75/><U120/><E120/><V79/><F79/><W88/><G88/><T85/><D85/><U77/><E87/><V32/><REACH who="2" step="1"/><F32/><REACH who="2" ten="250,250,240,250" step="2"/><W94/><G104/><T114/><D114/><U23/><REACH who="1" step="1"/><E77/><REACH who="1" ten="250,240,240,250" step="2"/><V74/><F74/><W110/><G94/><AGARI ba="0,2" hai="5,11,15,16,17,19,65,67,72,78,81,90,94,99" machi="94" ten="40,2600,0" yaku="1,1,54,1,53,0" doraHai="117" doraHaiUra="64" who="2" fromWho="3" sc="250,0,240,0,240,46,250,-26" /><INIT seed="1,0,0,3,1,85" ten="250,240,286,224" oya="1" hai0="4,87,9,84,102,96,117,130,109,111,93,78,121" hai1="40,2,74,116,20,36,28,60,134,88,92,126,50" hai2="0,73,79,26,99,11,48,118,13,31,67,125,72" hai3="47,61,103,62,83,24,127,68,77,57,53,63,122"/><U58/><E126/><V89/><F0/><W56/><G122/><T22/><D117/><U104/><E134/><V23/><F125/><W119/><G127/><T12/><D121/><U7/><E116/><V25/><F118/><W69/><G103/><T75/><D130/><U110/><E104/><V41/><F67/><W100/><G100/><T44/><D75/><U52/><E74/><V131/><F131/><W123/><G123/><T86/><D78/><U55/><E110/><N who="0" m="41993" /><D44/><N who="1" m="25863" /><E36/><V113/><F113/><W8/><G119/><T49/><D49/><U91/><E7/><V21/><F79/><W124/><G124/><T43/><D43/><U98/><E2/><V10/><F73/><W35/><G8/><T14/><D14/><U81/><E81/><V107/><F107/><W135/><G83/><T132/><D132/><U33/><E33/><V108/><F72/><W42/><G77/><T16/><D22/><U64/><E91/><V6/><F108/><W46/><G135/><T27/><D27/><AGARI ba="0,0" hai="20,27,28,52,55,58,60,64,88,92,98" m="25863" machi="27" ten="30,11600,0" yaku="8,1,52,1,54,2" doraHai="85" who="1" fromWho="0" sc="250,-116,240,116,286,0,224,0" /><INIT seed="1,1,0,1,3,95" ten="134,356,286,224" oya="1" hai0="78,54,66,117,73,41,49,0,4,12,25,64,74" hai1="40,10,134,35,125,56,89,130,121,46,133,104,14" hai2="13,29,36,126,44,113,26,72,122,88,79,37,77" hai3="108,68,19,101,32,123,94,69,90,51,127,24,135"/><U118/><E118/><V43/><F122/><W63/><G123/><T17/><D117/><U96/><E121/><V84/><F126/><W112/><G112/><T52/><D41/><U124/><E35/><V129/><F113/><W75/><G75/><T80/><D74/><U93/><E104/><V3/><F3/><W15/><G127/><N who="1" m="48714" /><E56/><V105/><F105/><W5/><G108/><T27/><D0/><U103/><E130/><V57/><F36/><W128/><G135/><N who="1" m="51722" /><E103/><V114/><F129/><W86/><G101/><T120/><D4/><N who="1" m="3399" /><E40/><V22/><F114/><W62/><G32/><T83/><D120/><U50/><E50/><V87/><F57/><W28/><G51/><T97/><D80/><U110/><E46/><V23/><F44/><W33/><G128/><T91/><D64/><U20/><E20/><V42/><F43/><W76/><G68/><T100/><D66/><U58/><E58/><V1/><F42/><W48/><G69/><T119/><D119/><U45/><E45/><V98/><F22/><N who="3" m="11647" /><G48/><T2/><D2/><U59/><E59/><V53/><F1/><W92/><G33/><T131/><D131/><U115/><E115/><V70/><F70/><W60/><G62/><T38/><D38/><U11/><E11/><V6/><F37/><W109/><G60/><T61/><D61/><U65/><E65/><V116/><F116/><W82/><G63/><T18/><D49/><U67/><E67/><V71/><F71/><W111/><G5/><T9/><D100/><U102/><E102/><V30/><F6/><W31/><G111/><AGARI ba="1,0" hai="89,93,96,110,111" m="3399,51722,48714" machi="111" ten="40,7700,0" yaku="18,1,20,1,52,1" doraHai="95" who="1" fromWho="3" sc="134,0,356,80,286,0,224,-80" /><INIT seed="1,2,0,3,3,62" ten="134,436,286,144" oya="1" hai0="39,66,45,15,135,91,88,63,53,71,96,24,59" hai1="112,47,102,57,87,132,19,11,23,70,35,12,127" hai2="113,80,40,98,110,104,34,116,114,99,4,95,33" hai3="79,130,64,9,117,20,94,41,76,108,7,69,82"/><U22/><E127/><V56/><F116/><W21/><G41/><T48/><D135/><U37/><E112/><V126/><F126/><W5/><G108/><T72/><D72/><U10/><E132/><V84/><F40/><W74/><G79/><T25/><D15/><U86/><E70/><V68/><F68/><W26/><G117/><T107/><D107/><U27/><E35/><V55/><F4/><W30/><G130/><T125/><D125/><U134/><E134/><V103/><F110/><W54/><G7/><T16/><D25/><U118/><E118/><V28/><F28/><W61/><G94/><T73/><D73/><U83/><E102/><V38/><F38/><W42/><G54/><T93/><D91/><U90/><E86/><V46/><F46/><W97/><G97/><T128/><D128/><U36/><E57/><V124/><F124/><W85/><G42/><N who="0" m="22751" /><D24/><U13/><E47/><V111/><F111/><W2/><REACH who="3" step="1"/><G74/><REACH who="3" ten="134,436,286,134" step="2"/><T31/><D31/><U131/><E131/><V109/><F109/><W18/><G18/><AGARI ba="2,1" hai="16,18,48,53,59,63,66,71,88,93,96" m="22751" machi="18" ten="30,7700,0" yaku="24,1,52,1,54,2" doraHai="62" who="0" fromWho="3" sc="134,93,436,0,286,0,134,-83" /><INIT seed="2,0,0,0,4,59" ten="227,436,286,51" oya="2" hai0="84,13,130,24,88,128,33,83,112,98,74,64,57" hai1="62,106,129,38,1,35,120,121,124,125,115,127,6" hai2="103,17,79,96,110,97,3,36,107,92,116,118,68" hai3="134,105,100,41,60,50,29,81,10,47,45,80,102"/><V111/><F36/><W91/><G134/><T37/><D112/><U31/><E106/><V44/><F3/><W19/><G29/><T69/><D69/><U86/><E38/><V46/><F68/><W101/><G105/><T2/><D2/><U21/><E86/><V67/><F67/><W53/><G47/><T51/><D37/><U5/><E62/><V4/><F4/><N who="1" m="1641" /><E1/><V16/><F79/><W28/><G28/><T75/><D33/><U26/><E115/><V73/><F73/><W66/><G41/><T49/><D24/><N who="1" m="18919" /><E129/><N who="0" m="49769" /><D13/><U89/><E89/><V52/><F107/><W108/><G108/><N who="2" m="41513" /><F97/><W58/><REACH who="3" step="1"/><G91/><REACH who="3" ten="227,436,286,41" step="2"/><T133/><D133/><U72/><E72/><V135/><F44/><W131/><G131/><T23/><D75/><U18/><AGARI ba="0,1" hai="18,21,26,120,121,124,125,127" m="18919,1641" machi="18" ten="40,5200,0" yaku="18,1,34,2" doraHai="59" who="1" fromWho="1" sc="227,-13,436,62,286,-26,41,-13" /><INIT seed="3,0,0,5,3,121" ten="214,498,260,28" oya="3" hai0="43,113,108,11,46,117,97,18,74,65,89,69,116" hai1="128,127,25,118,105,95,52,125,104,36,57,112,91" hai2="76,77,40,14,134,84,58,96,122,8,131,120,7" hai3="100,71,101,60,34,32,39,80,103,90,47,111,45"/><W87/><G39/><T93/><D74/><U123/><E112/><V3/><F134/><W33/><G60/><T15/><D113/><U67/><E123/><N who="2" m="47147" /><F40/><W29/><G71/><T88/><D69/><U31/><E118/><V63/><F131/><W130/><G130/><T16/><D65/><U81/><E128/><V126/><F126/><N who="1" m="48137" /><E81/><V73/><F73/><W132/><G132/><T35/><D35/><N who="1" m="20975" /><E67/><N who="2" m="39415" /><F84/><W53/><G29/><T22/><D89/><U54/><E36/><V124/><F124/><W102/><N who="3" m="25600" /><DORA hai="42" /><W109/><G53/><N who="1" m="20586" /><E57/><V13/><F96/><AGARI ba="0,0" hai="91,95,96,104,105" m="20586,20975,48137" machi="96" ten="30,2000,0" yaku="18,1,54,1" doraHai="121,42" who="1" fromWho="2" sc="214,0,498,20,260,-20,28,0" /><INIT seed="4,0,0,3,3,58" ten="214,518,240,28" oya="0" hai0="8,94,61,106,69,36,65,55,3,53,50,75,135" hai1="49,31,10,96,51,2,88,41,126,44,7,107,30" hai2="111,21,39,103,124,0,32,9,129,42,47,38,90" hai3="78,132,84,15,18,97,108,22,123,109,16,73,48"/><T117/><D106/><U80/><E126/><V125/><F32/><W79/><G73/><T72/><D117/><U66/><E66/><V34/><F34/><W102/><G132/><T67/><D36/><U81/><E107/><V4/><F111/><W95/><G123/><T112/><D135/><U23/><E51/><V121/><F121/><W110/><G48/><T14/><D3/><U116/><E116/><V56/><F39/><W1/><G1/><T85/><D112/><U19/><E81/><V82/><F103/><W74/><G74/><T13/><D53/><U93/><E80/><V98/><F129/><W83/><REACH who="3" step="1"/><G18/><REACH who="3" ten="214,518,240,18" step="2"/><T26/><D72/><U33/><E33/><V12/><F0/><W105/><G105/><T133/><D75/><U29/><E29/><V17/><F124/><W27/><G27/><AGARI ba="0,1" hai="2,7,10,19,23,27,30,31,41,44,49,88,93,96" machi="27" ten="30,2000,0" yaku="7,1,54,1" doraHai="58" who="1" fromWho="3" sc="214,0,518,30,240,0,18,-20" owari="214,-19.0,548,65.0,240,4.0,-2,-50.0" /></mjloggm>