<mjloggm ver="2.3"><GO type="169" lobby="0"/><UN n0="%6D%75%63%68" n1="%E4%B8%AD%E5%B7%9D%E5%86%85%E9%9B%AA%E9%9F%B3" n2="%E6%B2%96%E3%83%92%E3%82%AB%E3%83%AB%EF%BC%88%E6%9C%AC%E7%89%A9%EF%BC%89" n3="%72%52%66%44%79%55%66" dan="16,16,16,16" rate="2010.43,2125.02,2063.92,2122.92" sx="M,F,F,M"/><TAIKYOKU oya="0"/><INIT seed="0,0,0,3,3,80" ten="250,250,250,250" oya="0" hai0="11,63,2,108,36,19,114,77,48,26,122,68,34" hai1="116,73,66,128,124,118,117,113,58,98,13,46,69" hai2="110,33,84,125,21,40,126,85,9,100,44,87,1" hai3="89,42,17,30,8,47,131,111,22,45,53,72,57"/><T99/><D114/><U95/><E113/><V76/><F33/><W123/><G111/><T32/><D36/><U91/><E124/><N who="2" m="47723" /><F110/><W39/><G131/><T14/><D108/><U16/><E128/><V103/><F21/><W121/><G72/><T132/><D122/><N who="3" m="46601" /><G30/><N who="0" m="19543" /><D34/><U94/><E73/><V107/><F76/><W88/><G47/><T10/><D77/><U59/><E46/><V133/><F107/><W3/><G8/><T67/><D48/><U96/><E69/><V23/><F23/><W71/><G71/><T129/><D129/><U83/><E83/><V35/><F35/><W104/><G104/><T82/><D82/><U92/><E66/><V115/><F115/><W54/><G3/><T18/><D132/><U78/><E78/><V130/><F133/><W102/><G102/><N who="2" m="38953" /><F130/><W52/><G57/><T43/><D43/><U29/><E29/><V55/><F55/><N who="3" m="14083" /><W7/><DORA hai="25" /><G7/><T101/><D2/><U81/><E59/><V106/><F106/><W79/><G79/><T50/><D10/><U97/><E58/><V41/><F44/><W56/><G56/><T74/><D74/><U27/><E117/><V49/><F49/><W134/><G134/><T109/><D50/><U61/><E118/><V70/><F70/><W37/><G37/><T86/><D109/><U51/><E116/><V38/><F38/><W93/><G93/><T20/><D68/><U24/><E51/><V119/><F119/><W4/><G4/><AGARI ba="0,0" hai="1,4,9,40,41,84,85,87" m="38953,47723" machi="4" ten="40,8000,1" yaku="18,1,52,3" doraHai="80,25" who="2" fromWho="3" sc="250,0,250,0,250,80,250,-80" /><INIT seed="1,0,0,2,0,123" ten="250,250,330,170" oya="1" hai0="92,28,68,83,118,49,88,109,90,108,65,75,44" hai1="51,46,95,10,122,120,115,21,3,24,12,41,56" hai2="58,106,18,129,117,15,64,61,78,100,52,133,42" hai3="36,86,43,84,26,67,32,128,71,17,80,102,85"/><U25/><E115/><V134/><F117/><W45/><G128/><T111/><D118/><U23/><E3/><V40/><F78/><W50/><G102/><T22/><D65/><U37/><E23/><V73/><F73/><W93/><G93/><T112/><D68/><U113/><E113/><V69/><F129/><W131/><G131/><T94/><D112/><U48/><E95/><N who="0" m="36393" /><D28/><U9/><E25/><V135/><F100/><W132/><G132/><T89/><D22/><U54/><E37/><V27/><F106/><W7/><G7/><T66/><D66/><U1/><E1/><V5/><F5/><W59/><G17/><T30/><D30/><U103/><E103/><V77/><F77/><W99/><G99/><T2/><D2/><U87/><E87/><V55/><F27/><W119/><G119/><T130/><D130/><U63/><E63/><N who="2" m="36295" /><F55/><N who="3" m="32247" /><G26/><T16/><D16/><U60/><E60/><V107/><F107/><W72/><G32/><T126/><D126/><U104/><E104/><V76/><F76/><N who="3" m="46087" /><G72/><T125/><D125/><U114/><E114/><V35/><F35/><W127/><G127/><T8/><D8/><AGARI ba="0,0" hai="8,15,18,40,42,61,64,69,133,134,135" m="36295" machi="8" ten="30,2000,0" yaku="20,1,54,1" doraHai="123" who="2" fromWho="0" sc="250,-20,250,0,330,20,170,0" /><INIT seed="2,0,0,2,4,86" ten="230,250,350,170" oya="2" hai0="31,53,56,7,15,47,108,103,32,105,119,109,8" hai1="12,78,89,81,98,120,49,20,107,68,128,67,21" hai2="132,50,39,44,100,112,10,71,24,114,59,134,57" hai3="121,66,14,55,91,129,28,93,97,48,95,64,43"/><V82/><F100/><W34/><G129/><T76/><D119/><U3/><E3/><V16/><F71/><W2/><G121/><T123/><D123/><U58/><E128/><V70/><F70/><W17/><G2/><T40/><D76/><U72/><E68/><V22/><F39/><W127/><G43/><T52/><D31/><U122/><E107/><V4/><F82/><W126/><G28/><T75/><D32/><U130/><E130/><V35/><F59/><W18/><G34/><T135/><D75/><U60/><E49/><V23/><F57/><W63/><G93/><T6/><D135/><N who="2" m="51754" /><F23/><W62/><G62/><T102/><D105/><U74/><E74/><V46/><F35/><W11/><G18/><T85/><D7/><U118/><E118/><V69/><F69/><W131/><G131/><T88/><D103/><U96/><E21/><V33/><F33/><W125/><REACH who="3" step="1"/><G63/><REACH who="3" ten="230,250,350,160" step="2"/><T37/><D102/><U87/><E122/><V65/><F16/><W80/><G80/><N who="0" m="49191" /><D56/><AGARI ba="0,1" hai="11,14,17,48,55,56,64,66,91,95,97,125,126,127" machi="56" ten="40,5200,0" yaku="1,1,18,1,52,1,53,0" doraHai="86" doraHaiUra="42" who="3" fromWho="0" sc="230,-52,250,0,350,0,160,62" /><INIT seed="3,0,0,3,2,66" ten="178,250,350,222" oya="3" hai0="97,35,114,46,78,49,7,58,42,131,34,132,23" hai1="25,33,11,117,62,83,9,45,93,89,12,92,100" hai2="55,77,16,96,135,47,61,76,3,5,111,122,64" hai3="13,39,31,72,87,27,102,107,88,108,133,68,105"/><W128/><G72/><T73/><D114/><U37/><E117/><V79/><F111/><W90/><G39/><T125/><D125/><U0/><E100/><V91/><F135/><W127/><G133/><T2/><D132/><U116/><E116/><V41/><F55/><W82/><G127/><T67/><D131/><U51/><E37/><V40/><F122/><W43/><G128/><T4/><D97/><U104/><E104/><V18/><F5/><W119/><G119/><T109/><D109/><U84/><E0/><V71/><F3/><W120/><G108/><T106/><D106/><U98/><E62/><V118/><F118/><W130/><G120/><T134/><D134/><U63/><E63/><V15/><F18/><W54/><G130/><T17/><D67/><U126/><E126/><V30/><F30/><W80/><G68/><T1/><D58/><U50/><E93/><V53/><F53/><W69/><G69/><T121/><D121/><U26/><E33/><V19/><F19/><W113/><G113/><T36/><D49/><N who="1" m="18443" /><E45/><V22/><REACH who="2" step="1"/><F47/><REACH who="2" ten="178,250,340,222" step="2"/><W110/><G110/><T48/><D4/><N who="1" m="3111" /><E11/><V103/><F103/><W38/><G38/><N who="0" m="21847" /><D7/><U6/><E6/><V115/><F115/><W52/><G54/><T14/><D36/><U81/><E25/><V65/><F65/><W59/><G27/><T44/><D1/><U8/><E26/><V129/><F129/><W75/><G31/><T28/><D28/><U32/><E8/><V95/><AGARI ba="0,1" hai="15,16,22,40,41,61,64,71,76,77,79,91,95,96" machi="95" ten="30,8000,1" yaku="1,1,0,1,52,1,54,1,53,1" doraHai="66" doraHaiUra="10" who="2" fromWho="2" sc="178,-20,250,-20,340,90,222,-40" /><INIT seed="4,0,0,0,3,25" ten="158,230,430,182" oya="0" hai0="110,114,1,81,108,20,31,128,95,53,7,77,46" hai1="123,70,104,132,117,27,130,92,57,12,40,50,62" hai2="72,59,2,94,99,58,4,115,134,109,74,85,80" hai3="49,22,111,16,135,9,102,86,5,35,36,107,127"/><T45/><D114/><U38/><E117/><V101/><F109/><N who="0" m="42090" /><D128/><U122/><E104/><V79/><F115/><W51/><G111/><T83/><D95/><U68/><E27/><V73/><F134/><W48/><G127/><T30/><D20/><U17/><E130/><V98/><F4/><W112/><G112/><T78/><D81/><U10/><E132/><V89/><REACH who="2" step="1"/><F2/><REACH who="2" ten="158,230,420,182" step="2"/><W15/><G135/><T18/><D18/><U42/><E122/><V133/><F133/><W13/><G5/><T69/><D69/><U63/><E123/><V66/><F66/><W33/><G16/><T39/><D39/><U82/><E38/><V21/><F21/><W24/><G22/><T90/><D7/><U87/><E70/><V52/><F52/><W44/><G36/><T41/><D1/><U0/><E0/><V88/><F88/><W60/><G35/><T129/><D129/><U76/><E68/><V32/><F32/><W19/><G19/><T3/><D3/><U14/><E42/><V26/><F26/><W84/><G24/><T100/><D41/><U124/><E40/><V34/><F34/><W56/><G33/><T54/><D100/><U131/><E131/><V103/><F103/><W118/><G102/><T119/><D90/><U28/><E17/><V125/><F125/><W37/><G37/><T97/><D54/><U64/><E124/><V71/><F71/><W116/><G116/><T96/><D119/><U8/><E64/><V67/><F67/><W65/><G65/><T120/><D53/><U75/><E12/><N who="3" m="4682" /><G118/><T121/><D121/><U6/><E6/><RYUUKYOKU ba="0,1" sc="158,-10,230,-10,420,30,182,-10" hai2="58,59,72,73,74,79,80,85,89,94,98,99,101" /><INIT seed="5,1,1,1,1,47" ten="148,220,450,172" oya="1" hai0="134,53,109,64,123,73,131,26,39,4,23,8,100" hai1="60,126,22,36,116,90,21,75,15,18,72,44,117" hai2="30,1,71,88,62,130,127,132,86,25,12,129,95" hai3="102,48,74,0,58,11,107,120,31,54,34,110,13"/><U61/><E126/><V28/><F1/><W128/><G110/><T84/><D109/><U119/><E90/><V70/><F127/><W45/><G120/><T37/><D73/><U65/><E22/><V68/><F132/><W125/><G125/><T83/><D123/><U63/><REACH who="1" step="1"/><E65/><REACH who="1" ten="148,210,450,172" step="2"/><V51/><F71/><W78/><G34/><T41/><D64/><U79/><E79/><V81/><F70/><W82/><G78/><T99/><D134/><U10/><E10/><V112/><F68/><W32/><G11/><T55/><D8/><U114/><E114/><V2/><F112/><W6/><G32/><T9/><D9/><U124/><E124/><V35/><F88/><W24/><G0/><T111/><D111/><U93/><E93/><V59/><F95/><W16/><G6/><T57/><D4/><U122/><E122/><V29/><F35/><W7/><G7/><T33/><D23/><U135/><E135/><V76/><F76/><W104/><G104/><T80/><D33/><U46/><E46/><V67/><F67/><W133/><G45/><T92/><D92/><U118/><N who="1" m="29696" /><DORA hai="69" /><U20/><E20/><V14/><F130/><W49/><G128/><T3/><D131/><U42/><AGARI ba="1,2" hai="15,18,21,36,42,44,60,61,63,72,75" m="29696" machi="42" ten="60,11700,0" yaku="1,1,0,1,52,1,53,0" doraHai="47,69" doraHaiUra="27,121" who="1" fromWho="1" sc="148,-40,210,140,450,-40,172,-40" /><INIT seed="5,2,0,5,1,95" ten="108,350,410,132" oya="1" hai0="31,90,18,4,48,29,7,24,98,9,123,23,133" hai1="130,61,8,0,131,25,76,128,74,2,92,127,113" hai2="88,1,117,63,66,46,60,108,71,94,27,65,26" hai3="81,21,58,14,30,53,40,122,111,124,50,57,93"/><U112/><E127/><V36/><F117/><W56/><G111/><T72/><D72/><U28/><E61/><V13/><F1/><W132/><G132/><T12/><D123/><U10/><E92/><V68/><F108/><W110/><G124/><T96/><D133/><U45/><E45/><V70/><F70/><W80/><G122/><T64/><D64/><U135/><E135/><V32/><F13/><W83/><G110/><T99/><D48/><U79/><E74/><V87/><F32/><W115/><G115/><N who="1" m="44106" /><E79/><V43/><AGARI ba="2,0" hai="26,27,36,43,46,60,63,65,66,68,71,87,88,94" machi="43" ten="30,4000,0" yaku="0,1,9,1,54,1" doraHai="95" who="2" fromWho="2" sc="108,-12,350,-22,410,46,132,-12" /><INIT seed="6,0,0,1,0,124" ten="96,328,456,120" oya="2" hai0="129,45,5,8,37,125,111,123,119,128,54,66,81" hai1="65,76,110,0,74,89,131,133,85,59,14,94,86" hai2="11,100,39,41,62,120,103,61,82,18,105,12,98" hai3="68,102,64,93,130,42,57,50,4,51,71,34,79"/><V2/><F120/><W83/><G34/><T117/><D123/><U30/><E0/><V33/><F33/><W87/><G4/><T13/><D125/><U84/><E110/><V101/><F39/><W29/><G29/><T116/><D111/><U113/><E113/><V90/><F41/><W104/><G104/><T77/><D66/><U80/><E133/><V115/><F115/><W6/><G6/><T75/><D54/><U121/><E121/><V27/><F27/><W23/><G23/><T19/><D19/><U26/><E14/><V25/><F25/><W91/><G102/><T60/><D60/><U56/><E131/><N who="0" m="50249" /><D116/><U99/><E65/><V38/><F61/><W114/><G130/><T127/><D127/><U97/><E59/><V9/><F62/><W58/><G114/><T134/><D134/><U44/><E56/><V49/><F105/><W63/><G58/><T96/><D96/><U22/><E99/><V28/><F98/><W36/><G71/><T48/><D48/><U53/><E53/><V118/><F49/><W112/><G68/><T10/><D10/><U52/><E52/><V24/><F11/><W15/><G112/><T3/><D13/><U21/><E97/><V55/><F12/><W32/><G15/><T122/><D122/><U43/><E26/><V1/><F24/><W31/><G31/><T106/><D106/><U78/><E30/><V46/><F28/><W88/><G63/><T7/><D7/><U126/><E126/><V70/><F55/><W16/><G64/><T67/><D67/><U95/><E43/><AGARI ba="0,0" hai="3,5,8,37,43,45,75,77,81,117,119" m="50249" machi="43" ten="30,12000,2" yaku="25,1,19,1,23,1,52,3" doraHai="124" who="0" fromWho="1" sc="96,120,328,-120,456,0,120,0" /><INIT seed="7,0,0,3,3,21" ten="216,208,456,120" oya="3" hai0="18,100,0,31,67,72,105,57,52,27,56,46,78" hai1="75,45,74,69,51,4,43,77,133,29,58,131,127" hai2="114,11,98,53,116,86,20,81,48,71,88,107,82" hai3="134,41,63,97,14,106,60,129,16,90,124,103,34"/><W66/><G124/><T93/><D105/><U50/><E127/><V126/><F71/><W62/><G129/><T35/><D0/><U83/><E131/><V65/><F65/><W113/><G113/><T132/><D132/><U13/><E69/><V38/><F38/><W10/><G134/><T19/><D67/><U30/><E133/><V95/><F114/><W73/><G41/><T76/><D46/><U54/><REACH who="1" step="1"/><E75/><REACH who="1" ten="216,198,456,120" step="2"/><V7/><F126/><W37/><G73/><T47/><D72/><U109/><E109/><V28/><F116/><W2/><G37/><T49/><D76/><U112/><E112/><V8/><F107/><W40/><G40/><T12/><D78/><U26/><E26/><N who="2" m="16455" /><F7/><W25/><G2/><T110/><D110/><U99/><E99/><V6/><F82/><W102/><G102/><T94/><D100/><U33/><E33/><V15/><F11/><AGARI ba="0,1" hai="4,11,13,29,30,43,45,50,51,54,58,74,77,83" machi="11" ten="40,1300,0" yaku="1,1,53,0" doraHai="21" doraHaiUra="108" who="1" fromWho="2" sc="216,0,198,23,456,-13,120,0" owari="216,-18.0,221,2.0,443,54.0,120,-38.0" /></mjloggm>