<mjloggm ver="2.3"><GO type="169" lobby="0"/><UN n0="%E4%B8%AD%E5%B7%9D%E5%86%85%E9%9B%AA%E9%9F%B3" n1="%4D%41%4B%30%31%30%34" n2="%E3%82%88%E3%81%93%40%63" n3="%E6%B2%96%E3%83%92%E3%82%AB%E3%83%AB%EF%BC%88%E6%9C%AC%E7%89%A9%EF%BC%89" dan="16,16,17,16" rate="2126.80,2112.54,2149.46,2070.01" sx="F,M,F,F"/><TAIKYOKU oya="0"/><INIT seed="0,0,0,5,2,54" ten="250,250,250,250" oya="0" hai0="59,100,51,33,35,63,91,1,124,32,53,115,61" hai1="19,0,106,135,44,89,16,129,117,130,34,25,133" hai2="92,88,76,82,45,71,10,46,131,93,52,74,56" hai3="20,60,55,86,104,112,26,14,62,42,29,123,101"/><T70/><D115/><U8/><E106/><V11/><F71/><W98/><G112/><T134/><D124/><U58/><E44/><V111/><F131/><N who="1" m="50185" /><E89/><V120/><F120/><W39/><G14/><T7/><D134/><N who="1" m="51211" /><E117/><V23/><F111/><W65/><G123/><T116/><D116/><U13/><E0/><V125/><F125/><W105/><G104/><T132/><D132/><U3/><E3/><V108/><F108/><W31/><G86/><T85/><D100/><U21/><E58/><V6/><F46/><W5/><G5/><T49/><D70/><U40/><E40/><V78/><F45/><W28/><G42/><T103/><D103/><U99/><E99/><V90/><F6/><W18/><G39/><T118/><D118/><U22/><E22/><V4/><F4/><W37/><G37/><T73/><D7/><U50/><E50/><N who="2" m="30743" /><F23/><W127/><G127/><T113/><D1/><U2/><E2/><V12/><F74/><W64/><REACH who="3" step="1"/><G55/><REACH who="3" ten="250,250,250,240" step="2"/><T122/><D113/><U24/><E24/><V30/><F76/><W110/><G110/><T83/><D122/><U126/><E126/><V109/><F78/><W128/><G128/><T38/><D38/><U41/><E41/><V72/><F109/><W27/><G27/><T119/><D119/><U68/><E68/><V66/><F72/><W102/><G102/><T47/><REACH who="0" step="1"/><D73/><REACH who="0" ten="240,250,250,240" step="2"/><U107/><E107/><V95/><F90/><W15/><G15/><T87/><D87/><U9/><E8/><V121/><F10/><W84/><G84/><T79/><D79/><U114/><E114/><V81/><F11/><RYUUKYOKU ba="0,2" sc="240,10,250,10,250,-30,240,10" hai0="32,33,35,47,49,51,53,59,61,63,83,85,91" hai1="9,13,16,19,21,25,34" hai3="18,20,26,28,29,31,60,62,64,65,98,101,105" /><INIT seed="0,1,2,2,2,95" ten="250,260,220,250" oya="0" hai0="14,103,126,128,77,17,101,71,53,135,89,64,28" hai1="70,124,129,132,42,106,83,93,55,131,38,37,127" hai2="81,107,6,45,50,111,16,31,80,3,44,51,114" hai3="68,32,76,25,12,4,82,87,15,90,56,73,62"/><T88/><D128/><N who="1" m="49227" /><E106/><V104/><F111/><W110/><G110/><T40/><D135/><U0/><E0/><V96/><F31/><W24/><G68/><T22/><D126/><N who="1" m="48171" /><E83/><V119/><F3/><W116/><G116/><T100/><D40/><U48/><E70/><V8/><F6/><W97/><G73/><T102/><N who="0" m="25600" /><DORA hai="41" /><T91/><D77/><U67/><E67/><V115/><F8/><N who="3" m="4103" /><G15/><T30/><REACH who="0" step="1"/><D53/><REACH who="0" ten="240,260,220,250" step="2"/><U125/><E125/><V61/><F119/><W7/><G76/><T60/><AGARI ba="1,3" hai="14,17,22,28,30,60,64,71,88,89,91" m="25600" machi="60" ten="50,12000,1" yaku="1,1,2,1,0,1,54,1,53,0" doraHai="95,41" doraHaiUra="49,75" who="0" fromWho="0" sc="240,153,260,-41,220,-41,250,-41" /><INIT seed="0,2,0,2,5,101" ten="393,219,179,209" oya="0" hai0="63,128,5,12,30,62,110,75,20,76,123,113,72" hai1="91,1,28,116,78,90,50,107,86,15,46,125,111" hai2="77,99,134,27,98,26,92,31,44,129,80,88,37" hai3="3,112,121,89,97,104,69,48,34,126,103,65,52"/><T24/><D113/><U56/><E1/><V43/><F134/><W96/><G112/><T64/><D123/><U33/><E116/><V47/><F129/><W84/><G3/><T83/><D128/><U55/><E111/><V11/><F11/><W87/><G34/><T93/><D110/><U109/><E125/><V133/><F133/><W135/><G126/><T7/><D72/><U81/><E109/><V118/><F118/><W54/><G135/><T117/><D117/><U4/><E107/><V18/><F47/><W102/><G121/><T9/><D93/><U94/><E33/><V38/><F99/><W45/><G89/><T68/><REACH who="0" step="1"/><D63/><REACH who="0" ten="383,219,179,209" step="2"/><U6/><E94/><V70/><F92/><W57/><G69/><T115/><D115/><U127/><E127/><V74/><F70/><W51/><G65/><T100/><D100/><U114/><E114/><V119/><F119/><W122/><G122/><T106/><D106/><AGARI ba="2,1" hai="45,48,51,52,54,57,84,87,96,97,102,103,104,106" machi="106" ten="30,8000,1" yaku="7,1,9,1,52,2,54,1" doraHai="101" who="3" fromWho="0" sc="383,-86,219,0,179,0,209,96" /><INIT seed="1,0,0,0,3,92" ten="297,219,179,305" oya="1" hai0="64,10,57,36,19,1,129,67,2,9,27,120,18" hai1="93,11,13,21,29,118,109,125,126,66,35,25,115" hai2="79,34,97,78,114,45,71,133,128,43,54,119,14" hai3="62,98,22,51,100,94,80,23,105,24,110,16,15"/><U53/><E66/><V49/><F71/><W60/><G110/><T108/><D108/><U32/><E109/><V131/><F119/><W7/><G105/><T124/><D36/><U30/><E53/><V132/><F34/><N who="1" m="12841" /><E93/><V91/><F114/><W5/><G51/><T116/><D116/><U38/><E38/><V89/><F14/><W123/><G123/><T68/><D57/><U103/><E103/><V47/><F54/><W72/><G72/><T113/><D113/><U90/><E90/><V85/><F85/><W107/><G80/><T86/><D86/><U56/><E56/><V76/><F47/><W17/><G107/><T42/><D42/><U0/><E0/><V84/><F97/><W122/><G122/><T58/><D58/><U82/><E82/><N who="2" m="49303" /><F91/><W4/><AGARI ba="0,0" hai="4,5,7,15,16,17,22,23,24,60,62,94,98,100" machi="4" ten="30,7900,0" yaku="0,1,8,1,52,1,54,1" doraHai="92" who="3" fromWho="3" sc="297,-20,219,-39,179,-20,305,79" /><INIT seed="2,0,0,3,1,16" ten="277,180,159,384" oya="2" hai0="57,113,72,26,111,29,77,7,130,41,95,83,122" hai1="2,129,104,123,101,87,85,106,70,119,44,131,84" hai2="81,58,10,45,9,75,88,12,43,73,114,32,5" hai3="56,23,90,52,25,49,18,125,121,39,67,40,132"/><V60/><F114/><W22/><G121/><T1/><D113/><U91/><E70/><V38/><F32/><W3/><G3/><T112/><D112/><U71/><E2/><V98/><F10/><W53/><G132/><T103/><D122/><U51/><E71/><V19/><F5/><W66/><G125/><T80/><D111/><U68/><E68/><V4/><F4/><W65/><G39/><T133/><D133/><U47/><E123/><V126/><F126/><W61/><G40/><T79/><D130/><N who="1" m="49675" /><E119/><V28/><F28/><N who="3" m="17463" /><G90/><T100/><D41/><N who="1" m="24975" /><E91/><V21/><F9/><W17/><G23/><T82/><D1/><U14/><E101/><V128/><F128/><W69/><G69/><T13/><D103/><U37/><E14/><V55/><REACH who="2" step="1"/><F81/><REACH who="2" ten="277,180,149,384" step="2"/><W42/><G42/><AGARI ba="0,1" hai="37,42,47,84,85,87,104,106" m="24975,49675" machi="42" ten="30,1000,0" yaku="19,1" doraHai="16" who="1" fromWho="3" sc="277,0,180,20,149,0,384,-10" /><INIT seed="3,0,0,4,5,42" ten="277,200,149,374" oya="3" hai0="48,102,54,22,76,98,57,45,29,41,110,122,99" hai1="19,112,117,131,52,46,132,47,50,123,35,71,94" hai2="11,95,53,39,28,135,70,1,74,60,85,72,81" hai3="24,73,61,7,120,12,40,118,114,93,107,8,82"/><W26/><G107/><T69/><D122/><U59/><E112/><V16/><F39/><W21/><G114/><T106/><D110/><U30/><E123/><V9/><F135/><W64/><G118/><T25/><D69/><U27/><E132/><V44/><F28/><W133/><G133/><T90/><D76/><U5/><E117/><V33/><F33/><W13/><G93/><T18/><D29/><U126/><E131/><V121/><F121/><W49/><G82/><T37/><D98/><U125/><E71/><V55/><F95/><W92/><G92/><T38/><REACH who="0" step="1"/><D90/><REACH who="0" ten="267,200,149,374" step="2"/><U111/><E111/><V65/><F72/><W87/><G73/><T2/><D2/><U66/><E94/><V56/><F74/><W20/><G120/><T31/><D31/><U4/><E19/><V88/><F1/><W15/><G87/><T17/><D17/><U129/><E129/><V105/><F105/><W6/><G6/><N who="1" m="2666" /><E66/><V75/><F75/><W109/><G109/><T14/><D14/><U127/><AGARI ba="0,1" hai="27,30,35,46,47,50,52,59,125,126,127" m="2666" machi="127" ten="40,8000,1" yaku="18,1,52,2,54,1" doraHai="42" who="1" fromWho="1" sc="267,-20,200,90,149,-20,374,-40" /><INIT seed="4,0,0,2,4,52" ten="247,290,129,334" oya="0" hai0="39,22,67,87,5,85,24,56,51,35,7,72,53" hai1="26,55,38,121,29,134,92,77,130,131,79,3,65" hai2="57,80,25,93,120,20,86,73,16,18,90,37,111" hai3="60,47,70,126,40,17,117,27,105,133,43,115,83"/><T28/><D72/><U68/><E121/><V8/><F120/><W75/><G105/><T94/><D39/><U66/><E134/><V118/><F111/><W101/><G101/><T135/><D135/><U82/><E3/><V1/><F118/><W2/><G43/><T97/><D35/><U21/><E38/><V99/><F73/><W96/><G96/><T58/><D87/><U114/><E79/><V125/><F125/><W10/><G126/><T91/><D85/><U33/><E33/><V15/><F37/><W107/><G107/><T102/><D91/><U23/><E92/><V81/><F1/><W100/><G100/><T98/><D98/><U61/><E21/><V124/><F124/><W122/><G117/><T46/><D46/><U71/><E55/><V11/><F11/><W62/><G70/><T129/><D129/><N who="1" m="49163" /><E114/><V128/><F128/><W89/><G115/><T59/><D58/><N who="1" m="37047" /><E66/><V50/><F99/><W45/><G45/><T108/><D108/><U104/><E104/><V113/><F113/><W48/><G122/><T109/><D109/><U132/><E132/><V42/><F42/><W41/><G41/><T119/><D119/><U110/><E110/><V12/><F25/><W0/><G133/><T4/><D67/><U30/><E29/><V103/><F103/><W106/><G106/><T76/><REACH who="0" step="1"/><D59/><REACH who="0" ten="237,290,129,334" step="2"/><U32/><E32/><V78/><F78/><AGARI ba="0,1" hai="4,5,7,22,24,28,51,53,56,76,78,94,97,102" machi="78" ten="40,12000,1" yaku="1,1,2,1,8,1,52,1,53,0" doraHai="52" doraHaiUra="127" who="0" fromWho="2" sc="237,130,290,0,129,-120,334,0" /><INIT seed="4,1,0,2,1,90" ten="367,290,9,334" oya="0" hai0="33,83,58,3,109,77,130,53,92,118,129,70,108" hai1="119,114,88,27,112,103,74,15,9,80,10,72,62" hai2="17,123,121,29,49,12,86,45,104,79,38,97,36" hai3="68,59,132,69,93,40,14,64,54,31,100,135,111"/><T66/><D3/><U55/><E119/><V73/><F73/><W23/><G111/><N who="0" m="42571" /><D33/><U46/><E103/><V102/><F29/><W87/><G40/><T41/><D118/><U30/><E72/><V106/><F106/><W44/><G44/><T24/><D41/><U28/><E28/><V61/><F61/><W39/><G39/><T26/><D66/><U56/><E46/><V124/><F124/><W82/><G64/><T18/><D70/><U37/><E37/><V81/><F123/><W116/><G116/><T51/><D92/><U76/><E88/><V133/><F133/><W8/><G82/><T65/><D65/><U95/><E95/><V13/><F13/><W5/><G69/><T131/><D18/><U11/><E15/><V78/><F121/><W25/><G68/><T63/><D51/><U32/><AGARI ba="1,0" hai="9,10,11,27,30,32,55,56,62,74,76,80,112,114" machi="32" ten="30,1100,0" yaku="0,1" doraHai="90" who="1" fromWho="1" sc="367,-6,290,14,9,-4,334,-4" /><INIT seed="5,0,0,2,2,57" ten="361,304,5,330" oya="1" hai0="51,68,103,106,11,102,16,83,30,133,24,12,33" hai1="22,9,107,127,87,47,92,130,77,122,13,82,46" hai2="123,128,115,86,44,99,104,109,14,10,88,98,131" hai3="79,23,78,85,129,50,69,49,96,42,55,43,0"/><U74/><E122/><V135/><F109/><W26/><G0/><T80/><D133/><U105/><E130/><N who="2" m="49707" /><F135/><W117/><G129/><T53/><D68/><U38/><E127/><V21/><F123/><W40/><G69/><T37/><D37/><U31/><E38/><V5/><F115/><W71/><G71/><T66/><D66/><U116/><E116/><V4/><F104/><W64/><G64/><T59/><REACH who="0" step="1"/><D106/><REACH who="0" ten="351,304,5,330" step="2"/><U61/><E107/><V63/><F63/><W3/><G117/><T93/><D93/><U8/><E105/><V39/><F21/><W94/><G94/><T134/><D134/><U95/><E61/><V18/><F99/><W125/><G96/><T126/><D126/><U56/><E95/><N who="2" m="54679" /><F98/><W72/><G23/><T15/><D15/><U65/><E13/><V19/><F5/><W73/><G125/><T29/><D29/><U54/><E65/><V60/><F60/><W113/><G113/><T34/><D34/><U36/><E31/><V62/><F62/><W114/><G114/><T45/><D45/><U25/><E46/><V75/><F75/><W6/><G73/><T118/><D118/><U20/><E74/><V110/><F110/><W27/><G72/><T108/><D108/><U84/><E22/><V32/><F32/><W28/><G28/><T1/><D1/><U111/><E111/><V121/><F121/><W7/><G3/><T90/><D90/><N who="1" m="53343" /><E47/><V41/><AGARI ba="0,1" hai="4,10,14,18,19,39,41,44" m="54679,49707" machi="41" ten="30,2000,0" yaku="19,1,54,1" doraHai="57" who="2" fromWho="2" sc="351,-5,304,-10,5,30,330,-5" /><INIT seed="6,0,0,5,1,19" ten="346,294,35,325" oya="2" hai0="104,54,111,107,13,134,95,98,45,21,88,52,106" hai1="17,55,68,71,119,9,64,24,105,113,132,92,87" hai2="60,31,83,18,33,4,135,133,65,28,37,50,75" hai3="36,42,25,123,3,82,30,20,57,38,127,76,129"/><V90/><F37/><W86/><G123/><T79/><D111/><U67/><E105/><V69/><F4/><W6/><G129/><T89/><D134/><N who="2" m="51210" /><F33/><W23/><G127/><T93/><D79/><U121/><E132/><V59/><F18/><W116/><G116/><T0/><D0/><U130/><E119/><V102/><F102/><W96/><G38/><T58/><D13/><U14/><E130/><V22/><F22/><N who="3" m="15671" /><G36/><T48/><D21/><N who="3" m="8265" /><G3/><T100/><REACH who="0" step="1"/><D95/><REACH who="0" ten="336,294,35,325" step="2"/><U91/><E24/><V108/><F108/><W78/><G78/><T51/><AGARI ba="0,1" hai="45,48,51,52,54,58,88,89,93,98,100,104,106,107" machi="51" ten="40,8000,1" yaku="1,1,2,1,0,1,54,2,53,0" doraHai="19" doraHaiUra="39" who="0" fromWho="0" sc="336,90,294,-20,35,-40,325,-20" owari="426,53.0,274,-13.0,-5,-51.0,305,11.0" /></mjloggm>