<mjloggm ver="2.3"><GO type="225" lobby="0"/><UN n0="%79%6A%69%72%6F" n1="%E3%83%81%E3%83%BC%E3%83%88%E3%82%A4%E7%9F%AD%E6%9C%9F%E5%A4%A7%E5%AD%A6" n2="%E4%B8%89%E5%86%A0%E7%8E%8B%E3%83%BB%E5%B1%B1%E7%94%B0%E5%93%B2%E4%BA%BA" n3="%E7%90%B4%E8%91%89%E8%91%B5" dan="17,16,17,16" rate="2185.82,2115.80,2203.58,2042.58" sx="M,M,M,F"/><TAIKYOKU oya="0"/><INIT seed="0,0,0,0,4,12" ten="250,250,250,250" oya="0" hai0="23,68,89,84,46,38,33,132,115,102,25,83,129" hai1="76,120,28,32,86,65,63,8,44,134,29,0,104" hai2="114,71,75,103,106,34,21,66,110,94,48,20,119" hai3="53,90,57,99,22,116,3,80,85,1,59,41,100"/><T24/><D115/><U6/><E120/><V130/><F114/><W42/><G116/><T127/><D68/><U87/><E104/><V91/><F119/><W4/><G59/><T50/><D127/><U62/><E134/><V10/><F110/><W128/><G128/><T35/><D132/><U105/><E105/><V117/><F117/><W43/><G4/><T133/><D133/><U64/><E44/><V70/><F130/><W77/><G77/><T113/><D113/><U121/><E121/><V39/><F39/><W18/><G99/><T79/><D129/><U49/><E49/><V54/><F34/><W47/><G100/><T36/><D102/><U92/><E87/><V107/><F75/><W81/><G81/><T52/><D79/><U15/><E0/><V55/><F103/><W112/><G47/><T56/><D35/><U95/><E95/><V98/><F98/><W14/><REACH who="3" step="1"/><G112/><REACH who="3" ten="250,250,250,240" step="2"/><T82/><D82/><U69/><E76/><V67/><F94/><W61/><AGARI ba="0,1" hai="1,3,14,18,22,41,42,43,53,57,61,80,85,90" machi="61" ten="30,8000,1" yaku="1,1,2,1,0,1,52,1,53,1" doraHai="12" doraHaiUra="16" who="3" fromWho="3" sc="250,-40,250,-20,250,-20,240,90" /><INIT seed="1,0,0,2,2,113" ten="210,230,230,330" oya="1" hai0="88,86,53,33,16,34,4,89,110,90,118,107,85" hai1="21,55,11,2,43,25,13,77,94,104,39,20,42" hai2="135,38,35,57,70,14,3,1,99,87,122,44,17" hai3="59,115,101,69,129,124,29,60,92,100,93,56,74"/><U72/><E104/><V91/><F70/><W82/><G115/><T112/><D112/><U97/><E2/><V65/><F35/><W78/><G129/><T50/><D107/><U106/><E106/><V116/><F122/><W26/><G124/><T47/><D110/><U80/><E39/><V75/><F75/><W81/><G69/><T96/><D96/><U64/><E64/><V128/><F116/><W111/><G111/><T131/><D131/><U126/><E55/><V5/><F99/><W24/><G74/><T28/><D118/><U12/><E20/><V133/><F128/><W117/><G117/><T79/><D4/><U109/><E13/><V61/><F5/><W49/><G49/><T31/><D34/><U58/><E58/><V46/><F1/><W83/><G83/><N who="0" m="47359" /><D33/><U15/><E15/><V7/><F7/><W67/><G78/><T98/><D98/><U71/><E71/><V52/><F3/><W0/><G0/><T108/><D108/><U66/><E66/><V32/><F32/><W120/><G67/><T51/><D86/><U22/><E126/><V62/><F38/><W48/><G48/><N who="0" m="28831" /><D16/><N who="1" m="8223" /><E109/><V63/><F133/><W9/><G120/><T121/><D121/><U84/><E72/><V23/><F135/><W132/><G132/><T45/><D51/><U18/><E22/><V134/><F134/><W102/><G102/><AGARI ba="0,0" hai="18,21,25,42,43,77,80,84,94,97,102" m="8223" machi="102" ten="30,2900,0" yaku="8,1,54,1" doraHai="113" who="1" fromWho="3" sc="210,0,230,29,230,0,330,-29" /><INIT seed="1,1,0,0,2,40" ten="210,259,230,301" oya="1" hai0="77,67,75,107,115,17,70,31,83,96,46,24,19" hai1="2,101,53,113,95,127,37,5,27,118,18,48,42" hai2="78,89,26,111,47,92,93,76,81,59,21,8,63" hai3="117,25,33,32,13,20,15,54,122,44,120,36,114"/><U9/><E113/><V134/><F111/><W68/><G68/><T11/><D115/><U132/><E118/><V49/><F134/><W51/><G114/><T110/><D110/><U6/><E132/><V28/><F8/><W43/><G117/><T119/><D119/><U39/><E127/><V106/><F106/><W103/><G103/><N who="0" m="62951" /><D11/><U108/><E108/><V30/><F30/><W14/><G122/><T55/><D55/><U60/><E42/><V94/><F81/><W65/><G65/><T124/><D124/><U62/><E39/><V80/><F80/><W38/><G120/><T79/><D79/><U58/><E37/><V57/><F89/><W29/><REACH who="3" step="1"/><G36/><REACH who="3" ten="210,259,230,291" step="2"/><T12/><D67/><U69/><E69/><V126/><F126/><W23/><G23/><T121/><D70/><U1/><E2/><V84/><F84/><W72/><G72/><T100/><D75/><U73/><E73/><V98/><F98/><W131/><G131/><T35/><D121/><U129/><E129/><V130/><F130/><W102/><G102/><T45/><D100/><U74/><E74/><V50/><F50/><W85/><G85/><T105/><D105/><U86/><E86/><V52/><REACH who="2" step="1"/><F57/><AGARI ba="1,1" hai="13,14,15,20,25,29,32,33,38,43,44,51,54,57" machi="57" ten="40,2600,0" yaku="1,1,52,1,53,0" doraHai="40" doraHaiUra="3" who="3" fromWho="2" sc="210,0,259,0,230,-29,291,39" /><INIT seed="2,0,0,5,2,134" ten="210,259,201,330" oya="2" hai0="35,95,56,87,40,0,34,121,30,82,124,62,64" hai1="103,79,118,53,16,90,61,120,7,97,42,129,44" hai2="19,76,84,106,69,17,93,20,65,49,135,25,101" hai3="6,110,26,66,58,32,128,89,48,18,130,131,127"/><V28/><F135/><W73/><G73/><T47/><D121/><U41/><E118/><V55/><F106/><W116/><G6/><T70/><D0/><U14/><E129/><V115/><F115/><W85/><G116/><T117/><D117/><U1/><E120/><V52/><F69/><W91/><G110/><T99/><D70/><U126/><E79/><V31/><F65/><W78/><G66/><T50/><D30/><N who="2" m="11306" /><F17/><W51/><G32/><T96/><D124/><U122/><E122/><V80/><F49/><W38/><G38/><T132/><D132/><U11/><E90/><N who="3" m="34314" /><G127/><T109/><D109/><U63/><E126/><V92/><F92/><W36/><G36/><T107/><D107/><U22/><E61/><V21/><F21/><N who="3" m="13623" /><G58/><T10/><D10/><U29/><E29/><V86/><F86/><W8/><G8/><T59/><D59/><U3/><E3/><V94/><F94/><W88/><G78/><T54/><D64/><U23/><E23/><V33/><F33/><W37/><G37/><T113/><D113/><U2/><E2/><V45/><F45/><W123/><G123/><T100/><D96/><AGARI ba="0,0" hai="19,20,25,52,55,76,80,84,93,96,101" m="11306" machi="96" ten="30,2900,0" yaku="8,1,54,1" doraHai="134" who="2" fromWho="0" sc="210,-29,259,0,201,29,330,0" /><INIT seed="2,1,0,2,0,72" ten="181,259,230,330" oya="2" hai0="35,67,95,81,89,28,78,132,2,66,46,50,65" hai1="42,54,22,62,80,93,25,64,77,128,98,21,61" hai2="11,133,48,82,74,122,14,40,129,105,27,123,70" hai3="73,0,86,79,8,39,92,10,23,69,94,45,55"/><V37/><F37/><W97/><G69/><T103/><D2/><U107/><E107/><V75/><F70/><W41/><G55/><T33/><D132/><U32/><E42/><V53/><F40/><W43/><G43/><T19/><D103/><U120/><E32/><V58/><F133/><W111/><G111/><T3/><D3/><U96/><E96/><V106/><F75/><W100/><G23/><T99/><D28/><U104/><E104/><V119/><F119/><W1/><G10/><T44/><D19/><U24/><E128/><V59/><F129/><W47/><G47/><T7/><D7/><U112/><E112/><V9/><F106/><N who="3" m="63759" /><G86/><T114/><D114/><U63/><E120/><V125/><F105/><W83/><G0/><T102/><D102/><U31/><E54/><V101/><F101/><W115/><G115/><T116/><D116/><U134/><E134/><V87/><F74/><W118/><G118/><T17/><D17/><U20/><E64/><V5/><F123/><W121/><G121/><T110/><D110/><U127/><E25/><V88/><F122/><W109/><G109/><T36/><D36/><U90/><REACH who="1" step="1"/><E127/><REACH who="1" ten="181,249,230,330" step="2"/><V29/><F125/><W15/><G41/><T26/><D26/><U60/><N who="1" m="15360" /><DORA hai="124" /><U85/><AGARI ba="1,1" hai="20,21,22,24,31,77,80,85,90,93,98" m="15360" machi="85" ten="40,8000,1" yaku="1,1,4,1,0,1,8,1,52,1,53,0" doraHai="72,124" doraHaiUra="135,131" who="1" fromWho="1" sc="181,-21,249,93,230,-41,330,-21" /><INIT seed="3,0,0,1,3,131" ten="160,342,189,309" oya="3" hai0="105,42,3,51,124,2,115,102,29,17,77,97,69" hai1="82,25,81,10,103,1,12,37,112,84,123,40,134" hai2="92,65,79,96,36,43,87,11,34,125,56,122,14" hai3="117,59,45,100,135,38,50,0,95,91,20,39,9"/><W35/><G117/><T111/><D69/><U86/><E112/><V64/><F34/><W22/><G35/><T78/><D111/><U21/><E123/><V52/><F122/><W71/><G71/><T104/><D104/><U6/><E134/><V119/><F119/><W83/><G135/><T132/><D132/><U8/><E103/><N who="2" m="60807" /><F36/><W76/><G100/><T13/><D115/><U93/><E37/><V55/><F43/><W28/><G59/><T7/><D29/><U133/><E133/><V67/><F125/><W73/><G50/><T99/><D124/><U24/><E40/><V120/><F120/><W74/><G74/><T113/><D99/><U114/><E93/><V26/><F26/><W72/><G72/><T31/><D113/><U108/><E108/><V106/><F106/><W98/><G28/><T107/><D31/><U32/><E32/><V33/><F33/><W89/><G89/><T4/><D107/><U61/><E61/><N who="2" m="35975" /><F55/><W30/><G30/><T118/><D118/><U130/><E130/><V129/><F129/><W128/><G38/><T75/><D3/><U57/><E21/><V48/><F48/><W18/><G128/><T27/><D27/><U90/><E57/><V23/><F23/><W54/><G39/><T46/><D2/><U80/><E114/><V15/><F11/><W16/><G0/><T127/><D127/><U49/><E49/><V88/><F79/><N who="0" m="30218" /><D75/><U110/><E110/><V66/><N who="2" m="16384" /><DORA hai="85" /><V116/><F116/><W109/><G109/><T58/><D58/><U5/><E86/><V126/><F126/><W68/><G73/><RYUUKYOKU ba="0,0" sc="160,10,342,10,189,10,309,-30" hai0="4,7,13,17,42,46,51,97,102,105" hai1="1,5,6,8,10,12,24,25,80,81,82,84,90" hai2="14,15,87,88" owari="170,-33.0,352,45.0,199,-20.0,279,8.0" /></mjloggm>