<mjloggm ver="2.3"><GO type="169" lobby="0"/><UN n0="%70%61%77%61%40%32%32%34" n1="%E5%90%8D%E5%89%8D%E6%9C%AA%E5%AE%9A" n2="%E5%A4%A9%E6%99%B4" n3="%54%69%65%66%61" dan="17,17,16,16" rate="2231.20,2140.56,2125.57,2073.92" sx="M,M,M,M"/><TAIKYOKU oya="0"/><INIT seed="0,0,0,5,5,44" ten="250,250,250,250" oya="0" hai0="65,48,61,13,14,57,8,135,20,6,4,74,129" hai1="39,75,19,72,106,10,87,59,104,0,69,99,126" hai2="7,63,83,120,134,130,86,15,64,93,33,110,123" hai3="43,105,56,131,73,81,94,55,35,82,107,128,91"/><T102/><D129/><N who="3" m="49737" /><G35/><T125/><D125/><U68/><E126/><V52/><F130/><W70/><G43/><T3/><D135/><U11/><E39/><V23/><F33/><W112/><G70/><T90/><D74/><U62/><E87/><V89/><F134/><W98/><G112/><T117/><D117/><U119/><E0/><V109/><F83/><N who="3" m="31755" /><G73/><T16/><D102/><U21/><E75/><V2/><F2/><W51/><AGARI ba="0,0" hai="51,55,56,91,94,98,105,107" m="31755,49737" machi="51" ten="30,2000,0" yaku="19,1,52,1" doraHai="44" who="3" fromWho="3" sc="250,-10,250,-5,250,-5,250,20" /><INIT seed="1,0,0,2,4,79" ten="240,245,245,270" oya="1" hai0="60,37,7,107,127,8,96,1,91,34,118,40,59" hai1="27,65,36,43,39,3,86,100,88,125,68,111,67" hai2="4,64,35,41,83,15,82,51,92,12,116,52,134" hai3="77,32,5,24,48,126,61,26,80,17,73,54,78"/><U130/><E125/><V58/><F116/><W16/><G126/><T55/><D127/><U66/><E130/><V57/><F35/><W20/><G77/><T131/><D118/><U103/><E68/><V18/><F134/><W110/><G110/><T19/><D131/><U75/><E3/><V13/><F4/><W30/><G5/><T87/><D34/><U14/><E75/><V123/><F123/><W38/><G38/><T33/><D33/><U2/><E2/><V42/><F18/><W108/><G108/><T94/><D19/><U63/><E63/><N who="2" m="38007" /><F92/><W11/><G61/><T28/><D28/><U69/><E69/><V102/><F102/><W53/><REACH who="3" step="1"/><G48/><REACH who="3" ten="240,245,245,260" step="2"/><T21/><D37/><U49/><E111/><V46/><F41/><W50/><G50/><AGARI ba="0,1" hai="12,13,15,42,46,50,51,52,57,82,83" m="38007" machi="50" ten="30,7700,0" yaku="8,1,52,2,54,1" doraHai="79" who="2" fromWho="3" sc="240,0,245,0,245,87,260,-77" /><INIT seed="2,0,0,4,1,51" ten="240,245,332,183" oya="2" hai0="76,1,25,18,30,84,24,40,70,134,64,113,28" hai1="43,124,19,65,8,33,72,22,36,3,129,85,135" hai2="2,115,127,58,96,41,106,103,107,14,92,32,99" hai3="89,86,26,125,39,45,37,94,116,13,69,55,75"/><V77/><F115/><W62/><G116/><T82/><D113/><U97/><E33/><V81/><F2/><W118/><G118/><T112/><D112/><U42/><E72/><V79/><F32/><W95/><G75/><T83/><D134/><U130/><E65/><V91/><F127/><W27/><G125/><T35/><D1/><U5/><E135/><V9/><F107/><W80/><G37/><T111/><D18/><U108/><E108/><V4/><F41/><W114/><G114/><T102/><D111/><U87/><E97/><V60/><REACH who="2" step="1"/><F81/><REACH who="2" ten="240,245,322,183" step="2"/><W20/><G80/><T50/><D83/><U74/><E124/><V17/><F17/><W11/><G94/><T132/><D82/><U29/><E42/><V121/><F121/><W56/><G95/><T63/><D40/><U6/><E74/><V93/><F93/><W90/><G39/><T78/><D35/><U120/><E43/><V10/><F10/><W128/><G11/><T100/><D132/><U31/><E36/><V123/><F123/><W110/><G110/><T117/><D117/><U68/><E120/><V88/><F88/><W61/><G90/><T67/><D30/><U131/><E6/><V59/><F59/><W105/><G56/><T126/><D28/><N who="1" m="10827" /><E68/><V73/><F73/><W133/><G69/><T34/><D70/><U48/><E19/><V12/><F12/><W104/><G13/><T71/><D71/><U101/><E22/><V46/><F46/><W57/><G20/><T16/><D34/><U98/><E3/><V38/><F38/><W15/><G133/><T21/><D126/><RYUUKYOKU ba="0,1" sc="240,-10,245,-10,322,30,183,-10" hai2="4,9,14,58,60,77,79,91,92,96,99,103,106" /><INIT seed="2,1,1,5,5,49" ten="230,235,352,173" oya="2" hai0="95,110,109,101,35,43,19,62,88,11,24,103,45" hai1="80,117,81,7,74,73,72,42,91,111,27,131,86" hai2="33,133,54,64,76,105,98,99,40,22,115,90,120" hai3="48,128,82,34,79,87,51,70,75,89,92,13,71"/><V63/><F115/><W93/><G128/><T28/><D62/><U15/><E117/><V5/><F120/><W8/><G34/><T52/><D11/><U37/><E131/><V66/><F33/><W6/><G70/><T44/><D19/><U106/><E106/><V108/><F133/><W123/><G123/><T30/><D30/><U130/><E130/><V59/><F108/><N who="0" m="41578" /><D44/><U122/><E122/><V116/><F116/><W127/><G127/><T97/><D43/><U21/><E111/><V65/><F105/><W0/><G71/><T41/><D41/><U124/><E124/><V29/><F76/><W134/><G134/><T68/><D68/><U113/><E113/><V118/><F118/><W17/><REACH who="3" step="1"/><G92/><REACH who="3" ten="230,235,352,163" step="2"/><T96/><D97/><U26/><E37/><V85/><F98/><W69/><G69/><T84/><D96/><U60/><E80/><V1/><F99/><W61/><G61/><T135/><D135/><U77/><E60/><V53/><F63/><W107/><G107/><T132/><D132/><U119/><E119/><V57/><F64/><W58/><G58/><T23/><D35/><U55/><E81/><V9/><F65/><W18/><G18/><T102/><D102/><U114/><E114/><V31/><F66/><W32/><G32/><T56/><D56/><U10/><E7/><V47/><F59/><W126/><G126/><T125/><D125/><U38/><E38/><N who="2" m="21911" /><F57/><W3/><G3/><T14/><D103/><U129/><E129/><V2/><F2/><W25/><G25/><T78/><D101/><U121/><E27/><N who="2" m="16631" /><F31/><W104/><G104/><RYUUKYOKU ba="1,2" sc="230,-15,235,-15,352,15,163,15" hai2="1,5,9,53,54,85,90" hai3="0,6,8,13,17,48,51,75,79,82,87,89,93" /><INIT seed="2,2,2,4,4,28" ten="215,220,367,178" oya="2" hai0="102,124,62,58,36,109,130,13,87,35,101,31,22" hai1="121,47,133,57,67,18,32,72,105,66,25,107,74" hai2="85,15,53,9,7,0,117,95,8,6,93,26,65" hai3="96,94,89,1,52,39,80,11,115,41,16,134,106"/><V125/><F117/><W86/><G134/><T71/><D109/><U110/><E110/><V126/><F65/><W98/><G115/><T135/><D36/><U56/><E133/><V23/><F53/><W113/><G113/><T44/><D135/><U69/><E47/><V61/><F61/><W129/><G129/><T120/><D120/><U29/><E121/><V100/><F100/><W78/><G106/><T27/><D71/><U46/><E46/><V81/><F95/><W108/><G108/><T54/><D130/><U21/><E69/><V4/><F93/><W33/><G39/><T131/><D131/><U77/><E105/><V40/><F40/><W42/><G33/><T91/><D124/><N who="2" m="47722" /><F85/><W92/><G52/><T68/><D44/><U112/><E107/><V97/><F97/><W118/><G118/><T3/><D3/><U82/><E72/><V119/><F81/><W116/><G116/><T111/><D68/><U128/><E112/><V84/><F84/><W24/><G1/><T59/><D59/><U38/><E128/><V20/><F119/><W2/><G2/><T51/><D62/><U76/><E38/><V14/><F0/><W55/><G55/><T34/><D111/><U50/><E76/><V37/><F37/><W79/><G79/><T70/><D70/><U19/><E57/><V12/><F23/><N who="3" m="13415" /><G11/><T88/><D54/><N who="1" m="31831" /><E21/><V5/><N who="2" m="1024" /><DORA hai="17" /><V127/><N who="2" m="47730" /><V48/><DORA hai="10" /><F48/><W60/><G60/><T64/><D51/><U75/><E75/><V114/><F114/><W45/><G45/><T30/><D22/><U73/><E73/><RYUUKYOKU ba="2,2" sc="215,-30,220,10,367,10,178,10" hai1="18,19,25,29,32,66,67,74,77,82" hai2="8,9,12,14,15,20,26" hai3="41,42,78,80,86,89,92,94,96,98" /><INIT seed="2,3,2,2,1,16" ten="185,230,377,188" oya="2" hai0="67,128,5,64,111,39,115,98,10,124,135,26,30" hai1="15,112,116,118,127,18,131,3,0,80,59,43,45" hai2="102,48,92,79,33,9,93,129,20,4,132,103,1" hai3="31,46,56,97,61,44,70,54,96,72,6,52,66"/><V58/><F33/><W106/><G72/><T99/><D115/><U94/><E112/><V130/><F132/><W53/><G70/><T90/><D39/><U83/><E131/><N who="2" m="50187" /><F79/><W17/><G106/><T38/><D38/><U101/><E127/><V11/><F11/><W95/><G6/><T89/><D128/><U29/><E29/><V25/><F48/><W81/><G31/><T91/><D111/><U71/><E71/><V119/><F119/><W113/><G113/><T88/><D124/><U120/><E120/><V126/><F126/><W109/><G109/><T40/><D40/><U32/><E32/><V7/><F7/><W42/><G42/><T8/><N who="0" m="22528" /><DORA hai="68" /><T28/><D135/><U23/><E3/><V125/><F125/><W74/><G74/><T110/><D110/><U24/><E0/><V35/><F35/><W55/><G81/><T2/><D10/><U51/><E116/><V63/><F103/><N who="3" m="60831" /><G97/><T49/><D49/><U62/><E118/><V123/><F102/><W108/><G108/><T85/><D85/><U57/><E15/><V65/><F123/><W87/><G87/><T47/><D47/><N who="3" m="17961" /><G17/><AGARI ba="3,2" hai="1,4,9,17,20,25,58,63,65,92,93" m="50187" machi="17" ten="30,2900,0" yaku="19,1,52,1" doraHai="16,68" who="2" fromWho="3" sc="185,0,230,0,377,58,188,-38" /><INIT seed="2,4,0,5,4,126" ten="185,230,435,150" oya="2" hai0="40,83,106,28,5,104,1,57,4,54,2,58,23" hai1="45,102,80,88,53,118,127,96,108,34,122,30,86" hai2="64,47,67,109,17,112,120,77,116,89,62,36,132" hai3="78,95,37,131,94,111,51,73,84,20,55,63,133"/><V43/><F112/><W10/><G73/><T92/><D40/><U56/><E118/><V117/><F120/><W60/><G111/><T33/><D92/><U79/><E108/><V87/><F77/><W48/><G37/><T12/><D33/><U0/><E127/><V123/><F109/><W26/><G133/><T85/><D28/><U105/><E0/><V11/><F123/><W119/><G119/><T24/><D24/><U72/><E45/><V124/><F124/><W52/><G10/><T19/><D57/><U21/><E34/><V31/><F132/><W93/><G131/><T82/><D82/><U121/><E21/><V99/><F99/><W76/><G48/><T7/><D2/><U115/><E115/><V110/><F110/><W6/><G6/><T8/><D104/><U9/><E9/><V134/><F134/><W97/><G97/><T81/><D81/><U27/><E27/><V22/><F31/><N who="3" m="17863" /><G84/><T44/><D44/><U69/><E30/><V61/><F11/><W91/><G91/><T35/><D35/><U68/><E122/><V90/><F90/><W101/><G101/><T39/><D106/><U15/><E121/><V49/><F36/><W50/><G50/><T3/><D39/><U46/><E15/><N who="2" m="9535" /><F117/><W66/><G66/><N who="2" m="25129" /><F116/><W100/><G100/><T71/><D71/><U130/><E69/><V16/><F16/><W13/><G13/><T74/><D74/><U14/><E14/><V113/><F113/><W103/><G103/><T38/><D38/><U32/><E68/><V59/><F59/><N who="3" m="34943" /><G63/><N who="0" m="36311" /><D3/><U29/><E72/><V135/><F135/><RYUUKYOKU ba="4,0" sc="185,10,230,-30,435,10,150,10" hai0="1,4,5,7,8,12,19,23,83,85" hai2="43,47,49,61,62,87,89" hai3="51,52,76,78,93,94,95" /><INIT seed="2,5,0,5,3,91" ten="195,200,445,160" oya="2" hai0="124,80,64,88,61,101,37,116,67,38,21,32,74" hai1="129,36,109,45,112,106,65,28,23,12,103,19,97" hai2="122,114,5,18,130,92,2,83,132,110,22,49,51" hai3="98,76,75,105,86,50,119,30,81,48,82,15,135"/><V20/><F114/><W126/><G119/><T127/><D32/><U111/><E112/><V115/><F115/><W68/><G68/><T9/><D116/><U77/><E129/><V128/><F122/><W39/><G39/><T134/><D134/><U104/><E77/><V4/><F132/><W100/><G135/><T24/><D9/><U46/><E104/><V34/><F34/><W14/><G126/><N who="0" m="48171" /><D101/><U84/><E65/><N who="0" m="25161" /><D61/><U69/><E69/><V41/><F110/><N who="1" m="41993" /><E36/><V108/><F108/><W40/><G30/><N who="0" m="17679" /><D74/><U13/><E28/><V17/><F83/><W125/><G125/><T31/><D31/><U16/><E84/><AGARI ba="5,0" hai="37,38,80,84,88" m="17679,25161,48171" machi="84" ten="30,2000,0" yaku="18,1,54,1" doraHai="91" who="0" fromWho="1" sc="195,35,200,-35,445,0,160,0" /><INIT seed="3,0,0,1,2,75" ten="230,165,445,160" oya="3" hai0="93,60,80,40,81,3,115,109,83,85,96,79,106" hai1="23,43,7,47,112,19,91,14,42,117,28,125,90" hai2="124,123,133,56,62,59,87,51,135,65,67,49,26" hai3="54,98,58,66,134,5,130,46,104,111,6,10,34"/><W31/><G5/><T32/><D32/><U89/><E112/><V92/><F26/><W9/><G9/><T102/><D3/><U39/><E125/><V122/><F87/><W25/><G111/><T101/><D40/><U84/><E117/><V55/><F92/><W126/><G130/><T37/><D37/><U18/><E43/><V121/><F124/><W24/><G126/><T30/><D30/><U63/><E28/><V8/><F8/><W12/><G134/><N who="2" m="51209" /><F67/><W72/><G72/><T44/><D109/><U78/><E63/><AGARI ba="0,0" hai="49,51,55,56,59,62,63,65,121,122,123" m="51209" machi="63" ten="40,8000,1" yaku="13,1,20,1,34,2" doraHai="75" who="2" fromWho="1" sc="230,0,165,-80,445,80,160,0" /><INIT seed="4,0,0,5,2,2" ten="230,85,525,160" oya="0" hai0="57,50,58,41,33,113,111,134,116,122,51,114,3" hai1="65,95,89,4,86,11,125,38,20,123,21,19,121" hai2="88,70,103,69,39,53,30,1,117,59,131,48,56" hai3="29,28,76,27,13,107,127,128,94,78,81,5,12"/><T124/><D3/><U36/><E125/><V135/><F39/><W37/><G107/><T15/><D33/><U14/><E65/><V49/><F1/><W110/><G110/><T17/><D116/><U40/><E21/><V120/><F120/><W24/><G37/><T102/><D122/><U92/><E38/><V84/><F117/><W73/><G127/><T96/><D124/><U9/><E9/><V109/><F109/><W90/><G128/><T63/><D134/><U60/><E60/><V25/><F131/><W99/><G78/><T61/><D111/><U72/><E72/><V93/><F135/><W71/><G71/><T75/><D75/><U77/><E77/><V129/><F129/><W82/><G82/><T47/><D51/><U46/><REACH who="1" step="1"/><E92/><REACH who="1" ten="230,75,525,160" step="2"/><V118/><F118/><W0/><G94/><N who="0" m="58647" /><D63/><U74/><E74/><V133/><F133/><W32/><G76/><T91/><D61/><U67/><E67/><V112/><F84/><W108/><G73/><T101/><D113/><U54/><E54/><V23/><F112/><W10/><G108/><T62/><D114/><U45/><E45/><V87/><F70/><W6/><G81/><T100/><D62/><U79/><E79/><V68/><F68/><W85/><G32/><T115/><D115/><U31/><E31/><V55/><F69/><W104/><G29/><T42/><D47/><U16/><E16/><V26/><F25/><AGARI ba="0,1" hai="4,11,14,19,20,25,36,40,46,86,89,95,121,123" machi="25" ten="30,7700,0" yaku="1,1,7,1,52,1,53,1" doraHai="2" doraHaiUra="22" who="1" fromWho="2" sc="230,0,75,87,525,-77,160,0" /><INIT seed="5,0,0,1,0,25" ten="230,162,448,160" oya="1" hai0="121,14,49,15,124,93,39,32,76,6,2,63,78" hai1="36,40,10,66,89,50,13,19,134,3,4,94,7" hai2="18,8,116,69,34,0,106,46,59,21,43,1,5" hai3="77,83,17,107,108,82,73,129,98,54,95,99,52"/><U62/><E134/><V91/><F116/><W68/><G108/><T135/><D39/><U38/><E50/><V23/><F69/><W88/><G129/><T45/><D135/><U74/><E74/><V131/><F106/><W35/><G68/><T51/><D2/><U16/><E19/><V84/><F34/><W102/><G35/><T132/><D132/><U85/><E40/><V127/><F1/><W20/><REACH who="3" step="1"/><G82/><REACH who="3" ten="230,162,448,150" step="2"/><T117/><D32/><U118/><E118/><V56/><F131/><W65/><G65/><T75/><D117/><U113/><E113/><V130/><F130/><W109/><G109/><T72/><D121/><U55/><E7/><V119/><F5/><W30/><G30/><T22/><D6/><U111/><E111/><V57/><F119/><W92/><G92/><T86/><D93/><U122/><E122/><V24/><F127/><W100/><G100/><T70/><D70/><U58/><REACH who="1" step="1"/><E66/><REACH who="1" ten="230,152,448,150" step="2"/><V71/><F43/><W110/><G110/><T104/><D124/><U61/><E61/><V12/><F18/><W79/><G79/><T103/><D63/><U33/><E33/><V123/><F123/><W31/><G31/><T27/><D76/><U26/><E26/><AGARI ba="0,2" hai="17,20,26,52,54,73,77,83,88,95,98,99,102,107" machi="26" ten="30,8000,1" yaku="1,1,7,1,54,2,53,1" doraHai="25" doraHaiUra="97" who="3" fromWho="1" sc="230,0,152,-80,448,0,150,100" /><INIT seed="6,0,0,3,2,59" ten="230,72,448,250" oya="2" hai0="38,95,64,29,127,100,32,27,60,43,9,28,57" hai1="115,40,84,80,122,13,96,126,49,88,66,6,131" hai2="76,73,83,71,56,4,23,52,37,17,74,99,1" hai3="104,3,85,34,105,36,113,22,63,98,65,93,135"/><V33/><F71/><W134/><G34/><T11/><D127/><U44/><E115/><V70/><F70/><N who="3" m="42303" /><G36/><T81/><D29/><U39/><E126/><V61/><F33/><W130/><G3/><T109/><D109/><U107/><E122/><V48/><F37/><W120/><G120/><T78/><D43/><U35/><E35/><V18/><F73/><W8/><G8/><T132/><D132/><N who="3" m="50729" /><G130/><T55/><D55/><U110/><E131/><V16/><F99/><W7/><G7/><T106/><D38/><U101/><E110/><V111/><F111/><W116/><G116/><T31/><D31/><U45/><E66/><V118/><F118/><W128/><G128/><T117/><D106/><U124/><E124/><V10/><REACH who="2" step="1"/><F48/><REACH who="2" ten="230,72,438,250" step="2"/><W58/><G98/><N who="0" m="59487" /><D32/><U123/><E123/><V42/><F42/><W24/><G113/><T119/><D117/><U47/><E39/><V125/><F125/><W75/><G75/><T12/><D119/><U121/><E121/><V20/><AGARI ba="0,1" hai="1,4,10,16,17,18,20,23,52,56,61,74,76,83" machi="20" ten="30,12000,1" yaku="1,1,0,1,52,1,54,2,53,0" doraHai="59" doraHaiUra="129" who="2" fromWho="2" sc="230,-40,72,-40,438,130,250,-40" /><INIT seed="6,1,0,3,1,116" ten="190,32,568,210" oya="2" hai0="78,66,19,48,111,121,43,54,120,132,28,123,12" hai1="51,74,88,33,4,35,44,20,108,23,39,57,89" hai2="15,7,118,71,10,61,2,90,1,84,65,126,47" hai3="40,56,53,34,41,46,25,3,24,127,100,133,22"/><V112/><F118/><W64/><G34/><T11/><D111/><U70/><E108/><V5/><F112/><W129/><G64/><T97/><D132/><U77/><E70/><V119/><F119/><W72/><G133/><T29/><D66/><U113/><E113/><V99/><F126/><W45/><G72/><T94/><D78/><U135/><E135/><V55/><F99/><W31/><G3/><T131/><D43/><N who="3" m="16457" /><G127/><T21/><D11/><U59/><E4/><V17/><F5/><W13/><G129/><T110/><D131/><U79/><E51/><N who="2" m="29183" /><F7/><W32/><G32/><T87/><D110/><U115/><E115/><V122/><F122/><W75/><G75/><T85/><D85/><U83/><E74/><V86/><F86/><W37/><G37/><T27/><D27/><U98/><E44/><V14/><F14/><W101/><G13/><T18/><D18/><U42/><E42/><V52/><F52/><W69/><G25/><T62/><D62/><U49/><E49/><V16/><F17/><W50/><G69/><T68/><D68/><U60/><E60/><V102/><F102/><AGARI ba="1,0" hai="22,24,31,45,46,50,53,56,100,101,102" m="16457" machi="102" ten="30,1000,0" yaku="8,1" doraHai="116" who="3" fromWho="2" sc="190,0,32,0,568,-13,210,13" /><INIT seed="7,0,0,3,3,78" ten="190,32,555,223" oya="3" hai0="81,134,132,124,14,47,73,102,9,108,93,56,92" hai1="34,49,88,66,38,94,25,130,43,65,79,62,84" hai2="23,57,24,13,70,7,128,35,26,2,95,119,68" hai3="8,112,39,32,125,15,101,18,114,63,59,52,107"/><W44/><G125/><T61/><D108/><U53/><E130/><V22/><F119/><W110/><G110/><T106/><D106/><U86/><E38/><V12/><F128/><W42/><REACH who="3" step="1"/><G32/><REACH who="3" ten="190,32,555,213" step="2"/><T103/><D124/><U122/><E122/><V17/><F35/><W113/><G113/><T58/><D134/><U10/><E34/><V117/><F117/><W51/><G51/><T120/><D132/><U16/><E43/><V75/><F70/><W115/><G115/><T85/><D120/><U11/><E62/><V60/><F68/><W54/><G54/><T123/><D123/><U74/><E66/><V80/><F60/><W33/><G33/><T19/><D73/><U69/><E65/><V71/><F75/><W97/><AGARI ba="0,1" hai="8,15,18,39,42,44,52,59,63,97,101,107,112,114" machi="97" ten="30,11700,0" yaku="1,1,0,1,54,1,53,1" doraHai="78" doraHaiUra="48" who="3" fromWho="3" sc="190,-39,32,-39,555,-39,213,127" owari="151,-25.0,-7,-51.0,516,62.0,340,14.0" /></mjloggm>